|j|☆IASFAATG
|j|☆Fast blunder
|t:|1758374629
|gametype|singles
|player|p1|IASFAATG|scientist-gen4dp|1219
|player|p2|Fast blunder|silver|1263
|gen|9
|tier|[Gen 9] OU
|rated|
|rule|HP Percentage Mod: HP is shown in percentages
|rule|Endless Battle Clause: Forcing endless battles is banned
|rule|Species Clause: Limit one of each Pokémon
|rule|OHKO Clause: OHKO moves are banned
|rule|Evasion Items Clause: Evasion items are banned
|rule|Evasion Moves Clause: Evasion moves are banned
|rule|Evasion Abilities Clause: Evasion abilities are banned
|rule|Sleep Moves Clause: Sleep-inducing moves are banned
|clearpoke
|poke|p1|Electrode-Hisui|
|poke|p1|Gallade, M|
|poke|p1|Slowking-Galar, M|
|poke|p1|Alomomola, F|
|poke|p1|Great Tusk|
|poke|p1|Landorus-Therian, M|
|poke|p2|Lokix, F|
|poke|p2|Cinderace, M|
|poke|p2|Great Tusk|
|poke|p2|Alomomola, M|
|poke|p2|Enamorus, F|
|poke|p2|Slowking-Galar, F|
|teampreview
|inactive|Battle timer is ON: inactive players will automatically lose when time's up. (requested by Fast blunder)
|
|t:|1758374645
|teamsize|p1|6
|teamsize|p2|6
|start
|switch|p1a: Electrode|Electrode-Hisui, shiny|100/100
|switch|p2a: Slowking|Slowking-Galar, F|100/100
|turn|1
|
|t:|1758374652
|move|p1a: Electrode|Volt Switch|p2a: Slowking
|-damage|p2a: Slowking|69/100
|
|t:|1758374655
|switch|p1a: Gallade|Gallade, M, shiny|100/100|[from] Volt Switch
|move|p2a: Slowking|Sludge Bomb|p1a: Gallade
|-damage|p1a: Gallade|63/100
|
|upkeep
|turn|2
|
|t:|1758374683
|switch|p2a: Great Tusk|Great Tusk|100/100
|move|p1a: Gallade|Knock Off|p2a: Great Tusk
|-resisted|p2a: Great Tusk
|-damage|p2a: Great Tusk|87/100
|-enditem|p2a: Great Tusk|Leftovers|[from] move: Knock Off|[of] p1a: Gallade
|
|upkeep
|turn|3
|
|t:|1758374690
|switch|p1a: Alomomola|Alomomola, F, shiny|100/100
|move|p2a: Great Tusk|Earthquake|p1a: Alomomola
|-damage|p1a: Alomomola|76/100
|
|upkeep
|turn|4
|
|t:|1758374707
|-end|p2a: Great Tusk|Protosynthesis|[silent]
|switch|p2a: Alomomola|Alomomola, M|100/100
|move|p1a: Alomomola|Wish|p1a: Alomomola
|
|upkeep
|turn|5
|
|t:|1758374714
|switch|p1a: Electrode|Electrode-Hisui, shiny|100/100
|move|p2a: Alomomola|Body Slam|p1a: Electrode
|-damage|p1a: Electrode|76/100
|
|-heal|p1a: Electrode|100/100|[from] move: Wish|[wisher] Alomomola
|upkeep
|turn|6
|
|t:|1758374727
|switch|p2a: Slowking|Slowking-Galar, F|100/100
|move|p1a: Electrode|Leaf Storm|p2a: Slowking
|-resisted|p2a: Slowking
|-damage|p2a: Slowking|72/100
|-unboost|p1a: Electrode|spa|2
|
|upkeep
|turn|7
|
|t:|1758374735
|switch|p1a: Slowking|Slowking-Galar, M|100/100
|move|p2a: Slowking|Sludge Bomb|p1a: Slowking
|-resisted|p1a: Slowking
|-damage|p1a: Slowking|90/100
|
|upkeep
|turn|8
|j| Jinghan Yu
|
|t:|1758374753
|move|p2a: Slowking|Future Sight|p1a: Slowking
|-start|p2a: Slowking|move: Future Sight
|-prepare|p1a: Slowking|Chilly Reception|[premajor]
|move|p1a: Slowking|Chilly Reception|p1a: Slowking
|-weather|Snowscape
|l| Jinghan Yu
|
|t:|1758374759
|switch|p1a: Gallade|Gallade, M, shiny|63/100|[from] Chilly Reception
|
|-weather|Snowscape|[upkeep]
|upkeep
|turn|9
|
|t:|1758374768
|switch|p2a: Alomomola|Alomomola, M|100/100
|move|p1a: Gallade|Knock Off|p2a: Alomomola
|-damage|p2a: Alomomola|61/100
|-enditem|p2a: Alomomola|Assault Vest|[from] move: Knock Off|[of] p1a: Gallade
|
|-weather|Snowscape|[upkeep]
|upkeep
|turn|10
|
|t:|1758374779
|switch|p1a: Slowking|Slowking-Galar, M|100/100
|move|p2a: Alomomola|Aqua Jet|p1a: Slowking
|-damage|p1a: Slowking|89/100
|
|-weather|Snowscape|[upkeep]
|-end|p1a: Slowking|move: Future Sight
|-damage|p1a: Slowking|63/100
|upkeep
|turn|11
|
|t:|1758374788
|move|p2a: Alomomola|Flip Turn|p1a: Slowking
|-damage|p1a: Slowking|46/100
|
|t:|1758374794
|switch|p2a: Slowking|Slowking-Galar, F|100/100|[from] Flip Turn
|-prepare|p1a: Slowking|Chilly Reception|[premajor]
|move|p1a: Slowking|Chilly Reception|p1a: Slowking
|
|t:|1758374801
|switch|p1a: Gallade|Gallade, M, shiny|63/100|[from] Chilly Reception
|
|-weather|Snowscape|[upkeep]
|upkeep
|turn|12
|
|t:|1758374812
|move|p1a: Gallade|Psycho Cut|p2a: Slowking
|-damage|p2a: Slowking|40/100
|-prepare|p2a: Slowking|Chilly Reception|[premajor]
|move|p2a: Slowking|Chilly Reception|p2a: Slowking
|j| Jinghan Yu
|
|t:|1758374820
|switch|p2a: Enamorus|Enamorus, F|100/100|[from] Chilly Reception
|
|-weather|none
|upkeep
|turn|13
|l| Jinghan Yu
|
|t:|1758374826
|switch|p1a: Slowking|Slowking-Galar, M|79/100
|move|p2a: Enamorus|Moonblast|p1a: Slowking
|-resisted|p1a: Slowking
|-damage|p1a: Slowking|64/100
|
|upkeep
|turn|14
|
|t:|1758374838
|switch|p2a: Slowking|Slowking-Galar, F|73/100
|-prepare|p1a: Slowking|Chilly Reception|[premajor]
|move|p1a: Slowking|Chilly Reception|p1a: Slowking
|-weather|Snowscape
|
|t:|1758374844
|switch|p1a: Gallade|Gallade, M, shiny|63/100|[from] Chilly Reception
|
|-weather|Snowscape|[upkeep]
|upkeep
|turn|15
|
|t:|1758374853
|switch|p2a: Lokix|Lokix, F|100/100
|move|p1a: Gallade|Knock Off|p2a: Lokix
|-resisted|p2a: Lokix
|-damage|p2a: Lokix|66/100
|-enditem|p2a: Lokix|Choice Band|[from] move: Knock Off|[of] p1a: Gallade
|
|-weather|Snowscape|[upkeep]
|upkeep
|turn|16
|
|t:|1758374862
|switch|p1a: Alomomola|Alomomola, F, shiny|100/100
|move|p2a: Lokix|Knock Off|p1a: Alomomola
|-damage|p1a: Alomomola|77/100
|-enditem|p1a: Alomomola|Heavy-Duty Boots|[from] move: Knock Off|[of] p2a: Lokix
|
|-weather|Snowscape|[upkeep]
|upkeep
|turn|17
|
|t:|1758374871
|move|p2a: Lokix|U-turn|p1a: Alomomola
|-damage|p1a: Alomomola|59/100
|
|t:|1758374879
|switch|p2a: Enamorus|Enamorus, F|100/100|[from] U-turn
|move|p1a: Alomomola|Flip Turn|p2a: Enamorus
|-damage|p2a: Enamorus|73/100
|
|t:|1758374885
|switch|p1a: Slowking|Slowking-Galar, M|97/100|[from] Flip Turn
|
|-weather|Snowscape|[upkeep]
|upkeep
|turn|18
|
|t:|1758374891
|move|p2a: Enamorus|Moonblast|p1a: Slowking
|-resisted|p1a: Slowking
|-damage|p1a: Slowking|81/100
|move|p1a: Slowking|Toxic|p2a: Enamorus
|-status|p2a: Enamorus|tox
|
|-weather|none
|-damage|p2a: Enamorus|67/100 tox|[from] psn
|upkeep
|turn|19
|-message|Fast blunder forfeited.
|
|win|IASFAATG
|raw|IASFAATG's rating: 1219 &rarr; <strong>1247</strong><br />(+28 for winning)
|raw|Fast blunder's rating: 1263 &rarr; <strong>1235</strong><br />(-28 for losing)
|l|☆Fast blunder
|player|p2|
