|j|☆33 toes
|j|‽mysticryn
|t:|1758345538
|gametype|singles
|player|p1|33 toes|medium|1389
|player|p2|mysticryn|2|1569
|gen|9
|tier|[Gen 9] OU
|rated|
|rule|HP Percentage Mod: HP is shown in percentages
|rule|Endless Battle Clause: Forcing endless battles is banned
|rule|Species Clause: Limit one of each Pokémon
|rule|OHKO Clause: OHKO moves are banned
|rule|Evasion Items Clause: Evasion items are banned
|rule|Evasion Moves Clause: Evasion moves are banned
|rule|Evasion Abilities Clause: Evasion abilities are banned
|rule|Sleep Moves Clause: Sleep-inducing moves are banned
|clearpoke
|poke|p1|Dragapult, F|
|poke|p1|Ting-Lu|
|poke|p1|Zapdos-Galar|
|poke|p1|Hatterene, F|
|poke|p1|Garganacl, F|
|poke|p1|Raging Bolt|
|poke|p2|Enamorus, F|
|poke|p2|Great Tusk|
|poke|p2|Iron Crown|
|poke|p2|Lokix, M|
|poke|p2|Alomomola, M|
|poke|p2|Pecharunt|
|teampreview
|
|t:|1758345545
|teamsize|p1|6
|teamsize|p2|6
|start
|switch|p1a: Garganacl|Garganacl, F, shiny|100/100
|switch|p2a: Enamorus|Enamorus, F, shiny|100/100
|turn|1
|
|t:|1758345551
|switch|p2a: Great Tusk|Great Tusk, shiny|100/100
|move|p1a: Garganacl|Salt Cure|p2a: Great Tusk
|-resisted|p2a: Great Tusk
|-damage|p2a: Great Tusk|98/100
|-start|p2a: Great Tusk|Salt Cure
|
|-damage|p2a: Great Tusk|85/100|[from] Salt Cure
|upkeep
|turn|2
|
|t:|1758345564
|switch|p1a: Hatterene|Hatterene, F, shiny|100/100
|move|p2a: Great Tusk|Headlong Rush|p1a: Hatterene
|-damage|p1a: Hatterene|47/100
|-unboost|p2a: Great Tusk|def|1
|-unboost|p2a: Great Tusk|spd|1
|
|-heal|p1a: Hatterene|53/100|[from] item: Leftovers
|-damage|p2a: Great Tusk|73/100|[from] Salt Cure
|upkeep
|turn|3
|
|t:|1758345571
|move|p2a: Great Tusk|Headlong Rush|p1a: Hatterene
|-damage|p1a: Hatterene|0 fnt
|-unboost|p2a: Great Tusk|def|1
|-unboost|p2a: Great Tusk|spd|1
|faint|p1a: Hatterene
|
|-damage|p2a: Great Tusk|61/100|[from] Salt Cure
|upkeep
|
|t:|1758345588
|switch|p1a: Dragapult|Dragapult, F, shiny|100/100
|turn|4
|
|t:|1758345601
|-end|p2a: Great Tusk|Protosynthesis|[silent]
|switch|p2a: Alomomola|Alomomola, M, shiny|100/100
|move|p1a: Dragapult|U-turn|p2a: Alomomola
|-damage|p2a: Alomomola|77/100
|
|t:|1758345606
|switch|p1a: Raging Bolt|Raging Bolt|100/100|[from] U-turn
|
|upkeep
|turn|5
|
|t:|1758345618
|-terastallize|p2a: Alomomola|Fairy
|move|p1a: Raging Bolt|Dragon Pulse|p2a: Alomomola
|-immune|p2a: Alomomola
|move|p2a: Alomomola|Mirror Coat||[still]
|-fail|p2a: Alomomola
|
|upkeep
|turn|6
|
|t:|1758345633
|-end|p1a: Raging Bolt|Protosynthesis|[silent]
|switch|p1a: Ting-Lu|Ting-Lu, shiny|100/100
|-ability|p1a: Ting-Lu|Vessel of Ruin
|move|p2a: Alomomola|Flip Turn|p1a: Ting-Lu
|-supereffective|p1a: Ting-Lu
|-damage|p1a: Ting-Lu|83/100
|
|t:|1758345636
|switch|p2a: Lokix|Lokix, M, shiny|100/100|[from] Flip Turn
|
|-heal|p1a: Ting-Lu|89/100|[from] item: Leftovers
|upkeep
|turn|7
|inactive|Battle timer is ON: inactive players will automatically lose when time's up. (requested by mysticryn)
|
|t:|1758345649
|switch|p1a: Zapdos|Zapdos-Galar, shiny|100/100
|move|p2a: Lokix|U-turn|p1a: Zapdos
|-resisted|p1a: Zapdos
|-damage|p1a: Zapdos|71/100
|
|t:|1758345670
|switch|p2a: Enamorus|Enamorus, F, shiny|100/100|[from] U-turn
|
|upkeep
|turn|8
|
|t:|1758345676
|move|p2a: Enamorus|Moonblast|p1a: Zapdos
|-supereffective|p1a: Zapdos
|-damage|p1a: Zapdos|0 fnt
|faint|p1a: Zapdos
|
|upkeep
|
|t:|1758345684
|switch|p1a: Garganacl|Garganacl, F, shiny|100/100
|turn|9
|
|t:|1758345697
|switch|p2a: Great Tusk|Great Tusk, shiny|61/100
|move|p1a: Garganacl|Salt Cure|p2a: Great Tusk
|-resisted|p2a: Great Tusk
|-damage|p2a: Great Tusk|58/100
|-start|p2a: Great Tusk|Salt Cure
|
|-damage|p2a: Great Tusk|46/100|[from] Salt Cure
|upkeep
|turn|10
|
|t:|1758345705
|move|p2a: Great Tusk|Stealth Rock|p1a: Garganacl
|-sidestart|p1: 33 toes|move: Stealth Rock
|move|p1a: Garganacl|Stealth Rock|p2a: Great Tusk
|-sidestart|p2: mysticryn|move: Stealth Rock
|
|-damage|p2a: Great Tusk|33/100|[from] Salt Cure
|upkeep
|turn|11
|
|t:|1758345708
|move|p1a: Garganacl|Protect|p1a: Garganacl
|-singleturn|p1a: Garganacl|Protect
|move|p2a: Great Tusk|Ice Spinner|p1a: Garganacl
|-activate|p1a: Garganacl|move: Protect
|
|-damage|p2a: Great Tusk|21/100|[from] Salt Cure
|upkeep
|turn|12
|
|t:|1758345717
|move|p2a: Great Tusk|Rapid Spin|p1a: Garganacl
|-resisted|p1a: Garganacl
|-damage|p1a: Garganacl|95/100
|-boost|p2a: Great Tusk|spe|1
|-sideend|p2: mysticryn|Stealth Rock|[from] move: Rapid Spin|[of] p2a: Great Tusk
|move|p1a: Garganacl|Recover|p1a: Garganacl
|-heal|p1a: Garganacl|100/100
|
|-damage|p2a: Great Tusk|9/100|[from] Salt Cure
|upkeep
|turn|13
|
|t:|1758345726
|move|p2a: Great Tusk|Headlong Rush|p1a: Garganacl
|-supereffective|p1a: Garganacl
|-damage|p1a: Garganacl|18/100
|-unboost|p2a: Great Tusk|def|1
|-unboost|p2a: Great Tusk|spd|1
|move|p1a: Garganacl|Stealth Rock|p2a: Great Tusk
|-sidestart|p2: mysticryn|move: Stealth Rock
|
|-heal|p1a: Garganacl|25/100|[from] item: Leftovers
|-damage|p2a: Great Tusk|0 fnt|[from] Salt Cure
|faint|p2a: Great Tusk
|-end|p2a: Great Tusk|Protosynthesis|[silent]
|upkeep
|
|t:|1758345730
|switch|p2a: Iron Crown|Iron Crown|100/100
|-damage|p2a: Iron Crown|94/100|[from] Stealth Rock
|turn|14
|
|t:|1758345734
|switch|p1a: Ting-Lu|Ting-Lu, shiny|89/100
|-damage|p1a: Ting-Lu|83/100|[from] Stealth Rock
|-ability|p1a: Ting-Lu|Vessel of Ruin
|move|p2a: Iron Crown|Tachyon Cutter|p1a: Ting-Lu
|-damage|p1a: Ting-Lu|66/100
|-damage|p1a: Ting-Lu|50/100
|-hitcount|p1a: Ting-Lu|2
|
|-heal|p1a: Ting-Lu|56/100|[from] item: Leftovers
|upkeep
|turn|15
|
|t:|1758345740
|move|p2a: Iron Crown|Tachyon Cutter|p1a: Ting-Lu
|-damage|p1a: Ting-Lu|40/100
|-damage|p1a: Ting-Lu|24/100
|-hitcount|p1a: Ting-Lu|2
|move|p1a: Ting-Lu|Earthquake|p2a: Iron Crown
|-supereffective|p2a: Iron Crown
|-damage|p2a: Iron Crown|19/100
|
|-heal|p1a: Ting-Lu|30/100|[from] item: Leftovers
|upkeep
|turn|16
|
|t:|1758345749
|move|p2a: Iron Crown|Tachyon Cutter|p1a: Ting-Lu
|-damage|p1a: Ting-Lu|13/100
|-damage|p1a: Ting-Lu|0 fnt
|faint|p1a: Ting-Lu
|-hitcount|p1: Ting-Lu|2
|
|upkeep
|
|t:|1758345752
|switch|p1a: Dragapult|Dragapult, F, shiny|100/100
|-damage|p1a: Dragapult|88/100|[from] Stealth Rock
|turn|17
|
|t:|1758345759
|move|p1a: Dragapult|U-turn|p2a: Iron Crown
|-damage|p2a: Iron Crown|0 fnt
|faint|p2a: Iron Crown
|-end|p2a: Iron Crown|Quark Drive|[silent]
|
|t:|1758345761
|switch|p1a: Garganacl|Garganacl, F, shiny|25/100|[from] U-turn
|-damage|p1a: Garganacl|12/100|[from] Stealth Rock
|
|-heal|p1a: Garganacl|18/100|[from] item: Leftovers
|upkeep
|
|t:|1758345766
|switch|p2a: Enamorus|Enamorus, F, shiny|100/100
|-damage|p2a: Enamorus|76/100|[from] Stealth Rock
|turn|18
|
|t:|1758345773
|move|p1a: Garganacl|Protect|p1a: Garganacl
|-singleturn|p1a: Garganacl|Protect
|move|p2a: Enamorus|Moonblast|p1a: Garganacl
|-activate|p1a: Garganacl|move: Protect
|
|-heal|p1a: Garganacl|25/100|[from] item: Leftovers
|upkeep
|turn|19
|
|t:|1758345780
|move|p2a: Enamorus|Moonblast|p1a: Garganacl
|-damage|p1a: Garganacl|0 fnt
|faint|p1a: Garganacl
|
|upkeep
|
|t:|1758345782
|switch|p1a: Raging Bolt|Raging Bolt|100/100
|turn|20
|
|t:|1758345793
|move|p1a: Raging Bolt|Thunderclap|p2a: Enamorus
|-supereffective|p2a: Enamorus
|-crit|p2a: Enamorus
|-damage|p2a: Enamorus|0 fnt
|faint|p2a: Enamorus
|
|upkeep
|
|t:|1758345797
|switch|p2a: Alomomola|Alomomola, M, shiny, tera:Fairy|100/100
|-damage|p2a: Alomomola|88/100|[from] Stealth Rock
|turn|21
|
|t:|1758345801
|move|p1a: Raging Bolt|Thunderbolt|p2a: Alomomola
|-damage|p2a: Alomomola|61/100
|move|p2a: Alomomola|Flip Turn|p1a: Raging Bolt
|-resisted|p1a: Raging Bolt
|-crit|p1a: Raging Bolt
|-damage|p1a: Raging Bolt|90/100
|
|t:|1758345808
|switch|p2a: Pecharunt|Pecharunt|100/100|[from] Flip Turn
|
|upkeep
|turn|22
|
|t:|1758345812
|move|p1a: Raging Bolt|Thunderbolt|p2a: Pecharunt
|-damage|p2a: Pecharunt|46/100
|move|p2a: Pecharunt|Malignant Chain|p1a: Raging Bolt
|-damage|p1a: Raging Bolt|61/100
|
|upkeep
|turn|23
|
|t:|1758345819
|switch|p2a: Alomomola|Alomomola, M, shiny, tera:Fairy|94/100
|-damage|p2a: Alomomola|82/100|[from] Stealth Rock
|move|p1a: Raging Bolt|Thunderbolt|p2a: Alomomola
|-damage|p2a: Alomomola|53/100
|
|upkeep
|turn|24
|
|t:|1758345826
|move|p1a: Raging Bolt|Thunderbolt|p2a: Alomomola
|-damage|p2a: Alomomola|25/100
|move|p2a: Alomomola|Mirror Coat|p1a: Raging Bolt
|-damage|p1a: Raging Bolt|0 fnt
|faint|p1a: Raging Bolt
|-end|p1a: Raging Bolt|Protosynthesis|[silent]
|
|upkeep
|
|t:|1758345830
|switch|p1a: Dragapult|Dragapult, F, shiny|88/100
|-damage|p1a: Dragapult|76/100|[from] Stealth Rock
|turn|25
|
|t:|1758345852
|-terastallize|p1a: Dragapult|Ghost
|move|p1a: Dragapult|Tera Blast|p2a: Alomomola|[anim] Tera Blast Ghost
|-damage|p2a: Alomomola|0 fnt
|faint|p2a: Alomomola
|
|upkeep
|
|t:|1758345859
|switch|p2a: Pecharunt|Pecharunt|46/100
|turn|26
|
|t:|1758345863
|move|p1a: Dragapult|Tera Blast|p2a: Pecharunt|[anim] Tera Blast Ghost
|-supereffective|p2a: Pecharunt
|-damage|p2a: Pecharunt|0 fnt
|faint|p2a: Pecharunt
|
|upkeep
|
|t:|1758345865
|switch|p2a: Lokix|Lokix, M, shiny|100/100
|-damage|p2a: Lokix|76/100|[from] Stealth Rock
|turn|27
|
|t:|1758345874
|move|p1a: Dragapult|Tera Blast|p2a: Lokix|[anim] Tera Blast Ghost
|-resisted|p2a: Lokix
|-damage|p2a: Lokix|19/100
|move|p2a: Lokix|Knock Off|p1a: Dragapult
|-supereffective|p1a: Dragapult
|-damage|p1a: Dragapult|0 fnt
|-enditem|p1a: Dragapult|Choice Band|[from] move: Knock Off|[of] p2a: Lokix
|faint|p1a: Dragapult
|
|win|mysticryn
|raw|33 toes's rating: 1389 &rarr; <strong>1379</strong><br />(-10 for losing)
|raw|mysticryn's rating: 1569 &rarr; <strong>1579</strong><br />(+10 for winning)
|l|☆33 toes
|player|p1|
|l|‽mysticryn
|player|p2|
