|j|☆Argentide
|j|☆LaFlareDaGOD
|t:|1758370306
|gametype|singles
|player|p1|Argentide|selene-masters|1475
|player|p2|LaFlareDaGOD|iris-gen5bw2|1488
|gen|9
|tier|[Gen 9] OU
|rated|
|rule|HP Percentage Mod: HP is shown in percentages
|rule|Endless Battle Clause: Forcing endless battles is banned
|rule|Species Clause: Limit one of each Pokémon
|rule|OHKO Clause: OHKO moves are banned
|rule|Evasion Items Clause: Evasion items are banned
|rule|Evasion Moves Clause: Evasion moves are banned
|rule|Evasion Abilities Clause: Evasion abilities are banned
|rule|Sleep Moves Clause: Sleep-inducing moves are banned
|clearpoke
|poke|p1|Gliscor, F|
|poke|p1|Blissey, F|
|poke|p1|Mandibuzz, F|
|poke|p1|Skarmory, M|
|poke|p1|Ditto|
|poke|p1|Salazzle, F|
|poke|p2|Kyurem|
|poke|p2|Landorus-Therian, M|
|poke|p2|Kingambit, M|
|poke|p2|Zamazenta-*|
|poke|p2|Great Tusk|
|poke|p2|Zapdos|
|teampreview
|inactive|Battle timer is ON: inactive players will automatically lose when time's up. (requested by LaFlareDaGOD)
|
|t:|1758370336
|teamsize|p1|6
|teamsize|p2|6
|start
|switch|p1a: Salazzle|Salazzle, F|100/100
|switch|p2a: Landorus|Landorus-Therian, M|100/100
|-ability|p2a: Landorus|Intimidate|boost
|-unboost|p1a: Salazzle|atk|1
|turn|1
|
|t:|1758370362
|move|p1a: Salazzle|Substitute|p1a: Salazzle
|-start|p1a: Salazzle|Substitute
|-damage|p1a: Salazzle|76/100
|move|p2a: Landorus|Stealth Rock|p1a: Salazzle
|-sidestart|p1: Argentide|move: Stealth Rock
|
|-heal|p1a: Salazzle|82/100|[from] item: Leftovers
|upkeep
|turn|2
|inactive|LaFlareDaGOD has 120 seconds left.
|
|t:|1758370377
|move|p1a: Salazzle|Protect|p1a: Salazzle
|-singleturn|p1a: Salazzle|Protect
|move|p2a: Landorus|Earth Power|p1a: Salazzle
|-activate|p1a: Salazzle|move: Protect
|
|-heal|p1a: Salazzle|88/100|[from] item: Leftovers
|upkeep
|turn|3
|
|t:|1758370387
|-terastallize|p1a: Salazzle|Flying
|move|p1a: Salazzle|Toxic|p2a: Landorus
|-status|p2a: Landorus|tox
|move|p2a: Landorus|Earth Power|p1a: Salazzle
|-immune|p1a: Salazzle
|
|-heal|p1a: Salazzle|94/100|[from] item: Leftovers
|-damage|p2a: Landorus|94/100 tox|[from] psn
|upkeep
|turn|4
|
|t:|1758370400
|move|p1a: Salazzle|Protect|p1a: Salazzle
|-singleturn|p1a: Salazzle|Protect
|move|p2a: Landorus|Taunt|p1a: Salazzle
|-activate|p1a: Salazzle|move: Protect
|
|-heal|p1a: Salazzle|100/100|[from] item: Leftovers
|-damage|p2a: Landorus|82/100 tox|[from] psn
|upkeep
|turn|5
|
|t:|1758370409
|move|p1a: Salazzle|Flamethrower|p2a: Landorus
|-damage|p2a: Landorus|42/100 tox
|move|p2a: Landorus|Taunt|p1a: Salazzle
|-start|p1a: Salazzle|move: Taunt
|
|-damage|p2a: Landorus|24/100 tox|[from] psn
|upkeep
|turn|6
|
|t:|1758370419
|move|p1a: Salazzle|Flamethrower|p2a: Landorus
|-damage|p2a: Landorus|0 fnt
|faint|p2a: Landorus
|
|upkeep
|
|t:|1758370425
|switch|p2a: Zapdos|Zapdos, shiny|100/100
|turn|7
|
|t:|1758370432
|move|p1a: Salazzle|Flamethrower|p2a: Zapdos
|-damage|p2a: Zapdos|70/100
|move|p2a: Zapdos|Volt Switch|p1a: Salazzle
|-supereffective|p1a: Salazzle
|-end|p1a: Salazzle|Substitute
|
|t:|1758370441
|switch|p2a: Kyurem|Kyurem, shiny|100/100|[from] Volt Switch
|-ability|p2a: Kyurem|Pressure
|
|upkeep
|turn|8
|
|t:|1758370454
|switch|p1a: Blissey|Blissey, F|100/100
|-damage|p1a: Blissey|88/100|[from] Stealth Rock
|move|p2a: Kyurem|Ice Beam|p1a: Blissey
|-damage|p1a: Blissey|69/100
|
|-heal|p1a: Blissey|75/100|[from] item: Leftovers
|upkeep
|turn|9
|inactive|LaFlareDaGOD has 120 seconds left.
|inactive|LaFlareDaGOD has 90 seconds left.
|
|t:|1758370520
|switch|p2a: Great Tusk|Great Tusk|100/100
|move|p1a: Blissey|Stealth Rock|p2a: Great Tusk
|-sidestart|p2: LaFlareDaGOD|move: Stealth Rock
|
|-heal|p1a: Blissey|81/100|[from] item: Leftovers
|upkeep
|turn|10
|inactive|LaFlareDaGOD has 90 seconds left.
|inactive|Argentide has 120 seconds left.
|
|t:|1758370570
|switch|p1a: Skarmory|Skarmory, M|100/100
|-damage|p1a: Skarmory|88/100|[from] Stealth Rock
|move|p2a: Great Tusk|Knock Off|p1a: Skarmory
|-damage|p1a: Skarmory|67/100
|-damage|p2a: Great Tusk|84/100|[from] item: Rocky Helmet|[of] p1a: Skarmory
|-enditem|p1a: Skarmory|Rocky Helmet|[from] move: Knock Off|[of] p2a: Great Tusk
|
|upkeep
|turn|11
|
|t:|1758370598
|-end|p2a: Great Tusk|Protosynthesis|[silent]
|switch|p2a: Zapdos|Zapdos, shiny|70/100
|-damage|p2a: Zapdos|45/100|[from] Stealth Rock
|move|p1a: Skarmory|Roost|p1a: Skarmory
|-heal|p1a: Skarmory|100/100
|-singleturn|p1a: Skarmory|move: Roost
|
|upkeep
|turn|12
|inactive|Argentide has 90 seconds left.
|
|t:|1758370652
|switch|p1a: Blissey|Blissey, F|81/100
|-damage|p1a: Blissey|68/100|[from] Stealth Rock
|move|p2a: Zapdos|Hurricane|p1a: Blissey
|-damage|p1a: Blissey|47/100
|
|-heal|p1a: Blissey|53/100|[from] item: Leftovers
|upkeep
|turn|13
|inactive|LaFlareDaGOD has 60 seconds left.
|
|t:|1758370676
|switch|p2a: Kingambit|Kingambit, M|100/100
|-damage|p2a: Kingambit|94/100|[from] Stealth Rock
|-activate|p2a: Kingambit|ability: Supreme Overlord
|-start|p2a: Kingambit|fallen1|[silent]
|move|p1a: Blissey|Soft-Boiled|p1a: Blissey
|-heal|p1a: Blissey|100/100
|
|-heal|p2a: Kingambit|100/100|[from] item: Leftovers
|upkeep
|turn|14
|inactive|LaFlareDaGOD has 60 seconds left.
|
|t:|1758370697
|switch|p1a: Skarmory|Skarmory, M|100/100
|-damage|p1a: Skarmory|88/100|[from] Stealth Rock
|move|p2a: Kingambit|Swords Dance|p2a: Kingambit
|-boost|p2a: Kingambit|atk|2
|
|upkeep
|turn|15
|inactive|LaFlareDaGOD has 60 seconds left.
|
|t:|1758370712
|move|p2a: Kingambit|Kowtow Cleave|p1a: Skarmory
|-damage|p1a: Skarmory|23/100
|move|p1a: Skarmory|Whirlwind|p2a: Kingambit
|-end|p2a: Kingambit|fallen1|[silent]
|drag|p2a: Kyurem|Kyurem, shiny|100/100
|-damage|p2a: Kyurem|76/100|[from] Stealth Rock
|-ability|p2a: Kyurem|Pressure
|
|upkeep
|turn|16
|
|t:|1758370723
|switch|p1a: Blissey|Blissey, F|100/100
|-damage|p1a: Blissey|88/100|[from] Stealth Rock
|move|p2a: Kyurem|Ice Beam|p1a: Blissey
|-damage|p1a: Blissey|71/100
|
|-heal|p1a: Blissey|77/100|[from] item: Leftovers
|upkeep
|turn|17
|
|t:|1758370732
|move|p2a: Kyurem|Focus Blast|p1a: Blissey|[miss]
|-miss|p2a: Kyurem|p1a: Blissey
|move|p1a: Blissey|Seismic Toss|p2a: Kyurem
|-damage|p2a: Kyurem|52/100
|
|-heal|p1a: Blissey|84/100|[from] item: Leftovers
|upkeep
|turn|18
|inactive|LaFlareDaGOD has 60 seconds left.
|
|t:|1758370742
|move|p2a: Kyurem|Focus Blast|p1a: Blissey
|-supereffective|p1a: Blissey
|-damage|p1a: Blissey|53/100
|move|p1a: Blissey|Seismic Toss|p2a: Kyurem
|-damage|p2a: Kyurem|29/100
|
|-heal|p1a: Blissey|59/100|[from] item: Leftovers
|upkeep
|turn|19
|inactive|LaFlareDaGOD has 60 seconds left.
|inactive|Argentide has 90 seconds left.
|inactive|Argentide has 60 seconds left.
|
|t:|1758370802
|switch|p2a: Kingambit|Kingambit, M|100/100
|-damage|p2a: Kingambit|94/100|[from] Stealth Rock
|-activate|p2a: Kingambit|ability: Supreme Overlord
|-start|p2a: Kingambit|fallen1|[silent]
|move|p1a: Blissey|Soft-Boiled|p1a: Blissey
|-heal|p1a: Blissey|100/100
|
|-heal|p2a: Kingambit|100/100|[from] item: Leftovers
|upkeep
|turn|20
|inactive|LaFlareDaGOD has 60 seconds left.
|
|t:|1758370813
|switch|p1a: Salazzle|Salazzle, F, tera:Flying|100/100
|-damage|p1a: Salazzle|76/100|[from] Stealth Rock
|move|p2a: Kingambit|Swords Dance|p2a: Kingambit
|-boost|p2a: Kingambit|atk|2
|
|-heal|p1a: Salazzle|82/100|[from] item: Leftovers
|upkeep
|turn|21
|inactive|LaFlareDaGOD has 60 seconds left.
|
|t:|1758370826
|-terastallize|p2a: Kingambit|Fire
|move|p1a: Salazzle|Substitute|p1a: Salazzle
|-start|p1a: Salazzle|Substitute
|-damage|p1a: Salazzle|57/100
|move|p2a: Kingambit|Kowtow Cleave|p1a: Salazzle
|-end|p1a: Salazzle|Substitute
|
|-heal|p1a: Salazzle|63/100|[from] item: Leftovers
|upkeep
|turn|22
|inactive|Argentide has 60 seconds left.
|inactive|LaFlareDaGOD has 60 seconds left.
|
|t:|1758370837
|move|p1a: Salazzle|Toxic|p2a: Kingambit
|-status|p2a: Kingambit|tox
|move|p2a: Kingambit|Kowtow Cleave|p1a: Salazzle
|-damage|p1a: Salazzle|0 fnt
|faint|p1a: Salazzle
|
|-damage|p2a: Kingambit|94/100 tox|[from] psn
|upkeep
|inactive|Argentide has 60 seconds left.
|
|t:|1758370846
|switch|p1a: Ditto|Ditto|100/100
|-damage|p1a: Ditto|88/100|[from] Stealth Rock
|-transform|p1a: Ditto|p2a: Kingambit|[from] ability: Imposter
|-activate|p1a: Ditto|ability: Supreme Overlord
|-start|p1a: Ditto|fallen1|[silent]
|-start|p1a: Ditto|typechange|Dark/Steel|[silent]
|turn|23
|inactive|LaFlareDaGOD has 60 seconds left.
|
|t:|1758370865
|move|p1a: Ditto|Kowtow Cleave|p2a: Kingambit
|-damage|p2a: Kingambit|3/100 tox
|move|p2a: Kingambit|Kowtow Cleave|p1a: Ditto
|-resisted|p1a: Ditto
|-damage|p1a: Ditto|36/100
|
|-heal|p2a: Kingambit|9/100 tox|[from] item: Leftovers
|-damage|p2a: Kingambit|0 fnt|[from] psn
|faint|p2a: Kingambit
|-end|p2a: Kingambit|fallen1|[silent]
|upkeep
|inactive|LaFlareDaGOD has 60 seconds left.
|
|t:|1758370889
|switch|p2a: Great Tusk|Great Tusk|84/100
|turn|24
|inactive|Argentide has 60 seconds left.
|inactive|LaFlareDaGOD has 30 seconds left.
|inactive|LaFlareDaGOD has 20 seconds left.
|inactive|LaFlareDaGOD has 15 seconds left.
|inactive|LaFlareDaGOD has 10 seconds left.
|
|t:|1758370938
|-end|p1a: Ditto|fallen1|[silent]
|switch|p1a: Skarmory|Skarmory, M|23/100
|-damage|p1a: Skarmory|11/100|[from] Stealth Rock
|move|p2a: Great Tusk|Headlong Rush|p1a: Skarmory
|-immune|p1a: Skarmory
|
|upkeep
|turn|25
|inactive|LaFlareDaGOD has 20 seconds left this turn.
|inactive|Argentide has 60 seconds left.
|inactive|LaFlareDaGOD has 15 seconds left.
|
|t:|1758370956
|move|p2a: Great Tusk|Ice Spinner|p1a: Skarmory
|-damage|p1a: Skarmory|0 fnt
|faint|p1a: Skarmory
|
|upkeep
|
|t:|1758370963
|switch|p1a: Mandibuzz|Mandibuzz, F|100/100
|turn|26
|inactive|LaFlareDaGOD has 30 seconds left this turn.
|inactive|LaFlareDaGOD has 20 seconds left.
|inactive|LaFlareDaGOD has 15 seconds left.
|inactive|LaFlareDaGOD has 10 seconds left.
|inactive|LaFlareDaGOD has 5 seconds left.
|
|t:|1758370991
|move|p2a: Great Tusk|Ice Spinner|p1a: Mandibuzz
|-supereffective|p1a: Mandibuzz
|-damage|p1a: Mandibuzz|68/100
|move|p1a: Mandibuzz|Toxic|p2a: Great Tusk
|-status|p2a: Great Tusk|tox
|
|-damage|p2a: Great Tusk|78/100 tox|[from] psn
|upkeep
|turn|27
|inactive|LaFlareDaGOD has 15 seconds left this turn.
|inactive|LaFlareDaGOD has 10 seconds left.
|
|t:|1758371001
|move|p2a: Great Tusk|Ice Spinner|p1a: Mandibuzz
|-supereffective|p1a: Mandibuzz
|-damage|p1a: Mandibuzz|38/100
|move|p1a: Mandibuzz|Roost|p1a: Mandibuzz
|-heal|p1a: Mandibuzz|88/100
|-singleturn|p1a: Mandibuzz|move: Roost
|
|-damage|p2a: Great Tusk|65/100 tox|[from] psn
|upkeep
|turn|28
|inactive|LaFlareDaGOD has 20 seconds left this turn.
|inactive|LaFlareDaGOD has 15 seconds left.
|inactive|LaFlareDaGOD has 10 seconds left.
|
|t:|1758371014
|-end|p2a: Great Tusk|Protosynthesis|[silent]
|switch|p2a: Zapdos|Zapdos, shiny|45/100
|-damage|p2a: Zapdos|20/100|[from] Stealth Rock
|move|p1a: Mandibuzz|Roost|p1a: Mandibuzz
|-heal|p1a: Mandibuzz|100/100
|-singleturn|p1a: Mandibuzz|move: Roost
|
|upkeep
|turn|29
|inactive|LaFlareDaGOD has 20 seconds left this turn.
|inactive|LaFlareDaGOD has 15 seconds left.
|
|t:|1758371023
|move|p2a: Zapdos|Hurricane|p1a: Mandibuzz
|-damage|p1a: Mandibuzz|52/100
|-start|p1a: Mandibuzz|confusion
|-activate|p1a: Mandibuzz|confusion
|move|p1a: Mandibuzz|Toxic|p2a: Zapdos
|-status|p2a: Zapdos|tox
|
|-damage|p2a: Zapdos|14/100 tox|[from] psn
|upkeep
|turn|30
|inactive|LaFlareDaGOD has 25 seconds left this turn.
|inactive|LaFlareDaGOD has 20 seconds left.
|inactive|LaFlareDaGOD has 15 seconds left.
|
|t:|1758371034
|switch|p1a: Blissey|Blissey, F|100/100
|-damage|p1a: Blissey|88/100|[from] Stealth Rock
|move|p2a: Zapdos|Hurricane|p1a: Blissey|[miss]
|-miss|p2a: Zapdos|p1a: Blissey
|
|-heal|p1a: Blissey|94/100|[from] item: Leftovers
|-damage|p2a: Zapdos|2/100 tox|[from] psn
|upkeep
|turn|31
|inactive|LaFlareDaGOD has 25 seconds left this turn.
|inactive|LaFlareDaGOD has 20 seconds left.
|inactive|LaFlareDaGOD has 15 seconds left.
|
|t:|1758371058
|move|p2a: Zapdos|Hurricane|p1a: Blissey
|-damage|p1a: Blissey|72/100
|-start|p1a: Blissey|confusion
|-activate|p1a: Blissey|confusion
|move|p1a: Blissey|Seismic Toss|p2a: Zapdos
|-damage|p2a: Zapdos|0 fnt
|faint|p2a: Zapdos
|
|-heal|p1a: Blissey|78/100|[from] item: Leftovers
|upkeep
|inactive|LaFlareDaGOD has 20 seconds left this turn.
|inactive|LaFlareDaGOD has 15 seconds left.
|inactive|LaFlareDaGOD has 10 seconds left.
|inactive|LaFlareDaGOD has 5 seconds left.
|
|t:|1758371074
|switch|p2a: Zamazenta|Zamazenta|100/100
|-damage|p2a: Zamazenta|94/100|[from] Stealth Rock
|-ability|p2a: Zamazenta|Dauntless Shield|boost
|-boost|p2a: Zamazenta|def|1
|turn|32
|inactive|LaFlareDaGOD has 15 seconds left this turn.
|inactive|LaFlareDaGOD has 10 seconds left.
|inactive|LaFlareDaGOD has 5 seconds left.
|
|t:|1758371095
|switch|p1a: Gliscor|Gliscor, F|100/100
|-damage|p1a: Gliscor|88/100|[from] Stealth Rock
|move|p2a: Zamazenta|Stone Edge|p1a: Gliscor
|-damage|p1a: Gliscor|50/100
|-damage|p2a: Zamazenta|84/100|[from] item: Life Orb
|
|-status|p1a: Gliscor|tox|[from] item: Toxic Orb
|upkeep
|turn|33
|inactive|LaFlareDaGOD has 15 seconds left this turn.
|inactive|LaFlareDaGOD has 10 seconds left.
|inactive|LaFlareDaGOD has 5 seconds left.
|inactive|Argentide has 60 seconds left.
|
|t:|1758371125
|move|p2a: Zamazenta|Ice Fang|p1a: Gliscor
|-supereffective|p1a: Gliscor
|-damage|p1a: Gliscor|0 fnt
|faint|p1a: Gliscor
|-damage|p2a: Zamazenta|75/100|[from] item: Life Orb
|
|upkeep
|
|t:|1758371131
|switch|p1a: Mandibuzz|Mandibuzz, F|52/100
|turn|34
|inactive|LaFlareDaGOD has 20 seconds left this turn.
|inactive|LaFlareDaGOD has 15 seconds left.
|
|t:|1758371140
|move|p2a: Zamazenta|Stone Edge|p1a: Mandibuzz
|-supereffective|p1a: Mandibuzz
|-damage|p1a: Mandibuzz|0 fnt
|faint|p1a: Mandibuzz
|-damage|p2a: Zamazenta|65/100|[from] item: Life Orb
|
|upkeep
|inactive|Argentide has 30 seconds left.
|l|☆LaFlareDaGOD
|inactive|LaFlareDaGOD disconnected and has a minute to reconnect!
|player|p2|
|
|t:|1758371177
|switch|p1a: Ditto|Ditto|36/100
|-damage|p1a: Ditto|24/100|[from] Stealth Rock
|-transform|p1a: Ditto|p2a: Zamazenta|[from] ability: Imposter
|-ability|p1a: Ditto|Dauntless Shield|boost
|-boost|p1a: Ditto|def|1
|turn|35
|inactive|LaFlareDaGOD has 30 seconds left this turn.
|j|☆LaFlareDaGOD
|inactive|LaFlareDaGOD reconnected and has 30 seconds left.
|player|p2|LaFlareDaGOD|iris-gen5bw2|
|inactive|Argentide has 30 seconds left.
|
|t:|1758371186
|move|p1a: Ditto|Close Combat|p2a: Zamazenta
|-damage|p2a: Zamazenta|22/100
|-unboost|p1a: Ditto|def|1
|-unboost|p1a: Ditto|spd|1
|move|p2a: Zamazenta|Close Combat|p1a: Ditto
|-damage|p1a: Ditto|0 fnt
|-unboost|p2a: Zamazenta|def|1
|-unboost|p2a: Zamazenta|spd|1
|faint|p1a: Ditto
|-damage|p2a: Zamazenta|12/100|[from] item: Life Orb
|
|upkeep
|
|t:|1758371190
|switch|p1a: Blissey|Blissey, F|78/100
|-damage|p1a: Blissey|66/100|[from] Stealth Rock
|turn|36
|inactive|LaFlareDaGOD has 30 seconds left.
|
|t:|1758371203
|move|p1a: Blissey|Protect|p1a: Blissey
|-singleturn|p1a: Blissey|Protect
|move|p2a: Zamazenta|Crunch|p1a: Blissey
|-activate|p1a: Blissey|move: Protect
|
|-heal|p1a: Blissey|72/100|[from] item: Leftovers
|upkeep
|turn|37
|inactive|Argentide has 30 seconds left.
|inactive|Argentide has 20 seconds left.
|inactive|Argentide has 15 seconds left.
|inactive|Argentide has 10 seconds left.
|inactive|Argentide has 5 seconds left.
|-message|Argentide lost due to inactivity.
|
|win|LaFlareDaGOD
|raw|Argentide's rating: 1475 &rarr; <strong>1456</strong><br />(-19 for losing)
|raw|LaFlareDaGOD's rating: 1488 &rarr; <strong>1507</strong><br />(+19 for winning)
|l|☆LaFlareDaGOD
|player|p2|
|l|☆Argentide
|player|p1|
