|j|☆CallMeBlaze
|j|‽trak2
|t:|1758346708
|gametype|singles
|player|p1|CallMeBlaze|2|1124
|player|p2|trak2|unknown|1120
|gen|9
|tier|[Gen 9] OU
|rated|
|rule|HP Percentage Mod: HP is shown in percentages
|rule|Endless Battle Clause: Forcing endless battles is banned
|rule|Species Clause: Limit one of each Pokémon
|rule|OHKO Clause: OHKO moves are banned
|rule|Evasion Items Clause: Evasion items are banned
|rule|Evasion Moves Clause: Evasion moves are banned
|rule|Evasion Abilities Clause: Evasion abilities are banned
|rule|Sleep Moves Clause: Sleep-inducing moves are banned
|clearpoke
|poke|p1|Deoxys-Defense|
|poke|p1|Zapdos|
|poke|p1|Dragapult, M|
|poke|p1|Weezing-Galar, F|
|poke|p1|Landorus-Therian, M|
|poke|p1|Corviknight, M|
|poke|p2|Dragonite, M|
|poke|p2|Grimmsnarl, M|
|poke|p2|Enamorus, F|
|poke|p2|Great Tusk|
|poke|p2|Scizor, F|
|poke|p2|Raging Bolt|
|teampreview
|inactive|Battle timer is ON: inactive players will automatically lose when time's up. (requested by trak2)
|
|t:|1758346720
|teamsize|p1|6
|teamsize|p2|6
|start
|switch|p1a: Deoxys|Deoxys-Defense, shiny|100/100
|switch|p2a: Great Tusk|Great Tusk|100/100
|-ability|p1a: Deoxys|Pressure
|-enditem|p2a: Great Tusk|Booster Energy
|-activate|p2a: Great Tusk|ability: Protosynthesis|[fromitem]
|-start|p2a: Great Tusk|protosynthesisspe
|turn|1
|
|t:|1758346728
|move|p2a: Great Tusk|Stealth Rock|p1a: Deoxys
|-sidestart|p1: CallMeBlaze|move: Stealth Rock
|move|p1a: Deoxys|Spikes|p2a: Great Tusk
|-sidestart|p2: trak2|Spikes
|
|upkeep
|turn|2
|
|t:|1758346732
|move|p2a: Great Tusk|Rapid Spin|p1a: Deoxys
|-damage|p1a: Deoxys|92/100
|-boost|p2a: Great Tusk|spe|1
|-sideend|p2: trak2|Spikes|[from] move: Rapid Spin|[of] p2a: Great Tusk
|move|p1a: Deoxys|Stealth Rock|p2a: Great Tusk
|-sidestart|p2: trak2|move: Stealth Rock
|
|-heal|p1a: Deoxys|98/100|[from] item: Leftovers
|upkeep
|turn|3
|
|t:|1758346737
|move|p2a: Great Tusk|Rapid Spin|p1a: Deoxys
|-damage|p1a: Deoxys|87/100
|-boost|p2a: Great Tusk|spe|1
|-sideend|p2: trak2|Stealth Rock|[from] move: Rapid Spin|[of] p2a: Great Tusk
|move|p1a: Deoxys|Spikes|p2a: Great Tusk
|-sidestart|p2: trak2|Spikes
|
|-heal|p1a: Deoxys|94/100|[from] item: Leftovers
|upkeep
|turn|4
|
|t:|1758346743
|move|p2a: Great Tusk|Rapid Spin|p1a: Deoxys
|-damage|p1a: Deoxys|83/100
|-boost|p2a: Great Tusk|spe|1
|-sideend|p2: trak2|Spikes|[from] move: Rapid Spin|[of] p2a: Great Tusk
|move|p1a: Deoxys|Cosmic Power|p1a: Deoxys
|-boost|p1a: Deoxys|def|1
|-boost|p1a: Deoxys|spd|1
|
|-heal|p1a: Deoxys|90/100|[from] item: Leftovers
|upkeep
|turn|5
|-message|trak2 forfeited.
|
|win|CallMeBlaze
|raw|CallMeBlaze's rating: 1124 &rarr; <strong>1149</strong><br />(+25 for winning)
|raw|trak2's rating: 1120 &rarr; <strong>1095</strong><br />(-25 for losing)
|l|‽trak2
|player|p2|
|l|☆CallMeBlaze
|player|p1|
