|j|☆Ctannn
|j|☆Auburn Hills
|t:|1758285014
|gametype|singles
|player|p1|Ctannn|266|1774
|player|p2|Auburn Hills|alder|1737
|gen|9
|tier|[Gen 9] OU
|rated|
|rule|HP Percentage Mod: HP is shown in percentages
|rule|Endless Battle Clause: Forcing endless battles is banned
|rule|Species Clause: Limit one of each Pokémon
|rule|OHKO Clause: OHKO moves are banned
|rule|Evasion Items Clause: Evasion items are banned
|rule|Evasion Moves Clause: Evasion moves are banned
|rule|Evasion Abilities Clause: Evasion abilities are banned
|rule|Sleep Moves Clause: Sleep-inducing moves are banned
|clearpoke
|poke|p1|Rillaboom, M|
|poke|p1|Gholdengo|
|poke|p1|Cinderace, F|
|poke|p1|Raging Bolt|
|poke|p1|Slowking-Galar, F|
|poke|p1|Landorus-Therian, M|
|poke|p2|Iron Moth|
|poke|p2|Umbreon, F|
|poke|p2|Garchomp, F|
|poke|p2|Glimmora, M|
|poke|p2|Gholdengo|
|poke|p2|Dragonite, M|
|teampreview
|inactive|Battle timer is ON: inactive players will automatically lose when time's up. (requested by Ctannn)
|j| Pokejay03
|
|t:|1758285027
|teamsize|p1|6
|teamsize|p2|6
|start
|switch|p1a: Slowking|Slowking-Galar, F|100/100
|switch|p2a: Rat Tally|Garchomp, F|100/100
|turn|1
|
|t:|1758285044
|-terastallize|p2a: Rat Tally|Electric
|move|p2a: Rat Tally|Swords Dance|p2a: Rat Tally
|-boost|p2a: Rat Tally|atk|2
|move|p1a: Slowking|Ice Beam|p2a: Rat Tally
|-damage|p2a: Rat Tally|74/100
|
|upkeep
|turn|2
|j| qiji1
|
|t:|1758285053
|-terastallize|p1a: Slowking|Fairy
|move|p2a: Rat Tally|Scale Shot|p1a: Slowking
|-immune|p1a: Slowking
|-prepare|p1a: Slowking|Chilly Reception|[premajor]
|move|p1a: Slowking|Chilly Reception|p1a: Slowking
|-weather|Snowscape
|
|t:|1758285060
|switch|p1a: Landorus|Landorus-Therian, M|100/100|[from] Chilly Reception
|-ability|p1a: Landorus|Intimidate|boost
|-unboost|p2a: Rat Tally|atk|1
|
|-weather|Snowscape|[upkeep]
|upkeep
|turn|3
|
|t:|1758285063
|switch|p2a: Elucid|Dragonite, M|100/100
|move|p1a: Landorus|Earthquake|p2a: Elucid
|-immune|p2a: Elucid
|
|-weather|Snowscape|[upkeep]
|upkeep
|turn|4
|
|t:|1758285066
|move|p2a: Elucid|Ice Spinner|p1a: Landorus
|-supereffective|p1a: Landorus
|-damage|p1a: Landorus|18/100
|-damage|p2a: Elucid|84/100|[from] item: Rocky Helmet|[of] p1a: Landorus
|move|p1a: Landorus|Weather Ball|p2a: Elucid
|-supereffective|p2a: Elucid
|-damage|p2a: Elucid|0 fnt
|faint|p2a: Elucid
|
|-weather|Snowscape|[upkeep]
|upkeep
|
|t:|1758285072
|switch|p2a: Smino|Gholdengo|100/100
|turn|5
|
|t:|1758285081
|move|p2a: Smino|Shadow Ball|p1a: Landorus
|-damage|p1a: Landorus|0 fnt
|faint|p1a: Landorus
|
|-weather|Snowscape|[upkeep]
|upkeep
|
|t:|1758285084
|switch|p1a: Raging Bolt|Raging Bolt|100/100
|turn|6
|
|t:|1758285087
|switch|p2a: Julia Jacklin|Glimmora, M|100/100
|move|p1a: Raging Bolt|Thunderbolt|p2a: Julia Jacklin
|-damage|p2a: Julia Jacklin|3/100
|
|-weather|none
|upkeep
|turn|7
|
|t:|1758285096
|-end|p1a: Raging Bolt|Protosynthesis|[silent]
|switch|p1a: Gholdengo|Gholdengo|100/100
|move|p2a: Julia Jacklin|Mortal Spin|p1a: Gholdengo
|-immune|p1a: Gholdengo
|
|upkeep
|turn|8
|
|t:|1758285102
|switch|p2a: Alvvays|Umbreon, F|100/100
|move|p1a: Gholdengo|Shadow Ball|p2a: Alvvays
|-resisted|p2a: Alvvays
|-damage|p2a: Alvvays|90/100
|
|-heal|p2a: Alvvays|96/100|[from] item: Leftovers
|upkeep
|turn|9
|l| qiji1
|
|t:|1758285107
|switch|p1a: Slowking|Slowking-Galar, F, tera:Fairy|100/100
|move|p2a: Alvvays|Foul Play|p1a: Slowking
|-resisted|p1a: Slowking
|-damage|p1a: Slowking|93/100
|-damage|p2a: Alvvays|80/100|[from] item: Rocky Helmet|[of] p1a: Slowking
|
|-heal|p2a: Alvvays|86/100|[from] item: Leftovers
|upkeep
|turn|10
|
|t:|1758285115
|switch|p2a: Smino|Gholdengo|100/100
|move|p1a: Slowking|Future Sight|p2a: Smino
|-start|p1a: Slowking|move: Future Sight
|
|upkeep
|turn|11
|
|t:|1758285122
|switch|p1a: Raging Bolt|Raging Bolt|100/100
|move|p2a: Smino|Shadow Ball|p1a: Raging Bolt
|-damage|p1a: Raging Bolt|58/100
|
|upkeep
|turn|12
|
|t:|1758285128
|move|p2a: Smino|Shadow Ball|p1a: Raging Bolt
|-damage|p1a: Raging Bolt|14/100
|move|p1a: Raging Bolt|Thunderbolt|p2a: Smino
|-damage|p2a: Smino|14/100
|-status|p2a: Smino|par
|
|-end|p2a: Smino|move: Future Sight
|-resisted|p2a: Smino
|-damage|p2a: Smino|0 fnt
|faint|p2a: Smino
|upkeep
|
|t:|1758285134
|switch|p2a: Rat Tally|Garchomp, F, tera:Electric|74/100
|turn|13
|j| wgw2333
|
|t:|1758285138
|-end|p1a: Raging Bolt|Protosynthesis|[silent]
|switch|p1a: Rillaboom|Rillaboom, M|100/100
|-fieldstart|move: Grassy Terrain|[from] ability: Grassy Surge|[of] p1a: Rillaboom
|move|p2a: Rat Tally|Earthquake|p1a: Rillaboom
|-resisted|p1a: Rillaboom
|-damage|p1a: Rillaboom|86/100
|
|-heal|p2a: Rat Tally|80/100|[from] Grassy Terrain
|-heal|p1a: Rillaboom|92/100|[from] Grassy Terrain
|upkeep
|turn|14
|
|t:|1758285144
|switch|p1a: Slowking|Slowking-Galar, F, tera:Fairy|100/100
|move|p2a: Rat Tally|Scale Shot|p1a: Slowking
|-immune|p1a: Slowking
|
|-heal|p2a: Rat Tally|87/100|[from] Grassy Terrain
|upkeep
|turn|15
|
|t:|1758285147
|move|p2a: Rat Tally|Swords Dance|p2a: Rat Tally
|-boost|p2a: Rat Tally|atk|2
|move|p1a: Slowking|Future Sight|p2a: Rat Tally
|-start|p1a: Slowking|move: Future Sight
|
|-heal|p2a: Rat Tally|93/100|[from] Grassy Terrain
|upkeep
|turn|16
|
|t:|1758285152
|move|p2a: Rat Tally|Tera Blast|p1a: Slowking|[anim] Tera Blast Electric
|-damage|p1a: Slowking|42/100
|move|p1a: Slowking|Psychic|p2a: Rat Tally
|-damage|p2a: Rat Tally|55/100
|
|-heal|p2a: Rat Tally|61/100|[from] Grassy Terrain
|-heal|p1a: Slowking|48/100|[from] Grassy Terrain
|upkeep
|turn|17
|j| Swagboss123456789
|
|t:|1758285157
|switch|p1a: Raging Bolt|Raging Bolt|14/100
|move|p2a: Rat Tally|Tera Blast|p1a: Raging Bolt|[anim] Tera Blast Electric
|-resisted|p1a: Raging Bolt
|-damage|p1a: Raging Bolt|0 fnt
|faint|p1a: Raging Bolt
|-end|p1a: Raging Bolt|Protosynthesis|[silent]
|
|-end|p2a: Rat Tally|move: Future Sight
|-damage|p2a: Rat Tally|8/100
|-heal|p2a: Rat Tally|14/100|[from] Grassy Terrain
|-fieldend|move: Grassy Terrain
|upkeep
|
|t:|1758285171
|switch|p1a: Gholdengo|Gholdengo|100/100
|turn|18
|
|t:|1758285175
|move|p1a: Gholdengo|Shadow Ball|p2a: Rat Tally
|-damage|p2a: Rat Tally|0 fnt
|faint|p2a: Rat Tally
|
|upkeep
|
|t:|1758285181
|switch|p2a: Alvvays|Umbreon, F|86/100
|turn|19
|
|t:|1758285186
|switch|p1a: Slowking|Slowking-Galar, F, tera:Fairy|81/100
|move|p2a: Alvvays|Thunder Wave|p1a: Slowking
|-status|p1a: Slowking|par
|
|-heal|p2a: Alvvays|92/100|[from] item: Leftovers
|upkeep
|turn|20
|
|t:|1758285191
|move|p2a: Alvvays|Wish|p2a: Alvvays
|cant|p1a: Slowking|par
|
|-heal|p2a: Alvvays|98/100|[from] item: Leftovers
|upkeep
|turn|21
|
|t:|1758285196
|move|p2a: Alvvays|Foul Play|p1a: Slowking
|-resisted|p1a: Slowking
|-damage|p1a: Slowking|73/100 par
|-damage|p2a: Alvvays|81/100|[from] item: Rocky Helmet|[of] p1a: Slowking
|move|p1a: Slowking|Psychic|p2a: Alvvays
|-immune|p2a: Alvvays
|
|-heal|p2a: Alvvays|100/100|[from] move: Wish|[wisher] Alvvays
|upkeep
|turn|22
|
|t:|1758285198
|move|p2a: Alvvays|Wish|p2a: Alvvays
|move|p1a: Slowking|Future Sight|p2a: Alvvays
|-start|p1a: Slowking|move: Future Sight
|
|upkeep
|turn|23
|
|t:|1758285202
|switch|p2a: Julia Jacklin|Glimmora, M|3/100
|move|p1a: Slowking|Psychic|p2a: Julia Jacklin
|-supereffective|p2a: Julia Jacklin
|-damage|p2a: Julia Jacklin|0 fnt
|faint|p2a: Julia Jacklin
|
|upkeep
|
|t:|1758285205
|switch|p2a: Alvvays|Umbreon, F|100/100
|turn|24
|
|t:|1758285209
|move|p2a: Alvvays|Foul Play|p1a: Slowking
|-resisted|p1a: Slowking
|-damage|p1a: Slowking|66/100 par
|-damage|p2a: Alvvays|84/100|[from] item: Rocky Helmet|[of] p1a: Slowking
|move|p1a: Slowking|Ice Beam|p2a: Alvvays
|-damage|p2a: Alvvays|73/100
|
|-end|p2a: Alvvays|move: Future Sight
|-immune|p2a: Alvvays
|-heal|p2a: Alvvays|79/100|[from] item: Leftovers
|upkeep
|turn|25
|
|t:|1758285212
|move|p2a: Alvvays|Foul Play|p1a: Slowking
|-resisted|p1a: Slowking
|-damage|p1a: Slowking|59/100 par
|-damage|p2a: Alvvays|63/100|[from] item: Rocky Helmet|[of] p1a: Slowking
|move|p1a: Slowking|Future Sight|p2a: Alvvays
|-start|p1a: Slowking|move: Future Sight
|
|-heal|p2a: Alvvays|69/100|[from] item: Leftovers
|upkeep
|turn|26
|
|t:|1758285218
|move|p2a: Alvvays|Foul Play|p1a: Slowking
|-resisted|p1a: Slowking
|-damage|p1a: Slowking|52/100 par
|-damage|p2a: Alvvays|52/100|[from] item: Rocky Helmet|[of] p1a: Slowking
|-prepare|p1a: Slowking|Chilly Reception|[premajor]
|move|p1a: Slowking|Chilly Reception|p1a: Slowking
|-weather|Snowscape
|
|t:|1758285228
|switch|p1a: Cinderace|Cinderace, F|100/100|[from] Chilly Reception
|
|-weather|Snowscape|[upkeep]
|-heal|p2a: Alvvays|58/100|[from] item: Leftovers
|upkeep
|turn|27
|
|t:|1758285231
|move|p2a: Alvvays|Protect|p2a: Alvvays
|-singleturn|p2a: Alvvays|Protect
|move|p1a: Cinderace|Pyro Ball|p2a: Alvvays
|-activate|p2a: Alvvays|move: Protect
|
|-weather|Snowscape|[upkeep]
|-end|p2a: Alvvays|move: Future Sight
|-immune|p2a: Alvvays
|-heal|p2a: Alvvays|64/100|[from] item: Leftovers
|upkeep
|turn|28
|l| Pokejay03
|
|t:|1758285233
|move|p1a: Cinderace|U-turn|p2a: Alvvays
|-start|p1a: Cinderace|typechange|Bug|[from] ability: Libero
|-supereffective|p2a: Alvvays
|-damage|p2a: Alvvays|11/100
|
|t:|1758285243
|switch|p1a: Slowking|Slowking-Galar, F, tera:Fairy|85/100 par|[from] U-turn
|move|p2a: Alvvays|Wish|p2a: Alvvays
|
|-weather|Snowscape|[upkeep]
|-heal|p2a: Alvvays|17/100|[from] item: Leftovers
|upkeep
|turn|29
|
|t:|1758285252
|move|p2a: Alvvays|Foul Play|p1a: Slowking
|-resisted|p1a: Slowking
|-damage|p1a: Slowking|78/100 par
|-damage|p2a: Alvvays|0 fnt|[from] item: Rocky Helmet|[of] p1a: Slowking
|faint|p2a: Alvvays
|cant|p1a: Slowking|par
|
|-weather|Snowscape|[upkeep]
|upkeep
|
|t:|1758285257
|switch|p2a: Carly Rae|Iron Moth|100/100
|-enditem|p2a: Carly Rae|Booster Energy
|-activate|p2a: Carly Rae|ability: Quark Drive|[fromitem]
|-start|p2a: Carly Rae|quarkdrivespe
|turn|30
|
|t:|1758285260
|move|p2a: Carly Rae|Fiery Dance|p1a: Slowking
|-damage|p1a: Slowking|45/100 par
|move|p1a: Slowking|Psychic|p2a: Carly Rae
|-supereffective|p2a: Carly Rae
|-damage|p2a: Carly Rae|35/100
|
|-weather|none
|upkeep
|turn|31
|
|t:|1758285271
|move|p2a: Carly Rae|Fiery Dance|p1a: Slowking
|-damage|p1a: Slowking|12/100 par
|move|p1a: Slowking|Psychic|p2a: Carly Rae
|-supereffective|p2a: Carly Rae
|-damage|p2a: Carly Rae|0 fnt
|faint|p2a: Carly Rae
|-end|p2a: Carly Rae|Quark Drive|[silent]
|
|win|Ctannn
|raw|Ctannn's rating: 1774 &rarr; <strong>1792</strong><br />(+18 for winning)
|raw|Auburn Hills's rating: 1737 &rarr; <strong>1719</strong><br />(-18 for losing)
|l| Swagboss123456789
|l|☆Auburn Hills
|player|p2|
|l|☆Ctannn
|player|p1|
|j| Pokejay03
