|j|☆beentheredonepat
|j|☆Zavanna
|t:|1758233537
|gametype|singles
|player|p1|beentheredonepat|ethan|1096
|player|p2|Zavanna|169|1124
|gen|9
|tier|[Gen 9] OU
|rated|
|rule|HP Percentage Mod: HP is shown in percentages
|rule|Endless Battle Clause: Forcing endless battles is banned
|rule|Species Clause: Limit one of each Pokémon
|rule|OHKO Clause: OHKO moves are banned
|rule|Evasion Items Clause: Evasion items are banned
|rule|Evasion Moves Clause: Evasion moves are banned
|rule|Evasion Abilities Clause: Evasion abilities are banned
|rule|Sleep Moves Clause: Sleep-inducing moves are banned
|clearpoke
|poke|p1|Typhlosion, M|
|poke|p1|Ninetales, M|
|poke|p1|Shiftry, M|
|poke|p1|Ursaluna, F|
|poke|p1|Torkoal, F|
|poke|p1|Hatterene, F|
|poke|p2|Vaporeon, F|
|poke|p2|Incineroar, F|
|poke|p2|Rillaboom, F|
|poke|p2|Landorus-Therian, M|
|poke|p2|Iron Crown|
|poke|p2|Weezing-Galar, F|
|teampreview
|
|t:|1758233547
|teamsize|p1|6
|teamsize|p2|6
|start
|switch|p1a: Tollomot|Ninetales, M|100/100
|switch|p2a: Landorus|Landorus-Therian, M|100/100
|-ability|p2a: Landorus|Intimidate|boost
|-unboost|p1a: Tollomot|atk|1
|-weather|SunnyDay|[from] ability: Drought|[of] p1a: Tollomot
|turn|1
|inactive|Battle timer is ON: inactive players will automatically lose when time's up. (requested by Zavanna)
|
|t:|1758233564
|switch|p1a: Nymph|Hatterene, F|100/100
|move|p2a: Landorus|Earth Power|p1a: Nymph
|-damage|p1a: Nymph|64/100
|
|-weather|SunnyDay|[upkeep]
|upkeep
|turn|2
|
|t:|1758233572
|move|p2a: Landorus|U-turn|p1a: Nymph
|-damage|p1a: Nymph|45/100
|
|t:|1758233581
|switch|p2a: Weezing|Weezing-Galar, F|100/100|[from] U-turn
|-ability|p2a: Weezing|Neutralizing Gas
|move|p1a: Nymph|Trick|p2a: Weezing
|-activate|p1a: Nymph|move: Trick|[of] p2a: Weezing
|-item|p2a: Weezing|Choice Scarf|[from] move: Trick
|-item|p1a: Nymph|Heavy-Duty Boots|[from] move: Trick
|
|-weather|SunnyDay|[upkeep]
|upkeep
|turn|3
|
|t:|1758233594
|move|p2a: Weezing|Will-O-Wisp|p1a: Nymph|[miss]
|-miss|p2a: Weezing|p1a: Nymph
|move|p1a: Nymph|Trick Room|p1a: Nymph
|-fieldstart|move: Trick Room|[of] p1a: Nymph
|
|-weather|SunnyDay|[upkeep]
|upkeep
|turn|4
|
|t:|1758233604
|-end|p2a: Weezing|ability: Neutralizing Gas
|switch|p2a: Vaporeon|Vaporeon, F|100/100
|move|p1a: Nymph|Healing Wish|p1a: Nymph
|faint|p1a: Nymph
|
|-weather|SunnyDay|[upkeep]
|upkeep
|
|t:|1758233613
|switch|p1a: Mama Bear|Ursaluna, F|100/100
|turn|5
|
|t:|1758233628
|move|p1a: Mama Bear|Drain Punch|p2a: Vaporeon
|-damage|p2a: Vaporeon|74/100
|move|p2a: Vaporeon|Scald|p1a: Mama Bear
|-supereffective|p1a: Mama Bear
|-damage|p1a: Mama Bear|73/100
|
|-weather|SunnyDay|[upkeep]
|-status|p1a: Mama Bear|brn|[from] item: Flame Orb
|upkeep
|turn|6
|inactive|Zavanna has 120 seconds left.
|
|t:|1758233662
|switch|p2a: Weezing|Weezing-Galar, F|100/100
|-ability|p2a: Weezing|Neutralizing Gas
|move|p1a: Mama Bear|Facade|p2a: Weezing
|-damage|p2a: Weezing|45/100
|
|-weather|SunnyDay|[upkeep]
|-damage|p1a: Mama Bear|67/100 brn|[from] brn
|upkeep
|turn|7
|inactive|Zavanna has 120 seconds left.
|
|t:|1758233695
|-end|p2a: Weezing|ability: Neutralizing Gas
|switch|p2a: Rillaboom|Rillaboom, F|100/100
|-fieldstart|move: Grassy Terrain|[from] ability: Grassy Surge|[of] p2a: Rillaboom
|move|p1a: Mama Bear|Facade|p2a: Rillaboom
|-damage|p2a: Rillaboom|0 fnt
|faint|p2a: Rillaboom
|
|-weather|SunnyDay|[upkeep]
|-heal|p1a: Mama Bear|73/100 brn|[from] Grassy Terrain
|-damage|p1a: Mama Bear|67/100 brn|[from] brn
|-fieldend|move: Trick Room
|upkeep
|inactive|Zavanna has 90 seconds left.
|
|t:|1758233714
|switch|p2a: Incineroar|Incineroar, F|100/100
|-ability|p2a: Incineroar|Intimidate|boost
|-unboost|p1a: Mama Bear|atk|1
|turn|8
|
|t:|1758233718
|move|p2a: Incineroar|Bulk Up|p2a: Incineroar
|-boost|p2a: Incineroar|atk|1
|-boost|p2a: Incineroar|def|1
|move|p1a: Mama Bear|Headlong Rush|p2a: Incineroar
|-supereffective|p2a: Incineroar
|-damage|p2a: Incineroar|13/100
|-unboost|p1a: Mama Bear|def|1
|-unboost|p1a: Mama Bear|spd|1
|-enditem|p2a: Incineroar|Weakness Policy
|-boost|p2a: Incineroar|atk|2|[from] item: Weakness Policy
|-boost|p2a: Incineroar|spa|2|[from] item: Weakness Policy
|
|-weather|none
|-heal|p2a: Incineroar|19/100|[from] Grassy Terrain
|-heal|p1a: Mama Bear|73/100 brn|[from] Grassy Terrain
|-damage|p1a: Mama Bear|67/100 brn|[from] brn
|upkeep
|turn|9
|inactive|Zavanna has 90 seconds left.
|
|t:|1758233739
|-terastallize|p2a: Incineroar|Flying
|move|p2a: Incineroar|Bulk Up|p2a: Incineroar
|-boost|p2a: Incineroar|atk|1
|-boost|p2a: Incineroar|def|1
|move|p1a: Mama Bear|Drain Punch|p2a: Incineroar
|-resisted|p2a: Incineroar
|-damage|p2a: Incineroar|11/100
|-heal|p1a: Mama Bear|71/100 brn|[from] drain|[of] p2a: Incineroar
|
|-heal|p1a: Mama Bear|77/100 brn|[from] Grassy Terrain
|-damage|p1a: Mama Bear|71/100 brn|[from] brn
|upkeep
|turn|10
|inactive|Zavanna has 90 seconds left.
|
|t:|1758233751
|move|p2a: Incineroar|Power Trip|p1a: Mama Bear
|-damage|p1a: Mama Bear|0 fnt
|faint|p1a: Mama Bear
|
|upkeep
|
|t:|1758233758
|switch|p1a: Tollomot|Ninetales, M|100/100
|-weather|SunnyDay|[from] ability: Drought|[of] p1a: Tollomot
|turn|11
|inactive|Zavanna has 90 seconds left.
|
|t:|1758233783
|move|p2a: Incineroar|Power Trip|p1a: Tollomot
|-damage|p1a: Tollomot|0 fnt
|faint|p1a: Tollomot
|
|-weather|SunnyDay|[upkeep]
|-fieldend|move: Grassy Terrain
|upkeep
|
|t:|1758233787
|switch|p1a: Charlie|Typhlosion, M|100/100
|turn|12
|inactive|Zavanna has 90 seconds left.
|
|t:|1758233802
|-terastallize|p1a: Charlie|Fire
|move|p1a: Charlie|Eruption|p2a: Incineroar
|-damage|p2a: Incineroar|0 fnt
|faint|p2a: Incineroar
|
|-weather|SunnyDay|[upkeep]
|upkeep
|
|t:|1758233808
|switch|p2a: Vaporeon|Vaporeon, F|74/100
|turn|13
|
|t:|1758233813
|switch|p1a: Shinobi|Shiftry, M|100/100
|move|p2a: Vaporeon|Scald|p1a: Shinobi
|-resisted|p1a: Shinobi
|-crit|p1a: Shinobi
|-damage|p1a: Shinobi|79/100
|
|-weather|SunnyDay|[upkeep]
|upkeep
|turn|14
|
|t:|1758233824
|switch|p2a: Weezing|Weezing-Galar, F|45/100
|-ability|p2a: Weezing|Neutralizing Gas
|move|p1a: Shinobi|Solar Blade||[still]
|-prepare|p1a: Shinobi|Solar Blade
|-anim|p1a: Shinobi|Solar Blade|p2a: Weezing
|-resisted|p2a: Weezing
|-damage|p2a: Weezing|18/100
|-damage|p1a: Shinobi|69/100|[from] item: Life Orb
|
|-weather|SunnyDay|[upkeep]
|upkeep
|turn|15
|
|t:|1758233835
|move|p1a: Shinobi|Solar Blade||[still]
|-prepare|p1a: Shinobi|Solar Blade
|-anim|p1a: Shinobi|Solar Blade|p2a: Weezing
|-resisted|p2a: Weezing
|-damage|p2a: Weezing|0 fnt
|faint|p2a: Weezing
|-end|p2a: Weezing|ability: Neutralizing Gas
|-damage|p1a: Shinobi|60/100|[from] item: Life Orb
|
|-weather|SunnyDay|[upkeep]
|upkeep
|
|t:|1758233842
|switch|p2a: Landorus|Landorus-Therian, M|100/100
|-ability|p2a: Landorus|Intimidate|boost
|-unboost|p1a: Shinobi|atk|1
|turn|16
|
|t:|1758233853
|move|p1a: Shinobi|Lash Out|p2a: Landorus
|-damage|p2a: Landorus|68/100
|-damage|p1a: Shinobi|43/100|[from] item: Rocky Helmet|[of] p2a: Landorus
|-damage|p1a: Shinobi|33/100|[from] item: Life Orb
|move|p2a: Landorus|U-turn|p1a: Shinobi
|-supereffective|p1a: Shinobi
|-damage|p1a: Shinobi|0 fnt
|faint|p1a: Shinobi
|
|t:|1758233868
|switch|p2a: Vaporeon|Vaporeon, F|74/100|[from] U-turn
|
|-weather|SunnyDay|[upkeep]
|upkeep
|
|t:|1758233871
|switch|p1a: Charlie|Typhlosion, M, tera:Fire|100/100
|turn|17
|
|t:|1758233875
|move|p1a: Charlie|Solar Beam||[still]
|-prepare|p1a: Charlie|Solar Beam
|-anim|p1a: Charlie|Solar Beam|p2a: Vaporeon
|-supereffective|p2a: Vaporeon
|-damage|p2a: Vaporeon|4/100
|move|p2a: Vaporeon|Scald|p1a: Charlie
|-supereffective|p1a: Charlie
|-damage|p1a: Charlie|49/100
|
|-weather|SunnyDay|[upkeep]
|upkeep
|turn|18
|
|t:|1758233885
|switch|p2a: Iron Crown|Iron Crown|100/100
|move|p1a: Charlie|Solar Beam||[still]
|-prepare|p1a: Charlie|Solar Beam
|-anim|p1a: Charlie|Solar Beam|p2a: Iron Crown
|-resisted|p2a: Iron Crown
|-damage|p2a: Iron Crown|87/100
|
|-weather|none
|upkeep
|turn|19
|
|t:|1758233894
|switch|p1a: Sol|Torkoal, F|100/100
|-weather|SunnyDay|[from] ability: Drought|[of] p1a: Sol
|move|p2a: Iron Crown|Future Sight|p1a: Sol
|-start|p2a: Iron Crown|move: Future Sight
|
|-weather|SunnyDay|[upkeep]
|upkeep
|turn|20
|inactive|Zavanna has 120 seconds left.
|
|t:|1758233932
|move|p2a: Iron Crown|Tachyon Cutter|p1a: Sol
|-resisted|p1a: Sol
|-damage|p1a: Sol|88/100
|-resisted|p1a: Sol
|-damage|p1a: Sol|75/100
|-hitcount|p1a: Sol|2
|move|p1a: Sol|Stealth Rock|p2a: Iron Crown
|-sidestart|p2: Zavanna|move: Stealth Rock
|
|-weather|SunnyDay|[upkeep]
|upkeep
|turn|21
|
|t:|1758233949
|move|p2a: Iron Crown|Tera Blast|p1a: Sol
|-damage|p1a: Sol|47/100
|move|p1a: Sol|Body Press|p2a: Iron Crown
|-damage|p2a: Iron Crown|56/100
|
|-weather|SunnyDay|[upkeep]
|-end|p1a: Sol|move: Future Sight
|-damage|p1a: Sol|0 fnt
|faint|p1a: Sol
|upkeep
|
|t:|1758233956
|switch|p1a: Charlie|Typhlosion, M, tera:Fire|49/100
|-heal|p1a: Charlie|100/100|[from] move: Healing Wish
|turn|22
|
|t:|1758233971
|move|p1a: Charlie|Eruption|p2a: Iron Crown
|-supereffective|p2a: Iron Crown
|-damage|p2a: Iron Crown|0 fnt
|faint|p2a: Iron Crown
|-end|p2a: Iron Crown|Quark Drive|[silent]
|
|-weather|SunnyDay|[upkeep]
|upkeep
|
|t:|1758233974
|switch|p2a: Landorus|Landorus-Therian, M|68/100
|-damage|p2a: Landorus|55/100|[from] Stealth Rock
|-ability|p2a: Landorus|Intimidate|boost
|-unboost|p1a: Charlie|atk|1
|turn|23
|
|t:|1758233980
|move|p1a: Charlie|Eruption|p2a: Landorus
|-damage|p2a: Landorus|0 fnt
|faint|p2a: Landorus
|
|-weather|SunnyDay|[upkeep]
|upkeep
|
|t:|1758233983
|switch|p2a: Vaporeon|Vaporeon, F|4/100
|-damage|p2a: Vaporeon|0 fnt|[from] Stealth Rock
|faint|p2a: Vaporeon
|
|win|beentheredonepat
|raw|beentheredonepat's rating: 1096 &rarr; <strong>1124</strong><br />(+28 for winning)
|raw|Zavanna's rating: 1124 &rarr; <strong>1097</strong><br />(-27 for losing)
|l|☆Zavanna
|player|p2|
