|j|☆nicolandria12
|j|☆Aimsss
|t:|1758343491
|gametype|singles
|player|p1|nicolandria12|169|1375
|player|p2|Aimsss|policeman-gen4|1377
|gen|9
|tier|[Gen 9] OU
|rated|
|rule|HP Percentage Mod: HP is shown in percentages
|rule|Endless Battle Clause: Forcing endless battles is banned
|rule|Species Clause: Limit one of each Pokémon
|rule|OHKO Clause: OHKO moves are banned
|rule|Evasion Items Clause: Evasion items are banned
|rule|Evasion Moves Clause: Evasion moves are banned
|rule|Evasion Abilities Clause: Evasion abilities are banned
|rule|Sleep Moves Clause: Sleep-inducing moves are banned
|clearpoke
|poke|p1|Moltres|
|poke|p1|Ogerpon-Wellspring, F|
|poke|p1|Iron Treads|
|poke|p1|Slowking-Galar, F|
|poke|p1|Zamazenta-*|
|poke|p1|Clefable, F|
|poke|p2|Dragapult, F|
|poke|p2|Kingambit, M|
|poke|p2|Hawlucha, M|
|poke|p2|Glimmora, F|
|poke|p2|Chesnaught, F|
|poke|p2|Gallade, M|
|teampreview
|inactive|Battle timer is ON: inactive players will automatically lose when time's up. (requested by nicolandria12)
|
|t:|1758343501
|teamsize|p1|6
|teamsize|p2|6
|start
|switch|p1a: Iron Treads|Iron Treads|100/100
|switch|p2a: Chesnaught|Chesnaught, F|100/100
|turn|1
|
|t:|1758343527
|-end|p1a: Iron Treads|Quark Drive|[silent]
|switch|p1a: Moltres|Moltres|100/100
|move|p2a: Chesnaught|Belly Drum|p2a: Chesnaught
|-damage|p2a: Chesnaught|50/100
|-setboost|p2a: Chesnaught|atk|6|[from] move: Belly Drum
|-enditem|p2a: Chesnaught|Sitrus Berry|[eat]
|-heal|p2a: Chesnaught|75/100|[from] item: Sitrus Berry
|
|upkeep
|turn|2
|inactive|Aimsss has 120 seconds left.
|
|t:|1758343545
|move|p1a: Moltres|Will-O-Wisp|p2a: Chesnaught|[miss]
|-miss|p1a: Moltres|p2a: Chesnaught
|move|p2a: Chesnaught|Knock Off|p1a: Moltres
|-damage|p1a: Moltres|11/100
|-enditem|p1a: Moltres|Heavy-Duty Boots|[from] move: Knock Off|[of] p2a: Chesnaught
|
|upkeep
|turn|3
|
|t:|1758343558
|move|p1a: Moltres|Flamethrower|p2a: Chesnaught
|-supereffective|p2a: Chesnaught
|-damage|p2a: Chesnaught|0 fnt
|faint|p2a: Chesnaught
|
|upkeep
|
|t:|1758343565
|switch|p2a: Glimmora|Glimmora, F|100/100
|-item|p2a: Glimmora|Air Balloon
|turn|4
|
|t:|1758343575
|switch|p1a: Slowking|Slowking-Galar, F|100/100
|move|p2a: Glimmora|Stealth Rock|p1a: Slowking
|-sidestart|p1: nicolandria12|move: Stealth Rock
|
|upkeep
|turn|5
|
|t:|1758343588
|move|p2a: Glimmora|Sludge Bomb|p1a: Slowking
|-resisted|p1a: Slowking
|-damage|p1a: Slowking|85/100
|move|p1a: Slowking|Psychic Noise|p2a: Glimmora
|-supereffective|p2a: Glimmora
|-damage|p2a: Glimmora|51/100
|-start|p2a: Glimmora|move: Heal Block
|-enditem|p2a: Glimmora|Air Balloon
|
|-heal|p1a: Slowking|91/100|[from] item: Leftovers
|upkeep
|turn|6
|inactive|Aimsss has 120 seconds left.
|
|t:|1758343617
|switch|p2a: Kingambit|Kingambit, M|100/100
|move|p1a: Slowking|Psychic Noise|p2a: Kingambit
|-immune|p2a: Kingambit
|
|-heal|p1a: Slowking|97/100|[from] item: Leftovers
|upkeep
|turn|7
|
|t:|1758343637
|switch|p1a: Iron Treads|Iron Treads|100/100
|-damage|p1a: Iron Treads|97/100|[from] Stealth Rock
|move|p2a: Kingambit|Swords Dance|p2a: Kingambit
|-boost|p2a: Kingambit|atk|2
|
|upkeep
|turn|8
|
|t:|1758343646
|move|p1a: Iron Treads|Earthquake|p2a: Kingambit
|-supereffective|p2a: Kingambit
|-damage|p2a: Kingambit|27/100
|move|p2a: Kingambit|Swords Dance|p2a: Kingambit
|-boost|p2a: Kingambit|atk|2
|
|upkeep
|turn|9
|
|t:|1758343653
|move|p1a: Iron Treads|Earthquake|p2a: Kingambit
|-supereffective|p2a: Kingambit
|-damage|p2a: Kingambit|0 fnt
|faint|p2a: Kingambit
|
|upkeep
|
|t:|1758343662
|switch|p2a: Gallade|Gallade, M, shiny|100/100
|turn|10
|
|t:|1758343676
|-end|p1a: Iron Treads|Quark Drive|[silent]
|switch|p1a: Clefable|Clefable, F|100/100
|move|p2a: Gallade|Agility|p2a: Gallade
|-boost|p2a: Gallade|spe|2
|
|upkeep
|turn|11
|
|t:|1758343684
|move|p2a: Gallade|Psycho Cut|p1a: Clefable
|-damage|p1a: Clefable|36/100
|move|p1a: Clefable|Thunder Wave|p2a: Gallade
|-status|p2a: Gallade|par
|
|-heal|p1a: Clefable|42/100|[from] item: Leftovers
|upkeep
|turn|12
|
|t:|1758343693
|move|p2a: Gallade|Psycho Cut|p1a: Clefable
|-damage|p1a: Clefable|0 fnt
|faint|p1a: Clefable
|
|upkeep
|
|t:|1758343704
|switch|p1a: Slowking|Slowking-Galar, F|100/100
|-damage|p1a: Slowking|88/100|[from] Stealth Rock
|turn|13
|
|t:|1758343712
|move|p2a: Gallade|Night Slash|p1a: Slowking
|-supereffective|p1a: Slowking
|-damage|p1a: Slowking|13/100
|move|p1a: Slowking|Psychic Noise|p2a: Gallade
|-damage|p2a: Gallade|72/100 par
|-start|p2a: Gallade|move: Heal Block
|
|-heal|p1a: Slowking|20/100|[from] item: Leftovers
|upkeep
|turn|14
|
|t:|1758343726
|switch|p1a: Iron Treads|Iron Treads|97/100
|-damage|p1a: Iron Treads|94/100|[from] Stealth Rock
|move|p2a: Gallade|Psycho Cut|p1a: Iron Treads
|-resisted|p1a: Iron Treads
|-crit|p1a: Iron Treads
|-damage|p1a: Iron Treads|52/100
|
|-end|p2a: Gallade|move: Heal Block
|upkeep
|turn|15
|
|t:|1758343738
|switch|p2a: Dragapult|Dragapult, F|100/100
|move|p1a: Iron Treads|Earthquake|p2a: Dragapult
|-damage|p2a: Dragapult|33/100
|
|upkeep
|turn|16
|
|t:|1758343746
|move|p2a: Dragapult|Will-O-Wisp|p1a: Iron Treads
|-status|p1a: Iron Treads|brn
|move|p1a: Iron Treads|Earthquake|p2a: Dragapult
|-damage|p2a: Dragapult|0 fnt
|faint|p2a: Dragapult
|
|-damage|p1a: Iron Treads|46/100 brn|[from] brn
|upkeep
|
|t:|1758343761
|switch|p2a: Hawlucha|Hawlucha, M|100/100
|turn|17
|
|t:|1758343767
|move|p1a: Iron Treads|Rapid Spin|p2a: Hawlucha
|-damage|p2a: Hawlucha|90/100
|-boost|p1a: Iron Treads|spe|1
|-sideend|p1: nicolandria12|Stealth Rock|[from] move: Rapid Spin|[of] p1a: Iron Treads
|-enditem|p2a: Hawlucha|Red Card|[of] p1a: Iron Treads
|-end|p1a: Iron Treads|Quark Drive|[silent]
|drag|p1a: Zamazenta|Zamazenta|100/100
|-ability|p1a: Zamazenta|Dauntless Shield|boost
|-boost|p1a: Zamazenta|def|1
|move|p2a: Hawlucha|Swords Dance|p2a: Hawlucha
|-boost|p2a: Hawlucha|atk|2
|
|upkeep
|turn|18
|
|t:|1758343789
|-terastallize|p1a: Zamazenta|Ghost
|move|p2a: Hawlucha|Taunt|p1a: Zamazenta
|-start|p1a: Zamazenta|move: Taunt
|cant|p1a: Zamazenta|move: Taunt|Iron Defense
|
|upkeep
|turn|19
|
|t:|1758343797
|move|p2a: Hawlucha|Swords Dance|p2a: Hawlucha
|-boost|p2a: Hawlucha|atk|2
|move|p1a: Zamazenta|Body Press|p2a: Hawlucha
|-resisted|p2a: Hawlucha
|-damage|p2a: Hawlucha|58/100
|
|upkeep
|turn|20
|
|t:|1758343805
|move|p2a: Hawlucha|Acrobatics|p1a: Zamazenta
|-damage|p1a: Zamazenta|0 fnt
|faint|p1a: Zamazenta
|
|upkeep
|
|t:|1758343813
|switch|p1a: Moltres|Moltres|11/100
|turn|21
|
|t:|1758343818
|move|p2a: Hawlucha|Drain Punch|p1a: Moltres
|-resisted|p1a: Moltres
|-damage|p1a: Moltres|0 fnt
|-heal|p2a: Hawlucha|65/100|[from] drain|[of] p1a: Moltres
|faint|p1a: Moltres
|
|upkeep
|
|t:|1758343830
|switch|p1a: Iron Treads|Iron Treads|46/100 brn
|turn|22
|
|t:|1758343836
|move|p2a: Hawlucha|Drain Punch|p1a: Iron Treads
|-supereffective|p1a: Iron Treads
|-damage|p1a: Iron Treads|0 fnt
|-heal|p2a: Hawlucha|90/100|[from] drain|[of] p1a: Iron Treads
|faint|p1a: Iron Treads
|-end|p1a: Iron Treads|Quark Drive|[silent]
|
|upkeep
|inactive|nicolandria12 has 120 seconds left.
|inactive|nicolandria12 has 90 seconds left.
|inactive|nicolandria12 has 60 seconds left.
|inactive|nicolandria12 has 30 seconds left.
|inactive|nicolandria12 has 20 seconds left.
|inactive|nicolandria12 has 15 seconds left.
|inactive|nicolandria12 has 10 seconds left.
|inactive|nicolandria12 has 5 seconds left.
|-message|nicolandria12 lost due to inactivity.
|
|win|Aimsss
|raw|nicolandria12's rating: 1352 &rarr; <strong>1333</strong><br />(-19 for losing)
|raw|Aimsss's rating: 1377 &rarr; <strong>1396</strong><br />(+19 for winning)
|l|☆Aimsss
|player|p2|
|l|☆nicolandria12
|player|p1|
