|j|☆DankieDanko
|j|☆maoboi
|t:|1758372380
|gametype|singles
|player|p1|DankieDanko|medium|1180
|player|p2|maoboi|swimmerf|1139
|gen|9
|tier|[Gen 9] OU
|rated|
|rule|HP Percentage Mod: HP is shown in percentages
|rule|Endless Battle Clause: Forcing endless battles is banned
|rule|Species Clause: Limit one of each Pokémon
|rule|OHKO Clause: OHKO moves are banned
|rule|Evasion Items Clause: Evasion items are banned
|rule|Evasion Moves Clause: Evasion moves are banned
|rule|Evasion Abilities Clause: Evasion abilities are banned
|rule|Sleep Moves Clause: Sleep-inducing moves are banned
|clearpoke
|poke|p1|Metagross|
|poke|p1|Rillaboom, M|
|poke|p1|Ninetales, F|
|poke|p1|Victreebel, F|
|poke|p1|Kingambit, F|
|poke|p1|Cloyster, M|
|poke|p2|Landorus-Therian, M|
|poke|p2|Samurott-Hisui, M|
|poke|p2|Pecharunt|
|poke|p2|Scizor, F|
|poke|p2|Latios, M|
|poke|p2|Zamazenta-*|
|teampreview
|
|t:|1758372394
|teamsize|p1|6
|teamsize|p2|6
|start
|switch|p1a: Rillaboom|Rillaboom, M|100/100
|switch|p2a: Landorus|Landorus-Therian, M|100/100
|-ability|p2a: Landorus|Intimidate|boost
|-unboost|p1a: Rillaboom|atk|1
|-fieldstart|move: Grassy Terrain|[from] ability: Grassy Surge|[of] p1a: Rillaboom
|turn|1
|
|t:|1758372402
|move|p2a: Landorus|U-turn|p1a: Rillaboom
|-supereffective|p1a: Rillaboom
|-damage|p1a: Rillaboom|51/100
|
|t:|1758372410
|switch|p2a: Scizor|Scizor, F|100/100|[from] U-turn
|move|p1a: Rillaboom|Wood Hammer|p2a: Scizor
|-resisted|p2a: Scizor
|-damage|p2a: Scizor|83/100
|-damage|p1a: Rillaboom|46/100|[from] Recoil
|
|-heal|p1a: Rillaboom|52/100|[from] Grassy Terrain
|-heal|p2a: Scizor|89/100|[from] Grassy Terrain
|upkeep
|turn|2
|
|t:|1758372440
|switch|p1a: Ninetales|Ninetales, F, shiny|100/100
|-weather|SunnyDay|[from] ability: Drought|[of] p1a: Ninetales
|move|p2a: Scizor|Swords Dance|p2a: Scizor
|-boost|p2a: Scizor|atk|2
|
|-weather|SunnyDay|[upkeep]
|-heal|p2a: Scizor|96/100|[from] Grassy Terrain
|upkeep
|turn|3
|
|t:|1758372453
|-terastallize|p2a: Scizor|Electric
|move|p1a: Ninetales|Flamethrower|p2a: Scizor
|-damage|p2a: Scizor|21/100
|move|p2a: Scizor|Tera Blast|p1a: Ninetales|[anim] Tera Blast Electric
|-enditem|p1a: Ninetales|Focus Sash
|-damage|p1a: Ninetales|1/100
|
|-weather|SunnyDay|[upkeep]
|-heal|p1a: Ninetales|7/100|[from] Grassy Terrain
|-heal|p2a: Scizor|28/100|[from] Grassy Terrain
|upkeep
|turn|4
|
|t:|1758372463
|move|p2a: Scizor|Bullet Punch|p1a: Ninetales
|-resisted|p1a: Ninetales
|-damage|p1a: Ninetales|0 fnt
|faint|p1a: Ninetales
|
|-weather|SunnyDay|[upkeep]
|-heal|p2a: Scizor|34/100|[from] Grassy Terrain
|upkeep
|
|t:|1758372464
|switch|p1a: Victreebel|Victreebel, F|100/100
|turn|5
|
|t:|1758372469
|move|p2a: Scizor|Bullet Punch|p1a: Victreebel
|-damage|p1a: Victreebel|0 fnt
|faint|p1a: Victreebel
|
|-weather|SunnyDay|[upkeep]
|-heal|p2a: Scizor|40/100|[from] Grassy Terrain
|-fieldend|move: Grassy Terrain
|upkeep
|
|t:|1758372475
|switch|p1a: Rillaboom|Rillaboom, M|52/100
|-fieldstart|move: Grassy Terrain|[from] ability: Grassy Surge|[of] p1a: Rillaboom
|turn|6
|
|t:|1758372478
|move|p1a: Rillaboom|Grassy Glide|p2a: Scizor
|-damage|p2a: Scizor|0 fnt
|faint|p2a: Scizor
|
|-weather|none
|-heal|p1a: Rillaboom|58/100|[from] Grassy Terrain
|upkeep
|
|t:|1758372488
|switch|p2a: Pecharunt|Pecharunt|100/100
|turn|7
|
|t:|1758372494
|switch|p1a: Metagross|Metagross, shiny|100/100
|-enditem|p1a: Metagross|Grassy Seed
|-boost|p1a: Metagross|def|1|[from] item: Grassy Seed
|move|p2a: Pecharunt|Malignant Chain|p1a: Metagross
|-immune|p1a: Metagross
|
|upkeep
|turn|8
|
|t:|1758372500
|move|p2a: Pecharunt|Parting Shot|p1a: Metagross
|-fail|p1a: Metagross|unboost|[from] ability: Clear Body|[of] p1a: Metagross
|move|p1a: Metagross|Iron Defense|p1a: Metagross
|-boost|p1a: Metagross|def|2
|
|upkeep
|turn|9
|
|t:|1758372512
|switch|p2a: Zamazenta|Zamazenta|100/100
|-ability|p2a: Zamazenta|Dauntless Shield|boost
|-boost|p2a: Zamazenta|def|1
|move|p1a: Metagross|Iron Defense|p1a: Metagross
|-boost|p1a: Metagross|def|2
|
|upkeep
|turn|10
|
|t:|1758372518
|move|p2a: Zamazenta|Iron Defense|p2a: Zamazenta
|-boost|p2a: Zamazenta|def|2
|move|p1a: Metagross|Trailblaze|p2a: Zamazenta
|-damage|p2a: Zamazenta|94/100
|-boost|p1a: Metagross|spe|1
|
|-heal|p2a: Zamazenta|99/100|[from] Grassy Terrain
|-heal|p2a: Zamazenta|100/100|[from] item: Leftovers
|-fieldend|move: Grassy Terrain
|upkeep
|turn|11
|
|t:|1758372525
|move|p1a: Metagross|Trailblaze|p2a: Zamazenta
|-damage|p2a: Zamazenta|96/100
|-boost|p1a: Metagross|spe|1
|move|p2a: Zamazenta|Roar|p1a: Metagross
|drag|p1a: Rillaboom|Rillaboom, M|58/100
|-fieldstart|move: Grassy Terrain|[from] ability: Grassy Surge|[of] p1a: Rillaboom
|
|-heal|p2a: Zamazenta|100/100|[from] Grassy Terrain
|-heal|p1a: Rillaboom|64/100|[from] Grassy Terrain
|upkeep
|turn|12
|
|t:|1758372530
|move|p2a: Zamazenta|Body Press|p1a: Rillaboom
|-damage|p1a: Rillaboom|0 fnt
|faint|p1a: Rillaboom
|
|upkeep
|
|t:|1758372541
|switch|p1a: Kingambit|Kingambit, F|100/100
|-activate|p1a: Kingambit|ability: Supreme Overlord
|-start|p1a: Kingambit|fallen3|[silent]
|turn|13
|
|t:|1758372546
|-terastallize|p1a: Kingambit|Dark
|move|p1a: Kingambit|Sucker Punch|p2a: Zamazenta
|-resisted|p2a: Zamazenta
|-damage|p2a: Zamazenta|85/100
|move|p2a: Zamazenta|Body Press|p1a: Kingambit
|-supereffective|p1a: Kingambit
|-damage|p1a: Kingambit|0 fnt
|faint|p1a: Kingambit
|-end|p1a: Kingambit|fallen3|[silent]
|
|-heal|p2a: Zamazenta|91/100|[from] Grassy Terrain
|-heal|p2a: Zamazenta|98/100|[from] item: Leftovers
|upkeep
|-message|DankieDanko forfeited.
|
|win|maoboi
|raw|DankieDanko's rating: 1180 &rarr; <strong>1152</strong><br />(-28 for losing)
|raw|maoboi's rating: 1139 &rarr; <strong>1167</strong><br />(+28 for winning)
|l|☆DankieDanko
|player|p1|
