|j|☆TheOmniOyster
|j|☆strifesada
|t:|1758339261
|gametype|singles
|player|p1|TheOmniOyster|169|1264
|player|p2|strifesada|sidney|1221
|gen|9
|tier|[Gen 9] OU
|rated|
|rule|HP Percentage Mod: HP is shown in percentages
|rule|Endless Battle Clause: Forcing endless battles is banned
|rule|Species Clause: Limit one of each Pokémon
|rule|OHKO Clause: OHKO moves are banned
|rule|Evasion Items Clause: Evasion items are banned
|rule|Evasion Moves Clause: Evasion moves are banned
|rule|Evasion Abilities Clause: Evasion abilities are banned
|rule|Sleep Moves Clause: Sleep-inducing moves are banned
|clearpoke
|poke|p1|Trevenant, F|
|poke|p1|Maushold-Four|
|poke|p1|Gliscor, M|
|poke|p1|Ogerpon-Wellspring, F|
|poke|p1|Heatran, F|
|poke|p1|Tornadus-Therian, M|
|poke|p2|Moltres|
|poke|p2|Kingambit, M|
|poke|p2|Ogerpon-Wellspring, F|
|poke|p2|Clefable, M|
|poke|p2|Kyurem|
|poke|p2|Zamazenta-*|
|teampreview
|
|t:|1758339280
|teamsize|p1|6
|teamsize|p2|6
|start
|switch|p1a: Tornadus|Tornadus-Therian, M|100/100
|switch|p2a: Clefable|Clefable, M|100/100
|turn|1
|
|t:|1758339291
|move|p1a: Tornadus|Knock Off|p2a: Clefable
|-resisted|p2a: Clefable
|-damage|p2a: Clefable|93/100
|-enditem|p2a: Clefable|Leftovers|[from] move: Knock Off|[of] p1a: Tornadus
|move|p2a: Clefable|Thunder Wave|p1a: Tornadus
|-status|p1a: Tornadus|par
|
|upkeep
|turn|2
|
|t:|1758339300
|cant|p1a: Tornadus|par
|move|p2a: Clefable|Stealth Rock|p1a: Tornadus
|-sidestart|p1: TheOmniOyster|move: Stealth Rock
|
|upkeep
|turn|3
|
|t:|1758339306
|move|p1a: Tornadus|Tailwind|p1a: Tornadus
|-sidestart|p1: TheOmniOyster|move: Tailwind
|move|p2a: Clefable|Moonblast|p1a: Tornadus
|-damage|p1a: Tornadus|75/100 par
|
|upkeep
|turn|4
|
|t:|1758339316
|switch|p2a: Moltres|Moltres|100/100
|move|p1a: Tornadus|U-turn|p2a: Moltres
|-resisted|p2a: Moltres
|-damage|p2a: Moltres|98/100
|
|t:|1758339329
|switch|p1a: Ogerpon|Ogerpon-Wellspring, F|100/100|[from] U-turn
|-damage|p1a: Ogerpon|88/100|[from] Stealth Rock
|
|upkeep
|turn|5
|
|t:|1758339335
|switch|p2a: Ogerpon|Ogerpon-Wellspring, F|100/100
|move|p1a: Ogerpon|Ivy Cudgel|p2a: Ogerpon|[anim] Ivy Cudgel Water
|-immune|p2a: Ogerpon|[from] ability: Water Absorb
|
|upkeep
|turn|6
|
|t:|1758339346
|switch|p1a: Trevenant|Trevenant, F|100/100
|-damage|p1a: Trevenant|88/100|[from] Stealth Rock
|switch|p2a: Moltres|Moltres|98/100
|
|-sideend|p1: TheOmniOyster|move: Tailwind
|upkeep
|turn|7
|
|t:|1758339362
|move|p2a: Moltres|U-turn|p1a: Trevenant
|-damage|p1a: Trevenant|72/100
|
|t:|1758339371
|switch|p2a: Clefable|Clefable, M|93/100|[from] U-turn
|move|p1a: Trevenant|Curse|p2a: Clefable
|-start|p2a: Clefable|Curse|[of] p1a: Trevenant
|-damage|p1a: Trevenant|22/100
|-enditem|p1a: Trevenant|Sitrus Berry|[eat]
|-heal|p1a: Trevenant|47/100|[from] item: Sitrus Berry
|
|-item|p1a: Trevenant|Sitrus Berry|[from] ability: Harvest
|upkeep
|-enditem|p1a: Trevenant|Sitrus Berry|[eat]
|-heal|p1a: Trevenant|72/100|[from] item: Sitrus Berry
|turn|8
|
|t:|1758339397
|switch|p1a: Tornadus|Tornadus-Therian, M|100/100 par
|-damage|p1a: Tornadus|76/100 par|[from] Stealth Rock
|move|p2a: Clefable|Moonblast|p1a: Tornadus
|-damage|p1a: Tornadus|46/100 par
|
|upkeep
|turn|9
|
|t:|1758339406
|cant|p1a: Tornadus|par
|move|p2a: Clefable|Moonblast|p1a: Tornadus
|-damage|p1a: Tornadus|20/100 par
|
|upkeep
|turn|10
|
|t:|1758339412
|move|p1a: Tornadus|U-turn|p2a: Clefable
|-resisted|p2a: Clefable
|-damage|p2a: Clefable|88/100
|
|t:|1758339415
|switch|p1a: Heatran|Heatran, F|100/100|[from] U-turn
|-damage|p1a: Heatran|88/100|[from] Stealth Rock
|move|p2a: Clefable|Moonblast|p1a: Heatran
|-resisted|p1a: Heatran
|-damage|p1a: Heatran|82/100
|
|-heal|p1a: Heatran|88/100|[from] item: Leftovers
|upkeep
|turn|11
|
|t:|1758339431
|switch|p2a: Zamazenta|Zamazenta|100/100
|-ability|p2a: Zamazenta|Dauntless Shield|boost
|-boost|p2a: Zamazenta|def|1
|move|p1a: Heatran|Stealth Rock|p2a: Zamazenta
|-sidestart|p2: strifesada|move: Stealth Rock
|
|-heal|p1a: Heatran|94/100|[from] item: Leftovers
|upkeep
|turn|12
|
|t:|1758339447
|move|p2a: Zamazenta|Stone Edge|p1a: Heatran
|-damage|p1a: Heatran|64/100
|move|p1a: Heatran|Lava Plume|p2a: Zamazenta
|-damage|p2a: Zamazenta|57/100
|
|-heal|p1a: Heatran|71/100|[from] item: Leftovers
|upkeep
|turn|13
|
|t:|1758339455
|move|p2a: Zamazenta|Close Combat|p1a: Heatran
|-supereffective|p1a: Heatran
|-damage|p1a: Heatran|0 fnt
|-unboost|p2a: Zamazenta|def|1
|-unboost|p2a: Zamazenta|spd|1
|faint|p1a: Heatran
|
|upkeep
|
|t:|1758339484
|switch|p1a: Jerry and Friends|Maushold-Four|100/100
|-damage|p1a: Jerry and Friends|88/100|[from] Stealth Rock
|turn|14
|
|t:|1758339495
|-terastallize|p1a: Jerry and Friends|Ghost
|move|p2a: Zamazenta|Close Combat|p1a: Jerry and Friends
|-immune|p1a: Jerry and Friends
|move|p1a: Jerry and Friends|Tidy Up|p1a: Jerry and Friends
|-sideend|p1: TheOmniOyster|Stealth Rock
|-sideend|p2: strifesada|Stealth Rock
|-activate|p1a: Jerry and Friends|move: Tidy Up
|-boost|p1a: Jerry and Friends|atk|1
|-boost|p1a: Jerry and Friends|spe|1
|
|upkeep
|turn|15
|
|t:|1758339506
|move|p1a: Jerry and Friends|Population Bomb|p2a: Zamazenta
|-damage|p2a: Zamazenta|41/100
|-damage|p2a: Zamazenta|26/100
|-damage|p2a: Zamazenta|10/100
|-damage|p2a: Zamazenta|0 fnt
|faint|p2a: Zamazenta
|-hitcount|p2: Zamazenta|4
|
|upkeep
|
|t:|1758339512
|switch|p2a: Moltres|Moltres|98/100
|turn|16
|
|t:|1758339515
|move|p1a: Jerry and Friends|Population Bomb|p2a: Moltres
|-damage|p2a: Moltres|86/100
|-status|p1a: Jerry and Friends|brn|[from] ability: Flame Body|[of] p2a: Moltres
|-damage|p2a: Moltres|81/100
|-damage|p2a: Moltres|75/100
|-damage|p2a: Moltres|69/100
|-damage|p2a: Moltres|63/100
|-damage|p2a: Moltres|57/100
|-damage|p2a: Moltres|52/100
|-damage|p2a: Moltres|46/100
|-damage|p2a: Moltres|41/100
|-damage|p2a: Moltres|35/100
|-hitcount|p2a: Moltres|10
|move|p2a: Moltres|Roar|p1a: Jerry and Friends
|drag|p1a: Gliscor|Gliscor, M|100/100
|
|-status|p1a: Gliscor|tox|[from] item: Toxic Orb
|upkeep
|turn|17
|
|t:|1758339534
|move|p1a: Gliscor|Toxic Spikes|p2a: Moltres
|-sidestart|p2: strifesada|move: Toxic Spikes
|move|p2a: Moltres|Roost|p2a: Moltres
|-heal|p2a: Moltres|86/100
|-singleturn|p2a: Moltres|move: Roost
|
|upkeep
|turn|18
|
|t:|1758339542
|move|p1a: Gliscor|Toxic Spikes|p2a: Moltres
|-sidestart|p2: strifesada|move: Toxic Spikes
|move|p2a: Moltres|Flamethrower|p1a: Gliscor
|-damage|p1a: Gliscor|55/100 tox
|
|-heal|p1a: Gliscor|68/100 tox|[from] ability: Poison Heal
|upkeep
|turn|19
|
|t:|1758339555
|switch|p2a: Kyurem|Kyurem|100/100
|-ability|p2a: Kyurem|Pressure
|move|p1a: Gliscor|Protect||[still]
|-fail|p1a: Gliscor
|
|-heal|p1a: Gliscor|80/100 tox|[from] ability: Poison Heal
|upkeep
|turn|20
|
|t:|1758339574
|move|p1a: Gliscor|Protect|p1a: Gliscor
|-singleturn|p1a: Gliscor|Protect
|move|p2a: Kyurem|Freeze-Dry|p1a: Gliscor
|-activate|p1a: Gliscor|move: Protect
|
|-heal|p1a: Gliscor|93/100 tox|[from] ability: Poison Heal
|upkeep
|turn|21
|
|t:|1758339584
|switch|p1a: Jerry and Friends|Maushold-Four, tera:Ghost|88/100 brn
|-terastallize|p2a: Kyurem|Ice
|move|p2a: Kyurem|Freeze-Dry|p1a: Jerry and Friends
|-damage|p1a: Jerry and Friends|14/100 brn
|
|-damage|p1a: Jerry and Friends|8/100 brn|[from] brn
|upkeep
|turn|22
|
|t:|1758339593
|switch|p2a: Clefable|Clefable, M|88/100
|-status|p2a: Clefable|tox
|move|p1a: Jerry and Friends|Population Bomb|p2a: Clefable
|-damage|p2a: Clefable|83/100 tox
|-damage|p2a: Clefable|79/100 tox
|-damage|p2a: Clefable|76/100 tox
|-damage|p2a: Clefable|72/100 tox
|-damage|p2a: Clefable|68/100 tox
|-damage|p2a: Clefable|63/100 tox
|-damage|p2a: Clefable|59/100 tox
|-damage|p2a: Clefable|56/100 tox
|-damage|p2a: Clefable|51/100 tox
|-crit|p2a: Clefable
|-damage|p2a: Clefable|45/100 tox
|-hitcount|p2a: Clefable|10
|
|-damage|p1a: Jerry and Friends|2/100 brn|[from] brn
|upkeep
|turn|23
|
|t:|1758339617
|move|p1a: Jerry and Friends|Population Bomb|p2a: Clefable
|-damage|p2a: Clefable|41/100 tox
|-damage|p2a: Clefable|37/100 tox
|-damage|p2a: Clefable|33/100 tox
|-damage|p2a: Clefable|29/100 tox
|-damage|p2a: Clefable|24/100 tox
|-damage|p2a: Clefable|20/100 tox
|-crit|p2a: Clefable
|-damage|p2a: Clefable|14/100 tox
|-damage|p2a: Clefable|10/100 tox
|-damage|p2a: Clefable|6/100 tox
|-damage|p2a: Clefable|2/100 tox
|-hitcount|p2a: Clefable|10
|move|p2a: Clefable|Moonblast|p1a: Jerry and Friends
|-damage|p1a: Jerry and Friends|0 fnt
|faint|p1a: Jerry and Friends
|
|upkeep
|
|t:|1758339628
|switch|p1a: Ogerpon|Ogerpon-Wellspring, F|88/100
|turn|24
|
|t:|1758339638
|move|p1a: Ogerpon|Swords Dance|p1a: Ogerpon
|-boost|p1a: Ogerpon|atk|2
|move|p2a: Clefable|Moonlight|p2a: Clefable
|-heal|p2a: Clefable|52/100 tox
|
|upkeep
|turn|25
|
|t:|1758339646
|move|p1a: Ogerpon|Ivy Cudgel|p2a: Clefable|[anim] Ivy Cudgel Water
|-damage|p2a: Clefable|0 fnt
|faint|p2a: Clefable
|
|upkeep
|
|t:|1758339658
|switch|p2a: Ogerpon|Ogerpon-Wellspring, F|100/100
|-status|p2a: Ogerpon|tox
|turn|26
|
|t:|1758339662
|move|p1a: Ogerpon|Spiky Shield|p1a: Ogerpon
|-singleturn|p1a: Ogerpon|move: Protect
|move|p2a: Ogerpon|Power Whip|p1a: Ogerpon
|-activate|p1a: Ogerpon|move: Protect
|-damage|p2a: Ogerpon|88/100 tox|[from] Spiky Shield|[of] p1a: Ogerpon
|
|-damage|p2a: Ogerpon|82/100 tox|[from] psn
|upkeep
|turn|27
|
|t:|1758339670
|move|p1a: Ogerpon|Horn Leech|p2a: Ogerpon
|-damage|p2a: Ogerpon|0 fnt
|-heal|p1a: Ogerpon|100/100|[from] drain|[of] p2a: Ogerpon
|faint|p2a: Ogerpon
|
|upkeep
|
|t:|1758339676
|switch|p2a: Kyurem|Kyurem, tera:Ice|100/100
|-ability|p2a: Kyurem|Pressure
|turn|28
|
|t:|1758339683
|move|p1a: Ogerpon|Ivy Cudgel|p2a: Kyurem|[anim] Ivy Cudgel Water
|-damage|p2a: Kyurem|0 fnt
|faint|p2a: Kyurem
|
|upkeep
|-message|strifesada forfeited.
|
|win|TheOmniOyster
|raw|TheOmniOyster's rating: 1264 &rarr; <strong>1286</strong><br />(+22 for winning)
|raw|strifesada's rating: 1221 &rarr; <strong>1199</strong><br />(-22 for losing)
|l|☆strifesada
|player|p2|
