|j|☆randomx6
|j|☆absly
|t:|1758376245
|gametype|singles
|player|p1|randomx6|lucas|1174
|player|p2|absly|pokekid|1133
|gen|9
|tier|[Gen 9] OU
|rated|
|rule|HP Percentage Mod: HP is shown in percentages
|rule|Endless Battle Clause: Forcing endless battles is banned
|rule|Species Clause: Limit one of each Pokémon
|rule|OHKO Clause: OHKO moves are banned
|rule|Evasion Items Clause: Evasion items are banned
|rule|Evasion Moves Clause: Evasion moves are banned
|rule|Evasion Abilities Clause: Evasion abilities are banned
|rule|Sleep Moves Clause: Sleep-inducing moves are banned
|clearpoke
|poke|p1|Dedenne, M|
|poke|p1|Electivire, M|
|poke|p1|Iron Crown|
|poke|p1|Iron Thorns|
|poke|p1|Hippowdon, M|
|poke|p1|Honchkrow, F|
|poke|p2|Dondozo, F|
|poke|p2|Blissey, F|
|poke|p2|Corviknight, F|
|poke|p2|Weezing-Galar, M|
|poke|p2|Gliscor, M|
|poke|p2|Toxapex, F|
|teampreview
|
|t:|1758376257
|teamsize|p1|6
|teamsize|p2|6
|start
|switch|p1a: Electivire|Electivire, M|100/100
|switch|p2a: Gliscor|Gliscor, M|100/100
|turn|1
|
|t:|1758376269
|move|p1a: Electivire|Knock Off|p2a: Gliscor
|-damage|p2a: Gliscor|79/100
|-enditem|p2a: Gliscor|Toxic Orb|[from] move: Knock Off|[of] p1a: Electivire
|move|p2a: Gliscor|Spikes|p1a: Electivire
|-sidestart|p1: randomx6|Spikes
|
|upkeep
|turn|2
|
|t:|1758376274
|move|p1a: Electivire|Reflect|p1a: Electivire
|-sidestart|p1: randomx6|Reflect
|move|p2a: Gliscor|Earthquake|p1a: Electivire
|-supereffective|p1a: Electivire
|-damage|p1a: Electivire|58/100
|
|upkeep
|turn|3
|
|t:|1758376277
|move|p1a: Electivire|Light Screen|p1a: Electivire
|-sidestart|p1: randomx6|move: Light Screen
|move|p2a: Gliscor|Spikes|p1a: Electivire
|-sidestart|p1: randomx6|Spikes
|
|upkeep
|turn|4
|
|t:|1758376294
|switch|p1a: Iron Crown|Iron Crown|100/100
|-damage|p1a: Iron Crown|84/100|[from] Spikes
|move|p2a: Gliscor|Knock Off|p1a: Iron Crown
|-supereffective|p1a: Iron Crown
|-damage|p1a: Iron Crown|62/100
|-enditem|p1a: Iron Crown|Weakness Policy
|-boost|p1a: Iron Crown|atk|2|[from] item: Weakness Policy
|-boost|p1a: Iron Crown|spa|2|[from] item: Weakness Policy
|
|upkeep
|turn|5
|
|t:|1758376329
|-terastallize|p1a: Iron Crown|Grass
|move|p1a: Iron Crown|Calm Mind|p1a: Iron Crown
|-boost|p1a: Iron Crown|spa|1
|-boost|p1a: Iron Crown|spd|1
|move|p2a: Gliscor|Earthquake|p1a: Iron Crown
|-resisted|p1a: Iron Crown
|-damage|p1a: Iron Crown|52/100
|
|upkeep
|turn|6
|
|t:|1758376351
|switch|p2a: Blissey|Blissey, F|100/100
|move|p1a: Iron Crown|Calm Mind|p1a: Iron Crown
|-boost|p1a: Iron Crown|spa|1
|-boost|p1a: Iron Crown|spd|1
|
|upkeep
|turn|7
|
|t:|1758376358
|move|p1a: Iron Crown|Tachyon Cutter|p2a: Blissey
|-damage|p2a: Blissey|78/100
|-damage|p2a: Blissey|56/100
|-hitcount|p2a: Blissey|2
|move|p2a: Blissey|Calm Mind|p2a: Blissey
|-boost|p2a: Blissey|spa|1
|-boost|p2a: Blissey|spd|1
|
|-heal|p2a: Blissey|62/100|[from] item: Leftovers
|upkeep
|turn|8
|
|t:|1758376370
|move|p1a: Iron Crown|Calm Mind|p1a: Iron Crown
|-boost|p1a: Iron Crown|spa|1
|-boost|p1a: Iron Crown|spd|1
|move|p2a: Blissey|Soft-Boiled|p2a: Blissey
|-heal|p2a: Blissey|100/100
|
|upkeep
|turn|9
|
|t:|1758376375
|move|p1a: Iron Crown|Stored Power|p2a: Blissey
|-damage|p2a: Blissey|23/100
|move|p2a: Blissey|Calm Mind|p2a: Blissey
|-boost|p2a: Blissey|spa|1
|-boost|p2a: Blissey|spd|1
|
|-heal|p2a: Blissey|29/100|[from] item: Leftovers
|-sideend|p1: randomx6|Reflect
|upkeep
|turn|10
|
|t:|1758376387
|-terastallize|p2a: Blissey|Dark
|move|p1a: Iron Crown|Stored Power|p2a: Blissey
|-immune|p2a: Blissey
|move|p2a: Blissey|Soft-Boiled|p2a: Blissey
|-heal|p2a: Blissey|79/100
|
|-heal|p2a: Blissey|85/100|[from] item: Leftovers
|-sideend|p1: randomx6|move: Light Screen
|upkeep
|turn|11
|
|t:|1758376398
|move|p1a: Iron Crown|Calm Mind|p1a: Iron Crown
|-boost|p1a: Iron Crown|spa|1
|-boost|p1a: Iron Crown|spd|1
|move|p2a: Blissey|Seismic Toss|p1a: Iron Crown
|-damage|p1a: Iron Crown|21/100
|
|-heal|p2a: Blissey|92/100|[from] item: Leftovers
|upkeep
|turn|12
|
|t:|1758376408
|move|p1a: Iron Crown|Tachyon Cutter|p2a: Blissey
|-damage|p2a: Blissey|75/100
|-damage|p2a: Blissey|59/100
|-hitcount|p2a: Blissey|2
|move|p2a: Blissey|Seismic Toss|p1a: Iron Crown
|-damage|p1a: Iron Crown|0 fnt
|faint|p1a: Iron Crown
|-end|p1a: Iron Crown|Quark Drive|[silent]
|
|-heal|p2a: Blissey|66/100|[from] item: Leftovers
|upkeep
|
|t:|1758376419
|switch|p1a: Iron Thorns|Iron Thorns|100/100
|-item|p1a: Iron Thorns|Air Balloon
|turn|13
|
|t:|1758376433
|switch|p2a: Gliscor|Gliscor, M|79/100
|move|p1a: Iron Thorns|Dragon Dance|p1a: Iron Thorns
|-boost|p1a: Iron Thorns|atk|1
|-boost|p1a: Iron Thorns|spe|1
|
|upkeep
|turn|14
|
|t:|1758376452
|move|p1a: Iron Thorns|Stone Edge|p2a: Gliscor
|-damage|p2a: Gliscor|9/100
|move|p2a: Gliscor|Knock Off|p1a: Iron Thorns
|-damage|p1a: Iron Thorns|80/100
|-enditem|p1a: Iron Thorns|Air Balloon
|
|upkeep
|turn|15
|
|t:|1758376464
|move|p1a: Iron Thorns|Stone Edge|p2a: Gliscor
|-damage|p2a: Gliscor|0 fnt
|faint|p2a: Gliscor
|
|upkeep
|
|t:|1758376469
|switch|p2a: Dondozo|Dondozo, F|100/100
|turn|16
|
|t:|1758376503
|move|p1a: Iron Thorns|Wild Charge|p2a: Dondozo
|-supereffective|p2a: Dondozo
|-damage|p2a: Dondozo|57/100
|-damage|p1a: Iron Thorns|64/100|[from] Recoil
|move|p2a: Dondozo|Body Press|p1a: Iron Thorns
|-supereffective|p1a: Iron Thorns
|-damage|p1a: Iron Thorns|8/100
|
|-heal|p2a: Dondozo|63/100|[from] item: Leftovers
|upkeep
|turn|17
|
|t:|1758376513
|move|p1a: Iron Thorns|Wild Charge|p2a: Dondozo
|-supereffective|p2a: Dondozo
|-damage|p2a: Dondozo|16/100
|-damage|p1a: Iron Thorns|0 fnt|[from] Recoil
|faint|p1a: Iron Thorns
|-end|p1a: Iron Thorns|Quark Drive|[silent]
|move|p2a: Dondozo|Rest|p2a: Dondozo
|-status|p2a: Dondozo|slp|[from] move: Rest
|-heal|p2a: Dondozo|100/100 slp|[silent]
|
|upkeep
|
|t:|1758376520
|switch|p1a: Honchkrow|Honchkrow, F|100/100
|turn|18
|-message|randomx6 forfeited.
|
|win|absly
|raw|randomx6's rating: 1174 &rarr; <strong>1146</strong><br />(-28 for losing)
|raw|absly's rating: 1133 &rarr; <strong>1161</strong><br />(+28 for winning)
