|j|☆Xdhi
|j|☆HappyMaushold
|t:|1758341195
|gametype|singles
|player|p1|Xdhi|169|1271
|player|p2|HappyMaushold|cynthia|1309
|gen|9
|tier|[Gen 9] OU
|rated|
|rule|HP Percentage Mod: HP is shown in percentages
|rule|Endless Battle Clause: Forcing endless battles is banned
|rule|Species Clause: Limit one of each Pokémon
|rule|OHKO Clause: OHKO moves are banned
|rule|Evasion Items Clause: Evasion items are banned
|rule|Evasion Moves Clause: Evasion moves are banned
|rule|Evasion Abilities Clause: Evasion abilities are banned
|rule|Sleep Moves Clause: Sleep-inducing moves are banned
|clearpoke
|poke|p1|Gholdengo|
|poke|p1|Clefable, M|
|poke|p1|Rotom-Wash|
|poke|p1|Deoxys-Speed|
|poke|p1|Cinderace, M|
|poke|p1|Garganacl, F|
|poke|p2|Leafeon, F|
|poke|p2|Torkoal, F|
|poke|p2|Latias, F|
|poke|p2|Great Tusk|
|poke|p2|Delphox, F|
|poke|p2|Walking Wake|
|teampreview
|inactive|Battle timer is ON: inactive players will automatically lose when time's up. (requested by Xdhi)
|
|t:|1758341202
|teamsize|p1|6
|teamsize|p2|6
|start
|switch|p1a: Deoxys|Deoxys-Speed|100/100
|switch|p2a: Groodon|Torkoal, F|100/100
|-ability|p1a: Deoxys|Pressure
|-weather|SunnyDay|[from] ability: Drought|[of] p2a: Groodon
|turn|1
|
|t:|1758341213
|switch|p2a: Delphox|Delphox, F|100/100
|move|p1a: Deoxys|Meteor Beam||[still]
|-prepare|p1a: Deoxys|Meteor Beam
|-boost|p1a: Deoxys|spa|1
|-enditem|p1a: Deoxys|Power Herb
|-anim|p1a: Deoxys|Meteor Beam|p2a: Delphox
|-supereffective|p2a: Delphox
|-damage|p2a: Delphox|30/100
|-enditem|p2a: Delphox|Eject Button
|
|t:|1758341221
|switch|p2a: Walking Wake|Walking Wake|100/100
|-activate|p2a: Walking Wake|ability: Protosynthesis
|-start|p2a: Walking Wake|protosynthesisspe
|
|-weather|SunnyDay|[upkeep]
|upkeep
|turn|2
|
|t:|1758341225
|move|p2a: Walking Wake|Hydro Steam|p1a: Deoxys
|-damage|p1a: Deoxys|0 fnt
|faint|p1a: Deoxys
|
|-weather|SunnyDay|[upkeep]
|upkeep
|
|t:|1758341228
|switch|p1a: Rotom|Rotom-Wash|100/100
|turn|3
|
|t:|1758341231
|move|p2a: Walking Wake|Hydro Steam|p1a: Rotom
|-resisted|p1a: Rotom
|-damage|p1a: Rotom|62/100
|move|p1a: Rotom|Discharge|p2a: Walking Wake
|-damage|p2a: Walking Wake|56/100
|
|-weather|SunnyDay|[upkeep]
|upkeep
|turn|4
|
|t:|1758341236
|-end|p2a: Walking Wake|Protosynthesis|[silent]
|switch|p2a: Delphox|Delphox, F|30/100
|move|p1a: Rotom|Discharge|p2a: Delphox
|-damage|p2a: Delphox|7/100
|
|-weather|SunnyDay|[upkeep]
|upkeep
|turn|5
|
|t:|1758341242
|move|p1a: Rotom|Hydro Pump|p2a: Delphox
|-supereffective|p2a: Delphox
|-damage|p2a: Delphox|0 fnt
|faint|p2a: Delphox
|
|-weather|SunnyDay|[upkeep]
|upkeep
|
|t:|1758341245
|switch|p2a: Green Zacian|Leafeon, F|100/100
|turn|6
|
|t:|1758341250
|move|p2a: Green Zacian|Solar Blade||[still]
|-prepare|p2a: Green Zacian|Solar Blade
|-anim|p2a: Green Zacian|Solar Blade|p1a: Rotom
|-supereffective|p1a: Rotom
|-damage|p1a: Rotom|0 fnt
|faint|p1a: Rotom
|
|-weather|SunnyDay|[upkeep]
|upkeep
|
|t:|1758341253
|switch|p1a: Cinderace|Cinderace, M|100/100
|turn|7
|
|t:|1758341260
|switch|p2a: Great Tusk|Great Tusk|100/100
|-activate|p2a: Great Tusk|ability: Protosynthesis
|-start|p2a: Great Tusk|protosynthesisdef
|move|p1a: Cinderace|U-turn|p2a: Great Tusk
|-start|p1a: Cinderace|typechange|Bug|[from] ability: Libero
|-resisted|p2a: Great Tusk
|-damage|p2a: Great Tusk|90/100
|
|t:|1758341265
|switch|p1a: Clefable|Clefable, M|100/100|[from] U-turn
|
|-weather|SunnyDay|[upkeep]
|-heal|p2a: Great Tusk|96/100|[from] item: Leftovers
|upkeep
|turn|8
|
|t:|1758341269
|move|p2a: Great Tusk|Knock Off|p1a: Clefable
|-resisted|p1a: Clefable
|-damage|p1a: Clefable|86/100
|-enditem|p1a: Clefable|Leftovers|[from] move: Knock Off|[of] p2a: Great Tusk
|move|p1a: Clefable|Cosmic Power|p1a: Clefable
|-boost|p1a: Clefable|def|1
|-boost|p1a: Clefable|spd|1
|
|-weather|none
|-end|p2a: Great Tusk|Protosynthesis
|-heal|p2a: Great Tusk|100/100|[from] item: Leftovers
|upkeep
|turn|9
|
|t:|1758341275
|-end|p2a: Great Tusk|Protosynthesis|[silent]
|switch|p2a: Groodon|Torkoal, F|100/100
|-weather|SunnyDay|[from] ability: Drought|[of] p2a: Groodon
|move|p1a: Clefable|Cosmic Power|p1a: Clefable
|-boost|p1a: Clefable|def|1
|-boost|p1a: Clefable|spd|1
|
|-weather|SunnyDay|[upkeep]
|upkeep
|turn|10
|
|t:|1758341277
|move|p1a: Clefable|Cosmic Power|p1a: Clefable
|-boost|p1a: Clefable|def|1
|-boost|p1a: Clefable|spd|1
|move|p2a: Groodon|Clear Smog|p1a: Clefable
|-supereffective|p1a: Clefable
|-damage|p1a: Clefable|78/100
|-clearboost|p1a: Clefable
|
|-weather|SunnyDay|[upkeep]
|upkeep
|turn|11
|
|t:|1758341282
|switch|p2a: Green Zacian|Leafeon, F|100/100
|move|p1a: Clefable|Cosmic Power|p1a: Clefable
|-boost|p1a: Clefable|def|1
|-boost|p1a: Clefable|spd|1
|
|-weather|SunnyDay|[upkeep]
|upkeep
|turn|12
|
|t:|1758341286
|move|p2a: Green Zacian|Solar Blade||[still]
|-prepare|p2a: Green Zacian|Solar Blade
|-anim|p2a: Green Zacian|Solar Blade|p1a: Clefable
|-damage|p1a: Clefable|10/100
|move|p1a: Clefable|Moonblast|p2a: Green Zacian
|-damage|p2a: Green Zacian|19/100
|-unboost|p2a: Green Zacian|spa|1
|
|-weather|SunnyDay|[upkeep]
|upkeep
|turn|13
|
|t:|1758341289
|move|p2a: Green Zacian|Solar Blade||[still]
|-prepare|p2a: Green Zacian|Solar Blade
|-anim|p2a: Green Zacian|Solar Blade|p1a: Clefable
|-damage|p1a: Clefable|0 fnt
|faint|p1a: Clefable
|
|-weather|SunnyDay|[upkeep]
|upkeep
|
|t:|1758341295
|switch|p1a: Cinderace|Cinderace, M|100/100
|turn|14
|
|t:|1758341297
|switch|p2a: Great Tusk|Great Tusk|100/100
|-activate|p2a: Great Tusk|ability: Protosynthesis
|-start|p2a: Great Tusk|protosynthesisdef
|move|p1a: Cinderace|U-turn|p2a: Great Tusk
|-start|p1a: Cinderace|typechange|Bug|[from] ability: Libero
|-resisted|p2a: Great Tusk
|-damage|p2a: Great Tusk|90/100
|
|t:|1758341300
|switch|p1a: Garganacl|Garganacl, F|100/100|[from] U-turn
|
|-weather|SunnyDay|[upkeep]
|-heal|p2a: Great Tusk|97/100|[from] item: Leftovers
|upkeep
|turn|15
|
|t:|1758341303
|-terastallize|p1a: Garganacl|Flying
|move|p2a: Great Tusk|Knock Off|p1a: Garganacl
|-damage|p1a: Garganacl|80/100
|-damage|p2a: Great Tusk|80/100|[from] item: Rocky Helmet|[of] p1a: Garganacl
|-enditem|p1a: Garganacl|Rocky Helmet|[from] move: Knock Off|[of] p2a: Great Tusk
|move|p1a: Garganacl|Curse|p1a: Garganacl
|-unboost|p1a: Garganacl|spe|1
|-boost|p1a: Garganacl|atk|1
|-boost|p1a: Garganacl|def|1
|
|-weather|SunnyDay|[upkeep]
|-heal|p2a: Great Tusk|86/100|[from] item: Leftovers
|upkeep
|turn|16
|
|t:|1758341316
|-end|p2a: Great Tusk|Protosynthesis|[silent]
|switch|p2a: Latias|Latias, F|100/100
|move|p1a: Garganacl|Salt Cure|p2a: Latias
|-damage|p2a: Latias|63/100
|-start|p2a: Latias|Salt Cure
|
|-weather|none
|-damage|p2a: Latias|50/100|[from] Salt Cure
|upkeep
|turn|17
|
|t:|1758341321
|-terastallize|p2a: Latias|Electric
|move|p2a: Latias|Thunderbolt|p1a: Garganacl
|-supereffective|p1a: Garganacl
|-damage|p1a: Garganacl|0 fnt
|faint|p1a: Garganacl
|
|-damage|p2a: Latias|38/100|[from] Salt Cure
|upkeep
|
|t:|1758341330
|switch|p1a: Gholdengo|Gholdengo|100/100
|turn|18
|
|t:|1758341332
|switch|p2a: Groodon|Torkoal, F|100/100
|-weather|SunnyDay|[from] ability: Drought|[of] p2a: Groodon
|move|p1a: Gholdengo|Shadow Ball|p2a: Groodon
|-damage|p2a: Groodon|63/100
|
|-weather|SunnyDay|[upkeep]
|upkeep
|turn|19
|
|t:|1758341336
|switch|p1a: Cinderace|Cinderace, M|100/100
|move|p2a: Groodon|Lava Plume|p1a: Cinderace
|-resisted|p1a: Cinderace
|-damage|p1a: Cinderace|77/100
|
|-weather|SunnyDay|[upkeep]
|upkeep
|turn|20
|
|t:|1758341339
|switch|p2a: Great Tusk|Great Tusk|86/100
|-activate|p2a: Great Tusk|ability: Protosynthesis
|-start|p2a: Great Tusk|protosynthesisdef
|move|p1a: Cinderace|Pyro Ball|p2a: Great Tusk
|-damage|p2a: Great Tusk|36/100
|
|-weather|SunnyDay|[upkeep]
|-heal|p2a: Great Tusk|42/100|[from] item: Leftovers
|upkeep
|turn|21
|
|t:|1758341342
|move|p1a: Cinderace|Pyro Ball|p2a: Great Tusk
|-damage|p2a: Great Tusk|0 fnt
|faint|p2a: Great Tusk
|-end|p2a: Great Tusk|Protosynthesis|[silent]
|
|-weather|SunnyDay|[upkeep]
|upkeep
|
|t:|1758341346
|switch|p2a: Walking Wake|Walking Wake|56/100
|-activate|p2a: Walking Wake|ability: Protosynthesis
|-start|p2a: Walking Wake|protosynthesisspe
|turn|22
|
|t:|1758341348
|move|p2a: Walking Wake|Hydro Steam|p1a: Cinderace
|-supereffective|p1a: Cinderace
|-damage|p1a: Cinderace|0 fnt
|faint|p1a: Cinderace
|
|-weather|SunnyDay|[upkeep]
|upkeep
|
|t:|1758341349
|switch|p1a: Gholdengo|Gholdengo|100/100
|turn|23
|
|t:|1758341352
|move|p2a: Walking Wake|Hydro Steam|p1a: Gholdengo
|-damage|p1a: Gholdengo|0 fnt
|faint|p1a: Gholdengo
|
|win|HappyMaushold
|raw|Xdhi's rating: 1271 &rarr; <strong>1249</strong><br />(-22 for losing)
|raw|HappyMaushold's rating: 1309 &rarr; <strong>1327</strong><br />(+18 for winning)
|l|☆HappyMaushold
|player|p2|
|l|☆Xdhi
|player|p1|
