|j|☆especialitoxd
|j|☆jfygdtdf
|t:|1758266645
|gametype|singles
|player|p1|especialitoxd|gambler|1000
|player|p2|jfygdtdf|acetrainer-gen1|1000
|gen|9
|tier|[Gen 9] OU
|rated|
|rule|HP Percentage Mod: HP is shown in percentages
|rule|Endless Battle Clause: Forcing endless battles is banned
|rule|Species Clause: Limit one of each Pokémon
|rule|OHKO Clause: OHKO moves are banned
|rule|Evasion Items Clause: Evasion items are banned
|rule|Evasion Moves Clause: Evasion moves are banned
|rule|Evasion Abilities Clause: Evasion abilities are banned
|rule|Sleep Moves Clause: Sleep-inducing moves are banned
|clearpoke
|poke|p1|Infernape, F|
|poke|p1|Dusclops, F|
|poke|p1|Umbreon, M|
|poke|p1|Ditto|
|poke|p1|Rotom-Wash|
|poke|p1|Metagross|
|poke|p2|Gholdengo|
|poke|p2|Rillaboom, M|
|poke|p2|Great Tusk|
|poke|p2|Weezing-Galar, M|
|poke|p2|Ogerpon-Wellspring, F|
|poke|p2|Tornadus-Therian, M|
|teampreview
|inactive|Battle timer is ON: inactive players will automatically lose when time's up. (requested by especialitoxd)
|
|t:|1758266666
|teamsize|p1|6
|teamsize|p2|6
|start
|switch|p1a: Rotom|Rotom-Wash|100/100
|switch|p2a: Tornadus|Tornadus-Therian, M|100/100
|turn|1
|
|t:|1758266672
|move|p2a: Tornadus|Knock Off|p1a: Rotom
|-damage|p1a: Rotom|71/100
|-enditem|p1a: Rotom|Choice Specs|[from] move: Knock Off|[of] p2a: Tornadus
|move|p1a: Rotom|Hydro Pump|p2a: Tornadus|[miss]
|-miss|p1a: Rotom|p2a: Tornadus
|
|upkeep
|turn|2
|
|t:|1758266682
|move|p2a: Tornadus|U-turn|p1a: Rotom
|-damage|p1a: Rotom|52/100
|
|t:|1758266684
|switch|p2a: Rillaboom|Rillaboom, M|100/100|[from] U-turn
|-fieldstart|move: Grassy Terrain|[from] ability: Grassy Surge|[of] p2a: Rillaboom
|move|p1a: Rotom|Volt Switch|p2a: Rillaboom
|-resisted|p2a: Rillaboom
|-damage|p2a: Rillaboom|81/100
|
|t:|1758266689
|switch|p1a: Infernape|Infernape, F|100/100|[from] Volt Switch
|
|-heal|p2a: Rillaboom|87/100|[from] Grassy Terrain
|upkeep
|turn|3
|
|t:|1758266694
|switch|p2a: Weezing|Weezing-Galar, M|100/100
|-ability|p2a: Weezing|Neutralizing Gas
|move|p1a: Infernape|Overheat|p2a: Weezing
|-damage|p2a: Weezing|8/100
|-unboost|p1a: Infernape|spa|2
|-damage|p1a: Infernape|91/100|[from] item: Life Orb
|
|-heal|p1a: Infernape|97/100|[from] Grassy Terrain
|-heal|p2a: Weezing|14/100|[from] Grassy Terrain
|-heal|p2a: Weezing|20/100|[from] item: Black Sludge
|upkeep
|turn|4
|
|t:|1758266705
|-end|p2a: Weezing|ability: Neutralizing Gas
|switch|p2a: Tornadus|Tornadus-Therian, M|100/100
|move|p1a: Infernape|Overheat|p2a: Tornadus
|-damage|p2a: Tornadus|78/100
|-unboost|p1a: Infernape|spa|2
|-damage|p1a: Infernape|87/100|[from] item: Life Orb
|
|-heal|p1a: Infernape|93/100|[from] Grassy Terrain
|upkeep
|turn|5
|
|t:|1758266713
|switch|p1a: Rotom|Rotom-Wash|52/100
|move|p2a: Tornadus|Bleakwind Storm|p1a: Rotom
|-resisted|p1a: Rotom
|-damage|p1a: Rotom|27/100
|
|upkeep
|turn|6
|
|t:|1758266720
|move|p2a: Tornadus|U-turn|p1a: Rotom
|-damage|p1a: Rotom|6/100
|
|t:|1758266728
|switch|p2a: Gholdengo|Gholdengo|100/100|[from] U-turn
|move|p1a: Rotom|Shadow Ball|p2a: Gholdengo
|-supereffective|p2a: Gholdengo
|-damage|p2a: Gholdengo|56/100
|
|-heal|p2a: Gholdengo|62/100|[from] Grassy Terrain
|-heal|p2a: Gholdengo|68/100|[from] item: Leftovers
|upkeep
|turn|7
|
|t:|1758266738
|move|p1a: Rotom|Shadow Ball|p2a: Gholdengo
|-supereffective|p2a: Gholdengo
|-damage|p2a: Gholdengo|24/100
|-unboost|p2a: Gholdengo|spd|1
|move|p2a: Gholdengo|Shadow Ball|p1a: Rotom
|-damage|p1a: Rotom|0 fnt
|faint|p1a: Rotom
|
|-heal|p2a: Gholdengo|30/100|[from] Grassy Terrain
|-heal|p2a: Gholdengo|36/100|[from] item: Leftovers
|upkeep
|
|t:|1758266745
|switch|p1a: Infernape|Infernape, F|93/100
|turn|8
|
|t:|1758266759
|switch|p2a: Tornadus|Tornadus-Therian, M|100/100
|move|p1a: Infernape|Overheat|p2a: Tornadus
|-damage|p2a: Tornadus|51/100
|-unboost|p1a: Infernape|spa|2
|-damage|p1a: Infernape|83/100|[from] item: Life Orb
|
|-heal|p1a: Infernape|89/100|[from] Grassy Terrain
|upkeep
|turn|9
|
|t:|1758266766
|switch|p1a: Umbreon|Umbreon, M|100/100
|move|p2a: Tornadus|U-turn|p1a: Umbreon
|-supereffective|p1a: Umbreon
|-damage|p1a: Umbreon|76/100
|
|t:|1758266768
|switch|p2a: Weezing|Weezing-Galar, M|20/100|[from] U-turn
|-ability|p2a: Weezing|Neutralizing Gas
|
|-heal|p1a: Umbreon|82/100|[from] Grassy Terrain
|-heal|p1a: Umbreon|88/100|[from] item: Leftovers
|-heal|p2a: Weezing|26/100|[from] Grassy Terrain
|-heal|p2a: Weezing|32/100|[from] item: Black Sludge
|-fieldend|move: Grassy Terrain
|upkeep
|turn|10
|
|t:|1758266777
|switch|p1a: Metagross|Metagross|100/100
|move|p2a: Weezing|Pain Split|p1a: Metagross
|-sethp|p1a: Metagross|65/100|[from] move: Pain Split|[silent]
|-sethp|p2a: Weezing|71/100|[from] move: Pain Split
|
|-heal|p2a: Weezing|77/100|[from] item: Black Sludge
|upkeep
|turn|11
|
|t:|1758266788
|move|p1a: Metagross|Zen Headbutt|p2a: Weezing
|-supereffective|p2a: Weezing
|-damage|p2a: Weezing|0 fnt
|faint|p2a: Weezing
|-end|p2a: Weezing|ability: Neutralizing Gas
|
|upkeep
|
|t:|1758266796
|switch|p2a: Rillaboom|Rillaboom, M|87/100
|-fieldstart|move: Grassy Terrain|[from] ability: Grassy Surge|[of] p2a: Rillaboom
|turn|12
|
|t:|1758266801
|switch|p1a: Dusclops|Dusclops, F|100/100
|-ability|p1a: Dusclops|Pressure
|move|p2a: Rillaboom|U-turn|p1a: Dusclops
|-resisted|p1a: Dusclops
|-damage|p1a: Dusclops|94/100
|
|t:|1758266803
|switch|p2a: Gholdengo|Gholdengo|36/100|[from] U-turn
|
|-heal|p2a: Gholdengo|43/100|[from] Grassy Terrain
|-heal|p2a: Gholdengo|49/100|[from] item: Leftovers
|-heal|p1a: Dusclops|99/100|[from] Grassy Terrain
|upkeep
|turn|13
|
|t:|1758266807
|switch|p1a: Umbreon|Umbreon, M|88/100
|move|p2a: Gholdengo|Recover|p2a: Gholdengo
|-heal|p2a: Gholdengo|99/100
|
|-heal|p2a: Gholdengo|100/100|[from] Grassy Terrain
|-heal|p1a: Umbreon|94/100|[from] Grassy Terrain
|-heal|p1a: Umbreon|100/100|[from] item: Leftovers
|upkeep
|turn|14
|
|t:|1758266811
|move|p2a: Gholdengo|Nasty Plot|p2a: Gholdengo
|-boost|p2a: Gholdengo|spa|2
|move|p1a: Umbreon|Foul Play|p2a: Gholdengo
|-supereffective|p2a: Gholdengo
|-damage|p2a: Gholdengo|78/100
|
|-heal|p2a: Gholdengo|84/100|[from] Grassy Terrain
|-heal|p2a: Gholdengo|90/100|[from] item: Leftovers
|upkeep
|turn|15
|
|t:|1758266816
|move|p2a: Gholdengo|Nasty Plot|p2a: Gholdengo
|-boost|p2a: Gholdengo|spa|2
|move|p1a: Umbreon|Foul Play|p2a: Gholdengo
|-supereffective|p2a: Gholdengo
|-damage|p2a: Gholdengo|68/100
|
|-heal|p2a: Gholdengo|74/100|[from] Grassy Terrain
|-heal|p2a: Gholdengo|80/100|[from] item: Leftovers
|upkeep
|turn|16
|
|t:|1758266820
|move|p2a: Gholdengo|Make It Rain|p1a: Umbreon
|-damage|p1a: Umbreon|12/100
|-unboost|p2a: Gholdengo|spa|1
|move|p1a: Umbreon|Foul Play|p2a: Gholdengo
|-supereffective|p2a: Gholdengo
|-damage|p2a: Gholdengo|56/100
|
|-heal|p2a: Gholdengo|62/100|[from] Grassy Terrain
|-heal|p2a: Gholdengo|68/100|[from] item: Leftovers
|-heal|p1a: Umbreon|18/100|[from] Grassy Terrain
|-heal|p1a: Umbreon|24/100|[from] item: Leftovers
|upkeep
|turn|17
|
|t:|1758266828
|switch|p2a: Great Tusk|Great Tusk|100/100
|move|p1a: Umbreon|Foul Play|p2a: Great Tusk
|-resisted|p2a: Great Tusk
|-crit|p2a: Great Tusk
|-damage|p2a: Great Tusk|71/100
|
|-heal|p2a: Great Tusk|77/100|[from] Grassy Terrain
|-heal|p1a: Umbreon|30/100|[from] Grassy Terrain
|-heal|p1a: Umbreon|36/100|[from] item: Leftovers
|upkeep
|turn|18
|
|t:|1758266834
|move|p1a: Umbreon|Protect|p1a: Umbreon
|-singleturn|p1a: Umbreon|Protect
|move|p2a: Great Tusk|Stealth Rock|p1a: Umbreon
|-sidestart|p1: especialitoxd|move: Stealth Rock
|
|-heal|p2a: Great Tusk|83/100|[from] Grassy Terrain
|-heal|p1a: Umbreon|42/100|[from] Grassy Terrain
|-heal|p1a: Umbreon|48/100|[from] item: Leftovers
|upkeep
|turn|19
|
|t:|1758266840
|switch|p1a: Dusclops|Dusclops, F|99/100
|-damage|p1a: Dusclops|87/100|[from] Stealth Rock
|-ability|p1a: Dusclops|Pressure
|move|p2a: Great Tusk|Headlong Rush|p1a: Dusclops
|-damage|p1a: Dusclops|55/100
|-unboost|p2a: Great Tusk|def|1
|-unboost|p2a: Great Tusk|spd|1
|
|-heal|p2a: Great Tusk|89/100|[from] Grassy Terrain
|-heal|p1a: Dusclops|61/100|[from] Grassy Terrain
|-fieldend|move: Grassy Terrain
|upkeep
|turn|20
|
|t:|1758266845
|-end|p2a: Great Tusk|Protosynthesis|[silent]
|switch|p2a: Rillaboom|Rillaboom, M|87/100
|-fieldstart|move: Grassy Terrain|[from] ability: Grassy Surge|[of] p2a: Rillaboom
|move|p1a: Dusclops|Will-O-Wisp|p2a: Rillaboom
|-status|p2a: Rillaboom|brn
|
|-heal|p2a: Rillaboom|94/100 brn|[from] Grassy Terrain
|-heal|p1a: Dusclops|67/100|[from] Grassy Terrain
|-damage|p2a: Rillaboom|87/100 brn|[from] brn
|upkeep
|turn|21
|
|t:|1758266848
|move|p2a: Rillaboom|Knock Off|p1a: Dusclops
|-supereffective|p1a: Dusclops
|-damage|p1a: Dusclops|50/100
|-enditem|p1a: Dusclops|Eviolite|[from] move: Knock Off|[of] p2a: Rillaboom
|move|p1a: Dusclops|Rest|p1a: Dusclops
|-status|p1a: Dusclops|slp|[from] move: Rest
|-heal|p1a: Dusclops|100/100 slp|[silent]
|
|-heal|p2a: Rillaboom|94/100 brn|[from] Grassy Terrain
|-damage|p2a: Rillaboom|87/100 brn|[from] brn
|upkeep
|turn|22
|
|t:|1758266855
|move|p2a: Rillaboom|U-turn|p1a: Dusclops
|-resisted|p1a: Dusclops
|-damage|p1a: Dusclops|96/100 slp
|
|t:|1758266865
|switch|p2a: Gholdengo|Gholdengo|68/100|[from] U-turn
|cant|p1a: Dusclops|slp
|move|p1a: Dusclops|Sleep Talk|p1a: Dusclops
|move|p1a: Dusclops|Night Shade|p2a: Gholdengo|[from] move: Sleep Talk
|-damage|p2a: Gholdengo|42/100
|
|-heal|p2a: Gholdengo|48/100|[from] Grassy Terrain
|-heal|p2a: Gholdengo|54/100|[from] item: Leftovers
|-heal|p1a: Dusclops|100/100 slp|[from] Grassy Terrain
|upkeep
|turn|23
|
|t:|1758266871
|switch|p1a: Umbreon|Umbreon, M|48/100
|-damage|p1a: Umbreon|36/100|[from] Stealth Rock
|move|p2a: Gholdengo|Nasty Plot|p2a: Gholdengo
|-boost|p2a: Gholdengo|spa|2
|
|-heal|p2a: Gholdengo|60/100|[from] Grassy Terrain
|-heal|p2a: Gholdengo|66/100|[from] item: Leftovers
|-heal|p1a: Umbreon|42/100|[from] Grassy Terrain
|-heal|p1a: Umbreon|48/100|[from] item: Leftovers
|upkeep
|turn|24
|
|t:|1758266874
|move|p2a: Gholdengo|Make It Rain|p1a: Umbreon
|-damage|p1a: Umbreon|0 fnt
|-unboost|p2a: Gholdengo|spa|1
|faint|p1a: Umbreon
|
|-heal|p2a: Gholdengo|72/100|[from] Grassy Terrain
|-heal|p2a: Gholdengo|78/100|[from] item: Leftovers
|upkeep
|
|t:|1758266876
|switch|p1a: Ditto|Ditto|100/100
|-damage|p1a: Ditto|88/100|[from] Stealth Rock
|-transform|p1a: Ditto|p2a: Gholdengo|[from] ability: Imposter
|turn|25
|
|t:|1758266881
|-terastallize|p2a: Gholdengo|Water
|move|p1a: Ditto|Shadow Ball|p2a: Gholdengo
|-damage|p2a: Gholdengo|26/100
|move|p2a: Gholdengo|Shadow Ball|p1a: Ditto
|-supereffective|p1a: Ditto
|-crit|p1a: Ditto
|-damage|p1a: Ditto|0 fnt
|faint|p1a: Ditto
|
|-heal|p2a: Gholdengo|33/100|[from] Grassy Terrain
|-heal|p2a: Gholdengo|39/100|[from] item: Leftovers
|upkeep
|
|t:|1758266886
|switch|p1a: Infernape|Infernape, F|89/100
|-damage|p1a: Infernape|77/100|[from] Stealth Rock
|turn|26
|
|t:|1758266893
|move|p1a: Infernape|Close Combat|p2a: Gholdengo
|-damage|p2a: Gholdengo|0 fnt
|-unboost|p1a: Infernape|def|1
|-unboost|p1a: Infernape|spd|1
|faint|p2a: Gholdengo
|-damage|p1a: Infernape|67/100|[from] item: Life Orb
|
|-heal|p1a: Infernape|73/100|[from] Grassy Terrain
|upkeep
|
|t:|1758266895
|switch|p2a: Tornadus|Tornadus-Therian, M|84/100
|turn|27
|
|t:|1758266900
|switch|p1a: Dusclops|Dusclops, F|100/100 slp
|-damage|p1a: Dusclops|88/100 slp|[from] Stealth Rock
|-ability|p1a: Dusclops|Pressure
|move|p2a: Tornadus|U-turn|p1a: Dusclops
|-resisted|p1a: Dusclops
|-damage|p1a: Dusclops|83/100 slp
|
|t:|1758266910
|switch|p2a: Ogerpon|Ogerpon-Wellspring, F|100/100|[from] U-turn
|
|-heal|p1a: Dusclops|89/100 slp|[from] Grassy Terrain
|-fieldend|move: Grassy Terrain
|upkeep
|turn|28
|
|t:|1758266914
|switch|p2a: Rillaboom|Rillaboom, M|87/100 brn
|-fieldstart|move: Grassy Terrain|[from] ability: Grassy Surge|[of] p2a: Rillaboom
|cant|p1a: Dusclops|slp
|move|p1a: Dusclops|Sleep Talk|p1a: Dusclops
|move|p1a: Dusclops|Rest||[from] move: Sleep Talk|[still]
|-fail|p1a: Dusclops
|
|-heal|p2a: Rillaboom|94/100 brn|[from] Grassy Terrain
|-heal|p1a: Dusclops|95/100 slp|[from] Grassy Terrain
|-damage|p2a: Rillaboom|87/100 brn|[from] brn
|upkeep
|turn|29
|
|t:|1758266917
|move|p2a: Rillaboom|U-turn|p1a: Dusclops
|-resisted|p1a: Dusclops
|-damage|p1a: Dusclops|90/100 slp
|
|t:|1758266921
|switch|p2a: Tornadus|Tornadus-Therian, M|100/100|[from] U-turn
|-curestatus|p1a: Dusclops|slp|[msg]
|move|p1a: Dusclops|Night Shade|p2a: Tornadus
|-damage|p2a: Tornadus|73/100
|
|-heal|p1a: Dusclops|96/100|[from] Grassy Terrain
|upkeep
|turn|30
|
|t:|1758266923
|move|p2a: Tornadus|Bleakwind Storm|p1a: Dusclops
|-damage|p1a: Dusclops|60/100
|-unboost|p1a: Dusclops|spe|1
|move|p1a: Dusclops|Will-O-Wisp|p2a: Tornadus
|-status|p2a: Tornadus|brn
|
|-heal|p1a: Dusclops|66/100|[from] Grassy Terrain
|-damage|p2a: Tornadus|67/100 brn|[from] brn
|upkeep
|turn|31
|
|t:|1758266936
|switch|p1a: Metagross|Metagross|65/100
|-damage|p1a: Metagross|59/100|[from] Stealth Rock
|move|p2a: Tornadus|U-turn|p1a: Metagross
|-damage|p1a: Metagross|54/100
|
|t:|1758266942
|switch|p2a: Great Tusk|Great Tusk|89/100|[from] U-turn
|
|-heal|p2a: Great Tusk|96/100|[from] Grassy Terrain
|-heal|p1a: Metagross|60/100|[from] Grassy Terrain
|upkeep
|turn|32
|
|t:|1758266963
|move|p2a: Great Tusk|Headlong Rush|p1a: Metagross
|-supereffective|p1a: Metagross
|-damage|p1a: Metagross|0 fnt
|-unboost|p2a: Great Tusk|def|1
|-unboost|p2a: Great Tusk|spd|1
|faint|p1a: Metagross
|
|-heal|p2a: Great Tusk|100/100|[from] Grassy Terrain
|upkeep
|
|t:|1758266965
|switch|p1a: Dusclops|Dusclops, F|66/100
|-damage|p1a: Dusclops|53/100|[from] Stealth Rock
|-ability|p1a: Dusclops|Pressure
|turn|33
|
|t:|1758266972
|move|p2a: Great Tusk|Headlong Rush|p1a: Dusclops
|-damage|p1a: Dusclops|11/100
|-unboost|p2a: Great Tusk|def|1
|-unboost|p2a: Great Tusk|spd|1
|move|p1a: Dusclops|Night Shade|p2a: Great Tusk
|-damage|p2a: Great Tusk|74/100
|
|-heal|p2a: Great Tusk|80/100|[from] Grassy Terrain
|-heal|p1a: Dusclops|17/100|[from] Grassy Terrain
|upkeep
|turn|34
|
|t:|1758266974
|move|p2a: Great Tusk|Headlong Rush|p1a: Dusclops
|-damage|p1a: Dusclops|0 fnt
|-unboost|p2a: Great Tusk|def|1
|-unboost|p2a: Great Tusk|spd|1
|faint|p1a: Dusclops
|
|-heal|p2a: Great Tusk|86/100|[from] Grassy Terrain
|upkeep
|
|t:|1758266976
|switch|p1a: Infernape|Infernape, F|73/100
|-damage|p1a: Infernape|61/100|[from] Stealth Rock
|turn|35
|
|t:|1758266986
|-end|p2a: Great Tusk|Protosynthesis|[silent]
|switch|p2a: Rillaboom|Rillaboom, M|87/100 brn
|move|p1a: Infernape|Close Combat|p2a: Rillaboom
|-damage|p2a: Rillaboom|30/100 brn
|-unboost|p1a: Infernape|def|1
|-unboost|p1a: Infernape|spd|1
|-damage|p1a: Infernape|51/100|[from] item: Life Orb
|
|-heal|p1a: Infernape|57/100|[from] Grassy Terrain
|-heal|p2a: Rillaboom|36/100 brn|[from] Grassy Terrain
|-damage|p2a: Rillaboom|30/100 brn|[from] brn
|-fieldend|move: Grassy Terrain
|upkeep
|turn|36
|
|t:|1758266990
|switch|p2a: Tornadus|Tornadus-Therian, M|99/100 brn
|move|p1a: Infernape|Close Combat|p2a: Tornadus
|-resisted|p2a: Tornadus
|-damage|p2a: Tornadus|69/100 brn
|-unboost|p1a: Infernape|def|1
|-unboost|p1a: Infernape|spd|1
|-damage|p1a: Infernape|47/100|[from] item: Life Orb
|
|-damage|p2a: Tornadus|63/100 brn|[from] brn
|upkeep
|turn|37
|
|t:|1758266992
|switch|p2a: Rillaboom|Rillaboom, M|30/100 brn
|-fieldstart|move: Grassy Terrain|[from] ability: Grassy Surge|[of] p2a: Rillaboom
|-terastallize|p1a: Infernape|Fire
|move|p1a: Infernape|Overheat|p2a: Rillaboom
|-supereffective|p2a: Rillaboom
|-damage|p2a: Rillaboom|0 fnt
|-unboost|p1a: Infernape|spa|2
|faint|p2a: Rillaboom
|-damage|p1a: Infernape|37/100|[from] item: Life Orb
|
|-heal|p1a: Infernape|44/100|[from] Grassy Terrain
|upkeep
|
|t:|1758266995
|switch|p2a: Great Tusk|Great Tusk|86/100
|turn|38
|
|t:|1758266996
|move|p1a: Infernape|Close Combat|p2a: Great Tusk
|-damage|p2a: Great Tusk|43/100
|-unboost|p1a: Infernape|def|1
|-unboost|p1a: Infernape|spd|1
|-damage|p1a: Infernape|34/100|[from] item: Life Orb
|move|p2a: Great Tusk|Headlong Rush|p1a: Infernape
|-supereffective|p1a: Infernape
|-damage|p1a: Infernape|0 fnt
|-unboost|p2a: Great Tusk|def|1
|-unboost|p2a: Great Tusk|spd|1
|faint|p1a: Infernape
|
|win|jfygdtdf
|raw|especialitoxd's rating: 1000 &rarr; <strong>1000</strong><br />(+0 for losing)
|raw|jfygdtdf's rating: 1000 &rarr; <strong>1040</strong><br />(+40 for winning)
