|j|☆Dlturner1911
|j|☆crue love
|t:|1758348388
|gametype|singles
|player|p1|Dlturner1911|ltsurge|1420
|player|p2|crue love|youngster-gen4dp|1471
|gen|9
|tier|[Gen 9] OU
|rated|
|rule|HP Percentage Mod: HP is shown in percentages
|rule|Endless Battle Clause: Forcing endless battles is banned
|rule|Species Clause: Limit one of each Pokémon
|rule|OHKO Clause: OHKO moves are banned
|rule|Evasion Items Clause: Evasion items are banned
|rule|Evasion Moves Clause: Evasion moves are banned
|rule|Evasion Abilities Clause: Evasion abilities are banned
|rule|Sleep Moves Clause: Sleep-inducing moves are banned
|clearpoke
|poke|p1|Serperior, M|
|poke|p1|Iron Moth|
|poke|p1|Dragonite, M|
|poke|p1|Walking Wake|
|poke|p1|Ting-Lu|
|poke|p1|Zamazenta-*|
|poke|p2|Crawdaunt, M|
|poke|p2|Latios, M|
|poke|p2|Zamazenta-*|
|poke|p2|Landorus-Therian, M|
|poke|p2|Ting-Lu|
|poke|p2|Gholdengo|
|teampreview
|inactive|Battle timer is ON: inactive players will automatically lose when time's up. (requested by crue love)
|
|t:|1758348407
|teamsize|p1|6
|teamsize|p2|6
|start
|switch|p1a: Walking Wake|Walking Wake|100/100
|switch|p2a: Latios|Latios, M|100/100
|-enditem|p1a: Walking Wake|Booster Energy
|-activate|p1a: Walking Wake|ability: Protosynthesis|[fromitem]
|-start|p1a: Walking Wake|protosynthesisspa
|turn|1
|
|t:|1758348422
|-terastallize|p1a: Walking Wake|Steel
|move|p2a: Latios|Draco Meteor|p1a: Walking Wake
|-resisted|p1a: Walking Wake
|-damage|p1a: Walking Wake|58/100
|-unboost|p2a: Latios|spa|2
|move|p1a: Walking Wake|Draco Meteor|p2a: Latios
|-supereffective|p2a: Latios
|-damage|p2a: Latios|0 fnt
|-unboost|p1a: Walking Wake|spa|2
|faint|p2a: Latios
|
|upkeep
|
|t:|1758348433
|switch|p2a: Gholdengo|Gholdengo|100/100
|-item|p2a: Gholdengo|Air Balloon
|turn|2
|
|t:|1758348437
|move|p1a: Walking Wake|Flamethrower|p2a: Gholdengo
|-supereffective|p2a: Gholdengo
|-damage|p2a: Gholdengo|65/100
|-enditem|p2a: Gholdengo|Air Balloon
|move|p2a: Gholdengo|Nasty Plot|p2a: Gholdengo
|-boost|p2a: Gholdengo|spa|2
|
|upkeep
|turn|3
|
|t:|1758348446
|-end|p1a: Walking Wake|Protosynthesis|[silent]
|switch|p1a: Ting-Lu|Ting-Lu|100/100
|-ability|p1a: Ting-Lu|Vessel of Ruin
|move|p2a: Gholdengo|Recover|p2a: Gholdengo
|-heal|p2a: Gholdengo|100/100
|
|upkeep
|turn|4
|
|t:|1758348456
|move|p2a: Gholdengo|Make It Rain|p1a: Ting-Lu
|-damage|p1a: Ting-Lu|37/100
|-unboost|p2a: Gholdengo|spa|1
|move|p1a: Ting-Lu|Earthquake|p2a: Gholdengo
|-supereffective|p2a: Gholdengo
|-damage|p2a: Gholdengo|20/100
|-damage|p1a: Ting-Lu|27/100|[from] item: Life Orb
|
|upkeep
|turn|5
|
|t:|1758348467
|move|p2a: Gholdengo|Make It Rain|p1a: Ting-Lu
|-damage|p1a: Ting-Lu|0 fnt
|-unboost|p2a: Gholdengo|spa|1
|faint|p1a: Ting-Lu
|
|upkeep
|
|t:|1758348486
|switch|p1a: Walking Wake|Walking Wake, tera:Steel|58/100
|turn|6
|
|t:|1758348504
|move|p1a: Walking Wake|Flamethrower|p2a: Gholdengo
|-supereffective|p2a: Gholdengo
|-damage|p2a: Gholdengo|0 fnt
|faint|p2a: Gholdengo
|
|upkeep
|
|t:|1758348507
|switch|p2a: Zamazenta|Zamazenta|100/100
|-ability|p2a: Zamazenta|Dauntless Shield|boost
|-boost|p2a: Zamazenta|def|1
|turn|7
|
|t:|1758348522
|switch|p2a: Crawdaunt|Crawdaunt, M|100/100
|move|p1a: Walking Wake|Draco Meteor|p2a: Crawdaunt
|-damage|p2a: Crawdaunt|0 fnt
|-unboost|p1a: Walking Wake|spa|2
|faint|p2a: Crawdaunt
|
|upkeep
|
|t:|1758348527
|switch|p2a: Zamazenta|Zamazenta|100/100
|turn|8
|
|t:|1758348550
|move|p2a: Zamazenta|Body Press|p1a: Walking Wake
|-supereffective|p1a: Walking Wake
|-damage|p1a: Walking Wake|0 fnt
|faint|p1a: Walking Wake
|-end|p1a: Walking Wake|Protosynthesis|[silent]
|
|upkeep
|
|t:|1758348553
|switch|p1a: Serperior|Serperior, M|100/100
|turn|9
|
|t:|1758348569
|-terastallize|p2a: Zamazenta|Fire
|move|p1a: Serperior|Leaf Storm|p2a: Zamazenta
|-resisted|p2a: Zamazenta
|-damage|p2a: Zamazenta|80/100
|-boost|p1a: Serperior|spa|2
|move|p2a: Zamazenta|Body Press|p1a: Serperior
|-damage|p1a: Serperior|60/100
|
|-heal|p2a: Zamazenta|86/100|[from] item: Leftovers
|upkeep
|turn|10
|
|t:|1758348581
|move|p1a: Serperior|Leaf Storm|p2a: Zamazenta
|-resisted|p2a: Zamazenta
|-damage|p2a: Zamazenta|47/100
|-boost|p1a: Serperior|spa|2
|move|p2a: Zamazenta|Body Press|p1a: Serperior
|-damage|p1a: Serperior|20/100
|
|-heal|p2a: Zamazenta|53/100|[from] item: Leftovers
|upkeep
|turn|11
|
|t:|1758348589
|move|p1a: Serperior|Leaf Storm|p2a: Zamazenta
|-resisted|p2a: Zamazenta
|-damage|p2a: Zamazenta|0 fnt
|-boost|p1a: Serperior|spa|2
|faint|p2a: Zamazenta
|
|upkeep
|-message|crue love forfeited.
|
|win|Dlturner1911
|raw|Dlturner1911's rating: 1420 &rarr; <strong>1443</strong><br />(+23 for winning)
|raw|crue love's rating: 1471 &rarr; <strong>1448</strong><br />(-23 for losing)
|l|☆crue love
|player|p2|
|l|☆Dlturner1911
|player|p1|
