|j|☆Gilsin3Perna
|j|☆shamire_vgc
|t:|1758279074
|gametype|singles
|player|p1|Gilsin3Perna|crasherwake|1270
|player|p2|shamire_vgc|2|1251
|gen|9
|tier|[Gen 9] OU
|rated|
|rule|HP Percentage Mod: HP is shown in percentages
|rule|Endless Battle Clause: Forcing endless battles is banned
|rule|Species Clause: Limit one of each Pokémon
|rule|OHKO Clause: OHKO moves are banned
|rule|Evasion Items Clause: Evasion items are banned
|rule|Evasion Moves Clause: Evasion moves are banned
|rule|Evasion Abilities Clause: Evasion abilities are banned
|rule|Sleep Moves Clause: Sleep-inducing moves are banned
|clearpoke
|poke|p1|Scizor, F|
|poke|p1|Gholdengo|
|poke|p1|Regidrago|
|poke|p1|Ribombee, M|
|poke|p1|Great Tusk|
|poke|p1|Alomomola, F|
|poke|p2|Dondozo, F|
|poke|p2|Incineroar, M|
|poke|p2|Decidueye, F|
|poke|p2|Zoroark, F|
|poke|p2|Ogerpon-Wellspring, F|
|poke|p2|Garchomp, F|
|teampreview
|inactive|Battle timer is ON: inactive players will automatically lose when time's up. (requested by Gilsin3Perna)
|
|t:|1758279085
|teamsize|p1|6
|teamsize|p2|6
|start
|switch|p1a: Regidrago|Regidrago|100/100
|switch|p2a: Dondozo|Dondozo, F|100/100
|turn|1
|
|t:|1758279098
|move|p2a: Dondozo|Dark Pulse|p1a: Regidrago
|-crit|p1a: Regidrago
|-damage|p1a: Regidrago|33/100
|cant|p1a: Regidrago|flinch
|
|upkeep
|turn|2
|
|t:|1758279106
|switch|p1a: Alomomola|Alomomola, F|100/100
|move|p2a: Dondozo|Sludge Bomb|p1a: Alomomola
|-damage|p1a: Alomomola|85/100
|
|upkeep
|turn|3
|
|t:|1758279114
|switch|p2a: Ogerpon|Ogerpon-Wellspring, F|100/100
|move|p1a: Alomomola|Flip Turn|p2a: Ogerpon
|-immune|p2a: Ogerpon|[from] ability: Water Absorb
|
|upkeep
|turn|4
|inactive|Gilsin3Perna has 120 seconds left.
|inactive|Gilsin3Perna has 90 seconds left.
|
|t:|1758279178
|switch|p1a: Ribombee|Ribombee, M|100/100
|move|p2a: Ogerpon|Spiky Shield||[still]
|-fail|p2a: Ogerpon
|
|upkeep
|turn|5
|inactive|shamire_vgc has 120 seconds left.
|
|t:|1758279209
|switch|p2a: Incineroar|Incineroar, M|100/100
|-ability|p2a: Incineroar|Intimidate|boost
|-unboost|p1a: Ribombee|atk|1
|move|p1a: Ribombee|Sticky Web|p2a: Incineroar
|-sidestart|p2: shamire_vgc|move: Sticky Web
|
|upkeep
|turn|6
|inactive|shamire_vgc has 120 seconds left.
|inactive|Gilsin3Perna has 90 seconds left.
|inactive|Gilsin3Perna has 60 seconds left.
|
|t:|1758279257
|switch|p1a: Great Tusk|Great Tusk|100/100
|move|p2a: Incineroar|Fake Out|p1a: Great Tusk
|-damage|p1a: Great Tusk|94/100
|
|-heal|p1a: Great Tusk|100/100|[from] item: Leftovers
|upkeep
|turn|7
|inactive|shamire_vgc has 120 seconds left.
|
|t:|1758279278
|switch|p2a: Decidueye|Decidueye, F|100/100
|-activate|p2a: Decidueye|move: Sticky Web
|-unboost|p2a: Decidueye|spe|1
|move|p1a: Great Tusk|Stealth Rock|p2a: Decidueye
|-sidestart|p2: shamire_vgc|move: Stealth Rock
|
|upkeep
|turn|8
|
|t:|1758279285
|move|p1a: Great Tusk|Knock Off|p2a: Decidueye
|-supereffective|p2a: Decidueye
|-damage|p2a: Decidueye|33/100
|-enditem|p2a: Decidueye|Choice Band|[from] move: Knock Off|[of] p1a: Great Tusk
|move|p2a: Decidueye|Spirit Shackle|p1a: Great Tusk
|-damage|p1a: Great Tusk|83/100
|-activate|p1a: Great Tusk|trapped
|
|-heal|p1a: Great Tusk|89/100|[from] item: Leftovers
|upkeep
|turn|9
|inactive|shamire_vgc has 120 seconds left.
|
|t:|1758279307
|move|p1a: Great Tusk|Knock Off|p2a: Decidueye
|-supereffective|p2a: Decidueye
|-damage|p2a: Decidueye|0 fnt
|faint|p2a: Decidueye
|
|-heal|p1a: Great Tusk|95/100|[from] item: Leftovers
|upkeep
|
|t:|1758279318
|switch|p2a: Dondozo|Dondozo, F|100/100
|-activate|p2a: Dondozo|move: Sticky Web
|-unboost|p2a: Dondozo|spe|1
|-damage|p2a: Dondozo|88/100|[from] Stealth Rock
|turn|10
|
|t:|1758279330
|-end|p1a: Great Tusk|Protosynthesis|[silent]
|switch|p1a: Gholdengo|Gholdengo|100/100
|-item|p1a: Gholdengo|Air Balloon
|move|p2a: Dondozo|Curse|p2a: Dondozo
|-unboost|p2a: Dondozo|spe|1
|-boost|p2a: Dondozo|atk|1
|-boost|p2a: Dondozo|def|1
|
|upkeep
|turn|11
|inactive|shamire_vgc has 120 seconds left.
|
|t:|1758279342
|move|p1a: Gholdengo|Thunder Wave|p2a: Dondozo|[miss]
|-miss|p1a: Gholdengo|p2a: Dondozo
|move|p2a: Dondozo|Curse|p2a: Dondozo
|-unboost|p2a: Dondozo|spe|1
|-boost|p2a: Dondozo|atk|1
|-boost|p2a: Dondozo|def|1
|
|upkeep
|turn|12
|inactive|shamire_vgc has 120 seconds left.
|
|t:|1758279349
|move|p1a: Gholdengo|Thunder Wave|p2a: Dondozo
|-status|p2a: Dondozo|par
|-enditem|p2a: Dondozo|Lum Berry|[eat]
|-curestatus|p2a: Dondozo|par|[msg]
|move|p2a: Dondozo|Curse|p2a: Dondozo
|-unboost|p2a: Dondozo|spe|1
|-boost|p2a: Dondozo|atk|1
|-boost|p2a: Dondozo|def|1
|
|upkeep
|turn|13
|
|t:|1758279358
|move|p1a: Gholdengo|Thunder Wave|p2a: Dondozo
|-status|p2a: Dondozo|par
|cant|p2a: Dondozo|par
|
|upkeep
|turn|14
|
|t:|1758279363
|move|p1a: Gholdengo|Hex|p2a: Dondozo
|-damage|p2a: Dondozo|24/100 par
|cant|p2a: Dondozo|par
|
|upkeep
|turn|15
|
|t:|1758279365
|move|p1a: Gholdengo|Hex|p2a: Dondozo
|-damage|p2a: Dondozo|0 fnt
|faint|p2a: Dondozo
|
|upkeep
|
|t:|1758279368
|switch|p2a: Incineroar|Incineroar, M|100/100
|-activate|p2a: Incineroar|move: Sticky Web
|-unboost|p2a: Incineroar|spe|1
|-damage|p2a: Incineroar|76/100|[from] Stealth Rock
|-ability|p2a: Incineroar|Intimidate|boost
|-unboost|p1a: Gholdengo|atk|1
|turn|16
|
|t:|1758279374
|switch|p1a: Great Tusk|Great Tusk|95/100
|move|p2a: Incineroar|U-turn|p1a: Great Tusk
|-resisted|p1a: Great Tusk
|-damage|p1a: Great Tusk|90/100
|
|t:|1758279403
|switch|p2a: Ogerpon|Ogerpon-Wellspring, F|100/100|[from] U-turn
|-activate|p2a: Ogerpon|move: Sticky Web
|-unboost|p2a: Ogerpon|spe|1
|-damage|p2a: Ogerpon|88/100|[from] Stealth Rock
|
|-heal|p1a: Great Tusk|96/100|[from] item: Leftovers
|upkeep
|turn|17
|
|t:|1758279423
|move|p2a: Ogerpon|Ivy Cudgel|p1a: Great Tusk|[anim] Ivy Cudgel Water
|-supereffective|p1a: Great Tusk
|-damage|p1a: Great Tusk|41/100
|move|p1a: Great Tusk|Body Press|p2a: Ogerpon
|-damage|p2a: Ogerpon|30/100
|
|-heal|p1a: Great Tusk|47/100|[from] item: Leftovers
|upkeep
|turn|18
|
|t:|1758279435
|-end|p1a: Great Tusk|Protosynthesis|[silent]
|switch|p1a: Ribombee|Ribombee, M|100/100
|move|p2a: Ogerpon|Ivy Cudgel|p1a: Ribombee|[anim] Ivy Cudgel Water
|-damage|p1a: Ribombee|6/100
|
|upkeep
|turn|19
|
|t:|1758279455
|switch|p2a: Incineroar|Incineroar, M|76/100
|-activate|p2a: Incineroar|move: Sticky Web
|-unboost|p2a: Incineroar|spe|1
|-damage|p2a: Incineroar|51/100|[from] Stealth Rock
|-ability|p2a: Incineroar|Intimidate|boost
|-unboost|p1a: Ribombee|atk|1
|move|p1a: Ribombee|Moonblast|p2a: Incineroar
|-damage|p2a: Incineroar|32/100
|
|upkeep
|turn|20
|
|t:|1758279464
|switch|p1a: Great Tusk|Great Tusk|47/100
|move|p2a: Incineroar|Close Combat|p1a: Great Tusk
|-damage|p1a: Great Tusk|28/100
|-unboost|p2a: Incineroar|def|1
|-unboost|p2a: Incineroar|spd|1
|
|-heal|p1a: Great Tusk|35/100|[from] item: Leftovers
|upkeep
|turn|21
|
|t:|1758279475
|move|p1a: Great Tusk|Body Press|p2a: Incineroar
|-supereffective|p2a: Incineroar
|-damage|p2a: Incineroar|0 fnt
|faint|p2a: Incineroar
|
|-heal|p1a: Great Tusk|41/100|[from] item: Leftovers
|upkeep
|inactive|shamire_vgc has 120 seconds left.
|
|t:|1758279512
|switch|p2a: Ogerpon|Ogerpon-Wellspring, F|30/100
|-activate|p2a: Ogerpon|move: Sticky Web
|-unboost|p2a: Ogerpon|spe|1
|-damage|p2a: Ogerpon|18/100|[from] Stealth Rock
|turn|22
|
|t:|1758279522
|move|p2a: Ogerpon|Ivy Cudgel|p1a: Great Tusk|[anim] Ivy Cudgel Water
|-supereffective|p1a: Great Tusk
|-crit|p1a: Great Tusk
|-damage|p1a: Great Tusk|0 fnt
|faint|p1a: Great Tusk
|-end|p1a: Great Tusk|Protosynthesis|[silent]
|
|upkeep
|
|t:|1758279541
|switch|p1a: Scizor|Scizor, F|100/100
|turn|23
|inactive|shamire_vgc has 120 seconds left.
|
|t:|1758279565
|move|p2a: Ogerpon|Spiky Shield|p2a: Ogerpon
|-singleturn|p2a: Ogerpon|move: Protect
|move|p1a: Scizor|Bullet Punch|p2a: Ogerpon
|-activate|p2a: Ogerpon|move: Protect
|-damage|p1a: Scizor|88/100|[from] Spiky Shield|[of] p2a: Ogerpon
|
|upkeep
|turn|24
|
|t:|1758279572
|move|p1a: Scizor|Bullet Punch|p2a: Ogerpon
|-resisted|p2a: Ogerpon
|-damage|p2a: Ogerpon|0 fnt
|faint|p2a: Ogerpon
|
|upkeep
|
|t:|1758279576
|switch|p2a: Garchomp|Garchomp, F|100/100
|-activate|p2a: Garchomp|move: Sticky Web
|-unboost|p2a: Garchomp|spe|1
|-damage|p2a: Garchomp|94/100|[from] Stealth Rock
|turn|25
|
|t:|1758279585
|switch|p1a: Alomomola|Alomomola, F|100/100
|move|p2a: Garchomp|Fire Fang|p1a: Alomomola
|-resisted|p1a: Alomomola
|-damage|p1a: Alomomola|92/100
|
|upkeep
|turn|26
|
|t:|1758279591
|switch|p2a: Garchomp|Garchomp, F|100/100
|-activate|p2a: Garchomp|move: Sticky Web
|-unboost|p2a: Garchomp|spe|1
|-damage|p2a: Garchomp|88/100|[from] Stealth Rock
|move|p1a: Alomomola|Ice Beam|p2a: Garchomp
|-damage|p2a: Garchomp|67/100
|replace|p2a: Zoroark|Zoroark, F
|-end|p2a: Zoroark|Illusion
|
|upkeep
|turn|27
|
|t:|1758279600
|move|p2a: Zoroark|Flamethrower|p1a: Alomomola
|-resisted|p1a: Alomomola
|-damage|p1a: Alomomola|85/100
|move|p1a: Alomomola|Play Rough|p2a: Zoroark
|-supereffective|p2a: Zoroark
|-damage|p2a: Zoroark|3/100
|
|upkeep
|turn|28
|
|t:|1758279608
|move|p2a: Zoroark|Dark Pulse|p1a: Alomomola
|-crit|p1a: Alomomola
|-damage|p1a: Alomomola|58/100
|move|p1a: Alomomola|Ice Beam|p2a: Zoroark
|-damage|p2a: Zoroark|0 fnt
|faint|p2a: Zoroark
|
|upkeep
|
|t:|1758279610
|switch|p2a: Garchomp|Garchomp, F|94/100
|-activate|p2a: Garchomp|move: Sticky Web
|-unboost|p2a: Garchomp|spe|1
|-damage|p2a: Garchomp|88/100|[from] Stealth Rock
|turn|29
|
|t:|1758279625
|move|p2a: Garchomp|Earthquake|p1a: Alomomola
|-damage|p1a: Alomomola|15/100
|move|p1a: Alomomola|Ice Beam|p2a: Garchomp
|-supereffective|p2a: Garchomp
|-damage|p2a: Garchomp|39/100
|
|upkeep
|turn|30
|-message|shamire_vgc forfeited.
|
|win|Gilsin3Perna
|raw|Gilsin3Perna's rating: 1270 &rarr; <strong>1294</strong><br />(+24 for winning)
|raw|shamire_vgc's rating: 1251 &rarr; <strong>1227</strong><br />(-24 for losing)
|l|☆shamire_vgc
|player|p2|
|l|☆Gilsin3Perna
|player|p1|
