|j|☆mrgentwo
|j|☆codemelo
|t:|1758295547
|gametype|singles
|player|p1|mrgentwo|ethan|1155
|player|p2|codemelo|falkner|1182
|gen|9
|tier|[Gen 9] OU
|rated|
|rule|HP Percentage Mod: HP is shown in percentages
|rule|Endless Battle Clause: Forcing endless battles is banned
|rule|Species Clause: Limit one of each Pokémon
|rule|OHKO Clause: OHKO moves are banned
|rule|Evasion Items Clause: Evasion items are banned
|rule|Evasion Moves Clause: Evasion moves are banned
|rule|Evasion Abilities Clause: Evasion abilities are banned
|rule|Sleep Moves Clause: Sleep-inducing moves are banned
|clearpoke
|poke|p1|Espeon, F|
|poke|p1|Entei|
|poke|p1|Walking Wake|
|poke|p1|Suicune|
|poke|p1|Magcargo, F|
|poke|p1|Forretress, F|
|poke|p2|Great Tusk|
|poke|p2|Iron Valiant|
|poke|p2|Dragonite, M|
|poke|p2|Kingambit, M|
|poke|p2|Rotom-Wash|
|poke|p2|Gholdengo|
|teampreview
|inactive|Battle timer is ON: inactive players will automatically lose when time's up. (requested by codemelo)
|
|t:|1758295568
|teamsize|p1|6
|teamsize|p2|6
|start
|switch|p1a: Entei|Entei, shiny|100/100
|switch|p2a: Great Tusk|Great Tusk|100/100
|-ability|p1a: Entei|Pressure
|turn|1
|inactive|codemelo has 120 seconds left.
|
|t:|1758295603
|move|p1a: Entei|Sacred Fire|p2a: Great Tusk
|-damage|p2a: Great Tusk|69/100
|-status|p2a: Great Tusk|brn
|move|p2a: Great Tusk|Earthquake|p1a: Entei
|-supereffective|p1a: Entei
|-damage|p1a: Entei|52/100
|
|-heal|p2a: Great Tusk|76/100 brn|[from] item: Leftovers
|-damage|p2a: Great Tusk|69/100 brn|[from] brn
|upkeep
|turn|2
|inactive|mrgentwo has 120 seconds left.
|
|t:|1758295633
|switch|p1a: Walking Wake|Walking Wake|100/100
|-enditem|p1a: Walking Wake|Booster Energy
|-activate|p1a: Walking Wake|ability: Protosynthesis|[fromitem]
|-start|p1a: Walking Wake|protosynthesisspa
|move|p2a: Great Tusk|Earthquake|p1a: Walking Wake
|-damage|p1a: Walking Wake|77/100
|
|-heal|p2a: Great Tusk|76/100 brn|[from] item: Leftovers
|-damage|p2a: Great Tusk|69/100 brn|[from] brn
|upkeep
|turn|3
|
|t:|1758295645
|-end|p2a: Great Tusk|Protosynthesis|[silent]
|switch|p2a: Iron Valiant|Iron Valiant|100/100
|move|p1a: Walking Wake|Hydro Steam|p2a: Iron Valiant
|-damage|p2a: Iron Valiant|4/100
|
|upkeep
|turn|4
|
|t:|1758295651
|move|p1a: Walking Wake|Aqua Jet|p2a: Iron Valiant
|-damage|p2a: Iron Valiant|0 fnt
|faint|p2a: Iron Valiant
|-end|p2a: Iron Valiant|Quark Drive|[silent]
|
|upkeep
|
|t:|1758295663
|switch|p2a: Rotom|Rotom-Wash|100/100
|turn|5
|inactive|mrgentwo has 120 seconds left.
|
|t:|1758295711
|move|p1a: Walking Wake|Draco Meteor|p2a: Rotom
|-damage|p2a: Rotom|37/100
|-unboost|p1a: Walking Wake|spa|2
|move|p2a: Rotom|Volt Switch|p1a: Walking Wake
|-damage|p1a: Walking Wake|45/100
|
|t:|1758295725
|switch|p2a: Gholdengo|Gholdengo|100/100|[from] Volt Switch
|
|upkeep
|turn|6
|
|t:|1758295736
|move|p1a: Walking Wake|Flamethrower|p2a: Gholdengo
|-supereffective|p2a: Gholdengo
|-damage|p2a: Gholdengo|57/100
|move|p2a: Gholdengo|Make It Rain|p1a: Walking Wake
|-resisted|p1a: Walking Wake
|-damage|p1a: Walking Wake|0 fnt
|-unboost|p2a: Gholdengo|spa|1
|faint|p1a: Walking Wake
|-end|p1a: Walking Wake|Protosynthesis|[silent]
|
|upkeep
|
|t:|1758295765
|switch|p1a: Magcargo|Magcargo, F|100/100
|turn|7
|
|t:|1758295779
|switch|p2a: Great Tusk|Great Tusk|69/100 brn
|move|p1a: Magcargo|Shell Smash|p1a: Magcargo
|-unboost|p1a: Magcargo|def|1
|-unboost|p1a: Magcargo|spd|1
|-boost|p1a: Magcargo|atk|2
|-boost|p1a: Magcargo|spa|2
|-boost|p1a: Magcargo|spe|2
|-enditem|p1a: Magcargo|White Herb
|-clearnegativeboost|p1a: Magcargo|[silent]
|
|-heal|p2a: Great Tusk|76/100 brn|[from] item: Leftovers
|-damage|p2a: Great Tusk|69/100 brn|[from] brn
|upkeep
|turn|8
|
|t:|1758295791
|-terastallize|p1a: Magcargo|Grass
|move|p1a: Magcargo|Shell Smash|p1a: Magcargo
|-unboost|p1a: Magcargo|def|1
|-unboost|p1a: Magcargo|spd|1
|-boost|p1a: Magcargo|atk|2
|-boost|p1a: Magcargo|spa|2
|-boost|p1a: Magcargo|spe|2
|move|p2a: Great Tusk|Earthquake|p1a: Magcargo
|-resisted|p1a: Magcargo
|-damage|p1a: Magcargo|82/100
|
|-heal|p2a: Great Tusk|76/100 brn|[from] item: Leftovers
|-damage|p2a: Great Tusk|69/100 brn|[from] brn
|upkeep
|turn|9
|inactive|codemelo has 120 seconds left.
|
|t:|1758295816
|-end|p2a: Great Tusk|Protosynthesis|[silent]
|switch|p2a: Rotom|Rotom-Wash|37/100
|move|p1a: Magcargo|Tera Blast|p2a: Rotom|[anim] Tera Blast Grass
|-supereffective|p2a: Rotom
|-damage|p2a: Rotom|0 fnt
|faint|p2a: Rotom
|
|upkeep
|inactive|codemelo has 120 seconds left.
|
|t:|1758295822
|switch|p2a: Dragonite|Dragonite, M|100/100
|turn|10
|inactive|mrgentwo has 120 seconds left.
|
|t:|1758295830
|move|p1a: Magcargo|Lava Plume|p2a: Dragonite
|-resisted|p2a: Dragonite
|-damage|p2a: Dragonite|70/100
|-status|p2a: Dragonite|brn
|move|p2a: Dragonite|Fire Punch|p1a: Magcargo
|-supereffective|p1a: Magcargo
|-damage|p1a: Magcargo|37/100
|
|-damage|p2a: Dragonite|64/100 brn|[from] brn
|upkeep
|turn|11
|inactive|mrgentwo has 120 seconds left.
|
|t:|1758295845
|move|p1a: Magcargo|Stealth Rock|p2a: Dragonite
|-sidestart|p2: codemelo|move: Stealth Rock
|move|p2a: Dragonite|Fire Punch|p1a: Magcargo
|-supereffective|p1a: Magcargo
|-damage|p1a: Magcargo|0 fnt
|faint|p1a: Magcargo
|
|-damage|p2a: Dragonite|58/100 brn|[from] brn
|upkeep
|
|t:|1758295865
|switch|p1a: Espeon|Espeon, F, shiny|100/100
|turn|12
|
|t:|1758295872
|switch|p2a: Great Tusk|Great Tusk|69/100 brn
|-damage|p2a: Great Tusk|66/100 brn|[from] Stealth Rock
|move|p1a: Espeon|Trick|p2a: Great Tusk
|-activate|p1a: Espeon|move: Trick|[of] p2a: Great Tusk
|-item|p2a: Great Tusk|Choice Scarf|[from] move: Trick
|-item|p1a: Espeon|Leftovers|[from] move: Trick
|
|-damage|p2a: Great Tusk|60/100 brn|[from] brn
|upkeep
|turn|13
|inactive|mrgentwo has 90 seconds left.
|
|t:|1758295902
|switch|p1a: Suicune|Suicune, shiny|100/100
|-ability|p1a: Suicune|Pressure
|move|p2a: Great Tusk|Knock Off|p1a: Suicune
|-damage|p1a: Suicune|91/100
|-enditem|p1a: Suicune|Chesto Berry|[from] move: Knock Off|[of] p2a: Great Tusk
|
|-damage|p2a: Great Tusk|54/100 brn|[from] brn
|upkeep
|turn|14
|
|t:|1758295923
|-end|p2a: Great Tusk|Protosynthesis|[silent]
|switch|p2a: Gholdengo|Gholdengo|57/100
|-damage|p2a: Gholdengo|51/100|[from] Stealth Rock
|move|p1a: Suicune|Calm Mind|p1a: Suicune
|-boost|p1a: Suicune|spa|1
|-boost|p1a: Suicune|spd|1
|
|upkeep
|turn|15
|
|t:|1758295939
|move|p2a: Gholdengo|Make It Rain|p1a: Suicune
|-resisted|p1a: Suicune
|-damage|p1a: Suicune|67/100
|-unboost|p2a: Gholdengo|spa|1
|move|p1a: Suicune|Scald|p2a: Gholdengo
|-crit|p2a: Gholdengo
|-damage|p2a: Gholdengo|0 fnt
|faint|p2a: Gholdengo
|
|upkeep
|inactive|codemelo has 120 seconds left.
|
|t:|1758295952
|switch|p2a: Great Tusk|Great Tusk|54/100 brn
|-damage|p2a: Great Tusk|51/100 brn|[from] Stealth Rock
|turn|16
|
|t:|1758295962
|move|p2a: Great Tusk|Knock Off|p1a: Suicune
|-damage|p1a: Suicune|60/100
|move|p1a: Suicune|Scald|p2a: Great Tusk
|-supereffective|p2a: Great Tusk
|-damage|p2a: Great Tusk|0 fnt
|faint|p2a: Great Tusk
|-end|p2a: Great Tusk|Protosynthesis|[silent]
|
|upkeep
|
|t:|1758295969
|switch|p2a: Dragonite|Dragonite, M|58/100 brn
|turn|17
|
|t:|1758295976
|move|p2a: Dragonite|Dragon Dance|p2a: Dragonite
|-boost|p2a: Dragonite|atk|1
|-boost|p2a: Dragonite|spe|1
|move|p1a: Suicune|Ice Beam|p2a: Dragonite
|-supereffective|p2a: Dragonite
|-crit|p2a: Dragonite
|-damage|p2a: Dragonite|0 fnt
|faint|p2a: Dragonite
|
|upkeep
|
|t:|1758295983
|switch|p2a: Kingambit|Kingambit, M|100/100
|-damage|p2a: Kingambit|94/100|[from] Stealth Rock
|-activate|p2a: Kingambit|ability: Supreme Overlord
|-start|p2a: Kingambit|fallen5|[silent]
|turn|18
|
|t:|1758295990
|move|p2a: Kingambit|Sucker Punch|p1a: Suicune
|-damage|p1a: Suicune|3/100
|move|p1a: Suicune|Scald|p2a: Kingambit
|-damage|p2a: Kingambit|43/100
|-status|p2a: Kingambit|brn
|
|-damage|p2a: Kingambit|37/100 brn|[from] brn
|upkeep
|turn|19
|
|t:|1758296002
|-terastallize|p2a: Kingambit|Dark
|move|p2a: Kingambit|Sucker Punch||[still]
|-fail|p2a: Kingambit
|move|p1a: Suicune|Rest|p1a: Suicune
|-status|p1a: Suicune|slp|[from] move: Rest
|-heal|p1a: Suicune|100/100 slp|[silent]
|
|-damage|p2a: Kingambit|31/100 brn|[from] brn
|upkeep
|turn|20
|
|t:|1758296011
|switch|p1a: Forretress|Forretress, F|100/100
|move|p2a: Kingambit|Kowtow Cleave|p1a: Forretress
|-damage|p1a: Forretress|68/100
|
|-damage|p2a: Kingambit|25/100 brn|[from] brn
|upkeep
|turn|21
|-message|codemelo forfeited.
|
|win|mrgentwo
|raw|mrgentwo's rating: 1155 &rarr; <strong>1182</strong><br />(+27 for winning)
|raw|codemelo's rating: 1182 &rarr; <strong>1155</strong><br />(-27 for losing)
|l|☆codemelo
|player|p2|
