|j|☆QingKe
|j|☆leezee-yy
|t:|1758263621
|gametype|singles
|player|p1|QingKe|102|1323
|player|p2|leezee-yy|steven|1388
|gen|9
|tier|[Gen 9] OU
|rated|
|rule|HP Percentage Mod: HP is shown in percentages
|rule|Endless Battle Clause: Forcing endless battles is banned
|rule|Species Clause: Limit one of each Pokémon
|rule|OHKO Clause: OHKO moves are banned
|rule|Evasion Items Clause: Evasion items are banned
|rule|Evasion Moves Clause: Evasion moves are banned
|rule|Evasion Abilities Clause: Evasion abilities are banned
|rule|Sleep Moves Clause: Sleep-inducing moves are banned
|clearpoke
|poke|p1|Walking Wake|
|poke|p1|Raging Bolt|
|poke|p1|Landorus-Therian, M|
|poke|p1|Leafeon, M|
|poke|p1|Cinderace, M|
|poke|p1|Torkoal, F|
|poke|p2|Gengar, M|
|poke|p2|Conkeldurr, F|
|poke|p2|Metagross|
|poke|p2|Zapdos|
|poke|p2|Meowscarada, F|
|poke|p2|Zamazenta-*|
|teampreview
|inactive|Battle timer is ON: inactive players will automatically lose when time's up. (requested by leezee-yy)
|
|t:|1758263647
|teamsize|p1|6
|teamsize|p2|6
|start
|switch|p1a: Cinderace|Cinderace, M|100/100
|switch|p2a: Meowscarada|Meowscarada, F|100/100
|turn|1
|
|t:|1758263653
|move|p2a: Meowscarada|U-turn|p1a: Cinderace
|-start|p2a: Meowscarada|typechange|Bug|[from] ability: Protean
|-resisted|p1a: Cinderace
|-damage|p1a: Cinderace|66/100
|
|t:|1758263660
|switch|p2a: Zapdos|Zapdos|100/100|[from] U-turn
|move|p1a: Cinderace|U-turn|p2a: Zapdos
|-start|p1a: Cinderace|typechange|Bug|[from] ability: Libero
|-resisted|p2a: Zapdos
|-damage|p2a: Zapdos|89/100
|-damage|p1a: Cinderace|49/100|[from] item: Rocky Helmet|[of] p2a: Zapdos
|-status|p1a: Cinderace|par|[from] ability: Static|[of] p2a: Zapdos
|
|t:|1758263665
|switch|p1a: Torkoal|Torkoal, F|100/100|[from] U-turn
|-weather|SunnyDay|[from] ability: Drought|[of] p1a: Torkoal
|
|-weather|SunnyDay|[upkeep]
|upkeep
|turn|2
|
|t:|1758263675
|switch|p1a: Landorus|Landorus-Therian, M|100/100
|-ability|p1a: Landorus|Intimidate|boost
|-unboost|p2a: Zapdos|atk|1
|move|p2a: Zapdos|Discharge|p1a: Landorus
|-immune|p1a: Landorus
|
|-weather|SunnyDay|[upkeep]
|upkeep
|turn|3
|
|t:|1758263684
|move|p2a: Zapdos|Heat Wave|p1a: Landorus
|-damage|p1a: Landorus|48/100
|move|p1a: Landorus|Stone Edge|p2a: Zapdos
|-supereffective|p2a: Zapdos
|-damage|p2a: Zapdos|27/100
|
|-weather|SunnyDay|[upkeep]
|-heal|p1a: Landorus|54/100|[from] item: Leftovers
|upkeep
|turn|4
|
|t:|1758263696
|move|p2a: Zapdos|Heat Wave|p1a: Landorus
|-damage|p1a: Landorus|5/100
|move|p1a: Landorus|Stone Edge|p2a: Zapdos
|-supereffective|p2a: Zapdos
|-crit|p2a: Zapdos
|-damage|p2a: Zapdos|0 fnt
|faint|p2a: Zapdos
|
|-weather|SunnyDay|[upkeep]
|-heal|p1a: Landorus|11/100|[from] item: Leftovers
|upkeep
|
|t:|1758263700
|switch|p2a: Meowscarada|Meowscarada, F|100/100
|turn|5
|
|t:|1758263722
|switch|p1a: Cinderace|Cinderace, M|49/100 par
|move|p2a: Meowscarada|U-turn|p1a: Cinderace
|-start|p2a: Meowscarada|typechange|Bug|[from] ability: Protean
|-resisted|p1a: Cinderace
|-damage|p1a: Cinderace|15/100 par
|
|t:|1758263730
|switch|p2a: Gengar|Gengar, M|100/100|[from] U-turn
|
|-weather|SunnyDay|[upkeep]
|upkeep
|turn|6
|
|t:|1758263733
|move|p2a: Gengar|Shadow Ball|p1a: Cinderace
|-damage|p1a: Cinderace|0 fnt
|faint|p1a: Cinderace
|
|-weather|SunnyDay|[upkeep]
|upkeep
|
|t:|1758263740
|switch|p1a: Leafeon|Leafeon, M|100/100
|turn|7
|
|t:|1758263753
|move|p1a: Leafeon|Knock Off|p2a: Gengar
|-supereffective|p2a: Gengar
|-enditem|p2a: Gengar|Focus Sash
|-damage|p2a: Gengar|1/100
|-damage|p1a: Leafeon|91/100|[from] item: Life Orb
|move|p2a: Gengar|Sludge Bomb|p1a: Leafeon
|-supereffective|p1a: Leafeon
|-damage|p1a: Leafeon|0 fnt
|faint|p1a: Leafeon
|
|-weather|SunnyDay|[upkeep]
|upkeep
|
|t:|1758263766
|switch|p1a: Walking Wake|Walking Wake|100/100
|-activate|p1a: Walking Wake|ability: Protosynthesis
|-start|p1a: Walking Wake|protosynthesisspa
|turn|8
|
|t:|1758263772
|move|p2a: Gengar|Sludge Bomb|p1a: Walking Wake
|-damage|p1a: Walking Wake|47/100
|move|p1a: Walking Wake|Hydro Steam|p2a: Gengar
|-damage|p2a: Gengar|0 fnt
|-start|p1a: Walking Wake|Disable|Hydro Steam|[from] ability: Cursed Body|[of] p2a: Gengar
|faint|p2a: Gengar
|-damage|p1a: Walking Wake|38/100|[from] item: Life Orb
|
|-weather|none
|-end|p1a: Walking Wake|Protosynthesis
|upkeep
|
|t:|1758263777
|switch|p2a: Meowscarada|Meowscarada, F|100/100
|turn|9
|
|t:|1758263780
|-end|p1a: Walking Wake|Protosynthesis|[silent]
|switch|p1a: Torkoal|Torkoal, F|100/100
|-weather|SunnyDay|[from] ability: Drought|[of] p1a: Torkoal
|move|p2a: Meowscarada|Knock Off|p1a: Torkoal
|-start|p2a: Meowscarada|typechange|Dark|[from] ability: Protean
|-damage|p1a: Torkoal|61/100
|-enditem|p1a: Torkoal|Heat Rock|[from] move: Knock Off|[of] p2a: Meowscarada
|
|-weather|SunnyDay|[upkeep]
|upkeep
|turn|10
|
|t:|1758263793
|switch|p2a: Conkeldurr|Conkeldurr, F|100/100
|move|p1a: Torkoal|Body Press|p2a: Conkeldurr
|-damage|p2a: Conkeldurr|71/100
|
|-weather|SunnyDay|[upkeep]
|-heal|p2a: Conkeldurr|77/100|[from] item: Leftovers
|upkeep
|turn|11
|
|t:|1758263804
|switch|p1a: Landorus|Landorus-Therian, M|11/100
|-ability|p1a: Landorus|Intimidate|boost
|-unboost|p2a: Conkeldurr|atk|1
|move|p2a: Conkeldurr|Mach Punch|p1a: Landorus
|-resisted|p1a: Landorus
|-damage|p1a: Landorus|1/100
|
|-weather|SunnyDay|[upkeep]
|-heal|p1a: Landorus|7/100|[from] item: Leftovers
|-heal|p2a: Conkeldurr|83/100|[from] item: Leftovers
|upkeep
|turn|12
|
|t:|1758263817
|switch|p1a: Torkoal|Torkoal, F|61/100
|move|p2a: Conkeldurr|Mach Punch|p1a: Torkoal
|-damage|p1a: Torkoal|50/100
|
|-weather|SunnyDay|[upkeep]
|-heal|p2a: Conkeldurr|89/100|[from] item: Leftovers
|upkeep
|turn|13
|
|t:|1758263823
|move|p2a: Conkeldurr|Mach Punch|p1a: Torkoal
|-damage|p1a: Torkoal|38/100
|move|p1a: Torkoal|Eruption|p2a: Conkeldurr
|-damage|p2a: Conkeldurr|60/100
|
|-weather|SunnyDay|[upkeep]
|-heal|p2a: Conkeldurr|66/100|[from] item: Leftovers
|upkeep
|turn|14
|
|t:|1758263832
|move|p2a: Conkeldurr|Fire Punch|p1a: Torkoal
|-resisted|p1a: Torkoal
|-damage|p1a: Torkoal|27/100
|move|p1a: Torkoal|Eruption|p2a: Conkeldurr
|-damage|p2a: Conkeldurr|42/100
|
|-weather|SunnyDay|[upkeep]
|-heal|p2a: Conkeldurr|49/100|[from] item: Leftovers
|upkeep
|turn|15
|
|t:|1758263842
|move|p2a: Conkeldurr|Fire Punch|p1a: Torkoal
|-resisted|p1a: Torkoal
|-damage|p1a: Torkoal|16/100
|move|p1a: Torkoal|Eruption|p2a: Conkeldurr
|-damage|p2a: Conkeldurr|35/100
|
|-weather|SunnyDay|[upkeep]
|-heal|p2a: Conkeldurr|41/100|[from] item: Leftovers
|upkeep
|turn|16
|
|t:|1758263858
|switch|p1a: Landorus|Landorus-Therian, M|7/100
|-ability|p1a: Landorus|Intimidate|boost
|-unboost|p2a: Conkeldurr|atk|1
|move|p2a: Conkeldurr|Fire Punch|p1a: Landorus
|-damage|p1a: Landorus|0 fnt
|faint|p1a: Landorus
|
|-weather|none
|-heal|p2a: Conkeldurr|48/100|[from] item: Leftovers
|upkeep
|
|t:|1758263868
|switch|p1a: Torkoal|Torkoal, F|16/100
|-weather|SunnyDay|[from] ability: Drought|[of] p1a: Torkoal
|turn|17
|
|t:|1758263871
|switch|p2a: Meowscarada|Meowscarada, F|100/100
|move|p1a: Torkoal|Body Press|p2a: Meowscarada
|-supereffective|p2a: Meowscarada
|-damage|p2a: Meowscarada|8/100
|
|-weather|SunnyDay|[upkeep]
|upkeep
|turn|18
|
|t:|1758263878
|move|p2a: Meowscarada|U-turn|p1a: Torkoal
|-start|p2a: Meowscarada|typechange|Bug|[from] ability: Protean
|-resisted|p1a: Torkoal
|-damage|p1a: Torkoal|2/100
|
|t:|1758263884
|switch|p2a: Conkeldurr|Conkeldurr, F|48/100|[from] U-turn
|move|p1a: Torkoal|Eruption|p2a: Conkeldurr
|-damage|p2a: Conkeldurr|46/100
|
|-weather|SunnyDay|[upkeep]
|-heal|p2a: Conkeldurr|52/100|[from] item: Leftovers
|upkeep
|turn|19
|
|t:|1758263893
|switch|p2a: Metagross|Metagross, shiny|100/100
|move|p1a: Torkoal|Body Press|p2a: Metagross
|-damage|p2a: Metagross|76/100
|
|-weather|SunnyDay|[upkeep]
|-heal|p2a: Metagross|82/100|[from] item: Leftovers
|upkeep
|turn|20
|
|t:|1758263900
|switch|p2a: Conkeldurr|Conkeldurr, F|52/100
|move|p1a: Torkoal|Earth Power|p2a: Conkeldurr
|-damage|p2a: Conkeldurr|32/100
|
|-weather|SunnyDay|[upkeep]
|-heal|p2a: Conkeldurr|39/100|[from] item: Leftovers
|upkeep
|turn|21
|
|t:|1758263908
|switch|p1a: Walking Wake|Walking Wake|38/100
|-activate|p1a: Walking Wake|ability: Protosynthesis
|-start|p1a: Walking Wake|protosynthesisspa
|move|p2a: Conkeldurr|Mach Punch|p1a: Walking Wake
|-damage|p1a: Walking Wake|8/100
|
|-weather|none
|-end|p1a: Walking Wake|Protosynthesis
|-heal|p2a: Conkeldurr|45/100|[from] item: Leftovers
|upkeep
|turn|22
|
|t:|1758263910
|move|p2a: Conkeldurr|Mach Punch|p1a: Walking Wake
|-damage|p1a: Walking Wake|0 fnt
|faint|p1a: Walking Wake
|-end|p1a: Walking Wake|Protosynthesis|[silent]
|
|-heal|p2a: Conkeldurr|51/100|[from] item: Leftovers
|upkeep
|-message|QingKe forfeited.
|
|win|leezee-yy
|raw|QingKe's rating: 1323 &rarr; <strong>1307</strong><br />(-16 for losing)
|raw|leezee-yy's rating: 1388 &rarr; <strong>1404</strong><br />(+16 for winning)
|l|☆QingKe
|player|p1|
|l|☆leezee-yy
|player|p2|
