|j|☆digiwayne003
|j|☆CarthagoNova1
|t:|1758261109
|gametype|singles
|player|p1|digiwayne003|beauty|1283
|player|p2|CarthagoNova1|alder|1280
|gen|9
|tier|[Gen 9] OU
|rated|
|rule|HP Percentage Mod: HP is shown in percentages
|rule|Endless Battle Clause: Forcing endless battles is banned
|rule|Species Clause: Limit one of each Pokémon
|rule|OHKO Clause: OHKO moves are banned
|rule|Evasion Items Clause: Evasion items are banned
|rule|Evasion Moves Clause: Evasion moves are banned
|rule|Evasion Abilities Clause: Evasion abilities are banned
|rule|Sleep Moves Clause: Sleep-inducing moves are banned
|clearpoke
|poke|p1|Armarouge, M|
|poke|p1|Indeedee, M|
|poke|p1|Kyurem|
|poke|p1|Drednaw, F|
|poke|p1|Great Tusk|
|poke|p1|Iron Treads|
|poke|p2|Darkrai|
|poke|p2|Ogerpon-Wellspring, F|
|poke|p2|Gliscor, M|
|poke|p2|Slowking-Galar, F|
|poke|p2|Glimmora, F|
|poke|p2|Raging Bolt|
|teampreview
|inactive|Battle timer is ON: inactive players will automatically lose when time's up. (requested by digiwayne003)
|
|t:|1758261116
|teamsize|p1|6
|teamsize|p2|6
|start
|switch|p1a: Kyurem|Kyurem|100/100
|switch|p2a: Ogerpon|Ogerpon-Wellspring, F|100/100
|-ability|p1a: Kyurem|Pressure
|turn|1
|
|t:|1758261124
|move|p2a: Ogerpon|U-turn|p1a: Kyurem
|-crit|p1a: Kyurem
|-damage|p1a: Kyurem|74/100
|
|t:|1758261129
|switch|p2a: Slowking|Slowking-Galar, F|100/100|[from] U-turn
|move|p1a: Kyurem|Earth Power|p2a: Slowking
|-supereffective|p2a: Slowking
|-damage|p2a: Slowking|69/100
|
|upkeep
|turn|2
|
|t:|1758261140
|switch|p1a: Iron Treads|Iron Treads|100/100
|-enditem|p1a: Iron Treads|Booster Energy
|-activate|p1a: Iron Treads|ability: Quark Drive|[fromitem]
|-start|p1a: Iron Treads|quarkdrivespe
|move|p2a: Slowking|Ice Beam|p1a: Iron Treads
|-damage|p1a: Iron Treads|69/100
|
|upkeep
|turn|3
|
|t:|1758261149
|switch|p2a: Ogerpon|Ogerpon-Wellspring, F|100/100
|move|p1a: Iron Treads|Stealth Rock|p2a: Ogerpon
|-sidestart|p2: CarthagoNova1|move: Stealth Rock
|
|upkeep
|turn|4
|
|t:|1758261157
|-end|p1a: Iron Treads|Quark Drive|[silent]
|switch|p1a: Kyurem|Kyurem|74/100
|-ability|p1a: Kyurem|Pressure
|move|p2a: Ogerpon|Ivy Cudgel|p1a: Kyurem|[anim] Ivy Cudgel Water
|-resisted|p1a: Kyurem
|-damage|p1a: Kyurem|54/100
|
|upkeep
|turn|5
|
|t:|1758261161
|move|p2a: Ogerpon|U-turn|p1a: Kyurem
|-damage|p1a: Kyurem|33/100
|
|t:|1758261168
|switch|p2a: Darkrai|Darkrai|100/100|[from] U-turn
|move|p1a: Kyurem|Freeze-Dry|p2a: Darkrai
|-damage|p2a: Darkrai|51/100
|
|upkeep
|turn|6
|
|t:|1758261176
|move|p2a: Darkrai|Dark Pulse|p1a: Kyurem
|-damage|p1a: Kyurem|6/100
|move|p1a: Kyurem|Body Press|p2a: Darkrai
|-supereffective|p2a: Darkrai
|-crit|p2a: Darkrai
|-damage|p2a: Darkrai|0 fnt
|faint|p2a: Darkrai
|
|upkeep
|
|t:|1758261183
|switch|p2a: Ogerpon|Ogerpon-Wellspring, F|100/100
|-damage|p2a: Ogerpon|88/100|[from] Stealth Rock
|turn|7
|
|t:|1758261186
|move|p2a: Ogerpon|Ivy Cudgel|p1a: Kyurem|[anim] Ivy Cudgel Water
|-resisted|p1a: Kyurem
|-damage|p1a: Kyurem|0 fnt
|faint|p1a: Kyurem
|
|upkeep
|
|t:|1758261192
|switch|p1a: Indeedee|Indeedee, M|100/100
|-fieldstart|move: Psychic Terrain|[from] ability: Psychic Surge|[of] p1a: Indeedee
|turn|8
|
|t:|1758261203
|switch|p1a: Iron Treads|Iron Treads|69/100
|move|p2a: Ogerpon|U-turn|p1a: Iron Treads
|-resisted|p1a: Iron Treads
|-crit|p1a: Iron Treads
|-damage|p1a: Iron Treads|54/100
|
|t:|1758261206
|switch|p2a: Gliscor|Gliscor, M|100/100|[from] U-turn
|-damage|p2a: Gliscor|88/100|[from] Stealth Rock
|
|-status|p2a: Gliscor|tox|[from] item: Toxic Orb
|upkeep
|turn|9
|
|t:|1758261212
|move|p1a: Iron Treads|Knock Off|p2a: Gliscor
|-damage|p2a: Gliscor|72/100 tox
|-enditem|p2a: Gliscor|Toxic Orb|[from] move: Knock Off|[of] p1a: Iron Treads
|move|p2a: Gliscor|Spikes|p1a: Iron Treads
|-sidestart|p1: digiwayne003|Spikes
|
|-heal|p2a: Gliscor|85/100 tox|[from] ability: Poison Heal
|upkeep
|turn|10
|
|t:|1758261219
|switch|p2a: Ogerpon|Ogerpon-Wellspring, F|88/100
|-damage|p2a: Ogerpon|76/100|[from] Stealth Rock
|move|p1a: Iron Treads|Rapid Spin|p2a: Ogerpon
|-damage|p2a: Ogerpon|60/100
|-boost|p1a: Iron Treads|spe|1
|-sideend|p1: digiwayne003|Spikes|[from] move: Rapid Spin|[of] p1a: Iron Treads
|
|upkeep
|turn|11
|
|t:|1758261226
|move|p1a: Iron Treads|Knock Off|p2a: Ogerpon
|-damage|p2a: Ogerpon|37/100
|move|p2a: Ogerpon|Ivy Cudgel|p1a: Iron Treads|[anim] Ivy Cudgel Water
|-supereffective|p1a: Iron Treads
|-crit|p1a: Iron Treads
|-damage|p1a: Iron Treads|0 fnt
|faint|p1a: Iron Treads
|-end|p1a: Iron Treads|Quark Drive|[silent]
|
|upkeep
|
|t:|1758261231
|switch|p1a: Armarouge|Armarouge, M|100/100
|turn|12
|
|t:|1758261241
|move|p2a: Ogerpon|U-turn|p1a: Armarouge
|-damage|p1a: Armarouge|72/100
|-ability|p1a: Armarouge|Weak Armor|boost
|-unboost|p1a: Armarouge|def|1
|-boost|p1a: Armarouge|spe|2
|
|t:|1758261248
|switch|p2a: Glimmora|Glimmora, F|100/100|[from] U-turn
|move|p1a: Armarouge|Calm Mind|p1a: Armarouge
|-boost|p1a: Armarouge|spa|1
|-boost|p1a: Armarouge|spd|1
|
|upkeep
|turn|13
|
|t:|1758261255
|-terastallize|p1a: Armarouge|Psychic
|move|p1a: Armarouge|Expanding Force|p2a: Glimmora
|-supereffective|p2a: Glimmora
|-damage|p2a: Glimmora|0 fnt
|faint|p2a: Glimmora
|
|upkeep
|
|t:|1758261271
|switch|p2a: Slowking|Slowking-Galar, F|100/100
|-damage|p2a: Slowking|88/100|[from] Stealth Rock
|turn|14
|
|t:|1758261276
|-terastallize|p2a: Slowking|Water
|move|p1a: Armarouge|Calm Mind|p1a: Armarouge
|-boost|p1a: Armarouge|spa|1
|-boost|p1a: Armarouge|spd|1
|move|p2a: Slowking|Psyshock|p1a: Armarouge
|-resisted|p1a: Armarouge
|-damage|p1a: Armarouge|29/100
|
|upkeep
|turn|15
|
|t:|1758261286
|move|p1a: Armarouge|Expanding Force|p2a: Slowking
|-damage|p2a: Slowking|0 fnt
|faint|p2a: Slowking
|
|-fieldend|move: Psychic Terrain
|upkeep
|
|t:|1758261288
|switch|p2a: Raging Bolt|Raging Bolt|100/100
|-damage|p2a: Raging Bolt|88/100|[from] Stealth Rock
|turn|16
|
|t:|1758261294
|switch|p1a: Indeedee|Indeedee, M|100/100
|-fieldstart|move: Psychic Terrain|[from] ability: Psychic Surge|[of] p1a: Indeedee
|move|p2a: Raging Bolt|Thunderclap||[still]
|-fail|p2a: Raging Bolt
|
|upkeep
|turn|17
|
|t:|1758261300
|-end|p2a: Raging Bolt|Protosynthesis|[silent]
|switch|p2a: Gliscor|Gliscor, M|85/100 tox
|-damage|p2a: Gliscor|72/100 tox|[from] Stealth Rock
|move|p1a: Indeedee|Healing Wish|p1a: Indeedee
|faint|p1a: Indeedee
|
|-heal|p2a: Gliscor|85/100 tox|[from] ability: Poison Heal
|upkeep
|
|t:|1758261307
|switch|p1a: Armarouge|Armarouge, M, tera:Psychic|29/100
|-heal|p1a: Armarouge|100/100|[from] move: Healing Wish
|turn|18
|
|t:|1758261311
|move|p1a: Armarouge|Calm Mind|p1a: Armarouge
|-boost|p1a: Armarouge|spa|1
|-boost|p1a: Armarouge|spd|1
|move|p2a: Gliscor|Toxic|p1a: Armarouge
|-status|p1a: Armarouge|tox
|
|-damage|p1a: Armarouge|94/100 tox|[from] psn
|-heal|p2a: Gliscor|97/100 tox|[from] ability: Poison Heal
|upkeep
|turn|19
|
|t:|1758261320
|move|p2a: Gliscor|Protect|p2a: Gliscor
|-singleturn|p2a: Gliscor|Protect
|move|p1a: Armarouge|Calm Mind|p1a: Armarouge
|-boost|p1a: Armarouge|spa|1
|-boost|p1a: Armarouge|spd|1
|
|-damage|p1a: Armarouge|82/100 tox|[from] psn
|-heal|p2a: Gliscor|100/100 tox|[from] ability: Poison Heal
|upkeep
|turn|20
|
|t:|1758261324
|move|p2a: Gliscor|Protect||[still]
|-fail|p2a: Gliscor
|move|p1a: Armarouge|Expanding Force|p2a: Gliscor
|-damage|p2a: Gliscor|0 fnt
|faint|p2a: Gliscor
|
|-damage|p1a: Armarouge|64/100 tox|[from] psn
|upkeep
|
|t:|1758261329
|switch|p2a: Ogerpon|Ogerpon-Wellspring, F|37/100
|-damage|p2a: Ogerpon|25/100|[from] Stealth Rock
|turn|21
|
|t:|1758261336
|move|p2a: Ogerpon|Ivy Cudgel|p1a: Armarouge|[anim] Ivy Cudgel Water
|-damage|p1a: Armarouge|4/100 tox
|-ability|p1a: Armarouge|Weak Armor|boost
|-unboost|p1a: Armarouge|def|1
|-boost|p1a: Armarouge|spe|2
|move|p1a: Armarouge|Expanding Force|p2a: Ogerpon
|-damage|p2a: Ogerpon|0 fnt
|faint|p2a: Ogerpon
|
|-damage|p1a: Armarouge|0 fnt|[from] psn
|faint|p1a: Armarouge
|upkeep
|
|t:|1758261344
|switch|p2a: Raging Bolt|Raging Bolt|88/100
|switch|p1a: Drednaw|Drednaw, F|100/100
|-damage|p2a: Raging Bolt|76/100|[from] Stealth Rock
|turn|22
|
|t:|1758261354
|move|p1a: Drednaw|Shell Smash|p1a: Drednaw
|-unboost|p1a: Drednaw|def|1
|-unboost|p1a: Drednaw|spd|1
|-boost|p1a: Drednaw|atk|2
|-boost|p1a: Drednaw|spa|2
|-boost|p1a: Drednaw|spe|2
|move|p2a: Raging Bolt|Draco Meteor|p1a: Drednaw
|-enditem|p1a: Drednaw|Focus Sash
|-damage|p1a: Drednaw|1/100
|-unboost|p2a: Raging Bolt|spa|2
|
|upkeep
|turn|23
|
|t:|1758261357
|move|p1a: Drednaw|Earthquake|p2a: Raging Bolt
|-supereffective|p2a: Raging Bolt
|-damage|p2a: Raging Bolt|0 fnt
|faint|p2a: Raging Bolt
|-end|p2a: Raging Bolt|Protosynthesis|[silent]
|
|win|digiwayne003
|raw|digiwayne003's rating: 1283 &rarr; <strong>1308</strong><br />(+25 for winning)
|raw|CarthagoNova1's rating: 1280 &rarr; <strong>1255</strong><br />(-25 for losing)
|c|☆CarthagoNova1|ggs
|l|☆CarthagoNova1
|player|p2|
