|j|☆Vacodrish
|j|☆scaming4life
|t:|1758256555
|gametype|singles
|player|p1|Vacodrish|beauty-masters|1452
|player|p2|scaming4life|265|1470
|gen|9
|tier|[Gen 9] OU
|rated|
|rule|HP Percentage Mod: HP is shown in percentages
|rule|Endless Battle Clause: Forcing endless battles is banned
|rule|Species Clause: Limit one of each Pokémon
|rule|OHKO Clause: OHKO moves are banned
|rule|Evasion Items Clause: Evasion items are banned
|rule|Evasion Moves Clause: Evasion moves are banned
|rule|Evasion Abilities Clause: Evasion abilities are banned
|rule|Sleep Moves Clause: Sleep-inducing moves are banned
|clearpoke
|poke|p1|Pelipper, F|
|poke|p1|Hatterene, F|
|poke|p1|Iron Treads|
|poke|p1|Toxicroak, F|
|poke|p1|Barraskewda, F|
|poke|p1|Zapdos|
|poke|p2|Magnezone|
|poke|p2|Polteageist|
|poke|p2|Kommo-o, M|
|poke|p2|Moltres-Galar|
|poke|p2|Azelf|
|poke|p2|Ninetales-Alola, F|
|teampreview
|inactive|Battle timer is ON: inactive players will automatically lose when time's up. (requested by scaming4life)
|
|t:|1758256560
|teamsize|p1|6
|teamsize|p2|6
|start
|switch|p1a: Pelipper|Pelipper, F|100/100
|switch|p2a: Azelf|Azelf|100/100
|-weather|RainDance|[from] ability: Drizzle|[of] p1a: Pelipper
|turn|1
|
|t:|1758256566
|switch|p1a: Hatterene|Hatterene, F|100/100
|move|p2a: Azelf|Thunder Wave|p1a: Hatterene
|move|p1a: Hatterene|Thunder Wave|p2a: Azelf|[from] ability: Magic Bounce
|-status|p2a: Azelf|par
|
|-weather|RainDance|[upkeep]
|upkeep
|turn|2
|
|t:|1758256575
|cant|p2a: Azelf|par
|move|p1a: Hatterene|Psychic Noise|p2a: Azelf
|-resisted|p2a: Azelf
|-damage|p2a: Azelf|75/100 par
|-start|p2a: Azelf|move: Heal Block
|
|-weather|RainDance|[upkeep]
|upkeep
|turn|3
|
|t:|1758256579
|cant|p2a: Azelf|par
|move|p1a: Hatterene|Draining Kiss|p2a: Azelf
|-damage|p2a: Azelf|36/100 par
|
|-weather|RainDance|[upkeep]
|-end|p2a: Azelf|move: Heal Block
|upkeep
|turn|4
|
|t:|1758256583
|move|p2a: Azelf|Explosion|p1a: Hatterene
|-damage|p1a: Hatterene|27/100
|faint|p2a: Azelf
|-enditem|p1a: Hatterene|Eject Button
|
|t:|1758256587
|switch|p1a: Barraskewda|Barraskewda, F|100/100
|
|-weather|RainDance|[upkeep]
|upkeep
|
|t:|1758256591
|switch|p2a: Ninetales|Ninetales-Alola, F|100/100
|-weather|Snowscape|[from] ability: Snow Warning|[of] p2a: Ninetales
|turn|5
|
|t:|1758256597
|move|p1a: Barraskewda|Flip Turn|p2a: Ninetales
|-damage|p2a: Ninetales|50/100
|-enditem|p2a: Ninetales|Eject Button
|
|t:|1758256605
|switch|p2a: Kommo-o|Kommo-o, M|100/100
|
|-weather|Snowscape|[upkeep]
|upkeep
|turn|6
|
|t:|1758256613
|move|p1a: Barraskewda|Flip Turn|p2a: Kommo-o
|-resisted|p2a: Kommo-o
|-damage|p2a: Kommo-o|77/100
|
|t:|1758256615
|switch|p1a: Zapdos|Zapdos|100/100|[from] Flip Turn
|move|p2a: Kommo-o|Clangorous Soul|p2a: Kommo-o
|-boost|p2a: Kommo-o|atk|1
|-boost|p2a: Kommo-o|def|1
|-boost|p2a: Kommo-o|spa|1
|-boost|p2a: Kommo-o|spd|1
|-boost|p2a: Kommo-o|spe|1
|-damage|p2a: Kommo-o|44/100
|-enditem|p2a: Kommo-o|Throat Spray
|-boost|p2a: Kommo-o|spa|1|[from] item: Throat Spray
|
|-weather|Snowscape|[upkeep]
|upkeep
|turn|7
|
|t:|1758256621
|move|p2a: Kommo-o|Clanging Scales|p1a: Zapdos
|-damage|p1a: Zapdos|0 fnt
|faint|p1a: Zapdos
|-unboost|p2a: Kommo-o|def|1
|
|-weather|Snowscape|[upkeep]
|upkeep
|
|t:|1758256626
|switch|p1a: Pelipper|Pelipper, F|100/100
|-weather|RainDance|[from] ability: Drizzle|[of] p1a: Pelipper
|turn|8
|
|t:|1758256630
|move|p2a: Kommo-o|Boomburst|p1a: Pelipper
|-damage|p1a: Pelipper|22/100
|move|p1a: Pelipper|Hurricane|p2a: Kommo-o
|-supereffective|p2a: Kommo-o
|-damage|p2a: Kommo-o|0 fnt
|faint|p2a: Kommo-o
|
|-weather|RainDance|[upkeep]
|upkeep
|
|t:|1758256635
|switch|p2a: Ninetales|Ninetales-Alola, F|50/100
|-weather|Snowscape|[from] ability: Snow Warning|[of] p2a: Ninetales
|turn|9
|
|t:|1758256640
|switch|p1a: Iron Treads|Iron Treads|100/100
|move|p2a: Ninetales|Aurora Veil|p2a: Ninetales
|-sidestart|p2: scaming4life|move: Aurora Veil
|
|-weather|Snowscape|[upkeep]
|upkeep
|turn|10
|
|t:|1758256647
|switch|p2a: Magnezone|Magnezone|100/100
|move|p1a: Iron Treads|Stealth Rock|p2a: Magnezone
|-sidestart|p2: scaming4life|move: Stealth Rock
|
|-weather|Snowscape|[upkeep]
|upkeep
|turn|11
|
|t:|1758256655
|move|p1a: Iron Treads|Earthquake|p2a: Magnezone
|-supereffective|p2a: Magnezone
|-damage|p2a: Magnezone|38/100
|move|p2a: Magnezone|Steel Beam|p1a: Iron Treads
|-resisted|p1a: Iron Treads
|-damage|p1a: Iron Treads|34/100
|-damage|p2a: Magnezone|0 fnt|[from] steelbeam
|faint|p2a: Magnezone
|
|-weather|Snowscape|[upkeep]
|-heal|p1a: Iron Treads|40/100|[from] item: Leftovers
|upkeep
|
|t:|1758256666
|switch|p2a: Moltres|Moltres-Galar, shiny|100/100
|-damage|p2a: Moltres|76/100|[from] Stealth Rock
|turn|12
|
|t:|1758256669
|move|p2a: Moltres|Agility|p2a: Moltres
|-boost|p2a: Moltres|spe|2
|move|p1a: Iron Treads|Volt Switch|p2a: Moltres
|-supereffective|p2a: Moltres
|-damage|p2a: Moltres|64/100
|-enditem|p2a: Moltres|Weakness Policy
|-boost|p2a: Moltres|atk|2|[from] item: Weakness Policy
|-boost|p2a: Moltres|spa|2|[from] item: Weakness Policy
|
|t:|1758256674
|-end|p1a: Iron Treads|Quark Drive|[silent]
|switch|p1a: Pelipper|Pelipper, F|22/100|[from] Volt Switch
|-weather|RainDance|[from] ability: Drizzle|[of] p1a: Pelipper
|
|-weather|RainDance|[upkeep]
|upkeep
|turn|13
|
|t:|1758256688
|move|p2a: Moltres|Agility|p2a: Moltres
|-boost|p2a: Moltres|spe|2
|move|p1a: Pelipper|Hurricane|p2a: Moltres
|-damage|p2a: Moltres|48/100
|-ability|p2a: Moltres|Berserk|boost
|-boost|p2a: Moltres|spa|1
|
|-weather|RainDance|[upkeep]
|-sideend|p2: scaming4life|move: Aurora Veil
|upkeep
|turn|14
|
|t:|1758256695
|move|p2a: Moltres|Fiery Wrath|p1a: Pelipper
|-damage|p1a: Pelipper|0 fnt
|faint|p1a: Pelipper
|
|-weather|RainDance|[upkeep]
|upkeep
|
|t:|1758256700
|switch|p1a: Barraskewda|Barraskewda, F|100/100
|turn|15
|
|t:|1758256703
|move|p1a: Barraskewda|Aqua Jet|p2a: Moltres
|-damage|p2a: Moltres|0 fnt
|faint|p2a: Moltres
|
|-weather|RainDance|[upkeep]
|upkeep
|
|t:|1758256707
|switch|p2a: Ninetales|Ninetales-Alola, F|50/100
|-damage|p2a: Ninetales|25/100|[from] Stealth Rock
|-weather|Snowscape|[from] ability: Snow Warning|[of] p2a: Ninetales
|turn|16
|
|t:|1758256712
|move|p1a: Barraskewda|Aqua Jet|p2a: Ninetales
|-damage|p2a: Ninetales|0 fnt
|faint|p2a: Ninetales
|
|-weather|Snowscape|[upkeep]
|upkeep
|
|t:|1758256715
|switch|p2a: Polteageist|Polteageist, shiny|100/100
|-damage|p2a: Polteageist|88/100|[from] Stealth Rock
|turn|17
|
|t:|1758256721
|-terastallize|p1a: Barraskewda|Water
|move|p1a: Barraskewda|Aqua Jet|p2a: Polteageist
|-damage|p2a: Polteageist|13/100
|-ability|p2a: Polteageist|Weak Armor|boost
|-unboost|p2a: Polteageist|def|1
|-boost|p2a: Polteageist|spe|2
|-enditem|p2a: Polteageist|White Herb
|-clearnegativeboost|p2a: Polteageist|[silent]
|move|p2a: Polteageist|Giga Drain|p1a: Barraskewda
|-supereffective|p1a: Barraskewda
|-damage|p1a: Barraskewda|0 fnt
|-heal|p2a: Polteageist|64/100|[from] drain|[of] p1a: Barraskewda
|faint|p1a: Barraskewda
|
|-weather|Snowscape|[upkeep]
|upkeep
|
|t:|1758256728
|switch|p1a: Toxicroak|Toxicroak, F|100/100
|turn|18
|
|t:|1758256734
|move|p2a: Polteageist|Stored Power|p1a: Toxicroak
|-supereffective|p1a: Toxicroak
|-damage|p1a: Toxicroak|0 fnt
|faint|p1a: Toxicroak
|
|-weather|Snowscape|[upkeep]
|upkeep
|
|t:|1758256739
|switch|p1a: Hatterene|Hatterene, F|27/100
|turn|19
|
|t:|1758256743
|move|p2a: Polteageist|Shell Smash|p2a: Polteageist
|-unboost|p2a: Polteageist|def|1
|-unboost|p2a: Polteageist|spd|1
|-boost|p2a: Polteageist|atk|2
|-boost|p2a: Polteageist|spa|2
|-boost|p2a: Polteageist|spe|2
|move|p1a: Hatterene|Nuzzle|p2a: Polteageist
|-damage|p2a: Polteageist|54/100
|-status|p2a: Polteageist|par
|-ability|p2a: Polteageist|Weak Armor|boost
|-unboost|p2a: Polteageist|def|1
|-boost|p2a: Polteageist|spe|2
|
|-weather|Snowscape|[upkeep]
|upkeep
|turn|20
|
|t:|1758256749
|move|p2a: Polteageist|Giga Drain|p1a: Hatterene
|-damage|p1a: Hatterene|0 fnt
|-heal|p2a: Polteageist|70/100 par|[from] drain|[of] p1a: Hatterene
|faint|p1a: Hatterene
|
|-weather|none
|upkeep
|
|t:|1758256752
|switch|p1a: Iron Treads|Iron Treads|40/100
|turn|21
|
|t:|1758256756
|-terastallize|p2a: Polteageist|Fighting
|move|p2a: Polteageist|Tera Blast|p1a: Iron Treads|[anim] Tera Blast Fighting
|-supereffective|p1a: Iron Treads
|-damage|p1a: Iron Treads|0 fnt
|faint|p1a: Iron Treads
|-end|p1a: Iron Treads|Quark Drive|[silent]
|
|win|scaming4life
|raw|Vacodrish's rating: 1452 &rarr; <strong>1433</strong><br />(-19 for losing)
|raw|scaming4life's rating: 1470 &rarr; <strong>1489</strong><br />(+19 for winning)
|l|☆Vacodrish
|player|p1|
|l|☆scaming4life
|player|p2|
