|j|☆kingenslayer
|j|☆jop90
|t:|1758291924
|gametype|singles
|player|p1|kingenslayer|169|1386
|player|p2|jop90|1|1401
|gen|9
|tier|[Gen 9] OU
|rated|
|rule|HP Percentage Mod: HP is shown in percentages
|rule|Endless Battle Clause: Forcing endless battles is banned
|rule|Species Clause: Limit one of each Pokémon
|rule|OHKO Clause: OHKO moves are banned
|rule|Evasion Items Clause: Evasion items are banned
|rule|Evasion Moves Clause: Evasion moves are banned
|rule|Evasion Abilities Clause: Evasion abilities are banned
|rule|Sleep Moves Clause: Sleep-inducing moves are banned
|clearpoke
|poke|p1|Kyurem|
|poke|p1|Iron Moth|
|poke|p1|Kingambit, M|
|poke|p1|Landorus-Therian, M|
|poke|p1|Hatterene, F|
|poke|p1|Zamazenta-*|
|poke|p2|Araquanid, M|
|poke|p2|Scizor, M|
|poke|p2|Lokix, F|
|poke|p2|Yanmega, M|
|poke|p2|Forretress, F|
|poke|p2|Ribombee, F|
|teampreview
|inactive|Battle timer is ON: inactive players will automatically lose when time's up. (requested by kingenslayer)
|inactive|jop90 has 120 seconds left.
|
|t:|1758291971
|teamsize|p1|6
|teamsize|p2|6
|start
|switch|p1a: Landorus|Landorus-Therian, M|100/100
|switch|p2a: Lokix|Lokix, F|100/100
|-ability|p1a: Landorus|Intimidate|boost
|-unboost|p2a: Lokix|atk|1
|turn|1
|
|t:|1758291980
|move|p2a: Lokix|Knock Off|p1a: Landorus
|-damage|p1a: Landorus|58/100
|-damage|p2a: Lokix|84/100|[from] item: Rocky Helmet|[of] p1a: Landorus
|-enditem|p1a: Landorus|Rocky Helmet|[from] move: Knock Off|[of] p2a: Lokix
|move|p1a: Landorus|Stealth Rock|p2a: Lokix
|-sidestart|p2: jop90|move: Stealth Rock
|
|upkeep
|turn|2
|
|t:|1758291987
|switch|p2a: Forretress|Forretress, F|100/100
|-damage|p2a: Forretress|88/100|[from] Stealth Rock
|move|p1a: Landorus|Stone Edge|p2a: Forretress
|-damage|p2a: Forretress|71/100
|
|-heal|p2a: Forretress|77/100|[from] item: Leftovers
|upkeep
|turn|3
|
|t:|1758291991
|move|p1a: Landorus|Earthquake|p2a: Forretress
|-crit|p2a: Forretress
|-damage|p2a: Forretress|40/100
|move|p2a: Forretress|Rapid Spin|p1a: Landorus
|-damage|p1a: Landorus|47/100
|-boost|p2a: Forretress|spe|1
|-sideend|p2: jop90|Stealth Rock|[from] move: Rapid Spin|[of] p2a: Forretress
|
|-heal|p2a: Forretress|46/100|[from] item: Leftovers
|upkeep
|turn|4
|
|t:|1758291999
|move|p1a: Landorus|Earthquake|p2a: Forretress
|-damage|p2a: Forretress|19/100
|move|p2a: Forretress|Rapid Spin|p1a: Landorus
|-damage|p1a: Landorus|36/100
|-boost|p2a: Forretress|spe|1
|
|-heal|p2a: Forretress|25/100|[from] item: Leftovers
|upkeep
|turn|5
|
|t:|1758292008
|switch|p2a: Yanmega|Yanmega, M|100/100
|move|p1a: Landorus|Earthquake|p2a: Yanmega
|-immune|p2a: Yanmega
|
|upkeep
|turn|6
|
|t:|1758292015
|move|p2a: Yanmega|Bug Buzz|p1a: Landorus
|-resisted|p1a: Landorus
|-damage|p1a: Landorus|0 fnt
|faint|p1a: Landorus
|
|upkeep
|
|t:|1758292018
|switch|p1a: Kyurem|Kyurem|100/100
|-ability|p1a: Kyurem|Pressure
|turn|7
|
|t:|1758292027
|move|p2a: Yanmega|Bug Buzz|p1a: Kyurem
|-damage|p1a: Kyurem|43/100
|-unboost|p1a: Kyurem|spd|1
|move|p1a: Kyurem|Dragon Dance|p1a: Kyurem
|-boost|p1a: Kyurem|atk|1
|-boost|p1a: Kyurem|spe|1
|
|upkeep
|turn|8
|
|t:|1758292033
|switch|p2a: Forretress|Forretress, F|25/100
|move|p1a: Kyurem|Icicle Spear|p2a: Forretress
|-resisted|p2a: Forretress
|-crit|p2a: Forretress
|-damage|p2a: Forretress|17/100
|-resisted|p2a: Forretress
|-damage|p2a: Forretress|10/100
|-resisted|p2a: Forretress
|-damage|p2a: Forretress|4/100
|-resisted|p2a: Forretress
|-damage|p2a: Forretress|0 fnt
|faint|p2a: Forretress
|-hitcount|p2: Forretress|4
|
|upkeep
|
|t:|1758292038
|switch|p2a: Lokix|Lokix, F|84/100
|turn|9
|
|t:|1758292047
|move|p2a: Lokix|First Impression|p1a: Kyurem
|-damage|p1a: Kyurem|0 fnt
|faint|p1a: Kyurem
|
|upkeep
|
|t:|1758292052
|switch|p1a: Iron Moth|Iron Moth|100/100
|-enditem|p1a: Iron Moth|Booster Energy
|-activate|p1a: Iron Moth|ability: Quark Drive|[fromitem]
|-start|p1a: Iron Moth|quarkdrivespe
|turn|10
|
|t:|1758292056
|switch|p2a: Araquanid|Araquanid, M|100/100
|move|p1a: Iron Moth|Fiery Dance|p2a: Araquanid
|-damage|p2a: Araquanid|91/100
|
|upkeep
|turn|11
|
|t:|1758292060
|move|p1a: Iron Moth|Sludge Wave|p2a: Araquanid
|-damage|p2a: Araquanid|64/100
|move|p2a: Araquanid|Liquidation|p1a: Iron Moth
|-supereffective|p1a: Iron Moth
|-damage|p1a: Iron Moth|0 fnt
|faint|p1a: Iron Moth
|-end|p1a: Iron Moth|Quark Drive|[silent]
|
|upkeep
|
|t:|1758292082
|switch|p1a: Zamazenta|Zamazenta|100/100
|-ability|p1a: Zamazenta|Dauntless Shield|boost
|-boost|p1a: Zamazenta|def|1
|turn|12
|
|t:|1758292087
|move|p1a: Zamazenta|Iron Defense|p1a: Zamazenta
|-boost|p1a: Zamazenta|def|2
|move|p2a: Araquanid|Hydro Pump|p1a: Zamazenta
|-damage|p1a: Zamazenta|57/100
|
|-heal|p1a: Zamazenta|63/100|[from] item: Leftovers
|upkeep
|turn|13
|
|t:|1758292095
|move|p1a: Zamazenta|Body Press|p2a: Araquanid
|-resisted|p2a: Araquanid
|-damage|p2a: Araquanid|20/100
|move|p2a: Araquanid|Hydro Pump|p1a: Zamazenta
|-damage|p1a: Zamazenta|21/100
|
|-heal|p1a: Zamazenta|27/100|[from] item: Leftovers
|upkeep
|turn|14
|
|t:|1758292109
|switch|p2a: Yanmega|Yanmega, M|100/100
|move|p1a: Zamazenta|Body Press|p2a: Yanmega
|-resisted|p2a: Yanmega
|-damage|p2a: Yanmega|77/100
|
|-heal|p1a: Zamazenta|33/100|[from] item: Leftovers
|upkeep
|turn|15
|
|t:|1758292113
|move|p1a: Zamazenta|Body Press|p2a: Yanmega
|-resisted|p2a: Yanmega
|-damage|p2a: Yanmega|51/100
|move|p2a: Yanmega|Bug Buzz|p1a: Zamazenta
|-resisted|p1a: Zamazenta
|-damage|p1a: Zamazenta|0 fnt
|faint|p1a: Zamazenta
|
|upkeep
|
|t:|1758292115
|switch|p1a: Hatterene|Hatterene, F|100/100
|turn|16
|
|t:|1758292122
|move|p2a: Yanmega|Bug Buzz|p1a: Hatterene
|-crit|p1a: Hatterene
|-damage|p1a: Hatterene|0 fnt
|faint|p1a: Hatterene
|
|upkeep
|
|t:|1758292125
|switch|p1a: Kingambit|Kingambit, M|100/100
|-activate|p1a: Kingambit|ability: Supreme Overlord
|-start|p1a: Kingambit|fallen5|[silent]
|turn|17
|
|t:|1758292127
|-terastallize|p1a: Kingambit|Ghost
|move|p2a: Yanmega|Bug Buzz|p1a: Kingambit
|-resisted|p1a: Kingambit
|-damage|p1a: Kingambit|38/100
|-unboost|p1a: Kingambit|spd|1
|move|p1a: Kingambit|Swords Dance|p1a: Kingambit
|-boost|p1a: Kingambit|atk|2
|
|-heal|p1a: Kingambit|44/100|[from] item: Leftovers
|upkeep
|turn|18
|
|t:|1758292133
|move|p1a: Kingambit|Sucker Punch|p2a: Yanmega
|-damage|p2a: Yanmega|0 fnt
|faint|p2a: Yanmega
|
|-heal|p1a: Kingambit|50/100|[from] item: Leftovers
|upkeep
|
|t:|1758292139
|switch|p2a: Lokix|Lokix, F|84/100
|turn|19
|
|t:|1758292141
|-terastallize|p2a: Lokix|Bug
|move|p2a: Lokix|First Impression|p1a: Kingambit
|-resisted|p1a: Kingambit
|-damage|p1a: Kingambit|0 fnt
|faint|p1a: Kingambit
|-end|p1a: Kingambit|fallen5|[silent]
|
|win|jop90
|raw|kingenslayer's rating: 1386 &rarr; <strong>1367</strong><br />(-19 for losing)
|raw|jop90's rating: 1401 &rarr; <strong>1420</strong><br />(+19 for winning)
|l|☆kingenslayer
|player|p1|
|l|☆jop90
|player|p2|
