|j|☆liontian
|j|☆jzhuc1841
|t:|1758347654
|gametype|singles
|player|p1|liontian|265|
|player|p2|jzhuc1841|hilbert-wonderlauncher|
|gen|9
|tier|[Gen 9] OU
|rule|HP Percentage Mod: HP is shown in percentages
|rule|Endless Battle Clause: Forcing endless battles is banned
|rule|Species Clause: Limit one of each Pokémon
|rule|OHKO Clause: OHKO moves are banned
|rule|Evasion Items Clause: Evasion items are banned
|rule|Evasion Moves Clause: Evasion moves are banned
|rule|Evasion Abilities Clause: Evasion abilities are banned
|rule|Sleep Moves Clause: Sleep-inducing moves are banned
|clearpoke
|poke|p1|Zamazenta-*|
|poke|p1|Alomomola, M|
|poke|p1|Polteageist-Antique|
|poke|p1|Latios, M|
|poke|p1|Slowking-Galar, F|
|poke|p1|Excadrill, M|
|poke|p2|Garchomp, F|
|poke|p2|Iron Treads|
|poke|p2|Slowking-Galar, F|
|poke|p2|Kyurem|
|poke|p2|Zamazenta-*|
|poke|p2|Dragonite, F|
|teampreview
|inactive|Battle timer is ON: inactive players will automatically lose when time's up. (requested by liontian)
|
|t:|1758347666
|teamsize|p1|6
|teamsize|p2|6
|start
|switch|p1a: Excadrill|Excadrill, M|100/100
|switch|p2a: Garchomp|Garchomp, F|100/100
|-ability|p1a: Excadrill|Mold Breaker
|turn|1
|
|t:|1758347673
|move|p1a: Excadrill|Earthquake|p2a: Garchomp
|-damage|p2a: Garchomp|67/100
|move|p2a: Garchomp|Dragon Tail|p1a: Excadrill
|-resisted|p1a: Excadrill
|-damage|p1a: Excadrill|82/100
|drag|p1a: 特么的剧毒能不能中|Alomomola, M, shiny|100/100
|
|upkeep
|turn|2
|
|t:|1758347682
|move|p2a: Garchomp|Stealth Rock|p1a: 特么的剧毒能不能中
|-sidestart|p1: liontian|move: Stealth Rock
|move|p1a: 特么的剧毒能不能中|Wish|p1a: 特么的剧毒能不能中
|
|upkeep
|turn|3
|
|t:|1758347686
|move|p2a: Garchomp|Spikes|p1a: 特么的剧毒能不能中
|-sidestart|p1: liontian|Spikes
|move|p1a: 特么的剧毒能不能中|Flip Turn|p2a: Garchomp
|-damage|p2a: Garchomp|56/100
|-damage|p1a: 特么的剧毒能不能中|88/100|[from] ability: Rough Skin|[of] p2a: Garchomp
|-damage|p1a: 特么的剧毒能不能中|71/100|[from] item: Rocky Helmet|[of] p2a: Garchomp
|
|t:|1758347690
|switch|p1a: Excadrill|Excadrill, M|82/100|[from] Flip Turn
|-damage|p1a: Excadrill|79/100|[from] Stealth Rock
|-damage|p1a: Excadrill|66/100|[from] Spikes
|-ability|p1a: Excadrill|Mold Breaker
|
|-heal|p1a: Excadrill|100/100|[from] move: Wish|[wisher] 特么的剧毒能不能中
|upkeep
|turn|4
|
|t:|1758347699
|move|p1a: Excadrill|Rapid Spin|p2a: Garchomp
|-damage|p2a: Garchomp|45/100
|-boost|p1a: Excadrill|spe|1
|-damage|p1a: Excadrill|88/100|[from] ability: Rough Skin|[of] p2a: Garchomp
|-damage|p1a: Excadrill|71/100|[from] item: Rocky Helmet|[of] p2a: Garchomp
|-sideend|p1: liontian|Spikes|[from] move: Rapid Spin|[of] p1a: Excadrill
|-sideend|p1: liontian|Stealth Rock|[from] move: Rapid Spin|[of] p1a: Excadrill
|move|p2a: Garchomp|Earthquake|p1a: Excadrill
|-supereffective|p1a: Excadrill
|-damage|p1a: Excadrill|0 fnt
|faint|p1a: Excadrill
|
|upkeep
|j| tinglubanlema
|c|☆jzhuc1841|肉地龙
|c|☆jzhuc1841|小子
|
|t:|1758347722
|switch|p1a: Zamazenta|Zamazenta|100/100
|-ability|p1a: Zamazenta|Dauntless Shield|boost
|-boost|p1a: Zamazenta|def|1
|turn|5
|
|t:|1758347730
|move|p1a: Zamazenta|Substitute|p1a: Zamazenta
|-start|p1a: Zamazenta|Substitute
|-damage|p1a: Zamazenta|76/100
|move|p2a: Garchomp|Dragon Tail|p1a: Zamazenta
|-activate|p1a: Zamazenta|move: Substitute|[damage]
|
|-heal|p1a: Zamazenta|82/100|[from] item: Leftovers
|upkeep
|turn|6
|n| amefurikoneko|tinglubanlema
|
|t:|1758347739
|switch|p2a: Slowking|Slowking-Galar, F|100/100
|move|p1a: Zamazenta|Iron Defense|p1a: Zamazenta
|-boost|p1a: Zamazenta|def|2
|
|-heal|p1a: Zamazenta|88/100|[from] item: Leftovers
|upkeep
|turn|7
|
|t:|1758347747
|move|p1a: Zamazenta|Crunch|p2a: Slowking
|-supereffective|p2a: Slowking
|-damage|p2a: Slowking|53/100
|move|p2a: Slowking|Sludge Bomb|p1a: Zamazenta
|-end|p1a: Zamazenta|Substitute
|
|-heal|p1a: Zamazenta|94/100|[from] item: Leftovers
|upkeep
|turn|8
|
|t:|1758347759
|-terastallize|p2a: Slowking|Poison
|move|p1a: Zamazenta|Iron Defense|p1a: Zamazenta
|-boost|p1a: Zamazenta|def|2
|move|p2a: Slowking|Future Sight|p1a: Zamazenta
|-start|p2a: Slowking|move: Future Sight
|
|-heal|p1a: Zamazenta|100/100|[from] item: Leftovers
|upkeep
|turn|9
|
|t:|1758347769
|switch|p1a: 特么的剧毒能不能中|Alomomola, M, shiny|100/100
|move|p2a: Slowking|Sludge Bomb|p1a: 特么的剧毒能不能中
|-damage|p1a: 特么的剧毒能不能中|44/100
|-status|p1a: 特么的剧毒能不能中|psn
|
|-damage|p1a: 特么的剧毒能不能中|31/100 psn|[from] psn
|upkeep
|turn|10
|
|t:|1758347779
|move|p1a: 特么的剧毒能不能中|Flip Turn|p2a: Slowking
|-damage|p2a: Slowking|35/100
|
|t:|1758347785
|switch|p1a: Latios|Latios, M|100/100|[from] Flip Turn
|-prepare|p2a: Slowking|Chilly Reception|[premajor]
|move|p2a: Slowking|Chilly Reception|p2a: Slowking
|-weather|Snowscape
|
|t:|1758347791
|switch|p2a: Iron Treads|Iron Treads|100/100|[from] Chilly Reception
|-enditem|p2a: Iron Treads|Booster Energy
|-activate|p2a: Iron Treads|ability: Quark Drive|[fromitem]
|-start|p2a: Iron Treads|quarkdrivespe
|
|-weather|Snowscape|[upkeep]
|-end|p1a: Latios|move: Future Sight
|-resisted|p1a: Latios
|-damage|p1a: Latios|76/100
|upkeep
|turn|11
|
|t:|1758347797
|-terastallize|p1a: Latios|Steel
|move|p2a: Iron Treads|Steel Beam|p1a: Latios
|-resisted|p1a: Latios
|-damage|p1a: Latios|50/100
|-damage|p2a: Iron Treads|50/100|[from] steelbeam
|move|p1a: Latios|Aura Sphere|p2a: Iron Treads
|-supereffective|p2a: Iron Treads
|-damage|p2a: Iron Treads|0 fnt
|faint|p2a: Iron Treads
|-end|p2a: Iron Treads|Quark Drive|[silent]
|
|-weather|Snowscape|[upkeep]
|upkeep
|
|t:|1758347818
|switch|p2a: Dragonite|Dragonite, F|100/100
|turn|12
|inactive|liontian has 270 seconds left.
|
|t:|1758347855
|switch|p1a: Slowking|Slowking-Galar, F|100/100
|switch|p2a: Garchomp|Garchomp, F|45/100
|
|-weather|Snowscape|[upkeep]
|upkeep
|turn|13
|inactive|liontian has 270 seconds left.
|
|t:|1758347864
|move|p2a: Garchomp|Stealth Rock|p1a: Slowking
|-sidestart|p1: liontian|move: Stealth Rock
|move|p1a: Slowking|Ice Beam|p2a: Garchomp
|-supereffective|p2a: Garchomp
|-damage|p2a: Garchomp|0 fnt
|faint|p2a: Garchomp
|
|-weather|Snowscape|[upkeep]
|upkeep
|
|t:|1758347872
|switch|p2a: Kyurem|Kyurem|100/100
|-ability|p2a: Kyurem|Pressure
|turn|14
|
|t:|1758347877
|move|p2a: Kyurem|Blizzard|p1a: Slowking
|-damage|p1a: Slowking|27/100
|move|p1a: Slowking|Ice Beam|p2a: Kyurem
|-damage|p2a: Kyurem|58/100
|
|-weather|none
|upkeep
|turn|15
|
|t:|1758347882
|switch|p1a: Latios|Latios, M, tera:Steel|50/100
|-damage|p1a: Latios|44/100|[from] Stealth Rock
|move|p2a: Kyurem|Blizzard|p1a: Latios
|-resisted|p1a: Latios
|-damage|p1a: Latios|0 fnt
|faint|p1a: Latios
|
|upkeep
|
|t:|1758347889
|switch|p1a: Slowking|Slowking-Galar, F|60/100
|-damage|p1a: Slowking|48/100|[from] Stealth Rock
|turn|16
|
|t:|1758347895
|switch|p2a: Slowking|Slowking-Galar, F, tera:Poison|35/100
|move|p1a: Slowking|Fire Blast|p2a: Slowking|[miss]
|-miss|p1a: Slowking|p2a: Slowking
|
|upkeep
|turn|17
|j| vywxiwjxjwk
|l| amefurikoneko
|
|t:|1758347904
|move|p1a: Slowking|Fire Blast|p2a: Slowking
|-damage|p2a: Slowking|2/100
|-status|p2a: Slowking|brn
|-prepare|p2a: Slowking|Chilly Reception|[premajor]
|move|p2a: Slowking|Chilly Reception|p2a: Slowking
|-weather|Snowscape
|
|t:|1758347910
|switch|p2a: Kyurem|Kyurem|58/100|[from] Chilly Reception
|-ability|p2a: Kyurem|Pressure
|
|-weather|Snowscape|[upkeep]
|upkeep
|turn|18
|
|t:|1758347915
|move|p2a: Kyurem|Blizzard|p1a: Slowking
|-damage|p1a: Slowking|0 fnt
|faint|p1a: Slowking
|
|-weather|Snowscape|[upkeep]
|upkeep
|
|t:|1758347920
|switch|p1a: 特么的剧毒能不能中|Alomomola, M, shiny|65/100 psn
|-damage|p1a: 特么的剧毒能不能中|52/100 psn|[from] Stealth Rock
|turn|19
|
|t:|1758347925
|switch|p2a: Slowking|Slowking-Galar, F, tera:Poison|2/100 brn
|move|p1a: 特么的剧毒能不能中|Mirror Coat||[still]
|-fail|p1a: 特么的剧毒能不能中
|
|-weather|Snowscape|[upkeep]
|-damage|p1a: 特么的剧毒能不能中|40/100 psn|[from] psn
|-damage|p2a: Slowking|0 fnt|[from] brn
|faint|p2a: Slowking
|upkeep
|
|t:|1758347930
|switch|p2a: Kyurem|Kyurem|58/100
|-ability|p2a: Kyurem|Pressure
|turn|20
|
|t:|1758347936
|move|p2a: Kyurem|Freeze-Dry|p1a: 特么的剧毒能不能中
|-supereffective|p1a: 特么的剧毒能不能中
|-damage|p1a: 特么的剧毒能不能中|0 fnt
|faint|p1a: 特么的剧毒能不能中
|
|-weather|Snowscape|[upkeep]
|upkeep
|
|t:|1758347939
|switch|p1a: Polteageist|Polteageist-Antique|100/100
|-damage|p1a: Polteageist|88/100|[from] Stealth Rock
|turn|21
|
|t:|1758347943
|move|p2a: Kyurem|Freeze-Dry|p1a: Polteageist
|-damage|p1a: Polteageist|20/100
|move|p1a: Polteageist|Shell Smash|p1a: Polteageist
|-unboost|p1a: Polteageist|def|1
|-unboost|p1a: Polteageist|spd|1
|-boost|p1a: Polteageist|atk|2
|-boost|p1a: Polteageist|spa|2
|-boost|p1a: Polteageist|spe|2
|
|-weather|none
|upkeep
|turn|22
|
|t:|1758347948
|move|p1a: Polteageist|Stored Power|p2a: Kyurem
|-damage|p2a: Kyurem|0 fnt
|faint|p2a: Kyurem
|
|upkeep
|
|t:|1758347950
|switch|p2a: Dragonite|Dragonite, F|100/100
|turn|23
|
|t:|1758347954
|move|p1a: Polteageist|Stored Power|p2a: Dragonite
|-damage|p2a: Dragonite|40/100
|move|p2a: Dragonite|Earthquake|p1a: Polteageist
|-damage|p1a: Polteageist|0 fnt
|faint|p1a: Polteageist
|
|upkeep
|
|t:|1758347957
|switch|p1a: Zamazenta|Zamazenta|100/100
|-damage|p1a: Zamazenta|94/100|[from] Stealth Rock
|turn|24
|
|t:|1758347964
|move|p1a: Zamazenta|Substitute|p1a: Zamazenta
|-start|p1a: Zamazenta|Substitute
|-damage|p1a: Zamazenta|69/100
|move|p2a: Dragonite|Dragon Dance|p2a: Dragonite
|-boost|p2a: Dragonite|atk|1
|-boost|p2a: Dragonite|spe|1
|
|-heal|p1a: Zamazenta|76/100|[from] item: Leftovers
|upkeep
|turn|25
|c|☆jzhuc1841|寄
|-message|jzhuc1841 forfeited.
|
|win|liontian
|l|☆jzhuc1841
|player|p2|
