|j|‽socaselectah
|j|☆LX1987
|t:|1758288239
|gametype|singles
|player|p1|socaselectah|101|1492
|player|p2|LX1987|170|1421
|gen|9
|tier|[Gen 9] OU
|rated|
|rule|HP Percentage Mod: HP is shown in percentages
|rule|Endless Battle Clause: Forcing endless battles is banned
|rule|Species Clause: Limit one of each Pokémon
|rule|OHKO Clause: OHKO moves are banned
|rule|Evasion Items Clause: Evasion items are banned
|rule|Evasion Moves Clause: Evasion moves are banned
|rule|Evasion Abilities Clause: Evasion abilities are banned
|rule|Sleep Moves Clause: Sleep-inducing moves are banned
|clearpoke
|poke|p1|Torkoal, F|
|poke|p1|Clefable, F|
|poke|p1|Mandibuzz, F|
|poke|p1|Walking Wake|
|poke|p1|Iron Moth|
|poke|p1|Brute Bonnet|
|poke|p2|Dragonite, M|
|poke|p2|Kleavor, F|
|poke|p2|Great Tusk|
|poke|p2|Toxapex, M|
|poke|p2|Deoxys-Defense|
|poke|p2|Moltres|
|teampreview
|inactive|Battle timer is ON: inactive players will automatically lose when time's up. (requested by socaselectah)
|
|t:|1758288250
|teamsize|p1|6
|teamsize|p2|6
|start
|switch|p1a: Clefable|Clefable, F|100/100
|switch|p2a: Kleavor|Kleavor, F|100/100
|turn|1
|
|t:|1758288257
|move|p2a: Kleavor|Stone Axe|p1a: Clefable
|-damage|p1a: Clefable|45/100
|-sidestart|p1: socaselectah|move: Stealth Rock
|move|p1a: Clefable|Trick|p2a: Kleavor
|-activate|p1a: Clefable|move: Trick|[of] p2a: Kleavor
|-item|p2a: Kleavor|Choice Scarf|[from] move: Trick
|-item|p1a: Clefable|Focus Sash|[from] move: Trick
|
|upkeep
|turn|2
|
|t:|1758288265
|switch|p1a: Mandibuzz|Mandibuzz, F|100/100
|-damage|p1a: Mandibuzz|75/100|[from] Stealth Rock
|move|p2a: Kleavor|Stone Axe|p1a: Mandibuzz
|-supereffective|p1a: Mandibuzz
|-damage|p1a: Mandibuzz|22/100
|
|-heal|p1a: Mandibuzz|28/100|[from] item: Leftovers
|upkeep
|turn|3
|
|t:|1758288276
|switch|p1a: Torkoal|Torkoal, F|100/100
|-damage|p1a: Torkoal|76/100|[from] Stealth Rock
|-weather|SunnyDay|[from] ability: Drought|[of] p1a: Torkoal
|move|p2a: Kleavor|Stone Axe|p1a: Torkoal
|-supereffective|p1a: Torkoal
|-damage|p1a: Torkoal|17/100
|
|-weather|SunnyDay|[upkeep]
|upkeep
|turn|4
|
|t:|1758288287
|move|p2a: Kleavor|Stone Axe|p1a: Torkoal
|-supereffective|p1a: Torkoal
|-damage|p1a: Torkoal|0 fnt
|faint|p1a: Torkoal
|
|-weather|SunnyDay|[upkeep]
|upkeep
|
|t:|1758288311
|switch|p1a: Brute Bonnet|Brute Bonnet|100/100
|-damage|p1a: Brute Bonnet|88/100|[from] Stealth Rock
|-activate|p1a: Brute Bonnet|ability: Protosynthesis
|-start|p1a: Brute Bonnet|protosynthesisatk
|turn|5
|
|t:|1758288318
|move|p2a: Kleavor|Stone Axe|p1a: Brute Bonnet
|-damage|p1a: Brute Bonnet|40/100
|move|p1a: Brute Bonnet|Growth|p1a: Brute Bonnet
|-boost|p1a: Brute Bonnet|atk|2
|-boost|p1a: Brute Bonnet|spa|2
|
|-weather|SunnyDay|[upkeep]
|upkeep
|turn|6
|
|t:|1758288326
|move|p1a: Brute Bonnet|Sucker Punch|p2a: Kleavor
|-crit|p2a: Kleavor
|-damage|p2a: Kleavor|0 fnt
|faint|p2a: Kleavor
|
|-weather|SunnyDay|[upkeep]
|upkeep
|
|t:|1758288333
|switch|p2a: Dragonite|Dragonite, M|100/100
|turn|7
|
|t:|1758288337
|-terastallize|p2a: Dragonite|Normal
|move|p2a: Dragonite|Extreme Speed|p1a: Brute Bonnet
|-damage|p1a: Brute Bonnet|0 fnt
|faint|p1a: Brute Bonnet
|-end|p1a: Brute Bonnet|Protosynthesis|[silent]
|
|-weather|SunnyDay|[upkeep]
|upkeep
|
|t:|1758288345
|switch|p1a: Walking Wake|Walking Wake|100/100
|-damage|p1a: Walking Wake|88/100|[from] Stealth Rock
|-activate|p1a: Walking Wake|ability: Protosynthesis
|-start|p1a: Walking Wake|protosynthesisspe
|turn|8
|
|t:|1758288351
|move|p2a: Dragonite|Extreme Speed|p1a: Walking Wake
|-damage|p1a: Walking Wake|6/100
|move|p1a: Walking Wake|Hydro Steam|p2a: Dragonite
|-damage|p2a: Dragonite|57/100
|
|-weather|SunnyDay|[upkeep]
|upkeep
|turn|9
|
|t:|1758288359
|move|p2a: Dragonite|Extreme Speed|p1a: Walking Wake
|-damage|p1a: Walking Wake|0 fnt
|faint|p1a: Walking Wake
|-end|p1a: Walking Wake|Protosynthesis|[silent]
|
|-weather|SunnyDay|[upkeep]
|upkeep
|
|t:|1758288361
|switch|p1a: Iron Moth|Iron Moth|100/100
|-damage|p1a: Iron Moth|76/100|[from] Stealth Rock
|-enditem|p1a: Iron Moth|Booster Energy
|-activate|p1a: Iron Moth|ability: Quark Drive|[fromitem]
|-start|p1a: Iron Moth|quarkdrivespe
|turn|10
|
|t:|1758288371
|move|p2a: Dragonite|Extreme Speed|p1a: Iron Moth
|-damage|p1a: Iron Moth|0 fnt
|faint|p1a: Iron Moth
|-end|p1a: Iron Moth|Quark Drive|[silent]
|
|-weather|none
|upkeep
|-message|socaselectah forfeited.
|
|win|LX1987
|raw|socaselectah's rating: 1492 &rarr; <strong>1468</strong><br />(-24 for losing)
|raw|LX1987's rating: 1421 &rarr; <strong>1445</strong><br />(+24 for winning)
|l|‽socaselectah
|player|p1|
