|j|☆Caesar nivis
|j|☆kinsword
|t:|1758277725
|gametype|singles
|player|p1|Caesar nivis|lance|1378
|player|p2|kinsword|169|1322
|gen|9
|tier|[Gen 9] OU
|rated|
|rule|HP Percentage Mod: HP is shown in percentages
|rule|Endless Battle Clause: Forcing endless battles is banned
|rule|Species Clause: Limit one of each Pokémon
|rule|OHKO Clause: OHKO moves are banned
|rule|Evasion Items Clause: Evasion items are banned
|rule|Evasion Moves Clause: Evasion moves are banned
|rule|Evasion Abilities Clause: Evasion abilities are banned
|rule|Sleep Moves Clause: Sleep-inducing moves are banned
|clearpoke
|poke|p1|Ninetales-Alola, F|
|poke|p1|Ursaluna, F|
|poke|p1|Moltres-Galar|
|poke|p1|Iron Treads|
|poke|p1|Glastrier|
|poke|p1|Dondozo, M|
|poke|p2|Dragalge, F|
|poke|p2|Rotom-Wash|
|poke|p2|Mamoswine, M|
|poke|p2|Iron Boulder|
|poke|p2|Blastoise, M|
|poke|p2|Corviknight, M|
|teampreview
|inactive|Battle timer is ON: inactive players will automatically lose when time's up. (requested by Caesar nivis)
|
|t:|1758277739
|teamsize|p1|6
|teamsize|p2|6
|start
|switch|p1a: Iron Treads|Iron Treads|100/100
|switch|p2a: Dragalge|Dragalge, F|100/100
|turn|1
|
|t:|1758277748
|switch|p2a: Rotom|Rotom-Wash|100/100
|move|p1a: Iron Treads|Earthquake|p2a: Rotom
|-immune|p2a: Rotom|[from] ability: Levitate
|
|upkeep
|turn|2
|
|t:|1758277755
|move|p1a: Iron Treads|Rapid Spin|p2a: Rotom
|-damage|p2a: Rotom|83/100
|-boost|p1a: Iron Treads|spe|1
|move|p2a: Rotom|Hydro Pump|p1a: Iron Treads
|-supereffective|p1a: Iron Treads
|-damage|p1a: Iron Treads|0 fnt
|faint|p1a: Iron Treads
|-end|p1a: Iron Treads|Quark Drive|[silent]
|
|-heal|p2a: Rotom|89/100|[from] item: Leftovers
|upkeep
|
|t:|1758277758
|switch|p1a: Ninetales|Ninetales-Alola, F|100/100
|-weather|Snowscape|[from] ability: Snow Warning|[of] p1a: Ninetales
|turn|3
|
|t:|1758277772
|move|p1a: Ninetales|Aurora Veil|p1a: Ninetales
|-sidestart|p1: Caesar nivis|move: Aurora Veil
|move|p2a: Rotom|Volt Switch|p1a: Ninetales
|-damage|p1a: Ninetales|84/100
|
|t:|1758277778
|switch|p2a: Dragalge|Dragalge, F|100/100|[from] Volt Switch
|
|-weather|Snowscape|[upkeep]
|upkeep
|turn|4
|
|t:|1758277784
|switch|p1a: Glastrier|Glastrier|100/100
|move|p2a: Dragalge|Sludge Bomb|p1a: Glastrier
|-damage|p1a: Glastrier|87/100
|
|-weather|Snowscape|[upkeep]
|upkeep
|turn|5
|
|t:|1758277793
|move|p2a: Dragalge|Flip Turn|p1a: Glastrier
|-crit|p1a: Glastrier
|-damage|p1a: Glastrier|80/100
|
|t:|1758277798
|switch|p2a: Corviknight|Corviknight, M|100/100|[from] Flip Turn
|move|p1a: Glastrier|Avalanche|p2a: Corviknight
|-damage|p2a: Corviknight|78/100
|-damage|p1a: Glastrier|64/100|[from] item: Rocky Helmet|[of] p2a: Corviknight
|
|-weather|Snowscape|[upkeep]
|upkeep
|turn|6
|
|t:|1758277808
|switch|p1a: Moltres|Moltres-Galar|100/100
|move|p2a: Corviknight|Defog|p1a: Moltres
|-unboost|p1a: Moltres|evasion|1
|-sideend|p1: Caesar nivis|move: Aurora Veil
|
|-weather|Snowscape|[upkeep]
|upkeep
|turn|7
|
|t:|1758277816
|move|p1a: Moltres|Fiery Wrath|p2a: Corviknight
|-damage|p2a: Corviknight|34/100
|cant|p2a: Corviknight|flinch
|
|-weather|none
|upkeep
|turn|8
|
|t:|1758277826
|move|p1a: Moltres|Agility|p1a: Moltres
|-boost|p1a: Moltres|spe|2
|move|p2a: Corviknight|U-turn|p1a: Moltres
|-damage|p1a: Moltres|84/100
|
|t:|1758277832
|switch|p2a: Iron Boulder|Iron Boulder|100/100|[from] U-turn
|-enditem|p2a: Iron Boulder|Booster Energy
|-activate|p2a: Iron Boulder|ability: Quark Drive|[fromitem]
|-start|p2a: Iron Boulder|quarkdrivespe
|
|-heal|p1a: Moltres|91/100|[from] item: Leftovers
|upkeep
|turn|9
|
|t:|1758277847
|switch|p1a: Dondozo|Dondozo, M|100/100
|move|p2a: Iron Boulder|Mighty Cleave|p1a: Dondozo
|-damage|p1a: Dondozo|80/100
|
|-heal|p1a: Dondozo|86/100|[from] item: Leftovers
|upkeep
|turn|10
|
|t:|1758277857
|-end|p2a: Iron Boulder|Quark Drive|[silent]
|switch|p2a: Rotom|Rotom-Wash|89/100
|move|p1a: Dondozo|Body Press|p2a: Rotom
|-damage|p2a: Rotom|57/100
|
|-heal|p2a: Rotom|63/100|[from] item: Leftovers
|-heal|p1a: Dondozo|92/100|[from] item: Leftovers
|upkeep
|turn|11
|
|t:|1758277867
|switch|p1a: Ninetales|Ninetales-Alola, F|84/100
|-weather|Snowscape|[from] ability: Snow Warning|[of] p1a: Ninetales
|move|p2a: Rotom|Will-O-Wisp|p1a: Ninetales
|-status|p1a: Ninetales|brn
|
|-weather|Snowscape|[upkeep]
|-heal|p2a: Rotom|70/100|[from] item: Leftovers
|-damage|p1a: Ninetales|78/100 brn|[from] brn
|upkeep
|turn|12
|
|t:|1758277879
|move|p1a: Ninetales|Aurora Veil|p1a: Ninetales
|-sidestart|p1: Caesar nivis|move: Aurora Veil
|move|p2a: Rotom|Volt Switch|p1a: Ninetales
|-damage|p1a: Ninetales|59/100 brn
|
|t:|1758277889
|switch|p2a: Mamoswine|Mamoswine, M|100/100|[from] Volt Switch
|
|-weather|Snowscape|[upkeep]
|-damage|p1a: Ninetales|53/100 brn|[from] brn
|upkeep
|turn|13
|
|t:|1758277896
|switch|p1a: Ursaluna|Ursaluna, F|100/100
|move|p2a: Mamoswine|Stealth Rock|p1a: Ursaluna
|-sidestart|p1: Caesar nivis|move: Stealth Rock
|
|-weather|Snowscape|[upkeep]
|-status|p1a: Ursaluna|brn|[from] item: Flame Orb
|upkeep
|turn|14
|
|t:|1758277906
|switch|p2a: Corviknight|Corviknight, M|34/100
|-terastallize|p1a: Ursaluna|Normal
|move|p1a: Ursaluna|Facade|p2a: Corviknight
|-resisted|p2a: Corviknight
|-damage|p2a: Corviknight|0 fnt
|-damage|p1a: Ursaluna|84/100 brn|[from] item: Rocky Helmet|[of] p2a: Corviknight
|faint|p2a: Corviknight
|
|-weather|Snowscape|[upkeep]
|-damage|p1a: Ursaluna|78/100 brn|[from] brn
|upkeep
|
|t:|1758277921
|switch|p2a: Iron Boulder|Iron Boulder|100/100
|turn|15
|
|t:|1758277929
|move|p2a: Iron Boulder|Mighty Cleave|p1a: Ursaluna
|-damage|p1a: Ursaluna|61/100 brn
|move|p1a: Ursaluna|Facade|p2a: Iron Boulder
|-resisted|p2a: Iron Boulder
|-crit|p2a: Iron Boulder
|-damage|p2a: Iron Boulder|0 fnt
|faint|p2a: Iron Boulder
|-end|p2a: Iron Boulder|Quark Drive|[silent]
|
|-weather|none
|-damage|p1a: Ursaluna|55/100 brn|[from] brn
|upkeep
|
|t:|1758277942
|switch|p2a: Mamoswine|Mamoswine, M|100/100
|turn|16
|
|t:|1758277945
|move|p2a: Mamoswine|Earthquake|p1a: Ursaluna
|-damage|p1a: Ursaluna|36/100 brn
|move|p1a: Ursaluna|Facade|p2a: Mamoswine
|-enditem|p2a: Mamoswine|Focus Sash
|-damage|p2a: Mamoswine|1/100
|
|-damage|p1a: Ursaluna|30/100 brn|[from] brn
|upkeep
|turn|17
|
|t:|1758277955
|move|p2a: Mamoswine|Earthquake|p1a: Ursaluna
|-damage|p1a: Ursaluna|13/100 brn
|move|p1a: Ursaluna|Facade|p2a: Mamoswine
|-damage|p2a: Mamoswine|0 fnt
|faint|p2a: Mamoswine
|
|-damage|p1a: Ursaluna|7/100 brn|[from] brn
|upkeep
|
|t:|1758277967
|switch|p2a: Rotom|Rotom-Wash|70/100
|turn|18
|
|t:|1758277970
|move|p2a: Rotom|Volt Switch|p1a: Ursaluna
|-damage|p1a: Ursaluna|0 fnt
|faint|p1a: Ursaluna
|
|t:|1758277975
|switch|p2a: Blastoise|Blastoise, M|100/100|[from] Volt Switch
|
|upkeep
|
|t:|1758277988
|switch|p1a: Ninetales|Ninetales-Alola, F|53/100 brn
|-damage|p1a: Ninetales|28/100 brn|[from] Stealth Rock
|-weather|Snowscape|[from] ability: Snow Warning|[of] p1a: Ninetales
|turn|19
|
|t:|1758277996
|move|p1a: Ninetales|Freeze-Dry|p2a: Blastoise
|-supereffective|p2a: Blastoise
|-damage|p2a: Blastoise|38/100
|move|p2a: Blastoise|Surf|p1a: Ninetales
|-damage|p1a: Ninetales|6/100 brn
|
|-weather|Snowscape|[upkeep]
|-damage|p1a: Ninetales|0 fnt|[from] brn
|faint|p1a: Ninetales
|-sideend|p1: Caesar nivis|move: Aurora Veil
|upkeep
|
|t:|1758278005
|switch|p1a: Glastrier|Glastrier|64/100
|-damage|p1a: Glastrier|39/100|[from] Stealth Rock
|turn|20
|
|t:|1758278013
|move|p2a: Blastoise|Surf|p1a: Glastrier
|-damage|p1a: Glastrier|20/100
|move|p1a: Glastrier|Close Combat|p2a: Blastoise
|-damage|p2a: Blastoise|0 fnt
|-unboost|p1a: Glastrier|def|1
|-unboost|p1a: Glastrier|spd|1
|faint|p2a: Blastoise
|-ability|p1a: Glastrier|Chilling Neigh|boost
|-boost|p1a: Glastrier|atk|1
|
|-weather|Snowscape|[upkeep]
|upkeep
|
|t:|1758278026
|switch|p2a: Rotom|Rotom-Wash|70/100
|turn|21
|
|t:|1758278034
|move|p2a: Rotom|Volt Switch|p1a: Glastrier
|-damage|p1a: Glastrier|0 fnt
|faint|p1a: Glastrier
|
|t:|1758278038
|switch|p2a: Dragalge|Dragalge, F|100/100|[from] Volt Switch
|
|-weather|Snowscape|[upkeep]
|upkeep
|
|t:|1758278040
|switch|p1a: Moltres|Moltres-Galar|91/100
|-damage|p1a: Moltres|66/100|[from] Stealth Rock
|turn|22
|
|t:|1758278054
|move|p1a: Moltres|Agility|p1a: Moltres
|-boost|p1a: Moltres|spe|2
|move|p2a: Dragalge|Sludge Bomb|p1a: Moltres
|-damage|p1a: Moltres|15/100
|-status|p1a: Moltres|psn
|-ability|p1a: Moltres|Berserk|boost
|-boost|p1a: Moltres|spa|1
|
|-weather|Snowscape|[upkeep]
|-heal|p1a: Moltres|21/100 psn|[from] item: Leftovers
|-damage|p1a: Moltres|9/100 psn|[from] psn
|upkeep
|turn|23
|
|t:|1758278067
|move|p1a: Moltres|Fiery Wrath|p2a: Dragalge
|-damage|p2a: Dragalge|61/100
|move|p2a: Dragalge|Sludge Bomb|p1a: Moltres
|-damage|p1a: Moltres|0 fnt
|faint|p1a: Moltres
|
|-weather|none
|upkeep
|
|t:|1758278070
|switch|p1a: Dondozo|Dondozo, M|92/100
|-damage|p1a: Dondozo|79/100|[from] Stealth Rock
|turn|24
|
|t:|1758278080
|move|p2a: Dragalge|Thunderbolt|p1a: Dondozo
|-supereffective|p1a: Dondozo
|-damage|p1a: Dondozo|26/100
|move|p1a: Dondozo|Crunch|p2a: Dragalge
|-damage|p2a: Dragalge|43/100
|
|-heal|p1a: Dondozo|32/100|[from] item: Leftovers
|upkeep
|turn|25
|
|t:|1758278089
|move|p2a: Dragalge|Sludge Bomb|p1a: Dondozo
|-damage|p1a: Dondozo|0 fnt
|faint|p1a: Dondozo
|
|win|kinsword
|raw|Caesar nivis's rating: 1378 &rarr; <strong>1355</strong><br />(-23 for losing)
|raw|kinsword's rating: 1322 &rarr; <strong>1345</strong><br />(+23 for winning)
|l|☆Caesar nivis
|player|p1|
|l|☆kinsword
|player|p2|
