|j|☆Lonelyenders
|j|☆Bean shaped bean
|t:|1758289647
|gametype|singles
|player|p1|Lonelyenders|acetrainer|1365
|player|p2|Bean shaped bean|169|1412
|gen|9
|tier|[Gen 9] OU
|rated|
|rule|HP Percentage Mod: HP is shown in percentages
|rule|Endless Battle Clause: Forcing endless battles is banned
|rule|Species Clause: Limit one of each Pokémon
|rule|OHKO Clause: OHKO moves are banned
|rule|Evasion Items Clause: Evasion items are banned
|rule|Evasion Moves Clause: Evasion moves are banned
|rule|Evasion Abilities Clause: Evasion abilities are banned
|rule|Sleep Moves Clause: Sleep-inducing moves are banned
|clearpoke
|poke|p1|Great Tusk|
|poke|p1|Meowscarada, F|
|poke|p1|Dragonite, M|
|poke|p1|Zapdos|
|poke|p1|Heatran, M|
|poke|p1|Primarina, F|
|poke|p2|Rillaboom, F|
|poke|p2|Hawlucha, F|
|poke|p2|Clefable, F|
|poke|p2|Gholdengo|
|poke|p2|Ogerpon-Wellspring, F|
|poke|p2|Blaziken, M|
|teampreview
|inactive|Battle timer is ON: inactive players will automatically lose when time's up. (requested by Lonelyenders)
|
|t:|1758289668
|teamsize|p1|6
|teamsize|p2|6
|start
|switch|p1a: Zapdos|Zapdos, shiny|100/100
|switch|p2a: LIKE|Ogerpon-Wellspring, F|100/100
|turn|1
|inactive|Bean shaped bean has 120 seconds left.
|
|t:|1758289705
|switch|p2a: THE|Clefable, F|100/100
|move|p1a: Zapdos|Hurricane|p2a: THE
|-damage|p2a: THE|53/100
|
|upkeep
|turn|2
|inactive|Bean shaped bean has 120 seconds left.
|
|t:|1758289714
|move|p1a: Zapdos|Discharge|p2a: THE
|-damage|p2a: THE|17/100
|move|p2a: THE|Moonlight|p2a: THE
|-heal|p2a: THE|67/100
|
|upkeep
|turn|3
|
|t:|1758289724
|move|p1a: Zapdos|Discharge|p2a: THE
|-damage|p2a: THE|35/100
|move|p2a: THE|Moonlight|p2a: THE
|-heal|p2a: THE|85/100
|
|upkeep
|turn|4
|
|t:|1758289730
|move|p1a: Zapdos|Discharge|p2a: THE
|-damage|p2a: THE|49/100
|move|p2a: THE|Stealth Rock|p1a: Zapdos
|-sidestart|p1: Lonelyenders|move: Stealth Rock
|
|upkeep
|turn|5
|
|t:|1758289740
|switch|p2a: BANK|Gholdengo|100/100
|move|p1a: Zapdos|Discharge|p2a: BANK
|-damage|p2a: BANK|62/100
|
|upkeep
|turn|6
|
|t:|1758289753
|move|p1a: Zapdos|Discharge|p2a: BANK
|-damage|p2a: BANK|23/100
|move|p2a: BANK|Recover|p2a: BANK
|-heal|p2a: BANK|73/100
|
|upkeep
|turn|7
|
|t:|1758289761
|move|p1a: Zapdos|Volt Switch|p2a: BANK
|-damage|p2a: BANK|34/100
|
|t:|1758289763
|switch|p1a: Primarina|Primarina, F|100/100|[from] Volt Switch
|-damage|p1a: Primarina|88/100|[from] Stealth Rock
|move|p2a: BANK|Recover|p2a: BANK
|-heal|p2a: BANK|84/100
|
|upkeep
|turn|8
|
|t:|1758289772
|switch|p2a: LIKE|Ogerpon-Wellspring, F|100/100
|move|p1a: Primarina|Surf|p2a: LIKE
|-immune|p2a: LIKE|[from] ability: Water Absorb
|
|upkeep
|turn|9
|
|t:|1758289784
|-terastallize|p1a: Primarina|Steel
|move|p2a: LIKE|Swords Dance|p2a: LIKE
|-boost|p2a: LIKE|atk|2
|move|p1a: Primarina|Psychic Noise|p2a: LIKE
|-damage|p2a: LIKE|68/100
|-start|p2a: LIKE|move: Heal Block
|
|upkeep
|turn|10
|
|t:|1758289790
|move|p2a: LIKE|Ivy Cudgel|p1a: Primarina|[anim] Ivy Cudgel Water
|-damage|p1a: Primarina|0 fnt
|faint|p1a: Primarina
|
|-end|p2a: LIKE|move: Heal Block
|upkeep
|
|t:|1758289794
|switch|p1a: Zapdos|Zapdos, shiny|100/100
|turn|11
|
|t:|1758289798
|move|p2a: LIKE|Ivy Cudgel|p1a: Zapdos|[anim] Ivy Cudgel Water
|-damage|p1a: Zapdos|0 fnt
|faint|p1a: Zapdos
|
|upkeep
|
|t:|1758289803
|switch|p1a: Meowscarada|Meowscarada, F|100/100
|-damage|p1a: Meowscarada|88/100|[from] Stealth Rock
|turn|12
|
|t:|1758289816
|move|p1a: Meowscarada|Flower Trick|p2a: LIKE
|-start|p1a: Meowscarada|typechange|Grass|[from] ability: Protean
|-crit|p2a: LIKE
|-damage|p2a: LIKE|0 fnt
|faint|p2a: LIKE
|
|upkeep
|
|t:|1758289819
|switch|p2a: LAUGHING|Rillaboom, F|100/100
|-fieldstart|move: Grassy Terrain|[from] ability: Grassy Surge|[of] p2a: LAUGHING
|turn|13
|
|t:|1758289824
|switch|p1a: Heatran|Heatran, M|100/100
|-damage|p1a: Heatran|88/100|[from] Stealth Rock
|move|p2a: LAUGHING|U-turn|p1a: Heatran
|-resisted|p1a: Heatran
|-damage|p1a: Heatran|83/100
|
|t:|1758289844
|switch|p2a: AHA|Blaziken, M|100/100|[from] U-turn
|
|-heal|p1a: Heatran|89/100|[from] Grassy Terrain
|-heal|p1a: Heatran|95/100|[from] item: Leftovers
|upkeep
|turn|14
|
|t:|1758289859
|move|p2a: AHA|Close Combat|p1a: Heatran
|-supereffective|p1a: Heatran
|-damage|p1a: Heatran|0 fnt
|-unboost|p2a: AHA|def|1
|-unboost|p2a: AHA|spd|1
|faint|p1a: Heatran
|-damage|p2a: AHA|91/100|[from] item: Life Orb
|
|-heal|p2a: AHA|97/100|[from] Grassy Terrain
|-ability|p2a: AHA|Speed Boost|boost
|-boost|p2a: AHA|spe|1
|upkeep
|
|t:|1758289864
|switch|p1a: Dragonite|Dragonite, M|100/100
|turn|15
|
|t:|1758289869
|switch|p2a: TO|Hawlucha, F|100/100
|-enditem|p2a: TO|Grassy Seed
|-boost|p2a: TO|def|1|[from] item: Grassy Seed
|move|p1a: Dragonite|Dragon Dance|p1a: Dragonite
|-boost|p1a: Dragonite|atk|1
|-boost|p1a: Dragonite|spe|1
|
|upkeep
|turn|16
|
|t:|1758289876
|move|p2a: TO|Encore|p1a: Dragonite
|-start|p1a: Dragonite|Encore
|move|p1a: Dragonite|Dragon Dance|p1a: Dragonite
|-boost|p1a: Dragonite|atk|1
|-boost|p1a: Dragonite|spe|1
|
|upkeep
|turn|17
|
|t:|1758289878
|move|p2a: TO|Swords Dance|p2a: TO
|-boost|p2a: TO|atk|2
|move|p1a: Dragonite|Dragon Dance|p1a: Dragonite
|-boost|p1a: Dragonite|atk|1
|-boost|p1a: Dragonite|spe|1
|
|upkeep
|turn|18
|
|t:|1758289881
|move|p2a: TO|Acrobatics|p1a: Dragonite
|-damage|p1a: Dragonite|47/100
|move|p1a: Dragonite|Dragon Dance|p1a: Dragonite
|-boost|p1a: Dragonite|atk|1
|-boost|p1a: Dragonite|spe|1
|
|-end|p1a: Dragonite|Encore
|upkeep
|turn|19
|
|t:|1758289888
|move|p1a: Dragonite|Extreme Speed|p2a: TO
|-damage|p2a: TO|10/100
|move|p2a: TO|Acrobatics|p1a: Dragonite
|-damage|p1a: Dragonite|0 fnt
|faint|p1a: Dragonite
|
|upkeep
|
|t:|1758289892
|switch|p1a: Meowscarada|Meowscarada, F|88/100
|-damage|p1a: Meowscarada|76/100|[from] Stealth Rock
|turn|20
|
|t:|1758289896
|move|p2a: TO|Acrobatics|p1a: Meowscarada
|-supereffective|p1a: Meowscarada
|-damage|p1a: Meowscarada|0 fnt
|faint|p1a: Meowscarada
|
|-fieldend|move: Grassy Terrain
|upkeep
|-message|Lonelyenders forfeited.
|
|win|Bean shaped bean
|raw|Lonelyenders's rating: 1365 &rarr; <strong>1348</strong><br />(-17 for losing)
|raw|Bean shaped bean's rating: 1412 &rarr; <strong>1429</strong><br />(+17 for winning)
|l|☆Lonelyenders
|player|p1|
