|j|☆Darkassasinb2
|j|☆lailah.207
|t:|1758310876
|gametype|singles
|player|p1|Darkassasinb2|2|1091
|player|p2|lailah.207|102|1085
|gen|9
|tier|[Gen 9] OU
|rated|
|rule|HP Percentage Mod: HP is shown in percentages
|rule|Endless Battle Clause: Forcing endless battles is banned
|rule|Species Clause: Limit one of each Pokémon
|rule|OHKO Clause: OHKO moves are banned
|rule|Evasion Items Clause: Evasion items are banned
|rule|Evasion Moves Clause: Evasion moves are banned
|rule|Evasion Abilities Clause: Evasion abilities are banned
|rule|Sleep Moves Clause: Sleep-inducing moves are banned
|clearpoke
|poke|p1|Dragapult, F|
|poke|p1|Lucario, M|
|poke|p1|Greninja-*, M|
|poke|p1|Ceruledge, M|
|poke|p1|Gallade, M|
|poke|p1|Dragonite, M|
|poke|p2|Torkoal, M|
|poke|p2|Leafeon, F|
|poke|p2|Umbreon, F|
|poke|p2|Haxorus, M|
|poke|p2|Corviknight, F|
|poke|p2|Latios, M|
|teampreview
|
|t:|1758310897
|teamsize|p1|6
|teamsize|p2|6
|start
|switch|p1a: Dragonite|Dragonite, M|100/100
|switch|p2a: Latios|Latios, M|100/100
|turn|1
|
|t:|1758310906
|-terastallize|p1a: Dragonite|Ground
|move|p2a: Latios|Ice Beam|p1a: Dragonite
|-supereffective|p1a: Dragonite
|-damage|p1a: Dragonite|65/100
|-enditem|p1a: Dragonite|Weakness Policy
|-boost|p1a: Dragonite|atk|2|[from] item: Weakness Policy
|-boost|p1a: Dragonite|spa|2|[from] item: Weakness Policy
|move|p1a: Dragonite|Dragon Dance|p1a: Dragonite
|-boost|p1a: Dragonite|atk|1
|-boost|p1a: Dragonite|spe|1
|
|upkeep
|turn|2
|
|t:|1758310925
|move|p1a: Dragonite|Draco Meteor|p2a: Latios
|-supereffective|p2a: Latios
|-damage|p2a: Latios|0 fnt
|-unboost|p1a: Dragonite|spa|2
|faint|p2a: Latios
|
|upkeep
|
|t:|1758310935
|switch|p2a: Torkoal|Torkoal, M|100/100
|-weather|SunnyDay|[from] ability: Drought|[of] p2a: Torkoal
|turn|3
|
|t:|1758310946
|move|p1a: Dragonite|Earthquake|p2a: Torkoal
|-supereffective|p2a: Torkoal
|-damage|p2a: Torkoal|0 fnt
|faint|p2a: Torkoal
|
|-weather|SunnyDay|[upkeep]
|upkeep
|
|t:|1758310980
|switch|p2a: Leafeon|Leafeon, F|100/100
|turn|4
|
|t:|1758310987
|move|p2a: Leafeon|Swords Dance|p2a: Leafeon
|-boost|p2a: Leafeon|atk|2
|move|p1a: Dragonite|Ice Beam|p2a: Leafeon
|-supereffective|p2a: Leafeon
|-damage|p2a: Leafeon|28/100
|
|-weather|SunnyDay|[upkeep]
|upkeep
|turn|5
|
|t:|1758310996
|move|p2a: Leafeon|Solar Blade||[still]
|-prepare|p2a: Leafeon|Solar Blade
|-anim|p2a: Leafeon|Solar Blade|p1a: Dragonite
|-supereffective|p1a: Dragonite
|-damage|p1a: Dragonite|0 fnt
|faint|p1a: Dragonite
|
|-weather|SunnyDay|[upkeep]
|upkeep
|
|t:|1758311015
|switch|p1a: Dragapult|Dragapult, F|100/100
|turn|6
|
|t:|1758311034
|move|p2a: Leafeon|Knock Off|p1a: Dragapult
|-supereffective|p1a: Dragapult
|-damage|p1a: Dragapult|0 fnt
|-enditem|p1a: Dragapult|Life Orb|[from] move: Knock Off|[of] p2a: Leafeon
|faint|p1a: Dragapult
|
|-weather|SunnyDay|[upkeep]
|upkeep
|
|t:|1758311073
|switch|p1a: Greninja|Greninja, M|100/100
|turn|7
|
|t:|1758311082
|move|p1a: Greninja|Water Shuriken|p2a: Leafeon
|-resisted|p2a: Leafeon
|-damage|p2a: Leafeon|25/100
|-resisted|p2a: Leafeon
|-damage|p2a: Leafeon|22/100
|-resisted|p2a: Leafeon
|-damage|p2a: Leafeon|19/100
|-resisted|p2a: Leafeon
|-damage|p2a: Leafeon|16/100
|-resisted|p2a: Leafeon
|-damage|p2a: Leafeon|12/100
|-hitcount|p2a: Leafeon|5
|move|p2a: Leafeon|Solar Blade||[still]
|-prepare|p2a: Leafeon|Solar Blade
|-anim|p2a: Leafeon|Solar Blade|p1a: Greninja
|-supereffective|p1a: Greninja
|-damage|p1a: Greninja|0 fnt
|faint|p1a: Greninja
|
|-weather|SunnyDay|[upkeep]
|upkeep
|
|t:|1758311103
|switch|p1a: Lucario|Lucario, M, shiny|100/100
|turn|8
|
|t:|1758311111
|-terastallize|p2a: Leafeon|Fire
|move|p1a: Lucario|Extreme Speed|p2a: Leafeon
|-damage|p2a: Leafeon|0 fnt
|faint|p2a: Leafeon
|
|-weather|SunnyDay|[upkeep]
|upkeep
|
|t:|1758311118
|switch|p2a: Haxorus|Haxorus, M|100/100
|-ability|p2a: Haxorus|Mold Breaker
|turn|9
|
|t:|1758311130
|move|p2a: Haxorus|Dragon Dance|p2a: Haxorus
|-boost|p2a: Haxorus|atk|1
|-boost|p2a: Haxorus|spe|1
|move|p1a: Lucario|Earthquake|p2a: Haxorus
|-damage|p2a: Haxorus|72/100
|
|-weather|SunnyDay|[upkeep]
|upkeep
|turn|10
|
|t:|1758311151
|move|p2a: Haxorus|Dragon Dance|p2a: Haxorus
|-boost|p2a: Haxorus|atk|1
|-boost|p2a: Haxorus|spe|1
|move|p1a: Lucario|Aura Sphere|p2a: Haxorus
|-damage|p2a: Haxorus|3/100
|
|-weather|none
|upkeep
|turn|11
|
|t:|1758311163
|switch|p2a: Corviknight|Corviknight, F|100/100
|move|p1a: Lucario|Extreme Speed|p2a: Corviknight
|-resisted|p2a: Corviknight
|-damage|p2a: Corviknight|96/100
|-damage|p1a: Lucario|84/100|[from] item: Rocky Helmet|[of] p2a: Corviknight
|
|upkeep
|turn|12
|
|t:|1758311172
|move|p1a: Lucario|Aura Sphere|p2a: Corviknight
|-damage|p2a: Corviknight|53/100
|move|p2a: Corviknight|Sand Attack|p1a: Lucario
|-unboost|p1a: Lucario|accuracy|1
|
|upkeep
|turn|13
|
|t:|1758311181
|move|p1a: Lucario|Aura Sphere|p2a: Corviknight
|-damage|p2a: Corviknight|11/100
|move|p2a: Corviknight|Roost|p2a: Corviknight
|-heal|p2a: Corviknight|61/100
|-singleturn|p2a: Corviknight|move: Roost
|
|upkeep
|turn|14
|
|t:|1758311200
|move|p1a: Lucario|Aura Sphere|p2a: Corviknight
|-damage|p2a: Corviknight|23/100
|move|p2a: Corviknight|Roost|p2a: Corviknight
|-heal|p2a: Corviknight|73/100
|-singleturn|p2a: Corviknight|move: Roost
|
|upkeep
|turn|15
|
|t:|1758311212
|switch|p1a: Gallade|Gallade, M|100/100
|move|p2a: Corviknight|Roost|p2a: Corviknight
|-heal|p2a: Corviknight|100/100
|-singleturn|p2a: Corviknight|move: Roost
|
|upkeep
|turn|16
|
|t:|1758311222
|move|p1a: Gallade|Swords Dance|p1a: Gallade
|-boost|p1a: Gallade|atk|2
|move|p2a: Corviknight|U-turn|p1a: Gallade
|-damage|p1a: Gallade|72/100
|
|t:|1758311229
|switch|p2a: Umbreon|Umbreon, F|100/100|[from] U-turn
|
|upkeep
|turn|17
|
|t:|1758311266
|move|p1a: Gallade|Sacred Sword|p2a: Umbreon
|-supereffective|p2a: Umbreon
|-damage|p2a: Umbreon|0 fnt
|faint|p2a: Umbreon
|
|upkeep
|
|t:|1758311299
|switch|p2a: Haxorus|Haxorus, M|3/100
|-ability|p2a: Haxorus|Mold Breaker
|turn|18
|
|t:|1758311316
|move|p2a: Haxorus|Outrage|p1a: Gallade
|-damage|p1a: Gallade|0 fnt
|faint|p1a: Gallade
|
|upkeep
|
|t:|1758311373
|switch|p1a: Lucario|Lucario, M, shiny|84/100
|turn|19
|
|t:|1758311381
|move|p2a: Haxorus|Outrage|p1a: Lucario|[from] lockedmove
|-resisted|p1a: Lucario
|-damage|p1a: Lucario|25/100
|move|p1a: Lucario|Aura Sphere|p2a: Haxorus
|-damage|p2a: Haxorus|0 fnt
|faint|p2a: Haxorus
|
|upkeep
|
|t:|1758311388
|switch|p2a: Corviknight|Corviknight, F|100/100
|turn|20
|
|t:|1758311396
|move|p1a: Lucario|Aura Sphere|p2a: Corviknight
|-damage|p2a: Corviknight|58/100
|move|p2a: Corviknight|U-turn|p1a: Lucario
|-resisted|p1a: Lucario
|-damage|p1a: Lucario|20/100
|
|upkeep
|turn|21
|
|t:|1758311406
|move|p1a: Lucario|Aura Sphere|p2a: Corviknight
|-damage|p2a: Corviknight|17/100
|move|p2a: Corviknight|Roost|p2a: Corviknight
|-heal|p2a: Corviknight|67/100
|-singleturn|p2a: Corviknight|move: Roost
|
|upkeep
|turn|22
|
|t:|1758311416
|switch|p1a: Ceruledge|Ceruledge, M|100/100
|move|p2a: Corviknight|Roost|p2a: Corviknight
|-heal|p2a: Corviknight|100/100
|-singleturn|p2a: Corviknight|move: Roost
|
|upkeep
|turn|23
|
|t:|1758311439
|move|p1a: Ceruledge|Bitter Blade|p2a: Corviknight
|-supereffective|p2a: Corviknight
|-damage|p2a: Corviknight|46/100
|-damage|p1a: Ceruledge|84/100|[from] item: Rocky Helmet|[of] p2a: Corviknight
|move|p2a: Corviknight|U-turn|p1a: Ceruledge
|-resisted|p1a: Ceruledge
|-damage|p1a: Ceruledge|78/100
|-ability|p1a: Ceruledge|Weak Armor|boost
|-unboost|p1a: Ceruledge|def|1
|-boost|p1a: Ceruledge|spe|2
|
|upkeep
|turn|24
|
|t:|1758311449
|move|p1a: Ceruledge|Bitter Blade|p2a: Corviknight
|-supereffective|p2a: Corviknight
|-damage|p2a: Corviknight|0 fnt
|-heal|p1a: Ceruledge|100/100|[from] drain|[of] p2a: Corviknight
|-damage|p1a: Ceruledge|84/100|[from] item: Rocky Helmet|[of] p2a: Corviknight
|faint|p2a: Corviknight
|
|win|Darkassasinb2
|raw|Darkassasinb2's rating: 1091 &rarr; <strong>1117</strong><br />(+26 for winning)
|raw|lailah.207's rating: 1085 &rarr; <strong>1063</strong><br />(-22 for losing)
