|j|☆Monettique
|j|☆Bmce1
|t:|1758321235
|gametype|singles
|player|p1|Monettique|artist-gen4|1096
|player|p2|Bmce1|proton|1075
|gen|9
|tier|[Gen 9] OU
|rated|
|rule|HP Percentage Mod: HP is shown in percentages
|rule|Endless Battle Clause: Forcing endless battles is banned
|rule|Species Clause: Limit one of each Pokémon
|rule|OHKO Clause: OHKO moves are banned
|rule|Evasion Items Clause: Evasion items are banned
|rule|Evasion Moves Clause: Evasion moves are banned
|rule|Evasion Abilities Clause: Evasion abilities are banned
|rule|Sleep Moves Clause: Sleep-inducing moves are banned
|clearpoke
|poke|p1|Bastiodon, M|
|poke|p1|Zangoose, F|
|poke|p1|Dunsparce, F|
|poke|p1|Iron Moth|
|poke|p1|Registeel|
|poke|p1|Darkrai|
|poke|p2|Scizor, F|
|poke|p2|Dragonite, M|
|poke|p2|Raichu, M|
|poke|p2|Leafeon, F|
|poke|p2|Skeledirge, M|
|poke|p2|Azumarill, M|
|teampreview
|
|t:|1758321245
|teamsize|p1|6
|teamsize|p2|6
|start
|switch|p1a: Bastiodon|Bastiodon, M|100/100
|switch|p2a: Azumarill|Azumarill, M|100/100
|turn|1
|
|t:|1758321252
|move|p2a: Azumarill|Belly Drum|p2a: Azumarill
|-damage|p2a: Azumarill|50/100
|-setboost|p2a: Azumarill|atk|6|[from] move: Belly Drum
|move|p1a: Bastiodon|Iron Defense|p1a: Bastiodon
|-boost|p1a: Bastiodon|def|2
|
|upkeep
|turn|2
|
|t:|1758321260
|move|p2a: Azumarill|Aqua Jet|p1a: Bastiodon
|-supereffective|p1a: Bastiodon
|-damage|p1a: Bastiodon|41/100
|move|p1a: Bastiodon|Iron Defense|p1a: Bastiodon
|-boost|p1a: Bastiodon|def|2
|
|-heal|p1a: Bastiodon|47/100|[from] item: Leftovers
|upkeep
|turn|3
|inactive|Battle timer is ON: inactive players will automatically lose when time's up. (requested by Monettique)
|
|t:|1758321272
|move|p2a: Azumarill|Aqua Jet|p1a: Bastiodon
|-supereffective|p1a: Bastiodon
|-damage|p1a: Bastiodon|12/100
|move|p1a: Bastiodon|Rest|p1a: Bastiodon
|-status|p1a: Bastiodon|slp|[from] move: Rest
|-heal|p1a: Bastiodon|100/100 slp|[silent]
|
|upkeep
|turn|4
|
|t:|1758321281
|move|p2a: Azumarill|Ice Spinner|p1a: Bastiodon
|-resisted|p1a: Bastiodon
|-damage|p1a: Bastiodon|87/100 slp
|cant|p1a: Bastiodon|slp
|move|p1a: Bastiodon|Sleep Talk|p1a: Bastiodon
|move|p1a: Bastiodon|Body Press|p2a: Azumarill|[from] move: Sleep Talk
|-resisted|p2a: Azumarill
|-damage|p2a: Azumarill|0 fnt
|faint|p2a: Azumarill
|
|-heal|p1a: Bastiodon|93/100 slp|[from] item: Leftovers
|upkeep
|
|t:|1758321298
|switch|p2a: Skeledirge|Skeledirge, M|100/100
|turn|5
|
|t:|1758321309
|-terastallize|p1a: Bastiodon|Fighting
|move|p2a: Skeledirge|Earth Power|p1a: Bastiodon
|-damage|p1a: Bastiodon|69/100 slp
|cant|p1a: Bastiodon|slp
|move|p1a: Bastiodon|Sleep Talk|p1a: Bastiodon
|move|p1a: Bastiodon|Rest||[from] move: Sleep Talk|[still]
|-fail|p1a: Bastiodon
|
|-heal|p1a: Bastiodon|75/100 slp|[from] item: Leftovers
|upkeep
|turn|6
|
|t:|1758321324
|move|p2a: Skeledirge|Alluring Voice|p1a: Bastiodon
|-supereffective|p1a: Bastiodon
|-damage|p1a: Bastiodon|39/100 slp
|-curestatus|p1a: Bastiodon|slp|[msg]
|move|p1a: Bastiodon|Iron Defense|p1a: Bastiodon
|-boost|p1a: Bastiodon|def|2
|
|-heal|p1a: Bastiodon|45/100|[from] item: Leftovers
|upkeep
|turn|7
|
|t:|1758321336
|move|p2a: Skeledirge|Alluring Voice|p1a: Bastiodon
|-supereffective|p1a: Bastiodon
|-damage|p1a: Bastiodon|8/100
|move|p1a: Bastiodon|Rest|p1a: Bastiodon
|-status|p1a: Bastiodon|slp|[from] move: Rest
|-heal|p1a: Bastiodon|100/100 slp|[silent]
|
|upkeep
|turn|8
|
|t:|1758321350
|switch|p1a: Registeel|Registeel|100/100
|move|p2a: Skeledirge|Torch Song|p1a: Registeel
|-supereffective|p1a: Registeel
|-damage|p1a: Registeel|50/100
|-boost|p2a: Skeledirge|spa|1
|
|-heal|p1a: Registeel|57/100|[from] item: Leftovers
|upkeep
|turn|9
|
|t:|1758321360
|switch|p1a: Iron Moth|Iron Moth|100/100
|-enditem|p1a: Iron Moth|Booster Energy
|-activate|p1a: Iron Moth|ability: Quark Drive|[fromitem]
|-start|p1a: Iron Moth|quarkdrivespe
|move|p2a: Skeledirge|Torch Song|p1a: Iron Moth
|-resisted|p1a: Iron Moth
|-damage|p1a: Iron Moth|71/100
|-boost|p2a: Skeledirge|spa|1
|
|upkeep
|turn|10
|
|t:|1758321370
|move|p1a: Iron Moth|Protect|p1a: Iron Moth
|-singleturn|p1a: Iron Moth|Protect
|move|p2a: Skeledirge|Earth Power|p1a: Iron Moth
|-activate|p1a: Iron Moth|move: Protect
|
|upkeep
|turn|11
|
|t:|1758321376
|move|p2a: Skeledirge|Earth Power|p1a: Iron Moth
|-supereffective|p1a: Iron Moth
|-damage|p1a: Iron Moth|0 fnt
|faint|p1a: Iron Moth
|-end|p1a: Iron Moth|Quark Drive|[silent]
|
|upkeep
|
|t:|1758321386
|switch|p1a: Dunsparce|Dunsparce, F|100/100
|turn|12
|
|t:|1758321391
|move|p2a: Skeledirge|Torch Song|p1a: Dunsparce
|-damage|p1a: Dunsparce|54/100
|-boost|p2a: Skeledirge|spa|1
|move|p1a: Dunsparce|Coil|p1a: Dunsparce
|-boost|p1a: Dunsparce|atk|1
|-boost|p1a: Dunsparce|def|1
|-boost|p1a: Dunsparce|accuracy|1
|
|upkeep
|turn|13
|
|t:|1758321399
|move|p2a: Skeledirge|Torch Song|p1a: Dunsparce
|-damage|p1a: Dunsparce|4/100
|-boost|p2a: Skeledirge|spa|1
|move|p1a: Dunsparce|Calm Mind|p1a: Dunsparce
|-boost|p1a: Dunsparce|spa|1
|-boost|p1a: Dunsparce|spd|1
|
|upkeep
|turn|14
|
|t:|1758321407
|move|p2a: Skeledirge|Earth Power|p1a: Dunsparce
|-damage|p1a: Dunsparce|0 fnt
|faint|p1a: Dunsparce
|
|upkeep
|
|t:|1758321411
|switch|p1a: Darkrai|Darkrai|100/100
|turn|15
|
|t:|1758321417
|move|p1a: Darkrai|Ice Beam|p2a: Skeledirge
|-resisted|p2a: Skeledirge
|-damage|p2a: Skeledirge|90/100
|move|p2a: Skeledirge|Alluring Voice|p1a: Darkrai
|-supereffective|p1a: Darkrai
|-damage|p1a: Darkrai|0 fnt
|faint|p1a: Darkrai
|
|upkeep
|-message|Monettique forfeited.
|
|win|Bmce1
|raw|Monettique's rating: 1096 &rarr; <strong>1070</strong><br />(-26 for losing)
|raw|Bmce1's rating: 1075 &rarr; <strong>1105</strong><br />(+30 for winning)
|l|☆Monettique
|player|p1|
|l|☆Bmce1
|player|p2|
