|j|☆slowbro named paul
|j|☆Clauws
|t:|1758287557
|gametype|singles
|player|p1|slowbro named paul|skierf|1198
|player|p2|Clauws|li|1209
|gen|9
|tier|[Gen 9] OU
|rated|
|rule|HP Percentage Mod: HP is shown in percentages
|rule|Endless Battle Clause: Forcing endless battles is banned
|rule|Species Clause: Limit one of each Pokémon
|rule|OHKO Clause: OHKO moves are banned
|rule|Evasion Items Clause: Evasion items are banned
|rule|Evasion Moves Clause: Evasion moves are banned
|rule|Evasion Abilities Clause: Evasion abilities are banned
|rule|Sleep Moves Clause: Sleep-inducing moves are banned
|clearpoke
|poke|p1|Okidogi, M|
|poke|p1|Zarude|
|poke|p1|Clefable, F|
|poke|p1|Corviknight, M|
|poke|p1|Blissey, F|
|poke|p1|Lanturn, F|
|poke|p2|Greninja-*, F|
|poke|p2|Hatterene, F|
|poke|p2|Scizor, F|
|poke|p2|Corviknight, M|
|poke|p2|Raging Bolt|
|poke|p2|Torkoal, M|
|teampreview
|inactive|Battle timer is ON: inactive players will automatically lose when time's up. (requested by slowbro named paul)
|
|t:|1758287581
|teamsize|p1|6
|teamsize|p2|6
|start
|switch|p1a: Clefable|Clefable, F|100/100
|switch|p2a: Greninja|Greninja, F|100/100
|turn|1
|
|t:|1758287587
|switch|p1a: Corviknight|Corviknight, M|100/100
|-ability|p1a: Corviknight|Pressure
|move|p2a: Greninja|Gunk Shot|p1a: Corviknight
|-start|p2a: Greninja|typechange|Poison|[from] ability: Protean
|-immune|p1a: Corviknight
|
|upkeep
|turn|2
|
|t:|1758287595
|move|p2a: Greninja|Spikes|p1a: Corviknight
|-sidestart|p1: slowbro named paul|Spikes
|move|p1a: Corviknight|Brave Bird|p2a: Greninja
|-damage|p2a: Greninja|37/100
|-damage|p1a: Corviknight|86/100|[from] Recoil
|
|-heal|p1a: Corviknight|92/100|[from] item: Leftovers
|upkeep
|turn|3
|
|t:|1758287603
|move|p2a: Greninja|Spikes|p1a: Corviknight
|-sidestart|p1: slowbro named paul|Spikes
|move|p1a: Corviknight|Defog|p2a: Greninja
|-unboost|p2a: Greninja|evasion|1
|-sideend|p1: slowbro named paul|Spikes|[from] move: Defog|[of] p1a: Corviknight
|
|-heal|p1a: Corviknight|98/100|[from] item: Leftovers
|upkeep
|turn|4
|
|t:|1758287610
|switch|p2a: Raging Bolt|Raging Bolt|100/100
|move|p1a: Corviknight|Spite||[still]
|-fail|p1a: Corviknight
|
|-heal|p1a: Corviknight|100/100|[from] item: Leftovers
|upkeep
|turn|5
|
|t:|1758287617
|switch|p1a: Lanturn|Lanturn, F|100/100
|move|p2a: Raging Bolt|Volt Switch|p1a: Lanturn
|-immune|p1a: Lanturn|[from] ability: Volt Absorb
|
|upkeep
|turn|6
|
|t:|1758287623
|-end|p2a: Raging Bolt|Protosynthesis|[silent]
|switch|p2a: Torkoal|Torkoal, M|100/100
|-weather|SunnyDay|[from] ability: Drought|[of] p2a: Torkoal
|move|p1a: Lanturn|Ice Beam|p2a: Torkoal
|-resisted|p2a: Torkoal
|-damage|p2a: Torkoal|86/100
|
|-weather|SunnyDay|[upkeep]
|upkeep
|turn|7
|
|t:|1758287633
|move|p1a: Lanturn|Discharge|p2a: Torkoal
|-damage|p2a: Torkoal|46/100
|move|p2a: Torkoal|Stealth Rock|p1a: Lanturn
|-sidestart|p1: slowbro named paul|move: Stealth Rock
|
|-weather|SunnyDay|[upkeep]
|upkeep
|turn|8
|
|t:|1758287640
|move|p1a: Lanturn|Discharge|p2a: Torkoal
|-damage|p2a: Torkoal|5/100
|-status|p2a: Torkoal|par
|move|p2a: Torkoal|Will-O-Wisp|p1a: Lanturn
|-status|p1a: Lanturn|brn
|
|-weather|SunnyDay|[upkeep]
|-damage|p1a: Lanturn|94/100 brn|[from] brn
|upkeep
|turn|9
|
|t:|1758287649
|switch|p2a: Raging Bolt|Raging Bolt|100/100
|-activate|p2a: Raging Bolt|ability: Protosynthesis
|-start|p2a: Raging Bolt|protosynthesisspa
|move|p1a: Lanturn|Volt Switch|p2a: Raging Bolt
|-resisted|p2a: Raging Bolt
|-damage|p2a: Raging Bolt|94/100
|
|t:|1758287655
|switch|p1a: Blissey|Blissey, F|100/100|[from] Volt Switch
|-damage|p1a: Blissey|88/100|[from] Stealth Rock
|
|-weather|SunnyDay|[upkeep]
|-heal|p1a: Blissey|94/100|[from] item: Leftovers
|upkeep
|turn|10
|
|t:|1758287662
|move|p2a: Raging Bolt|Draco Meteor|p1a: Blissey
|-damage|p1a: Blissey|43/100
|-unboost|p2a: Raging Bolt|spa|2
|move|p1a: Blissey|Calm Mind|p1a: Blissey
|-boost|p1a: Blissey|spa|1
|-boost|p1a: Blissey|spd|1
|
|-weather|none
|-end|p2a: Raging Bolt|Protosynthesis
|-heal|p1a: Blissey|49/100|[from] item: Leftovers
|upkeep
|turn|11
|
|t:|1758287672
|-end|p2a: Raging Bolt|Protosynthesis|[silent]
|switch|p2a: Hatterene|Hatterene, F|100/100
|move|p1a: Blissey|Flamethrower|p2a: Hatterene
|-damage|p2a: Hatterene|56/100
|
|-heal|p1a: Blissey|55/100|[from] item: Leftovers
|upkeep
|turn|12
|
|t:|1758287680
|move|p1a: Blissey|Hyper Voice|p2a: Hatterene
|-damage|p2a: Hatterene|0 fnt
|faint|p2a: Hatterene
|
|-heal|p1a: Blissey|61/100|[from] item: Leftovers
|upkeep
|l|☆Clauws
|inactive|Clauws disconnected and has a minute to reconnect!
|player|p2|
|inactive|Clauws has 30 seconds to reconnect!
|inactive|Clauws has 20 seconds to reconnect!
|inactive|Clauws has 15 seconds to reconnect!
|inactive|Clauws has 10 seconds to reconnect!
|inactive|Clauws has 5 seconds to reconnect!
|j|☆Clauws
|inactive|Clauws reconnected and has 95 seconds left.
|player|p2|Clauws|li|
|inactive|Clauws has 90 seconds left.
|-message|Clauws forfeited.
|
|win|slowbro named paul
|raw|slowbro named paul's rating: 1198 &rarr; <strong>1224</strong><br />(+26 for winning)
|raw|Clauws's rating: 1209 &rarr; <strong>1183</strong><br />(-26 for losing)
|l|☆Clauws
|player|p2|
