|j|☆jlce
|j|☆Isrim
|t:|1758265730
|gametype|singles
|player|p1|jlce|266|1416
|player|p2|Isrim|102|1403
|gen|9
|tier|[Gen 9] OU
|rated|
|rule|HP Percentage Mod: HP is shown in percentages
|rule|Endless Battle Clause: Forcing endless battles is banned
|rule|Species Clause: Limit one of each Pokémon
|rule|OHKO Clause: OHKO moves are banned
|rule|Evasion Items Clause: Evasion items are banned
|rule|Evasion Moves Clause: Evasion moves are banned
|rule|Evasion Abilities Clause: Evasion abilities are banned
|rule|Sleep Moves Clause: Sleep-inducing moves are banned
|clearpoke
|poke|p1|Dragapult, M|
|poke|p1|Weavile, M|
|poke|p1|Greninja-*, M|
|poke|p1|Tentacruel, M|
|poke|p1|Samurott-Hisui, M|
|poke|p1|Sinistcha|
|poke|p2|Lokix, M|
|poke|p2|Ambipom, F|
|poke|p2|Slowking-Galar, F|
|poke|p2|Great Tusk|
|poke|p2|Raging Bolt|
|poke|p2|Moltres|
|teampreview
|
|t:|1758265744
|teamsize|p1|6
|teamsize|p2|6
|start
|switch|p1a: Samurott|Samurott-Hisui, M|100/100
|switch|p2a: Ambipom|Ambipom, F|100/100
|turn|1
|inactive|Battle timer is ON: inactive players will automatically lose when time's up. (requested by Isrim)
|
|t:|1758265747
|switch|p1a: Sinistcha|Sinistcha|100/100
|move|p2a: Ambipom|Fake Out|p1a: Sinistcha
|-immune|p1a: Sinistcha
|
|upkeep
|turn|2
|
|t:|1758265751
|move|p2a: Ambipom|Triple Axel|p1a: Sinistcha
|-supereffective|p1a: Sinistcha
|-damage|p1a: Sinistcha|88/100
|-hitcount|p1a: Sinistcha|1
|move|p1a: Sinistcha|Stun Spore|p2a: Ambipom
|-status|p2a: Ambipom|par
|
|-heal|p1a: Sinistcha|94/100|[from] item: Leftovers
|upkeep
|turn|3
|
|t:|1758265759
|move|p2a: Ambipom|Knock Off|p1a: Sinistcha
|-supereffective|p1a: Sinistcha
|-damage|p1a: Sinistcha|53/100
|-enditem|p1a: Sinistcha|Leftovers|[from] move: Knock Off|[of] p2a: Ambipom
|move|p1a: Sinistcha|Matcha Gotcha|p2a: Ambipom
|-damage|p2a: Ambipom|44/100 par
|-heal|p1a: Sinistcha|77/100|[from] drain|[of] p2a: Ambipom
|
|upkeep
|turn|4
|
|t:|1758265764
|move|p2a: Ambipom|U-turn|p1a: Sinistcha
|-damage|p1a: Sinistcha|64/100
|
|t:|1758265766
|switch|p2a: Moltres|Moltres|100/100|[from] U-turn
|move|p1a: Sinistcha|Matcha Gotcha|p2a: Moltres
|-resisted|p2a: Moltres
|-damage|p2a: Moltres|92/100
|-heal|p1a: Sinistcha|69/100|[from] drain|[of] p2a: Moltres
|
|upkeep
|turn|5
|
|t:|1758265789
|switch|p1a: Tentacruel|Tentacruel, M|100/100
|move|p2a: Moltres|Flamethrower|p1a: Tentacruel
|-resisted|p1a: Tentacruel
|-crit|p1a: Tentacruel
|-damage|p1a: Tentacruel|82/100
|
|upkeep
|turn|6
|
|t:|1758265792
|move|p1a: Tentacruel|Toxic Spikes|p2a: Moltres
|-sidestart|p2: Isrim|move: Toxic Spikes
|move|p2a: Moltres|U-turn|p1a: Tentacruel
|-resisted|p1a: Tentacruel
|-damage|p1a: Tentacruel|73/100
|
|t:|1758265797
|switch|p2a: Slowking|Slowking-Galar, F|100/100|[from] U-turn
|-sideend|p2: Isrim|move: Toxic Spikes|[of] p2a: Slowking
|
|upkeep
|turn|7
|
|t:|1758265800
|move|p1a: Tentacruel|Flip Turn|p2a: Slowking
|-damage|p2a: Slowking|87/100
|
|t:|1758265802
|switch|p1a: Samurott|Samurott-Hisui, M|100/100|[from] Flip Turn
|move|p2a: Slowking|Future Sight|p1a: Samurott
|-start|p2a: Slowking|move: Future Sight
|
|upkeep
|turn|8
|
|t:|1758265805
|move|p1a: Samurott|Ceaseless Edge|p2a: Slowking
|-supereffective|p2a: Slowking
|-crit|p2a: Slowking
|-damage|p2a: Slowking|0 fnt
|-sidestart|p2: Isrim|Spikes
|faint|p2a: Slowking
|
|upkeep
|
|t:|1758265809
|switch|p2a: Lokix|Lokix, M|100/100
|turn|9
|
|t:|1758265812
|move|p2a: Lokix|First Impression|p1a: Samurott
|-supereffective|p1a: Samurott
|-enditem|p1a: Samurott|Focus Sash
|-damage|p1a: Samurott|1/100
|move|p1a: Samurott|Razor Shell|p2a: Lokix
|-damage|p2a: Lokix|22/100
|
|-end|p1a: Samurott|move: Future Sight
|-immune|p1a: Samurott
|upkeep
|turn|10
|
|t:|1758265817
|move|p1a: Samurott|Sucker Punch|p2a: Lokix
|-resisted|p2a: Lokix
|-damage|p2a: Lokix|0 fnt
|faint|p2a: Lokix
|
|upkeep
|
|t:|1758265820
|switch|p2a: Ambipom|Ambipom, F|44/100 par
|turn|11
|
|t:|1758265823
|switch|p1a: Sinistcha|Sinistcha|69/100
|cant|p2a: Ambipom|par
|
|upkeep
|turn|12
|
|t:|1758265825
|move|p2a: Ambipom|Triple Axel|p1a: Sinistcha
|-supereffective|p1a: Sinistcha
|-damage|p1a: Sinistcha|56/100
|-supereffective|p1a: Sinistcha
|-damage|p1a: Sinistcha|30/100
|-supereffective|p1a: Sinistcha
|-damage|p1a: Sinistcha|0 fnt
|faint|p1a: Sinistcha
|-hitcount|p1: Sinistcha|3
|
|upkeep
|
|t:|1758265831
|switch|p1a: Greninja|Greninja, M|100/100
|turn|13
|
|t:|1758265837
|move|p1a: Greninja|Dark Pulse|p2a: Ambipom
|-damage|p2a: Ambipom|0 fnt
|faint|p2a: Ambipom
|-ability|p1a: Greninja|Battle Bond|boost
|-boost|p1a: Greninja|atk|1
|-boost|p1a: Greninja|spa|1
|-boost|p1a: Greninja|spe|1
|-activate|p1a: Greninja|ability: Battle Bond
|-damage|p1a: Greninja|91/100|[from] item: Life Orb
|
|upkeep
|
|t:|1758265841
|switch|p2a: Raging Bolt|Raging Bolt|100/100
|-damage|p2a: Raging Bolt|88/100|[from] Spikes
|turn|14
|
|t:|1758265847
|move|p1a: Greninja|Water Shuriken|p2a: Raging Bolt
|-resisted|p2a: Raging Bolt
|-damage|p2a: Raging Bolt|82/100
|-resisted|p2a: Raging Bolt
|-damage|p2a: Raging Bolt|76/100
|-resisted|p2a: Raging Bolt
|-damage|p2a: Raging Bolt|70/100
|-hitcount|p2a: Raging Bolt|3
|-damage|p1a: Greninja|81/100|[from] item: Life Orb
|move|p2a: Raging Bolt|Thunderclap||[still]
|-fail|p2a: Raging Bolt
|
|upkeep
|turn|15
|
|t:|1758265856
|switch|p1a: Samurott|Samurott-Hisui, M|1/100
|move|p2a: Raging Bolt|Thunderclap||[still]
|-fail|p2a: Raging Bolt
|
|upkeep
|turn|16
|
|t:|1758265862
|-end|p2a: Raging Bolt|Protosynthesis|[silent]
|switch|p2a: Moltres|Moltres|92/100
|move|p1a: Samurott|Sucker Punch||[still]
|-fail|p1a: Samurott
|
|upkeep
|turn|17
|
|t:|1758265865
|move|p1a: Samurott|Razor Shell|p2a: Moltres
|-supereffective|p2a: Moltres
|-damage|p2a: Moltres|15/100
|-unboost|p2a: Moltres|def|1
|move|p2a: Moltres|U-turn|p1a: Samurott
|-supereffective|p1a: Samurott
|-damage|p1a: Samurott|0 fnt
|faint|p1a: Samurott
|
|t:|1758265869
|switch|p2a: Great Tusk|Great Tusk|100/100|[from] U-turn
|-damage|p2a: Great Tusk|88/100|[from] Spikes
|
|-heal|p2a: Great Tusk|94/100|[from] item: Leftovers
|upkeep
|
|t:|1758265872
|switch|p1a: Greninja|Greninja, M|81/100
|turn|18
|
|t:|1758265879
|-terastallize|p2a: Great Tusk|Water
|move|p1a: Greninja|Hydro Pump|p2a: Great Tusk
|-resisted|p2a: Great Tusk
|-damage|p2a: Great Tusk|54/100
|-damage|p1a: Greninja|71/100|[from] item: Life Orb
|move|p2a: Great Tusk|Headlong Rush|p1a: Greninja
|-damage|p1a: Greninja|0 fnt
|-unboost|p2a: Great Tusk|def|1
|-unboost|p2a: Great Tusk|spd|1
|faint|p1a: Greninja
|
|-heal|p2a: Great Tusk|61/100|[from] item: Leftovers
|upkeep
|
|t:|1758265883
|switch|p1a: Weavile|Weavile, M|100/100
|turn|19
|
|t:|1758265886
|move|p1a: Weavile|Knock Off|p2a: Great Tusk
|-damage|p2a: Great Tusk|2/100
|-enditem|p2a: Great Tusk|Leftovers|[from] move: Knock Off|[of] p1a: Weavile
|-damage|p1a: Weavile|91/100|[from] item: Life Orb
|move|p2a: Great Tusk|Head Smash|p1a: Weavile
|-supereffective|p1a: Weavile
|-damage|p1a: Weavile|0 fnt
|faint|p1a: Weavile
|-damage|p2a: Great Tusk|0 fnt|[from] Recoil
|faint|p2a: Great Tusk
|-end|p2a: Great Tusk|Protosynthesis|[silent]
|
|upkeep
|
|t:|1758265894
|switch|p1a: Dragapult|Dragapult, M|100/100
|switch|p2a: Raging Bolt|Raging Bolt|70/100
|-damage|p2a: Raging Bolt|57/100|[from] Spikes
|turn|20
|
|t:|1758265898
|move|p1a: Dragapult|Dragon Darts|p2a: Raging Bolt
|-supereffective|p2a: Raging Bolt
|-damage|p2a: Raging Bolt|0 fnt
|faint|p2a: Raging Bolt
|-end|p2a: Raging Bolt|Protosynthesis|[silent]
|-damage|p1a: Dragapult|91/100|[from] item: Life Orb
|
|upkeep
|
|t:|1758265900
|switch|p2a: Moltres|Moltres|15/100
|turn|21
|
|t:|1758265903
|move|p1a: Dragapult|Dragon Darts|p2a: Moltres
|-damage|p2a: Moltres|0 fnt
|faint|p2a: Moltres
|-damage|p1a: Dragapult|81/100|[from] item: Life Orb
|
|win|jlce
|raw|jlce's rating: 1416 &rarr; <strong>1435</strong><br />(+19 for winning)
|raw|Isrim's rating: 1403 &rarr; <strong>1384</strong><br />(-19 for losing)
|l|☆jlce
|player|p1|
|l|☆Isrim
|player|p2|
