|j|☆YajirobeFromDC_FAN
|j|‽Wakzzz
|t:|1758327894
|gametype|singles
|player|p1|YajirobeFromDC_FAN|preschooler|1388
|player|p2|Wakzzz|hilda-wonderlauncher|1342
|gen|9
|tier|[Gen 9] OU
|rated|
|rule|HP Percentage Mod: HP is shown in percentages
|rule|Endless Battle Clause: Forcing endless battles is banned
|rule|Species Clause: Limit one of each Pokémon
|rule|OHKO Clause: OHKO moves are banned
|rule|Evasion Items Clause: Evasion items are banned
|rule|Evasion Moves Clause: Evasion moves are banned
|rule|Evasion Abilities Clause: Evasion abilities are banned
|rule|Sleep Moves Clause: Sleep-inducing moves are banned
|clearpoke
|poke|p1|Landorus-Therian, M|
|poke|p1|Iron Moth|
|poke|p1|Gholdengo|
|poke|p1|Great Tusk|
|poke|p1|Ogerpon-Wellspring, F|
|poke|p1|Raging Bolt|
|poke|p2|Houndstone, F|
|poke|p2|Gothitelle, M|
|poke|p2|Houndoom, M|
|poke|p2|Ribombee, M|
|poke|p2|Scrafty, F|
|poke|p2|Sableye, M|
|teampreview
|
|t:|1758327915
|teamsize|p1|6
|teamsize|p2|6
|start
|switch|p1a: Iron Moth|Iron Moth|100/100
|switch|p2a: Scrafty|Scrafty, F|100/100
|-ability|p2a: Scrafty|Intimidate|boost
|-unboost|p1a: Iron Moth|atk|1
|turn|1
|
|t:|1758327922
|move|p1a: Iron Moth|Dazzling Gleam|p2a: Scrafty
|-supereffective|p2a: Scrafty
|-damage|p2a: Scrafty|0 fnt
|faint|p2a: Scrafty
|
|upkeep
|
|t:|1758327937
|switch|p2a: Gothitelle|Gothitelle, M|100/100
|turn|2
|
|t:|1758327956
|-end|p1a: Iron Moth|Quark Drive|[silent]
|switch|p1a: Landorus|Landorus-Therian, M|100/100
|-ability|p1a: Landorus|Intimidate|boost
|-unboost|p2a: Gothitelle|atk|1
|-ability|p2a: Gothitelle|Competitive|boost
|-boost|p2a: Gothitelle|spa|2
|move|p2a: Gothitelle|Psyshock|p1a: Landorus
|-damage|p1a: Landorus|24/100
|
|upkeep
|turn|3
|
|t:|1758327964
|move|p2a: Gothitelle|Psyshock|p1a: Landorus
|-damage|p1a: Landorus|0 fnt
|faint|p1a: Landorus
|
|upkeep
|
|t:|1758328026
|switch|p1a: Raging Bolt|Raging Bolt|100/100
|turn|4
|
|t:|1758328031
|move|p2a: Gothitelle|Psyshock|p1a: Raging Bolt
|-damage|p1a: Raging Bolt|37/100
|move|p1a: Raging Bolt|Thunderbolt|p2a: Gothitelle
|-crit|p2a: Gothitelle
|-damage|p2a: Gothitelle|11/100
|
|-heal|p1a: Raging Bolt|43/100|[from] item: Leftovers
|upkeep
|turn|5
|
|t:|1758328040
|switch|p2a: Sableye|Sableye, M|100/100
|move|p1a: Raging Bolt|Thunderclap||[still]
|-fail|p1a: Raging Bolt
|
|-heal|p1a: Raging Bolt|49/100|[from] item: Leftovers
|upkeep
|turn|6
|
|t:|1758328047
|move|p1a: Raging Bolt|Thunderbolt|p2a: Sableye
|-crit|p2a: Sableye
|-damage|p2a: Sableye|0 fnt
|faint|p2a: Sableye
|
|-heal|p1a: Raging Bolt|56/100|[from] item: Leftovers
|upkeep
|
|t:|1758328055
|switch|p2a: Ribombee|Ribombee, M|100/100
|turn|7
|
|t:|1758328070
|-terastallize|p1a: Raging Bolt|Flying
|move|p2a: Ribombee|Moonblast|p1a: Raging Bolt
|-damage|p1a: Raging Bolt|13/100
|-unboost|p1a: Raging Bolt|spa|1
|move|p1a: Raging Bolt|Thunderbolt|p2a: Ribombee
|-damage|p2a: Ribombee|40/100
|
|-heal|p1a: Raging Bolt|19/100|[from] item: Leftovers
|upkeep
|turn|8
|
|t:|1758328076
|move|p1a: Raging Bolt|Thunderclap|p2a: Ribombee
|-damage|p2a: Ribombee|0 fnt
|faint|p2a: Ribombee
|
|-heal|p1a: Raging Bolt|26/100|[from] item: Leftovers
|upkeep
|
|t:|1758328082
|switch|p2a: Houndoom|Houndoom, M|100/100
|turn|9
|
|t:|1758328086
|-end|p1a: Raging Bolt|Protosynthesis|[silent]
|switch|p1a: Iron Moth|Iron Moth|100/100
|move|p2a: Houndoom|Nasty Plot|p2a: Houndoom
|-boost|p2a: Houndoom|spa|2
|
|upkeep
|turn|10
|
|t:|1758328090
|move|p1a: Iron Moth|Sludge Wave|p2a: Houndoom
|-damage|p2a: Houndoom|0 fnt
|faint|p2a: Houndoom
|
|upkeep
|
|t:|1758328093
|switch|p2a: Gothitelle|Gothitelle, M|11/100
|turn|11
|
|t:|1758328098
|move|p2a: Gothitelle|Psyshock|p1a: Iron Moth
|-supereffective|p1a: Iron Moth
|-damage|p1a: Iron Moth|0 fnt
|faint|p1a: Iron Moth
|-end|p1a: Iron Moth|Quark Drive|[silent]
|
|upkeep
|
|t:|1758328105
|switch|p1a: Gholdengo|Gholdengo|100/100
|-item|p1a: Gholdengo|Air Balloon
|turn|12
|
|t:|1758328110
|move|p2a: Gothitelle|Psyshock|p1a: Gholdengo
|-resisted|p1a: Gholdengo
|-damage|p1a: Gholdengo|89/100
|-enditem|p1a: Gholdengo|Air Balloon
|move|p1a: Gholdengo|Shadow Ball|p2a: Gothitelle
|-supereffective|p2a: Gothitelle
|-damage|p2a: Gothitelle|0 fnt
|faint|p2a: Gothitelle
|
|upkeep
|
|t:|1758328113
|switch|p2a: Houndstone|Houndstone, F|100/100
|turn|13
|
|t:|1758328118
|-terastallize|p2a: Houndstone|Fighting
|move|p1a: Gholdengo|Shadow Ball|p2a: Houndstone
|-damage|p2a: Houndstone|67/100
|move|p2a: Houndstone|Poltergeist||[still]
|-fail|p2a: Houndstone
|
|-heal|p2a: Houndstone|73/100|[from] item: Leftovers
|upkeep
|turn|14
|-message|Wakzzz forfeited.
|
|win|YajirobeFromDC_FAN
|raw|YajirobeFromDC_FAN's rating: 1388 &rarr; <strong>1405</strong><br />(+17 for winning)
|raw|Wakzzz's rating: 1342 &rarr; <strong>1325</strong><br />(-17 for losing)
|l|‽Wakzzz
|player|p2|
|l|☆YajirobeFromDC_FAN
|player|p1|
