|j|☆AzureNoire
|j|☆Charle_phate
|t:|1758251804
|gametype|singles
|player|p1|AzureNoire|101|1277
|player|p2|Charle_phate|blue|1321
|gen|9
|tier|[Gen 9] OU
|rated|
|rule|HP Percentage Mod: HP is shown in percentages
|rule|Endless Battle Clause: Forcing endless battles is banned
|rule|Species Clause: Limit one of each Pokémon
|rule|OHKO Clause: OHKO moves are banned
|rule|Evasion Items Clause: Evasion items are banned
|rule|Evasion Moves Clause: Evasion moves are banned
|rule|Evasion Abilities Clause: Evasion abilities are banned
|rule|Sleep Moves Clause: Sleep-inducing moves are banned
|clearpoke
|poke|p1|Mandibuzz, F|
|poke|p1|Armarouge, F|
|poke|p1|Blaziken, F|
|poke|p1|Lokix, M|
|poke|p1|Hatterene, F|
|poke|p1|Lapras, F|
|poke|p2|Serperior, M|
|poke|p2|Rotom-Wash|
|poke|p2|Zapdos|
|poke|p2|Heatran, F|
|poke|p2|Clefable, F|
|poke|p2|Landorus-Therian, M|
|teampreview
|inactive|Battle timer is ON: inactive players will automatically lose when time's up. (requested by AzureNoire)
|
|t:|1758251819
|teamsize|p1|6
|teamsize|p2|6
|start
|switch|p1a: Lokix|Lokix, M|100/100
|switch|p2a: Rotom|Rotom-Wash|100/100
|turn|1
|
|t:|1758251833
|switch|p2a: Heatran|Heatran, F|100/100
|move|p1a: Lokix|U-turn|p2a: Heatran
|-resisted|p2a: Heatran
|-damage|p2a: Heatran|82/100
|-status|p1a: Lokix|brn|[from] ability: Flame Body|[of] p2a: Heatran
|
|t:|1758251841
|switch|p1a: Blaziken|Blaziken, F|100/100|[from] U-turn
|
|-heal|p2a: Heatran|89/100|[from] item: Leftovers
|upkeep
|turn|2
|
|t:|1758251848
|switch|p2a: Zapdos|Zapdos|100/100
|move|p1a: Blaziken|Focus Energy|p1a: Blaziken
|-start|p1a: Blaziken|move: Focus Energy
|
|-ability|p1a: Blaziken|Speed Boost|boost
|-boost|p1a: Blaziken|spe|1
|upkeep
|turn|3
|
|t:|1758251852
|move|p1a: Blaziken|Overheat|p2a: Zapdos
|-crit|p2a: Zapdos
|-damage|p2a: Zapdos|15/100
|-unboost|p1a: Blaziken|spa|2
|move|p2a: Zapdos|Discharge|p1a: Blaziken
|-damage|p1a: Blaziken|47/100
|-status|p1a: Blaziken|par
|
|-heal|p2a: Zapdos|21/100|[from] item: Leftovers
|-ability|p1a: Blaziken|Speed Boost|boost
|-boost|p1a: Blaziken|spe|1
|upkeep
|turn|4
|
|t:|1758251858
|move|p1a: Blaziken|Detect|p1a: Blaziken
|-singleturn|p1a: Blaziken|Protect
|move|p2a: Zapdos|Roost|p2a: Zapdos
|-heal|p2a: Zapdos|71/100
|-singleturn|p2a: Zapdos|move: Roost
|
|-heal|p2a: Zapdos|77/100|[from] item: Leftovers
|-ability|p1a: Blaziken|Speed Boost|boost
|-boost|p1a: Blaziken|spe|1
|upkeep
|turn|5
|
|t:|1758251872
|move|p1a: Blaziken|Overheat|p2a: Zapdos
|-crit|p2a: Zapdos
|-damage|p2a: Zapdos|0 fnt
|-unboost|p1a: Blaziken|spa|2
|faint|p2a: Zapdos
|
|-ability|p1a: Blaziken|Speed Boost|boost
|-boost|p1a: Blaziken|spe|1
|upkeep
|
|t:|1758251886
|switch|p2a: Landorus|Landorus-Therian, M|100/100
|-ability|p2a: Landorus|Intimidate|boost
|-unboost|p1a: Blaziken|atk|1
|turn|6
|
|t:|1758251900
|-terastallize|p1a: Blaziken|Fire
|move|p1a: Blaziken|Overheat|p2a: Landorus
|-crit|p2a: Landorus
|-damage|p2a: Landorus|0 fnt
|-unboost|p1a: Blaziken|spa|2
|faint|p2a: Landorus
|
|-ability|p1a: Blaziken|Speed Boost|boost
|-boost|p1a: Blaziken|spe|1
|upkeep
|inactive|Charle_phate has 120 seconds left.
|
|t:|1758251921
|switch|p2a: Rotom|Rotom-Wash|100/100
|turn|7
|
|t:|1758251930
|move|p1a: Blaziken|Close Combat|p2a: Rotom
|-crit|p2a: Rotom
|-damage|p2a: Rotom|27/100
|-unboost|p1a: Blaziken|def|1
|-unboost|p1a: Blaziken|spd|1
|move|p2a: Rotom|Charge Beam|p1a: Blaziken
|-damage|p1a: Blaziken|5/100 par
|-boost|p2a: Rotom|spa|1
|
|-heal|p2a: Rotom|33/100|[from] item: Leftovers
|-ability|p1a: Blaziken|Speed Boost|boost
|-boost|p1a: Blaziken|spe|1
|upkeep
|turn|8
|
|t:|1758251942
|cant|p1a: Blaziken|par
|move|p2a: Rotom|Charge Beam|p1a: Blaziken
|-damage|p1a: Blaziken|0 fnt
|-boost|p2a: Rotom|spa|1
|faint|p1a: Blaziken
|
|-heal|p2a: Rotom|39/100|[from] item: Leftovers
|upkeep
|
|t:|1758251946
|switch|p1a: Lokix|Lokix, M|100/100 brn
|turn|9
|
|t:|1758251958
|switch|p2a: Heatran|Heatran, F|89/100
|move|p1a: Lokix|First Impression|p2a: Heatran
|-resisted|p2a: Heatran
|-damage|p2a: Heatran|76/100
|
|-heal|p2a: Heatran|82/100|[from] item: Leftovers
|-damage|p1a: Lokix|94/100 brn|[from] brn
|upkeep
|turn|10
|
|t:|1758251963
|switch|p1a: Lapras|Lapras, F|100/100
|move|p2a: Heatran|Substitute|p2a: Heatran
|-start|p2a: Heatran|Substitute
|-damage|p2a: Heatran|57/100
|
|-heal|p2a: Heatran|64/100|[from] item: Leftovers
|upkeep
|turn|11
|
|t:|1758251972
|move|p1a: Lapras|Earthquake|p2a: Heatran
|-supereffective|p2a: Heatran
|-end|p2a: Heatran|Substitute
|move|p2a: Heatran|Ancient Power|p1a: Lapras
|-supereffective|p1a: Lapras
|-damage|p1a: Lapras|72/100
|
|-heal|p1a: Lapras|79/100|[from] item: Leftovers
|-heal|p2a: Heatran|70/100|[from] item: Leftovers
|upkeep
|turn|12
|
|t:|1758251976
|switch|p2a: Rotom|Rotom-Wash|39/100
|move|p1a: Lapras|Dragon Dance|p1a: Lapras
|-boost|p1a: Lapras|atk|1
|-boost|p1a: Lapras|spe|1
|
|-heal|p1a: Lapras|85/100|[from] item: Leftovers
|-heal|p2a: Rotom|45/100|[from] item: Leftovers
|upkeep
|turn|13
|
|t:|1758251985
|move|p1a: Lapras|Freeze-Dry|p2a: Rotom
|-supereffective|p2a: Rotom
|-damage|p2a: Rotom|0 fnt
|faint|p2a: Rotom
|
|-heal|p1a: Lapras|91/100|[from] item: Leftovers
|upkeep
|
|t:|1758252007
|switch|p2a: Serperior|Serperior, M|100/100
|turn|14
|
|t:|1758252014
|move|p2a: Serperior|Glare|p1a: Lapras
|-status|p1a: Lapras|par
|move|p1a: Lapras|Freeze-Dry|p2a: Serperior
|-supereffective|p2a: Serperior
|-damage|p2a: Serperior|38/100
|
|-heal|p2a: Serperior|44/100|[from] item: Leftovers
|-heal|p1a: Lapras|97/100 par|[from] item: Leftovers
|upkeep
|turn|15
|
|t:|1758252025
|switch|p1a: Mandibuzz|Mandibuzz, F|100/100
|move|p2a: Serperior|Substitute|p2a: Serperior
|-start|p2a: Serperior|Substitute
|-damage|p2a: Serperior|19/100
|
|-heal|p2a: Serperior|25/100|[from] item: Leftovers
|upkeep
|turn|16
|
|t:|1758252042
|move|p2a: Serperior|Glare|p1a: Mandibuzz
|-status|p1a: Mandibuzz|par
|move|p1a: Mandibuzz|Foul Play|p2a: Serperior
|-end|p2a: Serperior|Substitute
|
|-heal|p2a: Serperior|32/100|[from] item: Leftovers
|upkeep
|turn|17
|
|t:|1758252049
|move|p2a: Serperior|Substitute|p2a: Serperior
|-start|p2a: Serperior|Substitute
|-damage|p2a: Serperior|7/100
|move|p1a: Mandibuzz|Foul Play|p2a: Serperior
|-end|p2a: Serperior|Substitute
|
|-heal|p2a: Serperior|13/100|[from] item: Leftovers
|upkeep
|turn|18
|
|t:|1758252065
|switch|p1a: Hatterene|Hatterene, F|100/100
|move|p2a: Serperior|Leech Seed|p1a: Hatterene
|move|p1a: Hatterene|Leech Seed|p2a: Serperior|[from] ability: Magic Bounce
|-immune|p2a: Serperior
|
|-heal|p2a: Serperior|19/100|[from] item: Leftovers
|upkeep
|turn|19
|
|t:|1758252079
|move|p2a: Serperior|Leaf Storm|p1a: Hatterene
|-damage|p1a: Hatterene|47/100
|-boost|p2a: Serperior|spa|2
|move|p1a: Hatterene|Nuzzle|p2a: Serperior
|-resisted|p2a: Serperior
|-damage|p2a: Serperior|16/100
|-status|p2a: Serperior|par
|
|-heal|p2a: Serperior|22/100 par|[from] item: Leftovers
|upkeep
|turn|20
|
|t:|1758252087
|switch|p1a: Mandibuzz|Mandibuzz, F|100/100 par
|move|p2a: Serperior|Leaf Storm|p1a: Mandibuzz
|-resisted|p1a: Mandibuzz
|-damage|p1a: Mandibuzz|68/100 par
|-boost|p2a: Serperior|spa|2
|
|-heal|p2a: Serperior|29/100 par|[from] item: Leftovers
|-heal|p1a: Mandibuzz|74/100 par|[from] item: Leftovers
|upkeep
|turn|21
|
|t:|1758252104
|move|p2a: Serperior|Substitute|p2a: Serperior
|-start|p2a: Serperior|Substitute
|-damage|p2a: Serperior|4/100 par
|cant|p1a: Mandibuzz|par
|
|-heal|p2a: Serperior|10/100 par|[from] item: Leftovers
|-heal|p1a: Mandibuzz|81/100 par|[from] item: Leftovers
|upkeep
|turn|22
|
|t:|1758252108
|move|p2a: Serperior|Leech Seed|p1a: Mandibuzz
|-start|p1a: Mandibuzz|move: Leech Seed
|move|p1a: Mandibuzz|Foul Play|p2a: Serperior
|-end|p2a: Serperior|Substitute
|
|-heal|p2a: Serperior|16/100 par|[from] item: Leftovers
|-heal|p1a: Mandibuzz|87/100 par|[from] item: Leftovers
|-damage|p1a: Mandibuzz|74/100 par|[from] Leech Seed|[of] p2a: Serperior
|-heal|p2a: Serperior|33/100 par|[silent]
|upkeep
|turn|23
|inactive|Charle_phate has 120 seconds left.
|
|t:|1758252153
|switch|p1a: Hatterene|Hatterene, F|47/100
|cant|p2a: Serperior|par
|
|-heal|p2a: Serperior|39/100 par|[from] item: Leftovers
|upkeep
|turn|24
|inactive|Charle_phate has 90 seconds left.
|inactive|Charle_phate has 60 seconds left.
|
|t:|1758252225
|move|p2a: Serperior|Leaf Storm|p1a: Hatterene
|-damage|p1a: Hatterene|0 fnt
|-boost|p2a: Serperior|spa|2
|faint|p1a: Hatterene
|
|-heal|p2a: Serperior|45/100 par|[from] item: Leftovers
|upkeep
|
|t:|1758252232
|switch|p1a: Lokix|Lokix, M|94/100 brn
|turn|25
|inactive|Charle_phate has 60 seconds left.
|
|t:|1758252246
|move|p1a: Lokix|U-turn|p2a: Serperior
|-supereffective|p2a: Serperior
|-damage|p2a: Serperior|0 fnt
|faint|p2a: Serperior
|
|t:|1758252258
|switch|p1a: Lapras|Lapras, F|97/100 par|[from] U-turn
|
|-heal|p1a: Lapras|100/100 par|[from] item: Leftovers
|upkeep
|inactive|Charle_phate has 60 seconds left.
|
|t:|1758252266
|switch|p2a: Heatran|Heatran, F|70/100
|turn|26
|
|t:|1758252269
|move|p2a: Heatran|Substitute|p2a: Heatran
|-start|p2a: Heatran|Substitute
|-damage|p2a: Heatran|45/100
|move|p1a: Lapras|Earthquake|p2a: Heatran
|-supereffective|p2a: Heatran
|-end|p2a: Heatran|Substitute
|
|-heal|p2a: Heatran|51/100|[from] item: Leftovers
|upkeep
|turn|27
|
|t:|1758252272
|move|p2a: Heatran|Substitute|p2a: Heatran
|-start|p2a: Heatran|Substitute
|-damage|p2a: Heatran|26/100
|move|p1a: Lapras|Earthquake|p2a: Heatran
|-supereffective|p2a: Heatran
|-end|p2a: Heatran|Substitute
|
|-heal|p2a: Heatran|33/100|[from] item: Leftovers
|upkeep
|turn|28
|
|t:|1758252275
|move|p2a: Heatran|Substitute|p2a: Heatran
|-start|p2a: Heatran|Substitute
|-damage|p2a: Heatran|8/100
|move|p1a: Lapras|Earthquake|p2a: Heatran
|-supereffective|p2a: Heatran
|-end|p2a: Heatran|Substitute
|
|-heal|p2a: Heatran|14/100|[from] item: Leftovers
|upkeep
|turn|29
|
|t:|1758252279
|move|p2a: Heatran|Ancient Power|p1a: Lapras
|-supereffective|p1a: Lapras
|-damage|p1a: Lapras|75/100 par
|move|p1a: Lapras|Dragon Dance|p1a: Lapras
|-boost|p1a: Lapras|atk|1
|-boost|p1a: Lapras|spe|1
|
|-heal|p2a: Heatran|20/100|[from] item: Leftovers
|-heal|p1a: Lapras|81/100 par|[from] item: Leftovers
|upkeep
|turn|30
|
|t:|1758252282
|move|p2a: Heatran|Ancient Power|p1a: Lapras
|-supereffective|p1a: Lapras
|-damage|p1a: Lapras|56/100 par
|move|p1a: Lapras|Earthquake|p2a: Heatran
|-supereffective|p2a: Heatran
|-damage|p2a: Heatran|0 fnt
|faint|p2a: Heatran
|
|-heal|p1a: Lapras|62/100 par|[from] item: Leftovers
|upkeep
|
|t:|1758252285
|switch|p2a: Clefable|Clefable, F|100/100
|turn|31
|
|t:|1758252290
|move|p1a: Lapras|Dragon Dance|p1a: Lapras
|-boost|p1a: Lapras|atk|1
|-boost|p1a: Lapras|spe|1
|move|p2a: Clefable|Cosmic Power|p2a: Clefable
|-boost|p2a: Clefable|def|1
|-boost|p2a: Clefable|spd|1
|
|-heal|p1a: Lapras|68/100 par|[from] item: Leftovers
|upkeep
|turn|32
|inactive|Charle_phate has 120 seconds left.
|
|t:|1758252306
|move|p1a: Lapras|Liquidation|p2a: Clefable
|-crit|p2a: Clefable
|-damage|p2a: Clefable|42/100
|-unboost|p2a: Clefable|def|1
|move|p2a: Clefable|Cosmic Power|p2a: Clefable
|-boost|p2a: Clefable|def|1
|-boost|p2a: Clefable|spd|1
|
|-heal|p1a: Lapras|74/100 par|[from] item: Leftovers
|-heal|p2a: Clefable|48/100|[from] item: Leftovers
|upkeep
|turn|33
|
|t:|1758252312
|move|p1a: Lapras|Liquidation|p2a: Clefable
|-damage|p2a: Clefable|21/100
|move|p2a: Clefable|Cosmic Power|p2a: Clefable
|-boost|p2a: Clefable|def|1
|-boost|p2a: Clefable|spd|1
|
|-heal|p1a: Lapras|80/100 par|[from] item: Leftovers
|-heal|p2a: Clefable|27/100|[from] item: Leftovers
|upkeep
|turn|34
|inactive|Charle_phate has 120 seconds left.
|
|t:|1758252328
|move|p1a: Lapras|Liquidation|p2a: Clefable
|-damage|p2a: Clefable|6/100
|-unboost|p2a: Clefable|def|1
|move|p2a: Clefable|Cosmic Power|p2a: Clefable
|-boost|p2a: Clefable|def|1
|-boost|p2a: Clefable|spd|1
|
|-heal|p1a: Lapras|87/100 par|[from] item: Leftovers
|-heal|p2a: Clefable|12/100|[from] item: Leftovers
|upkeep
|turn|35
|inactive|Charle_phate has 120 seconds left.
|
|t:|1758252345
|move|p1a: Lapras|Liquidation|p2a: Clefable
|-crit|p2a: Clefable
|-damage|p2a: Clefable|0 fnt
|faint|p2a: Clefable
|
|win|AzureNoire
|raw|AzureNoire's rating: 1277 &rarr; <strong>1305</strong><br />(+28 for winning)
|raw|Charle_phate's rating: 1321 &rarr; <strong>1298</strong><br />(-23 for losing)
|l|☆Charle_phate
|player|p2|
|l|☆AzureNoire
|player|p1|
