|j|☆inthestation
|j|☆Shibuya Arc
|t:|1758346492
|gametype|singles
|player|p1|inthestation|pokemonbreeder|1615
|player|p2|Shibuya Arc|101|1662
|gen|9
|tier|[Gen 9] OU
|rated|
|rule|HP Percentage Mod: HP is shown in percentages
|rule|Endless Battle Clause: Forcing endless battles is banned
|rule|Species Clause: Limit one of each Pokémon
|rule|OHKO Clause: OHKO moves are banned
|rule|Evasion Items Clause: Evasion items are banned
|rule|Evasion Moves Clause: Evasion moves are banned
|rule|Evasion Abilities Clause: Evasion abilities are banned
|rule|Sleep Moves Clause: Sleep-inducing moves are banned
|clearpoke
|poke|p1|Ninetales-Alola, M|
|poke|p1|Kyurem|
|poke|p1|Hatterene, F|
|poke|p1|Weezing-Galar, F|
|poke|p1|Kingambit, M|
|poke|p1|Iron Moth|
|poke|p2|Dragapult, F|
|poke|p2|Dragonite, F|
|poke|p2|Ting-Lu|
|poke|p2|Weezing-Galar, F|
|poke|p2|Iron Crown|
|poke|p2|Zapdos|
|teampreview
|c|☆inthestation|glhf
|
|t:|1758346501
|teamsize|p1|6
|teamsize|p2|6
|start
|switch|p1a: Kingambit|Kingambit, M|100/100
|switch|p2a: Ting-Lu|Ting-Lu|100/100
|-ability|p2a: Ting-Lu|Vessel of Ruin
|turn|1
|inactive|Battle timer is ON: inactive players will automatically lose when time's up. (requested by Shibuya Arc)
|
|t:|1758346508
|-end|p1a: Kingambit|fallenundefined|[silent]
|switch|p1a: Hatterene|Hatterene, F|100/100
|move|p2a: Ting-Lu|Ruination|p1a: Hatterene
|-damage|p1a: Hatterene|50/100
|
|-heal|p1a: Hatterene|56/100|[from] item: Leftovers
|upkeep
|turn|2
|
|t:|1758346518
|move|p2a: Ting-Lu|Earthquake|p1a: Hatterene
|-damage|p1a: Hatterene|25/100
|move|p1a: Hatterene|Calm Mind|p1a: Hatterene
|-boost|p1a: Hatterene|spa|1
|-boost|p1a: Hatterene|spd|1
|
|-heal|p1a: Hatterene|31/100|[from] item: Leftovers
|upkeep
|turn|3
|
|t:|1758346528
|-terastallize|p2a: Ting-Lu|Water
|move|p2a: Ting-Lu|Earthquake|p1a: Hatterene
|-damage|p1a: Hatterene|0 fnt
|faint|p1a: Hatterene
|
|upkeep
|
|t:|1758346547
|switch|p1a: Ninetales|Ninetales-Alola, M|100/100
|-weather|Snowscape|[from] ability: Snow Warning|[of] p1a: Ninetales
|turn|4
|
|t:|1758346553
|move|p1a: Ninetales|Encore|p2a: Ting-Lu
|-start|p2a: Ting-Lu|Encore
|move|p2a: Ting-Lu|Earthquake|p1a: Ninetales
|-damage|p1a: Ninetales|70/100
|
|-weather|Snowscape|[upkeep]
|upkeep
|turn|5
|
|t:|1758346560
|move|p1a: Ninetales|Aurora Veil|p1a: Ninetales
|-sidestart|p1: inthestation|move: Aurora Veil
|move|p2a: Ting-Lu|Earthquake|p1a: Ninetales
|-damage|p1a: Ninetales|53/100
|
|-weather|Snowscape|[upkeep]
|upkeep
|turn|6
|
|t:|1758346571
|switch|p2a: Iron Crown|Iron Crown|100/100
|move|p1a: Ninetales|Freeze-Dry|p2a: Iron Crown
|-resisted|p2a: Iron Crown
|-damage|p2a: Iron Crown|91/100
|-status|p2a: Iron Crown|frz
|
|-weather|Snowscape|[upkeep]
|upkeep
|turn|7
|
|t:|1758346578
|switch|p1a: Kingambit|Kingambit, M|100/100
|-activate|p1a: Kingambit|ability: Supreme Overlord
|-start|p1a: Kingambit|fallen1|[silent]
|-curestatus|p2a: Iron Crown|frz|[msg]
|move|p2a: Iron Crown|Tachyon Cutter|p1a: Kingambit
|-resisted|p1a: Kingambit
|-crit|p1a: Kingambit
|-damage|p1a: Kingambit|74/100
|-resisted|p1a: Kingambit
|-crit|p1a: Kingambit
|-damage|p1a: Kingambit|46/100
|-hitcount|p1a: Kingambit|2
|
|-weather|Snowscape|[upkeep]
|-heal|p1a: Kingambit|53/100|[from] item: Leftovers
|upkeep
|turn|8
|
|t:|1758346588
|-end|p2a: Iron Crown|Quark Drive|[silent]
|switch|p2a: Ting-Lu|Ting-Lu, tera:Water|100/100
|-ability|p2a: Ting-Lu|Vessel of Ruin
|move|p1a: Kingambit|Kowtow Cleave|p2a: Ting-Lu
|-damage|p2a: Ting-Lu|69/100
|
|-weather|none
|-heal|p1a: Kingambit|59/100|[from] item: Leftovers
|-heal|p2a: Ting-Lu|75/100|[from] item: Leftovers
|upkeep
|turn|9
|
|t:|1758346597
|move|p1a: Kingambit|Swords Dance|p1a: Kingambit
|-boost|p1a: Kingambit|atk|2
|move|p2a: Ting-Lu|Stealth Rock|p1a: Kingambit
|-sidestart|p1: inthestation|move: Stealth Rock
|
|-heal|p1a: Kingambit|65/100|[from] item: Leftovers
|-heal|p2a: Ting-Lu|81/100|[from] item: Leftovers
|upkeep
|turn|10
|
|t:|1758346603
|move|p1a: Kingambit|Kowtow Cleave|p2a: Ting-Lu
|-damage|p2a: Ting-Lu|22/100
|move|p2a: Ting-Lu|Whirlwind|p1a: Kingambit
|-end|p1a: Kingambit|fallen1|[silent]
|drag|p1a: Ninetales|Ninetales-Alola, M|53/100
|-damage|p1a: Ninetales|28/100|[from] Stealth Rock
|-weather|Snowscape|[from] ability: Snow Warning|[of] p1a: Ninetales
|
|-weather|Snowscape|[upkeep]
|-heal|p2a: Ting-Lu|29/100|[from] item: Leftovers
|upkeep
|turn|11
|
|t:|1758346612
|move|p1a: Ninetales|Freeze-Dry|p2a: Ting-Lu
|-supereffective|p2a: Ting-Lu
|-damage|p2a: Ting-Lu|11/100
|move|p2a: Ting-Lu|Whirlwind|p1a: Ninetales
|drag|p1a: Kingambit|Kingambit, M|65/100
|-damage|p1a: Kingambit|59/100|[from] Stealth Rock
|-activate|p1a: Kingambit|ability: Supreme Overlord
|-start|p1a: Kingambit|fallen1|[silent]
|
|-weather|Snowscape|[upkeep]
|-heal|p1a: Kingambit|65/100|[from] item: Leftovers
|-heal|p2a: Ting-Lu|17/100|[from] item: Leftovers
|upkeep
|turn|12
|
|t:|1758346619
|switch|p2a: Weezing|Weezing-Galar, F|100/100
|-ability|p2a: Weezing|Neutralizing Gas
|move|p1a: Kingambit|Kowtow Cleave|p2a: Weezing
|-resisted|p2a: Weezing
|-crit|p2a: Weezing
|-damage|p2a: Weezing|76/100
|
|-weather|Snowscape|[upkeep]
|-heal|p1a: Kingambit|71/100|[from] item: Leftovers
|-sideend|p1: inthestation|move: Aurora Veil
|upkeep
|turn|13
|
|t:|1758346628
|-end|p1a: Kingambit|fallen1|[silent]
|switch|p1a: Weezing|Weezing-Galar, F|100/100
|-ability|p1a: Weezing|Neutralizing Gas
|move|p2a: Weezing|Will-O-Wisp|p1a: Weezing
|-status|p1a: Weezing|brn
|
|-weather|Snowscape|[upkeep]
|-damage|p1a: Weezing|95/100 brn|[from] brn
|upkeep
|turn|14
|
|t:|1758346634
|switch|p2a: Zapdos|Zapdos|100/100
|move|p1a: Weezing|Defog|p2a: Zapdos
|-unboost|p2a: Zapdos|evasion|1
|-sideend|p1: inthestation|Stealth Rock|[from] move: Defog|[of] p1a: Weezing
|
|-weather|none
|-damage|p1a: Weezing|89/100 brn|[from] brn
|upkeep
|turn|15
|
|t:|1758346657
|move|p2a: Zapdos|Heat Wave|p1a: Weezing
|-damage|p1a: Weezing|45/100 brn
|move|p1a: Weezing|Will-O-Wisp|p2a: Zapdos
|-status|p2a: Zapdos|brn
|
|-damage|p2a: Zapdos|94/100 brn|[from] brn
|-damage|p1a: Weezing|39/100 brn|[from] brn
|upkeep
|turn|16
|j| Ctannn
|
|t:|1758346674
|move|p2a: Zapdos|Volt Switch|p1a: Weezing
|-damage|p1a: Weezing|0 fnt
|faint|p1a: Weezing
|-end|p1a: Weezing|ability: Neutralizing Gas
|
|t:|1758346682
|switch|p2a: Weezing|Weezing-Galar, F|76/100|[from] Volt Switch
|-ability|p2a: Weezing|Neutralizing Gas
|
|upkeep
|
|t:|1758346690
|switch|p1a: Ninetales|Ninetales-Alola, M|28/100
|turn|17
|
|t:|1758346696
|move|p1a: Ninetales|Snowscape|p1a: Ninetales
|-weather|Snowscape
|move|p2a: Weezing|Will-O-Wisp|p1a: Ninetales
|-status|p1a: Ninetales|brn
|
|-weather|Snowscape|[upkeep]
|-damage|p1a: Ninetales|22/100 brn|[from] brn
|upkeep
|turn|18
|
|t:|1758346703
|-end|p2a: Weezing|ability: Neutralizing Gas
|switch|p2a: Iron Crown|Iron Crown|91/100
|move|p1a: Ninetales|Aurora Veil|p1a: Ninetales
|-sidestart|p1: inthestation|move: Aurora Veil
|
|-weather|Snowscape|[upkeep]
|-damage|p1a: Ninetales|16/100 brn|[from] brn
|upkeep
|turn|19
|
|t:|1758346709
|move|p1a: Ninetales|Freeze-Dry|p2a: Iron Crown
|-resisted|p2a: Iron Crown
|-damage|p2a: Iron Crown|80/100
|move|p2a: Iron Crown|Focus Blast|p1a: Ninetales
|-damage|p1a: Ninetales|0 fnt
|faint|p1a: Ninetales
|
|-weather|Snowscape|[upkeep]
|upkeep
|
|t:|1758346714
|switch|p1a: Iron Moth|Iron Moth|100/100
|-enditem|p1a: Iron Moth|Booster Energy
|-activate|p1a: Iron Moth|ability: Quark Drive|[fromitem]
|-start|p1a: Iron Moth|quarkdrivespe
|turn|20
|
|t:|1758346720
|-end|p2a: Iron Crown|Quark Drive|[silent]
|switch|p2a: Ting-Lu|Ting-Lu, tera:Water|17/100
|-ability|p2a: Ting-Lu|Vessel of Ruin
|move|p1a: Iron Moth|Substitute|p1a: Iron Moth
|-start|p1a: Iron Moth|Substitute
|-damage|p1a: Iron Moth|76/100
|
|-weather|Snowscape|[upkeep]
|-heal|p2a: Ting-Lu|23/100|[from] item: Leftovers
|upkeep
|turn|21
|
|t:|1758346730
|-terastallize|p1a: Iron Moth|Grass
|move|p1a: Iron Moth|Energy Ball|p2a: Ting-Lu
|-supereffective|p2a: Ting-Lu
|-damage|p2a: Ting-Lu|0 fnt
|faint|p2a: Ting-Lu
|
|-weather|none
|upkeep
|
|t:|1758346737
|switch|p2a: Dragapult|Dragapult, F|100/100
|turn|22
|
|t:|1758346744
|move|p1a: Iron Moth|Fiery Dance|p2a: Dragapult
|-resisted|p2a: Dragapult
|-damage|p2a: Dragapult|70/100
|move|p2a: Dragapult|Dragon Darts|p1a: Iron Moth
|-activate|p1a: Iron Moth|move: Substitute|[damage]
|-anim|p2a: Dragapult|Dragon Darts|p1a: Iron Moth
|-end|p1a: Iron Moth|Substitute
|
|upkeep
|turn|23
|
|t:|1758346751
|move|p1a: Iron Moth|Fiery Dance|p2a: Dragapult
|-resisted|p2a: Dragapult
|-damage|p2a: Dragapult|39/100
|-boost|p1a: Iron Moth|spa|1
|move|p2a: Dragapult|Will-O-Wisp|p1a: Iron Moth
|-status|p1a: Iron Moth|brn
|
|-damage|p1a: Iron Moth|70/100 brn|[from] brn
|upkeep
|turn|24
|
|t:|1758346759
|move|p1a: Iron Moth|Fiery Dance|p2a: Dragapult
|-resisted|p2a: Dragapult
|-damage|p2a: Dragapult|0 fnt
|-boost|p1a: Iron Moth|spa|1
|faint|p2a: Dragapult
|
|-damage|p1a: Iron Moth|64/100 brn|[from] brn
|upkeep
|
|t:|1758346766
|switch|p2a: Dragonite|Dragonite, F|100/100
|turn|25
|
|t:|1758346772
|move|p1a: Iron Moth|Sludge Wave|p2a: Dragonite
|-damage|p2a: Dragonite|57/100
|move|p2a: Dragonite|Dragon Dance|p2a: Dragonite
|-boost|p2a: Dragonite|atk|1
|-boost|p2a: Dragonite|spe|1
|
|-damage|p1a: Iron Moth|58/100 brn|[from] brn
|-sideend|p1: inthestation|move: Aurora Veil
|upkeep
|turn|26
|
|t:|1758346779
|move|p2a: Dragonite|Extreme Speed|p1a: Iron Moth
|-damage|p1a: Iron Moth|0 fnt
|faint|p1a: Iron Moth
|-end|p1a: Iron Moth|Quark Drive|[silent]
|
|upkeep
|
|t:|1758346783
|switch|p1a: Kingambit|Kingambit, M|71/100
|-activate|p1a: Kingambit|ability: Supreme Overlord
|-start|p1a: Kingambit|fallen4|[silent]
|turn|27
|j| dieMoldau
|
|t:|1758346789
|move|p1a: Kingambit|Sucker Punch|p2a: Dragonite
|-damage|p2a: Dragonite|0 fnt
|faint|p2a: Dragonite
|
|-heal|p1a: Kingambit|77/100|[from] item: Leftovers
|upkeep
|
|t:|1758346798
|switch|p2a: Zapdos|Zapdos|94/100 brn
|turn|28
|
|t:|1758346804
|move|p2a: Zapdos|Heat Wave|p1a: Kingambit
|-supereffective|p1a: Kingambit
|-damage|p1a: Kingambit|13/100
|move|p1a: Kingambit|Kowtow Cleave|p2a: Zapdos
|-damage|p2a: Zapdos|17/100 brn
|-status|p1a: Kingambit|par|[from] ability: Static|[of] p2a: Zapdos
|
|-heal|p1a: Kingambit|19/100 par|[from] item: Leftovers
|-damage|p2a: Zapdos|11/100 brn|[from] brn
|upkeep
|turn|29
|
|t:|1758346816
|move|p2a: Zapdos|Roost|p2a: Zapdos
|-heal|p2a: Zapdos|62/100 brn
|-singleturn|p2a: Zapdos|move: Roost
|move|p1a: Kingambit|Kowtow Cleave|p2a: Zapdos
|-damage|p2a: Zapdos|0 fnt
|faint|p2a: Zapdos
|
|-heal|p1a: Kingambit|25/100 par|[from] item: Leftovers
|upkeep
|
|t:|1758346824
|switch|p2a: Iron Crown|Iron Crown|80/100
|turn|30
|
|t:|1758346830
|move|p1a: Kingambit|Sucker Punch|p2a: Iron Crown
|-supereffective|p2a: Iron Crown
|-crit|p2a: Iron Crown
|-damage|p2a: Iron Crown|0 fnt
|faint|p2a: Iron Crown
|-end|p2a: Iron Crown|Quark Drive|[silent]
|
|-heal|p1a: Kingambit|31/100 par|[from] item: Leftovers
|upkeep
|
|t:|1758346839
|switch|p2a: Weezing|Weezing-Galar, F|76/100
|-ability|p2a: Weezing|Neutralizing Gas
|turn|31
|
|t:|1758346844
|move|p2a: Weezing|Pain Split|p1a: Kingambit
|-sethp|p1a: Kingambit|48/100 par|[from] move: Pain Split|[silent]
|-sethp|p2a: Weezing|56/100|[from] move: Pain Split
|move|p1a: Kingambit|Iron Head|p2a: Weezing
|-supereffective|p2a: Weezing
|-damage|p2a: Weezing|0 fnt
|faint|p2a: Weezing
|-end|p2a: Weezing|ability: Neutralizing Gas
|-activate|p1a: Kingambit|ability: Supreme Overlord
|-start|p1a: Kingambit|fallen4|[silent]
|
|win|inthestation
|raw|inthestation's rating: 1615 &rarr; <strong>1638</strong><br />(+23 for winning)
|raw|Shibuya Arc's rating: 1662 &rarr; <strong>1639</strong><br />(-23 for losing)
|l|☆Shibuya Arc
|player|p2|
|c|☆inthestation|gg
|c|☆inthestation|wp
