|j|☆bengalsfan1
|j|☆elvergatron69
|t:|1758300510
|gametype|singles
|player|p1|bengalsfan1|102|1128
|player|p2|elvergatron69|265|1107
|gen|9
|tier|[Gen 9] OU
|rated|
|rule|HP Percentage Mod: HP is shown in percentages
|rule|Endless Battle Clause: Forcing endless battles is banned
|rule|Species Clause: Limit one of each Pokémon
|rule|OHKO Clause: OHKO moves are banned
|rule|Evasion Items Clause: Evasion items are banned
|rule|Evasion Moves Clause: Evasion moves are banned
|rule|Evasion Abilities Clause: Evasion abilities are banned
|rule|Sleep Moves Clause: Sleep-inducing moves are banned
|clearpoke
|poke|p1|Arcanine, M|
|poke|p1|Sandslash, F|
|poke|p1|Venomoth, M|
|poke|p1|Raichu, F|
|poke|p1|Articuno|
|poke|p1|Dragonite, F|
|poke|p2|Duraludon, M|
|poke|p2|Iron Hands|
|poke|p2|Mandibuzz, F|
|poke|p2|Dragapult, F|
|poke|p2|Hitmonlee, M|
|poke|p2|Blissey, F|
|teampreview
|
|t:|1758300525
|teamsize|p1|6
|teamsize|p2|6
|start
|switch|p1a: Arcanine|Arcanine, M|100/100
|switch|p2a: Iron Hands|Iron Hands|100/100
|-ability|p1a: Arcanine|Intimidate|boost
|-unboost|p2a: Iron Hands|atk|1
|turn|1
|
|t:|1758300532
|move|p1a: Arcanine|Will-O-Wisp|p2a: Iron Hands
|-status|p2a: Iron Hands|brn
|move|p2a: Iron Hands|Belly Drum|p2a: Iron Hands
|-damage|p2a: Iron Hands|50/100 brn
|-setboost|p2a: Iron Hands|atk|6|[from] move: Belly Drum
|-enditem|p2a: Iron Hands|Sitrus Berry|[eat]
|-heal|p2a: Iron Hands|75/100 brn|[from] item: Sitrus Berry
|
|-damage|p2a: Iron Hands|69/100 brn|[from] brn
|upkeep
|turn|2
|
|t:|1758300551
|switch|p1a: Venomoth|Venomoth, M|100/100
|move|p2a: Iron Hands|Drain Punch|p1a: Venomoth
|-resisted|p1a: Venomoth
|-damage|p1a: Venomoth|57/100
|-heal|p2a: Iron Hands|81/100 brn|[from] drain|[of] p1a: Venomoth
|
|-damage|p2a: Iron Hands|75/100 brn|[from] brn
|upkeep
|turn|3
|
|t:|1758300569
|switch|p1a: Raichu|Raichu, F|100/100
|move|p2a: Iron Hands|Thunder Punch|p1a: Raichu
|-ability|p1a: Raichu|Lightning Rod|boost
|-boost|p1a: Raichu|spa|1
|
|-damage|p2a: Iron Hands|69/100 brn|[from] brn
|upkeep
|turn|4
|
|t:|1758300588
|-terastallize|p1a: Raichu|Fairy
|move|p1a: Raichu|Tera Blast|p2a: Iron Hands|[anim] Tera Blast Fairy
|-supereffective|p2a: Iron Hands
|-damage|p2a: Iron Hands|0 fnt
|faint|p2a: Iron Hands
|-end|p2a: Iron Hands|Quark Drive|[silent]
|
|upkeep
|
|t:|1758300594
|switch|p2a: Hitmonlee|Hitmonlee, M|100/100
|turn|5
|
|t:|1758300599
|move|p1a: Raichu|Tera Blast|p2a: Hitmonlee|[anim] Tera Blast Fairy
|-supereffective|p2a: Hitmonlee
|-enditem|p2a: Hitmonlee|Focus Sash
|-damage|p2a: Hitmonlee|1/100
|move|p2a: Hitmonlee|Swords Dance|p2a: Hitmonlee
|-boost|p2a: Hitmonlee|atk|2
|
|upkeep
|turn|6
|
|t:|1758300610
|switch|p1a: Venomoth|Venomoth, M|57/100
|-terastallize|p2a: Hitmonlee|Fighting
|move|p2a: Hitmonlee|Reversal|p1a: Venomoth
|-resisted|p1a: Venomoth
|-damage|p1a: Venomoth|0 fnt
|faint|p1a: Venomoth
|
|upkeep
|
|t:|1758300621
|switch|p1a: Arcanine|Arcanine, M|100/100
|-ability|p1a: Arcanine|Intimidate|boost
|-unboost|p2a: Hitmonlee|atk|1
|turn|7
|
|t:|1758300642
|switch|p2a: Dragapult|Dragapult, F|100/100
|move|p1a: Arcanine|Flamethrower|p2a: Dragapult
|-resisted|p2a: Dragapult
|-damage|p2a: Dragapult|80/100
|-status|p2a: Dragapult|brn
|-start|p1a: Arcanine|Disable|Flamethrower|[from] ability: Cursed Body|[of] p2a: Dragapult
|
|-damage|p2a: Dragapult|74/100 brn|[from] brn
|upkeep
|turn|8
|
|t:|1758300655
|switch|p1a: Articuno|Articuno|100/100
|-ability|p1a: Articuno|Pressure
|move|p2a: Dragapult|Dragon Dance|p2a: Dragapult
|-boost|p2a: Dragapult|atk|1
|-boost|p2a: Dragapult|spe|1
|
|-damage|p2a: Dragapult|68/100 brn|[from] brn
|upkeep
|turn|9
|
|t:|1758300665
|move|p2a: Dragapult|Dragon Darts|p1a: Articuno
|-damage|p1a: Articuno|82/100
|-anim|p2a: Dragapult|Dragon Darts|p1a: Articuno
|-damage|p1a: Articuno|64/100
|move|p1a: Articuno|Freeze-Dry|p2a: Dragapult
|-supereffective|p2a: Dragapult
|-damage|p2a: Dragapult|1/100 brn
|
|-damage|p2a: Dragapult|0 fnt|[from] brn
|faint|p2a: Dragapult
|upkeep
|
|t:|1758300676
|switch|p2a: Hitmonlee|Hitmonlee, M, tera:Fighting|1/100
|turn|10
|
|t:|1758300682
|move|p1a: Articuno|Ice Shard|p2a: Hitmonlee
|-damage|p2a: Hitmonlee|0 fnt
|faint|p2a: Hitmonlee
|
|upkeep
|
|t:|1758300690
|switch|p2a: Duraludon|Duraludon, M|100/100
|turn|11
|
|t:|1758300696
|switch|p1a: Arcanine|Arcanine, M|100/100
|-ability|p1a: Arcanine|Intimidate|boost
|-unboost|p2a: Duraludon|atk|1
|move|p2a: Duraludon|Flash Cannon|p1a: Arcanine
|-resisted|p1a: Arcanine
|-damage|p1a: Arcanine|78/100
|
|-heal|p1a: Arcanine|84/100|[from] item: Leftovers
|upkeep
|turn|12
|
|t:|1758300709
|move|p1a: Arcanine|Will-O-Wisp|p2a: Duraludon
|-status|p2a: Duraludon|brn
|move|p2a: Duraludon|Dragon Pulse|p1a: Arcanine
|-damage|p1a: Arcanine|33/100
|
|-heal|p1a: Arcanine|39/100|[from] item: Leftovers
|-damage|p2a: Duraludon|94/100 brn|[from] brn
|upkeep
|turn|13
|
|t:|1758300724
|switch|p1a: Raichu|Raichu, F, tera:Fairy|100/100
|move|p2a: Duraludon|Dragon Pulse|p1a: Raichu
|-immune|p1a: Raichu
|
|-damage|p2a: Duraludon|88/100 brn|[from] brn
|upkeep
|turn|14
|
|t:|1758300733
|move|p1a: Raichu|Tera Blast|p2a: Duraludon|[anim] Tera Blast Fairy
|-damage|p2a: Duraludon|32/100 brn
|move|p2a: Duraludon|Flash Cannon|p1a: Raichu
|-supereffective|p1a: Raichu
|-damage|p1a: Raichu|0 fnt
|faint|p1a: Raichu
|
|-damage|p2a: Duraludon|26/100 brn|[from] brn
|upkeep
|
|t:|1758300744
|switch|p1a: Dragonite|Dragonite, F|100/100
|turn|15
|
|t:|1758300749
|move|p1a: Dragonite|Ice Spinner|p2a: Duraludon
|-damage|p2a: Duraludon|9/100 brn
|move|p2a: Duraludon|Steel Beam|p1a: Dragonite
|-damage|p1a: Dragonite|58/100
|-damage|p2a: Duraludon|0 fnt|[from] steelbeam
|faint|p2a: Duraludon
|
|upkeep
|
|t:|1758300756
|switch|p2a: Mandibuzz|Mandibuzz, F|100/100
|turn|16
|
|t:|1758300763
|switch|p1a: Arcanine|Arcanine, M|39/100
|-ability|p1a: Arcanine|Intimidate|boost
|-unboost|p2a: Mandibuzz|atk|1
|move|p2a: Mandibuzz|Foul Play|p1a: Arcanine
|-damage|p1a: Arcanine|14/100
|
|-heal|p1a: Arcanine|20/100|[from] item: Leftovers
|upkeep
|turn|17
|
|t:|1758300774
|move|p1a: Arcanine|Morning Sun|p1a: Arcanine
|-heal|p1a: Arcanine|69/100
|move|p2a: Mandibuzz|Foul Play|p1a: Arcanine
|-damage|p1a: Arcanine|43/100
|
|-heal|p1a: Arcanine|49/100|[from] item: Leftovers
|upkeep
|turn|18
|
|t:|1758300783
|move|p1a: Arcanine|Will-O-Wisp|p2a: Mandibuzz
|-status|p2a: Mandibuzz|brn
|move|p2a: Mandibuzz|Foul Play|p1a: Arcanine
|-damage|p1a: Arcanine|37/100
|
|-heal|p1a: Arcanine|43/100|[from] item: Leftovers
|-damage|p2a: Mandibuzz|94/100 brn|[from] brn
|upkeep
|turn|19
|-message|elvergatron69 forfeited.
|
|win|bengalsfan1
|raw|bengalsfan1's rating: 1128 &rarr; <strong>1151</strong><br />(+23 for winning)
|raw|elvergatron69's rating: 1107 &rarr; <strong>1084</strong><br />(-23 for losing)
|l|☆elvergatron69
|player|p2|
|l|☆bengalsfan1
|player|p1|
