|j|☆williamthefool
|j|☆slowbro named paul
|t:|1758282687
|gametype|singles
|player|p1|williamthefool|169|1153
|player|p2|slowbro named paul|skierf|1176
|gen|9
|tier|[Gen 9] OU
|rated|
|rule|HP Percentage Mod: HP is shown in percentages
|rule|Endless Battle Clause: Forcing endless battles is banned
|rule|Species Clause: Limit one of each Pokémon
|rule|OHKO Clause: OHKO moves are banned
|rule|Evasion Items Clause: Evasion items are banned
|rule|Evasion Moves Clause: Evasion moves are banned
|rule|Evasion Abilities Clause: Evasion abilities are banned
|rule|Sleep Moves Clause: Sleep-inducing moves are banned
|clearpoke
|poke|p1|Pecharunt|
|poke|p1|Slither Wing|
|poke|p1|Kyurem|
|poke|p1|Corviknight, M|
|poke|p1|Sandy Shocks|
|poke|p1|Ogerpon-Wellspring, F|
|poke|p2|Ribombee, M|
|poke|p2|Ting-Lu|
|poke|p2|Glimmora, M|
|poke|p2|Gholdengo|
|poke|p2|Serperior, F|
|poke|p2|Moltres|
|teampreview
|inactive|Battle timer is ON: inactive players will automatically lose when time's up. (requested by slowbro named paul)
|
|t:|1758282706
|teamsize|p1|6
|teamsize|p2|6
|start
|switch|p1a: Sandy Shocks|Sandy Shocks|100/100
|switch|p2a: Golden Joe|Gholdengo|100/100
|turn|1
|
|t:|1758282717
|switch|p2a: *dies immediately*|Glimmora, M|100/100
|move|p1a: Sandy Shocks|Volt Switch|p2a: *dies immediately*
|-damage|p2a: *dies immediately*|28/100
|
|t:|1758282727
|-end|p1a: Sandy Shocks|Protosynthesis|[silent]
|switch|p1a: Kyurem|Kyurem|100/100|[from] Volt Switch
|-ability|p1a: Kyurem|Pressure
|
|upkeep
|turn|2
|
|t:|1758282736
|move|p1a: Kyurem|Ice Beam|p2a: *dies immediately*
|-damage|p2a: *dies immediately*|0 fnt
|faint|p2a: *dies immediately*
|
|upkeep
|
|t:|1758282740
|switch|p2a: Golden Joe|Gholdengo|100/100
|turn|3
|
|t:|1758282753
|switch|p1a: Corviknight|Corviknight, M|100/100
|-ability|p1a: Corviknight|Pressure
|move|p2a: Golden Joe|Shadow Ball|p1a: Corviknight
|-damage|p1a: Corviknight|50/100
|
|upkeep
|turn|4
|
|t:|1758282766
|move|p2a: Golden Joe|Shadow Ball|p1a: Corviknight
|-damage|p1a: Corviknight|3/100
|move|p1a: Corviknight|Roost|p1a: Corviknight
|-heal|p1a: Corviknight|53/100
|-singleturn|p1a: Corviknight|move: Roost
|
|upkeep
|turn|5
|
|t:|1758282772
|move|p2a: Golden Joe|Shadow Ball|p1a: Corviknight
|-damage|p1a: Corviknight|6/100
|move|p1a: Corviknight|Roost|p1a: Corviknight
|-heal|p1a: Corviknight|56/100
|-singleturn|p1a: Corviknight|move: Roost
|
|upkeep
|turn|6
|
|t:|1758282779
|move|p2a: Golden Joe|Shadow Ball|p1a: Corviknight
|-damage|p1a: Corviknight|7/100
|move|p1a: Corviknight|Roost|p1a: Corviknight
|-heal|p1a: Corviknight|57/100
|-singleturn|p1a: Corviknight|move: Roost
|
|upkeep
|turn|7
|
|t:|1758282805
|move|p2a: Golden Joe|Shadow Ball|p1a: Corviknight
|-crit|p1a: Corviknight
|-damage|p1a: Corviknight|0 fnt
|faint|p1a: Corviknight
|
|upkeep
|
|t:|1758282811
|switch|p1a: Sandy Shocks|Sandy Shocks|100/100
|turn|8
|
|t:|1758282818
|switch|p2a: Barry B. Benson|Ribombee, M|100/100
|move|p1a: Sandy Shocks|Thunderbolt|p2a: Barry B. Benson
|-damage|p2a: Barry B. Benson|0 fnt
|faint|p2a: Barry B. Benson
|
|upkeep
|
|t:|1758282820
|switch|p2a: Attack Moose|Ting-Lu|100/100
|-ability|p2a: Attack Moose|Vessel of Ruin
|turn|9
|
|t:|1758282826
|-end|p1a: Sandy Shocks|Protosynthesis|[silent]
|switch|p1a: Slither Wing|Slither Wing|100/100
|move|p2a: Attack Moose|Spikes|p1a: Slither Wing
|-sidestart|p1: williamthefool|Spikes
|
|upkeep
|turn|10
|
|t:|1758282829
|switch|p2a: bird who burns you|Moltres|100/100
|move|p1a: Slither Wing|First Impression|p2a: bird who burns you
|-resisted|p2a: bird who burns you
|-damage|p2a: bird who burns you|87/100
|
|upkeep
|turn|11
|
|t:|1758282836
|-end|p1a: Slither Wing|Protosynthesis|[silent]
|switch|p1a: Ogerpon|Ogerpon-Wellspring, F|100/100
|-damage|p1a: Ogerpon|88/100|[from] Spikes
|move|p2a: bird who burns you|Will-O-Wisp|p1a: Ogerpon
|-status|p1a: Ogerpon|brn
|
|-damage|p1a: Ogerpon|82/100 brn|[from] brn
|upkeep
|turn|12
|
|t:|1758282851
|switch|p2a: GO AHEAD DEFOG|Serperior, F|100/100
|move|p1a: Ogerpon|Ivy Cudgel|p2a: GO AHEAD DEFOG|[anim] Ivy Cudgel Water
|-resisted|p2a: GO AHEAD DEFOG
|-damage|p2a: GO AHEAD DEFOG|82/100
|
|-heal|p2a: GO AHEAD DEFOG|88/100|[from] item: Leftovers
|-damage|p1a: Ogerpon|76/100 brn|[from] brn
|upkeep
|turn|13
|
|t:|1758282857
|move|p2a: GO AHEAD DEFOG|Substitute|p2a: GO AHEAD DEFOG
|-start|p2a: GO AHEAD DEFOG|Substitute
|-damage|p2a: GO AHEAD DEFOG|63/100
|move|p1a: Ogerpon|Knock Off|p2a: GO AHEAD DEFOG
|-activate|p2a: GO AHEAD DEFOG|move: Substitute|[damage]
|
|-heal|p2a: GO AHEAD DEFOG|69/100|[from] item: Leftovers
|-damage|p1a: Ogerpon|70/100 brn|[from] brn
|upkeep
|turn|14
|
|t:|1758282863
|switch|p1a: Pecharunt|Pecharunt|100/100
|move|p2a: GO AHEAD DEFOG|Leaf Storm|p1a: Pecharunt|[miss]
|-miss|p2a: GO AHEAD DEFOG|p1a: Pecharunt
|
|-heal|p2a: GO AHEAD DEFOG|75/100|[from] item: Leftovers
|upkeep
|turn|15
|
|t:|1758282873
|move|p2a: GO AHEAD DEFOG|Leech Seed|p1a: Pecharunt
|-start|p1a: Pecharunt|move: Leech Seed
|move|p1a: Pecharunt|Malignant Chain|p2a: GO AHEAD DEFOG
|-supereffective|p2a: GO AHEAD DEFOG
|-end|p2a: GO AHEAD DEFOG|Substitute
|
|-heal|p2a: GO AHEAD DEFOG|82/100|[from] item: Leftovers
|-damage|p1a: Pecharunt|88/100|[from] Leech Seed|[of] p2a: GO AHEAD DEFOG
|-heal|p2a: GO AHEAD DEFOG|98/100|[silent]
|upkeep
|turn|16
|
|t:|1758282877
|move|p2a: GO AHEAD DEFOG|Substitute|p2a: GO AHEAD DEFOG
|-start|p2a: GO AHEAD DEFOG|Substitute
|-damage|p2a: GO AHEAD DEFOG|73/100
|move|p1a: Pecharunt|Malignant Chain|p2a: GO AHEAD DEFOG
|-supereffective|p2a: GO AHEAD DEFOG
|-end|p2a: GO AHEAD DEFOG|Substitute
|
|-heal|p2a: GO AHEAD DEFOG|79/100|[from] item: Leftovers
|-damage|p1a: Pecharunt|76/100|[from] Leech Seed|[of] p2a: GO AHEAD DEFOG
|-heal|p2a: GO AHEAD DEFOG|95/100|[silent]
|upkeep
|turn|17
|
|t:|1758282881
|move|p2a: GO AHEAD DEFOG|Substitute|p2a: GO AHEAD DEFOG
|-start|p2a: GO AHEAD DEFOG|Substitute
|-damage|p2a: GO AHEAD DEFOG|71/100
|move|p1a: Pecharunt|Malignant Chain|p2a: GO AHEAD DEFOG
|-supereffective|p2a: GO AHEAD DEFOG
|-end|p2a: GO AHEAD DEFOG|Substitute
|
|-heal|p2a: GO AHEAD DEFOG|77/100|[from] item: Leftovers
|-damage|p1a: Pecharunt|63/100|[from] Leech Seed|[of] p2a: GO AHEAD DEFOG
|-heal|p2a: GO AHEAD DEFOG|93/100|[silent]
|upkeep
|turn|18
|
|t:|1758282893
|switch|p1a: Slither Wing|Slither Wing|100/100
|-damage|p1a: Slither Wing|88/100|[from] Spikes
|move|p2a: GO AHEAD DEFOG|Substitute|p2a: GO AHEAD DEFOG
|-start|p2a: GO AHEAD DEFOG|Substitute
|-damage|p2a: GO AHEAD DEFOG|68/100
|
|-heal|p2a: GO AHEAD DEFOG|74/100|[from] item: Leftovers
|upkeep
|turn|19
|
|t:|1758282897
|move|p2a: GO AHEAD DEFOG|Leech Seed|p1a: Slither Wing
|-start|p1a: Slither Wing|move: Leech Seed
|move|p1a: Slither Wing|Leech Life|p2a: GO AHEAD DEFOG
|-supereffective|p2a: GO AHEAD DEFOG
|-end|p2a: GO AHEAD DEFOG|Substitute
|-heal|p1a: Slither Wing|98/100|[from] drain|[of] p2a: GO AHEAD DEFOG
|
|-heal|p2a: GO AHEAD DEFOG|81/100|[from] item: Leftovers
|-damage|p1a: Slither Wing|86/100|[from] Leech Seed|[of] p2a: GO AHEAD DEFOG
|-heal|p2a: GO AHEAD DEFOG|96/100|[silent]
|upkeep
|turn|20
|
|t:|1758282900
|move|p2a: GO AHEAD DEFOG|Substitute|p2a: GO AHEAD DEFOG
|-start|p2a: GO AHEAD DEFOG|Substitute
|-damage|p2a: GO AHEAD DEFOG|72/100
|move|p1a: Slither Wing|Leech Life|p2a: GO AHEAD DEFOG
|-supereffective|p2a: GO AHEAD DEFOG
|-end|p2a: GO AHEAD DEFOG|Substitute
|-heal|p1a: Slither Wing|95/100|[from] drain|[of] p2a: GO AHEAD DEFOG
|
|-heal|p2a: GO AHEAD DEFOG|78/100|[from] item: Leftovers
|-damage|p1a: Slither Wing|83/100|[from] Leech Seed|[of] p2a: GO AHEAD DEFOG
|-heal|p2a: GO AHEAD DEFOG|94/100|[silent]
|upkeep
|turn|21
|
|t:|1758282908
|switch|p2a: bird who burns you|Moltres|87/100
|move|p1a: Slither Wing|Leech Life|p2a: bird who burns you
|-resisted|p2a: bird who burns you
|-damage|p2a: bird who burns you|75/100
|-heal|p1a: Slither Wing|90/100|[from] drain|[of] p2a: bird who burns you
|
|-damage|p1a: Slither Wing|77/100|[from] Leech Seed|[of] p2a: bird who burns you
|-heal|p2a: bird who burns you|87/100|[silent]
|upkeep
|turn|22
|
|t:|1758282915
|-end|p1a: Slither Wing|Protosynthesis|[silent]
|switch|p1a: Ogerpon|Ogerpon-Wellspring, F|70/100 brn
|-damage|p1a: Ogerpon|58/100 brn|[from] Spikes
|move|p2a: bird who burns you|Hurricane|p1a: Ogerpon
|-supereffective|p1a: Ogerpon
|-damage|p1a: Ogerpon|0 fnt
|faint|p1a: Ogerpon
|
|upkeep
|
|t:|1758282920
|switch|p1a: Sandy Shocks|Sandy Shocks|100/100
|-damage|p1a: Sandy Shocks|88/100|[from] Spikes
|turn|23
|
|t:|1758282930
|-end|p1a: Sandy Shocks|Protosynthesis|[silent]
|switch|p1a: Kyurem|Kyurem|100/100
|-damage|p1a: Kyurem|88/100|[from] Spikes
|-ability|p1a: Kyurem|Pressure
|switch|p2a: Golden Joe|Gholdengo|100/100
|
|upkeep
|turn|24
|
|t:|1758282938
|-terastallize|p2a: Golden Joe|Fairy
|move|p1a: Kyurem|Earth Power|p2a: Golden Joe
|-crit|p2a: Golden Joe
|-damage|p2a: Golden Joe|20/100
|move|p2a: Golden Joe|Make It Rain|p1a: Kyurem
|-supereffective|p1a: Kyurem
|-damage|p1a: Kyurem|0 fnt
|-unboost|p2a: Golden Joe|spa|1
|faint|p1a: Kyurem
|
|upkeep
|
|t:|1758282957
|switch|p1a: Pecharunt|Pecharunt|63/100
|turn|25
|
|t:|1758282961
|switch|p2a: Attack Moose|Ting-Lu|100/100
|-ability|p2a: Attack Moose|Vessel of Ruin
|move|p1a: Pecharunt|Recover|p1a: Pecharunt
|-heal|p1a: Pecharunt|100/100
|
|upkeep
|turn|26
|
|t:|1758282965
|move|p1a: Pecharunt|Parting Shot|p2a: Attack Moose
|-unboost|p2a: Attack Moose|atk|1
|-unboost|p2a: Attack Moose|spa|1
|
|t:|1758282967
|switch|p1a: Slither Wing|Slither Wing|77/100|[from] Parting Shot
|-damage|p1a: Slither Wing|65/100|[from] Spikes
|move|p2a: Attack Moose|Spikes|p1a: Slither Wing
|-sidestart|p1: williamthefool|Spikes
|
|upkeep
|turn|27
|
|t:|1758282972
|switch|p2a: bird who burns you|Moltres|87/100
|move|p1a: Slither Wing|Leech Life|p2a: bird who burns you
|-resisted|p2a: bird who burns you
|-damage|p2a: bird who burns you|74/100
|-heal|p1a: Slither Wing|72/100|[from] drain|[of] p2a: bird who burns you
|
|upkeep
|turn|28
|
|t:|1758282982
|-end|p1a: Slither Wing|Protosynthesis|[silent]
|switch|p1a: Sandy Shocks|Sandy Shocks|88/100
|-damage|p1a: Sandy Shocks|72/100|[from] Spikes
|move|p2a: bird who burns you|Flamethrower|p1a: Sandy Shocks
|-damage|p1a: Sandy Shocks|20/100
|
|upkeep
|turn|29
|
|t:|1758282989
|move|p1a: Sandy Shocks|Earth Power|p2a: bird who burns you
|-immune|p2a: bird who burns you
|move|p2a: bird who burns you|Flamethrower|p1a: Sandy Shocks
|-damage|p1a: Sandy Shocks|0 fnt
|faint|p1a: Sandy Shocks
|-end|p1a: Sandy Shocks|Protosynthesis|[silent]
|
|upkeep
|-message|williamthefool forfeited.
|
|win|slowbro named paul
|raw|williamthefool's rating: 1153 &rarr; <strong>1130</strong><br />(-23 for losing)
|raw|slowbro named paul's rating: 1176 &rarr; <strong>1199</strong><br />(+23 for winning)
|l|☆williamthefool
|player|p1|
