|j|☆takeyouout
|j|☆Mr Braziest
|t:|1758256618
|gametype|singles
|player|p1|takeyouout|richboy|1577
|player|p2|Mr Braziest|li|1536
|gen|9
|tier|[Gen 9] OU
|rated|
|rule|HP Percentage Mod: HP is shown in percentages
|rule|Endless Battle Clause: Forcing endless battles is banned
|rule|Species Clause: Limit one of each Pokémon
|rule|OHKO Clause: OHKO moves are banned
|rule|Evasion Items Clause: Evasion items are banned
|rule|Evasion Moves Clause: Evasion moves are banned
|rule|Evasion Abilities Clause: Evasion abilities are banned
|rule|Sleep Moves Clause: Sleep-inducing moves are banned
|clearpoke
|poke|p1|Tyranitar, F|
|poke|p1|Garganacl, M|
|poke|p1|Deoxys-Speed|
|poke|p1|Alomomola, F|
|poke|p1|Excadrill, M|
|poke|p1|Tornadus-Therian, M|
|poke|p2|Ting-Lu|
|poke|p2|Alomomola, M|
|poke|p2|Darkrai|
|poke|p2|Ogerpon-Wellspring, F|
|poke|p2|Dragonite, M|
|poke|p2|Dragapult, M|
|teampreview
|
|t:|1758256624
|teamsize|p1|6
|teamsize|p2|6
|start
|switch|p1a: Sri Lanka|Tornadus-Therian, M|100/100
|switch|p2a: Dragapult|Dragapult, M|100/100
|turn|1
|inactive|Battle timer is ON: inactive players will automatically lose when time's up. (requested by Mr Braziest)
|
|t:|1758256630
|switch|p1a: RockIce|Garganacl, M|100/100
|move|p2a: Dragapult|U-turn|p1a: RockIce
|-damage|p1a: RockIce|89/100
|
|t:|1758256634
|switch|p2a: Ogerpon|Ogerpon-Wellspring, F|100/100|[from] U-turn
|
|-heal|p1a: RockIce|95/100|[from] item: Leftovers
|upkeep
|turn|2
|
|t:|1758256638
|-terastallize|p1a: RockIce|Grass
|move|p2a: Ogerpon|Ivy Cudgel|p1a: RockIce|[anim] Ivy Cudgel Water
|-resisted|p1a: RockIce
|-damage|p1a: RockIce|75/100
|move|p1a: RockIce|Salt Cure|p2a: Ogerpon
|-damage|p2a: Ogerpon|81/100
|-start|p2a: Ogerpon|Salt Cure
|
|-heal|p1a: RockIce|81/100|[from] item: Leftovers
|-damage|p2a: Ogerpon|56/100|[from] Salt Cure
|upkeep
|turn|3
|
|t:|1758256647
|move|p1a: RockIce|Protect|p1a: RockIce
|-singleturn|p1a: RockIce|Protect
|move|p2a: Ogerpon|Spikes|p1a: RockIce
|-sidestart|p1: takeyouout|Spikes
|
|-heal|p1a: RockIce|88/100|[from] item: Leftovers
|-damage|p2a: Ogerpon|31/100|[from] Salt Cure
|upkeep
|turn|4
|
|t:|1758256651
|move|p2a: Ogerpon|U-turn|p1a: RockIce
|-supereffective|p1a: RockIce
|-damage|p1a: RockIce|50/100
|
|t:|1758256657
|switch|p2a: Darkrai|Darkrai|100/100|[from] U-turn
|move|p1a: RockIce|Salt Cure|p2a: Darkrai
|-damage|p2a: Darkrai|81/100
|-start|p2a: Darkrai|Salt Cure
|
|-heal|p1a: RockIce|57/100|[from] item: Leftovers
|-damage|p2a: Darkrai|68/100|[from] Salt Cure
|upkeep
|turn|5
|
|t:|1758256663
|switch|p1a: Broomhilda|Tyranitar, F, shiny|100/100
|-weather|Sandstorm|[from] ability: Sand Stream|[of] p1a: Broomhilda
|move|p2a: Darkrai|Sludge Bomb|p1a: Broomhilda
|-resisted|p1a: Broomhilda
|-damage|p1a: Broomhilda|93/100
|-status|p1a: Broomhilda|psn
|
|-weather|Sandstorm|[upkeep]
|-damage|p2a: Darkrai|62/100|[from] Sandstorm
|-damage|p1a: Broomhilda|80/100 psn|[from] psn
|-damage|p2a: Darkrai|50/100|[from] Salt Cure
|upkeep
|turn|6
|
|t:|1758256670
|switch|p2a: Alomomola|Alomomola, M|100/100
|move|p1a: Broomhilda|Stealth Rock|p2a: Alomomola
|-sidestart|p2: Mr Braziest|move: Stealth Rock
|
|-weather|Sandstorm|[upkeep]
|-damage|p2a: Alomomola|94/100|[from] Sandstorm
|-damage|p1a: Broomhilda|68/100 psn|[from] psn
|upkeep
|turn|7
|
|t:|1758256673
|move|p1a: Broomhilda|Knock Off|p2a: Alomomola
|-damage|p2a: Alomomola|61/100
|-enditem|p2a: Alomomola|Assault Vest|[from] move: Knock Off|[of] p1a: Broomhilda
|move|p2a: Alomomola|Flip Turn|p1a: Broomhilda
|-supereffective|p1a: Broomhilda
|-damage|p1a: Broomhilda|42/100 psn
|
|t:|1758256675
|switch|p2a: Ting-Lu|Ting-Lu|100/100|[from] Flip Turn
|-damage|p2a: Ting-Lu|94/100|[from] Stealth Rock
|-ability|p2a: Ting-Lu|Vessel of Ruin
|
|-weather|Sandstorm|[upkeep]
|-heal|p2a: Ting-Lu|100/100|[from] item: Leftovers
|-damage|p1a: Broomhilda|30/100 psn|[from] psn
|upkeep
|turn|8
|
|t:|1758256679
|switch|p1a: RockIce|Garganacl, M, tera:Grass|57/100
|-damage|p1a: RockIce|44/100|[from] Spikes
|move|p2a: Ting-Lu|Stealth Rock|p1a: RockIce
|-sidestart|p1: takeyouout|move: Stealth Rock
|
|-weather|Sandstorm|[upkeep]
|-damage|p1a: RockIce|38/100|[from] Sandstorm
|-heal|p1a: RockIce|44/100|[from] item: Leftovers
|upkeep
|turn|9
|
|t:|1758256685
|move|p2a: Ting-Lu|Ruination|p1a: RockIce
|-damage|p1a: RockIce|23/100
|move|p1a: RockIce|Recover|p1a: RockIce
|-heal|p1a: RockIce|73/100
|
|-weather|none
|-heal|p1a: RockIce|79/100|[from] item: Leftovers
|upkeep
|turn|10
|
|t:|1758256690
|move|p1a: RockIce|Salt Cure|p2a: Ting-Lu
|-resisted|p2a: Ting-Lu
|-damage|p2a: Ting-Lu|96/100
|-start|p2a: Ting-Lu|Salt Cure
|move|p2a: Ting-Lu|Whirlwind|p1a: RockIce
|drag|p1a: Sri Lanka|Tornadus-Therian, M|100/100
|-damage|p1a: Sri Lanka|75/100|[from] Stealth Rock
|
|-heal|p2a: Ting-Lu|100/100|[from] item: Leftovers
|-damage|p2a: Ting-Lu|88/100|[from] Salt Cure
|upkeep
|turn|11
|
|t:|1758256695
|switch|p2a: Alomomola|Alomomola, M|94/100
|-damage|p2a: Alomomola|82/100|[from] Stealth Rock
|move|p1a: Sri Lanka|Focus Blast|p2a: Alomomola
|-damage|p2a: Alomomola|47/100
|-damage|p1a: Sri Lanka|65/100|[from] item: Life Orb
|
|upkeep
|turn|12
|
|t:|1758256697
|move|p1a: Sri Lanka|Bleakwind Storm|p2a: Alomomola
|-damage|p2a: Alomomola|0 fnt
|faint|p2a: Alomomola
|-damage|p1a: Sri Lanka|55/100|[from] item: Life Orb
|
|upkeep
|
|t:|1758256712
|switch|p2a: Darkrai|Darkrai|50/100
|turn|13
|
|t:|1758256723
|switch|p1a: Molllllyyyyy|Alomomola, F, shiny|100/100
|-damage|p1a: Molllllyyyyy|88/100|[from] Spikes
|-damage|p1a: Molllllyyyyy|76/100|[from] Stealth Rock
|move|p2a: Darkrai|Knock Off|p1a: Molllllyyyyy
|-damage|p1a: Molllllyyyyy|57/100
|-damage|p2a: Darkrai|34/100|[from] item: Rocky Helmet|[of] p1a: Molllllyyyyy
|-enditem|p1a: Molllllyyyyy|Rocky Helmet|[from] move: Knock Off|[of] p2a: Darkrai
|
|upkeep
|turn|14
|
|t:|1758256732
|move|p2a: Darkrai|Dark Pulse|p1a: Molllllyyyyy
|-damage|p1a: Molllllyyyyy|12/100
|cant|p1a: Molllllyyyyy|flinch
|
|upkeep
|turn|15
|
|t:|1758256738
|switch|p1a: Broomhilda|Tyranitar, F, shiny|30/100 psn
|-weather|Sandstorm|[from] ability: Sand Stream|[of] p1a: Broomhilda
|move|p2a: Darkrai|Dark Pulse|p1a: Broomhilda
|-resisted|p1a: Broomhilda
|-damage|p1a: Broomhilda|21/100 psn
|
|-weather|Sandstorm|[upkeep]
|-damage|p2a: Darkrai|28/100|[from] Sandstorm
|-damage|p1a: Broomhilda|8/100 psn|[from] psn
|upkeep
|turn|16
|
|t:|1758256747
|move|p2a: Darkrai|Dark Pulse|p1a: Broomhilda
|-resisted|p1a: Broomhilda
|-damage|p1a: Broomhilda|0 fnt
|faint|p1a: Broomhilda
|
|-weather|Sandstorm|[upkeep]
|-damage|p2a: Darkrai|21/100|[from] Sandstorm
|upkeep
|
|t:|1758256751
|switch|p1a: Starscream|Excadrill, M|100/100
|-damage|p1a: Starscream|88/100|[from] Spikes
|-damage|p1a: Starscream|85/100|[from] Stealth Rock
|turn|17
|
|t:|1758256776
|switch|p2a: Dragapult|Dragapult, M|100/100
|-damage|p2a: Dragapult|88/100|[from] Stealth Rock
|move|p1a: Starscream|Iron Head|p2a: Dragapult
|-damage|p2a: Dragapult|0 fnt
|faint|p2a: Dragapult
|
|-weather|Sandstorm|[upkeep]
|upkeep
|inactive|Mr Braziest has 120 seconds left.
|
|t:|1758256786
|switch|p2a: Ting-Lu|Ting-Lu|88/100
|-damage|p2a: Ting-Lu|82/100|[from] Stealth Rock
|-ability|p2a: Ting-Lu|Vessel of Ruin
|turn|18
|
|t:|1758256791
|switch|p1a: Sri Lanka|Tornadus-Therian, M|89/100
|-damage|p1a: Sri Lanka|64/100|[from] Stealth Rock
|move|p2a: Ting-Lu|Earthquake|p1a: Sri Lanka
|-immune|p1a: Sri Lanka
|
|-weather|Sandstorm|[upkeep]
|-damage|p1a: Sri Lanka|58/100|[from] Sandstorm
|-heal|p2a: Ting-Lu|88/100|[from] item: Leftovers
|upkeep
|turn|19
|inactive|Mr Braziest has 120 seconds left.
|
|t:|1758256831
|move|p1a: Sri Lanka|Focus Blast|p2a: Ting-Lu|[miss]
|-miss|p1a: Sri Lanka|p2a: Ting-Lu
|move|p2a: Ting-Lu|Ruination|p1a: Sri Lanka
|-damage|p1a: Sri Lanka|29/100
|
|-weather|none
|-heal|p2a: Ting-Lu|94/100|[from] item: Leftovers
|upkeep
|turn|20
|
|t:|1758256842
|move|p1a: Sri Lanka|Focus Blast|p2a: Ting-Lu
|-supereffective|p2a: Ting-Lu
|-damage|p2a: Ting-Lu|55/100
|-damage|p1a: Sri Lanka|19/100|[from] item: Life Orb
|move|p2a: Ting-Lu|Whirlwind|p1a: Sri Lanka
|drag|p1a: Molllllyyyyy|Alomomola, F, shiny|45/100
|-damage|p1a: Molllllyyyyy|33/100|[from] Spikes
|-damage|p1a: Molllllyyyyy|20/100|[from] Stealth Rock
|
|-heal|p2a: Ting-Lu|61/100|[from] item: Leftovers
|upkeep
|turn|21
|
|t:|1758256850
|switch|p2a: Ogerpon|Ogerpon-Wellspring, F|31/100
|-damage|p2a: Ogerpon|19/100|[from] Stealth Rock
|switch|p1a: Sri Lanka|Tornadus-Therian, M|52/100
|-damage|p1a: Sri Lanka|27/100|[from] Stealth Rock
|
|upkeep
|turn|22
|
|t:|1758256858
|move|p1a: Sri Lanka|Dark Pulse|p2a: Ogerpon
|-damage|p2a: Ogerpon|0 fnt
|faint|p2a: Ogerpon
|-damage|p1a: Sri Lanka|17/100|[from] item: Life Orb
|
|upkeep
|
|t:|1758256862
|switch|p2a: Dragonite|Dragonite, M|100/100
|turn|23
|
|t:|1758256867
|move|p2a: Dragonite|Extreme Speed|p1a: Sri Lanka
|-crit|p1a: Sri Lanka
|-damage|p1a: Sri Lanka|0 fnt
|faint|p1a: Sri Lanka
|
|upkeep
|
|t:|1758256871
|switch|p1a: Starscream|Excadrill, M|85/100
|-damage|p1a: Starscream|73/100|[from] Spikes
|-damage|p1a: Starscream|70/100|[from] Stealth Rock
|turn|24
|
|t:|1758256875
|move|p1a: Starscream|Rapid Spin|p2a: Dragonite
|-damage|p2a: Dragonite|88/100
|-boost|p1a: Starscream|spe|1
|-sideend|p1: takeyouout|Spikes|[from] move: Rapid Spin|[of] p1a: Starscream
|-sideend|p1: takeyouout|Stealth Rock|[from] move: Rapid Spin|[of] p1a: Starscream
|move|p2a: Dragonite|Earthquake|p1a: Starscream
|-supereffective|p1a: Starscream
|-damage|p1a: Starscream|0 fnt
|faint|p1a: Starscream
|
|upkeep
|
|t:|1758256881
|switch|p1a: RockIce|Garganacl, M, tera:Grass|79/100
|turn|25
|
|t:|1758256893
|switch|p2a: Ting-Lu|Ting-Lu|61/100
|-damage|p2a: Ting-Lu|55/100|[from] Stealth Rock
|-ability|p2a: Ting-Lu|Vessel of Ruin
|move|p1a: RockIce|Salt Cure|p2a: Ting-Lu
|-resisted|p2a: Ting-Lu
|-damage|p2a: Ting-Lu|51/100
|-start|p2a: Ting-Lu|Salt Cure
|
|-heal|p2a: Ting-Lu|57/100|[from] item: Leftovers
|-heal|p1a: RockIce|85/100|[from] item: Leftovers
|-damage|p2a: Ting-Lu|44/100|[from] Salt Cure
|upkeep
|turn|26
|
|t:|1758256905
|switch|p1a: Molllllyyyyy|Alomomola, F, shiny|54/100
|move|p2a: Ting-Lu|Stealth Rock|p1a: Molllllyyyyy
|-sidestart|p1: takeyouout|move: Stealth Rock
|
|-heal|p2a: Ting-Lu|51/100|[from] item: Leftovers
|-damage|p2a: Ting-Lu|38/100|[from] Salt Cure
|upkeep
|turn|27
|
|t:|1758256915
|move|p2a: Ting-Lu|Ruination|p1a: Molllllyyyyy
|-damage|p1a: Molllllyyyyy|27/100
|move|p1a: Molllllyyyyy|Flip Turn|p2a: Ting-Lu
|-supereffective|p2a: Ting-Lu
|-damage|p2a: Ting-Lu|20/100
|
|t:|1758256919
|switch|p1a: 99|Deoxys-Speed|100/100|[from] Flip Turn
|-damage|p1a: 99|88/100|[from] Stealth Rock
|-ability|p1a: 99|Pressure
|
|-heal|p2a: Ting-Lu|26/100|[from] item: Leftovers
|-damage|p2a: Ting-Lu|14/100|[from] Salt Cure
|upkeep
|turn|28
|
|t:|1758256924
|move|p1a: 99|Focus Blast|p2a: Ting-Lu
|-supereffective|p2a: Ting-Lu
|-damage|p2a: Ting-Lu|0 fnt
|faint|p2a: Ting-Lu
|-damage|p1a: 99|78/100|[from] item: Life Orb
|
|upkeep
|
|t:|1758256929
|switch|p2a: Dragonite|Dragonite, M|88/100
|turn|29
|inactive|Mr Braziest has 120 seconds left.
|
|t:|1758256996
|-terastallize|p2a: Dragonite|Normal
|move|p1a: 99|Psycho Boost|p2a: Dragonite
|-damage|p2a: Dragonite|20/100
|-unboost|p1a: 99|spa|2
|-damage|p1a: 99|68/100|[from] item: Life Orb
|move|p2a: Dragonite|Roost|p2a: Dragonite
|-heal|p2a: Dragonite|70/100
|
|upkeep
|turn|30
|inactive|takeyouout has 120 seconds left.
|inactive|Mr Braziest has 90 seconds left.
|
|t:|1758257047
|switch|p1a: RockIce|Garganacl, M, tera:Grass|85/100
|-damage|p1a: RockIce|73/100|[from] Stealth Rock
|move|p2a: Dragonite|Dragon Tail|p1a: RockIce
|-damage|p1a: RockIce|47/100
|drag|p1a: Molllllyyyyy|Alomomola, F, shiny|60/100
|-damage|p1a: Molllllyyyyy|48/100|[from] Stealth Rock
|
|upkeep
|turn|31
|inactive|takeyouout has 90 seconds left.
|inactive|Mr Braziest has 60 seconds left.
|inactive|takeyouout has 60 seconds left.
|inactive|takeyouout has 30 seconds left.
|inactive|takeyouout has 20 seconds left.
|inactive|takeyouout has 15 seconds left.
|inactive|takeyouout has 10 seconds left.
|inactive|takeyouout has 5 seconds left.
|c|☆Mr Braziest|Lol
|-message|takeyouout lost due to inactivity.
|
|win|Mr Braziest
|raw|takeyouout's rating: 1577 &rarr; <strong>1555</strong><br />(-22 for losing)
|raw|Mr Braziest's rating: 1536 &rarr; <strong>1558</strong><br />(+22 for winning)
|l|☆Mr Braziest
|player|p2|
|l|☆takeyouout
|player|p1|
