|j|☆Charle_phate
|j|☆full-doc
|t:|1758254758
|gametype|singles
|player|p1|Charle_phate|blue|1311
|player|p2|full-doc|scientistf|1322
|gen|9
|tier|[Gen 9] OU
|rated|
|rule|HP Percentage Mod: HP is shown in percentages
|rule|Endless Battle Clause: Forcing endless battles is banned
|rule|Species Clause: Limit one of each Pokémon
|rule|OHKO Clause: OHKO moves are banned
|rule|Evasion Items Clause: Evasion items are banned
|rule|Evasion Moves Clause: Evasion moves are banned
|rule|Evasion Abilities Clause: Evasion abilities are banned
|rule|Sleep Moves Clause: Sleep-inducing moves are banned
|clearpoke
|poke|p1|Serperior, F|
|poke|p1|Rotom-Wash|
|poke|p1|Zapdos|
|poke|p1|Heatran, M|
|poke|p1|Clefable, F|
|poke|p1|Landorus-Therian, M|
|poke|p2|Grimmsnarl, M|
|poke|p2|Lilligant-Hisui, F|
|poke|p2|Ceruledge, M|
|poke|p2|Dragonite, M|
|poke|p2|Ninetales, M|
|poke|p2|Walking Wake|
|teampreview
|
|t:|1758254765
|teamsize|p1|6
|teamsize|p2|6
|start
|switch|p1a: Rotom|Rotom-Wash|100/100
|switch|p2a: Grimmsnarl|Grimmsnarl, M|100/100
|turn|1
|inactive|Battle timer is ON: inactive players will automatically lose when time's up. (requested by full-doc)
|
|t:|1758254783
|move|p2a: Grimmsnarl|Taunt|p1a: Rotom
|-start|p1a: Rotom|move: Taunt
|cant|p1a: Rotom|move: Taunt|Thunder Wave
|
|upkeep
|turn|2
|
|t:|1758254788
|switch|p1a: Heatran|Heatran, M|100/100
|move|p2a: Grimmsnarl|Light Screen|p2a: Grimmsnarl
|-sidestart|p2: full-doc|move: Light Screen
|
|upkeep
|turn|3
|
|t:|1758254796
|switch|p2a: Walking Wake|Walking Wake|100/100
|move|p1a: Heatran|Substitute|p1a: Heatran
|-start|p1a: Heatran|Substitute
|-damage|p1a: Heatran|76/100
|
|-heal|p1a: Heatran|82/100|[from] item: Leftovers
|upkeep
|turn|4
|
|t:|1758254804
|move|p2a: Walking Wake|Hydro Steam|p1a: Heatran
|-supereffective|p1a: Heatran
|-end|p1a: Heatran|Substitute
|move|p1a: Heatran|Ancient Power|p2a: Walking Wake
|-damage|p2a: Walking Wake|91/100
|
|-heal|p1a: Heatran|88/100|[from] item: Leftovers
|upkeep
|turn|5
|
|t:|1758254812
|switch|p1a: Serperior|Serperior, F|100/100
|move|p2a: Walking Wake|Hydro Steam|p1a: Serperior
|-resisted|p1a: Serperior
|-crit|p1a: Serperior
|-damage|p1a: Serperior|62/100
|
|-heal|p1a: Serperior|68/100|[from] item: Leftovers
|upkeep
|turn|6
|
|t:|1758254820
|move|p1a: Serperior|Glare|p2a: Walking Wake
|-status|p2a: Walking Wake|par
|cant|p2a: Walking Wake|par
|
|-heal|p1a: Serperior|74/100|[from] item: Leftovers
|upkeep
|turn|7
|inactive|Charle_phate has 120 seconds left.
|
|t:|1758254853
|move|p1a: Serperior|Substitute|p1a: Serperior
|-start|p1a: Serperior|Substitute
|-damage|p1a: Serperior|49/100
|move|p2a: Walking Wake|Flamethrower|p1a: Serperior
|-supereffective|p1a: Serperior
|-end|p1a: Serperior|Substitute
|
|-heal|p1a: Serperior|55/100|[from] item: Leftovers
|upkeep
|turn|8
|
|t:|1758254862
|move|p1a: Serperior|Substitute|p1a: Serperior
|-start|p1a: Serperior|Substitute
|-damage|p1a: Serperior|30/100
|move|p2a: Walking Wake|Flamethrower|p1a: Serperior
|-supereffective|p1a: Serperior
|-end|p1a: Serperior|Substitute
|
|-heal|p1a: Serperior|36/100|[from] item: Leftovers
|upkeep
|turn|9
|inactive|Charle_phate has 120 seconds left.
|
|t:|1758254892
|move|p1a: Serperior|Substitute|p1a: Serperior
|-start|p1a: Serperior|Substitute
|-damage|p1a: Serperior|11/100
|move|p2a: Walking Wake|Flamethrower|p1a: Serperior
|-supereffective|p1a: Serperior
|-end|p1a: Serperior|Substitute
|
|-heal|p1a: Serperior|18/100|[from] item: Leftovers
|-sideend|p2: full-doc|move: Light Screen
|upkeep
|turn|10
|
|t:|1758254901
|move|p1a: Serperior|Leech Seed|p2a: Walking Wake
|-start|p2a: Walking Wake|move: Leech Seed
|move|p2a: Walking Wake|Flamethrower|p1a: Serperior
|-supereffective|p1a: Serperior
|-damage|p1a: Serperior|0 fnt
|faint|p1a: Serperior
|
|upkeep
|
|t:|1758254909
|switch|p1a: Zapdos|Zapdos|100/100
|turn|11
|
|t:|1758254914
|-end|p2a: Walking Wake|Protosynthesis|[silent]
|switch|p2a: Grimmsnarl|Grimmsnarl, M|100/100
|move|p1a: Zapdos|Ancient Power|p2a: Grimmsnarl
|-damage|p2a: Grimmsnarl|87/100
|
|upkeep
|turn|12
|
|t:|1758254926
|move|p2a: Grimmsnarl|Light Screen|p2a: Grimmsnarl
|-sidestart|p2: full-doc|move: Light Screen
|move|p1a: Zapdos|Ancient Power|p2a: Grimmsnarl
|-damage|p2a: Grimmsnarl|79/100
|-boost|p1a: Zapdos|atk|1
|-boost|p1a: Zapdos|def|1
|-boost|p1a: Zapdos|spa|1
|-boost|p1a: Zapdos|spd|1
|-boost|p1a: Zapdos|spe|1
|
|upkeep
|turn|13
|l|☆Charle_phate
|inactive|Charle_phate disconnected and has a minute to reconnect!
|player|p1|
|inactive|Charle_phate has 30 seconds to reconnect!
|inactive|Charle_phate has 20 seconds to reconnect!
|inactive|Charle_phate has 15 seconds to reconnect!
|inactive|Charle_phate has 10 seconds to reconnect!
|j|☆Charle_phate
|inactive|Charle_phate reconnected and has 75 seconds left.
|player|p1|Charle_phate|blue|
|
|t:|1758254994
|switch|p2a: Ninetales|Ninetales, M|100/100
|-weather|SunnyDay|[from] ability: Drought|[of] p2a: Ninetales
|move|p1a: Zapdos|Ancient Power|p2a: Ninetales
|-supereffective|p2a: Ninetales
|-damage|p2a: Ninetales|75/100
|
|-weather|SunnyDay|[upkeep]
|upkeep
|turn|14
|
|t:|1758255008
|switch|p2a: Walking Wake|Walking Wake|91/100 par
|-activate|p2a: Walking Wake|ability: Protosynthesis
|-start|p2a: Walking Wake|protosynthesisspe
|move|p1a: Zapdos|Ancient Power|p2a: Walking Wake
|-damage|p2a: Walking Wake|77/100 par
|
|-weather|SunnyDay|[upkeep]
|upkeep
|turn|15
|
|t:|1758255017
|move|p1a: Zapdos|Ancient Power|p2a: Walking Wake
|-damage|p2a: Walking Wake|64/100 par
|move|p2a: Walking Wake|Hydro Steam|p1a: Zapdos
|-crit|p1a: Zapdos
|-damage|p1a: Zapdos|16/100
|
|-weather|SunnyDay|[upkeep]
|-heal|p1a: Zapdos|22/100|[from] item: Leftovers
|upkeep
|turn|16
|
|t:|1758255028
|move|p1a: Zapdos|Roost|p1a: Zapdos
|-heal|p1a: Zapdos|72/100
|-singleturn|p1a: Zapdos|move: Roost
|move|p2a: Walking Wake|Hydro Steam|p1a: Zapdos
|-damage|p1a: Zapdos|37/100
|
|-weather|SunnyDay|[upkeep]
|-heal|p1a: Zapdos|43/100|[from] item: Leftovers
|upkeep
|turn|17
|
|t:|1758255038
|move|p1a: Zapdos|Roost|p1a: Zapdos
|-heal|p1a: Zapdos|93/100
|-singleturn|p1a: Zapdos|move: Roost
|move|p2a: Walking Wake|Hydro Steam|p1a: Zapdos
|-damage|p1a: Zapdos|59/100
|
|-weather|SunnyDay|[upkeep]
|-heal|p1a: Zapdos|65/100|[from] item: Leftovers
|upkeep
|turn|18
|
|t:|1758255048
|move|p1a: Zapdos|Ancient Power|p2a: Walking Wake
|-crit|p2a: Walking Wake
|-damage|p2a: Walking Wake|23/100 par
|move|p2a: Walking Wake|Hydro Steam|p1a: Zapdos
|-damage|p1a: Zapdos|31/100
|
|-weather|SunnyDay|[upkeep]
|-heal|p1a: Zapdos|37/100|[from] item: Leftovers
|upkeep
|turn|19
|
|t:|1758255057
|-end|p2a: Walking Wake|Protosynthesis|[silent]
|switch|p2a: Ninetales|Ninetales, M|75/100
|move|p1a: Zapdos|Roost|p1a: Zapdos
|-heal|p1a: Zapdos|87/100
|-singleturn|p1a: Zapdos|move: Roost
|
|-weather|SunnyDay|[upkeep]
|-heal|p1a: Zapdos|94/100|[from] item: Leftovers
|-sideend|p2: full-doc|move: Light Screen
|upkeep
|turn|20
|
|t:|1758255070
|-terastallize|p2a: Ninetales|Ghost
|move|p1a: Zapdos|Ancient Power|p2a: Ninetales
|-damage|p2a: Ninetales|50/100
|-boost|p1a: Zapdos|atk|1
|-boost|p1a: Zapdos|def|1
|-boost|p1a: Zapdos|spa|1
|-boost|p1a: Zapdos|spd|1
|-boost|p1a: Zapdos|spe|1
|move|p2a: Ninetales|Encore|p1a: Zapdos
|-start|p1a: Zapdos|Encore
|
|-weather|none
|-heal|p1a: Zapdos|99/100|[from] item: Leftovers
|upkeep
|turn|21
|
|t:|1758255087
|switch|p2a: Grimmsnarl|Grimmsnarl, M|79/100
|move|p1a: Zapdos|Ancient Power|p2a: Grimmsnarl
|-damage|p2a: Grimmsnarl|54/100
|
|-heal|p1a: Zapdos|100/100|[from] item: Leftovers
|-end|p1a: Zapdos|Encore
|upkeep
|turn|22
|
|t:|1758255112
|move|p2a: Grimmsnarl|Light Screen|p2a: Grimmsnarl
|-sidestart|p2: full-doc|move: Light Screen
|move|p1a: Zapdos|Heat Wave|p2a: Grimmsnarl|[miss]
|-miss|p1a: Zapdos|p2a: Grimmsnarl
|
|upkeep
|turn|23
|
|t:|1758255120
|move|p2a: Grimmsnarl|Taunt|p1a: Zapdos
|-start|p1a: Zapdos|move: Taunt
|move|p1a: Zapdos|Heat Wave|p2a: Grimmsnarl
|-damage|p2a: Grimmsnarl|30/100
|
|upkeep
|turn|24
|
|t:|1758255133
|switch|p2a: Ninetales|Ninetales, M, tera:Ghost|50/100
|-weather|SunnyDay|[from] ability: Drought|[of] p2a: Ninetales
|move|p1a: Zapdos|Heat Wave|p2a: Ninetales
|-damage|p2a: Ninetales|9/100
|
|-weather|SunnyDay|[upkeep]
|upkeep
|turn|25
|
|t:|1758255146
|switch|p2a: Ceruledge|Ceruledge, M|100/100
|move|p1a: Zapdos|Discharge|p2a: Ceruledge
|-damage|p2a: Ceruledge|57/100
|-status|p2a: Ceruledge|par
|
|-weather|SunnyDay|[upkeep]
|-end|p1a: Zapdos|move: Taunt
|upkeep
|turn|26
|inactive|Charle_phate has 120 seconds left.
|
|t:|1758255158
|move|p1a: Zapdos|Discharge|p2a: Ceruledge
|-damage|p2a: Ceruledge|17/100 par
|move|p2a: Ceruledge|Bitter Blade|p1a: Zapdos
|-crit|p1a: Zapdos
|-damage|p1a: Zapdos|5/100
|-heal|p2a: Ceruledge|70/100 par|[from] drain|[of] p1a: Zapdos
|
|-weather|SunnyDay|[upkeep]
|-heal|p1a: Zapdos|11/100|[from] item: Leftovers
|upkeep
|turn|27
|inactive|Charle_phate has 120 seconds left.
|
|t:|1758255171
|move|p2a: Ceruledge|Shadow Sneak|p1a: Zapdos
|-damage|p1a: Zapdos|2/100
|move|p1a: Zapdos|Roost|p1a: Zapdos
|-heal|p1a: Zapdos|52/100
|-singleturn|p1a: Zapdos|move: Roost
|
|-weather|SunnyDay|[upkeep]
|-heal|p1a: Zapdos|58/100|[from] item: Leftovers
|upkeep
|turn|28
|
|t:|1758255179
|move|p1a: Zapdos|Discharge|p2a: Ceruledge
|-damage|p2a: Ceruledge|30/100 par
|cant|p2a: Ceruledge|par
|
|-weather|SunnyDay|[upkeep]
|-heal|p1a: Zapdos|65/100|[from] item: Leftovers
|upkeep
|turn|29
|
|t:|1758255185
|move|p1a: Zapdos|Discharge|p2a: Ceruledge
|-damage|p2a: Ceruledge|0 fnt
|faint|p2a: Ceruledge
|
|-weather|SunnyDay|[upkeep]
|-heal|p1a: Zapdos|71/100|[from] item: Leftovers
|-sideend|p2: full-doc|move: Light Screen
|upkeep
|
|t:|1758255198
|switch|p2a: Lilligant|Lilligant-Hisui, F|100/100
|turn|30
|
|t:|1758255210
|move|p2a: Lilligant|Ice Spinner|p1a: Zapdos
|-supereffective|p1a: Zapdos
|-damage|p1a: Zapdos|44/100
|move|p1a: Zapdos|Heat Wave|p2a: Lilligant
|-supereffective|p2a: Lilligant
|-damage|p2a: Lilligant|0 fnt
|faint|p2a: Lilligant
|
|-weather|SunnyDay|[upkeep]
|-heal|p1a: Zapdos|50/100|[from] item: Leftovers
|upkeep
|l|☆full-doc
|inactive|full-doc disconnected and has a minute to reconnect!
|player|p2|
|inactive|full-doc has 30 seconds to reconnect!
|inactive|full-doc has 20 seconds to reconnect!
|inactive|full-doc has 15 seconds to reconnect!
|inactive|full-doc has 10 seconds to reconnect!
|inactive|full-doc has 5 seconds to reconnect!
|-message|full-doc lost due to inactivity.
|
|win|Charle_phate
|raw|Charle_phate's rating: 1293 &rarr; <strong>1320</strong><br />(+27 for winning)
|raw|full-doc's rating: 1322 &rarr; <strong>1300</strong><br />(-22 for losing)
|l|☆Charle_phate
|player|p1|
