|j|☆bjbkviifi
|j|☆LayAbsol
|t:|1758273475
|gametype|singles
|player|p1|bjbkviifi|2|1060
|player|p2|LayAbsol|rosa|1128
|gen|9
|tier|[Gen 9] OU
|rated|
|rule|HP Percentage Mod: HP is shown in percentages
|rule|Endless Battle Clause: Forcing endless battles is banned
|rule|Species Clause: Limit one of each Pokémon
|rule|OHKO Clause: OHKO moves are banned
|rule|Evasion Items Clause: Evasion items are banned
|rule|Evasion Moves Clause: Evasion moves are banned
|rule|Evasion Abilities Clause: Evasion abilities are banned
|rule|Sleep Moves Clause: Sleep-inducing moves are banned
|clearpoke
|poke|p1|Charizard, M|
|poke|p1|Ninetales, F|
|poke|p1|Talonflame, F|
|poke|p1|Tyranitar, F|
|poke|p1|Galvantula, M|
|poke|p1|Bastiodon, F|
|poke|p2|Dragapult, M|
|poke|p2|Toxapex, M|
|poke|p2|Zapdos|
|poke|p2|Cinderace, F|
|poke|p2|Gliscor, M|
|poke|p2|Scizor, M|
|teampreview
|
|t:|1758273491
|teamsize|p1|6
|teamsize|p2|6
|start
|switch|p1a: Tyranitar|Tyranitar, F|100/100
|switch|p2a: I Replace Dinglu|Gliscor, M|100/100
|-weather|Sandstorm|[from] ability: Sand Stream|[of] p1a: Tyranitar
|turn|1
|inactive|Battle timer is ON: inactive players will automatically lose when time's up. (requested by bjbkviifi)
|
|t:|1758273496
|move|p2a: I Replace Dinglu|Earthquake|p1a: Tyranitar
|-supereffective|p1a: Tyranitar
|-damage|p1a: Tyranitar|45/100
|-enditem|p1a: Tyranitar|Weakness Policy
|-boost|p1a: Tyranitar|atk|2|[from] item: Weakness Policy
|-boost|p1a: Tyranitar|spa|2|[from] item: Weakness Policy
|move|p1a: Tyranitar|Ice Beam|p2a: I Replace Dinglu
|-supereffective|p2a: I Replace Dinglu
|-damage|p2a: I Replace Dinglu|0 fnt
|faint|p2a: I Replace Dinglu
|
|-weather|Sandstorm|[upkeep]
|upkeep
|
|t:|1758273517
|switch|p2a: Cancer|Toxapex, M|100/100
|turn|2
|
|t:|1758273521
|move|p1a: Tyranitar|Earthquake|p2a: Cancer
|-supereffective|p2a: Cancer
|-damage|p2a: Cancer|27/100
|move|p2a: Cancer|Surf|p1a: Tyranitar
|-supereffective|p1a: Tyranitar
|-damage|p1a: Tyranitar|25/100
|
|-weather|Sandstorm|[upkeep]
|-damage|p2a: Cancer|21/100|[from] Sandstorm
|-heal|p2a: Cancer|27/100|[from] item: Black Sludge
|upkeep
|turn|3
|
|t:|1758273527
|switch|p2a: Odin|Zapdos|100/100
|move|p1a: Tyranitar|Earthquake|p2a: Odin
|-immune|p2a: Odin
|
|-weather|Sandstorm|[upkeep]
|-damage|p2a: Odin|94/100|[from] Sandstorm
|upkeep
|turn|4
|
|t:|1758273532
|switch|p2a: Cancer|Toxapex, M|61/100
|move|p1a: Tyranitar|Ice Beam|p2a: Cancer
|-resisted|p2a: Cancer
|-crit|p2a: Cancer
|-damage|p2a: Cancer|30/100
|
|-weather|Sandstorm|[upkeep]
|-damage|p2a: Cancer|24/100|[from] Sandstorm
|-heal|p2a: Cancer|30/100|[from] item: Black Sludge
|upkeep
|turn|5
|
|t:|1758273540
|switch|p2a: Karma|Cinderace, F, shiny|100/100
|move|p1a: Tyranitar|Earthquake|p2a: Karma
|-supereffective|p2a: Karma
|-damage|p2a: Karma|0 fnt
|faint|p2a: Karma
|
|-weather|none
|upkeep
|
|t:|1758273548
|switch|p2a: Cleaver|Scizor, M|100/100
|turn|6
|
|t:|1758273556
|move|p2a: Cleaver|Bullet Punch|p1a: Tyranitar
|-supereffective|p1a: Tyranitar
|-damage|p1a: Tyranitar|0 fnt
|faint|p1a: Tyranitar
|-damage|p2a: Cleaver|91/100|[from] item: Life Orb
|
|upkeep
|
|t:|1758273570
|switch|p1a: Talonflame|Talonflame, F|100/100
|turn|7
|
|t:|1758273578
|switch|p2a: Cancer|Toxapex, M|64/100
|move|p1a: Talonflame|Flare Blitz|p2a: Cancer
|-resisted|p2a: Cancer
|-damage|p2a: Cancer|40/100
|-damage|p1a: Talonflame|93/100|[from] Recoil
|
|-heal|p2a: Cancer|47/100|[from] item: Black Sludge
|upkeep
|turn|8
|
|t:|1758273588
|switch|p1a: Ninetales|Ninetales, F|100/100
|-weather|SunnyDay|[from] ability: Drought|[of] p1a: Ninetales
|move|p2a: Cancer|Recover|p2a: Cancer
|-heal|p2a: Cancer|97/100
|
|-weather|SunnyDay|[upkeep]
|-heal|p2a: Cancer|100/100|[from] item: Black Sludge
|upkeep
|turn|9
|
|t:|1758273597
|switch|p2a: Odin|Zapdos|94/100
|move|p1a: Ninetales|Will-O-Wisp|p2a: Odin
|-status|p2a: Odin|brn
|
|-weather|SunnyDay|[upkeep]
|-damage|p2a: Odin|88/100 brn|[from] brn
|upkeep
|turn|10
|
|t:|1758273612
|move|p1a: Ninetales|Overheat|p2a: Odin
|-damage|p2a: Odin|7/100 brn
|-unboost|p1a: Ninetales|spa|2
|move|p2a: Odin|Hurricane|p1a: Ninetales
|-damage|p1a: Ninetales|44/100
|-enditem|p1a: Ninetales|Eject Button
|
|t:|1758273620
|switch|p1a: Galvantula|Galvantula, M|100/100
|
|-weather|SunnyDay|[upkeep]
|-damage|p2a: Odin|1/100 brn|[from] brn
|upkeep
|turn|11
|
|t:|1758273628
|move|p1a: Galvantula|Volt Switch|p2a: Odin
|-damage|p2a: Odin|0 fnt
|faint|p2a: Odin
|
|t:|1758273633
|switch|p1a: Talonflame|Talonflame, F|93/100|[from] Volt Switch
|
|-weather|SunnyDay|[upkeep]
|upkeep
|
|t:|1758273640
|switch|p2a: Navion|Dragapult, M|100/100
|turn|12
|
|t:|1758273646
|move|p2a: Navion|Draco Meteor|p1a: Talonflame
|-damage|p1a: Talonflame|0 fnt
|-unboost|p2a: Navion|spa|2
|faint|p1a: Talonflame
|
|-weather|none
|upkeep
|
|t:|1758273651
|switch|p1a: Bastiodon|Bastiodon, F|100/100
|turn|13
|
|t:|1758273656
|switch|p2a: Cancer|Toxapex, M|100/100
|move|p1a: Bastiodon|Metal Burst||[still]
|-fail|p1a: Bastiodon
|
|upkeep
|turn|14
|
|t:|1758273666
|move|p2a: Cancer|Surf|p1a: Bastiodon
|-supereffective|p1a: Bastiodon
|-damage|p1a: Bastiodon|73/100
|move|p1a: Bastiodon|Iron Defense|p1a: Bastiodon
|-boost|p1a: Bastiodon|def|2
|
|-heal|p1a: Bastiodon|79/100|[from] item: Leftovers
|upkeep
|turn|15
|
|t:|1758273673
|move|p1a: Bastiodon|Protect|p1a: Bastiodon
|-singleturn|p1a: Bastiodon|Protect
|move|p2a: Cancer|Haze|p2a: Cancer
|-clearallboost
|
|-heal|p1a: Bastiodon|85/100|[from] item: Leftovers
|upkeep
|turn|16
|
|t:|1758273682
|move|p2a: Cancer|Surf|p1a: Bastiodon
|-supereffective|p1a: Bastiodon
|-damage|p1a: Bastiodon|60/100
|move|p1a: Bastiodon|Body Press|p2a: Cancer
|-resisted|p2a: Cancer
|-damage|p2a: Cancer|92/100
|
|-heal|p2a: Cancer|98/100|[from] item: Black Sludge
|-heal|p1a: Bastiodon|67/100|[from] item: Leftovers
|upkeep
|turn|17
|
|t:|1758273688
|move|p2a: Cancer|Surf|p1a: Bastiodon
|-supereffective|p1a: Bastiodon
|-damage|p1a: Bastiodon|40/100
|move|p1a: Bastiodon|Metal Burst|p2a: Cancer
|-damage|p2a: Cancer|55/100
|
|-heal|p2a: Cancer|62/100|[from] item: Black Sludge
|-heal|p1a: Bastiodon|46/100|[from] item: Leftovers
|upkeep
|turn|18
|
|t:|1758273693
|move|p2a: Cancer|Recover|p2a: Cancer
|-heal|p2a: Cancer|100/100
|move|p1a: Bastiodon|Metal Burst||[still]
|-fail|p1a: Bastiodon
|
|-heal|p1a: Bastiodon|52/100|[from] item: Leftovers
|upkeep
|turn|19
|
|t:|1758273700
|move|p1a: Bastiodon|Protect|p1a: Bastiodon
|-singleturn|p1a: Bastiodon|Protect
|move|p2a: Cancer|Surf|p1a: Bastiodon
|-activate|p1a: Bastiodon|move: Protect
|
|-heal|p1a: Bastiodon|59/100|[from] item: Leftovers
|upkeep
|turn|20
|
|t:|1758273706
|switch|p1a: Ninetales|Ninetales, F|44/100
|-weather|SunnyDay|[from] ability: Drought|[of] p1a: Ninetales
|move|p2a: Cancer|Surf|p1a: Ninetales
|-supereffective|p1a: Ninetales
|-damage|p1a: Ninetales|25/100
|
|-weather|SunnyDay|[upkeep]
|upkeep
|turn|21
|
|t:|1758273716
|switch|p2a: Cleaver|Scizor, M|91/100
|move|p1a: Ninetales|Will-O-Wisp|p2a: Cleaver
|-status|p2a: Cleaver|brn
|
|-weather|SunnyDay|[upkeep]
|-damage|p2a: Cleaver|84/100 brn|[from] brn
|upkeep
|turn|22
|
|t:|1758273723
|move|p2a: Cleaver|Bullet Punch|p1a: Ninetales
|-resisted|p1a: Ninetales
|-damage|p1a: Ninetales|11/100
|-damage|p2a: Cleaver|75/100 brn|[from] item: Life Orb
|move|p1a: Ninetales|Overheat|p2a: Cleaver
|-supereffective|p2a: Cleaver
|-damage|p2a: Cleaver|0 fnt
|-unboost|p1a: Ninetales|spa|2
|faint|p2a: Cleaver
|
|-weather|SunnyDay|[upkeep]
|upkeep
|
|t:|1758273729
|switch|p2a: Navion|Dragapult, M|100/100
|turn|23
|
|t:|1758273733
|move|p2a: Navion|Shadow Ball|p1a: Ninetales
|-damage|p1a: Ninetales|0 fnt
|faint|p1a: Ninetales
|
|-weather|SunnyDay|[upkeep]
|upkeep
|
|t:|1758273737
|switch|p1a: Charizard|Charizard, M|100/100
|turn|24
|
|t:|1758273744
|switch|p2a: Cancer|Toxapex, M|100/100
|move|p1a: Charizard|Dragon Pulse|p2a: Cancer
|-damage|p2a: Cancer|69/100
|
|-weather|none
|-heal|p2a: Cancer|75/100|[from] item: Black Sludge
|upkeep
|turn|25
|
|t:|1758273756
|move|p1a: Charizard|Solar Beam||[still]
|-prepare|p1a: Charizard|Solar Beam
|move|p2a: Cancer|Toxic|p1a: Charizard
|-status|p1a: Charizard|tox
|
|-heal|p2a: Cancer|81/100|[from] item: Black Sludge
|-damage|p1a: Charizard|94/100 tox|[from] psn
|upkeep
|turn|26
|
|t:|1758273781
|-terastallize|p2a: Cancer|Poison
|move|p1a: Charizard|Solar Beam|p2a: Cancer|[from] lockedmove
|-resisted|p2a: Cancer
|-damage|p2a: Cancer|66/100
|move|p2a: Cancer|Recover|p2a: Cancer
|-heal|p2a: Cancer|100/100
|
|-damage|p1a: Charizard|82/100 tox|[from] psn
|upkeep
|turn|27
|
|t:|1758273790
|move|p1a: Charizard|Fire Blast|p2a: Cancer
|-damage|p2a: Cancer|58/100
|move|p2a: Cancer|Surf|p1a: Charizard
|-supereffective|p1a: Charizard
|-damage|p1a: Charizard|31/100 tox
|
|-heal|p2a: Cancer|64/100|[from] item: Black Sludge
|-damage|p1a: Charizard|13/100 tox|[from] psn
|upkeep
|turn|28
|
|t:|1758273800
|-terastallize|p1a: Charizard|Fire
|move|p1a: Charizard|Fire Blast|p2a: Cancer
|-damage|p2a: Cancer|8/100
|move|p2a: Cancer|Recover|p2a: Cancer
|-heal|p2a: Cancer|58/100
|
|-heal|p2a: Cancer|65/100|[from] item: Black Sludge
|-damage|p1a: Charizard|0 fnt|[from] psn
|faint|p1a: Charizard
|upkeep
|
|t:|1758273808
|switch|p1a: Galvantula|Galvantula, M|100/100
|turn|29
|
|t:|1758273814
|move|p1a: Galvantula|Thunder|p2a: Cancer
|-damage|p2a: Cancer|5/100
|move|p2a: Cancer|Toxic|p1a: Galvantula
|-status|p1a: Galvantula|tox
|
|-heal|p2a: Cancer|12/100|[from] item: Black Sludge
|-damage|p1a: Galvantula|94/100 tox|[from] psn
|upkeep
|turn|30
|
|t:|1758273820
|move|p1a: Galvantula|Thunder|p2a: Cancer
|-damage|p2a: Cancer|0 fnt
|faint|p2a: Cancer
|
|-damage|p1a: Galvantula|82/100 tox|[from] psn
|upkeep
|
|t:|1758273822
|switch|p2a: Navion|Dragapult, M|100/100
|turn|31
|
|t:|1758273826
|move|p2a: Navion|Shadow Ball|p1a: Galvantula
|-damage|p1a: Galvantula|0 fnt
|faint|p1a: Galvantula
|
|upkeep
|
|t:|1758273830
|switch|p1a: Bastiodon|Bastiodon, F|59/100
|turn|32
|
|t:|1758273832
|move|p1a: Bastiodon|Protect|p1a: Bastiodon
|-singleturn|p1a: Bastiodon|Protect
|move|p2a: Navion|Shadow Ball|p1a: Bastiodon
|-activate|p1a: Bastiodon|move: Protect
|
|-heal|p1a: Bastiodon|65/100|[from] item: Leftovers
|upkeep
|turn|33
|
|t:|1758273838
|move|p2a: Navion|Shadow Ball|p1a: Bastiodon
|-damage|p1a: Bastiodon|30/100
|move|p1a: Bastiodon|Metal Burst|p2a: Navion
|-damage|p2a: Navion|48/100
|
|-heal|p1a: Bastiodon|37/100|[from] item: Leftovers
|upkeep
|turn|34
|
|t:|1758273846
|move|p1a: Bastiodon|Protect|p1a: Bastiodon
|-singleturn|p1a: Bastiodon|Protect
|move|p2a: Navion|Shadow Ball|p1a: Bastiodon
|-activate|p1a: Bastiodon|move: Protect
|
|-heal|p1a: Bastiodon|43/100|[from] item: Leftovers
|upkeep
|turn|35
|
|t:|1758273852
|move|p2a: Navion|Shadow Ball|p1a: Bastiodon
|-damage|p1a: Bastiodon|6/100
|-unboost|p1a: Bastiodon|spd|1
|move|p1a: Bastiodon|Metal Burst|p2a: Navion
|-damage|p2a: Navion|0 fnt
|faint|p2a: Navion
|
|win|bjbkviifi
|raw|bjbkviifi's rating: 1060 &rarr; <strong>1097</strong><br />(+37 for winning)
|raw|LayAbsol's rating: 1128 &rarr; <strong>1098</strong><br />(-30 for losing)
|l|☆bjbkviifi
|player|p1|
|l|☆LayAbsol
|player|p2|
