|j|☆Ruby Xoxo
|j|☆brlt2 blemeno
|t:|1758312210
|gametype|singles
|player|p1|Ruby Xoxo|acetrainerf-gen4dp|1413
|player|p2|brlt2 blemeno|2|1398
|gen|9
|tier|[Gen 9] OU
|rated|
|rule|HP Percentage Mod: HP is shown in percentages
|rule|Endless Battle Clause: Forcing endless battles is banned
|rule|Species Clause: Limit one of each Pokémon
|rule|OHKO Clause: OHKO moves are banned
|rule|Evasion Items Clause: Evasion items are banned
|rule|Evasion Moves Clause: Evasion moves are banned
|rule|Evasion Abilities Clause: Evasion abilities are banned
|rule|Sleep Moves Clause: Sleep-inducing moves are banned
|clearpoke
|poke|p1|Reuniclus, F|
|poke|p1|Darkrai|
|poke|p1|Grimmsnarl, M|
|poke|p1|Tornadus-Therian, M|
|poke|p1|Skarmory, F|
|poke|p1|Gholdengo|
|poke|p2|Ninetales, M|
|poke|p2|Walking Wake|
|poke|p2|Hatterene, F|
|poke|p2|Great Tusk|
|poke|p2|Comfey, F|
|poke|p2|Ceruledge, F|
|teampreview
|
|t:|1758312227
|teamsize|p1|6
|teamsize|p2|6
|start
|switch|p1a: Darkrai|Darkrai|100/100
|switch|p2a: Daydream|Ninetales, M, shiny|100/100
|-weather|SunnyDay|[from] ability: Drought|[of] p2a: Daydream
|turn|1
|inactive|Battle timer is ON: inactive players will automatically lose when time's up. (requested by Ruby Xoxo)
|
|t:|1758312244
|switch|p2a: Duko|Hatterene, F, shiny|100/100
|move|p1a: Darkrai|Knock Off|p2a: Duko
|-damage|p2a: Duko|78/100
|-enditem|p2a: Duko|Eject Button|[from] move: Knock Off|[of] p1a: Darkrai
|
|-weather|SunnyDay|[upkeep]
|upkeep
|turn|2
|
|t:|1758312258
|switch|p1a: Tornadus|Tornadus-Therian, M|100/100
|move|p2a: Duko|Nuzzle|p1a: Tornadus
|-supereffective|p1a: Tornadus
|-damage|p1a: Tornadus|88/100
|-status|p1a: Tornadus|par
|
|-weather|SunnyDay|[upkeep]
|upkeep
|turn|3
|
|t:|1758312264
|cant|p1a: Tornadus|par
|move|p2a: Duko|Psychic Noise|p1a: Tornadus
|-damage|p1a: Tornadus|48/100 par
|-start|p1a: Tornadus|move: Heal Block
|
|-weather|SunnyDay|[upkeep]
|upkeep
|turn|4
|
|t:|1758312269
|move|p1a: Tornadus|Bleakwind Storm|p2a: Duko|[miss]
|-miss|p1a: Tornadus|p2a: Duko
|move|p2a: Duko|Psychic Noise|p1a: Tornadus
|-crit|p1a: Tornadus
|-damage|p1a: Tornadus|0 fnt
|faint|p1a: Tornadus
|
|-weather|SunnyDay|[upkeep]
|upkeep
|
|t:|1758312273
|switch|p1a: Gholdengo|Gholdengo|100/100
|turn|5
|
|t:|1758312279
|move|p1a: Gholdengo|Shadow Ball|p2a: Duko
|-supereffective|p2a: Duko
|-damage|p2a: Duko|0 fnt
|faint|p2a: Duko
|
|-weather|SunnyDay|[upkeep]
|upkeep
|
|t:|1758312281
|switch|p2a: Luisin|Great Tusk|100/100
|-activate|p2a: Luisin|ability: Protosynthesis
|-start|p2a: Luisin|protosynthesisatk
|turn|6
|
|t:|1758312284
|switch|p1a: Skarmory|Skarmory, F|100/100
|move|p2a: Luisin|Close Combat|p1a: Skarmory
|-damage|p1a: Skarmory|34/100
|-unboost|p2a: Luisin|def|1
|-unboost|p2a: Luisin|spd|1
|-damage|p2a: Luisin|84/100|[from] item: Rocky Helmet|[of] p1a: Skarmory
|-damage|p2a: Luisin|74/100|[from] item: Life Orb
|
|-weather|SunnyDay|[upkeep]
|upkeep
|turn|7
|
|t:|1758312288
|move|p2a: Luisin|Close Combat|p1a: Skarmory
|-damage|p1a: Skarmory|0 fnt
|-unboost|p2a: Luisin|def|1
|-unboost|p2a: Luisin|spd|1
|-damage|p2a: Luisin|58/100|[from] item: Rocky Helmet|[of] p1a: Skarmory
|faint|p1a: Skarmory
|-damage|p2a: Luisin|48/100|[from] item: Life Orb
|
|-weather|SunnyDay|[upkeep]
|upkeep
|
|t:|1758312294
|switch|p1a: Gholdengo|Gholdengo|100/100
|turn|8
|
|t:|1758312301
|move|p1a: Gholdengo|Shadow Ball|p2a: Luisin
|-damage|p2a: Luisin|0 fnt
|faint|p2a: Luisin
|-end|p2a: Luisin|Protosynthesis|[silent]
|
|-weather|none
|upkeep
|
|t:|1758312303
|switch|p2a: Daydream|Ninetales, M, shiny|100/100
|-weather|SunnyDay|[from] ability: Drought|[of] p2a: Daydream
|turn|9
|
|t:|1758312307
|switch|p1a: Grimmsnarl|Grimmsnarl, M|100/100
|move|p2a: Daydream|Weather Ball|p1a: Grimmsnarl
|-damage|p1a: Grimmsnarl|42/100
|
|-weather|SunnyDay|[upkeep]
|upkeep
|turn|10
|
|t:|1758312309
|move|p1a: Grimmsnarl|Sucker Punch|p2a: Daydream
|-damage|p2a: Daydream|54/100
|move|p2a: Daydream|Weather Ball|p1a: Grimmsnarl
|-damage|p1a: Grimmsnarl|0 fnt
|faint|p1a: Grimmsnarl
|
|-weather|SunnyDay|[upkeep]
|upkeep
|
|t:|1758312316
|switch|p1a: Reuniclus|Reuniclus, F, shiny|100/100
|turn|11
|
|t:|1758312319
|move|p2a: Daydream|Weather Ball|p1a: Reuniclus
|-damage|p1a: Reuniclus|61/100
|move|p1a: Reuniclus|Psychic Noise|p2a: Daydream
|-damage|p2a: Daydream|4/100
|-start|p2a: Daydream|move: Heal Block
|
|-weather|SunnyDay|[upkeep]
|upkeep
|turn|12
|
|t:|1758312324
|move|p2a: Daydream|Weather Ball|p1a: Reuniclus
|-damage|p1a: Reuniclus|22/100
|move|p1a: Reuniclus|Recover|p1a: Reuniclus
|-heal|p1a: Reuniclus|72/100
|
|-weather|SunnyDay|[upkeep]
|-end|p2a: Daydream|move: Heal Block
|upkeep
|turn|13
|
|t:|1758312327
|move|p2a: Daydream|Encore|p1a: Reuniclus
|-start|p1a: Reuniclus|Encore
|move|p1a: Reuniclus|Recover|p1a: Reuniclus
|-heal|p1a: Reuniclus|100/100
|
|-weather|SunnyDay|[upkeep]
|upkeep
|turn|14
|
|t:|1758312329
|switch|p2a: Mr. Banana|Walking Wake|100/100
|-activate|p2a: Mr. Banana|ability: Protosynthesis
|-start|p2a: Mr. Banana|protosynthesisspe
|move|p1a: Reuniclus|Recover||[still]
|-fail|p1a: Reuniclus|heal
|
|-weather|SunnyDay|[upkeep]
|upkeep
|turn|15
|
|t:|1758312335
|-terastallize|p2a: Mr. Banana|Water
|move|p2a: Mr. Banana|Hydro Steam|p1a: Reuniclus
|-damage|p1a: Reuniclus|0 fnt
|faint|p1a: Reuniclus
|
|-weather|SunnyDay|[upkeep]
|upkeep
|-message|Ruby Xoxo forfeited.
|
|win|brlt2 blemeno
|raw|Ruby Xoxo's rating: 1413 &rarr; <strong>1392</strong><br />(-21 for losing)
|raw|brlt2 blemeno's rating: 1398 &rarr; <strong>1419</strong><br />(+21 for winning)
|l|☆Ruby Xoxo
|player|p1|
|l|☆brlt2 blemeno
|player|p2|
