|j|☆Fullmun
|j|☆Guerrero105
|t:|1758339963
|gametype|singles
|player|p1|Fullmun|dancer|1524
|player|p2|Guerrero105|lucas-gen4pt|1460
|gen|9
|tier|[Gen 9] OU
|rated|
|rule|HP Percentage Mod: HP is shown in percentages
|rule|Endless Battle Clause: Forcing endless battles is banned
|rule|Species Clause: Limit one of each Pokémon
|rule|OHKO Clause: OHKO moves are banned
|rule|Evasion Items Clause: Evasion items are banned
|rule|Evasion Moves Clause: Evasion moves are banned
|rule|Evasion Abilities Clause: Evasion abilities are banned
|rule|Sleep Moves Clause: Sleep-inducing moves are banned
|clearpoke
|poke|p1|Zapdos|
|poke|p1|Iron Valiant|
|poke|p1|Infernape, M|
|poke|p1|Manaphy|
|poke|p1|Ogerpon-Cornerstone, F|
|poke|p1|Kingambit, M|
|poke|p2|Tinkaton, F|
|poke|p2|Cinderace, M|
|poke|p2|Gyarados, M|
|poke|p2|Vikavolt, M|
|poke|p2|Great Tusk|
|poke|p2|Sinistcha-Masterpiece|
|teampreview
|inactive|Battle timer is ON: inactive players will automatically lose when time's up. (requested by Fullmun)
|
|t:|1758339969
|teamsize|p1|6
|teamsize|p2|6
|start
|switch|p1a: Pon Pon|Ogerpon-Cornerstone, F|100/100
|switch|p2a: Vikavolt|Vikavolt, M|100/100
|turn|1
|
|t:|1758339982
|switch|p2a: Great Tusk|Great Tusk|100/100
|-enditem|p2a: Great Tusk|Booster Energy
|-activate|p2a: Great Tusk|ability: Protosynthesis|[fromitem]
|-start|p2a: Great Tusk|protosynthesisatk
|move|p1a: Pon Pon|Knock Off|p2a: Great Tusk
|-resisted|p2a: Great Tusk
|-damage|p2a: Great Tusk|92/100
|
|upkeep
|turn|2
|
|t:|1758339999
|switch|p1a: Dos|Zapdos, shiny|100/100
|move|p2a: Great Tusk|Rapid Spin|p1a: Dos
|-damage|p1a: Dos|78/100
|-boost|p2a: Great Tusk|spe|1
|
|upkeep
|turn|3
|
|t:|1758340022
|move|p2a: Great Tusk|Bulk Up|p2a: Great Tusk
|-boost|p2a: Great Tusk|atk|1
|-boost|p2a: Great Tusk|def|1
|move|p1a: Dos|Heat Wave|p2a: Great Tusk
|-damage|p2a: Great Tusk|50/100
|
|upkeep
|turn|4
|
|t:|1758340032
|move|p2a: Great Tusk|Rapid Spin|p1a: Dos
|-damage|p1a: Dos|39/100
|-boost|p2a: Great Tusk|spe|1
|move|p1a: Dos|Heat Wave|p2a: Great Tusk
|-damage|p2a: Great Tusk|5/100
|
|upkeep
|turn|5
|
|t:|1758340041
|move|p2a: Great Tusk|Close Combat|p1a: Dos
|-resisted|p1a: Dos
|-damage|p1a: Dos|0 fnt
|-unboost|p2a: Great Tusk|def|1
|-unboost|p2a: Great Tusk|spd|1
|faint|p1a: Dos
|
|upkeep
|
|t:|1758340053
|switch|p1a: INF|Infernape, M|100/100
|turn|6
|
|t:|1758340057
|move|p1a: INF|Mach Punch|p2a: Great Tusk
|-damage|p2a: Great Tusk|0 fnt
|faint|p2a: Great Tusk
|-end|p2a: Great Tusk|Protosynthesis|[silent]
|
|upkeep
|
|t:|1758340069
|switch|p2a: Gyarados|Gyarados, M|100/100
|turn|7
|inactive|Fullmun has 120 seconds left.
|
|t:|1758340099
|switch|p1a: Raindrop|Manaphy|100/100
|move|p2a: Gyarados|Dragon Dance|p2a: Gyarados
|-boost|p2a: Gyarados|atk|1
|-boost|p2a: Gyarados|spe|1
|
|upkeep
|turn|8
|
|t:|1758340105
|move|p2a: Gyarados|Dragon Dance|p2a: Gyarados
|-boost|p2a: Gyarados|atk|1
|-boost|p2a: Gyarados|spe|1
|move|p1a: Raindrop|Acid Armor|p1a: Raindrop
|-boost|p1a: Raindrop|def|2
|
|upkeep
|turn|9
|
|t:|1758340115
|switch|p2a: Tinkaton|Tinkaton, F|100/100
|-ability|p2a: Tinkaton|Mold Breaker
|-item|p2a: Tinkaton|Air Balloon
|-terastallize|p1a: Raindrop|Poison
|move|p1a: Raindrop|Take Heart|p1a: Raindrop
|-boost|p1a: Raindrop|spa|1
|-boost|p1a: Raindrop|spd|1
|
|upkeep
|turn|10
|
|t:|1758340125
|move|p1a: Raindrop|Scald|p2a: Tinkaton
|-damage|p2a: Tinkaton|53/100
|-enditem|p2a: Tinkaton|Air Balloon
|move|p2a: Tinkaton|Encore|p1a: Raindrop
|-start|p1a: Raindrop|Encore
|
|upkeep
|turn|11
|
|t:|1758340131
|move|p1a: Raindrop|Scald|p2a: Tinkaton
|-damage|p2a: Tinkaton|3/100
|move|p2a: Tinkaton|Thunder Wave|p1a: Raindrop
|-status|p1a: Raindrop|par
|
|upkeep
|turn|12
|
|t:|1758340140
|move|p2a: Tinkaton|Knock Off|p1a: Raindrop
|-damage|p1a: Raindrop|91/100 par
|-enditem|p1a: Raindrop|Leftovers|[from] move: Knock Off|[of] p2a: Tinkaton
|cant|p1a: Raindrop|par
|
|upkeep
|turn|13
|
|t:|1758340147
|move|p2a: Tinkaton|Gigaton Hammer|p1a: Raindrop
|-damage|p1a: Raindrop|71/100 par
|move|p1a: Raindrop|Scald|p2a: Tinkaton
|-damage|p2a: Tinkaton|0 fnt
|faint|p2a: Tinkaton
|
|-end|p1a: Raindrop|Encore
|upkeep
|
|t:|1758340161
|switch|p2a: Gyarados|Gyarados, M|100/100
|turn|14
|
|t:|1758340167
|move|p2a: Gyarados|Earthquake|p1a: Raindrop
|-supereffective|p1a: Raindrop
|-damage|p1a: Raindrop|41/100 par
|move|p1a: Raindrop|Take Heart|p1a: Raindrop
|-boost|p1a: Raindrop|spa|1
|-boost|p1a: Raindrop|spd|1
|-curestatus|p1a: Raindrop|par|[msg]
|
|upkeep
|turn|15
|
|t:|1758340174
|move|p1a: Raindrop|Stored Power|p2a: Gyarados
|-damage|p2a: Gyarados|26/100
|move|p2a: Gyarados|Dragon Dance|p2a: Gyarados
|-boost|p2a: Gyarados|atk|1
|-boost|p2a: Gyarados|spe|1
|
|upkeep
|turn|16
|
|t:|1758340179
|move|p2a: Gyarados|Earthquake|p1a: Raindrop
|-supereffective|p1a: Raindrop
|-damage|p1a: Raindrop|0 fnt
|faint|p1a: Raindrop
|-ability|p2a: Gyarados|Moxie|boost
|-boost|p2a: Gyarados|atk|1
|
|upkeep
|
|t:|1758340185
|switch|p1a: Lancelot|Iron Valiant|100/100
|-enditem|p1a: Lancelot|Booster Energy
|-activate|p1a: Lancelot|ability: Quark Drive|[fromitem]
|-start|p1a: Lancelot|quarkdrivespe
|turn|17
|
|t:|1758340192
|switch|p2a: Vikavolt|Vikavolt, M|100/100
|move|p1a: Lancelot|Moonblast|p2a: Vikavolt
|-damage|p2a: Vikavolt|50/100
|
|upkeep
|turn|18
|
|t:|1758340200
|move|p1a: Lancelot|Moonblast|p2a: Vikavolt
|-damage|p2a: Vikavolt|1/100
|-unboost|p2a: Vikavolt|spa|1
|move|p2a: Vikavolt|Thunder Wave|p1a: Lancelot
|-status|p1a: Lancelot|par
|
|upkeep
|turn|19
|-enditem|p2a: Vikavolt|Custap Berry|[eat]
|-activate|p2a: Vikavolt|item: Custap Berry|[consumed]
|
|t:|1758340208
|-terastallize|p2a: Vikavolt|Dragon
|move|p2a: Vikavolt|Sticky Web|p1a: Lancelot
|-sidestart|p1: Fullmun|move: Sticky Web
|move|p1a: Lancelot|Thunderbolt|p2a: Vikavolt
|-resisted|p2a: Vikavolt
|-damage|p2a: Vikavolt|0 fnt
|faint|p2a: Vikavolt
|
|upkeep
|
|t:|1758340226
|switch|p2a: Cinderace|Cinderace, M|100/100
|turn|20
|
|t:|1758340231
|move|p2a: Cinderace|Pyro Ball|p1a: Lancelot
|-crit|p1a: Lancelot
|-damage|p1a: Lancelot|0 fnt
|faint|p1a: Lancelot
|-end|p1a: Lancelot|Quark Drive|[silent]
|
|upkeep
|
|t:|1758340235
|switch|p1a: INF|Infernape, M|100/100
|turn|21
|
|t:|1758340250
|move|p2a: Cinderace|U-turn|p1a: INF
|-start|p2a: Cinderace|typechange|Bug|[from] ability: Libero
|-resisted|p1a: INF
|-damage|p1a: INF|85/100
|
|t:|1758340257
|switch|p2a: Sinistcha|Sinistcha-Masterpiece|100/100|[from] U-turn
|move|p1a: INF|Drain Punch|p2a: Sinistcha
|-immune|p2a: Sinistcha
|
|upkeep
|turn|22
|
|t:|1758340266
|move|p1a: INF|Fire Punch|p2a: Sinistcha
|-supereffective|p2a: Sinistcha
|-damage|p2a: Sinistcha|54/100
|move|p2a: Sinistcha|Strength Sap|p1a: INF
|-unboost|p1a: INF|atk|1
|-heal|p2a: Sinistcha|100/100
|
|upkeep
|turn|23
|
|t:|1758340273
|move|p1a: INF|Fire Punch|p2a: Sinistcha
|-supereffective|p2a: Sinistcha
|-damage|p2a: Sinistcha|68/100
|move|p2a: Sinistcha|Calm Mind|p2a: Sinistcha
|-boost|p2a: Sinistcha|spa|1
|-boost|p2a: Sinistcha|spd|1
|
|-heal|p2a: Sinistcha|74/100|[from] item: Leftovers
|upkeep
|turn|24
|
|t:|1758340280
|switch|p1a: Chess|Kingambit, M|100/100
|-activate|p1a: Chess|move: Sticky Web
|-unboost|p1a: Chess|spe|1
|-activate|p1a: Chess|ability: Supreme Overlord
|-start|p1a: Chess|fallen3|[silent]
|move|p2a: Sinistcha|Strength Sap|p1a: Chess
|-unboost|p1a: Chess|atk|1
|-heal|p2a: Sinistcha|100/100
|
|upkeep
|turn|25
|
|t:|1758340284
|move|p2a: Sinistcha|Matcha Gotcha|p1a: Chess
|-resisted|p1a: Chess
|-damage|p1a: Chess|75/100
|move|p1a: Chess|Kowtow Cleave|p2a: Sinistcha
|-supereffective|p2a: Sinistcha
|-damage|p2a: Sinistcha|1/100
|
|-heal|p2a: Sinistcha|7/100|[from] item: Leftovers
|-heal|p1a: Chess|81/100|[from] item: Leftovers
|upkeep
|turn|26
|
|t:|1758340295
|move|p2a: Sinistcha|Strength Sap|p1a: Chess
|-unboost|p1a: Chess|atk|1
|-heal|p2a: Sinistcha|100/100
|move|p1a: Chess|Kowtow Cleave|p2a: Sinistcha
|-supereffective|p2a: Sinistcha
|-damage|p2a: Sinistcha|23/100
|
|-heal|p2a: Sinistcha|29/100|[from] item: Leftovers
|-heal|p1a: Chess|87/100|[from] item: Leftovers
|upkeep
|turn|27
|
|t:|1758340307
|move|p2a: Sinistcha|Strength Sap|p1a: Chess
|-unboost|p1a: Chess|atk|1
|-heal|p2a: Sinistcha|100/100
|move|p1a: Chess|Swords Dance|p1a: Chess
|-boost|p1a: Chess|atk|2
|
|-heal|p1a: Chess|93/100|[from] item: Leftovers
|upkeep
|turn|28
|
|t:|1758340314
|move|p2a: Sinistcha|Matcha Gotcha|p1a: Chess
|-resisted|p1a: Chess
|-damage|p1a: Chess|68/100
|move|p1a: Chess|Swords Dance|p1a: Chess
|-boost|p1a: Chess|atk|2
|
|-heal|p1a: Chess|74/100|[from] item: Leftovers
|upkeep
|turn|29
|
|t:|1758340321
|move|p2a: Sinistcha|Matcha Gotcha|p1a: Chess
|-resisted|p1a: Chess
|-damage|p1a: Chess|48/100
|move|p1a: Chess|Kowtow Cleave|p2a: Sinistcha
|-supereffective|p2a: Sinistcha
|-damage|p2a: Sinistcha|0 fnt
|faint|p2a: Sinistcha
|
|-heal|p1a: Chess|54/100|[from] item: Leftovers
|upkeep
|
|t:|1758340328
|switch|p2a: Cinderace|Cinderace, M|100/100
|turn|30
|
|t:|1758340335
|move|p2a: Cinderace|Sucker Punch|p1a: Chess
|-start|p2a: Cinderace|typechange|Dark|[from] ability: Libero
|-resisted|p1a: Chess
|-damage|p1a: Chess|39/100
|move|p1a: Chess|Sucker Punch||[still]
|-fail|p1a: Chess
|
|-heal|p1a: Chess|45/100|[from] item: Leftovers
|upkeep
|turn|31
|
|t:|1758340343
|move|p2a: Cinderace|Pyro Ball|p1a: Chess
|-supereffective|p1a: Chess
|-damage|p1a: Chess|0 fnt
|faint|p1a: Chess
|-end|p1a: Chess|fallen3|[silent]
|
|upkeep
|
|t:|1758340350
|switch|p1a: INF|Infernape, M|85/100
|turn|32
|
|t:|1758340355
|switch|p2a: Gyarados|Gyarados, M|26/100
|move|p1a: INF|Drain Punch|p2a: Gyarados
|-resisted|p2a: Gyarados
|-damage|p2a: Gyarados|0 fnt
|-heal|p1a: INF|99/100|[from] drain|[of] p2a: Gyarados
|faint|p2a: Gyarados
|
|upkeep
|-message|Guerrero105 forfeited.
|
|win|Fullmun
|raw|Fullmun's rating: 1524 &rarr; <strong>1540</strong><br />(+16 for winning)
|raw|Guerrero105's rating: 1460 &rarr; <strong>1444</strong><br />(-16 for losing)
|l|☆Guerrero105
|player|p2|
