|j|☆carloss prates
|j|☆Obito 2001
|t:|1758282996
|gametype|singles
|player|p1|carloss prates|bruno|1608
|player|p2|Obito 2001|blue-gen3two|1792
|gen|9
|tier|[Gen 9] OU
|rated|
|rule|HP Percentage Mod: HP is shown in percentages
|rule|Endless Battle Clause: Forcing endless battles is banned
|rule|Species Clause: Limit one of each Pokémon
|rule|OHKO Clause: OHKO moves are banned
|rule|Evasion Items Clause: Evasion items are banned
|rule|Evasion Moves Clause: Evasion moves are banned
|rule|Evasion Abilities Clause: Evasion abilities are banned
|rule|Sleep Moves Clause: Sleep-inducing moves are banned
|clearpoke
|poke|p1|Ninetales-Alola, F|
|poke|p1|Dondozo, M|
|poke|p1|Iron Treads|
|poke|p1|Kyurem|
|poke|p1|Comfey, M|
|poke|p1|Polteageist|
|poke|p2|Ting-Lu|
|poke|p2|Weezing-Galar, M|
|poke|p2|Ogerpon-Wellspring, F|
|poke|p2|Corviknight, M|
|poke|p2|Kyurem|
|poke|p2|Skeledirge, F|
|teampreview
|inactive|Battle timer is ON: inactive players will automatically lose when time's up. (requested by Obito 2001)
|
|t:|1758283005
|teamsize|p1|6
|teamsize|p2|6
|start
|switch|p1a: Iron Treads|Iron Treads|100/100
|switch|p2a: Ban me|Ogerpon-Wellspring, F|100/100
|-enditem|p1a: Iron Treads|Booster Energy
|-activate|p1a: Iron Treads|ability: Quark Drive|[fromitem]
|-start|p1a: Iron Treads|quarkdrivespe
|turn|1
|
|t:|1758283011
|move|p1a: Iron Treads|Stealth Rock|p2a: Ban me
|-sidestart|p2: Obito 2001|move: Stealth Rock
|move|p2a: Ban me|Ivy Cudgel|p1a: Iron Treads|[anim] Ivy Cudgel Water
|-supereffective|p1a: Iron Treads
|-crit|p1a: Iron Treads
|-damage|p1a: Iron Treads|0 fnt
|faint|p1a: Iron Treads
|-end|p1a: Iron Treads|Quark Drive|[silent]
|
|upkeep
|
|t:|1758283012
|switch|p1a: Kyurem|Kyurem|100/100
|-ability|p1a: Kyurem|Pressure
|turn|2
|j| amefurikoneko
|
|t:|1758283016
|move|p2a: Ban me|U-turn|p1a: Kyurem
|-damage|p1a: Kyurem|70/100
|
|t:|1758283018
|switch|p2a: Ban Wogerpon|Skeledirge, F|100/100|[from] U-turn
|move|p1a: Kyurem|Freeze-Dry|p2a: Ban Wogerpon
|-resisted|p2a: Ban Wogerpon
|-damage|p2a: Ban Wogerpon|81/100
|
|upkeep
|turn|3
|
|t:|1758283024
|move|p1a: Kyurem|Earth Power|p2a: Ban Wogerpon
|-supereffective|p2a: Ban Wogerpon
|-damage|p2a: Ban Wogerpon|25/100
|-unboost|p2a: Ban Wogerpon|spd|1
|move|p2a: Ban Wogerpon|Torch Song|p1a: Kyurem
|-damage|p1a: Kyurem|40/100
|-boost|p2a: Ban Wogerpon|spa|1
|
|upkeep
|turn|4
|
|t:|1758283033
|move|p1a: Kyurem|Earth Power|p2a: Ban Wogerpon
|-supereffective|p2a: Ban Wogerpon
|-damage|p2a: Ban Wogerpon|0 fnt
|faint|p2a: Ban Wogerpon
|
|upkeep
|
|t:|1758283035
|switch|p2a: Ban me|Ogerpon-Wellspring, F|100/100
|-damage|p2a: Ban me|88/100|[from] Stealth Rock
|turn|5
|
|t:|1758283038
|move|p2a: Ban me|U-turn|p1a: Kyurem
|-damage|p1a: Kyurem|9/100
|l| amefurikoneko
|
|t:|1758283044
|switch|p2a: Ban Dragonite|Corviknight, M|100/100|[from] U-turn
|-damage|p2a: Ban Dragonite|88/100|[from] Stealth Rock
|-ability|p2a: Ban Dragonite|Pressure
|move|p1a: Kyurem|Freeze-Dry|p2a: Ban Dragonite
|-damage|p2a: Ban Dragonite|48/100
|
|upkeep
|turn|6
|
|t:|1758283048
|move|p1a: Kyurem|Freeze-Dry|p2a: Ban Dragonite
|-damage|p2a: Ban Dragonite|12/100
|move|p2a: Ban Dragonite|Roost|p2a: Ban Dragonite
|-heal|p2a: Ban Dragonite|62/100
|-singleturn|p2a: Ban Dragonite|move: Roost
|
|upkeep
|turn|7
|
|t:|1758283050
|move|p1a: Kyurem|Freeze-Dry|p2a: Ban Dragonite
|-damage|p2a: Ban Dragonite|22/100
|move|p2a: Ban Dragonite|Roost|p2a: Ban Dragonite
|-heal|p2a: Ban Dragonite|72/100
|-singleturn|p2a: Ban Dragonite|move: Roost
|
|upkeep
|turn|8
|
|t:|1758283054
|move|p1a: Kyurem|Freeze-Dry|p2a: Ban Dragonite
|-damage|p2a: Ban Dragonite|35/100
|move|p2a: Ban Dragonite|Body Press|p1a: Kyurem
|-supereffective|p1a: Kyurem
|-damage|p1a: Kyurem|0 fnt
|faint|p1a: Kyurem
|
|upkeep
|
|t:|1758283059
|switch|p1a: Ninetales|Ninetales-Alola, F|100/100
|-weather|Snowscape|[from] ability: Snow Warning|[of] p1a: Ninetales
|turn|9
|
|t:|1758283062
|move|p1a: Ninetales|Encore|p2a: Ban Dragonite
|-start|p2a: Ban Dragonite|Encore
|move|p2a: Ban Dragonite|Body Press|p1a: Ninetales
|-damage|p1a: Ninetales|78/100
|
|-weather|Snowscape|[upkeep]
|upkeep
|turn|10
|
|t:|1758283067
|switch|p2a: Fk hazard noobs|Weezing-Galar, M|100/100
|-ability|p2a: Fk hazard noobs|Neutralizing Gas
|move|p1a: Ninetales|Aurora Veil|p1a: Ninetales
|-sidestart|p1: carloss prates|move: Aurora Veil
|
|-weather|Snowscape|[upkeep]
|upkeep
|turn|11
|
|t:|1758283077
|move|p1a: Ninetales|Freeze-Dry|p2a: Fk hazard noobs
|-damage|p2a: Fk hazard noobs|71/100
|move|p2a: Fk hazard noobs|Defog|p1a: Ninetales
|-unboost|p1a: Ninetales|evasion|1
|-sideend|p1: carloss prates|move: Aurora Veil
|-sideend|p2: Obito 2001|Stealth Rock|[from] move: Defog|[of] p2a: Fk hazard noobs
|
|-weather|Snowscape|[upkeep]
|upkeep
|turn|12
|
|t:|1758283081
|-end|p2a: Fk hazard noobs|ability: Neutralizing Gas
|switch|p2a: Ban Dragonite|Corviknight, M|35/100
|-ability|p2a: Ban Dragonite|Pressure
|move|p1a: Ninetales|Encore||[still]
|-fail|p1a: Ninetales
|
|-weather|Snowscape|[upkeep]
|upkeep
|turn|13
|
|t:|1758283085
|move|p1a: Ninetales|Aurora Veil|p1a: Ninetales
|-sidestart|p1: carloss prates|move: Aurora Veil
|move|p2a: Ban Dragonite|Roost|p2a: Ban Dragonite
|-heal|p2a: Ban Dragonite|85/100
|-singleturn|p2a: Ban Dragonite|move: Roost
|
|-weather|none
|upkeep
|turn|14
|
|t:|1758283088
|switch|p2a: Fk hazard noobs|Weezing-Galar, M|71/100
|-ability|p2a: Fk hazard noobs|Neutralizing Gas
|move|p1a: Ninetales|Freeze-Dry|p2a: Fk hazard noobs
|-damage|p2a: Fk hazard noobs|41/100
|
|upkeep
|turn|15
|
|t:|1758283093
|move|p1a: Ninetales|Freeze-Dry|p2a: Fk hazard noobs
|-damage|p2a: Fk hazard noobs|13/100
|-status|p2a: Fk hazard noobs|frz
|-curestatus|p2a: Fk hazard noobs|frz|[msg]
|move|p2a: Fk hazard noobs|Pain Split|p1a: Ninetales
|-sethp|p1a: Ninetales|45/100|[from] move: Pain Split|[silent]
|-sethp|p2a: Fk hazard noobs|47/100|[from] move: Pain Split
|
|upkeep
|turn|16
|
|t:|1758283096
|-end|p2a: Fk hazard noobs|ability: Neutralizing Gas
|-weather|Snowscape|[from] ability: Snow Warning|[of] p1a: Ninetales
|switch|p2a: Ban Dragonite|Corviknight, M|85/100
|-ability|p2a: Ban Dragonite|Pressure
|move|p1a: Ninetales|Freeze-Dry|p2a: Ban Dragonite
|-damage|p2a: Ban Dragonite|65/100
|
|-weather|Snowscape|[upkeep]
|upkeep
|turn|17
|
|t:|1758283103
|move|p1a: Ninetales|Freeze-Dry|p2a: Ban Dragonite
|-damage|p2a: Ban Dragonite|45/100
|move|p2a: Ban Dragonite|Roost|p2a: Ban Dragonite
|-heal|p2a: Ban Dragonite|95/100
|-singleturn|p2a: Ban Dragonite|move: Roost
|
|-weather|Snowscape|[upkeep]
|upkeep
|turn|18
|
|t:|1758283108
|move|p1a: Ninetales|Freeze-Dry|p2a: Ban Dragonite
|-damage|p2a: Ban Dragonite|75/100
|-status|p2a: Ban Dragonite|frz
|cant|p2a: Ban Dragonite|frz
|
|-weather|Snowscape|[upkeep]
|upkeep
|turn|19
|
|t:|1758283120
|switch|p1a: Polteageist|Polteageist|100/100
|switch|p2a: Ban Gliscor ASAP|Kyurem, shiny|100/100
|-ability|p2a: Ban Gliscor ASAP|Pressure
|
|-weather|Snowscape|[upkeep]
|upkeep
|turn|20
|
|t:|1758283126
|move|p2a: Ban Gliscor ASAP|Freeze-Dry|p1a: Polteageist
|-damage|p1a: Polteageist|83/100
|-start|p2a: Ban Gliscor ASAP|Disable|Freeze-Dry|[from] ability: Cursed Body|[of] p1a: Polteageist
|move|p1a: Polteageist|Shadow Ball|p2a: Ban Gliscor ASAP
|-damage|p2a: Ban Gliscor ASAP|68/100
|-unboost|p2a: Ban Gliscor ASAP|spd|1
|
|-weather|none
|-heal|p2a: Ban Gliscor ASAP|74/100|[from] item: Leftovers
|-sideend|p1: carloss prates|move: Aurora Veil
|upkeep
|turn|21
|
|t:|1758283135
|switch|p2a: Ban Zamazenta|Ting-Lu|100/100
|-ability|p2a: Ban Zamazenta|Vessel of Ruin
|switch|p1a: Ninetales|Ninetales-Alola, F|45/100
|-weather|Snowscape|[from] ability: Snow Warning|[of] p1a: Ninetales
|
|-weather|Snowscape|[upkeep]
|upkeep
|turn|22
|
|t:|1758283142
|switch|p2a: Ban Dragonite|Corviknight, M|75/100 frz
|-ability|p2a: Ban Dragonite|Pressure
|move|p1a: Ninetales|Aurora Veil|p1a: Ninetales
|-sidestart|p1: carloss prates|move: Aurora Veil
|
|-weather|Snowscape|[upkeep]
|upkeep
|turn|23
|
|t:|1758283144
|switch|p1a: Polteageist|Polteageist|83/100
|-curestatus|p2a: Ban Dragonite|frz|[msg]
|move|p2a: Ban Dragonite|Defog|p1a: Polteageist
|-unboost|p1a: Polteageist|evasion|1
|-sideend|p1: carloss prates|move: Aurora Veil
|-enditem|p1a: Polteageist|White Herb
|-clearnegativeboost|p1a: Polteageist|[silent]
|
|-weather|Snowscape|[upkeep]
|upkeep
|turn|24
|
|t:|1758283148
|switch|p2a: Ban Zamazenta|Ting-Lu|100/100
|-ability|p2a: Ban Zamazenta|Vessel of Ruin
|move|p1a: Polteageist|Shadow Ball|p2a: Ban Zamazenta
|-resisted|p2a: Ban Zamazenta
|-damage|p2a: Ban Zamazenta|94/100
|
|-weather|Snowscape|[upkeep]
|-heal|p2a: Ban Zamazenta|99/100|[from] item: Leftovers
|upkeep
|turn|25
|
|t:|1758283152
|switch|p1a: Ninetales|Ninetales-Alola, F|45/100
|move|p2a: Ban Zamazenta|Earthquake|p1a: Ninetales
|-damage|p1a: Ninetales|15/100
|
|-weather|none
|-heal|p2a: Ban Zamazenta|100/100|[from] item: Leftovers
|upkeep
|turn|26
|
|t:|1758283155
|switch|p1a: Dondozo|Dondozo, M|100/100
|move|p2a: Ban Zamazenta|Earthquake|p1a: Dondozo
|-damage|p1a: Dondozo|78/100
|
|-heal|p1a: Dondozo|84/100|[from] item: Leftovers
|upkeep
|turn|27
|
|t:|1758283160
|switch|p2a: Fk hazard noobs|Weezing-Galar, M|47/100
|-ability|p2a: Fk hazard noobs|Neutralizing Gas
|switch|p1a: Ninetales|Ninetales-Alola, F|15/100
|
|upkeep
|turn|28
|j| wgw2333
|
|t:|1758283168
|move|p1a: Ninetales|Freeze-Dry|p2a: Fk hazard noobs
|-damage|p2a: Fk hazard noobs|19/100
|move|p2a: Fk hazard noobs|Sludge Bomb|p1a: Ninetales
|-supereffective|p1a: Ninetales
|-damage|p1a: Ninetales|0 fnt
|faint|p1a: Ninetales
|
|upkeep
|
|t:|1758283170
|switch|p1a: Polteageist|Polteageist|83/100
|turn|29
|
|t:|1758283175
|move|p1a: Polteageist|Tera Blast|p2a: Fk hazard noobs
|-damage|p2a: Fk hazard noobs|0 fnt
|faint|p2a: Fk hazard noobs
|-end|p2a: Fk hazard noobs|ability: Neutralizing Gas
|
|upkeep
|
|t:|1758283179
|switch|p2a: Ban me|Ogerpon-Wellspring, F|88/100
|turn|30
|
|t:|1758283184
|switch|p1a: Dondozo|Dondozo, M|84/100
|move|p2a: Ban me|Knock Off|p1a: Dondozo
|-damage|p1a: Dondozo|59/100
|-enditem|p1a: Dondozo|Leftovers|[from] move: Knock Off|[of] p2a: Ban me
|
|upkeep
|turn|31
|
|t:|1758283187
|move|p2a: Ban me|U-turn|p1a: Dondozo
|-damage|p1a: Dondozo|42/100
|
|t:|1758283190
|switch|p2a: Ban Gliscor ASAP|Kyurem, shiny|74/100|[from] U-turn
|-ability|p2a: Ban Gliscor ASAP|Pressure
|move|p1a: Dondozo|Avalanche|p2a: Ban Gliscor ASAP
|-damage|p2a: Ban Gliscor ASAP|61/100
|
|-heal|p2a: Ban Gliscor ASAP|68/100|[from] item: Leftovers
|upkeep
|turn|32
|
|t:|1758283195
|move|p2a: Ban Gliscor ASAP|Freeze-Dry|p1a: Dondozo
|-supereffective|p1a: Dondozo
|-damage|p1a: Dondozo|0 fnt
|faint|p1a: Dondozo
|
|-heal|p2a: Ban Gliscor ASAP|74/100|[from] item: Leftovers
|upkeep
|
|t:|1758283196
|switch|p1a: Comfey|Comfey, M|100/100
|turn|33
|
|t:|1758283203
|move|p2a: Ban Gliscor ASAP|Freeze-Dry|p1a: Comfey
|-crit|p1a: Comfey
|-damage|p1a: Comfey|43/100
|move|p1a: Comfey|Calm Mind|p1a: Comfey
|-boost|p1a: Comfey|spa|1
|-boost|p1a: Comfey|spd|1
|
|-heal|p2a: Ban Gliscor ASAP|80/100|[from] item: Leftovers
|upkeep
|turn|34
|
|t:|1758283209
|switch|p2a: Ban Dragonite|Corviknight, M|75/100
|-ability|p2a: Ban Dragonite|Pressure
|move|p1a: Comfey|Draining Kiss|p2a: Ban Dragonite
|-resisted|p2a: Ban Dragonite
|-damage|p2a: Ban Dragonite|60/100
|-heal|p1a: Comfey|57/100|[from] drain|[of] p2a: Ban Dragonite
|-damage|p1a: Comfey|41/100|[from] item: Rocky Helmet|[of] p2a: Ban Dragonite
|
|upkeep
|turn|35
|
|t:|1758283211
|switch|p2a: Ban me|Ogerpon-Wellspring, F|88/100
|move|p1a: Comfey|Calm Mind|p1a: Comfey
|-boost|p1a: Comfey|spa|1
|-boost|p1a: Comfey|spd|1
|
|upkeep
|turn|36
|
|t:|1758283215
|move|p1a: Comfey|Draining Kiss|p2a: Ban me
|-damage|p2a: Ban me|41/100
|-heal|p1a: Comfey|75/100|[from] drain|[of] p2a: Ban me
|move|p2a: Ban me|Ivy Cudgel|p1a: Comfey|[anim] Ivy Cudgel Water
|-damage|p1a: Comfey|0 fnt
|faint|p1a: Comfey
|
|upkeep
|
|t:|1758283217
|switch|p1a: Polteageist|Polteageist|83/100
|turn|37
|
|t:|1758283219
|-terastallize|p2a: Ban me|Water
|detailschange|p2a: Ban me|Ogerpon-Wellspring-Tera, F, tera:Water
|-ability|p2a: Ban me|Embody Aspect (Wellspring)|boost
|-boost|p2a: Ban me|spd|1
|move|p2a: Ban me|Ivy Cudgel|p1a: Polteageist|[anim] Ivy Cudgel Water
|-damage|p1a: Polteageist|0 fnt
|faint|p1a: Polteageist
|
|win|Obito 2001
|raw|carloss prates's rating: 1608 &rarr; <strong>1598</strong><br />(-10 for losing)
|raw|Obito 2001's rating: 1792 &rarr; <strong>1802</strong><br />(+10 for winning)
|l|☆carloss prates
|player|p1|
