|j|☆bingus100
|j|☆math76
|t:|1758269299
|gametype|singles
|player|p1|bingus100|clay|1480
|player|p2|math76|ghetsis|1571
|gen|9
|tier|[Gen 9] OU
|rated|
|rule|HP Percentage Mod: HP is shown in percentages
|rule|Endless Battle Clause: Forcing endless battles is banned
|rule|Species Clause: Limit one of each Pokémon
|rule|OHKO Clause: OHKO moves are banned
|rule|Evasion Items Clause: Evasion items are banned
|rule|Evasion Moves Clause: Evasion moves are banned
|rule|Evasion Abilities Clause: Evasion abilities are banned
|rule|Sleep Moves Clause: Sleep-inducing moves are banned
|clearpoke
|poke|p1|Heatran, M|
|poke|p1|Ogerpon-Wellspring, F|
|poke|p1|Rillaboom, M|
|poke|p1|Great Tusk|
|poke|p1|Dragapult, M|
|poke|p1|Bronzong|
|poke|p2|Pelipper, F|
|poke|p2|Barraskewda, F|
|poke|p2|Manaphy|
|poke|p2|Zapdos|
|poke|p2|Amoonguss, M|
|poke|p2|Kingdra, F|
|teampreview
|
|t:|1758269307
|teamsize|p1|6
|teamsize|p2|6
|start
|switch|p1a: Bronzong|Bronzong, shiny|100/100
|switch|p2a: Pelipper|Pelipper, F|100/100
|-weather|RainDance|[from] ability: Drizzle|[of] p2a: Pelipper
|turn|1
|
|t:|1758269329
|move|p2a: Pelipper|Weather Ball|p1a: Bronzong
|-damage|p1a: Bronzong|58/100
|move|p1a: Bronzong|Stealth Rock|p2a: Pelipper
|-sidestart|p2: math76|move: Stealth Rock
|
|-weather|RainDance|[upkeep]
|upkeep
|turn|2
|
|t:|1758269343
|move|p2a: Pelipper|U-turn|p1a: Bronzong
|-damage|p1a: Bronzong|53/100
|
|t:|1758269348
|switch|p2a: Manaphy|Manaphy|100/100|[from] U-turn
|-damage|p2a: Manaphy|88/100|[from] Stealth Rock
|move|p1a: Bronzong|Future Sight|p2a: Manaphy
|-start|p1a: Bronzong|move: Future Sight
|
|-weather|RainDance|[upkeep]
|-heal|p2a: Manaphy|94/100|[from] item: Leftovers
|upkeep
|turn|3
|
|t:|1758269356
|switch|p1a: Rillaboom|Rillaboom, M|100/100
|-fieldstart|move: Grassy Terrain|[from] ability: Grassy Surge|[of] p1a: Rillaboom
|move|p2a: Manaphy|Tail Glow|p2a: Manaphy
|-boost|p2a: Manaphy|spa|3
|
|-weather|RainDance|[upkeep]
|-heal|p2a: Manaphy|100/100|[from] Grassy Terrain
|upkeep
|turn|4
|
|t:|1758269377
|-terastallize|p2a: Manaphy|Dark
|move|p1a: Rillaboom|Grassy Glide|p2a: Manaphy
|-damage|p2a: Manaphy|67/100
|move|p2a: Manaphy|Surf|p1a: Rillaboom
|-resisted|p1a: Rillaboom
|-damage|p1a: Rillaboom|14/100
|
|-weather|RainDance|[upkeep]
|-end|p2a: Manaphy|move: Future Sight
|-immune|p2a: Manaphy
|-heal|p2a: Manaphy|73/100|[from] Grassy Terrain
|-heal|p2a: Manaphy|79/100|[from] item: Leftovers
|-heal|p1a: Rillaboom|20/100|[from] Grassy Terrain
|upkeep
|turn|5
|
|t:|1758269399
|switch|p1a: Heatran|Heatran, M|100/100
|move|p2a: Manaphy|Surf|p1a: Heatran
|-supereffective|p1a: Heatran
|-damage|p1a: Heatran|0 fnt
|faint|p1a: Heatran
|
|-weather|RainDance|[upkeep]
|-heal|p2a: Manaphy|85/100|[from] Grassy Terrain
|-heal|p2a: Manaphy|92/100|[from] item: Leftovers
|upkeep
|
|t:|1758269405
|switch|p1a: Dragapult|Dragapult, M|100/100
|turn|6
|
|t:|1758269412
|-terastallize|p1a: Dragapult|Fairy
|move|p1a: Dragapult|Tera Blast|p2a: Manaphy|[anim] Tera Blast Fairy
|-supereffective|p2a: Manaphy
|-damage|p2a: Manaphy|0 fnt
|faint|p2a: Manaphy
|
|-weather|RainDance|[upkeep]
|upkeep
|
|t:|1758269435
|switch|p2a: Kingdra|Kingdra, F|100/100
|-damage|p2a: Kingdra|88/100|[from] Stealth Rock
|turn|7
|
|t:|1758269451
|switch|p1a: Bronzong|Bronzong, shiny|53/100
|move|p2a: Kingdra|Weather Ball|p1a: Bronzong
|-damage|p1a: Bronzong|0 fnt
|faint|p1a: Bronzong
|
|-weather|RainDance|[upkeep]
|-heal|p2a: Kingdra|94/100|[from] Grassy Terrain
|upkeep
|
|t:|1758269457
|switch|p1a: Rillaboom|Rillaboom, M|20/100
|turn|8
|
|t:|1758269461
|move|p1a: Rillaboom|Grassy Glide|p2a: Kingdra
|-damage|p2a: Kingdra|47/100
|move|p2a: Kingdra|Weather Ball|p1a: Rillaboom
|-resisted|p1a: Rillaboom
|-damage|p1a: Rillaboom|0 fnt
|faint|p1a: Rillaboom
|
|-weather|none
|-heal|p2a: Kingdra|53/100|[from] Grassy Terrain
|upkeep
|
|t:|1758269466
|switch|p1a: Ogerpon|Ogerpon-Wellspring, F|100/100
|turn|9
|
|t:|1758269478
|switch|p2a: Pelipper|Pelipper, F|100/100
|-damage|p2a: Pelipper|76/100|[from] Stealth Rock
|-weather|RainDance|[from] ability: Drizzle|[of] p2a: Pelipper
|move|p1a: Ogerpon|Play Rough|p2a: Pelipper
|-damage|p2a: Pelipper|48/100
|
|-weather|RainDance|[upkeep]
|upkeep
|turn|10
|
|t:|1758269496
|move|p1a: Ogerpon|Ivy Cudgel|p2a: Pelipper|[anim] Ivy Cudgel Water
|-resisted|p2a: Pelipper
|-damage|p2a: Pelipper|9/100
|move|p2a: Pelipper|Hurricane|p1a: Ogerpon
|-supereffective|p1a: Ogerpon
|-damage|p1a: Ogerpon|16/100
|
|-weather|RainDance|[upkeep]
|-heal|p1a: Ogerpon|22/100|[from] Grassy Terrain
|-fieldend|move: Grassy Terrain
|upkeep
|turn|11
|
|t:|1758269509
|move|p1a: Ogerpon|Ivy Cudgel|p2a: Pelipper|[anim] Ivy Cudgel Water
|-resisted|p2a: Pelipper
|-crit|p2a: Pelipper
|-damage|p2a: Pelipper|0 fnt
|faint|p2a: Pelipper
|
|-weather|RainDance|[upkeep]
|upkeep
|
|t:|1758269536
|switch|p2a: Kingdra|Kingdra, F|53/100
|-damage|p2a: Kingdra|41/100|[from] Stealth Rock
|turn|12
|
|t:|1758269548
|switch|p1a: Great Tusk|Great Tusk|100/100
|move|p2a: Kingdra|Hurricane|p1a: Great Tusk
|-supereffective|p1a: Great Tusk
|-damage|p1a: Great Tusk|0 fnt
|faint|p1a: Great Tusk
|-end|p1a: Great Tusk|Protosynthesis|[silent]
|
|-weather|RainDance|[upkeep]
|upkeep
|
|t:|1758269552
|switch|p1a: Dragapult|Dragapult, M, tera:Fairy|100/100
|turn|13
|
|t:|1758269558
|switch|p1a: Ogerpon|Ogerpon-Wellspring, F|22/100
|move|p2a: Kingdra|Hurricane|p1a: Ogerpon
|-supereffective|p1a: Ogerpon
|-damage|p1a: Ogerpon|0 fnt
|faint|p1a: Ogerpon
|
|-weather|RainDance|[upkeep]
|upkeep
|
|t:|1758269562
|switch|p1a: Dragapult|Dragapult, M, tera:Fairy|100/100
|turn|14
|
|t:|1758269566
|move|p2a: Kingdra|Hurricane|p1a: Dragapult
|-damage|p1a: Dragapult|29/100
|move|p1a: Dragapult|Shadow Ball|p2a: Kingdra
|-damage|p2a: Kingdra|0 fnt
|faint|p2a: Kingdra
|
|-weather|RainDance|[upkeep]
|upkeep
|
|t:|1758269571
|switch|p2a: Barraskewda|Barraskewda, F|100/100
|-damage|p2a: Barraskewda|88/100|[from] Stealth Rock
|turn|15
|
|t:|1758269574
|move|p2a: Barraskewda|Liquidation|p1a: Dragapult
|-damage|p1a: Dragapult|0 fnt
|faint|p1a: Dragapult
|
|win|math76
|raw|bingus100's rating: 1480 &rarr; <strong>1465</strong><br />(-15 for losing)
|raw|math76's rating: 1571 &rarr; <strong>1586</strong><br />(+15 for winning)
|l|☆bingus100
|player|p1|
|l|☆math76
|player|p2|
