|j|☆GLOCKED
|j|☆Chopola
|t:|1758348921
|gametype|singles
|player|p1|GLOCKED|brock|1328
|player|p2|Chopola|bea|1353
|gen|9
|tier|[Gen 9] OU
|rated|
|rule|HP Percentage Mod: HP is shown in percentages
|rule|Endless Battle Clause: Forcing endless battles is banned
|rule|Species Clause: Limit one of each Pokémon
|rule|OHKO Clause: OHKO moves are banned
|rule|Evasion Items Clause: Evasion items are banned
|rule|Evasion Moves Clause: Evasion moves are banned
|rule|Evasion Abilities Clause: Evasion abilities are banned
|rule|Sleep Moves Clause: Sleep-inducing moves are banned
|clearpoke
|poke|p1|Alomomola, M|
|poke|p1|Indeedee, M|
|poke|p1|Pecharunt|
|poke|p1|Toedscruel, F|
|poke|p1|Tornadus-Therian, M|
|poke|p1|Hoopa-Unbound|
|poke|p2|Dragonite, F|
|poke|p2|Gholdengo|
|poke|p2|Regidrago|
|poke|p2|Scizor, F|
|poke|p2|Ting-Lu|
|poke|p2|Weezing-Galar, M|
|teampreview
|
|t:|1758348968
|teamsize|p1|6
|teamsize|p2|6
|start
|switch|p1a: Indeedee|Indeedee, M|100/100
|switch|p2a: Scizor|Scizor, F|100/100
|-fieldstart|move: Psychic Terrain|[from] ability: Psychic Surge|[of] p1a: Indeedee
|turn|1
|
|t:|1758348980
|switch|p1a: Tornadus|Tornadus-Therian, M|100/100
|switch|p2a: Ting-Lu|Ting-Lu|100/100
|-ability|p2a: Ting-Lu|Vessel of Ruin
|
|upkeep
|turn|2
|inactive|Battle timer is ON: inactive players will automatically lose when time's up. (requested by Chopola)
|
|t:|1758349003
|move|p1a: Tornadus|U-turn|p2a: Ting-Lu
|-supereffective|p2a: Ting-Lu
|-damage|p2a: Ting-Lu|85/100
|
|t:|1758349006
|switch|p1a: Toedscruel|Toedscruel, F|100/100|[from] U-turn
|move|p2a: Ting-Lu|Stealth Rock|p1a: Toedscruel
|-sidestart|p1: GLOCKED|move: Stealth Rock
|
|-heal|p2a: Ting-Lu|92/100|[from] item: Leftovers
|upkeep
|turn|3
|
|t:|1758349021
|switch|p2a: Scizor|Scizor, F|100/100
|move|p1a: Toedscruel|Leech Seed|p2a: Scizor
|-start|p2a: Scizor|move: Leech Seed
|
|-damage|p2a: Scizor|88/100|[from] Leech Seed|[of] p1a: Toedscruel
|upkeep
|turn|4
|
|t:|1758349034
|move|p1a: Toedscruel|Protect|p1a: Toedscruel
|-singleturn|p1a: Toedscruel|Protect
|move|p2a: Scizor|U-turn|p1a: Toedscruel
|-activate|p1a: Toedscruel|move: Protect
|
|-damage|p2a: Scizor|76/100|[from] Leech Seed|[of] p1a: Toedscruel
|upkeep
|turn|5
|
|t:|1758349046
|switch|p1a: Tornadus|Tornadus-Therian, M|100/100
|-damage|p1a: Tornadus|76/100|[from] Stealth Rock
|move|p2a: Scizor|U-turn|p1a: Tornadus
|-resisted|p1a: Tornadus
|-damage|p1a: Tornadus|52/100
|
|t:|1758349058
|switch|p2a: Weezing|Weezing-Galar, M|100/100|[from] U-turn
|-ability|p2a: Weezing|Neutralizing Gas
|
|upkeep
|turn|6
|
|t:|1758349072
|move|p1a: Tornadus|U-turn|p2a: Weezing
|-resisted|p2a: Weezing
|-damage|p2a: Weezing|98/100
|inactive|GLOCKED has 120 seconds left.
|
|t:|1758349098
|switch|p1a: Hoopa|Hoopa-Unbound|100/100|[from] U-turn
|-damage|p1a: Hoopa|88/100|[from] Stealth Rock
|move|p2a: Weezing|Sludge Bomb|p1a: Hoopa
|-damage|p1a: Hoopa|63/100
|
|upkeep
|turn|7
|l|☆Chopola
|inactive|Chopola disconnected and has a minute to reconnect!
|player|p2|
|j|☆Chopola
|inactive|Chopola reconnected and has 135 seconds left.
|player|p2|Chopola|bea|
|
|t:|1758349125
|-end|p2a: Weezing|ability: Neutralizing Gas
|switch|p2a: Ting-Lu|Ting-Lu|92/100
|-ability|p2a: Ting-Lu|Vessel of Ruin
|move|p1a: Hoopa|Focus Blast|p2a: Ting-Lu
|-supereffective|p2a: Ting-Lu
|-damage|p2a: Ting-Lu|42/100
|
|-heal|p2a: Ting-Lu|48/100|[from] item: Leftovers
|upkeep
|turn|8
|
|t:|1758349135
|switch|p2a: Gholdengo|Gholdengo|100/100
|move|p1a: Hoopa|Focus Blast|p2a: Gholdengo
|-immune|p2a: Gholdengo
|
|-fieldend|move: Psychic Terrain
|upkeep
|turn|9
|
|t:|1758349147
|switch|p1a: Alomomola|Alomomola, M|100/100
|-damage|p1a: Alomomola|88/100|[from] Stealth Rock
|move|p2a: Gholdengo|Nasty Plot|p2a: Gholdengo
|-boost|p2a: Gholdengo|spa|2
|
|upkeep
|turn|10
|inactive|GLOCKED has 120 seconds left.
|
|t:|1758349175
|move|p2a: Gholdengo|Thunderbolt|p1a: Alomomola
|-supereffective|p1a: Alomomola
|-damage|p1a: Alomomola|26/100
|-status|p1a: Alomomola|par
|move|p1a: Alomomola|Mirror Coat|p2a: Gholdengo
|-damage|p2a: Gholdengo|0 fnt
|faint|p2a: Gholdengo
|
|upkeep
|
|t:|1758349185
|switch|p2a: Scizor|Scizor, F|76/100
|turn|11
|
|t:|1758349191
|switch|p1a: Tornadus|Tornadus-Therian, M|52/100
|-damage|p1a: Tornadus|27/100|[from] Stealth Rock
|move|p2a: Scizor|U-turn|p1a: Tornadus
|-resisted|p1a: Tornadus
|-damage|p1a: Tornadus|3/100
|
|t:|1758349216
|switch|p2a: Regidrago|Regidrago|100/100|[from] U-turn
|
|upkeep
|turn|12
|
|t:|1758349235
|move|p2a: Regidrago|Dragon Energy|p1a: Tornadus
|-damage|p1a: Tornadus|0 fnt
|faint|p1a: Tornadus
|
|upkeep
|inactive|GLOCKED has 120 seconds left.
|
|t:|1758349252
|switch|p1a: Toedscruel|Toedscruel, F|100/100
|-damage|p1a: Toedscruel|94/100|[from] Stealth Rock
|turn|13
|inactive|GLOCKED has 120 seconds left.
|
|t:|1758349260
|move|p2a: Regidrago|Dragon Energy|p1a: Toedscruel
|-damage|p1a: Toedscruel|19/100
|move|p1a: Toedscruel|Leech Seed|p2a: Regidrago
|-start|p2a: Regidrago|move: Leech Seed
|
|-heal|p1a: Toedscruel|25/100|[from] item: Leftovers
|-damage|p2a: Regidrago|88/100|[from] Leech Seed|[of] p1a: Toedscruel
|-heal|p1a: Toedscruel|43/100|[silent]
|upkeep
|turn|14
|
|t:|1758349268
|switch|p2a: Scizor|Scizor, F|76/100
|move|p1a: Toedscruel|Protect||[still]
|-fail|p1a: Toedscruel
|
|-heal|p1a: Toedscruel|49/100|[from] item: Leftovers
|upkeep
|turn|15
|
|t:|1758349273
|move|p1a: Toedscruel|Protect|p1a: Toedscruel
|-singleturn|p1a: Toedscruel|Protect
|move|p2a: Scizor|U-turn|p1a: Toedscruel
|-activate|p1a: Toedscruel|move: Protect
|
|-heal|p1a: Toedscruel|55/100|[from] item: Leftovers
|upkeep
|turn|16
|
|t:|1758349281
|-terastallize|p1a: Toedscruel|Water
|move|p2a: Scizor|U-turn|p1a: Toedscruel
|-damage|p1a: Toedscruel|6/100
|
|t:|1758349309
|switch|p2a: Weezing|Weezing-Galar, M|98/100|[from] U-turn
|-ability|p2a: Weezing|Neutralizing Gas
|move|p1a: Toedscruel|Leech Seed|p2a: Weezing
|-start|p2a: Weezing|move: Leech Seed
|
|-heal|p1a: Toedscruel|12/100|[from] item: Leftovers
|-damage|p2a: Weezing|86/100|[from] Leech Seed|[of] p1a: Toedscruel
|-heal|p1a: Toedscruel|24/100|[silent]
|upkeep
|turn|17
|
|t:|1758349325
|-end|p2a: Weezing|ability: Neutralizing Gas
|switch|p2a: Scizor|Scizor, F|76/100
|move|p1a: Toedscruel|Rapid Spin|p2a: Scizor
|-resisted|p2a: Scizor
|-damage|p2a: Scizor|72/100
|-boost|p1a: Toedscruel|spe|1
|-sideend|p1: GLOCKED|Stealth Rock|[from] move: Rapid Spin|[of] p1a: Toedscruel
|
|-heal|p1a: Toedscruel|30/100|[from] item: Leftovers
|upkeep
|turn|18
|
|t:|1758349333
|move|p1a: Toedscruel|Protect|p1a: Toedscruel
|-singleturn|p1a: Toedscruel|Protect
|move|p2a: Scizor|U-turn|p1a: Toedscruel
|-activate|p1a: Toedscruel|move: Protect
|
|-heal|p1a: Toedscruel|36/100|[from] item: Leftovers
|upkeep
|turn|19
|
|t:|1758349359
|switch|p1a: Alomomola|Alomomola, M|59/100 par
|move|p2a: Scizor|U-turn|p1a: Alomomola
|-damage|p1a: Alomomola|9/100 par
|
|t:|1758349363
|switch|p2a: Weezing|Weezing-Galar, M|86/100|[from] U-turn
|-ability|p2a: Weezing|Neutralizing Gas
|
|upkeep
|turn|20
|
|t:|1758349379
|switch|p1a: Indeedee|Indeedee, M|100/100
|move|p2a: Weezing|Sludge Bomb|p1a: Indeedee
|-damage|p1a: Indeedee|64/100
|
|upkeep
|turn|21
|
|t:|1758349387
|-end|p2a: Weezing|ability: Neutralizing Gas
|-fieldstart|move: Psychic Terrain|[from] ability: Psychic Surge|[of] p1a: Indeedee
|switch|p2a: Ting-Lu|Ting-Lu|48/100
|-ability|p2a: Ting-Lu|Vessel of Ruin
|move|p1a: Indeedee|Calm Mind|p1a: Indeedee
|-boost|p1a: Indeedee|spa|1
|-boost|p1a: Indeedee|spd|1
|
|-heal|p2a: Ting-Lu|54/100|[from] item: Leftovers
|upkeep
|turn|22
|
|t:|1758349395
|move|p1a: Indeedee|Dazzling Gleam|p2a: Ting-Lu
|-supereffective|p2a: Ting-Lu
|-damage|p2a: Ting-Lu|24/100
|move|p2a: Ting-Lu|Whirlwind|p1a: Indeedee
|drag|p1a: Alomomola|Alomomola, M|9/100 par
|
|-heal|p2a: Ting-Lu|30/100|[from] item: Leftovers
|upkeep
|turn|23
|
|t:|1758349416
|switch|p1a: Toedscruel|Toedscruel, F, tera:Water|36/100
|move|p2a: Ting-Lu|Earthquake|p1a: Toedscruel
|-damage|p1a: Toedscruel|0 fnt
|faint|p1a: Toedscruel
|
|-heal|p2a: Ting-Lu|36/100|[from] item: Leftovers
|upkeep
|
|t:|1758349425
|switch|p1a: Hoopa|Hoopa-Unbound|63/100
|turn|24
|inactive|Chopola has 120 seconds left.
|
|t:|1758349456
|switch|p2a: Regidrago|Regidrago|88/100
|move|p1a: Hoopa|Focus Blast|p2a: Regidrago
|-damage|p2a: Regidrago|31/100
|
|upkeep
|turn|25
|
|t:|1758349463
|move|p2a: Regidrago|Draco Meteor|p1a: Hoopa
|-damage|p1a: Hoopa|0 fnt
|-unboost|p2a: Regidrago|spa|2
|faint|p1a: Hoopa
|
|upkeep
|
|t:|1758349470
|switch|p1a: Alomomola|Alomomola, M|43/100 par
|turn|26
|
|t:|1758349474
|switch|p2a: Weezing|Weezing-Galar, M|86/100
|-ability|p2a: Weezing|Neutralizing Gas
|move|p1a: Alomomola|Flip Turn|p2a: Weezing
|-damage|p2a: Weezing|76/100
|
|t:|1758349480
|switch|p1a: Indeedee|Indeedee, M|64/100|[from] Flip Turn
|
|upkeep
|turn|27
|
|t:|1758349489
|-end|p2a: Weezing|ability: Neutralizing Gas
|switch|p2a: Regidrago|Regidrago|31/100
|move|p1a: Indeedee|Calm Mind|p1a: Indeedee
|-boost|p1a: Indeedee|spa|1
|-boost|p1a: Indeedee|spd|1
|
|upkeep
|turn|28
|
|t:|1758349498
|move|p2a: Regidrago|Draco Meteor|p1a: Indeedee
|-damage|p1a: Indeedee|0 fnt
|-unboost|p2a: Regidrago|spa|2
|faint|p1a: Indeedee
|
|-fieldend|move: Psychic Terrain
|upkeep
|
|t:|1758349503
|switch|p1a: Pecharunt|Pecharunt|100/100
|turn|29
|-message|GLOCKED forfeited.
|
|win|Chopola
|raw|GLOCKED's rating: 1328 &rarr; <strong>1309</strong><br />(-19 for losing)
|raw|Chopola's rating: 1353 &rarr; <strong>1372</strong><br />(+19 for winning)
|l|☆GLOCKED
|player|p1|
|l|☆Chopola
|player|p2|
