|badge|p2|bronze|gen9ou|100-6
|uhtml|medal-msg|<div class="broadcast-blue">Curious what those medals under the avatar are? PS now has Ladder Seasons! For more information, check out the <a href="https://www.smogon.com/forums/threads/3740067/">thread on Smogon.</a></div>
|j|☆Ctannn
|j|☆eros maniac
|t:|1758364453
|gametype|singles
|player|p1|Ctannn|1|1824
|player|p2|eros maniac|101|1898
|gen|9
|tier|[Gen 9] OU
|rated|
|rule|HP Percentage Mod: HP is shown in percentages
|rule|Endless Battle Clause: Forcing endless battles is banned
|rule|Species Clause: Limit one of each Pokémon
|rule|OHKO Clause: OHKO moves are banned
|rule|Evasion Items Clause: Evasion items are banned
|rule|Evasion Moves Clause: Evasion moves are banned
|rule|Evasion Abilities Clause: Evasion abilities are banned
|rule|Sleep Moves Clause: Sleep-inducing moves are banned
|clearpoke
|poke|p1|Rillaboom, F|
|poke|p1|Garganacl, M|
|poke|p1|Cinderace, M|
|poke|p1|Raging Bolt|
|poke|p1|Slowking-Galar, F|
|poke|p1|Landorus-Therian, M|
|poke|p2|Frosmoth, F|
|poke|p2|Maushold-Four|
|poke|p2|Mamoswine, M|
|poke|p2|Sinistcha|
|poke|p2|Alomomola, F|
|poke|p2|Weezing-Galar, M|
|teampreview
|inactive|Battle timer is ON: inactive players will automatically lose when time's up. (requested by Ctannn)
|inactive|eros maniac also wants the timer to be on.
|
|t:|1758364463
|teamsize|p1|6
|teamsize|p2|6
|start
|switch|p1a: Cinderace|Cinderace, M|100/100
|switch|p2a: Sinistcha|Sinistcha, shiny|100/100
|turn|1
|
|t:|1758364468
|move|p1a: Cinderace|U-turn|p2a: Sinistcha
|-start|p1a: Cinderace|typechange|Bug|[from] ability: Libero
|-damage|p2a: Sinistcha|79/100
|
|t:|1758364473
|switch|p1a: Slowking|Slowking-Galar, F|100/100|[from] U-turn
|move|p2a: Sinistcha|Shadow Ball|p1a: Slowking
|-supereffective|p1a: Slowking
|-damage|p1a: Slowking|49/100
|-unboost|p1a: Slowking|spd|1
|
|upkeep
|turn|2
|
|t:|1758364485
|switch|p1a: Garganacl|Garganacl, M|100/100
|move|p2a: Sinistcha|Shadow Ball|p1a: Garganacl
|-damage|p1a: Garganacl|89/100
|
|-heal|p1a: Garganacl|95/100|[from] item: Leftovers
|upkeep
|turn|3
|
|t:|1758364500
|move|p2a: Sinistcha|Calm Mind|p2a: Sinistcha
|-boost|p2a: Sinistcha|spa|1
|-boost|p2a: Sinistcha|spd|1
|move|p1a: Garganacl|Salt Cure|p2a: Sinistcha
|-damage|p2a: Sinistcha|70/100
|-start|p2a: Sinistcha|Salt Cure
|
|-heal|p1a: Garganacl|100/100|[from] item: Leftovers
|-damage|p2a: Sinistcha|57/100|[from] Salt Cure
|upkeep
|turn|4
|
|t:|1758364509
|switch|p1a: Slowking|Slowking-Galar, F|82/100
|move|p2a: Sinistcha|Strength Sap|p1a: Slowking
|-unboost|p1a: Slowking|atk|1
|-heal|p2a: Sinistcha|96/100
|
|-damage|p2a: Sinistcha|84/100|[from] Salt Cure
|upkeep
|turn|5
|
|t:|1758364526
|switch|p2a: Mamoswine|Mamoswine, M|100/100
|-prepare|p1a: Slowking|Chilly Reception|[premajor]
|move|p1a: Slowking|Chilly Reception|p1a: Slowking
|-weather|Snowscape
|
|t:|1758364530
|switch|p1a: Cinderace|Cinderace, M|100/100|[from] Chilly Reception
|
|-weather|Snowscape|[upkeep]
|upkeep
|turn|6
|
|t:|1758364540
|move|p1a: Cinderace|High Jump Kick|p2a: Mamoswine|[miss]
|-start|p1a: Cinderace|typechange|Fighting|[from] ability: Libero
|-miss|p1a: Cinderace|p2a: Mamoswine
|-damage|p1a: Cinderace|51/100|[from] highjumpkick
|move|p2a: Mamoswine|Icicle Crash|p1a: Cinderace|[miss]
|-miss|p2a: Mamoswine|p1a: Cinderace
|
|-weather|Snowscape|[upkeep]
|upkeep
|turn|7
|
|t:|1758364546
|switch|p2a: Sinistcha|Sinistcha, shiny|84/100
|move|p1a: Cinderace|U-turn|p2a: Sinistcha
|-damage|p2a: Sinistcha|68/100
|
|t:|1758364549
|switch|p1a: Raging Bolt|Raging Bolt|100/100|[from] U-turn
|
|-weather|Snowscape|[upkeep]
|upkeep
|turn|8
|
|t:|1758364553
|switch|p2a: Weezing|Weezing-Galar, M|100/100
|-ability|p2a: Weezing|Neutralizing Gas
|move|p1a: Raging Bolt|Volt Switch|p2a: Weezing
|-damage|p2a: Weezing|16/100
|
|t:|1758364561
|-end|p1a: Raging Bolt|Protosynthesis|[silent]
|switch|p1a: Landorus|Landorus-Therian, M|100/100|[from] Volt Switch
|
|-weather|Snowscape|[upkeep]
|upkeep
|turn|9
|
|t:|1758364571
|-end|p2a: Weezing|ability: Neutralizing Gas
|-ability|p1a: Landorus|Intimidate|boost
|-unboost|p2a: Weezing|atk|1
|switch|p2a: Mamoswine|Mamoswine, M|100/100
|move|p1a: Landorus|Earthquake|p2a: Mamoswine
|-damage|p2a: Mamoswine|70/100
|
|-weather|none
|upkeep
|turn|10
|
|t:|1758364596
|switch|p1a: Slowking|Slowking-Galar, F|100/100
|move|p2a: Mamoswine|Icicle Crash|p1a: Slowking
|-damage|p1a: Slowking|49/100
|
|upkeep
|turn|11
|
|t:|1758364610
|switch|p1a: Cinderace|Cinderace, M|51/100
|move|p2a: Mamoswine|Icicle Crash|p1a: Cinderace
|-resisted|p1a: Cinderace
|-damage|p1a: Cinderace|2/100
|
|upkeep
|turn|12
|
|t:|1758364618
|switch|p2a: Alomomola|Alomomola, F, shiny|100/100
|move|p1a: Cinderace|High Jump Kick|p2a: Alomomola
|-start|p1a: Cinderace|typechange|Fighting|[from] ability: Libero
|-damage|p2a: Alomomola|62/100
|-damage|p1a: Cinderace|0 fnt|[from] item: Rocky Helmet|[of] p2a: Alomomola
|faint|p1a: Cinderace
|
|upkeep
|
|t:|1758364628
|switch|p1a: Slowking|Slowking-Galar, F|83/100
|turn|13
|
|t:|1758364632
|move|p2a: Alomomola|Wish|p2a: Alomomola
|move|p1a: Slowking|Future Sight|p2a: Alomomola
|-start|p1a: Slowking|move: Future Sight
|
|upkeep
|turn|14
|
|t:|1758364637
|switch|p2a: Mamoswine|Mamoswine, M|70/100
|move|p1a: Slowking|Psychic|p2a: Mamoswine
|-damage|p2a: Mamoswine|26/100
|
|-heal|p2a: Mamoswine|93/100|[from] move: Wish|[wisher] Alomomola
|upkeep
|turn|15
|
|t:|1758364642
|switch|p2a: Frosmoth|Frosmoth, F, shiny|100/100
|move|p1a: Slowking|Psychic|p2a: Frosmoth
|-damage|p2a: Frosmoth|87/100
|
|-end|p2a: Frosmoth|move: Future Sight
|-damage|p2a: Frosmoth|71/100
|-heal|p2a: Frosmoth|77/100|[from] item: Leftovers
|upkeep
|turn|16
|
|t:|1758364649
|switch|p2a: Mamoswine|Mamoswine, M|93/100
|move|p1a: Slowking|Future Sight|p2a: Mamoswine
|-start|p1a: Slowking|move: Future Sight
|
|upkeep
|turn|17
|
|t:|1758364656
|move|p2a: Mamoswine|Earthquake|p1a: Slowking
|-supereffective|p1a: Slowking
|-damage|p1a: Slowking|0 fnt
|faint|p1a: Slowking
|
|upkeep
|
|t:|1758364659
|switch|p1a: Rillaboom|Rillaboom, F|100/100
|-fieldstart|move: Grassy Terrain|[from] ability: Grassy Surge|[of] p1a: Rillaboom
|turn|18
|
|t:|1758364661
|switch|p2a: Weezing|Weezing-Galar, M|16/100
|-ability|p2a: Weezing|Neutralizing Gas
|move|p1a: Rillaboom|Swords Dance|p1a: Rillaboom
|-boost|p1a: Rillaboom|atk|2
|
|-end|p2a: Weezing|move: Future Sight
|-supereffective|p2a: Weezing
|-damage|p2a: Weezing|0 fnt
|faint|p2a: Weezing
|-end|p2a: Weezing|ability: Neutralizing Gas
|upkeep
|
|t:|1758364665
|switch|p2a: Sinistcha|Sinistcha, shiny|68/100
|turn|19
|
|t:|1758364669
|-terastallize|p1a: Rillaboom|Grass
|move|p1a: Rillaboom|Wood Hammer|p2a: Sinistcha
|-resisted|p2a: Sinistcha
|-damage|p2a: Sinistcha|0 fnt
|faint|p2a: Sinistcha
|-damage|p1a: Rillaboom|78/100|[from] Recoil
|
|-heal|p1a: Rillaboom|84/100|[from] Grassy Terrain
|upkeep
|
|t:|1758364680
|switch|p2a: Alomomola|Alomomola, F, shiny|95/100
|turn|20
|
|t:|1758364683
|move|p1a: Rillaboom|Wood Hammer|p2a: Alomomola
|-supereffective|p2a: Alomomola
|-damage|p2a: Alomomola|0 fnt
|-damage|p1a: Rillaboom|68/100|[from] item: Rocky Helmet|[of] p2a: Alomomola
|faint|p2a: Alomomola
|-damage|p1a: Rillaboom|19/100|[from] Recoil
|
|-heal|p1a: Rillaboom|25/100|[from] Grassy Terrain
|upkeep
|
|t:|1758364694
|switch|p2a: Mamoswine|Mamoswine, M|93/100
|turn|21
|
|t:|1758364701
|switch|p1a: Garganacl|Garganacl, M|100/100
|-terastallize|p2a: Mamoswine|Ice
|move|p2a: Mamoswine|Ice Shard|p1a: Garganacl
|-damage|p1a: Garganacl|67/100
|
|-heal|p2a: Mamoswine|99/100|[from] Grassy Terrain
|-heal|p1a: Garganacl|73/100|[from] Grassy Terrain
|-heal|p1a: Garganacl|79/100|[from] item: Leftovers
|upkeep
|turn|22
|
|t:|1758364708
|switch|p2a: Maushold|Maushold-Four|100/100
|move|p1a: Garganacl|Salt Cure|p2a: Maushold
|-crit|p2a: Maushold
|-damage|p2a: Maushold|70/100
|-start|p2a: Maushold|Salt Cure
|
|-heal|p2a: Maushold|76/100|[from] Grassy Terrain
|-heal|p1a: Garganacl|85/100|[from] Grassy Terrain
|-heal|p1a: Garganacl|92/100|[from] item: Leftovers
|-damage|p2a: Maushold|63/100|[from] Salt Cure
|-fieldend|move: Grassy Terrain
|upkeep
|turn|23
|
|t:|1758364716
|move|p2a: Maushold|Tidy Up|p2a: Maushold
|-boost|p2a: Maushold|atk|1
|-boost|p2a: Maushold|spe|1
|move|p1a: Garganacl|Salt Cure|p2a: Maushold
|-damage|p2a: Maushold|39/100
|
|-heal|p1a: Garganacl|98/100|[from] item: Leftovers
|-damage|p2a: Maushold|27/100|[from] Salt Cure
|upkeep
|turn|24
|
|t:|1758364718
|move|p1a: Garganacl|Protect|p1a: Garganacl
|-singleturn|p1a: Garganacl|Protect
|move|p2a: Maushold|Population Bomb|p1a: Garganacl
|-activate|p1a: Garganacl|move: Protect
|
|-heal|p1a: Garganacl|100/100|[from] item: Leftovers
|-damage|p2a: Maushold|15/100|[from] Salt Cure
|upkeep
|turn|25
|
|t:|1758364722
|switch|p1a: Landorus|Landorus-Therian, M|100/100
|-ability|p1a: Landorus|Intimidate|boost
|-unboost|p2a: Maushold|atk|1
|move|p2a: Maushold|Population Bomb|p1a: Landorus
|-damage|p1a: Landorus|92/100
|-damage|p2a: Maushold|0 fnt|[from] item: Rocky Helmet|[of] p1a: Landorus
|faint|p2a: Maushold
|-hitcount|p1a: Landorus|1
|
|upkeep
|
|t:|1758364735
|switch|p2a: Mamoswine|Mamoswine, M, tera:Ice|99/100
|turn|26
|
|t:|1758364740
|switch|p1a: Raging Bolt|Raging Bolt|100/100
|move|p2a: Mamoswine|Icicle Crash|p1a: Raging Bolt
|-supereffective|p1a: Raging Bolt
|-damage|p1a: Raging Bolt|0 fnt
|faint|p1a: Raging Bolt
|-end|p1a: Raging Bolt|Protosynthesis|[silent]
|
|upkeep
|
|t:|1758364747
|switch|p1a: Garganacl|Garganacl, M|100/100
|turn|27
|
|t:|1758364752
|move|p2a: Mamoswine|Icicle Crash|p1a: Garganacl|[miss]
|-miss|p2a: Mamoswine|p1a: Garganacl
|move|p1a: Garganacl|Curse|p1a: Garganacl
|-unboost|p1a: Garganacl|spe|1
|-boost|p1a: Garganacl|atk|1
|-boost|p1a: Garganacl|def|1
|
|upkeep
|turn|28
|
|t:|1758364755
|move|p2a: Mamoswine|Icicle Crash|p1a: Garganacl
|-damage|p1a: Garganacl|57/100
|cant|p1a: Garganacl|flinch
|
|-heal|p1a: Garganacl|64/100|[from] item: Leftovers
|upkeep
|turn|29
|
|t:|1758364760
|move|p1a: Garganacl|Protect|p1a: Garganacl
|-singleturn|p1a: Garganacl|Protect
|move|p2a: Mamoswine|Icicle Crash|p1a: Garganacl
|-activate|p1a: Garganacl|move: Protect
|
|-heal|p1a: Garganacl|70/100|[from] item: Leftovers
|upkeep
|turn|30
|
|t:|1758364762
|move|p2a: Mamoswine|Icicle Crash|p1a: Garganacl|[miss]
|-miss|p2a: Mamoswine|p1a: Garganacl
|move|p1a: Garganacl|Recover|p1a: Garganacl
|-heal|p1a: Garganacl|100/100
|
|upkeep
|turn|31
|
|t:|1758364764
|move|p2a: Mamoswine|Icicle Crash|p1a: Garganacl
|-damage|p1a: Garganacl|57/100
|move|p1a: Garganacl|Curse|p1a: Garganacl
|-unboost|p1a: Garganacl|spe|1
|-boost|p1a: Garganacl|atk|1
|-boost|p1a: Garganacl|def|1
|
|-heal|p1a: Garganacl|64/100|[from] item: Leftovers
|upkeep
|turn|32
|
|t:|1758364779
|move|p2a: Mamoswine|Icicle Crash|p1a: Garganacl
|-damage|p1a: Garganacl|31/100
|move|p1a: Garganacl|Recover|p1a: Garganacl
|-heal|p1a: Garganacl|81/100
|
|-heal|p1a: Garganacl|87/100|[from] item: Leftovers
|upkeep
|turn|33
|
|t:|1758364788
|move|p2a: Mamoswine|Icicle Crash|p1a: Garganacl
|-damage|p1a: Garganacl|56/100
|move|p1a: Garganacl|Salt Cure|p2a: Mamoswine
|-supereffective|p2a: Mamoswine
|-damage|p2a: Mamoswine|41/100
|-start|p2a: Mamoswine|Salt Cure
|
|-heal|p1a: Garganacl|62/100|[from] item: Leftovers
|-damage|p2a: Mamoswine|28/100|[from] Salt Cure
|upkeep
|turn|34
|
|t:|1758364796
|move|p1a: Garganacl|Protect|p1a: Garganacl
|-singleturn|p1a: Garganacl|Protect
|move|p2a: Mamoswine|Icicle Crash|p1a: Garganacl
|-activate|p1a: Garganacl|move: Protect
|
|-heal|p1a: Garganacl|68/100|[from] item: Leftovers
|-damage|p2a: Mamoswine|16/100|[from] Salt Cure
|upkeep
|turn|35
|
|t:|1758364799
|move|p2a: Mamoswine|Icicle Crash|p1a: Garganacl
|-damage|p1a: Garganacl|34/100
|move|p1a: Garganacl|Recover|p1a: Garganacl
|-heal|p1a: Garganacl|84/100
|
|-heal|p1a: Garganacl|90/100|[from] item: Leftovers
|-damage|p2a: Mamoswine|3/100|[from] Salt Cure
|upkeep
|turn|36
|
|t:|1758364804
|switch|p2a: Frosmoth|Frosmoth, F, shiny|77/100
|move|p1a: Garganacl|Protect||[still]
|-fail|p1a: Garganacl
|
|-heal|p2a: Frosmoth|83/100|[from] item: Leftovers
|-heal|p1a: Garganacl|96/100|[from] item: Leftovers
|upkeep
|turn|37
|-message|eros maniac forfeited.
|
|win|Ctannn
|raw|Ctannn's rating: 1824 &rarr; <strong>1848</strong><br />(+24 for winning)
|raw|eros maniac's rating: 1898 &rarr; <strong>1874</strong><br />(-24 for losing)
|l|☆eros maniac
|player|p2|
|l|☆Ctannn
|player|p1|
