|j|☆Nikator98
|j|☆1shy9
|t:|1758366152
|gametype|singles
|player|p1|Nikator98|giovanni|1660
|player|p2|1shy9|acetrainerf-gen4|1763
|gen|9
|tier|[Gen 9] OU
|rated|
|rule|HP Percentage Mod: HP is shown in percentages
|rule|Endless Battle Clause: Forcing endless battles is banned
|rule|Species Clause: Limit one of each Pokémon
|rule|OHKO Clause: OHKO moves are banned
|rule|Evasion Items Clause: Evasion items are banned
|rule|Evasion Moves Clause: Evasion moves are banned
|rule|Evasion Abilities Clause: Evasion abilities are banned
|rule|Sleep Moves Clause: Sleep-inducing moves are banned
|clearpoke
|poke|p1|Metagross|
|poke|p1|Great Tusk|
|poke|p1|Haxorus, M|
|poke|p1|Iron Moth|
|poke|p1|Zoroark-Hisui, M|
|poke|p1|Ninetales-Alola, F|
|poke|p2|Iron Moth|
|poke|p2|Gholdengo|
|poke|p2|Great Tusk|
|poke|p2|Kyurem|
|poke|p2|Zamazenta-*|
|poke|p2|Dragonite, M|
|teampreview
|
|t:|1758366163
|teamsize|p1|6
|teamsize|p2|6
|start
|switch|p1a: Arquillian Sentry|Metagross|100/100
|switch|p2a: Gholdengo|Gholdengo|100/100
|-item|p2a: Gholdengo|Air Balloon
|turn|1
|inactive|Battle timer is ON: inactive players will automatically lose when time's up. (requested by Nikator98)
|
|t:|1758366170
|switch|p1a: Arquillian Sentry|Metagross|100/100
|move|p2a: Gholdengo|Shadow Ball|p1a: Arquillian Sentry
|-immune|p1a: Arquillian Sentry
|
|upkeep
|turn|2
|
|t:|1758366189
|switch|p2a: Dragonite|Dragonite, M|100/100
|move|p1a: Arquillian Sentry|Bitter Malice|p2a: Dragonite
|-damage|p2a: Dragonite|72/100
|-unboost|p2a: Dragonite|atk|1
|
|upkeep
|turn|3
|
|t:|1758366197
|move|p1a: Arquillian Sentry|Bitter Malice|p2a: Dragonite
|-damage|p2a: Dragonite|10/100
|-unboost|p2a: Dragonite|atk|1
|move|p2a: Dragonite|Earthquake|p1a: Arquillian Sentry
|-damage|p1a: Arquillian Sentry|60/100
|replace|p1a: Van Helsing|Zoroark-Hisui, M, shiny
|-end|p1a: Van Helsing|Illusion
|
|upkeep
|turn|4
|
|t:|1758366206
|move|p1a: Van Helsing|Bitter Malice|p2a: Dragonite
|-damage|p2a: Dragonite|0 fnt
|faint|p2a: Dragonite
|
|upkeep
|
|t:|1758366210
|switch|p2a: Iron Moth|Iron Moth|100/100
|-enditem|p2a: Iron Moth|Booster Energy
|-activate|p2a: Iron Moth|ability: Quark Drive|[fromitem]
|-start|p2a: Iron Moth|quarkdrivespe
|turn|5
|
|t:|1758366219
|switch|p1a: Arquillian Sentry|Metagross|100/100
|move|p2a: Iron Moth|Fiery Dance|p1a: Arquillian Sentry
|-supereffective|p1a: Arquillian Sentry
|-damage|p1a: Arquillian Sentry|13/100
|
|upkeep
|turn|6
|-enditem|p1a: Arquillian Sentry|Custap Berry|[eat]
|-activate|p1a: Arquillian Sentry|item: Custap Berry|[consumed]
|
|t:|1758366226
|move|p1a: Arquillian Sentry|Psychic Fangs|p2a: Iron Moth
|-supereffective|p2a: Iron Moth
|-damage|p2a: Iron Moth|0 fnt
|faint|p2a: Iron Moth
|-end|p2a: Iron Moth|Quark Drive|[silent]
|
|upkeep
|
|t:|1758366234
|switch|p2a: Gholdengo|Gholdengo|100/100
|-item|p2a: Gholdengo|Air Balloon
|turn|7
|
|t:|1758366239
|move|p2a: Gholdengo|Shadow Ball|p1a: Arquillian Sentry
|-supereffective|p1a: Arquillian Sentry
|-damage|p1a: Arquillian Sentry|0 fnt
|faint|p1a: Arquillian Sentry
|
|upkeep
|
|t:|1758366244
|switch|p1a: Kumaryia|Great Tusk, shiny|60/100
|turn|8
|
|t:|1758366248
|switch|p2a: Great Tusk|Great Tusk|100/100
|move|p1a: Kumaryia|Bitter Malice|p2a: Great Tusk
|-damage|p2a: Great Tusk|7/100
|-unboost|p2a: Great Tusk|atk|1
|
|upkeep
|turn|9
|
|t:|1758366260
|move|p1a: Kumaryia|Bitter Malice|p2a: Great Tusk
|-damage|p2a: Great Tusk|0 fnt
|faint|p2a: Great Tusk
|-end|p2a: Great Tusk|Protosynthesis|[silent]
|
|upkeep
|
|t:|1758366263
|switch|p2a: Zamazenta|Zamazenta|100/100
|-ability|p2a: Zamazenta|Dauntless Shield|boost
|-boost|p2a: Zamazenta|def|1
|turn|10
|
|t:|1758366269
|switch|p1a: Kumaryia|Great Tusk, shiny|100/100
|move|p2a: Zamazenta|Iron Defense|p2a: Zamazenta
|-boost|p2a: Zamazenta|def|2
|
|upkeep
|turn|11
|
|t:|1758366289
|move|p2a: Zamazenta|Iron Defense|p2a: Zamazenta
|-boost|p2a: Zamazenta|def|2
|move|p1a: Kumaryia|Rapid Spin|p2a: Zamazenta
|-damage|p2a: Zamazenta|96/100
|-boost|p1a: Kumaryia|spe|1
|
|-heal|p2a: Zamazenta|100/100|[from] item: Leftovers
|upkeep
|turn|12
|
|t:|1758366301
|move|p1a: Kumaryia|Knock Off|p2a: Zamazenta
|-resisted|p2a: Zamazenta
|-damage|p2a: Zamazenta|96/100
|-enditem|p2a: Zamazenta|Leftovers|[from] move: Knock Off|[of] p1a: Kumaryia
|move|p2a: Zamazenta|Body Press|p1a: Kumaryia
|-damage|p1a: Kumaryia|18/100
|
|upkeep
|turn|13
|
|t:|1758366308
|move|p1a: Kumaryia|Headlong Rush|p2a: Zamazenta
|-damage|p2a: Zamazenta|82/100
|-unboost|p1a: Kumaryia|def|1
|-unboost|p1a: Kumaryia|spd|1
|move|p2a: Zamazenta|Iron Defense|p2a: Zamazenta
|-boost|p2a: Zamazenta|def|1
|
|upkeep
|turn|14
|
|t:|1758366316
|move|p1a: Kumaryia|Headlong Rush|p2a: Zamazenta
|-damage|p2a: Zamazenta|68/100
|-unboost|p1a: Kumaryia|def|1
|-unboost|p1a: Kumaryia|spd|1
|move|p2a: Zamazenta|Body Press|p1a: Kumaryia
|-damage|p1a: Kumaryia|0 fnt
|faint|p1a: Kumaryia
|-end|p1a: Kumaryia|Protosynthesis|[silent]
|
|upkeep
|inactive|Nikator98 has 120 seconds left.
|
|t:|1758366350
|switch|p1a: Lacelle|Haxorus, M|60/100
|turn|15
|
|t:|1758366358
|-terastallize|p1a: Lacelle|Fairy
|move|p2a: Zamazenta|Crunch|p1a: Lacelle
|-resisted|p1a: Lacelle
|-damage|p1a: Lacelle|37/100
|-unboost|p1a: Lacelle|def|1
|replace|p1a: Van Helsing|Zoroark-Hisui, M, shiny
|-end|p1a: Van Helsing|Illusion
|move|p1a: Van Helsing|Tera Blast|p2a: Zamazenta|[anim] Tera Blast Fairy
|-supereffective|p2a: Zamazenta
|-damage|p2a: Zamazenta|0 fnt
|faint|p2a: Zamazenta
|
|upkeep
|
|t:|1758366365
|switch|p2a: Kyurem|Kyurem|100/100
|-ability|p2a: Kyurem|Pressure
|turn|16
|
|t:|1758366373
|switch|p1a: Asfaloth|Ninetales-Alola, F, shiny|100/100
|-weather|Snowscape|[from] ability: Snow Warning|[of] p1a: Asfaloth
|move|p2a: Kyurem|Dragon Dance|p2a: Kyurem
|-boost|p2a: Kyurem|atk|1
|-boost|p2a: Kyurem|spe|1
|
|-weather|Snowscape|[upkeep]
|upkeep
|turn|17
|
|t:|1758366381
|-terastallize|p2a: Kyurem|Fire
|move|p2a: Kyurem|Tera Blast|p1a: Asfaloth|[anim] Tera Blast Fire
|-supereffective|p1a: Asfaloth
|-damage|p1a: Asfaloth|0 fnt
|faint|p1a: Asfaloth
|
|-weather|Snowscape|[upkeep]
|upkeep
|inactive|Nikator98 has 120 seconds left.
|
|t:|1758366424
|switch|p1a: Gothmog|Iron Moth|100/100
|-enditem|p1a: Gothmog|Booster Energy
|-activate|p1a: Gothmog|ability: Quark Drive|[fromitem]
|-start|p1a: Gothmog|quarkdrivespe
|turn|18
|
|t:|1758366438
|move|p1a: Gothmog|Sludge Wave|p2a: Kyurem
|-damage|p2a: Kyurem|51/100
|move|p2a: Kyurem|Icicle Spear|p1a: Gothmog
|-resisted|p1a: Gothmog
|-crit|p1a: Gothmog
|-damage|p1a: Gothmog|80/100
|-resisted|p1a: Gothmog
|-damage|p1a: Gothmog|65/100
|-resisted|p1a: Gothmog
|-damage|p1a: Gothmog|50/100
|-resisted|p1a: Gothmog
|-damage|p1a: Gothmog|35/100
|-resisted|p1a: Gothmog
|-damage|p1a: Gothmog|22/100
|-hitcount|p1a: Gothmog|5
|
|-weather|Snowscape|[upkeep]
|upkeep
|turn|19
|inactive|Nikator98 has 120 seconds left.
|
|t:|1758366451
|move|p1a: Gothmog|Sludge Wave|p2a: Kyurem
|-damage|p2a: Kyurem|0 fnt
|faint|p2a: Kyurem
|
|-weather|Snowscape|[upkeep]
|upkeep
|
|t:|1758366453
|switch|p2a: Gholdengo|Gholdengo|100/100
|-item|p2a: Gholdengo|Air Balloon
|turn|20
|
|t:|1758366458
|move|p1a: Gothmog|Fiery Dance|p2a: Gholdengo
|-supereffective|p2a: Gholdengo
|-damage|p2a: Gholdengo|0 fnt
|-enditem|p2a: Gholdengo|Air Balloon
|faint|p2a: Gholdengo
|
|win|Nikator98
|raw|Nikator98's rating: 1660 &rarr; <strong>1686</strong><br />(+26 for winning)
|raw|1shy9's rating: 1763 &rarr; <strong>1737</strong><br />(-26 for losing)
|l|☆1shy9
|player|p2|
