|j|☆kyoujic
|j|☆takeyouout
|t:|1758255232
|gametype|singles
|player|p1|kyoujic|102|1556
|player|p2|takeyouout|richboy|1477
|gen|9
|tier|[Gen 9] OU
|rated|
|rule|HP Percentage Mod: HP is shown in percentages
|rule|Endless Battle Clause: Forcing endless battles is banned
|rule|Species Clause: Limit one of each Pokémon
|rule|OHKO Clause: OHKO moves are banned
|rule|Evasion Items Clause: Evasion items are banned
|rule|Evasion Moves Clause: Evasion moves are banned
|rule|Evasion Abilities Clause: Evasion abilities are banned
|rule|Sleep Moves Clause: Sleep-inducing moves are banned
|clearpoke
|poke|p1|Glimmora, F|
|poke|p1|Ogerpon-Wellspring, F|
|poke|p1|Hatterene, F|
|poke|p1|Iron Moth|
|poke|p1|Dragonite, F|
|poke|p1|Kingambit, F|
|poke|p2|Tyranitar, F|
|poke|p2|Garganacl, M|
|poke|p2|Deoxys-Speed|
|poke|p2|Alomomola, F|
|poke|p2|Excadrill, M|
|poke|p2|Tornadus-Therian, M|
|teampreview
|inactive|Battle timer is ON: inactive players will automatically lose when time's up. (requested by kyoujic)
|
|t:|1758255250
|teamsize|p1|6
|teamsize|p2|6
|start
|switch|p1a: Glimmora|Glimmora, F|100/100
|switch|p2a: Sri Lanka|Tornadus-Therian, M|100/100
|turn|1
|
|t:|1758255256
|move|p2a: Sri Lanka|Dark Pulse|p1a: Glimmora
|-damage|p1a: Glimmora|57/100
|-damage|p2a: Sri Lanka|90/100|[from] item: Life Orb
|cant|p1a: Glimmora|flinch
|
|upkeep
|turn|2
|
|t:|1758255260
|move|p2a: Sri Lanka|Focus Blast|p1a: Glimmora
|-damage|p1a: Glimmora|0 fnt
|faint|p1a: Glimmora
|-damage|p2a: Sri Lanka|80/100|[from] item: Life Orb
|
|upkeep
|
|t:|1758255272
|switch|p1a: Iron Moth|Iron Moth|100/100
|-enditem|p1a: Iron Moth|Booster Energy
|-activate|p1a: Iron Moth|ability: Quark Drive|[fromitem]
|-start|p1a: Iron Moth|quarkdrivespe
|turn|3
|
|t:|1758255280
|move|p1a: Iron Moth|Dazzling Gleam|p2a: Sri Lanka
|-damage|p2a: Sri Lanka|48/100
|move|p2a: Sri Lanka|Bleakwind Storm|p1a: Iron Moth
|-damage|p1a: Iron Moth|41/100
|-damage|p2a: Sri Lanka|38/100|[from] item: Life Orb
|
|upkeep
|turn|4
|
|t:|1758255285
|switch|p2a: Broomhilda|Tyranitar, F, shiny|100/100
|-weather|Sandstorm|[from] ability: Sand Stream|[of] p2a: Broomhilda
|move|p1a: Iron Moth|Fiery Dance|p2a: Broomhilda
|-resisted|p2a: Broomhilda
|-damage|p2a: Broomhilda|91/100
|
|-weather|Sandstorm|[upkeep]
|-damage|p1a: Iron Moth|35/100|[from] Sandstorm
|upkeep
|turn|5
|
|t:|1758255291
|move|p1a: Iron Moth|Dazzling Gleam|p2a: Broomhilda
|-supereffective|p2a: Broomhilda
|-damage|p2a: Broomhilda|66/100
|move|p2a: Broomhilda|Knock Off|p1a: Iron Moth
|-damage|p1a: Iron Moth|0 fnt
|faint|p1a: Iron Moth
|-end|p1a: Iron Moth|Quark Drive|[silent]
|
|-weather|Sandstorm|[upkeep]
|upkeep
|
|t:|1758255295
|switch|p1a: Ogerpon|Ogerpon-Wellspring, F|100/100
|turn|6
|
|t:|1758255298
|move|p1a: Ogerpon|Ivy Cudgel|p2a: Broomhilda|[anim] Ivy Cudgel Water
|-supereffective|p2a: Broomhilda
|-damage|p2a: Broomhilda|0 fnt
|faint|p2a: Broomhilda
|
|-weather|Sandstorm|[upkeep]
|-damage|p1a: Ogerpon|95/100|[from] Sandstorm
|upkeep
|
|t:|1758255302
|switch|p2a: RockIce|Garganacl, M|100/100
|turn|7
|
|t:|1758255306
|-terastallize|p2a: RockIce|Grass
|move|p1a: Ogerpon|Horn Leech|p2a: RockIce
|-resisted|p2a: RockIce
|-damage|p2a: RockIce|86/100
|-heal|p1a: Ogerpon|100/100|[from] drain|[of] p2a: RockIce
|move|p2a: RockIce|Salt Cure|p1a: Ogerpon
|-damage|p1a: Ogerpon|81/100
|-start|p1a: Ogerpon|Salt Cure
|
|-weather|Sandstorm|[upkeep]
|-damage|p1a: Ogerpon|75/100|[from] Sandstorm
|-damage|p2a: RockIce|80/100|[from] Sandstorm
|-heal|p2a: RockIce|86/100|[from] item: Leftovers
|-damage|p1a: Ogerpon|50/100|[from] Salt Cure
|upkeep
|turn|8
|
|t:|1758255310
|move|p1a: Ogerpon|U-turn|p2a: RockIce
|-supereffective|p2a: RockIce
|-damage|p2a: RockIce|50/100
|
|t:|1758255313
|switch|p1a: The Witch|Hatterene, F|100/100|[from] U-turn
|move|p2a: RockIce|Curse|p2a: RockIce
|-unboost|p2a: RockIce|spe|1
|-boost|p2a: RockIce|atk|1
|-boost|p2a: RockIce|def|1
|
|-weather|none
|-heal|p2a: RockIce|57/100|[from] item: Leftovers
|upkeep
|turn|9
|
|t:|1758255318
|switch|p1a: Dragonite|Dragonite, F|100/100
|move|p2a: RockIce|Protect||[still]
|-fail|p2a: RockIce
|
|-heal|p2a: RockIce|63/100|[from] item: Leftovers
|upkeep
|turn|10
|
|t:|1758255321
|move|p2a: RockIce|Protect|p2a: RockIce
|-singleturn|p2a: RockIce|Protect
|move|p1a: Dragonite|Encore|p2a: RockIce
|-activate|p2a: RockIce|move: Protect
|
|-heal|p2a: RockIce|69/100|[from] item: Leftovers
|upkeep
|turn|11
|
|t:|1758255324
|switch|p2a: Sri Lanka|Tornadus-Therian, M|71/100
|move|p1a: Dragonite|Encore||[still]
|-fail|p1a: Dragonite
|
|upkeep
|turn|12
|
|t:|1758255331
|switch|p1a: Kingambit|Kingambit, F|100/100
|-activate|p1a: Kingambit|ability: Supreme Overlord
|-start|p1a: Kingambit|fallen2|[silent]
|move|p2a: Sri Lanka|Dark Pulse|p1a: Kingambit
|-resisted|p1a: Kingambit
|-damage|p1a: Kingambit|82/100
|-damage|p2a: Sri Lanka|61/100|[from] item: Life Orb
|
|upkeep
|turn|13
|
|t:|1758255341
|move|p2a: Sri Lanka|Nasty Plot|p2a: Sri Lanka
|-boost|p2a: Sri Lanka|spa|2
|move|p1a: Kingambit|Kowtow Cleave|p2a: Sri Lanka
|-damage|p2a: Sri Lanka|0 fnt
|faint|p2a: Sri Lanka
|
|upkeep
|
|t:|1758255347
|switch|p2a: Starscream|Excadrill, M|100/100
|turn|14
|
|t:|1758255353
|move|p2a: Starscream|Earthquake|p1a: Kingambit
|-supereffective|p1a: Kingambit
|-crit|p1a: Kingambit
|-damage|p1a: Kingambit|0 fnt
|faint|p1a: Kingambit
|-end|p1a: Kingambit|fallen2|[silent]
|
|upkeep
|
|t:|1758255356
|switch|p1a: Ogerpon|Ogerpon-Wellspring, F|50/100
|turn|15
|inactive|takeyouout has 120 seconds left.
|
|t:|1758255416
|switch|p2a: RockIce|Garganacl, M, tera:Grass|69/100
|move|p1a: Ogerpon|Ivy Cudgel|p2a: RockIce|[anim] Ivy Cudgel Water
|-resisted|p2a: RockIce
|-damage|p2a: RockIce|49/100
|
|-heal|p2a: RockIce|55/100|[from] item: Leftovers
|upkeep
|turn|16
|
|t:|1758255419
|move|p1a: Ogerpon|U-turn|p2a: RockIce
|-supereffective|p2a: RockIce
|-damage|p2a: RockIce|18/100
|
|t:|1758255422
|switch|p1a: The Witch|Hatterene, F|100/100|[from] U-turn
|move|p2a: RockIce|Recover|p2a: RockIce
|-heal|p2a: RockIce|68/100
|
|-heal|p2a: RockIce|74/100|[from] item: Leftovers
|upkeep
|turn|17
|
|t:|1758255428
|switch|p2a: Starscream|Excadrill, M|100/100
|move|p1a: The Witch|Psychic Noise|p2a: Starscream
|-resisted|p2a: Starscream
|-damage|p2a: Starscream|76/100
|-start|p2a: Starscream|move: Heal Block
|
|upkeep
|turn|18
|inactive|takeyouout has 120 seconds left.
|
|t:|1758255437
|-terastallize|p1a: The Witch|Water
|move|p2a: Starscream|Iron Head|p1a: The Witch
|-resisted|p1a: The Witch
|-damage|p1a: The Witch|75/100
|move|p1a: The Witch|Mystical Fire|p2a: Starscream
|-supereffective|p2a: Starscream
|-damage|p2a: Starscream|13/100
|-unboost|p2a: Starscream|spa|1
|
|-heal|p1a: The Witch|81/100|[from] item: Leftovers
|-end|p2a: Starscream|move: Heal Block
|upkeep
|turn|19
|
|t:|1758255442
|move|p2a: Starscream|Iron Head|p1a: The Witch
|-resisted|p1a: The Witch
|-damage|p1a: The Witch|55/100
|cant|p1a: The Witch|flinch
|
|-heal|p1a: The Witch|61/100|[from] item: Leftovers
|upkeep
|turn|20
|
|t:|1758255445
|move|p2a: Starscream|Iron Head|p1a: The Witch
|-resisted|p1a: The Witch
|-damage|p1a: The Witch|34/100
|move|p1a: The Witch|Mystical Fire|p2a: Starscream
|-supereffective|p2a: Starscream
|-damage|p2a: Starscream|0 fnt
|faint|p2a: Starscream
|
|-heal|p1a: The Witch|39/100|[from] item: Leftovers
|upkeep
|
|t:|1758255449
|switch|p2a: 99|Deoxys-Speed|100/100
|-ability|p2a: 99|Pressure
|turn|21
|
|t:|1758255455
|move|p2a: 99|Focus Blast|p1a: The Witch
|-damage|p1a: The Witch|0 fnt
|faint|p1a: The Witch
|-damage|p2a: 99|91/100|[from] item: Life Orb
|
|upkeep
|
|t:|1758255456
|switch|p1a: Dragonite|Dragonite, F|100/100
|turn|22
|inactive|takeyouout has 120 seconds left.
|
|t:|1758255501
|move|p2a: 99|Dark Pulse|p1a: Dragonite
|-damage|p1a: Dragonite|83/100
|-damage|p2a: 99|81/100|[from] item: Life Orb
|move|p1a: Dragonite|Dragon Dance|p1a: Dragonite
|-boost|p1a: Dragonite|atk|1
|-boost|p1a: Dragonite|spe|1
|
|upkeep
|turn|23
|
|t:|1758255507
|move|p2a: 99|Psycho Boost|p1a: Dragonite
|-damage|p1a: Dragonite|0 fnt
|-unboost|p2a: 99|spa|2
|faint|p1a: Dragonite
|-damage|p2a: 99|71/100|[from] item: Life Orb
|
|upkeep
|
|t:|1758255510
|switch|p1a: Ogerpon|Ogerpon-Wellspring, F|50/100
|turn|24
|
|t:|1758255513
|move|p2a: 99|Psycho Boost|p1a: Ogerpon
|-damage|p1a: Ogerpon|0 fnt
|-unboost|p2a: 99|spa|2
|faint|p1a: Ogerpon
|-damage|p2a: 99|61/100|[from] item: Life Orb
|
|win|takeyouout
|raw|kyoujic's rating: 1556 &rarr; <strong>1533</strong><br />(-23 for losing)
|raw|takeyouout's rating: 1498 &rarr; <strong>1521</strong><br />(+23 for winning)
|l|☆kyoujic
|player|p1|
|l|☆takeyouout
|player|p2|
