|j|☆rain224
|j|☆LX1987
|t:|1758290771
|gametype|singles
|player|p1|rain224|266|1438
|player|p2|LX1987|170|1445
|gen|9
|tier|[Gen 9] OU
|rated|
|rule|HP Percentage Mod: HP is shown in percentages
|rule|Endless Battle Clause: Forcing endless battles is banned
|rule|Species Clause: Limit one of each Pokémon
|rule|OHKO Clause: OHKO moves are banned
|rule|Evasion Items Clause: Evasion items are banned
|rule|Evasion Moves Clause: Evasion moves are banned
|rule|Evasion Abilities Clause: Evasion abilities are banned
|rule|Sleep Moves Clause: Sleep-inducing moves are banned
|clearpoke
|poke|p1|Ursaluna, M|
|poke|p1|Meowscarada, M|
|poke|p1|Slowking-Galar, M|
|poke|p1|Great Tusk|
|poke|p1|Moltres|
|poke|p1|Gholdengo|
|poke|p2|Drifblim, F|
|poke|p2|Rillaboom, M|
|poke|p2|Tauros-Paldea-Blaze, M|
|poke|p2|Slowking, M|
|poke|p2|Muk-Alola, M|
|poke|p2|Zangoose, M|
|teampreview
|inactive|Battle timer is ON: inactive players will automatically lose when time's up. (requested by LX1987)
|inactive|rain224 also wants the timer to be on.
|
|t:|1758290800
|teamsize|p1|6
|teamsize|p2|6
|start
|switch|p1a: Slowking|Slowking-Galar, M|100/100
|switch|p2a: Rillaboom|Rillaboom, M|100/100
|-fieldstart|move: Grassy Terrain|[from] ability: Grassy Surge|[of] p2a: Rillaboom
|turn|1
|
|t:|1758290812
|switch|p1a: Moltres|Moltres|100/100
|move|p2a: Rillaboom|Knock Off|p1a: Moltres
|-damage|p1a: Moltres|63/100
|-enditem|p1a: Moltres|Heavy-Duty Boots|[from] move: Knock Off|[of] p2a: Rillaboom
|
|upkeep
|turn|2
|
|t:|1758290822
|switch|p2a: Slowking|Slowking, M|100/100
|move|p1a: Moltres|U-turn|p2a: Slowking
|-supereffective|p2a: Slowking
|-crit|p2a: Slowking
|-damage|p2a: Slowking|50/100
|
|t:|1758290837
|switch|p1a: Meowscarada|Meowscarada, M|100/100|[from] U-turn
|
|-heal|p2a: Slowking|56/100|[from] Grassy Terrain
|upkeep
|turn|3
|
|t:|1758290846
|switch|p2a: Tauros|Tauros-Paldea-Blaze, M|100/100
|-ability|p2a: Tauros|Intimidate|boost
|-unboost|p1a: Meowscarada|atk|1
|move|p1a: Meowscarada|Knock Off|p2a: Tauros
|-resisted|p2a: Tauros
|-damage|p2a: Tauros|86/100
|-enditem|p2a: Tauros|Heavy-Duty Boots|[from] move: Knock Off|[of] p1a: Meowscarada
|
|-heal|p2a: Tauros|92/100|[from] Grassy Terrain
|upkeep
|turn|4
|
|t:|1758290859
|move|p1a: Meowscarada|U-turn|p2a: Tauros
|-resisted|p2a: Tauros
|-damage|p2a: Tauros|88/100
|
|t:|1758290867
|switch|p1a: Slowking|Slowking-Galar, M|100/100|[from] U-turn
|move|p2a: Tauros|Raging Bull|p1a: Slowking
|-damage|p1a: Slowking|75/100
|
|-heal|p2a: Tauros|94/100|[from] Grassy Terrain
|-heal|p1a: Slowking|81/100|[from] Grassy Terrain
|upkeep
|turn|5
|
|t:|1758290877
|switch|p2a: Zangoose|Zangoose, M|100/100
|move|p1a: Slowking|Future Sight|p2a: Zangoose
|-start|p1a: Slowking|move: Future Sight
|
|-heal|p1a: Slowking|88/100|[from] Grassy Terrain
|-fieldend|move: Grassy Terrain
|-status|p2a: Zangoose|tox|[from] item: Toxic Orb
|upkeep
|turn|6
|
|t:|1758290902
|move|p2a: Zangoose|Facade|p1a: Slowking
|-damage|p1a: Slowking|19/100
|-prepare|p1a: Slowking|Chilly Reception|[premajor]
|move|p1a: Slowking|Chilly Reception|p1a: Slowking
|-weather|Snowscape
|inactive|rain224 has 120 seconds left.
|
|t:|1758290913
|switch|p1a: Gholdengo|Gholdengo|100/100|[from] Chilly Reception
|
|-weather|Snowscape|[upkeep]
|-damage|p2a: Zangoose|94/100 tox|[from] psn
|upkeep
|turn|7
|
|t:|1758290921
|move|p1a: Gholdengo|Make It Rain|p2a: Zangoose
|-damage|p2a: Zangoose|0 fnt
|-unboost|p1a: Gholdengo|spa|1
|faint|p2a: Zangoose
|
|-weather|Snowscape|[upkeep]
|-hint|Future Sight did not hit because the target is fainted.
|upkeep
|
|t:|1758290934
|switch|p2a: Muk|Muk-Alola, M|100/100
|turn|8
|
|t:|1758290943
|switch|p1a: Ursaluna|Ursaluna, M|100/100
|move|p2a: Muk|Knock Off|p1a: Ursaluna
|-damage|p1a: Ursaluna|69/100
|-enditem|p1a: Ursaluna|Leftovers|[from] move: Knock Off|[of] p2a: Muk
|
|-weather|Snowscape|[upkeep]
|upkeep
|turn|9
|
|t:|1758290960
|switch|p2a: Rillaboom|Rillaboom, M|100/100
|-fieldstart|move: Grassy Terrain|[from] ability: Grassy Surge|[of] p2a: Rillaboom
|move|p1a: Ursaluna|Earthquake|p2a: Rillaboom
|-resisted|p2a: Rillaboom
|-damage|p2a: Rillaboom|88/100
|
|-weather|Snowscape|[upkeep]
|-heal|p2a: Rillaboom|94/100|[from] Grassy Terrain
|-heal|p1a: Ursaluna|75/100|[from] Grassy Terrain
|upkeep
|turn|10
|
|t:|1758290972
|switch|p1a: Moltres|Moltres|63/100
|move|p2a: Rillaboom|Wood Hammer|p1a: Moltres
|-resisted|p1a: Moltres
|-damage|p1a: Moltres|41/100
|-damage|p2a: Rillaboom|86/100|[from] Recoil
|
|-weather|none
|-heal|p2a: Rillaboom|92/100|[from] Grassy Terrain
|upkeep
|turn|11
|
|t:|1758290984
|switch|p2a: Tauros|Tauros-Paldea-Blaze, M|94/100
|-ability|p2a: Tauros|Intimidate|boost
|-unboost|p1a: Moltres|atk|1
|move|p1a: Moltres|Roost|p1a: Moltres
|-heal|p1a: Moltres|91/100
|-singleturn|p1a: Moltres|move: Roost
|
|-heal|p2a: Tauros|100/100|[from] Grassy Terrain
|-heal|p1a: Moltres|97/100|[from] Grassy Terrain
|upkeep
|turn|12
|
|t:|1758290996
|switch|p1a: Great Tusk|Great Tusk|100/100
|move|p2a: Tauros|Rock Slide|p1a: Great Tusk
|-resisted|p1a: Great Tusk
|-damage|p1a: Great Tusk|97/100
|
|-heal|p1a: Great Tusk|100/100|[from] Grassy Terrain
|upkeep
|turn|13
|
|t:|1758291006
|move|p2a: Tauros|Will-O-Wisp|p1a: Great Tusk
|-status|p1a: Great Tusk|brn
|move|p1a: Great Tusk|Stealth Rock|p2a: Tauros
|-sidestart|p2: LX1987|move: Stealth Rock
|
|-damage|p1a: Great Tusk|94/100 brn|[from] brn
|-fieldend|move: Grassy Terrain
|upkeep
|turn|14
|
|t:|1758291017
|switch|p2a: Rillaboom|Rillaboom, M|92/100
|-damage|p2a: Rillaboom|80/100|[from] Stealth Rock
|-fieldstart|move: Grassy Terrain|[from] ability: Grassy Surge|[of] p2a: Rillaboom
|move|p1a: Great Tusk|Headlong Rush|p2a: Rillaboom
|-resisted|p2a: Rillaboom
|-damage|p2a: Rillaboom|62/100
|-unboost|p1a: Great Tusk|def|1
|-unboost|p1a: Great Tusk|spd|1
|
|-heal|p1a: Great Tusk|100/100 brn|[from] Grassy Terrain
|-heal|p2a: Rillaboom|69/100|[from] Grassy Terrain
|-damage|p1a: Great Tusk|94/100 brn|[from] brn
|upkeep
|turn|15
|
|t:|1758291033
|-end|p1a: Great Tusk|Protosynthesis|[silent]
|switch|p1a: Moltres|Moltres|97/100
|switch|p2a: Slowking|Slowking, M|90/100
|-damage|p2a: Slowking|77/100|[from] Stealth Rock
|
|-heal|p2a: Slowking|83/100|[from] Grassy Terrain
|upkeep
|turn|16
|
|t:|1758291042
|move|p1a: Moltres|U-turn|p2a: Slowking
|-supereffective|p2a: Slowking
|-damage|p2a: Slowking|51/100
|
|t:|1758291047
|switch|p1a: Gholdengo|Gholdengo|100/100|[from] U-turn
|move|p2a: Slowking|Scald|p1a: Gholdengo
|-damage|p1a: Gholdengo|63/100
|
|-heal|p1a: Gholdengo|69/100|[from] Grassy Terrain
|-heal|p2a: Slowking|57/100|[from] Grassy Terrain
|upkeep
|turn|17
|
|t:|1758291059
|move|p1a: Gholdengo|Shadow Ball|p2a: Slowking
|-supereffective|p2a: Slowking
|-damage|p2a: Slowking|15/100
|move|p2a: Slowking|Flamethrower|p1a: Gholdengo
|-supereffective|p1a: Gholdengo
|-damage|p1a: Gholdengo|7/100
|
|-heal|p1a: Gholdengo|13/100|[from] Grassy Terrain
|-heal|p2a: Slowking|21/100|[from] Grassy Terrain
|upkeep
|turn|18
|
|t:|1758291090
|switch|p1a: Ursaluna|Ursaluna, M|75/100
|switch|p2a: Muk|Muk-Alola, M|100/100
|-damage|p2a: Muk|88/100|[from] Stealth Rock
|
|-heal|p1a: Ursaluna|81/100|[from] Grassy Terrain
|-heal|p2a: Muk|94/100|[from] Grassy Terrain
|-heal|p2a: Muk|100/100|[from] item: Black Sludge
|-fieldend|move: Grassy Terrain
|upkeep
|turn|19
|inactive|rain224 has 120 seconds left.
|
|t:|1758291105
|switch|p2a: Rillaboom|Rillaboom, M|69/100
|-damage|p2a: Rillaboom|56/100|[from] Stealth Rock
|-fieldstart|move: Grassy Terrain|[from] ability: Grassy Surge|[of] p2a: Rillaboom
|move|p1a: Ursaluna|Ice Punch|p2a: Rillaboom
|-supereffective|p2a: Rillaboom
|-damage|p2a: Rillaboom|3/100
|
|-heal|p2a: Rillaboom|9/100|[from] Grassy Terrain
|-heal|p1a: Ursaluna|88/100|[from] Grassy Terrain
|upkeep
|turn|20
|inactive|rain224 has 120 seconds left.
|
|t:|1758291120
|move|p2a: Rillaboom|U-turn|p1a: Ursaluna
|-damage|p1a: Ursaluna|58/100
|
|t:|1758291123
|switch|p2a: Drifblim|Drifblim, F|100/100|[from] U-turn
|-damage|p2a: Drifblim|76/100|[from] Stealth Rock
|-enditem|p2a: Drifblim|Grassy Seed
|-boost|p2a: Drifblim|def|1|[from] item: Grassy Seed
|move|p1a: Ursaluna|Ice Punch|p2a: Drifblim
|-supereffective|p2a: Drifblim
|-damage|p2a: Drifblim|47/100
|
|-heal|p1a: Ursaluna|64/100|[from] Grassy Terrain
|upkeep
|turn|21
|inactive|rain224 has 120 seconds left.
|
|t:|1758291140
|move|p2a: Drifblim|Calm Mind|p2a: Drifblim
|-boost|p2a: Drifblim|spa|1
|-boost|p2a: Drifblim|spd|1
|move|p1a: Ursaluna|Ice Punch|p2a: Drifblim
|-supereffective|p2a: Drifblim
|-damage|p2a: Drifblim|18/100
|
|-heal|p1a: Ursaluna|70/100|[from] Grassy Terrain
|upkeep
|turn|22
|
|t:|1758291149
|move|p2a: Drifblim|Strength Sap|p1a: Ursaluna
|-unboost|p1a: Ursaluna|atk|1
|-heal|p2a: Drifblim|90/100
|move|p1a: Ursaluna|Ice Punch|p2a: Drifblim
|-supereffective|p2a: Drifblim
|-damage|p2a: Drifblim|71/100
|
|-heal|p1a: Ursaluna|76/100|[from] Grassy Terrain
|upkeep
|turn|23
|
|t:|1758291161
|switch|p1a: Moltres|Moltres|97/100
|move|p2a: Drifblim|Strength Sap|p1a: Moltres
|-unboost|p1a: Moltres|atk|1
|-heal|p2a: Drifblim|100/100
|
|-fieldend|move: Grassy Terrain
|upkeep
|turn|24
|
|t:|1758291170
|move|p2a: Drifblim|Shadow Ball|p1a: Moltres
|-damage|p1a: Moltres|56/100
|move|p1a: Moltres|Roar|p2a: Drifblim
|drag|p2a: Rillaboom|Rillaboom, M|9/100
|-damage|p2a: Rillaboom|0 fnt|[from] Stealth Rock
|faint|p2a: Rillaboom
|
|upkeep
|-message|LX1987 forfeited.
|
|win|rain224
|raw|rain224's rating: 1438 &rarr; <strong>1458</strong><br />(+20 for winning)
|raw|LX1987's rating: 1445 &rarr; <strong>1425</strong><br />(-20 for losing)
|l|☆LX1987
|player|p2|
|l|☆rain224
|player|p1|
