|j|☆ivangali7
|j|☆lorped
|t:|1758287553
|gametype|singles
|player|p1|ivangali7|169|1094
|player|p2|lorped|170|1000
|gen|9
|tier|[Gen 9] OU
|rated|
|rule|HP Percentage Mod: HP is shown in percentages
|rule|Endless Battle Clause: Forcing endless battles is banned
|rule|Species Clause: Limit one of each Pokémon
|rule|OHKO Clause: OHKO moves are banned
|rule|Evasion Items Clause: Evasion items are banned
|rule|Evasion Moves Clause: Evasion moves are banned
|rule|Evasion Abilities Clause: Evasion abilities are banned
|rule|Sleep Moves Clause: Sleep-inducing moves are banned
|clearpoke
|poke|p1|Ceruledge, F|
|poke|p1|Corviknight, F|
|poke|p1|Dragapult, M|
|poke|p1|Gliscor, M|
|poke|p1|Meowscarada, M|
|poke|p1|Gholdengo|
|poke|p2|Leavanny, F|
|poke|p2|Ceruledge, F|
|poke|p2|Iron Hands|
|poke|p2|Sinistcha|
|poke|p2|Altaria, M|
|poke|p2|Mamoswine, M|
|teampreview
|
|t:|1758287583
|teamsize|p1|6
|teamsize|p2|6
|start
|switch|p1a: Meowscarada|Meowscarada, M, shiny|100/100
|switch|p2a: Ceruledge|Ceruledge, F|100/100
|-item|p2a: Ceruledge|Air Balloon
|turn|1
|
|t:|1758287613
|move|p1a: Meowscarada|Knock Off|p2a: Ceruledge
|-start|p1a: Meowscarada|typechange|Dark|[from] ability: Protean
|-supereffective|p2a: Ceruledge
|-damage|p2a: Ceruledge|0 fnt
|-enditem|p2a: Ceruledge|Air Balloon
|faint|p2a: Ceruledge
|
|upkeep
|
|t:|1758287628
|switch|p2a: Altaria|Altaria, M|100/100
|-ability|p2a: Altaria|Cloud Nine
|turn|2
|
|t:|1758287635
|move|p1a: Meowscarada|Triple Axel|p2a: Altaria
|-supereffective|p2a: Altaria
|-damage|p2a: Altaria|70/100
|-enditem|p2a: Altaria|Weakness Policy
|-boost|p2a: Altaria|atk|2|[from] item: Weakness Policy
|-boost|p2a: Altaria|spa|2|[from] item: Weakness Policy
|-supereffective|p2a: Altaria
|-damage|p2a: Altaria|3/100
|-supereffective|p2a: Altaria
|-crit|p2a: Altaria
|-damage|p2a: Altaria|0 fnt
|faint|p2a: Altaria
|-hitcount|p2: Altaria|3
|
|upkeep
|
|t:|1758287647
|switch|p2a: Mamoswine|Mamoswine, M|100/100
|turn|3
|
|t:|1758287653
|move|p1a: Meowscarada|Knock Off|p2a: Mamoswine
|-damage|p2a: Mamoswine|50/100
|-enditem|p2a: Mamoswine|Assault Vest|[from] move: Knock Off|[of] p1a: Meowscarada
|move|p2a: Mamoswine|Trailblaze|p1a: Meowscarada
|-damage|p1a: Meowscarada|79/100
|-boost|p2a: Mamoswine|spe|1
|
|upkeep
|turn|4
|
|t:|1758287664
|move|p2a: Mamoswine|Iron Head|p1a: Meowscarada
|-damage|p1a: Meowscarada|45/100
|cant|p1a: Meowscarada|flinch
|
|upkeep
|turn|5
|
|t:|1758287670
|-terastallize|p2a: Mamoswine|Steel
|move|p2a: Mamoswine|Iron Head|p1a: Meowscarada
|-damage|p1a: Meowscarada|0 fnt
|faint|p1a: Meowscarada
|
|upkeep
|
|t:|1758287675
|switch|p1a: Ceruledge|Ceruledge, F, shiny|100/100
|turn|6
|
|t:|1758287681
|move|p2a: Mamoswine|Earthquake|p1a: Ceruledge
|-supereffective|p1a: Ceruledge
|-damage|p1a: Ceruledge|4/100
|move|p1a: Ceruledge|Bitter Blade|p2a: Mamoswine
|-supereffective|p2a: Mamoswine
|-damage|p2a: Mamoswine|3/100
|-heal|p1a: Ceruledge|28/100|[from] drain|[of] p2a: Mamoswine
|
|upkeep
|turn|7
|
|t:|1758287691
|move|p2a: Mamoswine|Trailblaze|p1a: Ceruledge
|-resisted|p1a: Ceruledge
|-damage|p1a: Ceruledge|19/100
|-boost|p2a: Mamoswine|spe|1
|move|p1a: Ceruledge|Bitter Blade|p2a: Mamoswine
|-supereffective|p2a: Mamoswine
|-damage|p2a: Mamoswine|0 fnt
|-heal|p1a: Ceruledge|21/100|[from] drain|[of] p2a: Mamoswine
|faint|p2a: Mamoswine
|
|upkeep
|
|t:|1758287711
|switch|p2a: Iron Hands|Iron Hands|100/100
|-enditem|p2a: Iron Hands|Booster Energy
|-activate|p2a: Iron Hands|ability: Quark Drive|[fromitem]
|-start|p2a: Iron Hands|quarkdriveatk
|turn|8
|
|t:|1758287720
|switch|p1a: Gliscor|Gliscor, M, shiny|100/100
|move|p2a: Iron Hands|Supercell Slam|p1a: Gliscor
|-immune|p1a: Gliscor
|-damage|p2a: Iron Hands|51/100|[from] supercellslam
|
|-status|p1a: Gliscor|tox|[from] item: Toxic Orb
|upkeep
|turn|9
|
|t:|1758287732
|move|p1a: Gliscor|Stealth Rock|p2a: Iron Hands
|-sidestart|p2: lorped|move: Stealth Rock
|move|p2a: Iron Hands|Ice Punch|p1a: Gliscor
|-supereffective|p1a: Gliscor
|-damage|p1a: Gliscor|0 fnt
|faint|p1a: Gliscor
|
|upkeep
|
|t:|1758287739
|switch|p1a: Gholdengo|Gholdengo|100/100
|-item|p1a: Gholdengo|Air Balloon
|turn|10
|
|t:|1758287747
|move|p1a: Gholdengo|Make It Rain|p2a: Iron Hands
|-resisted|p2a: Iron Hands
|-damage|p2a: Iron Hands|26/100
|-unboost|p1a: Gholdengo|spa|1
|move|p2a: Iron Hands|Supercell Slam|p1a: Gholdengo
|-damage|p1a: Gholdengo|31/100
|-enditem|p1a: Gholdengo|Air Balloon
|
|upkeep
|turn|11
|
|t:|1758287759
|switch|p1a: Dragapult|Dragapult, M, shiny|100/100
|move|p2a: Iron Hands|Supercell Slam|p1a: Dragapult|[miss]
|-miss|p2a: Iron Hands|p1a: Dragapult
|-damage|p2a: Iron Hands|0 fnt|[from] supercellslam
|faint|p2a: Iron Hands
|-end|p2a: Iron Hands|Quark Drive|[silent]
|
|upkeep
|
|t:|1758287774
|switch|p2a: Leavanny|Leavanny, F|100/100
|-damage|p2a: Leavanny|76/100|[from] Stealth Rock
|turn|12
|
|t:|1758287780
|move|p2a: Leavanny|Switcheroo|p1a: Dragapult
|-activate|p2a: Leavanny|move: Trick|[of] p1a: Dragapult
|-item|p1a: Dragapult|Choice Scarf|[from] move: Switcheroo
|-item|p2a: Leavanny|Choice Specs|[from] move: Switcheroo
|move|p1a: Dragapult|Flamethrower|p2a: Leavanny
|-supereffective|p2a: Leavanny
|-damage|p2a: Leavanny|0 fnt
|faint|p2a: Leavanny
|
|upkeep
|
|t:|1758287788
|switch|p2a: Sinistcha|Sinistcha|100/100
|-damage|p2a: Sinistcha|88/100|[from] Stealth Rock
|turn|13
|
|t:|1758287794
|move|p1a: Dragapult|Flamethrower|p2a: Sinistcha
|-supereffective|p2a: Sinistcha
|-damage|p2a: Sinistcha|55/100
|move|p2a: Sinistcha|Calm Mind|p2a: Sinistcha
|-boost|p2a: Sinistcha|spa|1
|-boost|p2a: Sinistcha|spd|1
|
|upkeep
|turn|14
|
|t:|1758287805
|move|p1a: Dragapult|Flamethrower|p2a: Sinistcha
|-supereffective|p2a: Sinistcha
|-damage|p2a: Sinistcha|30/100
|-enditem|p2a: Sinistcha|Sitrus Berry|[eat]
|-heal|p2a: Sinistcha|55/100|[from] item: Sitrus Berry
|move|p2a: Sinistcha|Matcha Gotcha|p1a: Dragapult
|-resisted|p1a: Dragapult
|-damage|p1a: Dragapult|62/100
|-heal|p2a: Sinistcha|76/100|[from] drain|[of] p1a: Dragapult
|
|upkeep
|turn|15
|
|t:|1758287824
|move|p1a: Dragapult|Flamethrower|p2a: Sinistcha
|-supereffective|p2a: Sinistcha
|-damage|p2a: Sinistcha|53/100
|-status|p2a: Sinistcha|brn
|move|p2a: Sinistcha|Shadow Ball|p1a: Dragapult
|-supereffective|p1a: Dragapult
|-damage|p1a: Dragapult|0 fnt
|faint|p1a: Dragapult
|
|-damage|p2a: Sinistcha|50/100 brn|[from] brn
|upkeep
|
|t:|1758287832
|switch|p1a: Gholdengo|Gholdengo|31/100
|turn|16
|
|t:|1758287845
|move|p1a: Gholdengo|Make It Rain|p2a: Sinistcha
|-damage|p2a: Sinistcha|7/100 brn
|-unboost|p1a: Gholdengo|spa|1
|move|p2a: Sinistcha|Shadow Ball|p1a: Gholdengo
|-supereffective|p1a: Gholdengo
|-damage|p1a: Gholdengo|0 fnt
|faint|p1a: Gholdengo
|
|-damage|p2a: Sinistcha|5/100 brn|[from] brn
|upkeep
|
|t:|1758287852
|switch|p1a: Corviknight|Corviknight, F, shiny|100/100
|turn|17
|
|t:|1758287858
|move|p2a: Sinistcha|Strength Sap|p1a: Corviknight
|-ability|p1a: Corviknight|Mirror Armor
|-unboost|p2a: Sinistcha|atk|1
|-heal|p2a: Sinistcha|72/100 brn
|move|p1a: Corviknight|Iron Defense|p1a: Corviknight
|-boost|p1a: Corviknight|def|2
|
|-damage|p2a: Sinistcha|69/100 brn|[from] brn
|upkeep
|turn|18
|
|t:|1758287868
|switch|p1a: Ceruledge|Ceruledge, F, shiny|21/100
|move|p2a: Sinistcha|Shadow Ball|p1a: Ceruledge
|-supereffective|p1a: Ceruledge
|-damage|p1a: Ceruledge|0 fnt
|faint|p1a: Ceruledge
|
|-damage|p2a: Sinistcha|66/100 brn|[from] brn
|upkeep
|
|t:|1758287872
|switch|p1a: Corviknight|Corviknight, F, shiny|100/100
|turn|19
|l|☆ivangali7
|player|p1|
|inactive|Battle timer is ON: inactive players will automatically lose when time's up. (requested by lorped)
|inactive|ivangali7 has 30 seconds to reconnect!
|inactive|ivangali7 has 20 seconds to reconnect!
|inactive|ivangali7 has 15 seconds to reconnect!
|inactive|ivangali7 has 10 seconds to reconnect!
|inactive|ivangali7 has 5 seconds to reconnect!
|-message|ivangali7 lost due to inactivity.
|
|win|lorped
|raw|ivangali7's rating: 1094 &rarr; <strong>1064</strong><br />(-30 for losing)
|raw|lorped's rating: 1000 &rarr; <strong>1051</strong><br />(+51 for winning)
