|j|☆LosCocaineHermanos
|j|☆o monstro01
|t:|1758297709
|gametype|singles
|player|p1|LosCocaineHermanos|1|1592
|player|p2|o monstro01|clay|1580
|gen|9
|tier|[Gen 9] OU
|rated|
|rule|HP Percentage Mod: HP is shown in percentages
|rule|Endless Battle Clause: Forcing endless battles is banned
|rule|Species Clause: Limit one of each Pokémon
|rule|OHKO Clause: OHKO moves are banned
|rule|Evasion Items Clause: Evasion items are banned
|rule|Evasion Moves Clause: Evasion moves are banned
|rule|Evasion Abilities Clause: Evasion abilities are banned
|rule|Sleep Moves Clause: Sleep-inducing moves are banned
|clearpoke
|poke|p1|Okidogi, M|
|poke|p1|Enamorus, F|
|poke|p1|Garchomp, F|
|poke|p1|Iron Treads|
|poke|p1|Darkrai|
|poke|p1|Weavile, M|
|poke|p2|Dragonite, F|
|poke|p2|Great Tusk|
|poke|p2|Iron Moth|
|poke|p2|Ogerpon-Wellspring, F|
|poke|p2|Iron Valiant|
|poke|p2|Scizor, M|
|teampreview
|
|t:|1758297732
|teamsize|p1|6
|teamsize|p2|6
|start
|switch|p1a: Weavile|Weavile, M|100/100
|switch|p2a: Ogerpon|Ogerpon-Wellspring, F|100/100
|-ability|p1a: Weavile|Pressure
|turn|1
|
|t:|1758297743
|-terastallize|p1a: Weavile|Ice
|move|p1a: Weavile|Triple Axel|p2a: Ogerpon
|-damage|p2a: Ogerpon|74/100
|-damage|p2a: Ogerpon|21/100
|-damage|p2a: Ogerpon|0 fnt
|faint|p2a: Ogerpon
|-hitcount|p2: Ogerpon|3
|
|upkeep
|
|t:|1758297755
|switch|p2a: Scizor|Scizor, M|100/100
|turn|2
|
|t:|1758297759
|switch|p1a: Garchomp|Garchomp, F|100/100
|move|p2a: Scizor|Swords Dance|p2a: Scizor
|-boost|p2a: Scizor|atk|2
|
|upkeep
|turn|3
|
|t:|1758297770
|move|p2a: Scizor|Bullet Punch|p1a: Garchomp
|-damage|p1a: Garchomp|55/100
|-damage|p2a: Scizor|88/100|[from] ability: Rough Skin|[of] p1a: Garchomp
|-damage|p2a: Scizor|72/100|[from] item: Rocky Helmet|[of] p1a: Garchomp
|move|p1a: Garchomp|Dragon Tail|p2a: Scizor
|-resisted|p2a: Scizor
|-damage|p2a: Scizor|58/100
|drag|p2a: Dragonite|Dragonite, F|100/100
|
|upkeep
|turn|4
|
|t:|1758297784
|move|p2a: Dragonite|Ice Spinner|p1a: Garchomp
|-supereffective|p1a: Garchomp
|-damage|p1a: Garchomp|0 fnt
|-damage|p2a: Dragonite|88/100|[from] ability: Rough Skin|[of] p1a: Garchomp
|-damage|p2a: Dragonite|72/100|[from] item: Rocky Helmet|[of] p1a: Garchomp
|faint|p1a: Garchomp
|
|upkeep
|
|t:|1758297790
|switch|p1a: Weavile|Weavile, M, tera:Ice|100/100
|-ability|p1a: Weavile|Pressure
|turn|5
|
|t:|1758297805
|move|p2a: Dragonite|Extreme Speed|p1a: Weavile
|-damage|p1a: Weavile|49/100
|move|p1a: Weavile|Triple Axel|p2a: Dragonite
|-supereffective|p2a: Dragonite
|-damage|p2a: Dragonite|0 fnt
|faint|p2a: Dragonite
|-hitcount|p2: Dragonite|1
|
|upkeep
|
|t:|1758297815
|switch|p2a: Scizor|Scizor, M|58/100
|turn|6
|
|t:|1758297819
|switch|p1a: Darkrai|Darkrai|100/100
|move|p2a: Scizor|Swords Dance|p2a: Scizor
|-boost|p2a: Scizor|atk|2
|
|-heal|p2a: Scizor|64/100|[from] item: Leftovers
|upkeep
|turn|7
|
|t:|1758297828
|move|p2a: Scizor|Bullet Punch|p1a: Darkrai
|-crit|p1a: Darkrai
|-damage|p1a: Darkrai|0 fnt
|faint|p1a: Darkrai
|
|-heal|p2a: Scizor|70/100|[from] item: Leftovers
|upkeep
|
|t:|1758297853
|switch|p1a: HoJu|Okidogi, M|100/100
|turn|8
|
|t:|1758297859
|move|p1a: HoJu|Drain Punch|p2a: Scizor
|-damage|p2a: Scizor|25/100
|move|p2a: Scizor|Close Combat|p1a: HoJu
|-resisted|p1a: HoJu
|-damage|p1a: HoJu|62/100
|-unboost|p2a: Scizor|def|1
|-unboost|p2a: Scizor|spd|1
|
|-heal|p2a: Scizor|31/100|[from] item: Leftovers
|upkeep
|turn|9
|
|t:|1758297871
|switch|p1a: Iron Treads|Iron Treads|100/100
|move|p2a: Scizor|Bullet Punch|p1a: Iron Treads
|-resisted|p1a: Iron Treads
|-damage|p1a: Iron Treads|75/100
|
|-heal|p2a: Scizor|37/100|[from] item: Leftovers
|upkeep
|turn|10
|
|t:|1758297880
|switch|p2a: Great Tusk|Great Tusk|100/100
|move|p1a: Iron Treads|Earthquake|p2a: Great Tusk
|-damage|p2a: Great Tusk|82/100
|
|upkeep
|turn|11
|
|t:|1758297899
|-end|p1a: Iron Treads|Quark Drive|[silent]
|switch|p1a: Enamorus|Enamorus, F|100/100
|move|p2a: Great Tusk|Stealth Rock|p1a: Enamorus
|-sidestart|p1: LosCocaineHermanos|move: Stealth Rock
|
|upkeep
|turn|12
|
|t:|1758297905
|-end|p2a: Great Tusk|Protosynthesis|[silent]
|switch|p2a: Iron Moth|Iron Moth|100/100
|-enditem|p2a: Iron Moth|Booster Energy
|-activate|p2a: Iron Moth|ability: Quark Drive|[fromitem]
|-start|p2a: Iron Moth|quarkdrivespe
|move|p1a: Enamorus|Substitute|p1a: Enamorus
|-start|p1a: Enamorus|Substitute
|-damage|p1a: Enamorus|76/100
|
|-heal|p1a: Enamorus|82/100|[from] item: Leftovers
|upkeep
|turn|13
|
|t:|1758297917
|-terastallize|p2a: Iron Moth|Ground
|move|p2a: Iron Moth|Sludge Wave|p1a: Enamorus
|-supereffective|p1a: Enamorus
|-end|p1a: Enamorus|Substitute
|move|p1a: Enamorus|Earth Power|p2a: Iron Moth
|-damage|p2a: Iron Moth|70/100
|-unboost|p2a: Iron Moth|spd|1
|
|-heal|p1a: Enamorus|88/100|[from] item: Leftovers
|upkeep
|turn|14
|
|t:|1758297945
|move|p2a: Iron Moth|Sludge Wave|p1a: Enamorus
|-supereffective|p1a: Enamorus
|-damage|p1a: Enamorus|0 fnt
|faint|p1a: Enamorus
|
|upkeep
|
|t:|1758297949
|switch|p1a: Weavile|Weavile, M, tera:Ice|49/100
|-damage|p1a: Weavile|24/100|[from] Stealth Rock
|-ability|p1a: Weavile|Pressure
|turn|15
|
|t:|1758297958
|move|p1a: Weavile|Ice Shard|p2a: Iron Moth
|-supereffective|p2a: Iron Moth
|-damage|p2a: Iron Moth|0 fnt
|faint|p2a: Iron Moth
|-end|p2a: Iron Moth|Quark Drive|[silent]
|
|upkeep
|
|t:|1758297971
|switch|p2a: Scizor|Scizor, M|37/100
|turn|16
|
|t:|1758297984
|move|p1a: Weavile|Ice Shard|p2a: Scizor
|-resisted|p2a: Scizor
|-damage|p2a: Scizor|15/100
|move|p2a: Scizor|Trailblaze|p1a: Weavile
|-damage|p1a: Weavile|0 fnt
|-boost|p2a: Scizor|spe|1
|faint|p1a: Weavile
|
|-heal|p2a: Scizor|21/100|[from] item: Leftovers
|upkeep
|
|t:|1758297992
|switch|p1a: HoJu|Okidogi, M|62/100
|-damage|p1a: HoJu|55/100|[from] Stealth Rock
|turn|17
|
|t:|1758298000
|move|p2a: Scizor|Bullet Punch|p1a: HoJu
|-damage|p1a: HoJu|28/100
|move|p1a: HoJu|Drain Punch|p2a: Scizor
|-damage|p2a: Scizor|0 fnt
|-heal|p1a: HoJu|35/100|[from] drain|[of] p2a: Scizor
|faint|p2a: Scizor
|
|upkeep
|
|t:|1758298010
|switch|p2a: Great Tusk|Great Tusk|82/100
|turn|18
|
|t:|1758298014
|move|p2a: Great Tusk|Headlong Rush|p1a: HoJu
|-supereffective|p1a: HoJu
|-damage|p1a: HoJu|0 fnt
|-unboost|p2a: Great Tusk|def|1
|-unboost|p2a: Great Tusk|spd|1
|faint|p1a: HoJu
|
|upkeep
|
|t:|1758298016
|switch|p1a: Iron Treads|Iron Treads|75/100
|turn|19
|
|t:|1758298023
|move|p1a: Iron Treads|Ice Spinner|p2a: Great Tusk
|-supereffective|p2a: Great Tusk
|-damage|p2a: Great Tusk|51/100
|-damage|p1a: Iron Treads|59/100|[from] item: Rocky Helmet|[of] p2a: Great Tusk
|move|p2a: Great Tusk|Headlong Rush|p1a: Iron Treads
|-supereffective|p1a: Iron Treads
|-damage|p1a: Iron Treads|0 fnt
|-unboost|p2a: Great Tusk|def|1
|-unboost|p2a: Great Tusk|spd|1
|faint|p1a: Iron Treads
|-end|p1a: Iron Treads|Quark Drive|[silent]
|
|win|o monstro01
|raw|LosCocaineHermanos's rating: 1592 &rarr; <strong>1571</strong><br />(-21 for losing)
|raw|o monstro01's rating: 1580 &rarr; <strong>1601</strong><br />(+21 for winning)
|c|☆LosCocaineHermanos|gg
|l|☆LosCocaineHermanos
|player|p1|
|l|☆o monstro01
|player|p2|
