|j|☆slifer222
|j|☆capitolg
|t:|1758287448
|gametype|singles
|player|p1|slifer222|101|1100
|player|p2|capitolg|bellelba|1140
|gen|9
|tier|[Gen 9] OU
|rated|
|rule|HP Percentage Mod: HP is shown in percentages
|rule|Endless Battle Clause: Forcing endless battles is banned
|rule|Species Clause: Limit one of each Pokémon
|rule|OHKO Clause: OHKO moves are banned
|rule|Evasion Items Clause: Evasion items are banned
|rule|Evasion Moves Clause: Evasion moves are banned
|rule|Evasion Abilities Clause: Evasion abilities are banned
|rule|Sleep Moves Clause: Sleep-inducing moves are banned
|clearpoke
|poke|p1|Venusaur, F|
|poke|p1|Toxapex, F|
|poke|p1|Gardevoir, F|
|poke|p1|Ceruledge, M|
|poke|p1|Rotom-Wash|
|poke|p1|Gliscor, M|
|poke|p2|Masquerain, F|
|poke|p2|Articuno-Galar|
|poke|p2|Smeargle, M|
|poke|p2|Empoleon, F|
|poke|p2|Passimian, M|
|poke|p2|Chandelure, F|
|teampreview
|
|t:|1758287455
|teamsize|p1|6
|teamsize|p2|6
|start
|switch|p1a: Gliscor|Gliscor, M|100/100
|switch|p2a: Masquerain|Masquerain, F|100/100
|-ability|p2a: Masquerain|Intimidate|boost
|-unboost|p1a: Gliscor|atk|1
|turn|1
|
|t:|1758287465
|move|p1a: Gliscor|Substitute|p1a: Gliscor
|-start|p1a: Gliscor|Substitute
|-damage|p1a: Gliscor|76/100
|move|p2a: Masquerain|Sticky Web|p1a: Gliscor
|-sidestart|p1: slifer222|move: Sticky Web
|
|-status|p1a: Gliscor|tox|[from] item: Toxic Orb
|upkeep
|turn|2
|
|t:|1758287473
|move|p1a: Gliscor|Toxic|p2a: Masquerain
|-status|p2a: Masquerain|tox
|move|p2a: Masquerain|Whirlwind|p1a: Gliscor
|drag|p1a: Venusaur|Venusaur, F|100/100
|-activate|p1a: Venusaur|move: Sticky Web
|-unboost|p1a: Venusaur|spe|1
|
|-damage|p2a: Masquerain|94/100 tox|[from] psn
|upkeep
|turn|3
|
|t:|1758287487
|move|p2a: Masquerain|Ice Beam|p1a: Venusaur
|-supereffective|p1a: Venusaur
|-damage|p1a: Venusaur|39/100
|move|p1a: Venusaur|Bullet Seed|p2a: Masquerain
|-resisted|p2a: Masquerain
|-damage|p2a: Masquerain|91/100 tox
|-resisted|p2a: Masquerain
|-damage|p2a: Masquerain|87/100 tox
|-hitcount|p2a: Masquerain|2
|-damage|p1a: Venusaur|29/100|[from] item: Life Orb
|
|-damage|p2a: Masquerain|75/100 tox|[from] psn
|upkeep
|turn|4
|
|t:|1758287500
|move|p2a: Masquerain|Ice Beam|p1a: Venusaur
|-supereffective|p1a: Venusaur
|-damage|p1a: Venusaur|0 fnt
|faint|p1a: Venusaur
|
|-damage|p2a: Masquerain|57/100 tox|[from] psn
|upkeep
|
|t:|1758287513
|switch|p1a: Ceruledge|Ceruledge, M|100/100
|-activate|p1a: Ceruledge|move: Sticky Web
|-unboost|p1a: Ceruledge|spe|1
|turn|5
|
|t:|1758287520
|move|p2a: Masquerain|Bug Buzz|p1a: Ceruledge
|-resisted|p1a: Ceruledge
|-crit|p1a: Ceruledge
|-damage|p1a: Ceruledge|82/100
|move|p1a: Ceruledge|Swords Dance|p1a: Ceruledge
|-boost|p1a: Ceruledge|atk|2
|
|-damage|p2a: Masquerain|32/100 tox|[from] psn
|upkeep
|turn|6
|
|t:|1758287531
|move|p1a: Ceruledge|Bitter Blade|p2a: Masquerain
|-supereffective|p2a: Masquerain
|-damage|p2a: Masquerain|0 fnt
|-heal|p1a: Ceruledge|100/100|[from] drain|[of] p2a: Masquerain
|faint|p2a: Masquerain
|
|upkeep
|
|t:|1758287535
|switch|p2a: Smeargle|Smeargle, M|100/100
|turn|7
|
|t:|1758287541
|move|p1a: Ceruledge|Close Combat|p2a: Smeargle
|-supereffective|p2a: Smeargle
|-enditem|p2a: Smeargle|Focus Sash
|-damage|p2a: Smeargle|1/100
|-unboost|p1a: Ceruledge|def|1
|-unboost|p1a: Ceruledge|spd|1
|move|p2a: Smeargle|Trick Room|p2a: Smeargle
|-fieldstart|move: Trick Room|[of] p2a: Smeargle
|
|upkeep
|turn|8
|
|t:|1758287549
|move|p1a: Ceruledge|Shadow Sneak|p2a: Smeargle
|-immune|p2a: Smeargle
|move|p2a: Smeargle|Court Change|p2a: Smeargle
|-swapsideconditions
|-activate|p2a: Smeargle|move: Court Change
|
|upkeep
|turn|9
|
|t:|1758287556
|move|p2a: Smeargle|Taunt|p1a: Ceruledge
|-start|p1a: Ceruledge|move: Taunt
|move|p1a: Ceruledge|Bitter Blade|p2a: Smeargle
|-damage|p2a: Smeargle|0 fnt
|faint|p2a: Smeargle
|
|upkeep
|
|t:|1758287560
|switch|p2a: Passimian|Passimian, M|100/100
|-activate|p2a: Passimian|move: Sticky Web
|-unboost|p2a: Passimian|spe|1
|-ability|p2a: Passimian|Defiant|boost
|-boost|p2a: Passimian|atk|2
|turn|10
|
|t:|1758287567
|move|p2a: Passimian|Earthquake|p1a: Ceruledge
|-supereffective|p1a: Ceruledge
|-enditem|p1a: Ceruledge|Focus Sash
|-damage|p1a: Ceruledge|1/100
|-ability|p1a: Ceruledge|Weak Armor|boost
|-unboost|p1a: Ceruledge|def|1
|-boost|p1a: Ceruledge|spe|2
|move|p1a: Ceruledge|Close Combat|p2a: Passimian
|-damage|p2a: Passimian|16/100
|-unboost|p1a: Ceruledge|def|1
|-unboost|p1a: Ceruledge|spd|1
|-enditem|p2a: Passimian|Sitrus Berry|[eat]
|-heal|p2a: Passimian|41/100|[from] item: Sitrus Berry
|
|upkeep
|turn|11
|
|t:|1758287581
|move|p2a: Passimian|Earthquake|p1a: Ceruledge
|-supereffective|p1a: Ceruledge
|-damage|p1a: Ceruledge|0 fnt
|faint|p1a: Ceruledge
|
|-fieldend|move: Trick Room
|upkeep
|
|t:|1758287589
|switch|p1a: Gliscor|Gliscor, M|76/100 tox
|turn|12
|
|t:|1758287594
|move|p1a: Gliscor|Earthquake|p2a: Passimian
|-damage|p2a: Passimian|13/100
|move|p2a: Passimian|Facade|p1a: Gliscor
|-damage|p1a: Gliscor|46/100 tox
|
|-heal|p1a: Gliscor|58/100 tox|[from] ability: Poison Heal
|upkeep
|turn|13
|
|t:|1758287602
|move|p1a: Gliscor|Earthquake|p2a: Passimian
|-damage|p2a: Passimian|0 fnt
|faint|p2a: Passimian
|
|-heal|p1a: Gliscor|71/100 tox|[from] ability: Poison Heal
|upkeep
|
|t:|1758287607
|switch|p2a: Articuno|Articuno-Galar|100/100
|-activate|p2a: Articuno|move: Sticky Web
|-unboost|p2a: Articuno|spe|1
|-ability|p2a: Articuno|Competitive|boost
|-boost|p2a: Articuno|spa|2
|turn|14
|
|t:|1758287613
|move|p1a: Gliscor|Toxic|p2a: Articuno
|-status|p2a: Articuno|tox
|move|p2a: Articuno|Trick Room|p2a: Articuno
|-fieldstart|move: Trick Room|[of] p2a: Articuno
|
|-damage|p2a: Articuno|94/100 tox|[from] psn
|-heal|p1a: Gliscor|83/100 tox|[from] ability: Poison Heal
|upkeep
|turn|15
|
|t:|1758287623
|move|p2a: Articuno|Freezing Glare|p1a: Gliscor
|-damage|p1a: Gliscor|0 fnt
|faint|p1a: Gliscor
|
|-damage|p2a: Articuno|82/100 tox|[from] psn
|upkeep
|
|t:|1758287630
|switch|p1a: Toxapex|Toxapex, F|100/100
|turn|16
|
|t:|1758287634
|move|p2a: Articuno|Freezing Glare|p1a: Toxapex
|-supereffective|p1a: Toxapex
|-damage|p1a: Toxapex|0 fnt
|faint|p1a: Toxapex
|
|-damage|p2a: Articuno|64/100 tox|[from] psn
|upkeep
|
|t:|1758287641
|switch|p1a: Rotom|Rotom-Wash|100/100
|turn|17
|
|t:|1758287646
|move|p2a: Articuno|Freezing Glare|p1a: Rotom
|-damage|p1a: Rotom|0 fnt
|faint|p1a: Rotom
|
|-damage|p2a: Articuno|40/100 tox|[from] psn
|upkeep
|
|t:|1758287652
|switch|p1a: Gardevoir|Gardevoir, F|100/100
|-ability|p1a: Gardevoir|Competitive|Trace|[from] ability: Trace|[of] p2a: Articuno
|turn|18
|
|t:|1758287676
|move|p2a: Articuno|Shadow Ball|p1a: Gardevoir
|-supereffective|p1a: Gardevoir
|-damage|p1a: Gardevoir|0 fnt
|faint|p1a: Gardevoir
|
|win|capitolg
|raw|slifer222's rating: 1100 &rarr; <strong>1078</strong><br />(-22 for losing)
|raw|capitolg's rating: 1140 &rarr; <strong>1162</strong><br />(+22 for winning)
|l|☆slifer222
|player|p1|
|l|☆capitolg
|player|p2|
