|j|☆Mudkip43
|j|☆PapsIGuess31
|t:|1758264160
|gametype|singles
|player|p1|Mudkip43|alec-anime|1143
|player|p2|PapsIGuess31|ingo|1234
|gen|9
|tier|[Gen 9] OU
|rated|
|rule|HP Percentage Mod: HP is shown in percentages
|rule|Endless Battle Clause: Forcing endless battles is banned
|rule|Species Clause: Limit one of each Pokémon
|rule|OHKO Clause: OHKO moves are banned
|rule|Evasion Items Clause: Evasion items are banned
|rule|Evasion Moves Clause: Evasion moves are banned
|rule|Evasion Abilities Clause: Evasion abilities are banned
|rule|Sleep Moves Clause: Sleep-inducing moves are banned
|clearpoke
|poke|p1|Lycanroc-Dusk, M|
|poke|p1|Kleavor, F|
|poke|p1|Porygon-Z|
|poke|p1|Arcanine-Hisui, M|
|poke|p1|Hitmonlee, M|
|poke|p1|Inteleon, M|
|poke|p2|Hydrapple, M|
|poke|p2|Dragapult, M|
|poke|p2|Tinkaton, F|
|poke|p2|Blaziken, M|
|poke|p2|Oricorio-Pom-Pom, M|
|poke|p2|Crawdaunt, M|
|teampreview
|c|☆PapsIGuess31|glhf!
|
|t:|1758264171
|teamsize|p1|6
|teamsize|p2|6
|start
|switch|p1a: Kleavor|Kleavor, F|100/100
|switch|p2a: Crawdaunt|Crawdaunt, M|100/100
|turn|1
|
|t:|1758264174
|move|p2a: Crawdaunt|Aqua Jet|p1a: Kleavor
|-supereffective|p1a: Kleavor
|-enditem|p1a: Kleavor|Focus Sash
|-damage|p1a: Kleavor|1/100
|move|p1a: Kleavor|X-Scissor|p2a: Crawdaunt
|-supereffective|p2a: Crawdaunt
|-damage|p2a: Crawdaunt|0 fnt
|faint|p2a: Crawdaunt
|
|upkeep
|
|t:|1758264179
|switch|p2a: Tinkaton|Tinkaton, F|100/100
|-ability|p2a: Tinkaton|Mold Breaker
|-item|p2a: Tinkaton|Air Balloon
|turn|2
|
|t:|1758264183
|move|p1a: Kleavor|Stone Axe|p2a: Tinkaton
|-resisted|p2a: Tinkaton
|-damage|p2a: Tinkaton|80/100
|-enditem|p2a: Tinkaton|Air Balloon
|-sidestart|p2: PapsIGuess31|move: Stealth Rock
|move|p2a: Tinkaton|Knock Off|p1a: Kleavor
|-damage|p1a: Kleavor|0 fnt
|faint|p1a: Kleavor
|
|upkeep
|
|t:|1758264189
|switch|p1a: Arcanine|Arcanine-Hisui, M|100/100
|turn|3
|
|t:|1758264192
|move|p1a: Arcanine|Flare Blitz|p2a: Tinkaton
|-supereffective|p2a: Tinkaton
|-damage|p2a: Tinkaton|0 fnt
|faint|p2a: Tinkaton
|
|upkeep
|
|t:|1758264196
|switch|p2a: Blaziken|Blaziken, M|100/100
|-damage|p2a: Blaziken|88/100|[from] Stealth Rock
|turn|4
|
|t:|1758264202
|switch|p1a: Porygon-Z|Porygon-Z, shiny|100/100
|move|p2a: Blaziken|Protect||[still]
|-fail|p2a: Blaziken
|
|-ability|p2a: Blaziken|Speed Boost|boost
|-boost|p2a: Blaziken|spe|1
|upkeep
|turn|5
|
|t:|1758264205
|move|p1a: Porygon-Z|Hyper Beam|p2a: Blaziken
|-damage|p2a: Blaziken|0 fnt
|-mustrecharge|p1a: Porygon-Z
|faint|p2a: Blaziken
|
|upkeep
|
|t:|1758264207
|switch|p2a: Dragapult|Dragapult, M|100/100
|-damage|p2a: Dragapult|88/100|[from] Stealth Rock
|turn|6
|
|t:|1758264209
|cant|p1a: Porygon-Z|recharge
|move|p2a: Dragapult|Dragon Dance|p2a: Dragapult
|-boost|p2a: Dragapult|atk|1
|-boost|p2a: Dragapult|spe|1
|
|upkeep
|turn|7
|
|t:|1758264215
|switch|p1a: Hitmonlee|Hitmonlee, M|100/100
|move|p2a: Dragapult|Dragon Darts|p1a: Hitmonlee
|-damage|p1a: Hitmonlee|0 fnt
|faint|p1a: Hitmonlee
|-damage|p2a: Dragapult|78/100|[from] item: Life Orb
|
|upkeep
|
|t:|1758264224
|switch|p1a: Arcanine|Arcanine-Hisui, M|100/100
|turn|8
|
|t:|1758264227
|move|p2a: Dragapult|Phantom Force||[still]
|-prepare|p2a: Dragapult|Phantom Force
|move|p1a: Arcanine|Head Smash|p2a: Dragapult|[miss]
|-miss|p1a: Arcanine|p2a: Dragapult
|
|upkeep
|turn|9
|
|t:|1758264236
|move|p2a: Dragapult|Phantom Force|p1a: Arcanine|[from] lockedmove
|-damage|p1a: Arcanine|0 fnt
|faint|p1a: Arcanine
|-damage|p2a: Dragapult|69/100|[from] item: Life Orb
|
|upkeep
|
|t:|1758264247
|switch|p1a: Inteleon|Inteleon, M|100/100
|turn|10
|
|t:|1758264250
|move|p2a: Dragapult|Dragon Darts|p1a: Inteleon
|-damage|p1a: Inteleon|17/100
|-anim|p2a: Dragapult|Dragon Darts|p1a: Inteleon
|-damage|p1a: Inteleon|0 fnt
|faint|p1a: Inteleon
|-damage|p2a: Dragapult|59/100|[from] item: Life Orb
|
|upkeep
|
|t:|1758264253
|switch|p1a: Porygon-Z|Porygon-Z, shiny|100/100
|turn|11
|
|t:|1758264256
|move|p2a: Dragapult|Dragon Darts|p1a: Porygon-Z
|-damage|p1a: Porygon-Z|28/100
|-anim|p2a: Dragapult|Dragon Darts|p1a: Porygon-Z
|-damage|p1a: Porygon-Z|0 fnt
|faint|p1a: Porygon-Z
|-damage|p2a: Dragapult|49/100|[from] item: Life Orb
|
|upkeep
|
|t:|1758264258
|switch|p1a: Lycanroc|Lycanroc-Dusk, M, shiny|100/100
|turn|12
|
|t:|1758264261
|move|p1a: Lycanroc|Accelerock|p2a: Dragapult
|-damage|p2a: Dragapult|7/100
|-damage|p1a: Lycanroc|91/100|[from] item: Life Orb
|move|p2a: Dragapult|Phantom Force||[still]
|-prepare|p2a: Dragapult|Phantom Force
|
|upkeep
|turn|13
|
|t:|1758264266
|move|p1a: Lycanroc|Accelerock|p2a: Dragapult|[miss]
|-miss|p1a: Lycanroc|p2a: Dragapult
|move|p2a: Dragapult|Phantom Force|p1a: Lycanroc|[from] lockedmove
|-damage|p1a: Lycanroc|0 fnt
|faint|p1a: Lycanroc
|-damage|p2a: Dragapult|0 fnt|[from] item: Life Orb
|faint|p2a: Dragapult
|
|win|PapsIGuess31
|raw|Mudkip43's rating: 1143 &rarr; <strong>1124</strong><br />(-19 for losing)
|raw|PapsIGuess31's rating: 1234 &rarr; <strong>1253</strong><br />(+19 for winning)
|l|☆Mudkip43
|player|p1|
|c|☆PapsIGuess31|gg wp
|l|☆PapsIGuess31
|player|p2|
