|j|☆dj.tomato!
|j|☆GODKUD
|t:|1758294639
|gametype|singles
|player|p1|dj.tomato!|drake-gen3|1523
|player|p2|GODKUD|ghetsis|1518
|gen|9
|tier|[Gen 9] OU
|rated|
|rule|HP Percentage Mod: HP is shown in percentages
|rule|Endless Battle Clause: Forcing endless battles is banned
|rule|Species Clause: Limit one of each Pokémon
|rule|OHKO Clause: OHKO moves are banned
|rule|Evasion Items Clause: Evasion items are banned
|rule|Evasion Moves Clause: Evasion moves are banned
|rule|Evasion Abilities Clause: Evasion abilities are banned
|rule|Sleep Moves Clause: Sleep-inducing moves are banned
|clearpoke
|poke|p1|Pecharunt|
|poke|p1|Ting-Lu|
|poke|p1|Moltres|
|poke|p1|Tornadus-Therian, M|
|poke|p1|Garganacl, F|
|poke|p1|Zamazenta-*|
|poke|p2|Araquanid, M|
|poke|p2|Great Tusk|
|poke|p2|Slowking-Galar, F|
|poke|p2|Ceruledge, F|
|poke|p2|Corviknight, M|
|poke|p2|Hydreigon, M|
|teampreview
|inactive|Battle timer is ON: inactive players will automatically lose when time's up. (requested by GODKUD)
|
|t:|1758294645
|teamsize|p1|6
|teamsize|p2|6
|start
|switch|p1a: Tornadus|Tornadus-Therian, M|100/100
|switch|p2a: Araquanid|Araquanid, M|100/100
|turn|1
|
|t:|1758294651
|move|p1a: Tornadus|Taunt|p2a: Araquanid
|-start|p2a: Araquanid|move: Taunt
|cant|p2a: Araquanid|move: Taunt|Sticky Web
|
|upkeep
|turn|2
|
|t:|1758294654
|move|p1a: Tornadus|Knock Off|p2a: Araquanid
|-damage|p2a: Araquanid|80/100
|-enditem|p2a: Araquanid|Custap Berry|[from] move: Knock Off|[of] p1a: Tornadus
|move|p2a: Araquanid|Surf|p1a: Tornadus
|-damage|p1a: Tornadus|47/100
|
|upkeep
|turn|3
|
|t:|1758294659
|move|p1a: Tornadus|Bleakwind Storm|p2a: Araquanid
|-supereffective|p2a: Araquanid
|-damage|p2a: Araquanid|20/100
|-unboost|p2a: Araquanid|spe|1
|move|p2a: Araquanid|Surf|p1a: Tornadus
|-damage|p1a: Tornadus|0 fnt
|faint|p1a: Tornadus
|
|-end|p2a: Araquanid|move: Taunt
|upkeep
|
|t:|1758294668
|switch|p1a: Garganacl|Garganacl, F|100/100
|turn|4
|
|t:|1758294673
|move|p1a: Garganacl|Salt Cure|p2a: Araquanid
|-supereffective|p2a: Araquanid
|-crit|p2a: Araquanid
|-damage|p2a: Araquanid|0 fnt
|faint|p2a: Araquanid
|
|upkeep
|
|t:|1758294678
|switch|p2a: Great Tusk|Great Tusk|100/100
|turn|5
|
|t:|1758294681
|switch|p1a: Moltres|Moltres|100/100
|move|p2a: Great Tusk|Stealth Rock|p1a: Moltres
|-sidestart|p1: dj.tomato!|move: Stealth Rock
|
|upkeep
|turn|6
|
|t:|1758294684
|move|p2a: Great Tusk|Knock Off|p1a: Moltres
|-damage|p1a: Moltres|75/100
|-status|p2a: Great Tusk|brn|[from] ability: Flame Body|[of] p1a: Moltres
|-enditem|p1a: Moltres|Heavy-Duty Boots|[from] move: Knock Off|[of] p2a: Great Tusk
|move|p1a: Moltres|Flamethrower|p2a: Great Tusk
|-damage|p2a: Great Tusk|46/100 brn
|
|-damage|p2a: Great Tusk|40/100 brn|[from] brn
|upkeep
|turn|7
|
|t:|1758294691
|-end|p2a: Great Tusk|Protosynthesis|[silent]
|switch|p2a: Slowking|Slowking-Galar, F|100/100
|move|p1a: Moltres|Roost|p1a: Moltres
|-heal|p1a: Moltres|100/100
|-singleturn|p1a: Moltres|move: Roost
|
|upkeep
|turn|8
|
|t:|1758294696
|move|p1a: Moltres|U-turn|p2a: Slowking
|-damage|p2a: Slowking|85/100
|
|t:|1758294698
|switch|p1a: Garganacl|Garganacl, F|100/100|[from] U-turn
|-damage|p1a: Garganacl|88/100|[from] Stealth Rock
|move|p2a: Slowking|Future Sight|p1a: Garganacl
|-start|p2a: Slowking|move: Future Sight
|
|-heal|p1a: Garganacl|94/100|[from] item: Leftovers
|upkeep
|turn|9
|
|t:|1758294704
|move|p1a: Garganacl|Stealth Rock|p2a: Slowking
|-sidestart|p2: GODKUD|move: Stealth Rock
|-prepare|p2a: Slowking|Chilly Reception|[premajor]
|move|p2a: Slowking|Chilly Reception|p2a: Slowking
|-weather|Snowscape
|
|t:|1758294707
|switch|p2a: Great Tusk|Great Tusk|40/100 brn|[from] Chilly Reception
|
|-weather|Snowscape|[upkeep]
|-heal|p1a: Garganacl|100/100|[from] item: Leftovers
|-damage|p2a: Great Tusk|34/100 brn|[from] brn
|upkeep
|turn|10
|
|t:|1758294709
|move|p1a: Garganacl|Protect|p1a: Garganacl
|-singleturn|p1a: Garganacl|Protect
|move|p2a: Great Tusk|Rapid Spin|p1a: Garganacl
|-activate|p1a: Garganacl|move: Protect
|
|-weather|Snowscape|[upkeep]
|-end|p1a: Garganacl|move: Future Sight
|-crit|p1a: Garganacl
|-damage|p1a: Garganacl|54/100
|-heal|p1a: Garganacl|60/100|[from] item: Leftovers
|-damage|p2a: Great Tusk|27/100 brn|[from] brn
|upkeep
|turn|11
|
|t:|1758294715
|move|p2a: Great Tusk|Knock Off|p1a: Garganacl
|-damage|p1a: Garganacl|50/100
|-enditem|p1a: Garganacl|Leftovers|[from] move: Knock Off|[of] p2a: Great Tusk
|move|p1a: Garganacl|Recover|p1a: Garganacl
|-heal|p1a: Garganacl|99/100
|
|-weather|Snowscape|[upkeep]
|-damage|p2a: Great Tusk|21/100 brn|[from] brn
|upkeep
|turn|12
|
|t:|1758294721
|move|p2a: Great Tusk|Rapid Spin|p1a: Garganacl
|-resisted|p1a: Garganacl
|-damage|p1a: Garganacl|97/100
|-boost|p2a: Great Tusk|spe|1
|-sideend|p2: GODKUD|Stealth Rock|[from] move: Rapid Spin|[of] p2a: Great Tusk
|move|p1a: Garganacl|Salt Cure|p2a: Great Tusk
|-resisted|p2a: Great Tusk
|-damage|p2a: Great Tusk|19/100 brn
|-start|p2a: Great Tusk|Salt Cure
|
|-weather|Snowscape|[upkeep]
|-damage|p2a: Great Tusk|13/100 brn|[from] brn
|-damage|p2a: Great Tusk|0 fnt|[from] Salt Cure
|faint|p2a: Great Tusk
|-end|p2a: Great Tusk|Protosynthesis|[silent]
|upkeep
|
|t:|1758294728
|switch|p2a: Hydreigon|Hydreigon, M|100/100
|turn|13
|
|t:|1758294730
|move|p2a: Hydreigon|Substitute|p2a: Hydreigon
|-start|p2a: Hydreigon|Substitute
|-damage|p2a: Hydreigon|76/100
|move|p1a: Garganacl|Salt Cure|p2a: Hydreigon
|-activate|p2a: Hydreigon|move: Substitute|[damage]
|
|-weather|none
|-heal|p2a: Hydreigon|82/100|[from] item: Leftovers
|upkeep
|turn|14
|
|t:|1758294736
|switch|p1a: Moltres|Moltres|100/100
|-damage|p1a: Moltres|51/100|[from] Stealth Rock
|move|p2a: Hydreigon|Nasty Plot|p2a: Hydreigon
|-boost|p2a: Hydreigon|spa|2
|
|-heal|p2a: Hydreigon|88/100|[from] item: Leftovers
|upkeep
|turn|15
|
|t:|1758294741
|move|p2a: Hydreigon|Dark Pulse|p1a: Moltres
|-damage|p1a: Moltres|0 fnt
|faint|p1a: Moltres
|
|-heal|p2a: Hydreigon|94/100|[from] item: Leftovers
|upkeep
|
|t:|1758294742
|switch|p1a: Ting-Lu|Ting-Lu|100/100
|-damage|p1a: Ting-Lu|94/100|[from] Stealth Rock
|-ability|p1a: Ting-Lu|Vessel of Ruin
|turn|16
|
|t:|1758294746
|switch|p2a: Slowking|Slowking-Galar, F|100/100
|move|p1a: Ting-Lu|Whirlwind|p2a: Slowking
|drag|p2a: Ceruledge|Ceruledge, F|100/100
|
|-heal|p1a: Ting-Lu|100/100|[from] item: Leftovers
|upkeep
|turn|17
|
|t:|1758294753
|move|p2a: Ceruledge|Swords Dance|p2a: Ceruledge
|-boost|p2a: Ceruledge|atk|2
|move|p1a: Ting-Lu|Spikes|p2a: Ceruledge
|-sidestart|p2: GODKUD|Spikes
|
|upkeep
|turn|18
|
|t:|1758294758
|move|p2a: Ceruledge|Swords Dance|p2a: Ceruledge
|-boost|p2a: Ceruledge|atk|2
|move|p1a: Ting-Lu|Whirlwind|p2a: Ceruledge
|drag|p2a: Corviknight|Corviknight, M|100/100
|-ability|p2a: Corviknight|Pressure
|
|upkeep
|turn|19
|
|t:|1758294763
|move|p2a: Corviknight|Body Press|p1a: Ting-Lu
|-supereffective|p1a: Ting-Lu
|-damage|p1a: Ting-Lu|72/100
|move|p1a: Ting-Lu|Ruination|p2a: Corviknight
|-damage|p2a: Corviknight|51/100
|
|-heal|p1a: Ting-Lu|79/100|[from] item: Leftovers
|upkeep
|turn|20
|
|t:|1758294771
|switch|p1a: Pecharunt|Pecharunt|100/100
|move|p2a: Corviknight|Roost|p2a: Corviknight
|-heal|p2a: Corviknight|100/100
|-singleturn|p2a: Corviknight|move: Roost
|
|upkeep
|turn|21
|
|t:|1758294775
|move|p1a: Pecharunt|Shadow Ball|p2a: Corviknight
|-damage|p2a: Corviknight|78/100
|move|p2a: Corviknight|U-turn|p1a: Pecharunt
|-resisted|p1a: Pecharunt
|-damage|p1a: Pecharunt|99/100
|
|t:|1758294780
|switch|p2a: Hydreigon|Hydreigon, M|94/100|[from] U-turn
|
|-heal|p2a: Hydreigon|99/100|[from] item: Leftovers
|upkeep
|turn|22
|
|t:|1758294783
|switch|p1a: Ting-Lu|Ting-Lu|79/100
|-damage|p1a: Ting-Lu|72/100|[from] Stealth Rock
|-ability|p1a: Ting-Lu|Vessel of Ruin
|move|p2a: Hydreigon|Substitute|p2a: Hydreigon
|-start|p2a: Hydreigon|Substitute
|-damage|p2a: Hydreigon|75/100
|
|-heal|p2a: Hydreigon|81/100|[from] item: Leftovers
|-heal|p1a: Ting-Lu|79/100|[from] item: Leftovers
|upkeep
|turn|23
|
|t:|1758294787
|move|p2a: Hydreigon|Flamethrower|p1a: Ting-Lu
|-damage|p1a: Ting-Lu|67/100
|move|p1a: Ting-Lu|Whirlwind|p2a: Hydreigon
|drag|p2a: Slowking|Slowking-Galar, F|100/100
|
|-heal|p1a: Ting-Lu|73/100|[from] item: Leftovers
|upkeep
|turn|24
|
|t:|1758294794
|move|p1a: Ting-Lu|Spikes|p2a: Slowking
|-sidestart|p2: GODKUD|Spikes
|-prepare|p2a: Slowking|Chilly Reception|[premajor]
|move|p2a: Slowking|Chilly Reception|p2a: Slowking
|-weather|Snowscape
|
|t:|1758294797
|switch|p2a: Ceruledge|Ceruledge, F|100/100|[from] Chilly Reception
|-damage|p2a: Ceruledge|84/100|[from] Spikes
|
|-weather|Snowscape|[upkeep]
|-heal|p1a: Ting-Lu|79/100|[from] item: Leftovers
|upkeep
|turn|25
|
|t:|1758294800
|move|p2a: Ceruledge|Bitter Blade|p1a: Ting-Lu
|-damage|p1a: Ting-Lu|54/100
|-heal|p2a: Ceruledge|100/100|[from] drain|[of] p1a: Ting-Lu
|move|p1a: Ting-Lu|Earthquake|p2a: Ceruledge
|-supereffective|p2a: Ceruledge
|-enditem|p2a: Ceruledge|Focus Sash
|-damage|p2a: Ceruledge|1/100
|-ability|p2a: Ceruledge|Weak Armor|boost
|-unboost|p2a: Ceruledge|def|1
|-boost|p2a: Ceruledge|spe|2
|
|-weather|Snowscape|[upkeep]
|-heal|p1a: Ting-Lu|60/100|[from] item: Leftovers
|upkeep
|turn|26
|
|t:|1758294806
|move|p2a: Ceruledge|Bitter Blade|p1a: Ting-Lu
|-damage|p1a: Ting-Lu|34/100
|-heal|p2a: Ceruledge|25/100|[from] drain|[of] p1a: Ting-Lu
|move|p1a: Ting-Lu|Whirlwind|p2a: Ceruledge
|drag|p2a: Corviknight|Corviknight, M|78/100
|-ability|p2a: Corviknight|Pressure
|
|-weather|Snowscape|[upkeep]
|-heal|p1a: Ting-Lu|40/100|[from] item: Leftovers
|upkeep
|turn|27
|
|t:|1758294812
|switch|p1a: Pecharunt|Pecharunt|99/100
|move|p2a: Corviknight|Brave Bird|p1a: Pecharunt
|-damage|p1a: Pecharunt|83/100
|-damage|p2a: Corviknight|73/100|[from] Recoil
|
|-weather|Snowscape|[upkeep]
|upkeep
|turn|28
|
|t:|1758294816
|move|p1a: Pecharunt|Shadow Ball|p2a: Corviknight
|-damage|p2a: Corviknight|48/100
|move|p2a: Corviknight|U-turn|p1a: Pecharunt
|-resisted|p1a: Pecharunt
|-damage|p1a: Pecharunt|81/100
|
|t:|1758294820
|switch|p2a: Hydreigon|Hydreigon, M|81/100|[from] U-turn
|
|-weather|none
|-heal|p2a: Hydreigon|88/100|[from] item: Leftovers
|upkeep
|turn|29
|
|t:|1758294823
|move|p2a: Hydreigon|Substitute|p2a: Hydreigon
|-start|p2a: Hydreigon|Substitute
|-damage|p2a: Hydreigon|63/100
|move|p1a: Pecharunt|Parting Shot|p2a: Hydreigon
|-unboost|p2a: Hydreigon|atk|1
|-unboost|p2a: Hydreigon|spa|1
|
|t:|1758294825
|switch|p1a: Ting-Lu|Ting-Lu|40/100|[from] Parting Shot
|-damage|p1a: Ting-Lu|34/100|[from] Stealth Rock
|-ability|p1a: Ting-Lu|Vessel of Ruin
|
|-heal|p2a: Hydreigon|69/100|[from] item: Leftovers
|-heal|p1a: Ting-Lu|40/100|[from] item: Leftovers
|upkeep
|turn|30
|
|t:|1758294830
|move|p2a: Hydreigon|Flamethrower|p1a: Ting-Lu
|-crit|p1a: Ting-Lu
|-damage|p1a: Ting-Lu|21/100
|-status|p1a: Ting-Lu|brn
|move|p1a: Ting-Lu|Whirlwind|p2a: Hydreigon
|drag|p2a: Slowking|Slowking-Galar, F|100/100
|
|-heal|p1a: Ting-Lu|27/100 brn|[from] item: Leftovers
|-damage|p1a: Ting-Lu|21/100 brn|[from] brn
|upkeep
|turn|31
|
|t:|1758294839
|move|p1a: Ting-Lu|Spikes|p2a: Slowking
|-sidestart|p2: GODKUD|Spikes
|move|p2a: Slowking|Future Sight|p1a: Ting-Lu
|-start|p2a: Slowking|move: Future Sight
|
|-heal|p1a: Ting-Lu|27/100 brn|[from] item: Leftovers
|-damage|p1a: Ting-Lu|21/100 brn|[from] brn
|upkeep
|turn|32
|
|t:|1758294845
|move|p1a: Ting-Lu|Ruination|p2a: Slowking
|-damage|p2a: Slowking|50/100
|-prepare|p2a: Slowking|Chilly Reception|[premajor]
|move|p2a: Slowking|Chilly Reception|p2a: Slowking
|-weather|Snowscape
|
|t:|1758294848
|switch|p2a: Ceruledge|Ceruledge, F|25/100|[from] Chilly Reception
|-damage|p2a: Ceruledge|0 fnt|[from] Spikes
|faint|p2a: Ceruledge
|
|-weather|Snowscape|[upkeep]
|-heal|p1a: Ting-Lu|27/100 brn|[from] item: Leftovers
|-damage|p1a: Ting-Lu|21/100 brn|[from] brn
|upkeep
|
|t:|1758294852
|switch|p2a: Corviknight|Corviknight, M|48/100
|-ability|p2a: Corviknight|Pressure
|turn|33
|
|t:|1758294857
|move|p2a: Corviknight|Roost|p2a: Corviknight
|-heal|p2a: Corviknight|98/100
|-singleturn|p2a: Corviknight|move: Roost
|move|p1a: Ting-Lu|Ruination|p2a: Corviknight
|-damage|p2a: Corviknight|49/100
|
|-weather|Snowscape|[upkeep]
|-end|p1a: Ting-Lu|move: Future Sight
|-immune|p1a: Ting-Lu
|-heal|p1a: Ting-Lu|27/100 brn|[from] item: Leftovers
|-damage|p1a: Ting-Lu|21/100 brn|[from] brn
|upkeep
|turn|34
|
|t:|1758294863
|move|p2a: Corviknight|Roost|p2a: Corviknight
|-heal|p2a: Corviknight|99/100
|-singleturn|p2a: Corviknight|move: Roost
|move|p1a: Ting-Lu|Whirlwind|p2a: Corviknight
|drag|p2a: Hydreigon|Hydreigon, M|69/100
|
|-weather|Snowscape|[upkeep]
|-heal|p2a: Hydreigon|75/100|[from] item: Leftovers
|-heal|p1a: Ting-Lu|27/100 brn|[from] item: Leftovers
|-damage|p1a: Ting-Lu|21/100 brn|[from] brn
|upkeep
|turn|35
|
|t:|1758294870
|move|p2a: Hydreigon|Dark Pulse|p1a: Ting-Lu
|-resisted|p1a: Ting-Lu
|-damage|p1a: Ting-Lu|12/100 brn
|cant|p1a: Ting-Lu|flinch
|
|-weather|Snowscape|[upkeep]
|-heal|p2a: Hydreigon|81/100|[from] item: Leftovers
|-heal|p1a: Ting-Lu|18/100 brn|[from] item: Leftovers
|-damage|p1a: Ting-Lu|12/100 brn|[from] brn
|upkeep
|turn|36
|
|t:|1758294876
|move|p2a: Hydreigon|Dark Pulse|p1a: Ting-Lu
|-resisted|p1a: Ting-Lu
|-damage|p1a: Ting-Lu|3/100 brn
|move|p1a: Ting-Lu|Whirlwind|p2a: Hydreigon
|drag|p2a: Slowking|Slowking-Galar, F|84/100
|
|-weather|none
|-heal|p1a: Ting-Lu|9/100 brn|[from] item: Leftovers
|-damage|p1a: Ting-Lu|3/100 brn|[from] brn
|upkeep
|turn|37
|
|t:|1758294883
|switch|p1a: Garganacl|Garganacl, F|97/100
|-damage|p1a: Garganacl|85/100|[from] Stealth Rock
|move|p2a: Slowking|Future Sight|p1a: Garganacl
|-start|p2a: Slowking|move: Future Sight
|
|upkeep
|turn|38
|
|t:|1758294890
|move|p1a: Garganacl|Stealth Rock|p2a: Slowking
|-sidestart|p2: GODKUD|move: Stealth Rock
|-prepare|p2a: Slowking|Chilly Reception|[premajor]
|move|p2a: Slowking|Chilly Reception|p2a: Slowking
|-weather|Snowscape
|
|t:|1758294893
|switch|p2a: Hydreigon|Hydreigon, M|81/100|[from] Chilly Reception
|-damage|p2a: Hydreigon|69/100|[from] Stealth Rock
|
|-weather|Snowscape|[upkeep]
|-heal|p2a: Hydreigon|75/100|[from] item: Leftovers
|upkeep
|turn|39
|
|t:|1758294904
|switch|p1a: Ting-Lu|Ting-Lu|3/100 brn
|-damage|p1a: Ting-Lu|0 fnt|[from] Stealth Rock
|faint|p1a: Ting-Lu
|move|p2a: Hydreigon|Substitute|p2a: Hydreigon
|-start|p2a: Hydreigon|Substitute
|-damage|p2a: Hydreigon|50/100
|
|-weather|Snowscape|[upkeep]
|-hint|Future Sight did not hit because the target is fainted.
|-heal|p2a: Hydreigon|56/100|[from] item: Leftovers
|upkeep
|
|t:|1758294906
|switch|p1a: Zamazenta|Zamazenta|100/100
|-ability|p1a: Zamazenta|Dauntless Shield|boost
|-boost|p1a: Zamazenta|def|1
|turn|40
|
|t:|1758294913
|-terastallize|p2a: Hydreigon|Fire
|move|p1a: Zamazenta|Stone Edge|p2a: Hydreigon|[miss]
|-miss|p1a: Zamazenta|p2a: Hydreigon
|move|p2a: Hydreigon|Flamethrower|p1a: Zamazenta
|-damage|p1a: Zamazenta|59/100
|
|-weather|Snowscape|[upkeep]
|-heal|p2a: Hydreigon|62/100|[from] item: Leftovers
|upkeep
|turn|41
|
|t:|1758294923
|-terastallize|p1a: Zamazenta|Fire
|move|p1a: Zamazenta|Stone Edge|p2a: Hydreigon
|-supereffective|p2a: Hydreigon
|-end|p2a: Hydreigon|Substitute
|move|p2a: Hydreigon|Flamethrower|p1a: Zamazenta
|-resisted|p1a: Zamazenta
|-damage|p1a: Zamazenta|39/100
|
|-weather|Snowscape|[upkeep]
|-heal|p2a: Hydreigon|68/100|[from] item: Leftovers
|upkeep
|turn|42
|
|t:|1758294932
|switch|p2a: Slowking|Slowking-Galar, F|100/100
|move|p1a: Zamazenta|Close Combat|p2a: Slowking
|-resisted|p2a: Slowking
|-damage|p2a: Slowking|85/100
|-unboost|p1a: Zamazenta|def|1
|-unboost|p1a: Zamazenta|spd|1
|
|-weather|none
|upkeep
|turn|43
|
|t:|1758294939
|move|p1a: Zamazenta|Crunch|p2a: Slowking
|-supereffective|p2a: Slowking
|-damage|p2a: Slowking|31/100
|move|p2a: Slowking|Sludge Bomb|p1a: Zamazenta
|-damage|p1a: Zamazenta|0 fnt
|faint|p1a: Zamazenta
|
|upkeep
|
|t:|1758294944
|switch|p1a: Garganacl|Garganacl, F|85/100
|-damage|p1a: Garganacl|72/100|[from] Stealth Rock
|turn|44
|
|t:|1758294947
|move|p1a: Garganacl|Salt Cure|p2a: Slowking
|-crit|p2a: Slowking
|-damage|p2a: Slowking|9/100
|-start|p2a: Slowking|Salt Cure
|move|p2a: Slowking|Future Sight|p1a: Garganacl
|-start|p2a: Slowking|move: Future Sight
|
|-damage|p2a: Slowking|0 fnt|[from] Salt Cure
|faint|p2a: Slowking
|upkeep
|
|t:|1758294950
|switch|p2a: Corviknight|Corviknight, M|99/100
|-damage|p2a: Corviknight|87/100|[from] Stealth Rock
|-ability|p2a: Corviknight|Pressure
|turn|45
|
|t:|1758294952
|move|p2a: Corviknight|Body Press|p1a: Garganacl
|-supereffective|p1a: Garganacl
|-damage|p1a: Garganacl|38/100
|move|p1a: Garganacl|Salt Cure|p2a: Corviknight
|-damage|p2a: Corviknight|79/100
|-start|p2a: Corviknight|Salt Cure
|
|-damage|p2a: Corviknight|55/100|[from] Salt Cure
|upkeep
|turn|46
|
|t:|1758294959
|move|p2a: Corviknight|Body Press|p1a: Garganacl
|-supereffective|p1a: Garganacl
|-damage|p1a: Garganacl|4/100
|move|p1a: Garganacl|Recover|p1a: Garganacl
|-heal|p1a: Garganacl|54/100
|
|-end|p1a: Garganacl|move: Future Sight
|-damage|p1a: Garganacl|26/100
|-damage|p2a: Corviknight|30/100|[from] Salt Cure
|upkeep
|turn|47
|
|t:|1758294964
|switch|p1a: Pecharunt|Pecharunt|81/100
|move|p2a: Corviknight|Body Press|p1a: Pecharunt
|-immune|p1a: Pecharunt
|
|-damage|p2a: Corviknight|5/100|[from] Salt Cure
|upkeep
|turn|48
|
|t:|1758294967
|move|p1a: Pecharunt|Shadow Ball|p2a: Corviknight
|-damage|p2a: Corviknight|0 fnt
|faint|p2a: Corviknight
|
|upkeep
|
|t:|1758294969
|switch|p2a: Hydreigon|Hydreigon, M, tera:Fire|68/100
|-damage|p2a: Hydreigon|44/100|[from] Stealth Rock
|turn|49
|
|t:|1758294971
|move|p2a: Hydreigon|Dark Pulse|p1a: Pecharunt
|-supereffective|p1a: Pecharunt
|-damage|p1a: Pecharunt|0 fnt
|faint|p1a: Pecharunt
|
|-heal|p2a: Hydreigon|50/100|[from] item: Leftovers
|upkeep
|
|t:|1758294973
|switch|p1a: Garganacl|Garganacl, F|26/100
|-damage|p1a: Garganacl|14/100|[from] Stealth Rock
|turn|50
|
|t:|1758294975
|move|p2a: Hydreigon|Dark Pulse|p1a: Garganacl
|-damage|p1a: Garganacl|0 fnt
|faint|p1a: Garganacl
|
|win|GODKUD
|raw|dj.tomato!'s rating: 1523 &rarr; <strong>1503</strong><br />(-20 for losing)
|raw|GODKUD's rating: 1518 &rarr; <strong>1538</strong><br />(+20 for winning)
|l|☆dj.tomato!
|player|p1|
|l|☆GODKUD
|player|p2|
