|j|☆syk1307
|j|☆bananacrazy
|t:|1758295714
|gametype|singles
|player|p1|syk1307|giovanni|1460
|player|p2|bananacrazy|266|1425
|gen|9
|tier|[Gen 9] OU
|rated|
|rule|HP Percentage Mod: HP is shown in percentages
|rule|Endless Battle Clause: Forcing endless battles is banned
|rule|Species Clause: Limit one of each Pokémon
|rule|OHKO Clause: OHKO moves are banned
|rule|Evasion Items Clause: Evasion items are banned
|rule|Evasion Moves Clause: Evasion moves are banned
|rule|Evasion Abilities Clause: Evasion abilities are banned
|rule|Sleep Moves Clause: Sleep-inducing moves are banned
|clearpoke
|poke|p1|Jolteon, M|
|poke|p1|Gyarados, M|
|poke|p1|Arcanine, M|
|poke|p1|Scizor, M|
|poke|p1|Corviknight, M|
|poke|p1|Mew|
|poke|p2|Heatran, F|
|poke|p2|Scizor, F|
|poke|p2|Ogerpon-Wellspring, F|
|poke|p2|Weavile, F|
|poke|p2|Enamorus, F|
|poke|p2|Great Tusk|
|teampreview
|
|t:|1758295739
|teamsize|p1|6
|teamsize|p2|6
|start
|switch|p1a: Jolteon|Jolteon, M|100/100
|switch|p2a: Heatran|Heatran, F|100/100
|turn|1
|
|t:|1758295744
|move|p1a: Jolteon|Volt Switch|p2a: Heatran
|-damage|p2a: Heatran|69/100
|
|t:|1758295752
|switch|p1a: Corviknight|Corviknight, M|100/100|[from] Volt Switch
|move|p2a: Heatran|Stealth Rock|p1a: Corviknight
|-sidestart|p1: syk1307|move: Stealth Rock
|
|-heal|p2a: Heatran|75/100|[from] item: Leftovers
|upkeep
|turn|2
|
|t:|1758295772
|switch|p1a: Arcanine|Arcanine, M|100/100
|-damage|p1a: Arcanine|76/100|[from] Stealth Rock
|move|p2a: Heatran|Taunt|p1a: Arcanine
|-start|p1a: Arcanine|move: Taunt
|
|-heal|p2a: Heatran|81/100|[from] item: Leftovers
|upkeep
|turn|3
|
|t:|1758295784
|switch|p2a: Ogerpon|Ogerpon-Wellspring, F|100/100
|move|p1a: Arcanine|Close Combat|p2a: Ogerpon
|-damage|p2a: Ogerpon|23/100
|-unboost|p1a: Arcanine|def|1
|-unboost|p1a: Arcanine|spd|1
|
|upkeep
|turn|4
|
|t:|1758295794
|switch|p1a: Corviknight|Corviknight, M|100/100
|-damage|p1a: Corviknight|88/100|[from] Stealth Rock
|move|p2a: Ogerpon|Synthesis|p2a: Ogerpon
|-heal|p2a: Ogerpon|73/100
|
|upkeep
|turn|5
|
|t:|1758295803
|switch|p2a: Heatran|Heatran, F|81/100
|move|p1a: Corviknight|Defog|p2a: Heatran
|-unboost|p2a: Heatran|evasion|1
|-sideend|p1: syk1307|Stealth Rock|[from] move: Defog|[of] p1a: Corviknight
|
|-heal|p2a: Heatran|87/100|[from] item: Leftovers
|upkeep
|turn|6
|
|t:|1758295810
|move|p2a: Heatran|Magma Storm|p1a: Corviknight|[miss]
|-miss|p2a: Heatran|p1a: Corviknight
|move|p1a: Corviknight|U-turn|p2a: Heatran
|-resisted|p2a: Heatran
|-damage|p2a: Heatran|85/100
|
|t:|1758295816
|switch|p1a: Arcanine|Arcanine, M|76/100|[from] U-turn
|
|-heal|p2a: Heatran|91/100|[from] item: Leftovers
|upkeep
|turn|7
|
|t:|1758295828
|move|p1a: Arcanine|Wild Charge|p2a: Heatran
|-damage|p2a: Heatran|55/100
|-damage|p1a: Arcanine|65/100|[from] Recoil
|move|p2a: Heatran|Stealth Rock|p1a: Arcanine
|-sidestart|p1: syk1307|move: Stealth Rock
|
|-heal|p2a: Heatran|61/100|[from] item: Leftovers
|upkeep
|turn|8
|
|t:|1758295836
|move|p1a: Arcanine|Wild Charge|p2a: Heatran
|-damage|p2a: Heatran|26/100
|-damage|p1a: Arcanine|54/100|[from] Recoil
|move|p2a: Heatran|Earth Power|p1a: Arcanine
|-supereffective|p1a: Arcanine
|-damage|p1a: Arcanine|0 fnt
|faint|p1a: Arcanine
|
|-heal|p2a: Heatran|32/100|[from] item: Leftovers
|upkeep
|
|t:|1758295854
|switch|p1a: Gyarados|Gyarados, M|100/100
|-damage|p1a: Gyarados|76/100|[from] Stealth Rock
|turn|9
|
|t:|1758295867
|move|p1a: Gyarados|Dragon Dance|p1a: Gyarados
|-boost|p1a: Gyarados|atk|1
|-boost|p1a: Gyarados|spe|1
|move|p2a: Heatran|Magma Storm|p1a: Gyarados
|-resisted|p1a: Gyarados
|-damage|p1a: Gyarados|55/100
|-activate|p1a: Gyarados|move: Magma Storm|[of] p2a: Heatran
|
|-heal|p2a: Heatran|38/100|[from] item: Leftovers
|-damage|p1a: Gyarados|43/100|[from] move: Magma Storm|[partiallytrapped]
|upkeep
|turn|10
|
|t:|1758295882
|switch|p2a: Ogerpon|Ogerpon-Wellspring, F|73/100
|move|p1a: Gyarados|Earthquake|p2a: Ogerpon
|-resisted|p2a: Ogerpon
|-damage|p2a: Ogerpon|36/100
|
|-end|p1a: Gyarados|Magma Storm|[partiallytrapped]|[silent]
|upkeep
|turn|11
|
|t:|1758295900
|move|p1a: Gyarados|Tera Blast|p2a: Ogerpon
|-damage|p2a: Ogerpon|22/100
|move|p2a: Ogerpon|Ivy Cudgel|p1a: Gyarados|[anim] Ivy Cudgel Water
|-resisted|p1a: Gyarados
|-crit|p1a: Gyarados
|-damage|p1a: Gyarados|0 fnt
|faint|p1a: Gyarados
|
|upkeep
|
|t:|1758295909
|switch|p1a: Corviknight|Corviknight, M|88/100
|-damage|p1a: Corviknight|76/100|[from] Stealth Rock
|turn|12
|
|t:|1758295913
|switch|p2a: Heatran|Heatran, F|38/100
|move|p1a: Corviknight|Defog|p2a: Heatran
|-unboost|p2a: Heatran|evasion|1
|-sideend|p1: syk1307|Stealth Rock|[from] move: Defog|[of] p1a: Corviknight
|
|-heal|p2a: Heatran|44/100|[from] item: Leftovers
|upkeep
|turn|13
|
|t:|1758295921
|move|p2a: Heatran|Stealth Rock|p1a: Corviknight
|-sidestart|p1: syk1307|move: Stealth Rock
|move|p1a: Corviknight|Body Press|p2a: Heatran
|-supereffective|p2a: Heatran
|-damage|p2a: Heatran|6/100
|
|-heal|p2a: Heatran|13/100|[from] item: Leftovers
|upkeep
|turn|14
|
|t:|1758295932
|switch|p1a: Jolteon|Jolteon, M|100/100
|-damage|p1a: Jolteon|88/100|[from] Stealth Rock
|move|p2a: Heatran|Magma Storm|p1a: Jolteon
|-damage|p1a: Jolteon|36/100
|-activate|p1a: Jolteon|move: Magma Storm|[of] p2a: Heatran
|
|-heal|p2a: Heatran|19/100|[from] item: Leftovers
|-damage|p1a: Jolteon|24/100|[from] move: Magma Storm|[partiallytrapped]
|upkeep
|turn|15
|
|t:|1758295944
|switch|p2a: Great Tusk|Great Tusk|100/100
|-enditem|p2a: Great Tusk|Booster Energy
|-activate|p2a: Great Tusk|ability: Protosynthesis|[fromitem]
|-start|p2a: Great Tusk|protosynthesisatk
|move|p1a: Jolteon|Shadow Ball|p2a: Great Tusk
|-damage|p2a: Great Tusk|44/100
|
|-end|p1a: Jolteon|Magma Storm|[partiallytrapped]|[silent]
|upkeep
|turn|16
|
|t:|1758295965
|-end|p2a: Great Tusk|Protosynthesis|[silent]
|switch|p2a: Heatran|Heatran, F|19/100
|move|p1a: Jolteon|Shadow Ball|p2a: Heatran
|-damage|p2a: Heatran|0 fnt
|faint|p2a: Heatran
|
|upkeep
|
|t:|1758295974
|switch|p2a: Weavile|Weavile, F|100/100
|-ability|p2a: Weavile|Pressure
|turn|17
|
|t:|1758295978
|switch|p1a: Corviknight|Corviknight, M|76/100
|-damage|p1a: Corviknight|64/100|[from] Stealth Rock
|move|p2a: Weavile|Swords Dance|p2a: Weavile
|-boost|p2a: Weavile|atk|2
|
|upkeep
|turn|18
|
|t:|1758295985
|move|p2a: Weavile|Knock Off|p1a: Corviknight
|-damage|p1a: Corviknight|0 fnt
|-damage|p2a: Weavile|84/100|[from] item: Rocky Helmet|[of] p1a: Corviknight
|-enditem|p1a: Corviknight|Rocky Helmet|[from] move: Knock Off|[of] p2a: Weavile
|faint|p1a: Corviknight
|-damage|p2a: Weavile|74/100|[from] item: Life Orb
|
|upkeep
|
|t:|1758295996
|switch|p1a: Scizor|Scizor, M|100/100
|-damage|p1a: Scizor|88/100|[from] Stealth Rock
|turn|19
|
|t:|1758296000
|-terastallize|p2a: Weavile|Fire
|move|p1a: Scizor|Bullet Punch|p2a: Weavile
|-resisted|p2a: Weavile
|-damage|p2a: Weavile|30/100
|move|p2a: Weavile|Knock Off|p1a: Scizor
|-crit|p1a: Scizor
|-damage|p1a: Scizor|0 fnt
|-enditem|p1a: Scizor|Choice Band|[from] move: Knock Off|[of] p2a: Weavile
|faint|p1a: Scizor
|-damage|p2a: Weavile|20/100|[from] item: Life Orb
|
|upkeep
|
|t:|1758296014
|switch|p1a: Jolteon|Jolteon, M|24/100
|-damage|p1a: Jolteon|12/100|[from] Stealth Rock
|turn|20
|
|t:|1758296020
|move|p2a: Weavile|Ice Shard|p1a: Jolteon
|-damage|p1a: Jolteon|0 fnt
|faint|p1a: Jolteon
|-damage|p2a: Weavile|10/100|[from] item: Life Orb
|
|upkeep
|
|t:|1758296024
|switch|p1a: Mew|Mew, shiny|100/100
|-damage|p1a: Mew|88/100|[from] Stealth Rock
|turn|21
|inactive|Battle timer is ON: inactive players will automatically lose when time's up. (requested by bananacrazy)
|
|t:|1758296028
|-terastallize|p1a: Mew|Fairy
|move|p2a: Weavile|Knock Off|p1a: Mew
|-resisted|p1a: Mew
|-damage|p1a: Mew|34/100
|-enditem|p1a: Mew|Sitrus Berry|[from] move: Knock Off|[of] p2a: Weavile
|-damage|p2a: Weavile|0 fnt|[from] item: Life Orb
|faint|p2a: Weavile
|move|p1a: Mew|Nasty Plot|p1a: Mew
|-boost|p1a: Mew|spa|2
|
|upkeep
|
|t:|1758296033
|switch|p2a: Enamorus|Enamorus, F|100/100
|turn|22
|
|t:|1758296048
|move|p2a: Enamorus|Moonblast|p1a: Mew
|-damage|p1a: Mew|0 fnt
|faint|p1a: Mew
|
|win|bananacrazy
|raw|syk1307's rating: 1460 &rarr; <strong>1438</strong><br />(-22 for losing)
|raw|bananacrazy's rating: 1425 &rarr; <strong>1447</strong><br />(+22 for winning)
|l|☆bananacrazy
|player|p2|
|l|☆syk1307
|player|p1|
