|j|☆raxiahsta
|j|☆owlbearmancer
|t:|1758325076
|gametype|singles
|player|p1|raxiahsta|265|1105
|player|p2|owlbearmancer|pokemaniac|1192
|gen|9
|tier|[Gen 9] OU
|rated|
|rule|HP Percentage Mod: HP is shown in percentages
|rule|Endless Battle Clause: Forcing endless battles is banned
|rule|Species Clause: Limit one of each Pokémon
|rule|OHKO Clause: OHKO moves are banned
|rule|Evasion Items Clause: Evasion items are banned
|rule|Evasion Moves Clause: Evasion moves are banned
|rule|Evasion Abilities Clause: Evasion abilities are banned
|rule|Sleep Moves Clause: Sleep-inducing moves are banned
|clearpoke
|poke|p1|Gyarados, M|
|poke|p1|Meganium, M|
|poke|p1|Tyranitar, F|
|poke|p1|Donphan, F|
|poke|p1|Vaporeon, F|
|poke|p1|Hitmonchan, M|
|poke|p2|Dragonite, F|
|poke|p2|Iron Crown|
|poke|p2|Hatterene, F|
|poke|p2|Moltres|
|poke|p2|Tentacruel, M|
|poke|p2|Landorus-Therian, M|
|teampreview
|inactive|Battle timer is ON: inactive players will automatically lose when time's up. (requested by raxiahsta)
|
|t:|1758325085
|teamsize|p1|6
|teamsize|p2|6
|start
|switch|p1a: Donphan|Donphan, F|100/100
|switch|p2a: Iron Crown|Iron Crown|100/100
|turn|1
|
|t:|1758325104
|-terastallize|p2a: Iron Crown|Water
|move|p2a: Iron Crown|Tera Blast|p1a: Donphan|[anim] Tera Blast Water
|-supereffective|p1a: Donphan
|-ability|p1a: Donphan|Sturdy
|-damage|p1a: Donphan|1/100
|move|p1a: Donphan|Knock Off|p2a: Iron Crown
|-damage|p2a: Iron Crown|64/100
|-enditem|p2a: Iron Crown|Choice Scarf|[from] move: Knock Off|[of] p1a: Donphan
|
|-heal|p1a: Donphan|7/100|[from] item: Leftovers
|upkeep
|turn|2
|
|t:|1758325121
|switch|p1a: Vaporeon|Vaporeon, F|100/100
|move|p2a: Iron Crown|Tachyon Cutter|p1a: Vaporeon
|-resisted|p1a: Vaporeon
|-damage|p1a: Vaporeon|90/100
|-resisted|p1a: Vaporeon
|-damage|p1a: Vaporeon|79/100
|-hitcount|p1a: Vaporeon|2
|
|-heal|p1a: Vaporeon|86/100|[from] item: Leftovers
|upkeep
|turn|3
|
|t:|1758325130
|move|p2a: Iron Crown|Volt Switch|p1a: Vaporeon
|-supereffective|p1a: Vaporeon
|-damage|p1a: Vaporeon|48/100
|
|t:|1758325144
|-end|p2a: Iron Crown|Quark Drive|[silent]
|switch|p2a: Tentacruel|Tentacruel, M|100/100|[from] Volt Switch
|move|p1a: Vaporeon|Wish|p1a: Vaporeon
|
|-heal|p1a: Vaporeon|54/100|[from] item: Leftovers
|upkeep
|turn|4
|c|☆raxiahsta|who u bringing out bitcchhh
|
|t:|1758325152
|move|p1a: Vaporeon|Protect|p1a: Vaporeon
|-singleturn|p1a: Vaporeon|Protect
|move|p2a: Tentacruel|Sludge Wave|p1a: Vaporeon
|-activate|p1a: Vaporeon|move: Protect
|
|-heal|p1a: Vaporeon|100/100|[from] move: Wish|[wisher] Vaporeon
|upkeep
|turn|5
|
|t:|1758325159
|switch|p1a: Meganium|Meganium, M|100/100
|move|p2a: Tentacruel|Sludge Wave|p1a: Meganium
|-supereffective|p1a: Meganium
|-damage|p1a: Meganium|49/100
|
|upkeep
|turn|6
|
|t:|1758325167
|move|p2a: Tentacruel|Sludge Wave|p1a: Meganium
|-supereffective|p1a: Meganium
|-damage|p1a: Meganium|1/100
|move|p1a: Meganium|Light Screen|p1a: Meganium
|-sidestart|p1: raxiahsta|move: Light Screen
|
|upkeep
|turn|7
|
|t:|1758325173
|switch|p1a: Tyranitar|Tyranitar, F|100/100
|-weather|Sandstorm|[from] ability: Sand Stream|[of] p1a: Tyranitar
|move|p2a: Tentacruel|Sludge Wave|p1a: Tyranitar
|-resisted|p1a: Tyranitar
|-damage|p1a: Tyranitar|95/100
|
|-weather|Sandstorm|[upkeep]
|-damage|p2a: Tentacruel|95/100|[from] Sandstorm
|upkeep
|turn|8
|
|t:|1758325182
|switch|p2a: Landorus|Landorus-Therian, M|100/100
|-ability|p2a: Landorus|Intimidate|boost
|-unboost|p1a: Tyranitar|atk|1
|move|p1a: Tyranitar|Dragon Dance|p1a: Tyranitar
|-boost|p1a: Tyranitar|atk|1
|-boost|p1a: Tyranitar|spe|1
|
|-weather|Sandstorm|[upkeep]
|upkeep
|turn|9
|c|☆raxiahsta|ooo im sor scareddd
|
|t:|1758325196
|move|p1a: Tyranitar|Crunch|p2a: Landorus
|-damage|p2a: Landorus|50/100
|move|p2a: Landorus|Earthquake|p1a: Tyranitar
|-supereffective|p1a: Tyranitar
|-damage|p1a: Tyranitar|0 fnt
|faint|p1a: Tyranitar
|
|-weather|Sandstorm|[upkeep]
|upkeep
|
|t:|1758325203
|switch|p1a: Hitmonchan|Hitmonchan, M|100/100
|turn|10
|c|☆owlbearmancer|ok
|
|t:|1758325219
|move|p2a: Landorus|U-turn|p1a: Hitmonchan
|-resisted|p1a: Hitmonchan
|-damage|p1a: Hitmonchan|84/100
|c|☆raxiahsta|ok
|
|t:|1758325226
|switch|p2a: Moltres|Moltres|100/100|[from] U-turn
|move|p1a: Hitmonchan|Ice Punch|p2a: Moltres
|-damage|p2a: Moltres|73/100
|-status|p1a: Hitmonchan|brn|[from] ability: Flame Body|[of] p2a: Moltres
|
|-weather|Sandstorm|[upkeep]
|-damage|p2a: Moltres|67/100|[from] Sandstorm
|-damage|p1a: Hitmonchan|78/100 brn|[from] Sandstorm
|-damage|p1a: Hitmonchan|72/100 brn|[from] brn
|upkeep
|turn|11
|c|☆raxiahsta|lil bitch using legendaries lol
|
|t:|1758325246
|switch|p1a: Meganium|Meganium, M|1/100
|move|p2a: Moltres|Roost|p2a: Moltres
|-heal|p2a: Moltres|100/100
|-singleturn|p2a: Moltres|move: Roost
|
|-weather|none
|upkeep
|turn|12
|c|☆owlbearmancer|oh ok
|inactive|owlbearmancer has 120 seconds left.
|c|☆raxiahsta|ok
|
|t:|1758325273
|move|p2a: Moltres|Scorching Sands|p1a: Meganium
|-resisted|p1a: Meganium
|-damage|p1a: Meganium|0 fnt
|faint|p1a: Meganium
|
|upkeep
|
|t:|1758325278
|switch|p1a: Gyarados|Gyarados, M, shiny|100/100
|-ability|p1a: Gyarados|Intimidate|boost
|-unboost|p2a: Moltres|atk|1
|turn|13
|
|t:|1758325285
|switch|p2a: Landorus|Landorus-Therian, M|50/100
|-ability|p2a: Landorus|Intimidate|boost
|-unboost|p1a: Gyarados|atk|1
|move|p1a: Gyarados|Dragon Dance|p1a: Gyarados
|-boost|p1a: Gyarados|atk|1
|-boost|p1a: Gyarados|spe|1
|
|-sideend|p1: raxiahsta|move: Light Screen
|upkeep
|turn|14
|c|☆raxiahsta|ok
|
|t:|1758325299
|move|p1a: Gyarados|Waterfall|p2a: Landorus
|-supereffective|p2a: Landorus
|-damage|p2a: Landorus|0 fnt
|faint|p2a: Landorus
|
|upkeep
|inactive|owlbearmancer has 120 seconds left.
|
|t:|1758325315
|switch|p2a: Moltres|Moltres|100/100
|turn|15
|c|☆raxiahsta|who u sending next bitvh
|inactive|owlbearmancer has 120 seconds left.
|
|t:|1758325327
|switch|p2a: Tentacruel|Tentacruel, M|95/100
|move|p1a: Gyarados|Waterfall|p2a: Tentacruel
|-resisted|p2a: Tentacruel
|-damage|p2a: Tentacruel|61/100
|
|upkeep
|turn|16
|inactive|owlbearmancer has 120 seconds left.
|
|t:|1758325339
|move|p2a: Tentacruel|Sludge Wave|p1a: Gyarados
|-damage|p1a: Gyarados|66/100
|move|p1a: Gyarados|Earthquake|p2a: Tentacruel
|-supereffective|p2a: Tentacruel
|-damage|p2a: Tentacruel|0 fnt
|faint|p2a: Tentacruel
|
|upkeep
|inactive|owlbearmancer has 120 seconds left.
|
|t:|1758325351
|switch|p2a: Iron Crown|Iron Crown, tera:Water|64/100
|turn|17
|inactive|owlbearmancer has 120 seconds left.
|
|t:|1758325358
|move|p1a: Gyarados|Outrage|p2a: Iron Crown
|-damage|p2a: Iron Crown|18/100
|move|p2a: Iron Crown|Volt Switch|p1a: Gyarados
|-supereffective|p1a: Gyarados
|-damage|p1a: Gyarados|0 fnt
|faint|p1a: Gyarados
|inactive|owlbearmancer has 120 seconds left.
|c|☆raxiahsta|whos next???
|inactive|owlbearmancer has 90 seconds left.
|
|t:|1758325398
|-end|p2a: Iron Crown|Quark Drive|[silent]
|switch|p2a: Dragonite|Dragonite, F, shiny|100/100|[from] Volt Switch
|
|upkeep
|
|t:|1758325403
|switch|p1a: Vaporeon|Vaporeon, F|100/100
|turn|18
|
|t:|1758325408
|move|p2a: Dragonite|Dragon Dance|p2a: Dragonite
|-boost|p2a: Dragonite|atk|1
|-boost|p2a: Dragonite|spe|1
|move|p1a: Vaporeon|Ice Beam|p2a: Dragonite
|-supereffective|p2a: Dragonite
|-damage|p2a: Dragonite|49/100
|-enditem|p2a: Dragonite|Weakness Policy
|-boost|p2a: Dragonite|atk|2|[from] item: Weakness Policy
|-boost|p2a: Dragonite|spa|2|[from] item: Weakness Policy
|
|upkeep
|turn|19
|c|☆raxiahsta|try it
|inactive|owlbearmancer has 90 seconds left.
|
|t:|1758325423
|move|p2a: Dragonite|Earthquake|p1a: Vaporeon
|-damage|p1a: Vaporeon|0 fnt
|faint|p1a: Vaporeon
|
|upkeep
|
|t:|1758325428
|switch|p1a: Hitmonchan|Hitmonchan, M|72/100 brn
|turn|20
|c|☆owlbearmancer|try what
|-message|raxiahsta forfeited.
|
|win|owlbearmancer
|raw|raxiahsta's rating: 1105 &rarr; <strong>1086</strong><br />(-19 for losing)
|raw|owlbearmancer's rating: 1192 &rarr; <strong>1211</strong><br />(+19 for winning)
|l|☆raxiahsta
|player|p1|
