|j|☆Winter escape
|j|☆St. Saturn
|t:|1758254503
|gametype|singles
|player|p1|Winter escape|roughneck|1288
|player|p2|St. Saturn|hilbert|1351
|gen|9
|tier|[Gen 9] OU
|rated|
|rule|HP Percentage Mod: HP is shown in percentages
|rule|Endless Battle Clause: Forcing endless battles is banned
|rule|Species Clause: Limit one of each Pokémon
|rule|OHKO Clause: OHKO moves are banned
|rule|Evasion Items Clause: Evasion items are banned
|rule|Evasion Moves Clause: Evasion moves are banned
|rule|Evasion Abilities Clause: Evasion abilities are banned
|rule|Sleep Moves Clause: Sleep-inducing moves are banned
|clearpoke
|poke|p1|Fezandipiti, M|
|poke|p1|Ceruledge, M|
|poke|p1|Hatterene, F|
|poke|p1|Great Tusk|
|poke|p1|Araquanid, M|
|poke|p1|Weavile, M|
|poke|p2|Dragapult, F|
|poke|p2|Dragonite, F|
|poke|p2|Ting-Lu|
|poke|p2|Weezing-Galar, F|
|poke|p2|Iron Crown|
|poke|p2|Zapdos|
|teampreview
|inactive|Battle timer is ON: inactive players will automatically lose when time's up. (requested by St. Saturn)
|
|t:|1758254516
|teamsize|p1|6
|teamsize|p2|6
|start
|switch|p1a: Fezandipiti|Fezandipiti, M|100/100
|switch|p2a: Weezing|Weezing-Galar, F|100/100
|-ability|p2a: Weezing|Neutralizing Gas
|turn|1
|
|t:|1758254529
|move|p1a: Fezandipiti|U-turn|p2a: Weezing
|-resisted|p2a: Weezing
|-damage|p2a: Weezing|98/100
|
|t:|1758254546
|switch|p1a: Hatterene|Hatterene, F|100/100|[from] U-turn
|move|p2a: Weezing|Will-O-Wisp|p1a: Hatterene
|-status|p1a: Hatterene|brn
|
|-damage|p1a: Hatterene|95/100 brn|[from] brn
|upkeep
|turn|2
|
|t:|1758254568
|move|p2a: Weezing|Strange Steam|p1a: Hatterene
|-damage|p1a: Hatterene|65/100 brn
|-enditem|p1a: Hatterene|Eject Button
|
|t:|1758254582
|switch|p1a: Ceruledge|Ceruledge, M|100/100
|
|upkeep
|turn|3
|
|t:|1758254601
|-end|p2a: Weezing|ability: Neutralizing Gas
|switch|p2a: Ting-Lu|Ting-Lu|100/100
|-ability|p2a: Ting-Lu|Vessel of Ruin
|move|p1a: Ceruledge|Taunt|p2a: Ting-Lu
|-start|p2a: Ting-Lu|move: Taunt
|
|upkeep
|turn|4
|
|t:|1758254611
|move|p1a: Ceruledge|Bulk Up|p1a: Ceruledge
|-boost|p1a: Ceruledge|atk|1
|-boost|p1a: Ceruledge|def|1
|move|p2a: Ting-Lu|Earthquake|p1a: Ceruledge
|-supereffective|p1a: Ceruledge
|-damage|p1a: Ceruledge|45/100
|
|upkeep
|turn|5
|
|t:|1758254621
|-terastallize|p1a: Ceruledge|Bug
|move|p1a: Ceruledge|Bulk Up|p1a: Ceruledge
|-boost|p1a: Ceruledge|atk|1
|-boost|p1a: Ceruledge|def|1
|move|p2a: Ting-Lu|Earthquake|p1a: Ceruledge
|-resisted|p1a: Ceruledge
|-damage|p1a: Ceruledge|34/100
|
|-end|p2a: Ting-Lu|move: Taunt
|upkeep
|turn|6
|
|t:|1758254635
|move|p1a: Ceruledge|Bitter Blade|p2a: Ting-Lu
|-damage|p2a: Ting-Lu|61/100
|-heal|p1a: Ceruledge|63/100|[from] drain|[of] p2a: Ting-Lu
|move|p2a: Ting-Lu|Whirlwind|p1a: Ceruledge
|drag|p1a: Weavile|Weavile, M|100/100
|-ability|p1a: Weavile|Pressure
|
|-heal|p2a: Ting-Lu|68/100|[from] item: Leftovers
|upkeep
|turn|7
|inactive|Winter escape has 120 seconds left.
|
|t:|1758254666
|switch|p2a: Weezing|Weezing-Galar, F|98/100
|-ability|p2a: Weezing|Neutralizing Gas
|move|p1a: Weavile|Knock Off|p2a: Weezing
|-resisted|p2a: Weezing
|-damage|p2a: Weezing|83/100
|-enditem|p2a: Weezing|Heavy-Duty Boots|[from] move: Knock Off|[of] p1a: Weavile
|
|upkeep
|turn|8
|inactive|Winter escape has 120 seconds left.
|
|t:|1758254681
|switch|p1a: Hatterene|Hatterene, F|65/100 brn
|move|p2a: Weezing|Strange Steam|p1a: Hatterene
|-damage|p1a: Hatterene|37/100 brn
|
|-damage|p1a: Hatterene|31/100 brn|[from] brn
|upkeep
|turn|9
|inactive|Winter escape has 120 seconds left.
|
|t:|1758254699
|move|p2a: Weezing|Strange Steam|p1a: Hatterene
|-damage|p1a: Hatterene|4/100 brn
|move|p1a: Hatterene|Future Sight|p2a: Weezing
|-start|p1a: Hatterene|move: Future Sight
|
|-damage|p1a: Hatterene|0 fnt|[from] brn
|faint|p1a: Hatterene
|upkeep
|
|t:|1758254714
|switch|p1a: Weavile|Weavile, M|100/100
|turn|10
|
|t:|1758254726
|move|p1a: Weavile|Swords Dance|p1a: Weavile
|-boost|p1a: Weavile|atk|2
|move|p2a: Weezing|Will-O-Wisp|p1a: Weavile
|-status|p1a: Weavile|brn
|
|-damage|p1a: Weavile|94/100 brn|[from] brn
|upkeep
|turn|11
|
|t:|1758254740
|move|p1a: Weavile|Swords Dance|p1a: Weavile
|-boost|p1a: Weavile|atk|2
|move|p2a: Weezing|Strange Steam|p1a: Weavile
|-supereffective|p1a: Weavile
|-damage|p1a: Weavile|17/100 brn
|
|-end|p2a: Weezing|move: Future Sight
|-supereffective|p2a: Weezing
|-damage|p2a: Weezing|0 fnt
|faint|p2a: Weezing
|-end|p2a: Weezing|ability: Neutralizing Gas
|-ability|p1a: Weavile|Pressure
|-damage|p1a: Weavile|11/100 brn|[from] brn
|upkeep
|
|t:|1758254752
|switch|p2a: Ting-Lu|Ting-Lu|68/100
|-ability|p2a: Ting-Lu|Vessel of Ruin
|turn|12
|
|t:|1758254757
|-terastallize|p2a: Ting-Lu|Water
|move|p1a: Weavile|Triple Axel|p2a: Ting-Lu
|-resisted|p2a: Ting-Lu
|-damage|p2a: Ting-Lu|64/100
|-resisted|p2a: Ting-Lu
|-damage|p2a: Ting-Lu|55/100
|-resisted|p2a: Ting-Lu
|-damage|p2a: Ting-Lu|43/100
|-hitcount|p2a: Ting-Lu|3
|move|p2a: Ting-Lu|Earthquake|p1a: Weavile
|-damage|p1a: Weavile|0 fnt
|faint|p1a: Weavile
|
|-heal|p2a: Ting-Lu|49/100|[from] item: Leftovers
|upkeep
|
|t:|1758254772
|switch|p1a: Fezandipiti|Fezandipiti, M|100/100
|turn|13
|
|t:|1758254776
|move|p1a: Fezandipiti|Beat Up|p2a: Ting-Lu
|-damage|p2a: Ting-Lu|48/100
|-status|p2a: Ting-Lu|tox|[from] ability: Toxic Chain|[of] p1a: Fezandipiti
|-damage|p2a: Ting-Lu|45/100 tox
|-damage|p2a: Ting-Lu|44/100 tox
|-damage|p2a: Ting-Lu|42/100 tox
|-hitcount|p2a: Ting-Lu|4
|move|p2a: Ting-Lu|Earthquake|p1a: Fezandipiti
|-supereffective|p1a: Fezandipiti
|-damage|p1a: Fezandipiti|26/100
|
|-heal|p2a: Ting-Lu|48/100 tox|[from] item: Leftovers
|-damage|p2a: Ting-Lu|42/100 tox|[from] psn
|upkeep
|turn|14
|inactive|Winter escape has 120 seconds left.
|
|t:|1758254789
|move|p1a: Fezandipiti|U-turn|p2a: Ting-Lu
|-damage|p2a: Ting-Lu|33/100 tox
|
|t:|1758254792
|switch|p1a: Araquanid|Araquanid, M|100/100|[from] U-turn
|move|p2a: Ting-Lu|Earthquake|p1a: Araquanid
|-resisted|p1a: Araquanid
|-damage|p1a: Araquanid|83/100
|
|-heal|p2a: Ting-Lu|39/100 tox|[from] item: Leftovers
|-damage|p2a: Ting-Lu|27/100 tox|[from] psn
|upkeep
|turn|15
|
|t:|1758254807
|switch|p2a: Iron Crown|Iron Crown|100/100
|move|p1a: Araquanid|Sticky Web|p2a: Iron Crown
|-sidestart|p2: St. Saturn|move: Sticky Web
|
|upkeep
|turn|16
|inactive|Winter escape has 120 seconds left.
|
|t:|1758254828
|move|p2a: Iron Crown|Psyshock|p1a: Araquanid
|-crit|p1a: Araquanid
|-damage|p1a: Araquanid|0 fnt
|faint|p1a: Araquanid
|
|upkeep
|
|t:|1758254837
|switch|p1a: Ceruledge|Ceruledge, M, tera:Bug|63/100
|turn|17
|
|t:|1758254842
|-end|p2a: Iron Crown|Quark Drive|[silent]
|switch|p2a: Ting-Lu|Ting-Lu, tera:Water|27/100 tox
|-activate|p2a: Ting-Lu|move: Sticky Web
|-unboost|p2a: Ting-Lu|spe|1
|-ability|p2a: Ting-Lu|Vessel of Ruin
|move|p1a: Ceruledge|Bitter Blade|p2a: Ting-Lu
|-resisted|p2a: Ting-Lu
|-damage|p2a: Ting-Lu|16/100 tox
|-heal|p1a: Ceruledge|71/100|[from] drain|[of] p2a: Ting-Lu
|
|-heal|p2a: Ting-Lu|23/100 tox|[from] item: Leftovers
|-damage|p2a: Ting-Lu|16/100 tox|[from] psn
|upkeep
|turn|18
|
|t:|1758254857
|move|p1a: Ceruledge|Bulk Up|p1a: Ceruledge
|-boost|p1a: Ceruledge|atk|1
|-boost|p1a: Ceruledge|def|1
|move|p2a: Ting-Lu|Earthquake|p1a: Ceruledge
|-resisted|p1a: Ceruledge
|-damage|p1a: Ceruledge|57/100
|
|-heal|p2a: Ting-Lu|23/100 tox|[from] item: Leftovers
|-damage|p2a: Ting-Lu|10/100 tox|[from] psn
|upkeep
|turn|19
|inactive|Winter escape has 120 seconds left.
|
|t:|1758254872
|move|p1a: Ceruledge|Bitter Blade|p2a: Ting-Lu
|-resisted|p2a: Ting-Lu
|-damage|p2a: Ting-Lu|0 fnt
|-heal|p1a: Ceruledge|64/100|[from] drain|[of] p2a: Ting-Lu
|faint|p2a: Ting-Lu
|
|upkeep
|
|t:|1758254892
|switch|p2a: Iron Crown|Iron Crown|100/100
|-activate|p2a: Iron Crown|move: Sticky Web
|-unboost|p2a: Iron Crown|spe|1
|turn|20
|
|t:|1758254902
|move|p1a: Ceruledge|Bitter Blade|p2a: Iron Crown
|-supereffective|p2a: Iron Crown
|-damage|p2a: Iron Crown|0 fnt
|-heal|p1a: Ceruledge|100/100|[from] drain|[of] p2a: Iron Crown
|faint|p2a: Iron Crown
|-end|p2a: Iron Crown|Quark Drive|[silent]
|
|upkeep
|
|t:|1758254911
|switch|p2a: Dragapult|Dragapult, F|100/100
|turn|21
|
|t:|1758254917
|move|p2a: Dragapult|Will-O-Wisp|p1a: Ceruledge
|-start|p1a: Ceruledge|ability: Flash Fire
|move|p1a: Ceruledge|Bulk Up|p1a: Ceruledge
|-boost|p1a: Ceruledge|atk|1
|-boost|p1a: Ceruledge|def|1
|
|upkeep
|turn|22
|l|☆St. Saturn
|inactive|St. Saturn disconnected and has a minute to reconnect!
|player|p2|
|j|☆St. Saturn
|inactive|St. Saturn reconnected and has 125 seconds left.
|player|p2|St. Saturn|hilbert|
|inactive|St. Saturn has 120 seconds left.
|
|t:|1758254949
|move|p1a: Ceruledge|Shadow Sneak|p2a: Dragapult
|-supereffective|p2a: Dragapult
|-damage|p2a: Dragapult|15/100
|move|p2a: Dragapult|Hex|p1a: Ceruledge
|-damage|p1a: Ceruledge|80/100
|
|upkeep
|turn|23
|
|t:|1758254964
|move|p2a: Dragapult|Hex|p1a: Ceruledge
|-damage|p1a: Ceruledge|60/100
|move|p1a: Ceruledge|Bitter Blade|p2a: Dragapult
|-resisted|p2a: Dragapult
|-damage|p2a: Dragapult|0 fnt
|-heal|p1a: Ceruledge|67/100|[from] drain|[of] p2a: Dragapult
|faint|p2a: Dragapult
|
|upkeep
|
|t:|1758254969
|switch|p2a: Zapdos|Zapdos|100/100
|turn|24
|
|t:|1758254980
|move|p2a: Zapdos|Hurricane|p1a: Ceruledge
|-supereffective|p1a: Ceruledge
|-damage|p1a: Ceruledge|0 fnt
|faint|p1a: Ceruledge
|
|upkeep
|
|t:|1758254986
|switch|p1a: Fezandipiti|Fezandipiti, M|26/100
|turn|25
|
|t:|1758254997
|move|p1a: Fezandipiti|Beat Up|p2a: Zapdos
|-damage|p2a: Zapdos|97/100
|-damage|p2a: Zapdos|92/100
|-status|p2a: Zapdos|tox|[from] ability: Toxic Chain|[of] p1a: Fezandipiti
|-hitcount|p2a: Zapdos|2
|move|p2a: Zapdos|Volt Switch|p1a: Fezandipiti
|-damage|p1a: Fezandipiti|8/100
|
|t:|1758255004
|switch|p2a: Dragonite|Dragonite, F|100/100|[from] Volt Switch
|
|upkeep
|turn|26
|
|t:|1758255008
|move|p2a: Dragonite|Extreme Speed|p1a: Fezandipiti
|-damage|p1a: Fezandipiti|0 fnt
|faint|p1a: Fezandipiti
|
|upkeep
|
|t:|1758255012
|switch|p1a: Great Tusk|Great Tusk|100/100
|-enditem|p1a: Great Tusk|Booster Energy
|-activate|p1a: Great Tusk|ability: Protosynthesis|[fromitem]
|-start|p1a: Great Tusk|protosynthesisdef
|turn|27
|
|t:|1758255022
|move|p1a: Great Tusk|Rapid Spin|p2a: Dragonite
|-damage|p2a: Dragonite|92/100
|-boost|p1a: Great Tusk|spe|1
|move|p2a: Dragonite|Earthquake|p1a: Great Tusk
|-damage|p1a: Great Tusk|80/100
|
|upkeep
|turn|28
|
|t:|1758255029
|move|p1a: Great Tusk|Ice Spinner|p2a: Dragonite
|-supereffective|p2a: Dragonite
|-damage|p2a: Dragonite|0 fnt
|faint|p2a: Dragonite
|
|upkeep
|
|t:|1758255033
|switch|p2a: Zapdos|Zapdos|92/100 tox
|turn|29
|
|t:|1758255036
|move|p1a: Great Tusk|Ice Spinner|p2a: Zapdos
|-supereffective|p2a: Zapdos
|-damage|p2a: Zapdos|33/100 tox
|move|p2a: Zapdos|Hurricane|p1a: Great Tusk
|-supereffective|p1a: Great Tusk
|-damage|p1a: Great Tusk|0 fnt
|faint|p1a: Great Tusk
|-end|p1a: Great Tusk|Protosynthesis|[silent]
|
|win|St. Saturn
|raw|Winter escape's rating: 1288 &rarr; <strong>1267</strong><br />(-21 for losing)
|raw|St. Saturn's rating: 1351 &rarr; <strong>1367</strong><br />(+16 for winning)
|c|☆Winter escape|gg
|l|☆St. Saturn
|player|p2|
|l|☆Winter escape
|player|p1|
