|j|☆omari p
|j|☆jamel1
|t:|1758249402
|gametype|singles
|player|p1|omari p|pokemonrangerf|1807
|player|p2|jamel1|cyrus|1775
|gen|9
|tier|[Gen 9] OU
|rated|
|rule|HP Percentage Mod: HP is shown in percentages
|rule|Endless Battle Clause: Forcing endless battles is banned
|rule|Species Clause: Limit one of each Pokémon
|rule|OHKO Clause: OHKO moves are banned
|rule|Evasion Items Clause: Evasion items are banned
|rule|Evasion Moves Clause: Evasion moves are banned
|rule|Evasion Abilities Clause: Evasion abilities are banned
|rule|Sleep Moves Clause: Sleep-inducing moves are banned
|clearpoke
|poke|p1|Deoxys-Speed|
|poke|p1|Toxapex, M|
|poke|p1|Corviknight, M|
|poke|p1|Thundurus-Therian, M|
|poke|p1|Dragapult, M|
|poke|p1|Necrozma|
|poke|p2|Sandaconda, F|
|poke|p2|Deoxys-Defense|
|poke|p2|Gyarados, M|
|poke|p2|Maushold|
|poke|p2|Serperior, F|
|poke|p2|Alcremie, F|
|teampreview
|j| KFCrusaider
|l| KFCrusaider
|j| wgw2333
|inactive|Battle timer is ON: inactive players will automatically lose when time's up. (requested by jamel1)
|l|☆omari p
|inactive|omari p disconnected and has a minute to reconnect!
|player|p1|
|j|☆omari p
|inactive|omari p reconnected and has 135 seconds left.
|player|p1|omari p|pokemonrangerf|
|c|☆omari p|ok!
|c|☆omari p|sorry
|inactive|omari p has 120 seconds left.
|j| htcl
|j| PlumGaminer
|
|t:|1758249604
|teamsize|p1|6
|teamsize|p2|6
|start
|switch|p1a: Deoxys|Deoxys-Speed|100/100
|switch|p2a: Sandaconda|Sandaconda, F|100/100
|-ability|p1a: Deoxys|Pressure
|turn|1
|j|+Mada
|l|+Mada
|
|t:|1758249610
|move|p1a: Deoxys|Stealth Rock|p2a: Sandaconda
|-sidestart|p2: jamel1|move: Stealth Rock
|move|p2a: Sandaconda|Earthquake|p1a: Deoxys
|-damage|p1a: Deoxys|35/100
|
|upkeep
|turn|2
|c| htcl|damn wtf
|j| boxedwooper
|c| htcl|his team is heat
|c| PlumGaminer|oooo
|
|t:|1758249614
|move|p1a: Deoxys|Ice Beam|p2a: Sandaconda
|-supereffective|p2a: Sandaconda
|-damage|p2a: Sandaconda|16/100
|-status|p2a: Sandaconda|frz
|cant|p2a: Sandaconda|frz
|
|-activate|p2a: Sandaconda|ability: Shed Skin
|-curestatus|p2a: Sandaconda|frz|[msg]
|upkeep
|turn|3
|c|☆omari p|ROTFL
|c| boxedwooper|dam
|c| htcl|shed skin
|
|t:|1758249624
|move|p1a: Deoxys|Ice Beam|p2a: Sandaconda
|-supereffective|p2a: Sandaconda
|-crit|p2a: Sandaconda
|-damage|p2a: Sandaconda|0 fnt
|faint|p2a: Sandaconda
|
|upkeep
|c| htcl|lmfaooo
|
|t:|1758249627
|switch|p2a: Maushold|Maushold|100/100
|-damage|p2a: Maushold|88/100|[from] Stealth Rock
|turn|4
|
|t:|1758249630
|move|p1a: Deoxys|Psycho Boost|p2a: Maushold
|-damage|p2a: Maushold|3/100
|-unboost|p1a: Deoxys|spa|2
|move|p2a: Maushold|Thunder Wave|p1a: Deoxys|[miss]
|-miss|p2a: Maushold|p1a: Deoxys
|
|upkeep
|turn|5
|c| PlumGaminer|Deoxys speed is fast and can freeze it's opponents
|
|t:|1758249635
|move|p1a: Deoxys|Ice Beam|p2a: Maushold
|-damage|p2a: Maushold|0 fnt
|faint|p2a: Maushold
|
|upkeep
|
|t:|1758249636
|switch|p2a: Deoxys|Deoxys-Defense|100/100
|-damage|p2a: Deoxys|88/100|[from] Stealth Rock
|-ability|p2a: Deoxys|Pressure
|turn|6
|c| htcl|damn
|c| boxedwooper|BRUH
|c| PlumGaminer|noooo
|c| htcl|we're just getting
|
|t:|1758249641
|switch|p1a: Dragapult|Dragapult, M|100/100
|switch|p2a: Serperior|Serperior, F, shiny|100/100
|-damage|p2a: Serperior|88/100|[from] Stealth Rock
|
|upkeep
|turn|7
|c| htcl|turbo unlucky
|
|t:|1758249644
|move|p1a: Dragapult|U-turn|p2a: Serperior
|-supereffective|p2a: Serperior
|-crit|p2a: Serperior
|-damage|p2a: Serperior|0 fnt
|faint|p2a: Serperior
|c|☆omari p|ok
|j| RATSMOKER5793
|c|☆omari p|this is getting out of control
|c| PlumGaminer|BRU
|
|t:|1758249660
|switch|p1a: Deoxys|Deoxys-Speed|35/100|[from] U-turn
|-ability|p1a: Deoxys|Pressure
|
|upkeep
|c| htcl|the universe is punishing him
|c| htcl|for not bringing standard teams
|c| htcl|unlucky...
|
|t:|1758249666
|switch|p2a: Deoxys|Deoxys-Defense|88/100
|-damage|p2a: Deoxys|75/100|[from] Stealth Rock
|-ability|p2a: Deoxys|Pressure
|turn|8
|
|t:|1758249672
|move|p1a: Deoxys|Nasty Plot|p1a: Deoxys
|-boost|p1a: Deoxys|spa|2
|move|p2a: Deoxys|Cosmic Power|p2a: Deoxys
|-boost|p2a: Deoxys|def|1
|-boost|p2a: Deoxys|spd|1
|
|upkeep
|turn|9
|
|t:|1758249674
|move|p1a: Deoxys|Ice Beam|p2a: Deoxys
|-damage|p2a: Deoxys|50/100
|move|p2a: Deoxys|Cosmic Power|p2a: Deoxys
|-boost|p2a: Deoxys|def|1
|-boost|p2a: Deoxys|spd|1
|
|upkeep
|turn|10
|
|t:|1758249677
|switch|p1a: Dragapult|Dragapult, M|100/100
|move|p2a: Deoxys|Recover|p2a: Deoxys
|-heal|p2a: Deoxys|100/100
|
|upkeep
|turn|11
|
|t:|1758249679
|-terastallize|p1a: Dragapult|Ghost
|move|p1a: Dragapult|Tera Blast|p2a: Deoxys|[anim] Tera Blast Ghost
|-supereffective|p2a: Deoxys
|-damage|p2a: Deoxys|52/100
|-enditem|p2a: Deoxys|Weakness Policy
|-boost|p2a: Deoxys|atk|2|[from] item: Weakness Policy
|-boost|p2a: Deoxys|spa|2|[from] item: Weakness Policy
|move|p2a: Deoxys|Cosmic Power|p2a: Deoxys
|-boost|p2a: Deoxys|def|1
|-boost|p2a: Deoxys|spd|1
|
|upkeep
|turn|12
|
|t:|1758249683
|-terastallize|p2a: Deoxys|Steel
|move|p1a: Dragapult|Tera Blast|p2a: Deoxys|[anim] Tera Blast Ghost
|-damage|p2a: Deoxys|33/100
|move|p2a: Deoxys|Recover|p2a: Deoxys
|-heal|p2a: Deoxys|83/100
|
|upkeep
|turn|13
|
|t:|1758249687
|move|p1a: Dragapult|Tera Blast|p2a: Deoxys|[anim] Tera Blast Ghost
|-damage|p2a: Deoxys|62/100
|move|p2a: Deoxys|Cosmic Power|p2a: Deoxys
|-boost|p2a: Deoxys|def|1
|-boost|p2a: Deoxys|spd|1
|
|upkeep
|turn|14
|c| htcl|ayo
|j| ten three one
|c| wgw2333|gg
|
|t:|1758249690
|move|p1a: Dragapult|Tera Blast|p2a: Deoxys|[anim] Tera Blast Ghost
|-damage|p2a: Deoxys|44/100
|move|p2a: Deoxys|Recover|p2a: Deoxys
|-heal|p2a: Deoxys|94/100
|
|upkeep
|turn|15
|j| Ske
|
|t:|1758249695
|switch|p1a: Thundurus|Thundurus-Therian, M|100/100
|move|p2a: Deoxys|Cosmic Power|p2a: Deoxys
|-boost|p2a: Deoxys|def|1
|-boost|p2a: Deoxys|spd|1
|
|upkeep
|turn|16
|
|t:|1758249697
|move|p1a: Thundurus|Thunderbolt|p2a: Deoxys
|-damage|p2a: Deoxys|84/100
|move|p2a: Deoxys|Cosmic Power|p2a: Deoxys
|-boost|p2a: Deoxys|def|1
|-boost|p2a: Deoxys|spd|1
|
|upkeep
|turn|17
|c| PlumGaminer|what did bro do to gamefreak to get this punishment
|c| htcl|surely we crit
|j| f0rtnyte pleyor
|c| htcl|eventually
|
|t:|1758249701
|move|p1a: Thundurus|Thunderbolt|p2a: Deoxys
|-damage|p2a: Deoxys|76/100
|move|p2a: Deoxys|Stored Power|p1a: Thundurus
|-damage|p1a: Thundurus|0 fnt
|faint|p1a: Thundurus
|
|upkeep
|c| htcl|mayday
|c| PlumGaminer|oh god
|c| PlumGaminer|wait
|c|☆omari p|i lose here actually
|
|t:|1758249720
|switch|p1a: Deoxys|Deoxys-Speed|35/100
|-ability|p1a: Deoxys|Pressure
|turn|18
|j| ohkopon
|
|t:|1758249725
|move|p1a: Deoxys|Ice Beam|p2a: Deoxys
|-resisted|p2a: Deoxys
|-damage|p2a: Deoxys|74/100
|move|p2a: Deoxys|Stored Power|p1a: Deoxys
|-resisted|p1a: Deoxys
|-damage|p1a: Deoxys|0 fnt
|faint|p1a: Deoxys
|
|upkeep
|
|t:|1758249729
|switch|p1a: Dragapult|Dragapult, M, tera:Ghost|100/100
|turn|19
|
|t:|1758249733
|move|p1a: Dragapult|Tera Blast|p2a: Deoxys|[anim] Tera Blast Ghost
|-damage|p2a: Deoxys|60/100
|move|p2a: Deoxys|Stored Power|p1a: Dragapult
|-damage|p1a: Dragapult|0 fnt
|faint|p1a: Dragapult
|
|upkeep
|
|t:|1758249737
|switch|p1a: Toxapex|Toxapex, M|100/100
|turn|20
|j| shikuleo
|
|t:|1758249741
|move|p2a: Deoxys|Stored Power|p1a: Toxapex
|-supereffective|p1a: Toxapex
|-damage|p1a: Toxapex|0 fnt
|faint|p1a: Toxapex
|
|upkeep
|c|☆omari p|gg
|-message|omari p forfeited.
|
|win|jamel1
|raw|omari p's rating: 1807 &rarr; <strong>1785</strong><br />(-22 for losing)
|raw|jamel1's rating: 1775 &rarr; <strong>1797</strong><br />(+22 for winning)
|l|☆omari p
|player|p1|
|l| f0rtnyte pleyor
|l| htcl
|l| shikuleo
|l| ten three one
|l| wgw2333
|l| ohkopon
|l| PlumGaminer
|l| RATSMOKER5793
