|j|☆Navi loves L
|j|☆zabbaman
|t:|1758303617
|gametype|singles
|player|p1|Navi loves L|lass-gen4|1675
|player|p2|zabbaman|265|1682
|gen|9
|tier|[Gen 9] OU
|rated|
|rule|HP Percentage Mod: HP is shown in percentages
|rule|Endless Battle Clause: Forcing endless battles is banned
|rule|Species Clause: Limit one of each Pokémon
|rule|OHKO Clause: OHKO moves are banned
|rule|Evasion Items Clause: Evasion items are banned
|rule|Evasion Moves Clause: Evasion moves are banned
|rule|Evasion Abilities Clause: Evasion abilities are banned
|rule|Sleep Moves Clause: Sleep-inducing moves are banned
|clearpoke
|poke|p1|Rillaboom, F|
|poke|p1|Hawlucha, F|
|poke|p1|Glimmora, F|
|poke|p1|Kingambit, F|
|poke|p1|Serperior, F|
|poke|p1|Hatterene, F|
|poke|p2|Tyranitar, M|
|poke|p2|Garchomp, F|
|poke|p2|Salamence, M|
|poke|p2|Clefable, F|
|poke|p2|Gholdengo|
|poke|p2|Excadrill, M|
|teampreview
|inactive|Battle timer is ON: inactive players will automatically lose when time's up. (requested by zabbaman)
|
|t:|1758303638
|teamsize|p1|6
|teamsize|p2|6
|start
|switch|p1a: Serperior|Serperior, F|100/100
|switch|p2a: Gholdengo|Gholdengo|100/100
|-item|p2a: Gholdengo|Air Balloon
|turn|1
|
|t:|1758303653
|move|p1a: Serperior|Leaf Storm|p2a: Gholdengo
|-resisted|p2a: Gholdengo
|-damage|p2a: Gholdengo|77/100
|-boost|p1a: Serperior|spa|2
|-enditem|p2a: Gholdengo|Air Balloon
|move|p2a: Gholdengo|Shadow Ball|p1a: Serperior
|-damage|p1a: Serperior|43/100
|
|-heal|p1a: Serperior|50/100|[from] item: Leftovers
|upkeep
|turn|2
|
|t:|1758303679
|switch|p1a: Kingambit|Kingambit, F|100/100
|move|p2a: Gholdengo|Shadow Ball|p1a: Kingambit
|-resisted|p1a: Kingambit
|-damage|p1a: Kingambit|77/100
|
|-heal|p1a: Kingambit|83/100|[from] item: Leftovers
|upkeep
|turn|3
|
|t:|1758303691
|switch|p2a: Salamence|Salamence, M|100/100
|-ability|p2a: Salamence|Intimidate|boost
|-unboost|p1a: Kingambit|atk|1
|-end|p1a: Kingambit|fallenundefined|[silent]
|switch|p1a: Rillaboom|Rillaboom, F|100/100
|-fieldstart|move: Grassy Terrain|[from] ability: Grassy Surge|[of] p1a: Rillaboom
|
|upkeep
|turn|4
|
|t:|1758303697
|switch|p1a: Glimmora|Glimmora, F|100/100
|move|p2a: Salamence|Hurricane|p1a: Glimmora|[miss]
|-miss|p2a: Salamence|p1a: Glimmora
|
|upkeep
|turn|5
|inactive|Navi loves L has 120 seconds left.
|
|t:|1758303731
|switch|p2a: Tyranitar|Tyranitar, M, shiny|100/100
|-weather|Sandstorm|[from] ability: Sand Stream|[of] p2a: Tyranitar
|move|p1a: Glimmora|Stealth Rock|p2a: Tyranitar
|-sidestart|p2: zabbaman|move: Stealth Rock
|
|-weather|Sandstorm|[upkeep]
|upkeep
|turn|6
|inactive|Navi loves L has 90 seconds left.
|
|t:|1758303778
|switch|p1a: Rillaboom|Rillaboom, F|100/100
|move|p2a: Tyranitar|Ice Beam|p1a: Rillaboom
|-supereffective|p1a: Rillaboom
|-damage|p1a: Rillaboom|19/100
|-damage|p2a: Tyranitar|91/100|[from] item: Life Orb
|
|-weather|Sandstorm|[upkeep]
|-damage|p1a: Rillaboom|13/100|[from] Sandstorm
|-heal|p1a: Rillaboom|19/100|[from] Grassy Terrain
|-heal|p2a: Tyranitar|97/100|[from] Grassy Terrain
|upkeep
|turn|7
|
|t:|1758303788
|switch|p2a: Salamence|Salamence, M|100/100
|-ability|p2a: Salamence|Intimidate|boost
|-unboost|p1a: Rillaboom|atk|1
|move|p1a: Rillaboom|U-turn|p2a: Salamence
|-resisted|p2a: Salamence
|-damage|p2a: Salamence|94/100
|inactive|Navi loves L has 60 seconds left.
|
|t:|1758303818
|switch|p1a: Kingambit|Kingambit, F|83/100|[from] U-turn
|
|-weather|Sandstorm|[upkeep]
|-damage|p2a: Salamence|88/100|[from] Sandstorm
|-heal|p1a: Kingambit|89/100|[from] Grassy Terrain
|-heal|p1a: Kingambit|95/100|[from] item: Leftovers
|upkeep
|turn|8
|inactive|Navi loves L has 60 seconds left.
|
|t:|1758303836
|move|p2a: Salamence|Fire Blast|p1a: Kingambit
|-supereffective|p1a: Kingambit
|-damage|p1a: Kingambit|42/100
|move|p1a: Kingambit|Kowtow Cleave|p2a: Salamence
|-damage|p2a: Salamence|49/100
|
|-weather|Sandstorm|[upkeep]
|-damage|p2a: Salamence|43/100|[from] Sandstorm
|-heal|p1a: Kingambit|48/100|[from] Grassy Terrain
|-heal|p1a: Kingambit|54/100|[from] item: Leftovers
|upkeep
|turn|9
|inactive|Navi loves L has 60 seconds left.
|
|t:|1758303846
|-end|p1a: Kingambit|fallenundefined|[silent]
|switch|p1a: Glimmora|Glimmora, F|100/100
|move|p2a: Salamence|Fire Blast|p1a: Glimmora
|-resisted|p1a: Glimmora
|-damage|p1a: Glimmora|88/100
|
|-weather|none
|-heal|p1a: Glimmora|95/100|[from] Grassy Terrain
|upkeep
|turn|10
|inactive|Navi loves L has 60 seconds left.
|
|t:|1758303856
|switch|p2a: Tyranitar|Tyranitar, M, shiny|97/100
|-damage|p2a: Tyranitar|84/100|[from] Stealth Rock
|-weather|Sandstorm|[from] ability: Sand Stream|[of] p2a: Tyranitar
|move|p1a: Glimmora|Energy Ball|p2a: Tyranitar
|-supereffective|p2a: Tyranitar
|-damage|p2a: Tyranitar|37/100
|
|-weather|Sandstorm|[upkeep]
|-heal|p1a: Glimmora|100/100|[from] Grassy Terrain
|-heal|p2a: Tyranitar|44/100|[from] Grassy Terrain
|-fieldend|move: Grassy Terrain
|upkeep
|turn|11
|
|t:|1758303865
|move|p1a: Glimmora|Energy Ball|p2a: Tyranitar
|-supereffective|p2a: Tyranitar
|-damage|p2a: Tyranitar|7/100
|move|p2a: Tyranitar|Earthquake|p1a: Glimmora
|-supereffective|p1a: Glimmora
|-damage|p1a: Glimmora|0 fnt
|-activate|p1a: Glimmora|ability: Toxic Debris
|-sidestart|p2: zabbaman|move: Toxic Spikes
|faint|p1a: Glimmora
|-damage|p2a: Tyranitar|0 fnt|[from] item: Life Orb
|faint|p2a: Tyranitar
|
|-weather|Sandstorm|[upkeep]
|upkeep
|
|t:|1758303873
|switch|p1a: Rillaboom|Rillaboom, F|19/100
|switch|p2a: Excadrill|Excadrill, M, shiny|100/100
|-damage|p2a: Excadrill|97/100|[from] Stealth Rock
|-item|p2a: Excadrill|Air Balloon
|-fieldstart|move: Grassy Terrain|[from] ability: Grassy Surge|[of] p1a: Rillaboom
|turn|12
|inactive|Navi loves L has 60 seconds left.
|
|t:|1758303904
|switch|p1a: Kingambit|Kingambit, F|54/100
|-activate|p1a: Kingambit|ability: Supreme Overlord
|-start|p1a: Kingambit|fallen1|[silent]
|move|p2a: Excadrill|Iron Head|p1a: Kingambit
|-resisted|p1a: Kingambit
|-damage|p1a: Kingambit|38/100
|
|-weather|Sandstorm|[upkeep]
|-heal|p1a: Kingambit|44/100|[from] Grassy Terrain
|-heal|p1a: Kingambit|50/100|[from] item: Leftovers
|upkeep
|turn|13
|
|t:|1758303917
|move|p2a: Excadrill|Earthquake|p1a: Kingambit
|-supereffective|p1a: Kingambit
|-damage|p1a: Kingambit|11/100
|move|p1a: Kingambit|Swords Dance|p1a: Kingambit
|-boost|p1a: Kingambit|atk|2
|
|-weather|Sandstorm|[upkeep]
|-heal|p1a: Kingambit|17/100|[from] Grassy Terrain
|-heal|p1a: Kingambit|23/100|[from] item: Leftovers
|upkeep
|turn|14
|
|t:|1758303922
|switch|p2a: Salamence|Salamence, M|43/100
|-ability|p2a: Salamence|Intimidate|boost
|-unboost|p1a: Kingambit|atk|1
|move|p1a: Kingambit|Sucker Punch||[still]
|-fail|p1a: Kingambit
|
|-weather|none
|-heal|p1a: Kingambit|30/100|[from] Grassy Terrain
|-heal|p1a: Kingambit|36/100|[from] item: Leftovers
|upkeep
|turn|15
|inactive|Navi loves L has 60 seconds left.
|
|t:|1758303932
|-end|p1a: Kingambit|fallen1|[silent]
|switch|p1a: Hawlucha|Hawlucha, F|100/100
|-enditem|p1a: Hawlucha|Grassy Seed
|-boost|p1a: Hawlucha|def|1|[from] item: Grassy Seed
|move|p2a: Salamence|Roost|p2a: Salamence
|-heal|p2a: Salamence|93/100
|-singleturn|p2a: Salamence|move: Roost
|
|-heal|p2a: Salamence|99/100|[from] Grassy Terrain
|upkeep
|turn|16
|inactive|Navi loves L has 60 seconds left.
|
|t:|1758303939
|move|p1a: Hawlucha|Encore|p2a: Salamence
|-start|p2a: Salamence|Encore
|move|p2a: Salamence|Roost|p2a: Salamence
|-heal|p2a: Salamence|100/100
|-singleturn|p2a: Salamence|move: Roost
|
|upkeep
|turn|17
|
|t:|1758303943
|switch|p2a: Gholdengo|Gholdengo|77/100
|-damage|p2a: Gholdengo|71/100|[from] Stealth Rock
|move|p1a: Hawlucha|Swords Dance|p1a: Hawlucha
|-boost|p1a: Hawlucha|atk|2
|
|-heal|p2a: Gholdengo|77/100|[from] Grassy Terrain
|upkeep
|turn|18
|
|t:|1758303946
|switch|p2a: Salamence|Salamence, M|100/100
|-ability|p2a: Salamence|Intimidate|boost
|-unboost|p1a: Hawlucha|atk|1
|move|p1a: Hawlucha|Acrobatics|p2a: Salamence
|-damage|p2a: Salamence|44/100
|
|upkeep
|turn|19
|
|t:|1758303971
|switch|p2a: Excadrill|Excadrill, M, shiny|97/100
|-damage|p2a: Excadrill|94/100|[from] Stealth Rock
|-item|p2a: Excadrill|Air Balloon
|move|p1a: Hawlucha|Acrobatics|p2a: Excadrill
|-resisted|p2a: Excadrill
|-damage|p2a: Excadrill|42/100
|-enditem|p2a: Excadrill|Air Balloon
|
|-heal|p2a: Excadrill|48/100|[from] Grassy Terrain
|-fieldend|move: Grassy Terrain
|upkeep
|turn|20
|
|t:|1758303979
|move|p1a: Hawlucha|Acrobatics|p2a: Excadrill
|-resisted|p2a: Excadrill
|-damage|p2a: Excadrill|0 fnt
|faint|p2a: Excadrill
|
|upkeep
|
|t:|1758303982
|switch|p2a: Salamence|Salamence, M|44/100
|-ability|p2a: Salamence|Intimidate|boost
|-unboost|p1a: Hawlucha|atk|1
|turn|21
|
|t:|1758303990
|move|p1a: Hawlucha|Acrobatics|p2a: Salamence
|-damage|p2a: Salamence|7/100
|move|p2a: Salamence|Hurricane|p1a: Hawlucha
|-supereffective|p1a: Hawlucha
|-damage|p1a: Hawlucha|0 fnt
|faint|p1a: Hawlucha
|
|upkeep
|
|t:|1758303997
|switch|p1a: Serperior|Serperior, F|50/100
|turn|22
|
|t:|1758304012
|switch|p2a: Clefable|Clefable, F, shiny|100/100
|-status|p2a: Clefable|psn
|move|p1a: Serperior|Tera Blast|p2a: Clefable
|-damage|p2a: Clefable|87/100 psn
|
|-heal|p1a: Serperior|56/100|[from] item: Leftovers
|-heal|p2a: Clefable|93/100 psn|[from] item: Leftovers
|upkeep
|turn|23
|inactive|Navi loves L has 120 seconds left.
|
|t:|1758304017
|move|p1a: Serperior|Leaf Storm|p2a: Clefable
|-damage|p2a: Clefable|63/100 psn
|-boost|p1a: Serperior|spa|2
|move|p2a: Clefable|Moonblast|p1a: Serperior
|-damage|p1a: Serperior|17/100
|
|-heal|p1a: Serperior|24/100|[from] item: Leftovers
|-heal|p2a: Clefable|69/100 psn|[from] item: Leftovers
|upkeep
|turn|24
|
|t:|1758304025
|move|p1a: Serperior|Leaf Storm|p2a: Clefable
|-damage|p2a: Clefable|2/100 psn
|-boost|p1a: Serperior|spa|2
|move|p2a: Clefable|Moonblast|p1a: Serperior
|-damage|p1a: Serperior|0 fnt
|faint|p1a: Serperior
|
|-heal|p2a: Clefable|8/100 psn|[from] item: Leftovers
|upkeep
|
|t:|1758304029
|switch|p1a: Rillaboom|Rillaboom, F|19/100
|-fieldstart|move: Grassy Terrain|[from] ability: Grassy Surge|[of] p1a: Rillaboom
|turn|25
|
|t:|1758304049
|move|p1a: Rillaboom|Knock Off|p2a: Clefable
|-resisted|p2a: Clefable
|-damage|p2a: Clefable|0 fnt
|-enditem|p2a: Clefable|Leftovers|[from] move: Knock Off|[of] p1a: Rillaboom
|faint|p2a: Clefable
|
|-heal|p1a: Rillaboom|25/100|[from] Grassy Terrain
|upkeep
|
|t:|1758304065
|switch|p2a: Garchomp|Garchomp, F|100/100
|-damage|p2a: Garchomp|94/100|[from] Stealth Rock
|-status|p2a: Garchomp|psn
|turn|26
|
|t:|1758304076
|switch|p1a: Hatterene|Hatterene, F|100/100
|-enditem|p1a: Hatterene|Grassy Seed
|-boost|p1a: Hatterene|def|1|[from] item: Grassy Seed
|move|p2a: Garchomp|Fire Fang|p1a: Hatterene
|-damage|p1a: Hatterene|82/100
|
|-heal|p2a: Garchomp|100/100 psn|[from] Grassy Terrain
|-heal|p1a: Hatterene|88/100|[from] Grassy Terrain
|-damage|p2a: Garchomp|88/100 psn|[from] psn
|upkeep
|turn|27
|
|t:|1758304084
|switch|p2a: Gholdengo|Gholdengo|77/100
|-damage|p2a: Gholdengo|71/100|[from] Stealth Rock
|move|p1a: Hatterene|Calm Mind|p1a: Hatterene
|-boost|p1a: Hatterene|spa|1
|-boost|p1a: Hatterene|spd|1
|
|-heal|p2a: Gholdengo|77/100|[from] Grassy Terrain
|-heal|p1a: Hatterene|94/100|[from] Grassy Terrain
|upkeep
|turn|28
|
|t:|1758304095
|move|p2a: Gholdengo|Nasty Plot|p2a: Gholdengo
|-boost|p2a: Gholdengo|spa|2
|move|p1a: Hatterene|Draining Kiss|p2a: Gholdengo
|-resisted|p2a: Gholdengo
|-damage|p2a: Gholdengo|58/100
|-heal|p1a: Hatterene|100/100|[from] drain|[of] p2a: Gholdengo
|
|-heal|p2a: Gholdengo|64/100|[from] Grassy Terrain
|upkeep
|turn|29
|
|t:|1758304117
|switch|p1a: Rillaboom|Rillaboom, F|25/100
|move|p2a: Gholdengo|Recover|p2a: Gholdengo
|-heal|p2a: Gholdengo|100/100
|
|-heal|p1a: Rillaboom|31/100|[from] Grassy Terrain
|upkeep
|turn|30
|j| ertyplm
|
|t:|1758304123
|-terastallize|p2a: Gholdengo|Fairy
|move|p1a: Rillaboom|Knock Off|p2a: Gholdengo
|-resisted|p2a: Gholdengo
|-damage|p2a: Gholdengo|89/100
|move|p2a: Gholdengo|Dazzling Gleam|p1a: Rillaboom
|-damage|p1a: Rillaboom|0 fnt
|faint|p1a: Rillaboom
|
|-heal|p2a: Gholdengo|96/100|[from] Grassy Terrain
|upkeep
|inactive|Navi loves L has 120 seconds left.
|
|t:|1758304149
|switch|p1a: Hatterene|Hatterene, F|100/100
|turn|31
|
|t:|1758304174
|move|p2a: Gholdengo|Shadow Ball|p1a: Hatterene
|-supereffective|p1a: Hatterene
|-damage|p1a: Hatterene|0 fnt
|faint|p1a: Hatterene
|
|-heal|p2a: Gholdengo|100/100|[from] Grassy Terrain
|upkeep
|
|t:|1758304177
|switch|p1a: Kingambit|Kingambit, F|36/100
|-activate|p1a: Kingambit|ability: Supreme Overlord
|-start|p1a: Kingambit|fallen5|[silent]
|turn|32
|
|t:|1758304185
|move|p2a: Gholdengo|Dazzling Gleam|p1a: Kingambit
|-damage|p1a: Kingambit|0 fnt
|faint|p1a: Kingambit
|-end|p1a: Kingambit|fallen5|[silent]
|
|win|zabbaman
|raw|Navi loves L's rating: 1675 &rarr; <strong>1655</strong><br />(-20 for losing)
|raw|zabbaman's rating: 1682 &rarr; <strong>1702</strong><br />(+20 for winning)
|l|☆zabbaman
|player|p2|
|l|☆Navi loves L
|player|p1|
