|j|☆RoddyJ
|j|☆fusty333
|t:|1758303954
|gametype|singles
|player|p1|RoddyJ|ethan|1596
|player|p2|fusty333|burglar|1560
|gen|9
|tier|[Gen 9] OU
|rated|
|rule|HP Percentage Mod: HP is shown in percentages
|rule|Endless Battle Clause: Forcing endless battles is banned
|rule|Species Clause: Limit one of each Pokémon
|rule|OHKO Clause: OHKO moves are banned
|rule|Evasion Items Clause: Evasion items are banned
|rule|Evasion Moves Clause: Evasion moves are banned
|rule|Evasion Abilities Clause: Evasion abilities are banned
|rule|Sleep Moves Clause: Sleep-inducing moves are banned
|clearpoke
|poke|p1|Iron Crown|
|poke|p1|Articuno-Galar|
|poke|p1|Blaziken, M|
|poke|p1|Dragapult, F|
|poke|p1|Kyurem|
|poke|p1|Glimmora, M|
|poke|p2|Dragapult, F|
|poke|p2|Excadrill, F|
|poke|p2|Rotom-Heat|
|poke|p2|Corviknight, F|
|poke|p2|Araquanid, F|
|poke|p2|Zamazenta-*|
|teampreview
|inactive|Battle timer is ON: inactive players will automatically lose when time's up. (requested by fusty333)
|
|t:|1758303981
|teamsize|p1|6
|teamsize|p2|6
|start
|switch|p1a: Dragapult|Dragapult, F, shiny|100/100
|switch|p2a: Dragapult|Dragapult, F|100/100
|turn|1
|
|t:|1758303991
|-terastallize|p2a: Dragapult|Steel
|move|p1a: Dragapult|Sucker Punch|p2a: Dragapult
|-damage|p2a: Dragapult|48/100
|move|p2a: Dragapult|Shadow Ball|p1a: Dragapult
|-supereffective|p1a: Dragapult
|-damage|p1a: Dragapult|0 fnt
|faint|p1a: Dragapult
|
|upkeep
|
|t:|1758304000
|switch|p1a: Kyurem|Kyurem, shiny|100/100
|-ability|p1a: Kyurem|Pressure
|turn|2
|
|t:|1758304006
|switch|p2a: Araquanid|Araquanid, F, shiny|100/100
|move|p1a: Kyurem|Ice Beam|p2a: Araquanid
|-resisted|p2a: Araquanid
|-damage|p2a: Araquanid|82/100
|
|-heal|p2a: Araquanid|88/100|[from] item: Leftovers
|upkeep
|turn|3
|
|t:|1758304015
|move|p1a: Kyurem|Freeze-Dry|p2a: Araquanid
|-supereffective|p2a: Araquanid
|-damage|p2a: Araquanid|31/100
|move|p2a: Araquanid|Infestation|p1a: Kyurem
|-damage|p1a: Kyurem|97/100
|-activate|p1a: Kyurem|move: Infestation|[of] p2a: Araquanid
|
|-heal|p2a: Araquanid|38/100|[from] item: Leftovers
|-damage|p1a: Kyurem|85/100|[from] move: Infestation|[partiallytrapped]
|upkeep
|turn|4
|
|t:|1758304021
|switch|p2a: Excadrill|Excadrill, F|100/100
|-ability|p2a: Excadrill|Mold Breaker
|move|p1a: Kyurem|Freeze-Dry|p2a: Excadrill
|-damage|p2a: Excadrill|43/100
|
|-end|p1a: Kyurem|Infestation|[partiallytrapped]|[silent]
|upkeep
|turn|5
|
|t:|1758304034
|move|p2a: Excadrill|Iron Head|p1a: Kyurem
|-supereffective|p1a: Kyurem
|-damage|p1a: Kyurem|3/100
|move|p1a: Kyurem|Ice Beam|p2a: Excadrill
|-damage|p2a: Excadrill|0 fnt
|faint|p2a: Excadrill
|
|upkeep
|
|t:|1758304046
|switch|p2a: Dragapult|Dragapult, F, tera:Steel|48/100
|turn|6
|
|t:|1758304049
|move|p2a: Dragapult|U-turn|p1a: Kyurem
|-damage|p1a: Kyurem|0 fnt
|faint|p1a: Kyurem
|
|t:|1758304054
|switch|p2a: Rotom|Rotom-Heat|100/100|[from] U-turn
|
|upkeep
|
|t:|1758304058
|switch|p1a: Glimmora|Glimmora, M, shiny|100/100
|-item|p1a: Glimmora|Air Balloon
|turn|7
|
|t:|1758304067
|move|p2a: Rotom|Discharge|p1a: Glimmora
|-damage|p1a: Glimmora|49/100
|-enditem|p1a: Glimmora|Air Balloon
|move|p1a: Glimmora|Stealth Rock|p2a: Rotom
|-sidestart|p2: fusty333|move: Stealth Rock
|
|upkeep
|turn|8
|
|t:|1758304074
|move|p2a: Rotom|Discharge|p1a: Glimmora
|-damage|p1a: Glimmora|0 fnt
|faint|p1a: Glimmora
|
|upkeep
|
|t:|1758304078
|switch|p1a: Iron Crown|Iron Crown|100/100
|turn|9
|
|t:|1758304083
|-terastallize|p1a: Iron Crown|Ground
|move|p2a: Rotom|Discharge|p1a: Iron Crown
|-immune|p1a: Iron Crown
|move|p1a: Iron Crown|Agility|p1a: Iron Crown
|-boost|p1a: Iron Crown|spe|2
|
|upkeep
|turn|10
|
|t:|1758304087
|switch|p2a: Corviknight|Corviknight, F, shiny|100/100
|-damage|p2a: Corviknight|88/100|[from] Stealth Rock
|move|p1a: Iron Crown|Calm Mind|p1a: Iron Crown
|-boost|p1a: Iron Crown|spa|1
|-boost|p1a: Iron Crown|spd|1
|
|upkeep
|turn|11
|
|t:|1758304091
|move|p1a: Iron Crown|Calm Mind|p1a: Iron Crown
|-boost|p1a: Iron Crown|spa|1
|-boost|p1a: Iron Crown|spd|1
|move|p2a: Corviknight|U-turn|p1a: Iron Crown
|-damage|p1a: Iron Crown|87/100
|c|☆fusty333|wow
|c|☆fusty333|i think
|c|☆fusty333|i lost
|
|t:|1758304113
|switch|p2a: Zamazenta|Zamazenta|100/100|[from] U-turn
|-damage|p2a: Zamazenta|94/100|[from] Stealth Rock
|-ability|p2a: Zamazenta|Dauntless Shield|boost
|-boost|p2a: Zamazenta|def|1
|
|-heal|p2a: Zamazenta|100/100|[from] item: Leftovers
|upkeep
|turn|12
|c|☆RoddyJ|keep fighting
|
|t:|1758304121
|move|p1a: Iron Crown|Stored Power|p2a: Zamazenta
|-supereffective|p2a: Zamazenta
|-damage|p2a: Zamazenta|0 fnt
|faint|p2a: Zamazenta
|
|upkeep
|c|☆fusty333|HAHAH
|c|☆fusty333|first time seeing tera ground
|c|☆fusty333|gg
|
|t:|1758304142
|switch|p2a: Araquanid|Araquanid, F, shiny|38/100
|-damage|p2a: Araquanid|13/100|[from] Stealth Rock
|turn|13
|
|t:|1758304147
|move|p1a: Iron Crown|Stored Power|p2a: Araquanid
|-damage|p2a: Araquanid|0 fnt
|faint|p2a: Araquanid
|
|upkeep
|
|t:|1758304150
|switch|p2a: Dragapult|Dragapult, F, tera:Steel|48/100
|-damage|p2a: Dragapult|42/100|[from] Stealth Rock
|turn|14
|
|t:|1758304173
|move|p1a: Iron Crown|Stored Power|p2a: Dragapult
|-resisted|p2a: Dragapult
|-damage|p2a: Dragapult|0 fnt
|faint|p2a: Dragapult
|
|upkeep
|
|t:|1758304189
|switch|p2a: Rotom|Rotom-Heat|100/100
|-damage|p2a: Rotom|76/100|[from] Stealth Rock
|turn|15
|
|t:|1758304192
|move|p1a: Iron Crown|Stored Power|p2a: Rotom
|-crit|p2a: Rotom
|-damage|p2a: Rotom|0 fnt
|faint|p2a: Rotom
|
|upkeep
|
|t:|1758304199
|switch|p2a: Corviknight|Corviknight, F, shiny|88/100
|-damage|p2a: Corviknight|76/100|[from] Stealth Rock
|turn|16
|
|t:|1758304204
|move|p1a: Iron Crown|Stored Power|p2a: Corviknight
|-resisted|p2a: Corviknight
|-damage|p2a: Corviknight|17/100
|move|p2a: Corviknight|Brave Bird|p1a: Iron Crown
|-damage|p1a: Iron Crown|56/100
|-damage|p2a: Corviknight|8/100|[from] Recoil
|
|upkeep
|turn|17
|
|t:|1758304220
|move|p1a: Iron Crown|Stored Power|p2a: Corviknight
|-resisted|p2a: Corviknight
|-damage|p2a: Corviknight|0 fnt
|faint|p2a: Corviknight
|
|win|RoddyJ
|raw|RoddyJ's rating: 1596 &rarr; <strong>1614</strong><br />(+18 for winning)
|raw|fusty333's rating: 1560 &rarr; <strong>1542</strong><br />(-18 for losing)
|c|☆fusty333|gg
|c|☆RoddyJ|gg
|l|☆RoddyJ
|player|p1|
|l|☆fusty333
|player|p2|
