|j|☆pbjojo
|j|☆karnegious
|t:|1758254785
|gametype|singles
|player|p1|pbjojo|hoopster|1316
|player|p2|karnegious|red|1370
|gen|9
|tier|[Gen 9] OU
|rated|
|rule|HP Percentage Mod: HP is shown in percentages
|rule|Endless Battle Clause: Forcing endless battles is banned
|rule|Species Clause: Limit one of each Pokémon
|rule|OHKO Clause: OHKO moves are banned
|rule|Evasion Items Clause: Evasion items are banned
|rule|Evasion Moves Clause: Evasion moves are banned
|rule|Evasion Abilities Clause: Evasion abilities are banned
|rule|Sleep Moves Clause: Sleep-inducing moves are banned
|clearpoke
|poke|p1|Zamazenta-*|
|poke|p1|Pecharunt|
|poke|p1|Kyurem|
|poke|p1|Ninetales-Alola, M|
|poke|p1|Araquanid, F|
|poke|p1|Avalugg, F|
|poke|p2|Raging Bolt|
|poke|p2|Ogerpon-Wellspring, F|
|poke|p2|Hatterene, F|
|poke|p2|Landorus-Therian, M|
|poke|p2|Kingambit, M|
|poke|p2|Zamazenta-*|
|teampreview
|inactive|Battle timer is ON: inactive players will automatically lose when time's up. (requested by pbjojo)
|
|t:|1758254800
|teamsize|p1|6
|teamsize|p2|6
|start
|switch|p1a: hehe|Ninetales-Alola, M, shiny|100/100
|switch|p2a: Raging Bolt|Raging Bolt|100/100
|-weather|Snowscape|[from] ability: Snow Warning|[of] p1a: hehe
|turn|1
|
|t:|1758254809
|move|p1a: hehe|Blizzard|p2a: Raging Bolt
|-supereffective|p2a: Raging Bolt
|-damage|p2a: Raging Bolt|17/100
|move|p2a: Raging Bolt|Volt Switch|p1a: hehe
|-damage|p1a: hehe|27/100
|
|t:|1758254827
|-end|p2a: Raging Bolt|Protosynthesis|[silent]
|switch|p2a: Ogerpon|Ogerpon-Wellspring, F|100/100|[from] Volt Switch
|
|-weather|Snowscape|[upkeep]
|upkeep
|turn|2
|
|t:|1758254842
|switch|p1a: kaiju|Kyurem, shiny|100/100
|-ability|p1a: kaiju|Pressure
|move|p2a: Ogerpon|Ivy Cudgel|p1a: kaiju|[anim] Ivy Cudgel Water
|-resisted|p1a: kaiju
|-damage|p1a: kaiju|81/100
|
|-weather|Snowscape|[upkeep]
|upkeep
|turn|3
|
|t:|1758254857
|switch|p2a: Hatterene|Hatterene, F|100/100
|move|p1a: kaiju|Freeze-Dry|p2a: Hatterene
|-damage|p2a: Hatterene|61/100
|
|-weather|Snowscape|[upkeep]
|upkeep
|turn|4
|
|t:|1758254866
|move|p1a: kaiju|Freeze-Dry|p2a: Hatterene
|-damage|p2a: Hatterene|26/100
|move|p2a: Hatterene|Nuzzle|p1a: kaiju
|-resisted|p1a: kaiju
|-damage|p1a: kaiju|80/100
|-status|p1a: kaiju|par
|
|-weather|Snowscape|[upkeep]
|upkeep
|turn|5
|
|t:|1758254877
|cant|p1a: kaiju|par
|move|p2a: Hatterene|Draining Kiss|p1a: kaiju
|-supereffective|p1a: kaiju
|-damage|p1a: kaiju|27/100 par
|-heal|p2a: Hatterene|74/100|[from] drain|[of] p1a: kaiju
|
|-weather|Snowscape|[upkeep]
|upkeep
|turn|6
|
|t:|1758254889
|move|p1a: kaiju|Freeze-Dry|p2a: Hatterene
|-damage|p2a: Hatterene|35/100
|move|p2a: Hatterene|Psychic Noise|p1a: kaiju
|-damage|p1a: kaiju|0 fnt
|faint|p1a: kaiju
|
|-weather|Snowscape|[upkeep]
|upkeep
|
|t:|1758254899
|switch|p1a: zaza|Zamazenta, shiny|100/100
|-ability|p1a: zaza|Dauntless Shield|boost
|-boost|p1a: zaza|def|1
|turn|7
|
|t:|1758254904
|move|p1a: zaza|Iron Head|p2a: Hatterene
|-supereffective|p2a: Hatterene
|-damage|p2a: Hatterene|0 fnt
|faint|p2a: Hatterene
|-damage|p1a: zaza|91/100|[from] item: Life Orb
|
|-weather|Snowscape|[upkeep]
|upkeep
|
|t:|1758254909
|switch|p2a: Landorus|Landorus-Therian, M|100/100
|-ability|p2a: Landorus|Intimidate|boost
|-unboost|p1a: zaza|atk|1
|turn|8
|
|t:|1758254914
|switch|p1a: TABLE|Avalugg, F|100/100
|move|p2a: Landorus|Stealth Rock|p1a: TABLE
|-sidestart|p1: pbjojo|move: Stealth Rock
|
|-weather|none
|upkeep
|turn|9
|
|t:|1758254919
|move|p2a: Landorus|U-turn|p1a: TABLE
|-damage|p1a: TABLE|92/100
|
|t:|1758254924
|switch|p2a: Kingambit|Kingambit, M|100/100|[from] U-turn
|-activate|p2a: Kingambit|ability: Supreme Overlord
|-start|p2a: Kingambit|fallen1|[silent]
|-item|p2a: Kingambit|Air Balloon
|move|p1a: TABLE|Rapid Spin|p2a: Kingambit
|-resisted|p2a: Kingambit
|-damage|p2a: Kingambit|94/100
|-boost|p1a: TABLE|spe|1
|-enditem|p2a: Kingambit|Air Balloon
|-sideend|p1: pbjojo|Stealth Rock|[from] move: Rapid Spin|[of] p1a: TABLE
|
|-heal|p1a: TABLE|98/100|[from] item: Leftovers
|upkeep
|turn|10
|
|t:|1758254935
|-terastallize|p2a: Kingambit|Fairy
|move|p2a: Kingambit|Iron Head|p1a: TABLE
|-supereffective|p1a: TABLE
|-damage|p1a: TABLE|53/100
|move|p1a: TABLE|Earthquake|p2a: Kingambit
|-damage|p2a: Kingambit|73/100
|
|-heal|p1a: TABLE|59/100|[from] item: Leftovers
|upkeep
|turn|11
|
|t:|1758254949
|move|p2a: Kingambit|Iron Head|p1a: TABLE
|-supereffective|p1a: TABLE
|-damage|p1a: TABLE|21/100
|move|p1a: TABLE|Recover|p1a: TABLE
|-heal|p1a: TABLE|71/100
|
|-heal|p1a: TABLE|77/100|[from] item: Leftovers
|upkeep
|turn|12
|
|t:|1758254959
|-end|p2a: Kingambit|fallen1|[silent]
|switch|p2a: Landorus|Landorus-Therian, M|100/100
|-ability|p2a: Landorus|Intimidate|boost
|-unboost|p1a: TABLE|atk|1
|move|p1a: TABLE|Earthquake|p2a: Landorus
|-immune|p2a: Landorus
|
|-heal|p1a: TABLE|83/100|[from] item: Leftovers
|upkeep
|turn|13
|
|t:|1758254979
|switch|p1a: fukmedry|Pecharunt|100/100
|move|p2a: Landorus|Stealth Rock|p1a: fukmedry
|-sidestart|p1: pbjojo|move: Stealth Rock
|
|upkeep
|turn|14
|
|t:|1758254992
|move|p2a: Landorus|Earth Power|p1a: fukmedry
|-supereffective|p1a: fukmedry
|-damage|p1a: fukmedry|39/100
|move|p1a: fukmedry|Parting Shot|p2a: Landorus
|-unboost|p2a: Landorus|atk|1
|-unboost|p2a: Landorus|spa|1
|
|t:|1758255008
|switch|p1a: hehe|Ninetales-Alola, M, shiny|27/100|[from] Parting Shot
|-damage|p1a: hehe|3/100|[from] Stealth Rock
|-weather|Snowscape|[from] ability: Snow Warning|[of] p1a: hehe
|
|-weather|Snowscape|[upkeep]
|upkeep
|turn|15
|
|t:|1758255021
|switch|p2a: Kingambit|Kingambit, M, tera:Fairy|73/100
|-activate|p2a: Kingambit|ability: Supreme Overlord
|-start|p2a: Kingambit|fallen1|[silent]
|move|p1a: hehe|Moonblast|p2a: Kingambit
|-damage|p2a: Kingambit|30/100
|-unboost|p2a: Kingambit|spa|1
|
|-weather|Snowscape|[upkeep]
|upkeep
|turn|16
|
|t:|1758255034
|move|p2a: Kingambit|Sucker Punch||[still]
|-fail|p2a: Kingambit
|move|p1a: hehe|Aurora Veil|p1a: hehe
|-sidestart|p1: pbjojo|move: Aurora Veil
|
|-weather|Snowscape|[upkeep]
|upkeep
|turn|17
|
|t:|1758255042
|move|p2a: Kingambit|Sucker Punch||[still]
|-fail|p2a: Kingambit
|move|p1a: hehe|Encore|p2a: Kingambit
|-start|p2a: Kingambit|Encore
|
|-weather|Snowscape|[upkeep]
|upkeep
|turn|18
|
|t:|1758255051
|-end|p2a: Kingambit|fallen1|[silent]
|switch|p2a: Ogerpon|Ogerpon-Wellspring, F|100/100
|move|p1a: hehe|Aurora Veil||[still]
|-fail|p1a: hehe
|
|-weather|Snowscape|[upkeep]
|upkeep
|turn|19
|
|t:|1758255061
|move|p2a: Ogerpon|Trailblaze|p1a: hehe
|-crit|p1a: hehe
|-damage|p1a: hehe|0 fnt
|-boost|p2a: Ogerpon|spe|1
|faint|p1a: hehe
|
|-weather|Snowscape|[upkeep]
|upkeep
|
|t:|1758255072
|switch|p1a: fukmedry|Pecharunt|39/100
|turn|20
|
|t:|1758255076
|move|p2a: Ogerpon|Ivy Cudgel|p1a: fukmedry|[anim] Ivy Cudgel Water
|-damage|p1a: fukmedry|21/100
|move|p1a: fukmedry|Malignant Chain|p2a: Ogerpon
|-supereffective|p2a: Ogerpon
|-damage|p2a: Ogerpon|30/100
|-status|p2a: Ogerpon|tox
|-start|p2a: Ogerpon|confusion|[from] ability: Poison Puppeteer|[of] p1a: fukmedry
|
|-weather|Snowscape|[upkeep]
|-damage|p2a: Ogerpon|24/100 tox|[from] psn
|-sideend|p1: pbjojo|move: Aurora Veil
|upkeep
|turn|21
|
|t:|1758255081
|-activate|p2a: Ogerpon|confusion
|-damage|p2a: Ogerpon|8/100 tox|[from] confusion
|move|p1a: fukmedry|Recover|p1a: fukmedry
|-heal|p1a: fukmedry|71/100
|
|-weather|none
|-damage|p2a: Ogerpon|0 fnt|[from] psn
|faint|p2a: Ogerpon
|upkeep
|
|t:|1758255087
|switch|p2a: Landorus|Landorus-Therian, M|100/100
|-ability|p2a: Landorus|Intimidate|boost
|-unboost|p1a: fukmedry|atk|1
|turn|22
|
|t:|1758255099
|switch|p1a: spidy|Araquanid, F, shiny|100/100
|-damage|p1a: spidy|75/100|[from] Stealth Rock
|move|p2a: Landorus|Earth Power|p1a: spidy
|-resisted|p1a: spidy
|-damage|p1a: spidy|65/100
|-unboost|p1a: spidy|spd|1
|
|upkeep
|turn|23
|
|t:|1758255106
|move|p2a: Landorus|Taunt|p1a: spidy
|-start|p1a: spidy|move: Taunt
|cant|p1a: spidy|move: Taunt|Sticky Web
|
|upkeep
|turn|24
|
|t:|1758255109
|move|p2a: Landorus|Earth Power|p1a: spidy
|-resisted|p1a: spidy
|-damage|p1a: spidy|50/100
|move|p1a: spidy|Liquidation|p2a: Landorus
|-supereffective|p2a: Landorus
|-damage|p2a: Landorus|18/100
|-damage|p1a: spidy|34/100|[from] item: Rocky Helmet|[of] p2a: Landorus
|
|upkeep
|turn|25
|
|t:|1758255117
|move|p2a: Landorus|U-turn|p1a: spidy
|-damage|p1a: spidy|11/100
|
|t:|1758255121
|switch|p2a: Raging Bolt|Raging Bolt|17/100|[from] U-turn
|move|p1a: spidy|Liquidation|p2a: Raging Bolt
|-resisted|p2a: Raging Bolt
|-damage|p2a: Raging Bolt|0 fnt
|faint|p2a: Raging Bolt
|-end|p2a: Raging Bolt|Protosynthesis|[silent]
|
|-end|p1a: spidy|move: Taunt
|upkeep
|
|t:|1758255140
|switch|p2a: Landorus|Landorus-Therian, M|18/100
|-ability|p2a: Landorus|Intimidate|boost
|-unboost|p1a: spidy|atk|1
|turn|26
|-enditem|p1a: spidy|Custap Berry|[eat]
|-activate|p1a: spidy|item: Custap Berry|[consumed]
|
|t:|1758255144
|move|p1a: spidy|Liquidation|p2a: Landorus
|-supereffective|p2a: Landorus
|-damage|p2a: Landorus|0 fnt
|-damage|p1a: spidy|0 fnt|[from] item: Rocky Helmet|[of] p2a: Landorus
|faint|p2a: Landorus
|faint|p1a: spidy
|
|upkeep
|
|t:|1758255153
|switch|p2a: Zamazenta|Zamazenta|100/100
|switch|p1a: fukmedry|Pecharunt|71/100
|-ability|p2a: Zamazenta|Dauntless Shield|boost
|-boost|p2a: Zamazenta|def|1
|turn|27
|
|t:|1758255163
|-terastallize|p1a: fukmedry|Dark
|move|p2a: Zamazenta|Heavy Slam|p1a: fukmedry
|-damage|p1a: fukmedry|39/100
|-damage|p2a: Zamazenta|91/100|[from] item: Life Orb
|move|p1a: fukmedry|Malignant Chain|p2a: Zamazenta
|-damage|p2a: Zamazenta|60/100
|
|upkeep
|turn|28
|
|t:|1758255175
|move|p2a: Zamazenta|Close Combat|p1a: fukmedry
|-supereffective|p1a: fukmedry
|-damage|p1a: fukmedry|0 fnt
|-unboost|p2a: Zamazenta|def|1
|-unboost|p2a: Zamazenta|spd|1
|faint|p1a: fukmedry
|-damage|p2a: Zamazenta|50/100|[from] item: Life Orb
|
|upkeep
|
|t:|1758255190
|switch|p1a: zaza|Zamazenta, shiny|91/100
|-damage|p1a: zaza|84/100|[from] Stealth Rock
|turn|29
|
|t:|1758255202
|move|p2a: Zamazenta|Close Combat|p1a: zaza
|-damage|p1a: zaza|7/100
|-unboost|p2a: Zamazenta|def|1
|-unboost|p2a: Zamazenta|spd|1
|-damage|p2a: Zamazenta|40/100|[from] item: Life Orb
|move|p1a: zaza|Close Combat|p2a: Zamazenta
|-damage|p2a: Zamazenta|0 fnt
|-unboost|p1a: zaza|def|1
|-unboost|p1a: zaza|spd|1
|faint|p2a: Zamazenta
|-damage|p1a: zaza|0 fnt|[from] item: Life Orb
|faint|p1a: zaza
|
|upkeep
|
|t:|1758255207
|switch|p2a: Kingambit|Kingambit, M, tera:Fairy|30/100
|switch|p1a: TABLE|Avalugg, F|83/100
|-activate|p2a: Kingambit|ability: Supreme Overlord
|-start|p2a: Kingambit|fallen5|[silent]
|-damage|p1a: TABLE|58/100|[from] Stealth Rock
|turn|30
|
|t:|1758255217
|move|p2a: Kingambit|Iron Head|p1a: TABLE
|-supereffective|p1a: TABLE
|-damage|p1a: TABLE|4/100
|move|p1a: TABLE|Avalanche|p2a: Kingambit
|-damage|p2a: Kingambit|0 fnt
|faint|p2a: Kingambit
|-end|p2a: Kingambit|fallen5|[silent]
|
|win|pbjojo
|raw|pbjojo's rating: 1316 &rarr; <strong>1339</strong><br />(+23 for winning)
|raw|karnegious's rating: 1370 &rarr; <strong>1347</strong><br />(-23 for losing)
|l|☆pbjojo
|player|p1|
|l|☆karnegious
|player|p2|
