|j|☆Worgios
|j|☆diq5127
|t:|1758341409
|gametype|singles
|player|p1|Worgios|swimmerf|1197
|player|p2|diq5127|steven|1165
|gen|9
|tier|[Gen 9] OU
|rated|
|rule|HP Percentage Mod: HP is shown in percentages
|rule|Endless Battle Clause: Forcing endless battles is banned
|rule|Species Clause: Limit one of each Pokémon
|rule|OHKO Clause: OHKO moves are banned
|rule|Evasion Items Clause: Evasion items are banned
|rule|Evasion Moves Clause: Evasion moves are banned
|rule|Evasion Abilities Clause: Evasion abilities are banned
|rule|Sleep Moves Clause: Sleep-inducing moves are banned
|clearpoke
|poke|p1|Incineroar, M|
|poke|p1|Dragapult, M|
|poke|p1|Enamorus, F|
|poke|p1|Dragonite, M|
|poke|p1|Volcanion|
|poke|p1|Great Tusk|
|poke|p2|Gliscor, F|
|poke|p2|Weavile, M|
|poke|p2|Arcanine-Hisui, F|
|poke|p2|Serperior, M|
|poke|p2|Gallade, M|
|poke|p2|Scizor, F|
|teampreview
|inactive|Battle timer is ON: inactive players will automatically lose when time's up. (requested by diq5127)
|
|t:|1758341414
|teamsize|p1|6
|teamsize|p2|6
|start
|switch|p1a: Miauneroar|Incineroar, M, shiny|100/100
|switch|p2a: Gliscor|Gliscor, F|100/100
|-ability|p1a: Miauneroar|Intimidate|boost
|-unboost|p2a: Gliscor|atk|1
|turn|1
|
|t:|1758341422
|move|p2a: Gliscor|Toxic Spikes|p1a: Miauneroar
|-sidestart|p1: Worgios|move: Toxic Spikes
|move|p1a: Miauneroar|Will-O-Wisp|p2a: Gliscor
|-status|p2a: Gliscor|brn
|
|-damage|p2a: Gliscor|94/100 brn|[from] brn
|upkeep
|turn|2
|
|t:|1758341430
|move|p2a: Gliscor|Tailwind|p2a: Gliscor
|-sidestart|p2: diq5127|move: Tailwind
|move|p1a: Miauneroar|Parting Shot|p2a: Gliscor
|-unboost|p2a: Gliscor|atk|1
|-unboost|p2a: Gliscor|spa|1
|
|t:|1758341432
|switch|p1a: Manni|Great Tusk, shiny|100/100|[from] Parting Shot
|
|-damage|p2a: Gliscor|88/100 brn|[from] brn
|upkeep
|turn|3
|
|t:|1758341439
|move|p2a: Gliscor|U-turn|p1a: Manni
|-resisted|p1a: Manni
|-damage|p1a: Manni|99/100
|
|t:|1758341444
|switch|p2a: Serperior|Serperior, M|100/100|[from] U-turn
|move|p1a: Manni|Rapid Spin|p2a: Serperior
|-damage|p2a: Serperior|86/100
|-boost|p1a: Manni|spe|1
|-sideend|p1: Worgios|Toxic Spikes|[from] move: Rapid Spin|[of] p1a: Manni
|
|upkeep
|turn|4
|
|t:|1758341451
|move|p2a: Serperior|Leaf Storm|p1a: Manni
|-supereffective|p1a: Manni
|-damage|p1a: Manni|30/100
|-boost|p2a: Serperior|spa|2
|-heal|p2a: Serperior|96/100|[from] item: Shell Bell|[of] p1a: Manni
|move|p1a: Manni|Ice Spinner|p2a: Serperior
|-supereffective|p2a: Serperior
|-damage|p2a: Serperior|45/100
|
|upkeep
|turn|5
|
|t:|1758341460
|move|p2a: Serperior|Leaf Storm|p1a: Manni
|-supereffective|p1a: Manni
|-damage|p1a: Manni|0 fnt
|-boost|p2a: Serperior|spa|2
|faint|p1a: Manni
|-end|p1a: Manni|Protosynthesis|[silent]
|-heal|p2a: Serperior|50/100|[from] item: Shell Bell|[of] p1: Manni
|
|-sideend|p2: diq5127|move: Tailwind
|upkeep
|
|t:|1758341463
|switch|p1a: Rex|Dragapult, M, shiny|100/100
|turn|6
|
|t:|1758341469
|move|p1a: Rex|Fire Blast|p2a: Serperior
|-supereffective|p2a: Serperior
|-damage|p2a: Serperior|0 fnt
|faint|p2a: Serperior
|-damage|p1a: Rex|91/100|[from] item: Life Orb
|
|upkeep
|
|t:|1758341475
|switch|p2a: Scizor|Scizor, F|100/100
|turn|7
|
|t:|1758341482
|move|p1a: Rex|Will-O-Wisp|p2a: Scizor
|-status|p2a: Scizor|brn
|move|p2a: Scizor|Swords Dance|p2a: Scizor
|-boost|p2a: Scizor|atk|2
|
|-damage|p2a: Scizor|94/100 brn|[from] brn
|upkeep
|turn|8
|
|t:|1758341490
|move|p1a: Rex|Hex|p2a: Scizor
|-damage|p2a: Scizor|1/100 brn
|-damage|p1a: Rex|81/100|[from] item: Life Orb
|move|p2a: Scizor|Dual Wingbeat|p1a: Rex
|-damage|p1a: Rex|47/100
|-damage|p1a: Rex|17/100
|-hitcount|p1a: Rex|2
|
|-heal|p2a: Scizor|7/100 brn|[from] item: Leftovers
|-damage|p2a: Scizor|1/100 brn|[from] brn
|upkeep
|turn|9
|
|t:|1758341501
|switch|p1a: Miauneroar|Incineroar, M, shiny|100/100
|-ability|p1a: Miauneroar|Intimidate|boost
|-unboost|p2a: Scizor|atk|1
|move|p2a: Scizor|Bullet Punch|p1a: Miauneroar
|-resisted|p1a: Miauneroar
|-damage|p1a: Miauneroar|92/100
|-damage|p2a: Scizor|0 fnt|[from] item: Rocky Helmet|[of] p1a: Miauneroar
|faint|p2a: Scizor
|
|upkeep
|
|t:|1758341510
|switch|p2a: Arcanine|Arcanine-Hisui, F|100/100
|turn|10
|
|t:|1758341518
|-terastallize|p1a: Miauneroar|Grass
|move|p2a: Arcanine|Head Smash|p1a: Miauneroar
|-damage|p1a: Miauneroar|32/100
|-damage|p2a: Arcanine|84/100|[from] item: Rocky Helmet|[of] p1a: Miauneroar
|-damage|p2a: Arcanine|74/100|[from] item: Life Orb
|move|p1a: Miauneroar|Parting Shot|p2a: Arcanine
|-unboost|p2a: Arcanine|atk|1
|-unboost|p2a: Arcanine|spa|1
|
|t:|1758341525
|switch|p1a: Tabaluga|Dragonite, M, shiny|100/100|[from] Parting Shot
|
|upkeep
|turn|11
|
|t:|1758341529
|move|p2a: Arcanine|Head Smash|p1a: Tabaluga
|-supereffective|p1a: Tabaluga
|-damage|p1a: Tabaluga|43/100
|-enditem|p1a: Tabaluga|Weakness Policy
|-boost|p1a: Tabaluga|atk|2|[from] item: Weakness Policy
|-boost|p1a: Tabaluga|spa|2|[from] item: Weakness Policy
|-damage|p2a: Arcanine|64/100|[from] item: Life Orb
|move|p1a: Tabaluga|Dragon Dance|p1a: Tabaluga
|-boost|p1a: Tabaluga|atk|1
|-boost|p1a: Tabaluga|spe|1
|
|upkeep
|turn|12
|
|t:|1758341544
|move|p1a: Tabaluga|Earthquake|p2a: Arcanine
|-supereffective|p2a: Arcanine
|-damage|p2a: Arcanine|0 fnt
|faint|p2a: Arcanine
|
|upkeep
|
|t:|1758341555
|switch|p2a: Gliscor|Gliscor, F|88/100 brn
|turn|13
|
|t:|1758341558
|move|p1a: Tabaluga|Ice Spinner|p2a: Gliscor
|-supereffective|p2a: Gliscor
|-crit|p2a: Gliscor
|-damage|p2a: Gliscor|0 fnt
|faint|p2a: Gliscor
|
|upkeep
|
|t:|1758341562
|switch|p2a: Weavile|Weavile, M|100/100
|turn|14
|
|t:|1758341566
|move|p2a: Weavile|Triple Axel|p1a: Tabaluga
|-supereffective|p1a: Tabaluga
|-damage|p1a: Tabaluga|8/100
|-supereffective|p1a: Tabaluga
|-damage|p1a: Tabaluga|0 fnt
|faint|p1a: Tabaluga
|-hitcount|p1: Tabaluga|2
|
|upkeep
|
|t:|1758341569
|switch|p1a: Miauneroar|Incineroar, M, shiny, tera:Grass|32/100
|-ability|p1a: Miauneroar|Intimidate|boost
|-unboost|p2a: Weavile|atk|1
|turn|15
|
|t:|1758341577
|move|p2a: Weavile|Swords Dance|p2a: Weavile
|-boost|p2a: Weavile|atk|2
|move|p1a: Miauneroar|Will-O-Wisp|p2a: Weavile
|-status|p2a: Weavile|brn
|
|-damage|p2a: Weavile|94/100 brn|[from] brn
|upkeep
|turn|16
|
|t:|1758341585
|move|p2a: Weavile|Low Kick|p1a: Miauneroar
|-damage|p1a: Miauneroar|19/100
|-damage|p2a: Weavile|78/100 brn|[from] item: Rocky Helmet|[of] p1a: Miauneroar
|move|p1a: Miauneroar|Flare Blitz|p2a: Weavile
|-supereffective|p2a: Weavile
|-crit|p2a: Weavile
|-damage|p2a: Weavile|0 fnt
|faint|p2a: Weavile
|-damage|p1a: Miauneroar|1/100|[from] Recoil
|
|upkeep
|
|t:|1758341595
|switch|p2a: Gallade|Gallade, M|100/100
|turn|17
|
|t:|1758341599
|move|p2a: Gallade|Aqua Cutter|p1a: Miauneroar
|-resisted|p1a: Miauneroar
|-crit|p1a: Miauneroar
|-damage|p1a: Miauneroar|0 fnt
|faint|p1a: Miauneroar
|
|upkeep
|
|t:|1758341604
|switch|p1a: Lilly Fee|Enamorus, F, shiny|100/100
|turn|18
|
|t:|1758341608
|move|p1a: Lilly Fee|Draining Kiss|p2a: Gallade
|-supereffective|p2a: Gallade
|-damage|p2a: Gallade|30/100
|move|p2a: Gallade|Psycho Cut|p1a: Lilly Fee
|-damage|p1a: Lilly Fee|19/100
|
|upkeep
|turn|19
|
|t:|1758341619
|-terastallize|p2a: Gallade|Dark
|move|p1a: Lilly Fee|Draining Kiss|p2a: Gallade
|-supereffective|p2a: Gallade
|-damage|p2a: Gallade|0 fnt
|-heal|p1a: Lilly Fee|40/100|[from] drain|[of] p2a: Gallade
|faint|p2a: Gallade
|
|win|Worgios
|raw|Worgios's rating: 1197 &rarr; <strong>1220</strong><br />(+23 for winning)
|raw|diq5127's rating: 1165 &rarr; <strong>1142</strong><br />(-23 for losing)
|l|☆diq5127
|player|p2|
|l|☆Worgios
|player|p1|
