|j|☆Barronmaster
|j|☆moodrandom
|t:|1758232089
|gametype|singles
|player|p1|Barronmaster|1|1584
|player|p2|moodrandom|trevor|1631
|gen|9
|tier|[Gen 9] OU
|rated|
|rule|HP Percentage Mod: HP is shown in percentages
|rule|Endless Battle Clause: Forcing endless battles is banned
|rule|Species Clause: Limit one of each Pokémon
|rule|OHKO Clause: OHKO moves are banned
|rule|Evasion Items Clause: Evasion items are banned
|rule|Evasion Moves Clause: Evasion moves are banned
|rule|Evasion Abilities Clause: Evasion abilities are banned
|rule|Sleep Moves Clause: Sleep-inducing moves are banned
|clearpoke
|poke|p1|Hoopa-Unbound|
|poke|p1|Ninetales-Alola, F|
|poke|p1|Slowking-Galar, M|
|poke|p1|Cloyster, F|
|poke|p1|Zoroark, M|
|poke|p1|Indeedee, M|
|poke|p2|Tyranitar, F|
|poke|p2|Gholdengo|
|poke|p2|Zamazenta-*|
|poke|p2|Rillaboom, F|
|poke|p2|Garchomp, F|
|poke|p2|Zapdos|
|teampreview
|
|t:|1758232096
|teamsize|p1|6
|teamsize|p2|6
|start
|switch|p1a: Hoopa|Hoopa-Unbound|100/100
|switch|p2a: Zamazenta|Zamazenta|100/100
|-ability|p2a: Zamazenta|Dauntless Shield|boost
|-boost|p2a: Zamazenta|def|1
|turn|1
|
|t:|1758232108
|switch|p2a: Tyranitar|Tyranitar, F|100/100
|-weather|Sandstorm|[from] ability: Sand Stream|[of] p2a: Tyranitar
|switch|p1a: Slowking|Slowking-Galar, M|100/100
|
|-weather|Sandstorm|[upkeep]
|-damage|p1a: Slowking|94/100|[from] Sandstorm
|-heal|p1a: Slowking|100/100|[from] item: Leftovers
|upkeep
|turn|2
|
|t:|1758232114
|switch|p1a: Ninetales|Ninetales-Alola, F|100/100
|-weather|Snowscape|[from] ability: Snow Warning|[of] p1a: Ninetales
|move|p2a: Tyranitar|Knock Off|p1a: Ninetales
|-resisted|p1a: Ninetales
|-damage|p1a: Ninetales|77/100
|-enditem|p1a: Ninetales|Light Clay|[from] move: Knock Off|[of] p2a: Tyranitar
|
|-weather|Snowscape|[upkeep]
|upkeep
|turn|3
|
|t:|1758232120
|move|p1a: Ninetales|Aurora Veil|p1a: Ninetales
|-sidestart|p1: Barronmaster|move: Aurora Veil
|move|p2a: Tyranitar|Stone Edge|p1a: Ninetales
|-supereffective|p1a: Ninetales
|-crit|p1a: Ninetales
|-damage|p1a: Ninetales|0 fnt
|faint|p1a: Ninetales
|
|-weather|Snowscape|[upkeep]
|upkeep
|
|t:|1758232124
|switch|p1a: Cloyster|Cloyster, F|100/100
|turn|4
|
|t:|1758232135
|move|p2a: Tyranitar|Knock Off|p1a: Cloyster
|-damage|p1a: Cloyster|88/100
|-enditem|p1a: Cloyster|Heavy-Duty Boots|[from] move: Knock Off|[of] p2a: Tyranitar
|move|p1a: Cloyster|Shell Smash|p1a: Cloyster
|-unboost|p1a: Cloyster|def|1
|-unboost|p1a: Cloyster|spd|1
|-boost|p1a: Cloyster|atk|2
|-boost|p1a: Cloyster|spa|2
|-boost|p1a: Cloyster|spe|2
|
|-weather|Snowscape|[upkeep]
|upkeep
|turn|5
|
|t:|1758232139
|move|p1a: Cloyster|Icicle Spear|p2a: Tyranitar
|-damage|p2a: Tyranitar|78/100
|-damage|p2a: Tyranitar|59/100
|-damage|p2a: Tyranitar|37/100
|-damage|p2a: Tyranitar|15/100
|-damage|p2a: Tyranitar|0 fnt
|faint|p2a: Tyranitar
|-hitcount|p2: Tyranitar|5
|
|-weather|Snowscape|[upkeep]
|upkeep
|
|t:|1758232161
|switch|p2a: Gholdengo|Gholdengo|100/100
|-item|p2a: Gholdengo|Air Balloon
|turn|6
|
|t:|1758232184
|switch|p1a: Hoopa|Hoopa-Unbound|100/100
|move|p2a: Gholdengo|Make It Rain|p1a: Hoopa
|-damage|p1a: Hoopa|86/100
|-unboost|p2a: Gholdengo|spa|1
|
|-weather|none
|upkeep
|turn|7
|
|t:|1758232203
|switch|p2a: Garchomp|Garchomp, F|100/100
|move|p1a: Hoopa|Psychic Noise|p2a: Garchomp
|-damage|p2a: Garchomp|49/100
|-start|p2a: Garchomp|move: Heal Block
|
|-sideend|p1: Barronmaster|move: Aurora Veil
|upkeep
|turn|8
|
|t:|1758232211
|move|p2a: Garchomp|Stealth Rock|p1a: Hoopa
|-sidestart|p1: Barronmaster|move: Stealth Rock
|move|p1a: Hoopa|Psychic Noise|p2a: Garchomp
|-damage|p2a: Garchomp|0 fnt
|faint|p2a: Garchomp
|
|upkeep
|
|t:|1758232215
|switch|p2a: Rillaboom|Rillaboom, F|100/100
|-fieldstart|move: Grassy Terrain|[from] ability: Grassy Surge|[of] p2a: Rillaboom
|turn|9
|inactive|Battle timer is ON: inactive players will automatically lose when time's up. (requested by moodrandom)
|
|t:|1758232265
|switch|p1a: Slowking|Slowking-Galar, M|100/100
|-damage|p1a: Slowking|88/100|[from] Stealth Rock
|move|p2a: Rillaboom|Wood Hammer|p1a: Slowking
|-resisted|p1a: Slowking
|-damage|p1a: Slowking|36/100
|-damage|p2a: Rillaboom|82/100|[from] Recoil
|
|-heal|p2a: Rillaboom|89/100|[from] Grassy Terrain
|-heal|p1a: Slowking|42/100|[from] Grassy Terrain
|-heal|p1a: Slowking|48/100|[from] item: Leftovers
|upkeep
|turn|10
|
|t:|1758232292
|switch|p1a: Indeedee|Indeedee, M|100/100
|-damage|p1a: Indeedee|88/100|[from] Stealth Rock
|-fieldstart|move: Psychic Terrain|[from] ability: Psychic Surge|[of] p1a: Indeedee
|move|p2a: Rillaboom|U-turn|p1a: Indeedee
|-supereffective|p1a: Indeedee
|-damage|p1a: Indeedee|0 fnt
|faint|p1a: Indeedee
|
|t:|1758232301
|switch|p2a: Zapdos|Zapdos|100/100|[from] U-turn
|
|upkeep
|inactive|Barronmaster has 120 seconds left.
|
|t:|1758232320
|switch|p1a: Slowking|Slowking-Galar, M|82/100
|-damage|p1a: Slowking|69/100|[from] Stealth Rock
|turn|11
|
|t:|1758232327
|move|p2a: Zapdos|Hurricane|p1a: Slowking
|-damage|p1a: Slowking|29/100
|-start|p1a: Slowking|confusion
|-activate|p1a: Slowking|confusion
|move|p1a: Slowking|Trick Room|p1a: Slowking
|-fieldstart|move: Trick Room|[of] p1a: Slowking
|
|-heal|p1a: Slowking|35/100|[from] item: Leftovers
|upkeep
|turn|12
|
|t:|1758232338
|switch|p1a: Hoopa|Hoopa-Unbound|86/100
|-damage|p1a: Hoopa|73/100|[from] Stealth Rock
|move|p2a: Zapdos|Hurricane|p1a: Hoopa
|-damage|p1a: Hoopa|43/100
|
|upkeep
|turn|13
|
|t:|1758232354
|move|p1a: Hoopa|Psychic Noise|p2a: Zapdos
|-damage|p2a: Zapdos|32/100
|-start|p2a: Zapdos|move: Heal Block
|move|p2a: Zapdos|Volt Switch|p1a: Hoopa
|-damage|p1a: Hoopa|24/100
|
|t:|1758232361
|switch|p2a: Rillaboom|Rillaboom, F|89/100|[from] Volt Switch
|-fieldstart|move: Grassy Terrain|[from] ability: Grassy Surge|[of] p2a: Rillaboom
|
|-heal|p1a: Hoopa|31/100|[from] Grassy Terrain
|-heal|p2a: Rillaboom|95/100|[from] Grassy Terrain
|upkeep
|turn|14
|
|t:|1758232376
|-terastallize|p2a: Rillaboom|Grass
|move|p2a: Rillaboom|Grassy Glide|p1a: Hoopa
|-damage|p1a: Hoopa|0 fnt
|faint|p1a: Hoopa
|
|-heal|p2a: Rillaboom|100/100|[from] Grassy Terrain
|upkeep
|
|t:|1758232390
|switch|p1a: Cloyster|Cloyster, F|88/100
|-damage|p1a: Cloyster|63/100|[from] Stealth Rock
|turn|15
|
|t:|1758232400
|-terastallize|p1a: Cloyster|Dragon
|move|p1a: Cloyster|Icicle Spear|p2a: Rillaboom
|-supereffective|p2a: Rillaboom
|-damage|p2a: Rillaboom|77/100
|-supereffective|p2a: Rillaboom
|-damage|p2a: Rillaboom|54/100
|-supereffective|p2a: Rillaboom
|-damage|p2a: Rillaboom|27/100
|-supereffective|p2a: Rillaboom
|-damage|p2a: Rillaboom|3/100
|-supereffective|p2a: Rillaboom
|-damage|p2a: Rillaboom|0 fnt
|faint|p2a: Rillaboom
|-hitcount|p2: Rillaboom|5
|
|-heal|p1a: Cloyster|69/100|[from] Grassy Terrain
|-fieldend|move: Trick Room
|upkeep
|inactive|moodrandom has 120 seconds left.
|c|☆moodrandom|how are you faster
|inactive|moodrandom has 90 seconds left.
|inactive|moodrandom has 60 seconds left.
|
|t:|1758232508
|switch|p2a: Gholdengo|Gholdengo|100/100
|-item|p2a: Gholdengo|Air Balloon
|turn|16
|
|t:|1758232518
|switch|p1a: Slowking|Slowking-Galar, M|68/100
|-damage|p1a: Slowking|56/100|[from] Stealth Rock
|move|p2a: Gholdengo|Make It Rain|p1a: Slowking
|-damage|p1a: Slowking|19/100
|-unboost|p2a: Gholdengo|spa|1
|
|-heal|p1a: Slowking|25/100|[from] Grassy Terrain
|-heal|p1a: Slowking|31/100|[from] item: Leftovers
|upkeep
|turn|17
|inactive|moodrandom has 60 seconds left.
|c|☆moodrandom|oh
|
|t:|1758232535
|move|p2a: Gholdengo|Thunder Wave|p1a: Slowking
|-status|p1a: Slowking|par
|move|p1a: Slowking|Trick Room|p1a: Slowking
|-fieldstart|move: Trick Room|[of] p1a: Slowking
|
|-heal|p1a: Slowking|37/100 par|[from] Grassy Terrain
|-heal|p1a: Slowking|43/100 par|[from] item: Leftovers
|-fieldend|move: Grassy Terrain
|upkeep
|turn|18
|inactive|Barronmaster has 120 seconds left.
|
|t:|1758232570
|cant|p1a: Slowking|par
|move|p2a: Gholdengo|Make It Rain|p1a: Slowking
|-damage|p1a: Slowking|16/100 par
|-unboost|p2a: Gholdengo|spa|1
|
|-heal|p1a: Slowking|23/100 par|[from] item: Leftovers
|upkeep
|turn|19
|inactive|Barronmaster has 120 seconds left.
|inactive|moodrandom has 60 seconds left.
|
|t:|1758232586
|switch|p1a: Slowking|Slowking-Galar, M|100/100
|-damage|p1a: Slowking|88/100|[from] Stealth Rock
|switch|p2a: Zapdos|Zapdos|32/100
|
|upkeep
|turn|20
|inactive|Barronmaster has 120 seconds left.
|inactive|Barronmaster has 90 seconds left.
|inactive|Barronmaster has 60 seconds left.
|
|t:|1758232657
|move|p1a: Slowking|Knock Off|p2a: Zapdos
|-damage|p2a: Zapdos|0 fnt
|-status|p1a: Slowking|par|[from] ability: Static|[of] p2a: Zapdos
|-enditem|p2a: Zapdos|Heavy-Duty Boots|[from] move: Knock Off|[of] p1a: Slowking
|faint|p2a: Zapdos
|-damage|p1a: Slowking|78/100 par|[from] item: Life Orb
|
|upkeep
|inactive|moodrandom has 60 seconds left.
|
|t:|1758232671
|switch|p2a: Zamazenta|Zamazenta|100/100
|turn|21
|
|t:|1758232681
|move|p1a: Slowking|Flamethrower|p2a: Zamazenta
|-damage|p2a: Zamazenta|70/100
|-damage|p1a: Slowking|68/100 par|[from] item: Life Orb
|move|p2a: Zamazenta|Close Combat|p1a: Slowking
|-supereffective|p1a: Slowking
|-damage|p1a: Slowking|0 fnt
|-unboost|p2a: Zamazenta|def|1
|-unboost|p2a: Zamazenta|spd|1
|replace|p1a: Zoroark|Zoroark, M
|-end|p1a: Zoroark|Illusion
|faint|p1a: Zoroark
|
|-fieldend|move: Trick Room
|upkeep
|
|t:|1758232687
|switch|p1a: Slowking|Slowking-Galar, M|56/100 par
|-damage|p1a: Slowking|43/100 par|[from] Stealth Rock
|turn|22
|
|t:|1758232695
|move|p2a: Zamazenta|Crunch|p1a: Slowking
|-supereffective|p1a: Slowking
|-damage|p1a: Slowking|0 fnt
|faint|p1a: Slowking
|
|upkeep
|-message|Barronmaster forfeited.
|
|win|moodrandom
|raw|Barronmaster's rating: 1584 &rarr; <strong>1567</strong><br />(-17 for losing)
|raw|moodrandom's rating: 1631 &rarr; <strong>1648</strong><br />(+17 for winning)
|l|☆Barronmaster
|player|p1|
|l|☆moodrandom
|player|p2|
|j| Nikator98
