|j|☆fitw
|j|☆constant sorrow
|t:|1758295690
|gametype|singles
|player|p1|fitw|170|1267
|player|p2|constant sorrow|iris-gen5bw2|1320
|gen|9
|tier|[Gen 9] OU
|rated|
|rule|HP Percentage Mod: HP is shown in percentages
|rule|Endless Battle Clause: Forcing endless battles is banned
|rule|Species Clause: Limit one of each Pokémon
|rule|OHKO Clause: OHKO moves are banned
|rule|Evasion Items Clause: Evasion items are banned
|rule|Evasion Moves Clause: Evasion moves are banned
|rule|Evasion Abilities Clause: Evasion abilities are banned
|rule|Sleep Moves Clause: Sleep-inducing moves are banned
|clearpoke
|poke|p1|Skeledirge, F|
|poke|p1|Cinderace, M|
|poke|p1|Moltres|
|poke|p1|Volcanion|
|poke|p1|Ceruledge, M|
|poke|p1|Heatran, F|
|poke|p2|Cloyster, M|
|poke|p2|Gengar, F|
|poke|p2|Reuniclus, F|
|poke|p2|Garganacl, M|
|poke|p2|Cinccino, F|
|poke|p2|Zapdos-Galar|
|teampreview
|inactive|Battle timer is ON: inactive players will automatically lose when time's up. (requested by fitw)
|
|t:|1758295714
|teamsize|p1|6
|teamsize|p2|6
|start
|switch|p1a: Cinderace|Cinderace, M|100/100
|switch|p2a: Cinccino|Cinccino, F|100/100
|turn|1
|
|t:|1758295741
|switch|p1a: Skeledirge|Skeledirge, F|100/100
|move|p2a: Cinccino|Tidy Up|p2a: Cinccino
|-boost|p2a: Cinccino|atk|1
|-boost|p2a: Cinccino|spe|1
|
|upkeep
|turn|2
|
|t:|1758295746
|switch|p2a: Garganacl|Garganacl, M|100/100
|move|p1a: Skeledirge|Will-O-Wisp|p2a: Garganacl
|-immune|p2a: Garganacl|[from] ability: Purifying Salt
|
|upkeep
|turn|3
|
|t:|1758295755
|switch|p1a: Heatran|Heatran, F|100/100
|-item|p1a: Heatran|Air Balloon
|move|p2a: Garganacl|Salt Cure|p1a: Heatran
|-damage|p1a: Heatran|90/100
|-start|p1a: Heatran|Salt Cure
|-enditem|p1a: Heatran|Air Balloon
|
|-damage|p1a: Heatran|66/100|[from] Salt Cure
|upkeep
|turn|4
|
|t:|1758295758
|move|p1a: Heatran|Stealth Rock|p2a: Garganacl
|-sidestart|p2: constant sorrow|move: Stealth Rock
|move|p2a: Garganacl|Iron Defense|p2a: Garganacl
|-boost|p2a: Garganacl|def|2
|
|-damage|p1a: Heatran|41/100|[from] Salt Cure
|upkeep
|turn|5
|
|t:|1758295761
|move|p1a: Heatran|Earth Power|p2a: Garganacl
|-supereffective|p2a: Garganacl
|-damage|p2a: Garganacl|69/100
|move|p2a: Garganacl|Salt Cure|p1a: Heatran
|-damage|p1a: Heatran|32/100
|
|-heal|p2a: Garganacl|75/100|[from] item: Leftovers
|-damage|p1a: Heatran|7/100|[from] Salt Cure
|upkeep
|turn|6
|
|t:|1758295782
|move|p1a: Heatran|Earth Power|p2a: Garganacl
|-supereffective|p2a: Garganacl
|-damage|p2a: Garganacl|44/100
|move|p2a: Garganacl|Recover|p2a: Garganacl
|-heal|p2a: Garganacl|94/100
|
|-heal|p2a: Garganacl|99/100|[from] item: Leftovers
|-damage|p1a: Heatran|0 fnt|[from] Salt Cure
|faint|p1a: Heatran
|upkeep
|
|t:|1758295791
|switch|p1a: Volcanion|Volcanion|100/100
|turn|7
|
|t:|1758295795
|-terastallize|p2a: Garganacl|Water
|move|p1a: Volcanion|Steam Eruption|p2a: Garganacl
|-resisted|p2a: Garganacl
|-damage|p2a: Garganacl|80/100
|move|p2a: Garganacl|Salt Cure|p1a: Volcanion
|-supereffective|p1a: Volcanion
|-damage|p1a: Volcanion|75/100
|-start|p1a: Volcanion|Salt Cure
|
|-heal|p2a: Garganacl|86/100|[from] item: Leftovers
|-damage|p1a: Volcanion|50/100|[from] Salt Cure
|upkeep
|turn|8
|inactive|fitw has 120 seconds left.
|
|t:|1758295838
|switch|p1a: Skeledirge|Skeledirge, F|100/100
|move|p2a: Garganacl|Salt Cure|p1a: Skeledirge
|-supereffective|p1a: Skeledirge
|-damage|p1a: Skeledirge|77/100
|-start|p1a: Skeledirge|Salt Cure
|
|-heal|p1a: Skeledirge|83/100|[from] item: Leftovers
|-heal|p2a: Garganacl|92/100|[from] item: Leftovers
|-damage|p1a: Skeledirge|71/100|[from] Salt Cure
|upkeep
|turn|9
|
|t:|1758295842
|move|p1a: Skeledirge|Torch Song|p2a: Garganacl
|-resisted|p2a: Garganacl
|-damage|p2a: Garganacl|83/100
|-boost|p1a: Skeledirge|spa|1
|move|p2a: Garganacl|Salt Cure|p1a: Skeledirge
|-supereffective|p1a: Skeledirge
|-damage|p1a: Skeledirge|49/100
|
|-heal|p1a: Skeledirge|55/100|[from] item: Leftovers
|-heal|p2a: Garganacl|89/100|[from] item: Leftovers
|-damage|p1a: Skeledirge|42/100|[from] Salt Cure
|upkeep
|turn|10
|
|t:|1758295848
|switch|p2a: Cinccino|Cinccino, F|100/100
|-damage|p2a: Cinccino|88/100|[from] Stealth Rock
|move|p1a: Skeledirge|Slack Off|p1a: Skeledirge
|-heal|p1a: Skeledirge|92/100
|
|-heal|p1a: Skeledirge|98/100|[from] item: Leftovers
|-damage|p1a: Skeledirge|86/100|[from] Salt Cure
|upkeep
|turn|11
|
|t:|1758295858
|move|p2a: Cinccino|Rock Blast|p1a: Skeledirge
|-supereffective|p1a: Skeledirge
|-damage|p1a: Skeledirge|67/100
|-supereffective|p1a: Skeledirge
|-damage|p1a: Skeledirge|48/100
|-supereffective|p1a: Skeledirge
|-damage|p1a: Skeledirge|30/100
|-supereffective|p1a: Skeledirge
|-damage|p1a: Skeledirge|13/100
|-hitcount|p1a: Skeledirge|4
|move|p1a: Skeledirge|Torch Song|p2a: Cinccino
|-damage|p2a: Cinccino|13/100
|-boost|p1a: Skeledirge|spa|1
|
|-heal|p1a: Skeledirge|19/100|[from] item: Leftovers
|-damage|p1a: Skeledirge|7/100|[from] Salt Cure
|upkeep
|turn|12
|
|t:|1758295870
|move|p2a: Cinccino|Bullet Seed|p1a: Skeledirge
|-resisted|p1a: Skeledirge
|-damage|p1a: Skeledirge|3/100
|-resisted|p1a: Skeledirge
|-damage|p1a: Skeledirge|0 fnt
|faint|p1a: Skeledirge
|-hitcount|p1: Skeledirge|2
|
|upkeep
|
|t:|1758295872
|switch|p1a: Cinderace|Cinderace, M|100/100
|turn|13
|
|t:|1758295874
|move|p1a: Cinderace|U-turn|p2a: Cinccino
|-start|p1a: Cinderace|typechange|Bug|[from] ability: Libero
|-damage|p2a: Cinccino|0 fnt
|faint|p2a: Cinccino
|
|t:|1758295880
|switch|p1a: Volcanion|Volcanion|50/100|[from] U-turn
|
|upkeep
|
|t:|1758295894
|switch|p2a: Gengar|Gengar, F|100/100
|-damage|p2a: Gengar|88/100|[from] Stealth Rock
|turn|14
|
|t:|1758295900
|move|p1a: Volcanion|Earth Power|p2a: Gengar
|-supereffective|p2a: Gengar
|-damage|p2a: Gengar|0 fnt
|faint|p2a: Gengar
|
|upkeep
|
|t:|1758295904
|switch|p2a: Zapdos|Zapdos-Galar|100/100
|-damage|p2a: Zapdos|88/100|[from] Stealth Rock
|turn|15
|
|t:|1758295914
|switch|p1a: Moltres|Moltres|100/100
|switch|p2a: Garganacl|Garganacl, M, tera:Water|89/100
|-damage|p2a: Garganacl|76/100|[from] Stealth Rock
|
|-heal|p2a: Garganacl|83/100|[from] item: Leftovers
|upkeep
|turn|16
|
|t:|1758295917
|move|p1a: Moltres|U-turn|p2a: Garganacl
|-damage|p2a: Garganacl|71/100
|
|t:|1758295921
|switch|p1a: Ceruledge|Ceruledge, M|100/100|[from] U-turn
|move|p2a: Garganacl|Salt Cure|p1a: Ceruledge
|-supereffective|p1a: Ceruledge
|-damage|p1a: Ceruledge|63/100
|-start|p1a: Ceruledge|Salt Cure
|-ability|p1a: Ceruledge|Weak Armor|boost
|-unboost|p1a: Ceruledge|def|1
|-boost|p1a: Ceruledge|spe|2
|
|-heal|p2a: Garganacl|77/100|[from] item: Leftovers
|-damage|p1a: Ceruledge|50/100|[from] Salt Cure
|upkeep
|turn|17
|
|t:|1758295936
|move|p1a: Ceruledge|Swords Dance|p1a: Ceruledge
|-boost|p1a: Ceruledge|atk|2
|move|p2a: Garganacl|Salt Cure|p1a: Ceruledge
|-supereffective|p1a: Ceruledge
|-damage|p1a: Ceruledge|0 fnt
|faint|p1a: Ceruledge
|
|-heal|p2a: Garganacl|84/100|[from] item: Leftovers
|upkeep
|inactive|fitw has 120 seconds left.
|
|t:|1758295965
|switch|p1a: Cinderace|Cinderace, M|100/100
|turn|18
|inactive|fitw has 120 seconds left.
|
|t:|1758295977
|move|p1a: Cinderace|High Jump Kick|p2a: Garganacl
|-start|p1a: Cinderace|typechange|Fighting|[from] ability: Libero
|-damage|p2a: Garganacl|22/100
|move|p2a: Garganacl|Salt Cure|p1a: Cinderace
|-resisted|p1a: Cinderace
|-damage|p1a: Cinderace|91/100
|-start|p1a: Cinderace|Salt Cure
|
|-heal|p2a: Garganacl|28/100|[from] item: Leftovers
|-damage|p1a: Cinderace|79/100|[from] Salt Cure
|upkeep
|turn|19
|
|t:|1758295986
|switch|p2a: Reuniclus|Reuniclus, F|100/100
|move|p1a: Cinderace|High Jump Kick|p2a: Reuniclus
|-resisted|p2a: Reuniclus
|-damage|p2a: Reuniclus|56/100
|
|-damage|p1a: Cinderace|67/100|[from] Salt Cure
|upkeep
|turn|20
|
|t:|1758295996
|switch|p1a: Moltres|Moltres|100/100
|move|p2a: Reuniclus|Future Sight|p1a: Moltres
|-start|p2a: Reuniclus|move: Future Sight
|
|upkeep
|turn|21
|
|t:|1758296001
|move|p1a: Moltres|U-turn|p2a: Reuniclus
|-supereffective|p2a: Reuniclus
|-damage|p2a: Reuniclus|25/100
|
|t:|1758296004
|switch|p1a: Volcanion|Volcanion|50/100|[from] U-turn
|move|p2a: Reuniclus|Trick Room|p2a: Reuniclus
|-fieldstart|move: Trick Room|[of] p2a: Reuniclus
|
|upkeep
|turn|22
|
|t:|1758296009
|move|p2a: Reuniclus|Energy Ball|p1a: Volcanion
|-damage|p1a: Volcanion|0 fnt
|faint|p1a: Volcanion
|
|-hint|Future Sight did not hit because the target is fainted.
|upkeep
|
|t:|1758296023
|switch|p1a: Moltres|Moltres|100/100
|turn|23
|
|t:|1758296026
|move|p2a: Reuniclus|Tera Blast|p1a: Moltres
|-damage|p1a: Moltres|70/100
|move|p1a: Moltres|Flamethrower|p2a: Reuniclus
|-damage|p2a: Reuniclus|0 fnt
|faint|p2a: Reuniclus
|
|upkeep
|
|t:|1758296042
|switch|p2a: Garganacl|Garganacl, M, tera:Water|28/100
|-damage|p2a: Garganacl|16/100|[from] Stealth Rock
|turn|24
|
|t:|1758296051
|move|p2a: Garganacl|Recover|p2a: Garganacl
|-heal|p2a: Garganacl|66/100
|move|p1a: Moltres|U-turn|p2a: Garganacl
|-damage|p2a: Garganacl|55/100
|
|t:|1758296053
|switch|p1a: Cinderace|Cinderace, M|67/100|[from] U-turn
|
|-heal|p2a: Garganacl|62/100|[from] item: Leftovers
|upkeep
|turn|25
|
|t:|1758296057
|move|p2a: Garganacl|Iron Defense|p2a: Garganacl
|-boost|p2a: Garganacl|def|2
|move|p1a: Cinderace|High Jump Kick|p2a: Garganacl
|-start|p1a: Cinderace|typechange|Fighting|[from] ability: Libero
|-damage|p2a: Garganacl|27/100
|
|-heal|p2a: Garganacl|33/100|[from] item: Leftovers
|-fieldend|move: Trick Room
|upkeep
|turn|26
|
|t:|1758296065
|move|p1a: Cinderace|High Jump Kick|p2a: Garganacl
|-damage|p2a: Garganacl|0 fnt
|faint|p2a: Garganacl
|
|upkeep
|
|t:|1758296068
|switch|p2a: Zapdos|Zapdos-Galar|88/100
|-damage|p2a: Zapdos|76/100|[from] Stealth Rock
|turn|27
|
|t:|1758296079
|switch|p1a: Moltres|Moltres|70/100
|move|p2a: Zapdos|Thunderous Kick|p1a: Moltres
|-resisted|p1a: Moltres
|-damage|p1a: Moltres|47/100
|-unboost|p1a: Moltres|def|1
|
|-heal|p2a: Zapdos|82/100|[from] item: Leftovers
|upkeep
|turn|28
|
|t:|1758296082
|move|p2a: Zapdos|Brave Bird|p1a: Moltres
|-crit|p1a: Moltres
|-damage|p1a: Moltres|0 fnt
|faint|p1a: Moltres
|-damage|p2a: Zapdos|64/100|[from] Recoil
|
|-heal|p2a: Zapdos|70/100|[from] item: Leftovers
|upkeep
|
|t:|1758296085
|switch|p1a: Cinderace|Cinderace, M|67/100
|turn|29
|
|t:|1758296097
|move|p1a: Cinderace|Pyro Ball|p2a: Zapdos
|-damage|p2a: Zapdos|0 fnt
|faint|p2a: Zapdos
|
|upkeep
|
|t:|1758296099
|switch|p2a: Cloyster|Cloyster, M|100/100
|-damage|p2a: Cloyster|76/100|[from] Stealth Rock
|turn|30
|
|t:|1758296105
|-terastallize|p1a: Cinderace|Fire
|move|p1a: Cinderace|Pyro Ball|p2a: Cloyster
|-damage|p2a: Cloyster|0 fnt
|faint|p2a: Cloyster
|
|win|fitw
|raw|fitw's rating: 1267 &rarr; <strong>1296</strong><br />(+29 for winning)
|raw|constant sorrow's rating: 1320 &rarr; <strong>1297</strong><br />(-23 for losing)
|l|☆fitw
|player|p1|
