|j|☆Partynparadise
|j|‽six10lol
|t:|1758303773
|gametype|singles
|player|p1|Partynparadise|brock|1439
|player|p2|six10lol|pokekid|1432
|gen|9
|tier|[Gen 9] OU
|rated|
|rule|HP Percentage Mod: HP is shown in percentages
|rule|Endless Battle Clause: Forcing endless battles is banned
|rule|Species Clause: Limit one of each Pokémon
|rule|OHKO Clause: OHKO moves are banned
|rule|Evasion Items Clause: Evasion items are banned
|rule|Evasion Moves Clause: Evasion moves are banned
|rule|Evasion Abilities Clause: Evasion abilities are banned
|rule|Sleep Moves Clause: Sleep-inducing moves are banned
|clearpoke
|poke|p1|Great Tusk|
|poke|p1|Kyurem|
|poke|p1|Slowking-Galar, M|
|poke|p1|Moltres|
|poke|p1|Iron Valiant|
|poke|p1|Meowscarada, F|
|poke|p2|Ursaluna, M|
|poke|p2|Cresselia, F|
|poke|p2|Kingambit, M|
|poke|p2|Volcanion|
|poke|p2|Hatterene, F|
|poke|p2|Porygon2|
|teampreview
|inactive|Battle timer is ON: inactive players will automatically lose when time's up. (requested by six10lol)
|
|t:|1758303791
|teamsize|p1|6
|teamsize|p2|6
|start
|switch|p1a: Meowscarada|Meowscarada, F|100/100
|switch|p2a: Ursaluna|Ursaluna, M|100/100
|turn|1
|
|t:|1758303801
|move|p2a: Ursaluna|Protect|p2a: Ursaluna
|-singleturn|p2a: Ursaluna|Protect
|move|p1a: Meowscarada|Knock Off|p2a: Ursaluna
|-start|p1a: Meowscarada|typechange|Dark|[from] ability: Protean
|-activate|p2a: Ursaluna|move: Protect
|
|-status|p2a: Ursaluna|brn|[from] item: Flame Orb
|upkeep
|turn|2
|
|t:|1758303809
|switch|p1a: Great Tusk|Great Tusk|100/100
|move|p2a: Ursaluna|Facade|p1a: Great Tusk
|-damage|p1a: Great Tusk|12/100
|-damage|p2a: Ursaluna|84/100 brn|[from] item: Rocky Helmet|[of] p1a: Great Tusk
|
|-damage|p2a: Ursaluna|78/100 brn|[from] brn
|upkeep
|turn|3
|
|t:|1758303826
|switch|p2a: Cresselia|Cresselia, F, shiny|100/100
|move|p1a: Great Tusk|Close Combat|p2a: Cresselia
|-resisted|p2a: Cresselia
|-damage|p2a: Cresselia|81/100
|-unboost|p1a: Great Tusk|def|1
|-unboost|p1a: Great Tusk|spd|1
|
|upkeep
|turn|4
|
|t:|1758303841
|move|p1a: Great Tusk|Stealth Rock|p2a: Cresselia
|-sidestart|p2: six10lol|move: Stealth Rock
|move|p2a: Cresselia|Trick Room|p2a: Cresselia
|-fieldstart|move: Trick Room|[of] p2a: Cresselia
|
|upkeep
|turn|5
|
|t:|1758303853
|-end|p1a: Great Tusk|Protosynthesis|[silent]
|switch|p1a: Slowking|Slowking-Galar, M|100/100
|move|p2a: Cresselia|Psychic|p1a: Slowking
|-damage|p1a: Slowking|86/100
|
|upkeep
|turn|6
|
|t:|1758303863
|switch|p2a: Ursaluna|Ursaluna, M|78/100 brn
|-damage|p2a: Ursaluna|71/100 brn|[from] Stealth Rock
|move|p1a: Slowking|Future Sight|p2a: Ursaluna
|-start|p1a: Slowking|move: Future Sight
|
|-damage|p2a: Ursaluna|65/100 brn|[from] brn
|upkeep
|turn|7
|
|t:|1758303872
|switch|p1a: Great Tusk|Great Tusk|12/100
|move|p2a: Ursaluna|Facade|p1a: Great Tusk
|-damage|p1a: Great Tusk|0 fnt
|-damage|p2a: Ursaluna|49/100 brn|[from] item: Rocky Helmet|[of] p1a: Great Tusk
|faint|p1a: Great Tusk
|-end|p1a: Great Tusk|Protosynthesis|[silent]
|
|-damage|p2a: Ursaluna|42/100 brn|[from] brn
|upkeep
|
|t:|1758303885
|switch|p1a: Kyurem|Kyurem, shiny|100/100
|-ability|p1a: Kyurem|Pressure
|turn|8
|
|t:|1758303894
|move|p1a: Kyurem|Protect|p1a: Kyurem
|-singleturn|p1a: Kyurem|Protect
|move|p2a: Ursaluna|Headlong Rush|p1a: Kyurem
|-activate|p1a: Kyurem|move: Protect
|
|-end|p2a: Ursaluna|move: Future Sight
|-damage|p2a: Ursaluna|6/100 brn
|-damage|p2a: Ursaluna|0 fnt|[from] brn
|faint|p2a: Ursaluna
|-fieldend|move: Trick Room
|upkeep
|
|t:|1758303909
|switch|p2a: Hatterene|Hatterene, F|100/100
|-damage|p2a: Hatterene|88/100|[from] Stealth Rock
|turn|9
|
|t:|1758303917
|switch|p1a: Slowking|Slowking-Galar, M|100/100
|move|p2a: Hatterene|Trick Room|p2a: Hatterene
|-fieldstart|move: Trick Room|[of] p2a: Hatterene
|
|upkeep
|turn|10
|
|t:|1758303929
|switch|p2a: Kingambit|Kingambit, M|100/100
|-damage|p2a: Kingambit|94/100|[from] Stealth Rock
|-activate|p2a: Kingambit|ability: Supreme Overlord
|-start|p2a: Kingambit|fallen1|[silent]
|-prepare|p1a: Slowking|Chilly Reception|[premajor]
|move|p1a: Slowking|Chilly Reception|p1a: Slowking
|-weather|Snowscape
|
|t:|1758303941
|switch|p1a: Moltres|Moltres|100/100|[from] Chilly Reception
|
|-weather|Snowscape|[upkeep]
|upkeep
|turn|11
|
|t:|1758303961
|-end|p2a: Kingambit|fallen1|[silent]
|switch|p2a: Volcanion|Volcanion|100/100
|-damage|p2a: Volcanion|75/100|[from] Stealth Rock
|move|p1a: Moltres|Flamethrower|p2a: Volcanion
|-resisted|p2a: Volcanion
|-damage|p2a: Volcanion|66/100
|
|-weather|Snowscape|[upkeep]
|upkeep
|turn|12
|
|t:|1758303968
|switch|p1a: Slowking|Slowking-Galar, M|100/100
|move|p2a: Volcanion|Steam Eruption|p1a: Slowking
|-damage|p1a: Slowking|45/100
|-status|p1a: Slowking|brn
|
|-weather|Snowscape|[upkeep]
|-damage|p1a: Slowking|39/100 brn|[from] brn
|upkeep
|turn|13
|
|t:|1758303976
|switch|p1a: Kyurem|Kyurem, shiny|100/100
|-ability|p1a: Kyurem|Pressure
|move|p2a: Volcanion|Steam Eruption|p1a: Kyurem
|-resisted|p1a: Kyurem
|-damage|p1a: Kyurem|62/100
|
|-weather|Snowscape|[upkeep]
|-heal|p1a: Kyurem|68/100|[from] item: Leftovers
|-fieldend|move: Trick Room
|upkeep
|turn|14
|
|t:|1758303989
|switch|p2a: Cresselia|Cresselia, F, shiny|81/100
|-damage|p2a: Cresselia|69/100|[from] Stealth Rock
|move|p1a: Kyurem|Substitute|p1a: Kyurem
|-start|p1a: Kyurem|Substitute
|-damage|p1a: Kyurem|43/100
|
|-weather|none
|-heal|p1a: Kyurem|50/100|[from] item: Leftovers
|upkeep
|turn|15
|
|t:|1758303999
|move|p1a: Kyurem|Freeze-Dry|p2a: Cresselia
|-damage|p2a: Cresselia|44/100
|move|p2a: Cresselia|Moonblast|p1a: Kyurem
|-supereffective|p1a: Kyurem
|-end|p1a: Kyurem|Substitute
|
|-heal|p1a: Kyurem|56/100|[from] item: Leftovers
|upkeep
|turn|16
|
|t:|1758304008
|switch|p1a: Slowking|Slowking-Galar, M|73/100 brn
|move|p2a: Cresselia|Trick Room|p2a: Cresselia
|-fieldstart|move: Trick Room|[of] p2a: Cresselia
|
|-damage|p1a: Slowking|66/100 brn|[from] brn
|upkeep
|turn|17
|
|t:|1758304024
|move|p1a: Slowking|Future Sight|p2a: Cresselia
|-start|p1a: Slowking|move: Future Sight
|move|p2a: Cresselia|Lunar Dance|p2a: Cresselia
|faint|p2a: Cresselia
|
|-damage|p1a: Slowking|60/100 brn|[from] brn
|upkeep
|
|t:|1758304035
|switch|p2a: Volcanion|Volcanion|66/100
|-heal|p2a: Volcanion|100/100|[from] move: Lunar Dance
|-damage|p2a: Volcanion|75/100|[from] Stealth Rock
|turn|18
|
|t:|1758304042
|move|p1a: Slowking|Toxic|p2a: Volcanion
|-status|p2a: Volcanion|tox
|move|p2a: Volcanion|Steam Eruption|p1a: Slowking
|-damage|p1a: Slowking|9/100 brn
|
|-damage|p2a: Volcanion|69/100 tox|[from] psn
|-damage|p1a: Slowking|3/100 brn|[from] brn
|upkeep
|turn|19
|
|t:|1758304052
|-prepare|p1a: Slowking|Chilly Reception|[premajor]
|move|p1a: Slowking|Chilly Reception|p1a: Slowking
|-weather|Snowscape
|
|t:|1758304059
|switch|p1a: Kyurem|Kyurem, shiny|56/100|[from] Chilly Reception
|-ability|p1a: Kyurem|Pressure
|move|p2a: Volcanion|Steam Eruption|p1a: Kyurem
|-resisted|p1a: Kyurem
|-damage|p1a: Kyurem|19/100
|
|-weather|Snowscape|[upkeep]
|-end|p2a: Volcanion|move: Future Sight
|-damage|p2a: Volcanion|24/100 tox
|-heal|p1a: Kyurem|25/100|[from] item: Leftovers
|-damage|p2a: Volcanion|12/100 tox|[from] psn
|upkeep
|turn|20
|
|t:|1758304079
|move|p1a: Kyurem|Protect|p1a: Kyurem
|-singleturn|p1a: Kyurem|Protect
|move|p2a: Volcanion|Steam Eruption|p1a: Kyurem
|-activate|p1a: Kyurem|move: Protect
|
|-weather|Snowscape|[upkeep]
|-heal|p1a: Kyurem|32/100|[from] item: Leftovers
|-damage|p2a: Volcanion|0 fnt|[from] psn
|faint|p2a: Volcanion
|-fieldend|move: Trick Room
|upkeep
|inactive|six10lol has 120 seconds left.
|
|t:|1758304123
|switch|p2a: Hatterene|Hatterene, F|88/100
|-damage|p2a: Hatterene|76/100|[from] Stealth Rock
|turn|21
|
|t:|1758304130
|switch|p1a: Slowking|Slowking-Galar, M|36/100 brn
|move|p2a: Hatterene|Trick Room|p2a: Hatterene
|-fieldstart|move: Trick Room|[of] p2a: Hatterene
|
|-weather|Snowscape|[upkeep]
|-damage|p1a: Slowking|30/100 brn|[from] brn
|upkeep
|turn|22
|
|t:|1758304146
|switch|p2a: Kingambit|Kingambit, M|94/100
|-damage|p2a: Kingambit|88/100|[from] Stealth Rock
|-activate|p2a: Kingambit|ability: Supreme Overlord
|-start|p2a: Kingambit|fallen3|[silent]
|switch|p1a: Moltres|Moltres|100/100
|
|-weather|Snowscape|[upkeep]
|upkeep
|turn|23
|
|t:|1758304155
|-terastallize|p2a: Kingambit|Fairy
|move|p2a: Kingambit|Swords Dance|p2a: Kingambit
|-boost|p2a: Kingambit|atk|2
|move|p1a: Moltres|Flamethrower|p2a: Kingambit
|-damage|p2a: Kingambit|54/100
|
|-weather|none
|upkeep
|turn|24
|
|t:|1758304164
|move|p2a: Kingambit|Kowtow Cleave|p1a: Moltres
|-damage|p1a: Moltres|0 fnt
|faint|p1a: Moltres
|
|upkeep
|
|t:|1758304177
|switch|p1a: Kyurem|Kyurem, shiny|32/100
|-ability|p1a: Kyurem|Pressure
|turn|25
|inactive|six10lol has 120 seconds left.
|
|t:|1758304192
|move|p1a: Kyurem|Protect|p1a: Kyurem
|-singleturn|p1a: Kyurem|Protect
|move|p2a: Kingambit|Tera Blast|p1a: Kyurem|[anim] Tera Blast Fairy
|-activate|p1a: Kyurem|move: Protect
|
|-heal|p1a: Kyurem|38/100|[from] item: Leftovers
|-fieldend|move: Trick Room
|upkeep
|turn|26
|
|t:|1758304208
|move|p1a: Kyurem|Earth Power|p2a: Kingambit
|-damage|p2a: Kingambit|22/100
|-unboost|p2a: Kingambit|spd|1
|move|p2a: Kingambit|Kowtow Cleave|p1a: Kyurem
|-damage|p1a: Kyurem|0 fnt
|faint|p1a: Kyurem
|
|upkeep
|
|t:|1758304217
|switch|p1a: Iron Valiant|Iron Valiant|100/100
|-enditem|p1a: Iron Valiant|Booster Energy
|-activate|p1a: Iron Valiant|ability: Quark Drive|[fromitem]
|-start|p1a: Iron Valiant|quarkdrivespe
|turn|27
|
|t:|1758304222
|-end|p2a: Kingambit|fallen3|[silent]
|switch|p2a: Porygon2|Porygon2|100/100
|-damage|p2a: Porygon2|88/100|[from] Stealth Rock
|-ability|p2a: Porygon2|Download|boost
|-boost|p2a: Porygon2|spa|1
|move|p1a: Iron Valiant|Moonblast|p2a: Porygon2
|-damage|p2a: Porygon2|61/100
|
|upkeep
|turn|28
|
|t:|1758304230
|-end|p1a: Iron Valiant|Quark Drive|[silent]
|switch|p1a: Slowking|Slowking-Galar, M|63/100 brn
|move|p2a: Porygon2|Trick Room|p2a: Porygon2
|-fieldstart|move: Trick Room|[of] p2a: Porygon2
|
|-damage|p1a: Slowking|57/100 brn|[from] brn
|upkeep
|turn|29
|
|t:|1758304242
|move|p1a: Slowking|Toxic|p2a: Porygon2
|-status|p2a: Porygon2|tox
|move|p2a: Porygon2|Tera Blast|p1a: Slowking
|-damage|p1a: Slowking|22/100 brn
|
|-damage|p2a: Porygon2|55/100 tox|[from] psn
|-damage|p1a: Slowking|16/100 brn|[from] brn
|upkeep
|turn|30
|
|t:|1758304262
|-prepare|p1a: Slowking|Chilly Reception|[premajor]
|move|p1a: Slowking|Chilly Reception|p1a: Slowking
|-weather|Snowscape
|
|t:|1758304268
|switch|p1a: Meowscarada|Meowscarada, F|100/100|[from] Chilly Reception
|move|p2a: Porygon2|Tera Blast|p1a: Meowscarada
|-damage|p1a: Meowscarada|7/100
|
|-weather|Snowscape|[upkeep]
|-damage|p2a: Porygon2|42/100 tox|[from] psn
|upkeep
|turn|31
|
|t:|1758304283
|switch|p1a: Slowking|Slowking-Galar, M|49/100 brn
|move|p2a: Porygon2|Tera Blast|p1a: Slowking
|-damage|p1a: Slowking|14/100 brn
|
|-weather|Snowscape|[upkeep]
|-damage|p2a: Porygon2|24/100 tox|[from] psn
|-damage|p1a: Slowking|8/100 brn|[from] brn
|upkeep
|turn|32
|
|t:|1758304294
|-prepare|p1a: Slowking|Chilly Reception|[premajor]
|move|p1a: Slowking|Chilly Reception|p1a: Slowking
|
|t:|1758304298
|switch|p1a: Meowscarada|Meowscarada, F|7/100|[from] Chilly Reception
|move|p2a: Porygon2|Tera Blast|p1a: Meowscarada
|-damage|p1a: Meowscarada|0 fnt
|faint|p1a: Meowscarada
|
|-weather|Snowscape|[upkeep]
|-damage|p2a: Porygon2|0 fnt|[from] psn
|faint|p2a: Porygon2
|-fieldend|move: Trick Room
|upkeep
|
|t:|1758304308
|switch|p1a: Slowking|Slowking-Galar, M|41/100 brn
|switch|p2a: Hatterene|Hatterene, F|76/100
|-damage|p2a: Hatterene|64/100|[from] Stealth Rock
|turn|33
|
|t:|1758304316
|-prepare|p1a: Slowking|Chilly Reception|[premajor]
|move|p1a: Slowking|Chilly Reception|p1a: Slowking
|
|t:|1758304319
|switch|p1a: Iron Valiant|Iron Valiant|100/100|[from] Chilly Reception
|move|p2a: Hatterene|Trick Room|p2a: Hatterene
|-fieldstart|move: Trick Room|[of] p2a: Hatterene
|
|-weather|Snowscape|[upkeep]
|upkeep
|turn|34
|
|t:|1758304325
|-end|p1a: Iron Valiant|Quark Drive|[silent]
|switch|p1a: Slowking|Slowking-Galar, M|75/100 brn
|move|p2a: Hatterene|Healing Wish|p2a: Hatterene
|faint|p2a: Hatterene
|
|-weather|none
|-damage|p1a: Slowking|69/100 brn|[from] brn
|upkeep
|
|t:|1758304331
|switch|p2a: Kingambit|Kingambit, M, tera:Fairy|22/100
|-heal|p2a: Kingambit|100/100|[from] move: Healing Wish
|-damage|p2a: Kingambit|88/100|[from] Stealth Rock
|-activate|p2a: Kingambit|ability: Supreme Overlord
|-start|p2a: Kingambit|fallen5|[silent]
|turn|35
|
|t:|1758304340
|-terastallize|p1a: Slowking|Poison
|move|p1a: Slowking|Toxic|p2a: Kingambit
|-status|p2a: Kingambit|tox
|move|p2a: Kingambit|Kowtow Cleave|p1a: Slowking
|-damage|p1a: Slowking|0 fnt
|faint|p1a: Slowking
|
|-damage|p2a: Kingambit|82/100 tox|[from] psn
|upkeep
|
|t:|1758304351
|switch|p1a: Iron Valiant|Iron Valiant|100/100
|turn|36
|
|t:|1758304357
|move|p2a: Kingambit|Tera Blast|p1a: Iron Valiant|[anim] Tera Blast Fairy
|-supereffective|p1a: Iron Valiant
|-damage|p1a: Iron Valiant|0 fnt
|faint|p1a: Iron Valiant
|-end|p1a: Iron Valiant|Quark Drive|[silent]
|
|win|six10lol
|raw|Partynparadise's rating: 1439 &rarr; <strong>1419</strong><br />(-20 for losing)
|raw|six10lol's rating: 1432 &rarr; <strong>1452</strong><br />(+20 for winning)
|l|☆Partynparadise
|player|p1|
|l|‽six10lol
|player|p2|
