|j|☆randombananaYAY
|j|☆SlayerArceus25
|t:|1758343850
|gametype|singles
|player|p1|randombananaYAY|1|1489
|player|p2|SlayerArceus25|lusamine-nihilego|1544
|gen|9
|tier|[Gen 9] OU
|rated|
|rule|HP Percentage Mod: HP is shown in percentages
|rule|Endless Battle Clause: Forcing endless battles is banned
|rule|Species Clause: Limit one of each Pokémon
|rule|OHKO Clause: OHKO moves are banned
|rule|Evasion Items Clause: Evasion items are banned
|rule|Evasion Moves Clause: Evasion moves are banned
|rule|Evasion Abilities Clause: Evasion abilities are banned
|rule|Sleep Moves Clause: Sleep-inducing moves are banned
|clearpoke
|poke|p1|Alomomola, F|
|poke|p1|Gliscor, F|
|poke|p1|Dondozo, F|
|poke|p1|Blissey, F|
|poke|p1|Toxapex, M|
|poke|p1|Clodsire, F|
|poke|p2|Deoxys-Speed|
|poke|p2|Ceruledge, M|
|poke|p2|Kyurem|
|poke|p2|Gholdengo|
|poke|p2|Zamazenta-*|
|poke|p2|Raging Bolt|
|teampreview
|inactive|Battle timer is ON: inactive players will automatically lose when time's up. (requested by SlayerArceus25)
|inactive|SlayerArceus25 has 120 seconds left.
|
|t:|1758343885
|teamsize|p1|6
|teamsize|p2|6
|start
|switch|p1a: Gliscor|Gliscor, F|100/100
|switch|p2a: Deoxys|Deoxys-Speed|100/100
|-ability|p2a: Deoxys|Pressure
|turn|1
|
|t:|1758343908
|switch|p2a: Kyurem|Kyurem|100/100
|-ability|p2a: Kyurem|Pressure
|move|p1a: Gliscor|Protect||[still]
|-fail|p1a: Gliscor
|
|-status|p1a: Gliscor|tox|[from] item: Toxic Orb
|upkeep
|turn|2
|inactive|SlayerArceus25 has 120 seconds left.
|
|t:|1758343947
|-terastallize|p2a: Kyurem|Ice
|move|p1a: Gliscor|Protect|p1a: Gliscor
|-singleturn|p1a: Gliscor|Protect
|move|p2a: Kyurem|Ice Beam|p1a: Gliscor
|-activate|p1a: Gliscor|move: Protect
|
|upkeep
|turn|3
|
|t:|1758343975
|switch|p1a: Toxapex|Toxapex, M|100/100
|move|p2a: Kyurem|Ice Beam|p1a: Toxapex
|-resisted|p1a: Toxapex
|-damage|p1a: Toxapex|70/100
|-status|p1a: Toxapex|frz
|
|upkeep
|turn|4
|
|t:|1758343984
|switch|p2a: Deoxys|Deoxys-Speed|100/100
|-ability|p2a: Deoxys|Pressure
|switch|p1a: Blissey|Blissey, F|100/100
|
|upkeep
|turn|5
|
|t:|1758343992
|switch|p1a: Gliscor|Gliscor, F|100/100 tox
|move|p2a: Deoxys|Stealth Rock|p1a: Gliscor
|-sidestart|p1: randombananaYAY|move: Stealth Rock
|
|upkeep
|turn|6
|
|t:|1758344002
|switch|p2a: Kyurem|Kyurem, tera:Ice|100/100
|-ability|p2a: Kyurem|Pressure
|move|p1a: Gliscor|Knock Off|p2a: Kyurem
|-damage|p2a: Kyurem|79/100
|-enditem|p2a: Kyurem|Choice Specs|[from] move: Knock Off|[of] p1a: Gliscor
|
|upkeep
|turn|7
|
|t:|1758344011
|switch|p1a: Blissey|Blissey, F|100/100
|move|p2a: Kyurem|Freeze-Dry|p1a: Blissey
|-damage|p1a: Blissey|84/100
|
|upkeep
|turn|8
|
|t:|1758344019
|switch|p2a: Gholdengo|Gholdengo|100/100
|move|p1a: Blissey|Stealth Rock|p2a: Gholdengo
|-sidestart|p2: SlayerArceus25|move: Stealth Rock
|
|upkeep
|turn|9
|
|t:|1758344028
|switch|p1a: Clodsire|Clodsire, F|100/100
|move|p2a: Gholdengo|Nasty Plot|p2a: Gholdengo
|-boost|p2a: Gholdengo|spa|2
|
|upkeep
|turn|10
|
|t:|1758344032
|move|p2a: Gholdengo|Shadow Ball|p1a: Clodsire
|-damage|p1a: Clodsire|74/100
|move|p1a: Clodsire|Amnesia|p1a: Clodsire
|-boost|p1a: Clodsire|spd|2
|
|upkeep
|turn|11
|-message|SlayerArceus25 forfeited.
|
|win|randombananaYAY
|raw|randombananaYAY's rating: 1489 &rarr; <strong>1512</strong><br />(+23 for winning)
|raw|SlayerArceus25's rating: 1544 &rarr; <strong>1521</strong><br />(-23 for losing)
|l|☆SlayerArceus25
|player|p2|
|l|☆randombananaYAY
|player|p1|
