|j|☆Smoore996
|j|☆SlitherBitch
|t:|1758313585
|gametype|singles
|player|p1|Smoore996|170|1229
|player|p2|SlitherBitch|unknownf|1231
|gen|9
|tier|[Gen 9] OU
|rated|
|rule|HP Percentage Mod: HP is shown in percentages
|rule|Endless Battle Clause: Forcing endless battles is banned
|rule|Species Clause: Limit one of each Pokémon
|rule|OHKO Clause: OHKO moves are banned
|rule|Evasion Items Clause: Evasion items are banned
|rule|Evasion Moves Clause: Evasion moves are banned
|rule|Evasion Abilities Clause: Evasion abilities are banned
|rule|Sleep Moves Clause: Sleep-inducing moves are banned
|clearpoke
|poke|p1|Pawmot, M|
|poke|p1|Rabsca, F|
|poke|p1|Garganacl, F|
|poke|p1|Great Tusk|
|poke|p1|Goodra-Hisui, F|
|poke|p1|Snorlax, M|
|poke|p2|Iron Treads|
|poke|p2|Arcanine-Hisui, F|
|poke|p2|Tornadus-Therian, M|
|poke|p2|Hatterene, F|
|poke|p2|Zamazenta-*|
|poke|p2|Samurott-Hisui, F|
|teampreview
|
|t:|1758313609
|teamsize|p1|6
|teamsize|p2|6
|start
|switch|p1a: Pawmot|Pawmot, M, shiny|100/100
|switch|p2a: Iron Treads|Iron Treads|100/100
|turn|1
|
|t:|1758313617
|move|p1a: Pawmot|Fake Out|p2a: Iron Treads
|-resisted|p2a: Iron Treads
|-damage|p2a: Iron Treads|94/100
|cant|p2a: Iron Treads|flinch
|
|upkeep
|turn|2
|
|t:|1758313625
|switch|p1a: Snorlax|Snorlax, M, shiny|100/100
|move|p2a: Iron Treads|Stealth Rock|p1a: Snorlax
|-sidestart|p1: Smoore996|move: Stealth Rock
|
|upkeep
|turn|3
|
|t:|1758313629
|move|p2a: Iron Treads|Knock Off|p1a: Snorlax
|-damage|p1a: Snorlax|71/100
|-enditem|p1a: Snorlax|Aguav Berry|[from] move: Knock Off|[of] p2a: Iron Treads
|move|p1a: Snorlax|Belly Drum|p1a: Snorlax
|-damage|p1a: Snorlax|21/100
|-setboost|p1a: Snorlax|atk|6|[from] move: Belly Drum
|
|upkeep
|turn|4
|
|t:|1758313639
|move|p2a: Iron Treads|Earthquake|p1a: Snorlax
|-damage|p1a: Snorlax|0 fnt
|faint|p1a: Snorlax
|
|upkeep
|
|t:|1758313643
|switch|p1a: Great Tusk|Great Tusk|100/100
|-damage|p1a: Great Tusk|98/100|[from] Stealth Rock
|turn|5
|
|t:|1758313655
|-end|p2a: Iron Treads|Quark Drive|[silent]
|switch|p2a: Tornadus|Tornadus-Therian, M, shiny|100/100
|move|p1a: Great Tusk|Close Combat|p2a: Tornadus
|-resisted|p2a: Tornadus
|-damage|p2a: Tornadus|64/100
|-unboost|p1a: Great Tusk|def|1
|-unboost|p1a: Great Tusk|spd|1
|
|upkeep
|turn|6
|
|t:|1758313666
|-end|p1a: Great Tusk|Protosynthesis|[silent]
|switch|p1a: Garganacl|Garganacl, F, shiny|100/100
|-damage|p1a: Garganacl|88/100|[from] Stealth Rock
|move|p2a: Tornadus|U-turn|p1a: Garganacl
|-damage|p1a: Garganacl|81/100
|
|t:|1758313672
|switch|p2a: Arcanine|Arcanine-Hisui, F|100/100|[from] U-turn
|
|-heal|p1a: Garganacl|87/100|[from] item: Leftovers
|upkeep
|turn|7
|inactive|Battle timer is ON: inactive players will automatically lose when time's up. (requested by SlitherBitch)
|
|t:|1758313682
|switch|p1a: Goodra|Goodra-Hisui, F, shiny|100/100
|-damage|p1a: Goodra|94/100|[from] Stealth Rock
|move|p2a: Arcanine|Close Combat|p1a: Goodra
|-supereffective|p1a: Goodra
|-damage|p1a: Goodra|0 fnt
|-unboost|p2a: Arcanine|def|1
|-unboost|p2a: Arcanine|spd|1
|-ability|p1a: Goodra|Gooey
|-unboost|p2a: Arcanine|spe|1
|faint|p1a: Goodra
|
|upkeep
|
|t:|1758313687
|switch|p1a: Pawmot|Pawmot, M, shiny|100/100
|-damage|p1a: Pawmot|94/100|[from] Stealth Rock
|turn|8
|
|t:|1758313692
|switch|p2a: Iron Treads|Iron Treads|94/100
|move|p1a: Pawmot|Fake Out|p2a: Iron Treads
|-resisted|p2a: Iron Treads
|-damage|p2a: Iron Treads|88/100
|
|upkeep
|turn|9
|
|t:|1758313697
|switch|p1a: Great Tusk|Great Tusk|98/100
|-damage|p1a: Great Tusk|95/100|[from] Stealth Rock
|move|p2a: Iron Treads|Earthquake|p1a: Great Tusk
|-damage|p1a: Great Tusk|65/100
|
|upkeep
|turn|10
|
|t:|1758313708
|-end|p2a: Iron Treads|Quark Drive|[silent]
|switch|p2a: Tornadus|Tornadus-Therian, M, shiny|97/100
|move|p1a: Great Tusk|Rapid Spin|p2a: Tornadus
|-damage|p2a: Tornadus|77/100
|-boost|p1a: Great Tusk|spe|1
|-sideend|p1: Smoore996|Stealth Rock|[from] move: Rapid Spin|[of] p1a: Great Tusk
|
|upkeep
|turn|11
|
|t:|1758313714
|move|p2a: Tornadus|Bleakwind Storm|p1a: Great Tusk
|-supereffective|p1a: Great Tusk
|-damage|p1a: Great Tusk|0 fnt
|faint|p1a: Great Tusk
|-end|p1a: Great Tusk|Protosynthesis|[silent]
|
|upkeep
|
|t:|1758313718
|switch|p1a: Pawmot|Pawmot, M, shiny|94/100
|turn|12
|
|t:|1758313722
|switch|p2a: Iron Treads|Iron Treads|88/100
|move|p1a: Pawmot|Revival Blessing|p1a: Pawmot
|-enditem|p1a: Pawmot|Leppa Berry|[eat]
|-activate|p1a: Pawmot|item: Leppa Berry|Revival Blessing|[consumed]
|
|t:|1758313731
|-heal|p1: Great Tusk|50/100|[from] move: Revival Blessing
|
|upkeep
|turn|13
|
|t:|1758313738
|move|p1a: Pawmot|Mach Punch|p2a: Iron Treads
|-supereffective|p2a: Iron Treads
|-damage|p2a: Iron Treads|52/100
|move|p2a: Iron Treads|Earthquake|p1a: Pawmot
|-supereffective|p1a: Pawmot
|-damage|p1a: Pawmot|0 fnt
|faint|p1a: Pawmot
|
|upkeep
|
|t:|1758313745
|switch|p1a: Rabsca|Rabsca, F|100/100
|turn|14
|
|t:|1758313751
|move|p2a: Iron Treads|Knock Off|p1a: Rabsca
|-supereffective|p1a: Rabsca
|-damage|p1a: Rabsca|34/100
|-enditem|p1a: Rabsca|Leppa Berry|[from] move: Knock Off|[of] p2a: Iron Treads
|move|p1a: Rabsca|Trick Room|p1a: Rabsca
|-fieldstart|move: Trick Room|[of] p1a: Rabsca
|
|upkeep
|turn|15
|
|t:|1758313759
|-end|p2a: Iron Treads|Quark Drive|[silent]
|switch|p2a: Hatterene|Hatterene, F, shiny|100/100
|move|p1a: Rabsca|Revival Blessing|p1a: Rabsca
|
|t:|1758313761
|-heal|p1: Pawmot|50/100|[from] move: Revival Blessing
|
|upkeep
|turn|16
|
|t:|1758313766
|move|p2a: Hatterene|Draining Kiss|p1a: Rabsca
|-damage|p1a: Rabsca|17/100
|move|p1a: Rabsca|Bug Buzz|p2a: Hatterene
|-damage|p2a: Hatterene|65/100
|
|upkeep
|turn|17
|
|t:|1758313769
|move|p2a: Hatterene|Draining Kiss|p1a: Rabsca
|-damage|p1a: Rabsca|1/100
|-heal|p2a: Hatterene|78/100|[from] drain|[of] p1a: Rabsca
|move|p1a: Rabsca|Bug Buzz|p2a: Hatterene
|-damage|p2a: Hatterene|41/100
|
|upkeep
|turn|18
|
|t:|1758313775
|move|p2a: Hatterene|Draining Kiss|p1a: Rabsca
|-damage|p1a: Rabsca|0 fnt
|-heal|p2a: Hatterene|42/100|[from] drain|[of] p1a: Rabsca
|faint|p1a: Rabsca
|
|-fieldend|move: Trick Room
|upkeep
|
|t:|1758313786
|switch|p1a: Pawmot|Pawmot, M, shiny|50/100
|turn|19
|
|t:|1758313791
|move|p1a: Pawmot|Thunder Punch|p2a: Hatterene
|-damage|p2a: Hatterene|14/100
|-damage|p1a: Pawmot|34/100|[from] item: Rocky Helmet|[of] p2a: Hatterene
|move|p2a: Hatterene|Draining Kiss|p1a: Pawmot
|-supereffective|p1a: Pawmot
|-damage|p1a: Pawmot|0 fnt
|-heal|p2a: Hatterene|36/100|[from] drain|[of] p1a: Pawmot
|faint|p1a: Pawmot
|
|upkeep
|-message|Smoore996 forfeited.
|
|win|SlitherBitch
|raw|Smoore996's rating: 1229 &rarr; <strong>1204</strong><br />(-25 for losing)
|raw|SlitherBitch's rating: 1231 &rarr; <strong>1256</strong><br />(+25 for winning)
|l|☆Smoore996
|player|p1|
|l|☆SlitherBitch
|player|p2|
