|j|☆Icey Claw
|j|☆Ellio93
|t:|1758256197
|gametype|singles
|player|p1|Icey Claw|may|1183
|player|p2|Ellio93|170|1148
|gen|9
|tier|[Gen 9] OU
|rated|
|rule|HP Percentage Mod: HP is shown in percentages
|rule|Endless Battle Clause: Forcing endless battles is banned
|rule|Species Clause: Limit one of each Pokémon
|rule|OHKO Clause: OHKO moves are banned
|rule|Evasion Items Clause: Evasion items are banned
|rule|Evasion Moves Clause: Evasion moves are banned
|rule|Evasion Abilities Clause: Evasion abilities are banned
|rule|Sleep Moves Clause: Sleep-inducing moves are banned
|clearpoke
|poke|p1|Weavile, F|
|poke|p1|Indeedee, M|
|poke|p1|Deoxys-Speed|
|poke|p1|Iron Treads|
|poke|p1|Ting-Lu|
|poke|p1|Samurott-Hisui, F|
|poke|p2|Landorus-Therian, M|
|poke|p2|Samurott-Hisui, M|
|poke|p2|Pecharunt|
|poke|p2|Scizor, M|
|poke|p2|Latios, M|
|poke|p2|Zamazenta-*|
|teampreview
|inactive|Battle timer is ON: inactive players will automatically lose when time's up. (requested by Icey Claw)
|c|☆Icey Claw|glhf
|
|t:|1758256212
|teamsize|p1|6
|teamsize|p2|6
|start
|switch|p1a: Indeedee|Indeedee, M|100/100
|switch|p2a: Landorus|Landorus-Therian, M|100/100
|-fieldstart|move: Psychic Terrain|[from] ability: Psychic Surge|[of] p1a: Indeedee
|-ability|p2a: Landorus|Intimidate|boost
|-unboost|p1a: Indeedee|atk|1
|turn|1
|
|t:|1758256226
|move|p1a: Indeedee|Expanding Force|p2a: Landorus
|-damage|p2a: Landorus|30/100
|move|p2a: Landorus|Stealth Rock|p1a: Indeedee
|-sidestart|p1: Icey Claw|move: Stealth Rock
|
|upkeep
|turn|2
|
|t:|1758256233
|move|p1a: Indeedee|Encore|p2a: Landorus
|-start|p2a: Landorus|Encore
|move|p2a: Landorus|Stealth Rock||[still]
|-fail|p2a: Landorus
|
|upkeep
|turn|3
|
|t:|1758256244
|switch|p1a: Weavile|Weavile, F|100/100
|-ability|p1a: Weavile|Pressure
|switch|p2a: Samurott|Samurott-Hisui, M|100/100
|
|upkeep
|turn|4
|
|t:|1758256258
|move|p1a: Weavile|Swords Dance|p1a: Weavile
|-boost|p1a: Weavile|atk|2
|move|p2a: Samurott|Ceaseless Edge|p1a: Weavile
|-resisted|p1a: Weavile
|-damage|p1a: Weavile|60/100
|-sidestart|p1: Icey Claw|Spikes
|
|upkeep
|turn|5
|
|t:|1758256274
|move|p1a: Weavile|Triple Axel|p2a: Samurott
|-resisted|p2a: Samurott
|-damage|p2a: Samurott|88/100
|-resisted|p2a: Samurott
|-damage|p2a: Samurott|66/100
|-resisted|p2a: Samurott
|-crit|p2a: Samurott
|-damage|p2a: Samurott|11/100
|-hitcount|p2a: Samurott|3
|move|p2a: Samurott|Ceaseless Edge|p1a: Weavile
|-resisted|p1a: Weavile
|-damage|p1a: Weavile|15/100
|-sidestart|p1: Icey Claw|Spikes
|
|-fieldend|move: Psychic Terrain
|upkeep
|turn|6
|
|t:|1758256291
|move|p1a: Weavile|Ice Shard|p2a: Samurott
|-resisted|p2a: Samurott
|-damage|p2a: Samurott|0 fnt
|faint|p2a: Samurott
|
|upkeep
|
|t:|1758256304
|switch|p2a: Zamazenta|Zamazenta|100/100
|-ability|p2a: Zamazenta|Dauntless Shield|boost
|-boost|p2a: Zamazenta|def|1
|turn|7
|
|t:|1758256311
|switch|p1a: Indeedee|Indeedee, M|100/100
|-damage|p1a: Indeedee|88/100|[from] Stealth Rock
|-damage|p1a: Indeedee|72/100|[from] Spikes
|-fieldstart|move: Psychic Terrain|[from] ability: Psychic Surge|[of] p1a: Indeedee
|move|p2a: Zamazenta|Crunch|p1a: Indeedee
|-supereffective|p1a: Indeedee
|-damage|p1a: Indeedee|0 fnt
|faint|p1a: Indeedee
|
|upkeep
|
|t:|1758256318
|switch|p1a: Iron Treads|Iron Treads|100/100
|-damage|p1a: Iron Treads|97/100|[from] Stealth Rock
|-damage|p1a: Iron Treads|81/100|[from] Spikes
|-enditem|p1a: Iron Treads|Booster Energy
|-activate|p1a: Iron Treads|ability: Quark Drive|[fromitem]
|-start|p1a: Iron Treads|quarkdriveatk
|turn|8
|
|t:|1758256329
|move|p2a: Zamazenta|Iron Defense|p2a: Zamazenta
|-boost|p2a: Zamazenta|def|2
|move|p1a: Iron Treads|Rapid Spin|p2a: Zamazenta
|-damage|p2a: Zamazenta|94/100
|-boost|p1a: Iron Treads|spe|1
|-sideend|p1: Icey Claw|Spikes|[from] move: Rapid Spin|[of] p1a: Iron Treads
|-sideend|p1: Icey Claw|Stealth Rock|[from] move: Rapid Spin|[of] p1a: Iron Treads
|
|-heal|p2a: Zamazenta|99/100|[from] item: Leftovers
|upkeep
|turn|9
|
|t:|1758256339
|move|p1a: Iron Treads|Knock Off|p2a: Zamazenta
|-resisted|p2a: Zamazenta
|-damage|p2a: Zamazenta|94/100
|-enditem|p2a: Zamazenta|Leftovers|[from] move: Knock Off|[of] p1a: Iron Treads
|move|p2a: Zamazenta|Iron Defense|p2a: Zamazenta
|-boost|p2a: Zamazenta|def|2
|
|upkeep
|turn|10
|
|t:|1758256349
|move|p1a: Iron Treads|Iron Head|p2a: Zamazenta
|-damage|p2a: Zamazenta|84/100
|move|p2a: Zamazenta|Body Press|p1a: Iron Treads
|-supereffective|p1a: Iron Treads
|-damage|p1a: Iron Treads|0 fnt
|faint|p1a: Iron Treads
|-end|p1a: Iron Treads|Quark Drive|[silent]
|
|upkeep
|
|t:|1758256352
|switch|p1a: Deoxys|Deoxys-Speed|100/100
|-ability|p1a: Deoxys|Pressure
|turn|11
|
|t:|1758256362
|-terastallize|p1a: Deoxys|Fighting
|move|p1a: Deoxys|Tera Blast|p2a: Zamazenta|[anim] Tera Blast Fighting
|-damage|p2a: Zamazenta|41/100
|-damage|p1a: Deoxys|91/100|[from] item: Life Orb
|move|p2a: Zamazenta|Crunch|p1a: Deoxys
|-resisted|p1a: Deoxys
|-damage|p1a: Deoxys|74/100
|
|-fieldend|move: Psychic Terrain
|upkeep
|turn|12
|
|t:|1758256374
|move|p1a: Deoxys|Expanding Force|p2a: Zamazenta
|-supereffective|p2a: Zamazenta
|-damage|p2a: Zamazenta|0 fnt
|faint|p2a: Zamazenta
|-damage|p1a: Deoxys|64/100|[from] item: Life Orb
|
|upkeep
|
|t:|1758256385
|switch|p2a: Latios|Latios, M|100/100
|turn|13
|
|t:|1758256391
|move|p1a: Deoxys|Taunt|p2a: Latios
|-start|p2a: Latios|move: Taunt
|move|p2a: Latios|Psychic Noise|p1a: Deoxys
|-supereffective|p1a: Deoxys
|-damage|p1a: Deoxys|0 fnt
|faint|p1a: Deoxys
|
|upkeep
|
|t:|1758256396
|switch|p1a: Samurott|Samurott-Hisui, F|100/100
|turn|14
|
|t:|1758256407
|move|p2a: Latios|Draco Meteor|p1a: Samurott
|-damage|p1a: Samurott|0 fnt
|-unboost|p2a: Latios|spa|2
|faint|p1a: Samurott
|
|upkeep
|
|t:|1758256414
|switch|p1a: Ting-Lu|Ting-Lu|100/100
|-ability|p1a: Ting-Lu|Vessel of Ruin
|turn|15
|
|t:|1758256439
|switch|p2a: Landorus|Landorus-Therian, M|30/100
|-ability|p2a: Landorus|Intimidate|boost
|-unboost|p1a: Ting-Lu|atk|1
|move|p1a: Ting-Lu|Payback|p2a: Landorus
|-damage|p2a: Landorus|15/100
|-damage|p1a: Ting-Lu|84/100|[from] item: Rocky Helmet|[of] p2a: Landorus
|
|-heal|p1a: Ting-Lu|90/100|[from] item: Leftovers
|upkeep
|turn|16
|
|t:|1758256450
|move|p2a: Landorus|Earthquake|p1a: Ting-Lu
|-damage|p1a: Ting-Lu|66/100
|move|p1a: Ting-Lu|Payback|p2a: Landorus
|-damage|p2a: Landorus|0 fnt
|-damage|p1a: Ting-Lu|50/100|[from] item: Rocky Helmet|[of] p2a: Landorus
|faint|p2a: Landorus
|
|-heal|p1a: Ting-Lu|56/100|[from] item: Leftovers
|upkeep
|inactive|Ellio93 has 120 seconds left.
|
|t:|1758256468
|switch|p2a: Scizor|Scizor, M|100/100
|turn|17
|
|t:|1758256481
|move|p2a: Scizor|Knock Off|p1a: Ting-Lu
|-resisted|p1a: Ting-Lu
|-damage|p1a: Ting-Lu|45/100
|-enditem|p1a: Ting-Lu|Leftovers|[from] move: Knock Off|[of] p2a: Scizor
|move|p1a: Ting-Lu|Payback|p2a: Scizor
|-damage|p2a: Scizor|61/100
|
|upkeep
|turn|18
|
|t:|1758256493
|move|p2a: Scizor|Swords Dance|p2a: Scizor
|-boost|p2a: Scizor|atk|2
|move|p1a: Ting-Lu|Earthquake|p2a: Scizor
|-damage|p2a: Scizor|24/100
|
|upkeep
|turn|19
|
|t:|1758256500
|move|p2a: Scizor|Bullet Punch|p1a: Ting-Lu
|-damage|p1a: Ting-Lu|5/100
|move|p1a: Ting-Lu|Rest|p1a: Ting-Lu
|-status|p1a: Ting-Lu|slp|[from] move: Rest
|-heal|p1a: Ting-Lu|100/100 slp|[silent]
|
|upkeep
|turn|20
|
|t:|1758256508
|move|p2a: Scizor|Swords Dance|p2a: Scizor
|-boost|p2a: Scizor|atk|2
|cant|p1a: Ting-Lu|slp
|move|p1a: Ting-Lu|Sleep Talk|p1a: Ting-Lu
|move|p1a: Ting-Lu|Payback|p2a: Scizor|[from] move: Sleep Talk
|-damage|p2a: Scizor|0 fnt
|faint|p2a: Scizor
|
|upkeep
|
|t:|1758256525
|switch|p2a: Pecharunt|Pecharunt|100/100
|turn|21
|
|t:|1758256529
|move|p2a: Pecharunt|Malignant Chain|p1a: Ting-Lu
|-resisted|p1a: Ting-Lu
|-damage|p1a: Ting-Lu|93/100 slp
|cant|p1a: Ting-Lu|slp
|move|p1a: Ting-Lu|Sleep Talk|p1a: Ting-Lu
|move|p1a: Ting-Lu|Earthquake|p2a: Pecharunt|[from] move: Sleep Talk
|-supereffective|p2a: Pecharunt
|-damage|p2a: Pecharunt|65/100
|
|upkeep
|turn|22
|
|t:|1758256542
|move|p2a: Pecharunt|Malignant Chain|p1a: Ting-Lu
|-resisted|p1a: Ting-Lu
|-damage|p1a: Ting-Lu|84/100 slp
|-curestatus|p1a: Ting-Lu|slp|[msg]
|move|p1a: Ting-Lu|Payback|p2a: Pecharunt
|-supereffective|p2a: Pecharunt
|-damage|p2a: Pecharunt|28/100
|
|upkeep
|turn|23
|
|t:|1758256550
|move|p2a: Pecharunt|Malignant Chain|p1a: Ting-Lu
|-resisted|p1a: Ting-Lu
|-damage|p1a: Ting-Lu|76/100
|move|p1a: Ting-Lu|Rest|p1a: Ting-Lu
|-status|p1a: Ting-Lu|slp|[from] move: Rest
|-heal|p1a: Ting-Lu|100/100 slp|[silent]
|
|upkeep
|turn|24
|
|t:|1758256560
|move|p2a: Pecharunt|Recover|p2a: Pecharunt
|-heal|p2a: Pecharunt|78/100
|cant|p1a: Ting-Lu|slp
|move|p1a: Ting-Lu|Sleep Talk|p1a: Ting-Lu
|move|p1a: Ting-Lu|Rest||[from] move: Sleep Talk|[still]
|-fail|p1a: Ting-Lu
|
|upkeep
|turn|25
|
|t:|1758256584
|move|p2a: Pecharunt|Shadow Ball|p1a: Ting-Lu
|-resisted|p1a: Ting-Lu
|-damage|p1a: Ting-Lu|94/100 slp
|cant|p1a: Ting-Lu|slp
|move|p1a: Ting-Lu|Sleep Talk|p1a: Ting-Lu
|move|p1a: Ting-Lu|Earthquake|p2a: Pecharunt|[from] move: Sleep Talk
|-supereffective|p2a: Pecharunt
|-damage|p2a: Pecharunt|41/100
|
|upkeep
|turn|26
|
|t:|1758256604
|move|p2a: Pecharunt|Recover|p2a: Pecharunt
|-heal|p2a: Pecharunt|92/100
|-curestatus|p1a: Ting-Lu|slp|[msg]
|move|p1a: Ting-Lu|Payback|p2a: Pecharunt
|-supereffective|p2a: Pecharunt
|-damage|p2a: Pecharunt|57/100
|
|upkeep
|turn|27
|
|t:|1758256612
|move|p2a: Pecharunt|Malignant Chain|p1a: Ting-Lu
|-resisted|p1a: Ting-Lu
|-damage|p1a: Ting-Lu|86/100
|-status|p1a: Ting-Lu|tox
|-start|p1a: Ting-Lu|confusion|[from] ability: Poison Puppeteer|[of] p2a: Pecharunt
|-activate|p1a: Ting-Lu|confusion
|-damage|p1a: Ting-Lu|81/100 tox|[from] confusion
|
|-damage|p1a: Ting-Lu|75/100 tox|[from] psn
|upkeep
|turn|28
|
|t:|1758256627
|move|p2a: Pecharunt|Shadow Ball|p1a: Ting-Lu
|-resisted|p1a: Ting-Lu
|-damage|p1a: Ting-Lu|68/100 tox
|-end|p1a: Ting-Lu|confusion
|move|p1a: Ting-Lu|Rest|p1a: Ting-Lu
|-status|p1a: Ting-Lu|slp|[from] move: Rest
|-heal|p1a: Ting-Lu|100/100 slp|[silent]
|
|upkeep
|turn|29
|inactive|Ellio93 has 120 seconds left.
|
|t:|1758256652
|switch|p2a: Latios|Latios, M|100/100
|cant|p1a: Ting-Lu|slp
|move|p1a: Ting-Lu|Sleep Talk|p1a: Ting-Lu
|move|p1a: Ting-Lu|Earthquake|p2a: Latios|[from] move: Sleep Talk
|-immune|p2a: Latios|[from] ability: Levitate
|
|upkeep
|turn|30
|inactive|Ellio93 has 120 seconds left.
|
|t:|1758256663
|move|p2a: Latios|Calm Mind|p2a: Latios
|-boost|p2a: Latios|spa|1
|-boost|p2a: Latios|spd|1
|cant|p1a: Ting-Lu|slp
|move|p1a: Ting-Lu|Sleep Talk|p1a: Ting-Lu
|move|p1a: Ting-Lu|Earthquake|p2a: Latios|[from] move: Sleep Talk
|-immune|p2a: Latios|[from] ability: Levitate
|
|upkeep
|turn|31
|inactive|Ellio93 has 120 seconds left.
|
|t:|1758256673
|move|p2a: Latios|Calm Mind|p2a: Latios
|-boost|p2a: Latios|spa|1
|-boost|p2a: Latios|spd|1
|-curestatus|p1a: Ting-Lu|slp|[msg]
|move|p1a: Ting-Lu|Payback|p2a: Latios
|-supereffective|p2a: Latios
|-damage|p2a: Latios|21/100
|
|upkeep
|turn|32
|inactive|Ellio93 has 120 seconds left.
|
|t:|1758256685
|move|p2a: Latios|Draco Meteor|p1a: Ting-Lu
|-damage|p1a: Ting-Lu|6/100
|-unboost|p2a: Latios|spa|2
|move|p1a: Ting-Lu|Payback|p2a: Latios
|-supereffective|p2a: Latios
|-damage|p2a: Latios|0 fnt
|faint|p2a: Latios
|
|upkeep
|
|t:|1758256693
|switch|p2a: Pecharunt|Pecharunt|57/100
|turn|33
|
|t:|1758256697
|move|p2a: Pecharunt|Shadow Ball|p1a: Ting-Lu
|-resisted|p1a: Ting-Lu
|-crit|p1a: Ting-Lu
|-damage|p1a: Ting-Lu|0 fnt
|faint|p1a: Ting-Lu
|
|upkeep
|
|t:|1758256700
|switch|p1a: Weavile|Weavile, F|15/100
|-ability|p1a: Weavile|Pressure
|turn|34
|
|t:|1758256719
|-terastallize|p2a: Pecharunt|Ghost
|move|p1a: Weavile|Knock Off|p2a: Pecharunt
|-supereffective|p2a: Pecharunt
|-damage|p2a: Pecharunt|0 fnt
|-enditem|p2a: Pecharunt|Heavy-Duty Boots|[from] move: Knock Off|[of] p1a: Weavile
|faint|p2a: Pecharunt
|
|win|Icey Claw
|raw|Icey Claw's rating: 1183 &rarr; <strong>1205</strong><br />(+22 for winning)
|raw|Ellio93's rating: 1148 &rarr; <strong>1126</strong><br />(-22 for losing)
|c|☆Icey Claw|gg
|l|☆Ellio93
|player|p2|
|l|☆Icey Claw
|player|p1|
|j|☆Icey Claw
|player|p1|Icey Claw|may|
