|j|☆GummyDeino
|j|☆CrestoftheCondor
|t:|1758235998
|gametype|singles
|player|p1|GummyDeino|169|1647
|player|p2|CrestoftheCondor|dragontamer|1595
|gen|9
|tier|[Gen 9] OU
|rated|
|rule|HP Percentage Mod: HP is shown in percentages
|rule|Endless Battle Clause: Forcing endless battles is banned
|rule|Species Clause: Limit one of each Pokémon
|rule|OHKO Clause: OHKO moves are banned
|rule|Evasion Items Clause: Evasion items are banned
|rule|Evasion Moves Clause: Evasion moves are banned
|rule|Evasion Abilities Clause: Evasion abilities are banned
|rule|Sleep Moves Clause: Sleep-inducing moves are banned
|clearpoke
|poke|p1|Indeedee, M|
|poke|p1|Hatterene, F|
|poke|p1|Ursaluna, F|
|poke|p1|Iron Hands|
|poke|p1|Hoopa-Unbound|
|poke|p1|Mimikyu, F|
|poke|p2|Torkoal, F|
|poke|p2|Scovillain, F|
|poke|p2|Walking Wake|
|poke|p2|Hatterene, F|
|poke|p2|Great Tusk|
|poke|p2|Ceruledge, M|
|teampreview
|inactive|Battle timer is ON: inactive players will automatically lose when time's up. (requested by CrestoftheCondor)
|inactive|GummyDeino also wants the timer to be on.
|
|t:|1758236012
|teamsize|p1|6
|teamsize|p2|6
|start
|switch|p1a: Machine|Iron Hands, shiny|100/100
|switch|p2a: Torkoal|Torkoal, F|100/100
|-weather|SunnyDay|[from] ability: Drought|[of] p2a: Torkoal
|-enditem|p1a: Machine|Booster Energy
|-activate|p1a: Machine|ability: Quark Drive|[fromitem]
|-start|p1a: Machine|quarkdriveatk
|turn|1
|inactive|CrestoftheCondor has 120 seconds left.
|
|t:|1758236042
|move|p1a: Machine|Close Combat|p2a: Torkoal
|-damage|p2a: Torkoal|22/100
|-unboost|p1a: Machine|def|1
|-unboost|p1a: Machine|spd|1
|move|p2a: Torkoal|Earthquake|p1a: Machine
|-supereffective|p1a: Machine
|-damage|p1a: Machine|60/100
|
|-weather|SunnyDay|[upkeep]
|upkeep
|turn|2
|
|t:|1758236054
|switch|p2a: Hatterene|Hatterene, F, shiny|100/100
|move|p1a: Machine|Supercell Slam|p2a: Hatterene
|-crit|p2a: Hatterene
|-damage|p2a: Hatterene|2/100
|-enditem|p2a: Hatterene|Eject Button
|inactive|CrestoftheCondor has 120 seconds left.
|
|t:|1758236067
|switch|p2a: Walking Wake|Walking Wake|100/100
|-activate|p2a: Walking Wake|ability: Protosynthesis
|-start|p2a: Walking Wake|protosynthesisspa
|
|-weather|SunnyDay|[upkeep]
|upkeep
|turn|3
|
|t:|1758236074
|move|p2a: Walking Wake|Hydro Steam|p1a: Machine
|-damage|p1a: Machine|0 fnt
|faint|p1a: Machine
|-end|p1a: Machine|Quark Drive|[silent]
|
|-weather|SunnyDay|[upkeep]
|upkeep
|
|t:|1758236088
|switch|p1a: Mimi|Mimikyu, F, shiny|100/100
|turn|4
|
|t:|1758236092
|move|p2a: Walking Wake|Hydro Steam|p1a: Mimi
|-activate|p1a: Mimi|ability: Disguise
|-damage|p1a: Mimi|100/100
|detailschange|p1a: Mimi|Mimikyu-Busted, F, shiny
|-damage|p1a: Mimi|88/100|[from] pokemon: Mimikyu-Busted
|-enditem|p1a: Mimi|Red Card|[of] p2a: Walking Wake
|-end|p2a: Walking Wake|Protosynthesis|[silent]
|drag|p2a: Scovillain|Scovillain, F|100/100
|move|p1a: Mimi|Trick Room|p1a: Mimi
|-fieldstart|move: Trick Room|[of] p1a: Mimi
|
|-weather|SunnyDay|[upkeep]
|upkeep
|turn|5
|inactive|CrestoftheCondor has 120 seconds left.
|
|t:|1758236139
|move|p1a: Mimi|Curse|p2a: Scovillain
|-start|p2a: Scovillain|Curse|[of] p1a: Mimi
|-damage|p1a: Mimi|38/100
|move|p2a: Scovillain|Growth|p2a: Scovillain
|-boost|p2a: Scovillain|atk|2
|-boost|p2a: Scovillain|spa|2
|
|-weather|SunnyDay|[upkeep]
|-damage|p2a: Scovillain|76/100|[from] Curse
|upkeep
|turn|6
|
|t:|1758236151
|move|p1a: Mimi|Destiny Bond|p1a: Mimi
|-singlemove|p1a: Mimi|Destiny Bond
|move|p2a: Scovillain|Growth|p2a: Scovillain
|-boost|p2a: Scovillain|atk|2
|-boost|p2a: Scovillain|spa|2
|
|-weather|SunnyDay|[upkeep]
|-damage|p2a: Scovillain|51/100|[from] Curse
|upkeep
|turn|7
|
|t:|1758236169
|move|p1a: Mimi|Play Rough|p2a: Scovillain
|-resisted|p2a: Scovillain
|-damage|p2a: Scovillain|26/100
|move|p2a: Scovillain|Growth|p2a: Scovillain
|-boost|p2a: Scovillain|atk|2
|-boost|p2a: Scovillain|spa|2
|
|-weather|SunnyDay|[upkeep]
|-damage|p2a: Scovillain|1/100|[from] Curse
|upkeep
|turn|8
|
|t:|1758236179
|move|p1a: Mimi|Play Rough|p2a: Scovillain
|-resisted|p2a: Scovillain
|-damage|p2a: Scovillain|0 fnt
|faint|p2a: Scovillain
|
|-weather|none
|-fieldend|move: Trick Room
|upkeep
|inactive|CrestoftheCondor has 90 seconds left.
|
|t:|1758236216
|switch|p2a: Walking Wake|Walking Wake|100/100
|turn|9
|
|t:|1758236221
|move|p2a: Walking Wake|Hydro Steam|p1a: Mimi
|-damage|p1a: Mimi|0 fnt
|faint|p1a: Mimi
|
|upkeep
|
|t:|1758236227
|switch|p1a: Scientist|Indeedee, M, shiny|100/100
|-fieldstart|move: Psychic Terrain|[from] ability: Psychic Surge|[of] p1a: Scientist
|turn|10
|inactive|CrestoftheCondor has 90 seconds left.
|
|t:|1758236258
|-end|p2a: Walking Wake|Protosynthesis|[silent]
|switch|p2a: Torkoal|Torkoal, F|22/100
|-weather|SunnyDay|[from] ability: Drought|[of] p2a: Torkoal
|switch|p1a: Catastrophe|Hoopa-Unbound|100/100
|-enditem|p1a: Catastrophe|Psychic Seed
|-boost|p1a: Catastrophe|spd|1|[from] item: Psychic Seed
|
|-weather|SunnyDay|[upkeep]
|upkeep
|turn|11
|
|t:|1758236268
|move|p1a: Catastrophe|Expanding Force|p2a: Torkoal
|-damage|p2a: Torkoal|0 fnt
|faint|p2a: Torkoal
|-item|p1a: Catastrophe|Heat Rock|[from] ability: Magician|[of] p2: Torkoal
|
|-weather|SunnyDay|[upkeep]
|upkeep
|inactive|CrestoftheCondor has 60 seconds left.
|
|t:|1758236298
|switch|p2a: Ceruledge|Ceruledge, M|100/100
|turn|12
|
|t:|1758236301
|move|p2a: Ceruledge|Swords Dance|p2a: Ceruledge
|-boost|p2a: Ceruledge|atk|2
|move|p1a: Catastrophe|Trick Room|p1a: Catastrophe
|-fieldstart|move: Trick Room|[of] p1a: Catastrophe
|
|-weather|SunnyDay|[upkeep]
|upkeep
|turn|13
|
|t:|1758236309
|move|p1a: Catastrophe|Expanding Force|p2a: Ceruledge
|-enditem|p2a: Ceruledge|Focus Sash
|-damage|p2a: Ceruledge|1/100
|move|p2a: Ceruledge|Bitter Blade|p1a: Catastrophe
|-damage|p1a: Catastrophe|0 fnt
|-heal|p2a: Ceruledge|63/100|[from] drain|[of] p1a: Catastrophe
|faint|p1a: Catastrophe
|
|-weather|SunnyDay|[upkeep]
|upkeep
|
|t:|1758236320
|switch|p1a: Witch|Hatterene, F, shiny|100/100
|turn|14
|
|t:|1758236335
|switch|p2a: Hatterene|Hatterene, F, shiny|2/100
|move|p1a: Witch|Expanding Force|p2a: Hatterene
|-resisted|p2a: Hatterene
|-damage|p2a: Hatterene|0 fnt
|faint|p2a: Hatterene
|-damage|p1a: Witch|91/100|[from] item: Life Orb
|
|-weather|SunnyDay|[upkeep]
|upkeep
|inactive|CrestoftheCondor has 60 seconds left.
|
|t:|1758236354
|switch|p2a: Don|Great Tusk, shiny|100/100
|-activate|p2a: Don|ability: Protosynthesis
|-start|p2a: Don|protosynthesisatk
|turn|15
|inactive|CrestoftheCondor has 60 seconds left.
|
|t:|1758236366
|-terastallize|p2a: Don|Steel
|move|p1a: Witch|Expanding Force|p2a: Don
|-resisted|p2a: Don
|-damage|p2a: Don|13/100
|-damage|p1a: Witch|81/100|[from] item: Life Orb
|move|p2a: Don|Headlong Rush|p1a: Witch
|-damage|p1a: Witch|0 fnt
|-unboost|p2a: Don|def|1
|-unboost|p2a: Don|spd|1
|faint|p1a: Witch
|
|-weather|SunnyDay|[upkeep]
|upkeep
|
|t:|1758236379
|switch|p1a: Scientist|Indeedee, M, shiny|100/100
|turn|16
|inactive|CrestoftheCondor has 60 seconds left.
|
|t:|1758236419
|move|p1a: Scientist|Expanding Force|p2a: Don
|-resisted|p2a: Don
|-damage|p2a: Don|0 fnt
|faint|p2a: Don
|-end|p2a: Don|Protosynthesis|[silent]
|
|-weather|SunnyDay|[upkeep]
|-fieldend|move: Trick Room
|upkeep
|
|t:|1758236422
|switch|p2a: Walking Wake|Walking Wake|100/100
|-activate|p2a: Walking Wake|ability: Protosynthesis
|-start|p2a: Walking Wake|protosynthesisspa
|turn|17
|
|t:|1758236431
|move|p2a: Walking Wake|Hydro Steam|p1a: Scientist
|-damage|p1a: Scientist|0 fnt
|faint|p1a: Scientist
|
|-weather|none
|-end|p2a: Walking Wake|Protosynthesis
|-fieldend|move: Psychic Terrain
|upkeep
|
|t:|1758236438
|switch|p1a: Stampede|Ursaluna, F, shiny|100/100
|turn|18
|
|t:|1758236445
|-terastallize|p1a: Stampede|Normal
|move|p2a: Walking Wake|Hydro Steam|p1a: Stampede
|-damage|p1a: Stampede|37/100
|move|p1a: Stampede|Facade|p2a: Walking Wake
|-damage|p2a: Walking Wake|33/100
|
|-status|p1a: Stampede|brn|[from] item: Flame Orb
|upkeep
|turn|19
|-message|GummyDeino forfeited.
|
|win|CrestoftheCondor
|raw|GummyDeino's rating: 1647 &rarr; <strong>1624</strong><br />(-23 for losing)
|raw|CrestoftheCondor's rating: 1595 &rarr; <strong>1618</strong><br />(+23 for winning)
