|j|☆Rlortek
|j|☆ICElIED
|t:|1758287394
|gametype|singles
|player|p1|Rlortek|ethan|1389
|player|p2|ICElIED|steven|1408
|gen|9
|tier|[Gen 9] OU
|rated|
|rule|HP Percentage Mod: HP is shown in percentages
|rule|Endless Battle Clause: Forcing endless battles is banned
|rule|Species Clause: Limit one of each Pokémon
|rule|OHKO Clause: OHKO moves are banned
|rule|Evasion Items Clause: Evasion items are banned
|rule|Evasion Moves Clause: Evasion moves are banned
|rule|Evasion Abilities Clause: Evasion abilities are banned
|rule|Sleep Moves Clause: Sleep-inducing moves are banned
|clearpoke
|poke|p1|Landorus-Therian, M|
|poke|p1|Sinistcha|
|poke|p1|Tinkaton, F|
|poke|p1|Moltres|
|poke|p1|Samurott-Hisui, M|
|poke|p1|Hydreigon, M|
|poke|p2|Samurott-Hisui, F|
|poke|p2|Clodsire, M|
|poke|p2|Meloetta|
|poke|p2|Ceruledge, F|
|poke|p2|Hydrapple, M|
|poke|p2|Scizor, F|
|teampreview
|
|t:|1758287417
|teamsize|p1|6
|teamsize|p2|6
|start
|switch|p1a: Enten|Landorus-Therian, M, shiny|100/100
|switch|p2a: Samurott|Samurott-Hisui, F|100/100
|-ability|p1a: Enten|Intimidate|boost
|-unboost|p2a: Samurott|atk|1
|turn|1
|
|t:|1758287431
|move|p1a: Enten|U-turn|p2a: Samurott
|-supereffective|p2a: Samurott
|-damage|p2a: Samurott|38/100
|
|t:|1758287436
|switch|p1a: Hybrid|Hydreigon, M, shiny|100/100|[from] U-turn
|move|p2a: Samurott|Ceaseless Edge|p1a: Hybrid
|-resisted|p1a: Hybrid
|-damage|p1a: Hybrid|82/100
|-sidestart|p1: Rlortek|Spikes
|
|upkeep
|turn|2
|
|t:|1758287446
|switch|p2a: Clodsire|Clodsire, M|100/100
|move|p1a: Hybrid|Earth Power|p2a: Clodsire
|-supereffective|p2a: Clodsire
|-damage|p2a: Clodsire|51/100
|-unboost|p2a: Clodsire|spd|1
|
|-heal|p2a: Clodsire|58/100|[from] item: Black Sludge
|upkeep
|turn|3
|
|t:|1758287452
|switch|p2a: Meloetta|Meloetta|100/100
|move|p1a: Hybrid|Earth Power|p2a: Meloetta
|-crit|p2a: Meloetta
|-damage|p2a: Meloetta|66/100
|
|upkeep
|turn|4
|
|t:|1758287458
|switch|p1a: Jack Sparrow|Samurott-Hisui, M, shiny|100/100
|move|p2a: Meloetta|Alluring Voice|p1a: Jack Sparrow
|-supereffective|p1a: Jack Sparrow
|-damage|p1a: Jack Sparrow|16/100
|
|upkeep
|turn|5
|
|t:|1758287472
|switch|p2a: Hydrapple|Hydrapple, M|100/100
|move|p1a: Jack Sparrow|Knock Off|p2a: Hydrapple
|-damage|p2a: Hydrapple|75/100
|-enditem|p2a: Hydrapple|Heavy-Duty Boots|[from] move: Knock Off|[of] p1a: Jack Sparrow
|
|upkeep
|turn|6
|
|t:|1758287477
|move|p1a: Jack Sparrow|Ceaseless Edge|p2a: Hydrapple
|-damage|p2a: Hydrapple|47/100
|-sidestart|p2: ICElIED|Spikes
|move|p2a: Hydrapple|Giga Drain|p1a: Jack Sparrow
|-supereffective|p1a: Jack Sparrow
|-damage|p1a: Jack Sparrow|0 fnt
|-heal|p2a: Hydrapple|54/100|[from] drain|[of] p1a: Jack Sparrow
|faint|p1a: Jack Sparrow
|
|upkeep
|
|t:|1758287483
|switch|p1a: Hybrid|Hydreigon, M, shiny|82/100
|turn|7
|
|t:|1758287489
|switch|p2a: Clodsire|Clodsire, M|58/100
|-damage|p2a: Clodsire|45/100|[from] Spikes
|move|p1a: Hybrid|Draco Meteor|p2a: Clodsire
|-damage|p2a: Clodsire|0 fnt
|-unboost|p1a: Hybrid|spa|2
|faint|p2a: Clodsire
|
|upkeep
|
|t:|1758287506
|switch|p2a: Meloetta|Meloetta|66/100
|-damage|p2a: Meloetta|54/100|[from] Spikes
|turn|8
|
|t:|1758287513
|switch|p1a: Smile.exe|Tinkaton, F, shiny|100/100
|-item|p1a: Smile.exe|Air Balloon
|move|p2a: Meloetta|Hyper Voice|p1a: Smile.exe
|-resisted|p1a: Smile.exe
|-damage|p1a: Smile.exe|75/100
|-enditem|p1a: Smile.exe|Air Balloon
|
|upkeep
|turn|9
|
|t:|1758287533
|switch|p2a: Samurott|Samurott-Hisui, F|38/100
|move|p1a: Smile.exe|Stealth Rock|p2a: Samurott
|-sidestart|p2: ICElIED|move: Stealth Rock
|
|upkeep
|turn|10
|
|t:|1758287542
|move|p1a: Smile.exe|Gigaton Hammer|p2a: Samurott
|-resisted|p2a: Samurott
|-damage|p2a: Samurott|5/100
|move|p2a: Samurott|Sacred Sword|p1a: Smile.exe
|-damage|p1a: Smile.exe|10/100
|-enditem|p2a: Samurott|Heavy-Duty Boots|[silent]|[from] ability: Pickpocket|[of] p2a: Samurott
|-item|p1a: Smile.exe|Heavy-Duty Boots|[from] ability: Pickpocket|[of] p2a: Samurott
|
|upkeep
|turn|11
|
|t:|1758287549
|move|p2a: Samurott|Sucker Punch|p1a: Smile.exe
|-resisted|p1a: Smile.exe
|-damage|p1a: Smile.exe|0 fnt
|faint|p1a: Smile.exe
|
|upkeep
|
|t:|1758287557
|switch|p1a: Phoenix|Moltres, shiny|100/100
|turn|12
|
|t:|1758287563
|move|p2a: Samurott|Aqua Cutter|p1a: Phoenix
|-supereffective|p1a: Phoenix
|-damage|p1a: Phoenix|8/100
|move|p1a: Phoenix|U-turn|p2a: Samurott
|-supereffective|p2a: Samurott
|-damage|p2a: Samurott|0 fnt
|faint|p2a: Samurott
|
|t:|1758287570
|switch|p1a: Hybrid|Hydreigon, M, shiny|82/100|[from] U-turn
|
|upkeep
|
|t:|1758287575
|switch|p2a: Scizor|Scizor, F|100/100
|turn|13
|
|t:|1758287583
|-terastallize|p1a: Hybrid|Steel
|move|p1a: Hybrid|Dark Pulse|p2a: Scizor
|-damage|p2a: Scizor|30/100
|move|p2a: Scizor|U-turn|p1a: Hybrid
|-resisted|p1a: Hybrid
|-damage|p1a: Hybrid|65/100
|
|t:|1758287599
|switch|p2a: Hydrapple|Hydrapple, M|87/100|[from] U-turn
|-damage|p2a: Hydrapple|74/100|[from] Spikes
|-damage|p2a: Hydrapple|62/100|[from] Stealth Rock
|
|upkeep
|turn|14
|
|t:|1758287607
|switch|p2a: Meloetta|Meloetta|54/100
|-damage|p2a: Meloetta|41/100|[from] Spikes
|-damage|p2a: Meloetta|29/100|[from] Stealth Rock
|move|p1a: Hybrid|Dark Pulse|p2a: Meloetta
|-supereffective|p2a: Meloetta
|-damage|p2a: Meloetta|0 fnt
|faint|p2a: Meloetta
|
|upkeep
|
|t:|1758287610
|switch|p2a: Ceruledge|Ceruledge, F|100/100
|turn|15
|
|t:|1758287618
|-terastallize|p2a: Ceruledge|Fighting
|move|p1a: Hybrid|Dark Pulse|p2a: Ceruledge
|-resisted|p2a: Ceruledge
|-damage|p2a: Ceruledge|72/100
|move|p2a: Ceruledge|Bulk Up|p2a: Ceruledge
|-boost|p2a: Ceruledge|atk|1
|-boost|p2a: Ceruledge|def|1
|
|upkeep
|turn|16
|
|t:|1758287625
|switch|p1a: Enten|Landorus-Therian, M, shiny|100/100
|-ability|p1a: Enten|Intimidate|boost
|-unboost|p2a: Ceruledge|atk|1
|move|p2a: Ceruledge|Bitter Blade|p1a: Enten
|-damage|p1a: Enten|57/100
|-heal|p2a: Ceruledge|93/100|[from] drain|[of] p1a: Enten
|
|upkeep
|turn|17
|
|t:|1758287633
|move|p1a: Enten|Earthquake|p2a: Ceruledge
|-damage|p2a: Ceruledge|50/100
|move|p2a: Ceruledge|Bulk Up|p2a: Ceruledge
|-boost|p2a: Ceruledge|atk|1
|-boost|p2a: Ceruledge|def|1
|
|upkeep
|turn|18
|
|t:|1758287636
|move|p1a: Enten|Earthquake|p2a: Ceruledge
|-damage|p2a: Ceruledge|13/100
|move|p2a: Ceruledge|Bitter Blade|p1a: Enten
|-damage|p1a: Enten|0 fnt
|-heal|p2a: Ceruledge|40/100|[from] drain|[of] p1a: Enten
|faint|p1a: Enten
|
|upkeep
|
|t:|1758287643
|switch|p1a: Hybrid|Hydreigon, M, shiny, tera:Steel|65/100
|turn|19
|
|t:|1758287653
|switch|p2a: Scizor|Scizor, F|30/100
|move|p1a: Hybrid|Draco Meteor|p2a: Scizor
|-resisted|p2a: Scizor
|-damage|p2a: Scizor|0 fnt
|-unboost|p1a: Hybrid|spa|2
|faint|p2a: Scizor
|
|upkeep
|
|t:|1758287655
|switch|p2a: Ceruledge|Ceruledge, F, tera:Fighting|40/100
|turn|20
|
|t:|1758287663
|switch|p1a: Sagittarius|Sinistcha, shiny|100/100
|move|p2a: Ceruledge|Bulk Up|p2a: Ceruledge
|-boost|p2a: Ceruledge|atk|1
|-boost|p2a: Ceruledge|def|1
|
|upkeep
|turn|21
|
|t:|1758287669
|move|p2a: Ceruledge|Bitter Blade|p1a: Sagittarius
|-supereffective|p1a: Sagittarius
|-damage|p1a: Sagittarius|59/100
|-heal|p2a: Ceruledge|61/100|[from] drain|[of] p1a: Sagittarius
|move|p1a: Sagittarius|Matcha Gotcha|p2a: Ceruledge
|-damage|p2a: Ceruledge|26/100
|-heal|p1a: Sagittarius|76/100|[from] drain|[of] p2a: Ceruledge
|
|upkeep
|turn|22
|
|t:|1758287677
|move|p2a: Ceruledge|Bitter Blade|p1a: Sagittarius
|-supereffective|p1a: Sagittarius
|-damage|p1a: Sagittarius|37/100
|-heal|p2a: Ceruledge|46/100|[from] drain|[of] p1a: Sagittarius
|move|p1a: Sagittarius|Strength Sap|p2a: Ceruledge
|-unboost|p2a: Ceruledge|atk|1
|-heal|p1a: Sagittarius|100/100
|
|upkeep
|turn|23
|
|t:|1758287684
|move|p2a: Ceruledge|Bulk Up|p2a: Ceruledge
|-boost|p2a: Ceruledge|atk|1
|-boost|p2a: Ceruledge|def|1
|move|p1a: Sagittarius|Calm Mind|p1a: Sagittarius
|-boost|p1a: Sagittarius|spa|1
|-boost|p1a: Sagittarius|spd|1
|
|upkeep
|turn|24
|
|t:|1758287687
|move|p2a: Ceruledge|Bitter Blade|p1a: Sagittarius
|-supereffective|p1a: Sagittarius
|-damage|p1a: Sagittarius|62/100
|-heal|p2a: Ceruledge|66/100|[from] drain|[of] p1a: Sagittarius
|move|p1a: Sagittarius|Matcha Gotcha|p2a: Ceruledge
|-damage|p2a: Ceruledge|20/100
|-heal|p1a: Sagittarius|84/100|[from] drain|[of] p2a: Ceruledge
|
|upkeep
|turn|25
|-message|ICElIED forfeited.
|
|win|Rlortek
|raw|Rlortek's rating: 1389 &rarr; <strong>1410</strong><br />(+21 for winning)
|raw|ICElIED's rating: 1408 &rarr; <strong>1387</strong><br />(-21 for losing)
|l|☆ICElIED
|player|p2|
|l|☆Rlortek
|player|p1|
