|j|☆0ddish0ne
|j|☆ulillusion
|t:|1758375168
|gametype|singles
|player|p1|0ddish0ne|lucas|
|player|p2|ulillusion|heroine2-conquest|
|gen|9
|tier|[Gen 9] OU
|rule|HP Percentage Mod: HP is shown in percentages
|rule|Endless Battle Clause: Forcing endless battles is banned
|rule|Species Clause: Limit one of each Pokémon
|rule|OHKO Clause: OHKO moves are banned
|rule|Evasion Items Clause: Evasion items are banned
|rule|Evasion Moves Clause: Evasion moves are banned
|rule|Evasion Abilities Clause: Evasion abilities are banned
|rule|Sleep Moves Clause: Sleep-inducing moves are banned
|clearpoke
|poke|p1|Gholdengo|
|poke|p1|Gliscor, F|
|poke|p1|Blissey, F|
|poke|p1|Dondozo, F|
|poke|p1|Weezing-Galar, M|
|poke|p1|Toxapex, M|
|poke|p2|Garganacl, F|
|poke|p2|Dragapult, F|
|poke|p2|Ogerpon-Wellspring, F|
|poke|p2|Moltres|
|poke|p2|Zamazenta-*|
|poke|p2|Iron Treads|
|teampreview
|inactive|Battle timer is ON: inactive players will automatically lose when time's up. (requested by 0ddish0ne)
|
|t:|1758375178
|teamsize|p1|6
|teamsize|p2|6
|start
|switch|p1a: Gliscor|Gliscor, F|100/100
|switch|p2a: Iron Treads|Iron Treads|100/100
|turn|1
|
|t:|1758375184
|move|p2a: Iron Treads|Knock Off|p1a: Gliscor
|-damage|p1a: Gliscor|87/100
|-enditem|p1a: Gliscor|Toxic Orb|[from] move: Knock Off|[of] p2a: Iron Treads
|move|p1a: Gliscor|Knock Off|p2a: Iron Treads
|-damage|p2a: Iron Treads|85/100
|-enditem|p2a: Iron Treads|Leftovers|[from] move: Knock Off|[of] p1a: Gliscor
|
|upkeep
|turn|2
|
|t:|1758375190
|move|p2a: Iron Treads|Stealth Rock|p1a: Gliscor
|-sidestart|p1: 0ddish0ne|move: Stealth Rock
|move|p1a: Gliscor|Spikes|p2a: Iron Treads
|-sidestart|p2: ulillusion|Spikes
|
|upkeep
|turn|3
|
|t:|1758375194
|move|p1a: Gliscor|Protect|p1a: Gliscor
|-singleturn|p1a: Gliscor|Protect
|move|p2a: Iron Treads|Rapid Spin|p1a: Gliscor
|-activate|p1a: Gliscor|move: Protect
|
|upkeep
|turn|4
|
|t:|1758375199
|move|p2a: Iron Treads|Knock Off|p1a: Gliscor
|-damage|p1a: Gliscor|77/100
|move|p1a: Gliscor|Spikes|p2a: Iron Treads
|-sidestart|p2: ulillusion|Spikes
|
|upkeep
|turn|5
|
|t:|1758375208
|move|p1a: Gliscor|Protect|p1a: Gliscor
|-singleturn|p1a: Gliscor|Protect
|move|p2a: Iron Treads|Knock Off|p1a: Gliscor
|-activate|p1a: Gliscor|move: Protect
|
|upkeep
|turn|6
|
|t:|1758375214
|switch|p1a: Gholdengo|Gholdengo|100/100
|move|p2a: Iron Treads|Rapid Spin|p1a: Gholdengo
|-immune|p1a: Gholdengo
|
|upkeep
|turn|7
|
|t:|1758375224
|-end|p2a: Iron Treads|Quark Drive|[silent]
|switch|p2a: Moltres|Moltres|100/100
|move|p1a: Gholdengo|Recover||[still]
|-fail|p1a: Gholdengo|heal
|
|upkeep
|turn|8
|
|t:|1758375234
|switch|p1a: Blissey|Blissey, F|100/100
|move|p2a: Moltres|Will-O-Wisp|p1a: Blissey
|-status|p1a: Blissey|brn
|
|-damage|p1a: Blissey|94/100 brn|[from] brn
|upkeep
|turn|9
|
|t:|1758375243
|switch|p2a: Iron Treads|Iron Treads|85/100
|-damage|p2a: Iron Treads|68/100|[from] Spikes
|move|p1a: Blissey|Stealth Rock|p2a: Iron Treads
|-sidestart|p2: ulillusion|move: Stealth Rock
|
|-damage|p1a: Blissey|88/100 brn|[from] brn
|upkeep
|turn|10
|
|t:|1758375254
|-curestatus|p1a: Blissey|brn|[from] ability: Natural Cure
|switch|p1a: Gliscor|Gliscor, F|77/100
|-damage|p1a: Gliscor|65/100|[from] Stealth Rock
|move|p2a: Iron Treads|Knock Off|p1a: Gliscor
|-damage|p1a: Gliscor|55/100
|
|upkeep
|turn|11
|
|t:|1758375259
|move|p1a: Gliscor|Protect|p1a: Gliscor
|-singleturn|p1a: Gliscor|Protect
|move|p2a: Iron Treads|Rapid Spin|p1a: Gliscor
|-activate|p1a: Gliscor|move: Protect
|
|upkeep
|turn|12
|
|t:|1758375265
|move|p2a: Iron Treads|Knock Off|p1a: Gliscor
|-damage|p1a: Gliscor|45/100
|move|p1a: Gliscor|Knock Off|p2a: Iron Treads
|-damage|p2a: Iron Treads|57/100
|
|upkeep
|turn|13
|
|t:|1758375275
|move|p1a: Gliscor|Protect|p1a: Gliscor
|-singleturn|p1a: Gliscor|Protect
|move|p2a: Iron Treads|Knock Off|p1a: Gliscor
|-activate|p1a: Gliscor|move: Protect
|
|upkeep
|turn|14
|
|t:|1758375281
|switch|p1a: Gholdengo|Gholdengo|100/100
|move|p2a: Iron Treads|Knock Off|p1a: Gholdengo
|-supereffective|p1a: Gholdengo
|-damage|p1a: Gholdengo|69/100
|-enditem|p1a: Gholdengo|Heavy-Duty Boots|[from] move: Knock Off|[of] p2a: Iron Treads
|
|upkeep
|turn|15
|
|t:|1758375297
|move|p2a: Iron Treads|Earthquake|p1a: Gholdengo
|-supereffective|p1a: Gholdengo
|-crit|p1a: Gholdengo
|-damage|p1a: Gholdengo|0 fnt
|faint|p1a: Gholdengo
|
|upkeep
|
|t:|1758375304
|switch|p1a: Dondozo|Dondozo, F|100/100
|turn|16
|
|t:|1758375313
|move|p2a: Iron Treads|Rapid Spin|p1a: Dondozo
|-damage|p1a: Dondozo|95/100
|-boost|p2a: Iron Treads|spe|1
|-sideend|p2: ulillusion|Spikes|[from] move: Rapid Spin|[of] p2a: Iron Treads
|-sideend|p2: ulillusion|Stealth Rock|[from] move: Rapid Spin|[of] p2a: Iron Treads
|move|p1a: Dondozo|Avalanche|p2a: Iron Treads
|-damage|p2a: Iron Treads|36/100
|
|upkeep
|turn|17
|
|t:|1758375322
|move|p2a: Iron Treads|Knock Off|p1a: Dondozo
|-damage|p1a: Dondozo|84/100
|-enditem|p1a: Dondozo|Heavy-Duty Boots|[from] move: Knock Off|[of] p2a: Iron Treads
|move|p1a: Dondozo|Curse|p1a: Dondozo
|-unboost|p1a: Dondozo|spe|1
|-boost|p1a: Dondozo|atk|1
|-boost|p1a: Dondozo|def|1
|
|upkeep
|turn|18
|
|t:|1758375344
|-end|p2a: Iron Treads|Quark Drive|[silent]
|switch|p2a: Garganacl|Garganacl, F|100/100
|move|p1a: Dondozo|Avalanche|p2a: Garganacl
|-damage|p2a: Garganacl|87/100
|
|-heal|p2a: Garganacl|93/100|[from] item: Leftovers
|upkeep
|turn|19
|
|t:|1758375356
|switch|p1a: Weezing|Weezing-Galar, M|100/100
|-ability|p1a: Weezing|Neutralizing Gas
|-terastallize|p2a: Garganacl|Electric
|move|p2a: Garganacl|Salt Cure|p1a: Weezing
|-damage|p1a: Weezing|92/100
|-start|p1a: Weezing|Salt Cure
|
|-heal|p2a: Garganacl|99/100|[from] item: Leftovers
|-damage|p1a: Weezing|80/100|[from] Salt Cure
|upkeep
|turn|20
|
|t:|1758375364
|switch|p2a: Iron Treads|Iron Treads|36/100
|move|p1a: Weezing|Defog|p2a: Iron Treads
|-unboost|p2a: Iron Treads|evasion|1
|-sideend|p1: 0ddish0ne|Stealth Rock|[from] move: Defog|[of] p1a: Weezing
|
|-damage|p1a: Weezing|68/100|[from] Salt Cure
|upkeep
|turn|21
|
|t:|1758375374
|-end|p1a: Weezing|ability: Neutralizing Gas
|switch|p1a: Gliscor|Gliscor, F|45/100
|move|p2a: Iron Treads|Earthquake|p1a: Gliscor
|-immune|p1a: Gliscor
|
|upkeep
|turn|22
|
|t:|1758375378
|-end|p2a: Iron Treads|Quark Drive|[silent]
|switch|p2a: Ogerpon|Ogerpon-Wellspring, F|100/100
|move|p1a: Gliscor|Knock Off|p2a: Ogerpon
|-damage|p2a: Ogerpon|86/100
|
|upkeep
|turn|23
|
|t:|1758375390
|move|p2a: Ogerpon|Ivy Cudgel|p1a: Gliscor|[anim] Ivy Cudgel Water
|-supereffective|p1a: Gliscor
|-damage|p1a: Gliscor|0 fnt
|faint|p1a: Gliscor
|
|upkeep
|
|t:|1758375398
|switch|p1a: Weezing|Weezing-Galar, M|68/100
|-ability|p1a: Weezing|Neutralizing Gas
|turn|24
|
|t:|1758375403
|switch|p2a: Moltres|Moltres|100/100
|move|p1a: Weezing|Sludge Bomb|p2a: Moltres
|-damage|p2a: Moltres|78/100
|-status|p2a: Moltres|psn
|
|-damage|p2a: Moltres|66/100 psn|[from] psn
|upkeep
|turn|25
|inactive|ulillusion has 270 seconds left.
|
|t:|1758375433
|-end|p1a: Weezing|ability: Neutralizing Gas
|switch|p1a: Blissey|Blissey, F|88/100
|move|p2a: Moltres|Will-O-Wisp|p1a: Blissey
|-status|p1a: Blissey|brn
|
|-damage|p2a: Moltres|53/100 psn|[from] psn
|-damage|p1a: Blissey|82/100 brn|[from] brn
|upkeep
|turn|26
|inactive|ulillusion has 270 seconds left.
|
|t:|1758375444
|switch|p2a: Iron Treads|Iron Treads|36/100
|move|p1a: Blissey|Stealth Rock|p2a: Iron Treads
|-sidestart|p2: ulillusion|move: Stealth Rock
|
|-damage|p1a: Blissey|76/100 brn|[from] brn
|upkeep
|turn|27
|
|t:|1758375448
|move|p2a: Iron Treads|Knock Off|p1a: Blissey
|-damage|p1a: Blissey|31/100 brn
|-enditem|p1a: Blissey|Heavy-Duty Boots|[from] move: Knock Off|[of] p2a: Iron Treads
|move|p1a: Blissey|Flamethrower|p2a: Iron Treads
|-supereffective|p2a: Iron Treads
|-damage|p2a: Iron Treads|7/100
|
|-damage|p1a: Blissey|25/100 brn|[from] brn
|upkeep
|turn|28
|
|t:|1758375454
|-curestatus|p1a: Blissey|brn|[from] ability: Natural Cure
|switch|p1a: Dondozo|Dondozo, F|84/100
|move|p2a: Iron Treads|Earthquake|p1a: Dondozo
|-damage|p1a: Dondozo|66/100
|
|upkeep
|turn|29
|
|t:|1758375461
|move|p2a: Iron Treads|Rapid Spin|p1a: Dondozo
|-damage|p1a: Dondozo|60/100
|-boost|p2a: Iron Treads|spe|1
|-sideend|p2: ulillusion|Stealth Rock|[from] move: Rapid Spin|[of] p2a: Iron Treads
|move|p1a: Dondozo|Rest|p1a: Dondozo
|-status|p1a: Dondozo|slp|[from] move: Rest
|-heal|p1a: Dondozo|100/100 slp|[silent]
|
|upkeep
|turn|30
|
|t:|1758375470
|-end|p2a: Iron Treads|Quark Drive|[silent]
|switch|p2a: Garganacl|Garganacl, F, tera:Electric|99/100
|cant|p1a: Dondozo|slp
|move|p1a: Dondozo|Sleep Talk|p1a: Dondozo
|move|p1a: Dondozo|Avalanche|p2a: Garganacl|[from] move: Sleep Talk
|-damage|p2a: Garganacl|90/100
|
|-heal|p2a: Garganacl|96/100|[from] item: Leftovers
|upkeep
|turn|31
|
|t:|1758375478
|move|p2a: Garganacl|Salt Cure|p1a: Dondozo
|-damage|p1a: Dondozo|94/100 slp
|-start|p1a: Dondozo|Salt Cure
|cant|p1a: Dondozo|slp
|move|p1a: Dondozo|Sleep Talk|p1a: Dondozo
|move|p1a: Dondozo|Avalanche|p2a: Garganacl|[from] move: Sleep Talk
|-damage|p2a: Garganacl|78/100
|
|-heal|p2a: Garganacl|84/100|[from] item: Leftovers
|-damage|p1a: Dondozo|69/100 slp|[from] Salt Cure
|upkeep
|turn|32
|
|t:|1758375499
|switch|p2a: Ogerpon|Ogerpon-Wellspring, F|86/100
|-terastallize|p1a: Dondozo|Fighting
|-curestatus|p1a: Dondozo|slp|[msg]
|move|p1a: Dondozo|Sleep Talk||[still]
|-fail|p1a: Dondozo
|
|-damage|p1a: Dondozo|57/100|[from] Salt Cure
|upkeep
|turn|33
|
|t:|1758375512
|switch|p2a: Moltres|Moltres|53/100 psn
|move|p1a: Dondozo|Rest|p1a: Dondozo
|-status|p1a: Dondozo|slp|[from] move: Rest
|-heal|p1a: Dondozo|100/100 slp|[silent]
|
|-damage|p2a: Moltres|41/100 psn|[from] psn
|-damage|p1a: Dondozo|88/100 slp|[from] Salt Cure
|upkeep
|turn|34
|
|t:|1758375520
|move|p2a: Moltres|Flamethrower|p1a: Dondozo
|-damage|p1a: Dondozo|52/100 slp
|cant|p1a: Dondozo|slp
|move|p1a: Dondozo|Sleep Talk|p1a: Dondozo
|move|p1a: Dondozo|Rest||[from] move: Sleep Talk|[still]
|-fail|p1a: Dondozo
|
|-damage|p2a: Moltres|29/100 psn|[from] psn
|-damage|p1a: Dondozo|40/100 slp|[from] Salt Cure
|upkeep
|turn|35
|
|t:|1758375524
|move|p2a: Moltres|Roost|p2a: Moltres
|-heal|p2a: Moltres|79/100 psn
|-singleturn|p2a: Moltres|move: Roost
|cant|p1a: Dondozo|slp
|move|p1a: Dondozo|Sleep Talk|p1a: Dondozo
|move|p1a: Dondozo|Rest||[from] move: Sleep Talk|[still]
|-fail|p1a: Dondozo
|
|-damage|p2a: Moltres|67/100 psn|[from] psn
|-damage|p1a: Dondozo|27/100 slp|[from] Salt Cure
|upkeep
|turn|36
|
|t:|1758375537
|switch|p2a: Zamazenta|Zamazenta|100/100
|-ability|p2a: Zamazenta|Dauntless Shield|boost
|-boost|p2a: Zamazenta|def|1
|switch|p1a: Toxapex|Toxapex, M|100/100
|
|upkeep
|turn|37
|
|t:|1758375547
|switch|p2a: Garganacl|Garganacl, F, tera:Electric|84/100
|move|p1a: Toxapex|Infestation|p2a: Garganacl
|-damage|p2a: Garganacl|82/100
|-activate|p2a: Garganacl|move: Infestation|[of] p1a: Toxapex
|
|-heal|p2a: Garganacl|89/100|[from] item: Leftovers
|-damage|p2a: Garganacl|76/100|[from] move: Infestation|[partiallytrapped]
|upkeep
|turn|38
|
|t:|1758375554
|move|p1a: Toxapex|Baneful Bunker|p1a: Toxapex
|-singleturn|p1a: Toxapex|move: Protect
|move|p2a: Garganacl|Salt Cure|p1a: Toxapex
|-activate|p1a: Toxapex|move: Protect
|
|-heal|p2a: Garganacl|82/100|[from] item: Leftovers
|-damage|p2a: Garganacl|70/100|[from] move: Infestation|[partiallytrapped]
|upkeep
|turn|39
|
|t:|1758375563
|move|p1a: Toxapex|Baneful Bunker||[still]
|-fail|p1a: Toxapex
|move|p2a: Garganacl|Salt Cure|p1a: Toxapex
|-damage|p1a: Toxapex|90/100
|-start|p1a: Toxapex|Salt Cure
|
|-heal|p2a: Garganacl|76/100|[from] item: Leftovers
|-damage|p2a: Garganacl|64/100|[from] move: Infestation|[partiallytrapped]
|-damage|p1a: Toxapex|65/100|[from] Salt Cure
|upkeep
|turn|40
|
|t:|1758375571
|move|p2a: Garganacl|Iron Defense|p2a: Garganacl
|-boost|p2a: Garganacl|def|2
|move|p1a: Toxapex|Recover|p1a: Toxapex
|-heal|p1a: Toxapex|100/100
|
|-heal|p2a: Garganacl|70/100|[from] item: Leftovers
|-damage|p2a: Garganacl|58/100|[from] move: Infestation|[partiallytrapped]
|-damage|p1a: Toxapex|75/100|[from] Salt Cure
|upkeep
|turn|41
|
|t:|1758375576
|move|p2a: Garganacl|Iron Defense|p2a: Garganacl
|-boost|p2a: Garganacl|def|2
|move|p1a: Toxapex|Haze|p1a: Toxapex
|-clearallboost
|
|-heal|p2a: Garganacl|64/100|[from] item: Leftovers
|-end|p2a: Garganacl|Infestation|[partiallytrapped]
|-damage|p1a: Toxapex|50/100|[from] Salt Cure
|upkeep
|turn|42
|
|t:|1758375585
|move|p2a: Garganacl|Salt Cure|p1a: Toxapex
|-damage|p1a: Toxapex|40/100
|move|p1a: Toxapex|Infestation|p2a: Garganacl
|-damage|p2a: Garganacl|62/100
|-activate|p2a: Garganacl|move: Infestation|[of] p1a: Toxapex
|
|-heal|p2a: Garganacl|68/100|[from] item: Leftovers
|-damage|p2a: Garganacl|56/100|[from] move: Infestation|[partiallytrapped]
|-damage|p1a: Toxapex|15/100|[from] Salt Cure
|upkeep
|turn|43
|
|t:|1758375588
|move|p2a: Garganacl|Recover|p2a: Garganacl
|-heal|p2a: Garganacl|100/100
|move|p1a: Toxapex|Recover|p1a: Toxapex
|-heal|p1a: Toxapex|65/100
|
|-damage|p2a: Garganacl|88/100|[from] move: Infestation|[partiallytrapped]
|-damage|p1a: Toxapex|40/100|[from] Salt Cure
|upkeep
|turn|44
|
|t:|1758375595
|move|p2a: Garganacl|Iron Defense|p2a: Garganacl
|-boost|p2a: Garganacl|def|2
|move|p1a: Toxapex|Recover|p1a: Toxapex
|-heal|p1a: Toxapex|90/100
|
|-heal|p2a: Garganacl|94/100|[from] item: Leftovers
|-damage|p2a: Garganacl|82/100|[from] move: Infestation|[partiallytrapped]
|-damage|p1a: Toxapex|65/100|[from] Salt Cure
|upkeep
|turn|45
|
|t:|1758375600
|move|p2a: Garganacl|Iron Defense|p2a: Garganacl
|-boost|p2a: Garganacl|def|2
|move|p1a: Toxapex|Haze|p1a: Toxapex
|-clearallboost
|
|-heal|p2a: Garganacl|88/100|[from] item: Leftovers
|-damage|p2a: Garganacl|76/100|[from] move: Infestation|[partiallytrapped]
|-damage|p1a: Toxapex|40/100|[from] Salt Cure
|upkeep
|turn|46
|
|t:|1758375604
|move|p2a: Garganacl|Iron Defense|p2a: Garganacl
|-boost|p2a: Garganacl|def|2
|move|p1a: Toxapex|Recover|p1a: Toxapex
|-heal|p1a: Toxapex|90/100
|
|-heal|p2a: Garganacl|82/100|[from] item: Leftovers
|-damage|p2a: Garganacl|69/100|[from] move: Infestation|[partiallytrapped]
|-damage|p1a: Toxapex|65/100|[from] Salt Cure
|upkeep
|turn|47
|
|t:|1758375615
|move|p2a: Garganacl|Iron Defense|p2a: Garganacl
|-boost|p2a: Garganacl|def|2
|move|p1a: Toxapex|Infestation|p2a: Garganacl
|-damage|p2a: Garganacl|68/100
|
|-heal|p2a: Garganacl|74/100|[from] item: Leftovers
|-end|p2a: Garganacl|Infestation|[partiallytrapped]
|-damage|p1a: Toxapex|40/100|[from] Salt Cure
|upkeep
|turn|48
|
|t:|1758375621
|move|p2a: Garganacl|Body Press|p1a: Toxapex
|-resisted|p1a: Toxapex
|-damage|p1a: Toxapex|12/100
|move|p1a: Toxapex|Recover|p1a: Toxapex
|-heal|p1a: Toxapex|62/100
|
|-heal|p2a: Garganacl|80/100|[from] item: Leftovers
|-damage|p1a: Toxapex|37/100|[from] Salt Cure
|upkeep
|turn|49
|
|t:|1758375626
|move|p2a: Garganacl|Body Press|p1a: Toxapex
|-resisted|p1a: Toxapex
|-damage|p1a: Toxapex|12/100
|move|p1a: Toxapex|Recover|p1a: Toxapex
|-heal|p1a: Toxapex|62/100
|
|-heal|p2a: Garganacl|86/100|[from] item: Leftovers
|-damage|p1a: Toxapex|37/100|[from] Salt Cure
|upkeep
|turn|50
|
|t:|1758375630
|move|p2a: Garganacl|Body Press|p1a: Toxapex
|-resisted|p1a: Toxapex
|-damage|p1a: Toxapex|9/100
|move|p1a: Toxapex|Recover|p1a: Toxapex
|-heal|p1a: Toxapex|59/100
|
|-heal|p2a: Garganacl|93/100|[from] item: Leftovers
|-damage|p1a: Toxapex|34/100|[from] Salt Cure
|upkeep
|turn|51
|
|t:|1758375633
|move|p2a: Garganacl|Body Press|p1a: Toxapex
|-resisted|p1a: Toxapex
|-damage|p1a: Toxapex|9/100
|move|p1a: Toxapex|Haze|p1a: Toxapex
|-clearallboost
|
|-heal|p2a: Garganacl|99/100|[from] item: Leftovers
|-damage|p1a: Toxapex|0 fnt|[from] Salt Cure
|faint|p1a: Toxapex
|upkeep
|
|t:|1758375636
|switch|p1a: Weezing|Weezing-Galar, M|68/100
|-ability|p1a: Weezing|Neutralizing Gas
|turn|52
|
|t:|1758375640
|move|p1a: Weezing|Will-O-Wisp|p2a: Garganacl
|-status|p2a: Garganacl|brn
|move|p2a: Garganacl|Salt Cure|p1a: Weezing
|-damage|p1a: Weezing|63/100
|-start|p1a: Weezing|Salt Cure
|
|-heal|p2a: Garganacl|100/100 brn|[from] item: Leftovers
|-damage|p2a: Garganacl|94/100 brn|[from] brn
|-damage|p1a: Weezing|50/100|[from] Salt Cure
|upkeep
|turn|53
|
|t:|1758375656
|switch|p2a: Ogerpon|Ogerpon-Wellspring, F|86/100
|move|p1a: Weezing|Pain Split|p2a: Ogerpon
|-sethp|p2a: Ogerpon|66/100|[from] move: Pain Split|[silent]
|-sethp|p1a: Weezing|71/100|[from] move: Pain Split
|
|-damage|p1a: Weezing|59/100|[from] Salt Cure
|upkeep
|turn|54
|
|t:|1758375664
|switch|p2a: Garganacl|Garganacl, F, tera:Electric|94/100 brn
|move|p1a: Weezing|Sludge Bomb|p2a: Garganacl
|-damage|p2a: Garganacl|76/100 brn
|
|-heal|p2a: Garganacl|82/100 brn|[from] item: Leftovers
|-damage|p2a: Garganacl|76/100 brn|[from] brn
|-damage|p1a: Weezing|46/100|[from] Salt Cure
|upkeep
|turn|55
|
|t:|1758375676
|switch|p2a: Ogerpon|Ogerpon-Wellspring, F|66/100
|move|p1a: Weezing|Pain Split|p2a: Ogerpon
|-sethp|p2a: Ogerpon|55/100|[from] move: Pain Split|[silent]
|-sethp|p1a: Weezing|59/100|[from] move: Pain Split
|
|-damage|p1a: Weezing|46/100|[from] Salt Cure
|upkeep
|turn|56
|
|t:|1758375686
|move|p2a: Ogerpon|Ivy Cudgel|p1a: Weezing|[anim] Ivy Cudgel Water
|-damage|p1a: Weezing|14/100
|move|p1a: Weezing|Sludge Bomb|p2a: Ogerpon
|-supereffective|p2a: Ogerpon
|-damage|p2a: Ogerpon|2/100
|
|-damage|p1a: Weezing|1/100|[from] Salt Cure
|upkeep
|turn|57
|
|t:|1758375691
|move|p2a: Ogerpon|Ivy Cudgel|p1a: Weezing|[anim] Ivy Cudgel Water
|-crit|p1a: Weezing
|-damage|p1a: Weezing|0 fnt
|faint|p1a: Weezing
|-end|p1a: Weezing|ability: Neutralizing Gas
|
|upkeep
|
|t:|1758375693
|switch|p1a: Dondozo|Dondozo, F, tera:Fighting|27/100 slp
|turn|58
|
|t:|1758375702
|move|p2a: Ogerpon|Ivy Cudgel|p1a: Dondozo|[anim] Ivy Cudgel Water
|-crit|p1a: Dondozo
|-damage|p1a: Dondozo|0 fnt
|faint|p1a: Dondozo
|
|upkeep
|
|t:|1758375704
|switch|p1a: Blissey|Blissey, F|25/100
|turn|59
|
|t:|1758375706
|move|p2a: Ogerpon|Ivy Cudgel|p1a: Blissey|[anim] Ivy Cudgel Water
|-damage|p1a: Blissey|0 fnt
|faint|p1a: Blissey
|
|win|ulillusion
|c|☆0ddish0ne|Gg
|c|☆ulillusion|those crits mattered
|c|☆ulillusion|gg
|c|☆0ddish0ne|Yep
|c|☆0ddish0ne|Last one?
|c|☆ulillusion|sure
