|j|☆Nightmare1454332
|j|☆BlackliightJester
|t:|1758262919
|gametype|singles
|player|p1|Nightmare1454332|unknown|1160
|player|p2|BlackliightJester|will|1106
|gen|9
|tier|[Gen 9] OU
|rated|
|rule|HP Percentage Mod: HP is shown in percentages
|rule|Endless Battle Clause: Forcing endless battles is banned
|rule|Species Clause: Limit one of each Pokémon
|rule|OHKO Clause: OHKO moves are banned
|rule|Evasion Items Clause: Evasion items are banned
|rule|Evasion Moves Clause: Evasion moves are banned
|rule|Evasion Abilities Clause: Evasion abilities are banned
|rule|Sleep Moves Clause: Sleep-inducing moves are banned
|clearpoke
|poke|p1|Hydreigon, M|
|poke|p1|Great Tusk|
|poke|p1|Metagross|
|poke|p1|Slither Wing|
|poke|p1|Araquanid, F|
|poke|p1|Weavile, M|
|poke|p2|Meowstic, M|
|poke|p2|Flapple, M|
|poke|p2|Weezing-Galar, F|
|poke|p2|Alomomola, F|
|poke|p2|Landorus-Therian, M|
|poke|p2|Zapdos|
|teampreview
|inactive|Battle timer is ON: inactive players will automatically lose when time's up. (requested by BlackliightJester)
|
|t:|1758262928
|teamsize|p1|6
|teamsize|p2|6
|start
|switch|p1a: Araquanid|Araquanid, F|100/100
|switch|p2a: Zapdos|Zapdos|100/100
|turn|1
|
|t:|1758262935
|move|p2a: Zapdos|Volt Switch|p1a: Araquanid
|-supereffective|p1a: Araquanid
|-damage|p1a: Araquanid|40/100
|
|t:|1758262939
|switch|p2a: Meowstic|Meowstic, M|100/100|[from] Volt Switch
|move|p1a: Araquanid|Sticky Web|p2a: Meowstic
|-sidestart|p2: BlackliightJester|move: Sticky Web
|
|-heal|p1a: Araquanid|47/100|[from] item: Leftovers
|upkeep
|turn|2
|
|t:|1758262947
|move|p2a: Meowstic|Gravity|p2a: Meowstic
|-fieldstart|move: Gravity
|move|p1a: Araquanid|Leech Life|p2a: Meowstic
|-supereffective|p2a: Meowstic
|-damage|p2a: Meowstic|37/100
|-heal|p1a: Araquanid|79/100|[from] drain|[of] p2a: Meowstic
|-enditem|p2a: Meowstic|Eject Button
|
|t:|1758262959
|switch|p2a: Zapdos|Zapdos|100/100
|-activate|p2a: Zapdos|move: Sticky Web
|-unboost|p2a: Zapdos|spe|1
|
|-heal|p1a: Araquanid|85/100|[from] item: Leftovers
|upkeep
|turn|3
|
|t:|1758262968
|move|p2a: Zapdos|Hurricane|p1a: Araquanid
|-supereffective|p1a: Araquanid
|-damage|p1a: Araquanid|0 fnt
|faint|p1a: Araquanid
|
|upkeep
|
|t:|1758262978
|switch|p1a: Metagross|Metagross|100/100
|turn|4
|
|t:|1758262981
|move|p1a: Metagross|Earthquake|p2a: Zapdos
|-supereffective|p2a: Zapdos
|-damage|p2a: Zapdos|16/100
|move|p2a: Zapdos|Zap Cannon|p1a: Metagross
|-damage|p1a: Metagross|24/100
|-status|p1a: Metagross|par
|
|upkeep
|turn|5
|
|t:|1758262990
|move|p1a: Metagross|Bullet Punch|p2a: Zapdos
|-resisted|p2a: Zapdos
|-damage|p2a: Zapdos|5/100
|move|p2a: Zapdos|Volt Switch|p1a: Metagross
|-damage|p1a: Metagross|0 fnt
|faint|p1a: Metagross
|
|t:|1758262998
|switch|p2a: Flapple|Flapple, M|100/100|[from] Volt Switch
|-activate|p2a: Flapple|move: Sticky Web
|-unboost|p2a: Flapple|spe|1
|
|upkeep
|
|t:|1758263004
|switch|p1a: Great Tusk|Great Tusk|100/100
|-enditem|p1a: Great Tusk|Booster Energy
|-activate|p1a: Great Tusk|ability: Protosynthesis|[fromitem]
|-start|p1a: Great Tusk|protosynthesisatk
|turn|6
|
|t:|1758263011
|move|p1a: Great Tusk|Ice Spinner|p2a: Flapple
|-supereffective|p2a: Flapple
|-damage|p2a: Flapple|0 fnt
|faint|p2a: Flapple
|
|-fieldend|move: Gravity
|upkeep
|
|t:|1758263019
|switch|p2a: Weezing|Weezing-Galar, F|100/100
|-ability|p2a: Weezing|Neutralizing Gas
|-activate|p2a: Weezing|move: Sticky Web
|-unboost|p2a: Weezing|spe|1
|turn|7
|
|t:|1758263036
|move|p1a: Great Tusk|Headlong Rush|p2a: Weezing
|-supereffective|p2a: Weezing
|-damage|p2a: Weezing|0 fnt
|-unboost|p1a: Great Tusk|def|1
|-unboost|p1a: Great Tusk|spd|1
|faint|p2a: Weezing
|-end|p2a: Weezing|ability: Neutralizing Gas
|
|upkeep
|
|t:|1758263049
|switch|p2a: Landorus|Landorus-Therian, M|100/100
|-ability|p2a: Landorus|Intimidate|boost
|-unboost|p1a: Great Tusk|atk|1
|turn|8
|
|t:|1758263057
|move|p2a: Landorus|U-turn|p1a: Great Tusk
|-resisted|p1a: Great Tusk
|-damage|p1a: Great Tusk|81/100
|-damage|p2a: Landorus|91/100|[from] item: Life Orb
|
|t:|1758263062
|switch|p2a: Alomomola|Alomomola, F|100/100|[from] U-turn
|-activate|p2a: Alomomola|move: Sticky Web
|-unboost|p2a: Alomomola|spe|1
|move|p1a: Great Tusk|Ice Spinner|p2a: Alomomola
|-resisted|p2a: Alomomola
|-damage|p2a: Alomomola|94/100
|-damage|p1a: Great Tusk|64/100|[from] item: Rocky Helmet|[of] p2a: Alomomola
|
|upkeep
|turn|9
|
|t:|1758263072
|-end|p1a: Great Tusk|Protosynthesis|[silent]
|switch|p1a: Hydreigon|Hydreigon, M|100/100
|move|p2a: Alomomola|Flip Turn|p1a: Hydreigon
|-resisted|p1a: Hydreigon
|-damage|p1a: Hydreigon|93/100
|
|t:|1758263083
|switch|p2a: Meowstic|Meowstic, M|37/100|[from] Flip Turn
|-activate|p2a: Meowstic|move: Sticky Web
|-unboost|p2a: Meowstic|spe|1
|
|upkeep
|turn|10
|
|t:|1758263090
|move|p2a: Meowstic|Gravity|p2a: Meowstic
|-fieldstart|move: Gravity
|move|p1a: Hydreigon|Dragon Pulse|p2a: Meowstic
|-damage|p2a: Meowstic|3/100
|
|upkeep
|turn|11
|
|t:|1758263096
|move|p2a: Meowstic|Light Screen|p2a: Meowstic
|-sidestart|p2: BlackliightJester|move: Light Screen
|move|p1a: Hydreigon|Dragon Pulse|p2a: Meowstic
|-damage|p2a: Meowstic|0 fnt
|faint|p2a: Meowstic
|
|upkeep
|
|t:|1758263104
|switch|p2a: Landorus|Landorus-Therian, M|91/100
|-activate|p2a: Landorus|move: Sticky Web
|-unboost|p2a: Landorus|spe|1
|-ability|p2a: Landorus|Intimidate|boost
|-unboost|p1a: Hydreigon|atk|1
|turn|12
|
|t:|1758263110
|move|p1a: Hydreigon|Flamethrower|p2a: Landorus
|-damage|p2a: Landorus|73/100
|move|p2a: Landorus|Earthquake|p1a: Hydreigon
|-damage|p1a: Hydreigon|8/100
|-enditem|p1a: Hydreigon|Salac Berry|[eat]
|-boost|p1a: Hydreigon|spe|1|[from] item: Salac Berry
|-damage|p2a: Landorus|63/100|[from] item: Life Orb
|
|upkeep
|turn|13
|
|t:|1758263120
|move|p1a: Hydreigon|Flamethrower|p2a: Landorus
|-damage|p2a: Landorus|42/100
|move|p2a: Landorus|U-turn|p1a: Hydreigon
|-supereffective|p1a: Hydreigon
|-damage|p1a: Hydreigon|0 fnt
|faint|p1a: Hydreigon
|-damage|p2a: Landorus|32/100|[from] item: Life Orb
|
|t:|1758263131
|switch|p2a: Zapdos|Zapdos|5/100|[from] U-turn
|-activate|p2a: Zapdos|move: Sticky Web
|-unboost|p2a: Zapdos|spe|1
|
|upkeep
|
|t:|1758263135
|switch|p1a: Great Tusk|Great Tusk|64/100
|turn|14
|
|t:|1758263140
|move|p1a: Great Tusk|Rapid Spin|p2a: Zapdos
|-damage|p2a: Zapdos|0 fnt
|-boost|p1a: Great Tusk|spe|1
|faint|p2a: Zapdos
|
|-fieldend|move: Gravity
|upkeep
|
|t:|1758263147
|switch|p2a: Alomomola|Alomomola, F|100/100
|-activate|p2a: Alomomola|move: Sticky Web
|-unboost|p2a: Alomomola|spe|1
|turn|15
|
|t:|1758263154
|move|p1a: Great Tusk|Headlong Rush|p2a: Alomomola
|-damage|p2a: Alomomola|62/100
|-unboost|p1a: Great Tusk|def|1
|-unboost|p1a: Great Tusk|spd|1
|-damage|p1a: Great Tusk|48/100|[from] item: Rocky Helmet|[of] p2a: Alomomola
|move|p2a: Alomomola|Scald|p1a: Great Tusk
|-supereffective|p1a: Great Tusk
|-damage|p1a: Great Tusk|0 fnt
|faint|p1a: Great Tusk
|-end|p1a: Great Tusk|Protosynthesis|[silent]
|
|-sideend|p2: BlackliightJester|move: Light Screen
|upkeep
|
|t:|1758263160
|switch|p1a: Slither Wing|Slither Wing|100/100
|-enditem|p1a: Slither Wing|Booster Energy
|-activate|p1a: Slither Wing|ability: Protosynthesis|[fromitem]
|-start|p1a: Slither Wing|protosynthesisatk
|turn|16
|
|t:|1758263172
|move|p1a: Slither Wing|First Impression|p2a: Alomomola
|-damage|p2a: Alomomola|28/100
|-damage|p1a: Slither Wing|84/100|[from] item: Rocky Helmet|[of] p2a: Alomomola
|move|p2a: Alomomola|Wish|p2a: Alomomola
|
|upkeep
|turn|17
|
|t:|1758263181
|move|p1a: Slither Wing|Trailblaze|p2a: Alomomola
|-supereffective|p2a: Alomomola
|-damage|p2a: Alomomola|2/100
|-boost|p1a: Slither Wing|spe|1
|-damage|p1a: Slither Wing|68/100|[from] item: Rocky Helmet|[of] p2a: Alomomola
|move|p2a: Alomomola|Flip Turn|p1a: Slither Wing
|-damage|p1a: Slither Wing|47/100
|
|t:|1758263190
|switch|p2a: Landorus|Landorus-Therian, M|32/100|[from] Flip Turn
|-ability|p2a: Landorus|Intimidate|boost
|-unboost|p1a: Slither Wing|atk|1
|
|-heal|p2a: Landorus|100/100|[from] move: Wish|[wisher] Alomomola
|upkeep
|turn|18
|
|t:|1758263199
|move|p1a: Slither Wing|Flare Blitz|p2a: Landorus
|-damage|p2a: Landorus|56/100
|-damage|p1a: Slither Wing|32/100|[from] Recoil
|move|p2a: Landorus|Rock Slide|p1a: Slither Wing
|-damage|p1a: Slither Wing|0 fnt
|faint|p1a: Slither Wing
|-end|p1a: Slither Wing|Protosynthesis|[silent]
|-damage|p2a: Landorus|47/100|[from] item: Life Orb
|
|upkeep
|
|t:|1758263202
|switch|p1a: Weavile|Weavile, M|100/100
|-ability|p1a: Weavile|Pressure
|turn|19
|
|t:|1758263213
|switch|p2a: Alomomola|Alomomola, F|36/100
|-activate|p2a: Alomomola|move: Sticky Web
|-unboost|p2a: Alomomola|spe|1
|move|p1a: Weavile|Ice Shard|p2a: Alomomola
|-resisted|p2a: Alomomola
|-damage|p2a: Alomomola|26/100
|
|upkeep
|turn|20
|
|t:|1758263222
|switch|p2a: Landorus|Landorus-Therian, M|47/100
|-ability|p2a: Landorus|Intimidate|boost
|-unboost|p1a: Weavile|atk|1
|move|p1a: Weavile|Ice Shard|p2a: Landorus
|-supereffective|p2a: Landorus
|-damage|p2a: Landorus|0 fnt
|faint|p2a: Landorus
|
|upkeep
|
|t:|1758263231
|switch|p2a: Alomomola|Alomomola, F|60/100
|-activate|p2a: Alomomola|move: Sticky Web
|-unboost|p2a: Alomomola|spe|1
|turn|21
|
|t:|1758263235
|move|p1a: Weavile|Ice Shard|p2a: Alomomola
|-resisted|p2a: Alomomola
|-damage|p2a: Alomomola|54/100
|move|p2a: Alomomola|Wish|p2a: Alomomola
|
|upkeep
|turn|22
|
|t:|1758263241
|move|p1a: Weavile|Ice Shard|p2a: Alomomola
|-resisted|p2a: Alomomola
|-damage|p2a: Alomomola|48/100
|move|p2a: Alomomola|Scald|p1a: Weavile
|-damage|p1a: Weavile|81/100
|
|-heal|p2a: Alomomola|98/100|[from] move: Wish|[wisher] Alomomola
|upkeep
|turn|23
|-message|Nightmare1454332 forfeited.
|
|win|BlackliightJester
|raw|Nightmare1454332's rating: 1160 &rarr; <strong>1131</strong><br />(-29 for losing)
|raw|BlackliightJester's rating: 1106 &rarr; <strong>1135</strong><br />(+29 for winning)
|l|☆Nightmare1454332
|player|p1|
|l|☆BlackliightJester
|player|p2|
