|j|☆bendo_13
|j|☆whichjuanz
|t:|1758304315
|gametype|singles
|player|p1|bendo_13|1|1350
|player|p2|whichjuanz|hiker-gen4|1305
|gen|9
|tier|[Gen 9] OU
|rated|
|rule|HP Percentage Mod: HP is shown in percentages
|rule|Endless Battle Clause: Forcing endless battles is banned
|rule|Species Clause: Limit one of each Pokémon
|rule|OHKO Clause: OHKO moves are banned
|rule|Evasion Items Clause: Evasion items are banned
|rule|Evasion Moves Clause: Evasion moves are banned
|rule|Evasion Abilities Clause: Evasion abilities are banned
|rule|Sleep Moves Clause: Sleep-inducing moves are banned
|clearpoke
|poke|p1|Iron Valiant|
|poke|p1|Darkrai|
|poke|p1|Iron Treads|
|poke|p1|Umbreon, M|
|poke|p1|Ceruledge, M|
|poke|p1|Pecharunt|
|poke|p2|Exeggutor-Alola, M|
|poke|p2|Cinderace, M|
|poke|p2|Quaquaval, F|
|poke|p2|Palossand, F|
|poke|p2|Comfey, M|
|poke|p2|Dugtrio-Alola, M|
|teampreview
|inactive|Battle timer is ON: inactive players will automatically lose when time's up. (requested by whichjuanz)
|inactive|bendo_13 also wants the timer to be on.
|c|☆bendo_13|fun team
|inactive|whichjuanz has 120 seconds left.
|
|t:|1758304347
|teamsize|p1|6
|teamsize|p2|6
|start
|switch|p1a: Umbreon|Umbreon, M|100/100
|switch|p2a: KLOuFRENS|Dugtrio-Alola, M|100/100
|turn|1
|
|t:|1758304357
|move|p2a: KLOuFRENS|Stealth Rock|p1a: Umbreon
|-sidestart|p1: bendo_13|move: Stealth Rock
|move|p1a: Umbreon|Confuse Ray|p2a: KLOuFRENS
|-start|p2a: KLOuFRENS|confusion
|
|upkeep
|turn|2
|
|t:|1758304362
|-activate|p2a: KLOuFRENS|confusion
|move|p2a: KLOuFRENS|Final Gambit|p1a: Umbreon
|-damage|p1a: Umbreon|31/100
|faint|p2a: KLOuFRENS
|move|p1a: Umbreon|Foul Play|p2: KLOuFRENS|[notarget]
|-fail|p1a: Umbreon
|
|-heal|p1a: Umbreon|37/100|[from] item: Leftovers
|upkeep
|
|t:|1758304366
|switch|p2a: BAILE INoLVIDABLE|Quaquaval, F|100/100
|-item|p2a: BAILE INoLVIDABLE|Air Balloon
|turn|3
|
|t:|1758304372
|move|p2a: BAILE INoLVIDABLE|Swords Dance|p2a: BAILE INoLVIDABLE
|-boost|p2a: BAILE INoLVIDABLE|atk|2
|move|p1a: Umbreon|Toxic|p2a: BAILE INoLVIDABLE
|-status|p2a: BAILE INoLVIDABLE|tox
|
|-heal|p1a: Umbreon|43/100|[from] item: Leftovers
|-damage|p2a: BAILE INoLVIDABLE|94/100 tox|[from] psn
|upkeep
|turn|4
|
|t:|1758304378
|switch|p1a: Pecharunt|Pecharunt|100/100
|-damage|p1a: Pecharunt|88/100|[from] Stealth Rock
|move|p2a: BAILE INoLVIDABLE|Aqua Step|p1a: Pecharunt
|-crit|p1a: Pecharunt
|-damage|p1a: Pecharunt|37/100
|-boost|p2a: BAILE INoLVIDABLE|spe|1
|
|-heal|p1a: Pecharunt|43/100|[from] item: Black Sludge
|-damage|p2a: BAILE INoLVIDABLE|82/100 tox|[from] psn
|upkeep
|turn|5
|
|t:|1758304383
|move|p2a: BAILE INoLVIDABLE|Knock Off|p1a: Pecharunt
|-supereffective|p1a: Pecharunt
|-damage|p1a: Pecharunt|0 fnt
|-enditem|p1a: Pecharunt|Black Sludge|[from] move: Knock Off|[of] p2a: BAILE INoLVIDABLE
|faint|p1a: Pecharunt
|-ability|p2a: BAILE INoLVIDABLE|Moxie|boost
|-boost|p2a: BAILE INoLVIDABLE|atk|1
|
|-damage|p2a: BAILE INoLVIDABLE|64/100 tox|[from] psn
|upkeep
|
|t:|1758304408
|switch|p1a: Ceruledge|Ceruledge, M|100/100
|-damage|p1a: Ceruledge|76/100|[from] Stealth Rock
|turn|6
|
|t:|1758304412
|-terastallize|p1a: Ceruledge|Grass
|move|p2a: BAILE INoLVIDABLE|Aqua Step|p1a: Ceruledge
|-resisted|p1a: Ceruledge
|-damage|p1a: Ceruledge|3/100
|-boost|p2a: BAILE INoLVIDABLE|spe|1
|-ability|p1a: Ceruledge|Weak Armor|boost
|-unboost|p1a: Ceruledge|def|1
|-boost|p1a: Ceruledge|spe|2
|move|p1a: Ceruledge|Poltergeist|p2a: BAILE INoLVIDABLE
|-activate|p2a: BAILE INoLVIDABLE|move: Poltergeist|Air Balloon
|-crit|p2a: BAILE INoLVIDABLE
|-damage|p2a: BAILE INoLVIDABLE|0 fnt
|-enditem|p2a: BAILE INoLVIDABLE|Air Balloon
|faint|p2a: BAILE INoLVIDABLE
|
|upkeep
|
|t:|1758304415
|switch|p2a: DtMF|Comfey, M|100/100
|turn|7
|
|t:|1758304426
|move|p2a: DtMF|Draining Kiss|p1a: Ceruledge
|-damage|p1a: Ceruledge|0 fnt
|faint|p1a: Ceruledge
|
|upkeep
|
|t:|1758304429
|switch|p1a: Iron Treads|Iron Treads|100/100
|-damage|p1a: Iron Treads|98/100|[from] Stealth Rock
|turn|8
|
|t:|1758304431
|switch|p2a: BOKeTE|Exeggutor-Alola, M|100/100
|move|p1a: Iron Treads|Rapid Spin|p2a: BOKeTE
|-damage|p2a: BOKeTE|92/100
|-boost|p1a: Iron Treads|spe|1
|-sideend|p1: bendo_13|Stealth Rock|[from] move: Rapid Spin|[of] p1a: Iron Treads
|
|-heal|p1a: Iron Treads|100/100|[from] item: Leftovers
|upkeep
|turn|9
|
|t:|1758304434
|move|p1a: Iron Treads|Stealth Rock|p2a: BOKeTE
|-sidestart|p2: whichjuanz|move: Stealth Rock
|move|p2a: BOKeTE|Curse|p2a: BOKeTE
|-unboost|p2a: BOKeTE|spe|1
|-boost|p2a: BOKeTE|atk|1
|-boost|p2a: BOKeTE|def|1
|
|upkeep
|turn|10
|
|t:|1758304439
|move|p1a: Iron Treads|Knock Off|p2a: BOKeTE
|-damage|p2a: BOKeTE|80/100
|-enditem|p2a: BOKeTE|Sitrus Berry|[from] move: Knock Off|[of] p1a: Iron Treads
|move|p2a: BOKeTE|Curse|p2a: BOKeTE
|-unboost|p2a: BOKeTE|spe|1
|-boost|p2a: BOKeTE|atk|1
|-boost|p2a: BOKeTE|def|1
|
|upkeep
|turn|11
|
|t:|1758304445
|-end|p1a: Iron Treads|Quark Drive|[silent]
|switch|p1a: Umbreon|Umbreon, M|43/100
|move|p2a: BOKeTE|Wood Hammer|p1a: Umbreon
|-damage|p1a: Umbreon|0 fnt
|faint|p1a: Umbreon
|-damage|p2a: BOKeTE|66/100|[from] Recoil
|
|upkeep
|
|t:|1758304450
|switch|p1a: Iron Valiant|Iron Valiant|100/100
|turn|12
|
|t:|1758304453
|move|p1a: Iron Valiant|Moonblast|p2a: BOKeTE
|-supereffective|p2a: BOKeTE
|-damage|p2a: BOKeTE|0 fnt
|faint|p2a: BOKeTE
|-damage|p1a: Iron Valiant|91/100|[from] item: Life Orb
|
|upkeep
|
|t:|1758304455
|switch|p2a: TURiSTA|Palossand, F|100/100
|-damage|p2a: TURiSTA|94/100|[from] Stealth Rock
|turn|13
|
|t:|1758304459
|move|p1a: Iron Valiant|Energy Ball|p2a: TURiSTA
|-supereffective|p2a: TURiSTA
|-damage|p2a: TURiSTA|0 fnt
|faint|p2a: TURiSTA
|-damage|p1a: Iron Valiant|81/100|[from] item: Life Orb
|
|upkeep
|
|t:|1758304464
|switch|p2a: DtMF|Comfey, M|100/100
|-damage|p2a: DtMF|88/100|[from] Stealth Rock
|turn|14
|
|t:|1758304468
|move|p2a: DtMF|Draining Kiss|p1a: Iron Valiant
|-supereffective|p1a: Iron Valiant
|-damage|p1a: Iron Valiant|0 fnt
|-heal|p2a: DtMF|100/100|[from] drain|[of] p1a: Iron Valiant
|faint|p1a: Iron Valiant
|-end|p1a: Iron Valiant|Quark Drive|[silent]
|
|upkeep
|
|t:|1758304476
|switch|p1a: Darkrai|Darkrai|100/100
|turn|15
|
|t:|1758304478
|move|p2a: DtMF|Draining Kiss|p1a: Darkrai
|-supereffective|p1a: Darkrai
|-damage|p1a: Darkrai|15/100
|move|p1a: Darkrai|Sludge Bomb|p2a: DtMF
|-supereffective|p2a: DtMF
|-damage|p2a: DtMF|0 fnt
|faint|p2a: DtMF
|
|upkeep
|
|t:|1758304481
|switch|p2a: ELCLuB|Cinderace, M|100/100
|turn|16
|
|t:|1758304488
|switch|p1a: Iron Treads|Iron Treads|100/100
|move|p2a: ELCLuB|Sucker Punch||[still]
|-fail|p2a: ELCLuB
|
|upkeep
|turn|17
|
|t:|1758304495
|-terastallize|p2a: ELCLuB|Fire
|move|p2a: ELCLuB|Pyro Ball|p1a: Iron Treads
|-supereffective|p1a: Iron Treads
|-damage|p1a: Iron Treads|0 fnt
|faint|p1a: Iron Treads
|-end|p1a: Iron Treads|Quark Drive|[silent]
|
|upkeep
|
|t:|1758304499
|switch|p1a: Darkrai|Darkrai|15/100
|turn|18
|
|t:|1758304502
|move|p2a: ELCLuB|Sucker Punch|p1a: Darkrai
|-resisted|p1a: Darkrai
|-damage|p1a: Darkrai|0 fnt
|faint|p1a: Darkrai
|
|win|whichjuanz
|raw|bendo_13's rating: 1350 &rarr; <strong>1327</strong><br />(-23 for losing)
|raw|whichjuanz's rating: 1305 &rarr; <strong>1328</strong><br />(+23 for winning)
|c|☆bendo_13|gg
|l|☆whichjuanz
|player|p2|
|l|☆bendo_13
|player|p1|
