|j|☆idonteatpets
|j|☆Weavile4smash
|t:|1758277602
|gametype|singles
|player|p1|idonteatpets|2|1188
|player|p2|Weavile4smash|102|1147
|gen|9
|tier|[Gen 9] OU
|rated|
|rule|HP Percentage Mod: HP is shown in percentages
|rule|Endless Battle Clause: Forcing endless battles is banned
|rule|Species Clause: Limit one of each Pokémon
|rule|OHKO Clause: OHKO moves are banned
|rule|Evasion Items Clause: Evasion items are banned
|rule|Evasion Moves Clause: Evasion moves are banned
|rule|Evasion Abilities Clause: Evasion abilities are banned
|rule|Sleep Moves Clause: Sleep-inducing moves are banned
|clearpoke
|poke|p1|Glimmora, F|
|poke|p1|Iron Valiant|
|poke|p1|Kingambit, M|
|poke|p1|Raging Bolt|
|poke|p1|Great Tusk|
|poke|p1|Walking Wake|
|poke|p2|Deoxys-Speed|
|poke|p2|Gliscor, M|
|poke|p2|Weavile, F|
|poke|p2|Heatran, M|
|poke|p2|Mienshao, M|
|poke|p2|Zapdos|
|teampreview
|c|☆idonteatpets|hi
|
|t:|1758277622
|teamsize|p1|6
|teamsize|p2|6
|start
|switch|p1a: Glimmora|Glimmora, F|100/100
|switch|p2a: Bahamuth 0|Deoxys-Speed|100/100
|-ability|p2a: Bahamuth 0|Pressure
|turn|1
|c|☆Weavile4smash|burger
|c|☆idonteatpets|no u
|
|t:|1758277634
|move|p2a: Bahamuth 0|Taunt|p1a: Glimmora
|-start|p1a: Glimmora|move: Taunt
|cant|p1a: Glimmora|move: Taunt|Stealth Rock
|
|upkeep
|turn|2
|c|☆Weavile4smash|regrub
|c|☆idonteatpets|no u
|
|t:|1758277652
|move|p2a: Bahamuth 0|Ice Beam|p1a: Glimmora
|-damage|p1a: Glimmora|66/100
|move|p1a: Glimmora|Mortal Spin|p2a: Bahamuth 0
|-damage|p2a: Bahamuth 0|90/100
|-status|p2a: Bahamuth 0|psn
|
|-damage|p2a: Bahamuth 0|78/100 psn|[from] psn
|upkeep
|turn|3
|
|t:|1758277666
|switch|p1a: Walking Wake|Walking Wake|100/100
|move|p2a: Bahamuth 0|Psycho Boost|p1a: Walking Wake
|-damage|p1a: Walking Wake|33/100
|-unboost|p2a: Bahamuth 0|spa|2
|
|-damage|p2a: Bahamuth 0|65/100 psn|[from] psn
|upkeep
|turn|4
|
|t:|1758277694
|move|p2a: Bahamuth 0|Superpower|p1a: Walking Wake
|-damage|p1a: Walking Wake|0 fnt
|-unboost|p2a: Bahamuth 0|atk|1
|-unboost|p2a: Bahamuth 0|def|1
|faint|p1a: Walking Wake
|-end|p1a: Walking Wake|Protosynthesis|[silent]
|
|-damage|p2a: Bahamuth 0|53/100 psn|[from] psn
|upkeep
|
|t:|1758277714
|switch|p1a: Iron Valiant|Iron Valiant|100/100
|-enditem|p1a: Iron Valiant|Booster Energy
|-activate|p1a: Iron Valiant|ability: Quark Drive|[fromitem]
|-start|p1a: Iron Valiant|quarkdrivespe
|turn|5
|
|t:|1758277722
|switch|p2a: Venom|Gliscor, M|100/100
|move|p1a: Iron Valiant|Knock Off|p2a: Venom
|-damage|p2a: Venom|79/100
|-enditem|p2a: Venom|Toxic Orb|[from] move: Knock Off|[of] p1a: Iron Valiant
|
|upkeep
|turn|6
|c|☆idonteatpets|lol
|c|☆Weavile4smash|optimal trust
|c|☆idonteatpets|what trust
|c|☆idonteatpets|no u
|c|☆Weavile4smash|ion need poison
|
|t:|1758277789
|move|p1a: Iron Valiant|Spirit Break|p2a: Venom
|-damage|p2a: Venom|55/100
|-unboost|p2a: Venom|spa|1
|move|p2a: Venom|Toxic|p1a: Iron Valiant
|-status|p1a: Iron Valiant|tox
|
|-damage|p1a: Iron Valiant|94/100 tox|[from] psn
|upkeep
|turn|7
|c|☆idonteatpets|sez u
|
|t:|1758277806
|switch|p2a: Froge|Heatran, M|100/100
|-item|p2a: Froge|Air Balloon
|move|p1a: Iron Valiant|Swords Dance|p1a: Iron Valiant
|-boost|p1a: Iron Valiant|atk|2
|
|-damage|p1a: Iron Valiant|82/100 tox|[from] psn
|upkeep
|turn|8
|c|☆idonteatpets|why did the heatran cross the road
|
|t:|1758277820
|-terastallize|p2a: Froge|Flying
|move|p1a: Iron Valiant|Close Combat|p2a: Froge
|-resisted|p2a: Froge
|-damage|p2a: Froge|45/100
|-unboost|p1a: Iron Valiant|def|1
|-unboost|p1a: Iron Valiant|spd|1
|-enditem|p2a: Froge|Air Balloon
|move|p2a: Froge|Magma Storm|p1a: Iron Valiant
|-damage|p1a: Iron Valiant|0 fnt
|faint|p1a: Iron Valiant
|-end|p1a: Iron Valiant|Quark Drive|[silent]
|
|upkeep
|c|☆idonteatpets|because quagsire was on the other side
|c|☆idonteatpets|get it
|c|☆idonteatpets|get it
|c|☆Weavile4smash|WAHAHAHAHA
|c|☆Weavile4smash|i get it
|c|☆idonteatpets|;)
|
|t:|1758277850
|switch|p1a: Glimmora|Glimmora, F|66/100
|turn|9
|
|t:|1758277857
|move|p1a: Glimmora|Stealth Rock|p2a: Froge
|-sidestart|p2: Weavile4smash|move: Stealth Rock
|move|p2a: Froge|Stealth Rock|p1a: Glimmora
|-sidestart|p1: idonteatpets|move: Stealth Rock
|
|upkeep
|turn|10
|
|t:|1758277862
|switch|p2a: Venom|Gliscor, M|55/100
|-damage|p2a: Venom|43/100|[from] Stealth Rock
|move|p1a: Glimmora|Mortal Spin|p2a: Venom
|-resisted|p2a: Venom
|-damage|p2a: Venom|41/100
|-status|p2a: Venom|psn
|-sideend|p1: idonteatpets|Stealth Rock|[from] move: Mortal Spin|[of] p1a: Glimmora
|
|-heal|p2a: Venom|53/100 psn|[from] ability: Poison Heal
|upkeep
|turn|11
|c|☆idonteatpets|NO I KNEW IT
|c|☆idonteatpets|u said u didnt need poison huh bud
|
|t:|1758277889
|move|p1a: Glimmora|Sludge Bomb|p2a: Venom
|-resisted|p2a: Venom
|-damage|p2a: Venom|25/100 psn
|move|p2a: Venom|Earthquake|p1a: Glimmora
|-supereffective|p1a: Glimmora
|-damage|p1a: Glimmora|0 fnt
|-activate|p1a: Glimmora|ability: Toxic Debris
|-sidestart|p2: Weavile4smash|move: Toxic Spikes
|faint|p1a: Glimmora
|
|-heal|p2a: Venom|38/100 psn|[from] ability: Poison Heal
|upkeep
|c|☆Weavile4smash|i didnt
|c|☆Weavile4smash|truuust
|c|☆Weavile4smash|it was uhh
|c|☆Weavile4smash|pure luck
|c|☆idonteatpets|bull
|c|☆Weavile4smash|didnt mean to
|
|t:|1758277917
|switch|p1a: Great Tusk|Great Tusk|100/100
|turn|12
|c|☆Weavile4smash|truly i js wanted to press eq
|
|t:|1758277930
|move|p2a: Venom|Protect|p2a: Venom
|-singleturn|p2a: Venom|Protect
|move|p1a: Great Tusk|Stone Edge|p2a: Venom
|-activate|p2a: Venom|move: Protect
|
|-heal|p2a: Venom|50/100 psn|[from] ability: Poison Heal
|upkeep
|turn|13
|c|☆idonteatpets|maybe bab
|c|☆idonteatpets|WHY PROTECT THEN
|c|☆idonteatpets|TO GET URSELF TOXIC HEAL?
|
|t:|1758277947
|switch|p2a: Froge|Heatran, M, tera:Flying|45/100
|-damage|p2a: Froge|20/100|[from] Stealth Rock
|move|p1a: Great Tusk|Stone Edge|p2a: Froge
|-supereffective|p2a: Froge
|-damage|p2a: Froge|0 fnt
|faint|p2a: Froge
|
|upkeep
|c|☆Weavile4smash|n-no
|c|☆idonteatpets|BULL
|c|☆Weavile4smash|for uhh
|c|☆Weavile4smash|ice spinner
|
|t:|1758277960
|switch|p2a: Shrike|Weavile, F|100/100
|-damage|p2a: Shrike|76/100|[from] Stealth Rock
|-status|p2a: Shrike|psn
|turn|14
|c|☆idonteatpets|u dont need to protect for that my guy
|c|☆idonteatpets|UR A LIAR AND A CHEAT
|c|☆idonteatpets|FULL OF TRICKERY AND DECEIT
|c|☆Weavile4smash|IT WAS A SCOUT
|c|☆idonteatpets|IM FULL OF HOLY WATER
|c|☆idonteatpets|WASHING OVER ME
|c|☆Weavile4smash|WHAT ELSE WAS I SUPPOSED TO DO
|c|☆Weavile4smash|TRULY I JUST WANTED TO SCOUT IT OUT
|c|☆idonteatpets|then lose hp
|c|☆Weavile4smash|ON MY GRANNY I AINT LYING
|c|☆idonteatpets|do u like ur granny
|
|t:|1758278022
|move|p2a: Shrike|Fake Out|p1a: Great Tusk
|-damage|p1a: Great Tusk|91/100
|cant|p1a: Great Tusk|flinch
|
|-heal|p1a: Great Tusk|98/100|[from] item: Leftovers
|-damage|p2a: Shrike|63/100 psn|[from] psn
|upkeep
|turn|15
|c|☆Weavile4smash|she cool fr
|
|t:|1758278042
|move|p2a: Shrike|Triple Axel|p1a: Great Tusk
|-supereffective|p1a: Great Tusk
|-damage|p1a: Great Tusk|84/100
|-supereffective|p1a: Great Tusk
|-damage|p1a: Great Tusk|58/100
|-supereffective|p1a: Great Tusk
|-damage|p1a: Great Tusk|23/100
|-hitcount|p1a: Great Tusk|3
|move|p1a: Great Tusk|Headlong Rush|p2a: Shrike
|-damage|p2a: Shrike|0 fnt
|-unboost|p1a: Great Tusk|def|1
|-unboost|p1a: Great Tusk|spd|1
|faint|p2a: Shrike
|
|-heal|p1a: Great Tusk|30/100|[from] item: Leftovers
|upkeep
|
|t:|1758278055
|switch|p2a: Bahamuth 0|Deoxys-Speed|53/100 psn
|-damage|p2a: Bahamuth 0|40/100 psn|[from] Stealth Rock
|-ability|p2a: Bahamuth 0|Pressure
|turn|16
|c|☆idonteatpets|should i have increased my speed lil bro
|
|t:|1758278066
|move|p2a: Bahamuth 0|Ice Beam|p1a: Great Tusk
|-supereffective|p1a: Great Tusk
|-damage|p1a: Great Tusk|0 fnt
|faint|p1a: Great Tusk
|-end|p1a: Great Tusk|Protosynthesis|[silent]
|
|-damage|p2a: Bahamuth 0|28/100 psn|[from] psn
|upkeep
|c|☆Weavile4smash|mayhaps
|c|☆idonteatpets|maybe or perhaps
|c|☆Weavile4smash|perbe
|
|t:|1758278167
|switch|p1a: Kingambit|Kingambit, M|100/100
|-activate|p1a: Kingambit|ability: Supreme Overlord
|-start|p1a: Kingambit|fallen4|[silent]
|turn|17
|
|t:|1758278173
|-terastallize|p1a: Kingambit|Ghost
|move|p2a: Bahamuth 0|Taunt|p1a: Kingambit
|-start|p1a: Kingambit|move: Taunt
|cant|p1a: Kingambit|move: Taunt|Swords Dance
|
|-damage|p2a: Bahamuth 0|15/100 psn|[from] psn
|upkeep
|turn|18
|c|☆idonteatpets|no u
|
|t:|1758278195
|-end|p1a: Kingambit|fallen4|[silent]
|switch|p1a: Raging Bolt|Raging Bolt|100/100
|move|p2a: Bahamuth 0|Psycho Boost|p1a: Raging Bolt
|-damage|p1a: Raging Bolt|55/100
|-unboost|p2a: Bahamuth 0|spa|2
|
|-damage|p2a: Bahamuth 0|3/100 psn|[from] psn
|upkeep
|turn|19
|
|t:|1758278218
|move|p2a: Bahamuth 0|Ice Beam|p1a: Raging Bolt
|-supereffective|p1a: Raging Bolt
|-damage|p1a: Raging Bolt|32/100
|move|p1a: Raging Bolt|Tera Blast|p2a: Bahamuth 0
|-damage|p2a: Bahamuth 0|0 fnt
|faint|p2a: Bahamuth 0
|
|upkeep
|c|☆idonteatpets|BAD MAN SHE LOVE
|c|☆idonteatpets|which coiuntry r u from my firiend
|
|t:|1758278244
|switch|p2a: Thundre!|Zapdos|100/100
|turn|20
|c|☆Weavile4smash|the greatest country of all
|c|☆Weavile4smash|the nether
|c|☆idonteatpets|somalia?
|c|☆idonteatpets|oh
|
|t:|1758278260
|move|p2a: Thundre!|Heat Wave|p1a: Raging Bolt
|-resisted|p1a: Raging Bolt
|-damage|p1a: Raging Bolt|20/100
|move|p1a: Raging Bolt|Tera Blast|p2a: Thundre!
|-damage|p2a: Thundre!|57/100
|
|upkeep
|turn|21
|c|☆idonteatpets|lol u thot
|
|t:|1758278271
|move|p2a: Thundre!|Roost|p2a: Thundre!
|-heal|p2a: Thundre!|100/100
|-singleturn|p2a: Thundre!|move: Roost
|move|p1a: Raging Bolt|Tera Blast|p2a: Thundre!
|-damage|p2a: Thundre!|53/100
|
|upkeep
|turn|22
|
|t:|1758278292
|move|p2a: Thundre!|Heat Wave|p1a: Raging Bolt
|-resisted|p1a: Raging Bolt
|-damage|p1a: Raging Bolt|10/100
|move|p1a: Raging Bolt|Tera Blast|p2a: Thundre!
|-damage|p2a: Thundre!|7/100
|
|upkeep
|turn|23
|
|t:|1758278302
|move|p2a: Thundre!|Roost|p2a: Thundre!
|-heal|p2a: Thundre!|57/100
|-singleturn|p2a: Thundre!|move: Roost
|move|p1a: Raging Bolt|Tera Blast|p2a: Thundre!
|-damage|p2a: Thundre!|12/100
|
|upkeep
|turn|24
|
|t:|1758278308
|move|p2a: Thundre!|Roost|p2a: Thundre!
|-heal|p2a: Thundre!|62/100
|-singleturn|p2a: Thundre!|move: Roost
|move|p1a: Raging Bolt|Tera Blast|p2a: Thundre!
|-damage|p2a: Thundre!|21/100
|
|upkeep
|turn|25
|c|☆Weavile4smash|where u from?
|
|t:|1758278322
|move|p2a: Thundre!|Roost|p2a: Thundre!
|-heal|p2a: Thundre!|71/100
|-singleturn|p2a: Thundre!|move: Roost
|move|p1a: Raging Bolt|Tera Blast|p2a: Thundre!
|-damage|p2a: Thundre!|25/100
|
|upkeep
|turn|26
|c|☆idonteatpets|india
|
|t:|1758278337
|move|p2a: Thundre!|Heat Wave|p1a: Raging Bolt|[miss]
|-miss|p2a: Thundre!|p1a: Raging Bolt
|move|p1a: Raging Bolt|Tera Blast|p2a: Thundre!
|-damage|p2a: Thundre!|0 fnt
|faint|p2a: Thundre!
|
|upkeep
|c|☆idonteatpets|lol
|c|☆Weavile4smash|:(
|c|☆idonteatpets|:)
|c|☆Weavile4smash|mmm i love indian food
|c|☆idonteatpets|do u
|
|t:|1758278357
|switch|p2a: Venom|Gliscor, M|50/100 psn
|-damage|p2a: Venom|38/100 psn|[from] Stealth Rock
|turn|27
|c|☆idonteatpets|do u love me
|c|☆idonteatpets|are u a man or a woman
|c|☆idonteatpets|also im gonna use TERA BLAST NO NED TO SCOUT OK
|
|t:|1758278373
|move|p2a: Venom|Protect|p2a: Venom
|-singleturn|p2a: Venom|Protect
|move|p1a: Raging Bolt|Tera Blast|p2a: Venom
|-activate|p2a: Venom|move: Protect
|
|-heal|p2a: Venom|50/100 psn|[from] ability: Poison Heal
|upkeep
|turn|28
|c|☆Weavile4smash|oh
|c|☆idonteatpets|SEE
|c|☆idonteatpets|U HEALER
|c|☆idonteatpets|U LIAR
|c|☆Weavile4smash|i read it too late
|c|☆Weavile4smash|trust
|c|☆idonteatpets|no u didnt
|c|☆idonteatpets|liare
|
|t:|1758278387
|move|p2a: Venom|Knock Off|p1a: Raging Bolt
|-damage|p1a: Raging Bolt|0 fnt
|-enditem|p1a: Raging Bolt|Choice Specs|[from] move: Knock Off|[of] p2a: Venom
|faint|p1a: Raging Bolt
|-end|p1a: Raging Bolt|Protosynthesis|[silent]
|
|-heal|p2a: Venom|62/100 psn|[from] ability: Poison Heal
|upkeep
|
|t:|1758278394
|switch|p1a: Kingambit|Kingambit, M, tera:Ghost|100/100
|-activate|p1a: Kingambit|ability: Supreme Overlord
|-start|p1a: Kingambit|fallen5|[silent]
|turn|29
|c|☆Weavile4smash|im a dude my dude
|c|☆idonteatpets|crit
|c|☆idonteatpets|crit
|c|☆idonteatpets|crit
|c|☆idonteatpets|crit
|c|☆idonteatpets|crit
|c|☆idonteatpets|crit
|
|t:|1758278434
|move|p1a: Kingambit|Sucker Punch|p2a: Venom
|-damage|p2a: Venom|26/100 psn
|move|p2a: Venom|Knock Off|p1a: Kingambit
|-supereffective|p1a: Kingambit
|-damage|p1a: Kingambit|70/100
|-enditem|p1a: Kingambit|Leftovers|[from] move: Knock Off|[of] p2a: Venom
|
|-heal|p2a: Venom|38/100 psn|[from] ability: Poison Heal
|upkeep
|turn|30
|c|☆Weavile4smash|no crit
|c|☆idonteatpets|damn
|c|☆idonteatpets|i hate u
|c|☆Weavile4smash|i have hacks preventing crits
|
|t:|1758278451
|move|p2a: Venom|Toxic|p1a: Kingambit
|-status|p1a: Kingambit|tox
|move|p1a: Kingambit|Swords Dance|p1a: Kingambit
|-boost|p1a: Kingambit|atk|2
|
|-heal|p2a: Venom|51/100 psn|[from] ability: Poison Heal
|-damage|p1a: Kingambit|64/100 tox|[from] psn
|upkeep
|turn|31
|c|☆idonteatpets|what hax u have
|
|t:|1758278466
|move|p2a: Venom|Protect|p2a: Venom
|-singleturn|p2a: Venom|Protect
|move|p1a: Kingambit|Sucker Punch||[still]
|-fail|p1a: Kingambit
|
|-heal|p2a: Venom|63/100 psn|[from] ability: Poison Heal
|-damage|p1a: Kingambit|52/100 tox|[from] psn
|upkeep
|turn|32
|c|☆Weavile4smash|anti idonteatpets hax
|c|☆idonteatpets|no dont use that
|
|t:|1758278478
|move|p2a: Venom|Protect||[still]
|-fail|p2a: Venom
|move|p1a: Kingambit|Sucker Punch||[still]
|-fail|p1a: Kingambit
|
|-heal|p2a: Venom|76/100 psn|[from] ability: Poison Heal
|-damage|p1a: Kingambit|33/100 tox|[from] psn
|upkeep
|turn|33
|c|☆idonteatpets|FUCK NU
|c|☆Weavile4smash|teehee
|
|t:|1758278498
|move|p2a: Venom|Protect|p2a: Venom
|-singleturn|p2a: Venom|Protect
|move|p1a: Kingambit|Kowtow Cleave|p2a: Venom
|-activate|p2a: Venom|move: Protect
|
|-heal|p2a: Venom|88/100 psn|[from] ability: Poison Heal
|-damage|p1a: Kingambit|8/100 tox|[from] psn
|upkeep
|turn|34
|
|t:|1758278506
|move|p2a: Venom|Knock Off|p1a: Kingambit
|-supereffective|p1a: Kingambit
|-damage|p1a: Kingambit|0 fnt
|faint|p1a: Kingambit
|-end|p1a: Kingambit|fallen5|[silent]
|
|win|Weavile4smash
|raw|idonteatpets's rating: 1188 &rarr; <strong>1160</strong><br />(-28 for losing)
|raw|Weavile4smash's rating: 1147 &rarr; <strong>1175</strong><br />(+28 for winning)
|c|☆idonteatpets|gg
|c|☆idonteatpets|i hate u
|c|☆Weavile4smash|GGS bro
|c|☆idonteatpets|netherland
|c|☆Weavile4smash|i love u
|c|☆idonteatpets|im banning netherlqand
|c|☆Weavile4smash|noo
|c|☆idonteatpets|im BANING NETHERLAND
|c|☆Weavile4smash|:(
|c|☆idonteatpets|:)
|c|☆Weavile4smash|you make me sad
|c|☆idonteatpets|no more netherland in india
|c|☆Weavile4smash|netherlands is so cool
|c|☆idonteatpets|i have banned it
|c|☆Weavile4smash|we have uhh
|c|☆Weavile4smash|rain
|c|☆idonteatpets|hmm
|c|☆Weavile4smash|and uhh
|c|☆Weavile4smash|water
|c|☆idonteatpets|why arent u a woman
|c|☆idonteatpets|will u become a transwoman for me
|c|☆idonteatpets|to deepen our bond
|c|☆Weavile4smash|hmmm
|c|☆Weavile4smash|this could be cool
|c|☆Weavile4smash|but im too manly to ever be  a woman
|c|☆Weavile4smash|lol
|c|☆Weavile4smash|you could become a transwoman tho
|c|☆idonteatpets|no
|c|☆idonteatpets|u
|c|☆Weavile4smash|then we could truly be together
|c|☆Weavile4smash|aw man
|c|☆idonteatpets|what is the offer
|c|☆idonteatpets|of ur name
|c|☆idonteatpets|if someone gives u a weavile
|c|☆idonteatpets|do u smash them
|c|☆Weavile4smash|yuh
|c|☆Weavile4smash|i touch them
|c|☆Weavile4smash|violently
|c|☆idonteatpets|:(
|c|☆Weavile4smash|>:)
|c|☆Weavile4smash|anyway have a good one my dude
