|j|☆catcat77
|j|☆Barronmaster
|t:|1758324109
|gametype|singles
|player|p1|catcat77|caitlin|1603
|player|p2|Barronmaster|169|1598
|gen|9
|tier|[Gen 9] OU
|rated|
|rule|HP Percentage Mod: HP is shown in percentages
|rule|Endless Battle Clause: Forcing endless battles is banned
|rule|Species Clause: Limit one of each Pokémon
|rule|OHKO Clause: OHKO moves are banned
|rule|Evasion Items Clause: Evasion items are banned
|rule|Evasion Moves Clause: Evasion moves are banned
|rule|Evasion Abilities Clause: Evasion abilities are banned
|rule|Sleep Moves Clause: Sleep-inducing moves are banned
|clearpoke
|poke|p1|Ogerpon-Wellspring, F|
|poke|p1|Kingambit, M|
|poke|p1|Great Tusk|
|poke|p1|Raging Bolt|
|poke|p1|Iron Crown|
|poke|p1|Hatterene, F|
|poke|p2|Hoopa-Unbound|
|poke|p2|Ninetales-Alola, F|
|poke|p2|Slowking-Galar, M|
|poke|p2|Cloyster, M|
|poke|p2|Zoroark, M|
|poke|p2|Indeedee, M|
|teampreview
|
|t:|1758324139
|teamsize|p1|6
|teamsize|p2|6
|start
|switch|p1a: Ogerpon|Ogerpon-Wellspring, F|100/100
|switch|p2a: Hoopa|Hoopa-Unbound|100/100
|turn|1
|
|t:|1758324150
|switch|p2a: Cloyster|Cloyster, M|100/100
|move|p1a: Ogerpon|Ivy Cudgel|p2a: Cloyster|[anim] Ivy Cudgel Water
|-resisted|p2a: Cloyster
|-damage|p2a: Cloyster|75/100
|
|upkeep
|turn|2
|
|t:|1758324160
|-terastallize|p2a: Cloyster|Dragon
|move|p1a: Ogerpon|Horn Leech|p2a: Cloyster
|-resisted|p2a: Cloyster
|-damage|p2a: Cloyster|59/100
|move|p2a: Cloyster|Shell Smash|p2a: Cloyster
|-unboost|p2a: Cloyster|def|1
|-unboost|p2a: Cloyster|spd|1
|-boost|p2a: Cloyster|atk|2
|-boost|p2a: Cloyster|spa|2
|-boost|p2a: Cloyster|spe|2
|
|upkeep
|turn|3
|
|t:|1758324170
|move|p2a: Cloyster|Icicle Spear|p1a: Ogerpon
|-damage|p1a: Ogerpon|67/100
|-damage|p1a: Ogerpon|35/100
|-damage|p1a: Ogerpon|2/100
|-damage|p1a: Ogerpon|0 fnt
|faint|p1a: Ogerpon
|-hitcount|p1: Ogerpon|4
|
|upkeep
|
|t:|1758324187
|switch|p1a: Kingambit|Kingambit, M|100/100
|turn|4
|
|t:|1758324216
|switch|p2a: Hoopa|Hoopa-Unbound|100/100
|move|p1a: Kingambit|Sucker Punch||[still]
|-fail|p1a: Kingambit
|
|upkeep
|turn|5
|
|t:|1758324225
|switch|p1a: Hatterene|Hatterene, F|100/100
|move|p2a: Hoopa|Flamethrower|p1a: Hatterene
|-damage|p1a: Hatterene|65/100
|-damage|p2a: Hoopa|91/100|[from] item: Life Orb
|
|upkeep
|turn|6
|
|t:|1758324230
|move|p2a: Hoopa|Knock Off|p1a: Hatterene
|-damage|p1a: Hatterene|0 fnt
|-enditem|p1a: Hatterene|Choice Specs|[from] move: Knock Off|[of] p2a: Hoopa
|faint|p1a: Hatterene
|-damage|p2a: Hoopa|81/100|[from] item: Life Orb
|
|upkeep
|
|t:|1758324235
|switch|p1a: Iron Crown|Iron Crown|100/100
|turn|7
|
|t:|1758324240
|move|p2a: Hoopa|Sucker Punch|p1a: Iron Crown
|-supereffective|p1a: Iron Crown
|-damage|p1a: Iron Crown|2/100
|-damage|p2a: Hoopa|71/100|[from] item: Life Orb
|move|p1a: Iron Crown|Tachyon Cutter|p2a: Hoopa
|-damage|p2a: Hoopa|0 fnt
|replace|p2a: Zoroark|Zoroark, M
|-end|p2a: Zoroark|Illusion
|faint|p2a: Zoroark
|-hitcount|p2: Zoroark|1
|
|upkeep
|j| Nikator98
|c|☆Barronmaster|Better sucker punch
|
|t:|1758324274
|switch|p2a: Cloyster|Cloyster, M, tera:Dragon|59/100
|turn|8
|
|t:|1758324277
|move|p2a: Cloyster|Ice Shard|p1a: Iron Crown
|-resisted|p1a: Iron Crown
|-damage|p1a: Iron Crown|0 fnt
|faint|p1a: Iron Crown
|-end|p1a: Iron Crown|Quark Drive|[silent]
|
|upkeep
|
|t:|1758324282
|switch|p1a: Great Tusk|Great Tusk|100/100
|turn|9
|
|t:|1758324286
|move|p1a: Great Tusk|Ice Spinner|p2a: Cloyster
|-supereffective|p2a: Cloyster
|-damage|p2a: Cloyster|10/100
|move|p2a: Cloyster|Icicle Spear|p1a: Great Tusk
|-supereffective|p1a: Great Tusk
|-damage|p1a: Great Tusk|86/100
|-supereffective|p1a: Great Tusk
|-damage|p1a: Great Tusk|72/100
|-supereffective|p1a: Great Tusk
|-damage|p1a: Great Tusk|58/100
|-supereffective|p1a: Great Tusk
|-damage|p1a: Great Tusk|43/100
|-supereffective|p1a: Great Tusk
|-damage|p1a: Great Tusk|29/100
|-hitcount|p1a: Great Tusk|5
|
|upkeep
|turn|10
|
|t:|1758324289
|move|p2a: Cloyster|Ice Shard|p1a: Great Tusk
|-supereffective|p1a: Great Tusk
|-damage|p1a: Great Tusk|7/100
|move|p1a: Great Tusk|Rapid Spin|p2a: Cloyster
|-damage|p2a: Cloyster|0 fnt
|-boost|p1a: Great Tusk|spe|1
|faint|p2a: Cloyster
|
|upkeep
|
|t:|1758324296
|switch|p2a: Ninetales|Ninetales-Alola, F|100/100
|-weather|Snowscape|[from] ability: Snow Warning|[of] p2a: Ninetales
|turn|11
|
|t:|1758324303
|move|p1a: Great Tusk|Close Combat|p2a: Ninetales
|-damage|p2a: Ninetales|37/100
|-unboost|p1a: Great Tusk|def|1
|-unboost|p1a: Great Tusk|spd|1
|move|p2a: Ninetales|Blizzard|p1a: Great Tusk
|-supereffective|p1a: Great Tusk
|-damage|p1a: Great Tusk|0 fnt
|faint|p1a: Great Tusk
|-end|p1a: Great Tusk|Protosynthesis|[silent]
|
|-weather|Snowscape|[upkeep]
|upkeep
|inactive|Battle timer is ON: inactive players will automatically lose when time's up. (requested by Barronmaster)
|
|t:|1758324309
|switch|p1a: Raging Bolt|Raging Bolt|100/100
|turn|12
|c|☆Barronmaster|Gg
|
|t:|1758324319
|move|p2a: Ninetales|Aurora Veil|p2a: Ninetales
|-sidestart|p2: Barronmaster|move: Aurora Veil
|move|p1a: Raging Bolt|Calm Mind|p1a: Raging Bolt
|-boost|p1a: Raging Bolt|spa|1
|-boost|p1a: Raging Bolt|spd|1
|
|-weather|Snowscape|[upkeep]
|upkeep
|turn|13
|
|t:|1758324325
|switch|p2a: Indeedee|Indeedee, M|100/100
|-fieldstart|move: Psychic Terrain|[from] ability: Psychic Surge|[of] p2a: Indeedee
|move|p1a: Raging Bolt|Thunderclap||[still]
|-fail|p1a: Raging Bolt
|
|-weather|Snowscape|[upkeep]
|upkeep
|turn|14
|
|t:|1758324350
|-terastallize|p1a: Raging Bolt|Electric
|move|p2a: Indeedee|Expanding Force|p1a: Raging Bolt
|-damage|p1a: Raging Bolt|50/100
|-damage|p2a: Indeedee|91/100|[from] item: Life Orb
|move|p1a: Raging Bolt|Thunderbolt|p2a: Indeedee
|-crit|p2a: Indeedee
|-damage|p2a: Indeedee|0 fnt
|faint|p2a: Indeedee
|
|-weather|Snowscape|[upkeep]
|-heal|p1a: Raging Bolt|56/100|[from] item: Leftovers
|upkeep
|inactive|Barronmaster has 120 seconds left.
|
|t:|1758324368
|switch|p2a: Hoopa|Hoopa-Unbound|100/100
|turn|15
|inactive|Barronmaster has 120 seconds left.
|
|t:|1758324376
|move|p1a: Raging Bolt|Thunderbolt|p2a: Hoopa
|-damage|p2a: Hoopa|75/100
|-status|p2a: Hoopa|par
|move|p2a: Hoopa|Knock Off|p1a: Raging Bolt
|-damage|p1a: Raging Bolt|8/100
|-enditem|p1a: Raging Bolt|Leftovers|[from] move: Knock Off|[of] p2a: Hoopa
|
|-weather|none
|upkeep
|turn|16
|
|t:|1758324390
|move|p1a: Raging Bolt|Draco Meteor|p2a: Hoopa
|-damage|p2a: Hoopa|44/100 par
|-unboost|p1a: Raging Bolt|spa|2
|move|p2a: Hoopa|Drain Punch|p1a: Raging Bolt
|-damage|p1a: Raging Bolt|0 fnt
|-heal|p2a: Hoopa|49/100 par|[from] drain|[of] p1a: Raging Bolt
|faint|p1a: Raging Bolt
|-end|p1a: Raging Bolt|Protosynthesis|[silent]
|
|upkeep
|
|t:|1758324393
|switch|p1a: Kingambit|Kingambit, M|100/100
|turn|17
|
|t:|1758324402
|move|p1a: Kingambit|Iron Head|p2a: Hoopa
|-damage|p2a: Hoopa|9/100 par
|cant|p2a: Hoopa|flinch
|
|-fieldend|move: Psychic Terrain
|upkeep
|turn|18
|
|t:|1758324408
|move|p1a: Kingambit|Iron Head|p2a: Hoopa
|-damage|p2a: Hoopa|0 fnt
|faint|p2a: Hoopa
|
|upkeep
|
|t:|1758324410
|switch|p2a: Ninetales|Ninetales-Alola, F|37/100
|-weather|Snowscape|[from] ability: Snow Warning|[of] p2a: Ninetales
|turn|19
|
|t:|1758324416
|move|p2a: Ninetales|Moonblast|p1a: Kingambit
|-damage|p1a: Kingambit|64/100
|move|p1a: Kingambit|Iron Head|p2a: Ninetales
|-supereffective|p2a: Ninetales
|-damage|p2a: Ninetales|0 fnt
|faint|p2a: Ninetales
|
|-weather|Snowscape|[upkeep]
|-sideend|p2: Barronmaster|move: Aurora Veil
|upkeep
|-message|Barronmaster forfeited.
|
|win|catcat77
|raw|catcat77's rating: 1603 &rarr; <strong>1623</strong><br />(+20 for winning)
|raw|Barronmaster's rating: 1598 &rarr; <strong>1578</strong><br />(-20 for losing)
|l|☆Barronmaster
|player|p2|
|l|☆catcat77
|player|p1|
|l| Nikator98
