|j|☆manambintsoa
|j|☆djams
|t:|1758299354
|gametype|singles
|player|p1|manambintsoa|burglar|1450
|player|p2|djams|265|1427
|gen|9
|tier|[Gen 9] OU
|rated|
|rule|HP Percentage Mod: HP is shown in percentages
|rule|Endless Battle Clause: Forcing endless battles is banned
|rule|Species Clause: Limit one of each Pokémon
|rule|OHKO Clause: OHKO moves are banned
|rule|Evasion Items Clause: Evasion items are banned
|rule|Evasion Moves Clause: Evasion moves are banned
|rule|Evasion Abilities Clause: Evasion abilities are banned
|rule|Sleep Moves Clause: Sleep-inducing moves are banned
|clearpoke
|poke|p1|Zapdos|
|poke|p1|Slowking-Galar, M|
|poke|p1|Dragonite, M|
|poke|p1|Samurott-Hisui, M|
|poke|p1|Iron Treads|
|poke|p1|Tauros-Paldea-Aqua, M|
|poke|p2|Kingdra, F|
|poke|p2|Pelipper, M|
|poke|p2|Barraskewda, F|
|poke|p2|Iron Crown|
|poke|p2|Great Tusk|
|poke|p2|Moltres|
|teampreview
|
|t:|1758299386
|teamsize|p1|6
|teamsize|p2|6
|start
|switch|p1a: Zapdos|Zapdos|100/100
|switch|p2a: KFC|Pelipper, M|100/100
|-weather|RainDance|[from] ability: Drizzle|[of] p2a: KFC
|turn|1
|
|t:|1758299396
|switch|p2a: Sergio Perez|Iron Crown|100/100
|move|p1a: Zapdos|Hurricane|p2a: Sergio Perez
|-resisted|p2a: Sergio Perez
|-damage|p2a: Sergio Perez|86/100
|
|-weather|RainDance|[upkeep]
|upkeep
|turn|2
|
|t:|1758299405
|move|p2a: Sergio Perez|Future Sight|p1a: Zapdos
|-start|p2a: Sergio Perez|move: Future Sight
|move|p1a: Zapdos|Thunder Wave|p2a: Sergio Perez
|-status|p2a: Sergio Perez|par
|
|-weather|RainDance|[upkeep]
|upkeep
|turn|3
|
|t:|1758299412
|move|p1a: Zapdos|U-turn|p2a: Sergio Perez
|-damage|p2a: Sergio Perez|71/100 par
|
|t:|1758299416
|switch|p1a: Samurott|Samurott-Hisui, M, shiny|100/100|[from] U-turn
|cant|p2a: Sergio Perez|par
|
|-weather|RainDance|[upkeep]
|upkeep
|turn|4
|
|t:|1758299423
|-end|p2a: Sergio Perez|Quark Drive|[silent]
|switch|p2a: papou Grill|Moltres|100/100
|move|p1a: Samurott|Ceaseless Edge|p2a: papou Grill|[miss]
|-miss|p1a: Samurott|p2a: papou Grill
|
|-weather|RainDance|[upkeep]
|-end|p1a: Samurott|move: Future Sight
|-immune|p1a: Samurott
|upkeep
|turn|5
|
|t:|1758299434
|switch|p1a: Slowking|Slowking-Galar, M|100/100
|switch|p2a: KFC|Pelipper, M|100/100
|
|-weather|RainDance|[upkeep]
|upkeep
|turn|6
|
|t:|1758299440
|move|p2a: KFC|U-turn|p1a: Slowking
|-damage|p1a: Slowking|90/100
|
|t:|1758299443
|switch|p2a: Sergio Perez|Iron Crown|71/100 par|[from] U-turn
|move|p1a: Slowking|Sludge Bomb|p2a: Sergio Perez
|-immune|p2a: Sergio Perez
|
|-weather|RainDance|[upkeep]
|upkeep
|turn|7
|
|t:|1758299448
|switch|p1a: Samurott|Samurott-Hisui, M, shiny|100/100
|move|p2a: Sergio Perez|Volt Switch|p1a: Samurott
|-supereffective|p1a: Samurott
|-damage|p1a: Samurott|24/100
|
|t:|1758299453
|-end|p2a: Sergio Perez|Quark Drive|[silent]
|switch|p2a: Harengsaur|Barraskewda, F|100/100|[from] Volt Switch
|
|-weather|RainDance|[upkeep]
|upkeep
|turn|8
|
|t:|1758299471
|switch|p1a: Tauros|Tauros-Paldea-Aqua, M|100/100
|-ability|p1a: Tauros|Intimidate|boost
|-unboost|p2a: Harengsaur|atk|1
|move|p2a: Harengsaur|Flip Turn|p1a: Tauros
|-resisted|p1a: Tauros
|-damage|p1a: Tauros|83/100
|
|t:|1758299483
|switch|p2a: papou Grill|Moltres|100/100|[from] Flip Turn
|
|-weather|none
|-heal|p1a: Tauros|89/100|[from] item: Leftovers
|upkeep
|turn|9
|
|t:|1758299493
|switch|p1a: Slowking|Slowking-Galar, M|100/100
|move|p2a: papou Grill|Hurricane|p1a: Slowking|[miss]
|-miss|p2a: papou Grill|p1a: Slowking
|
|upkeep
|turn|10
|
|t:|1758299503
|move|p2a: papou Grill|U-turn|p1a: Slowking
|-crit|p1a: Slowking
|-damage|p1a: Slowking|79/100
|
|t:|1758299507
|switch|p2a: Sergio Perez|Iron Crown|71/100 par|[from] U-turn
|move|p1a: Slowking|Flamethrower|p2a: Sergio Perez
|-supereffective|p2a: Sergio Perez
|-damage|p2a: Sergio Perez|28/100 par
|
|upkeep
|turn|11
|
|t:|1758299521
|-end|p2a: Sergio Perez|Quark Drive|[silent]
|switch|p2a: KFC|Pelipper, M|100/100
|-weather|RainDance|[from] ability: Drizzle|[of] p2a: KFC
|move|p1a: Slowking|Psychic|p2a: KFC
|-damage|p2a: KFC|35/100
|
|-weather|RainDance|[upkeep]
|upkeep
|turn|12
|
|t:|1758299527
|move|p2a: KFC|U-turn|p1a: Slowking
|-damage|p1a: Slowking|69/100
|
|t:|1758299532
|switch|p2a: Vigilance Violet|Kingdra, F, shiny|100/100|[from] U-turn
|move|p1a: Slowking|Psychic|p2a: Vigilance Violet
|-damage|p2a: Vigilance Violet|49/100
|
|-weather|RainDance|[upkeep]
|upkeep
|turn|13
|
|t:|1758299543
|move|p2a: Vigilance Violet|Surf|p1a: Slowking
|-damage|p1a: Slowking|35/100
|move|p1a: Slowking|Psychic|p2a: Vigilance Violet
|-damage|p2a: Vigilance Violet|0 fnt
|faint|p2a: Vigilance Violet
|
|-weather|RainDance|[upkeep]
|upkeep
|
|t:|1758299548
|switch|p2a: Harengsaur|Barraskewda, F|100/100
|turn|14
|
|t:|1758299555
|switch|p1a: Tauros|Tauros-Paldea-Aqua, M|89/100
|-ability|p1a: Tauros|Intimidate|boost
|-unboost|p2a: Harengsaur|atk|1
|move|p2a: Harengsaur|Liquidation|p1a: Tauros
|-resisted|p1a: Tauros
|-damage|p1a: Tauros|65/100
|
|-weather|RainDance|[upkeep]
|-heal|p1a: Tauros|71/100|[from] item: Leftovers
|upkeep
|turn|15
|
|t:|1758299567
|switch|p2a: papou Grill|Moltres|100/100
|move|p1a: Tauros|Trailblaze|p2a: papou Grill
|-resisted|p2a: papou Grill
|-damage|p2a: papou Grill|98/100
|-boost|p1a: Tauros|spe|1
|-status|p1a: Tauros|brn|[from] ability: Flame Body|[of] p2a: papou Grill
|
|-weather|RainDance|[upkeep]
|-heal|p1a: Tauros|77/100 brn|[from] item: Leftovers
|-damage|p1a: Tauros|71/100 brn|[from] brn
|upkeep
|turn|16
|
|t:|1758299576
|move|p1a: Tauros|Raging Bull|p2a: papou Grill
|-supereffective|p2a: papou Grill
|-damage|p2a: papou Grill|66/100
|move|p2a: papou Grill|Hurricane|p1a: Tauros
|-supereffective|p1a: Tauros
|-damage|p1a: Tauros|0 fnt
|faint|p1a: Tauros
|
|-weather|RainDance|[upkeep]
|upkeep
|
|t:|1758299586
|switch|p1a: Samurott|Samurott-Hisui, M, shiny|24/100
|turn|17
|
|t:|1758299590
|move|p1a: Samurott|Aqua Cutter|p2a: papou Grill
|-supereffective|p2a: papou Grill
|-damage|p2a: papou Grill|0 fnt
|faint|p2a: papou Grill
|
|-weather|RainDance|[upkeep]
|upkeep
|
|t:|1758299593
|switch|p2a: Harengsaur|Barraskewda, F|100/100
|turn|18
|
|t:|1758299599
|move|p2a: Harengsaur|Liquidation|p1a: Samurott
|-resisted|p1a: Samurott
|-damage|p1a: Samurott|0 fnt
|faint|p1a: Samurott
|
|-weather|none
|upkeep
|
|t:|1758299604
|switch|p1a: Dragonite|Dragonite, M|100/100
|turn|19
|
|t:|1758299610
|switch|p2a: KFC|Pelipper, M|35/100
|-weather|RainDance|[from] ability: Drizzle|[of] p2a: KFC
|move|p1a: Dragonite|Dragon Dance|p1a: Dragonite
|-boost|p1a: Dragonite|atk|1
|-boost|p1a: Dragonite|spe|1
|
|-weather|RainDance|[upkeep]
|upkeep
|turn|20
|
|t:|1758299621
|move|p1a: Dragonite|Extreme Speed|p2a: KFC
|-damage|p2a: KFC|1/100
|move|p2a: KFC|U-turn|p1a: Dragonite
|-resisted|p1a: Dragonite
|-damage|p1a: Dragonite|98/100
|
|t:|1758299625
|switch|p2a: laj'aipasd'inspi|Great Tusk|100/100|[from] U-turn
|-enditem|p2a: laj'aipasd'inspi|Booster Energy
|-activate|p2a: laj'aipasd'inspi|ability: Protosynthesis|[fromitem]
|-start|p2a: laj'aipasd'inspi|protosynthesisatk
|
|-weather|RainDance|[upkeep]
|upkeep
|turn|21
|
|t:|1758299632
|-terastallize|p1a: Dragonite|Normal
|move|p1a: Dragonite|Ice Spinner|p2a: laj'aipasd'inspi
|-supereffective|p2a: laj'aipasd'inspi
|-damage|p2a: laj'aipasd'inspi|35/100
|move|p2a: laj'aipasd'inspi|Ice Spinner|p1a: Dragonite
|-damage|p1a: Dragonite|56/100
|
|-weather|RainDance|[upkeep]
|upkeep
|turn|22
|
|t:|1758299641
|move|p1a: Dragonite|Ice Spinner|p2a: laj'aipasd'inspi
|-supereffective|p2a: laj'aipasd'inspi
|-damage|p2a: laj'aipasd'inspi|0 fnt
|faint|p2a: laj'aipasd'inspi
|-end|p2a: laj'aipasd'inspi|Protosynthesis|[silent]
|
|-weather|RainDance|[upkeep]
|upkeep
|
|t:|1758299643
|switch|p2a: Harengsaur|Barraskewda, F|100/100
|turn|23
|
|t:|1758299650
|move|p1a: Dragonite|Extreme Speed|p2a: Harengsaur
|-damage|p2a: Harengsaur|0 fnt
|faint|p2a: Harengsaur
|
|-weather|RainDance|[upkeep]
|upkeep
|-message|djams forfeited.
|
|win|manambintsoa
|raw|manambintsoa's rating: 1450 &rarr; <strong>1469</strong><br />(+19 for winning)
|raw|djams's rating: 1427 &rarr; <strong>1408</strong><br />(-19 for losing)
|l|☆djams
|player|p2|
|l|☆manambintsoa
|player|p1|
