|j|☆Aggrhy
|j|☆Legitmon
|t:|1758259292
|gametype|singles
|player|p1|Aggrhy|red-masters|1245
|player|p2|Legitmon|brycenman|1254
|gen|9
|tier|[Gen 9] OU
|rated|
|rule|HP Percentage Mod: HP is shown in percentages
|rule|Endless Battle Clause: Forcing endless battles is banned
|rule|Species Clause: Limit one of each Pokémon
|rule|OHKO Clause: OHKO moves are banned
|rule|Evasion Items Clause: Evasion items are banned
|rule|Evasion Moves Clause: Evasion moves are banned
|rule|Evasion Abilities Clause: Evasion abilities are banned
|rule|Sleep Moves Clause: Sleep-inducing moves are banned
|clearpoke
|poke|p1|Pikachu, M|
|poke|p1|Lokix, M|
|poke|p1|Fezandipiti, M|
|poke|p1|Blastoise, F|
|poke|p1|Flygon, M|
|poke|p1|Vikavolt, M|
|poke|p2|Iron Valiant|
|poke|p2|Kingambit, F|
|poke|p2|Cinderace, M|
|poke|p2|Rotom-Wash|
|poke|p2|Meowscarada, F|
|poke|p2|Great Tusk|
|teampreview
|inactive|Battle timer is ON: inactive players will automatically lose when time's up. (requested by Aggrhy)
|
|t:|1758259303
|teamsize|p1|6
|teamsize|p2|6
|start
|switch|p1a: Flygon|Flygon, M|100/100
|switch|p2a: Usopp|Meowscarada, F|100/100
|turn|1
|
|t:|1758259310
|switch|p1a: Vikavolt|Vikavolt, M|100/100
|move|p2a: Usopp|Triple Axel|p1a: Vikavolt
|-start|p2a: Usopp|typechange|Ice|[from] ability: Protean
|-damage|p1a: Vikavolt|88/100
|-damage|p2a: Usopp|84/100|[from] item: Rocky Helmet|[of] p1a: Vikavolt
|-damage|p1a: Vikavolt|63/100
|-damage|p2a: Usopp|68/100|[from] item: Rocky Helmet|[of] p1a: Vikavolt
|-damage|p1a: Vikavolt|26/100
|-damage|p2a: Usopp|51/100|[from] item: Rocky Helmet|[of] p1a: Vikavolt
|-hitcount|p1a: Vikavolt|3
|
|upkeep
|turn|2
|
|t:|1758259326
|move|p2a: Usopp|Triple Axel|p1a: Vikavolt|[miss]
|-miss|p2a: Usopp|p1a: Vikavolt
|move|p1a: Vikavolt|Sticky Web|p2a: Usopp
|-sidestart|p2: Legitmon|move: Sticky Web
|
|upkeep
|turn|3
|
|t:|1758259333
|move|p2a: Usopp|Triple Axel|p1a: Vikavolt|[miss]
|-miss|p2a: Usopp|p1a: Vikavolt
|move|p1a: Vikavolt|Discharge|p2a: Usopp
|-damage|p2a: Usopp|0 fnt
|faint|p2a: Usopp
|
|upkeep
|
|t:|1758259337
|switch|p2a: Sanji|Cinderace, M|100/100
|turn|4
|
|t:|1758259344
|move|p2a: Sanji|Pyro Ball|p1a: Vikavolt
|-supereffective|p1a: Vikavolt
|-damage|p1a: Vikavolt|0 fnt
|faint|p1a: Vikavolt
|
|upkeep
|
|t:|1758259351
|switch|p1a: Flygon|Flygon, M|100/100
|turn|5
|
|t:|1758259355
|move|p2a: Sanji|Court Change|p2a: Sanji
|-start|p2a: Sanji|typechange|Normal|[from] ability: Libero
|-swapsideconditions
|-activate|p2a: Sanji|move: Court Change
|move|p1a: Flygon|Dragon Dance|p1a: Flygon
|-boost|p1a: Flygon|atk|1
|-boost|p1a: Flygon|spe|1
|
|upkeep
|turn|6
|
|t:|1758259367
|switch|p2a: Nami|Rotom-Wash|100/100
|move|p1a: Flygon|Earthquake|p2a: Nami
|-immune|p2a: Nami|[from] ability: Levitate
|
|upkeep
|turn|7
|
|t:|1758259374
|-terastallize|p1a: Flygon|Fire
|move|p1a: Flygon|Dragon Dance|p1a: Flygon
|-boost|p1a: Flygon|atk|1
|-boost|p1a: Flygon|spe|1
|move|p2a: Nami|Will-O-Wisp|p1a: Flygon
|-immune|p1a: Flygon
|
|upkeep
|turn|8
|
|t:|1758259385
|move|p1a: Flygon|Outrage|p2a: Nami
|-damage|p2a: Nami|0 fnt
|faint|p2a: Nami
|-damage|p1a: Flygon|91/100|[from] item: Life Orb
|
|upkeep
|
|t:|1758259389
|switch|p2a: Monkey D. Luffy|Iron Valiant|100/100
|-enditem|p2a: Monkey D. Luffy|Booster Energy
|-activate|p2a: Monkey D. Luffy|ability: Quark Drive|[fromitem]
|-start|p2a: Monkey D. Luffy|quarkdrivespe
|turn|9
|
|t:|1758259395
|move|p1a: Flygon|Outrage|p2a: Monkey D. Luffy|[from] lockedmove
|-immune|p2a: Monkey D. Luffy
|-start|p1a: Flygon|confusion|[fatigue]
|move|p2a: Monkey D. Luffy|Encore|p1a: Flygon
|-start|p1a: Flygon|Encore
|
|upkeep
|turn|10
|
|t:|1758259404
|switch|p1a: Fezandipiti|Fezandipiti, M|100/100
|-activate|p1a: Fezandipiti|move: Sticky Web
|-unboost|p1a: Fezandipiti|spe|1
|move|p2a: Monkey D. Luffy|Swords Dance|p2a: Monkey D. Luffy
|-boost|p2a: Monkey D. Luffy|atk|2
|
|upkeep
|turn|11
|
|t:|1758259412
|move|p2a: Monkey D. Luffy|Close Combat|p1a: Fezandipiti
|-resisted|p1a: Fezandipiti
|-damage|p1a: Fezandipiti|69/100
|-unboost|p2a: Monkey D. Luffy|def|1
|-unboost|p2a: Monkey D. Luffy|spd|1
|move|p1a: Fezandipiti|Moonblast|p2a: Monkey D. Luffy
|-supereffective|p2a: Monkey D. Luffy
|-damage|p2a: Monkey D. Luffy|0 fnt
|faint|p2a: Monkey D. Luffy
|-end|p2a: Monkey D. Luffy|Quark Drive|[silent]
|
|-heal|p1a: Fezandipiti|75/100|[from] item: Leftovers
|upkeep
|
|t:|1758259416
|switch|p2a: Tony Tony Chopper|Great Tusk|100/100
|turn|12
|
|t:|1758259428
|move|p2a: Tony Tony Chopper|Headlong Rush|p1a: Fezandipiti
|-supereffective|p1a: Fezandipiti
|-damage|p1a: Fezandipiti|0 fnt
|-unboost|p2a: Tony Tony Chopper|def|1
|-unboost|p2a: Tony Tony Chopper|spd|1
|faint|p1a: Fezandipiti
|
|upkeep
|
|t:|1758259435
|switch|p1a: Blastoise|Blastoise, F|100/100
|-activate|p1a: Blastoise|move: Sticky Web
|-unboost|p1a: Blastoise|spe|1
|turn|13
|
|t:|1758259443
|-terastallize|p2a: Tony Tony Chopper|Water
|move|p2a: Tony Tony Chopper|Stealth Rock|p1a: Blastoise
|-sidestart|p1: Aggrhy|move: Stealth Rock
|move|p1a: Blastoise|Rapid Spin|p2a: Tony Tony Chopper
|-damage|p2a: Tony Tony Chopper|94/100
|-boost|p1a: Blastoise|spe|1
|-sideend|p1: Aggrhy|Stealth Rock|[from] move: Rapid Spin|[of] p1a: Blastoise
|-sideend|p1: Aggrhy|Sticky Web|[from] move: Rapid Spin|[of] p1a: Blastoise
|
|-heal|p2a: Tony Tony Chopper|99/100|[from] item: Leftovers
|upkeep
|turn|14
|
|t:|1758259455
|move|p2a: Tony Tony Chopper|Knock Off|p1a: Blastoise
|-damage|p1a: Blastoise|80/100
|-enditem|p1a: Blastoise|Leftovers|[from] move: Knock Off|[of] p2a: Tony Tony Chopper
|move|p1a: Blastoise|Chilling Water|p2a: Tony Tony Chopper
|-resisted|p2a: Tony Tony Chopper
|-damage|p2a: Tony Tony Chopper|84/100
|-unboost|p2a: Tony Tony Chopper|atk|1
|
|-heal|p2a: Tony Tony Chopper|91/100|[from] item: Leftovers
|upkeep
|turn|15
|
|t:|1758259465
|-end|p2a: Tony Tony Chopper|Protosynthesis|[silent]
|switch|p2a: Roronoa Zoro|Kingambit, F|100/100
|-activate|p2a: Roronoa Zoro|ability: Supreme Overlord
|-start|p2a: Roronoa Zoro|fallen3|[silent]
|move|p1a: Blastoise|Body Press|p2a: Roronoa Zoro
|-supereffective|p2a: Roronoa Zoro
|-damage|p2a: Roronoa Zoro|28/100
|
|-heal|p2a: Roronoa Zoro|34/100|[from] item: Leftovers
|upkeep
|turn|16
|
|t:|1758259476
|move|p2a: Roronoa Zoro|Sucker Punch|p1a: Blastoise
|-damage|p1a: Blastoise|39/100
|move|p1a: Blastoise|Body Press|p2a: Roronoa Zoro
|-supereffective|p2a: Roronoa Zoro
|-damage|p2a: Roronoa Zoro|0 fnt
|faint|p2a: Roronoa Zoro
|-end|p2a: Roronoa Zoro|fallen3|[silent]
|
|upkeep
|
|t:|1758259479
|switch|p2a: Sanji|Cinderace, M|100/100
|turn|17
|
|t:|1758259486
|move|p2a: Sanji|High Jump Kick|p1a: Blastoise|[miss]
|-start|p2a: Sanji|typechange|Fighting|[from] ability: Libero
|-miss|p2a: Sanji|p1a: Blastoise
|-damage|p2a: Sanji|51/100|[from] highjumpkick
|move|p1a: Blastoise|Chilling Water|p2a: Sanji
|-damage|p2a: Sanji|29/100
|-unboost|p2a: Sanji|atk|1
|
|upkeep
|turn|18
|
|t:|1758259497
|move|p2a: Sanji|High Jump Kick|p1a: Blastoise
|-damage|p1a: Blastoise|6/100
|move|p1a: Blastoise|Body Press|p2a: Sanji
|-damage|p2a: Sanji|0 fnt
|faint|p2a: Sanji
|
|upkeep
|
|t:|1758259500
|switch|p2a: Tony Tony Chopper|Great Tusk, tera:Water|91/100
|turn|19
|
|t:|1758259507
|move|p2a: Tony Tony Chopper|Knock Off|p1a: Blastoise
|-damage|p1a: Blastoise|0 fnt
|faint|p1a: Blastoise
|
|-heal|p2a: Tony Tony Chopper|97/100|[from] item: Leftovers
|upkeep
|
|t:|1758259514
|switch|p1a: Pikachu|Pikachu, M|100/100
|turn|20
|
|t:|1758259519
|move|p1a: Pikachu|Thunderbolt|p2a: Tony Tony Chopper
|-supereffective|p2a: Tony Tony Chopper
|-damage|p2a: Tony Tony Chopper|0 fnt
|faint|p2a: Tony Tony Chopper
|-end|p2a: Tony Tony Chopper|Protosynthesis|[silent]
|
|win|Aggrhy
|raw|Aggrhy's rating: 1245 &rarr; <strong>1271</strong><br />(+26 for winning)
|raw|Legitmon's rating: 1254 &rarr; <strong>1228</strong><br />(-26 for losing)
|l|☆Legitmon
|player|p2|
|l|☆Aggrhy
|player|p1|
