|j|☆tea chai
|j|‽secondstory
|t:|1758269645
|gametype|singles
|player|p1|tea chai|iris|1466
|player|p2|secondstory|bruno|1545
|gen|9
|tier|[Gen 9] OU
|rated|
|rule|HP Percentage Mod: HP is shown in percentages
|rule|Endless Battle Clause: Forcing endless battles is banned
|rule|Species Clause: Limit one of each Pokémon
|rule|OHKO Clause: OHKO moves are banned
|rule|Evasion Items Clause: Evasion items are banned
|rule|Evasion Moves Clause: Evasion moves are banned
|rule|Evasion Abilities Clause: Evasion abilities are banned
|rule|Sleep Moves Clause: Sleep-inducing moves are banned
|clearpoke
|poke|p1|Corviknight, M|
|poke|p1|Rillaboom, F|
|poke|p1|Iron Moth|
|poke|p1|Iron Treads|
|poke|p1|Primarina, F|
|poke|p1|Scyther, M|
|poke|p2|Pecharunt|
|poke|p2|Iron Crown|
|poke|p2|Great Tusk|
|poke|p2|Zapdos|
|poke|p2|Dragapult, F|
|poke|p2|Lokix, M|
|teampreview
|inactive|Battle timer is ON: inactive players will automatically lose when time's up. (requested by tea chai)
|
|t:|1758269689
|teamsize|p1|6
|teamsize|p2|6
|start
|switch|p1a: Corviknight|Corviknight, M, shiny|100/100
|switch|p2a: Iron Crown|Iron Crown|100/100
|turn|1
|
|t:|1758269694
|move|p2a: Iron Crown|Focus Blast|p1a: Corviknight
|-damage|p1a: Corviknight|59/100
|move|p1a: Corviknight|U-turn|p2a: Iron Crown
|-damage|p2a: Iron Crown|85/100
|
|t:|1758269713
|switch|p1a: Iron Treads|Iron Treads|100/100|[from] U-turn
|
|upkeep
|turn|2
|
|t:|1758269730
|-end|p1a: Iron Treads|Quark Drive|[silent]
|switch|p1a: Iron Moth|Iron Moth|100/100
|move|p2a: Iron Crown|Focus Blast|p1a: Iron Moth|[miss]
|-miss|p2a: Iron Crown|p1a: Iron Moth
|
|upkeep
|turn|3
|
|t:|1758269735
|move|p1a: Iron Moth|Fiery Dance|p2a: Iron Crown
|-supereffective|p2a: Iron Crown
|-damage|p2a: Iron Crown|24/100
|-boost|p1a: Iron Moth|spa|1
|move|p2a: Iron Crown|Psychic Noise|p1a: Iron Moth
|-supereffective|p1a: Iron Moth
|-damage|p1a: Iron Moth|20/100
|-start|p1a: Iron Moth|move: Heal Block
|
|upkeep
|turn|4
|
|t:|1758269747
|-end|p2a: Iron Crown|Quark Drive|[silent]
|switch|p2a: Dragapult|Dragapult, F|100/100
|move|p1a: Iron Moth|Fiery Dance|p2a: Dragapult
|-resisted|p2a: Dragapult
|-damage|p2a: Dragapult|57/100
|
|-end|p1a: Iron Moth|move: Heal Block
|upkeep
|turn|5
|
|t:|1758269757
|-end|p1a: Iron Moth|Quark Drive|[silent]
|switch|p1a: Corviknight|Corviknight, M, shiny|59/100
|move|p2a: Dragapult|Shadow Ball|p1a: Corviknight
|-damage|p1a: Corviknight|10/100
|
|upkeep
|turn|6
|
|t:|1758269761
|move|p2a: Dragapult|Shadow Ball|p1a: Corviknight
|-damage|p1a: Corviknight|0 fnt
|faint|p1a: Corviknight
|
|upkeep
|
|t:|1758269764
|switch|p1a: Rillaboom|Rillaboom, F|100/100
|-fieldstart|move: Grassy Terrain|[from] ability: Grassy Surge|[of] p1a: Rillaboom
|turn|7
|
|t:|1758269768
|move|p2a: Dragapult|Shadow Ball|p1a: Rillaboom
|-damage|p1a: Rillaboom|55/100
|-unboost|p1a: Rillaboom|spd|1
|move|p1a: Rillaboom|Knock Off|p2a: Dragapult
|-supereffective|p2a: Dragapult
|-damage|p2a: Dragapult|0 fnt
|-enditem|p2a: Dragapult|Choice Specs|[from] move: Knock Off|[of] p1a: Rillaboom
|faint|p2a: Dragapult
|
|-heal|p1a: Rillaboom|61/100|[from] Grassy Terrain
|upkeep
|
|t:|1758269772
|switch|p2a: Lokix|Lokix, M|100/100
|turn|8
|
|t:|1758269798
|switch|p1a: Scyther|Scyther, M|100/100
|move|p2a: Lokix|First Impression|p1a: Scyther
|-resisted|p1a: Scyther
|-damage|p1a: Scyther|11/100
|
|upkeep
|turn|9
|
|t:|1758269815
|switch|p2a: Iron Crown|Iron Crown|24/100
|move|p1a: Scyther|Dual Wingbeat|p2a: Iron Crown|[miss]
|-miss|p1a: Scyther|p2a: Iron Crown
|
|-heal|p2a: Iron Crown|31/100|[from] Grassy Terrain
|upkeep
|turn|10
|
|t:|1758269827
|move|p1a: Scyther|Thief|p2a: Iron Crown
|-supereffective|p2a: Iron Crown
|-damage|p2a: Iron Crown|0 fnt
|faint|p2a: Iron Crown
|-end|p2a: Iron Crown|Quark Drive|[silent]
|
|upkeep
|
|t:|1758269835
|switch|p2a: Lokix|Lokix, M|100/100
|turn|11
|
|t:|1758269837
|move|p2a: Lokix|First Impression|p1a: Scyther
|-resisted|p1a: Scyther
|-damage|p1a: Scyther|0 fnt
|faint|p1a: Scyther
|
|-fieldend|move: Grassy Terrain
|upkeep
|
|t:|1758269842
|switch|p1a: Iron Moth|Iron Moth|20/100
|turn|12
|
|t:|1758269855
|switch|p2a: Zapdos|Zapdos|100/100
|move|p1a: Iron Moth|Fiery Dance|p2a: Zapdos
|-damage|p2a: Zapdos|70/100
|-boost|p1a: Iron Moth|spa|1
|
|upkeep
|turn|13
|
|t:|1758269860
|move|p1a: Iron Moth|Sludge Wave|p2a: Zapdos
|-crit|p2a: Zapdos
|-damage|p2a: Zapdos|0 fnt
|faint|p2a: Zapdos
|
|upkeep
|
|t:|1758269863
|switch|p2a: Lokix|Lokix, M|100/100
|turn|14
|
|t:|1758269881
|-end|p1a: Iron Moth|Quark Drive|[silent]
|switch|p1a: Iron Treads|Iron Treads|100/100
|move|p2a: Lokix|First Impression|p1a: Iron Treads
|-resisted|p1a: Iron Treads
|-damage|p1a: Iron Treads|46/100
|
|upkeep
|turn|15
|
|t:|1758269886
|switch|p2a: Great Tusk|Great Tusk|100/100
|move|p1a: Iron Treads|High Horsepower|p2a: Great Tusk
|-damage|p2a: Great Tusk|69/100
|
|upkeep
|turn|16
|
|t:|1758269894
|move|p1a: Iron Treads|Ice Spinner|p2a: Great Tusk
|-supereffective|p2a: Great Tusk
|-damage|p2a: Great Tusk|29/100
|move|p2a: Great Tusk|Stealth Rock|p1a: Iron Treads
|-sidestart|p1: tea chai|move: Stealth Rock
|
|upkeep
|turn|17
|
|t:|1758269902
|move|p1a: Iron Treads|Ice Spinner|p2a: Great Tusk
|-supereffective|p2a: Great Tusk
|-damage|p2a: Great Tusk|0 fnt
|faint|p2a: Great Tusk
|-end|p2a: Great Tusk|Protosynthesis|[silent]
|
|upkeep
|
|t:|1758269905
|switch|p2a: Lokix|Lokix, M|100/100
|turn|18
|
|t:|1758269913
|move|p2a: Lokix|First Impression|p1a: Iron Treads
|-resisted|p1a: Iron Treads
|-damage|p1a: Iron Treads|0 fnt
|faint|p1a: Iron Treads
|-end|p1a: Iron Treads|Quark Drive|[silent]
|
|upkeep
|
|t:|1758269918
|switch|p1a: Iron Moth|Iron Moth|20/100
|turn|19
|
|t:|1758269921
|switch|p2a: Pecharunt|Pecharunt|100/100
|move|p1a: Iron Moth|Fiery Dance|p2a: Pecharunt
|-damage|p2a: Pecharunt|56/100
|-boost|p1a: Iron Moth|spa|1
|
|upkeep
|turn|20
|-message|secondstory forfeited.
|
|win|tea chai
|raw|tea chai's rating: 1466 &rarr; <strong>1490</strong><br />(+24 for winning)
|raw|secondstory's rating: 1545 &rarr; <strong>1521</strong><br />(-24 for losing)
|l|‽secondstory
|player|p2|
|l|☆tea chai
|player|p1|
