|j|☆fashion people时尚人
|j|☆goat68
|t:|1758366396
|gametype|singles
|player|p1|fashion people时尚人|ruinmaniac|1358
|player|p2|goat68|cyclist-gen4|1423
|gen|9
|tier|[Gen 9] OU
|rated|
|rule|HP Percentage Mod: HP is shown in percentages
|rule|Endless Battle Clause: Forcing endless battles is banned
|rule|Species Clause: Limit one of each Pokémon
|rule|OHKO Clause: OHKO moves are banned
|rule|Evasion Items Clause: Evasion items are banned
|rule|Evasion Moves Clause: Evasion moves are banned
|rule|Evasion Abilities Clause: Evasion abilities are banned
|rule|Sleep Moves Clause: Sleep-inducing moves are banned
|clearpoke
|poke|p1|Deoxys-Speed|
|poke|p1|Great Tusk|
|poke|p1|Gholdengo|
|poke|p1|Ogerpon-Wellspring, F|
|poke|p1|Samurott-Hisui, F|
|poke|p1|Dragonite, F|
|poke|p2|Feraligatr, M|
|poke|p2|Tauros, M|
|poke|p2|Copperajah, M|
|poke|p2|Braviary-Hisui, M|
|poke|p2|Kleavor, M|
|poke|p2|Gholdengo|
|teampreview
|inactive|Battle timer is ON: inactive players will automatically lose when time's up. (requested by goat68)
|
|t:|1758366415
|teamsize|p1|6
|teamsize|p2|6
|start
|switch|p1a: Samurott|Samurott-Hisui, F|100/100
|switch|p2a: Kleavor|Kleavor, M|100/100
|turn|1
|
|t:|1758366427
|move|p1a: Samurott|Ceaseless Edge|p2a: Kleavor
|-damage|p2a: Kleavor|30/100
|-sidestart|p2: goat68|Spikes
|move|p2a: Kleavor|Stone Axe|p1a: Samurott|[miss]
|-miss|p2a: Kleavor|p1a: Samurott
|
|upkeep
|turn|2
|
|t:|1758366433
|move|p2a: Kleavor|U-turn|p1a: Samurott
|-supereffective|p1a: Samurott
|-crit|p1a: Samurott
|-damage|p1a: Samurott|0 fnt
|faint|p1a: Samurott
|
|t:|1758366443
|switch|p2a: Braviary|Braviary-Hisui, M|100/100|[from] U-turn
|
|upkeep
|
|t:|1758366447
|switch|p1a: Gholdengo|Gholdengo|100/100
|turn|3
|
|t:|1758366453
|move|p1a: Gholdengo|Shadow Ball|p2a: Braviary
|-supereffective|p2a: Braviary
|-damage|p2a: Braviary|0 fnt
|faint|p2a: Braviary
|
|upkeep
|
|t:|1758366456
|switch|p2a: Tauros|Tauros, M|100/100
|-damage|p2a: Tauros|88/100|[from] Spikes
|turn|4
|
|t:|1758366462
|switch|p1a: Great Tusk|Great Tusk|100/100
|move|p2a: Tauros|Zen Headbutt|p1a: Great Tusk
|-supereffective|p1a: Great Tusk
|-damage|p1a: Great Tusk|50/100
|
|-heal|p1a: Great Tusk|56/100|[from] item: Leftovers
|upkeep
|turn|5
|
|t:|1758366468
|move|p2a: Tauros|Zen Headbutt|p1a: Great Tusk
|-supereffective|p1a: Great Tusk
|-damage|p1a: Great Tusk|6/100
|move|p1a: Great Tusk|Stealth Rock|p2a: Tauros
|-sidestart|p2: goat68|move: Stealth Rock
|
|-heal|p1a: Great Tusk|12/100|[from] item: Leftovers
|upkeep
|turn|6
|
|t:|1758366475
|-end|p1a: Great Tusk|Protosynthesis|[silent]
|switch|p1a: Gholdengo|Gholdengo|100/100
|move|p2a: Tauros|Rock Slide|p1a: Gholdengo|[miss]
|-miss|p2a: Tauros|p1a: Gholdengo
|
|upkeep
|turn|7
|
|t:|1758366481
|move|p1a: Gholdengo|Focus Blast|p2a: Tauros
|-supereffective|p2a: Tauros
|-damage|p2a: Tauros|0 fnt
|faint|p2a: Tauros
|
|upkeep
|
|t:|1758366493
|switch|p2a: Copperajah|Copperajah, M|100/100
|-damage|p2a: Copperajah|88/100|[from] Spikes
|-damage|p2a: Copperajah|82/100|[from] Stealth Rock
|turn|8
|
|t:|1758366498
|move|p1a: Gholdengo|Focus Blast|p2a: Copperajah|[miss]
|-miss|p1a: Gholdengo|p2a: Copperajah
|move|p2a: Copperajah|Heat Crash|p1a: Gholdengo
|-supereffective|p1a: Gholdengo
|-damage|p1a: Gholdengo|0 fnt
|faint|p1a: Gholdengo
|
|upkeep
|
|t:|1758366506
|switch|p1a: Deoxys|Deoxys-Speed|100/100
|-ability|p1a: Deoxys|Pressure
|turn|9
|
|t:|1758366522
|move|p1a: Deoxys|Nasty Plot|p1a: Deoxys
|-boost|p1a: Deoxys|spa|2
|move|p2a: Copperajah|Heavy Slam|p1a: Deoxys
|-damage|p1a: Deoxys|0 fnt
|faint|p1a: Deoxys
|
|upkeep
|
|t:|1758366526
|switch|p1a: Dragonite|Dragonite, F|100/100
|turn|10
|
|t:|1758366531
|-terastallize|p2a: Copperajah|Steel
|move|p1a: Dragonite|Dragon Dance|p1a: Dragonite
|-boost|p1a: Dragonite|atk|1
|-boost|p1a: Dragonite|spe|1
|move|p2a: Copperajah|Heavy Slam|p1a: Dragonite
|-damage|p1a: Dragonite|36/100
|
|upkeep
|turn|11
|
|t:|1758366535
|move|p1a: Dragonite|Earthquake|p2a: Copperajah
|-supereffective|p2a: Copperajah
|-damage|p2a: Copperajah|0 fnt
|faint|p2a: Copperajah
|
|upkeep
|
|t:|1758366540
|switch|p2a: Gholdengo|Gholdengo|100/100
|-damage|p2a: Gholdengo|88/100|[from] Spikes
|-damage|p2a: Gholdengo|82/100|[from] Stealth Rock
|turn|12
|
|t:|1758366544
|move|p1a: Dragonite|Earthquake|p2a: Gholdengo
|-supereffective|p2a: Gholdengo
|-damage|p2a: Gholdengo|3/100
|move|p2a: Gholdengo|Flash Cannon|p1a: Dragonite
|-damage|p1a: Dragonite|0 fnt
|faint|p1a: Dragonite
|
|-heal|p2a: Gholdengo|9/100|[from] item: Leftovers
|upkeep
|
|t:|1758366549
|switch|p1a: Ogerpon|Ogerpon-Wellspring, F|100/100
|turn|13
|
|t:|1758366551
|move|p1a: Ogerpon|Ivy Cudgel|p2a: Gholdengo|[anim] Ivy Cudgel Water
|-damage|p2a: Gholdengo|0 fnt
|faint|p2a: Gholdengo
|
|upkeep
|
|t:|1758366555
|switch|p2a: Feraligatr|Feraligatr, M|100/100
|-damage|p2a: Feraligatr|88/100|[from] Spikes
|-damage|p2a: Feraligatr|76/100|[from] Stealth Rock
|turn|14
|
|t:|1758366559
|move|p1a: Ogerpon|Horn Leech|p2a: Feraligatr
|-supereffective|p2a: Feraligatr
|-damage|p2a: Feraligatr|0 fnt
|faint|p2a: Feraligatr
|
|upkeep
|-message|goat68 forfeited.
|
|win|fashion people时尚人
|raw|fashion people时尚人's rating: 1358 &rarr; <strong>1382</strong><br />(+24 for winning)
|raw|goat68's rating: 1423 &rarr; <strong>1399</strong><br />(-24 for losing)
|l|☆goat68
|player|p2|
|l|☆fashion people时尚人
|player|p1|
