|j|☆snoboardwantr
|j|☆klefki_did_it
|t:|1758290917
|gametype|singles
|player|p1|snoboardwantr|pokemonbreeder-gen4|1276
|player|p2|klefki_did_it|pokemonbreeder-gen4|1314
|gen|9
|tier|[Gen 9] OU
|rated|
|rule|HP Percentage Mod: HP is shown in percentages
|rule|Endless Battle Clause: Forcing endless battles is banned
|rule|Species Clause: Limit one of each Pokémon
|rule|OHKO Clause: OHKO moves are banned
|rule|Evasion Items Clause: Evasion items are banned
|rule|Evasion Moves Clause: Evasion moves are banned
|rule|Evasion Abilities Clause: Evasion abilities are banned
|rule|Sleep Moves Clause: Sleep-inducing moves are banned
|clearpoke
|poke|p1|Garchomp, M|
|poke|p1|Tyranitar, M|
|poke|p1|Gholdengo|
|poke|p1|Conkeldurr, F|
|poke|p1|Clefable, F|
|poke|p1|Mamoswine, F|
|poke|p2|Staraptor, F|
|poke|p2|Kingambit, F|
|poke|p2|Emboar, M|
|poke|p2|Thundurus, M|
|poke|p2|Basculegion, M|
|poke|p2|Rhyperior, M|
|teampreview
|inactive|Battle timer is ON: inactive players will automatically lose when time's up. (requested by klefki_did_it)
|inactive|snoboardwantr has 120 seconds left.
|
|t:|1758290961
|teamsize|p1|6
|teamsize|p2|6
|start
|switch|p1a: Tyranitar|Tyranitar, M|100/100
|switch|p2a: Basculegion|Basculegion, M|100/100
|-weather|Sandstorm|[from] ability: Sand Stream|[of] p1a: Tyranitar
|turn|1
|
|t:|1758290973
|switch|p1a: Garchomp|Garchomp, M|100/100
|move|p2a: Basculegion|Wave Crash|p1a: Garchomp
|-damage|p1a: Garchomp|53/100
|-damage|p2a: Basculegion|88/100|[from] ability: Rough Skin|[of] p1a: Garchomp
|-damage|p2a: Basculegion|72/100|[from] item: Rocky Helmet|[of] p1a: Garchomp
|-damage|p2a: Basculegion|54/100|[from] Recoil
|
|-weather|Sandstorm|[upkeep]
|-damage|p2a: Basculegion|48/100|[from] Sandstorm
|upkeep
|turn|2
|
|t:|1758290984
|move|p2a: Basculegion|Wave Crash|p1a: Garchomp
|-damage|p1a: Garchomp|7/100
|-damage|p2a: Basculegion|36/100|[from] ability: Rough Skin|[of] p1a: Garchomp
|-damage|p2a: Basculegion|19/100|[from] item: Rocky Helmet|[of] p1a: Garchomp
|-damage|p2a: Basculegion|3/100|[from] Recoil
|move|p1a: Garchomp|Earthquake|p2a: Basculegion
|-damage|p2a: Basculegion|0 fnt
|faint|p2a: Basculegion
|
|-weather|Sandstorm|[upkeep]
|upkeep
|
|t:|1758290997
|switch|p2a: Thundurus|Thundurus, M|100/100
|turn|3
|
|t:|1758291005
|switch|p1a: Tyranitar|Tyranitar, M|100/100
|move|p2a: Thundurus|Knock Off|p1a: Tyranitar
|-resisted|p1a: Tyranitar
|-damage|p1a: Tyranitar|83/100
|-enditem|p1a: Tyranitar|Smooth Rock|[from] move: Knock Off|[of] p2a: Thundurus
|
|-weather|Sandstorm|[upkeep]
|-damage|p2a: Thundurus|94/100|[from] Sandstorm
|upkeep
|turn|4
|
|t:|1758291013
|switch|p2a: Rhyperior|Rhyperior, M|100/100
|move|p1a: Tyranitar|Ice Punch|p2a: Rhyperior
|-supereffective|p2a: Rhyperior
|-damage|p2a: Rhyperior|73/100
|
|-weather|Sandstorm|[upkeep]
|upkeep
|turn|5
|
|t:|1758291022
|move|p1a: Tyranitar|Low Kick|p2a: Rhyperior
|-supereffective|p2a: Rhyperior
|-damage|p2a: Rhyperior|30/100
|move|p2a: Rhyperior|Earthquake|p1a: Tyranitar
|-supereffective|p1a: Tyranitar
|-damage|p1a: Tyranitar|0 fnt
|faint|p1a: Tyranitar
|
|-weather|Sandstorm|[upkeep]
|upkeep
|
|t:|1758291026
|switch|p1a: Mamoswine|Mamoswine, F|100/100
|turn|6
|
|t:|1758291035
|move|p1a: Mamoswine|Icicle Crash|p2a: Rhyperior
|-supereffective|p2a: Rhyperior
|-damage|p2a: Rhyperior|0 fnt
|faint|p2a: Rhyperior
|
|-weather|Sandstorm|[upkeep]
|upkeep
|
|t:|1758291044
|switch|p2a: Emboar|Emboar, M, shiny|100/100
|turn|7
|
|t:|1758291050
|-terastallize|p2a: Emboar|Dark
|move|p1a: Mamoswine|Earthquake|p2a: Emboar
|-damage|p2a: Emboar|52/100
|move|p2a: Emboar|Flare Blitz|p1a: Mamoswine
|-supereffective|p1a: Mamoswine
|-damage|p1a: Mamoswine|0 fnt
|faint|p1a: Mamoswine
|-damage|p2a: Emboar|19/100|[from] Recoil
|
|-weather|Sandstorm|[upkeep]
|-damage|p2a: Emboar|13/100|[from] Sandstorm
|upkeep
|
|t:|1758291060
|switch|p1a: Garchomp|Garchomp, M|7/100
|turn|8
|
|t:|1758291063
|switch|p2a: Thundurus|Thundurus, M|94/100
|move|p1a: Garchomp|Stealth Rock|p2a: Thundurus
|-sidestart|p2: klefki_did_it|move: Stealth Rock
|
|-weather|none
|upkeep
|turn|9
|
|t:|1758291074
|move|p2a: Thundurus|Knock Off|p1a: Garchomp
|-damage|p1a: Garchomp|0 fnt
|-damage|p2a: Thundurus|82/100|[from] ability: Rough Skin|[of] p1a: Garchomp
|-damage|p2a: Thundurus|66/100|[from] item: Rocky Helmet|[of] p1a: Garchomp
|-enditem|p1a: Garchomp|Rocky Helmet|[from] move: Knock Off|[of] p2a: Thundurus
|faint|p1a: Garchomp
|
|upkeep
|
|t:|1758291082
|switch|p1a: Clefable|Clefable, F|100/100
|turn|10
|
|t:|1758291093
|move|p2a: Thundurus|Knock Off|p1a: Clefable
|-resisted|p1a: Clefable
|-damage|p1a: Clefable|81/100
|-enditem|p1a: Clefable|Sticky Barb|[from] move: Knock Off|[of] p2a: Thundurus
|move|p1a: Clefable|Knock Off|p2a: Thundurus
|-damage|p2a: Thundurus|42/100
|-enditem|p2a: Thundurus|Choice Band|[from] move: Knock Off|[of] p1a: Clefable
|
|upkeep
|turn|11
|
|t:|1758291104
|move|p2a: Thundurus|Wild Charge|p1a: Clefable
|-damage|p1a: Clefable|46/100
|-damage|p2a: Thundurus|30/100|[from] Recoil
|move|p1a: Clefable|Calm Mind|p1a: Clefable
|-boost|p1a: Clefable|spa|1
|-boost|p1a: Clefable|spd|1
|
|upkeep
|turn|12
|
|t:|1758291113
|move|p2a: Thundurus|Wild Charge|p1a: Clefable
|-damage|p1a: Clefable|13/100
|-damage|p2a: Thundurus|19/100|[from] Recoil
|move|p1a: Clefable|Moonlight|p1a: Clefable
|-heal|p1a: Clefable|63/100
|
|upkeep
|turn|13
|
|t:|1758291120
|move|p2a: Thundurus|Wild Charge|p1a: Clefable
|-damage|p1a: Clefable|32/100
|-damage|p2a: Thundurus|9/100|[from] Recoil
|move|p1a: Clefable|Moonlight|p1a: Clefable
|-heal|p1a: Clefable|82/100
|
|upkeep
|turn|14
|
|t:|1758291127
|move|p2a: Thundurus|Wild Charge|p1a: Clefable
|-damage|p1a: Clefable|51/100
|-damage|p2a: Thundurus|0 fnt|[from] Recoil
|faint|p2a: Thundurus
|move|p1a: Clefable|Moonlight|p1a: Clefable
|-heal|p1a: Clefable|100/100
|
|upkeep
|
|t:|1758291133
|switch|p2a: Kingambit|Kingambit, F|100/100
|-damage|p2a: Kingambit|94/100|[from] Stealth Rock
|-activate|p2a: Kingambit|ability: Supreme Overlord
|-start|p2a: Kingambit|fallen3|[silent]
|turn|15
|
|t:|1758291141
|-terastallize|p1a: Clefable|Fire
|move|p1a: Clefable|Knock Off|p2a: Kingambit
|-resisted|p2a: Kingambit
|-damage|p2a: Kingambit|89/100
|-enditem|p2a: Kingambit|Leftovers|[from] move: Knock Off|[of] p1a: Clefable
|move|p2a: Kingambit|Iron Head|p1a: Clefable
|-resisted|p1a: Clefable
|-damage|p1a: Clefable|77/100
|
|upkeep
|turn|16
|
|t:|1758291152
|move|p1a: Clefable|Moonblast|p2a: Kingambit
|-damage|p2a: Kingambit|40/100
|move|p2a: Kingambit|Substitute|p2a: Kingambit
|-start|p2a: Kingambit|Substitute
|-damage|p2a: Kingambit|15/100
|
|upkeep
|turn|17
|
|t:|1758291160
|move|p2a: Kingambit|Sucker Punch|p1a: Clefable
|-damage|p1a: Clefable|37/100
|move|p1a: Clefable|Moonblast|p2a: Kingambit
|-end|p2a: Kingambit|Substitute
|
|upkeep
|turn|18
|
|t:|1758291167
|move|p1a: Clefable|Moonlight|p1a: Clefable
|-heal|p1a: Clefable|87/100
|move|p2a: Kingambit|Swords Dance|p2a: Kingambit
|-boost|p2a: Kingambit|atk|2
|
|upkeep
|turn|19
|
|t:|1758291171
|move|p2a: Kingambit|Sucker Punch|p1a: Clefable
|-damage|p1a: Clefable|2/100
|move|p1a: Clefable|Moonblast|p2a: Kingambit
|-crit|p2a: Kingambit
|-damage|p2a: Kingambit|0 fnt
|faint|p2a: Kingambit
|-end|p2a: Kingambit|fallen3|[silent]
|
|upkeep
|
|t:|1758291181
|switch|p2a: Staraptor|Staraptor, F|100/100
|-damage|p2a: Staraptor|76/100|[from] Stealth Rock
|turn|20
|
|t:|1758291185
|move|p2a: Staraptor|U-turn|p1a: Clefable
|-resisted|p1a: Clefable
|-damage|p1a: Clefable|0 fnt
|faint|p1a: Clefable
|
|t:|1758291187
|switch|p2a: Emboar|Emboar, M, shiny, tera:Dark|13/100|[from] U-turn
|-damage|p2a: Emboar|1/100|[from] Stealth Rock
|
|upkeep
|
|t:|1758291193
|switch|p1a: Conkeldurr|Conkeldurr, F|100/100
|turn|21
|
|t:|1758291198
|move|p2a: Emboar|Sucker Punch|p1a: Conkeldurr
|-resisted|p1a: Conkeldurr
|-damage|p1a: Conkeldurr|76/100
|move|p1a: Conkeldurr|Mach Punch|p2a: Emboar
|-supereffective|p2a: Emboar
|-damage|p2a: Emboar|0 fnt
|faint|p2a: Emboar
|
|upkeep
|
|t:|1758291201
|switch|p2a: Staraptor|Staraptor, F|76/100
|-damage|p2a: Staraptor|51/100|[from] Stealth Rock
|turn|22
|
|t:|1758291206
|move|p2a: Staraptor|Brave Bird|p1a: Conkeldurr
|-supereffective|p1a: Conkeldurr
|-damage|p1a: Conkeldurr|0 fnt
|faint|p1a: Conkeldurr
|-damage|p2a: Staraptor|23/100|[from] Recoil
|
|upkeep
|
|t:|1758291209
|switch|p1a: Gholdengo|Gholdengo|100/100
|-item|p1a: Gholdengo|Air Balloon
|turn|23
|
|t:|1758291212
|move|p2a: Staraptor|Brave Bird|p1a: Gholdengo
|-resisted|p1a: Gholdengo
|-damage|p1a: Gholdengo|81/100
|-enditem|p1a: Gholdengo|Air Balloon
|-damage|p2a: Staraptor|17/100|[from] Recoil
|move|p1a: Gholdengo|Shadow Ball|p2a: Staraptor
|-immune|p2a: Staraptor
|
|upkeep
|turn|24
|
|t:|1758291217
|move|p2a: Staraptor|Brave Bird|p1a: Gholdengo
|-resisted|p1a: Gholdengo
|-damage|p1a: Gholdengo|62/100
|-damage|p2a: Staraptor|10/100|[from] Recoil
|move|p1a: Gholdengo|Make It Rain|p2a: Staraptor
|-damage|p2a: Staraptor|0 fnt
|-unboost|p1a: Gholdengo|spa|1
|faint|p2a: Staraptor
|
|win|snoboardwantr
|raw|snoboardwantr's rating: 1276 &rarr; <strong>1304</strong><br />(+28 for winning)
|raw|klefki_did_it's rating: 1314 &rarr; <strong>1292</strong><br />(-22 for losing)
|l|☆snoboardwantr
|player|p1|
|l|☆klefki_did_it
|player|p2|
