|j|☆Galliard777
|j|☆ILikeMudkips16
|t:|1758299136
|gametype|singles
|player|p1|Galliard777|aaron|1132
|player|p2|ILikeMudkips16|ninjaboy|1140
|gen|9
|tier|[Gen 9] OU
|rated|
|rule|HP Percentage Mod: HP is shown in percentages
|rule|Endless Battle Clause: Forcing endless battles is banned
|rule|Species Clause: Limit one of each Pokémon
|rule|OHKO Clause: OHKO moves are banned
|rule|Evasion Items Clause: Evasion items are banned
|rule|Evasion Moves Clause: Evasion moves are banned
|rule|Evasion Abilities Clause: Evasion abilities are banned
|rule|Sleep Moves Clause: Sleep-inducing moves are banned
|clearpoke
|poke|p1|Deoxys-Speed|
|poke|p1|Great Tusk|
|poke|p1|Gholdengo|
|poke|p1|Enamorus, F|
|poke|p1|Iron Moth|
|poke|p1|Araquanid, F|
|poke|p2|Quaquaval, M|
|poke|p2|Raging Bolt|
|poke|p2|Kyurem|
|poke|p2|Oricorio-Sensu, M|
|poke|p2|Meloetta|
|poke|p2|Garganacl, M|
|teampreview
|
|t:|1758299154
|teamsize|p1|6
|teamsize|p2|6
|start
|switch|p1a: Araquanid|Araquanid, F|100/100
|switch|p2a: Vocaloid|Meloetta, shiny|100/100
|turn|1
|
|t:|1758299166
|move|p2a: Vocaloid|U-turn|p1a: Araquanid
|-damage|p1a: Araquanid|89/100
|
|t:|1758299171
|switch|p2a: THE ICE AGE|Kyurem, shiny|100/100|[from] U-turn
|-ability|p2a: THE ICE AGE|Pressure
|move|p1a: Araquanid|Infestation|p2a: THE ICE AGE
|-damage|p2a: THE ICE AGE|96/100
|-activate|p2a: THE ICE AGE|move: Infestation|[of] p1a: Araquanid
|
|-heal|p1a: Araquanid|95/100|[from] item: Leftovers
|-damage|p2a: THE ICE AGE|84/100|[from] move: Infestation|[partiallytrapped]
|upkeep
|turn|2
|
|t:|1758299182
|move|p2a: THE ICE AGE|Dragon Dance|p2a: THE ICE AGE
|-boost|p2a: THE ICE AGE|atk|1
|-boost|p2a: THE ICE AGE|spe|1
|move|p1a: Araquanid|Sticky Web|p2a: THE ICE AGE
|-sidestart|p2: ILikeMudkips16|move: Sticky Web
|
|-heal|p1a: Araquanid|100/100|[from] item: Leftovers
|-damage|p2a: THE ICE AGE|72/100|[from] move: Infestation|[partiallytrapped]
|upkeep
|turn|3
|
|t:|1758299189
|move|p2a: THE ICE AGE|Dragon Dance|p2a: THE ICE AGE
|-boost|p2a: THE ICE AGE|atk|1
|-boost|p2a: THE ICE AGE|spe|1
|move|p1a: Araquanid|Surf|p2a: THE ICE AGE
|-resisted|p2a: THE ICE AGE
|-damage|p2a: THE ICE AGE|54/100
|
|-damage|p2a: THE ICE AGE|41/100|[from] move: Infestation|[partiallytrapped]
|upkeep
|turn|4
|
|t:|1758299197
|move|p2a: THE ICE AGE|Stone Edge|p1a: Araquanid
|-supereffective|p1a: Araquanid
|-damage|p1a: Araquanid|0 fnt
|faint|p1a: Araquanid
|
|-end|p2a: THE ICE AGE|Infestation|[partiallytrapped]|[silent]
|upkeep
|
|t:|1758299211
|switch|p1a: Gholdengo|Gholdengo|100/100
|-item|p1a: Gholdengo|Air Balloon
|turn|5
|
|t:|1758299223
|move|p2a: THE ICE AGE|Scale Shot|p1a: Gholdengo
|-resisted|p1a: Gholdengo
|-damage|p1a: Gholdengo|85/100
|-enditem|p1a: Gholdengo|Air Balloon
|-resisted|p1a: Gholdengo
|-damage|p1a: Gholdengo|69/100
|-resisted|p1a: Gholdengo
|-damage|p1a: Gholdengo|55/100
|-resisted|p1a: Gholdengo
|-damage|p1a: Gholdengo|39/100
|-hitcount|p1a: Gholdengo|4
|-unboost|p2a: THE ICE AGE|def|1
|-boost|p2a: THE ICE AGE|spe|1
|move|p1a: Gholdengo|Shadow Ball|p2a: THE ICE AGE
|-damage|p2a: THE ICE AGE|0 fnt
|faint|p2a: THE ICE AGE
|
|upkeep
|
|t:|1758299240
|switch|p2a: zirk|Garganacl, M, shiny|100/100
|-activate|p2a: zirk|move: Sticky Web
|-unboost|p2a: zirk|spe|1
|turn|6
|
|t:|1758299244
|move|p2a: zirk|Protect|p2a: zirk
|-singleturn|p2a: zirk|Protect
|move|p1a: Gholdengo|Make It Rain|p2a: zirk
|-activate|p2a: zirk|move: Protect
|
|upkeep
|turn|7
|
|t:|1758299253
|switch|p2a: Ragebait|Raging Bolt|100/100
|-activate|p2a: Ragebait|move: Sticky Web
|-unboost|p2a: Ragebait|spe|1
|-enditem|p2a: Ragebait|Booster Energy
|-activate|p2a: Ragebait|ability: Protosynthesis|[fromitem]
|-start|p2a: Ragebait|protosynthesisspa
|move|p1a: Gholdengo|Make It Rain|p2a: Ragebait
|-resisted|p2a: Ragebait
|-damage|p2a: Ragebait|75/100
|-unboost|p1a: Gholdengo|spa|1
|
|upkeep
|turn|8
|
|t:|1758299270
|switch|p1a: Great Tusk|Great Tusk|100/100
|-enditem|p1a: Great Tusk|Booster Energy
|-activate|p1a: Great Tusk|ability: Protosynthesis|[fromitem]
|-start|p1a: Great Tusk|protosynthesisatk
|move|p2a: Ragebait|Draco Meteor|p1a: Great Tusk
|-damage|p1a: Great Tusk|0 fnt
|-unboost|p2a: Ragebait|spa|2
|faint|p1a: Great Tusk
|-end|p1a: Great Tusk|Protosynthesis|[silent]
|
|upkeep
|
|t:|1758299284
|switch|p1a: Deoxys|Deoxys-Speed|100/100
|-ability|p1a: Deoxys|Pressure
|turn|9
|
|t:|1758299297
|move|p1a: Deoxys|Dark Pulse|p2a: Ragebait
|-damage|p2a: Ragebait|52/100
|-damage|p1a: Deoxys|91/100|[from] item: Life Orb
|cant|p2a: Ragebait|flinch
|
|upkeep
|turn|10
|
|t:|1758299308
|switch|p1a: Gholdengo|Gholdengo|39/100
|move|p2a: Ragebait|Calm Mind|p2a: Ragebait
|-boost|p2a: Ragebait|spa|1
|-boost|p2a: Ragebait|spd|1
|
|upkeep
|turn|11
|
|t:|1758299322
|move|p2a: Ragebait|Thunderclap|p1a: Gholdengo
|-damage|p1a: Gholdengo|0 fnt
|faint|p1a: Gholdengo
|
|upkeep
|
|t:|1758299333
|switch|p1a: Iron Moth|Iron Moth|100/100
|-enditem|p1a: Iron Moth|Booster Energy
|-activate|p1a: Iron Moth|ability: Quark Drive|[fromitem]
|-start|p1a: Iron Moth|quarkdrivespa
|turn|12
|
|t:|1758299347
|move|p2a: Ragebait|Thunderclap|p1a: Iron Moth
|-damage|p1a: Iron Moth|66/100
|move|p1a: Iron Moth|Dazzling Gleam|p2a: Ragebait
|-supereffective|p2a: Ragebait
|-damage|p2a: Ragebait|7/100
|
|upkeep
|turn|13
|
|t:|1758299355
|move|p2a: Ragebait|Thunderclap|p1a: Iron Moth
|-damage|p1a: Iron Moth|28/100
|move|p1a: Iron Moth|Fiery Dance|p2a: Ragebait
|-resisted|p2a: Ragebait
|-damage|p2a: Ragebait|0 fnt
|faint|p2a: Ragebait
|-end|p2a: Ragebait|Protosynthesis|[silent]
|
|upkeep
|
|t:|1758299371
|switch|p2a: zirk|Garganacl, M, shiny|100/100
|-activate|p2a: zirk|move: Sticky Web
|-unboost|p2a: zirk|spe|1
|turn|14
|
|t:|1758299391
|-end|p1a: Iron Moth|Quark Drive|[silent]
|switch|p1a: Enamorus|Enamorus, F|100/100
|move|p2a: zirk|Salt Cure|p1a: Enamorus
|-supereffective|p1a: Enamorus
|-damage|p1a: Enamorus|60/100
|-start|p1a: Enamorus|Salt Cure
|
|-damage|p1a: Enamorus|48/100|[from] Salt Cure
|upkeep
|turn|15
|
|t:|1758299400
|switch|p1a: Deoxys|Deoxys-Speed|91/100
|-ability|p1a: Deoxys|Pressure
|move|p2a: zirk|Protect||[still]
|-fail|p2a: zirk
|
|upkeep
|turn|16
|
|t:|1758299414
|-terastallize|p1a: Deoxys|Fighting
|move|p1a: Deoxys|Nasty Plot|p1a: Deoxys
|-boost|p1a: Deoxys|spa|2
|move|p2a: zirk|Salt Cure|p1a: Deoxys
|-resisted|p1a: Deoxys
|-damage|p1a: Deoxys|81/100
|-start|p1a: Deoxys|Salt Cure
|
|-damage|p1a: Deoxys|69/100|[from] Salt Cure
|upkeep
|turn|17
|
|t:|1758299424
|move|p2a: zirk|Protect|p2a: zirk
|-singleturn|p2a: zirk|Protect
|move|p1a: Deoxys|Focus Blast|p2a: zirk
|-activate|p2a: zirk|move: Protect
|
|-damage|p1a: Deoxys|56/100|[from] Salt Cure
|upkeep
|turn|18
|
|t:|1758299437
|switch|p2a: Bird Is The Word|Oricorio-Sensu, M|100/100
|move|p1a: Deoxys|Dark Pulse|p2a: Bird Is The Word
|-supereffective|p2a: Bird Is The Word
|-damage|p2a: Bird Is The Word|0 fnt
|faint|p2a: Bird Is The Word
|-damage|p1a: Deoxys|46/100|[from] item: Life Orb
|
|-damage|p1a: Deoxys|34/100|[from] Salt Cure
|upkeep
|
|t:|1758299446
|switch|p2a: zirk|Garganacl, M, shiny|100/100
|-activate|p2a: zirk|move: Sticky Web
|-unboost|p2a: zirk|spe|1
|turn|19
|
|t:|1758299452
|switch|p1a: Enamorus|Enamorus, F|48/100
|move|p2a: zirk|Protect||[still]
|-fail|p2a: zirk
|
|upkeep
|turn|20
|
|t:|1758299457
|-terastallize|p2a: zirk|Flying
|move|p1a: Enamorus|Earth Power|p2a: zirk
|-immune|p2a: zirk
|move|p2a: zirk|Salt Cure|p1a: Enamorus
|-supereffective|p1a: Enamorus
|-damage|p1a: Enamorus|2/100
|-start|p1a: Enamorus|Salt Cure
|
|-damage|p1a: Enamorus|0 fnt|[from] Salt Cure
|faint|p1a: Enamorus
|upkeep
|
|t:|1758299473
|switch|p1a: Deoxys|Deoxys-Speed, tera:Fighting|34/100
|-ability|p1a: Deoxys|Pressure
|turn|21
|
|t:|1758299484
|move|p1a: Deoxys|Nasty Plot|p1a: Deoxys
|-boost|p1a: Deoxys|spa|2
|move|p2a: zirk|Salt Cure|p1a: Deoxys
|-resisted|p1a: Deoxys
|-damage|p1a: Deoxys|25/100
|-start|p1a: Deoxys|Salt Cure
|
|-damage|p1a: Deoxys|13/100|[from] Salt Cure
|upkeep
|turn|22
|
|t:|1758299498
|switch|p1a: Iron Moth|Iron Moth|28/100
|move|p2a: zirk|Protect||[still]
|-fail|p2a: zirk
|
|upkeep
|turn|23
|
|t:|1758299504
|move|p1a: Iron Moth|Fiery Dance|p2a: zirk
|-damage|p2a: zirk|56/100
|-boost|p1a: Iron Moth|spa|1
|move|p2a: zirk|Salt Cure|p1a: Iron Moth
|-supereffective|p1a: Iron Moth
|-damage|p1a: Iron Moth|0 fnt
|faint|p1a: Iron Moth
|-end|p1a: Iron Moth|Quark Drive|[silent]
|
|-heal|p2a: zirk|63/100|[from] item: Leftovers
|upkeep
|
|t:|1758299513
|switch|p1a: Deoxys|Deoxys-Speed, tera:Fighting|13/100
|-ability|p1a: Deoxys|Pressure
|turn|24
|
|t:|1758299516
|move|p1a: Deoxys|Focus Blast|p2a: zirk|[miss]
|-miss|p1a: Deoxys|p2a: zirk
|move|p2a: zirk|Salt Cure|p1a: Deoxys
|-resisted|p1a: Deoxys
|-damage|p1a: Deoxys|3/100
|-start|p1a: Deoxys|Salt Cure
|
|-heal|p2a: zirk|69/100|[from] item: Leftovers
|-damage|p1a: Deoxys|0 fnt|[from] Salt Cure
|faint|p1a: Deoxys
|
|win|ILikeMudkips16
|raw|Galliard777's rating: 1132 &rarr; <strong>1108</strong><br />(-24 for losing)
|raw|ILikeMudkips16's rating: 1140 &rarr; <strong>1164</strong><br />(+24 for winning)
|l|☆Galliard777
|player|p1|
|l|☆ILikeMudkips16
|player|p2|
