|j|☆James1715
|j|☆chenlongzhenniubi
|t:|1758293631
|gametype|singles
|player|p1|James1715|unknown|1185
|player|p2|chenlongzhenniubi|102|1203
|gen|9
|tier|[Gen 9] OU
|rated|
|rule|HP Percentage Mod: HP is shown in percentages
|rule|Endless Battle Clause: Forcing endless battles is banned
|rule|Species Clause: Limit one of each Pokémon
|rule|OHKO Clause: OHKO moves are banned
|rule|Evasion Items Clause: Evasion items are banned
|rule|Evasion Moves Clause: Evasion moves are banned
|rule|Evasion Abilities Clause: Evasion abilities are banned
|rule|Sleep Moves Clause: Sleep-inducing moves are banned
|clearpoke
|poke|p1|Raging Bolt|
|poke|p1|Cinderace, F|
|poke|p1|Greninja-*, M|
|poke|p1|Lokix, F|
|poke|p1|Kingambit, F|
|poke|p1|Haxorus, M|
|poke|p2|Pelipper, M|
|poke|p2|Ogerpon-Wellspring, F|
|poke|p2|Greninja-*, M|
|poke|p2|Ludicolo, M|
|poke|p2|Iron Treads|
|poke|p2|Sandy Shocks|
|teampreview
|
|t:|1758293637
|teamsize|p1|6
|teamsize|p2|6
|start
|switch|p1a: Haxorus|Haxorus, M, shiny|100/100
|switch|p2a: Sandy Shocks|Sandy Shocks|100/100
|-ability|p1a: Haxorus|Mold Breaker
|-enditem|p2a: Sandy Shocks|Booster Energy
|-activate|p2a: Sandy Shocks|ability: Protosynthesis|[fromitem]
|-start|p2a: Sandy Shocks|protosynthesisspa
|turn|1
|
|t:|1758293651
|-terastallize|p2a: Sandy Shocks|Ice
|move|p2a: Sandy Shocks|Tera Blast|p1a: Haxorus|[anim] Tera Blast Ice
|-supereffective|p1a: Haxorus
|-damage|p1a: Haxorus|0 fnt
|faint|p1a: Haxorus
|
|upkeep
|
|t:|1758293661
|switch|p1a: Lokix|Lokix, F|100/100
|turn|2
|
|t:|1758293667
|-end|p2a: Sandy Shocks|Protosynthesis|[silent]
|switch|p2a: Pelipper|Pelipper, M|100/100
|-weather|RainDance|[from] ability: Drizzle|[of] p2a: Pelipper
|move|p1a: Lokix|First Impression|p2a: Pelipper
|-resisted|p2a: Pelipper
|-damage|p2a: Pelipper|55/100
|
|-weather|RainDance|[upkeep]
|upkeep
|turn|3
|
|t:|1758293679
|move|p1a: Lokix|Knock Off|p2a: Pelipper
|-damage|p2a: Pelipper|3/100
|-enditem|p2a: Pelipper|Damp Rock|[from] move: Knock Off|[of] p1a: Lokix
|move|p2a: Pelipper|Hurricane|p1a: Lokix
|-supereffective|p1a: Lokix
|-damage|p1a: Lokix|0 fnt
|faint|p1a: Lokix
|
|-weather|RainDance|[upkeep]
|upkeep
|
|t:|1758293690
|switch|p1a: Greninja|Greninja, M|100/100
|turn|4
|
|t:|1758293695
|switch|p2a: Ogerpon|Ogerpon-Wellspring, F|100/100
|move|p1a: Greninja|Water Shuriken|p2a: Ogerpon
|-immune|p2a: Ogerpon|[from] ability: Water Absorb
|
|-weather|RainDance|[upkeep]
|upkeep
|turn|5
|
|t:|1758293705
|-terastallize|p1a: Greninja|Ghost
|move|p2a: Ogerpon|Swords Dance|p2a: Ogerpon
|-boost|p2a: Ogerpon|atk|2
|move|p1a: Greninja|Ice Beam|p2a: Ogerpon
|-damage|p2a: Ogerpon|67/100
|
|-weather|RainDance|[upkeep]
|upkeep
|turn|6
|
|t:|1758293715
|move|p2a: Ogerpon|Horn Leech|p1a: Greninja
|-damage|p1a: Greninja|0 fnt
|-heal|p2a: Ogerpon|100/100|[from] drain|[of] p1a: Greninja
|faint|p1a: Greninja
|
|-weather|RainDance|[upkeep]
|upkeep
|
|t:|1758293723
|switch|p1a: Raging Bolt|Raging Bolt|100/100
|-enditem|p1a: Raging Bolt|Booster Energy
|-activate|p1a: Raging Bolt|ability: Protosynthesis|[fromitem]
|-start|p1a: Raging Bolt|protosynthesisspa
|turn|7
|
|t:|1758293733
|move|p1a: Raging Bolt|Thunderclap|p2a: Ogerpon
|-crit|p2a: Ogerpon
|-damage|p2a: Ogerpon|6/100
|move|p2a: Ogerpon|Ivy Cudgel|p1a: Raging Bolt|[anim] Ivy Cudgel Water
|-resisted|p1a: Raging Bolt
|-damage|p1a: Raging Bolt|10/100
|
|-weather|RainDance|[upkeep]
|upkeep
|turn|8
|
|t:|1758293745
|move|p2a: Ogerpon|Horn Leech|p1a: Raging Bolt
|-resisted|p1a: Raging Bolt
|-damage|p1a: Raging Bolt|0 fnt
|-heal|p2a: Ogerpon|12/100|[from] drain|[of] p1a: Raging Bolt
|faint|p1a: Raging Bolt
|-end|p1a: Raging Bolt|Protosynthesis|[silent]
|
|-weather|RainDance|[upkeep]
|upkeep
|
|t:|1758293754
|switch|p1a: Cinderace|Cinderace, F|100/100
|turn|9
|
|t:|1758293758
|move|p1a: Cinderace|Sucker Punch|p2a: Ogerpon
|-start|p1a: Cinderace|typechange|Dark|[from] ability: Libero
|-damage|p2a: Ogerpon|0 fnt
|faint|p2a: Ogerpon
|
|-weather|none
|upkeep
|
|t:|1758293761
|switch|p2a: Pelipper|Pelipper, M|3/100
|-weather|RainDance|[from] ability: Drizzle|[of] p2a: Pelipper
|turn|10
|
|t:|1758293770
|move|p1a: Cinderace|Sucker Punch|p2a: Pelipper
|-damage|p2a: Pelipper|0 fnt
|faint|p2a: Pelipper
|
|-weather|RainDance|[upkeep]
|upkeep
|
|t:|1758293777
|switch|p2a: Ludicolo|Ludicolo, M|100/100
|turn|11
|
|t:|1758293781
|move|p1a: Cinderace|Sucker Punch|p2a: Ludicolo
|-damage|p2a: Ludicolo|51/100
|move|p2a: Ludicolo|Focus Blast|p1a: Cinderace
|-supereffective|p1a: Cinderace
|-damage|p1a: Cinderace|0 fnt
|faint|p1a: Cinderace
|
|-weather|RainDance|[upkeep]
|upkeep
|
|t:|1758293790
|switch|p1a: Kingambit|Kingambit, F|100/100
|-activate|p1a: Kingambit|ability: Supreme Overlord
|-start|p1a: Kingambit|fallen5|[silent]
|turn|12
|
|t:|1758293795
|move|p1a: Kingambit|Sucker Punch|p2a: Ludicolo
|-damage|p2a: Ludicolo|0 fnt
|faint|p2a: Ludicolo
|
|-weather|RainDance|[upkeep]
|upkeep
|
|t:|1758293801
|switch|p2a: Iron Treads|Iron Treads|100/100
|-enditem|p2a: Iron Treads|Booster Energy
|-activate|p2a: Iron Treads|ability: Quark Drive|[fromitem]
|-start|p2a: Iron Treads|quarkdriveatk
|turn|13
|
|t:|1758293822
|move|p2a: Iron Treads|Earthquake|p1a: Kingambit
|-supereffective|p1a: Kingambit
|-damage|p1a: Kingambit|0 fnt
|faint|p1a: Kingambit
|-end|p1a: Kingambit|fallen5|[silent]
|
|win|chenlongzhenniubi
|raw|James1715's rating: 1185 &rarr; <strong>1161</strong><br />(-24 for losing)
|raw|chenlongzhenniubi's rating: 1203 &rarr; <strong>1227</strong><br />(+24 for winning)
|l|☆chenlongzhenniubi
|player|p2|
|l|☆James1715
|player|p1|
