|j|☆antzinmypantz
|j|☆RipWyvern21
|t:|1758333315
|gametype|singles
|player|p1|antzinmypantz|101|1321
|player|p2|RipWyvern21|riley|1340
|gen|9
|tier|[Gen 9] OU
|rated|
|rule|HP Percentage Mod: HP is shown in percentages
|rule|Endless Battle Clause: Forcing endless battles is banned
|rule|Species Clause: Limit one of each Pokémon
|rule|OHKO Clause: OHKO moves are banned
|rule|Evasion Items Clause: Evasion items are banned
|rule|Evasion Moves Clause: Evasion moves are banned
|rule|Evasion Abilities Clause: Evasion abilities are banned
|rule|Sleep Moves Clause: Sleep-inducing moves are banned
|clearpoke
|poke|p1|Rillaboom, M|
|poke|p1|Passimian, M|
|poke|p1|Zebstrika, F|
|poke|p1|Vaporeon, F|
|poke|p1|Malamar, F|
|poke|p1|Clefable, F|
|poke|p2|Iron Valiant|
|poke|p2|Garchomp, M|
|poke|p2|Kleavor, M|
|poke|p2|Ceruledge, F|
|poke|p2|Iron Treads|
|poke|p2|Walking Wake|
|teampreview
|
|t:|1758333330
|teamsize|p1|6
|teamsize|p2|6
|start
|switch|p1a: Zebstrika|Zebstrika, F|100/100
|switch|p2a: Kleavor|Kleavor, M|100/100
|turn|1
|
|t:|1758333342
|move|p2a: Kleavor|Stone Axe|p1a: Zebstrika
|-damage|p1a: Zebstrika|0 fnt
|-sidestart|p1: antzinmypantz|move: Stealth Rock
|faint|p1a: Zebstrika
|
|upkeep
|
|t:|1758333350
|switch|p1a: Vaporeon|Vaporeon, F|100/100
|-damage|p1a: Vaporeon|88/100|[from] Stealth Rock
|turn|2
|
|t:|1758333358
|move|p2a: Kleavor|Stone Axe|p1a: Vaporeon
|-damage|p1a: Vaporeon|44/100
|move|p1a: Vaporeon|Scald|p2a: Kleavor
|-supereffective|p2a: Kleavor
|-damage|p2a: Kleavor|4/100
|-status|p2a: Kleavor|brn
|
|-heal|p1a: Vaporeon|50/100|[from] item: Leftovers
|-damage|p2a: Kleavor|0 fnt|[from] brn
|faint|p2a: Kleavor
|upkeep
|
|t:|1758333369
|switch|p2a: Iron Valiant|Iron Valiant, shiny|100/100
|-enditem|p2a: Iron Valiant|Booster Energy
|-activate|p2a: Iron Valiant|ability: Quark Drive|[fromitem]
|-start|p2a: Iron Valiant|quarkdrivespe
|turn|3
|
|t:|1758333379
|move|p1a: Vaporeon|Protect|p1a: Vaporeon
|-singleturn|p1a: Vaporeon|Protect
|move|p2a: Iron Valiant|Leaf Blade|p1a: Vaporeon
|-activate|p1a: Vaporeon|move: Protect
|
|-heal|p1a: Vaporeon|57/100|[from] item: Leftovers
|upkeep
|turn|4
|
|t:|1758333391
|-terastallize|p1a: Vaporeon|Grass
|move|p2a: Iron Valiant|Leaf Blade|p1a: Vaporeon
|-resisted|p1a: Vaporeon
|-damage|p1a: Vaporeon|44/100
|move|p1a: Vaporeon|Wish|p1a: Vaporeon
|
|-heal|p1a: Vaporeon|51/100|[from] item: Leftovers
|upkeep
|turn|5
|
|t:|1758333403
|move|p1a: Vaporeon|Protect|p1a: Vaporeon
|-singleturn|p1a: Vaporeon|Protect
|move|p2a: Iron Valiant|Swords Dance|p2a: Iron Valiant
|-boost|p2a: Iron Valiant|atk|2
|
|-heal|p1a: Vaporeon|100/100|[from] move: Wish|[wisher] Vaporeon
|upkeep
|turn|6
|
|t:|1758333412
|move|p2a: Iron Valiant|Spirit Break|p1a: Vaporeon
|-damage|p1a: Vaporeon|40/100
|-unboost|p1a: Vaporeon|spa|1
|move|p1a: Vaporeon|Haze|p1a: Vaporeon
|-clearallboost
|
|-heal|p1a: Vaporeon|47/100|[from] item: Leftovers
|upkeep
|turn|7
|
|t:|1758333424
|switch|p1a: Clefable|Clefable, F|100/100
|move|p2a: Iron Valiant|Swords Dance|p2a: Iron Valiant
|-boost|p2a: Iron Valiant|atk|2
|
|upkeep
|turn|8
|
|t:|1758333432
|move|p2a: Iron Valiant|Spirit Break|p1a: Clefable
|-crit|p1a: Clefable
|-damage|p1a: Clefable|0 fnt
|faint|p1a: Clefable
|
|upkeep
|-message|antzinmypantz forfeited.
|
|win|RipWyvern21
|raw|antzinmypantz's rating: 1321 &rarr; <strong>1302</strong><br />(-19 for losing)
|raw|RipWyvern21's rating: 1340 &rarr; <strong>1359</strong><br />(+19 for winning)
|l|☆antzinmypantz
|player|p1|
|l|☆RipWyvern21
|player|p2|
