|j|☆playboisant
|j|☆driderwebs
|t:|1758324826
|gametype|singles
|player|p1|playboisant|roxie|1568
|player|p2|driderwebs|101|1659
|gen|9
|tier|[Gen 9] OU
|rated|
|rule|HP Percentage Mod: HP is shown in percentages
|rule|Endless Battle Clause: Forcing endless battles is banned
|rule|Species Clause: Limit one of each Pokémon
|rule|OHKO Clause: OHKO moves are banned
|rule|Evasion Items Clause: Evasion items are banned
|rule|Evasion Moves Clause: Evasion moves are banned
|rule|Evasion Abilities Clause: Evasion abilities are banned
|rule|Sleep Moves Clause: Sleep-inducing moves are banned
|clearpoke
|poke|p1|Emboar, F|
|poke|p1|Haxorus, F|
|poke|p1|Hydreigon, M|
|poke|p1|Zoroark, F|
|poke|p1|Bronzong|
|poke|p1|Bisharp, F|
|poke|p2|Iron Valiant|
|poke|p2|Garganacl, M|
|poke|p2|Moltres|
|poke|p2|Iron Treads|
|poke|p2|Meowscarada, M|
|poke|p2|Araquanid, F|
|teampreview
|
|t:|1758324847
|teamsize|p1|6
|teamsize|p2|6
|start
|switch|p1a: Emboar|Emboar, F, shiny|100/100
|switch|p2a: Meowscarada|Meowscarada, M|100/100
|turn|1
|
|t:|1758324853
|move|p2a: Meowscarada|Knock Off|p1a: Emboar
|-start|p2a: Meowscarada|typechange|Dark|[from] ability: Protean
|-resisted|p1a: Emboar
|-damage|p1a: Emboar|36/100
|replace|p1a: Zoroark|Zoroark, F, shiny
|-end|p1a: Zoroark|Illusion
|-enditem|p1a: Zoroark|Focus Sash|[from] move: Knock Off|[of] p2a: Meowscarada
|move|p1a: Zoroark|Nasty Plot|p1a: Zoroark
|-boost|p1a: Zoroark|spa|2
|
|upkeep
|turn|2
|
|t:|1758324862
|move|p2a: Meowscarada|Knock Off|p1a: Zoroark
|-resisted|p1a: Zoroark
|-damage|p1a: Zoroark|0 fnt
|faint|p1a: Zoroark
|
|upkeep
|
|t:|1758324867
|switch|p1a: Emboar|Emboar, F, shiny|100/100
|turn|3
|
|t:|1758324875
|switch|p2a: Moltres|Moltres|100/100
|move|p1a: Emboar|Head Smash|p2a: Moltres
|-supereffective|p2a: Moltres
|-damage|p2a: Moltres|0 fnt
|faint|p2a: Moltres
|-damage|p1a: Emboar|55/100|[from] Recoil
|
|upkeep
|
|t:|1758324889
|switch|p2a: Garganacl|Garganacl, M|100/100
|turn|4
|
|t:|1758324896
|move|p1a: Emboar|Close Combat|p2a: Garganacl
|-supereffective|p2a: Garganacl
|-damage|p2a: Garganacl|29/100
|-unboost|p1a: Emboar|def|1
|-unboost|p1a: Emboar|spd|1
|move|p2a: Garganacl|Salt Cure|p1a: Emboar
|-damage|p1a: Emboar|31/100
|-start|p1a: Emboar|Salt Cure
|
|-heal|p2a: Garganacl|35/100|[from] item: Leftovers
|-damage|p1a: Emboar|19/100|[from] Salt Cure
|upkeep
|turn|5
|
|t:|1758324905
|-terastallize|p2a: Garganacl|Ghost
|move|p1a: Emboar|Close Combat|p2a: Garganacl
|-immune|p2a: Garganacl
|move|p2a: Garganacl|Recover|p2a: Garganacl
|-heal|p2a: Garganacl|85/100
|
|-heal|p2a: Garganacl|92/100|[from] item: Leftovers
|-damage|p1a: Emboar|6/100|[from] Salt Cure
|upkeep
|turn|6
|
|t:|1758324915
|move|p2a: Garganacl|Protect|p2a: Garganacl
|-singleturn|p2a: Garganacl|Protect
|move|p1a: Emboar|Flare Blitz|p2a: Garganacl
|-activate|p2a: Garganacl|move: Protect
|
|-heal|p2a: Garganacl|98/100|[from] item: Leftovers
|-damage|p1a: Emboar|0 fnt|[from] Salt Cure
|faint|p1a: Emboar
|upkeep
|
|t:|1758324927
|switch|p1a: Hydreigon|Hydreigon, M|100/100
|turn|7
|
|t:|1758324931
|switch|p2a: Araquanid|Araquanid, F|100/100
|move|p1a: Hydreigon|Dark Pulse|p2a: Araquanid
|-damage|p2a: Araquanid|66/100
|
|upkeep
|turn|8
|
|t:|1758324940
|move|p1a: Hydreigon|Dark Pulse|p2a: Araquanid
|-damage|p2a: Araquanid|35/100
|cant|p2a: Araquanid|flinch
|
|upkeep
|turn|9
|
|t:|1758324945
|move|p1a: Hydreigon|Dark Pulse|p2a: Araquanid
|-damage|p2a: Araquanid|3/100
|move|p2a: Araquanid|Leech Life|p1a: Hydreigon
|-supereffective|p1a: Hydreigon
|-damage|p1a: Hydreigon|26/100
|-heal|p2a: Araquanid|39/100|[from] drain|[of] p1a: Hydreigon
|
|upkeep
|turn|10
|
|t:|1758324952
|move|p1a: Hydreigon|Dark Pulse|p2a: Araquanid
|-damage|p2a: Araquanid|8/100
|move|p2a: Araquanid|Leech Life|p1a: Hydreigon
|-supereffective|p1a: Hydreigon
|-damage|p1a: Hydreigon|0 fnt
|-heal|p2a: Araquanid|20/100|[from] drain|[of] p1a: Hydreigon
|faint|p1a: Hydreigon
|
|upkeep
|
|t:|1758324957
|switch|p1a: Haxorus|Haxorus, F, shiny|100/100
|-ability|p1a: Haxorus|Mold Breaker
|turn|11
|
|t:|1758324965
|move|p1a: Haxorus|Dragon Dance|p1a: Haxorus
|-boost|p1a: Haxorus|atk|1
|-boost|p1a: Haxorus|spe|1
|move|p2a: Araquanid|Liquidation|p1a: Haxorus
|-resisted|p1a: Haxorus
|-damage|p1a: Haxorus|62/100
|
|upkeep
|turn|12
|
|t:|1758324973
|move|p1a: Haxorus|Dragon Dance|p1a: Haxorus
|-boost|p1a: Haxorus|atk|1
|-boost|p1a: Haxorus|spe|1
|move|p2a: Araquanid|Liquidation|p1a: Haxorus
|-resisted|p1a: Haxorus
|-damage|p1a: Haxorus|18/100
|
|upkeep
|turn|13
|
|t:|1758324978
|move|p1a: Haxorus|Earthquake|p2a: Araquanid
|-resisted|p2a: Araquanid
|-damage|p2a: Araquanid|0 fnt
|faint|p2a: Araquanid
|-damage|p1a: Haxorus|8/100|[from] item: Life Orb
|
|upkeep
|
|t:|1758324980
|switch|p2a: Garganacl|Garganacl, M, tera:Ghost|98/100
|turn|14
|
|t:|1758324987
|move|p1a: Haxorus|Iron Head|p2a: Garganacl
|-damage|p2a: Garganacl|56/100
|-damage|p1a: Haxorus|0 fnt|[from] item: Life Orb
|faint|p1a: Haxorus
|move|p2a: Garganacl|Recover|p2a: Garganacl
|-heal|p2a: Garganacl|100/100
|
|upkeep
|
|t:|1758324997
|switch|p1a: Bisharp|Bisharp, F, shiny|100/100
|turn|15
|
|t:|1758325000
|move|p1a: Bisharp|Swords Dance|p1a: Bisharp
|-boost|p1a: Bisharp|atk|2
|move|p2a: Garganacl|Salt Cure|p1a: Bisharp
|-resisted|p1a: Bisharp
|-damage|p1a: Bisharp|92/100
|-start|p1a: Bisharp|Salt Cure
|
|-damage|p1a: Bisharp|67/100|[from] Salt Cure
|upkeep
|turn|16
|
|t:|1758325008
|move|p1a: Bisharp|Iron Head|p2a: Garganacl
|-damage|p2a: Garganacl|46/100
|-damage|p1a: Bisharp|57/100|[from] item: Life Orb
|cant|p2a: Garganacl|flinch
|
|-heal|p2a: Garganacl|52/100|[from] item: Leftovers
|-damage|p1a: Bisharp|33/100|[from] Salt Cure
|upkeep
|turn|17
|
|t:|1758325021
|move|p2a: Garganacl|Protect|p2a: Garganacl
|-singleturn|p2a: Garganacl|Protect
|move|p1a: Bisharp|Iron Head|p2a: Garganacl
|-activate|p2a: Garganacl|move: Protect
|
|-heal|p2a: Garganacl|58/100|[from] item: Leftovers
|-damage|p1a: Bisharp|8/100|[from] Salt Cure
|upkeep
|turn|18
|
|t:|1758325028
|switch|p2a: Iron Treads|Iron Treads|100/100
|move|p1a: Bisharp|Iron Head|p2a: Iron Treads
|-resisted|p2a: Iron Treads
|-damage|p2a: Iron Treads|55/100
|-damage|p1a: Bisharp|0 fnt|[from] item: Life Orb
|faint|p1a: Bisharp
|
|upkeep
|
|t:|1758325032
|switch|p1a: Bronzong|Bronzong|100/100
|turn|19
|
|t:|1758325057
|-end|p2a: Iron Treads|Quark Drive|[silent]
|switch|p2a: Meowscarada|Meowscarada, M|100/100
|move|p1a: Bronzong|Iron Defense|p1a: Bronzong
|-boost|p1a: Bronzong|def|2
|
|upkeep
|turn|20
|
|t:|1758325074
|-terastallize|p1a: Bronzong|Fighting
|move|p2a: Meowscarada|Knock Off|p1a: Bronzong
|-start|p2a: Meowscarada|typechange|Dark|[from] ability: Protean
|-resisted|p1a: Bronzong
|-damage|p1a: Bronzong|86/100
|-enditem|p1a: Bronzong|Leftovers|[from] move: Knock Off|[of] p2a: Meowscarada
|move|p1a: Bronzong|Trick Room|p1a: Bronzong
|-fieldstart|move: Trick Room|[of] p1a: Bronzong
|
|upkeep
|turn|21
|
|t:|1758325087
|move|p1a: Bronzong|Iron Defense|p1a: Bronzong
|-boost|p1a: Bronzong|def|2
|move|p2a: Meowscarada|Knock Off|p1a: Bronzong
|-resisted|p1a: Bronzong
|-damage|p1a: Bronzong|80/100
|
|upkeep
|turn|22
|
|t:|1758325091
|move|p1a: Bronzong|Gyro Ball|p2a: Meowscarada
|-damage|p2a: Meowscarada|0 fnt
|faint|p2a: Meowscarada
|
|upkeep
|
|t:|1758325096
|switch|p2a: Iron Valiant|Iron Valiant|100/100
|-enditem|p2a: Iron Valiant|Booster Energy
|-activate|p2a: Iron Valiant|ability: Quark Drive|[fromitem]
|-start|p2a: Iron Valiant|quarkdrivespe
|turn|23
|
|t:|1758325106
|-end|p2a: Iron Valiant|Quark Drive|[silent]
|switch|p2a: Iron Treads|Iron Treads|55/100
|move|p1a: Bronzong|Gyro Ball|p2a: Iron Treads
|-resisted|p2a: Iron Treads
|-damage|p2a: Iron Treads|29/100
|
|upkeep
|turn|24
|
|t:|1758325111
|move|p1a: Bronzong|Body Press|p2a: Iron Treads
|-supereffective|p2a: Iron Treads
|-damage|p2a: Iron Treads|0 fnt
|faint|p2a: Iron Treads
|-end|p2a: Iron Treads|Quark Drive|[silent]
|
|-fieldend|move: Trick Room
|upkeep
|
|t:|1758325114
|switch|p2a: Iron Valiant|Iron Valiant|100/100
|turn|25
|
|t:|1758325121
|move|p2a: Iron Valiant|Moonblast|p1a: Bronzong
|-supereffective|p1a: Bronzong
|-damage|p1a: Bronzong|0 fnt
|faint|p1a: Bronzong
|
|win|driderwebs
|raw|playboisant's rating: 1568 &rarr; <strong>1553</strong><br />(-15 for losing)
|raw|driderwebs's rating: 1659 &rarr; <strong>1674</strong><br />(+15 for winning)
|l|☆playboisant
|player|p1|
|l|☆driderwebs
|player|p2|
