|j|☆Battousai9419
|j|☆Leon717
|t:|1758336397
|gametype|singles
|player|p1|Battousai9419|sage|1152
|player|p2|Leon717|red|1201
|gen|9
|tier|[Gen 9] OU
|rated|
|rule|HP Percentage Mod: HP is shown in percentages
|rule|Endless Battle Clause: Forcing endless battles is banned
|rule|Species Clause: Limit one of each Pokémon
|rule|OHKO Clause: OHKO moves are banned
|rule|Evasion Items Clause: Evasion items are banned
|rule|Evasion Moves Clause: Evasion moves are banned
|rule|Evasion Abilities Clause: Evasion abilities are banned
|rule|Sleep Moves Clause: Sleep-inducing moves are banned
|clearpoke
|poke|p1|Gogoat, M|
|poke|p1|Toucannon, M|
|poke|p1|Slowking-Galar, M|
|poke|p1|Heracross, M|
|poke|p1|Bastiodon, M|
|poke|p1|Basculegion, M|
|poke|p2|Kingambit, M|
|poke|p2|Rillaboom, M|
|poke|p2|Primarina, F|
|poke|p2|Iron Hands|
|poke|p2|Glimmora, F|
|poke|p2|Raging Bolt|
|teampreview
|inactive|Battle timer is ON: inactive players will automatically lose when time's up. (requested by Battousai9419)
|inactive|Battousai9419 has 120 seconds left.
|
|t:|1758336434
|teamsize|p1|6
|teamsize|p2|6
|start
|switch|p1a: Slowking|Slowking-Galar, M|100/100
|switch|p2a: Glimmora|Glimmora, F|100/100
|turn|1
|
|t:|1758336445
|move|p2a: Glimmora|Stealth Rock|p1a: Slowking
|-sidestart|p1: Battousai9419|move: Stealth Rock
|move|p1a: Slowking|Future Sight|p2a: Glimmora
|-start|p1a: Slowking|move: Future Sight
|
|upkeep
|turn|2
|
|t:|1758336455
|move|p2a: Glimmora|Spikes|p1a: Slowking
|-sidestart|p1: Battousai9419|Spikes
|move|p1a: Slowking|Sludge Wave|p2a: Glimmora
|-resisted|p2a: Glimmora
|-damage|p2a: Glimmora|90/100
|
|upkeep
|turn|3
|inactive|Leon717 has 120 seconds left.
|
|t:|1758336489
|move|p2a: Glimmora|Spiky Shield|p2a: Glimmora
|-singleturn|p2a: Glimmora|move: Protect
|move|p1a: Slowking|Flamethrower|p2a: Glimmora
|-activate|p2a: Glimmora|move: Protect
|
|-end|p2a: Glimmora|move: Future Sight
|-supereffective|p2a: Glimmora
|-damage|p2a: Glimmora|0 fnt
|faint|p2a: Glimmora
|upkeep
|inactive|Leon717 has 120 seconds left.
|
|t:|1758336509
|switch|p2a: Kingambit|Kingambit, M|100/100
|-activate|p2a: Kingambit|ability: Supreme Overlord
|-start|p2a: Kingambit|fallen1|[silent]
|turn|4
|
|t:|1758336518
|switch|p1a: Bastiodon|Bastiodon, M|100/100
|-damage|p1a: Bastiodon|94/100|[from] Stealth Rock
|-damage|p1a: Bastiodon|82/100|[from] Spikes
|move|p2a: Kingambit|Swords Dance|p2a: Kingambit
|-boost|p2a: Kingambit|atk|2
|
|-heal|p1a: Bastiodon|88/100|[from] item: Leftovers
|upkeep
|turn|5
|
|t:|1758336529
|move|p2a: Kingambit|Swords Dance|p2a: Kingambit
|-boost|p2a: Kingambit|atk|2
|move|p1a: Bastiodon|Roar|p2a: Kingambit
|-end|p2a: Kingambit|fallen1|[silent]
|drag|p2a: Primarina|Primarina, F|100/100
|
|-heal|p1a: Bastiodon|94/100|[from] item: Leftovers
|upkeep
|turn|6
|inactive|Leon717 has 120 seconds left.
|
|t:|1758336537
|move|p2a: Primarina|Calm Mind|p2a: Primarina
|-boost|p2a: Primarina|spa|1
|-boost|p2a: Primarina|spd|1
|move|p1a: Bastiodon|Stealth Rock|p2a: Primarina
|-sidestart|p2: Leon717|move: Stealth Rock
|
|-heal|p1a: Bastiodon|100/100|[from] item: Leftovers
|upkeep
|turn|7
|inactive|Leon717 has 120 seconds left.
|
|t:|1758336549
|move|p2a: Primarina|Surf|p1a: Bastiodon
|-supereffective|p1a: Bastiodon
|-damage|p1a: Bastiodon|17/100
|move|p1a: Bastiodon|Roar|p2a: Primarina
|drag|p2a: Iron Hands|Iron Hands|100/100
|-damage|p2a: Iron Hands|94/100|[from] Stealth Rock
|
|-heal|p1a: Bastiodon|23/100|[from] item: Leftovers
|upkeep
|turn|8
|inactive|Leon717 has 120 seconds left.
|
|t:|1758336562
|switch|p1a: Slowking|Slowking-Galar, M|100/100
|-damage|p1a: Slowking|88/100|[from] Stealth Rock
|-damage|p1a: Slowking|76/100|[from] Spikes
|-singleturn|p2a: Iron Hands|move: Focus Punch
|move|p2a: Iron Hands|Focus Punch|p1a: Slowking
|-resisted|p1a: Slowking
|-damage|p1a: Slowking|51/100
|
|-heal|p1a: Slowking|57/100|[from] item: Black Sludge
|upkeep
|turn|9
|inactive|Leon717 has 120 seconds left.
|
|t:|1758336578
|move|p2a: Iron Hands|Supercell Slam|p1a: Slowking
|-damage|p1a: Slowking|0 fnt
|faint|p1a: Slowking
|
|upkeep
|inactive|Battousai9419 has 120 seconds left.
|
|t:|1758336623
|switch|p1a: Heracross|Heracross, M|100/100
|-damage|p1a: Heracross|88/100|[from] Stealth Rock
|-damage|p1a: Heracross|76/100|[from] Spikes
|turn|10
|inactive|Leon717 has 120 seconds left.
|
|t:|1758336639
|move|p1a: Heracross|Knock Off|p2a: Iron Hands
|-resisted|p2a: Iron Hands
|-damage|p2a: Iron Hands|82/100
|-enditem|p2a: Iron Hands|Assault Vest|[from] move: Knock Off|[of] p1a: Heracross
|move|p2a: Iron Hands|Supercell Slam|p1a: Heracross
|-damage|p1a: Heracross|0 fnt
|faint|p1a: Heracross
|
|upkeep
|inactive|Battousai9419 has 90 seconds left.
|
|t:|1758336665
|switch|p1a: Bastiodon|Bastiodon, M|23/100
|-damage|p1a: Bastiodon|17/100|[from] Stealth Rock
|-damage|p1a: Bastiodon|4/100|[from] Spikes
|turn|11
|inactive|Battousai9419 has 90 seconds left.
|
|t:|1758336672
|move|p2a: Iron Hands|Drain Punch|p1a: Bastiodon
|-supereffective|p1a: Bastiodon
|-crit|p1a: Bastiodon
|-damage|p1a: Bastiodon|0 fnt
|-heal|p2a: Iron Hands|84/100|[from] drain|[of] p1a: Bastiodon
|faint|p1a: Bastiodon
|
|upkeep
|inactive|Battousai9419 has 90 seconds left.
|
|t:|1758336690
|switch|p1a: Basculegion|Basculegion, M|100/100
|-damage|p1a: Basculegion|88/100|[from] Stealth Rock
|-damage|p1a: Basculegion|76/100|[from] Spikes
|turn|12
|
|t:|1758336699
|move|p1a: Basculegion|Phantom Force||[still]
|-prepare|p1a: Basculegion|Phantom Force
|move|p2a: Iron Hands|Supercell Slam|p1a: Basculegion|[miss]
|-miss|p2a: Iron Hands|p1a: Basculegion
|-damage|p2a: Iron Hands|34/100|[from] supercellslam
|
|upkeep
|turn|13
|inactive|Battousai9419 has 90 seconds left.
|
|t:|1758336708
|move|p1a: Basculegion|Phantom Force|p2a: Iron Hands|[from] lockedmove
|-damage|p2a: Iron Hands|0 fnt
|faint|p2a: Iron Hands
|-end|p2a: Iron Hands|Quark Drive|[silent]
|
|upkeep
|
|t:|1758336715
|switch|p2a: Rillaboom|Rillaboom, M|100/100
|-damage|p2a: Rillaboom|88/100|[from] Stealth Rock
|-fieldstart|move: Grassy Terrain|[from] ability: Grassy Surge|[of] p2a: Rillaboom
|turn|14
|
|t:|1758336722
|switch|p1a: Gogoat|Gogoat, M|100/100
|-damage|p1a: Gogoat|88/100|[from] Stealth Rock
|-damage|p1a: Gogoat|76/100|[from] Spikes
|move|p2a: Rillaboom|Drum Beating|p1a: Gogoat
|-resisted|p1a: Gogoat
|-damage|p1a: Gogoat|59/100
|-unboost|p1a: Gogoat|spe|1
|
|-heal|p2a: Rillaboom|94/100|[from] Grassy Terrain
|-heal|p1a: Gogoat|65/100|[from] Grassy Terrain
|upkeep
|turn|15
|
|t:|1758336738
|move|p2a: Rillaboom|Drain Punch|p1a: Gogoat
|-damage|p1a: Gogoat|47/100
|-heal|p2a: Rillaboom|100/100|[from] drain|[of] p1a: Gogoat
|move|p1a: Gogoat|Aerial Ace|p2a: Rillaboom
|-supereffective|p2a: Rillaboom
|-damage|p2a: Rillaboom|67/100
|
|-heal|p2a: Rillaboom|73/100|[from] Grassy Terrain
|-heal|p1a: Gogoat|53/100|[from] Grassy Terrain
|upkeep
|turn|16
|
|t:|1758336748
|move|p2a: Rillaboom|U-turn|p1a: Gogoat
|-supereffective|p1a: Gogoat
|-crit|p1a: Gogoat
|-damage|p1a: Gogoat|5/100
|
|t:|1758336755
|switch|p2a: Kingambit|Kingambit, M|100/100|[from] U-turn
|-damage|p2a: Kingambit|94/100|[from] Stealth Rock
|-activate|p2a: Kingambit|ability: Supreme Overlord
|-start|p2a: Kingambit|fallen2|[silent]
|move|p1a: Gogoat|Horn Leech|p2a: Kingambit
|-resisted|p2a: Kingambit
|-damage|p2a: Kingambit|73/100
|-heal|p1a: Gogoat|14/100|[from] drain|[of] p2a: Kingambit
|
|-heal|p2a: Kingambit|79/100|[from] Grassy Terrain
|-heal|p1a: Gogoat|20/100|[from] Grassy Terrain
|upkeep
|turn|17
|
|t:|1758336770
|move|p1a: Gogoat|Grassy Glide|p2a: Kingambit
|-resisted|p2a: Kingambit
|-damage|p2a: Kingambit|64/100
|move|p2a: Kingambit|Kowtow Cleave|p1a: Gogoat
|-damage|p1a: Gogoat|0 fnt
|faint|p1a: Gogoat
|
|-heal|p2a: Kingambit|70/100|[from] Grassy Terrain
|upkeep
|
|t:|1758336782
|switch|p1a: Toucannon|Toucannon, M|100/100
|-damage|p1a: Toucannon|75/100|[from] Stealth Rock
|turn|18
|
|t:|1758336791
|-singleturn|p1a: Toucannon|move: Beak Blast
|move|p2a: Kingambit|Sucker Punch|p1a: Toucannon
|-crit|p1a: Toucannon
|-damage|p1a: Toucannon|0 fnt
|-status|p2a: Kingambit|brn
|faint|p1a: Toucannon
|
|-heal|p2a: Kingambit|76/100 brn|[from] Grassy Terrain
|-damage|p2a: Kingambit|70/100 brn|[from] brn
|-fieldend|move: Grassy Terrain
|upkeep
|
|t:|1758336801
|switch|p1a: Basculegion|Basculegion, M|76/100
|-damage|p1a: Basculegion|63/100|[from] Stealth Rock
|-damage|p1a: Basculegion|51/100|[from] Spikes
|turn|19
|
|t:|1758336814
|move|p2a: Kingambit|Sucker Punch|p1a: Basculegion
|-supereffective|p1a: Basculegion
|-damage|p1a: Basculegion|0 fnt
|faint|p1a: Basculegion
|
|win|Leon717
|raw|Battousai9419's rating: 1152 &rarr; <strong>1131</strong><br />(-21 for losing)
|raw|Leon717's rating: 1201 &rarr; <strong>1222</strong><br />(+21 for winning)
|l|☆Battousai9419
|player|p1|
|l|☆Leon717
|player|p2|
