|j|☆goofy02
|j|☆antzinmypantz
|t:|1758331666
|gametype|singles
|player|p1|goofy02|101|1359
|player|p2|antzinmypantz|101|1290
|gen|9
|tier|[Gen 9] OU
|rated|
|rule|HP Percentage Mod: HP is shown in percentages
|rule|Endless Battle Clause: Forcing endless battles is banned
|rule|Species Clause: Limit one of each Pokémon
|rule|OHKO Clause: OHKO moves are banned
|rule|Evasion Items Clause: Evasion items are banned
|rule|Evasion Moves Clause: Evasion moves are banned
|rule|Evasion Abilities Clause: Evasion abilities are banned
|rule|Sleep Moves Clause: Sleep-inducing moves are banned
|clearpoke
|poke|p1|Zapdos|
|poke|p1|Weavile, M|
|poke|p1|Slowking-Galar, F|
|poke|p1|Gliscor, M|
|poke|p1|Ogerpon-Wellspring, F|
|poke|p1|Dragapult, M|
|poke|p2|Rillaboom, F|
|poke|p2|Passimian, M|
|poke|p2|Zebstrika, M|
|poke|p2|Vaporeon, F|
|poke|p2|Malamar, F|
|poke|p2|Clefable, F|
|teampreview
|inactive|Battle timer is ON: inactive players will automatically lose when time's up. (requested by goofy02)
|
|t:|1758331684
|teamsize|p1|6
|teamsize|p2|6
|start
|switch|p1a: Gliscor|Gliscor, M|100/100
|switch|p2a: Zebstrika|Zebstrika, M|100/100
|turn|1
|
|t:|1758331693
|switch|p2a: Vaporeon|Vaporeon, F|100/100
|move|p1a: Gliscor|Stealth Rock|p2a: Vaporeon
|-sidestart|p2: antzinmypantz|move: Stealth Rock
|
|-status|p1a: Gliscor|tox|[from] item: Toxic Orb
|upkeep
|turn|2
|
|t:|1758331700
|switch|p1a: Ogerpon|Ogerpon-Wellspring, F|100/100
|move|p2a: Vaporeon|Scald|p1a: Ogerpon
|-immune|p1a: Ogerpon|[from] ability: Water Absorb
|
|upkeep
|turn|3
|
|t:|1758331712
|switch|p2a: Rillaboom|Rillaboom, F|100/100
|-damage|p2a: Rillaboom|88/100|[from] Stealth Rock
|-fieldstart|move: Grassy Terrain|[from] ability: Grassy Surge|[of] p2a: Rillaboom
|move|p1a: Ogerpon|Spikes|p2a: Rillaboom
|-sidestart|p2: antzinmypantz|Spikes
|
|-heal|p2a: Rillaboom|94/100|[from] Grassy Terrain
|upkeep
|turn|4
|
|t:|1758331718
|move|p1a: Ogerpon|U-turn|p2a: Rillaboom
|-supereffective|p2a: Rillaboom
|-damage|p2a: Rillaboom|31/100
|
|t:|1758331721
|switch|p1a: Zapdos|Zapdos|100/100|[from] U-turn
|move|p2a: Rillaboom|U-turn|p1a: Zapdos
|-resisted|p1a: Zapdos
|-damage|p1a: Zapdos|87/100
|
|t:|1758331732
|switch|p2a: Clefable|Clefable, F|100/100|[from] U-turn
|
|upkeep
|turn|5
|
|t:|1758331736
|move|p1a: Zapdos|Volt Switch|p2a: Clefable
|-damage|p2a: Clefable|81/100
|
|t:|1758331744
|switch|p1a: Slowking|Slowking-Galar, F|100/100|[from] Volt Switch
|move|p2a: Clefable|Stealth Rock|p1a: Slowking
|-sidestart|p1: goofy02|move: Stealth Rock
|
|-heal|p2a: Clefable|87/100|[from] Grassy Terrain
|-heal|p2a: Clefable|93/100|[from] item: Leftovers
|upkeep
|turn|6
|
|t:|1758331750
|move|p2a: Clefable|Thunder Wave|p1a: Slowking
|-status|p1a: Slowking|par
|move|p1a: Slowking|Sludge Bomb|p2a: Clefable
|-supereffective|p2a: Clefable
|-damage|p2a: Clefable|50/100
|
|-heal|p2a: Clefable|56/100|[from] Grassy Terrain
|-heal|p2a: Clefable|62/100|[from] item: Leftovers
|upkeep
|turn|7
|
|t:|1758331758
|move|p2a: Clefable|Moonlight|p2a: Clefable
|-heal|p2a: Clefable|100/100
|move|p1a: Slowking|Sludge Bomb|p2a: Clefable
|-supereffective|p2a: Clefable
|-damage|p2a: Clefable|56/100
|-status|p2a: Clefable|psn
|
|-heal|p2a: Clefable|62/100 psn|[from] Grassy Terrain
|-heal|p2a: Clefable|68/100 psn|[from] item: Leftovers
|-fieldend|move: Grassy Terrain
|upkeep
|turn|8
|
|t:|1758331770
|switch|p2a: Zebstrika|Zebstrika, M|100/100
|move|p1a: Slowking|Sludge Bomb|p2a: Zebstrika
|-damage|p2a: Zebstrika|40/100
|
|upkeep
|turn|9
|
|t:|1758331784
|move|p2a: Zebstrika|High Horsepower|p1a: Slowking
|-supereffective|p1a: Slowking
|-damage|p1a: Slowking|40/100 par
|cant|p1a: Slowking|par
|
|upkeep
|turn|10
|
|t:|1758331794
|switch|p2a: Rillaboom|Rillaboom, F|31/100
|-damage|p2a: Rillaboom|19/100|[from] Stealth Rock
|-damage|p2a: Rillaboom|6/100|[from] Spikes
|-fieldstart|move: Grassy Terrain|[from] ability: Grassy Surge|[of] p2a: Rillaboom
|switch|p1a: Gliscor|Gliscor, M|100/100 tox
|-damage|p1a: Gliscor|88/100 tox|[from] Stealth Rock
|
|-heal|p2a: Rillaboom|13/100|[from] Grassy Terrain
|-heal|p1a: Gliscor|100/100 tox|[from] ability: Poison Heal
|upkeep
|turn|11
|
|t:|1758331798
|move|p2a: Rillaboom|Wood Hammer|p1a: Gliscor
|-damage|p1a: Gliscor|25/100 tox
|-damage|p2a: Rillaboom|0 fnt|[from] Recoil
|faint|p2a: Rillaboom
|move|p1a: Gliscor|Knock Off|p2: Rillaboom|[notarget]
|-fail|p1a: Gliscor
|
|-heal|p1a: Gliscor|38/100 tox|[from] ability: Poison Heal
|upkeep
|
|t:|1758331806
|switch|p2a: Passimian|Passimian, M|100/100
|-damage|p2a: Passimian|94/100|[from] Stealth Rock
|-damage|p2a: Passimian|82/100|[from] Spikes
|turn|12
|
|t:|1758331809
|move|p1a: Gliscor|Protect|p1a: Gliscor
|-singleturn|p1a: Gliscor|Protect
|move|p2a: Passimian|Bulk Up|p2a: Passimian
|-boost|p2a: Passimian|atk|1
|-boost|p2a: Passimian|def|1
|
|-heal|p2a: Passimian|88/100|[from] Grassy Terrain
|-heal|p1a: Gliscor|50/100 tox|[from] ability: Poison Heal
|upkeep
|turn|13
|
|t:|1758331820
|switch|p1a: Dragapult|Dragapult, M|100/100
|-damage|p1a: Dragapult|88/100|[from] Stealth Rock
|move|p2a: Passimian|Knock Off|p1a: Dragapult
|-supereffective|p1a: Dragapult
|-damage|p1a: Dragapult|0 fnt
|-enditem|p1a: Dragapult|Choice Specs|[from] move: Knock Off|[of] p2a: Passimian
|faint|p1a: Dragapult
|
|-heal|p2a: Passimian|94/100|[from] Grassy Terrain
|upkeep
|
|t:|1758331828
|switch|p1a: Weavile|Weavile, M|100/100
|-ability|p1a: Weavile|Pressure
|turn|14
|
|t:|1758331834
|move|p1a: Weavile|Triple Axel|p2a: Passimian
|-damage|p2a: Passimian|87/100
|-damage|p2a: Passimian|73/100
|-damage|p2a: Passimian|53/100
|-hitcount|p2a: Passimian|3
|move|p2a: Passimian|Close Combat|p1a: Weavile
|-supereffective|p1a: Weavile
|-damage|p1a: Weavile|0 fnt
|-unboost|p2a: Passimian|def|1
|-unboost|p2a: Passimian|spd|1
|faint|p1a: Weavile
|
|-heal|p2a: Passimian|59/100|[from] Grassy Terrain
|-fieldend|move: Grassy Terrain
|upkeep
|
|t:|1758331848
|switch|p1a: Ogerpon|Ogerpon-Wellspring, F|100/100
|-damage|p1a: Ogerpon|88/100|[from] Stealth Rock
|turn|15
|
|t:|1758331857
|move|p2a: Passimian|Endure|p2a: Passimian
|-singleturn|p2a: Passimian|move: Endure
|move|p1a: Ogerpon|Ivy Cudgel|p2a: Passimian|[anim] Ivy Cudgel Water
|-activate|p2a: Passimian|move: Endure
|-damage|p2a: Passimian|1/100
|-enditem|p2a: Passimian|Salac Berry|[eat]
|-boost|p2a: Passimian|spe|1|[from] item: Salac Berry
|
|upkeep
|turn|16
|
|t:|1758331865
|move|p2a: Passimian|Close Combat|p1a: Ogerpon
|-damage|p1a: Ogerpon|0 fnt
|-unboost|p2a: Passimian|def|1
|-unboost|p2a: Passimian|spd|1
|faint|p1a: Ogerpon
|
|upkeep
|
|t:|1758331870
|switch|p1a: Zapdos|Zapdos|87/100
|turn|17
|
|t:|1758331875
|move|p2a: Passimian|Knock Off|p1a: Zapdos
|-damage|p1a: Zapdos|55/100
|-status|p2a: Passimian|par|[from] ability: Static|[of] p1a: Zapdos
|-enditem|p1a: Zapdos|Heavy-Duty Boots|[from] move: Knock Off|[of] p2a: Passimian
|move|p1a: Zapdos|Volt Switch|p2a: Passimian
|-damage|p2a: Passimian|0 fnt
|faint|p2a: Passimian
|
|t:|1758331887
|switch|p1a: Slowking|Slowking-Galar, F|73/100 par|[from] Volt Switch
|
|upkeep
|
|t:|1758331893
|switch|p2a: Malamar|Malamar, F|100/100
|-damage|p2a: Malamar|88/100|[from] Stealth Rock
|-damage|p2a: Malamar|76/100|[from] Spikes
|turn|18
|
|t:|1758331907
|move|p2a: Malamar|Switcheroo|p1a: Slowking
|-activate|p2a: Malamar|move: Trick|[of] p1a: Slowking
|-item|p1a: Slowking|Choice Scarf|[from] move: Switcheroo
|-item|p2a: Malamar|Heavy-Duty Boots|[from] move: Switcheroo
|cant|p1a: Slowking|par
|
|upkeep
|turn|19
|
|t:|1758331922
|switch|p1a: Gliscor|Gliscor, M|50/100 tox
|-damage|p1a: Gliscor|38/100 tox|[from] Stealth Rock
|move|p2a: Malamar|Superpower|p1a: Gliscor
|-resisted|p1a: Gliscor
|-damage|p1a: Gliscor|28/100 tox
|-boost|p2a: Malamar|atk|1
|-boost|p2a: Malamar|def|1
|
|-heal|p1a: Gliscor|40/100 tox|[from] ability: Poison Heal
|upkeep
|turn|20
|
|t:|1758331934
|move|p2a: Malamar|Superpower|p1a: Gliscor
|-resisted|p1a: Gliscor
|-damage|p1a: Gliscor|26/100 tox
|-boost|p2a: Malamar|atk|1
|-boost|p2a: Malamar|def|1
|move|p1a: Gliscor|Knock Off|p2a: Malamar
|-damage|p2a: Malamar|63/100
|-enditem|p2a: Malamar|Heavy-Duty Boots|[from] move: Knock Off|[of] p1a: Gliscor
|
|-heal|p1a: Gliscor|39/100 tox|[from] ability: Poison Heal
|upkeep
|turn|21
|
|t:|1758331943
|move|p1a: Gliscor|Protect|p1a: Gliscor
|-singleturn|p1a: Gliscor|Protect
|move|p2a: Malamar|Psycho Cut|p1a: Gliscor
|-activate|p1a: Gliscor|move: Protect
|
|-heal|p1a: Gliscor|51/100 tox|[from] ability: Poison Heal
|upkeep
|turn|22
|
|t:|1758331948
|move|p2a: Malamar|Psycho Cut|p1a: Gliscor
|-damage|p1a: Gliscor|19/100 tox
|move|p1a: Gliscor|Earthquake|p2a: Malamar
|-damage|p2a: Malamar|43/100
|
|-heal|p1a: Gliscor|31/100 tox|[from] ability: Poison Heal
|upkeep
|turn|23
|
|t:|1758331954
|move|p1a: Gliscor|Protect|p1a: Gliscor
|-singleturn|p1a: Gliscor|Protect
|move|p2a: Malamar|Superpower|p1a: Gliscor
|-activate|p1a: Gliscor|move: Protect
|
|-heal|p1a: Gliscor|44/100 tox|[from] ability: Poison Heal
|upkeep
|turn|24
|
|t:|1758331961
|move|p2a: Malamar|Psycho Cut|p1a: Gliscor
|-damage|p1a: Gliscor|9/100 tox
|move|p1a: Gliscor|Earthquake|p2a: Malamar
|-damage|p2a: Malamar|24/100
|
|-heal|p1a: Gliscor|22/100 tox|[from] ability: Poison Heal
|upkeep
|turn|25
|
|t:|1758331964
|move|p1a: Gliscor|Protect|p1a: Gliscor
|-singleturn|p1a: Gliscor|Protect
|move|p2a: Malamar|Psycho Cut|p1a: Gliscor
|-activate|p1a: Gliscor|move: Protect
|
|-heal|p1a: Gliscor|34/100 tox|[from] ability: Poison Heal
|upkeep
|turn|26
|
|t:|1758331981
|switch|p1a: Slowking|Slowking-Galar, F|100/100 par
|-damage|p1a: Slowking|88/100 par|[from] Stealth Rock
|move|p2a: Malamar|Psycho Cut|p1a: Slowking
|-damage|p1a: Slowking|24/100 par
|
|upkeep
|turn|27
|
|t:|1758331991
|move|p2a: Malamar|Knock Off|p1a: Slowking
|-supereffective|p1a: Slowking
|-damage|p1a: Slowking|0 fnt
|-enditem|p1a: Slowking|Choice Scarf|[from] move: Knock Off|[of] p2a: Malamar
|faint|p1a: Slowking
|
|upkeep
|
|t:|1758331993
|switch|p1a: Gliscor|Gliscor, M|34/100 tox
|-damage|p1a: Gliscor|22/100 tox|[from] Stealth Rock
|turn|28
|
|t:|1758331997
|move|p1a: Gliscor|Protect|p1a: Gliscor
|-singleturn|p1a: Gliscor|Protect
|move|p2a: Malamar|Superpower|p1a: Gliscor
|-activate|p1a: Gliscor|move: Protect
|
|-heal|p1a: Gliscor|34/100 tox|[from] ability: Poison Heal
|upkeep
|turn|29
|
|t:|1758332000
|move|p2a: Malamar|Psycho Cut|p1a: Gliscor
|-damage|p1a: Gliscor|0 fnt
|faint|p1a: Gliscor
|
|upkeep
|
|t:|1758332003
|switch|p1a: Zapdos|Zapdos|55/100
|-damage|p1a: Zapdos|31/100|[from] Stealth Rock
|turn|30
|
|t:|1758332004
|move|p2a: Malamar|Knock Off|p1a: Zapdos
|-damage|p1a: Zapdos|0 fnt
|faint|p1a: Zapdos
|
|win|antzinmypantz
|raw|goofy02's rating: 1359 &rarr; <strong>1335</strong><br />(-24 for losing)
|raw|antzinmypantz's rating: 1290 &rarr; <strong>1320</strong><br />(+30 for winning)
|l|☆goofy02
|player|p1|
|c|☆antzinmypantz|gg
|l|☆antzinmypantz
|player|p2|
