|j|☆yanyee
|j|☆JD Doggin'
|t:|1758330225
|gametype|singles
|player|p1|yanyee|janine|1353
|player|p2|JD Doggin'|170|1328
|gen|9
|tier|[Gen 9] OU
|rated|
|rule|HP Percentage Mod: HP is shown in percentages
|rule|Endless Battle Clause: Forcing endless battles is banned
|rule|Species Clause: Limit one of each Pokémon
|rule|OHKO Clause: OHKO moves are banned
|rule|Evasion Items Clause: Evasion items are banned
|rule|Evasion Moves Clause: Evasion moves are banned
|rule|Evasion Abilities Clause: Evasion abilities are banned
|rule|Sleep Moves Clause: Sleep-inducing moves are banned
|clearpoke
|poke|p1|Quagsire, M|
|poke|p1|Corviknight, F|
|poke|p1|Clodsire, M|
|poke|p1|Slowking, M|
|poke|p1|Noivern, F|
|poke|p1|Meowscarada, F|
|poke|p2|Zoroark-Hisui, M|
|poke|p2|Bisharp, M|
|poke|p2|Lilligant-Hisui, F|
|poke|p2|Jirachi|
|poke|p2|Decidueye-Hisui, F|
|poke|p2|Tornadus, M|
|teampreview
|
|t:|1758330254
|teamsize|p1|6
|teamsize|p2|6
|start
|switch|p1a: Noivern|Noivern, F|100/100
|switch|p2a: Bisharp|Bisharp, M, shiny|100/100
|-item|p2a: Bisharp|Focus Sash|[from] ability: Frisk|[of] p1a: Noivern
|turn|1
|
|t:|1758330264
|switch|p1a: Quagsire|Quagsire, M|100/100
|move|p2a: Bisharp|Thunder Wave|p1a: Quagsire
|-immune|p1a: Quagsire
|
|upkeep
|turn|2
|
|t:|1758330271
|move|p2a: Bisharp|Stealth Rock|p1a: Quagsire
|-sidestart|p1: yanyee|move: Stealth Rock
|move|p1a: Quagsire|Earthquake|p2a: Bisharp
|-supereffective|p2a: Bisharp
|-damage|p2a: Bisharp|20/100
|
|upkeep
|turn|3
|
|t:|1758330279
|move|p2a: Bisharp|Iron Head|p1a: Quagsire
|-resisted|p1a: Quagsire
|-damage|p1a: Quagsire|86/100
|move|p1a: Quagsire|Earthquake|p2a: Bisharp
|-supereffective|p2a: Bisharp
|-damage|p2a: Bisharp|0 fnt
|faint|p2a: Bisharp
|
|upkeep
|
|t:|1758330291
|switch|p2a: Decidueye|Decidueye-Hisui, F, shiny|100/100
|turn|4
|
|t:|1758330295
|switch|p1a: Corviknight|Corviknight, F|100/100
|-damage|p1a: Corviknight|88/100|[from] Stealth Rock
|move|p2a: Decidueye|Close Combat|p1a: Corviknight
|-damage|p1a: Corviknight|37/100
|-unboost|p2a: Decidueye|def|1
|-unboost|p2a: Decidueye|spd|1
|-damage|p2a: Decidueye|84/100|[from] item: Rocky Helmet|[of] p1a: Corviknight
|
|upkeep
|turn|5
|
|t:|1758330308
|switch|p1a: Clodsire|Clodsire, M|100/100
|-damage|p1a: Clodsire|94/100|[from] Stealth Rock
|move|p2a: Decidueye|Close Combat|p1a: Clodsire
|-resisted|p1a: Clodsire
|-damage|p1a: Clodsire|51/100
|-unboost|p2a: Decidueye|def|1
|-unboost|p2a: Decidueye|spd|1
|
|upkeep
|turn|6
|
|t:|1758330313
|-terastallize|p2a: Decidueye|Fighting
|move|p2a: Decidueye|Close Combat|p1a: Clodsire
|-resisted|p1a: Clodsire
|-damage|p1a: Clodsire|0 fnt
|-unboost|p2a: Decidueye|def|1
|-unboost|p2a: Decidueye|spd|1
|faint|p1a: Clodsire
|
|upkeep
|-message|yanyee forfeited.
|
|win|JD Doggin'
|raw|yanyee's rating: 1353 &rarr; <strong>1332</strong><br />(-21 for losing)
|raw|JD Doggin&apos;'s rating: 1328 &rarr; <strong>1349</strong><br />(+21 for winning)
|l|☆yanyee
|player|p1|
