|j|☆Hubertbutbetter
|j|☆wiggilydiggily
|t:|1758241340
|gametype|singles
|player|p1|Hubertbutbetter|miku-ghost|1348
|player|p2|wiggilydiggily|170|1308
|gen|9
|tier|[Gen 9] OU
|rated|
|rule|HP Percentage Mod: HP is shown in percentages
|rule|Endless Battle Clause: Forcing endless battles is banned
|rule|Species Clause: Limit one of each Pokémon
|rule|OHKO Clause: OHKO moves are banned
|rule|Evasion Items Clause: Evasion items are banned
|rule|Evasion Moves Clause: Evasion moves are banned
|rule|Evasion Abilities Clause: Evasion abilities are banned
|rule|Sleep Moves Clause: Sleep-inducing moves are banned
|clearpoke
|poke|p1|Hoopa-Unbound|
|poke|p1|Alomomola, F|
|poke|p1|Thundurus-Therian, M|
|poke|p1|Scizor, M|
|poke|p1|Cinderace, M|
|poke|p1|Iron Valiant|
|poke|p2|Wigglytuff, M|
|poke|p2|Raging Bolt|
|poke|p2|Great Tusk|
|poke|p2|Heatran, F|
|poke|p2|Ogerpon-Wellspring, F|
|poke|p2|Moltres|
|teampreview
|
|t:|1758241362
|teamsize|p1|6
|teamsize|p2|6
|start
|switch|p1a: Thundurus|Thundurus-Therian, M|100/100
|switch|p2a: Moltres|Moltres|100/100
|turn|1
|
|t:|1758241377
|switch|p2a: Great Tusk|Great Tusk|100/100
|-terastallize|p1a: Thundurus|Flying
|move|p1a: Thundurus|Tera Blast|p2a: Great Tusk|[anim] Tera Blast Flying
|-supereffective|p2a: Great Tusk
|-damage|p2a: Great Tusk|0 fnt
|faint|p2a: Great Tusk
|-end|p2a: Great Tusk|Protosynthesis|[silent]
|
|upkeep
|c|☆Hubertbutbetter|thanks queen
|c|☆wiggilydiggily|for what
|
|t:|1758241450
|switch|p2a: Raging Bolt|Raging Bolt|100/100
|-enditem|p2a: Raging Bolt|Booster Energy
|-activate|p2a: Raging Bolt|ability: Protosynthesis|[fromitem]
|-start|p2a: Raging Bolt|protosynthesisspa
|turn|2
|
|t:|1758241456
|switch|p1a: Iron Valiant|Iron Valiant, shiny|100/100
|-enditem|p1a: Iron Valiant|Booster Energy
|-activate|p1a: Iron Valiant|ability: Quark Drive|[fromitem]
|-start|p1a: Iron Valiant|quarkdrivespe
|move|p2a: Raging Bolt|Thunderbolt|p1a: Iron Valiant
|-damage|p1a: Iron Valiant|0 fnt
|faint|p1a: Iron Valiant
|-end|p1a: Iron Valiant|Quark Drive|[silent]
|
|upkeep
|c|☆Hubertbutbetter|the free ko
|
|t:|1758241466
|switch|p1a: Hoopa|Hoopa-Unbound|100/100
|turn|3
|c|☆wiggilydiggily|your welcome
|
|t:|1758241480
|move|p2a: Raging Bolt|Thunderbolt|p1a: Hoopa
|-damage|p1a: Hoopa|64/100
|move|p1a: Hoopa|Hyperspace Fury|p2a: Raging Bolt
|-damage|p2a: Raging Bolt|47/100
|-unboost|p1a: Hoopa|def|1
|
|upkeep
|turn|4
|
|t:|1758241492
|move|p2a: Raging Bolt|Dragon Pulse|p1a: Hoopa
|-damage|p1a: Hoopa|29/100
|move|p1a: Hoopa|Psychic|p2a: Raging Bolt
|-crit|p2a: Raging Bolt
|-damage|p2a: Raging Bolt|0 fnt
|faint|p2a: Raging Bolt
|-end|p2a: Raging Bolt|Protosynthesis|[silent]
|
|upkeep
|
|t:|1758241505
|switch|p2a: Ogerpon|Ogerpon-Wellspring, F|100/100
|turn|5
|
|t:|1758241509
|move|p2a: Ogerpon|Trailblaze|p1a: Hoopa
|-damage|p1a: Hoopa|0 fnt
|-boost|p2a: Ogerpon|spe|1
|faint|p1a: Hoopa
|
|upkeep
|
|t:|1758241511
|switch|p1a: Scizor|Scizor, M|100/100
|turn|6
|
|t:|1758241519
|-terastallize|p2a: Ogerpon|Water
|detailschange|p2a: Ogerpon|Ogerpon-Wellspring-Tera, F, tera:Water
|-ability|p2a: Ogerpon|Embody Aspect (Wellspring)|boost
|-boost|p2a: Ogerpon|spd|1
|move|p2a: Ogerpon|Ivy Cudgel|p1a: Scizor|[anim] Ivy Cudgel Water
|-damage|p1a: Scizor|5/100
|move|p1a: Scizor|U-turn|p2a: Ogerpon
|-damage|p2a: Ogerpon|23/100
|
|t:|1758241527
|switch|p1a: Cinderace|Cinderace, M, shiny|100/100|[from] U-turn
|
|upkeep
|turn|7
|
|t:|1758241530
|move|p1a: Cinderace|Sucker Punch|p2a: Ogerpon
|-start|p1a: Cinderace|typechange|Dark|[from] ability: Libero
|-damage|p2a: Ogerpon|0 fnt
|faint|p2a: Ogerpon
|detailschange|p2: Ogerpon|Ogerpon-Wellspring, F|[silent]
|
|upkeep
|
|t:|1758241543
|switch|p2a: Moltres|Moltres|100/100
|turn|8
|
|t:|1758241547
|move|p1a: Cinderace|U-turn|p2a: Moltres
|-resisted|p2a: Moltres
|-damage|p2a: Moltres|94/100
|
|t:|1758241549
|switch|p1a: Alomomola|Alomomola, F|100/100|[from] U-turn
|move|p2a: Moltres|Air Slash|p1a: Alomomola
|-damage|p1a: Alomomola|54/100
|-enditem|p1a: Alomomola|Red Card|[of] p2a: Moltres
|drag|p2a: Wigglytuff|Wigglytuff, M|100/100
|
|upkeep
|turn|9
|
|t:|1758241553
|move|p2a: Wigglytuff|Thunderbolt|p1a: Alomomola
|-supereffective|p1a: Alomomola
|-damage|p1a: Alomomola|0 fnt
|faint|p1a: Alomomola
|
|upkeep
|
|t:|1758241559
|switch|p1a: Thundurus|Thundurus-Therian, M, tera:Flying|100/100
|turn|10
|
|t:|1758241564
|move|p1a: Thundurus|Volt Switch|p2a: Wigglytuff
|-damage|p2a: Wigglytuff|41/100
|
|t:|1758241571
|switch|p1a: Cinderace|Cinderace, M, shiny|100/100|[from] Volt Switch
|move|p2a: Wigglytuff|Ice Beam|p1a: Cinderace
|-resisted|p1a: Cinderace
|-damage|p1a: Cinderace|82/100
|
|upkeep
|turn|11
|
|t:|1758241576
|switch|p2a: Moltres|Moltres|94/100
|move|p1a: Cinderace|Pyro Ball|p2a: Moltres
|-resisted|p2a: Moltres
|-damage|p2a: Moltres|62/100
|
|upkeep
|turn|12
|
|t:|1758241584
|move|p1a: Cinderace|Pyro Ball|p2a: Moltres
|-resisted|p2a: Moltres
|-damage|p2a: Moltres|27/100
|move|p2a: Moltres|Overheat|p1a: Cinderace
|-resisted|p1a: Cinderace
|-damage|p1a: Cinderace|36/100
|-unboost|p2a: Moltres|spa|2
|
|upkeep
|turn|13
|
|t:|1758241589
|move|p1a: Cinderace|Pyro Ball|p2a: Moltres
|-resisted|p2a: Moltres
|-damage|p2a: Moltres|0 fnt
|faint|p2a: Moltres
|
|upkeep
|
|t:|1758241591
|switch|p2a: Heatran|Heatran, F|100/100
|turn|14
|
|t:|1758241595
|move|p1a: Cinderace|Sucker Punch|p2a: Heatran
|-start|p1a: Cinderace|typechange|Dark|[from] ability: Libero
|-damage|p2a: Heatran|73/100
|move|p2a: Heatran|Earth Power|p1a: Cinderace
|-damage|p1a: Cinderace|0 fnt
|faint|p1a: Cinderace
|
|-heal|p2a: Heatran|80/100|[from] item: Leftovers
|upkeep
|
|t:|1758241611
|switch|p1a: Scizor|Scizor, M|5/100
|turn|15
|
|t:|1758241616
|move|p1a: Scizor|Close Combat|p2a: Heatran
|-supereffective|p2a: Heatran
|-damage|p2a: Heatran|0 fnt
|-unboost|p1a: Scizor|def|1
|-unboost|p1a: Scizor|spd|1
|faint|p2a: Heatran
|
|upkeep
|
|t:|1758241619
|switch|p2a: Wigglytuff|Wigglytuff, M|41/100
|turn|16
|
|t:|1758241621
|move|p1a: Scizor|Close Combat|p2a: Wigglytuff
|-damage|p2a: Wigglytuff|0 fnt
|-unboost|p1a: Scizor|def|1
|-unboost|p1a: Scizor|spd|1
|faint|p2a: Wigglytuff
|
|win|Hubertbutbetter
|raw|Hubertbutbetter's rating: 1348 &rarr; <strong>1366</strong><br />(+18 for winning)
|raw|wiggilydiggily's rating: 1308 &rarr; <strong>1290</strong><br />(-18 for losing)
