|j|☆rahul'stroy
|j|☆will1994
|t:|1758299772
|gametype|singles
|player|p1|rahul'stroy|unknown|1477
|player|p2|will1994|red|1463
|gen|9
|tier|[Gen 9] OU
|rated|
|rule|HP Percentage Mod: HP is shown in percentages
|rule|Endless Battle Clause: Forcing endless battles is banned
|rule|Species Clause: Limit one of each Pokémon
|rule|OHKO Clause: OHKO moves are banned
|rule|Evasion Items Clause: Evasion items are banned
|rule|Evasion Moves Clause: Evasion moves are banned
|rule|Evasion Abilities Clause: Evasion abilities are banned
|rule|Sleep Moves Clause: Sleep-inducing moves are banned
|clearpoke
|poke|p1|Araquanid, M|
|poke|p1|Enamorus, F|
|poke|p1|Kyurem|
|poke|p1|Zapdos|
|poke|p1|Scizor, M|
|poke|p1|Great Tusk|
|poke|p2|Rillaboom, F|
|poke|p2|Charizard, F|
|poke|p2|Corviknight, F|
|poke|p2|Kleavor, M|
|poke|p2|Clodsire, M|
|poke|p2|Samurott-Hisui, M|
|teampreview
|inactive|Battle timer is ON: inactive players will automatically lose when time's up. (requested by will1994)
|
|t:|1758299793
|teamsize|p1|6
|teamsize|p2|6
|start
|switch|p1a: "Pride"|Scizor, M|100/100
|switch|p2a: Kleavor|Kleavor, M|100/100
|turn|1
|
|t:|1758299805
|switch|p2a: Corviknight|Corviknight, F|100/100
|-ability|p2a: Corviknight|Pressure
|move|p1a: "Pride"|Knock Off|p2a: Corviknight
|-damage|p2a: Corviknight|65/100
|-damage|p1a: "Pride"|84/100|[from] item: Rocky Helmet|[of] p2a: Corviknight
|-enditem|p2a: Corviknight|Rocky Helmet|[from] move: Knock Off|[of] p1a: "Pride"
|
|upkeep
|turn|2
|
|t:|1758299819
|switch|p1a: "Wrath"|Zapdos|100/100
|move|p2a: Corviknight|U-turn|p1a: "Wrath"
|-resisted|p1a: "Wrath"
|-damage|p1a: "Wrath"|93/100
|
|t:|1758299823
|switch|p2a: Charizard|Charizard, F|100/100|[from] U-turn
|
|upkeep
|turn|3
|
|t:|1758299829
|-terastallize|p2a: Charizard|Fire
|move|p2a: Charizard|Overheat|p1a: "Wrath"
|-damage|p1a: "Wrath"|4/100
|-unboost|p2a: Charizard|spa|2
|move|p1a: "Wrath"|Volt Switch|p2a: Charizard
|-damage|p2a: Charizard|65/100
|
|t:|1758299845
|switch|p1a: "Greed"|Araquanid, M|100/100|[from] Volt Switch
|
|upkeep
|turn|4
|
|t:|1758299853
|switch|p2a: Corviknight|Corviknight, F|65/100
|-ability|p2a: Corviknight|Pressure
|move|p1a: "Greed"|Sticky Web|p2a: Corviknight
|-sidestart|p2: will1994|move: Sticky Web
|
|upkeep
|turn|5
|
|t:|1758299862
|move|p2a: Corviknight|U-turn|p1a: "Greed"
|-crit|p1a: "Greed"
|-damage|p1a: "Greed"|79/100
|
|t:|1758299875
|switch|p2a: Rillaboom|Rillaboom, F|100/100|[from] U-turn
|-activate|p2a: Rillaboom|move: Sticky Web
|-unboost|p2a: Rillaboom|spe|1
|-fieldstart|move: Grassy Terrain|[from] ability: Grassy Surge|[of] p2a: Rillaboom
|move|p1a: "Greed"|Liquidation|p2a: Rillaboom
|-resisted|p2a: Rillaboom
|-damage|p2a: Rillaboom|60/100
|
|-heal|p2a: Rillaboom|66/100|[from] Grassy Terrain
|-heal|p1a: "Greed"|85/100|[from] Grassy Terrain
|upkeep
|turn|6
|
|t:|1758299888
|move|p2a: Rillaboom|U-turn|p1a: "Greed"
|-damage|p1a: "Greed"|44/100
|
|t:|1758299890
|switch|p2a: Corviknight|Corviknight, F|65/100|[from] U-turn
|-ability|p2a: Corviknight|Pressure
|move|p1a: "Greed"|Leech Life|p2a: Corviknight
|-resisted|p2a: Corviknight
|-damage|p2a: Corviknight|61/100
|-heal|p1a: "Greed"|46/100|[from] drain|[of] p2a: Corviknight
|
|-heal|p1a: "Greed"|52/100|[from] Grassy Terrain
|upkeep
|turn|7
|
|t:|1758299902
|move|p2a: Corviknight|Defog|p1a: "Greed"
|-unboost|p1a: "Greed"|evasion|1
|-sideend|p2: will1994|Sticky Web|[from] move: Defog|[of] p2a: Corviknight
|-fieldend|move: Grassy Terrain
|move|p1a: "Greed"|Liquidation|p2a: Corviknight
|-damage|p2a: Corviknight|15/100
|
|upkeep
|turn|8
|
|t:|1758299911
|move|p2a: Corviknight|Roost|p2a: Corviknight
|-heal|p2a: Corviknight|65/100
|-singleturn|p2a: Corviknight|move: Roost
|move|p1a: "Greed"|Sticky Web|p2a: Corviknight
|-sidestart|p2: will1994|move: Sticky Web
|
|upkeep
|turn|9
|
|t:|1758299918
|move|p2a: Corviknight|Defog|p1a: "Greed"
|-unboost|p1a: "Greed"|evasion|1
|-sideend|p2: will1994|Sticky Web|[from] move: Defog|[of] p2a: Corviknight
|move|p1a: "Greed"|Liquidation|p2a: Corviknight
|-damage|p2a: Corviknight|21/100
|-unboost|p2a: Corviknight|def|1
|
|upkeep
|turn|10
|
|t:|1758299928
|move|p2a: Corviknight|Brave Bird|p1a: "Greed"
|-supereffective|p1a: "Greed"
|-damage|p1a: "Greed"|0 fnt
|faint|p1a: "Greed"
|-damage|p2a: Corviknight|6/100|[from] Recoil
|
|upkeep
|
|t:|1758299950
|switch|p1a: "Pride"|Scizor, M|84/100
|turn|11
|
|t:|1758299963
|move|p1a: "Pride"|Bullet Punch|p2a: Corviknight
|-resisted|p2a: Corviknight
|-damage|p2a: Corviknight|0 fnt
|faint|p2a: Corviknight
|
|upkeep
|
|t:|1758299966
|switch|p2a: Charizard|Charizard, F, tera:Fire|65/100
|turn|12
|
|t:|1758299980
|switch|p1a: "Wrath"|Zapdos|4/100
|move|p2a: Charizard|Flamethrower|p1a: "Wrath"
|-crit|p1a: "Wrath"
|-damage|p1a: "Wrath"|0 fnt
|faint|p1a: "Wrath"
|
|upkeep
|
|t:|1758299991
|switch|p1a: "Sloth"|Kyurem|100/100
|-ability|p1a: "Sloth"|Pressure
|turn|13
|
|t:|1758300007
|-terastallize|p1a: "Sloth"|Fire
|move|p2a: Charizard|Flamethrower|p1a: "Sloth"
|-resisted|p1a: "Sloth"
|-damage|p1a: "Sloth"|60/100
|move|p1a: "Sloth"|Dragon Dance|p1a: "Sloth"
|-boost|p1a: "Sloth"|atk|1
|-boost|p1a: "Sloth"|spe|1
|
|upkeep
|turn|14
|
|t:|1758300024
|switch|p2a: Kleavor|Kleavor, M|100/100
|move|p1a: "Sloth"|Scale Shot|p2a: Kleavor
|-crit|p2a: Kleavor
|-damage|p2a: Kleavor|61/100
|-damage|p2a: Kleavor|35/100
|-damage|p2a: Kleavor|10/100
|-damage|p2a: Kleavor|0 fnt
|faint|p2a: Kleavor
|-hitcount|p2: Kleavor|4
|-unboost|p1a: "Sloth"|def|1
|-boost|p1a: "Sloth"|spe|1
|
|upkeep
|
|t:|1758300029
|switch|p2a: Samurott|Samurott-Hisui, M|100/100
|turn|15
|
|t:|1758300045
|switch|p1a: "Gluttony"|Great Tusk|100/100
|move|p2a: Samurott|Sucker Punch||[still]
|-fail|p2a: Samurott
|
|upkeep
|turn|16
|
|t:|1758300054
|move|p2a: Samurott|Aqua Cutter|p1a: "Gluttony"
|-supereffective|p1a: "Gluttony"
|-damage|p1a: "Gluttony"|63/100
|move|p1a: "Gluttony"|Stealth Rock|p2a: Samurott
|-sidestart|p2: will1994|move: Stealth Rock
|
|-heal|p1a: "Gluttony"|69/100|[from] item: Leftovers
|upkeep
|turn|17
|
|t:|1758300068
|switch|p2a: Rillaboom|Rillaboom, F|66/100
|-damage|p2a: Rillaboom|54/100|[from] Stealth Rock
|-fieldstart|move: Grassy Terrain|[from] ability: Grassy Surge|[of] p2a: Rillaboom
|move|p1a: "Gluttony"|Knock Off|p2a: Rillaboom
|-damage|p2a: Rillaboom|22/100
|-enditem|p2a: Rillaboom|Choice Band|[from] move: Knock Off|[of] p1a: "Gluttony"
|
|-heal|p2a: Rillaboom|28/100|[from] Grassy Terrain
|-heal|p1a: "Gluttony"|76/100|[from] Grassy Terrain
|-heal|p1a: "Gluttony"|82/100|[from] item: Leftovers
|upkeep
|turn|18
|inactive|rahul'stroy has 120 seconds left.
|
|t:|1758300100
|-end|p1a: "Gluttony"|Protosynthesis|[silent]
|switch|p1a: "Pride"|Scizor, M|84/100
|move|p2a: Rillaboom|Wood Hammer|p1a: "Pride"
|-resisted|p1a: "Pride"
|-damage|p1a: "Pride"|62/100
|-damage|p2a: Rillaboom|21/100|[from] Recoil
|
|-heal|p2a: Rillaboom|27/100|[from] Grassy Terrain
|-heal|p1a: "Pride"|68/100|[from] Grassy Terrain
|upkeep
|turn|19
|inactive|rahul'stroy has 120 seconds left.
|
|t:|1758300120
|move|p1a: "Pride"|Bullet Punch|p2a: Rillaboom
|-damage|p2a: Rillaboom|0 fnt
|faint|p2a: Rillaboom
|
|-heal|p1a: "Pride"|74/100|[from] Grassy Terrain
|upkeep
|
|t:|1758300123
|switch|p2a: Clodsire|Clodsire, M|100/100
|-damage|p2a: Clodsire|94/100|[from] Stealth Rock
|turn|20
|inactive|rahul'stroy has 120 seconds left.
|inactive|rahul'stroy has 90 seconds left.
|
|t:|1758300169
|switch|p1a: "Gluttony"|Great Tusk|82/100
|move|p2a: Clodsire|Stockpile|p2a: Clodsire
|-start|p2a: Clodsire|stockpile1
|-boost|p2a: Clodsire|def|1
|-boost|p2a: Clodsire|spd|1
|
|-heal|p1a: "Gluttony"|88/100|[from] Grassy Terrain
|-heal|p1a: "Gluttony"|94/100|[from] item: Leftovers
|-heal|p2a: Clodsire|100/100|[from] Grassy Terrain
|upkeep
|turn|21
|
|t:|1758300192
|move|p1a: "Gluttony"|Knock Off|p2a: Clodsire
|-damage|p2a: Clodsire|86/100
|-enditem|p2a: Clodsire|Leftovers|[from] move: Knock Off|[of] p1a: "Gluttony"
|move|p2a: Clodsire|Stockpile|p2a: Clodsire
|-start|p2a: Clodsire|stockpile2
|-boost|p2a: Clodsire|def|1
|-boost|p2a: Clodsire|spd|1
|
|-heal|p1a: "Gluttony"|100/100|[from] Grassy Terrain
|-heal|p2a: Clodsire|93/100|[from] Grassy Terrain
|-fieldend|move: Grassy Terrain
|upkeep
|turn|22
|
|t:|1758300203
|move|p1a: "Gluttony"|Earthquake|p2a: Clodsire
|-supereffective|p2a: Clodsire
|-damage|p2a: Clodsire|62/100
|move|p2a: Clodsire|Stockpile|p2a: Clodsire
|-start|p2a: Clodsire|stockpile3
|-boost|p2a: Clodsire|def|1
|-boost|p2a: Clodsire|spd|1
|
|upkeep
|turn|23
|
|t:|1758300217
|move|p1a: "Gluttony"|Earthquake|p2a: Clodsire
|-supereffective|p2a: Clodsire
|-damage|p2a: Clodsire|37/100
|move|p2a: Clodsire|Toxic|p1a: "Gluttony"
|-status|p1a: "Gluttony"|tox
|
|-damage|p1a: "Gluttony"|94/100 tox|[from] psn
|upkeep
|turn|24
|
|t:|1758300226
|move|p1a: "Gluttony"|Earthquake|p2a: Clodsire
|-supereffective|p2a: Clodsire
|-damage|p2a: Clodsire|11/100
|move|p2a: Clodsire|Recover|p2a: Clodsire
|-heal|p2a: Clodsire|61/100
|
|-heal|p1a: "Gluttony"|100/100 tox|[from] item: Leftovers
|-damage|p1a: "Gluttony"|88/100 tox|[from] psn
|upkeep
|turn|25
|
|t:|1758300236
|move|p1a: "Gluttony"|Earthquake|p2a: Clodsire
|-supereffective|p2a: Clodsire
|-damage|p2a: Clodsire|35/100
|move|p2a: Clodsire|Recover|p2a: Clodsire
|-heal|p2a: Clodsire|85/100
|
|-heal|p1a: "Gluttony"|94/100 tox|[from] item: Leftovers
|-damage|p1a: "Gluttony"|76/100 tox|[from] psn
|upkeep
|turn|26
|
|t:|1758300246
|move|p1a: "Gluttony"|Earthquake|p2a: Clodsire
|-supereffective|p2a: Clodsire
|-damage|p2a: Clodsire|57/100
|move|p2a: Clodsire|Body Press|p1a: "Gluttony"
|-damage|p1a: "Gluttony"|55/100 tox
|
|-heal|p1a: "Gluttony"|61/100 tox|[from] item: Leftovers
|-damage|p1a: "Gluttony"|36/100 tox|[from] psn
|upkeep
|turn|27
|inactive|rahul'stroy has 90 seconds left.
|
|t:|1758300256
|move|p1a: "Gluttony"|Earthquake|p2a: Clodsire
|-supereffective|p2a: Clodsire
|-damage|p2a: Clodsire|32/100
|move|p2a: Clodsire|Recover|p2a: Clodsire
|-heal|p2a: Clodsire|82/100
|
|-heal|p1a: "Gluttony"|42/100 tox|[from] item: Leftovers
|-damage|p1a: "Gluttony"|11/100 tox|[from] psn
|upkeep
|turn|28
|
|t:|1758300265
|move|p1a: "Gluttony"|Earthquake|p2a: Clodsire
|-supereffective|p2a: Clodsire
|-damage|p2a: Clodsire|59/100
|move|p2a: Clodsire|Recover|p2a: Clodsire
|-heal|p2a: Clodsire|100/100
|
|-heal|p1a: "Gluttony"|18/100 tox|[from] item: Leftovers
|-damage|p1a: "Gluttony"|0 fnt|[from] psn
|faint|p1a: "Gluttony"
|-end|p1a: "Gluttony"|Protosynthesis|[silent]
|upkeep
|inactive|rahul'stroy has 90 seconds left.
|
|t:|1758300282
|switch|p1a: "Sloth"|Kyurem, tera:Fire|60/100
|-ability|p1a: "Sloth"|Pressure
|turn|29
|inactive|rahul'stroy has 90 seconds left.
|
|t:|1758300292
|move|p1a: "Sloth"|Icicle Spear|p2a: Clodsire
|-supereffective|p2a: Clodsire
|-damage|p2a: Clodsire|92/100
|-supereffective|p2a: Clodsire
|-damage|p2a: Clodsire|84/100
|-supereffective|p2a: Clodsire
|-damage|p2a: Clodsire|75/100
|-supereffective|p2a: Clodsire
|-damage|p2a: Clodsire|67/100
|-supereffective|p2a: Clodsire
|-damage|p2a: Clodsire|58/100
|-hitcount|p2a: Clodsire|5
|move|p2a: Clodsire|Body Press|p1a: "Sloth"
|-damage|p1a: "Sloth"|16/100
|
|upkeep
|turn|30
|inactive|rahul'stroy has 90 seconds left.
|
|t:|1758300311
|move|p1a: "Sloth"|Icicle Spear|p2a: Clodsire
|-supereffective|p2a: Clodsire
|-damage|p2a: Clodsire|50/100
|-supereffective|p2a: Clodsire
|-damage|p2a: Clodsire|41/100
|-supereffective|p2a: Clodsire
|-damage|p2a: Clodsire|32/100
|-supereffective|p2a: Clodsire
|-damage|p2a: Clodsire|22/100
|-supereffective|p2a: Clodsire
|-damage|p2a: Clodsire|15/100
|-hitcount|p2a: Clodsire|5
|move|p2a: Clodsire|Body Press|p1a: "Sloth"
|-damage|p1a: "Sloth"|0 fnt
|faint|p1a: "Sloth"
|
|upkeep
|inactive|rahul'stroy has 90 seconds left.
|
|t:|1758300325
|switch|p1a: "Lust"|Enamorus, F|100/100
|turn|31
|inactive|rahul'stroy has 90 seconds left.
|
|t:|1758300330
|move|p1a: "Lust"|Earth Power|p2a: Clodsire
|-supereffective|p2a: Clodsire
|-damage|p2a: Clodsire|0 fnt
|faint|p2a: Clodsire
|
|upkeep
|
|t:|1758300337
|switch|p2a: Samurott|Samurott-Hisui, M|100/100
|-damage|p2a: Samurott|88/100|[from] Stealth Rock
|turn|32
|
|t:|1758300346
|switch|p1a: "Pride"|Scizor, M|74/100
|move|p2a: Samurott|Aqua Cutter|p1a: "Pride"
|-damage|p1a: "Pride"|37/100
|
|upkeep
|turn|33
|
|t:|1758300354
|move|p1a: "Pride"|Bullet Punch|p2a: Samurott
|-resisted|p2a: Samurott
|-damage|p2a: Samurott|62/100
|move|p2a: Samurott|Aqua Cutter|p1a: "Pride"
|-damage|p1a: "Pride"|0 fnt
|faint|p1a: "Pride"
|
|upkeep
|
|t:|1758300361
|switch|p1a: "Lust"|Enamorus, F|100/100
|turn|34
|
|t:|1758300366
|move|p1a: "Lust"|Moonblast|p2a: Samurott
|-supereffective|p2a: Samurott
|-damage|p2a: Samurott|0 fnt
|faint|p2a: Samurott
|
|upkeep
|
|t:|1758300369
|switch|p2a: Charizard|Charizard, F, tera:Fire|65/100
|-damage|p2a: Charizard|40/100|[from] Stealth Rock
|turn|35
|inactive|rahul'stroy has 120 seconds left.
|
|t:|1758300376
|move|p1a: "Lust"|Moonblast|p2a: Charizard
|-resisted|p2a: Charizard
|-damage|p2a: Charizard|0 fnt
|faint|p2a: Charizard
|
|win|rahul'stroy
|raw|rahul&apos;stroy's rating: 1477 &rarr; <strong>1496</strong><br />(+19 for winning)
|raw|will1994's rating: 1463 &rarr; <strong>1444</strong><br />(-19 for losing)
|l|☆will1994
|player|p2|
