|j|☆Trail one
|j|☆Winning Ticket
|t:|1758316781
|gametype|singles
|player|p1|Trail one|265|1516
|player|p2|Winning Ticket|iono|1547
|gen|9
|tier|[Gen 9] OU
|rated|
|rule|HP Percentage Mod: HP is shown in percentages
|rule|Endless Battle Clause: Forcing endless battles is banned
|rule|Species Clause: Limit one of each Pokémon
|rule|OHKO Clause: OHKO moves are banned
|rule|Evasion Items Clause: Evasion items are banned
|rule|Evasion Moves Clause: Evasion moves are banned
|rule|Evasion Abilities Clause: Evasion abilities are banned
|rule|Sleep Moves Clause: Sleep-inducing moves are banned
|clearpoke
|poke|p1|Toxtricity, M|
|poke|p1|Samurott-Hisui, M|
|poke|p1|Cresselia, F|
|poke|p1|Great Tusk|
|poke|p1|Gholdengo|
|poke|p1|Ogerpon-Wellspring, F|
|poke|p2|Iron Treads|
|poke|p2|Skeledirge, F|
|poke|p2|Darkrai|
|poke|p2|Dragonite, M|
|poke|p2|Zamazenta-*|
|poke|p2|Ogerpon, F|
|teampreview
|
|t:|1758316809
|teamsize|p1|6
|teamsize|p2|6
|start
|switch|p1a: Ogerpon|Ogerpon-Wellspring, F|100/100
|switch|p2a: Ogerpon|Ogerpon, F|100/100
|turn|1
|
|t:|1758316823
|move|p2a: Ogerpon|Swords Dance|p2a: Ogerpon
|-boost|p2a: Ogerpon|atk|2
|move|p1a: Ogerpon|Knock Off|p2a: Ogerpon
|-damage|p2a: Ogerpon|48/100
|-enditem|p2a: Ogerpon|Life Orb|[from] move: Knock Off|[of] p1a: Ogerpon
|
|upkeep
|turn|2
|
|t:|1758316835
|move|p1a: Ogerpon|Play Rough|p2a: Ogerpon
|-damage|p2a: Ogerpon|0 fnt
|faint|p2a: Ogerpon
|
|upkeep
|
|t:|1758316840
|switch|p2a: Skeledirge|Skeledirge, F|100/100
|turn|3
|
|t:|1758316843
|move|p1a: Ogerpon|Ivy Cudgel|p2a: Skeledirge|[anim] Ivy Cudgel Water
|-supereffective|p2a: Skeledirge
|-damage|p2a: Skeledirge|26/100
|move|p2a: Skeledirge|Will-O-Wisp|p1a: Ogerpon
|-status|p1a: Ogerpon|brn
|
|-heal|p2a: Skeledirge|32/100|[from] item: Leftovers
|-damage|p1a: Ogerpon|95/100 brn|[from] brn
|upkeep
|turn|4
|
|t:|1758316852
|move|p1a: Ogerpon|Ivy Cudgel|p2a: Skeledirge|[anim] Ivy Cudgel Water
|-supereffective|p2a: Skeledirge
|-damage|p2a: Skeledirge|0 fnt
|faint|p2a: Skeledirge
|
|-damage|p1a: Ogerpon|89/100 brn|[from] brn
|upkeep
|
|t:|1758316858
|switch|p2a: Darkrai|Darkrai|100/100
|turn|5
|
|t:|1758316867
|switch|p1a: Samurott|Samurott-Hisui, M|100/100
|move|p2a: Darkrai|Nasty Plot|p2a: Darkrai
|-boost|p2a: Darkrai|spa|2
|
|upkeep
|turn|6
|
|t:|1758316874
|move|p1a: Samurott|Sacred Sword|p2a: Darkrai
|-supereffective|p2a: Darkrai
|-damage|p2a: Darkrai|0 fnt
|faint|p2a: Darkrai
|
|upkeep
|
|t:|1758316879
|switch|p2a: Zamazenta|Zamazenta|100/100
|-ability|p2a: Zamazenta|Dauntless Shield|boost
|-boost|p2a: Zamazenta|def|1
|turn|7
|
|t:|1758316885
|switch|p1a: Cresselia|Cresselia, F|100/100
|move|p2a: Zamazenta|Crunch|p1a: Cresselia
|-supereffective|p1a: Cresselia
|-damage|p1a: Cresselia|75/100
|
|-heal|p1a: Cresselia|81/100|[from] item: Leftovers
|upkeep
|turn|8
|
|t:|1758316893
|move|p2a: Zamazenta|Crunch|p1a: Cresselia
|-supereffective|p1a: Cresselia
|-damage|p1a: Cresselia|54/100
|-unboost|p1a: Cresselia|def|1
|move|p1a: Cresselia|Calm Mind|p1a: Cresselia
|-boost|p1a: Cresselia|spa|1
|-boost|p1a: Cresselia|spd|1
|
|-heal|p1a: Cresselia|60/100|[from] item: Leftovers
|upkeep
|turn|9
|
|t:|1758316901
|switch|p1a: Ogerpon|Ogerpon-Wellspring, F|89/100 brn
|move|p2a: Zamazenta|Crunch|p1a: Ogerpon
|-damage|p1a: Ogerpon|60/100 brn
|
|-damage|p1a: Ogerpon|54/100 brn|[from] brn
|upkeep
|turn|10
|
|t:|1758316907
|move|p1a: Ogerpon|Knock Off|p2a: Zamazenta
|-resisted|p2a: Zamazenta
|-damage|p2a: Zamazenta|96/100
|-enditem|p2a: Zamazenta|Leftovers|[from] move: Knock Off|[of] p1a: Ogerpon
|move|p2a: Zamazenta|Iron Defense|p2a: Zamazenta
|-boost|p2a: Zamazenta|def|2
|
|-damage|p1a: Ogerpon|48/100 brn|[from] brn
|upkeep
|turn|11
|
|t:|1758316915
|move|p1a: Ogerpon|Play Rough|p2a: Zamazenta
|-supereffective|p2a: Zamazenta
|-damage|p2a: Zamazenta|87/100
|-unboost|p2a: Zamazenta|atk|1
|move|p2a: Zamazenta|Iron Defense|p2a: Zamazenta
|-boost|p2a: Zamazenta|def|2
|
|-damage|p1a: Ogerpon|42/100 brn|[from] brn
|upkeep
|turn|12
|
|t:|1758316925
|move|p1a: Ogerpon|Play Rough|p2a: Zamazenta
|-supereffective|p2a: Zamazenta
|-damage|p2a: Zamazenta|81/100
|move|p2a: Zamazenta|Iron Defense|p2a: Zamazenta
|-boost|p2a: Zamazenta|def|1
|
|-damage|p1a: Ogerpon|36/100 brn|[from] brn
|upkeep
|turn|13
|
|t:|1758316932
|move|p1a: Ogerpon|Play Rough|p2a: Zamazenta
|-supereffective|p2a: Zamazenta
|-damage|p2a: Zamazenta|76/100
|move|p2a: Zamazenta|Body Press|p1a: Ogerpon
|-damage|p1a: Ogerpon|0 fnt
|faint|p1a: Ogerpon
|
|upkeep
|
|t:|1758316938
|switch|p1a: Toxtricity|Toxtricity, M|100/100
|turn|14
|
|t:|1758316943
|move|p2a: Zamazenta|Body Press|p1a: Toxtricity
|-resisted|p1a: Toxtricity
|-damage|p1a: Toxtricity|0 fnt
|faint|p1a: Toxtricity
|
|upkeep
|
|t:|1758316951
|switch|p1a: Gholdengo|Gholdengo|100/100
|-item|p1a: Gholdengo|Air Balloon
|turn|15
|
|t:|1758316956
|-terastallize|p1a: Gholdengo|Fairy
|move|p2a: Zamazenta|Crunch|p1a: Gholdengo
|-resisted|p1a: Gholdengo
|-damage|p1a: Gholdengo|92/100
|-enditem|p1a: Gholdengo|Air Balloon
|move|p1a: Gholdengo|Dazzling Gleam|p2a: Zamazenta
|-supereffective|p2a: Zamazenta
|-damage|p2a: Zamazenta|8/100
|
|upkeep
|turn|16
|
|t:|1758316965
|move|p2a: Zamazenta|Body Press|p1a: Gholdengo
|-resisted|p1a: Gholdengo
|-damage|p1a: Gholdengo|2/100
|move|p1a: Gholdengo|Shadow Ball|p2a: Zamazenta
|-damage|p2a: Zamazenta|0 fnt
|faint|p2a: Zamazenta
|
|upkeep
|
|t:|1758316972
|switch|p2a: Dragonite|Dragonite, M|100/100
|turn|17
|
|t:|1758316975
|move|p2a: Dragonite|Extreme Speed|p1a: Gholdengo
|-damage|p1a: Gholdengo|0 fnt
|faint|p1a: Gholdengo
|
|upkeep
|
|t:|1758316978
|switch|p1a: Great Tusk|Great Tusk|100/100
|turn|18
|
|t:|1758316981
|move|p1a: Great Tusk|Rapid Spin|p2a: Dragonite
|-damage|p2a: Dragonite|91/100
|-boost|p1a: Great Tusk|spe|1
|move|p2a: Dragonite|Waterfall|p1a: Great Tusk
|-supereffective|p1a: Great Tusk
|-damage|p1a: Great Tusk|57/100
|
|upkeep
|turn|19
|
|t:|1758316988
|switch|p2a: Iron Treads|Iron Treads|100/100
|move|p1a: Great Tusk|Ice Spinner|p2a: Iron Treads
|-damage|p2a: Iron Treads|73/100
|
|upkeep
|turn|20
|inactive|Battle timer is ON: inactive players will automatically lose when time's up. (requested by Trail one)
|-message|Winning Ticket forfeited.
|
|win|Trail one
|raw|Trail one's rating: 1516 &rarr; <strong>1538</strong><br />(+22 for winning)
|raw|Winning Ticket's rating: 1547 &rarr; <strong>1525</strong><br />(-22 for losing)
|l|☆Winning Ticket
|player|p2|
|l|☆Trail one
|player|p1|
