|j|☆Saviola108
|j|☆Bazouin
|t:|1758333916
|gametype|singles
|player|p1|Saviola108|1|1141
|player|p2|Bazouin|miriam|1177
|gen|9
|tier|[Gen 9] OU
|rated|
|rule|HP Percentage Mod: HP is shown in percentages
|rule|Endless Battle Clause: Forcing endless battles is banned
|rule|Species Clause: Limit one of each Pokémon
|rule|OHKO Clause: OHKO moves are banned
|rule|Evasion Items Clause: Evasion items are banned
|rule|Evasion Moves Clause: Evasion moves are banned
|rule|Evasion Abilities Clause: Evasion abilities are banned
|rule|Sleep Moves Clause: Sleep-inducing moves are banned
|clearpoke
|poke|p1|Spiritomb, M|
|poke|p1|Cinccino, M|
|poke|p1|Zamazenta-*|
|poke|p1|Cinderace, F|
|poke|p1|Iron Jugulis|
|poke|p1|Morpeko, F|
|poke|p2|Cinderace, M|
|poke|p2|Chimecho, F|
|poke|p2|Dragonite, F|
|poke|p2|Jirachi|
|poke|p2|Araquanid, F|
|poke|p2|Dragapult, F|
|teampreview
|inactive|Battle timer is ON: inactive players will automatically lose when time's up. (requested by Bazouin)
|l|☆Bazouin
|inactive|Bazouin disconnected and has a minute to reconnect!
|player|p2|
|j|☆Bazouin
|inactive|Bazouin reconnected and has 125 seconds left.
|player|p2|Bazouin|miriam|
|inactive|Saviola108 has 120 seconds left.
|inactive|Bazouin has 120 seconds left.
|c|☆Bazouin|Morpeko?
|
|t:|1758333961
|teamsize|p1|6
|teamsize|p2|6
|start
|switch|p1a: Spiritomb|Spiritomb, M, shiny|100/100
|switch|p2a: Araquanid|Araquanid, F, shiny|100/100
|turn|1
|
|t:|1758333970
|move|p2a: Araquanid|Sticky Web|p1a: Spiritomb
|-sidestart|p1: Saviola108|move: Sticky Web
|move|p1a: Spiritomb|Will-O-Wisp|p2a: Araquanid
|-immune|p2a: Araquanid|[from] ability: Water Bubble
|
|upkeep
|turn|2
|
|t:|1758333984
|move|p2a: Araquanid|Liquidation|p1a: Spiritomb
|-damage|p1a: Spiritomb|13/100
|move|p1a: Spiritomb|Poltergeist|p2a: Araquanid
|-activate|p2a: Araquanid|move: Poltergeist|Mystic Water
|-damage|p2a: Araquanid|65/100
|
|-heal|p1a: Spiritomb|19/100|[from] item: Leftovers
|upkeep
|turn|3
|
|t:|1758333995
|move|p2a: Araquanid|Waterfall|p1a: Spiritomb
|-damage|p1a: Spiritomb|0 fnt
|faint|p1a: Spiritomb
|
|upkeep
|
|t:|1758334002
|switch|p1a: Iron Jugulis|Iron Jugulis, shiny|100/100
|-enditem|p1a: Iron Jugulis|Booster Energy
|-activate|p1a: Iron Jugulis|ability: Quark Drive|[fromitem]
|-start|p1a: Iron Jugulis|quarkdrivespe
|turn|4
|
|t:|1758334012
|move|p1a: Iron Jugulis|Air Slash|p2a: Araquanid
|-supereffective|p2a: Araquanid
|-damage|p2a: Araquanid|8/100
|cant|p2a: Araquanid|flinch
|
|upkeep
|turn|5
|
|t:|1758334018
|move|p1a: Iron Jugulis|Air Slash|p2a: Araquanid
|-supereffective|p2a: Araquanid
|-damage|p2a: Araquanid|0 fnt
|faint|p2a: Araquanid
|
|upkeep
|
|t:|1758334035
|switch|p2a: Chimecho|Chimecho, F, shiny|100/100
|turn|6
|
|t:|1758334042
|move|p1a: Iron Jugulis|Air Slash|p2a: Chimecho
|-damage|p2a: Chimecho|61/100
|move|p2a: Chimecho|Reflect|p2a: Chimecho
|-sidestart|p2: Bazouin|Reflect
|
|upkeep
|turn|7
|
|t:|1758334046
|move|p1a: Iron Jugulis|Dark Pulse|p2a: Chimecho
|-supereffective|p2a: Chimecho
|-damage|p2a: Chimecho|0 fnt
|faint|p2a: Chimecho
|
|upkeep
|
|t:|1758334059
|switch|p2a: Dragapult|Dragapult, F|100/100
|turn|8
|
|t:|1758334063
|-terastallize|p2a: Dragapult|Fairy
|move|p1a: Iron Jugulis|Dark Pulse|p2a: Dragapult
|-resisted|p2a: Dragapult
|-damage|p2a: Dragapult|75/100
|move|p2a: Dragapult|Dragon Dance|p2a: Dragapult
|-boost|p2a: Dragapult|atk|1
|-boost|p2a: Dragapult|spe|1
|
|upkeep
|turn|9
|
|t:|1758334073
|-terastallize|p1a: Iron Jugulis|Steel
|move|p2a: Dragapult|Dragon Darts|p1a: Iron Jugulis
|-resisted|p1a: Iron Jugulis
|-damage|p1a: Iron Jugulis|76/100
|-anim|p2a: Dragapult|Dragon Darts|p1a: Iron Jugulis
|-resisted|p1a: Iron Jugulis
|-damage|p1a: Iron Jugulis|52/100
|move|p1a: Iron Jugulis|Tera Blast|p2a: Dragapult|[anim] Tera Blast Steel
|-supereffective|p2a: Dragapult
|-damage|p2a: Dragapult|0 fnt
|faint|p2a: Dragapult
|
|upkeep
|
|t:|1758334078
|switch|p2a: Cinderace|Cinderace, M, shiny|100/100
|turn|10
|
|t:|1758334086
|move|p1a: Iron Jugulis|Earth Power|p2a: Cinderace
|-supereffective|p2a: Cinderace
|-damage|p2a: Cinderace|14/100
|move|p2a: Cinderace|Trailblaze|p1a: Iron Jugulis
|-start|p2a: Cinderace|typechange|Grass|[from] ability: Libero
|-resisted|p1a: Iron Jugulis
|-damage|p1a: Iron Jugulis|38/100
|-boost|p2a: Cinderace|spe|1
|
|upkeep
|turn|11
|
|t:|1758334097
|move|p2a: Cinderace|Sucker Punch|p1a: Iron Jugulis
|-damage|p1a: Iron Jugulis|10/100
|move|p1a: Iron Jugulis|Air Slash|p2a: Cinderace
|-supereffective|p2a: Cinderace
|-damage|p2a: Cinderace|0 fnt
|faint|p2a: Cinderace
|
|upkeep
|
|t:|1758334102
|switch|p2a: Dragonite|Dragonite, F|100/100
|turn|12
|
|t:|1758334106
|move|p1a: Iron Jugulis|Dark Pulse|p2a: Dragonite
|-damage|p2a: Dragonite|79/100
|move|p2a: Dragonite|Dragon Dance|p2a: Dragonite
|-boost|p2a: Dragonite|atk|1
|-boost|p2a: Dragonite|spe|1
|
|upkeep
|turn|13
|
|t:|1758334113
|move|p1a: Iron Jugulis|Tera Blast|p2a: Dragonite|[anim] Tera Blast Steel
|-damage|p2a: Dragonite|35/100
|move|p2a: Dragonite|Earthquake|p1a: Iron Jugulis
|-supereffective|p1a: Iron Jugulis
|-damage|p1a: Iron Jugulis|0 fnt
|faint|p1a: Iron Jugulis
|-end|p1a: Iron Jugulis|Quark Drive|[silent]
|
|-sideend|p2: Bazouin|Reflect
|upkeep
|
|t:|1758334122
|switch|p1a: Morpeko|Morpeko, F, shiny|100/100
|-activate|p1a: Morpeko|move: Sticky Web
|-unboost|p1a: Morpeko|spe|1
|turn|14
|
|t:|1758334125
|move|p2a: Dragonite|Earthquake|p1a: Morpeko
|-supereffective|p1a: Morpeko
|-damage|p1a: Morpeko|0 fnt
|faint|p1a: Morpeko
|
|upkeep
|
|t:|1758334132
|switch|p1a: Cinccino|Cinccino, M, shiny|100/100
|-activate|p1a: Cinccino|move: Sticky Web
|-unboost|p1a: Cinccino|spe|1
|turn|15
|
|t:|1758334136
|move|p2a: Dragonite|Extreme Speed|p1a: Cinccino
|-damage|p1a: Cinccino|11/100
|move|p1a: Cinccino|Rock Blast|p2a: Dragonite
|-supereffective|p2a: Dragonite
|-damage|p2a: Dragonite|13/100
|-enditem|p2a: Dragonite|Weakness Policy
|-boost|p2a: Dragonite|atk|2|[from] item: Weakness Policy
|-boost|p2a: Dragonite|spa|2|[from] item: Weakness Policy
|-supereffective|p2a: Dragonite
|-damage|p2a: Dragonite|0 fnt
|faint|p2a: Dragonite
|-hitcount|p2: Dragonite|2
|
|upkeep
|
|t:|1758334140
|switch|p2a: Jirachi|Jirachi|100/100
|turn|16
|
|t:|1758334147
|move|p2a: Jirachi|Iron Head|p1a: Cinccino
|-damage|p1a: Cinccino|0 fnt
|faint|p1a: Cinccino
|
|upkeep
|
|t:|1758334151
|switch|p1a: Cinderace|Cinderace, F, shiny|100/100
|-activate|p1a: Cinderace|move: Sticky Web
|-unboost|p1a: Cinderace|spe|1
|turn|17
|
|t:|1758334154
|move|p2a: Jirachi|Iron Head|p1a: Cinderace
|-resisted|p1a: Cinderace
|-damage|p1a: Cinderace|77/100
|cant|p1a: Cinderace|flinch
|
|upkeep
|turn|18
|
|t:|1758334158
|move|p2a: Jirachi|Iron Head|p1a: Cinderace
|-resisted|p1a: Cinderace
|-damage|p1a: Cinderace|54/100
|cant|p1a: Cinderace|flinch
|
|upkeep
|turn|19
|
|t:|1758334163
|move|p1a: Cinderace|Sucker Punch|p2a: Jirachi
|-start|p1a: Cinderace|typechange|Dark|[from] ability: Libero
|-supereffective|p2a: Jirachi
|-damage|p2a: Jirachi|3/100
|move|p2a: Jirachi|Iron Head|p1a: Cinderace
|-damage|p1a: Cinderace|6/100
|
|upkeep
|turn|20
|
|t:|1758334170
|move|p1a: Cinderace|Sucker Punch|p2a: Jirachi
|-supereffective|p2a: Jirachi
|-damage|p2a: Jirachi|0 fnt
|faint|p2a: Jirachi
|
|win|Saviola108
|raw|Saviola108's rating: 1141 &rarr; <strong>1169</strong><br />(+28 for winning)
|raw|Bazouin's rating: 1177 &rarr; <strong>1149</strong><br />(-28 for losing)
|l|☆Bazouin
|player|p2|
|l|☆Saviola108
|player|p1|
