|j|☆sleep2501340442
|j|‽malk tyme
|t:|1758332398
|gametype|singles
|player|p1|sleep2501340442|idol|1642
|player|p2|malk tyme|265|1623
|gen|9
|tier|[Gen 9] OU
|rated|
|rule|HP Percentage Mod: HP is shown in percentages
|rule|Endless Battle Clause: Forcing endless battles is banned
|rule|Species Clause: Limit one of each Pokémon
|rule|OHKO Clause: OHKO moves are banned
|rule|Evasion Items Clause: Evasion items are banned
|rule|Evasion Moves Clause: Evasion moves are banned
|rule|Evasion Abilities Clause: Evasion abilities are banned
|rule|Sleep Moves Clause: Sleep-inducing moves are banned
|clearpoke
|poke|p1|Ting-Lu|
|poke|p1|Alomomola, M|
|poke|p1|Zamazenta-*|
|poke|p1|Dragonite, F|
|poke|p1|Kingambit, M|
|poke|p1|Raging Bolt|
|poke|p2|Necrozma|
|poke|p2|Dragapult, F|
|poke|p2|Greninja-*, F|
|poke|p2|Grimmsnarl, M|
|poke|p2|Great Tusk|
|poke|p2|Dragonite, F|
|teampreview
|
|t:|1758332407
|teamsize|p1|6
|teamsize|p2|6
|start
|switch|p1a: Alomomola|Alomomola, M|100/100
|switch|p2a: Dragapult|Dragapult, F|100/100
|turn|1
|
|t:|1758332410
|move|p1a: Alomomola|Protect|p1a: Alomomola
|-singleturn|p1a: Alomomola|Protect
|move|p2a: Dragapult|Thunder Wave|p1a: Alomomola
|-activate|p1a: Alomomola|move: Protect
|
|upkeep
|turn|2
|
|t:|1758332415
|switch|p1a: Ting-Lu|Ting-Lu|100/100
|-ability|p1a: Ting-Lu|Vessel of Ruin
|move|p2a: Dragapult|Thunder Wave|p1a: Ting-Lu
|-immune|p1a: Ting-Lu
|
|upkeep
|turn|3
|
|t:|1758332420
|move|p2a: Dragapult|Will-O-Wisp|p1a: Ting-Lu|[miss]
|-miss|p2a: Dragapult|p1a: Ting-Lu
|move|p1a: Ting-Lu|Stealth Rock|p2a: Dragapult
|-sidestart|p2: malk tyme|move: Stealth Rock
|
|upkeep
|turn|4
|
|t:|1758332441
|move|p2a: Dragapult|Will-O-Wisp|p1a: Ting-Lu
|-status|p1a: Ting-Lu|brn
|move|p1a: Ting-Lu|Earthquake|p2a: Dragapult
|-damage|p2a: Dragapult|73/100
|
|-damage|p1a: Ting-Lu|94/100 brn|[from] brn
|upkeep
|turn|5
|
|t:|1758332449
|switch|p2a: Grimmsnarl|Grimmsnarl, M|100/100
|move|p1a: Ting-Lu|Earthquake|p2a: Grimmsnarl
|-damage|p2a: Grimmsnarl|74/100
|
|-heal|p1a: Ting-Lu|100/100 brn|[from] item: Leftovers
|-damage|p1a: Ting-Lu|94/100 brn|[from] brn
|upkeep
|turn|6
|
|t:|1758332465
|switch|p1a: Kingambit|Kingambit, M|100/100
|move|p2a: Grimmsnarl|Spirit Break|p1a: Kingambit
|-damage|p1a: Kingambit|72/100
|-unboost|p1a: Kingambit|spa|1
|
|-heal|p1a: Kingambit|78/100|[from] item: Leftovers
|upkeep
|turn|7
|
|t:|1758332470
|-end|p1a: Kingambit|fallenundefined|[silent]
|switch|p1a: Alomomola|Alomomola, M|100/100
|move|p2a: Grimmsnarl|Low Kick|p1a: Alomomola
|-damage|p1a: Alomomola|87/100
|-damage|p2a: Grimmsnarl|58/100|[from] item: Rocky Helmet|[of] p1a: Alomomola
|
|upkeep
|turn|8
|
|t:|1758332477
|move|p2a: Grimmsnarl|Thunder Wave|p1a: Alomomola
|-status|p1a: Alomomola|par
|move|p1a: Alomomola|Wish|p1a: Alomomola
|
|upkeep
|turn|9
|
|t:|1758332483
|switch|p2a: Dragapult|Dragapult, F|73/100
|cant|p1a: Alomomola|par
|
|-heal|p1a: Alomomola|100/100 par|[from] move: Wish|[wisher] Alomomola
|upkeep
|turn|10
|
|t:|1758332490
|switch|p1a: Ting-Lu|Ting-Lu|94/100 brn
|-ability|p1a: Ting-Lu|Vessel of Ruin
|move|p2a: Dragapult|Hex|p1a: Ting-Lu
|-resisted|p1a: Ting-Lu
|-damage|p1a: Ting-Lu|83/100 brn
|
|-heal|p1a: Ting-Lu|89/100 brn|[from] item: Leftovers
|-damage|p1a: Ting-Lu|83/100 brn|[from] brn
|upkeep
|turn|11
|
|t:|1758332495
|switch|p2a: Great Tusk|Great Tusk|100/100
|-damage|p2a: Great Tusk|98/100|[from] Stealth Rock
|-enditem|p2a: Great Tusk|Booster Energy
|-activate|p2a: Great Tusk|ability: Protosynthesis|[fromitem]
|-start|p2a: Great Tusk|protosynthesisatk
|move|p1a: Ting-Lu|Earthquake|p2a: Great Tusk
|-damage|p2a: Great Tusk|85/100
|
|-heal|p1a: Ting-Lu|89/100 brn|[from] item: Leftovers
|-damage|p1a: Ting-Lu|83/100 brn|[from] brn
|upkeep
|turn|12
|
|t:|1758332499
|move|p2a: Great Tusk|Close Combat|p1a: Ting-Lu
|-supereffective|p1a: Ting-Lu
|-crit|p1a: Ting-Lu
|-damage|p1a: Ting-Lu|0 fnt
|-unboost|p2a: Great Tusk|def|1
|-unboost|p2a: Great Tusk|spd|1
|faint|p1a: Ting-Lu
|
|upkeep
|
|t:|1758332505
|switch|p1a: Zamazenta|Zamazenta|100/100
|-ability|p1a: Zamazenta|Dauntless Shield|boost
|-boost|p1a: Zamazenta|def|1
|turn|13
|
|t:|1758332508
|-end|p2a: Great Tusk|Protosynthesis|[silent]
|switch|p2a: Necrozma|Necrozma|100/100
|-damage|p2a: Necrozma|88/100|[from] Stealth Rock
|move|p1a: Zamazenta|Close Combat|p2a: Necrozma
|-resisted|p2a: Necrozma
|-damage|p2a: Necrozma|58/100
|-unboost|p1a: Zamazenta|def|1
|-unboost|p1a: Zamazenta|spd|1
|-damage|p1a: Zamazenta|91/100|[from] item: Life Orb
|
|-heal|p2a: Necrozma|64/100|[from] item: Leftovers
|upkeep
|turn|14
|
|t:|1758332511
|move|p1a: Zamazenta|Crunch|p2a: Necrozma
|-supereffective|p2a: Necrozma
|-damage|p2a: Necrozma|29/100
|-damage|p1a: Zamazenta|81/100|[from] item: Life Orb
|move|p2a: Necrozma|Moonlight|p2a: Necrozma
|-heal|p2a: Necrozma|79/100
|
|-heal|p2a: Necrozma|85/100|[from] item: Leftovers
|upkeep
|turn|15
|
|t:|1758332517
|switch|p1a: Kingambit|Kingambit, M|78/100
|-activate|p1a: Kingambit|ability: Supreme Overlord
|-start|p1a: Kingambit|fallen1|[silent]
|move|p2a: Necrozma|Calm Mind|p2a: Necrozma
|-boost|p2a: Necrozma|spa|1
|-boost|p2a: Necrozma|spd|1
|
|-heal|p2a: Necrozma|91/100|[from] item: Leftovers
|-heal|p1a: Kingambit|85/100|[from] item: Leftovers
|upkeep
|turn|16
|
|t:|1758332521
|move|p2a: Necrozma|Heat Wave|p1a: Kingambit
|-supereffective|p1a: Kingambit
|-crit|p1a: Kingambit
|-damage|p1a: Kingambit|0 fnt
|faint|p1a: Kingambit
|-end|p1a: Kingambit|fallen1|[silent]
|
|-heal|p2a: Necrozma|97/100|[from] item: Leftovers
|upkeep
|-message|sleep2501340442 forfeited.
|
|win|malk tyme
|raw|sleep2501340442's rating: 1642 &rarr; <strong>1621</strong><br />(-21 for losing)
|raw|malk tyme's rating: 1623 &rarr; <strong>1644</strong><br />(+21 for winning)
|l|☆sleep2501340442
|player|p1|
|l|‽malk tyme
|player|p2|
