|j|☆pokeoscar35
|j|☆heyytheree
|t:|1758305153
|gametype|singles
|player|p1|pokeoscar35|rosa|1189
|player|p2|heyytheree|ruinmaniac|1149
|gen|9
|tier|[Gen 9] OU
|rated|
|rule|HP Percentage Mod: HP is shown in percentages
|rule|Endless Battle Clause: Forcing endless battles is banned
|rule|Species Clause: Limit one of each Pokémon
|rule|OHKO Clause: OHKO moves are banned
|rule|Evasion Items Clause: Evasion items are banned
|rule|Evasion Moves Clause: Evasion moves are banned
|rule|Evasion Abilities Clause: Evasion abilities are banned
|rule|Sleep Moves Clause: Sleep-inducing moves are banned
|clearpoke
|poke|p1|Araquanid, M|
|poke|p1|Hatterene, F|
|poke|p1|Kingambit, M|
|poke|p1|Moltres|
|poke|p1|Rillaboom, M|
|poke|p1|Kyurem|
|poke|p2|Exeggutor, F|
|poke|p2|Glimmora, M|
|poke|p2|Ninetales, F|
|poke|p2|Walking Wake|
|poke|p2|Gliscor, F|
|poke|p2|Tropius, F|
|teampreview
|
|t:|1758305163
|teamsize|p1|6
|teamsize|p2|6
|start
|switch|p1a: Araquanid|Araquanid, M|100/100
|switch|p2a: litterer|Glimmora, M|100/100
|turn|1
|
|t:|1758305169
|switch|p1a: Hatterene|Hatterene, F|100/100
|move|p2a: litterer|Stealth Rock|p1a: Hatterene
|move|p1a: Hatterene|Stealth Rock|p2a: litterer|[from] ability: Magic Bounce
|-sidestart|p2: heyytheree|move: Stealth Rock
|
|upkeep
|turn|2
|
|t:|1758305188
|move|p2a: litterer|Mortal Spin|p1a: Hatterene
|-supereffective|p1a: Hatterene
|-damage|p1a: Hatterene|89/100
|-status|p1a: Hatterene|psn
|-sideend|p2: heyytheree|Stealth Rock|[from] move: Mortal Spin|[of] p2a: litterer
|move|p1a: Hatterene|Mystical Fire|p2a: litterer
|-resisted|p2a: litterer
|-damage|p2a: litterer|89/100
|-unboost|p2a: litterer|spa|1
|
|-heal|p1a: Hatterene|95/100 psn|[from] item: Leftovers
|-damage|p1a: Hatterene|82/100 psn|[from] psn
|upkeep
|turn|3
|inactive|Battle timer is ON: inactive players will automatically lose when time's up. (requested by pokeoscar35)
|
|t:|1758305204
|switch|p2a: batman|Gliscor, F|100/100
|move|p1a: Hatterene|Psychic Noise|p2a: batman
|-damage|p2a: batman|62/100
|-start|p2a: batman|move: Heal Block
|
|-heal|p1a: Hatterene|88/100 psn|[from] item: Leftovers
|-damage|p1a: Hatterene|76/100 psn|[from] psn
|-status|p2a: batman|tox|[from] item: Toxic Orb
|upkeep
|turn|4
|
|t:|1758305216
|switch|p1a: Araquanid|Araquanid, M|100/100
|move|p2a: batman|Knock Off|p1a: Araquanid
|-damage|p1a: Araquanid|71/100
|-enditem|p1a: Araquanid|Custap Berry|[from] move: Knock Off|[of] p2a: batman
|
|-end|p2a: batman|move: Heal Block
|upkeep
|turn|5
|
|t:|1758305227
|move|p2a: batman|Fling|p1a: Araquanid
|-damage|p1a: Araquanid|62/100
|-status|p1a: Araquanid|tox
|-enditem|p2a: batman|Toxic Orb|[from] move: Fling
|move|p1a: Araquanid|Sticky Web|p2a: batman
|-sidestart|p2: heyytheree|move: Sticky Web
|
|-heal|p2a: batman|75/100 tox|[from] ability: Poison Heal
|-damage|p1a: Araquanid|55/100 tox|[from] psn
|upkeep
|turn|6
|
|t:|1758305245
|move|p2a: batman|Acrobatics|p1a: Araquanid
|-supereffective|p1a: Araquanid
|-damage|p1a: Araquanid|0 fnt
|faint|p1a: Araquanid
|
|-heal|p2a: batman|87/100 tox|[from] ability: Poison Heal
|upkeep
|
|t:|1758305253
|switch|p1a: Rillaboom|Rillaboom, M|100/100
|-fieldstart|move: Grassy Terrain|[from] ability: Grassy Surge|[of] p1a: Rillaboom
|turn|7
|
|t:|1758305256
|move|p1a: Rillaboom|Wood Hammer|p2a: batman
|-damage|p2a: batman|0 fnt
|faint|p2a: batman
|-damage|p1a: Rillaboom|71/100|[from] Recoil
|
|-heal|p1a: Rillaboom|77/100|[from] Grassy Terrain
|upkeep
|
|t:|1758305263
|switch|p2a: litterer|Glimmora, M|89/100
|-activate|p2a: litterer|move: Sticky Web
|-unboost|p2a: litterer|spe|1
|turn|8
|
|t:|1758305267
|move|p1a: Rillaboom|Wood Hammer|p2a: litterer
|-damage|p2a: litterer|0 fnt
|-activate|p2a: litterer|ability: Toxic Debris
|-sidestart|p1: pokeoscar35|move: Toxic Spikes
|faint|p2a: litterer
|-damage|p1a: Rillaboom|45/100|[from] Recoil
|
|-heal|p1a: Rillaboom|52/100|[from] Grassy Terrain
|upkeep
|
|t:|1758305279
|switch|p2a: Tropius|Tropius, F|100/100
|turn|9
|
|t:|1758305286
|switch|p1a: Moltres|Moltres|100/100
|move|p2a: Tropius|Air Slash|p1a: Moltres
|-damage|p1a: Moltres|87/100
|
|upkeep
|turn|10
|
|t:|1758305296
|switch|p2a: firefox|Ninetales, F|100/100
|-activate|p2a: firefox|move: Sticky Web
|-unboost|p2a: firefox|spe|1
|-weather|SunnyDay|[from] ability: Drought|[of] p2a: firefox
|move|p1a: Moltres|Will-O-Wisp|p2a: firefox
|-immune|p2a: firefox
|
|-weather|SunnyDay|[upkeep]
|upkeep
|turn|11
|
|t:|1758305309
|move|p2a: firefox|Encore|p1a: Moltres
|-start|p1a: Moltres|Encore
|move|p1a: Moltres|Will-O-Wisp|p2a: firefox
|-immune|p2a: firefox
|
|-weather|SunnyDay|[upkeep]
|-fieldend|move: Grassy Terrain
|upkeep
|turn|12
|inactive|pokeoscar35 has 120 seconds left.
|inactive|pokeoscar35 has 90 seconds left.
|
|t:|1758305373
|switch|p1a: Hatterene|Hatterene, F|76/100 psn
|move|p2a: firefox|Weather Ball|p1a: Hatterene
|-damage|p1a: Hatterene|17/100 psn
|
|-weather|SunnyDay|[upkeep]
|-heal|p1a: Hatterene|23/100 psn|[from] item: Leftovers
|-damage|p1a: Hatterene|10/100 psn|[from] psn
|upkeep
|turn|13
|
|t:|1758305388
|switch|p2a: kudzu|Exeggutor, F|100/100
|-activate|p2a: kudzu|move: Sticky Web
|-unboost|p2a: kudzu|spe|1
|move|p1a: Hatterene|Mystical Fire|p2a: kudzu
|-supereffective|p2a: kudzu
|-damage|p2a: kudzu|25/100
|-unboost|p2a: kudzu|spa|1
|-enditem|p2a: kudzu|Sitrus Berry|[eat]
|-heal|p2a: kudzu|50/100|[from] item: Sitrus Berry
|
|-weather|SunnyDay|[upkeep]
|-heal|p1a: Hatterene|16/100 psn|[from] item: Leftovers
|-damage|p1a: Hatterene|4/100 psn|[from] psn
|-item|p2a: kudzu|Sitrus Berry|[from] ability: Harvest
|upkeep
|-enditem|p2a: kudzu|Sitrus Berry|[eat]
|-heal|p2a: kudzu|75/100|[from] item: Sitrus Berry
|turn|14
|inactive|pokeoscar35 has 90 seconds left.
|inactive|heyytheree has 120 seconds left.
|
|t:|1758305418
|-terastallize|p2a: kudzu|Water
|move|p1a: Hatterene|Mystical Fire|p2a: kudzu
|-resisted|p2a: kudzu
|-damage|p2a: kudzu|58/100
|-unboost|p2a: kudzu|spa|1
|move|p2a: kudzu|Substitute|p2a: kudzu
|-start|p2a: kudzu|Substitute
|-damage|p2a: kudzu|33/100
|
|-weather|none
|-heal|p1a: Hatterene|10/100 psn|[from] item: Leftovers
|-damage|p1a: Hatterene|0 fnt|[from] psn
|faint|p1a: Hatterene
|-item|p2a: kudzu|Sitrus Berry|[from] ability: Harvest
|upkeep
|-enditem|p2a: kudzu|Sitrus Berry|[eat]
|-heal|p2a: kudzu|58/100|[from] item: Sitrus Berry
|
|t:|1758305427
|switch|p1a: Rillaboom|Rillaboom, M|52/100
|-status|p1a: Rillaboom|psn
|-fieldstart|move: Grassy Terrain|[from] ability: Grassy Surge|[of] p1a: Rillaboom
|turn|15
|inactive|heyytheree has 120 seconds left.
|
|t:|1758305445
|switch|p2a: firefox|Ninetales, F|100/100
|-activate|p2a: firefox|move: Sticky Web
|-unboost|p2a: firefox|spe|1
|-weather|SunnyDay|[from] ability: Drought|[of] p2a: firefox
|move|p1a: Rillaboom|Grassy Glide|p2a: firefox
|-resisted|p2a: firefox
|-damage|p2a: firefox|53/100
|
|-weather|SunnyDay|[upkeep]
|-heal|p1a: Rillaboom|58/100 psn|[from] Grassy Terrain
|-heal|p2a: firefox|59/100|[from] Grassy Terrain
|-heal|p2a: firefox|65/100|[from] item: Leftovers
|-damage|p1a: Rillaboom|45/100 psn|[from] psn
|upkeep
|turn|16
|inactive|heyytheree has 120 seconds left.
|inactive|pokeoscar35 has 90 seconds left.
|
|t:|1758305483
|move|p1a: Rillaboom|Grassy Glide|p2a: firefox
|-resisted|p2a: firefox
|-damage|p2a: firefox|19/100
|move|p2a: firefox|Weather Ball|p1a: Rillaboom
|-supereffective|p1a: Rillaboom
|-damage|p1a: Rillaboom|0 fnt
|faint|p1a: Rillaboom
|
|-weather|SunnyDay|[upkeep]
|-heal|p2a: firefox|25/100|[from] Grassy Terrain
|-heal|p2a: firefox|31/100|[from] item: Leftovers
|upkeep
|
|t:|1758305489
|switch|p1a: Kyurem|Kyurem|100/100
|-status|p1a: Kyurem|psn
|-ability|p1a: Kyurem|Pressure
|turn|17
|
|t:|1758305497
|move|p1a: Kyurem|Dragon Dance|p1a: Kyurem
|-boost|p1a: Kyurem|atk|1
|-boost|p1a: Kyurem|spe|1
|move|p2a: firefox|Weather Ball|p1a: Kyurem
|-damage|p1a: Kyurem|48/100 psn
|
|-weather|SunnyDay|[upkeep]
|-heal|p1a: Kyurem|54/100 psn|[from] Grassy Terrain
|-heal|p2a: firefox|37/100|[from] Grassy Terrain
|-heal|p2a: firefox|43/100|[from] item: Leftovers
|-damage|p1a: Kyurem|41/100 psn|[from] psn
|upkeep
|turn|18
|
|t:|1758305515
|move|p1a: Kyurem|Icicle Spear|p2a: firefox
|-resisted|p2a: firefox
|-damage|p2a: firefox|26/100
|-resisted|p2a: firefox
|-damage|p2a: firefox|9/100
|-resisted|p2a: firefox
|-damage|p2a: firefox|0 fnt
|faint|p2a: firefox
|-hitcount|p2: firefox|3
|
|-weather|SunnyDay|[upkeep]
|-heal|p1a: Kyurem|48/100 psn|[from] Grassy Terrain
|-damage|p1a: Kyurem|35/100 psn|[from] psn
|upkeep
|inactive|heyytheree has 120 seconds left.
|
|t:|1758305527
|switch|p2a: kudzu|Exeggutor, F, tera:Water|58/100
|-activate|p2a: kudzu|move: Sticky Web
|-unboost|p2a: kudzu|spe|1
|turn|19
|inactive|pokeoscar35 has 90 seconds left.
|inactive|pokeoscar35 has 60 seconds left.
|
|t:|1758305577
|-terastallize|p1a: Kyurem|Electric
|move|p1a: Kyurem|Tera Blast|p2a: kudzu|[anim] Tera Blast Electric
|-supereffective|p2a: kudzu
|-damage|p2a: kudzu|0 fnt
|faint|p2a: kudzu
|
|-weather|none
|-heal|p1a: Kyurem|41/100 psn|[from] Grassy Terrain
|-damage|p1a: Kyurem|29/100 psn|[from] psn
|-fieldend|move: Grassy Terrain
|upkeep
|inactive|heyytheree has 120 seconds left.
|c|☆pokeoscar35|ggs
|
|t:|1758305594
|switch|p2a: Tropius|Tropius, F|100/100
|turn|20
|inactive|heyytheree has 120 seconds left.
|
|t:|1758305609
|move|p1a: Kyurem|Icicle Spear|p2a: Tropius
|-supereffective|p2a: Tropius
|-damage|p2a: Tropius|29/100
|-enditem|p2a: Tropius|Sitrus Berry|[eat]
|-heal|p2a: Tropius|54/100|[from] item: Sitrus Berry
|-supereffective|p2a: Tropius
|-damage|p2a: Tropius|0 fnt
|faint|p2a: Tropius
|-hitcount|p2: Tropius|2
|
|-damage|p1a: Kyurem|17/100 psn|[from] psn
|upkeep
|-message|heyytheree forfeited.
|
|win|pokeoscar35
|raw|pokeoscar35's rating: 1189 &rarr; <strong>1211</strong><br />(+22 for winning)
|raw|heyytheree's rating: 1149 &rarr; <strong>1127</strong><br />(-22 for losing)
|l|☆heyytheree
|player|p2|
|l|☆pokeoscar35
|player|p1|
