|j|☆Real Glim Shady
|j|☆AllegianceIs2UrMom
|t:|1758357688
|gametype|singles
|player|p1|Real Glim Shady|dragontamer|1594
|player|p2|AllegianceIs2UrMom|102|1569
|gen|9
|tier|[Gen 9] OU
|rated|
|rule|HP Percentage Mod: HP is shown in percentages
|rule|Endless Battle Clause: Forcing endless battles is banned
|rule|Species Clause: Limit one of each Pokémon
|rule|OHKO Clause: OHKO moves are banned
|rule|Evasion Items Clause: Evasion items are banned
|rule|Evasion Moves Clause: Evasion moves are banned
|rule|Evasion Abilities Clause: Evasion abilities are banned
|rule|Sleep Moves Clause: Sleep-inducing moves are banned
|clearpoke
|poke|p1|Tyranitar, F|
|poke|p1|Heatran, M|
|poke|p1|Tornadus-Therian, M|
|poke|p1|Excadrill, M|
|poke|p1|Iron Valiant|
|poke|p1|Hydrapple, F|
|poke|p2|Metagross|
|poke|p2|Hatterene, F|
|poke|p2|Iron Hands|
|poke|p2|Toedscruel, F|
|poke|p2|Pelipper, M|
|poke|p2|Ursaluna, F|
|teampreview
|inactive|Battle timer is ON: inactive players will automatically lose when time's up. (requested by Real Glim Shady)
|j| DoubleDVictory
|
|t:|1758357704
|teamsize|p1|6
|teamsize|p2|6
|start
|switch|p1a: Heatran|Heatran, M|100/100
|switch|p2a: Pelipper|Pelipper, M|100/100
|-weather|RainDance|[from] ability: Drizzle|[of] p2a: Pelipper
|turn|1
|l| DoubleDVictory
|
|t:|1758357710
|switch|p2a: Hatterene|Hatterene, F|100/100
|move|p1a: Heatran|Protect||[still]
|-fail|p1a: Heatran
|
|-weather|RainDance|[upkeep]
|upkeep
|turn|2
|
|t:|1758357715
|move|p1a: Heatran|Magma Storm|p2a: Hatterene
|-damage|p2a: Hatterene|73/100
|-activate|p2a: Hatterene|move: Magma Storm|[of] p1a: Heatran
|move|p2a: Hatterene|Trick Room|p2a: Hatterene
|-fieldstart|move: Trick Room|[of] p2a: Hatterene
|
|-weather|RainDance|[upkeep]
|-heal|p2a: Hatterene|79/100|[from] item: Leftovers
|-damage|p2a: Hatterene|67/100|[from] move: Magma Storm|[partiallytrapped]
|upkeep
|turn|3
|
|t:|1758357731
|move|p1a: Heatran|Protect|p1a: Heatran
|-singleturn|p1a: Heatran|Protect
|move|p2a: Hatterene|Healing Wish|p2a: Hatterene
|faint|p2a: Hatterene
|
|-weather|RainDance|[upkeep]
|upkeep
|
|t:|1758357734
|switch|p2a: Pelipper|Pelipper, M|100/100
|turn|4
|
|t:|1758357740
|switch|p1a: Tyranitar|Tyranitar, F|100/100
|-weather|Sandstorm|[from] ability: Sand Stream|[of] p1a: Tyranitar
|move|p2a: Pelipper|Weather Ball|p1a: Tyranitar
|-damage|p1a: Tyranitar|88/100
|
|-weather|Sandstorm|[upkeep]
|-damage|p2a: Pelipper|94/100|[from] Sandstorm
|-heal|p1a: Tyranitar|95/100|[from] item: Leftovers
|upkeep
|turn|5
|
|t:|1758357749
|switch|p2a: Iron Hands|Iron Hands|100/100
|move|p1a: Tyranitar|Stealth Rock|p2a: Iron Hands
|-sidestart|p2: AllegianceIs2UrMom|move: Stealth Rock
|
|-weather|Sandstorm|[upkeep]
|-damage|p2a: Iron Hands|94/100|[from] Sandstorm
|-heal|p2a: Iron Hands|100/100|[from] item: Leftovers
|-heal|p1a: Tyranitar|100/100|[from] item: Leftovers
|upkeep
|turn|6
|
|t:|1758357755
|switch|p1a: Hydrapple|Hydrapple, F|100/100
|move|p2a: Iron Hands|Swords Dance|p2a: Iron Hands
|-boost|p2a: Iron Hands|atk|2
|
|-weather|Sandstorm|[upkeep]
|-damage|p2a: Iron Hands|94/100|[from] Sandstorm
|-damage|p1a: Hydrapple|94/100|[from] Sandstorm
|-heal|p2a: Iron Hands|100/100|[from] item: Leftovers
|-fieldend|move: Trick Room
|upkeep
|turn|7
|
|t:|1758357760
|move|p1a: Hydrapple|Earth Power|p2a: Iron Hands
|-supereffective|p2a: Iron Hands
|-damage|p2a: Iron Hands|58/100
|move|p2a: Iron Hands|Ice Punch|p1a: Hydrapple
|-supereffective|p1a: Hydrapple
|-damage|p1a: Hydrapple|0 fnt
|-damage|p2a: Iron Hands|41/100|[from] item: Rocky Helmet|[of] p1a: Hydrapple
|faint|p1a: Hydrapple
|
|-weather|Sandstorm|[upkeep]
|-damage|p2a: Iron Hands|35/100|[from] Sandstorm
|-heal|p2a: Iron Hands|41/100|[from] item: Leftovers
|upkeep
|
|t:|1758357778
|switch|p1a: Heatran|Heatran, M|100/100
|turn|8
|
|t:|1758357780
|move|p1a: Heatran|Magma Storm|p2a: Iron Hands
|-damage|p2a: Iron Hands|0 fnt
|faint|p2a: Iron Hands
|-end|p2a: Iron Hands|Quark Drive|[silent]
|
|-weather|none
|upkeep
|
|t:|1758357786
|switch|p2a: Toedscruel|Toedscruel, F|100/100
|-damage|p2a: Toedscruel|94/100|[from] Stealth Rock
|turn|9
|
|t:|1758357797
|-terastallize|p1a: Heatran|Grass
|move|p2a: Toedscruel|Earth Power|p1a: Heatran
|-resisted|p1a: Heatran
|-damage|p1a: Heatran|88/100
|-unboost|p1a: Heatran|spd|1
|move|p1a: Heatran|Magma Storm|p2a: Toedscruel
|-supereffective|p2a: Toedscruel
|-damage|p2a: Toedscruel|30/100
|-activate|p2a: Toedscruel|move: Magma Storm|[of] p1a: Heatran
|
|-heal|p2a: Toedscruel|36/100|[from] item: Leftovers
|-heal|p1a: Heatran|94/100|[from] item: Leftovers
|-damage|p2a: Toedscruel|23/100|[from] move: Magma Storm|[partiallytrapped]
|upkeep
|turn|10
|
|t:|1758357809
|move|p1a: Heatran|Protect|p1a: Heatran
|-singleturn|p1a: Heatran|Protect
|move|p2a: Toedscruel|Rapid Spin|p1a: Heatran
|-activate|p1a: Heatran|move: Protect
|
|-heal|p2a: Toedscruel|29/100|[from] item: Leftovers
|-heal|p1a: Heatran|99/100|[from] item: Leftovers
|-damage|p2a: Toedscruel|17/100|[from] move: Magma Storm|[partiallytrapped]
|upkeep
|turn|11
|
|t:|1758357831
|move|p2a: Toedscruel|Rapid Spin|p1a: Heatran
|-crit|p1a: Heatran
|-damage|p1a: Heatran|89/100
|-boost|p2a: Toedscruel|spe|1
|-sideend|p2: AllegianceIs2UrMom|Stealth Rock|[from] move: Rapid Spin|[of] p2a: Toedscruel
|-end|p2a: Toedscruel|Magma Storm|[partiallytrapped]
|move|p1a: Heatran|Earth Power|p2a: Toedscruel
|-resisted|p2a: Toedscruel
|-damage|p2a: Toedscruel|6/100
|
|-heal|p2a: Toedscruel|12/100|[from] item: Leftovers
|-heal|p1a: Heatran|95/100|[from] item: Leftovers
|upkeep
|turn|12
|
|t:|1758357837
|move|p1a: Heatran|Magma Storm|p2a: Toedscruel
|-supereffective|p2a: Toedscruel
|-damage|p2a: Toedscruel|0 fnt
|faint|p2a: Toedscruel
|
|-heal|p1a: Heatran|100/100|[from] item: Leftovers
|upkeep
|
|t:|1758357840
|switch|p2a: Pelipper|Pelipper, M|94/100
|-heal|p2a: Pelipper|100/100|[from] move: Healing Wish
|-weather|RainDance|[from] ability: Drizzle|[of] p2a: Pelipper
|turn|13
|
|t:|1758357843
|switch|p1a: Tyranitar|Tyranitar, F|100/100
|-weather|Sandstorm|[from] ability: Sand Stream|[of] p1a: Tyranitar
|move|p2a: Pelipper|Hurricane|p1a: Tyranitar
|-resisted|p1a: Tyranitar
|-damage|p1a: Tyranitar|90/100
|
|-weather|Sandstorm|[upkeep]
|-damage|p2a: Pelipper|94/100|[from] Sandstorm
|-heal|p1a: Tyranitar|96/100|[from] item: Leftovers
|upkeep
|turn|14
|-message|AllegianceIs2UrMom forfeited.
|
|win|Real Glim Shady
|raw|Real Glim Shady's rating: 1594 &rarr; <strong>1613</strong><br />(+19 for winning)
|raw|AllegianceIs2UrMom's rating: 1569 &rarr; <strong>1550</strong><br />(-19 for losing)
|l|☆AllegianceIs2UrMom
|player|p2|
|l|☆Real Glim Shady
|player|p1|
