|j|☆Baby Monster MAGA
|j|☆BTraytor
|t:|1758377838
|gametype|singles
|player|p1|Baby Monster MAGA|265|1410
|player|p2|BTraytor|silver|1453
|gen|9
|tier|[Gen 9] OU
|rated|
|rule|HP Percentage Mod: HP is shown in percentages
|rule|Endless Battle Clause: Forcing endless battles is banned
|rule|Species Clause: Limit one of each Pokémon
|rule|OHKO Clause: OHKO moves are banned
|rule|Evasion Items Clause: Evasion items are banned
|rule|Evasion Moves Clause: Evasion moves are banned
|rule|Evasion Abilities Clause: Evasion abilities are banned
|rule|Sleep Moves Clause: Sleep-inducing moves are banned
|clearpoke
|poke|p1|Torkoal, F|
|poke|p1|Hatterene, F|
|poke|p1|Espeon, M|
|poke|p1|Weavile, F|
|poke|p1|Walking Wake|
|poke|p1|Charizard, F|
|poke|p2|Conkeldurr, M|
|poke|p2|Alomomola, F|
|poke|p2|Garganacl, M|
|poke|p2|Sinistcha|
|poke|p2|Landorus-Therian, M|
|poke|p2|Kingambit, F|
|teampreview
|inactive|Battle timer is ON: inactive players will automatically lose when time's up. (requested by Baby Monster MAGA)
|
|t:|1758377849
|teamsize|p1|6
|teamsize|p2|6
|start
|switch|p1a: Torkoal|Torkoal, F|100/100
|switch|p2a: Garganacl|Garganacl, M|100/100
|-weather|SunnyDay|[from] ability: Drought|[of] p1a: Torkoal
|turn|1
|
|t:|1758377858
|switch|p1a: Hatterene|Hatterene, F|100/100
|move|p2a: Garganacl|Salt Cure|p1a: Hatterene
|-damage|p1a: Hatterene|88/100
|-start|p1a: Hatterene|Salt Cure
|-enditem|p1a: Hatterene|Eject Button
|
|t:|1758377861
|switch|p1a: Walking Wake|Walking Wake|100/100
|-activate|p1a: Walking Wake|ability: Protosynthesis
|-start|p1a: Walking Wake|protosynthesisspa
|
|-weather|SunnyDay|[upkeep]
|upkeep
|turn|2
|
|t:|1758377871
|move|p2a: Garganacl|Protect|p2a: Garganacl
|-singleturn|p2a: Garganacl|Protect
|move|p1a: Walking Wake|Hydro Steam|p2a: Garganacl
|-activate|p2a: Garganacl|move: Protect
|
|-weather|SunnyDay|[upkeep]
|upkeep
|turn|3
|
|t:|1758377881
|-terastallize|p2a: Garganacl|Fairy
|move|p1a: Walking Wake|Hydro Steam|p2a: Garganacl
|-damage|p2a: Garganacl|24/100
|move|p2a: Garganacl|Salt Cure|p1a: Walking Wake
|-damage|p1a: Walking Wake|84/100
|-start|p1a: Walking Wake|Salt Cure
|
|-weather|SunnyDay|[upkeep]
|-heal|p2a: Garganacl|30/100|[from] item: Leftovers
|-damage|p1a: Walking Wake|59/100|[from] Salt Cure
|upkeep
|turn|4
|
|t:|1758377891
|-end|p1a: Walking Wake|Protosynthesis|[silent]
|switch|p1a: Charizard|Charizard, F|100/100
|move|p2a: Garganacl|Protect||[still]
|-fail|p2a: Garganacl
|
|-weather|SunnyDay|[upkeep]
|-damage|p1a: Charizard|88/100|[from] ability: Solar Power|[of] p1a: Charizard
|-heal|p2a: Garganacl|36/100|[from] item: Leftovers
|upkeep
|turn|5
|
|t:|1758377901
|move|p2a: Garganacl|Protect|p2a: Garganacl
|-singleturn|p2a: Garganacl|Protect
|move|p1a: Charizard|Weather Ball|p2a: Garganacl
|-activate|p2a: Garganacl|move: Protect
|
|-weather|SunnyDay|[upkeep]
|-damage|p1a: Charizard|76/100|[from] ability: Solar Power|[of] p1a: Charizard
|-heal|p2a: Garganacl|42/100|[from] item: Leftovers
|upkeep
|turn|6
|
|t:|1758377911
|switch|p2a: Alomomola|Alomomola, F|100/100
|move|p1a: Charizard|Weather Ball|p2a: Alomomola
|-resisted|p2a: Alomomola
|-damage|p2a: Alomomola|4/100
|
|-weather|SunnyDay|[upkeep]
|-damage|p1a: Charizard|63/100|[from] ability: Solar Power|[of] p1a: Charizard
|upkeep
|turn|7
|
|t:|1758377922
|move|p2a: Alomomola|Protect|p2a: Alomomola
|-singleturn|p2a: Alomomola|Protect
|move|p1a: Charizard|Weather Ball|p2a: Alomomola
|-activate|p2a: Alomomola|move: Protect
|
|-weather|SunnyDay|[upkeep]
|-damage|p1a: Charizard|51/100|[from] ability: Solar Power|[of] p1a: Charizard
|upkeep
|turn|8
|
|t:|1758377943
|move|p2a: Alomomola|Protect||[still]
|-fail|p2a: Alomomola
|move|p1a: Charizard|Weather Ball|p2a: Alomomola
|-resisted|p2a: Alomomola
|-crit|p2a: Alomomola
|-damage|p2a: Alomomola|0 fnt
|faint|p2a: Alomomola
|
|-weather|none
|upkeep
|inactive|BTraytor has 120 seconds left.
|
|t:|1758377963
|switch|p2a: Conkeldurr|Conkeldurr, M|100/100
|turn|9
|
|t:|1758377971
|switch|p1a: Torkoal|Torkoal, F|100/100
|-weather|SunnyDay|[from] ability: Drought|[of] p1a: Torkoal
|move|p2a: Conkeldurr|Knock Off|p1a: Torkoal
|-damage|p1a: Torkoal|78/100
|-enditem|p1a: Torkoal|Heat Rock|[from] move: Knock Off|[of] p2a: Conkeldurr
|
|-weather|SunnyDay|[upkeep]
|-status|p2a: Conkeldurr|brn|[from] item: Flame Orb
|upkeep
|turn|10
|
|t:|1758377981
|switch|p1a: Weavile|Weavile, F|100/100
|-ability|p1a: Weavile|Pressure
|move|p2a: Conkeldurr|Close Combat|p1a: Weavile
|-supereffective|p1a: Weavile
|-damage|p1a: Weavile|0 fnt
|-unboost|p2a: Conkeldurr|def|1
|-unboost|p2a: Conkeldurr|spd|1
|faint|p1a: Weavile
|
|-weather|SunnyDay|[upkeep]
|-damage|p2a: Conkeldurr|95/100 brn|[from] brn
|upkeep
|
|t:|1758377990
|switch|p1a: Walking Wake|Walking Wake|59/100
|-activate|p1a: Walking Wake|ability: Protosynthesis
|-start|p1a: Walking Wake|protosynthesisspa
|turn|11
|
|t:|1758378008
|move|p2a: Conkeldurr|Mach Punch|p1a: Walking Wake
|-damage|p1a: Walking Wake|21/100
|move|p1a: Walking Wake|Flamethrower|p2a: Conkeldurr
|-damage|p2a: Conkeldurr|0 fnt
|faint|p2a: Conkeldurr
|
|-weather|SunnyDay|[upkeep]
|upkeep
|
|t:|1758378020
|switch|p2a: Landorus|Landorus-Therian, M|100/100
|-ability|p2a: Landorus|Intimidate|boost
|-unboost|p1a: Walking Wake|atk|1
|turn|12
|
|t:|1758378025
|move|p2a: Landorus|Earthquake|p1a: Walking Wake
|-damage|p1a: Walking Wake|0 fnt
|faint|p1a: Walking Wake
|-end|p1a: Walking Wake|Protosynthesis|[silent]
|
|-weather|SunnyDay|[upkeep]
|upkeep
|
|t:|1758378028
|switch|p1a: Charizard|Charizard, F|51/100
|turn|13
|
|t:|1758378032
|switch|p2a: Garganacl|Garganacl, M, tera:Fairy|42/100
|move|p1a: Charizard|Weather Ball|p2a: Garganacl
|-damage|p2a: Garganacl|0 fnt
|faint|p2a: Garganacl
|
|-weather|SunnyDay|[upkeep]
|-damage|p1a: Charizard|38/100|[from] ability: Solar Power|[of] p1a: Charizard
|upkeep
|
|t:|1758378042
|switch|p2a: Kingambit|Kingambit, F|100/100
|-activate|p2a: Kingambit|ability: Supreme Overlord
|-start|p2a: Kingambit|fallen3|[silent]
|turn|14
|
|t:|1758378052
|switch|p1a: Torkoal|Torkoal, F|78/100
|move|p2a: Kingambit|Sucker Punch||[still]
|-fail|p2a: Kingambit
|
|-weather|SunnyDay|[upkeep]
|upkeep
|turn|15
|
|t:|1758378077
|-end|p2a: Kingambit|fallen3|[silent]
|switch|p2a: Landorus|Landorus-Therian, M|100/100
|-ability|p2a: Landorus|Intimidate|boost
|-unboost|p1a: Torkoal|atk|1
|move|p1a: Torkoal|Lava Plume|p2a: Landorus
|-damage|p2a: Landorus|53/100
|
|-weather|SunnyDay|[upkeep]
|upkeep
|turn|16
|
|t:|1758378087
|-terastallize|p1a: Torkoal|Flying
|move|p2a: Landorus|Stone Edge|p1a: Torkoal
|-supereffective|p1a: Torkoal
|-damage|p1a: Torkoal|33/100
|move|p1a: Torkoal|Lava Plume|p2a: Landorus
|-damage|p2a: Landorus|8/100
|-status|p2a: Landorus|brn
|
|-weather|none
|-damage|p2a: Landorus|2/100 brn|[from] brn
|upkeep
|turn|17
|
|t:|1758378101
|switch|p1a: Hatterene|Hatterene, F|88/100
|move|p2a: Landorus|Stone Edge|p1a: Hatterene
|-damage|p1a: Hatterene|74/100
|
|-damage|p2a: Landorus|0 fnt|[from] brn
|faint|p2a: Landorus
|upkeep
|
|t:|1758378108
|switch|p2a: Sinistcha|Sinistcha|100/100
|turn|18
|
|t:|1758378117
|switch|p1a: Torkoal|Torkoal, F, tera:Flying|33/100
|-weather|SunnyDay|[from] ability: Drought|[of] p1a: Torkoal
|move|p2a: Sinistcha|Calm Mind|p2a: Sinistcha
|-boost|p2a: Sinistcha|spa|1
|-boost|p2a: Sinistcha|spd|1
|
|-weather|SunnyDay|[upkeep]
|upkeep
|turn|19
|
|t:|1758378125
|switch|p1a: Espeon|Espeon, M|100/100
|move|p2a: Sinistcha|Calm Mind|p2a: Sinistcha
|-boost|p2a: Sinistcha|spa|1
|-boost|p2a: Sinistcha|spd|1
|
|-weather|SunnyDay|[upkeep]
|upkeep
|turn|20
|
|t:|1758378134
|move|p1a: Espeon|Future Sight|p2a: Sinistcha
|-start|p1a: Espeon|move: Future Sight
|move|p2a: Sinistcha|Shadow Ball|p1a: Espeon
|-supereffective|p1a: Espeon
|-crit|p1a: Espeon
|-enditem|p1a: Espeon|Focus Sash
|-damage|p1a: Espeon|1/100
|
|-weather|SunnyDay|[upkeep]
|upkeep
|turn|21
|
|t:|1758378142
|move|p1a: Espeon|Psychic|p2a: Sinistcha
|-damage|p2a: Sinistcha|72/100
|-unboost|p2a: Sinistcha|spd|1
|move|p2a: Sinistcha|Matcha Gotcha|p1a: Espeon
|-damage|p1a: Espeon|0 fnt
|-heal|p2a: Sinistcha|73/100|[from] drain|[of] p1a: Espeon
|faint|p1a: Espeon
|
|-weather|SunnyDay|[upkeep]
|upkeep
|
|t:|1758378144
|switch|p1a: Charizard|Charizard, F|38/100
|turn|22
|
|t:|1758378155
|move|p1a: Charizard|Overheat|p2a: Sinistcha
|-supereffective|p2a: Sinistcha
|-damage|p2a: Sinistcha|0 fnt
|-unboost|p1a: Charizard|spa|2
|faint|p2a: Sinistcha
|
|-weather|none
|-hint|Future Sight did not hit because the target is fainted.
|upkeep
|
|t:|1758378162
|switch|p2a: Kingambit|Kingambit, F|100/100
|-activate|p2a: Kingambit|ability: Supreme Overlord
|-start|p2a: Kingambit|fallen5|[silent]
|turn|23
|
|t:|1758378166
|switch|p1a: Torkoal|Torkoal, F, tera:Flying|33/100
|-weather|SunnyDay|[from] ability: Drought|[of] p1a: Torkoal
|move|p2a: Kingambit|Sucker Punch||[still]
|-fail|p2a: Kingambit
|
|-weather|SunnyDay|[upkeep]
|upkeep
|turn|24
|
|t:|1758378173
|move|p2a: Kingambit|Sucker Punch||[still]
|-fail|p2a: Kingambit
|move|p1a: Torkoal|Will-O-Wisp|p2a: Kingambit
|-status|p2a: Kingambit|brn
|
|-weather|SunnyDay|[upkeep]
|-damage|p2a: Kingambit|94/100 brn|[from] brn
|upkeep
|turn|25
|-message|BTraytor forfeited.
|
|win|Baby Monster MAGA
|raw|Baby Monster MAGA's rating: 1410 &rarr; <strong>1432</strong><br />(+22 for winning)
|raw|BTraytor's rating: 1453 &rarr; <strong>1431</strong><br />(-22 for losing)
|l|☆BTraytor
|player|p2|
|l|☆Baby Monster MAGA
|player|p1|
