|j|☆snoppp
|j|☆aaron200589
|t:|1758344185
|gametype|singles
|player|p1|snoppp|bruno|1268
|player|p2|aaron200589|giovanni|1235
|gen|9
|tier|[Gen 9] OU
|rated|
|rule|HP Percentage Mod: HP is shown in percentages
|rule|Endless Battle Clause: Forcing endless battles is banned
|rule|Species Clause: Limit one of each Pokémon
|rule|OHKO Clause: OHKO moves are banned
|rule|Evasion Items Clause: Evasion items are banned
|rule|Evasion Moves Clause: Evasion moves are banned
|rule|Evasion Abilities Clause: Evasion abilities are banned
|rule|Sleep Moves Clause: Sleep-inducing moves are banned
|clearpoke
|poke|p1|Hatterene, F|
|poke|p1|Ninetales, F|
|poke|p1|Walking Wake|
|poke|p1|Raging Bolt|
|poke|p1|Ceruledge, M|
|poke|p1|Great Tusk|
|poke|p2|Ursaluna, F|
|poke|p2|Hatterene, F|
|poke|p2|Glastrier|
|poke|p2|Mimikyu, M|
|poke|p2|Cresselia, F|
|poke|p2|Great Tusk|
|teampreview
|
|t:|1758344193
|teamsize|p1|6
|teamsize|p2|6
|start
|switch|p1a: Ninetales|Ninetales, F|100/100
|switch|p2a: Great Tusk|Great Tusk|100/100
|-weather|SunnyDay|[from] ability: Drought|[of] p1a: Ninetales
|-activate|p2a: Great Tusk|ability: Protosynthesis
|-start|p2a: Great Tusk|protosynthesisatk
|turn|1
|
|t:|1758344205
|move|p1a: Ninetales|Will-O-Wisp|p2a: Great Tusk
|-status|p2a: Great Tusk|brn
|move|p2a: Great Tusk|Headlong Rush|p1a: Ninetales
|-supereffective|p1a: Ninetales
|-damage|p1a: Ninetales|0 fnt
|-unboost|p2a: Great Tusk|def|1
|-unboost|p2a: Great Tusk|spd|1
|faint|p1a: Ninetales
|
|-weather|SunnyDay|[upkeep]
|-damage|p2a: Great Tusk|94/100 brn|[from] brn
|upkeep
|
|t:|1758344223
|switch|p1a: Ceruledge|Ceruledge, M|100/100
|turn|2
|
|t:|1758344239
|-end|p2a: Great Tusk|Protosynthesis|[silent]
|switch|p2a: Mimikyu|Mimikyu, M|100/100
|move|p1a: Ceruledge|Swords Dance|p1a: Ceruledge
|-boost|p1a: Ceruledge|atk|2
|
|-weather|SunnyDay|[upkeep]
|upkeep
|turn|3
|
|t:|1758344255
|move|p2a: Mimikyu|Trick|p1a: Ceruledge
|-activate|p2a: Mimikyu|move: Trick|[of] p1a: Ceruledge
|-item|p1a: Ceruledge|Choice Scarf|[from] move: Trick
|-item|p2a: Mimikyu|Focus Sash|[from] move: Trick
|move|p1a: Ceruledge|Bitter Blade|p2a: Mimikyu
|-activate|p2a: Mimikyu|ability: Disguise
|-damage|p2a: Mimikyu|100/100
|detailschange|p2a: Mimikyu|Mimikyu-Busted, M
|-damage|p2a: Mimikyu|88/100|[from] pokemon: Mimikyu-Busted
|
|-weather|SunnyDay|[upkeep]
|upkeep
|turn|4
|
|t:|1758344273
|move|p1a: Ceruledge|Bitter Blade|p2a: Mimikyu
|-damage|p2a: Mimikyu|0 fnt
|faint|p2a: Mimikyu
|
|-weather|SunnyDay|[upkeep]
|upkeep
|
|t:|1758344284
|switch|p2a: Cresselia|Cresselia, F|100/100
|turn|5
|
|t:|1758344303
|-terastallize|p2a: Cresselia|Fairy
|move|p1a: Ceruledge|Bitter Blade|p2a: Cresselia
|-damage|p2a: Cresselia|4/100
|move|p2a: Cresselia|Trick Room|p2a: Cresselia
|-fieldstart|move: Trick Room|[of] p2a: Cresselia
|
|-weather|SunnyDay|[upkeep]
|upkeep
|turn|6
|
|t:|1758344316
|move|p2a: Cresselia|Lunar Dance|p2a: Cresselia
|faint|p2a: Cresselia
|move|p1a: Ceruledge|Bitter Blade|p2: Cresselia|[notarget]
|-fail|p1a: Ceruledge
|
|-weather|SunnyDay|[upkeep]
|upkeep
|
|t:|1758344323
|switch|p2a: Great Tusk|Great Tusk|94/100 brn
|-heal|p2a: Great Tusk|100/100|[from] move: Lunar Dance
|-activate|p2a: Great Tusk|ability: Protosynthesis
|-start|p2a: Great Tusk|protosynthesisatk
|turn|7
|
|t:|1758344340
|switch|p1a: Great Tusk|Great Tusk|100/100
|-activate|p1a: Great Tusk|ability: Protosynthesis
|-start|p1a: Great Tusk|protosynthesisatk
|move|p2a: Great Tusk|Headlong Rush|p1a: Great Tusk
|-damage|p1a: Great Tusk|36/100
|-unboost|p2a: Great Tusk|def|1
|-unboost|p2a: Great Tusk|spd|1
|
|-weather|SunnyDay|[upkeep]
|upkeep
|turn|8
|
|t:|1758344354
|move|p2a: Great Tusk|Headlong Rush|p1a: Great Tusk
|-damage|p1a: Great Tusk|0 fnt
|-unboost|p2a: Great Tusk|def|1
|-unboost|p2a: Great Tusk|spd|1
|faint|p1a: Great Tusk
|-end|p1a: Great Tusk|Protosynthesis|[silent]
|
|-weather|none
|-end|p2a: Great Tusk|Protosynthesis
|upkeep
|
|t:|1758344356
|switch|p1a: Hatterene|Hatterene, F|100/100
|turn|9
|
|t:|1758344367
|move|p2a: Great Tusk|Headlong Rush|p1a: Hatterene
|-damage|p1a: Hatterene|41/100
|-unboost|p2a: Great Tusk|def|1
|-unboost|p2a: Great Tusk|spd|1
|-enditem|p1a: Hatterene|Eject Button
|
|t:|1758344378
|switch|p1a: Walking Wake|Walking Wake|100/100
|
|-fieldend|move: Trick Room
|upkeep
|turn|10
|
|t:|1758344384
|move|p1a: Walking Wake|Hydro Steam|p2a: Great Tusk
|-supereffective|p2a: Great Tusk
|-damage|p2a: Great Tusk|0 fnt
|faint|p2a: Great Tusk
|-end|p2a: Great Tusk|Protosynthesis|[silent]
|
|upkeep
|
|t:|1758344393
|switch|p2a: Hatterene|Hatterene, F|100/100
|turn|11
|
|t:|1758344398
|move|p1a: Walking Wake|Hydro Steam|p2a: Hatterene
|-damage|p2a: Hatterene|62/100
|move|p2a: Hatterene|Trick Room|p2a: Hatterene
|-fieldstart|move: Trick Room|[of] p2a: Hatterene
|
|upkeep
|turn|12
|
|t:|1758344405
|-terastallize|p1a: Walking Wake|Water
|move|p2a: Hatterene|Draining Kiss|p1a: Walking Wake
|-damage|p1a: Walking Wake|74/100
|-heal|p2a: Hatterene|83/100|[from] drain|[of] p1a: Walking Wake
|move|p1a: Walking Wake|Hydro Steam|p2a: Hatterene
|-damage|p2a: Hatterene|21/100
|
|upkeep
|turn|13
|
|t:|1758344420
|move|p2a: Hatterene|Healing Wish|p2a: Hatterene
|faint|p2a: Hatterene
|move|p1a: Walking Wake|Hydro Steam|p2: Hatterene|[notarget]
|-fail|p1a: Walking Wake
|
|upkeep
|
|t:|1758344429
|switch|p2a: Glastrier|Glastrier|100/100
|turn|14
|
|t:|1758344434
|move|p2a: Glastrier|Close Combat|p1a: Walking Wake
|-damage|p1a: Walking Wake|18/100
|-unboost|p2a: Glastrier|def|1
|-unboost|p2a: Glastrier|spd|1
|move|p1a: Walking Wake|Hydro Steam|p2a: Glastrier
|-damage|p2a: Glastrier|40/100
|-enditem|p2a: Glastrier|Sitrus Berry|[eat]
|-heal|p2a: Glastrier|65/100|[from] item: Sitrus Berry
|
|upkeep
|turn|15
|
|t:|1758344446
|move|p2a: Glastrier|Close Combat|p1a: Walking Wake
|-damage|p1a: Walking Wake|0 fnt
|-unboost|p2a: Glastrier|def|1
|-unboost|p2a: Glastrier|spd|1
|faint|p1a: Walking Wake
|-end|p1a: Walking Wake|Protosynthesis|[silent]
|-ability|p2a: Glastrier|Chilling Neigh|boost
|-boost|p2a: Glastrier|atk|1
|
|-fieldend|move: Trick Room
|upkeep
|
|t:|1758344449
|switch|p1a: Ceruledge|Ceruledge, M|100/100
|turn|16
|
|t:|1758344458
|move|p1a: Ceruledge|Bitter Blade|p2a: Glastrier
|-supereffective|p2a: Glastrier
|-damage|p2a: Glastrier|0 fnt
|faint|p2a: Glastrier
|
|upkeep
|
|t:|1758344464
|switch|p2a: Ursaluna|Ursaluna, F|100/100
|turn|17
|
|t:|1758344471
|move|p1a: Ceruledge|Bitter Blade|p2a: Ursaluna
|-damage|p2a: Ursaluna|68/100
|move|p2a: Ursaluna|Headlong Rush|p1a: Ceruledge
|-supereffective|p1a: Ceruledge
|-damage|p1a: Ceruledge|0 fnt
|-unboost|p2a: Ursaluna|def|1
|-unboost|p2a: Ursaluna|spd|1
|faint|p1a: Ceruledge
|
|-status|p2a: Ursaluna|brn|[from] item: Flame Orb
|upkeep
|
|t:|1758344477
|switch|p1a: Hatterene|Hatterene, F|41/100
|turn|18
|
|t:|1758344486
|move|p2a: Ursaluna|Facade|p1a: Hatterene
|-damage|p1a: Hatterene|0 fnt
|faint|p1a: Hatterene
|
|-damage|p2a: Ursaluna|62/100 brn|[from] brn
|upkeep
|
|t:|1758344488
|switch|p1a: Raging Bolt|Raging Bolt|100/100
|turn|19
|
|t:|1758344496
|move|p1a: Raging Bolt|Draco Meteor|p2a: Ursaluna|[miss]
|-miss|p1a: Raging Bolt|p2a: Ursaluna
|move|p2a: Ursaluna|Headlong Rush|p1a: Raging Bolt
|-supereffective|p1a: Raging Bolt
|-damage|p1a: Raging Bolt|0 fnt
|-unboost|p2a: Ursaluna|def|1
|-unboost|p2a: Ursaluna|spd|1
|faint|p1a: Raging Bolt
|-end|p1a: Raging Bolt|Protosynthesis|[silent]
|
|win|aaron200589
|raw|snoppp's rating: 1268 &rarr; <strong>1241</strong><br />(-27 for losing)
|raw|aaron200589's rating: 1235 &rarr; <strong>1262</strong><br />(+27 for winning)
|l|☆snoppp
|player|p1|
|l|☆aaron200589
|player|p2|
