|j|☆Southside Mike
|j|☆Mr.villains
|t:|1758344074
|gametype|singles
|player|p1|Southside Mike|rocketgrunt|1617
|player|p2|Mr.villains|cynthia-gen4|1573
|gen|9
|tier|[Gen 9] OU
|rated|
|rule|HP Percentage Mod: HP is shown in percentages
|rule|Endless Battle Clause: Forcing endless battles is banned
|rule|Species Clause: Limit one of each Pokémon
|rule|OHKO Clause: OHKO moves are banned
|rule|Evasion Items Clause: Evasion items are banned
|rule|Evasion Moves Clause: Evasion moves are banned
|rule|Evasion Abilities Clause: Evasion abilities are banned
|rule|Sleep Moves Clause: Sleep-inducing moves are banned
|clearpoke
|poke|p1|Deoxys-Speed|
|poke|p1|Hoopa-Unbound|
|poke|p1|Manaphy|
|poke|p1|Iron Valiant|
|poke|p1|Ursaluna, M|
|poke|p1|Cinderace, F|
|poke|p2|Darkrai|
|poke|p2|Glimmora, F|
|poke|p2|Dragonite, M|
|poke|p2|Enamorus, F|
|poke|p2|Corviknight, F|
|poke|p2|Kingambit, M|
|teampreview
|inactive|Battle timer is ON: inactive players will automatically lose when time's up. (requested by Southside Mike)
|
|t:|1758344090
|teamsize|p1|6
|teamsize|p2|6
|start
|switch|p1a: Deoxys|Deoxys-Speed|100/100
|switch|p2a: Glimmora|Glimmora, F|100/100
|-ability|p1a: Deoxys|Pressure
|turn|1
|
|t:|1758344096
|move|p1a: Deoxys|Psycho Boost|p2a: Glimmora
|-supereffective|p2a: Glimmora
|-damage|p2a: Glimmora|4/100
|-unboost|p1a: Deoxys|spa|2
|-enditem|p2a: Glimmora|Red Card|[of] p1a: Deoxys
|drag|p1a: Iron Valiant|Iron Valiant|100/100
|-enditem|p1a: Iron Valiant|Booster Energy
|-activate|p1a: Iron Valiant|ability: Quark Drive|[fromitem]
|-start|p1a: Iron Valiant|quarkdrivespe
|move|p2a: Glimmora|Stealth Rock|p1a: Iron Valiant
|-sidestart|p1: Southside Mike|move: Stealth Rock
|
|upkeep
|turn|2
|
|t:|1758344107
|move|p1a: Iron Valiant|Moonblast|p2a: Glimmora
|-resisted|p2a: Glimmora
|-damage|p2a: Glimmora|0 fnt
|faint|p2a: Glimmora
|
|upkeep
|
|t:|1758344112
|switch|p2a: Enamorus|Enamorus, F|100/100
|turn|3
|
|t:|1758344115
|move|p1a: Iron Valiant|Moonblast|p2a: Enamorus
|-damage|p2a: Enamorus|31/100
|-unboost|p2a: Enamorus|spa|1
|move|p2a: Enamorus|Moonblast|p1a: Iron Valiant
|-supereffective|p1a: Iron Valiant
|-damage|p1a: Iron Valiant|0 fnt
|faint|p1a: Iron Valiant
|-end|p1a: Iron Valiant|Quark Drive|[silent]
|
|upkeep
|
|t:|1758344125
|switch|p1a: Cinderace|Cinderace, F|100/100
|turn|4
|
|t:|1758344133
|move|p2a: Enamorus|Moonblast|p1a: Cinderace
|-resisted|p1a: Cinderace
|-damage|p1a: Cinderace|75/100
|move|p1a: Cinderace|Pyro Ball|p2a: Enamorus
|-damage|p2a: Enamorus|0 fnt
|faint|p2a: Enamorus
|
|upkeep
|
|t:|1758344137
|switch|p2a: Dragonite|Dragonite, M|100/100
|turn|5
|
|t:|1758344142
|move|p1a: Cinderace|Court Change|p1a: Cinderace
|-start|p1a: Cinderace|typechange|Normal|[from] ability: Libero
|-swapsideconditions
|-activate|p1a: Cinderace|move: Court Change
|move|p2a: Dragonite|Dragon Dance|p2a: Dragonite
|-boost|p2a: Dragonite|atk|1
|-boost|p2a: Dragonite|spe|1
|
|upkeep
|turn|6
|
|t:|1758344150
|move|p2a: Dragonite|Substitute|p2a: Dragonite
|-start|p2a: Dragonite|Substitute
|-damage|p2a: Dragonite|76/100
|move|p1a: Cinderace|U-turn|p2a: Dragonite
|-resisted|p2a: Dragonite
|-activate|p2a: Dragonite|move: Substitute|[damage]
|
|t:|1758344170
|switch|p1a: Deoxys|Deoxys-Speed|100/100|[from] U-turn
|-ability|p1a: Deoxys|Pressure
|
|upkeep
|turn|7
|
|t:|1758344175
|move|p1a: Deoxys|Taunt|p2a: Dragonite
|-start|p2a: Dragonite|move: Taunt
|cant|p2a: Dragonite|move: Taunt|Dragon Dance
|
|upkeep
|turn|8
|
|t:|1758344180
|move|p1a: Deoxys|Reflect|p1a: Deoxys
|-sidestart|p1: Southside Mike|Reflect
|move|p2a: Dragonite|Earthquake|p1a: Deoxys
|-damage|p1a: Deoxys|67/100
|
|upkeep
|turn|9
|
|t:|1758344186
|move|p1a: Deoxys|Psycho Boost|p2a: Dragonite
|-end|p2a: Dragonite|Substitute
|-unboost|p1a: Deoxys|spa|2
|move|p2a: Dragonite|Earthquake|p1a: Deoxys
|-damage|p1a: Deoxys|38/100
|
|-end|p2a: Dragonite|move: Taunt
|upkeep
|turn|10
|
|t:|1758344195
|move|p1a: Deoxys|Taunt|p2a: Dragonite
|-start|p2a: Dragonite|move: Taunt
|move|p2a: Dragonite|Earthquake|p1a: Deoxys
|-damage|p1a: Deoxys|9/100
|
|upkeep
|turn|11
|
|t:|1758344202
|move|p1a: Deoxys|Light Screen|p1a: Deoxys
|-sidestart|p1: Southside Mike|move: Light Screen
|move|p2a: Dragonite|Earthquake|p1a: Deoxys
|-damage|p1a: Deoxys|0 fnt
|faint|p1a: Deoxys
|
|upkeep
|
|t:|1758344212
|switch|p1a: Manaphy|Manaphy|100/100
|turn|12
|
|t:|1758344218
|move|p2a: Dragonite|Earthquake|p1a: Manaphy
|-damage|p1a: Manaphy|81/100
|move|p1a: Manaphy|Acid Armor|p1a: Manaphy
|-boost|p1a: Manaphy|def|2
|
|-heal|p1a: Manaphy|87/100|[from] item: Leftovers
|-end|p2a: Dragonite|move: Taunt
|upkeep
|turn|13
|
|t:|1758344226
|move|p2a: Dragonite|Dragon Dance|p2a: Dragonite
|-boost|p2a: Dragonite|atk|1
|-boost|p2a: Dragonite|spe|1
|move|p1a: Manaphy|Take Heart|p1a: Manaphy
|-boost|p1a: Manaphy|spa|1
|-boost|p1a: Manaphy|spd|1
|
|-heal|p1a: Manaphy|93/100|[from] item: Leftovers
|upkeep
|turn|14
|
|t:|1758344233
|move|p2a: Dragonite|Substitute|p2a: Dragonite
|-start|p2a: Dragonite|Substitute
|-damage|p2a: Dragonite|51/100
|move|p1a: Manaphy|Acid Armor|p1a: Manaphy
|-boost|p1a: Manaphy|def|2
|
|-heal|p1a: Manaphy|99/100|[from] item: Leftovers
|upkeep
|turn|15
|
|t:|1758344240
|move|p2a: Dragonite|Dragon Dance|p2a: Dragonite
|-boost|p2a: Dragonite|atk|1
|-boost|p2a: Dragonite|spe|1
|move|p1a: Manaphy|Stored Power|p2a: Dragonite
|-end|p2a: Dragonite|Substitute
|
|-heal|p1a: Manaphy|100/100|[from] item: Leftovers
|-sideend|p1: Southside Mike|Reflect
|upkeep
|turn|16
|
|t:|1758344248
|move|p2a: Dragonite|Earthquake|p1a: Manaphy
|-crit|p1a: Manaphy
|-damage|p1a: Manaphy|2/100
|move|p1a: Manaphy|Stored Power|p2a: Dragonite
|-damage|p2a: Dragonite|6/100
|
|-heal|p1a: Manaphy|8/100|[from] item: Leftovers
|upkeep
|turn|17
|
|t:|1758344257
|move|p2a: Dragonite|Earthquake|p1a: Manaphy
|-damage|p1a: Manaphy|0 fnt
|faint|p1a: Manaphy
|
|upkeep
|
|t:|1758344263
|switch|p1a: Cinderace|Cinderace, F|75/100
|turn|18
|
|t:|1758344266
|move|p1a: Cinderace|Sucker Punch|p2a: Dragonite
|-start|p1a: Cinderace|typechange|Dark|[from] ability: Libero
|-damage|p2a: Dragonite|0 fnt
|faint|p2a: Dragonite
|
|-sideend|p1: Southside Mike|move: Light Screen
|upkeep
|
|t:|1758344276
|switch|p2a: Darkrai|Darkrai|100/100
|-damage|p2a: Darkrai|88/100|[from] Stealth Rock
|turn|19
|
|t:|1758344282
|move|p2a: Darkrai|Focus Blast|p1a: Cinderace
|-supereffective|p1a: Cinderace
|-damage|p1a: Cinderace|0 fnt
|faint|p1a: Cinderace
|
|-heal|p2a: Darkrai|94/100|[from] item: Leftovers
|upkeep
|
|t:|1758344289
|switch|p1a: Hoopa|Hoopa-Unbound|100/100
|turn|20
|
|t:|1758344300
|move|p2a: Darkrai|Dark Pulse|p1a: Hoopa
|-damage|p1a: Hoopa|78/100
|move|p1a: Hoopa|Drain Punch|p2a: Darkrai
|-supereffective|p2a: Darkrai
|-damage|p2a: Darkrai|26/100
|-heal|p1a: Hoopa|100/100|[from] drain|[of] p2a: Darkrai
|
|-heal|p2a: Darkrai|32/100|[from] item: Leftovers
|upkeep
|turn|21
|
|t:|1758344310
|move|p2a: Darkrai|Dark Pulse|p1a: Hoopa
|-damage|p1a: Hoopa|80/100
|move|p1a: Hoopa|Drain Punch|p2a: Darkrai
|-supereffective|p2a: Darkrai
|-damage|p2a: Darkrai|0 fnt
|-heal|p1a: Hoopa|92/100|[from] drain|[of] p2a: Darkrai
|faint|p2a: Darkrai
|
|upkeep
|
|t:|1758344313
|switch|p2a: Corviknight|Corviknight, F|100/100
|-damage|p2a: Corviknight|88/100|[from] Stealth Rock
|-ability|p2a: Corviknight|Pressure
|turn|22
|
|t:|1758344324
|-terastallize|p1a: Hoopa|Poison
|move|p1a: Hoopa|Thunderbolt|p2a: Corviknight
|-supereffective|p2a: Corviknight
|-damage|p2a: Corviknight|9/100
|move|p2a: Corviknight|U-turn|p1a: Hoopa
|-resisted|p1a: Hoopa
|-damage|p1a: Hoopa|80/100
|
|t:|1758344329
|switch|p2a: Kingambit|Kingambit, M|100/100|[from] U-turn
|-damage|p2a: Kingambit|94/100|[from] Stealth Rock
|-activate|p2a: Kingambit|ability: Supreme Overlord
|-start|p2a: Kingambit|fallen4|[silent]
|
|-heal|p2a: Kingambit|100/100|[from] item: Leftovers
|upkeep
|turn|23
|
|t:|1758344337
|-terastallize|p2a: Kingambit|Ghost
|move|p2a: Kingambit|Swords Dance|p2a: Kingambit
|-boost|p2a: Kingambit|atk|2
|move|p1a: Hoopa|Drain Punch|p2a: Kingambit
|-immune|p2a: Kingambit
|
|upkeep
|turn|24
|
|t:|1758344345
|move|p2a: Kingambit|Kowtow Cleave|p1a: Hoopa
|-damage|p1a: Hoopa|0 fnt
|faint|p1a: Hoopa
|
|upkeep
|
|t:|1758344349
|switch|p1a: Ursaluna|Ursaluna, M|100/100
|turn|25
|
|t:|1758344352
|move|p2a: Kingambit|Low Kick|p1a: Ursaluna
|-supereffective|p1a: Ursaluna
|-damage|p1a: Ursaluna|0 fnt
|faint|p1a: Ursaluna
|
|win|Mr.villains
|raw|Southside Mike's rating: 1617 &rarr; <strong>1594</strong><br />(-23 for losing)
|raw|Mr.villains's rating: 1573 &rarr; <strong>1596</strong><br />(+23 for winning)
|l|☆Southside Mike
|player|p1|
|l|☆Mr.villains
|player|p2|
