|j|‽Smimr
|j|‽socaselectah
|t:|1758286381
|gametype|singles
|player|p1|Smimr|richboy-gen4|1605
|player|p2|socaselectah|101|1507
|gen|9
|tier|[Gen 9] OU
|rated|
|rule|HP Percentage Mod: HP is shown in percentages
|rule|Endless Battle Clause: Forcing endless battles is banned
|rule|Species Clause: Limit one of each Pokémon
|rule|OHKO Clause: OHKO moves are banned
|rule|Evasion Items Clause: Evasion items are banned
|rule|Evasion Moves Clause: Evasion moves are banned
|rule|Evasion Abilities Clause: Evasion abilities are banned
|rule|Sleep Moves Clause: Sleep-inducing moves are banned
|clearpoke
|poke|p1|Glimmora, F|
|poke|p1|Great Tusk|
|poke|p1|Manaphy|
|poke|p1|Dragonite, F|
|poke|p1|Dragapult, F|
|poke|p1|Kingambit, F|
|poke|p2|Torkoal, F|
|poke|p2|Clefable, F|
|poke|p2|Mandibuzz, F|
|poke|p2|Walking Wake|
|poke|p2|Iron Moth|
|poke|p2|Brute Bonnet|
|teampreview
|inactive|Battle timer is ON: inactive players will automatically lose when time's up. (requested by socaselectah)
|
|t:|1758286392
|teamsize|p1|6
|teamsize|p2|6
|start
|switch|p1a: Glimmora|Glimmora, F|100/100
|switch|p2a: Walking Wake|Walking Wake|100/100
|turn|1
|
|t:|1758286397
|switch|p1a: Manaphy|Manaphy|100/100
|move|p2a: Walking Wake|Hydro Steam|p1a: Manaphy
|-resisted|p1a: Manaphy
|-damage|p1a: Manaphy|76/100
|
|-heal|p1a: Manaphy|82/100|[from] item: Leftovers
|upkeep
|turn|2
|
|t:|1758286399
|-end|p2a: Walking Wake|Protosynthesis|[silent]
|switch|p2a: Clefable|Clefable, F|100/100
|move|p1a: Manaphy|Tail Glow|p1a: Manaphy
|-boost|p1a: Manaphy|spa|3
|
|-heal|p1a: Manaphy|88/100|[from] item: Leftovers
|upkeep
|turn|3
|
|t:|1758286402
|move|p1a: Manaphy|Scald|p2a: Clefable
|-damage|p2a: Clefable|81/100
|move|p2a: Clefable|Trick|p1a: Manaphy
|-activate|p2a: Clefable|move: Trick|[of] p1a: Manaphy
|-item|p1a: Manaphy|Choice Scarf|[from] move: Trick
|-item|p2a: Clefable|Leftovers|[from] move: Trick
|
|-heal|p2a: Clefable|87/100|[from] item: Leftovers
|upkeep
|turn|4
|
|t:|1758286408
|move|p1a: Manaphy|Scald|p2a: Clefable
|-damage|p2a: Clefable|66/100
|move|p2a: Clefable|Moonblast|p1a: Manaphy
|-damage|p1a: Manaphy|59/100
|
|-heal|p2a: Clefable|73/100|[from] item: Leftovers
|upkeep
|turn|5
|
|t:|1758286413
|move|p1a: Manaphy|Scald|p2a: Clefable
|-damage|p2a: Clefable|54/100
|move|p2a: Clefable|Moonblast|p1a: Manaphy
|-damage|p1a: Manaphy|32/100
|
|-heal|p2a: Clefable|60/100|[from] item: Leftovers
|upkeep
|turn|6
|
|t:|1758286418
|switch|p1a: Glimmora|Glimmora, F|100/100
|move|p2a: Clefable|Moonlight|p2a: Clefable
|-heal|p2a: Clefable|100/100
|
|upkeep
|turn|7
|
|t:|1758286423
|switch|p2a: Walking Wake|Walking Wake|100/100
|move|p1a: Glimmora|Stealth Rock|p2a: Walking Wake
|-sidestart|p2: socaselectah|move: Stealth Rock
|
|upkeep
|turn|8
|
|t:|1758286429
|switch|p1a: Manaphy|Manaphy|32/100
|move|p2a: Walking Wake|Hydro Steam|p1a: Manaphy
|-resisted|p1a: Manaphy
|-damage|p1a: Manaphy|4/100
|
|upkeep
|turn|9
|
|t:|1758286434
|-end|p2a: Walking Wake|Protosynthesis|[silent]
|switch|p2a: Clefable|Clefable, F|100/100
|-damage|p2a: Clefable|88/100|[from] Stealth Rock
|move|p1a: Manaphy|Scald|p2a: Clefable
|-crit|p2a: Clefable
|-damage|p2a: Clefable|59/100
|
|-heal|p2a: Clefable|65/100|[from] item: Leftovers
|upkeep
|turn|10
|
|t:|1758286437
|move|p1a: Manaphy|Scald|p2a: Clefable
|-damage|p2a: Clefable|45/100
|-status|p2a: Clefable|brn
|move|p2a: Clefable|Moonlight|p2a: Clefable
|-heal|p2a: Clefable|95/100 brn
|
|-heal|p2a: Clefable|100/100 brn|[from] item: Leftovers
|-damage|p2a: Clefable|94/100 brn|[from] brn
|upkeep
|turn|11
|
|t:|1758286442
|move|p1a: Manaphy|Scald|p2a: Clefable
|-damage|p2a: Clefable|74/100 brn
|move|p2a: Clefable|Moonblast|p1a: Manaphy
|-damage|p1a: Manaphy|0 fnt
|faint|p1a: Manaphy
|
|-heal|p2a: Clefable|80/100 brn|[from] item: Leftovers
|-damage|p2a: Clefable|74/100 brn|[from] brn
|upkeep
|
|t:|1758286444
|switch|p1a: Glimmora|Glimmora, F|100/100
|turn|12
|
|t:|1758286446
|switch|p2a: Mandibuzz|Mandibuzz, F|100/100
|-damage|p2a: Mandibuzz|75/100|[from] Stealth Rock
|move|p1a: Glimmora|Sludge Wave|p2a: Mandibuzz
|-damage|p2a: Mandibuzz|39/100
|
|-heal|p2a: Mandibuzz|46/100|[from] item: Leftovers
|upkeep
|turn|13
|
|t:|1758286451
|move|p1a: Glimmora|Power Gem|p2a: Mandibuzz
|-supereffective|p2a: Mandibuzz
|-crit|p2a: Mandibuzz
|-damage|p2a: Mandibuzz|0 fnt
|faint|p2a: Mandibuzz
|
|upkeep
|
|t:|1758286455
|switch|p2a: Walking Wake|Walking Wake|100/100
|-damage|p2a: Walking Wake|88/100|[from] Stealth Rock
|turn|14
|
|t:|1758286465
|switch|p1a: Dragapult|Dragapult, F|100/100
|move|p2a: Walking Wake|Hydro Steam|p1a: Dragapult
|-resisted|p1a: Dragapult
|-damage|p1a: Dragapult|55/100
|
|upkeep
|turn|15
|
|t:|1758286473
|-end|p2a: Walking Wake|Protosynthesis|[silent]
|switch|p2a: Clefable|Clefable, F|74/100 brn
|-damage|p2a: Clefable|62/100 brn|[from] Stealth Rock
|move|p1a: Dragapult|Hex|p2a: Clefable
|-damage|p2a: Clefable|12/100 brn
|-damage|p1a: Dragapult|45/100|[from] item: Life Orb
|
|-heal|p2a: Clefable|19/100 brn|[from] item: Leftovers
|-damage|p2a: Clefable|12/100 brn|[from] brn
|upkeep
|turn|16
|
|t:|1758286478
|move|p1a: Dragapult|Hex|p2a: Clefable
|-damage|p2a: Clefable|0 fnt
|faint|p2a: Clefable
|-damage|p1a: Dragapult|35/100|[from] item: Life Orb
|
|upkeep
|inactive|socaselectah has 120 seconds left.
|
|t:|1758286529
|switch|p2a: Torkoal|Torkoal, F|100/100
|-damage|p2a: Torkoal|76/100|[from] Stealth Rock
|-weather|SunnyDay|[from] ability: Drought|[of] p2a: Torkoal
|turn|17
|
|t:|1758286540
|move|p1a: Dragapult|Hex|p2a: Torkoal
|-damage|p2a: Torkoal|31/100
|-damage|p1a: Dragapult|25/100|[from] item: Life Orb
|move|p2a: Torkoal|Stealth Rock|p1a: Dragapult
|-sidestart|p1: Smimr|move: Stealth Rock
|
|-weather|SunnyDay|[upkeep]
|upkeep
|turn|18
|inactive|socaselectah has 120 seconds left.
|
|t:|1758286547
|switch|p2a: Walking Wake|Walking Wake|88/100
|-damage|p2a: Walking Wake|76/100|[from] Stealth Rock
|-activate|p2a: Walking Wake|ability: Protosynthesis
|-start|p2a: Walking Wake|protosynthesisspe
|move|p1a: Dragapult|Hex|p2a: Walking Wake
|-damage|p2a: Walking Wake|34/100
|-damage|p1a: Dragapult|16/100|[from] item: Life Orb
|
|-weather|SunnyDay|[upkeep]
|upkeep
|turn|19
|
|t:|1758286550
|move|p2a: Walking Wake|Hydro Steam|p1a: Dragapult
|-resisted|p1a: Dragapult
|-damage|p1a: Dragapult|0 fnt
|faint|p1a: Dragapult
|
|-weather|SunnyDay|[upkeep]
|upkeep
|
|t:|1758286556
|switch|p1a: Dragonite|Dragonite, F|100/100
|turn|20
|
|t:|1758286559
|move|p2a: Walking Wake|Hydro Steam|p1a: Dragonite
|-resisted|p1a: Dragonite
|-damage|p1a: Dragonite|77/100
|move|p1a: Dragonite|Dragon Dance|p1a: Dragonite
|-boost|p1a: Dragonite|atk|1
|-boost|p1a: Dragonite|spe|1
|
|-weather|SunnyDay|[upkeep]
|upkeep
|turn|21
|
|t:|1758286561
|move|p1a: Dragonite|Extreme Speed|p2a: Walking Wake
|-damage|p2a: Walking Wake|0 fnt
|faint|p2a: Walking Wake
|-end|p2a: Walking Wake|Protosynthesis|[silent]
|
|-weather|SunnyDay|[upkeep]
|upkeep
|
|t:|1758286567
|switch|p2a: Brute Bonnet|Brute Bonnet|100/100
|-damage|p2a: Brute Bonnet|88/100|[from] Stealth Rock
|-activate|p2a: Brute Bonnet|ability: Protosynthesis
|-start|p2a: Brute Bonnet|protosynthesisatk
|turn|22
|
|t:|1758286576
|move|p1a: Dragonite|Fire Punch|p2a: Brute Bonnet
|-supereffective|p2a: Brute Bonnet
|-damage|p2a: Brute Bonnet|0 fnt
|faint|p2a: Brute Bonnet
|-end|p2a: Brute Bonnet|Protosynthesis|[silent]
|
|-weather|SunnyDay|[upkeep]
|upkeep
|
|t:|1758286579
|switch|p2a: Iron Moth|Iron Moth|100/100
|-damage|p2a: Iron Moth|76/100|[from] Stealth Rock
|-enditem|p2a: Iron Moth|Booster Energy
|-activate|p2a: Iron Moth|ability: Quark Drive|[fromitem]
|-start|p2a: Iron Moth|quarkdrivespe
|turn|23
|
|t:|1758286588
|-terastallize|p2a: Iron Moth|Flying
|-terastallize|p1a: Dragonite|Fire
|move|p2a: Iron Moth|Dazzling Gleam|p1a: Dragonite
|-resisted|p1a: Dragonite
|-damage|p1a: Dragonite|62/100
|move|p1a: Dragonite|Outrage|p2a: Iron Moth
|-damage|p2a: Iron Moth|0 fnt
|faint|p2a: Iron Moth
|-end|p2a: Iron Moth|Quark Drive|[silent]
|
|-weather|SunnyDay|[upkeep]
|upkeep
|-message|socaselectah forfeited.
|
|win|Smimr
|raw|Smimr's rating: 1605 &rarr; <strong>1620</strong><br />(+15 for winning)
|raw|socaselectah's rating: 1507 &rarr; <strong>1492</strong><br />(-15 for losing)
|l|‽socaselectah
|player|p2|
|l|‽Smimr
|player|p1|
