|badge|p1|bronze|gen9ou|100-6
|uhtml|medal-msg|<div class="broadcast-blue">Curious what those medals under the avatar are? PS now has Ladder Seasons! For more information, check out the <a href="https://www.smogon.com/forums/threads/3740067/">thread on Smogon.</a></div>
|j|☆eros maniac
|j|☆Prateekkp
|inactive|Battle timer is ON: inactive players will automatically lose when time's up.
|t:|1758363975
|gametype|singles
|player|p1|eros maniac|101|
|player|p2|Prateekkp|hero2-conquest|
|gen|9
|tier|[Gen 9] OU
|rated|Tournament battle
|rule|HP Percentage Mod: HP is shown in percentages
|rule|Endless Battle Clause: Forcing endless battles is banned
|rule|Species Clause: Limit one of each Pokémon
|rule|OHKO Clause: OHKO moves are banned
|rule|Evasion Items Clause: Evasion items are banned
|rule|Evasion Moves Clause: Evasion moves are banned
|rule|Evasion Abilities Clause: Evasion abilities are banned
|rule|Sleep Moves Clause: Sleep-inducing moves are banned
|rule|Inverse Mod: Weaknesses become resistances, while resistances and immunities become weaknesses.
|raw|<div class="infobox"><details class="readmore" open><summary><strong>1 custom rule:</strong></summary> inverse mod</details></div>
|clearpoke
|poke|p1|Frosmoth, F|
|poke|p1|Maushold-Four|
|poke|p1|Mamoswine, F|
|poke|p1|Sinistcha|
|poke|p1|Alomomola, M|
|poke|p1|Weezing-Galar, F|
|poke|p2|Samurott-Hisui, F|
|poke|p2|Garganacl, M|
|poke|p2|Iron Crown|
|poke|p2|Cinderace, M|
|poke|p2|Enamorus, F|
|poke|p2|Kingambit, F|
|teampreview
|j|*Lady Monita ☀
|inactive|Prateekkp also wants the timer to be on.
|
|t:|1758363978
|teamsize|p1|6
|teamsize|p2|6
|start
|switch|p1a: Maushold|Maushold-Four|100/100
|switch|p2a: Samurott|Samurott-Hisui, F|100/100
|turn|1
|
|t:|1758363982
|move|p2a: Samurott|Sucker Punch|p1a: Maushold
|-crit|p1a: Maushold
|-damage|p1a: Maushold|0 fnt
|faint|p1a: Maushold
|-damage|p2a: Samurott|91/100|[from] item: Life Orb
|
|upkeep
|c|☆Prateekkp|Mb
|
|t:|1758363991
|switch|p1a: Mamoswine|Mamoswine, F|100/100
|turn|2
|
|t:|1758363995
|move|p2a: Samurott|Ceaseless Edge|p1a: Mamoswine
|-crit|p1a: Mamoswine
|-damage|p1a: Mamoswine|15/100
|-sidestart|p1: eros maniac|Spikes
|-damage|p2a: Samurott|81/100|[from] item: Life Orb
|move|p1a: Mamoswine|Icicle Crash|p2a: Samurott
|-supereffective|p2a: Samurott
|-damage|p2a: Samurott|0 fnt
|faint|p2a: Samurott
|
|upkeep
|
|t:|1758364006
|switch|p2a: Enamorus|Enamorus, F|100/100
|turn|3
|
|t:|1758364010
|switch|p1a: Alomomola|Alomomola, M, shiny|100/100
|-damage|p1a: Alomomola|88/100|[from] Spikes
|move|p2a: Enamorus|Earth Power|p1a: Alomomola
|-damage|p1a: Alomomola|60/100
|
|upkeep
|turn|4
|
|t:|1758364012
|move|p2a: Enamorus|Earth Power|p1a: Alomomola
|-damage|p1a: Alomomola|31/100
|move|p1a: Alomomola|Flip Turn|p2a: Enamorus
|-damage|p2a: Enamorus|73/100
|
|t:|1758364017
|switch|p1a: Weezing|Weezing-Galar, F|100/100|[from] Flip Turn
|-ability|p1a: Weezing|Neutralizing Gas
|-damage|p1a: Weezing|88/100|[from] Spikes
|
|upkeep
|turn|5
|
|t:|1758364022
|switch|p2a: Iron Crown|Iron Crown|100/100
|move|p1a: Weezing|Defog|p2a: Iron Crown
|-unboost|p2a: Iron Crown|evasion|1
|-sideend|p1: eros maniac|Spikes|[from] move: Defog|[of] p1a: Weezing
|
|upkeep
|turn|6
|
|t:|1758364025
|move|p2a: Iron Crown|Agility|p2a: Iron Crown
|-boost|p2a: Iron Crown|spe|2
|move|p1a: Weezing|Strange Steam|p2a: Iron Crown
|-supereffective|p2a: Iron Crown
|-damage|p2a: Iron Crown|59/100
|-start|p2a: Iron Crown|confusion
|-enditem|p2a: Iron Crown|Weakness Policy
|-boost|p2a: Iron Crown|atk|2|[from] item: Weakness Policy
|-boost|p2a: Iron Crown|spa|2|[from] item: Weakness Policy
|
|upkeep
|turn|7
|
|t:|1758364029
|-activate|p2a: Iron Crown|confusion
|-damage|p2a: Iron Crown|48/100|[from] confusion
|move|p1a: Weezing|Strange Steam|p2a: Iron Crown
|-supereffective|p2a: Iron Crown
|-damage|p2a: Iron Crown|10/100
|
|upkeep
|turn|8
|
|t:|1758364033
|-end|p2a: Iron Crown|confusion
|move|p2a: Iron Crown|Stored Power|p1a: Weezing
|-resisted|p1a: Weezing
|-damage|p1a: Weezing|10/100
|move|p1a: Weezing|Strange Steam|p2a: Iron Crown
|-supereffective|p2a: Iron Crown
|-damage|p2a: Iron Crown|0 fnt
|faint|p2a: Iron Crown
|-end|p2a: Iron Crown|Quark Drive|[silent]
|
|upkeep
|
|t:|1758364046
|switch|p2a: Enamorus|Enamorus, F|73/100
|turn|9
|
|t:|1758364049
|move|p2a: Enamorus|Moonblast|p1a: Weezing
|-supereffective|p1a: Weezing
|-damage|p1a: Weezing|0 fnt
|faint|p1a: Weezing
|-end|p1a: Weezing|ability: Neutralizing Gas
|
|upkeep
|
|t:|1758364051
|switch|p1a: Frosmoth|Frosmoth, F, shiny|100/100
|turn|10
|
|t:|1758364056
|switch|p2a: Kingambit|Kingambit, F|100/100
|-activate|p2a: Kingambit|ability: Supreme Overlord
|-start|p2a: Kingambit|fallen2|[silent]
|move|p1a: Frosmoth|Substitute|p1a: Frosmoth
|-start|p1a: Frosmoth|Substitute
|-damage|p1a: Frosmoth|75/100
|
|-heal|p1a: Frosmoth|82/100|[from] item: Leftovers
|upkeep
|turn|11
|
|t:|1758364061
|-terastallize|p2a: Kingambit|Flying
|move|p1a: Frosmoth|Quiver Dance|p1a: Frosmoth
|-boost|p1a: Frosmoth|spa|1
|-boost|p1a: Frosmoth|spd|1
|-boost|p1a: Frosmoth|spe|1
|move|p2a: Kingambit|Low Kick|p1a: Frosmoth
|-crit|p1a: Frosmoth
|-end|p1a: Frosmoth|Substitute
|
|-heal|p1a: Frosmoth|88/100|[from] item: Leftovers
|upkeep
|turn|12
|
|t:|1758364065
|switch|p1a: Alomomola|Alomomola, M, shiny|65/100
|move|p2a: Kingambit|Low Kick|p1a: Alomomola
|-damage|p1a: Alomomola|46/100
|-damage|p2a: Kingambit|84/100|[from] item: Rocky Helmet|[of] p1a: Alomomola
|
|upkeep
|turn|13
|
|t:|1758364071
|move|p2a: Kingambit|Swords Dance|p2a: Kingambit
|-boost|p2a: Kingambit|atk|2
|move|p1a: Alomomola|Healing Wish|p1a: Alomomola
|faint|p1a: Alomomola
|
|upkeep
|
|t:|1758364073
|switch|p1a: Mamoswine|Mamoswine, F|15/100
|-heal|p1a: Mamoswine|100/100|[from] move: Healing Wish
|turn|14
|
|t:|1758364078
|move|p2a: Kingambit|Sucker Punch|p1a: Mamoswine
|-damage|p1a: Mamoswine|0 fnt
|faint|p1a: Mamoswine
|
|upkeep
|
|t:|1758364081
|switch|p1a: Sinistcha|Sinistcha, shiny|100/100
|turn|15
|
|t:|1758364086
|move|p1a: Sinistcha|Strength Sap|p2a: Kingambit
|-unboost|p2a: Kingambit|atk|1
|move|p2a: Kingambit|Iron Head|p1a: Sinistcha
|-crit|p1a: Sinistcha
|-damage|p1a: Sinistcha|14/100
|
|upkeep
|turn|16
|
|t:|1758364091
|move|p1a: Sinistcha|Strength Sap|p2a: Kingambit
|-unboost|p2a: Kingambit|atk|1
|-heal|p1a: Sinistcha|100/100
|move|p2a: Kingambit|Swords Dance|p2a: Kingambit
|-boost|p2a: Kingambit|atk|2
|
|upkeep
|turn|17
|
|t:|1758364098
|move|p1a: Sinistcha|Matcha Gotcha|p2a: Kingambit
|-supereffective|p2a: Kingambit
|-damage|p2a: Kingambit|20/100
|move|p2a: Kingambit|Iron Head|p1a: Sinistcha
|-damage|p1a: Sinistcha|24/100
|
|upkeep
|turn|18
|
|t:|1758364104
|move|p1a: Sinistcha|Strength Sap|p2a: Kingambit
|-unboost|p2a: Kingambit|atk|1
|-heal|p1a: Sinistcha|100/100
|move|p2a: Kingambit|Iron Head|p1a: Sinistcha
|-damage|p1a: Sinistcha|43/100
|
|upkeep
|turn|19
|
|t:|1758364111
|move|p1a: Sinistcha|Strength Sap|p2a: Kingambit
|-unboost|p2a: Kingambit|atk|1
|-heal|p1a: Sinistcha|100/100
|move|p2a: Kingambit|Iron Head|p1a: Sinistcha
|-damage|p1a: Sinistcha|60/100
|
|upkeep
|turn|20
|
|t:|1758364123
|move|p1a: Sinistcha|Calm Mind|p1a: Sinistcha
|-boost|p1a: Sinistcha|spa|1
|-boost|p1a: Sinistcha|spd|1
|move|p2a: Kingambit|Iron Head|p1a: Sinistcha
|-damage|p1a: Sinistcha|21/100
|
|upkeep
|turn|21
|
|t:|1758364127
|move|p1a: Sinistcha|Strength Sap|p2a: Kingambit
|-unboost|p2a: Kingambit|atk|1
|-heal|p1a: Sinistcha|100/100
|move|p2a: Kingambit|Iron Head|p1a: Sinistcha
|-damage|p1a: Sinistcha|74/100
|
|upkeep
|turn|22
|
|t:|1758364133
|-end|p2a: Kingambit|fallen2|[silent]
|switch|p2a: Cinderace|Cinderace, M|100/100
|move|p1a: Sinistcha|Calm Mind|p1a: Sinistcha
|-boost|p1a: Sinistcha|spa|1
|-boost|p1a: Sinistcha|spd|1
|
|upkeep
|turn|23
|
|t:|1758364136
|move|p2a: Cinderace|High Jump Kick|p1a: Sinistcha
|-start|p2a: Cinderace|typechange|Fighting|[from] ability: Libero
|-supereffective|p1a: Sinistcha
|-crit|p1a: Sinistcha
|-damage|p1a: Sinistcha|0 fnt
|faint|p1a: Sinistcha
|
|upkeep
|
|t:|1758364139
|switch|p1a: Frosmoth|Frosmoth, F, shiny|88/100
|turn|24
|
|t:|1758364140
|move|p2a: Cinderace|High Jump Kick|p1a: Frosmoth
|-damage|p1a: Frosmoth|0 fnt
|faint|p1a: Frosmoth
|
|win|Prateekkp
|n|☆eros maniac|erosmaniac
|n|☆Prateekkp|prateekkp
|n|*Lady Monita ☀|ladymonita
