|j|☆FlutterKiller
|j|☆MiinhuMC
|t:|1758278212
|gametype|singles
|player|p1|FlutterKiller|byron|1278
|player|p2|MiinhuMC|102|1235
|gen|9
|tier|[Gen 9] OU
|rated|
|rule|HP Percentage Mod: HP is shown in percentages
|rule|Endless Battle Clause: Forcing endless battles is banned
|rule|Species Clause: Limit one of each Pokémon
|rule|OHKO Clause: OHKO moves are banned
|rule|Evasion Items Clause: Evasion items are banned
|rule|Evasion Moves Clause: Evasion moves are banned
|rule|Evasion Abilities Clause: Evasion abilities are banned
|rule|Sleep Moves Clause: Sleep-inducing moves are banned
|clearpoke
|poke|p1|Iron Moth|
|poke|p1|Ting-Lu|
|poke|p1|Cyclizar, F|
|poke|p1|Enamorus, F|
|poke|p1|Gholdengo|
|poke|p1|Kommo-o, M|
|poke|p2|Tyranitar, M|
|poke|p2|Excadrill, M|
|poke|p2|Gholdengo|
|poke|p2|Corviknight, M|
|poke|p2|Garganacl, M|
|poke|p2|Clodsire, F|
|teampreview
|inactive|Battle timer is ON: inactive players will automatically lose when time's up. (requested by FlutterKiller)
|inactive|MiinhuMC also wants the timer to be on.
|
|t:|1758278227
|teamsize|p1|6
|teamsize|p2|6
|start
|switch|p1a: Moose|Ting-Lu|100/100
|switch|p2a: Garganacl|Garganacl, M|100/100
|-ability|p1a: Moose|Vessel of Ruin
|turn|1
|
|t:|1758278242
|move|p1a: Moose|Sand Tomb|p2a: Garganacl
|-supereffective|p2a: Garganacl
|-damage|p2a: Garganacl|87/100
|-activate|p2a: Garganacl|move: Sand Tomb|[of] p1a: Moose
|move|p2a: Garganacl|Salt Cure|p1a: Moose
|-resisted|p1a: Moose
|-damage|p1a: Moose|98/100
|-start|p1a: Moose|Salt Cure
|
|-heal|p2a: Garganacl|93/100|[from] item: Leftovers
|-damage|p1a: Moose|85/100|[from] Salt Cure
|-damage|p2a: Garganacl|80/100|[from] move: Sand Tomb|[partiallytrapped]
|upkeep
|turn|2
|
|t:|1758278255
|move|p1a: Moose|Ruination|p2a: Garganacl
|-damage|p2a: Garganacl|41/100
|move|p2a: Garganacl|Stealth Rock|p1a: Moose
|-sidestart|p1: FlutterKiller|move: Stealth Rock
|
|-heal|p2a: Garganacl|47/100|[from] item: Leftovers
|-damage|p1a: Moose|73/100|[from] Salt Cure
|-damage|p2a: Garganacl|34/100|[from] move: Sand Tomb|[partiallytrapped]
|upkeep
|turn|3
|
|t:|1758278265
|move|p1a: Moose|Body Press|p2a: Garganacl
|-supereffective|p2a: Garganacl
|-damage|p2a: Garganacl|8/100
|move|p2a: Garganacl|Recover|p2a: Garganacl
|-heal|p2a: Garganacl|58/100
|
|-heal|p2a: Garganacl|64/100|[from] item: Leftovers
|-damage|p1a: Moose|60/100|[from] Salt Cure
|-damage|p2a: Garganacl|51/100|[from] move: Sand Tomb|[partiallytrapped]
|upkeep
|turn|4
|
|t:|1758278280
|move|p1a: Moose|Body Press|p2a: Garganacl
|-supereffective|p2a: Garganacl
|-damage|p2a: Garganacl|23/100
|move|p2a: Garganacl|Recover|p2a: Garganacl
|-heal|p2a: Garganacl|73/100
|
|-heal|p2a: Garganacl|79/100|[from] item: Leftovers
|-damage|p1a: Moose|48/100|[from] Salt Cure
|-damage|p2a: Garganacl|67/100|[from] move: Sand Tomb|[partiallytrapped]
|upkeep
|turn|5
|
|t:|1758278292
|switch|p1a: Bike|Cyclizar, F|100/100
|move|p2a: Garganacl|Recover|p2a: Garganacl
|-heal|p2a: Garganacl|100/100
|
|-end|p2a: Garganacl|Sand Tomb|[partiallytrapped]
|upkeep
|turn|6
|
|t:|1758278320
|switch|p2a: Tyranitar|Tyranitar, M|100/100
|-weather|Sandstorm|[from] ability: Sand Stream|[of] p2a: Tyranitar
|move|p1a: Bike|Rapid Spin|p2a: Tyranitar
|-resisted|p2a: Tyranitar
|-damage|p2a: Tyranitar|92/100
|-boost|p1a: Bike|spe|1
|-sideend|p1: FlutterKiller|Stealth Rock|[from] move: Rapid Spin|[of] p1a: Bike
|
|-weather|Sandstorm|[upkeep]
|-damage|p1a: Bike|94/100|[from] Sandstorm
|upkeep
|turn|7
|inactive|MiinhuMC has 120 seconds left.
|
|t:|1758278336
|move|p1a: Bike|U-turn|p2a: Tyranitar
|-supereffective|p2a: Tyranitar
|-damage|p2a: Tyranitar|59/100
|
|t:|1758278344
|switch|p1a: Moose|Ting-Lu|48/100|[from] U-turn
|-ability|p1a: Moose|Vessel of Ruin
|move|p2a: Tyranitar|Ice Punch|p1a: Moose
|-supereffective|p1a: Moose
|-damage|p1a: Moose|13/100
|
|-weather|Sandstorm|[upkeep]
|upkeep
|turn|8
|
|t:|1758278354
|move|p2a: Tyranitar|Ice Punch|p1a: Moose
|-supereffective|p1a: Moose
|-damage|p1a: Moose|0 fnt
|faint|p1a: Moose
|
|-weather|Sandstorm|[upkeep]
|upkeep
|
|t:|1758278360
|switch|p1a: Clanger|Kommo-o, M|100/100
|turn|9
|
|t:|1758278379
|switch|p2a: Gholdengo|Gholdengo|100/100
|-item|p2a: Gholdengo|Air Balloon
|move|p1a: Clanger|Clangorous Soul|p1a: Clanger
|-boost|p1a: Clanger|atk|1
|-boost|p1a: Clanger|def|1
|-boost|p1a: Clanger|spa|1
|-boost|p1a: Clanger|spd|1
|-boost|p1a: Clanger|spe|1
|-damage|p1a: Clanger|68/100
|-enditem|p1a: Clanger|Throat Spray
|-boost|p1a: Clanger|spa|1|[from] item: Throat Spray
|
|-weather|Sandstorm|[upkeep]
|-damage|p1a: Clanger|61/100|[from] Sandstorm
|upkeep
|turn|10
|inactive|MiinhuMC has 120 seconds left.
|
|t:|1758278405
|move|p1a: Clanger|Clanging Scales|p2a: Gholdengo
|-resisted|p2a: Gholdengo
|-damage|p2a: Gholdengo|70/100
|-enditem|p2a: Gholdengo|Air Balloon
|-unboost|p1a: Clanger|def|1
|move|p2a: Gholdengo|Thunder Wave|p1a: Clanger
|-status|p1a: Clanger|par
|
|-weather|none
|upkeep
|turn|11
|inactive|FlutterKiller has 120 seconds left.
|
|t:|1758278453
|cant|p1a: Clanger|par
|move|p2a: Gholdengo|Hex|p1a: Clanger
|-damage|p1a: Clanger|21/100 par
|
|upkeep
|turn|12
|
|t:|1758278462
|move|p1a: Clanger|Clanging Scales|p2a: Gholdengo
|-resisted|p2a: Gholdengo
|-damage|p2a: Gholdengo|35/100
|-unboost|p1a: Clanger|def|1
|move|p2a: Gholdengo|Recover|p2a: Gholdengo
|-heal|p2a: Gholdengo|85/100
|
|upkeep
|turn|13
|inactive|MiinhuMC has 120 seconds left.
|
|t:|1758278481
|switch|p2a: Corviknight|Corviknight, M|100/100
|-ability|p2a: Corviknight|Pressure
|move|p1a: Clanger|Clanging Scales|p2a: Corviknight
|-resisted|p2a: Corviknight
|-damage|p2a: Corviknight|51/100
|-unboost|p1a: Clanger|def|1
|
|upkeep
|turn|14
|
|t:|1758278496
|move|p1a: Clanger|Aura Sphere|p2a: Corviknight
|-damage|p2a: Corviknight|0 fnt
|faint|p2a: Corviknight
|
|upkeep
|
|t:|1758278504
|switch|p2a: Gholdengo|Gholdengo|85/100
|turn|15
|
|t:|1758278508
|move|p1a: Clanger|Clanging Scales|p2a: Gholdengo
|-resisted|p2a: Gholdengo
|-damage|p2a: Gholdengo|54/100
|-unboost|p1a: Clanger|def|1
|move|p2a: Gholdengo|Hex|p1a: Clanger
|-damage|p1a: Clanger|0 fnt
|faint|p1a: Clanger
|
|upkeep
|
|t:|1758278513
|switch|p1a: Iron Moth|Iron Moth|100/100
|-enditem|p1a: Iron Moth|Booster Energy
|-activate|p1a: Iron Moth|ability: Quark Drive|[fromitem]
|-start|p1a: Iron Moth|quarkdrivespe
|turn|16
|
|t:|1758278523
|switch|p2a: Garganacl|Garganacl, M|100/100
|move|p1a: Iron Moth|Fiery Dance|p2a: Garganacl
|-resisted|p2a: Garganacl
|-damage|p2a: Garganacl|83/100
|-boost|p1a: Iron Moth|spa|1
|
|-heal|p2a: Garganacl|89/100|[from] item: Leftovers
|upkeep
|turn|17
|
|t:|1758278535
|-terastallize|p1a: Iron Moth|Grass
|move|p1a: Iron Moth|Fiery Dance|p2a: Garganacl
|-resisted|p2a: Garganacl
|-damage|p2a: Garganacl|60/100
|-boost|p1a: Iron Moth|spa|1
|move|p2a: Garganacl|Salt Cure|p1a: Iron Moth
|-damage|p1a: Iron Moth|80/100
|-start|p1a: Iron Moth|Salt Cure
|
|-heal|p2a: Garganacl|66/100|[from] item: Leftovers
|-damage|p1a: Iron Moth|67/100|[from] Salt Cure
|upkeep
|turn|18
|
|t:|1758278549
|move|p1a: Iron Moth|Energy Ball|p2a: Garganacl
|-supereffective|p2a: Garganacl
|-damage|p2a: Garganacl|0 fnt
|faint|p2a: Garganacl
|
|-damage|p1a: Iron Moth|55/100|[from] Salt Cure
|upkeep
|
|t:|1758278556
|switch|p2a: Tyranitar|Tyranitar, M|59/100
|-weather|Sandstorm|[from] ability: Sand Stream|[of] p2a: Tyranitar
|turn|19
|inactive|MiinhuMC has 120 seconds left.
|
|t:|1758278580
|move|p1a: Iron Moth|Energy Ball|p2a: Tyranitar
|-supereffective|p2a: Tyranitar
|-damage|p2a: Tyranitar|0 fnt
|faint|p2a: Tyranitar
|
|-weather|Sandstorm|[upkeep]
|-damage|p1a: Iron Moth|49/100|[from] Sandstorm
|-damage|p1a: Iron Moth|37/100|[from] Salt Cure
|upkeep
|
|t:|1758278584
|switch|p2a: Gholdengo|Gholdengo|54/100
|turn|20
|inactive|MiinhuMC has 120 seconds left.
|inactive|FlutterKiller has 120 seconds left.
|
|t:|1758278626
|-terastallize|p2a: Gholdengo|Dragon
|move|p1a: Iron Moth|Fiery Dance|p2a: Gholdengo
|-resisted|p2a: Gholdengo
|-damage|p2a: Gholdengo|26/100
|-boost|p1a: Iron Moth|spa|1
|move|p2a: Gholdengo|Recover|p2a: Gholdengo
|-heal|p2a: Gholdengo|76/100
|
|-weather|Sandstorm|[upkeep]
|-damage|p1a: Iron Moth|31/100|[from] Sandstorm
|-damage|p2a: Gholdengo|70/100|[from] Sandstorm
|-damage|p1a: Iron Moth|18/100|[from] Salt Cure
|upkeep
|turn|21
|inactive|MiinhuMC has 120 seconds left.
|
|t:|1758278640
|move|p1a: Iron Moth|Dazzling Gleam|p2a: Gholdengo
|-supereffective|p2a: Gholdengo
|-damage|p2a: Gholdengo|0 fnt
|faint|p2a: Gholdengo
|
|-weather|Sandstorm|[upkeep]
|-damage|p1a: Iron Moth|12/100|[from] Sandstorm
|-damage|p1a: Iron Moth|0 fnt|[from] Salt Cure
|faint|p1a: Iron Moth
|-end|p1a: Iron Moth|Quark Drive|[silent]
|upkeep
|inactive|FlutterKiller has 120 seconds left.
|inactive|MiinhuMC has 120 seconds left.
|
|t:|1758278647
|switch|p1a: Bike|Cyclizar, F|100/100
|switch|p2a: Excadrill|Excadrill, M|100/100
|-item|p2a: Excadrill|Air Balloon
|turn|22
|
|t:|1758278654
|move|p2a: Excadrill|Swords Dance|p2a: Excadrill
|-boost|p2a: Excadrill|atk|2
|move|p1a: Bike|Knock Off|p2a: Excadrill
|-damage|p2a: Excadrill|65/100
|-enditem|p2a: Excadrill|Air Balloon
|
|-weather|Sandstorm|[upkeep]
|-damage|p1a: Bike|94/100|[from] Sandstorm
|upkeep
|turn|23
|
|t:|1758278667
|move|p2a: Excadrill|Rapid Spin|p1a: Bike
|-damage|p1a: Bike|31/100
|-boost|p2a: Excadrill|spe|1
|move|p1a: Bike|U-turn|p2a: Excadrill
|-resisted|p2a: Excadrill
|-damage|p2a: Excadrill|52/100
|
|t:|1758278670
|switch|p1a: String Cheese|Gholdengo|100/100|[from] U-turn
|
|-weather|none
|upkeep
|turn|24
|
|t:|1758278683
|move|p2a: Excadrill|Earthquake|p1a: String Cheese
|-supereffective|p1a: String Cheese
|-damage|p1a: String Cheese|0 fnt
|faint|p1a: String Cheese
|
|upkeep
|
|t:|1758278685
|switch|p1a: Preppy|Enamorus, F|100/100
|turn|25
|
|t:|1758278700
|move|p2a: Excadrill|Iron Head|p1a: Preppy
|-supereffective|p1a: Preppy
|-damage|p1a: Preppy|0 fnt
|faint|p1a: Preppy
|
|upkeep
|
|t:|1758278708
|switch|p1a: Bike|Cyclizar, F|64/100
|turn|26
|
|t:|1758278715
|move|p2a: Excadrill|Iron Head|p1a: Bike
|-damage|p1a: Bike|0 fnt
|faint|p1a: Bike
|
|win|MiinhuMC
|raw|FlutterKiller's rating: 1278 &rarr; <strong>1250</strong><br />(-28 for losing)
|raw|MiinhuMC's rating: 1235 &rarr; <strong>1263</strong><br />(+28 for winning)
|l|☆FlutterKiller
|player|p1|
