|j|☆LuthStar
|j|☆husci
|t:|1758356834
|gametype|singles
|player|p1|LuthStar|ethan|1177
|player|p2|husci|1|1158
|gen|9
|tier|[Gen 9] OU
|rated|
|rule|HP Percentage Mod: HP is shown in percentages
|rule|Endless Battle Clause: Forcing endless battles is banned
|rule|Species Clause: Limit one of each Pokémon
|rule|OHKO Clause: OHKO moves are banned
|rule|Evasion Items Clause: Evasion items are banned
|rule|Evasion Moves Clause: Evasion moves are banned
|rule|Evasion Abilities Clause: Evasion abilities are banned
|rule|Sleep Moves Clause: Sleep-inducing moves are banned
|clearpoke
|poke|p1|Typhlosion, M|
|poke|p1|Donphan, M|
|poke|p1|Azumarill, F|
|poke|p1|Espeon, F|
|poke|p1|Hitmontop, M|
|poke|p1|Scizor, M|
|poke|p2|Kingambit, F|
|poke|p2|Thundurus-Therian, M|
|poke|p2|Dragapult, M|
|poke|p2|Zamazenta-*|
|poke|p2|Weezing-Galar, F|
|poke|p2|Alomomola, M|
|teampreview
|inactive|Battle timer is ON: inactive players will automatically lose when time's up. (requested by husci)
|
|t:|1758356847
|teamsize|p1|6
|teamsize|p2|6
|start
|switch|p1a: Espeon|Espeon, F|100/100
|switch|p2a: Dragapult|Dragapult, M|100/100
|turn|1
|
|t:|1758356855
|-terastallize|p1a: Espeon|Fairy
|move|p2a: Dragapult|U-turn|p1a: Espeon
|-resisted|p1a: Espeon
|-damage|p1a: Espeon|85/100
|
|t:|1758356862
|switch|p2a: Kingambit|Kingambit, F|100/100|[from] U-turn
|move|p1a: Espeon|Tera Blast|p2a: Kingambit|[anim] Tera Blast Fairy
|-damage|p2a: Kingambit|43/100
|
|-heal|p2a: Kingambit|50/100|[from] item: Leftovers
|upkeep
|turn|2
|
|t:|1758356876
|-terastallize|p2a: Kingambit|Fire
|move|p1a: Espeon|Tera Blast|p2a: Kingambit|[anim] Tera Blast Fairy
|-resisted|p2a: Kingambit
|-damage|p2a: Kingambit|20/100
|move|p2a: Kingambit|Iron Head|p1a: Espeon
|-supereffective|p1a: Espeon
|-damage|p1a: Espeon|0 fnt
|faint|p1a: Espeon
|
|-heal|p2a: Kingambit|26/100|[from] item: Leftovers
|upkeep
|
|t:|1758356887
|switch|p1a: Azumarill|Azumarill, F|100/100
|turn|3
|
|t:|1758356900
|-end|p2a: Kingambit|fallenundefined|[silent]
|switch|p2a: Thundurus|Thundurus-Therian, M|100/100
|move|p1a: Azumarill|Aqua Jet|p2a: Thundurus
|-damage|p2a: Thundurus|67/100
|
|upkeep
|turn|4
|
|t:|1758356909
|switch|p1a: Donphan|Donphan, M|100/100
|move|p2a: Thundurus|Thunderbolt|p1a: Donphan
|-immune|p1a: Donphan
|
|upkeep
|turn|5
|
|t:|1758356914
|switch|p2a: Alomomola|Alomomola, M|100/100
|move|p1a: Donphan|Stealth Rock|p2a: Alomomola
|-sidestart|p2: husci|move: Stealth Rock
|
|upkeep
|turn|6
|
|t:|1758356925
|move|p2a: Alomomola|Scald|p1a: Donphan
|-supereffective|p1a: Donphan
|-damage|p1a: Donphan|66/100
|move|p1a: Donphan|Ice Spinner|p2a: Alomomola
|-resisted|p2a: Alomomola
|-damage|p2a: Alomomola|95/100
|
|-heal|p1a: Donphan|72/100|[from] item: Leftovers
|upkeep
|turn|7
|inactive|LuthStar has 120 seconds left.
|
|t:|1758356956
|switch|p1a: Scizor|Scizor, M|100/100
|move|p2a: Alomomola|Flip Turn|p1a: Scizor
|-damage|p1a: Scizor|85/100
|
|t:|1758356965
|switch|p2a: Dragapult|Dragapult, M|100/100|[from] Flip Turn
|
|upkeep
|turn|8
|
|t:|1758356974
|switch|p1a: Typhlosion|Typhlosion, M|100/100
|move|p2a: Dragapult|Will-O-Wisp|p1a: Typhlosion
|-start|p1a: Typhlosion|ability: Flash Fire
|
|upkeep
|turn|9
|
|t:|1758356983
|move|p2a: Dragapult|Draco Meteor|p1a: Typhlosion
|-damage|p1a: Typhlosion|45/100
|-unboost|p2a: Dragapult|spa|2
|move|p1a: Typhlosion|Substitute|p1a: Typhlosion
|-start|p1a: Typhlosion|Substitute
|-damage|p1a: Typhlosion|20/100
|
|-heal|p1a: Typhlosion|26/100|[from] item: Leftovers
|upkeep
|turn|10
|
|t:|1758356992
|move|p2a: Dragapult|U-turn|p1a: Typhlosion
|-resisted|p1a: Typhlosion
|-damage|p1a: Typhlosion|17/100
|
|t:|1758356998
|switch|p2a: Alomomola|Alomomola, M|100/100|[from] U-turn
|move|p1a: Typhlosion|Roar|p2a: Alomomola
|drag|p2a: Thundurus|Thundurus-Therian, M|67/100
|-damage|p2a: Thundurus|42/100|[from] Stealth Rock
|
|-heal|p1a: Typhlosion|23/100|[from] item: Leftovers
|upkeep
|turn|11
|
|t:|1758357006
|move|p2a: Thundurus|Volt Switch|p1a: Typhlosion
|-end|p1a: Typhlosion|Substitute
|
|t:|1758357014
|switch|p2a: Dragapult|Dragapult, M|100/100|[from] Volt Switch
|move|p1a: Typhlosion|Lava Plume|p2a: Dragapult
|-resisted|p2a: Dragapult
|-crit|p2a: Dragapult
|-damage|p2a: Dragapult|47/100
|-status|p2a: Dragapult|brn
|
|-heal|p1a: Typhlosion|29/100|[from] item: Leftovers
|-damage|p2a: Dragapult|41/100 brn|[from] brn
|upkeep
|turn|12
|
|t:|1758357025
|-end|p1a: Typhlosion|ability: Flash Fire|[silent]
|switch|p1a: Azumarill|Azumarill, F|100/100
|move|p2a: Dragapult|Hex|p1a: Azumarill
|-damage|p1a: Azumarill|80/100
|
|-damage|p2a: Dragapult|35/100 brn|[from] brn
|upkeep
|turn|13
|
|t:|1758357032
|switch|p1a: Typhlosion|Typhlosion, M|29/100
|move|p2a: Dragapult|Will-O-Wisp|p1a: Typhlosion
|-start|p1a: Typhlosion|ability: Flash Fire
|
|-heal|p1a: Typhlosion|35/100|[from] item: Leftovers
|-damage|p2a: Dragapult|29/100 brn|[from] brn
|upkeep
|turn|14
|
|t:|1758357042
|move|p2a: Dragapult|Draco Meteor|p1a: Typhlosion
|-damage|p1a: Typhlosion|0 fnt
|-unboost|p2a: Dragapult|spa|2
|faint|p1a: Typhlosion
|
|-damage|p2a: Dragapult|23/100 brn|[from] brn
|upkeep
|
|t:|1758357055
|switch|p1a: Scizor|Scizor, M|85/100
|turn|15
|l|☆husci
|inactive|husci disconnected and has a minute to reconnect!
|player|p2|
|inactive|husci has 30 seconds to reconnect!
|inactive|husci has 20 seconds to reconnect!
|inactive|husci has 15 seconds to reconnect!
|inactive|husci has 10 seconds to reconnect!
|inactive|husci has 5 seconds to reconnect!
|-message|husci lost due to inactivity.
|
|win|LuthStar
|raw|LuthStar's rating: 1177 &rarr; <strong>1201</strong><br />(+24 for winning)
|raw|husci's rating: 1158 &rarr; <strong>1134</strong><br />(-24 for losing)
|l|☆LuthStar
|player|p1|
