|j|☆unexpectoimpregno
|j|☆ydkmdenji
|t:|1758288401
|gametype|singles
|player|p1|unexpectoimpregno|worker|1122
|player|p2|ydkmdenji|liko|1124
|gen|9
|tier|[Gen 9] OU
|rated|
|rule|HP Percentage Mod: HP is shown in percentages
|rule|Endless Battle Clause: Forcing endless battles is banned
|rule|Species Clause: Limit one of each Pokémon
|rule|OHKO Clause: OHKO moves are banned
|rule|Evasion Items Clause: Evasion items are banned
|rule|Evasion Moves Clause: Evasion moves are banned
|rule|Evasion Abilities Clause: Evasion abilities are banned
|rule|Sleep Moves Clause: Sleep-inducing moves are banned
|clearpoke
|poke|p1|Iron Moth|
|poke|p1|Dragonite, M|
|poke|p1|Landorus-Therian, M|
|poke|p1|Alomomola, M|
|poke|p1|Iron Treads|
|poke|p1|Kyurem|
|poke|p2|Gliscor, M|
|poke|p2|Pecharunt|
|poke|p2|Glimmora, F|
|poke|p2|Muk-Alola, M|
|poke|p2|Zangoose, M|
|poke|p2|Salazzle, F|
|teampreview
|inactive|Battle timer is ON: inactive players will automatically lose when time's up. (requested by unexpectoimpregno)
|c|☆unexpectoimpregno|are you dragon lords alt?
|c|☆unexpectoimpregno|he tends to use that avatar
|inactive|unexpectoimpregno has 120 seconds left.
|
|t:|1758288459
|teamsize|p1|6
|teamsize|p2|6
|start
|switch|p1a: Iron Treads|Iron Treads|100/100
|switch|p2a: Zangoose|Zangoose, M|100/100
|turn|1
|inactive|ydkmdenji has 120 seconds left.
|c|☆ydkmdenji|ohh no i'm not lol
|
|t:|1758288509
|move|p1a: Iron Treads|Iron Defense|p1a: Iron Treads
|-boost|p1a: Iron Treads|def|2
|move|p2a: Zangoose|Knock Off|p1a: Iron Treads
|-damage|p1a: Iron Treads|87/100
|-enditem|p1a: Iron Treads|Leftovers|[from] move: Knock Off|[of] p2a: Zangoose
|
|-status|p2a: Zangoose|tox|[from] item: Toxic Orb
|upkeep
|turn|2
|c|☆ydkmdenji|I just like the character :>
|c|☆unexpectoimpregno|ok
|
|t:|1758288533
|switch|p2a: Pecharunt|Pecharunt|100/100
|move|p1a: Iron Treads|Iron Defense|p1a: Iron Treads
|-boost|p1a: Iron Treads|def|2
|
|upkeep
|turn|3
|
|t:|1758288543
|move|p1a: Iron Treads|Volt Switch|p2a: Pecharunt
|-damage|p2a: Pecharunt|88/100
|
|t:|1758288550
|-end|p1a: Iron Treads|Quark Drive|[silent]
|switch|p1a: Iron Moth|Iron Moth|100/100|[from] Volt Switch
|move|p2a: Pecharunt|Shadow Ball|p1a: Iron Moth
|-damage|p1a: Iron Moth|75/100
|
|upkeep
|turn|4
|inactive|ydkmdenji has 90 seconds left.
|
|t:|1758288580
|switch|p2a: Muk|Muk-Alola, M|100/100
|move|p1a: Iron Moth|Agility|p1a: Iron Moth
|-boost|p1a: Iron Moth|spe|2
|
|upkeep
|turn|5
|inactive|ydkmdenji has 90 seconds left.
|
|t:|1758288603
|move|p1a: Iron Moth|Meteor Beam||[still]
|-prepare|p1a: Iron Moth|Meteor Beam
|-boost|p1a: Iron Moth|spa|1
|-enditem|p1a: Iron Moth|Power Herb
|-anim|p1a: Iron Moth|Meteor Beam|p2a: Muk
|-damage|p2a: Muk|69/100
|move|p2a: Muk|Knock Off|p1a: Iron Moth
|-damage|p1a: Iron Moth|25/100
|
|upkeep
|turn|6
|inactive|ydkmdenji has 60 seconds left.
|
|t:|1758288644
|move|p2a: Muk|Shadow Sneak|p1a: Iron Moth
|-damage|p1a: Iron Moth|4/100
|move|p1a: Iron Moth|Fiery Dance|p2a: Muk
|-damage|p2a: Muk|36/100
|
|upkeep
|turn|7
|inactive|ydkmdenji has 30 seconds left.
|c|☆unexpectoimpregno|I got chip on that tank, moth served its purpose
|inactive|ydkmdenji has 20 seconds left.
|inactive|ydkmdenji has 15 seconds left.
|
|t:|1758288689
|move|p2a: Muk|Shadow Sneak|p1a: Iron Moth
|-damage|p1a: Iron Moth|0 fnt
|faint|p1a: Iron Moth
|-end|p1a: Iron Moth|Quark Drive|[silent]
|
|upkeep
|
|t:|1758288696
|switch|p1a: Landorus|Landorus-Therian, M|100/100
|-ability|p1a: Landorus|Intimidate|boost
|-unboost|p2a: Muk|atk|1
|turn|8
|inactive|ydkmdenji has 30 seconds left this turn.
|
|t:|1758288702
|switch|p2a: Gliscor|Gliscor, M|100/100
|move|p1a: Landorus|Earthquake|p2a: Gliscor
|-immune|p2a: Gliscor
|
|-status|p2a: Gliscor|tox|[from] item: Toxic Orb
|upkeep
|turn|9
|inactive|ydkmdenji has 30 seconds left.
|inactive|ydkmdenji has 20 seconds left.
|
|t:|1758288718
|switch|p2a: Pecharunt|Pecharunt|88/100
|move|p1a: Landorus|Taunt|p2a: Pecharunt
|-start|p2a: Pecharunt|move: Taunt
|
|upkeep
|turn|10
|inactive|ydkmdenji has 30 seconds left this turn.
|inactive|ydkmdenji has 20 seconds left.
|
|t:|1758288731
|-terastallize|p2a: Pecharunt|Dark
|move|p2a: Pecharunt|Malignant Chain|p1a: Landorus
|-resisted|p1a: Landorus
|-damage|p1a: Landorus|85/100
|-status|p1a: Landorus|tox
|-start|p1a: Landorus|confusion|[from] ability: Poison Puppeteer|[of] p2a: Pecharunt
|-activate|p1a: Landorus|confusion
|-damage|p1a: Landorus|68/100 tox|[from] confusion
|
|-damage|p1a: Landorus|62/100 tox|[from] psn
|upkeep
|turn|11
|inactive|ydkmdenji has 30 seconds left this turn.
|inactive|ydkmdenji has 20 seconds left.
|inactive|ydkmdenji has 15 seconds left.
|
|t:|1758288749
|move|p2a: Pecharunt|Shadow Ball|p1a: Landorus
|-damage|p1a: Landorus|38/100 tox
|-end|p1a: Landorus|confusion
|move|p1a: Landorus|Stealth Rock|p2a: Pecharunt
|-sidestart|p2: ydkmdenji|move: Stealth Rock
|
|-damage|p1a: Landorus|26/100 tox|[from] psn
|-end|p2a: Pecharunt|move: Taunt
|upkeep
|turn|12
|inactive|ydkmdenji has 25 seconds left this turn.
|inactive|ydkmdenji has 20 seconds left.
|inactive|ydkmdenji has 15 seconds left.
|
|t:|1758288761
|switch|p2a: Gliscor|Gliscor, M|100/100 tox
|-damage|p2a: Gliscor|88/100 tox|[from] Stealth Rock
|move|p1a: Landorus|U-turn|p2a: Gliscor
|-resisted|p2a: Gliscor
|-damage|p2a: Gliscor|77/100 tox
|
|t:|1758288768
|switch|p1a: Kyurem|Kyurem|100/100|[from] U-turn
|-ability|p1a: Kyurem|Pressure
|
|-heal|p2a: Gliscor|90/100 tox|[from] ability: Poison Heal
|upkeep
|turn|13
|inactive|ydkmdenji has 30 seconds left this turn.
|inactive|ydkmdenji has 20 seconds left.
|inactive|ydkmdenji has 15 seconds left.
|
|t:|1758288788
|switch|p2a: Muk|Muk-Alola, M|36/100
|-damage|p2a: Muk|23/100|[from] Stealth Rock
|move|p1a: Kyurem|Dragon Dance|p1a: Kyurem
|-boost|p1a: Kyurem|atk|1
|-boost|p1a: Kyurem|spe|1
|
|upkeep
|turn|14
|inactive|ydkmdenji has 25 seconds left this turn.
|inactive|ydkmdenji has 20 seconds left.
|c|☆unexpectoimpregno|you just lost your body press counter
|inactive|ydkmdenji has 15 seconds left.
|inactive|ydkmdenji has 10 seconds left.
|
|t:|1758288804
|move|p1a: Kyurem|Icicle Spear|p2a: Muk
|-damage|p2a: Muk|0 fnt
|faint|p2a: Muk
|-hitcount|p2: Muk|1
|
|upkeep
|inactive|ydkmdenji has 15 seconds left this turn.
|inactive|ydkmdenji has 10 seconds left.
|inactive|ydkmdenji has 5 seconds left.
|
|t:|1758288817
|switch|p2a: Pecharunt|Pecharunt, tera:Dark|88/100
|turn|15
|inactive|ydkmdenji has 15 seconds left this turn.
|inactive|ydkmdenji has 10 seconds left.
|
|t:|1758288829
|move|p1a: Kyurem|Icicle Spear|p2a: Pecharunt
|-damage|p2a: Pecharunt|77/100
|-damage|p2a: Pecharunt|67/100
|-damage|p2a: Pecharunt|57/100
|-damage|p2a: Pecharunt|47/100
|-damage|p2a: Pecharunt|36/100
|-hitcount|p2a: Pecharunt|5
|move|p2a: Pecharunt|Malignant Chain|p1a: Kyurem
|-damage|p1a: Kyurem|70/100
|-status|p1a: Kyurem|tox
|-start|p1a: Kyurem|confusion|[from] ability: Poison Puppeteer|[of] p2a: Pecharunt
|
|-damage|p1a: Kyurem|64/100 tox|[from] psn
|upkeep
|turn|16
|inactive|ydkmdenji has 20 seconds left this turn.
|inactive|ydkmdenji has 15 seconds left.
|inactive|ydkmdenji has 10 seconds left.
|
|t:|1758288843
|-activate|p1a: Kyurem|confusion
|move|p1a: Kyurem|Icicle Spear|p2a: Pecharunt
|-damage|p2a: Pecharunt|26/100
|-damage|p2a: Pecharunt|15/100
|-damage|p2a: Pecharunt|4/100
|-damage|p2a: Pecharunt|0 fnt
|faint|p2a: Pecharunt
|-hitcount|p2: Pecharunt|4
|
|-damage|p1a: Kyurem|52/100 tox|[from] psn
|upkeep
|inactive|ydkmdenji has 15 seconds left this turn.
|inactive|ydkmdenji has 10 seconds left.
|
|t:|1758288851
|switch|p2a: Zangoose|Zangoose, M|100/100 tox
|-damage|p2a: Zangoose|88/100 tox|[from] Stealth Rock
|turn|17
|inactive|ydkmdenji has 20 seconds left this turn.
|
|t:|1758288857
|-activate|p1a: Kyurem|confusion
|move|p1a: Kyurem|Icicle Spear|p2a: Zangoose
|-damage|p2a: Zangoose|52/100 tox
|-damage|p2a: Zangoose|13/100 tox
|-damage|p2a: Zangoose|0 fnt
|faint|p2a: Zangoose
|-hitcount|p2: Zangoose|3
|
|-damage|p1a: Kyurem|33/100 tox|[from] psn
|upkeep
|inactive|ydkmdenji has 25 seconds left this turn.
|
|t:|1758288861
|switch|p2a: Gliscor|Gliscor, M|90/100 tox
|-damage|p2a: Gliscor|77/100 tox|[from] Stealth Rock
|turn|18
|
|t:|1758288867
|move|p2a: Gliscor|Protect|p2a: Gliscor
|-singleturn|p2a: Gliscor|Protect
|-end|p1a: Kyurem|confusion
|move|p1a: Kyurem|Icicle Spear|p2a: Gliscor
|-activate|p2a: Gliscor|move: Protect
|
|-damage|p1a: Kyurem|9/100 tox|[from] psn
|-heal|p2a: Gliscor|90/100 tox|[from] ability: Poison Heal
|upkeep
|turn|19
|
|t:|1758288876
|switch|p2a: Salazzle|Salazzle, F|100/100
|move|p1a: Kyurem|Icicle Spear|p2a: Salazzle
|-resisted|p2a: Salazzle
|-damage|p2a: Salazzle|78/100
|-resisted|p2a: Salazzle
|-damage|p2a: Salazzle|56/100
|-resisted|p2a: Salazzle
|-damage|p2a: Salazzle|33/100
|-resisted|p2a: Salazzle
|-damage|p2a: Salazzle|11/100
|-hitcount|p2a: Salazzle|4
|
|-damage|p1a: Kyurem|0 fnt|[from] psn
|faint|p1a: Kyurem
|upkeep
|
|t:|1758288891
|switch|p1a: Dragonite|Dragonite, M|100/100
|turn|20
|
|t:|1758288898
|-terastallize|p1a: Dragonite|Normal
|move|p2a: Salazzle|Toxic|p1a: Dragonite
|-status|p1a: Dragonite|tox
|move|p1a: Dragonite|Dragon Dance|p1a: Dragonite
|-boost|p1a: Dragonite|atk|1
|-boost|p1a: Dragonite|spe|1
|
|-damage|p1a: Dragonite|94/100 tox|[from] psn
|upkeep
|turn|21
|
|t:|1758288908
|move|p1a: Dragonite|Extreme Speed|p2a: Salazzle
|-damage|p2a: Salazzle|0 fnt
|faint|p2a: Salazzle
|-damage|p1a: Dragonite|84/100 tox|[from] item: Life Orb
|
|-damage|p1a: Dragonite|72/100 tox|[from] psn
|upkeep
|
|t:|1758288915
|switch|p2a: Gliscor|Gliscor, M|90/100 tox
|-damage|p2a: Gliscor|77/100 tox|[from] Stealth Rock
|turn|22
|
|t:|1758288920
|move|p1a: Dragonite|Dragon Dance|p1a: Dragonite
|-boost|p1a: Dragonite|atk|1
|-boost|p1a: Dragonite|spe|1
|move|p2a: Gliscor|Knock Off|p1a: Dragonite
|-damage|p1a: Dragonite|47/100 tox
|-enditem|p1a: Dragonite|Life Orb|[from] move: Knock Off|[of] p2a: Gliscor
|
|-damage|p1a: Dragonite|28/100 tox|[from] psn
|-heal|p2a: Gliscor|90/100 tox|[from] ability: Poison Heal
|upkeep
|turn|23
|inactive|ydkmdenji has 60 seconds left.
|
|t:|1758288934
|move|p1a: Dragonite|Extreme Speed|p2a: Gliscor
|-damage|p2a: Gliscor|18/100 tox
|move|p2a: Gliscor|Spikes|p1a: Dragonite
|-sidestart|p1: unexpectoimpregno|Spikes
|
|-damage|p1a: Dragonite|4/100 tox|[from] psn
|-heal|p2a: Gliscor|31/100 tox|[from] ability: Poison Heal
|upkeep
|turn|24
|
|t:|1758288943
|move|p2a: Gliscor|Protect|p2a: Gliscor
|-singleturn|p2a: Gliscor|Protect
|move|p1a: Dragonite|Roost|p1a: Dragonite
|-heal|p1a: Dragonite|54/100 tox
|
|-damage|p1a: Dragonite|23/100 tox|[from] psn
|-heal|p2a: Gliscor|43/100 tox|[from] ability: Poison Heal
|upkeep
|turn|25
|
|t:|1758288951
|move|p2a: Gliscor|Protect|p2a: Gliscor
|-singleturn|p2a: Gliscor|Protect
|move|p1a: Dragonite|Extreme Speed|p2a: Gliscor
|-activate|p2a: Gliscor|move: Protect
|
|-damage|p1a: Dragonite|0 fnt|[from] psn
|faint|p1a: Dragonite
|-heal|p2a: Gliscor|56/100 tox|[from] ability: Poison Heal
|upkeep
|
|t:|1758288966
|switch|p1a: Iron Treads|Iron Treads|87/100
|-damage|p1a: Iron Treads|75/100|[from] Spikes
|turn|26
|
|t:|1758288976
|switch|p2a: Glimmora|Glimmora, F|100/100
|-damage|p2a: Glimmora|88/100|[from] Stealth Rock
|move|p1a: Iron Treads|Iron Defense|p1a: Iron Treads
|-boost|p1a: Iron Treads|def|2
|
|upkeep
|turn|27
|
|t:|1758288982
|move|p1a: Iron Treads|Iron Defense|p1a: Iron Treads
|-boost|p1a: Iron Treads|def|2
|move|p2a: Glimmora|Mortal Spin|p1a: Iron Treads
|-immune|p1a: Iron Treads
|
|upkeep
|turn|28
|inactive|ydkmdenji has 90 seconds left.
|
|t:|1758288998
|move|p1a: Iron Treads|Iron Defense|p1a: Iron Treads
|-boost|p1a: Iron Treads|def|2
|move|p2a: Glimmora|Stealth Rock|p1a: Iron Treads
|-sidestart|p1: unexpectoimpregno|move: Stealth Rock
|
|upkeep
|turn|29
|
|t:|1758289002
|move|p1a: Iron Treads|Body Press|p2a: Glimmora
|-damage|p2a: Glimmora|0 fnt
|-activate|p2a: Glimmora|ability: Toxic Debris
|-sidestart|p1: unexpectoimpregno|move: Toxic Spikes
|faint|p2a: Glimmora
|
|upkeep
|
|t:|1758289007
|switch|p2a: Gliscor|Gliscor, M|56/100 tox
|-damage|p2a: Gliscor|43/100 tox|[from] Stealth Rock
|turn|30
|
|t:|1758289010
|move|p2a: Gliscor|Protect|p2a: Gliscor
|-singleturn|p2a: Gliscor|Protect
|move|p1a: Iron Treads|Body Press|p2a: Gliscor
|-activate|p2a: Gliscor|move: Protect
|
|-heal|p2a: Gliscor|56/100 tox|[from] ability: Poison Heal
|upkeep
|turn|31
|
|t:|1758289019
|move|p1a: Iron Treads|Body Press|p2a: Gliscor
|-resisted|p2a: Gliscor
|-damage|p2a: Gliscor|21/100 tox
|move|p2a: Gliscor|Knock Off|p1a: Iron Treads
|-damage|p1a: Iron Treads|72/100
|
|-heal|p2a: Gliscor|33/100 tox|[from] ability: Poison Heal
|upkeep
|turn|32
|
|t:|1758289028
|move|p2a: Gliscor|Protect|p2a: Gliscor
|-singleturn|p2a: Gliscor|Protect
|move|p1a: Iron Treads|Body Press|p2a: Gliscor
|-activate|p2a: Gliscor|move: Protect
|
|-heal|p2a: Gliscor|46/100 tox|[from] ability: Poison Heal
|upkeep
|turn|33
|inactive|ydkmdenji has 120 seconds left.
|
|t:|1758289039
|move|p1a: Iron Treads|Body Press|p2a: Gliscor
|-resisted|p2a: Gliscor
|-damage|p2a: Gliscor|11/100 tox
|move|p2a: Gliscor|Knock Off|p1a: Iron Treads
|-damage|p1a: Iron Treads|69/100
|
|-heal|p2a: Gliscor|24/100 tox|[from] ability: Poison Heal
|upkeep
|turn|34
|inactive|ydkmdenji has 120 seconds left.
|
|t:|1758289048
|move|p2a: Gliscor|Protect|p2a: Gliscor
|-singleturn|p2a: Gliscor|Protect
|move|p1a: Iron Treads|Body Press|p2a: Gliscor
|-activate|p2a: Gliscor|move: Protect
|
|-heal|p2a: Gliscor|36/100 tox|[from] ability: Poison Heal
|upkeep
|turn|35
|
|t:|1758289057
|move|p2a: Gliscor|Protect||[still]
|-fail|p2a: Gliscor
|move|p1a: Iron Treads|Body Press|p2a: Gliscor
|-resisted|p2a: Gliscor
|-damage|p2a: Gliscor|2/100 tox
|
|-heal|p2a: Gliscor|15/100 tox|[from] ability: Poison Heal
|upkeep
|turn|36
|
|t:|1758289066
|move|p2a: Gliscor|Protect|p2a: Gliscor
|-singleturn|p2a: Gliscor|Protect
|move|p1a: Iron Treads|Body Press|p2a: Gliscor
|-activate|p2a: Gliscor|move: Protect
|
|-heal|p2a: Gliscor|27/100 tox|[from] ability: Poison Heal
|upkeep
|turn|37
|
|t:|1758289074
|move|p2a: Gliscor|Protect|p2a: Gliscor
|-singleturn|p2a: Gliscor|Protect
|move|p1a: Iron Treads|Body Press|p2a: Gliscor
|-activate|p2a: Gliscor|move: Protect
|
|-heal|p2a: Gliscor|40/100 tox|[from] ability: Poison Heal
|upkeep
|turn|38
|
|t:|1758289085
|move|p1a: Iron Treads|Body Press|p2a: Gliscor
|-resisted|p2a: Gliscor
|-damage|p2a: Gliscor|8/100 tox
|move|p2a: Gliscor|Knock Off|p1a: Iron Treads
|-damage|p1a: Iron Treads|66/100
|
|-heal|p2a: Gliscor|21/100 tox|[from] ability: Poison Heal
|upkeep
|turn|39
|c|☆unexpectoimpregno|how many double protects
|
|t:|1758289095
|move|p2a: Gliscor|Protect|p2a: Gliscor
|-singleturn|p2a: Gliscor|Protect
|move|p1a: Iron Treads|Volt Switch|p2a: Gliscor
|-activate|p2a: Gliscor|move: Protect
|
|-heal|p2a: Gliscor|33/100 tox|[from] ability: Poison Heal
|upkeep
|turn|40
|
|t:|1758289104
|move|p2a: Gliscor|Protect||[still]
|-fail|p2a: Gliscor
|move|p1a: Iron Treads|Body Press|p2a: Gliscor
|-resisted|p2a: Gliscor
|-damage|p2a: Gliscor|0 fnt
|faint|p2a: Gliscor
|
|win|unexpectoimpregno
|raw|unexpectoimpregno's rating: 1122 &rarr; <strong>1147</strong><br />(+25 for winning)
|raw|ydkmdenji's rating: 1124 &rarr; <strong>1099</strong><br />(-25 for losing)
|c|☆ydkmdenji|gg
|c|☆unexpectoimpregno|gg
|c|☆ydkmdenji|:p
|c|☆ydkmdenji|fun game
|l|☆ydkmdenji
|player|p2|
|c|☆unexpectoimpregno|it was
|l|☆unexpectoimpregno
|player|p1|
