|j|☆King of Mistakes
|j|☆ggdtzera
|t:|1758343315
|gametype|singles
|player|p1|King of Mistakes|rood|1087
|player|p2|ggdtzera|169|1089
|gen|9
|tier|[Gen 9] OU
|rated|
|rule|HP Percentage Mod: HP is shown in percentages
|rule|Endless Battle Clause: Forcing endless battles is banned
|rule|Species Clause: Limit one of each Pokémon
|rule|OHKO Clause: OHKO moves are banned
|rule|Evasion Items Clause: Evasion items are banned
|rule|Evasion Moves Clause: Evasion moves are banned
|rule|Evasion Abilities Clause: Evasion abilities are banned
|rule|Sleep Moves Clause: Sleep-inducing moves are banned
|clearpoke
|poke|p1|Primarina, F|
|poke|p1|Gholdengo|
|poke|p1|Salamence, M|
|poke|p1|Clodsire, M|
|poke|p1|Forretress, M|
|poke|p1|Darkrai|
|poke|p2|Heatran, M|
|poke|p2|Chimecho, M|
|poke|p2|Corviknight, M|
|poke|p2|Ursaluna, M|
|poke|p2|Weezing-Galar, M|
|poke|p2|Salazzle, F|
|teampreview
|inactive|Battle timer is ON: inactive players will automatically lose when time's up. (requested by ggdtzera)
|
|t:|1758343331
|teamsize|p1|6
|teamsize|p2|6
|start
|switch|p1a: Gholdengo|Gholdengo|100/100
|switch|p2a: Salazzle|Salazzle, F|100/100
|turn|1
|
|t:|1758343340
|move|p2a: Salazzle|Taunt|p1a: Gholdengo
|-immune|p1a: Gholdengo|[from] ability: Good as Gold
|move|p1a: Gholdengo|Thunder Wave|p2a: Salazzle
|-status|p2a: Salazzle|par
|
|upkeep
|turn|2
|
|t:|1758343353
|switch|p2a: Ursaluna|Ursaluna, M|100/100
|move|p1a: Gholdengo|Hex|p2a: Ursaluna
|-immune|p2a: Ursaluna
|
|-status|p2a: Ursaluna|brn|[from] item: Flame Orb
|upkeep
|turn|3
|
|t:|1758343364
|switch|p1a: Forretress|Forretress, M|100/100
|move|p2a: Ursaluna|Crunch|p1a: Forretress
|-crit|p1a: Forretress
|-damage|p1a: Forretress|53/100
|-unboost|p1a: Forretress|def|1
|
|-damage|p2a: Ursaluna|94/100 brn|[from] brn
|upkeep
|turn|4
|
|t:|1758343376
|move|p1a: Forretress|Body Press|p2a: Ursaluna
|-supereffective|p2a: Ursaluna
|-damage|p2a: Ursaluna|66/100 brn
|move|p2a: Ursaluna|Drain Punch|p1a: Forretress
|-damage|p1a: Forretress|8/100
|-heal|p2a: Ursaluna|81/100 brn|[from] drain|[of] p1a: Forretress
|
|-damage|p2a: Ursaluna|75/100 brn|[from] brn
|upkeep
|turn|5
|
|t:|1758343400
|switch|p1a: Salamence|Salamence, M|100/100
|-ability|p1a: Salamence|Intimidate|boost
|-unboost|p2a: Ursaluna|atk|1
|move|p2a: Ursaluna|Crunch|p1a: Salamence
|-damage|p1a: Salamence|67/100
|
|-damage|p2a: Ursaluna|69/100 brn|[from] brn
|upkeep
|turn|6
|
|t:|1758343408
|switch|p2a: Weezing|Weezing-Galar, M|100/100
|-ability|p2a: Weezing|Neutralizing Gas
|move|p1a: Salamence|Draco Meteor|p2a: Weezing
|-immune|p2a: Weezing
|
|upkeep
|turn|7
|
|t:|1758343418
|switch|p1a: Gholdengo|Gholdengo|100/100
|-end|p2a: Weezing|ability: Neutralizing Gas
|switch|p2a: Heatran|Heatran, M|100/100
|
|upkeep
|turn|8
|
|t:|1758343429
|switch|p2a: Ursaluna|Ursaluna, M|69/100 brn
|-terastallize|p1a: Gholdengo|Water
|move|p1a: Gholdengo|Thunder Wave|p2a: Ursaluna
|-immune|p2a: Ursaluna
|
|-damage|p2a: Ursaluna|63/100 brn|[from] brn
|upkeep
|turn|9
|
|t:|1758343435
|switch|p1a: Primarina|Primarina, F|100/100
|move|p2a: Ursaluna|Drain Punch|p1a: Primarina
|-resisted|p1a: Primarina
|-damage|p1a: Primarina|75/100
|-heal|p2a: Ursaluna|73/100 brn|[from] drain|[of] p1a: Primarina
|
|-damage|p2a: Ursaluna|67/100 brn|[from] brn
|upkeep
|turn|10
|
|t:|1758343442
|-terastallize|p2a: Ursaluna|Normal
|move|p1a: Primarina|Surf|p2a: Ursaluna
|-damage|p2a: Ursaluna|23/100 brn
|move|p2a: Ursaluna|Facade|p1a: Primarina
|-damage|p1a: Primarina|0 fnt
|faint|p1a: Primarina
|
|-damage|p2a: Ursaluna|17/100 brn|[from] brn
|upkeep
|
|t:|1758343445
|switch|p1a: Darkrai|Darkrai|100/100
|turn|11
|
|t:|1758343454
|move|p1a: Darkrai|Knock Off|p2a: Ursaluna
|-damage|p2a: Ursaluna|0 fnt
|-enditem|p2a: Ursaluna|Flame Orb|[from] move: Knock Off|[of] p1a: Darkrai
|faint|p2a: Ursaluna
|
|upkeep
|
|t:|1758343461
|switch|p2a: Heatran|Heatran, M|100/100
|turn|12
|
|t:|1758343467
|move|p1a: Darkrai|Substitute|p1a: Darkrai
|-start|p1a: Darkrai|Substitute
|-damage|p1a: Darkrai|76/100
|move|p2a: Heatran|Flamethrower|p1a: Darkrai
|-end|p1a: Darkrai|Substitute
|
|-heal|p1a: Darkrai|82/100|[from] item: Leftovers
|upkeep
|turn|13
|
|t:|1758343473
|switch|p1a: Clodsire|Clodsire, M|100/100
|move|p2a: Heatran|Flamethrower|p1a: Clodsire
|-damage|p1a: Clodsire|80/100
|
|-heal|p1a: Clodsire|86/100|[from] item: Black Sludge
|upkeep
|turn|14
|
|t:|1758343485
|switch|p2a: Corviknight|Corviknight, M|100/100
|-ability|p2a: Corviknight|Pressure
|move|p1a: Clodsire|Stealth Rock|p2a: Corviknight
|-sidestart|p2: ggdtzera|move: Stealth Rock
|
|-heal|p1a: Clodsire|92/100|[from] item: Black Sludge
|upkeep
|turn|15
|
|t:|1758343505
|switch|p1a: Gholdengo|Gholdengo, tera:Water|100/100
|move|p2a: Corviknight|Defog|p1a: Gholdengo
|-immune|p1a: Gholdengo|[from] ability: Good as Gold
|
|upkeep
|turn|16
|
|t:|1758343515
|switch|p2a: Salazzle|Salazzle, F|100/100 par
|-damage|p2a: Salazzle|76/100 par|[from] Stealth Rock
|move|p1a: Gholdengo|Thunder Wave|p2a: Salazzle
|-fail|p2a: Salazzle|par
|
|upkeep
|turn|17
|
|t:|1758343523
|switch|p1a: Clodsire|Clodsire, M|92/100
|move|p2a: Salazzle|Endeavor|p1a: Clodsire
|-damage|p1a: Clodsire|55/100
|
|-heal|p1a: Clodsire|62/100|[from] item: Black Sludge
|upkeep
|turn|18
|
|t:|1758343529
|move|p2a: Salazzle|Toxic|p1a: Clodsire
|-status|p1a: Clodsire|tox
|move|p1a: Clodsire|Toxic Spikes|p2a: Salazzle
|-sidestart|p2: ggdtzera|move: Toxic Spikes
|
|-heal|p1a: Clodsire|68/100 tox|[from] item: Black Sludge
|-damage|p1a: Clodsire|62/100 tox|[from] psn
|upkeep
|turn|19
|
|t:|1758343546
|switch|p2a: Weezing|Weezing-Galar, M|100/100
|-ability|p2a: Weezing|Neutralizing Gas
|-damage|p2a: Weezing|88/100|[from] Stealth Rock
|-sideend|p2: ggdtzera|move: Toxic Spikes|[of] p2a: Weezing
|switch|p1a: Gholdengo|Gholdengo, tera:Water|100/100
|
|-heal|p2a: Weezing|94/100|[from] item: Leftovers
|upkeep
|turn|20
|inactive|ggdtzera has 120 seconds left.
|
|t:|1758343583
|move|p1a: Gholdengo|Thunder Wave|p2a: Weezing
|-status|p2a: Weezing|par
|cant|p2a: Weezing|par
|
|-heal|p2a: Weezing|99/100 par|[from] item: Leftovers
|upkeep
|turn|21
|
|t:|1758343609
|move|p1a: Gholdengo|Hex|p2a: Weezing
|-damage|p2a: Weezing|21/100 par
|move|p2a: Weezing|Defog|p1a: Gholdengo
|-unboost|p1a: Gholdengo|evasion|1
|-sideend|p2: ggdtzera|Stealth Rock|[from] move: Defog|[of] p2a: Weezing
|
|-heal|p2a: Weezing|27/100 par|[from] item: Leftovers
|upkeep
|turn|22
|
|t:|1758343614
|move|p1a: Gholdengo|Hex|p2a: Weezing
|-damage|p2a: Weezing|0 fnt
|faint|p2a: Weezing
|-end|p2a: Weezing|ability: Neutralizing Gas
|
|upkeep
|
|t:|1758343622
|switch|p2a: Salazzle|Salazzle, F|76/100 par
|turn|23
|
|t:|1758343625
|move|p1a: Gholdengo|Hex|p2a: Salazzle
|-damage|p2a: Salazzle|0 fnt
|faint|p2a: Salazzle
|
|upkeep
|
|t:|1758343638
|switch|p2a: Chimecho|Chimecho, M|100/100
|turn|24
|
|t:|1758343646
|move|p1a: Gholdengo|Thunder Wave|p2a: Chimecho
|-status|p2a: Chimecho|par
|move|p2a: Chimecho|Calm Mind|p2a: Chimecho
|-boost|p2a: Chimecho|spa|1
|-boost|p2a: Chimecho|spd|1
|
|upkeep
|turn|25
|
|t:|1758343649
|move|p1a: Gholdengo|Hex|p2a: Chimecho
|-supereffective|p2a: Chimecho
|-damage|p2a: Chimecho|31/100 par
|cant|p2a: Chimecho|par
|
|-heal|p2a: Chimecho|37/100 par|[from] item: Leftovers
|upkeep
|turn|26
|-message|ggdtzera forfeited.
|
|win|King of Mistakes
|raw|King of Mistakes's rating: 1087 &rarr; <strong>1114</strong><br />(+27 for winning)
|raw|ggdtzera's rating: 1089 &rarr; <strong>1066</strong><br />(-23 for losing)
|l|☆ggdtzera
|player|p2|
|l|☆King of Mistakes
|player|p1|
