|j|☆Andrewtre
|j|☆thesinxer
|t:|1758346096
|gametype|singles
|player|p1|Andrewtre|unknown|1105
|player|p2|thesinxer|norman|1166
|gen|9
|tier|[Gen 9] OU
|rated|
|rule|HP Percentage Mod: HP is shown in percentages
|rule|Endless Battle Clause: Forcing endless battles is banned
|rule|Species Clause: Limit one of each Pokémon
|rule|OHKO Clause: OHKO moves are banned
|rule|Evasion Items Clause: Evasion items are banned
|rule|Evasion Moves Clause: Evasion moves are banned
|rule|Evasion Abilities Clause: Evasion abilities are banned
|rule|Sleep Moves Clause: Sleep-inducing moves are banned
|clearpoke
|poke|p1|Farigiraf, F|
|poke|p1|Hatterene, F|
|poke|p1|Gardevoir, F|
|poke|p1|Gengar, M|
|poke|p1|Golduck, F|
|poke|p1|Golurk|
|poke|p2|Ogerpon-Wellspring, F|
|poke|p2|Conkeldurr, M|
|poke|p2|Zoroark-Hisui, M|
|poke|p2|Slowking-Galar, M|
|poke|p2|Kingambit, M|
|poke|p2|Cinderace, F|
|teampreview
|inactive|Battle timer is ON: inactive players will automatically lose when time's up. (requested by Andrewtre)
|inactive|thesinxer has 120 seconds left.
|
|t:|1758346135
|teamsize|p1|6
|teamsize|p2|6
|start
|switch|p1a: Hatterene|Hatterene, F|100/100
|switch|p2a: BlindAhh|Slowking-Galar, M|100/100
|turn|1
|
|t:|1758346144
|move|p2a: BlindAhh|Bitter Malice|p1a: Hatterene
|-supereffective|p1a: Hatterene
|-damage|p1a: Hatterene|25/100
|-unboost|p1a: Hatterene|atk|1
|move|p1a: Hatterene|Psychic|p2a: BlindAhh
|-damage|p2a: BlindAhh|0 fnt
|replace|p2a: NotAPhase|Zoroark-Hisui, M
|-end|p2a: NotAPhase|Illusion
|faint|p2a: NotAPhase
|
|upkeep
|
|t:|1758346161
|switch|p2a: Nuh-uh-uh|Ogerpon-Wellspring, F|100/100
|turn|2
|
|t:|1758346170
|move|p2a: Nuh-uh-uh|Ivy Cudgel|p1a: Hatterene|[anim] Ivy Cudgel Water
|-damage|p1a: Hatterene|0 fnt
|faint|p1a: Hatterene
|
|upkeep
|
|t:|1758346174
|switch|p1a: Gengar|Gengar, M|100/100
|turn|3
|
|t:|1758346179
|move|p2a: Nuh-uh-uh|Wood Hammer|p1a: Gengar
|-resisted|p1a: Gengar
|-damage|p1a: Gengar|33/100
|-damage|p2a: Nuh-uh-uh|81/100|[from] Recoil
|move|p1a: Gengar|Sludge Wave|p2a: Nuh-uh-uh
|-supereffective|p2a: Nuh-uh-uh
|-crit|p2a: Nuh-uh-uh
|-damage|p2a: Nuh-uh-uh|0 fnt
|faint|p2a: Nuh-uh-uh
|
|upkeep
|
|t:|1758346194
|switch|p2a: Furry|Cinderace, F|100/100
|turn|4
|
|t:|1758346200
|move|p2a: Furry|Flare Blitz|p1a: Gengar
|-damage|p1a: Gengar|0 fnt
|faint|p1a: Gengar
|-damage|p2a: Furry|91/100|[from] Recoil
|
|upkeep
|
|t:|1758346202
|switch|p1a: Golduck|Golduck, F|100/100
|turn|5
|
|t:|1758346204
|move|p2a: Furry|U-turn|p1a: Golduck
|-start|p2a: Furry|typechange|Bug|[from] ability: Libero
|-damage|p1a: Golduck|50/100
|
|t:|1758346210
|switch|p2a: BlindAhh|Slowking-Galar, M|100/100|[from] U-turn
|move|p1a: Golduck|Rain Dance|p1a: Golduck
|-weather|RainDance
|
|-weather|RainDance|[upkeep]
|upkeep
|turn|6
|
|t:|1758346215
|move|p1a: Golduck|Surf|p2a: BlindAhh
|-crit|p2a: BlindAhh
|-damage|p2a: BlindAhh|43/100
|-prepare|p2a: BlindAhh|Chilly Reception|[premajor]
|move|p2a: BlindAhh|Chilly Reception|p2a: BlindAhh
|-weather|Snowscape
|
|t:|1758346218
|switch|p2a: Juan Punch|Conkeldurr, M, shiny|100/100|[from] Chilly Reception
|
|-weather|Snowscape|[upkeep]
|upkeep
|turn|7
|
|t:|1758346246
|move|p1a: Golduck|Surf|p2a: Juan Punch
|-damage|p2a: Juan Punch|41/100
|move|p2a: Juan Punch|Dynamic Punch|p1a: Golduck
|-damage|p1a: Golduck|0 fnt
|faint|p1a: Golduck
|
|-weather|Snowscape|[upkeep]
|upkeep
|inactive|Andrewtre has 120 seconds left.
|
|t:|1758346263
|switch|p1a: Gardevoir|Gardevoir, F|100/100
|-ability|p1a: Gardevoir|Iron Fist|Trace|[from] ability: Trace|[of] p2a: Juan Punch
|turn|8
|inactive|Andrewtre has 120 seconds left.
|
|t:|1758346279
|switch|p2a: BlindAhh|Slowking-Galar, M|76/100
|move|p1a: Gardevoir|Psychic|p2a: BlindAhh
|-damage|p2a: BlindAhh|45/100
|
|-weather|Snowscape|[upkeep]
|-heal|p2a: BlindAhh|51/100|[from] item: Black Sludge
|upkeep
|turn|9
|
|t:|1758346283
|move|p2a: BlindAhh|Protect|p2a: BlindAhh
|-singleturn|p2a: BlindAhh|Protect
|move|p1a: Gardevoir|Psychic|p2a: BlindAhh
|-activate|p2a: BlindAhh|move: Protect
|
|-weather|Snowscape|[upkeep]
|-heal|p2a: BlindAhh|57/100|[from] item: Black Sludge
|upkeep
|turn|10
|
|t:|1758346290
|switch|p1a: Golurk|Golurk|100/100
|move|p2a: BlindAhh|Sludge Wave|p1a: Golurk
|-resisted|p1a: Golurk
|-damage|p1a: Golurk|91/100
|
|-weather|none
|-heal|p2a: BlindAhh|63/100|[from] item: Black Sludge
|upkeep
|turn|11
|
|t:|1758346293
|move|p1a: Golurk|Stealth Rock|p2a: BlindAhh
|-sidestart|p2: thesinxer|move: Stealth Rock
|-prepare|p2a: BlindAhh|Chilly Reception|[premajor]
|move|p2a: BlindAhh|Chilly Reception|p2a: BlindAhh
|-weather|Snowscape
|
|t:|1758346300
|switch|p2a: Furry|Cinderace, F|91/100|[from] Chilly Reception
|
|-weather|Snowscape|[upkeep]
|upkeep
|turn|12
|
|t:|1758346303
|move|p2a: Furry|Court Change|p2a: Furry
|-start|p2a: Furry|typechange|Normal|[from] ability: Libero
|-swapsideconditions
|-activate|p2a: Furry|move: Court Change
|move|p1a: Golurk|Stealth Rock|p2a: Furry
|-sidestart|p2: thesinxer|move: Stealth Rock
|
|-weather|Snowscape|[upkeep]
|upkeep
|turn|13
|
|t:|1758346309
|move|p2a: Furry|U-turn|p1a: Golurk
|-resisted|p1a: Golurk
|-damage|p1a: Golurk|77/100
|
|t:|1758346311
|switch|p2a: Juan Punch|Conkeldurr, M, shiny|41/100|[from] U-turn
|-damage|p2a: Juan Punch|35/100|[from] Stealth Rock
|move|p1a: Golurk|Dynamic Punch|p2a: Juan Punch
|-damage|p2a: Juan Punch|0 fnt
|faint|p2a: Juan Punch
|-damage|p1a: Golurk|67/100|[from] item: Life Orb
|
|-weather|Snowscape|[upkeep]
|upkeep
|
|t:|1758346319
|switch|p2a: 5head|Kingambit, M|100/100
|-damage|p2a: 5head|94/100|[from] Stealth Rock
|-activate|p2a: 5head|ability: Supreme Overlord
|-start|p2a: 5head|fallen3|[silent]
|turn|14
|
|t:|1758346322
|-terastallize|p1a: Golurk|Fighting
|move|p2a: 5head|Sucker Punch|p1a: Golurk
|-resisted|p1a: Golurk
|-damage|p1a: Golurk|26/100
|-damage|p2a: 5head|84/100|[from] item: Life Orb
|move|p1a: Golurk|Dynamic Punch|p2a: 5head
|-supereffective|p2a: 5head
|-damage|p2a: 5head|0 fnt
|faint|p2a: 5head
|-end|p2a: 5head|fallen3|[silent]
|-damage|p1a: Golurk|16/100|[from] item: Life Orb
|
|-weather|Snowscape|[upkeep]
|upkeep
|
|t:|1758346328
|switch|p2a: Furry|Cinderace, F|91/100
|turn|15
|
|t:|1758346331
|move|p2a: Furry|Flare Blitz|p1a: Golurk
|-damage|p1a: Golurk|0 fnt
|faint|p1a: Golurk
|-damage|p2a: Furry|86/100|[from] Recoil
|
|-weather|none
|upkeep
|
|t:|1758346337
|switch|p1a: Gardevoir|Gardevoir, F|100/100
|-damage|p1a: Gardevoir|88/100|[from] Stealth Rock
|-ability|p1a: Gardevoir|Libero|Trace|[from] ability: Trace|[of] p2a: Furry
|turn|16
|
|t:|1758346339
|move|p1a: Gardevoir|Psychic|p2a: Furry
|-start|p1a: Gardevoir|typechange|Psychic|[from] ability: Libero
|-damage|p2a: Furry|25/100
|move|p2a: Furry|Flare Blitz|p1a: Gardevoir
|-damage|p1a: Gardevoir|0 fnt
|faint|p1a: Gardevoir
|-damage|p2a: Furry|0 fnt|[from] Recoil
|faint|p2a: Furry
|
|upkeep
|
|t:|1758346351
|switch|p2a: BlindAhh|Slowking-Galar, M|97/100
|switch|p1a: Farigiraf|Farigiraf, F|100/100
|-damage|p1a: Farigiraf|88/100|[from] Stealth Rock
|-damage|p2a: BlindAhh|84/100|[from] Stealth Rock
|turn|17
|
|t:|1758346358
|move|p2a: BlindAhh|Protect|p2a: BlindAhh
|-singleturn|p2a: BlindAhh|Protect
|move|p1a: Farigiraf|Psychic Fangs|p2a: BlindAhh
|-activate|p2a: BlindAhh|move: Protect
|
|-heal|p2a: BlindAhh|90/100|[from] item: Black Sludge
|upkeep
|turn|18
|
|t:|1758346368
|move|p1a: Farigiraf|Psychic Fangs|p2a: BlindAhh
|-damage|p2a: BlindAhh|56/100
|-damage|p1a: Farigiraf|78/100|[from] item: Life Orb
|move|p2a: BlindAhh|Sludge Wave|p1a: Farigiraf
|-damage|p1a: Farigiraf|38/100
|
|-heal|p2a: BlindAhh|62/100|[from] item: Black Sludge
|upkeep
|turn|19
|
|t:|1758346373
|move|p1a: Farigiraf|Psychic Fangs|p2a: BlindAhh
|-damage|p2a: BlindAhh|25/100
|-damage|p1a: Farigiraf|28/100|[from] item: Life Orb
|move|p2a: BlindAhh|Sludge Wave|p1a: Farigiraf
|-damage|p1a: Farigiraf|0 fnt
|faint|p1a: Farigiraf
|
|win|thesinxer
|raw|Andrewtre's rating: 1105 &rarr; <strong>1084</strong><br />(-21 for losing)
|raw|thesinxer's rating: 1166 &rarr; <strong>1187</strong><br />(+21 for winning)
|l|☆thesinxer
|player|p2|
|l|☆Andrewtre
|player|p1|
