|j|☆NaCl fish
|j|☆woshaleni123
|t:|1758359032
|gametype|singles
|player|p1|NaCl fish|irida|1204
|player|p2|woshaleni123|lady-gen4|1257
|gen|9
|tier|[Gen 9] OU
|rated|
|rule|HP Percentage Mod: HP is shown in percentages
|rule|Endless Battle Clause: Forcing endless battles is banned
|rule|Species Clause: Limit one of each Pokémon
|rule|OHKO Clause: OHKO moves are banned
|rule|Evasion Items Clause: Evasion items are banned
|rule|Evasion Moves Clause: Evasion moves are banned
|rule|Evasion Abilities Clause: Evasion abilities are banned
|rule|Sleep Moves Clause: Sleep-inducing moves are banned
|clearpoke
|poke|p1|Torkoal, M|
|poke|p1|Ogerpon-Wellspring, F|
|poke|p1|Walking Wake|
|poke|p1|Gliscor, F|
|poke|p1|Raging Bolt|
|poke|p1|Toxapex, F|
|poke|p2|Pelipper, F|
|poke|p2|Kingdra, M|
|poke|p2|Alomomola, F|
|poke|p2|Great Tusk|
|poke|p2|Rillaboom, M|
|poke|p2|Darkrai|
|teampreview
|inactive|Battle timer is ON: inactive players will automatically lose when time's up. (requested by NaCl fish)
|inactive|woshaleni123 also wants the timer to be on.
|
|t:|1758359040
|teamsize|p1|6
|teamsize|p2|6
|start
|switch|p1a: Ogerpon|Ogerpon-Wellspring, F|100/100
|switch|p2a: 瞭望员|Rillaboom, M, shiny|100/100
|-fieldstart|move: Grassy Terrain|[from] ability: Grassy Surge|[of] p2a: 瞭望员
|turn|1
|inactive|NaCl fish has 120 seconds left.
|
|t:|1758359078
|-terastallize|p2a: 瞭望员|Grass
|move|p1a: Ogerpon|Spiky Shield|p1a: Ogerpon
|-singleturn|p1a: Ogerpon|move: Protect
|move|p2a: 瞭望员|Wood Hammer|p1a: Ogerpon
|-activate|p1a: Ogerpon|move: Protect
|-damage|p2a: 瞭望员|88/100|[from] Spiky Shield|[of] p1a: Ogerpon
|
|-heal|p2a: 瞭望员|94/100|[from] Grassy Terrain
|upkeep
|turn|2
|
|t:|1758359085
|switch|p1a: Toxapex|Toxapex, F|100/100
|move|p2a: 瞭望员|Wood Hammer|p1a: Toxapex
|-damage|p1a: Toxapex|0 fnt
|faint|p1a: Toxapex
|-damage|p2a: 瞭望员|65/100|[from] Recoil
|
|-heal|p2a: 瞭望员|71/100|[from] Grassy Terrain
|upkeep
|
|t:|1758359088
|switch|p1a: Torkoal|Torkoal, M|100/100
|-weather|SunnyDay|[from] ability: Drought|[of] p1a: Torkoal
|turn|3
|
|t:|1758359090
|move|p2a: 瞭望员|Wood Hammer|p1a: Torkoal
|-resisted|p1a: Torkoal
|-damage|p1a: Torkoal|36/100
|-damage|p2a: 瞭望员|50/100|[from] Recoil
|move|p1a: Torkoal|Will-O-Wisp|p2a: 瞭望员
|-status|p2a: 瞭望员|brn
|
|-weather|SunnyDay|[upkeep]
|-heal|p2a: 瞭望员|56/100 brn|[from] Grassy Terrain
|-heal|p1a: Torkoal|42/100|[from] Grassy Terrain
|-damage|p2a: 瞭望员|50/100 brn|[from] brn
|upkeep
|turn|4
|
|t:|1758359104
|switch|p2a: 航海士|Alomomola, F|100/100
|move|p1a: Torkoal|Stealth Rock|p2a: 航海士
|-sidestart|p2: woshaleni123|move: Stealth Rock
|
|-weather|SunnyDay|[upkeep]
|-heal|p1a: Torkoal|48/100|[from] Grassy Terrain
|upkeep
|turn|5
|
|t:|1758359114
|switch|p1a: Ogerpon|Ogerpon-Wellspring, F|100/100
|move|p2a: 航海士|Flip Turn|p1a: Ogerpon
|-immune|p1a: Ogerpon|[from] ability: Water Absorb
|
|-weather|SunnyDay|[upkeep]
|-fieldend|move: Grassy Terrain
|upkeep
|turn|6
|
|t:|1758359143
|move|p1a: Ogerpon|Horn Leech|p2a: 航海士
|-supereffective|p2a: 航海士
|-damage|p2a: 航海士|37/100
|move|p2a: 航海士|Healing Wish|p2a: 航海士
|faint|p2a: 航海士
|
|-weather|SunnyDay|[upkeep]
|upkeep
|
|t:|1758359151
|switch|p2a: 瞭望员|Rillaboom, M, shiny, tera:Grass|50/100 brn
|-heal|p2a: 瞭望员|100/100|[from] move: Healing Wish
|-damage|p2a: 瞭望员|88/100|[from] Stealth Rock
|-fieldstart|move: Grassy Terrain|[from] ability: Grassy Surge|[of] p2a: 瞭望员
|turn|7
|
|t:|1758359156
|move|p1a: Ogerpon|Spiky Shield|p1a: Ogerpon
|-singleturn|p1a: Ogerpon|move: Protect
|move|p2a: 瞭望员|Wood Hammer|p1a: Ogerpon
|-activate|p1a: Ogerpon|move: Protect
|-damage|p2a: 瞭望员|76/100|[from] Spiky Shield|[of] p1a: Ogerpon
|
|-weather|SunnyDay|[upkeep]
|-heal|p2a: 瞭望员|82/100|[from] Grassy Terrain
|upkeep
|turn|8
|
|t:|1758359160
|move|p1a: Ogerpon|U-turn|p2a: 瞭望员
|-supereffective|p2a: 瞭望员
|-damage|p2a: 瞭望员|26/100
|
|t:|1758359166
|switch|p1a: Gliscor|Gliscor, F|100/100|[from] U-turn
|move|p2a: 瞭望员|Wood Hammer|p1a: Gliscor
|-damage|p1a: Gliscor|0 fnt
|faint|p1a: Gliscor
|-damage|p2a: 瞭望员|0 fnt|[from] Recoil
|faint|p2a: 瞭望员
|
|-weather|SunnyDay|[upkeep]
|upkeep
|inactive|woshaleni123 has 120 seconds left.
|inactive|woshaleni123 has 90 seconds left.
|inactive|woshaleni123 has 60 seconds left.
|c|☆NaCl fish|我杀了你，搞快点
|n|‽NaCl fish|naclfish
|c|~|/log NaCl fish was locked from talking by Artemis. (☆NaCl fish: 我杀了你，搞快点)
|c|~|/raw <small>This action was done automatically. Want to learn more about the AI? <a href="https://www.smogon.com/forums/threads/3570628/#post-9056769">Visit the information thread</a>.</small>
|
|t:|1758359270
|switch|p2a: 船长|Pelipper, F, shiny|100/100
|switch|p1a: Walking Wake|Walking Wake|100/100
|-damage|p2a: 船长|76/100|[from] Stealth Rock
|-weather|RainDance|[from] ability: Drizzle|[of] p2a: 船长
|turn|9
|
|t:|1758359279
|move|p1a: Walking Wake|Dragon Pulse|p2a: 船长
|-damage|p2a: 船长|17/100
|move|p2a: 船长|U-turn|p1a: Walking Wake
|-damage|p1a: Walking Wake|92/100
|
|t:|1758359284
|switch|p2a: 炮手|Kingdra, M, shiny|100/100|[from] U-turn
|-damage|p2a: 炮手|88/100|[from] Stealth Rock
|
|-weather|RainDance|[upkeep]
|-heal|p2a: 炮手|94/100|[from] Grassy Terrain
|-heal|p1a: Walking Wake|98/100|[from] Grassy Terrain
|upkeep
|turn|10
|
|t:|1758359290
|-end|p1a: Walking Wake|Protosynthesis|[silent]
|switch|p1a: Torkoal|Torkoal, M|48/100
|-weather|SunnyDay|[from] ability: Drought|[of] p1a: Torkoal
|move|p2a: 炮手|Focus Energy|p2a: 炮手
|-start|p2a: 炮手|move: Focus Energy
|
|-weather|SunnyDay|[upkeep]
|-heal|p2a: 炮手|100/100|[from] Grassy Terrain
|-heal|p1a: Torkoal|54/100|[from] Grassy Terrain
|upkeep
|turn|11
|
|t:|1758359305
|move|p2a: 炮手|Draco Meteor|p1a: Torkoal|[miss]
|-miss|p2a: 炮手|p1a: Torkoal
|move|p1a: Torkoal|Will-O-Wisp|p2a: 炮手
|-status|p2a: 炮手|brn
|
|-weather|SunnyDay|[upkeep]
|-heal|p1a: Torkoal|60/100|[from] Grassy Terrain
|-damage|p2a: 炮手|94/100 brn|[from] brn
|-fieldend|move: Grassy Terrain
|upkeep
|turn|12
|
|t:|1758359308
|move|p2a: 炮手|Draco Meteor|p1a: Torkoal
|-crit|p1a: Torkoal
|-damage|p1a: Torkoal|0 fnt
|-unboost|p2a: 炮手|spa|2
|faint|p1a: Torkoal
|
|-weather|SunnyDay|[upkeep]
|-damage|p2a: 炮手|88/100 brn|[from] brn
|upkeep
|
|t:|1758359310
|switch|p1a: Walking Wake|Walking Wake|98/100
|-activate|p1a: Walking Wake|ability: Protosynthesis
|-start|p1a: Walking Wake|protosynthesisspa
|turn|13
|inactive|woshaleni123 has 90 seconds left.
|n|‽NaCl fish|naclfish
|inactive|woshaleni123 has 60 seconds left.
|inactive|woshaleni123 has 30 seconds left.
|inactive|woshaleni123 has 20 seconds left.
|inactive|woshaleni123 has 15 seconds left.
|inactive|woshaleni123 has 10 seconds left.
|inactive|woshaleni123 has 5 seconds left.
|-message|woshaleni123 lost due to inactivity.
|
|win|NaCl fish
