|j|☆lerendezvous
|j|☆John Kritter
|t:|1758343361
|gametype|singles
|player|p1|lerendezvous|101|1736
|player|p2|John Kritter|pokemaniac|1555
|gen|9
|tier|[Gen 9] OU
|rated|
|rule|HP Percentage Mod: HP is shown in percentages
|rule|Endless Battle Clause: Forcing endless battles is banned
|rule|Species Clause: Limit one of each Pokémon
|rule|OHKO Clause: OHKO moves are banned
|rule|Evasion Items Clause: Evasion items are banned
|rule|Evasion Moves Clause: Evasion moves are banned
|rule|Evasion Abilities Clause: Evasion abilities are banned
|rule|Sleep Moves Clause: Sleep-inducing moves are banned
|clearpoke
|poke|p1|Ogerpon-Wellspring, F|
|poke|p1|Slowking-Galar, F|
|poke|p1|Great Tusk|
|poke|p1|Moltres|
|poke|p1|Dragapult, F|
|poke|p1|Kingambit, F|
|poke|p2|Torkoal, F|
|poke|p2|Walking Wake|
|poke|p2|Hatterene, F|
|poke|p2|Great Tusk|
|poke|p2|Ceruledge, M|
|poke|p2|Enamorus, F|
|teampreview
|inactive|Battle timer is ON: inactive players will automatically lose when time's up. (requested by John Kritter)
|inactive|lerendezvous also wants the timer to be on.
|
|t:|1758343388
|teamsize|p1|6
|teamsize|p2|6
|start
|switch|p1a: Ogerpon|Ogerpon-Wellspring, F|100/100
|switch|p2a: Torkoal|Torkoal, F|100/100
|-weather|SunnyDay|[from] ability: Drought|[of] p2a: Torkoal
|turn|1
|
|t:|1758343404
|move|p1a: Ogerpon|Ivy Cudgel|p2a: Torkoal|[anim] Ivy Cudgel Water
|-supereffective|p2a: Torkoal
|-damage|p2a: Torkoal|50/100
|move|p2a: Torkoal|Flamethrower|p1a: Ogerpon
|-damage|p1a: Ogerpon|37/100
|
|-weather|SunnyDay|[upkeep]
|upkeep
|turn|2
|
|t:|1758343414
|switch|p2a: Hatterene|Hatterene, F, shiny|100/100
|move|p1a: Ogerpon|Ivy Cudgel|p2a: Hatterene|[anim] Ivy Cudgel Water
|-damage|p2a: Hatterene|74/100
|-enditem|p2a: Hatterene|Eject Button
|
|t:|1758343425
|switch|p2a: Walking Wake|Walking Wake|100/100
|-activate|p2a: Walking Wake|ability: Protosynthesis
|-start|p2a: Walking Wake|protosynthesisspa
|
|-weather|SunnyDay|[upkeep]
|upkeep
|turn|3
|
|t:|1758343431
|move|p1a: Ogerpon|Knock Off|p2a: Walking Wake
|-crit|p2a: Walking Wake
|-damage|p2a: Walking Wake|36/100
|-enditem|p2a: Walking Wake|Choice Specs|[from] move: Knock Off|[of] p1a: Ogerpon
|move|p2a: Walking Wake|Dragon Pulse|p1a: Ogerpon
|-damage|p1a: Ogerpon|0 fnt
|faint|p1a: Ogerpon
|
|-weather|SunnyDay|[upkeep]
|upkeep
|
|t:|1758343438
|switch|p1a: Slowking|Slowking-Galar, F|100/100
|turn|4
|
|t:|1758343447
|move|p2a: Walking Wake|Hydro Steam|p1a: Slowking
|-damage|p1a: Slowking|58/100
|move|p1a: Slowking|Psyshock|p2a: Walking Wake
|-damage|p2a: Walking Wake|0 fnt
|faint|p2a: Walking Wake
|-end|p2a: Walking Wake|Protosynthesis|[silent]
|
|-weather|SunnyDay|[upkeep]
|upkeep
|
|t:|1758343456
|switch|p2a: Ceruledge|Ceruledge, M|100/100
|turn|5
|
|t:|1758343460
|switch|p1a: Moltres|Moltres|100/100
|move|p2a: Ceruledge|Swords Dance|p2a: Ceruledge
|-boost|p2a: Ceruledge|atk|2
|
|-weather|SunnyDay|[upkeep]
|upkeep
|turn|6
|
|t:|1758343465
|move|p2a: Ceruledge|Bitter Blade|p1a: Moltres
|-resisted|p1a: Moltres
|-damage|p1a: Moltres|46/100
|move|p1a: Moltres|Roar|p2a: Ceruledge
|drag|p2a: Torkoal|Torkoal, F|50/100
|
|-weather|SunnyDay|[upkeep]
|upkeep
|turn|7
|
|t:|1758343472
|move|p1a: Moltres|Roost|p1a: Moltres
|-heal|p1a: Moltres|96/100
|-singleturn|p1a: Moltres|move: Roost
|move|p2a: Torkoal|Stealth Rock|p1a: Moltres
|-sidestart|p1: lerendezvous|move: Stealth Rock
|
|-weather|SunnyDay|[upkeep]
|upkeep
|turn|8
|
|t:|1758343477
|switch|p2a: Hatterene|Hatterene, F, shiny|74/100
|move|p1a: Moltres|Flamethrower|p2a: Hatterene
|-damage|p2a: Hatterene|18/100
|
|-weather|none
|upkeep
|turn|9
|
|t:|1758343485
|move|p1a: Moltres|Flamethrower|p2a: Hatterene
|-damage|p2a: Hatterene|0 fnt
|faint|p2a: Hatterene
|
|upkeep
|
|t:|1758343489
|switch|p2a: Torkoal|Torkoal, F|50/100
|-weather|SunnyDay|[from] ability: Drought|[of] p2a: Torkoal
|turn|10
|
|t:|1758343493
|move|p1a: Moltres|Flamethrower|p2a: Torkoal
|-resisted|p2a: Torkoal
|-damage|p2a: Torkoal|18/100
|move|p2a: Torkoal|Flamethrower|p1a: Moltres
|-resisted|p1a: Moltres
|-damage|p1a: Moltres|65/100
|
|-weather|SunnyDay|[upkeep]
|upkeep
|turn|11
|
|t:|1758343502
|move|p1a: Moltres|Roost|p1a: Moltres
|-heal|p1a: Moltres|100/100
|-singleturn|p1a: Moltres|move: Roost
|move|p2a: Torkoal|Flamethrower|p1a: Moltres
|-resisted|p1a: Moltres
|-damage|p1a: Moltres|71/100
|
|-weather|SunnyDay|[upkeep]
|upkeep
|turn|12
|
|t:|1758343508
|switch|p2a: Don|Great Tusk, shiny|100/100
|-activate|p2a: Don|ability: Protosynthesis
|-start|p2a: Don|protosynthesisatk
|move|p1a: Moltres|Flamethrower|p2a: Don
|-damage|p2a: Don|14/100
|
|-weather|SunnyDay|[upkeep]
|upkeep
|turn|13
|
|t:|1758343518
|move|p2a: Don|Ice Spinner|p1a: Moltres
|-damage|p1a: Moltres|42/100
|-status|p2a: Don|brn|[from] ability: Flame Body|[of] p1a: Moltres
|move|p1a: Moltres|Roost|p1a: Moltres
|-heal|p1a: Moltres|92/100
|-singleturn|p1a: Moltres|move: Roost
|
|-weather|SunnyDay|[upkeep]
|-damage|p2a: Don|8/100 brn|[from] brn
|upkeep
|turn|14
|-message|John Kritter forfeited.
|
|win|lerendezvous
|raw|lerendezvous's rating: 1736 &rarr; <strong>1746</strong><br />(+10 for winning)
|raw|John Kritter's rating: 1555 &rarr; <strong>1545</strong><br />(-10 for losing)
|l|☆lerendezvous
|player|p1|
|l|☆John Kritter
|player|p2|
