|j|☆Team 1 jules
|j|☆victini092
|t:|1758290195
|gametype|singles
|player|p1|Team 1 jules|benga|1296
|player|p2|victini092|dawn|1267
|gen|9
|tier|[Gen 9] OU
|rated|
|rule|HP Percentage Mod: HP is shown in percentages
|rule|Endless Battle Clause: Forcing endless battles is banned
|rule|Species Clause: Limit one of each Pokémon
|rule|OHKO Clause: OHKO moves are banned
|rule|Evasion Items Clause: Evasion items are banned
|rule|Evasion Moves Clause: Evasion moves are banned
|rule|Evasion Abilities Clause: Evasion abilities are banned
|rule|Sleep Moves Clause: Sleep-inducing moves are banned
|clearpoke
|poke|p1|Kyurem|
|poke|p1|Zapdos|
|poke|p1|Dragapult, F|
|poke|p1|Great Tusk|
|poke|p1|Clefable, M|
|poke|p1|Iron Moth|
|poke|p2|Iron Moth|
|poke|p2|Raging Bolt|
|poke|p2|Rillaboom, F|
|poke|p2|Great Tusk|
|poke|p2|Walking Wake|
|poke|p2|Ninetales, F|
|teampreview
|inactive|Battle timer is ON: inactive players will automatically lose when time's up. (requested by victini092)
|
|t:|1758290203
|teamsize|p1|6
|teamsize|p2|6
|start
|switch|p1a: Parasite|Dragapult, F|100/100
|switch|p2a: Walking Wake|Walking Wake|100/100
|turn|1
|
|t:|1758290210
|-terastallize|p2a: Walking Wake|Water
|move|p1a: Parasite|Dragon Darts|p2a: Walking Wake
|-damage|p2a: Walking Wake|59/100
|-anim|p1a: Parasite|Dragon Darts|p2a: Walking Wake
|-damage|p2a: Walking Wake|19/100
|move|p2a: Walking Wake|Draco Meteor|p1a: Parasite
|-supereffective|p1a: Parasite
|-damage|p1a: Parasite|0 fnt
|-unboost|p2a: Walking Wake|spa|2
|faint|p1a: Parasite
|
|upkeep
|
|t:|1758290229
|switch|p1a: Clefable|Clefable, M|100/100
|turn|2
|
|t:|1758290233
|-end|p2a: Walking Wake|Protosynthesis|[silent]
|switch|p2a: Ninetales|Ninetales, F|100/100
|-weather|SunnyDay|[from] ability: Drought|[of] p2a: Ninetales
|move|p1a: Clefable|Stealth Rock|p2a: Ninetales
|-sidestart|p2: victini092|move: Stealth Rock
|
|-weather|SunnyDay|[upkeep]
|upkeep
|turn|3
|
|t:|1758290242
|move|p2a: Ninetales|Encore|p1a: Clefable
|-start|p1a: Clefable|Encore
|move|p1a: Clefable|Stealth Rock||[still]
|-fail|p1a: Clefable
|
|-weather|SunnyDay|[upkeep]
|upkeep
|turn|4
|
|t:|1758290250
|switch|p2a: Great Tusk|Great Tusk|100/100
|-damage|p2a: Great Tusk|98/100|[from] Stealth Rock
|-activate|p2a: Great Tusk|ability: Protosynthesis
|-start|p2a: Great Tusk|protosynthesisatk
|switch|p1a: Pump It|Great Tusk|100/100
|-activate|p1a: Pump It|ability: Protosynthesis
|-start|p1a: Pump It|protosynthesisatk
|
|-weather|SunnyDay|[upkeep]
|upkeep
|turn|5
|
|t:|1758290266
|move|p2a: Great Tusk|Rapid Spin|p1a: Pump It
|-damage|p1a: Pump It|85/100
|-boost|p2a: Great Tusk|spe|1
|-sideend|p2: victini092|Stealth Rock|[from] move: Rapid Spin|[of] p2a: Great Tusk
|move|p1a: Pump It|Headlong Rush|p2a: Great Tusk
|-damage|p2a: Great Tusk|41/100
|-unboost|p1a: Pump It|def|1
|-unboost|p1a: Pump It|spd|1
|-damage|p1a: Pump It|69/100|[from] item: Rocky Helmet|[of] p2a: Great Tusk
|
|-weather|SunnyDay|[upkeep]
|upkeep
|turn|6
|
|t:|1758290283
|-end|p1a: Pump It|Protosynthesis|[silent]
|switch|p1a: Hurikan|Zapdos|100/100
|move|p2a: Great Tusk|Ice Spinner|p1a: Hurikan
|-supereffective|p1a: Hurikan
|-damage|p1a: Hurikan|44/100
|
|-weather|SunnyDay|[upkeep]
|upkeep
|turn|7
|
|t:|1758290292
|switch|p1a: Clefable|Clefable, M|100/100
|move|p2a: Great Tusk|Ice Spinner|p1a: Clefable
|-damage|p1a: Clefable|73/100
|
|-weather|SunnyDay|[upkeep]
|-heal|p1a: Clefable|79/100|[from] item: Leftovers
|upkeep
|turn|8
|
|t:|1758290307
|move|p2a: Great Tusk|Stealth Rock|p1a: Clefable
|-sidestart|p1: Team 1 jules|move: Stealth Rock
|move|p1a: Clefable|Moonblast|p2a: Great Tusk
|-supereffective|p2a: Great Tusk
|-damage|p2a: Great Tusk|0 fnt
|faint|p2a: Great Tusk
|-end|p2a: Great Tusk|Protosynthesis|[silent]
|
|-weather|SunnyDay|[upkeep]
|-heal|p1a: Clefable|86/100|[from] item: Leftovers
|upkeep
|
|t:|1758290318
|switch|p2a: Iron Moth|Iron Moth|100/100
|-enditem|p2a: Iron Moth|Booster Energy
|-activate|p2a: Iron Moth|ability: Quark Drive|[fromitem]
|-start|p2a: Iron Moth|quarkdrivespe
|turn|9
|inactive|Team 1 jules has 120 seconds left.
|
|t:|1758290351
|-terastallize|p1a: Clefable|Steel
|move|p2a: Iron Moth|Fiery Dance|p1a: Clefable
|-supereffective|p1a: Clefable
|-damage|p1a: Clefable|0 fnt
|faint|p1a: Clefable
|
|-weather|none
|upkeep
|inactive|Team 1 jules has 120 seconds left.
|
|t:|1758290358
|switch|p1a: Kyurem|Kyurem|100/100
|-damage|p1a: Kyurem|76/100|[from] Stealth Rock
|-ability|p1a: Kyurem|Pressure
|turn|10
|inactive|Team 1 jules has 120 seconds left.
|inactive|victini092 has 120 seconds left.
|
|t:|1758290395
|move|p2a: Iron Moth|Dazzling Gleam|p1a: Kyurem
|-supereffective|p1a: Kyurem
|-damage|p1a: Kyurem|21/100
|move|p1a: Kyurem|Scale Shot|p2a: Iron Moth
|-damage|p2a: Iron Moth|80/100
|-damage|p2a: Iron Moth|62/100
|-damage|p2a: Iron Moth|42/100
|-damage|p2a: Iron Moth|23/100
|-hitcount|p2a: Iron Moth|4
|-unboost|p1a: Kyurem|def|1
|-boost|p1a: Kyurem|spe|1
|
|upkeep
|turn|11
|inactive|victini092 has 120 seconds left.
|inactive|Team 1 jules has 120 seconds left.
|
|t:|1758290408
|move|p2a: Iron Moth|Fiery Dance|p1a: Kyurem
|-damage|p1a: Kyurem|0 fnt
|-boost|p2a: Iron Moth|spa|1
|faint|p1a: Kyurem
|
|upkeep
|inactive|Team 1 jules has 120 seconds left.
|
|t:|1758290414
|switch|p1a: Pump It|Great Tusk|69/100
|-damage|p1a: Pump It|66/100|[from] Stealth Rock
|turn|12
|inactive|victini092 has 120 seconds left.
|
|t:|1758290429
|move|p2a: Iron Moth|Energy Ball|p1a: Pump It
|-supereffective|p1a: Pump It
|-crit|p1a: Pump It
|-damage|p1a: Pump It|0 fnt
|faint|p1a: Pump It
|-end|p1a: Pump It|Protosynthesis|[silent]
|
|upkeep
|-message|Team 1 jules forfeited.
|
|win|victini092
|raw|Team 1 jules's rating: 1296 &rarr; <strong>1269</strong><br />(-27 for losing)
|raw|victini092's rating: 1267 &rarr; <strong>1294</strong><br />(+27 for winning)
|l|☆Team 1 jules
|player|p1|
