|j|☆yshuiuh
|j|☆PatadaFinal
|t:|1758320845
|gametype|singles
|player|p1|yshuiuh|101|1137
|player|p2|PatadaFinal|1|1196
|gen|9
|tier|[Gen 9] OU
|rated|
|rule|HP Percentage Mod: HP is shown in percentages
|rule|Endless Battle Clause: Forcing endless battles is banned
|rule|Species Clause: Limit one of each Pokémon
|rule|OHKO Clause: OHKO moves are banned
|rule|Evasion Items Clause: Evasion items are banned
|rule|Evasion Moves Clause: Evasion moves are banned
|rule|Evasion Abilities Clause: Evasion abilities are banned
|rule|Sleep Moves Clause: Sleep-inducing moves are banned
|clearpoke
|poke|p1|Breloom, M|
|poke|p1|Smeargle, M|
|poke|p1|Zangoose, F|
|poke|p1|Ursaluna, F|
|poke|p1|Ursaring, M|
|poke|p1|Conkeldurr, M|
|poke|p2|Great Tusk|
|poke|p2|Walking Wake|
|poke|p2|Iron Valiant|
|poke|p2|Garganacl, F|
|poke|p2|Iron Moth|
|poke|p2|Deoxys-Speed|
|teampreview
|
|t:|1758320861
|teamsize|p1|6
|teamsize|p2|6
|start
|switch|p1a: Smeargle|Smeargle, M|100/100
|switch|p2a: Deoxys|Deoxys-Speed|100/100
|-ability|p2a: Deoxys|Pressure
|turn|1
|
|t:|1758320873
|move|p2a: Deoxys|Ice Beam|p1a: Smeargle
|-damage|p1a: Smeargle|45/100
|move|p1a: Smeargle|Toxic Spikes|p2a: Deoxys
|-sidestart|p2: PatadaFinal|move: Toxic Spikes
|
|upkeep
|turn|2
|c|☆yshuiuh|WILL YOU LET ME LIVE IF I COURT CHANGE PLZ
|
|t:|1758320893
|move|p2a: Deoxys|Calm Mind|p2a: Deoxys
|-boost|p2a: Deoxys|spa|1
|-boost|p2a: Deoxys|spd|1
|move|p1a: Smeargle|Court Change|p1a: Smeargle
|-swapsideconditions
|-activate|p1a: Smeargle|move: Court Change
|
|upkeep
|turn|3
|
|t:|1758320900
|move|p2a: Deoxys|Calm Mind|p2a: Deoxys
|-boost|p2a: Deoxys|spa|1
|-boost|p2a: Deoxys|spd|1
|move|p1a: Smeargle|Sticky Web|p2a: Deoxys
|-sidestart|p2: PatadaFinal|move: Sticky Web
|
|upkeep
|turn|4
|
|t:|1758320908
|switch|p1a: Breloom|Breloom, M|100/100
|-status|p1a: Breloom|psn
|move|p2a: Deoxys|Calm Mind|p2a: Deoxys
|-boost|p2a: Deoxys|spa|1
|-boost|p2a: Deoxys|spd|1
|
|upkeep
|turn|5
|
|t:|1758320921
|-terastallize|p1a: Breloom|Steel
|move|p2a: Deoxys|Psychic|p1a: Breloom
|-resisted|p1a: Breloom
|-damage|p1a: Breloom|42/100 psn
|move|p1a: Breloom|Substitute|p1a: Breloom
|-start|p1a: Breloom|Substitute
|-damage|p1a: Breloom|17/100 psn
|
|-heal|p1a: Breloom|23/100 psn|[from] item: Leftovers
|-heal|p1a: Breloom|35/100 psn|[from] ability: Poison Heal
|upkeep
|turn|6
|
|t:|1758320933
|move|p2a: Deoxys|Ice Beam|p1a: Breloom
|-resisted|p1a: Breloom
|-end|p1a: Breloom|Substitute
|move|p1a: Breloom|Leech Seed|p2a: Deoxys|[miss]
|-miss|p1a: Breloom|p2a: Deoxys
|
|-heal|p1a: Breloom|42/100 psn|[from] item: Leftovers
|-heal|p1a: Breloom|54/100 psn|[from] ability: Poison Heal
|upkeep
|turn|7
|
|t:|1758320942
|move|p2a: Deoxys|Psychic|p1a: Breloom
|-resisted|p1a: Breloom
|-damage|p1a: Breloom|0 fnt
|faint|p1a: Breloom
|
|upkeep
|
|t:|1758320948
|switch|p1a: Zangoose|Zangoose, F|100/100
|-status|p1a: Zangoose|psn
|turn|8
|
|t:|1758320955
|move|p1a: Zangoose|Quick Attack|p2a: Deoxys
|-damage|p2a: Deoxys|52/100
|-damage|p1a: Zangoose|91/100 psn|[from] item: Life Orb
|move|p2a: Deoxys|Psychic|p1a: Zangoose
|-damage|p1a: Zangoose|0 fnt
|faint|p1a: Zangoose
|
|-heal|p2a: Deoxys|58/100|[from] item: Leftovers
|upkeep
|
|t:|1758320963
|switch|p1a: Conkeldurr|Conkeldurr, M|100/100
|-status|p1a: Conkeldurr|psn
|turn|9
|
|t:|1758320967
|move|p1a: Conkeldurr|Mach Punch|p2a: Deoxys
|-resisted|p2a: Deoxys
|-damage|p2a: Deoxys|28/100
|-damage|p1a: Conkeldurr|91/100 psn|[from] item: Life Orb
|move|p2a: Deoxys|Psychic|p1a: Conkeldurr
|-supereffective|p1a: Conkeldurr
|-damage|p1a: Conkeldurr|0 fnt
|faint|p1a: Conkeldurr
|
|-heal|p2a: Deoxys|34/100|[from] item: Leftovers
|upkeep
|
|t:|1758320976
|switch|p1a: Ursaring|Ursaring, M|100/100
|-status|p1a: Ursaring|psn
|turn|10
|
|t:|1758320981
|move|p2a: Deoxys|Recover|p2a: Deoxys
|-heal|p2a: Deoxys|84/100
|move|p1a: Ursaring|Facade|p2a: Deoxys
|-damage|p2a: Deoxys|0 fnt
|faint|p2a: Deoxys
|
|-damage|p1a: Ursaring|88/100 psn|[from] psn
|upkeep
|
|t:|1758320992
|switch|p2a: Great Tusk|Great Tusk|100/100
|-activate|p2a: Great Tusk|move: Sticky Web
|-unboost|p2a: Great Tusk|spe|1
|turn|11
|
|t:|1758320997
|move|p1a: Ursaring|Facade|p2a: Great Tusk
|-damage|p2a: Great Tusk|29/100
|move|p2a: Great Tusk|Rapid Spin|p1a: Ursaring
|-damage|p1a: Ursaring|62/100 psn
|-boost|p2a: Great Tusk|spe|1
|-sideend|p2: PatadaFinal|Sticky Web|[from] move: Rapid Spin|[of] p2a: Great Tusk
|
|-heal|p2a: Great Tusk|36/100|[from] item: Leftovers
|-damage|p1a: Ursaring|49/100 psn|[from] psn
|upkeep
|turn|12
|
|t:|1758321008
|move|p1a: Ursaring|Facade|p2a: Great Tusk
|-damage|p2a: Great Tusk|0 fnt
|faint|p2a: Great Tusk
|-end|p2a: Great Tusk|Protosynthesis|[silent]
|
|-damage|p1a: Ursaring|37/100 psn|[from] psn
|upkeep
|
|t:|1758321019
|switch|p2a: Iron Moth|Iron Moth|100/100
|-enditem|p2a: Iron Moth|Booster Energy
|-activate|p2a: Iron Moth|ability: Quark Drive|[fromitem]
|-start|p2a: Iron Moth|quarkdrivespd
|turn|13
|
|t:|1758321026
|move|p1a: Ursaring|Facade|p2a: Iron Moth
|-damage|p2a: Iron Moth|0 fnt
|faint|p2a: Iron Moth
|-end|p2a: Iron Moth|Quark Drive|[silent]
|
|-damage|p1a: Ursaring|24/100 psn|[from] psn
|upkeep
|
|t:|1758321031
|switch|p2a: Walking Wake|Walking Wake|100/100
|turn|14
|
|t:|1758321039
|move|p2a: Walking Wake|Hydro Steam|p1a: Ursaring
|-crit|p1a: Ursaring
|-damage|p1a: Ursaring|0 fnt
|faint|p1a: Ursaring
|
|upkeep
|
|t:|1758321043
|switch|p1a: Ursaluna|Ursaluna, F|100/100
|-status|p1a: Ursaluna|psn
|turn|15
|
|t:|1758321047
|move|p2a: Walking Wake|Hydro Steam|p1a: Ursaluna
|-supereffective|p1a: Ursaluna
|-damage|p1a: Ursaluna|1/100 psn
|move|p1a: Ursaluna|Facade|p2a: Walking Wake
|-damage|p2a: Walking Wake|0 fnt
|faint|p2a: Walking Wake
|-end|p2a: Walking Wake|Protosynthesis|[silent]
|
|-damage|p1a: Ursaluna|0 fnt|[from] psn
|faint|p1a: Ursaluna
|upkeep
|
|t:|1758321057
|switch|p2a: Garganacl|Garganacl, F|100/100
|switch|p1a: Smeargle|Smeargle, M|45/100
|-status|p1a: Smeargle|psn
|turn|16
|-message|yshuiuh forfeited.
|
|win|PatadaFinal
|raw|yshuiuh's rating: 1137 &rarr; <strong>1116</strong><br />(-21 for losing)
|raw|PatadaFinal's rating: 1196 &rarr; <strong>1217</strong><br />(+21 for winning)
|l|☆yshuiuh
|player|p1|
|l|☆PatadaFinal
|player|p2|
