|j|☆CherylBush
|j|☆Quiero mucho a Mar
|t:|1758273010
|gametype|singles
|player|p1|CherylBush|mallow-masters|1579
|player|p2|Quiero mucho a Mar|firebreather-gen2|1701
|gen|9
|tier|[Gen 9] OU
|rated|
|rule|HP Percentage Mod: HP is shown in percentages
|rule|Endless Battle Clause: Forcing endless battles is banned
|rule|Species Clause: Limit one of each Pokémon
|rule|OHKO Clause: OHKO moves are banned
|rule|Evasion Items Clause: Evasion items are banned
|rule|Evasion Moves Clause: Evasion moves are banned
|rule|Evasion Abilities Clause: Evasion abilities are banned
|rule|Sleep Moves Clause: Sleep-inducing moves are banned
|clearpoke
|poke|p1|Landorus-Therian, M|
|poke|p1|Skeledirge, M|
|poke|p1|Skarmory, M|
|poke|p1|Hydrapple, M|
|poke|p1|Samurott-Hisui, M|
|poke|p1|Fezandipiti, M|
|poke|p2|Slowking-Galar, M|
|poke|p2|Great Tusk|
|poke|p2|Arcanine-Hisui, M|
|poke|p2|Corviknight, F|
|poke|p2|Dragapult, F|
|poke|p2|Darkrai|
|teampreview
|
|t:|1758273025
|teamsize|p1|6
|teamsize|p2|6
|start
|switch|p1a: Skarmory|Skarmory, M, shiny|100/100
|switch|p2a: Dragapult|Dragapult, F|100/100
|turn|1
|
|t:|1758273033
|switch|p2a: Slowking|Slowking-Galar, M|100/100
|switch|p1a: Fez Boi|Fezandipiti, M|100/100
|
|upkeep
|turn|2
|
|t:|1758273039
|switch|p1a: Skarmory|Skarmory, M, shiny|100/100
|move|p2a: Slowking|Future Sight|p1a: Skarmory
|-start|p2a: Slowking|move: Future Sight
|
|upkeep
|turn|3
|
|t:|1758273045
|move|p1a: Skarmory|Stealth Rock|p2a: Slowking
|-sidestart|p2: Quiero mucho a Mar|move: Stealth Rock
|-prepare|p2a: Slowking|Chilly Reception|[premajor]
|move|p2a: Slowking|Chilly Reception|p2a: Slowking
|-weather|Snowscape
|
|t:|1758273048
|switch|p2a: Darkrai|Darkrai|100/100|[from] Chilly Reception
|-damage|p2a: Darkrai|88/100|[from] Stealth Rock
|
|-weather|Snowscape|[upkeep]
|-heal|p2a: Darkrai|94/100|[from] item: Leftovers
|upkeep
|turn|4
|
|t:|1758273056
|switch|p1a: Samurott|Samurott-Hisui, M, shiny|100/100
|move|p2a: Darkrai|Will-O-Wisp|p1a: Samurott
|-status|p1a: Samurott|brn
|
|-weather|Snowscape|[upkeep]
|-end|p1a: Samurott|move: Future Sight
|-immune|p1a: Samurott
|-heal|p2a: Darkrai|99/100|[from] item: Leftovers
|-damage|p1a: Samurott|94/100 brn|[from] brn
|upkeep
|turn|5
|
|t:|1758273065
|switch|p2a: Corviknight|Corviknight, F|100/100
|-damage|p2a: Corviknight|88/100|[from] Stealth Rock
|-ability|p2a: Corviknight|Pressure
|move|p1a: Samurott|Knock Off|p2a: Corviknight
|-damage|p2a: Corviknight|75/100
|-damage|p1a: Samurott|78/100 brn|[from] item: Rocky Helmet|[of] p2a: Corviknight
|-enditem|p2a: Corviknight|Rocky Helmet|[from] move: Knock Off|[of] p1a: Samurott
|
|-weather|Snowscape|[upkeep]
|-damage|p1a: Samurott|72/100 brn|[from] brn
|upkeep
|turn|6
|
|t:|1758273071
|move|p1a: Samurott|Flip Turn|p2a: Corviknight
|-damage|p2a: Corviknight|66/100
|
|t:|1758273074
|switch|p1a: Skarmory|Skarmory, M, shiny|100/100|[from] Flip Turn
|move|p2a: Corviknight|Roost|p2a: Corviknight
|-heal|p2a: Corviknight|100/100
|-singleturn|p2a: Corviknight|move: Roost
|
|-weather|Snowscape|[upkeep]
|upkeep
|turn|7
|
|t:|1758273077
|switch|p2a: Great Tusk|Great Tusk|100/100
|move|p1a: Skarmory|Body Press|p2a: Great Tusk
|-damage|p2a: Great Tusk|79/100
|
|-weather|none
|upkeep
|turn|8
|
|t:|1758273081
|move|p2a: Great Tusk|Stealth Rock|p1a: Skarmory
|-sidestart|p1: CherylBush|move: Stealth Rock
|move|p1a: Skarmory|Brave Bird|p2a: Great Tusk
|-supereffective|p2a: Great Tusk
|-damage|p2a: Great Tusk|29/100
|-damage|p1a: Skarmory|82/100|[from] Recoil
|
|upkeep
|turn|9
|
|t:|1758273087
|-end|p2a: Great Tusk|Protosynthesis|[silent]
|switch|p2a: Slowking|Slowking-Galar, M|100/100
|move|p1a: Skarmory|Brave Bird|p2a: Slowking
|-damage|p2a: Slowking|63/100
|-damage|p1a: Skarmory|67/100|[from] Recoil
|
|upkeep
|turn|10
|
|t:|1758273093
|move|p1a: Skarmory|Brave Bird|p2a: Slowking
|-damage|p2a: Slowking|28/100
|-damage|p1a: Skarmory|54/100|[from] Recoil
|move|p2a: Slowking|Future Sight|p1a: Skarmory
|-start|p2a: Slowking|move: Future Sight
|
|upkeep
|turn|11
|
|t:|1758273096
|switch|p2a: Corviknight|Corviknight, F|100/100
|-damage|p2a: Corviknight|88/100|[from] Stealth Rock
|-ability|p2a: Corviknight|Pressure
|move|p1a: Skarmory|Roost|p1a: Skarmory
|-heal|p1a: Skarmory|100/100
|-singleturn|p1a: Skarmory|move: Roost
|
|upkeep
|turn|12
|
|t:|1758273100
|move|p1a: Skarmory|Body Press|p2a: Corviknight
|-damage|p2a: Corviknight|68/100
|move|p2a: Corviknight|U-turn|p1a: Skarmory
|-resisted|p1a: Skarmory
|-damage|p1a: Skarmory|98/100
|-damage|p2a: Corviknight|51/100|[from] item: Rocky Helmet|[of] p1a: Skarmory
|
|t:|1758273104
|switch|p2a: Darkrai|Darkrai|99/100|[from] U-turn
|-damage|p2a: Darkrai|88/100|[from] Stealth Rock
|
|-end|p1a: Skarmory|move: Future Sight
|-resisted|p1a: Skarmory
|-damage|p1a: Skarmory|68/100
|-heal|p2a: Darkrai|94/100|[from] item: Leftovers
|upkeep
|turn|13
|
|t:|1758273109
|switch|p1a: Fez Boi|Fezandipiti, M|100/100
|move|p2a: Darkrai|Nasty Plot|p2a: Darkrai
|-boost|p2a: Darkrai|spa|2
|
|-heal|p2a: Darkrai|99/100|[from] item: Leftovers
|upkeep
|turn|14
|
|t:|1758273115
|switch|p2a: Slowking|Slowking-Galar, M|61/100
|move|p1a: Fez Boi|Calm Mind|p1a: Fez Boi
|-boost|p1a: Fez Boi|spa|1
|-boost|p1a: Fez Boi|spd|1
|
|upkeep
|turn|15
|
|t:|1758273119
|move|p1a: Fez Boi|Calm Mind|p1a: Fez Boi
|-boost|p1a: Fez Boi|spa|1
|-boost|p1a: Fez Boi|spd|1
|move|p2a: Slowking|Future Sight|p1a: Fez Boi
|-start|p2a: Slowking|move: Future Sight
|
|upkeep
|turn|16
|
|t:|1758273123
|move|p1a: Fez Boi|Calm Mind|p1a: Fez Boi
|-boost|p1a: Fez Boi|spa|1
|-boost|p1a: Fez Boi|spd|1
|-prepare|p2a: Slowking|Chilly Reception|[premajor]
|move|p2a: Slowking|Chilly Reception|p2a: Slowking
|-weather|Snowscape
|
|t:|1758273128
|switch|p2a: Great Tusk|Great Tusk|29/100|[from] Chilly Reception
|
|-weather|Snowscape|[upkeep]
|upkeep
|turn|17
|
|t:|1758273131
|switch|p1a: Skarmory|Skarmory, M, shiny|68/100
|-damage|p1a: Skarmory|56/100|[from] Stealth Rock
|move|p2a: Great Tusk|Headlong Rush|p1a: Skarmory
|-immune|p1a: Skarmory
|
|-weather|Snowscape|[upkeep]
|-end|p1a: Skarmory|move: Future Sight
|-resisted|p1a: Skarmory
|-damage|p1a: Skarmory|28/100
|upkeep
|turn|18
|
|t:|1758273143
|-end|p2a: Great Tusk|Protosynthesis|[silent]
|switch|p2a: Slowking|Slowking-Galar, M|95/100
|move|p1a: Skarmory|Roost|p1a: Skarmory
|-heal|p1a: Skarmory|78/100
|-singleturn|p1a: Skarmory|move: Roost
|
|-weather|Snowscape|[upkeep]
|upkeep
|turn|19
|
|t:|1758273148
|switch|p1a: Samurott|Samurott-Hisui, M, shiny|72/100 brn
|move|p2a: Slowking|Future Sight|p1a: Samurott
|-start|p2a: Slowking|move: Future Sight
|
|-weather|Snowscape|[upkeep]
|-damage|p1a: Samurott|65/100 brn|[from] brn
|upkeep
|turn|20
|
|t:|1758273153
|switch|p2a: Corviknight|Corviknight, F|51/100
|-damage|p2a: Corviknight|39/100|[from] Stealth Rock
|-ability|p2a: Corviknight|Pressure
|move|p1a: Samurott|Ceaseless Edge|p2a: Corviknight
|-damage|p2a: Corviknight|25/100
|-sidestart|p2: Quiero mucho a Mar|Spikes
|
|-weather|none
|-damage|p1a: Samurott|59/100 brn|[from] brn
|upkeep
|turn|21
|
|t:|1758273155
|move|p1a: Samurott|Flip Turn|p2a: Corviknight
|-damage|p2a: Corviknight|15/100
|
|t:|1758273159
|switch|p1a: Skarmory|Skarmory, M, shiny|78/100|[from] Flip Turn
|-damage|p1a: Skarmory|66/100|[from] Stealth Rock
|move|p2a: Corviknight|Roost|p2a: Corviknight
|-heal|p2a: Corviknight|65/100
|-singleturn|p2a: Corviknight|move: Roost
|
|-end|p1a: Skarmory|move: Future Sight
|-resisted|p1a: Skarmory
|-damage|p1a: Skarmory|35/100
|upkeep
|turn|22
|
|t:|1758273167
|switch|p2a: Slowking|Slowking-Galar, M|100/100
|move|p1a: Skarmory|Roost|p1a: Skarmory
|-heal|p1a: Skarmory|85/100
|-singleturn|p1a: Skarmory|move: Roost
|
|upkeep
|turn|23
|
|t:|1758273173
|move|p1a: Skarmory|Brave Bird|p2a: Slowking
|-damage|p2a: Slowking|68/100
|-damage|p1a: Skarmory|73/100|[from] Recoil
|move|p2a: Slowking|Future Sight|p1a: Skarmory
|-start|p2a: Slowking|move: Future Sight
|
|upkeep
|turn|24
|
|t:|1758273180
|move|p1a: Skarmory|Roost|p1a: Skarmory
|-heal|p1a: Skarmory|100/100
|-singleturn|p1a: Skarmory|move: Roost
|-prepare|p2a: Slowking|Chilly Reception|[premajor]
|move|p2a: Slowking|Chilly Reception|p2a: Slowking
|-weather|Snowscape
|
|t:|1758273196
|switch|p2a: Great Tusk|Great Tusk|29/100|[from] Chilly Reception
|
|-weather|Snowscape|[upkeep]
|upkeep
|turn|25
|
|t:|1758273203
|-end|p2a: Great Tusk|Protosynthesis|[silent]
|switch|p2a: Corviknight|Corviknight, F|65/100
|-damage|p2a: Corviknight|53/100|[from] Stealth Rock
|-ability|p2a: Corviknight|Pressure
|move|p1a: Skarmory|Body Press|p2a: Corviknight
|-damage|p2a: Corviknight|33/100
|
|-weather|Snowscape|[upkeep]
|-end|p1a: Skarmory|move: Future Sight
|-resisted|p1a: Skarmory
|-damage|p1a: Skarmory|73/100
|upkeep
|turn|26
|
|t:|1758273214
|move|p1a: Skarmory|Body Press|p2a: Corviknight
|-damage|p2a: Corviknight|13/100
|move|p2a: Corviknight|Roost|p2a: Corviknight
|-heal|p2a: Corviknight|63/100
|-singleturn|p2a: Corviknight|move: Roost
|
|-weather|Snowscape|[upkeep]
|upkeep
|turn|27
|
|t:|1758273230
|move|p1a: Skarmory|Body Press|p2a: Corviknight
|-damage|p2a: Corviknight|45/100
|move|p2a: Corviknight|Roost|p2a: Corviknight
|-heal|p2a: Corviknight|95/100
|-singleturn|p2a: Corviknight|move: Roost
|
|-weather|Snowscape|[upkeep]
|upkeep
|turn|28
|
|t:|1758273236
|move|p1a: Skarmory|Stealth Rock||[still]
|-fail|p1a: Skarmory
|move|p2a: Corviknight|U-turn|p1a: Skarmory
|-resisted|p1a: Skarmory
|-damage|p1a: Skarmory|70/100
|-damage|p2a: Corviknight|79/100|[from] item: Rocky Helmet|[of] p1a: Skarmory
|
|t:|1758273238
|switch|p2a: Slowking|Slowking-Galar, M|100/100|[from] U-turn
|
|-weather|none
|upkeep
|turn|29
|
|t:|1758273244
|switch|p1a: Samurott|Samurott-Hisui, M, shiny|59/100 brn
|-prepare|p2a: Slowking|Chilly Reception|[premajor]
|move|p2a: Slowking|Chilly Reception|p2a: Slowking
|-weather|Snowscape
|inactive|Battle timer is ON: inactive players will automatically lose when time's up. (requested by CherylBush)
|inactive|Quiero mucho a Mar has 120 seconds left.
|
|t:|1758273319
|switch|p2a: Great Tusk|Great Tusk|29/100|[from] Chilly Reception
|
|-weather|Snowscape|[upkeep]
|-damage|p1a: Samurott|53/100 brn|[from] brn
|upkeep
|turn|30
|
|t:|1758273326
|switch|p1a: Skarmory|Skarmory, M, shiny|70/100
|-damage|p1a: Skarmory|58/100|[from] Stealth Rock
|move|p2a: Great Tusk|Rapid Spin|p1a: Skarmory
|-resisted|p1a: Skarmory
|-crit|p1a: Skarmory
|-damage|p1a: Skarmory|51/100
|-boost|p2a: Great Tusk|spe|1
|-damage|p2a: Great Tusk|12/100|[from] item: Rocky Helmet|[of] p1a: Skarmory
|-sideend|p2: Quiero mucho a Mar|Spikes|[from] move: Rapid Spin|[of] p2a: Great Tusk
|-sideend|p2: Quiero mucho a Mar|Stealth Rock|[from] move: Rapid Spin|[of] p2a: Great Tusk
|
|-weather|Snowscape|[upkeep]
|upkeep
|turn|31
|inactive|Quiero mucho a Mar has 120 seconds left.
|
|t:|1758273359
|-end|p2a: Great Tusk|Protosynthesis|[silent]
|switch|p2a: Arcanine|Arcanine-Hisui, M|100/100
|move|p1a: Skarmory|Stealth Rock|p2a: Arcanine
|-sidestart|p2: Quiero mucho a Mar|move: Stealth Rock
|
|-weather|Snowscape|[upkeep]
|upkeep
|turn|32
|
|t:|1758273365
|switch|p1a: Leviathan|Hydrapple, M, shiny|100/100
|move|p2a: Arcanine|Head Smash|p1a: Leviathan
|-damage|p1a: Leviathan|30/100
|
|-weather|Snowscape|[upkeep]
|upkeep
|turn|33
|j| sirwings
|
|t:|1758273384
|switch|p1a: Landorus|Landorus-Therian, M, shiny|100/100
|-damage|p1a: Landorus|88/100|[from] Stealth Rock
|-ability|p1a: Landorus|Intimidate|boost
|-unboost|p2a: Arcanine|atk|1
|move|p2a: Arcanine|Head Smash|p1a: Landorus
|-damage|p1a: Landorus|0 fnt
|faint|p1a: Landorus
|
|-weather|none
|upkeep
|
|t:|1758273394
|switch|p1a: Leviathan|Hydrapple, M, shiny|63/100
|turn|34
|inactive|Quiero mucho a Mar has 120 seconds left.
|
|t:|1758273447
|switch|p2a: Slowking|Slowking-Galar, M|100/100
|move|p1a: Leviathan|Earth Power|p2a: Slowking
|-supereffective|p2a: Slowking
|-damage|p2a: Slowking|66/100
|
|upkeep
|turn|35
|
|t:|1758273457
|switch|p1a: Skarmory|Skarmory, M, shiny|51/100
|-damage|p1a: Skarmory|39/100|[from] Stealth Rock
|move|p2a: Slowking|Ice Beam|p1a: Skarmory
|-damage|p1a: Skarmory|11/100
|
|upkeep
|turn|36
|inactive|Quiero mucho a Mar has 90 seconds left.
|inactive|Quiero mucho a Mar has 60 seconds left.
|
|t:|1758273520
|move|p1a: Skarmory|Roost|p1a: Skarmory
|-heal|p1a: Skarmory|61/100
|-singleturn|p1a: Skarmory|move: Roost
|move|p2a: Slowking|Ice Beam|p1a: Skarmory
|-resisted|p1a: Skarmory
|-damage|p1a: Skarmory|45/100
|
|upkeep
|turn|37
|inactive|CherylBush has 120 seconds left.
|
|t:|1758273556
|move|p1a: Skarmory|Roost|p1a: Skarmory
|-heal|p1a: Skarmory|95/100
|-singleturn|p1a: Skarmory|move: Roost
|move|p2a: Slowking|Ice Beam|p1a: Skarmory
|-resisted|p1a: Skarmory
|-damage|p1a: Skarmory|81/100
|-status|p1a: Skarmory|frz
|
|upkeep
|turn|38
|
|t:|1758273564
|cant|p1a: Skarmory|frz
|move|p2a: Slowking|Future Sight|p1a: Skarmory
|-start|p2a: Slowking|move: Future Sight
|
|upkeep
|turn|39
|
|t:|1758273569
|switch|p1a: Fez Boi|Fezandipiti, M|100/100
|move|p2a: Slowking|Ice Beam|p1a: Fez Boi
|-damage|p1a: Fez Boi|88/100
|
|upkeep
|turn|40
|
|t:|1758273574
|move|p1a: Fez Boi|Moonblast|p2a: Slowking
|-resisted|p2a: Slowking
|-damage|p2a: Slowking|59/100
|move|p2a: Slowking|Future Sight||[still]
|-fail|p2a: Slowking
|
|-end|p1a: Fez Boi|move: Future Sight
|-supereffective|p1a: Fez Boi
|-damage|p1a: Fez Boi|40/100
|upkeep
|turn|41
|
|t:|1758273580
|move|p1a: Fez Boi|Roost|p1a: Fez Boi
|-heal|p1a: Fez Boi|90/100
|-singleturn|p1a: Fez Boi|move: Roost
|move|p2a: Slowking|Ice Beam|p1a: Fez Boi
|-damage|p1a: Fez Boi|76/100
|-status|p1a: Fez Boi|frz
|
|upkeep
|turn|42
|
|t:|1758273584
|cant|p1a: Fez Boi|frz
|-prepare|p2a: Slowking|Chilly Reception|[premajor]
|move|p2a: Slowking|Chilly Reception|p2a: Slowking
|-weather|Snowscape
|
|t:|1758273595
|switch|p2a: Great Tusk|Great Tusk|12/100|[from] Chilly Reception
|
|-weather|Snowscape|[upkeep]
|upkeep
|turn|43
|
|t:|1758273599
|-end|p2a: Great Tusk|Protosynthesis|[silent]
|switch|p2a: Slowking|Slowking-Galar, M|92/100
|switch|p1a: Skarmory|Skarmory, M, shiny|81/100 frz
|-damage|p1a: Skarmory|69/100 frz|[from] Stealth Rock
|
|-weather|Snowscape|[upkeep]
|upkeep
|turn|44
|
|t:|1758273602
|-curestatus|p1a: Skarmory|frz|[msg]
|move|p1a: Skarmory|Brave Bird|p2a: Slowking
|-damage|p2a: Slowking|58/100
|-damage|p1a: Skarmory|55/100|[from] Recoil
|move|p2a: Slowking|Ice Beam|p1a: Skarmory
|-crit|p1a: Skarmory
|-damage|p1a: Skarmory|13/100
|
|-weather|Snowscape|[upkeep]
|upkeep
|turn|45
|
|t:|1758273607
|move|p1a: Skarmory|Roost|p1a: Skarmory
|-heal|p1a: Skarmory|63/100
|-singleturn|p1a: Skarmory|move: Roost
|move|p2a: Slowking|Future Sight|p1a: Skarmory
|-start|p2a: Slowking|move: Future Sight
|
|-weather|Snowscape|[upkeep]
|upkeep
|turn|46
|
|t:|1758273611
|switch|p1a: Samurott|Samurott-Hisui, M, shiny|53/100 brn
|-prepare|p2a: Slowking|Chilly Reception|[premajor]
|move|p2a: Slowking|Chilly Reception|p2a: Slowking
|inactive|Quiero mucho a Mar has 120 seconds left.
|
|t:|1758273660
|switch|p2a: Dragapult|Dragapult, F|100/100|[from] Chilly Reception
|-damage|p2a: Dragapult|88/100|[from] Stealth Rock
|
|-weather|none
|-damage|p1a: Samurott|47/100 brn|[from] brn
|upkeep
|turn|47
|
|t:|1758273674
|switch|p1a: Fez Boi|Fezandipiti, M|76/100 frz
|move|p2a: Dragapult|U-turn|p1a: Fez Boi
|-resisted|p1a: Fez Boi
|-crit|p1a: Fez Boi
|-damage|p1a: Fez Boi|62/100 frz
|inactive|Quiero mucho a Mar has 90 seconds left.
|inactive|Quiero mucho a Mar has 60 seconds left.
|inactive|Quiero mucho a Mar has 30 seconds left.
|inactive|Quiero mucho a Mar has 20 seconds left.
|inactive|Quiero mucho a Mar has 15 seconds left.
|
|t:|1758273778
|switch|p2a: Arcanine|Arcanine-Hisui, M|100/100|[from] U-turn
|-damage|p2a: Arcanine|76/100|[from] Stealth Rock
|
|-end|p1a: Fez Boi|move: Future Sight
|-supereffective|p1a: Fez Boi
|-damage|p1a: Fez Boi|13/100 frz
|upkeep
|turn|48
|inactive|Quiero mucho a Mar has 25 seconds left this turn.
|
|t:|1758273786
|move|p2a: Arcanine|Flare Blitz|p1a: Fez Boi
|-damage|p1a: Fez Boi|0 fnt
|faint|p1a: Fez Boi
|
|upkeep
|
|t:|1758273791
|switch|p1a: Skeledirge|Skeledirge, M, shiny|100/100
|turn|49
|
|t:|1758273799
|switch|p2a: Darkrai|Darkrai|99/100
|-damage|p2a: Darkrai|87/100|[from] Stealth Rock
|move|p1a: Skeledirge|Torch Song|p2a: Darkrai
|-damage|p2a: Darkrai|47/100
|-boost|p1a: Skeledirge|spa|1
|
|-heal|p2a: Darkrai|54/100|[from] item: Leftovers
|upkeep
|turn|50
|
|t:|1758273806
|move|p2a: Darkrai|Dark Pulse|p1a: Skeledirge
|-supereffective|p1a: Skeledirge
|-damage|p1a: Skeledirge|30/100
|move|p1a: Skeledirge|Torch Song|p2a: Darkrai
|-damage|p2a: Darkrai|0 fnt
|-boost|p1a: Skeledirge|spa|1
|faint|p2a: Darkrai
|
|upkeep
|
|t:|1758273809
|switch|p2a: Dragapult|Dragapult, F|88/100
|-damage|p2a: Dragapult|76/100|[from] Stealth Rock
|turn|51
|
|t:|1758273820
|switch|p1a: Samurott|Samurott-Hisui, M, shiny|47/100 brn
|-terastallize|p2a: Dragapult|Ghost
|move|p2a: Dragapult|Tera Blast|p1a: Samurott|[anim] Tera Blast Ghost
|-resisted|p1a: Samurott
|-damage|p1a: Samurott|0 fnt
|faint|p1a: Samurott
|
|upkeep
|
|t:|1758273829
|switch|p1a: Skarmory|Skarmory, M, shiny|63/100
|-damage|p1a: Skarmory|50/100|[from] Stealth Rock
|turn|52
|
|t:|1758273833
|switch|p2a: Corviknight|Corviknight, F|79/100
|-damage|p2a: Corviknight|67/100|[from] Stealth Rock
|-ability|p2a: Corviknight|Pressure
|move|p1a: Skarmory|Roost|p1a: Skarmory
|-heal|p1a: Skarmory|100/100
|-singleturn|p1a: Skarmory|move: Roost
|
|upkeep
|turn|53
|
|t:|1758273839
|switch|p1a: Skeledirge|Skeledirge, M, shiny|30/100
|move|p2a: Corviknight|Roost|p2a: Corviknight
|-heal|p2a: Corviknight|100/100
|-singleturn|p2a: Corviknight|move: Roost
|
|upkeep
|turn|54
|
|t:|1758273842
|move|p2a: Corviknight|U-turn|p1a: Skeledirge
|-resisted|p1a: Skeledirge
|-damage|p1a: Skeledirge|28/100
|
|t:|1758273843
|switch|p2a: Slowking|Slowking-Galar, M|92/100|[from] U-turn
|move|p1a: Skeledirge|Torch Song|p2a: Slowking
|-damage|p2a: Slowking|73/100
|-boost|p1a: Skeledirge|spa|1
|
|upkeep
|turn|55
|
|t:|1758273847
|move|p1a: Skeledirge|Slack Off|p1a: Skeledirge
|-heal|p1a: Skeledirge|78/100
|move|p2a: Slowking|Sludge Bomb|p1a: Skeledirge
|-resisted|p1a: Skeledirge
|-damage|p1a: Skeledirge|65/100
|-status|p1a: Skeledirge|psn
|
|-damage|p1a: Skeledirge|53/100 psn|[from] psn
|upkeep
|turn|56
|
|t:|1758273850
|move|p1a: Skeledirge|Earth Power|p2a: Slowking
|-supereffective|p2a: Slowking
|-damage|p2a: Slowking|37/100
|move|p2a: Slowking|Future Sight|p1a: Skeledirge
|-start|p2a: Slowking|move: Future Sight
|
|-damage|p1a: Skeledirge|40/100 psn|[from] psn
|upkeep
|turn|57
|inactive|Quiero mucho a Mar has 120 seconds left.
|
|t:|1758273857
|switch|p2a: Great Tusk|Great Tusk|12/100
|move|p1a: Skeledirge|Earth Power|p2a: Great Tusk
|-damage|p2a: Great Tusk|0 fnt
|faint|p2a: Great Tusk
|-end|p2a: Great Tusk|Protosynthesis|[silent]
|
|-damage|p1a: Skeledirge|28/100 psn|[from] psn
|upkeep
|
|t:|1758273859
|switch|p2a: Dragapult|Dragapult, F, tera:Ghost|76/100
|-damage|p2a: Dragapult|64/100|[from] Stealth Rock
|turn|58
|
|t:|1758273865
|move|p2a: Dragapult|Tera Blast|p1a: Skeledirge|[anim] Tera Blast Ghost
|-supereffective|p1a: Skeledirge
|-damage|p1a: Skeledirge|0 fnt
|faint|p1a: Skeledirge
|
|-hint|Future Sight did not hit because the target is fainted.
|upkeep
|
|t:|1758273872
|switch|p1a: Leviathan|Hydrapple, M, shiny|96/100
|turn|59
|
|t:|1758273876
|switch|p2a: Slowking|Slowking-Galar, M|70/100
|-terastallize|p1a: Leviathan|Fairy
|move|p1a: Leviathan|Fickle Beam|p2a: Slowking|[anim] Fickle Beam All Out
|-activate|p1a: Leviathan|move: Fickle Beam
|-damage|p2a: Slowking|29/100
|
|upkeep
|turn|60
|
|t:|1758273881
|switch|p2a: Corviknight|Corviknight, F|100/100
|-damage|p2a: Corviknight|88/100|[from] Stealth Rock
|-ability|p2a: Corviknight|Pressure
|move|p1a: Leviathan|Earth Power|p2a: Corviknight
|-immune|p2a: Corviknight
|
|upkeep
|turn|61
|
|t:|1758273883
|move|p2a: Corviknight|Brave Bird|p1a: Leviathan
|-damage|p1a: Leviathan|74/100
|-damage|p2a: Corviknight|81/100|[from] Recoil
|move|p1a: Leviathan|Nasty Plot|p1a: Leviathan
|-boost|p1a: Leviathan|spa|2
|
|upkeep
|turn|62
|
|t:|1758273892
|move|p2a: Corviknight|U-turn|p1a: Leviathan
|-resisted|p1a: Leviathan
|-damage|p1a: Leviathan|70/100
|
|t:|1758273906
|switch|p2a: Dragapult|Dragapult, F, tera:Ghost|64/100|[from] U-turn
|-damage|p2a: Dragapult|51/100|[from] Stealth Rock
|move|p1a: Leviathan|Giga Drain|p2a: Dragapult
|-damage|p2a: Dragapult|0 fnt
|-heal|p1a: Leviathan|90/100|[from] drain|[of] p2a: Dragapult
|faint|p2a: Dragapult
|
|upkeep
|
|t:|1758273908
|switch|p2a: Arcanine|Arcanine-Hisui, M|76/100
|-damage|p2a: Arcanine|51/100|[from] Stealth Rock
|turn|63
|
|t:|1758273913
|move|p2a: Arcanine|Head Smash|p1a: Leviathan
|-damage|p1a: Leviathan|13/100
|move|p1a: Leviathan|Giga Drain|p2a: Arcanine
|-damage|p2a: Arcanine|0 fnt
|-heal|p1a: Leviathan|33/100|[from] drain|[of] p2a: Arcanine
|faint|p2a: Arcanine
|
|upkeep
|
|t:|1758273916
|switch|p2a: Corviknight|Corviknight, F|81/100
|-damage|p2a: Corviknight|68/100|[from] Stealth Rock
|-ability|p2a: Corviknight|Pressure
|turn|64
|
|t:|1758273920
|move|p2a: Corviknight|Brave Bird|p1a: Leviathan
|-damage|p1a: Leviathan|9/100
|-damage|p2a: Corviknight|60/100|[from] Recoil
|move|p1a: Leviathan|Giga Drain|p2a: Corviknight
|-resisted|p2a: Corviknight
|-crit|p2a: Corviknight
|-damage|p2a: Corviknight|35/100
|-heal|p1a: Leviathan|21/100|[from] drain|[of] p2a: Corviknight
|
|upkeep
|turn|65
|
|t:|1758273923
|switch|p1a: Skarmory|Skarmory, M, shiny|100/100
|-damage|p1a: Skarmory|88/100|[from] Stealth Rock
|move|p2a: Corviknight|Brave Bird|p1a: Skarmory
|-resisted|p1a: Skarmory
|-damage|p1a: Skarmory|78/100
|-damage|p2a: Corviknight|18/100|[from] item: Rocky Helmet|[of] p1a: Skarmory
|-damage|p2a: Corviknight|16/100|[from] Recoil
|
|upkeep
|turn|66
|
|t:|1758273928
|move|p1a: Skarmory|Body Press|p2a: Corviknight
|-damage|p2a: Corviknight|0 fnt
|faint|p2a: Corviknight
|
|upkeep
|
|t:|1758273931
|switch|p2a: Slowking|Slowking-Galar, M|62/100
|turn|67
|-message|Quiero mucho a Mar forfeited.
|
|win|CherylBush
|raw|CherylBush's rating: 1579 &rarr; <strong>1605</strong><br />(+26 for winning)
|raw|Quiero mucho a Mar's rating: 1681 &rarr; <strong>1655</strong><br />(-26 for losing)
|l|☆Quiero mucho a Mar
|player|p2|
|c|☆CherylBush|u suck
