|j|☆Frebow
|j|☆brodiewhat
|t:|1758287933
|gametype|singles
|player|p1|Frebow|ethan|1319
|player|p2|brodiewhat|266|1342
|gen|9
|tier|[Gen 9] OU
|rated|
|rule|HP Percentage Mod: HP is shown in percentages
|rule|Endless Battle Clause: Forcing endless battles is banned
|rule|Species Clause: Limit one of each Pokémon
|rule|OHKO Clause: OHKO moves are banned
|rule|Evasion Items Clause: Evasion items are banned
|rule|Evasion Moves Clause: Evasion moves are banned
|rule|Evasion Abilities Clause: Evasion abilities are banned
|rule|Sleep Moves Clause: Sleep-inducing moves are banned
|clearpoke
|poke|p1|Landorus-Therian, M|
|poke|p1|Iron Moth|
|poke|p1|Kyurem|
|poke|p1|Greninja-*, M|
|poke|p1|Glimmora, F|
|poke|p1|Kingambit, F|
|poke|p2|Mabosstiff, M|
|poke|p2|Zamazenta-*|
|poke|p2|Raging Bolt|
|poke|p2|Iron Treads|
|poke|p2|Primarina, F|
|poke|p2|Landorus-Therian, M|
|teampreview
|inactive|Battle timer is ON: inactive players will automatically lose when time's up. (requested by Frebow)
|inactive|brodiewhat has 120 seconds left.
|
|t:|1758287980
|teamsize|p1|6
|teamsize|p2|6
|start
|switch|p1a: Glimmora|Glimmora, F, shiny|100/100
|switch|p2a: Primarina|Primarina, F|100/100
|turn|1
|
|t:|1758287984
|move|p1a: Glimmora|Mortal Spin|p2a: Primarina
|-supereffective|p2a: Primarina
|-damage|p2a: Primarina|87/100
|-status|p2a: Primarina|psn
|move|p2a: Primarina|Surf|p1a: Glimmora
|-supereffective|p1a: Glimmora
|-enditem|p1a: Glimmora|Focus Sash
|-damage|p1a: Glimmora|1/100
|
|-damage|p2a: Primarina|74/100 psn|[from] psn
|upkeep
|turn|2
|
|t:|1758288006
|switch|p1a: Kingambit|Kingambit, F, shiny|100/100
|move|p2a: Primarina|Flip Turn|p1a: Kingambit
|-damage|p1a: Kingambit|87/100
|
|t:|1758288021
|switch|p2a: Zamazenta|Zamazenta|100/100|[from] Flip Turn
|-ability|p2a: Zamazenta|Dauntless Shield|boost
|-boost|p2a: Zamazenta|def|1
|
|-heal|p1a: Kingambit|93/100|[from] item: Leftovers
|upkeep
|turn|3
|
|t:|1758288030
|-end|p1a: Kingambit|fallenundefined|[silent]
|switch|p1a: Landorus|Landorus-Therian, M, shiny|100/100
|-ability|p1a: Landorus|Intimidate|boost
|-unboost|p2a: Zamazenta|atk|1
|move|p2a: Zamazenta|Iron Defense|p2a: Zamazenta
|-boost|p2a: Zamazenta|def|2
|
|upkeep
|turn|4
|
|t:|1758288038
|move|p2a: Zamazenta|Iron Defense|p2a: Zamazenta
|-boost|p2a: Zamazenta|def|2
|move|p1a: Landorus|Psychic|p2a: Zamazenta
|-supereffective|p2a: Zamazenta
|-damage|p2a: Zamazenta|66/100
|
|-heal|p2a: Zamazenta|72/100|[from] item: Leftovers
|upkeep
|turn|5
|
|t:|1758288045
|move|p2a: Zamazenta|Body Press|p1a: Landorus
|-resisted|p1a: Landorus
|-damage|p1a: Landorus|40/100
|-damage|p2a: Zamazenta|55/100|[from] item: Rocky Helmet|[of] p1a: Landorus
|move|p1a: Landorus|Psychic|p2a: Zamazenta
|-supereffective|p2a: Zamazenta
|-damage|p2a: Zamazenta|22/100
|
|-heal|p2a: Zamazenta|28/100|[from] item: Leftovers
|upkeep
|turn|6
|
|t:|1758288053
|move|p2a: Zamazenta|Body Press|p1a: Landorus
|-resisted|p1a: Landorus
|-damage|p1a: Landorus|0 fnt
|-damage|p2a: Zamazenta|12/100|[from] item: Rocky Helmet|[of] p1a: Landorus
|faint|p1a: Landorus
|
|-heal|p2a: Zamazenta|18/100|[from] item: Leftovers
|upkeep
|
|t:|1758288061
|switch|p1a: Iron Moth|Iron Moth, shiny|100/100
|-enditem|p1a: Iron Moth|Booster Energy
|-activate|p1a: Iron Moth|ability: Quark Drive|[fromitem]
|-start|p1a: Iron Moth|quarkdrivespe
|turn|7
|
|t:|1758288067
|move|p1a: Iron Moth|Dazzling Gleam|p2a: Zamazenta
|-supereffective|p2a: Zamazenta
|-damage|p2a: Zamazenta|0 fnt
|faint|p2a: Zamazenta
|
|upkeep
|
|t:|1758288077
|switch|p2a: Raging Bolt|Raging Bolt|100/100
|turn|8
|
|t:|1758288084
|move|p1a: Iron Moth|Substitute|p1a: Iron Moth
|-start|p1a: Iron Moth|Substitute
|-damage|p1a: Iron Moth|76/100
|move|p2a: Raging Bolt|Thunderbolt|p1a: Iron Moth
|-end|p1a: Iron Moth|Substitute
|
|upkeep
|turn|9
|
|t:|1758288092
|move|p1a: Iron Moth|Dazzling Gleam|p2a: Raging Bolt
|-supereffective|p2a: Raging Bolt
|-damage|p2a: Raging Bolt|70/100
|move|p2a: Raging Bolt|Thunderbolt|p1a: Iron Moth
|-damage|p1a: Iron Moth|18/100
|
|upkeep
|turn|10
|
|t:|1758288105
|-end|p1a: Iron Moth|Quark Drive|[silent]
|switch|p1a: Kingambit|Kingambit, F, shiny|93/100
|-activate|p1a: Kingambit|ability: Supreme Overlord
|-start|p1a: Kingambit|fallen1|[silent]
|move|p2a: Raging Bolt|Thunderclap||[still]
|-fail|p2a: Raging Bolt
|
|-heal|p1a: Kingambit|99/100|[from] item: Leftovers
|upkeep
|turn|11
|
|t:|1758288113
|move|p1a: Kingambit|Swords Dance|p1a: Kingambit
|-boost|p1a: Kingambit|atk|2
|move|p2a: Raging Bolt|Volt Switch|p1a: Kingambit
|-damage|p1a: Kingambit|49/100
|
|t:|1758288122
|-end|p2a: Raging Bolt|Protosynthesis|[silent]
|switch|p2a: Landorus|Landorus-Therian, M|100/100|[from] Volt Switch
|-ability|p2a: Landorus|Intimidate|boost
|-unboost|p1a: Kingambit|atk|1
|
|-heal|p1a: Kingambit|55/100|[from] item: Leftovers
|upkeep
|turn|12
|
|t:|1758288142
|-end|p1a: Kingambit|fallen1|[silent]
|switch|p1a: Glimmora|Glimmora, F, shiny|1/100
|move|p2a: Landorus|U-turn|p1a: Glimmora
|-resisted|p1a: Glimmora
|-damage|p1a: Glimmora|0 fnt
|-activate|p1a: Glimmora|ability: Toxic Debris
|-sidestart|p2: brodiewhat|move: Toxic Spikes
|faint|p1a: Glimmora
|
|t:|1758288150
|switch|p2a: Iron Treads|Iron Treads|100/100|[from] U-turn
|
|upkeep
|
|t:|1758288163
|switch|p1a: Greninja|Greninja, M|100/100
|turn|13
|
|t:|1758288167
|move|p1a: Greninja|Surf|p2a: Iron Treads
|-supereffective|p2a: Iron Treads
|-damage|p2a: Iron Treads|16/100
|-damage|p1a: Greninja|91/100|[from] item: Life Orb
|move|p2a: Iron Treads|Rapid Spin|p1a: Greninja
|-damage|p1a: Greninja|69/100
|-boost|p2a: Iron Treads|spe|1
|-sideend|p2: brodiewhat|Toxic Spikes|[from] move: Rapid Spin|[of] p2a: Iron Treads
|
|upkeep
|turn|14
|
|t:|1758288176
|move|p2a: Iron Treads|Earthquake|p1a: Greninja
|-damage|p1a: Greninja|4/100
|move|p1a: Greninja|Dark Pulse|p2a: Iron Treads
|-damage|p2a: Iron Treads|0 fnt
|faint|p2a: Iron Treads
|-end|p2a: Iron Treads|Quark Drive|[silent]
|-ability|p1a: Greninja|Battle Bond|boost
|-boost|p1a: Greninja|atk|1
|-boost|p1a: Greninja|spa|1
|-boost|p1a: Greninja|spe|1
|-activate|p1a: Greninja|ability: Battle Bond
|-damage|p1a: Greninja|0 fnt|[from] item: Life Orb
|faint|p1a: Greninja
|
|upkeep
|
|t:|1758288190
|switch|p1a: Kyurem|Kyurem, shiny|100/100
|switch|p2a: Landorus|Landorus-Therian, M|100/100
|-ability|p2a: Landorus|Intimidate|boost
|-unboost|p1a: Kyurem|atk|1
|-ability|p1a: Kyurem|Pressure
|turn|15
|
|t:|1758288196
|move|p2a: Landorus|U-turn|p1a: Kyurem
|-damage|p1a: Kyurem|72/100
|
|t:|1758288201
|switch|p2a: Primarina|Primarina, F|74/100 psn|[from] U-turn
|move|p1a: Kyurem|Dragon Dance|p1a: Kyurem
|-boost|p1a: Kyurem|atk|1
|-boost|p1a: Kyurem|spe|1
|
|-damage|p2a: Primarina|62/100 psn|[from] psn
|upkeep
|turn|16
|
|t:|1758288211
|-terastallize|p1a: Kyurem|Fire
|move|p1a: Kyurem|Icicle Spear|p2a: Primarina
|-resisted|p2a: Primarina
|-damage|p2a: Primarina|53/100 psn
|-resisted|p2a: Primarina
|-damage|p2a: Primarina|46/100 psn
|-resisted|p2a: Primarina
|-damage|p2a: Primarina|38/100 psn
|-resisted|p2a: Primarina
|-damage|p2a: Primarina|30/100 psn
|-hitcount|p2a: Primarina|4
|move|p2a: Primarina|Moonblast|p1a: Kyurem
|-resisted|p1a: Kyurem
|-damage|p1a: Kyurem|46/100
|-unboost|p1a: Kyurem|spa|1
|
|-damage|p2a: Primarina|18/100 psn|[from] psn
|upkeep
|turn|17
|
|t:|1758288225
|move|p1a: Kyurem|Icicle Spear|p2a: Primarina
|-resisted|p2a: Primarina
|-damage|p2a: Primarina|10/100 psn
|-resisted|p2a: Primarina
|-damage|p2a: Primarina|2/100 psn
|-resisted|p2a: Primarina
|-damage|p2a: Primarina|0 fnt
|faint|p2a: Primarina
|-hitcount|p2: Primarina|3
|
|upkeep
|
|t:|1758288236
|switch|p2a: Raging Bolt|Raging Bolt|70/100
|turn|18
|
|t:|1758288244
|move|p1a: Kyurem|Icicle Spear|p2a: Raging Bolt
|-supereffective|p2a: Raging Bolt
|-damage|p2a: Raging Bolt|49/100
|-supereffective|p2a: Raging Bolt
|-damage|p2a: Raging Bolt|26/100
|-supereffective|p2a: Raging Bolt
|-crit|p2a: Raging Bolt
|-damage|p2a: Raging Bolt|0 fnt
|faint|p2a: Raging Bolt
|-end|p2a: Raging Bolt|Protosynthesis|[silent]
|-hitcount|p2: Raging Bolt|3
|
|upkeep
|
|t:|1758288255
|switch|p2a: Mabosstiff|Mabosstiff, M|100/100
|turn|19
|
|t:|1758288263
|move|p1a: Kyurem|Tera Blast|p2a: Mabosstiff|[anim] Tera Blast Fire
|-damage|p2a: Mabosstiff|49/100
|move|p2a: Mabosstiff|Crunch|p1a: Kyurem
|-damage|p1a: Kyurem|0 fnt
|faint|p1a: Kyurem
|
|upkeep
|
|t:|1758288270
|switch|p1a: Iron Moth|Iron Moth, shiny|18/100
|turn|20
|
|t:|1758288273
|move|p1a: Iron Moth|Dazzling Gleam|p2a: Mabosstiff
|-supereffective|p2a: Mabosstiff
|-damage|p2a: Mabosstiff|0 fnt
|faint|p2a: Mabosstiff
|
|upkeep
|
|t:|1758288280
|switch|p2a: Landorus|Landorus-Therian, M|100/100
|-ability|p2a: Landorus|Intimidate|boost
|-unboost|p1a: Iron Moth|atk|1
|turn|21
|
|t:|1758288290
|move|p2a: Landorus|Earthquake|p1a: Iron Moth
|-supereffective|p1a: Iron Moth
|-damage|p1a: Iron Moth|0 fnt
|faint|p1a: Iron Moth
|-end|p1a: Iron Moth|Quark Drive|[silent]
|
|upkeep
|
|t:|1758288295
|switch|p1a: Kingambit|Kingambit, F, shiny|55/100
|-activate|p1a: Kingambit|ability: Supreme Overlord
|-start|p1a: Kingambit|fallen5|[silent]
|turn|22
|inactive|brodiewhat has 120 seconds left.
|
|t:|1758288329
|-terastallize|p2a: Landorus|Ground
|move|p1a: Kingambit|Sucker Punch|p2a: Landorus
|-damage|p2a: Landorus|26/100
|move|p2a: Landorus|Earthquake|p1a: Kingambit
|-supereffective|p1a: Kingambit
|-damage|p1a: Kingambit|0 fnt
|faint|p1a: Kingambit
|-end|p1a: Kingambit|fallen5|[silent]
|
|win|brodiewhat
|raw|Frebow's rating: 1319 &rarr; <strong>1300</strong><br />(-19 for losing)
|raw|brodiewhat's rating: 1342 &rarr; <strong>1361</strong><br />(+19 for winning)
|l|☆Frebow
|player|p1|
