|j|☆PossiblyJay
|j|☆hypnopie
|t:|1758243481
|gametype|singles
|player|p1|PossiblyJay|170|1226
|player|p2|hypnopie|burglar|1166
|gen|9
|tier|[Gen 9] OU
|rated|
|rule|HP Percentage Mod: HP is shown in percentages
|rule|Endless Battle Clause: Forcing endless battles is banned
|rule|Species Clause: Limit one of each Pokémon
|rule|OHKO Clause: OHKO moves are banned
|rule|Evasion Items Clause: Evasion items are banned
|rule|Evasion Moves Clause: Evasion moves are banned
|rule|Evasion Abilities Clause: Evasion abilities are banned
|rule|Sleep Moves Clause: Sleep-inducing moves are banned
|clearpoke
|poke|p1|Samurott, M|
|poke|p1|Garganacl, F|
|poke|p1|Oricorio, F|
|poke|p1|Ampharos, F|
|poke|p1|Lokix, F|
|poke|p1|Gallade, M|
|poke|p2|Dragonite, M|
|poke|p2|Swampert, M|
|poke|p2|Zapdos|
|poke|p2|Gholdengo|
|poke|p2|Espeon, F|
|poke|p2|Tentacruel, M|
|teampreview
|inactive|Battle timer is ON: inactive players will automatically lose when time's up. (requested by PossiblyJay)
|
|t:|1758243488
|teamsize|p1|6
|teamsize|p2|6
|start
|switch|p1a: marbles|Ampharos, F, shiny|100/100
|switch|p2a: Swampert|Swampert, M|100/100
|turn|1
|
|t:|1758243492
|move|p2a: Swampert|Stealth Rock|p1a: marbles
|-sidestart|p1: PossiblyJay|move: Stealth Rock
|move|p1a: marbles|Cotton Guard|p1a: marbles
|-boost|p1a: marbles|def|3
|
|upkeep
|turn|2
|
|t:|1758243498
|move|p1a: marbles|Cotton Guard|p1a: marbles
|-boost|p1a: marbles|def|3
|move|p2a: Swampert|Roar|p1a: marbles
|drag|p1a: shade|Lokix, F|100/100
|
|upkeep
|turn|3
|
|t:|1758243509
|move|p1a: shade|Taunt|p2a: Swampert
|-start|p2a: Swampert|move: Taunt
|move|p2a: Swampert|Flip Turn|p1a: shade
|-damage|p1a: shade|57/100
|
|t:|1758243517
|switch|p2a: Zapdos|Zapdos|100/100|[from] Flip Turn
|
|upkeep
|turn|4
|
|t:|1758243523
|move|p1a: shade|Axe Kick|p2a: Zapdos
|-resisted|p2a: Zapdos
|-damage|p2a: Zapdos|72/100
|-status|p1a: shade|par|[from] ability: Static|[of] p2a: Zapdos
|move|p2a: Zapdos|Heat Wave|p1a: shade
|-supereffective|p1a: shade
|-crit|p1a: shade
|-damage|p1a: shade|0 fnt
|faint|p1a: shade
|
|upkeep
|
|t:|1758243535
|switch|p1a: rockelle|Garganacl, F, shiny|100/100
|-damage|p1a: rockelle|88/100|[from] Stealth Rock
|turn|5
|
|t:|1758243550
|move|p2a: Zapdos|Volt Switch|p1a: rockelle
|-damage|p1a: rockelle|63/100
|
|t:|1758243556
|switch|p2a: Espeon|Espeon, F|100/100|[from] Volt Switch
|move|p1a: rockelle|Salt Cure|p2a: Espeon
|-damage|p2a: Espeon|65/100
|-start|p2a: Espeon|Salt Cure
|
|-damage|p2a: Espeon|53/100|[from] Salt Cure
|upkeep
|turn|6
|
|t:|1758243565
|move|p2a: Espeon|Psychic Noise|p1a: rockelle
|-damage|p1a: rockelle|16/100
|-start|p1a: rockelle|move: Heal Block
|-damage|p2a: Espeon|43/100|[from] item: Life Orb
|cant|p1a: rockelle|move: Heal Block|Recover
|
|-damage|p2a: Espeon|31/100|[from] Salt Cure
|upkeep
|turn|7
|
|t:|1758243576
|switch|p1a: marbles|Ampharos, F, shiny|100/100
|-damage|p1a: marbles|88/100|[from] Stealth Rock
|move|p2a: Espeon|Psychic Noise|p1a: marbles
|-damage|p1a: marbles|39/100
|-start|p1a: marbles|move: Heal Block
|-damage|p2a: Espeon|21/100|[from] item: Life Orb
|
|-damage|p2a: Espeon|9/100|[from] Salt Cure
|upkeep
|turn|8
|
|t:|1758243589
|switch|p2a: Swampert|Swampert, M|100/100
|switch|p1a: solaire|Gallade, M, shiny|100/100
|-damage|p1a: solaire|94/100|[from] Stealth Rock
|
|-heal|p1a: solaire|100/100|[from] item: Leftovers
|upkeep
|turn|9
|
|t:|1758243600
|switch|p2a: Zapdos|Zapdos|72/100
|move|p1a: solaire|Bulk Up|p1a: solaire
|-boost|p1a: solaire|atk|1
|-boost|p1a: solaire|def|1
|
|upkeep
|turn|10
|
|t:|1758243608
|-terastallize|p1a: solaire|Dark
|move|p1a: solaire|Night Slash|p2a: Zapdos
|-damage|p2a: Zapdos|13/100
|move|p2a: Zapdos|Volt Switch|p1a: solaire
|-damage|p1a: solaire|68/100
|
|t:|1758243633
|switch|p2a: Gholdengo|Gholdengo|100/100|[from] Volt Switch
|
|-heal|p1a: solaire|74/100|[from] item: Leftovers
|upkeep
|turn|11
|
|t:|1758243642
|move|p2a: Gholdengo|Make It Rain|p1a: solaire
|-damage|p1a: solaire|1/100
|-unboost|p2a: Gholdengo|spa|1
|move|p1a: solaire|Night Slash|p2a: Gholdengo
|-supereffective|p2a: Gholdengo
|-damage|p2a: Gholdengo|0 fnt
|faint|p2a: Gholdengo
|
|-heal|p1a: solaire|7/100|[from] item: Leftovers
|upkeep
|
|t:|1758243653
|switch|p2a: Swampert|Swampert, M|100/100
|turn|12
|
|t:|1758243660
|move|p1a: solaire|Sacred Sword|p2a: Swampert
|-damage|p2a: Swampert|0 fnt
|faint|p2a: Swampert
|
|-heal|p1a: solaire|13/100|[from] item: Leftovers
|upkeep
|
|t:|1758243674
|switch|p2a: Espeon|Espeon, F|9/100
|turn|13
|
|t:|1758243677
|move|p2a: Espeon|Alluring Voice|p1a: solaire
|-supereffective|p1a: solaire
|-damage|p1a: solaire|0 fnt
|faint|p1a: solaire
|-damage|p2a: Espeon|0 fnt|[from] item: Life Orb
|faint|p2a: Espeon
|
|upkeep
|
|t:|1758243684
|switch|p2a: Tentacruel|Tentacruel, M|100/100
|switch|p1a: valerie|Oricorio, F, shiny|100/100
|turn|14
|
|t:|1758243689
|move|p2a: Tentacruel|Toxic Spikes|p1a: valerie
|-sidestart|p1: PossiblyJay|move: Toxic Spikes
|move|p1a: valerie|Defog|p2a: Tentacruel
|-unboost|p2a: Tentacruel|evasion|1
|-sideend|p1: PossiblyJay|Toxic Spikes|[from] move: Defog|[of] p1a: valerie
|-sideend|p1: PossiblyJay|Stealth Rock|[from] move: Defog|[of] p1a: valerie
|
|upkeep
|turn|15
|
|t:|1758243695
|move|p2a: Tentacruel|Flip Turn|p1a: valerie
|-supereffective|p1a: valerie
|-damage|p1a: valerie|47/100
|
|t:|1758243698
|switch|p2a: Zapdos|Zapdos|13/100|[from] Flip Turn
|move|p1a: valerie|Quiver Dance|p1a: valerie
|-boost|p1a: valerie|spa|1
|-boost|p1a: valerie|spd|1
|-boost|p1a: valerie|spe|1
|
|upkeep
|turn|16
|
|t:|1758243701
|move|p1a: valerie|Revelation Dance|p2a: Zapdos
|-damage|p2a: Zapdos|0 fnt
|faint|p2a: Zapdos
|
|upkeep
|
|t:|1758243704
|switch|p2a: Tentacruel|Tentacruel, M|100/100
|turn|17
|
|t:|1758243707
|move|p1a: valerie|Hurricane|p2a: Tentacruel|[miss]
|-miss|p1a: valerie|p2a: Tentacruel
|move|p2a: Tentacruel|Flip Turn|p1a: valerie
|-supereffective|p1a: valerie
|-damage|p1a: valerie|0 fnt
|faint|p1a: valerie
|
|t:|1758243711
|switch|p2a: Dragonite|Dragonite, M, shiny|100/100|[from] Flip Turn
|
|upkeep
|
|t:|1758243715
|switch|p1a: rockelle|Garganacl, F, shiny|16/100
|turn|18
|
|t:|1758243719
|-terastallize|p2a: Dragonite|Fairy
|move|p2a: Dragonite|Earthquake|p1a: rockelle
|-supereffective|p1a: rockelle
|-damage|p1a: rockelle|0 fnt
|faint|p1a: rockelle
|
|upkeep
|
|t:|1758243725
|switch|p1a: samurai jack|Samurott, M, shiny|100/100
|turn|19
|
|t:|1758243731
|switch|p2a: Tentacruel|Tentacruel, M|100/100
|move|p1a: samurai jack|Hydro Pump|p2a: Tentacruel
|-resisted|p2a: Tentacruel
|-damage|p2a: Tentacruel|76/100
|-damage|p1a: samurai jack|91/100|[from] item: Life Orb
|
|-heal|p2a: Tentacruel|82/100|[from] item: Black Sludge
|upkeep
|turn|20
|
|t:|1758243735
|move|p2a: Tentacruel|Toxic Spikes|p1a: samurai jack
|-sidestart|p1: PossiblyJay|move: Toxic Spikes
|move|p1a: samurai jack|Taunt|p2a: Tentacruel
|-start|p2a: Tentacruel|move: Taunt
|
|-heal|p2a: Tentacruel|88/100|[from] item: Black Sludge
|upkeep
|turn|21
|
|t:|1758243744
|move|p2a: Tentacruel|Knock Off|p1a: samurai jack
|-damage|p1a: samurai jack|70/100
|-enditem|p1a: samurai jack|Life Orb|[from] move: Knock Off|[of] p2a: Tentacruel
|move|p1a: samurai jack|Grass Knot|p2a: Tentacruel
|-damage|p2a: Tentacruel|69/100
|
|-heal|p2a: Tentacruel|75/100|[from] item: Black Sludge
|upkeep
|turn|22
|-message|PossiblyJay forfeited.
|
|win|hypnopie
|raw|PossiblyJay's rating: 1226 &rarr; <strong>1197</strong><br />(-29 for losing)
|raw|hypnopie's rating: 1166 &rarr; <strong>1195</strong><br />(+29 for winning)
|l|☆PossiblyJay
|player|p1|
|l|☆hypnopie
|player|p2|
