|j|☆YumeKasumi76
|j|☆mayuhara
|t:|1758273065
|gametype|singles
|player|p1|YumeKasumi76|169|1438
|player|p2|mayuhara|ghetsis|1415
|gen|9
|tier|[Gen 9] OU
|rated|
|rule|HP Percentage Mod: HP is shown in percentages
|rule|Endless Battle Clause: Forcing endless battles is banned
|rule|Species Clause: Limit one of each Pokémon
|rule|OHKO Clause: OHKO moves are banned
|rule|Evasion Items Clause: Evasion items are banned
|rule|Evasion Moves Clause: Evasion moves are banned
|rule|Evasion Abilities Clause: Evasion abilities are banned
|rule|Sleep Moves Clause: Sleep-inducing moves are banned
|clearpoke
|poke|p1|Cobalion|
|poke|p1|Weezing-Galar, M|
|poke|p1|Lokix, F|
|poke|p1|Arboliva, M|
|poke|p1|Ceruledge, F|
|poke|p1|Latios, M|
|poke|p2|Samurott-Hisui, F|
|poke|p2|Tornadus-Therian, M|
|poke|p2|Pecharunt|
|poke|p2|Great Tusk|
|poke|p2|Clefable, M|
|poke|p2|Zamazenta-*|
|teampreview
|inactive|Battle timer is ON: inactive players will automatically lose when time's up. (requested by mayuhara)
|
|t:|1758273091
|teamsize|p1|6
|teamsize|p2|6
|start
|switch|p1a: Iverson|Latios, M|100/100
|switch|p2a: Tornadus|Tornadus-Therian, M|100/100
|turn|1
|
|t:|1758273104
|switch|p2a: Clefable|Clefable, M|100/100
|move|p1a: Iverson|Luster Purge|p2a: Clefable
|-damage|p2a: Clefable|51/100
|
|-heal|p2a: Clefable|57/100|[from] item: Leftovers
|upkeep
|turn|2
|
|t:|1758273115
|switch|p1a: Ironhyde|Cobalion|100/100
|move|p2a: Clefable|Moonblast|p1a: Ironhyde
|-damage|p1a: Ironhyde|59/100
|
|-heal|p2a: Clefable|63/100|[from] item: Leftovers
|upkeep
|turn|3
|
|t:|1758273128
|switch|p2a: Pecharunt|Pecharunt|100/100
|move|p1a: Ironhyde|Stealth Rock|p2a: Pecharunt
|-sidestart|p2: mayuhara|move: Stealth Rock
|
|upkeep
|turn|4
|
|t:|1758273136
|move|p1a: Ironhyde|Volt Switch|p2a: Pecharunt
|-damage|p2a: Pecharunt|87/100
|
|t:|1758273139
|switch|p1a: Pantheon|Arboliva, M|100/100|[from] Volt Switch
|move|p2a: Pecharunt|Parting Shot|p1a: Pantheon
|-unboost|p1a: Pantheon|atk|1
|-unboost|p1a: Pantheon|spa|1
|
|t:|1758273163
|switch|p2a: Zamazenta|Zamazenta|100/100|[from] Parting Shot
|-damage|p2a: Zamazenta|94/100|[from] Stealth Rock
|-ability|p2a: Zamazenta|Dauntless Shield|boost
|-boost|p2a: Zamazenta|def|1
|
|upkeep
|turn|5
|
|t:|1758273170
|switch|p1a: M'affald|Weezing-Galar, M|100/100
|-ability|p1a: M'affald|Neutralizing Gas
|move|p2a: Zamazenta|Close Combat|p1a: M'affald
|-resisted|p1a: M'affald
|-damage|p1a: M'affald|91/100
|-unboost|p2a: Zamazenta|def|1
|-unboost|p2a: Zamazenta|spd|1
|
|upkeep
|turn|6
|
|t:|1758273193
|-end|p1a: M'affald|ability: Neutralizing Gas
|switch|p1a: Jalter|Ceruledge, F|100/100
|move|p2a: Zamazenta|Heavy Slam|p1a: Jalter
|-resisted|p1a: Jalter
|-damage|p1a: Jalter|85/100
|
|-heal|p1a: Jalter|91/100|[from] item: Leftovers
|upkeep
|turn|7
|
|t:|1758273204
|move|p2a: Zamazenta|Stone Edge|p1a: Jalter
|-supereffective|p1a: Jalter
|-damage|p1a: Jalter|17/100
|move|p1a: Jalter|Bitter Blade|p2a: Zamazenta
|-damage|p2a: Zamazenta|55/100
|-heal|p1a: Jalter|36/100|[from] drain|[of] p2a: Zamazenta
|
|-heal|p1a: Jalter|42/100|[from] item: Leftovers
|upkeep
|turn|8
|
|t:|1758273222
|switch|p1a: M'affald|Weezing-Galar, M|91/100
|-ability|p1a: M'affald|Neutralizing Gas
|move|p2a: Zamazenta|Crunch|p1a: M'affald
|-resisted|p1a: M'affald
|-damage|p1a: M'affald|82/100
|
|upkeep
|turn|9
|
|t:|1758273228
|switch|p2a: Clefable|Clefable, M|63/100
|-damage|p2a: Clefable|51/100|[from] Stealth Rock
|move|p1a: M'affald|Sludge Bomb|p2a: Clefable
|-supereffective|p2a: Clefable
|-damage|p2a: Clefable|0 fnt
|faint|p2a: Clefable
|
|upkeep
|
|t:|1758273231
|switch|p2a: Great Tusk|Great Tusk|100/100
|turn|10
|
|t:|1758273235
|move|p2a: Great Tusk|Rapid Spin|p1a: M'affald
|-damage|p1a: M'affald|72/100
|-boost|p2a: Great Tusk|spe|1
|-sideend|p2: mayuhara|Stealth Rock|[from] move: Rapid Spin|[of] p2a: Great Tusk
|move|p1a: M'affald|Will-O-Wisp|p2a: Great Tusk
|-status|p2a: Great Tusk|brn
|
|-damage|p2a: Great Tusk|94/100 brn|[from] brn
|upkeep
|turn|11
|
|t:|1758273241
|-end|p2a: Great Tusk|Protosynthesis|[silent]
|switch|p2a: Pecharunt|Pecharunt|87/100
|move|p1a: M'affald|Sludge Bomb|p2a: Pecharunt
|-resisted|p2a: Pecharunt
|-damage|p2a: Pecharunt|80/100
|
|upkeep
|turn|12
|
|t:|1758273247
|move|p2a: Pecharunt|Parting Shot|p1a: M'affald
|-unboost|p1a: M'affald|atk|1
|-unboost|p1a: M'affald|spa|1
|
|t:|1758273256
|switch|p2a: Tornadus|Tornadus-Therian, M|100/100|[from] Parting Shot
|move|p1a: M'affald|Will-O-Wisp|p2a: Tornadus
|-status|p2a: Tornadus|brn
|
|-damage|p2a: Tornadus|94/100 brn|[from] brn
|upkeep
|turn|13
|
|t:|1758273267
|move|p2a: Tornadus|Nasty Plot|p2a: Tornadus
|-boost|p2a: Tornadus|spa|2
|move|p1a: M'affald|Pain Split|p2a: Tornadus
|-sethp|p2a: Tornadus|87/100 brn|[from] move: Pain Split|[silent]
|-sethp|p1a: M'affald|79/100|[from] move: Pain Split
|
|-damage|p2a: Tornadus|81/100 brn|[from] brn
|upkeep
|turn|14
|
|t:|1758273282
|-end|p1a: M'affald|ability: Neutralizing Gas
|switch|p1a: Ironhyde|Cobalion|59/100
|move|p2a: Tornadus|Heat Wave|p1a: Ironhyde
|-supereffective|p1a: Ironhyde
|-damage|p1a: Ironhyde|0 fnt
|faint|p1a: Ironhyde
|-damage|p2a: Tornadus|72/100 brn|[from] item: Life Orb
|
|-damage|p2a: Tornadus|66/100 brn|[from] brn
|upkeep
|
|t:|1758273289
|switch|p1a: Satsuki|Lokix, F, shiny|100/100
|turn|15
|
|t:|1758273296
|switch|p2a: Pecharunt|Pecharunt|80/100
|move|p1a: Satsuki|First Impression|p2a: Pecharunt
|-resisted|p2a: Pecharunt
|-damage|p2a: Pecharunt|66/100
|
|upkeep
|turn|16
|
|t:|1758273302
|switch|p1a: Iverson|Latios, M|100/100
|move|p2a: Pecharunt|Parting Shot|p1a: Iverson
|-unboost|p1a: Iverson|atk|1
|-unboost|p1a: Iverson|spa|1
|
|t:|1758273305
|switch|p2a: Samurott|Samurott-Hisui, F|100/100|[from] Parting Shot
|
|upkeep
|turn|17
|
|t:|1758273316
|move|p1a: Iverson|Flip Turn|p2a: Samurott
|-resisted|p2a: Samurott
|-damage|p2a: Samurott|96/100
|
|t:|1758273320
|switch|p1a: M'affald|Weezing-Galar, M|79/100|[from] Flip Turn
|-ability|p1a: M'affald|Neutralizing Gas
|move|p2a: Samurott|Ceaseless Edge|p1a: M'affald
|-resisted|p1a: M'affald
|-damage|p1a: M'affald|69/100
|-sidestart|p1: YumeKasumi76|Spikes
|
|upkeep
|turn|18
|
|t:|1758273328
|switch|p2a: Tornadus|Tornadus-Therian, M|99/100 brn
|move|p1a: M'affald|Sludge Bomb|p2a: Tornadus
|-damage|p2a: Tornadus|61/100 brn
|
|-damage|p2a: Tornadus|55/100 brn|[from] brn
|upkeep
|turn|19
|
|t:|1758273337
|-end|p1a: M'affald|ability: Neutralizing Gas
|switch|p1a: Pantheon|Arboliva, M|100/100
|-damage|p1a: Pantheon|88/100|[from] Spikes
|move|p2a: Tornadus|Bleakwind Storm|p1a: Pantheon
|-supereffective|p1a: Pantheon
|-damage|p1a: Pantheon|27/100
|-fieldstart|move: Grassy Terrain|[from] ability: Seed Sower|[of] p1a: Pantheon
|-damage|p2a: Tornadus|46/100 brn|[from] item: Life Orb
|
|-heal|p1a: Pantheon|34/100|[from] Grassy Terrain
|-damage|p2a: Tornadus|40/100 brn|[from] brn
|upkeep
|turn|20
|
|t:|1758273346
|move|p2a: Tornadus|Heat Wave|p1a: Pantheon
|-supereffective|p1a: Pantheon
|-damage|p1a: Pantheon|0 fnt
|faint|p1a: Pantheon
|-damage|p2a: Tornadus|30/100 brn|[from] item: Life Orb
|
|-damage|p2a: Tornadus|24/100 brn|[from] brn
|upkeep
|
|t:|1758273348
|switch|p1a: Jalter|Ceruledge, F|42/100
|-damage|p1a: Jalter|30/100|[from] Spikes
|turn|21
|
|t:|1758273355
|switch|p2a: Samurott|Samurott-Hisui, F|96/100
|move|p1a: Jalter|Bitter Blade|p2a: Samurott
|-resisted|p2a: Samurott
|-damage|p2a: Samurott|71/100
|-heal|p1a: Jalter|43/100|[from] drain|[of] p2a: Samurott
|
|-heal|p2a: Samurott|78/100|[from] Grassy Terrain
|-heal|p1a: Jalter|49/100|[from] Grassy Terrain
|-heal|p1a: Jalter|55/100|[from] item: Leftovers
|upkeep
|turn|22
|
|t:|1758273371
|switch|p1a: M'affald|Weezing-Galar, M|69/100
|-ability|p1a: M'affald|Neutralizing Gas
|move|p2a: Samurott|Razor Shell|p1a: M'affald
|-damage|p1a: M'affald|49/100
|
|-heal|p2a: Samurott|84/100|[from] Grassy Terrain
|-heal|p1a: M'affald|55/100|[from] Grassy Terrain
|upkeep
|turn|23
|
|t:|1758273382
|switch|p2a: Pecharunt|Pecharunt|66/100
|move|p1a: M'affald|Sludge Bomb|p2a: Pecharunt
|-resisted|p2a: Pecharunt
|-damage|p2a: Pecharunt|58/100
|
|-heal|p2a: Pecharunt|64/100|[from] Grassy Terrain
|-heal|p1a: M'affald|61/100|[from] Grassy Terrain
|-fieldend|move: Grassy Terrain
|upkeep
|turn|24
|
|t:|1758273386
|move|p2a: Pecharunt|Recover|p2a: Pecharunt
|-heal|p2a: Pecharunt|100/100
|move|p1a: M'affald|Defog|p2a: Pecharunt
|-unboost|p2a: Pecharunt|evasion|1
|-sideend|p1: YumeKasumi76|Spikes|[from] move: Defog|[of] p1a: M'affald
|
|upkeep
|turn|25
|
|t:|1758273392
|move|p2a: Pecharunt|Malignant Chain|p1a: M'affald
|-damage|p1a: M'affald|20/100
|move|p1a: M'affald|Sludge Bomb|p2a: Pecharunt
|-resisted|p2a: Pecharunt
|-damage|p2a: Pecharunt|94/100
|
|upkeep
|turn|26
|
|t:|1758273398
|move|p2a: Pecharunt|Malignant Chain|p1a: M'affald
|-damage|p1a: M'affald|0 fnt
|faint|p1a: M'affald
|-end|p1a: M'affald|ability: Neutralizing Gas
|
|upkeep
|
|t:|1758273400
|switch|p1a: Iverson|Latios, M|100/100
|turn|27
|
|t:|1758273410
|switch|p2a: Samurott|Samurott-Hisui, F|84/100
|move|p1a: Iverson|Draco Meteor|p2a: Samurott
|-damage|p2a: Samurott|35/100
|-unboost|p1a: Iverson|spa|2
|
|upkeep
|turn|28
|
|t:|1758273426
|move|p1a: Iverson|Draco Meteor|p2a: Samurott|[miss]
|-miss|p1a: Iverson|p2a: Samurott
|move|p2a: Samurott|Ceaseless Edge|p1a: Iverson
|-supereffective|p1a: Iverson
|-damage|p1a: Iverson|0 fnt
|-sidestart|p1: YumeKasumi76|Spikes
|faint|p1a: Iverson
|
|upkeep
|
|t:|1758273429
|switch|p1a: Satsuki|Lokix, F, shiny|100/100
|-damage|p1a: Satsuki|88/100|[from] Spikes
|turn|29
|
|t:|1758273434
|switch|p2a: Pecharunt|Pecharunt|94/100
|move|p1a: Satsuki|U-turn|p2a: Pecharunt
|-resisted|p2a: Pecharunt
|-damage|p2a: Pecharunt|82/100
|
|t:|1758273436
|switch|p1a: Jalter|Ceruledge, F|55/100|[from] U-turn
|-damage|p1a: Jalter|43/100|[from] Spikes
|
|-heal|p1a: Jalter|49/100|[from] item: Leftovers
|upkeep
|turn|30
|
|t:|1758273439
|move|p1a: Jalter|Poltergeist|p2a: Pecharunt
|-activate|p2a: Pecharunt|move: Poltergeist|Heavy-Duty Boots
|-supereffective|p2a: Pecharunt
|-damage|p2a: Pecharunt|37/100
|move|p2a: Pecharunt|Foul Play|p1a: Jalter
|-supereffective|p1a: Jalter
|-damage|p1a: Jalter|0 fnt
|faint|p1a: Jalter
|
|upkeep
|-message|YumeKasumi76 forfeited.
|
|win|mayuhara
|raw|YumeKasumi76's rating: 1438 &rarr; <strong>1417</strong><br />(-21 for losing)
|raw|mayuhara's rating: 1415 &rarr; <strong>1436</strong><br />(+21 for winning)
|l|☆YumeKasumi76
|player|p1|
|l|☆mayuhara
|player|p2|
