|j|☆krookodile fangirl
|j|☆brindo brinde
|t:|1758304033
|gametype|singles
|player|p1|krookodile fangirl|roughneck|1303
|player|p2|brindo brinde|266|1320
|gen|9
|tier|[Gen 9] OU
|rated|
|rule|HP Percentage Mod: HP is shown in percentages
|rule|Endless Battle Clause: Forcing endless battles is banned
|rule|Species Clause: Limit one of each Pokémon
|rule|OHKO Clause: OHKO moves are banned
|rule|Evasion Items Clause: Evasion items are banned
|rule|Evasion Moves Clause: Evasion moves are banned
|rule|Evasion Abilities Clause: Evasion abilities are banned
|rule|Sleep Moves Clause: Sleep-inducing moves are banned
|clearpoke
|poke|p1|Krookodile, M|
|poke|p1|Ogerpon-Wellspring, F|
|poke|p1|Pecharunt|
|poke|p1|Cyclizar, M|
|poke|p1|Iron Valiant|
|poke|p1|Skarmory, M|
|poke|p2|Slowking-Galar, M|
|poke|p2|Hoopa-Unbound|
|poke|p2|Zapdos|
|poke|p2|Landorus-Therian, M|
|poke|p2|Iron Valiant|
|poke|p2|Scizor, M|
|teampreview
|inactive|Battle timer is ON: inactive players will automatically lose when time's up. (requested by krookodile fangirl)
|
|t:|1758304043
|teamsize|p1|6
|teamsize|p2|6
|start
|switch|p1a: Baconator|Krookodile, M, shiny|100/100
|switch|p2a: Iron Valiant|Iron Valiant|100/100
|turn|1
|
|t:|1758304050
|switch|p1a: John The Fisherman|Skarmory, M|100/100
|move|p2a: Iron Valiant|Moonblast|p1a: John The Fisherman
|-resisted|p1a: John The Fisherman
|-damage|p1a: John The Fisherman|67/100
|-enditem|p1a: John The Fisherman|Red Card|[of] p2a: Iron Valiant
|-end|p2a: Iron Valiant|Quark Drive|[silent]
|drag|p2a: Scizor|Scizor, M|100/100
|
|upkeep
|turn|2
|
|t:|1758304058
|move|p1a: John The Fisherman|Body Press|p2a: Scizor
|-damage|p2a: Scizor|66/100
|move|p2a: Scizor|U-turn|p1a: John The Fisherman
|-resisted|p1a: John The Fisherman
|-damage|p1a: John The Fisherman|61/100
|
|t:|1758304061
|switch|p2a: Zapdos|Zapdos|100/100|[from] U-turn
|
|upkeep
|turn|3
|
|t:|1758304072
|move|p2a: Zapdos|Volt Switch|p1a: John The Fisherman
|-supereffective|p1a: John The Fisherman
|-damage|p1a: John The Fisherman|0 fnt
|faint|p1a: John The Fisherman
|
|t:|1758304076
|switch|p2a: Iron Valiant|Iron Valiant|100/100|[from] Volt Switch
|
|upkeep
|
|t:|1758304080
|switch|p1a: T-800|Iron Valiant|100/100
|-enditem|p1a: T-800|Booster Energy
|-activate|p1a: T-800|ability: Quark Drive|[fromitem]
|-start|p1a: T-800|quarkdrivespe
|turn|4
|
|t:|1758304084
|move|p1a: T-800|Moonblast|p2a: Iron Valiant
|-supereffective|p2a: Iron Valiant
|-damage|p2a: Iron Valiant|0 fnt
|faint|p2a: Iron Valiant
|-end|p2a: Iron Valiant|Quark Drive|[silent]
|
|upkeep
|
|t:|1758304091
|switch|p2a: Slowking|Slowking-Galar, M|100/100
|turn|5
|
|t:|1758304095
|move|p1a: T-800|Calm Mind|p1a: T-800
|-boost|p1a: T-800|spa|1
|-boost|p1a: T-800|spd|1
|-prepare|p2a: Slowking|Chilly Reception|[premajor]
|move|p2a: Slowking|Chilly Reception|p2a: Slowking
|-weather|Snowscape
|
|t:|1758304101
|switch|p2a: Scizor|Scizor, M|66/100|[from] Chilly Reception
|
|-weather|Snowscape|[upkeep]
|upkeep
|turn|6
|
|t:|1758304105
|-terastallize|p1a: T-800|Stellar
|move|p2a: Scizor|Bullet Punch|p1a: T-800
|-supereffective|p1a: T-800
|-damage|p1a: T-800|9/100
|move|p1a: T-800|Thunderbolt|p2a: Scizor
|-damage|p2a: Scizor|5/100
|
|-weather|Snowscape|[upkeep]
|upkeep
|turn|7
|
|t:|1758304109
|-end|p1a: T-800|Quark Drive|[silent]
|switch|p1a: Geek Bar|Pecharunt|100/100
|move|p2a: Scizor|Bullet Punch|p1a: Geek Bar
|-damage|p1a: Geek Bar|76/100
|-damage|p2a: Scizor|0 fnt|[from] item: Rocky Helmet|[of] p1a: Geek Bar
|faint|p2a: Scizor
|
|-weather|Snowscape|[upkeep]
|upkeep
|
|t:|1758304111
|switch|p2a: Hoopa|Hoopa-Unbound|100/100
|turn|8
|
|t:|1758304114
|move|p1a: Geek Bar|Parting Shot|p2a: Hoopa
|-unboost|p2a: Hoopa|atk|1
|-unboost|p2a: Hoopa|spa|1
|
|t:|1758304117
|switch|p1a: Pizza Delivery Guy|Cyclizar, M|100/100|[from] Parting Shot
|move|p2a: Hoopa|Knock Off|p1a: Pizza Delivery Guy
|-damage|p1a: Pizza Delivery Guy|0 fnt
|-enditem|p1a: Pizza Delivery Guy|Heavy-Duty Boots|[from] move: Knock Off|[of] p2a: Hoopa
|faint|p1a: Pizza Delivery Guy
|
|-weather|Snowscape|[upkeep]
|upkeep
|
|t:|1758304118
|switch|p1a: T-800|Iron Valiant, tera:Stellar|9/100
|turn|9
|
|t:|1758304121
|switch|p2a: Slowking|Slowking-Galar, M|100/100
|move|p1a: T-800|Moonblast|p2a: Slowking
|-resisted|p2a: Slowking
|-damage|p2a: Slowking|80/100
|
|-weather|none
|upkeep
|turn|10
|
|t:|1758304130
|move|p1a: T-800|Thunderbolt|p2a: Slowking
|-damage|p2a: Slowking|59/100
|move|p2a: Slowking|Sludge Bomb|p1a: T-800
|-supereffective|p1a: T-800
|-damage|p1a: T-800|0 fnt
|faint|p1a: T-800
|-end|p1a: T-800|Quark Drive|[silent]
|
|upkeep
|
|t:|1758304133
|switch|p1a: Baconator|Krookodile, M, shiny|100/100
|turn|11
|
|t:|1758304137
|switch|p2a: Landorus|Landorus-Therian, M, shiny|100/100
|-ability|p2a: Landorus|Intimidate|boost
|-unboost|p1a: Baconator|atk|1
|move|p1a: Baconator|Stone Edge|p2a: Landorus
|-damage|p2a: Landorus|77/100
|
|upkeep
|turn|12
|
|t:|1758304147
|switch|p1a: Majora|Ogerpon-Wellspring, F|100/100
|move|p2a: Landorus|U-turn|p1a: Majora
|-supereffective|p1a: Majora
|-damage|p1a: Majora|49/100
|
|t:|1758304161
|switch|p2a: Zapdos|Zapdos|100/100|[from] U-turn
|
|upkeep
|turn|13
|
|t:|1758304166
|switch|p1a: Baconator|Krookodile, M, shiny|100/100
|move|p2a: Zapdos|Thunderbolt|p1a: Baconator
|-immune|p1a: Baconator
|
|upkeep
|turn|14
|
|t:|1758304175
|switch|p2a: Landorus|Landorus-Therian, M, shiny|77/100
|-ability|p2a: Landorus|Intimidate|boost
|-unboost|p1a: Baconator|atk|1
|move|p1a: Baconator|Knock Off|p2a: Landorus
|-damage|p2a: Landorus|41/100
|-damage|p1a: Baconator|84/100|[from] item: Rocky Helmet|[of] p2a: Landorus
|-enditem|p2a: Landorus|Rocky Helmet|[from] move: Knock Off|[of] p1a: Baconator
|
|upkeep
|turn|15
|
|t:|1758304179
|switch|p1a: Majora|Ogerpon-Wellspring, F|49/100
|move|p2a: Landorus|Grass Knot|p1a: Majora
|-damage|p1a: Majora|31/100
|
|upkeep
|turn|16
|
|t:|1758304187
|move|p1a: Majora|Ivy Cudgel|p2a: Landorus|[anim] Ivy Cudgel Water
|-supereffective|p2a: Landorus
|-damage|p2a: Landorus|0 fnt
|faint|p2a: Landorus
|
|upkeep
|
|t:|1758304190
|switch|p2a: Zapdos|Zapdos|100/100
|turn|17
|
|t:|1758304191
|move|p1a: Majora|Ivy Cudgel|p2a: Zapdos|[anim] Ivy Cudgel Water
|-damage|p2a: Zapdos|32/100
|move|p2a: Zapdos|Hurricane|p1a: Majora
|-supereffective|p1a: Majora
|-crit|p1a: Majora
|-damage|p1a: Majora|0 fnt
|faint|p1a: Majora
|
|upkeep
|
|t:|1758304196
|switch|p1a: Baconator|Krookodile, M, shiny|84/100
|turn|18
|
|t:|1758304198
|move|p1a: Baconator|Knock Off|p2a: Zapdos
|-damage|p2a: Zapdos|0 fnt
|-enditem|p2a: Zapdos|Heavy-Duty Boots|[from] move: Knock Off|[of] p1a: Baconator
|faint|p2a: Zapdos
|-ability|p1a: Baconator|Moxie|boost
|-boost|p1a: Baconator|atk|1
|
|upkeep
|
|t:|1758304204
|switch|p2a: Hoopa|Hoopa-Unbound|100/100
|turn|19
|
|t:|1758304212
|-terastallize|p2a: Hoopa|Dark
|move|p1a: Baconator|Knock Off|p2a: Hoopa
|-resisted|p2a: Hoopa
|-damage|p2a: Hoopa|39/100
|-enditem|p2a: Hoopa|Choice Band|[from] move: Knock Off|[of] p1a: Baconator
|move|p2a: Hoopa|Trick|p1a: Baconator
|-activate|p2a: Hoopa|move: Trick|[of] p1a: Baconator
|-enditem|p1a: Baconator|Choice Scarf|[silent]|[from] move: Trick
|-item|p2a: Hoopa|Choice Scarf|[from] move: Trick
|
|upkeep
|turn|20
|
|t:|1758304219
|switch|p1a: Geek Bar|Pecharunt|76/100
|move|p2a: Hoopa|Drain Punch|p1a: Geek Bar
|-immune|p1a: Geek Bar
|
|upkeep
|turn|21
|
|t:|1758304225
|switch|p2a: Slowking|Slowking-Galar, M|92/100
|move|p1a: Geek Bar|Malignant Chain|p2a: Slowking
|-resisted|p2a: Slowking
|-damage|p2a: Slowking|81/100
|
|upkeep
|turn|22
|
|t:|1758304228
|switch|p1a: Baconator|Krookodile, M, shiny|84/100
|-prepare|p2a: Slowking|Chilly Reception|[premajor]
|move|p2a: Slowking|Chilly Reception|p2a: Slowking
|-weather|Snowscape
|
|t:|1758304230
|switch|p2a: Hoopa|Hoopa-Unbound, tera:Dark|39/100|[from] Chilly Reception
|
|-weather|Snowscape|[upkeep]
|upkeep
|turn|23
|
|t:|1758304235
|move|p2a: Hoopa|Hyperspace Fury|p1a: Baconator
|-resisted|p1a: Baconator
|-damage|p1a: Baconator|26/100
|-unboost|p2a: Hoopa|def|1
|move|p1a: Baconator|Earthquake|p2a: Hoopa
|-crit|p2a: Hoopa
|-damage|p2a: Hoopa|0 fnt
|faint|p2a: Hoopa
|-ability|p1a: Baconator|Moxie|boost
|-boost|p1a: Baconator|atk|1
|
|-weather|Snowscape|[upkeep]
|upkeep
|-message|brindo brinde forfeited.
|
|win|krookodile fangirl
|raw|krookodile fangirl's rating: 1303 &rarr; <strong>1324</strong><br />(+21 for winning)
|raw|brindo brinde's rating: 1320 &rarr; <strong>1299</strong><br />(-21 for losing)
|l|☆brindo brinde
|player|p2|
