|j|☆mantikarp2.0
|j|☆bananacrazy
|t:|1758256938
|gametype|singles
|player|p1|mantikarp2.0|medium|1553
|player|p2|bananacrazy|1|1495
|gen|9
|tier|[Gen 9] OU
|rated|
|rule|HP Percentage Mod: HP is shown in percentages
|rule|Endless Battle Clause: Forcing endless battles is banned
|rule|Species Clause: Limit one of each Pokémon
|rule|OHKO Clause: OHKO moves are banned
|rule|Evasion Items Clause: Evasion items are banned
|rule|Evasion Moves Clause: Evasion moves are banned
|rule|Evasion Abilities Clause: Evasion abilities are banned
|rule|Sleep Moves Clause: Sleep-inducing moves are banned
|clearpoke
|poke|p1|Scizor, F|
|poke|p1|Meowscarada, F|
|poke|p1|Skarmory, M|
|poke|p1|Heatran, M|
|poke|p1|Dragapult, M|
|poke|p1|Gliscor, M|
|poke|p2|Dragonite, F|
|poke|p2|Gholdengo|
|poke|p2|Iron Treads|
|poke|p2|Quaquaval, M|
|poke|p2|Slowking-Galar, F|
|poke|p2|Ting-Lu|
|teampreview
|inactive|Battle timer is ON: inactive players will automatically lose when time's up. (requested by bananacrazy)
|inactive|mantikarp2.0 has 120 seconds left.
|
|t:|1758257019
|teamsize|p1|6
|teamsize|p2|6
|start
|switch|p1a: Meowscarada|Meowscarada, F|100/100
|switch|p2a: Iron Treads|Iron Treads|100/100
|turn|1
|
|t:|1758257046
|move|p1a: Meowscarada|U-turn|p2a: Iron Treads
|-start|p1a: Meowscarada|typechange|Bug|[from] ability: Protean
|-resisted|p2a: Iron Treads
|-damage|p2a: Iron Treads|86/100
|inactive|mantikarp2.0 has 120 seconds left.
|
|t:|1758257085
|switch|p1a: Skarmory|Skarmory, M|100/100|[from] U-turn
|move|p2a: Iron Treads|Stealth Rock|p1a: Skarmory
|-sidestart|p1: mantikarp2.0|move: Stealth Rock
|
|-heal|p2a: Iron Treads|93/100|[from] item: Leftovers
|upkeep
|turn|2
|
|t:|1758257092
|-end|p2a: Iron Treads|Quark Drive|[silent]
|switch|p2a: Gholdengo|Gholdengo|100/100
|switch|p1a: Gliscor|Gliscor, M|100/100
|-damage|p1a: Gliscor|88/100|[from] Stealth Rock
|
|-status|p1a: Gliscor|tox|[from] item: Toxic Orb
|upkeep
|turn|3
|
|t:|1758257103
|move|p2a: Gholdengo|Trick|p1a: Gliscor
|-activate|p2a: Gholdengo|move: Trick|[of] p1a: Gliscor
|-item|p1a: Gliscor|Choice Scarf|[from] move: Trick
|-item|p2a: Gholdengo|Toxic Orb|[from] move: Trick
|move|p1a: Gliscor|Earthquake|p2a: Gholdengo
|-supereffective|p2a: Gholdengo
|-damage|p2a: Gholdengo|5/100
|
|-heal|p1a: Gliscor|100/100 tox|[from] ability: Poison Heal
|upkeep
|turn|4
|
|t:|1758257112
|switch|p1a: Meowscarada|Meowscarada, F|100/100
|switch|p2a: Dragonite|Dragonite, F|100/100
|
|upkeep
|turn|5
|
|t:|1758257126
|switch|p2a: Gholdengo|Gholdengo|5/100
|move|p1a: Meowscarada|Triple Axel|p2a: Gholdengo
|-start|p1a: Meowscarada|typechange|Ice|[from] ability: Protean
|-resisted|p2a: Gholdengo
|-damage|p2a: Gholdengo|0 fnt
|faint|p2a: Gholdengo
|-hitcount|p2: Gholdengo|1
|
|upkeep
|
|t:|1758257132
|switch|p2a: Quaquaval|Quaquaval, M|100/100
|turn|6
|
|t:|1758257159
|move|p1a: Meowscarada|Flower Trick|p2a: Quaquaval
|-supereffective|p2a: Quaquaval
|-crit|p2a: Quaquaval
|-damage|p2a: Quaquaval|19/100
|move|p2a: Quaquaval|Aqua Step|p1a: Meowscarada
|-damage|p1a: Meowscarada|0 fnt
|-boost|p2a: Quaquaval|spe|1
|faint|p1a: Meowscarada
|-ability|p2a: Quaquaval|Moxie|boost
|-boost|p2a: Quaquaval|atk|1
|
|upkeep
|
|t:|1758257165
|switch|p1a: Scizor|Scizor, F|100/100
|turn|7
|
|t:|1758257171
|move|p1a: Scizor|Bullet Punch|p2a: Quaquaval
|-resisted|p2a: Quaquaval
|-damage|p2a: Quaquaval|0 fnt
|faint|p2a: Quaquaval
|
|upkeep
|
|t:|1758257174
|switch|p2a: Dragonite|Dragonite, F|100/100
|turn|8
|
|t:|1758257196
|move|p2a: Dragonite|Dragon Dance|p2a: Dragonite
|-boost|p2a: Dragonite|atk|1
|-boost|p2a: Dragonite|spe|1
|move|p1a: Scizor|U-turn|p2a: Dragonite
|-resisted|p2a: Dragonite
|-damage|p2a: Dragonite|90/100
|
|t:|1758257205
|switch|p1a: Dragapult|Dragapult, M|100/100|[from] U-turn
|
|upkeep
|turn|9
|
|t:|1758257221
|switch|p2a: Iron Treads|Iron Treads|93/100
|move|p1a: Dragapult|Draco Meteor|p2a: Iron Treads
|-resisted|p2a: Iron Treads
|-damage|p2a: Iron Treads|55/100
|-unboost|p1a: Dragapult|spa|2
|
|-heal|p2a: Iron Treads|61/100|[from] item: Leftovers
|upkeep
|turn|10
|
|t:|1758257227
|move|p1a: Dragapult|U-turn|p2a: Iron Treads
|-resisted|p2a: Iron Treads
|-damage|p2a: Iron Treads|53/100
|
|t:|1758257232
|switch|p1a: Gliscor|Gliscor, M|100/100 tox|[from] U-turn
|-damage|p1a: Gliscor|88/100 tox|[from] Stealth Rock
|move|p2a: Iron Treads|Knock Off|p1a: Gliscor
|-damage|p1a: Gliscor|57/100 tox
|-enditem|p1a: Gliscor|Choice Scarf|[from] move: Knock Off|[of] p2a: Iron Treads
|
|-heal|p2a: Iron Treads|59/100|[from] item: Leftovers
|-heal|p1a: Gliscor|69/100 tox|[from] ability: Poison Heal
|upkeep
|turn|11
|
|t:|1758257242
|-end|p2a: Iron Treads|Quark Drive|[silent]
|switch|p2a: Slowking|Slowking-Galar, F|100/100
|move|p1a: Gliscor|Earthquake|p2a: Slowking
|-supereffective|p2a: Slowking
|-enditem|p2a: Slowking|Shuca Berry|[eat]
|-enditem|p2a: Slowking|Shuca Berry|[weaken]
|-damage|p2a: Slowking|69/100
|
|-heal|p1a: Gliscor|82/100 tox|[from] ability: Poison Heal
|upkeep
|turn|12
|
|t:|1758257249
|move|p1a: Gliscor|Protect|p1a: Gliscor
|-singleturn|p1a: Gliscor|Protect
|move|p2a: Slowking|Ice Beam|p1a: Gliscor
|-activate|p1a: Gliscor|move: Protect
|
|-heal|p1a: Gliscor|94/100 tox|[from] ability: Poison Heal
|upkeep
|turn|13
|
|t:|1758257252
|move|p1a: Gliscor|Swords Dance|p1a: Gliscor
|-boost|p1a: Gliscor|atk|2
|move|p2a: Slowking|Future Sight|p1a: Gliscor
|-start|p2a: Slowking|move: Future Sight
|
|-heal|p1a: Gliscor|100/100 tox|[from] ability: Poison Heal
|upkeep
|turn|14
|
|t:|1758257260
|-terastallize|p2a: Slowking|Water
|move|p1a: Gliscor|Earthquake|p2a: Slowking
|-damage|p2a: Slowking|6/100
|move|p2a: Slowking|Ice Beam|p1a: Gliscor
|-supereffective|p1a: Gliscor
|-damage|p1a: Gliscor|0 fnt
|faint|p1a: Gliscor
|
|upkeep
|
|t:|1758257267
|switch|p1a: Scizor|Scizor, F|100/100
|turn|15
|
|t:|1758257272
|switch|p2a: Iron Treads|Iron Treads|59/100
|move|p1a: Scizor|U-turn|p2a: Iron Treads
|-resisted|p2a: Iron Treads
|-damage|p2a: Iron Treads|41/100
|
|t:|1758257278
|switch|p1a: Skarmory|Skarmory, M|100/100|[from] U-turn
|-damage|p1a: Skarmory|88/100|[from] Stealth Rock
|
|-end|p1a: Skarmory|move: Future Sight
|-resisted|p1a: Skarmory
|-damage|p1a: Skarmory|58/100
|-heal|p2a: Iron Treads|47/100|[from] item: Leftovers
|upkeep
|turn|16
|
|t:|1758257303
|-end|p2a: Iron Treads|Quark Drive|[silent]
|switch|p2a: Slowking|Slowking-Galar, F, tera:Water|40/100
|move|p1a: Skarmory|Body Press|p2a: Slowking
|-damage|p2a: Slowking|18/100
|
|upkeep
|turn|17
|
|t:|1758257321
|switch|p2a: Ting-Lu|Ting-Lu|100/100
|-ability|p2a: Ting-Lu|Vessel of Ruin
|move|p1a: Skarmory|Iron Defense|p1a: Skarmory
|-boost|p1a: Skarmory|def|2
|
|upkeep
|turn|18
|
|t:|1758257327
|move|p1a: Skarmory|Body Press|p2a: Ting-Lu
|-supereffective|p2a: Ting-Lu
|-damage|p2a: Ting-Lu|24/100
|move|p2a: Ting-Lu|Whirlwind|p1a: Skarmory
|drag|p1a: Scizor|Scizor, F|100/100
|
|-heal|p2a: Ting-Lu|30/100|[from] item: Leftovers
|upkeep
|turn|19
|
|t:|1758257341
|move|p1a: Scizor|U-turn|p2a: Ting-Lu
|-supereffective|p2a: Ting-Lu
|-damage|p2a: Ting-Lu|0 fnt
|faint|p2a: Ting-Lu
|
|t:|1758257346
|switch|p1a: Dragapult|Dragapult, M|100/100|[from] U-turn
|
|upkeep
|
|t:|1758257355
|switch|p2a: Iron Treads|Iron Treads|47/100
|turn|20
|
|t:|1758257359
|-end|p2a: Iron Treads|Quark Drive|[silent]
|switch|p2a: Dragonite|Dragonite, F|90/100
|move|p1a: Dragapult|U-turn|p2a: Dragonite
|-resisted|p2a: Dragonite
|-damage|p2a: Dragonite|82/100
|
|t:|1758257366
|switch|p1a: Scizor|Scizor, F|100/100|[from] U-turn
|
|upkeep
|turn|21
|
|t:|1758257373
|move|p2a: Dragonite|Dragon Dance|p2a: Dragonite
|-boost|p2a: Dragonite|atk|1
|-boost|p2a: Dragonite|spe|1
|move|p1a: Scizor|U-turn|p2a: Dragonite
|-resisted|p2a: Dragonite
|-damage|p2a: Dragonite|60/100
|
|t:|1758257375
|switch|p1a: Dragapult|Dragapult, M|100/100|[from] U-turn
|
|upkeep
|turn|22
|
|t:|1758257385
|switch|p2a: Slowking|Slowking-Galar, F, tera:Water|51/100
|move|p1a: Dragapult|Draco Meteor|p2a: Slowking
|-damage|p2a: Slowking|8/100
|-unboost|p1a: Dragapult|spa|2
|
|upkeep
|turn|23
|
|t:|1758257393
|switch|p2a: Iron Treads|Iron Treads|47/100
|move|p1a: Dragapult|U-turn|p2a: Iron Treads
|-resisted|p2a: Iron Treads
|-damage|p2a: Iron Treads|39/100
|
|t:|1758257398
|switch|p1a: Scizor|Scizor, F|100/100|[from] U-turn
|
|-heal|p2a: Iron Treads|45/100|[from] item: Leftovers
|upkeep
|turn|24
|
|t:|1758257409
|move|p2a: Iron Treads|Rapid Spin|p1a: Scizor
|-resisted|p1a: Scizor
|-damage|p1a: Scizor|91/100
|-boost|p2a: Iron Treads|spe|1
|move|p1a: Scizor|Close Combat|p2a: Iron Treads
|-supereffective|p2a: Iron Treads
|-damage|p2a: Iron Treads|0 fnt
|-unboost|p1a: Scizor|def|1
|-unboost|p1a: Scizor|spd|1
|faint|p2a: Iron Treads
|-end|p2a: Iron Treads|Quark Drive|[silent]
|
|upkeep
|
|t:|1758257415
|switch|p2a: Dragonite|Dragonite, F|60/100
|turn|25
|
|t:|1758257418
|move|p2a: Dragonite|Roost|p2a: Dragonite
|-heal|p2a: Dragonite|100/100
|-singleturn|p2a: Dragonite|move: Roost
|move|p1a: Scizor|U-turn|p2a: Dragonite
|-damage|p2a: Dragonite|82/100
|
|t:|1758257420
|switch|p1a: Dragapult|Dragapult, M|100/100|[from] U-turn
|
|upkeep
|turn|26
|-message|bananacrazy forfeited.
|
|win|mantikarp2.0
|raw|mantikarp2.0's rating: 1553 &rarr; <strong>1570</strong><br />(+17 for winning)
|raw|bananacrazy's rating: 1495 &rarr; <strong>1478</strong><br />(-17 for losing)
|l|☆bananacrazy
|player|p2|
|l|☆mantikarp2.0
|player|p1|
