|j|☆itriedtodo
|j|☆IanReneHn
|inactive|Battle timer is ON: inactive players will automatically lose when time's up.
|t:|1758328639
|gametype|singles
|player|p1|itriedtodo|1|
|player|p2|IanReneHn|steven|
|gen|9
|tier|[Gen 9] OU
|rated|Tournament battle
|rule|HP Percentage Mod: HP is shown in percentages
|rule|Endless Battle Clause: Forcing endless battles is banned
|rule|Species Clause: Limit one of each Pokémon
|rule|OHKO Clause: OHKO moves are banned
|rule|Evasion Items Clause: Evasion items are banned
|rule|Evasion Moves Clause: Evasion moves are banned
|rule|Evasion Abilities Clause: Evasion abilities are banned
|rule|Sleep Moves Clause: Sleep-inducing moves are banned
|raw|<div class="infobox"><details class="readmore" open><summary><strong>1 custom rule:</strong></summary> maxteamsize=9</details></div>
|clearpoke
|poke|p1|Dondozo, F|
|poke|p1|Blissey, F|
|poke|p1|Corviknight, F|
|poke|p1|Weezing-Galar, F|
|poke|p1|Gliscor, F|
|poke|p1|Toxapex, F|
|poke|p1|Clodsire, F|
|poke|p1|Tornadus-Therian, M|
|poke|p1|Kingambit, F|
|poke|p2|Samurott-Hisui, M|
|poke|p2|Kleavor, M|
|poke|p2|Glimmora, F|
|poke|p2|Ribombee, F|
|poke|p2|Thundurus, M|
|poke|p2|Gholdengo|
|teampreview
|j|*Lady Monita ☀
|inactive|IanReneHn also wants the timer to be on.
|j| Machamppp
|l| Machamppp
|c|☆IanReneHn|**surprised pikachu**
|
|t:|1758328669
|teamsize|p1|9
|teamsize|p2|6
|start
|switch|p1a: Tornadus|Tornadus-Therian, M|100/100
|switch|p2a: Thundurus|Thundurus, M, shiny|100/100
|turn|1
|
|t:|1758328686
|move|p2a: Thundurus|Thunder Wave|p1a: Tornadus
|-status|p1a: Tornadus|par
|cant|p1a: Tornadus|par
|
|upkeep
|turn|2
|
|t:|1758328692
|switch|p1a: Gliscor|Gliscor, F|100/100
|move|p2a: Thundurus|Discharge|p1a: Gliscor
|-immune|p1a: Gliscor
|
|-status|p1a: Gliscor|tox|[from] item: Toxic Orb
|upkeep
|turn|3
|
|t:|1758328712
|move|p2a: Thundurus|Taunt|p1a: Gliscor
|-start|p1a: Gliscor|move: Taunt
|cant|p1a: Gliscor|move: Taunt|Spikes
|
|upkeep
|turn|4
|
|t:|1758328715
|move|p2a: Thundurus|Knock Off|p1a: Gliscor
|-damage|p1a: Gliscor|81/100 tox
|-enditem|p1a: Gliscor|Toxic Orb|[from] move: Knock Off|[of] p2a: Thundurus
|move|p1a: Gliscor|Knock Off|p2a: Thundurus
|-damage|p2a: Thundurus|66/100
|-enditem|p2a: Thundurus|Leftovers|[from] move: Knock Off|[of] p1a: Gliscor
|
|-heal|p1a: Gliscor|93/100 tox|[from] ability: Poison Heal
|upkeep
|turn|5
|inactive|IanReneHn has 120 seconds left.
|
|t:|1758328746
|move|p2a: Thundurus|Knock Off|p1a: Gliscor
|-damage|p1a: Gliscor|79/100 tox
|move|p1a: Gliscor|Knock Off|p2a: Thundurus
|-damage|p2a: Thundurus|45/100
|
|-heal|p1a: Gliscor|91/100 tox|[from] ability: Poison Heal
|-end|p1a: Gliscor|move: Taunt
|upkeep
|turn|6
|inactive|itriedtodo has 120 seconds left.
|
|t:|1758328778
|move|p2a: Thundurus|Taunt|p1a: Gliscor
|-start|p1a: Gliscor|move: Taunt
|move|p1a: Gliscor|Knock Off|p2a: Thundurus
|-damage|p2a: Thundurus|21/100
|
|-heal|p1a: Gliscor|100/100 tox|[from] ability: Poison Heal
|upkeep
|turn|7
|inactive|IanReneHn has 120 seconds left.
|j| HighHonorsJacob
|j| Machamppp
|inactive|IanReneHn has 90 seconds left.
|
|t:|1758328828
|switch|p2a: Glimmora|Glimmora, F, shiny|100/100
|move|p1a: Gliscor|Knock Off|p2a: Glimmora
|-damage|p2a: Glimmora|75/100
|-activate|p2a: Glimmora|ability: Toxic Debris
|-sidestart|p1: itriedtodo|move: Toxic Spikes
|-enditem|p2a: Glimmora|Focus Sash|[from] move: Knock Off|[of] p1a: Gliscor
|
|upkeep
|turn|8
|inactive|IanReneHn has 90 seconds left.
|
|t:|1758328847
|move|p2a: Glimmora|Meteor Beam||[still]
|-prepare|p2a: Glimmora|Meteor Beam
|-boost|p2a: Glimmora|spa|1
|move|p1a: Gliscor|Earthquake|p2a: Glimmora
|-supereffective|p2a: Glimmora
|-crit|p2a: Glimmora
|-damage|p2a: Glimmora|0 fnt
|-activate|p2a: Glimmora|ability: Toxic Debris
|-sidestart|p1: itriedtodo|move: Toxic Spikes
|faint|p2a: Glimmora
|
|-end|p1a: Gliscor|move: Taunt
|upkeep
|l| Machamppp
|inactive|IanReneHn has 90 seconds left.
|c|☆itriedtodo|???
|inactive|IanReneHn has 60 seconds left.
|inactive|IanReneHn has 30 seconds left.
|c|☆IanReneHn|A GLISCOR WITH AN ACTUAL OFFENSIVE MOVE ?!?!?!?!?!?!?!?!
|inactive|IanReneHn has 20 seconds left.
|
|t:|1758328922
|switch|p2a: Samurott|Samurott-Hisui, M, shiny|100/100
|turn|9
|inactive|IanReneHn has 30 seconds left this turn.
|
|t:|1758328939
|switch|p1a: Corviknight|Corviknight, F|100/100
|-ability|p1a: Corviknight|Pressure
|move|p2a: Samurott|Aqua Cutter|p1a: Corviknight
|-damage|p1a: Corviknight|67/100
|
|-heal|p1a: Corviknight|73/100|[from] item: Leftovers
|upkeep
|turn|10
|
|t:|1758328947
|move|p2a: Samurott|Ceaseless Edge|p1a: Corviknight
|-damage|p1a: Corviknight|44/100
|-sidestart|p1: itriedtodo|Spikes
|move|p1a: Corviknight|Iron Defense|p1a: Corviknight
|-boost|p1a: Corviknight|def|2
|
|-heal|p1a: Corviknight|50/100|[from] item: Leftovers
|upkeep
|turn|11
|
|t:|1758328956
|move|p2a: Samurott|Sacred Sword|p1a: Corviknight
|-damage|p1a: Corviknight|23/100
|move|p1a: Corviknight|Roost|p1a: Corviknight
|-heal|p1a: Corviknight|73/100
|-singleturn|p1a: Corviknight|move: Roost
|
|-heal|p1a: Corviknight|80/100|[from] item: Leftovers
|upkeep
|turn|12
|
|t:|1758328961
|move|p2a: Samurott|Ceaseless Edge|p1a: Corviknight|[miss]
|-miss|p2a: Samurott|p1a: Corviknight
|move|p1a: Corviknight|Defog|p2a: Samurott
|-unboost|p2a: Samurott|evasion|1
|-sideend|p1: itriedtodo|Spikes|[from] move: Defog|[of] p1a: Corviknight
|-sideend|p1: itriedtodo|Toxic Spikes|[from] move: Defog|[of] p1a: Corviknight
|
|-heal|p1a: Corviknight|86/100|[from] item: Leftovers
|upkeep
|turn|13
|
|t:|1758328967
|move|p2a: Samurott|Sacred Sword|p1a: Corviknight
|-damage|p1a: Corviknight|60/100
|move|p1a: Corviknight|Body Press|p2a: Samurott
|-supereffective|p2a: Samurott
|-damage|p2a: Samurott|0 fnt
|faint|p2a: Samurott
|
|-heal|p1a: Corviknight|67/100|[from] item: Leftovers
|upkeep
|j|%nat1x
|
|t:|1758328974
|switch|p2a: Thundurus|Thundurus, M, shiny|21/100
|turn|14
|
|t:|1758328977
|switch|p1a: Gliscor|Gliscor, F|100/100 tox
|move|p2a: Thundurus|Discharge|p1a: Gliscor
|-immune|p1a: Gliscor
|
|upkeep
|turn|15
|
|t:|1758328980
|move|p2a: Thundurus|Taunt|p1a: Gliscor
|-start|p1a: Gliscor|move: Taunt
|move|p1a: Gliscor|Knock Off|p2a: Thundurus
|-damage|p2a: Thundurus|0 fnt
|faint|p2a: Thundurus
|
|upkeep
|
|t:|1758328988
|switch|p2a: Kleavor|Kleavor, M, shiny|100/100
|turn|16
|l|%nat1x
|j| FullLadd
|
|t:|1758329007
|move|p2a: Kleavor|Stone Axe|p1a: Gliscor
|-damage|p1a: Gliscor|51/100 tox
|-sidestart|p1: itriedtodo|move: Stealth Rock
|move|p1a: Gliscor|Knock Off|p2a: Kleavor
|-damage|p2a: Kleavor|75/100
|-enditem|p2a: Kleavor|Assault Vest|[from] move: Knock Off|[of] p1a: Gliscor
|
|-heal|p1a: Gliscor|64/100 tox|[from] ability: Poison Heal
|upkeep
|turn|17
|inactive|IanReneHn has 90 seconds left.
|
|t:|1758329016
|switch|p1a: Dondozo|Dondozo, F|100/100
|-damage|p1a: Dondozo|88/100|[from] Stealth Rock
|move|p2a: Kleavor|Stone Axe|p1a: Dondozo
|-damage|p1a: Dondozo|61/100
|
|-heal|p1a: Dondozo|67/100|[from] item: Leftovers
|upkeep
|turn|18
|inactive|IanReneHn has 90 seconds left.
|inactive|IanReneHn has 60 seconds left.
|
|t:|1758329074
|move|p2a: Kleavor|X-Scissor|p1a: Dondozo
|-damage|p1a: Dondozo|35/100
|move|p1a: Dondozo|Body Press|p2a: Kleavor
|-damage|p2a: Kleavor|38/100
|
|-heal|p1a: Dondozo|41/100|[from] item: Leftovers
|upkeep
|turn|19
|
|t:|1758329090
|move|p2a: Kleavor|X-Scissor|p1a: Dondozo
|-damage|p1a: Dondozo|9/100
|move|p1a: Dondozo|Rest|p1a: Dondozo
|-status|p1a: Dondozo|slp|[from] move: Rest
|-heal|p1a: Dondozo|100/100 slp|[silent]
|
|upkeep
|turn|20
|inactive|IanReneHn has 30 seconds left.
|
|t:|1758329128
|-terastallize|p2a: Kleavor|Bug
|move|p2a: Kleavor|X-Scissor|p1a: Dondozo
|-damage|p1a: Dondozo|56/100 slp
|cant|p1a: Dondozo|slp
|move|p1a: Dondozo|Sleep Talk|p1a: Dondozo
|move|p1a: Dondozo|Body Press|p2a: Kleavor|[from] move: Sleep Talk
|-resisted|p2a: Kleavor
|-damage|p2a: Kleavor|20/100
|
|-heal|p1a: Dondozo|63/100 slp|[from] item: Leftovers
|upkeep
|turn|21
|inactive|itriedtodo has 120 seconds left.
|
|t:|1758329166
|switch|p1a: Corviknight|Corviknight, F|67/100
|-damage|p1a: Corviknight|54/100|[from] Stealth Rock
|-ability|p1a: Corviknight|Pressure
|move|p2a: Kleavor|X-Scissor|p1a: Corviknight
|-resisted|p1a: Corviknight
|-damage|p1a: Corviknight|41/100
|
|-heal|p1a: Corviknight|47/100|[from] item: Leftovers
|upkeep
|turn|22
|
|t:|1758329177
|move|p2a: Kleavor|Stone Axe|p1a: Corviknight
|-damage|p1a: Corviknight|13/100
|move|p1a: Corviknight|Roost|p1a: Corviknight
|-heal|p1a: Corviknight|63/100
|-singleturn|p1a: Corviknight|move: Roost
|
|-heal|p1a: Corviknight|69/100|[from] item: Leftovers
|upkeep
|turn|23
|inactive|IanReneHn has 30 seconds left.
|inactive|IanReneHn has 20 seconds left.
|
|t:|1758329205
|move|p2a: Kleavor|Stone Axe|p1a: Corviknight
|-damage|p1a: Corviknight|37/100
|move|p1a: Corviknight|Roost|p1a: Corviknight
|-heal|p1a: Corviknight|87/100
|-singleturn|p1a: Corviknight|move: Roost
|
|-heal|p1a: Corviknight|93/100|[from] item: Leftovers
|upkeep
|turn|24
|inactive|IanReneHn has 30 seconds left this turn.
|
|t:|1758329216
|move|p2a: Kleavor|Stone Axe|p1a: Corviknight
|-crit|p1a: Corviknight
|-damage|p1a: Corviknight|46/100
|move|p1a: Corviknight|Iron Defense|p1a: Corviknight
|-boost|p1a: Corviknight|def|2
|
|-heal|p1a: Corviknight|52/100|[from] item: Leftovers
|upkeep
|turn|25
|inactive|IanReneHn has 30 seconds left.
|inactive|IanReneHn has 20 seconds left.
|
|t:|1758329240
|move|p2a: Kleavor|Night Slash|p1a: Corviknight
|-damage|p1a: Corviknight|40/100
|move|p1a: Corviknight|Roost|p1a: Corviknight
|-heal|p1a: Corviknight|90/100
|-singleturn|p1a: Corviknight|move: Roost
|
|-heal|p1a: Corviknight|97/100|[from] item: Leftovers
|upkeep
|turn|26
|inactive|IanReneHn has 30 seconds left this turn.
|inactive|IanReneHn has 20 seconds left.
|inactive|IanReneHn has 15 seconds left.
|c|☆IanReneHn|time to fish for 1/8 crits
|inactive|itriedtodo has 120 seconds left.
|
|t:|1758329285
|move|p2a: Kleavor|Night Slash|p1a: Corviknight
|-damage|p1a: Corviknight|84/100
|move|p1a: Corviknight|Body Press|p2a: Kleavor
|-resisted|p2a: Kleavor
|-damage|p2a: Kleavor|0 fnt
|faint|p2a: Kleavor
|
|-heal|p1a: Corviknight|91/100|[from] item: Leftovers
|upkeep
|inactive|IanReneHn has 20 seconds left this turn.
|inactive|IanReneHn has 15 seconds left.
|inactive|IanReneHn has 10 seconds left.
|
|t:|1758329298
|switch|p2a: Ribombee|Ribombee, F, shiny|100/100
|turn|27
|inactive|IanReneHn has 20 seconds left this turn.
|
|t:|1758329302
|switch|p1a: Blissey|Blissey, F|100/100
|-damage|p1a: Blissey|88/100|[from] Stealth Rock
|move|p2a: Ribombee|Tailwind|p2a: Ribombee
|-sidestart|p2: IanReneHn|move: Tailwind
|
|-heal|p1a: Blissey|94/100|[from] item: Leftovers
|upkeep
|turn|28
|inactive|IanReneHn has 30 seconds left this turn.
|
|t:|1758329306
|move|p2a: Ribombee|Sticky Web|p1a: Blissey
|-sidestart|p1: itriedtodo|move: Sticky Web
|move|p1a: Blissey|Calm Mind|p1a: Blissey
|-boost|p1a: Blissey|spa|1
|-boost|p1a: Blissey|spd|1
|
|-heal|p1a: Blissey|100/100|[from] item: Leftovers
|upkeep
|turn|29
|
|t:|1758329312
|switch|p2a: Gholdengo|Gholdengo, shiny|100/100
|move|p1a: Blissey|Calm Mind|p1a: Blissey
|-boost|p1a: Blissey|spa|1
|-boost|p1a: Blissey|spd|1
|
|upkeep
|turn|30
|
|t:|1758329316
|move|p2a: Gholdengo|Trick|p1a: Blissey
|-activate|p2a: Gholdengo|move: Trick|[of] p1a: Blissey
|-item|p1a: Blissey|Choice Scarf|[from] move: Trick
|-item|p2a: Gholdengo|Leftovers|[from] move: Trick
|move|p1a: Blissey|Calm Mind|p1a: Blissey
|-boost|p1a: Blissey|spa|1
|-boost|p1a: Blissey|spd|1
|
|-sideend|p2: IanReneHn|move: Tailwind
|upkeep
|turn|31
|
|t:|1758329340
|switch|p1a: Clodsire|Clodsire, F|100/100
|move|p2a: Gholdengo|Focus Blast|p1a: Clodsire
|-resisted|p1a: Clodsire
|-damage|p1a: Clodsire|87/100
|
|upkeep
|turn|32
|
|t:|1758329345
|move|p2a: Gholdengo|Shadow Ball|p1a: Clodsire
|-damage|p1a: Clodsire|64/100
|-unboost|p1a: Clodsire|spd|1
|move|p1a: Clodsire|Stealth Rock|p2a: Gholdengo
|-sidestart|p2: IanReneHn|move: Stealth Rock
|
|upkeep
|turn|33
|
|t:|1758329351
|switch|p1a: Blissey|Blissey, F|100/100
|-damage|p1a: Blissey|88/100|[from] Stealth Rock
|-activate|p1a: Blissey|move: Sticky Web
|-unboost|p1a: Blissey|spe|1
|move|p2a: Gholdengo|Shadow Ball|p1a: Blissey
|-immune|p1a: Blissey
|
|upkeep
|turn|34
|inactive|IanReneHn has 60 seconds left.
|l| FullLadd
|j| FullLadd
|
|t:|1758329368
|move|p2a: Gholdengo|Focus Blast|p1a: Blissey
|-supereffective|p1a: Blissey
|-damage|p1a: Blissey|58/100
|move|p1a: Blissey|Flamethrower|p2a: Gholdengo
|-supereffective|p2a: Gholdengo
|-damage|p2a: Gholdengo|63/100
|-status|p2a: Gholdengo|brn
|
|-heal|p2a: Gholdengo|69/100 brn|[from] item: Leftovers
|-damage|p2a: Gholdengo|63/100 brn|[from] brn
|upkeep
|turn|35
|inactive|itriedtodo has 120 seconds left.
|
|t:|1758329402
|move|p2a: Gholdengo|Focus Blast|p1a: Blissey|[miss]
|-miss|p2a: Gholdengo|p1a: Blissey
|move|p1a: Blissey|Flamethrower|p2a: Gholdengo
|-supereffective|p2a: Gholdengo
|-damage|p2a: Gholdengo|23/100 brn
|
|-heal|p2a: Gholdengo|29/100 brn|[from] item: Leftovers
|-damage|p2a: Gholdengo|23/100 brn|[from] brn
|upkeep
|turn|36
|inactive|IanReneHn has 60 seconds left.
|
|t:|1758329411
|move|p2a: Gholdengo|Focus Blast|p1a: Blissey
|-supereffective|p1a: Blissey
|-damage|p1a: Blissey|30/100
|-unboost|p1a: Blissey|spd|1
|move|p1a: Blissey|Flamethrower|p2a: Gholdengo
|-supereffective|p2a: Gholdengo
|-damage|p2a: Gholdengo|0 fnt
|faint|p2a: Gholdengo
|
|upkeep
|
|t:|1758329414
|switch|p2a: Ribombee|Ribombee, F, shiny|100/100
|-damage|p2a: Ribombee|76/100|[from] Stealth Rock
|turn|37
|c|☆itriedtodo|scarf blissey is wrecking your shit
|
|t:|1758329419
|move|p2a: Ribombee|Tailwind|p2a: Ribombee
|-sidestart|p2: IanReneHn|move: Tailwind
|move|p1a: Blissey|Flamethrower|p2a: Ribombee
|-supereffective|p2a: Ribombee
|-damage|p2a: Ribombee|29/100
|
|upkeep
|turn|38
|
|t:|1758329426
|move|p2a: Ribombee|Bug Buzz|p1a: Blissey
|-damage|p1a: Blissey|17/100
|move|p1a: Blissey|Flamethrower|p2a: Ribombee
|-supereffective|p2a: Ribombee
|-damage|p2a: Ribombee|0 fnt
|faint|p2a: Ribombee
|
|win|itriedtodo
|n|☆itriedtodo|itriedtodo
|n|☆IanReneHn|ianrenehn
|n|*Lady Monita ☀|ladymonita
|n| HighHonorsJacob|highhonorsjacob
|n| FullLadd|fullladd
