|j|☆torrchicken
|j|☆Andrewtre
|t:|1758335003
|gametype|singles
|player|p1|torrchicken|cynthia-gen4|1221
|player|p2|Andrewtre|unknown|1199
|gen|9
|tier|[Gen 9] OU
|rated|
|rule|HP Percentage Mod: HP is shown in percentages
|rule|Endless Battle Clause: Forcing endless battles is banned
|rule|Species Clause: Limit one of each Pokémon
|rule|OHKO Clause: OHKO moves are banned
|rule|Evasion Items Clause: Evasion items are banned
|rule|Evasion Moves Clause: Evasion moves are banned
|rule|Evasion Abilities Clause: Evasion abilities are banned
|rule|Sleep Moves Clause: Sleep-inducing moves are banned
|clearpoke
|poke|p1|Samurott-Hisui, F|
|poke|p1|Dragonite, F|
|poke|p1|Great Tusk|
|poke|p1|Scizor, F|
|poke|p1|Arcanine-Hisui, M|
|poke|p1|Polteageist-Antique|
|poke|p2|Farigiraf, M|
|poke|p2|Hatterene, F|
|poke|p2|Gardevoir, F|
|poke|p2|Gengar, M|
|poke|p2|Golduck, M|
|poke|p2|Golurk|
|teampreview
|inactive|Battle timer is ON: inactive players will automatically lose when time's up. (requested by Andrewtre)
|
|t:|1758335009
|teamsize|p1|6
|teamsize|p2|6
|start
|switch|p1a: Samurott|Samurott-Hisui, F|100/100
|switch|p2a: Hatterene|Hatterene, F|100/100
|turn|1
|
|t:|1758335020
|move|p1a: Samurott|Ceaseless Edge|p2a: Hatterene
|-damage|p2a: Hatterene|47/100
|-sidestart|p2: Andrewtre|Spikes
|move|p2a: Hatterene|Draining Kiss|p1a: Samurott
|-supereffective|p1a: Samurott
|-damage|p1a: Samurott|14/100
|-heal|p2a: Hatterene|100/100|[from] drain|[of] p1a: Samurott
|
|-heal|p1a: Samurott|20/100|[from] item: Leftovers
|upkeep
|turn|2
|
|t:|1758335040
|move|p1a: Samurott|Ceaseless Edge|p2a: Hatterene
|-damage|p2a: Hatterene|54/100
|-sidestart|p2: Andrewtre|Spikes
|move|p2a: Hatterene|Trick Room|p2a: Hatterene
|-fieldstart|move: Trick Room|[of] p2a: Hatterene
|
|-heal|p1a: Samurott|26/100|[from] item: Leftovers
|upkeep
|turn|3
|inactive|torrchicken has 120 seconds left.
|
|t:|1758335079
|move|p2a: Hatterene|Draining Kiss|p1a: Samurott
|-supereffective|p1a: Samurott
|-damage|p1a: Samurott|0 fnt
|-heal|p2a: Hatterene|76/100|[from] drain|[of] p1a: Samurott
|faint|p1a: Samurott
|
|upkeep
|
|t:|1758335085
|switch|p1a: Scizor|Scizor, F|100/100
|turn|4
|
|t:|1758335089
|move|p2a: Hatterene|Mystical Fire|p1a: Scizor
|-supereffective|p1a: Scizor
|-damage|p1a: Scizor|0 fnt
|faint|p1a: Scizor
|
|upkeep
|inactive|torrchicken has 120 seconds left.
|
|t:|1758335098
|switch|p1a: Arcanine|Arcanine-Hisui, M|100/100
|turn|5
|
|t:|1758335106
|move|p2a: Hatterene|Psychic|p1a: Arcanine
|-damage|p1a: Arcanine|31/100
|move|p1a: Arcanine|Double-Edge|p2a: Hatterene
|-damage|p2a: Hatterene|23/100
|-damage|p1a: Arcanine|21/100|[from] item: Life Orb
|
|upkeep
|turn|6
|
|t:|1758335113
|move|p1a: Arcanine|Extreme Speed|p2a: Hatterene
|-damage|p2a: Hatterene|0 fnt
|faint|p2a: Hatterene
|-damage|p1a: Arcanine|11/100|[from] item: Life Orb
|
|-fieldend|move: Trick Room
|upkeep
|
|t:|1758335119
|switch|p2a: Golduck|Golduck, M|100/100
|-damage|p2a: Golduck|84/100|[from] Spikes
|turn|7
|
|t:|1758335135
|move|p1a: Arcanine|Extreme Speed|p2a: Golduck
|-damage|p2a: Golduck|35/100
|-damage|p1a: Arcanine|1/100|[from] item: Life Orb
|move|p2a: Golduck|Rain Dance|p2a: Golduck
|-weather|RainDance
|
|-weather|RainDance|[upkeep]
|upkeep
|turn|8
|
|t:|1758335143
|move|p1a: Arcanine|Extreme Speed|p2a: Golduck
|-crit|p2a: Golduck
|-damage|p2a: Golduck|0 fnt
|faint|p2a: Golduck
|-damage|p1a: Arcanine|0 fnt|[from] item: Life Orb
|faint|p1a: Arcanine
|
|-weather|RainDance|[upkeep]
|upkeep
|
|t:|1758335151
|switch|p1a: Polteageist|Polteageist-Antique|100/100
|switch|p2a: Farigiraf|Farigiraf, M|100/100
|-damage|p2a: Farigiraf|84/100|[from] Spikes
|turn|9
|
|t:|1758335157
|move|p1a: Polteageist|Shell Smash|p1a: Polteageist
|-unboost|p1a: Polteageist|def|1
|-unboost|p1a: Polteageist|spd|1
|-boost|p1a: Polteageist|atk|2
|-boost|p1a: Polteageist|spa|2
|-boost|p1a: Polteageist|spe|2
|move|p2a: Farigiraf|Trick Room|p2a: Farigiraf
|-fieldstart|move: Trick Room|[of] p2a: Farigiraf
|
|-weather|RainDance|[upkeep]
|upkeep
|turn|10
|inactive|torrchicken has 120 seconds left.
|
|t:|1758335214
|move|p2a: Farigiraf|Twin Beam|p1a: Polteageist
|-damage|p1a: Polteageist|64/100
|-damage|p1a: Polteageist|27/100
|-hitcount|p1a: Polteageist|2
|-damage|p2a: Farigiraf|74/100|[from] item: Life Orb
|move|p1a: Polteageist|Stored Power|p2a: Farigiraf
|-resisted|p2a: Farigiraf
|-damage|p2a: Farigiraf|25/100
|
|-weather|RainDance|[upkeep]
|upkeep
|turn|11
|
|t:|1758335227
|move|p2a: Farigiraf|Twin Beam|p1a: Polteageist
|-damage|p1a: Polteageist|0 fnt
|faint|p1a: Polteageist
|-hitcount|p1: Polteageist|1
|-damage|p2a: Farigiraf|15/100|[from] item: Life Orb
|
|-weather|none
|upkeep
|inactive|torrchicken has 90 seconds left.
|
|t:|1758335238
|switch|p1a: Dragonite|Dragonite, F|100/100
|turn|12
|
|t:|1758335244
|move|p1a: Dragonite|Extreme Speed||[still]
|cant|p2a: Farigiraf|ability: Armor Tail|Extreme Speed|[of] p1a: Dragonite
|move|p2a: Farigiraf|Twin Beam|p1a: Dragonite
|-damage|p1a: Dragonite|86/100
|-damage|p1a: Dragonite|59/100
|-hitcount|p1a: Dragonite|2
|-damage|p2a: Farigiraf|5/100|[from] item: Life Orb
|
|upkeep
|turn|13
|
|t:|1758335257
|move|p2a: Farigiraf|Twin Beam|p1a: Dragonite
|-damage|p1a: Dragonite|31/100
|-crit|p1a: Dragonite
|-damage|p1a: Dragonite|0 fnt
|faint|p1a: Dragonite
|-hitcount|p1: Dragonite|2
|-damage|p2a: Farigiraf|0 fnt|[from] item: Life Orb
|faint|p2a: Farigiraf
|
|-fieldend|move: Trick Room
|upkeep
|
|t:|1758335265
|switch|p1a: Great Tusk|Great Tusk|100/100
|switch|p2a: Gengar|Gengar, M|100/100
|-damage|p2a: Gengar|84/100|[from] Spikes
|turn|14
|
|t:|1758335282
|move|p2a: Gengar|Giga Drain|p1a: Great Tusk
|-supereffective|p1a: Great Tusk
|-damage|p1a: Great Tusk|32/100
|-heal|p2a: Gengar|100/100|[from] drain|[of] p1a: Great Tusk
|move|p1a: Great Tusk|Bulk Up|p1a: Great Tusk
|-boost|p1a: Great Tusk|atk|1
|-boost|p1a: Great Tusk|def|1
|
|upkeep
|turn|15
|inactive|torrchicken has 90 seconds left.
|
|t:|1758335301
|-terastallize|p1a: Great Tusk|Ground
|move|p2a: Gengar|Giga Drain|p1a: Great Tusk
|-supereffective|p1a: Great Tusk
|-damage|p1a: Great Tusk|0 fnt
|faint|p1a: Great Tusk
|-end|p1a: Great Tusk|Protosynthesis|[silent]
|
|win|Andrewtre
|raw|torrchicken's rating: 1221 &rarr; <strong>1194</strong><br />(-27 for losing)
|raw|Andrewtre's rating: 1199 &rarr; <strong>1226</strong><br />(+27 for winning)
|l|☆torrchicken
|player|p1|
