|j|☆Flame67
|j|☆FeeDWeeB
|t:|1758357292
|gametype|singles
|player|p1|Flame67|102|1341
|player|p2|FeeDWeeB|1|1346
|gen|9
|tier|[Gen 9] OU
|rated|
|rule|HP Percentage Mod: HP is shown in percentages
|rule|Endless Battle Clause: Forcing endless battles is banned
|rule|Species Clause: Limit one of each Pokémon
|rule|OHKO Clause: OHKO moves are banned
|rule|Evasion Items Clause: Evasion items are banned
|rule|Evasion Moves Clause: Evasion moves are banned
|rule|Evasion Abilities Clause: Evasion abilities are banned
|rule|Sleep Moves Clause: Sleep-inducing moves are banned
|clearpoke
|poke|p1|Samurott-Hisui, M|
|poke|p1|Kyurem|
|poke|p1|Great Tusk|
|poke|p1|Rillaboom, M|
|poke|p1|Gholdengo|
|poke|p1|Primarina, M|
|poke|p2|Dragapult, M|
|poke|p2|Landorus-Therian, M|
|poke|p2|Heatran, F|
|poke|p2|Raikou|
|poke|p2|Greninja-*, M|
|poke|p2|Zamazenta-*|
|teampreview
|inactive|Battle timer is ON: inactive players will automatically lose when time's up. (requested by FeeDWeeB)
|
|t:|1758357311
|teamsize|p1|6
|teamsize|p2|6
|start
|switch|p1a: Samurott|Samurott-Hisui, M|100/100
|switch|p2a: Zamazenta|Zamazenta|100/100
|-ability|p2a: Zamazenta|Dauntless Shield|boost
|-boost|p2a: Zamazenta|def|1
|turn|1
|
|t:|1758357318
|move|p1a: Samurott|Flip Turn|p2a: Zamazenta
|-damage|p2a: Zamazenta|88/100
|
|t:|1758357333
|switch|p1a: Gholdengo|Gholdengo|100/100|[from] Flip Turn
|-item|p1a: Gholdengo|Air Balloon
|move|p2a: Zamazenta|Iron Defense|p2a: Zamazenta
|-boost|p2a: Zamazenta|def|2
|
|upkeep
|turn|2
|
|t:|1758357348
|move|p2a: Zamazenta|Crunch|p1a: Gholdengo
|-supereffective|p1a: Gholdengo
|-damage|p1a: Gholdengo|66/100
|-enditem|p1a: Gholdengo|Air Balloon
|move|p1a: Gholdengo|Nasty Plot|p1a: Gholdengo
|-boost|p1a: Gholdengo|spa|2
|
|upkeep
|turn|3
|
|t:|1758357354
|move|p2a: Zamazenta|Crunch|p1a: Gholdengo
|-supereffective|p1a: Gholdengo
|-damage|p1a: Gholdengo|30/100
|-unboost|p1a: Gholdengo|def|1
|move|p1a: Gholdengo|Recover|p1a: Gholdengo
|-heal|p1a: Gholdengo|80/100
|
|upkeep
|turn|4
|
|t:|1758357361
|move|p2a: Zamazenta|Crunch|p1a: Gholdengo
|-supereffective|p1a: Gholdengo
|-damage|p1a: Gholdengo|28/100
|move|p1a: Gholdengo|Make It Rain|p2a: Zamazenta
|-damage|p2a: Zamazenta|0 fnt
|-unboost|p1a: Gholdengo|spa|1
|faint|p2a: Zamazenta
|
|upkeep
|
|t:|1758357380
|switch|p2a: Greninja|Greninja, M|100/100
|turn|5
|
|t:|1758357387
|switch|p1a: Primarina|Primarina, M|100/100
|move|p2a: Greninja|Surf|p1a: Primarina
|-resisted|p1a: Primarina
|-damage|p1a: Primarina|86/100
|-damage|p2a: Greninja|91/100|[from] item: Life Orb
|
|upkeep
|turn|6
|
|t:|1758357396
|-terastallize|p2a: Greninja|Poison
|move|p2a: Greninja|Sludge Wave|p1a: Primarina
|-supereffective|p1a: Primarina
|-damage|p1a: Primarina|30/100
|-damage|p2a: Greninja|81/100|[from] item: Life Orb
|move|p1a: Primarina|Flip Turn|p2a: Greninja
|-damage|p2a: Greninja|40/100
|
|t:|1758357412
|switch|p1a: Samurott|Samurott-Hisui, M|100/100|[from] Flip Turn
|
|upkeep
|turn|7
|
|t:|1758357422
|move|p1a: Samurott|Ceaseless Edge|p2a: Greninja
|-damage|p2a: Greninja|0 fnt
|-sidestart|p2: FeeDWeeB|Spikes
|faint|p2a: Greninja
|
|upkeep
|
|t:|1758357439
|switch|p2a: Landorus|Landorus-Therian, M|100/100
|-ability|p2a: Landorus|Intimidate|boost
|-unboost|p1a: Samurott|atk|1
|turn|8
|
|t:|1758357443
|switch|p1a: Gholdengo|Gholdengo|28/100
|move|p2a: Landorus|U-turn|p1a: Gholdengo
|-resisted|p1a: Gholdengo
|-damage|p1a: Gholdengo|23/100
|
|t:|1758357447
|switch|p2a: Dragapult|Dragapult, M|100/100|[from] U-turn
|-damage|p2a: Dragapult|88/100|[from] Spikes
|
|upkeep
|turn|9
|
|t:|1758357451
|move|p2a: Dragapult|Thunderbolt|p1a: Gholdengo
|-damage|p1a: Gholdengo|0 fnt
|faint|p1a: Gholdengo
|
|upkeep
|
|t:|1758357456
|switch|p1a: Great Tusk|Great Tusk|100/100
|turn|10
|
|t:|1758357464
|switch|p2a: Landorus|Landorus-Therian, M|100/100
|-ability|p2a: Landorus|Intimidate|boost
|-unboost|p1a: Great Tusk|atk|1
|move|p1a: Great Tusk|Knock Off|p2a: Landorus
|-damage|p2a: Landorus|73/100
|-enditem|p2a: Landorus|Choice Scarf|[from] move: Knock Off|[of] p1a: Great Tusk
|
|upkeep
|turn|11
|
|t:|1758357468
|move|p2a: Landorus|Stealth Rock|p1a: Great Tusk
|-sidestart|p1: Flame67|move: Stealth Rock
|move|p1a: Great Tusk|Stealth Rock|p2a: Landorus
|-sidestart|p2: FeeDWeeB|move: Stealth Rock
|
|upkeep
|turn|12
|
|t:|1758357472
|move|p2a: Landorus|Earthquake|p1a: Great Tusk
|-damage|p1a: Great Tusk|59/100
|move|p1a: Great Tusk|Knock Off|p2a: Landorus
|-damage|p2a: Landorus|54/100
|
|upkeep
|turn|13
|
|t:|1758357477
|move|p2a: Landorus|Earthquake|p1a: Great Tusk
|-crit|p1a: Great Tusk
|-damage|p1a: Great Tusk|0 fnt
|faint|p1a: Great Tusk
|-end|p1a: Great Tusk|Protosynthesis|[silent]
|
|upkeep
|
|t:|1758357488
|switch|p1a: Rillaboom|Rillaboom, M|100/100
|-damage|p1a: Rillaboom|88/100|[from] Stealth Rock
|-fieldstart|move: Grassy Terrain|[from] ability: Grassy Surge|[of] p1a: Rillaboom
|turn|14
|
|t:|1758357504
|move|p2a: Landorus|U-turn|p1a: Rillaboom
|-supereffective|p1a: Rillaboom
|-damage|p1a: Rillaboom|28/100
|
|t:|1758357507
|switch|p2a: Heatran|Heatran, F|100/100|[from] U-turn
|-damage|p2a: Heatran|88/100|[from] Spikes
|-damage|p2a: Heatran|76/100|[from] Stealth Rock
|move|p1a: Rillaboom|U-turn|p2a: Heatran
|-resisted|p2a: Heatran
|-damage|p2a: Heatran|68/100
|
|t:|1758357515
|switch|p1a: Primarina|Primarina, M|30/100|[from] U-turn
|-damage|p1a: Primarina|18/100|[from] Stealth Rock
|
|-heal|p2a: Heatran|74/100|[from] Grassy Terrain
|-heal|p2a: Heatran|80/100|[from] item: Leftovers
|-heal|p1a: Primarina|24/100|[from] Grassy Terrain
|upkeep
|turn|15
|
|t:|1758357524
|move|p2a: Heatran|Earth Power|p1a: Primarina
|-damage|p1a: Primarina|8/100
|move|p1a: Primarina|Hydro Pump|p2a: Heatran
|-supereffective|p2a: Heatran
|-damage|p2a: Heatran|0 fnt
|faint|p2a: Heatran
|
|-heal|p1a: Primarina|15/100|[from] Grassy Terrain
|upkeep
|
|t:|1758357532
|switch|p2a: Raikou|Raikou|100/100
|-damage|p2a: Raikou|88/100|[from] Spikes
|-damage|p2a: Raikou|76/100|[from] Stealth Rock
|turn|16
|
|t:|1758357543
|-terastallize|p1a: Primarina|Ground
|move|p2a: Raikou|Thunderbolt|p1a: Primarina
|-immune|p1a: Primarina
|move|p1a: Primarina|Draining Kiss|p2a: Raikou
|-damage|p2a: Raikou|46/100
|-heal|p1a: Primarina|34/100|[from] drain|[of] p2a: Raikou
|
|-heal|p2a: Raikou|52/100|[from] Grassy Terrain
|-heal|p2a: Raikou|58/100|[from] item: Leftovers
|-heal|p1a: Primarina|40/100|[from] Grassy Terrain
|upkeep
|turn|17
|
|t:|1758357550
|move|p2a: Raikou|Calm Mind|p2a: Raikou
|-boost|p2a: Raikou|spa|1
|-boost|p2a: Raikou|spd|1
|move|p1a: Primarina|Draining Kiss|p2a: Raikou
|-damage|p2a: Raikou|37/100
|-heal|p1a: Primarina|55/100|[from] drain|[of] p2a: Raikou
|
|-heal|p2a: Raikou|43/100|[from] Grassy Terrain
|-heal|p2a: Raikou|49/100|[from] item: Leftovers
|-heal|p1a: Primarina|61/100|[from] Grassy Terrain
|upkeep
|turn|18
|
|t:|1758357552
|move|p2a: Raikou|Calm Mind|p2a: Raikou
|-boost|p2a: Raikou|spa|1
|-boost|p2a: Raikou|spd|1
|move|p1a: Primarina|Flip Turn|p2a: Raikou
|-damage|p2a: Raikou|30/100
|
|t:|1758357562
|switch|p1a: Rillaboom|Rillaboom, M|28/100|[from] Flip Turn
|-damage|p1a: Rillaboom|15/100|[from] Stealth Rock
|
|-heal|p2a: Raikou|37/100|[from] Grassy Terrain
|-heal|p2a: Raikou|43/100|[from] item: Leftovers
|-heal|p1a: Rillaboom|22/100|[from] Grassy Terrain
|-fieldend|move: Grassy Terrain
|upkeep
|turn|19
|
|t:|1758357571
|switch|p2a: Dragapult|Dragapult, M|88/100
|-damage|p2a: Dragapult|76/100|[from] Spikes
|-damage|p2a: Dragapult|64/100|[from] Stealth Rock
|switch|p1a: Primarina|Primarina, M, tera:Ground|61/100
|-damage|p1a: Primarina|55/100|[from] Stealth Rock
|
|upkeep
|turn|20
|
|t:|1758357577
|move|p2a: Dragapult|Dragon Pulse|p1a: Primarina
|-damage|p1a: Primarina|27/100
|move|p1a: Primarina|Draining Kiss|p2a: Dragapult
|-supereffective|p2a: Dragapult
|-damage|p2a: Dragapult|0 fnt
|-heal|p1a: Primarina|68/100|[from] drain|[of] p2a: Dragapult
|faint|p2a: Dragapult
|
|upkeep
|
|t:|1758357587
|switch|p2a: Landorus|Landorus-Therian, M|54/100
|-damage|p2a: Landorus|42/100|[from] Stealth Rock
|-ability|p2a: Landorus|Intimidate|boost
|-unboost|p1a: Primarina|atk|1
|turn|21
|
|t:|1758357596
|move|p2a: Landorus|Earthquake|p1a: Primarina
|-damage|p1a: Primarina|2/100
|move|p1a: Primarina|Moonblast|p2a: Landorus
|-damage|p2a: Landorus|0 fnt
|faint|p2a: Landorus
|
|upkeep
|
|t:|1758357599
|switch|p2a: Raikou|Raikou|43/100
|-damage|p2a: Raikou|30/100|[from] Spikes
|-damage|p2a: Raikou|18/100|[from] Stealth Rock
|turn|22
|
|t:|1758357606
|move|p2a: Raikou|Extrasensory|p1a: Primarina
|-damage|p1a: Primarina|0 fnt
|faint|p1a: Primarina
|
|-heal|p2a: Raikou|24/100|[from] item: Leftovers
|upkeep
|
|t:|1758357609
|switch|p1a: Rillaboom|Rillaboom, M|22/100
|-damage|p1a: Rillaboom|9/100|[from] Stealth Rock
|-fieldstart|move: Grassy Terrain|[from] ability: Grassy Surge|[of] p1a: Rillaboom
|turn|23
|-message|FeeDWeeB forfeited.
|
|win|Flame67
|raw|Flame67's rating: 1341 &rarr; <strong>1361</strong><br />(+20 for winning)
|raw|FeeDWeeB's rating: 1346 &rarr; <strong>1326</strong><br />(-20 for losing)
|l|☆FeeDWeeB
|player|p2|
|l|☆Flame67
|player|p1|
|j|☆Flame67
|player|p1|Flame67|102|
|l|☆Flame67
|player|p1|
