|j|☆yfwm
|j|☆WallBreak4
|t:|1758264364
|gametype|singles
|player|p1|yfwm|169|1383
|player|p2|WallBreak4|265|1367
|gen|9
|tier|[Gen 9] OU
|rated|
|rule|HP Percentage Mod: HP is shown in percentages
|rule|Endless Battle Clause: Forcing endless battles is banned
|rule|Species Clause: Limit one of each Pokémon
|rule|OHKO Clause: OHKO moves are banned
|rule|Evasion Items Clause: Evasion items are banned
|rule|Evasion Moves Clause: Evasion moves are banned
|rule|Evasion Abilities Clause: Evasion abilities are banned
|rule|Sleep Moves Clause: Sleep-inducing moves are banned
|clearpoke
|poke|p1|Walking Wake|
|poke|p1|Ninetales, M|
|poke|p1|Landorus-Therian, M|
|poke|p1|Raging Bolt|
|poke|p1|Zamazenta-*|
|poke|p1|Cinderace, M|
|poke|p2|Iron Crown|
|poke|p2|Samurott-Hisui, F|
|poke|p2|Zapdos|
|poke|p2|Dragapult, F|
|poke|p2|Great Tusk|
|poke|p2|Iron Boulder|
|teampreview
|inactive|Battle timer is ON: inactive players will automatically lose when time's up. (requested by yfwm)
|
|t:|1758264385
|teamsize|p1|6
|teamsize|p2|6
|start
|switch|p1a: Zamazenta|Zamazenta|100/100
|switch|p2a: Everytime We Touch|Samurott-Hisui, F|100/100
|-ability|p1a: Zamazenta|Dauntless Shield|boost
|-boost|p1a: Zamazenta|def|1
|turn|1
|
|t:|1758264393
|move|p2a: Everytime We Touch|Flip Turn|p1a: Zamazenta
|-crit|p1a: Zamazenta
|-damage|p1a: Zamazenta|71/100
|
|t:|1758264397
|switch|p2a: Hurikan|Zapdos|100/100|[from] Flip Turn
|move|p1a: Zamazenta|Substitute|p1a: Zamazenta
|-start|p1a: Zamazenta|Substitute
|-damage|p1a: Zamazenta|46/100
|
|-heal|p1a: Zamazenta|52/100|[from] item: Leftovers
|upkeep
|turn|2
|
|t:|1758264405
|move|p1a: Zamazenta|Crunch|p2a: Hurikan
|-damage|p2a: Hurikan|84/100
|-unboost|p2a: Hurikan|def|1
|move|p2a: Hurikan|Hurricane|p1a: Zamazenta
|-supereffective|p1a: Zamazenta
|-end|p1a: Zamazenta|Substitute
|
|-heal|p1a: Zamazenta|58/100|[from] item: Leftovers
|upkeep
|turn|3
|
|t:|1758264414
|switch|p1a: Raging Bolt|Raging Bolt|100/100
|move|p2a: Hurikan|Hurricane|p1a: Raging Bolt
|-resisted|p1a: Raging Bolt
|-damage|p1a: Raging Bolt|82/100
|
|upkeep
|turn|4
|
|t:|1758264428
|switch|p2a: Pump It|Great Tusk|100/100
|move|p1a: Raging Bolt|Draco Meteor|p2a: Pump It
|-damage|p2a: Pump It|0 fnt
|-unboost|p1a: Raging Bolt|spa|2
|faint|p2a: Pump It
|-end|p2a: Pump It|Protosynthesis|[silent]
|-damage|p1a: Raging Bolt|72/100|[from] item: Life Orb
|
|upkeep
|inactive|WallBreak4 has 120 seconds left.
|
|t:|1758264457
|switch|p2a: Parasite|Dragapult, F|100/100
|turn|5
|
|t:|1758264464
|-end|p1a: Raging Bolt|Protosynthesis|[silent]
|switch|p1a: Landorus|Landorus-Therian, M|100/100
|-ability|p1a: Landorus|Intimidate|boost
|-fail|p2a: Parasite|unboost|[from] ability: Clear Body|[of] p2a: Parasite
|move|p2a: Parasite|Dragon Darts|p1a: Landorus
|-damage|p1a: Landorus|65/100
|-anim|p2a: Parasite|Dragon Darts|p1a: Landorus
|-damage|p1a: Landorus|27/100
|-enditem|p1a: Landorus|Sitrus Berry|[eat]
|-heal|p1a: Landorus|52/100|[from] item: Sitrus Berry
|
|upkeep
|turn|6
|
|t:|1758264474
|move|p2a: Parasite|Dragon Darts|p1a: Landorus
|-damage|p1a: Landorus|19/100
|-anim|p2a: Parasite|Dragon Darts|p1a: Landorus
|-damage|p1a: Landorus|0 fnt
|faint|p1a: Landorus
|
|upkeep
|
|t:|1758264484
|switch|p1a: Zamazenta|Zamazenta|58/100
|turn|7
|
|t:|1758264489
|move|p2a: Parasite|Dragon Darts|p1a: Zamazenta
|-damage|p1a: Zamazenta|35/100
|-anim|p2a: Parasite|Dragon Darts|p1a: Zamazenta
|-damage|p1a: Zamazenta|11/100
|move|p1a: Zamazenta|Iron Defense|p1a: Zamazenta
|-boost|p1a: Zamazenta|def|2
|
|-heal|p1a: Zamazenta|17/100|[from] item: Leftovers
|upkeep
|turn|8
|
|t:|1758264497
|-terastallize|p1a: Zamazenta|Fairy
|move|p2a: Parasite|Dragon Darts|p1a: Zamazenta
|-immune|p1a: Zamazenta
|move|p1a: Zamazenta|Crunch|p2a: Parasite
|-supereffective|p2a: Parasite
|-damage|p2a: Parasite|43/100
|
|-heal|p1a: Zamazenta|23/100|[from] item: Leftovers
|upkeep
|turn|9
|
|t:|1758264506
|switch|p2a: Mindreader|Iron Crown|100/100
|move|p1a: Zamazenta|Crunch|p2a: Mindreader
|-supereffective|p2a: Mindreader
|-damage|p2a: Mindreader|53/100
|-unboost|p2a: Mindreader|def|1
|
|-heal|p1a: Zamazenta|29/100|[from] item: Leftovers
|upkeep
|turn|10
|
|t:|1758264515
|move|p1a: Zamazenta|Body Press|p2a: Mindreader
|-damage|p2a: Mindreader|0 fnt
|faint|p2a: Mindreader
|-end|p2a: Mindreader|Quark Drive|[silent]
|
|-heal|p1a: Zamazenta|35/100|[from] item: Leftovers
|upkeep
|
|t:|1758264538
|switch|p2a: Hurikan|Zapdos|84/100
|turn|11
|
|t:|1758264546
|switch|p1a: Raging Bolt|Raging Bolt|72/100
|move|p2a: Hurikan|Hurricane|p1a: Raging Bolt
|-resisted|p1a: Raging Bolt
|-damage|p1a: Raging Bolt|53/100
|
|upkeep
|turn|12
|
|t:|1758264554
|move|p2a: Hurikan|U-turn|p1a: Raging Bolt
|-damage|p1a: Raging Bolt|41/100
|
|t:|1758264561
|switch|p2a: Everytime We Touch|Samurott-Hisui, F|100/100|[from] U-turn
|move|p1a: Raging Bolt|Draco Meteor|p2a: Everytime We Touch
|-damage|p2a: Everytime We Touch|0 fnt
|-unboost|p1a: Raging Bolt|spa|2
|faint|p2a: Everytime We Touch
|-damage|p1a: Raging Bolt|31/100|[from] item: Life Orb
|
|upkeep
|
|t:|1758264581
|switch|p2a: Revery|Iron Boulder|100/100
|-enditem|p2a: Revery|Booster Energy
|-activate|p2a: Revery|ability: Quark Drive|[fromitem]
|-start|p2a: Revery|quarkdrivespe
|turn|13
|
|t:|1758264590
|-end|p1a: Raging Bolt|Protosynthesis|[silent]
|switch|p1a: Walking Wake|Walking Wake|100/100
|move|p2a: Revery|Mighty Cleave|p1a: Walking Wake
|-damage|p1a: Walking Wake|51/100
|
|upkeep
|turn|14
|
|t:|1758264600
|move|p2a: Revery|Mighty Cleave|p1a: Walking Wake
|-damage|p1a: Walking Wake|0 fnt
|faint|p1a: Walking Wake
|-end|p1a: Walking Wake|Protosynthesis|[silent]
|
|upkeep
|
|t:|1758264606
|switch|p1a: Zamazenta|Zamazenta, tera:Fairy|35/100
|turn|15
|
|t:|1758264614
|move|p2a: Revery|Mighty Cleave|p1a: Zamazenta
|-damage|p1a: Zamazenta|4/100
|move|p1a: Zamazenta|Iron Defense|p1a: Zamazenta
|-boost|p1a: Zamazenta|def|2
|
|-heal|p1a: Zamazenta|10/100|[from] item: Leftovers
|upkeep
|turn|16
|
|t:|1758264624
|move|p2a: Revery|Mighty Cleave|p1a: Zamazenta
|-damage|p1a: Zamazenta|0 fnt
|faint|p1a: Zamazenta
|
|upkeep
|
|t:|1758264629
|switch|p1a: Ninetales|Ninetales, M|100/100
|-weather|SunnyDay|[from] ability: Drought|[of] p1a: Ninetales
|turn|17
|
|t:|1758264633
|move|p2a: Revery|Mighty Cleave|p1a: Ninetales
|-supereffective|p1a: Ninetales
|-damage|p1a: Ninetales|0 fnt
|faint|p1a: Ninetales
|
|-weather|SunnyDay|[upkeep]
|upkeep
|
|t:|1758264636
|switch|p1a: Raging Bolt|Raging Bolt|31/100
|-activate|p1a: Raging Bolt|ability: Protosynthesis
|-start|p1a: Raging Bolt|protosynthesisspa
|turn|18
|
|t:|1758264645
|move|p2a: Revery|Mighty Cleave|p1a: Raging Bolt
|-damage|p1a: Raging Bolt|0 fnt
|faint|p1a: Raging Bolt
|-end|p1a: Raging Bolt|Protosynthesis|[silent]
|
|-weather|SunnyDay|[upkeep]
|upkeep
|
|t:|1758264647
|switch|p1a: Cinderace|Cinderace, M|100/100
|turn|19
|
|t:|1758264652
|move|p2a: Revery|Mighty Cleave|p1a: Cinderace
|-supereffective|p1a: Cinderace
|-damage|p1a: Cinderace|0 fnt
|faint|p1a: Cinderace
|
|win|WallBreak4
|raw|yfwm's rating: 1383 &rarr; <strong>1362</strong><br />(-21 for losing)
|raw|WallBreak4's rating: 1367 &rarr; <strong>1388</strong><br />(+21 for winning)
|l|☆yfwm
|player|p1|
|c|☆WallBreak4|gg
