|j|☆participationsux
|j|☆Dylphin
|t:|1758343323
|gametype|singles
|player|p1|participationsux|winona|1351
|player|p2|Dylphin|sailor|1312
|gen|9
|tier|[Gen 9] OU
|rated|
|rule|HP Percentage Mod: HP is shown in percentages
|rule|Endless Battle Clause: Forcing endless battles is banned
|rule|Species Clause: Limit one of each Pokémon
|rule|OHKO Clause: OHKO moves are banned
|rule|Evasion Items Clause: Evasion items are banned
|rule|Evasion Moves Clause: Evasion moves are banned
|rule|Evasion Abilities Clause: Evasion abilities are banned
|rule|Sleep Moves Clause: Sleep-inducing moves are banned
|clearpoke
|poke|p1|Gholdengo|
|poke|p1|Darkrai|
|poke|p1|Iron Valiant|
|poke|p1|Glimmora, M|
|poke|p1|Kingambit, F|
|poke|p1|Dragonite, F|
|poke|p2|Azumarill, F|
|poke|p2|Dragonite, F|
|poke|p2|Raging Bolt|
|poke|p2|Cinderace, M|
|poke|p2|Iron Jugulis|
|poke|p2|Gholdengo|
|teampreview
|inactive|Battle timer is ON: inactive players will automatically lose when time's up. (requested by Dylphin)
|
|t:|1758343325
|teamsize|p1|6
|teamsize|p2|6
|start
|switch|p1a: Glimmora|Glimmora, M|100/100
|switch|p2a: iJugs|Iron Jugulis|100/100
|turn|1
|
|t:|1758343330
|move|p2a: iJugs|Earth Power|p1a: Glimmora
|-supereffective|p1a: Glimmora
|-enditem|p1a: Glimmora|Focus Sash
|-damage|p1a: Glimmora|1/100
|move|p1a: Glimmora|Stealth Rock|p2a: iJugs
|-sidestart|p2: Dylphin|move: Stealth Rock
|
|upkeep
|turn|2
|
|t:|1758343358
|move|p2a: iJugs|Charge Beam|p1a: Glimmora
|-damage|p1a: Glimmora|0 fnt
|-boost|p2a: iJugs|spa|1
|faint|p1a: Glimmora
|
|upkeep
|
|t:|1758343375
|switch|p1a: Darkrai|Darkrai|100/100
|turn|3
|
|t:|1758343379
|move|p1a: Darkrai|Ice Beam|p2a: iJugs
|-supereffective|p2a: iJugs
|-damage|p2a: iJugs|21/100
|move|p2a: iJugs|Focus Blast|p1a: Darkrai|[miss]
|-miss|p2a: iJugs|p1a: Darkrai
|
|upkeep
|turn|4
|
|t:|1758343388
|move|p1a: Darkrai|Ice Beam|p2a: iJugs
|-supereffective|p2a: iJugs
|-damage|p2a: iJugs|0 fnt
|faint|p2a: iJugs
|-end|p2a: iJugs|Quark Drive|[silent]
|
|upkeep
|
|t:|1758343393
|switch|p2a: Bugs|Cinderace, M|100/100
|turn|5
|
|t:|1758343397
|move|p1a: Darkrai|Dark Pulse|p2a: Bugs
|-damage|p2a: Bugs|36/100
|cant|p2a: Bugs|flinch
|
|upkeep
|turn|6
|
|t:|1758343402
|move|p1a: Darkrai|Dark Pulse|p2a: Bugs
|-damage|p2a: Bugs|0 fnt
|faint|p2a: Bugs
|
|upkeep
|
|t:|1758343405
|switch|p2a: Neverender|Raging Bolt|100/100
|-damage|p2a: Neverender|88/100|[from] Stealth Rock
|-enditem|p2a: Neverender|Booster Energy
|-activate|p2a: Neverender|ability: Protosynthesis|[fromitem]
|-start|p2a: Neverender|protosynthesisspa
|turn|7
|
|t:|1758343408
|move|p1a: Darkrai|Ice Beam|p2a: Neverender
|-supereffective|p2a: Neverender
|-damage|p2a: Neverender|36/100
|move|p2a: Neverender|Thunderbolt|p1a: Darkrai
|-damage|p1a: Darkrai|13/100
|
|upkeep
|turn|8
|
|t:|1758343415
|move|p2a: Neverender|Thunderclap||[still]
|-fail|p2a: Neverender
|move|p1a: Darkrai|Nasty Plot|p1a: Darkrai
|-boost|p1a: Darkrai|spa|2
|
|upkeep
|turn|9
|
|t:|1758343417
|move|p2a: Neverender|Thunderclap||[still]
|-fail|p2a: Neverender
|move|p1a: Darkrai|Nasty Plot|p1a: Darkrai
|-boost|p1a: Darkrai|spa|2
|
|upkeep
|turn|10
|
|t:|1758343418
|move|p2a: Neverender|Thunderclap||[still]
|-fail|p2a: Neverender
|move|p1a: Darkrai|Nasty Plot|p1a: Darkrai
|-boost|p1a: Darkrai|spa|2
|
|upkeep
|turn|11
|
|t:|1758343420
|move|p2a: Neverender|Thunderclap||[still]
|-fail|p2a: Neverender
|move|p1a: Darkrai|Nasty Plot|p1a: Darkrai
|-boost|p1a: Darkrai|spa|0
|
|upkeep
|turn|12
|
|t:|1758343421
|move|p2a: Neverender|Thunderclap|p1a: Darkrai
|-damage|p1a: Darkrai|0 fnt
|faint|p1a: Darkrai
|
|upkeep
|
|t:|1758343423
|switch|p1a: Dragonite|Dragonite, F|100/100
|turn|13
|
|t:|1758343424
|move|p1a: Dragonite|Encore|p2a: Neverender
|-start|p2a: Neverender|Encore
|move|p2a: Neverender|Thunderclap||[still]
|-fail|p2a: Neverender
|
|upkeep
|turn|14
|
|t:|1758343435
|-end|p2a: Neverender|Protosynthesis|[silent]
|switch|p2a: Apple Jack|Gholdengo|100/100
|-damage|p2a: Apple Jack|94/100|[from] Stealth Rock
|move|p1a: Dragonite|Dragon Dance|p1a: Dragonite
|-boost|p1a: Dragonite|atk|1
|-boost|p1a: Dragonite|spe|1
|
|upkeep
|turn|15
|
|t:|1758343438
|move|p2a: Apple Jack|Trick|p1a: Dragonite
|-activate|p2a: Apple Jack|move: Trick|[of] p1a: Dragonite
|-item|p1a: Dragonite|Choice Scarf|[from] move: Trick
|-item|p2a: Apple Jack|Loaded Dice|[from] move: Trick
|move|p1a: Dragonite|Fire Punch|p2a: Apple Jack
|-supereffective|p2a: Apple Jack
|-damage|p2a: Apple Jack|1/100
|
|upkeep
|turn|16
|
|t:|1758343445
|move|p1a: Dragonite|Fire Punch|p2a: Apple Jack
|-supereffective|p2a: Apple Jack
|-damage|p2a: Apple Jack|0 fnt
|faint|p2a: Apple Jack
|
|upkeep
|
|t:|1758343446
|switch|p2a: Neverender|Raging Bolt|36/100
|-damage|p2a: Neverender|23/100|[from] Stealth Rock
|turn|17
|
|t:|1758343460
|move|p1a: Dragonite|Fire Punch|p2a: Neverender
|-resisted|p2a: Neverender
|-damage|p2a: Neverender|6/100
|move|p2a: Neverender|Thunderbolt|p1a: Dragonite
|-crit|p1a: Dragonite
|-damage|p1a: Dragonite|55/100
|
|upkeep
|turn|18
|
|t:|1758343463
|move|p2a: Neverender|Thunderclap|p1a: Dragonite
|-damage|p1a: Dragonite|8/100
|move|p1a: Dragonite|Fire Punch|p2a: Neverender
|-resisted|p2a: Neverender
|-damage|p2a: Neverender|0 fnt
|faint|p2a: Neverender
|-end|p2a: Neverender|Protosynthesis|[silent]
|
|upkeep
|
|t:|1758343465
|switch|p2a: Bring da Boom|Azumarill, F, shiny|100/100
|-damage|p2a: Bring da Boom|88/100|[from] Stealth Rock
|turn|19
|
|t:|1758343470
|switch|p1a: Iron Valiant|Iron Valiant|100/100
|-enditem|p1a: Iron Valiant|Booster Energy
|-activate|p1a: Iron Valiant|ability: Quark Drive|[fromitem]
|-start|p1a: Iron Valiant|quarkdrivespe
|move|p2a: Bring da Boom|Belly Drum|p2a: Bring da Boom
|-damage|p2a: Bring da Boom|38/100
|-setboost|p2a: Bring da Boom|atk|6|[from] move: Belly Drum
|-enditem|p2a: Bring da Boom|Sitrus Berry|[eat]
|-heal|p2a: Bring da Boom|63/100|[from] item: Sitrus Berry
|
|upkeep
|turn|20
|
|t:|1758343473
|move|p2a: Bring da Boom|Aqua Jet|p1a: Iron Valiant
|-damage|p1a: Iron Valiant|0 fnt
|faint|p1a: Iron Valiant
|-end|p1a: Iron Valiant|Quark Drive|[silent]
|
|upkeep
|
|t:|1758343476
|switch|p1a: Gholdengo|Gholdengo|100/100
|-item|p1a: Gholdengo|Air Balloon
|turn|21
|
|t:|1758343481
|move|p2a: Bring da Boom|Aqua Jet|p1a: Gholdengo
|-damage|p1a: Gholdengo|0 fnt
|-enditem|p1a: Gholdengo|Air Balloon
|faint|p1a: Gholdengo
|
|upkeep
|
|t:|1758343483
|switch|p1a: Kingambit|Kingambit, F|100/100
|-activate|p1a: Kingambit|ability: Supreme Overlord
|-start|p1a: Kingambit|fallen4|[silent]
|turn|22
|
|t:|1758343485
|-terastallize|p1a: Kingambit|Dark
|move|p2a: Bring da Boom|Aqua Jet|p1a: Kingambit
|-damage|p1a: Kingambit|21/100
|move|p1a: Kingambit|Kowtow Cleave|p2a: Bring da Boom
|-resisted|p2a: Bring da Boom
|-damage|p2a: Bring da Boom|7/100
|
|upkeep
|turn|23
|
|t:|1758343491
|move|p1a: Kingambit|Sucker Punch|p2a: Bring da Boom
|-resisted|p2a: Bring da Boom
|-damage|p2a: Bring da Boom|0 fnt
|faint|p2a: Bring da Boom
|
|upkeep
|
|t:|1758343492
|switch|p2a: Puff|Dragonite, F|100/100
|turn|24
|
|t:|1758343496
|move|p2a: Puff|Dragon Dance|p2a: Puff
|-boost|p2a: Puff|atk|1
|-boost|p2a: Puff|spe|1
|move|p1a: Kingambit|Kowtow Cleave|p2a: Puff
|-damage|p2a: Puff|44/100
|
|upkeep
|turn|25
|
|t:|1758343499
|-terastallize|p2a: Puff|Normal
|move|p2a: Puff|Extreme Speed|p1a: Kingambit
|-damage|p1a: Kingambit|0 fnt
|faint|p1a: Kingambit
|-end|p1a: Kingambit|fallen4|[silent]
|
|upkeep
|-message|participationsux forfeited.
|
|win|Dylphin
|raw|participationsux's rating: 1366 &rarr; <strong>1343</strong><br />(-23 for losing)
|raw|Dylphin's rating: 1312 &rarr; <strong>1335</strong><br />(+23 for winning)
|l|☆participationsux
|player|p1|
|l|☆Dylphin
|player|p2|
