|j|☆Sweet N Meek
|j|☆Sodomylover01
|t:|1758237529
|gametype|singles
|player|p1|Sweet N Meek|101|1047
|player|p2|Sodomylover01|cynthia-gen4|1000
|gen|9
|tier|[Gen 9] OU
|rated|
|rule|HP Percentage Mod: HP is shown in percentages
|rule|Endless Battle Clause: Forcing endless battles is banned
|rule|Species Clause: Limit one of each Pokémon
|rule|OHKO Clause: OHKO moves are banned
|rule|Evasion Items Clause: Evasion items are banned
|rule|Evasion Moves Clause: Evasion moves are banned
|rule|Evasion Abilities Clause: Evasion abilities are banned
|rule|Sleep Moves Clause: Sleep-inducing moves are banned
|clearpoke
|poke|p1|Overqwil, M|
|poke|p1|Rillaboom, M|
|poke|p1|Pelipper, F|
|poke|p1|Gligar, M|
|poke|p1|Gholdengo|
|poke|p1|Iron Valiant|
|poke|p2|Hydrapple, M|
|poke|p2|Tinkaton, F|
|poke|p2|Moltres|
|poke|p2|Rotom-Wash|
|poke|p2|Great Tusk|
|poke|p2|Darkrai|
|teampreview
|c|☆Sodomylover01|Glhf!
|inactive|Battle timer is ON: inactive players will automatically lose when time's up. (requested by Sweet N Meek)
|
|t:|1758237555
|teamsize|p1|6
|teamsize|p2|6
|start
|switch|p1a: Rillaboom|Rillaboom, M, shiny|100/100
|switch|p2a: Tinkaton|Tinkaton, F|100/100
|-ability|p2a: Tinkaton|Mold Breaker
|-fieldstart|move: Grassy Terrain|[from] ability: Grassy Surge|[of] p1a: Rillaboom
|turn|1
|
|t:|1758237583
|move|p2a: Tinkaton|Stealth Rock|p1a: Rillaboom
|-sidestart|p1: Sweet N Meek|move: Stealth Rock
|move|p1a: Rillaboom|High Horsepower|p2a: Tinkaton
|-supereffective|p2a: Tinkaton
|-damage|p2a: Tinkaton|25/100
|
|-heal|p2a: Tinkaton|32/100|[from] Grassy Terrain
|-heal|p2a: Tinkaton|38/100|[from] item: Leftovers
|upkeep
|turn|2
|
|t:|1758237595
|switch|p2a: Moltres|Moltres|100/100
|switch|p1a: Gligar|Gligar, M, shiny|100/100
|-damage|p1a: Gligar|88/100|[from] Stealth Rock
|
|upkeep
|turn|3
|
|t:|1758237604
|move|p1a: Gligar|Taunt|p2a: Moltres
|-start|p2a: Moltres|move: Taunt
|move|p2a: Moltres|U-turn|p1a: Gligar
|-resisted|p1a: Gligar
|-damage|p1a: Gligar|83/100
|
|t:|1758237609
|switch|p2a: Darkrai|Darkrai|100/100|[from] U-turn
|
|upkeep
|turn|4
|inactive|Sweet N Meek has 120 seconds left.
|
|t:|1758237652
|switch|p1a: Pelipper|Pelipper, F, shiny|100/100
|-weather|RainDance|[from] ability: Drizzle|[of] p1a: Pelipper
|move|p2a: Darkrai|Thunder Wave|p1a: Pelipper|[miss]
|-miss|p2a: Darkrai|p1a: Pelipper
|
|-weather|RainDance|[upkeep]
|upkeep
|turn|5
|
|t:|1758237667
|move|p2a: Darkrai|Thunder Wave|p1a: Pelipper
|-status|p1a: Pelipper|par
|cant|p1a: Pelipper|par
|
|-weather|RainDance|[upkeep]
|-fieldend|move: Grassy Terrain
|upkeep
|turn|6
|
|t:|1758237673
|move|p2a: Darkrai|Nasty Plot|p2a: Darkrai
|-boost|p2a: Darkrai|spa|2
|move|p1a: Pelipper|U-turn|p2a: Darkrai
|-supereffective|p2a: Darkrai
|-damage|p2a: Darkrai|80/100
|
|t:|1758237694
|switch|p1a: Overqwil|Overqwil, M, shiny|100/100|[from] U-turn
|-damage|p1a: Overqwil|88/100|[from] Stealth Rock
|-ability|p1a: Overqwil|Intimidate|boost
|-unboost|p2a: Darkrai|atk|1
|
|-weather|RainDance|[upkeep]
|-heal|p2a: Darkrai|86/100|[from] item: Leftovers
|-heal|p1a: Overqwil|94/100|[from] item: Leftovers
|upkeep
|turn|7
|
|t:|1758237703
|move|p2a: Darkrai|Thunder Wave|p1a: Overqwil
|-status|p1a: Overqwil|par
|move|p1a: Overqwil|Gunk Shot|p2a: Darkrai
|-damage|p2a: Darkrai|6/100
|
|-weather|RainDance|[upkeep]
|-heal|p2a: Darkrai|12/100|[from] item: Leftovers
|-heal|p1a: Overqwil|99/100 par|[from] item: Leftovers
|upkeep
|turn|8
|
|t:|1758237713
|move|p2a: Darkrai|Dark Pulse|p1a: Overqwil
|-resisted|p1a: Overqwil
|-damage|p1a: Overqwil|44/100 par
|cant|p1a: Overqwil|flinch
|
|-weather|none
|-heal|p2a: Darkrai|18/100|[from] item: Leftovers
|-heal|p1a: Overqwil|50/100 par|[from] item: Leftovers
|upkeep
|turn|9
|
|t:|1758237732
|move|p2a: Darkrai|Ice Beam|p1a: Overqwil
|-damage|p1a: Overqwil|0 fnt
|faint|p1a: Overqwil
|
|-heal|p2a: Darkrai|24/100|[from] item: Leftovers
|upkeep
|
|t:|1758237738
|switch|p1a: Rillaboom|Rillaboom, M, shiny|100/100
|-damage|p1a: Rillaboom|88/100|[from] Stealth Rock
|-fieldstart|move: Grassy Terrain|[from] ability: Grassy Surge|[of] p1a: Rillaboom
|turn|10
|
|t:|1758237745
|switch|p2a: Moltres|Moltres|100/100
|move|p1a: Rillaboom|Grassy Glide|p2a: Moltres
|-resisted|p2a: Moltres
|-damage|p2a: Moltres|91/100
|
|-heal|p1a: Rillaboom|94/100|[from] Grassy Terrain
|upkeep
|turn|11
|
|t:|1758237761
|switch|p1a: Pelipper|Pelipper, F, shiny|100/100 par
|-weather|RainDance|[from] ability: Drizzle|[of] p1a: Pelipper
|move|p2a: Moltres|U-turn|p1a: Pelipper
|-resisted|p1a: Pelipper
|-damage|p1a: Pelipper|94/100 par
|
|t:|1758237767
|switch|p2a: Rotom|Rotom-Wash|100/100|[from] U-turn
|
|-weather|RainDance|[upkeep]
|upkeep
|turn|12
|
|t:|1758237786
|switch|p1a: Gligar|Gligar, M, shiny|83/100
|-damage|p1a: Gligar|71/100|[from] Stealth Rock
|move|p2a: Rotom|Hydro Pump|p1a: Gligar
|-supereffective|p1a: Gligar
|-damage|p1a: Gligar|0 fnt
|faint|p1a: Gligar
|
|-weather|RainDance|[upkeep]
|upkeep
|
|t:|1758237794
|switch|p1a: Gholdengo|Gholdengo|100/100
|-damage|p1a: Gholdengo|94/100|[from] Stealth Rock
|-item|p1a: Gholdengo|Air Balloon
|turn|13
|
|t:|1758237813
|-terastallize|p1a: Gholdengo|Ghost
|move|p1a: Gholdengo|Shadow Ball|p2a: Rotom
|-damage|p2a: Rotom|43/100
|move|p2a: Rotom|Volt Switch|p1a: Gholdengo
|-damage|p1a: Gholdengo|65/100
|-enditem|p1a: Gholdengo|Air Balloon
|
|t:|1758237823
|switch|p2a: Darkrai|Darkrai|24/100|[from] Volt Switch
|
|-weather|RainDance|[upkeep]
|-heal|p2a: Darkrai|30/100|[from] Grassy Terrain
|-heal|p2a: Darkrai|36/100|[from] item: Leftovers
|-heal|p1a: Gholdengo|71/100|[from] Grassy Terrain
|upkeep
|turn|14
|inactive|Sweet N Meek has 90 seconds left.
|inactive|Sweet N Meek has 60 seconds left.
|inactive|Sweet N Meek has 30 seconds left.
|inactive|Sweet N Meek has 20 seconds left.
|c|☆Sodomylover01|You there?
|inactive|Sweet N Meek has 15 seconds left.
|inactive|Sweet N Meek has 10 seconds left.
|inactive|Sweet N Meek has 5 seconds left.
|-message|Sweet N Meek lost due to inactivity.
|
|win|Sodomylover01
|raw|Sweet N Meek's rating: 1047 &rarr; <strong>1028</strong><br />(-19 for losing)
|raw|Sodomylover01's rating: 1000 &rarr; <strong>1045</strong><br />(+45 for winning)
