|j|☆daksh55
|j|☆Slave of Freedom
|t:|1758278403
|gametype|singles
|player|p1|daksh55|1|1317
|player|p2|Slave of Freedom|burnet|1331
|gen|9
|tier|[Gen 9] OU
|rated|
|rule|HP Percentage Mod: HP is shown in percentages
|rule|Endless Battle Clause: Forcing endless battles is banned
|rule|Species Clause: Limit one of each Pokémon
|rule|OHKO Clause: OHKO moves are banned
|rule|Evasion Items Clause: Evasion items are banned
|rule|Evasion Moves Clause: Evasion moves are banned
|rule|Evasion Abilities Clause: Evasion abilities are banned
|rule|Sleep Moves Clause: Sleep-inducing moves are banned
|clearpoke
|poke|p1|Cobalion|
|poke|p1|Gardevoir, F|
|poke|p1|Garchomp, M|
|poke|p1|Dragonite, F|
|poke|p1|Entei|
|poke|p1|Tsareena, F|
|poke|p2|Ribombee, M|
|poke|p2|Great Tusk|
|poke|p2|Gholdengo|
|poke|p2|Manaphy|
|poke|p2|Kingambit, F|
|poke|p2|Iron Valiant|
|teampreview
|
|t:|1758278424
|teamsize|p1|6
|teamsize|p2|6
|start
|switch|p1a: Cobalion|Cobalion|100/100
|switch|p2a: Ribombee|Ribombee, M, shiny|100/100
|turn|1
|
|t:|1758278426
|move|p2a: Ribombee|Sticky Web|p1a: Cobalion
|-sidestart|p1: daksh55|move: Sticky Web
|move|p1a: Cobalion|Taunt|p2a: Ribombee
|-start|p2a: Ribombee|move: Taunt
|
|upkeep
|turn|2
|
|t:|1758278432
|switch|p1a: Tsareena|Tsareena, F|100/100
|-activate|p1a: Tsareena|move: Sticky Web
|-unboost|p1a: Tsareena|spe|1
|move|p2a: Ribombee|Moonblast|p1a: Tsareena
|-damage|p1a: Tsareena|78/100
|-unboost|p1a: Tsareena|spa|1
|
|upkeep
|turn|3
|
|t:|1758278436
|move|p2a: Ribombee|Moonblast|p1a: Tsareena
|-damage|p1a: Tsareena|55/100
|-unboost|p1a: Tsareena|spa|1
|move|p1a: Tsareena|Rapid Spin|p2a: Ribombee
|-damage|p2a: Ribombee|77/100
|-boost|p1a: Tsareena|spe|1
|-sideend|p1: daksh55|Sticky Web|[from] move: Rapid Spin|[of] p1a: Tsareena
|
|upkeep
|turn|4
|
|t:|1758278444
|move|p2a: Ribombee|Psychic Noise|p1a: Tsareena
|-damage|p1a: Tsareena|43/100
|-start|p1a: Tsareena|move: Heal Block
|move|p1a: Tsareena|Triple Axel|p2a: Ribombee
|-damage|p2a: Ribombee|66/100
|-damage|p2a: Ribombee|48/100
|-damage|p2a: Ribombee|19/100
|-hitcount|p2a: Ribombee|3
|
|-end|p2a: Ribombee|move: Taunt
|upkeep
|turn|5
|
|t:|1758278453
|move|p2a: Ribombee|Sticky Web|p1a: Tsareena
|-sidestart|p1: daksh55|move: Sticky Web
|move|p1a: Tsareena|Knock Off|p2a: Ribombee
|-resisted|p2a: Ribombee
|-crit|p2a: Ribombee
|-damage|p2a: Ribombee|0 fnt
|-enditem|p2a: Ribombee|Focus Sash|[from] move: Knock Off|[of] p1a: Tsareena
|faint|p2a: Ribombee
|
|-end|p1a: Tsareena|move: Heal Block
|upkeep
|
|t:|1758278457
|switch|p2a: Iron Valiant|Iron Valiant|100/100
|-enditem|p2a: Iron Valiant|Booster Energy
|-activate|p2a: Iron Valiant|ability: Quark Drive|[fromitem]
|-start|p2a: Iron Valiant|quarkdrivespe
|turn|6
|
|t:|1758278474
|switch|p1a: Entei|Entei|100/100
|-activate|p1a: Entei|move: Sticky Web
|-unboost|p1a: Entei|spe|1
|move|p2a: Iron Valiant|Moonblast|p1a: Entei
|-resisted|p1a: Entei
|-damage|p1a: Entei|73/100
|
|upkeep
|turn|7
|
|t:|1758278480
|move|p1a: Entei|Extreme Speed|p2a: Iron Valiant
|-damage|p2a: Iron Valiant|42/100
|move|p2a: Iron Valiant|Close Combat|p1a: Entei
|-damage|p1a: Entei|22/100
|-unboost|p2a: Iron Valiant|def|1
|-unboost|p2a: Iron Valiant|spd|1
|
|upkeep
|turn|8
|
|t:|1758278485
|move|p1a: Entei|Extreme Speed|p2a: Iron Valiant
|-damage|p2a: Iron Valiant|0 fnt
|faint|p2a: Iron Valiant
|-end|p2a: Iron Valiant|Quark Drive|[silent]
|
|upkeep
|
|t:|1758278488
|switch|p2a: Gholdengo|Gholdengo, shiny|100/100
|-item|p2a: Gholdengo|Air Balloon
|turn|9
|
|t:|1758278505
|switch|p1a: Gardevoir|Gardevoir, F|100/100
|-activate|p1a: Gardevoir|move: Sticky Web
|-unboost|p1a: Gardevoir|spe|1
|-ability|p1a: Gardevoir|Good as Gold|Trace|[from] ability: Trace|[of] p2a: Gholdengo
|move|p2a: Gholdengo|Shadow Ball|p1a: Gardevoir
|-supereffective|p1a: Gardevoir
|-damage|p1a: Gardevoir|4/100
|
|upkeep
|turn|10
|
|t:|1758278511
|move|p2a: Gholdengo|Shadow Ball|p1a: Gardevoir
|-supereffective|p1a: Gardevoir
|-damage|p1a: Gardevoir|0 fnt
|faint|p1a: Gardevoir
|
|upkeep
|
|t:|1758278527
|switch|p1a: Garchomp|Garchomp, M|100/100
|-activate|p1a: Garchomp|move: Sticky Web
|-unboost|p1a: Garchomp|spe|1
|turn|11
|
|t:|1758278533
|move|p2a: Gholdengo|Nasty Plot|p2a: Gholdengo
|-boost|p2a: Gholdengo|spa|2
|move|p1a: Garchomp|Dragon Tail|p2a: Gholdengo
|-resisted|p2a: Gholdengo
|-damage|p2a: Gholdengo|86/100
|-enditem|p2a: Gholdengo|Air Balloon
|drag|p2a: Kingambit|Kingambit, F|100/100
|-activate|p2a: Kingambit|ability: Supreme Overlord
|-start|p2a: Kingambit|fallen2|[silent]
|-item|p2a: Kingambit|Air Balloon
|
|upkeep
|turn|12
|
|t:|1758278539
|move|p2a: Kingambit|Kowtow Cleave|p1a: Garchomp
|-crit|p1a: Garchomp
|-damage|p1a: Garchomp|50/100
|-damage|p2a: Kingambit|88/100|[from] ability: Rough Skin|[of] p1a: Garchomp
|-damage|p2a: Kingambit|72/100|[from] item: Rocky Helmet|[of] p1a: Garchomp
|move|p1a: Garchomp|Earthquake|p2a: Kingambit
|-immune|p2a: Kingambit
|
|upkeep
|turn|13
|
|t:|1758278560
|move|p2a: Kingambit|Kowtow Cleave|p1a: Garchomp
|-damage|p1a: Garchomp|18/100
|-damage|p2a: Kingambit|59/100|[from] ability: Rough Skin|[of] p1a: Garchomp
|-damage|p2a: Kingambit|43/100|[from] item: Rocky Helmet|[of] p1a: Garchomp
|move|p1a: Garchomp|Stealth Rock|p2a: Kingambit
|-sidestart|p2: Slave of Freedom|move: Stealth Rock
|
|upkeep
|turn|14
|
|t:|1758278569
|move|p2a: Kingambit|Kowtow Cleave|p1a: Garchomp
|-damage|p1a: Garchomp|0 fnt
|-damage|p2a: Kingambit|31/100|[from] ability: Rough Skin|[of] p1a: Garchomp
|-damage|p2a: Kingambit|14/100|[from] item: Rocky Helmet|[of] p1a: Garchomp
|faint|p1a: Garchomp
|
|upkeep
|
|t:|1758278574
|switch|p1a: Entei|Entei|22/100
|-activate|p1a: Entei|move: Sticky Web
|-unboost|p1a: Entei|spe|1
|turn|15
|
|t:|1758278578
|move|p1a: Entei|Extreme Speed|p2a: Kingambit
|-resisted|p2a: Kingambit
|-damage|p2a: Kingambit|0 fnt
|-enditem|p2a: Kingambit|Air Balloon
|faint|p2a: Kingambit
|-end|p2a: Kingambit|fallen2|[silent]
|
|upkeep
|
|t:|1758278583
|switch|p2a: Gholdengo|Gholdengo, shiny|86/100
|-damage|p2a: Gholdengo|80/100|[from] Stealth Rock
|turn|16
|
|t:|1758278592
|switch|p1a: Cobalion|Cobalion|100/100
|-activate|p1a: Cobalion|move: Sticky Web
|-unboost|p1a: Cobalion|spe|1
|move|p2a: Gholdengo|Shadow Ball|p1a: Cobalion
|-damage|p1a: Cobalion|43/100
|
|-heal|p1a: Cobalion|49/100|[from] item: Leftovers
|upkeep
|turn|17
|
|t:|1758278602
|move|p2a: Gholdengo|Shadow Ball|p1a: Cobalion
|-damage|p1a: Cobalion|0 fnt
|faint|p1a: Cobalion
|
|upkeep
|
|t:|1758278604
|switch|p1a: Tsareena|Tsareena, F|43/100
|-activate|p1a: Tsareena|move: Sticky Web
|-unboost|p1a: Tsareena|spe|1
|turn|18
|
|t:|1758278612
|move|p2a: Gholdengo|Shadow Ball|p1a: Tsareena
|-damage|p1a: Tsareena|11/100
|move|p1a: Tsareena|Knock Off|p2a: Gholdengo
|-supereffective|p2a: Gholdengo
|-damage|p2a: Gholdengo|27/100
|
|upkeep
|turn|19
|
|t:|1758278622
|switch|p1a: Entei|Entei|22/100
|-activate|p1a: Entei|move: Sticky Web
|-unboost|p1a: Entei|spe|1
|move|p2a: Gholdengo|Shadow Ball|p1a: Entei
|-damage|p1a: Entei|0 fnt
|faint|p1a: Entei
|
|upkeep
|
|t:|1758278630
|switch|p1a: Dragonite|Dragonite, F|100/100
|turn|20
|
|t:|1758278634
|move|p2a: Gholdengo|Dazzling Gleam|p1a: Dragonite
|-supereffective|p1a: Dragonite
|-damage|p1a: Dragonite|73/100
|move|p1a: Dragonite|Dragon Dance|p1a: Dragonite
|-boost|p1a: Dragonite|atk|1
|-boost|p1a: Dragonite|spe|1
|
|upkeep
|turn|21
|
|t:|1758278638
|move|p1a: Dragonite|Earthquake|p2a: Gholdengo
|-supereffective|p2a: Gholdengo
|-damage|p2a: Gholdengo|0 fnt
|faint|p2a: Gholdengo
|
|upkeep
|
|t:|1758278641
|switch|p2a: Great Tusk|Great Tusk|100/100
|-damage|p2a: Great Tusk|98/100|[from] Stealth Rock
|-enditem|p2a: Great Tusk|Booster Energy
|-activate|p2a: Great Tusk|ability: Protosynthesis|[fromitem]
|-start|p2a: Great Tusk|protosynthesisatk
|turn|22
|
|t:|1758278647
|-terastallize|p2a: Great Tusk|Ghost
|move|p1a: Dragonite|Outrage|p2a: Great Tusk
|-damage|p2a: Great Tusk|23/100
|move|p2a: Great Tusk|Head Smash|p1a: Dragonite
|-supereffective|p1a: Dragonite
|-damage|p1a: Dragonite|0 fnt
|faint|p1a: Dragonite
|-damage|p2a: Great Tusk|0 fnt|[from] Recoil
|faint|p2a: Great Tusk
|-end|p2a: Great Tusk|Protosynthesis|[silent]
|
|upkeep
|
|t:|1758278652
|switch|p2a: Manaphy|Manaphy, shiny|100/100
|switch|p1a: Tsareena|Tsareena, F|11/100
|-damage|p2a: Manaphy|88/100|[from] Stealth Rock
|-activate|p1a: Tsareena|move: Sticky Web
|-unboost|p1a: Tsareena|spe|1
|turn|23
|
|t:|1758278655
|move|p2a: Manaphy|Alluring Voice|p1a: Tsareena
|-damage|p1a: Tsareena|0 fnt
|faint|p1a: Tsareena
|
|win|Slave of Freedom
|raw|daksh55's rating: 1317 &rarr; <strong>1298</strong><br />(-19 for losing)
|raw|Slave of Freedom's rating: 1331 &rarr; <strong>1350</strong><br />(+19 for winning)
|c|☆Slave of Freedom|gg
|l|☆daksh55
|player|p1|
|l|☆Slave of Freedom
|player|p2|
