|j|☆Brother Bilo
|j|☆cab3to
|t:|1758344962
|gametype|singles
|player|p1|Brother Bilo|1|1335
|player|p2|cab3to|1|1375
|gen|9
|tier|[Gen 9] OU
|rated|
|rule|HP Percentage Mod: HP is shown in percentages
|rule|Endless Battle Clause: Forcing endless battles is banned
|rule|Species Clause: Limit one of each Pokémon
|rule|OHKO Clause: OHKO moves are banned
|rule|Evasion Items Clause: Evasion items are banned
|rule|Evasion Moves Clause: Evasion moves are banned
|rule|Evasion Abilities Clause: Evasion abilities are banned
|rule|Sleep Moves Clause: Sleep-inducing moves are banned
|clearpoke
|poke|p1|Walking Wake|
|poke|p1|Torkoal, M|
|poke|p1|Cinderace, F|
|poke|p1|Great Tusk|
|poke|p1|Hatterene, F|
|poke|p1|Typhlosion-Hisui, F|
|poke|p2|Porygon-Z|
|poke|p2|Dondozo, M|
|poke|p2|Gholdengo|
|poke|p2|Mandibuzz, F|
|poke|p2|Glimmora, F|
|poke|p2|Kyurem|
|teampreview
|
|t:|1758344973
|teamsize|p1|6
|teamsize|p2|6
|start
|switch|p1a: Hatterene|Hatterene, F|100/100
|switch|p2a: Glimmora|Glimmora, F|100/100
|-item|p2a: Glimmora|Air Balloon
|turn|1
|
|t:|1758344980
|move|p2a: Glimmora|Sludge Bomb|p1a: Hatterene
|-supereffective|p1a: Hatterene
|-damage|p1a: Hatterene|53/100
|-status|p1a: Hatterene|psn
|move|p1a: Hatterene|Psychic Noise|p2a: Glimmora
|-supereffective|p2a: Glimmora
|-damage|p2a: Glimmora|2/100
|-start|p2a: Glimmora|move: Heal Block
|-enditem|p2a: Glimmora|Air Balloon
|
|-damage|p1a: Hatterene|40/100 psn|[from] psn
|upkeep
|turn|2
|
|t:|1758344994
|move|p2a: Glimmora|Sludge Bomb|p1a: Hatterene
|-supereffective|p1a: Hatterene
|-damage|p1a: Hatterene|0 fnt
|faint|p1a: Hatterene
|
|-end|p2a: Glimmora|move: Heal Block
|upkeep
|
|t:|1758345004
|switch|p1a: Walking Wake|Walking Wake|100/100
|turn|3
|
|t:|1758345013
|switch|p2a: Mandibuzz|Mandibuzz, F|100/100
|move|p1a: Walking Wake|Flip Turn|p2a: Mandibuzz
|-damage|p2a: Mandibuzz|90/100
|-damage|p1a: Walking Wake|84/100|[from] item: Rocky Helmet|[of] p2a: Mandibuzz
|
|t:|1758345020
|-end|p1a: Walking Wake|Protosynthesis|[silent]
|switch|p1a: Torkoal|Torkoal, M|100/100|[from] Flip Turn
|-weather|SunnyDay|[from] ability: Drought|[of] p1a: Torkoal
|
|-weather|SunnyDay|[upkeep]
|upkeep
|turn|4
|
|t:|1758345027
|move|p2a: Mandibuzz|Knock Off|p1a: Torkoal
|-damage|p1a: Torkoal|86/100
|-enditem|p1a: Torkoal|Heat Rock|[from] move: Knock Off|[of] p2a: Mandibuzz
|move|p1a: Torkoal|Stealth Rock|p2a: Mandibuzz
|-sidestart|p2: cab3to|move: Stealth Rock
|
|-weather|SunnyDay|[upkeep]
|upkeep
|turn|5
|
|t:|1758345034
|switch|p1a: Walking Wake|Walking Wake|84/100
|-activate|p1a: Walking Wake|ability: Protosynthesis
|-start|p1a: Walking Wake|protosynthesisspe
|move|p2a: Mandibuzz|Defog|p1a: Walking Wake
|-unboost|p1a: Walking Wake|evasion|1
|-sideend|p2: cab3to|Stealth Rock|[from] move: Defog|[of] p2a: Mandibuzz
|
|-weather|SunnyDay|[upkeep]
|upkeep
|turn|6
|
|t:|1758345044
|move|p1a: Walking Wake|Hydro Steam|p2a: Mandibuzz
|-damage|p2a: Mandibuzz|28/100
|move|p2a: Mandibuzz|Knock Off|p1a: Walking Wake
|-damage|p1a: Walking Wake|55/100
|-enditem|p1a: Walking Wake|Choice Specs|[from] move: Knock Off|[of] p2a: Mandibuzz
|
|-weather|SunnyDay|[upkeep]
|upkeep
|turn|7
|
|t:|1758345053
|switch|p2a: Dondozo|Dondozo, M|100/100
|move|p1a: Walking Wake|Hydro Steam|p2a: Dondozo
|-resisted|p2a: Dondozo
|-damage|p2a: Dondozo|76/100
|
|-weather|SunnyDay|[upkeep]
|-heal|p2a: Dondozo|82/100|[from] item: Leftovers
|upkeep
|turn|8
|
|t:|1758345061
|switch|p2a: Mandibuzz|Mandibuzz, F|28/100
|move|p1a: Walking Wake|Draco Meteor|p2a: Mandibuzz
|-damage|p2a: Mandibuzz|0 fnt
|-unboost|p1a: Walking Wake|spa|2
|faint|p2a: Mandibuzz
|
|-weather|SunnyDay|[upkeep]
|upkeep
|
|t:|1758345069
|switch|p2a: Gholdengo|Gholdengo|100/100
|turn|9
|
|t:|1758345074
|-end|p1a: Walking Wake|Protosynthesis|[silent]
|switch|p1a: Cinderace|Cinderace, F|100/100
|move|p2a: Gholdengo|Shadow Ball|p1a: Cinderace
|-damage|p1a: Cinderace|38/100
|
|-weather|SunnyDay|[upkeep]
|upkeep
|turn|10
|
|t:|1758345080
|move|p2a: Gholdengo|Shadow Ball|p1a: Cinderace
|-damage|p1a: Cinderace|0 fnt
|faint|p1a: Cinderace
|
|-weather|none
|upkeep
|
|t:|1758345090
|switch|p1a: Typhlosion|Typhlosion-Hisui, F|100/100
|turn|11
|
|t:|1758345094
|switch|p2a: Dondozo|Dondozo, M|82/100
|move|p1a: Typhlosion|Eruption|p2a: Dondozo
|-resisted|p2a: Dondozo
|-damage|p2a: Dondozo|49/100
|
|-heal|p2a: Dondozo|55/100|[from] item: Leftovers
|upkeep
|turn|12
|
|t:|1758345104
|switch|p1a: Torkoal|Torkoal, M|86/100
|-weather|SunnyDay|[from] ability: Drought|[of] p1a: Torkoal
|move|p2a: Dondozo|Liquidation|p1a: Torkoal
|-supereffective|p1a: Torkoal
|-damage|p1a: Torkoal|68/100
|
|-weather|SunnyDay|[upkeep]
|-heal|p2a: Dondozo|61/100|[from] item: Leftovers
|upkeep
|turn|13
|
|t:|1758345114
|switch|p2a: Glimmora|Glimmora, F|2/100
|move|p1a: Torkoal|Stealth Rock|p2a: Glimmora
|-sidestart|p2: cab3to|move: Stealth Rock
|
|-weather|SunnyDay|[upkeep]
|upkeep
|turn|14
|
|t:|1758345123
|move|p2a: Glimmora|Power Gem|p1a: Torkoal
|-supereffective|p1a: Torkoal
|-damage|p1a: Torkoal|0 fnt
|faint|p1a: Torkoal
|
|-weather|SunnyDay|[upkeep]
|upkeep
|
|t:|1758345129
|switch|p1a: Typhlosion|Typhlosion-Hisui, F|100/100
|turn|15
|
|t:|1758345133
|move|p1a: Typhlosion|Eruption|p2a: Glimmora
|-resisted|p2a: Glimmora
|-damage|p2a: Glimmora|0 fnt
|faint|p2a: Glimmora
|
|-weather|SunnyDay|[upkeep]
|upkeep
|
|t:|1758345141
|switch|p2a: Dondozo|Dondozo, M|61/100
|-damage|p2a: Dondozo|49/100|[from] Stealth Rock
|turn|16
|
|t:|1758345147
|-terastallize|p1a: Typhlosion|Fire
|move|p1a: Typhlosion|Eruption|p2a: Dondozo
|-resisted|p2a: Dondozo
|-damage|p2a: Dondozo|0 fnt
|faint|p2a: Dondozo
|
|-weather|none
|upkeep
|
|t:|1758345154
|switch|p2a: Kyurem|Kyurem|100/100
|-damage|p2a: Kyurem|76/100|[from] Stealth Rock
|-ability|p2a: Kyurem|Pressure
|turn|17
|
|t:|1758345161
|move|p1a: Typhlosion|Eruption|p2a: Kyurem
|-damage|p2a: Kyurem|0 fnt
|faint|p2a: Kyurem
|
|upkeep
|
|t:|1758345169
|switch|p2a: Porygon-Z|Porygon-Z|100/100
|-damage|p2a: Porygon-Z|88/100|[from] Stealth Rock
|-ability|p2a: Porygon-Z|Download|boost
|-boost|p2a: Porygon-Z|atk|1
|turn|18
|
|t:|1758345176
|move|p1a: Typhlosion|Eruption|p2a: Porygon-Z
|-damage|p2a: Porygon-Z|0 fnt
|faint|p2a: Porygon-Z
|
|upkeep
|-message|cab3to forfeited.
|
|win|Brother Bilo
|raw|Brother Bilo's rating: 1335 &rarr; <strong>1357</strong><br />(+22 for winning)
|raw|cab3to's rating: 1375 &rarr; <strong>1353</strong><br />(-22 for losing)
|l|☆cab3to
|player|p2|
|l|☆Brother Bilo
|player|p1|
