|j|☆mantikarp2.0
|j|☆mala☆huju
|t:|1758342927
|gametype|singles
|player|p1|mantikarp2.0|medium|
|player|p2|mala☆huju|#malahuju|
|gen|9
|tier|[Gen 9] OU
|rule|HP Percentage Mod: HP is shown in percentages
|rule|Endless Battle Clause: Forcing endless battles is banned
|rule|Species Clause: Limit one of each Pokémon
|rule|OHKO Clause: OHKO moves are banned
|rule|Evasion Items Clause: Evasion items are banned
|rule|Evasion Moves Clause: Evasion moves are banned
|rule|Evasion Abilities Clause: Evasion abilities are banned
|rule|Sleep Moves Clause: Sleep-inducing moves are banned
|clearpoke
|poke|p1|Okidogi, M|
|poke|p1|Ting-Lu|
|poke|p1|Gholdengo|
|poke|p1|Weavile, F|
|poke|p1|Zapdos|
|poke|p1|Corviknight, F|
|poke|p2|Ogerpon-Wellspring, F|
|poke|p2|Great Tusk|
|poke|p2|Deoxys-Speed|
|poke|p2|Dragonite, F|
|poke|p2|Iron Moth|
|poke|p2|Hatterene, F|
|teampreview
|c|☆mala☆huju|hf
|c|☆mantikarp2.0|gl hf
|c|☆mantikarp2.0|ChatGPT says gl hf too
|j| Pokemh
|j| zReptar
|j| Resiste et Mords
|j| htcl
|
|t:|1758343018
|teamsize|p1|6
|teamsize|p2|6
|start
|switch|p1a: Corviknight|Corviknight, F|100/100
|switch|p2a: Ogerpon|Ogerpon-Wellspring, F|100/100
|-ability|p1a: Corviknight|Pressure
|turn|1
|
|t:|1758343047
|switch|p2a: Hatterene|Hatterene, F|100/100
|move|p1a: Corviknight|U-turn|p2a: Hatterene
|-damage|p2a: Hatterene|84/100
|-damage|p1a: Corviknight|84/100|[from] item: Rocky Helmet|[of] p2a: Hatterene
|
|t:|1758343070
|switch|p1a: Gholdengo|Gholdengo|100/100|[from] U-turn
|
|upkeep
|turn|2
|j| Kyurem
|
|t:|1758343093
|move|p1a: Gholdengo|Shadow Ball|p2a: Hatterene
|-supereffective|p2a: Hatterene
|-damage|p2a: Hatterene|0 fnt
|faint|p2a: Hatterene
|
|upkeep
|
|t:|1758343104
|switch|p2a: Iron Moth|Iron Moth|100/100
|-enditem|p2a: Iron Moth|Booster Energy
|-activate|p2a: Iron Moth|ability: Quark Drive|[fromitem]
|-start|p2a: Iron Moth|quarkdrivespe
|turn|3
|
|t:|1758343108
|-terastallize|p1a: Gholdengo|Ghost
|move|p2a: Iron Moth|Fiery Dance|p1a: Gholdengo
|-damage|p1a: Gholdengo|50/100
|move|p1a: Gholdengo|Shadow Ball|p2a: Iron Moth
|-damage|p2a: Iron Moth|9/100
|
|upkeep
|turn|4
|
|t:|1758343116
|switch|p1a: Ting-Lu|Ting-Lu|100/100
|-ability|p1a: Ting-Lu|Vessel of Ruin
|move|p2a: Iron Moth|Fiery Dance|p1a: Ting-Lu
|-damage|p1a: Ting-Lu|75/100
|-boost|p2a: Iron Moth|spa|1
|
|upkeep
|turn|5
|
|t:|1758343123
|move|p2a: Iron Moth|Energy Ball|p1a: Ting-Lu
|-supereffective|p1a: Ting-Lu
|-damage|p1a: Ting-Lu|24/100
|-unboost|p1a: Ting-Lu|spd|1
|move|p1a: Ting-Lu|Earthquake|p2a: Iron Moth
|-supereffective|p2a: Iron Moth
|-damage|p2a: Iron Moth|0 fnt
|faint|p2a: Iron Moth
|-end|p2a: Iron Moth|Quark Drive|[silent]
|
|upkeep
|
|t:|1758343137
|switch|p2a: Ogerpon|Ogerpon-Wellspring, F|100/100
|turn|6
|
|t:|1758343148
|move|p2a: Ogerpon|Ivy Cudgel|p1a: Ting-Lu|[anim] Ivy Cudgel Water
|-supereffective|p1a: Ting-Lu
|-damage|p1a: Ting-Lu|0 fnt
|faint|p1a: Ting-Lu
|
|upkeep
|
|t:|1758343161
|switch|p1a: Zapdos|Zapdos|100/100
|-ability|p1a: Zapdos|Pressure
|turn|7
|
|t:|1758343167
|switch|p2a: Dragonite|Dragonite, F|100/100
|move|p1a: Zapdos|Volt Switch|p2a: Dragonite
|-damage|p2a: Dragonite|84/100
|
|t:|1758343198
|switch|p1a: Gholdengo|Gholdengo, tera:Ghost|50/100|[from] Volt Switch
|
|upkeep
|turn|8
|c| htcl|not going weavile was
|
|t:|1758343210
|move|p1a: Gholdengo|Shadow Ball|p2a: Dragonite
|-damage|p2a: Dragonite|0 fnt
|faint|p2a: Dragonite
|
|upkeep
|c| htcl|o
|c| htcl|wtf that just died
|l| Pokemh
|c| htcl|nvm
|c| zReptar|specs tera
|c|☆mantikarp2.0|chatgpt is cookin
|
|t:|1758343236
|switch|p2a: Ogerpon|Ogerpon-Wellspring, F|100/100
|turn|9
|c| zReptar|should be asking chatgpt what to click smh
|c|☆mantikarp2.0|I am
|
|t:|1758343309
|move|p2a: Ogerpon|Ivy Cudgel|p1a: Gholdengo|[anim] Ivy Cudgel Water
|-damage|p1a: Gholdengo|0 fnt
|faint|p1a: Gholdengo
|
|upkeep
|
|t:|1758343325
|switch|p1a: Okidogi|Okidogi, M|100/100
|turn|10
|
|t:|1758343337
|switch|p2a: Great Tusk|Great Tusk|100/100
|-enditem|p2a: Great Tusk|Booster Energy
|-activate|p2a: Great Tusk|ability: Protosynthesis|[fromitem]
|-start|p2a: Great Tusk|protosynthesisspe
|move|p1a: Okidogi|Gunk Shot|p2a: Great Tusk
|-resisted|p2a: Great Tusk
|-damage|p2a: Great Tusk|85/100
|
|upkeep
|turn|11
|j| Love Is Cruel
|
|t:|1758343350
|move|p2a: Great Tusk|Bulk Up|p2a: Great Tusk
|-boost|p2a: Great Tusk|atk|1
|-boost|p2a: Great Tusk|def|1
|move|p1a: Okidogi|Bulk Up|p1a: Okidogi
|-boost|p1a: Okidogi|atk|1
|-boost|p1a: Okidogi|def|1
|
|upkeep
|turn|12
|
|t:|1758343383
|switch|p1a: Corviknight|Corviknight, F|84/100
|-ability|p1a: Corviknight|Pressure
|move|p2a: Great Tusk|Headlong Rush|p1a: Corviknight
|-immune|p1a: Corviknight
|
|-heal|p1a: Corviknight|90/100|[from] item: Leftovers
|upkeep
|turn|13
|
|t:|1758343393
|move|p2a: Great Tusk|Bulk Up|p2a: Great Tusk
|-boost|p2a: Great Tusk|atk|1
|-boost|p2a: Great Tusk|def|1
|move|p1a: Corviknight|U-turn|p2a: Great Tusk
|-resisted|p2a: Great Tusk
|-damage|p2a: Great Tusk|83/100
|
|t:|1758343398
|switch|p1a: Zapdos|Zapdos|100/100|[from] U-turn
|-ability|p1a: Zapdos|Pressure
|
|upkeep
|turn|14
|
|t:|1758343400
|move|p2a: Great Tusk|Close Combat|p1a: Zapdos
|-resisted|p1a: Zapdos
|-damage|p1a: Zapdos|46/100
|-unboost|p2a: Great Tusk|def|1
|-unboost|p2a: Great Tusk|spd|1
|move|p1a: Zapdos|Hurricane|p2a: Great Tusk|[miss]
|-miss|p1a: Zapdos|p2a: Great Tusk
|
|upkeep
|turn|15
|c|☆mantikarp2.0|smh
|
|t:|1758343411
|move|p2a: Great Tusk|Close Combat|p1a: Zapdos
|-resisted|p1a: Zapdos
|-damage|p1a: Zapdos|0 fnt
|-unboost|p2a: Great Tusk|def|1
|-unboost|p2a: Great Tusk|spd|1
|faint|p1a: Zapdos
|
|upkeep
|c| htcl|no ice spinner on bu tusk'
|c| Love Is Cruel|What a cursed miss
|c|☆mantikarp2.0|chatgpt forgot to put static
|j| alt testing 124n
|c| zReptar|wild
|c|☆mala☆huju|its ok pon won w that amount of chip
|
|t:|1758343449
|switch|p1a: Corviknight|Corviknight, F|90/100
|-ability|p1a: Corviknight|Pressure
|turn|16
|
|t:|1758343459
|move|p2a: Great Tusk|Close Combat|p1a: Corviknight
|-damage|p1a: Corviknight|18/100
|-unboost|p2a: Great Tusk|def|1
|-unboost|p2a: Great Tusk|spd|1
|move|p1a: Corviknight|U-turn|p2a: Great Tusk
|-resisted|p2a: Great Tusk
|-damage|p2a: Great Tusk|77/100
|
|t:|1758343465
|switch|p1a: Weavile|Weavile, F|100/100|[from] U-turn
|-ability|p1a: Weavile|Pressure
|
|upkeep
|turn|17
|c| htcl|no way this kills
|c| htcl|even if cb ice shard
|
|t:|1758343481
|move|p1a: Weavile|Ice Shard|p2a: Great Tusk
|-supereffective|p2a: Great Tusk
|-damage|p2a: Great Tusk|21/100
|move|p2a: Great Tusk|Close Combat|p1a: Weavile
|-supereffective|p1a: Weavile
|-damage|p1a: Weavile|0 fnt
|-unboost|p2a: Great Tusk|def|1
|-unboost|p2a: Great Tusk|spd|1
|faint|p1a: Weavile
|
|upkeep
|
|t:|1758343484
|switch|p1a: Okidogi|Okidogi, M|100/100
|turn|18
|c| htcl|tusk is so fat
|c|☆mala☆huju|too bad chat didnt have sash
|
|t:|1758343497
|move|p2a: Great Tusk|Headlong Rush|p1a: Okidogi
|-supereffective|p1a: Okidogi
|-damage|p1a: Okidogi|0 fnt
|-unboost|p2a: Great Tusk|def|1
|-unboost|p2a: Great Tusk|spd|1
|faint|p1a: Okidogi
|
|upkeep
|c|☆mantikarp2.0|chatgpt forgot to put teras also
|c| htcl|lmfao
|c|☆mala☆huju|LOL
|c| htcl|theres no way
|
|t:|1758343516
|switch|p1a: Corviknight|Corviknight, F|18/100
|-ability|p1a: Corviknight|Pressure
|turn|19
|c| htcl|literally the core mechanic
|l| Resiste et Mords
|c| htcl|of the generation
|c|☆mala☆huju|if real !showteam
|
|t:|1758343524
|move|p2a: Great Tusk|Taunt|p1a: Corviknight
|-start|p1a: Corviknight|move: Taunt
|cant|p1a: Corviknight|move: Taunt|Roost
|
|-heal|p1a: Corviknight|24/100|[from] item: Leftovers
|upkeep
|turn|20
|c| htcl|and it forgets
|c|☆mantikarp2.0|its ok though chatgpt didnt know hurricane wasnt 70% accurate
|c|☆mantikarp2.0|it won in spirit
|c|☆mala☆huju|mhm
|
|t:|1758343548
|move|p2a: Great Tusk|Headlong Rush|p1a: Corviknight
|-immune|p1a: Corviknight
|move|p1a: Corviknight|Body Press|p2a: Great Tusk
|-damage|p2a: Great Tusk|0 fnt
|faint|p2a: Great Tusk
|-end|p2a: Great Tusk|Protosynthesis|[silent]
|
|-heal|p1a: Corviknight|30/100|[from] item: Leftovers
|upkeep
|
|t:|1758343555
|switch|p2a: Ogerpon|Ogerpon-Wellspring, F|100/100
|turn|21
|c|☆mala☆huju|i just tera pon after the cane and win if it hit
|
|t:|1758343570
|move|p2a: Ogerpon|Ivy Cudgel|p1a: Corviknight|[anim] Ivy Cudgel Water
|-damage|p1a: Corviknight|0 fnt
|faint|p1a: Corviknight
|
|win|mala☆huju
|c|☆mantikarp2.0|!showteam
|c| mantikarp2.0|/raw <div class="infobox"><details><summary>View team</summary>Okidogi (M) @ Leftovers  <br />Ability: Guard Dog  <br />Tera Type: Poison  <br />EVs: 252 HP &#x2f; 4 Atk &#x2f; 252 Def  <br />- Bulk Up  <br />- Drain Punch  <br />- Knock Off  <br />- Gunk Shot  <br /><br />Ting-Lu @ Heavy-Duty Boots  <br />Ability: Vessel of Ruin  <br />Tera Type: Dark  <br />EVs: 252 HP &#x2f; 252 Def &#x2f; 4 SpD  <br />- Stealth Rock  <br />- Ruination  <br />- Whirlwind  <br />- Earthquake  <br /><br />Gholdengo @ Choice Specs  <br />Ability: Good as Gold  <br />Tera Type: Ghost  <br />EVs: 4 HP &#x2f; 252 SpA &#x2f; 252 Spe  <br />IVs: 0 Atk  <br />- Make It Rain  <br />- Shadow Ball  <br />- Trick  <br />- Thunderbolt  <br /><br />Weavile (F) @ Choice Band  <br />Ability: Pressure  <br />Tera Type: Dark  <br />EVs: 4 HP &#x2f; 252 Atk &#x2f; 252 Spe  <br />- Ice Shard  <br />- Knock Off  <br />- Triple Axel  <br />- Ice Punch  <br /><br />Zapdos @ Heavy-Duty Boots  <br />Ability: Pressure  <br />Tera Type: Flying  <br />EVs: 252 HP &#x2f; 4 Def &#x2f; 252 Spe  <br />- Hurricane  <br />- Roost  <br />- Thunder Wave  <br />- Volt Switch  <br /><br />Corviknight (F) @ Leftovers  <br />Ability: Pressure  <br />Tera Type: Steel  <br />EVs: 252 HP &#x2f; 252 Def &#x2f; 4 SpD  <br />- Defog  <br />- Roost  <br />- U-turn  <br />- Body Press  <br /><br /></details></div>
|c|☆mantikarp2.0|it had goldhengo on steelworker
|c|☆mantikarp2.0|i had to change it to good as gold
|l| Love Is Cruel
|l| alt testing 124n
|c|☆mala☆huju|you are proving my point w every message
|c|☆mantikarp2.0|u almost lost tho
|c|☆mala☆huju|no
|c|☆mala☆huju|literally untrue
|c|☆mantikarp2.0|hurricane hit chatgpt wins
|c|☆mala☆huju|???
|c|☆mala☆huju|how
|c|☆mala☆huju|you thought you were up w more mons but pon + deo cleaned
|c|☆mantikarp2.0|deo dies to ice shard + u turn corv
|c|☆mantikarp2.0|pon loses to okidogi
|l| htcl
|l|☆mantikarp2.0
|player|p1|
|l|☆mala☆huju
|player|p2|
|j|☆mala☆huju
|player|p2|mala☆huju|#malahuju|
|l|☆mala☆huju
|player|p2|
|l| Kyurem
|j|☆mala☆huju
|player|p2|mala☆huju|#malahuju|
