|j|☆justiceforjessie
|j|☆sr lightie
|t:|1758231765
|gametype|singles
|player|p1|justiceforjessie|2|1503
|player|p2|sr lightie|blue|1485
|gen|9
|tier|[Gen 9] OU
|rated|
|rule|HP Percentage Mod: HP is shown in percentages
|rule|Endless Battle Clause: Forcing endless battles is banned
|rule|Species Clause: Limit one of each Pokémon
|rule|OHKO Clause: OHKO moves are banned
|rule|Evasion Items Clause: Evasion items are banned
|rule|Evasion Moves Clause: Evasion moves are banned
|rule|Evasion Abilities Clause: Evasion abilities are banned
|rule|Sleep Moves Clause: Sleep-inducing moves are banned
|clearpoke
|poke|p1|Ninetales, M|
|poke|p1|Great Tusk|
|poke|p1|Walking Wake|
|poke|p1|Comfey, M|
|poke|p1|Venusaur, F|
|poke|p1|Gholdengo|
|poke|p2|Ursaluna, F|
|poke|p2|Salamence, M|
|poke|p2|Gengar, M|
|poke|p2|Avalugg, M|
|poke|p2|Farigiraf, F|
|poke|p2|Umbreon, M|
|teampreview
|inactive|Battle timer is ON: inactive players will automatically lose when time's up. (requested by sr lightie)
|
|t:|1758231770
|teamsize|p1|6
|teamsize|p2|6
|start
|switch|p1a: NineGENDERS.|Ninetales, M|100/100
|switch|p2a: Ursaluna|Ursaluna, F|100/100
|-weather|SunnyDay|[from] ability: Drought|[of] p1a: NineGENDERS.
|turn|1
|c|☆sr lightie|but but but
|
|t:|1758231784
|switch|p1a: Walking WOKE.|Walking Wake|100/100
|-activate|p1a: Walking WOKE.|ability: Protosynthesis
|-start|p1a: Walking WOKE.|protosynthesisspe
|move|p2a: Ursaluna|Earthquake|p1a: Walking WOKE.
|-damage|p1a: Walking WOKE.|34/100
|
|-weather|SunnyDay|[upkeep]
|-status|p2a: Ursaluna|brn|[from] item: Flame Orb
|upkeep
|turn|2
|c|☆sr lightie|there is only 2 genders '-'
|c|☆sr lightie|(its a jogke)
|inactive|sr lightie has 120 seconds left.
|
|t:|1758231823
|switch|p2a: Avalugg|Avalugg, M|100/100
|move|p1a: Walking WOKE.|Hydro Steam|p2a: Avalugg
|-ability|p2a: Avalugg|Sturdy
|-damage|p2a: Avalugg|1/100
|
|-weather|SunnyDay|[upkeep]
|upkeep
|turn|3
|c|☆justiceforjessie|thats a weird way to say 78!
|
|t:|1758231834
|move|p1a: Walking WOKE.|Hydro Steam|p2a: Avalugg
|-damage|p2a: Avalugg|0 fnt
|faint|p2a: Avalugg
|
|-weather|SunnyDay|[upkeep]
|upkeep
|inactive|sr lightie has 120 seconds left.
|
|t:|1758231845
|switch|p2a: Gengar|Gengar, M|100/100
|turn|4
|inactive|justiceforjessie has 120 seconds left.
|
|t:|1758231879
|move|p1a: Walking WOKE.|Hydro Steam|p2a: Gengar
|-damage|p2a: Gengar|0 fnt
|faint|p2a: Gengar
|
|-weather|SunnyDay|[upkeep]
|upkeep
|
|t:|1758231888
|switch|p2a: Farigiraf|Farigiraf, F|100/100
|turn|5
|
|t:|1758231892
|move|p1a: Walking WOKE.|Hydro Steam|p2a: Farigiraf
|-damage|p2a: Farigiraf|6/100
|move|p2a: Farigiraf|Trick Room|p2a: Farigiraf
|-fieldstart|move: Trick Room|[of] p2a: Farigiraf
|
|-weather|SunnyDay|[upkeep]
|upkeep
|turn|6
|c|☆justiceforjessie|I only stole this teams nicknames because I liked "Walking Woke" so much
|
|t:|1758231907
|-end|p1a: Walking WOKE.|Protosynthesis|[silent]
|switch|p1a: Comfey|Comfey, M|100/100
|move|p2a: Farigiraf|Twin Beam|p1a: Comfey
|-damage|p1a: Comfey|80/100
|-damage|p1a: Comfey|57/100
|-hitcount|p1a: Comfey|2
|
|-weather|SunnyDay|[upkeep]
|upkeep
|turn|7
|c|☆sr lightie|i understand
|
|t:|1758231920
|move|p1a: Comfey|Draining Kiss||[still]
|cant|p2a: Farigiraf|ability: Armor Tail|Draining Kiss|[of] p1a: Comfey
|move|p2a: Farigiraf|Endeavor|p1a: Comfey
|-damage|p1a: Comfey|9/100
|
|-weather|SunnyDay|[upkeep]
|upkeep
|turn|8
|inactive|justiceforjessie has 120 seconds left.
|
|t:|1758231940
|move|p2a: Farigiraf|Twin Beam|p1a: Comfey
|-damage|p1a: Comfey|0 fnt
|faint|p1a: Comfey
|-hitcount|p1: Comfey|1
|
|-weather|none
|upkeep
|inactive|justiceforjessie has 120 seconds left.
|
|t:|1758231946
|switch|p1a: NineGENDERS.|Ninetales, M|100/100
|-weather|SunnyDay|[from] ability: Drought|[of] p1a: NineGENDERS.
|turn|9
|
|t:|1758231951
|move|p2a: Farigiraf|Endeavor|p1a: NineGENDERS.
|-damage|p1a: NineGENDERS.|8/100
|move|p1a: NineGENDERS.|Weather Ball|p2a: Farigiraf
|-damage|p2a: Farigiraf|0 fnt
|faint|p2a: Farigiraf
|
|-weather|SunnyDay|[upkeep]
|-fieldend|move: Trick Room
|upkeep
|
|t:|1758231958
|switch|p2a: Salamence|Salamence, M|100/100
|-ability|p2a: Salamence|Intimidate|boost
|-unboost|p1a: NineGENDERS.|atk|1
|turn|10
|inactive|justiceforjessie has 120 seconds left.
|
|t:|1758231992
|switch|p1a: Great THEY/THEM.|Great Tusk|100/100
|-activate|p1a: Great THEY/THEM.|ability: Protosynthesis
|-start|p1a: Great THEY/THEM.|protosynthesisatk
|move|p2a: Salamence|Air Slash|p1a: Great THEY/THEM.
|-supereffective|p1a: Great THEY/THEM.
|-damage|p1a: Great THEY/THEM.|0 fnt
|faint|p1a: Great THEY/THEM.
|-end|p1a: Great THEY/THEM.|Protosynthesis|[silent]
|
|-weather|SunnyDay|[upkeep]
|upkeep
|inactive|justiceforjessie has 90 seconds left.
|
|t:|1758232025
|switch|p1a: Walking WOKE.|Walking Wake|34/100
|-activate|p1a: Walking WOKE.|ability: Protosynthesis
|-start|p1a: Walking WOKE.|protosynthesisspe
|turn|11
|
|t:|1758232051
|switch|p2a: Ursaluna|Ursaluna, F|100/100 brn
|move|p1a: Walking WOKE.|Draco Meteor|p2a: Ursaluna
|-damage|p2a: Ursaluna|22/100 brn
|-unboost|p1a: Walking WOKE.|spa|2
|
|-weather|SunnyDay|[upkeep]
|-damage|p2a: Ursaluna|16/100 brn|[from] brn
|upkeep
|turn|12
|inactive|justiceforjessie has 90 seconds left.
|
|t:|1758232067
|move|p1a: Walking WOKE.|Draco Meteor|p2a: Ursaluna
|-damage|p2a: Ursaluna|0 fnt
|-unboost|p1a: Walking WOKE.|spa|2
|faint|p2a: Ursaluna
|
|-weather|SunnyDay|[upkeep]
|upkeep
|
|t:|1758232070
|switch|p2a: Lightie|Umbreon, M, shiny|100/100
|turn|13
|
|t:|1758232077
|-end|p1a: Walking WOKE.|Protosynthesis|[silent]
|switch|p1a: VenuSOROS.|Venusaur, F|100/100
|move|p2a: Lightie|Calm Mind|p2a: Lightie
|-boost|p2a: Lightie|spa|1
|-boost|p2a: Lightie|spd|1
|
|-weather|SunnyDay|[upkeep]
|upkeep
|turn|14
|
|t:|1758232083
|move|p1a: VenuSOROS.|Growth|p1a: VenuSOROS.
|-boost|p1a: VenuSOROS.|atk|2
|-boost|p1a: VenuSOROS.|spa|2
|move|p2a: Lightie|Calm Mind|p2a: Lightie
|-boost|p2a: Lightie|spa|1
|-boost|p2a: Lightie|spd|1
|
|-weather|SunnyDay|[upkeep]
|upkeep
|turn|15
|inactive|justiceforjessie has 90 seconds left.
|inactive|justiceforjessie has 60 seconds left.
|
|t:|1758232150
|-terastallize|p1a: VenuSOROS.|Fire
|move|p1a: VenuSOROS.|Weather Ball|p2a: Lightie
|-damage|p2a: Lightie|34/100
|-damage|p1a: VenuSOROS.|91/100|[from] item: Life Orb
|move|p2a: Lightie|Calm Mind|p2a: Lightie
|-boost|p2a: Lightie|spa|1
|-boost|p2a: Lightie|spd|1
|
|-weather|SunnyDay|[upkeep]
|upkeep
|turn|16
|
|t:|1758232162
|move|p1a: VenuSOROS.|Weather Ball|p2a: Lightie
|-damage|p2a: Lightie|0 fnt
|faint|p2a: Lightie
|-damage|p1a: VenuSOROS.|81/100|[from] item: Life Orb
|
|-weather|none
|upkeep
|
|t:|1758232164
|switch|p2a: Salamence|Salamence, M|100/100
|-ability|p2a: Salamence|Intimidate|boost
|-unboost|p1a: VenuSOROS.|atk|1
|turn|17
|inactive|justiceforjessie has 60 seconds left.
|inactive|justiceforjessie has 30 seconds left.
|c|☆sr lightie|gg bro
|c|☆sr lightie|it was too woke for me
|inactive|justiceforjessie has 20 seconds left.
|
|t:|1758232219
|switch|p1a: NineGENDERS.|Ninetales, M|8/100
|-weather|SunnyDay|[from] ability: Drought|[of] p1a: NineGENDERS.
|move|p2a: Salamence|Hydro Pump|p1a: NineGENDERS.
|-supereffective|p1a: NineGENDERS.
|-damage|p1a: NineGENDERS.|0 fnt
|faint|p1a: NineGENDERS.
|
|-weather|SunnyDay|[upkeep]
|upkeep
|inactive|justiceforjessie has 25 seconds left this turn.
|inactive|justiceforjessie has 20 seconds left.
|
|t:|1758232227
|switch|p1a: GholDEIngo.|Gholdengo|100/100
|turn|18
|inactive|justiceforjessie has 30 seconds left this turn.
|c|☆sr lightie|if i resisted the venu umbreon would won saddly
|
|t:|1758232242
|move|p1a: GholDEIngo.|Make It Rain|p2a: Salamence
|-damage|p2a: Salamence|3/100
|-unboost|p1a: GholDEIngo.|spa|1
|-damage|p1a: GholDEIngo.|91/100|[from] item: Life Orb
|move|p2a: Salamence|Fire Blast|p1a: GholDEIngo.
|-supereffective|p1a: GholDEIngo.
|-damage|p1a: GholDEIngo.|0 fnt
|faint|p1a: GholDEIngo.
|
|-weather|SunnyDay|[upkeep]
|upkeep
|inactive|justiceforjessie has 30 seconds left.
|inactive|justiceforjessie has 20 seconds left.
|inactive|justiceforjessie has 15 seconds left.
|inactive|justiceforjessie has 10 seconds left.
|
|t:|1758232268
|switch|p1a: Walking WOKE.|Walking Wake|34/100
|-activate|p1a: Walking WOKE.|ability: Protosynthesis
|-start|p1a: Walking WOKE.|protosynthesisspe
|turn|19
|inactive|justiceforjessie has 20 seconds left this turn.
|
|t:|1758232275
|move|p1a: Walking WOKE.|Weather Ball|p2a: Salamence
|-resisted|p2a: Salamence
|-damage|p2a: Salamence|0 fnt
|faint|p2a: Salamence
|
|win|justiceforjessie
|raw|justiceforjessie's rating: 1503 &rarr; <strong>1522</strong><br />(+19 for winning)
|raw|sr lightie's rating: 1485 &rarr; <strong>1466</strong><br />(-19 for losing)
|c|☆justiceforjessie|gg
|l|☆sr lightie
|player|p2|
