|j|☆Biger01
|j|☆DarkWorldMinun
|t:|1758245299
|gametype|singles
|player|p1|Biger01|hilda-wonderlauncher|1385
|player|p2|DarkWorldMinun|1|1331
|gen|9
|tier|[Gen 9] OU
|rated|
|rule|HP Percentage Mod: HP is shown in percentages
|rule|Endless Battle Clause: Forcing endless battles is banned
|rule|Species Clause: Limit one of each Pokémon
|rule|OHKO Clause: OHKO moves are banned
|rule|Evasion Items Clause: Evasion items are banned
|rule|Evasion Moves Clause: Evasion moves are banned
|rule|Evasion Abilities Clause: Evasion abilities are banned
|rule|Sleep Moves Clause: Sleep-inducing moves are banned
|clearpoke
|poke|p1|Tinkaton, F|
|poke|p1|Great Tusk|
|poke|p1|Garganacl, M|
|poke|p1|Keldeo-Resolute|
|poke|p1|Zapdos|
|poke|p1|Dragapult, M|
|poke|p2|Garganacl, M|
|poke|p2|Clefable, F|
|poke|p2|Cinderace, M|
|poke|p2|Manaphy|
|poke|p2|Ogerpon-Cornerstone, F|
|poke|p2|Great Tusk|
|teampreview
|inactive|Battle timer is ON: inactive players will automatically lose when time's up. (requested by DarkWorldMinun)
|inactive|Biger01 also wants the timer to be on.
|inactive|DarkWorldMinun has 120 seconds left.
|
|t:|1758245347
|teamsize|p1|6
|teamsize|p2|6
|start
|switch|p1a: Zapdos|Zapdos|100/100
|switch|p2a: Cinderace|Cinderace, M|100/100
|turn|1
|
|t:|1758245362
|switch|p2a: Piles of Dust|Garganacl, M|100/100
|move|p1a: Zapdos|Thunder Wave|p2a: Piles of Dust
|-immune|p2a: Piles of Dust|[from] ability: Purifying Salt
|
|upkeep
|turn|2
|
|t:|1758245370
|move|p1a: Zapdos|Volt Switch|p2a: Piles of Dust
|-damage|p2a: Piles of Dust|81/100
|
|t:|1758245372
|switch|p1a: Great Tusk|Great Tusk|100/100|[from] Volt Switch
|move|p2a: Piles of Dust|Salt Cure|p1a: Great Tusk
|-resisted|p1a: Great Tusk
|-damage|p1a: Great Tusk|98/100
|-start|p1a: Great Tusk|Salt Cure
|
|-heal|p2a: Piles of Dust|87/100|[from] item: Leftovers
|-damage|p1a: Great Tusk|86/100|[from] Salt Cure
|upkeep
|turn|3
|
|t:|1758245393
|move|p2a: Piles of Dust|Protect|p2a: Piles of Dust
|-singleturn|p2a: Piles of Dust|Protect
|move|p1a: Great Tusk|Rapid Spin|p2a: Piles of Dust
|-activate|p2a: Piles of Dust|move: Protect
|
|-heal|p2a: Piles of Dust|93/100|[from] item: Leftovers
|-damage|p1a: Great Tusk|73/100|[from] Salt Cure
|upkeep
|turn|4
|inactive|DarkWorldMinun has 120 seconds left.
|inactive|DarkWorldMinun has 90 seconds left.
|
|t:|1758245457
|switch|p2a: Rory Nyte|Ogerpon-Cornerstone, F|100/100
|move|p1a: Great Tusk|Rapid Spin|p2a: Rory Nyte
|-resisted|p2a: Rory Nyte
|-damage|p2a: Rory Nyte|89/100
|-boost|p1a: Great Tusk|spe|1
|
|-damage|p1a: Great Tusk|61/100|[from] Salt Cure
|upkeep
|turn|5
|
|t:|1758245476
|switch|p2a: Great Tusk|Great Tusk|100/100
|move|p1a: Great Tusk|Close Combat|p2a: Great Tusk
|-damage|p2a: Great Tusk|64/100
|-unboost|p1a: Great Tusk|def|1
|-unboost|p1a: Great Tusk|spd|1
|
|-damage|p1a: Great Tusk|48/100|[from] Salt Cure
|upkeep
|turn|6
|
|t:|1758245483
|-end|p1a: Great Tusk|Protosynthesis|[silent]
|switch|p1a: Zapdos|Zapdos|100/100
|move|p2a: Great Tusk|Knock Off|p1a: Zapdos
|-damage|p1a: Zapdos|79/100
|-status|p2a: Great Tusk|par|[from] ability: Static|[of] p1a: Zapdos
|-enditem|p1a: Zapdos|Heavy-Duty Boots|[from] move: Knock Off|[of] p2a: Great Tusk
|
|upkeep
|turn|7
|
|t:|1758245488
|-end|p2a: Great Tusk|Protosynthesis|[silent]
|switch|p2a: Piles of Dust|Garganacl, M|93/100
|move|p1a: Zapdos|Hurricane|p2a: Piles of Dust
|-resisted|p2a: Piles of Dust
|-damage|p2a: Piles of Dust|77/100
|
|-heal|p2a: Piles of Dust|84/100|[from] item: Leftovers
|upkeep
|turn|8
|
|t:|1758245497
|move|p1a: Zapdos|Volt Switch|p2a: Piles of Dust
|-damage|p2a: Piles of Dust|63/100
|
|t:|1758245502
|switch|p1a: Garganacl|Garganacl, M|100/100|[from] Volt Switch
|move|p2a: Piles of Dust|Stealth Rock|p1a: Garganacl
|-sidestart|p1: Biger01|move: Stealth Rock
|
|-heal|p2a: Piles of Dust|69/100|[from] item: Leftovers
|upkeep
|turn|9
|
|t:|1758245512
|switch|p2a: Great Tusk|Great Tusk|64/100 par
|move|p1a: Garganacl|Curse|p1a: Garganacl
|-unboost|p1a: Garganacl|spe|1
|-boost|p1a: Garganacl|atk|1
|-boost|p1a: Garganacl|def|1
|
|upkeep
|turn|10
|
|t:|1758245516
|move|p1a: Garganacl|Salt Cure|p2a: Great Tusk
|-resisted|p2a: Great Tusk
|-damage|p2a: Great Tusk|61/100 par
|-start|p2a: Great Tusk|Salt Cure
|move|p2a: Great Tusk|Roar|p1a: Garganacl
|drag|p1a: Great Tusk|Great Tusk|48/100
|
|-damage|p2a: Great Tusk|48/100 par|[from] Salt Cure
|upkeep
|turn|11
|inactive|DarkWorldMinun has 120 seconds left.
|
|t:|1758245524
|-terastallize|p2a: Great Tusk|Ghost
|move|p1a: Great Tusk|Rapid Spin|p2a: Great Tusk
|-immune|p2a: Great Tusk
|move|p2a: Great Tusk|Roar|p1a: Great Tusk
|-end|p1a: Great Tusk|Protosynthesis|[silent]
|drag|p1a: Tinkaton|Tinkaton, F|100/100
|-damage|p1a: Tinkaton|94/100|[from] Stealth Rock
|-ability|p1a: Tinkaton|Mold Breaker
|-item|p1a: Tinkaton|Air Balloon
|
|-damage|p2a: Great Tusk|36/100 par|[from] Salt Cure
|upkeep
|turn|12
|inactive|DarkWorldMinun has 120 seconds left.
|inactive|DarkWorldMinun has 90 seconds left.
|inactive|DarkWorldMinun has 60 seconds left.
|
|t:|1758245608
|move|p1a: Tinkaton|Gigaton Hammer|p2a: Great Tusk
|-damage|p2a: Great Tusk|5/100 par
|move|p2a: Great Tusk|Rapid Spin|p1a: Tinkaton
|-resisted|p1a: Tinkaton
|-damage|p1a: Tinkaton|87/100
|-boost|p2a: Great Tusk|spe|1
|-enditem|p1a: Tinkaton|Air Balloon
|
|-damage|p2a: Great Tusk|0 fnt|[from] Salt Cure
|faint|p2a: Great Tusk
|-end|p2a: Great Tusk|Protosynthesis|[silent]
|upkeep
|
|t:|1758245614
|switch|p2a: Cinderace|Cinderace, M|100/100
|turn|13
|
|t:|1758245627
|switch|p1a: Garganacl|Garganacl, M|100/100
|-damage|p1a: Garganacl|88/100|[from] Stealth Rock
|move|p2a: Cinderace|Pyro Ball|p1a: Garganacl
|-resisted|p1a: Garganacl
|-crit|p1a: Garganacl
|-damage|p1a: Garganacl|58/100
|
|-heal|p1a: Garganacl|64/100|[from] item: Leftovers
|upkeep
|turn|14
|
|t:|1758245634
|move|p2a: Cinderace|U-turn|p1a: Garganacl
|-start|p2a: Cinderace|typechange|Bug|[from] ability: Libero
|-damage|p1a: Garganacl|40/100
|
|t:|1758245643
|switch|p2a: Rory Nyte|Ogerpon-Cornerstone, F|89/100|[from] U-turn
|move|p1a: Garganacl|Earthquake|p2a: Rory Nyte
|-damage|p2a: Rory Nyte|57/100
|
|-heal|p1a: Garganacl|47/100|[from] item: Leftovers
|upkeep
|turn|15
|
|t:|1758245651
|switch|p1a: Tinkaton|Tinkaton, F|87/100
|-damage|p1a: Tinkaton|80/100|[from] Stealth Rock
|-ability|p1a: Tinkaton|Mold Breaker
|move|p2a: Rory Nyte|Swords Dance|p2a: Rory Nyte
|-boost|p2a: Rory Nyte|atk|2
|
|upkeep
|turn|16
|
|t:|1758245659
|move|p2a: Rory Nyte|Low Kick|p1a: Tinkaton
|-damage|p1a: Tinkaton|0 fnt
|faint|p1a: Tinkaton
|
|upkeep
|
|t:|1758245664
|switch|p1a: Zapdos|Zapdos|79/100
|-damage|p1a: Zapdos|54/100|[from] Stealth Rock
|turn|17
|
|t:|1758245669
|-terastallize|p1a: Zapdos|Grass
|move|p2a: Rory Nyte|Ivy Cudgel|p1a: Zapdos|[anim] Ivy Cudgel Rock
|-damage|p1a: Zapdos|0 fnt
|faint|p1a: Zapdos
|
|upkeep
|
|t:|1758245675
|switch|p1a: Keldeo|Keldeo-Resolute|100/100
|-damage|p1a: Keldeo|94/100|[from] Stealth Rock
|turn|18
|
|t:|1758245681
|move|p1a: Keldeo|Vacuum Wave|p2a: Rory Nyte
|-supereffective|p2a: Rory Nyte
|-crit|p2a: Rory Nyte
|-damage|p2a: Rory Nyte|0 fnt
|faint|p2a: Rory Nyte
|
|upkeep
|
|t:|1758245688
|switch|p2a: Rouxls Kaard|Manaphy|100/100
|turn|19
|
|t:|1758245694
|switch|p1a: Dragapult|Dragapult, M|100/100
|move|p2a: Rouxls Kaard|Substitute|p2a: Rouxls Kaard
|-start|p2a: Rouxls Kaard|Substitute
|-damage|p2a: Rouxls Kaard|76/100
|
|upkeep
|turn|20
|inactive|DarkWorldMinun has 120 seconds left.
|
|t:|1758245705
|move|p1a: Dragapult|Dragon Darts|p2a: Rouxls Kaard
|-damage|p2a: Rouxls Kaard|53/100
|-anim|p1a: Dragapult|Dragon Darts|p2a: Rouxls Kaard
|-damage|p2a: Rouxls Kaard|31/100
|move|p2a: Rouxls Kaard|Alluring Voice|p1a: Dragapult
|-supereffective|p1a: Dragapult
|-damage|p1a: Dragapult|33/100
|
|upkeep
|turn|21
|
|t:|1758245720
|switch|p2a: Clefable|Clefable, F|100/100
|move|p1a: Dragapult|Dragon Darts|p2a: Clefable
|-immune|p2a: Clefable
|
|upkeep
|turn|22
|inactive|DarkWorldMinun has 120 seconds left.
|
|t:|1758245739
|move|p1a: Dragapult|U-turn|p2a: Clefable
|-resisted|p2a: Clefable
|-damage|p2a: Clefable|92/100
|
|t:|1758245741
|switch|p1a: Garganacl|Garganacl, M|47/100|[from] U-turn
|-damage|p1a: Garganacl|34/100|[from] Stealth Rock
|move|p2a: Clefable|Moonblast|p1a: Garganacl
|-damage|p1a: Garganacl|15/100
|
|-heal|p2a: Clefable|98/100|[from] item: Leftovers
|-heal|p1a: Garganacl|21/100|[from] item: Leftovers
|upkeep
|turn|23
|
|t:|1758245751
|move|p2a: Clefable|Moonblast|p1a: Garganacl
|-damage|p1a: Garganacl|1/100
|move|p1a: Garganacl|Recover|p1a: Garganacl
|-heal|p1a: Garganacl|52/100
|
|-heal|p2a: Clefable|100/100|[from] item: Leftovers
|-heal|p1a: Garganacl|58/100|[from] item: Leftovers
|upkeep
|turn|24
|
|t:|1758245760
|move|p2a: Clefable|Knock Off|p1a: Garganacl
|-damage|p1a: Garganacl|48/100
|-enditem|p1a: Garganacl|Leftovers|[from] move: Knock Off|[of] p2a: Clefable
|move|p1a: Garganacl|Recover|p1a: Garganacl
|-heal|p1a: Garganacl|98/100
|
|upkeep
|turn|25
|
|t:|1758245764
|switch|p2a: Piles of Dust|Garganacl, M|69/100
|move|p1a: Garganacl|Curse|p1a: Garganacl
|-unboost|p1a: Garganacl|spe|1
|-boost|p1a: Garganacl|atk|1
|-boost|p1a: Garganacl|def|1
|
|-heal|p2a: Piles of Dust|75/100|[from] item: Leftovers
|upkeep
|turn|26
|
|t:|1758245769
|move|p2a: Piles of Dust|Salt Cure|p1a: Garganacl
|-damage|p1a: Garganacl|91/100
|-start|p1a: Garganacl|Salt Cure
|move|p1a: Garganacl|Earthquake|p2a: Piles of Dust
|-supereffective|p2a: Piles of Dust
|-damage|p2a: Piles of Dust|29/100
|
|-heal|p2a: Piles of Dust|35/100|[from] item: Leftovers
|-damage|p1a: Garganacl|79/100|[from] Salt Cure
|upkeep
|turn|27
|
|t:|1758245773
|switch|p2a: Clefable|Clefable, F|100/100
|move|p1a: Garganacl|Curse|p1a: Garganacl
|-unboost|p1a: Garganacl|spe|1
|-boost|p1a: Garganacl|atk|1
|-boost|p1a: Garganacl|def|1
|
|-damage|p1a: Garganacl|66/100|[from] Salt Cure
|upkeep
|turn|28
|
|t:|1758245782
|move|p2a: Clefable|Moonblast|p1a: Garganacl
|-damage|p1a: Garganacl|45/100
|move|p1a: Garganacl|Earthquake|p2a: Clefable
|-damage|p2a: Clefable|84/100
|
|-heal|p2a: Clefable|90/100|[from] item: Leftovers
|-damage|p1a: Garganacl|32/100|[from] Salt Cure
|upkeep
|turn|29
|
|t:|1758245792
|move|p2a: Clefable|Moonblast|p1a: Garganacl
|-damage|p1a: Garganacl|12/100
|-unboost|p1a: Garganacl|spa|1
|move|p1a: Garganacl|Recover|p1a: Garganacl
|-heal|p1a: Garganacl|62/100
|
|-heal|p2a: Clefable|96/100|[from] item: Leftovers
|-damage|p1a: Garganacl|50/100|[from] Salt Cure
|upkeep
|turn|30
|
|t:|1758245797
|move|p2a: Clefable|Moonblast|p1a: Garganacl
|-damage|p1a: Garganacl|28/100
|move|p1a: Garganacl|Salt Cure|p2a: Clefable
|-damage|p2a: Clefable|85/100
|-start|p2a: Clefable|Salt Cure
|
|-heal|p2a: Clefable|91/100|[from] item: Leftovers
|-damage|p2a: Clefable|78/100|[from] Salt Cure
|-damage|p1a: Garganacl|16/100|[from] Salt Cure
|upkeep
|turn|31
|
|t:|1758245811
|switch|p2a: Piles of Dust|Garganacl, M|35/100
|switch|p1a: Great Tusk|Great Tusk|48/100
|
|-heal|p2a: Piles of Dust|41/100|[from] item: Leftovers
|upkeep
|turn|32
|
|t:|1758245827
|move|p1a: Great Tusk|Rapid Spin|p2a: Piles of Dust
|-resisted|p2a: Piles of Dust
|-damage|p2a: Piles of Dust|36/100
|-boost|p1a: Great Tusk|spe|1
|-sideend|p1: Biger01|Stealth Rock|[from] move: Rapid Spin|[of] p1a: Great Tusk
|move|p2a: Piles of Dust|Salt Cure|p1a: Great Tusk
|-resisted|p1a: Great Tusk
|-damage|p1a: Great Tusk|46/100
|-start|p1a: Great Tusk|Salt Cure
|
|-heal|p2a: Piles of Dust|42/100|[from] item: Leftovers
|-damage|p1a: Great Tusk|34/100|[from] Salt Cure
|upkeep
|turn|33
|
|t:|1758245837
|-end|p1a: Great Tusk|Protosynthesis|[silent]
|switch|p1a: Garganacl|Garganacl, M|16/100
|move|p2a: Piles of Dust|Protect||[still]
|-fail|p2a: Piles of Dust
|
|-heal|p2a: Piles of Dust|49/100|[from] item: Leftovers
|upkeep
|turn|34
|
|t:|1758245843
|move|p1a: Garganacl|Recover|p1a: Garganacl
|-heal|p1a: Garganacl|66/100
|move|p2a: Piles of Dust|Salt Cure|p1a: Garganacl
|-damage|p1a: Garganacl|57/100
|-start|p1a: Garganacl|Salt Cure
|
|-heal|p2a: Piles of Dust|55/100|[from] item: Leftovers
|-damage|p1a: Garganacl|45/100|[from] Salt Cure
|upkeep
|turn|35
|
|t:|1758245854
|switch|p1a: Great Tusk|Great Tusk|34/100
|move|p2a: Piles of Dust|Stealth Rock|p1a: Great Tusk
|-sidestart|p1: Biger01|move: Stealth Rock
|
|-heal|p2a: Piles of Dust|61/100|[from] item: Leftovers
|upkeep
|turn|36
|
|t:|1758245866
|move|p1a: Great Tusk|Close Combat|p2a: Piles of Dust
|-supereffective|p2a: Piles of Dust
|-damage|p2a: Piles of Dust|0 fnt
|-unboost|p1a: Great Tusk|def|1
|-unboost|p1a: Great Tusk|spd|1
|faint|p2a: Piles of Dust
|
|upkeep
|
|t:|1758245871
|switch|p2a: Rouxls Kaard|Manaphy|31/100
|turn|37
|
|t:|1758245874
|move|p2a: Rouxls Kaard|Alluring Voice|p1a: Great Tusk
|-supereffective|p1a: Great Tusk
|-damage|p1a: Great Tusk|0 fnt
|faint|p1a: Great Tusk
|-end|p1a: Great Tusk|Protosynthesis|[silent]
|
|upkeep
|
|t:|1758245876
|switch|p1a: Dragapult|Dragapult, M|33/100
|turn|38
|
|t:|1758245881
|switch|p2a: Clefable|Clefable, F|78/100
|move|p1a: Dragapult|Hex|p2a: Clefable
|-damage|p2a: Clefable|55/100
|
|-heal|p2a: Clefable|61/100|[from] item: Leftovers
|upkeep
|turn|39
|
|t:|1758245891
|move|p1a: Dragapult|U-turn|p2a: Clefable
|-resisted|p2a: Clefable
|-damage|p2a: Clefable|53/100
|
|t:|1758245892
|switch|p1a: Garganacl|Garganacl, M|45/100|[from] U-turn
|-damage|p1a: Garganacl|33/100|[from] Stealth Rock
|move|p2a: Clefable|Moonblast|p1a: Garganacl
|-damage|p1a: Garganacl|12/100
|-unboost|p1a: Garganacl|spa|1
|
|-heal|p2a: Clefable|59/100|[from] item: Leftovers
|upkeep
|turn|40
|
|t:|1758245896
|move|p2a: Clefable|Moonblast|p1a: Garganacl
|-damage|p1a: Garganacl|0 fnt
|faint|p1a: Garganacl
|
|-heal|p2a: Clefable|65/100|[from] item: Leftovers
|upkeep
|
|t:|1758245899
|switch|p1a: Keldeo|Keldeo-Resolute|94/100
|-damage|p1a: Keldeo|88/100|[from] Stealth Rock
|turn|41
|inactive|DarkWorldMinun has 120 seconds left.
|
|t:|1758245946
|move|p1a: Keldeo|Surf|p2a: Clefable
|-damage|p2a: Clefable|0 fnt
|faint|p2a: Clefable
|
|upkeep
|
|t:|1758245950
|switch|p2a: Rouxls Kaard|Manaphy|31/100
|turn|42
|
|t:|1758245961
|move|p1a: Keldeo|Surf|p2a: Rouxls Kaard
|-resisted|p2a: Rouxls Kaard
|-damage|p2a: Rouxls Kaard|0 fnt
|faint|p2a: Rouxls Kaard
|
|upkeep
|
|t:|1758245965
|switch|p2a: Cinderace|Cinderace, M|100/100
|turn|43
|inactive|DarkWorldMinun has 120 seconds left.
|
|t:|1758245981
|move|p2a: Cinderace|U-turn|p1a: Keldeo
|-start|p2a: Cinderace|typechange|Bug|[from] ability: Libero
|-resisted|p1a: Keldeo
|-damage|p1a: Keldeo|67/100
|move|p1a: Keldeo|Surf|p2a: Cinderace
|-damage|p2a: Cinderace|7/100
|
|upkeep
|turn|44
|c|☆Biger01|Man i thought you were magic guard clef for so long
|inactive|Biger01 has 120 seconds left.
|
|t:|1758246011
|move|p2a: Cinderace|Pyro Ball|p1a: Keldeo
|-resisted|p1a: Keldeo
|-damage|p1a: Keldeo|45/100
|move|p1a: Keldeo|Surf|p2a: Cinderace
|-damage|p2a: Cinderace|0 fnt
|faint|p2a: Cinderace
|
|win|Biger01
|raw|Biger01's rating: 1385 &rarr; <strong>1402</strong><br />(+17 for winning)
|raw|DarkWorldMinun's rating: 1331 &rarr; <strong>1314</strong><br />(-17 for losing)
|l|☆DarkWorldMinun
|player|p2|
