|j|☆ILoveAdaWong22
|j|☆Hyundai sim pour
|t:|1758283435
|gametype|singles
|player|p1|ILoveAdaWong22|volkner|1227
|player|p2|Hyundai sim pour|170|1223
|gen|9
|tier|[Gen 9] OU
|rated|
|rule|HP Percentage Mod: HP is shown in percentages
|rule|Endless Battle Clause: Forcing endless battles is banned
|rule|Species Clause: Limit one of each Pokémon
|rule|OHKO Clause: OHKO moves are banned
|rule|Evasion Items Clause: Evasion items are banned
|rule|Evasion Moves Clause: Evasion moves are banned
|rule|Evasion Abilities Clause: Evasion abilities are banned
|rule|Sleep Moves Clause: Sleep-inducing moves are banned
|clearpoke
|poke|p1|Goodra-Hisui, M|
|poke|p1|Slowking-Galar, M|
|poke|p1|Ursaluna, F|
|poke|p1|Oricorio-Pom-Pom, F|
|poke|p1|Zamazenta-*|
|poke|p1|Ogerpon-Wellspring, F|
|poke|p2|Garganacl, F|
|poke|p2|Dragapult, M|
|poke|p2|Great Tusk|
|poke|p2|Corviknight, F|
|poke|p2|Tyranitar, M|
|poke|p2|Kingambit, F|
|teampreview
|inactive|Battle timer is ON: inactive players will automatically lose when time's up. (requested by ILoveAdaWong22)
|
|t:|1758283444
|teamsize|p1|6
|teamsize|p2|6
|start
|switch|p1a: Ogerpon|Ogerpon-Wellspring, F|100/100
|switch|p2a: Garganacl|Garganacl, F|100/100
|turn|1
|
|t:|1758283454
|switch|p2a: Corviknight|Corviknight, F|100/100
|move|p1a: Ogerpon|Ivy Cudgel|p2a: Corviknight|[anim] Ivy Cudgel Water
|-damage|p2a: Corviknight|66/100
|
|upkeep
|turn|2
|
|t:|1758283462
|move|p1a: Ogerpon|Spiky Shield|p1a: Ogerpon
|-singleturn|p1a: Ogerpon|move: Protect
|move|p2a: Corviknight|Iron Defense|p2a: Corviknight
|-boost|p2a: Corviknight|def|2
|
|upkeep
|turn|3
|
|t:|1758283471
|switch|p1a: Goodra|Goodra-Hisui, M|100/100
|move|p2a: Corviknight|Brave Bird|p1a: Goodra
|-resisted|p1a: Goodra
|-damage|p1a: Goodra|81/100
|-damage|p2a: Corviknight|61/100|[from] Recoil
|
|upkeep
|turn|4
|
|t:|1758283480
|move|p2a: Corviknight|Body Press|p1a: Goodra
|-supereffective|p1a: Goodra
|-damage|p1a: Goodra|0 fnt
|faint|p1a: Goodra
|
|upkeep
|
|t:|1758283482
|switch|p1a: Oricorio|Oricorio-Pom-Pom, F, shiny|100/100
|turn|5
|
|t:|1758283493
|move|p1a: Oricorio|Quiver Dance|p1a: Oricorio
|-boost|p1a: Oricorio|spa|1
|-boost|p1a: Oricorio|spd|1
|-boost|p1a: Oricorio|spe|1
|move|p2a: Corviknight|Body Press|p1a: Oricorio
|-resisted|p1a: Oricorio
|-damage|p1a: Oricorio|67/100
|
|-heal|p1a: Oricorio|73/100|[from] item: Leftovers
|upkeep
|turn|6
|
|t:|1758283504
|move|p1a: Oricorio|Revelation Dance|p2a: Corviknight
|-supereffective|p2a: Corviknight
|-damage|p2a: Corviknight|0 fnt
|faint|p2a: Corviknight
|
|-heal|p1a: Oricorio|79/100|[from] item: Leftovers
|upkeep
|
|t:|1758283512
|switch|p2a: Great Tusk|Great Tusk|100/100
|turn|7
|
|t:|1758283527
|move|p1a: Oricorio|Air Slash|p2a: Great Tusk
|-supereffective|p2a: Great Tusk
|-damage|p2a: Great Tusk|0 fnt
|faint|p2a: Great Tusk
|-end|p2a: Great Tusk|Protosynthesis|[silent]
|
|-heal|p1a: Oricorio|86/100|[from] item: Leftovers
|upkeep
|
|t:|1758283534
|switch|p2a: Tyranitar|Tyranitar, M|100/100
|-weather|Sandstorm|[from] ability: Sand Stream|[of] p2a: Tyranitar
|turn|8
|
|t:|1758283550
|move|p1a: Oricorio|Revelation Dance|p2a: Tyranitar
|-damage|p2a: Tyranitar|85/100
|move|p2a: Tyranitar|Rock Slide|p1a: Oricorio
|-supereffective|p1a: Oricorio
|-damage|p1a: Oricorio|0 fnt
|faint|p1a: Oricorio
|
|-weather|Sandstorm|[upkeep]
|upkeep
|
|t:|1758283557
|switch|p1a: Ursaluna|Ursaluna, F|100/100
|turn|9
|
|t:|1758283563
|move|p2a: Tyranitar|Brick Break|p1a: Ursaluna
|-supereffective|p1a: Ursaluna
|-damage|p1a: Ursaluna|63/100
|move|p1a: Ursaluna|Bulk Up|p1a: Ursaluna
|-boost|p1a: Ursaluna|atk|1
|-boost|p1a: Ursaluna|def|1
|
|-weather|Sandstorm|[upkeep]
|-status|p1a: Ursaluna|brn|[from] item: Flame Orb
|upkeep
|turn|10
|
|t:|1758283573
|move|p2a: Tyranitar|Ice Punch|p1a: Ursaluna
|-supereffective|p1a: Ursaluna
|-damage|p1a: Ursaluna|40/100 brn
|move|p1a: Ursaluna|Earthquake|p2a: Tyranitar
|-supereffective|p2a: Tyranitar
|-damage|p2a: Tyranitar|0 fnt
|faint|p2a: Tyranitar
|
|-weather|Sandstorm|[upkeep]
|-damage|p1a: Ursaluna|33/100 brn|[from] brn
|upkeep
|
|t:|1758283584
|switch|p2a: Dragapult|Dragapult, M|100/100
|turn|11
|
|t:|1758283588
|move|p2a: Dragapult|Shadow Ball|p1a: Ursaluna
|-immune|p1a: Ursaluna
|move|p1a: Ursaluna|Throat Chop|p2a: Dragapult
|-supereffective|p2a: Dragapult
|-damage|p2a: Dragapult|0 fnt
|faint|p2a: Dragapult
|
|-weather|Sandstorm|[upkeep]
|-damage|p1a: Ursaluna|27/100 brn|[from] brn
|upkeep
|
|t:|1758283598
|switch|p2a: Garganacl|Garganacl, F|100/100
|turn|12
|
|t:|1758283603
|move|p1a: Ursaluna|Earthquake|p2a: Garganacl
|-supereffective|p2a: Garganacl
|-damage|p2a: Garganacl|0 fnt
|faint|p2a: Garganacl
|
|-weather|none
|-damage|p1a: Ursaluna|21/100 brn|[from] brn
|upkeep
|
|t:|1758283610
|switch|p2a: Kingambit|Kingambit, F|100/100
|-activate|p2a: Kingambit|ability: Supreme Overlord
|-start|p2a: Kingambit|fallen5|[silent]
|turn|13
|
|t:|1758283617
|move|p2a: Kingambit|Sucker Punch|p1a: Ursaluna
|-damage|p1a: Ursaluna|0 fnt
|faint|p1a: Ursaluna
|
|upkeep
|
|t:|1758283620
|switch|p1a: Zamazenta|Zamazenta|100/100
|-ability|p1a: Zamazenta|Dauntless Shield|boost
|-boost|p1a: Zamazenta|def|1
|turn|14
|
|t:|1758283628
|move|p1a: Zamazenta|Body Press|p2a: Kingambit
|-supereffective|p2a: Kingambit
|-damage|p2a: Kingambit|0 fnt
|faint|p2a: Kingambit
|-end|p2a: Kingambit|fallen5|[silent]
|
|win|ILoveAdaWong22
|raw|ILoveAdaWong22's rating: 1227 &rarr; <strong>1252</strong><br />(+25 for winning)
|raw|Hyundai sim pour's rating: 1223 &rarr; <strong>1198</strong><br />(-25 for losing)
|l|☆Hyundai sim pour
|player|p2|
|l|☆ILoveAdaWong22
|player|p1|
