|j|☆hoihouh
|j|☆xvanli
|t:|1758347739
|gametype|singles
|player|p1|hoihouh|1|1183
|player|p2|xvanli|steven|1155
|gen|9
|tier|[Gen 9] OU
|rated|
|rule|HP Percentage Mod: HP is shown in percentages
|rule|Endless Battle Clause: Forcing endless battles is banned
|rule|Species Clause: Limit one of each Pokémon
|rule|OHKO Clause: OHKO moves are banned
|rule|Evasion Items Clause: Evasion items are banned
|rule|Evasion Moves Clause: Evasion moves are banned
|rule|Evasion Abilities Clause: Evasion abilities are banned
|rule|Sleep Moves Clause: Sleep-inducing moves are banned
|clearpoke
|poke|p1|Ogerpon-Wellspring, F|
|poke|p1|Raging Bolt|
|poke|p1|Ting-Lu|
|poke|p1|Gholdengo|
|poke|p1|Kingambit, F|
|poke|p1|Garganacl, M|
|poke|p2|Tyranitar, F|
|poke|p2|Gastrodon, M|
|poke|p2|Excadrill, F|
|poke|p2|Skarmory, F|
|poke|p2|Gholdengo|
|poke|p2|Tinkaton, F|
|teampreview
|inactive|Battle timer is ON: inactive players will automatically lose when time's up. (requested by xvanli)
|
|t:|1758347758
|teamsize|p1|6
|teamsize|p2|6
|start
|switch|p1a: Ogerpon|Ogerpon-Wellspring, F|100/100
|switch|p2a: Skarmory|Skarmory, F|100/100
|turn|1
|
|t:|1758347770
|move|p1a: Ogerpon|Knock Off|p2a: Skarmory
|-damage|p2a: Skarmory|78/100
|-enditem|p2a: Skarmory|Sitrus Berry|[from] move: Knock Off|[of] p1a: Ogerpon
|move|p2a: Skarmory|Spikes|p1a: Ogerpon
|-sidestart|p1: hoihouh|Spikes
|
|upkeep
|turn|2
|
|t:|1758347778
|move|p1a: Ogerpon|Ivy Cudgel|p2a: Skarmory|[anim] Ivy Cudgel Water
|-damage|p2a: Skarmory|43/100
|move|p2a: Skarmory|Spikes|p1a: Ogerpon
|-sidestart|p1: hoihouh|Spikes
|
|upkeep
|turn|3
|
|t:|1758347785
|move|p1a: Ogerpon|Ivy Cudgel|p2a: Skarmory|[anim] Ivy Cudgel Water
|-damage|p2a: Skarmory|6/100
|move|p2a: Skarmory|Roost|p2a: Skarmory
|-heal|p2a: Skarmory|56/100
|-singleturn|p2a: Skarmory|move: Roost
|
|upkeep
|turn|4
|
|t:|1758347793
|move|p1a: Ogerpon|Spikes|p2a: Skarmory
|-sidestart|p2: xvanli|Spikes
|move|p2a: Skarmory|Roost|p2a: Skarmory
|-heal|p2a: Skarmory|100/100
|-singleturn|p2a: Skarmory|move: Roost
|
|upkeep
|turn|5
|
|t:|1758347800
|move|p1a: Ogerpon|Spikes|p2a: Skarmory
|-sidestart|p2: xvanli|Spikes
|move|p2a: Skarmory|Whirlwind|p1a: Ogerpon
|drag|p1a: Gholdengo|Gholdengo|100/100
|-damage|p1a: Gholdengo|84/100|[from] Spikes
|
|upkeep
|turn|6
|
|t:|1758347810
|switch|p2a: Tyranitar|Tyranitar, F|100/100
|-damage|p2a: Tyranitar|84/100|[from] Spikes
|-weather|Sandstorm|[from] ability: Sand Stream|[of] p2a: Tyranitar
|move|p1a: Gholdengo|Shadow Ball|p2a: Tyranitar
|-resisted|p2a: Tyranitar
|-damage|p2a: Tyranitar|71/100
|
|-weather|Sandstorm|[upkeep]
|upkeep
|turn|7
|
|t:|1758347821
|switch|p1a: Ogerpon|Ogerpon-Wellspring, F|100/100
|-damage|p1a: Ogerpon|84/100|[from] Spikes
|move|p2a: Tyranitar|Brick Break|p1a: Ogerpon
|-damage|p1a: Ogerpon|45/100
|
|-weather|Sandstorm|[upkeep]
|-damage|p1a: Ogerpon|39/100|[from] Sandstorm
|upkeep
|turn|8
|
|t:|1758347832
|switch|p2a: Gastrodon|Gastrodon, M, shiny|100/100
|-damage|p2a: Gastrodon|84/100|[from] Spikes
|move|p1a: Ogerpon|Knock Off|p2a: Gastrodon
|-damage|p2a: Gastrodon|48/100
|-enditem|p2a: Gastrodon|Leftovers|[from] move: Knock Off|[of] p1a: Ogerpon
|
|-weather|Sandstorm|[upkeep]
|-damage|p1a: Ogerpon|33/100|[from] Sandstorm
|upkeep
|turn|9
|
|t:|1758347843
|move|p1a: Ogerpon|U-turn|p2a: Gastrodon
|-damage|p2a: Gastrodon|20/100
|
|t:|1758347851
|switch|p1a: Kingambit|Kingambit, F|100/100|[from] U-turn
|-damage|p1a: Kingambit|84/100|[from] Spikes
|move|p2a: Gastrodon|Stealth Rock|p1a: Kingambit
|-sidestart|p1: hoihouh|move: Stealth Rock
|
|-weather|Sandstorm|[upkeep]
|-heal|p1a: Kingambit|90/100|[from] item: Leftovers
|upkeep
|turn|10
|
|t:|1758347861
|switch|p2a: Skarmory|Skarmory, F|100/100
|move|p1a: Kingambit|Sucker Punch||[still]
|-fail|p1a: Kingambit
|
|-weather|none
|-heal|p1a: Kingambit|96/100|[from] item: Leftovers
|upkeep
|turn|11
|
|t:|1758347870
|move|p1a: Kingambit|Swords Dance|p1a: Kingambit
|-boost|p1a: Kingambit|atk|2
|move|p2a: Skarmory|Body Press|p1a: Kingambit
|-supereffective|p1a: Kingambit
|-damage|p1a: Kingambit|0 fnt
|faint|p1a: Kingambit
|-end|p1a: Kingambit|fallenundefined|[silent]
|
|upkeep
|
|t:|1758347878
|switch|p1a: Raging Bolt|Raging Bolt|100/100
|-damage|p1a: Raging Bolt|84/100|[from] Spikes
|-damage|p1a: Raging Bolt|72/100|[from] Stealth Rock
|-enditem|p1a: Raging Bolt|Booster Energy
|-activate|p1a: Raging Bolt|ability: Protosynthesis|[fromitem]
|-start|p1a: Raging Bolt|protosynthesisspa
|turn|12
|
|t:|1758347886
|switch|p2a: Excadrill|Excadrill, F|100/100
|-damage|p2a: Excadrill|84/100|[from] Spikes
|move|p1a: Raging Bolt|Calm Mind|p1a: Raging Bolt
|-boost|p1a: Raging Bolt|spa|1
|-boost|p1a: Raging Bolt|spd|1
|
|upkeep
|turn|13
|
|t:|1758347895
|-terastallize|p1a: Raging Bolt|Fairy
|move|p2a: Excadrill|Rapid Spin|p1a: Raging Bolt
|-damage|p1a: Raging Bolt|53/100
|-boost|p2a: Excadrill|spe|1
|-sideend|p2: xvanli|Spikes|[from] move: Rapid Spin|[of] p2a: Excadrill
|move|p1a: Raging Bolt|Dragon Pulse|p2a: Excadrill
|-resisted|p2a: Excadrill
|-damage|p2a: Excadrill|20/100
|
|upkeep
|turn|14
|
|t:|1758347906
|move|p2a: Excadrill|Iron Head|p1a: Raging Bolt
|-supereffective|p1a: Raging Bolt
|-damage|p1a: Raging Bolt|0 fnt
|faint|p1a: Raging Bolt
|-end|p1a: Raging Bolt|Protosynthesis|[silent]
|
|upkeep
|
|t:|1758347910
|switch|p1a: Ogerpon|Ogerpon-Wellspring, F|33/100
|-damage|p1a: Ogerpon|16/100|[from] Spikes
|-damage|p1a: Ogerpon|4/100|[from] Stealth Rock
|turn|15
|-message|hoihouh forfeited.
|
|win|xvanli
|raw|hoihouh's rating: 1183 &rarr; <strong>1156</strong><br />(-27 for losing)
|raw|xvanli's rating: 1155 &rarr; <strong>1182</strong><br />(+27 for winning)
|l|☆hoihouh
|player|p1|
|l|☆xvanli
|player|p2|
