|j|☆LordFueg
|j|☆4DEF+4SPD=GG
|t:|1758326078
|gametype|singles
|player|p1|LordFueg|2|1472
|player|p2|4DEF+4SPD=GG|preschooler|1497
|gen|9
|tier|[Gen 9] OU
|rated|
|rule|HP Percentage Mod: HP is shown in percentages
|rule|Endless Battle Clause: Forcing endless battles is banned
|rule|Species Clause: Limit one of each Pokémon
|rule|OHKO Clause: OHKO moves are banned
|rule|Evasion Items Clause: Evasion items are banned
|rule|Evasion Moves Clause: Evasion moves are banned
|rule|Evasion Abilities Clause: Evasion abilities are banned
|rule|Sleep Moves Clause: Sleep-inducing moves are banned
|clearpoke
|poke|p1|Comfey, M|
|poke|p1|Whimsicott, F|
|poke|p1|Ting-Lu|
|poke|p1|Walking Wake|
|poke|p1|Great Tusk|
|poke|p1|Ninetales, F|
|poke|p2|Tyranitar, M|
|poke|p2|Excadrill, M|
|poke|p2|Corviknight, M|
|poke|p2|Glimmora, M|
|poke|p2|Hippowdon, M|
|poke|p2|Scizor, M|
|teampreview
|inactive|Battle timer is ON: inactive players will automatically lose when time's up. (requested by 4DEF+4SPD=GG)
|inactive|LordFueg also wants the timer to be on.
|
|t:|1758326089
|teamsize|p1|6
|teamsize|p2|6
|start
|switch|p1a: Great Tusk|Great Tusk|100/100
|switch|p2a: Scizor|Scizor, M|100/100
|turn|1
|
|t:|1758326104
|switch|p2a: Corviknight|Corviknight, M|100/100
|move|p1a: Great Tusk|Rapid Spin|p2a: Corviknight
|-resisted|p2a: Corviknight
|-damage|p2a: Corviknight|94/100
|-boost|p1a: Great Tusk|spe|1
|-damage|p1a: Great Tusk|84/100|[from] item: Rocky Helmet|[of] p2a: Corviknight
|
|upkeep
|turn|2
|
|t:|1758326116
|-end|p1a: Great Tusk|Protosynthesis|[silent]
|switch|p1a: Ting-Lu|Ting-Lu|100/100
|-ability|p1a: Ting-Lu|Vessel of Ruin
|move|p2a: Corviknight|Brave Bird|p1a: Ting-Lu
|-damage|p1a: Ting-Lu|80/100
|-damage|p2a: Corviknight|85/100|[from] Recoil
|
|-heal|p1a: Ting-Lu|86/100|[from] item: Leftovers
|upkeep
|turn|3
|
|t:|1758326125
|move|p1a: Ting-Lu|Stealth Rock|p2a: Corviknight
|-sidestart|p2: 4DEF+4SPD=GG|move: Stealth Rock
|move|p2a: Corviknight|U-turn|p1a: Ting-Lu
|-supereffective|p1a: Ting-Lu
|-damage|p1a: Ting-Lu|70/100
|
|t:|1758326127
|switch|p2a: Scizor|Scizor, M|100/100|[from] U-turn
|-damage|p2a: Scizor|88/100|[from] Stealth Rock
|
|-heal|p1a: Ting-Lu|77/100|[from] item: Leftovers
|upkeep
|turn|4
|inactive|LordFueg has 120 seconds left.
|
|t:|1758326175
|switch|p1a: Great Tusk|Great Tusk|84/100
|move|p2a: Scizor|U-turn|p1a: Great Tusk
|-resisted|p1a: Great Tusk
|-crit|p1a: Great Tusk
|-damage|p1a: Great Tusk|54/100
|-damage|p2a: Scizor|71/100|[from] item: Rocky Helmet|[of] p1a: Great Tusk
|
|t:|1758326177
|switch|p2a: Corviknight|Corviknight, M|85/100|[from] U-turn
|-damage|p2a: Corviknight|73/100|[from] Stealth Rock
|
|upkeep
|turn|5
|
|t:|1758326184
|-end|p1a: Great Tusk|Protosynthesis|[silent]
|switch|p1a: Ninetales|Ninetales, F|100/100
|-weather|SunnyDay|[from] ability: Drought|[of] p1a: Ninetales
|move|p2a: Corviknight|Defog|p1a: Ninetales
|-unboost|p1a: Ninetales|evasion|1
|-sideend|p2: 4DEF+4SPD=GG|Stealth Rock|[from] move: Defog|[of] p2a: Corviknight
|
|-weather|SunnyDay|[upkeep]
|upkeep
|turn|6
|inactive|LordFueg has 120 seconds left.
|
|t:|1758326205
|switch|p2a: Tyranitar|Tyranitar, M|100/100
|-weather|Sandstorm|[from] ability: Sand Stream|[of] p2a: Tyranitar
|move|p1a: Ninetales|Will-O-Wisp|p2a: Tyranitar
|-status|p2a: Tyranitar|brn
|
|-weather|Sandstorm|[upkeep]
|-damage|p1a: Ninetales|94/100|[from] Sandstorm
|-damage|p2a: Tyranitar|94/100 brn|[from] brn
|upkeep
|turn|7
|
|t:|1758326212
|switch|p1a: Great Tusk|Great Tusk|54/100
|move|p2a: Tyranitar|Knock Off|p1a: Great Tusk
|-resisted|p1a: Great Tusk
|-damage|p1a: Great Tusk|49/100
|-damage|p2a: Tyranitar|78/100 brn|[from] item: Rocky Helmet|[of] p1a: Great Tusk
|-enditem|p1a: Great Tusk|Rocky Helmet|[from] move: Knock Off|[of] p2a: Tyranitar
|
|-weather|Sandstorm|[upkeep]
|-damage|p2a: Tyranitar|72/100 brn|[from] brn
|upkeep
|turn|8
|
|t:|1758326227
|switch|p2a: Corviknight|Corviknight, M|73/100
|move|p1a: Great Tusk|Close Combat|p2a: Corviknight
|-damage|p2a: Corviknight|29/100
|-unboost|p1a: Great Tusk|def|1
|-unboost|p1a: Great Tusk|spd|1
|-damage|p1a: Great Tusk|32/100|[from] item: Rocky Helmet|[of] p2a: Corviknight
|
|-weather|Sandstorm|[upkeep]
|upkeep
|turn|9
|
|t:|1758326233
|move|p1a: Great Tusk|Close Combat|p2a: Corviknight
|-damage|p2a: Corviknight|0 fnt
|-unboost|p1a: Great Tusk|def|1
|-unboost|p1a: Great Tusk|spd|1
|-damage|p1a: Great Tusk|15/100|[from] item: Rocky Helmet|[of] p2a: Corviknight
|faint|p2a: Corviknight
|
|-weather|Sandstorm|[upkeep]
|upkeep
|
|t:|1758326241
|switch|p2a: Excadrill|Excadrill, M|100/100
|turn|10
|inactive|LordFueg has 120 seconds left.
|inactive|LordFueg has 90 seconds left.
|
|t:|1758326287
|move|p2a: Excadrill|Rapid Spin|p1a: Great Tusk
|-damage|p1a: Great Tusk|0 fnt
|-boost|p2a: Excadrill|spe|1
|faint|p1a: Great Tusk
|-end|p1a: Great Tusk|Protosynthesis|[silent]
|
|-weather|Sandstorm|[upkeep]
|upkeep
|
|t:|1758326291
|switch|p1a: Ninetales|Ninetales, F|94/100
|-weather|SunnyDay|[from] ability: Drought|[of] p1a: Ninetales
|turn|11
|
|t:|1758326295
|switch|p1a: Ting-Lu|Ting-Lu|77/100
|-ability|p1a: Ting-Lu|Vessel of Ruin
|move|p2a: Excadrill|Earthquake|p1a: Ting-Lu
|-damage|p1a: Ting-Lu|46/100
|
|-weather|SunnyDay|[upkeep]
|-heal|p1a: Ting-Lu|52/100|[from] item: Leftovers
|upkeep
|turn|12
|
|t:|1758326305
|switch|p2a: Scizor|Scizor, M|71/100
|move|p1a: Ting-Lu|Stealth Rock|p2a: Scizor
|-sidestart|p2: 4DEF+4SPD=GG|move: Stealth Rock
|
|-weather|SunnyDay|[upkeep]
|-heal|p1a: Ting-Lu|58/100|[from] item: Leftovers
|upkeep
|turn|13
|
|t:|1758326309
|move|p2a: Scizor|U-turn|p1a: Ting-Lu
|-supereffective|p1a: Ting-Lu
|-damage|p1a: Ting-Lu|0 fnt
|faint|p1a: Ting-Lu
|
|t:|1758326317
|switch|p2a: Tyranitar|Tyranitar, M|72/100 brn|[from] U-turn
|-damage|p2a: Tyranitar|59/100 brn|[from] Stealth Rock
|-weather|Sandstorm|[from] ability: Sand Stream|[of] p2a: Tyranitar
|
|-weather|Sandstorm|[upkeep]
|-damage|p2a: Tyranitar|53/100 brn|[from] brn
|upkeep
|inactive|LordFueg has 120 seconds left.
|
|t:|1758326327
|switch|p1a: Ninetales|Ninetales, F|94/100
|-weather|SunnyDay|[from] ability: Drought|[of] p1a: Ninetales
|turn|14
|
|t:|1758326331
|switch|p1a: Walking Wake|Walking Wake|100/100
|-activate|p1a: Walking Wake|ability: Protosynthesis
|-start|p1a: Walking Wake|protosynthesisspe
|switch|p2a: Hippowdon|Hippowdon, M|100/100
|-damage|p2a: Hippowdon|94/100|[from] Stealth Rock
|-weather|Sandstorm|[from] ability: Sand Stream|[of] p2a: Hippowdon
|-end|p1a: Walking Wake|Protosynthesis
|
|-weather|Sandstorm|[upkeep]
|-damage|p1a: Walking Wake|94/100|[from] Sandstorm
|upkeep
|turn|15
|
|t:|1758326345
|-terastallize|p2a: Hippowdon|Ghost
|move|p1a: Walking Wake|Hydro Steam|p2a: Hippowdon
|-damage|p2a: Hippowdon|58/100
|move|p2a: Hippowdon|Stealth Rock|p1a: Walking Wake
|-sidestart|p1: LordFueg|move: Stealth Rock
|
|-weather|Sandstorm|[upkeep]
|-damage|p1a: Walking Wake|88/100|[from] Sandstorm
|-damage|p2a: Hippowdon|52/100|[from] Sandstorm
|upkeep
|turn|16
|
|t:|1758326360
|move|p1a: Walking Wake|Knock Off|p2a: Hippowdon
|-supereffective|p2a: Hippowdon
|-damage|p2a: Hippowdon|35/100
|-enditem|p2a: Hippowdon|Smooth Rock|[from] move: Knock Off|[of] p1a: Walking Wake
|move|p2a: Hippowdon|Slack Off|p2a: Hippowdon
|-heal|p2a: Hippowdon|85/100
|
|-weather|Sandstorm|[upkeep]
|-damage|p1a: Walking Wake|82/100|[from] Sandstorm
|-damage|p2a: Hippowdon|79/100|[from] Sandstorm
|upkeep
|turn|17
|
|t:|1758326371
|move|p1a: Walking Wake|Hydro Steam|p2a: Hippowdon
|-damage|p2a: Hippowdon|39/100
|move|p2a: Hippowdon|Slack Off|p2a: Hippowdon
|-heal|p2a: Hippowdon|89/100
|
|-weather|Sandstorm|[upkeep]
|-damage|p1a: Walking Wake|76/100|[from] Sandstorm
|-damage|p2a: Hippowdon|83/100|[from] Sandstorm
|upkeep
|turn|18
|
|t:|1758326377
|move|p1a: Walking Wake|Hydro Steam|p2a: Hippowdon
|-damage|p2a: Hippowdon|46/100
|move|p2a: Hippowdon|Bulldoze|p1a: Walking Wake
|-damage|p1a: Walking Wake|54/100
|-unboost|p1a: Walking Wake|spe|1
|
|-weather|Sandstorm|[upkeep]
|-damage|p1a: Walking Wake|48/100|[from] Sandstorm
|-damage|p2a: Hippowdon|40/100|[from] Sandstorm
|upkeep
|turn|19
|
|t:|1758326383
|move|p1a: Walking Wake|Draco Meteor|p2a: Hippowdon
|-damage|p2a: Hippowdon|0 fnt
|-unboost|p1a: Walking Wake|spa|2
|faint|p2a: Hippowdon
|
|-weather|Sandstorm|[upkeep]
|-damage|p1a: Walking Wake|42/100|[from] Sandstorm
|upkeep
|
|t:|1758326398
|switch|p2a: Scizor|Scizor, M|71/100
|-damage|p2a: Scizor|59/100|[from] Stealth Rock
|turn|20
|
|t:|1758326415
|move|p1a: Walking Wake|Flip Turn|p2a: Scizor
|-damage|p2a: Scizor|42/100
|
|t:|1758326421
|-end|p1a: Walking Wake|Protosynthesis|[silent]
|switch|p1a: Ninetales|Ninetales, F|94/100|[from] Flip Turn
|-damage|p1a: Ninetales|70/100|[from] Stealth Rock
|-weather|SunnyDay|[from] ability: Drought|[of] p1a: Ninetales
|move|p2a: Scizor|U-turn|p1a: Ninetales
|-resisted|p1a: Ninetales
|-damage|p1a: Ninetales|30/100
|
|t:|1758326426
|switch|p2a: Tyranitar|Tyranitar, M|53/100 brn|[from] U-turn
|-damage|p2a: Tyranitar|41/100 brn|[from] Stealth Rock
|-weather|Sandstorm|[from] ability: Sand Stream|[of] p2a: Tyranitar
|
|-weather|Sandstorm|[upkeep]
|-damage|p1a: Ninetales|24/100|[from] Sandstorm
|-damage|p2a: Tyranitar|34/100 brn|[from] brn
|upkeep
|turn|21
|
|t:|1758326439
|switch|p1a: Walking Wake|Walking Wake|42/100
|-damage|p1a: Walking Wake|30/100|[from] Stealth Rock
|move|p2a: Tyranitar|Knock Off|p1a: Walking Wake
|-damage|p1a: Walking Wake|12/100
|-enditem|p1a: Walking Wake|Assault Vest|[from] move: Knock Off|[of] p2a: Tyranitar
|
|-weather|Sandstorm|[upkeep]
|-damage|p1a: Walking Wake|6/100|[from] Sandstorm
|-damage|p2a: Tyranitar|28/100 brn|[from] brn
|upkeep
|turn|22
|
|t:|1758326445
|move|p1a: Walking Wake|Hydro Steam|p2a: Tyranitar
|-supereffective|p2a: Tyranitar
|-damage|p2a: Tyranitar|0 fnt
|faint|p2a: Tyranitar
|
|-weather|Sandstorm|[upkeep]
|-damage|p1a: Walking Wake|0 fnt|[from] Sandstorm
|faint|p1a: Walking Wake
|-end|p1a: Walking Wake|Protosynthesis|[silent]
|upkeep
|
|t:|1758326455
|switch|p1a: Ninetales|Ninetales, F|24/100
|switch|p2a: Glimmora|Glimmora, M|100/100
|-damage|p1a: Ninetales|0 fnt|[from] Stealth Rock
|faint|p1a: Ninetales
|-damage|p2a: Glimmora|88/100|[from] Stealth Rock
|
|t:|1758326468
|switch|p1a: Whimsicott|Whimsicott, F|100/100
|-damage|p1a: Whimsicott|88/100|[from] Stealth Rock
|turn|23
|
|t:|1758326474
|move|p1a: Whimsicott|Shadow Ball|p2a: Glimmora
|-damage|p2a: Glimmora|64/100
|-damage|p1a: Whimsicott|78/100|[from] item: Life Orb
|move|p2a: Glimmora|Sludge Wave|p1a: Whimsicott
|-supereffective|p1a: Whimsicott
|-crit|p1a: Whimsicott
|-damage|p1a: Whimsicott|0 fnt
|faint|p1a: Whimsicott
|
|-weather|Sandstorm|[upkeep]
|upkeep
|
|t:|1758326481
|switch|p1a: Comfey|Comfey, M|100/100
|-damage|p1a: Comfey|88/100|[from] Stealth Rock
|turn|24
|
|t:|1758326484
|-terastallize|p1a: Comfey|Water
|move|p2a: Glimmora|Sludge Wave|p1a: Comfey
|-damage|p1a: Comfey|28/100
|move|p1a: Comfey|Growth|p1a: Comfey
|-boost|p1a: Comfey|atk|1
|-boost|p1a: Comfey|spa|1
|
|-weather|Sandstorm|[upkeep]
|-damage|p1a: Comfey|22/100|[from] Sandstorm
|upkeep
|turn|25
|
|t:|1758326489
|move|p1a: Comfey|Draining Kiss|p2a: Glimmora
|-resisted|p2a: Glimmora
|-damage|p2a: Glimmora|46/100
|-heal|p1a: Comfey|36/100|[from] drain|[of] p2a: Glimmora
|-damage|p1a: Comfey|26/100|[from] item: Life Orb
|move|p2a: Glimmora|Meteor Beam||[still]
|-prepare|p2a: Glimmora|Meteor Beam
|-boost|p2a: Glimmora|spa|1
|-enditem|p2a: Glimmora|Power Herb
|-anim|p2a: Glimmora|Meteor Beam|p1a: Comfey|[miss]
|-miss|p2a: Glimmora|p1a: Comfey
|
|-weather|Sandstorm|[upkeep]
|-damage|p1a: Comfey|20/100|[from] Sandstorm
|upkeep
|turn|26
|-message|LordFueg forfeited.
|
|win|4DEF+4SPD=GG
|raw|LordFueg's rating: 1472 &rarr; <strong>1453</strong><br />(-19 for losing)
|raw|4DEF+4SPD=GG's rating: 1497 &rarr; <strong>1516</strong><br />(+19 for winning)
|l|☆LordFueg
|player|p1|
