|j|☆GoldGrifter
|j|☆Juggperc1
|t:|1758357131
|gametype|singles
|player|p1|GoldGrifter|clair|1300
|player|p2|Juggperc1|camper|1302
|gen|9
|tier|[Gen 9] OU
|rated|
|rule|HP Percentage Mod: HP is shown in percentages
|rule|Endless Battle Clause: Forcing endless battles is banned
|rule|Species Clause: Limit one of each Pokémon
|rule|OHKO Clause: OHKO moves are banned
|rule|Evasion Items Clause: Evasion items are banned
|rule|Evasion Moves Clause: Evasion moves are banned
|rule|Evasion Abilities Clause: Evasion abilities are banned
|rule|Sleep Moves Clause: Sleep-inducing moves are banned
|clearpoke
|poke|p1|Cinderace, M|
|poke|p1|Polteageist-Antique|
|poke|p1|Dragapult, M|
|poke|p1|Araquanid, F|
|poke|p1|Zamazenta-*|
|poke|p1|Greninja-*, M|
|poke|p2|Gardevoir, F|
|poke|p2|Ogerpon-Wellspring, F|
|poke|p2|Glimmora, M|
|poke|p2|Gliscor, F|
|poke|p2|Zamazenta-*|
|poke|p2|Weezing-Galar, F|
|teampreview
|inactive|Battle timer is ON: inactive players will automatically lose when time's up. (requested by GoldGrifter)
|
|t:|1758357157
|teamsize|p1|6
|teamsize|p2|6
|start
|switch|p1a: Araquanid|Araquanid, F|100/100
|switch|p2a: Glimmora|Glimmora, M|100/100
|turn|1
|
|t:|1758357163
|move|p2a: Glimmora|Power Gem|p1a: Araquanid
|-supereffective|p1a: Araquanid
|-damage|p1a: Araquanid|28/100
|move|p1a: Araquanid|Liquidation|p2a: Glimmora
|-supereffective|p2a: Glimmora
|-enditem|p2a: Glimmora|Focus Sash
|-damage|p2a: Glimmora|1/100
|-activate|p2a: Glimmora|ability: Toxic Debris
|-sidestart|p1: GoldGrifter|move: Toxic Spikes
|
|-heal|p1a: Araquanid|34/100|[from] item: Leftovers
|upkeep
|turn|2
|
|t:|1758357168
|move|p2a: Glimmora|Power Gem|p1a: Araquanid
|-supereffective|p1a: Araquanid
|-damage|p1a: Araquanid|0 fnt
|faint|p1a: Araquanid
|
|upkeep
|
|t:|1758357172
|switch|p1a: Greninja|Greninja, M|100/100
|-status|p1a: Greninja|psn
|turn|3
|
|t:|1758357180
|move|p1a: Greninja|Dark Pulse|p2a: Glimmora
|-damage|p2a: Glimmora|0 fnt
|faint|p2a: Glimmora
|-ability|p1a: Greninja|Battle Bond|boost
|-boost|p1a: Greninja|atk|1
|-boost|p1a: Greninja|spa|1
|-boost|p1a: Greninja|spe|1
|-activate|p1a: Greninja|ability: Battle Bond
|
|-damage|p1a: Greninja|88/100 psn|[from] psn
|upkeep
|
|t:|1758357198
|switch|p2a: Weezing|Weezing-Galar, F|100/100
|-ability|p2a: Weezing|Neutralizing Gas
|-item|p2a: Weezing|Air Balloon
|turn|4
|
|t:|1758357205
|move|p1a: Greninja|Extrasensory|p2a: Weezing
|-supereffective|p2a: Weezing
|-damage|p2a: Weezing|0 fnt
|-enditem|p2a: Weezing|Air Balloon
|faint|p2a: Weezing
|-end|p2a: Weezing|ability: Neutralizing Gas
|
|-damage|p1a: Greninja|76/100 psn|[from] psn
|upkeep
|
|t:|1758357208
|switch|p2a: Gardevoir|Gardevoir, F|100/100
|turn|5
|
|t:|1758357217
|-terastallize|p1a: Greninja|Water
|move|p1a: Greninja|Water Shuriken|p2a: Gardevoir
|-damage|p2a: Gardevoir|85/100
|-damage|p2a: Gardevoir|69/100
|-crit|p2a: Gardevoir
|-damage|p2a: Gardevoir|46/100
|-damage|p2a: Gardevoir|30/100
|-damage|p2a: Gardevoir|15/100
|-hitcount|p2a: Gardevoir|5
|move|p2a: Gardevoir|Moonblast|p1a: Greninja
|-damage|p1a: Greninja|2/100 psn
|
|-damage|p1a: Greninja|0 fnt|[from] psn
|faint|p1a: Greninja
|upkeep
|
|t:|1758357224
|switch|p1a: Polteageist|Polteageist-Antique|100/100
|-ability|p2a: Gardevoir|Weak Armor|Trace|[from] ability: Trace|[of] p1a: Polteageist
|-status|p1a: Polteageist|psn
|turn|6
|
|t:|1758357232
|switch|p2a: Zamazenta|Zamazenta|100/100
|-ability|p2a: Zamazenta|Dauntless Shield|boost
|-boost|p2a: Zamazenta|def|1
|move|p1a: Polteageist|Shell Smash|p1a: Polteageist
|-unboost|p1a: Polteageist|def|1
|-unboost|p1a: Polteageist|spd|1
|-boost|p1a: Polteageist|atk|2
|-boost|p1a: Polteageist|spa|2
|-boost|p1a: Polteageist|spe|2
|-enditem|p1a: Polteageist|White Herb
|-clearnegativeboost|p1a: Polteageist|[silent]
|
|-damage|p1a: Polteageist|88/100 psn|[from] psn
|upkeep
|turn|7
|
|t:|1758357236
|-terastallize|p2a: Zamazenta|Dark
|move|p1a: Polteageist|Shadow Ball|p2a: Zamazenta
|-resisted|p2a: Zamazenta
|-damage|p2a: Zamazenta|64/100
|move|p2a: Zamazenta|Crunch|p1a: Polteageist
|-supereffective|p1a: Polteageist
|-damage|p1a: Polteageist|0 fnt
|faint|p1a: Polteageist
|
|upkeep
|
|t:|1758357241
|switch|p1a: Zamazenta|Zamazenta|100/100
|-status|p1a: Zamazenta|psn
|-ability|p1a: Zamazenta|Dauntless Shield|boost
|-boost|p1a: Zamazenta|def|1
|turn|8
|
|t:|1758357245
|switch|p2a: Gliscor|Gliscor, F|100/100
|move|p1a: Zamazenta|Body Press|p2a: Gliscor
|-resisted|p2a: Gliscor
|-damage|p2a: Gliscor|72/100
|
|-damage|p1a: Zamazenta|88/100 psn|[from] psn
|-status|p2a: Gliscor|tox|[from] item: Toxic Orb
|upkeep
|turn|9
|
|t:|1758357250
|move|p2a: Gliscor|Earthquake|p1a: Zamazenta
|-damage|p1a: Zamazenta|72/100 psn
|move|p1a: Zamazenta|Iron Defense|p1a: Zamazenta
|-boost|p1a: Zamazenta|def|2
|
|-heal|p1a: Zamazenta|78/100 psn|[from] item: Leftovers
|-heal|p2a: Gliscor|84/100 tox|[from] ability: Poison Heal
|-damage|p1a: Zamazenta|66/100 psn|[from] psn
|upkeep
|turn|10
|
|t:|1758357265
|move|p2a: Gliscor|Knock Off|p1a: Zamazenta
|-resisted|p1a: Zamazenta
|-damage|p1a: Zamazenta|63/100 psn
|-enditem|p1a: Zamazenta|Leftovers|[from] move: Knock Off|[of] p2a: Gliscor
|move|p1a: Zamazenta|Iron Defense|p1a: Zamazenta
|-boost|p1a: Zamazenta|def|2
|
|-heal|p2a: Gliscor|96/100 tox|[from] ability: Poison Heal
|-damage|p1a: Zamazenta|50/100 psn|[from] psn
|upkeep
|turn|11
|
|t:|1758357276
|move|p2a: Gliscor|Swords Dance|p2a: Gliscor
|-boost|p2a: Gliscor|atk|2
|move|p1a: Zamazenta|Body Press|p2a: Gliscor
|-resisted|p2a: Gliscor
|-damage|p2a: Gliscor|22/100 tox
|
|-heal|p2a: Gliscor|35/100 tox|[from] ability: Poison Heal
|-damage|p1a: Zamazenta|38/100 psn|[from] psn
|upkeep
|turn|12
|
|t:|1758357286
|move|p2a: Gliscor|Earthquake|p1a: Zamazenta
|-damage|p1a: Zamazenta|24/100 psn
|move|p1a: Zamazenta|Body Press|p2a: Gliscor
|-resisted|p2a: Gliscor
|-damage|p2a: Gliscor|0 fnt
|faint|p2a: Gliscor
|
|-damage|p1a: Zamazenta|11/100 psn|[from] psn
|upkeep
|
|t:|1758357293
|switch|p2a: Gardevoir|Gardevoir, F|15/100
|-ability|p2a: Gardevoir|Dauntless Shield|Trace|[from] ability: Trace|[of] p1a: Zamazenta
|-ability|p2a: Gardevoir|Dauntless Shield|boost
|-boost|p2a: Gardevoir|def|1
|turn|13
|
|t:|1758357301
|move|p2a: Gardevoir|Moonblast|p1a: Zamazenta
|-supereffective|p1a: Zamazenta
|-damage|p1a: Zamazenta|0 fnt
|faint|p1a: Zamazenta
|
|upkeep
|
|t:|1758357303
|switch|p1a: Cinderace|Cinderace, M|100/100
|-status|p1a: Cinderace|psn
|turn|14
|
|t:|1758357308
|switch|p2a: Ogerpon|Ogerpon-Wellspring, F|100/100
|move|p1a: Cinderace|Pyro Ball|p2a: Ogerpon
|-damage|p2a: Ogerpon|16/100
|
|-damage|p1a: Cinderace|88/100 psn|[from] psn
|upkeep
|turn|15
|
|t:|1758357311
|move|p2a: Ogerpon|Ivy Cudgel|p1a: Cinderace|[anim] Ivy Cudgel Water
|-supereffective|p1a: Cinderace
|-damage|p1a: Cinderace|0 fnt
|faint|p1a: Cinderace
|
|upkeep
|
|t:|1758357314
|switch|p1a: Dragapult|Dragapult, M|100/100
|-status|p1a: Dragapult|psn
|-enditem|p1a: Dragapult|Lum Berry|[eat]
|-curestatus|p1a: Dragapult|psn|[msg]
|turn|16
|
|t:|1758357318
|move|p1a: Dragapult|Dragon Darts|p2a: Ogerpon
|-damage|p2a: Ogerpon|0 fnt
|faint|p2a: Ogerpon
|
|upkeep
|
|t:|1758357322
|switch|p2a: Zamazenta|Zamazenta, tera:Dark|64/100
|turn|17
|
|t:|1758357325
|move|p2a: Zamazenta|Crunch|p1a: Dragapult
|-supereffective|p1a: Dragapult
|-damage|p1a: Dragapult|0 fnt
|faint|p1a: Dragapult
|
|win|Juggperc1
|raw|GoldGrifter's rating: 1300 &rarr; <strong>1275</strong><br />(-25 for losing)
|raw|Juggperc1's rating: 1302 &rarr; <strong>1322</strong><br />(+20 for winning)
|l|☆GoldGrifter
|player|p1|
|l|☆Juggperc1
|player|p2|
