|j|☆WetBr1ck
|j|☆kookies&kilik
|t:|1758301931
|gametype|singles
|player|p1|WetBr1ck|burglar|1317
|player|p2|kookies&kilik|iris-gen5bw2|1296
|gen|9
|tier|[Gen 9] OU
|rated|
|rule|HP Percentage Mod: HP is shown in percentages
|rule|Endless Battle Clause: Forcing endless battles is banned
|rule|Species Clause: Limit one of each Pokémon
|rule|OHKO Clause: OHKO moves are banned
|rule|Evasion Items Clause: Evasion items are banned
|rule|Evasion Moves Clause: Evasion moves are banned
|rule|Evasion Abilities Clause: Evasion abilities are banned
|rule|Sleep Moves Clause: Sleep-inducing moves are banned
|clearpoke
|poke|p1|Tyranitar, M|
|poke|p1|Excadrill, F|
|poke|p1|Zapdos|
|poke|p1|Sinistcha|
|poke|p1|Azumarill, F|
|poke|p1|Iron Crown|
|poke|p2|Slither Wing|
|poke|p2|Cinderace, F|
|poke|p2|Blastoise, F|
|poke|p2|Klefki, F|
|poke|p2|Thundurus-Therian, M|
|poke|p2|Krookodile, M|
|teampreview
|inactive|Battle timer is ON: inactive players will automatically lose when time's up. (requested by WetBr1ck)
|
|t:|1758301949
|teamsize|p1|6
|teamsize|p2|6
|start
|switch|p1a: Who’s Toes R Those|Zapdos|100/100
|switch|p2a: Krookodile|Krookodile, M|100/100
|-ability|p2a: Krookodile|Intimidate|boost
|-unboost|p1a: Who’s Toes R Those|atk|1
|turn|1
|
|t:|1758301957
|switch|p1a: Saitama|Azumarill, F, shiny|100/100
|move|p2a: Krookodile|Stone Edge|p1a: Saitama
|-damage|p1a: Saitama|65/100
|
|upkeep
|turn|2
|
|t:|1758301965
|move|p2a: Krookodile|Stone Edge|p1a: Saitama
|-damage|p1a: Saitama|31/100
|move|p1a: Saitama|Play Rough|p2a: Krookodile
|-supereffective|p2a: Krookodile
|-damage|p2a: Krookodile|0 fnt
|faint|p2a: Krookodile
|
|upkeep
|
|t:|1758301983
|switch|p2a: mighty moth|Slither Wing, shiny|100/100
|turn|3
|
|t:|1758301987
|switch|p1a: Who’s Toes R Those|Zapdos|100/100
|move|p2a: mighty moth|First Impression|p1a: Who’s Toes R Those
|-resisted|p1a: Who’s Toes R Those
|-damage|p1a: Who’s Toes R Those|82/100
|
|upkeep
|turn|4
|
|t:|1758301997
|-end|p2a: mighty moth|Protosynthesis|[silent]
|switch|p2a: Thundurus|Thundurus-Therian, M|100/100
|move|p1a: Who’s Toes R Those|Volt Switch|p2a: Thundurus
|-immune|p2a: Thundurus|[from] ability: Volt Absorb
|
|upkeep
|turn|5
|
|t:|1758302003
|switch|p1a: Tenjirō Kirinji|Excadrill, F, shiny|100/100
|move|p2a: Thundurus|Nasty Plot|p2a: Thundurus
|-boost|p2a: Thundurus|spa|2
|
|upkeep
|turn|6
|
|t:|1758302011
|move|p2a: Thundurus|Grass Knot|p1a: Tenjirō Kirinji
|-damage|p1a: Tenjirō Kirinji|35/100
|move|p1a: Tenjirō Kirinji|Substitute|p1a: Tenjirō Kirinji
|-start|p1a: Tenjirō Kirinji|Substitute
|-damage|p1a: Tenjirō Kirinji|10/100
|
|-heal|p1a: Tenjirō Kirinji|16/100|[from] item: Leftovers
|upkeep
|turn|7
|
|t:|1758302022
|move|p2a: Thundurus|Grass Knot|p1a: Tenjirō Kirinji
|-end|p1a: Tenjirō Kirinji|Substitute
|move|p1a: Tenjirō Kirinji|Rock Slide|p2a: Thundurus
|-supereffective|p2a: Thundurus
|-damage|p2a: Thundurus|23/100
|
|-heal|p1a: Tenjirō Kirinji|22/100|[from] item: Leftovers
|upkeep
|turn|8
|
|t:|1758302032
|switch|p1a: Who’s Toes R Those|Zapdos|82/100
|move|p2a: Thundurus|Grass Knot|p1a: Who’s Toes R Those
|-resisted|p1a: Who’s Toes R Those
|-damage|p1a: Who’s Toes R Those|54/100
|
|upkeep
|turn|9
|
|t:|1758302038
|move|p2a: Thundurus|Psychic|p1a: Who’s Toes R Those
|-damage|p1a: Who’s Toes R Those|0 fnt
|faint|p1a: Who’s Toes R Those
|
|upkeep
|
|t:|1758302041
|switch|p1a: DontKnockMyVibe|Tyranitar, M|100/100
|-weather|Sandstorm|[from] ability: Sand Stream|[of] p1a: DontKnockMyVibe
|turn|10
|
|t:|1758302049
|-terastallize|p1a: DontKnockMyVibe|Flying
|move|p2a: Thundurus|Grass Knot|p1a: DontKnockMyVibe
|-resisted|p1a: DontKnockMyVibe
|-damage|p1a: DontKnockMyVibe|72/100
|move|p1a: DontKnockMyVibe|Knock Off|p2a: Thundurus
|-damage|p2a: Thundurus|0 fnt
|-enditem|p2a: Thundurus|Expert Belt|[from] move: Knock Off|[of] p1a: DontKnockMyVibe
|faint|p2a: Thundurus
|
|-weather|Sandstorm|[upkeep]
|-damage|p1a: DontKnockMyVibe|66/100|[from] Sandstorm
|-heal|p1a: DontKnockMyVibe|72/100|[from] item: Leftovers
|upkeep
|
|t:|1758302059
|switch|p2a: Klefki|Klefki, F|100/100
|turn|11
|
|t:|1758302064
|move|p2a: Klefki|Reflect|p2a: Klefki
|-sidestart|p2: kookies&kilik|Reflect
|move|p1a: DontKnockMyVibe|Stealth Rock|p2a: Klefki
|-sidestart|p2: kookies&kilik|move: Stealth Rock
|
|-weather|Sandstorm|[upkeep]
|-damage|p1a: DontKnockMyVibe|66/100|[from] Sandstorm
|-heal|p1a: DontKnockMyVibe|72/100|[from] item: Leftovers
|upkeep
|turn|12
|
|t:|1758302069
|move|p2a: Klefki|Light Screen|p2a: Klefki
|-sidestart|p2: kookies&kilik|move: Light Screen
|move|p1a: DontKnockMyVibe|Knock Off|p2a: Klefki
|-resisted|p2a: Klefki
|-damage|p2a: Klefki|91/100
|-enditem|p2a: Klefki|Light Clay|[from] move: Knock Off|[of] p1a: DontKnockMyVibe
|
|-weather|Sandstorm|[upkeep]
|-damage|p1a: DontKnockMyVibe|66/100|[from] Sandstorm
|-heal|p1a: DontKnockMyVibe|72/100|[from] item: Leftovers
|upkeep
|turn|13
|
|t:|1758302076
|move|p2a: Klefki|Thunder Wave|p1a: DontKnockMyVibe
|-status|p1a: DontKnockMyVibe|par
|move|p1a: DontKnockMyVibe|Roar|p2a: Klefki
|drag|p2a: Cinderace|Cinderace, F|100/100
|
|-weather|Sandstorm|[upkeep]
|-damage|p2a: Cinderace|95/100|[from] Sandstorm
|-damage|p1a: DontKnockMyVibe|66/100 par|[from] Sandstorm
|-heal|p1a: DontKnockMyVibe|72/100 par|[from] item: Leftovers
|upkeep
|turn|14
|
|t:|1758302084
|move|p2a: Cinderace|Pyro Ball|p1a: DontKnockMyVibe
|-damage|p1a: DontKnockMyVibe|29/100 par
|move|p1a: DontKnockMyVibe|Roar|p2a: Cinderace
|drag|p2a: Blastoise|Blastoise, F|100/100
|-damage|p2a: Blastoise|88/100|[from] Stealth Rock
|
|-weather|none
|-heal|p1a: DontKnockMyVibe|35/100 par|[from] item: Leftovers
|upkeep
|turn|15
|
|t:|1758302091
|move|p2a: Blastoise|Ice Beam|p1a: DontKnockMyVibe
|-supereffective|p1a: DontKnockMyVibe
|-damage|p1a: DontKnockMyVibe|4/100 par
|move|p1a: DontKnockMyVibe|Roar|p2a: Blastoise
|drag|p2a: Klefki|Klefki, F|91/100
|-damage|p2a: Klefki|85/100|[from] Stealth Rock
|
|-heal|p1a: DontKnockMyVibe|10/100 par|[from] item: Leftovers
|upkeep
|turn|16
|
|t:|1758302094
|move|p2a: Klefki|Draining Kiss|p1a: DontKnockMyVibe
|-damage|p1a: DontKnockMyVibe|1/100 par
|-heal|p2a: Klefki|94/100|[from] drain|[of] p1a: DontKnockMyVibe
|move|p1a: DontKnockMyVibe|Roar|p2a: Klefki
|drag|p2a: Cinderace|Cinderace, F|95/100
|
|-heal|p1a: DontKnockMyVibe|7/100 par|[from] item: Leftovers
|upkeep
|turn|17
|
|t:|1758302104
|move|p2a: Cinderace|Pyro Ball|p1a: DontKnockMyVibe
|-damage|p1a: DontKnockMyVibe|0 fnt
|faint|p1a: DontKnockMyVibe
|
|upkeep
|
|t:|1758302111
|switch|p1a: Saitama|Azumarill, F, shiny|31/100
|turn|18
|
|t:|1758302127
|move|p2a: Cinderace|Gunk Shot|p1a: Saitama
|-start|p2a: Cinderace|typechange|Poison|[from] ability: Libero
|-supereffective|p1a: Saitama
|-damage|p1a: Saitama|0 fnt
|faint|p1a: Saitama
|
|-sideend|p2: kookies&kilik|Reflect
|upkeep
|
|t:|1758302135
|switch|p1a: Tenjirō Kirinji|Excadrill, F, shiny|22/100
|turn|19
|
|t:|1758302138
|move|p2a: Cinderace|Sucker Punch|p1a: Tenjirō Kirinji
|-damage|p1a: Tenjirō Kirinji|0 fnt
|faint|p1a: Tenjirō Kirinji
|
|-sideend|p2: kookies&kilik|move: Light Screen
|upkeep
|
|t:|1758302141
|switch|p1a: K.CharlieIfHeIrkMe|Iron Crown|100/100
|-enditem|p1a: K.CharlieIfHeIrkMe|Booster Energy
|-activate|p1a: K.CharlieIfHeIrkMe|ability: Quark Drive|[fromitem]
|-start|p1a: K.CharlieIfHeIrkMe|quarkdrivespa
|turn|20
|
|t:|1758302145
|move|p2a: Cinderace|Pyro Ball|p1a: K.CharlieIfHeIrkMe
|-supereffective|p1a: K.CharlieIfHeIrkMe
|-damage|p1a: K.CharlieIfHeIrkMe|15/100
|move|p1a: K.CharlieIfHeIrkMe|Psyshock|p2a: Cinderace
|-supereffective|p2a: Cinderace
|-damage|p2a: Cinderace|0 fnt
|faint|p2a: Cinderace
|
|upkeep
|
|t:|1758302149
|switch|p2a: Klefki|Klefki, F|94/100
|-damage|p2a: Klefki|88/100|[from] Stealth Rock
|turn|21
|
|t:|1758302156
|move|p2a: Klefki|Reflect|p2a: Klefki
|-sidestart|p2: kookies&kilik|Reflect
|move|p1a: K.CharlieIfHeIrkMe|Tachyon Cutter|p2a: Klefki
|-damage|p2a: Klefki|50/100
|-damage|p2a: Klefki|12/100
|-hitcount|p2a: Klefki|2
|
|upkeep
|turn|22
|
|t:|1758302163
|move|p2a: Klefki|Thunder Wave|p1a: K.CharlieIfHeIrkMe
|-status|p1a: K.CharlieIfHeIrkMe|par
|move|p1a: K.CharlieIfHeIrkMe|Tachyon Cutter|p2a: Klefki
|-damage|p2a: Klefki|0 fnt
|faint|p2a: Klefki
|-hitcount|p2: Klefki|1
|
|upkeep
|
|t:|1758302167
|switch|p2a: mighty moth|Slither Wing, shiny|100/100
|-damage|p2a: mighty moth|88/100|[from] Stealth Rock
|turn|23
|
|t:|1758302178
|move|p2a: mighty moth|First Impression|p1a: K.CharlieIfHeIrkMe
|-damage|p1a: K.CharlieIfHeIrkMe|0 fnt
|faint|p1a: K.CharlieIfHeIrkMe
|-end|p1a: K.CharlieIfHeIrkMe|Quark Drive|[silent]
|
|upkeep
|
|t:|1758302181
|switch|p1a: CharlieXCX&Labubu|Sinistcha|100/100
|turn|24
|
|t:|1758302186
|move|p2a: mighty moth|Leech Life|p1a: CharlieXCX&Labubu
|-damage|p1a: CharlieXCX&Labubu|66/100
|-heal|p2a: mighty moth|100/100|[from] drain|[of] p1a: CharlieXCX&Labubu
|move|p1a: CharlieXCX&Labubu|Shadow Ball|p2a: mighty moth
|-damage|p2a: mighty moth|81/100
|-unboost|p2a: mighty moth|spd|1
|
|upkeep
|turn|25
|
|t:|1758302199
|move|p2a: mighty moth|Leech Life|p1a: CharlieXCX&Labubu
|-damage|p1a: CharlieXCX&Labubu|31/100
|-heal|p2a: mighty moth|97/100|[from] drain|[of] p1a: CharlieXCX&Labubu
|move|p1a: CharlieXCX&Labubu|Strength Sap|p2a: mighty moth
|-unboost|p2a: mighty moth|atk|1
|-heal|p1a: CharlieXCX&Labubu|100/100
|
|-sideend|p2: kookies&kilik|Reflect
|upkeep
|turn|26
|
|t:|1758302209
|move|p2a: mighty moth|Leech Life|p1a: CharlieXCX&Labubu
|-damage|p1a: CharlieXCX&Labubu|80/100
|-heal|p2a: mighty moth|100/100|[from] drain|[of] p1a: CharlieXCX&Labubu
|move|p1a: CharlieXCX&Labubu|Shadow Ball|p2a: mighty moth
|-damage|p2a: mighty moth|75/100
|
|upkeep
|turn|27
|
|t:|1758302214
|-end|p2a: mighty moth|Protosynthesis|[silent]
|switch|p2a: Blastoise|Blastoise, F|88/100
|-damage|p2a: Blastoise|76/100|[from] Stealth Rock
|move|p1a: CharlieXCX&Labubu|Strength Sap|p2a: Blastoise
|-unboost|p2a: Blastoise|atk|1
|-heal|p1a: CharlieXCX&Labubu|100/100
|-enditem|p2a: Blastoise|White Herb
|-clearnegativeboost|p2a: Blastoise|[silent]
|
|upkeep
|turn|28
|
|t:|1758302222
|move|p2a: Blastoise|Ice Beam|p1a: CharlieXCX&Labubu
|-supereffective|p1a: CharlieXCX&Labubu
|-damage|p1a: CharlieXCX&Labubu|37/100
|move|p1a: CharlieXCX&Labubu|Matcha Gotcha|p2a: Blastoise
|-supereffective|p2a: Blastoise
|-damage|p2a: Blastoise|4/100
|-heal|p1a: CharlieXCX&Labubu|68/100|[from] drain|[of] p2a: Blastoise
|
|upkeep
|turn|29
|
|t:|1758302228
|move|p2a: Blastoise|Ice Beam|p1a: CharlieXCX&Labubu
|-supereffective|p1a: CharlieXCX&Labubu
|-damage|p1a: CharlieXCX&Labubu|6/100
|move|p1a: CharlieXCX&Labubu|Matcha Gotcha|p2a: Blastoise
|-supereffective|p2a: Blastoise
|-damage|p2a: Blastoise|0 fnt
|-heal|p1a: CharlieXCX&Labubu|7/100|[from] drain|[of] p2a: Blastoise
|faint|p2a: Blastoise
|
|upkeep
|
|t:|1758302231
|switch|p2a: mighty moth|Slither Wing, shiny|75/100
|-damage|p2a: mighty moth|62/100|[from] Stealth Rock
|turn|30
|
|t:|1758302234
|move|p2a: mighty moth|First Impression|p1a: CharlieXCX&Labubu
|-damage|p1a: CharlieXCX&Labubu|0 fnt
|faint|p1a: CharlieXCX&Labubu
|
|win|kookies&kilik
|raw|WetBr1ck's rating: 1317 &rarr; <strong>1296</strong><br />(-21 for losing)
|raw|kookies&amp;kilik's rating: 1296 &rarr; <strong>1323</strong><br />(+27 for winning)
|l|☆WetBr1ck
|player|p1|
|l|☆kookies&kilik
|player|p2|
