|j|☆6quesitomx9
|j|☆Khinjariaacuta
|t:|1758236549
|gametype|singles
|player|p1|6quesitomx9|preschoolerf|1220
|player|p2|Khinjariaacuta|101|1250
|gen|9
|tier|[Gen 9] OU
|rated|
|rule|HP Percentage Mod: HP is shown in percentages
|rule|Endless Battle Clause: Forcing endless battles is banned
|rule|Species Clause: Limit one of each Pokémon
|rule|OHKO Clause: OHKO moves are banned
|rule|Evasion Items Clause: Evasion items are banned
|rule|Evasion Moves Clause: Evasion moves are banned
|rule|Evasion Abilities Clause: Evasion abilities are banned
|rule|Sleep Moves Clause: Sleep-inducing moves are banned
|clearpoke
|poke|p1|Skeledirge, M|
|poke|p1|Iron Valiant|
|poke|p1|Regigigas|
|poke|p1|Great Tusk|
|poke|p1|Glimmora, M|
|poke|p1|Moltres-Galar|
|poke|p2|Araquanid, F|
|poke|p2|Kingambit, M|
|poke|p2|Gholdengo|
|poke|p2|Primarina, M|
|poke|p2|Zapdos|
|poke|p2|Deoxys-Speed|
|teampreview
|inactive|Battle timer is ON: inactive players will automatically lose when time's up. (requested by 6quesitomx9)
|
|t:|1758236556
|teamsize|p1|6
|teamsize|p2|6
|start
|switch|p1a: Ohyea|Glimmora, M|100/100
|switch|p2a: Madame Web|Araquanid, F|100/100
|turn|1
|
|t:|1758236575
|move|p1a: Ohyea|Mortal Spin|p2a: Madame Web
|-damage|p2a: Madame Web|94/100
|-status|p2a: Madame Web|psn
|move|p2a: Madame Web|Sticky Web|p1a: Ohyea
|-sidestart|p1: 6quesitomx9|move: Sticky Web
|
|-damage|p2a: Madame Web|82/100 psn|[from] psn
|upkeep
|turn|2
|
|t:|1758236583
|move|p1a: Ohyea|Mortal Spin|p2a: Madame Web
|-damage|p2a: Madame Web|76/100 psn
|-sideend|p1: 6quesitomx9|Sticky Web|[from] move: Mortal Spin|[of] p1a: Ohyea
|move|p2a: Madame Web|Surf|p1a: Ohyea
|-supereffective|p1a: Ohyea
|-enditem|p1a: Ohyea|Focus Sash
|-damage|p1a: Ohyea|1/100
|
|-damage|p2a: Madame Web|63/100 psn|[from] psn
|upkeep
|turn|3
|
|t:|1758236593
|move|p1a: Ohyea|Power Gem|p2a: Madame Web
|-supereffective|p2a: Madame Web
|-damage|p2a: Madame Web|0 fnt
|faint|p2a: Madame Web
|
|upkeep
|
|t:|1758236613
|switch|p2a: Sapphira Cristal|Primarina, M, shiny|100/100
|turn|4
|
|t:|1758236623
|move|p1a: Ohyea|Mortal Spin|p2a: Sapphira Cristal
|-supereffective|p2a: Sapphira Cristal
|-damage|p2a: Sapphira Cristal|86/100
|-status|p2a: Sapphira Cristal|psn
|move|p2a: Sapphira Cristal|Surf|p1a: Ohyea
|-supereffective|p1a: Ohyea
|-damage|p1a: Ohyea|0 fnt
|faint|p1a: Ohyea
|
|-damage|p2a: Sapphira Cristal|73/100 psn|[from] psn
|upkeep
|
|t:|1758236633
|switch|p1a: Singer|Skeledirge, M, shiny|100/100
|turn|5
|
|t:|1758236641
|-terastallize|p1a: Singer|Fairy
|move|p2a: Sapphira Cristal|Surf|p1a: Singer
|-damage|p1a: Singer|65/100
|move|p1a: Singer|Hex|p2a: Sapphira Cristal
|-damage|p2a: Sapphira Cristal|42/100 psn
|
|-damage|p2a: Sapphira Cristal|30/100 psn|[from] psn
|upkeep
|turn|6
|
|t:|1758236652
|move|p2a: Sapphira Cristal|Flip Turn|p1a: Singer
|-damage|p1a: Singer|47/100
|
|t:|1758236657
|switch|p2a: Spike Lee|Deoxys-Speed, shiny|100/100|[from] Flip Turn
|-ability|p2a: Spike Lee|Pressure
|move|p1a: Singer|Hex|p2a: Spike Lee
|-supereffective|p2a: Spike Lee
|-damage|p2a: Spike Lee|21/100
|
|upkeep
|turn|7
|
|t:|1758236667
|-terastallize|p2a: Spike Lee|Psychic
|move|p2a: Spike Lee|Psycho Boost|p1a: Singer
|-crit|p1a: Singer
|-damage|p1a: Singer|0 fnt
|-unboost|p2a: Spike Lee|spa|2
|faint|p1a: Singer
|
|upkeep
|
|t:|1758236672
|switch|p1a: Bigbird|Moltres-Galar|100/100
|turn|8
|
|t:|1758236682
|switch|p2a: Sapphira Cristal|Primarina, M, shiny|30/100 psn
|move|p1a: Bigbird|Agility|p1a: Bigbird
|-boost|p1a: Bigbird|spe|2
|
|-damage|p2a: Sapphira Cristal|17/100 psn|[from] psn
|upkeep
|turn|9
|
|t:|1758236692
|move|p1a: Bigbird|Fiery Wrath|p2a: Sapphira Cristal
|-resisted|p2a: Sapphira Cristal
|-damage|p2a: Sapphira Cristal|4/100 psn
|move|p2a: Sapphira Cristal|Surf|p1a: Bigbird
|-damage|p1a: Bigbird|35/100
|-ability|p1a: Bigbird|Berserk|boost
|-boost|p1a: Bigbird|spa|1
|
|-damage|p2a: Sapphira Cristal|0 fnt|[from] psn
|faint|p2a: Sapphira Cristal
|upkeep
|
|t:|1758236709
|switch|p2a: Thunderbird|Zapdos|100/100
|turn|10
|
|t:|1758236716
|move|p1a: Bigbird|Fiery Wrath|p2a: Thunderbird
|-damage|p2a: Thunderbird|33/100
|move|p2a: Thunderbird|Volt Switch|p1a: Bigbird
|-supereffective|p1a: Bigbird
|-damage|p1a: Bigbird|0 fnt
|faint|p1a: Bigbird
|
|t:|1758236723
|switch|p2a: Spike Lee|Deoxys-Speed, shiny, tera:Psychic|21/100|[from] Volt Switch
|-ability|p2a: Spike Lee|Pressure
|
|upkeep
|
|t:|1758236726
|switch|p1a: Th|Great Tusk|100/100
|turn|11
|
|t:|1758236730
|move|p2a: Spike Lee|Psycho Boost|p1a: Th
|-supereffective|p1a: Th
|-damage|p1a: Th|0 fnt
|-unboost|p2a: Spike Lee|spa|2
|faint|p1a: Th
|-end|p1a: Th|Protosynthesis|[silent]
|
|upkeep
|
|t:|1758236736
|switch|p1a: Buh|Regigigas, shiny|100/100
|-start|p1a: Buh|ability: Slow Start
|turn|12
|
|t:|1758236747
|switch|p2a: Capitalism|Gholdengo|100/100
|-item|p2a: Capitalism|Air Balloon
|move|p1a: Buh|Body Slam|p2a: Capitalism
|-immune|p2a: Capitalism
|
|upkeep
|turn|13
|
|t:|1758236755
|move|p2a: Capitalism|Thunder Wave|p1a: Buh
|-status|p1a: Buh|par
|move|p1a: Buh|Avalanche|p2a: Capitalism
|-resisted|p2a: Capitalism
|-crit|p2a: Capitalism
|-damage|p2a: Capitalism|93/100
|-enditem|p2a: Capitalism|Air Balloon
|
|upkeep
|turn|14
|
|t:|1758236770
|move|p2a: Capitalism|Hex|p1a: Buh
|-immune|p1a: Buh
|move|p1a: Buh|Avalanche|p2a: Capitalism
|-resisted|p2a: Capitalism
|-damage|p2a: Capitalism|89/100
|
|upkeep
|turn|15
|
|t:|1758236780
|switch|p2a: Thunderbird|Zapdos|33/100
|cant|p1a: Buh|par
|
|upkeep
|turn|16
|
|t:|1758236789
|move|p2a: Thunderbird|Volt Switch|p1a: Buh
|-damage|p1a: Buh|78/100 par
|
|t:|1758236793
|switch|p2a: Capitalism|Gholdengo|89/100|[from] Volt Switch
|move|p1a: Buh|Avalanche|p2a: Capitalism
|-resisted|p2a: Capitalism
|-damage|p2a: Capitalism|84/100
|
|-heal|p1a: Buh|84/100 par|[from] item: Leftovers
|-end|p1a: Buh|Slow Start
|upkeep
|turn|17
|
|t:|1758236805
|move|p2a: Capitalism|Make It Rain|p1a: Buh
|-damage|p1a: Buh|44/100 par
|-unboost|p2a: Capitalism|spa|1
|cant|p1a: Buh|par
|
|-heal|p1a: Buh|50/100 par|[from] item: Leftovers
|upkeep
|turn|18
|
|t:|1758236813
|move|p2a: Capitalism|Make It Rain|p1a: Buh
|-damage|p1a: Buh|23/100 par
|-unboost|p2a: Capitalism|spa|1
|move|p1a: Buh|Rest|p1a: Buh
|-status|p1a: Buh|slp|[from] move: Rest
|-heal|p1a: Buh|100/100 slp|[silent]
|
|upkeep
|turn|19
|
|t:|1758236826
|switch|p2a: Spike Lee|Deoxys-Speed, shiny, tera:Psychic|21/100
|-ability|p2a: Spike Lee|Pressure
|cant|p1a: Buh|slp
|move|p1a: Buh|Sleep Talk|p1a: Buh
|move|p1a: Buh|Body Slam|p2a: Spike Lee|[from] move: Sleep Talk
|-damage|p2a: Spike Lee|0 fnt
|faint|p2a: Spike Lee
|
|upkeep
|
|t:|1758236846
|switch|p2a: Weeaboo|Kingambit, M|100/100
|-activate|p2a: Weeaboo|ability: Supreme Overlord
|-start|p2a: Weeaboo|fallen3|[silent]
|turn|20
|
|t:|1758236850
|cant|p1a: Buh|slp
|move|p1a: Buh|Sleep Talk|p1a: Buh
|move|p1a: Buh|Rest||[from] move: Sleep Talk|[still]
|-fail|p1a: Buh
|move|p2a: Weeaboo|Swords Dance|p2a: Weeaboo
|-boost|p2a: Weeaboo|atk|2
|
|upkeep
|turn|21
|
|t:|1758236862
|-curestatus|p1a: Buh|slp|[msg]
|move|p1a: Buh|Body Slam|p2a: Weeaboo
|-resisted|p2a: Weeaboo
|-damage|p2a: Weeaboo|76/100
|-status|p2a: Weeaboo|par
|move|p2a: Weeaboo|Swords Dance|p2a: Weeaboo
|-boost|p2a: Weeaboo|atk|2
|
|-heal|p2a: Weeaboo|82/100 par|[from] item: Leftovers
|upkeep
|turn|22
|
|t:|1758236872
|move|p2a: Weeaboo|Sucker Punch|p1a: Buh
|-damage|p1a: Buh|0 fnt
|faint|p1a: Buh
|
|-heal|p2a: Weeaboo|88/100 par|[from] item: Leftovers
|upkeep
|
|t:|1758236874
|switch|p1a: Gallarde|Iron Valiant|100/100
|-enditem|p1a: Gallarde|Booster Energy
|-activate|p1a: Gallarde|ability: Quark Drive|[fromitem]
|-start|p1a: Gallarde|quarkdrivespe
|turn|23
|
|t:|1758236882
|-end|p2a: Weeaboo|fallen3|[silent]
|switch|p2a: Capitalism|Gholdengo|84/100
|move|p1a: Gallarde|Encore|p2a: Capitalism
|-immune|p2a: Capitalism|[from] ability: Good as Gold
|
|upkeep
|turn|24
|
|t:|1758236889
|move|p1a: Gallarde|Knock Off|p2a: Capitalism
|-supereffective|p2a: Capitalism
|-damage|p2a: Capitalism|53/100
|move|p2a: Capitalism|Thunder Wave|p1a: Gallarde
|-status|p1a: Gallarde|par
|
|upkeep
|turn|25
|
|t:|1758236897
|move|p1a: Gallarde|Knock Off|p2a: Capitalism
|-supereffective|p2a: Capitalism
|-damage|p2a: Capitalism|23/100
|move|p2a: Capitalism|Make It Rain|p1a: Gallarde
|-supereffective|p1a: Gallarde
|-damage|p1a: Gallarde|0 fnt
|-unboost|p2a: Capitalism|spa|1
|faint|p1a: Gallarde
|-end|p1a: Gallarde|Quark Drive|[silent]
|
|win|Khinjariaacuta
|raw|6quesitomx9's rating: 1220 &rarr; <strong>1197</strong><br />(-23 for losing)
|raw|Khinjariaacuta's rating: 1250 &rarr; <strong>1273</strong><br />(+23 for winning)
|l|☆6quesitomx9
|player|p1|
