|j|☆DexTrainerRed
|j|☆qiuxuya
|t:|1758320923
|gametype|singles
|player|p1|DexTrainerRed|ash-kalos|1118
|player|p2|qiuxuya|n|1187
|gen|9
|tier|[Gen 9] OU
|rated|
|rule|HP Percentage Mod: HP is shown in percentages
|rule|Endless Battle Clause: Forcing endless battles is banned
|rule|Species Clause: Limit one of each Pokémon
|rule|OHKO Clause: OHKO moves are banned
|rule|Evasion Items Clause: Evasion items are banned
|rule|Evasion Moves Clause: Evasion moves are banned
|rule|Evasion Abilities Clause: Evasion abilities are banned
|rule|Sleep Moves Clause: Sleep-inducing moves are banned
|clearpoke
|poke|p1|Charizard, M|
|poke|p1|Sceptile, M|
|poke|p1|Greninja-*, M|
|poke|p1|Pikachu, M|
|poke|p1|Heracross, M|
|poke|p1|Lycanroc-Dusk, M|
|poke|p2|Torkoal, F|
|poke|p2|Scovillain, M|
|poke|p2|Hatterene, F|
|poke|p2|Charizard, F|
|poke|p2|Brute Bonnet|
|poke|p2|Whimsicott, F|
|teampreview
|inactive|Battle timer is ON: inactive players will automatically lose when time's up. (requested by DexTrainerRed)
|
|t:|1758320927
|teamsize|p1|6
|teamsize|p2|6
|start
|switch|p1a: Lycanroc|Lycanroc-Dusk, M|100/100
|switch|p2a: Torkoal|Torkoal, F|100/100
|-weather|SunnyDay|[from] ability: Drought|[of] p2a: Torkoal
|turn|1
|
|t:|1758320940
|switch|p2a: Brute Bonnet|Brute Bonnet|100/100
|-activate|p2a: Brute Bonnet|ability: Protosynthesis
|-start|p2a: Brute Bonnet|protosynthesisatk
|move|p1a: Lycanroc|Accelerock|p2a: Brute Bonnet
|-damage|p2a: Brute Bonnet|73/100
|
|-weather|SunnyDay|[upkeep]
|upkeep
|turn|2
|
|t:|1758320951
|move|p1a: Lycanroc|Brick Break|p2a: Brute Bonnet
|-supereffective|p2a: Brute Bonnet
|-damage|p2a: Brute Bonnet|11/100
|move|p2a: Brute Bonnet|Bullet Seed|p1a: Lycanroc
|-supereffective|p1a: Lycanroc
|-damage|p1a: Lycanroc|20/100
|-supereffective|p1a: Lycanroc
|-damage|p1a: Lycanroc|0 fnt
|faint|p1a: Lycanroc
|-hitcount|p1: Lycanroc|2
|-damage|p2a: Brute Bonnet|1/100|[from] item: Life Orb
|
|-weather|SunnyDay|[upkeep]
|upkeep
|
|t:|1758320962
|switch|p1a: Greninja|Greninja, M|100/100
|turn|3
|
|t:|1758320973
|-end|p2a: Brute Bonnet|Protosynthesis|[silent]
|switch|p2a: Whimsicott|Whimsicott, F|100/100
|move|p1a: Greninja|Water Shuriken|p2a: Whimsicott
|-resisted|p2a: Whimsicott
|-damage|p2a: Whimsicott|97/100
|-resisted|p2a: Whimsicott
|-damage|p2a: Whimsicott|94/100
|-hitcount|p2a: Whimsicott|2
|
|-weather|SunnyDay|[upkeep]
|upkeep
|turn|4
|
|t:|1758320986
|switch|p1a: Sceptile|Sceptile, M|100/100
|move|p2a: Whimsicott|Moonblast|p1a: Sceptile
|-damage|p1a: Sceptile|21/100
|
|-weather|SunnyDay|[upkeep]
|upkeep
|turn|5
|
|t:|1758320994
|move|p2a: Whimsicott|Moonblast|p1a: Sceptile
|-damage|p1a: Sceptile|0 fnt
|faint|p1a: Sceptile
|
|-weather|SunnyDay|[upkeep]
|upkeep
|
|t:|1758320999
|switch|p1a: Charizard|Charizard, M|100/100
|turn|6
|
|t:|1758321015
|switch|p2a: Hatterene|Hatterene, F|100/100
|move|p1a: Charizard|Flamethrower|p2a: Hatterene
|-damage|p2a: Hatterene|39/100
|-enditem|p2a: Hatterene|Eject Button
|
|t:|1758321024
|switch|p2a: Whimsicott|Whimsicott, F|94/100
|
|-weather|SunnyDay|[upkeep]
|upkeep
|turn|7
|
|t:|1758321051
|-terastallize|p2a: Whimsicott|Rock
|move|p2a: Whimsicott|Tera Blast|p1a: Charizard|[anim] Tera Blast Rock
|-supereffective|p1a: Charizard
|-enditem|p1a: Charizard|Focus Sash
|-damage|p1a: Charizard|1/100
|move|p1a: Charizard|Flamethrower|p2a: Whimsicott
|-resisted|p2a: Whimsicott
|-damage|p2a: Whimsicott|21/100
|
|-weather|SunnyDay|[upkeep]
|upkeep
|turn|8
|
|t:|1758321065
|switch|p1a: Pikachu|Pikachu, M|100/100
|move|p2a: Whimsicott|Tera Blast|p1a: Pikachu|[anim] Tera Blast Rock
|-damage|p1a: Pikachu|0 fnt
|faint|p1a: Pikachu
|
|-weather|none
|upkeep
|
|t:|1758321071
|switch|p1a: Greninja|Greninja, M|100/100
|turn|9
|
|t:|1758321079
|switch|p2a: Torkoal|Torkoal, F|100/100
|-weather|SunnyDay|[from] ability: Drought|[of] p2a: Torkoal
|move|p1a: Greninja|Water Shuriken|p2a: Torkoal
|-supereffective|p2a: Torkoal
|-damage|p2a: Torkoal|91/100
|-supereffective|p2a: Torkoal
|-damage|p2a: Torkoal|82/100
|-supereffective|p2a: Torkoal
|-damage|p2a: Torkoal|71/100
|-supereffective|p2a: Torkoal
|-damage|p2a: Torkoal|62/100
|-hitcount|p2a: Torkoal|4
|
|-weather|SunnyDay|[upkeep]
|upkeep
|turn|10
|
|t:|1758321097
|-terastallize|p1a: Greninja|Water
|move|p1a: Greninja|Water Shuriken|p2a: Torkoal
|-supereffective|p2a: Torkoal
|-damage|p2a: Torkoal|48/100
|-supereffective|p2a: Torkoal
|-damage|p2a: Torkoal|35/100
|-supereffective|p2a: Torkoal
|-damage|p2a: Torkoal|21/100
|-supereffective|p2a: Torkoal
|-damage|p2a: Torkoal|7/100
|-hitcount|p2a: Torkoal|4
|move|p2a: Torkoal|Stealth Rock|p1a: Greninja
|-sidestart|p1: DexTrainerRed|move: Stealth Rock
|
|-weather|SunnyDay|[upkeep]
|upkeep
|turn|11
|inactive|qiuxuya has 120 seconds left.
|
|t:|1758321136
|switch|p2a: Whimsicott|Whimsicott, F, tera:Rock|21/100
|move|p1a: Greninja|Water Shuriken|p2a: Whimsicott
|-supereffective|p2a: Whimsicott
|-damage|p2a: Whimsicott|4/100
|-supereffective|p2a: Whimsicott
|-damage|p2a: Whimsicott|0 fnt
|faint|p2a: Whimsicott
|-ability|p1a: Greninja|Battle Bond|boost
|-boost|p1a: Greninja|atk|1
|-boost|p1a: Greninja|spa|1
|-boost|p1a: Greninja|spe|1
|-activate|p1a: Greninja|ability: Battle Bond
|-hitcount|p2: Whimsicott|2
|
|-weather|SunnyDay|[upkeep]
|upkeep
|
|t:|1758321151
|switch|p2a: Scovillain|Scovillain, M|100/100
|turn|12
|
|t:|1758321155
|move|p1a: Greninja|Dark Pulse|p2a: Scovillain
|-damage|p2a: Scovillain|0 fnt
|faint|p2a: Scovillain
|
|-weather|SunnyDay|[upkeep]
|upkeep
|
|t:|1758321163
|switch|p2a: Charizard|Charizard, F|100/100
|turn|13
|
|t:|1758321170
|move|p1a: Greninja|Water Shuriken|p2a: Charizard
|-supereffective|p2a: Charizard
|-damage|p2a: Charizard|79/100
|-supereffective|p2a: Charizard
|-damage|p2a: Charizard|57/100
|-supereffective|p2a: Charizard
|-damage|p2a: Charizard|36/100
|-hitcount|p2a: Charizard|3
|move|p2a: Charizard|Overheat|p1a: Greninja
|-resisted|p1a: Greninja
|-damage|p1a: Greninja|0 fnt
|-unboost|p2a: Charizard|spa|2
|faint|p1a: Greninja
|
|-weather|SunnyDay|[upkeep]
|-damage|p2a: Charizard|23/100|[from] ability: Solar Power|[of] p2a: Charizard
|upkeep
|
|t:|1758321184
|switch|p1a: Heracross|Heracross, M|100/100
|-damage|p1a: Heracross|88/100|[from] Stealth Rock
|turn|14
|
|t:|1758321189
|move|p2a: Charizard|Overheat|p1a: Heracross
|-supereffective|p1a: Heracross
|-damage|p1a: Heracross|0 fnt
|-unboost|p2a: Charizard|spa|2
|faint|p1a: Heracross
|
|-weather|SunnyDay|[upkeep]
|-damage|p2a: Charizard|11/100|[from] ability: Solar Power|[of] p2a: Charizard
|upkeep
|
|t:|1758321198
|switch|p1a: Charizard|Charizard, M|1/100
|-damage|p1a: Charizard|0 fnt|[from] Stealth Rock
|faint|p1a: Charizard
|
|win|qiuxuya
|raw|DexTrainerRed's rating: 1118 &rarr; <strong>1098</strong><br />(-20 for losing)
|raw|qiuxuya's rating: 1187 &rarr; <strong>1207</strong><br />(+20 for winning)
|l|☆DexTrainerRed
|player|p1|
|l|☆qiuxuya
|player|p2|
