|j|☆armaldojaleo
|j|☆Raymario Pokenic
|t:|1758316063
|gametype|singles
|player|p1|armaldojaleo|hugh|1209
|player|p2|Raymario Pokenic|101|1188
|gen|9
|tier|[Gen 9] OU
|rated|
|rule|HP Percentage Mod: HP is shown in percentages
|rule|Endless Battle Clause: Forcing endless battles is banned
|rule|Species Clause: Limit one of each Pokémon
|rule|OHKO Clause: OHKO moves are banned
|rule|Evasion Items Clause: Evasion items are banned
|rule|Evasion Moves Clause: Evasion moves are banned
|rule|Evasion Abilities Clause: Evasion abilities are banned
|rule|Sleep Moves Clause: Sleep-inducing moves are banned
|clearpoke
|poke|p1|Scizor, M|
|poke|p1|Great Tusk|
|poke|p1|Goodra-Hisui, F|
|poke|p1|Blaziken, F|
|poke|p1|Dragapult, F|
|poke|p1|Primarina, M|
|poke|p2|Heatran, M|
|poke|p2|Avalugg, M|
|poke|p2|Latias, F|
|poke|p2|Dragonite, M|
|poke|p2|Pecharunt|
|poke|p2|Hoopa-Unbound|
|teampreview
|inactive|Battle timer is ON: inactive players will automatically lose when time's up. (requested by Raymario Pokenic)
|
|t:|1758316072
|teamsize|p1|6
|teamsize|p2|6
|start
|switch|p1a: Dragapult|Dragapult, F|100/100
|switch|p2a: Heatran|Heatran, M, shiny|100/100
|turn|1
|
|t:|1758316088
|move|p1a: Dragapult|U-turn|p2a: Heatran
|-resisted|p2a: Heatran
|-damage|p2a: Heatran|96/100
|-damage|p1a: Dragapult|91/100|[from] item: Life Orb
|
|t:|1758316099
|switch|p1a: Primarina|Primarina, M|100/100|[from] U-turn
|move|p2a: Heatran|Lava Plume|p1a: Primarina
|-resisted|p1a: Primarina
|-damage|p1a: Primarina|89/100
|
|-heal|p2a: Heatran|100/100|[from] item: Leftovers
|upkeep
|turn|2
|
|t:|1758316114
|switch|p2a: Pecharunt|Pecharunt|100/100
|-terastallize|p1a: Primarina|Water
|move|p1a: Primarina|Hyper Voice|p2a: Pecharunt
|-damage|p2a: Pecharunt|37/100
|
|upkeep
|turn|3
|
|t:|1758316127
|move|p2a: Pecharunt|Malignant Chain|p1a: Primarina
|-damage|p1a: Primarina|65/100
|-status|p1a: Primarina|tox
|-start|p1a: Primarina|confusion|[from] ability: Poison Puppeteer|[of] p2a: Pecharunt
|-activate|p1a: Primarina|confusion
|-damage|p1a: Primarina|58/100 tox|[from] confusion
|
|-damage|p1a: Primarina|52/100 tox|[from] psn
|upkeep
|turn|4
|
|t:|1758316138
|move|p2a: Pecharunt|Recover|p2a: Pecharunt
|-heal|p2a: Pecharunt|87/100
|-activate|p1a: Primarina|confusion
|move|p1a: Primarina|Hyper Voice|p2a: Pecharunt
|-damage|p2a: Pecharunt|17/100
|
|-damage|p1a: Primarina|40/100 tox|[from] psn
|upkeep
|turn|5
|
|t:|1758316153
|move|p2a: Pecharunt|Recover|p2a: Pecharunt
|-heal|p2a: Pecharunt|67/100
|-activate|p1a: Primarina|confusion
|-damage|p1a: Primarina|34/100 tox|[from] confusion
|
|-damage|p1a: Primarina|16/100 tox|[from] psn
|upkeep
|turn|6
|
|t:|1758316165
|switch|p1a: Dragapult|Dragapult, F|91/100
|move|p2a: Pecharunt|Malignant Chain|p1a: Dragapult
|-resisted|p1a: Dragapult
|-damage|p1a: Dragapult|56/100
|-status|p1a: Dragapult|tox
|-start|p1a: Dragapult|confusion|[from] ability: Poison Puppeteer|[of] p2a: Pecharunt
|
|-damage|p1a: Dragapult|50/100 tox|[from] psn
|upkeep
|turn|7
|
|t:|1758316190
|switch|p2a: Heatran|Heatran, M, shiny|100/100
|-activate|p1a: Dragapult|confusion
|move|p1a: Dragapult|U-turn|p2a: Heatran
|-resisted|p2a: Heatran
|-damage|p2a: Heatran|96/100
|-damage|p1a: Dragapult|40/100 tox|[from] item: Life Orb
|inactive|armaldojaleo has 120 seconds left.
|
|t:|1758316201
|switch|p1a: Great Tusk|Great Tusk|100/100|[from] U-turn
|
|-heal|p2a: Heatran|100/100|[from] item: Leftovers
|upkeep
|turn|8
|
|t:|1758316208
|switch|p2a: Latias|Latias, F, shiny|100/100
|move|p1a: Great Tusk|Stealth Rock|p2a: Latias
|-sidestart|p2: Raymario Pokenic|move: Stealth Rock
|
|upkeep
|turn|9
|
|t:|1758316221
|-end|p1a: Great Tusk|Protosynthesis|[silent]
|switch|p1a: Primarina|Primarina, M, tera:Water|16/100 tox
|move|p2a: Latias|Mist Ball|p1a: Primarina
|-damage|p1a: Primarina|0 fnt
|faint|p1a: Primarina
|
|upkeep
|inactive|armaldojaleo has 120 seconds left.
|
|t:|1758316245
|switch|p1a: Goodra|Goodra-Hisui, F|100/100
|turn|10
|
|t:|1758316274
|switch|p2a: Heatran|Heatran, M, shiny|100/100
|-damage|p2a: Heatran|88/100|[from] Stealth Rock
|move|p1a: Goodra|Ice Beam|p2a: Heatran
|-resisted|p2a: Heatran
|-damage|p2a: Heatran|83/100
|
|-heal|p2a: Heatran|89/100|[from] item: Leftovers
|upkeep
|turn|11
|inactive|armaldojaleo has 120 seconds left.
|
|t:|1758316285
|move|p2a: Heatran|Stealth Rock|p1a: Goodra
|-sidestart|p1: armaldojaleo|move: Stealth Rock
|move|p1a: Goodra|Earthquake|p2a: Heatran
|-supereffective|p2a: Heatran
|-damage|p2a: Heatran|15/100
|
|-heal|p2a: Heatran|21/100|[from] item: Leftovers
|upkeep
|turn|12
|inactive|armaldojaleo has 120 seconds left.
|inactive|Raymario Pokenic has 120 seconds left.
|
|t:|1758316310
|move|p2a: Heatran|Earth Power|p1a: Goodra
|-supereffective|p1a: Goodra
|-damage|p1a: Goodra|71/100
|move|p1a: Goodra|Earthquake|p2a: Heatran
|-supereffective|p2a: Heatran
|-damage|p2a: Heatran|0 fnt
|faint|p2a: Heatran
|
|upkeep
|inactive|Raymario Pokenic has 120 seconds left.
|
|t:|1758316323
|switch|p2a: Dragonite|Dragonite, M, shiny|100/100
|-damage|p2a: Dragonite|76/100|[from] Stealth Rock
|turn|13
|
|t:|1758316328
|move|p2a: Dragonite|Earthquake|p1a: Goodra
|-supereffective|p1a: Goodra
|-damage|p1a: Goodra|2/100
|move|p1a: Goodra|Ice Beam|p2a: Dragonite
|-supereffective|p2a: Dragonite
|-damage|p2a: Dragonite|0 fnt
|faint|p2a: Dragonite
|
|upkeep
|inactive|Raymario Pokenic has 120 seconds left.
|
|t:|1758316341
|switch|p2a: Latias|Latias, F, shiny|100/100
|-damage|p2a: Latias|88/100|[from] Stealth Rock
|turn|14
|
|t:|1758316347
|move|p2a: Latias|Mist Ball|p1a: Goodra
|-resisted|p1a: Goodra
|-damage|p1a: Goodra|0 fnt
|faint|p1a: Goodra
|
|upkeep
|
|t:|1758316353
|switch|p1a: Dragapult|Dragapult, F|40/100 tox
|-damage|p1a: Dragapult|28/100 tox|[from] Stealth Rock
|turn|15
|
|t:|1758316363
|switch|p2a: Pecharunt|Pecharunt|67/100
|-damage|p2a: Pecharunt|54/100|[from] Stealth Rock
|move|p1a: Dragapult|Shadow Ball|p2a: Pecharunt
|-supereffective|p2a: Pecharunt
|-damage|p2a: Pecharunt|0 fnt
|faint|p2a: Pecharunt
|-damage|p1a: Dragapult|18/100 tox|[from] item: Life Orb
|
|-damage|p1a: Dragapult|12/100 tox|[from] psn
|upkeep
|
|t:|1758316389
|switch|p2a: Hoopa|Hoopa-Unbound|100/100
|-damage|p2a: Hoopa|88/100|[from] Stealth Rock
|turn|16
|
|t:|1758316399
|move|p2a: Hoopa|Psyshock|p1a: Dragapult
|-damage|p1a: Dragapult|0 fnt
|faint|p1a: Dragapult
|
|upkeep
|
|t:|1758316414
|switch|p1a: Scizor|Scizor, M|100/100
|-damage|p1a: Scizor|88/100|[from] Stealth Rock
|turn|17
|
|t:|1758316426
|switch|p2a: Avalugg|Avalugg, M, shiny|100/100
|move|p1a: Scizor|U-turn|p2a: Avalugg
|-damage|p2a: Avalugg|85/100
|
|t:|1758316438
|switch|p1a: Blaziken|Blaziken, F|100/100|[from] U-turn
|-damage|p1a: Blaziken|88/100|[from] Stealth Rock
|
|upkeep
|turn|18
|
|t:|1758316451
|switch|p2a: Hoopa|Hoopa-Unbound|88/100
|-damage|p2a: Hoopa|76/100|[from] Stealth Rock
|move|p1a: Blaziken|Knock Off|p2a: Hoopa
|-damage|p2a: Hoopa|2/100
|-enditem|p2a: Hoopa|Choice Scarf|[from] move: Knock Off|[of] p1a: Blaziken
|-damage|p1a: Blaziken|78/100|[from] item: Life Orb
|
|-ability|p1a: Blaziken|Speed Boost|boost
|-boost|p1a: Blaziken|spe|1
|upkeep
|turn|19
|
|t:|1758316466
|move|p1a: Blaziken|Knock Off|p2a: Hoopa
|-damage|p2a: Hoopa|0 fnt
|faint|p2a: Hoopa
|-damage|p1a: Blaziken|69/100|[from] item: Life Orb
|
|-ability|p1a: Blaziken|Speed Boost|boost
|-boost|p1a: Blaziken|spe|1
|upkeep
|
|t:|1758316468
|switch|p2a: Latias|Latias, F, shiny|88/100
|-damage|p2a: Latias|76/100|[from] Stealth Rock
|turn|20
|
|t:|1758316489
|-terastallize|p2a: Latias|Fairy
|move|p1a: Blaziken|Knock Off|p2a: Latias
|-resisted|p2a: Latias
|-damage|p2a: Latias|54/100
|-enditem|p2a: Latias|Assault Vest|[from] move: Knock Off|[of] p1a: Blaziken
|-damage|p1a: Blaziken|59/100|[from] item: Life Orb
|move|p2a: Latias|Mist Ball|p1a: Blaziken
|-supereffective|p1a: Blaziken
|-damage|p1a: Blaziken|0 fnt
|faint|p1a: Blaziken
|
|upkeep
|inactive|armaldojaleo has 120 seconds left.
|
|t:|1758316501
|switch|p1a: Scizor|Scizor, M|88/100
|-damage|p1a: Scizor|76/100|[from] Stealth Rock
|turn|21
|
|t:|1758316508
|move|p1a: Scizor|Bullet Punch|p2a: Latias
|-supereffective|p2a: Latias
|-damage|p2a: Latias|0 fnt
|faint|p2a: Latias
|
|upkeep
|
|t:|1758316510
|switch|p2a: Avalugg|Avalugg, M, shiny|85/100
|turn|22
|l|☆armaldojaleo
|inactive|armaldojaleo disconnected and has a minute to reconnect!
|player|p1|
|j|☆armaldojaleo
|inactive|armaldojaleo reconnected and has 145 seconds left.
|player|p1|armaldojaleo|hugh|
|
|t:|1758316534
|move|p1a: Scizor|Bullet Punch|p2a: Avalugg
|-supereffective|p2a: Avalugg
|-damage|p2a: Avalugg|52/100
|move|p2a: Avalugg|Body Press|p1a: Scizor
|-damage|p1a: Scizor|30/100
|
|upkeep
|turn|23
|
|t:|1758316541
|move|p1a: Scizor|Close Combat|p2a: Avalugg
|-supereffective|p2a: Avalugg
|-damage|p2a: Avalugg|9/100
|-unboost|p1a: Scizor|def|1
|-unboost|p1a: Scizor|spd|1
|move|p2a: Avalugg|Recover|p2a: Avalugg
|-heal|p2a: Avalugg|59/100
|
|upkeep
|turn|24
|
|t:|1758316554
|move|p1a: Scizor|Knock Off|p2a: Avalugg
|-damage|p2a: Avalugg|46/100
|-enditem|p2a: Avalugg|Heavy-Duty Boots|[from] move: Knock Off|[of] p1a: Scizor
|move|p2a: Avalugg|Recover|p2a: Avalugg
|-heal|p2a: Avalugg|96/100
|
|upkeep
|turn|25
|
|t:|1758316565
|move|p1a: Scizor|U-turn|p2a: Avalugg
|-damage|p2a: Avalugg|82/100
|
|t:|1758316568
|switch|p1a: Great Tusk|Great Tusk|100/100|[from] U-turn
|move|p2a: Avalugg|Body Press|p1a: Great Tusk
|-damage|p1a: Great Tusk|81/100
|
|upkeep
|turn|26
|
|t:|1758316581
|move|p1a: Great Tusk|Earthquake|p2a: Avalugg
|-crit|p2a: Avalugg
|-damage|p2a: Avalugg|54/100
|move|p2a: Avalugg|Ice Spinner|p1a: Great Tusk
|-supereffective|p1a: Great Tusk
|-damage|p1a: Great Tusk|53/100
|
|upkeep
|turn|27
|
|t:|1758316590
|move|p1a: Great Tusk|Earthquake|p2a: Avalugg
|-damage|p2a: Avalugg|38/100
|move|p2a: Avalugg|Recover|p2a: Avalugg
|-heal|p2a: Avalugg|88/100
|
|upkeep
|turn|28
|
|t:|1758316599
|move|p1a: Great Tusk|Earthquake|p2a: Avalugg
|-damage|p2a: Avalugg|69/100
|move|p2a: Avalugg|Ice Spinner|p1a: Great Tusk
|-supereffective|p1a: Great Tusk
|-damage|p1a: Great Tusk|25/100
|
|upkeep
|turn|29
|
|t:|1758316610
|move|p1a: Great Tusk|Earthquake|p2a: Avalugg
|-damage|p2a: Avalugg|53/100
|move|p2a: Avalugg|Recover|p2a: Avalugg
|-heal|p2a: Avalugg|100/100
|
|upkeep
|turn|30
|
|t:|1758316617
|move|p1a: Great Tusk|Earthquake|p2a: Avalugg
|-damage|p2a: Avalugg|84/100
|move|p2a: Avalugg|Ice Spinner|p1a: Great Tusk
|-supereffective|p1a: Great Tusk
|-damage|p1a: Great Tusk|0 fnt
|faint|p1a: Great Tusk
|-end|p1a: Great Tusk|Protosynthesis|[silent]
|
|upkeep
|
|t:|1758316625
|switch|p1a: Scizor|Scizor, M|30/100
|-damage|p1a: Scizor|18/100|[from] Stealth Rock
|turn|31
|
|t:|1758316635
|move|p1a: Scizor|Bullet Punch|p2a: Avalugg
|-supereffective|p2a: Avalugg
|-damage|p2a: Avalugg|55/100
|move|p2a: Avalugg|Body Press|p1a: Scizor
|-damage|p1a: Scizor|0 fnt
|faint|p1a: Scizor
|
|win|Raymario Pokenic
|raw|armaldojaleo's rating: 1209 &rarr; <strong>1182</strong><br />(-27 for losing)
|raw|Raymario Pokenic's rating: 1188 &rarr; <strong>1215</strong><br />(+27 for winning)
