|j|☆Thanzerfaust
|j|☆naxduck
|t:|1758256477
|gametype|singles
|player|p1|Thanzerfaust|guzma|1481
|player|p2|naxduck|dawn-gen4pt|1535
|gen|9
|tier|[Gen 9] OU
|rated|
|rule|HP Percentage Mod: HP is shown in percentages
|rule|Endless Battle Clause: Forcing endless battles is banned
|rule|Species Clause: Limit one of each Pokémon
|rule|OHKO Clause: OHKO moves are banned
|rule|Evasion Items Clause: Evasion items are banned
|rule|Evasion Moves Clause: Evasion moves are banned
|rule|Evasion Abilities Clause: Evasion abilities are banned
|rule|Sleep Moves Clause: Sleep-inducing moves are banned
|clearpoke
|poke|p1|Ninetales, M|
|poke|p1|Great Tusk|
|poke|p1|Venusaur, F|
|poke|p1|Walking Wake|
|poke|p1|Hatterene, F|
|poke|p1|Slither Wing|
|poke|p2|Slither Wing|
|poke|p2|Ninetales, M|
|poke|p2|Raging Bolt|
|poke|p2|Hatterene, F|
|poke|p2|Great Tusk|
|poke|p2|Walking Wake|
|teampreview
|inactive|Battle timer is ON: inactive players will automatically lose when time's up. (requested by naxduck)
|j| Sdold1
|
|t:|1758256483
|teamsize|p1|6
|teamsize|p2|6
|start
|switch|p1a: Walking Wake|Walking Wake|100/100
|switch|p2a: Raging Bolt|Raging Bolt|100/100
|turn|1
|
|t:|1758256496
|-terastallize|p2a: Raging Bolt|Fairy
|move|p1a: Walking Wake|Dragon Pulse|p2a: Raging Bolt
|-immune|p2a: Raging Bolt
|move|p2a: Raging Bolt|Tera Blast|p1a: Walking Wake|[anim] Tera Blast Fairy
|-supereffective|p1a: Walking Wake
|-damage|p1a: Walking Wake|0 fnt
|faint|p1a: Walking Wake
|-end|p1a: Walking Wake|Protosynthesis|[silent]
|
|upkeep
|
|t:|1758256508
|switch|p1a: Venusaur|Venusaur, F|100/100
|turn|2
|
|t:|1758256511
|move|p1a: Venusaur|Sludge Bomb|p2a: Raging Bolt
|-supereffective|p2a: Raging Bolt
|-damage|p2a: Raging Bolt|10/100
|-damage|p1a: Venusaur|91/100|[from] item: Life Orb
|move|p2a: Raging Bolt|Draco Meteor|p1a: Venusaur
|-damage|p1a: Venusaur|6/100
|-unboost|p2a: Raging Bolt|spa|2
|
|upkeep
|turn|3
|
|t:|1758256515
|switch|p1a: Ninetales|Ninetales, M|100/100
|-weather|SunnyDay|[from] ability: Drought|[of] p1a: Ninetales
|-activate|p2a: Raging Bolt|ability: Protosynthesis
|-start|p2a: Raging Bolt|protosynthesisdef
|move|p2a: Raging Bolt|Volt Switch|p1a: Ninetales
|-damage|p1a: Ninetales|81/100
|
|t:|1758256517
|-end|p2a: Raging Bolt|Protosynthesis|[silent]
|switch|p2a: 2 kids in a trench|Slither Wing|100/100|[from] Volt Switch
|-activate|p2a: 2 kids in a trench|ability: Protosynthesis
|-start|p2a: 2 kids in a trench|protosynthesisatk
|
|-weather|SunnyDay|[upkeep]
|upkeep
|turn|4
|
|t:|1758256522
|move|p1a: Ninetales|Will-O-Wisp|p2a: 2 kids in a trench
|-status|p2a: 2 kids in a trench|brn
|move|p2a: 2 kids in a trench|U-turn|p1a: Ninetales
|-resisted|p1a: Ninetales
|-damage|p1a: Ninetales|60/100
|-damage|p2a: 2 kids in a trench|91/100 brn|[from] item: Life Orb
|
|t:|1758256525
|-end|p2a: 2 kids in a trench|Protosynthesis|[silent]
|switch|p2a: Walking Wake|Walking Wake|100/100|[from] U-turn
|-activate|p2a: Walking Wake|ability: Protosynthesis
|-start|p2a: Walking Wake|protosynthesisspe
|
|-weather|SunnyDay|[upkeep]
|upkeep
|turn|5
|
|t:|1758256530
|switch|p1a: Slither Wing|Slither Wing|100/100
|-activate|p1a: Slither Wing|ability: Protosynthesis
|-start|p1a: Slither Wing|protosynthesisatk
|move|p2a: Walking Wake|Hydro Steam|p1a: Slither Wing
|-damage|p1a: Slither Wing|53/100
|
|-weather|SunnyDay|[upkeep]
|upkeep
|turn|6
|
|t:|1758256539
|-end|p2a: Walking Wake|Protosynthesis|[silent]
|switch|p2a: Great Tusk|Great Tusk|100/100
|-activate|p2a: Great Tusk|ability: Protosynthesis
|-start|p2a: Great Tusk|protosynthesisatk
|move|p1a: Slither Wing|Close Combat|p2a: Great Tusk
|-damage|p2a: Great Tusk|36/100
|-unboost|p1a: Slither Wing|def|1
|-unboost|p1a: Slither Wing|spd|1
|
|-weather|SunnyDay|[upkeep]
|upkeep
|turn|7
|
|t:|1758256546
|-end|p1a: Slither Wing|Protosynthesis|[silent]
|switch|p1a: Great Tusk|Great Tusk|100/100
|-activate|p1a: Great Tusk|ability: Protosynthesis
|-start|p1a: Great Tusk|protosynthesisatk
|move|p2a: Great Tusk|Headlong Rush|p1a: Great Tusk
|-damage|p1a: Great Tusk|42/100
|-unboost|p2a: Great Tusk|def|1
|-unboost|p2a: Great Tusk|spd|1
|
|-weather|SunnyDay|[upkeep]
|upkeep
|turn|8
|
|t:|1758256553
|-end|p2a: Great Tusk|Protosynthesis|[silent]
|switch|p2a: 2 kids in a trench|Slither Wing|91/100 brn
|-activate|p2a: 2 kids in a trench|ability: Protosynthesis
|-start|p2a: 2 kids in a trench|protosynthesisatk
|move|p1a: Great Tusk|Ice Spinner|p2a: 2 kids in a trench
|-damage|p2a: 2 kids in a trench|53/100 brn
|
|-weather|SunnyDay|[upkeep]
|-damage|p2a: 2 kids in a trench|47/100 brn|[from] brn
|upkeep
|turn|9
|
|t:|1758256558
|move|p2a: 2 kids in a trench|First Impression|p1a: Great Tusk
|-resisted|p1a: Great Tusk
|-damage|p1a: Great Tusk|25/100
|-damage|p2a: 2 kids in a trench|37/100 brn|[from] item: Life Orb
|move|p1a: Great Tusk|Stealth Rock|p2a: 2 kids in a trench
|-sidestart|p2: naxduck|move: Stealth Rock
|
|-weather|SunnyDay|[upkeep]
|-damage|p2a: 2 kids in a trench|31/100 brn|[from] brn
|upkeep
|turn|10
|
|t:|1758256562
|move|p1a: Great Tusk|Rapid Spin|p2a: 2 kids in a trench
|-damage|p2a: 2 kids in a trench|4/100 brn
|-boost|p1a: Great Tusk|spe|1
|move|p2a: 2 kids in a trench|Morning Sun|p2a: 2 kids in a trench
|-heal|p2a: 2 kids in a trench|71/100 brn
|
|-weather|none
|-end|p1a: Great Tusk|Protosynthesis
|-end|p2a: 2 kids in a trench|Protosynthesis
|-damage|p2a: 2 kids in a trench|65/100 brn|[from] brn
|upkeep
|turn|11
|
|t:|1758256569
|-end|p1a: Great Tusk|Protosynthesis|[silent]
|switch|p1a: Ninetales|Ninetales, M|60/100
|-weather|SunnyDay|[from] ability: Drought|[of] p1a: Ninetales
|-activate|p2a: 2 kids in a trench|ability: Protosynthesis
|-start|p2a: 2 kids in a trench|protosynthesisatk
|move|p2a: 2 kids in a trench|U-turn|p1a: Ninetales
|-resisted|p1a: Ninetales
|-damage|p1a: Ninetales|40/100
|-damage|p2a: 2 kids in a trench|55/100 brn|[from] item: Life Orb
|
|t:|1758256574
|-end|p2a: 2 kids in a trench|Protosynthesis|[silent]
|switch|p2a: Walking Wake|Walking Wake|100/100|[from] U-turn
|-damage|p2a: Walking Wake|88/100|[from] Stealth Rock
|-activate|p2a: Walking Wake|ability: Protosynthesis
|-start|p2a: Walking Wake|protosynthesisspe
|
|-weather|SunnyDay|[upkeep]
|upkeep
|turn|12
|
|t:|1758256578
|switch|p1a: Great Tusk|Great Tusk|25/100
|-activate|p1a: Great Tusk|ability: Protosynthesis
|-start|p1a: Great Tusk|protosynthesisatk
|move|p2a: Walking Wake|Hydro Steam|p1a: Great Tusk
|-supereffective|p1a: Great Tusk
|-damage|p1a: Great Tusk|0 fnt
|faint|p1a: Great Tusk
|-end|p1a: Great Tusk|Protosynthesis|[silent]
|
|-weather|SunnyDay|[upkeep]
|upkeep
|
|t:|1758256582
|switch|p1a: Venusaur|Venusaur, F|6/100
|turn|13
|
|t:|1758256587
|move|p1a: Venusaur|Giga Drain|p2a: Walking Wake
|-damage|p2a: Walking Wake|41/100
|-heal|p1a: Venusaur|33/100|[from] drain|[of] p2a: Walking Wake
|-damage|p1a: Venusaur|23/100|[from] item: Life Orb
|move|p2a: Walking Wake|Flip Turn|p1a: Venusaur
|-resisted|p1a: Venusaur
|-damage|p1a: Venusaur|18/100
|
|t:|1758256590
|-end|p2a: Walking Wake|Protosynthesis|[silent]
|switch|p2a: 2 kids in a trench|Slither Wing|55/100 brn|[from] Flip Turn
|-damage|p2a: 2 kids in a trench|42/100 brn|[from] Stealth Rock
|-activate|p2a: 2 kids in a trench|ability: Protosynthesis
|-start|p2a: 2 kids in a trench|protosynthesisatk
|
|-weather|SunnyDay|[upkeep]
|-damage|p2a: 2 kids in a trench|36/100 brn|[from] brn
|upkeep
|turn|14
|
|t:|1758256593
|switch|p1a: Ninetales|Ninetales, M|40/100
|move|p2a: 2 kids in a trench|Flare Blitz|p1a: Ninetales
|-resisted|p1a: Ninetales
|-damage|p1a: Ninetales|6/100
|-damage|p2a: 2 kids in a trench|25/100 brn|[from] Recoil
|-damage|p2a: 2 kids in a trench|15/100 brn|[from] item: Life Orb
|
|-weather|SunnyDay|[upkeep]
|-damage|p2a: 2 kids in a trench|9/100 brn|[from] brn
|upkeep
|turn|15
|
|t:|1758256597
|move|p1a: Ninetales|Healing Wish|p1a: Ninetales
|faint|p1a: Ninetales
|move|p2a: 2 kids in a trench|U-turn|p1: Ninetales|[notarget]
|-fail|p2a: 2 kids in a trench
|
|-weather|SunnyDay|[upkeep]
|-damage|p2a: 2 kids in a trench|3/100 brn|[from] brn
|upkeep
|
|t:|1758256599
|switch|p1a: Venusaur|Venusaur, F|18/100
|-heal|p1a: Venusaur|100/100|[from] move: Healing Wish
|turn|16
|
|t:|1758256608
|move|p1a: Venusaur|Sludge Bomb|p2a: 2 kids in a trench
|-damage|p2a: 2 kids in a trench|0 fnt
|faint|p2a: 2 kids in a trench
|-end|p2a: 2 kids in a trench|Protosynthesis|[silent]
|-damage|p1a: Venusaur|91/100|[from] item: Life Orb
|
|-weather|SunnyDay|[upkeep]
|upkeep
|
|t:|1758256616
|switch|p2a: Hatterene|Hatterene, F|100/100
|-damage|p2a: Hatterene|88/100|[from] Stealth Rock
|turn|17
|
|t:|1758256631
|-terastallize|p1a: Venusaur|Fire
|move|p1a: Venusaur|Sludge Bomb|p2a: Hatterene
|-supereffective|p2a: Hatterene
|-damage|p2a: Hatterene|0 fnt
|faint|p2a: Hatterene
|-damage|p1a: Venusaur|81/100|[from] item: Life Orb
|
|-weather|SunnyDay|[upkeep]
|upkeep
|
|t:|1758256637
|switch|p2a: Ninetales|Ninetales, M|100/100
|-damage|p2a: Ninetales|76/100|[from] Stealth Rock
|turn|18
|
|t:|1758256643
|move|p1a: Venusaur|Sludge Bomb|p2a: Ninetales
|-damage|p2a: Ninetales|27/100
|-damage|p1a: Venusaur|71/100|[from] item: Life Orb
|move|p2a: Ninetales|Healing Wish|p2a: Ninetales
|faint|p2a: Ninetales
|
|-weather|none
|upkeep
|
|t:|1758256653
|switch|p2a: Walking Wake|Walking Wake|41/100
|-heal|p2a: Walking Wake|100/100|[from] move: Healing Wish
|-damage|p2a: Walking Wake|88/100|[from] Stealth Rock
|turn|19
|
|t:|1758256657
|move|p2a: Walking Wake|Hydro Steam|p1a: Venusaur
|-supereffective|p1a: Venusaur
|-damage|p1a: Venusaur|0 fnt
|faint|p1a: Venusaur
|
|upkeep
|
|t:|1758256661
|switch|p1a: Slither Wing|Slither Wing|53/100
|turn|20
|
|t:|1758256666
|-end|p2a: Walking Wake|Protosynthesis|[silent]
|switch|p2a: Great Tusk|Great Tusk|36/100
|move|p1a: Slither Wing|Close Combat|p2a: Great Tusk
|-damage|p2a: Great Tusk|0 fnt
|-unboost|p1a: Slither Wing|def|1
|-unboost|p1a: Slither Wing|spd|1
|faint|p2a: Great Tusk
|-end|p2a: Great Tusk|Protosynthesis|[silent]
|
|upkeep
|
|t:|1758256667
|switch|p2a: Walking Wake|Walking Wake|88/100
|-damage|p2a: Walking Wake|76/100|[from] Stealth Rock
|turn|21
|
|t:|1758256670
|-end|p1a: Slither Wing|Protosynthesis|[silent]
|switch|p1a: Hatterene|Hatterene, F|100/100
|move|p2a: Walking Wake|Hydro Steam|p1a: Hatterene
|-damage|p1a: Hatterene|55/100
|-enditem|p1a: Hatterene|Red Card|[of] p2a: Walking Wake
|-end|p2a: Walking Wake|Protosynthesis|[silent]
|drag|p2a: Raging Bolt|Raging Bolt, tera:Fairy|10/100
|
|upkeep
|turn|22
|
|t:|1758256682
|move|p2a: Raging Bolt|Tera Blast|p1a: Hatterene|[anim] Tera Blast Fairy
|-damage|p1a: Hatterene|1/100
|move|p1a: Hatterene|Healing Wish|p1a: Hatterene
|faint|p1a: Hatterene
|
|upkeep
|
|t:|1758256685
|switch|p1a: Slither Wing|Slither Wing|53/100
|-heal|p1a: Slither Wing|100/100|[from] move: Healing Wish
|turn|23
|
|t:|1758256688
|move|p1a: Slither Wing|First Impression|p2a: Raging Bolt
|-resisted|p2a: Raging Bolt
|-damage|p2a: Raging Bolt|0 fnt
|faint|p2a: Raging Bolt
|-end|p2a: Raging Bolt|Protosynthesis|[silent]
|
|upkeep
|
|t:|1758256689
|switch|p2a: Walking Wake|Walking Wake|76/100
|-damage|p2a: Walking Wake|64/100|[from] Stealth Rock
|turn|24
|
|t:|1758256693
|move|p2a: Walking Wake|Hydro Steam|p1a: Slither Wing
|-damage|p1a: Slither Wing|70/100
|move|p1a: Slither Wing|Close Combat|p2a: Walking Wake
|-damage|p2a: Walking Wake|0 fnt
|-unboost|p1a: Slither Wing|def|1
|-unboost|p1a: Slither Wing|spd|1
|faint|p2a: Walking Wake
|-end|p2a: Walking Wake|Protosynthesis|[silent]
|
|win|Thanzerfaust
|raw|Thanzerfaust's rating: 1481 &rarr; <strong>1504</strong><br />(+23 for winning)
|raw|naxduck's rating: 1535 &rarr; <strong>1512</strong><br />(-23 for losing)
|l|☆naxduck
|player|p2|
|l|☆Thanzerfaust
|player|p1|
