|j|☆muyanlaomut
|j|☆madewithstupidity
|t:|1758294024
|gametype|singles
|player|p1|muyanlaomut|marley|1346
|player|p2|madewithstupidity|alder|1323
|gen|9
|tier|[Gen 9] OU
|rated|
|rule|HP Percentage Mod: HP is shown in percentages
|rule|Endless Battle Clause: Forcing endless battles is banned
|rule|Species Clause: Limit one of each Pokémon
|rule|OHKO Clause: OHKO moves are banned
|rule|Evasion Items Clause: Evasion items are banned
|rule|Evasion Moves Clause: Evasion moves are banned
|rule|Evasion Abilities Clause: Evasion abilities are banned
|rule|Sleep Moves Clause: Sleep-inducing moves are banned
|clearpoke
|poke|p1|Ceruledge, F|
|poke|p1|Dragonite, M|
|poke|p1|Raging Bolt|
|poke|p1|Landorus-Therian, M|
|poke|p1|Darkrai|
|poke|p1|Ogerpon-Wellspring, F|
|poke|p2|Iron Hands|
|poke|p2|Slowbro, M|
|poke|p2|Hatterene, F|
|poke|p2|Hoopa-Unbound|
|poke|p2|Indeedee, M|
|poke|p2|Ursaluna, M|
|teampreview
|inactive|Battle timer is ON: inactive players will automatically lose when time's up. (requested by madewithstupidity)
|inactive|muyanlaomut also wants the timer to be on.
|
|t:|1758294042
|teamsize|p1|6
|teamsize|p2|6
|start
|switch|p1a: Ceruledge|Ceruledge, F|100/100
|switch|p2a: Indeedee|Indeedee, M, shiny|100/100
|-fieldstart|move: Psychic Terrain|[from] ability: Psychic Surge|[of] p2a: Indeedee
|turn|1
|
|t:|1758294058
|switch|p1a: Darkrai|Darkrai|100/100
|move|p2a: Indeedee|Expanding Force|p1a: Darkrai
|-immune|p1a: Darkrai
|
|upkeep
|turn|2
|
|t:|1758294064
|switch|p2a: Hatterene|Hatterene, F, shiny|100/100
|move|p1a: Darkrai|Dark Pulse|p2a: Hatterene
|-damage|p2a: Hatterene|59/100
|
|upkeep
|turn|3
|
|t:|1758294068
|move|p1a: Darkrai|Sludge Bomb|p2a: Hatterene
|-supereffective|p2a: Hatterene
|-damage|p2a: Hatterene|0 fnt
|faint|p2a: Hatterene
|
|upkeep
|
|t:|1758294074
|switch|p2a: Hoopa|Hoopa-Unbound|100/100
|turn|4
|
|t:|1758294077
|switch|p1a: Landorus|Landorus-Therian, M|100/100
|-ability|p1a: Landorus|Intimidate|boost
|-unboost|p2a: Hoopa|atk|1
|move|p2a: Hoopa|Trick Room|p2a: Hoopa
|-fieldstart|move: Trick Room|[of] p2a: Hoopa
|
|upkeep
|turn|5
|
|t:|1758294081
|-terastallize|p2a: Hoopa|Psychic
|move|p2a: Hoopa|Expanding Force|p1a: Landorus
|-damage|p1a: Landorus|0 fnt
|faint|p1a: Landorus
|
|upkeep
|
|t:|1758294087
|switch|p1a: Darkrai|Darkrai|100/100
|turn|6
|
|t:|1758294090
|move|p2a: Hoopa|Drain Punch|p1a: Darkrai
|-supereffective|p1a: Darkrai
|-damage|p1a: Darkrai|46/100
|move|p1a: Darkrai|Dark Pulse|p2a: Hoopa
|-supereffective|p2a: Hoopa
|-damage|p2a: Hoopa|33/100
|
|-heal|p1a: Darkrai|52/100|[from] item: Leftovers
|upkeep
|turn|7
|
|t:|1758294094
|switch|p1a: Ceruledge|Ceruledge, F|100/100
|move|p2a: Hoopa|Drain Punch|p1a: Ceruledge
|-immune|p1a: Ceruledge
|
|upkeep
|turn|8
|
|t:|1758294100
|move|p1a: Ceruledge|Shadow Sneak|p2a: Hoopa
|-activate|p2a: Hoopa|move: Psychic Terrain
|move|p2a: Hoopa|Hyperspace Fury|p1a: Ceruledge
|-supereffective|p1a: Ceruledge
|-enditem|p1a: Ceruledge|Focus Sash
|-damage|p1a: Ceruledge|1/100
|-unboost|p2a: Hoopa|def|1
|-ability|p1a: Ceruledge|Weak Armor|boost
|-unboost|p1a: Ceruledge|def|1
|-boost|p1a: Ceruledge|spe|2
|
|-fieldend|move: Trick Room
|-fieldend|move: Psychic Terrain
|upkeep
|turn|9
|
|t:|1758294105
|switch|p2a: Indeedee|Indeedee, M, shiny|100/100
|-fieldstart|move: Psychic Terrain|[from] ability: Psychic Surge|[of] p2a: Indeedee
|move|p1a: Ceruledge|Bitter Blade|p2a: Indeedee
|-damage|p2a: Indeedee|50/100
|-heal|p1a: Ceruledge|29/100|[from] drain|[of] p2a: Indeedee
|
|upkeep
|turn|10
|
|t:|1758294108
|move|p1a: Ceruledge|Bitter Blade|p2a: Indeedee
|-damage|p2a: Indeedee|0 fnt
|-heal|p1a: Ceruledge|57/100|[from] drain|[of] p2a: Indeedee
|faint|p2a: Indeedee
|
|upkeep
|
|t:|1758294116
|switch|p2a: Slowbro|Slowbro, M, shiny|100/100
|turn|11
|
|t:|1758294118
|move|p1a: Ceruledge|Poltergeist|p2a: Slowbro
|-activate|p2a: Slowbro|move: Poltergeist|Chesto Berry
|-supereffective|p2a: Slowbro
|-damage|p2a: Slowbro|14/100
|move|p2a: Slowbro|Trick Room|p2a: Slowbro
|-fieldstart|move: Trick Room|[of] p2a: Slowbro
|
|upkeep
|turn|12
|
|t:|1758294130
|move|p2a: Slowbro|Expanding Force|p1a: Ceruledge
|-damage|p1a: Ceruledge|0 fnt
|faint|p1a: Ceruledge
|
|upkeep
|
|t:|1758294133
|switch|p1a: Dragonite|Dragonite, M|100/100
|turn|13
|
|t:|1758294145
|move|p2a: Slowbro|Expanding Force|p1a: Dragonite
|-damage|p1a: Dragonite|74/100
|move|p1a: Dragonite|Dragon Dance|p1a: Dragonite
|-boost|p1a: Dragonite|atk|1
|-boost|p1a: Dragonite|spe|1
|
|upkeep
|turn|14
|
|t:|1758294152
|-terastallize|p1a: Dragonite|Normal
|move|p1a: Dragonite|Extreme Speed|p2a: Slowbro
|-activate|p2a: Slowbro|move: Psychic Terrain
|move|p2a: Slowbro|Expanding Force|p1a: Dragonite
|-damage|p1a: Dragonite|15/100
|
|upkeep
|turn|15
|
|t:|1758294162
|switch|p1a: Raging Bolt|Raging Bolt|100/100
|-enditem|p1a: Raging Bolt|Booster Energy
|-activate|p1a: Raging Bolt|ability: Protosynthesis|[fromitem]
|-start|p1a: Raging Bolt|protosynthesisspa
|move|p2a: Slowbro|Scald|p1a: Raging Bolt
|-resisted|p1a: Raging Bolt
|-damage|p1a: Raging Bolt|87/100
|
|-fieldend|move: Trick Room
|upkeep
|turn|16
|
|t:|1758294168
|move|p1a: Raging Bolt|Dragon Pulse|p2a: Slowbro
|-damage|p2a: Slowbro|0 fnt
|faint|p2a: Slowbro
|
|-fieldend|move: Psychic Terrain
|upkeep
|
|t:|1758294174
|switch|p2a: Iron Hands|Iron Hands, shiny|100/100
|turn|17
|
|t:|1758294176
|move|p1a: Raging Bolt|Dragon Pulse|p2a: Iron Hands
|-damage|p2a: Iron Hands|58/100
|move|p2a: Iron Hands|Ice Punch|p1a: Raging Bolt
|-supereffective|p1a: Raging Bolt
|-damage|p1a: Raging Bolt|35/100
|
|upkeep
|turn|18
|
|t:|1758294178
|move|p1a: Raging Bolt|Dragon Pulse|p2a: Iron Hands
|-damage|p2a: Iron Hands|20/100
|move|p2a: Iron Hands|Ice Punch|p1a: Raging Bolt
|-supereffective|p1a: Raging Bolt
|-damage|p1a: Raging Bolt|0 fnt
|faint|p1a: Raging Bolt
|-end|p1a: Raging Bolt|Protosynthesis|[silent]
|
|upkeep
|
|t:|1758294181
|switch|p1a: Dragonite|Dragonite, M, tera:Normal|15/100
|turn|19
|
|t:|1758294186
|move|p1a: Dragonite|Extreme Speed|p2a: Iron Hands
|-damage|p2a: Iron Hands|0 fnt
|faint|p2a: Iron Hands
|-end|p2a: Iron Hands|Quark Drive|[silent]
|
|upkeep
|
|t:|1758294189
|switch|p2a: Ursaluna|Ursaluna, M, shiny|100/100
|turn|20
|
|t:|1758294193
|move|p1a: Dragonite|Ice Spinner|p2a: Ursaluna
|-supereffective|p2a: Ursaluna
|-damage|p2a: Ursaluna|58/100
|move|p2a: Ursaluna|Facade|p1a: Dragonite
|-damage|p1a: Dragonite|0 fnt
|faint|p1a: Dragonite
|
|-status|p2a: Ursaluna|brn|[from] item: Flame Orb
|upkeep
|
|t:|1758294196
|switch|p1a: Ogerpon|Ogerpon-Wellspring, F|100/100
|turn|21
|
|t:|1758294199
|move|p1a: Ogerpon|Ivy Cudgel|p2a: Ursaluna|[anim] Ivy Cudgel Water
|-supereffective|p2a: Ursaluna
|-damage|p2a: Ursaluna|0 fnt
|faint|p2a: Ursaluna
|
|upkeep
|
|t:|1758294201
|switch|p2a: Hoopa|Hoopa-Unbound, tera:Psychic|33/100
|turn|22
|
|t:|1758294203
|move|p1a: Ogerpon|Ivy Cudgel|p2a: Hoopa|[anim] Ivy Cudgel Water
|-damage|p2a: Hoopa|0 fnt
|faint|p2a: Hoopa
|
|win|muyanlaomut
|raw|muyanlaomut's rating: 1346 &rarr; <strong>1365</strong><br />(+19 for winning)
|raw|madewithstupidity's rating: 1323 &rarr; <strong>1304</strong><br />(-19 for losing)
|l|☆madewithstupidity
|player|p2|
|l|☆muyanlaomut
|player|p1|
