|j|☆Vacodrish
|j|☆Araciel
|t:|1758257535
|gametype|singles
|player|p1|Vacodrish|beauty-masters|1372
|player|p2|Araciel|265|1416
|gen|9
|tier|[Gen 9] OU
|rated|
|rule|HP Percentage Mod: HP is shown in percentages
|rule|Endless Battle Clause: Forcing endless battles is banned
|rule|Species Clause: Limit one of each Pokémon
|rule|OHKO Clause: OHKO moves are banned
|rule|Evasion Items Clause: Evasion items are banned
|rule|Evasion Moves Clause: Evasion moves are banned
|rule|Evasion Abilities Clause: Evasion abilities are banned
|rule|Sleep Moves Clause: Sleep-inducing moves are banned
|clearpoke
|poke|p1|Iron Moth|
|poke|p1|Ting-Lu|
|poke|p1|Torkoal, M|
|poke|p1|Walking Wake|
|poke|p1|Great Tusk|
|poke|p1|Slither Wing|
|poke|p2|Muk-Alola, M|
|poke|p2|Scizor, M|
|poke|p2|Dragonite, M|
|poke|p2|Hatterene, F|
|poke|p2|Primarina, F|
|poke|p2|Gliscor, F|
|teampreview
|
|t:|1758257541
|teamsize|p1|6
|teamsize|p2|6
|start
|switch|p1a: Torkoal|Torkoal, M|100/100
|switch|p2a: Muk|Muk-Alola, M|100/100
|-weather|SunnyDay|[from] ability: Drought|[of] p1a: Torkoal
|turn|1
|inactive|Battle timer is ON: inactive players will automatically lose when time's up. (requested by Araciel)
|
|t:|1758257549
|move|p2a: Muk|Knock Off|p1a: Torkoal
|-damage|p1a: Torkoal|77/100
|-enditem|p1a: Torkoal|Heat Rock|[from] move: Knock Off|[of] p2a: Muk
|move|p1a: Torkoal|Will-O-Wisp|p2a: Muk
|-status|p2a: Muk|brn
|
|-weather|SunnyDay|[upkeep]
|-damage|p2a: Muk|94/100 brn|[from] brn
|upkeep
|turn|2
|
|t:|1758257567
|move|p2a: Muk|Poison Jab|p1a: Torkoal
|-damage|p1a: Torkoal|67/100
|move|p1a: Torkoal|Stealth Rock|p2a: Muk
|-sidestart|p2: Araciel|move: Stealth Rock
|
|-weather|SunnyDay|[upkeep]
|-damage|p2a: Muk|88/100 brn|[from] brn
|upkeep
|turn|3
|
|t:|1758257578
|switch|p2a: Hatterene|Hatterene, F|100/100
|-damage|p2a: Hatterene|88/100|[from] Stealth Rock
|switch|p1a: Great Tusk|Great Tusk|100/100
|-activate|p1a: Great Tusk|ability: Protosynthesis
|-start|p1a: Great Tusk|protosynthesisspe
|
|-weather|SunnyDay|[upkeep]
|upkeep
|turn|4
|
|t:|1758257592
|move|p1a: Great Tusk|Headlong Rush|p2a: Hatterene
|-damage|p2a: Hatterene|43/100
|-unboost|p1a: Great Tusk|def|1
|-unboost|p1a: Great Tusk|spd|1
|move|p2a: Hatterene|Draining Kiss|p1a: Great Tusk
|-supereffective|p1a: Great Tusk
|-damage|p1a: Great Tusk|3/100
|-heal|p2a: Hatterene|100/100|[from] drain|[of] p1a: Great Tusk
|
|-weather|SunnyDay|[upkeep]
|upkeep
|turn|5
|
|t:|1758257607
|move|p1a: Great Tusk|Headlong Rush|p2a: Hatterene
|-damage|p2a: Hatterene|50/100
|-unboost|p1a: Great Tusk|def|1
|-unboost|p1a: Great Tusk|spd|1
|move|p2a: Hatterene|Shadow Ball|p1a: Great Tusk
|-crit|p1a: Great Tusk
|-damage|p1a: Great Tusk|0 fnt
|faint|p1a: Great Tusk
|-end|p1a: Great Tusk|Protosynthesis|[silent]
|
|-weather|SunnyDay|[upkeep]
|upkeep
|
|t:|1758257610
|switch|p1a: The New|Iron Moth|100/100
|turn|6
|
|t:|1758257624
|switch|p2a: Muk|Muk-Alola, M|88/100 brn
|-damage|p2a: Muk|76/100 brn|[from] Stealth Rock
|move|p1a: The New|Fiery Dance|p2a: Muk
|-damage|p2a: Muk|27/100 brn
|
|-weather|SunnyDay|[upkeep]
|-damage|p2a: Muk|21/100 brn|[from] brn
|upkeep
|turn|7
|
|t:|1758257636
|move|p1a: The New|Fiery Dance|p2a: Muk
|-damage|p2a: Muk|0 fnt
|-boost|p1a: The New|spa|1
|faint|p2a: Muk
|
|-weather|SunnyDay|[upkeep]
|upkeep
|
|t:|1758257651
|switch|p2a: Gliscor|Gliscor, F|100/100
|-damage|p2a: Gliscor|88/100|[from] Stealth Rock
|turn|8
|
|t:|1758257666
|move|p1a: The New|Fiery Dance|p2a: Gliscor
|-damage|p2a: Gliscor|0 fnt
|faint|p2a: Gliscor
|
|-weather|none
|upkeep
|
|t:|1758257674
|switch|p2a: Dragonite|Dragonite, M|100/100
|-damage|p2a: Dragonite|75/100|[from] Stealth Rock
|turn|9
|
|t:|1758257679
|-end|p1a: The New|Quark Drive|[silent]
|switch|p1a: Ting-Lu|Ting-Lu|100/100
|-ability|p1a: Ting-Lu|Vessel of Ruin
|move|p2a: Dragonite|Earthquake|p1a: Ting-Lu
|-crit|p1a: Ting-Lu
|-damage|p1a: Ting-Lu|71/100
|
|-heal|p1a: Ting-Lu|78/100|[from] item: Leftovers
|upkeep
|turn|10
|
|t:|1758257691
|switch|p2a: Hatterene|Hatterene, F|50/100
|-damage|p2a: Hatterene|38/100|[from] Stealth Rock
|move|p1a: Ting-Lu|Whirlwind|p2a: Hatterene
|move|p2a: Hatterene|Whirlwind|p1a: Ting-Lu|[from] ability: Magic Bounce
|drag|p1a: The New|Iron Moth|100/100
|
|upkeep
|turn|11
|
|t:|1758257705
|move|p1a: The New|Fiery Dance|p2a: Hatterene
|-damage|p2a: Hatterene|0 fnt
|-boost|p1a: The New|spa|1
|faint|p2a: Hatterene
|
|upkeep
|
|t:|1758257712
|switch|p2a: Dragonite|Dragonite, M|75/100
|-damage|p2a: Dragonite|50/100|[from] Stealth Rock
|turn|12
|
|t:|1758257717
|-terastallize|p1a: The New|Fire
|move|p2a: Dragonite|Extreme Speed|p1a: The New
|-damage|p1a: The New|49/100
|move|p1a: The New|Fiery Dance|p2a: Dragonite
|-resisted|p2a: Dragonite
|-damage|p2a: Dragonite|0 fnt
|faint|p2a: Dragonite
|
|upkeep
|
|t:|1758257727
|switch|p2a: Primarina|Primarina, F|100/100
|-damage|p2a: Primarina|88/100|[from] Stealth Rock
|turn|13
|
|t:|1758257748
|-end|p1a: The New|Quark Drive|[silent]
|switch|p1a: Torkoal|Torkoal, M|67/100
|-weather|SunnyDay|[from] ability: Drought|[of] p1a: Torkoal
|-terastallize|p2a: Primarina|Water
|move|p2a: Primarina|Calm Mind|p2a: Primarina
|-boost|p2a: Primarina|spa|1
|-boost|p2a: Primarina|spd|1
|
|-weather|SunnyDay|[upkeep]
|-heal|p2a: Primarina|94/100|[from] item: Leftovers
|upkeep
|turn|14
|
|t:|1758257764
|move|p2a: Primarina|Calm Mind|p2a: Primarina
|-boost|p2a: Primarina|spa|1
|-boost|p2a: Primarina|spd|1
|move|p1a: Torkoal|Will-O-Wisp|p2a: Primarina
|-status|p2a: Primarina|brn
|
|-weather|SunnyDay|[upkeep]
|-heal|p2a: Primarina|99/100 brn|[from] item: Leftovers
|-damage|p2a: Primarina|94/100 brn|[from] brn
|upkeep
|turn|15
|
|t:|1758257777
|switch|p1a: Ting-Lu|Ting-Lu|78/100
|-ability|p1a: Ting-Lu|Vessel of Ruin
|move|p2a: Primarina|Calm Mind|p2a: Primarina
|-boost|p2a: Primarina|spa|1
|-boost|p2a: Primarina|spd|1
|
|-weather|SunnyDay|[upkeep]
|-heal|p2a: Primarina|99/100 brn|[from] item: Leftovers
|-heal|p1a: Ting-Lu|84/100|[from] item: Leftovers
|-damage|p2a: Primarina|94/100 brn|[from] brn
|upkeep
|turn|16
|inactive|Araciel has 120 seconds left.
|
|t:|1758257792
|move|p2a: Primarina|Draining Kiss|p1a: Ting-Lu
|-supereffective|p1a: Ting-Lu
|-damage|p1a: Ting-Lu|30/100
|-heal|p2a: Primarina|100/100 brn|[from] drain|[of] p1a: Ting-Lu
|move|p1a: Ting-Lu|Whirlwind|p2a: Primarina
|drag|p2a: Scizor|Scizor, M, shiny|100/100
|-damage|p2a: Scizor|88/100|[from] Stealth Rock
|
|-weather|SunnyDay|[upkeep]
|-heal|p1a: Ting-Lu|36/100|[from] item: Leftovers
|upkeep
|turn|17
|inactive|Araciel has 120 seconds left.
|
|t:|1758257805
|move|p2a: Scizor|Close Combat|p1a: Ting-Lu
|-supereffective|p1a: Ting-Lu
|-damage|p1a: Ting-Lu|0 fnt
|-unboost|p2a: Scizor|def|1
|-unboost|p2a: Scizor|spd|1
|faint|p1a: Ting-Lu
|
|-weather|none
|upkeep
|
|t:|1758257814
|switch|p1a: The old|Slither Wing|100/100
|turn|18
|
|t:|1758257823
|switch|p2a: Primarina|Primarina, F, tera:Water|100/100 brn
|-damage|p2a: Primarina|88/100 brn|[from] Stealth Rock
|move|p1a: The old|Close Combat|p2a: Primarina
|-damage|p2a: Primarina|0 fnt
|-unboost|p1a: The old|def|1
|-unboost|p1a: The old|spd|1
|faint|p2a: Primarina
|
|upkeep
|
|t:|1758257833
|switch|p2a: Scizor|Scizor, M, shiny|88/100
|-damage|p2a: Scizor|75/100|[from] Stealth Rock
|turn|19
|
|t:|1758257841
|move|p1a: The old|Close Combat|p2a: Scizor
|-damage|p2a: Scizor|0 fnt
|-unboost|p1a: The old|def|1
|-unboost|p1a: The old|spd|1
|faint|p2a: Scizor
|
|win|Vacodrish
|raw|Vacodrish's rating: 1372 &rarr; <strong>1395</strong><br />(+23 for winning)
|raw|Araciel's rating: 1416 &rarr; <strong>1393</strong><br />(-23 for losing)
|l|☆Araciel
|player|p2|
