|j|☆Pickledpanda123
|j|☆Fitis3
|t:|1758260976
|gametype|singles
|player|p1|Pickledpanda123|harlequin|1134
|player|p2|Fitis3|265|1171
|gen|9
|tier|[Gen 9] OU
|rated|
|rule|HP Percentage Mod: HP is shown in percentages
|rule|Endless Battle Clause: Forcing endless battles is banned
|rule|Species Clause: Limit one of each Pokémon
|rule|OHKO Clause: OHKO moves are banned
|rule|Evasion Items Clause: Evasion items are banned
|rule|Evasion Moves Clause: Evasion moves are banned
|rule|Evasion Abilities Clause: Evasion abilities are banned
|rule|Sleep Moves Clause: Sleep-inducing moves are banned
|clearpoke
|poke|p1|Pelipper, F|
|poke|p1|Hatterene, F|
|poke|p1|Iron Treads|
|poke|p1|Skarmory, M|
|poke|p1|Barraskewda, F|
|poke|p1|Zapdos|
|poke|p2|Gliscor, F|
|poke|p2|Iron Valiant|
|poke|p2|Typhlosion, F|
|poke|p2|Iron Treads|
|poke|p2|Hatterene, F|
|poke|p2|Clodsire, F|
|teampreview
|inactive|Battle timer is ON: inactive players will automatically lose when time's up. (requested by Fitis3)
|inactive|Pickledpanda123 also wants the timer to be on.
|l|☆Pickledpanda123
|inactive|Pickledpanda123 disconnected and has a minute to reconnect!
|player|p1|
|j|☆Pickledpanda123
|inactive|Pickledpanda123 reconnected.
|player|p1|Pickledpanda123|harlequin|
|
|t:|1758261002
|teamsize|p1|6
|teamsize|p2|6
|start
|switch|p1a: Iron Treads|Iron Treads|100/100
|switch|p2a: Hatterene|Hatterene, F|100/100
|turn|1
|
|t:|1758261009
|move|p1a: Iron Treads|Stealth Rock|p2a: Hatterene
|move|p2a: Hatterene|Stealth Rock|p1a: Iron Treads|[from] ability: Magic Bounce
|-sidestart|p1: Pickledpanda123|move: Stealth Rock
|move|p2a: Hatterene|Mystical Fire|p1a: Iron Treads
|-supereffective|p1a: Iron Treads
|-damage|p1a: Iron Treads|64/100
|-unboost|p1a: Iron Treads|spa|1
|
|-heal|p1a: Iron Treads|70/100|[from] item: Leftovers
|upkeep
|turn|2
|
|t:|1758261024
|move|p1a: Iron Treads|Rapid Spin|p2a: Hatterene
|-damage|p2a: Hatterene|90/100
|-boost|p1a: Iron Treads|spe|1
|-sideend|p1: Pickledpanda123|Stealth Rock|[from] move: Rapid Spin|[of] p1a: Iron Treads
|move|p2a: Hatterene|Mystical Fire|p1a: Iron Treads
|-supereffective|p1a: Iron Treads
|-damage|p1a: Iron Treads|32/100
|-unboost|p1a: Iron Treads|spa|1
|
|-heal|p1a: Iron Treads|38/100|[from] item: Leftovers
|-heal|p2a: Hatterene|96/100|[from] item: Leftovers
|upkeep
|turn|3
|
|t:|1758261040
|move|p1a: Iron Treads|Volt Switch|p2a: Hatterene
|-damage|p2a: Hatterene|89/100
|
|t:|1758261046
|-end|p1a: Iron Treads|Quark Drive|[silent]
|switch|p1a: Pelipper|Pelipper, F|100/100|[from] Volt Switch
|-weather|RainDance|[from] ability: Drizzle|[of] p1a: Pelipper
|move|p2a: Hatterene|Mystical Fire|p1a: Pelipper
|-resisted|p1a: Pelipper
|-damage|p1a: Pelipper|95/100
|-unboost|p1a: Pelipper|spa|1
|
|-weather|RainDance|[upkeep]
|-heal|p2a: Hatterene|95/100|[from] item: Leftovers
|upkeep
|turn|4
|
|t:|1758261056
|move|p1a: Pelipper|Knock Off|p2a: Hatterene
|-damage|p2a: Hatterene|84/100
|-enditem|p2a: Hatterene|Leftovers|[from] move: Knock Off|[of] p1a: Pelipper
|move|p2a: Hatterene|Calm Mind|p2a: Hatterene
|-boost|p2a: Hatterene|spa|1
|-boost|p2a: Hatterene|spd|1
|
|-weather|RainDance|[upkeep]
|upkeep
|turn|5
|
|t:|1758261062
|move|p1a: Pelipper|U-turn|p2a: Hatterene
|-damage|p2a: Hatterene|76/100
|
|t:|1758261066
|switch|p1a: Barraskewda|Barraskewda, F|100/100|[from] U-turn
|move|p2a: Hatterene|Calm Mind|p2a: Hatterene
|-boost|p2a: Hatterene|spa|1
|-boost|p2a: Hatterene|spd|1
|
|-weather|RainDance|[upkeep]
|upkeep
|turn|6
|
|t:|1758261072
|switch|p2a: Clodsire|Clodsire, F|100/100
|move|p1a: Barraskewda|Liquidation|p2a: Clodsire
|-immune|p2a: Clodsire|[from] ability: Water Absorb
|
|-weather|RainDance|[upkeep]
|upkeep
|turn|7
|
|t:|1758261077
|switch|p1a: Zapdos|Zapdos|100/100
|move|p2a: Clodsire|Toxic|p1a: Zapdos
|-status|p1a: Zapdos|tox
|
|-weather|RainDance|[upkeep]
|-damage|p1a: Zapdos|94/100 tox|[from] psn
|upkeep
|turn|8
|
|t:|1758261086
|move|p1a: Zapdos|Weather Ball|p2a: Clodsire
|-immune|p2a: Clodsire|[from] ability: Water Absorb
|move|p2a: Clodsire|Recover||[still]
|-fail|p2a: Clodsire|heal
|
|-weather|RainDance|[upkeep]
|-damage|p1a: Zapdos|82/100 tox|[from] psn
|upkeep
|turn|9
|
|t:|1758261098
|switch|p1a: Skarmory|Skarmory, M|100/100
|switch|p2a: Hatterene|Hatterene, F|76/100
|
|-weather|RainDance|[upkeep]
|upkeep
|turn|10
|
|t:|1758261114
|switch|p2a: Iron Treads|Iron Treads|100/100
|move|p1a: Skarmory|Iron Defense|p1a: Skarmory
|-boost|p1a: Skarmory|def|2
|
|-weather|none
|upkeep
|turn|11
|
|t:|1758261131
|move|p2a: Iron Treads|Stealth Rock|p1a: Skarmory
|-sidestart|p1: Pickledpanda123|move: Stealth Rock
|move|p1a: Skarmory|Iron Defense|p1a: Skarmory
|-boost|p1a: Skarmory|def|2
|
|upkeep
|turn|12
|
|t:|1758261140
|-end|p2a: Iron Treads|Quark Drive|[silent]
|switch|p2a: Clodsire|Clodsire, F|100/100
|move|p1a: Skarmory|Spikes|p2a: Clodsire
|-sidestart|p2: Fitis3|Spikes
|
|upkeep
|turn|13
|
|t:|1758261144
|move|p1a: Skarmory|Spikes|p2a: Clodsire
|-sidestart|p2: Fitis3|Spikes
|move|p2a: Clodsire|Haze|p2a: Clodsire
|-clearallboost
|
|upkeep
|turn|14
|
|t:|1758261154
|switch|p2a: Iron Treads|Iron Treads|100/100
|move|p1a: Skarmory|Body Press|p2a: Iron Treads
|-supereffective|p2a: Iron Treads
|-damage|p2a: Iron Treads|56/100
|
|upkeep
|turn|15
|
|t:|1758261160
|move|p2a: Iron Treads|Rapid Spin|p1a: Skarmory
|-resisted|p1a: Skarmory
|-damage|p1a: Skarmory|97/100
|-boost|p2a: Iron Treads|spe|1
|-damage|p2a: Iron Treads|39/100|[from] item: Rocky Helmet|[of] p1a: Skarmory
|-sideend|p2: Fitis3|Spikes|[from] move: Rapid Spin|[of] p2a: Iron Treads
|move|p1a: Skarmory|Spikes|p2a: Iron Treads
|-sidestart|p2: Fitis3|Spikes
|
|upkeep
|turn|16
|
|t:|1758261164
|move|p2a: Iron Treads|Rapid Spin|p1a: Skarmory
|-resisted|p1a: Skarmory
|-damage|p1a: Skarmory|93/100
|-boost|p2a: Iron Treads|spe|1
|-damage|p2a: Iron Treads|22/100|[from] item: Rocky Helmet|[of] p1a: Skarmory
|-sideend|p2: Fitis3|Spikes|[from] move: Rapid Spin|[of] p2a: Iron Treads
|move|p1a: Skarmory|Iron Defense|p1a: Skarmory
|-boost|p1a: Skarmory|def|2
|
|upkeep
|turn|17
|
|t:|1758261168
|-end|p2a: Iron Treads|Quark Drive|[silent]
|switch|p2a: Typhlosion|Typhlosion, F|100/100
|move|p1a: Skarmory|Spikes|p2a: Typhlosion
|-sidestart|p2: Fitis3|Spikes
|
|upkeep
|turn|18
|
|t:|1758261176
|move|p2a: Typhlosion|Eruption|p1a: Skarmory
|-supereffective|p1a: Skarmory
|-damage|p1a: Skarmory|0 fnt
|faint|p1a: Skarmory
|
|upkeep
|
|t:|1758261182
|switch|p1a: Pelipper|Pelipper, F|95/100
|-damage|p1a: Pelipper|70/100|[from] Stealth Rock
|-weather|RainDance|[from] ability: Drizzle|[of] p1a: Pelipper
|turn|19
|
|t:|1758261189
|switch|p2a: Clodsire|Clodsire, F|100/100
|-damage|p2a: Clodsire|88/100|[from] Spikes
|move|p1a: Pelipper|U-turn|p2a: Clodsire
|-resisted|p2a: Clodsire
|-damage|p2a: Clodsire|83/100
|
|t:|1758261194
|switch|p1a: Zapdos|Zapdos|82/100 tox|[from] U-turn
|-damage|p1a: Zapdos|57/100 tox|[from] Stealth Rock
|
|-weather|RainDance|[upkeep]
|-heal|p2a: Clodsire|89/100|[from] item: Leftovers
|-damage|p1a: Zapdos|51/100 tox|[from] psn
|upkeep
|turn|20
|
|t:|1758261199
|move|p1a: Zapdos|Thunder|p2a: Clodsire
|-immune|p2a: Clodsire
|move|p2a: Clodsire|Earthquake|p1a: Zapdos
|-immune|p1a: Zapdos
|
|-weather|RainDance|[upkeep]
|-heal|p2a: Clodsire|95/100|[from] item: Leftovers
|-damage|p1a: Zapdos|38/100 tox|[from] psn
|upkeep
|turn|21
|
|t:|1758261220
|switch|p1a: Pelipper|Pelipper, F|70/100
|-damage|p1a: Pelipper|46/100|[from] Stealth Rock
|move|p2a: Clodsire|Earthquake|p1a: Pelipper
|-immune|p1a: Pelipper
|
|-weather|RainDance|[upkeep]
|-heal|p2a: Clodsire|100/100|[from] item: Leftovers
|upkeep
|turn|22
|
|t:|1758261226
|move|p1a: Pelipper|U-turn|p2a: Clodsire
|-resisted|p2a: Clodsire
|-damage|p2a: Clodsire|96/100
|
|t:|1758261229
|switch|p1a: Barraskewda|Barraskewda, F|100/100|[from] U-turn
|-damage|p1a: Barraskewda|88/100|[from] Stealth Rock
|move|p2a: Clodsire|Toxic|p1a: Barraskewda
|-status|p1a: Barraskewda|tox
|
|-weather|RainDance|[upkeep]
|-heal|p2a: Clodsire|100/100|[from] item: Leftovers
|-damage|p1a: Barraskewda|82/100 tox|[from] psn
|upkeep
|turn|23
|
|t:|1758261236
|-terastallize|p1a: Barraskewda|Water
|move|p1a: Barraskewda|Liquidation|p2a: Clodsire
|-immune|p2a: Clodsire|[from] ability: Water Absorb
|move|p2a: Clodsire|Recover||[still]
|-fail|p2a: Clodsire|heal
|
|-weather|RainDance|[upkeep]
|-damage|p1a: Barraskewda|70/100 tox|[from] psn
|upkeep
|turn|24
|-message|Pickledpanda123 forfeited.
|
|win|Fitis3
|raw|Pickledpanda123's rating: 1134 &rarr; <strong>1112</strong><br />(-22 for losing)
|raw|Fitis3's rating: 1171 &rarr; <strong>1193</strong><br />(+22 for winning)
|l|☆Pickledpanda123
|player|p1|
|l|☆Fitis3
|player|p2|
