|j|☆SpectralStorm
|j|☆C-losss8
|t:|1758377377
|gametype|singles
|player|p1|SpectralStorm|101|1526
|player|p2|C-losss8|veteran|1538
|gen|9
|tier|[Gen 9] OU
|rated|
|rule|HP Percentage Mod: HP is shown in percentages
|rule|Endless Battle Clause: Forcing endless battles is banned
|rule|Species Clause: Limit one of each Pokémon
|rule|OHKO Clause: OHKO moves are banned
|rule|Evasion Items Clause: Evasion items are banned
|rule|Evasion Moves Clause: Evasion moves are banned
|rule|Evasion Abilities Clause: Evasion abilities are banned
|rule|Sleep Moves Clause: Sleep-inducing moves are banned
|clearpoke
|poke|p1|Bellibolt, F|
|poke|p1|Basculegion, M|
|poke|p1|Dragonite, F|
|poke|p1|Iron Treads|
|poke|p1|Barraskewda, F|
|poke|p1|Pelipper, F|
|poke|p2|Glimmora, F|
|poke|p2|Garganacl, M|
|poke|p2|Dragonite, F|
|poke|p2|Darkrai|
|poke|p2|Iron Valiant|
|poke|p2|Ogerpon-Wellspring, F|
|teampreview
|inactive|Battle timer is ON: inactive players will automatically lose when time's up. (requested by C-losss8)
|
|t:|1758377385
|teamsize|p1|6
|teamsize|p2|6
|start
|switch|p1a: Iron Treads|Iron Treads|100/100
|switch|p2a: Ogerpon|Ogerpon-Wellspring, F|100/100
|turn|1
|
|t:|1758377395
|-end|p1a: Iron Treads|Quark Drive|[silent]
|switch|p1a: Pelipper|Pelipper, F|100/100
|-weather|RainDance|[from] ability: Drizzle|[of] p1a: Pelipper
|move|p2a: Ogerpon|Knock Off|p1a: Pelipper
|-damage|p1a: Pelipper|71/100
|-enditem|p1a: Pelipper|Damp Rock|[from] move: Knock Off|[of] p2a: Ogerpon
|
|-weather|RainDance|[upkeep]
|upkeep
|turn|2
|
|t:|1758377405
|move|p2a: Ogerpon|Horn Leech|p1a: Pelipper
|-damage|p1a: Pelipper|38/100
|move|p1a: Pelipper|U-turn|p2a: Ogerpon
|-supereffective|p2a: Ogerpon
|-damage|p2a: Ogerpon|79/100
|
|t:|1758377410
|switch|p1a: Dragonite|Dragonite, F|100/100|[from] U-turn
|
|-weather|RainDance|[upkeep]
|upkeep
|turn|3
|
|t:|1758377416
|move|p2a: Ogerpon|Knock Off|p1a: Dragonite
|-damage|p1a: Dragonite|81/100
|-enditem|p1a: Dragonite|Eject Pack|[from] move: Knock Off|[of] p2a: Ogerpon
|move|p1a: Dragonite|Draco Meteor|p2a: Ogerpon|[miss]
|-miss|p1a: Dragonite|p2a: Ogerpon
|
|-weather|RainDance|[upkeep]
|upkeep
|turn|4
|
|t:|1758377425
|move|p2a: Ogerpon|U-turn|p1a: Dragonite
|-resisted|p1a: Dragonite
|-damage|p1a: Dragonite|66/100
|
|t:|1758377428
|switch|p2a: Iron Valiant|Iron Valiant|100/100|[from] U-turn
|-enditem|p2a: Iron Valiant|Booster Energy
|-activate|p2a: Iron Valiant|ability: Quark Drive|[fromitem]
|-start|p2a: Iron Valiant|quarkdrivespe
|move|p1a: Dragonite|Hurricane|p2a: Iron Valiant
|-supereffective|p2a: Iron Valiant
|-damage|p2a: Iron Valiant|0 fnt
|faint|p2a: Iron Valiant
|-end|p2a: Iron Valiant|Quark Drive|[silent]
|
|-weather|RainDance|[upkeep]
|upkeep
|
|t:|1758377440
|switch|p2a: Glimmora|Glimmora, F|100/100
|turn|5
|
|t:|1758377444
|move|p2a: Glimmora|Power Gem|p1a: Dragonite
|-supereffective|p1a: Dragonite
|-damage|p1a: Dragonite|0 fnt
|faint|p1a: Dragonite
|
|-weather|RainDance|[upkeep]
|upkeep
|
|t:|1758377451
|switch|p1a: Barraskewda|Barraskewda, F|100/100
|turn|6
|
|t:|1758377454
|move|p1a: Barraskewda|Close Combat|p2a: Glimmora
|-damage|p2a: Glimmora|15/100
|-unboost|p1a: Barraskewda|def|1
|-unboost|p1a: Barraskewda|spd|1
|-activate|p2a: Glimmora|ability: Toxic Debris
|-sidestart|p1: SpectralStorm|move: Toxic Spikes
|move|p2a: Glimmora|Stealth Rock|p1a: Barraskewda
|-sidestart|p1: SpectralStorm|move: Stealth Rock
|
|-weather|RainDance|[upkeep]
|upkeep
|turn|7
|
|t:|1758377464
|move|p1a: Barraskewda|Close Combat|p2a: Glimmora
|-damage|p2a: Glimmora|0 fnt
|-unboost|p1a: Barraskewda|def|1
|-unboost|p1a: Barraskewda|spd|1
|-activate|p2a: Glimmora|ability: Toxic Debris
|-sidestart|p1: SpectralStorm|move: Toxic Spikes
|faint|p2a: Glimmora
|
|-weather|RainDance|[upkeep]
|upkeep
|
|t:|1758377476
|switch|p2a: Dragonite|Dragonite, F|100/100
|turn|8
|
|t:|1758377482
|switch|p1a: Iron Treads|Iron Treads|100/100
|-damage|p1a: Iron Treads|98/100|[from] Stealth Rock
|move|p2a: Dragonite|Dragon Dance|p2a: Dragonite
|-boost|p2a: Dragonite|atk|1
|-boost|p2a: Dragonite|spe|1
|
|-weather|none
|upkeep
|turn|9
|
|t:|1758377493
|-end|p1a: Iron Treads|Quark Drive|[silent]
|switch|p1a: Pelipper|Pelipper, F|38/100
|-damage|p1a: Pelipper|14/100|[from] Stealth Rock
|-weather|RainDance|[from] ability: Drizzle|[of] p1a: Pelipper
|move|p2a: Dragonite|Earthquake|p1a: Pelipper
|-immune|p1a: Pelipper
|
|-weather|RainDance|[upkeep]
|upkeep
|turn|10
|
|t:|1758377502
|move|p2a: Dragonite|Extreme Speed|p1a: Pelipper
|-damage|p1a: Pelipper|0 fnt
|faint|p1a: Pelipper
|
|-weather|RainDance|[upkeep]
|upkeep
|
|t:|1758377511
|switch|p1a: Basculegion|Basculegion, M|100/100
|-status|p1a: Basculegion|tox
|-damage|p1a: Basculegion|88/100 tox|[from] Stealth Rock
|turn|11
|
|t:|1758377517
|move|p1a: Basculegion|Aqua Jet|p2a: Dragonite
|-resisted|p2a: Dragonite
|-damage|p2a: Dragonite|83/100
|move|p2a: Dragonite|Earthquake|p1a: Basculegion
|-damage|p1a: Basculegion|20/100 tox
|
|-weather|RainDance|[upkeep]
|-damage|p1a: Basculegion|14/100 tox|[from] psn
|upkeep
|turn|12
|
|t:|1758377527
|move|p1a: Basculegion|Aqua Jet|p2a: Dragonite
|-resisted|p2a: Dragonite
|-damage|p2a: Dragonite|48/100
|move|p2a: Dragonite|Dragon Dance|p2a: Dragonite
|-boost|p2a: Dragonite|atk|1
|-boost|p2a: Dragonite|spe|1
|
|-weather|RainDance|[upkeep]
|-damage|p1a: Basculegion|2/100 tox|[from] psn
|upkeep
|turn|13
|
|t:|1758377537
|move|p1a: Basculegion|Aqua Jet|p2a: Dragonite
|-resisted|p2a: Dragonite
|-damage|p2a: Dragonite|11/100
|move|p2a: Dragonite|Earthquake|p1a: Basculegion
|-damage|p1a: Basculegion|0 fnt
|faint|p1a: Basculegion
|
|-weather|none
|upkeep
|
|t:|1758377549
|switch|p1a: Bellibolt|Bellibolt, F|100/100
|-status|p1a: Bellibolt|tox
|-damage|p1a: Bellibolt|88/100 tox|[from] Stealth Rock
|turn|14
|
|t:|1758377554
|-terastallize|p1a: Bellibolt|Fairy
|move|p2a: Dragonite|Earthquake|p1a: Bellibolt
|-damage|p1a: Bellibolt|29/100 tox
|-start|p1a: Bellibolt|Charge|Earthquake|[from] ability: Electromorphosis
|move|p1a: Bellibolt|Volt Switch|p2a: Dragonite
|-damage|p2a: Dragonite|0 fnt
|faint|p2a: Dragonite
|-end|p1a: Bellibolt|Charge|[silent]
|
|t:|1758377565
|switch|p1a: Iron Treads|Iron Treads|98/100|[from] Volt Switch
|-damage|p1a: Iron Treads|95/100|[from] Stealth Rock
|
|upkeep
|
|t:|1758377572
|switch|p2a: Darkrai|Darkrai|100/100
|turn|15
|
|t:|1758377576
|move|p2a: Darkrai|Ice Beam|p1a: Iron Treads
|-damage|p1a: Iron Treads|42/100
|-enditem|p1a: Iron Treads|Eject Button
|-damage|p2a: Darkrai|91/100|[from] item: Life Orb
|
|t:|1758377578
|-end|p1a: Iron Treads|Quark Drive|[silent]
|switch|p1a: Barraskewda|Barraskewda, F|100/100
|-status|p1a: Barraskewda|tox
|-damage|p1a: Barraskewda|88/100 tox|[from] Stealth Rock
|
|-damage|p1a: Barraskewda|82/100 tox|[from] psn
|upkeep
|turn|16
|
|t:|1758377589
|move|p2a: Darkrai|Sludge Bomb|p1a: Barraskewda
|-damage|p1a: Barraskewda|0 fnt
|faint|p1a: Barraskewda
|-damage|p2a: Darkrai|81/100|[from] item: Life Orb
|
|upkeep
|-message|SpectralStorm forfeited.
|
|win|C-losss8
|raw|SpectralStorm's rating: 1526 &rarr; <strong>1507</strong><br />(-19 for losing)
|raw|C-losss8's rating: 1538 &rarr; <strong>1557</strong><br />(+19 for winning)
|l|☆SpectralStorm
|player|p1|
|l|☆C-losss8
|player|p2|
