|j|☆StarDio
|j|☆EmmanuelR205506
|t:|1758259984
|gametype|singles
|player|p1|StarDio|lance|1535
|player|p2|EmmanuelR205506|palmer|1543
|gen|9
|tier|[Gen 9] OU
|rated|
|rule|HP Percentage Mod: HP is shown in percentages
|rule|Endless Battle Clause: Forcing endless battles is banned
|rule|Species Clause: Limit one of each Pokémon
|rule|OHKO Clause: OHKO moves are banned
|rule|Evasion Items Clause: Evasion items are banned
|rule|Evasion Moves Clause: Evasion moves are banned
|rule|Evasion Abilities Clause: Evasion abilities are banned
|rule|Sleep Moves Clause: Sleep-inducing moves are banned
|clearpoke
|poke|p1|Lokix, M|
|poke|p1|Iron Crown|
|poke|p1|Gliscor, F|
|poke|p1|Garganacl, M|
|poke|p1|Pecharunt|
|poke|p1|Cinderace, F|
|poke|p2|Cinderace, M|
|poke|p2|Gholdengo|
|poke|p2|Heatran, M|
|poke|p2|Great Tusk|
|poke|p2|Primarina, F|
|poke|p2|Iron Valiant|
|teampreview
|inactive|Battle timer is ON: inactive players will automatically lose when time's up. (requested by EmmanuelR205506)
|inactive|StarDio also wants the timer to be on.
|
|t:|1758259991
|teamsize|p1|6
|teamsize|p2|6
|start
|switch|p1a: Garganacl|Garganacl, M|100/100
|switch|p2a: Cinderace|Cinderace, M|100/100
|turn|1
|
|t:|1758259996
|move|p2a: Cinderace|High Jump Kick|p1a: Garganacl
|-start|p2a: Cinderace|typechange|Fighting|[from] ability: Libero
|-supereffective|p1a: Garganacl
|-damage|p1a: Garganacl|0 fnt
|faint|p1a: Garganacl
|
|upkeep
|
|t:|1758260004
|switch|p1a: Iron Crown|Iron Crown|100/100
|turn|2
|
|t:|1758260008
|switch|p2a: Heatran|Heatran, M|100/100
|-end|p1a: Iron Crown|Quark Drive|[silent]
|switch|p1a: Pecharunt|Pecharunt|100/100
|
|upkeep
|turn|3
|
|t:|1758260025
|move|p1a: Pecharunt|Parting Shot|p2a: Heatran
|-unboost|p2a: Heatran|atk|1
|-unboost|p2a: Heatran|spa|1
|
|t:|1758260028
|switch|p1a: Cinderace|Cinderace, F|100/100|[from] Parting Shot
|move|p2a: Heatran|Stealth Rock|p1a: Cinderace
|-sidestart|p1: StarDio|move: Stealth Rock
|
|upkeep
|turn|4
|
|t:|1758260036
|switch|p2a: Great Tusk|Great Tusk|100/100
|move|p1a: Cinderace|Court Change|p1a: Cinderace
|-start|p1a: Cinderace|typechange|Normal|[from] ability: Libero
|-swapsideconditions
|-activate|p1a: Cinderace|move: Court Change
|
|upkeep
|turn|5
|
|t:|1758260042
|move|p1a: Cinderace|Will-O-Wisp|p2a: Great Tusk
|-status|p2a: Great Tusk|brn
|move|p2a: Great Tusk|Knock Off|p1a: Cinderace
|-damage|p1a: Cinderace|80/100
|-enditem|p1a: Cinderace|Heavy-Duty Boots|[from] move: Knock Off|[of] p2a: Great Tusk
|
|-damage|p2a: Great Tusk|94/100 brn|[from] brn
|upkeep
|turn|6
|
|t:|1758260049
|switch|p1a: Pecharunt|Pecharunt|100/100
|move|p2a: Great Tusk|Rapid Spin|p1a: Pecharunt
|-immune|p1a: Pecharunt
|
|-damage|p2a: Great Tusk|88/100 brn|[from] brn
|upkeep
|turn|7
|
|t:|1758260055
|switch|p1a: Lokix|Lokix, M|100/100
|move|p2a: Great Tusk|Knock Off|p1a: Lokix
|-resisted|p1a: Lokix
|-damage|p1a: Lokix|90/100
|-enditem|p1a: Lokix|Silver Powder|[from] move: Knock Off|[of] p2a: Great Tusk
|
|-damage|p2a: Great Tusk|82/100 brn|[from] brn
|upkeep
|turn|8
|
|t:|1758260061
|move|p1a: Lokix|First Impression|p2a: Great Tusk
|-resisted|p2a: Great Tusk
|-damage|p2a: Great Tusk|62/100 brn
|-damage|p1a: Lokix|74/100|[from] item: Rocky Helmet|[of] p2a: Great Tusk
|move|p2a: Great Tusk|Rapid Spin|p1a: Lokix
|-damage|p1a: Lokix|62/100
|-boost|p2a: Great Tusk|spe|1
|-sideend|p2: EmmanuelR205506|Stealth Rock|[from] move: Rapid Spin|[of] p2a: Great Tusk
|
|-damage|p2a: Great Tusk|56/100 brn|[from] brn
|upkeep
|turn|9
|
|t:|1758260069
|-end|p2a: Great Tusk|Protosynthesis|[silent]
|switch|p2a: Heatran|Heatran, M|100/100
|move|p1a: Lokix|Knock Off|p2a: Heatran
|-damage|p2a: Heatran|61/100
|-enditem|p2a: Heatran|Leftovers|[from] move: Knock Off|[of] p1a: Lokix
|
|upkeep
|turn|10
|
|t:|1758260075
|move|p1a: Lokix|U-turn|p2a: Heatran
|-resisted|p2a: Heatran
|-damage|p2a: Heatran|47/100
|
|t:|1758260080
|switch|p1a: Cinderace|Cinderace, F|80/100|[from] U-turn
|move|p2a: Heatran|Magma Storm|p1a: Cinderace
|-resisted|p1a: Cinderace
|-damage|p1a: Cinderace|47/100
|-activate|p1a: Cinderace|move: Magma Storm|[of] p2a: Heatran
|
|-damage|p1a: Cinderace|35/100|[from] move: Magma Storm|[partiallytrapped]
|upkeep
|turn|11
|
|t:|1758260086
|switch|p2a: Great Tusk|Great Tusk|56/100 brn
|move|p1a: Cinderace|U-turn|p2a: Great Tusk
|-start|p1a: Cinderace|typechange|Bug|[from] ability: Libero
|-resisted|p2a: Great Tusk
|-damage|p2a: Great Tusk|49/100 brn
|-damage|p1a: Cinderace|18/100|[from] item: Rocky Helmet|[of] p2a: Great Tusk
|
|t:|1758260092
|switch|p1a: Iron Crown|Iron Crown|100/100|[from] U-turn
|
|-damage|p2a: Great Tusk|43/100 brn|[from] brn
|upkeep
|turn|12
|
|t:|1758260100
|move|p1a: Iron Crown|Focus Blast|p2a: Great Tusk
|-crit|p2a: Great Tusk
|-damage|p2a: Great Tusk|0 fnt
|faint|p2a: Great Tusk
|-end|p2a: Great Tusk|Protosynthesis|[silent]
|
|upkeep
|
|t:|1758260103
|switch|p2a: Heatran|Heatran, M|47/100
|turn|13
|
|t:|1758260107
|move|p1a: Iron Crown|Focus Blast|p2a: Heatran|[miss]
|-miss|p1a: Iron Crown|p2a: Heatran
|move|p2a: Heatran|Stealth Rock|p1a: Iron Crown
|-sidestart|p1: StarDio|move: Stealth Rock
|
|upkeep
|turn|14
|
|t:|1758260110
|-end|p1a: Iron Crown|Quark Drive|[silent]
|switch|p1a: Lokix|Lokix, M|62/100
|-damage|p1a: Lokix|38/100|[from] Stealth Rock
|move|p2a: Heatran|Earth Power|p1a: Lokix
|-resisted|p1a: Lokix
|-damage|p1a: Lokix|14/100
|
|upkeep
|turn|15
|
|t:|1758260113
|move|p1a: Lokix|Knock Off|p2a: Heatran
|-damage|p2a: Heatran|18/100
|move|p2a: Heatran|Earth Power|p1a: Lokix
|-resisted|p1a: Lokix
|-damage|p1a: Lokix|0 fnt
|faint|p1a: Lokix
|
|upkeep
|
|t:|1758260120
|switch|p1a: Gliscor|Gliscor, F|100/100
|-damage|p1a: Gliscor|88/100|[from] Stealth Rock
|turn|16
|
|t:|1758260125
|move|p1a: Gliscor|Swords Dance|p1a: Gliscor
|-boost|p1a: Gliscor|atk|2
|move|p2a: Heatran|Will-O-Wisp|p1a: Gliscor
|-status|p1a: Gliscor|brn
|
|-damage|p1a: Gliscor|82/100 brn|[from] brn
|upkeep
|turn|17
|-message|StarDio forfeited.
|
|win|EmmanuelR205506
|raw|StarDio's rating: 1535 &rarr; <strong>1515</strong><br />(-20 for losing)
|raw|EmmanuelR205506's rating: 1543 &rarr; <strong>1563</strong><br />(+20 for winning)
|l|☆StarDio
|player|p1|
|l|☆EmmanuelR205506
|player|p2|
