|j|☆YeatLover267
|j|☆PokeStarBros
|t:|1758247228
|gametype|singles
|player|p1|YeatLover267|backersf|1410
|player|p2|PokeStarBros|101|1332
|gen|9
|tier|[Gen 9] OU
|rated|
|rule|HP Percentage Mod: HP is shown in percentages
|rule|Endless Battle Clause: Forcing endless battles is banned
|rule|Species Clause: Limit one of each Pokémon
|rule|OHKO Clause: OHKO moves are banned
|rule|Evasion Items Clause: Evasion items are banned
|rule|Evasion Moves Clause: Evasion moves are banned
|rule|Evasion Abilities Clause: Evasion abilities are banned
|rule|Sleep Moves Clause: Sleep-inducing moves are banned
|clearpoke
|poke|p1|Lycanroc-Dusk, M|
|poke|p1|Great Tusk|
|poke|p1|Darkrai|
|poke|p1|Rotom-Wash|
|poke|p1|Blissey, F|
|poke|p1|Ceruledge, F|
|poke|p2|Malamar, F|
|poke|p2|Corviknight, F|
|poke|p2|Zoroark-Hisui, M|
|poke|p2|Iron Moth|
|poke|p2|Araquanid, M|
|poke|p2|Weavile, M|
|teampreview
|inactive|Battle timer is ON: inactive players will automatically lose when time's up. (requested by YeatLover267)
|c|☆YeatLover267|Malamar my slime
|inactive|PokeStarBros has 120 seconds left.
|inactive|PokeStarBros has 90 seconds left.
|c|☆PokeStarBros|My Friend Malamar lol
|
|t:|1758247300
|teamsize|p1|6
|teamsize|p2|6
|start
|switch|p1a: Rotom|Rotom-Wash|100/100
|switch|p2a: Araquanid|Araquanid, M|100/100
|turn|1
|inactive|YeatLover267 has 120 seconds left.
|
|t:|1758247338
|move|p2a: Araquanid|Nasty Plot|p2a: Araquanid
|-boost|p2a: Araquanid|spa|2
|move|p1a: Rotom|Nasty Plot|p1a: Rotom
|-boost|p1a: Rotom|spa|2
|
|upkeep
|turn|2
|
|t:|1758247345
|switch|p1a: Blissey|Blissey, F|100/100
|move|p2a: Araquanid|Hyper Voice|p1a: Blissey
|-damage|p1a: Blissey|61/100
|-enditem|p2a: Araquanid|Throat Spray
|-boost|p2a: Araquanid|spa|1|[from] item: Throat Spray
|
|upkeep
|turn|3
|
|t:|1758247353
|move|p2a: Araquanid|Nasty Plot|p2a: Araquanid
|-boost|p2a: Araquanid|spa|2
|move|p1a: Blissey|Soft-Boiled|p1a: Blissey
|-heal|p1a: Blissey|100/100
|
|upkeep
|turn|4
|inactive|YeatLover267 has 120 seconds left.
|
|t:|1758247378
|move|p2a: Araquanid|Nasty Plot|p2a: Araquanid
|-boost|p2a: Araquanid|spa|1
|move|p1a: Blissey|Calm Mind|p1a: Blissey
|-boost|p1a: Blissey|spa|1
|-boost|p1a: Blissey|spd|1
|
|upkeep
|turn|5
|
|t:|1758247384
|move|p2a: Araquanid|Hyper Voice|p1a: Blissey
|-damage|p1a: Blissey|49/100
|move|p1a: Blissey|Calm Mind|p1a: Blissey
|-boost|p1a: Blissey|spa|1
|-boost|p1a: Blissey|spd|1
|
|upkeep
|turn|6
|
|t:|1758247390
|move|p2a: Araquanid|Hyper Voice|p1a: Blissey
|-crit|p1a: Blissey
|-damage|p1a: Blissey|0 fnt
|faint|p1a: Blissey
|
|upkeep
|
|t:|1758247395
|switch|p1a: Ceruledge|Ceruledge, F|100/100
|turn|7
|
|t:|1758247399
|move|p2a: Araquanid|Bitter Malice|p1a: Ceruledge
|-supereffective|p1a: Ceruledge
|-enditem|p1a: Ceruledge|Focus Sash
|-damage|p1a: Ceruledge|1/100
|-unboost|p1a: Ceruledge|atk|1
|move|p1a: Ceruledge|Bitter Blade|p2a: Araquanid
|-damage|p2a: Araquanid|41/100
|-heal|p1a: Ceruledge|27/100|[from] drain|[of] p2a: Araquanid
|replace|p2a: Zoroark|Zoroark-Hisui, M
|-end|p2a: Zoroark|Illusion
|
|upkeep
|turn|8
|
|t:|1758247411
|move|p2a: Zoroark|Bitter Malice|p1a: Ceruledge
|-supereffective|p1a: Ceruledge
|-damage|p1a: Ceruledge|0 fnt
|faint|p1a: Ceruledge
|
|upkeep
|
|t:|1758247413
|switch|p1a: Darkrai|Darkrai|100/100
|turn|9
|
|t:|1758247430
|switch|p2a: Iron Moth|Iron Moth|100/100
|move|p1a: Darkrai|Dark Pulse|p2a: Iron Moth
|-damage|p2a: Iron Moth|63/100
|
|upkeep
|turn|10
|
|t:|1758247437
|-terastallize|p1a: Darkrai|Dark
|move|p1a: Darkrai|Dark Pulse|p2a: Iron Moth
|-damage|p2a: Iron Moth|12/100
|move|p2a: Iron Moth|Dazzling Gleam|p1a: Darkrai
|-supereffective|p1a: Darkrai
|-damage|p1a: Darkrai|16/100
|
|upkeep
|turn|11
|
|t:|1758247452
|switch|p1a: Rotom|Rotom-Wash|100/100
|move|p2a: Iron Moth|Dazzling Gleam|p1a: Rotom
|-damage|p1a: Rotom|65/100
|
|upkeep
|turn|12
|
|t:|1758247467
|move|p2a: Iron Moth|Energy Ball|p1a: Rotom
|-supereffective|p1a: Rotom
|-damage|p1a: Rotom|0 fnt
|faint|p1a: Rotom
|
|upkeep
|
|t:|1758247468
|switch|p1a: Lycanroc|Lycanroc-Dusk, M|100/100
|turn|13
|
|t:|1758247477
|-end|p2a: Iron Moth|Quark Drive|[silent]
|switch|p2a: Corviknight|Corviknight, F|100/100
|move|p1a: Lycanroc|Accelerock|p2a: Corviknight
|-damage|p2a: Corviknight|77/100
|-damage|p1a: Lycanroc|84/100|[from] item: Rocky Helmet|[of] p2a: Corviknight
|-damage|p1a: Lycanroc|74/100|[from] item: Life Orb
|
|upkeep
|turn|14
|
|t:|1758247485
|move|p1a: Lycanroc|Close Combat|p2a: Corviknight
|-damage|p2a: Corviknight|37/100
|-unboost|p1a: Lycanroc|def|1
|-unboost|p1a: Lycanroc|spd|1
|-damage|p1a: Lycanroc|58/100|[from] item: Rocky Helmet|[of] p2a: Corviknight
|-damage|p1a: Lycanroc|48/100|[from] item: Life Orb
|move|p2a: Corviknight|Iron Defense|p2a: Corviknight
|-boost|p2a: Corviknight|def|2
|
|upkeep
|turn|15
|
|t:|1758247494
|switch|p1a: Darkrai|Darkrai, tera:Dark|16/100
|move|p2a: Corviknight|Body Press|p1a: Darkrai
|-supereffective|p1a: Darkrai
|-damage|p1a: Darkrai|0 fnt
|faint|p1a: Darkrai
|
|upkeep
|-message|YeatLover267 forfeited.
|
|win|PokeStarBros
|raw|YeatLover267's rating: 1410 &rarr; <strong>1386</strong><br />(-24 for losing)
|raw|PokeStarBros's rating: 1332 &rarr; <strong>1356</strong><br />(+24 for winning)
|l|☆YeatLover267
|player|p1|
|c|☆PokeStarBros|gg
|l|☆PokeStarBros
|player|p2|
