|j|☆bill1218
|j|☆shoebat
|t:|1758279350
|gametype|singles
|player|p1|bill1218|265|1515
|player|p2|shoebat|sage|1511
|gen|9
|tier|[Gen 9] OU
|rated|
|rule|HP Percentage Mod: HP is shown in percentages
|rule|Endless Battle Clause: Forcing endless battles is banned
|rule|Species Clause: Limit one of each Pokémon
|rule|OHKO Clause: OHKO moves are banned
|rule|Evasion Items Clause: Evasion items are banned
|rule|Evasion Moves Clause: Evasion moves are banned
|rule|Evasion Abilities Clause: Evasion abilities are banned
|rule|Sleep Moves Clause: Sleep-inducing moves are banned
|clearpoke
|poke|p1|Tinkaton, F|
|poke|p1|Skeledirge, M|
|poke|p1|Serperior, M|
|poke|p1|Indeedee, M|
|poke|p1|Araquanid, F|
|poke|p1|Great Tusk|
|poke|p2|Skarmory, F|
|poke|p2|Ting-Lu|
|poke|p2|Zamazenta-*|
|poke|p2|Pecharunt|
|poke|p2|Clefable, M|
|poke|p2|Walking Wake|
|teampreview
|inactive|Battle timer is ON: inactive players will automatically lose when time's up. (requested by shoebat)
|
|t:|1758279360
|teamsize|p1|6
|teamsize|p2|6
|start
|switch|p1a: Araquanid|Araquanid, F|100/100
|switch|p2a: Clefable|Clefable, M|100/100
|turn|1
|
|t:|1758279367
|move|p2a: Clefable|Knock Off|p1a: Araquanid
|-damage|p1a: Araquanid|85/100
|-enditem|p1a: Araquanid|Custap Berry|[from] move: Knock Off|[of] p2a: Clefable
|move|p1a: Araquanid|Sticky Web|p2a: Clefable
|-sidestart|p2: shoebat|move: Sticky Web
|
|upkeep
|turn|2
|
|t:|1758279373
|move|p2a: Clefable|Calm Mind|p2a: Clefable
|-boost|p2a: Clefable|spa|1
|-boost|p2a: Clefable|spd|1
|move|p1a: Araquanid|Liquidation|p2a: Clefable
|-damage|p2a: Clefable|53/100
|-unboost|p2a: Clefable|def|1
|
|-heal|p2a: Clefable|59/100|[from] item: Leftovers
|upkeep
|turn|3
|
|t:|1758279384
|switch|p2a: Skarmory|Skarmory, F|100/100
|move|p1a: Araquanid|Liquidation|p2a: Skarmory
|-damage|p2a: Skarmory|64/100
|-damage|p1a: Araquanid|69/100|[from] item: Rocky Helmet|[of] p2a: Skarmory
|
|upkeep
|turn|4
|
|t:|1758279392
|move|p2a: Skarmory|Brave Bird|p1a: Araquanid
|-supereffective|p1a: Araquanid
|-damage|p1a: Araquanid|0 fnt
|faint|p1a: Araquanid
|-damage|p2a: Skarmory|41/100|[from] Recoil
|
|upkeep
|
|t:|1758279397
|switch|p1a: Skeledirge|Skeledirge, M|100/100
|turn|5
|
|t:|1758279401
|switch|p2a: Ting-Lu|Ting-Lu|100/100
|-activate|p2a: Ting-Lu|move: Sticky Web
|-unboost|p2a: Ting-Lu|spe|1
|-ability|p2a: Ting-Lu|Vessel of Ruin
|move|p1a: Skeledirge|Torch Song|p2a: Ting-Lu
|-damage|p2a: Ting-Lu|88/100
|-boost|p1a: Skeledirge|spa|1
|
|-heal|p2a: Ting-Lu|94/100|[from] item: Leftovers
|upkeep
|turn|6
|
|t:|1758279408
|move|p1a: Skeledirge|Will-O-Wisp|p2a: Ting-Lu
|-status|p2a: Ting-Lu|brn
|move|p2a: Ting-Lu|Stealth Rock|p1a: Skeledirge
|-sidestart|p1: bill1218|move: Stealth Rock
|
|-heal|p2a: Ting-Lu|100/100 brn|[from] item: Leftovers
|-damage|p2a: Ting-Lu|94/100 brn|[from] brn
|upkeep
|turn|7
|
|t:|1758279414
|move|p1a: Skeledirge|Torch Song|p2a: Ting-Lu
|-damage|p2a: Ting-Lu|76/100 brn
|-boost|p1a: Skeledirge|spa|1
|move|p2a: Ting-Lu|Ruination|p1a: Skeledirge
|-damage|p1a: Skeledirge|50/100
|
|-heal|p2a: Ting-Lu|82/100 brn|[from] item: Leftovers
|-damage|p2a: Ting-Lu|76/100 brn|[from] brn
|upkeep
|turn|8
|
|t:|1758279417
|move|p1a: Skeledirge|Slack Off|p1a: Skeledirge
|-heal|p1a: Skeledirge|100/100
|move|p2a: Ting-Lu|Whirlwind|p1a: Skeledirge
|drag|p1a: Indeedee|Indeedee, M, shiny|100/100
|-damage|p1a: Indeedee|88/100|[from] Stealth Rock
|-fieldstart|move: Psychic Terrain|[from] ability: Psychic Surge|[of] p1a: Indeedee
|
|-heal|p2a: Ting-Lu|82/100 brn|[from] item: Leftovers
|-damage|p2a: Ting-Lu|76/100 brn|[from] brn
|upkeep
|turn|9
|
|t:|1758279432
|switch|p1a: Great Tusk|Great Tusk|100/100
|move|p2a: Ting-Lu|Ruination|p1a: Great Tusk
|-damage|p1a: Great Tusk|51/100
|
|-heal|p2a: Ting-Lu|82/100 brn|[from] item: Leftovers
|-damage|p2a: Ting-Lu|76/100 brn|[from] brn
|upkeep
|turn|10
|
|t:|1758279445
|switch|p2a: Pecharunt|Pecharunt|100/100
|move|p1a: Great Tusk|Ice Spinner|p2a: Pecharunt
|-damage|p2a: Pecharunt|86/100
|-fieldend|move: Psychic Terrain
|
|upkeep
|turn|11
|
|t:|1758279451
|move|p1a: Great Tusk|Headlong Rush|p2a: Pecharunt
|-supereffective|p2a: Pecharunt
|-damage|p2a: Pecharunt|22/100
|-unboost|p1a: Great Tusk|def|1
|-unboost|p1a: Great Tusk|spd|1
|move|p2a: Pecharunt|Malignant Chain|p1a: Great Tusk
|-resisted|p1a: Great Tusk
|-damage|p1a: Great Tusk|15/100
|
|upkeep
|turn|12
|
|t:|1758279460
|move|p1a: Great Tusk|Supercell Slam|p2a: Pecharunt|[miss]
|-miss|p1a: Great Tusk|p2a: Pecharunt
|-damage|p1a: Great Tusk|0 fnt|[from] supercellslam
|faint|p1a: Great Tusk
|-end|p1a: Great Tusk|Protosynthesis|[silent]
|move|p2a: Pecharunt|Recover|p2a: Pecharunt
|-heal|p2a: Pecharunt|72/100
|
|upkeep
|
|t:|1758279469
|switch|p1a: Tinkaton|Tinkaton, F|100/100
|-damage|p1a: Tinkaton|94/100|[from] Stealth Rock
|turn|13
|
|t:|1758279474
|move|p2a: Pecharunt|Parting Shot|p1a: Tinkaton
|-unboost|p1a: Tinkaton|atk|1
|-unboost|p1a: Tinkaton|spa|1
|
|t:|1758279479
|switch|p2a: Skarmory|Skarmory, F|41/100|[from] Parting Shot
|move|p1a: Tinkaton|Encore||[still]
|-fail|p1a: Tinkaton
|
|-heal|p1a: Tinkaton|100/100|[from] item: Leftovers
|upkeep
|turn|14
|
|t:|1758279490
|move|p1a: Tinkaton|Thunder Wave|p2a: Skarmory|[miss]
|-miss|p1a: Tinkaton|p2a: Skarmory
|move|p2a: Skarmory|Spikes|p1a: Tinkaton
|-sidestart|p1: bill1218|Spikes
|
|upkeep
|turn|15
|
|t:|1758279494
|switch|p2a: Ting-Lu|Ting-Lu|76/100 brn
|-activate|p2a: Ting-Lu|move: Sticky Web
|-unboost|p2a: Ting-Lu|spe|1
|-ability|p2a: Ting-Lu|Vessel of Ruin
|move|p1a: Tinkaton|Encore||[still]
|-fail|p1a: Tinkaton
|
|-heal|p2a: Ting-Lu|82/100 brn|[from] item: Leftovers
|-damage|p2a: Ting-Lu|76/100 brn|[from] brn
|upkeep
|turn|16
|
|t:|1758279504
|move|p1a: Tinkaton|Stealth Rock|p2a: Ting-Lu
|-sidestart|p2: shoebat|move: Stealth Rock
|move|p2a: Ting-Lu|Whirlwind|p1a: Tinkaton
|drag|p1a: Skeledirge|Skeledirge, M|100/100
|
|-heal|p2a: Ting-Lu|82/100 brn|[from] item: Leftovers
|-damage|p2a: Ting-Lu|76/100 brn|[from] brn
|upkeep
|turn|17
|j| wgw2333
|
|t:|1758279514
|move|p1a: Skeledirge|Torch Song|p2a: Ting-Lu
|-damage|p2a: Ting-Lu|64/100 brn
|-boost|p1a: Skeledirge|spa|1
|move|p2a: Ting-Lu|Whirlwind|p1a: Skeledirge
|drag|p1a: Indeedee|Indeedee, M, shiny|88/100
|-damage|p1a: Indeedee|76/100|[from] Stealth Rock
|-damage|p1a: Indeedee|64/100|[from] Spikes
|-fieldstart|move: Psychic Terrain|[from] ability: Psychic Surge|[of] p1a: Indeedee
|
|-heal|p2a: Ting-Lu|71/100 brn|[from] item: Leftovers
|-damage|p2a: Ting-Lu|64/100 brn|[from] brn
|upkeep
|turn|18
|
|t:|1758279531
|-terastallize|p1a: Indeedee|Fairy
|move|p1a: Indeedee|Tera Blast|p2a: Ting-Lu|[anim] Tera Blast Fairy
|-supereffective|p2a: Ting-Lu
|-damage|p2a: Ting-Lu|21/100 brn
|move|p2a: Ting-Lu|Whirlwind|p1a: Indeedee
|drag|p1a: Skeledirge|Skeledirge, M|100/100
|
|-heal|p2a: Ting-Lu|27/100 brn|[from] item: Leftovers
|-damage|p2a: Ting-Lu|21/100 brn|[from] brn
|upkeep
|turn|19
|
|t:|1758279542
|move|p1a: Skeledirge|Torch Song|p2a: Ting-Lu
|-damage|p2a: Ting-Lu|9/100 brn
|-boost|p1a: Skeledirge|spa|1
|move|p2a: Ting-Lu|Whirlwind|p1a: Skeledirge
|drag|p1a: Indeedee|Indeedee, M, shiny, tera:Fairy|64/100
|-damage|p1a: Indeedee|51/100|[from] Stealth Rock
|-damage|p1a: Indeedee|39/100|[from] Spikes
|
|-heal|p2a: Ting-Lu|15/100 brn|[from] item: Leftovers
|-damage|p2a: Ting-Lu|9/100 brn|[from] brn
|upkeep
|turn|20
|
|t:|1758279555
|move|p1a: Indeedee|Shadow Ball|p2a: Ting-Lu
|-resisted|p2a: Ting-Lu
|-damage|p2a: Ting-Lu|1/100 brn
|move|p2a: Ting-Lu|Earthquake|p1a: Indeedee
|-damage|p1a: Indeedee|0 fnt
|faint|p1a: Indeedee
|
|-heal|p2a: Ting-Lu|7/100 brn|[from] item: Leftovers
|-damage|p2a: Ting-Lu|1/100 brn|[from] brn
|upkeep
|
|t:|1758279560
|switch|p1a: Serperior|Serperior, M|100/100
|-damage|p1a: Serperior|88/100|[from] Stealth Rock
|-damage|p1a: Serperior|76/100|[from] Spikes
|turn|21
|
|t:|1758279567
|move|p1a: Serperior|Leaf Storm|p2a: Ting-Lu
|-supereffective|p2a: Ting-Lu
|-damage|p2a: Ting-Lu|0 fnt
|-boost|p1a: Serperior|spa|2
|faint|p2a: Ting-Lu
|
|-heal|p1a: Serperior|82/100|[from] item: Leftovers
|-fieldend|move: Psychic Terrain
|upkeep
|
|t:|1758279573
|switch|p2a: Skarmory|Skarmory, F|41/100
|-damage|p2a: Skarmory|29/100|[from] Stealth Rock
|turn|22
|
|t:|1758279576
|move|p1a: Serperior|Leaf Storm|p2a: Skarmory
|-resisted|p2a: Skarmory
|-damage|p2a: Skarmory|0 fnt
|-boost|p1a: Serperior|spa|2
|faint|p2a: Skarmory
|
|-heal|p1a: Serperior|88/100|[from] item: Leftovers
|upkeep
|
|t:|1758279582
|switch|p2a: Zamazenta|Zamazenta|100/100
|-ability|p2a: Zamazenta|Dauntless Shield|boost
|-boost|p2a: Zamazenta|def|1
|turn|23
|
|t:|1758279587
|-terastallize|p2a: Zamazenta|Steel
|move|p2a: Zamazenta|Close Combat|p1a: Serperior
|-damage|p1a: Serperior|15/100
|-unboost|p2a: Zamazenta|def|1
|-unboost|p2a: Zamazenta|spd|1
|move|p1a: Serperior|Leaf Storm|p2a: Zamazenta
|-resisted|p2a: Zamazenta
|-damage|p2a: Zamazenta|14/100
|-boost|p1a: Serperior|spa|2
|
|-heal|p1a: Serperior|21/100|[from] item: Leftovers
|upkeep
|turn|24
|
|t:|1758279598
|switch|p1a: Skeledirge|Skeledirge, M|100/100
|move|p2a: Zamazenta|Crunch|p1a: Skeledirge
|-supereffective|p1a: Skeledirge
|-damage|p1a: Skeledirge|59/100
|
|upkeep
|turn|25
|
|t:|1758279603
|move|p2a: Zamazenta|Stone Edge|p1a: Skeledirge
|-supereffective|p1a: Skeledirge
|-damage|p1a: Skeledirge|6/100
|move|p1a: Skeledirge|Torch Song|p2a: Zamazenta
|-supereffective|p2a: Zamazenta
|-damage|p2a: Zamazenta|0 fnt
|-boost|p1a: Skeledirge|spa|1
|faint|p2a: Zamazenta
|
|upkeep
|
|t:|1758279612
|switch|p2a: Walking Wake|Walking Wake|100/100
|turn|26
|
|t:|1758279629
|move|p2a: Walking Wake|Surf|p1a: Skeledirge
|-supereffective|p1a: Skeledirge
|-damage|p1a: Skeledirge|0 fnt
|faint|p1a: Skeledirge
|
|upkeep
|
|t:|1758279634
|switch|p1a: Tinkaton|Tinkaton, F|100/100
|-damage|p1a: Tinkaton|94/100|[from] Stealth Rock
|-damage|p1a: Tinkaton|82/100|[from] Spikes
|turn|27
|l|☆bill1218
|inactive|bill1218 disconnected and has a minute to reconnect!
|player|p1|
|
|t:|1758279663
|move|p2a: Walking Wake|Flip Turn|p1a: Tinkaton
|-damage|p1a: Tinkaton|68/100
|
|t:|1758279667
|-end|p2a: Walking Wake|Protosynthesis|[silent]
|switch|p2a: Pecharunt|Pecharunt|72/100|[from] Flip Turn
|move|p1a: Tinkaton|Thunder Wave|p2a: Pecharunt
|-status|p2a: Pecharunt|par
|
|-heal|p1a: Tinkaton|75/100|[from] item: Leftovers
|upkeep
|turn|28
|j|☆bill1218
|inactive|bill1218 reconnected and has 140 seconds left.
|player|p1|bill1218|265|
|
|t:|1758279685
|move|p1a: Tinkaton|Knock Off|p2a: Pecharunt
|-supereffective|p2a: Pecharunt
|-damage|p2a: Pecharunt|54/100 par
|-enditem|p2a: Pecharunt|Heavy-Duty Boots|[from] move: Knock Off|[of] p1a: Tinkaton
|move|p2a: Pecharunt|Parting Shot|p1a: Tinkaton
|-unboost|p1a: Tinkaton|atk|1
|-unboost|p1a: Tinkaton|spa|1
|
|t:|1758279692
|switch|p2a: Clefable|Clefable, M|59/100|[from] Parting Shot
|-activate|p2a: Clefable|move: Sticky Web
|-unboost|p2a: Clefable|spe|1
|
|-heal|p1a: Tinkaton|81/100|[from] item: Leftovers
|-heal|p2a: Clefable|65/100|[from] item: Leftovers
|upkeep
|turn|29
|
|t:|1758279697
|move|p1a: Tinkaton|Thunder Wave|p2a: Clefable
|-status|p2a: Clefable|par
|move|p2a: Clefable|Moonblast|p1a: Tinkaton
|-resisted|p1a: Tinkaton
|-damage|p1a: Tinkaton|67/100
|-unboost|p1a: Tinkaton|spa|1
|
|-heal|p1a: Tinkaton|73/100|[from] item: Leftovers
|-heal|p2a: Clefable|71/100 par|[from] item: Leftovers
|upkeep
|turn|30
|l|☆shoebat
|inactive|shoebat disconnected and has a minute to reconnect!
|player|p2|
|j|☆shoebat
|inactive|shoebat reconnected and has 130 seconds left.
|player|p2|shoebat|sage|
|
|t:|1758279720
|move|p1a: Tinkaton|Knock Off|p2a: Clefable
|-resisted|p2a: Clefable
|-damage|p2a: Clefable|67/100 par
|-enditem|p2a: Clefable|Leftovers|[from] move: Knock Off|[of] p1a: Tinkaton
|move|p2a: Clefable|Calm Mind|p2a: Clefable
|-boost|p2a: Clefable|spa|1
|-boost|p2a: Clefable|spd|1
|
|-heal|p1a: Tinkaton|79/100|[from] item: Leftovers
|upkeep
|turn|31
|
|t:|1758279726
|move|p1a: Tinkaton|Encore|p2a: Clefable
|-start|p2a: Clefable|Encore
|cant|p2a: Clefable|par
|
|-heal|p1a: Tinkaton|86/100|[from] item: Leftovers
|upkeep
|turn|32
|
|t:|1758279731
|switch|p1a: Serperior|Serperior, M|21/100
|-damage|p1a: Serperior|8/100|[from] Stealth Rock
|-damage|p1a: Serperior|0 fnt|[from] Spikes
|faint|p1a: Serperior
|move|p2a: Clefable|Calm Mind|p2a: Clefable
|-boost|p2a: Clefable|spa|1
|-boost|p2a: Clefable|spd|1
|
|upkeep
|-message|bill1218 forfeited.
|
|win|shoebat
|raw|bill1218's rating: 1515 &rarr; <strong>1495</strong><br />(-20 for losing)
|raw|shoebat's rating: 1511 &rarr; <strong>1531</strong><br />(+20 for winning)
|l|☆bill1218
|player|p1|
|l| wgw2333
|l|☆shoebat
|player|p2|
