|j|☆Orandinary
|j|☆eeabdall
|t:|1758319943
|gametype|singles
|player|p1|Orandinary|tourist|1146
|player|p2|eeabdall|265|1091
|gen|9
|tier|[Gen 9] OU
|rated|
|rule|HP Percentage Mod: HP is shown in percentages
|rule|Endless Battle Clause: Forcing endless battles is banned
|rule|Species Clause: Limit one of each Pokémon
|rule|OHKO Clause: OHKO moves are banned
|rule|Evasion Items Clause: Evasion items are banned
|rule|Evasion Moves Clause: Evasion moves are banned
|rule|Evasion Abilities Clause: Evasion abilities are banned
|rule|Sleep Moves Clause: Sleep-inducing moves are banned
|clearpoke
|poke|p1|Sableye, F|
|poke|p1|Scizor, M|
|poke|p1|Dragalge, F|
|poke|p1|Great Tusk|
|poke|p1|Crawdaunt, F|
|poke|p1|Dragonite, M|
|poke|p2|Hypno, M|
|poke|p2|Ninetales-Alola, M|
|poke|p2|Goodra, F|
|poke|p2|Delphox, M|
|poke|p2|Vaporeon, M|
|poke|p2|Sandslash, F|
|teampreview
|
|t:|1758319950
|teamsize|p1|6
|teamsize|p2|6
|start
|switch|p1a: Scizor|Scizor, M|100/100
|switch|p2a: Hypno|Hypno, M|100/100
|turn|1
|
|t:|1758319958
|switch|p2a: Vaporeon|Vaporeon, M|100/100
|move|p1a: Scizor|U-turn|p2a: Vaporeon
|-crit|p2a: Vaporeon
|-damage|p2a: Vaporeon|40/100
|inactive|Battle timer is ON: inactive players will automatically lose when time's up. (requested by eeabdall)
|
|t:|1758319966
|switch|p1a: Dragonite|Dragonite, M|100/100|[from] U-turn
|
|-heal|p2a: Vaporeon|46/100|[from] item: Leftovers
|upkeep
|turn|2
|
|t:|1758319974
|move|p2a: Vaporeon|Protect|p2a: Vaporeon
|-singleturn|p2a: Vaporeon|Protect
|move|p1a: Dragonite|Dragon Dance|p1a: Dragonite
|-boost|p1a: Dragonite|atk|1
|-boost|p1a: Dragonite|spe|1
|
|-heal|p2a: Vaporeon|52/100|[from] item: Leftovers
|upkeep
|turn|3
|
|t:|1758319987
|move|p1a: Dragonite|Dragon Dance|p1a: Dragonite
|-boost|p1a: Dragonite|atk|1
|-boost|p1a: Dragonite|spe|1
|move|p2a: Vaporeon|Ice Beam|p1a: Dragonite
|-supereffective|p1a: Dragonite
|-damage|p1a: Dragonite|48/100
|
|-heal|p2a: Vaporeon|58/100|[from] item: Leftovers
|upkeep
|turn|4
|
|t:|1758319997
|move|p1a: Dragonite|Extreme Speed|p2a: Vaporeon
|-damage|p2a: Vaporeon|11/100
|move|p2a: Vaporeon|Ice Beam|p1a: Dragonite
|-supereffective|p1a: Dragonite
|-damage|p1a: Dragonite|0 fnt
|faint|p1a: Dragonite
|
|-heal|p2a: Vaporeon|17/100|[from] item: Leftovers
|upkeep
|
|t:|1758320008
|switch|p1a: Scizor|Scizor, M|100/100
|turn|5
|
|t:|1758320014
|move|p2a: Vaporeon|Protect|p2a: Vaporeon
|-singleturn|p2a: Vaporeon|Protect
|move|p1a: Scizor|Bullet Punch|p2a: Vaporeon
|-activate|p2a: Vaporeon|move: Protect
|
|-heal|p2a: Vaporeon|23/100|[from] item: Leftovers
|upkeep
|turn|6
|
|t:|1758320022
|-terastallize|p1a: Scizor|Steel
|move|p1a: Scizor|Bullet Punch|p2a: Vaporeon
|-resisted|p2a: Vaporeon
|-damage|p2a: Vaporeon|0 fnt
|faint|p2a: Vaporeon
|
|upkeep
|
|t:|1758320029
|switch|p2a: Delphox|Delphox, M|100/100
|turn|7
|
|t:|1758320036
|switch|p1a: Crawdaunt|Crawdaunt, F|100/100
|move|p2a: Delphox|Flamethrower|p1a: Crawdaunt
|-resisted|p1a: Crawdaunt
|-damage|p1a: Crawdaunt|51/100
|
|upkeep
|turn|8
|
|t:|1758320043
|move|p1a: Crawdaunt|Aqua Jet|p2a: Delphox
|-supereffective|p2a: Delphox
|-enditem|p2a: Delphox|Focus Sash
|-damage|p2a: Delphox|1/100
|-damage|p1a: Crawdaunt|41/100|[from] item: Life Orb
|move|p2a: Delphox|Dazzling Gleam|p1a: Crawdaunt
|-supereffective|p1a: Crawdaunt
|-damage|p1a: Crawdaunt|0 fnt
|faint|p1a: Crawdaunt
|-item|p2a: Delphox|Life Orb|[from] ability: Magician|[of] p1: Crawdaunt
|
|upkeep
|
|t:|1758320057
|switch|p1a: Scizor|Scizor, M, tera:Steel|100/100
|turn|9
|
|t:|1758320063
|move|p1a: Scizor|Bullet Punch|p2a: Delphox
|-resisted|p2a: Delphox
|-damage|p2a: Delphox|0 fnt
|faint|p2a: Delphox
|
|upkeep
|
|t:|1758320072
|switch|p2a: Sandslash|Sandslash, F|100/100
|turn|10
|
|t:|1758320079
|switch|p1a: Sableye|Sableye, F, shiny|100/100
|-terastallize|p2a: Sandslash|Ground
|move|p2a: Sandslash|Earthquake|p1a: Sableye
|-damage|p1a: Sableye|47/100
|
|upkeep
|turn|11
|
|t:|1758320089
|move|p1a: Sableye|Will-O-Wisp|p2a: Sandslash|[miss]
|-miss|p1a: Sableye|p2a: Sandslash
|move|p2a: Sandslash|Earthquake|p1a: Sableye
|-damage|p1a: Sableye|0 fnt
|faint|p1a: Sableye
|
|upkeep
|-message|Orandinary forfeited.
|
|win|eeabdall
|raw|Orandinary's rating: 1146 &rarr; <strong>1117</strong><br />(-29 for losing)
|raw|eeabdall's rating: 1091 &rarr; <strong>1121</strong><br />(+30 for winning)
|l|☆Orandinary
|player|p1|
|l|☆eeabdall
|player|p2|
