|j|☆Oblizzy
|j|☆TheTactician1
|t:|1758326071
|gametype|singles
|player|p1|Oblizzy|102|1282
|player|p2|TheTactician1|266|1372
|gen|9
|tier|[Gen 9] OU
|rated|
|rule|HP Percentage Mod: HP is shown in percentages
|rule|Endless Battle Clause: Forcing endless battles is banned
|rule|Species Clause: Limit one of each Pokémon
|rule|OHKO Clause: OHKO moves are banned
|rule|Evasion Items Clause: Evasion items are banned
|rule|Evasion Moves Clause: Evasion moves are banned
|rule|Evasion Abilities Clause: Evasion abilities are banned
|rule|Sleep Moves Clause: Sleep-inducing moves are banned
|clearpoke
|poke|p1|Pelipper, M|
|poke|p1|Barraskewda, F|
|poke|p1|Kingdra, F|
|poke|p1|Toxicroak, M|
|poke|p1|Iron Treads|
|poke|p1|Hatterene, F|
|poke|p2|Quaquaval, M|
|poke|p2|Ting-Lu|
|poke|p2|Hatterene, F|
|poke|p2|Dragonite, F|
|poke|p2|Scizor, F|
|poke|p2|Kyurem|
|teampreview
|
|t:|1758326082
|teamsize|p1|6
|teamsize|p2|6
|start
|switch|p1a: Barraskewda|Barraskewda, F|100/100
|switch|p2a: Freeze Austin|Kyurem|100/100
|-ability|p2a: Freeze Austin|Pressure
|turn|1
|
|t:|1758326089
|move|p2a: Freeze Austin|Freeze-Dry|p1a: Barraskewda
|-supereffective|p1a: Barraskewda
|-damage|p1a: Barraskewda|0 fnt
|faint|p1a: Barraskewda
|
|upkeep
|
|t:|1758326098
|switch|p1a: Iron Treads|Iron Treads|100/100
|-enditem|p1a: Iron Treads|Booster Energy
|-activate|p1a: Iron Treads|ability: Quark Drive|[fromitem]
|-start|p1a: Iron Treads|quarkdrivespe
|turn|2
|
|t:|1758326109
|switch|p2a: Ground Venison|Ting-Lu|100/100
|-ability|p2a: Ground Venison|Vessel of Ruin
|move|p1a: Iron Treads|Volt Switch|p2a: Ground Venison
|-immune|p2a: Ground Venison
|
|upkeep
|turn|3
|
|t:|1758326119
|-end|p1a: Iron Treads|Quark Drive|[silent]
|switch|p1a: Pelipper|Pelipper, M|100/100
|-weather|RainDance|[from] ability: Drizzle|[of] p1a: Pelipper
|move|p2a: Ground Venison|Stealth Rock|p1a: Pelipper
|-sidestart|p1: Oblizzy|move: Stealth Rock
|
|-weather|RainDance|[upkeep]
|upkeep
|turn|4
|
|t:|1758326126
|move|p2a: Ground Venison|Stone Edge|p1a: Pelipper
|-supereffective|p1a: Pelipper
|-damage|p1a: Pelipper|52/100
|move|p1a: Pelipper|Weather Ball|p2a: Ground Venison
|-supereffective|p2a: Ground Venison
|-damage|p2a: Ground Venison|43/100
|-enditem|p2a: Ground Venison|Weakness Policy
|-boost|p2a: Ground Venison|atk|2|[from] item: Weakness Policy
|-boost|p2a: Ground Venison|spa|2|[from] item: Weakness Policy
|
|-weather|RainDance|[upkeep]
|upkeep
|turn|5
|c|☆Oblizzy|im losing my fucking mind
|
|t:|1758326155
|move|p2a: Ground Venison|Stone Edge|p1a: Pelipper
|-supereffective|p1a: Pelipper
|-crit|p1a: Pelipper
|-damage|p1a: Pelipper|0 fnt
|faint|p1a: Pelipper
|
|-weather|RainDance|[upkeep]
|upkeep
|
|t:|1758326158
|switch|p1a: Kingdra|Kingdra, F|100/100
|-damage|p1a: Kingdra|88/100|[from] Stealth Rock
|turn|6
|
|t:|1758326178
|switch|p2a: Magic Gushroom|Hatterene, F|100/100
|move|p1a: Kingdra|Wave Crash|p2a: Magic Gushroom
|-damage|p2a: Magic Gushroom|40/100
|-damage|p1a: Kingdra|72/100|[from] item: Rocky Helmet|[of] p2a: Magic Gushroom
|-damage|p1a: Kingdra|50/100|[from] Recoil
|-damage|p1a: Kingdra|40/100|[from] item: Life Orb
|
|-weather|RainDance|[upkeep]
|upkeep
|turn|7
|
|t:|1758326187
|move|p1a: Kingdra|Hydro Pump|p2a: Magic Gushroom|[miss]
|-miss|p1a: Kingdra|p2a: Magic Gushroom
|move|p2a: Magic Gushroom|Draining Kiss|p1a: Kingdra
|-supereffective|p1a: Kingdra
|-damage|p1a: Kingdra|0 fnt
|-heal|p2a: Magic Gushroom|67/100|[from] drain|[of] p1a: Kingdra
|faint|p1a: Kingdra
|
|-weather|RainDance|[upkeep]
|upkeep
|
|t:|1758326197
|switch|p1a: Toxicroak|Toxicroak, M|100/100
|turn|8
|
|t:|1758326206
|move|p1a: Toxicroak|Toxic|p2a: Magic Gushroom
|move|p2a: Magic Gushroom|Toxic|p1a: Toxicroak|[from] ability: Magic Bounce
|-immune|p1a: Toxicroak
|move|p2a: Magic Gushroom|Psychic Noise|p1a: Toxicroak
|-supereffective|p1a: Toxicroak
|-damage|p1a: Toxicroak|0 fnt
|faint|p1a: Toxicroak
|
|-weather|RainDance|[upkeep]
|upkeep
|-message|Oblizzy forfeited.
|
|win|TheTactician1
|raw|Oblizzy's rating: 1282 &rarr; <strong>1263</strong><br />(-19 for losing)
|raw|TheTactician1's rating: 1372 &rarr; <strong>1387</strong><br />(+15 for winning)
