|j|☆learnfullname
|j|☆Natures_srk
|t:|1758296007
|gametype|singles
|player|p1|learnfullname|veteran|1233
|player|p2|Natures_srk|unknown|1212
|gen|9
|tier|[Gen 9] OU
|rated|
|rule|HP Percentage Mod: HP is shown in percentages
|rule|Endless Battle Clause: Forcing endless battles is banned
|rule|Species Clause: Limit one of each Pokémon
|rule|OHKO Clause: OHKO moves are banned
|rule|Evasion Items Clause: Evasion items are banned
|rule|Evasion Moves Clause: Evasion moves are banned
|rule|Evasion Abilities Clause: Evasion abilities are banned
|rule|Sleep Moves Clause: Sleep-inducing moves are banned
|clearpoke
|poke|p1|Ninetales, M|
|poke|p1|Ceruledge, M|
|poke|p1|Venusaur, F|
|poke|p1|Hatterene, F|
|poke|p1|Great Tusk|
|poke|p1|Walking Wake|
|poke|p2|Ursaluna, M|
|poke|p2|Cresselia, F|
|poke|p2|Hoopa|
|poke|p2|Corviknight, M|
|poke|p2|Goodra-Hisui, F|
|poke|p2|Overqwil, F|
|teampreview
|
|t:|1758296028
|teamsize|p1|6
|teamsize|p2|6
|start
|switch|p1a: Ninetales|Ninetales, M|100/100
|switch|p2a: Cresselia|Cresselia, F|100/100
|-weather|SunnyDay|[from] ability: Drought|[of] p1a: Ninetales
|turn|1
|
|t:|1758296037
|switch|p1a: Hatterene|Hatterene, F|100/100
|move|p2a: Cresselia|Trick Room|p2a: Cresselia
|-fieldstart|move: Trick Room|[of] p2a: Cresselia
|
|-weather|SunnyDay|[upkeep]
|upkeep
|turn|2
|
|t:|1758296044
|move|p1a: Hatterene|Nuzzle|p2a: Cresselia
|-damage|p2a: Cresselia|98/100
|-status|p2a: Cresselia|par
|move|p2a: Cresselia|Future Sight|p1a: Hatterene
|-start|p2a: Cresselia|move: Future Sight
|
|-weather|SunnyDay|[upkeep]
|upkeep
|turn|3
|
|t:|1758296054
|switch|p2a: Ursaluna|Ursaluna, M|100/100
|move|p1a: Hatterene|Dazzling Gleam|p2a: Ursaluna
|-damage|p2a: Ursaluna|69/100
|
|-weather|SunnyDay|[upkeep]
|-status|p2a: Ursaluna|brn|[from] item: Flame Orb
|upkeep
|turn|4
|
|t:|1758296078
|move|p1a: Hatterene|Dazzling Gleam|p2a: Ursaluna
|-damage|p2a: Ursaluna|37/100 brn
|move|p2a: Ursaluna|Headlong Rush|p1a: Hatterene
|-damage|p1a: Hatterene|1/100
|-unboost|p2a: Ursaluna|def|1
|-unboost|p2a: Ursaluna|spd|1
|-enditem|p1a: Hatterene|Eject Button
|
|t:|1758296085
|switch|p1a: Ceruledge|Ceruledge, M|100/100
|
|-weather|SunnyDay|[upkeep]
|-end|p1a: Ceruledge|move: Future Sight
|-damage|p1a: Ceruledge|61/100
|-damage|p2a: Ursaluna|31/100 brn|[from] brn
|upkeep
|turn|5
|
|t:|1758296097
|switch|p1a: Hatterene|Hatterene, F|1/100
|move|p2a: Ursaluna|Headlong Rush|p1a: Hatterene
|-damage|p1a: Hatterene|0 fnt
|-unboost|p2a: Ursaluna|def|1
|-unboost|p2a: Ursaluna|spd|1
|faint|p1a: Hatterene
|
|-weather|SunnyDay|[upkeep]
|-damage|p2a: Ursaluna|25/100 brn|[from] brn
|-fieldend|move: Trick Room
|upkeep
|
|t:|1758296107
|switch|p1a: Walking Wake|Walking Wake|100/100
|-activate|p1a: Walking Wake|ability: Protosynthesis
|-start|p1a: Walking Wake|protosynthesisspa
|turn|6
|
|t:|1758296114
|switch|p2a: Goodra|Goodra-Hisui, F|100/100
|move|p1a: Walking Wake|Hydro Steam|p2a: Goodra
|-resisted|p2a: Goodra
|-damage|p2a: Goodra|75/100
|
|-weather|SunnyDay|[upkeep]
|upkeep
|turn|7
|
|t:|1758296119
|-end|p1a: Walking Wake|Protosynthesis|[silent]
|switch|p1a: Ninetales|Ninetales, M|100/100
|move|p2a: Goodra|Draco Meteor|p1a: Ninetales
|-damage|p1a: Ninetales|45/100
|-unboost|p2a: Goodra|spa|2
|
|-weather|SunnyDay|[upkeep]
|upkeep
|turn|8
|
|t:|1758296138
|switch|p1a: Great Tusk|Great Tusk|100/100
|-activate|p1a: Great Tusk|ability: Protosynthesis
|-start|p1a: Great Tusk|protosynthesisspe
|switch|p2a: Cresselia|Cresselia, F|98/100 par
|
|-weather|none
|-end|p1a: Great Tusk|Protosynthesis
|upkeep
|turn|9
|
|t:|1758296144
|-end|p1a: Great Tusk|Protosynthesis|[silent]
|switch|p1a: Ninetales|Ninetales, M|45/100
|-weather|SunnyDay|[from] ability: Drought|[of] p1a: Ninetales
|cant|p2a: Cresselia|par
|
|-weather|SunnyDay|[upkeep]
|upkeep
|turn|10
|
|t:|1758296156
|move|p1a: Ninetales|Healing Wish|p1a: Ninetales
|faint|p1a: Ninetales
|move|p2a: Cresselia|Trick Room|p2a: Cresselia
|-fieldstart|move: Trick Room|[of] p2a: Cresselia
|
|-weather|SunnyDay|[upkeep]
|upkeep
|
|t:|1758296160
|switch|p1a: Ceruledge|Ceruledge, M|61/100
|-heal|p1a: Ceruledge|100/100|[from] move: Healing Wish
|turn|11
|
|t:|1758296166
|cant|p2a: Cresselia|par
|move|p1a: Ceruledge|Swords Dance|p1a: Ceruledge
|-boost|p1a: Ceruledge|atk|2
|
|-weather|SunnyDay|[upkeep]
|upkeep
|turn|12
|
|t:|1758296175
|move|p2a: Cresselia|Lunar Dance|p2a: Cresselia
|faint|p2a: Cresselia
|move|p1a: Ceruledge|Swords Dance|p1a: Ceruledge
|-boost|p1a: Ceruledge|atk|2
|
|-weather|SunnyDay|[upkeep]
|upkeep
|
|t:|1758296181
|switch|p2a: Ursaluna|Ursaluna, M|25/100 brn
|-heal|p2a: Ursaluna|100/100|[from] move: Lunar Dance
|turn|13
|
|t:|1758296192
|-terastallize|p1a: Ceruledge|Fairy
|move|p2a: Ursaluna|Headlong Rush|p1a: Ceruledge
|-enditem|p1a: Ceruledge|Focus Sash
|-damage|p1a: Ceruledge|1/100
|-unboost|p2a: Ursaluna|def|1
|-unboost|p2a: Ursaluna|spd|1
|-ability|p1a: Ceruledge|Weak Armor|boost
|-unboost|p1a: Ceruledge|def|1
|-boost|p1a: Ceruledge|spe|2
|move|p1a: Ceruledge|Solar Blade||[still]
|-prepare|p1a: Ceruledge|Solar Blade
|-anim|p1a: Ceruledge|Solar Blade|p2a: Ursaluna
|-supereffective|p2a: Ursaluna
|-damage|p2a: Ursaluna|0 fnt
|faint|p2a: Ursaluna
|
|-weather|SunnyDay|[upkeep]
|upkeep
|
|t:|1758296209
|switch|p2a: Hoopa|Hoopa|100/100
|turn|14
|
|t:|1758296223
|move|p2a: Hoopa|Psychic|p1a: Ceruledge
|-damage|p1a: Ceruledge|0 fnt
|faint|p1a: Ceruledge
|-damage|p2a: Hoopa|91/100|[from] item: Life Orb
|
|-weather|SunnyDay|[upkeep]
|-fieldend|move: Trick Room
|upkeep
|
|t:|1758296226
|switch|p1a: Walking Wake|Walking Wake|100/100
|-activate|p1a: Walking Wake|ability: Protosynthesis
|-start|p1a: Walking Wake|protosynthesisspa
|turn|15
|
|t:|1758296233
|switch|p2a: Goodra|Goodra-Hisui, F|75/100
|move|p1a: Walking Wake|Dragon Pulse|p2a: Goodra
|-damage|p2a: Goodra|39/100
|
|-weather|SunnyDay|[upkeep]
|upkeep
|turn|16
|
|t:|1758296242
|move|p1a: Walking Wake|Dragon Pulse|p2a: Goodra
|-damage|p2a: Goodra|3/100
|move|p2a: Goodra|Draco Meteor|p1a: Walking Wake
|-supereffective|p1a: Walking Wake
|-damage|p1a: Walking Wake|0 fnt
|-unboost|p2a: Goodra|spa|2
|faint|p1a: Walking Wake
|-end|p1a: Walking Wake|Protosynthesis|[silent]
|
|-weather|none
|upkeep
|
|t:|1758296247
|switch|p1a: Great Tusk|Great Tusk|100/100
|turn|17
|
|t:|1758296256
|switch|p2a: Corviknight|Corviknight, M|100/100
|-ability|p2a: Corviknight|Pressure
|move|p1a: Great Tusk|Rapid Spin|p2a: Corviknight
|-resisted|p2a: Corviknight
|-damage|p2a: Corviknight|96/100
|-boost|p1a: Great Tusk|spe|1
|-damage|p1a: Great Tusk|84/100|[from] item: Rocky Helmet|[of] p2a: Corviknight
|
|upkeep
|turn|18
|c|☆Natures_srk|ggs
|
|t:|1758296279
|move|p1a: Great Tusk|Ice Spinner|p2a: Corviknight
|-damage|p2a: Corviknight|83/100
|-damage|p1a: Great Tusk|67/100|[from] item: Rocky Helmet|[of] p2a: Corviknight
|move|p2a: Corviknight|Brave Bird|p1a: Great Tusk
|-supereffective|p1a: Great Tusk
|-damage|p1a: Great Tusk|19/100
|-damage|p2a: Corviknight|66/100|[from] item: Rocky Helmet|[of] p1a: Great Tusk
|-damage|p2a: Corviknight|49/100|[from] Recoil
|
|upkeep
|turn|19
|
|t:|1758296293
|move|p1a: Great Tusk|Stealth Rock|p2a: Corviknight
|-sidestart|p2: Natures_srk|move: Stealth Rock
|move|p2a: Corviknight|Roost|p2a: Corviknight
|-heal|p2a: Corviknight|99/100
|-singleturn|p2a: Corviknight|move: Roost
|
|upkeep
|turn|20
|
|t:|1758296300
|move|p1a: Great Tusk|Ice Spinner|p2a: Corviknight
|-damage|p2a: Corviknight|84/100
|-damage|p1a: Great Tusk|2/100|[from] item: Rocky Helmet|[of] p2a: Corviknight
|move|p2a: Corviknight|Defog|p1a: Great Tusk
|-unboost|p1a: Great Tusk|evasion|1
|-sideend|p2: Natures_srk|Stealth Rock|[from] move: Defog|[of] p2a: Corviknight
|
|upkeep
|turn|21
|-message|learnfullname forfeited.
|
|win|Natures_srk
|raw|learnfullname's rating: 1233 &rarr; <strong>1206</strong><br />(-27 for losing)
|raw|Natures_srk's rating: 1212 &rarr; <strong>1239</strong><br />(+27 for winning)
|l|☆learnfullname
|player|p1|
|l|☆Natures_srk
|player|p2|
