|j|☆kilailo
|j|☆Chibighost<3
|t:|1758256583
|gametype|singles
|player|p1|kilailo|2|1076
|player|p2|Chibighost<3|shauntal|1043
|gen|9
|tier|[Gen 9] OU
|rated|
|rule|HP Percentage Mod: HP is shown in percentages
|rule|Endless Battle Clause: Forcing endless battles is banned
|rule|Species Clause: Limit one of each Pokémon
|rule|OHKO Clause: OHKO moves are banned
|rule|Evasion Items Clause: Evasion items are banned
|rule|Evasion Moves Clause: Evasion moves are banned
|rule|Evasion Abilities Clause: Evasion abilities are banned
|rule|Sleep Moves Clause: Sleep-inducing moves are banned
|clearpoke
|poke|p1|Phione|
|poke|p1|Araquanid, M|
|poke|p1|Pelipper, F|
|poke|p1|Barraskewda, F|
|poke|p1|Vaporeon, M|
|poke|p1|Kingdra, M|
|poke|p2|Malamar, M|
|poke|p2|Houndstone, M|
|poke|p2|Muk-Alola, F|
|poke|p2|Milotic, M|
|poke|p2|Goodra-Hisui, F|
|poke|p2|Sandy Shocks|
|teampreview
|inactive|Battle timer is ON: inactive players will automatically lose when time's up. (requested by kilailo)
|
|t:|1758256591
|teamsize|p1|6
|teamsize|p2|6
|start
|switch|p1a: Pizza Bae|Pelipper, F|100/100
|switch|p2a: Houndstone|Houndstone, M|100/100
|-weather|RainDance|[from] ability: Drizzle|[of] p1a: Pizza Bae
|turn|1
|
|t:|1758256601
|move|p2a: Houndstone|Lick|p1a: Pizza Bae
|-damage|p1a: Pizza Bae|88/100
|move|p1a: Pizza Bae|U-turn|p2a: Houndstone
|-resisted|p2a: Houndstone
|-damage|p2a: Houndstone|98/100
|
|t:|1758256607
|switch|p1a: Serving Bug|Araquanid, M|100/100|[from] U-turn
|
|-weather|RainDance|[upkeep]
|upkeep
|turn|2
|
|t:|1758256616
|move|p2a: Houndstone|Lick|p1a: Serving Bug
|-damage|p1a: Serving Bug|80/100
|move|p1a: Serving Bug|Sticky Web|p2a: Houndstone
|-sidestart|p2: Chibighost<3|move: Sticky Web
|
|-weather|RainDance|[upkeep]
|upkeep
|turn|3
|
|t:|1758256623
|move|p2a: Houndstone|Lick|p1a: Serving Bug
|-damage|p1a: Serving Bug|62/100
|move|p1a: Serving Bug|Liquidation|p2a: Houndstone
|-damage|p2a: Houndstone|50/100
|
|-weather|RainDance|[upkeep]
|upkeep
|turn|4
|
|t:|1758256633
|move|p2a: Houndstone|Play Rough|p1a: Serving Bug
|-damage|p1a: Serving Bug|32/100
|move|p1a: Serving Bug|Liquidation|p2a: Houndstone
|-damage|p2a: Houndstone|5/100
|
|-weather|RainDance|[upkeep]
|upkeep
|turn|5
|
|t:|1758256642
|move|p2a: Houndstone|Memento|p1a: Serving Bug
|-unboost|p1a: Serving Bug|atk|2
|-unboost|p1a: Serving Bug|spa|2
|faint|p2a: Houndstone
|move|p1a: Serving Bug|Lunge|p2: Houndstone|[notarget]
|-fail|p1a: Serving Bug
|
|-weather|RainDance|[upkeep]
|upkeep
|
|t:|1758256652
|switch|p2a: Malamar|Malamar, M|100/100
|-activate|p2a: Malamar|move: Sticky Web
|-boost|p2a: Malamar|spe|1
|turn|6
|
|t:|1758256658
|move|p2a: Malamar|Superpower|p1a: Serving Bug
|-resisted|p1a: Serving Bug
|-damage|p1a: Serving Bug|12/100
|-boost|p2a: Malamar|atk|1
|-boost|p2a: Malamar|def|1
|move|p1a: Serving Bug|Lunge|p2a: Malamar
|-supereffective|p2a: Malamar
|-damage|p2a: Malamar|56/100
|-boost|p2a: Malamar|atk|1
|
|-weather|RainDance|[upkeep]
|upkeep
|turn|7
|
|t:|1758256670
|move|p2a: Malamar|Superpower|p1a: Serving Bug
|-resisted|p1a: Serving Bug
|-damage|p1a: Serving Bug|0 fnt
|-boost|p2a: Malamar|atk|1
|-boost|p2a: Malamar|def|1
|faint|p1a: Serving Bug
|
|-weather|RainDance|[upkeep]
|upkeep
|
|t:|1758256683
|switch|p1a: BOB QUEEN|Phione|100/100
|turn|8
|
|t:|1758256690
|-terastallize|p1a: BOB QUEEN|Poison
|move|p2a: Malamar|Superpower|p1a: BOB QUEEN
|-resisted|p1a: BOB QUEEN
|-damage|p1a: BOB QUEEN|51/100
|-boost|p2a: Malamar|atk|1
|-boost|p2a: Malamar|def|1
|move|p1a: BOB QUEEN|Scald|p2a: Malamar
|-damage|p2a: Malamar|7/100
|-status|p2a: Malamar|brn
|
|-weather|none
|-damage|p2a: Malamar|1/100 brn|[from] brn
|upkeep
|turn|9
|
|t:|1758256705
|switch|p1a: Pizza Bae|Pelipper, F|88/100
|-weather|RainDance|[from] ability: Drizzle|[of] p1a: Pizza Bae
|move|p2a: Malamar|Psycho Cut|p1a: Pizza Bae
|-crit|p1a: Pizza Bae
|-damage|p1a: Pizza Bae|36/100
|
|-weather|RainDance|[upkeep]
|-damage|p2a: Malamar|0 fnt|[from] brn
|faint|p2a: Malamar
|upkeep
|
|t:|1758256716
|switch|p2a: Milotic|Milotic, M, shiny|100/100
|-activate|p2a: Milotic|move: Sticky Web
|-unboost|p2a: Milotic|spe|1
|-ability|p2a: Milotic|Competitive|boost
|-boost|p2a: Milotic|spa|2
|turn|10
|
|t:|1758256725
|move|p2a: Milotic|Coil|p2a: Milotic
|-boost|p2a: Milotic|atk|1
|-boost|p2a: Milotic|def|1
|-boost|p2a: Milotic|accuracy|1
|move|p1a: Pizza Bae|Hurricane|p2a: Milotic
|-damage|p2a: Milotic|68/100
|-start|p2a: Milotic|confusion
|
|-weather|RainDance|[upkeep]
|-status|p2a: Milotic|brn|[from] item: Flame Orb
|upkeep
|turn|11
|
|t:|1758256737
|-activate|p2a: Milotic|confusion
|-damage|p2a: Milotic|57/100 brn|[from] confusion
|move|p1a: Pizza Bae|Hurricane|p2a: Milotic
|-damage|p2a: Milotic|27/100 brn
|
|-weather|RainDance|[upkeep]
|-damage|p2a: Milotic|21/100 brn|[from] brn
|upkeep
|turn|12
|
|t:|1758256747
|-end|p2a: Milotic|confusion
|move|p2a: Milotic|Triple Axel|p1a: Pizza Bae
|-damage|p1a: Pizza Bae|34/100
|-damage|p1a: Pizza Bae|29/100
|-damage|p1a: Pizza Bae|22/100
|-hitcount|p1a: Pizza Bae|3
|move|p1a: Pizza Bae|Hurricane|p2a: Milotic
|-damage|p2a: Milotic|0 fnt
|faint|p2a: Milotic
|
|-weather|RainDance|[upkeep]
|upkeep
|
|t:|1758256764
|switch|p2a: Sandy Shocks|Sandy Shocks|100/100
|-item|p2a: Sandy Shocks|Air Balloon
|turn|13
|
|t:|1758256771
|move|p2a: Sandy Shocks|Electro Ball|p1a: Pizza Bae
|-supereffective|p1a: Pizza Bae
|-damage|p1a: Pizza Bae|0 fnt
|faint|p1a: Pizza Bae
|
|-weather|RainDance|[upkeep]
|upkeep
|
|t:|1758256783
|switch|p1a: BOB QUEEN|Phione, tera:Poison|51/100
|turn|14
|
|t:|1758256787
|move|p2a: Sandy Shocks|Electro Ball|p1a: BOB QUEEN
|-damage|p1a: BOB QUEEN|20/100
|move|p1a: BOB QUEEN|Scald|p2a: Sandy Shocks
|-supereffective|p2a: Sandy Shocks
|-damage|p2a: Sandy Shocks|0 fnt
|-enditem|p2a: Sandy Shocks|Air Balloon
|faint|p2a: Sandy Shocks
|-end|p2a: Sandy Shocks|Protosynthesis|[silent]
|
|-weather|RainDance|[upkeep]
|upkeep
|
|t:|1758256798
|switch|p2a: Muk|Muk-Alola, F, shiny|100/100
|-activate|p2a: Muk|move: Sticky Web
|-unboost|p2a: Muk|spe|1
|turn|15
|
|t:|1758256804
|move|p1a: BOB QUEEN|Rest|p1a: BOB QUEEN
|-status|p1a: BOB QUEEN|slp|[from] move: Rest
|-heal|p1a: BOB QUEEN|100/100 slp|[silent]
|move|p2a: Muk|Knock Off|p1a: BOB QUEEN
|-damage|p1a: BOB QUEEN|44/100 slp
|-enditem|p1a: BOB QUEEN|Mystic Water|[from] move: Knock Off|[of] p2a: Muk
|
|-weather|RainDance|[upkeep]
|-activate|p1a: BOB QUEEN|ability: Hydration
|-curestatus|p1a: BOB QUEEN|slp|[msg]
|upkeep
|turn|16
|
|t:|1758256822
|move|p1a: BOB QUEEN|Rest|p1a: BOB QUEEN
|-status|p1a: BOB QUEEN|slp|[from] move: Rest
|-heal|p1a: BOB QUEEN|100/100 slp|[silent]
|move|p2a: Muk|Zen Headbutt|p1a: BOB QUEEN
|-supereffective|p1a: BOB QUEEN
|-damage|p1a: BOB QUEEN|37/100 slp
|
|-weather|none
|upkeep
|turn|17
|
|t:|1758256832
|cant|p1a: BOB QUEEN|slp
|move|p2a: Muk|Knock Off|p1a: BOB QUEEN
|-damage|p1a: BOB QUEEN|2/100 slp
|
|upkeep
|turn|18
|
|t:|1758256839
|cant|p1a: BOB QUEEN|slp
|move|p2a: Muk|Drain Punch|p1a: BOB QUEEN
|-resisted|p1a: BOB QUEEN
|-crit|p1a: BOB QUEEN
|-damage|p1a: BOB QUEEN|0 fnt
|faint|p1a: BOB QUEEN
|
|upkeep
|
|t:|1758256846
|switch|p1a: Kingdra|Kingdra, M|100/100
|turn|19
|
|t:|1758256850
|move|p1a: Kingdra|Focus Energy|p1a: Kingdra
|-start|p1a: Kingdra|move: Focus Energy
|move|p2a: Muk|Knock Off|p1a: Kingdra
|-damage|p1a: Kingdra|46/100
|-enditem|p1a: Kingdra|Scope Lens|[from] move: Knock Off|[of] p2a: Muk
|
|upkeep
|turn|20
|
|t:|1758256862
|move|p1a: Kingdra|Scale Shot|p2a: Muk
|-damage|p2a: Muk|88/100
|-damage|p2a: Muk|77/100
|-hitcount|p2a: Muk|2
|-unboost|p1a: Kingdra|def|1
|-boost|p1a: Kingdra|spe|1
|move|p2a: Muk|Knock Off|p1a: Kingdra
|-damage|p1a: Kingdra|0 fnt
|faint|p1a: Kingdra
|
|-heal|p2a: Muk|83/100|[from] item: Black Sludge
|upkeep
|
|t:|1758256872
|switch|p1a: PplWBlueEyesBLike|Vaporeon, M|100/100
|turn|21
|
|t:|1758256876
|move|p1a: PplWBlueEyesBLike|Scald|p2a: Muk
|-damage|p2a: Muk|59/100
|move|p2a: Muk|Knock Off|p1a: PplWBlueEyesBLike
|-damage|p1a: PplWBlueEyesBLike|63/100
|-enditem|p1a: PplWBlueEyesBLike|Leftovers|[from] move: Knock Off|[of] p2a: Muk
|
|-heal|p2a: Muk|65/100|[from] item: Black Sludge
|upkeep
|turn|22
|
|t:|1758256886
|move|p1a: PplWBlueEyesBLike|Wish|p1a: PplWBlueEyesBLike
|move|p2a: Muk|Zen Headbutt|p1a: PplWBlueEyesBLike|[miss]
|-miss|p2a: Muk|p1a: PplWBlueEyesBLike
|
|-heal|p2a: Muk|72/100|[from] item: Black Sludge
|upkeep
|turn|23
|
|t:|1758256893
|move|p1a: PplWBlueEyesBLike|Scald|p2a: Muk
|-damage|p2a: Muk|47/100
|move|p2a: Muk|Zen Headbutt|p1a: PplWBlueEyesBLike
|-damage|p1a: PplWBlueEyesBLike|45/100
|
|-heal|p1a: PplWBlueEyesBLike|95/100|[from] move: Wish|[wisher] PplWBlueEyesBLike
|-heal|p2a: Muk|53/100|[from] item: Black Sludge
|upkeep
|turn|24
|
|t:|1758256904
|move|p1a: PplWBlueEyesBLike|Scald|p2a: Muk
|-damage|p2a: Muk|30/100
|-status|p2a: Muk|brn
|move|p2a: Muk|Drain Punch|p1a: PplWBlueEyesBLike
|-damage|p1a: PplWBlueEyesBLike|85/100
|-heal|p2a: Muk|36/100 brn|[from] drain|[of] p1a: PplWBlueEyesBLike
|
|-heal|p2a: Muk|42/100 brn|[from] item: Black Sludge
|-damage|p2a: Muk|36/100 brn|[from] brn
|upkeep
|turn|25
|
|t:|1758256923
|switch|p2a: Goodra|Goodra-Hisui, F|100/100
|-activate|p2a: Goodra|move: Sticky Web
|-unboost|p2a: Goodra|spe|1
|move|p1a: PplWBlueEyesBLike|Scald|p2a: Goodra
|-resisted|p2a: Goodra
|-damage|p2a: Goodra|91/100
|-status|p2a: Goodra|brn
|
|-damage|p2a: Goodra|85/100 brn|[from] brn
|upkeep
|turn|26
|
|t:|1758256937
|move|p1a: PplWBlueEyesBLike|Ice Beam|p2a: Goodra
|-damage|p2a: Goodra|71/100 brn
|move|p2a: Goodra|Acid Spray|p1a: PplWBlueEyesBLike
|-damage|p1a: PplWBlueEyesBLike|76/100
|-unboost|p1a: PplWBlueEyesBLike|spd|2
|
|-damage|p2a: Goodra|65/100 brn|[from] brn
|upkeep
|turn|27
|
|t:|1758256951
|move|p1a: PplWBlueEyesBLike|Ice Beam|p2a: Goodra
|-crit|p2a: Goodra
|-damage|p2a: Goodra|45/100 brn
|move|p2a: Goodra|Draco Meteor|p1a: PplWBlueEyesBLike
|-damage|p1a: PplWBlueEyesBLike|0 fnt
|-unboost|p2a: Goodra|spa|2
|faint|p1a: PplWBlueEyesBLike
|
|-damage|p2a: Goodra|39/100 brn|[from] brn
|upkeep
|
|t:|1758256960
|switch|p1a: Fishy Lips|Barraskewda, F|100/100
|turn|28
|
|t:|1758256967
|move|p1a: Fishy Lips|Close Combat|p2a: Goodra
|-supereffective|p2a: Goodra
|-damage|p2a: Goodra|0 fnt
|-unboost|p1a: Fishy Lips|def|1
|-unboost|p1a: Fishy Lips|spd|1
|-damage|p1a: Fishy Lips|84/100|[from] item: Rocky Helmet|[of] p2a: Goodra
|faint|p2a: Goodra
|
|upkeep
|
|t:|1758256975
|switch|p2a: Muk|Muk-Alola, F, shiny|36/100 brn
|-activate|p2a: Muk|move: Sticky Web
|-unboost|p2a: Muk|spe|1
|turn|29
|
|t:|1758256982
|move|p1a: Fishy Lips|Close Combat|p2a: Muk
|-damage|p2a: Muk|0 fnt
|-unboost|p1a: Fishy Lips|def|1
|-unboost|p1a: Fishy Lips|spd|1
|faint|p2a: Muk
|
|win|kilailo
|raw|kilailo's rating: 1076 &rarr; <strong>1102</strong><br />(+26 for winning)
|raw|Chibighost&lt;3's rating: 1043 &rarr; <strong>1028</strong><br />(-15 for losing)
|c|☆Chibighost<3|Gg
|l|☆kilailo
|player|p1|
|l|☆Chibighost<3
|player|p2|
|j|☆Chibighost<3
|player|p2|Chibighost<3|shauntal|
