|j|☆TepigRocks
|j|☆frozenmoon77
|t:|1758349673
|gametype|singles
|player|p1|TepigRocks|miku-fairy|1501
|player|p2|frozenmoon77|1|1526
|gen|9
|tier|[Gen 9] OU
|rated|
|rule|HP Percentage Mod: HP is shown in percentages
|rule|Endless Battle Clause: Forcing endless battles is banned
|rule|Species Clause: Limit one of each Pokémon
|rule|OHKO Clause: OHKO moves are banned
|rule|Evasion Items Clause: Evasion items are banned
|rule|Evasion Moves Clause: Evasion moves are banned
|rule|Evasion Abilities Clause: Evasion abilities are banned
|rule|Sleep Moves Clause: Sleep-inducing moves are banned
|clearpoke
|poke|p1|Ninetales-Alola, F|
|poke|p1|Darkrai|
|poke|p1|Great Tusk|
|poke|p1|Gholdengo|
|poke|p1|Hatterene, F|
|poke|p1|Ogerpon-Wellspring, F|
|poke|p2|Toxicroak, M|
|poke|p2|Iron Treads|
|poke|p2|Hydreigon, M|
|poke|p2|Dragapult, M|
|poke|p2|Clefable, F|
|poke|p2|Meowscarada, F|
|teampreview
|inactive|Battle timer is ON: inactive players will automatically lose when time's up. (requested by frozenmoon77)
|
|t:|1758349694
|teamsize|p1|6
|teamsize|p2|6
|start
|switch|p1a: Ogerpon|Ogerpon-Wellspring, F|100/100
|switch|p2a: Meowscarada|Meowscarada, F|100/100
|turn|1
|
|t:|1758349699
|move|p2a: Meowscarada|U-turn|p1a: Ogerpon
|-start|p2a: Meowscarada|typechange|Bug|[from] ability: Protean
|-supereffective|p1a: Ogerpon
|-damage|p1a: Ogerpon|20/100
|
|t:|1758349704
|switch|p2a: Toxicroak|Toxicroak, M|100/100|[from] U-turn
|move|p1a: Ogerpon|U-turn|p2a: Toxicroak
|-resisted|p2a: Toxicroak
|-damage|p2a: Toxicroak|94/100
|-damage|p1a: Ogerpon|3/100|[from] item: Rocky Helmet|[of] p2a: Toxicroak
|
|t:|1758349713
|switch|p1a: Ninetales|Ninetales-Alola, F|100/100|[from] U-turn
|-weather|Snowscape|[from] ability: Snow Warning|[of] p1a: Ninetales
|
|-weather|Snowscape|[upkeep]
|upkeep
|turn|2
|
|t:|1758349721
|move|p1a: Ninetales|Aurora Veil|p1a: Ninetales
|-sidestart|p1: TepigRocks|move: Aurora Veil
|move|p2a: Toxicroak|Encore|p1a: Ninetales
|-start|p1a: Ninetales|Encore
|
|-weather|Snowscape|[upkeep]
|upkeep
|turn|3
|
|t:|1758349729
|switch|p1a: Hatterene|Hatterene, F|100/100
|move|p2a: Toxicroak|Knock Off|p1a: Hatterene
|-damage|p1a: Hatterene|90/100
|-enditem|p1a: Hatterene|Leftovers|[from] move: Knock Off|[of] p2a: Toxicroak
|
|-weather|Snowscape|[upkeep]
|upkeep
|turn|4
|
|t:|1758349743
|switch|p2a: Iron Treads|Iron Treads|100/100
|move|p1a: Hatterene|Calm Mind|p1a: Hatterene
|-boost|p1a: Hatterene|spa|1
|-boost|p1a: Hatterene|spd|1
|
|-weather|Snowscape|[upkeep]
|upkeep
|turn|5
|
|t:|1758349751
|move|p2a: Iron Treads|Earthquake|p1a: Hatterene
|-damage|p1a: Hatterene|76/100
|move|p1a: Hatterene|Mystical Fire|p2a: Iron Treads
|-supereffective|p2a: Iron Treads
|-damage|p2a: Iron Treads|45/100
|-unboost|p2a: Iron Treads|spa|1
|
|-weather|none
|-heal|p2a: Iron Treads|51/100|[from] item: Leftovers
|upkeep
|turn|6
|
|t:|1758349762
|move|p2a: Iron Treads|Volt Switch|p1a: Hatterene
|-damage|p1a: Hatterene|73/100
|
|t:|1758349764
|-end|p2a: Iron Treads|Quark Drive|[silent]
|switch|p2a: Clefable|Clefable, F|100/100|[from] Volt Switch
|move|p1a: Hatterene|Calm Mind|p1a: Hatterene
|-boost|p1a: Hatterene|spa|1
|-boost|p1a: Hatterene|spd|1
|
|upkeep
|turn|7
|
|t:|1758349771
|move|p2a: Clefable|Calm Mind|p2a: Clefable
|-boost|p2a: Clefable|spa|1
|-boost|p2a: Clefable|spd|1
|move|p1a: Hatterene|Psychic Noise|p2a: Clefable
|-damage|p2a: Clefable|78/100
|-start|p2a: Clefable|move: Heal Block
|
|upkeep
|turn|8
|
|t:|1758349780
|move|p2a: Clefable|Moonblast|p1a: Hatterene
|-damage|p1a: Hatterene|47/100
|move|p1a: Hatterene|Calm Mind|p1a: Hatterene
|-boost|p1a: Hatterene|spa|1
|-boost|p1a: Hatterene|spd|1
|
|-end|p2a: Clefable|move: Heal Block
|upkeep
|turn|9
|
|t:|1758349787
|move|p2a: Clefable|Calm Mind|p2a: Clefable
|-boost|p2a: Clefable|spa|1
|-boost|p2a: Clefable|spd|1
|move|p1a: Hatterene|Psychic Noise|p2a: Clefable
|-damage|p2a: Clefable|61/100
|-start|p2a: Clefable|move: Heal Block
|
|-sideend|p1: TepigRocks|move: Aurora Veil
|upkeep
|turn|10
|
|t:|1758349794
|move|p2a: Clefable|Moonblast|p1a: Hatterene
|-damage|p1a: Hatterene|0 fnt
|faint|p1a: Hatterene
|
|-end|p2a: Clefable|move: Heal Block
|upkeep
|
|t:|1758349811
|switch|p1a: Ninetales|Ninetales-Alola, F|100/100
|-weather|Snowscape|[from] ability: Snow Warning|[of] p1a: Ninetales
|turn|11
|
|t:|1758349816
|move|p1a: Ninetales|Aurora Veil|p1a: Ninetales
|-sidestart|p1: TepigRocks|move: Aurora Veil
|move|p2a: Clefable|Moonblast|p1a: Ninetales
|-damage|p1a: Ninetales|70/100
|
|-weather|Snowscape|[upkeep]
|upkeep
|turn|12
|
|t:|1758349821
|switch|p1a: Ogerpon|Ogerpon-Wellspring, F|3/100
|move|p2a: Clefable|Moonblast|p1a: Ogerpon
|-damage|p1a: Ogerpon|0 fnt
|faint|p1a: Ogerpon
|
|-weather|Snowscape|[upkeep]
|upkeep
|
|t:|1758349825
|switch|p1a: Gholdengo|Gholdengo|100/100
|turn|13
|
|t:|1758349843
|switch|p2a: Toxicroak|Toxicroak, M|94/100
|move|p1a: Gholdengo|Nasty Plot|p1a: Gholdengo
|-boost|p1a: Gholdengo|spa|2
|
|-weather|Snowscape|[upkeep]
|upkeep
|turn|14
|
|t:|1758349851
|move|p2a: Toxicroak|Encore|p1a: Gholdengo
|-immune|p1a: Gholdengo|[from] ability: Good as Gold
|move|p1a: Gholdengo|Make It Rain|p2a: Toxicroak
|-damage|p2a: Toxicroak|0 fnt
|-unboost|p1a: Gholdengo|spa|1
|faint|p2a: Toxicroak
|
|-weather|Snowscape|[upkeep]
|upkeep
|
|t:|1758349863
|switch|p2a: Hydreigon|Hydreigon, M|100/100
|turn|15
|
|t:|1758349874
|move|p2a: Hydreigon|Nasty Plot|p2a: Hydreigon
|-boost|p2a: Hydreigon|spa|2
|move|p1a: Gholdengo|Nasty Plot|p1a: Gholdengo
|-boost|p1a: Gholdengo|spa|2
|
|-weather|none
|upkeep
|turn|16
|
|t:|1758349883
|-terastallize|p1a: Gholdengo|Fairy
|move|p2a: Hydreigon|Dark Pulse|p1a: Gholdengo
|-resisted|p1a: Gholdengo
|-damage|p1a: Gholdengo|77/100
|move|p1a: Gholdengo|Make It Rain|p2a: Hydreigon
|-damage|p2a: Hydreigon|0 fnt
|-unboost|p1a: Gholdengo|spa|1
|faint|p2a: Hydreigon
|
|upkeep
|inactive|frozenmoon77 has 120 seconds left.
|
|t:|1758349910
|switch|p2a: Meowscarada|Meowscarada, F|100/100
|turn|17
|
|t:|1758349917
|move|p2a: Meowscarada|U-turn|p1a: Gholdengo
|-start|p2a: Meowscarada|typechange|Bug|[from] ability: Protean
|-resisted|p1a: Gholdengo
|-damage|p1a: Gholdengo|71/100
|
|t:|1758349922
|switch|p2a: Iron Treads|Iron Treads|51/100|[from] U-turn
|move|p1a: Gholdengo|Make It Rain|p2a: Iron Treads
|-resisted|p2a: Iron Treads
|-damage|p2a: Iron Treads|8/100
|-unboost|p1a: Gholdengo|spa|1
|
|-heal|p2a: Iron Treads|14/100|[from] item: Leftovers
|upkeep
|turn|18
|
|t:|1758349935
|move|p2a: Iron Treads|Stealth Rock|p1a: Gholdengo
|-sidestart|p1: TepigRocks|move: Stealth Rock
|move|p1a: Gholdengo|Recover|p1a: Gholdengo
|-heal|p1a: Gholdengo|100/100
|
|-heal|p2a: Iron Treads|20/100|[from] item: Leftovers
|-sideend|p1: TepigRocks|move: Aurora Veil
|upkeep
|turn|19
|
|t:|1758349944
|move|p2a: Iron Treads|Earthquake|p1a: Gholdengo
|-damage|p1a: Gholdengo|74/100
|move|p1a: Gholdengo|Nasty Plot|p1a: Gholdengo
|-boost|p1a: Gholdengo|spa|2
|
|-heal|p2a: Iron Treads|26/100|[from] item: Leftovers
|upkeep
|turn|20
|
|t:|1758349950
|move|p2a: Iron Treads|Earthquake|p1a: Gholdengo
|-damage|p1a: Gholdengo|45/100
|move|p1a: Gholdengo|Recover|p1a: Gholdengo
|-heal|p1a: Gholdengo|95/100
|
|-heal|p2a: Iron Treads|32/100|[from] item: Leftovers
|upkeep
|turn|21
|
|t:|1758349957
|move|p2a: Iron Treads|Earthquake|p1a: Gholdengo
|-damage|p1a: Gholdengo|67/100
|move|p1a: Gholdengo|Shadow Ball|p2a: Iron Treads
|-damage|p2a: Iron Treads|0 fnt
|faint|p2a: Iron Treads
|-end|p2a: Iron Treads|Quark Drive|[silent]
|
|upkeep
|
|t:|1758349965
|switch|p2a: Dragapult|Dragapult, M|100/100
|turn|22
|
|t:|1758349968
|-terastallize|p2a: Dragapult|Ghost
|move|p2a: Dragapult|Tera Blast|p1a: Gholdengo|[anim] Tera Blast Ghost
|-damage|p1a: Gholdengo|14/100
|move|p1a: Gholdengo|Shadow Ball|p2a: Dragapult
|-supereffective|p2a: Dragapult
|-damage|p2a: Dragapult|0 fnt
|faint|p2a: Dragapult
|
|upkeep
|
|t:|1758349977
|switch|p2a: Meowscarada|Meowscarada, F|100/100
|turn|23
|
|t:|1758349982
|move|p2a: Meowscarada|Flower Trick|p1a: Gholdengo
|-start|p2a: Meowscarada|typechange|Grass|[from] ability: Protean
|-crit|p1a: Gholdengo
|-damage|p1a: Gholdengo|0 fnt
|faint|p1a: Gholdengo
|
|upkeep
|
|t:|1758350012
|switch|p1a: Ninetales|Ninetales-Alola, F|70/100
|-damage|p1a: Ninetales|46/100|[from] Stealth Rock
|-weather|Snowscape|[from] ability: Snow Warning|[of] p1a: Ninetales
|turn|24
|
|t:|1758350017
|move|p2a: Meowscarada|Flower Trick|p1a: Ninetales
|-crit|p1a: Ninetales
|-damage|p1a: Ninetales|4/100
|move|p1a: Ninetales|Aurora Veil|p1a: Ninetales
|-sidestart|p1: TepigRocks|move: Aurora Veil
|
|-weather|Snowscape|[upkeep]
|upkeep
|turn|25
|
|t:|1758350023
|move|p2a: Meowscarada|Flower Trick|p1a: Ninetales
|-crit|p1a: Ninetales
|-damage|p1a: Ninetales|0 fnt
|faint|p1a: Ninetales
|
|-weather|Snowscape|[upkeep]
|upkeep
|
|t:|1758350028
|switch|p1a: Darkrai|Darkrai|100/100
|-damage|p1a: Darkrai|88/100|[from] Stealth Rock
|turn|26
|
|t:|1758350032
|move|p1a: Darkrai|Sludge Bomb|p2a: Meowscarada
|-supereffective|p2a: Meowscarada
|-damage|p2a: Meowscarada|0 fnt
|faint|p2a: Meowscarada
|
|-weather|Snowscape|[upkeep]
|upkeep
|
|t:|1758350037
|switch|p2a: Clefable|Clefable, F|61/100
|turn|27
|
|t:|1758350041
|move|p1a: Darkrai|Sludge Bomb|p2a: Clefable
|-supereffective|p2a: Clefable
|-damage|p2a: Clefable|5/100
|move|p2a: Clefable|Thunder Wave|p1a: Darkrai
|-status|p1a: Darkrai|par
|
|-weather|Snowscape|[upkeep]
|upkeep
|turn|28
|
|t:|1758350048
|move|p1a: Darkrai|Sludge Bomb|p2a: Clefable
|-supereffective|p2a: Clefable
|-damage|p2a: Clefable|0 fnt
|faint|p2a: Clefable
|
|win|TepigRocks
|raw|TepigRocks's rating: 1501 &rarr; <strong>1522</strong><br />(+21 for winning)
|raw|frozenmoon77's rating: 1526 &rarr; <strong>1505</strong><br />(-21 for losing)
|c|☆frozenmoon77|gg
|l|☆TepigRocks
|player|p1|
|l|☆frozenmoon77
|player|p2|
