|j|☆Punta.7
|j|☆Yajityyy
|t:|1758344148
|gametype|singles
|player|p1|Punta.7|266|1315
|player|p2|Yajityyy|burglar|1286
|gen|9
|tier|[Gen 9] OU
|rated|
|rule|HP Percentage Mod: HP is shown in percentages
|rule|Endless Battle Clause: Forcing endless battles is banned
|rule|Species Clause: Limit one of each Pokémon
|rule|OHKO Clause: OHKO moves are banned
|rule|Evasion Items Clause: Evasion items are banned
|rule|Evasion Moves Clause: Evasion moves are banned
|rule|Evasion Abilities Clause: Evasion abilities are banned
|rule|Sleep Moves Clause: Sleep-inducing moves are banned
|clearpoke
|poke|p1|Okidogi, M|
|poke|p1|Quaquaval, M|
|poke|p1|Ting-Lu|
|poke|p1|Gholdengo|
|poke|p1|Hatterene, F|
|poke|p1|Kyurem|
|poke|p2|Araquanid, F|
|poke|p2|Manaphy|
|poke|p2|Gholdengo|
|poke|p2|Great Tusk|
|poke|p2|Weavile, F|
|poke|p2|Ogerpon-Wellspring, F|
|teampreview
|inactive|Battle timer is ON: inactive players will automatically lose when time's up. (requested by Yajityyy)
|
|t:|1758344162
|teamsize|p1|6
|teamsize|p2|6
|start
|switch|p1a: Kyurem|Kyurem|100/100
|switch|p2a: Araquanid|Araquanid, F|100/100
|-ability|p1a: Kyurem|Pressure
|turn|1
|
|t:|1758344174
|switch|p1a: Hatterene|Hatterene, F|100/100
|move|p2a: Araquanid|Sticky Web|p1a: Hatterene
|move|p1a: Hatterene|Sticky Web|p2a: Araquanid|[from] ability: Magic Bounce
|-sidestart|p2: Yajityyy|move: Sticky Web
|
|upkeep
|turn|2
|
|t:|1758344180
|move|p2a: Araquanid|Surf|p1a: Hatterene
|-damage|p1a: Hatterene|66/100
|move|p1a: Hatterene|Psyshock|p2a: Araquanid
|-damage|p2a: Araquanid|57/100
|
|upkeep
|turn|3
|
|t:|1758344190
|switch|p2a: Gholdengo|Gholdengo|100/100
|-item|p2a: Gholdengo|Air Balloon
|move|p1a: Hatterene|Draining Kiss|p2a: Gholdengo
|-resisted|p2a: Gholdengo
|-damage|p2a: Gholdengo|85/100
|-heal|p1a: Hatterene|77/100|[from] drain|[of] p2a: Gholdengo
|-enditem|p2a: Gholdengo|Air Balloon
|
|upkeep
|turn|4
|
|t:|1758344200
|switch|p1a: Ting-Lu|Ting-Lu|100/100
|-ability|p1a: Ting-Lu|Vessel of Ruin
|move|p2a: Gholdengo|Nasty Plot|p2a: Gholdengo
|-boost|p2a: Gholdengo|spa|2
|
|upkeep
|turn|5
|
|t:|1758344220
|switch|p2a: Great Tusk|Great Tusk|100/100
|-activate|p2a: Great Tusk|move: Sticky Web
|-unboost|p2a: Great Tusk|spe|1
|-enditem|p2a: Great Tusk|Booster Energy
|-activate|p2a: Great Tusk|ability: Protosynthesis|[fromitem]
|-start|p2a: Great Tusk|protosynthesisatk
|move|p1a: Ting-Lu|Stealth Rock|p2a: Great Tusk
|-sidestart|p2: Yajityyy|move: Stealth Rock
|
|upkeep
|turn|6
|
|t:|1758344233
|switch|p1a: Gholdengo|Gholdengo|100/100
|move|p2a: Great Tusk|Headlong Rush|p1a: Gholdengo
|-supereffective|p1a: Gholdengo
|-damage|p1a: Gholdengo|0 fnt
|-unboost|p2a: Great Tusk|def|1
|-unboost|p2a: Great Tusk|spd|1
|faint|p1a: Gholdengo
|
|upkeep
|
|t:|1758344247
|switch|p1a: Kyurem|Kyurem|100/100
|-ability|p1a: Kyurem|Pressure
|turn|7
|
|t:|1758344268
|-end|p2a: Great Tusk|Protosynthesis|[silent]
|switch|p2a: Araquanid|Araquanid, F|57/100
|-activate|p2a: Araquanid|move: Sticky Web
|-unboost|p2a: Araquanid|spe|1
|-damage|p2a: Araquanid|32/100|[from] Stealth Rock
|move|p1a: Kyurem|Ice Beam|p2a: Araquanid
|-resisted|p2a: Araquanid
|-damage|p2a: Araquanid|3/100
|
|upkeep
|turn|8
|-enditem|p2a: Araquanid|Custap Berry|[eat]
|-activate|p2a: Araquanid|item: Custap Berry|[consumed]
|
|t:|1758344277
|switch|p1a: Hatterene|Hatterene, F|77/100
|move|p2a: Araquanid|Sticky Web|p1a: Hatterene
|move|p1a: Hatterene|Sticky Web||[from] ability: Magic Bounce|[still]
|-fail|p1a: Hatterene
|
|upkeep
|turn|9
|
|t:|1758344286
|move|p1a: Hatterene|Draining Kiss|p2a: Araquanid
|-damage|p2a: Araquanid|0 fnt
|-heal|p1a: Hatterene|79/100|[from] drain|[of] p2a: Araquanid
|faint|p2a: Araquanid
|
|upkeep
|
|t:|1758344308
|switch|p2a: Gholdengo|Gholdengo|85/100
|-activate|p2a: Gholdengo|move: Sticky Web
|-unboost|p2a: Gholdengo|spe|1
|-damage|p2a: Gholdengo|79/100|[from] Stealth Rock
|turn|10
|
|t:|1758344322
|switch|p1a: Ting-Lu|Ting-Lu|100/100
|-ability|p1a: Ting-Lu|Vessel of Ruin
|move|p2a: Gholdengo|Make It Rain|p1a: Ting-Lu
|-damage|p1a: Ting-Lu|65/100
|-unboost|p2a: Gholdengo|spa|1
|
|-heal|p1a: Ting-Lu|71/100|[from] item: Leftovers
|upkeep
|turn|11
|
|t:|1758344334
|switch|p2a: Great Tusk|Great Tusk|100/100
|-activate|p2a: Great Tusk|move: Sticky Web
|-unboost|p2a: Great Tusk|spe|1
|-damage|p2a: Great Tusk|98/100|[from] Stealth Rock
|move|p1a: Ting-Lu|Spikes|p2a: Great Tusk
|-sidestart|p2: Yajityyy|Spikes
|
|-heal|p1a: Ting-Lu|77/100|[from] item: Leftovers
|upkeep
|turn|12
|
|t:|1758344355
|switch|p1a: Kyurem|Kyurem|100/100
|-ability|p1a: Kyurem|Pressure
|move|p2a: Great Tusk|Rapid Spin|p1a: Kyurem
|-damage|p1a: Kyurem|87/100
|-boost|p2a: Great Tusk|spe|1
|-sideend|p2: Yajityyy|Spikes|[from] move: Rapid Spin|[of] p2a: Great Tusk
|-sideend|p2: Yajityyy|Stealth Rock|[from] move: Rapid Spin|[of] p2a: Great Tusk
|-sideend|p2: Yajityyy|Sticky Web|[from] move: Rapid Spin|[of] p2a: Great Tusk
|
|upkeep
|turn|13
|inactive|Punta.7 has 120 seconds left.
|inactive|Yajityyy has 120 seconds left.
|
|t:|1758344388
|-end|p2a: Great Tusk|Protosynthesis|[silent]
|switch|p2a: Manaphy|Manaphy|100/100
|-terastallize|p1a: Kyurem|Ground
|move|p1a: Kyurem|Earth Power|p2a: Manaphy
|-damage|p2a: Manaphy|33/100
|
|-heal|p2a: Manaphy|39/100|[from] item: Leftovers
|upkeep
|turn|14
|inactive|Punta.7 has 120 seconds left.
|
|t:|1758344404
|move|p2a: Manaphy|Surf|p1a: Kyurem
|-supereffective|p1a: Kyurem
|-damage|p1a: Kyurem|9/100
|move|p1a: Kyurem|Earth Power|p2a: Manaphy
|-damage|p2a: Manaphy|0 fnt
|faint|p2a: Manaphy
|
|upkeep
|
|t:|1758344411
|switch|p2a: Weavile|Weavile, F|100/100
|turn|15
|inactive|Punta.7 has 120 seconds left.
|
|t:|1758344433
|switch|p1a: Okidogi|Okidogi, M|100/100
|move|p2a: Weavile|Knock Off|p1a: Okidogi
|-resisted|p1a: Okidogi
|-damage|p1a: Okidogi|74/100
|-enditem|p1a: Okidogi|Leftovers|[from] move: Knock Off|[of] p2a: Weavile
|
|upkeep
|turn|16
|inactive|Punta.7 has 120 seconds left.
|inactive|Yajityyy has 90 seconds left.
|inactive|Yajityyy has 60 seconds left.
|
|t:|1758344493
|switch|p2a: Great Tusk|Great Tusk|98/100
|switch|p1a: Quaquaval|Quaquaval, M|100/100
|
|upkeep
|turn|17
|inactive|Yajityyy has 60 seconds left.
|
|t:|1758344511
|-end|p2a: Great Tusk|Protosynthesis|[silent]
|switch|p2a: Ogerpon|Ogerpon-Wellspring, F|100/100
|move|p1a: Quaquaval|Flip Turn|p2a: Ogerpon
|-immune|p2a: Ogerpon|[from] ability: Water Absorb
|
|upkeep
|turn|18
|
|t:|1758344535
|switch|p1a: Okidogi|Okidogi, M|74/100
|move|p2a: Ogerpon|Swords Dance|p2a: Ogerpon
|-boost|p2a: Ogerpon|atk|2
|
|upkeep
|turn|19
|inactive|Yajityyy has 60 seconds left.
|
|t:|1758344555
|-terastallize|p2a: Ogerpon|Water
|detailschange|p2a: Ogerpon|Ogerpon-Wellspring-Tera, F, tera:Water
|-ability|p2a: Ogerpon|Embody Aspect (Wellspring)|boost
|-boost|p2a: Ogerpon|spd|1
|move|p2a: Ogerpon|Ivy Cudgel|p1a: Okidogi|[anim] Ivy Cudgel Water
|-damage|p1a: Okidogi|0 fnt
|faint|p1a: Okidogi
|
|upkeep
|
|t:|1758344570
|switch|p1a: Quaquaval|Quaquaval, M|100/100
|turn|20
|
|t:|1758344580
|move|p2a: Ogerpon|Power Whip|p1a: Quaquaval
|-supereffective|p1a: Quaquaval
|-damage|p1a: Quaquaval|0 fnt
|faint|p1a: Quaquaval
|
|upkeep
|-message|Punta.7 forfeited.
|
|win|Yajityyy
|raw|Punta.7's rating: 1315 &rarr; <strong>1293</strong><br />(-22 for losing)
|raw|Yajityyy's rating: 1286 &rarr; <strong>1313</strong><br />(+27 for winning)
|l|☆Punta.7
|player|p1|
|l|☆Yajityyy
|player|p2|
