|j|☆SpectralStorm
|j|☆LogicaVietii
|t:|1758377977
|gametype|singles
|player|p1|SpectralStorm|101|1527
|player|p2|LogicaVietii|alder|1619
|gen|9
|tier|[Gen 9] OU
|rated|
|rule|HP Percentage Mod: HP is shown in percentages
|rule|Endless Battle Clause: Forcing endless battles is banned
|rule|Species Clause: Limit one of each Pokémon
|rule|OHKO Clause: OHKO moves are banned
|rule|Evasion Items Clause: Evasion items are banned
|rule|Evasion Moves Clause: Evasion moves are banned
|rule|Evasion Abilities Clause: Evasion abilities are banned
|rule|Sleep Moves Clause: Sleep-inducing moves are banned
|clearpoke
|poke|p1|Bellibolt, F|
|poke|p1|Basculegion, M|
|poke|p1|Dragonite, F|
|poke|p1|Iron Treads|
|poke|p1|Barraskewda, F|
|poke|p1|Pelipper, F|
|poke|p2|Latios, M|
|poke|p2|Dragonite, M|
|poke|p2|Great Tusk|
|poke|p2|Weezing-Galar, M|
|poke|p2|Gholdengo|
|poke|p2|Alomomola, M|
|teampreview
|inactive|Battle timer is ON: inactive players will automatically lose when time's up. (requested by LogicaVietii)
|
|t:|1758377994
|teamsize|p1|6
|teamsize|p2|6
|start
|switch|p1a: Bellibolt|Bellibolt, F|100/100
|switch|p2a: Latios|Latios, M|100/100
|turn|1
|
|t:|1758378011
|-terastallize|p1a: Bellibolt|Fairy
|move|p2a: Latios|Calm Mind|p2a: Latios
|-boost|p2a: Latios|spa|1
|-boost|p2a: Latios|spd|1
|move|p1a: Bellibolt|Tera Blast|p2a: Latios|[anim] Tera Blast Fairy
|-supereffective|p2a: Latios
|-damage|p2a: Latios|45/100
|
|upkeep
|turn|2
|
|t:|1758378017
|-terastallize|p2a: Latios|Steel
|move|p2a: Latios|Recover|p2a: Latios
|-heal|p2a: Latios|95/100
|move|p1a: Bellibolt|Volt Switch|p2a: Latios
|-damage|p2a: Latios|70/100
|
|t:|1758378024
|switch|p1a: Barraskewda|Barraskewda, F|100/100|[from] Volt Switch
|
|upkeep
|turn|3
|
|t:|1758378030
|switch|p2a: Gholdengo|Gholdengo|100/100
|move|p1a: Barraskewda|Close Combat|p2a: Gholdengo
|-immune|p2a: Gholdengo
|
|upkeep
|turn|4
|
|t:|1758378034
|switch|p1a: Iron Treads|Iron Treads|100/100
|move|p2a: Gholdengo|Shadow Ball|p1a: Iron Treads
|-damage|p1a: Iron Treads|48/100
|-unboost|p1a: Iron Treads|spd|1
|-enditem|p1a: Iron Treads|Eject Button
|
|t:|1758378035
|-end|p1a: Iron Treads|Quark Drive|[silent]
|switch|p1a: Pelipper|Pelipper, F|100/100
|-weather|RainDance|[from] ability: Drizzle|[of] p1a: Pelipper
|
|-weather|RainDance|[upkeep]
|upkeep
|turn|5
|
|t:|1758378039
|move|p2a: Gholdengo|Shadow Ball|p1a: Pelipper
|-damage|p1a: Pelipper|39/100
|move|p1a: Pelipper|U-turn|p2a: Gholdengo
|-resisted|p2a: Gholdengo
|-damage|p2a: Gholdengo|98/100
|
|t:|1758378043
|switch|p1a: Barraskewda|Barraskewda, F|100/100|[from] U-turn
|
|-weather|RainDance|[upkeep]
|upkeep
|turn|6
|
|t:|1758378047
|switch|p2a: Alomomola|Alomomola, M|100/100
|move|p1a: Barraskewda|Flip Turn|p2a: Alomomola
|-resisted|p2a: Alomomola
|-damage|p2a: Alomomola|73/100
|
|t:|1758378049
|switch|p1a: Bellibolt|Bellibolt, F, tera:Fairy|100/100|[from] Flip Turn
|
|-weather|RainDance|[upkeep]
|upkeep
|turn|7
|
|t:|1758378052
|switch|p2a: Great Tusk|Great Tusk|100/100
|move|p1a: Bellibolt|Thunder|p2a: Great Tusk
|-immune|p2a: Great Tusk
|
|-weather|RainDance|[upkeep]
|upkeep
|turn|8
|
|t:|1758378059
|-end|p2a: Great Tusk|Protosynthesis|[silent]
|switch|p2a: Latios|Latios, M, tera:Steel|70/100
|move|p1a: Bellibolt|Weather Ball|p2a: Latios
|-damage|p2a: Latios|21/100
|
|-weather|RainDance|[upkeep]
|upkeep
|turn|9
|
|t:|1758378062
|move|p2a: Latios|Recover|p2a: Latios
|-heal|p2a: Latios|71/100
|move|p1a: Bellibolt|Thunder|p2a: Latios
|-damage|p2a: Latios|17/100
|-status|p2a: Latios|par
|
|-weather|RainDance|[upkeep]
|upkeep
|turn|10
|
|t:|1758378066
|cant|p2a: Latios|par
|move|p1a: Bellibolt|Weather Ball|p2a: Latios
|-damage|p2a: Latios|0 fnt
|faint|p2a: Latios
|
|-weather|RainDance|[upkeep]
|upkeep
|
|t:|1758378069
|switch|p2a: Gholdengo|Gholdengo|98/100
|turn|11
|
|t:|1758378077
|switch|p1a: Iron Treads|Iron Treads|48/100
|move|p2a: Gholdengo|Make It Rain|p1a: Iron Treads
|-resisted|p1a: Iron Treads
|-damage|p1a: Iron Treads|12/100
|-unboost|p2a: Gholdengo|spa|1
|
|-weather|none
|upkeep
|turn|12
|
|t:|1758378084
|move|p2a: Gholdengo|Make It Rain|p1a: Iron Treads
|-resisted|p1a: Iron Treads
|-damage|p1a: Iron Treads|0 fnt
|-unboost|p2a: Gholdengo|spa|1
|faint|p1a: Iron Treads
|-end|p1a: Iron Treads|Quark Drive|[silent]
|
|upkeep
|
|t:|1758378086
|switch|p1a: Barraskewda|Barraskewda, F|100/100
|turn|13
|
|t:|1758378089
|switch|p2a: Alomomola|Alomomola, M|100/100
|move|p1a: Barraskewda|Flip Turn|p2a: Alomomola
|-resisted|p2a: Alomomola
|-damage|p2a: Alomomola|83/100
|
|t:|1758378091
|switch|p1a: Bellibolt|Bellibolt, F, tera:Fairy|100/100|[from] Flip Turn
|
|upkeep
|turn|14
|
|t:|1758378094
|move|p1a: Bellibolt|Tera Blast|p2a: Alomomola|[anim] Tera Blast Fairy
|-damage|p2a: Alomomola|63/100
|move|p2a: Alomomola|Mirror Coat|p1a: Bellibolt
|-damage|p1a: Bellibolt|50/100
|-start|p1a: Bellibolt|Charge|Mirror Coat|[from] ability: Electromorphosis
|
|upkeep
|turn|15
|
|t:|1758378099
|switch|p2a: Great Tusk|Great Tusk|100/100
|move|p1a: Bellibolt|Tera Blast|p2a: Great Tusk|[anim] Tera Blast Fairy
|-supereffective|p2a: Great Tusk
|-damage|p2a: Great Tusk|0 fnt
|faint|p2a: Great Tusk
|-end|p2a: Great Tusk|Protosynthesis|[silent]
|
|upkeep
|
|t:|1758378102
|switch|p2a: Gholdengo|Gholdengo|98/100
|turn|16
|
|t:|1758378106
|switch|p1a: Pelipper|Pelipper, F|39/100
|-weather|RainDance|[from] ability: Drizzle|[of] p1a: Pelipper
|move|p2a: Gholdengo|Make It Rain|p1a: Pelipper
|-resisted|p1a: Pelipper
|-damage|p1a: Pelipper|0 fnt
|-unboost|p2a: Gholdengo|spa|1
|faint|p1a: Pelipper
|
|-weather|RainDance|[upkeep]
|upkeep
|
|t:|1758378108
|switch|p1a: Basculegion|Basculegion, M|100/100
|turn|17
|
|t:|1758378111
|switch|p2a: Alomomola|Alomomola, M|96/100
|move|p1a: Basculegion|Flip Turn|p2a: Alomomola
|-resisted|p2a: Alomomola
|-damage|p2a: Alomomola|57/100
|
|t:|1758378114
|switch|p1a: Bellibolt|Bellibolt, F, tera:Fairy|50/100|[from] Flip Turn
|
|-weather|RainDance|[upkeep]
|upkeep
|turn|18
|
|t:|1758378118
|switch|p2a: Weezing|Weezing-Galar, M|100/100
|-ability|p2a: Weezing|Neutralizing Gas
|move|p1a: Bellibolt|Thunder|p2a: Weezing
|-damage|p2a: Weezing|33/100
|
|-weather|RainDance|[upkeep]
|upkeep
|turn|19
|
|t:|1758378122
|move|p2a: Weezing|Sludge Bomb|p1a: Bellibolt
|-supereffective|p1a: Bellibolt
|-damage|p1a: Bellibolt|15/100
|move|p1a: Bellibolt|Volt Switch|p2a: Weezing
|-damage|p2a: Weezing|0 fnt
|faint|p2a: Weezing
|-end|p2a: Weezing|ability: Neutralizing Gas
|
|t:|1758378126
|switch|p1a: Dragonite|Dragonite, F|100/100|[from] Volt Switch
|
|-weather|RainDance|[upkeep]
|upkeep
|
|t:|1758378132
|switch|p2a: Dragonite|Dragonite, M|100/100
|turn|20
|
|t:|1758378134
|move|p1a: Dragonite|Draco Meteor|p2a: Dragonite
|-supereffective|p2a: Dragonite
|-damage|p2a: Dragonite|46/100
|-unboost|p1a: Dragonite|spa|2
|-enditem|p1a: Dragonite|Eject Pack
|
|t:|1758378142
|switch|p1a: Barraskewda|Barraskewda, F|100/100
|move|p2a: Dragonite|Dragon Tail|p1a: Barraskewda
|-damage|p1a: Barraskewda|35/100
|drag|p1a: Basculegion|Basculegion, M|100/100
|
|-weather|RainDance|[upkeep]
|upkeep
|turn|21
|
|t:|1758378148
|move|p1a: Basculegion|Flip Turn|p2a: Dragonite
|-resisted|p2a: Dragonite
|-crit|p2a: Dragonite
|-damage|p2a: Dragonite|0 fnt
|faint|p2a: Dragonite
|
|t:|1758378154
|switch|p1a: Dragonite|Dragonite, F|100/100|[from] Flip Turn
|
|-weather|RainDance|[upkeep]
|upkeep
|
|t:|1758378157
|switch|p2a: Alomomola|Alomomola, M|91/100
|turn|22
|
|t:|1758378161
|move|p1a: Dragonite|Hurricane|p2a: Alomomola
|-damage|p2a: Alomomola|65/100
|-start|p2a: Alomomola|confusion
|-activate|p2a: Alomomola|confusion
|-damage|p2a: Alomomola|59/100|[from] confusion
|
|-weather|RainDance|[upkeep]
|upkeep
|turn|23
|
|t:|1758378169
|move|p1a: Dragonite|Hurricane|p2a: Alomomola
|-damage|p2a: Alomomola|35/100
|-activate|p2a: Alomomola|confusion
|move|p2a: Alomomola|Mirror Coat|p1a: Dragonite
|-damage|p1a: Dragonite|18/100
|
|-weather|none
|upkeep
|turn|24
|
|t:|1758378176
|switch|p2a: Gholdengo|Gholdengo|98/100
|move|p1a: Dragonite|Draco Meteor|p2a: Gholdengo|[miss]
|-miss|p1a: Dragonite|p2a: Gholdengo
|
|upkeep
|turn|25
|
|t:|1758378182
|move|p2a: Gholdengo|Shadow Ball|p1a: Dragonite
|-damage|p1a: Dragonite|0 fnt
|faint|p1a: Dragonite
|
|upkeep
|
|t:|1758378197
|switch|p1a: Barraskewda|Barraskewda, F|35/100
|turn|26
|
|t:|1758378201
|move|p1a: Barraskewda|Aqua Jet|p2a: Gholdengo
|-damage|p2a: Gholdengo|63/100
|move|p2a: Gholdengo|Shadow Ball|p1a: Barraskewda
|-damage|p1a: Barraskewda|0 fnt
|faint|p1a: Barraskewda
|
|upkeep
|
|t:|1758378205
|switch|p1a: Basculegion|Basculegion, M|100/100
|turn|27
|
|t:|1758378208
|move|p1a: Basculegion|Aqua Jet|p2a: Gholdengo
|-crit|p2a: Gholdengo
|-damage|p2a: Gholdengo|0 fnt
|faint|p2a: Gholdengo
|
|upkeep
|c|☆LogicaVietii|and crit
|
|t:|1758378217
|switch|p2a: Alomomola|Alomomola, M|68/100
|turn|28
|
|t:|1758378222
|move|p1a: Basculegion|Aqua Jet|p2a: Alomomola
|-resisted|p2a: Alomomola
|-damage|p2a: Alomomola|53/100
|move|p2a: Alomomola|Scald|p1a: Basculegion
|-resisted|p1a: Basculegion
|-damage|p1a: Basculegion|93/100
|
|upkeep
|turn|29
|
|t:|1758378227
|move|p1a: Basculegion|Aqua Jet|p2a: Alomomola
|-resisted|p2a: Alomomola
|-damage|p2a: Alomomola|38/100
|move|p2a: Alomomola|Scald|p1a: Basculegion
|-resisted|p1a: Basculegion
|-damage|p1a: Basculegion|85/100
|
|upkeep
|turn|30
|
|t:|1758378231
|move|p1a: Basculegion|Aqua Jet|p2a: Alomomola
|-resisted|p2a: Alomomola
|-damage|p2a: Alomomola|23/100
|move|p2a: Alomomola|Scald|p1a: Basculegion
|-resisted|p1a: Basculegion
|-damage|p1a: Basculegion|77/100
|
|upkeep
|turn|31
|-message|LogicaVietii forfeited.
|
|win|SpectralStorm
|raw|SpectralStorm's rating: 1527 &rarr; <strong>1552</strong><br />(+25 for winning)
|raw|LogicaVietii's rating: 1619 &rarr; <strong>1594</strong><br />(-25 for losing)
|l|☆LogicaVietii
|player|p2|
|l|☆SpectralStorm
|player|p1|
