|j|☆khwaesh
|j|☆Markuss205
|t:|1758347013
|gametype|singles
|player|p1|khwaesh|266|1124
|player|p2|Markuss205|volkner|1169
|gen|9
|tier|[Gen 9] OU
|rated|
|rule|HP Percentage Mod: HP is shown in percentages
|rule|Endless Battle Clause: Forcing endless battles is banned
|rule|Species Clause: Limit one of each Pokémon
|rule|OHKO Clause: OHKO moves are banned
|rule|Evasion Items Clause: Evasion items are banned
|rule|Evasion Moves Clause: Evasion moves are banned
|rule|Evasion Abilities Clause: Evasion abilities are banned
|rule|Sleep Moves Clause: Sleep-inducing moves are banned
|clearpoke
|poke|p1|Greninja-*, M|
|poke|p1|Dragapult, F|
|poke|p1|Hoopa-Unbound|
|poke|p1|Tinkaton, F|
|poke|p1|Volcanion|
|poke|p1|Garchomp, M|
|poke|p2|Infernape, M|
|poke|p2|Empoleon, M|
|poke|p2|Torterra, M|
|poke|p2|Staraptor, M|
|poke|p2|Weavile, M|
|poke|p2|Garchomp, M|
|teampreview
|
|t:|1758347031
|teamsize|p1|6
|teamsize|p2|6
|start
|switch|p1a: Garchomp|Garchomp, M, shiny|100/100
|switch|p2a: Torterra|Torterra, M|100/100
|turn|1
|inactive|Battle timer is ON: inactive players will automatically lose when time's up. (requested by khwaesh)
|
|t:|1758347040
|move|p1a: Garchomp|Stealth Rock|p2a: Torterra
|-sidestart|p2: Markuss205|move: Stealth Rock
|move|p2a: Torterra|Shell Smash|p2a: Torterra
|-unboost|p2a: Torterra|def|1
|-unboost|p2a: Torterra|spd|1
|-boost|p2a: Torterra|atk|2
|-boost|p2a: Torterra|spa|2
|-boost|p2a: Torterra|spe|2
|-enditem|p2a: Torterra|White Herb
|-clearnegativeboost|p2a: Torterra|[silent]
|
|upkeep
|turn|2
|
|t:|1758347050
|move|p2a: Torterra|Earthquake|p1a: Garchomp
|-damage|p1a: Garchomp|10/100
|move|p1a: Garchomp|Spikes|p2a: Torterra
|-sidestart|p2: Markuss205|Spikes
|
|upkeep
|turn|3
|
|t:|1758347056
|move|p2a: Torterra|Shell Smash|p2a: Torterra
|-unboost|p2a: Torterra|def|1
|-unboost|p2a: Torterra|spd|1
|-boost|p2a: Torterra|atk|2
|-boost|p2a: Torterra|spa|2
|-boost|p2a: Torterra|spe|2
|move|p1a: Garchomp|Earthquake|p2a: Torterra
|-resisted|p2a: Torterra
|-damage|p2a: Torterra|65/100
|
|upkeep
|turn|4
|
|t:|1758347066
|move|p2a: Torterra|Earthquake|p1a: Garchomp
|-damage|p1a: Garchomp|0 fnt
|faint|p1a: Garchomp
|
|upkeep
|
|t:|1758347075
|switch|p1a: Volcanion|Volcanion|100/100
|turn|5
|
|t:|1758347083
|move|p2a: Torterra|Rock Blast|p1a: Volcanion
|-supereffective|p1a: Volcanion
|-damage|p1a: Volcanion|56/100
|-supereffective|p1a: Volcanion
|-damage|p1a: Volcanion|10/100
|-supereffective|p1a: Volcanion
|-damage|p1a: Volcanion|0 fnt
|faint|p1a: Volcanion
|-hitcount|p1: Volcanion|3
|
|upkeep
|
|t:|1758347091
|switch|p1a: Greninja|Greninja, M|100/100
|turn|6
|
|t:|1758347099
|-terastallize|p2a: Torterra|Water
|move|p1a: Greninja|Water Shuriken|p2a: Torterra
|-resisted|p2a: Torterra
|-damage|p2a: Torterra|59/100
|-resisted|p2a: Torterra
|-damage|p2a: Torterra|54/100
|-resisted|p2a: Torterra
|-damage|p2a: Torterra|48/100
|-resisted|p2a: Torterra
|-damage|p2a: Torterra|42/100
|-resisted|p2a: Torterra
|-damage|p2a: Torterra|37/100
|-hitcount|p2a: Torterra|5
|move|p2a: Torterra|Rock Blast|p1a: Greninja
|-damage|p1a: Greninja|66/100
|-damage|p1a: Greninja|29/100
|-hitcount|p1a: Greninja|2
|
|upkeep
|turn|7
|
|t:|1758347118
|switch|p1a: Tinkaton|Tinkaton, F, shiny|100/100
|-ability|p1a: Tinkaton|Mold Breaker
|move|p2a: Torterra|Rock Blast|p1a: Tinkaton
|-resisted|p1a: Tinkaton
|-damage|p1a: Tinkaton|84/100
|-resisted|p1a: Tinkaton
|-damage|p1a: Tinkaton|67/100
|-resisted|p1a: Tinkaton
|-damage|p1a: Tinkaton|51/100
|-hitcount|p1a: Tinkaton|3
|
|-heal|p1a: Tinkaton|57/100|[from] item: Leftovers
|upkeep
|turn|8
|
|t:|1758347138
|-terastallize|p1a: Tinkaton|Fairy
|move|p2a: Torterra|Earthquake|p1a: Tinkaton
|-damage|p1a: Tinkaton|0 fnt
|faint|p1a: Tinkaton
|
|upkeep
|
|t:|1758347144
|switch|p1a: Hoopa|Hoopa-Unbound|100/100
|turn|9
|
|t:|1758347167
|move|p2a: Torterra|Earthquake|p1a: Hoopa
|-damage|p1a: Hoopa|0 fnt
|faint|p1a: Hoopa
|
|upkeep
|
|t:|1758347172
|switch|p1a: Dragapult|Dragapult, F, shiny|100/100
|turn|10
|
|t:|1758347179
|move|p2a: Torterra|Earthquake|p1a: Dragapult
|-damage|p1a: Dragapult|0 fnt
|faint|p1a: Dragapult
|
|upkeep
|
|t:|1758347184
|switch|p1a: Greninja|Greninja, M|29/100
|turn|11
|
|t:|1758347188
|move|p1a: Greninja|Water Shuriken|p2a: Torterra
|-resisted|p2a: Torterra
|-damage|p2a: Torterra|31/100
|-resisted|p2a: Torterra
|-damage|p2a: Torterra|25/100
|-resisted|p2a: Torterra
|-damage|p2a: Torterra|19/100
|-resisted|p2a: Torterra
|-damage|p2a: Torterra|12/100
|-hitcount|p2a: Torterra|4
|move|p2a: Torterra|Wood Hammer|p1a: Greninja
|-supereffective|p1a: Greninja
|-damage|p1a: Greninja|0 fnt
|faint|p1a: Greninja
|-damage|p2a: Torterra|4/100|[from] Recoil
|
|win|Markuss205
|raw|khwaesh's rating: 1124 &rarr; <strong>1102</strong><br />(-22 for losing)
|raw|Markuss205's rating: 1169 &rarr; <strong>1191</strong><br />(+22 for winning)
|l|☆khwaesh
|player|p1|
|l|☆Markuss205
|player|p2|
