|j|☆benjikong14
|j|☆Sleo2123
|t:|1758364301
|gametype|singles
|player|p1|benjikong14|dancer|1225
|player|p2|Sleo2123|169|1245
|gen|9
|tier|[Gen 9] OU
|rated|
|rule|HP Percentage Mod: HP is shown in percentages
|rule|Endless Battle Clause: Forcing endless battles is banned
|rule|Species Clause: Limit one of each Pokémon
|rule|OHKO Clause: OHKO moves are banned
|rule|Evasion Items Clause: Evasion items are banned
|rule|Evasion Moves Clause: Evasion moves are banned
|rule|Evasion Abilities Clause: Evasion abilities are banned
|rule|Sleep Moves Clause: Sleep-inducing moves are banned
|clearpoke
|poke|p1|Clefable, F|
|poke|p1|Hawlucha, F|
|poke|p1|Maushold|
|poke|p1|Piloswine, M|
|poke|p1|Chandelure, M|
|poke|p1|Rotom-Wash|
|poke|p2|Zapdos|
|poke|p2|Scizor, F|
|poke|p2|Ogerpon-Wellspring, F|
|poke|p2|Samurott-Hisui, M|
|poke|p2|Great Tusk|
|poke|p2|Dragonite, F|
|teampreview
|inactive|Battle timer is ON: inactive players will automatically lose when time's up. (requested by benjikong14)
|
|t:|1758364314
|teamsize|p1|6
|teamsize|p2|6
|start
|switch|p1a: Piloswine|Piloswine, M|100/100
|switch|p2a: Samurott|Samurott-Hisui, M|100/100
|turn|1
|
|t:|1758364321
|move|p2a: Samurott|Ceaseless Edge|p1a: Piloswine
|-damage|p1a: Piloswine|62/100
|-sidestart|p1: benjikong14|Spikes
|-damage|p2a: Samurott|91/100|[from] item: Life Orb
|move|p1a: Piloswine|Stealth Rock|p2a: Samurott
|-sidestart|p2: Sleo2123|move: Stealth Rock
|
|upkeep
|turn|2
|
|t:|1758364335
|move|p2a: Samurott|Ceaseless Edge|p1a: Piloswine
|-damage|p1a: Piloswine|23/100
|-sidestart|p1: benjikong14|Spikes
|-damage|p2a: Samurott|81/100|[from] item: Life Orb
|move|p1a: Piloswine|High Horsepower|p2a: Samurott
|-damage|p2a: Samurott|33/100
|
|upkeep
|turn|3
|
|t:|1758364344
|move|p1a: Piloswine|Ice Shard|p2a: Samurott
|-resisted|p2a: Samurott
|-damage|p2a: Samurott|22/100
|move|p2a: Samurott|Ceaseless Edge|p1a: Piloswine
|-damage|p1a: Piloswine|0 fnt
|-sidestart|p1: benjikong14|Spikes
|faint|p1a: Piloswine
|-damage|p2a: Samurott|12/100|[from] item: Life Orb
|
|upkeep
|
|t:|1758364357
|switch|p1a: Hawlucha|Hawlucha, F, shiny|100/100
|-ability|p1a: Hawlucha|Mold Breaker
|turn|4
|
|t:|1758364368
|move|p1a: Hawlucha|Brave Bird|p2a: Samurott
|-damage|p2a: Samurott|0 fnt
|faint|p2a: Samurott
|-damage|p1a: Hawlucha|96/100|[from] Recoil
|
|upkeep
|
|t:|1758364373
|switch|p2a: Dragonite|Dragonite, F|100/100
|turn|5
|
|t:|1758364377
|move|p1a: Hawlucha|Defog|p2a: Dragonite
|-unboost|p2a: Dragonite|evasion|1
|-sideend|p2: Sleo2123|Stealth Rock|[from] move: Defog|[of] p1a: Hawlucha
|-sideend|p1: benjikong14|Spikes|[from] move: Defog|[of] p1a: Hawlucha
|move|p2a: Dragonite|Ice Beam|p1a: Hawlucha
|-supereffective|p1a: Hawlucha
|-damage|p1a: Hawlucha|13/100
|
|upkeep
|turn|6
|
|t:|1758364389
|move|p1a: Hawlucha|U-turn|p2a: Dragonite
|-resisted|p2a: Dragonite
|-damage|p2a: Dragonite|92/100
|
|t:|1758364396
|switch|p1a: Clefable|Clefable, F|100/100|[from] U-turn
|move|p2a: Dragonite|Ice Beam|p1a: Clefable
|-damage|p1a: Clefable|74/100
|
|upkeep
|turn|7
|
|t:|1758364404
|switch|p2a: Scizor|Scizor, F|100/100
|move|p1a: Clefable|Cosmic Power|p1a: Clefable
|-boost|p1a: Clefable|def|1
|-boost|p1a: Clefable|spd|1
|
|upkeep
|turn|8
|
|t:|1758364412
|-terastallize|p2a: Scizor|Steel
|move|p2a: Scizor|Bullet Punch|p1a: Clefable
|-supereffective|p1a: Clefable
|-damage|p1a: Clefable|0 fnt
|faint|p1a: Clefable
|
|upkeep
|
|t:|1758364422
|switch|p1a: Chandelure|Chandelure, M|100/100
|turn|9
|
|t:|1758364426
|switch|p2a: Dragonite|Dragonite, F|92/100
|move|p1a: Chandelure|Fire Blast|p2a: Dragonite
|-resisted|p2a: Dragonite
|-damage|p2a: Dragonite|66/100
|
|upkeep
|turn|10
|
|t:|1758364438
|switch|p1a: Rotom|Rotom-Wash|100/100
|move|p2a: Dragonite|Roost|p2a: Dragonite
|-heal|p2a: Dragonite|100/100
|-singleturn|p2a: Dragonite|move: Roost
|
|upkeep
|turn|11
|
|t:|1758364447
|switch|p2a: Ogerpon|Ogerpon-Wellspring, F|100/100
|move|p1a: Rotom|Thunderbolt|p2a: Ogerpon
|-damage|p2a: Ogerpon|51/100
|
|upkeep
|turn|12
|
|t:|1758364456
|-terastallize|p1a: Rotom|Poison
|move|p2a: Ogerpon|Knock Off|p1a: Rotom
|-damage|p1a: Rotom|56/100
|-enditem|p1a: Rotom|Assault Vest|[from] move: Knock Off|[of] p2a: Ogerpon
|move|p1a: Rotom|Tera Blast|p2a: Ogerpon|[anim] Tera Blast Poison
|-supereffective|p2a: Ogerpon
|-damage|p2a: Ogerpon|0 fnt
|faint|p2a: Ogerpon
|
|upkeep
|
|t:|1758364465
|switch|p2a: Scizor|Scizor, F, tera:Steel|100/100
|turn|13
|
|t:|1758364470
|move|p2a: Scizor|Bullet Punch|p1a: Rotom
|-damage|p1a: Rotom|0 fnt
|faint|p1a: Rotom
|
|upkeep
|
|t:|1758364478
|switch|p1a: Chandelure|Chandelure, M|100/100
|turn|14
|
|t:|1758364484
|switch|p2a: Dragonite|Dragonite, F|100/100
|move|p1a: Chandelure|Shadow Ball|p2a: Dragonite
|-damage|p2a: Dragonite|83/100
|
|upkeep
|turn|15
|
|t:|1758364491
|move|p1a: Chandelure|Shadow Ball|p2a: Dragonite
|-damage|p2a: Dragonite|47/100
|move|p2a: Dragonite|Hurricane|p1a: Chandelure|[miss]
|-miss|p2a: Dragonite|p1a: Chandelure
|
|upkeep
|turn|16
|
|t:|1758364498
|move|p1a: Chandelure|Shadow Ball|p2a: Dragonite
|-damage|p2a: Dragonite|9/100
|-unboost|p2a: Dragonite|spd|1
|move|p2a: Dragonite|Roost|p2a: Dragonite
|-heal|p2a: Dragonite|59/100
|-singleturn|p2a: Dragonite|move: Roost
|
|upkeep
|turn|17
|
|t:|1758364507
|move|p1a: Chandelure|Shadow Ball|p2a: Dragonite
|-damage|p2a: Dragonite|1/100
|move|p2a: Dragonite|Hurricane|p1a: Chandelure
|-damage|p1a: Chandelure|30/100
|
|upkeep
|turn|18
|
|t:|1758364514
|move|p1a: Chandelure|Shadow Ball|p2a: Dragonite
|-damage|p2a: Dragonite|0 fnt
|faint|p2a: Dragonite
|
|upkeep
|
|t:|1758364516
|switch|p2a: Scizor|Scizor, F, tera:Steel|100/100
|turn|19
|
|t:|1758364527
|switch|p1a: Hawlucha|Hawlucha, F, shiny|13/100
|-ability|p1a: Hawlucha|Mold Breaker
|move|p2a: Scizor|Bullet Punch|p1a: Hawlucha
|-damage|p1a: Hawlucha|0 fnt
|faint|p1a: Hawlucha
|
|upkeep
|
|t:|1758364536
|switch|p1a: Chandelure|Chandelure, M|30/100
|turn|20
|
|t:|1758364544
|move|p2a: Scizor|Bullet Punch|p1a: Chandelure
|-resisted|p1a: Chandelure
|-damage|p1a: Chandelure|0 fnt
|faint|p1a: Chandelure
|
|upkeep
|
|t:|1758364549
|switch|p1a: Maushold|Maushold|100/100
|turn|21
|
|t:|1758364558
|move|p2a: Scizor|Bullet Punch|p1a: Maushold
|-damage|p1a: Maushold|0 fnt
|faint|p1a: Maushold
|
|win|Sleo2123
|raw|benjikong14's rating: 1225 &rarr; <strong>1201</strong><br />(-24 for losing)
|raw|Sleo2123's rating: 1245 &rarr; <strong>1269</strong><br />(+24 for winning)
|l|☆benjikong14
|player|p1|
|l|☆Sleo2123
|player|p2|
