|j|☆WonderGuardWill
|j|☆iheartgalvantula
|t:|1758332668
|gametype|singles
|player|p1|WonderGuardWill|dancer|1396
|player|p2|iheartgalvantula|unknown|1380
|gen|9
|tier|[Gen 9] OU
|rated|
|rule|HP Percentage Mod: HP is shown in percentages
|rule|Endless Battle Clause: Forcing endless battles is banned
|rule|Species Clause: Limit one of each Pokémon
|rule|OHKO Clause: OHKO moves are banned
|rule|Evasion Items Clause: Evasion items are banned
|rule|Evasion Moves Clause: Evasion moves are banned
|rule|Evasion Abilities Clause: Evasion abilities are banned
|rule|Sleep Moves Clause: Sleep-inducing moves are banned
|clearpoke
|poke|p1|Darkrai|
|poke|p1|Garganacl, F|
|poke|p1|Espeon, M|
|poke|p1|Clodsire, M|
|poke|p1|Heatran, M|
|poke|p1|Gholdengo|
|poke|p2|Breloom, F|
|poke|p2|Pelipper, F|
|poke|p2|Barraskewda, F|
|poke|p2|Zapdos|
|poke|p2|Ogerpon-Wellspring, F|
|poke|p2|Iron Treads|
|teampreview
|inactive|Battle timer is ON: inactive players will automatically lose when time's up. (requested by iheartgalvantula)
|
|t:|1758332685
|teamsize|p1|6
|teamsize|p2|6
|start
|switch|p1a: Garganacl|Garganacl, F|100/100
|switch|p2a: Pelipper|Pelipper, F|100/100
|-weather|RainDance|[from] ability: Drizzle|[of] p2a: Pelipper
|turn|1
|
|t:|1758332693
|-terastallize|p1a: Garganacl|Flying
|move|p2a: Pelipper|Weather Ball|p1a: Garganacl
|-damage|p1a: Garganacl|55/100
|move|p1a: Garganacl|Salt Cure|p2a: Pelipper
|-supereffective|p2a: Pelipper
|-damage|p2a: Pelipper|72/100
|-start|p2a: Pelipper|Salt Cure
|
|-weather|RainDance|[upkeep]
|-heal|p1a: Garganacl|61/100|[from] item: Leftovers
|-damage|p2a: Pelipper|47/100|[from] Salt Cure
|upkeep
|turn|2
|
|t:|1758332701
|move|p1a: Garganacl|Protect|p1a: Garganacl
|-singleturn|p1a: Garganacl|Protect
|move|p2a: Pelipper|U-turn|p1a: Garganacl
|-activate|p1a: Garganacl|move: Protect
|
|-weather|RainDance|[upkeep]
|-heal|p1a: Garganacl|67/100|[from] item: Leftovers
|-damage|p2a: Pelipper|22/100|[from] Salt Cure
|upkeep
|turn|3
|
|t:|1758332704
|move|p2a: Pelipper|U-turn|p1a: Garganacl
|-resisted|p1a: Garganacl
|-damage|p1a: Garganacl|65/100
|
|t:|1758332709
|switch|p2a: Iron Treads|Iron Treads|100/100|[from] U-turn
|-item|p2a: Iron Treads|Air Balloon
|move|p1a: Garganacl|Salt Cure|p2a: Iron Treads
|-resisted|p2a: Iron Treads
|-damage|p2a: Iron Treads|98/100
|-start|p2a: Iron Treads|Salt Cure
|-enditem|p2a: Iron Treads|Air Balloon
|
|-weather|RainDance|[upkeep]
|-heal|p1a: Garganacl|72/100|[from] item: Leftovers
|-damage|p2a: Iron Treads|73/100|[from] Salt Cure
|upkeep
|turn|4
|
|t:|1758332728
|switch|p1a: Espeon|Espeon, M|100/100
|move|p2a: Iron Treads|Volt Switch|p1a: Espeon
|-damage|p1a: Espeon|86/100
|
|t:|1758332733
|-end|p2a: Iron Treads|Quark Drive|[silent]
|switch|p2a: Barraskewda|Barraskewda, F|100/100|[from] Volt Switch
|
|-weather|RainDance|[upkeep]
|upkeep
|turn|5
|
|t:|1758332736
|switch|p1a: Clodsire|Clodsire, M|100/100
|-terastallize|p2a: Barraskewda|Water
|move|p2a: Barraskewda|Flip Turn|p1a: Clodsire
|-immune|p1a: Clodsire|[from] ability: Water Absorb
|
|-weather|RainDance|[upkeep]
|upkeep
|turn|6
|
|t:|1758332743
|switch|p2a: Iron Treads|Iron Treads|73/100
|move|p1a: Clodsire|Toxic|p2a: Iron Treads
|-immune|p2a: Iron Treads
|
|-weather|RainDance|[upkeep]
|upkeep
|turn|7
|
|t:|1758332751
|move|p2a: Iron Treads|Earthquake|p1a: Clodsire
|-supereffective|p1a: Clodsire
|-damage|p1a: Clodsire|10/100
|move|p1a: Clodsire|Earthquake|p2a: Iron Treads
|-supereffective|p2a: Iron Treads
|-damage|p2a: Iron Treads|35/100
|
|-weather|RainDance|[upkeep]
|-heal|p1a: Clodsire|16/100|[from] item: Leftovers
|upkeep
|turn|8
|
|t:|1758332771
|switch|p1a: Garganacl|Garganacl, F, tera:Flying|72/100
|move|p2a: Iron Treads|Earthquake|p1a: Garganacl
|-immune|p1a: Garganacl
|
|-weather|none
|-heal|p1a: Garganacl|78/100|[from] item: Leftovers
|upkeep
|turn|9
|
|t:|1758332783
|switch|p1a: Espeon|Espeon, M|86/100
|move|p2a: Iron Treads|Stealth Rock|p1a: Espeon
|move|p1a: Espeon|Stealth Rock|p2a: Iron Treads|[from] ability: Magic Bounce
|-sidestart|p2: iheartgalvantula|move: Stealth Rock
|
|upkeep
|turn|10
|
|t:|1758332789
|move|p1a: Espeon|Trick|p2a: Iron Treads
|-activate|p1a: Espeon|move: Trick|[of] p2a: Iron Treads
|-item|p2a: Iron Treads|Choice Scarf|[from] move: Trick
|-enditem|p1a: Espeon|Choice Scarf|[silent]|[from] move: Trick
|move|p2a: Iron Treads|Rapid Spin|p1a: Espeon
|-damage|p1a: Espeon|62/100
|-boost|p2a: Iron Treads|spe|1
|-sideend|p2: iheartgalvantula|Stealth Rock|[from] move: Rapid Spin|[of] p2a: Iron Treads
|
|upkeep
|turn|11
|
|t:|1758332797
|-end|p2a: Iron Treads|Quark Drive|[silent]
|switch|p2a: Zapdos|Zapdos|100/100
|move|p1a: Espeon|Thunder Wave|p2a: Zapdos
|-immune|p2a: Zapdos
|
|upkeep
|turn|12
|
|t:|1758332801
|move|p1a: Espeon|Future Sight|p2a: Zapdos
|-start|p1a: Espeon|move: Future Sight
|move|p2a: Zapdos|U-turn|p1a: Espeon
|-supereffective|p1a: Espeon
|-damage|p1a: Espeon|13/100
|
|t:|1758332803
|switch|p2a: Pelipper|Pelipper, F|22/100|[from] U-turn
|-weather|RainDance|[from] ability: Drizzle|[of] p2a: Pelipper
|
|-weather|RainDance|[upkeep]
|upkeep
|turn|13
|
|t:|1758332812
|switch|p2a: Ogerpon|Ogerpon-Wellspring, F|100/100
|move|p1a: Espeon|Shadow Ball|p2a: Ogerpon
|-damage|p2a: Ogerpon|69/100
|
|-weather|RainDance|[upkeep]
|upkeep
|turn|14
|
|t:|1758332814
|move|p1a: Espeon|Thunder Wave|p2a: Ogerpon
|-status|p2a: Ogerpon|par
|cant|p2a: Ogerpon|par
|
|-weather|RainDance|[upkeep]
|-end|p2a: Ogerpon|move: Future Sight
|-damage|p2a: Ogerpon|0 fnt
|faint|p2a: Ogerpon
|upkeep
|
|t:|1758332819
|switch|p2a: Barraskewda|Barraskewda, F, tera:Water|100/100
|turn|15
|
|t:|1758332832
|switch|p1a: Gholdengo|Gholdengo|100/100
|move|p2a: Barraskewda|Close Combat|p1a: Gholdengo
|-immune|p1a: Gholdengo
|
|-weather|RainDance|[upkeep]
|upkeep
|turn|16
|
|t:|1758332840
|switch|p2a: Zapdos|Zapdos|100/100
|move|p1a: Gholdengo|Shadow Ball|p2a: Zapdos
|-damage|p2a: Zapdos|51/100
|
|-weather|RainDance|[upkeep]
|upkeep
|turn|17
|
|t:|1758332847
|move|p1a: Gholdengo|Shadow Ball|p2a: Zapdos
|-damage|p2a: Zapdos|0 fnt
|faint|p2a: Zapdos
|
|-weather|RainDance|[upkeep]
|upkeep
|
|t:|1758332853
|switch|p2a: Iron Treads|Iron Treads|35/100
|turn|18
|
|t:|1758332857
|move|p2a: Iron Treads|Stealth Rock|p1a: Gholdengo
|-sidestart|p1: WonderGuardWill|move: Stealth Rock
|move|p1a: Gholdengo|Shadow Ball|p2a: Iron Treads
|-damage|p2a: Iron Treads|0 fnt
|faint|p2a: Iron Treads
|-end|p2a: Iron Treads|Quark Drive|[silent]
|
|-weather|RainDance|[upkeep]
|upkeep
|
|t:|1758332861
|switch|p2a: Barraskewda|Barraskewda, F, tera:Water|100/100
|turn|19
|
|t:|1758332865
|switch|p1a: Espeon|Espeon, M|13/100
|-damage|p1a: Espeon|1/100|[from] Stealth Rock
|move|p2a: Barraskewda|Close Combat|p1a: Espeon
|-resisted|p1a: Espeon
|-damage|p1a: Espeon|0 fnt
|-unboost|p2a: Barraskewda|def|1
|-unboost|p2a: Barraskewda|spd|1
|faint|p1a: Espeon
|
|-weather|none
|upkeep
|
|t:|1758332875
|switch|p1a: Garganacl|Garganacl, F, tera:Flying|78/100
|-damage|p1a: Garganacl|53/100|[from] Stealth Rock
|turn|20
|
|t:|1758332882
|switch|p2a: Pelipper|Pelipper, F|22/100
|-weather|RainDance|[from] ability: Drizzle|[of] p2a: Pelipper
|move|p1a: Garganacl|Salt Cure|p2a: Pelipper
|-supereffective|p2a: Pelipper
|-damage|p2a: Pelipper|0 fnt
|faint|p2a: Pelipper
|
|-weather|RainDance|[upkeep]
|-heal|p1a: Garganacl|59/100|[from] item: Leftovers
|upkeep
|
|t:|1758332885
|switch|p2a: Barraskewda|Barraskewda, F, tera:Water|100/100
|turn|21
|
|t:|1758332898
|move|p1a: Garganacl|Protect|p1a: Garganacl
|-singleturn|p1a: Garganacl|Protect
|move|p2a: Barraskewda|Flip Turn|p1a: Garganacl
|-activate|p1a: Garganacl|move: Protect
|
|-weather|RainDance|[upkeep]
|-heal|p1a: Garganacl|65/100|[from] item: Leftovers
|upkeep
|turn|22
|
|t:|1758332904
|switch|p2a: Breloom|Breloom, F|100/100
|move|p1a: Garganacl|Salt Cure|p2a: Breloom
|-resisted|p2a: Breloom
|-damage|p2a: Breloom|93/100
|-start|p2a: Breloom|Salt Cure
|
|-weather|RainDance|[upkeep]
|-heal|p1a: Garganacl|71/100|[from] item: Leftovers
|-damage|p2a: Breloom|81/100|[from] Salt Cure
|upkeep
|turn|23
|
|t:|1758332921
|switch|p2a: Barraskewda|Barraskewda, F, tera:Water|100/100
|switch|p1a: Gholdengo|Gholdengo|100/100
|-damage|p1a: Gholdengo|94/100|[from] Stealth Rock
|
|-weather|RainDance|[upkeep]
|upkeep
|turn|24
|
|t:|1758332931
|move|p2a: Barraskewda|Close Combat|p1a: Gholdengo
|-immune|p1a: Gholdengo
|move|p1a: Gholdengo|Trick|p2a: Barraskewda
|-activate|p1a: Gholdengo|move: Trick|[of] p2a: Barraskewda
|-item|p2a: Barraskewda|Choice Scarf|[from] move: Trick
|-item|p1a: Gholdengo|Choice Band|[from] move: Trick
|
|-weather|RainDance|[upkeep]
|upkeep
|turn|25
|
|t:|1758332940
|move|p2a: Barraskewda|Liquidation|p1a: Gholdengo
|-damage|p1a: Gholdengo|0 fnt
|faint|p1a: Gholdengo
|
|-weather|RainDance|[upkeep]
|upkeep
|
|t:|1758332943
|switch|p1a: Clodsire|Clodsire, M|16/100
|-damage|p1a: Clodsire|10/100|[from] Stealth Rock
|turn|26
|
|t:|1758332945
|switch|p2a: Breloom|Breloom, F|81/100
|move|p1a: Clodsire|Recover|p1a: Clodsire
|-heal|p1a: Clodsire|60/100
|
|-weather|RainDance|[upkeep]
|-heal|p1a: Clodsire|66/100|[from] item: Leftovers
|upkeep
|turn|27
|
|t:|1758332951
|switch|p1a: Darkrai|Darkrai|100/100
|-damage|p1a: Darkrai|88/100|[from] Stealth Rock
|move|p2a: Breloom|Bullet Seed|p1a: Darkrai
|-damage|p1a: Darkrai|54/100
|-damage|p1a: Darkrai|23/100
|-damage|p1a: Darkrai|0 fnt
|faint|p1a: Darkrai
|-hitcount|p1: Darkrai|3
|-damage|p2a: Breloom|71/100|[from] item: Life Orb
|
|-weather|none
|upkeep
|
|t:|1758332954
|switch|p1a: Heatran|Heatran, M|100/100
|-damage|p1a: Heatran|88/100|[from] Stealth Rock
|-item|p1a: Heatran|Air Balloon
|turn|28
|
|t:|1758332968
|switch|p1a: Garganacl|Garganacl, F, tera:Flying|71/100
|-damage|p1a: Garganacl|46/100|[from] Stealth Rock
|move|p2a: Breloom|Mach Punch|p1a: Garganacl
|-resisted|p1a: Garganacl
|-damage|p1a: Garganacl|36/100
|-damage|p2a: Breloom|61/100|[from] item: Life Orb
|
|-heal|p1a: Garganacl|42/100|[from] item: Leftovers
|upkeep
|turn|29
|
|t:|1758332978
|move|p2a: Breloom|Gunk Shot|p1a: Garganacl
|-damage|p1a: Garganacl|15/100
|-damage|p2a: Breloom|51/100|[from] item: Life Orb
|move|p1a: Garganacl|Recover|p1a: Garganacl
|-heal|p1a: Garganacl|65/100
|
|-heal|p1a: Garganacl|72/100|[from] item: Leftovers
|upkeep
|turn|30
|
|t:|1758332982
|switch|p2a: Barraskewda|Barraskewda, F, tera:Water|100/100
|move|p1a: Garganacl|Recover|p1a: Garganacl
|-heal|p1a: Garganacl|100/100
|
|upkeep
|turn|31
|
|t:|1758332987
|switch|p2a: Breloom|Breloom, F|51/100
|move|p1a: Garganacl|Protect||[still]
|-fail|p1a: Garganacl
|
|upkeep
|turn|32
|
|t:|1758332995
|move|p2a: Breloom|Bullet Seed|p1a: Garganacl
|-resisted|p1a: Garganacl
|-damage|p1a: Garganacl|95/100
|-resisted|p1a: Garganacl
|-damage|p1a: Garganacl|88/100
|-resisted|p1a: Garganacl
|-damage|p1a: Garganacl|81/100
|-resisted|p1a: Garganacl
|-damage|p1a: Garganacl|75/100
|-hitcount|p1a: Garganacl|4
|-damage|p2a: Breloom|41/100|[from] item: Life Orb
|move|p1a: Garganacl|Salt Cure|p2a: Breloom
|-resisted|p2a: Breloom
|-damage|p2a: Breloom|34/100
|-start|p2a: Breloom|Salt Cure
|
|-heal|p1a: Garganacl|81/100|[from] item: Leftovers
|-damage|p2a: Breloom|22/100|[from] Salt Cure
|upkeep
|turn|33
|
|t:|1758332999
|switch|p2a: Barraskewda|Barraskewda, F, tera:Water|100/100
|move|p1a: Garganacl|Protect||[still]
|-fail|p1a: Garganacl
|
|-heal|p1a: Garganacl|88/100|[from] item: Leftovers
|upkeep
|turn|34
|
|t:|1758333007
|move|p1a: Garganacl|Protect|p1a: Garganacl
|-singleturn|p1a: Garganacl|Protect
|move|p2a: Barraskewda|Liquidation|p1a: Garganacl
|-activate|p1a: Garganacl|move: Protect
|
|-heal|p1a: Garganacl|94/100|[from] item: Leftovers
|upkeep
|turn|35
|
|t:|1758333011
|switch|p2a: Breloom|Breloom, F|22/100
|move|p1a: Garganacl|Salt Cure|p2a: Breloom
|-resisted|p2a: Breloom
|-damage|p2a: Breloom|14/100
|-start|p2a: Breloom|Salt Cure
|
|-heal|p1a: Garganacl|99/100|[from] item: Leftovers
|-damage|p2a: Breloom|2/100|[from] Salt Cure
|upkeep
|turn|36
|
|t:|1758333015
|switch|p2a: Barraskewda|Barraskewda, F, tera:Water|100/100
|move|p1a: Garganacl|Protect||[still]
|-fail|p1a: Garganacl
|
|-heal|p1a: Garganacl|100/100|[from] item: Leftovers
|upkeep
|turn|37
|
|t:|1758333018
|move|p1a: Garganacl|Protect|p1a: Garganacl
|-singleturn|p1a: Garganacl|Protect
|move|p2a: Barraskewda|Liquidation|p1a: Garganacl
|-activate|p1a: Garganacl|move: Protect
|
|upkeep
|turn|38
|
|t:|1758333022
|move|p2a: Barraskewda|Liquidation|p1a: Garganacl
|-damage|p1a: Garganacl|67/100
|move|p1a: Garganacl|Salt Cure|p2a: Barraskewda
|-damage|p2a: Barraskewda|73/100
|-start|p2a: Barraskewda|Salt Cure
|
|-heal|p1a: Garganacl|74/100|[from] item: Leftovers
|-damage|p2a: Barraskewda|48/100|[from] Salt Cure
|upkeep
|turn|39
|
|t:|1758333025
|switch|p2a: Breloom|Breloom, F|2/100
|move|p1a: Garganacl|Salt Cure|p2a: Breloom
|-resisted|p2a: Breloom
|-damage|p2a: Breloom|0 fnt
|faint|p2a: Breloom
|
|-heal|p1a: Garganacl|80/100|[from] item: Leftovers
|upkeep
|
|t:|1758333028
|switch|p2a: Barraskewda|Barraskewda, F, tera:Water|48/100
|turn|40
|-message|iheartgalvantula forfeited.
|
|win|WonderGuardWill
|raw|WonderGuardWill's rating: 1396 &rarr; <strong>1415</strong><br />(+19 for winning)
|raw|iheartgalvantula's rating: 1380 &rarr; <strong>1361</strong><br />(-19 for losing)
|l|☆iheartgalvantula
|player|p2|
