|j|☆sururuu
|j|☆mabzac
|t:|1758309663
|gametype|singles
|player|p1|sururuu|169|1099
|player|p2|mabzac|nate|1160
|gen|9
|tier|[Gen 9] OU
|rated|
|rule|HP Percentage Mod: HP is shown in percentages
|rule|Endless Battle Clause: Forcing endless battles is banned
|rule|Species Clause: Limit one of each Pokémon
|rule|OHKO Clause: OHKO moves are banned
|rule|Evasion Items Clause: Evasion items are banned
|rule|Evasion Moves Clause: Evasion moves are banned
|rule|Evasion Abilities Clause: Evasion abilities are banned
|rule|Sleep Moves Clause: Sleep-inducing moves are banned
|clearpoke
|poke|p1|Iron Valiant|
|poke|p1|Ambipom, F|
|poke|p1|Ribombee, M|
|poke|p1|Serperior, M|
|poke|p1|Maushold-Four|
|poke|p1|Hawlucha, M|
|poke|p2|Brambleghast, M|
|poke|p2|Vaporeon, M|
|poke|p2|Flygon, M|
|poke|p2|Kilowattrel, M|
|poke|p2|Infernape, M|
|poke|p2|Pyroar, M|
|teampreview
|inactive|Battle timer is ON: inactive players will automatically lose when time's up. (requested by sururuu)
|
|t:|1758309680
|teamsize|p1|6
|teamsize|p2|6
|start
|switch|p1a: Ambipom|Ambipom, F|100/100
|switch|p2a: Brambleghast|Brambleghast, M|100/100
|turn|1
|
|t:|1758309690
|move|p1a: Ambipom|Triple Axel|p2a: Brambleghast
|-supereffective|p2a: Brambleghast
|-damage|p2a: Brambleghast|70/100
|-supereffective|p2a: Brambleghast
|-damage|p2a: Brambleghast|9/100
|-supereffective|p2a: Brambleghast
|-damage|p2a: Brambleghast|0 fnt
|faint|p2a: Brambleghast
|-hitcount|p2: Brambleghast|3
|
|upkeep
|
|t:|1758309699
|switch|p2a: Infernape|Infernape, M|100/100
|turn|2
|
|t:|1758309718
|switch|p1a: Iron Valiant|Iron Valiant|100/100
|-enditem|p1a: Iron Valiant|Booster Energy
|-activate|p1a: Iron Valiant|ability: Quark Drive|[fromitem]
|-start|p1a: Iron Valiant|quarkdrivespe
|move|p2a: Infernape|Flamethrower|p1a: Iron Valiant
|-damage|p1a: Iron Valiant|20/100
|-damage|p2a: Infernape|91/100|[from] item: Life Orb
|
|upkeep
|turn|3
|
|t:|1758309733
|move|p1a: Iron Valiant|Psycho Cut|p2a: Infernape
|-supereffective|p2a: Infernape
|-crit|p2a: Infernape
|-damage|p2a: Infernape|0 fnt
|faint|p2a: Infernape
|
|upkeep
|
|t:|1758309739
|switch|p2a: Vaporeon|Vaporeon, M|100/100
|turn|4
|
|t:|1758309744
|move|p1a: Iron Valiant|Leaf Blade|p2a: Vaporeon
|-supereffective|p2a: Vaporeon
|-damage|p2a: Vaporeon|55/100
|move|p2a: Vaporeon|Scald|p1a: Iron Valiant
|-damage|p1a: Iron Valiant|0 fnt
|faint|p1a: Iron Valiant
|-end|p1a: Iron Valiant|Quark Drive|[silent]
|
|-heal|p2a: Vaporeon|61/100|[from] item: Leftovers
|upkeep
|
|t:|1758309755
|switch|p1a: Ribombee|Ribombee, M|100/100
|turn|5
|
|t:|1758309759
|move|p1a: Ribombee|Sticky Web|p2a: Vaporeon
|-sidestart|p2: mabzac|move: Sticky Web
|move|p2a: Vaporeon|Scald|p1a: Ribombee
|-damage|p1a: Ribombee|52/100
|-status|p1a: Ribombee|brn
|
|-heal|p2a: Vaporeon|67/100|[from] item: Leftovers
|-damage|p1a: Ribombee|46/100 brn|[from] brn
|upkeep
|turn|6
|
|t:|1758309769
|move|p1a: Ribombee|Moonblast|p2a: Vaporeon
|-damage|p2a: Vaporeon|35/100
|move|p2a: Vaporeon|Scald|p1a: Ribombee
|-damage|p1a: Ribombee|0 fnt
|faint|p1a: Ribombee
|
|-heal|p2a: Vaporeon|42/100|[from] item: Leftovers
|upkeep
|
|t:|1758309777
|switch|p1a: Serperior|Serperior, M|100/100
|turn|7
|
|t:|1758309781
|move|p1a: Serperior|Leaf Storm|p2a: Vaporeon|[miss]
|-miss|p1a: Serperior|p2a: Vaporeon
|move|p2a: Vaporeon|Ice Beam|p1a: Serperior
|-supereffective|p1a: Serperior
|-damage|p1a: Serperior|49/100
|
|-heal|p2a: Vaporeon|48/100|[from] item: Leftovers
|upkeep
|turn|8
|
|t:|1758309791
|move|p1a: Serperior|Leaf Storm|p2a: Vaporeon
|-supereffective|p2a: Vaporeon
|-damage|p2a: Vaporeon|0 fnt
|-boost|p1a: Serperior|spa|2
|faint|p2a: Vaporeon
|-damage|p1a: Serperior|39/100|[from] item: Life Orb
|
|upkeep
|
|t:|1758309799
|switch|p2a: Kilowattrel|Kilowattrel, M|100/100
|turn|9
|
|t:|1758309815
|move|p2a: Kilowattrel|Air Slash|p1a: Serperior
|-supereffective|p1a: Serperior
|-damage|p1a: Serperior|0 fnt
|faint|p1a: Serperior
|-damage|p2a: Kilowattrel|91/100|[from] item: Life Orb
|
|upkeep
|
|t:|1758309825
|switch|p1a: Ambipom|Ambipom, F|100/100
|turn|10
|
|t:|1758309842
|switch|p2a: Pyroar|Pyroar, M|100/100
|-ability|p2a: Pyroar|Unnerve
|-activate|p2a: Pyroar|move: Sticky Web
|-unboost|p2a: Pyroar|spe|1
|move|p1a: Ambipom|Fake Out|p2a: Pyroar
|-damage|p2a: Pyroar|64/100
|
|upkeep
|turn|11
|
|t:|1758309864
|switch|p1a: Hawlucha|Hawlucha, M|100/100
|move|p2a: Pyroar|Hyper Voice|p1a: Hawlucha
|-damage|p1a: Hawlucha|29/100
|-enditem|p2a: Pyroar|Throat Spray
|-boost|p2a: Pyroar|spa|1|[from] item: Throat Spray
|
|upkeep
|turn|12
|
|t:|1758309872
|move|p1a: Hawlucha|Close Combat|p2a: Pyroar
|-supereffective|p2a: Pyroar
|-damage|p2a: Pyroar|0 fnt
|-unboost|p1a: Hawlucha|def|1
|-unboost|p1a: Hawlucha|spd|1
|faint|p2a: Pyroar
|
|upkeep
|
|t:|1758309881
|switch|p2a: Kilowattrel|Kilowattrel, M|91/100
|turn|13
|
|t:|1758309886
|move|p2a: Kilowattrel|Thunderbolt|p1a: Hawlucha
|-supereffective|p1a: Hawlucha
|-damage|p1a: Hawlucha|0 fnt
|faint|p1a: Hawlucha
|-damage|p2a: Kilowattrel|81/100|[from] item: Life Orb
|
|upkeep
|
|t:|1758309892
|switch|p1a: Maushold|Maushold-Four|100/100
|turn|14
|
|t:|1758309903
|move|p2a: Kilowattrel|Tailwind|p2a: Kilowattrel
|-sidestart|p2: mabzac|move: Tailwind
|move|p1a: Maushold|Tidy Up|p1a: Maushold
|-sideend|p2: mabzac|Sticky Web
|-activate|p1a: Maushold|move: Tidy Up
|-boost|p1a: Maushold|atk|1
|-boost|p1a: Maushold|spe|1
|
|upkeep
|turn|15
|
|t:|1758309911
|move|p2a: Kilowattrel|Thunderbolt|p1a: Maushold
|-damage|p1a: Maushold|24/100
|-damage|p2a: Kilowattrel|71/100|[from] item: Life Orb
|move|p1a: Maushold|Population Bomb|p2a: Kilowattrel
|-crit|p2a: Kilowattrel
|-damage|p2a: Kilowattrel|24/100
|-damage|p2a: Kilowattrel|0 fnt
|faint|p2a: Kilowattrel
|-hitcount|p2: Kilowattrel|2
|
|upkeep
|
|t:|1758309922
|switch|p2a: Flygon|Flygon, M|100/100
|turn|16
|
|t:|1758309935
|move|p2a: Flygon|Dragon Claw|p1a: Maushold
|-damage|p1a: Maushold|0 fnt
|faint|p1a: Maushold
|-damage|p2a: Flygon|91/100|[from] item: Life Orb
|
|upkeep
|
|t:|1758309938
|switch|p1a: Ambipom|Ambipom, F|100/100
|turn|17
|
|t:|1758309949
|-terastallize|p2a: Flygon|Steel
|move|p2a: Flygon|Dragon Dance|p2a: Flygon
|-boost|p2a: Flygon|atk|1
|-boost|p2a: Flygon|spe|1
|move|p1a: Ambipom|Triple Axel|p2a: Flygon
|-resisted|p2a: Flygon
|-damage|p2a: Flygon|85/100
|-resisted|p2a: Flygon
|-damage|p2a: Flygon|72/100
|-resisted|p2a: Flygon
|-damage|p2a: Flygon|56/100
|-hitcount|p2a: Flygon|3
|
|-sideend|p2: mabzac|move: Tailwind
|upkeep
|turn|18
|
|t:|1758309963
|move|p2a: Flygon|Earthquake|p1a: Ambipom
|-damage|p1a: Ambipom|0 fnt
|faint|p1a: Ambipom
|-damage|p2a: Flygon|46/100|[from] item: Life Orb
|
|win|mabzac
|raw|sururuu's rating: 1099 &rarr; <strong>1078</strong><br />(-21 for losing)
|raw|mabzac's rating: 1160 &rarr; <strong>1181</strong><br />(+21 for winning)
|l|☆sururuu
|player|p1|
|l|☆mabzac
|player|p2|
