|j|☆SomethingAnt
|j|☆Playboydj101
|t:|1758370708
|gametype|singles
|player|p1|SomethingAnt|n|1350
|player|p2|Playboydj101|2|1327
|gen|9
|tier|[Gen 9] OU
|rated|
|rule|HP Percentage Mod: HP is shown in percentages
|rule|Endless Battle Clause: Forcing endless battles is banned
|rule|Species Clause: Limit one of each Pokémon
|rule|OHKO Clause: OHKO moves are banned
|rule|Evasion Items Clause: Evasion items are banned
|rule|Evasion Moves Clause: Evasion moves are banned
|rule|Evasion Abilities Clause: Evasion abilities are banned
|rule|Sleep Moves Clause: Sleep-inducing moves are banned
|clearpoke
|poke|p1|Dragapult, F|
|poke|p1|Primarina, F|
|poke|p1|Iron Crown|
|poke|p1|Samurott-Hisui, M|
|poke|p1|Kingambit, F|
|poke|p1|Landorus-Therian, M|
|poke|p2|Hatterene, F|
|poke|p2|Deoxys-Defense|
|poke|p2|Mesprit|
|poke|p2|Ursaluna, M|
|poke|p2|Torkoal, M|
|poke|p2|Iron Hands|
|teampreview
|inactive|Battle timer is ON: inactive players will automatically lose when time's up. (requested by Playboydj101)
|
|t:|1758370722
|teamsize|p1|6
|teamsize|p2|6
|start
|switch|p1a: Samurott|Samurott-Hisui, M|100/100
|switch|p2a: Hatterene|Hatterene, F|100/100
|turn|1
|
|t:|1758370734
|switch|p1a: Iron Crown|Iron Crown|100/100
|move|p2a: Hatterene|Trick Room|p2a: Hatterene
|-fieldstart|move: Trick Room|[of] p2a: Hatterene
|
|upkeep
|turn|2
|
|t:|1758370751
|move|p2a: Hatterene|Healing Wish|p2a: Hatterene
|faint|p2a: Hatterene
|move|p1a: Iron Crown|Future Sight|p2: Hatterene
|-start|p1a: Iron Crown|move: Future Sight
|
|upkeep
|
|t:|1758370763
|switch|p2a: Torkoal|Torkoal, M|100/100
|-weather|SunnyDay|[from] ability: Drought|[of] p2a: Torkoal
|turn|3
|
|t:|1758370779
|-end|p1a: Iron Crown|Quark Drive|[silent]
|switch|p1a: Primarina|Primarina, F|100/100
|move|p2a: Torkoal|Eruption|p1a: Primarina
|-resisted|p1a: Primarina
|-damage|p1a: Primarina|37/100
|
|-weather|SunnyDay|[upkeep]
|upkeep
|turn|4
|inactive|SomethingAnt has 120 seconds left.
|
|t:|1758370808
|switch|p1a: Samurott|Samurott-Hisui, M|100/100
|move|p2a: Torkoal|Eruption|p1a: Samurott
|-resisted|p1a: Samurott
|-damage|p1a: Samurott|0 fnt
|faint|p1a: Samurott
|
|-weather|SunnyDay|[upkeep]
|-end|p2a: Torkoal|move: Future Sight
|-crit|p2a: Torkoal
|-damage|p2a: Torkoal|0 fnt
|faint|p2a: Torkoal
|upkeep
|inactive|SomethingAnt has 120 seconds left.
|
|t:|1758370830
|switch|p2a: Mesprit|Mesprit|100/100
|switch|p1a: Primarina|Primarina, F|37/100
|turn|5
|
|t:|1758370840
|move|p2a: Mesprit|Light Screen|p2a: Mesprit
|-sidestart|p2: Playboydj101|move: Light Screen
|move|p1a: Primarina|Surf|p2a: Mesprit
|-crit|p2a: Mesprit
|-damage|p2a: Mesprit|74/100
|
|-weather|SunnyDay|[upkeep]
|-fieldend|move: Trick Room
|upkeep
|turn|6
|
|t:|1758370848
|move|p1a: Primarina|Calm Mind|p1a: Primarina
|-boost|p1a: Primarina|spa|1
|-boost|p1a: Primarina|spd|1
|move|p2a: Mesprit|Reflect|p2a: Mesprit
|-sidestart|p2: Playboydj101|Reflect
|
|-weather|SunnyDay|[upkeep]
|upkeep
|turn|7
|
|t:|1758370854
|move|p1a: Primarina|Psychic Noise|p2a: Mesprit
|-resisted|p2a: Mesprit
|-damage|p2a: Mesprit|67/100
|-start|p2a: Mesprit|move: Heal Block
|move|p2a: Mesprit|Trick Room|p2a: Mesprit
|-fieldstart|move: Trick Room|[of] p2a: Mesprit
|
|-weather|none
|upkeep
|turn|8
|
|t:|1758370867
|move|p2a: Mesprit|Reflect||[still]
|-fail|p2a: Mesprit
|move|p1a: Primarina|Moonblast|p2a: Mesprit
|-damage|p2a: Mesprit|40/100
|-unboost|p2a: Mesprit|spa|1
|
|-end|p2a: Mesprit|move: Heal Block
|upkeep
|turn|9
|
|t:|1758370873
|move|p2a: Mesprit|Healing Wish|p2a: Mesprit
|faint|p2a: Mesprit
|move|p1a: Primarina|Moonblast|p2: Mesprit|[notarget]
|-fail|p1a: Primarina
|
|upkeep
|
|t:|1758370878
|switch|p2a: Ursaluna|Ursaluna, M|100/100
|turn|10
|c|☆SomethingAnt|what are you doing brother
|
|t:|1758370889
|move|p2a: Ursaluna|Swords Dance|p2a: Ursaluna
|-boost|p2a: Ursaluna|atk|2
|move|p1a: Primarina|Surf|p2a: Ursaluna
|-supereffective|p2a: Ursaluna
|-damage|p2a: Ursaluna|49/100
|
|-status|p2a: Ursaluna|brn|[from] item: Flame Orb
|upkeep
|turn|11
|
|t:|1758370900
|switch|p1a: Dragapult|Dragapult, F, shiny|100/100
|move|p2a: Ursaluna|Facade|p1a: Dragapult
|-immune|p1a: Dragapult
|
|-damage|p2a: Ursaluna|43/100 brn|[from] brn
|-fieldend|move: Trick Room
|upkeep
|turn|12
|
|t:|1758370908
|move|p1a: Dragapult|Dragon Darts|p2a: Ursaluna
|-damage|p2a: Ursaluna|29/100 brn
|-anim|p1a: Dragapult|Dragon Darts|p2a: Ursaluna
|-damage|p2a: Ursaluna|13/100 brn
|move|p2a: Ursaluna|Headlong Rush|p1a: Dragapult
|-damage|p1a: Dragapult|0 fnt
|-unboost|p2a: Ursaluna|def|1
|-unboost|p2a: Ursaluna|spd|1
|faint|p1a: Dragapult
|
|-damage|p2a: Ursaluna|6/100 brn|[from] brn
|-sideend|p2: Playboydj101|move: Light Screen
|upkeep
|
|t:|1758370921
|switch|p1a: Iron Crown|Iron Crown|100/100
|turn|13
|
|t:|1758370928
|switch|p2a: Deoxys|Deoxys-Defense|100/100
|-ability|p2a: Deoxys|Pressure
|move|p1a: Iron Crown|Future Sight|p2a: Deoxys
|-start|p1a: Iron Crown|move: Future Sight
|
|-sideend|p2: Playboydj101|Reflect
|upkeep
|turn|14
|
|t:|1758370943
|move|p1a: Iron Crown|Volt Switch|p2a: Deoxys
|-damage|p2a: Deoxys|82/100
|
|t:|1758370946
|-end|p1a: Iron Crown|Quark Drive|[silent]
|switch|p1a: Landorus|Landorus-Therian, M|100/100|[from] Volt Switch
|-ability|p1a: Landorus|Intimidate|boost
|-unboost|p2a: Deoxys|atk|1
|move|p2a: Deoxys|Trick Room|p2a: Deoxys
|-fieldstart|move: Trick Room|[of] p2a: Deoxys
|
|upkeep
|turn|15
|
|t:|1758370953
|move|p1a: Landorus|U-turn|p2a: Deoxys
|-supereffective|p2a: Deoxys
|-damage|p2a: Deoxys|60/100
|
|t:|1758370959
|switch|p1a: Kingambit|Kingambit, F|100/100|[from] U-turn
|-activate|p1a: Kingambit|ability: Supreme Overlord
|-start|p1a: Kingambit|fallen2|[silent]
|move|p2a: Deoxys|Teleport|p2a: Deoxys
|
|t:|1758370969
|switch|p2a: Ursaluna|Ursaluna, M|6/100 brn|[from] Teleport
|-heal|p2a: Ursaluna|100/100|[from] move: Healing Wish
|
|-end|p2a: Ursaluna|move: Future Sight
|-crit|p2a: Ursaluna
|-damage|p2a: Ursaluna|33/100
|-status|p2a: Ursaluna|brn|[from] item: Flame Orb
|upkeep
|turn|16
|
|t:|1758370988
|move|p1a: Kingambit|Sucker Punch||[still]
|-fail|p1a: Kingambit
|move|p2a: Ursaluna|Swords Dance|p2a: Ursaluna
|-boost|p2a: Ursaluna|atk|2
|
|-damage|p2a: Ursaluna|27/100 brn|[from] brn
|upkeep
|turn|17
|
|t:|1758370992
|move|p1a: Kingambit|Sucker Punch|p2a: Ursaluna
|-damage|p2a: Ursaluna|0 fnt
|faint|p2a: Ursaluna
|
|upkeep
|
|t:|1758370995
|switch|p2a: Iron Hands|Iron Hands|100/100
|turn|18
|
|t:|1758371000
|-end|p1a: Kingambit|fallen2|[silent]
|switch|p1a: Landorus|Landorus-Therian, M|100/100
|-ability|p1a: Landorus|Intimidate|boost
|-unboost|p2a: Iron Hands|atk|1
|move|p2a: Iron Hands|Swords Dance|p2a: Iron Hands
|-boost|p2a: Iron Hands|atk|2
|
|-fieldend|move: Trick Room
|upkeep
|turn|19
|
|t:|1758371007
|-terastallize|p2a: Iron Hands|Water
|move|p1a: Landorus|Earth Power|p2a: Iron Hands
|-damage|p2a: Iron Hands|74/100
|move|p2a: Iron Hands|Swords Dance|p2a: Iron Hands
|-boost|p2a: Iron Hands|atk|2
|
|upkeep
|turn|20
|
|t:|1758371013
|move|p1a: Landorus|Grass Knot|p2a: Iron Hands
|-supereffective|p2a: Iron Hands
|-damage|p2a: Iron Hands|29/100
|move|p2a: Iron Hands|Drain Punch|p1a: Landorus
|-resisted|p1a: Landorus
|-damage|p1a: Landorus|61/100
|-heal|p2a: Iron Hands|46/100|[from] drain|[of] p1a: Landorus
|-damage|p2a: Iron Hands|29/100|[from] item: Rocky Helmet|[of] p1a: Landorus
|
|upkeep
|turn|21
|
|t:|1758371018
|move|p1a: Landorus|Grass Knot|p2a: Iron Hands
|-supereffective|p2a: Iron Hands
|-damage|p2a: Iron Hands|0 fnt
|faint|p2a: Iron Hands
|-end|p2a: Iron Hands|Quark Drive|[silent]
|
|upkeep
|-message|Playboydj101 forfeited.
|
|win|SomethingAnt
|raw|SomethingAnt's rating: 1350 &rarr; <strong>1369</strong><br />(+19 for winning)
|raw|Playboydj101's rating: 1327 &rarr; <strong>1308</strong><br />(-19 for losing)
|l|☆Playboydj101
|player|p2|
|l|☆SomethingAnt
|player|p1|
