|j|☆turbotoby95
|j|☆SCiZ0rking
|t:|1758313918
|gametype|singles
|player|p1|turbotoby95|1|1478
|player|p2|SCiZ0rking|youngster-gen4dp|1482
|gen|9
|tier|[Gen 9] OU
|rated|
|rule|HP Percentage Mod: HP is shown in percentages
|rule|Endless Battle Clause: Forcing endless battles is banned
|rule|Species Clause: Limit one of each Pokémon
|rule|OHKO Clause: OHKO moves are banned
|rule|Evasion Items Clause: Evasion items are banned
|rule|Evasion Moves Clause: Evasion moves are banned
|rule|Evasion Abilities Clause: Evasion abilities are banned
|rule|Sleep Moves Clause: Sleep-inducing moves are banned
|clearpoke
|poke|p1|Vaporeon, F|
|poke|p1|Ting-Lu|
|poke|p1|Darkrai|
|poke|p1|Gholdengo|
|poke|p1|Ditto|
|poke|p1|Dragonite, M|
|poke|p2|Dragapult, F|
|poke|p2|Iron Crown|
|poke|p2|Gliscor, M|
|poke|p2|Primarina, M|
|poke|p2|Weavile, F|
|poke|p2|Corviknight, F|
|teampreview
|
|t:|1758313926
|teamsize|p1|6
|teamsize|p2|6
|start
|switch|p1a: Yoink!|Ditto, shiny|100/100
|switch|p2a: Dragapult|Dragapult, F|100/100
|-transform|p1a: Yoink!|p2a: Dragapult|[from] ability: Imposter
|turn|1
|
|t:|1758313942
|switch|p2a: Primarina|Primarina, M|100/100
|move|p1a: Yoink!|Will-O-Wisp|p2a: Primarina
|-status|p2a: Primarina|brn
|
|-damage|p2a: Primarina|94/100 brn|[from] brn
|upkeep
|turn|2
|
|t:|1758313952
|switch|p1a: Gyatdengo|Gholdengo|100/100
|move|p2a: Primarina|Calm Mind|p2a: Primarina
|-boost|p2a: Primarina|spa|1
|-boost|p2a: Primarina|spd|1
|
|-heal|p2a: Primarina|100/100 brn|[from] item: Leftovers
|-damage|p2a: Primarina|94/100 brn|[from] brn
|upkeep
|turn|3
|
|t:|1758313957
|move|p1a: Gyatdengo|Trick|p2a: Primarina
|-activate|p1a: Gyatdengo|move: Trick|[of] p2a: Primarina
|-item|p2a: Primarina|Choice Scarf|[from] move: Trick
|-item|p1a: Gyatdengo|Leftovers|[from] move: Trick
|move|p2a: Primarina|Calm Mind|p2a: Primarina
|-boost|p2a: Primarina|spa|1
|-boost|p2a: Primarina|spd|1
|
|-damage|p2a: Primarina|88/100 brn|[from] brn
|upkeep
|turn|4
|inactive|Battle timer is ON: inactive players will automatically lose when time's up. (requested by turbotoby95)
|
|t:|1758313973
|switch|p2a: Gliscor|Gliscor, M|100/100
|switch|p1a: Yoink!|Ditto, shiny|100/100
|-transform|p1a: Yoink!|p2a: Gliscor|[from] ability: Imposter
|
|-status|p2a: Gliscor|tox|[from] item: Toxic Orb
|upkeep
|turn|5
|
|t:|1758313981
|move|p1a: Yoink!|Stealth Rock|p2a: Gliscor
|-sidestart|p2: SCiZ0rking|move: Stealth Rock
|move|p2a: Gliscor|Stealth Rock|p1a: Yoink!
|-sidestart|p1: turbotoby95|move: Stealth Rock
|
|upkeep
|turn|6
|
|t:|1758313984
|switch|p1a: Gyatdengo|Gholdengo|100/100
|-damage|p1a: Gyatdengo|94/100|[from] Stealth Rock
|move|p2a: Gliscor|Knock Off|p1a: Gyatdengo
|-supereffective|p1a: Gyatdengo
|-damage|p1a: Gyatdengo|44/100
|-enditem|p1a: Gyatdengo|Leftovers|[from] move: Knock Off|[of] p2a: Gliscor
|
|upkeep
|turn|7
|
|t:|1758313994
|move|p1a: Gyatdengo|Trick|p2a: Gliscor
|-activate|p1a: Gyatdengo|move: Trick|[of] p2a: Gliscor
|-enditem|p2a: Gliscor|Toxic Orb|[silent]|[from] move: Trick
|-item|p1a: Gyatdengo|Toxic Orb|[from] move: Trick
|move|p2a: Gliscor|Knock Off|p1a: Gyatdengo
|-supereffective|p1a: Gyatdengo
|-damage|p1a: Gyatdengo|0 fnt
|-enditem|p1a: Gyatdengo|Toxic Orb|[from] move: Knock Off|[of] p2a: Gliscor
|faint|p1a: Gyatdengo
|
|upkeep
|
|t:|1758314002
|switch|p1a: Darkrai|Darkrai|100/100
|-damage|p1a: Darkrai|88/100|[from] Stealth Rock
|turn|8
|
|t:|1758314009
|switch|p2a: Iron Crown|Iron Crown|100/100
|-damage|p2a: Iron Crown|94/100|[from] Stealth Rock
|move|p1a: Darkrai|Nasty Plot|p1a: Darkrai
|-boost|p1a: Darkrai|spa|2
|
|-heal|p1a: Darkrai|94/100|[from] item: Leftovers
|upkeep
|turn|9
|
|t:|1758314014
|move|p1a: Darkrai|Dark Pulse|p2a: Iron Crown
|-supereffective|p2a: Iron Crown
|-damage|p2a: Iron Crown|0 fnt
|faint|p2a: Iron Crown
|-end|p2a: Iron Crown|Quark Drive|[silent]
|
|-heal|p1a: Darkrai|99/100|[from] item: Leftovers
|upkeep
|inactive|SCiZ0rking has 120 seconds left.
|inactive|SCiZ0rking has 90 seconds left.
|
|t:|1758314104
|switch|p2a: Dragapult|Dragapult, F|100/100
|turn|10
|
|t:|1758314121
|switch|p1a: Yoink!|Ditto, shiny|100/100
|-damage|p1a: Yoink!|88/100|[from] Stealth Rock
|-transform|p1a: Yoink!|p2a: Dragapult|[from] ability: Imposter
|move|p2a: Dragapult|U-turn|p1a: Yoink!
|-resisted|p1a: Yoink!
|-crit|p1a: Yoink!
|-damage|p1a: Yoink!|67/100
|inactive|SCiZ0rking has 60 seconds left.
|
|t:|1758314137
|switch|p2a: Gliscor|Gliscor, M|100/100 tox|[from] U-turn
|-damage|p2a: Gliscor|88/100 tox|[from] Stealth Rock
|
|-heal|p2a: Gliscor|100/100 tox|[from] ability: Poison Heal
|upkeep
|turn|11
|inactive|SCiZ0rking has 60 seconds left.
|
|t:|1758314152
|switch|p2a: Corviknight|Corviknight, F|100/100
|-damage|p2a: Corviknight|88/100|[from] Stealth Rock
|-ability|p2a: Corviknight|Pressure
|move|p1a: Yoink!|Hex|p2a: Corviknight
|-damage|p2a: Corviknight|61/100
|
|-heal|p2a: Corviknight|67/100|[from] item: Leftovers
|upkeep
|turn|12
|
|t:|1758314159
|switch|p2a: Gliscor|Gliscor, M|100/100 tox
|-damage|p2a: Gliscor|88/100 tox|[from] Stealth Rock
|move|p1a: Yoink!|Will-O-Wisp|p2a: Gliscor|[miss]
|-miss|p1a: Yoink!|p2a: Gliscor
|
|-heal|p2a: Gliscor|100/100 tox|[from] ability: Poison Heal
|upkeep
|turn|13
|
|t:|1758314163
|move|p2a: Gliscor|Protect|p2a: Gliscor
|-singleturn|p2a: Gliscor|Protect
|move|p1a: Yoink!|Hex|p2a: Gliscor
|-activate|p2a: Gliscor|move: Protect
|
|upkeep
|turn|14
|
|t:|1758314171
|move|p1a: Yoink!|U-turn|p2a: Gliscor
|-resisted|p2a: Gliscor
|-damage|p2a: Gliscor|93/100 tox
|
|t:|1758314176
|switch|p1a: Darkrai|Darkrai|99/100|[from] U-turn
|-damage|p1a: Darkrai|88/100|[from] Stealth Rock
|move|p2a: Gliscor|Knock Off|p1a: Darkrai
|-resisted|p1a: Darkrai
|-damage|p1a: Darkrai|75/100
|-enditem|p1a: Darkrai|Leftovers|[from] move: Knock Off|[of] p2a: Gliscor
|
|-heal|p2a: Gliscor|100/100 tox|[from] ability: Poison Heal
|upkeep
|turn|15
|
|t:|1758314182
|move|p1a: Darkrai|Ice Beam|p2a: Gliscor
|-supereffective|p2a: Gliscor
|-damage|p2a: Gliscor|0 fnt
|faint|p2a: Gliscor
|
|upkeep
|
|t:|1758314187
|switch|p2a: Dragapult|Dragapult, F|100/100
|turn|16
|
|t:|1758314193
|move|p2a: Dragapult|Dragon Darts|p1a: Darkrai
|-damage|p1a: Darkrai|47/100
|-anim|p2a: Dragapult|Dragon Darts|p1a: Darkrai
|-damage|p1a: Darkrai|16/100
|move|p1a: Darkrai|Dark Pulse|p2a: Dragapult
|-supereffective|p2a: Dragapult
|-crit|p2a: Dragapult
|-damage|p2a: Dragapult|0 fnt
|faint|p2a: Dragapult
|
|upkeep
|
|t:|1758314196
|switch|p2a: Weavile|Weavile, F|100/100
|-ability|p2a: Weavile|Pressure
|turn|17
|
|t:|1758314202
|switch|p1a: Mom|Vaporeon, F, shiny|100/100
|-damage|p1a: Mom|88/100|[from] Stealth Rock
|move|p2a: Weavile|Ice Shard|p1a: Mom
|-resisted|p1a: Mom
|-damage|p1a: Mom|81/100
|
|-heal|p1a: Mom|87/100|[from] item: Leftovers
|upkeep
|turn|18
|
|t:|1758314212
|move|p2a: Weavile|Swords Dance|p2a: Weavile
|-boost|p2a: Weavile|atk|2
|move|p1a: Mom|Roar|p2a: Weavile
|drag|p2a: Primarina|Primarina, M|88/100 brn
|-damage|p2a: Primarina|76/100 brn|[from] Stealth Rock
|
|-heal|p1a: Mom|93/100|[from] item: Leftovers
|-damage|p2a: Primarina|69/100 brn|[from] brn
|upkeep
|turn|19
|inactive|SCiZ0rking has 120 seconds left.
|
|t:|1758314222
|switch|p2a: Corviknight|Corviknight, F|67/100
|-damage|p2a: Corviknight|55/100|[from] Stealth Rock
|-ability|p2a: Corviknight|Pressure
|move|p1a: Mom|Wish|p1a: Mom
|
|-heal|p2a: Corviknight|61/100|[from] item: Leftovers
|-heal|p1a: Mom|99/100|[from] item: Leftovers
|upkeep
|turn|20
|
|t:|1758314227
|switch|p1a: Yoink!|Ditto, shiny|67/100
|-damage|p1a: Yoink!|55/100|[from] Stealth Rock
|-transform|p1a: Yoink!|p2a: Corviknight|[from] ability: Imposter
|-ability|p1a: Yoink!|Pressure
|move|p2a: Corviknight|Defog|p1a: Yoink!
|-unboost|p1a: Yoink!|evasion|1
|-sideend|p1: turbotoby95|Stealth Rock|[from] move: Defog|[of] p2a: Corviknight
|-sideend|p2: SCiZ0rking|Stealth Rock|[from] move: Defog|[of] p2a: Corviknight
|
|-heal|p1a: Yoink!|100/100|[from] move: Wish|[wisher] Mom
|-heal|p2a: Corviknight|67/100|[from] item: Leftovers
|upkeep
|turn|21
|
|t:|1758314240
|move|p2a: Corviknight|Roost|p2a: Corviknight
|-heal|p2a: Corviknight|100/100
|-singleturn|p2a: Corviknight|move: Roost
|move|p1a: Yoink!|U-turn|p2a: Corviknight
|-resisted|p2a: Corviknight
|-damage|p2a: Corviknight|96/100
|
|t:|1758314243
|switch|p1a: Darkrai|Darkrai|16/100|[from] U-turn
|
|-heal|p2a: Corviknight|100/100|[from] item: Leftovers
|upkeep
|turn|22
|
|t:|1758314246
|move|p1a: Darkrai|Dark Pulse|p2a: Corviknight
|-damage|p2a: Corviknight|61/100
|move|p2a: Corviknight|U-turn|p1a: Darkrai
|-supereffective|p1a: Darkrai
|-damage|p1a: Darkrai|0 fnt
|faint|p1a: Darkrai
|
|t:|1758314255
|switch|p2a: Primarina|Primarina, M|69/100 brn|[from] U-turn
|
|-damage|p2a: Primarina|63/100 brn|[from] brn
|upkeep
|
|t:|1758314260
|switch|p1a: Yoink!|Ditto, shiny|100/100
|-transform|p1a: Yoink!|p2a: Primarina|[from] ability: Imposter
|turn|23
|-activate|p1a: Yoink!|item: Quick Claw
|
|t:|1758314285
|switch|p2a: Corviknight|Corviknight, F|61/100
|-ability|p2a: Corviknight|Pressure
|move|p1a: Yoink!|Calm Mind|p1a: Yoink!
|-boost|p1a: Yoink!|spa|1
|-boost|p1a: Yoink!|spd|1
|
|-heal|p2a: Corviknight|67/100|[from] item: Leftovers
|upkeep
|turn|24
|
|t:|1758314293
|move|p1a: Yoink!|Surf|p2a: Corviknight
|-crit|p2a: Corviknight
|-damage|p2a: Corviknight|0 fnt
|faint|p2a: Corviknight
|
|upkeep
|
|t:|1758314303
|switch|p2a: Primarina|Primarina, M|63/100 brn
|turn|25
|c|☆turbotoby95|gg
|-activate|p1a: Yoink!|item: Quick Claw
|
|t:|1758314314
|-terastallize|p2a: Primarina|Steel
|move|p1a: Yoink!|Calm Mind|p1a: Yoink!
|-boost|p1a: Yoink!|spa|1
|-boost|p1a: Yoink!|spd|1
|move|p2a: Primarina|Moonblast|p1a: Yoink!
|-damage|p1a: Yoink!|72/100
|
|-damage|p2a: Primarina|57/100 brn|[from] brn
|upkeep
|turn|26
|
|t:|1758314322
|move|p2a: Primarina|Moonblast|p1a: Yoink!
|-damage|p1a: Yoink!|47/100
|move|p1a: Yoink!|Surf|p2a: Primarina
|-damage|p2a: Primarina|0 fnt
|faint|p2a: Primarina
|
|upkeep
|
|t:|1758314326
|switch|p2a: Weavile|Weavile, F|100/100
|-ability|p2a: Weavile|Pressure
|turn|27
|-activate|p1a: Yoink!|item: Quick Claw
|
|t:|1758314332
|move|p1a: Yoink!|Surf|p2a: Weavile
|-damage|p2a: Weavile|0 fnt
|faint|p2a: Weavile
|
|win|turbotoby95
|raw|turbotoby95's rating: 1478 &rarr; <strong>1498</strong><br />(+20 for winning)
|raw|SCiZ0rking's rating: 1482 &rarr; <strong>1462</strong><br />(-20 for losing)
|l|☆SCiZ0rking
|player|p2|
|l|☆turbotoby95
|player|p1|
