|j|☆ThatOneAutist_SSB
|j|☆huang_zong
|t:|1758377374
|gametype|singles
|player|p1|ThatOneAutist_SSB|gardenia|1262
|player|p2|huang_zong|1|1260
|gen|9
|tier|[Gen 9] OU
|rated|
|rule|HP Percentage Mod: HP is shown in percentages
|rule|Endless Battle Clause: Forcing endless battles is banned
|rule|Species Clause: Limit one of each Pokémon
|rule|OHKO Clause: OHKO moves are banned
|rule|Evasion Items Clause: Evasion items are banned
|rule|Evasion Moves Clause: Evasion moves are banned
|rule|Evasion Abilities Clause: Evasion abilities are banned
|rule|Sleep Moves Clause: Sleep-inducing moves are banned
|clearpoke
|poke|p1|Electrode|
|poke|p1|Iron Valiant|
|poke|p1|Gholdengo|
|poke|p1|Iron Moth|
|poke|p1|Hatterene, F|
|poke|p1|Corviknight, F|
|poke|p2|Torkoal, F|
|poke|p2|Walking Wake|
|poke|p2|Great Tusk|
|poke|p2|Brute Bonnet|
|poke|p2|Scizor, M|
|poke|p2|Corviknight, F|
|teampreview
|inactive|Battle timer is ON: inactive players will automatically lose when time's up. (requested by ThatOneAutist_SSB)
|
|t:|1758377393
|teamsize|p1|6
|teamsize|p2|6
|start
|switch|p1a: ROLLING THUNDER|Electrode, shiny|100/100
|switch|p2a: Great Tusk|Great Tusk|100/100
|turn|1
|
|t:|1758377401
|-terastallize|p1a: ROLLING THUNDER|Ice
|move|p1a: ROLLING THUNDER|Tera Blast|p2a: Great Tusk|[anim] Tera Blast Ice
|-supereffective|p2a: Great Tusk
|-damage|p2a: Great Tusk|0 fnt
|faint|p2a: Great Tusk
|-end|p2a: Great Tusk|Protosynthesis|[silent]
|-damage|p1a: ROLLING THUNDER|91/100|[from] item: Life Orb
|
|upkeep
|
|t:|1758377414
|switch|p2a: Torkoal|Torkoal, F|100/100
|-weather|SunnyDay|[from] ability: Drought|[of] p2a: Torkoal
|turn|2
|
|t:|1758377421
|move|p1a: ROLLING THUNDER|Volt Switch|p2a: Torkoal
|-damage|p2a: Torkoal|58/100
|-damage|p1a: ROLLING THUNDER|81/100|[from] item: Life Orb
|
|t:|1758377430
|switch|p1a: Skin Cancer|Iron Moth|100/100|[from] Volt Switch
|move|p2a: Torkoal|Stealth Rock|p1a: Skin Cancer
|-sidestart|p1: ThatOneAutist_SSB|move: Stealth Rock
|
|-weather|SunnyDay|[upkeep]
|upkeep
|turn|3
|
|t:|1758377446
|switch|p2a: Scizor|Scizor, M|100/100
|move|p1a: Skin Cancer|Meteor Beam||[still]
|-prepare|p1a: Skin Cancer|Meteor Beam
|-boost|p1a: Skin Cancer|spa|1
|-enditem|p1a: Skin Cancer|Power Herb
|-anim|p1a: Skin Cancer|Meteor Beam|p2a: Scizor
|-crit|p2a: Scizor
|-damage|p2a: Scizor|0 fnt
|faint|p2a: Scizor
|
|-weather|SunnyDay|[upkeep]
|upkeep
|
|t:|1758377462
|switch|p2a: Walking Wake|Walking Wake|100/100
|-activate|p2a: Walking Wake|ability: Protosynthesis
|-start|p2a: Walking Wake|protosynthesisspa
|turn|4
|
|t:|1758377469
|move|p2a: Walking Wake|Hydro Steam|p1a: Skin Cancer
|-supereffective|p1a: Skin Cancer
|-damage|p1a: Skin Cancer|0 fnt
|faint|p1a: Skin Cancer
|-end|p1a: Skin Cancer|Quark Drive|[silent]
|
|-weather|SunnyDay|[upkeep]
|upkeep
|c|☆ThatOneAutist_SSB|Scarf...
|c|☆ThatOneAutist_SSB|So annoying
|
|t:|1758377496
|switch|p1a: Girl Why You So 👒|Hatterene, F|100/100
|-damage|p1a: Girl Why You So 👒|88/100|[from] Stealth Rock
|turn|5
|
|t:|1758377502
|-terastallize|p2a: Walking Wake|Water
|move|p2a: Walking Wake|Hydro Steam|p1a: Girl Why You So 👒
|-damage|p1a: Girl Why You So 👒|0 fnt
|faint|p1a: Girl Why You So 👒
|
|-weather|SunnyDay|[upkeep]
|upkeep
|
|t:|1758377514
|switch|p1a: That’s The Mixup|Iron Valiant|100/100
|-damage|p1a: That’s The Mixup|94/100|[from] Stealth Rock
|-enditem|p1a: That’s The Mixup|Booster Energy
|-activate|p1a: That’s The Mixup|ability: Quark Drive|[fromitem]
|-start|p1a: That’s The Mixup|quarkdrivespe
|turn|6
|
|t:|1758377521
|move|p1a: That’s The Mixup|Close Combat|p2a: Walking Wake
|-damage|p2a: Walking Wake|33/100
|-unboost|p1a: That’s The Mixup|def|1
|-unboost|p1a: That’s The Mixup|spd|1
|move|p2a: Walking Wake|Hydro Steam|p1a: That’s The Mixup
|-damage|p1a: That’s The Mixup|0 fnt
|faint|p1a: That’s The Mixup
|-end|p1a: That’s The Mixup|Quark Drive|[silent]
|
|-weather|SunnyDay|[upkeep]
|upkeep
|inactive|ThatOneAutist_SSB has 120 seconds left.
|
|t:|1758377539
|switch|p1a: Chocolate Rain!|Gholdengo|100/100
|-damage|p1a: Chocolate Rain!|94/100|[from] Stealth Rock
|-item|p1a: Chocolate Rain!|Air Balloon
|turn|7
|inactive|ThatOneAutist_SSB has 120 seconds left.
|
|t:|1758377549
|move|p2a: Walking Wake|Hydro Steam|p1a: Chocolate Rain!
|-damage|p1a: Chocolate Rain!|0 fnt
|-enditem|p1a: Chocolate Rain!|Air Balloon
|faint|p1a: Chocolate Rain!
|
|-weather|SunnyDay|[upkeep]
|upkeep
|inactive|ThatOneAutist_SSB has 120 seconds left.
|c|☆ThatOneAutist_SSB|Like are we deadass
|
|t:|1758377561
|switch|p1a: mish|Corviknight, F|100/100
|-damage|p1a: mish|88/100|[from] Stealth Rock
|-ability|p1a: mish|Pressure
|turn|8
|inactive|ThatOneAutist_SSB has 120 seconds left.
|
|t:|1758377568
|move|p2a: Walking Wake|Hydro Steam|p1a: mish
|-damage|p1a: mish|0 fnt
|faint|p1a: mish
|
|-weather|SunnyDay|[upkeep]
|upkeep
|
|t:|1758377571
|switch|p1a: ROLLING THUNDER|Electrode, shiny, tera:Ice|81/100
|-damage|p1a: ROLLING THUNDER|56/100|[from] Stealth Rock
|turn|9
|c|☆ThatOneAutist_SSB|Banworthy mon
|
|t:|1758377582
|move|p2a: Walking Wake|Hydro Steam|p1a: ROLLING THUNDER
|-damage|p1a: ROLLING THUNDER|0 fnt
|faint|p1a: ROLLING THUNDER
|
|win|huang_zong
|raw|ThatOneAutist_SSB's rating: 1262 &rarr; <strong>1237</strong><br />(-25 for losing)
|raw|huang_zong's rating: 1260 &rarr; <strong>1285</strong><br />(+25 for winning)
|c|☆ThatOneAutist_SSB|bg
|l|☆huang_zong
|player|p2|
|l|☆ThatOneAutist_SSB
|player|p1|
