|j|☆Mist02
|j|☆Le Colonel Reyel
|t:|1758276553
|gametype|singles
|player|p1|Mist02|1|1294
|player|p2|Le Colonel Reyel|1|1268
|gen|9
|tier|[Gen 9] OU
|rated|
|rule|HP Percentage Mod: HP is shown in percentages
|rule|Endless Battle Clause: Forcing endless battles is banned
|rule|Species Clause: Limit one of each Pokémon
|rule|OHKO Clause: OHKO moves are banned
|rule|Evasion Items Clause: Evasion items are banned
|rule|Evasion Moves Clause: Evasion moves are banned
|rule|Evasion Abilities Clause: Evasion abilities are banned
|rule|Sleep Moves Clause: Sleep-inducing moves are banned
|clearpoke
|poke|p1|Crawdaunt, F|
|poke|p1|Azelf|
|poke|p1|Chesnaught, M|
|poke|p1|Cyclizar, F|
|poke|p1|Zapdos-Galar|
|poke|p1|Blissey, F|
|poke|p2|Iron Hands|
|poke|p2|Meowscarada, F|
|poke|p2|Great Tusk|
|poke|p2|Slowking-Galar, M|
|poke|p2|Heatran, M|
|poke|p2|Enamorus, F|
|teampreview
|inactive|Battle timer is ON: inactive players will automatically lose when time's up. (requested by Mist02)
|
|t:|1758276567
|teamsize|p1|6
|teamsize|p2|6
|start
|switch|p1a: Azelf|Azelf|100/100
|switch|p2a: Meowscarada|Meowscarada, F|100/100
|turn|1
|
|t:|1758276573
|switch|p1a: Chesnaught|Chesnaught, M|100/100
|move|p2a: Meowscarada|U-turn|p1a: Chesnaught
|-start|p2a: Meowscarada|typechange|Bug|[from] ability: Protean
|-damage|p1a: Chesnaught|74/100
|-damage|p2a: Meowscarada|84/100|[from] item: Rocky Helmet|[of] p1a: Chesnaught
|
|t:|1758276581
|switch|p2a: Heatran|Heatran, M|100/100|[from] U-turn
|
|upkeep
|turn|2
|
|t:|1758276586
|switch|p1a: Blissey|Blissey, F|100/100
|move|p2a: Heatran|Will-O-Wisp|p1a: Blissey
|-status|p1a: Blissey|brn
|
|-damage|p1a: Blissey|94/100 brn|[from] brn
|upkeep
|turn|3
|
|t:|1758276593
|move|p2a: Heatran|Magma Storm|p1a: Blissey
|-damage|p1a: Blissey|81/100 brn
|-activate|p1a: Blissey|move: Magma Storm|[of] p2a: Heatran
|move|p1a: Blissey|Thunder Wave|p2a: Heatran
|-status|p2a: Heatran|par
|
|-damage|p1a: Blissey|75/100 brn|[from] brn
|-damage|p1a: Blissey|62/100 brn|[from] move: Magma Storm|[partiallytrapped]
|upkeep
|turn|4
|
|t:|1758276603
|move|p1a: Blissey|Soft-Boiled|p1a: Blissey
|-heal|p1a: Blissey|100/100 brn
|move|p2a: Heatran|Taunt|p1a: Blissey
|-start|p1a: Blissey|move: Taunt
|
|-damage|p1a: Blissey|94/100 brn|[from] brn
|-damage|p1a: Blissey|82/100 brn|[from] move: Magma Storm|[partiallytrapped]
|upkeep
|turn|5
|
|t:|1758276619
|move|p1a: Blissey|Seismic Toss|p2a: Heatran
|-damage|p2a: Heatran|75/100 par
|move|p2a: Heatran|Earth Power|p1a: Blissey
|-damage|p1a: Blissey|73/100 brn
|
|-heal|p2a: Heatran|81/100 par|[from] item: Leftovers
|-damage|p1a: Blissey|67/100 brn|[from] brn
|-damage|p1a: Blissey|54/100 brn|[from] move: Magma Storm|[partiallytrapped]
|upkeep
|turn|6
|
|t:|1758276630
|move|p1a: Blissey|Seismic Toss|p2a: Heatran
|-damage|p2a: Heatran|55/100 par
|move|p2a: Heatran|Earth Power|p1a: Blissey
|-damage|p1a: Blissey|45/100 brn
|
|-heal|p2a: Heatran|61/100 par|[from] item: Leftovers
|-damage|p1a: Blissey|39/100 brn|[from] brn
|-damage|p1a: Blissey|26/100 brn|[from] move: Magma Storm|[partiallytrapped]
|upkeep
|turn|7
|
|t:|1758276640
|move|p1a: Blissey|Seismic Toss|p2a: Heatran
|-damage|p2a: Heatran|35/100 par
|move|p2a: Heatran|Earth Power|p1a: Blissey
|-damage|p1a: Blissey|17/100 brn
|
|-heal|p2a: Heatran|41/100 par|[from] item: Leftovers
|-damage|p1a: Blissey|11/100 brn|[from] brn
|-end|p1a: Blissey|Magma Storm|[partiallytrapped]
|-end|p1a: Blissey|move: Taunt
|upkeep
|turn|8
|
|t:|1758276657
|move|p1a: Blissey|Soft-Boiled|p1a: Blissey
|-heal|p1a: Blissey|61/100 brn
|move|p2a: Heatran|Magma Storm|p1a: Blissey
|-damage|p1a: Blissey|46/100 brn
|-activate|p1a: Blissey|move: Magma Storm|[of] p2a: Heatran
|
|-heal|p2a: Heatran|48/100 par|[from] item: Leftovers
|-damage|p1a: Blissey|39/100 brn|[from] brn
|-damage|p1a: Blissey|27/100 brn|[from] move: Magma Storm|[partiallytrapped]
|upkeep
|turn|9
|
|t:|1758276666
|move|p1a: Blissey|Soft-Boiled|p1a: Blissey
|-heal|p1a: Blissey|77/100 brn
|move|p2a: Heatran|Will-O-Wisp|p1a: Blissey
|-fail|p1a: Blissey|brn
|
|-heal|p2a: Heatran|54/100 par|[from] item: Leftovers
|-damage|p1a: Blissey|71/100 brn|[from] brn
|-damage|p1a: Blissey|58/100 brn|[from] move: Magma Storm|[partiallytrapped]
|upkeep
|turn|10
|
|t:|1758276679
|move|p1a: Blissey|Soft-Boiled|p1a: Blissey
|-heal|p1a: Blissey|100/100 brn
|move|p2a: Heatran|Taunt|p1a: Blissey
|-start|p1a: Blissey|move: Taunt
|
|-heal|p2a: Heatran|60/100 par|[from] item: Leftovers
|-damage|p1a: Blissey|94/100 brn|[from] brn
|-damage|p1a: Blissey|82/100 brn|[from] move: Magma Storm|[partiallytrapped]
|upkeep
|turn|11
|
|t:|1758276690
|move|p1a: Blissey|Seismic Toss|p2a: Heatran
|-damage|p2a: Heatran|34/100 par
|cant|p2a: Heatran|par
|
|-heal|p2a: Heatran|40/100 par|[from] item: Leftovers
|-damage|p1a: Blissey|76/100 brn|[from] brn
|-damage|p1a: Blissey|63/100 brn|[from] move: Magma Storm|[partiallytrapped]
|upkeep
|turn|12
|
|t:|1758276699
|move|p1a: Blissey|Seismic Toss|p2a: Heatran
|-damage|p2a: Heatran|14/100 par
|move|p2a: Heatran|Earth Power|p1a: Blissey
|-damage|p1a: Blissey|55/100 brn
|
|-heal|p2a: Heatran|20/100 par|[from] item: Leftovers
|-damage|p1a: Blissey|49/100 brn|[from] brn
|-damage|p1a: Blissey|36/100 brn|[from] move: Magma Storm|[partiallytrapped]
|upkeep
|turn|13
|
|t:|1758276709
|move|p1a: Blissey|Seismic Toss|p2a: Heatran
|-damage|p2a: Heatran|0 fnt
|faint|p2a: Heatran
|
|-damage|p1a: Blissey|30/100 brn|[from] brn
|-end|p1a: Blissey|Magma Storm|[partiallytrapped]
|-end|p1a: Blissey|move: Taunt
|upkeep
|
|t:|1758276722
|switch|p2a: Meowscarada|Meowscarada, F|84/100
|turn|14
|
|t:|1758276728
|-curestatus|p1a: Blissey|brn|[from] ability: Natural Cure
|switch|p1a: Zapdos|Zapdos-Galar|100/100
|move|p2a: Meowscarada|Knock Off|p1a: Zapdos
|-start|p2a: Meowscarada|typechange|Dark|[from] ability: Protean
|-resisted|p1a: Zapdos
|-damage|p1a: Zapdos|64/100
|-enditem|p1a: Zapdos|Choice Scarf|[from] move: Knock Off|[of] p2a: Meowscarada
|
|upkeep
|turn|15
|
|t:|1758276743
|switch|p2a: Great Tusk|Great Tusk|100/100
|move|p1a: Zapdos|Knock Off|p2a: Great Tusk
|-resisted|p2a: Great Tusk
|-damage|p2a: Great Tusk|88/100
|-enditem|p2a: Great Tusk|Leftovers|[from] move: Knock Off|[of] p1a: Zapdos
|
|upkeep
|turn|16
|
|t:|1758276750
|move|p2a: Great Tusk|Stealth Rock|p1a: Zapdos
|-sidestart|p1: Mist02|move: Stealth Rock
|move|p1a: Zapdos|Brave Bird|p2a: Great Tusk
|-supereffective|p2a: Great Tusk
|-damage|p2a: Great Tusk|12/100
|-damage|p1a: Zapdos|30/100|[from] Recoil
|
|upkeep
|turn|17
|
|t:|1758276758
|move|p2a: Great Tusk|Ice Spinner|p1a: Zapdos
|-supereffective|p1a: Zapdos
|-damage|p1a: Zapdos|0 fnt
|faint|p1a: Zapdos
|
|upkeep
|
|t:|1758276767
|switch|p1a: Cyclizar|Cyclizar, F|100/100
|turn|18
|
|t:|1758276773
|-end|p2a: Great Tusk|Protosynthesis|[silent]
|switch|p2a: Iron Hands|Iron Hands|100/100
|move|p1a: Cyclizar|Rapid Spin|p2a: Iron Hands
|-damage|p2a: Iron Hands|89/100
|-boost|p1a: Cyclizar|spe|1
|-sideend|p1: Mist02|Stealth Rock|[from] move: Rapid Spin|[of] p1a: Cyclizar
|
|-heal|p2a: Iron Hands|95/100|[from] item: Leftovers
|upkeep
|turn|19
|
|t:|1758276784
|switch|p1a: Chesnaught|Chesnaught, M|74/100
|move|p2a: Iron Hands|Ice Punch|p1a: Chesnaught
|-supereffective|p1a: Chesnaught
|-damage|p1a: Chesnaught|35/100
|-damage|p2a: Iron Hands|79/100|[from] item: Rocky Helmet|[of] p1a: Chesnaught
|
|-heal|p2a: Iron Hands|85/100|[from] item: Leftovers
|upkeep
|turn|20
|
|t:|1758276794
|-terastallize|p1a: Chesnaught|Ghost
|move|p1a: Chesnaught|Spiky Shield|p1a: Chesnaught
|-singleturn|p1a: Chesnaught|move: Protect
|move|p2a: Iron Hands|Ice Punch|p1a: Chesnaught
|-activate|p1a: Chesnaught|move: Protect
|-damage|p2a: Iron Hands|73/100|[from] Spiky Shield|[of] p1a: Chesnaught
|
|-heal|p2a: Iron Hands|79/100|[from] item: Leftovers
|upkeep
|turn|21
|
|t:|1758276803
|-end|p2a: Iron Hands|Quark Drive|[silent]
|switch|p2a: Slowking|Slowking-Galar, M|100/100
|move|p1a: Chesnaught|Leech Seed|p2a: Slowking|[miss]
|-miss|p1a: Chesnaught|p2a: Slowking
|
|upkeep
|turn|22
|
|t:|1758276808
|move|p1a: Chesnaught|Leech Seed|p2a: Slowking
|-start|p2a: Slowking|move: Leech Seed
|-prepare|p2a: Slowking|Chilly Reception|[premajor]
|move|p2a: Slowking|Chilly Reception|p2a: Slowking
|-weather|Snowscape
|
|t:|1758276813
|switch|p2a: Meowscarada|Meowscarada, F|84/100|[from] Chilly Reception
|
|-weather|Snowscape|[upkeep]
|upkeep
|turn|23
|
|t:|1758276820
|move|p1a: Chesnaught|Spiky Shield|p1a: Chesnaught
|-singleturn|p1a: Chesnaught|move: Protect
|move|p2a: Meowscarada|Knock Off|p1a: Chesnaught
|-start|p2a: Meowscarada|typechange|Dark|[from] ability: Protean
|-activate|p1a: Chesnaught|move: Protect
|-damage|p2a: Meowscarada|72/100|[from] Spiky Shield|[of] p1a: Chesnaught
|
|-weather|Snowscape|[upkeep]
|upkeep
|turn|24
|
|t:|1758276836
|switch|p1a: Cyclizar|Cyclizar, F|100/100
|move|p2a: Meowscarada|Knock Off|p1a: Cyclizar
|-crit|p1a: Cyclizar
|-damage|p1a: Cyclizar|0 fnt
|-enditem|p1a: Cyclizar|Heavy-Duty Boots|[from] move: Knock Off|[of] p2a: Meowscarada
|faint|p1a: Cyclizar
|
|-weather|Snowscape|[upkeep]
|upkeep
|
|t:|1758276849
|switch|p1a: Crawdaunt|Crawdaunt, F|100/100
|turn|25
|
|t:|1758276852
|switch|p2a: Iron Hands|Iron Hands|79/100
|move|p1a: Crawdaunt|Swords Dance|p1a: Crawdaunt
|-boost|p1a: Crawdaunt|atk|2
|
|-weather|Snowscape|[upkeep]
|-heal|p2a: Iron Hands|85/100|[from] item: Leftovers
|upkeep
|turn|26
|
|t:|1758276882
|move|p1a: Crawdaunt|Knock Off|p2a: Iron Hands
|-resisted|p2a: Iron Hands
|-damage|p2a: Iron Hands|26/100
|-enditem|p2a: Iron Hands|Leftovers|[from] move: Knock Off|[of] p1a: Crawdaunt
|-damage|p1a: Crawdaunt|91/100|[from] item: Life Orb
|move|p2a: Iron Hands|Drain Punch|p1a: Crawdaunt
|-supereffective|p1a: Crawdaunt
|-damage|p1a: Crawdaunt|0 fnt
|-heal|p2a: Iron Hands|53/100|[from] drain|[of] p1a: Crawdaunt
|faint|p1a: Crawdaunt
|
|-weather|none
|upkeep
|inactive|Mist02 has 120 seconds left.
|-message|Mist02 forfeited.
|
|win|Le Colonel Reyel
|raw|Mist02's rating: 1294 &rarr; <strong>1267</strong><br />(-27 for losing)
|raw|Le Colonel Reyel's rating: 1268 &rarr; <strong>1295</strong><br />(+27 for winning)
|l|☆Mist02
|player|p1|
|l|☆Le Colonel Reyel
|player|p2|
