|j|☆zokua
|j|☆Dzac98
|inactive|Battle timer is ON: inactive players will automatically lose when time's up.
|t:|1758310992
|gametype|singles
|player|p1|zokua|lance|
|player|p2|Dzac98|acetrainer-gen4dp|
|gen|9
|tier|[Gen 9] OU
|rated|Tournament battle
|rule|HP Percentage Mod: HP is shown in percentages
|rule|Endless Battle Clause: Forcing endless battles is banned
|rule|Species Clause: Limit one of each Pokémon
|rule|OHKO Clause: OHKO moves are banned
|rule|Evasion Items Clause: Evasion items are banned
|rule|Evasion Moves Clause: Evasion moves are banned
|rule|Evasion Abilities Clause: Evasion abilities are banned
|rule|Sleep Moves Clause: Sleep-inducing moves are banned
|clearpoke
|poke|p1|Amoonguss, F|
|poke|p1|Toxapex, M|
|poke|p1|Corviknight, F|
|poke|p1|Dondozo, F|
|poke|p1|Blissey, F|
|poke|p1|Gliscor, F|
|poke|p2|Slowking-Galar, M|
|poke|p2|Scizor, F|
|poke|p2|Dragonite, F|
|poke|p2|Zamazenta-*|
|poke|p2|Primarina, M|
|poke|p2|Zapdos|
|teampreview
|j|*Lady Monita ☀
|inactive|zokua also wants the timer to be on.
|j| Albrtix
|inactive|Dzac98 has 120 seconds left.
|
|t:|1758311028
|teamsize|p1|6
|teamsize|p2|6
|start
|switch|p1a: Gliscor|Gliscor, F|100/100
|switch|p2a: Zapdos|Zapdos|100/100
|turn|1
|
|t:|1758311038
|move|p1a: Gliscor|Protect|p1a: Gliscor
|-singleturn|p1a: Gliscor|Protect
|move|p2a: Zapdos|Hurricane|p1a: Gliscor
|-activate|p1a: Gliscor|move: Protect
|
|-status|p1a: Gliscor|tox|[from] item: Toxic Orb
|upkeep
|turn|2
|
|t:|1758311044
|switch|p2a: Scizor|Scizor, F|100/100
|move|p1a: Gliscor|Knock Off|p2a: Scizor
|-damage|p2a: Scizor|76/100
|-enditem|p2a: Scizor|Choice Band|[from] move: Knock Off|[of] p1a: Gliscor
|
|upkeep
|turn|3
|
|t:|1758311047
|move|p1a: Gliscor|Earthquake|p2a: Scizor
|-damage|p2a: Scizor|38/100
|move|p2a: Scizor|Knock Off|p1a: Gliscor
|-damage|p1a: Gliscor|72/100 tox
|-enditem|p1a: Gliscor|Toxic Orb|[from] move: Knock Off|[of] p2a: Scizor
|
|-heal|p1a: Gliscor|84/100 tox|[from] ability: Poison Heal
|upkeep
|turn|4
|
|t:|1758311057
|switch|p2a: Zamazenta|Zamazenta|100/100
|-ability|p2a: Zamazenta|Dauntless Shield|boost
|-boost|p2a: Zamazenta|def|1
|move|p1a: Gliscor|Earthquake|p2a: Zamazenta
|-damage|p2a: Zamazenta|84/100
|
|-heal|p2a: Zamazenta|90/100|[from] item: Leftovers
|-heal|p1a: Gliscor|97/100 tox|[from] ability: Poison Heal
|upkeep
|turn|5
|
|t:|1758311067
|switch|p1a: Toxapex|Toxapex, M|100/100
|move|p2a: Zamazenta|Substitute|p2a: Zamazenta
|-start|p2a: Zamazenta|Substitute
|-damage|p2a: Zamazenta|65/100
|
|-heal|p2a: Zamazenta|71/100|[from] item: Leftovers
|upkeep
|turn|6
|
|t:|1758311074
|move|p2a: Zamazenta|Iron Defense|p2a: Zamazenta
|-boost|p2a: Zamazenta|def|2
|move|p1a: Toxapex|Haze|p1a: Toxapex
|-clearallboost
|
|-heal|p2a: Zamazenta|78/100|[from] item: Leftovers
|upkeep
|turn|7
|
|t:|1758311083
|switch|p1a: Corviknight|Corviknight, F|100/100
|-ability|p1a: Corviknight|Pressure
|move|p2a: Zamazenta|Iron Defense|p2a: Zamazenta
|-boost|p2a: Zamazenta|def|2
|
|-heal|p2a: Zamazenta|84/100|[from] item: Leftovers
|upkeep
|turn|8
|
|t:|1758311087
|move|p2a: Zamazenta|Iron Defense|p2a: Zamazenta
|-boost|p2a: Zamazenta|def|2
|move|p1a: Corviknight|Iron Defense|p1a: Corviknight
|-boost|p1a: Corviknight|def|2
|
|-heal|p2a: Zamazenta|90/100|[from] item: Leftovers
|upkeep
|turn|9
|
|t:|1758311090
|move|p2a: Zamazenta|Iron Defense|p2a: Zamazenta
|-boost|p2a: Zamazenta|def|2
|move|p1a: Corviknight|Iron Defense|p1a: Corviknight
|-boost|p1a: Corviknight|def|2
|
|-heal|p2a: Zamazenta|96/100|[from] item: Leftovers
|upkeep
|turn|10
|
|t:|1758311093
|move|p2a: Zamazenta|Body Press|p1a: Corviknight
|-damage|p1a: Corviknight|69/100
|move|p1a: Corviknight|Iron Defense|p1a: Corviknight
|-boost|p1a: Corviknight|def|2
|
|-heal|p2a: Zamazenta|100/100|[from] item: Leftovers
|upkeep
|turn|11
|
|t:|1758311098
|move|p2a: Zamazenta|Body Press|p1a: Corviknight
|-damage|p1a: Corviknight|48/100
|move|p1a: Corviknight|Body Press|p2a: Zamazenta
|-activate|p2a: Zamazenta|move: Substitute|[damage]
|
|upkeep
|turn|12
|
|t:|1758311103
|move|p2a: Zamazenta|Body Press|p1a: Corviknight
|-damage|p1a: Corviknight|26/100
|move|p1a: Corviknight|Roost|p1a: Corviknight
|-heal|p1a: Corviknight|76/100
|-singleturn|p1a: Corviknight|move: Roost
|
|upkeep
|turn|13
|
|t:|1758311114
|switch|p1a: Dondozo|Dondozo, F|100/100
|move|p2a: Zamazenta|Body Press|p1a: Dondozo
|-damage|p1a: Dondozo|84/100
|
|upkeep
|turn|14
|
|t:|1758311119
|move|p2a: Zamazenta|Crunch|p1a: Dondozo
|-damage|p1a: Dondozo|75/100
|-unboost|p1a: Dondozo|def|1
|move|p1a: Dondozo|Waterfall|p2a: Zamazenta
|-end|p2a: Zamazenta|Substitute
|
|upkeep
|turn|15
|
|t:|1758311133
|switch|p2a: Zapdos|Zapdos|100/100
|move|p1a: Dondozo|Curse|p1a: Dondozo
|-unboost|p1a: Dondozo|spe|1
|-boost|p1a: Dondozo|atk|1
|-boost|p1a: Dondozo|def|1
|
|upkeep
|turn|16
|
|t:|1758311140
|switch|p1a: Gliscor|Gliscor, F|97/100 tox
|move|p2a: Zapdos|Thunderbolt|p1a: Gliscor
|-immune|p1a: Gliscor
|
|-heal|p1a: Gliscor|100/100 tox|[from] ability: Poison Heal
|upkeep
|turn|17
|
|t:|1758311142
|move|p1a: Gliscor|Spikes|p2a: Zapdos
|-sidestart|p2: Dzac98|Spikes
|move|p2a: Zapdos|Hurricane|p1a: Gliscor
|-damage|p1a: Gliscor|59/100 tox
|-start|p1a: Gliscor|confusion
|
|-heal|p1a: Gliscor|71/100 tox|[from] ability: Poison Heal
|upkeep
|turn|18
|
|t:|1758311149
|switch|p2a: Scizor|Scizor, F|38/100
|-damage|p2a: Scizor|26/100|[from] Spikes
|-activate|p1a: Gliscor|confusion
|move|p1a: Gliscor|Knock Off|p2a: Scizor
|-damage|p2a: Scizor|10/100
|
|-heal|p1a: Gliscor|84/100 tox|[from] ability: Poison Heal
|upkeep
|turn|19
|
|t:|1758311155
|-activate|p1a: Gliscor|confusion
|move|p1a: Gliscor|Earthquake|p2a: Scizor
|-damage|p2a: Scizor|0 fnt
|faint|p2a: Scizor
|
|-heal|p1a: Gliscor|96/100 tox|[from] ability: Poison Heal
|upkeep
|
|t:|1758311159
|switch|p2a: Primarina|Primarina, M|100/100
|-damage|p2a: Primarina|88/100|[from] Spikes
|turn|20
|
|t:|1758311165
|switch|p1a: Toxapex|Toxapex, M|100/100
|move|p2a: Primarina|Surf|p1a: Toxapex
|-resisted|p1a: Toxapex
|-damage|p1a: Toxapex|84/100
|
|upkeep
|turn|21
|
|t:|1758311170
|switch|p2a: Zapdos|Zapdos|100/100
|move|p1a: Toxapex|Toxic|p2a: Zapdos
|-status|p2a: Zapdos|tox
|
|-damage|p2a: Zapdos|94/100 tox|[from] psn
|upkeep
|turn|22
|
|t:|1758311187
|switch|p1a: Gliscor|Gliscor, F|96/100 tox
|move|p2a: Zapdos|Hurricane|p1a: Gliscor|[miss]
|-miss|p2a: Zapdos|p1a: Gliscor
|
|-heal|p1a: Gliscor|100/100 tox|[from] ability: Poison Heal
|-damage|p2a: Zapdos|82/100 tox|[from] psn
|upkeep
|turn|23
|
|t:|1758311191
|move|p1a: Gliscor|Knock Off|p2a: Zapdos
|-damage|p2a: Zapdos|67/100 tox
|-enditem|p2a: Zapdos|Heavy-Duty Boots|[from] move: Knock Off|[of] p1a: Gliscor
|move|p2a: Zapdos|Hurricane|p1a: Gliscor|[miss]
|-miss|p2a: Zapdos|p1a: Gliscor
|
|-damage|p2a: Zapdos|49/100 tox|[from] psn
|upkeep
|turn|24
|
|t:|1758311197
|move|p1a: Gliscor|Spikes|p2a: Zapdos
|-sidestart|p2: Dzac98|Spikes
|move|p2a: Zapdos|Roost|p2a: Zapdos
|-heal|p2a: Zapdos|99/100 tox
|-singleturn|p2a: Zapdos|move: Roost
|
|-damage|p2a: Zapdos|75/100 tox|[from] psn
|upkeep
|turn|25
|
|t:|1758311200
|switch|p2a: Primarina|Primarina, M|88/100
|-damage|p2a: Primarina|72/100|[from] Spikes
|move|p1a: Gliscor|Spikes|p2a: Primarina
|-sidestart|p2: Dzac98|Spikes
|
|upkeep
|turn|26
|
|t:|1758311204
|-terastallize|p2a: Primarina|Grass
|move|p1a: Gliscor|Protect|p1a: Gliscor
|-singleturn|p1a: Gliscor|Protect
|move|p2a: Primarina|Energy Ball|p1a: Gliscor
|-activate|p1a: Gliscor|move: Protect
|
|upkeep
|turn|27
|
|t:|1758311212
|switch|p1a: Blissey|Blissey, F|100/100
|move|p2a: Primarina|Ice Beam|p1a: Blissey
|-damage|p1a: Blissey|90/100
|
|upkeep
|turn|28
|
|t:|1758311221
|switch|p2a: Dragonite|Dragonite, F|100/100
|move|p1a: Blissey|Stealth Rock|p2a: Dragonite
|-sidestart|p2: Dzac98|move: Stealth Rock
|
|upkeep
|turn|29
|
|t:|1758311228
|switch|p1a: Amoonguss|Amoonguss, F|100/100
|move|p2a: Dragonite|Earthquake|p1a: Amoonguss
|-damage|p1a: Amoonguss|74/100
|
|upkeep
|turn|30
|
|t:|1758311234
|move|p2a: Dragonite|Earthquake|p1a: Amoonguss
|-damage|p1a: Amoonguss|46/100
|move|p1a: Amoonguss|Toxic|p2a: Dragonite
|-status|p2a: Dragonite|tox
|
|-damage|p2a: Dragonite|94/100 tox|[from] psn
|upkeep
|turn|31
|
|t:|1758311236
|move|p2a: Dragonite|Earthquake|p1a: Amoonguss
|-damage|p1a: Amoonguss|17/100
|move|p1a: Amoonguss|Synthesis|p1a: Amoonguss
|-heal|p1a: Amoonguss|67/100
|
|-damage|p2a: Dragonite|82/100 tox|[from] psn
|upkeep
|turn|32
|
|t:|1758311246
|switch|p2a: Slowking|Slowking-Galar, M|100/100
|move|p1a: Amoonguss|Foul Play|p2a: Slowking
|-supereffective|p2a: Slowking
|-damage|p2a: Slowking|79/100
|
|upkeep
|turn|33
|
|t:|1758311254
|switch|p1a: Blissey|Blissey, F|90/100
|move|p2a: Slowking|Ice Beam|p1a: Blissey
|-crit|p1a: Blissey
|-damage|p1a: Blissey|79/100
|
|upkeep
|turn|34
|c|☆zokua|gg dude
|-message|Dzac98 forfeited.
|
|win|zokua
|n|☆zokua|zokua
|n|☆Dzac98|dzac98
|n|*Lady Monita ☀|ladymonita
|n| Albrtix|albrtix
|l|☆Dzac98
|player|p2|
