|badge|p1|bronze|gen9ou|100-6
|uhtml|medal-msg|<div class="broadcast-blue">Curious what those medals under the avatar are? PS now has Ladder Seasons! For more information, check out the <a href="https://www.smogon.com/forums/threads/3740067/">thread on Smogon.</a></div>
|j|☆Koto5blue
|j|☆Reaper P2
|inactive|Battle timer is ON: inactive players will automatically lose when time's up.
|t:|1758310591
|gametype|singles
|player|p1|Koto5blue|red-masters3|
|player|p2|Reaper P2|may-masters2|
|gen|9
|tier|[Gen 9] OU
|rated|Tournament battle
|rule|HP Percentage Mod: HP is shown in percentages
|rule|Endless Battle Clause: Forcing endless battles is banned
|rule|Species Clause: Limit one of each Pokémon
|rule|OHKO Clause: OHKO moves are banned
|rule|Evasion Items Clause: Evasion items are banned
|rule|Evasion Moves Clause: Evasion moves are banned
|rule|Evasion Abilities Clause: Evasion abilities are banned
|rule|Sleep Moves Clause: Sleep-inducing moves are banned
|clearpoke
|poke|p1|Kyurem|
|poke|p1|Kingambit, F|
|poke|p1|Zamazenta-*|
|poke|p1|Great Tusk|
|poke|p1|Zapdos|
|poke|p1|Empoleon, M|
|poke|p2|Landorus-Therian, M|
|poke|p2|Samurott-Hisui, M|
|poke|p2|Pecharunt|
|poke|p2|Scizor, F|
|poke|p2|Latios, M|
|poke|p2|Zamazenta-*|
|teampreview
|j|*Lady Monita ☀
|inactive|Koto5blue also wants the timer to be on.
|inactive|Reaper P2 has 120 seconds left.
|inactive|Reaper P2 has 90 seconds left.
|inactive|Reaper P2 has 60 seconds left.
|
|t:|1758310689
|teamsize|p1|6
|teamsize|p2|6
|start
|switch|p1a: Zapdos|Zapdos|100/100
|switch|p2a: Latios|Latios, M|100/100
|turn|1
|
|t:|1758310695
|switch|p1a: Empoleon|Empoleon, M|100/100
|move|p2a: Latios|Calm Mind|p2a: Latios
|-boost|p2a: Latios|spa|1
|-boost|p2a: Latios|spd|1
|
|upkeep
|turn|2
|
|t:|1758310703
|move|p2a: Latios|Calm Mind|p2a: Latios
|-boost|p2a: Latios|spa|1
|-boost|p2a: Latios|spd|1
|move|p1a: Empoleon|Ice Beam|p2a: Latios
|-supereffective|p2a: Latios
|-damage|p2a: Latios|66/100
|
|upkeep
|turn|3
|
|t:|1758310706
|move|p2a: Latios|Psychic Noise|p1a: Empoleon
|-resisted|p1a: Empoleon
|-damage|p1a: Empoleon|60/100
|-start|p1a: Empoleon|move: Heal Block
|move|p1a: Empoleon|Ice Beam|p2a: Latios
|-supereffective|p2a: Latios
|-damage|p2a: Latios|35/100
|
|upkeep
|turn|4
|
|t:|1758310712
|move|p2a: Latios|Recover|p2a: Latios
|-heal|p2a: Latios|86/100
|move|p1a: Empoleon|Ice Beam|p2a: Latios
|-supereffective|p2a: Latios
|-damage|p2a: Latios|53/100
|
|-end|p1a: Empoleon|move: Heal Block
|upkeep
|turn|5
|
|t:|1758310714
|move|p2a: Latios|Draco Meteor|p1a: Empoleon
|-resisted|p1a: Empoleon
|-damage|p1a: Empoleon|0 fnt
|-unboost|p2a: Latios|spa|2
|faint|p1a: Empoleon
|
|upkeep
|
|t:|1758310718
|switch|p1a: Zamazenta|Zamazenta|100/100
|-ability|p1a: Zamazenta|Dauntless Shield|boost
|-boost|p1a: Zamazenta|def|1
|turn|6
|
|t:|1758310722
|switch|p2a: Pecharunt|Pecharunt|100/100
|move|p1a: Zamazenta|Crunch|p2a: Pecharunt
|-supereffective|p2a: Pecharunt
|-damage|p2a: Pecharunt|55/100
|-damage|p1a: Zamazenta|91/100|[from] item: Life Orb
|
|upkeep
|turn|7
|
|t:|1758310725
|-terastallize|p1a: Zamazenta|Dark
|move|p1a: Zamazenta|Crunch|p2a: Pecharunt
|-supereffective|p2a: Pecharunt
|-damage|p2a: Pecharunt|0 fnt
|faint|p2a: Pecharunt
|-damage|p1a: Zamazenta|81/100|[from] item: Life Orb
|
|upkeep
|
|t:|1758310730
|switch|p2a: Landorus|Landorus-Therian, M|100/100
|-ability|p2a: Landorus|Intimidate|boost
|-unboost|p1a: Zamazenta|atk|1
|turn|8
|j| Albrtix
|
|t:|1758310733
|switch|p1a: Zapdos|Zapdos|100/100
|move|p2a: Landorus|Stealth Rock|p1a: Zapdos
|-sidestart|p1: Koto5blue|move: Stealth Rock
|
|upkeep
|turn|9
|
|t:|1758310739
|move|p1a: Zapdos|Heat Wave|p2a: Landorus
|-damage|p2a: Landorus|65/100
|move|p2a: Landorus|Smack Down|p1a: Zapdos
|-supereffective|p1a: Zapdos
|-damage|p1a: Zapdos|64/100
|-start|p1a: Zapdos|Smack Down
|
|upkeep
|turn|10
|
|t:|1758310743
|switch|p1a: Great Tusk|Great Tusk|100/100
|move|p2a: Landorus|Earthquake|p1a: Great Tusk
|-damage|p1a: Great Tusk|65/100
|
|upkeep
|turn|11
|
|t:|1758310764
|-terastallize|p2a: Landorus|Ghost
|move|p2a: Landorus|Earthquake|p1a: Great Tusk
|-damage|p1a: Great Tusk|32/100
|move|p1a: Great Tusk|Rapid Spin|p2a: Landorus
|-immune|p2a: Landorus
|
|upkeep
|turn|12
|
|t:|1758310768
|move|p2a: Landorus|Earthquake|p1a: Great Tusk
|-damage|p1a: Great Tusk|0 fnt
|faint|p1a: Great Tusk
|-end|p1a: Great Tusk|Protosynthesis|[silent]
|
|upkeep
|
|t:|1758310774
|switch|p1a: Zamazenta|Zamazenta, tera:Dark|81/100
|-damage|p1a: Zamazenta|68/100|[from] Stealth Rock
|turn|13
|
|t:|1758310782
|switch|p2a: Zamazenta|Zamazenta|100/100
|-ability|p2a: Zamazenta|Dauntless Shield|boost
|-boost|p2a: Zamazenta|def|1
|move|p1a: Zamazenta|Crunch|p2a: Zamazenta
|-resisted|p2a: Zamazenta
|-damage|p2a: Zamazenta|87/100
|-damage|p1a: Zamazenta|59/100|[from] item: Life Orb
|
|-heal|p2a: Zamazenta|94/100|[from] item: Leftovers
|upkeep
|turn|14
|
|t:|1758310787
|switch|p1a: Zapdos|Zapdos|64/100
|-damage|p1a: Zapdos|39/100|[from] Stealth Rock
|move|p2a: Zamazenta|Iron Defense|p2a: Zamazenta
|-boost|p2a: Zamazenta|def|2
|
|-heal|p2a: Zamazenta|99/100|[from] item: Leftovers
|upkeep
|turn|15
|
|t:|1758310789
|move|p2a: Zamazenta|Body Press|p1a: Zapdos
|-resisted|p1a: Zapdos
|-damage|p1a: Zapdos|0 fnt
|faint|p1a: Zapdos
|
|-heal|p2a: Zamazenta|100/100|[from] item: Leftovers
|upkeep
|
|t:|1758310792
|switch|p1a: Kyurem|Kyurem|100/100
|-damage|p1a: Kyurem|76/100|[from] Stealth Rock
|-ability|p1a: Kyurem|Pressure
|turn|16
|c|☆Koto5blue|gg
|
|t:|1758310798
|move|p2a: Zamazenta|Body Press|p1a: Kyurem
|-supereffective|p1a: Kyurem
|-damage|p1a: Kyurem|0 fnt
|faint|p1a: Kyurem
|
|upkeep
|
|t:|1758310800
|switch|p1a: Kingambit|Kingambit, F|100/100
|-damage|p1a: Kingambit|94/100|[from] Stealth Rock
|-activate|p1a: Kingambit|ability: Supreme Overlord
|-start|p1a: Kingambit|fallen4|[silent]
|turn|17
|
|t:|1758310803
|move|p2a: Zamazenta|Body Press|p1a: Kingambit
|-supereffective|p1a: Kingambit
|-damage|p1a: Kingambit|0 fnt
|faint|p1a: Kingambit
|-end|p1a: Kingambit|fallen4|[silent]
|
|upkeep
|
|t:|1758310805
|switch|p1a: Zamazenta|Zamazenta, tera:Dark|59/100
|-damage|p1a: Zamazenta|46/100|[from] Stealth Rock
|turn|18
|
|t:|1758310811
|move|p2a: Zamazenta|Body Press|p1a: Zamazenta
|-supereffective|p1a: Zamazenta
|-damage|p1a: Zamazenta|0 fnt
|faint|p1a: Zamazenta
|
|win|Reaper P2
|n|☆Koto5blue|koto5blue
|n|☆Reaper P2|reaperp2
|n|*Lady Monita ☀|ladymonita
|n| Albrtix|albrtix
|l|*Lady Monita ☀
|l|☆Reaper P2
|player|p2|
|l|☆Koto5blue
|player|p1|
