|j|☆po1ux
|j|☆codemelo
|t:|1758258195
|gametype|singles
|player|p1|po1ux|brock|1130
|player|p2|codemelo|falkner|1137
|gen|9
|tier|[Gen 9] OU
|rated|
|rule|HP Percentage Mod: HP is shown in percentages
|rule|Endless Battle Clause: Forcing endless battles is banned
|rule|Species Clause: Limit one of each Pokémon
|rule|OHKO Clause: OHKO moves are banned
|rule|Evasion Items Clause: Evasion items are banned
|rule|Evasion Moves Clause: Evasion moves are banned
|rule|Evasion Abilities Clause: Evasion abilities are banned
|rule|Sleep Moves Clause: Sleep-inducing moves are banned
|clearpoke
|poke|p1|Toxapex, F|
|poke|p1|Gliscor, F|
|poke|p1|Corviknight, M|
|poke|p1|Dondozo, M|
|poke|p1|Blissey, F|
|poke|p1|Gholdengo|
|poke|p2|Great Tusk|
|poke|p2|Iron Valiant|
|poke|p2|Dragonite, F|
|poke|p2|Kingambit, M|
|poke|p2|Rotom-Wash|
|poke|p2|Gholdengo|
|teampreview
|inactive|Battle timer is ON: inactive players will automatically lose when time's up. (requested by codemelo)
|
|t:|1758258209
|teamsize|p1|6
|teamsize|p2|6
|start
|switch|p1a: Gliscor|Gliscor, F|100/100
|switch|p2a: Great Tusk|Great Tusk|100/100
|turn|1
|
|t:|1758258217
|move|p1a: Gliscor|Protect|p1a: Gliscor
|-singleturn|p1a: Gliscor|Protect
|move|p2a: Great Tusk|Stealth Rock|p1a: Gliscor
|-sidestart|p1: po1ux|move: Stealth Rock
|
|-status|p1a: Gliscor|tox|[from] item: Toxic Orb
|upkeep
|turn|2
|
|t:|1758258224
|-end|p2a: Great Tusk|Protosynthesis|[silent]
|switch|p2a: Rotom|Rotom-Wash|100/100
|move|p1a: Gliscor|Spikes|p2a: Rotom
|-sidestart|p2: codemelo|Spikes
|
|upkeep
|turn|3
|
|t:|1758258249
|switch|p1a: Blissey|Blissey, F|100/100
|move|p2a: Rotom|Hydro Pump|p1a: Blissey
|-damage|p1a: Blissey|89/100
|
|upkeep
|turn|4
|
|t:|1758258260
|switch|p2a: Great Tusk|Great Tusk|100/100
|-damage|p2a: Great Tusk|88/100|[from] Spikes
|move|p1a: Blissey|Stealth Rock|p2a: Great Tusk
|-sidestart|p2: codemelo|move: Stealth Rock
|
|-heal|p2a: Great Tusk|94/100|[from] item: Leftovers
|upkeep
|turn|5
|
|t:|1758258274
|switch|p1a: Corviknight|Corviknight, M, shiny|100/100
|-damage|p1a: Corviknight|88/100|[from] Stealth Rock
|-ability|p1a: Corviknight|Pressure
|move|p2a: Great Tusk|Rapid Spin|p1a: Corviknight
|-resisted|p1a: Corviknight
|-damage|p1a: Corviknight|83/100
|-boost|p2a: Great Tusk|spe|1
|-damage|p2a: Great Tusk|78/100|[from] item: Rocky Helmet|[of] p1a: Corviknight
|-sideend|p2: codemelo|Spikes|[from] move: Rapid Spin|[of] p2a: Great Tusk
|-sideend|p2: codemelo|Stealth Rock|[from] move: Rapid Spin|[of] p2a: Great Tusk
|
|-heal|p2a: Great Tusk|84/100|[from] item: Leftovers
|upkeep
|turn|6
|inactive|codemelo has 120 seconds left.
|
|t:|1758258305
|-end|p2a: Great Tusk|Protosynthesis|[silent]
|switch|p2a: Dragonite|Dragonite, F|100/100
|move|p1a: Corviknight|Defog|p2a: Dragonite
|-unboost|p2a: Dragonite|evasion|1
|-sideend|p1: po1ux|Stealth Rock|[from] move: Defog|[of] p1a: Corviknight
|
|upkeep
|turn|7
|inactive|po1ux has 120 seconds left.
|
|t:|1758258334
|switch|p1a: Dondozo|Dondozo, M|100/100
|move|p2a: Dragonite|Fire Punch|p1a: Dondozo
|-resisted|p1a: Dondozo
|-damage|p1a: Dondozo|94/100
|
|upkeep
|turn|8
|
|t:|1758258344
|switch|p2a: Rotom|Rotom-Wash|100/100
|move|p1a: Dondozo|Sleep Talk||[still]
|-fail|p1a: Dondozo
|
|upkeep
|turn|9
|inactive|po1ux has 120 seconds left.
|
|t:|1758258359
|switch|p1a: Blissey|Blissey, F|89/100
|move|p2a: Rotom|Volt Switch|p1a: Blissey
|-damage|p1a: Blissey|81/100
|inactive|codemelo has 120 seconds left.
|
|t:|1758258372
|switch|p2a: Dragonite|Dragonite, F|100/100|[from] Volt Switch
|
|upkeep
|turn|10
|inactive|po1ux has 120 seconds left.
|
|t:|1758258385
|switch|p1a: Toxapex|Toxapex, F, shiny|100/100
|move|p2a: Dragonite|Dragon Dance|p2a: Dragonite
|-boost|p2a: Dragonite|atk|1
|-boost|p2a: Dragonite|spe|1
|
|upkeep
|turn|11
|inactive|po1ux has 120 seconds left.
|inactive|codemelo has 120 seconds left.
|
|t:|1758258418
|move|p1a: Toxapex|Baneful Bunker|p1a: Toxapex
|-singleturn|p1a: Toxapex|move: Protect
|move|p2a: Dragonite|Earthquake|p1a: Toxapex
|-activate|p1a: Toxapex|move: Protect
|
|upkeep
|turn|12
|
|t:|1758258427
|switch|p1a: Gliscor|Gliscor, F|100/100 tox
|move|p2a: Dragonite|Earthquake|p1a: Gliscor
|-immune|p1a: Gliscor
|
|upkeep
|turn|13
|inactive|po1ux has 120 seconds left.
|
|t:|1758258439
|switch|p2a: Rotom|Rotom-Wash|100/100
|move|p1a: Gliscor|Knock Off|p2a: Rotom
|-damage|p2a: Rotom|76/100
|-enditem|p2a: Rotom|Leftovers|[from] move: Knock Off|[of] p1a: Gliscor
|
|upkeep
|turn|14
|inactive|po1ux has 120 seconds left.
|
|t:|1758258450
|switch|p1a: Blissey|Blissey, F|81/100
|move|p2a: Rotom|Hydro Pump|p1a: Blissey
|-damage|p1a: Blissey|69/100
|
|upkeep
|turn|15
|inactive|po1ux has 120 seconds left.
|inactive|codemelo has 120 seconds left.
|
|t:|1758258457
|move|p2a: Rotom|Will-O-Wisp|p1a: Blissey
|-status|p1a: Blissey|brn
|move|p1a: Blissey|Stealth Rock|p2a: Rotom
|-sidestart|p2: codemelo|move: Stealth Rock
|
|-damage|p1a: Blissey|63/100 brn|[from] brn
|upkeep
|turn|16
|
|t:|1758258465
|switch|p2a: Great Tusk|Great Tusk|84/100
|-damage|p2a: Great Tusk|81/100|[from] Stealth Rock
|move|p1a: Blissey|Soft-Boiled|p1a: Blissey
|-heal|p1a: Blissey|100/100 brn
|
|-heal|p2a: Great Tusk|87/100|[from] item: Leftovers
|-damage|p1a: Blissey|94/100 brn|[from] brn
|upkeep
|turn|17
|
|t:|1758258479
|-curestatus|p1a: Blissey|brn|[from] ability: Natural Cure
|switch|p1a: Gholdengo|Gholdengo|100/100
|-item|p1a: Gholdengo|Air Balloon
|move|p2a: Great Tusk|Stealth Rock|p1a: Gholdengo
|-sidestart|p1: po1ux|move: Stealth Rock
|
|-heal|p2a: Great Tusk|93/100|[from] item: Leftovers
|upkeep
|turn|18
|inactive|po1ux has 120 seconds left.
|inactive|codemelo has 120 seconds left.
|
|t:|1758258506
|move|p1a: Gholdengo|Nasty Plot|p1a: Gholdengo
|-boost|p1a: Gholdengo|spa|2
|move|p2a: Great Tusk|Earthquake|p1a: Gholdengo
|-immune|p1a: Gholdengo
|
|-heal|p2a: Great Tusk|99/100|[from] item: Leftovers
|upkeep
|turn|19
|inactive|po1ux has 120 seconds left.
|
|t:|1758258519
|-end|p2a: Great Tusk|Protosynthesis|[silent]
|switch|p2a: Kingambit|Kingambit, M|100/100
|-damage|p2a: Kingambit|94/100|[from] Stealth Rock
|move|p1a: Gholdengo|Make It Rain|p2a: Kingambit
|-resisted|p2a: Kingambit
|-damage|p2a: Kingambit|46/100
|-unboost|p1a: Gholdengo|spa|1
|
|upkeep
|turn|20
|
|t:|1758258528
|move|p2a: Kingambit|Sucker Punch|p1a: Gholdengo
|-supereffective|p1a: Gholdengo
|-damage|p1a: Gholdengo|31/100
|-enditem|p1a: Gholdengo|Air Balloon
|move|p1a: Gholdengo|Make It Rain|p2a: Kingambit
|-resisted|p2a: Kingambit
|-damage|p2a: Kingambit|11/100
|-unboost|p1a: Gholdengo|spa|1
|
|upkeep
|turn|21
|inactive|codemelo has 120 seconds left.
|inactive|po1ux has 120 seconds left.
|
|t:|1758258555
|switch|p1a: Gliscor|Gliscor, F|100/100 tox
|-damage|p1a: Gliscor|88/100 tox|[from] Stealth Rock
|move|p2a: Kingambit|Sucker Punch||[still]
|-fail|p2a: Kingambit
|
|-heal|p1a: Gliscor|100/100 tox|[from] ability: Poison Heal
|upkeep
|turn|22
|
|t:|1758258569
|-end|p2a: Kingambit|fallenundefined|[silent]
|switch|p2a: Rotom|Rotom-Wash|76/100
|-damage|p2a: Rotom|64/100|[from] Stealth Rock
|move|p1a: Gliscor|Spikes|p2a: Rotom
|-sidestart|p2: codemelo|Spikes
|
|upkeep
|turn|23
|
|t:|1758258584
|switch|p1a: Blissey|Blissey, F|94/100
|move|p2a: Rotom|Will-O-Wisp|p1a: Blissey
|-status|p1a: Blissey|brn
|
|-damage|p1a: Blissey|88/100 brn|[from] brn
|upkeep
|turn|24
|
|t:|1758258593
|switch|p2a: Great Tusk|Great Tusk|99/100
|-damage|p2a: Great Tusk|97/100|[from] Stealth Rock
|-damage|p2a: Great Tusk|84/100|[from] Spikes
|move|p1a: Blissey|Shadow Ball|p2a: Great Tusk
|-damage|p2a: Great Tusk|65/100
|
|-heal|p2a: Great Tusk|71/100|[from] item: Leftovers
|-damage|p1a: Blissey|82/100 brn|[from] brn
|upkeep
|turn|25
|inactive|po1ux has 120 seconds left.
|
|t:|1758258619
|-curestatus|p1a: Blissey|brn|[from] ability: Natural Cure
|switch|p1a: Corviknight|Corviknight, M, shiny|83/100
|-damage|p1a: Corviknight|71/100|[from] Stealth Rock
|-ability|p1a: Corviknight|Pressure
|move|p2a: Great Tusk|Rapid Spin|p1a: Corviknight
|-resisted|p1a: Corviknight
|-damage|p1a: Corviknight|66/100
|-boost|p2a: Great Tusk|spe|1
|-damage|p2a: Great Tusk|55/100|[from] item: Rocky Helmet|[of] p1a: Corviknight
|-sideend|p2: codemelo|Spikes|[from] move: Rapid Spin|[of] p2a: Great Tusk
|-sideend|p2: codemelo|Stealth Rock|[from] move: Rapid Spin|[of] p2a: Great Tusk
|
|-heal|p2a: Great Tusk|61/100|[from] item: Leftovers
|upkeep
|turn|26
|
|t:|1758258636
|-end|p2a: Great Tusk|Protosynthesis|[silent]
|switch|p2a: Dragonite|Dragonite, F|100/100
|move|p1a: Corviknight|Defog|p2a: Dragonite
|-unboost|p2a: Dragonite|evasion|1
|-sideend|p1: po1ux|Stealth Rock|[from] move: Defog|[of] p1a: Corviknight
|
|upkeep
|turn|27
|inactive|po1ux has 90 seconds left.
|
|t:|1758258654
|switch|p1a: Gliscor|Gliscor, F|100/100 tox
|move|p2a: Dragonite|Dragon Dance|p2a: Dragonite
|-boost|p2a: Dragonite|atk|1
|-boost|p2a: Dragonite|spe|1
|
|upkeep
|turn|28
|
|t:|1758258663
|move|p2a: Dragonite|Extreme Speed|p1a: Gliscor
|-damage|p1a: Gliscor|73/100 tox
|move|p1a: Gliscor|Spikes|p2a: Dragonite
|-sidestart|p2: codemelo|Spikes
|
|-heal|p1a: Gliscor|85/100 tox|[from] ability: Poison Heal
|upkeep
|turn|29
|
|t:|1758258671
|switch|p2a: Rotom|Rotom-Wash|64/100
|move|p1a: Gliscor|Knock Off|p2a: Rotom
|-damage|p2a: Rotom|49/100
|
|-heal|p1a: Gliscor|98/100 tox|[from] ability: Poison Heal
|upkeep
|turn|30
|
|t:|1758258681
|switch|p1a: Blissey|Blissey, F|82/100
|move|p2a: Rotom|Hydro Pump|p1a: Blissey
|-damage|p1a: Blissey|71/100
|
|upkeep
|turn|31
|
|t:|1758258688
|switch|p2a: Great Tusk|Great Tusk|61/100
|-damage|p2a: Great Tusk|49/100|[from] Spikes
|move|p1a: Blissey|Stealth Rock|p2a: Great Tusk
|-sidestart|p2: codemelo|move: Stealth Rock
|
|-heal|p2a: Great Tusk|55/100|[from] item: Leftovers
|upkeep
|turn|32
|
|t:|1758258696
|switch|p1a: Gholdengo|Gholdengo|31/100
|move|p2a: Great Tusk|Rapid Spin|p1a: Gholdengo
|-immune|p1a: Gholdengo
|
|-heal|p2a: Great Tusk|61/100|[from] item: Leftovers
|upkeep
|turn|33
|inactive|po1ux has 120 seconds left.
|
|t:|1758258710
|switch|p1a: Corviknight|Corviknight, M, shiny|66/100
|-ability|p1a: Corviknight|Pressure
|move|p2a: Great Tusk|Knock Off|p1a: Corviknight
|-damage|p1a: Corviknight|46/100
|-damage|p2a: Great Tusk|45/100|[from] item: Rocky Helmet|[of] p1a: Corviknight
|-enditem|p1a: Corviknight|Rocky Helmet|[from] move: Knock Off|[of] p2a: Great Tusk
|
|-heal|p2a: Great Tusk|51/100|[from] item: Leftovers
|upkeep
|turn|34
|inactive|po1ux has 120 seconds left.
|
|t:|1758258721
|-end|p2a: Great Tusk|Protosynthesis|[silent]
|switch|p2a: Dragonite|Dragonite, F|100/100
|move|p1a: Corviknight|Roost|p1a: Corviknight
|-heal|p1a: Corviknight|97/100
|-singleturn|p1a: Corviknight|move: Roost
|
|upkeep
|turn|35
|inactive|po1ux has 120 seconds left.
|
|t:|1758258746
|switch|p1a: Gliscor|Gliscor, F|98/100 tox
|move|p2a: Dragonite|Fire Punch|p1a: Gliscor
|-damage|p1a: Gliscor|77/100 tox
|
|-heal|p1a: Gliscor|90/100 tox|[from] ability: Poison Heal
|upkeep
|turn|36
|
|t:|1758258755
|switch|p2a: Rotom|Rotom-Wash|49/100
|-damage|p2a: Rotom|36/100|[from] Stealth Rock
|move|p1a: Gliscor|Spikes|p2a: Rotom
|-sidestart|p2: codemelo|Spikes
|
|-heal|p1a: Gliscor|100/100 tox|[from] ability: Poison Heal
|upkeep
|turn|37
|
|t:|1758258766
|move|p1a: Gliscor|Protect|p1a: Gliscor
|-singleturn|p1a: Gliscor|Protect
|move|p2a: Rotom|Hydro Pump|p1a: Gliscor
|-activate|p1a: Gliscor|move: Protect
|
|upkeep
|turn|38
|
|t:|1758258791
|switch|p1a: Toxapex|Toxapex, F, shiny|100/100
|move|p2a: Rotom|Hydro Pump|p1a: Toxapex|[miss]
|-miss|p2a: Rotom|p1a: Toxapex
|
|upkeep
|turn|39
|
|t:|1758258801
|switch|p2a: Great Tusk|Great Tusk|51/100
|-damage|p2a: Great Tusk|34/100|[from] Spikes
|-damage|p2a: Great Tusk|31/100|[from] Stealth Rock
|move|p1a: Toxapex|Toxic|p2a: Great Tusk
|-status|p2a: Great Tusk|tox
|
|-heal|p2a: Great Tusk|37/100 tox|[from] item: Leftovers
|-damage|p2a: Great Tusk|31/100 tox|[from] psn
|upkeep
|turn|40
|
|t:|1758258815
|move|p1a: Toxapex|Baneful Bunker|p1a: Toxapex
|-singleturn|p1a: Toxapex|move: Protect
|move|p2a: Great Tusk|Rapid Spin|p1a: Toxapex
|-activate|p1a: Toxapex|move: Protect
|
|-heal|p2a: Great Tusk|37/100 tox|[from] item: Leftovers
|-damage|p2a: Great Tusk|25/100 tox|[from] psn
|upkeep
|turn|41
|
|t:|1758258833
|switch|p1a: Gliscor|Gliscor, F|100/100 tox
|move|p2a: Great Tusk|Rapid Spin|p1a: Gliscor
|-damage|p1a: Gliscor|92/100 tox
|-boost|p2a: Great Tusk|spe|1
|-sideend|p2: codemelo|Spikes|[from] move: Rapid Spin|[of] p2a: Great Tusk
|-sideend|p2: codemelo|Stealth Rock|[from] move: Rapid Spin|[of] p2a: Great Tusk
|
|-heal|p2a: Great Tusk|31/100 tox|[from] item: Leftovers
|-damage|p2a: Great Tusk|12/100 tox|[from] psn
|-heal|p1a: Gliscor|100/100 tox|[from] ability: Poison Heal
|upkeep
|turn|42
|
|t:|1758258845
|-end|p2a: Great Tusk|Protosynthesis|[silent]
|switch|p2a: Gholdengo|Gholdengo|100/100
|move|p1a: Gliscor|Spikes|p2a: Gholdengo
|-sidestart|p2: codemelo|Spikes
|
|upkeep
|turn|43
|
|t:|1758258852
|switch|p1a: Blissey|Blissey, F|71/100
|move|p2a: Gholdengo|Make It Rain|p1a: Blissey
|-damage|p1a: Blissey|43/100
|-unboost|p2a: Gholdengo|spa|1
|
|upkeep
|turn|44
|
|t:|1758258865
|move|p2a: Gholdengo|Make It Rain|p1a: Blissey
|-damage|p1a: Blissey|25/100
|-unboost|p2a: Gholdengo|spa|1
|move|p1a: Blissey|Soft-Boiled|p1a: Blissey
|-heal|p1a: Blissey|75/100
|
|upkeep
|turn|45
|
|t:|1758258878
|switch|p2a: Dragonite|Dragonite, F|100/100
|move|p1a: Blissey|Calm Mind|p1a: Blissey
|-boost|p1a: Blissey|spa|1
|-boost|p1a: Blissey|spd|1
|
|upkeep
|turn|46
|
|t:|1758258890
|switch|p1a: Gliscor|Gliscor, F|100/100 tox
|move|p2a: Dragonite|Dragon Dance|p2a: Dragonite
|-boost|p2a: Dragonite|atk|1
|-boost|p2a: Dragonite|spe|1
|
|upkeep
|turn|47
|
|t:|1758258898
|move|p2a: Dragonite|Dragon Dance|p2a: Dragonite
|-boost|p2a: Dragonite|atk|1
|-boost|p2a: Dragonite|spe|1
|move|p1a: Gliscor|Spikes|p2a: Dragonite
|-sidestart|p2: codemelo|Spikes
|
|upkeep
|turn|48
|inactive|po1ux has 120 seconds left.
|
|t:|1758258915
|switch|p1a: Dondozo|Dondozo, M|94/100
|move|p2a: Dragonite|Dragon Dance|p2a: Dragonite
|-boost|p2a: Dragonite|atk|1
|-boost|p2a: Dragonite|spe|1
|
|upkeep
|turn|49
|
|t:|1758258921
|move|p2a: Dragonite|Extreme Speed|p1a: Dondozo
|-damage|p1a: Dondozo|79/100
|move|p1a: Dondozo|Waterfall|p2a: Dragonite
|-resisted|p2a: Dragonite
|-damage|p2a: Dragonite|94/100
|
|upkeep
|turn|50
|inactive|po1ux has 120 seconds left.
|
|t:|1758258931
|move|p2a: Dragonite|Extreme Speed|p1a: Dondozo
|-damage|p1a: Dondozo|65/100
|move|p1a: Dondozo|Curse|p1a: Dondozo
|-unboost|p1a: Dondozo|spe|1
|-boost|p1a: Dondozo|atk|1
|-boost|p1a: Dondozo|def|1
|
|upkeep
|turn|51
|
|t:|1758258942
|move|p2a: Dragonite|Extreme Speed|p1a: Dondozo
|-damage|p1a: Dondozo|54/100
|move|p1a: Dondozo|Curse|p1a: Dondozo
|-unboost|p1a: Dondozo|spe|1
|-boost|p1a: Dondozo|atk|1
|-boost|p1a: Dondozo|def|1
|
|upkeep
|turn|52
|
|t:|1758258952
|move|p2a: Dragonite|Extreme Speed|p1a: Dondozo
|-damage|p1a: Dondozo|48/100
|move|p1a: Dondozo|Curse|p1a: Dondozo
|-unboost|p1a: Dondozo|spe|1
|-boost|p1a: Dondozo|atk|1
|-boost|p1a: Dondozo|def|1
|
|upkeep
|turn|53
|
|t:|1758258961
|switch|p2a: Iron Valiant|Iron Valiant|100/100
|-damage|p2a: Iron Valiant|84/100|[from] Spikes
|move|p1a: Dondozo|Curse|p1a: Dondozo
|-unboost|p1a: Dondozo|spe|1
|-boost|p1a: Dondozo|atk|1
|-boost|p1a: Dondozo|def|1
|
|upkeep
|turn|54
|
|t:|1758258975
|switch|p1a: Toxapex|Toxapex, F, shiny|100/100
|move|p2a: Iron Valiant|Thunderbolt|p1a: Toxapex
|-supereffective|p1a: Toxapex
|-damage|p1a: Toxapex|66/100
|
|upkeep
|turn|55
|
|t:|1758258983
|move|p2a: Iron Valiant|Thunderbolt|p1a: Toxapex
|-supereffective|p1a: Toxapex
|-damage|p1a: Toxapex|29/100
|move|p1a: Toxapex|Recover|p1a: Toxapex
|-heal|p1a: Toxapex|79/100
|
|upkeep
|turn|56
|
|t:|1758258990
|move|p2a: Iron Valiant|Thunderbolt|p1a: Toxapex
|-supereffective|p1a: Toxapex
|-damage|p1a: Toxapex|42/100
|-status|p1a: Toxapex|par
|move|p1a: Toxapex|Toxic|p2a: Iron Valiant
|-status|p2a: Iron Valiant|tox
|
|-damage|p2a: Iron Valiant|78/100 tox|[from] psn
|upkeep
|turn|57
|
|t:|1758258999
|switch|p1a: Gliscor|Gliscor, F|100/100 tox
|move|p2a: Iron Valiant|Thunderbolt|p1a: Gliscor
|-immune|p1a: Gliscor
|
|-damage|p2a: Iron Valiant|65/100 tox|[from] psn
|upkeep
|turn|58
|
|t:|1758259014
|-end|p2a: Iron Valiant|Quark Drive|[silent]
|switch|p2a: Great Tusk|Great Tusk|12/100 tox
|-damage|p2a: Great Tusk|0 fnt|[from] Spikes
|faint|p2a: Great Tusk
|-end|p2a: Great Tusk|Protosynthesis|[silent]
|move|p1a: Gliscor|Spikes|p2: Great Tusk
|-sidestart|p2: codemelo|Spikes
|
|upkeep
|
|t:|1758259022
|switch|p2a: Rotom|Rotom-Wash|36/100
|turn|59
|
|t:|1758259028
|switch|p1a: Blissey|Blissey, F|75/100
|move|p2a: Rotom|Hydro Pump|p1a: Blissey
|-damage|p1a: Blissey|64/100
|
|upkeep
|turn|60
|
|t:|1758259034
|move|p2a: Rotom|Will-O-Wisp|p1a: Blissey|[miss]
|-miss|p2a: Rotom|p1a: Blissey
|move|p1a: Blissey|Stealth Rock|p2a: Rotom
|-sidestart|p2: codemelo|move: Stealth Rock
|
|upkeep
|turn|61
|
|t:|1758259044
|move|p2a: Rotom|Pain Split|p1a: Blissey
|-sethp|p1a: Blissey|40/100|[from] move: Pain Split|[silent]
|-sethp|p2a: Rotom|86/100|[from] move: Pain Split
|move|p1a: Blissey|Soft-Boiled|p1a: Blissey
|-heal|p1a: Blissey|90/100
|
|upkeep
|turn|62
|
|t:|1758259065
|move|p2a: Rotom|Pain Split|p1a: Blissey
|-sethp|p1a: Blissey|65/100|[from] move: Pain Split|[silent]
|-sethp|p2a: Rotom|100/100|[from] move: Pain Split
|move|p1a: Blissey|Shadow Ball|p2a: Rotom
|-damage|p2a: Rotom|89/100
|
|upkeep
|turn|63
|
|t:|1758259075
|move|p2a: Rotom|Hydro Pump|p1a: Blissey
|-damage|p1a: Blissey|52/100
|move|p1a: Blissey|Soft-Boiled|p1a: Blissey
|-heal|p1a: Blissey|100/100
|
|upkeep
|turn|64
|
|t:|1758259094
|switch|p1a: Toxapex|Toxapex, F, shiny|76/100 par
|move|p2a: Rotom|Will-O-Wisp||[still]
|-fail|p2a: Rotom
|
|upkeep
|turn|65
|
|t:|1758259101
|move|p1a: Toxapex|Baneful Bunker|p1a: Toxapex
|-singleturn|p1a: Toxapex|move: Protect
|move|p2a: Rotom|Volt Switch|p1a: Toxapex
|-activate|p1a: Toxapex|move: Protect
|
|upkeep
|turn|66
|
|t:|1758259106
|move|p2a: Rotom|Volt Switch|p1a: Toxapex
|-supereffective|p1a: Toxapex
|-damage|p1a: Toxapex|42/100 par
|
|t:|1758259111
|switch|p2a: Dragonite|Dragonite, F|94/100|[from] Volt Switch
|move|p1a: Toxapex|Toxic|p2a: Dragonite
|-status|p2a: Dragonite|tox
|
|-damage|p2a: Dragonite|87/100 tox|[from] psn
|upkeep
|turn|67
|
|t:|1758259128
|switch|p1a: Gliscor|Gliscor, F|100/100 tox
|move|p2a: Dragonite|Earthquake|p1a: Gliscor
|-immune|p1a: Gliscor
|
|-damage|p2a: Dragonite|75/100 tox|[from] psn
|upkeep
|turn|68
|
|t:|1758259137
|switch|p2a: Rotom|Rotom-Wash|89/100
|-damage|p2a: Rotom|77/100|[from] Stealth Rock
|switch|p1a: Toxapex|Toxapex, F, shiny|75/100 par
|
|upkeep
|turn|69
|
|t:|1758259144
|move|p2a: Rotom|Volt Switch|p1a: Toxapex
|-supereffective|p1a: Toxapex
|-damage|p1a: Toxapex|42/100 par
|
|t:|1758259159
|switch|p2a: Dragonite|Dragonite, F|75/100 tox|[from] Volt Switch
|move|p1a: Toxapex|Toxic|p2a: Dragonite
|-fail|p2a: Dragonite|tox
|
|-damage|p2a: Dragonite|69/100 tox|[from] psn
|upkeep
|turn|70
|
|t:|1758259168
|switch|p1a: Gliscor|Gliscor, F|100/100 tox
|move|p2a: Dragonite|Dragon Dance|p2a: Dragonite
|-boost|p2a: Dragonite|atk|1
|-boost|p2a: Dragonite|spe|1
|
|-damage|p2a: Dragonite|57/100 tox|[from] psn
|upkeep
|turn|71
|
|t:|1758259176
|move|p2a: Dragonite|Extreme Speed|p1a: Gliscor
|-damage|p1a: Gliscor|70/100 tox
|move|p1a: Gliscor|Knock Off|p2a: Dragonite
|-damage|p2a: Dragonite|35/100 tox
|-enditem|p2a: Dragonite|Heavy-Duty Boots|[from] move: Knock Off|[of] p1a: Gliscor
|
|-damage|p2a: Dragonite|16/100 tox|[from] psn
|-heal|p1a: Gliscor|82/100 tox|[from] ability: Poison Heal
|upkeep
|turn|72
|
|t:|1758259189
|switch|p2a: Rotom|Rotom-Wash|77/100
|-damage|p2a: Rotom|64/100|[from] Stealth Rock
|move|p1a: Gliscor|Protect||[still]
|-fail|p1a: Gliscor
|
|-heal|p1a: Gliscor|95/100 tox|[from] ability: Poison Heal
|upkeep
|turn|73
|
|t:|1758259199
|switch|p1a: Toxapex|Toxapex, F, shiny|75/100 par
|move|p2a: Rotom|Volt Switch|p1a: Toxapex
|-supereffective|p1a: Toxapex
|-damage|p1a: Toxapex|43/100 par
|
|t:|1758259209
|switch|p2a: Iron Valiant|Iron Valiant|65/100 tox|[from] Volt Switch
|-damage|p2a: Iron Valiant|40/100 tox|[from] Spikes
|-damage|p2a: Iron Valiant|34/100 tox|[from] Stealth Rock
|
|-damage|p2a: Iron Valiant|28/100 tox|[from] psn
|upkeep
|turn|74
|
|t:|1758259220
|move|p1a: Toxapex|Baneful Bunker|p1a: Toxapex
|-singleturn|p1a: Toxapex|move: Protect
|move|p2a: Iron Valiant|Moonblast|p1a: Toxapex
|-activate|p1a: Toxapex|move: Protect
|
|-damage|p2a: Iron Valiant|15/100 tox|[from] psn
|upkeep
|turn|75
|
|t:|1758259236
|-end|p2a: Iron Valiant|Quark Drive|[silent]
|switch|p2a: Gholdengo|Gholdengo|100/100
|-damage|p2a: Gholdengo|76/100|[from] Spikes
|-damage|p2a: Gholdengo|70/100|[from] Stealth Rock
|switch|p1a: Blissey|Blissey, F|100/100
|
|upkeep
|turn|76
|
|t:|1758259245
|move|p2a: Gholdengo|Focus Blast|p1a: Blissey
|-supereffective|p1a: Blissey
|-damage|p1a: Blissey|60/100
|move|p1a: Blissey|Calm Mind|p1a: Blissey
|-boost|p1a: Blissey|spa|1
|-boost|p1a: Blissey|spd|1
|
|upkeep
|turn|77
|
|t:|1758259267
|move|p2a: Gholdengo|Focus Blast|p1a: Blissey|[miss]
|-miss|p2a: Gholdengo|p1a: Blissey
|move|p1a: Blissey|Soft-Boiled|p1a: Blissey
|-heal|p1a: Blissey|100/100
|
|upkeep
|turn|78
|
|t:|1758259279
|move|p2a: Gholdengo|Focus Blast|p1a: Blissey
|-supereffective|p1a: Blissey
|-damage|p1a: Blissey|76/100
|-unboost|p1a: Blissey|spd|1
|move|p1a: Blissey|Calm Mind|p1a: Blissey
|-boost|p1a: Blissey|spa|1
|-boost|p1a: Blissey|spd|1
|
|upkeep
|turn|79
|
|t:|1758259287
|move|p2a: Gholdengo|Focus Blast|p1a: Blissey
|-supereffective|p1a: Blissey
|-damage|p1a: Blissey|51/100
|-unboost|p1a: Blissey|spd|1
|move|p1a: Blissey|Calm Mind|p1a: Blissey
|-boost|p1a: Blissey|spa|1
|-boost|p1a: Blissey|spd|1
|
|upkeep
|turn|80
|
|t:|1758259295
|move|p2a: Gholdengo|Focus Blast|p1a: Blissey
|-supereffective|p1a: Blissey
|-damage|p1a: Blissey|27/100
|-unboost|p1a: Blissey|spd|1
|move|p1a: Blissey|Soft-Boiled|p1a: Blissey
|-heal|p1a: Blissey|77/100
|
|upkeep
|turn|81
|
|t:|1758259304
|move|p2a: Gholdengo|Focus Blast|p1a: Blissey
|-supereffective|p1a: Blissey
|-damage|p1a: Blissey|35/100
|move|p1a: Blissey|Shadow Ball|p2a: Gholdengo
|-supereffective|p2a: Gholdengo
|-damage|p2a: Gholdengo|0 fnt
|faint|p2a: Gholdengo
|
|upkeep
|
|t:|1758259314
|switch|p2a: Rotom|Rotom-Wash|64/100
|-damage|p2a: Rotom|52/100|[from] Stealth Rock
|turn|82
|
|t:|1758259327
|move|p2a: Rotom|Hydro Pump|p1a: Blissey
|-damage|p1a: Blissey|23/100
|move|p1a: Blissey|Shadow Ball|p2a: Rotom
|-damage|p2a: Rotom|26/100
|
|upkeep
|turn|83
|
|t:|1758259336
|move|p2a: Rotom|Pain Split|p1a: Blissey
|-sethp|p1a: Blissey|18/100|[from] move: Pain Split|[silent]
|-sethp|p2a: Rotom|38/100|[from] move: Pain Split
|move|p1a: Blissey|Shadow Ball|p2a: Rotom
|-damage|p2a: Rotom|11/100
|
|upkeep
|turn|84
|
|t:|1758259349
|move|p2a: Rotom|Volt Switch|p1a: Blissey
|-damage|p1a: Blissey|10/100
|c|☆po1ux|gg
|
|t:|1758259358
|switch|p2a: Dragonite|Dragonite, F|16/100 tox|[from] Volt Switch
|-damage|p2a: Dragonite|0 fnt|[from] Stealth Rock
|faint|p2a: Dragonite
|move|p1a: Blissey|Shadow Ball|p2: Dragonite|[notarget]
|-fail|p1a: Blissey
|
|upkeep
|
|t:|1758259366
|switch|p2a: Iron Valiant|Iron Valiant|15/100 tox
|-damage|p2a: Iron Valiant|0 fnt|[from] Spikes
|faint|p2a: Iron Valiant
|-end|p2a: Iron Valiant|Quark Drive|[silent]
|c|☆codemelo|ggs
|-message|codemelo forfeited.
|
|win|po1ux
|raw|po1ux's rating: 1130 &rarr; <strong>1156</strong><br />(+26 for winning)
|raw|codemelo's rating: 1137 &rarr; <strong>1111</strong><br />(-26 for losing)
|l|☆codemelo
|player|p2|
