|j|☆ClickForVictory
|j|☆brlt2 blemeno
|t:|1758307300
|gametype|singles
|player|p1|ClickForVictory|rika|1343
|player|p2|brlt2 blemeno|2|1395
|gen|9
|tier|[Gen 9] OU
|rated|
|rule|HP Percentage Mod: HP is shown in percentages
|rule|Endless Battle Clause: Forcing endless battles is banned
|rule|Species Clause: Limit one of each Pokémon
|rule|OHKO Clause: OHKO moves are banned
|rule|Evasion Items Clause: Evasion items are banned
|rule|Evasion Moves Clause: Evasion moves are banned
|rule|Evasion Abilities Clause: Evasion abilities are banned
|rule|Sleep Moves Clause: Sleep-inducing moves are banned
|clearpoke
|poke|p1|Tentacruel, F|
|poke|p1|Overqwil, M|
|poke|p1|Keldeo-Resolute|
|poke|p1|Iron Crown|
|poke|p1|Pelipper, F|
|poke|p1|Landorus-Therian, M|
|poke|p2|Ninetales, M|
|poke|p2|Walking Wake|
|poke|p2|Hatterene, F|
|poke|p2|Great Tusk|
|poke|p2|Comfey, M|
|poke|p2|Ceruledge, F|
|teampreview
|inactive|Battle timer is ON: inactive players will automatically lose when time's up. (requested by brlt2 blemeno)
|c|☆ClickForVictory|have fun!
|
|t:|1758307339
|teamsize|p1|6
|teamsize|p2|6
|start
|switch|p1a: Beak Leak|Pelipper, F, shiny|100/100
|switch|p2a: Glass Shadows|Ceruledge, F, shiny|100/100
|-weather|RainDance|[from] ability: Drizzle|[of] p1a: Beak Leak
|turn|1
|
|t:|1758307348
|move|p2a: Glass Shadows|Poltergeist|p1a: Beak Leak|[miss]
|-miss|p2a: Glass Shadows|p1a: Beak Leak
|move|p1a: Beak Leak|U-turn|p2a: Glass Shadows
|-resisted|p2a: Glass Shadows
|-damage|p2a: Glass Shadows|97/100
|-ability|p2a: Glass Shadows|Weak Armor|boost
|-unboost|p2a: Glass Shadows|def|1
|-boost|p2a: Glass Shadows|spe|2
|
|t:|1758307371
|switch|p1a: Bedhead|Landorus-Therian, M|100/100|[from] U-turn
|-ability|p1a: Bedhead|Intimidate|boost
|-unboost|p2a: Glass Shadows|atk|1
|
|-weather|RainDance|[upkeep]
|upkeep
|turn|2
|
|t:|1758307375
|move|p2a: Glass Shadows|Endure|p2a: Glass Shadows
|-singleturn|p2a: Glass Shadows|move: Endure
|move|p1a: Bedhead|Stealth Rock|p2a: Glass Shadows
|-sidestart|p2: brlt2 blemeno|move: Stealth Rock
|
|-weather|RainDance|[upkeep]
|upkeep
|turn|3
|
|t:|1758307383
|move|p2a: Glass Shadows|Endure||[still]
|-fail|p2a: Glass Shadows
|move|p1a: Bedhead|Sandsear Storm|p2a: Glass Shadows
|-supereffective|p2a: Glass Shadows
|-damage|p2a: Glass Shadows|0 fnt
|faint|p2a: Glass Shadows
|
|-weather|RainDance|[upkeep]
|upkeep
|
|t:|1758307385
|switch|p2a: Luisin|Great Tusk|100/100
|-damage|p2a: Luisin|98/100|[from] Stealth Rock
|turn|4
|
|t:|1758307395
|move|p1a: Bedhead|Sandsear Storm|p2a: Luisin
|-damage|p2a: Luisin|10/100
|move|p2a: Luisin|Rapid Spin|p1a: Bedhead
|-damage|p1a: Bedhead|76/100
|-boost|p2a: Luisin|spe|1
|-sideend|p2: brlt2 blemeno|Stealth Rock|[from] move: Rapid Spin|[of] p2a: Luisin
|-damage|p2a: Luisin|0 fnt|[from] item: Life Orb
|faint|p2a: Luisin
|-end|p2a: Luisin|Protosynthesis|[silent]
|
|-weather|RainDance|[upkeep]
|upkeep
|
|t:|1758307405
|switch|p2a: Mr. Banana|Walking Wake|100/100
|turn|5
|
|t:|1758307410
|switch|p1a: Brain Drain|Tentacruel, F, shiny|100/100
|move|p2a: Mr. Banana|Hydro Steam|p1a: Brain Drain
|-resisted|p1a: Brain Drain
|-crit|p1a: Brain Drain
|-damage|p1a: Brain Drain|55/100
|
|-weather|RainDance|[upkeep]
|-heal|p1a: Brain Drain|62/100|[from] ability: Rain Dish
|-heal|p1a: Brain Drain|68/100|[from] item: Leftovers
|upkeep
|turn|6
|
|t:|1758307424
|-end|p2a: Mr. Banana|Protosynthesis|[silent]
|switch|p2a: Duko|Hatterene, F, shiny|100/100
|move|p1a: Brain Drain|Sludge Bomb|p2a: Duko
|-supereffective|p2a: Duko
|-damage|p2a: Duko|51/100
|-status|p2a: Duko|psn
|-enditem|p2a: Duko|Eject Button
|
|t:|1758307429
|switch|p2a: Mr. Banana|Walking Wake|100/100
|
|-weather|RainDance|[upkeep]
|-heal|p1a: Brain Drain|74/100|[from] ability: Rain Dish
|-heal|p1a: Brain Drain|80/100|[from] item: Leftovers
|upkeep
|turn|7
|
|t:|1758307438
|-terastallize|p2a: Mr. Banana|Water
|move|p2a: Mr. Banana|Hydro Steam|p1a: Brain Drain
|-resisted|p1a: Brain Drain
|-damage|p1a: Brain Drain|45/100
|move|p1a: Brain Drain|Sludge Bomb|p2a: Mr. Banana
|-damage|p2a: Mr. Banana|68/100
|-status|p2a: Mr. Banana|psn
|
|-weather|RainDance|[upkeep]
|-heal|p1a: Brain Drain|51/100|[from] ability: Rain Dish
|-heal|p1a: Brain Drain|57/100|[from] item: Leftovers
|-damage|p2a: Mr. Banana|56/100 psn|[from] psn
|upkeep
|turn|8
|-message|brlt2 blemeno forfeited.
|
|win|ClickForVictory
|raw|ClickForVictory's rating: 1343 &rarr; <strong>1366</strong><br />(+23 for winning)
|raw|brlt2 blemeno's rating: 1395 &rarr; <strong>1372</strong><br />(-23 for losing)
|l|☆brlt2 blemeno
|player|p2|
|c|☆ClickForVictory|gg!
