|j|☆cyyishandsome3
|j|☆mechamakachino
|t:|1758264867
|gametype|singles
|player|p1|cyyishandsome3|1|1507
|player|p2|mechamakachino|170|1477
|gen|9
|tier|[Gen 9] OU
|rated|
|rule|HP Percentage Mod: HP is shown in percentages
|rule|Endless Battle Clause: Forcing endless battles is banned
|rule|Species Clause: Limit one of each Pokémon
|rule|OHKO Clause: OHKO moves are banned
|rule|Evasion Items Clause: Evasion items are banned
|rule|Evasion Moves Clause: Evasion moves are banned
|rule|Evasion Abilities Clause: Evasion abilities are banned
|rule|Sleep Moves Clause: Sleep-inducing moves are banned
|clearpoke
|poke|p1|Tyranitar, F|
|poke|p1|Garganacl, M|
|poke|p1|Sandaconda, F|
|poke|p1|Garchomp, F|
|poke|p1|Great Tusk|
|poke|p1|Magnezone|
|poke|p2|Skarmory, M|
|poke|p2|Ting-Lu|
|poke|p2|Zamazenta-*|
|poke|p2|Pecharunt|
|poke|p2|Clefable, F|
|poke|p2|Walking Wake|
|teampreview
|inactive|Battle timer is ON: inactive players will automatically lose when time's up. (requested by cyyishandsome3)
|
|t:|1758264872
|teamsize|p1|6
|teamsize|p2|6
|start
|switch|p1a: Sandaconda|Sandaconda, F|100/100
|switch|p2a: Thriller|Walking Wake|100/100
|turn|1
|
|t:|1758264875
|move|p2a: Thriller|Flip Turn|p1a: Sandaconda
|-supereffective|p1a: Sandaconda
|-damage|p1a: Sandaconda|69/100
|-weather|Sandstorm|[from] ability: Sand Spit|[of] p1a: Sandaconda
|
|t:|1758264880
|-end|p2a: Thriller|Protosynthesis|[silent]
|switch|p2a: Rock With You|Ting-Lu|100/100|[from] Flip Turn
|-ability|p2a: Rock With You|Vessel of Ruin
|move|p1a: Sandaconda|Glare|p2a: Rock With You
|-status|p2a: Rock With You|par
|
|-weather|Sandstorm|[upkeep]
|upkeep
|turn|2
|
|t:|1758264886
|move|p1a: Sandaconda|Stealth Rock|p2a: Rock With You
|-sidestart|p2: mechamakachino|move: Stealth Rock
|move|p2a: Rock With You|Stealth Rock|p1a: Sandaconda
|-sidestart|p1: cyyishandsome3|move: Stealth Rock
|
|-weather|Sandstorm|[upkeep]
|upkeep
|turn|3
|
|t:|1758264890
|move|p1a: Sandaconda|Earthquake|p2a: Rock With You
|-damage|p2a: Rock With You|74/100 par
|move|p2a: Rock With You|Ruination|p1a: Sandaconda
|-damage|p1a: Sandaconda|35/100
|
|-weather|Sandstorm|[upkeep]
|-heal|p2a: Rock With You|80/100 par|[from] item: Leftovers
|upkeep
|turn|4
|
|t:|1758264894
|move|p1a: Sandaconda|Endeavor|p2a: Rock With You
|-damage|p2a: Rock With You|20/100 par
|cant|p2a: Rock With You|par
|
|-weather|Sandstorm|[upkeep]
|-heal|p2a: Rock With You|26/100 par|[from] item: Leftovers
|upkeep
|turn|5
|
|t:|1758264899
|move|p1a: Sandaconda|Earthquake|p2a: Rock With You
|-damage|p2a: Rock With You|2/100 par
|move|p2a: Rock With You|Ruination|p1a: Sandaconda
|-damage|p1a: Sandaconda|18/100
|
|-weather|none
|-heal|p2a: Rock With You|9/100 par|[from] item: Leftovers
|upkeep
|turn|6
|
|t:|1758264904
|move|p1a: Sandaconda|Earthquake|p2a: Rock With You
|-crit|p2a: Rock With You
|-damage|p2a: Rock With You|0 fnt
|faint|p2a: Rock With You
|
|upkeep
|
|t:|1758264906
|switch|p2a: Thriller|Walking Wake|100/100
|turn|7
|
|t:|1758264916
|switch|p1a: Tyranitar|Tyranitar, F, shiny|100/100
|-damage|p1a: Tyranitar|88/100|[from] Stealth Rock
|-weather|Sandstorm|[from] ability: Sand Stream|[of] p1a: Tyranitar
|move|p2a: Thriller|Surf|p1a: Tyranitar
|-supereffective|p1a: Tyranitar
|-damage|p1a: Tyranitar|36/100
|
|-weather|Sandstorm|[upkeep]
|-damage|p2a: Thriller|94/100|[from] Sandstorm
|upkeep
|turn|8
|
|t:|1758264926
|switch|p1a: Garganacl|Garganacl, M|100/100
|-damage|p1a: Garganacl|88/100|[from] Stealth Rock
|move|p2a: Thriller|Surf|p1a: Garganacl
|-supereffective|p1a: Garganacl
|-damage|p1a: Garganacl|48/100
|
|-weather|Sandstorm|[upkeep]
|-damage|p2a: Thriller|88/100|[from] Sandstorm
|-heal|p1a: Garganacl|54/100|[from] item: Leftovers
|upkeep
|turn|9
|
|t:|1758264931
|move|p2a: Thriller|Flip Turn|p1a: Garganacl
|-supereffective|p1a: Garganacl
|-damage|p1a: Garganacl|31/100
|
|t:|1758264933
|-end|p2a: Thriller|Protosynthesis|[silent]
|switch|p2a: Moonwalker|Clefable, F|100/100|[from] Flip Turn
|move|p1a: Garganacl|Recover|p1a: Garganacl
|-heal|p1a: Garganacl|81/100
|
|-weather|Sandstorm|[upkeep]
|-heal|p1a: Garganacl|88/100|[from] item: Leftovers
|upkeep
|turn|10
|
|t:|1758264937
|switch|p1a: Magnezone|Magnezone|100/100
|-damage|p1a: Magnezone|94/100|[from] Stealth Rock
|move|p2a: Moonwalker|Knock Off|p1a: Magnezone
|-damage|p1a: Magnezone|78/100
|-enditem|p1a: Magnezone|Choice Specs|[from] move: Knock Off|[of] p2a: Moonwalker
|
|-weather|Sandstorm|[upkeep]
|upkeep
|turn|11
|
|t:|1758264944
|switch|p2a: Thriller|Walking Wake|88/100
|move|p1a: Magnezone|Volt Switch|p2a: Thriller
|-damage|p2a: Thriller|39/100
|
|t:|1758264951
|switch|p1a: Garganacl|Garganacl, M|88/100|[from] Volt Switch
|-damage|p1a: Garganacl|75/100|[from] Stealth Rock
|
|-weather|Sandstorm|[upkeep]
|-damage|p2a: Thriller|33/100|[from] Sandstorm
|-heal|p1a: Garganacl|81/100|[from] item: Leftovers
|upkeep
|turn|12
|
|t:|1758264955
|move|p2a: Thriller|Flip Turn|p1a: Garganacl
|-supereffective|p1a: Garganacl
|-damage|p1a: Garganacl|60/100
|
|t:|1758264957
|-end|p2a: Thriller|Protosynthesis|[silent]
|switch|p2a: Smooth Criminal|Skarmory, M|100/100|[from] Flip Turn
|-damage|p2a: Smooth Criminal|88/100|[from] Stealth Rock
|move|p1a: Garganacl|Salt Cure|p2a: Smooth Criminal
|-damage|p2a: Smooth Criminal|80/100
|-start|p2a: Smooth Criminal|Salt Cure
|
|-weather|Sandstorm|[upkeep]
|-heal|p1a: Garganacl|66/100|[from] item: Leftovers
|-damage|p2a: Smooth Criminal|55/100|[from] Salt Cure
|upkeep
|turn|13
|
|t:|1758264961
|switch|p1a: Magnezone|Magnezone|78/100
|-damage|p1a: Magnezone|72/100|[from] Stealth Rock
|move|p2a: Smooth Criminal|Spikes|p1a: Magnezone
|-sidestart|p1: cyyishandsome3|Spikes
|
|-weather|Sandstorm|[upkeep]
|-damage|p2a: Smooth Criminal|30/100|[from] Salt Cure
|upkeep
|turn|14
|
|t:|1758264966
|move|p1a: Magnezone|Volt Switch|p2a: Smooth Criminal
|-supereffective|p2a: Smooth Criminal
|-damage|p2a: Smooth Criminal|0 fnt
|faint|p2a: Smooth Criminal
|
|t:|1758264972
|switch|p1a: Great Tusk|Great Tusk|100/100|[from] Volt Switch
|
|-weather|none
|upkeep
|
|t:|1758264975
|switch|p2a: Thriller|Walking Wake|33/100
|turn|15
|
|t:|1758264978
|-terastallize|p1a: Great Tusk|Grass
|move|p2a: Thriller|Draco Meteor|p1a: Great Tusk
|-damage|p1a: Great Tusk|14/100
|-unboost|p2a: Thriller|spa|2
|move|p1a: Great Tusk|Rapid Spin|p2a: Thriller
|-damage|p2a: Thriller|16/100
|-boost|p1a: Great Tusk|spe|1
|-sideend|p1: cyyishandsome3|Spikes|[from] move: Rapid Spin|[of] p1a: Great Tusk
|-sideend|p1: cyyishandsome3|Stealth Rock|[from] move: Rapid Spin|[of] p1a: Great Tusk
|
|upkeep
|turn|16
|
|t:|1758264985
|-end|p2a: Thriller|Protosynthesis|[silent]
|switch|p2a: Poison Young Thing|Pecharunt|100/100
|move|p1a: Great Tusk|Rapid Spin|p2a: Poison Young Thing
|-immune|p2a: Poison Young Thing
|
|upkeep
|turn|17
|
|t:|1758264989
|-end|p1a: Great Tusk|Protosynthesis|[silent]
|switch|p1a: Tyranitar|Tyranitar, F, shiny|36/100
|-weather|Sandstorm|[from] ability: Sand Stream|[of] p1a: Tyranitar
|move|p2a: Poison Young Thing|Foul Play|p1a: Tyranitar
|-resisted|p1a: Tyranitar
|-damage|p1a: Tyranitar|23/100
|
|-weather|Sandstorm|[upkeep]
|-damage|p2a: Poison Young Thing|94/100|[from] Sandstorm
|upkeep
|turn|18
|
|t:|1758264996
|move|p2a: Poison Young Thing|Parting Shot|p1a: Tyranitar
|-unboost|p1a: Tyranitar|atk|1
|-unboost|p1a: Tyranitar|spa|1
|
|t:|1758264997
|switch|p2a: Beat It|Zamazenta|100/100|[from] Parting Shot
|-ability|p2a: Beat It|Dauntless Shield|boost
|-boost|p2a: Beat It|def|1
|move|p1a: Tyranitar|Knock Off|p2a: Beat It
|-resisted|p2a: Beat It
|-damage|p2a: Beat It|89/100
|-enditem|p2a: Beat It|Heavy-Duty Boots|[from] move: Knock Off|[of] p1a: Tyranitar
|
|-weather|Sandstorm|[upkeep]
|-damage|p2a: Beat It|83/100|[from] Sandstorm
|upkeep
|turn|19
|
|t:|1758265008
|switch|p1a: Garchomp|Garchomp, F|100/100
|move|p2a: Beat It|Close Combat|p1a: Garchomp
|-damage|p1a: Garchomp|59/100
|-unboost|p2a: Beat It|def|1
|-unboost|p2a: Beat It|spd|1
|-damage|p2a: Beat It|70/100|[from] ability: Rough Skin|[of] p1a: Garchomp
|-damage|p2a: Beat It|54/100|[from] item: Rocky Helmet|[of] p1a: Garchomp
|
|-weather|Sandstorm|[upkeep]
|-damage|p2a: Beat It|48/100|[from] Sandstorm
|upkeep
|turn|20
|
|t:|1758265015
|move|p2a: Beat It|Close Combat|p1a: Garchomp
|-damage|p1a: Garchomp|17/100
|-unboost|p2a: Beat It|def|1
|-unboost|p2a: Beat It|spd|1
|-damage|p2a: Beat It|35/100|[from] ability: Rough Skin|[of] p1a: Garchomp
|-damage|p2a: Beat It|19/100|[from] item: Rocky Helmet|[of] p1a: Garchomp
|move|p1a: Garchomp|Earthquake|p2a: Beat It
|-damage|p2a: Beat It|0 fnt
|faint|p2a: Beat It
|
|-weather|Sandstorm|[upkeep]
|upkeep
|
|t:|1758265018
|switch|p2a: Thriller|Walking Wake|16/100
|turn|21
|
|t:|1758265025
|move|p2a: Thriller|Surf|p1a: Garchomp
|-damage|p1a: Garchomp|0 fnt
|faint|p1a: Garchomp
|
|-weather|Sandstorm|[upkeep]
|-damage|p2a: Thriller|10/100|[from] Sandstorm
|upkeep
|
|t:|1758265027
|switch|p1a: Garganacl|Garganacl, M|66/100
|turn|22
|
|t:|1758265030
|-end|p2a: Thriller|Protosynthesis|[silent]
|switch|p2a: Moonwalker|Clefable, F|100/100
|move|p1a: Garganacl|Recover|p1a: Garganacl
|-heal|p1a: Garganacl|100/100
|
|-weather|Sandstorm|[upkeep]
|upkeep
|turn|23
|
|t:|1758265036
|switch|p1a: Magnezone|Magnezone|72/100
|move|p2a: Moonwalker|Calm Mind|p2a: Moonwalker
|-boost|p2a: Moonwalker|spa|1
|-boost|p2a: Moonwalker|spd|1
|
|-weather|Sandstorm|[upkeep]
|upkeep
|turn|24
|
|t:|1758265043
|move|p1a: Magnezone|Flash Cannon|p2a: Moonwalker
|-supereffective|p2a: Moonwalker
|-damage|p2a: Moonwalker|38/100
|move|p2a: Moonwalker|Moonlight|p2a: Moonwalker
|-heal|p2a: Moonwalker|62/100
|
|-weather|none
|-heal|p2a: Moonwalker|69/100|[from] item: Leftovers
|upkeep
|turn|25
|
|t:|1758265050
|-terastallize|p2a: Moonwalker|Steel
|move|p1a: Magnezone|Flash Cannon|p2a: Moonwalker
|-resisted|p2a: Moonwalker
|-damage|p2a: Moonwalker|53/100
|move|p2a: Moonwalker|Calm Mind|p2a: Moonwalker
|-boost|p2a: Moonwalker|spa|1
|-boost|p2a: Moonwalker|spd|1
|
|-heal|p2a: Moonwalker|59/100|[from] item: Leftovers
|upkeep
|turn|26
|
|t:|1758265057
|move|p1a: Magnezone|Volt Switch|p2a: Moonwalker
|-damage|p2a: Moonwalker|39/100
|
|t:|1758265061
|switch|p1a: Sandaconda|Sandaconda, F|18/100|[from] Volt Switch
|move|p2a: Moonwalker|Moonblast|p1a: Sandaconda
|-damage|p1a: Sandaconda|0 fnt
|-weather|Sandstorm|[from] ability: Sand Spit|[of] p1a: Sandaconda
|faint|p1a: Sandaconda
|
|-weather|Sandstorm|[upkeep]
|-heal|p2a: Moonwalker|45/100|[from] item: Leftovers
|upkeep
|
|t:|1758265068
|switch|p1a: Great Tusk|Great Tusk, tera:Grass|14/100
|turn|27
|
|t:|1758265071
|switch|p2a: Poison Young Thing|Pecharunt|94/100
|move|p1a: Great Tusk|Earthquake|p2a: Poison Young Thing
|-supereffective|p2a: Poison Young Thing
|-damage|p2a: Poison Young Thing|45/100
|
|-weather|Sandstorm|[upkeep]
|-damage|p1a: Great Tusk|8/100|[from] Sandstorm
|-damage|p2a: Poison Young Thing|39/100|[from] Sandstorm
|upkeep
|turn|28
|
|t:|1758265077
|-end|p1a: Great Tusk|Protosynthesis|[silent]
|switch|p1a: Magnezone|Magnezone|72/100
|move|p2a: Poison Young Thing|Recover|p2a: Poison Young Thing
|-heal|p2a: Poison Young Thing|89/100
|
|-weather|Sandstorm|[upkeep]
|-damage|p2a: Poison Young Thing|83/100|[from] Sandstorm
|upkeep
|turn|29
|
|t:|1758265083
|move|p2a: Poison Young Thing|Recover|p2a: Poison Young Thing
|-heal|p2a: Poison Young Thing|100/100
|move|p1a: Magnezone|Volt Switch|p2a: Poison Young Thing
|-damage|p2a: Poison Young Thing|62/100
|
|t:|1758265088
|switch|p1a: Garganacl|Garganacl, M|100/100|[from] Volt Switch
|
|-weather|Sandstorm|[upkeep]
|-damage|p2a: Poison Young Thing|56/100|[from] Sandstorm
|upkeep
|turn|30
|
|t:|1758265091
|move|p2a: Poison Young Thing|Parting Shot|p1a: Garganacl
|-unboost|p1a: Garganacl|atk|1
|-unboost|p1a: Garganacl|spa|1
|
|t:|1758265092
|switch|p2a: Moonwalker|Clefable, F, tera:Steel|45/100|[from] Parting Shot
|move|p1a: Garganacl|Salt Cure|p2a: Moonwalker
|-resisted|p2a: Moonwalker
|-damage|p2a: Moonwalker|42/100
|-start|p2a: Moonwalker|Salt Cure
|
|-weather|none
|-heal|p2a: Moonwalker|48/100|[from] item: Leftovers
|upkeep
|turn|31
|
|t:|1758265101
|move|p2a: Moonwalker|Moonlight|p2a: Moonwalker
|-heal|p2a: Moonwalker|98/100
|move|p1a: Garganacl|Iron Defense|p1a: Garganacl
|-boost|p1a: Garganacl|def|2
|
|-heal|p2a: Moonwalker|100/100|[from] item: Leftovers
|upkeep
|turn|32
|
|t:|1758265107
|move|p2a: Moonwalker|Knock Off|p1a: Garganacl
|-damage|p1a: Garganacl|96/100
|-enditem|p1a: Garganacl|Leftovers|[from] move: Knock Off|[of] p2a: Moonwalker
|move|p1a: Garganacl|Body Press|p2a: Moonwalker
|-supereffective|p2a: Moonwalker
|-damage|p2a: Moonwalker|33/100
|
|-heal|p2a: Moonwalker|39/100|[from] item: Leftovers
|upkeep
|turn|33
|
|t:|1758265113
|move|p2a: Moonwalker|Moonblast|p1a: Garganacl
|-damage|p1a: Garganacl|74/100
|move|p1a: Garganacl|Salt Cure|p2a: Moonwalker
|-resisted|p2a: Moonwalker
|-damage|p2a: Moonwalker|36/100
|
|-heal|p2a: Moonwalker|42/100|[from] item: Leftovers
|upkeep
|turn|34
|
|t:|1758265116
|move|p2a: Moonwalker|Moonblast|p1a: Garganacl
|-damage|p1a: Garganacl|50/100
|move|p1a: Garganacl|Body Press|p2a: Moonwalker
|-supereffective|p2a: Moonwalker
|-damage|p2a: Moonwalker|0 fnt
|faint|p2a: Moonwalker
|
|upkeep
|
|t:|1758265118
|switch|p2a: Thriller|Walking Wake|10/100
|turn|35
|
|t:|1758265123
|switch|p1a: Tyranitar|Tyranitar, F, shiny|23/100
|-weather|Sandstorm|[from] ability: Sand Stream|[of] p1a: Tyranitar
|move|p2a: Thriller|Surf|p1a: Tyranitar
|-supereffective|p1a: Tyranitar
|-damage|p1a: Tyranitar|0 fnt
|faint|p1a: Tyranitar
|
|-weather|Sandstorm|[upkeep]
|-damage|p2a: Thriller|4/100|[from] Sandstorm
|upkeep
|
|t:|1758265128
|switch|p1a: Garganacl|Garganacl, M|50/100
|turn|36
|
|t:|1758265130
|move|p2a: Thriller|Flip Turn|p1a: Garganacl
|-supereffective|p1a: Garganacl
|-damage|p1a: Garganacl|30/100
|
|t:|1758265132
|-end|p2a: Thriller|Protosynthesis|[silent]
|switch|p2a: Poison Young Thing|Pecharunt|56/100|[from] Flip Turn
|move|p1a: Garganacl|Recover|p1a: Garganacl
|-heal|p1a: Garganacl|80/100
|
|-weather|Sandstorm|[upkeep]
|-damage|p2a: Poison Young Thing|50/100|[from] Sandstorm
|upkeep
|turn|37
|
|t:|1758265137
|move|p2a: Poison Young Thing|Recover|p2a: Poison Young Thing
|-heal|p2a: Poison Young Thing|99/100
|move|p1a: Garganacl|Salt Cure|p2a: Poison Young Thing
|-damage|p2a: Poison Young Thing|93/100
|-start|p2a: Poison Young Thing|Salt Cure
|
|-weather|Sandstorm|[upkeep]
|-damage|p2a: Poison Young Thing|87/100|[from] Sandstorm
|-damage|p2a: Poison Young Thing|74/100|[from] Salt Cure
|upkeep
|turn|38
|
|t:|1758265142
|switch|p1a: Magnezone|Magnezone|72/100
|move|p2a: Poison Young Thing|Foul Play|p1a: Magnezone
|-damage|p1a: Magnezone|57/100
|
|-weather|Sandstorm|[upkeep]
|-damage|p2a: Poison Young Thing|68/100|[from] Sandstorm
|-damage|p2a: Poison Young Thing|56/100|[from] Salt Cure
|upkeep
|turn|39
|
|t:|1758265149
|move|p2a: Poison Young Thing|Recover|p2a: Poison Young Thing
|-heal|p2a: Poison Young Thing|100/100
|move|p1a: Magnezone|Thunderbolt|p2a: Poison Young Thing
|-damage|p2a: Poison Young Thing|52/100
|-status|p2a: Poison Young Thing|par
|
|-weather|Sandstorm|[upkeep]
|-damage|p2a: Poison Young Thing|45/100 par|[from] Sandstorm
|-damage|p2a: Poison Young Thing|33/100 par|[from] Salt Cure
|upkeep
|turn|40
|
|t:|1758265154
|move|p1a: Magnezone|Thunderbolt|p2a: Poison Young Thing
|-damage|p2a: Poison Young Thing|0 fnt
|faint|p2a: Poison Young Thing
|
|-weather|Sandstorm|[upkeep]
|upkeep
|-message|mechamakachino forfeited.
|
|win|cyyishandsome3
|raw|cyyishandsome3's rating: 1507 &rarr; <strong>1525</strong><br />(+18 for winning)
|raw|mechamakachino's rating: 1477 &rarr; <strong>1459</strong><br />(-18 for losing)
|l|☆mechamakachino
|player|p2|
|l|☆cyyishandsome3
|player|p1|
