|j|☆chopianist16
|j|☆stonehex4
|t:|1758305750
|gametype|singles
|player|p1|chopianist16|palmer|1362
|player|p2|stonehex4|giovanni|1379
|gen|9
|tier|[Gen 9] OU
|rated|
|rule|HP Percentage Mod: HP is shown in percentages
|rule|Endless Battle Clause: Forcing endless battles is banned
|rule|Species Clause: Limit one of each Pokémon
|rule|OHKO Clause: OHKO moves are banned
|rule|Evasion Items Clause: Evasion items are banned
|rule|Evasion Moves Clause: Evasion moves are banned
|rule|Evasion Abilities Clause: Evasion abilities are banned
|rule|Sleep Moves Clause: Sleep-inducing moves are banned
|clearpoke
|poke|p1|Blaziken, F|
|poke|p1|Landorus-Therian, M|
|poke|p1|Kyurem|
|poke|p1|Glimmora, M|
|poke|p1|Iron Crown|
|poke|p1|Alomomola, F|
|poke|p2|Zamazenta-*|
|poke|p2|Indeedee, M|
|poke|p2|Polteageist|
|poke|p2|Blaziken, F|
|poke|p2|Hatterene, F|
|poke|p2|Deoxys-Defense|
|teampreview
|inactive|Battle timer is ON: inactive players will automatically lose when time's up. (requested by stonehex4)
|
|t:|1758305777
|teamsize|p1|6
|teamsize|p2|6
|start
|switch|p1a: Blaziken|Blaziken, F, shiny|100/100
|switch|p2a: Indeedee|Indeedee, M|100/100
|-fieldstart|move: Psychic Terrain|[from] ability: Psychic Surge|[of] p2a: Indeedee
|turn|1
|
|t:|1758305802
|move|p2a: Indeedee|Expanding Force|p1a: Blaziken
|-supereffective|p1a: Blaziken
|-damage|p1a: Blaziken|0 fnt
|faint|p1a: Blaziken
|
|upkeep
|
|t:|1758305808
|switch|p1a: Iron Crown|Iron Crown|100/100
|turn|2
|
|t:|1758305812
|switch|p2a: Hatterene|Hatterene, F|100/100
|move|p1a: Iron Crown|Volt Switch|p2a: Hatterene
|-damage|p2a: Hatterene|77/100
|-enditem|p2a: Hatterene|Eject Button
|
|t:|1758305821
|switch|p2a: Deoxys|Deoxys-Defense|100/100
|-ability|p2a: Deoxys|Pressure
|
|upkeep
|turn|3
|
|t:|1758305830
|move|p1a: Iron Crown|Volt Switch|p2a: Deoxys
|-damage|p2a: Deoxys|85/100
|
|t:|1758305838
|-end|p1a: Iron Crown|Quark Drive|[silent]
|switch|p1a: Glimmora|Glimmora, M|100/100|[from] Volt Switch
|move|p2a: Deoxys|Agility|p2a: Deoxys
|-boost|p2a: Deoxys|spe|2
|
|upkeep
|turn|4
|
|t:|1758305852
|move|p2a: Deoxys|Calm Mind|p2a: Deoxys
|-boost|p2a: Deoxys|spa|1
|-boost|p2a: Deoxys|spd|1
|move|p1a: Glimmora|Mortal Spin|p2a: Deoxys
|-damage|p2a: Deoxys|80/100
|-status|p2a: Deoxys|psn
|
|-damage|p2a: Deoxys|68/100 psn|[from] psn
|upkeep
|turn|5
|
|t:|1758305877
|move|p2a: Deoxys|Iron Defense|p2a: Deoxys
|-boost|p2a: Deoxys|def|2
|move|p1a: Glimmora|Spikes|p2a: Deoxys
|-sidestart|p2: stonehex4|Spikes
|
|-damage|p2a: Deoxys|56/100 psn|[from] psn
|upkeep
|turn|6
|
|t:|1758305889
|move|p2a: Deoxys|Stored Power|p1a: Glimmora
|-supereffective|p1a: Glimmora
|-enditem|p1a: Glimmora|Focus Sash
|-damage|p1a: Glimmora|1/100
|move|p1a: Glimmora|Spikes|p2a: Deoxys
|-sidestart|p2: stonehex4|Spikes
|
|-damage|p2a: Deoxys|44/100 psn|[from] psn
|upkeep
|turn|7
|
|t:|1758305898
|move|p2a: Deoxys|Stored Power|p1a: Glimmora
|-supereffective|p1a: Glimmora
|-damage|p1a: Glimmora|0 fnt
|faint|p1a: Glimmora
|
|-damage|p2a: Deoxys|31/100 psn|[from] psn
|upkeep
|
|t:|1758305905
|switch|p1a: Kyurem|Kyurem|100/100
|-ability|p1a: Kyurem|Pressure
|turn|8
|
|t:|1758305911
|move|p1a: Kyurem|Protect|p1a: Kyurem
|-singleturn|p1a: Kyurem|Protect
|move|p2a: Deoxys|Stored Power|p1a: Kyurem
|-activate|p1a: Kyurem|move: Protect
|
|-damage|p2a: Deoxys|19/100 psn|[from] psn
|-fieldend|move: Psychic Terrain
|upkeep
|turn|9
|
|t:|1758305920
|switch|p1a: Iron Crown|Iron Crown|100/100
|move|p2a: Deoxys|Stored Power|p1a: Iron Crown
|-resisted|p1a: Iron Crown
|-damage|p1a: Iron Crown|91/100
|
|-damage|p2a: Deoxys|7/100 psn|[from] psn
|upkeep
|turn|10
|
|t:|1758305930
|move|p2a: Deoxys|Stored Power|p1a: Iron Crown
|-resisted|p1a: Iron Crown
|-damage|p1a: Iron Crown|83/100
|move|p1a: Iron Crown|Tachyon Cutter|p2a: Deoxys
|-damage|p2a: Deoxys|0 fnt
|faint|p2a: Deoxys
|-hitcount|p2: Deoxys|1
|
|upkeep
|
|t:|1758305938
|switch|p2a: Indeedee|Indeedee, M|100/100
|-damage|p2a: Indeedee|84/100|[from] Spikes
|-fieldstart|move: Psychic Terrain|[from] ability: Psychic Surge|[of] p2a: Indeedee
|turn|11
|
|t:|1758305963
|move|p1a: Iron Crown|Tachyon Cutter|p2a: Indeedee
|-damage|p2a: Indeedee|52/100
|-damage|p2a: Indeedee|21/100
|-hitcount|p2a: Indeedee|2
|move|p2a: Indeedee|Encore|p1a: Iron Crown
|-start|p1a: Iron Crown|Encore
|
|upkeep
|turn|12
|
|t:|1758305971
|move|p1a: Iron Crown|Tachyon Cutter|p2a: Indeedee
|-damage|p2a: Indeedee|0 fnt
|faint|p2a: Indeedee
|-hitcount|p2: Indeedee|1
|
|upkeep
|
|t:|1758305976
|switch|p2a: Polteageist|Polteageist|100/100
|-damage|p2a: Polteageist|84/100|[from] Spikes
|turn|13
|
|t:|1758306002
|-end|p1a: Iron Crown|Quark Drive|[silent]
|switch|p1a: Landorus|Landorus-Therian, M|100/100
|-ability|p1a: Landorus|Intimidate|boost
|-unboost|p2a: Polteageist|atk|1
|-terastallize|p2a: Polteageist|Fighting
|move|p2a: Polteageist|Shell Smash|p2a: Polteageist
|-unboost|p2a: Polteageist|def|1
|-unboost|p2a: Polteageist|spd|1
|-boost|p2a: Polteageist|atk|2
|-boost|p2a: Polteageist|spa|2
|-boost|p2a: Polteageist|spe|2
|
|upkeep
|turn|14
|inactive|chopianist16 has 120 seconds left.
|
|t:|1758306020
|move|p2a: Polteageist|Stored Power|p1a: Landorus
|-damage|p1a: Landorus|0 fnt
|faint|p1a: Landorus
|
|upkeep
|inactive|chopianist16 has 120 seconds left.
|
|t:|1758306030
|switch|p1a: Kyurem|Kyurem|100/100
|-ability|p1a: Kyurem|Pressure
|turn|15
|
|t:|1758306035
|move|p1a: Kyurem|Protect|p1a: Kyurem
|-singleturn|p1a: Kyurem|Protect
|move|p2a: Polteageist|Shell Smash|p2a: Polteageist
|-unboost|p2a: Polteageist|def|1
|-unboost|p2a: Polteageist|spd|1
|-boost|p2a: Polteageist|atk|2
|-boost|p2a: Polteageist|spa|2
|-boost|p2a: Polteageist|spe|2
|
|upkeep
|turn|16
|-message|chopianist16 forfeited.
|
|win|stonehex4
|raw|chopianist16's rating: 1362 &rarr; <strong>1343</strong><br />(-19 for losing)
|raw|stonehex4's rating: 1379 &rarr; <strong>1398</strong><br />(+19 for winning)
|l|☆chopianist16
|player|p1|
