|j|☆pepinoloko
|j|☆iamcoolokas
|t:|1758312143
|gametype|singles
|player|p1|pepinoloko|palmer|1444
|player|p2|iamcoolokas|170|1447
|gen|9
|tier|[Gen 9] OU
|rated|
|rule|HP Percentage Mod: HP is shown in percentages
|rule|Endless Battle Clause: Forcing endless battles is banned
|rule|Species Clause: Limit one of each Pokémon
|rule|OHKO Clause: OHKO moves are banned
|rule|Evasion Items Clause: Evasion items are banned
|rule|Evasion Moves Clause: Evasion moves are banned
|rule|Evasion Abilities Clause: Evasion abilities are banned
|rule|Sleep Moves Clause: Sleep-inducing moves are banned
|clearpoke
|poke|p1|Salazzle, F|
|poke|p1|Kyurem|
|poke|p1|Cinderace, M|
|poke|p1|Landorus-Therian, M|
|poke|p1|Corviknight, M|
|poke|p1|Conkeldurr, M|
|poke|p2|Dragonite, F|
|poke|p2|Kingambit, M|
|poke|p2|Iron Moth|
|poke|p2|Samurott-Hisui, M|
|poke|p2|Iron Valiant|
|poke|p2|Moltres-Galar|
|teampreview
|inactive|Battle timer is ON: inactive players will automatically lose when time's up. (requested by pepinoloko)
|
|t:|1758312154
|teamsize|p1|6
|teamsize|p2|6
|start
|switch|p1a: God is always good|Landorus-Therian, M|100/100
|switch|p2a: Samurott|Samurott-Hisui, M|100/100
|-ability|p1a: God is always good|Intimidate|boost
|-unboost|p2a: Samurott|atk|1
|turn|1
|
|t:|1758312166
|move|p1a: God is always good|U-turn|p2a: Samurott
|-supereffective|p2a: Samurott
|-damage|p2a: Samurott|30/100
|
|t:|1758312168
|switch|p1a: I AM PRESSURE|Corviknight, M|100/100|[from] U-turn
|-ability|p1a: I AM PRESSURE|Pressure
|move|p2a: Samurott|Ceaseless Edge|p1a: I AM PRESSURE
|-damage|p1a: I AM PRESSURE|76/100
|-damage|p2a: Samurott|14/100|[from] item: Rocky Helmet|[of] p1a: I AM PRESSURE
|-sidestart|p1: pepinoloko|Spikes
|
|upkeep
|turn|2
|
|t:|1758312176
|move|p2a: Samurott|Knock Off|p1a: I AM PRESSURE
|-damage|p1a: I AM PRESSURE|54/100
|-damage|p2a: Samurott|0 fnt|[from] item: Rocky Helmet|[of] p1a: I AM PRESSURE
|faint|p2a: Samurott
|move|p1a: I AM PRESSURE|U-turn|p2: Samurott|[notarget]
|-fail|p1a: I AM PRESSURE
|
|upkeep
|
|t:|1758312181
|switch|p2a: Iron Moth|Iron Moth|100/100
|-enditem|p2a: Iron Moth|Booster Energy
|-activate|p2a: Iron Moth|ability: Quark Drive|[fromitem]
|-start|p2a: Iron Moth|quarkdrivespe
|turn|3
|
|t:|1758312189
|switch|p1a: I U-turn on U|Cinderace, M|100/100
|move|p2a: Iron Moth|Fiery Dance|p1a: I U-turn on U
|-resisted|p1a: I U-turn on U
|-damage|p1a: I U-turn on U|71/100
|
|upkeep
|turn|4
|
|t:|1758312194
|move|p1a: I U-turn on U|Sucker Punch|p2a: Iron Moth
|-start|p1a: I U-turn on U|typechange|Dark|[from] ability: Libero
|-damage|p2a: Iron Moth|54/100
|move|p2a: Iron Moth|Fiery Dance|p1a: I U-turn on U
|-damage|p1a: I U-turn on U|8/100
|-boost|p2a: Iron Moth|spa|1
|
|upkeep
|turn|5
|
|t:|1758312204
|move|p1a: I U-turn on U|Sucker Punch|p2a: Iron Moth
|-damage|p2a: Iron Moth|6/100
|move|p2a: Iron Moth|Fiery Dance|p1a: I U-turn on U
|-damage|p1a: I U-turn on U|0 fnt
|-boost|p2a: Iron Moth|spa|1
|faint|p1a: I U-turn on U
|
|upkeep
|
|t:|1758312207
|switch|p1a: Len'oir|Salazzle, F, shiny|100/100
|-damage|p1a: Len'oir|88/100|[from] Spikes
|turn|6
|
|t:|1758312210
|move|p1a: Len'oir|Flamethrower|p2a: Iron Moth
|-resisted|p2a: Iron Moth
|-damage|p2a: Iron Moth|0 fnt
|faint|p2a: Iron Moth
|-end|p2a: Iron Moth|Quark Drive|[silent]
|
|upkeep
|
|t:|1758312215
|switch|p2a: Dragonite|Dragonite, F|100/100
|turn|7
|
|t:|1758312220
|switch|p1a: I AM PRESSURE|Corviknight, M|54/100
|-ability|p1a: I AM PRESSURE|Pressure
|switch|p2a: Moltres|Moltres-Galar|100/100
|
|upkeep
|turn|8
|
|t:|1758312223
|move|p2a: Moltres|Agility|p2a: Moltres
|-boost|p2a: Moltres|spe|2
|move|p1a: I AM PRESSURE|U-turn|p2a: Moltres
|-damage|p2a: Moltres|83/100
|
|t:|1758312234
|switch|p1a: Conkeldurr|Conkeldurr, M|100/100|[from] U-turn
|-damage|p1a: Conkeldurr|88/100|[from] Spikes
|
|-status|p1a: Conkeldurr|brn|[from] item: Flame Orb
|upkeep
|turn|9
|
|t:|1758312240
|move|p2a: Moltres|Tera Blast|p1a: Conkeldurr
|-damage|p1a: Conkeldurr|57/100 brn
|move|p1a: Conkeldurr|Drain Punch|p2a: Moltres
|-crit|p2a: Moltres
|-damage|p2a: Moltres|0 fnt
|-heal|p1a: Conkeldurr|90/100 brn|[from] drain|[of] p2a: Moltres
|faint|p2a: Moltres
|
|-damage|p1a: Conkeldurr|84/100 brn|[from] brn
|upkeep
|c|☆iamcoolokas|WOOPS
|c|☆iamcoolokas|it appears ivedone a inccorect thing
|
|t:|1758312258
|switch|p2a: Iron Valiant|Iron Valiant|100/100
|-enditem|p2a: Iron Valiant|Booster Energy
|-activate|p2a: Iron Valiant|ability: Quark Drive|[fromitem]
|-start|p2a: Iron Valiant|quarkdrivespe
|turn|10
|
|t:|1758312263
|switch|p1a: Len'oir|Salazzle, F, shiny|88/100
|-damage|p1a: Len'oir|76/100|[from] Spikes
|move|p2a: Iron Valiant|Moonblast|p1a: Len'oir
|-resisted|p1a: Len'oir
|-damage|p1a: Len'oir|56/100
|
|upkeep
|turn|11
|
|t:|1758312270
|move|p1a: Len'oir|Sludge Wave|p2a: Iron Valiant
|-supereffective|p2a: Iron Valiant
|-damage|p2a: Iron Valiant|0 fnt
|faint|p2a: Iron Valiant
|-end|p2a: Iron Valiant|Quark Drive|[silent]
|
|upkeep
|
|t:|1758312273
|switch|p2a: Dragonite|Dragonite, F|100/100
|turn|12
|
|t:|1758312278
|switch|p1a: God is always good|Landorus-Therian, M|100/100
|-ability|p1a: God is always good|Intimidate|boost
|-unboost|p2a: Dragonite|atk|1
|move|p2a: Dragonite|Dragon Dance|p2a: Dragonite
|-boost|p2a: Dragonite|atk|1
|-boost|p2a: Dragonite|spe|1
|
|upkeep
|turn|13
|
|t:|1758312281
|move|p1a: God is always good|Stone Edge|p2a: Dragonite
|-supereffective|p2a: Dragonite
|-damage|p2a: Dragonite|61/100
|move|p2a: Dragonite|Dragon Dance|p2a: Dragonite
|-boost|p2a: Dragonite|atk|1
|-boost|p2a: Dragonite|spe|1
|
|upkeep
|turn|14
|
|t:|1758312284
|-terastallize|p2a: Dragonite|Normal
|move|p2a: Dragonite|Dragon Dance|p2a: Dragonite
|-boost|p2a: Dragonite|atk|1
|-boost|p2a: Dragonite|spe|1
|move|p1a: God is always good|Stone Edge|p2a: Dragonite
|-damage|p2a: Dragonite|18/100
|
|upkeep
|turn|15
|
|t:|1758312290
|switch|p1a: I AM PRESSURE|Corviknight, M|54/100
|-ability|p1a: I AM PRESSURE|Pressure
|move|p2a: Dragonite|Outrage|p1a: I AM PRESSURE
|-resisted|p1a: I AM PRESSURE
|-damage|p1a: I AM PRESSURE|7/100
|-damage|p2a: Dragonite|1/100|[from] item: Rocky Helmet|[of] p1a: I AM PRESSURE
|
|upkeep
|turn|16
|c|☆iamcoolokas|noooo
|
|t:|1758312297
|move|p2a: Dragonite|Outrage|p1a: I AM PRESSURE|[from] lockedmove
|-resisted|p1a: I AM PRESSURE
|-damage|p1a: I AM PRESSURE|0 fnt
|-damage|p2a: Dragonite|0 fnt|[from] item: Rocky Helmet|[of] p1a: I AM PRESSURE
|faint|p1a: I AM PRESSURE
|faint|p2a: Dragonite
|
|upkeep
|c|☆iamcoolokas|i thought id kill honestly
|
|t:|1758312304
|switch|p2a: Kingambit|Kingambit, M|100/100
|switch|p1a: Len'oir|Salazzle, F, shiny|56/100
|-damage|p1a: Len'oir|44/100|[from] Spikes
|-activate|p2a: Kingambit|ability: Supreme Overlord
|-start|p2a: Kingambit|fallen5|[silent]
|-item|p2a: Kingambit|Air Balloon
|turn|17
|
|t:|1758312306
|move|p2a: Kingambit|Sucker Punch||[still]
|-fail|p2a: Kingambit
|move|p1a: Len'oir|Toxic|p2a: Kingambit
|-status|p2a: Kingambit|tox
|
|-damage|p2a: Kingambit|94/100 tox|[from] psn
|upkeep
|turn|18
|
|t:|1758312313
|switch|p1a: God is always good|Landorus-Therian, M|100/100
|-ability|p1a: God is always good|Intimidate|boost
|-unboost|p2a: Kingambit|atk|1
|move|p2a: Kingambit|Sucker Punch||[still]
|-fail|p2a: Kingambit
|
|-damage|p2a: Kingambit|82/100 tox|[from] psn
|upkeep
|turn|19
|-message|iamcoolokas forfeited.
|
|win|pepinoloko
|raw|pepinoloko's rating: 1444 &rarr; <strong>1464</strong><br />(+20 for winning)
|raw|iamcoolokas's rating: 1447 &rarr; <strong>1427</strong><br />(-20 for losing)
|l|☆iamcoolokas
|player|p2|
