|j|☆frankjob
|j|☆TPX05
|t:|1758366650
|gametype|singles
|player|p1|frankjob|cheren|1443
|player|p2|TPX05|1|1424
|gen|9
|tier|[Gen 9] OU
|rated|
|rule|HP Percentage Mod: HP is shown in percentages
|rule|Endless Battle Clause: Forcing endless battles is banned
|rule|Species Clause: Limit one of each Pokémon
|rule|OHKO Clause: OHKO moves are banned
|rule|Evasion Items Clause: Evasion items are banned
|rule|Evasion Moves Clause: Evasion moves are banned
|rule|Evasion Abilities Clause: Evasion abilities are banned
|rule|Sleep Moves Clause: Sleep-inducing moves are banned
|clearpoke
|poke|p1|Ursaluna, F|
|poke|p1|Carbink|
|poke|p1|Cresselia, F|
|poke|p1|Kingambit, F|
|poke|p1|Hatterene, F|
|poke|p1|Raging Bolt|
|poke|p2|Araquanid, F|
|poke|p2|Gholdengo|
|poke|p2|Kingambit, F|
|poke|p2|Raging Bolt|
|poke|p2|Enamorus, F|
|poke|p2|Iron Moth|
|teampreview
|inactive|Battle timer is ON: inactive players will automatically lose when time's up. (requested by TPX05)
|
|t:|1758366660
|teamsize|p1|6
|teamsize|p2|6
|start
|switch|p1a: Carbink|Carbink|100/100
|switch|p2a: Iron Moth|Iron Moth|100/100
|-enditem|p2a: Iron Moth|Booster Energy
|-activate|p2a: Iron Moth|ability: Quark Drive|[fromitem]
|-start|p2a: Iron Moth|quarkdrivespa
|turn|1
|
|t:|1758366671
|move|p2a: Iron Moth|Sludge Wave|p1a: Carbink
|-damage|p1a: Carbink|50/100
|-status|p1a: Carbink|psn
|move|p1a: Carbink|Trick Room|p1a: Carbink
|-fieldstart|move: Trick Room|[of] p1a: Carbink
|
|-damage|p1a: Carbink|37/100 psn|[from] psn
|upkeep
|turn|2
|
|t:|1758366678
|move|p1a: Carbink|Stealth Rock|p2a: Iron Moth
|-sidestart|p2: TPX05|move: Stealth Rock
|move|p2a: Iron Moth|Fiery Dance|p1a: Carbink
|-resisted|p1a: Carbink
|-damage|p1a: Carbink|18/100 psn
|-boost|p2a: Iron Moth|spa|1
|
|-damage|p1a: Carbink|6/100 psn|[from] psn
|upkeep
|turn|3
|
|t:|1758366689
|move|p1a: Carbink|Misty Explosion|p2a: Iron Moth
|-resisted|p2a: Iron Moth
|-damage|p2a: Iron Moth|96/100
|faint|p1a: Carbink
|move|p2a: Iron Moth|Fiery Dance|p1: Carbink|[notarget]
|-fail|p2a: Iron Moth
|
|upkeep
|
|t:|1758366702
|switch|p1a: Ursaluna|Ursaluna, F|100/100
|turn|4
|
|t:|1758366714
|move|p1a: Ursaluna|Headlong Rush|p2a: Iron Moth
|-supereffective|p2a: Iron Moth
|-damage|p2a: Iron Moth|0 fnt
|-unboost|p1a: Ursaluna|def|1
|-unboost|p1a: Ursaluna|spd|1
|faint|p2a: Iron Moth
|-end|p2a: Iron Moth|Quark Drive|[silent]
|
|-status|p1a: Ursaluna|brn|[from] item: Flame Orb
|upkeep
|
|t:|1758366721
|switch|p2a: Araquanid|Araquanid, F|100/100
|-damage|p2a: Araquanid|75/100|[from] Stealth Rock
|turn|5
|
|t:|1758366727
|-terastallize|p2a: Araquanid|Ghost
|move|p1a: Ursaluna|Facade|p2a: Araquanid
|-immune|p2a: Araquanid
|move|p2a: Araquanid|Liquidation|p1a: Ursaluna
|-supereffective|p1a: Ursaluna
|-crit|p1a: Ursaluna
|-damage|p1a: Ursaluna|0 fnt
|faint|p1a: Ursaluna
|
|-fieldend|move: Trick Room
|upkeep
|
|t:|1758366743
|switch|p1a: Kingambit|Kingambit, F|100/100
|-activate|p1a: Kingambit|ability: Supreme Overlord
|-start|p1a: Kingambit|fallen2|[silent]
|turn|6
|
|t:|1758366750
|switch|p2a: Enamorus|Enamorus, F|100/100
|-damage|p2a: Enamorus|76/100|[from] Stealth Rock
|move|p1a: Kingambit|Kowtow Cleave|p2a: Enamorus
|-resisted|p2a: Enamorus
|-damage|p2a: Enamorus|20/100
|
|upkeep
|turn|7
|
|t:|1758366763
|move|p1a: Kingambit|Sucker Punch||[still]
|-fail|p1a: Kingambit
|move|p2a: Enamorus|Healing Wish|p2a: Enamorus
|faint|p2a: Enamorus
|
|upkeep
|
|t:|1758366765
|switch|p2a: Raging Bolt|Raging Bolt|100/100
|-damage|p2a: Raging Bolt|88/100|[from] Stealth Rock
|-enditem|p2a: Raging Bolt|Booster Energy
|-activate|p2a: Raging Bolt|ability: Protosynthesis|[fromitem]
|-start|p2a: Raging Bolt|protosynthesisspa
|turn|8
|
|t:|1758366786
|move|p1a: Kingambit|Sucker Punch|p2a: Raging Bolt
|-damage|p2a: Raging Bolt|34/100
|move|p2a: Raging Bolt|Thunderbolt|p1a: Kingambit
|-damage|p1a: Kingambit|37/100
|
|upkeep
|turn|9
|
|t:|1758366799
|-end|p1a: Kingambit|fallen2|[silent]
|switch|p1a: Cresselia|Cresselia, F|100/100
|move|p2a: Raging Bolt|Thunderclap||[still]
|-fail|p2a: Raging Bolt
|
|upkeep
|turn|10
|
|t:|1758366811
|-end|p2a: Raging Bolt|Protosynthesis|[silent]
|switch|p2a: Kingambit|Kingambit, F|100/100
|-damage|p2a: Kingambit|94/100|[from] Stealth Rock
|-activate|p2a: Kingambit|ability: Supreme Overlord
|-start|p2a: Kingambit|fallen2|[silent]
|move|p1a: Cresselia|Trick Room|p1a: Cresselia
|-fieldstart|move: Trick Room|[of] p1a: Cresselia
|
|upkeep
|turn|11
|
|t:|1758366820
|move|p1a: Cresselia|Lunar Dance|p1a: Cresselia
|faint|p1a: Cresselia
|move|p2a: Kingambit|Swords Dance|p2a: Kingambit
|-boost|p2a: Kingambit|atk|2
|
|upkeep
|
|t:|1758366825
|switch|p1a: Kingambit|Kingambit, F|37/100
|-heal|p1a: Kingambit|100/100|[from] move: Lunar Dance
|-activate|p1a: Kingambit|ability: Supreme Overlord
|-start|p1a: Kingambit|fallen3|[silent]
|turn|12
|
|t:|1758366846
|move|p1a: Kingambit|Low Kick|p2a: Kingambit
|-supereffective|p2a: Kingambit
|-damage|p2a: Kingambit|0 fnt
|faint|p2a: Kingambit
|-end|p2a: Kingambit|fallen2|[silent]
|
|upkeep
|
|t:|1758366854
|switch|p2a: Raging Bolt|Raging Bolt|34/100
|-heal|p2a: Raging Bolt|100/100|[from] move: Healing Wish
|-damage|p2a: Raging Bolt|88/100|[from] Stealth Rock
|turn|13
|
|t:|1758366860
|move|p1a: Kingambit|Kowtow Cleave|p2a: Raging Bolt
|-damage|p2a: Raging Bolt|11/100
|move|p2a: Raging Bolt|Thunderbolt|p1a: Kingambit
|-damage|p1a: Kingambit|45/100
|
|upkeep
|turn|14
|
|t:|1758366872
|move|p1a: Kingambit|Sucker Punch||[still]
|-fail|p1a: Kingambit
|move|p2a: Raging Bolt|Calm Mind|p2a: Raging Bolt
|-boost|p2a: Raging Bolt|spa|1
|-boost|p2a: Raging Bolt|spd|1
|
|-fieldend|move: Trick Room
|upkeep
|turn|15
|
|t:|1758366889
|move|p2a: Raging Bolt|Thunderclap|p1a: Kingambit
|-damage|p1a: Kingambit|0 fnt
|faint|p1a: Kingambit
|-end|p1a: Kingambit|fallen3|[silent]
|
|upkeep
|
|t:|1758366893
|switch|p1a: Hatterene|Hatterene, F|100/100
|turn|16
|
|t:|1758366898
|move|p2a: Raging Bolt|Thunderbolt|p1a: Hatterene
|-damage|p1a: Hatterene|9/100
|move|p1a: Hatterene|Trick Room|p1a: Hatterene
|-fieldstart|move: Trick Room|[of] p1a: Hatterene
|
|upkeep
|turn|17
|
|t:|1758366907
|move|p2a: Raging Bolt|Thunderclap|p1a: Hatterene
|-damage|p1a: Hatterene|0 fnt
|faint|p1a: Hatterene
|
|upkeep
|
|t:|1758366910
|switch|p1a: Raging Bolt|Raging Bolt|100/100
|-enditem|p1a: Raging Bolt|Booster Energy
|-activate|p1a: Raging Bolt|ability: Protosynthesis|[fromitem]
|-start|p1a: Raging Bolt|protosynthesisspa
|turn|18
|
|t:|1758366919
|move|p1a: Raging Bolt|Thunderbolt|p2a: Raging Bolt
|-resisted|p2a: Raging Bolt
|-damage|p2a: Raging Bolt|0 fnt
|faint|p2a: Raging Bolt
|-end|p2a: Raging Bolt|Protosynthesis|[silent]
|
|upkeep
|
|t:|1758366926
|switch|p2a: Gholdengo|Gholdengo|100/100
|-damage|p2a: Gholdengo|94/100|[from] Stealth Rock
|-item|p2a: Gholdengo|Air Balloon
|turn|19
|
|t:|1758366931
|move|p1a: Raging Bolt|Thunderbolt|p2a: Gholdengo
|-damage|p2a: Gholdengo|10/100
|-enditem|p2a: Gholdengo|Air Balloon
|move|p2a: Gholdengo|Psyshock|p1a: Raging Bolt
|-damage|p1a: Raging Bolt|75/100
|
|upkeep
|turn|20
|
|t:|1758366938
|move|p1a: Raging Bolt|Thunderbolt|p2a: Gholdengo
|-damage|p2a: Gholdengo|0 fnt
|faint|p2a: Gholdengo
|
|-fieldend|move: Trick Room
|upkeep
|
|t:|1758366940
|switch|p2a: Araquanid|Araquanid, F, tera:Ghost|75/100
|-damage|p2a: Araquanid|63/100|[from] Stealth Rock
|turn|21
|
|t:|1758366946
|move|p1a: Raging Bolt|Thunderbolt|p2a: Araquanid
|-damage|p2a: Araquanid|5/100
|-status|p2a: Araquanid|par
|move|p2a: Araquanid|Lunge|p1a: Raging Bolt
|-damage|p1a: Raging Bolt|49/100
|-unboost|p1a: Raging Bolt|atk|1
|
|upkeep
|turn|22
|-enditem|p2a: Araquanid|Custap Berry|[eat]
|-activate|p2a: Araquanid|item: Custap Berry|[consumed]
|
|t:|1758366955
|move|p2a: Araquanid|Lunge|p1a: Raging Bolt
|-crit|p1a: Raging Bolt
|-damage|p1a: Raging Bolt|12/100
|-unboost|p1a: Raging Bolt|atk|1
|move|p1a: Raging Bolt|Thunderbolt|p2a: Araquanid
|-damage|p2a: Araquanid|0 fnt
|faint|p2a: Araquanid
|
|win|frankjob
|raw|frankjob's rating: 1443 &rarr; <strong>1463</strong><br />(+20 for winning)
|raw|TPX05's rating: 1447 &rarr; <strong>1427</strong><br />(-20 for losing)
|l|☆TPX05
|player|p2|
