|j|☆Dynthelor
|j|☆Poulitto
|t:|1758267293
|gametype|singles
|player|p1|Dynthelor|crasherwake|1023
|player|p2|Poulitto|kamado-armor|1047
|gen|9
|tier|[Gen 9] OU
|rated|
|rule|HP Percentage Mod: HP is shown in percentages
|rule|Endless Battle Clause: Forcing endless battles is banned
|rule|Species Clause: Limit one of each Pokémon
|rule|OHKO Clause: OHKO moves are banned
|rule|Evasion Items Clause: Evasion items are banned
|rule|Evasion Moves Clause: Evasion moves are banned
|rule|Evasion Abilities Clause: Evasion abilities are banned
|rule|Sleep Moves Clause: Sleep-inducing moves are banned
|clearpoke
|poke|p1|Cinderace, F|
|poke|p1|Darkrai|
|poke|p1|Zamazenta-*|
|poke|p1|Pecharunt|
|poke|p1|Primarina, F|
|poke|p1|Landorus-Therian, M|
|poke|p2|Kleavor, M|
|poke|p2|Heracross, M|
|poke|p2|Scyther, F|
|poke|p2|Scizor, F|
|poke|p2|Venomoth, F|
|poke|p2|Vikavolt, F|
|teampreview
|
|t:|1758267309
|teamsize|p1|6
|teamsize|p2|6
|start
|switch|p1a: Landorus|Landorus-Therian, M|100/100
|switch|p2a: Vikavolt|Vikavolt, F|100/100
|-ability|p1a: Landorus|Intimidate|boost
|-unboost|p2a: Vikavolt|atk|1
|turn|1
|
|t:|1758267315
|move|p1a: Landorus|Stealth Rock|p2a: Vikavolt
|-sidestart|p2: Poulitto|move: Stealth Rock
|move|p2a: Vikavolt|Sticky Web|p1a: Landorus
|-sidestart|p1: Dynthelor|move: Sticky Web
|
|upkeep
|turn|2
|
|t:|1758267326
|switch|p2a: Kleavor|Kleavor, M|100/100
|move|p1a: Landorus|U-turn|p2a: Kleavor
|-damage|p2a: Kleavor|76/100
|
|t:|1758267335
|switch|p1a: Primarina|Primarina, F|100/100|[from] U-turn
|
|upkeep
|turn|3
|
|t:|1758267341
|move|p2a: Kleavor|Stone Axe|p1a: Primarina
|-damage|p1a: Primarina|30/100
|-sidestart|p1: Dynthelor|move: Stealth Rock
|move|p1a: Primarina|Surf|p2a: Kleavor
|-supereffective|p2a: Kleavor
|-damage|p2a: Kleavor|0 fnt
|faint|p2a: Kleavor
|
|upkeep
|
|t:|1758267349
|switch|p2a: Venomoth|Venomoth, F, shiny|100/100
|turn|4
|
|t:|1758267363
|switch|p1a: Cinderace|Cinderace, F|100/100
|move|p2a: Venomoth|Quiver Dance|p2a: Venomoth
|-boost|p2a: Venomoth|spa|1
|-boost|p2a: Venomoth|spd|1
|-boost|p2a: Venomoth|spe|1
|
|upkeep
|turn|5
|
|t:|1758267373
|move|p2a: Venomoth|Sludge Wave|p1a: Cinderace
|-damage|p1a: Cinderace|11/100
|move|p1a: Cinderace|Pyro Ball|p2a: Venomoth
|-supereffective|p2a: Venomoth
|-damage|p2a: Venomoth|0 fnt
|faint|p2a: Venomoth
|
|upkeep
|
|t:|1758267378
|switch|p2a: Scizor|Scizor, F|100/100
|-damage|p2a: Scizor|88/100|[from] Stealth Rock
|turn|6
|
|t:|1758267384
|move|p2a: Scizor|Bullet Punch|p1a: Cinderace
|-resisted|p1a: Cinderace
|-damage|p1a: Cinderace|0 fnt
|faint|p1a: Cinderace
|
|upkeep
|
|t:|1758267391
|switch|p1a: Landorus|Landorus-Therian, M|100/100
|-damage|p1a: Landorus|88/100|[from] Stealth Rock
|-ability|p1a: Landorus|Intimidate|boost
|-unboost|p2a: Scizor|atk|1
|turn|7
|inactive|Battle timer is ON: inactive players will automatically lose when time's up. (requested by Poulitto)
|
|t:|1758267422
|-terastallize|p2a: Scizor|Steel
|move|p2a: Scizor|Bullet Punch|p1a: Landorus
|-crit|p1a: Landorus
|-damage|p1a: Landorus|0 fnt
|-damage|p2a: Scizor|72/100|[from] item: Rocky Helmet|[of] p1a: Landorus
|faint|p1a: Landorus
|
|upkeep
|
|t:|1758267431
|switch|p1a: Darkrai|Darkrai|100/100
|turn|8
|
|t:|1758267434
|move|p2a: Scizor|Bullet Punch|p1a: Darkrai
|-crit|p1a: Darkrai
|-damage|p1a: Darkrai|0 fnt
|faint|p1a: Darkrai
|
|upkeep
|c|☆Dynthelor|oh yeah
|n|!Dynthelor|dynthelor
|inactive|Dynthelor has 120 seconds left.
|
|t:|1758267464
|switch|p1a: Zamazenta|Zamazenta|100/100
|-ability|p1a: Zamazenta|Dauntless Shield|boost
|-boost|p1a: Zamazenta|def|1
|turn|9
|
|t:|1758267471
|switch|p2a: Vikavolt|Vikavolt, F|100/100
|move|p1a: Zamazenta|Close Combat|p2a: Vikavolt
|-resisted|p2a: Vikavolt
|-crit|p2a: Vikavolt
|-damage|p2a: Vikavolt|51/100
|-unboost|p1a: Zamazenta|def|1
|-unboost|p1a: Zamazenta|spd|1
|
|upkeep
|turn|10
|
|t:|1758267488
|move|p1a: Zamazenta|Stone Edge|p2a: Vikavolt|[miss]
|-miss|p1a: Zamazenta|p2a: Vikavolt
|move|p2a: Vikavolt|Volt Switch|p1a: Zamazenta
|-damage|p1a: Zamazenta|35/100
|
|t:|1758267492
|switch|p2a: Scizor|Scizor, F, tera:Steel|72/100|[from] Volt Switch
|-damage|p2a: Scizor|66/100|[from] Stealth Rock
|
|upkeep
|turn|11
|-message|Dynthelor forfeited.
|
|win|Poulitto
