|j|☆DonovanIsNotHere
|j|☆C4rdC4rd
|t:|1758342375
|gametype|singles
|player|p1|DonovanIsNotHere|101|1440
|player|p2|C4rdC4rd|plasmagrunt-gen5bw|1440
|gen|9
|tier|[Gen 9] OU
|rated|
|rule|HP Percentage Mod: HP is shown in percentages
|rule|Endless Battle Clause: Forcing endless battles is banned
|rule|Species Clause: Limit one of each Pokémon
|rule|OHKO Clause: OHKO moves are banned
|rule|Evasion Items Clause: Evasion items are banned
|rule|Evasion Moves Clause: Evasion moves are banned
|rule|Evasion Abilities Clause: Evasion abilities are banned
|rule|Sleep Moves Clause: Sleep-inducing moves are banned
|clearpoke
|poke|p1|Rampardos, M|
|poke|p1|Slowking-Galar, M|
|poke|p1|Hatterene, F|
|poke|p1|Ting-Lu|
|poke|p1|Hoopa-Unbound|
|poke|p1|Hydrapple, F|
|poke|p2|Iron Moth|
|poke|p2|Corviknight, M|
|poke|p2|Great Tusk|
|poke|p2|Hatterene, F|
|poke|p2|Dragapult, M|
|poke|p2|Meowscarada, F|
|teampreview
|inactive|Battle timer is ON: inactive players will automatically lose when time's up. (requested by DonovanIsNotHere)
|
|t:|1758342411
|teamsize|p1|6
|teamsize|p2|6
|start
|switch|p1a: Ting-Lu|Ting-Lu|100/100
|switch|p2a: Endless Waltz|Meowscarada, F|100/100
|-ability|p1a: Ting-Lu|Vessel of Ruin
|turn|1
|
|t:|1758342423
|move|p2a: Endless Waltz|U-turn|p1a: Ting-Lu
|-start|p2a: Endless Waltz|typechange|Bug|[from] ability: Protean
|-supereffective|p1a: Ting-Lu
|-damage|p1a: Ting-Lu|63/100
|
|t:|1758342428
|switch|p2a: Calibarn|Hatterene, F|100/100|[from] U-turn
|move|p1a: Ting-Lu|Earthquake|p2a: Calibarn
|-damage|p2a: Calibarn|71/100
|
|-heal|p1a: Ting-Lu|69/100|[from] item: Leftovers
|-heal|p2a: Calibarn|77/100|[from] item: Leftovers
|upkeep
|turn|2
|
|t:|1758342437
|move|p1a: Ting-Lu|Ruination|p2a: Calibarn
|-damage|p2a: Calibarn|39/100
|move|p2a: Calibarn|Draining Kiss|p1a: Ting-Lu
|-supereffective|p1a: Ting-Lu
|-damage|p1a: Ting-Lu|50/100
|-heal|p2a: Calibarn|62/100|[from] drain|[of] p1a: Ting-Lu
|
|-heal|p1a: Ting-Lu|57/100|[from] item: Leftovers
|-heal|p2a: Calibarn|68/100|[from] item: Leftovers
|upkeep
|turn|3
|
|t:|1758342448
|switch|p1a: Slowking|Slowking-Galar, M|100/100
|move|p2a: Calibarn|Draining Kiss|p1a: Slowking
|-resisted|p1a: Slowking
|-damage|p1a: Slowking|91/100
|-heal|p2a: Calibarn|77/100|[from] drain|[of] p1a: Slowking
|
|-heal|p2a: Calibarn|83/100|[from] item: Leftovers
|upkeep
|turn|4
|
|t:|1758342453
|switch|p2a: Full Armor|Corviknight, M|100/100
|move|p1a: Slowking|Trick Room|p1a: Slowking
|-fieldstart|move: Trick Room|[of] p1a: Slowking
|
|upkeep
|turn|5
|
|t:|1758342459
|-prepare|p1a: Slowking|Chilly Reception|[premajor]
|move|p1a: Slowking|Chilly Reception|p1a: Slowking
|-weather|Snowscape
|
|t:|1758342460
|switch|p1a: Rampardos|Rampardos, M|100/100|[from] Chilly Reception
|move|p2a: Full Armor|Brave Bird|p1a: Rampardos
|-resisted|p1a: Rampardos
|-damage|p1a: Rampardos|77/100
|-damage|p2a: Full Armor|93/100|[from] Recoil
|
|-weather|Snowscape|[upkeep]
|-heal|p2a: Full Armor|99/100|[from] item: Leftovers
|upkeep
|turn|6
|
|t:|1758342472
|switch|p2a: Atlas|Great Tusk|100/100
|move|p1a: Rampardos|Zen Headbutt|p2a: Atlas
|-supereffective|p2a: Atlas
|-damage|p2a: Atlas|32/100
|
|-weather|Snowscape|[upkeep]
|-heal|p2a: Atlas|38/100|[from] item: Leftovers
|upkeep
|turn|7
|
|t:|1758342478
|switch|p1a: Hydrapple|Hydrapple, F|100/100
|move|p2a: Atlas|Body Press|p1a: Hydrapple
|-damage|p1a: Hydrapple|73/100
|-damage|p2a: Atlas|21/100|[from] item: Rocky Helmet|[of] p1a: Hydrapple
|
|-weather|Snowscape|[upkeep]
|-heal|p2a: Atlas|28/100|[from] item: Leftovers
|upkeep
|turn|8
|
|t:|1758342489
|-end|p2a: Atlas|Protosynthesis|[silent]
|switch|p2a: Full Armor|Corviknight, M|99/100
|move|p1a: Hydrapple|Fickle Beam|p2a: Full Armor
|-resisted|p2a: Full Armor
|-damage|p2a: Full Armor|88/100
|
|-weather|Snowscape|[upkeep]
|-heal|p2a: Full Armor|95/100|[from] item: Leftovers
|-fieldend|move: Trick Room
|upkeep
|turn|9
|
|t:|1758342498
|switch|p1a: Slowking|Slowking-Galar, M|100/100
|move|p2a: Full Armor|Brave Bird|p1a: Slowking
|-damage|p1a: Slowking|72/100
|-damage|p2a: Full Armor|85/100|[from] Recoil
|
|-weather|none
|-heal|p2a: Full Armor|91/100|[from] item: Leftovers
|upkeep
|turn|10
|
|t:|1758342503
|move|p2a: Full Armor|Brave Bird|p1a: Slowking
|-damage|p1a: Slowking|45/100
|-damage|p2a: Full Armor|83/100|[from] Recoil
|move|p1a: Slowking|Trick Room|p1a: Slowking
|-fieldstart|move: Trick Room|[of] p1a: Slowking
|
|-heal|p2a: Full Armor|89/100|[from] item: Leftovers
|upkeep
|turn|11
|
|t:|1758342509
|-prepare|p1a: Slowking|Chilly Reception|[premajor]
|move|p1a: Slowking|Chilly Reception|p1a: Slowking
|-weather|Snowscape
|
|t:|1758342510
|switch|p1a: Rampardos|Rampardos, M|77/100|[from] Chilly Reception
|move|p2a: Full Armor|Brave Bird|p1a: Rampardos
|-resisted|p1a: Rampardos
|-damage|p1a: Rampardos|55/100
|-damage|p2a: Full Armor|82/100|[from] Recoil
|
|-weather|Snowscape|[upkeep]
|-heal|p2a: Full Armor|88/100|[from] item: Leftovers
|upkeep
|turn|12
|
|t:|1758342534
|move|p1a: Rampardos|Fire Punch|p2a: Full Armor
|-supereffective|p2a: Full Armor
|-damage|p2a: Full Armor|0 fnt
|faint|p2a: Full Armor
|
|-weather|Snowscape|[upkeep]
|upkeep
|
|t:|1758342546
|switch|p2a: Calibarn|Hatterene, F|83/100
|turn|13
|inactive|DonovanIsNotHere has 120 seconds left.
|
|t:|1758342586
|switch|p1a: Slowking|Slowking-Galar, M|79/100
|move|p2a: Calibarn|Psychic|p1a: Slowking
|-damage|p1a: Slowking|45/100
|
|-weather|Snowscape|[upkeep]
|-heal|p2a: Calibarn|89/100|[from] item: Leftovers
|upkeep
|turn|14
|inactive|DonovanIsNotHere has 120 seconds left.
|
|t:|1758342593
|switch|p2a: Thunderbolt|Dragapult, M|100/100
|-prepare|p1a: Slowking|Chilly Reception|[premajor]
|move|p1a: Slowking|Chilly Reception|p1a: Slowking
|
|t:|1758342596
|switch|p1a: Ting-Lu|Ting-Lu|57/100|[from] Chilly Reception
|-ability|p1a: Ting-Lu|Vessel of Ruin
|
|-weather|Snowscape|[upkeep]
|-heal|p1a: Ting-Lu|63/100|[from] item: Leftovers
|-fieldend|move: Trick Room
|upkeep
|turn|15
|
|t:|1758342611
|move|p2a: Thunderbolt|U-turn|p1a: Ting-Lu
|-supereffective|p1a: Ting-Lu
|-damage|p1a: Ting-Lu|18/100
|
|t:|1758342616
|switch|p2a: Calibarn|Hatterene, F|89/100|[from] U-turn
|move|p1a: Ting-Lu|Earthquake|p2a: Calibarn
|-damage|p2a: Calibarn|62/100
|
|-weather|none
|-heal|p1a: Ting-Lu|25/100|[from] item: Leftovers
|-heal|p2a: Calibarn|67/100|[from] item: Leftovers
|upkeep
|turn|16
|
|t:|1758342627
|switch|p1a: Slowking|Slowking-Galar, M|78/100
|switch|p2a: Thunderbolt|Dragapult, M|100/100
|
|upkeep
|turn|17
|
|t:|1758342635
|switch|p1a: Ting-Lu|Ting-Lu|25/100
|-ability|p1a: Ting-Lu|Vessel of Ruin
|-terastallize|p2a: Thunderbolt|Ghost
|move|p2a: Thunderbolt|Tera Blast|p1a: Ting-Lu|[anim] Tera Blast Ghost
|-resisted|p1a: Ting-Lu
|-crit|p1a: Ting-Lu
|-damage|p1a: Ting-Lu|0 fnt
|faint|p1a: Ting-Lu
|
|upkeep
|
|t:|1758342644
|switch|p1a: Hoopa|Hoopa-Unbound|100/100
|turn|18
|
|t:|1758342652
|switch|p2a: Atlas|Great Tusk|28/100
|move|p1a: Hoopa|Trick Room|p1a: Hoopa
|-fieldstart|move: Trick Room|[of] p1a: Hoopa
|
|-heal|p2a: Atlas|34/100|[from] item: Leftovers
|upkeep
|turn|19
|
|t:|1758342660
|move|p1a: Hoopa|Psychic Noise|p2a: Atlas
|-supereffective|p2a: Atlas
|-damage|p2a: Atlas|0 fnt
|faint|p2a: Atlas
|-end|p2a: Atlas|Protosynthesis|[silent]
|
|upkeep
|
|t:|1758342669
|switch|p2a: Calibarn|Hatterene, F|67/100
|turn|20
|
|t:|1758342686
|-terastallize|p1a: Hoopa|Poison
|move|p2a: Calibarn|Nuzzle|p1a: Hoopa
|-damage|p1a: Hoopa|97/100
|-status|p1a: Hoopa|par
|move|p1a: Hoopa|Knock Off|p2a: Calibarn
|-damage|p2a: Calibarn|30/100
|-enditem|p2a: Calibarn|Leftovers|[from] move: Knock Off|[of] p1a: Hoopa
|
|upkeep
|turn|21
|
|t:|1758342696
|move|p1a: Hoopa|Knock Off|p2a: Calibarn
|-damage|p2a: Calibarn|1/100
|move|p2a: Calibarn|Psychic|p1a: Hoopa
|-supereffective|p1a: Hoopa
|-damage|p1a: Hoopa|39/100 par
|
|upkeep
|turn|22
|
|t:|1758342705
|move|p1a: Hoopa|Knock Off|p2a: Calibarn
|-damage|p2a: Calibarn|0 fnt
|faint|p2a: Calibarn
|
|-fieldend|move: Trick Room
|upkeep
|
|t:|1758342716
|switch|p2a: Thunderbolt|Dragapult, M, tera:Ghost|100/100
|turn|23
|
|t:|1758342719
|move|p2a: Thunderbolt|Tera Blast|p1a: Hoopa|[anim] Tera Blast Ghost
|-damage|p1a: Hoopa|0 fnt
|faint|p1a: Hoopa
|
|upkeep
|
|t:|1758342733
|switch|p1a: Hatterene|Hatterene, F|100/100
|turn|24
|c|☆C4rdC4rd|Gg gtg
|-message|C4rdC4rd forfeited.
|
|win|DonovanIsNotHere
|raw|DonovanIsNotHere's rating: 1440 &rarr; <strong>1460</strong><br />(+20 for winning)
|raw|C4rdC4rd's rating: 1440 &rarr; <strong>1420</strong><br />(-20 for losing)
|l|☆C4rdC4rd
|player|p2|
|c|☆DonovanIsNotHere|gg
|l|☆DonovanIsNotHere
|player|p1|
