|j|☆ailson643
|j|☆tygnizarre
|t:|1758288764
|gametype|singles
|player|p1|ailson643|2|1269
|player|p2|tygnizarre|sabrina|1304
|gen|9
|tier|[Gen 9] OU
|rated|
|rule|HP Percentage Mod: HP is shown in percentages
|rule|Endless Battle Clause: Forcing endless battles is banned
|rule|Species Clause: Limit one of each Pokémon
|rule|OHKO Clause: OHKO moves are banned
|rule|Evasion Items Clause: Evasion items are banned
|rule|Evasion Moves Clause: Evasion moves are banned
|rule|Evasion Abilities Clause: Evasion abilities are banned
|rule|Sleep Moves Clause: Sleep-inducing moves are banned
|clearpoke
|poke|p1|Kingambit, M|
|poke|p1|Iron Valiant|
|poke|p1|Volcanion|
|poke|p1|Zarude|
|poke|p1|Raging Bolt|
|poke|p1|Ursaluna, M|
|poke|p2|Ninetales, F|
|poke|p2|Walking Wake|
|poke|p2|Hatterene, F|
|poke|p2|Great Tusk|
|poke|p2|Venusaur, F|
|poke|p2|Kingambit, F|
|teampreview
|inactive|Battle timer is ON: inactive players will automatically lose when time's up. (requested by tygnizarre)
|
|t:|1758288792
|teamsize|p1|6
|teamsize|p2|6
|start
|switch|p1a: Raging Bolt|Raging Bolt|100/100
|switch|p2a: Ninetales|Ninetales, F|100/100
|-weather|SunnyDay|[from] ability: Drought|[of] p2a: Ninetales
|-activate|p1a: Raging Bolt|ability: Protosynthesis
|-start|p1a: Raging Bolt|protosynthesisspa
|turn|1
|
|t:|1758288822
|move|p2a: Ninetales|Will-O-Wisp|p1a: Raging Bolt
|-status|p1a: Raging Bolt|brn
|move|p1a: Raging Bolt|Calm Mind|p1a: Raging Bolt
|-boost|p1a: Raging Bolt|spa|1
|-boost|p1a: Raging Bolt|spd|1
|
|-weather|SunnyDay|[upkeep]
|-damage|p1a: Raging Bolt|94/100 brn|[from] brn
|upkeep
|turn|2
|
|t:|1758288849
|move|p2a: Ninetales|Encore|p1a: Raging Bolt
|-start|p1a: Raging Bolt|Encore
|move|p1a: Raging Bolt|Calm Mind|p1a: Raging Bolt
|-boost|p1a: Raging Bolt|spa|1
|-boost|p1a: Raging Bolt|spd|1
|
|-weather|SunnyDay|[upkeep]
|-damage|p1a: Raging Bolt|88/100 brn|[from] brn
|upkeep
|turn|3
|
|t:|1758288854
|move|p2a: Ninetales|Weather Ball|p1a: Raging Bolt
|-resisted|p1a: Raging Bolt
|-damage|p1a: Raging Bolt|80/100 brn
|move|p1a: Raging Bolt|Calm Mind|p1a: Raging Bolt
|-boost|p1a: Raging Bolt|spa|1
|-boost|p1a: Raging Bolt|spd|1
|
|-weather|SunnyDay|[upkeep]
|-damage|p1a: Raging Bolt|73/100 brn|[from] brn
|upkeep
|turn|4
|
|t:|1758288860
|move|p2a: Ninetales|Weather Ball|p1a: Raging Bolt
|-resisted|p1a: Raging Bolt
|-damage|p1a: Raging Bolt|67/100 brn
|move|p1a: Raging Bolt|Calm Mind|p1a: Raging Bolt
|-boost|p1a: Raging Bolt|spa|1
|-boost|p1a: Raging Bolt|spd|1
|
|-weather|SunnyDay|[upkeep]
|-damage|p1a: Raging Bolt|60/100 brn|[from] brn
|-end|p1a: Raging Bolt|Encore
|upkeep
|turn|5
|
|t:|1758288866
|-terastallize|p1a: Raging Bolt|Water
|move|p2a: Ninetales|Encore|p1a: Raging Bolt
|-start|p1a: Raging Bolt|Encore
|move|p1a: Raging Bolt|Calm Mind|p1a: Raging Bolt
|-boost|p1a: Raging Bolt|spa|1
|-boost|p1a: Raging Bolt|spd|1
|
|-weather|SunnyDay|[upkeep]
|-damage|p1a: Raging Bolt|54/100 brn|[from] brn
|upkeep
|turn|6
|
|t:|1758288884
|-end|p1a: Raging Bolt|Protosynthesis|[silent]
|switch|p1a: Volcanion|Volcanion|100/100
|move|p2a: Ninetales|Weather Ball|p1a: Volcanion
|-resisted|p1a: Volcanion
|-damage|p1a: Volcanion|89/100
|
|-weather|SunnyDay|[upkeep]
|-heal|p1a: Volcanion|96/100|[from] item: Leftovers
|upkeep
|turn|7
|inactive|tygnizarre has 120 seconds left.
|inactive|ailson643 has 120 seconds left.
|inactive|ailson643 has 90 seconds left.
|inactive|ailson643 has 60 seconds left.
|
|t:|1758288995
|switch|p2a: Walking Wake|Walking Wake|100/100
|-activate|p2a: Walking Wake|ability: Protosynthesis
|-start|p2a: Walking Wake|protosynthesisspe
|move|p1a: Volcanion|Earth Power|p2a: Walking Wake
|-damage|p2a: Walking Wake|58/100
|
|-weather|SunnyDay|[upkeep]
|-heal|p1a: Volcanion|100/100|[from] item: Leftovers
|upkeep
|turn|8
|
|t:|1758289003
|move|p2a: Walking Wake|Draco Meteor|p1a: Volcanion
|-crit|p1a: Volcanion
|-damage|p1a: Volcanion|0 fnt
|-unboost|p2a: Walking Wake|spa|2
|faint|p1a: Volcanion
|
|-weather|none
|-end|p2a: Walking Wake|Protosynthesis
|upkeep
|
|t:|1758289015
|switch|p1a: Zarude|Zarude|100/100
|turn|9
|
|t:|1758289019
|-end|p2a: Walking Wake|Protosynthesis|[silent]
|switch|p2a: Ninetales|Ninetales, F|100/100
|-weather|SunnyDay|[from] ability: Drought|[of] p2a: Ninetales
|move|p1a: Zarude|Knock Off|p2a: Ninetales
|-damage|p2a: Ninetales|46/100
|-enditem|p2a: Ninetales|Heat Rock|[from] move: Knock Off|[of] p1a: Zarude
|
|-weather|SunnyDay|[upkeep]
|upkeep
|turn|10
|inactive|ailson643 has 60 seconds left.
|
|t:|1758289033
|move|p1a: Zarude|Rock Slide|p2a: Ninetales
|-supereffective|p2a: Ninetales
|-damage|p2a: Ninetales|0 fnt
|faint|p2a: Ninetales
|
|-weather|SunnyDay|[upkeep]
|upkeep
|
|t:|1758289040
|switch|p2a: Walking Wake|Walking Wake|58/100
|-activate|p2a: Walking Wake|ability: Protosynthesis
|-start|p2a: Walking Wake|protosynthesisspe
|turn|11
|
|t:|1758289046
|move|p2a: Walking Wake|Flamethrower|p1a: Zarude
|-supereffective|p1a: Zarude
|-damage|p1a: Zarude|0 fnt
|faint|p1a: Zarude
|
|-weather|SunnyDay|[upkeep]
|upkeep
|
|t:|1758289051
|switch|p1a: Raging Bolt|Raging Bolt, tera:Water|54/100 brn
|-activate|p1a: Raging Bolt|ability: Protosynthesis
|-start|p1a: Raging Bolt|protosynthesisspa
|turn|12
|
|t:|1758289056
|-end|p2a: Walking Wake|Protosynthesis|[silent]
|switch|p2a: Hatterene|Hatterene, F|100/100
|move|p1a: Raging Bolt|Thunderclap||[still]
|-fail|p1a: Raging Bolt
|
|-weather|SunnyDay|[upkeep]
|-damage|p1a: Raging Bolt|48/100 brn|[from] brn
|upkeep
|turn|13
|
|t:|1758289061
|move|p1a: Raging Bolt|Tera Blast|p2a: Hatterene|[anim] Tera Blast Water
|-damage|p2a: Hatterene|70/100
|-enditem|p2a: Hatterene|Eject Button
|
|t:|1758289066
|switch|p2a: Venusaur|Venusaur, F|100/100
|
|-weather|SunnyDay|[upkeep]
|-damage|p1a: Raging Bolt|42/100 brn|[from] brn
|upkeep
|turn|14
|
|t:|1758289070
|-end|p1a: Raging Bolt|Protosynthesis|[silent]
|switch|p1a: Ursaluna|Ursaluna, M|100/100
|move|p2a: Venusaur|Growth|p2a: Venusaur
|-boost|p2a: Venusaur|atk|2
|-boost|p2a: Venusaur|spa|2
|
|-weather|SunnyDay|[upkeep]
|-status|p1a: Ursaluna|brn|[from] item: Flame Orb
|upkeep
|turn|15
|
|t:|1758289074
|move|p2a: Venusaur|Giga Drain|p1a: Ursaluna
|-supereffective|p1a: Ursaluna
|-damage|p1a: Ursaluna|0 fnt
|faint|p1a: Ursaluna
|-damage|p2a: Venusaur|91/100|[from] item: Life Orb
|
|-weather|SunnyDay|[upkeep]
|upkeep
|
|t:|1758289077
|switch|p1a: Kingambit|Kingambit, M|100/100
|-activate|p1a: Kingambit|ability: Supreme Overlord
|-start|p1a: Kingambit|fallen3|[silent]
|turn|16
|
|t:|1758289080
|move|p1a: Kingambit|Sucker Punch|p2a: Venusaur
|-damage|p2a: Venusaur|0 fnt
|faint|p2a: Venusaur
|-damage|p1a: Kingambit|91/100|[from] item: Life Orb
|
|-weather|none
|upkeep
|
|t:|1758289086
|switch|p2a: Great Tusk|Great Tusk|100/100
|turn|17
|
|t:|1758289091
|-end|p1a: Kingambit|fallen3|[silent]
|switch|p1a: Raging Bolt|Raging Bolt, tera:Water|42/100 brn
|-enditem|p1a: Raging Bolt|Booster Energy
|-activate|p1a: Raging Bolt|ability: Protosynthesis|[fromitem]
|-start|p1a: Raging Bolt|protosynthesisspa
|move|p2a: Great Tusk|Headlong Rush|p1a: Raging Bolt
|-damage|p1a: Raging Bolt|1/100 brn
|-unboost|p2a: Great Tusk|def|1
|-unboost|p2a: Great Tusk|spd|1
|
|-damage|p1a: Raging Bolt|0 fnt|[from] brn
|faint|p1a: Raging Bolt
|-end|p1a: Raging Bolt|Protosynthesis|[silent]
|upkeep
|
|t:|1758289094
|switch|p1a: Iron Valiant|Iron Valiant|100/100
|-enditem|p1a: Iron Valiant|Booster Energy
|-activate|p1a: Iron Valiant|ability: Quark Drive|[fromitem]
|-start|p1a: Iron Valiant|quarkdrivespe
|turn|18
|
|t:|1758289101
|-end|p2a: Great Tusk|Protosynthesis|[silent]
|switch|p2a: Hatterene|Hatterene, F|70/100
|move|p1a: Iron Valiant|Moonblast|p2a: Hatterene
|-damage|p2a: Hatterene|30/100
|
|upkeep
|turn|19
|
|t:|1758289106
|move|p1a: Iron Valiant|Leaf Blade|p2a: Hatterene
|-damage|p2a: Hatterene|0 fnt
|faint|p2a: Hatterene
|
|upkeep
|
|t:|1758289114
|switch|p2a: Walking Wake|Walking Wake|58/100
|turn|20
|
|t:|1758289118
|move|p1a: Iron Valiant|Moonblast|p2a: Walking Wake
|-supereffective|p2a: Walking Wake
|-damage|p2a: Walking Wake|0 fnt
|faint|p2a: Walking Wake
|-end|p2a: Walking Wake|Protosynthesis|[silent]
|
|upkeep
|
|t:|1758289125
|switch|p2a: Great Tusk|Great Tusk|100/100
|turn|21
|
|t:|1758289135
|move|p1a: Iron Valiant|Moonblast|p2a: Great Tusk
|-supereffective|p2a: Great Tusk
|-damage|p2a: Great Tusk|0 fnt
|faint|p2a: Great Tusk
|-end|p2a: Great Tusk|Protosynthesis|[silent]
|
|upkeep
|
|t:|1758289138
|switch|p2a: Kingambit|Kingambit, F, shiny|100/100
|-activate|p2a: Kingambit|ability: Supreme Overlord
|-start|p2a: Kingambit|fallen5|[silent]
|turn|22
|
|t:|1758289142
|-terastallize|p2a: Kingambit|Fairy
|move|p1a: Iron Valiant|Close Combat|p2a: Kingambit
|-resisted|p2a: Kingambit
|-damage|p2a: Kingambit|76/100
|-unboost|p1a: Iron Valiant|def|1
|-unboost|p1a: Iron Valiant|spd|1
|move|p2a: Kingambit|Swords Dance|p2a: Kingambit
|-boost|p2a: Kingambit|atk|2
|
|-heal|p2a: Kingambit|83/100|[from] item: Leftovers
|upkeep
|turn|23
|
|t:|1758289151
|move|p1a: Iron Valiant|Leaf Blade|p2a: Kingambit
|-damage|p2a: Kingambit|58/100
|move|p2a: Kingambit|Tera Blast|p1a: Iron Valiant|[anim] Tera Blast Fairy
|-supereffective|p1a: Iron Valiant
|-damage|p1a: Iron Valiant|0 fnt
|faint|p1a: Iron Valiant
|-end|p1a: Iron Valiant|Quark Drive|[silent]
|
|-heal|p2a: Kingambit|64/100|[from] item: Leftovers
|upkeep
|
|t:|1758289155
|switch|p1a: Kingambit|Kingambit, M|91/100
|-activate|p1a: Kingambit|ability: Supreme Overlord
|-start|p1a: Kingambit|fallen5|[silent]
|turn|24
|
|t:|1758289157
|move|p2a: Kingambit|Tera Blast|p1a: Kingambit|[anim] Tera Blast Fairy
|-damage|p1a: Kingambit|0 fnt
|faint|p1a: Kingambit
|-end|p1a: Kingambit|fallen5|[silent]
|
|win|tygnizarre
|raw|ailson643's rating: 1269 &rarr; <strong>1247</strong><br />(-22 for losing)
|raw|tygnizarre's rating: 1304 &rarr; <strong>1322</strong><br />(+18 for winning)
|l|☆tygnizarre
|player|p2|
|l|☆ailson643
|player|p1|
