|j|☆cardboardconfetti
|j|☆jakob poeltl fan
|t:|1758246722
|gametype|singles
|player|p1|cardboardconfetti|2|1204
|player|p2|jakob poeltl fan|veteran|1286
|gen|9
|tier|[Gen 9] OU
|rated|
|rule|HP Percentage Mod: HP is shown in percentages
|rule|Endless Battle Clause: Forcing endless battles is banned
|rule|Species Clause: Limit one of each Pokémon
|rule|OHKO Clause: OHKO moves are banned
|rule|Evasion Items Clause: Evasion items are banned
|rule|Evasion Moves Clause: Evasion moves are banned
|rule|Evasion Abilities Clause: Evasion abilities are banned
|rule|Sleep Moves Clause: Sleep-inducing moves are banned
|clearpoke
|poke|p1|Grafaiai, F|
|poke|p1|Ceruledge, M|
|poke|p1|Corviknight, F|
|poke|p1|Clodsire, F|
|poke|p1|Iron Valiant|
|poke|p1|Abomasnow, F|
|poke|p2|Iron Moth|
|poke|p2|Umbreon, F|
|poke|p2|Garchomp, F|
|poke|p2|Glimmora, F|
|poke|p2|Gholdengo|
|poke|p2|Dragonite, M|
|teampreview
|inactive|Battle timer is ON: inactive players will automatically lose when time's up. (requested by jakob poeltl fan)
|
|t:|1758246734
|teamsize|p1|6
|teamsize|p2|6
|start
|switch|p1a: Grafaiai|Grafaiai, F|100/100
|switch|p2a: Glimmora|Glimmora, F|100/100
|turn|1
|
|t:|1758246744
|move|p1a: Grafaiai|Knock Off|p2a: Glimmora
|-damage|p2a: Glimmora|68/100
|-activate|p2a: Glimmora|ability: Toxic Debris
|-sidestart|p1: cardboardconfetti|move: Toxic Spikes
|-enditem|p2a: Glimmora|Focus Sash|[from] move: Knock Off|[of] p1a: Grafaiai
|move|p2a: Glimmora|Stealth Rock|p1a: Grafaiai
|-sidestart|p1: cardboardconfetti|move: Stealth Rock
|
|upkeep
|turn|2
|
|t:|1758246752
|move|p1a: Grafaiai|Encore|p2a: Glimmora
|-start|p2a: Glimmora|Encore
|move|p2a: Glimmora|Stealth Rock||[still]
|-fail|p2a: Glimmora
|
|upkeep
|turn|3
|
|t:|1758246759
|switch|p2a: Umbreon|Umbreon, F|100/100
|move|p1a: Grafaiai|Knock Off|p2a: Umbreon
|-resisted|p2a: Umbreon
|-damage|p2a: Umbreon|90/100
|-status|p2a: Umbreon|psn|[from] ability: Poison Touch|[of] p1a: Grafaiai
|-enditem|p2a: Umbreon|Leftovers|[from] move: Knock Off|[of] p1a: Grafaiai
|
|-damage|p2a: Umbreon|78/100 psn|[from] psn
|upkeep
|turn|4
|
|t:|1758246770
|move|p1a: Grafaiai|Parting Shot|p2a: Umbreon
|-unboost|p2a: Umbreon|atk|1
|-unboost|p2a: Umbreon|spa|1
|
|t:|1758246774
|switch|p1a: Clodsire|Clodsire, F|100/100|[from] Parting Shot
|-sideend|p1: cardboardconfetti|move: Toxic Spikes|[of] p1a: Clodsire
|-damage|p1a: Clodsire|94/100|[from] Stealth Rock
|move|p2a: Umbreon|Thunder Wave|p1a: Clodsire
|-immune|p1a: Clodsire
|
|-heal|p1a: Clodsire|100/100|[from] item: Black Sludge
|-damage|p2a: Umbreon|65/100 psn|[from] psn
|upkeep
|turn|5
|
|t:|1758246788
|switch|p2a: Dragonite|Dragonite, M|100/100
|move|p1a: Clodsire|Curse|p1a: Clodsire
|-unboost|p1a: Clodsire|spe|1
|-boost|p1a: Clodsire|atk|1
|-boost|p1a: Clodsire|def|1
|
|upkeep
|turn|6
|
|t:|1758246801
|move|p2a: Dragonite|Earthquake|p1a: Clodsire
|-supereffective|p1a: Clodsire
|-damage|p1a: Clodsire|49/100
|move|p1a: Clodsire|Toxic|p2a: Dragonite
|-status|p2a: Dragonite|tox
|
|-heal|p1a: Clodsire|55/100|[from] item: Black Sludge
|-damage|p2a: Dragonite|94/100 tox|[from] psn
|upkeep
|turn|7
|
|t:|1758246810
|move|p2a: Dragonite|Earthquake|p1a: Clodsire
|-supereffective|p1a: Clodsire
|-damage|p1a: Clodsire|0 fnt
|faint|p1a: Clodsire
|
|-damage|p2a: Dragonite|82/100 tox|[from] psn
|upkeep
|
|t:|1758246819
|switch|p1a: Iron Valiant|Iron Valiant|100/100
|-damage|p1a: Iron Valiant|94/100|[from] Stealth Rock
|-enditem|p1a: Iron Valiant|Booster Energy
|-activate|p1a: Iron Valiant|ability: Quark Drive|[fromitem]
|-start|p1a: Iron Valiant|quarkdrivespe
|turn|8
|
|t:|1758246826
|move|p2a: Dragonite|Extreme Speed|p1a: Iron Valiant
|-damage|p1a: Iron Valiant|53/100
|move|p1a: Iron Valiant|Moonblast|p2a: Dragonite
|-supereffective|p2a: Dragonite
|-damage|p2a: Dragonite|0 fnt
|faint|p2a: Dragonite
|
|upkeep
|
|t:|1758246834
|switch|p2a: Iron Moth|Iron Moth|100/100
|-enditem|p2a: Iron Moth|Booster Energy
|-activate|p2a: Iron Moth|ability: Quark Drive|[fromitem]
|-start|p2a: Iron Moth|quarkdrivespe
|turn|9
|
|t:|1758246844
|move|p1a: Iron Valiant|Psyshock|p2a: Iron Moth
|-supereffective|p2a: Iron Moth
|-damage|p2a: Iron Moth|21/100
|move|p2a: Iron Moth|Fiery Dance|p1a: Iron Valiant
|-damage|p1a: Iron Valiant|0 fnt
|-boost|p2a: Iron Moth|spa|1
|faint|p1a: Iron Valiant
|-end|p1a: Iron Valiant|Quark Drive|[silent]
|
|upkeep
|
|t:|1758246855
|switch|p1a: Abomasnow|Abomasnow, F|100/100
|-damage|p1a: Abomasnow|76/100|[from] Stealth Rock
|-weather|Snowscape|[from] ability: Snow Warning|[of] p1a: Abomasnow
|turn|10
|
|t:|1758246863
|switch|p1a: Ceruledge|Ceruledge, M|100/100
|-damage|p1a: Ceruledge|76/100|[from] Stealth Rock
|move|p2a: Iron Moth|Fiery Dance|p1a: Ceruledge
|-start|p1a: Ceruledge|ability: Flash Fire
|
|-weather|Snowscape|[upkeep]
|upkeep
|turn|11
|
|t:|1758246873
|move|p1a: Ceruledge|Shadow Sneak|p2a: Iron Moth
|-damage|p2a: Iron Moth|0 fnt
|faint|p2a: Iron Moth
|-end|p2a: Iron Moth|Quark Drive|[silent]
|
|-weather|Snowscape|[upkeep]
|upkeep
|
|t:|1758246878
|switch|p2a: Umbreon|Umbreon, F|65/100 psn
|turn|12
|
|t:|1758246882
|-terastallize|p1a: Ceruledge|Bug
|move|p1a: Ceruledge|Bulk Up|p1a: Ceruledge
|-boost|p1a: Ceruledge|atk|1
|-boost|p1a: Ceruledge|def|1
|move|p2a: Umbreon|Thunder Wave|p1a: Ceruledge|[miss]
|-miss|p2a: Umbreon|p1a: Ceruledge
|
|-weather|Snowscape|[upkeep]
|-damage|p2a: Umbreon|53/100 psn|[from] psn
|upkeep
|turn|13
|
|t:|1758246892
|move|p1a: Ceruledge|X-Scissor|p2a: Umbreon
|-supereffective|p2a: Umbreon
|-damage|p2a: Umbreon|0 fnt
|faint|p2a: Umbreon
|
|-weather|Snowscape|[upkeep]
|upkeep
|
|t:|1758246896
|switch|p2a: Garchomp|Garchomp, F|100/100
|turn|14
|
|t:|1758246904
|move|p2a: Garchomp|Swords Dance|p2a: Garchomp
|-boost|p2a: Garchomp|atk|2
|move|p1a: Ceruledge|Bitter Blade|p2a: Garchomp
|-resisted|p2a: Garchomp
|-damage|p2a: Garchomp|60/100
|-heal|p1a: Ceruledge|96/100|[from] drain|[of] p2a: Garchomp
|-damage|p1a: Ceruledge|84/100|[from] ability: Rough Skin|[of] p2a: Garchomp
|
|-weather|Snowscape|[upkeep]
|-heal|p2a: Garchomp|66/100|[from] item: Leftovers
|upkeep
|turn|15
|
|t:|1758246920
|move|p2a: Garchomp|Scale Shot|p1a: Ceruledge
|-damage|p1a: Ceruledge|63/100
|-damage|p1a: Ceruledge|43/100
|-hitcount|p1a: Ceruledge|2
|-unboost|p2a: Garchomp|def|1
|-boost|p2a: Garchomp|spe|1
|move|p1a: Ceruledge|Bulk Up|p1a: Ceruledge
|-boost|p1a: Ceruledge|atk|1
|-boost|p1a: Ceruledge|def|1
|
|-weather|Snowscape|[upkeep]
|-heal|p2a: Garchomp|73/100|[from] item: Leftovers
|upkeep
|turn|16
|
|t:|1758246932
|move|p2a: Garchomp|Scale Shot|p1a: Ceruledge
|-damage|p1a: Ceruledge|28/100
|-damage|p1a: Ceruledge|13/100
|-damage|p1a: Ceruledge|0 fnt
|faint|p1a: Ceruledge
|-hitcount|p1: Ceruledge|3
|-unboost|p2a: Garchomp|def|1
|-boost|p2a: Garchomp|spe|1
|
|-weather|Snowscape|[upkeep]
|-heal|p2a: Garchomp|79/100|[from] item: Leftovers
|upkeep
|
|t:|1758246946
|switch|p1a: Abomasnow|Abomasnow, F|76/100
|-damage|p1a: Abomasnow|51/100|[from] Stealth Rock
|turn|17
|
|t:|1758246951
|move|p2a: Garchomp|Earthquake|p1a: Abomasnow
|-resisted|p1a: Abomasnow
|-damage|p1a: Abomasnow|14/100
|move|p1a: Abomasnow|Blizzard|p2a: Garchomp
|-supereffective|p2a: Garchomp
|-damage|p2a: Garchomp|0 fnt
|faint|p2a: Garchomp
|
|-weather|none
|upkeep
|
|t:|1758246955
|switch|p2a: Glimmora|Glimmora, F|68/100
|turn|18
|
|t:|1758246970
|move|p2a: Glimmora|Sludge Wave|p1a: Abomasnow
|-supereffective|p1a: Abomasnow
|-damage|p1a: Abomasnow|0 fnt
|faint|p1a: Abomasnow
|
|upkeep
|
|t:|1758246976
|switch|p1a: Corviknight|Corviknight, F|100/100
|-damage|p1a: Corviknight|88/100|[from] Stealth Rock
|turn|19
|
|t:|1758246986
|move|p2a: Glimmora|Earth Power|p1a: Corviknight
|-immune|p1a: Corviknight
|move|p1a: Corviknight|Brave Bird|p2a: Glimmora
|-resisted|p2a: Glimmora
|-damage|p2a: Glimmora|47/100
|-activate|p2a: Glimmora|ability: Toxic Debris
|-sidestart|p1: cardboardconfetti|move: Toxic Spikes
|-damage|p1a: Corviknight|83/100|[from] Recoil
|
|upkeep
|turn|20
|
|t:|1758246996
|move|p2a: Glimmora|Earth Power|p1a: Corviknight
|-immune|p1a: Corviknight
|move|p1a: Corviknight|Iron Defense|p1a: Corviknight
|-boost|p1a: Corviknight|def|2
|
|upkeep
|turn|21
|
|t:|1758247003
|switch|p2a: Gholdengo|Gholdengo|100/100
|move|p1a: Corviknight|Body Press|p2a: Gholdengo
|-immune|p2a: Gholdengo
|
|upkeep
|turn|22
|
|t:|1758247011
|switch|p1a: Grafaiai|Grafaiai, F|100/100
|-sideend|p1: cardboardconfetti|move: Toxic Spikes|[of] p1a: Grafaiai
|move|p2a: Gholdengo|Trick|p1a: Grafaiai
|-activate|p2a: Gholdengo|move: Trick|[of] p1a: Grafaiai
|-item|p1a: Grafaiai|Choice Scarf|[from] move: Trick
|-item|p2a: Gholdengo|Heavy-Duty Boots|[from] move: Trick
|
|upkeep
|turn|23
|
|t:|1758247018
|switch|p2a: Glimmora|Glimmora, F|47/100
|move|p1a: Grafaiai|Knock Off|p2a: Glimmora
|-damage|p2a: Glimmora|26/100
|-activate|p2a: Glimmora|ability: Toxic Debris
|-sidestart|p1: cardboardconfetti|move: Toxic Spikes
|
|upkeep
|turn|24
|
|t:|1758247027
|switch|p1a: Corviknight|Corviknight, F|83/100
|-damage|p1a: Corviknight|70/100|[from] Stealth Rock
|move|p2a: Glimmora|Earth Power|p1a: Corviknight
|-immune|p1a: Corviknight
|
|upkeep
|turn|25
|
|t:|1758247037
|switch|p2a: Gholdengo|Gholdengo|100/100
|move|p1a: Corviknight|Brave Bird|p2a: Gholdengo
|-resisted|p2a: Gholdengo
|-damage|p2a: Gholdengo|82/100
|-damage|p1a: Corviknight|66/100|[from] Recoil
|
|upkeep
|turn|26
|
|t:|1758247052
|move|p2a: Gholdengo|Shadow Ball|p1a: Corviknight
|-damage|p1a: Corviknight|36/100
|move|p1a: Corviknight|Brave Bird|p2a: Gholdengo
|-resisted|p2a: Gholdengo
|-crit|p2a: Gholdengo
|-damage|p2a: Gholdengo|53/100
|-damage|p1a: Corviknight|29/100|[from] Recoil
|
|upkeep
|turn|27
|
|t:|1758247061
|move|p2a: Gholdengo|Shadow Ball|p1a: Corviknight
|-damage|p1a: Corviknight|0 fnt
|faint|p1a: Corviknight
|
|upkeep
|
|t:|1758247066
|switch|p1a: Grafaiai|Grafaiai, F|100/100
|-damage|p1a: Grafaiai|88/100|[from] Stealth Rock
|-sideend|p1: cardboardconfetti|move: Toxic Spikes|[of] p1a: Grafaiai
|turn|28
|
|t:|1758247073
|move|p1a: Grafaiai|Knock Off|p2a: Gholdengo
|-supereffective|p2a: Gholdengo
|-damage|p2a: Gholdengo|0 fnt
|-enditem|p2a: Gholdengo|Heavy-Duty Boots|[from] move: Knock Off|[of] p1a: Grafaiai
|faint|p2a: Gholdengo
|
|upkeep
|
|t:|1758247076
|switch|p2a: Glimmora|Glimmora, F|26/100
|turn|29
|
|t:|1758247081
|move|p1a: Grafaiai|Knock Off|p2a: Glimmora
|-damage|p2a: Glimmora|2/100
|-activate|p2a: Glimmora|ability: Toxic Debris
|-sidestart|p1: cardboardconfetti|move: Toxic Spikes
|move|p2a: Glimmora|Earth Power|p1a: Grafaiai
|-supereffective|p1a: Grafaiai
|-damage|p1a: Grafaiai|0 fnt
|faint|p1a: Grafaiai
|
|win|jakob poeltl fan
|raw|cardboardconfetti's rating: 1204 &rarr; <strong>1185</strong><br />(-19 for losing)
|raw|jakob poeltl fan's rating: 1286 &rarr; <strong>1305</strong><br />(+19 for winning)
|l|☆cardboardconfetti
|player|p1|
|l|☆jakob poeltl fan
|player|p2|
