|j|☆DAk120
|j|☆gary lopez
|t:|1758326295
|gametype|singles
|player|p1|DAk120|morty|1298
|player|p2|gary lopez|brock|1287
|gen|9
|tier|[Gen 9] OU
|rated|
|rule|HP Percentage Mod: HP is shown in percentages
|rule|Endless Battle Clause: Forcing endless battles is banned
|rule|Species Clause: Limit one of each Pokémon
|rule|OHKO Clause: OHKO moves are banned
|rule|Evasion Items Clause: Evasion items are banned
|rule|Evasion Moves Clause: Evasion moves are banned
|rule|Evasion Abilities Clause: Evasion abilities are banned
|rule|Sleep Moves Clause: Sleep-inducing moves are banned
|clearpoke
|poke|p1|Excadrill, F|
|poke|p1|Tyranitar, F|
|poke|p1|Blaziken, F|
|poke|p1|Ogerpon-Wellspring, F|
|poke|p1|Dragapult, F|
|poke|p1|Zapdos|
|poke|p2|Scizor, M|
|poke|p2|Dragapult, M|
|poke|p2|Glimmora, F|
|poke|p2|Darkrai|
|poke|p2|Zapdos|
|poke|p2|Hatterene, F|
|teampreview
|
|t:|1758326302
|teamsize|p1|6
|teamsize|p2|6
|start
|switch|p1a: Excadrill|Excadrill, F, shiny|100/100
|switch|p2a: Zapdos|Zapdos|100/100
|-item|p1a: Excadrill|Air Balloon
|turn|1
|
|t:|1758326312
|move|p2a: Zapdos|Hurricane|p1a: Excadrill
|-resisted|p1a: Excadrill
|-damage|p1a: Excadrill|59/100
|-enditem|p1a: Excadrill|Air Balloon
|move|p1a: Excadrill|Swords Dance|p1a: Excadrill
|-boost|p1a: Excadrill|atk|2
|
|upkeep
|turn|2
|
|t:|1758326325
|move|p2a: Zapdos|Hurricane|p1a: Excadrill
|-resisted|p1a: Excadrill
|-damage|p1a: Excadrill|17/100
|-start|p1a: Excadrill|confusion
|-activate|p1a: Excadrill|confusion
|move|p1a: Excadrill|Rapid Spin|p2a: Zapdos
|-damage|p2a: Zapdos|52/100
|-boost|p1a: Excadrill|spe|1
|
|upkeep
|turn|3
|
|t:|1758326332
|-activate|p1a: Excadrill|confusion
|-damage|p1a: Excadrill|0 fnt|[from] confusion
|faint|p1a: Excadrill
|move|p2a: Zapdos|U-turn|p1: Excadrill|[notarget]
|-fail|p2a: Zapdos
|
|upkeep
|
|t:|1758326335
|switch|p1a: Tyranitar|Tyranitar, F, shiny|100/100
|-weather|Sandstorm|[from] ability: Sand Stream|[of] p1a: Tyranitar
|turn|4
|
|t:|1758326339
|switch|p2a: Glimmora|Glimmora, F|100/100
|move|p1a: Tyranitar|Knock Off|p2a: Glimmora
|-damage|p2a: Glimmora|52/100
|-activate|p2a: Glimmora|ability: Toxic Debris
|-sidestart|p1: DAk120|move: Toxic Spikes
|-enditem|p2a: Glimmora|Red Card|[from] move: Knock Off|[of] p1a: Tyranitar
|
|-weather|Sandstorm|[upkeep]
|upkeep
|turn|5
|
|t:|1758326345
|move|p2a: Glimmora|Stealth Rock|p1a: Tyranitar
|-sidestart|p1: DAk120|move: Stealth Rock
|move|p1a: Tyranitar|Stone Edge|p2a: Glimmora
|-crit|p2a: Glimmora
|-damage|p2a: Glimmora|0 fnt
|-activate|p2a: Glimmora|ability: Toxic Debris
|-sidestart|p1: DAk120|move: Toxic Spikes
|faint|p2a: Glimmora
|
|-weather|Sandstorm|[upkeep]
|upkeep
|
|t:|1758326357
|switch|p2a: Scizor|Scizor, M|100/100
|turn|6
|
|t:|1758326365
|switch|p1a: Blaziken|Blaziken, F|100/100
|-damage|p1a: Blaziken|88/100|[from] Stealth Rock
|-item|p1a: Blaziken|Air Balloon
|move|p2a: Scizor|Swords Dance|p2a: Scizor
|-boost|p2a: Scizor|atk|2
|
|-weather|Sandstorm|[upkeep]
|-damage|p1a: Blaziken|82/100|[from] Sandstorm
|upkeep
|turn|7
|
|t:|1758326377
|switch|p2a: Zapdos|Zapdos|52/100
|move|p1a: Blaziken|Flare Blitz|p2a: Zapdos
|-damage|p2a: Zapdos|0 fnt
|faint|p2a: Zapdos
|-damage|p1a: Blaziken|64/100|[from] Recoil
|
|-weather|Sandstorm|[upkeep]
|-damage|p1a: Blaziken|58/100|[from] Sandstorm
|-ability|p1a: Blaziken|Speed Boost|boost
|-boost|p1a: Blaziken|spe|1
|upkeep
|
|t:|1758326406
|switch|p2a: Hatterene|Hatterene, F|100/100
|turn|8
|
|t:|1758326438
|switch|p1a: Tyranitar|Tyranitar, F, shiny|100/100
|-status|p1a: Tyranitar|tox
|-damage|p1a: Tyranitar|88/100 tox|[from] Stealth Rock
|move|p2a: Hatterene|Nuzzle|p1a: Tyranitar
|-damage|p1a: Tyranitar|85/100 tox
|
|-weather|Sandstorm|[upkeep]
|-damage|p2a: Hatterene|94/100|[from] Sandstorm
|-damage|p1a: Tyranitar|78/100 tox|[from] psn
|upkeep
|turn|9
|
|t:|1758326451
|move|p1a: Tyranitar|Knock Off|p2a: Hatterene
|-damage|p2a: Hatterene|44/100
|-damage|p1a: Tyranitar|62/100 tox|[from] item: Rocky Helmet|[of] p2a: Hatterene
|-enditem|p2a: Hatterene|Rocky Helmet|[from] move: Knock Off|[of] p1a: Tyranitar
|move|p2a: Hatterene|Draining Kiss|p1a: Tyranitar
|-supereffective|p1a: Tyranitar
|-damage|p1a: Tyranitar|36/100 tox
|-heal|p2a: Hatterene|71/100|[from] drain|[of] p1a: Tyranitar
|
|-weather|Sandstorm|[upkeep]
|-damage|p2a: Hatterene|65/100|[from] Sandstorm
|-damage|p1a: Tyranitar|24/100 tox|[from] psn
|upkeep
|turn|10
|
|t:|1758326455
|move|p1a: Tyranitar|Stone Edge|p2a: Hatterene
|-crit|p2a: Hatterene
|-damage|p2a: Hatterene|0 fnt
|faint|p2a: Hatterene
|
|-weather|Sandstorm|[upkeep]
|-damage|p1a: Tyranitar|5/100 tox|[from] psn
|upkeep
|
|t:|1758326459
|switch|p2a: Dragapult|Dragapult, M|100/100
|turn|11
|
|t:|1758326462
|move|p2a: Dragapult|U-turn|p1a: Tyranitar
|-supereffective|p1a: Tyranitar
|-damage|p1a: Tyranitar|0 fnt
|faint|p1a: Tyranitar
|
|t:|1758326464
|switch|p2a: Darkrai|Darkrai|100/100|[from] U-turn
|
|-weather|none
|upkeep
|
|t:|1758326473
|switch|p1a: Zapdos|Zapdos|100/100
|turn|12
|
|t:|1758326479
|move|p2a: Darkrai|Dark Pulse|p1a: Zapdos
|-damage|p1a: Zapdos|42/100
|cant|p1a: Zapdos|flinch
|
|upkeep
|turn|13
|
|t:|1758326488
|switch|p1a: Blaziken|Blaziken, F|58/100
|-damage|p1a: Blaziken|45/100|[from] Stealth Rock
|-item|p1a: Blaziken|Air Balloon
|move|p2a: Darkrai|Dark Pulse|p1a: Blaziken
|-resisted|p1a: Blaziken
|-damage|p1a: Blaziken|0 fnt
|-enditem|p1a: Blaziken|Air Balloon
|faint|p1a: Blaziken
|
|upkeep
|
|t:|1758326490
|switch|p1a: Ogerpon|Ogerpon-Wellspring, F|100/100
|-status|p1a: Ogerpon|tox
|-damage|p1a: Ogerpon|88/100 tox|[from] Stealth Rock
|turn|14
|
|t:|1758326492
|move|p2a: Darkrai|Dark Pulse|p1a: Ogerpon
|-damage|p1a: Ogerpon|7/100 tox
|cant|p1a: Ogerpon|flinch
|
|-damage|p1a: Ogerpon|1/100 tox|[from] psn
|upkeep
|turn|15
|
|t:|1758326494
|move|p2a: Darkrai|Dark Pulse|p1a: Ogerpon
|-damage|p1a: Ogerpon|0 fnt
|faint|p1a: Ogerpon
|
|upkeep
|
|t:|1758326497
|switch|p1a: Dragapult|Dragapult, F|100/100
|turn|16
|
|t:|1758326499
|move|p1a: Dragapult|Draco Meteor|p2a: Darkrai
|-damage|p2a: Darkrai|25/100
|-unboost|p1a: Dragapult|spa|2
|move|p2a: Darkrai|Dark Pulse|p1a: Dragapult
|-supereffective|p1a: Dragapult
|-damage|p1a: Dragapult|0 fnt
|faint|p1a: Dragapult
|
|upkeep
|
|t:|1758326510
|switch|p1a: Zapdos|Zapdos|42/100
|turn|17
|
|t:|1758326512
|-terastallize|p1a: Zapdos|Fairy
|move|p2a: Darkrai|Dark Pulse|p1a: Zapdos
|-resisted|p1a: Zapdos
|-damage|p1a: Zapdos|12/100
|cant|p1a: Zapdos|flinch
|
|upkeep
|turn|18
|
|t:|1758326516
|move|p2a: Darkrai|Dark Pulse|p1a: Zapdos
|-resisted|p1a: Zapdos
|-damage|p1a: Zapdos|0 fnt
|faint|p1a: Zapdos
|
|win|gary lopez
|raw|DAk120's rating: 1298 &rarr; <strong>1272</strong><br />(-26 for losing)
|raw|gary lopez's rating: 1287 &rarr; <strong>1313</strong><br />(+26 for winning)
|c|☆gary lopez|dang
|c|☆gary lopez|I feel bad now
