|j|☆fladexmon64
|j|☆kaioRoar
|t:|1758324384
|gametype|singles
|player|p1|fladexmon64|1|1097
|player|p2|kaioRoar|red|1055
|gen|9
|tier|[Gen 9] OU
|rated|
|rule|HP Percentage Mod: HP is shown in percentages
|rule|Endless Battle Clause: Forcing endless battles is banned
|rule|Species Clause: Limit one of each Pokémon
|rule|OHKO Clause: OHKO moves are banned
|rule|Evasion Items Clause: Evasion items are banned
|rule|Evasion Moves Clause: Evasion moves are banned
|rule|Evasion Abilities Clause: Evasion abilities are banned
|rule|Sleep Moves Clause: Sleep-inducing moves are banned
|clearpoke
|poke|p1|Primarina, F|
|poke|p1|Dragonite, M|
|poke|p1|Greninja-*, F|
|poke|p1|Galvantula, M|
|poke|p1|Garchomp, M|
|poke|p1|Tyranitar, M|
|poke|p2|Pikachu-Partner, M|
|poke|p2|Snorlax, M|
|poke|p2|Charizard, F|
|poke|p2|Lapras, F|
|poke|p2|Venusaur, F|
|poke|p2|Blastoise, F|
|teampreview
|
|t:|1758324408
|teamsize|p1|6
|teamsize|p2|6
|start
|switch|p1a: boby|Galvantula, M|100/100
|switch|p2a: Blastoise|Blastoise, F|100/100
|turn|1
|inactive|Battle timer is ON: inactive players will automatically lose when time's up. (requested by kaioRoar)
|
|t:|1758324430
|move|p1a: boby|Sticky Web|p2a: Blastoise
|-sidestart|p2: kaioRoar|move: Sticky Web
|move|p2a: Blastoise|Shell Smash|p2a: Blastoise
|-unboost|p2a: Blastoise|def|1
|-unboost|p2a: Blastoise|spd|1
|-boost|p2a: Blastoise|atk|2
|-boost|p2a: Blastoise|spa|2
|-boost|p2a: Blastoise|spe|2
|
|upkeep
|turn|2
|
|t:|1758324438
|move|p2a: Blastoise|Dark Pulse|p1a: boby
|-damage|p1a: boby|25/100
|cant|p1a: boby|flinch
|
|upkeep
|turn|3
|
|t:|1758324444
|move|p2a: Blastoise|Dark Pulse|p1a: boby
|-damage|p1a: boby|0 fnt
|faint|p1a: boby
|
|upkeep
|
|t:|1758324451
|switch|p1a: don quijote|Dragonite, M|100/100
|turn|4
|
|t:|1758324455
|move|p2a: Blastoise|Dark Pulse|p1a: don quijote
|-damage|p1a: don quijote|57/100
|move|p1a: don quijote|Dragon Dance|p1a: don quijote
|-boost|p1a: don quijote|atk|1
|-boost|p1a: don quijote|spe|1
|
|upkeep
|turn|5
|
|t:|1758324462
|move|p2a: Blastoise|Ice Beam|p1a: don quijote
|-supereffective|p1a: don quijote
|-damage|p1a: don quijote|0 fnt
|faint|p1a: don quijote
|
|upkeep
|
|t:|1758324468
|switch|p1a: cristal|Primarina, F|100/100
|turn|6
|
|t:|1758324473
|move|p2a: Blastoise|Ice Beam|p1a: cristal
|-resisted|p1a: cristal
|-damage|p1a: cristal|85/100
|move|p1a: cristal|Draining Kiss|p2a: Blastoise
|-damage|p2a: Blastoise|50/100
|-heal|p1a: cristal|100/100|[from] drain|[of] p2a: Blastoise
|
|-heal|p2a: Blastoise|56/100|[from] item: Leftovers
|upkeep
|turn|7
|
|t:|1758324488
|-terastallize|p1a: cristal|Fairy
|move|p2a: Blastoise|Dark Pulse|p1a: cristal
|-resisted|p1a: cristal
|-damage|p1a: cristal|87/100
|cant|p1a: cristal|flinch
|
|-heal|p2a: Blastoise|62/100|[from] item: Leftovers
|upkeep
|turn|8
|
|t:|1758324499
|move|p2a: Blastoise|Surf|p1a: cristal
|-damage|p1a: cristal|41/100
|move|p1a: cristal|Draining Kiss|p2a: Blastoise
|-damage|p2a: Blastoise|0 fnt
|-heal|p1a: cristal|85/100|[from] drain|[of] p2a: Blastoise
|faint|p2a: Blastoise
|
|upkeep
|
|t:|1758324509
|switch|p2a: Venusaur|Venusaur, F|100/100
|-activate|p2a: Venusaur|move: Sticky Web
|-unboost|p2a: Venusaur|spe|1
|turn|9
|
|t:|1758324514
|switch|p1a: randy|Greninja, F|100/100
|move|p2a: Venusaur|Toxic|p1a: randy
|-status|p1a: randy|tox
|
|-damage|p1a: randy|95/100 tox|[from] psn
|upkeep
|turn|10
|
|t:|1758324523
|switch|p2a: Lapras|Lapras, F|100/100
|-activate|p2a: Lapras|move: Sticky Web
|-unboost|p2a: Lapras|spe|1
|move|p1a: randy|Blizzard|p2a: Lapras
|-start|p1a: randy|typechange|Ice|[from] ability: Protean
|-resisted|p2a: Lapras
|-damage|p2a: Lapras|90/100
|
|-heal|p2a: Lapras|96/100|[from] item: Leftovers
|-damage|p1a: randy|83/100 tox|[from] psn
|upkeep
|turn|11
|
|t:|1758324548
|switch|p1a: cristal|Primarina, F, tera:Fairy|85/100
|move|p2a: Lapras|Snowscape|p2a: Lapras
|-weather|Snowscape
|
|-weather|Snowscape|[upkeep]
|-heal|p2a: Lapras|100/100|[from] item: Leftovers
|upkeep
|turn|12
|inactive|fladexmon64 has 120 seconds left.
|
|t:|1758324575
|move|p1a: cristal|Draining Kiss|p2a: Lapras
|-damage|p2a: Lapras|74/100
|-heal|p1a: cristal|100/100|[from] drain|[of] p2a: Lapras
|move|p2a: Lapras|Blizzard|p1a: cristal
|-damage|p1a: cristal|77/100
|
|-weather|Snowscape|[upkeep]
|-heal|p2a: Lapras|80/100|[from] item: Leftovers
|upkeep
|turn|13
|inactive|fladexmon64 has 120 seconds left.
|
|t:|1758324586
|move|p1a: cristal|Draining Kiss|p2a: Lapras
|-damage|p2a: Lapras|52/100
|-heal|p1a: cristal|100/100|[from] drain|[of] p2a: Lapras
|move|p2a: Lapras|Thunderbolt|p1a: cristal
|-damage|p1a: cristal|88/100
|
|-weather|Snowscape|[upkeep]
|-heal|p2a: Lapras|58/100|[from] item: Leftovers
|upkeep
|turn|14
|inactive|fladexmon64 has 120 seconds left.
|
|t:|1758324600
|switch|p2a: Venusaur|Venusaur, F|100/100
|-activate|p2a: Venusaur|move: Sticky Web
|-unboost|p2a: Venusaur|spe|1
|move|p1a: cristal|Draining Kiss|p2a: Venusaur
|-resisted|p2a: Venusaur
|-damage|p2a: Venusaur|82/100
|-heal|p1a: cristal|100/100|[from] drain|[of] p2a: Venusaur
|
|-weather|Snowscape|[upkeep]
|-heal|p2a: Venusaur|88/100|[from] item: Black Sludge
|upkeep
|turn|15
|inactive|fladexmon64 has 120 seconds left.
|
|t:|1758324614
|switch|p1a: randy|Greninja, F|83/100 tox
|move|p2a: Venusaur|Giga Drain|p1a: randy
|-supereffective|p1a: randy
|-damage|p1a: randy|0 fnt
|-heal|p2a: Venusaur|100/100|[from] drain|[of] p1a: randy
|faint|p1a: randy
|
|-weather|none
|upkeep
|inactive|fladexmon64 has 120 seconds left.
|
|t:|1758324627
|switch|p1a: prince|Garchomp, M|100/100
|turn|16
|
|t:|1758324648
|move|p1a: prince|Outrage|p2a: Venusaur
|-damage|p2a: Venusaur|32/100
|-damage|p1a: prince|91/100|[from] item: Life Orb
|move|p2a: Venusaur|Leech Seed|p1a: prince
|-start|p1a: prince|move: Leech Seed
|
|-heal|p2a: Venusaur|38/100|[from] item: Black Sludge
|-damage|p1a: prince|78/100|[from] Leech Seed|[of] p2a: Venusaur
|-heal|p2a: Venusaur|51/100|[silent]
|upkeep
|turn|17
|inactive|fladexmon64 has 120 seconds left.
|
|t:|1758324692
|switch|p2a: Lapras|Lapras, F|58/100
|-activate|p2a: Lapras|move: Sticky Web
|-unboost|p2a: Lapras|spe|1
|move|p1a: prince|Outrage|p2a: Lapras|[from] lockedmove
|-damage|p2a: Lapras|0 fnt
|faint|p2a: Lapras
|-damage|p1a: prince|69/100|[from] item: Life Orb
|-start|p1a: prince|confusion|[fatigue]
|
|upkeep
|inactive|kaioRoar has 120 seconds left.
|
|t:|1758324703
|switch|p2a: Venusaur|Venusaur, F|51/100
|-activate|p2a: Venusaur|move: Sticky Web
|-unboost|p2a: Venusaur|spe|1
|turn|18
|
|t:|1758324709
|-activate|p1a: prince|confusion
|-damage|p1a: prince|55/100|[from] confusion
|move|p2a: Venusaur|Giga Drain|p1a: prince
|-damage|p1a: prince|26/100
|-heal|p2a: Venusaur|66/100|[from] drain|[of] p1a: prince
|
|-heal|p2a: Venusaur|72/100|[from] item: Black Sludge
|-damage|p1a: prince|14/100|[from] Leech Seed|[of] p2a: Venusaur
|-heal|p2a: Venusaur|85/100|[silent]
|upkeep
|turn|19
|
|t:|1758324725
|-activate|p1a: prince|confusion
|move|p1a: prince|Outrage|p2a: Venusaur
|-damage|p2a: Venusaur|14/100
|-damage|p1a: prince|4/100|[from] item: Life Orb
|move|p2a: Venusaur|Sunny Day|p2a: Venusaur
|-weather|SunnyDay
|
|-weather|SunnyDay|[upkeep]
|-heal|p2a: Venusaur|20/100|[from] item: Black Sludge
|-damage|p1a: prince|0 fnt|[from] Leech Seed|[of] p2a: Venusaur
|-heal|p2a: Venusaur|24/100|[silent]
|faint|p1a: prince
|upkeep
|
|t:|1758324737
|switch|p1a: gojira|Tyranitar, M|100/100
|-weather|Sandstorm|[from] ability: Sand Stream|[of] p1a: gojira
|turn|20
|
|t:|1758324745
|move|p1a: gojira|Body Slam|p2a: Venusaur
|-damage|p2a: Venusaur|0 fnt
|faint|p2a: Venusaur
|
|-weather|Sandstorm|[upkeep]
|upkeep
|
|t:|1758324752
|switch|p2a: Snorlax|Snorlax, M|100/100
|-activate|p2a: Snorlax|move: Sticky Web
|-unboost|p2a: Snorlax|spe|1
|turn|21
|inactive|fladexmon64 has 120 seconds left.
|
|t:|1758324766
|move|p1a: gojira|Knock Off|p2a: Snorlax
|-damage|p2a: Snorlax|65/100
|-enditem|p2a: Snorlax|Leftovers|[from] move: Knock Off|[of] p1a: gojira
|move|p2a: Snorlax|Curse|p2a: Snorlax
|-unboost|p2a: Snorlax|spe|1
|-boost|p2a: Snorlax|atk|1
|-boost|p2a: Snorlax|def|1
|
|-weather|Sandstorm|[upkeep]
|-damage|p2a: Snorlax|59/100|[from] Sandstorm
|upkeep
|turn|22
|
|t:|1758324777
|move|p1a: gojira|Earth Power|p2a: Snorlax
|-damage|p2a: Snorlax|46/100
|move|p2a: Snorlax|Rest|p2a: Snorlax
|-status|p2a: Snorlax|slp|[from] move: Rest
|-heal|p2a: Snorlax|100/100 slp|[silent]
|
|-weather|Sandstorm|[upkeep]
|-damage|p2a: Snorlax|94/100 slp|[from] Sandstorm
|upkeep
|turn|23
|
|t:|1758324787
|move|p1a: gojira|Body Slam|p2a: Snorlax
|-damage|p2a: Snorlax|81/100 slp
|cant|p2a: Snorlax|slp
|move|p2a: Snorlax|Sleep Talk|p2a: Snorlax
|move|p2a: Snorlax|Rest||[from] move: Sleep Talk|[still]
|-fail|p2a: Snorlax
|
|-weather|Sandstorm|[upkeep]
|-damage|p2a: Snorlax|75/100 slp|[from] Sandstorm
|upkeep
|turn|24
|
|t:|1758324798
|move|p1a: gojira|Body Slam|p2a: Snorlax
|-damage|p2a: Snorlax|61/100 slp
|cant|p2a: Snorlax|slp
|move|p2a: Snorlax|Sleep Talk|p2a: Snorlax
|move|p2a: Snorlax|Body Slam|p1a: gojira|[from] move: Sleep Talk
|-resisted|p1a: gojira
|-damage|p1a: gojira|83/100
|
|-weather|none
|upkeep
|turn|25
|
|t:|1758324813
|move|p1a: gojira|Earth Power|p2a: Snorlax
|-damage|p2a: Snorlax|48/100 slp
|-curestatus|p2a: Snorlax|slp|[msg]
|move|p2a: Snorlax|Curse|p2a: Snorlax
|-unboost|p2a: Snorlax|spe|1
|-boost|p2a: Snorlax|atk|1
|-boost|p2a: Snorlax|def|1
|
|upkeep
|turn|26
|
|t:|1758324822
|move|p1a: gojira|Earth Power|p2a: Snorlax
|-damage|p2a: Snorlax|34/100
|move|p2a: Snorlax|Rest|p2a: Snorlax
|-status|p2a: Snorlax|slp|[from] move: Rest
|-heal|p2a: Snorlax|100/100 slp|[silent]
|
|upkeep
|turn|27
|
|t:|1758324830
|move|p1a: gojira|Earth Power|p2a: Snorlax
|-damage|p2a: Snorlax|87/100 slp
|-unboost|p2a: Snorlax|spd|1
|cant|p2a: Snorlax|slp
|move|p2a: Snorlax|Sleep Talk|p2a: Snorlax
|move|p2a: Snorlax|Rest||[from] move: Sleep Talk|[still]
|-fail|p2a: Snorlax
|
|upkeep
|turn|28
|
|t:|1758324841
|move|p1a: gojira|Earth Power|p2a: Snorlax
|-damage|p2a: Snorlax|67/100 slp
|cant|p2a: Snorlax|slp
|move|p2a: Snorlax|Sleep Talk|p2a: Snorlax
|move|p2a: Snorlax|Rest||[from] move: Sleep Talk|[still]
|-fail|p2a: Snorlax
|
|upkeep
|turn|29
|
|t:|1758324850
|move|p1a: gojira|Earth Power|p2a: Snorlax
|-damage|p2a: Snorlax|46/100 slp
|-curestatus|p2a: Snorlax|slp|[msg]
|move|p2a: Snorlax|Body Slam|p1a: gojira
|-resisted|p1a: gojira
|-damage|p1a: gojira|56/100
|-status|p1a: gojira|par
|
|upkeep
|turn|30
|
|t:|1758324862
|cant|p1a: gojira|par
|move|p2a: Snorlax|Rest|p2a: Snorlax
|-status|p2a: Snorlax|slp|[from] move: Rest
|-heal|p2a: Snorlax|100/100 slp|[silent]
|
|upkeep
|turn|31
|
|t:|1758324877
|move|p1a: gojira|Earth Power|p2a: Snorlax
|-damage|p2a: Snorlax|81/100 slp
|cant|p2a: Snorlax|slp
|
|upkeep
|turn|32
|
|t:|1758324883
|cant|p1a: gojira|par
|cant|p2a: Snorlax|slp
|move|p2a: Snorlax|Sleep Talk|p2a: Snorlax
|move|p2a: Snorlax|Body Slam|p1a: gojira|[from] move: Sleep Talk
|-resisted|p1a: gojira
|-damage|p1a: gojira|30/100 par
|
|upkeep
|turn|33
|
|t:|1758324895
|move|p1a: gojira|Earth Power|p2a: Snorlax
|-damage|p2a: Snorlax|63/100 slp
|-curestatus|p2a: Snorlax|slp|[msg]
|move|p2a: Snorlax|Rest|p2a: Snorlax
|-status|p2a: Snorlax|slp|[from] move: Rest
|-heal|p2a: Snorlax|100/100 slp|[silent]
|
|upkeep
|turn|34
|
|t:|1758324906
|move|p1a: gojira|Earth Power|p2a: Snorlax
|-damage|p2a: Snorlax|80/100 slp
|cant|p2a: Snorlax|slp
|move|p2a: Snorlax|Sleep Talk|p2a: Snorlax
|move|p2a: Snorlax|Curse|p2a: Snorlax|[from] move: Sleep Talk
|-unboost|p2a: Snorlax|spe|1
|-boost|p2a: Snorlax|atk|1
|-boost|p2a: Snorlax|def|1
|
|upkeep
|turn|35
|
|t:|1758324916
|cant|p1a: gojira|par
|cant|p2a: Snorlax|slp
|move|p2a: Snorlax|Sleep Talk|p2a: Snorlax
|move|p2a: Snorlax|Rest||[from] move: Sleep Talk|[still]
|-fail|p2a: Snorlax
|
|upkeep
|turn|36
|
|t:|1758324925
|move|p1a: gojira|Earth Power|p2a: Snorlax
|-damage|p2a: Snorlax|61/100 slp
|-curestatus|p2a: Snorlax|slp|[msg]
|move|p2a: Snorlax|Body Slam|p1a: gojira
|-resisted|p1a: gojira
|-damage|p1a: gojira|0 fnt
|faint|p1a: gojira
|
|upkeep
|
|t:|1758324933
|switch|p1a: cristal|Primarina, F, tera:Fairy|100/100
|turn|37
|
|t:|1758324941
|move|p1a: cristal|Hyper Voice|p2a: Snorlax
|-damage|p2a: Snorlax|21/100
|move|p2a: Snorlax|Body Slam|p1a: cristal
|-damage|p1a: cristal|15/100
|
|upkeep
|turn|38
|
|t:|1758324948
|move|p1a: cristal|Draining Kiss|p2a: Snorlax
|-damage|p2a: Snorlax|0 fnt
|-heal|p1a: cristal|40/100|[from] drain|[of] p2a: Snorlax
|faint|p2a: Snorlax
|
|upkeep
|
|t:|1758324954
|switch|p2a: Charizard|Charizard, F|100/100
|turn|39
|
|t:|1758324960
|move|p2a: Charizard|Air Slash|p1a: cristal
|-damage|p1a: cristal|18/100
|move|p1a: cristal|Hyper Voice|p2a: Charizard
|-supereffective|p2a: Charizard
|-damage|p2a: Charizard|0 fnt
|faint|p2a: Charizard
|
|upkeep
|
|t:|1758324968
|switch|p2a: Pikachu|Pikachu-Partner, M|100/100
|-activate|p2a: Pikachu|move: Sticky Web
|-unboost|p2a: Pikachu|spe|1
|turn|40
|
|t:|1758324975
|move|p2a: Pikachu|Fake Out|p1a: cristal
|-damage|p1a: cristal|1/100
|cant|p1a: cristal|flinch
|
|upkeep
|turn|41
|
|t:|1758324981
|move|p2a: Pikachu|Quick Attack|p1a: cristal
|-damage|p1a: cristal|0 fnt
|faint|p1a: cristal
|
|win|kaioRoar
|raw|fladexmon64's rating: 1097 &rarr; <strong>1069</strong><br />(-28 for losing)
|raw|kaioRoar's rating: 1055 &rarr; <strong>1091</strong><br />(+36 for winning)
|c|☆fladexmon64|gg
|l|☆kaioRoar
|player|p2|
