|j|☆Crumbly Joe
|j|☆PanaRabbit
|t:|1758323494
|gametype|singles
|player|p1|Crumbly Joe|hiker-gen4|1166
|player|p2|PanaRabbit|ltsurge|1149
|gen|9
|tier|[Gen 9] OU
|rated|
|rule|HP Percentage Mod: HP is shown in percentages
|rule|Endless Battle Clause: Forcing endless battles is banned
|rule|Species Clause: Limit one of each Pokémon
|rule|OHKO Clause: OHKO moves are banned
|rule|Evasion Items Clause: Evasion items are banned
|rule|Evasion Moves Clause: Evasion moves are banned
|rule|Evasion Abilities Clause: Evasion abilities are banned
|rule|Sleep Moves Clause: Sleep-inducing moves are banned
|clearpoke
|poke|p1|Skeledirge, M|
|poke|p1|Pelipper, F|
|poke|p1|Scrafty, M|
|poke|p1|Malamar, M|
|poke|p1|Pecharunt|
|poke|p1|Raging Bolt|
|poke|p2|Venomoth, F|
|poke|p2|Florges, F|
|poke|p2|Deoxys-Speed|
|poke|p2|Gholdengo|
|poke|p2|Landorus-Therian, M|
|poke|p2|Weavile, F|
|teampreview
|
|t:|1758323516
|teamsize|p1|6
|teamsize|p2|6
|start
|switch|p1a: Pelipper|Pelipper, F|100/100
|switch|p2a: Deoxys|Deoxys-Speed|100/100
|-ability|p2a: Deoxys|Pressure
|-weather|RainDance|[from] ability: Drizzle|[of] p1a: Pelipper
|turn|1
|
|t:|1758323524
|move|p2a: Deoxys|Taunt|p1a: Pelipper
|-start|p1a: Pelipper|move: Taunt
|move|p1a: Pelipper|Weather Ball|p2a: Deoxys
|-damage|p2a: Deoxys|0 fnt
|faint|p2a: Deoxys
|
|-weather|RainDance|[upkeep]
|upkeep
|
|t:|1758323539
|switch|p2a: Landorus|Landorus-Therian, M|100/100
|-ability|p2a: Landorus|Intimidate|boost
|-unboost|p1a: Pelipper|atk|1
|turn|2
|
|t:|1758323543
|move|p2a: Landorus|Stone Edge|p1a: Pelipper
|-supereffective|p1a: Pelipper
|-damage|p1a: Pelipper|0 fnt
|faint|p1a: Pelipper
|
|-weather|RainDance|[upkeep]
|upkeep
|
|t:|1758323551
|switch|p1a: Malamar|Malamar, M|100/100
|turn|3
|
|t:|1758323554
|-terastallize|p1a: Malamar|Poison
|move|p2a: Landorus|U-turn|p1a: Malamar
|-resisted|p1a: Malamar
|-damage|p1a: Malamar|87/100
|
|t:|1758323560
|switch|p2a: Venomoth|Venomoth, F|100/100|[from] U-turn
|move|p1a: Malamar|Superpower|p2a: Venomoth
|-resisted|p2a: Venomoth
|-damage|p2a: Venomoth|83/100
|-boost|p1a: Malamar|atk|1
|-boost|p1a: Malamar|def|1
|
|-weather|RainDance|[upkeep]
|-heal|p1a: Malamar|93/100|[from] item: Leftovers
|upkeep
|turn|4
|
|t:|1758323570
|move|p2a: Venomoth|Agility|p2a: Venomoth
|-boost|p2a: Venomoth|spe|2
|move|p1a: Malamar|Knock Off|p2a: Venomoth
|-damage|p2a: Venomoth|0 fnt
|-enditem|p2a: Venomoth|Liechi Berry|[from] move: Knock Off|[of] p1a: Malamar
|faint|p2a: Venomoth
|
|-weather|RainDance|[upkeep]
|-heal|p1a: Malamar|99/100|[from] item: Leftovers
|upkeep
|
|t:|1758323580
|switch|p2a: Florges|Florges, F|100/100
|turn|5
|
|t:|1758323592
|move|p2a: Florges|Psychic Noise|p1a: Malamar
|-supereffective|p1a: Malamar
|-damage|p1a: Malamar|34/100
|-start|p1a: Malamar|move: Heal Block
|-enditem|p2a: Florges|Throat Spray
|-boost|p2a: Florges|spa|1|[from] item: Throat Spray
|move|p1a: Malamar|Superpower|p2a: Florges
|-resisted|p2a: Florges
|-damage|p2a: Florges|60/100
|-boost|p1a: Malamar|atk|1
|-boost|p1a: Malamar|def|1
|
|-weather|none
|upkeep
|turn|6
|-message|Crumbly Joe forfeited.
|
|win|PanaRabbit
|raw|Crumbly Joe's rating: 1166 &rarr; <strong>1140</strong><br />(-26 for losing)
|raw|PanaRabbit's rating: 1149 &rarr; <strong>1175</strong><br />(+26 for winning)
|l|☆Crumbly Joe
|player|p1|
|l|☆PanaRabbit
|player|p2|
