|j|☆rekka auto
|j|☆raditzisthebest
|t:|1758345502
|gametype|singles
|player|p1|rekka auto|169|1655
|player|p2|raditzisthebest|bruno|1624
|gen|9
|tier|[Gen 9] OU
|rated|
|rule|HP Percentage Mod: HP is shown in percentages
|rule|Endless Battle Clause: Forcing endless battles is banned
|rule|Species Clause: Limit one of each Pokémon
|rule|OHKO Clause: OHKO moves are banned
|rule|Evasion Items Clause: Evasion items are banned
|rule|Evasion Moves Clause: Evasion moves are banned
|rule|Evasion Abilities Clause: Evasion abilities are banned
|rule|Sleep Moves Clause: Sleep-inducing moves are banned
|clearpoke
|poke|p1|Rotom-Wash|
|poke|p1|Meowscarada, F|
|poke|p1|Comfey, F|
|poke|p1|Okidogi, M|
|poke|p1|Dragapult, M|
|poke|p1|Ting-Lu|
|poke|p2|Primarina, M|
|poke|p2|Great Tusk|
|poke|p2|Kingambit, M|
|poke|p2|Slowking-Galar, M|
|poke|p2|Ogerpon, F|
|poke|p2|Enamorus, F|
|teampreview
|inactive|Battle timer is ON: inactive players will automatically lose when time's up. (requested by raditzisthebest)
|inactive|rekka auto also wants the timer to be on.
|j| Shucklepilled
|
|t:|1758345520
|teamsize|p1|6
|teamsize|p2|6
|start
|switch|p1a: Meowscarada|Meowscarada, F|100/100
|switch|p2a: Heismay|Ogerpon, F|100/100
|turn|1
|
|t:|1758345529
|switch|p2a: Basilio|Great Tusk, shiny|100/100
|move|p1a: Meowscarada|Triple Axel|p2a: Basilio
|-start|p1a: Meowscarada|typechange|Ice|[from] ability: Protean
|-supereffective|p2a: Basilio
|-damage|p2a: Basilio|86/100
|-damage|p1a: Meowscarada|84/100|[from] item: Rocky Helmet|[of] p2a: Basilio
|-hitcount|p2a: Basilio|1
|
|upkeep
|turn|2
|
|t:|1758345543
|switch|p1a: Rotom|Rotom-Wash|100/100
|move|p2a: Basilio|Stealth Rock|p1a: Rotom
|-sidestart|p1: rekka auto|move: Stealth Rock
|
|upkeep
|turn|3
|
|t:|1758345555
|-end|p2a: Basilio|Protosynthesis|[silent]
|switch|p2a: Heismay|Ogerpon, F|100/100
|move|p1a: Rotom|Volt Switch|p2a: Heismay
|-resisted|p2a: Heismay
|-damage|p2a: Heismay|85/100
|
|t:|1758345564
|switch|p1a: Meowscarada|Meowscarada, F|84/100|[from] Volt Switch
|-damage|p1a: Meowscarada|72/100|[from] Stealth Rock
|
|upkeep
|turn|4
|
|t:|1758345576
|switch|p2a: Strohl|Kingambit, M, shiny|100/100
|move|p1a: Meowscarada|U-turn|p2a: Strohl
|-start|p1a: Meowscarada|typechange|Bug|[from] ability: Protean
|-damage|p2a: Strohl|77/100
|
|t:|1758345585
|switch|p1a: Okidogi|Okidogi, M|100/100|[from] U-turn
|-damage|p1a: Okidogi|94/100|[from] Stealth Rock
|
|-heal|p1a: Okidogi|100/100|[from] item: Leftovers
|-heal|p2a: Strohl|84/100|[from] item: Leftovers
|upkeep
|turn|5
|
|t:|1758345593
|-end|p2a: Strohl|fallenundefined|[silent]
|switch|p2a: More|Slowking-Galar, M, shiny|100/100
|move|p1a: Okidogi|Knock Off|p2a: More
|-supereffective|p2a: More
|-damage|p2a: More|60/100
|-enditem|p2a: More|Assault Vest|[from] move: Knock Off|[of] p1a: Okidogi
|
|upkeep
|turn|6
|
|t:|1758345601
|move|p1a: Okidogi|Taunt|p2a: More
|-start|p2a: More|move: Taunt
|move|p2a: More|Psychic Noise|p1a: Okidogi
|-supereffective|p1a: Okidogi
|-damage|p1a: Okidogi|15/100
|-start|p1a: Okidogi|move: Heal Block
|
|upkeep
|turn|7
|
|t:|1758345608
|switch|p1a: Ting-Lu|Ting-Lu|100/100
|-damage|p1a: Ting-Lu|94/100|[from] Stealth Rock
|-ability|p1a: Ting-Lu|Vessel of Ruin
|move|p2a: More|Sludge Bomb|p1a: Ting-Lu
|-resisted|p1a: Ting-Lu
|-damage|p1a: Ting-Lu|87/100
|
|-heal|p1a: Ting-Lu|93/100|[from] item: Leftovers
|upkeep
|turn|8
|
|t:|1758345612
|switch|p2a: Basilio|Great Tusk, shiny|86/100
|move|p1a: Ting-Lu|Stealth Rock|p2a: Basilio
|-sidestart|p2: raditzisthebest|move: Stealth Rock
|
|-heal|p1a: Ting-Lu|99/100|[from] item: Leftovers
|upkeep
|turn|9
|j| Ctannn
|
|t:|1758345618
|switch|p1a: Rotom|Rotom-Wash|100/100
|-damage|p1a: Rotom|88/100|[from] Stealth Rock
|move|p2a: Basilio|Ice Spinner|p1a: Rotom
|-resisted|p1a: Rotom
|-damage|p1a: Rotom|76/100
|-damage|p2a: Basilio|70/100|[from] item: Rocky Helmet|[of] p1a: Rotom
|
|upkeep
|turn|10
|
|t:|1758345624
|move|p2a: Basilio|Rapid Spin|p1a: Rotom
|-damage|p1a: Rotom|62/100
|-boost|p2a: Basilio|spe|1
|-damage|p2a: Basilio|53/100|[from] item: Rocky Helmet|[of] p1a: Rotom
|-sideend|p2: raditzisthebest|Stealth Rock|[from] move: Rapid Spin|[of] p2a: Basilio
|move|p1a: Rotom|Will-O-Wisp|p2a: Basilio
|-status|p2a: Basilio|brn
|
|-damage|p2a: Basilio|47/100 brn|[from] brn
|upkeep
|turn|11
|
|t:|1758345636
|-end|p2a: Basilio|Protosynthesis|[silent]
|switch|p2a: Heismay|Ogerpon, F|85/100
|move|p1a: Rotom|Will-O-Wisp|p2a: Heismay
|-status|p2a: Heismay|brn
|
|-damage|p2a: Heismay|79/100 brn|[from] brn
|upkeep
|turn|12
|
|t:|1758345645
|switch|p1a: Okidogi|Okidogi, M|15/100
|-damage|p1a: Okidogi|9/100|[from] Stealth Rock
|move|p2a: Heismay|Ivy Cudgel|p1a: Okidogi
|-resisted|p1a: Okidogi
|-damage|p1a: Okidogi|0 fnt
|faint|p1a: Okidogi
|
|-damage|p2a: Heismay|73/100 brn|[from] brn
|upkeep
|
|t:|1758345657
|switch|p1a: Comfey|Comfey, F|100/100
|-damage|p1a: Comfey|88/100|[from] Stealth Rock
|turn|13
|
|t:|1758345670
|move|p2a: Heismay|Ivy Cudgel|p1a: Comfey
|-damage|p1a: Comfey|44/100
|move|p1a: Comfey|Calm Mind|p1a: Comfey
|-boost|p1a: Comfey|spa|1
|-boost|p1a: Comfey|spd|1
|
|-damage|p2a: Heismay|67/100 brn|[from] brn
|upkeep
|turn|14
|
|t:|1758345676
|switch|p2a: More|Slowking-Galar, M, shiny|94/100
|move|p1a: Comfey|Draining Kiss|p2a: More
|-resisted|p2a: More
|-damage|p2a: More|77/100
|-heal|p1a: Comfey|60/100|[from] drain|[of] p2a: More
|-damage|p1a: Comfey|50/100|[from] item: Life Orb
|
|upkeep
|turn|15
|
|t:|1758345683
|switch|p2a: Basilio|Great Tusk, shiny|47/100 brn
|move|p1a: Comfey|Synthesis|p1a: Comfey
|-heal|p1a: Comfey|99/100
|
|-damage|p2a: Basilio|41/100 brn|[from] brn
|upkeep
|turn|16
|
|t:|1758345688
|-end|p2a: Basilio|Protosynthesis|[silent]
|switch|p2a: More|Slowking-Galar, M, shiny|100/100
|move|p1a: Comfey|Calm Mind|p1a: Comfey
|-boost|p1a: Comfey|spa|1
|-boost|p1a: Comfey|spd|1
|
|upkeep
|turn|17
|
|t:|1758345693
|move|p1a: Comfey|Calm Mind|p1a: Comfey
|-boost|p1a: Comfey|spa|1
|-boost|p1a: Comfey|spd|1
|move|p2a: More|Sludge Bomb|p1a: Comfey
|-supereffective|p1a: Comfey
|-damage|p1a: Comfey|72/100
|
|upkeep
|turn|18
|
|t:|1758345701
|-terastallize|p1a: Comfey|Ground
|move|p1a: Comfey|Calm Mind|p1a: Comfey
|-boost|p1a: Comfey|spa|1
|-boost|p1a: Comfey|spd|1
|move|p2a: More|Sludge Bomb|p1a: Comfey
|-resisted|p1a: Comfey
|-crit|p1a: Comfey
|-damage|p1a: Comfey|47/100
|
|upkeep
|turn|19
|c| Shucklepilled|insane tera predicting the crit
|inactive|raditzisthebest has 120 seconds left.
|
|t:|1758345745
|move|p1a: Comfey|Synthesis|p1a: Comfey
|-heal|p1a: Comfey|97/100
|move|p2a: More|Ice Beam|p1a: Comfey
|-supereffective|p1a: Comfey
|-damage|p1a: Comfey|80/100
|-status|p1a: Comfey|frz
|
|upkeep
|turn|20
|c|☆rekka auto|i knew it lol
|
|t:|1758345755
|cant|p1a: Comfey|frz
|move|p2a: More|Psychic Noise|p1a: Comfey
|-damage|p1a: Comfey|70/100 frz
|-start|p1a: Comfey|move: Heal Block
|
|upkeep
|turn|21
|
|t:|1758345757
|cant|p1a: Comfey|frz
|move|p2a: More|Psychic Noise|p1a: Comfey
|-damage|p1a: Comfey|60/100 frz
|
|-end|p1a: Comfey|move: Heal Block
|upkeep
|turn|22
|
|t:|1758345760
|-curestatus|p1a: Comfey|frz|[msg]
|move|p1a: Comfey|Tera Blast|p2a: More|[anim] Tera Blast Ground
|-supereffective|p2a: More
|-damage|p2a: More|0 fnt
|faint|p2a: More
|-damage|p1a: Comfey|50/100|[from] item: Life Orb
|
|upkeep
|
|t:|1758345774
|switch|p2a: Strohl|Kingambit, M, shiny|84/100
|-activate|p2a: Strohl|ability: Supreme Overlord
|-start|p2a: Strohl|fallen1|[silent]
|turn|23
|
|t:|1758345782
|move|p1a: Comfey|Draining Kiss|p2a: Strohl
|-damage|p2a: Strohl|10/100
|-heal|p1a: Comfey|100/100|[from] drain|[of] p2a: Strohl
|-damage|p1a: Comfey|91/100|[from] item: Life Orb
|move|p2a: Strohl|Sucker Punch||[still]
|-fail|p2a: Strohl
|
|-heal|p2a: Strohl|16/100|[from] item: Leftovers
|upkeep
|turn|24
|-message|raditzisthebest forfeited.
|
|win|rekka auto
|raw|rekka auto's rating: 1655 &rarr; <strong>1673</strong><br />(+18 for winning)
|raw|raditzisthebest's rating: 1624 &rarr; <strong>1606</strong><br />(-18 for losing)
|l|☆raditzisthebest
|player|p2|
|l|☆rekka auto
|player|p1|
|l| Shucklepilled
|l| Ctannn
