|j|☆Nultiprise
|j|☆jsd717
|t:|1758375803
|gametype|singles
|player|p1|Nultiprise|preschooler|1495
|player|p2|jsd717|gambler|1520
|gen|9
|tier|[Gen 9] OU
|rated|
|rule|HP Percentage Mod: HP is shown in percentages
|rule|Endless Battle Clause: Forcing endless battles is banned
|rule|Species Clause: Limit one of each Pokémon
|rule|OHKO Clause: OHKO moves are banned
|rule|Evasion Items Clause: Evasion items are banned
|rule|Evasion Moves Clause: Evasion moves are banned
|rule|Evasion Abilities Clause: Evasion abilities are banned
|rule|Sleep Moves Clause: Sleep-inducing moves are banned
|clearpoke
|poke|p1|Greninja-*, M|
|poke|p1|Zoroark-Hisui, F|
|poke|p1|Great Tusk|
|poke|p1|Deoxys-Speed|
|poke|p1|Yanmega, F|
|poke|p1|Mimikyu, M|
|poke|p2|Gholdengo|
|poke|p2|Scizor, F|
|poke|p2|Quaquaval, F|
|poke|p2|Dragonite, F|
|poke|p2|Ting-Lu|
|poke|p2|Sinistcha|
|teampreview
|
|t:|1758375867
|teamsize|p1|6
|teamsize|p2|6
|start
|switch|p1a: Quoi ?|Greninja, M|100/100
|switch|p2a: OG|Scizor, F|100/100
|turn|1
|
|t:|1758375876
|move|p2a: OG|U-turn|p1a: Quoi ?
|-supereffective|p1a: Quoi ?
|-enditem|p1a: Quoi ?|Focus Sash
|-damage|p1a: Quoi ?|1/100
|
|t:|1758375891
|switch|p2a: Neck Pain|Ting-Lu, shiny|100/100|[from] U-turn
|-ability|p2a: Neck Pain|Vessel of Ruin
|move|p1a: Quoi ?|Counter|p2a: Neck Pain
|-damage|p2a: Neck Pain|0 fnt
|faint|p2a: Neck Pain
|-ability|p1a: Quoi ?|Battle Bond|boost
|-boost|p1a: Quoi ?|atk|1
|-boost|p1a: Quoi ?|spa|1
|-boost|p1a: Quoi ?|spe|1
|-activate|p1a: Quoi ?|ability: Battle Bond
|
|upkeep
|
|t:|1758375908
|switch|p2a: OG|Scizor, F|100/100
|turn|2
|
|t:|1758375913
|move|p2a: OG|Bullet Punch|p1a: Quoi ?
|-resisted|p1a: Quoi ?
|-damage|p1a: Quoi ?|0 fnt
|faint|p1a: Quoi ?
|
|upkeep
|
|t:|1758375916
|switch|p1a: Yanmega|Yanmega, F|100/100
|turn|3
|
|t:|1758375952
|-terastallize|p1a: Yanmega|Fire
|move|p2a: OG|Bullet Punch|p1a: Yanmega
|-resisted|p1a: Yanmega
|-damage|p1a: Yanmega|68/100
|move|p1a: Yanmega|Tera Blast|p2a: OG|[anim] Tera Blast Fire
|-supereffective|p2a: OG
|-damage|p2a: OG|0 fnt
|faint|p2a: OG
|
|-ability|p1a: Yanmega|Speed Boost|boost
|-boost|p1a: Yanmega|spe|1
|upkeep
|
|t:|1758375971
|switch|p2a: Smile and Wave|Dragonite, F|100/100
|turn|4
|
|t:|1758375994
|switch|p1a: Deoxys|Deoxys-Speed|100/100
|-ability|p1a: Deoxys|Pressure
|move|p2a: Smile and Wave|Earthquake|p1a: Deoxys
|-damage|p1a: Deoxys|36/100
|
|upkeep
|turn|5
|
|t:|1758376001
|move|p2a: Smile and Wave|Extreme Speed|p1a: Deoxys
|-damage|p1a: Deoxys|0 fnt
|faint|p1a: Deoxys
|
|upkeep
|
|t:|1758376010
|switch|p1a: Mimikyu|Mimikyu, M|100/100
|turn|6
|
|t:|1758376020
|switch|p2a: Tea Ceremony|Sinistcha|100/100
|move|p1a: Mimikyu|Play Rough|p2a: Tea Ceremony
|-damage|p2a: Tea Ceremony|69/100
|-damage|p1a: Mimikyu|91/100|[from] item: Life Orb
|
|upkeep
|turn|7
|
|t:|1758376028
|switch|p1a: Yanmega|Yanmega, F, tera:Fire|68/100
|move|p2a: Tea Ceremony|Matcha Gotcha|p1a: Yanmega
|-resisted|p1a: Yanmega
|-damage|p1a: Yanmega|39/100
|-heal|p2a: Tea Ceremony|82/100|[from] drain|[of] p1a: Yanmega
|
|upkeep
|turn|8
|
|t:|1758376045
|move|p1a: Yanmega|Air Slash|p2a: Tea Ceremony
|-supereffective|p2a: Tea Ceremony
|-damage|p2a: Tea Ceremony|0 fnt
|faint|p2a: Tea Ceremony
|
|-ability|p1a: Yanmega|Speed Boost|boost
|-boost|p1a: Yanmega|spe|1
|upkeep
|
|t:|1758376053
|switch|p2a: Smile and Wave|Dragonite, F|100/100
|turn|9
|
|t:|1758376075
|move|p1a: Yanmega|Air Slash|p2a: Smile and Wave
|-damage|p2a: Smile and Wave|79/100
|cant|p2a: Smile and Wave|flinch
|
|-ability|p1a: Yanmega|Speed Boost|boost
|-boost|p1a: Yanmega|spe|1
|upkeep
|turn|10
|
|t:|1758376082
|move|p1a: Yanmega|Air Slash|p2a: Smile and Wave
|-damage|p2a: Smile and Wave|37/100
|move|p2a: Smile and Wave|Earthquake|p1a: Yanmega
|-supereffective|p1a: Yanmega
|-damage|p1a: Yanmega|0 fnt
|faint|p1a: Yanmega
|
|upkeep
|
|t:|1758376103
|switch|p1a: Mimikyu|Mimikyu, M|100/100
|turn|11
|
|t:|1758376107
|move|p1a: Mimikyu|Shadow Ball|p2a: Smile and Wave
|-damage|p2a: Smile and Wave|0 fnt
|faint|p2a: Smile and Wave
|-damage|p1a: Mimikyu|91/100|[from] item: Life Orb
|
|upkeep
|
|t:|1758376115
|switch|p2a: Rajah|Quaquaval, F|100/100
|turn|12
|
|t:|1758376120
|-terastallize|p2a: Rajah|Steel
|move|p1a: Mimikyu|Grass Knot|p2a: Rajah
|-resisted|p2a: Rajah
|-damage|p2a: Rajah|76/100
|-damage|p1a: Mimikyu|81/100|[from] item: Life Orb
|move|p2a: Rajah|Aqua Step|p1a: Mimikyu
|-damage|p1a: Mimikyu|0 fnt
|-boost|p2a: Rajah|spe|1
|replace|p1a: Feur|Zoroark-Hisui, F
|-end|p1a: Feur|Illusion
|faint|p1a: Feur
|-ability|p2a: Rajah|Moxie|boost
|-boost|p2a: Rajah|atk|1
|
|upkeep
|
|t:|1758376124
|switch|p1a: Great Tusk|Great Tusk|100/100
|-enditem|p1a: Great Tusk|Booster Energy
|-activate|p1a: Great Tusk|ability: Protosynthesis|[fromitem]
|-start|p1a: Great Tusk|protosynthesisspe
|turn|13
|
|t:|1758376136
|move|p1a: Great Tusk|Headlong Rush|p2a: Rajah
|-supereffective|p2a: Rajah
|-damage|p2a: Rajah|0 fnt
|-unboost|p1a: Great Tusk|def|1
|-unboost|p1a: Great Tusk|spd|1
|faint|p2a: Rajah
|
|upkeep
|
|t:|1758376141
|switch|p2a: I go where she go|Gholdengo|100/100
|turn|14
|-message|jsd717 forfeited.
|
|win|Nultiprise
|raw|Nultiprise's rating: 1495 &rarr; <strong>1516</strong><br />(+21 for winning)
|raw|jsd717's rating: 1520 &rarr; <strong>1499</strong><br />(-21 for losing)
|l|☆jsd717
|player|p2|
|l|☆Nultiprise
|player|p1|
