|j|☆KVBB
|j|☆PokeJMon
|t:|1758289059
|gametype|singles
|player|p1|KVBB|pokemaniac|1122
|player|p2|PokeJMon|hoopster|1076
|gen|9
|tier|[Gen 9] OU
|rated|
|rule|HP Percentage Mod: HP is shown in percentages
|rule|Endless Battle Clause: Forcing endless battles is banned
|rule|Species Clause: Limit one of each Pokémon
|rule|OHKO Clause: OHKO moves are banned
|rule|Evasion Items Clause: Evasion items are banned
|rule|Evasion Moves Clause: Evasion moves are banned
|rule|Evasion Abilities Clause: Evasion abilities are banned
|rule|Sleep Moves Clause: Sleep-inducing moves are banned
|clearpoke
|poke|p1|Haxorus, F|
|poke|p1|Tyranitar, M|
|poke|p1|Iron Moth|
|poke|p1|Garchomp, M|
|poke|p1|Iron Jugulis|
|poke|p1|Ribombee, F|
|poke|p2|Garganacl, F|
|poke|p2|Kingambit, M|
|poke|p2|Great Tusk|
|poke|p2|Ceruledge, M|
|poke|p2|Kyurem|
|poke|p2|Zapdos|
|teampreview
|
|t:|1758289063
|teamsize|p1|6
|teamsize|p2|6
|start
|switch|p1a: Ribombee|Ribombee, F|100/100
|switch|p2a: Salty Tears|Garganacl, F|100/100
|turn|1
|
|t:|1758289070
|move|p1a: Ribombee|Sticky Web|p2a: Salty Tears
|-sidestart|p2: PokeJMon|move: Sticky Web
|move|p2a: Salty Tears|Stealth Rock|p1a: Ribombee
|-sidestart|p1: KVBB|move: Stealth Rock
|
|upkeep
|turn|2
|
|t:|1758289116
|move|p1a: Ribombee|U-turn|p2a: Salty Tears
|-damage|p2a: Salty Tears|91/100
|
|t:|1758289124
|switch|p1a: Garchomp|Garchomp, M|100/100|[from] U-turn
|-damage|p1a: Garchomp|94/100|[from] Stealth Rock
|move|p2a: Salty Tears|Salt Cure|p1a: Garchomp
|-resisted|p1a: Garchomp
|-damage|p1a: Garchomp|87/100
|-start|p1a: Garchomp|Salt Cure
|
|-heal|p2a: Salty Tears|98/100|[from] item: Leftovers
|-damage|p1a: Garchomp|75/100|[from] Salt Cure
|upkeep
|turn|3
|
|t:|1758289143
|-terastallize|p2a: Salty Tears|Flying
|move|p1a: Garchomp|Earthquake|p2a: Salty Tears
|-immune|p2a: Salty Tears
|move|p2a: Salty Tears|Iron Defense|p2a: Salty Tears
|-boost|p2a: Salty Tears|def|2
|
|-heal|p2a: Salty Tears|100/100|[from] item: Leftovers
|-damage|p1a: Garchomp|63/100|[from] Salt Cure
|upkeep
|turn|4
|
|t:|1758289156
|move|p1a: Garchomp|Stone Edge|p2a: Salty Tears
|-supereffective|p2a: Salty Tears
|-crit|p2a: Salty Tears
|-damage|p2a: Salty Tears|38/100
|move|p2a: Salty Tears|Iron Defense|p2a: Salty Tears
|-boost|p2a: Salty Tears|def|2
|
|-heal|p2a: Salty Tears|44/100|[from] item: Leftovers
|-damage|p1a: Garchomp|50/100|[from] Salt Cure
|upkeep
|turn|5
|
|t:|1758289174
|move|p1a: Garchomp|Stone Edge|p2a: Salty Tears|[miss]
|-miss|p1a: Garchomp|p2a: Salty Tears
|move|p2a: Salty Tears|Body Press|p1a: Garchomp
|-crit|p1a: Garchomp
|-damage|p1a: Garchomp|0 fnt
|-damage|p2a: Salty Tears|32/100|[from] ability: Rough Skin|[of] p1a: Garchomp
|faint|p1a: Garchomp
|
|-heal|p2a: Salty Tears|38/100|[from] item: Leftovers
|upkeep
|
|t:|1758289184
|switch|p1a: Tyranitar|Tyranitar, M|100/100
|-damage|p1a: Tyranitar|88/100|[from] Stealth Rock
|-weather|Sandstorm|[from] ability: Sand Stream|[of] p1a: Tyranitar
|turn|6
|
|t:|1758289191
|move|p1a: Tyranitar|Stone Edge|p2a: Salty Tears
|-supereffective|p2a: Salty Tears
|-damage|p2a: Salty Tears|17/100
|move|p2a: Salty Tears|Body Press|p1a: Tyranitar
|-supereffective|p1a: Tyranitar
|-damage|p1a: Tyranitar|0 fnt
|faint|p1a: Tyranitar
|
|-weather|Sandstorm|[upkeep]
|-damage|p2a: Salty Tears|11/100|[from] Sandstorm
|-heal|p2a: Salty Tears|17/100|[from] item: Leftovers
|upkeep
|
|t:|1758289204
|switch|p1a: Iron Jugulis|Iron Jugulis|100/100
|-damage|p1a: Iron Jugulis|76/100|[from] Stealth Rock
|-enditem|p1a: Iron Jugulis|Booster Energy
|-activate|p1a: Iron Jugulis|ability: Quark Drive|[fromitem]
|-start|p1a: Iron Jugulis|quarkdrivespa
|turn|7
|
|t:|1758289228
|move|p1a: Iron Jugulis|Flash Cannon|p2a: Salty Tears
|-damage|p2a: Salty Tears|0 fnt
|faint|p2a: Salty Tears
|
|-weather|Sandstorm|[upkeep]
|-damage|p1a: Iron Jugulis|70/100|[from] Sandstorm
|upkeep
|
|t:|1758289235
|switch|p2a: Frosty|Kyurem|100/100
|-activate|p2a: Frosty|move: Sticky Web
|-unboost|p2a: Frosty|spe|1
|-ability|p2a: Frosty|Pressure
|turn|8
|
|t:|1758289245
|move|p1a: Iron Jugulis|Flash Cannon|p2a: Frosty
|-supereffective|p2a: Frosty
|-damage|p2a: Frosty|39/100
|move|p2a: Frosty|Ice Beam|p1a: Iron Jugulis
|-supereffective|p1a: Iron Jugulis
|-damage|p1a: Iron Jugulis|0 fnt
|faint|p1a: Iron Jugulis
|-end|p1a: Iron Jugulis|Quark Drive|[silent]
|
|-weather|Sandstorm|[upkeep]
|-damage|p2a: Frosty|33/100|[from] Sandstorm
|upkeep
|
|t:|1758289254
|switch|p1a: Haxorus|Haxorus, F, shiny|100/100
|-damage|p1a: Haxorus|88/100|[from] Stealth Rock
|-ability|p1a: Haxorus|Mold Breaker
|turn|9
|
|t:|1758289278
|move|p1a: Haxorus|First Impression|p2a: Frosty
|-damage|p2a: Frosty|0 fnt
|faint|p2a: Frosty
|
|-weather|Sandstorm|[upkeep]
|-damage|p1a: Haxorus|82/100|[from] Sandstorm
|upkeep
|
|t:|1758289289
|switch|p2a: Old Donphan|Great Tusk|100/100
|-activate|p2a: Old Donphan|move: Sticky Web
|-unboost|p2a: Old Donphan|spe|1
|-enditem|p2a: Old Donphan|Booster Energy
|-activate|p2a: Old Donphan|ability: Protosynthesis|[fromitem]
|-start|p2a: Old Donphan|protosynthesisatk
|turn|10
|inactive|Battle timer is ON: inactive players will automatically lose when time's up. (requested by PokeJMon)
|
|t:|1758289321
|move|p1a: Haxorus|Dragon Dance|p1a: Haxorus
|-boost|p1a: Haxorus|atk|1
|-boost|p1a: Haxorus|spe|1
|move|p2a: Old Donphan|Ice Spinner|p1a: Haxorus
|-supereffective|p1a: Haxorus
|-damage|p1a: Haxorus|0 fnt
|faint|p1a: Haxorus
|
|-weather|none
|upkeep
|
|t:|1758289332
|switch|p1a: Iron Moth|Iron Moth|100/100
|-damage|p1a: Iron Moth|76/100|[from] Stealth Rock
|turn|11
|
|t:|1758289341
|move|p1a: Iron Moth|Dazzling Gleam|p2a: Old Donphan
|-supereffective|p2a: Old Donphan
|-damage|p2a: Old Donphan|6/100
|move|p2a: Old Donphan|Headlong Rush|p1a: Iron Moth
|-supereffective|p1a: Iron Moth
|-damage|p1a: Iron Moth|0 fnt
|-unboost|p2a: Old Donphan|def|1
|-unboost|p2a: Old Donphan|spd|1
|faint|p1a: Iron Moth
|-end|p1a: Iron Moth|Quark Drive|[silent]
|
|upkeep
|
|t:|1758289350
|switch|p1a: Ribombee|Ribombee, F|100/100
|-damage|p1a: Ribombee|76/100|[from] Stealth Rock
|turn|12
|
|t:|1758289358
|move|p1a: Ribombee|Alluring Voice|p2a: Old Donphan
|-supereffective|p2a: Old Donphan
|-damage|p2a: Old Donphan|0 fnt
|faint|p2a: Old Donphan
|-end|p2a: Old Donphan|Protosynthesis|[silent]
|
|upkeep
|
|t:|1758289363
|switch|p2a: Shiny Gambit|Kingambit, M, shiny|100/100
|-activate|p2a: Shiny Gambit|move: Sticky Web
|-unboost|p2a: Shiny Gambit|spe|1
|-activate|p2a: Shiny Gambit|ability: Supreme Overlord
|-start|p2a: Shiny Gambit|fallen3|[silent]
|turn|13
|
|t:|1758289375
|move|p1a: Ribombee|Alluring Voice|p2a: Shiny Gambit
|-damage|p2a: Shiny Gambit|62/100
|move|p2a: Shiny Gambit|Iron Head|p1a: Ribombee
|-supereffective|p1a: Ribombee
|-damage|p1a: Ribombee|0 fnt
|faint|p1a: Ribombee
|
|win|PokeJMon
|raw|KVBB's rating: 1122 &rarr; <strong>1094</strong><br />(-28 for losing)
|raw|PokeJMon's rating: 1076 &rarr; <strong>1108</strong><br />(+32 for winning)
|l|☆PokeJMon
|player|p2|
|l|☆KVBB
|player|p1|
