|j|☆Battousai9419
|j|☆navykinga
|t:|1758333746
|gametype|singles
|player|p1|Battousai9419|sage|1118
|player|p2|navykinga|volkner|1145
|gen|9
|tier|[Gen 9] OU
|rated|
|rule|HP Percentage Mod: HP is shown in percentages
|rule|Endless Battle Clause: Forcing endless battles is banned
|rule|Species Clause: Limit one of each Pokémon
|rule|OHKO Clause: OHKO moves are banned
|rule|Evasion Items Clause: Evasion items are banned
|rule|Evasion Moves Clause: Evasion moves are banned
|rule|Evasion Abilities Clause: Evasion abilities are banned
|rule|Sleep Moves Clause: Sleep-inducing moves are banned
|clearpoke
|poke|p1|Glaceon, F|
|poke|p1|Toucannon, M|
|poke|p1|Slowking-Galar, M|
|poke|p1|Heracross, M|
|poke|p1|Bastiodon, M|
|poke|p1|Basculegion, M|
|poke|p2|Emboar, M|
|poke|p2|Rillaboom, F|
|poke|p2|Toxapex, M|
|poke|p2|Vikavolt, M|
|poke|p2|Scizor, F|
|poke|p2|Clefable, F|
|teampreview
|inactive|Battle timer is ON: inactive players will automatically lose when time's up. (requested by Battousai9419)
|inactive|Battousai9419 has 120 seconds left.
|
|t:|1758333791
|teamsize|p1|6
|teamsize|p2|6
|start
|switch|p1a: Bastiodon|Bastiodon, M|100/100
|switch|p2a: Vikavolt|Vikavolt, M, shiny|100/100
|turn|1
|l|☆navykinga
|inactive|navykinga disconnected and has a minute to reconnect!
|player|p2|
|j|☆navykinga
|inactive|navykinga reconnected and has 140 seconds left.
|player|p2|navykinga|volkner|
|
|t:|1758333808
|move|p2a: Vikavolt|Sticky Web|p1a: Bastiodon
|-sidestart|p1: Battousai9419|move: Sticky Web
|move|p1a: Bastiodon|Stealth Rock|p2a: Vikavolt
|-sidestart|p2: navykinga|move: Stealth Rock
|
|upkeep
|turn|2
|
|t:|1758333825
|move|p2a: Vikavolt|Volt Switch|p1a: Bastiodon
|-damage|p1a: Bastiodon|80/100
|
|t:|1758333828
|switch|p2a: Emboar|Emboar, M, shiny|100/100|[from] Volt Switch
|-damage|p2a: Emboar|88/100|[from] Stealth Rock
|move|p1a: Bastiodon|Roar|p2a: Emboar
|drag|p2a: Toxapex|Toxapex, M|100/100
|-damage|p2a: Toxapex|88/100|[from] Stealth Rock
|
|-heal|p2a: Toxapex|94/100|[from] item: Black Sludge
|upkeep
|turn|3
|
|t:|1758333839
|move|p2a: Toxapex|Muddy Water|p1a: Bastiodon
|-supereffective|p1a: Bastiodon
|-damage|p1a: Bastiodon|56/100
|move|p1a: Bastiodon|Roar|p2a: Toxapex
|drag|p2a: Vikavolt|Vikavolt, M, shiny|100/100
|
|upkeep
|turn|4
|
|t:|1758333847
|move|p2a: Vikavolt|Discharge|p1a: Bastiodon
|-damage|p1a: Bastiodon|29/100
|-status|p1a: Bastiodon|par
|cant|p1a: Bastiodon|par
|
|upkeep
|turn|5
|
|t:|1758333861
|move|p2a: Vikavolt|Discharge|p1a: Bastiodon
|-damage|p1a: Bastiodon|2/100 par
|cant|p1a: Bastiodon|par
|
|upkeep
|turn|6
|
|t:|1758333866
|move|p2a: Vikavolt|Discharge|p1a: Bastiodon
|-damage|p1a: Bastiodon|0 fnt
|faint|p1a: Bastiodon
|
|upkeep
|
|t:|1758333876
|switch|p1a: Glaceon|Glaceon, F|100/100
|-activate|p1a: Glaceon|move: Sticky Web
|-unboost|p1a: Glaceon|spe|1
|turn|7
|
|t:|1758333886
|move|p2a: Vikavolt|Volt Switch|p1a: Glaceon
|-damage|p1a: Glaceon|76/100
|
|t:|1758333889
|switch|p2a: Scizor|Scizor, F|100/100|[from] Volt Switch
|-damage|p2a: Scizor|88/100|[from] Stealth Rock
|move|p1a: Glaceon|Freeze-Dry|p2a: Scizor
|-resisted|p2a: Scizor
|-damage|p2a: Scizor|62/100
|
|-heal|p2a: Scizor|69/100|[from] item: Leftovers
|upkeep
|turn|8
|
|t:|1758333902
|switch|p1a: Toucannon|Toucannon, M|100/100
|move|p2a: Scizor|Knock Off|p1a: Toucannon
|-damage|p1a: Toucannon|57/100
|-enditem|p1a: Toucannon|Leftovers|[from] move: Knock Off|[of] p2a: Scizor
|
|-heal|p2a: Scizor|75/100|[from] item: Leftovers
|upkeep
|turn|9
|
|t:|1758333913
|-singleturn|p1a: Toucannon|move: Beak Blast
|move|p2a: Scizor|Swords Dance|p2a: Scizor
|-boost|p2a: Scizor|atk|2
|move|p1a: Toucannon|Beak Blast|p2a: Scizor
|-damage|p2a: Scizor|22/100
|
|-heal|p2a: Scizor|28/100|[from] item: Leftovers
|upkeep
|turn|10
|
|t:|1758333921
|-singleturn|p1a: Toucannon|move: Beak Blast
|move|p2a: Scizor|Bullet Punch|p1a: Toucannon
|-damage|p1a: Toucannon|0 fnt
|-status|p2a: Scizor|brn
|faint|p1a: Toucannon
|
|-heal|p2a: Scizor|34/100 brn|[from] item: Leftovers
|-damage|p2a: Scizor|28/100 brn|[from] brn
|upkeep
|
|t:|1758333936
|switch|p1a: Heracross|Heracross, M|100/100
|-activate|p1a: Heracross|move: Sticky Web
|-unboost|p1a: Heracross|spe|1
|turn|11
|
|t:|1758333945
|move|p2a: Scizor|Bullet Punch|p1a: Heracross
|-damage|p1a: Heracross|53/100
|move|p1a: Heracross|Knock Off|p2a: Scizor
|-damage|p2a: Scizor|0 fnt
|-enditem|p2a: Scizor|Leftovers|[from] move: Knock Off|[of] p1a: Heracross
|faint|p2a: Scizor
|-ability|p1a: Heracross|Moxie|boost
|-boost|p1a: Heracross|atk|1
|
|upkeep
|
|t:|1758333951
|switch|p2a: Clefable|Clefable, F, shiny|100/100
|turn|12
|
|t:|1758333956
|move|p1a: Heracross|Knock Off|p2a: Clefable
|-resisted|p2a: Clefable
|-damage|p2a: Clefable|72/100
|-enditem|p2a: Clefable|Sitrus Berry|[from] move: Knock Off|[of] p1a: Heracross
|move|p2a: Clefable|Moonblast|p1a: Heracross
|-supereffective|p1a: Heracross
|-damage|p1a: Heracross|0 fnt
|faint|p1a: Heracross
|
|upkeep
|
|t:|1758333967
|switch|p1a: Slowking|Slowking-Galar, M|100/100
|-activate|p1a: Slowking|move: Sticky Web
|-unboost|p1a: Slowking|spe|1
|turn|13
|
|t:|1758333987
|switch|p2a: Emboar|Emboar, M, shiny|88/100
|-damage|p2a: Emboar|76/100|[from] Stealth Rock
|move|p1a: Slowking|Future Sight|p2a: Emboar
|-start|p1a: Slowking|move: Future Sight
|
|upkeep
|turn|14
|inactive|Battousai9419 has 120 seconds left.
|inactive|Battousai9419 has 90 seconds left.
|
|t:|1758334065
|move|p2a: Emboar|Head Smash|p1a: Slowking|[miss]
|-miss|p2a: Emboar|p1a: Slowking
|move|p1a: Slowking|Sludge Wave|p2a: Emboar
|-damage|p2a: Emboar|14/100
|
|upkeep
|turn|15
|
|t:|1758334074
|move|p2a: Emboar|Head Smash|p1a: Slowking
|-damage|p1a: Slowking|5/100
|-damage|p2a: Emboar|0 fnt|[from] Recoil
|faint|p2a: Emboar
|-prepare|p1a: Slowking|Chilly Reception|[premajor]
|move|p1a: Slowking|Chilly Reception|p1a: Slowking
|-weather|Snowscape
|
|t:|1758334087
|switch|p1a: Glaceon|Glaceon, F|76/100|[from] Chilly Reception
|-activate|p1a: Glaceon|move: Sticky Web
|-unboost|p1a: Glaceon|spe|1
|
|-weather|Snowscape|[upkeep]
|-heal|p1a: Glaceon|82/100|[from] ability: Ice Body
|-hint|Future Sight did not hit because the target is fainted.
|upkeep
|
|t:|1758334090
|switch|p2a: Rillaboom|Rillaboom, F|100/100
|-damage|p2a: Rillaboom|88/100|[from] Stealth Rock
|-fieldstart|move: Grassy Terrain|[from] ability: Grassy Surge|[of] p2a: Rillaboom
|turn|16
|
|t:|1758334119
|-terastallize|p2a: Rillaboom|Fire
|move|p2a: Rillaboom|Swords Dance|p2a: Rillaboom
|-boost|p2a: Rillaboom|atk|2
|move|p1a: Glaceon|Blizzard|p2a: Rillaboom
|-resisted|p2a: Rillaboom
|-damage|p2a: Rillaboom|44/100
|
|-weather|Snowscape|[upkeep]
|-heal|p1a: Glaceon|88/100|[from] ability: Ice Body
|-heal|p2a: Rillaboom|50/100|[from] Grassy Terrain
|-heal|p1a: Glaceon|94/100|[from] Grassy Terrain
|upkeep
|turn|17
|
|t:|1758334135
|move|p2a: Rillaboom|Grassy Glide|p1a: Glaceon
|-damage|p1a: Glaceon|36/100
|-damage|p2a: Rillaboom|40/100|[from] item: Life Orb
|move|p1a: Glaceon|Shadow Ball|p2a: Rillaboom
|-damage|p2a: Rillaboom|0 fnt
|faint|p2a: Rillaboom
|
|-weather|Snowscape|[upkeep]
|-heal|p1a: Glaceon|42/100|[from] ability: Ice Body
|-heal|p1a: Glaceon|48/100|[from] Grassy Terrain
|upkeep
|
|t:|1758334140
|switch|p2a: Vikavolt|Vikavolt, M, shiny|100/100
|turn|18
|
|t:|1758334150
|move|p2a: Vikavolt|Discharge|p1a: Glaceon
|-damage|p1a: Glaceon|15/100
|move|p1a: Glaceon|Blizzard|p2a: Vikavolt
|-damage|p2a: Vikavolt|47/100
|
|-weather|Snowscape|[upkeep]
|-heal|p1a: Glaceon|21/100|[from] ability: Ice Body
|-heal|p1a: Glaceon|27/100|[from] Grassy Terrain
|upkeep
|turn|19
|inactive|Battousai9419 has 60 seconds left.
|
|t:|1758334175
|move|p2a: Vikavolt|Discharge|p1a: Glaceon
|-damage|p1a: Glaceon|0 fnt
|faint|p1a: Glaceon
|
|-weather|none
|upkeep
|inactive|Battousai9419 has 60 seconds left.
|
|t:|1758334185
|switch|p1a: Slowking|Slowking-Galar, M|38/100
|-activate|p1a: Slowking|move: Sticky Web
|-unboost|p1a: Slowking|spe|1
|turn|20
|inactive|Battousai9419 has 60 seconds left.
|
|t:|1758334193
|switch|p1a: Basculegion|Basculegion, M|100/100
|-activate|p1a: Basculegion|move: Sticky Web
|-unboost|p1a: Basculegion|spe|1
|move|p2a: Vikavolt|Bug Bite|p1a: Basculegion
|-resisted|p1a: Basculegion
|-damage|p1a: Basculegion|94/100
|
|-heal|p1a: Basculegion|99/100|[from] Grassy Terrain
|-fieldend|move: Grassy Terrain
|upkeep
|turn|21
|inactive|Battousai9419 has 60 seconds left.
|
|t:|1758334208
|move|p1a: Basculegion|Aqua Jet|p2a: Vikavolt
|-damage|p2a: Vikavolt|6/100
|move|p2a: Vikavolt|Discharge|p1a: Basculegion
|-supereffective|p1a: Basculegion
|-damage|p1a: Basculegion|12/100
|
|upkeep
|turn|22
|
|t:|1758334215
|move|p1a: Basculegion|Aqua Jet|p2a: Vikavolt
|-damage|p2a: Vikavolt|0 fnt
|faint|p2a: Vikavolt
|
|upkeep
|
|t:|1758334217
|switch|p2a: Clefable|Clefable, F, shiny|72/100
|turn|23
|
|t:|1758334223
|switch|p1a: Slowking|Slowking-Galar, M|72/100
|-activate|p1a: Slowking|move: Sticky Web
|-unboost|p1a: Slowking|spe|1
|move|p2a: Clefable|Moonblast|p1a: Slowking
|-resisted|p1a: Slowking
|-damage|p1a: Slowking|59/100
|
|-heal|p1a: Slowking|65/100|[from] item: Black Sludge
|upkeep
|turn|24
|
|t:|1758334232
|move|p2a: Clefable|Calm Mind|p2a: Clefable
|-boost|p2a: Clefable|spa|1
|-boost|p2a: Clefable|spd|1
|move|p1a: Slowking|Future Sight|p2a: Clefable
|-start|p1a: Slowking|move: Future Sight
|
|-heal|p1a: Slowking|72/100|[from] item: Black Sludge
|upkeep
|turn|25
|inactive|Battousai9419 has 90 seconds left.
|
|t:|1758334239
|move|p2a: Clefable|Calm Mind|p2a: Clefable
|-boost|p2a: Clefable|spa|1
|-boost|p2a: Clefable|spd|1
|move|p1a: Slowking|Sludge Wave|p2a: Clefable
|-supereffective|p2a: Clefable
|-damage|p2a: Clefable|36/100
|
|-heal|p1a: Slowking|78/100|[from] item: Black Sludge
|upkeep
|turn|26
|
|t:|1758334247
|move|p2a: Clefable|Calm Mind|p2a: Clefable
|-boost|p2a: Clefable|spa|1
|-boost|p2a: Clefable|spd|1
|move|p1a: Slowking|Sludge Wave|p2a: Clefable
|-supereffective|p2a: Clefable
|-damage|p2a: Clefable|6/100
|-status|p2a: Clefable|psn
|
|-end|p2a: Clefable|move: Future Sight
|-damage|p2a: Clefable|0 fnt
|faint|p2a: Clefable
|-heal|p1a: Slowking|84/100|[from] item: Black Sludge
|upkeep
|-message|navykinga forfeited.
|
|win|Battousai9419
|raw|Battousai9419's rating: 1118 &rarr; <strong>1145</strong><br />(+27 for winning)
|raw|navykinga's rating: 1145 &rarr; <strong>1118</strong><br />(-27 for losing)
|l|☆navykinga
|player|p2|
|l|☆Battousai9419
|player|p1|
