|j|☆HyperHHH
|j|☆doombot682
|t:|1758289688
|gametype|singles
|player|p1|HyperHHH|fisherman-gen2jp|1622
|player|p2|doombot682|miku-ghost|1602
|gen|9
|tier|[Gen 9] OU
|rated|
|rule|HP Percentage Mod: HP is shown in percentages
|rule|Endless Battle Clause: Forcing endless battles is banned
|rule|Species Clause: Limit one of each Pokémon
|rule|OHKO Clause: OHKO moves are banned
|rule|Evasion Items Clause: Evasion items are banned
|rule|Evasion Moves Clause: Evasion moves are banned
|rule|Evasion Abilities Clause: Evasion abilities are banned
|rule|Sleep Moves Clause: Sleep-inducing moves are banned
|clearpoke
|poke|p1|Kingambit, M|
|poke|p1|Kyurem|
|poke|p1|Samurott-Hisui, M|
|poke|p1|Iron Valiant|
|poke|p1|Landorus-Therian, M|
|poke|p1|Iron Moth|
|poke|p2|Indeedee, M|
|poke|p2|Hatterene, F|
|poke|p2|Ursaluna, F|
|poke|p2|Iron Hands|
|poke|p2|Hoopa-Unbound|
|poke|p2|Mimikyu, F|
|teampreview
|inactive|Battle timer is ON: inactive players will automatically lose when time's up. (requested by doombot682)
|inactive|HyperHHH also wants the timer to be on.
|
|t:|1758289695
|teamsize|p1|6
|teamsize|p2|6
|start
|switch|p1a: Samurott|Samurott-Hisui, M|100/100
|switch|p2a: Iron|Iron Hands, shiny|100/100
|-enditem|p2a: Iron|Booster Energy
|-activate|p2a: Iron|ability: Quark Drive|[fromitem]
|-start|p2a: Iron|quarkdriveatk
|turn|1
|
|t:|1758289699
|move|p1a: Samurott|Ceaseless Edge|p2a: Iron
|-resisted|p2a: Iron
|-damage|p2a: Iron|82/100
|-sidestart|p2: doombot682|Spikes
|move|p2a: Iron|Close Combat|p1a: Samurott
|-supereffective|p1a: Samurott
|-enditem|p1a: Samurott|Focus Sash
|-damage|p1a: Samurott|1/100
|-unboost|p2a: Iron|def|1
|-unboost|p2a: Iron|spd|1
|
|upkeep
|turn|2
|j| Squallskip
|j| firecharmander004
|inactive|HyperHHH has 120 seconds left.
|
|t:|1758289732
|move|p1a: Samurott|Ceaseless Edge|p2a: Iron
|-resisted|p2a: Iron
|-damage|p2a: Iron|56/100
|-sidestart|p2: doombot682|Spikes
|move|p2a: Iron|Ice Punch|p1a: Samurott
|-resisted|p1a: Samurott
|-damage|p1a: Samurott|0 fnt
|faint|p1a: Samurott
|
|upkeep
|inactive|HyperHHH has 120 seconds left.
|
|t:|1758289740
|switch|p1a: Landorus|Landorus-Therian, M|100/100
|-ability|p1a: Landorus|Intimidate|boost
|-unboost|p2a: Iron|atk|1
|turn|3
|
|t:|1758289744
|-terastallize|p2a: Iron|Flying
|move|p1a: Landorus|Earthquake|p2a: Iron
|-immune|p2a: Iron
|move|p2a: Iron|Ice Punch|p1a: Landorus
|-supereffective|p1a: Landorus
|-damage|p1a: Landorus|0 fnt
|-damage|p2a: Iron|39/100|[from] item: Rocky Helmet|[of] p1a: Landorus
|faint|p1a: Landorus
|
|upkeep
|
|t:|1758289748
|switch|p1a: Kyurem|Kyurem|100/100
|-ability|p1a: Kyurem|Pressure
|turn|4
|
|t:|1758289751
|move|p1a: Kyurem|Freeze-Dry|p2a: Iron
|-supereffective|p2a: Iron
|-damage|p2a: Iron|0 fnt
|faint|p2a: Iron
|-end|p2a: Iron|Quark Drive|[silent]
|
|upkeep
|l| Squallskip
|
|t:|1758289754
|switch|p2a: Monarch's Domain|Indeedee, M|100/100
|-damage|p2a: Monarch's Domain|84/100|[from] Spikes
|-fieldstart|move: Psychic Terrain|[from] ability: Psychic Surge|[of] p2a: Monarch's Domain
|turn|5
|
|t:|1758289761
|move|p1a: Kyurem|Icicle Spear|p2a: Monarch's Domain
|-damage|p2a: Monarch's Domain|69/100
|-damage|p2a: Monarch's Domain|56/100
|-damage|p2a: Monarch's Domain|42/100
|-damage|p2a: Monarch's Domain|29/100
|-damage|p2a: Monarch's Domain|14/100
|-hitcount|p2a: Monarch's Domain|5
|move|p2a: Monarch's Domain|Trick Room|p2a: Monarch's Domain
|-fieldstart|move: Trick Room|[of] p2a: Monarch's Domain
|
|upkeep
|turn|6
|
|t:|1758289783
|move|p2a: Monarch's Domain|Healing Wish|p2a: Monarch's Domain
|faint|p2a: Monarch's Domain
|move|p1a: Kyurem|Freeze-Dry|p2: Monarch's Domain|[notarget]
|-fail|p1a: Kyurem
|
|upkeep
|
|t:|1758289787
|switch|p2a: Bellion|Hoopa-Unbound|100/100
|-damage|p2a: Bellion|84/100|[from] Spikes
|-enditem|p2a: Bellion|Psychic Seed
|-boost|p2a: Bellion|spd|1|[from] item: Psychic Seed
|turn|7
|
|t:|1758289805
|move|p2a: Bellion|Expanding Force|p1a: Kyurem
|-damage|p1a: Kyurem|0 fnt
|faint|p1a: Kyurem
|-item|p2a: Bellion|Loaded Dice|[from] ability: Magician|[of] p1: Kyurem
|
|upkeep
|
|t:|1758289809
|switch|p1a: Kingambit|Kingambit, M|100/100
|-activate|p1a: Kingambit|ability: Supreme Overlord
|-start|p1a: Kingambit|fallen3|[silent]
|turn|8
|
|t:|1758289813
|-terastallize|p1a: Kingambit|Dark
|move|p2a: Bellion|Focus Blast|p1a: Kingambit|[miss]
|-miss|p2a: Bellion|p1a: Kingambit
|move|p1a: Kingambit|Kowtow Cleave|p2a: Bellion
|-damage|p2a: Bellion|0 fnt
|faint|p2a: Bellion
|
|upkeep
|
|t:|1758289820
|switch|p2a: Esil|Hatterene, F, shiny|100/100
|-damage|p2a: Esil|84/100|[from] Spikes
|turn|9
|
|t:|1758289827
|-end|p1a: Kingambit|fallen3|[silent]
|switch|p1a: Iron Moth|Iron Moth|100/100
|-enditem|p1a: Iron Moth|Booster Energy
|-activate|p1a: Iron Moth|ability: Quark Drive|[fromitem]
|-start|p1a: Iron Moth|quarkdrivespe
|move|p2a: Esil|Draining Kiss|p1a: Iron Moth
|-resisted|p1a: Iron Moth
|-damage|p1a: Iron Moth|91/100
|-heal|p2a: Esil|91/100|[from] drain|[of] p1a: Iron Moth
|-damage|p2a: Esil|82/100|[from] item: Life Orb
|
|-fieldend|move: Trick Room
|upkeep
|turn|10
|
|t:|1758289832
|move|p1a: Iron Moth|Sludge Wave|p2a: Esil
|-supereffective|p2a: Esil
|-damage|p2a: Esil|0 fnt
|faint|p2a: Esil
|
|upkeep
|
|t:|1758289834
|switch|p2a: Greed|Mimikyu, F, shiny|100/100
|-damage|p2a: Greed|84/100|[from] Spikes
|turn|11
|
|t:|1758289850
|move|p1a: Iron Moth|Sludge Wave|p2a: Greed
|-activate|p2a: Greed|ability: Disguise
|-damage|p2a: Greed|84/100
|detailschange|p2a: Greed|Mimikyu-Busted, F, shiny
|-damage|p2a: Greed|72/100|[from] pokemon: Mimikyu-Busted
|-enditem|p2a: Greed|Red Card|[of] p1a: Iron Moth
|-end|p1a: Iron Moth|Quark Drive|[silent]
|drag|p1a: Iron Valiant|Iron Valiant|100/100
|-enditem|p1a: Iron Valiant|Booster Energy
|-activate|p1a: Iron Valiant|ability: Quark Drive|[fromitem]
|-start|p1a: Iron Valiant|quarkdrivespa
|move|p2a: Greed|Trick Room|p2a: Greed
|-fieldstart|move: Trick Room|[of] p2a: Greed
|
|upkeep
|turn|12
|
|t:|1758289860
|-end|p1a: Iron Valiant|Quark Drive|[silent]
|switch|p1a: Iron Moth|Iron Moth|91/100
|move|p2a: Greed|Curse|p1a: Iron Moth
|-start|p1a: Iron Moth|Curse|[of] p2a: Greed
|-damage|p2a: Greed|22/100
|
|-damage|p1a: Iron Moth|66/100|[from] Curse
|-fieldend|move: Psychic Terrain
|upkeep
|turn|13
|
|t:|1758289864
|move|p2a: Greed|Destiny Bond|p2a: Greed
|-singlemove|p2a: Greed|Destiny Bond
|move|p1a: Iron Moth|Substitute|p1a: Iron Moth
|-start|p1a: Iron Moth|Substitute
|-damage|p1a: Iron Moth|41/100
|
|-damage|p1a: Iron Moth|17/100|[from] Curse
|upkeep
|turn|14
|j| FaronAan
|
|t:|1758289872
|move|p1a: Iron Moth|Fiery Dance|p2a: Greed
|-damage|p2a: Greed|0 fnt
|-boost|p1a: Iron Moth|spa|1
|faint|p2a: Greed
|-activate|p2a: Greed|move: Destiny Bond
|faint|p1a: Iron Moth
|-end|p1a: Iron Moth|Quark Drive|[silent]
|
|upkeep
|c|☆doombot682|gg
|
|t:|1758289890
|switch|p2a: Tank|Ursaluna, F, shiny|100/100
|switch|p1a: Iron Valiant|Iron Valiant|100/100
|-damage|p2a: Tank|84/100|[from] Spikes
|turn|15
|c|☆HyperHHH|Gg
|
|t:|1758289908
|move|p1a: Iron Valiant|Vacuum Wave|p2a: Tank
|-supereffective|p2a: Tank
|-crit|p2a: Tank
|-damage|p2a: Tank|29/100
|move|p2a: Tank|Facade|p1a: Iron Valiant
|-crit|p1a: Iron Valiant
|-damage|p1a: Iron Valiant|13/100
|
|-fieldend|move: Trick Room
|-status|p2a: Tank|brn|[from] item: Flame Orb
|upkeep
|turn|16
|
|t:|1758289911
|move|p1a: Iron Valiant|Vacuum Wave|p2a: Tank
|-supereffective|p2a: Tank
|-damage|p2a: Tank|0 fnt
|faint|p2a: Tank
|
|win|HyperHHH
|raw|HyperHHH's rating: 1622 &rarr; <strong>1641</strong><br />(+19 for winning)
|raw|doombot682's rating: 1602 &rarr; <strong>1583</strong><br />(-19 for losing)
|l|☆doombot682
|player|p2|
|l|☆HyperHHH
|player|p1|
|l| FaronAan
