|j|☆NunucheBilly156!
|j|☆lemontits1
|t:|1758307294
|gametype|singles
|player|p1|NunucheBilly156!|169|1170
|player|p2|lemontits1|1|1182
|gen|9
|tier|[Gen 9] OU
|rated|
|rule|HP Percentage Mod: HP is shown in percentages
|rule|Endless Battle Clause: Forcing endless battles is banned
|rule|Species Clause: Limit one of each Pokémon
|rule|OHKO Clause: OHKO moves are banned
|rule|Evasion Items Clause: Evasion items are banned
|rule|Evasion Moves Clause: Evasion moves are banned
|rule|Evasion Abilities Clause: Evasion abilities are banned
|rule|Sleep Moves Clause: Sleep-inducing moves are banned
|clearpoke
|poke|p1|Iron Valiant|
|poke|p1|Scizor, M|
|poke|p1|Dragonite, M|
|poke|p1|Great Tusk|
|poke|p1|Darkrai|
|poke|p1|Kingambit, F|
|poke|p2|Decidueye-Hisui, M|
|poke|p2|Zapdos|
|poke|p2|Garchomp, F|
|poke|p2|Arcanine, M|
|poke|p2|Hydrapple, M|
|poke|p2|Delibird, M|
|teampreview
|
|t:|1758307298
|teamsize|p1|6
|teamsize|p2|6
|start
|switch|p1a: Great Tusk|Great Tusk, shiny|100/100
|switch|p2a: Garchomp|Garchomp, F|100/100
|-enditem|p1a: Great Tusk|Booster Energy
|-activate|p1a: Great Tusk|ability: Protosynthesis|[fromitem]
|-start|p1a: Great Tusk|protosynthesisatk
|turn|1
|
|t:|1758307313
|switch|p2a: Arcanine|Arcanine, M|100/100
|-ability|p2a: Arcanine|Intimidate|boost
|-unboost|p1a: Great Tusk|atk|1
|move|p1a: Great Tusk|Ice Spinner|p2a: Arcanine
|-resisted|p2a: Arcanine
|-damage|p2a: Arcanine|89/100
|
|-heal|p2a: Arcanine|95/100|[from] item: Leftovers
|upkeep
|turn|2
|
|t:|1758307325
|move|p1a: Great Tusk|Stealth Rock|p2a: Arcanine
|-sidestart|p2: lemontits1|move: Stealth Rock
|move|p2a: Arcanine|Will-O-Wisp|p1a: Great Tusk
|-status|p1a: Great Tusk|brn
|
|-heal|p2a: Arcanine|100/100|[from] item: Leftovers
|-damage|p1a: Great Tusk|94/100 brn|[from] brn
|upkeep
|turn|3
|inactive|Battle timer is ON: inactive players will automatically lose when time's up. (requested by lemontits1)
|
|t:|1758307358
|-end|p1a: Great Tusk|Protosynthesis|[silent]
|switch|p1a: Darkrai|Darkrai|100/100
|switch|p2a: Delibird|Delibird, M|100/100
|-damage|p2a: Delibird|50/100|[from] Stealth Rock
|
|upkeep
|turn|4
|
|t:|1758307370
|move|p1a: Darkrai|Dark Pulse|p2a: Delibird
|-damage|p2a: Delibird|0 fnt
|faint|p2a: Delibird
|
|upkeep
|
|t:|1758307377
|switch|p2a: Zapdos|Zapdos|100/100
|turn|5
|
|t:|1758307384
|move|p1a: Darkrai|Nasty Plot|p1a: Darkrai
|-boost|p1a: Darkrai|spa|2
|move|p2a: Zapdos|Tailwind|p2a: Zapdos
|-sidestart|p2: lemontits1|move: Tailwind
|
|upkeep
|turn|6
|
|t:|1758307393
|move|p2a: Zapdos|Hurricane|p1a: Darkrai
|-damage|p1a: Darkrai|21/100
|-start|p1a: Darkrai|confusion
|-activate|p1a: Darkrai|confusion
|-damage|p1a: Darkrai|13/100|[from] confusion
|
|upkeep
|turn|7
|
|t:|1758307405
|switch|p1a: Scizor|Scizor, M|100/100
|move|p2a: Zapdos|Volt Switch|p1a: Scizor
|-crit|p1a: Scizor
|-damage|p1a: Scizor|16/100
|
|t:|1758307408
|switch|p2a: Garchomp|Garchomp, F|100/100|[from] Volt Switch
|-damage|p2a: Garchomp|94/100|[from] Stealth Rock
|
|-heal|p1a: Scizor|22/100|[from] item: Leftovers
|upkeep
|turn|8
|
|t:|1758307425
|switch|p1a: Great Tusk|Great Tusk, shiny|94/100 brn
|move|p2a: Garchomp|Stealth Rock|p1a: Great Tusk
|-sidestart|p1: NunucheBilly156!|move: Stealth Rock
|
|-damage|p1a: Great Tusk|88/100 brn|[from] brn
|-sideend|p2: lemontits1|move: Tailwind
|upkeep
|turn|9
|
|t:|1758307435
|move|p1a: Great Tusk|Ice Spinner|p2a: Garchomp
|-supereffective|p2a: Garchomp
|-damage|p2a: Garchomp|60/100
|-damage|p1a: Great Tusk|76/100 brn|[from] ability: Rough Skin|[of] p2a: Garchomp
|-damage|p1a: Great Tusk|59/100 brn|[from] item: Rocky Helmet|[of] p2a: Garchomp
|move|p2a: Garchomp|Dragon Tail|p1a: Great Tusk
|-damage|p1a: Great Tusk|40/100 brn
|-end|p1a: Great Tusk|Protosynthesis|[silent]
|drag|p1a: Kingambit|Kingambit, F|100/100
|-damage|p1a: Kingambit|94/100|[from] Stealth Rock
|
|-heal|p1a: Kingambit|100/100|[from] item: Leftovers
|upkeep
|turn|10
|
|t:|1758307451
|-end|p1a: Kingambit|fallenundefined|[silent]
|switch|p1a: Dragonite|Dragonite, M, shiny|100/100
|-damage|p1a: Dragonite|76/100|[from] Stealth Rock
|move|p2a: Garchomp|Dragon Tail|p1a: Dragonite
|-supereffective|p1a: Dragonite
|-damage|p1a: Dragonite|16/100
|drag|p1a: Iron Valiant|Iron Valiant|100/100
|-damage|p1a: Iron Valiant|94/100|[from] Stealth Rock
|-enditem|p1a: Iron Valiant|Booster Energy
|-activate|p1a: Iron Valiant|ability: Quark Drive|[fromitem]
|-start|p1a: Iron Valiant|quarkdrivespe
|
|upkeep
|turn|11
|
|t:|1758307464
|move|p1a: Iron Valiant|Moonblast|p2a: Garchomp
|-supereffective|p2a: Garchomp
|-damage|p2a: Garchomp|0 fnt
|faint|p2a: Garchomp
|
|upkeep
|
|t:|1758307471
|switch|p2a: Zapdos|Zapdos|100/100
|turn|12
|
|t:|1758307482
|-end|p1a: Iron Valiant|Quark Drive|[silent]
|switch|p1a: Kingambit|Kingambit, F|100/100
|-damage|p1a: Kingambit|94/100|[from] Stealth Rock
|move|p2a: Zapdos|Tailwind|p2a: Zapdos
|-sidestart|p2: lemontits1|move: Tailwind
|
|-heal|p1a: Kingambit|100/100|[from] item: Leftovers
|upkeep
|turn|13
|
|t:|1758307492
|move|p2a: Zapdos|Volt Switch|p1a: Kingambit
|-damage|p1a: Kingambit|54/100
|
|t:|1758307496
|switch|p2a: Arcanine|Arcanine, M|100/100|[from] Volt Switch
|-damage|p2a: Arcanine|75/100|[from] Stealth Rock
|-ability|p2a: Arcanine|Intimidate|boost
|-unboost|p1a: Kingambit|atk|1
|move|p1a: Kingambit|Swords Dance|p1a: Kingambit
|-boost|p1a: Kingambit|atk|2
|
|-heal|p2a: Arcanine|82/100|[from] item: Leftovers
|-heal|p1a: Kingambit|60/100|[from] item: Leftovers
|upkeep
|turn|14
|
|t:|1758307515
|move|p1a: Kingambit|Sucker Punch||[still]
|-fail|p1a: Kingambit
|move|p2a: Arcanine|Will-O-Wisp|p1a: Kingambit
|-status|p1a: Kingambit|brn
|
|-heal|p2a: Arcanine|88/100|[from] item: Leftovers
|-heal|p1a: Kingambit|66/100 brn|[from] item: Leftovers
|-damage|p1a: Kingambit|60/100 brn|[from] brn
|upkeep
|turn|15
|
|t:|1758307526
|move|p1a: Kingambit|Sucker Punch|p2a: Arcanine
|-damage|p2a: Arcanine|57/100
|move|p2a: Arcanine|Flare Blitz|p1a: Kingambit
|-supereffective|p1a: Kingambit
|-damage|p1a: Kingambit|0 fnt
|faint|p1a: Kingambit
|-end|p1a: Kingambit|fallenundefined|[silent]
|-damage|p2a: Arcanine|39/100|[from] Recoil
|
|-heal|p2a: Arcanine|46/100|[from] item: Leftovers
|-sideend|p2: lemontits1|move: Tailwind
|upkeep
|
|t:|1758307539
|switch|p1a: Great Tusk|Great Tusk, shiny|40/100 brn
|-damage|p1a: Great Tusk|37/100 brn|[from] Stealth Rock
|turn|16
|
|t:|1758307544
|move|p2a: Arcanine|Extreme Speed|p1a: Great Tusk
|-damage|p1a: Great Tusk|19/100 brn
|move|p1a: Great Tusk|Earthquake|p2a: Arcanine
|-supereffective|p2a: Arcanine
|-damage|p2a: Arcanine|0 fnt
|faint|p2a: Arcanine
|
|-damage|p1a: Great Tusk|12/100 brn|[from] brn
|upkeep
|
|t:|1758307561
|switch|p2a: Hydrapple|Hydrapple, M|100/100
|turn|17
|
|t:|1758307578
|-terastallize|p2a: Hydrapple|Grass
|move|p1a: Great Tusk|Ice Spinner|p2a: Hydrapple
|-supereffective|p2a: Hydrapple
|-damage|p2a: Hydrapple|77/100
|move|p2a: Hydrapple|Nasty Plot|p2a: Hydrapple
|-boost|p2a: Hydrapple|spa|2
|
|-damage|p1a: Great Tusk|6/100 brn|[from] brn
|upkeep
|turn|18
|
|t:|1758307591
|-end|p1a: Great Tusk|Protosynthesis|[silent]
|switch|p1a: Scizor|Scizor, M|22/100
|-damage|p1a: Scizor|10/100|[from] Stealth Rock
|move|p2a: Hydrapple|Nasty Plot|p2a: Hydrapple
|-boost|p2a: Hydrapple|spa|2
|
|-heal|p1a: Scizor|16/100|[from] item: Leftovers
|upkeep
|turn|19
|
|t:|1758307603
|move|p1a: Scizor|Dual Wingbeat|p2a: Hydrapple
|-supereffective|p2a: Hydrapple
|-damage|p2a: Hydrapple|40/100
|-supereffective|p2a: Hydrapple
|-crit|p2a: Hydrapple
|-damage|p2a: Hydrapple|0 fnt
|faint|p2a: Hydrapple
|-hitcount|p2: Hydrapple|2
|
|-heal|p1a: Scizor|22/100|[from] item: Leftovers
|upkeep
|
|t:|1758307612
|switch|p2a: Zapdos|Zapdos|100/100
|turn|20
|
|t:|1758307622
|switch|p1a: Iron Valiant|Iron Valiant|94/100
|-damage|p1a: Iron Valiant|88/100|[from] Stealth Rock
|move|p2a: Zapdos|Tailwind|p2a: Zapdos
|-sidestart|p2: lemontits1|move: Tailwind
|
|upkeep
|turn|21
|
|t:|1758307633
|move|p2a: Zapdos|Hurricane|p1a: Iron Valiant|[miss]
|-miss|p2a: Zapdos|p1a: Iron Valiant
|move|p1a: Iron Valiant|Moonblast|p2a: Zapdos
|-damage|p2a: Zapdos|58/100
|
|upkeep
|turn|22
|
|t:|1758307641
|move|p2a: Zapdos|Hurricane|p1a: Iron Valiant
|-supereffective|p1a: Iron Valiant
|-damage|p1a: Iron Valiant|0 fnt
|faint|p1a: Iron Valiant
|-end|p1a: Iron Valiant|Quark Drive|[silent]
|
|upkeep
|
|t:|1758307650
|switch|p1a: Dragonite|Dragonite, M, shiny|16/100
|-damage|p1a: Dragonite|0 fnt|[from] Stealth Rock
|faint|p1a: Dragonite
|
|t:|1758307654
|switch|p1a: Darkrai|Darkrai|13/100
|turn|23
|
|t:|1758307666
|move|p2a: Zapdos|Volt Switch|p1a: Darkrai
|-damage|p1a: Darkrai|0 fnt
|faint|p1a: Darkrai
|
|t:|1758307669
|switch|p2a: Decidueye|Decidueye-Hisui, M|100/100|[from] Volt Switch
|-damage|p2a: Decidueye|95/100|[from] Stealth Rock
|
|-sideend|p2: lemontits1|move: Tailwind
|upkeep
|
|t:|1758307676
|switch|p1a: Great Tusk|Great Tusk, shiny|6/100 brn
|-damage|p1a: Great Tusk|3/100 brn|[from] Stealth Rock
|turn|24
|
|t:|1758307690
|move|p1a: Great Tusk|Ice Spinner|p2a: Decidueye
|-supereffective|p2a: Decidueye
|-damage|p2a: Decidueye|59/100
|move|p2a: Decidueye|Trailblaze|p1a: Great Tusk
|-supereffective|p1a: Great Tusk
|-damage|p1a: Great Tusk|0 fnt
|-boost|p2a: Decidueye|spe|1
|faint|p1a: Great Tusk
|-end|p1a: Great Tusk|Protosynthesis|[silent]
|
|upkeep
|
|t:|1758307701
|switch|p1a: Scizor|Scizor, M|22/100
|-damage|p1a: Scizor|10/100|[from] Stealth Rock
|turn|25
|
|t:|1758307715
|move|p2a: Decidueye|Triple Arrows|p1a: Scizor
|-damage|p1a: Scizor|0 fnt
|faint|p1a: Scizor
|
|win|lemontits1
|raw|NunucheBilly156!'s rating: 1170 &rarr; <strong>1146</strong><br />(-24 for losing)
|raw|lemontits1's rating: 1182 &rarr; <strong>1206</strong><br />(+24 for winning)
|l|☆NunucheBilly156!
|player|p1|
|l|☆lemontits1
|player|p2|
