|j|☆Battlebot998
|j|☆FrostBiteGZ
|t:|1758290599
|gametype|singles
|player|p1|Battlebot998|kabu|1109
|player|p2|FrostBiteGZ|pokekid|1062
|gen|9
|tier|[Gen 9] OU
|rated|
|rule|HP Percentage Mod: HP is shown in percentages
|rule|Endless Battle Clause: Forcing endless battles is banned
|rule|Species Clause: Limit one of each Pokémon
|rule|OHKO Clause: OHKO moves are banned
|rule|Evasion Items Clause: Evasion items are banned
|rule|Evasion Moves Clause: Evasion moves are banned
|rule|Evasion Abilities Clause: Evasion abilities are banned
|rule|Sleep Moves Clause: Sleep-inducing moves are banned
|clearpoke
|poke|p1|Crabominable, M|
|poke|p1|Grimmsnarl, M|
|poke|p1|Talonflame, F|
|poke|p1|Minior-Green|
|poke|p1|Gholdengo|
|poke|p1|Mew|
|poke|p2|Luxray, M|
|poke|p2|Sinistcha|
|poke|p2|Trevenant, F|
|poke|p2|Ribombee, F|
|poke|p2|Glimmora, F|
|poke|p2|Gholdengo|
|teampreview
|
|t:|1758290603
|teamsize|p1|6
|teamsize|p2|6
|start
|switch|p1a: Grimmsnarl|Grimmsnarl, M|100/100
|switch|p2a: Rose|Glimmora, F, shiny|100/100
|turn|1
|
|t:|1758290609
|move|p1a: Grimmsnarl|Light Screen|p1a: Grimmsnarl
|-sidestart|p1: Battlebot998|move: Light Screen
|move|p2a: Rose|Stealth Rock|p1a: Grimmsnarl
|-sidestart|p1: Battlebot998|move: Stealth Rock
|
|upkeep
|turn|2
|
|t:|1758290614
|move|p1a: Grimmsnarl|Reflect|p1a: Grimmsnarl
|-sidestart|p1: Battlebot998|Reflect
|move|p2a: Rose|Mortal Spin|p1a: Grimmsnarl
|-supereffective|p1a: Grimmsnarl
|-damage|p1a: Grimmsnarl|93/100
|-status|p1a: Grimmsnarl|psn
|
|-damage|p1a: Grimmsnarl|80/100 psn|[from] psn
|upkeep
|turn|3
|
|t:|1758290626
|switch|p1a: Gholdengo|Gholdengo|100/100
|-damage|p1a: Gholdengo|94/100|[from] Stealth Rock
|move|p2a: Rose|Spikes|p1a: Gholdengo
|-sidestart|p1: Battlebot998|Spikes
|
|upkeep
|turn|4
|
|t:|1758290634
|move|p1a: Gholdengo|Shadow Ball|p2a: Rose
|-damage|p2a: Rose|53/100
|move|p2a: Rose|Spikes|p1a: Gholdengo
|-sidestart|p1: Battlebot998|Spikes
|
|upkeep
|turn|5
|
|t:|1758290639
|move|p1a: Gholdengo|Shadow Ball|p2a: Rose
|-damage|p2a: Rose|5/100
|move|p2a: Rose|Spikes|p1a: Gholdengo
|-sidestart|p1: Battlebot998|Spikes
|
|upkeep
|turn|6
|
|t:|1758290648
|move|p1a: Gholdengo|Shadow Ball|p2a: Rose
|-damage|p2a: Rose|0 fnt
|faint|p2a: Rose
|
|upkeep
|
|t:|1758290654
|switch|p2a: Rebecca|Ribombee, F, shiny|100/100
|turn|7
|
|t:|1758290657
|move|p1a: Gholdengo|Shadow Ball|p2a: Rebecca
|-damage|p2a: Rebecca|23/100
|move|p2a: Rebecca|Sticky Web|p1a: Gholdengo
|-sidestart|p1: Battlebot998|move: Sticky Web
|
|upkeep
|turn|8
|
|t:|1758290665
|move|p1a: Gholdengo|Shadow Ball|p2a: Rebecca
|-damage|p2a: Rebecca|0 fnt
|faint|p2a: Rebecca
|
|-sideend|p1: Battlebot998|move: Light Screen
|upkeep
|
|t:|1758290672
|switch|p2a: The Alpha Male|Luxray, M, shiny|100/100
|turn|9
|
|t:|1758290675
|move|p2a: The Alpha Male|Protect|p2a: The Alpha Male
|-singleturn|p2a: The Alpha Male|Protect
|move|p1a: Gholdengo|Shadow Ball|p2a: The Alpha Male
|-activate|p2a: The Alpha Male|move: Protect
|
|-sideend|p1: Battlebot998|Reflect
|-status|p2a: The Alpha Male|brn|[from] item: Flame Orb
|upkeep
|turn|10
|
|t:|1758290684
|-terastallize|p2a: The Alpha Male|Normal
|move|p1a: Gholdengo|Shadow Ball|p2a: The Alpha Male
|-immune|p2a: The Alpha Male
|move|p2a: The Alpha Male|Wild Charge|p1a: Gholdengo
|-damage|p1a: Gholdengo|13/100
|-damage|p2a: The Alpha Male|79/100 brn|[from] Recoil
|
|-damage|p2a: The Alpha Male|73/100 brn|[from] brn
|upkeep
|turn|11
|
|t:|1758290697
|move|p1a: Gholdengo|Shadow Ball|p2a: The Alpha Male
|-immune|p2a: The Alpha Male
|move|p2a: The Alpha Male|Wild Charge|p1a: Gholdengo
|-damage|p1a: Gholdengo|0 fnt
|faint|p1a: Gholdengo
|-damage|p2a: The Alpha Male|70/100 brn|[from] Recoil
|
|-damage|p2a: The Alpha Male|64/100 brn|[from] brn
|upkeep
|
|t:|1758290698
|switch|p1a: Talonflame|Talonflame, F|100/100
|turn|12
|
|t:|1758290708
|move|p1a: Talonflame|Defog|p2a: The Alpha Male
|-unboost|p2a: The Alpha Male|evasion|1
|-sideend|p1: Battlebot998|Spikes|[from] move: Defog|[of] p1a: Talonflame
|-sideend|p1: Battlebot998|Stealth Rock|[from] move: Defog|[of] p1a: Talonflame
|-sideend|p1: Battlebot998|Sticky Web|[from] move: Defog|[of] p1a: Talonflame
|move|p2a: The Alpha Male|Wild Charge|p1a: Talonflame
|-supereffective|p1a: Talonflame
|-damage|p1a: Talonflame|0 fnt
|faint|p1a: Talonflame
|-damage|p2a: The Alpha Male|39/100 brn|[from] Recoil
|
|-damage|p2a: The Alpha Male|33/100 brn|[from] brn
|upkeep
|
|t:|1758290714
|switch|p1a: Grimmsnarl|Grimmsnarl, M|80/100 psn
|turn|13
|
|t:|1758290721
|move|p1a: Grimmsnarl|Reflect|p1a: Grimmsnarl
|-sidestart|p1: Battlebot998|Reflect
|move|p2a: The Alpha Male|Facade|p1a: Grimmsnarl
|-damage|p1a: Grimmsnarl|21/100 psn
|
|-damage|p1a: Grimmsnarl|8/100 psn|[from] psn
|-damage|p2a: The Alpha Male|27/100 brn|[from] brn
|upkeep
|turn|14
|
|t:|1758290730
|move|p1a: Grimmsnarl|Light Screen|p1a: Grimmsnarl
|-sidestart|p1: Battlebot998|move: Light Screen
|move|p2a: The Alpha Male|Facade|p1a: Grimmsnarl
|-damage|p1a: Grimmsnarl|0 fnt
|faint|p1a: Grimmsnarl
|
|-damage|p2a: The Alpha Male|21/100 brn|[from] brn
|upkeep
|
|t:|1758290733
|switch|p1a: Minior|Minior-Green|100/100
|-formechange|p1a: Minior|Minior-Meteor||[from] ability: Shields Down
|turn|15
|
|t:|1758290740
|-terastallize|p1a: Minior|Dragon
|move|p2a: The Alpha Male|Wild Charge|p1a: Minior
|-resisted|p1a: Minior
|-damage|p1a: Minior|78/100
|-damage|p2a: The Alpha Male|16/100 brn|[from] Recoil
|move|p1a: Minior|Shell Smash|p1a: Minior
|-unboost|p1a: Minior|def|1
|-unboost|p1a: Minior|spd|1
|-boost|p1a: Minior|atk|2
|-boost|p1a: Minior|spa|2
|-boost|p1a: Minior|spe|2
|-enditem|p1a: Minior|White Herb
|-clearnegativeboost|p1a: Minior|[silent]
|
|-damage|p2a: The Alpha Male|10/100 brn|[from] brn
|upkeep
|turn|16
|
|t:|1758290753
|move|p1a: Minior|Acrobatics|p2a: The Alpha Male
|-damage|p2a: The Alpha Male|0 fnt
|faint|p2a: The Alpha Male
|
|upkeep
|
|t:|1758290759
|switch|p2a: Gholdengo|Gholdengo|100/100
|-item|p2a: Gholdengo|Air Balloon
|turn|17
|
|t:|1758290765
|move|p1a: Minior|Acrobatics|p2a: Gholdengo
|-resisted|p2a: Gholdengo
|-damage|p2a: Gholdengo|70/100
|-enditem|p2a: Gholdengo|Air Balloon
|move|p2a: Gholdengo|Nasty Plot|p2a: Gholdengo
|-boost|p2a: Gholdengo|spa|2
|
|upkeep
|turn|18
|
|t:|1758290773
|move|p1a: Minior|Earthquake|p2a: Gholdengo
|-supereffective|p2a: Gholdengo
|-damage|p2a: Gholdengo|0 fnt
|faint|p2a: Gholdengo
|
|upkeep
|
|t:|1758290777
|switch|p2a: Da Tree|Trevenant, F|100/100
|turn|19
|
|t:|1758290780
|move|p1a: Minior|Acrobatics|p2a: Da Tree
|-supereffective|p2a: Da Tree
|-damage|p2a: Da Tree|0 fnt
|faint|p2a: Da Tree
|
|upkeep
|c|☆Battlebot998|gg
|
|t:|1758290784
|switch|p2a: Teacup|Sinistcha|100/100
|turn|20
|
|t:|1758290789
|move|p1a: Minior|Acrobatics|p2a: Teacup
|-supereffective|p2a: Teacup
|-damage|p2a: Teacup|0 fnt
|faint|p2a: Teacup
|
|win|Battlebot998
|raw|Battlebot998's rating: 1109 &rarr; <strong>1131</strong><br />(+22 for winning)
|raw|FrostBiteGZ's rating: 1062 &rarr; <strong>1045</strong><br />(-17 for losing)
|l|☆FrostBiteGZ
|player|p2|
|l|☆Battlebot998
|player|p1|
