|j|☆DontMissMantine
|j|☆Popswrong4laughing
|t:|1758251423
|gametype|singles
|player|p1|DontMissMantine|lucas|1600
|player|p2|Popswrong4laughing|galacticgruntf|1587
|gen|9
|tier|[Gen 9] OU
|rated|
|rule|HP Percentage Mod: HP is shown in percentages
|rule|Endless Battle Clause: Forcing endless battles is banned
|rule|Species Clause: Limit one of each Pokémon
|rule|OHKO Clause: OHKO moves are banned
|rule|Evasion Items Clause: Evasion items are banned
|rule|Evasion Moves Clause: Evasion moves are banned
|rule|Evasion Abilities Clause: Evasion abilities are banned
|rule|Sleep Moves Clause: Sleep-inducing moves are banned
|clearpoke
|poke|p1|Pelipper, M|
|poke|p1|Beartic, F|
|poke|p1|Barraskewda, F|
|poke|p1|Ogerpon-Wellspring, F|
|poke|p1|Zapdos|
|poke|p1|Hatterene, F|
|poke|p2|Darkrai|
|poke|p2|Landorus-Therian, M|
|poke|p2|Weezing-Galar, F|
|poke|p2|Alomomola, M|
|poke|p2|Zamazenta-*|
|poke|p2|Gholdengo|
|teampreview
|inactive|Battle timer is ON: inactive players will automatically lose when time's up. (requested by DontMissMantine)
|
|t:|1758251451
|teamsize|p1|6
|teamsize|p2|6
|start
|switch|p1a: Pelipper|Pelipper, M|100/100
|switch|p2a: Darkrai|Darkrai|100/100
|-weather|RainDance|[from] ability: Drizzle|[of] p1a: Pelipper
|turn|1
|
|t:|1758251462
|switch|p1a: Hatterene|Hatterene, F|100/100
|move|p2a: Darkrai|Dark Pulse|p1a: Hatterene
|-damage|p1a: Hatterene|55/100
|-enditem|p1a: Hatterene|Eject Button
|
|t:|1758251468
|switch|p1a: Barraskewda|Barraskewda, F|100/100
|
|-weather|RainDance|[upkeep]
|upkeep
|turn|2
|
|t:|1758251473
|switch|p2a: Alomomola|Alomomola, M|100/100
|move|p1a: Barraskewda|Flip Turn|p2a: Alomomola
|-resisted|p2a: Alomomola
|-damage|p2a: Alomomola|79/100
|
|t:|1758251479
|switch|p1a: Ogerpon|Ogerpon-Wellspring, F|100/100|[from] Flip Turn
|
|-weather|RainDance|[upkeep]
|upkeep
|turn|3
|
|t:|1758251493
|switch|p2a: Landorus|Landorus-Therian, M|100/100
|-ability|p2a: Landorus|Intimidate|boost
|-unboost|p1a: Ogerpon|atk|1
|move|p1a: Ogerpon|Power Whip|p2a: Landorus|[miss]
|-miss|p1a: Ogerpon|p2a: Landorus
|
|-weather|RainDance|[upkeep]
|upkeep
|turn|4
|
|t:|1758251503
|move|p2a: Landorus|Stealth Rock|p1a: Ogerpon
|-sidestart|p1: DontMissMantine|move: Stealth Rock
|move|p1a: Ogerpon|Ivy Cudgel|p2a: Landorus|[anim] Ivy Cudgel Water
|-supereffective|p2a: Landorus
|-damage|p2a: Landorus|0 fnt
|faint|p2a: Landorus
|
|-weather|RainDance|[upkeep]
|upkeep
|
|t:|1758251513
|switch|p2a: Zamazenta|Zamazenta|100/100
|-ability|p2a: Zamazenta|Dauntless Shield|boost
|-boost|p2a: Zamazenta|def|1
|turn|5
|
|t:|1758251517
|move|p2a: Zamazenta|Close Combat|p1a: Ogerpon
|-damage|p1a: Ogerpon|4/100
|-unboost|p2a: Zamazenta|def|1
|-unboost|p2a: Zamazenta|spd|1
|-damage|p2a: Zamazenta|91/100|[from] item: Life Orb
|move|p1a: Ogerpon|Encore|p2a: Zamazenta
|-start|p2a: Zamazenta|Encore
|
|-weather|RainDance|[upkeep]
|upkeep
|turn|6
|
|t:|1758251528
|switch|p1a: Hatterene|Hatterene, F|55/100
|-damage|p1a: Hatterene|43/100|[from] Stealth Rock
|move|p2a: Zamazenta|Close Combat|p1a: Hatterene
|-resisted|p1a: Hatterene
|-damage|p1a: Hatterene|27/100
|-unboost|p2a: Zamazenta|def|1
|-unboost|p2a: Zamazenta|spd|1
|-damage|p2a: Zamazenta|81/100|[from] item: Life Orb
|
|-weather|RainDance|[upkeep]
|upkeep
|turn|7
|
|t:|1758251539
|switch|p2a: Alomomola|Alomomola, M|100/100
|move|p1a: Hatterene|Healing Wish|p1a: Hatterene
|faint|p1a: Hatterene
|
|-weather|RainDance|[upkeep]
|upkeep
|
|t:|1758251548
|switch|p1a: Zapdos|Zapdos|100/100
|-damage|p1a: Zapdos|76/100|[from] Stealth Rock
|turn|8
|
|t:|1758251554
|move|p1a: Zapdos|Thunder|p2a: Alomomola
|-supereffective|p2a: Alomomola
|-damage|p2a: Alomomola|18/100
|-status|p2a: Alomomola|par
|cant|p2a: Alomomola|par
|
|-weather|none
|upkeep
|turn|9
|
|t:|1758251563
|switch|p2a: Gholdengo|Gholdengo|100/100
|move|p1a: Zapdos|Volt Switch|p2a: Gholdengo
|-damage|p2a: Gholdengo|58/100
|
|t:|1758251568
|switch|p1a: Pelipper|Pelipper, M|100/100|[from] Volt Switch
|-damage|p1a: Pelipper|75/100|[from] Stealth Rock
|-weather|RainDance|[from] ability: Drizzle|[of] p1a: Pelipper
|
|-weather|RainDance|[upkeep]
|upkeep
|turn|10
|
|t:|1758251598
|switch|p1a: Ogerpon|Ogerpon-Wellspring, F|4/100
|-heal|p1a: Ogerpon|100/100|[from] move: Healing Wish
|-damage|p1a: Ogerpon|88/100|[from] Stealth Rock
|move|p2a: Gholdengo|Shadow Ball|p1a: Ogerpon
|-damage|p1a: Ogerpon|36/100
|
|-weather|RainDance|[upkeep]
|upkeep
|turn|11
|
|t:|1758251608
|move|p2a: Gholdengo|Shadow Ball|p1a: Ogerpon
|-damage|p1a: Ogerpon|0 fnt
|faint|p1a: Ogerpon
|
|-weather|RainDance|[upkeep]
|upkeep
|
|t:|1758251614
|switch|p1a: Barraskewda|Barraskewda, F|100/100
|-damage|p1a: Barraskewda|88/100|[from] Stealth Rock
|turn|12
|
|t:|1758251621
|switch|p2a: Alomomola|Alomomola, M|51/100 par
|-terastallize|p1a: Barraskewda|Water
|move|p1a: Barraskewda|Liquidation|p2a: Alomomola
|-resisted|p2a: Alomomola
|-damage|p2a: Alomomola|13/100 par
|-unboost|p2a: Alomomola|def|1
|
|-weather|RainDance|[upkeep]
|upkeep
|turn|13
|
|t:|1758251632
|cant|p2a: Alomomola|par
|move|p1a: Barraskewda|Liquidation|p2a: Alomomola
|-resisted|p2a: Alomomola
|-damage|p2a: Alomomola|0 fnt
|faint|p2a: Alomomola
|
|-weather|RainDance|[upkeep]
|upkeep
|
|t:|1758251634
|switch|p2a: Weezing|Weezing-Galar, F|100/100
|-ability|p2a: Weezing|Neutralizing Gas
|turn|14
|
|t:|1758251644
|-terastallize|p2a: Weezing|Grass
|move|p1a: Barraskewda|Flip Turn|p2a: Weezing
|-resisted|p2a: Weezing
|-damage|p2a: Weezing|76/100
|
|t:|1758251651
|switch|p1a: Zapdos|Zapdos|76/100|[from] Flip Turn
|-damage|p1a: Zapdos|51/100|[from] Stealth Rock
|move|p2a: Weezing|Will-O-Wisp|p1a: Zapdos
|-status|p1a: Zapdos|brn
|
|-weather|RainDance|[upkeep]
|-damage|p1a: Zapdos|44/100 brn|[from] brn
|upkeep
|turn|15
|
|t:|1758251675
|-end|p2a: Weezing|ability: Neutralizing Gas
|switch|p2a: Zamazenta|Zamazenta|81/100
|move|p1a: Zapdos|Hurricane|p2a: Zamazenta
|-supereffective|p2a: Zamazenta
|-damage|p2a: Zamazenta|0 fnt
|faint|p2a: Zamazenta
|
|-weather|RainDance|[upkeep]
|-damage|p1a: Zapdos|38/100 brn|[from] brn
|upkeep
|
|t:|1758251683
|switch|p2a: Darkrai|Darkrai|100/100
|turn|16
|
|t:|1758251691
|move|p2a: Darkrai|Dark Pulse|p1a: Zapdos
|-damage|p1a: Zapdos|8/100 brn
|move|p1a: Zapdos|Volt Switch|p2a: Darkrai
|-damage|p2a: Darkrai|53/100
|
|t:|1758251698
|switch|p1a: Barraskewda|Barraskewda, F, tera:Water|88/100|[from] Volt Switch
|-damage|p1a: Barraskewda|76/100|[from] Stealth Rock
|
|-weather|none
|upkeep
|turn|17
|
|t:|1758251710
|switch|p2a: Weezing|Weezing-Galar, F, tera:Grass|76/100
|-ability|p2a: Weezing|Neutralizing Gas
|switch|p1a: Pelipper|Pelipper, M|75/100
|-damage|p1a: Pelipper|50/100|[from] Stealth Rock
|
|upkeep
|turn|18
|
|t:|1758251722
|switch|p1a: Zapdos|Zapdos|8/100 brn
|-damage|p1a: Zapdos|0 fnt|[from] Stealth Rock
|faint|p1a: Zapdos
|move|p2a: Weezing|Strange Steam|p1: Zapdos|[notarget]
|-fail|p2a: Weezing
|
|upkeep
|
|t:|1758251730
|switch|p1a: Beartic|Beartic, F|100/100
|-damage|p1a: Beartic|76/100|[from] Stealth Rock
|turn|19
|
|t:|1758251737
|-end|p2a: Weezing|ability: Neutralizing Gas
|switch|p2a: Darkrai|Darkrai|53/100
|move|p1a: Beartic|Icicle Spear|p2a: Darkrai
|-damage|p2a: Darkrai|34/100
|-damage|p2a: Darkrai|15/100
|-damage|p2a: Darkrai|0 fnt
|faint|p2a: Darkrai
|-hitcount|p2: Darkrai|3
|
|upkeep
|
|t:|1758251739
|switch|p2a: Gholdengo|Gholdengo|58/100
|turn|20
|inactive|DontMissMantine has 120 seconds left.
|
|t:|1758251769
|switch|p2a: Weezing|Weezing-Galar, F, tera:Grass|76/100
|-ability|p2a: Weezing|Neutralizing Gas
|switch|p1a: Pelipper|Pelipper, M|50/100
|-damage|p1a: Pelipper|25/100|[from] Stealth Rock
|
|upkeep
|turn|21
|
|t:|1758251780
|move|p2a: Weezing|Will-O-Wisp|p1a: Pelipper
|-status|p1a: Pelipper|brn
|move|p1a: Pelipper|Hurricane|p2a: Weezing
|-supereffective|p2a: Weezing
|-damage|p2a: Weezing|0 fnt
|faint|p2a: Weezing
|-end|p2a: Weezing|ability: Neutralizing Gas
|-weather|RainDance|[from] ability: Drizzle|[of] p1a: Pelipper
|
|-weather|RainDance|[upkeep]
|-damage|p1a: Pelipper|19/100 brn|[from] brn
|upkeep
|-message|Popswrong4laughing forfeited.
|
|win|DontMissMantine
|raw|DontMissMantine's rating: 1600 &rarr; <strong>1619</strong><br />(+19 for winning)
|raw|Popswrong4laughing's rating: 1587 &rarr; <strong>1568</strong><br />(-19 for losing)
|l|☆Popswrong4laughing
|player|p2|
|l|☆DontMissMantine
|player|p1|
|j|☆DontMissMantine
|player|p1|DontMissMantine|lucas|
|l|☆DontMissMantine
|player|p1|
