|j|☆kemious
|j|☆John Kritter
|t:|1758350345
|gametype|singles
|player|p1|kemious|170|1453
|player|p2|John Kritter|pokemaniac|1588
|gen|9
|tier|[Gen 9] OU
|rated|
|rule|HP Percentage Mod: HP is shown in percentages
|rule|Endless Battle Clause: Forcing endless battles is banned
|rule|Species Clause: Limit one of each Pokémon
|rule|OHKO Clause: OHKO moves are banned
|rule|Evasion Items Clause: Evasion items are banned
|rule|Evasion Moves Clause: Evasion moves are banned
|rule|Evasion Abilities Clause: Evasion abilities are banned
|rule|Sleep Moves Clause: Sleep-inducing moves are banned
|clearpoke
|poke|p1|Chesnaught, M|
|poke|p1|Gastrodon, F|
|poke|p1|Kilowattrel, M|
|poke|p1|Glimmora, F|
|poke|p1|Ceruledge, M|
|poke|p1|Goodra-Hisui, F|
|poke|p2|Torkoal, F|
|poke|p2|Walking Wake|
|poke|p2|Hatterene, F|
|poke|p2|Great Tusk|
|poke|p2|Ceruledge, M|
|poke|p2|Enamorus, F|
|teampreview
|inactive|Battle timer is ON: inactive players will automatically lose when time's up. (requested by John Kritter)
|inactive|kemious has 120 seconds left.
|
|t:|1758350383
|teamsize|p1|6
|teamsize|p2|6
|start
|switch|p1a: Goodra|Goodra-Hisui, F|100/100
|switch|p2a: Torkoal|Torkoal, F|100/100
|-weather|SunnyDay|[from] ability: Drought|[of] p2a: Torkoal
|turn|1
|
|t:|1758350392
|move|p1a: Goodra|Knock Off|p2a: Torkoal
|-damage|p2a: Torkoal|82/100
|-enditem|p2a: Torkoal|Heat Rock|[from] move: Knock Off|[of] p1a: Goodra
|move|p2a: Torkoal|Stealth Rock|p1a: Goodra
|-sidestart|p1: kemious|move: Stealth Rock
|
|-weather|SunnyDay|[upkeep]
|upkeep
|turn|2
|
|t:|1758350410
|switch|p1a: Ceruledge|Ceruledge, M|100/100
|move|p2a: Torkoal|Earthquake|p1a: Ceruledge
|-supereffective|p1a: Ceruledge
|-damage|p1a: Ceruledge|55/100
|
|-weather|SunnyDay|[upkeep]
|upkeep
|turn|3
|
|t:|1758350419
|move|p1a: Ceruledge|Swords Dance|p1a: Ceruledge
|-boost|p1a: Ceruledge|atk|2
|move|p2a: Torkoal|Earthquake|p1a: Ceruledge
|-supereffective|p1a: Ceruledge
|-damage|p1a: Ceruledge|9/100
|
|-weather|SunnyDay|[upkeep]
|upkeep
|turn|4
|
|t:|1758350428
|move|p1a: Ceruledge|Bitter Blade|p2a: Torkoal
|-resisted|p2a: Torkoal
|-damage|p2a: Torkoal|22/100
|-heal|p1a: Ceruledge|41/100|[from] drain|[of] p2a: Torkoal
|move|p2a: Torkoal|Earthquake|p1a: Ceruledge
|-supereffective|p1a: Ceruledge
|-damage|p1a: Ceruledge|0 fnt
|faint|p1a: Ceruledge
|
|-weather|SunnyDay|[upkeep]
|upkeep
|
|t:|1758350437
|switch|p1a: Kilowattrel|Kilowattrel, M, shiny|100/100
|turn|5
|
|t:|1758350440
|switch|p2a: Hatterene|Hatterene, F, shiny|100/100
|move|p1a: Kilowattrel|Discharge|p2a: Hatterene
|-damage|p2a: Hatterene|64/100
|-status|p2a: Hatterene|par
|-enditem|p2a: Hatterene|Eject Button
|
|t:|1758350448
|switch|p2a: Walking Wake|Walking Wake|100/100
|-activate|p2a: Walking Wake|ability: Protosynthesis
|-start|p2a: Walking Wake|protosynthesisspa
|
|-weather|SunnyDay|[upkeep]
|upkeep
|turn|6
|
|t:|1758350455
|switch|p1a: Goodra|Goodra-Hisui, F|100/100
|-damage|p1a: Goodra|95/100|[from] Stealth Rock
|move|p2a: Walking Wake|Dragon Pulse|p1a: Goodra
|-damage|p1a: Goodra|53/100
|
|-weather|SunnyDay|[upkeep]
|upkeep
|turn|7
|
|t:|1758350463
|-end|p2a: Walking Wake|Protosynthesis|[silent]
|switch|p2a: Hatterene|Hatterene, F, shiny|64/100 par
|move|p1a: Goodra|Dragon Tail|p2a: Hatterene
|-immune|p2a: Hatterene
|
|-weather|SunnyDay|[upkeep]
|upkeep
|turn|8
|
|t:|1758350469
|move|p1a: Goodra|Flash Cannon|p2a: Hatterene
|-supereffective|p2a: Hatterene
|-damage|p2a: Hatterene|0 fnt
|faint|p2a: Hatterene
|
|-weather|none
|upkeep
|
|t:|1758350480
|switch|p2a: Don|Great Tusk, shiny|100/100
|turn|9
|
|t:|1758350484
|switch|p1a: Kilowattrel|Kilowattrel, M, shiny|100/100
|move|p2a: Don|Ice Spinner|p1a: Kilowattrel
|-supereffective|p1a: Kilowattrel
|-damage|p1a: Kilowattrel|0 fnt
|faint|p1a: Kilowattrel
|
|upkeep
|
|t:|1758350490
|switch|p1a: Gastrodon|Gastrodon, F|100/100
|-damage|p1a: Gastrodon|94/100|[from] Stealth Rock
|turn|10
|
|t:|1758350496
|move|p2a: Don|Headlong Rush|p1a: Gastrodon
|-damage|p1a: Gastrodon|13/100
|-unboost|p2a: Don|def|1
|-unboost|p2a: Don|spd|1
|move|p1a: Gastrodon|Surf|p2a: Don
|-supereffective|p2a: Don
|-damage|p2a: Don|0 fnt
|faint|p2a: Don
|-end|p2a: Don|Protosynthesis|[silent]
|
|-heal|p1a: Gastrodon|19/100|[from] item: Leftovers
|upkeep
|
|t:|1758350504
|switch|p2a: Walking Wake|Walking Wake|100/100
|turn|11
|
|t:|1758350509
|-terastallize|p1a: Gastrodon|Fairy
|move|p2a: Walking Wake|Dragon Pulse|p1a: Gastrodon
|-immune|p1a: Gastrodon
|move|p1a: Gastrodon|Spikes|p2a: Walking Wake
|-sidestart|p2: John Kritter|Spikes
|
|-heal|p1a: Gastrodon|25/100|[from] item: Leftovers
|upkeep
|turn|12
|
|t:|1758350518
|-end|p2a: Walking Wake|Protosynthesis|[silent]
|switch|p2a: Torkoal|Torkoal, F|22/100
|-damage|p2a: Torkoal|9/100|[from] Spikes
|-weather|SunnyDay|[from] ability: Drought|[of] p2a: Torkoal
|move|p1a: Gastrodon|Ice Beam|p2a: Torkoal
|-resisted|p2a: Torkoal
|-damage|p2a: Torkoal|0 fnt
|faint|p2a: Torkoal
|
|-weather|SunnyDay|[upkeep]
|-heal|p1a: Gastrodon|31/100|[from] item: Leftovers
|upkeep
|
|t:|1758350528
|switch|p2a: Walking Wake|Walking Wake|100/100
|-damage|p2a: Walking Wake|88/100|[from] Spikes
|-activate|p2a: Walking Wake|ability: Protosynthesis
|-start|p2a: Walking Wake|protosynthesisspa
|turn|13
|
|t:|1758350533
|move|p2a: Walking Wake|Flamethrower|p1a: Gastrodon
|-damage|p1a: Gastrodon|0 fnt
|faint|p1a: Gastrodon
|
|-weather|SunnyDay|[upkeep]
|upkeep
|
|t:|1758350537
|switch|p1a: Glimmora|Glimmora, F|100/100
|-damage|p1a: Glimmora|88/100|[from] Stealth Rock
|turn|14
|
|t:|1758350549
|-end|p2a: Walking Wake|Protosynthesis|[silent]
|switch|p2a: Enamorus|Enamorus, F|100/100
|move|p1a: Glimmora|Power Gem|p2a: Enamorus
|-supereffective|p2a: Enamorus
|-damage|p2a: Enamorus|9/100
|
|-weather|SunnyDay|[upkeep]
|upkeep
|turn|15
|
|t:|1758350568
|switch|p1a: Chesnaught|Chesnaught, M|100/100
|-damage|p1a: Chesnaught|94/100|[from] Stealth Rock
|move|p2a: Enamorus|Earth Power|p1a: Chesnaught
|-resisted|p1a: Chesnaught
|-damage|p1a: Chesnaught|73/100
|
|-weather|SunnyDay|[upkeep]
|-heal|p1a: Chesnaught|79/100|[from] item: Leftovers
|upkeep
|turn|16
|
|t:|1758350577
|switch|p2a: Ceruledge|Ceruledge, M|100/100
|-damage|p2a: Ceruledge|88/100|[from] Spikes
|move|p1a: Chesnaught|Knock Off|p2a: Ceruledge
|-supereffective|p2a: Ceruledge
|-damage|p2a: Ceruledge|24/100
|-ability|p2a: Ceruledge|Weak Armor|boost
|-unboost|p2a: Ceruledge|def|1
|-boost|p2a: Ceruledge|spe|2
|-enditem|p2a: Ceruledge|Focus Sash|[from] move: Knock Off|[of] p1a: Chesnaught
|
|-weather|none
|-heal|p1a: Chesnaught|85/100|[from] item: Leftovers
|upkeep
|turn|17
|
|t:|1758350589
|move|p2a: Ceruledge|Bitter Blade|p1a: Chesnaught
|-supereffective|p1a: Chesnaught
|-damage|p1a: Chesnaught|24/100
|-heal|p2a: Ceruledge|61/100|[from] drain|[of] p1a: Chesnaught
|move|p1a: Chesnaught|Knock Off|p2a: Ceruledge
|-supereffective|p2a: Ceruledge
|-damage|p2a: Ceruledge|0 fnt
|faint|p2a: Ceruledge
|
|-heal|p1a: Chesnaught|30/100|[from] item: Leftovers
|upkeep
|
|t:|1758350607
|switch|p2a: Walking Wake|Walking Wake|88/100
|-damage|p2a: Walking Wake|76/100|[from] Spikes
|turn|18
|
|t:|1758350612
|move|p2a: Walking Wake|Dragon Pulse|p1a: Chesnaught
|-damage|p1a: Chesnaught|0 fnt
|faint|p1a: Chesnaught
|
|upkeep
|
|t:|1758350616
|switch|p1a: Goodra|Goodra-Hisui, F|53/100
|-damage|p1a: Goodra|47/100|[from] Stealth Rock
|turn|19
|
|t:|1758350619
|-end|p2a: Walking Wake|Protosynthesis|[silent]
|switch|p2a: Enamorus|Enamorus, F|9/100
|move|p1a: Goodra|Dragon Tail|p2a: Enamorus
|-immune|p2a: Enamorus
|
|upkeep
|turn|20
|
|t:|1758350624
|move|p2a: Enamorus|Earth Power|p1a: Goodra
|-supereffective|p1a: Goodra
|-damage|p1a: Goodra|16/100
|-unboost|p1a: Goodra|spd|1
|move|p1a: Goodra|Flash Cannon|p2a: Enamorus
|-supereffective|p2a: Enamorus
|-damage|p2a: Enamorus|0 fnt
|faint|p2a: Enamorus
|
|upkeep
|
|t:|1758350631
|switch|p2a: Walking Wake|Walking Wake|76/100
|-damage|p2a: Walking Wake|63/100|[from] Spikes
|turn|21
|
|t:|1758350636
|-terastallize|p2a: Walking Wake|Water
|move|p2a: Walking Wake|Hydro Steam|p1a: Goodra
|-resisted|p1a: Goodra
|-damage|p1a: Goodra|0 fnt
|faint|p1a: Goodra
|
|upkeep
|
|t:|1758350641
|switch|p1a: Glimmora|Glimmora, F|88/100
|-damage|p1a: Glimmora|76/100|[from] Stealth Rock
|turn|22
|
|t:|1758350642
|move|p2a: Walking Wake|Hydro Steam|p1a: Glimmora
|-supereffective|p1a: Glimmora
|-damage|p1a: Glimmora|0 fnt
|faint|p1a: Glimmora
|
|win|John Kritter
|raw|kemious's rating: 1453 &rarr; <strong>1440</strong><br />(-13 for losing)
|raw|John Kritter's rating: 1588 &rarr; <strong>1601</strong><br />(+13 for winning)
|l|☆John Kritter
|player|p2|
|l|☆kemious
|player|p1|
