|j|☆dolphinc10
|j|☆TheTheyThemler
|t:|1758243867
|gametype|singles
|player|p1|dolphinc10|fantina|1233
|player|p2|TheTheyThemler|n|1185
|gen|9
|tier|[Gen 9] OU
|rated|
|rule|HP Percentage Mod: HP is shown in percentages
|rule|Endless Battle Clause: Forcing endless battles is banned
|rule|Species Clause: Limit one of each Pokémon
|rule|OHKO Clause: OHKO moves are banned
|rule|Evasion Items Clause: Evasion items are banned
|rule|Evasion Moves Clause: Evasion moves are banned
|rule|Evasion Abilities Clause: Evasion abilities are banned
|rule|Sleep Moves Clause: Sleep-inducing moves are banned
|clearpoke
|poke|p1|Torkoal, M|
|poke|p1|Shiftry, F|
|poke|p1|Alomomola, F|
|poke|p1|Walking Wake|
|poke|p1|Great Tusk|
|poke|p1|Tornadus-Therian, M|
|poke|p2|Charjabug, F|
|poke|p2|Ceruledge, F|
|poke|p2|Gholdengo|
|poke|p2|Umbreon, F|
|poke|p2|Great Tusk|
|poke|p2|Kyurem|
|teampreview
|
|t:|1758243878
|teamsize|p1|6
|teamsize|p2|6
|start
|switch|p1a: Great Tusk|Great Tusk|100/100
|switch|p2a: 🚍|Charjabug, F, shiny|100/100
|turn|1
|inactive|Battle timer is ON: inactive players will automatically lose when time's up. (requested by dolphinc10)
|
|t:|1758243918
|move|p1a: Great Tusk|Headlong Rush|p2a: 🚍
|-damage|p2a: 🚍|66/100
|-unboost|p1a: Great Tusk|def|1
|-unboost|p1a: Great Tusk|spd|1
|move|p2a: 🚍|Sticky Web|p1a: Great Tusk
|-sidestart|p1: dolphinc10|move: Sticky Web
|
|upkeep
|turn|2
|
|t:|1758243922
|move|p1a: Great Tusk|Rapid Spin|p2a: 🚍
|-damage|p2a: 🚍|56/100
|-boost|p1a: Great Tusk|spe|1
|-sideend|p1: dolphinc10|Sticky Web|[from] move: Rapid Spin|[of] p1a: Great Tusk
|move|p2a: 🚍|Lunge|p1a: Great Tusk
|-resisted|p1a: Great Tusk
|-damage|p1a: Great Tusk|92/100
|-unboost|p1a: Great Tusk|atk|1
|
|-heal|p1a: Great Tusk|98/100|[from] item: Leftovers
|upkeep
|turn|3
|
|t:|1758243931
|move|p1a: Great Tusk|Stealth Rock|p2a: 🚍
|-sidestart|p2: TheTheyThemler|move: Stealth Rock
|move|p2a: 🚍|Sticky Web|p1a: Great Tusk
|-sidestart|p1: dolphinc10|move: Sticky Web
|
|-heal|p1a: Great Tusk|100/100|[from] item: Leftovers
|upkeep
|turn|4
|inactive|TheTheyThemler has 120 seconds left.
|inactive|TheTheyThemler has 90 seconds left.
|
|t:|1758244003
|move|p1a: Great Tusk|Headlong Rush|p2a: 🚍
|-damage|p2a: 🚍|33/100
|-unboost|p1a: Great Tusk|def|1
|-unboost|p1a: Great Tusk|spd|1
|move|p2a: 🚍|Lunge|p1a: Great Tusk
|-resisted|p1a: Great Tusk
|-damage|p1a: Great Tusk|88/100
|-unboost|p1a: Great Tusk|atk|1
|
|-heal|p1a: Great Tusk|94/100|[from] item: Leftovers
|upkeep
|turn|5
|inactive|dolphinc10 has 120 seconds left.
|
|t:|1758244064
|-end|p1a: Great Tusk|Protosynthesis|[silent]
|switch|p1a: Tornadus|Tornadus-Therian, M|100/100
|switch|p2a: 🎩|Gholdengo|100/100
|-damage|p2a: 🎩|94/100|[from] Stealth Rock
|
|-heal|p2a: 🎩|100/100|[from] item: Leftovers
|upkeep
|turn|6
|inactive|TheTheyThemler has 60 seconds left.
|
|t:|1758244089
|move|p2a: 🎩|Thunder Wave|p1a: Tornadus
|-status|p1a: Tornadus|par
|move|p1a: Tornadus|Dark Pulse|p2a: 🎩
|-supereffective|p2a: 🎩
|-damage|p2a: 🎩|40/100
|
|-heal|p2a: 🎩|46/100|[from] item: Leftovers
|upkeep
|turn|7
|inactive|TheTheyThemler has 60 seconds left.
|
|t:|1758244099
|move|p2a: 🎩|Hex|p1a: Tornadus
|-damage|p1a: Tornadus|56/100 par
|move|p1a: Tornadus|Dark Pulse|p2a: 🎩
|-supereffective|p2a: 🎩
|-damage|p2a: 🎩|0 fnt
|faint|p2a: 🎩
|
|upkeep
|
|t:|1758244117
|switch|p2a: 🐘|Great Tusk, shiny|100/100
|-damage|p2a: 🐘|98/100|[from] Stealth Rock
|turn|8
|
|t:|1758244123
|switch|p1a: Torkoal|Torkoal, M|100/100
|-activate|p1a: Torkoal|move: Sticky Web
|-unboost|p1a: Torkoal|spe|1
|-weather|SunnyDay|[from] ability: Drought|[of] p1a: Torkoal
|-activate|p2a: 🐘|ability: Protosynthesis
|-start|p2a: 🐘|protosynthesisdef
|move|p2a: 🐘|Rapid Spin|p1a: Torkoal
|-damage|p1a: Torkoal|89/100
|-boost|p2a: 🐘|spe|1
|-sideend|p2: TheTheyThemler|Stealth Rock|[from] move: Rapid Spin|[of] p2a: 🐘
|
|-weather|SunnyDay|[upkeep]
|-heal|p2a: 🐘|100/100|[from] item: Leftovers
|upkeep
|turn|9
|inactive|TheTheyThemler has 60 seconds left.
|
|t:|1758244145
|-end|p2a: 🐘|Protosynthesis|[silent]
|switch|p2a: ⚔️|Ceruledge, F, shiny|100/100
|switch|p1a: Tornadus|Tornadus-Therian, M|90/100 par
|
|-weather|SunnyDay|[upkeep]
|upkeep
|turn|10
|inactive|TheTheyThemler has 30 seconds left.
|
|t:|1758244184
|move|p2a: ⚔️|Bitter Blade|p1a: Tornadus
|-damage|p1a: Tornadus|0 fnt
|faint|p1a: Tornadus
|
|-weather|SunnyDay|[upkeep]
|upkeep
|
|t:|1758244187
|switch|p1a: Shiftry|Shiftry, F|100/100
|-activate|p1a: Shiftry|move: Sticky Web
|-unboost|p1a: Shiftry|spe|1
|turn|11
|inactive|TheTheyThemler has 30 seconds left.
|inactive|TheTheyThemler has 20 seconds left.
|inactive|TheTheyThemler has 15 seconds left.
|inactive|TheTheyThemler has 10 seconds left.
|
|t:|1758244222
|move|p1a: Shiftry|Knock Off|p2a: ⚔️
|-supereffective|p2a: ⚔️
|-damage|p2a: ⚔️|0 fnt
|-enditem|p2a: ⚔️|Leftovers|[from] move: Knock Off|[of] p1a: Shiftry
|faint|p2a: ⚔️
|
|-weather|SunnyDay|[upkeep]
|upkeep
|inactive|TheTheyThemler has 15 seconds left this turn.
|inactive|TheTheyThemler has 10 seconds left.
|-message|TheTheyThemler forfeited.
|
|win|dolphinc10
|raw|dolphinc10's rating: 1233 &rarr; <strong>1255</strong><br />(+22 for winning)
|raw|TheTheyThemler's rating: 1185 &rarr; <strong>1163</strong><br />(-22 for losing)
|l|☆TheTheyThemler
|player|p2|
|l|☆dolphinc10
|player|p1|
