|j|☆DTTPokemon
|j|☆CFMathMaster
|t:|1758283300
|gametype|singles
|player|p1|DTTPokemon|pokemonrangerf|1369
|player|p2|CFMathMaster|pilot|1324
|gen|9
|tier|[Gen 9] OU
|rated|
|rule|HP Percentage Mod: HP is shown in percentages
|rule|Endless Battle Clause: Forcing endless battles is banned
|rule|Species Clause: Limit one of each Pokémon
|rule|OHKO Clause: OHKO moves are banned
|rule|Evasion Items Clause: Evasion items are banned
|rule|Evasion Moves Clause: Evasion moves are banned
|rule|Evasion Abilities Clause: Evasion abilities are banned
|rule|Sleep Moves Clause: Sleep-inducing moves are banned
|clearpoke
|poke|p1|Golurk|
|poke|p1|Iron Crown|
|poke|p1|Araquanid, F|
|poke|p1|Zamazenta-*|
|poke|p1|Kyurem|
|poke|p1|Quaquaval, F|
|poke|p2|Garganacl, M|
|poke|p2|Gliscor, F|
|poke|p2|Moltres|
|poke|p2|Iron Treads|
|poke|p2|Dragapult, F|
|poke|p2|Iron Valiant|
|teampreview
|inactive|Battle timer is ON: inactive players will automatically lose when time's up. (requested by DTTPokemon)
|
|t:|1758283330
|teamsize|p1|6
|teamsize|p2|6
|start
|switch|p1a: Quaquaval|Quaquaval, F|100/100
|switch|p2a: Garganacl|Garganacl, M|100/100
|turn|1
|
|t:|1758283337
|move|p1a: Quaquaval|Knock Off|p2a: Garganacl
|-damage|p2a: Garganacl|79/100
|-enditem|p2a: Garganacl|Leftovers|[from] move: Knock Off|[of] p1a: Quaquaval
|move|p2a: Garganacl|Salt Cure|p1a: Quaquaval
|-resisted|p1a: Quaquaval
|-damage|p1a: Quaquaval|91/100
|-start|p1a: Quaquaval|Salt Cure
|
|-damage|p1a: Quaquaval|66/100|[from] Salt Cure
|upkeep
|turn|2
|
|t:|1758283349
|move|p1a: Quaquaval|Aqua Step|p2a: Garganacl
|-supereffective|p2a: Garganacl
|-damage|p2a: Garganacl|31/100
|-boost|p1a: Quaquaval|spe|1
|move|p2a: Garganacl|Stealth Rock|p1a: Quaquaval
|-sidestart|p1: DTTPokemon|move: Stealth Rock
|
|-damage|p1a: Quaquaval|42/100|[from] Salt Cure
|upkeep
|turn|3
|
|t:|1758283357
|move|p2a: Garganacl|Protect|p2a: Garganacl
|-singleturn|p2a: Garganacl|Protect
|move|p1a: Quaquaval|Aqua Step|p2a: Garganacl
|-activate|p2a: Garganacl|move: Protect
|
|-damage|p1a: Quaquaval|17/100|[from] Salt Cure
|upkeep
|turn|4
|
|t:|1758283364
|switch|p2a: Dragapult|Dragapult, F|100/100
|move|p1a: Quaquaval|Aqua Step|p2a: Dragapult
|-resisted|p2a: Dragapult
|-damage|p2a: Dragapult|72/100
|-boost|p1a: Quaquaval|spe|1
|
|-damage|p1a: Quaquaval|0 fnt|[from] Salt Cure
|faint|p1a: Quaquaval
|upkeep
|
|t:|1758283381
|switch|p1a: Golurk|Golurk|100/100
|-damage|p1a: Golurk|94/100|[from] Stealth Rock
|turn|5
|
|t:|1758283387
|move|p2a: Dragapult|Shadow Ball|p1a: Golurk
|-supereffective|p1a: Golurk
|-damage|p1a: Golurk|18/100
|move|p1a: Golurk|Poltergeist|p2a: Dragapult
|-activate|p2a: Dragapult|move: Poltergeist|Choice Specs
|-supereffective|p2a: Dragapult
|-damage|p2a: Dragapult|0 fnt
|faint|p2a: Dragapult
|
|upkeep
|
|t:|1758283406
|switch|p2a: Gliscor|Gliscor, F|100/100
|turn|6
|
|t:|1758283413
|move|p2a: Gliscor|Spikes|p1a: Golurk
|-sidestart|p1: DTTPokemon|Spikes
|move|p1a: Golurk|Dynamic Punch|p2a: Gliscor
|-resisted|p2a: Gliscor
|-damage|p2a: Gliscor|87/100
|-start|p2a: Gliscor|confusion
|
|-status|p2a: Gliscor|tox|[from] item: Toxic Orb
|upkeep
|turn|7
|
|t:|1758283422
|switch|p1a: Kyurem|Kyurem|100/100
|-damage|p1a: Kyurem|76/100|[from] Stealth Rock
|-damage|p1a: Kyurem|63/100|[from] Spikes
|-ability|p1a: Kyurem|Pressure
|-activate|p2a: Gliscor|confusion
|-damage|p2a: Gliscor|80/100 tox|[from] confusion
|
|-heal|p2a: Gliscor|93/100 tox|[from] ability: Poison Heal
|upkeep
|turn|8
|
|t:|1758283432
|-terastallize|p2a: Gliscor|Water
|move|p1a: Kyurem|Substitute|p1a: Kyurem
|-start|p1a: Kyurem|Substitute
|-damage|p1a: Kyurem|39/100
|-activate|p2a: Gliscor|confusion
|move|p2a: Gliscor|Toxic||[still]
|-fail|p2a: Gliscor
|
|-heal|p2a: Gliscor|100/100 tox|[from] ability: Poison Heal
|upkeep
|turn|9
|
|t:|1758283443
|switch|p2a: Garganacl|Garganacl, M|31/100
|move|p1a: Kyurem|Dragon Dance|p1a: Kyurem
|-boost|p1a: Kyurem|atk|1
|-boost|p1a: Kyurem|spe|1
|
|upkeep
|turn|10
|
|t:|1758283450
|move|p1a: Kyurem|Dragon Claw|p2a: Garganacl
|-damage|p2a: Garganacl|0 fnt
|faint|p2a: Garganacl
|
|upkeep
|
|t:|1758283453
|switch|p2a: Moltres|Moltres|100/100
|turn|11
|
|t:|1758283460
|move|p1a: Kyurem|Icicle Spear|p2a: Moltres
|-damage|p2a: Moltres|85/100
|-damage|p2a: Moltres|71/100
|-damage|p2a: Moltres|55/100
|-damage|p2a: Moltres|40/100
|-hitcount|p2a: Moltres|4
|move|p2a: Moltres|Roar|p1a: Kyurem
|drag|p1a: Zamazenta|Zamazenta|100/100
|-damage|p1a: Zamazenta|94/100|[from] Stealth Rock
|-damage|p1a: Zamazenta|82/100|[from] Spikes
|-ability|p1a: Zamazenta|Dauntless Shield|boost
|-boost|p1a: Zamazenta|def|1
|
|upkeep
|turn|12
|
|t:|1758283477
|switch|p1a: Golurk|Golurk|18/100
|-damage|p1a: Golurk|12/100|[from] Stealth Rock
|-damage|p1a: Golurk|0 fnt|[from] Spikes
|faint|p1a: Golurk
|move|p2a: Moltres|Roost|p2a: Moltres
|-heal|p2a: Moltres|91/100
|-singleturn|p2a: Moltres|move: Roost
|
|upkeep
|
|t:|1758283486
|switch|p1a: Araquanid|Araquanid, F|100/100
|-damage|p1a: Araquanid|76/100|[from] Stealth Rock
|-damage|p1a: Araquanid|63/100|[from] Spikes
|turn|13
|l|☆CFMathMaster
|inactive|CFMathMaster disconnected and has a minute to reconnect!
|player|p2|
|inactive|CFMathMaster has 30 seconds to reconnect!
|inactive|CFMathMaster has 20 seconds to reconnect!
|inactive|CFMathMaster has 15 seconds to reconnect!
|inactive|CFMathMaster has 10 seconds to reconnect!
|inactive|CFMathMaster has 5 seconds to reconnect!
|-message|CFMathMaster lost due to inactivity.
|
|win|DTTPokemon
|raw|DTTPokemon's rating: 1369 &rarr; <strong>1386</strong><br />(+17 for winning)
|raw|CFMathMaster's rating: 1324 &rarr; <strong>1307</strong><br />(-17 for losing)
|l|☆DTTPokemon
|player|p1|
|j|☆CFMathMaster
|player|p2|CFMathMaster|pilot|
|l|☆CFMathMaster
|player|p2|
