|j|☆jdhdbdj
|j|☆Cinder D Ace
|t:|1758371949
|gametype|singles
|player|p1|jdhdbdj|170|1387
|player|p2|Cinder D Ace|parasollady|1419
|gen|9
|tier|[Gen 9] OU
|rated|
|rule|HP Percentage Mod: HP is shown in percentages
|rule|Endless Battle Clause: Forcing endless battles is banned
|rule|Species Clause: Limit one of each Pokémon
|rule|OHKO Clause: OHKO moves are banned
|rule|Evasion Items Clause: Evasion items are banned
|rule|Evasion Moves Clause: Evasion moves are banned
|rule|Evasion Abilities Clause: Evasion abilities are banned
|rule|Sleep Moves Clause: Sleep-inducing moves are banned
|clearpoke
|poke|p1|Ting-Lu|
|poke|p1|Latios, M|
|poke|p1|Corviknight, M|
|poke|p1|Goodra, F|
|poke|p1|Pecharunt|
|poke|p1|Scizor, M|
|poke|p2|Dragonite, F|
|poke|p2|Garganacl, M|
|poke|p2|Great Tusk|
|poke|p2|Primarina, M|
|poke|p2|Hydrapple, M|
|poke|p2|Darkrai|
|teampreview
|inactive|Battle timer is ON: inactive players will automatically lose when time's up. (requested by jdhdbdj)
|
|t:|1758371960
|teamsize|p1|6
|teamsize|p2|6
|start
|switch|p1a: Scizor|Scizor, M|100/100
|switch|p2a: Garganacl|Garganacl, M|100/100
|turn|1
|
|t:|1758371967
|move|p1a: Scizor|Close Combat|p2a: Garganacl
|-supereffective|p2a: Garganacl
|-crit|p2a: Garganacl
|-damage|p2a: Garganacl|0 fnt
|-unboost|p1a: Scizor|def|1
|-unboost|p1a: Scizor|spd|1
|faint|p2a: Garganacl
|
|upkeep
|
|t:|1758371981
|switch|p2a: Primarina|Primarina, M|100/100
|turn|2
|
|t:|1758371986
|switch|p1a: Goodra|Goodra, F|100/100
|move|p2a: Primarina|Moonblast|p1a: Goodra
|-supereffective|p1a: Goodra
|-damage|p1a: Goodra|18/100
|-unboost|p1a: Goodra|spa|1
|
|upkeep
|turn|3
|
|t:|1758371994
|move|p1a: Goodra|Thunderbolt|p2a: Primarina
|-supereffective|p2a: Primarina
|-damage|p2a: Primarina|69/100
|move|p2a: Primarina|Moonblast|p1a: Goodra
|-supereffective|p1a: Goodra
|-damage|p1a: Goodra|0 fnt
|faint|p1a: Goodra
|
|upkeep
|
|t:|1758372003
|switch|p1a: Pecharunt|Pecharunt|100/100
|-item|p1a: Pecharunt|Air Balloon
|turn|4
|
|t:|1758372009
|switch|p2a: Great Tusk|Great Tusk|100/100
|move|p1a: Pecharunt|Malignant Chain|p2a: Great Tusk
|-resisted|p2a: Great Tusk
|-damage|p2a: Great Tusk|81/100
|
|upkeep
|turn|5
|
|t:|1758372016
|move|p2a: Great Tusk|Knock Off|p1a: Pecharunt
|-supereffective|p1a: Pecharunt
|-damage|p1a: Pecharunt|74/100
|-enditem|p1a: Pecharunt|Air Balloon
|move|p1a: Pecharunt|Malignant Chain|p2a: Great Tusk
|-resisted|p2a: Great Tusk
|-damage|p2a: Great Tusk|63/100
|
|upkeep
|turn|6
|
|t:|1758372026
|-end|p2a: Great Tusk|Protosynthesis|[silent]
|switch|p2a: Darkrai|Darkrai|100/100
|move|p1a: Pecharunt|Recover|p1a: Pecharunt
|-heal|p1a: Pecharunt|100/100
|
|upkeep
|turn|7
|
|t:|1758372034
|switch|p1a: Ting-Lu|Ting-Lu|100/100
|-ability|p1a: Ting-Lu|Vessel of Ruin
|move|p2a: Darkrai|Nasty Plot|p2a: Darkrai
|-boost|p2a: Darkrai|spa|2
|
|upkeep
|turn|8
|
|t:|1758372042
|move|p2a: Darkrai|Focus Blast|p1a: Ting-Lu|[miss]
|-miss|p2a: Darkrai|p1a: Ting-Lu
|move|p1a: Ting-Lu|Whirlwind|p2a: Darkrai
|drag|p2a: Great Tusk|Great Tusk|63/100
|
|upkeep
|turn|9
|
|t:|1758372052
|move|p2a: Great Tusk|Knock Off|p1a: Ting-Lu
|-resisted|p1a: Ting-Lu
|-damage|p1a: Ting-Lu|93/100
|-enditem|p1a: Ting-Lu|Leftovers|[from] move: Knock Off|[of] p2a: Great Tusk
|move|p1a: Ting-Lu|Spikes|p2a: Great Tusk
|-sidestart|p2: Cinder D Ace|Spikes
|
|upkeep
|turn|10
|
|t:|1758372059
|switch|p1a: Pecharunt|Pecharunt|100/100
|move|p2a: Great Tusk|Rapid Spin|p1a: Pecharunt
|-immune|p1a: Pecharunt
|
|upkeep
|turn|11
|
|t:|1758372066
|move|p2a: Great Tusk|Earthquake|p1a: Pecharunt
|-supereffective|p1a: Pecharunt
|-damage|p1a: Pecharunt|59/100
|move|p1a: Pecharunt|Malignant Chain|p2a: Great Tusk
|-resisted|p2a: Great Tusk
|-damage|p2a: Great Tusk|42/100
|
|upkeep
|turn|12
|
|t:|1758372074
|-end|p2a: Great Tusk|Protosynthesis|[silent]
|switch|p2a: Darkrai|Darkrai|100/100
|move|p1a: Pecharunt|Recover|p1a: Pecharunt
|-heal|p1a: Pecharunt|100/100
|
|upkeep
|turn|13
|
|t:|1758372081
|switch|p1a: Ting-Lu|Ting-Lu|93/100
|-ability|p1a: Ting-Lu|Vessel of Ruin
|move|p2a: Darkrai|Dark Pulse|p1a: Ting-Lu
|-resisted|p1a: Ting-Lu
|-damage|p1a: Ting-Lu|84/100
|
|upkeep
|turn|14
|
|t:|1758372095
|move|p2a: Darkrai|Nasty Plot|p2a: Darkrai
|-boost|p2a: Darkrai|spa|2
|move|p1a: Ting-Lu|Ruination|p2a: Darkrai
|-damage|p2a: Darkrai|51/100
|
|upkeep
|turn|15
|
|t:|1758372102
|move|p2a: Darkrai|Focus Blast|p1a: Ting-Lu|[miss]
|-miss|p2a: Darkrai|p1a: Ting-Lu
|move|p1a: Ting-Lu|Whirlwind|p2a: Darkrai
|drag|p2a: Great Tusk|Great Tusk|42/100
|-damage|p2a: Great Tusk|30/100|[from] Spikes
|
|upkeep
|turn|16
|
|t:|1758372111
|switch|p1a: Pecharunt|Pecharunt|100/100
|move|p2a: Great Tusk|Body Press|p1a: Pecharunt
|-immune|p1a: Pecharunt
|
|upkeep
|turn|17
|
|t:|1758372120
|move|p2a: Great Tusk|Earthquake|p1a: Pecharunt
|-supereffective|p1a: Pecharunt
|-damage|p1a: Pecharunt|56/100
|move|p1a: Pecharunt|Malignant Chain|p2a: Great Tusk
|-resisted|p2a: Great Tusk
|-damage|p2a: Great Tusk|10/100
|-status|p2a: Great Tusk|tox
|-start|p2a: Great Tusk|confusion|[from] ability: Poison Puppeteer|[of] p1a: Pecharunt
|
|-damage|p2a: Great Tusk|4/100 tox|[from] psn
|upkeep
|turn|18
|
|t:|1758372133
|-end|p2a: Great Tusk|Protosynthesis|[silent]
|switch|p2a: Darkrai|Darkrai|51/100
|move|p1a: Pecharunt|Recover|p1a: Pecharunt
|-heal|p1a: Pecharunt|100/100
|
|upkeep
|turn|19
|
|t:|1758372141
|move|p2a: Darkrai|Dark Pulse|p1a: Pecharunt
|-supereffective|p1a: Pecharunt
|-damage|p1a: Pecharunt|11/100
|move|p1a: Pecharunt|Malignant Chain|p2a: Darkrai
|-damage|p2a: Darkrai|14/100
|-status|p2a: Darkrai|tox
|-start|p2a: Darkrai|confusion|[from] ability: Poison Puppeteer|[of] p1a: Pecharunt
|
|-damage|p2a: Darkrai|8/100 tox|[from] psn
|upkeep
|turn|20
|
|t:|1758372153
|switch|p1a: Ting-Lu|Ting-Lu|84/100
|-ability|p1a: Ting-Lu|Vessel of Ruin
|-activate|p2a: Darkrai|confusion
|-damage|p2a: Darkrai|0 fnt|[from] confusion
|faint|p2a: Darkrai
|
|upkeep
|
|t:|1758372163
|switch|p2a: Primarina|Primarina, M|69/100
|-damage|p2a: Primarina|56/100|[from] Spikes
|turn|21
|
|t:|1758372178
|move|p2a: Primarina|Surf|p1a: Ting-Lu
|-supereffective|p1a: Ting-Lu
|-damage|p1a: Ting-Lu|16/100
|move|p1a: Ting-Lu|Spikes|p2a: Primarina
|-sidestart|p2: Cinder D Ace|Spikes
|
|upkeep
|turn|22
|
|t:|1758372185
|switch|p1a: Latios|Latios, M|100/100
|move|p2a: Primarina|Surf|p1a: Latios
|-resisted|p1a: Latios
|-damage|p1a: Latios|58/100
|
|upkeep
|turn|23
|
|t:|1758372193
|switch|p2a: Great Tusk|Great Tusk|4/100 tox
|-damage|p2a: Great Tusk|0 fnt|[from] Spikes
|faint|p2a: Great Tusk
|-end|p2a: Great Tusk|Protosynthesis|[silent]
|move|p1a: Latios|Luster Purge|p2: Great Tusk|[notarget]
|-fail|p1a: Latios
|
|upkeep
|
|t:|1758372204
|switch|p2a: Hydrapple|Hydrapple, M, shiny|100/100
|turn|24
|
|t:|1758372211
|switch|p1a: Scizor|Scizor, M|100/100
|move|p2a: Hydrapple|Fickle Beam|p1a: Scizor
|-resisted|p1a: Scizor
|-damage|p1a: Scizor|81/100
|
|upkeep
|turn|25
|
|t:|1758372218
|move|p1a: Scizor|U-turn|p2a: Hydrapple
|-supereffective|p2a: Hydrapple
|-damage|p2a: Hydrapple|28/100
|
|t:|1758372223
|switch|p1a: Pecharunt|Pecharunt|11/100|[from] U-turn
|move|p2a: Hydrapple|Earth Power|p1a: Pecharunt
|-supereffective|p1a: Pecharunt
|-damage|p1a: Pecharunt|0 fnt
|faint|p1a: Pecharunt
|
|upkeep
|
|t:|1758372232
|switch|p1a: Scizor|Scizor, M|81/100
|turn|26
|
|t:|1758372252
|switch|p2a: Primarina|Primarina, M|56/100
|-damage|p2a: Primarina|40/100|[from] Spikes
|move|p1a: Scizor|U-turn|p2a: Primarina
|-resisted|p2a: Primarina
|-damage|p2a: Primarina|4/100
|
|t:|1758372262
|switch|p1a: Latios|Latios, M|58/100|[from] U-turn
|
|upkeep
|turn|27
|
|t:|1758372267
|move|p1a: Latios|Flip Turn|p2a: Primarina
|-resisted|p2a: Primarina
|-damage|p2a: Primarina|0 fnt
|faint|p2a: Primarina
|
|t:|1758372272
|switch|p1a: Scizor|Scizor, M|81/100|[from] Flip Turn
|
|upkeep
|
|t:|1758372275
|switch|p2a: Dragonite|Dragonite, F|100/100
|turn|28
|
|t:|1758372282
|move|p1a: Scizor|Bullet Punch|p2a: Dragonite
|-damage|p2a: Dragonite|73/100
|move|p2a: Dragonite|Earthquake|p1a: Scizor
|-damage|p1a: Scizor|39/100
|
|upkeep
|turn|29
|
|t:|1758372290
|move|p1a: Scizor|Bullet Punch|p2a: Dragonite
|-damage|p2a: Dragonite|24/100
|move|p2a: Dragonite|Earthquake|p1a: Scizor
|-damage|p1a: Scizor|4/100
|
|upkeep
|turn|30
|
|t:|1758372297
|move|p1a: Scizor|Bullet Punch|p2a: Dragonite
|-crit|p2a: Dragonite
|-damage|p2a: Dragonite|0 fnt
|faint|p2a: Dragonite
|
|upkeep
|
|t:|1758372300
|switch|p2a: Hydrapple|Hydrapple, M, shiny|61/100
|turn|31
|
|t:|1758372317
|move|p1a: Scizor|Bullet Punch|p2a: Hydrapple
|-damage|p2a: Hydrapple|33/100
|move|p2a: Hydrapple|Fickle Beam|p1a: Scizor
|-resisted|p1a: Scizor
|-damage|p1a: Scizor|0 fnt
|faint|p1a: Scizor
|
|upkeep
|
|t:|1758372325
|switch|p1a: Latios|Latios, M|58/100
|turn|32
|
|t:|1758372330
|-terastallize|p2a: Hydrapple|Fairy
|move|p1a: Latios|Draco Meteor|p2a: Hydrapple
|-immune|p2a: Hydrapple
|move|p2a: Hydrapple|Fickle Beam|p1a: Latios
|-supereffective|p1a: Latios
|-damage|p1a: Latios|0 fnt
|faint|p1a: Latios
|
|upkeep
|
|t:|1758372341
|switch|p1a: Ting-Lu|Ting-Lu|16/100
|-ability|p1a: Ting-Lu|Vessel of Ruin
|turn|33
|
|t:|1758372345
|move|p2a: Hydrapple|Giga Drain|p1a: Ting-Lu
|-supereffective|p1a: Ting-Lu
|-damage|p1a: Ting-Lu|0 fnt
|-heal|p2a: Hydrapple|43/100|[from] drain|[of] p1a: Ting-Lu
|faint|p1a: Ting-Lu
|
|upkeep
|
|t:|1758372351
|switch|p1a: Corviknight|Corviknight, M|100/100
|-ability|p1a: Corviknight|Pressure
|turn|34
|
|t:|1758372357
|move|p1a: Corviknight|Body Press|p2a: Hydrapple
|-resisted|p2a: Hydrapple
|-damage|p2a: Hydrapple|35/100
|move|p2a: Hydrapple|Giga Drain|p1a: Corviknight
|-resisted|p1a: Corviknight
|-damage|p1a: Corviknight|93/100
|-heal|p2a: Hydrapple|38/100|[from] drain|[of] p1a: Corviknight
|
|upkeep
|turn|35
|
|t:|1758372367
|move|p1a: Corviknight|Body Press|p2a: Hydrapple
|-resisted|p2a: Hydrapple
|-damage|p2a: Hydrapple|31/100
|move|p2a: Hydrapple|Giga Drain|p1a: Corviknight
|-resisted|p1a: Corviknight
|-crit|p1a: Corviknight
|-damage|p1a: Corviknight|81/100
|-heal|p2a: Hydrapple|36/100|[from] drain|[of] p1a: Corviknight
|
|upkeep
|turn|36
|
|t:|1758372376
|move|p1a: Corviknight|Body Press|p2a: Hydrapple
|-resisted|p2a: Hydrapple
|-damage|p2a: Hydrapple|30/100
|move|p2a: Hydrapple|Giga Drain|p1a: Corviknight
|-resisted|p1a: Corviknight
|-damage|p1a: Corviknight|72/100
|-heal|p2a: Hydrapple|34/100|[from] drain|[of] p1a: Corviknight
|
|upkeep
|turn|37
|
|t:|1758372384
|move|p1a: Corviknight|Body Press|p2a: Hydrapple
|-resisted|p2a: Hydrapple
|-damage|p2a: Hydrapple|26/100
|move|p2a: Hydrapple|Giga Drain|p1a: Corviknight
|-resisted|p1a: Corviknight
|-damage|p1a: Corviknight|64/100
|-heal|p2a: Hydrapple|30/100|[from] drain|[of] p1a: Corviknight
|
|upkeep
|turn|38
|
|t:|1758372393
|move|p1a: Corviknight|Body Press|p2a: Hydrapple
|-resisted|p2a: Hydrapple
|-damage|p2a: Hydrapple|23/100
|move|p2a: Hydrapple|Dragon Tail|p1a: Corviknight
|-resisted|p1a: Corviknight
|-damage|p1a: Corviknight|59/100
|-damage|p2a: Hydrapple|7/100|[from] item: Rocky Helmet|[of] p1a: Corviknight
|
|upkeep
|turn|39
|
|t:|1758372401
|move|p1a: Corviknight|Body Press|p2a: Hydrapple
|-resisted|p2a: Hydrapple
|-damage|p2a: Hydrapple|0 fnt
|faint|p2a: Hydrapple
|
|win|jdhdbdj
|raw|jdhdbdj's rating: 1387 &rarr; <strong>1409</strong><br />(+22 for winning)
|raw|Cinder D Ace's rating: 1419 &rarr; <strong>1397</strong><br />(-22 for losing)
|l|☆Cinder D Ace
|player|p2|
|l|☆jdhdbdj
|player|p1|
