|j|☆themanwithnoears
|j|☆Trumpismessiah
|t:|1758302264
|gametype|singles
|player|p1|themanwithnoears|169|1403
|player|p2|Trumpismessiah|265|1421
|gen|9
|tier|[Gen 9] OU
|rated|
|rule|HP Percentage Mod: HP is shown in percentages
|rule|Endless Battle Clause: Forcing endless battles is banned
|rule|Species Clause: Limit one of each Pokémon
|rule|OHKO Clause: OHKO moves are banned
|rule|Evasion Items Clause: Evasion items are banned
|rule|Evasion Moves Clause: Evasion moves are banned
|rule|Evasion Abilities Clause: Evasion abilities are banned
|rule|Sleep Moves Clause: Sleep-inducing moves are banned
|clearpoke
|poke|p1|Meowscarada, F|
|poke|p1|Ting-Lu|
|poke|p1|Iron Treads|
|poke|p1|Slowking-Galar, F|
|poke|p1|Ogerpon-Wellspring, F|
|poke|p1|Enamorus, F|
|poke|p2|Blaziken, F|
|poke|p2|Salamence, M|
|poke|p2|Ambipom, F|
|poke|p2|Houndstone, M|
|poke|p2|Iron Hands|
|poke|p2|Scizor, F|
|teampreview
|inactive|Battle timer is ON: inactive players will automatically lose when time's up. (requested by themanwithnoears)
|
|t:|1758302279
|teamsize|p1|6
|teamsize|p2|6
|start
|switch|p1a: Slowking|Slowking-Galar, F|100/100
|switch|p2a: Ambipom|Ambipom, F|100/100
|turn|1
|
|t:|1758302284
|switch|p1a: Ting-Lu|Ting-Lu, shiny|100/100
|-ability|p1a: Ting-Lu|Vessel of Ruin
|move|p2a: Ambipom|Beat Up|p1a: Ting-Lu
|-resisted|p1a: Ting-Lu
|-damage|p1a: Ting-Lu|99/100
|-resisted|p1a: Ting-Lu
|-damage|p1a: Ting-Lu|98/100
|-resisted|p1a: Ting-Lu
|-damage|p1a: Ting-Lu|96/100
|-resisted|p1a: Ting-Lu
|-damage|p1a: Ting-Lu|95/100
|-resisted|p1a: Ting-Lu
|-damage|p1a: Ting-Lu|93/100
|-resisted|p1a: Ting-Lu
|-damage|p1a: Ting-Lu|91/100
|-hitcount|p1a: Ting-Lu|6
|
|-heal|p1a: Ting-Lu|98/100|[from] item: Leftovers
|upkeep
|turn|2
|
|t:|1758302294
|move|p2a: Ambipom|Triple Axel|p1a: Ting-Lu
|-supereffective|p1a: Ting-Lu
|-damage|p1a: Ting-Lu|89/100
|-hitcount|p1a: Ting-Lu|1
|move|p1a: Ting-Lu|Spikes|p2a: Ambipom
|-sidestart|p2: Trumpismessiah|Spikes
|
|-heal|p1a: Ting-Lu|95/100|[from] item: Leftovers
|upkeep
|turn|3
|
|t:|1758302307
|move|p2a: Ambipom|Triple Axel|p1a: Ting-Lu
|-supereffective|p1a: Ting-Lu
|-damage|p1a: Ting-Lu|86/100
|-supereffective|p1a: Ting-Lu
|-damage|p1a: Ting-Lu|68/100
|-supereffective|p1a: Ting-Lu
|-damage|p1a: Ting-Lu|42/100
|-hitcount|p1a: Ting-Lu|3
|move|p1a: Ting-Lu|Earthquake|p2a: Ambipom
|-damage|p2a: Ambipom|40/100
|
|-heal|p1a: Ting-Lu|48/100|[from] item: Leftovers
|upkeep
|turn|4
|
|t:|1758302313
|switch|p1a: Iron Treads|Iron Treads|100/100
|move|p2a: Ambipom|Triple Axel|p1a: Iron Treads
|-damage|p1a: Iron Treads|93/100
|-hitcount|p1a: Iron Treads|1
|
|upkeep
|turn|5
|
|t:|1758302318
|move|p2a: Ambipom|Low Kick|p1a: Iron Treads
|-supereffective|p1a: Iron Treads
|-damage|p1a: Iron Treads|24/100
|move|p1a: Iron Treads|Rapid Spin|p2a: Ambipom
|-damage|p2a: Ambipom|18/100
|-boost|p1a: Iron Treads|spe|1
|
|upkeep
|turn|6
|
|t:|1758302322
|switch|p2a: Houndstone|Houndstone, M|100/100
|-damage|p2a: Houndstone|88/100|[from] Spikes
|move|p1a: Iron Treads|Knock Off|p2a: Houndstone
|-supereffective|p2a: Houndstone
|-damage|p2a: Houndstone|63/100
|-enditem|p2a: Houndstone|Leftovers|[from] move: Knock Off|[of] p1a: Iron Treads
|
|upkeep
|turn|7
|
|t:|1758302333
|move|p1a: Iron Treads|Stealth Rock|p2a: Houndstone
|-sidestart|p2: Trumpismessiah|move: Stealth Rock
|move|p2a: Houndstone|Will-O-Wisp|p1a: Iron Treads|[miss]
|-miss|p2a: Houndstone|p1a: Iron Treads
|
|upkeep
|turn|8
|
|t:|1758302352
|move|p1a: Iron Treads|Earthquake|p2a: Houndstone
|-damage|p2a: Houndstone|19/100
|move|p2a: Houndstone|Poltergeist|p1a: Iron Treads
|-activate|p1a: Iron Treads|move: Poltergeist|Shuca Berry
|-damage|p1a: Iron Treads|0 fnt
|faint|p1a: Iron Treads
|-end|p1a: Iron Treads|Quark Drive|[silent]
|
|upkeep
|
|t:|1758302372
|switch|p1a: Meowscarada|Meowscarada, F, shiny|100/100
|turn|9
|
|t:|1758302373
|move|p2a: Houndstone|Shadow Sneak|p1a: Meowscarada
|-resisted|p1a: Meowscarada
|-damage|p1a: Meowscarada|87/100
|move|p1a: Meowscarada|Knock Off|p2a: Houndstone
|-start|p1a: Meowscarada|typechange|Dark|[from] ability: Protean
|-supereffective|p2a: Houndstone
|-damage|p2a: Houndstone|0 fnt
|faint|p2a: Houndstone
|
|upkeep
|
|t:|1758302378
|switch|p2a: Iron Hands|Iron Hands|100/100
|-damage|p2a: Iron Hands|88/100|[from] Spikes
|-damage|p2a: Iron Hands|82/100|[from] Stealth Rock
|-enditem|p2a: Iron Hands|Booster Energy
|-activate|p2a: Iron Hands|ability: Quark Drive|[fromitem]
|-start|p2a: Iron Hands|quarkdriveatk
|turn|10
|
|t:|1758302388
|switch|p1a: Ting-Lu|Ting-Lu, shiny|48/100
|-ability|p1a: Ting-Lu|Vessel of Ruin
|move|p2a: Iron Hands|Thunder Punch|p1a: Ting-Lu
|-immune|p1a: Ting-Lu
|
|-heal|p1a: Ting-Lu|55/100|[from] item: Leftovers
|upkeep
|turn|11
|
|t:|1758302393
|move|p2a: Iron Hands|Drain Punch|p1a: Ting-Lu
|-supereffective|p1a: Ting-Lu
|-damage|p1a: Ting-Lu|6/100
|-heal|p2a: Iron Hands|100/100|[from] drain|[of] p1a: Ting-Lu
|move|p1a: Ting-Lu|Earthquake|p2a: Iron Hands
|-supereffective|p2a: Iron Hands
|-damage|p2a: Iron Hands|51/100
|
|-heal|p1a: Ting-Lu|13/100|[from] item: Leftovers
|upkeep
|turn|12
|
|t:|1758302400
|move|p2a: Iron Hands|Ice Punch|p1a: Ting-Lu
|-supereffective|p1a: Ting-Lu
|-damage|p1a: Ting-Lu|0 fnt
|faint|p1a: Ting-Lu
|
|upkeep
|
|t:|1758302403
|switch|p1a: Enamorus|Enamorus, F|100/100
|turn|13
|
|t:|1758302405
|move|p1a: Enamorus|Moonblast|p2a: Iron Hands
|-supereffective|p2a: Iron Hands
|-damage|p2a: Iron Hands|0 fnt
|faint|p2a: Iron Hands
|-end|p2a: Iron Hands|Quark Drive|[silent]
|
|upkeep
|
|t:|1758302407
|switch|p2a: Scizor|Scizor, F|100/100
|-damage|p2a: Scizor|88/100|[from] Spikes
|-damage|p2a: Scizor|76/100|[from] Stealth Rock
|turn|14
|
|t:|1758302413
|switch|p1a: Ogerpon|Ogerpon-Wellspring, F|100/100
|move|p2a: Scizor|Swords Dance|p2a: Scizor
|-boost|p2a: Scizor|atk|2
|
|upkeep
|turn|15
|
|t:|1758302425
|move|p1a: Ogerpon|Encore|p2a: Scizor
|-start|p2a: Scizor|Encore
|move|p2a: Scizor|Swords Dance|p2a: Scizor
|-boost|p2a: Scizor|atk|2
|
|upkeep
|turn|16
|
|t:|1758302432
|switch|p2a: Ambipom|Ambipom, F|18/100
|-damage|p2a: Ambipom|6/100|[from] Spikes
|-damage|p2a: Ambipom|0 fnt|[from] Stealth Rock
|faint|p2a: Ambipom
|move|p1a: Ogerpon|Ivy Cudgel|p2: Ambipom|[notarget]
|-fail|p1a: Ogerpon
|
|upkeep
|
|t:|1758302435
|switch|p2a: Salamence|Salamence, M|100/100
|-damage|p2a: Salamence|76/100|[from] Stealth Rock
|turn|17
|
|t:|1758302443
|switch|p1a: Enamorus|Enamorus, F|100/100
|move|p2a: Salamence|Dual Wingbeat|p1a: Enamorus
|-damage|p1a: Enamorus|66/100
|-damage|p1a: Enamorus|27/100
|-hitcount|p1a: Enamorus|2
|
|upkeep
|turn|18
|
|t:|1758302453
|move|p1a: Enamorus|Moonblast|p2a: Salamence
|-supereffective|p2a: Salamence
|-damage|p2a: Salamence|0 fnt
|faint|p2a: Salamence
|
|upkeep
|
|t:|1758302454
|switch|p2a: Scizor|Scizor, F|76/100
|-damage|p2a: Scizor|63/100|[from] Spikes
|-damage|p2a: Scizor|51/100|[from] Stealth Rock
|turn|19
|
|t:|1758302456
|move|p1a: Enamorus|Moonblast|p2a: Scizor
|-resisted|p2a: Scizor
|-damage|p2a: Scizor|2/100
|move|p2a: Scizor|Swords Dance|p2a: Scizor
|-boost|p2a: Scizor|atk|2
|
|upkeep
|turn|20
|
|t:|1758302463
|move|p2a: Scizor|Bullet Punch|p1a: Enamorus
|-supereffective|p1a: Enamorus
|-damage|p1a: Enamorus|0 fnt
|faint|p1a: Enamorus
|
|upkeep
|
|t:|1758302471
|switch|p1a: Ogerpon|Ogerpon-Wellspring, F|100/100
|turn|21
|
|t:|1758302475
|move|p2a: Scizor|Bullet Punch|p1a: Ogerpon
|-resisted|p1a: Ogerpon
|-damage|p1a: Ogerpon|51/100
|move|p1a: Ogerpon|Ivy Cudgel|p2a: Scizor|[anim] Ivy Cudgel Water
|-damage|p2a: Scizor|0 fnt
|faint|p2a: Scizor
|
|upkeep
|
|t:|1758302477
|switch|p2a: Blaziken|Blaziken, F|100/100
|-damage|p2a: Blaziken|88/100|[from] Spikes
|-damage|p2a: Blaziken|76/100|[from] Stealth Rock
|turn|22
|
|t:|1758302480
|move|p1a: Ogerpon|Ivy Cudgel|p2a: Blaziken|[anim] Ivy Cudgel Water
|-supereffective|p2a: Blaziken
|-damage|p2a: Blaziken|0 fnt
|faint|p2a: Blaziken
|
|win|themanwithnoears
|raw|themanwithnoears's rating: 1403 &rarr; <strong>1424</strong><br />(+21 for winning)
|raw|Trumpismessiah's rating: 1421 &rarr; <strong>1400</strong><br />(-21 for losing)
|l|☆Trumpismessiah
|player|p2|
|l|☆themanwithnoears
|player|p1|
