|j|☆hacksareus10
|j|‽gilles&johne
|t:|1758277942
|gametype|singles
|player|p1|hacksareus10|266|1211
|player|p2|gilles&johne|backers|1231
|gen|9
|tier|[Gen 9] OU
|rated|
|rule|HP Percentage Mod: HP is shown in percentages
|rule|Endless Battle Clause: Forcing endless battles is banned
|rule|Species Clause: Limit one of each Pokémon
|rule|OHKO Clause: OHKO moves are banned
|rule|Evasion Items Clause: Evasion items are banned
|rule|Evasion Moves Clause: Evasion moves are banned
|rule|Evasion Abilities Clause: Evasion abilities are banned
|rule|Sleep Moves Clause: Sleep-inducing moves are banned
|clearpoke
|poke|p1|Lucario, M|
|poke|p1|Great Tusk|
|poke|p1|Dragapult, M|
|poke|p1|Corviknight, F|
|poke|p1|Heatran, F|
|poke|p1|Comfey, F|
|poke|p2|Raging Bolt|
|poke|p2|Pelipper, F|
|poke|p2|Great Tusk|
|poke|p2|Ogerpon-Wellspring, F|
|poke|p2|Slowking-Galar, F|
|poke|p2|Iron Valiant|
|teampreview
|
|t:|1758277977
|teamsize|p1|6
|teamsize|p2|6
|start
|switch|p1a: Dragapult|Dragapult, M|100/100
|switch|p2a: Pelipper|Pelipper, F|100/100
|-weather|RainDance|[from] ability: Drizzle|[of] p2a: Pelipper
|turn|1
|inactive|Battle timer is ON: inactive players will automatically lose when time's up. (requested by hacksareus10)
|inactive|hacksareus10 has 120 seconds left.
|
|t:|1758278009
|move|p1a: Dragapult|Draco Meteor|p2a: Pelipper
|-damage|p2a: Pelipper|0 fnt
|-unboost|p1a: Dragapult|spa|2
|faint|p2a: Pelipper
|
|-weather|RainDance|[upkeep]
|upkeep
|
|t:|1758278016
|switch|p2a: Iron Valiant|Iron Valiant|100/100
|-enditem|p2a: Iron Valiant|Booster Energy
|-activate|p2a: Iron Valiant|ability: Quark Drive|[fromitem]
|-start|p2a: Iron Valiant|quarkdrivespe
|turn|2
|
|t:|1758278026
|switch|p1a: Corviknight|Corviknight, F|100/100
|-ability|p1a: Corviknight|Pressure
|move|p2a: Iron Valiant|Swords Dance|p2a: Iron Valiant
|-boost|p2a: Iron Valiant|atk|2
|
|-weather|RainDance|[upkeep]
|upkeep
|turn|3
|
|t:|1758278038
|-terastallize|p2a: Iron Valiant|Fairy
|move|p2a: Iron Valiant|Swords Dance|p2a: Iron Valiant
|-boost|p2a: Iron Valiant|atk|2
|move|p1a: Corviknight|Body Press|p2a: Iron Valiant
|-resisted|p2a: Iron Valiant
|-damage|p2a: Iron Valiant|86/100
|
|-weather|RainDance|[upkeep]
|upkeep
|turn|4
|
|t:|1758278049
|move|p2a: Iron Valiant|Encore|p1a: Corviknight
|-start|p1a: Corviknight|Encore
|move|p1a: Corviknight|Body Press|p2a: Iron Valiant
|-resisted|p2a: Iron Valiant
|-damage|p2a: Iron Valiant|70/100
|
|-weather|RainDance|[upkeep]
|upkeep
|turn|5
|
|t:|1758278061
|move|p2a: Iron Valiant|Swords Dance|p2a: Iron Valiant
|-boost|p2a: Iron Valiant|atk|2
|move|p1a: Corviknight|Body Press|p2a: Iron Valiant
|-resisted|p2a: Iron Valiant
|-damage|p2a: Iron Valiant|53/100
|
|-weather|none
|upkeep
|turn|6
|
|t:|1758278069
|move|p2a: Iron Valiant|Close Combat|p1a: Corviknight
|-damage|p1a: Corviknight|0 fnt
|-unboost|p2a: Iron Valiant|def|1
|-unboost|p2a: Iron Valiant|spd|1
|-damage|p2a: Iron Valiant|36/100|[from] item: Rocky Helmet|[of] p1a: Corviknight
|faint|p1a: Corviknight
|
|upkeep
|
|t:|1758278078
|switch|p1a: Lucario|Lucario, M|100/100
|turn|7
|
|t:|1758278083
|move|p2a: Iron Valiant|Close Combat|p1a: Lucario
|-supereffective|p1a: Lucario
|-enditem|p1a: Lucario|Focus Sash
|-damage|p1a: Lucario|1/100
|-unboost|p2a: Iron Valiant|def|1
|-unboost|p2a: Iron Valiant|spd|1
|move|p1a: Lucario|Swords Dance|p1a: Lucario
|-boost|p1a: Lucario|atk|2
|
|upkeep
|turn|8
|
|t:|1758278095
|move|p1a: Lucario|Bullet Punch|p2a: Iron Valiant
|-supereffective|p2a: Iron Valiant
|-damage|p2a: Iron Valiant|0 fnt
|faint|p2a: Iron Valiant
|-end|p2a: Iron Valiant|Quark Drive|[silent]
|
|upkeep
|inactive|gilles&johne has 120 seconds left.
|
|t:|1758278121
|switch|p2a: Great Tusk|Great Tusk|100/100
|turn|9
|
|t:|1758278135
|move|p2a: Great Tusk|Rapid Spin|p1a: Lucario
|-resisted|p1a: Lucario
|-damage|p1a: Lucario|0 fnt
|-boost|p2a: Great Tusk|spe|1
|faint|p1a: Lucario
|
|upkeep
|
|t:|1758278142
|switch|p1a: Comfey|Comfey, F|100/100
|turn|10
|
|t:|1758278148
|move|p1a: Comfey|Draining Kiss|p2a: Great Tusk
|-supereffective|p2a: Great Tusk
|-damage|p2a: Great Tusk|58/100
|move|p2a: Great Tusk|Stealth Rock|p1a: Comfey
|-sidestart|p1: hacksareus10|move: Stealth Rock
|
|-heal|p2a: Great Tusk|65/100|[from] item: Leftovers
|upkeep
|turn|11
|
|t:|1758278163
|-end|p2a: Great Tusk|Protosynthesis|[silent]
|switch|p2a: Slowking|Slowking-Galar, F|100/100
|move|p1a: Comfey|Calm Mind|p1a: Comfey
|-boost|p1a: Comfey|spa|1
|-boost|p1a: Comfey|spd|1
|
|upkeep
|turn|12
|
|t:|1758278175
|-terastallize|p1a: Comfey|Fire
|move|p1a: Comfey|Calm Mind|p1a: Comfey
|-boost|p1a: Comfey|spa|1
|-boost|p1a: Comfey|spd|1
|move|p2a: Slowking|Sludge Wave|p1a: Comfey
|-damage|p1a: Comfey|81/100
|
|upkeep
|turn|13
|
|t:|1758278183
|move|p1a: Comfey|Calm Mind|p1a: Comfey
|-boost|p1a: Comfey|spa|1
|-boost|p1a: Comfey|spd|1
|move|p2a: Slowking|Psyshock|p1a: Comfey
|-damage|p1a: Comfey|50/100
|
|upkeep
|turn|14
|
|t:|1758278190
|move|p1a: Comfey|Giga Drain|p2a: Slowking
|-resisted|p2a: Slowking
|-damage|p2a: Slowking|90/100
|-heal|p1a: Comfey|61/100|[from] drain|[of] p2a: Slowking
|-enditem|p2a: Slowking|Eject Button
|
|t:|1758278198
|switch|p2a: Ogerpon|Ogerpon-Wellspring, F|100/100
|
|upkeep
|turn|15
|
|t:|1758278203
|move|p1a: Comfey|Draining Kiss|p2a: Ogerpon
|-damage|p2a: Ogerpon|56/100
|-heal|p1a: Comfey|100/100|[from] drain|[of] p2a: Ogerpon
|move|p2a: Ogerpon|Ivy Cudgel|p1a: Comfey|[anim] Ivy Cudgel Water
|-supereffective|p1a: Comfey
|-damage|p1a: Comfey|0 fnt
|faint|p1a: Comfey
|
|upkeep
|l|☆hacksareus10
|inactive|hacksareus10 disconnected and has a minute to reconnect!
|player|p1|
|inactive|hacksareus10 has 30 seconds to reconnect!
|inactive|hacksareus10 has 20 seconds to reconnect!
|inactive|hacksareus10 has 15 seconds to reconnect!
|j|☆hacksareus10
|inactive|hacksareus10 reconnected and has 90 seconds left.
|player|p1|hacksareus10|266|
|
|t:|1758278284
|switch|p1a: Dragapult|Dragapult, M|100/100
|-damage|p1a: Dragapult|88/100|[from] Stealth Rock
|turn|16
|inactive|gilles&johne has 120 seconds left.
|
|t:|1758278317
|move|p1a: Dragapult|U-turn|p2a: Ogerpon
|-supereffective|p2a: Ogerpon
|-damage|p2a: Ogerpon|8/100
|l|☆hacksareus10
|inactive|hacksareus10 disconnected and has a minute to reconnect!
|player|p1|
|inactive|hacksareus10 has 30 seconds to reconnect!
|inactive|hacksareus10 has 20 seconds to reconnect!
|inactive|hacksareus10 has 15 seconds to reconnect!
|inactive|hacksareus10 has 10 seconds to reconnect!
|inactive|hacksareus10 has 5 seconds to reconnect!
|-message|hacksareus10 lost due to inactivity.
|
|win|gilles&johne
|raw|hacksareus10's rating: 1211 &rarr; <strong>1187</strong><br />(-24 for losing)
|raw|gilles&amp;johne's rating: 1231 &rarr; <strong>1255</strong><br />(+24 for winning)
