|j|☆Archpop2
|j|☆kinsword
|t:|1758278834
|gametype|singles
|player|p1|Archpop2|ninjaboy|1394
|player|p2|kinsword|169|1345
|gen|9
|tier|[Gen 9] OU
|rated|
|rule|HP Percentage Mod: HP is shown in percentages
|rule|Endless Battle Clause: Forcing endless battles is banned
|rule|Species Clause: Limit one of each Pokémon
|rule|OHKO Clause: OHKO moves are banned
|rule|Evasion Items Clause: Evasion items are banned
|rule|Evasion Moves Clause: Evasion moves are banned
|rule|Evasion Abilities Clause: Evasion abilities are banned
|rule|Sleep Moves Clause: Sleep-inducing moves are banned
|clearpoke
|poke|p1|Glimmora, F|
|poke|p1|Garganacl, F|
|poke|p1|Scizor, M|
|poke|p1|Weezing-Galar, M|
|poke|p1|Zamazenta-*|
|poke|p1|Ogerpon-Wellspring, F|
|poke|p2|Dragalge, M|
|poke|p2|Rotom-Wash|
|poke|p2|Mamoswine, F|
|poke|p2|Iron Boulder|
|poke|p2|Blastoise, M|
|poke|p2|Corviknight, F|
|teampreview
|inactive|Battle timer is ON: inactive players will automatically lose when time's up. (requested by Archpop2)
|
|t:|1758278865
|teamsize|p1|6
|teamsize|p2|6
|start
|switch|p1a: Weezing|Weezing-Galar, M|100/100
|switch|p2a: Mamoswine|Mamoswine, F|100/100
|turn|1
|
|t:|1758278884
|switch|p2a: Rotom|Rotom-Wash|100/100
|move|p1a: Weezing|Will-O-Wisp|p2a: Rotom
|-status|p2a: Rotom|brn
|
|-damage|p2a: Rotom|94/100 brn|[from] brn
|upkeep
|turn|2
|
|t:|1758278896
|move|p2a: Rotom|Volt Switch|p1a: Weezing
|-damage|p1a: Weezing|62/100
|
|t:|1758278903
|switch|p2a: Dragalge|Dragalge, M|100/100|[from] Volt Switch
|move|p1a: Weezing|Sludge Bomb|p2a: Dragalge
|-resisted|p2a: Dragalge
|-damage|p2a: Dragalge|92/100
|
|-heal|p1a: Weezing|68/100|[from] item: Black Sludge
|upkeep
|turn|3
|
|t:|1758278914
|switch|p1a: Garganacl|Garganacl, F|100/100
|move|p2a: Dragalge|Sludge Bomb|p1a: Garganacl
|-resisted|p1a: Garganacl
|-crit|p1a: Garganacl
|-damage|p1a: Garganacl|71/100
|
|-heal|p1a: Garganacl|77/100|[from] item: Leftovers
|upkeep
|turn|4
|
|t:|1758278924
|move|p2a: Dragalge|Dragon Pulse|p1a: Garganacl
|-damage|p1a: Garganacl|41/100
|move|p1a: Garganacl|Stealth Rock|p2a: Dragalge
|-sidestart|p2: kinsword|move: Stealth Rock
|
|-heal|p1a: Garganacl|47/100|[from] item: Leftovers
|upkeep
|turn|5
|
|t:|1758278932
|move|p2a: Dragalge|Dragon Pulse|p1a: Garganacl
|-damage|p1a: Garganacl|13/100
|move|p1a: Garganacl|Recover|p1a: Garganacl
|-heal|p1a: Garganacl|63/100
|
|-heal|p1a: Garganacl|69/100|[from] item: Leftovers
|upkeep
|turn|6
|
|t:|1758278944
|move|p2a: Dragalge|Flip Turn|p1a: Garganacl
|-supereffective|p1a: Garganacl
|-damage|p1a: Garganacl|55/100
|
|t:|1758278950
|switch|p2a: Rotom|Rotom-Wash|94/100 brn|[from] Flip Turn
|-damage|p2a: Rotom|82/100 brn|[from] Stealth Rock
|move|p1a: Garganacl|Salt Cure|p2a: Rotom
|-damage|p2a: Rotom|67/100 brn
|-start|p2a: Rotom|Salt Cure
|
|-heal|p2a: Rotom|73/100 brn|[from] item: Leftovers
|-heal|p1a: Garganacl|61/100|[from] item: Leftovers
|-damage|p2a: Rotom|67/100 brn|[from] brn
|-damage|p2a: Rotom|42/100 brn|[from] Salt Cure
|upkeep
|turn|7
|
|t:|1758278964
|switch|p1a: Ogerpon|Ogerpon-Wellspring, F|100/100
|move|p2a: Rotom|Volt Switch|p1a: Ogerpon
|-damage|p1a: Ogerpon|67/100
|
|t:|1758278970
|switch|p2a: Corviknight|Corviknight, F|100/100|[from] Volt Switch
|-damage|p2a: Corviknight|88/100|[from] Stealth Rock
|
|upkeep
|turn|8
|
|t:|1758278977
|move|p1a: Ogerpon|Swords Dance|p1a: Ogerpon
|-boost|p1a: Ogerpon|atk|2
|move|p2a: Corviknight|U-turn|p1a: Ogerpon
|-supereffective|p1a: Ogerpon
|-damage|p1a: Ogerpon|27/100
|
|t:|1758278993
|switch|p2a: Mamoswine|Mamoswine, F|100/100|[from] U-turn
|-damage|p2a: Mamoswine|88/100|[from] Stealth Rock
|
|upkeep
|turn|9
|
|t:|1758278999
|move|p2a: Mamoswine|Ice Shard|p1a: Ogerpon
|-damage|p1a: Ogerpon|1/100
|move|p1a: Ogerpon|Trailblaze|p2a: Mamoswine
|-supereffective|p2a: Mamoswine
|-damage|p2a: Mamoswine|0 fnt
|-boost|p1a: Ogerpon|spe|1
|faint|p2a: Mamoswine
|
|upkeep
|
|t:|1758279009
|switch|p2a: Corviknight|Corviknight, F|88/100
|-damage|p2a: Corviknight|75/100|[from] Stealth Rock
|turn|10
|
|t:|1758279014
|move|p1a: Ogerpon|Ivy Cudgel|p2a: Corviknight|[anim] Ivy Cudgel Water
|-damage|p2a: Corviknight|6/100
|move|p2a: Corviknight|Defog|p1a: Ogerpon
|-unboost|p1a: Ogerpon|evasion|1
|-sideend|p2: kinsword|Stealth Rock|[from] move: Defog|[of] p2a: Corviknight
|
|upkeep
|turn|11
|
|t:|1758279021
|move|p1a: Ogerpon|Trailblaze|p2a: Corviknight
|-resisted|p2a: Corviknight
|-damage|p2a: Corviknight|0 fnt
|-boost|p1a: Ogerpon|spe|1
|-damage|p1a: Ogerpon|0 fnt|[from] item: Rocky Helmet|[of] p2a: Corviknight
|faint|p2a: Corviknight
|faint|p1a: Ogerpon
|
|upkeep
|
|t:|1758279034
|switch|p1a: Garganacl|Garganacl, F|61/100
|switch|p2a: Blastoise|Blastoise, M|100/100
|turn|12
|
|t:|1758279040
|move|p2a: Blastoise|Surf|p1a: Garganacl
|-supereffective|p1a: Garganacl
|-damage|p1a: Garganacl|8/100
|move|p1a: Garganacl|Salt Cure|p2a: Blastoise
|-damage|p2a: Blastoise|84/100
|-start|p2a: Blastoise|Salt Cure
|
|-heal|p1a: Garganacl|14/100|[from] item: Leftovers
|-damage|p2a: Blastoise|59/100|[from] Salt Cure
|upkeep
|turn|13
|
|t:|1758279055
|switch|p2a: Dragalge|Dragalge, M|92/100
|move|p1a: Garganacl|Recover|p1a: Garganacl
|-heal|p1a: Garganacl|64/100
|
|-heal|p1a: Garganacl|70/100|[from] item: Leftovers
|upkeep
|turn|14
|
|t:|1758279063
|move|p2a: Dragalge|Dragon Pulse|p1a: Garganacl
|-crit|p1a: Garganacl
|-damage|p1a: Garganacl|15/100
|move|p1a: Garganacl|Stealth Rock|p2a: Dragalge
|-sidestart|p2: kinsword|move: Stealth Rock
|
|-heal|p1a: Garganacl|21/100|[from] item: Leftovers
|upkeep
|turn|15
|
|t:|1758279071
|switch|p1a: Scizor|Scizor, M|100/100
|move|p2a: Dragalge|Dragon Pulse|p1a: Scizor
|-resisted|p1a: Scizor
|-damage|p1a: Scizor|71/100
|
|upkeep
|turn|16
|
|t:|1758279081
|switch|p2a: Rotom|Rotom-Wash|42/100 brn
|-damage|p2a: Rotom|29/100 brn|[from] Stealth Rock
|move|p1a: Scizor|Bullet Punch|p2a: Rotom
|-resisted|p2a: Rotom
|-damage|p2a: Rotom|16/100 brn
|
|-heal|p2a: Rotom|22/100 brn|[from] item: Leftovers
|-damage|p2a: Rotom|16/100 brn|[from] brn
|upkeep
|turn|17
|
|t:|1758279092
|switch|p1a: Garganacl|Garganacl, F|21/100
|move|p2a: Rotom|Will-O-Wisp|p1a: Garganacl
|-immune|p1a: Garganacl|[from] ability: Purifying Salt
|
|-heal|p2a: Rotom|22/100 brn|[from] item: Leftovers
|-heal|p1a: Garganacl|27/100|[from] item: Leftovers
|-damage|p2a: Rotom|16/100 brn|[from] brn
|upkeep
|turn|18
|
|t:|1758279102
|move|p2a: Rotom|Hydro Pump|p1a: Garganacl
|-supereffective|p1a: Garganacl
|-damage|p1a: Garganacl|0 fnt
|faint|p1a: Garganacl
|
|-heal|p2a: Rotom|22/100 brn|[from] item: Leftovers
|-damage|p2a: Rotom|16/100 brn|[from] brn
|upkeep
|
|t:|1758279109
|switch|p1a: Glimmora|Glimmora, F|100/100
|turn|19
|
|t:|1758279117
|move|p1a: Glimmora|Power Gem|p2a: Rotom
|-damage|p2a: Rotom|0 fnt
|faint|p2a: Rotom
|
|upkeep
|
|t:|1758279122
|switch|p2a: Blastoise|Blastoise, M|59/100
|-damage|p2a: Blastoise|47/100|[from] Stealth Rock
|turn|20
|
|t:|1758279129
|move|p1a: Glimmora|Power Gem|p2a: Blastoise
|-damage|p2a: Blastoise|1/100
|move|p2a: Blastoise|Surf|p1a: Glimmora
|-supereffective|p1a: Glimmora
|-damage|p1a: Glimmora|0 fnt
|faint|p1a: Glimmora
|
|upkeep
|
|t:|1758279137
|switch|p1a: Scizor|Scizor, M|71/100
|turn|21
|
|t:|1758279140
|move|p1a: Scizor|Bullet Punch|p2a: Blastoise
|-resisted|p2a: Blastoise
|-damage|p2a: Blastoise|0 fnt
|faint|p2a: Blastoise
|
|upkeep
|
|t:|1758279146
|switch|p2a: Iron Boulder|Iron Boulder|100/100
|-damage|p2a: Iron Boulder|88/100|[from] Stealth Rock
|-enditem|p2a: Iron Boulder|Booster Energy
|-activate|p2a: Iron Boulder|ability: Quark Drive|[fromitem]
|-start|p2a: Iron Boulder|quarkdrivespe
|turn|22
|
|t:|1758279155
|-terastallize|p2a: Iron Boulder|Grass
|-terastallize|p1a: Scizor|Steel
|move|p1a: Scizor|Bullet Punch|p2a: Iron Boulder
|-damage|p2a: Iron Boulder|1/100
|move|p2a: Iron Boulder|Swords Dance|p2a: Iron Boulder
|-boost|p2a: Iron Boulder|atk|2
|
|upkeep
|turn|23
|
|t:|1758279166
|move|p1a: Scizor|Bullet Punch|p2a: Iron Boulder
|-damage|p2a: Iron Boulder|0 fnt
|faint|p2a: Iron Boulder
|-end|p2a: Iron Boulder|Quark Drive|[silent]
|
|upkeep
|-message|kinsword forfeited.
|
|win|Archpop2
|raw|Archpop2's rating: 1394 &rarr; <strong>1411</strong><br />(+17 for winning)
|raw|kinsword's rating: 1345 &rarr; <strong>1328</strong><br />(-17 for losing)
|l|☆kinsword
|player|p2|
|l|☆Archpop2
|player|p1|
