|j|☆amsilver83
|j|☆WeR#4Hay!
|t:|1758331485
|gametype|singles
|player|p1|amsilver83|flint|1530
|player|p2|WeR#4Hay!|102|1591
|gen|9
|tier|[Gen 9] OU
|rated|
|rule|HP Percentage Mod: HP is shown in percentages
|rule|Endless Battle Clause: Forcing endless battles is banned
|rule|Species Clause: Limit one of each Pokémon
|rule|OHKO Clause: OHKO moves are banned
|rule|Evasion Items Clause: Evasion items are banned
|rule|Evasion Moves Clause: Evasion moves are banned
|rule|Evasion Abilities Clause: Evasion abilities are banned
|rule|Sleep Moves Clause: Sleep-inducing moves are banned
|clearpoke
|poke|p1|Iron Treads|
|poke|p1|Dragapult, M|
|poke|p1|Zamazenta-*|
|poke|p1|Corviknight, M|
|poke|p1|Ogerpon-Wellspring, F|
|poke|p1|Slowking-Galar, F|
|poke|p2|Hydrapple, M|
|poke|p2|Slowking, M|
|poke|p2|Iron Treads|
|poke|p2|Moltres|
|poke|p2|Zamazenta-*|
|poke|p2|Kingambit, F|
|teampreview
|
|t:|1758331528
|teamsize|p1|6
|teamsize|p2|6
|start
|switch|p1a: Iron Treads|Iron Treads|100/100
|switch|p2a: Zamazenta|Zamazenta|100/100
|-ability|p2a: Zamazenta|Dauntless Shield|boost
|-boost|p2a: Zamazenta|def|1
|turn|1
|
|t:|1758331546
|-end|p1a: Iron Treads|Quark Drive|[silent]
|switch|p1a: Slowking|Slowking-Galar, F|100/100
|move|p2a: Zamazenta|Crunch|p1a: Slowking
|-supereffective|p1a: Slowking
|-damage|p1a: Slowking|25/100
|-unboost|p1a: Slowking|def|1
|
|upkeep
|turn|2
|
|t:|1758331577
|switch|p1a: Corviknight|Corviknight, M|100/100
|-ability|p1a: Corviknight|Pressure
|move|p2a: Zamazenta|Crunch|p1a: Corviknight
|-damage|p1a: Corviknight|75/100
|-damage|p2a: Zamazenta|84/100|[from] item: Rocky Helmet|[of] p1a: Corviknight
|
|upkeep
|turn|3
|
|t:|1758331585
|switch|p2a: Moltres|Moltres|100/100
|move|p1a: Corviknight|U-turn|p2a: Moltres
|-resisted|p2a: Moltres
|-damage|p2a: Moltres|98/100
|-status|p1a: Corviknight|brn|[from] ability: Flame Body|[of] p2a: Moltres
|
|t:|1758331606
|switch|p1a: Ogerpon|Ogerpon-Wellspring, F|100/100|[from] U-turn
|
|upkeep
|turn|4
|
|t:|1758331610
|switch|p2a: Hydrapple|Hydrapple, M|100/100
|move|p1a: Ogerpon|Swords Dance|p1a: Ogerpon
|-boost|p1a: Ogerpon|atk|2
|
|upkeep
|turn|5
|
|t:|1758331642
|-terastallize|p2a: Hydrapple|Poison
|move|p1a: Ogerpon|Knock Off|p2a: Hydrapple
|-damage|p2a: Hydrapple|33/100
|-enditem|p2a: Hydrapple|Life Orb|[from] move: Knock Off|[of] p1a: Ogerpon
|move|p2a: Hydrapple|Leaf Storm|p1a: Ogerpon
|-damage|p1a: Ogerpon|24/100
|-unboost|p2a: Hydrapple|spa|2
|
|upkeep
|turn|6
|
|t:|1758331653
|move|p1a: Ogerpon|Ivy Cudgel|p2a: Hydrapple|[anim] Ivy Cudgel Water
|-damage|p2a: Hydrapple|0 fnt
|faint|p2a: Hydrapple
|
|upkeep
|
|t:|1758331655
|switch|p2a: TheTransGambit|Kingambit, F|100/100
|-activate|p2a: TheTransGambit|ability: Supreme Overlord
|-start|p2a: TheTransGambit|fallen1|[silent]
|turn|7
|
|t:|1758331662
|switch|p1a: Zamazenta|Zamazenta|100/100
|-ability|p1a: Zamazenta|Dauntless Shield|boost
|-boost|p1a: Zamazenta|def|1
|move|p2a: TheTransGambit|Sucker Punch||[still]
|-fail|p2a: TheTransGambit
|
|upkeep
|turn|8
|
|t:|1758331674
|switch|p1a: Dragapult|Dragapult, M|100/100
|-end|p2a: TheTransGambit|fallen1|[silent]
|switch|p2a: Moltres|Moltres|98/100
|
|upkeep
|turn|9
|
|t:|1758331681
|switch|p2a: Iron Treads|Iron Treads|100/100
|move|p1a: Dragapult|Draco Meteor|p2a: Iron Treads
|-resisted|p2a: Iron Treads
|-damage|p2a: Iron Treads|79/100
|-unboost|p1a: Dragapult|spa|2
|
|-heal|p2a: Iron Treads|85/100|[from] item: Leftovers
|upkeep
|turn|10
|
|t:|1758331690
|move|p1a: Dragapult|Will-O-Wisp|p2a: Iron Treads
|-status|p2a: Iron Treads|brn
|move|p2a: Iron Treads|Knock Off|p1a: Dragapult
|-supereffective|p1a: Dragapult
|-damage|p1a: Dragapult|68/100
|-enditem|p1a: Dragapult|Heavy-Duty Boots|[from] move: Knock Off|[of] p2a: Iron Treads
|
|-heal|p2a: Iron Treads|91/100 brn|[from] item: Leftovers
|-damage|p2a: Iron Treads|85/100 brn|[from] brn
|upkeep
|turn|11
|
|t:|1758331700
|move|p1a: Dragapult|U-turn|p2a: Iron Treads
|-resisted|p2a: Iron Treads
|-damage|p2a: Iron Treads|79/100 brn
|
|t:|1758331708
|switch|p1a: Zamazenta|Zamazenta|100/100|[from] U-turn
|move|p2a: Iron Treads|Knock Off|p1a: Zamazenta
|-resisted|p1a: Zamazenta
|-damage|p1a: Zamazenta|95/100
|-enditem|p1a: Zamazenta|Leftovers|[from] move: Knock Off|[of] p2a: Iron Treads
|
|-heal|p2a: Iron Treads|85/100 brn|[from] item: Leftovers
|-damage|p2a: Iron Treads|79/100 brn|[from] brn
|upkeep
|turn|12
|
|t:|1758331717
|switch|p1a: Dragapult|Dragapult, M|68/100
|-end|p2a: Iron Treads|Quark Drive|[silent]
|switch|p2a: Moltres|Moltres|98/100
|
|upkeep
|turn|13
|
|t:|1758331728
|move|p1a: Dragapult|Shadow Ball|p2a: Moltres
|-damage|p2a: Moltres|63/100
|move|p2a: Moltres|Roost|p2a: Moltres
|-heal|p2a: Moltres|100/100
|-singleturn|p2a: Moltres|move: Roost
|
|upkeep
|turn|14
|
|t:|1758331754
|move|p1a: Dragapult|Shadow Ball|p2a: Moltres
|-damage|p2a: Moltres|62/100
|move|p2a: Moltres|U-turn|p1a: Dragapult
|-resisted|p1a: Dragapult
|-damage|p1a: Dragapult|58/100
|
|t:|1758331757
|switch|p2a: Slowking|Slowking, M|100/100|[from] U-turn
|
|upkeep
|turn|15
|
|t:|1758331763
|move|p1a: Dragapult|U-turn|p2a: Slowking
|-supereffective|p2a: Slowking
|-damage|p2a: Slowking|62/100
|
|t:|1758331779
|switch|p1a: Slowking|Slowking-Galar, F|58/100|[from] U-turn
|move|p2a: Slowking|Thunder Wave|p1a: Slowking
|-status|p1a: Slowking|par
|
|upkeep
|turn|16
|
|t:|1758331786
|move|p2a: Slowking|Future Sight|p1a: Slowking
|-start|p2a: Slowking|move: Future Sight
|move|p1a: Slowking|Future Sight|p2a: Slowking
|-start|p1a: Slowking|move: Future Sight
|
|upkeep
|turn|17
|
|t:|1758331796
|-prepare|p2a: Slowking|Chilly Reception|[premajor]
|move|p2a: Slowking|Chilly Reception|p2a: Slowking
|-weather|Snowscape
|
|t:|1758331800
|switch|p2a: Moltres|Moltres|62/100|[from] Chilly Reception
|-prepare|p1a: Slowking|Chilly Reception|[premajor]
|move|p1a: Slowking|Chilly Reception|p1a: Slowking
|
|t:|1758331812
|switch|p1a: Iron Treads|Iron Treads|100/100|[from] Chilly Reception
|
|-weather|Snowscape|[upkeep]
|upkeep
|turn|18
|
|t:|1758331822
|move|p1a: Iron Treads|Volt Switch|p2a: Moltres
|-supereffective|p2a: Moltres
|-damage|p2a: Moltres|41/100
|
|t:|1758331825
|-end|p1a: Iron Treads|Quark Drive|[silent]
|switch|p1a: Slowking|Slowking-Galar, F|91/100 par|[from] Volt Switch
|move|p2a: Moltres|Roost|p2a: Moltres
|-heal|p2a: Moltres|91/100
|-singleturn|p2a: Moltres|move: Roost
|
|-weather|Snowscape|[upkeep]
|-end|p2a: Moltres|move: Future Sight
|-damage|p2a: Moltres|43/100
|-end|p1a: Slowking|move: Future Sight
|-damage|p1a: Slowking|68/100 par
|upkeep
|turn|19
|
|t:|1758331838
|move|p2a: Moltres|Roost|p2a: Moltres
|-heal|p2a: Moltres|93/100
|-singleturn|p2a: Moltres|move: Roost
|move|p1a: Slowking|Future Sight|p2a: Moltres
|-start|p1a: Slowking|move: Future Sight
|
|-weather|Snowscape|[upkeep]
|upkeep
|turn|20
|
|t:|1758331848
|switch|p1a: Corviknight|Corviknight, M|75/100 brn
|-ability|p1a: Corviknight|Pressure
|move|p2a: Moltres|U-turn|p1a: Corviknight
|-resisted|p1a: Corviknight
|-damage|p1a: Corviknight|73/100 brn
|-damage|p2a: Moltres|76/100|[from] item: Rocky Helmet|[of] p1a: Corviknight
|
|t:|1758331852
|switch|p2a: Slowking|Slowking, M|95/100|[from] U-turn
|
|-weather|Snowscape|[upkeep]
|-damage|p1a: Corviknight|67/100 brn|[from] brn
|upkeep
|turn|21
|
|t:|1758331865
|move|p1a: Corviknight|U-turn|p2a: Slowking
|-supereffective|p2a: Slowking
|-damage|p2a: Slowking|81/100
|
|t:|1758331872
|switch|p1a: Dragapult|Dragapult, M|58/100|[from] U-turn
|move|p2a: Slowking|Future Sight|p1a: Dragapult
|-start|p2a: Slowking|move: Future Sight
|
|-weather|none
|-end|p2a: Slowking|move: Future Sight
|-resisted|p2a: Slowking
|-damage|p2a: Slowking|67/100
|upkeep
|turn|22
|
|t:|1758331884
|move|p1a: Dragapult|U-turn|p2a: Slowking
|-supereffective|p2a: Slowking
|-damage|p2a: Slowking|33/100
|
|t:|1758331890
|switch|p1a: Iron Treads|Iron Treads|100/100|[from] U-turn
|move|p2a: Slowking|Thunder Wave|p1a: Iron Treads
|-immune|p1a: Iron Treads
|
|upkeep
|turn|23
|
|t:|1758331900
|switch|p2a: Iron Treads|Iron Treads|79/100 brn
|move|p1a: Iron Treads|Stealth Rock|p2a: Iron Treads
|-sidestart|p2: WeR#4Hay!|move: Stealth Rock
|
|-end|p1a: Iron Treads|move: Future Sight
|-resisted|p1a: Iron Treads
|-damage|p1a: Iron Treads|75/100
|-heal|p2a: Iron Treads|85/100 brn|[from] item: Leftovers
|-damage|p2a: Iron Treads|79/100 brn|[from] brn
|upkeep
|turn|24
|
|t:|1758331910
|-end|p1a: Iron Treads|Quark Drive|[silent]
|switch|p1a: Corviknight|Corviknight, M|67/100 brn
|-ability|p1a: Corviknight|Pressure
|move|p2a: Iron Treads|Rapid Spin|p1a: Corviknight
|-resisted|p1a: Corviknight
|-damage|p1a: Corviknight|65/100 brn
|-boost|p2a: Iron Treads|spe|1
|-damage|p2a: Iron Treads|63/100 brn|[from] item: Rocky Helmet|[of] p1a: Corviknight
|-sideend|p2: WeR#4Hay!|Stealth Rock|[from] move: Rapid Spin|[of] p2a: Iron Treads
|
|-heal|p2a: Iron Treads|69/100 brn|[from] item: Leftovers
|-damage|p2a: Iron Treads|63/100 brn|[from] brn
|-damage|p1a: Corviknight|59/100 brn|[from] brn
|upkeep
|turn|25
|
|t:|1758331923
|move|p2a: Iron Treads|Knock Off|p1a: Corviknight
|-damage|p1a: Corviknight|52/100 brn
|-damage|p2a: Iron Treads|46/100 brn|[from] item: Rocky Helmet|[of] p1a: Corviknight
|-enditem|p1a: Corviknight|Rocky Helmet|[from] move: Knock Off|[of] p2a: Iron Treads
|move|p1a: Corviknight|Roost|p1a: Corviknight
|-heal|p1a: Corviknight|100/100 brn
|-singleturn|p1a: Corviknight|move: Roost
|
|-heal|p2a: Iron Treads|52/100 brn|[from] item: Leftovers
|-damage|p2a: Iron Treads|46/100 brn|[from] brn
|-damage|p1a: Corviknight|94/100 brn|[from] brn
|upkeep
|turn|26
|
|t:|1758331942
|-end|p2a: Iron Treads|Quark Drive|[silent]
|switch|p2a: TheTransGambit|Kingambit, F|100/100
|-activate|p2a: TheTransGambit|ability: Supreme Overlord
|-start|p2a: TheTransGambit|fallen1|[silent]
|move|p1a: Corviknight|U-turn|p2a: TheTransGambit
|-damage|p2a: TheTransGambit|96/100
|
|t:|1758331962
|switch|p1a: Zamazenta|Zamazenta|95/100|[from] U-turn
|
|-heal|p2a: TheTransGambit|100/100|[from] item: Leftovers
|upkeep
|turn|27
|
|t:|1758331972
|-end|p2a: TheTransGambit|fallen1|[silent]
|switch|p2a: Moltres|Moltres|76/100
|move|p1a: Zamazenta|Body Press|p2a: Moltres
|-resisted|p2a: Moltres
|-damage|p2a: Moltres|66/100
|
|upkeep
|turn|28
|
|t:|1758331981
|switch|p1a: Slowking|Slowking-Galar, F|100/100 par
|move|p2a: Moltres|Roost|p2a: Moltres
|-heal|p2a: Moltres|100/100
|-singleturn|p2a: Moltres|move: Roost
|
|upkeep
|turn|29
|
|t:|1758331989
|move|p2a: Moltres|U-turn|p1a: Slowking
|-damage|p1a: Slowking|87/100 par
|
|t:|1758331991
|switch|p2a: Slowking|Slowking, M|66/100|[from] U-turn
|move|p1a: Slowking|Future Sight|p2a: Slowking
|-start|p1a: Slowking|move: Future Sight
|
|upkeep
|turn|30
|
|t:|1758332027
|move|p2a: Slowking|Future Sight|p1a: Slowking
|-start|p2a: Slowking|move: Future Sight
|-prepare|p1a: Slowking|Chilly Reception|[premajor]
|move|p1a: Slowking|Chilly Reception|p1a: Slowking
|-weather|Snowscape
|
|t:|1758332032
|switch|p1a: Ogerpon|Ogerpon-Wellspring, F|24/100|[from] Chilly Reception
|
|-weather|Snowscape|[upkeep]
|upkeep
|turn|31
|
|t:|1758332047
|switch|p2a: TheTransGambit|Kingambit, F|100/100
|-activate|p2a: TheTransGambit|ability: Supreme Overlord
|-start|p2a: TheTransGambit|fallen1|[silent]
|move|p1a: Ogerpon|Ivy Cudgel|p2a: TheTransGambit|[anim] Ivy Cudgel Water
|-damage|p2a: TheTransGambit|56/100
|
|-weather|Snowscape|[upkeep]
|-end|p2a: TheTransGambit|move: Future Sight
|-immune|p2a: TheTransGambit
|-heal|p2a: TheTransGambit|63/100|[from] item: Leftovers
|upkeep
|turn|32
|
|t:|1758332062
|switch|p1a: Corviknight|Corviknight, M|94/100 brn
|-ability|p1a: Corviknight|Pressure
|move|p2a: TheTransGambit|Kowtow Cleave|p1a: Corviknight
|-damage|p1a: Corviknight|61/100 brn
|
|-weather|Snowscape|[upkeep]
|-end|p1a: Corviknight|move: Future Sight
|-resisted|p1a: Corviknight
|-damage|p1a: Corviknight|42/100 brn
|-heal|p2a: TheTransGambit|69/100|[from] item: Leftovers
|-damage|p1a: Corviknight|36/100 brn|[from] brn
|upkeep
|turn|33
|
|t:|1758332095
|move|p1a: Corviknight|Roost|p1a: Corviknight
|-heal|p1a: Corviknight|86/100 brn
|-singleturn|p1a: Corviknight|move: Roost
|move|p2a: TheTransGambit|Kowtow Cleave|p1a: Corviknight
|-damage|p1a: Corviknight|55/100 brn
|
|-weather|Snowscape|[upkeep]
|-heal|p2a: TheTransGambit|75/100|[from] item: Leftovers
|-damage|p1a: Corviknight|49/100 brn|[from] brn
|upkeep
|turn|34
|
|t:|1758332105
|move|p1a: Corviknight|Roost|p1a: Corviknight
|-heal|p1a: Corviknight|99/100 brn
|-singleturn|p1a: Corviknight|move: Roost
|move|p2a: TheTransGambit|Kowtow Cleave|p1a: Corviknight
|-damage|p1a: Corviknight|66/100 brn
|
|-weather|none
|-heal|p2a: TheTransGambit|81/100|[from] item: Leftovers
|-damage|p1a: Corviknight|60/100 brn|[from] brn
|upkeep
|turn|35
|
|t:|1758332116
|switch|p1a: Zamazenta|Zamazenta|95/100
|move|p2a: TheTransGambit|Sucker Punch||[still]
|-fail|p2a: TheTransGambit
|
|-heal|p2a: TheTransGambit|88/100|[from] item: Leftovers
|upkeep
|turn|36
|
|t:|1758332125
|switch|p1a: Ogerpon|Ogerpon-Wellspring, F|24/100
|-end|p2a: TheTransGambit|fallen1|[silent]
|switch|p2a: Moltres|Moltres|100/100
|
|upkeep
|turn|37
|
|t:|1758332151
|switch|p2a: TheTransGambit|Kingambit, F|88/100
|-activate|p2a: TheTransGambit|ability: Supreme Overlord
|-start|p2a: TheTransGambit|fallen1|[silent]
|move|p1a: Ogerpon|Horn Leech|p2a: TheTransGambit
|-resisted|p2a: TheTransGambit
|-damage|p2a: TheTransGambit|72/100
|-heal|p1a: Ogerpon|35/100|[from] drain|[of] p2a: TheTransGambit
|
|-heal|p2a: TheTransGambit|78/100|[from] item: Leftovers
|upkeep
|turn|38
|
|t:|1758332165
|switch|p1a: Zamazenta|Zamazenta|95/100
|move|p2a: TheTransGambit|Kowtow Cleave|p1a: Zamazenta
|-resisted|p1a: Zamazenta
|-damage|p1a: Zamazenta|68/100
|
|-heal|p2a: TheTransGambit|84/100|[from] item: Leftovers
|upkeep
|turn|39
|
|t:|1758332173
|-end|p2a: TheTransGambit|fallen1|[silent]
|switch|p2a: Moltres|Moltres|100/100
|move|p1a: Zamazenta|Body Press|p2a: Moltres
|-resisted|p2a: Moltres
|-damage|p2a: Moltres|90/100
|-status|p1a: Zamazenta|brn|[from] ability: Flame Body|[of] p2a: Moltres
|
|-damage|p1a: Zamazenta|62/100 brn|[from] brn
|upkeep
|turn|40
|
|t:|1758332181
|switch|p1a: Dragapult|Dragapult, M|58/100
|move|p2a: Moltres|U-turn|p1a: Dragapult
|-resisted|p1a: Dragapult
|-damage|p1a: Dragapult|48/100
|
|t:|1758332190
|switch|p2a: Slowking|Slowking, M|99/100|[from] U-turn
|
|upkeep
|turn|41
|
|t:|1758332195
|move|p1a: Dragapult|Will-O-Wisp|p2a: Slowking
|-status|p2a: Slowking|brn
|move|p2a: Slowking|Future Sight|p1a: Dragapult
|-start|p2a: Slowking|move: Future Sight
|
|-damage|p2a: Slowking|93/100 brn|[from] brn
|upkeep
|turn|42
|
|t:|1758332202
|move|p1a: Dragapult|U-turn|p2a: Slowking
|-supereffective|p2a: Slowking
|-damage|p2a: Slowking|60/100 brn
|
|t:|1758332205
|switch|p1a: Slowking|Slowking-Galar, F|100/100 par|[from] U-turn
|-prepare|p2a: Slowking|Chilly Reception|[premajor]
|move|p2a: Slowking|Chilly Reception|p2a: Slowking
|-weather|Snowscape
|
|t:|1758332208
|switch|p2a: TheTransGambit|Kingambit, F|84/100|[from] Chilly Reception
|-activate|p2a: TheTransGambit|ability: Supreme Overlord
|-start|p2a: TheTransGambit|fallen1|[silent]
|
|-weather|Snowscape|[upkeep]
|-heal|p2a: TheTransGambit|90/100|[from] item: Leftovers
|upkeep
|turn|43
|
|t:|1758332218
|-terastallize|p1a: Slowking|Dark
|move|p2a: TheTransGambit|Kowtow Cleave|p1a: Slowking
|-resisted|p1a: Slowking
|-damage|p1a: Slowking|73/100 par
|move|p1a: Slowking|Flamethrower|p2a: TheTransGambit
|-supereffective|p2a: TheTransGambit
|-damage|p2a: TheTransGambit|47/100
|
|-weather|Snowscape|[upkeep]
|-end|p1a: Slowking|move: Future Sight
|-immune|p1a: Slowking
|-heal|p2a: TheTransGambit|54/100|[from] item: Leftovers
|upkeep
|turn|44
|
|t:|1758332229
|move|p2a: TheTransGambit|Iron Head|p1a: Slowking
|-damage|p1a: Slowking|21/100 par
|cant|p1a: Slowking|flinch
|
|-weather|Snowscape|[upkeep]
|-heal|p2a: TheTransGambit|60/100|[from] item: Leftovers
|upkeep
|turn|45
|
|t:|1758332236
|switch|p1a: Iron Treads|Iron Treads|75/100
|move|p2a: TheTransGambit|Kowtow Cleave|p1a: Iron Treads
|-damage|p1a: Iron Treads|36/100
|
|-weather|Snowscape|[upkeep]
|-heal|p2a: TheTransGambit|66/100|[from] item: Leftovers
|upkeep
|turn|46
|inactive|Battle timer is ON: inactive players will automatically lose when time's up. (requested by amsilver83)
|inactive|WeR#4Hay! has 120 seconds left.
|
|t:|1758332323
|-end|p2a: TheTransGambit|fallen1|[silent]
|switch|p2a: Moltres|Moltres|90/100
|move|p1a: Iron Treads|Volt Switch|p2a: Moltres
|-supereffective|p2a: Moltres
|-crit|p2a: Moltres
|-damage|p2a: Moltres|57/100
|c|☆WeR#4Hay!|good pivot
|
|t:|1758332330
|-end|p1a: Iron Treads|Quark Drive|[silent]
|switch|p1a: Ogerpon|Ogerpon-Wellspring, F|35/100|[from] Volt Switch
|
|-weather|none
|upkeep
|turn|47
|
|t:|1758332336
|switch|p2a: TheTransGambit|Kingambit, F|66/100
|-activate|p2a: TheTransGambit|ability: Supreme Overlord
|-start|p2a: TheTransGambit|fallen1|[silent]
|move|p1a: Ogerpon|Ivy Cudgel|p2a: TheTransGambit|[anim] Ivy Cudgel Water
|-damage|p2a: TheTransGambit|23/100
|
|-heal|p2a: TheTransGambit|29/100|[from] item: Leftovers
|upkeep
|turn|48
|
|t:|1758332345
|move|p2a: TheTransGambit|Sucker Punch|p1a: Ogerpon
|-damage|p1a: Ogerpon|0 fnt
|faint|p1a: Ogerpon
|
|-heal|p2a: TheTransGambit|35/100|[from] item: Leftovers
|upkeep
|-message|amsilver83 forfeited.
|
|win|WeR#4Hay!
|raw|amsilver83's rating: 1530 &rarr; <strong>1513</strong><br />(-17 for losing)
|raw|WeR#4Hay!'s rating: 1591 &rarr; <strong>1608</strong><br />(+17 for winning)
|l|☆amsilver83
|player|p1|
