|j|☆catcat77
|j|☆ToLLi
|t:|1758341547
|gametype|singles
|player|p1|catcat77|caitlin|1510
|player|p2|ToLLi|blue|1590
|gen|9
|tier|[Gen 9] OU
|rated|
|rule|HP Percentage Mod: HP is shown in percentages
|rule|Endless Battle Clause: Forcing endless battles is banned
|rule|Species Clause: Limit one of each Pokémon
|rule|OHKO Clause: OHKO moves are banned
|rule|Evasion Items Clause: Evasion items are banned
|rule|Evasion Moves Clause: Evasion moves are banned
|rule|Evasion Abilities Clause: Evasion abilities are banned
|rule|Sleep Moves Clause: Sleep-inducing moves are banned
|clearpoke
|poke|p1|Ogerpon-Wellspring, F|
|poke|p1|Kingambit, M|
|poke|p1|Great Tusk|
|poke|p1|Raging Bolt|
|poke|p1|Iron Crown|
|poke|p1|Zamazenta-*|
|poke|p2|Raging Bolt|
|poke|p2|Weezing-Galar, M|
|poke|p2|Landorus-Therian, M|
|poke|p2|Ceruledge, M|
|poke|p2|Ogerpon-Wellspring, F|
|poke|p2|Moltres-Galar|
|teampreview
|
|t:|1758341579
|teamsize|p1|6
|teamsize|p2|6
|start
|switch|p1a: Ogerpon|Ogerpon-Wellspring, F|100/100
|switch|p2a: Landorus|Landorus-Therian, M|100/100
|-ability|p2a: Landorus|Intimidate|boost
|-unboost|p1a: Ogerpon|atk|1
|turn|1
|
|t:|1758341591
|switch|p1a: Great Tusk|Great Tusk|100/100
|move|p2a: Landorus|U-turn|p1a: Great Tusk
|-resisted|p1a: Great Tusk
|-damage|p1a: Great Tusk|92/100
|-damage|p2a: Landorus|84/100|[from] item: Rocky Helmet|[of] p1a: Great Tusk
|
|t:|1758341598
|switch|p2a: Weezing|Weezing-Galar, M|100/100|[from] U-turn
|
|upkeep
|turn|2
|
|t:|1758341603
|move|p1a: Great Tusk|Headlong Rush|p2a: Weezing
|-immune|p2a: Weezing|[from] ability: Levitate
|move|p2a: Weezing|Will-O-Wisp|p1a: Great Tusk
|-status|p1a: Great Tusk|brn
|
|-damage|p1a: Great Tusk|86/100 brn|[from] brn
|upkeep
|turn|3
|
|t:|1758341616
|-end|p1a: Great Tusk|Protosynthesis|[silent]
|switch|p1a: Iron Crown|Iron Crown|100/100
|move|p2a: Weezing|Will-O-Wisp|p1a: Iron Crown
|-status|p1a: Iron Crown|brn
|
|-damage|p1a: Iron Crown|94/100 brn|[from] brn
|upkeep
|turn|4
|
|t:|1758341671
|switch|p2a: Raging Bolt|Raging Bolt|100/100
|-enditem|p2a: Raging Bolt|Booster Energy
|-activate|p2a: Raging Bolt|ability: Protosynthesis|[fromitem]
|-start|p2a: Raging Bolt|protosynthesisspa
|move|p1a: Iron Crown|Volt Switch|p2a: Raging Bolt
|-resisted|p2a: Raging Bolt
|-damage|p2a: Raging Bolt|92/100
|
|t:|1758341680
|-end|p1a: Iron Crown|Quark Drive|[silent]
|switch|p1a: Great Tusk|Great Tusk|86/100 brn|[from] Volt Switch
|
|-damage|p1a: Great Tusk|80/100 brn|[from] brn
|upkeep
|turn|5
|
|t:|1758341694
|-end|p2a: Raging Bolt|Protosynthesis|[silent]
|switch|p2a: Weezing|Weezing-Galar, M|100/100
|move|p1a: Great Tusk|Ice Spinner|p2a: Weezing
|-damage|p2a: Weezing|92/100
|
|-damage|p1a: Great Tusk|74/100 brn|[from] brn
|upkeep
|turn|6
|
|t:|1758341717
|-end|p1a: Great Tusk|Protosynthesis|[silent]
|switch|p1a: Iron Crown|Iron Crown|94/100 brn
|switch|p2a: Ceruledge|Ceruledge, M, shiny|100/100
|
|-damage|p1a: Iron Crown|88/100 brn|[from] brn
|upkeep
|turn|7
|
|t:|1758341725
|move|p1a: Iron Crown|Volt Switch|p2a: Ceruledge
|-damage|p2a: Ceruledge|58/100
|
|t:|1758341729
|-end|p1a: Iron Crown|Quark Drive|[silent]
|switch|p1a: Great Tusk|Great Tusk|74/100 brn|[from] Volt Switch
|move|p2a: Ceruledge|Swords Dance|p2a: Ceruledge
|-boost|p2a: Ceruledge|atk|2
|
|-damage|p1a: Great Tusk|68/100 brn|[from] brn
|upkeep
|turn|8
|
|t:|1758341759
|-terastallize|p2a: Ceruledge|Ghost
|move|p2a: Ceruledge|Shadow Sneak|p1a: Great Tusk
|-damage|p1a: Great Tusk|27/100 brn
|-damage|p2a: Ceruledge|42/100|[from] item: Rocky Helmet|[of] p1a: Great Tusk
|move|p1a: Great Tusk|Headlong Rush|p2a: Ceruledge
|-damage|p2a: Ceruledge|0 fnt
|-unboost|p1a: Great Tusk|def|1
|-unboost|p1a: Great Tusk|spd|1
|faint|p2a: Ceruledge
|
|-damage|p1a: Great Tusk|21/100 brn|[from] brn
|upkeep
|
|t:|1758341774
|switch|p2a: Moltres|Moltres-Galar, shiny|100/100
|turn|9
|
|t:|1758341778
|move|p1a: Great Tusk|Ice Spinner|p2a: Moltres
|-supereffective|p2a: Moltres
|-damage|p2a: Moltres|72/100
|move|p2a: Moltres|Agility|p2a: Moltres
|-boost|p2a: Moltres|spe|2
|
|-damage|p1a: Great Tusk|15/100 brn|[from] brn
|upkeep
|turn|10
|
|t:|1758341793
|move|p2a: Moltres|Fiery Wrath|p1a: Great Tusk
|-resisted|p1a: Great Tusk
|-damage|p1a: Great Tusk|0 fnt
|faint|p1a: Great Tusk
|-end|p1a: Great Tusk|Protosynthesis|[silent]
|
|upkeep
|
|t:|1758341799
|switch|p1a: Raging Bolt|Raging Bolt|100/100
|turn|11
|
|t:|1758341805
|switch|p2a: Landorus|Landorus-Therian, M|84/100
|-ability|p2a: Landorus|Intimidate|boost
|-unboost|p1a: Raging Bolt|atk|1
|move|p1a: Raging Bolt|Draco Meteor|p2a: Landorus
|-damage|p2a: Landorus|0 fnt
|-unboost|p1a: Raging Bolt|spa|2
|faint|p2a: Landorus
|
|upkeep
|
|t:|1758341830
|switch|p2a: Ogerpon|Ogerpon-Wellspring, F|100/100
|turn|12
|
|t:|1758341836
|-end|p1a: Raging Bolt|Protosynthesis|[silent]
|switch|p1a: Zamazenta|Zamazenta|100/100
|-ability|p1a: Zamazenta|Dauntless Shield|boost
|-boost|p1a: Zamazenta|def|1
|move|p2a: Ogerpon|Swords Dance|p2a: Ogerpon
|-boost|p2a: Ogerpon|atk|2
|
|upkeep
|turn|13
|
|t:|1758341843
|switch|p2a: Weezing|Weezing-Galar, M|92/100
|move|p1a: Zamazenta|Iron Defense|p1a: Zamazenta
|-boost|p1a: Zamazenta|def|2
|
|upkeep
|turn|14
|
|t:|1758341850
|switch|p1a: Iron Crown|Iron Crown|88/100 brn
|move|p2a: Weezing|Will-O-Wisp|p1a: Iron Crown
|-fail|p1a: Iron Crown|brn
|
|-damage|p1a: Iron Crown|82/100 brn|[from] brn
|upkeep
|turn|15
|
|t:|1758341863
|move|p1a: Iron Crown|Psychic|p2a: Weezing
|-supereffective|p2a: Weezing
|-damage|p2a: Weezing|0 fnt
|faint|p2a: Weezing
|
|-damage|p1a: Iron Crown|76/100 brn|[from] brn
|upkeep
|
|t:|1758341871
|switch|p2a: Raging Bolt|Raging Bolt|92/100
|turn|16
|
|t:|1758341875
|move|p1a: Iron Crown|Psychic|p2a: Raging Bolt
|-damage|p2a: Raging Bolt|15/100
|move|p2a: Raging Bolt|Calm Mind|p2a: Raging Bolt
|-boost|p2a: Raging Bolt|spa|1
|-boost|p2a: Raging Bolt|spd|1
|
|-damage|p1a: Iron Crown|69/100 brn|[from] brn
|upkeep
|turn|17
|
|t:|1758341883
|move|p2a: Raging Bolt|Thunderclap|p1a: Iron Crown
|-damage|p1a: Iron Crown|6/100 brn
|move|p1a: Iron Crown|Psychic|p2a: Raging Bolt
|-damage|p2a: Raging Bolt|0 fnt
|faint|p2a: Raging Bolt
|-end|p2a: Raging Bolt|Protosynthesis|[silent]
|
|-damage|p1a: Iron Crown|0 fnt|[from] brn
|faint|p1a: Iron Crown
|-end|p1a: Iron Crown|Quark Drive|[silent]
|upkeep
|
|t:|1758341893
|switch|p1a: Ogerpon|Ogerpon-Wellspring, F|100/100
|switch|p2a: Moltres|Moltres-Galar, shiny|72/100
|turn|18
|
|t:|1758341908
|move|p1a: Ogerpon|Ivy Cudgel|p2a: Moltres|[anim] Ivy Cudgel Water
|-damage|p2a: Moltres|9/100
|-ability|p2a: Moltres|Berserk|boost
|-boost|p2a: Moltres|spa|1
|-enditem|p2a: Moltres|Sitrus Berry|[eat]
|-heal|p2a: Moltres|34/100|[from] item: Sitrus Berry
|move|p2a: Moltres|Hurricane|p1a: Ogerpon
|-supereffective|p1a: Ogerpon
|-damage|p1a: Ogerpon|0 fnt
|faint|p1a: Ogerpon
|
|upkeep
|
|t:|1758341913
|switch|p1a: Raging Bolt|Raging Bolt|100/100
|turn|19
|
|t:|1758341929
|move|p2a: Moltres|Agility|p2a: Moltres
|-boost|p2a: Moltres|spe|2
|move|p1a: Raging Bolt|Thunderbolt|p2a: Moltres
|-supereffective|p2a: Moltres
|-damage|p2a: Moltres|0 fnt
|faint|p2a: Moltres
|
|upkeep
|
|t:|1758341936
|switch|p2a: Ogerpon|Ogerpon-Wellspring, F|100/100
|turn|20
|
|t:|1758341944
|move|p2a: Ogerpon|Swords Dance|p2a: Ogerpon
|-boost|p2a: Ogerpon|atk|2
|move|p1a: Raging Bolt|Thunderbolt|p2a: Ogerpon
|-damage|p2a: Ogerpon|34/100
|
|upkeep
|turn|21
|
|t:|1758341952
|move|p2a: Ogerpon|Play Rough|p1a: Raging Bolt
|-supereffective|p1a: Raging Bolt
|-damage|p1a: Raging Bolt|0 fnt
|faint|p1a: Raging Bolt
|-end|p1a: Raging Bolt|Protosynthesis|[silent]
|
|upkeep
|
|t:|1758341956
|switch|p1a: Kingambit|Kingambit, M|100/100
|turn|22
|
|t:|1758341962
|move|p1a: Kingambit|Sucker Punch|p2a: Ogerpon
|-damage|p2a: Ogerpon|0 fnt
|faint|p2a: Ogerpon
|
|win|catcat77
|raw|catcat77's rating: 1510 &rarr; <strong>1535</strong><br />(+25 for winning)
|raw|ToLLi's rating: 1590 &rarr; <strong>1565</strong><br />(-25 for losing)
|l|☆catcat77
|player|p1|
|l|☆ToLLi
|player|p2|
