|j|☆Jon Mateo
|j|☆homunculus74
|t:|1758291948
|gametype|singles
|player|p1|Jon Mateo|265|1358
|player|p2|homunculus74|bruno|1333
|gen|9
|tier|[Gen 9] OU
|rated|
|rule|HP Percentage Mod: HP is shown in percentages
|rule|Endless Battle Clause: Forcing endless battles is banned
|rule|Species Clause: Limit one of each Pokémon
|rule|OHKO Clause: OHKO moves are banned
|rule|Evasion Items Clause: Evasion items are banned
|rule|Evasion Moves Clause: Evasion moves are banned
|rule|Evasion Abilities Clause: Evasion abilities are banned
|rule|Sleep Moves Clause: Sleep-inducing moves are banned
|clearpoke
|poke|p1|Ceruledge, M|
|poke|p1|Lokix, M|
|poke|p1|Quaquaval, F|
|poke|p1|Gardevoir, M|
|poke|p1|Garchomp, M|
|poke|p1|Rotom-Frost|
|poke|p2|Iron Moth|
|poke|p2|Umbreon, M|
|poke|p2|Garchomp, M|
|poke|p2|Glimmora, F|
|poke|p2|Gholdengo|
|poke|p2|Dragonite, F|
|teampreview
|
|t:|1758291955
|teamsize|p1|6
|teamsize|p2|6
|start
|switch|p1a: Quaquaval|Quaquaval, F|100/100
|switch|p2a: Julia Jacklin|Glimmora, F|100/100
|turn|1
|
|t:|1758291962
|move|p2a: Julia Jacklin|Mortal Spin|p1a: Quaquaval
|-damage|p1a: Quaquaval|93/100
|-status|p1a: Quaquaval|psn
|move|p1a: Quaquaval|Aqua Step|p2a: Julia Jacklin
|-supereffective|p2a: Julia Jacklin
|-enditem|p2a: Julia Jacklin|Focus Sash
|-damage|p2a: Julia Jacklin|1/100
|-boost|p1a: Quaquaval|spe|1
|-activate|p2a: Julia Jacklin|ability: Toxic Debris
|-sidestart|p1: Jon Mateo|move: Toxic Spikes
|
|-damage|p1a: Quaquaval|80/100 psn|[from] psn
|upkeep
|turn|2
|inactive|Battle timer is ON: inactive players will automatically lose when time's up. (requested by homunculus74)
|
|t:|1758291973
|move|p1a: Quaquaval|Aqua Step|p2a: Julia Jacklin
|-supereffective|p2a: Julia Jacklin
|-damage|p2a: Julia Jacklin|0 fnt
|-boost|p1a: Quaquaval|spe|1
|-activate|p2a: Julia Jacklin|ability: Toxic Debris
|-sidestart|p1: Jon Mateo|move: Toxic Spikes
|faint|p2a: Julia Jacklin
|-ability|p1a: Quaquaval|Moxie|boost
|-boost|p1a: Quaquaval|atk|1
|
|-damage|p1a: Quaquaval|68/100 psn|[from] psn
|upkeep
|
|t:|1758291989
|switch|p2a: Elucid|Dragonite, F|100/100
|turn|3
|
|t:|1758291992
|move|p2a: Elucid|Extreme Speed|p1a: Quaquaval
|-damage|p1a: Quaquaval|33/100 psn
|move|p1a: Quaquaval|Aqua Step|p2a: Elucid
|-resisted|p2a: Elucid
|-damage|p2a: Elucid|73/100
|-boost|p1a: Quaquaval|spe|1
|
|-damage|p1a: Quaquaval|21/100 psn|[from] psn
|upkeep
|turn|4
|
|t:|1758292002
|switch|p1a: Garchomp|Garchomp, M|100/100
|-status|p1a: Garchomp|tox
|move|p2a: Elucid|Extreme Speed|p1a: Garchomp
|-damage|p1a: Garchomp|72/100 tox
|-damage|p2a: Elucid|60/100|[from] ability: Rough Skin|[of] p1a: Garchomp
|
|-damage|p1a: Garchomp|66/100 tox|[from] psn
|upkeep
|turn|5
|
|t:|1758292012
|-terastallize|p2a: Elucid|Normal
|move|p2a: Elucid|Dragon Dance|p2a: Elucid
|-boost|p2a: Elucid|atk|1
|-boost|p2a: Elucid|spe|1
|move|p1a: Garchomp|Scale Shot|p2a: Elucid
|-damage|p2a: Elucid|44/100
|-damage|p2a: Elucid|27/100
|-damage|p2a: Elucid|10/100
|-damage|p2a: Elucid|0 fnt
|faint|p2a: Elucid
|-hitcount|p2: Elucid|4
|-unboost|p1a: Garchomp|def|1
|-boost|p1a: Garchomp|spe|1
|
|-damage|p1a: Garchomp|54/100 tox|[from] psn
|upkeep
|
|t:|1758292024
|switch|p2a: Alvvays|Umbreon, M|100/100
|turn|6
|
|t:|1758292031
|move|p1a: Garchomp|Swords Dance|p1a: Garchomp
|-boost|p1a: Garchomp|atk|2
|move|p2a: Alvvays|Foul Play|p1a: Garchomp
|-damage|p1a: Garchomp|0 fnt
|-damage|p2a: Alvvays|88/100|[from] ability: Rough Skin|[of] p1a: Garchomp
|faint|p1a: Garchomp
|
|-heal|p2a: Alvvays|94/100|[from] item: Leftovers
|upkeep
|
|t:|1758292038
|switch|p1a: Lokix|Lokix, M|100/100
|-status|p1a: Lokix|tox
|turn|7
|
|t:|1758292044
|switch|p2a: Smino|Gholdengo|100/100
|move|p1a: Lokix|U-turn|p2a: Smino
|-resisted|p2a: Smino
|-damage|p2a: Smino|85/100
|
|t:|1758292053
|switch|p1a: Ceruledge|Ceruledge, M|100/100|[from] U-turn
|-status|p1a: Ceruledge|tox
|
|-damage|p1a: Ceruledge|94/100 tox|[from] psn
|upkeep
|turn|8
|
|t:|1758292063
|-terastallize|p1a: Ceruledge|Fire
|move|p2a: Smino|Shadow Ball|p1a: Ceruledge
|-damage|p1a: Ceruledge|51/100 tox
|move|p1a: Ceruledge|Swords Dance|p1a: Ceruledge
|-boost|p1a: Ceruledge|atk|2
|
|-damage|p1a: Ceruledge|38/100 tox|[from] psn
|upkeep
|turn|9
|
|t:|1758292084
|switch|p2a: Alvvays|Umbreon, M|94/100
|move|p1a: Ceruledge|Shadow Sneak|p2a: Alvvays
|-resisted|p2a: Alvvays
|-damage|p2a: Alvvays|72/100
|-damage|p1a: Ceruledge|28/100 tox|[from] item: Life Orb
|
|-heal|p2a: Alvvays|78/100|[from] item: Leftovers
|-damage|p1a: Ceruledge|10/100 tox|[from] psn
|upkeep
|turn|10
|
|t:|1758292088
|move|p1a: Ceruledge|Bitter Blade|p2a: Alvvays
|-damage|p2a: Alvvays|0 fnt
|-heal|p1a: Ceruledge|62/100 tox|[from] drain|[of] p2a: Alvvays
|faint|p2a: Alvvays
|-damage|p1a: Ceruledge|52/100 tox|[from] item: Life Orb
|
|-damage|p1a: Ceruledge|28/100 tox|[from] psn
|upkeep
|
|t:|1758292094
|switch|p2a: Carly Rae|Iron Moth|100/100
|-enditem|p2a: Carly Rae|Booster Energy
|-activate|p2a: Carly Rae|ability: Quark Drive|[fromitem]
|-start|p2a: Carly Rae|quarkdrivespe
|turn|11
|
|t:|1758292101
|move|p1a: Ceruledge|Shadow Sneak|p2a: Carly Rae
|-damage|p2a: Carly Rae|22/100
|-damage|p1a: Ceruledge|18/100 tox|[from] item: Life Orb
|move|p2a: Carly Rae|Fiery Dance|p1a: Ceruledge
|-resisted|p1a: Ceruledge
|-damage|p1a: Ceruledge|0 fnt
|faint|p1a: Ceruledge
|
|upkeep
|
|t:|1758292104
|switch|p1a: Quaquaval|Quaquaval, F|21/100 psn
|turn|12
|
|t:|1758292110
|move|p1a: Quaquaval|Aqua Jet|p2a: Carly Rae
|-supereffective|p2a: Carly Rae
|-damage|p2a: Carly Rae|0 fnt
|faint|p2a: Carly Rae
|-end|p2a: Carly Rae|Quark Drive|[silent]
|-ability|p1a: Quaquaval|Moxie|boost
|-boost|p1a: Quaquaval|atk|1
|
|-damage|p1a: Quaquaval|8/100 psn|[from] psn
|upkeep
|
|t:|1758292114
|switch|p2a: Rat Tally|Garchomp, M|100/100
|turn|13
|
|t:|1758292120
|move|p1a: Quaquaval|Aqua Jet|p2a: Rat Tally
|-damage|p2a: Rat Tally|49/100
|-damage|p1a: Quaquaval|0 fnt|[from] ability: Rough Skin|[of] p2a: Rat Tally
|faint|p1a: Quaquaval
|move|p2a: Rat Tally|Swords Dance|p2a: Rat Tally
|-boost|p2a: Rat Tally|atk|2
|
|-heal|p2a: Rat Tally|56/100|[from] item: Leftovers
|upkeep
|
|t:|1758292125
|switch|p1a: Gardevoir|Gardevoir, M|100/100
|-status|p1a: Gardevoir|tox
|turn|14
|
|t:|1758292132
|move|p2a: Rat Tally|Earthquake|p1a: Gardevoir
|-damage|p1a: Gardevoir|0 fnt
|faint|p1a: Gardevoir
|
|-heal|p2a: Rat Tally|62/100|[from] item: Leftovers
|upkeep
|
|t:|1758292140
|switch|p1a: Rotom|Rotom-Frost|100/100
|turn|15
|
|t:|1758292147
|move|p1a: Rotom|Blizzard|p2a: Rat Tally
|-supereffective|p2a: Rat Tally
|-damage|p2a: Rat Tally|0 fnt
|faint|p2a: Rat Tally
|
|upkeep
|
|t:|1758292151
|switch|p2a: Smino|Gholdengo|85/100
|turn|16
|
|t:|1758292162
|move|p1a: Rotom|Blizzard|p2a: Smino
|-resisted|p2a: Smino
|-damage|p2a: Smino|56/100
|move|p2a: Smino|Make It Rain|p1a: Rotom
|-damage|p1a: Rotom|23/100
|-unboost|p2a: Smino|spa|1
|
|upkeep
|turn|17
|
|t:|1758292169
|move|p1a: Rotom|Blizzard|p2a: Smino
|-resisted|p2a: Smino
|-damage|p2a: Smino|28/100
|-status|p2a: Smino|frz
|-curestatus|p2a: Smino|frz|[msg]
|move|p2a: Smino|Make It Rain|p1a: Rotom
|-damage|p1a: Rotom|0 fnt
|-unboost|p2a: Smino|spa|1
|faint|p1a: Rotom
|
|upkeep
|
|t:|1758292174
|switch|p1a: Lokix|Lokix, M|100/100 tox
|turn|18
|-message|homunculus74 forfeited.
|
|win|Jon Mateo
|raw|Jon Mateo's rating: 1358 &rarr; <strong>1377</strong><br />(+19 for winning)
|raw|homunculus74's rating: 1333 &rarr; <strong>1314</strong><br />(-19 for losing)
|l|☆homunculus74
|player|p2|
|l|☆Jon Mateo
|player|p1|
