|j|☆JPBuck
|j|☆sus skibidi
|t:|1758341239
|gametype|singles
|player|p1|JPBuck|cynthia-gen4|1306
|player|p2|sus skibidi|miku-ice|1342
|gen|9
|tier|[Gen 9] OU
|rated|
|rule|HP Percentage Mod: HP is shown in percentages
|rule|Endless Battle Clause: Forcing endless battles is banned
|rule|Species Clause: Limit one of each Pokémon
|rule|OHKO Clause: OHKO moves are banned
|rule|Evasion Items Clause: Evasion items are banned
|rule|Evasion Moves Clause: Evasion moves are banned
|rule|Evasion Abilities Clause: Evasion abilities are banned
|rule|Sleep Moves Clause: Sleep-inducing moves are banned
|clearpoke
|poke|p1|Serperior, F|
|poke|p1|Moltres-Galar|
|poke|p1|Garganacl, M|
|poke|p1|Slowking-Galar, M|
|poke|p1|Iron Boulder|
|poke|p1|Landorus-Therian, M|
|poke|p2|Regidrago|
|poke|p2|Hatterene, F|
|poke|p2|Gholdengo|
|poke|p2|Landorus-Therian, M|
|poke|p2|Zamazenta-*|
|poke|p2|Dragonite, F|
|teampreview
|inactive|Battle timer is ON: inactive players will automatically lose when time's up. (requested by sus skibidi)
|inactive|sus skibidi has 120 seconds left.
|
|t:|1758341275
|teamsize|p1|6
|teamsize|p2|6
|start
|switch|p1a: Landorus|Landorus-Therian, M|100/100
|switch|p2a: Regidrago|Regidrago|100/100
|-ability|p1a: Landorus|Intimidate|boost
|-unboost|p2a: Regidrago|atk|1
|turn|1
|
|t:|1758341285
|move|p2a: Regidrago|Dragon Energy|p1a: Landorus
|-damage|p1a: Landorus|0 fnt
|faint|p1a: Landorus
|
|upkeep
|
|t:|1758341291
|switch|p1a: Moltres|Moltres-Galar|100/100
|turn|2
|
|t:|1758341299
|switch|p2a: Hatterene|Hatterene, F|100/100
|move|p1a: Moltres|Fiery Wrath|p2a: Hatterene
|-damage|p2a: Hatterene|58/100
|
|-heal|p2a: Hatterene|64/100|[from] item: Leftovers
|upkeep
|turn|3
|
|t:|1758341303
|move|p1a: Moltres|Hex|p2a: Hatterene
|-supereffective|p2a: Hatterene
|-damage|p2a: Hatterene|26/100
|move|p2a: Hatterene|Nuzzle|p1a: Moltres
|-supereffective|p1a: Moltres
|-damage|p1a: Moltres|91/100
|-status|p1a: Moltres|par
|
|-heal|p1a: Moltres|97/100 par|[from] item: Leftovers
|-heal|p2a: Hatterene|32/100|[from] item: Leftovers
|upkeep
|turn|4
|
|t:|1758341307
|move|p1a: Moltres|Hex|p2a: Hatterene
|-supereffective|p2a: Hatterene
|-damage|p2a: Hatterene|0 fnt
|faint|p2a: Hatterene
|
|-heal|p1a: Moltres|100/100 par|[from] item: Leftovers
|upkeep
|
|t:|1758341313
|switch|p2a: Dragonite|Dragonite, F|100/100
|turn|5
|
|t:|1758341322
|move|p2a: Dragonite|Dragon Dance|p2a: Dragonite
|-boost|p2a: Dragonite|atk|1
|-boost|p2a: Dragonite|spe|1
|move|p1a: Moltres|Fiery Wrath|p2a: Dragonite
|-damage|p2a: Dragonite|81/100
|
|upkeep
|turn|6
|
|t:|1758341328
|switch|p1a: Garganacl|Garganacl, M|100/100
|move|p2a: Dragonite|Scale Shot|p1a: Garganacl
|-damage|p1a: Garganacl|89/100
|-damage|p1a: Garganacl|79/100
|-damage|p1a: Garganacl|69/100
|-damage|p1a: Garganacl|59/100
|-damage|p1a: Garganacl|50/100
|-hitcount|p1a: Garganacl|5
|-unboost|p2a: Dragonite|def|1
|-boost|p2a: Dragonite|spe|1
|
|-heal|p1a: Garganacl|56/100|[from] item: Leftovers
|upkeep
|turn|7
|
|t:|1758341331
|move|p2a: Dragonite|Scale Shot|p1a: Garganacl
|-damage|p1a: Garganacl|46/100
|-damage|p1a: Garganacl|35/100
|-damage|p1a: Garganacl|25/100
|-damage|p1a: Garganacl|14/100
|-hitcount|p1a: Garganacl|4
|-unboost|p2a: Dragonite|def|1
|-boost|p2a: Dragonite|spe|1
|move|p1a: Garganacl|Salt Cure|p2a: Dragonite
|-supereffective|p2a: Dragonite
|-damage|p2a: Dragonite|24/100
|-start|p2a: Dragonite|Salt Cure
|
|-heal|p1a: Garganacl|20/100|[from] item: Leftovers
|-damage|p2a: Dragonite|12/100|[from] Salt Cure
|upkeep
|turn|8
|
|t:|1758341339
|switch|p1a: Slowking|Slowking-Galar, M|100/100
|move|p2a: Dragonite|Scale Shot|p1a: Slowking
|-damage|p1a: Slowking|80/100
|-damage|p1a: Slowking|57/100
|-damage|p1a: Slowking|37/100
|-damage|p1a: Slowking|18/100
|-hitcount|p1a: Slowking|4
|-unboost|p2a: Dragonite|def|1
|-boost|p2a: Dragonite|spe|1
|
|-heal|p1a: Slowking|24/100|[from] item: Leftovers
|-damage|p2a: Dragonite|0 fnt|[from] Salt Cure
|faint|p2a: Dragonite
|upkeep
|
|t:|1758341346
|switch|p2a: Gholdengo|Gholdengo|100/100
|turn|9
|
|t:|1758341351
|switch|p1a: Moltres|Moltres-Galar|100/100 par
|move|p2a: Gholdengo|Shadow Ball|p1a: Moltres
|-resisted|p1a: Moltres
|-damage|p1a: Moltres|79/100 par
|
|-heal|p1a: Moltres|86/100 par|[from] item: Leftovers
|upkeep
|turn|10
|
|t:|1758341359
|move|p2a: Gholdengo|Make It Rain|p1a: Moltres
|-damage|p1a: Moltres|13/100 par
|-unboost|p2a: Gholdengo|spa|1
|-ability|p1a: Moltres|Berserk|boost
|-boost|p1a: Moltres|spa|1
|move|p1a: Moltres|Fiery Wrath|p2a: Gholdengo
|-supereffective|p2a: Gholdengo
|-damage|p2a: Gholdengo|0 fnt
|faint|p2a: Gholdengo
|
|-heal|p1a: Moltres|20/100 par|[from] item: Leftovers
|upkeep
|
|t:|1758341373
|switch|p2a: Landorus|Landorus-Therian, M|100/100
|-ability|p2a: Landorus|Intimidate|boost
|-unboost|p1a: Moltres|atk|1
|turn|11
|
|t:|1758341381
|move|p2a: Landorus|U-turn|p1a: Moltres
|-damage|p1a: Moltres|0 fnt
|faint|p1a: Moltres
|inactive|sus skibidi has 120 seconds left.
|
|t:|1758341420
|switch|p2a: Regidrago|Regidrago|100/100|[from] U-turn
|
|upkeep
|
|t:|1758341435
|switch|p1a: Iron Boulder|Iron Boulder|100/100
|-enditem|p1a: Iron Boulder|Booster Energy
|-activate|p1a: Iron Boulder|ability: Quark Drive|[fromitem]
|-start|p1a: Iron Boulder|quarkdrivespe
|turn|12
|
|t:|1758341445
|switch|p2a: Landorus|Landorus-Therian, M|100/100
|-ability|p2a: Landorus|Intimidate|boost
|-unboost|p1a: Iron Boulder|atk|1
|move|p1a: Iron Boulder|Close Combat|p2a: Landorus
|-resisted|p2a: Landorus
|-damage|p2a: Landorus|87/100
|-unboost|p1a: Iron Boulder|def|1
|-unboost|p1a: Iron Boulder|spd|1
|-damage|p1a: Iron Boulder|84/100|[from] item: Rocky Helmet|[of] p2a: Landorus
|
|upkeep
|turn|13
|
|t:|1758341453
|move|p1a: Iron Boulder|Stone Edge|p2a: Landorus
|-damage|p2a: Landorus|56/100
|move|p2a: Landorus|U-turn|p1a: Iron Boulder
|-supereffective|p1a: Iron Boulder
|-damage|p1a: Iron Boulder|0 fnt
|faint|p1a: Iron Boulder
|-end|p1a: Iron Boulder|Quark Drive|[silent]
|inactive|sus skibidi has 120 seconds left.
|
|t:|1758341469
|switch|p2a: Regidrago|Regidrago|100/100|[from] U-turn
|
|upkeep
|
|t:|1758341474
|switch|p1a: Slowking|Slowking-Galar, M|57/100
|turn|14
|
|t:|1758341478
|switch|p1a: Garganacl|Garganacl, M|20/100
|move|p2a: Regidrago|Dragon Energy|p1a: Garganacl
|-damage|p1a: Garganacl|0 fnt
|faint|p1a: Garganacl
|
|upkeep
|
|t:|1758341481
|switch|p1a: Slowking|Slowking-Galar, M|91/100
|turn|15
|
|t:|1758341488
|switch|p2a: Landorus|Landorus-Therian, M|56/100
|-ability|p2a: Landorus|Intimidate|boost
|-unboost|p1a: Slowking|atk|1
|move|p1a: Slowking|Ice Beam|p2a: Landorus
|-supereffective|p2a: Landorus
|-damage|p2a: Landorus|0 fnt
|faint|p2a: Landorus
|
|-heal|p1a: Slowking|97/100|[from] item: Leftovers
|upkeep
|
|t:|1758341509
|switch|p2a: Regidrago|Regidrago|100/100
|turn|16
|
|t:|1758341532
|move|p2a: Regidrago|Dragon Energy|p1a: Slowking
|-damage|p1a: Slowking|37/100
|move|p1a: Slowking|Future Sight|p2a: Regidrago
|-start|p1a: Slowking|move: Future Sight
|
|-heal|p1a: Slowking|44/100|[from] item: Leftovers
|upkeep
|turn|17
|
|t:|1758341545
|switch|p1a: Serperior|Serperior, F|100/100
|move|p2a: Regidrago|Dragon Energy|p1a: Serperior
|-damage|p1a: Serperior|0 fnt
|faint|p1a: Serperior
|
|upkeep
|
|t:|1758341547
|switch|p1a: Slowking|Slowking-Galar, M|77/100
|turn|18
|
|t:|1758341553
|move|p2a: Regidrago|Dragon Energy|p1a: Slowking
|-damage|p1a: Slowking|18/100
|move|p1a: Slowking|Ice Beam|p2a: Regidrago
|-supereffective|p2a: Regidrago
|-damage|p2a: Regidrago|55/100
|
|-end|p2a: Regidrago|move: Future Sight
|-damage|p2a: Regidrago|5/100
|-heal|p1a: Slowking|24/100|[from] item: Leftovers
|upkeep
|turn|19
|
|t:|1758341559
|move|p2a: Regidrago|Dragon Energy|p1a: Slowking
|-damage|p1a: Slowking|21/100
|move|p1a: Slowking|Future Sight|p2a: Regidrago
|-start|p1a: Slowking|move: Future Sight
|
|-heal|p1a: Slowking|27/100|[from] item: Leftovers
|upkeep
|turn|20
|
|t:|1758341575
|move|p2a: Regidrago|Dragon Energy|p1a: Slowking
|-damage|p1a: Slowking|24/100
|move|p1a: Slowking|Sludge Wave|p2a: Regidrago
|-damage|p2a: Regidrago|0 fnt
|faint|p2a: Regidrago
|
|-heal|p1a: Slowking|30/100|[from] item: Leftovers
|upkeep
|
|t:|1758341580
|switch|p2a: Zamazenta|Zamazenta|100/100
|-ability|p2a: Zamazenta|Dauntless Shield|boost
|-boost|p2a: Zamazenta|def|1
|turn|21
|
|t:|1758341584
|-terastallize|p2a: Zamazenta|Steel
|move|p2a: Zamazenta|Crunch|p1a: Slowking
|-supereffective|p1a: Slowking
|-damage|p1a: Slowking|0 fnt
|faint|p1a: Slowking
|
|win|sus skibidi
|raw|JPBuck's rating: 1306 &rarr; <strong>1288</strong><br />(-18 for losing)
|raw|sus skibidi's rating: 1342 &rarr; <strong>1360</strong><br />(+18 for winning)
|l|☆JPBuck
|player|p1|
|l|☆sus skibidi
|player|p2|
