|badge|p1|bronze|gen9ou|100-6
|uhtml|medal-msg|<div class="broadcast-blue">Curious what those medals under the avatar are? PS now has Ladder Seasons! For more information, check out the <a href="https://www.smogon.com/forums/threads/3740067/">thread on Smogon.</a></div>
|badge|p2|bronze|gen9ou|100-6
|uhtml|medal-msg|<div class="broadcast-blue">Curious what those medals under the avatar are? PS now has Ladder Seasons! For more information, check out the <a href="https://www.smogon.com/forums/threads/3740067/">thread on Smogon.</a></div>
|j|☆tokiwa kano
|j|☆sunny dancing
|t:|1758357903
|gametype|singles
|player|p1|tokiwa kano|acetrainerf|1756
|player|p2|sunny dancing|101|1822
|gen|9
|tier|[Gen 9] OU
|rated|
|rule|HP Percentage Mod: HP is shown in percentages
|rule|Endless Battle Clause: Forcing endless battles is banned
|rule|Species Clause: Limit one of each Pokémon
|rule|OHKO Clause: OHKO moves are banned
|rule|Evasion Items Clause: Evasion items are banned
|rule|Evasion Moves Clause: Evasion moves are banned
|rule|Evasion Abilities Clause: Evasion abilities are banned
|rule|Sleep Moves Clause: Sleep-inducing moves are banned
|clearpoke
|poke|p1|Pecharunt|
|poke|p1|Great Tusk|
|poke|p1|Ogerpon-Wellspring, F|
|poke|p1|Iron Crown|
|poke|p1|Landorus-Therian, M|
|poke|p1|Samurott-Hisui, F|
|poke|p2|Ogerpon-Wellspring, F|
|poke|p2|Slowking-Galar, M|
|poke|p2|Great Tusk|
|poke|p2|Moltres|
|poke|p2|Dragapult, M|
|poke|p2|Kingambit, M|
|teampreview
|inactive|Battle timer is ON: inactive players will automatically lose when time's up. (requested by tokiwa kano)
|inactive|sunny dancing also wants the timer to be on.
|
|t:|1758357914
|teamsize|p1|6
|teamsize|p2|6
|start
|switch|p1a: Samurott|Samurott-Hisui, F|100/100
|switch|p2a: Slowking|Slowking-Galar, M|100/100
|turn|1
|
|t:|1758357921
|switch|p2a: Great Tusk|Great Tusk|100/100
|move|p1a: Samurott|Ceaseless Edge|p2a: Great Tusk
|-resisted|p2a: Great Tusk
|-damage|p2a: Great Tusk|82/100
|-damage|p1a: Samurott|84/100|[from] item: Rocky Helmet|[of] p2a: Great Tusk
|-sidestart|p2: sunny dancing|Spikes
|
|upkeep
|turn|2
|
|t:|1758357929
|switch|p1a: Ogerpon|Ogerpon-Wellspring, F|100/100
|move|p2a: Great Tusk|Rapid Spin|p1a: Ogerpon
|-damage|p1a: Ogerpon|85/100
|-boost|p2a: Great Tusk|spe|1
|-sideend|p2: sunny dancing|Spikes|[from] move: Rapid Spin|[of] p2a: Great Tusk
|
|upkeep
|turn|3
|
|t:|1758357936
|-end|p2a: Great Tusk|Protosynthesis|[silent]
|switch|p2a: Ogerpon|Ogerpon-Wellspring, F|100/100
|move|p1a: Ogerpon|Ivy Cudgel|p2a: Ogerpon|[anim] Ivy Cudgel Water
|-immune|p2a: Ogerpon|[from] ability: Water Absorb
|
|upkeep
|turn|4
|
|t:|1758357942
|switch|p1a: Pecharunt|Pecharunt|100/100
|move|p2a: Ogerpon|U-turn|p1a: Pecharunt
|-resisted|p1a: Pecharunt
|-damage|p1a: Pecharunt|97/100
|-damage|p2a: Ogerpon|84/100|[from] item: Rocky Helmet|[of] p1a: Pecharunt
|
|t:|1758357950
|switch|p2a: Slowking|Slowking-Galar, M|100/100|[from] U-turn
|
|upkeep
|turn|5
|
|t:|1758357956
|move|p1a: Pecharunt|Parting Shot|p2a: Slowking
|-unboost|p2a: Slowking|atk|1
|-unboost|p2a: Slowking|spa|1
|
|t:|1758357958
|switch|p1a: Samurott|Samurott-Hisui, F|84/100|[from] Parting Shot
|move|p2a: Slowking|Flamethrower|p1a: Samurott
|-resisted|p1a: Samurott
|-damage|p1a: Samurott|76/100
|
|upkeep
|turn|6
|
|t:|1758357966
|switch|p2a: Great Tusk|Great Tusk|82/100
|move|p1a: Samurott|Ceaseless Edge|p2a: Great Tusk
|-resisted|p2a: Great Tusk
|-damage|p2a: Great Tusk|63/100
|-damage|p1a: Samurott|59/100|[from] item: Rocky Helmet|[of] p2a: Great Tusk
|-sidestart|p2: sunny dancing|Spikes
|
|upkeep
|turn|7
|
|t:|1758357972
|move|p2a: Great Tusk|Stealth Rock|p1a: Samurott
|-sidestart|p1: tokiwa kano|move: Stealth Rock
|move|p1a: Samurott|Flip Turn|p2a: Great Tusk
|-supereffective|p2a: Great Tusk
|-damage|p2a: Great Tusk|17/100
|-damage|p1a: Samurott|43/100|[from] item: Rocky Helmet|[of] p2a: Great Tusk
|
|t:|1758357982
|switch|p1a: Ogerpon|Ogerpon-Wellspring, F|85/100|[from] Flip Turn
|-damage|p1a: Ogerpon|73/100|[from] Stealth Rock
|
|upkeep
|turn|8
|
|t:|1758357989
|-end|p2a: Great Tusk|Protosynthesis|[silent]
|switch|p2a: Ogerpon|Ogerpon-Wellspring, F|84/100
|-damage|p2a: Ogerpon|72/100|[from] Spikes
|move|p1a: Ogerpon|Ivy Cudgel|p2a: Ogerpon|[anim] Ivy Cudgel Water
|-heal|p2a: Ogerpon|97/100|[from] ability: Water Absorb|[of] p1a: Ogerpon
|
|upkeep
|turn|9
|
|t:|1758357996
|switch|p2a: Moltres|Moltres|100/100
|switch|p1a: Pecharunt|Pecharunt|97/100
|-damage|p1a: Pecharunt|85/100|[from] Stealth Rock
|
|upkeep
|turn|10
|
|t:|1758358002
|switch|p2a: Kingambit|Kingambit, M|100/100
|-damage|p2a: Kingambit|88/100|[from] Spikes
|move|p1a: Pecharunt|Parting Shot|p2a: Kingambit
|-unboost|p2a: Kingambit|atk|1
|-unboost|p2a: Kingambit|spa|1
|
|t:|1758358007
|switch|p1a: Great Tusk|Great Tusk|100/100|[from] Parting Shot
|-damage|p1a: Great Tusk|98/100|[from] Stealth Rock
|-enditem|p1a: Great Tusk|Booster Energy
|-activate|p1a: Great Tusk|ability: Protosynthesis|[fromitem]
|-start|p1a: Great Tusk|protosynthesisspe
|
|-heal|p2a: Kingambit|94/100|[from] item: Leftovers
|upkeep
|turn|11
|
|t:|1758358014
|-end|p2a: Kingambit|fallenundefined|[silent]
|switch|p2a: Moltres|Moltres|100/100
|move|p1a: Great Tusk|Rapid Spin|p2a: Moltres
|-damage|p2a: Moltres|90/100
|-boost|p1a: Great Tusk|spe|1
|-sideend|p1: tokiwa kano|Stealth Rock|[from] move: Rapid Spin|[of] p1a: Great Tusk
|
|upkeep
|turn|12
|
|t:|1758358022
|move|p1a: Great Tusk|Stealth Rock|p2a: Moltres
|-sidestart|p2: sunny dancing|move: Stealth Rock
|move|p2a: Moltres|Flamethrower|p1a: Great Tusk
|-damage|p1a: Great Tusk|53/100
|
|upkeep
|turn|13
|
|t:|1758358029
|move|p1a: Great Tusk|Knock Off|p2a: Moltres
|-damage|p2a: Moltres|69/100
|-enditem|p2a: Moltres|Heavy-Duty Boots|[from] move: Knock Off|[of] p1a: Great Tusk
|move|p2a: Moltres|Flamethrower|p1a: Great Tusk
|-damage|p1a: Great Tusk|6/100
|
|upkeep
|turn|14
|
|t:|1758358037
|-end|p1a: Great Tusk|Protosynthesis|[silent]
|switch|p1a: Samurott|Samurott-Hisui, F|43/100
|move|p2a: Moltres|Roost|p2a: Moltres
|-heal|p2a: Moltres|100/100
|-singleturn|p2a: Moltres|move: Roost
|
|upkeep
|turn|15
|
|t:|1758358043
|move|p1a: Samurott|Ceaseless Edge|p2a: Moltres
|-damage|p2a: Moltres|69/100
|-sidestart|p2: sunny dancing|Spikes
|move|p2a: Moltres|U-turn|p1a: Samurott
|-supereffective|p1a: Samurott
|-damage|p1a: Samurott|5/100
|
|t:|1758358050
|switch|p2a: Dragapult|Dragapult, M|100/100|[from] U-turn
|
|upkeep
|turn|16
|
|t:|1758358056
|move|p2a: Dragapult|Hex|p1a: Samurott
|-resisted|p1a: Samurott
|-damage|p1a: Samurott|0 fnt
|faint|p1a: Samurott
|
|upkeep
|
|t:|1758358062
|switch|p1a: Landorus|Landorus-Therian, M|100/100
|-ability|p1a: Landorus|Intimidate|boost
|-unboost|p2a: Dragapult|atk|1
|turn|17
|
|t:|1758358072
|switch|p2a: Moltres|Moltres|69/100
|-damage|p2a: Moltres|19/100|[from] Stealth Rock
|move|p1a: Landorus|U-turn|p2a: Moltres
|-resisted|p2a: Moltres
|-damage|p2a: Moltres|14/100
|-status|p1a: Landorus|brn|[from] ability: Flame Body|[of] p2a: Moltres
|
|t:|1758358075
|switch|p1a: Ogerpon|Ogerpon-Wellspring, F|73/100|[from] U-turn
|
|upkeep
|turn|18
|
|t:|1758358081
|move|p1a: Ogerpon|Ivy Cudgel|p2a: Moltres|[anim] Ivy Cudgel Water
|-supereffective|p2a: Moltres
|-damage|p2a: Moltres|0 fnt
|faint|p2a: Moltres
|
|upkeep
|
|t:|1758358088
|switch|p2a: Dragapult|Dragapult, M|100/100
|turn|19
|
|t:|1758358094
|switch|p1a: Great Tusk|Great Tusk|6/100
|move|p2a: Dragapult|U-turn|p1a: Great Tusk
|-resisted|p1a: Great Tusk
|-damage|p1a: Great Tusk|0 fnt
|faint|p1a: Great Tusk
|-end|p1a: Great Tusk|Protosynthesis|[silent]
|
|t:|1758358101
|switch|p2a: Great Tusk|Great Tusk|17/100|[from] U-turn
|-damage|p2a: Great Tusk|0 fnt|[from] Spikes
|faint|p2a: Great Tusk
|-end|p2a: Great Tusk|Protosynthesis|[silent]
|
|upkeep
|
|t:|1758358111
|switch|p1a: Iron Crown|Iron Crown|100/100
|switch|p2a: Dragapult|Dragapult, M|100/100
|turn|20
|
|t:|1758358117
|move|p2a: Dragapult|U-turn|p1a: Iron Crown
|-damage|p1a: Iron Crown|80/100
|
|t:|1758358125
|switch|p2a: Kingambit|Kingambit, M|94/100|[from] U-turn
|-damage|p2a: Kingambit|78/100|[from] Spikes
|-damage|p2a: Kingambit|72/100|[from] Stealth Rock
|-activate|p2a: Kingambit|ability: Supreme Overlord
|-start|p2a: Kingambit|fallen2|[silent]
|move|p1a: Iron Crown|Tachyon Cutter|p2a: Kingambit
|-resisted|p2a: Kingambit
|-damage|p2a: Kingambit|52/100
|-resisted|p2a: Kingambit
|-damage|p2a: Kingambit|33/100
|-hitcount|p2a: Kingambit|2
|
|-heal|p2a: Kingambit|39/100|[from] item: Leftovers
|upkeep
|turn|21
|
|t:|1758358132
|-end|p1a: Iron Crown|Quark Drive|[silent]
|switch|p1a: Landorus|Landorus-Therian, M|100/100 brn
|-ability|p1a: Landorus|Intimidate|boost
|-unboost|p2a: Kingambit|atk|1
|move|p2a: Kingambit|Sucker Punch||[still]
|-fail|p2a: Kingambit
|
|-heal|p2a: Kingambit|46/100|[from] item: Leftovers
|-damage|p1a: Landorus|95/100 brn|[from] brn
|upkeep
|turn|22
|
|t:|1758358139
|-end|p2a: Kingambit|fallen2|[silent]
|switch|p2a: Dragapult|Dragapult, M|100/100
|move|p1a: Landorus|Earthquake|p2a: Dragapult
|-damage|p2a: Dragapult|58/100
|
|-damage|p1a: Landorus|89/100 brn|[from] brn
|upkeep
|turn|23
|
|t:|1758358147
|switch|p2a: Ogerpon|Ogerpon-Wellspring, F|97/100
|-damage|p2a: Ogerpon|80/100|[from] Spikes
|-damage|p2a: Ogerpon|68/100|[from] Stealth Rock
|move|p1a: Landorus|Earthquake|p2a: Ogerpon
|-resisted|p2a: Ogerpon
|-damage|p2a: Ogerpon|49/100
|
|-damage|p1a: Landorus|83/100 brn|[from] brn
|upkeep
|turn|24
|
|t:|1758358154
|switch|p1a: Pecharunt|Pecharunt|85/100
|move|p2a: Ogerpon|Knock Off|p1a: Pecharunt
|-supereffective|p1a: Pecharunt
|-damage|p1a: Pecharunt|52/100
|-damage|p2a: Ogerpon|32/100|[from] item: Rocky Helmet|[of] p1a: Pecharunt
|-enditem|p1a: Pecharunt|Rocky Helmet|[from] move: Knock Off|[of] p2a: Ogerpon
|
|upkeep
|turn|25
|
|t:|1758358161
|move|p2a: Ogerpon|Ivy Cudgel|p1a: Pecharunt|[anim] Ivy Cudgel Water
|-damage|p1a: Pecharunt|24/100
|move|p1a: Pecharunt|Recover|p1a: Pecharunt
|-heal|p1a: Pecharunt|74/100
|
|upkeep
|turn|26
|
|t:|1758358168
|move|p2a: Ogerpon|Ivy Cudgel|p1a: Pecharunt|[anim] Ivy Cudgel Water
|-damage|p1a: Pecharunt|46/100
|move|p1a: Pecharunt|Recover|p1a: Pecharunt
|-heal|p1a: Pecharunt|96/100
|
|upkeep
|turn|27
|
|t:|1758358175
|move|p2a: Ogerpon|Ivy Cudgel|p1a: Pecharunt|[anim] Ivy Cudgel Water
|-damage|p1a: Pecharunt|70/100
|move|p1a: Pecharunt|Foul Play|p2a: Ogerpon
|-damage|p2a: Ogerpon|0 fnt
|faint|p2a: Ogerpon
|
|upkeep
|
|t:|1758358181
|switch|p2a: Dragapult|Dragapult, M|58/100
|turn|28
|
|t:|1758358188
|-terastallize|p2a: Dragapult|Fairy
|-terastallize|p1a: Pecharunt|Dark
|move|p2a: Dragapult|Will-O-Wisp|p1a: Pecharunt
|-status|p1a: Pecharunt|brn
|move|p1a: Pecharunt|Foul Play|p2a: Dragapult
|-resisted|p2a: Dragapult
|-damage|p2a: Dragapult|44/100
|
|-damage|p1a: Pecharunt|64/100 brn|[from] brn
|upkeep
|turn|29
|
|t:|1758358194
|move|p2a: Dragapult|Hex|p1a: Pecharunt
|-resisted|p1a: Pecharunt
|-damage|p1a: Pecharunt|38/100 brn
|move|p1a: Pecharunt|Malignant Chain|p2a: Dragapult
|-supereffective|p2a: Dragapult
|-damage|p2a: Dragapult|0 fnt
|faint|p2a: Dragapult
|
|-damage|p1a: Pecharunt|32/100 brn|[from] brn
|upkeep
|j| amefurikoneko
|
|t:|1758358201
|switch|p2a: Slowking|Slowking-Galar, M|100/100
|-damage|p2a: Slowking|84/100|[from] Spikes
|-damage|p2a: Slowking|71/100|[from] Stealth Rock
|turn|30
|l| amefurikoneko
|
|t:|1758358209
|move|p1a: Pecharunt|Parting Shot|p2a: Slowking
|-unboost|p2a: Slowking|atk|1
|-unboost|p2a: Slowking|spa|1
|
|t:|1758358211
|switch|p1a: Landorus|Landorus-Therian, M|83/100 brn|[from] Parting Shot
|-ability|p1a: Landorus|Intimidate|boost
|-unboost|p2a: Slowking|atk|1
|move|p2a: Slowking|Ice Beam|p1a: Landorus
|-supereffective|p1a: Landorus
|-damage|p1a: Landorus|0 fnt
|faint|p1a: Landorus
|
|upkeep
|
|t:|1758358215
|switch|p1a: Iron Crown|Iron Crown|80/100
|turn|31
|
|t:|1758358221
|move|p1a: Iron Crown|Tachyon Cutter|p2a: Slowking
|-damage|p2a: Slowking|54/100
|-damage|p2a: Slowking|35/100
|-hitcount|p2a: Slowking|2
|move|p2a: Slowking|Flamethrower|p1a: Iron Crown
|-supereffective|p1a: Iron Crown
|-damage|p1a: Iron Crown|40/100
|
|upkeep
|turn|32
|
|t:|1758358228
|move|p1a: Iron Crown|Tachyon Cutter|p2a: Slowking
|-damage|p2a: Slowking|15/100
|-damage|p2a: Slowking|0 fnt
|faint|p2a: Slowking
|-hitcount|p2: Slowking|2
|
|upkeep
|
|t:|1758358234
|switch|p2a: Kingambit|Kingambit, M|46/100
|-damage|p2a: Kingambit|29/100|[from] Spikes
|-damage|p2a: Kingambit|23/100|[from] Stealth Rock
|-activate|p2a: Kingambit|ability: Supreme Overlord
|-start|p2a: Kingambit|fallen5|[silent]
|turn|33
|
|t:|1758358240
|move|p2a: Kingambit|Sucker Punch|p1a: Iron Crown
|-supereffective|p1a: Iron Crown
|-damage|p1a: Iron Crown|0 fnt
|faint|p1a: Iron Crown
|-end|p1a: Iron Crown|Quark Drive|[silent]
|
|-heal|p2a: Kingambit|29/100|[from] item: Leftovers
|upkeep
|
|t:|1758358242
|switch|p1a: Ogerpon|Ogerpon-Wellspring, F|73/100
|turn|34
|
|t:|1758358249
|move|p2a: Kingambit|Sucker Punch|p1a: Ogerpon
|-damage|p1a: Ogerpon|25/100
|move|p1a: Ogerpon|Ivy Cudgel|p2a: Kingambit|[anim] Ivy Cudgel Water
|-damage|p2a: Kingambit|0 fnt
|faint|p2a: Kingambit
|-end|p2a: Kingambit|fallen5|[silent]
|
|win|tokiwa kano
|raw|tokiwa kano's rating: 1756 &rarr; <strong>1780</strong><br />(+24 for winning)
|raw|sunny dancing's rating: 1822 &rarr; <strong>1798</strong><br />(-24 for losing)
|l|☆sunny dancing
|player|p2|
|l|☆tokiwa kano
|player|p1|
