|j|☆roasted_kitchen
|j|☆slardio
|t:|1758291700
|gametype|singles
|player|p1|roasted_kitchen|265|1360
|player|p2|slardio|169|1412
|gen|9
|tier|[Gen 9] OU
|rated|
|rule|HP Percentage Mod: HP is shown in percentages
|rule|Endless Battle Clause: Forcing endless battles is banned
|rule|Species Clause: Limit one of each Pokémon
|rule|OHKO Clause: OHKO moves are banned
|rule|Evasion Items Clause: Evasion items are banned
|rule|Evasion Moves Clause: Evasion moves are banned
|rule|Evasion Abilities Clause: Evasion abilities are banned
|rule|Sleep Moves Clause: Sleep-inducing moves are banned
|clearpoke
|poke|p1|Garchomp, M|
|poke|p1|Corviknight, M|
|poke|p1|Primarina, F|
|poke|p1|Eelektross, M|
|poke|p1|Chandelure, F|
|poke|p1|Rillaboom, F|
|poke|p2|Araquanid, M|
|poke|p2|Darkrai|
|poke|p2|Slowking-Galar, F|
|poke|p2|Corviknight, M|
|poke|p2|Great Tusk|
|poke|p2|Clefable, F|
|teampreview
|
|t:|1758291719
|teamsize|p1|6
|teamsize|p2|6
|start
|switch|p1a: Garchomp|Garchomp, M|100/100
|switch|p2a: dark sasucke|Araquanid, M|100/100
|turn|1
|
|t:|1758291728
|move|p1a: Garchomp|Swords Dance|p1a: Garchomp
|-boost|p1a: Garchomp|atk|2
|move|p2a: dark sasucke|Sticky Web|p1a: Garchomp
|-sidestart|p1: roasted_kitchen|move: Sticky Web
|
|upkeep
|turn|2
|
|t:|1758291745
|move|p1a: Garchomp|Scale Shot|p2a: dark sasucke
|-damage|p2a: dark sasucke|73/100
|-damage|p2a: dark sasucke|43/100
|-damage|p2a: dark sasucke|15/100
|-damage|p2a: dark sasucke|0 fnt
|faint|p2a: dark sasucke
|-hitcount|p2: dark sasucke|4
|-unboost|p1a: Garchomp|def|1
|-boost|p1a: Garchomp|spe|1
|
|upkeep
|
|t:|1758291769
|switch|p2a: Clefable|Clefable, F|100/100
|turn|3
|
|t:|1758291799
|move|p1a: Garchomp|Iron Head|p2a: Clefable
|-supereffective|p2a: Clefable
|-crit|p2a: Clefable
|-damage|p2a: Clefable|0 fnt
|faint|p2a: Clefable
|
|upkeep
|
|t:|1758291803
|switch|p2a: Corviknight|Corviknight, M|100/100
|-ability|p2a: Corviknight|Pressure
|turn|4
|
|t:|1758291811
|move|p1a: Garchomp|Swords Dance|p1a: Garchomp
|-boost|p1a: Garchomp|atk|2
|move|p2a: Corviknight|Roost||[still]
|-fail|p2a: Corviknight|heal
|
|upkeep
|turn|5
|
|t:|1758291816
|move|p1a: Garchomp|Scale Shot|p2a: Corviknight
|-resisted|p2a: Corviknight
|-damage|p2a: Corviknight|86/100
|-resisted|p2a: Corviknight
|-damage|p2a: Corviknight|72/100
|-resisted|p2a: Corviknight
|-damage|p2a: Corviknight|59/100
|-resisted|p2a: Corviknight
|-damage|p2a: Corviknight|45/100
|-hitcount|p2a: Corviknight|4
|-unboost|p1a: Garchomp|def|1
|-boost|p1a: Garchomp|spe|1
|move|p2a: Corviknight|Brave Bird|p1a: Garchomp
|-damage|p1a: Garchomp|15/100
|-damage|p2a: Corviknight|33/100|[from] ability: Rough Skin|[of] p1a: Garchomp
|-damage|p2a: Corviknight|7/100|[from] Recoil
|
|upkeep
|turn|6
|
|t:|1758291831
|move|p1a: Garchomp|Scale Shot|p2a: Corviknight|[miss]
|-miss|p1a: Garchomp|p2a: Corviknight
|move|p2a: Corviknight|Brave Bird|p1a: Garchomp
|-damage|p1a: Garchomp|0 fnt
|-damage|p2a: Corviknight|0 fnt|[from] ability: Rough Skin|[of] p1a: Garchomp
|faint|p1a: Garchomp
|faint|p2a: Corviknight
|
|upkeep
|
|t:|1758291839
|switch|p1a: Eelektross|Eelektross, M|100/100
|switch|p2a: Darkrai|Darkrai|100/100
|turn|7
|
|t:|1758291845
|move|p2a: Darkrai|Nasty Plot|p2a: Darkrai
|-boost|p2a: Darkrai|spa|2
|move|p1a: Eelektross|Drain Punch|p2a: Darkrai
|-supereffective|p2a: Darkrai
|-damage|p2a: Darkrai|26/100
|
|upkeep
|turn|8
|
|t:|1758291865
|switch|p1a: Primarina|Primarina, F|100/100
|-activate|p1a: Primarina|move: Sticky Web
|-unboost|p1a: Primarina|spe|1
|move|p2a: Darkrai|Dark Pulse|p1a: Primarina
|-resisted|p1a: Primarina
|-damage|p1a: Primarina|57/100
|-damage|p2a: Darkrai|17/100|[from] item: Life Orb
|
|-heal|p1a: Primarina|63/100|[from] item: Leftovers
|upkeep
|turn|9
|
|t:|1758291880
|move|p2a: Darkrai|Dark Pulse|p1a: Primarina
|-resisted|p1a: Primarina
|-damage|p1a: Primarina|19/100
|-damage|p2a: Darkrai|7/100|[from] item: Life Orb
|move|p1a: Primarina|Draining Kiss|p2a: Darkrai
|-supereffective|p2a: Darkrai
|-damage|p2a: Darkrai|0 fnt
|-heal|p1a: Primarina|22/100|[from] drain|[of] p2a: Darkrai
|faint|p2a: Darkrai
|
|-heal|p1a: Primarina|29/100|[from] item: Leftovers
|upkeep
|
|t:|1758291891
|switch|p2a: Great Tusk|Great Tusk|100/100
|turn|10
|
|t:|1758291913
|move|p2a: Great Tusk|Close Combat|p1a: Primarina
|-resisted|p1a: Primarina
|-damage|p1a: Primarina|0 fnt
|-unboost|p2a: Great Tusk|def|1
|-unboost|p2a: Great Tusk|spd|1
|faint|p1a: Primarina
|-damage|p2a: Great Tusk|91/100|[from] item: Life Orb
|
|upkeep
|
|t:|1758291917
|switch|p1a: Corviknight|Corviknight, M, shiny|100/100
|-ability|p1a: Corviknight|Pressure
|turn|11
|
|t:|1758292268
|-end|p2a: Great Tusk|Protosynthesis|[silent]
|switch|p2a: Slowking|Slowking-Galar, F|100/100
|move|p1a: Corviknight|Defog|p2a: Slowking
|-unboost|p2a: Slowking|evasion|1
|-sideend|p1: roasted_kitchen|Sticky Web|[from] move: Defog|[of] p1a: Corviknight
|
|upkeep
|turn|12
|inactive|Battle timer is ON: inactive players will automatically lose when time's up. (requested by slardio)
|
|t:|1758292298
|move|p1a: Corviknight|Brave Bird|p2a: Slowking
|-damage|p2a: Slowking|70/100
|-damage|p1a: Corviknight|90/100|[from] Recoil
|move|p2a: Slowking|Flamethrower|p1a: Corviknight
|-supereffective|p1a: Corviknight
|-damage|p1a: Corviknight|46/100
|
|-heal|p2a: Slowking|76/100|[from] item: Leftovers
|upkeep
|turn|13
|
|t:|1758292316
|switch|p1a: Eelektross|Eelektross, M|100/100
|-prepare|p2a: Slowking|Chilly Reception|[premajor]
|move|p2a: Slowking|Chilly Reception|p2a: Slowking
|-weather|Snowscape
|
|t:|1758292321
|switch|p2a: Great Tusk|Great Tusk|91/100|[from] Chilly Reception
|
|-weather|Snowscape|[upkeep]
|upkeep
|turn|14
|inactive|roasted_kitchen has 120 seconds left.
|
|t:|1758292365
|move|p2a: Great Tusk|Knock Off|p1a: Eelektross
|-damage|p1a: Eelektross|47/100
|-enditem|p1a: Eelektross|Leftovers|[from] move: Knock Off|[of] p2a: Great Tusk
|-damage|p2a: Great Tusk|81/100|[from] item: Life Orb
|move|p1a: Eelektross|Coil|p1a: Eelektross
|-boost|p1a: Eelektross|atk|1
|-boost|p1a: Eelektross|def|1
|-boost|p1a: Eelektross|accuracy|1
|
|-weather|Snowscape|[upkeep]
|upkeep
|turn|15
|
|t:|1758292378
|move|p2a: Great Tusk|Close Combat|p1a: Eelektross
|-damage|p1a: Eelektross|0 fnt
|-unboost|p2a: Great Tusk|def|1
|-unboost|p2a: Great Tusk|spd|1
|faint|p1a: Eelektross
|-damage|p2a: Great Tusk|71/100|[from] item: Life Orb
|
|-weather|Snowscape|[upkeep]
|upkeep
|
|t:|1758292383
|switch|p1a: Chandelure|Chandelure, F|100/100
|turn|16
|
|t:|1758292388
|-end|p2a: Great Tusk|Protosynthesis|[silent]
|switch|p2a: Slowking|Slowking-Galar, F|100/100
|-terastallize|p1a: Chandelure|Ghost
|move|p1a: Chandelure|Shadow Ball|p2a: Slowking
|-supereffective|p2a: Slowking
|-damage|p2a: Slowking|18/100
|
|-weather|Snowscape|[upkeep]
|-heal|p2a: Slowking|24/100|[from] item: Leftovers
|upkeep
|turn|17
|
|t:|1758292399
|-terastallize|p2a: Slowking|Poison
|move|p1a: Chandelure|Shadow Ball|p2a: Slowking
|-damage|p2a: Slowking|0 fnt
|faint|p2a: Slowking
|
|-weather|none
|upkeep
|-message|slardio forfeited.
|
|win|roasted_kitchen
|raw|roasted_kitchen's rating: 1323 &rarr; <strong>1348</strong><br />(+25 for winning)
|raw|slardio's rating: 1412 &rarr; <strong>1387</strong><br />(-25 for losing)
|l|☆slardio
|player|p2|
|l|☆roasted_kitchen
|player|p1|
