|j|☆OUOG Aelleden
|j|☆Sakamotouno
|t:|1758302874
|gametype|singles
|player|p1|OUOG Aelleden|winona|1494
|player|p2|Sakamotouno|drayden|1563
|gen|9
|tier|[Gen 9] OU
|rated|
|rule|HP Percentage Mod: HP is shown in percentages
|rule|Endless Battle Clause: Forcing endless battles is banned
|rule|Species Clause: Limit one of each Pokémon
|rule|OHKO Clause: OHKO moves are banned
|rule|Evasion Items Clause: Evasion items are banned
|rule|Evasion Moves Clause: Evasion moves are banned
|rule|Evasion Abilities Clause: Evasion abilities are banned
|rule|Sleep Moves Clause: Sleep-inducing moves are banned
|clearpoke
|poke|p1|Kommo-o, F|
|poke|p1|Ogerpon-Wellspring, F|
|poke|p1|Iron Treads|
|poke|p1|Enamorus, F|
|poke|p1|Scizor, M|
|poke|p1|Dragapult, F|
|poke|p2|Dragonite, M|
|poke|p2|Gholdengo|
|poke|p2|Iron Treads|
|poke|p2|Quaquaval, M|
|poke|p2|Slowking-Galar, F|
|poke|p2|Ting-Lu|
|teampreview
|inactive|Battle timer is ON: inactive players will automatically lose when time's up. (requested by Sakamotouno)
|c|☆OUOG Aelleden|Damn
|c|☆OUOG Aelleden|A Dragonite
|c|☆OUOG Aelleden|I guess I should FF now
|inactive|OUOG Aelleden has 120 seconds left.
|
|t:|1758302904
|teamsize|p1|6
|teamsize|p2|6
|start
|switch|p1a: Ogerpon|Ogerpon-Wellspring, F|100/100
|switch|p2a: Slowking|Slowking-Galar, F|100/100
|turn|1
|
|t:|1758302910
|switch|p1a: Scizor|Scizor, M|100/100
|move|p2a: Slowking|Sludge Bomb|p1a: Scizor
|-immune|p1a: Scizor
|
|upkeep
|turn|2
|
|t:|1758302927
|move|p1a: Scizor|U-turn|p2a: Slowking
|-damage|p2a: Slowking|54/100
|
|t:|1758302932
|switch|p1a: Iron Treads|Iron Treads|100/100|[from] U-turn
|-enditem|p1a: Iron Treads|Booster Energy
|-activate|p1a: Iron Treads|ability: Quark Drive|[fromitem]
|-start|p1a: Iron Treads|quarkdrivespe
|-prepare|p2a: Slowking|Chilly Reception|[premajor]
|move|p2a: Slowking|Chilly Reception|p2a: Slowking
|-weather|Snowscape
|
|t:|1758302940
|switch|p2a: Iron Treads|Iron Treads|100/100|[from] Chilly Reception
|
|-weather|Snowscape|[upkeep]
|upkeep
|turn|3
|
|t:|1758302949
|move|p1a: Iron Treads|Earth Power|p2a: Iron Treads
|-supereffective|p2a: Iron Treads
|-damage|p2a: Iron Treads|3/100
|move|p2a: Iron Treads|Earthquake|p1a: Iron Treads
|-supereffective|p1a: Iron Treads
|-damage|p1a: Iron Treads|20/100
|
|-weather|Snowscape|[upkeep]
|-heal|p2a: Iron Treads|9/100|[from] item: Leftovers
|upkeep
|turn|4
|
|t:|1758302961
|move|p1a: Iron Treads|Rapid Spin|p2a: Iron Treads
|-resisted|p2a: Iron Treads
|-damage|p2a: Iron Treads|4/100
|-boost|p1a: Iron Treads|spe|1
|move|p2a: Iron Treads|Stealth Rock|p1a: Iron Treads
|-sidestart|p1: OUOG Aelleden|move: Stealth Rock
|
|-weather|Snowscape|[upkeep]
|-heal|p2a: Iron Treads|10/100|[from] item: Leftovers
|upkeep
|turn|5
|
|t:|1758302970
|move|p1a: Iron Treads|Rapid Spin|p2a: Iron Treads
|-resisted|p2a: Iron Treads
|-damage|p2a: Iron Treads|5/100
|-boost|p1a: Iron Treads|spe|1
|-sideend|p1: OUOG Aelleden|Stealth Rock|[from] move: Rapid Spin|[of] p1a: Iron Treads
|move|p2a: Iron Treads|Earthquake|p1a: Iron Treads
|-supereffective|p1a: Iron Treads
|-damage|p1a: Iron Treads|0 fnt
|faint|p1a: Iron Treads
|-end|p1a: Iron Treads|Quark Drive|[silent]
|
|-weather|Snowscape|[upkeep]
|-heal|p2a: Iron Treads|11/100|[from] item: Leftovers
|upkeep
|
|t:|1758302987
|switch|p1a: Ogerpon|Ogerpon-Wellspring, F|100/100
|turn|6
|
|t:|1758302997
|move|p1a: Ogerpon|Ivy Cudgel|p2a: Iron Treads|[anim] Ivy Cudgel Water
|-supereffective|p2a: Iron Treads
|-damage|p2a: Iron Treads|0 fnt
|faint|p2a: Iron Treads
|-end|p2a: Iron Treads|Quark Drive|[silent]
|
|-weather|none
|upkeep
|inactive|Sakamotouno has 120 seconds left.
|
|t:|1758303034
|switch|p2a: Slowking|Slowking-Galar, F|87/100
|turn|7
|
|t:|1758303038
|switch|p1a: Kommo-o|Kommo-o, F|100/100
|move|p2a: Slowking|Future Sight|p1a: Kommo-o
|-start|p2a: Slowking|move: Future Sight
|
|upkeep
|turn|8
|inactive|Sakamotouno has 120 seconds left.
|
|t:|1758303054
|-terastallize|p1a: Kommo-o|Ghost
|move|p1a: Kommo-o|Tera Blast|p2a: Slowking|[anim] Tera Blast Ghost
|-supereffective|p2a: Slowking
|-damage|p2a: Slowking|16/100
|-damage|p1a: Kommo-o|91/100|[from] item: Life Orb
|-prepare|p2a: Slowking|Chilly Reception|[premajor]
|move|p2a: Slowking|Chilly Reception|p2a: Slowking
|-weather|Snowscape
|
|t:|1758303071
|switch|p2a: Dragonite|Dragonite, M|100/100|[from] Chilly Reception
|
|-weather|Snowscape|[upkeep]
|upkeep
|turn|9
|
|t:|1758303086
|switch|p1a: Dragapult|Dragapult, F|100/100
|move|p2a: Dragonite|Dragon Dance|p2a: Dragonite
|-boost|p2a: Dragonite|atk|1
|-boost|p2a: Dragonite|spe|1
|
|-weather|Snowscape|[upkeep]
|-end|p1a: Dragapult|move: Future Sight
|-damage|p1a: Dragapult|45/100
|upkeep
|turn|10
|inactive|Sakamotouno has 120 seconds left.
|
|t:|1758303098
|switch|p2a: Gholdengo|Gholdengo|100/100
|move|p1a: Dragapult|Draco Meteor|p2a: Gholdengo
|-resisted|p2a: Gholdengo
|-damage|p2a: Gholdengo|47/100
|-unboost|p1a: Dragapult|spa|2
|
|-weather|Snowscape|[upkeep]
|upkeep
|turn|11
|inactive|Sakamotouno has 120 seconds left.
|
|t:|1758303110
|switch|p1a: Kommo-o|Kommo-o, F, tera:Ghost|91/100
|move|p2a: Gholdengo|Shadow Ball|p1a: Kommo-o
|-immune|p1a: Kommo-o|[from] ability: Bulletproof
|
|-weather|Snowscape|[upkeep]
|upkeep
|turn|12
|
|t:|1758303116
|move|p2a: Gholdengo|Shadow Ball|p1a: Kommo-o
|-immune|p1a: Kommo-o|[from] ability: Bulletproof
|move|p1a: Kommo-o|Clangorous Soul|p1a: Kommo-o
|-boost|p1a: Kommo-o|atk|1
|-boost|p1a: Kommo-o|def|1
|-boost|p1a: Kommo-o|spa|1
|-boost|p1a: Kommo-o|spd|1
|-boost|p1a: Kommo-o|spe|1
|-damage|p1a: Kommo-o|58/100
|
|-weather|none
|upkeep
|turn|13
|
|t:|1758303130
|move|p1a: Kommo-o|Clangorous Soul|p1a: Kommo-o
|-boost|p1a: Kommo-o|atk|1
|-boost|p1a: Kommo-o|def|1
|-boost|p1a: Kommo-o|spa|1
|-boost|p1a: Kommo-o|spd|1
|-boost|p1a: Kommo-o|spe|1
|-damage|p1a: Kommo-o|25/100
|move|p2a: Gholdengo|Shadow Ball|p1a: Kommo-o
|-immune|p1a: Kommo-o|[from] ability: Bulletproof
|
|upkeep
|turn|14
|
|t:|1758303140
|move|p1a: Kommo-o|Tera Blast|p2a: Gholdengo|[anim] Tera Blast Ghost
|-supereffective|p2a: Gholdengo
|-damage|p2a: Gholdengo|0 fnt
|faint|p2a: Gholdengo
|-damage|p1a: Kommo-o|15/100|[from] item: Life Orb
|
|upkeep
|
|t:|1758303154
|switch|p2a: Dragonite|Dragonite, M|100/100
|turn|15
|
|t:|1758303177
|move|p1a: Kommo-o|Drain Punch|p2a: Dragonite
|-resisted|p2a: Dragonite
|-damage|p2a: Dragonite|79/100
|-heal|p1a: Kommo-o|28/100|[from] drain|[of] p2a: Dragonite
|-damage|p1a: Kommo-o|18/100|[from] item: Life Orb
|move|p2a: Dragonite|Earthquake|p1a: Kommo-o
|-damage|p1a: Kommo-o|0 fnt
|faint|p1a: Kommo-o
|
|upkeep
|c|☆OUOG Aelleden|you got max roll
|inactive|OUOG Aelleden has 120 seconds left.
|c|☆Sakamotouno|Meh
|
|t:|1758303221
|switch|p1a: Dragapult|Dragapult, F|45/100
|turn|16
|c|☆Sakamotouno|Dope set tho
|c|☆Sakamotouno|what’s last move
|c|☆OUOG Aelleden|you barelly seen the surface
|c|☆OUOG Aelleden|Upper hand
|
|t:|1758303241
|switch|p2a: Slowking|Slowking-Galar, F|49/100
|move|p1a: Dragapult|Draco Meteor|p2a: Slowking
|-damage|p2a: Slowking|0 fnt
|-unboost|p1a: Dragapult|spa|2
|faint|p2a: Slowking
|
|upkeep
|c|☆OUOG Aelleden|For kinggambit
|c|☆OUOG Aelleden|thinking he can RK
|c|☆OUOG Aelleden|xD
|inactive|Sakamotouno has 120 seconds left.
|
|t:|1758303263
|switch|p2a: Dragonite|Dragonite, M|79/100
|turn|17
|inactive|Sakamotouno has 120 seconds left.
|
|t:|1758303275
|switch|p1a: Enamorus|Enamorus, F|100/100
|-terastallize|p2a: Dragonite|Normal
|move|p2a: Dragonite|Dragon Dance|p2a: Dragonite
|-boost|p2a: Dragonite|atk|1
|-boost|p2a: Dragonite|spe|1
|
|upkeep
|turn|18
|
|t:|1758303301
|switch|p1a: Dragapult|Dragapult, F|45/100
|move|p2a: Dragonite|Extreme Speed|p1a: Dragapult
|-immune|p1a: Dragapult
|
|upkeep
|turn|19
|
|t:|1758303308
|move|p1a: Dragapult|Draco Meteor|p2a: Dragonite
|-damage|p2a: Dragonite|0 fnt
|-unboost|p1a: Dragapult|spa|2
|faint|p2a: Dragonite
|
|upkeep
|
|t:|1758303313
|switch|p2a: Quaquaval|Quaquaval, M|100/100
|turn|20
|
|t:|1758303316
|switch|p1a: Ogerpon|Ogerpon-Wellspring, F|100/100
|move|p2a: Quaquaval|U-turn|p1a: Ogerpon
|-supereffective|p1a: Ogerpon
|-damage|p1a: Ogerpon|0 fnt
|faint|p1a: Ogerpon
|-ability|p2a: Quaquaval|Moxie|boost
|-boost|p2a: Quaquaval|atk|1
|
|t:|1758303320
|switch|p2a: Ting-Lu|Ting-Lu|100/100|[from] U-turn
|-ability|p2a: Ting-Lu|Vessel of Ruin
|
|upkeep
|c|☆OUOG Aelleden|oof
|inactive|OUOG Aelleden has 120 seconds left.
|
|t:|1758303328
|switch|p1a: Scizor|Scizor, M|100/100
|turn|21
|
|t:|1758303334
|move|p1a: Scizor|U-turn|p2a: Ting-Lu
|-supereffective|p2a: Ting-Lu
|-damage|p2a: Ting-Lu|31/100
|
|t:|1758303337
|switch|p1a: Dragapult|Dragapult, F|45/100|[from] U-turn
|move|p2a: Ting-Lu|Ruination|p1a: Dragapult
|-damage|p1a: Dragapult|23/100
|
|-heal|p2a: Ting-Lu|37/100|[from] item: Leftovers
|upkeep
|turn|22
|
|t:|1758303348
|move|p1a: Dragapult|U-turn|p2a: Ting-Lu
|-supereffective|p2a: Ting-Lu
|-damage|p2a: Ting-Lu|19/100
|inactive|OUOG Aelleden has 120 seconds left.
|
|t:|1758303375
|switch|p1a: Scizor|Scizor, M|100/100|[from] U-turn
|move|p2a: Ting-Lu|Spikes|p1a: Scizor
|-sidestart|p1: OUOG Aelleden|Spikes
|
|-heal|p2a: Ting-Lu|25/100|[from] item: Leftovers
|upkeep
|turn|23
|
|t:|1758303391
|move|p1a: Scizor|U-turn|p2a: Ting-Lu
|-supereffective|p2a: Ting-Lu
|-damage|p2a: Ting-Lu|0 fnt
|faint|p2a: Ting-Lu
|
|t:|1758303395
|switch|p1a: Enamorus|Enamorus, F|100/100|[from] U-turn
|
|upkeep
|
|t:|1758303401
|switch|p2a: Quaquaval|Quaquaval, M|100/100
|turn|24
|
|t:|1758303404
|move|p1a: Enamorus|Moonblast|p2a: Quaquaval
|-supereffective|p2a: Quaquaval
|-damage|p2a: Quaquaval|0 fnt
|faint|p2a: Quaquaval
|
|win|OUOG Aelleden
|raw|OUOG Aelleden's rating: 1494 &rarr; <strong>1518</strong><br />(+24 for winning)
|raw|Sakamotouno's rating: 1563 &rarr; <strong>1539</strong><br />(-24 for losing)
|c|☆OUOG Aelleden|gg
|c|☆Sakamotouno|Gg
|l|☆Sakamotouno
|player|p2|
|l|☆OUOG Aelleden
|player|p1|
