|j|☆norca152
|j|☆Glonxxu
|t:|1758279629
|gametype|singles
|player|p1|norca152|drayden|1600
|player|p2|Glonxxu|dawn-masters2|1545
|gen|9
|tier|[Gen 9] OU
|rated|
|rule|HP Percentage Mod: HP is shown in percentages
|rule|Endless Battle Clause: Forcing endless battles is banned
|rule|Species Clause: Limit one of each Pokémon
|rule|OHKO Clause: OHKO moves are banned
|rule|Evasion Items Clause: Evasion items are banned
|rule|Evasion Moves Clause: Evasion moves are banned
|rule|Evasion Abilities Clause: Evasion abilities are banned
|rule|Sleep Moves Clause: Sleep-inducing moves are banned
|clearpoke
|poke|p1|Kyurem|
|poke|p1|Zamazenta-*|
|poke|p1|Landorus-Therian, M|
|poke|p1|Ogerpon-Wellspring, F|
|poke|p1|Corviknight, F|
|poke|p1|Slowking-Galar, F|
|poke|p2|Ceruledge, M|
|poke|p2|Pecharunt|
|poke|p2|Tyranitar, F|
|poke|p2|Excadrill, M|
|poke|p2|Ting-Lu|
|poke|p2|Raging Bolt|
|teampreview
|inactive|Battle timer is ON: inactive players will automatically lose when time's up. (requested by norca152)
|
|t:|1758279641
|teamsize|p1|6
|teamsize|p2|6
|start
|switch|p1a: Landorus|Landorus-Therian, M|100/100
|switch|p2a: Raging Bolt|Raging Bolt|100/100
|-ability|p1a: Landorus|Intimidate|boost
|-unboost|p2a: Raging Bolt|atk|1
|turn|1
|
|t:|1758279651
|-terastallize|p2a: Raging Bolt|Flying
|move|p1a: Landorus|U-turn|p2a: Raging Bolt
|-resisted|p2a: Raging Bolt
|-crit|p2a: Raging Bolt
|-damage|p2a: Raging Bolt|85/100
|
|t:|1758279658
|switch|p1a: Slowking|Slowking-Galar, F|100/100|[from] U-turn
|move|p2a: Raging Bolt|Draco Meteor|p1a: Slowking
|-damage|p1a: Slowking|26/100
|-unboost|p2a: Raging Bolt|spa|2
|
|-heal|p1a: Slowking|32/100|[from] item: Black Sludge
|upkeep
|turn|2
|
|t:|1758279669
|-end|p2a: Raging Bolt|Protosynthesis|[silent]
|switch|p2a: Ceruledge|Ceruledge, M|100/100
|-item|p2a: Ceruledge|Air Balloon
|switch|p1a: Landorus|Landorus-Therian, M|100/100
|-ability|p1a: Landorus|Intimidate|boost
|-unboost|p2a: Ceruledge|atk|1
|
|upkeep
|turn|3
|
|t:|1758279675
|switch|p2a: Pecharunt|Pecharunt|100/100
|move|p1a: Landorus|Crunch|p2a: Pecharunt
|-supereffective|p2a: Pecharunt
|-crit|p2a: Pecharunt
|-damage|p2a: Pecharunt|60/100
|-unboost|p2a: Pecharunt|def|1
|-damage|p1a: Landorus|84/100|[from] item: Rocky Helmet|[of] p2a: Pecharunt
|
|upkeep
|turn|4
|
|t:|1758279687
|switch|p2a: Raging Bolt|Raging Bolt, tera:Flying|85/100
|move|p1a: Landorus|Crunch|p2a: Raging Bolt
|-damage|p2a: Raging Bolt|60/100
|
|upkeep
|turn|5
|inactive|norca152 has 120 seconds left.
|inactive|Glonxxu has 120 seconds left.
|
|t:|1758279744
|switch|p1a: Slowking|Slowking-Galar, F|65/100
|move|p2a: Raging Bolt|Volt Switch|p1a: Slowking
|-damage|p1a: Slowking|25/100
|
|t:|1758279768
|-end|p2a: Raging Bolt|Protosynthesis|[silent]
|switch|p2a: Pecharunt|Pecharunt|60/100|[from] Volt Switch
|
|-heal|p1a: Slowking|31/100|[from] item: Black Sludge
|upkeep
|turn|6
|inactive|norca152 has 120 seconds left.
|
|t:|1758279779
|switch|p1a: Landorus|Landorus-Therian, M|84/100
|-ability|p1a: Landorus|Intimidate|boost
|-unboost|p2a: Pecharunt|atk|1
|move|p2a: Pecharunt|Parting Shot|p1a: Landorus
|-unboost|p1a: Landorus|atk|1
|-unboost|p1a: Landorus|spa|1
|inactive|Glonxxu has 90 seconds left.
|
|t:|1758279790
|switch|p2a: Raging Bolt|Raging Bolt, tera:Flying|60/100|[from] Parting Shot
|
|upkeep
|turn|7
|
|t:|1758279794
|move|p1a: Landorus|U-turn|p2a: Raging Bolt
|-resisted|p2a: Raging Bolt
|-damage|p2a: Raging Bolt|53/100
|
|t:|1758279796
|switch|p1a: Slowking|Slowking-Galar, F|64/100|[from] U-turn
|move|p2a: Raging Bolt|Draco Meteor|p1a: Slowking|[miss]
|-miss|p2a: Raging Bolt|p1a: Slowking
|
|-heal|p1a: Slowking|71/100|[from] item: Black Sludge
|upkeep
|turn|8
|j| Nikator98
|
|t:|1758279805
|move|p2a: Raging Bolt|Draco Meteor|p1a: Slowking
|-damage|p1a: Slowking|0 fnt
|-unboost|p2a: Raging Bolt|spa|2
|faint|p1a: Slowking
|
|upkeep
|
|t:|1758279820
|switch|p1a: Ogerpon|Ogerpon-Wellspring, F|100/100
|turn|9
|
|t:|1758279827
|move|p1a: Ogerpon|Swords Dance|p1a: Ogerpon
|-boost|p1a: Ogerpon|atk|2
|move|p2a: Raging Bolt|Draco Meteor|p1a: Ogerpon
|-damage|p1a: Ogerpon|28/100
|-unboost|p2a: Raging Bolt|spa|2
|
|upkeep
|turn|10
|l| Nikator98
|
|t:|1758279839
|-end|p2a: Raging Bolt|Protosynthesis|[silent]
|switch|p2a: Tyranitar|Tyranitar, F|100/100
|-weather|Sandstorm|[from] ability: Sand Stream|[of] p2a: Tyranitar
|move|p1a: Ogerpon|Ivy Cudgel|p2a: Tyranitar|[anim] Ivy Cudgel Water
|-supereffective|p2a: Tyranitar
|-damage|p2a: Tyranitar|0 fnt
|faint|p2a: Tyranitar
|
|-weather|Sandstorm|[upkeep]
|-damage|p1a: Ogerpon|22/100|[from] Sandstorm
|upkeep
|
|t:|1758279844
|switch|p2a: Excadrill|Excadrill, M|100/100
|-item|p2a: Excadrill|Air Balloon
|turn|11
|
|t:|1758279856
|move|p2a: Excadrill|Rock Slide|p1a: Ogerpon
|-damage|p1a: Ogerpon|0 fnt
|faint|p1a: Ogerpon
|
|-weather|Sandstorm|[upkeep]
|upkeep
|
|t:|1758279880
|switch|p1a: Corviknight|Corviknight, F|100/100
|-ability|p1a: Corviknight|Pressure
|turn|12
|
|t:|1758279888
|move|p2a: Excadrill|Swords Dance|p2a: Excadrill
|-boost|p2a: Excadrill|atk|2
|move|p1a: Corviknight|Brave Bird|p2a: Excadrill
|-resisted|p2a: Excadrill
|-damage|p2a: Excadrill|76/100
|-enditem|p2a: Excadrill|Air Balloon
|-damage|p1a: Corviknight|93/100|[from] Recoil
|
|-weather|Sandstorm|[upkeep]
|upkeep
|turn|13
|
|t:|1758279897
|move|p2a: Excadrill|Swords Dance|p2a: Excadrill
|-boost|p2a: Excadrill|atk|2
|move|p1a: Corviknight|Body Press|p2a: Excadrill
|-supereffective|p2a: Excadrill
|-damage|p2a: Excadrill|3/100
|
|-weather|Sandstorm|[upkeep]
|upkeep
|turn|14
|
|t:|1758279903
|move|p2a: Excadrill|Rock Slide|p1a: Corviknight
|-damage|p1a: Corviknight|45/100
|move|p1a: Corviknight|Body Press|p2a: Excadrill
|-supereffective|p2a: Excadrill
|-damage|p2a: Excadrill|0 fnt
|faint|p2a: Excadrill
|
|-weather|none
|upkeep
|
|t:|1758279923
|switch|p2a: Raging Bolt|Raging Bolt, tera:Flying|53/100
|turn|15
|
|t:|1758279930
|move|p2a: Raging Bolt|Draco Meteor|p1a: Corviknight
|-resisted|p1a: Corviknight
|-damage|p1a: Corviknight|0 fnt
|-unboost|p2a: Raging Bolt|spa|2
|faint|p1a: Corviknight
|
|upkeep
|
|t:|1758279934
|switch|p1a: Landorus|Landorus-Therian, M|84/100
|-ability|p1a: Landorus|Intimidate|boost
|-unboost|p2a: Raging Bolt|atk|1
|turn|16
|
|t:|1758279944
|-end|p2a: Raging Bolt|Protosynthesis|[silent]
|switch|p2a: Ting-Lu|Ting-Lu|100/100
|-ability|p2a: Ting-Lu|Vessel of Ruin
|move|p1a: Landorus|Stone Edge|p2a: Ting-Lu|[miss]
|-miss|p1a: Landorus|p2a: Ting-Lu
|
|upkeep
|turn|17
|
|t:|1758279951
|switch|p1a: Kyurem|Kyurem|100/100
|-ability|p1a: Kyurem|Pressure
|move|p2a: Ting-Lu|Ruination|p1a: Kyurem
|-damage|p1a: Kyurem|51/100
|
|upkeep
|turn|18
|
|t:|1758279966
|move|p1a: Kyurem|Draco Meteor|p2a: Ting-Lu
|-damage|p2a: Ting-Lu|61/100
|-unboost|p1a: Kyurem|spa|2
|move|p2a: Ting-Lu|Whirlwind|p1a: Kyurem
|drag|p1a: Zamazenta|Zamazenta|100/100
|-ability|p1a: Zamazenta|Dauntless Shield|boost
|-boost|p1a: Zamazenta|def|1
|
|-heal|p2a: Ting-Lu|67/100|[from] item: Leftovers
|upkeep
|turn|19
|
|t:|1758279974
|switch|p2a: Pecharunt|Pecharunt|60/100
|move|p1a: Zamazenta|Body Press|p2a: Pecharunt
|-immune|p2a: Pecharunt
|
|upkeep
|turn|20
|
|t:|1758279979
|move|p1a: Zamazenta|Iron Defense|p1a: Zamazenta
|-boost|p1a: Zamazenta|def|2
|move|p2a: Pecharunt|Recover|p2a: Pecharunt
|-heal|p2a: Pecharunt|100/100
|
|upkeep
|turn|21
|
|t:|1758279985
|move|p1a: Zamazenta|Crunch|p2a: Pecharunt
|-supereffective|p2a: Pecharunt
|-damage|p2a: Pecharunt|82/100
|-damage|p1a: Zamazenta|84/100|[from] item: Rocky Helmet|[of] p2a: Pecharunt
|move|p2a: Pecharunt|Malignant Chain|p1a: Zamazenta
|-damage|p1a: Zamazenta|59/100
|
|upkeep
|turn|22
|
|t:|1758279992
|move|p1a: Zamazenta|Crunch|p2a: Pecharunt
|-supereffective|p2a: Pecharunt
|-damage|p2a: Pecharunt|63/100
|-damage|p1a: Zamazenta|43/100|[from] item: Rocky Helmet|[of] p2a: Pecharunt
|move|p2a: Pecharunt|Malignant Chain|p1a: Zamazenta
|-crit|p1a: Zamazenta
|-damage|p1a: Zamazenta|8/100
|
|upkeep
|turn|23
|
|t:|1758280001
|move|p1a: Zamazenta|Rest|p1a: Zamazenta
|-status|p1a: Zamazenta|slp|[from] move: Rest
|-heal|p1a: Zamazenta|100/100 slp|[silent]
|-enditem|p1a: Zamazenta|Chesto Berry|[eat]
|-curestatus|p1a: Zamazenta|slp|[msg]
|move|p2a: Pecharunt|Recover|p2a: Pecharunt
|-heal|p2a: Pecharunt|100/100
|
|upkeep
|turn|24
|l|☆norca152
|inactive|norca152 disconnected and has a minute to reconnect!
|player|p1|
|j|☆norca152
|inactive|norca152 reconnected and has 110 seconds left.
|player|p1|norca152|drayden|
|
|t:|1758280050
|move|p1a: Zamazenta|Crunch|p2a: Pecharunt
|-supereffective|p2a: Pecharunt
|-damage|p2a: Pecharunt|82/100
|-damage|p1a: Zamazenta|84/100|[from] item: Rocky Helmet|[of] p2a: Pecharunt
|move|p2a: Pecharunt|Malignant Chain|p1a: Zamazenta
|-damage|p1a: Zamazenta|59/100
|-status|p1a: Zamazenta|tox
|-start|p1a: Zamazenta|confusion|[from] ability: Poison Puppeteer|[of] p2a: Pecharunt
|
|-damage|p1a: Zamazenta|53/100 tox|[from] psn
|upkeep
|turn|25
|inactive|norca152 has 90 seconds left.
|
|t:|1758280077
|-activate|p1a: Zamazenta|confusion
|move|p1a: Zamazenta|Crunch|p2a: Pecharunt
|-supereffective|p2a: Pecharunt
|-damage|p2a: Pecharunt|62/100
|-damage|p1a: Zamazenta|36/100 tox|[from] item: Rocky Helmet|[of] p2a: Pecharunt
|move|p2a: Pecharunt|Shadow Ball|p1a: Zamazenta
|-damage|p1a: Zamazenta|18/100 tox
|
|-damage|p1a: Zamazenta|5/100 tox|[from] psn
|upkeep
|turn|26
|inactive|norca152 has 90 seconds left.
|
|t:|1758280103
|-activate|p1a: Zamazenta|confusion
|-damage|p1a: Zamazenta|2/100 tox|[from] confusion
|move|p2a: Pecharunt|Recover|p2a: Pecharunt
|-heal|p2a: Pecharunt|100/100
|
|-damage|p1a: Zamazenta|0 fnt|[from] psn
|faint|p1a: Zamazenta
|upkeep
|
|t:|1758280113
|switch|p1a: Landorus|Landorus-Therian, M|84/100
|-ability|p1a: Landorus|Intimidate|boost
|-unboost|p2a: Pecharunt|atk|1
|turn|27
|j| wgw2333
|
|t:|1758280137
|move|p1a: Landorus|Earthquake|p2a: Pecharunt
|-supereffective|p2a: Pecharunt
|-crit|p2a: Pecharunt
|-damage|p2a: Pecharunt|20/100
|move|p2a: Pecharunt|Malignant Chain|p1a: Landorus
|-resisted|p1a: Landorus
|-damage|p1a: Landorus|65/100
|-status|p1a: Landorus|tox
|-start|p1a: Landorus|confusion|[from] ability: Poison Puppeteer|[of] p2a: Pecharunt
|
|-damage|p1a: Landorus|59/100 tox|[from] psn
|upkeep
|turn|28
|l| wgw2333
|
|t:|1758280144
|switch|p1a: Kyurem|Kyurem|51/100
|-ability|p1a: Kyurem|Pressure
|switch|p2a: Raging Bolt|Raging Bolt, tera:Flying|53/100
|
|upkeep
|turn|29
|
|t:|1758280154
|-end|p2a: Raging Bolt|Protosynthesis|[silent]
|switch|p2a: Pecharunt|Pecharunt|20/100
|move|p1a: Kyurem|Blizzard|p2a: Pecharunt
|-damage|p2a: Pecharunt|0 fnt
|faint|p2a: Pecharunt
|
|upkeep
|
|t:|1758280157
|switch|p2a: Ceruledge|Ceruledge, M|100/100
|-item|p2a: Ceruledge|Air Balloon
|turn|30
|j| wgw2333
|
|t:|1758280167
|move|p1a: Kyurem|Blizzard|p2a: Ceruledge|[miss]
|-miss|p1a: Kyurem|p2a: Ceruledge
|move|p2a: Ceruledge|Poltergeist|p1a: Kyurem
|-activate|p1a: Kyurem|move: Poltergeist|Choice Specs
|-damage|p1a: Kyurem|0 fnt
|faint|p1a: Kyurem
|
|upkeep
|
|t:|1758280170
|switch|p1a: Landorus|Landorus-Therian, M|59/100 tox
|-ability|p1a: Landorus|Intimidate|boost
|-unboost|p2a: Ceruledge|atk|1
|turn|31
|inactive|norca152 has 90 seconds left.
|
|t:|1758280180
|switch|p2a: Raging Bolt|Raging Bolt, tera:Flying|53/100
|move|p1a: Landorus|Crunch|p2a: Raging Bolt
|-damage|p2a: Raging Bolt|29/100
|
|-damage|p1a: Landorus|53/100 tox|[from] psn
|upkeep
|turn|32
|
|t:|1758280183
|move|p1a: Landorus|Crunch|p2a: Raging Bolt
|-damage|p2a: Raging Bolt|6/100
|move|p2a: Raging Bolt|Draco Meteor|p1a: Landorus
|-damage|p1a: Landorus|0 fnt
|-unboost|p2a: Raging Bolt|spa|2
|faint|p1a: Landorus
|
|win|Glonxxu
|raw|norca152's rating: 1600 &rarr; <strong>1577</strong><br />(-23 for losing)
|raw|Glonxxu's rating: 1545 &rarr; <strong>1568</strong><br />(+23 for winning)
|l|☆norca152
|player|p1|
