|j|☆frenandi123
|j|☆xdudeslimy
|t:|1758294187
|gametype|singles
|player|p1|frenandi123|zinzolin|1104
|player|p2|xdudeslimy|266|1114
|gen|9
|tier|[Gen 9] OU
|rated|
|rule|HP Percentage Mod: HP is shown in percentages
|rule|Endless Battle Clause: Forcing endless battles is banned
|rule|Species Clause: Limit one of each Pokémon
|rule|OHKO Clause: OHKO moves are banned
|rule|Evasion Items Clause: Evasion items are banned
|rule|Evasion Moves Clause: Evasion moves are banned
|rule|Evasion Abilities Clause: Evasion abilities are banned
|rule|Sleep Moves Clause: Sleep-inducing moves are banned
|clearpoke
|poke|p1|Pelipper, F|
|poke|p1|Hatterene, F|
|poke|p1|Iron Treads|
|poke|p1|Toxicroak, F|
|poke|p1|Barraskewda, F|
|poke|p1|Zapdos|
|poke|p2|Polteageist-Antique|
|poke|p2|Indeedee, M|
|poke|p2|Ceruledge, F|
|poke|p2|Alomomola, M|
|poke|p2|Great Tusk|
|poke|p2|Haxorus, F|
|teampreview
|
|t:|1758294210
|teamsize|p1|6
|teamsize|p2|6
|start
|switch|p1a: Iron Treads|Iron Treads|100/100
|switch|p2a: george|Haxorus, F, shiny|100/100
|-ability|p2a: george|Mold Breaker
|turn|1
|
|t:|1758294235
|move|p2a: george|Earthquake|p1a: Iron Treads
|-supereffective|p1a: Iron Treads
|-damage|p1a: Iron Treads|38/100
|move|p1a: Iron Treads|Stealth Rock|p2a: george
|-sidestart|p2: xdudeslimy|move: Stealth Rock
|
|-heal|p1a: Iron Treads|44/100|[from] item: Leftovers
|upkeep
|turn|2
|
|t:|1758294240
|-end|p1a: Iron Treads|Quark Drive|[silent]
|switch|p1a: Pelipper|Pelipper, F|100/100
|-weather|RainDance|[from] ability: Drizzle|[of] p1a: Pelipper
|move|p2a: george|Earthquake|p1a: Pelipper
|-immune|p1a: Pelipper
|
|-weather|RainDance|[upkeep]
|upkeep
|turn|3
|
|t:|1758294252
|move|p2a: george|Poison Jab|p1a: Pelipper
|-damage|p1a: Pelipper|70/100
|-status|p1a: Pelipper|psn
|move|p1a: Pelipper|Knock Off|p2a: george
|-damage|p2a: george|85/100
|-enditem|p2a: george|Focus Sash|[from] move: Knock Off|[of] p1a: Pelipper
|
|-weather|RainDance|[upkeep]
|-damage|p1a: Pelipper|58/100 psn|[from] psn
|upkeep
|turn|4
|
|t:|1758294265
|move|p2a: george|Poison Jab|p1a: Pelipper
|-damage|p1a: Pelipper|25/100 psn
|move|p1a: Pelipper|U-turn|p2a: george
|-damage|p2a: george|72/100
|
|t:|1758294278
|switch|p1a: Zapdos|Zapdos|100/100|[from] U-turn
|
|-weather|RainDance|[upkeep]
|upkeep
|turn|5
|
|t:|1758294290
|move|p1a: Zapdos|Hurricane|p2a: george
|-damage|p2a: george|0 fnt
|faint|p2a: george
|
|-weather|RainDance|[upkeep]
|upkeep
|
|t:|1758294294
|switch|p2a: beauty salon|Great Tusk, shiny|100/100
|-damage|p2a: beauty salon|98/100|[from] Stealth Rock
|-enditem|p2a: beauty salon|Booster Energy
|-activate|p2a: beauty salon|ability: Protosynthesis|[fromitem]
|-start|p2a: beauty salon|protosynthesisspe
|turn|6
|
|t:|1758294298
|move|p2a: beauty salon|Rapid Spin|p1a: Zapdos
|-damage|p1a: Zapdos|83/100
|-boost|p2a: beauty salon|spe|1
|-sideend|p2: xdudeslimy|Stealth Rock|[from] move: Rapid Spin|[of] p2a: beauty salon
|move|p1a: Zapdos|Hurricane|p2a: beauty salon
|-supereffective|p2a: beauty salon
|-damage|p2a: beauty salon|0 fnt
|faint|p2a: beauty salon
|-end|p2a: beauty salon|Protosynthesis|[silent]
|
|-weather|RainDance|[upkeep]
|upkeep
|
|t:|1758294309
|switch|p2a: little birdy|Indeedee, M, shiny|100/100
|-fieldstart|move: Psychic Terrain|[from] ability: Psychic Surge|[of] p2a: little birdy
|turn|7
|
|t:|1758294314
|move|p1a: Zapdos|Hurricane|p2a: little birdy
|-damage|p2a: little birdy|0 fnt
|faint|p2a: little birdy
|
|-weather|RainDance|[upkeep]
|upkeep
|
|t:|1758294318
|switch|p2a: baby Louis vuitton|Polteageist-Antique, shiny|100/100
|turn|8
|
|t:|1758294322
|move|p1a: Zapdos|Hurricane|p2a: baby Louis vuitton
|-damage|p2a: baby Louis vuitton|11/100
|move|p2a: baby Louis vuitton|Shell Smash|p2a: baby Louis vuitton
|-unboost|p2a: baby Louis vuitton|def|1
|-unboost|p2a: baby Louis vuitton|spd|1
|-boost|p2a: baby Louis vuitton|atk|2
|-boost|p2a: baby Louis vuitton|spa|2
|-boost|p2a: baby Louis vuitton|spe|2
|
|-weather|RainDance|[upkeep]
|upkeep
|turn|9
|
|t:|1758294335
|move|p2a: baby Louis vuitton|Stored Power|p1a: Zapdos
|-damage|p1a: Zapdos|0 fnt
|faint|p1a: Zapdos
|
|-weather|none
|upkeep
|
|t:|1758294339
|switch|p1a: Pelipper|Pelipper, F|25/100 psn
|-weather|RainDance|[from] ability: Drizzle|[of] p1a: Pelipper
|turn|10
|
|t:|1758294346
|move|p2a: baby Louis vuitton|Giga Drain|p1a: Pelipper
|-damage|p1a: Pelipper|0 fnt
|-heal|p2a: baby Louis vuitton|26/100|[from] drain|[of] p1a: Pelipper
|faint|p1a: Pelipper
|
|-weather|RainDance|[upkeep]
|upkeep
|
|t:|1758294352
|switch|p1a: Hatterene|Hatterene, F|100/100
|turn|11
|
|t:|1758294356
|move|p2a: baby Louis vuitton|Stored Power|p1a: Hatterene
|-resisted|p1a: Hatterene
|-damage|p1a: Hatterene|30/100
|-enditem|p1a: Hatterene|Eject Button
|
|t:|1758294362
|switch|p1a: Barraskewda|Barraskewda, F|100/100
|
|-weather|RainDance|[upkeep]
|upkeep
|turn|12
|
|t:|1758294367
|move|p1a: Barraskewda|Flip Turn|p2a: baby Louis vuitton
|-crit|p2a: baby Louis vuitton
|-damage|p2a: baby Louis vuitton|0 fnt
|faint|p2a: baby Louis vuitton
|
|t:|1758294371
|switch|p1a: Hatterene|Hatterene, F|30/100|[from] Flip Turn
|
|-weather|RainDance|[upkeep]
|upkeep
|
|t:|1758294377
|switch|p2a: my little pony|Ceruledge, F, shiny|100/100
|turn|13
|
|t:|1758294382
|move|p2a: my little pony|Swords Dance|p2a: my little pony
|-boost|p2a: my little pony|atk|2
|move|p1a: Hatterene|Healing Wish|p1a: Hatterene
|faint|p1a: Hatterene
|
|-weather|RainDance|[upkeep]
|upkeep
|
|t:|1758294384
|switch|p1a: Iron Treads|Iron Treads|44/100
|-heal|p1a: Iron Treads|100/100|[from] move: Healing Wish
|turn|14
|
|t:|1758294391
|move|p2a: my little pony|Swords Dance|p2a: my little pony
|-boost|p2a: my little pony|atk|2
|move|p1a: Iron Treads|Earthquake|p2a: my little pony
|-supereffective|p2a: my little pony
|-enditem|p2a: my little pony|Focus Sash
|-damage|p2a: my little pony|1/100
|-ability|p2a: my little pony|Weak Armor|boost
|-unboost|p2a: my little pony|def|1
|-boost|p2a: my little pony|spe|2
|
|-weather|RainDance|[upkeep]
|-fieldend|move: Psychic Terrain
|upkeep
|turn|15
|
|t:|1758294404
|move|p2a: my little pony|Bitter Blade|p1a: Iron Treads
|-supereffective|p1a: Iron Treads
|-damage|p1a: Iron Treads|5/100
|-heal|p2a: my little pony|64/100|[from] drain|[of] p1a: Iron Treads
|move|p1a: Iron Treads|Volt Switch|p2a: my little pony
|-damage|p2a: my little pony|51/100
|
|t:|1758294406
|-end|p1a: Iron Treads|Quark Drive|[silent]
|switch|p1a: Barraskewda|Barraskewda, F|100/100|[from] Volt Switch
|
|-weather|RainDance|[upkeep]
|upkeep
|turn|16
|
|t:|1758294413
|move|p1a: Barraskewda|Flip Turn|p2a: my little pony
|-supereffective|p2a: my little pony
|-damage|p2a: my little pony|0 fnt
|faint|p2a: my little pony
|
|t:|1758294417
|switch|p1a: Toxicroak|Toxicroak, F|100/100|[from] Flip Turn
|
|-weather|RainDance|[upkeep]
|upkeep
|-message|xdudeslimy forfeited.
|
|win|frenandi123
|raw|frenandi123's rating: 1104 &rarr; <strong>1130</strong><br />(+26 for winning)
|raw|xdudeslimy's rating: 1114 &rarr; <strong>1088</strong><br />(-26 for losing)
|l|☆xdudeslimy
|player|p2|
