|j|☆WhatssAShield
|j|☆8ofplush
|t:|1758335234
|gametype|singles
|player|p1|WhatssAShield|2|1118
|player|p2|8ofplush|swimmerf|1077
|gen|9
|tier|[Gen 9] OU
|rated|
|rule|HP Percentage Mod: HP is shown in percentages
|rule|Endless Battle Clause: Forcing endless battles is banned
|rule|Species Clause: Limit one of each Pokémon
|rule|OHKO Clause: OHKO moves are banned
|rule|Evasion Items Clause: Evasion items are banned
|rule|Evasion Moves Clause: Evasion moves are banned
|rule|Evasion Abilities Clause: Evasion abilities are banned
|rule|Sleep Moves Clause: Sleep-inducing moves are banned
|clearpoke
|poke|p1|Glimmora, F|
|poke|p1|Quaquaval, F|
|poke|p1|Sableye, F|
|poke|p1|Gholdengo|
|poke|p1|Incineroar, M|
|poke|p1|Appletun, M|
|poke|p2|Ogerpon-Wellspring, F|
|poke|p2|Rillaboom, F|
|poke|p2|Flareon, M|
|poke|p2|Ursaluna, F|
|poke|p2|Latias, F|
|poke|p2|Gholdengo|
|teampreview
|c|☆8ofplush|Gl
|
|t:|1758335262
|teamsize|p1|6
|teamsize|p2|6
|start
|switch|p1a: Glimmora|Glimmora, F, shiny|100/100
|switch|p2a: Latias|Latias, F|100/100
|turn|1
|
|t:|1758335268
|move|p2a: Latias|Thunder Wave|p1a: Glimmora
|-status|p1a: Glimmora|par
|move|p1a: Glimmora|Spikes|p2a: Latias
|-sidestart|p2: 8ofplush|Spikes
|
|upkeep
|turn|2
|
|t:|1758335273
|move|p2a: Latias|Psychic|p1a: Glimmora
|-supereffective|p1a: Glimmora
|-damage|p1a: Glimmora|5/100 par
|move|p1a: Glimmora|Mortal Spin|p2a: Latias
|-damage|p2a: Latias|94/100
|-status|p2a: Latias|psn
|
|-heal|p2a: Latias|100/100 psn|[from] item: Leftovers
|-damage|p2a: Latias|88/100 psn|[from] psn
|upkeep
|turn|3
|inactive|Battle timer is ON: inactive players will automatically lose when time's up. (requested by 8ofplush)
|
|t:|1758335368
|move|p2a: Latias|Psychic|p1a: Glimmora
|-supereffective|p1a: Glimmora
|-damage|p1a: Glimmora|0 fnt
|faint|p1a: Glimmora
|
|-heal|p2a: Latias|94/100 psn|[from] item: Leftovers
|-damage|p2a: Latias|82/100 psn|[from] psn
|upkeep
|
|t:|1758335375
|switch|p1a: Sableye|Sableye, F, shiny|100/100
|turn|4
|
|t:|1758335378
|move|p1a: Sableye|Encore|p2a: Latias
|-start|p2a: Latias|Encore
|move|p2a: Latias|Psychic|p1a: Sableye
|-immune|p1a: Sableye
|
|-heal|p2a: Latias|88/100 psn|[from] item: Leftovers
|-damage|p2a: Latias|75/100 psn|[from] psn
|upkeep
|turn|5
|
|t:|1758335386
|switch|p2a: Flareon|Flareon, M|100/100
|-damage|p2a: Flareon|88/100|[from] Spikes
|move|p1a: Sableye|Night Shade|p2a: Flareon
|-damage|p2a: Flareon|58/100
|
|-heal|p2a: Flareon|64/100|[from] item: Leftovers
|upkeep
|turn|6
|
|t:|1758335398
|switch|p1a: Incineroar|Incineroar, M|100/100
|-ability|p1a: Incineroar|Intimidate|boost
|-unboost|p2a: Flareon|atk|1
|move|p2a: Flareon|Alluring Voice|p1a: Incineroar
|-damage|p1a: Incineroar|81/100
|
|-heal|p2a: Flareon|70/100|[from] item: Leftovers
|upkeep
|turn|7
|
|t:|1758335403
|move|p2a: Flareon|Detect|p2a: Flareon
|-singleturn|p2a: Flareon|Protect
|move|p1a: Incineroar|Parting Shot|p2a: Flareon
|-activate|p2a: Flareon|move: Protect
|
|-heal|p2a: Flareon|76/100|[from] item: Leftovers
|upkeep
|turn|8
|
|t:|1758335409
|switch|p2a: Latias|Latias, F|75/100 psn
|move|p1a: Incineroar|Parting Shot|p2a: Latias
|-unboost|p2a: Latias|atk|1
|-unboost|p2a: Latias|spa|1
|inactive|WhatssAShield has 120 seconds left.
|inactive|WhatssAShield has 90 seconds left.
|inactive|WhatssAShield has 60 seconds left.
|
|t:|1758335513
|switch|p1a: Quaquaval|Quaquaval, F|100/100|[from] Parting Shot
|
|-heal|p2a: Latias|82/100 psn|[from] item: Leftovers
|-damage|p2a: Latias|69/100 psn|[from] psn
|upkeep
|turn|9
|
|t:|1758335518
|-terastallize|p1a: Quaquaval|Water
|move|p2a: Latias|Tailwind|p2a: Latias
|-sidestart|p2: 8ofplush|move: Tailwind
|move|p1a: Quaquaval|Aqua Step|p2a: Latias
|-resisted|p2a: Latias
|-damage|p2a: Latias|43/100 psn
|-boost|p1a: Quaquaval|spe|1
|
|-heal|p2a: Latias|49/100 psn|[from] item: Leftovers
|-damage|p2a: Latias|37/100 psn|[from] psn
|upkeep
|turn|10
|
|t:|1758335523
|move|p2a: Latias|Protect|p2a: Latias
|-singleturn|p2a: Latias|Protect
|move|p1a: Quaquaval|Aqua Step|p2a: Latias
|-activate|p2a: Latias|move: Protect
|
|-heal|p2a: Latias|43/100 psn|[from] item: Leftovers
|-damage|p2a: Latias|31/100 psn|[from] psn
|upkeep
|turn|11
|
|t:|1758335526
|move|p2a: Latias|Psychic|p1a: Quaquaval
|-damage|p1a: Quaquaval|80/100
|move|p1a: Quaquaval|Aqua Step|p2a: Latias
|-resisted|p2a: Latias
|-damage|p2a: Latias|3/100 psn
|-boost|p1a: Quaquaval|spe|1
|
|-heal|p2a: Latias|9/100 psn|[from] item: Leftovers
|-damage|p2a: Latias|0 fnt|[from] psn
|faint|p2a: Latias
|upkeep
|
|t:|1758335533
|switch|p2a: Ogerpon|Ogerpon-Wellspring, F|100/100
|-damage|p2a: Ogerpon|88/100|[from] Spikes
|turn|12
|inactive|WhatssAShield has 90 seconds left.
|
|t:|1758335547
|move|p2a: Ogerpon|Power Whip|p1a: Quaquaval
|-supereffective|p1a: Quaquaval
|-damage|p1a: Quaquaval|0 fnt
|faint|p1a: Quaquaval
|
|-sideend|p2: 8ofplush|move: Tailwind
|upkeep
|
|t:|1758335556
|switch|p1a: Incineroar|Incineroar, M|81/100
|-ability|p1a: Incineroar|Intimidate|boost
|-unboost|p2a: Ogerpon|atk|1
|turn|13
|
|t:|1758335578
|move|p2a: Ogerpon|U-turn|p1a: Incineroar
|-damage|p1a: Incineroar|59/100
|
|t:|1758335579
|switch|p2a: Ursaluna|Ursaluna, F|100/100|[from] U-turn
|-damage|p2a: Ursaluna|88/100|[from] Spikes
|move|p1a: Incineroar|Parting Shot|p2a: Ursaluna
|-unboost|p2a: Ursaluna|atk|1
|-unboost|p2a: Ursaluna|spa|1
|inactive|WhatssAShield has 90 seconds left.
|inactive|WhatssAShield has 60 seconds left.
|c|☆8ofplush|Can you stop stalling?
|
|t:|1758335639
|switch|p1a: Sableye|Sableye, F, shiny|100/100|[from] Parting Shot
|
|-status|p2a: Ursaluna|brn|[from] item: Flame Orb
|upkeep
|turn|14
|
|t:|1758335646
|move|p1a: Sableye|Trick|p2a: Ursaluna
|-activate|p1a: Sableye|move: Trick|[of] p2a: Ursaluna
|-item|p2a: Ursaluna|Lagging Tail|[from] move: Trick
|-item|p1a: Sableye|Flame Orb|[from] move: Trick
|move|p2a: Ursaluna|Headlong Rush|p1a: Sableye
|-damage|p1a: Sableye|1/100
|-unboost|p2a: Ursaluna|def|1
|-unboost|p2a: Ursaluna|spd|1
|
|-damage|p2a: Ursaluna|82/100 brn|[from] brn
|-status|p1a: Sableye|brn|[from] item: Flame Orb
|upkeep
|turn|15
|inactive|WhatssAShield has 60 seconds left.
|
|t:|1758335655
|move|p1a: Sableye|Night Shade|p2a: Ursaluna
|-immune|p2a: Ursaluna
|move|p2a: Ursaluna|Headlong Rush|p1a: Sableye
|-damage|p1a: Sableye|0 fnt
|-unboost|p2a: Ursaluna|def|1
|-unboost|p2a: Ursaluna|spd|1
|faint|p1a: Sableye
|
|-damage|p2a: Ursaluna|76/100 brn|[from] brn
|upkeep
|inactive|WhatssAShield has 60 seconds left.
|
|t:|1758335671
|switch|p1a: Gholdengo|Gholdengo|100/100
|-item|p1a: Gholdengo|Air Balloon
|turn|16
|
|t:|1758335677
|move|p1a: Gholdengo|Nasty Plot|p1a: Gholdengo
|-boost|p1a: Gholdengo|spa|2
|move|p2a: Ursaluna|Fire Punch|p1a: Gholdengo
|-supereffective|p1a: Gholdengo
|-damage|p1a: Gholdengo|32/100
|-enditem|p1a: Gholdengo|Air Balloon
|
|-damage|p2a: Ursaluna|69/100 brn|[from] brn
|upkeep
|turn|17
|inactive|WhatssAShield has 60 seconds left.
|
|t:|1758335699
|move|p1a: Gholdengo|Shadow Ball|p2a: Ursaluna
|-immune|p2a: Ursaluna
|move|p2a: Ursaluna|Fire Punch|p1a: Gholdengo
|-supereffective|p1a: Gholdengo
|-damage|p1a: Gholdengo|0 fnt
|faint|p1a: Gholdengo
|
|-damage|p2a: Ursaluna|63/100 brn|[from] brn
|upkeep
|-message|WhatssAShield forfeited.
|
|win|8ofplush
|raw|WhatssAShield's rating: 1118 &rarr; <strong>1090</strong><br />(-28 for losing)
|raw|8ofplush's rating: 1077 &rarr; <strong>1109</strong><br />(+32 for winning)
|l|☆WhatssAShield
|player|p1|
|l|☆8ofplush
|player|p2|
