|j|☆Overnight cbrn by
|j|☆manambintsoa
|t:|1758300410
|gametype|singles
|player|p1|Overnight cbrn by|youngcouple|1497
|player|p2|manambintsoa|burglar|1469
|gen|9
|tier|[Gen 9] OU
|rated|
|rule|HP Percentage Mod: HP is shown in percentages
|rule|Endless Battle Clause: Forcing endless battles is banned
|rule|Species Clause: Limit one of each Pokémon
|rule|OHKO Clause: OHKO moves are banned
|rule|Evasion Items Clause: Evasion items are banned
|rule|Evasion Moves Clause: Evasion moves are banned
|rule|Evasion Abilities Clause: Evasion abilities are banned
|rule|Sleep Moves Clause: Sleep-inducing moves are banned
|clearpoke
|poke|p1|Hawlucha, M|
|poke|p1|Kyurem|
|poke|p1|Iron Treads|
|poke|p1|Iron Moth|
|poke|p1|Rillaboom, M|
|poke|p1|Clodsire, F|
|poke|p2|Zapdos|
|poke|p2|Slowking-Galar, M|
|poke|p2|Dragonite, M|
|poke|p2|Samurott-Hisui, F|
|poke|p2|Iron Treads|
|poke|p2|Tauros-Paldea-Aqua, M|
|teampreview
|inactive|Battle timer is ON: inactive players will automatically lose when time's up. (requested by Overnight cbrn by)
|c|☆Overnight cbrn by|Gl hf
|
|t:|1758300419
|teamsize|p1|6
|teamsize|p2|6
|start
|switch|p1a: Iron Treads|Iron Treads|100/100
|switch|p2a: Samurott|Samurott-Hisui, F, shiny|100/100
|-enditem|p1a: Iron Treads|Booster Energy
|-activate|p1a: Iron Treads|ability: Quark Drive|[fromitem]
|-start|p1a: Iron Treads|quarkdrivespe
|turn|1
|
|t:|1758300437
|move|p1a: Iron Treads|Stealth Rock|p2a: Samurott
|-sidestart|p2: manambintsoa|move: Stealth Rock
|move|p2a: Samurott|Aqua Cutter|p1a: Iron Treads
|-supereffective|p1a: Iron Treads
|-damage|p1a: Iron Treads|20/100
|
|upkeep
|turn|2
|
|t:|1758300443
|-end|p1a: Iron Treads|Quark Drive|[silent]
|switch|p1a: Rillaboom|Rillaboom, M|100/100
|-fieldstart|move: Grassy Terrain|[from] ability: Grassy Surge|[of] p1a: Rillaboom
|move|p2a: Samurott|Aqua Cutter|p1a: Rillaboom
|-resisted|p1a: Rillaboom
|-damage|p1a: Rillaboom|74/100
|
|-heal|p1a: Rillaboom|80/100|[from] Grassy Terrain
|upkeep
|turn|3
|
|t:|1758300453
|switch|p2a: Zapdos|Zapdos|100/100
|move|p1a: Rillaboom|U-turn|p2a: Zapdos
|-resisted|p2a: Zapdos
|-damage|p2a: Zapdos|84/100
|
|t:|1758300456
|switch|p1a: Iron Moth|Iron Moth|100/100|[from] U-turn
|-enditem|p1a: Iron Moth|Booster Energy
|-activate|p1a: Iron Moth|ability: Quark Drive|[fromitem]
|-start|p1a: Iron Moth|quarkdrivespa
|
|upkeep
|turn|4
|
|t:|1758300464
|move|p1a: Iron Moth|Agility|p1a: Iron Moth
|-boost|p1a: Iron Moth|spe|2
|move|p2a: Zapdos|Thunder Wave|p1a: Iron Moth
|-status|p1a: Iron Moth|par
|
|upkeep
|turn|5
|
|t:|1758300484
|switch|p2a: Slowking|Slowking-Galar, M|100/100
|-damage|p2a: Slowking|88/100|[from] Stealth Rock
|move|p1a: Iron Moth|Fiery Dance|p2a: Slowking
|-damage|p2a: Slowking|53/100
|-boost|p1a: Iron Moth|spa|1
|
|-heal|p2a: Slowking|59/100|[from] Grassy Terrain
|upkeep
|turn|6
|
|t:|1758300492
|move|p1a: Iron Moth|Fiery Dance|p2a: Slowking
|-damage|p2a: Slowking|6/100
|move|p2a: Slowking|Psychic|p1a: Iron Moth
|-supereffective|p1a: Iron Moth
|-damage|p1a: Iron Moth|8/100 par
|
|-heal|p1a: Iron Moth|14/100 par|[from] Grassy Terrain
|-heal|p2a: Slowking|12/100|[from] Grassy Terrain
|-fieldend|move: Grassy Terrain
|upkeep
|turn|7
|
|t:|1758300500
|move|p1a: Iron Moth|Fiery Dance|p2a: Slowking
|-damage|p2a: Slowking|0 fnt
|faint|p2a: Slowking
|
|upkeep
|
|t:|1758300505
|switch|p2a: Dragonite|Dragonite, M|100/100
|turn|8
|
|t:|1758300507
|move|p2a: Dragonite|Extreme Speed|p1a: Iron Moth
|-damage|p1a: Iron Moth|0 fnt
|faint|p1a: Iron Moth
|-end|p1a: Iron Moth|Quark Drive|[silent]
|
|upkeep
|
|t:|1758300511
|switch|p1a: Kyurem|Kyurem|100/100
|-ability|p1a: Kyurem|Pressure
|turn|9
|
|t:|1758300531
|switch|p1a: Hawlucha|Hawlucha, M|100/100
|-terastallize|p2a: Dragonite|Normal
|move|p2a: Dragonite|Dragon Dance|p2a: Dragonite
|-boost|p2a: Dragonite|atk|1
|-boost|p2a: Dragonite|spe|1
|
|upkeep
|turn|10
|
|t:|1758300542
|move|p2a: Dragonite|Ice Spinner|p1a: Hawlucha
|-supereffective|p1a: Hawlucha
|-damage|p1a: Hawlucha|0 fnt
|faint|p1a: Hawlucha
|
|upkeep
|
|t:|1758300546
|switch|p1a: Rillaboom|Rillaboom, M|80/100
|-fieldstart|move: Grassy Terrain|[from] ability: Grassy Surge|[of] p1a: Rillaboom
|turn|11
|
|t:|1758300551
|move|p1a: Rillaboom|Grassy Glide|p2a: Dragonite
|-crit|p2a: Dragonite
|-damage|p2a: Dragonite|53/100
|move|p2a: Dragonite|Ice Spinner|p1a: Rillaboom
|-supereffective|p1a: Rillaboom
|-damage|p1a: Rillaboom|0 fnt
|-fieldend|move: Grassy Terrain
|faint|p1a: Rillaboom
|
|upkeep
|
|t:|1758300554
|switch|p1a: Kyurem|Kyurem|100/100
|-ability|p1a: Kyurem|Pressure
|turn|12
|
|t:|1758300563
|-terastallize|p1a: Kyurem|Ghost
|move|p2a: Dragonite|Extreme Speed|p1a: Kyurem
|-immune|p1a: Kyurem
|move|p1a: Kyurem|Dragon Dance|p1a: Kyurem
|-boost|p1a: Kyurem|atk|1
|-boost|p1a: Kyurem|spe|1
|
|upkeep
|turn|13
|
|t:|1758300580
|move|p1a: Kyurem|Dragon Dance|p1a: Kyurem
|-boost|p1a: Kyurem|atk|1
|-boost|p1a: Kyurem|spe|1
|move|p2a: Dragonite|Earthquake|p1a: Kyurem
|-damage|p1a: Kyurem|44/100
|
|upkeep
|turn|14
|
|t:|1758300588
|move|p1a: Kyurem|Icicle Spear|p2a: Dragonite
|-damage|p2a: Dragonite|20/100
|-damage|p2a: Dragonite|0 fnt
|faint|p2a: Dragonite
|-hitcount|p2: Dragonite|2
|
|upkeep
|
|t:|1758300602
|switch|p2a: Tauros|Tauros-Paldea-Aqua, M|100/100
|-damage|p2a: Tauros|94/100|[from] Stealth Rock
|-ability|p2a: Tauros|Intimidate|boost
|-unboost|p1a: Kyurem|atk|1
|turn|15
|
|t:|1758300610
|move|p1a: Kyurem|Scale Shot|p2a: Tauros
|-damage|p2a: Tauros|79/100
|-damage|p2a: Tauros|62/100
|-damage|p2a: Tauros|48/100
|-damage|p2a: Tauros|32/100
|-hitcount|p2a: Tauros|4
|-unboost|p1a: Kyurem|def|1
|-boost|p1a: Kyurem|spe|1
|move|p2a: Tauros|Raging Bull|p1a: Kyurem
|-damage|p1a: Kyurem|0 fnt
|faint|p1a: Kyurem
|
|-heal|p2a: Tauros|38/100|[from] item: Leftovers
|upkeep
|
|t:|1758300614
|switch|p1a: Iron Treads|Iron Treads|20/100
|turn|16
|
|t:|1758300626
|move|p1a: Iron Treads|Earthquake|p2a: Tauros
|-damage|p2a: Tauros|1/100
|move|p2a: Tauros|Raging Bull|p1a: Iron Treads
|-supereffective|p1a: Iron Treads
|-damage|p1a: Iron Treads|0 fnt
|faint|p1a: Iron Treads
|-end|p1a: Iron Treads|Quark Drive|[silent]
|
|-heal|p2a: Tauros|8/100|[from] item: Leftovers
|upkeep
|c|☆Overnight cbrn by|Gg wp
|
|t:|1758300634
|switch|p1a: Clodsire|Clodsire, F|100/100
|turn|17
|
|t:|1758300639
|move|p2a: Tauros|Raging Bull|p1a: Clodsire
|-supereffective|p1a: Clodsire
|-damage|p1a: Clodsire|47/100
|move|p1a: Clodsire|Poison Jab|p2a: Tauros
|-damage|p2a: Tauros|0 fnt
|faint|p2a: Tauros
|
|upkeep
|
|t:|1758300646
|switch|p2a: Samurott|Samurott-Hisui, F, shiny|100/100
|-damage|p2a: Samurott|88/100|[from] Stealth Rock
|turn|18
|
|t:|1758300656
|move|p2a: Samurott|Aqua Cutter|p1a: Clodsire
|-supereffective|p1a: Clodsire
|-damage|p1a: Clodsire|0 fnt
|faint|p1a: Clodsire
|
|win|manambintsoa
|raw|Overnight cbrn by's rating: 1497 &rarr; <strong>1475</strong><br />(-22 for losing)
|raw|manambintsoa's rating: 1469 &rarr; <strong>1491</strong><br />(+22 for winning)
|l|☆manambintsoa
|player|p2|
|l|☆Overnight cbrn by
|player|p1|
|j|☆manambintsoa
|player|p2|manambintsoa|burglar|
|l|☆manambintsoa
|player|p2|
