|j|☆Volga123
|j|☆averagealt99
|t:|1758288625
|gametype|singles
|player|p1|Volga123|cynthia|1412
|player|p2|averagealt99|acetrainerf-gen4dp|1436
|gen|9
|tier|[Gen 9] OU
|rated|
|rule|HP Percentage Mod: HP is shown in percentages
|rule|Endless Battle Clause: Forcing endless battles is banned
|rule|Species Clause: Limit one of each Pokémon
|rule|OHKO Clause: OHKO moves are banned
|rule|Evasion Items Clause: Evasion items are banned
|rule|Evasion Moves Clause: Evasion moves are banned
|rule|Evasion Abilities Clause: Evasion abilities are banned
|rule|Sleep Moves Clause: Sleep-inducing moves are banned
|clearpoke
|poke|p1|Araquanid, M|
|poke|p1|Politoed, M|
|poke|p1|Raging Bolt|
|poke|p1|Bisharp, M|
|poke|p1|Noivern, F|
|poke|p1|Clodsire, M|
|poke|p2|Ninetales, F|
|poke|p2|Great Tusk|
|poke|p2|Kyurem|
|poke|p2|Delphox, F|
|poke|p2|Garganacl, F|
|poke|p2|Walking Wake|
|teampreview
|j| DaraghJohn
|inactive|Battle timer is ON: inactive players will automatically lose when time's up. (requested by averagealt99)
|
|t:|1758288653
|teamsize|p1|6
|teamsize|p2|6
|start
|switch|p1a: Araquanid|Araquanid, M|100/100
|switch|p2a: Garganacl|Garganacl, F|100/100
|turn|1
|
|t:|1758288669
|-terastallize|p1a: Araquanid|Water
|move|p1a: Araquanid|Liquidation|p2a: Garganacl
|-supereffective|p2a: Garganacl
|-damage|p2a: Garganacl|0 fnt
|faint|p2a: Garganacl
|
|upkeep
|
|t:|1758288675
|switch|p2a: Ninetales|Ninetales, F|100/100
|-weather|SunnyDay|[from] ability: Drought|[of] p2a: Ninetales
|turn|2
|
|t:|1758288678
|switch|p2a: Walking Wake|Walking Wake|100/100
|-activate|p2a: Walking Wake|ability: Protosynthesis
|-start|p2a: Walking Wake|protosynthesisspe
|move|p1a: Araquanid|Liquidation|p2a: Walking Wake
|-resisted|p2a: Walking Wake
|-damage|p2a: Walking Wake|84/100
|
|-weather|SunnyDay|[upkeep]
|upkeep
|turn|3
|
|t:|1758288686
|switch|p1a: Politoed|Politoed, M|100/100
|-weather|RainDance|[from] ability: Drizzle|[of] p1a: Politoed
|-end|p2a: Walking Wake|Protosynthesis
|move|p2a: Walking Wake|Dragon Pulse|p1a: Politoed
|-damage|p1a: Politoed|45/100
|
|-weather|RainDance|[upkeep]
|upkeep
|turn|4
|
|t:|1758288691
|switch|p1a: Clodsire|Clodsire, M|100/100
|move|p2a: Walking Wake|Dragon Pulse|p1a: Clodsire
|-damage|p1a: Clodsire|57/100
|
|-weather|RainDance|[upkeep]
|-heal|p1a: Clodsire|63/100|[from] item: Black Sludge
|upkeep
|turn|5
|
|t:|1758288696
|-end|p2a: Walking Wake|Protosynthesis|[silent]
|switch|p2a: Ninetales|Ninetales, F|100/100
|-weather|SunnyDay|[from] ability: Drought|[of] p2a: Ninetales
|move|p1a: Clodsire|Toxic|p2a: Ninetales
|-status|p2a: Ninetales|tox
|
|-weather|SunnyDay|[upkeep]
|-heal|p1a: Clodsire|70/100|[from] item: Black Sludge
|-damage|p2a: Ninetales|95/100 tox|[from] psn
|upkeep
|turn|6
|
|t:|1758288705
|switch|p1a: Politoed|Politoed, M|45/100
|-weather|RainDance|[from] ability: Drizzle|[of] p1a: Politoed
|move|p2a: Ninetales|Solar Beam||[still]
|-prepare|p2a: Ninetales|Solar Beam
|
|-weather|RainDance|[upkeep]
|-damage|p2a: Ninetales|83/100 tox|[from] psn
|upkeep
|turn|7
|
|t:|1758288708
|move|p2a: Ninetales|Solar Beam|p1a: Politoed|[from] lockedmove
|-supereffective|p1a: Politoed
|-damage|p1a: Politoed|18/100
|move|p1a: Politoed|Surf|p2a: Ninetales
|-supereffective|p2a: Ninetales
|-damage|p2a: Ninetales|0 fnt
|faint|p2a: Ninetales
|
|-weather|RainDance|[upkeep]
|upkeep
|
|t:|1758288713
|switch|p2a: Kyurem|Kyurem|100/100
|-ability|p2a: Kyurem|Pressure
|turn|8
|
|t:|1758288719
|switch|p1a: Bisharp|Bisharp, M|100/100
|move|p2a: Kyurem|Dragon Dance|p2a: Kyurem
|-boost|p2a: Kyurem|atk|1
|-boost|p2a: Kyurem|spe|1
|
|-weather|RainDance|[upkeep]
|upkeep
|turn|9
|
|t:|1758288723
|switch|p2a: Great Tusk|Great Tusk|100/100
|move|p1a: Bisharp|Iron Head|p2a: Great Tusk
|-damage|p2a: Great Tusk|78/100
|
|-weather|RainDance|[upkeep]
|upkeep
|turn|10
|
|t:|1758288731
|switch|p1a: Noivern|Noivern, F|100/100
|move|p2a: Great Tusk|Knock Off|p1a: Noivern
|-damage|p1a: Noivern|66/100
|-enditem|p1a: Noivern|Throat Spray|[from] move: Knock Off|[of] p2a: Great Tusk
|
|-weather|RainDance|[upkeep]
|upkeep
|turn|11
|
|t:|1758288743
|move|p1a: Noivern|Hurricane|p2a: Great Tusk
|-supereffective|p2a: Great Tusk
|-damage|p2a: Great Tusk|0 fnt
|faint|p2a: Great Tusk
|-end|p2a: Great Tusk|Protosynthesis|[silent]
|
|-weather|RainDance|[upkeep]
|upkeep
|
|t:|1758288747
|switch|p2a: Walking Wake|Walking Wake|84/100
|turn|12
|
|t:|1758288751
|move|p1a: Noivern|Draco Meteor|p2a: Walking Wake
|-supereffective|p2a: Walking Wake
|-damage|p2a: Walking Wake|0 fnt
|-unboost|p1a: Noivern|spa|2
|faint|p2a: Walking Wake
|-end|p2a: Walking Wake|Protosynthesis|[silent]
|
|-weather|RainDance|[upkeep]
|upkeep
|
|t:|1758288756
|switch|p2a: Kyurem|Kyurem|100/100
|-ability|p2a: Kyurem|Pressure
|turn|13
|
|t:|1758288764
|switch|p1a: Bisharp|Bisharp, M|100/100
|move|p2a: Kyurem|Dragon Dance|p2a: Kyurem
|-boost|p2a: Kyurem|atk|1
|-boost|p2a: Kyurem|spe|1
|
|-weather|none
|upkeep
|turn|14
|
|t:|1758288769
|switch|p2a: Delphox|Delphox, F|100/100
|move|p1a: Bisharp|Iron Head|p2a: Delphox
|-resisted|p2a: Delphox
|-damage|p2a: Delphox|75/100
|
|upkeep
|turn|15
|
|t:|1758288772
|switch|p1a: Politoed|Politoed, M|18/100
|-weather|RainDance|[from] ability: Drizzle|[of] p1a: Politoed
|move|p2a: Delphox|Trick|p1a: Politoed
|-activate|p2a: Delphox|move: Trick|[of] p1a: Politoed
|-item|p1a: Politoed|Choice Scarf|[from] move: Trick
|-item|p2a: Delphox|Damp Rock|[from] move: Trick
|
|-weather|RainDance|[upkeep]
|upkeep
|turn|16
|
|t:|1758288782
|switch|p2a: Kyurem|Kyurem|100/100
|-ability|p2a: Kyurem|Pressure
|move|p1a: Politoed|Surf|p2a: Kyurem
|-resisted|p2a: Kyurem
|-damage|p2a: Kyurem|71/100
|
|-weather|RainDance|[upkeep]
|upkeep
|turn|17
|
|t:|1758288784
|switch|p1a: Bisharp|Bisharp, M|100/100
|move|p2a: Kyurem|Dragon Dance|p2a: Kyurem
|-boost|p2a: Kyurem|atk|1
|-boost|p2a: Kyurem|spe|1
|
|-weather|RainDance|[upkeep]
|upkeep
|turn|18
|
|t:|1758288795
|-terastallize|p2a: Kyurem|Ghost
|move|p2a: Kyurem|Dragon Dance|p2a: Kyurem
|-boost|p2a: Kyurem|atk|1
|-boost|p2a: Kyurem|spe|1
|move|p1a: Bisharp|Iron Head|p2a: Kyurem
|-damage|p2a: Kyurem|41/100
|
|-weather|RainDance|[upkeep]
|upkeep
|turn|19
|
|t:|1758288802
|move|p1a: Bisharp|Sucker Punch|p2a: Kyurem
|-supereffective|p2a: Kyurem
|-damage|p2a: Kyurem|0 fnt
|faint|p2a: Kyurem
|
|-weather|RainDance|[upkeep]
|upkeep
|-message|averagealt99 forfeited.
|
|win|Volga123
|raw|Volga123's rating: 1412 &rarr; <strong>1433</strong><br />(+21 for winning)
|raw|averagealt99's rating: 1436 &rarr; <strong>1415</strong><br />(-21 for losing)
|l|☆averagealt99
|player|p2|
|l|☆Volga123
|player|p1|
|l| DaraghJohn
