|j|☆overheat xyz
|j|☆Home is Wild
|t:|1758254703
|gametype|singles
|player|p1|overheat xyz|265|1795
|player|p2|Home is Wild|1|1778
|gen|9
|tier|[Gen 9] OU
|rated|
|rule|HP Percentage Mod: HP is shown in percentages
|rule|Endless Battle Clause: Forcing endless battles is banned
|rule|Species Clause: Limit one of each Pokémon
|rule|OHKO Clause: OHKO moves are banned
|rule|Evasion Items Clause: Evasion items are banned
|rule|Evasion Moves Clause: Evasion moves are banned
|rule|Evasion Abilities Clause: Evasion abilities are banned
|rule|Sleep Moves Clause: Sleep-inducing moves are banned
|clearpoke
|poke|p1|Kingambit, F|
|poke|p1|Garganacl, M|
|poke|p1|Rillaboom, F|
|poke|p1|Hatterene, F|
|poke|p1|Dragapult, F|
|poke|p1|Corviknight, F|
|poke|p2|Weezing-Galar, F|
|poke|p2|Corviknight, M|
|poke|p2|Skeledirge, M|
|poke|p2|Garganacl, M|
|poke|p2|Alomomola, M|
|poke|p2|Gliscor, M|
|teampreview
|inactive|Battle timer is ON: inactive players will automatically lose when time's up. (requested by Home is Wild)
|
|t:|1758254719
|teamsize|p1|6
|teamsize|p2|6
|start
|switch|p1a: Rillaboom|Rillaboom, F|100/100
|switch|p2a: Weezing|Weezing-Galar, F|100/100
|-ability|p2a: Weezing|Neutralizing Gas
|turn|1
|
|t:|1758254723
|move|p1a: Rillaboom|U-turn|p2a: Weezing
|-resisted|p2a: Weezing
|-damage|p2a: Weezing|94/100
|
|t:|1758254730
|switch|p1a: Garganacl|Garganacl, M|100/100|[from] U-turn
|move|p2a: Weezing|Toxic Spikes|p1a: Garganacl
|-sidestart|p1: overheat xyz|move: Toxic Spikes
|
|-heal|p2a: Weezing|99/100|[from] item: Leftovers
|upkeep
|turn|2
|
|t:|1758254736
|move|p2a: Weezing|Toxic Spikes|p1a: Garganacl
|-sidestart|p1: overheat xyz|move: Toxic Spikes
|move|p1a: Garganacl|Salt Cure|p2a: Weezing
|-damage|p2a: Weezing|91/100
|-start|p2a: Weezing|Salt Cure
|
|-heal|p2a: Weezing|97/100|[from] item: Leftovers
|-damage|p2a: Weezing|84/100|[from] Salt Cure
|upkeep
|turn|3
|
|t:|1758254741
|-end|p2a: Weezing|ability: Neutralizing Gas
|switch|p2a: Garganacl|Garganacl, M|100/100
|move|p1a: Garganacl|Salt Cure|p2a: Garganacl
|-damage|p2a: Garganacl|92/100
|-start|p2a: Garganacl|Salt Cure
|
|-heal|p2a: Garganacl|98/100|[from] item: Leftovers
|-damage|p2a: Garganacl|85/100|[from] Salt Cure
|upkeep
|turn|4
|
|t:|1758254750
|move|p2a: Garganacl|Salt Cure|p1a: Garganacl
|-damage|p1a: Garganacl|91/100
|-start|p1a: Garganacl|Salt Cure
|move|p1a: Garganacl|Stealth Rock|p2a: Garganacl
|-sidestart|p2: Home is Wild|move: Stealth Rock
|
|-heal|p2a: Garganacl|92/100|[from] item: Leftovers
|-heal|p1a: Garganacl|97/100|[from] item: Leftovers
|-damage|p2a: Garganacl|79/100|[from] Salt Cure
|-damage|p1a: Garganacl|84/100|[from] Salt Cure
|upkeep
|turn|5
|
|t:|1758254754
|move|p2a: Garganacl|Stealth Rock|p1a: Garganacl
|-sidestart|p1: overheat xyz|move: Stealth Rock
|move|p1a: Garganacl|Salt Cure|p2a: Garganacl
|-damage|p2a: Garganacl|69/100
|
|-heal|p2a: Garganacl|76/100|[from] item: Leftovers
|-heal|p1a: Garganacl|91/100|[from] item: Leftovers
|-damage|p2a: Garganacl|63/100|[from] Salt Cure
|-damage|p1a: Garganacl|78/100|[from] Salt Cure
|upkeep
|turn|6
|
|t:|1758254760
|switch|p2a: Gliscor|Gliscor, M|100/100
|-damage|p2a: Gliscor|88/100|[from] Stealth Rock
|switch|p1a: Corviknight|Corviknight, F|100/100
|-damage|p1a: Corviknight|88/100|[from] Stealth Rock
|-ability|p1a: Corviknight|Pressure
|
|-status|p2a: Gliscor|tox|[from] item: Toxic Orb
|upkeep
|turn|7
|
|t:|1758254764
|move|p2a: Gliscor|Protect|p2a: Gliscor
|-singleturn|p2a: Gliscor|Protect
|move|p1a: Corviknight|Defog|p2a: Gliscor
|-activate|p2a: Gliscor|move: Protect
|
|-heal|p2a: Gliscor|100/100 tox|[from] ability: Poison Heal
|upkeep
|turn|8
|
|t:|1758254773
|switch|p2a: Alomomola|Alomomola, M|100/100
|-damage|p2a: Alomomola|88/100|[from] Stealth Rock
|move|p1a: Corviknight|Defog|p2a: Alomomola
|-unboost|p2a: Alomomola|evasion|1
|-sideend|p2: Home is Wild|Stealth Rock|[from] move: Defog|[of] p1a: Corviknight
|-sideend|p1: overheat xyz|Toxic Spikes|[from] move: Defog|[of] p1a: Corviknight
|-sideend|p1: overheat xyz|Stealth Rock|[from] move: Defog|[of] p1a: Corviknight
|
|upkeep
|turn|9
|
|t:|1758254777
|switch|p1a: Rillaboom|Rillaboom, F|100/100
|-fieldstart|move: Grassy Terrain|[from] ability: Grassy Surge|[of] p1a: Rillaboom
|move|p2a: Alomomola|Flip Turn|p1a: Rillaboom
|-resisted|p1a: Rillaboom
|-crit|p1a: Rillaboom
|-damage|p1a: Rillaboom|88/100
|
|t:|1758254780
|switch|p2a: Weezing|Weezing-Galar, F|84/100|[from] Flip Turn
|-ability|p2a: Weezing|Neutralizing Gas
|
|-heal|p1a: Rillaboom|94/100|[from] Grassy Terrain
|-heal|p2a: Weezing|90/100|[from] Grassy Terrain
|-heal|p2a: Weezing|97/100|[from] item: Leftovers
|upkeep
|turn|10
|
|t:|1758254785
|move|p1a: Rillaboom|U-turn|p2a: Weezing
|-resisted|p2a: Weezing
|-damage|p2a: Weezing|90/100
|
|t:|1758254787
|switch|p1a: Hatterene|Hatterene, F|100/100|[from] U-turn
|move|p2a: Weezing|Will-O-Wisp|p1a: Hatterene
|-status|p1a: Hatterene|brn
|
|-heal|p2a: Weezing|97/100|[from] Grassy Terrain
|-heal|p2a: Weezing|100/100|[from] item: Leftovers
|-damage|p1a: Hatterene|95/100 brn|[from] brn
|upkeep
|turn|11
|
|t:|1758254793
|move|p2a: Weezing|Toxic Spikes|p1a: Hatterene
|-sidestart|p1: overheat xyz|move: Toxic Spikes
|move|p1a: Hatterene|Psychic Noise|p2a: Weezing
|-supereffective|p2a: Weezing
|-damage|p2a: Weezing|0 fnt
|faint|p2a: Weezing
|-end|p2a: Weezing|ability: Neutralizing Gas
|
|-heal|p1a: Hatterene|100/100 brn|[from] Grassy Terrain
|-damage|p1a: Hatterene|95/100 brn|[from] brn
|upkeep
|
|t:|1758254798
|switch|p2a: Gliscor|Gliscor, M|100/100 tox
|turn|12
|
|t:|1758254803
|switch|p1a: Corviknight|Corviknight, F|88/100
|-ability|p1a: Corviknight|Pressure
|move|p2a: Gliscor|Swords Dance|p2a: Gliscor
|-boost|p2a: Gliscor|atk|2
|
|upkeep
|turn|13
|
|t:|1758254808
|switch|p2a: Garganacl|Garganacl, M|63/100
|move|p1a: Corviknight|Iron Defense|p1a: Corviknight
|-boost|p1a: Corviknight|def|2
|
|-heal|p2a: Garganacl|69/100|[from] Grassy Terrain
|-heal|p2a: Garganacl|76/100|[from] item: Leftovers
|-fieldend|move: Grassy Terrain
|upkeep
|turn|14
|
|t:|1758254831
|move|p2a: Garganacl|Protect|p2a: Garganacl
|-singleturn|p2a: Garganacl|Protect
|move|p1a: Corviknight|Body Press|p2a: Garganacl
|-activate|p2a: Garganacl|move: Protect
|
|-heal|p2a: Garganacl|82/100|[from] item: Leftovers
|upkeep
|turn|15
|
|t:|1758254834
|switch|p2a: Skeledirge|Skeledirge, M|100/100
|move|p1a: Corviknight|Body Press|p2a: Skeledirge
|-immune|p2a: Skeledirge
|
|upkeep
|turn|16
|
|t:|1758254846
|switch|p1a: Garganacl|Garganacl, M|78/100
|move|p2a: Skeledirge|Torch Song|p1a: Garganacl
|-resisted|p1a: Garganacl
|-damage|p1a: Garganacl|69/100
|-boost|p2a: Skeledirge|spa|1
|
|-heal|p1a: Garganacl|75/100|[from] item: Leftovers
|upkeep
|turn|17
|
|t:|1758254864
|move|p2a: Skeledirge|Earth Power|p1a: Garganacl
|-supereffective|p1a: Garganacl
|-damage|p1a: Garganacl|30/100
|move|p1a: Garganacl|Salt Cure|p2a: Skeledirge
|-supereffective|p2a: Skeledirge
|-crit|p2a: Skeledirge
|-damage|p2a: Skeledirge|64/100
|-start|p2a: Skeledirge|Salt Cure
|
|-heal|p2a: Skeledirge|70/100|[from] item: Leftovers
|-heal|p1a: Garganacl|36/100|[from] item: Leftovers
|-damage|p2a: Skeledirge|57/100|[from] Salt Cure
|upkeep
|turn|18
|
|t:|1758254869
|-terastallize|p1a: Garganacl|Water
|move|p2a: Skeledirge|Slack Off|p2a: Skeledirge
|-heal|p2a: Skeledirge|100/100
|move|p1a: Garganacl|Recover|p1a: Garganacl
|-heal|p1a: Garganacl|86/100
|
|-heal|p1a: Garganacl|92/100|[from] item: Leftovers
|-damage|p2a: Skeledirge|88/100|[from] Salt Cure
|upkeep
|turn|19
|
|t:|1758254877
|switch|p2a: Garganacl|Garganacl, M|82/100
|move|p1a: Garganacl|Salt Cure|p2a: Garganacl
|-damage|p2a: Garganacl|72/100
|-start|p2a: Garganacl|Salt Cure
|
|-heal|p2a: Garganacl|78/100|[from] item: Leftovers
|-heal|p1a: Garganacl|98/100|[from] item: Leftovers
|-damage|p2a: Garganacl|66/100|[from] Salt Cure
|upkeep
|turn|20
|
|t:|1758254888
|switch|p1a: Corviknight|Corviknight, F|88/100
|-ability|p1a: Corviknight|Pressure
|move|p2a: Garganacl|Salt Cure|p1a: Corviknight
|-damage|p1a: Corviknight|80/100
|-start|p1a: Corviknight|Salt Cure
|
|-heal|p2a: Garganacl|72/100|[from] item: Leftovers
|-damage|p1a: Corviknight|55/100|[from] Salt Cure
|-damage|p2a: Garganacl|60/100|[from] Salt Cure
|upkeep
|turn|21
|j| king of spycrabs
|inactive|overheat xyz has 120 seconds left.
|l|☆overheat xyz
|inactive|overheat xyz disconnected and has a minute to reconnect!
|player|p1|
|j|☆overheat xyz
|inactive|overheat xyz reconnected and has 105 seconds left.
|player|p1|overheat xyz|265|
|
|t:|1758254943
|move|p1a: Corviknight|Defog|p2a: Garganacl
|-unboost|p2a: Garganacl|evasion|1
|-sideend|p1: overheat xyz|Toxic Spikes|[from] move: Defog|[of] p1a: Corviknight
|move|p2a: Garganacl|Stealth Rock|p1a: Corviknight
|-sidestart|p1: overheat xyz|move: Stealth Rock
|
|-heal|p2a: Garganacl|66/100|[from] item: Leftovers
|-damage|p1a: Corviknight|30/100|[from] Salt Cure
|-damage|p2a: Garganacl|54/100|[from] Salt Cure
|upkeep
|turn|22
|inactive|overheat xyz has 90 seconds left.
|
|t:|1758254964
|move|p1a: Corviknight|Defog|p2a: Garganacl
|-unboost|p2a: Garganacl|evasion|1
|-sideend|p1: overheat xyz|Stealth Rock|[from] move: Defog|[of] p1a: Corviknight
|move|p2a: Garganacl|Recover|p2a: Garganacl
|-heal|p2a: Garganacl|100/100
|
|-damage|p1a: Corviknight|5/100|[from] Salt Cure
|-damage|p2a: Garganacl|88/100|[from] Salt Cure
|upkeep
|turn|23
|
|t:|1758254971
|move|p1a: Corviknight|Roost|p1a: Corviknight
|-heal|p1a: Corviknight|55/100
|-singleturn|p1a: Corviknight|move: Roost
|move|p2a: Garganacl|Stealth Rock|p1a: Corviknight
|-sidestart|p1: overheat xyz|move: Stealth Rock
|
|-heal|p2a: Garganacl|94/100|[from] item: Leftovers
|-damage|p1a: Corviknight|30/100|[from] Salt Cure
|-damage|p2a: Garganacl|82/100|[from] Salt Cure
|upkeep
|turn|24
|
|t:|1758254973
|switch|p2a: Skeledirge|Skeledirge, M|88/100
|move|p1a: Corviknight|Roost|p1a: Corviknight
|-heal|p1a: Corviknight|80/100
|-singleturn|p1a: Corviknight|move: Roost
|
|-heal|p2a: Skeledirge|94/100|[from] item: Leftovers
|-damage|p1a: Corviknight|55/100|[from] Salt Cure
|upkeep
|turn|25
|
|t:|1758254980
|switch|p2a: Garganacl|Garganacl, M|82/100
|switch|p1a: Garganacl|Garganacl, M, tera:Water|98/100
|-damage|p1a: Garganacl|86/100|[from] Stealth Rock
|
|-heal|p2a: Garganacl|88/100|[from] item: Leftovers
|-heal|p1a: Garganacl|92/100|[from] item: Leftovers
|upkeep
|turn|26
|
|t:|1758254989
|move|p2a: Garganacl|Salt Cure|p1a: Garganacl
|-damage|p1a: Garganacl|82/100
|-start|p1a: Garganacl|Salt Cure
|move|p1a: Garganacl|Stealth Rock|p2a: Garganacl
|-sidestart|p2: Home is Wild|move: Stealth Rock
|
|-heal|p2a: Garganacl|94/100|[from] item: Leftovers
|-heal|p1a: Garganacl|88/100|[from] item: Leftovers
|-damage|p1a: Garganacl|63/100|[from] Salt Cure
|upkeep
|turn|27
|inactive|overheat xyz has 120 seconds left.
|
|t:|1758255018
|switch|p2a: Gliscor|Gliscor, M|100/100 tox
|-damage|p2a: Gliscor|88/100 tox|[from] Stealth Rock
|switch|p1a: Rillaboom|Rillaboom, F|94/100
|-damage|p1a: Rillaboom|82/100|[from] Stealth Rock
|-fieldstart|move: Grassy Terrain|[from] ability: Grassy Surge|[of] p1a: Rillaboom
|
|-heal|p1a: Rillaboom|88/100|[from] Grassy Terrain
|-heal|p2a: Gliscor|100/100 tox|[from] ability: Poison Heal
|upkeep
|turn|28
|
|t:|1758255023
|switch|p2a: Corviknight|Corviknight, M|100/100
|-damage|p2a: Corviknight|88/100|[from] Stealth Rock
|-ability|p2a: Corviknight|Pressure
|move|p1a: Rillaboom|Wood Hammer|p2a: Corviknight
|-resisted|p2a: Corviknight
|-crit|p2a: Corviknight
|-damage|p2a: Corviknight|54/100
|-damage|p1a: Rillaboom|71/100|[from] item: Rocky Helmet|[of] p2a: Corviknight
|-damage|p1a: Rillaboom|59/100|[from] Recoil
|
|-heal|p1a: Rillaboom|66/100|[from] Grassy Terrain
|upkeep
|turn|29
|
|t:|1758255029
|switch|p1a: Garganacl|Garganacl, M, tera:Water|63/100
|-damage|p1a: Garganacl|51/100|[from] Stealth Rock
|move|p2a: Corviknight|Roost|p2a: Corviknight
|-heal|p2a: Corviknight|100/100
|-singleturn|p2a: Corviknight|move: Roost
|
|-heal|p1a: Garganacl|57/100|[from] Grassy Terrain
|-heal|p1a: Garganacl|63/100|[from] item: Leftovers
|upkeep
|turn|30
|
|t:|1758255032
|switch|p2a: Alomomola|Alomomola, M|100/100
|-damage|p2a: Alomomola|88/100|[from] Stealth Rock
|move|p1a: Garganacl|Salt Cure|p2a: Alomomola
|-damage|p2a: Alomomola|80/100
|-start|p2a: Alomomola|Salt Cure
|
|-heal|p2a: Alomomola|87/100|[from] Grassy Terrain
|-heal|p1a: Garganacl|70/100|[from] Grassy Terrain
|-heal|p1a: Garganacl|76/100|[from] item: Leftovers
|-damage|p2a: Alomomola|62/100|[from] Salt Cure
|upkeep
|turn|31
|
|t:|1758255036
|switch|p2a: Garganacl|Garganacl, M|94/100
|-damage|p2a: Garganacl|82/100|[from] Stealth Rock
|switch|p1a: Rillaboom|Rillaboom, F|66/100
|-damage|p1a: Rillaboom|53/100|[from] Stealth Rock
|
|-heal|p1a: Rillaboom|59/100|[from] Grassy Terrain
|-heal|p2a: Garganacl|88/100|[from] Grassy Terrain
|-heal|p2a: Garganacl|94/100|[from] item: Leftovers
|-fieldend|move: Grassy Terrain
|upkeep
|turn|32
|
|t:|1758255040
|move|p2a: Garganacl|Protect|p2a: Garganacl
|-singleturn|p2a: Garganacl|Protect
|move|p1a: Rillaboom|Knock Off|p2a: Garganacl
|-activate|p2a: Garganacl|move: Protect
|
|-heal|p2a: Garganacl|100/100|[from] item: Leftovers
|upkeep
|turn|33
|
|t:|1758255044
|switch|p2a: Corviknight|Corviknight, M|100/100
|-damage|p2a: Corviknight|88/100|[from] Stealth Rock
|-ability|p2a: Corviknight|Pressure
|move|p1a: Rillaboom|Knock Off|p2a: Corviknight
|-damage|p2a: Corviknight|55/100
|-damage|p1a: Rillaboom|43/100|[from] item: Rocky Helmet|[of] p2a: Corviknight
|-enditem|p2a: Corviknight|Rocky Helmet|[from] move: Knock Off|[of] p1a: Rillaboom
|
|upkeep
|turn|34
|
|t:|1758255072
|switch|p1a: Dragapult|Dragapult, F|100/100
|-damage|p1a: Dragapult|88/100|[from] Stealth Rock
|move|p2a: Corviknight|Roost|p2a: Corviknight
|-heal|p2a: Corviknight|100/100
|-singleturn|p2a: Corviknight|move: Roost
|
|upkeep
|turn|35
|
|t:|1758255080
|switch|p2a: Garganacl|Garganacl, M|100/100
|-damage|p2a: Garganacl|88/100|[from] Stealth Rock
|move|p1a: Dragapult|Draco Meteor|p2a: Garganacl
|-damage|p2a: Garganacl|37/100
|-unboost|p1a: Dragapult|spa|2
|
|-heal|p2a: Garganacl|43/100|[from] item: Leftovers
|upkeep
|turn|36
|
|t:|1758255100
|switch|p1a: Corviknight|Corviknight, F|55/100
|-damage|p1a: Corviknight|42/100|[from] Stealth Rock
|-ability|p1a: Corviknight|Pressure
|move|p2a: Garganacl|Salt Cure|p1a: Corviknight
|-damage|p1a: Corviknight|34/100
|-start|p1a: Corviknight|Salt Cure
|
|-heal|p2a: Garganacl|49/100|[from] item: Leftovers
|-damage|p1a: Corviknight|9/100|[from] Salt Cure
|upkeep
|turn|37
|
|t:|1758255105
|move|p1a: Corviknight|Body Press|p2a: Garganacl
|-supereffective|p2a: Garganacl
|-damage|p2a: Garganacl|12/100
|move|p2a: Garganacl|Recover|p2a: Garganacl
|-heal|p2a: Garganacl|63/100
|
|-heal|p2a: Garganacl|69/100|[from] item: Leftovers
|-damage|p1a: Corviknight|0 fnt|[from] Salt Cure
|faint|p1a: Corviknight
|upkeep
|
|t:|1758255111
|switch|p1a: Dragapult|Dragapult, F|88/100
|-damage|p1a: Dragapult|76/100|[from] Stealth Rock
|turn|38
|
|t:|1758255116
|move|p2a: Garganacl|Protect|p2a: Garganacl
|-singleturn|p2a: Garganacl|Protect
|move|p1a: Dragapult|Draco Meteor|p2a: Garganacl
|-activate|p2a: Garganacl|move: Protect
|
|-heal|p2a: Garganacl|75/100|[from] item: Leftovers
|upkeep
|turn|39
|
|t:|1758255118
|move|p1a: Dragapult|Draco Meteor|p2a: Garganacl
|-damage|p2a: Garganacl|20/100
|-unboost|p1a: Dragapult|spa|2
|move|p2a: Garganacl|Recover|p2a: Garganacl
|-heal|p2a: Garganacl|70/100
|
|-heal|p2a: Garganacl|76/100|[from] item: Leftovers
|upkeep
|turn|40
|
|t:|1758255122
|switch|p1a: Hatterene|Hatterene, F|95/100 brn
|-damage|p1a: Hatterene|82/100 brn|[from] Stealth Rock
|move|p2a: Garganacl|Salt Cure|p1a: Hatterene
|-damage|p1a: Hatterene|66/100 brn
|-start|p1a: Hatterene|Salt Cure
|
|-heal|p2a: Garganacl|82/100|[from] item: Leftovers
|-damage|p1a: Hatterene|60/100 brn|[from] brn
|-damage|p1a: Hatterene|48/100 brn|[from] Salt Cure
|upkeep
|turn|41
|
|t:|1758255131
|move|p2a: Garganacl|Protect|p2a: Garganacl
|-singleturn|p2a: Garganacl|Protect
|move|p1a: Hatterene|Future Sight|p2a: Garganacl
|-start|p1a: Hatterene|move: Future Sight
|
|-heal|p2a: Garganacl|89/100|[from] item: Leftovers
|-damage|p1a: Hatterene|42/100 brn|[from] brn
|-damage|p1a: Hatterene|29/100 brn|[from] Salt Cure
|upkeep
|turn|42
|
|t:|1758255136
|switch|p2a: Alomomola|Alomomola, M|95/100
|-damage|p2a: Alomomola|82/100|[from] Stealth Rock
|move|p1a: Hatterene|Psychic Noise|p2a: Alomomola
|-damage|p2a: Alomomola|47/100
|-start|p2a: Alomomola|move: Heal Block
|
|-damage|p1a: Hatterene|23/100 brn|[from] brn
|-damage|p1a: Hatterene|11/100 brn|[from] Salt Cure
|upkeep
|turn|43
|
|t:|1758255144
|move|p2a: Alomomola|Scald|p1a: Hatterene
|-damage|p1a: Hatterene|3/100 brn
|move|p1a: Hatterene|Future Sight||[still]
|-fail|p1a: Hatterene
|
|-end|p2a: Alomomola|move: Future Sight
|-damage|p2a: Alomomola|0 fnt
|faint|p2a: Alomomola
|-damage|p1a: Hatterene|0 fnt|[from] brn
|faint|p1a: Hatterene
|upkeep
|
|t:|1758255154
|switch|p2a: Gliscor|Gliscor, M|100/100 tox
|switch|p1a: Dragapult|Dragapult, F|76/100
|-damage|p1a: Dragapult|64/100|[from] Stealth Rock
|-damage|p2a: Gliscor|88/100 tox|[from] Stealth Rock
|turn|44
|
|t:|1758255159
|move|p2a: Gliscor|Protect|p2a: Gliscor
|-singleturn|p2a: Gliscor|Protect
|move|p1a: Dragapult|Draco Meteor|p2a: Gliscor
|-activate|p2a: Gliscor|move: Protect
|
|-heal|p2a: Gliscor|100/100 tox|[from] ability: Poison Heal
|upkeep
|turn|45
|
|t:|1758255162
|switch|p2a: Corviknight|Corviknight, M|100/100
|-damage|p2a: Corviknight|88/100|[from] Stealth Rock
|-ability|p2a: Corviknight|Pressure
|move|p1a: Dragapult|Draco Meteor|p2a: Corviknight
|-resisted|p2a: Corviknight
|-damage|p2a: Corviknight|45/100
|-unboost|p1a: Dragapult|spa|2
|
|upkeep
|turn|46
|
|t:|1758255166
|switch|p1a: Garganacl|Garganacl, M, tera:Water|76/100
|-damage|p1a: Garganacl|63/100|[from] Stealth Rock
|move|p2a: Corviknight|Roost|p2a: Corviknight
|-heal|p2a: Corviknight|95/100
|-singleturn|p2a: Corviknight|move: Roost
|
|-heal|p1a: Garganacl|70/100|[from] item: Leftovers
|upkeep
|turn|47
|
|t:|1758255170
|switch|p2a: Garganacl|Garganacl, M|89/100
|-damage|p2a: Garganacl|76/100|[from] Stealth Rock
|switch|p1a: Rillaboom|Rillaboom, F|43/100
|-damage|p1a: Rillaboom|31/100|[from] Stealth Rock
|-fieldstart|move: Grassy Terrain|[from] ability: Grassy Surge|[of] p1a: Rillaboom
|
|-heal|p1a: Rillaboom|37/100|[from] Grassy Terrain
|-heal|p2a: Garganacl|82/100|[from] Grassy Terrain
|-heal|p2a: Garganacl|89/100|[from] item: Leftovers
|upkeep
|turn|48
|
|t:|1758255196
|move|p2a: Garganacl|Protect|p2a: Garganacl
|-singleturn|p2a: Garganacl|Protect
|move|p1a: Rillaboom|U-turn|p2a: Garganacl
|-activate|p2a: Garganacl|move: Protect
|
|-heal|p1a: Rillaboom|43/100|[from] Grassy Terrain
|-heal|p2a: Garganacl|95/100|[from] Grassy Terrain
|-heal|p2a: Garganacl|100/100|[from] item: Leftovers
|upkeep
|turn|49
|
|t:|1758255201
|move|p1a: Rillaboom|U-turn|p2a: Garganacl
|-damage|p2a: Garganacl|73/100
|
|t:|1758255207
|switch|p1a: Garganacl|Garganacl, M, tera:Water|70/100|[from] U-turn
|-damage|p1a: Garganacl|57/100|[from] Stealth Rock
|move|p2a: Garganacl|Salt Cure|p1a: Garganacl
|-damage|p1a: Garganacl|47/100
|-start|p1a: Garganacl|Salt Cure
|
|-heal|p2a: Garganacl|79/100|[from] Grassy Terrain
|-heal|p2a: Garganacl|86/100|[from] item: Leftovers
|-heal|p1a: Garganacl|53/100|[from] Grassy Terrain
|-heal|p1a: Garganacl|60/100|[from] item: Leftovers
|-damage|p1a: Garganacl|35/100|[from] Salt Cure
|upkeep
|turn|50
|
|t:|1758255211
|move|p2a: Garganacl|Protect|p2a: Garganacl
|-singleturn|p2a: Garganacl|Protect
|move|p1a: Garganacl|Salt Cure|p2a: Garganacl
|-activate|p2a: Garganacl|move: Protect
|
|-heal|p2a: Garganacl|92/100|[from] Grassy Terrain
|-heal|p2a: Garganacl|98/100|[from] item: Leftovers
|-heal|p1a: Garganacl|41/100|[from] Grassy Terrain
|-heal|p1a: Garganacl|47/100|[from] item: Leftovers
|-damage|p1a: Garganacl|22/100|[from] Salt Cure
|upkeep
|turn|51
|j| KappaHalo
|inactive|overheat xyz has 120 seconds left.
|l|☆overheat xyz
|inactive|overheat xyz disconnected and has a minute to reconnect!
|player|p1|
|j|☆overheat xyz
|inactive|overheat xyz reconnected and has 105 seconds left.
|player|p1|overheat xyz|265|
|
|t:|1758255262
|switch|p2a: Gliscor|Gliscor, M|100/100 tox
|-damage|p2a: Gliscor|88/100 tox|[from] Stealth Rock
|move|p1a: Garganacl|Salt Cure|p2a: Gliscor
|-damage|p2a: Gliscor|77/100 tox
|-start|p2a: Gliscor|Salt Cure
|
|-heal|p1a: Garganacl|28/100|[from] Grassy Terrain
|-heal|p1a: Garganacl|34/100|[from] item: Leftovers
|-heal|p2a: Gliscor|89/100 tox|[from] ability: Poison Heal
|-damage|p2a: Gliscor|77/100 tox|[from] Salt Cure
|-damage|p1a: Garganacl|9/100|[from] Salt Cure
|-fieldend|move: Grassy Terrain
|upkeep
|turn|52
|
|t:|1758255273
|move|p2a: Gliscor|Earthquake|p1a: Garganacl
|-damage|p1a: Garganacl|0 fnt
|faint|p1a: Garganacl
|
|-heal|p2a: Gliscor|89/100 tox|[from] ability: Poison Heal
|-damage|p2a: Gliscor|77/100 tox|[from] Salt Cure
|upkeep
|
|t:|1758255282
|switch|p1a: Dragapult|Dragapult, F|64/100
|-damage|p1a: Dragapult|51/100|[from] Stealth Rock
|turn|53
|
|t:|1758255286
|move|p2a: Gliscor|Protect|p2a: Gliscor
|-singleturn|p2a: Gliscor|Protect
|move|p1a: Dragapult|Draco Meteor|p2a: Gliscor
|-activate|p2a: Gliscor|move: Protect
|
|-heal|p2a: Gliscor|89/100 tox|[from] ability: Poison Heal
|-damage|p2a: Gliscor|77/100 tox|[from] Salt Cure
|upkeep
|turn|54
|
|t:|1758255294
|switch|p2a: Garganacl|Garganacl, M|98/100
|-damage|p2a: Garganacl|86/100|[from] Stealth Rock
|move|p1a: Dragapult|Draco Meteor|p2a: Garganacl
|-damage|p2a: Garganacl|32/100
|-unboost|p1a: Dragapult|spa|2
|
|-heal|p2a: Garganacl|38/100|[from] item: Leftovers
|upkeep
|turn|55
|
|t:|1758255300
|switch|p1a: Rillaboom|Rillaboom, F|43/100
|-damage|p1a: Rillaboom|31/100|[from] Stealth Rock
|-fieldstart|move: Grassy Terrain|[from] ability: Grassy Surge|[of] p1a: Rillaboom
|move|p2a: Garganacl|Recover|p2a: Garganacl
|-heal|p2a: Garganacl|88/100
|
|-heal|p1a: Rillaboom|37/100|[from] Grassy Terrain
|-heal|p2a: Garganacl|95/100|[from] Grassy Terrain
|-heal|p2a: Garganacl|100/100|[from] item: Leftovers
|upkeep
|turn|56
|
|t:|1758255309
|move|p2a: Garganacl|Protect|p2a: Garganacl
|-singleturn|p2a: Garganacl|Protect
|move|p1a: Rillaboom|U-turn|p2a: Garganacl
|-activate|p2a: Garganacl|move: Protect
|
|-heal|p1a: Rillaboom|43/100|[from] Grassy Terrain
|upkeep
|turn|57
|
|t:|1758255316
|move|p1a: Rillaboom|U-turn|p2a: Garganacl
|-damage|p2a: Garganacl|74/100
|
|t:|1758255319
|switch|p1a: Dragapult|Dragapult, F|51/100|[from] U-turn
|-damage|p1a: Dragapult|39/100|[from] Stealth Rock
|move|p2a: Garganacl|Salt Cure|p1a: Dragapult
|-damage|p1a: Dragapult|19/100
|-start|p1a: Dragapult|Salt Cure
|
|-heal|p1a: Dragapult|25/100|[from] Grassy Terrain
|-heal|p2a: Garganacl|80/100|[from] Grassy Terrain
|-heal|p2a: Garganacl|87/100|[from] item: Leftovers
|-damage|p1a: Dragapult|13/100|[from] Salt Cure
|upkeep
|turn|58
|
|t:|1758255325
|move|p2a: Garganacl|Protect|p2a: Garganacl
|-singleturn|p2a: Garganacl|Protect
|move|p1a: Dragapult|Shadow Ball|p2a: Garganacl
|-activate|p2a: Garganacl|move: Protect
|
|-heal|p1a: Dragapult|19/100|[from] Grassy Terrain
|-heal|p2a: Garganacl|93/100|[from] Grassy Terrain
|-heal|p2a: Garganacl|99/100|[from] item: Leftovers
|-damage|p1a: Dragapult|6/100|[from] Salt Cure
|upkeep
|turn|59
|
|t:|1758255328
|move|p1a: Dragapult|Shadow Ball|p2a: Garganacl
|-damage|p2a: Garganacl|81/100
|move|p2a: Garganacl|Salt Cure|p1a: Dragapult
|-damage|p1a: Dragapult|0 fnt
|faint|p1a: Dragapult
|
|-heal|p2a: Garganacl|87/100|[from] Grassy Terrain
|-heal|p2a: Garganacl|93/100|[from] item: Leftovers
|-fieldend|move: Grassy Terrain
|upkeep
|
|t:|1758255331
|switch|p1a: Kingambit|Kingambit, F|100/100
|-damage|p1a: Kingambit|94/100|[from] Stealth Rock
|-activate|p1a: Kingambit|ability: Supreme Overlord
|-start|p1a: Kingambit|fallen4|[silent]
|turn|60
|
|t:|1758255337
|-terastallize|p2a: Garganacl|Water
|move|p1a: Kingambit|Swords Dance|p1a: Kingambit
|-boost|p1a: Kingambit|atk|2
|move|p2a: Garganacl|Salt Cure|p1a: Kingambit
|-resisted|p1a: Kingambit
|-damage|p1a: Kingambit|89/100
|-start|p1a: Kingambit|Salt Cure
|
|-heal|p2a: Garganacl|99/100|[from] item: Leftovers
|-damage|p1a: Kingambit|64/100|[from] Salt Cure
|upkeep
|turn|61
|
|t:|1758255343
|move|p1a: Kingambit|Swords Dance|p1a: Kingambit
|-boost|p1a: Kingambit|atk|2
|move|p2a: Garganacl|Salt Cure|p1a: Kingambit
|-resisted|p1a: Kingambit
|-damage|p1a: Kingambit|60/100
|
|-heal|p2a: Garganacl|100/100|[from] item: Leftovers
|-damage|p1a: Kingambit|35/100|[from] Salt Cure
|upkeep
|turn|62
|-message|overheat xyz forfeited.
|
|win|Home is Wild
|raw|overheat xyz's rating: 1795 &rarr; <strong>1774</strong><br />(-21 for losing)
|raw|Home is Wild's rating: 1778 &rarr; <strong>1799</strong><br />(+21 for winning)
|l|☆overheat xyz
|player|p1|
|l|☆Home is Wild
|player|p2|
|l| KappaHalo
