|j|☆obezer
|j|☆LOve4RussIA
|t:|1758321854
|gametype|singles
|player|p1|obezer|marshal|1255
|player|p2|LOve4RussIA|265|1249
|gen|9
|tier|[Gen 9] OU
|rated|
|rule|HP Percentage Mod: HP is shown in percentages
|rule|Endless Battle Clause: Forcing endless battles is banned
|rule|Species Clause: Limit one of each Pokémon
|rule|OHKO Clause: OHKO moves are banned
|rule|Evasion Items Clause: Evasion items are banned
|rule|Evasion Moves Clause: Evasion moves are banned
|rule|Evasion Abilities Clause: Evasion abilities are banned
|rule|Sleep Moves Clause: Sleep-inducing moves are banned
|clearpoke
|poke|p1|Milotic, F|
|poke|p1|Kleavor, M|
|poke|p1|Cramorant, F|
|poke|p1|Slowking-Galar, M|
|poke|p1|Sinistcha|
|poke|p1|Dudunsparce-*, F|
|poke|p2|Landorus-Therian, M|
|poke|p2|Zamazenta-*|
|poke|p2|Great Tusk|
|poke|p2|Moltres|
|poke|p2|Primarina, M|
|poke|p2|Ogerpon-Cornerstone, F|
|teampreview
|inactive|Battle timer is ON: inactive players will automatically lose when time's up. (requested by obezer)
|
|t:|1758321882
|teamsize|p1|6
|teamsize|p2|6
|start
|switch|p1a: Kleavor|Kleavor, M|100/100
|switch|p2a: Great Tusk|Great Tusk|100/100
|turn|1
|
|t:|1758321890
|switch|p1a: Cramorant|Cramorant, F|100/100
|move|p2a: Great Tusk|Rapid Spin|p1a: Cramorant
|-damage|p1a: Cramorant|81/100
|-boost|p2a: Great Tusk|spe|1
|
|upkeep
|turn|2
|
|t:|1758321900
|-terastallize|p2a: Great Tusk|Water
|move|p2a: Great Tusk|Bulk Up|p2a: Great Tusk
|-boost|p2a: Great Tusk|atk|1
|-boost|p2a: Great Tusk|def|1
|move|p1a: Cramorant|Surf|p2a: Great Tusk
|-formechange|p1a: Cramorant|Cramorant-Gulping|
|-resisted|p2a: Great Tusk
|-damage|p2a: Great Tusk|79/100
|
|upkeep
|turn|3
|
|t:|1758321916
|move|p2a: Great Tusk|Ice Spinner|p1a: Cramorant
|-damage|p1a: Cramorant|33/100
|-damage|p2a: Great Tusk|54/100|[from] ability: Gulp Missile|[of] p1a: Cramorant
|-unboost|p2a: Great Tusk|def|1
|-formechange|p1a: Cramorant|Cramorant|
|move|p1a: Cramorant|Surf|p2a: Great Tusk
|-formechange|p1a: Cramorant|Cramorant-Gorging|
|-resisted|p2a: Great Tusk
|-damage|p2a: Great Tusk|34/100
|
|upkeep
|turn|4
|
|t:|1758321939
|move|p2a: Great Tusk|Ice Spinner|p1a: Cramorant
|-damage|p1a: Cramorant|0 fnt
|-damage|p2a: Great Tusk|9/100|[from] ability: Gulp Missile|[of] p1a: Cramorant
|-status|p2a: Great Tusk|par
|-formechange|p1a: Cramorant|Cramorant|
|faint|p1a: Cramorant
|
|upkeep
|
|t:|1758321950
|switch|p1a: Kleavor|Kleavor, M|100/100
|turn|5
|inactive|LOve4RussIA has 120 seconds left.
|
|t:|1758321975
|move|p1a: Kleavor|Stone Axe|p2a: Great Tusk|[miss]
|-miss|p1a: Kleavor|p2a: Great Tusk
|cant|p2a: Great Tusk|par
|
|upkeep
|turn|6
|inactive|LOve4RussIA has 120 seconds left.
|
|t:|1758321991
|move|p1a: Kleavor|Stone Axe|p2a: Great Tusk
|-damage|p2a: Great Tusk|0 fnt
|-sidestart|p2: LOve4RussIA|move: Stealth Rock
|faint|p2a: Great Tusk
|-end|p2a: Great Tusk|Protosynthesis|[silent]
|
|upkeep
|
|t:|1758321997
|switch|p2a: Landorus|Landorus-Therian, M|100/100
|-damage|p2a: Landorus|88/100|[from] Stealth Rock
|-ability|p2a: Landorus|Intimidate|boost
|-unboost|p1a: Kleavor|atk|1
|turn|7
|inactive|LOve4RussIA has 120 seconds left.
|
|t:|1758322014
|switch|p1a: Milotic|Milotic, F|100/100
|move|p2a: Landorus|Stealth Rock|p1a: Milotic
|-sidestart|p1: obezer|move: Stealth Rock
|
|upkeep
|turn|8
|
|t:|1758322022
|move|p2a: Landorus|U-turn|p1a: Milotic
|-damage|p1a: Milotic|84/100
|-damage|p2a: Landorus|72/100|[from] item: Rocky Helmet|[of] p1a: Milotic
|
|t:|1758322026
|switch|p2a: Ogerpon|Ogerpon-Cornerstone, F|100/100|[from] U-turn
|-damage|p2a: Ogerpon|88/100|[from] Stealth Rock
|move|p1a: Milotic|Coil|p1a: Milotic
|-boost|p1a: Milotic|atk|1
|-boost|p1a: Milotic|def|1
|-boost|p1a: Milotic|accuracy|1
|
|upkeep
|turn|9
|
|t:|1758322041
|switch|p1a: Sinistcha|Sinistcha|100/100
|-damage|p1a: Sinistcha|88/100|[from] Stealth Rock
|move|p2a: Ogerpon|Horn Leech|p1a: Sinistcha
|-resisted|p1a: Sinistcha
|-damage|p1a: Sinistcha|72/100
|-heal|p2a: Ogerpon|98/100|[from] drain|[of] p1a: Sinistcha
|
|upkeep
|turn|10
|
|t:|1758322051
|move|p2a: Ogerpon|Knock Off|p1a: Sinistcha
|-supereffective|p1a: Sinistcha
|-damage|p1a: Sinistcha|18/100
|-enditem|p1a: Sinistcha|Covert Cloak|[from] move: Knock Off|[of] p2a: Ogerpon
|move|p1a: Sinistcha|Strength Sap|p2a: Ogerpon
|-unboost|p2a: Ogerpon|atk|1
|-heal|p1a: Sinistcha|100/100
|
|upkeep
|turn|11
|
|t:|1758322061
|move|p2a: Ogerpon|Swords Dance|p2a: Ogerpon
|-boost|p2a: Ogerpon|atk|2
|move|p1a: Sinistcha|Calm Mind|p1a: Sinistcha
|-boost|p1a: Sinistcha|spa|1
|-boost|p1a: Sinistcha|spd|1
|
|upkeep
|turn|12
|
|t:|1758322070
|move|p2a: Ogerpon|Ivy Cudgel|p1a: Sinistcha|[anim] Ivy Cudgel Rock
|-damage|p1a: Sinistcha|45/100
|move|p1a: Sinistcha|Matcha Gotcha|p2a: Ogerpon
|-damage|p2a: Ogerpon|42/100
|-heal|p1a: Sinistcha|69/100|[from] drain|[of] p2a: Ogerpon
|-status|p2a: Ogerpon|brn
|
|-damage|p2a: Ogerpon|36/100 brn|[from] brn
|upkeep
|turn|13
|
|t:|1758322086
|move|p2a: Ogerpon|Ivy Cudgel|p1a: Sinistcha|[anim] Ivy Cudgel Rock
|-damage|p1a: Sinistcha|37/100
|move|p1a: Sinistcha|Strength Sap|p2a: Ogerpon
|-unboost|p2a: Ogerpon|atk|1
|-heal|p1a: Sinistcha|100/100
|
|-damage|p2a: Ogerpon|30/100 brn|[from] brn
|upkeep
|turn|14
|
|t:|1758322098
|move|p2a: Ogerpon|Ivy Cudgel|p1a: Sinistcha|[anim] Ivy Cudgel Rock
|-damage|p1a: Sinistcha|82/100
|move|p1a: Sinistcha|Shadow Ball|p2a: Ogerpon
|-damage|p2a: Ogerpon|0 fnt
|faint|p2a: Ogerpon
|
|upkeep
|
|t:|1758322112
|switch|p2a: Moltres|Moltres|100/100
|turn|15
|
|t:|1758322117
|move|p2a: Moltres|Air Slash|p1a: Sinistcha
|-supereffective|p1a: Sinistcha
|-damage|p1a: Sinistcha|33/100
|cant|p1a: Sinistcha|flinch
|
|upkeep
|turn|16
|inactive|obezer has 120 seconds left.
|
|t:|1758322147
|move|p2a: Moltres|Air Slash|p1a: Sinistcha
|-supereffective|p1a: Sinistcha
|-damage|p1a: Sinistcha|0 fnt
|faint|p1a: Sinistcha
|
|upkeep
|
|t:|1758322151
|switch|p1a: Slowking|Slowking-Galar, M|100/100
|-damage|p1a: Slowking|88/100|[from] Stealth Rock
|turn|17
|
|t:|1758322161
|move|p2a: Moltres|Air Slash|p1a: Slowking
|-damage|p1a: Slowking|76/100
|move|p1a: Slowking|Future Sight|p2a: Moltres
|-start|p1a: Slowking|move: Future Sight
|
|upkeep
|turn|18
|
|t:|1758322169
|move|p1a: Slowking|Ice Beam|p2a: Moltres
|-damage|p2a: Moltres|78/100
|move|p2a: Moltres|Roar|p1a: Slowking
|drag|p1a: Milotic|Milotic, F|84/100
|-damage|p1a: Milotic|72/100|[from] Stealth Rock
|
|upkeep
|turn|19
|
|t:|1758322184
|move|p2a: Moltres|Air Slash|p1a: Milotic
|-damage|p1a: Milotic|47/100
|move|p1a: Milotic|Coil|p1a: Milotic
|-boost|p1a: Milotic|atk|1
|-boost|p1a: Milotic|def|1
|-boost|p1a: Milotic|accuracy|1
|
|-end|p2a: Moltres|move: Future Sight
|-damage|p2a: Moltres|29/100
|upkeep
|turn|20
|
|t:|1758322195
|move|p1a: Milotic|Recover|p1a: Milotic
|-heal|p1a: Milotic|97/100
|move|p2a: Moltres|Roar|p1a: Milotic
|drag|p1a: Slowking|Slowking-Galar, M|100/100
|-damage|p1a: Slowking|88/100|[from] Stealth Rock
|
|upkeep
|turn|21
|
|t:|1758322204
|move|p2a: Moltres|Roost|p2a: Moltres
|-heal|p2a: Moltres|79/100
|-singleturn|p2a: Moltres|move: Roost
|move|p1a: Slowking|Future Sight|p2a: Moltres
|-start|p1a: Slowking|move: Future Sight
|
|upkeep
|turn|22
|
|t:|1758322212
|move|p2a: Moltres|Air Slash|p1a: Slowking
|-damage|p1a: Slowking|76/100
|move|p1a: Slowking|Sludge Bomb|p2a: Moltres
|-damage|p2a: Moltres|42/100
|-status|p2a: Moltres|psn
|
|-damage|p2a: Moltres|29/100 psn|[from] psn
|upkeep
|turn|23
|
|t:|1758322222
|move|p2a: Moltres|Roost|p2a: Moltres
|-heal|p2a: Moltres|79/100 psn
|-singleturn|p2a: Moltres|move: Roost
|move|p1a: Slowking|Sludge Bomb|p2a: Moltres
|-damage|p2a: Moltres|42/100 psn
|
|-end|p2a: Moltres|move: Future Sight
|-damage|p2a: Moltres|0 fnt
|faint|p2a: Moltres
|upkeep
|
|t:|1758322237
|switch|p2a: Landorus|Landorus-Therian, M|72/100
|-damage|p2a: Landorus|59/100|[from] Stealth Rock
|-ability|p2a: Landorus|Intimidate|boost
|-unboost|p1a: Slowking|atk|1
|turn|24
|
|t:|1758322247
|switch|p1a: Dudunsparce|Dudunsparce, F|100/100
|-damage|p1a: Dudunsparce|88/100|[from] Stealth Rock
|move|p2a: Landorus|Earthquake|p1a: Dudunsparce
|-damage|p1a: Dudunsparce|58/100
|-enditem|p1a: Dudunsparce|Kee Berry|[eat]
|-boost|p1a: Dudunsparce|def|1|[from] item: Kee Berry
|
|upkeep
|turn|25
|
|t:|1758322257
|move|p2a: Landorus|Taunt|p1a: Dudunsparce
|-start|p1a: Dudunsparce|move: Taunt
|cant|p1a: Dudunsparce|move: Taunt|Roost
|
|upkeep
|turn|26
|
|t:|1758322263
|move|p2a: Landorus|Earthquake|p1a: Dudunsparce
|-damage|p1a: Dudunsparce|37/100
|move|p1a: Dudunsparce|Boomburst|p2a: Landorus
|-damage|p2a: Landorus|15/100
|
|upkeep
|turn|27
|
|t:|1758322275
|switch|p2a: Primarina|Primarina, M|100/100
|-damage|p2a: Primarina|88/100|[from] Stealth Rock
|move|p1a: Dudunsparce|Boomburst|p2a: Primarina
|-damage|p2a: Primarina|52/100
|
|-heal|p2a: Primarina|58/100|[from] item: Leftovers
|-end|p1a: Dudunsparce|move: Taunt
|upkeep
|turn|28
|
|t:|1758322288
|move|p2a: Primarina|Encore|p1a: Dudunsparce
|-start|p1a: Dudunsparce|Encore
|move|p1a: Dudunsparce|Boomburst|p2a: Primarina
|-damage|p2a: Primarina|22/100
|
|-heal|p2a: Primarina|28/100|[from] item: Leftovers
|upkeep
|turn|29
|
|t:|1758322299
|move|p2a: Primarina|Draining Kiss|p1a: Dudunsparce
|-damage|p1a: Dudunsparce|18/100
|-heal|p2a: Primarina|46/100|[from] drain|[of] p1a: Dudunsparce
|move|p1a: Dudunsparce|Boomburst|p2a: Primarina
|-damage|p2a: Primarina|11/100
|
|-heal|p2a: Primarina|18/100|[from] item: Leftovers
|upkeep
|turn|30
|
|t:|1758322309
|move|p2a: Primarina|Surf|p1a: Dudunsparce
|-crit|p1a: Dudunsparce
|-damage|p1a: Dudunsparce|0 fnt
|faint|p1a: Dudunsparce
|
|-heal|p2a: Primarina|24/100|[from] item: Leftovers
|upkeep
|
|t:|1758322320
|switch|p1a: Slowking|Slowking-Galar, M|100/100
|-damage|p1a: Slowking|88/100|[from] Stealth Rock
|turn|31
|
|t:|1758322328
|move|p2a: Primarina|Surf|p1a: Slowking
|-damage|p1a: Slowking|65/100
|move|p1a: Slowking|Future Sight|p2a: Primarina
|-start|p1a: Slowking|move: Future Sight
|
|-heal|p2a: Primarina|30/100|[from] item: Leftovers
|upkeep
|turn|32
|
|t:|1758322336
|move|p2a: Primarina|Encore|p1a: Slowking
|-start|p1a: Slowking|Encore
|move|p1a: Slowking|Future Sight||[still]
|-fail|p1a: Slowking
|
|-heal|p2a: Primarina|36/100|[from] item: Leftovers
|upkeep
|turn|33
|
|t:|1758322349
|move|p2a: Primarina|Draining Kiss|p1a: Slowking
|-resisted|p1a: Slowking
|-damage|p1a: Slowking|61/100
|-heal|p2a: Primarina|40/100|[from] drain|[of] p1a: Slowking
|move|p1a: Slowking|Future Sight||[still]
|-fail|p1a: Slowking
|
|-end|p2a: Primarina|move: Future Sight
|-damage|p2a: Primarina|4/100
|-heal|p2a: Primarina|10/100|[from] item: Leftovers
|upkeep
|turn|34
|
|t:|1758322361
|move|p2a: Primarina|Surf|p1a: Slowking
|-damage|p1a: Slowking|40/100
|move|p1a: Slowking|Future Sight|p2a: Primarina
|-start|p1a: Slowking|move: Future Sight
|
|-heal|p2a: Primarina|16/100|[from] item: Leftovers
|-end|p1a: Slowking|Encore
|upkeep
|turn|35
|
|t:|1758322371
|switch|p1a: Milotic|Milotic, F|97/100
|-damage|p1a: Milotic|85/100|[from] Stealth Rock
|move|p2a: Primarina|Encore||[still]
|-fail|p2a: Primarina
|
|-heal|p2a: Primarina|22/100|[from] item: Leftovers
|upkeep
|turn|36
|
|t:|1758322382
|move|p1a: Milotic|Coil|p1a: Milotic
|-boost|p1a: Milotic|atk|1
|-boost|p1a: Milotic|def|1
|-boost|p1a: Milotic|accuracy|1
|move|p2a: Primarina|Calm Mind|p2a: Primarina
|-boost|p2a: Primarina|spa|1
|-boost|p2a: Primarina|spd|1
|
|-end|p2a: Primarina|move: Future Sight
|-damage|p2a: Primarina|0 fnt
|faint|p2a: Primarina
|upkeep
|
|t:|1758322395
|switch|p2a: Zamazenta|Zamazenta|100/100
|-damage|p2a: Zamazenta|94/100|[from] Stealth Rock
|-ability|p2a: Zamazenta|Dauntless Shield|boost
|-boost|p2a: Zamazenta|def|1
|turn|37
|
|t:|1758322406
|move|p2a: Zamazenta|Roar|p1a: Milotic
|drag|p1a: Slowking|Slowking-Galar, M|73/100
|-damage|p1a: Slowking|61/100|[from] Stealth Rock
|
|-heal|p2a: Zamazenta|100/100|[from] item: Leftovers
|upkeep
|turn|38
|
|t:|1758322416
|move|p2a: Zamazenta|Iron Defense|p2a: Zamazenta
|-boost|p2a: Zamazenta|def|2
|move|p1a: Slowking|Future Sight|p2a: Zamazenta
|-start|p1a: Slowking|move: Future Sight
|
|upkeep
|turn|39
|
|t:|1758322424
|move|p2a: Zamazenta|Crunch|p1a: Slowking
|-supereffective|p1a: Slowking
|-damage|p1a: Slowking|10/100
|move|p1a: Slowking|Sludge Bomb|p2a: Zamazenta
|-damage|p2a: Zamazenta|76/100
|-status|p2a: Zamazenta|psn
|
|-heal|p2a: Zamazenta|82/100 psn|[from] item: Leftovers
|-damage|p2a: Zamazenta|70/100 psn|[from] psn
|upkeep
|turn|40
|
|t:|1758322441
|switch|p1a: Kleavor|Kleavor, M|100/100
|-damage|p1a: Kleavor|76/100|[from] Stealth Rock
|move|p2a: Zamazenta|Body Press|p1a: Kleavor
|-damage|p1a: Kleavor|0 fnt
|faint|p1a: Kleavor
|
|-end|p2a: Zamazenta|move: Future Sight
|-supereffective|p2a: Zamazenta
|-damage|p2a: Zamazenta|0 fnt
|faint|p2a: Zamazenta
|upkeep
|
|t:|1758322454
|switch|p2a: Landorus|Landorus-Therian, M|15/100
|switch|p1a: Milotic|Milotic, F|85/100
|-damage|p2a: Landorus|3/100|[from] Stealth Rock
|-ability|p2a: Landorus|Intimidate|boost
|-unboost|p1a: Milotic|atk|1
|-damage|p1a: Milotic|72/100|[from] Stealth Rock
|turn|41
|inactive|LOve4RussIA has 120 seconds left.
|l|☆LOve4RussIA
|inactive|LOve4RussIA disconnected and has a minute to reconnect!
|player|p2|
|inactive|LOve4RussIA has 30 seconds to reconnect!
|inactive|LOve4RussIA has 20 seconds to reconnect!
|inactive|LOve4RussIA has 15 seconds to reconnect!
|inactive|LOve4RussIA has 10 seconds to reconnect!
|inactive|LOve4RussIA has 5 seconds to reconnect!
|-message|LOve4RussIA lost due to inactivity.
|
|win|obezer
|raw|obezer's rating: 1255 &rarr; <strong>1280</strong><br />(+25 for winning)
|raw|LOve4RussIA's rating: 1249 &rarr; <strong>1224</strong><br />(-25 for losing)
|l|☆obezer
|player|p1|
