|j|☆Ctannn
|j|☆ouww miguel o hara
|t:|1758278785
|gametype|singles
|player|p1|Ctannn|266|1759
|player|p2|ouww miguel o hara|giovanni|1797
|gen|9
|tier|[Gen 9] OU
|rated|
|rule|HP Percentage Mod: HP is shown in percentages
|rule|Endless Battle Clause: Forcing endless battles is banned
|rule|Species Clause: Limit one of each Pokémon
|rule|OHKO Clause: OHKO moves are banned
|rule|Evasion Items Clause: Evasion items are banned
|rule|Evasion Moves Clause: Evasion moves are banned
|rule|Evasion Abilities Clause: Evasion abilities are banned
|rule|Sleep Moves Clause: Sleep-inducing moves are banned
|clearpoke
|poke|p1|Rillaboom, F|
|poke|p1|Gholdengo|
|poke|p1|Cinderace, M|
|poke|p1|Raging Bolt|
|poke|p1|Slowking-Galar, F|
|poke|p1|Landorus-Therian, M|
|poke|p2|Zamazenta-*|
|poke|p2|Iron Moth|
|poke|p2|Gliscor, F|
|poke|p2|Clefable, M|
|poke|p2|Blissey, F|
|poke|p2|Dragapult, M|
|teampreview
|inactive|Battle timer is ON: inactive players will automatically lose when time's up. (requested by ouww miguel o hara)
|
|t:|1758278806
|teamsize|p1|6
|teamsize|p2|6
|start
|switch|p1a: Raging Bolt|Raging Bolt|100/100
|switch|p2a: Blissey|Blissey, F|100/100
|turn|1
|
|t:|1758278809
|move|p1a: Raging Bolt|Volt Switch|p2a: Blissey
|-damage|p2a: Blissey|78/100
|
|t:|1758278813
|-end|p1a: Raging Bolt|Protosynthesis|[silent]
|switch|p1a: Gholdengo|Gholdengo|100/100|[from] Volt Switch
|move|p2a: Blissey|Stealth Rock|p1a: Gholdengo
|-sidestart|p1: Ctannn|move: Stealth Rock
|
|upkeep
|turn|2
|
|t:|1758278818
|switch|p2a: Iron Moth|Iron Moth|100/100
|move|p1a: Gholdengo|Trick|p2a: Iron Moth
|-activate|p1a: Gholdengo|move: Trick|[of] p2a: Iron Moth
|-item|p2a: Iron Moth|Choice Scarf|[from] move: Trick
|-item|p1a: Gholdengo|Heavy-Duty Boots|[from] move: Trick
|
|upkeep
|turn|3
|
|t:|1758278830
|switch|p1a: Cinderace|Cinderace, M|100/100
|move|p2a: Iron Moth|Fiery Dance|p1a: Cinderace
|-resisted|p1a: Cinderace
|-damage|p1a: Cinderace|66/100
|-boost|p2a: Iron Moth|spa|1
|
|upkeep
|turn|4
|
|t:|1758278833
|move|p2a: Iron Moth|Fiery Dance|p1a: Cinderace
|-resisted|p1a: Cinderace
|-damage|p1a: Cinderace|17/100
|move|p1a: Cinderace|Pyro Ball|p2a: Iron Moth|[miss]
|-miss|p1a: Cinderace|p2a: Iron Moth
|
|upkeep
|turn|5
|
|t:|1758278838
|move|p2a: Iron Moth|Fiery Dance|p1a: Cinderace
|-resisted|p1a: Cinderace
|-damage|p1a: Cinderace|0 fnt
|-boost|p2a: Iron Moth|spa|1
|faint|p1a: Cinderace
|
|upkeep
|
|t:|1758278839
|switch|p1a: Raging Bolt|Raging Bolt|100/100
|-damage|p1a: Raging Bolt|88/100|[from] Stealth Rock
|turn|6
|
|t:|1758278852
|-end|p2a: Iron Moth|Quark Drive|[silent]
|switch|p2a: Gliscor|Gliscor, F|100/100
|move|p1a: Raging Bolt|Volt Switch|p2a: Gliscor
|-immune|p2a: Gliscor
|
|-status|p2a: Gliscor|tox|[from] item: Toxic Orb
|upkeep
|turn|7
|
|t:|1758278856
|-end|p1a: Raging Bolt|Protosynthesis|[silent]
|switch|p1a: Landorus|Landorus-Therian, M|100/100
|-damage|p1a: Landorus|88/100|[from] Stealth Rock
|-ability|p1a: Landorus|Intimidate|boost
|-unboost|p2a: Gliscor|atk|1
|move|p2a: Gliscor|Knock Off|p1a: Landorus
|-damage|p1a: Landorus|79/100
|-damage|p2a: Gliscor|84/100 tox|[from] item: Rocky Helmet|[of] p1a: Landorus
|-enditem|p1a: Landorus|Rocky Helmet|[from] move: Knock Off|[of] p2a: Gliscor
|
|-heal|p2a: Gliscor|96/100 tox|[from] ability: Poison Heal
|upkeep
|turn|8
|
|t:|1758278860
|move|p2a: Gliscor|Toxic|p1a: Landorus
|-status|p1a: Landorus|tox
|move|p1a: Landorus|Stealth Rock|p2a: Gliscor
|-sidestart|p2: ouww miguel o hara|move: Stealth Rock
|
|-heal|p2a: Gliscor|100/100 tox|[from] ability: Poison Heal
|-damage|p1a: Landorus|73/100 tox|[from] psn
|upkeep
|turn|9
|
|t:|1758278862
|move|p2a: Gliscor|Knock Off|p1a: Landorus
|-damage|p1a: Landorus|66/100 tox
|move|p1a: Landorus|U-turn|p2a: Gliscor
|-resisted|p2a: Gliscor
|-damage|p2a: Gliscor|91/100 tox
|
|t:|1758278864
|switch|p1a: Slowking|Slowking-Galar, F|100/100|[from] U-turn
|-damage|p1a: Slowking|88/100|[from] Stealth Rock
|
|-heal|p2a: Gliscor|100/100 tox|[from] ability: Poison Heal
|upkeep
|turn|10
|
|t:|1758278874
|switch|p2a: Blissey|Blissey, F|78/100
|move|p1a: Slowking|Ice Beam|p2a: Blissey
|-crit|p2a: Blissey
|-damage|p2a: Blissey|67/100
|
|upkeep
|turn|11
|
|t:|1758278878
|move|p2a: Blissey|Thunder Wave|p1a: Slowking
|-status|p1a: Slowking|par
|cant|p1a: Slowking|par
|
|upkeep
|turn|12
|
|t:|1758278882
|move|p2a: Blissey|Soft-Boiled|p2a: Blissey
|-heal|p2a: Blissey|100/100
|cant|p1a: Slowking|par
|
|upkeep
|turn|13
|
|t:|1758278890
|move|p2a: Blissey|Ice Beam|p1a: Slowking
|-damage|p1a: Slowking|75/100 par
|cant|p1a: Slowking|par
|
|upkeep
|turn|14
|
|t:|1758278895
|move|p2a: Blissey|Ice Beam|p1a: Slowking
|-damage|p1a: Slowking|63/100 par
|cant|p1a: Slowking|par
|
|upkeep
|turn|15
|
|t:|1758278899
|move|p2a: Blissey|Ice Beam|p1a: Slowking
|-damage|p1a: Slowking|51/100 par
|-prepare|p1a: Slowking|Chilly Reception|[premajor]
|cant|p1a: Slowking|par
|
|upkeep
|turn|16
|
|t:|1758278903
|switch|p2a: Dragapult|Dragapult, M|100/100
|-prepare|p1a: Slowking|Chilly Reception|[premajor]
|cant|p1a: Slowking|par
|
|upkeep
|turn|17
|j| wgw2333
|j| hsjsksjshsh
|inactive|Ctannn has 120 seconds left.
|c|☆Ctannn|0.024% chance of that
|c|☆Ctannn|this is historical
|c|☆ouww miguel o hara|lol
|
|t:|1758278959
|move|p2a: Dragapult|Substitute|p2a: Dragapult
|-start|p2a: Dragapult|Substitute
|-damage|p2a: Dragapult|76/100
|-prepare|p1a: Slowking|Chilly Reception|[premajor]
|move|p1a: Slowking|Chilly Reception|p1a: Slowking
|-weather|Snowscape
|
|t:|1758278968
|switch|p1a: Landorus|Landorus-Therian, M|66/100 tox|[from] Chilly Reception
|-damage|p1a: Landorus|54/100 tox|[from] Stealth Rock
|-ability|p1a: Landorus|Intimidate|boost
|-immune|p2a: Dragapult
|
|-weather|Snowscape|[upkeep]
|-damage|p1a: Landorus|48/100 tox|[from] psn
|upkeep
|turn|18
|
|t:|1758278970
|move|p2a: Dragapult|Hex|p1a: Landorus
|-damage|p1a: Landorus|0 fnt
|faint|p1a: Landorus
|
|-weather|Snowscape|[upkeep]
|upkeep
|c|☆Ctannn|Gg
|-message|Ctannn forfeited.
|
|win|ouww miguel o hara
|raw|Ctannn's rating: 1759 &rarr; <strong>1741</strong><br />(-18 for losing)
|raw|ouww miguel o hara's rating: 1797 &rarr; <strong>1815</strong><br />(+18 for winning)
|c|☆ouww miguel o hara|gg
|l|☆Ctannn
|player|p1|
|l|☆ouww miguel o hara
|player|p2|
|l| wgw2333
