|j|☆jlce
|j|☆StarDio
|t:|1758264285
|gametype|singles
|player|p1|jlce|266|1454
|player|p2|StarDio|lance|1502
|gen|9
|tier|[Gen 9] OU
|rated|
|rule|HP Percentage Mod: HP is shown in percentages
|rule|Endless Battle Clause: Forcing endless battles is banned
|rule|Species Clause: Limit one of each Pokémon
|rule|OHKO Clause: OHKO moves are banned
|rule|Evasion Items Clause: Evasion items are banned
|rule|Evasion Moves Clause: Evasion moves are banned
|rule|Evasion Abilities Clause: Evasion abilities are banned
|rule|Sleep Moves Clause: Sleep-inducing moves are banned
|clearpoke
|poke|p1|Dragapult, F|
|poke|p1|Weavile, F|
|poke|p1|Greninja-*, M|
|poke|p1|Tentacruel, F|
|poke|p1|Samurott-Hisui, M|
|poke|p1|Sinistcha|
|poke|p2|Kingambit, F|
|poke|p2|Cinderace, F|
|poke|p2|Landorus-Therian, M|
|poke|p2|Iron Valiant|
|poke|p2|Kyurem|
|poke|p2|Slowking-Galar, M|
|teampreview
|inactive|Battle timer is ON: inactive players will automatically lose when time's up. (requested by StarDio)
|
|t:|1758264302
|teamsize|p1|6
|teamsize|p2|6
|start
|switch|p1a: Tentacruel|Tentacruel, F|100/100
|switch|p2a: Still the goat|Landorus-Therian, M, shiny|100/100
|-ability|p2a: Still the goat|Intimidate|boost
|-unboost|p1a: Tentacruel|atk|1
|turn|1
|
|t:|1758264308
|move|p2a: Still the goat|Earthquake|p1a: Tentacruel
|-supereffective|p1a: Tentacruel
|-damage|p1a: Tentacruel|0 fnt
|faint|p1a: Tentacruel
|
|upkeep
|
|t:|1758264311
|switch|p1a: Greninja|Greninja, M|100/100
|turn|2
|
|t:|1758264318
|switch|p2a: Slowking|Slowking-Galar, M, shiny|100/100
|move|p1a: Greninja|Hydro Pump|p2a: Slowking
|-damage|p2a: Slowking|63/100
|-damage|p1a: Greninja|91/100|[from] item: Life Orb
|
|upkeep
|turn|3
|
|t:|1758264322
|move|p1a: Greninja|Dark Pulse|p2a: Slowking
|-supereffective|p2a: Slowking
|-damage|p2a: Slowking|5/100
|-damage|p1a: Greninja|81/100|[from] item: Life Orb
|move|p2a: Slowking|Thunder Wave|p1a: Greninja
|-status|p1a: Greninja|par
|
|upkeep
|turn|4
|
|t:|1758264328
|switch|p2a: Kowtow Weave|Kingambit, F|100/100
|move|p1a: Greninja|Dark Pulse|p2a: Kowtow Weave
|-resisted|p2a: Kowtow Weave
|-damage|p2a: Kowtow Weave|77/100
|-damage|p1a: Greninja|71/100 par|[from] item: Life Orb
|
|-heal|p2a: Kowtow Weave|83/100|[from] item: Leftovers
|upkeep
|turn|5
|
|t:|1758264335
|switch|p1a: Samurott|Samurott-Hisui, M|100/100
|move|p2a: Kowtow Weave|Iron Head|p1a: Samurott
|-resisted|p1a: Samurott
|-damage|p1a: Samurott|72/100
|
|-heal|p2a: Kowtow Weave|90/100|[from] item: Leftovers
|upkeep
|turn|6
|
|t:|1758264349
|-end|p2a: Kowtow Weave|fallenundefined|[silent]
|switch|p2a: Kyurem|Kyurem, shiny|100/100
|-ability|p2a: Kyurem|Pressure
|move|p1a: Samurott|Ceaseless Edge|p2a: Kyurem
|-damage|p2a: Kyurem|58/100
|-sidestart|p2: StarDio|Spikes
|
|-heal|p2a: Kyurem|64/100|[from] item: Leftovers
|upkeep
|turn|7
|
|t:|1758264354
|move|p2a: Kyurem|Freeze-Dry|p1a: Samurott
|-supereffective|p1a: Samurott
|-damage|p1a: Samurott|0 fnt
|faint|p1a: Samurott
|
|-heal|p2a: Kyurem|70/100|[from] item: Leftovers
|upkeep
|
|t:|1758264357
|switch|p1a: Dragapult|Dragapult, F|100/100
|turn|8
|
|t:|1758264368
|switch|p2a: Still the goat|Landorus-Therian, M, shiny|100/100
|-ability|p2a: Still the goat|Intimidate|boost
|-fail|p1a: Dragapult|unboost|[from] ability: Clear Body|[of] p1a: Dragapult
|move|p1a: Dragapult|Dragon Dance|p1a: Dragapult
|-boost|p1a: Dragapult|atk|1
|-boost|p1a: Dragapult|spe|1
|
|upkeep
|turn|9
|
|t:|1758264373
|-terastallize|p1a: Dragapult|Dragon
|move|p1a: Dragapult|Dragon Darts|p2a: Still the goat
|-damage|p2a: Still the goat|30/100
|-anim|p1a: Dragapult|Dragon Darts|p2a: Still the goat
|-damage|p2a: Still the goat|0 fnt
|faint|p2a: Still the goat
|-damage|p1a: Dragapult|91/100|[from] item: Life Orb
|
|upkeep
|
|t:|1758264380
|switch|p2a: Kowtow Weave|Kingambit, F|90/100
|-damage|p2a: Kowtow Weave|77/100|[from] Spikes
|-activate|p2a: Kowtow Weave|ability: Supreme Overlord
|-start|p2a: Kowtow Weave|fallen1|[silent]
|turn|10
|
|t:|1758264384
|move|p1a: Dragapult|Fire Blast|p2a: Kowtow Weave
|-supereffective|p2a: Kowtow Weave
|-damage|p2a: Kowtow Weave|7/100
|-damage|p1a: Dragapult|81/100|[from] item: Life Orb
|move|p2a: Kowtow Weave|Kowtow Cleave|p1a: Dragapult
|-damage|p1a: Dragapult|2/100
|
|-heal|p2a: Kowtow Weave|13/100|[from] item: Leftovers
|upkeep
|turn|11
|
|t:|1758264391
|move|p2a: Kowtow Weave|Sucker Punch|p1a: Dragapult
|-damage|p1a: Dragapult|0 fnt
|faint|p1a: Dragapult
|
|-heal|p2a: Kowtow Weave|19/100|[from] item: Leftovers
|upkeep
|
|t:|1758264394
|switch|p1a: Weavile|Weavile, F|100/100
|turn|12
|
|t:|1758264397
|move|p2a: Kowtow Weave|Sucker Punch|p1a: Weavile
|-resisted|p1a: Weavile
|-crit|p1a: Weavile
|-damage|p1a: Weavile|47/100
|move|p1a: Weavile|Triple Axel|p2a: Kowtow Weave
|-resisted|p2a: Kowtow Weave
|-damage|p2a: Kowtow Weave|14/100
|-resisted|p2a: Kowtow Weave
|-damage|p2a: Kowtow Weave|3/100
|-resisted|p2a: Kowtow Weave
|-damage|p2a: Kowtow Weave|0 fnt
|faint|p2a: Kowtow Weave
|-end|p2a: Kowtow Weave|fallen1|[silent]
|-hitcount|p2: Kowtow Weave|3
|-damage|p1a: Weavile|37/100|[from] item: Life Orb
|
|upkeep
|-message|jlce forfeited.
|
|win|StarDio
|raw|jlce's rating: 1454 &rarr; <strong>1437</strong><br />(-17 for losing)
|raw|StarDio's rating: 1502 &rarr; <strong>1519</strong><br />(+17 for winning)
|l|☆jlce
|player|p1|
|l|☆StarDio
|player|p2|
