|j|☆Ctannn
|j|☆Rj yoip
|t:|1758249992
|gametype|singles
|player|p1|Ctannn|2|1801
|player|p2|Rj yoip|caitlin-masters|1828
|gen|9
|tier|[Gen 9] OU
|rated|
|rule|HP Percentage Mod: HP is shown in percentages
|rule|Endless Battle Clause: Forcing endless battles is banned
|rule|Species Clause: Limit one of each Pokémon
|rule|OHKO Clause: OHKO moves are banned
|rule|Evasion Items Clause: Evasion items are banned
|rule|Evasion Moves Clause: Evasion moves are banned
|rule|Evasion Abilities Clause: Evasion abilities are banned
|rule|Sleep Moves Clause: Sleep-inducing moves are banned
|clearpoke
|poke|p1|Rillaboom, M|
|poke|p1|Gholdengo|
|poke|p1|Cinderace, F|
|poke|p1|Raging Bolt|
|poke|p1|Slowking-Galar, F|
|poke|p1|Landorus-Therian, M|
|poke|p2|Zapdos-Galar|
|poke|p2|Darkrai|
|poke|p2|Clefable, F|
|poke|p2|Gliscor, M|
|poke|p2|Dragapult, F|
|poke|p2|Kingambit, M|
|teampreview
|inactive|Battle timer is ON: inactive players will automatically lose when time's up. (requested by Rj yoip)
|
|t:|1758250018
|teamsize|p1|6
|teamsize|p2|6
|start
|switch|p1a: Rillaboom|Rillaboom, M|100/100
|switch|p2a: Zapdos|Zapdos-Galar|100/100
|-fieldstart|move: Grassy Terrain|[from] ability: Grassy Surge|[of] p1a: Rillaboom
|turn|1
|
|t:|1758250024
|switch|p1a: Slowking|Slowking-Galar, F|100/100
|move|p2a: Zapdos|Drill Peck|p1a: Slowking
|-damage|p1a: Slowking|68/100
|
|-heal|p1a: Slowking|74/100|[from] Grassy Terrain
|upkeep
|turn|2
|
|t:|1758250036
|move|p2a: Zapdos|Knock Off|p1a: Slowking
|-supereffective|p1a: Slowking
|-damage|p1a: Slowking|27/100
|-enditem|p1a: Slowking|Rocky Helmet|[from] move: Knock Off|[of] p2a: Zapdos
|move|p1a: Slowking|Future Sight|p2a: Zapdos
|-start|p1a: Slowking|move: Future Sight
|
|-heal|p1a: Slowking|33/100|[from] Grassy Terrain
|upkeep
|turn|3
|
|t:|1758250045
|switch|p1a: Gholdengo|Gholdengo|100/100
|move|p2a: Zapdos|Knock Off|p1a: Gholdengo
|-supereffective|p1a: Gholdengo
|-damage|p1a: Gholdengo|21/100
|-enditem|p1a: Gholdengo|Choice Scarf|[from] move: Knock Off|[of] p2a: Zapdos
|
|-heal|p1a: Gholdengo|27/100|[from] Grassy Terrain
|upkeep
|turn|4
|
|t:|1758250053
|move|p2a: Zapdos|U-turn|p1a: Gholdengo
|-resisted|p1a: Gholdengo
|-damage|p1a: Gholdengo|20/100
|
|t:|1758250054
|switch|p2a: Darkrai|Darkrai|100/100|[from] U-turn
|move|p1a: Gholdengo|Make It Rain|p2a: Darkrai
|-damage|p2a: Darkrai|16/100
|-unboost|p1a: Gholdengo|spa|1
|
|-end|p2a: Darkrai|move: Future Sight
|-immune|p2a: Darkrai
|-heal|p2a: Darkrai|22/100|[from] Grassy Terrain
|-heal|p1a: Gholdengo|26/100|[from] Grassy Terrain
|upkeep
|turn|5
|
|t:|1758250060
|move|p2a: Darkrai|Dark Pulse|p1a: Gholdengo
|-supereffective|p1a: Gholdengo
|-damage|p1a: Gholdengo|0 fnt
|faint|p1a: Gholdengo
|
|-heal|p2a: Darkrai|28/100|[from] Grassy Terrain
|-fieldend|move: Grassy Terrain
|upkeep
|
|t:|1758250062
|switch|p1a: Cinderace|Cinderace, F|100/100
|turn|6
|
|t:|1758250064
|move|p2a: Darkrai|Dark Pulse|p1a: Cinderace
|-damage|p1a: Cinderace|34/100
|move|p1a: Cinderace|U-turn|p2a: Darkrai
|-start|p1a: Cinderace|typechange|Bug|[from] ability: Libero
|-supereffective|p2a: Darkrai
|-damage|p2a: Darkrai|0 fnt
|faint|p2a: Darkrai
|
|t:|1758250070
|switch|p1a: Slowking|Slowking-Galar, F|67/100|[from] U-turn
|
|upkeep
|
|t:|1758250072
|switch|p2a: Kingambit|Kingambit, M|100/100
|-activate|p2a: Kingambit|ability: Supreme Overlord
|-start|p2a: Kingambit|fallen1|[silent]
|-item|p2a: Kingambit|Air Balloon
|turn|7
|j| lamebiz
|
|t:|1758250078
|-end|p2a: Kingambit|fallen1|[silent]
|switch|p2a: Zapdos|Zapdos-Galar|100/100
|switch|p1a: Landorus|Landorus-Therian, M|100/100
|-ability|p1a: Landorus|Intimidate|boost
|-unboost|p2a: Zapdos|atk|1
|-ability|p2a: Zapdos|Defiant|boost
|-boost|p2a: Zapdos|atk|2
|
|upkeep
|turn|8
|
|t:|1758250084
|move|p2a: Zapdos|Knock Off|p1a: Landorus
|-damage|p1a: Landorus|67/100
|-enditem|p1a: Landorus|Rocky Helmet|[from] move: Knock Off|[of] p2a: Zapdos
|move|p1a: Landorus|U-turn|p2a: Zapdos
|-resisted|p2a: Zapdos
|-damage|p2a: Zapdos|94/100
|
|t:|1758250086
|switch|p1a: Slowking|Slowking-Galar, F|99/100|[from] U-turn
|
|upkeep
|turn|9
|
|t:|1758250088
|move|p2a: Zapdos|Drill Peck|p1a: Slowking
|-damage|p1a: Slowking|55/100
|move|p1a: Slowking|Psychic|p2a: Zapdos
|-supereffective|p2a: Zapdos
|-damage|p2a: Zapdos|19/100
|
|upkeep
|turn|10
|j| RATSMOKER5793
|
|t:|1758250095
|move|p2a: Zapdos|Knock Off|p1a: Slowking
|-supereffective|p1a: Slowking
|-damage|p1a: Slowking|8/100
|move|p1a: Slowking|Ice Beam|p2a: Zapdos
|-supereffective|p2a: Zapdos
|-damage|p2a: Zapdos|0 fnt
|faint|p2a: Zapdos
|
|upkeep
|
|t:|1758250098
|switch|p2a: Gliscor|Gliscor, M|100/100
|turn|11
|
|t:|1758250102
|move|p2a: Gliscor|Earthquake|p1a: Slowking
|-supereffective|p1a: Slowking
|-damage|p1a: Slowking|0 fnt
|faint|p1a: Slowking
|
|-status|p2a: Gliscor|tox|[from] item: Toxic Orb
|upkeep
|
|t:|1758250107
|switch|p1a: Rillaboom|Rillaboom, M|100/100
|-fieldstart|move: Grassy Terrain|[from] ability: Grassy Surge|[of] p1a: Rillaboom
|turn|12
|
|t:|1758250114
|move|p1a: Rillaboom|Swords Dance|p1a: Rillaboom
|-boost|p1a: Rillaboom|atk|2
|move|p2a: Gliscor|Toxic|p1a: Rillaboom
|-status|p1a: Rillaboom|tox
|
|-damage|p1a: Rillaboom|94/100 tox|[from] psn
|upkeep
|turn|13
|
|t:|1758250117
|move|p1a: Rillaboom|Swords Dance|p1a: Rillaboom
|-boost|p1a: Rillaboom|atk|2
|move|p2a: Gliscor|Spikes|p1a: Rillaboom
|-sidestart|p1: Ctannn|Spikes
|
|-heal|p1a: Rillaboom|100/100 tox|[from] Grassy Terrain
|-damage|p1a: Rillaboom|88/100 tox|[from] psn
|upkeep
|turn|14
|
|t:|1758250119
|move|p2a: Gliscor|Protect|p2a: Gliscor
|-singleturn|p2a: Gliscor|Protect
|move|p1a: Rillaboom|Swords Dance|p1a: Rillaboom
|-boost|p1a: Rillaboom|atk|2
|
|-heal|p1a: Rillaboom|94/100 tox|[from] Grassy Terrain
|-damage|p1a: Rillaboom|76/100 tox|[from] psn
|upkeep
|turn|15
|
|t:|1758250122
|switch|p2a: Dragapult|Dragapult, F|100/100
|move|p1a: Rillaboom|Grassy Glide|p2a: Dragapult
|-resisted|p2a: Dragapult
|-damage|p2a: Dragapult|0 fnt
|faint|p2a: Dragapult
|
|-heal|p1a: Rillaboom|82/100 tox|[from] Grassy Terrain
|-damage|p1a: Rillaboom|57/100 tox|[from] psn
|upkeep
|j| bionicfox
|
|t:|1758250126
|switch|p2a: Kingambit|Kingambit, M|100/100
|-activate|p2a: Kingambit|ability: Supreme Overlord
|-start|p2a: Kingambit|fallen3|[silent]
|-item|p2a: Kingambit|Air Balloon
|turn|16
|
|t:|1758250129
|move|p2a: Kingambit|Sucker Punch|p1a: Rillaboom
|-damage|p1a: Rillaboom|3/100 tox
|move|p1a: Rillaboom|Drain Punch|p2a: Kingambit
|-supereffective|p2a: Kingambit
|-damage|p2a: Kingambit|0 fnt
|-heal|p1a: Rillaboom|54/100 tox|[from] drain|[of] p2a: Kingambit
|-enditem|p2a: Kingambit|Air Balloon
|faint|p2a: Kingambit
|-end|p2a: Kingambit|fallen3|[silent]
|
|-heal|p1a: Rillaboom|60/100 tox|[from] Grassy Terrain
|-damage|p1a: Rillaboom|29/100 tox|[from] psn
|-fieldend|move: Grassy Terrain
|upkeep
|
|t:|1758250131
|switch|p2a: Gliscor|Gliscor, M|100/100 tox
|turn|17
|
|t:|1758250136
|switch|p1a: Landorus|Landorus-Therian, M|67/100
|-ability|p1a: Landorus|Intimidate|boost
|-unboost|p2a: Gliscor|atk|1
|move|p2a: Gliscor|Protect||[still]
|-fail|p2a: Gliscor
|
|upkeep
|turn|18
|
|t:|1758250140
|move|p2a: Gliscor|Toxic|p1a: Landorus
|-status|p1a: Landorus|tox
|move|p1a: Landorus|U-turn|p2a: Gliscor
|-resisted|p2a: Gliscor
|-damage|p2a: Gliscor|92/100 tox
|
|t:|1758250147
|switch|p1a: Raging Bolt|Raging Bolt|100/100|[from] U-turn
|-damage|p1a: Raging Bolt|88/100|[from] Spikes
|
|-heal|p2a: Gliscor|100/100 tox|[from] ability: Poison Heal
|upkeep
|turn|19
|
|t:|1758250149
|move|p1a: Raging Bolt|Draco Meteor|p2a: Gliscor
|-damage|p2a: Gliscor|9/100 tox
|-unboost|p1a: Raging Bolt|spa|2
|move|p2a: Gliscor|Toxic|p1a: Raging Bolt
|-status|p1a: Raging Bolt|tox
|
|-damage|p1a: Raging Bolt|82/100 tox|[from] psn
|-heal|p2a: Gliscor|22/100 tox|[from] ability: Poison Heal
|upkeep
|turn|20
|
|t:|1758250153
|-end|p1a: Raging Bolt|Protosynthesis|[silent]
|switch|p1a: Cinderace|Cinderace, F|34/100
|move|p2a: Gliscor|Protect||[still]
|-fail|p2a: Gliscor
|
|-heal|p2a: Gliscor|34/100 tox|[from] ability: Poison Heal
|upkeep
|turn|21
|
|t:|1758250155
|move|p2a: Gliscor|Protect|p2a: Gliscor
|-singleturn|p2a: Gliscor|Protect
|move|p1a: Cinderace|Pyro Ball|p2a: Gliscor
|-activate|p2a: Gliscor|move: Protect
|
|-heal|p2a: Gliscor|47/100 tox|[from] ability: Poison Heal
|upkeep
|turn|22
|
|t:|1758250157
|move|p1a: Cinderace|Pyro Ball|p2a: Gliscor
|-damage|p2a: Gliscor|0 fnt
|faint|p2a: Gliscor
|
|upkeep
|
|t:|1758250159
|switch|p2a: Clefable|Clefable, F|100/100
|turn|23
|
|t:|1758250162
|move|p1a: Cinderace|U-turn|p2a: Clefable
|-start|p1a: Cinderace|typechange|Bug|[from] ability: Libero
|-resisted|p2a: Clefable
|-damage|p2a: Clefable|88/100
|
|t:|1758250163
|switch|p1a: Rillaboom|Rillaboom, M|29/100 tox|[from] U-turn
|-damage|p1a: Rillaboom|17/100 tox|[from] Spikes
|-fieldstart|move: Grassy Terrain|[from] ability: Grassy Surge|[of] p1a: Rillaboom
|move|p2a: Clefable|Knock Off|p1a: Rillaboom
|-damage|p1a: Rillaboom|0 fnt
|-enditem|p1a: Rillaboom|Miracle Seed|[from] move: Knock Off|[of] p2a: Clefable
|faint|p1a: Rillaboom
|
|-heal|p2a: Clefable|94/100|[from] Grassy Terrain
|upkeep
|
|t:|1758250167
|switch|p1a: Raging Bolt|Raging Bolt|82/100 tox
|-damage|p1a: Raging Bolt|70/100 tox|[from] Spikes
|turn|24
|
|t:|1758250169
|move|p1a: Raging Bolt|Thunderbolt|p2a: Clefable
|-damage|p2a: Clefable|23/100
|move|p2a: Clefable|Moonblast|p1a: Raging Bolt
|-supereffective|p1a: Raging Bolt
|-damage|p1a: Raging Bolt|10/100 tox
|
|-heal|p1a: Raging Bolt|16/100 tox|[from] Grassy Terrain
|-heal|p2a: Clefable|29/100|[from] Grassy Terrain
|-damage|p1a: Raging Bolt|10/100 tox|[from] psn
|upkeep
|turn|25
|
|t:|1758250172
|move|p1a: Raging Bolt|Thunderbolt|p2a: Clefable
|-damage|p2a: Clefable|0 fnt
|faint|p2a: Clefable
|
|win|Ctannn
|raw|Ctannn's rating: 1801 &rarr; <strong>1823</strong><br />(+22 for winning)
|raw|Rj yoip's rating: 1828 &rarr; <strong>1806</strong><br />(-22 for losing)
|l|☆Rj yoip
|player|p2|
|l|☆Ctannn
|player|p1|
|l| RATSMOKER5793
|l| lamebiz
