|j|☆456987e
|j|☆omyt
|t:|1758370253
|gametype|singles
|player|p1|456987e|tuber|1015
|player|p2|omyt|fisherman-gen4|1000
|gen|9
|tier|[Gen 9] OU
|rated|
|rule|HP Percentage Mod: HP is shown in percentages
|rule|Endless Battle Clause: Forcing endless battles is banned
|rule|Species Clause: Limit one of each Pokémon
|rule|OHKO Clause: OHKO moves are banned
|rule|Evasion Items Clause: Evasion items are banned
|rule|Evasion Moves Clause: Evasion moves are banned
|rule|Evasion Abilities Clause: Evasion abilities are banned
|rule|Sleep Moves Clause: Sleep-inducing moves are banned
|clearpoke
|poke|p1|Great Tusk|
|poke|p1|Gholdengo|
|poke|p1|Enamorus, F|
|poke|p1|Dragonite, M|
|poke|p1|Ursaluna, F|
|poke|p1|Dondozo, F|
|poke|p2|Torkoal, M|
|poke|p2|Hatterene, F|
|poke|p2|Raging Bolt|
|poke|p2|Slither Wing|
|poke|p2|Venusaur, M|
|poke|p2|Walking Wake|
|teampreview
|inactive|Battle timer is ON: inactive players will automatically lose when time's up. (requested by 456987e)
|
|t:|1758370259
|teamsize|p1|6
|teamsize|p2|6
|start
|switch|p1a: Great Tusk|Great Tusk|100/100
|switch|p2a: Torkoal|Torkoal, M|100/100
|-weather|SunnyDay|[from] ability: Drought|[of] p2a: Torkoal
|-activate|p1a: Great Tusk|ability: Protosynthesis
|-start|p1a: Great Tusk|protosynthesisatk
|turn|1
|n|☆omyt|omyt
|
|t:|1758370279
|switch|p2a: Walking Wake|Walking Wake|100/100
|-activate|p2a: Walking Wake|ability: Protosynthesis
|-start|p2a: Walking Wake|protosynthesisspe
|move|p1a: Great Tusk|Stealth Rock|p2a: Walking Wake
|-sidestart|p2: omyt|move: Stealth Rock
|
|-weather|SunnyDay|[upkeep]
|upkeep
|turn|2
|
|t:|1758370297
|move|p2a: Walking Wake|Hydro Steam|p1a: Great Tusk
|-supereffective|p1a: Great Tusk
|-damage|p1a: Great Tusk|0 fnt
|faint|p1a: Great Tusk
|-end|p1a: Great Tusk|Protosynthesis|[silent]
|
|-weather|SunnyDay|[upkeep]
|upkeep
|
|t:|1758370310
|switch|p1a: Enamorus|Enamorus, F|100/100
|turn|3
|
|t:|1758370316
|move|p2a: Walking Wake|Draco Meteor|p1a: Enamorus
|-immune|p1a: Enamorus
|move|p1a: Enamorus|Moonblast|p2a: Walking Wake
|-supereffective|p2a: Walking Wake
|-damage|p2a: Walking Wake|0 fnt
|faint|p2a: Walking Wake
|-end|p2a: Walking Wake|Protosynthesis|[silent]
|
|-weather|SunnyDay|[upkeep]
|upkeep
|
|t:|1758370328
|switch|p2a: Venusaur|Venusaur, M|100/100
|-damage|p2a: Venusaur|88/100|[from] Stealth Rock
|turn|4
|
|t:|1758370348
|switch|p1a: Dragonite|Dragonite, M|100/100
|move|p2a: Venusaur|Growth|p2a: Venusaur
|-boost|p2a: Venusaur|atk|2
|-boost|p2a: Venusaur|spa|2
|
|-weather|SunnyDay|[upkeep]
|upkeep
|turn|5
|
|t:|1758370364
|switch|p2a: Hatterene|Hatterene, F|100/100
|-damage|p2a: Hatterene|88/100|[from] Stealth Rock
|-item|p2a: Hatterene|Air Balloon
|move|p1a: Dragonite|Ice Spinner|p2a: Hatterene
|-damage|p2a: Hatterene|64/100
|-enditem|p2a: Hatterene|Air Balloon
|
|-weather|SunnyDay|[upkeep]
|upkeep
|turn|6
|
|t:|1758370378
|move|p1a: Dragonite|Ice Spinner|p2a: Hatterene
|-damage|p2a: Hatterene|41/100
|move|p2a: Hatterene|Dazzling Gleam|p1a: Dragonite
|-supereffective|p1a: Dragonite
|-damage|p1a: Dragonite|61/100
|
|-weather|SunnyDay|[upkeep]
|-heal|p1a: Dragonite|67/100|[from] item: Leftovers
|upkeep
|turn|7
|
|t:|1758370392
|move|p1a: Dragonite|Roost|p1a: Dragonite
|-heal|p1a: Dragonite|100/100
|-singleturn|p1a: Dragonite|move: Roost
|move|p2a: Hatterene|Trick Room|p2a: Hatterene
|-fieldstart|move: Trick Room|[of] p2a: Hatterene
|
|-weather|SunnyDay|[upkeep]
|upkeep
|turn|8
|
|t:|1758370401
|-terastallize|p1a: Dragonite|Normal
|move|p1a: Dragonite|Extreme Speed|p2a: Hatterene
|-damage|p2a: Hatterene|9/100
|move|p2a: Hatterene|Dazzling Gleam|p1a: Dragonite
|-damage|p1a: Dragonite|81/100
|
|-weather|none
|-heal|p1a: Dragonite|87/100|[from] item: Leftovers
|upkeep
|turn|9
|
|t:|1758370413
|move|p1a: Dragonite|Extreme Speed|p2a: Hatterene
|-damage|p2a: Hatterene|0 fnt
|faint|p2a: Hatterene
|
|-heal|p1a: Dragonite|93/100|[from] item: Leftovers
|upkeep
|
|t:|1758370421
|switch|p2a: Slither Wing|Slither Wing|100/100
|-damage|p2a: Slither Wing|88/100|[from] Stealth Rock
|turn|10
|
|t:|1758370430
|move|p2a: Slither Wing|Temper Flare|p1a: Dragonite
|-damage|p1a: Dragonite|62/100
|move|p1a: Dragonite|Roost|p1a: Dragonite
|-heal|p1a: Dragonite|100/100
|
|upkeep
|turn|11
|
|t:|1758370446
|move|p2a: Slither Wing|First Impression||[still]
|-hint|First Impression only works on your first turn out.
|-fail|p2a: Slither Wing
|move|p1a: Dragonite|Dragon Claw|p2a: Slither Wing
|-damage|p2a: Slither Wing|35/100
|
|-fieldend|move: Trick Room
|upkeep
|turn|12
|
|t:|1758370455
|move|p1a: Dragonite|Extreme Speed|p2a: Slither Wing
|-damage|p2a: Slither Wing|0 fnt
|faint|p2a: Slither Wing
|-end|p2a: Slither Wing|Protosynthesis|[silent]
|
|upkeep
|
|t:|1758370461
|switch|p2a: Torkoal|Torkoal, M|100/100
|-damage|p2a: Torkoal|76/100|[from] Stealth Rock
|-weather|SunnyDay|[from] ability: Drought|[of] p2a: Torkoal
|turn|13
|
|t:|1758370470
|move|p1a: Dragonite|Dragon Claw|p2a: Torkoal
|-damage|p2a: Torkoal|39/100
|move|p2a: Torkoal|Overheat|p1a: Dragonite
|-damage|p1a: Dragonite|55/100
|-unboost|p2a: Torkoal|spa|2
|
|-weather|SunnyDay|[upkeep]
|-heal|p1a: Dragonite|61/100|[from] item: Leftovers
|upkeep
|turn|14
|
|t:|1758370482
|move|p1a: Dragonite|Roost|p1a: Dragonite
|-heal|p1a: Dragonite|100/100
|move|p2a: Torkoal|Eruption|p1a: Dragonite
|-damage|p1a: Dragonite|92/100
|
|-weather|SunnyDay|[upkeep]
|-heal|p1a: Dragonite|98/100|[from] item: Leftovers
|upkeep
|turn|15
|
|t:|1758370495
|switch|p2a: Raging Bolt|Raging Bolt|100/100
|-damage|p2a: Raging Bolt|88/100|[from] Stealth Rock
|-activate|p2a: Raging Bolt|ability: Protosynthesis
|-start|p2a: Raging Bolt|protosynthesisspa
|move|p1a: Dragonite|Extreme Speed|p2a: Raging Bolt
|-damage|p2a: Raging Bolt|49/100
|
|-weather|SunnyDay|[upkeep]
|-heal|p1a: Dragonite|100/100|[from] item: Leftovers
|upkeep
|turn|16
|
|t:|1758370510
|-terastallize|p2a: Raging Bolt|Ghost
|move|p1a: Dragonite|Ice Spinner|p2a: Raging Bolt
|-damage|p2a: Raging Bolt|21/100
|move|p2a: Raging Bolt|Dragon Pulse|p1a: Dragonite
|-damage|p1a: Dragonite|52/100
|-damage|p2a: Raging Bolt|11/100|[from] item: Life Orb
|
|-weather|SunnyDay|[upkeep]
|-heal|p1a: Dragonite|58/100|[from] item: Leftovers
|upkeep
|turn|17
|
|t:|1758370528
|move|p1a: Dragonite|Dragon Claw|p2a: Raging Bolt
|-damage|p2a: Raging Bolt|0 fnt
|faint|p2a: Raging Bolt
|-end|p2a: Raging Bolt|Protosynthesis|[silent]
|
|-weather|SunnyDay|[upkeep]
|-heal|p1a: Dragonite|65/100|[from] item: Leftovers
|upkeep
|
|t:|1758370536
|switch|p2a: Venusaur|Venusaur, M|88/100
|-damage|p2a: Venusaur|76/100|[from] Stealth Rock
|turn|18
|
|t:|1758370543
|move|p2a: Venusaur|Giga Drain|p1a: Dragonite
|-damage|p1a: Dragonite|19/100
|-heal|p2a: Venusaur|100/100|[from] drain|[of] p1a: Dragonite
|-damage|p2a: Venusaur|91/100|[from] item: Life Orb
|move|p1a: Dragonite|Roost|p1a: Dragonite
|-heal|p1a: Dragonite|69/100
|
|-weather|SunnyDay|[upkeep]
|-heal|p1a: Dragonite|75/100|[from] item: Leftovers
|upkeep
|turn|19
|
|t:|1758370554
|move|p2a: Venusaur|Giga Drain|p1a: Dragonite
|-damage|p1a: Dragonite|33/100
|-heal|p2a: Venusaur|100/100|[from] drain|[of] p1a: Dragonite
|-damage|p2a: Venusaur|91/100|[from] item: Life Orb
|move|p1a: Dragonite|Roost|p1a: Dragonite
|-heal|p1a: Dragonite|83/100
|
|-weather|SunnyDay|[upkeep]
|-heal|p1a: Dragonite|89/100|[from] item: Leftovers
|upkeep
|turn|20
|
|t:|1758370566
|move|p2a: Venusaur|Giga Drain|p1a: Dragonite
|-damage|p1a: Dragonite|45/100
|-heal|p2a: Venusaur|100/100|[from] drain|[of] p1a: Dragonite
|-damage|p2a: Venusaur|91/100|[from] item: Life Orb
|move|p1a: Dragonite|Ice Spinner|p2a: Venusaur
|-supereffective|p2a: Venusaur
|-damage|p2a: Venusaur|16/100
|
|-weather|none
|-heal|p1a: Dragonite|52/100|[from] item: Leftovers
|upkeep
|turn|21
|
|t:|1758370577
|move|p2a: Venusaur|Giga Drain|p1a: Dragonite
|-damage|p1a: Dragonite|4/100
|-heal|p2a: Venusaur|42/100|[from] drain|[of] p1a: Dragonite
|-damage|p2a: Venusaur|32/100|[from] item: Life Orb
|move|p1a: Dragonite|Ice Spinner|p2a: Venusaur
|-supereffective|p2a: Venusaur
|-damage|p2a: Venusaur|0 fnt
|faint|p2a: Venusaur
|
|-heal|p1a: Dragonite|10/100|[from] item: Leftovers
|upkeep
|
|t:|1758370589
|switch|p2a: Torkoal|Torkoal, M|39/100
|-damage|p2a: Torkoal|14/100|[from] Stealth Rock
|-weather|SunnyDay|[from] ability: Drought|[of] p2a: Torkoal
|turn|22
|
|t:|1758370596
|move|p1a: Dragonite|Extreme Speed|p2a: Torkoal
|-damage|p2a: Torkoal|0 fnt
|faint|p2a: Torkoal
|
|win|456987e
|raw|456987e's rating: 1015 &rarr; <strong>1051</strong><br />(+36 for winning)
|raw|omyt's rating: 1000 &rarr; <strong>1000</strong><br />(+0 for losing)
