|j|☆ensyde
|j|☆yanyee
|t:|1758332550
|gametype|singles
|player|p1|ensyde|burglar|1320
|player|p2|yanyee|janine|1332
|gen|9
|tier|[Gen 9] OU
|rated|
|rule|HP Percentage Mod: HP is shown in percentages
|rule|Endless Battle Clause: Forcing endless battles is banned
|rule|Species Clause: Limit one of each Pokémon
|rule|OHKO Clause: OHKO moves are banned
|rule|Evasion Items Clause: Evasion items are banned
|rule|Evasion Moves Clause: Evasion moves are banned
|rule|Evasion Abilities Clause: Evasion abilities are banned
|rule|Sleep Moves Clause: Sleep-inducing moves are banned
|clearpoke
|poke|p1|Ting-Lu|
|poke|p1|Glimmora, M|
|poke|p1|Dragonite, M|
|poke|p1|Iron Moth|
|poke|p1|Zamazenta-*|
|poke|p1|Scizor, M|
|poke|p2|Quagsire, F|
|poke|p2|Qwilfish, F|
|poke|p2|Clodsire, M|
|poke|p2|Gardevoir, F|
|poke|p2|Noivern, F|
|poke|p2|Talonflame, M|
|teampreview
|inactive|Battle timer is ON: inactive players will automatically lose when time's up. (requested by ensyde)
|
|t:|1758332554
|teamsize|p1|6
|teamsize|p2|6
|start
|switch|p1a: litter|Glimmora, M, shiny|100/100
|switch|p2a: Noivern|Noivern, F|100/100
|-item|p1a: litter|Focus Sash|[from] ability: Frisk|[of] p2a: Noivern
|turn|1
|
|t:|1758332557
|move|p2a: Noivern|U-turn|p1a: litter
|-resisted|p1a: litter
|-damage|p1a: litter|94/100
|-activate|p1a: litter|ability: Toxic Debris
|-sidestart|p2: yanyee|move: Toxic Spikes
|
|t:|1758332559
|switch|p2a: Clodsire|Clodsire, M|100/100|[from] U-turn
|-sideend|p2: yanyee|move: Toxic Spikes|[of] p2a: Clodsire
|move|p1a: litter|Power Gem|p2a: Clodsire
|-resisted|p2a: Clodsire
|-damage|p2a: Clodsire|89/100
|
|upkeep
|turn|2
|c|☆ensyde|BOOM BOOM GO
|
|t:|1758332568
|move|p1a: litter|Earth Power|p2a: Clodsire
|-supereffective|p2a: Clodsire
|-damage|p2a: Clodsire|55/100
|move|p2a: Clodsire|Earthquake|p1a: litter
|-supereffective|p1a: litter
|-damage|p1a: litter|0 fnt
|-activate|p1a: litter|ability: Toxic Debris
|-sidestart|p2: yanyee|move: Toxic Spikes
|faint|p1a: litter
|
|upkeep
|
|t:|1758332573
|switch|p1a: silence|Ting-Lu|100/100
|-ability|p1a: silence|Vessel of Ruin
|turn|3
|
|t:|1758332582
|switch|p2a: Qwilfish|Qwilfish, F|100/100
|-sideend|p2: yanyee|move: Toxic Spikes|[of] p2a: Qwilfish
|-ability|p2a: Qwilfish|Intimidate|boost
|-unboost|p1a: silence|atk|1
|move|p1a: silence|Whirlwind|p2a: Qwilfish
|drag|p2a: Gardevoir|Gardevoir, F|100/100
|-ability|p2a: Gardevoir|Vessel of Ruin|Trace|[from] ability: Trace|[of] p1a: silence
|-ability|p2a: Gardevoir|Vessel of Ruin
|
|upkeep
|turn|4
|
|t:|1758332590
|move|p2a: Gardevoir|Moonblast|p1a: silence
|-supereffective|p1a: silence
|-damage|p1a: silence|34/100
|-unboost|p1a: silence|spa|1
|move|p1a: silence|Memento|p2a: Gardevoir
|-unboost|p2a: Gardevoir|atk|2
|-unboost|p2a: Gardevoir|spa|2
|faint|p1a: silence
|
|upkeep
|
|t:|1758332602
|switch|p1a: envy|Scizor, M, shiny|100/100
|turn|5
|
|t:|1758332608
|switch|p2a: Qwilfish|Qwilfish, F|100/100
|-ability|p2a: Qwilfish|Intimidate|boost
|-unboost|p1a: envy|atk|1
|move|p1a: envy|Swords Dance|p1a: envy
|-boost|p1a: envy|atk|2
|
|upkeep
|turn|6
|
|t:|1758332615
|move|p1a: envy|Swords Dance|p1a: envy
|-boost|p1a: envy|atk|2
|move|p2a: Qwilfish|Flip Turn|p1a: envy
|-damage|p1a: envy|82/100
|
|t:|1758332629
|switch|p2a: Quagsire|Quagsire, F|100/100|[from] Flip Turn
|
|-heal|p1a: envy|88/100|[from] item: Leftovers
|upkeep
|turn|7
|
|t:|1758332638
|move|p1a: envy|Bug Bite|p2a: Quagsire
|-damage|p2a: Quagsire|63/100
|move|p2a: Quagsire|Whirlpool|p1a: envy
|-damage|p1a: envy|78/100
|-activate|p1a: envy|move: Whirlpool|[of] p2a: Quagsire
|
|-heal|p1a: envy|84/100|[from] item: Leftovers
|-damage|p1a: envy|72/100|[from] move: Whirlpool|[partiallytrapped]
|upkeep
|turn|8
|
|t:|1758332643
|move|p1a: envy|Swords Dance|p1a: envy
|-boost|p1a: envy|atk|2
|move|p2a: Quagsire|Recover|p2a: Quagsire
|-heal|p2a: Quagsire|100/100
|
|-heal|p1a: envy|78/100|[from] item: Leftovers
|-damage|p1a: envy|65/100|[from] move: Whirlpool|[partiallytrapped]
|upkeep
|turn|9
|
|t:|1758332647
|move|p1a: envy|Swords Dance|p1a: envy
|-boost|p1a: envy|atk|1
|move|p2a: Quagsire|Earthquake|p1a: envy
|-damage|p1a: envy|37/100
|
|-heal|p1a: envy|43/100|[from] item: Leftovers
|-damage|p1a: envy|31/100|[from] move: Whirlpool|[partiallytrapped]
|upkeep
|turn|10
|
|t:|1758332654
|move|p1a: envy|Bug Bite|p2a: Quagsire
|-damage|p2a: Quagsire|68/100
|move|p2a: Quagsire|Earthquake|p1a: envy
|-damage|p1a: envy|2/100
|
|-heal|p1a: envy|8/100|[from] item: Leftovers
|-damage|p1a: envy|0 fnt|[from] move: Whirlpool|[partiallytrapped]
|faint|p1a: envy
|upkeep
|
|t:|1758332659
|switch|p1a: wrath|Iron Moth, shiny|100/100
|-enditem|p1a: wrath|Booster Energy
|-activate|p1a: wrath|ability: Quark Drive|[fromitem]
|-start|p1a: wrath|quarkdrivespe
|turn|11
|
|t:|1758332667
|switch|p2a: Clodsire|Clodsire, M|55/100
|move|p1a: wrath|Energy Ball|p2a: Clodsire
|-damage|p2a: Clodsire|39/100
|-enditem|p2a: Clodsire|Sitrus Berry|[eat]
|-heal|p2a: Clodsire|64/100|[from] item: Sitrus Berry
|
|upkeep
|turn|12
|
|t:|1758332675
|-terastallize|p1a: wrath|Grass
|move|p1a: wrath|Fiery Dance|p2a: Clodsire
|-damage|p2a: Clodsire|43/100
|-boost|p1a: wrath|spa|1
|move|p2a: Clodsire|Earthquake|p1a: wrath
|-resisted|p1a: wrath
|-damage|p1a: wrath|82/100
|
|upkeep
|turn|13
|
|t:|1758332682
|move|p1a: wrath|Energy Ball|p2a: Clodsire
|-damage|p2a: Clodsire|20/100
|move|p2a: Clodsire|Recover|p2a: Clodsire
|-heal|p2a: Clodsire|70/100
|
|upkeep
|turn|14
|
|t:|1758332686
|move|p1a: wrath|Fiery Dance|p2a: Clodsire
|-damage|p2a: Clodsire|49/100
|move|p2a: Clodsire|Toxic|p1a: wrath
|-status|p1a: wrath|tox
|
|-damage|p1a: wrath|76/100 tox|[from] psn
|upkeep
|turn|15
|-message|ensyde forfeited.
|
|win|yanyee
|raw|ensyde's rating: 1320 &rarr; <strong>1301</strong><br />(-19 for losing)
|raw|yanyee's rating: 1332 &rarr; <strong>1351</strong><br />(+19 for winning)
|l|☆ensyde
|player|p1|
|l|☆yanyee
|player|p2|
