|j|☆Dear umbra
|j|☆Litryes
|t:|1758298492
|gametype|singles
|player|p1|Dear umbra|giovanni|1082
|player|p2|Litryes|265|1131
|gen|9
|tier|[Gen 9] OU
|rated|
|rule|HP Percentage Mod: HP is shown in percentages
|rule|Endless Battle Clause: Forcing endless battles is banned
|rule|Species Clause: Limit one of each Pokémon
|rule|OHKO Clause: OHKO moves are banned
|rule|Evasion Items Clause: Evasion items are banned
|rule|Evasion Moves Clause: Evasion moves are banned
|rule|Evasion Abilities Clause: Evasion abilities are banned
|rule|Sleep Moves Clause: Sleep-inducing moves are banned
|clearpoke
|poke|p1|Ariados, F|
|poke|p1|Houndoom, F|
|poke|p1|Venomoth, F|
|poke|p1|Sneasel, M|
|poke|p1|Tyranitar, F|
|poke|p1|Umbreon, F|
|poke|p2|Malamar, F|
|poke|p2|Rillaboom, M|
|poke|p2|Primarina, M|
|poke|p2|Corviknight, F|
|poke|p2|Raging Bolt|
|poke|p2|Zamazenta-*|
|teampreview
|inactive|Battle timer is ON: inactive players will automatically lose when time's up. (requested by Litryes)
|c|☆Litryes|ooh cool team
|
|t:|1758298510
|teamsize|p1|6
|teamsize|p2|6
|start
|switch|p1a: Ariados|Ariados, F|100/100
|switch|p2a: we love Malamar|Primarina, M, shiny|100/100
|turn|1
|
|t:|1758298515
|move|p2a: we love Malamar|Flip Turn|p1a: Ariados
|-damage|p1a: Ariados|83/100
|
|t:|1758298518
|switch|p2a: We love malamar|Corviknight, F, shiny|100/100|[from] Flip Turn
|move|p1a: Ariados|Sticky Web|p2a: We love malamar
|-sidestart|p2: Litryes|move: Sticky Web
|
|upkeep
|turn|2
|
|t:|1758298525
|move|p2a: We love malamar|Brave Bird|p1a: Ariados
|-supereffective|p1a: Ariados
|-damage|p1a: Ariados|0 fnt
|faint|p1a: Ariados
|-damage|p2a: We love malamar|77/100|[from] Recoil
|
|upkeep
|
|t:|1758298531
|switch|p1a: Houndoom|Houndoom, F|100/100
|turn|3
|
|t:|1758298535
|switch|p2a: we love Malamar|Primarina, M, shiny|100/100
|-activate|p2a: we love Malamar|move: Sticky Web
|-unboost|p2a: we love Malamar|spe|1
|move|p1a: Houndoom|Nasty Plot|p1a: Houndoom
|-boost|p1a: Houndoom|spa|2
|
|upkeep
|turn|4
|
|t:|1758298541
|move|p1a: Houndoom|Sludge Bomb|p2a: we love Malamar
|-supereffective|p2a: we love Malamar
|-damage|p2a: we love Malamar|0 fnt
|faint|p2a: we love Malamar
|-damage|p1a: Houndoom|91/100|[from] item: Life Orb
|
|upkeep
|
|t:|1758298548
|switch|p2a: we love malamar|Raging Bolt|100/100
|-activate|p2a: we love malamar|move: Sticky Web
|-unboost|p2a: we love malamar|spe|1
|-enditem|p2a: we love malamar|Booster Energy
|-activate|p2a: we love malamar|ability: Protosynthesis|[fromitem]
|-start|p2a: we love malamar|protosynthesisspa
|turn|5
|
|t:|1758298557
|move|p2a: we love malamar|Thunderclap|p1a: Houndoom
|-damage|p1a: Houndoom|8/100
|move|p1a: Houndoom|Dark Pulse|p2a: we love malamar
|-damage|p2a: we love malamar|22/100
|-damage|p1a: Houndoom|0 fnt|[from] item: Life Orb
|faint|p1a: Houndoom
|
|upkeep
|
|t:|1758298567
|switch|p1a: Sneasel|Sneasel, M|100/100
|turn|6
|
|t:|1758298571
|-end|p2a: we love malamar|Protosynthesis|[silent]
|switch|p2a: We love malamar|Corviknight, F, shiny|77/100
|move|p1a: Sneasel|Swords Dance|p1a: Sneasel
|-boost|p1a: Sneasel|atk|2
|
|upkeep
|turn|7
|
|t:|1758298577
|move|p1a: Sneasel|Knock Off|p2a: We love malamar
|-damage|p2a: We love malamar|32/100
|-damage|p1a: Sneasel|84/100|[from] item: Rocky Helmet|[of] p2a: We love malamar
|-enditem|p2a: We love malamar|Rocky Helmet|[from] move: Knock Off|[of] p1a: Sneasel
|move|p2a: We love malamar|Defog|p1a: Sneasel
|-unboost|p1a: Sneasel|evasion|1
|-sideend|p2: Litryes|Sticky Web|[from] move: Defog|[of] p2a: We love malamar
|
|upkeep
|turn|8
|
|t:|1758298584
|move|p1a: Sneasel|Triple Axel|p2a: We love malamar
|-damage|p2a: We love malamar|23/100
|-damage|p2a: We love malamar|4/100
|-damage|p2a: We love malamar|0 fnt
|faint|p2a: We love malamar
|-hitcount|p2: We love malamar|3
|
|upkeep
|
|t:|1758298589
|switch|p2a: We Love malamar|Zamazenta, shiny|100/100
|-ability|p2a: We Love malamar|Dauntless Shield|boost
|-boost|p2a: We Love malamar|def|1
|turn|9
|
|t:|1758298596
|move|p2a: We Love malamar|Body Press|p1a: Sneasel
|-supereffective|p1a: Sneasel
|-damage|p1a: Sneasel|0 fnt
|faint|p1a: Sneasel
|
|upkeep
|
|t:|1758298599
|switch|p1a: Venomoth|Venomoth, F|100/100
|turn|10
|
|t:|1758298603
|-terastallize|p1a: Venomoth|Fairy
|move|p1a: Venomoth|Quiver Dance|p1a: Venomoth
|-boost|p1a: Venomoth|spa|1
|-boost|p1a: Venomoth|spd|1
|-boost|p1a: Venomoth|spe|1
|move|p2a: We Love malamar|Roar|p1a: Venomoth
|drag|p1a: Umbreon|Umbreon, F|100/100
|
|upkeep
|turn|11
|
|t:|1758298615
|move|p2a: We Love malamar|Iron Defense|p2a: We Love malamar
|-boost|p2a: We Love malamar|def|2
|move|p1a: Umbreon|Curse|p1a: Umbreon
|-unboost|p1a: Umbreon|spe|1
|-boost|p1a: Umbreon|atk|1
|-boost|p1a: Umbreon|def|1
|
|upkeep
|turn|12
|
|t:|1758298623
|move|p2a: We Love malamar|Body Press|p1a: Umbreon
|-supereffective|p1a: Umbreon
|-damage|p1a: Umbreon|13/100
|move|p1a: Umbreon|Curse|p1a: Umbreon
|-unboost|p1a: Umbreon|spe|1
|-boost|p1a: Umbreon|atk|1
|-boost|p1a: Umbreon|def|1
|
|-heal|p1a: Umbreon|19/100|[from] item: Leftovers
|upkeep
|turn|13
|
|t:|1758298626
|move|p2a: We Love malamar|Body Press|p1a: Umbreon
|-supereffective|p1a: Umbreon
|-damage|p1a: Umbreon|0 fnt
|faint|p1a: Umbreon
|
|upkeep
|
|t:|1758298628
|switch|p1a: Venomoth|Venomoth, F, tera:Fairy|100/100
|turn|14
|
|t:|1758298634
|move|p1a: Venomoth|Sludge Bomb|p2a: We Love malamar
|-damage|p2a: We Love malamar|74/100
|-status|p2a: We Love malamar|psn
|move|p2a: We Love malamar|Roar|p1a: Venomoth
|drag|p1a: Tyranitar|Tyranitar, F|100/100
|-ability|p1a: Tyranitar|Unnerve
|
|-heal|p2a: We Love malamar|80/100 psn|[from] item: Leftovers
|-damage|p2a: We Love malamar|68/100 psn|[from] psn
|upkeep
|turn|15
|
|t:|1758298643
|switch|p1a: Venomoth|Venomoth, F, tera:Fairy|100/100
|move|p2a: We Love malamar|Iron Defense|p2a: We Love malamar
|-boost|p2a: We Love malamar|def|2
|
|-heal|p2a: We Love malamar|74/100 psn|[from] item: Leftovers
|-damage|p2a: We Love malamar|62/100 psn|[from] psn
|upkeep
|turn|16
|
|t:|1758298649
|move|p2a: We Love malamar|Body Press|p1a: Venomoth
|-resisted|p1a: Venomoth
|-damage|p1a: Venomoth|24/100
|move|p1a: Venomoth|Quiver Dance|p1a: Venomoth
|-boost|p1a: Venomoth|spa|1
|-boost|p1a: Venomoth|spd|1
|-boost|p1a: Venomoth|spe|1
|
|-heal|p2a: We Love malamar|68/100 psn|[from] item: Leftovers
|-damage|p2a: We Love malamar|56/100 psn|[from] psn
|upkeep
|turn|17
|
|t:|1758298657
|move|p1a: Venomoth|Sludge Bomb|p2a: We Love malamar
|-damage|p2a: We Love malamar|17/100 psn
|move|p2a: We Love malamar|Body Press|p1a: Venomoth
|-resisted|p1a: Venomoth
|-damage|p1a: Venomoth|0 fnt
|faint|p1a: Venomoth
|
|-heal|p2a: We Love malamar|23/100 psn|[from] item: Leftovers
|-damage|p2a: We Love malamar|11/100 psn|[from] psn
|upkeep
|
|t:|1758298662
|switch|p1a: Tyranitar|Tyranitar, F|100/100
|-ability|p1a: Tyranitar|Unnerve
|turn|18
|c|☆Litryes|ggs
|
|t:|1758298667
|move|p2a: We Love malamar|Body Press|p1a: Tyranitar
|-supereffective|p1a: Tyranitar
|-damage|p1a: Tyranitar|0 fnt
|faint|p1a: Tyranitar
|
|win|Litryes
|raw|Dear umbra's rating: 1082 &rarr; <strong>1063</strong><br />(-19 for losing)
|raw|Litryes's rating: 1131 &rarr; <strong>1152</strong><br />(+21 for winning)
|c|☆Dear umbra|gg
|l|☆Dear umbra
|player|p1|
|l|☆Litryes
|player|p2|
