|j|☆rosie54
|j|☆tom0860
|t:|1758319426
|gametype|singles
|player|p1|rosie54|lady-gen4|1165
|player|p2|tom0860|102|1215
|gen|9
|tier|[Gen 9] OU
|rated|
|rule|HP Percentage Mod: HP is shown in percentages
|rule|Endless Battle Clause: Forcing endless battles is banned
|rule|Species Clause: Limit one of each Pokémon
|rule|OHKO Clause: OHKO moves are banned
|rule|Evasion Items Clause: Evasion items are banned
|rule|Evasion Moves Clause: Evasion moves are banned
|rule|Evasion Abilities Clause: Evasion abilities are banned
|rule|Sleep Moves Clause: Sleep-inducing moves are banned
|clearpoke
|poke|p1|Jirachi|
|poke|p1|Gardevoir, F|
|poke|p1|Persian, F|
|poke|p1|Mew|
|poke|p1|Cloyster, F|
|poke|p1|Clefable, F|
|poke|p2|Dragonite, F|
|poke|p2|Great Tusk|
|poke|p2|Ogerpon-Wellspring, F|
|poke|p2|Slowking-Galar, F|
|poke|p2|Zamazenta-*|
|poke|p2|Raging Bolt|
|teampreview
|
|t:|1758319444
|teamsize|p1|6
|teamsize|p2|6
|start
|switch|p1a: Persian|Persian, F|100/100
|switch|p2a: Raging Bolt|Raging Bolt|100/100
|turn|1
|
|t:|1758319453
|move|p1a: Persian|Icy Wind|p2a: Raging Bolt
|-supereffective|p2a: Raging Bolt
|-damage|p2a: Raging Bolt|64/100
|-unboost|p2a: Raging Bolt|spe|1
|move|p2a: Raging Bolt|Volt Switch|p1a: Persian
|-enditem|p1a: Persian|Focus Sash
|-damage|p1a: Persian|1/100
|
|t:|1758319468
|-end|p2a: Raging Bolt|Protosynthesis|[silent]
|switch|p2a: Zamazenta|Zamazenta|100/100|[from] Volt Switch
|-ability|p2a: Zamazenta|Dauntless Shield|boost
|-boost|p2a: Zamazenta|def|1
|
|upkeep
|turn|2
|
|t:|1758319476
|switch|p1a: Clefable|Clefable, F|100/100
|move|p2a: Zamazenta|Crunch|p1a: Clefable
|-resisted|p1a: Clefable
|-damage|p1a: Clefable|89/100
|
|-heal|p1a: Clefable|95/100|[from] item: Leftovers
|upkeep
|turn|3
|
|t:|1758319486
|switch|p2a: Slowking|Slowking-Galar, F|100/100
|move|p1a: Clefable|Moonblast|p2a: Slowking
|-resisted|p2a: Slowking
|-damage|p2a: Slowking|93/100
|
|-heal|p1a: Clefable|100/100|[from] item: Leftovers
|upkeep
|turn|4
|
|t:|1758319496
|switch|p1a: Jirachi|Jirachi|100/100
|move|p2a: Slowking|Sludge Bomb|p1a: Jirachi
|-immune|p1a: Jirachi
|
|upkeep
|turn|5
|
|t:|1758319504
|move|p1a: Jirachi|Body Slam|p2a: Slowking
|-damage|p2a: Slowking|68/100
|-status|p2a: Slowking|par
|move|p2a: Slowking|Flamethrower|p1a: Jirachi
|-supereffective|p1a: Jirachi
|-damage|p1a: Jirachi|44/100
|
|-heal|p1a: Jirachi|50/100|[from] item: Leftovers
|upkeep
|turn|6
|
|t:|1758319515
|move|p1a: Jirachi|Zen Headbutt|p2a: Slowking
|-damage|p2a: Slowking|31/100 par
|move|p2a: Slowking|Flamethrower|p1a: Jirachi
|-supereffective|p1a: Jirachi
|-damage|p1a: Jirachi|0 fnt
|faint|p1a: Jirachi
|
|upkeep
|
|t:|1758319530
|switch|p1a: Mew|Mew|100/100
|turn|7
|
|t:|1758319539
|switch|p2a: Raging Bolt|Raging Bolt|64/100
|move|p1a: Mew|Nasty Plot|p1a: Mew
|-boost|p1a: Mew|spa|2
|
|upkeep
|turn|8
|
|t:|1758319546
|move|p2a: Raging Bolt|Thunderclap|p1a: Mew
|-damage|p1a: Mew|36/100
|move|p1a: Mew|Ice Beam|p2a: Raging Bolt
|-supereffective|p2a: Raging Bolt
|-damage|p2a: Raging Bolt|0 fnt
|faint|p2a: Raging Bolt
|-end|p2a: Raging Bolt|Protosynthesis|[silent]
|
|-heal|p1a: Mew|42/100|[from] item: Leftovers
|upkeep
|
|t:|1758319552
|switch|p2a: Dragonite|Dragonite, F|100/100
|turn|9
|
|t:|1758319596
|-terastallize|p2a: Dragonite|Normal
|move|p2a: Dragonite|Extreme Speed|p1a: Mew
|-damage|p1a: Mew|0 fnt
|faint|p1a: Mew
|
|upkeep
|
|t:|1758319603
|switch|p1a: Cloyster|Cloyster, F|100/100
|turn|10
|
|t:|1758319615
|switch|p2a: Zamazenta|Zamazenta|100/100
|move|p1a: Cloyster|Icicle Spear|p2a: Zamazenta
|-damage|p2a: Zamazenta|85/100
|-damage|p2a: Zamazenta|69/100
|-damage|p2a: Zamazenta|53/100
|-damage|p2a: Zamazenta|37/100
|-damage|p2a: Zamazenta|21/100
|-hitcount|p2a: Zamazenta|5
|
|upkeep
|turn|11
|
|t:|1758319628
|-terastallize|p1a: Cloyster|Ground
|move|p2a: Zamazenta|Close Combat|p1a: Cloyster
|-damage|p1a: Cloyster|61/100
|-unboost|p2a: Zamazenta|def|1
|-unboost|p2a: Zamazenta|spd|1
|move|p1a: Cloyster|Icicle Spear|p2a: Zamazenta
|-damage|p2a: Zamazenta|0 fnt
|faint|p2a: Zamazenta
|-hitcount|p2: Zamazenta|1
|
|upkeep
|
|t:|1758319633
|switch|p2a: Ogerpon|Ogerpon-Wellspring, F|100/100
|turn|12
|
|t:|1758319641
|move|p2a: Ogerpon|Ivy Cudgel|p1a: Cloyster|[anim] Ivy Cudgel Water
|-supereffective|p1a: Cloyster
|-damage|p1a: Cloyster|0 fnt
|faint|p1a: Cloyster
|
|upkeep
|
|t:|1758319651
|switch|p1a: Persian|Persian, F|1/100
|turn|13
|
|t:|1758319656
|switch|p2a: Slowking|Slowking-Galar, F|65/100 par
|move|p1a: Persian|Tera Blast|p2a: Slowking
|-damage|p2a: Slowking|53/100 par
|
|upkeep
|turn|14
|
|t:|1758319665
|switch|p1a: Gardevoir|Gardevoir, F|100/100
|-ability|p1a: Gardevoir|Regenerator|Trace|[from] ability: Trace|[of] p2a: Slowking
|move|p2a: Slowking|Sludge Bomb|p1a: Gardevoir
|-supereffective|p1a: Gardevoir
|-damage|p1a: Gardevoir|3/100
|
|upkeep
|turn|15
|
|t:|1758319674
|move|p1a: Gardevoir|Psychic|p2a: Slowking
|-damage|p2a: Slowking|29/100 par
|move|p2a: Slowking|Sludge Bomb|p1a: Gardevoir
|-supereffective|p1a: Gardevoir
|-damage|p1a: Gardevoir|0 fnt
|faint|p1a: Gardevoir
|
|upkeep
|
|t:|1758319683
|switch|p1a: Clefable|Clefable, F|100/100
|turn|16
|
|t:|1758319691
|switch|p2a: Great Tusk|Great Tusk|100/100
|move|p1a: Clefable|Cosmic Power|p1a: Clefable
|-boost|p1a: Clefable|def|1
|-boost|p1a: Clefable|spd|1
|
|upkeep
|turn|17
|
|t:|1758319702
|move|p2a: Great Tusk|Headlong Rush|p1a: Clefable
|-damage|p1a: Clefable|67/100
|-unboost|p2a: Great Tusk|def|1
|-unboost|p2a: Great Tusk|spd|1
|move|p1a: Clefable|Wish|p1a: Clefable
|
|-heal|p1a: Clefable|73/100|[from] item: Leftovers
|upkeep
|turn|18
|
|t:|1758319712
|move|p2a: Great Tusk|Headlong Rush|p1a: Clefable
|-damage|p1a: Clefable|39/100
|-unboost|p2a: Great Tusk|def|1
|-unboost|p2a: Great Tusk|spd|1
|move|p1a: Clefable|Cosmic Power|p1a: Clefable
|-boost|p1a: Clefable|def|1
|-boost|p1a: Clefable|spd|1
|
|-heal|p1a: Clefable|89/100|[from] move: Wish|[wisher] Clefable
|-heal|p1a: Clefable|95/100|[from] item: Leftovers
|upkeep
|turn|19
|
|t:|1758319724
|-end|p2a: Great Tusk|Protosynthesis|[silent]
|switch|p2a: Slowking|Slowking-Galar, F|63/100 par
|move|p1a: Clefable|Wish|p1a: Clefable
|
|-heal|p1a: Clefable|100/100|[from] item: Leftovers
|upkeep
|turn|20
|
|t:|1758319731
|move|p1a: Clefable|Cosmic Power|p1a: Clefable
|-boost|p1a: Clefable|def|1
|-boost|p1a: Clefable|spd|1
|cant|p2a: Slowking|par
|
|upkeep
|turn|21
|
|t:|1758319738
|move|p1a: Clefable|Cosmic Power|p1a: Clefable
|-boost|p1a: Clefable|def|1
|-boost|p1a: Clefable|spd|1
|move|p2a: Slowking|Sludge Bomb|p1a: Clefable
|-supereffective|p1a: Clefable
|-damage|p1a: Clefable|74/100
|
|-heal|p1a: Clefable|80/100|[from] item: Leftovers
|upkeep
|turn|22
|
|t:|1758319747
|move|p1a: Clefable|Wish|p1a: Clefable
|move|p2a: Slowking|Sludge Bomb|p1a: Clefable
|-supereffective|p1a: Clefable
|-crit|p1a: Clefable
|-damage|p1a: Clefable|0 fnt
|faint|p1a: Clefable
|
|upkeep
|-message|rosie54 forfeited.
|
|win|tom0860
|raw|rosie54's rating: 1165 &rarr; <strong>1144</strong><br />(-21 for losing)
|raw|tom0860's rating: 1215 &rarr; <strong>1236</strong><br />(+21 for winning)
|l|☆rosie54
|player|p1|
|l|☆tom0860
|player|p2|
