|j|☆MilitantWizard
|j|☆math76
|t:|1758270340
|gametype|singles
|player|p1|MilitantWizard|lucas|1471
|player|p2|math76|ghetsis|1522
|gen|9
|tier|[Gen 9] OU
|rated|
|rule|HP Percentage Mod: HP is shown in percentages
|rule|Endless Battle Clause: Forcing endless battles is banned
|rule|Species Clause: Limit one of each Pokémon
|rule|OHKO Clause: OHKO moves are banned
|rule|Evasion Items Clause: Evasion items are banned
|rule|Evasion Moves Clause: Evasion moves are banned
|rule|Evasion Abilities Clause: Evasion abilities are banned
|rule|Sleep Moves Clause: Sleep-inducing moves are banned
|clearpoke
|poke|p1|Great Tusk|
|poke|p1|Deoxys-Speed|
|poke|p1|Weezing-Galar, F|
|poke|p1|Lokix, F|
|poke|p1|Ceruledge, F|
|poke|p1|Corviknight, F|
|poke|p2|Kommo-o, M|
|poke|p2|Ninetales-Alola, F|
|poke|p2|Samurott-Hisui, M|
|poke|p2|Ogerpon-Wellspring, F|
|poke|p2|Iron Treads|
|poke|p2|Iron Valiant|
|teampreview
|inactive|Battle timer is ON: inactive players will automatically lose when time's up. (requested by MilitantWizard)
|
|t:|1758270355
|teamsize|p1|6
|teamsize|p2|6
|start
|switch|p1a: Great Tusk|Great Tusk|100/100
|switch|p2a: Ninetales|Ninetales-Alola, F|100/100
|-weather|Snowscape|[from] ability: Snow Warning|[of] p2a: Ninetales
|turn|1
|
|t:|1758270375
|-end|p1a: Great Tusk|Protosynthesis|[silent]
|switch|p1a: Ceruledge|Ceruledge, F|100/100
|move|p2a: Ninetales|Aurora Veil|p2a: Ninetales
|-sidestart|p2: math76|move: Aurora Veil
|
|-weather|Snowscape|[upkeep]
|upkeep
|turn|2
|
|t:|1758270385
|switch|p2a: Samurott|Samurott-Hisui, M, shiny|100/100
|move|p1a: Ceruledge|Swords Dance|p1a: Ceruledge
|-boost|p1a: Ceruledge|atk|2
|
|-weather|Snowscape|[upkeep]
|upkeep
|turn|3
|inactive|math76 has 120 seconds left.
|
|t:|1758270424
|move|p2a: Samurott|Ceaseless Edge|p1a: Ceruledge
|-supereffective|p1a: Ceruledge
|-enditem|p1a: Ceruledge|Focus Sash
|-damage|p1a: Ceruledge|1/100
|-ability|p1a: Ceruledge|Weak Armor|boost
|-unboost|p1a: Ceruledge|def|1
|-boost|p1a: Ceruledge|spe|2
|-sidestart|p1: MilitantWizard|Spikes
|move|p1a: Ceruledge|Close Combat|p2a: Samurott
|-supereffective|p2a: Samurott
|-damage|p2a: Samurott|0 fnt
|-unboost|p1a: Ceruledge|def|1
|-unboost|p1a: Ceruledge|spd|1
|faint|p2a: Samurott
|
|-weather|Snowscape|[upkeep]
|upkeep
|inactive|math76 has 90 seconds left.
|
|t:|1758270462
|switch|p2a: Ogerpon|Ogerpon-Wellspring, F|100/100
|turn|4
|inactive|math76 has 90 seconds left.
|
|t:|1758270471
|move|p1a: Ceruledge|Poltergeist|p2a: Ogerpon
|-activate|p2a: Ogerpon|move: Poltergeist|Wellspring Mask
|-damage|p2a: Ogerpon|27/100
|move|p2a: Ogerpon|Ivy Cudgel|p1a: Ceruledge|[anim] Ivy Cudgel Water
|-supereffective|p1a: Ceruledge
|-crit|p1a: Ceruledge
|-damage|p1a: Ceruledge|0 fnt
|faint|p1a: Ceruledge
|
|-weather|Snowscape|[upkeep]
|upkeep
|
|t:|1758270481
|switch|p1a: Corviknight|Corviknight, F|100/100
|-ability|p1a: Corviknight|Pressure
|turn|5
|
|t:|1758270491
|move|p2a: Ogerpon|Swords Dance|p2a: Ogerpon
|-boost|p2a: Ogerpon|atk|2
|move|p1a: Corviknight|Iron Defense|p1a: Corviknight
|-boost|p1a: Corviknight|def|2
|
|-weather|none
|upkeep
|turn|6
|
|t:|1758270497
|move|p2a: Ogerpon|Ivy Cudgel|p1a: Corviknight|[anim] Ivy Cudgel Water
|-damage|p1a: Corviknight|54/100
|move|p1a: Corviknight|Iron Defense|p1a: Corviknight
|-boost|p1a: Corviknight|def|2
|
|-heal|p1a: Corviknight|61/100|[from] item: Leftovers
|upkeep
|turn|7
|inactive|MilitantWizard has 120 seconds left.
|
|t:|1758270531
|move|p2a: Ogerpon|Swords Dance|p2a: Ogerpon
|-boost|p2a: Ogerpon|atk|2
|move|p1a: Corviknight|Body Press|p2a: Ogerpon
|-damage|p2a: Ogerpon|0 fnt
|faint|p2a: Ogerpon
|
|-heal|p1a: Corviknight|67/100|[from] item: Leftovers
|upkeep
|
|t:|1758270538
|switch|p2a: Kommo-o|Kommo-o, M|100/100
|turn|8
|
|t:|1758270548
|-terastallize|p2a: Kommo-o|Ghost
|move|p2a: Kommo-o|Substitute|p2a: Kommo-o
|-start|p2a: Kommo-o|Substitute
|-damage|p2a: Kommo-o|76/100
|move|p1a: Corviknight|Iron Defense|p1a: Corviknight
|-boost|p1a: Corviknight|def|2
|
|-heal|p2a: Kommo-o|82/100|[from] item: Leftovers
|-heal|p1a: Corviknight|73/100|[from] item: Leftovers
|-sideend|p2: math76|move: Aurora Veil
|upkeep
|turn|9
|
|t:|1758270557
|move|p2a: Kommo-o|Clangorous Soul|p2a: Kommo-o
|-boost|p2a: Kommo-o|atk|1
|-boost|p2a: Kommo-o|def|1
|-boost|p2a: Kommo-o|spa|1
|-boost|p2a: Kommo-o|spd|1
|-boost|p2a: Kommo-o|spe|1
|-damage|p2a: Kommo-o|49/100
|move|p1a: Corviknight|Power Trip|p2a: Kommo-o
|-supereffective|p2a: Kommo-o
|-end|p2a: Kommo-o|Substitute
|
|-heal|p2a: Kommo-o|55/100|[from] item: Leftovers
|-heal|p1a: Corviknight|79/100|[from] item: Leftovers
|upkeep
|turn|10
|
|t:|1758270573
|move|p2a: Kommo-o|Drain Punch|p1a: Corviknight
|-damage|p1a: Corviknight|68/100
|-heal|p2a: Kommo-o|62/100|[from] drain|[of] p1a: Corviknight
|move|p1a: Corviknight|Power Trip|p2a: Kommo-o
|-supereffective|p2a: Kommo-o
|-damage|p2a: Kommo-o|32/100
|
|-heal|p2a: Kommo-o|38/100|[from] item: Leftovers
|-heal|p1a: Corviknight|74/100|[from] item: Leftovers
|upkeep
|turn|11
|
|t:|1758270585
|move|p2a: Kommo-o|Drain Punch|p1a: Corviknight
|-damage|p1a: Corviknight|63/100
|-heal|p2a: Kommo-o|45/100|[from] drain|[of] p1a: Corviknight
|move|p1a: Corviknight|Hone Claws|p1a: Corviknight
|-boost|p1a: Corviknight|atk|1
|-boost|p1a: Corviknight|accuracy|1
|
|-heal|p2a: Kommo-o|51/100|[from] item: Leftovers
|-heal|p1a: Corviknight|69/100|[from] item: Leftovers
|upkeep
|turn|12
|
|t:|1758270598
|switch|p2a: Iron Valiant|Iron Valiant|100/100
|-enditem|p2a: Iron Valiant|Booster Energy
|-activate|p2a: Iron Valiant|ability: Quark Drive|[fromitem]
|-start|p2a: Iron Valiant|quarkdrivespe
|move|p1a: Corviknight|Hone Claws|p1a: Corviknight
|-boost|p1a: Corviknight|atk|1
|-boost|p1a: Corviknight|accuracy|1
|
|-heal|p1a: Corviknight|76/100|[from] item: Leftovers
|upkeep
|turn|13
|
|t:|1758270608
|move|p2a: Iron Valiant|Destiny Bond|p2a: Iron Valiant
|-singlemove|p2a: Iron Valiant|Destiny Bond
|move|p1a: Corviknight|Body Press|p2a: Iron Valiant
|-resisted|p2a: Iron Valiant
|-damage|p2a: Iron Valiant|49/100
|
|-heal|p1a: Corviknight|82/100|[from] item: Leftovers
|upkeep
|turn|14
|
|t:|1758270619
|move|p2a: Iron Valiant|Moonblast|p1a: Corviknight
|-resisted|p1a: Corviknight
|-damage|p1a: Corviknight|65/100
|move|p1a: Corviknight|Body Press|p2a: Iron Valiant
|-resisted|p2a: Iron Valiant
|-damage|p2a: Iron Valiant|3/100
|
|-heal|p1a: Corviknight|71/100|[from] item: Leftovers
|upkeep
|turn|15
|
|t:|1758270628
|move|p2a: Iron Valiant|Knock Off|p1a: Corviknight
|-crit|p1a: Corviknight
|-damage|p1a: Corviknight|38/100
|-enditem|p1a: Corviknight|Leftovers|[from] move: Knock Off|[of] p2a: Iron Valiant
|move|p1a: Corviknight|Hone Claws|p1a: Corviknight
|-boost|p1a: Corviknight|atk|1
|-boost|p1a: Corviknight|accuracy|1
|
|upkeep
|turn|16
|
|t:|1758270635
|move|p2a: Iron Valiant|Destiny Bond|p2a: Iron Valiant
|-singlemove|p2a: Iron Valiant|Destiny Bond
|move|p1a: Corviknight|Power Trip|p2a: Iron Valiant
|-resisted|p2a: Iron Valiant
|-damage|p2a: Iron Valiant|0 fnt
|faint|p2a: Iron Valiant
|-activate|p2a: Iron Valiant|move: Destiny Bond
|-end|p2a: Iron Valiant|Quark Drive|[silent]
|faint|p1a: Corviknight
|
|upkeep
|
|t:|1758270645
|switch|p2a: Ninetales|Ninetales-Alola, F|100/100
|switch|p1a: Lokix|Lokix, F|100/100
|-weather|Snowscape|[from] ability: Snow Warning|[of] p2a: Ninetales
|-damage|p1a: Lokix|88/100|[from] Spikes
|turn|17
|
|t:|1758270659
|-terastallize|p1a: Lokix|Bug
|move|p1a: Lokix|First Impression|p2a: Ninetales
|-resisted|p2a: Ninetales
|-damage|p2a: Ninetales|24/100
|move|p2a: Ninetales|Aurora Veil|p2a: Ninetales
|-sidestart|p2: math76|move: Aurora Veil
|
|-weather|Snowscape|[upkeep]
|upkeep
|turn|18
|
|t:|1758270670
|switch|p1a: Weezing|Weezing-Galar, F|100/100
|-ability|p1a: Weezing|Neutralizing Gas
|-damage|p1a: Weezing|88/100|[from] Spikes
|move|p2a: Ninetales|Moonblast|p1a: Weezing
|-resisted|p1a: Weezing
|-damage|p1a: Weezing|71/100
|-unboost|p1a: Weezing|spa|1
|
|-weather|Snowscape|[upkeep]
|-heal|p1a: Weezing|77/100|[from] item: Leftovers
|upkeep
|turn|19
|inactive|math76 has 120 seconds left.
|
|t:|1758270680
|move|p2a: Ninetales|Blizzard|p1a: Weezing
|-damage|p1a: Weezing|35/100
|move|p1a: Weezing|Defog|p2a: Ninetales
|-unboost|p2a: Ninetales|evasion|1
|-sideend|p2: math76|move: Aurora Veil
|-sideend|p1: MilitantWizard|Spikes|[from] move: Defog|[of] p1a: Weezing
|
|-weather|Snowscape|[upkeep]
|-heal|p1a: Weezing|41/100|[from] item: Leftovers
|upkeep
|turn|20
|
|t:|1758270694
|move|p2a: Ninetales|Aurora Veil|p2a: Ninetales
|-sidestart|p2: math76|move: Aurora Veil
|move|p1a: Weezing|Strange Steam|p2a: Ninetales
|-damage|p2a: Ninetales|12/100
|
|-weather|Snowscape|[upkeep]
|-heal|p1a: Weezing|47/100|[from] item: Leftovers
|upkeep
|turn|21
|
|t:|1758270701
|move|p2a: Ninetales|Blizzard|p1a: Weezing
|-damage|p1a: Weezing|6/100
|move|p1a: Weezing|Defog|p2a: Ninetales
|-unboost|p2a: Ninetales|evasion|1
|-sideend|p2: math76|move: Aurora Veil
|
|-weather|none
|-heal|p1a: Weezing|12/100|[from] item: Leftovers
|upkeep
|turn|22
|
|t:|1758270709
|move|p2a: Ninetales|Encore|p1a: Weezing
|-start|p1a: Weezing|Encore
|move|p1a: Weezing|Defog|p2a: Ninetales
|-unboost|p2a: Ninetales|evasion|1
|
|-heal|p1a: Weezing|18/100|[from] item: Leftovers
|upkeep
|turn|23
|
|t:|1758270717
|switch|p2a: Kommo-o|Kommo-o, M, tera:Ghost|51/100
|-end|p1a: Weezing|ability: Neutralizing Gas
|switch|p1a: Lokix|Lokix, F, tera:Bug|88/100
|
|-heal|p2a: Kommo-o|57/100|[from] item: Leftovers
|upkeep
|turn|24
|
|t:|1758270726
|move|p1a: Lokix|Knock Off|p2a: Kommo-o
|-supereffective|p2a: Kommo-o
|-crit|p2a: Kommo-o
|-damage|p2a: Kommo-o|0 fnt
|-enditem|p2a: Kommo-o|Leftovers|[from] move: Knock Off|[of] p1a: Lokix
|faint|p2a: Kommo-o
|
|upkeep
|
|t:|1758270730
|switch|p2a: Iron Treads|Iron Treads|100/100
|-enditem|p2a: Iron Treads|Booster Energy
|-activate|p2a: Iron Treads|ability: Quark Drive|[fromitem]
|-start|p2a: Iron Treads|quarkdrivespe
|turn|25
|
|t:|1758270736
|move|p2a: Iron Treads|Knock Off|p1a: Lokix
|-damage|p1a: Lokix|40/100
|-enditem|p1a: Lokix|Choice Band|[from] move: Knock Off|[of] p2a: Iron Treads
|move|p1a: Lokix|Knock Off|p2a: Iron Treads
|-damage|p2a: Iron Treads|75/100
|
|upkeep
|turn|26
|
|t:|1758270744
|switch|p1a: Great Tusk|Great Tusk|100/100
|move|p2a: Iron Treads|Iron Head|p1a: Great Tusk
|-damage|p1a: Great Tusk|71/100
|
|upkeep
|turn|27
|
|t:|1758270753
|move|p2a: Iron Treads|Iron Head|p1a: Great Tusk
|-damage|p1a: Great Tusk|41/100
|move|p1a: Great Tusk|Headlong Rush|p2a: Iron Treads
|-supereffective|p2a: Iron Treads
|-damage|p2a: Iron Treads|0 fnt
|-unboost|p1a: Great Tusk|def|1
|-unboost|p1a: Great Tusk|spd|1
|faint|p2a: Iron Treads
|-end|p2a: Iron Treads|Quark Drive|[silent]
|
|upkeep
|-message|math76 forfeited.
|
|win|MilitantWizard
|raw|MilitantWizard's rating: 1471 &rarr; <strong>1494</strong><br />(+23 for winning)
|raw|math76's rating: 1522 &rarr; <strong>1499</strong><br />(-23 for losing)
|l|☆math76
|player|p2|
|l|☆MilitantWizard
|player|p1|
