|j|☆Johnny tots
|j|☆kshuaib734
|t:|1758321621
|gametype|singles
|player|p1|Johnny tots|2|1691
|player|p2|kshuaib734|steven|1689
|gen|9
|tier|[Gen 9] OU
|rated|
|rule|HP Percentage Mod: HP is shown in percentages
|rule|Endless Battle Clause: Forcing endless battles is banned
|rule|Species Clause: Limit one of each Pokémon
|rule|OHKO Clause: OHKO moves are banned
|rule|Evasion Items Clause: Evasion items are banned
|rule|Evasion Moves Clause: Evasion moves are banned
|rule|Evasion Abilities Clause: Evasion abilities are banned
|rule|Sleep Moves Clause: Sleep-inducing moves are banned
|clearpoke
|poke|p1|Rillaboom, F|
|poke|p1|Klefki, F|
|poke|p1|Manaphy|
|poke|p1|Ogerpon-Wellspring, F|
|poke|p1|Pecharunt|
|poke|p1|Clefable, M|
|poke|p2|Tyranitar, F|
|poke|p2|Overqwil, F|
|poke|p2|Pelipper, M|
|poke|p2|Quaquaval, F|
|poke|p2|Kingdra, F|
|poke|p2|Excadrill, F|
|teampreview
|inactive|Battle timer is ON: inactive players will automatically lose when time's up. (requested by kshuaib734)
|inactive|Johnny tots has 120 seconds left.
|j| Nikator98
|l| Nikator98
|inactive|Johnny tots has 90 seconds left.
|
|t:|1758321690
|teamsize|p1|6
|teamsize|p2|6
|start
|switch|p1a: Klefki|Klefki, F|100/100
|switch|p2a: Tyrant's Downpour|Pelipper, M|100/100
|-weather|RainDance|[from] ability: Drizzle|[of] p2a: Tyrant's Downpour
|turn|1
|
|t:|1758321696
|move|p1a: Klefki|Light Screen|p1a: Klefki
|-sidestart|p1: Johnny tots|move: Light Screen
|move|p2a: Tyrant's Downpour|Knock Off|p1a: Klefki
|-resisted|p1a: Klefki
|-damage|p1a: Klefki|95/100
|-enditem|p1a: Klefki|Light Clay|[from] move: Knock Off|[of] p2a: Tyrant's Downpour
|
|-weather|RainDance|[upkeep]
|upkeep
|turn|2
|
|t:|1758321704
|move|p1a: Klefki|Reflect|p1a: Klefki
|-sidestart|p1: Johnny tots|Reflect
|move|p2a: Tyrant's Downpour|Weather Ball|p1a: Klefki
|-damage|p1a: Klefki|67/100
|
|-weather|RainDance|[upkeep]
|upkeep
|turn|3
|
|t:|1758321710
|move|p1a: Klefki|Spikes|p2a: Tyrant's Downpour
|-sidestart|p2: kshuaib734|Spikes
|move|p2a: Tyrant's Downpour|U-turn|p1a: Klefki
|-resisted|p1a: Klefki
|-damage|p1a: Klefki|66/100
|
|t:|1758321714
|switch|p2a: Tyrant's Legacy|Excadrill, F|100/100|[from] U-turn
|-damage|p2a: Tyrant's Legacy|88/100|[from] Spikes
|
|-weather|RainDance|[upkeep]
|upkeep
|turn|4
|
|t:|1758321720
|switch|p1a: Pecharunt|Pecharunt|100/100
|move|p2a: Tyrant's Legacy|Rapid Spin|p1a: Pecharunt
|-immune|p1a: Pecharunt
|
|-weather|RainDance|[upkeep]
|upkeep
|turn|5
|
|t:|1758321731
|move|p2a: Tyrant's Legacy|Earthquake|p1a: Pecharunt
|-supereffective|p1a: Pecharunt
|-damage|p1a: Pecharunt|56/100
|-damage|p2a: Tyrant's Legacy|78/100|[from] item: Life Orb
|move|p1a: Pecharunt|Nasty Plot|p1a: Pecharunt
|-boost|p1a: Pecharunt|spa|2
|
|-weather|RainDance|[upkeep]
|-heal|p1a: Pecharunt|62/100|[from] item: Leftovers
|upkeep
|turn|6
|
|t:|1758321740
|move|p2a: Tyrant's Legacy|Earthquake|p1a: Pecharunt
|-supereffective|p1a: Pecharunt
|-damage|p1a: Pecharunt|20/100
|-damage|p2a: Tyrant's Legacy|68/100|[from] item: Life Orb
|move|p1a: Pecharunt|Hex|p2a: Tyrant's Legacy
|-damage|p2a: Tyrant's Legacy|0 fnt
|faint|p2a: Tyrant's Legacy
|
|-weather|RainDance|[upkeep]
|-heal|p1a: Pecharunt|26/100|[from] item: Leftovers
|-sideend|p1: Johnny tots|Reflect
|upkeep
|
|t:|1758321752
|switch|p2a: Tyrant's Enforcer|Overqwil, F|100/100
|-damage|p2a: Tyrant's Enforcer|88/100|[from] Spikes
|turn|7
|
|t:|1758321761
|move|p2a: Tyrant's Enforcer|Crunch|p1a: Pecharunt
|-supereffective|p1a: Pecharunt
|-damage|p1a: Pecharunt|0 fnt
|faint|p1a: Pecharunt
|
|-weather|RainDance|[upkeep]
|upkeep
|
|t:|1758321769
|switch|p1a: Clefable|Clefable, M|100/100
|turn|8
|
|t:|1758321774
|switch|p1a: Klefki|Klefki, F|66/100
|move|p2a: Tyrant's Enforcer|Spikes|p1a: Klefki
|-sidestart|p1: Johnny tots|Spikes
|
|-weather|none
|-sideend|p1: Johnny tots|move: Light Screen
|upkeep
|turn|9
|
|t:|1758321782
|move|p1a: Klefki|Spikes|p2a: Tyrant's Enforcer
|-sidestart|p2: kshuaib734|Spikes
|move|p2a: Tyrant's Enforcer|Spikes|p1a: Klefki
|-sidestart|p1: Johnny tots|Spikes
|
|upkeep
|turn|10
|
|t:|1758321786
|move|p1a: Klefki|Spikes|p2a: Tyrant's Enforcer
|-sidestart|p2: kshuaib734|Spikes
|move|p2a: Tyrant's Enforcer|Spikes|p1a: Klefki
|-sidestart|p1: Johnny tots|Spikes
|
|upkeep
|turn|11
|
|t:|1758321791
|switch|p2a: Tyrant's Downpour|Pelipper, M|100/100
|-weather|RainDance|[from] ability: Drizzle|[of] p2a: Tyrant's Downpour
|move|p1a: Klefki|Reflect|p1a: Klefki
|-sidestart|p1: Johnny tots|Reflect
|
|-weather|RainDance|[upkeep]
|upkeep
|turn|12
|
|t:|1758321797
|move|p1a: Klefki|Light Screen|p1a: Klefki
|-sidestart|p1: Johnny tots|move: Light Screen
|move|p2a: Tyrant's Downpour|Weather Ball|p1a: Klefki
|-damage|p1a: Klefki|38/100
|
|-weather|RainDance|[upkeep]
|upkeep
|turn|13
|
|t:|1758321803
|move|p1a: Klefki|Thunder Wave|p2a: Tyrant's Downpour
|-status|p2a: Tyrant's Downpour|par
|move|p2a: Tyrant's Downpour|Weather Ball|p1a: Klefki
|-damage|p1a: Klefki|10/100
|
|-weather|RainDance|[upkeep]
|upkeep
|turn|14
|
|t:|1758321810
|switch|p1a: Rillaboom|Rillaboom, F|100/100
|-damage|p1a: Rillaboom|76/100|[from] Spikes
|-fieldstart|move: Grassy Terrain|[from] ability: Grassy Surge|[of] p1a: Rillaboom
|move|p2a: Tyrant's Downpour|Weather Ball|p1a: Rillaboom
|-resisted|p1a: Rillaboom
|-crit|p1a: Rillaboom
|-damage|p1a: Rillaboom|31/100
|
|-weather|RainDance|[upkeep]
|-heal|p1a: Rillaboom|37/100|[from] Grassy Terrain
|upkeep
|turn|15
|
|t:|1758321821
|move|p1a: Rillaboom|Knock Off|p2a: Tyrant's Downpour
|-damage|p2a: Tyrant's Downpour|71/100 par
|-enditem|p2a: Tyrant's Downpour|Damp Rock|[from] move: Knock Off|[of] p1a: Rillaboom
|move|p2a: Tyrant's Downpour|U-turn|p1a: Rillaboom
|-supereffective|p1a: Rillaboom
|-damage|p1a: Rillaboom|28/100
|
|t:|1758321832
|switch|p2a: Tyrant's Enforcer|Overqwil, F|88/100|[from] U-turn
|-damage|p2a: Tyrant's Enforcer|63/100|[from] Spikes
|
|-weather|RainDance|[upkeep]
|-heal|p2a: Tyrant's Enforcer|69/100|[from] Grassy Terrain
|-heal|p1a: Rillaboom|34/100|[from] Grassy Terrain
|-sideend|p1: Johnny tots|Reflect
|upkeep
|turn|16
|
|t:|1758321840
|switch|p1a: Klefki|Klefki, F|10/100
|-damage|p1a: Klefki|0 fnt|[from] Spikes
|faint|p1a: Klefki
|move|p2a: Tyrant's Enforcer|Crunch|p1: Klefki|[notarget]
|-fail|p2a: Tyrant's Enforcer
|
|-weather|RainDance|[upkeep]
|-heal|p2a: Tyrant's Enforcer|75/100|[from] Grassy Terrain
|-sideend|p1: Johnny tots|move: Light Screen
|upkeep
|inactive|Johnny tots has 120 seconds left.
|
|t:|1758321874
|switch|p1a: Manaphy|Manaphy|100/100
|-damage|p1a: Manaphy|75/100|[from] Spikes
|turn|17
|
|t:|1758321885
|switch|p2a: Tyrant's Vengeance|Kingdra, F|100/100
|-damage|p2a: Tyrant's Vengeance|75/100|[from] Spikes
|move|p1a: Manaphy|Acid Armor|p1a: Manaphy
|-boost|p1a: Manaphy|def|2
|
|-weather|RainDance|[upkeep]
|-heal|p2a: Tyrant's Vengeance|82/100|[from] Grassy Terrain
|-heal|p1a: Manaphy|82/100|[from] Grassy Terrain
|-heal|p1a: Manaphy|88/100|[from] item: Leftovers
|upkeep
|turn|18
|
|t:|1758321894
|switch|p1a: Clefable|Clefable, M|100/100
|move|p2a: Tyrant's Vengeance|Draco Meteor|p1a: Clefable
|-immune|p1a: Clefable
|
|-weather|none
|-heal|p2a: Tyrant's Vengeance|88/100|[from] Grassy Terrain
|upkeep
|turn|19
|
|t:|1758321902
|switch|p2a: King Tyrant|Tyranitar, F|100/100
|-damage|p2a: King Tyrant|75/100|[from] Spikes
|-weather|Sandstorm|[from] ability: Sand Stream|[of] p2a: King Tyrant
|move|p1a: Clefable|Calm Mind|p1a: Clefable
|-boost|p1a: Clefable|spa|1
|-boost|p1a: Clefable|spd|1
|
|-weather|Sandstorm|[upkeep]
|-heal|p2a: King Tyrant|82/100|[from] Grassy Terrain
|upkeep
|turn|20
|
|t:|1758321911
|move|p1a: Clefable|Moonblast|p2a: King Tyrant
|-supereffective|p2a: King Tyrant
|-damage|p2a: King Tyrant|10/100
|-enditem|p2a: King Tyrant|Weakness Policy
|-boost|p2a: King Tyrant|atk|2|[from] item: Weakness Policy
|-boost|p2a: King Tyrant|spa|2|[from] item: Weakness Policy
|move|p2a: King Tyrant|Stealth Rock|p1a: Clefable
|-sidestart|p1: Johnny tots|move: Stealth Rock
|
|-weather|Sandstorm|[upkeep]
|-heal|p2a: King Tyrant|17/100|[from] Grassy Terrain
|upkeep
|turn|21
|
|t:|1758321920
|move|p1a: Clefable|Moonblast|p2a: King Tyrant
|-supereffective|p2a: King Tyrant
|-damage|p2a: King Tyrant|0 fnt
|faint|p2a: King Tyrant
|
|-weather|Sandstorm|[upkeep]
|-fieldend|move: Grassy Terrain
|upkeep
|
|t:|1758321927
|switch|p2a: Tyrant's Downpour|Pelipper, M|71/100 par
|-weather|RainDance|[from] ability: Drizzle|[of] p2a: Tyrant's Downpour
|turn|22
|
|t:|1758321931
|move|p1a: Clefable|Moonblast|p2a: Tyrant's Downpour
|-damage|p2a: Tyrant's Downpour|0 fnt
|faint|p2a: Tyrant's Downpour
|
|-weather|RainDance|[upkeep]
|upkeep
|
|t:|1758321938
|switch|p2a: Tyrant's Endgame|Quaquaval, F|100/100
|-damage|p2a: Tyrant's Endgame|75/100|[from] Spikes
|turn|23
|
|t:|1758321943
|switch|p1a: Ogerpon|Ogerpon-Wellspring, F|100/100
|-damage|p1a: Ogerpon|76/100|[from] Spikes
|-damage|p1a: Ogerpon|63/100|[from] Stealth Rock
|move|p2a: Tyrant's Endgame|Wave Crash|p1a: Ogerpon
|-heal|p1a: Ogerpon|88/100|[from] ability: Water Absorb|[of] p2a: Tyrant's Endgame
|
|-weather|RainDance|[upkeep]
|upkeep
|turn|24
|
|t:|1758321954
|switch|p2a: Tyrant's Enforcer|Overqwil, F|75/100
|-damage|p2a: Tyrant's Enforcer|50/100|[from] Spikes
|move|p1a: Ogerpon|Play Rough|p2a: Tyrant's Enforcer
|-damage|p2a: Tyrant's Enforcer|7/100
|-damage|p1a: Ogerpon|72/100|[from] item: Rocky Helmet|[of] p2a: Tyrant's Enforcer
|
|-weather|RainDance|[upkeep]
|upkeep
|turn|25
|
|t:|1758321966
|switch|p1a: Rillaboom|Rillaboom, F|34/100
|-damage|p1a: Rillaboom|10/100|[from] Spikes
|-damage|p1a: Rillaboom|0 fnt|[from] Stealth Rock
|faint|p1a: Rillaboom
|move|p2a: Tyrant's Enforcer|Crunch|p1: Rillaboom|[notarget]
|-fail|p2a: Tyrant's Enforcer
|
|-weather|RainDance|[upkeep]
|upkeep
|
|t:|1758321984
|switch|p1a: Manaphy|Manaphy|88/100
|-damage|p1a: Manaphy|63/100|[from] Spikes
|-damage|p1a: Manaphy|50/100|[from] Stealth Rock
|turn|26
|
|t:|1758321996
|move|p2a: Tyrant's Enforcer|Pain Split|p1a: Manaphy
|-sethp|p1a: Manaphy|28/100|[from] move: Pain Split|[silent]
|-sethp|p2a: Tyrant's Enforcer|33/100|[from] move: Pain Split
|move|p1a: Manaphy|Scald|p2a: Tyrant's Enforcer
|-damage|p2a: Tyrant's Enforcer|0 fnt
|faint|p2a: Tyrant's Enforcer
|
|-weather|none
|-heal|p1a: Manaphy|34/100|[from] item: Leftovers
|upkeep
|
|t:|1758322008
|switch|p2a: Tyrant's Endgame|Quaquaval, F|75/100
|-damage|p2a: Tyrant's Endgame|50/100|[from] Spikes
|turn|27
|
|t:|1758322014
|switch|p1a: Clefable|Clefable, M|100/100
|-terastallize|p2a: Tyrant's Endgame|Water
|move|p2a: Tyrant's Endgame|Aqua Step|p1a: Clefable
|-damage|p1a: Clefable|22/100
|-boost|p2a: Tyrant's Endgame|spe|1
|-damage|p2a: Tyrant's Endgame|41/100|[from] item: Life Orb
|
|-heal|p1a: Clefable|28/100|[from] item: Leftovers
|upkeep
|turn|28
|
|t:|1758322027
|switch|p1a: Ogerpon|Ogerpon-Wellspring, F|72/100
|-damage|p1a: Ogerpon|47/100|[from] Spikes
|-damage|p1a: Ogerpon|34/100|[from] Stealth Rock
|move|p2a: Tyrant's Endgame|Aqua Step|p1a: Ogerpon
|-heal|p1a: Ogerpon|59/100|[from] ability: Water Absorb|[of] p2a: Tyrant's Endgame
|
|upkeep
|turn|29
|
|t:|1758322040
|move|p2a: Tyrant's Endgame|Close Combat|p1a: Ogerpon
|-damage|p1a: Ogerpon|0 fnt
|-unboost|p2a: Tyrant's Endgame|def|1
|-unboost|p2a: Tyrant's Endgame|spd|1
|faint|p1a: Ogerpon
|-ability|p2a: Tyrant's Endgame|Moxie|boost
|-boost|p2a: Tyrant's Endgame|atk|1
|-damage|p2a: Tyrant's Endgame|31/100|[from] item: Life Orb
|
|upkeep
|
|t:|1758322043
|switch|p1a: Clefable|Clefable, M|28/100
|turn|30
|c|☆Johnny tots|Gg
|c|☆kshuaib734|gg
|-message|Johnny tots forfeited.
|
|win|kshuaib734
|raw|Johnny tots's rating: 1691 &rarr; <strong>1671</strong><br />(-20 for losing)
|raw|kshuaib734's rating: 1689 &rarr; <strong>1709</strong><br />(+20 for winning)
|l|☆Johnny tots
|player|p1|
|l|☆kshuaib734
|player|p2|
