|j|‽trak2
|j|☆participationsux
|t:|1758344012
|gametype|singles
|player|p1|trak2|unknown|1304
|player|p2|participationsux|winona|1365
|gen|9
|tier|[Gen 9] OU
|rated|
|rule|HP Percentage Mod: HP is shown in percentages
|rule|Endless Battle Clause: Forcing endless battles is banned
|rule|Species Clause: Limit one of each Pokémon
|rule|OHKO Clause: OHKO moves are banned
|rule|Evasion Items Clause: Evasion items are banned
|rule|Evasion Moves Clause: Evasion moves are banned
|rule|Evasion Abilities Clause: Evasion abilities are banned
|rule|Sleep Moves Clause: Sleep-inducing moves are banned
|clearpoke
|poke|p1|Dragonite, M|
|poke|p1|Grimmsnarl, M|
|poke|p1|Enamorus, F|
|poke|p1|Great Tusk|
|poke|p1|Scizor, M|
|poke|p1|Raging Bolt|
|poke|p2|Gholdengo|
|poke|p2|Darkrai|
|poke|p2|Iron Valiant|
|poke|p2|Glimmora, M|
|poke|p2|Kingambit, M|
|poke|p2|Dragonite, M|
|teampreview
|inactive|Battle timer is ON: inactive players will automatically lose when time's up. (requested by trak2)
|
|t:|1758344017
|teamsize|p1|6
|teamsize|p2|6
|start
|switch|p1a: Great Tusk|Great Tusk|100/100
|switch|p2a: Glimmora|Glimmora, M|100/100
|-enditem|p1a: Great Tusk|Booster Energy
|-activate|p1a: Great Tusk|ability: Protosynthesis|[fromitem]
|-start|p1a: Great Tusk|protosynthesisspe
|turn|1
|
|t:|1758344020
|move|p1a: Great Tusk|Stealth Rock|p2a: Glimmora
|-sidestart|p2: participationsux|move: Stealth Rock
|move|p2a: Glimmora|Stealth Rock|p1a: Great Tusk
|-sidestart|p1: trak2|move: Stealth Rock
|
|upkeep
|turn|2
|
|t:|1758344023
|switch|p2a: Gholdengo|Gholdengo|100/100
|-damage|p2a: Gholdengo|94/100|[from] Stealth Rock
|-item|p2a: Gholdengo|Air Balloon
|move|p1a: Great Tusk|Rapid Spin|p2a: Gholdengo
|-immune|p2a: Gholdengo
|
|upkeep
|turn|3
|
|t:|1758344029
|move|p1a: Great Tusk|Ice Spinner|p2a: Gholdengo
|-resisted|p2a: Gholdengo
|-damage|p2a: Gholdengo|80/100
|-enditem|p2a: Gholdengo|Air Balloon
|move|p2a: Gholdengo|Make It Rain|p1a: Great Tusk
|-damage|p1a: Great Tusk|15/100
|-unboost|p2a: Gholdengo|spa|1
|
|upkeep
|turn|4
|
|t:|1758344037
|move|p1a: Great Tusk|Headlong Rush|p2a: Gholdengo
|-supereffective|p2a: Gholdengo
|-damage|p2a: Gholdengo|0 fnt
|-unboost|p1a: Great Tusk|def|1
|-unboost|p1a: Great Tusk|spd|1
|faint|p2a: Gholdengo
|
|upkeep
|
|t:|1758344051
|switch|p2a: Iron Valiant|Iron Valiant|100/100
|-damage|p2a: Iron Valiant|94/100|[from] Stealth Rock
|-enditem|p2a: Iron Valiant|Booster Energy
|-activate|p2a: Iron Valiant|ability: Quark Drive|[fromitem]
|-start|p2a: Iron Valiant|quarkdrivespe
|turn|5
|
|t:|1758344057
|move|p2a: Iron Valiant|Close Combat|p1a: Great Tusk
|-crit|p1a: Great Tusk
|-damage|p1a: Great Tusk|0 fnt
|-unboost|p2a: Iron Valiant|def|1
|-unboost|p2a: Iron Valiant|spd|1
|faint|p1a: Great Tusk
|-end|p1a: Great Tusk|Protosynthesis|[silent]
|
|upkeep
|
|t:|1758344061
|switch|p1a: Grimmsnarl|Grimmsnarl, M|100/100
|-damage|p1a: Grimmsnarl|88/100|[from] Stealth Rock
|turn|6
|
|t:|1758344083
|move|p1a: Grimmsnarl|Reflect|p1a: Grimmsnarl
|-sidestart|p1: trak2|Reflect
|move|p2a: Iron Valiant|Encore|p1a: Grimmsnarl
|-start|p1a: Grimmsnarl|Encore
|
|upkeep
|turn|7
|
|t:|1758344088
|switch|p1a: Enamorus|Enamorus, F|100/100
|-damage|p1a: Enamorus|76/100|[from] Stealth Rock
|move|p2a: Iron Valiant|Swords Dance|p2a: Iron Valiant
|-boost|p2a: Iron Valiant|atk|2
|
|upkeep
|turn|8
|
|t:|1758344097
|move|p2a: Iron Valiant|Knock Off|p1a: Enamorus
|-resisted|p1a: Enamorus
|-crit|p1a: Enamorus
|-damage|p1a: Enamorus|1/100
|-enditem|p1a: Enamorus|Choice Scarf|[from] move: Knock Off|[of] p2a: Iron Valiant
|move|p1a: Enamorus|Moonblast|p2a: Iron Valiant
|-supereffective|p2a: Iron Valiant
|-damage|p2a: Iron Valiant|0 fnt
|faint|p2a: Iron Valiant
|-end|p2a: Iron Valiant|Quark Drive|[silent]
|
|upkeep
|
|t:|1758344100
|switch|p2a: Glimmora|Glimmora, M|100/100
|-damage|p2a: Glimmora|88/100|[from] Stealth Rock
|turn|9
|
|t:|1758344104
|switch|p1a: Grimmsnarl|Grimmsnarl, M|88/100
|-damage|p1a: Grimmsnarl|76/100|[from] Stealth Rock
|move|p2a: Glimmora|Mortal Spin|p1a: Grimmsnarl
|-supereffective|p1a: Grimmsnarl
|-damage|p1a: Grimmsnarl|67/100
|-status|p1a: Grimmsnarl|psn
|-sideend|p2: participationsux|Stealth Rock|[from] move: Mortal Spin|[of] p2a: Glimmora
|
|-damage|p1a: Grimmsnarl|55/100 psn|[from] psn
|upkeep
|turn|10
|
|t:|1758344111
|move|p1a: Grimmsnarl|Light Screen|p1a: Grimmsnarl
|-sidestart|p1: trak2|move: Light Screen
|move|p2a: Glimmora|Sludge Wave|p1a: Grimmsnarl
|-supereffective|p1a: Grimmsnarl
|-damage|p1a: Grimmsnarl|18/100 psn
|
|-damage|p1a: Grimmsnarl|6/100 psn|[from] psn
|upkeep
|turn|11
|
|t:|1758344117
|move|p2a: Glimmora|Earth Power|p1a: Grimmsnarl
|-damage|p1a: Grimmsnarl|0 fnt
|faint|p1a: Grimmsnarl
|
|upkeep
|
|t:|1758344122
|switch|p1a: Dragonite|Dragonite, M, shiny|100/100
|-damage|p1a: Dragonite|76/100|[from] Stealth Rock
|turn|12
|
|t:|1758344124
|move|p2a: Glimmora|Mortal Spin|p1a: Dragonite
|-damage|p1a: Dragonite|72/100
|-status|p1a: Dragonite|psn
|move|p1a: Dragonite|Dragon Dance|p1a: Dragonite
|-boost|p1a: Dragonite|atk|1
|-boost|p1a: Dragonite|spe|1
|
|-damage|p1a: Dragonite|60/100 psn|[from] psn
|upkeep
|turn|13
|
|t:|1758344126
|move|p1a: Dragonite|Dragon Dance|p1a: Dragonite
|-boost|p1a: Dragonite|atk|1
|-boost|p1a: Dragonite|spe|1
|move|p2a: Glimmora|Sludge Wave|p1a: Dragonite
|-damage|p1a: Dragonite|34/100 psn
|
|-damage|p1a: Dragonite|21/100 psn|[from] psn
|-sideend|p1: trak2|Reflect
|upkeep
|turn|14
|
|t:|1758344129
|move|p1a: Dragonite|Earthquake|p2a: Glimmora
|-supereffective|p2a: Glimmora
|-damage|p2a: Glimmora|0 fnt
|-activate|p2a: Glimmora|ability: Toxic Debris
|-sidestart|p1: trak2|move: Toxic Spikes
|faint|p2a: Glimmora
|
|-damage|p1a: Dragonite|9/100 psn|[from] psn
|upkeep
|
|t:|1758344136
|switch|p2a: Kingambit|Kingambit, M|100/100
|-activate|p2a: Kingambit|ability: Supreme Overlord
|-start|p2a: Kingambit|fallen3|[silent]
|turn|15
|
|t:|1758344139
|move|p1a: Dragonite|Extreme Speed|p2a: Kingambit
|-resisted|p2a: Kingambit
|-damage|p2a: Kingambit|71/100
|move|p2a: Kingambit|Sucker Punch||[still]
|-fail|p2a: Kingambit
|
|-damage|p1a: Dragonite|0 fnt|[from] psn
|faint|p1a: Dragonite
|upkeep
|
|t:|1758344146
|switch|p1a: Scizor|Scizor, M|100/100
|-damage|p1a: Scizor|88/100|[from] Stealth Rock
|turn|16
|
|t:|1758344157
|-terastallize|p2a: Kingambit|Dark
|move|p1a: Scizor|Swords Dance|p1a: Scizor
|-boost|p1a: Scizor|atk|2
|move|p2a: Kingambit|Kowtow Cleave|p1a: Scizor
|-damage|p1a: Scizor|0 fnt
|faint|p1a: Scizor
|
|upkeep
|-message|trak2 forfeited.
|
|win|participationsux
|raw|trak2's rating: 1304 &rarr; <strong>1286</strong><br />(-18 for losing)
|raw|participationsux's rating: 1341 &rarr; <strong>1359</strong><br />(+18 for winning)
|l|‽trak2
|player|p1|
|l|☆participationsux
|player|p2|
