|inactive|Battle timer is ON: inactive players will automatically lose when time's up.
|badge|p1|bronze|gen9lc|100-6
|uhtml|medal-msg|<div class="broadcast-blue">Curious what those medals under the avatar are? PS now has Ladder Seasons! For more information, check out the <a href="https://www.smogon.com/forums/threads/3740067/">thread on Smogon.</a></div>
|t:|1758316113
|gametype|singles
|player|p1|mipc|102|
|player|p2|sire clod|#scl5machines|
|gen|9
|tier|[Gen 9] OU
|rule|HP Percentage Mod: HP is shown in percentages
|rule|Endless Battle Clause: Forcing endless battles is banned
|rule|Species Clause: Limit one of each Pokémon
|rule|OHKO Clause: OHKO moves are banned
|rule|Evasion Items Clause: Evasion items are banned
|rule|Evasion Moves Clause: Evasion moves are banned
|rule|Evasion Abilities Clause: Evasion abilities are banned
|rule|Sleep Moves Clause: Sleep-inducing moves are banned
|clearpoke
|poke|p1|Ogerpon-Wellspring, F|
|poke|p1|Slowking-Galar, M|
|poke|p1|Zamazenta-*|
|poke|p1|Garganacl, M|
|poke|p1|Dragonite, M|
|poke|p1|Great Tusk|
|poke|p2|Kyurem|
|poke|p2|Tornadus-Therian, M|
|poke|p2|Hatterene, F|
|poke|p2|Kingambit, F|
|poke|p2|Gliscor, F|
|poke|p2|Zamazenta-*|
|teampreview
|c|☆sire clod|hf
|c|☆mipc|hf
|inactive|sire clod has 270 seconds left.
|
|t:|1758316162
|teamsize|p1|6
|teamsize|p2|6
|start
|switch|p1a: DUKO|Garganacl, M|100/100
|switch|p2a: Kyurem|Kyurem|100/100
|-ability|p2a: Kyurem|Pressure
|turn|1
|
|t:|1758316172
|switch|p2a: Hatterene|Hatterene, F|100/100
|move|p1a: DUKO|Salt Cure|p2a: Hatterene
|-damage|p2a: Hatterene|89/100
|
|upkeep
|turn|2
|
|t:|1758316193
|move|p1a: DUKO|Salt Cure|p2a: Hatterene
|-damage|p2a: Hatterene|78/100
|move|p2a: Hatterene|Nuzzle|p1a: DUKO
|-damage|p1a: DUKO|98/100
|
|-heal|p1a: DUKO|100/100|[from] item: Leftovers
|upkeep
|turn|3
|inactive|mipc has 270 seconds left.
|
|t:|1758316218
|switch|p1a: Glass Shadows|Slowking-Galar, M, shiny|100/100
|move|p2a: Hatterene|Nuzzle|p1a: Glass Shadows
|-crit|p1a: Glass Shadows
|-damage|p1a: Glass Shadows|95/100
|-status|p1a: Glass Shadows|par
|
|upkeep
|turn|4
|inactive|mipc has 270 seconds left.
|
|t:|1758316247
|switch|p2a: Tornadus|Tornadus-Therian, M|100/100
|cant|p1a: Glass Shadows|par
|
|upkeep
|turn|5
|
|t:|1758316255
|switch|p1a: DUKO|Garganacl, M|100/100
|move|p2a: Tornadus|Knock Off|p1a: DUKO
|-damage|p1a: DUKO|85/100
|-enditem|p1a: DUKO|Leftovers|[from] move: Knock Off|[of] p2a: Tornadus
|
|upkeep
|turn|6
|
|t:|1758316263
|move|p2a: Tornadus|U-turn|p1a: DUKO
|-damage|p1a: DUKO|74/100
|
|t:|1758316265
|switch|p2a: Hatterene|Hatterene, F|78/100|[from] U-turn
|move|p1a: DUKO|Salt Cure|p2a: Hatterene
|-damage|p2a: Hatterene|67/100
|
|upkeep
|turn|7
|
|t:|1758316269
|move|p1a: DUKO|Recover|p1a: DUKO
|-heal|p1a: DUKO|100/100
|move|p2a: Hatterene|Pain Split|p1a: DUKO
|-sethp|p1a: DUKO|76/100|[from] move: Pain Split|[silent]
|-sethp|p2a: Hatterene|97/100|[from] move: Pain Split
|
|upkeep
|turn|8
|
|t:|1758316274
|switch|p1a: Glass Shadows|Slowking-Galar, M, shiny|100/100 par
|move|p2a: Hatterene|Psychic Noise|p1a: Glass Shadows
|-damage|p1a: Glass Shadows|84/100 par
|-start|p1a: Glass Shadows|move: Heal Block
|
|upkeep
|turn|9
|
|t:|1758316280
|switch|p2a: Gliscor|Gliscor, F|100/100
|move|p1a: Glass Shadows|Future Sight|p2a: Gliscor
|-start|p1a: Glass Shadows|move: Future Sight
|
|-end|p1a: Glass Shadows|move: Heal Block
|-status|p2a: Gliscor|tox|[from] item: Toxic Orb
|upkeep
|turn|10
|
|t:|1758316288
|switch|p1a: Blue|Ogerpon-Wellspring, F|100/100
|move|p2a: Gliscor|Stealth Rock|p1a: Blue
|-sidestart|p1: mipc|move: Stealth Rock
|
|upkeep
|turn|11
|
|t:|1758316305
|move|p2a: Gliscor|Protect|p2a: Gliscor
|-singleturn|p2a: Gliscor|Protect
|move|p1a: Blue|Ivy Cudgel|p2a: Gliscor|[anim] Ivy Cudgel Water
|-activate|p2a: Gliscor|move: Protect
|
|-end|p2a: Gliscor|move: Future Sight
|-damage|p2a: Gliscor|28/100 tox
|-heal|p2a: Gliscor|40/100 tox|[from] ability: Poison Heal
|upkeep
|turn|12
|
|t:|1758316309
|switch|p2a: Zamazenta|Zamazenta|100/100
|-ability|p2a: Zamazenta|Dauntless Shield|boost
|-boost|p2a: Zamazenta|def|1
|move|p1a: Blue|Knock Off|p2a: Zamazenta
|-resisted|p2a: Zamazenta
|-damage|p2a: Zamazenta|90/100
|-enditem|p2a: Zamazenta|Leftovers|[from] move: Knock Off|[of] p1a: Blue
|
|upkeep
|turn|13
|
|t:|1758316317
|switch|p1a: Yupisote|Great Tusk|100/100
|-damage|p1a: Yupisote|97/100|[from] Stealth Rock
|move|p2a: Zamazenta|Body Press|p1a: Yupisote
|-damage|p1a: Yupisote|65/100
|-damage|p2a: Zamazenta|74/100|[from] item: Rocky Helmet|[of] p1a: Yupisote
|
|upkeep
|turn|14
|c|+glass shadows|omg is this SCL player Sire, no way dude big fan 
|c|☆sire clod|stfu lmao
|inactive|sire clod has 270 seconds left.
|c|☆sire clod|your opponent got you on his team
|c|☆sire clod|my*
|inactive|sire clod has 240 seconds left.
|
|t:|1758316381
|switch|p2a: Kyurem|Kyurem|100/100
|-ability|p2a: Kyurem|Pressure
|move|p1a: Yupisote|Rapid Spin|p2a: Kyurem
|-damage|p2a: Kyurem|85/100
|-boost|p1a: Yupisote|spe|1
|-sideend|p1: mipc|Stealth Rock|[from] move: Rapid Spin|[of] p1a: Yupisote
|
|upkeep
|turn|15
|inactive|sire clod has 240 seconds left.
|
|t:|1758316396
|-end|p1a: Yupisote|Protosynthesis|[silent]
|switch|p1a: Glass Shadows|Slowking-Galar, M, shiny|100/100 par
|move|p2a: Kyurem|Ice Beam|p1a: Glass Shadows
|-damage|p1a: Glass Shadows|75/100 par
|
|upkeep
|turn|16
|inactive|sire clod has 240 seconds left.
|c|+glass shadows|ay that Fez sweep was nice, starter by week 4 calling it now 
|
|t:|1758316409
|switch|p2a: Gliscor|Gliscor, F|40/100 tox
|move|p1a: Glass Shadows|Future Sight|p2a: Gliscor
|-start|p1a: Glass Shadows|move: Future Sight
|
|-heal|p2a: Gliscor|53/100 tox|[from] ability: Poison Heal
|upkeep
|turn|17
|
|t:|1758316416
|switch|p1a: Yupisote|Great Tusk|65/100
|move|p2a: Gliscor|U-turn|p1a: Yupisote
|-resisted|p1a: Yupisote
|-damage|p1a: Yupisote|60/100
|-damage|p2a: Gliscor|36/100 tox|[from] item: Rocky Helmet|[of] p1a: Yupisote
|
|t:|1758316421
|switch|p2a: Kyurem|Kyurem|85/100|[from] U-turn
|-ability|p2a: Kyurem|Pressure
|
|upkeep
|turn|18
|
|t:|1758316433
|switch|p2a: Kingambit|Kingambit, F|100/100
|-end|p1a: Yupisote|Protosynthesis|[silent]
|switch|p1a: Elian|Zamazenta|100/100
|-ability|p1a: Elian|Dauntless Shield|boost
|-boost|p1a: Elian|def|1
|
|-end|p2a: Kingambit|move: Future Sight
|-immune|p2a: Kingambit
|upkeep
|turn|19
|
|t:|1758316439
|-end|p2a: Kingambit|fallenundefined|[silent]
|switch|p2a: Tornadus|Tornadus-Therian, M|100/100
|move|p1a: Elian|Heavy Slam|p2a: Tornadus
|-damage|p2a: Tornadus|65/100
|
|upkeep
|turn|20
|inactive|sire clod has 270 seconds left.
|
|t:|1758316470
|switch|p2a: Hatterene|Hatterene, F|97/100
|move|p1a: Elian|Stone Edge|p2a: Hatterene
|-damage|p2a: Hatterene|70/100
|
|upkeep
|turn|21
|
|t:|1758316477
|switch|p1a: Glass Shadows|Slowking-Galar, M, shiny|100/100 par
|move|p2a: Hatterene|Draining Kiss|p1a: Glass Shadows
|-resisted|p1a: Glass Shadows
|-damage|p1a: Glass Shadows|94/100 par
|-heal|p2a: Hatterene|76/100|[from] drain|[of] p1a: Glass Shadows
|
|upkeep
|turn|22
|
|t:|1758316487
|switch|p2a: Gliscor|Gliscor, F|36/100 tox
|move|p1a: Glass Shadows|Future Sight|p2a: Gliscor
|-start|p1a: Glass Shadows|move: Future Sight
|
|-heal|p2a: Gliscor|49/100 tox|[from] ability: Poison Heal
|upkeep
|turn|23
|
|t:|1758316498
|switch|p1a: Blue|Ogerpon-Wellspring, F|100/100
|move|p2a: Gliscor|U-turn|p1a: Blue
|-supereffective|p1a: Blue
|-damage|p1a: Blue|59/100
|
|t:|1758316500
|switch|p2a: Tornadus|Tornadus-Therian, M|98/100|[from] U-turn
|
|upkeep
|turn|24
|
|t:|1758316522
|switch|p1a: DUKO|Garganacl, M|76/100
|move|p2a: Tornadus|Bleakwind Storm|p1a: DUKO
|-resisted|p1a: DUKO
|-damage|p1a: DUKO|64/100
|
|-end|p2a: Tornadus|move: Future Sight
|-damage|p2a: Tornadus|60/100
|upkeep
|turn|25
|c|+glass shadows|Man why I always gotta be fat ass Glowking I ain’t even obese irl 
|
|t:|1758316532
|move|p2a: Tornadus|U-turn|p1a: DUKO
|-crit|p1a: DUKO
|-damage|p1a: DUKO|49/100
|c|☆sire clod|streets saying you build like oinkalogne
|
|t:|1758316552
|switch|p2a: Hatterene|Hatterene, F|76/100|[from] U-turn
|move|p1a: DUKO|Recover|p1a: DUKO
|-heal|p1a: DUKO|99/100
|
|upkeep
|turn|26
|c|+glass shadows|Lmao 🤣 
|inactive|mipc has 270 seconds left.
|c|+zReptar|lmfao
|
|t:|1758316590
|switch|p1a: Blue|Ogerpon-Wellspring, F|59/100
|move|p2a: Hatterene|Psychic Noise|p1a: Blue
|-damage|p1a: Blue|23/100
|-start|p1a: Blue|move: Heal Block
|
|upkeep
|turn|27
|
|t:|1758316598
|switch|p2a: Zamazenta|Zamazenta|74/100
|move|p1a: Blue|U-turn|p2a: Zamazenta
|-resisted|p2a: Zamazenta
|-damage|p2a: Zamazenta|64/100
|
|t:|1758316602
|switch|p1a: Yupisote|Great Tusk|60/100|[from] U-turn
|
|upkeep
|turn|28
|inactive|sire clod has 270 seconds left.
|
|t:|1758316611
|switch|p2a: Tornadus|Tornadus-Therian, M|93/100
|move|p1a: Yupisote|Knock Off|p2a: Tornadus
|-damage|p2a: Tornadus|52/100
|-enditem|p2a: Tornadus|Assault Vest|[from] move: Knock Off|[of] p1a: Yupisote
|
|upkeep
|turn|29
|
|t:|1758316625
|-end|p1a: Yupisote|Protosynthesis|[silent]
|switch|p1a: DUKO|Garganacl, M|99/100
|move|p2a: Tornadus|U-turn|p1a: DUKO
|-damage|p1a: DUKO|89/100
|
|t:|1758316628
|switch|p2a: Gliscor|Gliscor, F|49/100 tox|[from] U-turn
|
|-heal|p2a: Gliscor|61/100 tox|[from] ability: Poison Heal
|upkeep
|turn|30
|
|t:|1758316633
|move|p2a: Gliscor|U-turn|p1a: DUKO
|-damage|p1a: DUKO|79/100
|
|t:|1758316635
|switch|p2a: Hatterene|Hatterene, F|76/100|[from] U-turn
|move|p1a: DUKO|Salt Cure|p2a: Hatterene
|-damage|p2a: Hatterene|65/100
|
|upkeep
|turn|31
|
|t:|1758316643
|switch|p1a: Glass Shadows|Slowking-Galar, M, shiny|100/100 par
|switch|p2a: Gliscor|Gliscor, F|61/100 tox
|
|-heal|p2a: Gliscor|74/100 tox|[from] ability: Poison Heal
|upkeep
|turn|32
|
|t:|1758316651
|move|p2a: Gliscor|Stealth Rock|p1a: Glass Shadows
|-sidestart|p1: mipc|move: Stealth Rock
|move|p1a: Glass Shadows|Future Sight|p2a: Gliscor
|-start|p1a: Glass Shadows|move: Future Sight
|
|-heal|p2a: Gliscor|86/100 tox|[from] ability: Poison Heal
|upkeep
|turn|33
|
|t:|1758316665
|move|p2a: Gliscor|U-turn|p1a: Glass Shadows
|-damage|p1a: Glass Shadows|85/100 par
|
|t:|1758316667
|switch|p2a: Tornadus|Tornadus-Therian, M|85/100|[from] U-turn
|cant|p1a: Glass Shadows|par
|
|upkeep
|turn|34
|
|t:|1758316677
|move|p2a: Tornadus|U-turn|p1a: Glass Shadows
|-damage|p1a: Glass Shadows|69/100 par
|
|t:|1758316678
|switch|p2a: Kingambit|Kingambit, F|100/100|[from] U-turn
|cant|p1a: Glass Shadows|par
|
|-end|p2a: Kingambit|move: Future Sight
|-immune|p2a: Kingambit
|upkeep
|turn|35
|
|t:|1758316692
|switch|p1a: Elian|Zamazenta|100/100
|move|p2a: Kingambit|Iron Head|p1a: Elian
|-damage|p1a: Elian|56/100
|
|upkeep
|turn|36
|
|t:|1758316698
|-end|p2a: Kingambit|fallenundefined|[silent]
|switch|p2a: Gliscor|Gliscor, F|86/100 tox
|move|p1a: Elian|Close Combat|p2a: Gliscor
|-resisted|p2a: Gliscor
|-damage|p2a: Gliscor|68/100 tox
|-unboost|p1a: Elian|def|1
|-unboost|p1a: Elian|spd|1
|
|-heal|p2a: Gliscor|80/100 tox|[from] ability: Poison Heal
|upkeep
|turn|37
|
|t:|1758316713
|switch|p1a: Mr.Banana45|Dragonite, M|100/100
|move|p2a: Gliscor|U-turn|p1a: Mr.Banana45
|-resisted|p1a: Mr.Banana45
|-damage|p1a: Mr.Banana45|96/100
|
|t:|1758316721
|switch|p2a: Kyurem|Kyurem|85/100|[from] U-turn
|-ability|p2a: Kyurem|Pressure
|
|upkeep
|turn|38
|
|t:|1758316729
|switch|p1a: Glass Shadows|Slowking-Galar, M, shiny|100/100 par
|-damage|p1a: Glass Shadows|88/100 par|[from] Stealth Rock
|move|p2a: Kyurem|Draco Meteor|p1a: Glass Shadows
|-damage|p1a: Glass Shadows|50/100 par
|-unboost|p2a: Kyurem|spa|2
|
|upkeep
|turn|39
|
|t:|1758316750
|switch|p2a: Kingambit|Kingambit, F|100/100
|cant|p1a: Glass Shadows|par
|
|upkeep
|turn|40
|
|t:|1758316760
|switch|p1a: Blue|Ogerpon-Wellspring, F|23/100
|-damage|p1a: Blue|11/100|[from] Stealth Rock
|move|p2a: Kingambit|Swords Dance|p2a: Kingambit
|-boost|p2a: Kingambit|atk|2
|
|upkeep
|turn|41
|
|t:|1758316768
|move|p2a: Kingambit|Sucker Punch||[still]
|-fail|p2a: Kingambit
|move|p1a: Blue|Synthesis|p1a: Blue
|-heal|p1a: Blue|61/100
|
|upkeep
|turn|42
|
|t:|1758316775
|move|p2a: Kingambit|Sucker Punch||[still]
|-fail|p2a: Kingambit
|move|p1a: Blue|Synthesis|p1a: Blue
|-heal|p1a: Blue|100/100
|
|upkeep
|turn|43
|
|t:|1758316781
|switch|p1a: Yupisote|Great Tusk|60/100
|-damage|p1a: Yupisote|57/100|[from] Stealth Rock
|move|p2a: Kingambit|Sucker Punch||[still]
|-fail|p2a: Kingambit
|
|upkeep
|turn|44
|
|t:|1758316793
|-terastallize|p2a: Kingambit|Fairy
|move|p1a: Yupisote|Rapid Spin|p2a: Kingambit
|-damage|p2a: Kingambit|89/100
|-boost|p1a: Yupisote|spe|1
|-sideend|p1: mipc|Stealth Rock|[from] move: Rapid Spin|[of] p1a: Yupisote
|move|p2a: Kingambit|Tera Blast|p1a: Yupisote|[anim] Tera Blast Fairy
|-supereffective|p1a: Yupisote
|-damage|p1a: Yupisote|0 fnt
|faint|p1a: Yupisote
|-end|p1a: Yupisote|Protosynthesis|[silent]
|
|-heal|p2a: Kingambit|95/100|[from] item: Leftovers
|upkeep
|c|☆sire clod|ok ive had enough
|inactive|mipc has 270 seconds left.
|inactive|mipc has 240 seconds left.
|inactive|mipc disconnected and has 300 seconds to reconnect!
|player|p1|
|inactive|mipc has 270 seconds to reconnect!
|inactive|mipc reconnected and has 230 seconds left.
|player|p1|mipc|102|
|c|☆mipc|gg
|
|t:|1758316899
|switch|p1a: Blue|Ogerpon-Wellspring, F|100/100
|turn|45
|
|t:|1758316904
|switch|p1a: DUKO|Garganacl, M|79/100
|move|p2a: Kingambit|Sucker Punch||[still]
|-fail|p2a: Kingambit
|
|-heal|p2a: Kingambit|100/100|[from] item: Leftovers
|upkeep
|turn|46
|
|t:|1758316911
|-terastallize|p1a: DUKO|Water
|move|p2a: Kingambit|Swords Dance|p2a: Kingambit
|-boost|p2a: Kingambit|atk|2
|move|p1a: DUKO|Salt Cure|p2a: Kingambit
|-damage|p2a: Kingambit|90/100
|-start|p2a: Kingambit|Salt Cure
|
|-heal|p2a: Kingambit|97/100|[from] item: Leftovers
|-damage|p2a: Kingambit|84/100|[from] Salt Cure
|upkeep
|turn|47
|inactive|mipc has 240 seconds left.
|
|t:|1758316916
|move|p1a: DUKO|Protect|p1a: DUKO
|-singleturn|p1a: DUKO|Protect
|move|p2a: Kingambit|Tera Blast|p1a: DUKO|[anim] Tera Blast Fairy
|-activate|p1a: DUKO|move: Protect
|
|-heal|p2a: Kingambit|90/100|[from] item: Leftovers
|-damage|p2a: Kingambit|78/100|[from] Salt Cure
|upkeep
|turn|48
|
|t:|1758316923
|switch|p1a: Glass Shadows|Slowking-Galar, M, shiny|84/100 par
|move|p2a: Kingambit|Tera Blast|p1a: Glass Shadows|[anim] Tera Blast Fairy
|-resisted|p1a: Glass Shadows
|-damage|p1a: Glass Shadows|12/100 par
|
|-heal|p2a: Kingambit|84/100|[from] item: Leftovers
|-damage|p2a: Kingambit|72/100|[from] Salt Cure
|upkeep
|turn|49
|
|t:|1758316931
|move|p2a: Kingambit|Tera Blast|p1a: Glass Shadows|[anim] Tera Blast Fairy
|-resisted|p1a: Glass Shadows
|-damage|p1a: Glass Shadows|0 fnt
|faint|p1a: Glass Shadows
|
|-heal|p2a: Kingambit|78/100|[from] item: Leftovers
|-damage|p2a: Kingambit|65/100|[from] Salt Cure
|upkeep
|
|t:|1758316940
|switch|p1a: Elian|Zamazenta|56/100
|turn|50
|
|t:|1758316943
|move|p1a: Elian|Heavy Slam|p2a: Kingambit
|-supereffective|p2a: Kingambit
|-damage|p2a: Kingambit|44/100
|move|p2a: Kingambit|Tera Blast|p1a: Elian|[anim] Tera Blast Fairy
|-supereffective|p1a: Elian
|-damage|p1a: Elian|0 fnt
|faint|p1a: Elian
|
|-heal|p2a: Kingambit|50/100|[from] item: Leftovers
|-damage|p2a: Kingambit|38/100|[from] Salt Cure
|upkeep
|
|t:|1758316950
|switch|p1a: DUKO|Garganacl, M, tera:Water|79/100
|turn|51
|
|t:|1758316955
|move|p1a: DUKO|Protect|p1a: DUKO
|-singleturn|p1a: DUKO|Protect
|move|p2a: Kingambit|Tera Blast|p1a: DUKO|[anim] Tera Blast Fairy
|-activate|p1a: DUKO|move: Protect
|
|-heal|p2a: Kingambit|44/100|[from] item: Leftovers
|-damage|p2a: Kingambit|31/100|[from] Salt Cure
|upkeep
|turn|52
|
|t:|1758316958
|move|p1a: DUKO|Protect||[still]
|-fail|p1a: DUKO
|move|p2a: Kingambit|Tera Blast|p1a: DUKO|[anim] Tera Blast Fairy
|-damage|p1a: DUKO|0 fnt
|faint|p1a: DUKO
|
|-heal|p2a: Kingambit|38/100|[from] item: Leftovers
|-damage|p2a: Kingambit|25/100|[from] Salt Cure
|upkeep
|inactive|mipc has 270 seconds left.
|
|t:|1758316973
|switch|p1a: Mr.Banana45|Dragonite, M|96/100
|turn|53
|
|t:|1758316977
|move|p1a: Mr.Banana45|Extreme Speed|p2a: Kingambit
|-damage|p2a: Kingambit|0 fnt
|faint|p2a: Kingambit
|-end|p2a: Kingambit|fallenundefined|[silent]
|
|upkeep
|
|t:|1758316979
|switch|p2a: Kyurem|Kyurem|85/100
|-ability|p2a: Kyurem|Pressure
|turn|54
|c|☆sire clod|gg
|
|t:|1758317001
|move|p1a: Mr.Banana45|Extreme Speed|p2a: Kyurem
|-damage|p2a: Kyurem|54/100
|move|p2a: Kyurem|Freeze-Dry|p1a: Mr.Banana45
|-supereffective|p1a: Mr.Banana45
|-damage|p1a: Mr.Banana45|0 fnt
|faint|p1a: Mr.Banana45
|
|upkeep
|
|t:|1758317008
|switch|p1a: Blue|Ogerpon-Wellspring, F|100/100
|turn|55
|
|t:|1758317010
|move|p2a: Kyurem|Freeze-Dry|p1a: Blue
|-supereffective|p1a: Blue
|-crit|p1a: Blue
|-damage|p1a: Blue|0 fnt
|faint|p1a: Blue
|
|win|sire clod
|player|p1|
