|j|☆jayjaymclovinit
|j|☆karivaar
|t:|1758379370
|gametype|singles
|player|p1|jayjaymclovinit|1|1208
|player|p2|karivaar|169|1283
|gen|9
|tier|[Gen 9] OU
|rated|
|rule|HP Percentage Mod: HP is shown in percentages
|rule|Endless Battle Clause: Forcing endless battles is banned
|rule|Species Clause: Limit one of each Pokémon
|rule|OHKO Clause: OHKO moves are banned
|rule|Evasion Items Clause: Evasion items are banned
|rule|Evasion Moves Clause: Evasion moves are banned
|rule|Evasion Abilities Clause: Evasion abilities are banned
|rule|Sleep Moves Clause: Sleep-inducing moves are banned
|clearpoke
|poke|p1|Dragapult, M|
|poke|p1|Glimmora, M|
|poke|p1|Comfey, M|
|poke|p1|Kingambit, M|
|poke|p1|Ogerpon-Wellspring, F|
|poke|p1|Blaziken, M|
|poke|p2|Garchomp, M|
|poke|p2|Arcanine-Hisui, M|
|poke|p2|Ribombee, M|
|poke|p2|Gholdengo|
|poke|p2|Cryogonal|
|poke|p2|Zapdos|
|teampreview
|
|t:|1758379382
|teamsize|p1|6
|teamsize|p2|6
|start
|switch|p1a: Glimmora|Glimmora, M, shiny|100/100
|switch|p2a: Ribombee|Ribombee, M|100/100
|turn|1
|
|t:|1758379394
|move|p2a: Ribombee|Stun Spore|p1a: Glimmora
|-status|p1a: Glimmora|par
|move|p1a: Glimmora|Mortal Spin|p2a: Ribombee
|-supereffective|p2a: Ribombee
|-damage|p2a: Ribombee|75/100
|
|upkeep
|turn|2
|
|t:|1758379402
|move|p2a: Ribombee|Sticky Web|p1a: Glimmora
|-sidestart|p1: jayjaymclovinit|move: Sticky Web
|move|p1a: Glimmora|Mortal Spin|p2a: Ribombee
|-supereffective|p2a: Ribombee
|-damage|p2a: Ribombee|52/100
|-sideend|p1: jayjaymclovinit|Sticky Web|[from] move: Mortal Spin|[of] p1a: Glimmora
|
|upkeep
|turn|3
|
|t:|1758379408
|move|p2a: Ribombee|Psychic Noise|p1a: Glimmora
|-supereffective|p1a: Glimmora
|-damage|p1a: Glimmora|51/100 par
|-start|p1a: Glimmora|move: Heal Block
|-enditem|p1a: Glimmora|Red Card|[of] p2a: Ribombee
|drag|p2a: Cryogonal|Cryogonal|100/100
|cant|p1a: Glimmora|par
|
|upkeep
|turn|4
|
|t:|1758379418
|move|p2a: Cryogonal|Flash Cannon|p1a: Glimmora
|-supereffective|p1a: Glimmora
|-damage|p1a: Glimmora|3/100 par
|-unboost|p1a: Glimmora|spd|1
|move|p1a: Glimmora|Power Gem|p2a: Cryogonal
|-supereffective|p2a: Cryogonal
|-damage|p2a: Cryogonal|44/100
|
|-end|p1a: Glimmora|move: Heal Block
|upkeep
|turn|5
|
|t:|1758379428
|move|p2a: Cryogonal|Recover|p2a: Cryogonal
|-heal|p2a: Cryogonal|94/100
|cant|p1a: Glimmora|par
|
|upkeep
|turn|6
|
|t:|1758379434
|move|p2a: Cryogonal|Rapid Spin|p1a: Glimmora
|-resisted|p1a: Glimmora
|-crit|p1a: Glimmora
|-damage|p1a: Glimmora|0 fnt
|-boost|p2a: Cryogonal|spe|1
|-activate|p1a: Glimmora|ability: Toxic Debris
|-sidestart|p2: karivaar|move: Toxic Spikes
|-sideend|p2: karivaar|Toxic Spikes|[from] move: Rapid Spin|[of] p2a: Cryogonal
|faint|p1a: Glimmora
|
|upkeep
|
|t:|1758379445
|switch|p1a: Kingambit|Kingambit, M, shiny|100/100
|-activate|p1a: Kingambit|ability: Supreme Overlord
|-start|p1a: Kingambit|fallen1|[silent]
|turn|7
|
|t:|1758379456
|move|p2a: Cryogonal|Freeze-Dry|p1a: Kingambit
|-resisted|p1a: Kingambit
|-damage|p1a: Kingambit|87/100
|move|p1a: Kingambit|Swords Dance|p1a: Kingambit
|-boost|p1a: Kingambit|atk|2
|
|-heal|p1a: Kingambit|93/100|[from] item: Leftovers
|upkeep
|turn|8
|
|t:|1758379473
|switch|p2a: Arcanine|Arcanine-Hisui, M|100/100
|move|p1a: Kingambit|Swords Dance|p1a: Kingambit
|-boost|p1a: Kingambit|atk|2
|
|-heal|p1a: Kingambit|99/100|[from] item: Leftovers
|upkeep
|turn|9
|
|t:|1758379480
|switch|p2a: Cryogonal|Cryogonal|94/100
|move|p1a: Kingambit|Sucker Punch||[still]
|-fail|p1a: Kingambit
|
|-heal|p1a: Kingambit|100/100|[from] item: Leftovers
|upkeep
|turn|10
|
|t:|1758379489
|move|p2a: Cryogonal|Freeze-Dry|p1a: Kingambit
|-resisted|p1a: Kingambit
|-damage|p1a: Kingambit|86/100
|move|p1a: Kingambit|Iron Head|p2a: Cryogonal
|-supereffective|p2a: Cryogonal
|-crit|p2a: Cryogonal
|-damage|p2a: Cryogonal|0 fnt
|faint|p2a: Cryogonal
|
|-heal|p1a: Kingambit|92/100|[from] item: Leftovers
|upkeep
|
|t:|1758379498
|switch|p2a: Ribombee|Ribombee, M|52/100
|turn|11
|
|t:|1758379504
|move|p2a: Ribombee|Stun Spore|p1a: Kingambit
|-status|p1a: Kingambit|par
|cant|p1a: Kingambit|par
|
|-heal|p1a: Kingambit|98/100 par|[from] item: Leftovers
|upkeep
|turn|12
|
|t:|1758379510
|move|p2a: Ribombee|Sticky Web|p1a: Kingambit
|-sidestart|p1: jayjaymclovinit|move: Sticky Web
|cant|p1a: Kingambit|par
|
|-heal|p1a: Kingambit|100/100 par|[from] item: Leftovers
|upkeep
|turn|13
|
|t:|1758379513
|move|p2a: Ribombee|Moonblast|p1a: Kingambit
|-damage|p1a: Kingambit|59/100 par
|-unboost|p1a: Kingambit|spa|1
|move|p1a: Kingambit|Iron Head|p2a: Ribombee
|-supereffective|p2a: Ribombee
|-damage|p2a: Ribombee|0 fnt
|faint|p2a: Ribombee
|
|-heal|p1a: Kingambit|66/100 par|[from] item: Leftovers
|upkeep
|c|☆jayjaymclovinit|you are so lucky
|inactive|Battle timer is ON: inactive players will automatically lose when time's up. (requested by jayjaymclovinit)
|
|t:|1758379534
|switch|p2a: Garchomp|Garchomp, M|100/100
|turn|14
|
|t:|1758379543
|move|p1a: Kingambit|Sucker Punch||[still]
|-fail|p1a: Kingambit
|move|p2a: Garchomp|Swords Dance|p2a: Garchomp
|-boost|p2a: Garchomp|atk|2
|
|-heal|p1a: Kingambit|72/100 par|[from] item: Leftovers
|upkeep
|turn|15
|
|t:|1758379550
|move|p1a: Kingambit|Sucker Punch||[still]
|-fail|p1a: Kingambit
|move|p2a: Garchomp|Swords Dance|p2a: Garchomp
|-boost|p2a: Garchomp|atk|2
|
|-heal|p1a: Kingambit|78/100 par|[from] item: Leftovers
|upkeep
|turn|16
|
|t:|1758379562
|move|p2a: Garchomp|Earthquake|p1a: Kingambit
|-supereffective|p1a: Kingambit
|-damage|p1a: Kingambit|0 fnt
|faint|p1a: Kingambit
|-end|p1a: Kingambit|fallen1|[silent]
|
|upkeep
|
|t:|1758379569
|switch|p1a: Dragapult|Dragapult, M, shiny|100/100
|-activate|p1a: Dragapult|move: Sticky Web
|-fail|p1a: Dragapult|unboost|[from] ability: Clear Body|[of] p1a: Dragapult
|turn|17
|
|t:|1758379586
|-terastallize|p2a: Garchomp|Steel
|move|p1a: Dragapult|Draco Meteor|p2a: Garchomp
|-resisted|p2a: Garchomp
|-damage|p2a: Garchomp|65/100
|-unboost|p1a: Dragapult|spa|2
|-damage|p1a: Dragapult|91/100|[from] item: Life Orb
|move|p2a: Garchomp|Scale Shot|p1a: Dragapult
|-supereffective|p1a: Dragapult
|-damage|p1a: Dragapult|0 fnt
|faint|p1a: Dragapult
|-hitcount|p1: Dragapult|1
|-unboost|p2a: Garchomp|def|1
|-boost|p2a: Garchomp|spe|1
|
|upkeep
|-message|jayjaymclovinit forfeited.
|
|win|karivaar
|raw|jayjaymclovinit's rating: 1208 &rarr; <strong>1188</strong><br />(-20 for losing)
|raw|karivaar's rating: 1283 &rarr; <strong>1303</strong><br />(+20 for winning)
|l|☆jayjaymclovinit
|player|p1|
|l|☆karivaar
|player|p2|
