|j|☆testytestest
|j|☆arhg955
|t:|1758341689
|gametype|singles
|player|p1|testytestest|102|1180
|player|p2|arhg955|cheren-gen5bw2|1143
|gen|9
|tier|[Gen 9] OU
|rated|
|rule|HP Percentage Mod: HP is shown in percentages
|rule|Endless Battle Clause: Forcing endless battles is banned
|rule|Species Clause: Limit one of each Pokémon
|rule|OHKO Clause: OHKO moves are banned
|rule|Evasion Items Clause: Evasion items are banned
|rule|Evasion Moves Clause: Evasion moves are banned
|rule|Evasion Abilities Clause: Evasion abilities are banned
|rule|Sleep Moves Clause: Sleep-inducing moves are banned
|clearpoke
|poke|p1|Hydrapple, F|
|poke|p1|Clodsire, M|
|poke|p1|Excadrill, M|
|poke|p1|Garchomp, M|
|poke|p1|Slowking, F|
|poke|p1|Slither Wing|
|poke|p2|Dragapult, F|
|poke|p2|Darkrai|
|poke|p2|Iron Moth|
|poke|p2|Meowscarada, F|
|poke|p2|Great Tusk|
|poke|p2|Walking Wake|
|teampreview
|inactive|Battle timer is ON: inactive players will automatically lose when time's up. (requested by arhg955)
|c|☆testytestest|Hf
|inactive|testytestest has 120 seconds left.
|c|☆testytestest|This tier has too many legendary spammers
|c|☆testytestest|Unoriginal teams
|
|t:|1758341728
|teamsize|p1|6
|teamsize|p2|6
|start
|switch|p1a: Slowking|Slowking, F|100/100
|switch|p2a: Meowscarada|Meowscarada, F|100/100
|turn|1
|
|t:|1758341750
|switch|p1a: Hydrapple|Hydrapple, F, shiny|100/100
|move|p2a: Meowscarada|Knock Off|p1a: Hydrapple
|-start|p2a: Meowscarada|typechange|Dark|[from] ability: Protean
|-crit|p1a: Hydrapple
|-damage|p1a: Hydrapple|66/100
|-enditem|p1a: Hydrapple|Heavy-Duty Boots|[from] move: Knock Off|[of] p2a: Meowscarada
|
|upkeep
|turn|2
|c|☆testytestest|You should use non meta pokemon that are your favorites
|
|t:|1758341762
|move|p2a: Meowscarada|Triple Axel|p1a: Hydrapple
|-supereffective|p1a: Hydrapple
|-damage|p1a: Hydrapple|50/100
|-supereffective|p1a: Hydrapple
|-damage|p1a: Hydrapple|20/100
|-supereffective|p1a: Hydrapple
|-damage|p1a: Hydrapple|0 fnt
|faint|p1a: Hydrapple
|-hitcount|p1: Hydrapple|3
|
|upkeep
|
|t:|1758341773
|switch|p1a: Slither Wing|Slither Wing|100/100
|turn|3
|
|t:|1758341785
|move|p2a: Meowscarada|Triple Axel|p1a: Slither Wing
|-damage|p1a: Slither Wing|92/100
|-damage|p1a: Slither Wing|76/100
|-damage|p1a: Slither Wing|49/100
|-hitcount|p1a: Slither Wing|3
|move|p1a: Slither Wing|U-turn|p2a: Meowscarada
|-supereffective|p2a: Meowscarada
|-damage|p2a: Meowscarada|0 fnt
|faint|p2a: Meowscarada
|
|t:|1758341798
|-end|p1a: Slither Wing|Protosynthesis|[silent]
|switch|p1a: Slowking|Slowking, F|100/100|[from] U-turn
|
|upkeep
|
|t:|1758341805
|switch|p2a: Dragapult|Dragapult, F|100/100
|turn|4
|
|t:|1758341816
|switch|p1a: Clodsire|Clodsire, M|100/100
|move|p2a: Dragapult|Dragon Darts|p1a: Clodsire
|-damage|p1a: Clodsire|71/100
|-anim|p2a: Dragapult|Dragon Darts|p1a: Clodsire
|-damage|p1a: Clodsire|43/100
|
|-heal|p1a: Clodsire|50/100|[from] item: Leftovers
|upkeep
|turn|5
|
|t:|1758341826
|switch|p1a: Excadrill|Excadrill, M, shiny|100/100
|move|p2a: Dragapult|Dragon Darts|p1a: Excadrill
|-resisted|p1a: Excadrill
|-damage|p1a: Excadrill|79/100
|-anim|p2a: Dragapult|Dragon Darts|p1a: Excadrill
|-resisted|p1a: Excadrill
|-damage|p1a: Excadrill|59/100
|
|-heal|p1a: Excadrill|65/100|[from] item: Leftovers
|upkeep
|turn|6
|
|t:|1758341837
|move|p2a: Dragapult|Dragon Darts|p1a: Excadrill
|-resisted|p1a: Excadrill
|-damage|p1a: Excadrill|47/100
|-anim|p2a: Dragapult|Dragon Darts|p1a: Excadrill
|-resisted|p1a: Excadrill
|-damage|p1a: Excadrill|29/100
|move|p1a: Excadrill|Earthquake|p2a: Dragapult
|-damage|p2a: Dragapult|27/100
|
|-heal|p1a: Excadrill|35/100|[from] item: Leftovers
|upkeep
|turn|7
|
|t:|1758341867
|move|p2a: Dragapult|Dragon Darts|p1a: Excadrill
|-resisted|p1a: Excadrill
|-damage|p1a: Excadrill|14/100
|-anim|p2a: Dragapult|Dragon Darts|p1a: Excadrill
|-resisted|p1a: Excadrill
|-damage|p1a: Excadrill|0 fnt
|faint|p1a: Excadrill
|
|upkeep
|inactive|testytestest has 120 seconds left.
|
|t:|1758341893
|switch|p1a: Slither Wing|Slither Wing|49/100
|turn|8
|
|t:|1758341897
|move|p1a: Slither Wing|First Impression|p2a: Dragapult
|-resisted|p2a: Dragapult
|-damage|p2a: Dragapult|0 fnt
|faint|p2a: Dragapult
|
|upkeep
|
|t:|1758341906
|switch|p2a: Walking Wake|Walking Wake|100/100
|-enditem|p2a: Walking Wake|Booster Energy
|-activate|p2a: Walking Wake|ability: Protosynthesis|[fromitem]
|-start|p2a: Walking Wake|protosynthesisspa
|turn|9
|
|t:|1758341919
|move|p2a: Walking Wake|Flamethrower|p1a: Slither Wing
|-supereffective|p1a: Slither Wing
|-damage|p1a: Slither Wing|0 fnt
|faint|p1a: Slither Wing
|-end|p1a: Slither Wing|Protosynthesis|[silent]
|
|upkeep
|inactive|testytestest has 120 seconds left.
|
|t:|1758341939
|switch|p1a: Clodsire|Clodsire, M|50/100
|turn|10
|inactive|testytestest has 120 seconds left.
|
|t:|1758341947
|-terastallize|p1a: Clodsire|Steel
|move|p2a: Walking Wake|Draco Meteor|p1a: Clodsire
|-resisted|p1a: Clodsire
|-damage|p1a: Clodsire|27/100
|-unboost|p2a: Walking Wake|spa|2
|move|p1a: Clodsire|Amnesia|p1a: Clodsire
|-boost|p1a: Clodsire|spd|2
|
|-heal|p1a: Clodsire|33/100|[from] item: Leftovers
|upkeep
|turn|11
|
|t:|1758341963
|move|p2a: Walking Wake|Flamethrower|p1a: Clodsire
|-supereffective|p1a: Clodsire
|-damage|p1a: Clodsire|10/100
|move|p1a: Clodsire|Recover|p1a: Clodsire
|-heal|p1a: Clodsire|60/100
|
|-heal|p1a: Clodsire|66/100|[from] item: Leftovers
|upkeep
|turn|12
|
|t:|1758341972
|-end|p2a: Walking Wake|Protosynthesis|[silent]
|switch|p2a: Iron Moth|Iron Moth|100/100
|-enditem|p2a: Iron Moth|Booster Energy
|-activate|p2a: Iron Moth|ability: Quark Drive|[fromitem]
|-start|p2a: Iron Moth|quarkdrivespa
|move|p1a: Clodsire|Toxic|p2a: Iron Moth|[miss]
|-miss|p1a: Clodsire|p2a: Iron Moth
|
|-heal|p1a: Clodsire|72/100|[from] item: Leftovers
|upkeep
|turn|13
|
|t:|1758341984
|move|p2a: Iron Moth|Fiery Dance|p1a: Clodsire
|-supereffective|p1a: Clodsire
|-damage|p1a: Clodsire|40/100
|move|p1a: Clodsire|Earthquake|p2a: Iron Moth
|-supereffective|p2a: Iron Moth
|-damage|p2a: Iron Moth|0 fnt
|faint|p2a: Iron Moth
|-end|p2a: Iron Moth|Quark Drive|[silent]
|
|-heal|p1a: Clodsire|46/100|[from] item: Leftovers
|upkeep
|
|t:|1758341995
|switch|p2a: Great Tusk|Great Tusk|100/100
|turn|14
|
|t:|1758342007
|switch|p1a: Garchomp|Garchomp, M, shiny|100/100
|-terastallize|p2a: Great Tusk|Water
|move|p2a: Great Tusk|Close Combat|p1a: Garchomp
|-damage|p1a: Garchomp|60/100
|-unboost|p2a: Great Tusk|def|1
|-unboost|p2a: Great Tusk|spd|1
|-damage|p2a: Great Tusk|88/100|[from] ability: Rough Skin|[of] p1a: Garchomp
|-damage|p2a: Great Tusk|72/100|[from] item: Rocky Helmet|[of] p1a: Garchomp
|
|-heal|p2a: Great Tusk|78/100|[from] item: Leftovers
|upkeep
|turn|15
|
|t:|1758342025
|move|p2a: Great Tusk|Flash Cannon|p1a: Garchomp
|-crit|p1a: Garchomp
|-damage|p1a: Garchomp|46/100
|move|p1a: Garchomp|Earthquake|p2a: Great Tusk
|-damage|p2a: Great Tusk|32/100
|
|-heal|p2a: Great Tusk|38/100|[from] item: Leftovers
|upkeep
|turn|16
|
|t:|1758342035
|-end|p2a: Great Tusk|Protosynthesis|[silent]
|switch|p2a: Darkrai|Darkrai|100/100
|move|p1a: Garchomp|Earthquake|p2a: Darkrai
|-damage|p2a: Darkrai|47/100
|
|upkeep
|turn|17
|
|t:|1758342047
|move|p2a: Darkrai|Dark Pulse|p1a: Garchomp
|-damage|p1a: Garchomp|8/100
|move|p1a: Garchomp|Earthquake|p2a: Darkrai
|-damage|p2a: Darkrai|0 fnt
|faint|p2a: Darkrai
|
|upkeep
|
|t:|1758342055
|switch|p2a: Walking Wake|Walking Wake|100/100
|turn|18
|
|t:|1758342065
|move|p2a: Walking Wake|Flamethrower|p1a: Garchomp
|-resisted|p1a: Garchomp
|-crit|p1a: Garchomp
|-damage|p1a: Garchomp|0 fnt
|faint|p1a: Garchomp
|
|upkeep
|
|t:|1758342077
|switch|p1a: Clodsire|Clodsire, M, tera:Steel|46/100
|turn|19
|
|t:|1758342081
|move|p2a: Walking Wake|Flamethrower|p1a: Clodsire
|-supereffective|p1a: Clodsire
|-crit|p1a: Clodsire
|-damage|p1a: Clodsire|0 fnt
|faint|p1a: Clodsire
|
|upkeep
|
|t:|1758342084
|switch|p1a: Slowking|Slowking, F|100/100
|turn|20
|
|t:|1758342096
|move|p2a: Walking Wake|Draco Meteor|p1a: Slowking
|-damage|p1a: Slowking|49/100
|-unboost|p2a: Walking Wake|spa|2
|move|p1a: Slowking|Thunder Wave|p2a: Walking Wake|[miss]
|-miss|p1a: Slowking|p2a: Walking Wake
|
|upkeep
|turn|21
|
|t:|1758342107
|-end|p2a: Walking Wake|Protosynthesis|[silent]
|switch|p2a: Great Tusk|Great Tusk, tera:Water|38/100
|move|p1a: Slowking|Future Sight|p2a: Great Tusk
|-start|p1a: Slowking|move: Future Sight
|
|-heal|p2a: Great Tusk|44/100|[from] item: Leftovers
|upkeep
|turn|22
|
|t:|1758342119
|move|p2a: Great Tusk|Close Combat|p1a: Slowking
|-resisted|p1a: Slowking
|-damage|p1a: Slowking|28/100
|-unboost|p2a: Great Tusk|def|1
|-unboost|p2a: Great Tusk|spd|1
|move|p1a: Slowking|Scald|p2a: Great Tusk
|-resisted|p2a: Great Tusk
|-damage|p2a: Great Tusk|15/100
|-status|p2a: Great Tusk|brn
|
|-heal|p2a: Great Tusk|21/100 brn|[from] item: Leftovers
|-damage|p2a: Great Tusk|15/100 brn|[from] brn
|upkeep
|turn|23
|
|t:|1758342135
|move|p2a: Great Tusk|Close Combat|p1a: Slowking
|-resisted|p1a: Slowking
|-damage|p1a: Slowking|15/100
|-unboost|p2a: Great Tusk|def|1
|-unboost|p2a: Great Tusk|spd|1
|move|p1a: Slowking|Scald|p2a: Great Tusk
|-resisted|p2a: Great Tusk
|-damage|p2a: Great Tusk|0 fnt
|faint|p2a: Great Tusk
|-end|p2a: Great Tusk|Protosynthesis|[silent]
|
|-hint|Future Sight did not hit because the target is fainted.
|upkeep
|c|☆testytestest|Gg
|
|t:|1758342147
|switch|p2a: Walking Wake|Walking Wake|100/100
|turn|24
|
|t:|1758342156
|move|p2a: Walking Wake|Draco Meteor|p1a: Slowking
|-damage|p1a: Slowking|0 fnt
|-unboost|p2a: Walking Wake|spa|2
|faint|p1a: Slowking
|
|win|arhg955
|raw|testytestest's rating: 1180 &rarr; <strong>1152</strong><br />(-28 for losing)
|raw|arhg955's rating: 1143 &rarr; <strong>1171</strong><br />(+28 for winning)
|l|☆testytestest
|player|p1|
|c|☆arhg955|Gg
