|j|☆John Kritter
|j|☆jorgethemorge
|t:|1758377300
|gametype|singles
|player|p1|John Kritter|pokemaniac|1486
|player|p2|jorgethemorge|170|1431
|gen|9
|tier|[Gen 9] OU
|rated|
|rule|HP Percentage Mod: HP is shown in percentages
|rule|Endless Battle Clause: Forcing endless battles is banned
|rule|Species Clause: Limit one of each Pokémon
|rule|OHKO Clause: OHKO moves are banned
|rule|Evasion Items Clause: Evasion items are banned
|rule|Evasion Moves Clause: Evasion moves are banned
|rule|Evasion Abilities Clause: Evasion abilities are banned
|rule|Sleep Moves Clause: Sleep-inducing moves are banned
|clearpoke
|poke|p1|Torkoal, F|
|poke|p1|Walking Wake|
|poke|p1|Hatterene, F|
|poke|p1|Great Tusk|
|poke|p1|Ceruledge, F|
|poke|p1|Enamorus, F|
|poke|p2|Pincurchin, M|
|poke|p2|Iron Moth|
|poke|p2|Slowking-Galar, F|
|poke|p2|Raging Bolt|
|poke|p2|Hawlucha, M|
|poke|p2|Iron Valiant|
|teampreview
|inactive|Battle timer is ON: inactive players will automatically lose when time's up. (requested by John Kritter)
|
|t:|1758377323
|teamsize|p1|6
|teamsize|p2|6
|start
|switch|p1a: Enamorus|Enamorus, F|100/100
|switch|p2a: Pincurchin|Pincurchin, M|100/100
|-fieldstart|move: Electric Terrain|[from] ability: Electric Surge|[of] p2a: Pincurchin
|turn|1
|
|t:|1758377341
|move|p1a: Enamorus|Earth Power|p2a: Pincurchin
|-supereffective|p2a: Pincurchin
|-damage|p2a: Pincurchin|5/100
|move|p2a: Pincurchin|Spikes|p1a: Enamorus
|-sidestart|p1: John Kritter|Spikes
|
|upkeep
|turn|2
|
|t:|1758377350
|switch|p1a: Don|Great Tusk, shiny|100/100
|-damage|p1a: Don|88/100|[from] Spikes
|move|p2a: Pincurchin|Thunderbolt|p1a: Don
|-immune|p1a: Don
|
|upkeep
|turn|3
|
|t:|1758377356
|move|p1a: Don|Rapid Spin|p2a: Pincurchin
|-damage|p2a: Pincurchin|0 fnt
|-boost|p1a: Don|spe|1
|-sideend|p1: John Kritter|Spikes|[from] move: Rapid Spin|[of] p1a: Don
|faint|p2a: Pincurchin
|
|upkeep
|
|t:|1758377364
|switch|p2a: Iron Valiant|Iron Valiant|100/100
|-activate|p2a: Iron Valiant|ability: Quark Drive
|-start|p2a: Iron Valiant|quarkdrivespe
|turn|4
|
|t:|1758377382
|-terastallize|p1a: Don|Steel
|move|p2a: Iron Valiant|Moonblast|p1a: Don
|-resisted|p1a: Don
|-damage|p1a: Don|48/100
|-damage|p2a: Iron Valiant|91/100|[from] item: Life Orb
|move|p1a: Don|Ice Spinner|p2a: Iron Valiant
|-damage|p2a: Iron Valiant|49/100
|-fieldend|move: Electric Terrain
|-end|p2a: Iron Valiant|Quark Drive
|
|upkeep
|turn|5
|
|t:|1758377397
|-end|p2a: Iron Valiant|Quark Drive|[silent]
|switch|p2a: Hawlucha|Hawlucha, M|100/100
|move|p1a: Don|Headlong Rush|p2a: Hawlucha
|-immune|p2a: Hawlucha
|
|upkeep
|turn|6
|
|t:|1758377405
|-terastallize|p2a: Hawlucha|Steel
|move|p1a: Don|Ice Spinner|p2a: Hawlucha
|-resisted|p2a: Hawlucha
|-damage|p2a: Hawlucha|78/100
|move|p2a: Hawlucha|Close Combat|p1a: Don
|-supereffective|p1a: Don
|-damage|p1a: Don|0 fnt
|-unboost|p2a: Hawlucha|def|1
|-unboost|p2a: Hawlucha|spd|1
|-damage|p2a: Hawlucha|61/100|[from] item: Rocky Helmet|[of] p1a: Don
|faint|p1a: Don
|-end|p1a: Don|Protosynthesis|[silent]
|
|upkeep
|
|t:|1758377415
|switch|p1a: Torkoal|Torkoal, F|100/100
|-weather|SunnyDay|[from] ability: Drought|[of] p1a: Torkoal
|turn|7
|
|t:|1758377421
|move|p2a: Hawlucha|Close Combat|p1a: Torkoal
|-damage|p1a: Torkoal|53/100
|-unboost|p2a: Hawlucha|def|1
|-unboost|p2a: Hawlucha|spd|1
|move|p1a: Torkoal|Stealth Rock|p2a: Hawlucha
|-sidestart|p2: jorgethemorge|move: Stealth Rock
|
|-weather|SunnyDay|[upkeep]
|upkeep
|turn|8
|
|t:|1758377428
|move|p2a: Hawlucha|Encore|p1a: Torkoal
|-start|p1a: Torkoal|Encore
|move|p1a: Torkoal|Stealth Rock||[still]
|-fail|p1a: Torkoal
|
|-weather|SunnyDay|[upkeep]
|upkeep
|turn|9
|
|t:|1758377434
|switch|p1a: Hatterene|Hatterene, F, shiny|100/100
|move|p2a: Hawlucha|Acrobatics|p1a: Hatterene
|-damage|p1a: Hatterene|79/100
|-enditem|p1a: Hatterene|Eject Button
|
|t:|1758377451
|switch|p1a: Enamorus|Enamorus, F|100/100
|
|-weather|SunnyDay|[upkeep]
|upkeep
|turn|10
|
|t:|1758377455
|move|p1a: Enamorus|Earth Power|p2a: Hawlucha
|-supereffective|p2a: Hawlucha
|-damage|p2a: Hawlucha|0 fnt
|faint|p2a: Hawlucha
|
|-weather|SunnyDay|[upkeep]
|upkeep
|
|t:|1758377461
|switch|p2a: Iron Valiant|Iron Valiant|49/100
|-damage|p2a: Iron Valiant|43/100|[from] Stealth Rock
|turn|11
|
|t:|1758377465
|move|p1a: Enamorus|Earth Power|p2a: Iron Valiant
|-damage|p2a: Iron Valiant|0 fnt
|faint|p2a: Iron Valiant
|-end|p2a: Iron Valiant|Quark Drive|[silent]
|
|-weather|SunnyDay|[upkeep]
|upkeep
|
|t:|1758377471
|switch|p2a: Raging Bolt|Raging Bolt|100/100
|-damage|p2a: Raging Bolt|88/100|[from] Stealth Rock
|-activate|p2a: Raging Bolt|ability: Protosynthesis
|-start|p2a: Raging Bolt|protosynthesisspa
|turn|12
|
|t:|1758377478
|switch|p1a: Hatterene|Hatterene, F, shiny|79/100
|move|p2a: Raging Bolt|Thunderclap||[still]
|-fail|p2a: Raging Bolt
|
|-weather|SunnyDay|[upkeep]
|upkeep
|turn|13
|
|t:|1758377486
|move|p2a: Raging Bolt|Rising Voltage|p1a: Hatterene
|-damage|p1a: Hatterene|29/100
|move|p1a: Hatterene|Healing Wish|p1a: Hatterene
|faint|p1a: Hatterene
|
|-weather|SunnyDay|[upkeep]
|upkeep
|
|t:|1758377500
|switch|p1a: Walking Wake|Walking Wake|100/100
|-activate|p1a: Walking Wake|ability: Protosynthesis
|-start|p1a: Walking Wake|protosynthesisspa
|turn|14
|
|t:|1758377506
|-end|p2a: Raging Bolt|Protosynthesis|[silent]
|switch|p2a: Slowking|Slowking-Galar, F|100/100
|move|p1a: Walking Wake|Dragon Pulse|p2a: Slowking
|-damage|p2a: Slowking|43/100
|
|-weather|none
|-end|p1a: Walking Wake|Protosynthesis
|upkeep
|turn|15
|
|t:|1758377516
|-end|p1a: Walking Wake|Protosynthesis|[silent]
|switch|p1a: Torkoal|Torkoal, F|53/100
|-heal|p1a: Torkoal|100/100|[from] move: Healing Wish
|-weather|SunnyDay|[from] ability: Drought|[of] p1a: Torkoal
|move|p2a: Slowking|Slack Off|p2a: Slowking
|-heal|p2a: Slowking|93/100
|
|-weather|SunnyDay|[upkeep]
|upkeep
|turn|16
|
|t:|1758377534
|-prepare|p2a: Slowking|Chilly Reception|[premajor]
|move|p2a: Slowking|Chilly Reception|p2a: Slowking
|-weather|Snowscape
|
|t:|1758377538
|switch|p2a: Iron Moth|Iron Moth|100/100|[from] Chilly Reception
|-damage|p2a: Iron Moth|75/100|[from] Stealth Rock
|move|p1a: Torkoal|Earthquake|p2a: Iron Moth
|-supereffective|p2a: Iron Moth
|-damage|p2a: Iron Moth|0 fnt
|faint|p2a: Iron Moth
|-end|p2a: Iron Moth|Quark Drive|[silent]
|
|-weather|Snowscape|[upkeep]
|upkeep
|
|t:|1758377543
|switch|p2a: Raging Bolt|Raging Bolt|88/100
|-damage|p2a: Raging Bolt|76/100|[from] Stealth Rock
|turn|17
|
|t:|1758377548
|move|p2a: Raging Bolt|Draco Meteor|p1a: Torkoal
|-damage|p1a: Torkoal|14/100
|-unboost|p2a: Raging Bolt|spa|2
|move|p1a: Torkoal|Earthquake|p2a: Raging Bolt
|-supereffective|p2a: Raging Bolt
|-damage|p2a: Raging Bolt|45/100
|
|-weather|Snowscape|[upkeep]
|upkeep
|turn|18
|
|t:|1758377557
|switch|p1a: Enamorus|Enamorus, F|100/100
|move|p2a: Raging Bolt|Rising Voltage|p1a: Enamorus
|-supereffective|p1a: Enamorus
|-damage|p1a: Enamorus|40/100
|
|-weather|Snowscape|[upkeep]
|upkeep
|turn|19
|
|t:|1758377564
|switch|p1a: Torkoal|Torkoal, F|14/100
|-weather|SunnyDay|[from] ability: Drought|[of] p1a: Torkoal
|-activate|p2a: Raging Bolt|ability: Protosynthesis
|-start|p2a: Raging Bolt|protosynthesisdef
|move|p2a: Raging Bolt|Thunderclap||[still]
|-fail|p2a: Raging Bolt
|
|-weather|SunnyDay|[upkeep]
|upkeep
|turn|20
|
|t:|1758377572
|move|p2a: Raging Bolt|Rising Voltage|p1a: Torkoal
|-damage|p1a: Torkoal|0 fnt
|faint|p1a: Torkoal
|
|-weather|SunnyDay|[upkeep]
|upkeep
|
|t:|1758377576
|switch|p1a: Walking Wake|Walking Wake|100/100
|-activate|p1a: Walking Wake|ability: Protosynthesis
|-start|p1a: Walking Wake|protosynthesisspa
|turn|21
|
|t:|1758377581
|move|p2a: Raging Bolt|Thunderclap|p1a: Walking Wake
|-damage|p1a: Walking Wake|75/100
|move|p1a: Walking Wake|Dragon Pulse|p2a: Raging Bolt
|-supereffective|p2a: Raging Bolt
|-damage|p2a: Raging Bolt|0 fnt
|faint|p2a: Raging Bolt
|-end|p2a: Raging Bolt|Protosynthesis|[silent]
|
|-weather|SunnyDay|[upkeep]
|upkeep
|
|t:|1758377584
|switch|p2a: Slowking|Slowking-Galar, F|100/100
|turn|22
|
|t:|1758377591
|move|p1a: Walking Wake|Dragon Pulse|p2a: Slowking
|-damage|p2a: Slowking|45/100
|move|p2a: Slowking|Future Sight|p1a: Walking Wake
|-start|p2a: Slowking|move: Future Sight
|
|-weather|SunnyDay|[upkeep]
|upkeep
|turn|23
|
|t:|1758377596
|move|p1a: Walking Wake|Dragon Pulse|p2a: Slowking
|-damage|p2a: Slowking|0 fnt
|faint|p2a: Slowking
|
|win|John Kritter
|raw|John Kritter's rating: 1486 &rarr; <strong>1503</strong><br />(+17 for winning)
|raw|jorgethemorge's rating: 1431 &rarr; <strong>1414</strong><br />(-17 for losing)
|l|☆John Kritter
|player|p1|
|l|☆jorgethemorge
|player|p2|
