|j|☆xilliat
|j|☆Sergiofd
|t:|1758276203
|gametype|singles
|player|p1|xilliat|265|1357
|player|p2|Sergiofd|dragontamer|1379
|gen|9
|tier|[Gen 9] OU
|rated|
|rule|HP Percentage Mod: HP is shown in percentages
|rule|Endless Battle Clause: Forcing endless battles is banned
|rule|Species Clause: Limit one of each Pokémon
|rule|OHKO Clause: OHKO moves are banned
|rule|Evasion Items Clause: Evasion items are banned
|rule|Evasion Moves Clause: Evasion moves are banned
|rule|Evasion Abilities Clause: Evasion abilities are banned
|rule|Sleep Moves Clause: Sleep-inducing moves are banned
|clearpoke
|poke|p1|Dragapult, M|
|poke|p1|Gliscor, F|
|poke|p1|Comfey, M|
|poke|p1|Kingambit, M|
|poke|p1|Ogerpon-Wellspring, F|
|poke|p1|Blaziken, M|
|poke|p2|Porygon2|
|poke|p2|Garchomp, M|
|poke|p2|Dragapult, F|
|poke|p2|Metagross|
|poke|p2|Sableye, F|
|poke|p2|Corviknight, M|
|teampreview
|inactive|Battle timer is ON: inactive players will automatically lose when time's up. (requested by Sergiofd)
|inactive|Sergiofd has 120 seconds left.
|
|t:|1758276249
|teamsize|p1|6
|teamsize|p2|6
|start
|switch|p1a: Blaziken|Blaziken, M, shiny|100/100
|switch|p2a: Sableye|Sableye, F, shiny|100/100
|turn|1
|
|t:|1758276265
|switch|p1a: Gliscor|Gliscor, F|100/100
|move|p2a: Sableye|Taunt|p1a: Gliscor
|-start|p1a: Gliscor|move: Taunt
|
|-status|p1a: Gliscor|tox|[from] item: Toxic Orb
|upkeep
|turn|2
|inactive|Sergiofd has 120 seconds left.
|
|t:|1758276291
|move|p2a: Sableye|Reflect|p2a: Sableye
|-sidestart|p2: Sergiofd|Reflect
|move|p1a: Gliscor|Poison Jab|p2a: Sableye
|-resisted|p2a: Sableye
|-damage|p2a: Sableye|96/100
|
|upkeep
|turn|3
|
|t:|1758276296
|move|p2a: Sableye|Light Screen|p2a: Sableye
|-sidestart|p2: Sergiofd|move: Light Screen
|move|p1a: Gliscor|Poison Jab|p2a: Sableye
|-resisted|p2a: Sableye
|-damage|p2a: Sableye|91/100
|-status|p2a: Sableye|psn
|
|-damage|p2a: Sableye|79/100 psn|[from] psn
|-end|p1a: Gliscor|move: Taunt
|upkeep
|turn|4
|
|t:|1758276305
|switch|p2a: Porygon2|Porygon2, shiny|100/100
|-ability|p2a: Porygon2|Download|boost
|-boost|p2a: Porygon2|spa|1
|move|p1a: Gliscor|Stealth Rock|p2a: Porygon2
|-sidestart|p2: Sergiofd|move: Stealth Rock
|
|upkeep
|turn|5
|
|t:|1758276312
|switch|p1a: Blaziken|Blaziken, M, shiny|100/100
|move|p2a: Porygon2|Tri Attack|p1a: Blaziken
|-damage|p1a: Blaziken|8/100
|
|-heal|p1a: Blaziken|14/100|[from] item: Leftovers
|upkeep
|turn|6
|
|t:|1758276321
|move|p1a: Blaziken|Protect|p1a: Blaziken
|-singleturn|p1a: Blaziken|Protect
|move|p2a: Porygon2|Tri Attack|p1a: Blaziken
|-activate|p1a: Blaziken|move: Protect
|
|-heal|p1a: Blaziken|20/100|[from] item: Leftovers
|-ability|p1a: Blaziken|Speed Boost|boost
|-boost|p1a: Blaziken|spe|1
|upkeep
|turn|7
|
|t:|1758276330
|switch|p1a: Dragapult|Dragapult, M, shiny|100/100
|move|p2a: Porygon2|Tri Attack|p1a: Dragapult
|-immune|p1a: Dragapult
|
|upkeep
|turn|8
|
|t:|1758276335
|move|p1a: Dragapult|Draco Meteor|p2a: Porygon2
|-damage|p2a: Porygon2|80/100
|-unboost|p1a: Dragapult|spa|2
|-damage|p1a: Dragapult|91/100|[from] item: Life Orb
|move|p2a: Porygon2|Ice Beam|p1a: Dragapult
|-supereffective|p1a: Dragapult
|-damage|p1a: Dragapult|0 fnt
|faint|p1a: Dragapult
|
|upkeep
|
|t:|1758276341
|switch|p1a: Comfey|Comfey, M, shiny|100/100
|turn|9
|
|t:|1758276347
|switch|p1a: Gliscor|Gliscor, F|100/100 tox
|move|p2a: Porygon2|Tri Attack|p1a: Gliscor
|-damage|p1a: Gliscor|28/100 tox
|
|-heal|p1a: Gliscor|40/100 tox|[from] ability: Poison Heal
|-sideend|p2: Sergiofd|Reflect
|upkeep
|turn|10
|
|t:|1758276357
|move|p1a: Gliscor|Protect|p1a: Gliscor
|-singleturn|p1a: Gliscor|Protect
|move|p2a: Porygon2|Recover|p2a: Porygon2
|-heal|p2a: Porygon2|100/100
|
|-heal|p1a: Gliscor|52/100 tox|[from] ability: Poison Heal
|-sideend|p2: Sergiofd|move: Light Screen
|upkeep
|turn|11
|
|t:|1758276364
|-terastallize|p1a: Gliscor|Water
|move|p1a: Gliscor|Poison Jab|p2a: Porygon2
|-damage|p2a: Porygon2|89/100
|-status|p2a: Porygon2|psn
|move|p2a: Porygon2|Tri Attack|p1a: Gliscor
|-damage|p1a: Gliscor|0 fnt
|faint|p1a: Gliscor
|
|-damage|p2a: Porygon2|77/100 psn|[from] psn
|upkeep
|
|t:|1758276369
|switch|p1a: Comfey|Comfey, M, shiny|100/100
|turn|12
|
|t:|1758276376
|move|p1a: Comfey|Calm Mind|p1a: Comfey
|-boost|p1a: Comfey|spa|1
|-boost|p1a: Comfey|spd|1
|move|p2a: Porygon2|Tri Attack|p1a: Comfey
|-damage|p1a: Comfey|63/100
|
|-damage|p2a: Porygon2|65/100 psn|[from] psn
|upkeep
|turn|13
|
|t:|1758276385
|switch|p2a: Sableye|Sableye, F, shiny|79/100 psn
|-damage|p2a: Sableye|66/100 psn|[from] Stealth Rock
|move|p1a: Comfey|Draining Kiss|p2a: Sableye
|-supereffective|p2a: Sableye
|-damage|p2a: Sableye|0 fnt
|-heal|p1a: Comfey|100/100|[from] drain|[of] p2a: Sableye
|faint|p2a: Sableye
|-damage|p1a: Comfey|91/100|[from] item: Life Orb
|
|upkeep
|
|t:|1758276395
|switch|p2a: Metagross|Metagross, shiny|100/100
|-damage|p2a: Metagross|94/100|[from] Stealth Rock
|turn|14
|
|t:|1758276404
|switch|p1a: Kingambit|Kingambit, M, shiny|100/100
|-activate|p1a: Kingambit|ability: Supreme Overlord
|-start|p1a: Kingambit|fallen2|[silent]
|move|p2a: Metagross|Agility|p2a: Metagross
|-boost|p2a: Metagross|spe|2
|
|upkeep
|turn|15
|
|t:|1758276411
|move|p1a: Kingambit|Sucker Punch|p2a: Metagross
|-supereffective|p2a: Metagross
|-damage|p2a: Metagross|11/100
|-enditem|p2a: Metagross|Weakness Policy
|-boost|p2a: Metagross|atk|2|[from] item: Weakness Policy
|-boost|p2a: Metagross|spa|2|[from] item: Weakness Policy
|move|p2a: Metagross|Earthquake|p1a: Kingambit
|-supereffective|p1a: Kingambit
|-damage|p1a: Kingambit|0 fnt
|faint|p1a: Kingambit
|-end|p1a: Kingambit|fallen2|[silent]
|
|upkeep
|
|t:|1758276417
|switch|p1a: Ogerpon|Ogerpon-Wellspring, F|100/100
|turn|16
|
|t:|1758276422
|move|p2a: Metagross|Psychic Fangs|p1a: Ogerpon
|-damage|p1a: Ogerpon|0 fnt
|faint|p1a: Ogerpon
|
|upkeep
|
|t:|1758276425
|switch|p1a: Comfey|Comfey, M, shiny|91/100
|turn|17
|
|t:|1758276430
|move|p1a: Comfey|Draining Kiss|p2a: Metagross
|-resisted|p2a: Metagross
|-damage|p2a: Metagross|0 fnt
|-heal|p1a: Comfey|99/100|[from] drain|[of] p2a: Metagross
|faint|p2a: Metagross
|-damage|p1a: Comfey|89/100|[from] item: Life Orb
|
|upkeep
|c|☆xilliat|gg wp
|
|t:|1758276438
|switch|p2a: Corviknight|Corviknight, M, shiny|100/100
|-damage|p2a: Corviknight|88/100|[from] Stealth Rock
|turn|18
|c|☆xilliat|u outplayed me so hard
|-message|xilliat forfeited.
|
|win|Sergiofd
|raw|xilliat's rating: 1357 &rarr; <strong>1338</strong><br />(-19 for losing)
|raw|Sergiofd's rating: 1379 &rarr; <strong>1398</strong><br />(+19 for winning)
|l|☆xilliat
|player|p1|
|l|☆Sergiofd
|player|p2|
