|j|☆Laughrjx
|j|☆xilliat
|t:|1758261806
|gametype|singles
|player|p1|Laughrjx|n|1375
|player|p2|xilliat|265|1412
|gen|9
|tier|[Gen 9] OU
|rated|
|rule|HP Percentage Mod: HP is shown in percentages
|rule|Endless Battle Clause: Forcing endless battles is banned
|rule|Species Clause: Limit one of each Pokémon
|rule|OHKO Clause: OHKO moves are banned
|rule|Evasion Items Clause: Evasion items are banned
|rule|Evasion Moves Clause: Evasion moves are banned
|rule|Evasion Abilities Clause: Evasion abilities are banned
|rule|Sleep Moves Clause: Sleep-inducing moves are banned
|clearpoke
|poke|p1|Ceruledge, F|
|poke|p1|Grimmsnarl, M|
|poke|p1|Kingambit, M|
|poke|p1|Greninja-*, M|
|poke|p1|Goodra, M|
|poke|p1|Great Tusk|
|poke|p2|Pelipper, F|
|poke|p2|Basculegion-F, F|
|poke|p2|Kingambit, F|
|poke|p2|Drednaw, F|
|poke|p2|Iron Treads|
|poke|p2|Thundurus-Therian, M|
|teampreview
|inactive|Battle timer is ON: inactive players will automatically lose when time's up. (requested by Laughrjx)
|
|t:|1758261822
|teamsize|p1|6
|teamsize|p2|6
|start
|switch|p1a: Green Goblin|Grimmsnarl, M|100/100
|switch|p2a: Iron Treads|Iron Treads|100/100
|turn|1
|
|t:|1758261829
|move|p1a: Green Goblin|Light Screen|p1a: Green Goblin
|-sidestart|p1: Laughrjx|move: Light Screen
|move|p2a: Iron Treads|Iron Head|p1a: Green Goblin
|-supereffective|p1a: Green Goblin
|-damage|p1a: Green Goblin|29/100
|
|upkeep
|turn|2
|
|t:|1758261833
|move|p1a: Green Goblin|Reflect|p1a: Green Goblin
|-sidestart|p1: Laughrjx|Reflect
|move|p2a: Iron Treads|Stealth Rock|p1a: Green Goblin
|-sidestart|p1: Laughrjx|move: Stealth Rock
|
|upkeep
|turn|3
|
|t:|1758261841
|move|p1a: Green Goblin|Parting Shot|p2a: Iron Treads
|-unboost|p2a: Iron Treads|atk|1
|-unboost|p2a: Iron Treads|spa|1
|
|t:|1758261843
|switch|p1a: Dark bull|Great Tusk|100/100|[from] Parting Shot
|-damage|p1a: Dark bull|98/100|[from] Stealth Rock
|-enditem|p1a: Dark bull|Booster Energy
|-activate|p1a: Dark bull|ability: Protosynthesis|[fromitem]
|-start|p1a: Dark bull|protosynthesisatk
|move|p2a: Iron Treads|Rapid Spin|p1a: Dark bull
|-damage|p1a: Dark bull|94/100
|-boost|p2a: Iron Treads|spe|1
|
|upkeep
|turn|4
|
|t:|1758261856
|-end|p2a: Iron Treads|Quark Drive|[silent]
|switch|p2a: Pelipper|Pelipper, F|100/100
|-weather|RainDance|[from] ability: Drizzle|[of] p2a: Pelipper
|move|p1a: Dark bull|Rapid Spin|p2a: Pelipper
|-damage|p2a: Pelipper|84/100
|-boost|p1a: Dark bull|spe|1
|-sideend|p1: Laughrjx|Stealth Rock|[from] move: Rapid Spin|[of] p1a: Dark bull
|
|-weather|RainDance|[upkeep]
|upkeep
|turn|5
|
|t:|1758261873
|move|p1a: Dark bull|Rapid Spin|p2a: Pelipper
|-damage|p2a: Pelipper|66/100
|-boost|p1a: Dark bull|spe|1
|move|p2a: Pelipper|Hurricane|p1a: Dark bull
|-supereffective|p1a: Dark bull
|-damage|p1a: Dark bull|39/100
|
|-weather|RainDance|[upkeep]
|upkeep
|turn|6
|
|t:|1758261879
|move|p2a: Pelipper|Protect|p2a: Pelipper
|-singleturn|p2a: Pelipper|Protect
|move|p1a: Dark bull|Ice Spinner|p2a: Pelipper
|-activate|p2a: Pelipper|move: Protect
|
|-weather|RainDance|[upkeep]
|upkeep
|turn|7
|
|t:|1758261887
|move|p1a: Dark bull|Ice Spinner|p2a: Pelipper
|-damage|p2a: Pelipper|38/100
|move|p2a: Pelipper|Surf|p1a: Dark bull
|-supereffective|p1a: Dark bull
|-damage|p1a: Dark bull|0 fnt
|faint|p1a: Dark bull
|-end|p1a: Dark bull|Protosynthesis|[silent]
|
|-weather|RainDance|[upkeep]
|upkeep
|
|t:|1758261898
|switch|p1a: TT|Goodra, M|100/100
|turn|8
|
|t:|1758261900
|move|p2a: Pelipper|Protect|p2a: Pelipper
|-singleturn|p2a: Pelipper|Protect
|move|p1a: TT|Thunderbolt|p2a: Pelipper
|-activate|p2a: Pelipper|move: Protect
|
|-weather|RainDance|[upkeep]
|-sideend|p1: Laughrjx|move: Light Screen
|upkeep
|turn|9
|
|t:|1758261908
|switch|p2a: Iron Treads|Iron Treads|100/100
|move|p1a: TT|Dragon Pulse|p2a: Iron Treads
|-resisted|p2a: Iron Treads
|-damage|p2a: Iron Treads|70/100
|
|-weather|RainDance|[upkeep]
|-sideend|p1: Laughrjx|Reflect
|upkeep
|turn|10
|
|t:|1758261915
|move|p2a: Iron Treads|Stealth Rock|p1a: TT
|-sidestart|p1: Laughrjx|move: Stealth Rock
|move|p1a: TT|Flamethrower|p2a: Iron Treads
|-supereffective|p2a: Iron Treads
|-damage|p2a: Iron Treads|25/100
|
|-weather|RainDance|[upkeep]
|upkeep
|turn|11
|
|t:|1758261922
|-end|p2a: Iron Treads|Quark Drive|[silent]
|switch|p2a: Basculegion|Basculegion-F, F|100/100
|move|p1a: TT|Flamethrower|p2a: Basculegion
|-resisted|p2a: Basculegion
|-damage|p2a: Basculegion|92/100
|
|-weather|none
|upkeep
|turn|12
|
|t:|1758261933
|move|p2a: Basculegion|Ice Beam|p1a: TT
|-supereffective|p1a: TT
|-damage|p1a: TT|63/100
|move|p1a: TT|Thunderbolt|p2a: Basculegion
|-supereffective|p2a: Basculegion
|-damage|p2a: Basculegion|16/100
|
|upkeep
|turn|13
|
|t:|1758261939
|switch|p2a: Iron Treads|Iron Treads|25/100
|move|p1a: TT|Dragon Pulse|p2a: Iron Treads
|-resisted|p2a: Iron Treads
|-damage|p2a: Iron Treads|0 fnt
|faint|p2a: Iron Treads
|-end|p2a: Iron Treads|Quark Drive|[silent]
|
|upkeep
|
|t:|1758261944
|switch|p2a: Pelipper|Pelipper, F|38/100
|-weather|RainDance|[from] ability: Drizzle|[of] p2a: Pelipper
|turn|14
|
|t:|1758261950
|switch|p2a: Thundurus|Thundurus-Therian, M|100/100
|move|p1a: TT|Thunderbolt|p2a: Thundurus
|-immune|p2a: Thundurus|[from] ability: Volt Absorb
|
|-weather|RainDance|[upkeep]
|upkeep
|turn|15
|
|t:|1758261956
|move|p2a: Thundurus|Volt Switch|p1a: TT
|-resisted|p1a: TT
|-damage|p1a: TT|55/100
|
|t:|1758261962
|switch|p2a: Drednaw|Drednaw, F, shiny|100/100|[from] Volt Switch
|move|p1a: TT|Dragon Pulse|p2a: Drednaw
|-damage|p2a: Drednaw|33/100
|
|-weather|RainDance|[upkeep]
|upkeep
|turn|16
|
|t:|1758261967
|move|p2a: Drednaw|Ice Spinner|p1a: TT
|-supereffective|p1a: TT
|-damage|p1a: TT|0 fnt
|-ability|p1a: TT|Gooey
|-unboost|p2a: Drednaw|spe|1
|faint|p1a: TT
|-enditem|p2a: Drednaw|White Herb
|-clearnegativeboost|p2a: Drednaw|[silent]
|
|-weather|RainDance|[upkeep]
|upkeep
|
|t:|1758261972
|switch|p1a: Green Goblin|Grimmsnarl, M|29/100
|-damage|p1a: Green Goblin|16/100|[from] Stealth Rock
|turn|17
|
|t:|1758261976
|move|p1a: Green Goblin|Reflect|p1a: Green Goblin
|-sidestart|p1: Laughrjx|Reflect
|move|p2a: Drednaw|Ice Spinner|p1a: Green Goblin
|-damage|p1a: Green Goblin|0 fnt
|faint|p1a: Green Goblin
|
|-weather|RainDance|[upkeep]
|upkeep
|
|t:|1758261982
|switch|p1a: Naruto|Greninja, M|100/100
|-damage|p1a: Naruto|88/100|[from] Stealth Rock
|turn|18
|
|t:|1758261988
|move|p2a: Drednaw|Head Smash|p1a: Naruto|[miss]
|-miss|p2a: Drednaw|p1a: Naruto
|move|p1a: Naruto|Surf|p2a: Drednaw
|-damage|p2a: Drednaw|0 fnt
|faint|p2a: Drednaw
|-ability|p1a: Naruto|Battle Bond|boost
|-boost|p1a: Naruto|atk|1
|-boost|p1a: Naruto|spa|1
|-boost|p1a: Naruto|spe|1
|-activate|p1a: Naruto|ability: Battle Bond
|-damage|p1a: Naruto|78/100|[from] item: Life Orb
|
|-weather|RainDance|[upkeep]
|upkeep
|
|t:|1758261991
|switch|p2a: Thundurus|Thundurus-Therian, M|100/100
|turn|19
|
|t:|1758261996
|move|p1a: Naruto|Ice Beam|p2a: Thundurus
|-supereffective|p2a: Thundurus
|-damage|p2a: Thundurus|0 fnt
|faint|p2a: Thundurus
|-damage|p1a: Naruto|69/100|[from] item: Life Orb
|
|-weather|RainDance|[upkeep]
|upkeep
|
|t:|1758261998
|switch|p2a: Kingambit|Kingambit, F|100/100
|-activate|p2a: Kingambit|ability: Supreme Overlord
|-start|p2a: Kingambit|fallen3|[silent]
|turn|20
|
|t:|1758262016
|move|p2a: Kingambit|Sucker Punch|p1a: Naruto
|-resisted|p1a: Naruto
|-damage|p1a: Naruto|48/100
|move|p1a: Naruto|Surf|p2a: Kingambit
|-damage|p2a: Kingambit|0 fnt
|faint|p2a: Kingambit
|-end|p2a: Kingambit|fallen3|[silent]
|-damage|p1a: Naruto|38/100|[from] item: Life Orb
|
|-weather|RainDance|[upkeep]
|upkeep
|
|t:|1758262019
|switch|p2a: Basculegion|Basculegion-F, F|16/100
|turn|21
|
|t:|1758262026
|-terastallize|p2a: Basculegion|Water
|move|p1a: Naruto|Water Shuriken|p2a: Basculegion
|-resisted|p2a: Basculegion
|-damage|p2a: Basculegion|5/100
|-resisted|p2a: Basculegion
|-damage|p2a: Basculegion|0 fnt
|faint|p2a: Basculegion
|-hitcount|p2: Basculegion|2
|-damage|p1a: Naruto|28/100|[from] item: Life Orb
|
|-weather|none
|upkeep
|-message|xilliat forfeited.
|
|win|Laughrjx
|raw|Laughrjx's rating: 1375 &rarr; <strong>1397</strong><br />(+22 for winning)
|raw|xilliat's rating: 1412 &rarr; <strong>1390</strong><br />(-22 for losing)
|l|☆xilliat
|player|p2|
|l|☆Laughrjx
|player|p1|
