|j|☆LovingsFavPupil
|j|☆NightZero
|t:|1758289045
|gametype|singles
|player|p1|LovingsFavPupil|102|1260
|player|p2|NightZero|gaeric|1260
|gen|9
|tier|[Gen 9] OU
|rated|
|rule|HP Percentage Mod: HP is shown in percentages
|rule|Endless Battle Clause: Forcing endless battles is banned
|rule|Species Clause: Limit one of each Pokémon
|rule|OHKO Clause: OHKO moves are banned
|rule|Evasion Items Clause: Evasion items are banned
|rule|Evasion Moves Clause: Evasion moves are banned
|rule|Evasion Abilities Clause: Evasion abilities are banned
|rule|Sleep Moves Clause: Sleep-inducing moves are banned
|clearpoke
|poke|p1|Alomomola, M|
|poke|p1|Hoopa-Unbound|
|poke|p1|Cinderace, F|
|poke|p1|Dragapult, M|
|poke|p1|Great Tusk|
|poke|p1|Iron Valiant|
|poke|p2|Ting-Lu|
|poke|p2|Iron Hands|
|poke|p2|Weezing-Galar, F|
|poke|p2|Venusaur, M|
|poke|p2|Ninetales, F|
|poke|p2|Glalie, M|
|teampreview
|inactive|Battle timer is ON: inactive players will automatically lose when time's up. (requested by NightZero)
|inactive|LovingsFavPupil also wants the timer to be on.
|
|t:|1758289062
|teamsize|p1|6
|teamsize|p2|6
|start
|switch|p1a: Great Tusk|Great Tusk|100/100
|switch|p2a: Ninetales|Ninetales, F|100/100
|-weather|SunnyDay|[from] ability: Drought|[of] p2a: Ninetales
|-activate|p1a: Great Tusk|ability: Protosynthesis
|-start|p1a: Great Tusk|protosynthesisatk
|turn|1
|
|t:|1758289075
|move|p2a: Ninetales|Will-O-Wisp|p1a: Great Tusk|[miss]
|-miss|p2a: Ninetales|p1a: Great Tusk
|move|p1a: Great Tusk|Stealth Rock|p2a: Ninetales
|-sidestart|p2: NightZero|move: Stealth Rock
|
|-weather|SunnyDay|[upkeep]
|upkeep
|turn|2
|
|t:|1758289083
|move|p2a: Ninetales|Encore|p1a: Great Tusk
|-start|p1a: Great Tusk|Encore
|move|p1a: Great Tusk|Stealth Rock||[still]
|-fail|p1a: Great Tusk
|
|-weather|SunnyDay|[upkeep]
|upkeep
|turn|3
|
|t:|1758289090
|-end|p1a: Great Tusk|Protosynthesis|[silent]
|switch|p1a: Alomomola|Alomomola, M|100/100
|move|p2a: Ninetales|Will-O-Wisp|p1a: Alomomola
|-status|p1a: Alomomola|brn
|
|-weather|SunnyDay|[upkeep]
|-damage|p1a: Alomomola|94/100 brn|[from] brn
|upkeep
|turn|4
|
|t:|1758289102
|switch|p2a: Venusaur|Venusaur, M|100/100
|-damage|p2a: Venusaur|88/100|[from] Stealth Rock
|move|p1a: Alomomola|Tickle|p2a: Venusaur
|-unboost|p2a: Venusaur|atk|1
|-unboost|p2a: Venusaur|def|1
|
|-weather|SunnyDay|[upkeep]
|-damage|p1a: Alomomola|88/100 brn|[from] brn
|upkeep
|turn|5
|
|t:|1758289112
|switch|p1a: Hoopa|Hoopa-Unbound|100/100
|move|p2a: Venusaur|Growth|p2a: Venusaur
|-boost|p2a: Venusaur|atk|2
|-boost|p2a: Venusaur|spa|2
|
|-weather|SunnyDay|[upkeep]
|upkeep
|turn|6
|inactive|LovingsFavPupil has 120 seconds left.
|
|t:|1758289148
|move|p2a: Venusaur|Sludge Bomb|p1a: Hoopa
|-damage|p1a: Hoopa|51/100
|-damage|p2a: Venusaur|78/100|[from] item: Life Orb
|move|p1a: Hoopa|Psychic Noise|p2a: Venusaur
|-supereffective|p2a: Venusaur
|-damage|p2a: Venusaur|0 fnt
|faint|p2a: Venusaur
|
|-weather|SunnyDay|[upkeep]
|upkeep
|
|t:|1758289158
|switch|p2a: Weezing|Weezing-Galar, F|100/100
|-ability|p2a: Weezing|Neutralizing Gas
|turn|7
|inactive|LovingsFavPupil has 120 seconds left.
|
|t:|1758289168
|move|p1a: Hoopa|Psychic Noise|p2a: Weezing
|-supereffective|p2a: Weezing
|-crit|p2a: Weezing
|-damage|p2a: Weezing|0 fnt
|faint|p2a: Weezing
|-end|p2a: Weezing|ability: Neutralizing Gas
|
|-weather|SunnyDay|[upkeep]
|upkeep
|
|t:|1758289179
|switch|p2a: Ting-Lu|Ting-Lu|100/100
|-damage|p2a: Ting-Lu|94/100|[from] Stealth Rock
|-ability|p2a: Ting-Lu|Vessel of Ruin
|turn|8
|
|t:|1758289185
|move|p1a: Hoopa|Drain Punch|p2a: Ting-Lu
|-supereffective|p2a: Ting-Lu
|-damage|p2a: Ting-Lu|64/100
|-heal|p1a: Hoopa|73/100|[from] drain|[of] p2a: Ting-Lu
|move|p2a: Ting-Lu|Ruination|p1a: Hoopa
|-damage|p1a: Hoopa|37/100
|
|-weather|none
|-heal|p2a: Ting-Lu|70/100|[from] item: Leftovers
|upkeep
|turn|9
|
|t:|1758289199
|move|p1a: Hoopa|Drain Punch|p2a: Ting-Lu
|-supereffective|p2a: Ting-Lu
|-damage|p2a: Ting-Lu|43/100
|-heal|p1a: Hoopa|56/100|[from] drain|[of] p2a: Ting-Lu
|move|p2a: Ting-Lu|Earthquake|p1a: Hoopa
|-damage|p1a: Hoopa|18/100
|
|-heal|p2a: Ting-Lu|49/100|[from] item: Leftovers
|upkeep
|turn|10
|
|t:|1758289213
|move|p1a: Hoopa|Knock Off|p2a: Ting-Lu
|-resisted|p2a: Ting-Lu
|-damage|p2a: Ting-Lu|36/100
|-enditem|p2a: Ting-Lu|Leftovers|[from] move: Knock Off|[of] p1a: Hoopa
|move|p2a: Ting-Lu|Earthquake|p1a: Hoopa
|-damage|p1a: Hoopa|0 fnt
|faint|p1a: Hoopa
|
|upkeep
|inactive|LovingsFavPupil has 120 seconds left.
|
|t:|1758289233
|switch|p1a: Iron Valiant|Iron Valiant|100/100
|turn|11
|
|t:|1758289238
|move|p1a: Iron Valiant|Moonblast|p2a: Ting-Lu
|-supereffective|p2a: Ting-Lu
|-damage|p2a: Ting-Lu|0 fnt
|faint|p2a: Ting-Lu
|
|upkeep
|
|t:|1758289245
|switch|p2a: Ninetales|Ninetales, F|100/100
|-damage|p2a: Ninetales|76/100|[from] Stealth Rock
|-weather|SunnyDay|[from] ability: Drought|[of] p2a: Ninetales
|turn|12
|
|t:|1758289252
|-terastallize|p1a: Iron Valiant|Fairy
|move|p1a: Iron Valiant|Moonblast|p2a: Ninetales
|-resisted|p2a: Ninetales
|-damage|p2a: Ninetales|34/100
|move|p2a: Ninetales|Will-O-Wisp|p1a: Iron Valiant
|-status|p1a: Iron Valiant|brn
|
|-weather|SunnyDay|[upkeep]
|-damage|p1a: Iron Valiant|94/100 brn|[from] brn
|upkeep
|turn|13
|
|t:|1758289263
|move|p1a: Iron Valiant|Moonblast|p2a: Ninetales
|-resisted|p2a: Ninetales
|-damage|p2a: Ninetales|0 fnt
|faint|p2a: Ninetales
|
|-weather|SunnyDay|[upkeep]
|-damage|p1a: Iron Valiant|88/100 brn|[from] brn
|upkeep
|
|t:|1758289266
|switch|p2a: Glalie|Glalie, M, shiny|100/100
|-damage|p2a: Glalie|76/100|[from] Stealth Rock
|turn|14
|
|t:|1758289274
|move|p1a: Iron Valiant|Moonblast|p2a: Glalie
|-damage|p2a: Glalie|0 fnt
|faint|p2a: Glalie
|
|-weather|SunnyDay|[upkeep]
|-damage|p1a: Iron Valiant|82/100 brn|[from] brn
|upkeep
|
|t:|1758289276
|switch|p2a: Iron Hands|Iron Hands|100/100
|-damage|p2a: Iron Hands|94/100|[from] Stealth Rock
|-enditem|p2a: Iron Hands|Booster Energy
|-activate|p2a: Iron Hands|ability: Quark Drive|[fromitem]
|-start|p2a: Iron Hands|quarkdriveatk
|turn|15
|
|t:|1758289287
|-terastallize|p2a: Iron Hands|Flying
|move|p1a: Iron Valiant|Moonblast|p2a: Iron Hands
|-damage|p2a: Iron Hands|10/100
|move|p2a: Iron Hands|Thunder Punch|p1a: Iron Valiant
|-damage|p1a: Iron Valiant|6/100 brn
|
|-weather|SunnyDay|[upkeep]
|-damage|p1a: Iron Valiant|0 fnt|[from] brn
|faint|p1a: Iron Valiant
|-end|p1a: Iron Valiant|Quark Drive|[silent]
|upkeep
|
|t:|1758289301
|switch|p1a: Cinderace|Cinderace, F|100/100
|turn|16
|
|t:|1758289309
|move|p1a: Cinderace|U-turn|p2a: Iron Hands
|-start|p1a: Cinderace|typechange|Bug|[from] ability: Libero
|-resisted|p2a: Iron Hands
|-damage|p2a: Iron Hands|0 fnt
|faint|p2a: Iron Hands
|-end|p2a: Iron Hands|Quark Drive|[silent]
|
|win|LovingsFavPupil
|raw|LovingsFavPupil's rating: 1260 &rarr; <strong>1285</strong><br />(+25 for winning)
|raw|NightZero's rating: 1260 &rarr; <strong>1235</strong><br />(-25 for losing)
|l|☆NightZero
|player|p2|
|l|☆LovingsFavPupil
|player|p1|
