|j|☆ChanceMT
|j|☆Hunter_of_Keys
|t:|1758347258
|gametype|singles
|player|p1|ChanceMT|169|1432
|player|p2|Hunter_of_Keys|veteran|1440
|gen|9
|tier|[Gen 9] OU
|rated|
|rule|HP Percentage Mod: HP is shown in percentages
|rule|Endless Battle Clause: Forcing endless battles is banned
|rule|Species Clause: Limit one of each Pokémon
|rule|OHKO Clause: OHKO moves are banned
|rule|Evasion Items Clause: Evasion items are banned
|rule|Evasion Moves Clause: Evasion moves are banned
|rule|Evasion Abilities Clause: Evasion abilities are banned
|rule|Sleep Moves Clause: Sleep-inducing moves are banned
|clearpoke
|poke|p1|Dragonite, M|
|poke|p1|Gholdengo|
|poke|p1|Deoxys-Speed|
|poke|p1|Gliscor, M|
|poke|p1|Samurott-Hisui, M|
|poke|p1|Iron Valiant|
|poke|p2|Espeon, M|
|poke|p2|Indeedee, M|
|poke|p2|Armarouge, F|
|poke|p2|Gallade, M|
|poke|p2|Cresselia, F|
|poke|p2|Rabsca, F|
|teampreview
|inactive|Battle timer is ON: inactive players will automatically lose when time's up. (requested by Hunter_of_Keys)
|inactive|ChanceMT also wants the timer to be on.
|
|t:|1758347266
|teamsize|p1|6
|teamsize|p2|6
|start
|switch|p1a: Deoxys|Deoxys-Speed|100/100
|switch|p2a: Gallade|Gallade, M|100/100
|-ability|p1a: Deoxys|Pressure
|turn|1
|
|t:|1758347273
|switch|p2a: Espeon|Espeon, M|100/100
|move|p1a: Deoxys|Stealth Rock|p2a: Espeon
|move|p2a: Espeon|Stealth Rock|p1a: Deoxys|[from] ability: Magic Bounce
|-sidestart|p1: ChanceMT|move: Stealth Rock
|
|upkeep
|turn|2
|
|t:|1758347280
|move|p1a: Deoxys|Nasty Plot|p1a: Deoxys
|-boost|p1a: Deoxys|spa|2
|move|p2a: Espeon|Thunder Wave|p1a: Deoxys
|-status|p1a: Deoxys|par
|
|upkeep
|turn|3
|
|t:|1758347290
|move|p2a: Espeon|Psychic Noise|p1a: Deoxys
|-resisted|p1a: Deoxys
|-damage|p1a: Deoxys|76/100 par
|-start|p1a: Deoxys|move: Heal Block
|move|p1a: Deoxys|Ice Beam|p2a: Espeon
|-damage|p2a: Espeon|51/100
|
|upkeep
|turn|4
|
|t:|1758347298
|move|p2a: Espeon|Psyshock|p1a: Deoxys
|-resisted|p1a: Deoxys
|-damage|p1a: Deoxys|47/100 par
|move|p1a: Deoxys|Psycho Boost|p2a: Espeon
|-resisted|p2a: Espeon
|-damage|p2a: Espeon|0 fnt
|-unboost|p1a: Deoxys|spa|2
|faint|p2a: Espeon
|
|-end|p1a: Deoxys|move: Heal Block
|upkeep
|
|t:|1758347310
|switch|p2a: Gallade|Gallade, M|100/100
|turn|5
|
|t:|1758347327
|move|p2a: Gallade|Night Slash|p1a: Deoxys
|-supereffective|p1a: Deoxys
|-damage|p1a: Deoxys|0 fnt
|faint|p1a: Deoxys
|
|upkeep
|
|t:|1758347335
|switch|p1a: Samurott|Samurott-Hisui, M|100/100
|-damage|p1a: Samurott|88/100|[from] Stealth Rock
|turn|6
|
|t:|1758347338
|move|p1a: Samurott|Ceaseless Edge|p2a: Gallade
|-enditem|p2a: Gallade|Focus Sash
|-damage|p2a: Gallade|1/100
|-sidestart|p2: Hunter_of_Keys|Spikes
|move|p2a: Gallade|Sacred Sword|p1a: Samurott
|-supereffective|p1a: Samurott
|-damage|p1a: Samurott|0 fnt
|faint|p1a: Samurott
|
|upkeep
|
|t:|1758347355
|switch|p1a: Dragonite|Dragonite, M|100/100
|turn|7
|
|t:|1758347361
|switch|p2a: Cresselia|Cresselia, F|100/100
|move|p1a: Dragonite|Extreme Speed|p2a: Cresselia
|-damage|p2a: Cresselia|82/100
|-damage|p1a: Dragonite|84/100|[from] item: Rocky Helmet|[of] p2a: Cresselia
|
|upkeep
|turn|8
|
|t:|1758347370
|switch|p1a: Gholdengo|Gholdengo|100/100
|-damage|p1a: Gholdengo|94/100|[from] Stealth Rock
|-item|p1a: Gholdengo|Air Balloon
|move|p2a: Cresselia|Thunder Wave|p1a: Gholdengo
|-immune|p1a: Gholdengo|[from] ability: Good as Gold
|
|upkeep
|turn|9
|
|t:|1758347378
|switch|p2a: Indeedee|Indeedee, M|100/100
|-damage|p2a: Indeedee|88/100|[from] Spikes
|-fieldstart|move: Psychic Terrain|[from] ability: Psychic Surge|[of] p2a: Indeedee
|move|p1a: Gholdengo|Nasty Plot|p1a: Gholdengo
|-boost|p1a: Gholdengo|spa|2
|
|upkeep
|turn|10
|
|t:|1758347385
|move|p2a: Indeedee|Shadow Ball|p1a: Gholdengo
|-supereffective|p1a: Gholdengo
|-damage|p1a: Gholdengo|43/100
|-enditem|p1a: Gholdengo|Air Balloon
|move|p1a: Gholdengo|Make It Rain|p2a: Indeedee
|-damage|p2a: Indeedee|0 fnt
|-unboost|p1a: Gholdengo|spa|1
|faint|p2a: Indeedee
|
|upkeep
|
|t:|1758347389
|switch|p2a: Armarouge|Armarouge, F|100/100
|-damage|p2a: Armarouge|88/100|[from] Spikes
|turn|11
|
|t:|1758347397
|move|p2a: Armarouge|Armor Cannon|p1a: Gholdengo
|-supereffective|p1a: Gholdengo
|-damage|p1a: Gholdengo|0 fnt
|-unboost|p2a: Armarouge|def|1
|-unboost|p2a: Armarouge|spd|1
|faint|p1a: Gholdengo
|
|upkeep
|inactive|ChanceMT has 120 seconds left.
|
|t:|1758347446
|switch|p1a: Dragonite|Dragonite, M|84/100
|turn|12
|
|t:|1758347453
|switch|p2a: Cresselia|Cresselia, F|82/100
|-terastallize|p1a: Dragonite|Normal
|move|p1a: Dragonite|Extreme Speed|p2a: Cresselia
|-hint|Psychic Terrain doesn't affect Pokémon immune to Ground.
|-damage|p2a: Cresselia|55/100
|-damage|p1a: Dragonite|68/100|[from] item: Rocky Helmet|[of] p2a: Cresselia
|
|upkeep
|turn|13
|inactive|ChanceMT has 120 seconds left.
|
|t:|1758347463
|switch|p1a: Gliscor|Gliscor, M|100/100
|-damage|p1a: Gliscor|88/100|[from] Stealth Rock
|move|p2a: Cresselia|Thunder Wave|p1a: Gliscor
|-immune|p1a: Gliscor
|
|-status|p1a: Gliscor|tox|[from] item: Toxic Orb
|upkeep
|turn|14
|inactive|ChanceMT has 120 seconds left.
|
|t:|1758347470
|move|p1a: Gliscor|Toxic|p2a: Cresselia
|-status|p2a: Cresselia|tox
|move|p2a: Cresselia|Ice Beam|p1a: Gliscor
|-supereffective|p1a: Gliscor
|-damage|p1a: Gliscor|27/100 tox
|
|-heal|p1a: Gliscor|39/100 tox|[from] ability: Poison Heal
|-damage|p2a: Cresselia|49/100 tox|[from] psn
|upkeep
|turn|15
|
|t:|1758347477
|move|p1a: Gliscor|Protect|p1a: Gliscor
|-singleturn|p1a: Gliscor|Protect
|move|p2a: Cresselia|Lunar Dance|p2a: Cresselia
|faint|p2a: Cresselia
|
|-heal|p1a: Gliscor|52/100 tox|[from] ability: Poison Heal
|upkeep
|
|t:|1758347485
|switch|p2a: Rabsca|Rabsca, F|100/100
|-damage|p2a: Rabsca|88/100|[from] Spikes
|turn|16
|
|t:|1758347489
|move|p1a: Gliscor|Swords Dance|p1a: Gliscor
|-boost|p1a: Gliscor|atk|2
|move|p2a: Rabsca|Revival Blessing|p2a: Rabsca
|-enditem|p2a: Rabsca|Leppa Berry|[eat]
|-activate|p2a: Rabsca|item: Leppa Berry|Revival Blessing|[consumed]
|
|t:|1758347497
|-heal|p2: Indeedee|50/100|[from] move: Revival Blessing
|
|-heal|p1a: Gliscor|64/100 tox|[from] ability: Poison Heal
|-fieldend|move: Psychic Terrain
|upkeep
|turn|17
|
|t:|1758347507
|move|p1a: Gliscor|Toxic|p2a: Rabsca
|-status|p2a: Rabsca|tox
|-activate|p2a: Rabsca|ability: Synchronize
|-fail|p1a: Gliscor|tox
|move|p2a: Rabsca|Revival Blessing|p2a: Rabsca
|
|t:|1758347516
|-heal|p2: Cresselia|50/100|[from] move: Revival Blessing
|
|-heal|p1a: Gliscor|77/100 tox|[from] ability: Poison Heal
|-damage|p2a: Rabsca|82/100 tox|[from] psn
|upkeep
|turn|18
|
|t:|1758347521
|move|p1a: Gliscor|Protect|p1a: Gliscor
|-singleturn|p1a: Gliscor|Protect
|move|p2a: Rabsca|Memento|p1a: Gliscor
|-activate|p1a: Gliscor|move: Protect
|
|-heal|p1a: Gliscor|89/100 tox|[from] ability: Poison Heal
|-damage|p2a: Rabsca|69/100 tox|[from] psn
|upkeep
|turn|19
|
|t:|1758347528
|move|p1a: Gliscor|Swords Dance|p1a: Gliscor
|-boost|p1a: Gliscor|atk|2
|move|p2a: Rabsca|Memento|p1a: Gliscor
|-unboost|p1a: Gliscor|atk|2
|-unboost|p1a: Gliscor|spa|2
|faint|p2a: Rabsca
|
|-heal|p1a: Gliscor|100/100 tox|[from] ability: Poison Heal
|upkeep
|
|t:|1758347534
|switch|p2a: Gallade|Gallade, M|1/100
|-heal|p2a: Gallade|100/100|[from] move: Lunar Dance
|-damage|p2a: Gallade|88/100|[from] Spikes
|turn|20
|
|t:|1758347538
|move|p2a: Gallade|Ice Punch|p1a: Gliscor
|-supereffective|p1a: Gliscor
|-damage|p1a: Gliscor|19/100 tox
|move|p1a: Gliscor|Earthquake|p2a: Gallade
|-damage|p2a: Gallade|0 fnt
|faint|p2a: Gallade
|
|-heal|p1a: Gliscor|31/100 tox|[from] ability: Poison Heal
|upkeep
|
|t:|1758347543
|switch|p2a: Indeedee|Indeedee, M|50/100
|-damage|p2a: Indeedee|38/100|[from] Spikes
|-fieldstart|move: Psychic Terrain|[from] ability: Psychic Surge|[of] p2a: Indeedee
|turn|21
|
|t:|1758347546
|move|p1a: Gliscor|Protect|p1a: Gliscor
|-singleturn|p1a: Gliscor|Protect
|move|p2a: Indeedee|Expanding Force|p1a: Gliscor
|-activate|p1a: Gliscor|move: Protect
|
|-heal|p1a: Gliscor|44/100 tox|[from] ability: Poison Heal
|upkeep
|turn|22
|
|t:|1758347554
|switch|p1a: Dragonite|Dragonite, M, tera:Normal|68/100
|move|p2a: Indeedee|Expanding Force|p1a: Dragonite
|-damage|p1a: Dragonite|0 fnt
|faint|p1a: Dragonite
|
|upkeep
|
|t:|1758347558
|switch|p1a: Gliscor|Gliscor, M|44/100 tox
|-damage|p1a: Gliscor|31/100 tox|[from] Stealth Rock
|turn|23
|
|t:|1758347562
|move|p1a: Gliscor|Protect|p1a: Gliscor
|-singleturn|p1a: Gliscor|Protect
|move|p2a: Indeedee|Expanding Force|p1a: Gliscor
|-activate|p1a: Gliscor|move: Protect
|
|-heal|p1a: Gliscor|44/100 tox|[from] ability: Poison Heal
|upkeep
|turn|24
|
|t:|1758347565
|move|p2a: Indeedee|Expanding Force|p1a: Gliscor
|-damage|p1a: Gliscor|0 fnt
|faint|p1a: Gliscor
|
|upkeep
|
|t:|1758347567
|switch|p1a: Iron Valiant|Iron Valiant|100/100
|-damage|p1a: Iron Valiant|94/100|[from] Stealth Rock
|-enditem|p1a: Iron Valiant|Booster Energy
|-activate|p1a: Iron Valiant|ability: Quark Drive|[fromitem]
|-start|p1a: Iron Valiant|quarkdrivespe
|turn|25
|
|t:|1758347576
|move|p1a: Iron Valiant|Moonblast|p2a: Indeedee
|-damage|p2a: Indeedee|0 fnt
|faint|p2a: Indeedee
|
|upkeep
|
|t:|1758347579
|switch|p2a: Cresselia|Cresselia, F|50/100
|turn|26
|
|t:|1758347594
|-terastallize|p2a: Cresselia|Poison
|move|p1a: Iron Valiant|Shadow Ball|p2a: Cresselia
|-damage|p2a: Cresselia|35/100
|-unboost|p2a: Cresselia|spd|1
|move|p2a: Cresselia|Thunder Wave|p1a: Iron Valiant|[miss]
|-miss|p2a: Cresselia|p1a: Iron Valiant
|
|upkeep
|turn|27
|
|t:|1758347603
|move|p1a: Iron Valiant|Calm Mind|p1a: Iron Valiant
|-boost|p1a: Iron Valiant|spa|1
|-boost|p1a: Iron Valiant|spd|1
|move|p2a: Cresselia|Thunder Wave|p1a: Iron Valiant
|-status|p1a: Iron Valiant|par
|
|upkeep
|turn|28
|
|t:|1758347610
|move|p1a: Iron Valiant|Shadow Ball|p2a: Cresselia
|-damage|p2a: Cresselia|0 fnt
|faint|p2a: Cresselia
|
|-fieldend|move: Psychic Terrain
|upkeep
|
|t:|1758347612
|switch|p2a: Armarouge|Armarouge, F|88/100
|-damage|p2a: Armarouge|76/100|[from] Spikes
|turn|29
|
|t:|1758347619
|move|p1a: Iron Valiant|Shadow Ball|p2a: Armarouge
|-supereffective|p2a: Armarouge
|-damage|p2a: Armarouge|0 fnt
|faint|p2a: Armarouge
|
|win|ChanceMT
|raw|ChanceMT's rating: 1432 &rarr; <strong>1452</strong><br />(+20 for winning)
|raw|Hunter_of_Keys's rating: 1440 &rarr; <strong>1420</strong><br />(-20 for losing)
|l|☆Hunter_of_Keys
|player|p2|
|l|☆ChanceMT
|player|p1|
