|j|☆LychuuDoesShowdown
|j|☆lemontits1
|t:|1758252129
|gametype|singles
|player|p1|LychuuDoesShowdown|1|1139
|player|p2|lemontits1|265|1118
|gen|9
|tier|[Gen 9] OU
|rated|
|rule|HP Percentage Mod: HP is shown in percentages
|rule|Endless Battle Clause: Forcing endless battles is banned
|rule|Species Clause: Limit one of each Pokémon
|rule|OHKO Clause: OHKO moves are banned
|rule|Evasion Items Clause: Evasion items are banned
|rule|Evasion Moves Clause: Evasion moves are banned
|rule|Evasion Abilities Clause: Evasion abilities are banned
|rule|Sleep Moves Clause: Sleep-inducing moves are banned
|clearpoke
|poke|p1|Torkoal, M|
|poke|p1|Hatterene, F|
|poke|p1|Great Tusk|
|poke|p1|Araquanid, M|
|poke|p1|Raging Bolt|
|poke|p1|Ting-Lu|
|poke|p2|Garchomp, F|
|poke|p2|Rotom-Mow|
|poke|p2|Slowbro, F|
|poke|p2|Gengar, M|
|poke|p2|Kleavor, F|
|poke|p2|Raging Bolt|
|teampreview
|
|t:|1758252154
|teamsize|p1|6
|teamsize|p2|6
|start
|switch|p1a: Great Tusk|Great Tusk|100/100
|switch|p2a: Kleavor|Kleavor, F|100/100
|turn|1
|
|t:|1758252158
|move|p2a: Kleavor|Stone Axe|p1a: Great Tusk|[miss]
|-miss|p2a: Kleavor|p1a: Great Tusk
|move|p1a: Great Tusk|Knock Off|p2a: Kleavor
|-damage|p2a: Kleavor|56/100
|-enditem|p2a: Kleavor|Focus Sash|[from] move: Knock Off|[of] p1a: Great Tusk
|
|upkeep
|turn|2
|
|t:|1758252163
|move|p2a: Kleavor|Stone Axe|p1a: Great Tusk
|-resisted|p1a: Great Tusk
|-damage|p1a: Great Tusk|92/100
|-sidestart|p1: LychuuDoesShowdown|move: Stealth Rock
|move|p1a: Great Tusk|Earthquake|p2a: Kleavor
|-damage|p2a: Kleavor|0 fnt
|faint|p2a: Kleavor
|
|-heal|p1a: Great Tusk|98/100|[from] item: Leftovers
|upkeep
|
|t:|1758252190
|switch|p2a: Slowbro|Slowbro, F|100/100
|turn|3
|
|t:|1758252195
|-end|p1a: Great Tusk|Protosynthesis|[silent]
|switch|p1a: Hatterene|Hatterene, F|100/100
|-damage|p1a: Hatterene|88/100|[from] Stealth Rock
|move|p2a: Slowbro|Future Sight|p1a: Hatterene
|-start|p2a: Slowbro|move: Future Sight
|
|upkeep
|turn|4
|
|t:|1758252202
|move|p2a: Slowbro|Scald|p1a: Hatterene
|-damage|p1a: Hatterene|45/100
|move|p1a: Hatterene|Nuzzle|p2a: Slowbro
|-supereffective|p2a: Slowbro
|-damage|p2a: Slowbro|92/100
|-status|p2a: Slowbro|par
|
|-heal|p2a: Slowbro|98/100 par|[from] item: Leftovers
|upkeep
|turn|5
|
|t:|1758252219
|switch|p1a: Torkoal|Torkoal, M|100/100
|-damage|p1a: Torkoal|75/100|[from] Stealth Rock
|-weather|SunnyDay|[from] ability: Drought|[of] p1a: Torkoal
|cant|p2a: Slowbro|par
|
|-weather|SunnyDay|[upkeep]
|-end|p1a: Torkoal|move: Future Sight
|-crit|p1a: Torkoal
|-damage|p1a: Torkoal|0 fnt
|faint|p1a: Torkoal
|-heal|p2a: Slowbro|100/100 par|[from] item: Leftovers
|upkeep
|
|t:|1758252228
|switch|p1a: Raging Bolt|Raging Bolt|100/100
|-damage|p1a: Raging Bolt|88/100|[from] Stealth Rock
|-activate|p1a: Raging Bolt|ability: Protosynthesis
|-start|p1a: Raging Bolt|protosynthesisspa
|turn|6
|c|☆lemontits1|unlucky
|
|t:|1758252234
|move|p1a: Raging Bolt|Calm Mind|p1a: Raging Bolt
|-boost|p1a: Raging Bolt|spa|1
|-boost|p1a: Raging Bolt|spd|1
|move|p2a: Slowbro|Future Sight|p1a: Raging Bolt
|-start|p2a: Slowbro|move: Future Sight
|
|-weather|SunnyDay|[upkeep]
|-heal|p1a: Raging Bolt|94/100|[from] item: Leftovers
|upkeep
|turn|7
|
|t:|1758252240
|move|p1a: Raging Bolt|Thunderclap|p2a: Slowbro
|-supereffective|p2a: Slowbro
|-damage|p2a: Slowbro|0 fnt
|faint|p2a: Slowbro
|
|-weather|SunnyDay|[upkeep]
|-heal|p1a: Raging Bolt|100/100|[from] item: Leftovers
|upkeep
|
|t:|1758252259
|switch|p2a: Garchomp|Garchomp, F|100/100
|turn|8
|
|t:|1758252276
|-terastallize|p1a: Raging Bolt|Fairy
|move|p2a: Garchomp|Poison Jab|p1a: Raging Bolt
|-supereffective|p1a: Raging Bolt
|-damage|p1a: Raging Bolt|39/100
|-status|p1a: Raging Bolt|psn
|-damage|p2a: Garchomp|91/100|[from] item: Life Orb
|move|p1a: Raging Bolt|Dragon Pulse|p2a: Garchomp
|-supereffective|p2a: Garchomp
|-damage|p2a: Garchomp|0 fnt
|faint|p2a: Garchomp
|
|-weather|SunnyDay|[upkeep]
|-end|p1a: Raging Bolt|move: Future Sight
|-damage|p1a: Raging Bolt|8/100 psn
|-heal|p1a: Raging Bolt|14/100 psn|[from] item: Leftovers
|-damage|p1a: Raging Bolt|2/100 psn|[from] psn
|upkeep
|c|☆LychuuDoesShowdown|Calculated actually
|
|t:|1758252292
|switch|p2a: Gengar|Gengar, M|100/100
|-item|p2a: Gengar|Air Balloon
|turn|9
|c|☆LychuuDoesShowdown|That wasn't tho
|
|t:|1758252298
|move|p1a: Raging Bolt|Thunderclap||[still]
|-fail|p1a: Raging Bolt
|move|p2a: Gengar|Substitute|p2a: Gengar
|-start|p2a: Gengar|Substitute
|-damage|p2a: Gengar|76/100
|
|-weather|none
|-end|p1a: Raging Bolt|Protosynthesis
|-heal|p1a: Raging Bolt|8/100 psn|[from] item: Leftovers
|-damage|p1a: Raging Bolt|0 fnt|[from] psn
|faint|p1a: Raging Bolt
|-end|p1a: Raging Bolt|Protosynthesis|[silent]
|upkeep
|
|t:|1758252310
|switch|p1a: Ting-Lu|Ting-Lu|100/100
|-damage|p1a: Ting-Lu|94/100|[from] Stealth Rock
|-ability|p1a: Ting-Lu|Vessel of Ruin
|turn|10
|c|☆lemontits1|lmao
|
|t:|1758252319
|move|p2a: Gengar|Dazzling Gleam|p1a: Ting-Lu
|-supereffective|p1a: Ting-Lu
|-damage|p1a: Ting-Lu|63/100
|move|p1a: Ting-Lu|Whirlwind|p2a: Gengar
|drag|p2a: Raging Bolt|Raging Bolt|100/100
|-enditem|p2a: Raging Bolt|Booster Energy
|-activate|p2a: Raging Bolt|ability: Protosynthesis|[fromitem]
|-start|p2a: Raging Bolt|protosynthesisspa
|
|-heal|p1a: Ting-Lu|69/100|[from] item: Leftovers
|upkeep
|turn|11
|
|t:|1758252331
|move|p2a: Raging Bolt|Solar Beam||[still]
|-prepare|p2a: Raging Bolt|Solar Beam
|move|p1a: Ting-Lu|Ruination|p2a: Raging Bolt
|-damage|p2a: Raging Bolt|50/100
|
|-heal|p1a: Ting-Lu|75/100|[from] item: Leftovers
|upkeep
|turn|12
|
|t:|1758252348
|move|p2a: Raging Bolt|Solar Beam|p1a: Ting-Lu|[from] lockedmove
|-supereffective|p1a: Ting-Lu
|-damage|p1a: Ting-Lu|2/100
|move|p1a: Ting-Lu|Earthquake|p2a: Raging Bolt
|-supereffective|p2a: Raging Bolt
|-damage|p2a: Raging Bolt|0 fnt
|faint|p2a: Raging Bolt
|-end|p2a: Raging Bolt|Protosynthesis|[silent]
|
|-heal|p1a: Ting-Lu|8/100|[from] item: Leftovers
|upkeep
|c|☆LychuuDoesShowdown|:)
|
|t:|1758252366
|switch|p2a: Gengar|Gengar, M|76/100
|-item|p2a: Gengar|Air Balloon
|turn|13
|
|t:|1758252373
|move|p2a: Gengar|Dazzling Gleam|p1a: Ting-Lu
|-supereffective|p1a: Ting-Lu
|-damage|p1a: Ting-Lu|0 fnt
|faint|p1a: Ting-Lu
|
|upkeep
|
|t:|1758252378
|switch|p1a: Great Tusk|Great Tusk|98/100
|-damage|p1a: Great Tusk|95/100|[from] Stealth Rock
|turn|14
|
|t:|1758252395
|move|p2a: Gengar|Shadow Ball|p1a: Great Tusk
|-damage|p1a: Great Tusk|44/100
|move|p1a: Great Tusk|Knock Off|p2a: Gengar
|-supereffective|p2a: Gengar
|-damage|p2a: Gengar|0 fnt
|-enditem|p2a: Gengar|Air Balloon
|faint|p2a: Gengar
|
|-heal|p1a: Great Tusk|50/100|[from] item: Leftovers
|upkeep
|
|t:|1758252399
|switch|p2a: Rotom|Rotom-Mow|100/100
|turn|15
|
|t:|1758252416
|move|p2a: Rotom|Trick|p1a: Great Tusk
|-activate|p2a: Rotom|move: Trick|[of] p1a: Great Tusk
|-item|p1a: Great Tusk|Choice Specs|[from] move: Trick
|-item|p2a: Rotom|Leftovers|[from] move: Trick
|move|p1a: Great Tusk|Knock Off|p2a: Rotom
|-damage|p2a: Rotom|51/100
|-enditem|p2a: Rotom|Leftovers|[from] move: Knock Off|[of] p1a: Great Tusk
|
|upkeep
|turn|16
|
|t:|1758252426
|move|p2a: Rotom|Shadow Ball|p1a: Great Tusk
|-crit|p1a: Great Tusk
|-damage|p1a: Great Tusk|7/100
|-unboost|p1a: Great Tusk|spd|1
|move|p1a: Great Tusk|Knock Off|p2a: Rotom
|-damage|p2a: Rotom|17/100
|
|upkeep
|turn|17
|c|☆LychuuDoesShowdown|Huh
|
|t:|1758252435
|move|p2a: Rotom|Shadow Ball|p1a: Great Tusk
|-crit|p1a: Great Tusk
|-damage|p1a: Great Tusk|0 fnt
|faint|p1a: Great Tusk
|-end|p1a: Great Tusk|Protosynthesis|[silent]
|
|upkeep
|
|t:|1758252438
|switch|p1a: Araquanid|Araquanid, M|100/100
|-damage|p1a: Araquanid|76/100|[from] Stealth Rock
|turn|18
|
|t:|1758252446
|move|p1a: Araquanid|Endure|p1a: Araquanid
|-singleturn|p1a: Araquanid|move: Endure
|move|p2a: Rotom|Volt Switch|p1a: Araquanid
|-supereffective|p1a: Araquanid
|-damage|p1a: Araquanid|36/100
|
|upkeep
|turn|19
|
|t:|1758252454
|move|p1a: Araquanid|Endure||[still]
|-fail|p1a: Araquanid
|move|p2a: Rotom|Volt Switch|p1a: Araquanid
|-supereffective|p1a: Araquanid
|-damage|p1a: Araquanid|0 fnt
|faint|p1a: Araquanid
|
|upkeep
|
|t:|1758252458
|switch|p1a: Hatterene|Hatterene, F|45/100
|-damage|p1a: Hatterene|33/100|[from] Stealth Rock
|turn|20
|c|☆lemontits1|i had specs i couldnt keep
|
|t:|1758252465
|move|p2a: Rotom|Shadow Ball|p1a: Hatterene
|-supereffective|p1a: Hatterene
|-damage|p1a: Hatterene|0 fnt
|faint|p1a: Hatterene
|
|win|lemontits1
|raw|LychuuDoesShowdown's rating: 1139 &rarr; <strong>1112</strong><br />(-27 for losing)
|raw|lemontits1's rating: 1118 &rarr; <strong>1145</strong><br />(+27 for winning)
|c|☆lemontits1|gg
|c|☆LychuuDoesShowdown|Gg
|c|☆LychuuDoesShowdown|Misplayed the ensure
|c|☆LychuuDoesShowdown|Endure
|c|☆lemontits1|yeah i think you shouldve won
|c|☆LychuuDoesShowdown|Me too but I though thunderbolt
|c|☆lemontits1|nope :0
|c|☆LychuuDoesShowdown|Surprising not leaf storm as well
|c|☆lemontits1|100% miss
