|j|☆994playz
|j|☆coping walrus
|t:|1758320366
|gametype|singles
|player|p1|994playz|pilot|1167
|player|p2|coping walrus|wattson|1204
|gen|9
|tier|[Gen 9] OU
|rated|
|rule|HP Percentage Mod: HP is shown in percentages
|rule|Endless Battle Clause: Forcing endless battles is banned
|rule|Species Clause: Limit one of each Pokémon
|rule|OHKO Clause: OHKO moves are banned
|rule|Evasion Items Clause: Evasion items are banned
|rule|Evasion Moves Clause: Evasion moves are banned
|rule|Evasion Abilities Clause: Evasion abilities are banned
|rule|Sleep Moves Clause: Sleep-inducing moves are banned
|clearpoke
|poke|p1|Torkoal, F|
|poke|p1|Skeledirge, M|
|poke|p1|Leavanny, F|
|poke|p1|Walking Wake|
|poke|p1|Corviknight, M|
|poke|p1|Raging Bolt|
|poke|p2|Abomasnow, F|
|poke|p2|Maushold|
|poke|p2|Diancie|
|poke|p2|Staraptor, F|
|poke|p2|Volcanion|
|poke|p2|Polteageist|
|teampreview
|inactive|Battle timer is ON: inactive players will automatically lose when time's up. (requested by coping walrus)
|
|t:|1758320378
|teamsize|p1|6
|teamsize|p2|6
|start
|switch|p1a: Torkoal|Torkoal, F|100/100
|switch|p2a: Bagga Hot Cheetos|Volcanion|100/100
|-weather|SunnyDay|[from] ability: Drought|[of] p1a: Torkoal
|turn|1
|
|t:|1758320387
|switch|p1a: Leavanny|Leavanny, F, shiny|100/100
|move|p2a: Bagga Hot Cheetos|Steam Eruption|p1a: Leavanny
|-resisted|p1a: Leavanny
|-damage|p1a: Leavanny|79/100
|-status|p1a: Leavanny|brn
|
|-weather|SunnyDay|[upkeep]
|-damage|p1a: Leavanny|73/100 brn|[from] brn
|upkeep
|turn|2
|
|t:|1758320399
|move|p1a: Leavanny|Leaf Blade|p2a: Bagga Hot Cheetos
|-damage|p2a: Bagga Hot Cheetos|78/100
|move|p2a: Bagga Hot Cheetos|Steam Eruption|p1a: Leavanny
|-resisted|p1a: Leavanny
|-damage|p1a: Leavanny|49/100 brn
|
|-weather|SunnyDay|[upkeep]
|-damage|p1a: Leavanny|43/100 brn|[from] brn
|upkeep
|turn|3
|
|t:|1758320408
|move|p1a: Leavanny|Sticky Web|p2a: Bagga Hot Cheetos
|-sidestart|p2: coping walrus|move: Sticky Web
|move|p2a: Bagga Hot Cheetos|Steam Eruption|p1a: Leavanny
|-resisted|p1a: Leavanny
|-damage|p1a: Leavanny|20/100 brn
|
|-weather|SunnyDay|[upkeep]
|-damage|p1a: Leavanny|14/100 brn|[from] brn
|upkeep
|turn|4
|
|t:|1758320424
|move|p1a: Leavanny|Fell Stinger|p2a: Bagga Hot Cheetos
|-resisted|p2a: Bagga Hot Cheetos
|-damage|p2a: Bagga Hot Cheetos|72/100
|move|p2a: Bagga Hot Cheetos|Steam Eruption|p1a: Leavanny
|-resisted|p1a: Leavanny
|-damage|p1a: Leavanny|0 fnt
|faint|p1a: Leavanny
|
|-weather|SunnyDay|[upkeep]
|upkeep
|
|t:|1758320437
|switch|p1a: Raging Bolt|Raging Bolt|100/100
|-activate|p1a: Raging Bolt|ability: Protosynthesis
|-start|p1a: Raging Bolt|protosynthesisspa
|turn|5
|
|t:|1758320457
|switch|p2a: Bumper Balls|Diancie, shiny|100/100
|-activate|p2a: Bumper Balls|move: Sticky Web
|-fail|p2a: Bumper Balls|unboost|[from] ability: Clear Body|[of] p2a: Bumper Balls
|move|p1a: Raging Bolt|Calm Mind|p1a: Raging Bolt
|-boost|p1a: Raging Bolt|spa|1
|-boost|p1a: Raging Bolt|spd|1
|
|-weather|SunnyDay|[upkeep]
|upkeep
|turn|6
|
|t:|1758320468
|move|p1a: Raging Bolt|Thunderbolt|p2a: Bumper Balls
|-damage|p2a: Bumper Balls|17/100
|move|p2a: Bumper Balls|Calm Mind|p2a: Bumper Balls
|-boost|p2a: Bumper Balls|spa|1
|-boost|p2a: Bumper Balls|spd|1
|
|-weather|SunnyDay|[upkeep]
|-heal|p2a: Bumper Balls|23/100|[from] item: Leftovers
|upkeep
|turn|7
|
|t:|1758320476
|move|p1a: Raging Bolt|Thunderbolt|p2a: Bumper Balls
|-damage|p2a: Bumper Balls|0 fnt
|faint|p2a: Bumper Balls
|
|-weather|SunnyDay|[upkeep]
|upkeep
|inactive|coping walrus has 120 seconds left.
|inactive|coping walrus has 90 seconds left.
|inactive|coping walrus has 60 seconds left.
|
|t:|1758320589
|switch|p2a: Yukon Cornelius|Abomasnow, F, shiny|100/100
|-activate|p2a: Yukon Cornelius|move: Sticky Web
|-unboost|p2a: Yukon Cornelius|spe|1
|-weather|Snowscape|[from] ability: Snow Warning|[of] p2a: Yukon Cornelius
|-end|p1a: Raging Bolt|Protosynthesis
|turn|8
|
|t:|1758320597
|-terastallize|p2a: Yukon Cornelius|Ground
|move|p1a: Raging Bolt|Draco Meteor|p2a: Yukon Cornelius
|-damage|p2a: Yukon Cornelius|0 fnt
|-unboost|p1a: Raging Bolt|spa|2
|faint|p2a: Yukon Cornelius
|
|-weather|Snowscape|[upkeep]
|upkeep
|
|t:|1758320606
|switch|p2a: Bagga Hot Cheetos|Volcanion|72/100
|-activate|p2a: Bagga Hot Cheetos|move: Sticky Web
|-unboost|p2a: Bagga Hot Cheetos|spe|1
|turn|9
|
|t:|1758320612
|move|p2a: Bagga Hot Cheetos|Weather Ball|p1a: Raging Bolt
|-supereffective|p1a: Raging Bolt
|-damage|p1a: Raging Bolt|56/100
|move|p1a: Raging Bolt|Thunderbolt|p2a: Bagga Hot Cheetos
|-supereffective|p2a: Bagga Hot Cheetos
|-damage|p2a: Bagga Hot Cheetos|0 fnt
|faint|p2a: Bagga Hot Cheetos
|
|-weather|Snowscape|[upkeep]
|-heal|p1a: Raging Bolt|63/100|[from] item: Leftovers
|upkeep
|
|t:|1758320626
|switch|p2a: Winslow|Maushold, shiny|100/100
|-activate|p2a: Winslow|move: Sticky Web
|-unboost|p2a: Winslow|spe|1
|turn|10
|
|t:|1758320631
|move|p2a: Winslow|Tidy Up|p2a: Winslow
|-sideend|p2: coping walrus|Sticky Web
|-activate|p2a: Winslow|move: Tidy Up
|-boost|p2a: Winslow|atk|1
|-boost|p2a: Winslow|spe|1
|move|p1a: Raging Bolt|Draco Meteor|p2a: Winslow
|-damage|p2a: Winslow|27/100
|-unboost|p1a: Raging Bolt|spa|2
|
|-weather|Snowscape|[upkeep]
|-heal|p1a: Raging Bolt|69/100|[from] item: Leftovers
|upkeep
|turn|11
|inactive|coping walrus has 30 seconds left.
|inactive|coping walrus has 20 seconds left.
|inactive|coping walrus has 15 seconds left.
|inactive|coping walrus has 10 seconds left.
|inactive|coping walrus has 5 seconds left.
|-message|coping walrus lost due to inactivity.
|
|win|994playz
|raw|994playz's rating: 1167 &rarr; <strong>1195</strong><br />(+28 for winning)
|raw|coping walrus's rating: 1204 &rarr; <strong>1176</strong><br />(-28 for losing)
|l|☆994playz
|player|p1|
