|j|☆tomatoparis
|j|☆Liveds19
|t:|1758290483
|gametype|singles
|player|p1|tomatoparis|265|1571
|player|p2|Liveds19|linebacker|1536
|gen|9
|tier|[Gen 9] OU
|rated|
|rule|HP Percentage Mod: HP is shown in percentages
|rule|Endless Battle Clause: Forcing endless battles is banned
|rule|Species Clause: Limit one of each Pokémon
|rule|OHKO Clause: OHKO moves are banned
|rule|Evasion Items Clause: Evasion items are banned
|rule|Evasion Moves Clause: Evasion moves are banned
|rule|Evasion Abilities Clause: Evasion abilities are banned
|rule|Sleep Moves Clause: Sleep-inducing moves are banned
|clearpoke
|poke|p1|Pelipper, F|
|poke|p1|Zamazenta-*|
|poke|p1|Kingdra, F|
|poke|p1|Barraskewda, M|
|poke|p1|Dondozo, F|
|poke|p1|Mamoswine, M|
|poke|p2|Sandy Shocks|
|poke|p2|Great Tusk|
|poke|p2|Corviknight, F|
|poke|p2|Slowking-Galar, F|
|poke|p2|Ogerpon-Wellspring, F|
|poke|p2|Iron Moth|
|teampreview
|inactive|Battle timer is ON: inactive players will automatically lose when time's up. (requested by Liveds19)
|
|t:|1758290491
|teamsize|p1|6
|teamsize|p2|6
|start
|switch|p1a: Mamoswine|Mamoswine, M|100/100
|switch|p2a: Sandy Shocks|Sandy Shocks|100/100
|turn|1
|
|t:|1758290500
|-end|p2a: Sandy Shocks|Protosynthesis|[silent]
|switch|p2a: Corviknight|Corviknight, F|100/100
|-ability|p2a: Corviknight|Pressure
|move|p1a: Mamoswine|Icicle Crash|p2a: Corviknight
|-damage|p2a: Corviknight|68/100
|-damage|p1a: Mamoswine|91/100|[from] item: Life Orb
|
|upkeep
|turn|2
|
|t:|1758290507
|switch|p1a: Pelipper|Pelipper, F|100/100
|-weather|RainDance|[from] ability: Drizzle|[of] p1a: Pelipper
|move|p2a: Corviknight|U-turn|p1a: Pelipper
|-resisted|p1a: Pelipper
|-damage|p1a: Pelipper|95/100
|
|t:|1758290513
|switch|p2a: Sandy Shocks|Sandy Shocks|100/100|[from] U-turn
|
|-weather|RainDance|[upkeep]
|upkeep
|turn|3
|
|t:|1758290517
|switch|p1a: Mamoswine|Mamoswine, M|91/100
|move|p2a: Sandy Shocks|Spikes|p1a: Mamoswine
|-sidestart|p1: tomatoparis|Spikes
|
|-weather|RainDance|[upkeep]
|upkeep
|turn|4
|
|t:|1758290522
|-end|p2a: Sandy Shocks|Protosynthesis|[silent]
|switch|p2a: Corviknight|Corviknight, F|68/100
|-ability|p2a: Corviknight|Pressure
|move|p1a: Mamoswine|Stealth Rock|p2a: Corviknight
|-sidestart|p2: Liveds19|move: Stealth Rock
|
|-weather|RainDance|[upkeep]
|upkeep
|turn|5
|
|t:|1758290526
|move|p1a: Mamoswine|Icicle Crash|p2a: Corviknight
|-damage|p2a: Corviknight|34/100
|-damage|p1a: Mamoswine|81/100|[from] item: Life Orb
|move|p2a: Corviknight|Body Press|p1a: Mamoswine
|-supereffective|p1a: Mamoswine
|-damage|p1a: Mamoswine|24/100
|
|-weather|RainDance|[upkeep]
|upkeep
|turn|6
|
|t:|1758290528
|move|p1a: Mamoswine|Icicle Crash|p2a: Corviknight
|-damage|p2a: Corviknight|0 fnt
|faint|p2a: Corviknight
|-damage|p1a: Mamoswine|14/100|[from] item: Life Orb
|
|-weather|RainDance|[upkeep]
|upkeep
|
|t:|1758290533
|switch|p2a: Great Tusk|Great Tusk|100/100
|turn|7
|
|t:|1758290536
|move|p1a: Mamoswine|Ice Shard|p2a: Great Tusk
|-supereffective|p2a: Great Tusk
|-damage|p2a: Great Tusk|63/100
|-damage|p1a: Mamoswine|4/100|[from] item: Life Orb
|move|p2a: Great Tusk|Rapid Spin|p1a: Mamoswine
|-damage|p1a: Mamoswine|0 fnt
|-boost|p2a: Great Tusk|spe|1
|-sideend|p2: Liveds19|Stealth Rock|[from] move: Rapid Spin|[of] p2a: Great Tusk
|faint|p1a: Mamoswine
|
|-weather|RainDance|[upkeep]
|upkeep
|
|t:|1758290540
|switch|p1a: Barraskewda|Barraskewda, M|100/100
|-damage|p1a: Barraskewda|88/100|[from] Spikes
|turn|8
|
|t:|1758290545
|move|p1a: Barraskewda|Waterfall|p2a: Great Tusk
|-supereffective|p2a: Great Tusk
|-damage|p2a: Great Tusk|0 fnt
|faint|p2a: Great Tusk
|-end|p2a: Great Tusk|Protosynthesis|[silent]
|
|-weather|RainDance|[upkeep]
|upkeep
|
|t:|1758290550
|switch|p2a: Ogerpon|Ogerpon-Wellspring, F|100/100
|turn|9
|
|t:|1758290553
|switch|p1a: Zamazenta|Zamazenta|100/100
|-damage|p1a: Zamazenta|88/100|[from] Spikes
|-ability|p1a: Zamazenta|Dauntless Shield|boost
|-boost|p1a: Zamazenta|def|1
|move|p2a: Ogerpon|Power Whip|p1a: Zamazenta
|-damage|p1a: Zamazenta|47/100
|
|-weather|none
|upkeep
|turn|10
|
|t:|1758290569
|switch|p2a: Slowking|Slowking-Galar, F|100/100
|move|p1a: Zamazenta|Psychic Fangs|p2a: Slowking
|-damage|p2a: Slowking|61/100
|
|upkeep
|turn|11
|
|t:|1758290577
|move|p1a: Zamazenta|Psychic Fangs|p2a: Slowking
|-damage|p2a: Slowking|19/100
|move|p2a: Slowking|Thunder Wave|p1a: Zamazenta
|-status|p1a: Zamazenta|par
|
|upkeep
|turn|12
|
|t:|1758290584
|move|p1a: Zamazenta|Psychic Fangs|p2a: Slowking
|-damage|p2a: Slowking|0 fnt
|faint|p2a: Slowking
|
|upkeep
|
|t:|1758290593
|switch|p2a: Iron Moth|Iron Moth|100/100
|-enditem|p2a: Iron Moth|Booster Energy
|-activate|p2a: Iron Moth|ability: Quark Drive|[fromitem]
|-start|p2a: Iron Moth|quarkdrivespe
|turn|13
|
|t:|1758290595
|move|p2a: Iron Moth|Dazzling Gleam|p1a: Zamazenta
|-supereffective|p1a: Zamazenta
|-damage|p1a: Zamazenta|0 fnt
|faint|p1a: Zamazenta
|
|upkeep
|
|t:|1758290599
|switch|p1a: Pelipper|Pelipper, F|95/100
|-weather|RainDance|[from] ability: Drizzle|[of] p1a: Pelipper
|turn|14
|
|t:|1758290600
|move|p2a: Iron Moth|Substitute|p2a: Iron Moth
|-start|p2a: Iron Moth|Substitute
|-damage|p2a: Iron Moth|76/100
|move|p1a: Pelipper|U-turn|p2a: Iron Moth
|-resisted|p2a: Iron Moth
|-activate|p2a: Iron Moth|move: Substitute|[damage]
|
|t:|1758290605
|switch|p1a: Kingdra|Kingdra, F|100/100|[from] U-turn
|-damage|p1a: Kingdra|88/100|[from] Spikes
|
|-weather|RainDance|[upkeep]
|upkeep
|turn|15
|
|t:|1758290607
|move|p1a: Kingdra|Surf|p2a: Iron Moth
|-supereffective|p2a: Iron Moth
|-end|p2a: Iron Moth|Substitute
|-damage|p1a: Kingdra|78/100|[from] item: Life Orb
|move|p2a: Iron Moth|Dazzling Gleam|p1a: Kingdra
|-supereffective|p1a: Kingdra
|-damage|p1a: Kingdra|13/100
|
|-weather|RainDance|[upkeep]
|upkeep
|turn|16
|
|t:|1758290613
|-end|p2a: Iron Moth|Quark Drive|[silent]
|switch|p2a: Ogerpon|Ogerpon-Wellspring, F|100/100
|move|p1a: Kingdra|Draco Meteor|p2a: Ogerpon
|-damage|p2a: Ogerpon|4/100
|-unboost|p1a: Kingdra|spa|2
|-damage|p1a: Kingdra|3/100|[from] item: Life Orb
|
|-weather|RainDance|[upkeep]
|upkeep
|turn|17
|
|t:|1758290620
|move|p1a: Kingdra|Hurricane|p2a: Ogerpon
|-supereffective|p2a: Ogerpon
|-damage|p2a: Ogerpon|0 fnt
|faint|p2a: Ogerpon
|-damage|p1a: Kingdra|0 fnt|[from] item: Life Orb
|faint|p1a: Kingdra
|
|-weather|RainDance|[upkeep]
|upkeep
|
|t:|1758290624
|switch|p2a: Sandy Shocks|Sandy Shocks|100/100
|switch|p1a: Barraskewda|Barraskewda, M|88/100
|-damage|p1a: Barraskewda|76/100|[from] Spikes
|turn|18
|
|t:|1758290627
|-terastallize|p1a: Barraskewda|Ground
|move|p1a: Barraskewda|Waterfall|p2a: Sandy Shocks
|-supereffective|p2a: Sandy Shocks
|-enditem|p2a: Sandy Shocks|Focus Sash
|-damage|p2a: Sandy Shocks|1/100
|cant|p2a: Sandy Shocks|flinch
|
|-weather|RainDance|[upkeep]
|upkeep
|turn|19
|
|t:|1758290634
|move|p1a: Barraskewda|Waterfall|p2a: Sandy Shocks
|-supereffective|p2a: Sandy Shocks
|-damage|p2a: Sandy Shocks|0 fnt
|faint|p2a: Sandy Shocks
|-end|p2a: Sandy Shocks|Protosynthesis|[silent]
|
|-weather|RainDance|[upkeep]
|upkeep
|
|t:|1758290637
|switch|p2a: Iron Moth|Iron Moth|76/100
|turn|20
|
|t:|1758290641
|-terastallize|p2a: Iron Moth|Fairy
|move|p1a: Barraskewda|Waterfall|p2a: Iron Moth
|-damage|p2a: Iron Moth|0 fnt
|faint|p2a: Iron Moth
|-end|p2a: Iron Moth|Quark Drive|[silent]
|
|win|tomatoparis
|raw|tomatoparis's rating: 1571 &rarr; <strong>1589</strong><br />(+18 for winning)
|raw|Liveds19's rating: 1536 &rarr; <strong>1518</strong><br />(-18 for losing)
|l|☆Liveds19
|player|p2|
|l|☆tomatoparis
|player|p1|
