|j|☆Rjisboss
|j|☆Tenative Tentacles
|t:|1758234785
|gametype|singles
|player|p1|Rjisboss|266|1113
|player|p2|Tenative Tentacles|1|1162
|gen|9
|tier|[Gen 9] OU
|rated|
|rule|HP Percentage Mod: HP is shown in percentages
|rule|Endless Battle Clause: Forcing endless battles is banned
|rule|Species Clause: Limit one of each Pokémon
|rule|OHKO Clause: OHKO moves are banned
|rule|Evasion Items Clause: Evasion items are banned
|rule|Evasion Moves Clause: Evasion moves are banned
|rule|Evasion Abilities Clause: Evasion abilities are banned
|rule|Sleep Moves Clause: Sleep-inducing moves are banned
|clearpoke
|poke|p1|Raging Bolt|
|poke|p1|Ogerpon-Wellspring, F|
|poke|p1|Great Tusk|
|poke|p1|Pincurchin, M|
|poke|p1|Walking Wake|
|poke|p1|Iron Moth|
|poke|p2|Slowking-Galar, F|
|poke|p2|Rillaboom, F|
|poke|p2|Gliscor, F|
|poke|p2|Kyurem|
|poke|p2|Moltres|
|poke|p2|Quaquaval, M|
|teampreview
|inactive|Battle timer is ON: inactive players will automatically lose when time's up. (requested by Rjisboss)
|
|t:|1758234802
|teamsize|p1|6
|teamsize|p2|6
|start
|switch|p1a: Great Tusk|Great Tusk|100/100
|switch|p2a: Kyurem|Kyurem|100/100
|-ability|p2a: Kyurem|Pressure
|turn|1
|
|t:|1758234813
|-end|p1a: Great Tusk|Protosynthesis|[silent]
|switch|p1a: Iron Moth|Iron Moth|100/100
|move|p2a: Kyurem|Freeze-Dry|p1a: Iron Moth
|-resisted|p1a: Iron Moth
|-damage|p1a: Iron Moth|85/100
|
|upkeep
|turn|2
|
|t:|1758234820
|move|p1a: Iron Moth|Sunny Day|p1a: Iron Moth
|-weather|SunnyDay
|move|p2a: Kyurem|Earth Power|p1a: Iron Moth
|-supereffective|p1a: Iron Moth
|-damage|p1a: Iron Moth|0 fnt
|faint|p1a: Iron Moth
|-end|p1a: Iron Moth|Quark Drive|[silent]
|
|-weather|SunnyDay|[upkeep]
|upkeep
|
|t:|1758234831
|switch|p1a: Great Tusk|Great Tusk|100/100
|-activate|p1a: Great Tusk|ability: Protosynthesis
|-start|p1a: Great Tusk|protosynthesisatk
|turn|3
|
|t:|1758234848
|move|p2a: Kyurem|Protect|p2a: Kyurem
|-singleturn|p2a: Kyurem|Protect
|move|p1a: Great Tusk|Close Combat|p2a: Kyurem
|-activate|p2a: Kyurem|move: Protect
|
|-weather|SunnyDay|[upkeep]
|upkeep
|turn|4
|
|t:|1758234860
|switch|p2a: Moltres|Moltres|100/100
|-end|p1a: Great Tusk|Protosynthesis|[silent]
|switch|p1a: Raging Bolt|Raging Bolt|100/100
|-activate|p1a: Raging Bolt|ability: Protosynthesis
|-start|p1a: Raging Bolt|protosynthesisspa
|
|-weather|SunnyDay|[upkeep]
|upkeep
|turn|5
|
|t:|1758234868
|switch|p2a: Gliscor|Gliscor, F|100/100
|move|p1a: Raging Bolt|Draco Meteor|p2a: Gliscor
|-damage|p2a: Gliscor|0 fnt
|-unboost|p1a: Raging Bolt|spa|2
|faint|p2a: Gliscor
|
|-weather|SunnyDay|[upkeep]
|upkeep
|
|t:|1758234875
|switch|p2a: Kyurem|Kyurem|100/100
|-ability|p2a: Kyurem|Pressure
|turn|6
|
|t:|1758234880
|move|p1a: Raging Bolt|Draco Meteor|p2a: Kyurem
|-supereffective|p2a: Kyurem
|-damage|p2a: Kyurem|10/100
|-unboost|p1a: Raging Bolt|spa|2
|move|p2a: Kyurem|Substitute|p2a: Kyurem
|-fail|p2a: Kyurem|move: Substitute|[weak]
|
|-weather|SunnyDay|[upkeep]
|-heal|p2a: Kyurem|16/100|[from] item: Leftovers
|upkeep
|turn|7
|
|t:|1758234890
|-end|p1a: Raging Bolt|Protosynthesis|[silent]
|switch|p1a: Pincurchin|Pincurchin, M|100/100
|-fieldstart|move: Electric Terrain|[from] ability: Electric Surge|[of] p1a: Pincurchin
|move|p2a: Kyurem|Protect||[still]
|-fail|p2a: Kyurem
|
|-weather|SunnyDay|[upkeep]
|-heal|p2a: Kyurem|22/100|[from] item: Leftovers
|upkeep
|turn|8
|
|t:|1758234899
|move|p2a: Kyurem|Protect|p2a: Kyurem
|-singleturn|p2a: Kyurem|Protect
|move|p1a: Pincurchin|Thunder Wave|p2a: Kyurem
|-activate|p2a: Kyurem|move: Protect
|
|-weather|SunnyDay|[upkeep]
|-heal|p2a: Kyurem|28/100|[from] item: Leftovers
|upkeep
|turn|9
|
|t:|1758234906
|move|p2a: Kyurem|Substitute|p2a: Kyurem
|-start|p2a: Kyurem|Substitute
|-damage|p2a: Kyurem|3/100
|move|p1a: Pincurchin|Toxic Spikes|p2a: Kyurem
|-sidestart|p2: Tenative Tentacles|move: Toxic Spikes
|
|-weather|none
|-heal|p2a: Kyurem|10/100|[from] item: Leftovers
|upkeep
|turn|10
|
|t:|1758234922
|move|p2a: Kyurem|Earth Power|p1a: Pincurchin
|-supereffective|p1a: Pincurchin
|-damage|p1a: Pincurchin|21/100
|move|p1a: Pincurchin|Thunderbolt|p2a: Kyurem
|-resisted|p2a: Kyurem
|-activate|p2a: Kyurem|move: Substitute|[damage]
|
|-heal|p2a: Kyurem|16/100|[from] item: Leftovers
|upkeep
|turn|11
|
|t:|1758234933
|switch|p1a: Great Tusk|Great Tusk|100/100
|move|p2a: Kyurem|Protect||[still]
|-fail|p2a: Kyurem
|
|-heal|p2a: Kyurem|22/100|[from] item: Leftovers
|upkeep
|turn|12
|inactive|Rjisboss has 120 seconds left.
|
|t:|1758234964
|-terastallize|p1a: Great Tusk|Fairy
|move|p2a: Kyurem|Protect|p2a: Kyurem
|-singleturn|p2a: Kyurem|Protect
|move|p1a: Great Tusk|Close Combat|p2a: Kyurem
|-activate|p2a: Kyurem|move: Protect
|
|-heal|p2a: Kyurem|28/100|[from] item: Leftovers
|upkeep
|turn|13
|inactive|Rjisboss has 120 seconds left.
|n|!Rjisboss|rjisboss
|
|t:|1758234980
|move|p2a: Kyurem|Freeze-Dry|p1a: Great Tusk
|-damage|p1a: Great Tusk|72/100
|move|p1a: Great Tusk|Close Combat|p2a: Kyurem
|-supereffective|p2a: Kyurem
|-crit|p2a: Kyurem
|-end|p2a: Kyurem|Substitute
|-unboost|p1a: Great Tusk|def|1
|-unboost|p1a: Great Tusk|spd|1
|
|-heal|p2a: Kyurem|34/100|[from] item: Leftovers
|upkeep
|turn|14
|
|t:|1758234992
|move|p2a: Kyurem|Protect|p2a: Kyurem
|-singleturn|p2a: Kyurem|Protect
|move|p1a: Great Tusk|Close Combat|p2a: Kyurem
|-activate|p2a: Kyurem|move: Protect
|
|-heal|p2a: Kyurem|41/100|[from] item: Leftovers
|-fieldend|move: Electric Terrain
|upkeep
|turn|15
|
|t:|1758235002
|move|p2a: Kyurem|Substitute|p2a: Kyurem
|-start|p2a: Kyurem|Substitute
|-damage|p2a: Kyurem|16/100
|move|p1a: Great Tusk|Headlong Rush|p2a: Kyurem
|-end|p2a: Kyurem|Substitute
|-unboost|p1a: Great Tusk|def|1
|-unboost|p1a: Great Tusk|spd|1
|
|-heal|p2a: Kyurem|22/100|[from] item: Leftovers
|upkeep
|turn|16
|
|t:|1758235008
|move|p2a: Kyurem|Freeze-Dry|p1a: Great Tusk
|-damage|p1a: Great Tusk|15/100
|move|p1a: Great Tusk|Headlong Rush|p2a: Kyurem
|-damage|p2a: Kyurem|0 fnt
|-unboost|p1a: Great Tusk|def|1
|-unboost|p1a: Great Tusk|spd|1
|faint|p2a: Kyurem
|
|upkeep
|inactive|Tenative Tentacles has 120 seconds left.
|
|t:|1758235039
|switch|p2a: Rillaboom|Rillaboom, F|100/100
|-status|p2a: Rillaboom|psn
|-fieldstart|move: Grassy Terrain|[from] ability: Grassy Surge|[of] p2a: Rillaboom
|turn|17
|
|t:|1758235050
|move|p2a: Rillaboom|Grassy Glide|p1a: Great Tusk
|-damage|p1a: Great Tusk|0 fnt
|faint|p1a: Great Tusk
|-end|p1a: Great Tusk|Protosynthesis|[silent]
|
|-damage|p2a: Rillaboom|88/100 psn|[from] psn
|upkeep
|
|t:|1758235053
|switch|p1a: Pincurchin|Pincurchin, M|21/100
|-fieldstart|move: Electric Terrain|[from] ability: Electric Surge|[of] p1a: Pincurchin
|turn|18
|
|t:|1758235061
|switch|p1a: Raging Bolt|Raging Bolt|100/100
|move|p2a: Rillaboom|U-turn|p1a: Raging Bolt
|-damage|p1a: Raging Bolt|77/100
|
|t:|1758235074
|switch|p2a: Slowking|Slowking-Galar, F|100/100|[from] U-turn
|-sideend|p2: Tenative Tentacles|move: Toxic Spikes|[of] p2a: Slowking
|
|upkeep
|turn|19
|
|t:|1758235091
|move|p1a: Raging Bolt|Thunderbolt|p2a: Slowking
|-damage|p2a: Slowking|66/100
|move|p2a: Slowking|Sludge Bomb|p1a: Raging Bolt
|-damage|p1a: Raging Bolt|45/100
|-status|p1a: Raging Bolt|psn
|
|-damage|p1a: Raging Bolt|33/100 psn|[from] psn
|upkeep
|turn|20
|
|t:|1758235114
|-end|p1a: Raging Bolt|Protosynthesis|[silent]
|switch|p1a: Walking Wake|Walking Wake|100/100
|-prepare|p2a: Slowking|Chilly Reception|[premajor]
|move|p2a: Slowking|Chilly Reception|p2a: Slowking
|-weather|Snowscape
|inactive|Tenative Tentacles has 120 seconds left.
|
|t:|1758235130
|switch|p2a: Quaquaval|Quaquaval, M|100/100|[from] Chilly Reception
|
|-weather|Snowscape|[upkeep]
|upkeep
|turn|21
|
|t:|1758235145
|move|p1a: Walking Wake|Draco Meteor|p2a: Quaquaval
|-damage|p2a: Quaquaval|15/100
|-unboost|p1a: Walking Wake|spa|2
|-damage|p1a: Walking Wake|91/100|[from] item: Life Orb
|move|p2a: Quaquaval|Knock Off|p1a: Walking Wake
|-damage|p1a: Walking Wake|52/100
|-enditem|p1a: Walking Wake|Life Orb|[from] move: Knock Off|[of] p2a: Quaquaval
|
|-weather|Snowscape|[upkeep]
|upkeep
|turn|22
|inactive|Tenative Tentacles has 120 seconds left.
|
|t:|1758235160
|switch|p2a: Rillaboom|Rillaboom, F|88/100 psn
|-fieldstart|move: Grassy Terrain|[from] ability: Grassy Surge|[of] p2a: Rillaboom
|move|p1a: Walking Wake|Draco Meteor|p2a: Rillaboom
|-damage|p2a: Rillaboom|58/100 psn
|-unboost|p1a: Walking Wake|spa|2
|
|-weather|Snowscape|[upkeep]
|-heal|p1a: Walking Wake|58/100|[from] Grassy Terrain
|-heal|p2a: Rillaboom|64/100 psn|[from] Grassy Terrain
|-damage|p2a: Rillaboom|52/100 psn|[from] psn
|upkeep
|turn|23
|
|t:|1758235170
|-end|p1a: Walking Wake|Protosynthesis|[silent]
|switch|p1a: Pincurchin|Pincurchin, M|21/100
|-fieldstart|move: Electric Terrain|[from] ability: Electric Surge|[of] p1a: Pincurchin
|move|p2a: Rillaboom|High Horsepower|p1a: Pincurchin
|-supereffective|p1a: Pincurchin
|-damage|p1a: Pincurchin|0 fnt
|faint|p1a: Pincurchin
|
|-weather|Snowscape|[upkeep]
|-damage|p2a: Rillaboom|39/100 psn|[from] psn
|upkeep
|
|t:|1758235177
|switch|p1a: Raging Bolt|Raging Bolt|33/100 psn
|turn|24
|
|t:|1758235182
|switch|p2a: Quaquaval|Quaquaval, M|15/100
|move|p1a: Raging Bolt|Volt Switch|p2a: Quaquaval
|-supereffective|p2a: Quaquaval
|-damage|p2a: Quaquaval|0 fnt
|faint|p2a: Quaquaval
|
|t:|1758235189
|-end|p1a: Raging Bolt|Protosynthesis|[silent]
|switch|p1a: Ogerpon|Ogerpon-Wellspring, F|100/100|[from] Volt Switch
|
|-weather|none
|upkeep
|inactive|Tenative Tentacles has 120 seconds left.
|
|t:|1758235223
|switch|p2a: Slowking|Slowking-Galar, F|99/100
|turn|25
|inactive|Tenative Tentacles has 120 seconds left.
|
|t:|1758235234
|move|p1a: Ogerpon|Swords Dance|p1a: Ogerpon
|-boost|p1a: Ogerpon|atk|2
|move|p2a: Slowking|Sludge Bomb|p1a: Ogerpon
|-supereffective|p1a: Ogerpon
|-damage|p1a: Ogerpon|25/100
|-status|p1a: Ogerpon|psn
|
|-damage|p1a: Ogerpon|12/100 psn|[from] psn
|upkeep
|turn|26
|inactive|Tenative Tentacles has 120 seconds left.
|
|t:|1758235255
|switch|p2a: Moltres|Moltres|100/100
|move|p1a: Ogerpon|Ivy Cudgel|p2a: Moltres|[anim] Ivy Cudgel Water
|-supereffective|p2a: Moltres
|-damage|p2a: Moltres|0 fnt
|faint|p2a: Moltres
|
|-damage|p1a: Ogerpon|0 fnt|[from] psn
|faint|p1a: Ogerpon
|upkeep
|
|t:|1758235263
|switch|p1a: Raging Bolt|Raging Bolt|33/100 psn
|switch|p2a: Rillaboom|Rillaboom, F|39/100 psn
|-fieldstart|move: Grassy Terrain|[from] ability: Grassy Surge|[of] p2a: Rillaboom
|turn|27
|inactive|Tenative Tentacles has 90 seconds left.
|
|t:|1758235291
|switch|p2a: Slowking|Slowking-Galar, F|100/100
|move|p1a: Raging Bolt|Draco Meteor|p2a: Slowking
|-damage|p2a: Slowking|59/100
|-unboost|p1a: Raging Bolt|spa|2
|
|-heal|p1a: Raging Bolt|39/100 psn|[from] Grassy Terrain
|-heal|p2a: Slowking|65/100|[from] Grassy Terrain
|-damage|p1a: Raging Bolt|27/100 psn|[from] psn
|upkeep
|turn|28
|inactive|Tenative Tentacles has 90 seconds left.
|
|t:|1758235303
|move|p1a: Raging Bolt|Draco Meteor|p2a: Slowking
|-damage|p2a: Slowking|45/100
|-unboost|p1a: Raging Bolt|spa|2
|move|p2a: Slowking|Future Sight|p1a: Raging Bolt
|-start|p2a: Slowking|move: Future Sight
|
|-heal|p1a: Raging Bolt|33/100 psn|[from] Grassy Terrain
|-heal|p2a: Slowking|51/100|[from] Grassy Terrain
|-damage|p1a: Raging Bolt|20/100 psn|[from] psn
|upkeep
|turn|29
|
|t:|1758235311
|-end|p1a: Raging Bolt|Protosynthesis|[silent]
|switch|p1a: Walking Wake|Walking Wake|58/100
|move|p2a: Slowking|Sludge Bomb|p1a: Walking Wake
|-damage|p1a: Walking Wake|16/100
|-status|p1a: Walking Wake|psn
|
|-heal|p1a: Walking Wake|23/100 psn|[from] Grassy Terrain
|-heal|p2a: Slowking|57/100|[from] Grassy Terrain
|-damage|p1a: Walking Wake|10/100 psn|[from] psn
|upkeep
|turn|30
|
|t:|1758235323
|switch|p2a: Rillaboom|Rillaboom, F|39/100 psn
|move|p1a: Walking Wake|Draco Meteor|p2a: Rillaboom
|-damage|p2a: Rillaboom|0 fnt
|-unboost|p1a: Walking Wake|spa|2
|faint|p2a: Rillaboom
|
|-end|p1a: Walking Wake|move: Future Sight
|-damage|p1a: Walking Wake|0 fnt
|faint|p1a: Walking Wake
|-end|p1a: Walking Wake|Protosynthesis|[silent]
|upkeep
|
|t:|1758235329
|switch|p1a: Raging Bolt|Raging Bolt|20/100 psn
|switch|p2a: Slowking|Slowking-Galar, F|90/100
|turn|31
|
|t:|1758235333
|move|p1a: Raging Bolt|Draco Meteor|p2a: Slowking
|-damage|p2a: Slowking|49/100
|-unboost|p1a: Raging Bolt|spa|2
|move|p2a: Slowking|Sludge Bomb|p1a: Raging Bolt
|-damage|p1a: Raging Bolt|0 fnt
|faint|p1a: Raging Bolt
|-end|p1a: Raging Bolt|Protosynthesis|[silent]
|
|win|Tenative Tentacles
