|j|☆KingKaido107
|j|☆Mr Tpen
|t:|1758330699
|gametype|singles
|player|p1|KingKaido107|dragontamer-gen6|1719
|player|p2|Mr Tpen|102|1751
|gen|9
|tier|[Gen 9] OU
|rated|
|rule|HP Percentage Mod: HP is shown in percentages
|rule|Endless Battle Clause: Forcing endless battles is banned
|rule|Species Clause: Limit one of each Pokémon
|rule|OHKO Clause: OHKO moves are banned
|rule|Evasion Items Clause: Evasion items are banned
|rule|Evasion Moves Clause: Evasion moves are banned
|rule|Evasion Abilities Clause: Evasion abilities are banned
|rule|Sleep Moves Clause: Sleep-inducing moves are banned
|clearpoke
|poke|p1|Slowking-Galar, F|
|poke|p1|Kyurem|
|poke|p1|Cinderace, F|
|poke|p1|Tornadus-Therian, M|
|poke|p1|Hydrapple, M|
|poke|p1|Kingambit, F|
|poke|p2|Enamorus, F|
|poke|p2|Kyurem|
|poke|p2|Landorus-Therian, M|
|poke|p2|Kingambit, F|
|poke|p2|Ogerpon-Wellspring, F|
|poke|p2|Glimmora, F|
|teampreview
|inactive|Battle timer is ON: inactive players will automatically lose when time's up. (requested by KingKaido107)
|
|t:|1758330704
|teamsize|p1|6
|teamsize|p2|6
|start
|switch|p1a: Depressed Drunk|Slowking-Galar, F|100/100
|switch|p2a: Kyurem|Kyurem|100/100
|-ability|p2a: Kyurem|Pressure
|turn|1
|j| Dogerunner
|
|t:|1758330712
|switch|p2a: Landorus|Landorus-Therian, M|100/100
|-ability|p2a: Landorus|Intimidate|boost
|-unboost|p1a: Depressed Drunk|atk|1
|move|p1a: Depressed Drunk|Sludge Bomb|p2a: Landorus
|-resisted|p2a: Landorus
|-damage|p2a: Landorus|83/100
|-status|p2a: Landorus|psn
|
|-damage|p2a: Landorus|71/100 psn|[from] psn
|upkeep
|turn|2
|
|t:|1758330718
|switch|p1a: Thieving Drunk|Tornadus-Therian, M|100/100
|move|p2a: Landorus|Stealth Rock|p1a: Thieving Drunk
|-sidestart|p1: KingKaido107|move: Stealth Rock
|
|-damage|p2a: Landorus|59/100 psn|[from] psn
|upkeep
|turn|3
|
|t:|1758330721
|switch|p2a: Kyurem|Kyurem|100/100
|-ability|p2a: Kyurem|Pressure
|move|p1a: Thieving Drunk|Bleakwind Storm|p2a: Kyurem
|-damage|p2a: Kyurem|64/100
|
|upkeep
|turn|4
|
|t:|1758330724
|move|p2a: Kyurem|Ice Beam|p1a: Thieving Drunk
|-supereffective|p1a: Thieving Drunk
|-damage|p1a: Thieving Drunk|0 fnt
|faint|p1a: Thieving Drunk
|
|upkeep
|
|t:|1758330726
|switch|p1a: Boro Breath|Cinderace, F|100/100
|turn|5
|j| Cassimir Bazan
|
|t:|1758330730
|move|p2a: Kyurem|Ice Beam|p1a: Boro Breath
|-resisted|p1a: Boro Breath
|-damage|p1a: Boro Breath|65/100
|move|p1a: Boro Breath|Pyro Ball|p2a: Kyurem|[miss]
|-miss|p1a: Boro Breath|p2a: Kyurem
|
|upkeep
|turn|6
|l| Cassimir Bazan
|
|t:|1758330737
|switch|p2a: Landorus|Landorus-Therian, M|59/100 psn
|-ability|p2a: Landorus|Intimidate|boost
|-unboost|p1a: Boro Breath|atk|1
|move|p1a: Boro Breath|Court Change|p1a: Boro Breath
|-start|p1a: Boro Breath|typechange|Normal|[from] ability: Libero
|-swapsideconditions
|-activate|p1a: Boro Breath|move: Court Change
|
|-damage|p2a: Landorus|46/100 psn|[from] psn
|upkeep
|turn|7
|
|t:|1758330740
|move|p1a: Boro Breath|U-turn|p2a: Landorus
|-resisted|p2a: Landorus
|-damage|p2a: Landorus|39/100 psn
|-damage|p1a: Boro Breath|48/100|[from] item: Rocky Helmet|[of] p2a: Landorus
|
|t:|1758330741
|switch|p1a: Laughing Drunk|Hydrapple, M|100/100|[from] U-turn
|move|p2a: Landorus|Stealth Rock|p1a: Laughing Drunk
|-sidestart|p1: KingKaido107|move: Stealth Rock
|
|-damage|p2a: Landorus|26/100 psn|[from] psn
|upkeep
|turn|8
|
|t:|1758330745
|move|p2a: Landorus|Taunt|p1a: Laughing Drunk
|-start|p1a: Laughing Drunk|move: Taunt
|move|p1a: Laughing Drunk|Giga Drain|p2a: Landorus
|-damage|p2a: Landorus|0 fnt
|faint|p2a: Landorus
|
|upkeep
|
|t:|1758330748
|switch|p2a: Enamorus|Enamorus, F|100/100
|turn|9
|
|t:|1758330751
|-terastallize|p2a: Enamorus|Stellar
|move|p2a: Enamorus|Tera Blast|p1a: Laughing Drunk|[anim] Tera Blast Stellar
|-damage|p1a: Laughing Drunk|57/100
|-boost|p2a: Enamorus|atk|1
|-boost|p2a: Enamorus|spa|1
|move|p1a: Laughing Drunk|Giga Drain|p2a: Enamorus
|-resisted|p2a: Enamorus
|-damage|p2a: Enamorus|78/100
|-heal|p1a: Laughing Drunk|65/100|[from] drain|[of] p2a: Enamorus
|
|upkeep
|turn|10
|j| majorrelic
|
|t:|1758330768
|switch|p1a: Boro Breath|Cinderace, F|48/100
|move|p2a: Enamorus|Tera Blast|p1a: Boro Breath|[anim] Tera Blast Stellar
|-damage|p1a: Boro Breath|0 fnt
|-boost|p2a: Enamorus|atk|1
|-boost|p2a: Enamorus|spa|1
|faint|p1a: Boro Breath
|
|upkeep
|
|t:|1758330770
|switch|p1a: Depressed Drunk|Slowking-Galar, F|100/100
|-damage|p1a: Depressed Drunk|88/100|[from] Stealth Rock
|turn|11
|
|t:|1758330772
|move|p2a: Enamorus|Earth Power|p1a: Depressed Drunk
|-supereffective|p1a: Depressed Drunk
|-damage|p1a: Depressed Drunk|0 fnt
|faint|p1a: Depressed Drunk
|
|upkeep
|
|t:|1758330778
|switch|p1a: Ragnaraku|Kyurem|100/100
|-damage|p1a: Ragnaraku|76/100|[from] Stealth Rock
|-ability|p1a: Ragnaraku|Pressure
|turn|12
|
|t:|1758330783
|move|p2a: Enamorus|Tera Blast|p1a: Ragnaraku|[anim] Tera Blast Stellar
|-damage|p1a: Ragnaraku|2/100
|-boost|p2a: Enamorus|atk|1
|-boost|p2a: Enamorus|spa|1
|move|p1a: Ragnaraku|Freeze-Dry|p2a: Enamorus
|-supereffective|p2a: Enamorus
|-damage|p2a: Enamorus|0 fnt
|faint|p2a: Enamorus
|
|upkeep
|j| Frank Ocean Fanboy
|
|t:|1758330788
|switch|p2a: Ogerpon|Ogerpon-Wellspring, F|100/100
|-damage|p2a: Ogerpon|88/100|[from] Stealth Rock
|turn|13
|j| crying colors
|
|t:|1758330790
|switch|p1a: Laughing Drunk|Hydrapple, M|98/100
|-damage|p1a: Laughing Drunk|85/100|[from] Stealth Rock
|move|p2a: Ogerpon|Knock Off|p1a: Laughing Drunk
|-damage|p1a: Laughing Drunk|63/100
|-damage|p2a: Ogerpon|72/100|[from] item: Rocky Helmet|[of] p1a: Laughing Drunk
|-enditem|p1a: Laughing Drunk|Rocky Helmet|[from] move: Knock Off|[of] p2a: Ogerpon
|
|upkeep
|turn|14
|
|t:|1758330794
|move|p2a: Ogerpon|U-turn|p1a: Laughing Drunk
|-supereffective|p1a: Laughing Drunk
|-damage|p1a: Laughing Drunk|29/100
|
|t:|1758330796
|switch|p2a: Kingambit|Kingambit, F|100/100|[from] U-turn
|-damage|p2a: Kingambit|94/100|[from] Stealth Rock
|-activate|p2a: Kingambit|ability: Supreme Overlord
|-start|p2a: Kingambit|fallen2|[silent]
|-item|p2a: Kingambit|Air Balloon
|move|p1a: Laughing Drunk|Fickle Beam|p2a: Kingambit
|-resisted|p2a: Kingambit
|-damage|p2a: Kingambit|77/100
|-enditem|p2a: Kingambit|Air Balloon
|
|upkeep
|turn|15
|l| Frank Ocean Fanboy
|
|t:|1758330800
|switch|p1a: Ragnaraku|Kyurem|2/100
|-damage|p1a: Ragnaraku|0 fnt|[from] Stealth Rock
|faint|p1a: Ragnaraku
|move|p2a: Kingambit|Iron Head|p1: Ragnaraku|[notarget]
|-fail|p2a: Kingambit
|
|upkeep
|
|t:|1758330801
|switch|p1a: Laughing Drunk|Hydrapple, M|62/100
|-damage|p1a: Laughing Drunk|50/100|[from] Stealth Rock
|turn|16
|
|t:|1758330807
|-end|p2a: Kingambit|fallen2|[silent]
|switch|p2a: Glimmora|Glimmora, F|100/100
|-damage|p2a: Glimmora|88/100|[from] Stealth Rock
|move|p1a: Laughing Drunk|Body Press|p2a: Glimmora
|-damage|p2a: Glimmora|68/100
|-activate|p2a: Glimmora|ability: Toxic Debris
|-sidestart|p1: KingKaido107|move: Toxic Spikes
|-enditem|p2a: Glimmora|Red Card|[of] p1a: Laughing Drunk
|drag|p1a: Raging Drunk|Kingambit, F|100/100
|-damage|p1a: Raging Drunk|94/100|[from] Stealth Rock
|-activate|p1a: Raging Drunk|ability: Supreme Overlord
|-start|p1a: Raging Drunk|fallen4|[silent]
|
|upkeep
|turn|17
|j| DissFunktion
|
|t:|1758330816
|-terastallize|p1a: Raging Drunk|Dark
|move|p1a: Raging Drunk|Sucker Punch|p2a: Glimmora
|-damage|p2a: Glimmora|0 fnt
|-activate|p2a: Glimmora|ability: Toxic Debris
|-sidestart|p1: KingKaido107|move: Toxic Spikes
|faint|p2a: Glimmora
|
|upkeep
|
|t:|1758330819
|switch|p2a: Kingambit|Kingambit, F|77/100
|-damage|p2a: Kingambit|71/100|[from] Stealth Rock
|-activate|p2a: Kingambit|ability: Supreme Overlord
|-start|p2a: Kingambit|fallen3|[silent]
|turn|18
|
|t:|1758330821
|move|p2a: Kingambit|Low Kick|p1a: Raging Drunk
|-supereffective|p1a: Raging Drunk
|-damage|p1a: Raging Drunk|28/100
|move|p1a: Raging Drunk|Low Kick|p2a: Kingambit
|-supereffective|p2a: Kingambit
|-damage|p2a: Kingambit|0 fnt
|faint|p2a: Kingambit
|-end|p2a: Kingambit|fallen3|[silent]
|
|upkeep
|l| Dogerunner
|
|t:|1758330827
|switch|p2a: Ogerpon|Ogerpon-Wellspring, F|72/100
|-damage|p2a: Ogerpon|59/100|[from] Stealth Rock
|turn|19
|l| majorrelic
|
|t:|1758330831
|-end|p1a: Raging Drunk|fallen4|[silent]
|switch|p1a: Laughing Drunk|Hydrapple, M|83/100
|-damage|p1a: Laughing Drunk|71/100|[from] Stealth Rock
|-status|p1a: Laughing Drunk|tox
|move|p2a: Ogerpon|U-turn|p1a: Laughing Drunk
|-supereffective|p1a: Laughing Drunk
|-damage|p1a: Laughing Drunk|37/100 tox
|
|t:|1758330832
|switch|p2a: Kyurem|Kyurem|64/100|[from] U-turn
|-damage|p2a: Kyurem|39/100|[from] Stealth Rock
|-ability|p2a: Kyurem|Pressure
|
|-damage|p1a: Laughing Drunk|31/100 tox|[from] psn
|upkeep
|turn|20
|
|t:|1758330836
|move|p2a: Kyurem|Ice Beam|p1a: Laughing Drunk
|-supereffective|p1a: Laughing Drunk
|-damage|p1a: Laughing Drunk|0 fnt
|faint|p1a: Laughing Drunk
|
|upkeep
|
|t:|1758330837
|switch|p1a: Raging Drunk|Kingambit, F, tera:Dark|28/100
|-damage|p1a: Raging Drunk|16/100|[from] Stealth Rock
|-status|p1a: Raging Drunk|tox
|-activate|p1a: Raging Drunk|ability: Supreme Overlord
|-start|p1a: Raging Drunk|fallen5|[silent]
|turn|21
|
|t:|1758330839
|move|p1a: Raging Drunk|Sucker Punch|p2a: Kyurem
|-damage|p2a: Kyurem|0 fnt
|faint|p2a: Kyurem
|
|-damage|p1a: Raging Drunk|10/100 tox|[from] psn
|upkeep
|
|t:|1758330841
|switch|p2a: Ogerpon|Ogerpon-Wellspring, F|59/100
|-damage|p2a: Ogerpon|47/100|[from] Stealth Rock
|turn|22
|
|t:|1758330843
|move|p1a: Raging Drunk|Sucker Punch||[still]
|-fail|p1a: Raging Drunk
|move|p2a: Ogerpon|Taunt|p1a: Raging Drunk
|-start|p1a: Raging Drunk|move: Taunt
|
|-damage|p1a: Raging Drunk|0 fnt|[from] psn
|faint|p1a: Raging Drunk
|-end|p1a: Raging Drunk|fallen5|[silent]
|
|win|Mr Tpen
|raw|KingKaido107's rating: 1719 &rarr; <strong>1701</strong><br />(-18 for losing)
|raw|Mr Tpen's rating: 1751 &rarr; <strong>1769</strong><br />(+18 for winning)
|l|☆KingKaido107
|player|p1|
|l|☆Mr Tpen
|player|p2|
