|j|☆teamcrystalrocket
|j|☆Zinkio
|t:|1758341520
|gametype|singles
|player|p1|teamcrystalrocket|266|1230
|player|p2|Zinkio|giovanni|1201
|gen|9
|tier|[Gen 9] OU
|rated|
|rule|HP Percentage Mod: HP is shown in percentages
|rule|Endless Battle Clause: Forcing endless battles is banned
|rule|Species Clause: Limit one of each Pokémon
|rule|OHKO Clause: OHKO moves are banned
|rule|Evasion Items Clause: Evasion items are banned
|rule|Evasion Moves Clause: Evasion moves are banned
|rule|Evasion Abilities Clause: Evasion abilities are banned
|rule|Sleep Moves Clause: Sleep-inducing moves are banned
|clearpoke
|poke|p1|Skeledirge, F|
|poke|p1|Glimmora, F|
|poke|p1|Meowscarada, M|
|poke|p1|Great Tusk|
|poke|p1|Kingambit, F|
|poke|p1|Quagsire, F|
|poke|p2|Gliscor, M|
|poke|p2|Toxapex, M|
|poke|p2|Dragapult, M|
|poke|p2|Weavile, F|
|poke|p2|Arcanine-Hisui, F|
|poke|p2|Iron Valiant|
|teampreview
|inactive|Battle timer is ON: inactive players will automatically lose when time's up. (requested by Zinkio)
|
|t:|1758341549
|teamsize|p1|6
|teamsize|p2|6
|start
|switch|p1a: Skeledirge|Skeledirge, F|100/100
|switch|p2a: Gay Knight|Iron Valiant|100/100
|-enditem|p2a: Gay Knight|Booster Energy
|-activate|p2a: Gay Knight|ability: Quark Drive|[fromitem]
|-start|p2a: Gay Knight|quarkdrivespe
|turn|1
|
|t:|1758341556
|-terastallize|p1a: Skeledirge|Fairy
|move|p2a: Gay Knight|Destiny Bond|p2a: Gay Knight
|-singlemove|p2a: Gay Knight|Destiny Bond
|move|p1a: Skeledirge|Torch Song|p2a: Gay Knight
|-damage|p2a: Gay Knight|43/100
|-boost|p1a: Skeledirge|spa|1
|
|upkeep
|turn|2
|
|t:|1758341575
|-end|p2a: Gay Knight|Quark Drive|[silent]
|switch|p2a: Toxica|Toxapex, M|100/100
|switch|p1a: Quagsire|Quagsire, F, shiny|100/100
|
|upkeep
|turn|3
|
|t:|1758341580
|switch|p1a: Glimmora|Glimmora, F, shiny|100/100
|move|p2a: Toxica|Toxic|p1a: Glimmora
|-immune|p1a: Glimmora
|
|upkeep
|turn|4
|
|t:|1758341587
|move|p1a: Glimmora|Stealth Rock|p2a: Toxica
|-sidestart|p2: Zinkio|move: Stealth Rock
|move|p2a: Toxica|Toxic Spikes|p1a: Glimmora
|-sidestart|p1: teamcrystalrocket|move: Toxic Spikes
|
|upkeep
|turn|5
|
|t:|1758341592
|move|p1a: Glimmora|Mortal Spin|p2a: Toxica
|-resisted|p2a: Toxica
|-damage|p2a: Toxica|99/100
|-sideend|p1: teamcrystalrocket|Toxic Spikes|[from] move: Mortal Spin|[of] p1a: Glimmora
|move|p2a: Toxica|Toxic Spikes|p1a: Glimmora
|-sidestart|p1: teamcrystalrocket|move: Toxic Spikes
|
|upkeep
|turn|6
|
|t:|1758341597
|move|p1a: Glimmora|Earth Power|p2a: Toxica
|-supereffective|p2a: Toxica
|-damage|p2a: Toxica|49/100
|-unboost|p2a: Toxica|spd|1
|move|p2a: Toxica|Toxic Spikes|p1a: Glimmora
|-sidestart|p1: teamcrystalrocket|move: Toxic Spikes
|
|upkeep
|turn|7
|
|t:|1758341605
|move|p2a: Toxica|Baneful Bunker|p2a: Toxica
|-singleturn|p2a: Toxica|move: Protect
|move|p1a: Glimmora|Mortal Spin|p2a: Toxica
|-activate|p2a: Toxica|move: Protect
|
|upkeep
|turn|8
|
|t:|1758341620
|move|p1a: Glimmora|Earth Power|p2a: Toxica
|-supereffective|p2a: Toxica
|-damage|p2a: Toxica|0 fnt
|faint|p2a: Toxica
|
|upkeep
|inactive|Zinkio has 120 seconds left.
|inactive|Zinkio has 90 seconds left.
|
|t:|1758341671
|switch|p2a: Weasel|Weavile, F|100/100
|-damage|p2a: Weasel|76/100|[from] Stealth Rock
|-ability|p2a: Weasel|Pressure
|turn|9
|
|t:|1758341676
|move|p2a: Weasel|Fake Out|p1a: Glimmora
|-resisted|p1a: Glimmora
|-damage|p1a: Glimmora|92/100
|-activate|p1a: Glimmora|ability: Toxic Debris
|-sidestart|p2: Zinkio|move: Toxic Spikes
|cant|p1a: Glimmora|flinch
|
|upkeep
|turn|10
|
|t:|1758341683
|move|p2a: Weasel|Knock Off|p1a: Glimmora
|-damage|p1a: Glimmora|36/100
|-activate|p1a: Glimmora|ability: Toxic Debris
|-sidestart|p2: Zinkio|move: Toxic Spikes
|-enditem|p1a: Glimmora|Focus Sash|[from] move: Knock Off|[of] p2a: Weasel
|move|p1a: Glimmora|Mortal Spin|p2a: Weasel
|-damage|p2a: Weasel|66/100
|-status|p2a: Weasel|psn
|-sideend|p1: teamcrystalrocket|Toxic Spikes|[from] move: Mortal Spin|[of] p1a: Glimmora
|
|-damage|p2a: Weasel|54/100 psn|[from] psn
|upkeep
|turn|11
|
|t:|1758341696
|switch|p1a: Quagsire|Quagsire, F, shiny|100/100
|move|p2a: Weasel|Triple Axel|p1a: Quagsire
|-damage|p1a: Quagsire|93/100
|-damage|p2a: Weasel|37/100 psn|[from] item: Rocky Helmet|[of] p1a: Quagsire
|-damage|p1a: Quagsire|80/100
|-damage|p2a: Weasel|21/100 psn|[from] item: Rocky Helmet|[of] p1a: Quagsire
|-damage|p1a: Quagsire|58/100
|-damage|p2a: Weasel|4/100 psn|[from] item: Rocky Helmet|[of] p1a: Quagsire
|-hitcount|p1a: Quagsire|3
|
|-damage|p2a: Weasel|0 fnt|[from] psn
|faint|p2a: Weasel
|upkeep
|
|t:|1758341704
|switch|p2a: Trebuchet|Dragapult, M|100/100
|-damage|p2a: Trebuchet|88/100|[from] Stealth Rock
|-status|p2a: Trebuchet|tox
|turn|12
|
|t:|1758341715
|switch|p1a: Glimmora|Glimmora, F, shiny|36/100
|-terastallize|p2a: Trebuchet|Ghost
|move|p2a: Trebuchet|Phantom Force||[still]
|-prepare|p2a: Trebuchet|Phantom Force
|
|-damage|p2a: Trebuchet|82/100 tox|[from] psn
|upkeep
|turn|13
|
|t:|1758341723
|move|p2a: Trebuchet|Phantom Force|p1a: Glimmora|[from] lockedmove
|-damage|p1a: Glimmora|0 fnt
|faint|p1a: Glimmora
|
|-damage|p2a: Trebuchet|70/100 tox|[from] psn
|upkeep
|
|t:|1758341729
|switch|p1a: Meowscarada|Meowscarada, M|100/100
|turn|14
|
|t:|1758341732
|move|p1a: Meowscarada|Knock Off|p2a: Trebuchet
|-start|p1a: Meowscarada|typechange|Dark|[from] ability: Protean
|-supereffective|p2a: Trebuchet
|-damage|p2a: Trebuchet|0 fnt
|-enditem|p2a: Trebuchet|Choice Specs|[from] move: Knock Off|[of] p1a: Meowscarada
|faint|p2a: Trebuchet
|
|upkeep
|
|t:|1758341739
|switch|p2a: Garlic Jr.|Gliscor, M|100/100
|-damage|p2a: Garlic Jr.|88/100|[from] Stealth Rock
|turn|15
|
|t:|1758341743
|switch|p1a: Great Tusk|Great Tusk, shiny|100/100
|move|p2a: Garlic Jr.|Protect||[still]
|-fail|p2a: Garlic Jr.
|
|-status|p2a: Garlic Jr.|tox|[from] item: Toxic Orb
|upkeep
|turn|16
|
|t:|1758341750
|move|p2a: Garlic Jr.|Protect|p2a: Garlic Jr.
|-singleturn|p2a: Garlic Jr.|Protect
|move|p1a: Great Tusk|Ice Spinner|p2a: Garlic Jr.
|-activate|p2a: Garlic Jr.|move: Protect
|
|-heal|p2a: Garlic Jr.|100/100 tox|[from] ability: Poison Heal
|upkeep
|turn|17
|
|t:|1758341758
|move|p1a: Great Tusk|Ice Spinner|p2a: Garlic Jr.
|-supereffective|p2a: Garlic Jr.
|-damage|p2a: Garlic Jr.|46/100 tox
|move|p2a: Garlic Jr.|Toxic|p1a: Great Tusk
|-status|p1a: Great Tusk|tox
|
|-damage|p1a: Great Tusk|94/100 tox|[from] psn
|-heal|p2a: Garlic Jr.|58/100 tox|[from] ability: Poison Heal
|upkeep
|turn|18
|
|t:|1758341767
|-end|p1a: Great Tusk|Protosynthesis|[silent]
|switch|p1a: Meowscarada|Meowscarada, M|100/100
|move|p2a: Garlic Jr.|Protect||[still]
|-fail|p2a: Garlic Jr.
|
|-heal|p2a: Garlic Jr.|71/100 tox|[from] ability: Poison Heal
|upkeep
|turn|19
|
|t:|1758341775
|move|p1a: Meowscarada|Triple Axel|p2a: Garlic Jr.
|-start|p1a: Meowscarada|typechange|Ice|[from] ability: Protean
|-supereffective|p2a: Garlic Jr.
|-damage|p2a: Garlic Jr.|53/100 tox
|-supereffective|p2a: Garlic Jr.
|-damage|p2a: Garlic Jr.|14/100 tox
|-supereffective|p2a: Garlic Jr.
|-damage|p2a: Garlic Jr.|0 fnt
|faint|p2a: Garlic Jr.
|-hitcount|p2: Garlic Jr.|3
|
|upkeep
|
|t:|1758341778
|switch|p2a: Goddard|Arcanine-Hisui, F|100/100
|-damage|p2a: Goddard|76/100|[from] Stealth Rock
|-status|p2a: Goddard|tox
|turn|20
|
|t:|1758341789
|switch|p1a: Quagsire|Quagsire, F, shiny|58/100
|move|p2a: Goddard|Flare Blitz|p1a: Quagsire
|-resisted|p1a: Quagsire
|-damage|p1a: Quagsire|29/100
|-damage|p2a: Goddard|59/100 tox|[from] item: Rocky Helmet|[of] p1a: Quagsire
|
|-damage|p2a: Goddard|53/100 tox|[from] psn
|upkeep
|turn|21
|
|t:|1758341797
|move|p2a: Goddard|Flare Blitz|p1a: Quagsire
|-resisted|p1a: Quagsire
|-damage|p1a: Quagsire|0 fnt
|-damage|p2a: Goddard|36/100 tox|[from] item: Rocky Helmet|[of] p1a: Quagsire
|faint|p1a: Quagsire
|
|-damage|p2a: Goddard|24/100 tox|[from] psn
|upkeep
|
|t:|1758341805
|switch|p1a: Great Tusk|Great Tusk, shiny|94/100 tox
|turn|22
|
|t:|1758341808
|switch|p2a: Gay Knight|Iron Valiant|43/100
|-damage|p2a: Gay Knight|37/100|[from] Stealth Rock
|-status|p2a: Gay Knight|tox
|move|p1a: Great Tusk|Rapid Spin|p2a: Gay Knight
|-damage|p2a: Gay Knight|18/100 tox
|-boost|p1a: Great Tusk|spe|1
|
|-damage|p1a: Great Tusk|88/100 tox|[from] psn
|-damage|p2a: Gay Knight|12/100 tox|[from] psn
|upkeep
|turn|23
|
|t:|1758341818
|move|p1a: Great Tusk|Rapid Spin|p2a: Gay Knight
|-damage|p2a: Gay Knight|0 fnt
|-boost|p1a: Great Tusk|spe|1
|faint|p2a: Gay Knight
|-end|p2a: Gay Knight|Quark Drive|[silent]
|
|-damage|p1a: Great Tusk|76/100 tox|[from] psn
|upkeep
|
|t:|1758341821
|switch|p2a: Goddard|Arcanine-Hisui, F|24/100 tox
|-damage|p2a: Goddard|0 fnt|[from] Stealth Rock
|faint|p2a: Goddard
|
|win|teamcrystalrocket
|raw|teamcrystalrocket's rating: 1230 &rarr; <strong>1253</strong><br />(+23 for winning)
|raw|Zinkio's rating: 1201 &rarr; <strong>1178</strong><br />(-23 for losing)
|l|☆Zinkio
|player|p2|
|l|☆teamcrystalrocket
|player|p1|
