|j|☆Maratil
|j|☆michelangelo1717
|t:|1758295038
|gametype|singles
|player|p1|Maratil|265|1149
|player|p2|michelangelo1717|cynthia-gen4|1163
|gen|9
|tier|[Gen 9] OU
|rated|
|rule|HP Percentage Mod: HP is shown in percentages
|rule|Endless Battle Clause: Forcing endless battles is banned
|rule|Species Clause: Limit one of each Pokémon
|rule|OHKO Clause: OHKO moves are banned
|rule|Evasion Items Clause: Evasion items are banned
|rule|Evasion Moves Clause: Evasion moves are banned
|rule|Evasion Abilities Clause: Evasion abilities are banned
|rule|Sleep Moves Clause: Sleep-inducing moves are banned
|clearpoke
|poke|p1|Zamazenta-*|
|poke|p1|Hatterene, F|
|poke|p1|Glimmora, F|
|poke|p1|Ribombee, F|
|poke|p1|Samurott-Hisui, F|
|poke|p1|Gholdengo|
|poke|p2|Pelipper, F|
|poke|p2|Barraskewda, F|
|poke|p2|Qwilfish, F|
|poke|p2|Overqwil, M|
|poke|p2|Ludicolo, F|
|poke|p2|Politoed, M|
|teampreview
|inactive|Battle timer is ON: inactive players will automatically lose when time's up. (requested by Maratil)
|inactive|Maratil has 120 seconds left.
|
|t:|1758295084
|teamsize|p1|6
|teamsize|p2|6
|start
|switch|p1a: Ribombee|Ribombee, F|100/100
|switch|p2a: Pelipper|Pelipper, F|100/100
|-weather|RainDance|[from] ability: Drizzle|[of] p2a: Pelipper
|turn|1
|
|t:|1758295090
|move|p1a: Ribombee|Sticky Web|p2a: Pelipper
|-sidestart|p2: michelangelo1717|move: Sticky Web
|move|p2a: Pelipper|Hurricane|p1a: Ribombee
|-supereffective|p1a: Ribombee
|-damage|p1a: Ribombee|0 fnt
|faint|p1a: Ribombee
|
|-weather|RainDance|[upkeep]
|upkeep
|
|t:|1758295098
|switch|p1a: Glimmora|Glimmora, F|100/100
|turn|2
|
|t:|1758295102
|move|p1a: Glimmora|Stealth Rock|p2a: Pelipper
|-sidestart|p2: michelangelo1717|move: Stealth Rock
|move|p2a: Pelipper|Weather Ball|p1a: Glimmora
|-supereffective|p1a: Glimmora
|-enditem|p1a: Glimmora|Focus Sash
|-damage|p1a: Glimmora|1/100
|
|-weather|RainDance|[upkeep]
|upkeep
|turn|3
|
|t:|1758295110
|move|p1a: Glimmora|Toxic Spikes|p2a: Pelipper
|-sidestart|p2: michelangelo1717|move: Toxic Spikes
|move|p2a: Pelipper|Weather Ball|p1a: Glimmora
|-supereffective|p1a: Glimmora
|-damage|p1a: Glimmora|0 fnt
|faint|p1a: Glimmora
|
|-weather|RainDance|[upkeep]
|upkeep
|
|t:|1758295119
|switch|p1a: Samurott|Samurott-Hisui, F|100/100
|turn|4
|
|t:|1758295130
|move|p1a: Samurott|Ceaseless Edge|p2a: Pelipper|[miss]
|-miss|p1a: Samurott|p2a: Pelipper
|move|p2a: Pelipper|Hurricane|p1a: Samurott
|-damage|p1a: Samurott|30/100
|-enditem|p1a: Samurott|Red Card|[of] p2a: Pelipper
|drag|p2a: Overqwil|Overqwil, M|100/100
|-activate|p2a: Overqwil|move: Sticky Web
|-unboost|p2a: Overqwil|spe|1
|-damage|p2a: Overqwil|88/100|[from] Stealth Rock
|-sideend|p2: michelangelo1717|move: Toxic Spikes|[of] p2a: Overqwil
|
|-weather|RainDance|[upkeep]
|upkeep
|turn|5
|
|t:|1758295142
|move|p2a: Overqwil|Fell Stinger|p1a: Samurott
|-supereffective|p1a: Samurott
|-damage|p1a: Samurott|0 fnt
|faint|p1a: Samurott
|-boost|p2a: Overqwil|atk|3
|-damage|p2a: Overqwil|78/100|[from] item: Life Orb
|
|-weather|RainDance|[upkeep]
|upkeep
|
|t:|1758295164
|switch|p1a: Gholdengo|Gholdengo|100/100
|turn|6
|
|t:|1758295169
|move|p1a: Gholdengo|Make It Rain|p2a: Overqwil
|-damage|p2a: Overqwil|0 fnt
|-unboost|p1a: Gholdengo|spa|1
|faint|p2a: Overqwil
|
|-weather|RainDance|[upkeep]
|upkeep
|
|t:|1758295185
|switch|p2a: Barraskewda|Barraskewda, F|100/100
|-activate|p2a: Barraskewda|move: Sticky Web
|-unboost|p2a: Barraskewda|spe|1
|-damage|p2a: Barraskewda|88/100|[from] Stealth Rock
|turn|7
|
|t:|1758295193
|switch|p1a: Hatterene|Hatterene, F|100/100
|move|p2a: Barraskewda|Liquidation|p1a: Hatterene
|-damage|p1a: Hatterene|0 fnt
|faint|p1a: Hatterene
|
|-weather|RainDance|[upkeep]
|upkeep
|
|t:|1758295202
|switch|p1a: Zamazenta|Zamazenta|100/100
|-ability|p1a: Zamazenta|Dauntless Shield|boost
|-boost|p1a: Zamazenta|def|1
|turn|8
|
|t:|1758295210
|move|p2a: Barraskewda|Liquidation|p1a: Zamazenta
|-damage|p1a: Zamazenta|46/100
|move|p1a: Zamazenta|Iron Defense|p1a: Zamazenta
|-boost|p1a: Zamazenta|def|2
|
|-weather|none
|upkeep
|turn|9
|
|t:|1758295219
|switch|p2a: Pelipper|Pelipper, F|100/100
|-damage|p2a: Pelipper|75/100|[from] Stealth Rock
|-weather|RainDance|[from] ability: Drizzle|[of] p2a: Pelipper
|move|p1a: Zamazenta|Body Press|p2a: Pelipper
|-resisted|p2a: Pelipper
|-crit|p2a: Pelipper
|-damage|p2a: Pelipper|15/100
|
|-weather|RainDance|[upkeep]
|upkeep
|turn|10
|
|t:|1758295228
|move|p1a: Zamazenta|Body Press|p2a: Pelipper
|-resisted|p2a: Pelipper
|-damage|p2a: Pelipper|0 fnt
|faint|p2a: Pelipper
|
|-weather|RainDance|[upkeep]
|upkeep
|
|t:|1758295235
|switch|p2a: Politoed|Politoed, M|100/100
|-activate|p2a: Politoed|move: Sticky Web
|-unboost|p2a: Politoed|spe|1
|-damage|p2a: Politoed|88/100|[from] Stealth Rock
|turn|11
|
|t:|1758295241
|move|p1a: Zamazenta|Body Press|p2a: Politoed
|-damage|p2a: Politoed|0 fnt
|faint|p2a: Politoed
|
|-weather|RainDance|[upkeep]
|upkeep
|
|t:|1758295248
|switch|p2a: Ludicolo|Ludicolo, F, shiny|100/100
|-activate|p2a: Ludicolo|move: Sticky Web
|-unboost|p2a: Ludicolo|spe|1
|-damage|p2a: Ludicolo|88/100|[from] Stealth Rock
|turn|12
|
|t:|1758295260
|move|p1a: Zamazenta|Body Press|p2a: Ludicolo
|-damage|p2a: Ludicolo|0 fnt
|faint|p2a: Ludicolo
|
|-weather|RainDance|[upkeep]
|upkeep
|
|t:|1758295263
|switch|p2a: Qwilfish|Qwilfish, F|100/100
|-activate|p2a: Qwilfish|move: Sticky Web
|-unboost|p2a: Qwilfish|spe|1
|-damage|p2a: Qwilfish|88/100|[from] Stealth Rock
|turn|13
|
|t:|1758295277
|move|p2a: Qwilfish|Gunk Shot|p1a: Zamazenta
|-damage|p1a: Zamazenta|22/100
|-damage|p2a: Qwilfish|78/100|[from] item: Life Orb
|move|p1a: Zamazenta|Roar|p2a: Qwilfish
|drag|p2a: Barraskewda|Barraskewda, F|88/100
|-activate|p2a: Barraskewda|move: Sticky Web
|-unboost|p2a: Barraskewda|spe|1
|-damage|p2a: Barraskewda|76/100|[from] Stealth Rock
|
|-weather|RainDance|[upkeep]
|upkeep
|turn|14
|
|t:|1758295290
|-terastallize|p2a: Barraskewda|Fighting
|move|p2a: Barraskewda|Close Combat|p1a: Zamazenta
|-damage|p1a: Zamazenta|0 fnt
|-unboost|p2a: Barraskewda|def|1
|-unboost|p2a: Barraskewda|spd|1
|faint|p1a: Zamazenta
|
|-weather|RainDance|[upkeep]
|upkeep
|
|t:|1758295300
|switch|p1a: Gholdengo|Gholdengo|100/100
|turn|15
|
|t:|1758295305
|switch|p2a: Qwilfish|Qwilfish, F|78/100
|-activate|p2a: Qwilfish|move: Sticky Web
|-unboost|p2a: Qwilfish|spe|1
|-damage|p2a: Qwilfish|66/100|[from] Stealth Rock
|move|p1a: Gholdengo|Shadow Ball|p2a: Qwilfish
|-damage|p2a: Qwilfish|0 fnt
|faint|p2a: Qwilfish
|
|-weather|RainDance|[upkeep]
|upkeep
|
|t:|1758295307
|switch|p2a: Barraskewda|Barraskewda, F, tera:Fighting|76/100
|-activate|p2a: Barraskewda|move: Sticky Web
|-unboost|p2a: Barraskewda|spe|1
|-damage|p2a: Barraskewda|70/100|[from] Stealth Rock
|turn|16
|
|t:|1758295322
|move|p2a: Barraskewda|Liquidation|p1a: Gholdengo
|-damage|p1a: Gholdengo|0 fnt
|faint|p1a: Gholdengo
|
|win|michelangelo1717
|raw|Maratil's rating: 1149 &rarr; <strong>1125</strong><br />(-24 for losing)
|raw|michelangelo1717's rating: 1163 &rarr; <strong>1187</strong><br />(+24 for winning)
|c|☆michelangelo1717|Gg bro
|l|☆Maratil
|player|p1|
|c|☆michelangelo1717|Good match
|l|☆michelangelo1717
|player|p2|
