|j|☆surprise blissey
|j|☆SML Shrek
|t:|1758295126
|gametype|singles
|player|p1|surprise blissey|lucian|1487
|player|p2|SML Shrek|hiker-gen4|1461
|gen|9
|tier|[Gen 9] OU
|rated|
|rule|HP Percentage Mod: HP is shown in percentages
|rule|Endless Battle Clause: Forcing endless battles is banned
|rule|Species Clause: Limit one of each Pokémon
|rule|OHKO Clause: OHKO moves are banned
|rule|Evasion Items Clause: Evasion items are banned
|rule|Evasion Moves Clause: Evasion moves are banned
|rule|Evasion Abilities Clause: Evasion abilities are banned
|rule|Sleep Moves Clause: Sleep-inducing moves are banned
|clearpoke
|poke|p1|Pelipper, F|
|poke|p1|Toxicroak, F|
|poke|p1|Barraskewda, F|
|poke|p1|Iron Treads|
|poke|p1|Moltres|
|poke|p1|Hatterene, F|
|poke|p2|Ribombee, F|
|poke|p2|Cinderace, F|
|poke|p2|Quaquaval, M|
|poke|p2|Gholdengo|
|poke|p2|Sinistcha|
|poke|p2|Ting-Lu|
|teampreview
|inactive|Battle timer is ON: inactive players will automatically lose when time's up. (requested by surprise blissey)
|
|t:|1758295133
|teamsize|p1|6
|teamsize|p2|6
|start
|switch|p1a: Pelipper|Pelipper, F, shiny|100/100
|switch|p2a: Ribombee|Ribombee, F|100/100
|-weather|RainDance|[from] ability: Drizzle|[of] p1a: Pelipper
|turn|1
|
|t:|1758295140
|switch|p1a: Hatterene|Hatterene, F, shiny|100/100
|move|p2a: Ribombee|Skill Swap|p1a: Hatterene
|-activate|p2a: Ribombee|move: Skill Swap|Magic Bounce|Shield Dust|[of] p1a: Hatterene
|
|-weather|RainDance|[upkeep]
|upkeep
|turn|2
|
|t:|1758295147
|move|p2a: Ribombee|Sticky Web|p1a: Hatterene
|-sidestart|p1: surprise blissey|move: Sticky Web
|move|p1a: Hatterene|Nuzzle|p2a: Ribombee
|-damage|p2a: Ribombee|95/100
|-status|p2a: Ribombee|par
|
|-weather|RainDance|[upkeep]
|upkeep
|turn|3
|
|t:|1758295154
|move|p2a: Ribombee|Stun Spore|p1a: Hatterene|[miss]
|-miss|p2a: Ribombee|p1a: Hatterene
|move|p1a: Hatterene|Nuzzle|p2a: Ribombee
|-damage|p2a: Ribombee|89/100 par
|
|-weather|RainDance|[upkeep]
|upkeep
|turn|4
|
|t:|1758295161
|move|p2a: Ribombee|Stun Spore|p1a: Hatterene
|-status|p1a: Hatterene|par
|cant|p1a: Hatterene|par
|
|-weather|RainDance|[upkeep]
|upkeep
|turn|5
|
|t:|1758295166
|switch|p2a: Ting-Lu|Ting-Lu|100/100
|-ability|p2a: Ting-Lu|Vessel of Ruin
|move|p1a: Hatterene|Nuzzle|p2a: Ting-Lu
|-immune|p2a: Ting-Lu
|
|-weather|RainDance|[upkeep]
|upkeep
|turn|6
|
|t:|1758295173
|switch|p1a: Iron Treads|Iron Treads, shiny|100/100
|-activate|p1a: Iron Treads|move: Sticky Web
|-unboost|p1a: Iron Treads|spe|1
|move|p2a: Ting-Lu|Stealth Rock|p1a: Iron Treads
|-sidestart|p1: surprise blissey|move: Stealth Rock
|
|-weather|RainDance|[upkeep]
|upkeep
|turn|7
|
|t:|1758295181
|-terastallize|p2a: Ting-Lu|Ghost
|move|p1a: Iron Treads|Stealth Rock|p2a: Ting-Lu
|-sidestart|p2: SML Shrek|move: Stealth Rock
|move|p2a: Ting-Lu|Spikes|p1a: Iron Treads
|-sidestart|p1: surprise blissey|Spikes
|
|-weather|RainDance|[upkeep]
|upkeep
|turn|8
|
|t:|1758295189
|-end|p1a: Iron Treads|Quark Drive|[silent]
|switch|p1a: Hatterene|Hatterene, F, shiny|100/100 par
|-activate|p1a: Hatterene|move: Sticky Web
|-unboost|p1a: Hatterene|spe|1
|-damage|p1a: Hatterene|88/100 par|[from] Stealth Rock
|-damage|p1a: Hatterene|76/100 par|[from] Spikes
|move|p2a: Ting-Lu|Ruination|p1a: Hatterene
|-damage|p1a: Hatterene|38/100 par
|-enditem|p1a: Hatterene|Eject Button
|
|t:|1758295194
|switch|p1a: Barraskewda|Barraskewda, F, shiny|100/100
|-activate|p1a: Barraskewda|move: Sticky Web
|-unboost|p1a: Barraskewda|spe|1
|-damage|p1a: Barraskewda|88/100|[from] Stealth Rock
|-damage|p1a: Barraskewda|76/100|[from] Spikes
|
|-weather|none
|upkeep
|turn|9
|
|t:|1758295204
|move|p1a: Barraskewda|Flip Turn|p2a: Ting-Lu
|-damage|p2a: Ting-Lu|72/100
|
|t:|1758295206
|switch|p1a: Hatterene|Hatterene, F, shiny|38/100 par|[from] Flip Turn
|-activate|p1a: Hatterene|move: Sticky Web
|-unboost|p1a: Hatterene|spe|1
|-damage|p1a: Hatterene|26/100 par|[from] Stealth Rock
|-damage|p1a: Hatterene|14/100 par|[from] Spikes
|move|p2a: Ting-Lu|Spikes|p1a: Hatterene
|move|p1a: Hatterene|Spikes|p2a: Ting-Lu|[from] ability: Magic Bounce
|-sidestart|p2: SML Shrek|Spikes
|
|-heal|p2a: Ting-Lu|78/100|[from] item: Leftovers
|upkeep
|turn|10
|
|t:|1758295224
|switch|p2a: Ribombee|Ribombee, F|89/100 par
|-damage|p2a: Ribombee|64/100 par|[from] Stealth Rock
|-damage|p2a: Ribombee|52/100 par|[from] Spikes
|cant|p1a: Hatterene|par
|
|upkeep
|turn|11
|
|t:|1758295233
|move|p2a: Ribombee|Skill Swap|p1a: Hatterene
|-activate|p2a: Ribombee|move: Skill Swap|Magic Bounce|Shield Dust|[of] p1a: Hatterene
|move|p1a: Hatterene|Pain Split|p2a: Ribombee
|-sethp|p2a: Ribombee|33/100 par|[from] move: Pain Split|[silent]
|-sethp|p1a: Hatterene|33/100 par|[from] move: Pain Split
|
|upkeep
|turn|12
|
|t:|1758295246
|switch|p2a: Ting-Lu|Ting-Lu, tera:Ghost|78/100
|-damage|p2a: Ting-Lu|66/100|[from] Stealth Rock
|-damage|p2a: Ting-Lu|53/100|[from] Spikes
|-ability|p2a: Ting-Lu|Vessel of Ruin
|switch|p1a: Iron Treads|Iron Treads, shiny|100/100
|-activate|p1a: Iron Treads|move: Sticky Web
|-unboost|p1a: Iron Treads|spe|1
|-damage|p1a: Iron Treads|98/100|[from] Stealth Rock
|-damage|p1a: Iron Treads|85/100|[from] Spikes
|
|-heal|p1a: Iron Treads|91/100|[from] item: Leftovers
|-heal|p2a: Ting-Lu|59/100|[from] item: Leftovers
|upkeep
|turn|13
|
|t:|1758295259
|move|p1a: Iron Treads|Knock Off|p2a: Ting-Lu
|-supereffective|p2a: Ting-Lu
|-crit|p2a: Ting-Lu
|-damage|p2a: Ting-Lu|20/100
|-enditem|p2a: Ting-Lu|Leftovers|[from] move: Knock Off|[of] p1a: Iron Treads
|move|p2a: Ting-Lu|Whirlwind|p1a: Iron Treads
|-end|p1a: Iron Treads|Quark Drive|[silent]
|drag|p1a: Hatterene|Hatterene, F, shiny|33/100 par
|-activate|p1a: Hatterene|move: Sticky Web
|-unboost|p1a: Hatterene|spe|1
|-damage|p1a: Hatterene|21/100 par|[from] Stealth Rock
|-damage|p1a: Hatterene|9/100 par|[from] Spikes
|
|upkeep
|turn|14
|
|t:|1758295277
|switch|p2a: Ribombee|Ribombee, F|33/100 par
|-damage|p2a: Ribombee|8/100 par|[from] Stealth Rock
|-damage|p2a: Ribombee|0 fnt|[from] Spikes
|faint|p2a: Ribombee
|move|p1a: Hatterene|Draining Kiss|p2: Ribombee|[notarget]
|-fail|p1a: Hatterene
|
|upkeep
|
|t:|1758295284
|switch|p2a: Quaquaval|Quaquaval, M|100/100
|-damage|p2a: Quaquaval|94/100|[from] Stealth Rock
|-damage|p2a: Quaquaval|82/100|[from] Spikes
|turn|15
|
|t:|1758295290
|switch|p1a: Pelipper|Pelipper, F, shiny|100/100
|-damage|p1a: Pelipper|76/100|[from] Stealth Rock
|-weather|RainDance|[from] ability: Drizzle|[of] p1a: Pelipper
|move|p2a: Quaquaval|Rapid Spin|p1a: Pelipper
|-damage|p1a: Pelipper|63/100
|-boost|p2a: Quaquaval|spe|1
|-sideend|p2: SML Shrek|Spikes|[from] move: Rapid Spin|[of] p2a: Quaquaval
|-sideend|p2: SML Shrek|Stealth Rock|[from] move: Rapid Spin|[of] p2a: Quaquaval
|
|-weather|RainDance|[upkeep]
|upkeep
|turn|16
|
|t:|1758295305
|switch|p1a: Toxicroak|Toxicroak, F, shiny|100/100
|-activate|p1a: Toxicroak|move: Sticky Web
|-unboost|p1a: Toxicroak|spe|1
|-damage|p1a: Toxicroak|94/100|[from] Stealth Rock
|-damage|p1a: Toxicroak|82/100|[from] Spikes
|move|p2a: Quaquaval|Knock Off|p1a: Toxicroak
|-resisted|p1a: Toxicroak
|-damage|p1a: Toxicroak|68/100
|-damage|p2a: Quaquaval|65/100|[from] item: Rocky Helmet|[of] p1a: Toxicroak
|-enditem|p1a: Toxicroak|Rocky Helmet|[from] move: Knock Off|[of] p2a: Quaquaval
|
|-weather|RainDance|[upkeep]
|-heal|p1a: Toxicroak|81/100|[from] ability: Dry Skin
|upkeep
|turn|17
|
|t:|1758295321
|switch|p2a: Ting-Lu|Ting-Lu, tera:Ghost|20/100
|-ability|p2a: Ting-Lu|Vessel of Ruin
|move|p1a: Toxicroak|Knock Off|p2a: Ting-Lu
|-supereffective|p2a: Ting-Lu
|-damage|p2a: Ting-Lu|4/100
|
|-weather|RainDance|[upkeep]
|-heal|p1a: Toxicroak|93/100|[from] ability: Dry Skin
|upkeep
|turn|18
|
|t:|1758295329
|move|p1a: Toxicroak|Knock Off|p2a: Ting-Lu
|-supereffective|p2a: Ting-Lu
|-damage|p2a: Ting-Lu|0 fnt
|faint|p2a: Ting-Lu
|
|-weather|RainDance|[upkeep]
|-heal|p1a: Toxicroak|100/100|[from] ability: Dry Skin
|upkeep
|
|t:|1758295341
|switch|p2a: Gholdengo|Gholdengo|100/100
|-item|p2a: Gholdengo|Air Balloon
|turn|19
|
|t:|1758295363
|move|p2a: Gholdengo|Nasty Plot|p2a: Gholdengo
|-boost|p2a: Gholdengo|spa|2
|move|p1a: Toxicroak|Knock Off|p2a: Gholdengo
|-supereffective|p2a: Gholdengo
|-damage|p2a: Gholdengo|47/100
|-enditem|p2a: Gholdengo|Air Balloon
|
|-weather|RainDance|[upkeep]
|upkeep
|turn|20
|
|t:|1758295372
|switch|p1a: Hatterene|Hatterene, F, shiny|9/100 par
|-activate|p1a: Hatterene|move: Sticky Web
|-unboost|p1a: Hatterene|spe|1
|-damage|p1a: Hatterene|0 fnt|[from] Stealth Rock
|faint|p1a: Hatterene
|move|p2a: Gholdengo|Make It Rain|p1: Hatterene|[notarget]
|-fail|p2a: Gholdengo
|
|-weather|RainDance|[upkeep]
|upkeep
|
|t:|1758295375
|switch|p1a: Barraskewda|Barraskewda, F, shiny|76/100
|-activate|p1a: Barraskewda|move: Sticky Web
|-unboost|p1a: Barraskewda|spe|1
|-damage|p1a: Barraskewda|64/100|[from] Stealth Rock
|-damage|p1a: Barraskewda|52/100|[from] Spikes
|turn|21
|
|t:|1758295387
|switch|p2a: Sinistcha|Sinistcha|100/100
|-terastallize|p1a: Barraskewda|Water
|move|p1a: Barraskewda|Flip Turn|p2a: Sinistcha
|-resisted|p2a: Sinistcha
|-damage|p2a: Sinistcha|61/100
|
|t:|1758295394
|switch|p1a: Moltres|Moltres, shiny|100/100|[from] Flip Turn
|
|-weather|RainDance|[upkeep]
|-heal|p2a: Sinistcha|68/100|[from] item: Leftovers
|upkeep
|turn|22
|
|t:|1758295405
|move|p1a: Moltres|Hurricane|p2a: Sinistcha
|-supereffective|p2a: Sinistcha
|-damage|p2a: Sinistcha|0 fnt
|faint|p2a: Sinistcha
|
|-weather|none
|upkeep
|-message|SML Shrek forfeited.
|
|win|surprise blissey
|raw|surprise blissey's rating: 1487 &rarr; <strong>1506</strong><br />(+19 for winning)
|raw|SML Shrek's rating: 1461 &rarr; <strong>1442</strong><br />(-19 for losing)
|l|☆SML Shrek
|player|p2|
