|j|☆Dio_Eleutherios
|j|‽squigglybuff
|t:|1758254938
|gametype|singles
|player|p1|Dio_Eleutherios|parasollady|1305
|player|p2|squigglybuff|169|1281
|gen|9
|tier|[Gen 9] OU
|rated|
|rule|HP Percentage Mod: HP is shown in percentages
|rule|Endless Battle Clause: Forcing endless battles is banned
|rule|Species Clause: Limit one of each Pokémon
|rule|OHKO Clause: OHKO moves are banned
|rule|Evasion Items Clause: Evasion items are banned
|rule|Evasion Moves Clause: Evasion moves are banned
|rule|Evasion Abilities Clause: Evasion abilities are banned
|rule|Sleep Moves Clause: Sleep-inducing moves are banned
|clearpoke
|poke|p1|Pelipper, F|
|poke|p1|Hatterene, F|
|poke|p1|Iron Treads|
|poke|p1|Toxicroak, F|
|poke|p1|Barraskewda, F|
|poke|p1|Zapdos|
|poke|p2|Araquanid, M|
|poke|p2|Hoopa-Unbound|
|poke|p2|Slowking-Galar, M|
|poke|p2|Enamorus, F|
|poke|p2|Iron Moth|
|poke|p2|Landorus-Therian, M|
|teampreview
|
|t:|1758254947
|teamsize|p1|6
|teamsize|p2|6
|start
|switch|p1a: Pelipper|Pelipper, F|100/100
|switch|p2a: Araquanid|Araquanid, M|100/100
|-weather|RainDance|[from] ability: Drizzle|[of] p1a: Pelipper
|turn|1
|
|t:|1758254955
|move|p1a: Pelipper|Hurricane|p2a: Araquanid
|-supereffective|p2a: Araquanid
|-damage|p2a: Araquanid|42/100
|move|p2a: Araquanid|Sticky Web|p1a: Pelipper
|-sidestart|p1: Dio_Eleutherios|move: Sticky Web
|
|-weather|RainDance|[upkeep]
|upkeep
|turn|2
|
|t:|1758254962
|switch|p2a: Slowking|Slowking-Galar, M|100/100
|move|p1a: Pelipper|U-turn|p2a: Slowking
|-damage|p2a: Slowking|90/100
|
|t:|1758254965
|switch|p1a: Iron Treads|Iron Treads|100/100|[from] U-turn
|-activate|p1a: Iron Treads|move: Sticky Web
|-unboost|p1a: Iron Treads|spe|1
|
|-weather|RainDance|[upkeep]
|upkeep
|turn|3
|
|t:|1758254971
|move|p1a: Iron Treads|Rapid Spin|p2a: Slowking
|-damage|p2a: Slowking|78/100
|-boost|p1a: Iron Treads|spe|1
|-sideend|p1: Dio_Eleutherios|Sticky Web|[from] move: Rapid Spin|[of] p1a: Iron Treads
|-prepare|p2a: Slowking|Chilly Reception|[premajor]
|move|p2a: Slowking|Chilly Reception|p2a: Slowking
|-weather|Snowscape
|
|t:|1758254981
|switch|p2a: Landorus|Landorus-Therian, M|100/100|[from] Chilly Reception
|-ability|p2a: Landorus|Intimidate|boost
|-unboost|p1a: Iron Treads|atk|1
|
|-weather|Snowscape|[upkeep]
|upkeep
|turn|4
|
|t:|1758254988
|move|p2a: Landorus|Swords Dance|p2a: Landorus
|-boost|p2a: Landorus|atk|2
|move|p1a: Iron Treads|Stealth Rock|p2a: Landorus
|-sidestart|p2: squigglybuff|move: Stealth Rock
|
|-weather|Snowscape|[upkeep]
|upkeep
|turn|5
|
|t:|1758254997
|-end|p1a: Iron Treads|Quark Drive|[silent]
|switch|p1a: Pelipper|Pelipper, F|100/100
|-weather|RainDance|[from] ability: Drizzle|[of] p1a: Pelipper
|move|p2a: Landorus|Earthquake|p1a: Pelipper
|-immune|p1a: Pelipper
|
|-weather|RainDance|[upkeep]
|upkeep
|turn|6
|
|t:|1758255000
|move|p2a: Landorus|Stone Edge|p1a: Pelipper
|-supereffective|p1a: Pelipper
|-damage|p1a: Pelipper|0 fnt
|faint|p1a: Pelipper
|-damage|p2a: Landorus|91/100|[from] item: Life Orb
|
|-weather|RainDance|[upkeep]
|upkeep
|
|t:|1758255003
|switch|p1a: Barraskewda|Barraskewda, F|100/100
|turn|7
|
|t:|1758255006
|-terastallize|p2a: Landorus|Water
|move|p1a: Barraskewda|Liquidation|p2a: Landorus
|-resisted|p2a: Landorus
|-damage|p2a: Landorus|33/100
|move|p2a: Landorus|Earthquake|p1a: Barraskewda
|-damage|p1a: Barraskewda|0 fnt
|faint|p1a: Barraskewda
|-damage|p2a: Landorus|24/100|[from] item: Life Orb
|
|-weather|RainDance|[upkeep]
|upkeep
|
|t:|1758255011
|switch|p1a: Zapdos|Zapdos|100/100
|turn|8
|
|t:|1758255013
|-terastallize|p1a: Zapdos|Flying
|move|p1a: Zapdos|Hurricane|p2a: Landorus
|-crit|p2a: Landorus
|-damage|p2a: Landorus|0 fnt
|faint|p2a: Landorus
|
|-weather|RainDance|[upkeep]
|upkeep
|
|t:|1758255017
|switch|p2a: Slowking|Slowking-Galar, M|100/100
|turn|9
|
|t:|1758255021
|move|p1a: Zapdos|Hurricane|p2a: Slowking
|-damage|p2a: Slowking|36/100
|move|p2a: Slowking|Thunder Wave|p1a: Zapdos
|-status|p1a: Zapdos|par
|
|-weather|RainDance|[upkeep]
|upkeep
|turn|10
|
|t:|1758255025
|switch|p2a: Araquanid|Araquanid, M|42/100
|-damage|p2a: Araquanid|17/100|[from] Stealth Rock
|move|p1a: Zapdos|Hurricane|p2a: Araquanid
|-supereffective|p2a: Araquanid
|-damage|p2a: Araquanid|0 fnt
|faint|p2a: Araquanid
|
|-weather|RainDance|[upkeep]
|upkeep
|
|t:|1758255027
|switch|p2a: Hoopa|Hoopa-Unbound|100/100
|-damage|p2a: Hoopa|88/100|[from] Stealth Rock
|turn|11
|
|t:|1758255029
|move|p2a: Hoopa|Hyperspace Fury|p1a: Zapdos
|-damage|p1a: Zapdos|0 fnt
|-unboost|p2a: Hoopa|def|1
|faint|p1a: Zapdos
|
|-weather|RainDance|[upkeep]
|upkeep
|
|t:|1758255035
|switch|p1a: Toxicroak|Toxicroak, F|100/100
|turn|12
|
|t:|1758255042
|switch|p2a: Slowking|Slowking-Galar, M|69/100
|move|p1a: Toxicroak|Toxic|p2a: Slowking
|-immune|p2a: Slowking
|
|-weather|none
|upkeep
|turn|13
|-message|Dio_Eleutherios forfeited.
|
|win|squigglybuff
|raw|Dio_Eleutherios's rating: 1305 &rarr; <strong>1284</strong><br />(-21 for losing)
|raw|squigglybuff's rating: 1281 &rarr; <strong>1308</strong><br />(+27 for winning)
|l|☆Dio_Eleutherios
|player|p1|
|l|‽squigglybuff
|player|p2|
