|j|☆alexismarelli
|j|☆Ruler of the Sand
|t:|1758365430
|gametype|singles
|player|p1|alexismarelli|101|1160
|player|p2|Ruler of the Sand|marshal|1148
|gen|9
|tier|[Gen 9] OU
|rated|
|rule|HP Percentage Mod: HP is shown in percentages
|rule|Endless Battle Clause: Forcing endless battles is banned
|rule|Species Clause: Limit one of each Pokémon
|rule|OHKO Clause: OHKO moves are banned
|rule|Evasion Items Clause: Evasion items are banned
|rule|Evasion Moves Clause: Evasion moves are banned
|rule|Evasion Abilities Clause: Evasion abilities are banned
|rule|Sleep Moves Clause: Sleep-inducing moves are banned
|clearpoke
|poke|p1|Eiscue, F|
|poke|p1|Wyrdeer, F|
|poke|p1|Conkeldurr, M|
|poke|p1|Spiritomb, M|
|poke|p1|Magnezone|
|poke|p1|Chesnaught, M|
|poke|p2|Articuno-Galar|
|poke|p2|Corviknight, M|
|poke|p2|Oricorio-Pom-Pom, M|
|poke|p2|Landorus-Therian, M|
|poke|p2|Flygon, F|
|poke|p2|Moltres|
|teampreview
|inactive|Battle timer is ON: inactive players will automatically lose when time's up. (requested by Ruler of the Sand)
|
|t:|1758365444
|teamsize|p1|6
|teamsize|p2|6
|start
|switch|p1a: Eiscue|Eiscue, F|100/100
|switch|p2a: Moltres|Moltres|100/100
|turn|1
|
|t:|1758365450
|switch|p1a: Conkeldurr|Conkeldurr, M|100/100
|move|p2a: Moltres|Will-O-Wisp|p1a: Conkeldurr|[miss]
|-miss|p2a: Moltres|p1a: Conkeldurr
|
|-status|p1a: Conkeldurr|brn|[from] item: Flame Orb
|upkeep
|turn|2
|
|t:|1758365458
|switch|p2a: Landorus|Landorus-Therian, M|100/100
|-ability|p2a: Landorus|Intimidate|boost
|-unboost|p1a: Conkeldurr|atk|1
|move|p1a: Conkeldurr|Facade|p2a: Landorus
|-damage|p2a: Landorus|36/100
|-damage|p1a: Conkeldurr|84/100 brn|[from] item: Rocky Helmet|[of] p2a: Landorus
|
|-damage|p1a: Conkeldurr|78/100 brn|[from] brn
|upkeep
|turn|3
|
|t:|1758365468
|switch|p2a: Corviknight|Corviknight, M|100/100
|move|p1a: Conkeldurr|Knock Off|p2a: Corviknight
|-damage|p2a: Corviknight|67/100
|-damage|p1a: Conkeldurr|61/100 brn|[from] item: Rocky Helmet|[of] p2a: Corviknight
|-enditem|p2a: Corviknight|Rocky Helmet|[from] move: Knock Off|[of] p1a: Conkeldurr
|
|-damage|p1a: Conkeldurr|55/100 brn|[from] brn
|upkeep
|turn|4
|
|t:|1758365479
|switch|p2a: Landorus|Landorus-Therian, M|36/100
|-ability|p2a: Landorus|Intimidate|boost
|-unboost|p1a: Conkeldurr|atk|1
|move|p1a: Conkeldurr|Close Combat|p2a: Landorus
|-resisted|p2a: Landorus
|-damage|p2a: Landorus|2/100
|-unboost|p1a: Conkeldurr|def|1
|-unboost|p1a: Conkeldurr|spd|1
|-damage|p1a: Conkeldurr|38/100 brn|[from] item: Rocky Helmet|[of] p2a: Landorus
|
|-damage|p1a: Conkeldurr|32/100 brn|[from] brn
|upkeep
|turn|5
|
|t:|1758365493
|move|p1a: Conkeldurr|Mach Punch|p2a: Landorus
|-resisted|p2a: Landorus
|-damage|p2a: Landorus|0 fnt
|-damage|p1a: Conkeldurr|16/100 brn|[from] item: Rocky Helmet|[of] p2a: Landorus
|faint|p2a: Landorus
|
|-damage|p1a: Conkeldurr|10/100 brn|[from] brn
|upkeep
|
|t:|1758365505
|switch|p2a: Moltres|Moltres|100/100
|turn|6
|
|t:|1758365512
|move|p2a: Moltres|Flamethrower|p1a: Conkeldurr
|-damage|p1a: Conkeldurr|0 fnt
|faint|p1a: Conkeldurr
|
|upkeep
|
|t:|1758365515
|switch|p1a: Magnezone|Magnezone|100/100
|turn|7
|
|t:|1758365521
|switch|p2a: Flygon|Flygon, F|100/100
|move|p1a: Magnezone|Flash Cannon|p2a: Flygon
|-damage|p2a: Flygon|15/100
|
|upkeep
|turn|8
|
|t:|1758365528
|switch|p1a: Chesnaught|Chesnaught, M|100/100
|move|p2a: Flygon|Earthquake|p1a: Chesnaught
|-resisted|p1a: Chesnaught
|-damage|p1a: Chesnaught|75/100
|-damage|p2a: Flygon|5/100|[from] item: Life Orb
|
|upkeep
|turn|9
|
|t:|1758365537
|switch|p2a: Corviknight|Corviknight, M|67/100
|move|p1a: Chesnaught|Synthesis|p1a: Chesnaught
|-heal|p1a: Chesnaught|100/100
|
|upkeep
|turn|10
|l|☆alexismarelli
|inactive|alexismarelli disconnected and has a minute to reconnect!
|player|p1|
|
|t:|1758365551
|switch|p2a: Articuno|Articuno-Galar|100/100
|switch|p1a: Magnezone|Magnezone|100/100
|
|upkeep
|turn|11
|inactive|alexismarelli has 30 seconds to reconnect!
|inactive|alexismarelli has 20 seconds to reconnect!
|inactive|alexismarelli has 15 seconds to reconnect!
|inactive|alexismarelli has 10 seconds to reconnect!
|inactive|alexismarelli has 5 seconds to reconnect!
|-message|alexismarelli lost due to inactivity.
|
|win|Ruler of the Sand
|raw|alexismarelli's rating: 1160 &rarr; <strong>1134</strong><br />(-26 for losing)
|raw|Ruler of the Sand's rating: 1148 &rarr; <strong>1174</strong><br />(+26 for winning)
|l|☆Ruler of the Sand
|player|p2|
