|j|☆Rainbowcoloredtea
|j|☆Daysiiii__
|t:|1758336224
|gametype|singles
|player|p1|Rainbowcoloredtea|hilda|1108
|player|p2|Daysiiii__|102|1087
|gen|9
|tier|[Gen 9] OU
|rated|
|rule|HP Percentage Mod: HP is shown in percentages
|rule|Endless Battle Clause: Forcing endless battles is banned
|rule|Species Clause: Limit one of each Pokémon
|rule|OHKO Clause: OHKO moves are banned
|rule|Evasion Items Clause: Evasion items are banned
|rule|Evasion Moves Clause: Evasion moves are banned
|rule|Evasion Abilities Clause: Evasion abilities are banned
|rule|Sleep Moves Clause: Sleep-inducing moves are banned
|clearpoke
|poke|p1|Hoopa-Unbound|
|poke|p1|Dragapult, M|
|poke|p1|Darkrai|
|poke|p1|Pecharunt|
|poke|p1|Alomomola, F|
|poke|p1|Kingambit, M|
|poke|p2|Dedenne, F|
|poke|p2|Great Tusk|
|poke|p2|Heatran, M|
|poke|p2|Dragapult, M|
|poke|p2|Rillaboom, F|
|poke|p2|Kingambit, F|
|teampreview
|inactive|Battle timer is ON: inactive players will automatically lose when time's up. (requested by Rainbowcoloredtea)
|
|t:|1758336233
|teamsize|p1|6
|teamsize|p2|6
|start
|switch|p1a: Dragapult|Dragapult, M|100/100
|switch|p2a: Great Tusk|Great Tusk, shiny|100/100
|turn|1
|
|t:|1758336247
|move|p1a: Dragapult|U-turn|p2a: Great Tusk
|-resisted|p2a: Great Tusk
|-damage|p2a: Great Tusk|96/100
|
|t:|1758336254
|switch|p1a: Darkrai|Darkrai|100/100|[from] U-turn
|move|p2a: Great Tusk|Stealth Rock|p1a: Darkrai
|-sidestart|p1: Rainbowcoloredtea|move: Stealth Rock
|
|-heal|p2a: Great Tusk|100/100|[from] item: Leftovers
|upkeep
|turn|2
|
|t:|1758336275
|move|p1a: Darkrai|Ice Beam|p2a: Great Tusk
|-supereffective|p2a: Great Tusk
|-damage|p2a: Great Tusk|0 fnt
|faint|p2a: Great Tusk
|-end|p2a: Great Tusk|Protosynthesis|[silent]
|-damage|p1a: Darkrai|91/100|[from] item: Life Orb
|
|upkeep
|
|t:|1758336280
|switch|p2a: Dedenne|Dedenne, F, shiny|100/100
|turn|3
|
|t:|1758336285
|move|p1a: Darkrai|Sludge Bomb|p2a: Dedenne
|-supereffective|p2a: Dedenne
|-damage|p2a: Dedenne|0 fnt
|faint|p2a: Dedenne
|-damage|p1a: Darkrai|81/100|[from] item: Life Orb
|
|upkeep
|
|t:|1758336299
|switch|p2a: Dragapult|Dragapult, M|100/100
|turn|4
|
|t:|1758336317
|move|p2a: Dragapult|Draco Meteor|p1a: Darkrai
|-damage|p1a: Darkrai|0 fnt
|-unboost|p2a: Dragapult|spa|2
|faint|p1a: Darkrai
|
|upkeep
|
|t:|1758336330
|switch|p1a: Hoopa|Hoopa-Unbound|100/100
|-damage|p1a: Hoopa|88/100|[from] Stealth Rock
|turn|5
|
|t:|1758336337
|move|p2a: Dragapult|Draco Meteor|p1a: Hoopa
|-damage|p1a: Hoopa|47/100
|-unboost|p2a: Dragapult|spa|2
|move|p1a: Hoopa|Hyperspace Fury|p2a: Dragapult
|-supereffective|p2a: Dragapult
|-damage|p2a: Dragapult|0 fnt
|-unboost|p1a: Hoopa|def|1
|faint|p2a: Dragapult
|-damage|p1a: Hoopa|37/100|[from] item: Life Orb
|
|upkeep
|
|t:|1758336348
|switch|p2a: Heatran|Heatran, M|100/100
|turn|6
|
|t:|1758336360
|move|p1a: Hoopa|Hyperspace Fury|p2a: Heatran
|-damage|p2a: Heatran|38/100
|-unboost|p1a: Hoopa|def|1
|-damage|p1a: Hoopa|27/100|[from] item: Life Orb
|move|p2a: Heatran|Earth Power|p1a: Hoopa
|-damage|p1a: Hoopa|4/100
|
|-heal|p2a: Heatran|44/100|[from] item: Leftovers
|upkeep
|turn|7
|
|t:|1758336371
|move|p1a: Hoopa|Hyperspace Fury|p2a: Heatran
|-damage|p2a: Heatran|0 fnt
|-unboost|p1a: Hoopa|def|1
|faint|p2a: Heatran
|-damage|p1a: Hoopa|0 fnt|[from] item: Life Orb
|faint|p1a: Hoopa
|
|upkeep
|
|t:|1758336386
|switch|p1a: Alomomola|Alomomola, F|100/100
|switch|p2a: Rillaboom|Rillaboom, F, shiny|100/100
|-fieldstart|move: Grassy Terrain|[from] ability: Grassy Surge|[of] p2a: Rillaboom
|turn|8
|
|t:|1758336399
|switch|p1a: Dragapult|Dragapult, M|100/100
|-damage|p1a: Dragapult|88/100|[from] Stealth Rock
|move|p2a: Rillaboom|Knock Off|p1a: Dragapult
|-supereffective|p1a: Dragapult
|-damage|p1a: Dragapult|0 fnt
|-enditem|p1a: Dragapult|Choice Specs|[from] move: Knock Off|[of] p2a: Rillaboom
|faint|p1a: Dragapult
|
|upkeep
|
|t:|1758336412
|switch|p1a: Pecharunt|Pecharunt|100/100
|-damage|p1a: Pecharunt|88/100|[from] Stealth Rock
|-item|p1a: Pecharunt|Air Balloon
|turn|9
|
|t:|1758336419
|move|p2a: Rillaboom|Knock Off|p1a: Pecharunt
|-supereffective|p1a: Pecharunt
|-damage|p1a: Pecharunt|20/100
|-enditem|p1a: Pecharunt|Air Balloon
|move|p1a: Pecharunt|Malignant Chain|p2a: Rillaboom
|-supereffective|p2a: Rillaboom
|-damage|p2a: Rillaboom|0 fnt
|faint|p2a: Rillaboom
|
|-heal|p1a: Pecharunt|26/100|[from] Grassy Terrain
|upkeep
|
|t:|1758336427
|switch|p2a: Kingambit|Kingambit, F, shiny|100/100
|-activate|p2a: Kingambit|ability: Supreme Overlord
|-start|p2a: Kingambit|fallen5|[silent]
|turn|10
|
|t:|1758336436
|move|p2a: Kingambit|Sucker Punch||[still]
|-fail|p2a: Kingambit
|move|p1a: Pecharunt|Parting Shot|p2a: Kingambit
|-unboost|p2a: Kingambit|atk|1
|-unboost|p2a: Kingambit|spa|1
|
|t:|1758336452
|switch|p1a: Kingambit|Kingambit, M|100/100|[from] Parting Shot
|-damage|p1a: Kingambit|94/100|[from] Stealth Rock
|-activate|p1a: Kingambit|ability: Supreme Overlord
|-start|p1a: Kingambit|fallen3|[silent]
|-item|p1a: Kingambit|Air Balloon
|
|upkeep
|turn|11
|
|t:|1758336468
|-terastallize|p1a: Kingambit|Dark
|move|p2a: Kingambit|Kowtow Cleave|p1a: Kingambit
|-resisted|p1a: Kingambit
|-damage|p1a: Kingambit|78/100
|-enditem|p1a: Kingambit|Air Balloon
|move|p1a: Kingambit|Low Kick|p2a: Kingambit
|-supereffective|p2a: Kingambit
|-damage|p2a: Kingambit|0 fnt
|faint|p2a: Kingambit
|-end|p2a: Kingambit|fallen5|[silent]
|
|win|Rainbowcoloredtea
|raw|Rainbowcoloredtea's rating: 1108 &rarr; <strong>1131</strong><br />(+23 for winning)
|raw|Daysiiii__'s rating: 1087 &rarr; <strong>1065</strong><br />(-22 for losing)
|c|☆Rainbowcoloredtea|gg
