|j|☆ace1234560
|j|☆uberryumaru
|t:|1758265246
|gametype|singles
|player|p1|ace1234560|101|1166
|player|p2|uberryumaru|101|1133
|gen|9
|tier|[Gen 9] OU
|rated|
|rule|HP Percentage Mod: HP is shown in percentages
|rule|Endless Battle Clause: Forcing endless battles is banned
|rule|Species Clause: Limit one of each Pokémon
|rule|OHKO Clause: OHKO moves are banned
|rule|Evasion Items Clause: Evasion items are banned
|rule|Evasion Moves Clause: Evasion moves are banned
|rule|Evasion Abilities Clause: Evasion abilities are banned
|rule|Sleep Moves Clause: Sleep-inducing moves are banned
|clearpoke
|poke|p1|Tinkaton, F|
|poke|p1|Ogerpon-Wellspring, F|
|poke|p1|Regidrago|
|poke|p1|Ceruledge, M|
|poke|p1|Ditto|
|poke|p1|Rhydon, M|
|poke|p2|Ceruledge, F|
|poke|p2|Clefable, M|
|poke|p2|Walking Wake|
|poke|p2|Zamazenta-*|
|poke|p2|Meowscarada, M|
|poke|p2|Iron Treads|
|teampreview
|inactive|Battle timer is ON: inactive players will automatically lose when time's up. (requested by ace1234560)
|
|t:|1758265257
|teamsize|p1|6
|teamsize|p2|6
|start
|switch|p1a: Rhydon|Rhydon, M|100/100
|switch|p2a: Iron Treads|Iron Treads|100/100
|turn|1
|
|t:|1758265273
|move|p2a: Iron Treads|Stealth Rock|p1a: Rhydon
|-sidestart|p1: ace1234560|move: Stealth Rock
|move|p1a: Rhydon|Earthquake|p2a: Iron Treads
|-supereffective|p2a: Iron Treads
|-damage|p2a: Iron Treads|1/100
|
|upkeep
|turn|2
|
|t:|1758265280
|move|p2a: Iron Treads|Earthquake|p1a: Rhydon
|-supereffective|p1a: Rhydon
|-damage|p1a: Rhydon|42/100
|-damage|p2a: Iron Treads|0 fnt|[from] item: Life Orb
|faint|p2a: Iron Treads
|-end|p2a: Iron Treads|Quark Drive|[silent]
|move|p1a: Rhydon|Earthquake|p2: Iron Treads|[notarget]
|-fail|p1a: Rhydon
|
|upkeep
|
|t:|1758265295
|switch|p2a: Clefable|Clefable, M|100/100
|turn|3
|
|t:|1758265300
|move|p2a: Clefable|Cosmic Power|p2a: Clefable
|-boost|p2a: Clefable|def|1
|-boost|p2a: Clefable|spd|1
|move|p1a: Rhydon|Poison Jab|p2a: Clefable
|-supereffective|p2a: Clefable
|-damage|p2a: Clefable|58/100
|
|upkeep
|turn|4
|
|t:|1758265307
|move|p2a: Clefable|Cosmic Power|p2a: Clefable
|-boost|p2a: Clefable|def|1
|-boost|p2a: Clefable|spd|1
|move|p1a: Rhydon|Poison Jab|p2a: Clefable
|-supereffective|p2a: Clefable
|-damage|p2a: Clefable|27/100
|-status|p2a: Clefable|psn
|
|-damage|p2a: Clefable|15/100 psn|[from] psn
|upkeep
|turn|5
|
|t:|1758265336
|move|p2a: Clefable|Rest|p2a: Clefable
|-status|p2a: Clefable|slp|[from] move: Rest
|-heal|p2a: Clefable|100/100 slp|[silent]
|-enditem|p2a: Clefable|Chesto Berry|[eat]
|-curestatus|p2a: Clefable|slp|[msg]
|move|p1a: Rhydon|Poison Jab|p2a: Clefable
|-supereffective|p2a: Clefable
|-damage|p2a: Clefable|71/100
|
|upkeep
|turn|6
|
|t:|1758265340
|move|p2a: Clefable|Cosmic Power|p2a: Clefable
|-boost|p2a: Clefable|def|1
|-boost|p2a: Clefable|spd|1
|move|p1a: Rhydon|Poison Jab|p2a: Clefable
|-supereffective|p2a: Clefable
|-damage|p2a: Clefable|45/100
|-status|p2a: Clefable|psn
|
|-damage|p2a: Clefable|32/100 psn|[from] psn
|upkeep
|turn|7
|
|t:|1758265347
|move|p2a: Clefable|Rest|p2a: Clefable
|-status|p2a: Clefable|slp|[from] move: Rest
|-heal|p2a: Clefable|100/100 slp|[silent]
|move|p1a: Rhydon|Poison Jab|p2a: Clefable
|-supereffective|p2a: Clefable
|-damage|p2a: Clefable|77/100 slp
|
|upkeep
|turn|8
|
|t:|1758265350
|cant|p2a: Clefable|slp
|move|p1a: Rhydon|Poison Jab|p2a: Clefable
|-supereffective|p2a: Clefable
|-crit|p2a: Clefable
|-damage|p2a: Clefable|0 fnt
|faint|p2a: Clefable
|
|upkeep
|
|t:|1758265356
|switch|p2a: Ceruledge|Ceruledge, F, shiny|100/100
|turn|9
|
|t:|1758265359
|move|p2a: Ceruledge|Swords Dance|p2a: Ceruledge
|-boost|p2a: Ceruledge|atk|2
|move|p1a: Rhydon|Earthquake|p2a: Ceruledge
|-supereffective|p2a: Ceruledge
|-enditem|p2a: Ceruledge|Focus Sash
|-damage|p2a: Ceruledge|1/100
|-ability|p2a: Ceruledge|Weak Armor|boost
|-unboost|p2a: Ceruledge|def|1
|-boost|p2a: Ceruledge|spe|2
|
|upkeep
|turn|10
|
|t:|1758265375
|-terastallize|p2a: Ceruledge|Fire
|move|p2a: Ceruledge|Bitter Blade|p1a: Rhydon
|-resisted|p1a: Rhydon
|-crit|p1a: Rhydon
|-damage|p1a: Rhydon|0 fnt
|-heal|p2a: Ceruledge|30/100|[from] drain|[of] p1a: Rhydon
|faint|p1a: Rhydon
|
|upkeep
|
|t:|1758265385
|switch|p1a: Ditto|Ditto|100/100
|-damage|p1a: Ditto|88/100|[from] Stealth Rock
|-transform|p1a: Ditto|p2a: Ceruledge|[from] ability: Imposter
|-start|p1a: Ditto|typechange|Fire/Ghost|[silent]
|turn|11
|
|t:|1758265397
|move|p1a: Ditto|Bitter Blade|p2a: Ceruledge
|-resisted|p2a: Ceruledge
|-damage|p2a: Ceruledge|0 fnt
|-heal|p1a: Ditto|100/100|[from] drain|[of] p2a: Ceruledge
|faint|p2a: Ceruledge
|
|upkeep
|
|t:|1758265404
|switch|p2a: Walking Wake|Walking Wake|100/100
|turn|12
|
|t:|1758265408
|switch|p1a: Ogerpon|Ogerpon-Wellspring, F|100/100
|-damage|p1a: Ogerpon|88/100|[from] Stealth Rock
|move|p2a: Walking Wake|Hydro Steam|p1a: Ogerpon
|-heal|p1a: Ogerpon|100/100|[from] ability: Water Absorb|[of] p2a: Walking Wake
|
|upkeep
|turn|13
|-message|uberryumaru forfeited.
|
|win|ace1234560
|raw|ace1234560's rating: 1166 &rarr; <strong>1189</strong><br />(+23 for winning)
|raw|uberryumaru's rating: 1133 &rarr; <strong>1110</strong><br />(-23 for losing)
|l|☆uberryumaru
|player|p2|
