|j|☆Storm_Noel
|j|☆Luketheidiot
|t:|1758272227
|gametype|singles
|player|p1|Storm_Noel|hilbert|1168
|player|p2|Luketheidiot|iris-gen5bw2|1202
|gen|9
|tier|[Gen 9] OU
|rated|
|rule|HP Percentage Mod: HP is shown in percentages
|rule|Endless Battle Clause: Forcing endless battles is banned
|rule|Species Clause: Limit one of each Pokémon
|rule|OHKO Clause: OHKO moves are banned
|rule|Evasion Items Clause: Evasion items are banned
|rule|Evasion Moves Clause: Evasion moves are banned
|rule|Evasion Abilities Clause: Evasion abilities are banned
|rule|Sleep Moves Clause: Sleep-inducing moves are banned
|clearpoke
|poke|p1|Gliscor, F|
|poke|p1|Infernape, F|
|poke|p1|Greninja-*, M|
|poke|p1|Medicham, F|
|poke|p1|Entei|
|poke|p1|Dragapult, M|
|poke|p2|Primarina, F|
|poke|p2|Vikavolt, M|
|poke|p2|Mimikyu, M|
|poke|p2|Ninetales-Alola, F|
|poke|p2|Palossand, M|
|poke|p2|Oricorio, F|
|teampreview
|inactive|Battle timer is ON: inactive players will automatically lose when time's up. (requested by Storm_Noel)
|
|t:|1758272252
|teamsize|p1|6
|teamsize|p2|6
|start
|switch|p1a: Gliscor|Gliscor, F|100/100
|switch|p2a: Ninetales|Ninetales-Alola, F|100/100
|-weather|Snowscape|[from] ability: Snow Warning|[of] p2a: Ninetales
|turn|1
|
|t:|1758272262
|move|p2a: Ninetales|Freeze-Dry|p1a: Gliscor
|-supereffective|p1a: Gliscor
|-damage|p1a: Gliscor|0 fnt
|faint|p1a: Gliscor
|
|-weather|Snowscape|[upkeep]
|upkeep
|
|t:|1758272270
|switch|p1a: Entei|Entei|100/100
|turn|2
|
|t:|1758272274
|move|p2a: Ninetales|Aurora Veil|p2a: Ninetales
|-sidestart|p2: Luketheidiot|move: Aurora Veil
|move|p1a: Entei|Iron Head|p2a: Ninetales
|-supereffective|p2a: Ninetales
|-damage|p2a: Ninetales|21/100
|
|-weather|Snowscape|[upkeep]
|upkeep
|turn|3
|
|t:|1758272281
|move|p2a: Ninetales|Moonblast|p1a: Entei
|-resisted|p1a: Entei
|-damage|p1a: Entei|80/100
|move|p1a: Entei|Iron Head|p2a: Ninetales
|-supereffective|p2a: Ninetales
|-damage|p2a: Ninetales|0 fnt
|faint|p2a: Ninetales
|
|-weather|Snowscape|[upkeep]
|upkeep
|
|t:|1758272287
|switch|p2a: Primarina|Primarina, F|100/100
|turn|4
|
|t:|1758272306
|switch|p1a: Infernape|Infernape, F|100/100
|move|p2a: Primarina|Psychic Noise|p1a: Infernape
|-supereffective|p1a: Infernape
|-damage|p1a: Infernape|6/100
|-start|p1a: Infernape|move: Heal Block
|
|-weather|Snowscape|[upkeep]
|upkeep
|turn|5
|
|t:|1758272325
|move|p1a: Infernape|Fake Out|p2a: Primarina
|-damage|p2a: Primarina|94/100
|cant|p2a: Primarina|flinch
|
|-weather|none
|-heal|p2a: Primarina|99/100|[from] item: Leftovers
|-end|p1a: Infernape|move: Heal Block
|upkeep
|turn|6
|
|t:|1758272335
|move|p1a: Infernape|Thunder Punch|p2a: Primarina
|-supereffective|p2a: Primarina
|-damage|p2a: Primarina|61/100
|move|p2a: Primarina|Psychic Noise|p1a: Infernape
|-supereffective|p1a: Infernape
|-damage|p1a: Infernape|0 fnt
|faint|p1a: Infernape
|
|-heal|p2a: Primarina|67/100|[from] item: Leftovers
|upkeep
|
|t:|1758272351
|switch|p1a: Entei|Entei|80/100
|turn|7
|inactive|Luketheidiot has 120 seconds left.
|
|t:|1758272386
|-terastallize|p1a: Entei|Normal
|move|p1a: Entei|Iron Head|p2a: Primarina
|-damage|p2a: Primarina|39/100
|move|p2a: Primarina|Psychic Noise|p1a: Entei
|-damage|p1a: Entei|34/100
|-start|p1a: Entei|move: Heal Block
|
|-heal|p2a: Primarina|45/100|[from] item: Leftovers
|upkeep
|turn|8
|
|t:|1758272406
|switch|p1a: Greninja|Greninja, M|100/100
|move|p2a: Primarina|Hyper Voice|p1a: Greninja
|-resisted|p1a: Greninja
|-damage|p1a: Greninja|60/100
|
|-heal|p2a: Primarina|50/100|[from] item: Leftovers
|upkeep
|turn|9
|
|t:|1758272417
|move|p1a: Greninja|Extrasensory|p2a: Primarina
|-damage|p2a: Primarina|34/100
|move|p2a: Primarina|Moonblast|p1a: Greninja
|-supereffective|p1a: Greninja
|-damage|p1a: Greninja|0 fnt
|faint|p1a: Greninja
|
|-heal|p2a: Primarina|40/100|[from] item: Leftovers
|-sideend|p2: Luketheidiot|move: Aurora Veil
|upkeep
|
|t:|1758272432
|switch|p1a: Dragapult|Dragapult, M|100/100
|turn|10
|
|t:|1758272441
|move|p1a: Dragapult|Shadow Ball|p2a: Primarina
|-damage|p2a: Primarina|0 fnt
|faint|p2a: Primarina
|-damage|p1a: Dragapult|91/100|[from] item: Life Orb
|
|upkeep
|
|t:|1758272449
|switch|p2a: Vikavolt|Vikavolt, M, shiny|100/100
|turn|11
|
|t:|1758272455
|move|p1a: Dragapult|Flamethrower|p2a: Vikavolt
|-supereffective|p2a: Vikavolt
|-damage|p2a: Vikavolt|11/100
|-damage|p1a: Dragapult|81/100|[from] item: Life Orb
|move|p2a: Vikavolt|Thunderbolt|p1a: Dragapult
|-resisted|p1a: Dragapult
|-crit|p1a: Dragapult
|-damage|p1a: Dragapult|2/100
|
|upkeep
|turn|12
|
|t:|1758272467
|move|p1a: Dragapult|Draco Meteor|p2a: Vikavolt|[miss]
|-miss|p1a: Dragapult|p2a: Vikavolt
|move|p2a: Vikavolt|Thunderbolt|p1a: Dragapult
|-resisted|p1a: Dragapult
|-damage|p1a: Dragapult|0 fnt
|faint|p1a: Dragapult
|
|upkeep
|
|t:|1758272479
|switch|p1a: Medicham|Medicham, F|100/100
|turn|13
|
|t:|1758272488
|move|p1a: Medicham|Fake Out|p2a: Vikavolt
|-crit|p2a: Vikavolt
|-damage|p2a: Vikavolt|0 fnt
|faint|p2a: Vikavolt
|
|upkeep
|
|t:|1758272495
|switch|p2a: Palossand|Palossand, M, shiny|100/100
|turn|14
|
|t:|1758272500
|move|p1a: Medicham|Zen Headbutt|p2a: Palossand
|-damage|p2a: Palossand|48/100
|move|p2a: Palossand|Earth Power|p1a: Medicham
|-damage|p1a: Medicham|55/100
|
|-heal|p2a: Palossand|54/100|[from] item: Leftovers
|upkeep
|turn|15
|
|t:|1758272508
|move|p1a: Medicham|Zen Headbutt|p2a: Palossand
|-damage|p2a: Palossand|3/100
|move|p2a: Palossand|Shadow Ball|p1a: Medicham
|-supereffective|p1a: Medicham
|-damage|p1a: Medicham|0 fnt
|faint|p1a: Medicham
|
|-heal|p2a: Palossand|9/100|[from] item: Leftovers
|upkeep
|
|t:|1758272520
|switch|p1a: Entei|Entei, tera:Normal|34/100
|turn|16
|
|t:|1758272533
|move|p1a: Entei|Crunch|p2a: Palossand
|-supereffective|p2a: Palossand
|-damage|p2a: Palossand|0 fnt
|faint|p2a: Palossand
|
|upkeep
|
|t:|1758272537
|switch|p2a: Mimikyu|Mimikyu, M|100/100
|turn|17
|
|t:|1758272541
|move|p1a: Entei|Crunch|p2a: Mimikyu
|-activate|p2a: Mimikyu|ability: Disguise
|-damage|p2a: Mimikyu|100/100
|detailschange|p2a: Mimikyu|Mimikyu-Busted, M
|-damage|p2a: Mimikyu|88/100|[from] pokemon: Mimikyu-Busted
|move|p2a: Mimikyu|Play Rough|p1a: Entei
|-damage|p1a: Entei|0 fnt
|faint|p1a: Entei
|-damage|p2a: Mimikyu|78/100|[from] item: Life Orb
|
|win|Luketheidiot
|raw|Storm_Noel's rating: 1168 &rarr; <strong>1145</strong><br />(-23 for losing)
|raw|Luketheidiot's rating: 1202 &rarr; <strong>1225</strong><br />(+23 for winning)
|l|☆Luketheidiot
|player|p2|
|l|☆Storm_Noel
|player|p1|
