|j|☆Isabelle<3<3
|j|☆JosueKhan
|t:|1758272705
|gametype|singles
|player|p1|Isabelle<3<3|backersf|1274
|player|p2|JosueKhan|cyrus|1189
|gen|9
|tier|[Gen 9] OU
|rated|
|rule|HP Percentage Mod: HP is shown in percentages
|rule|Endless Battle Clause: Forcing endless battles is banned
|rule|Species Clause: Limit one of each Pokémon
|rule|OHKO Clause: OHKO moves are banned
|rule|Evasion Items Clause: Evasion items are banned
|rule|Evasion Moves Clause: Evasion moves are banned
|rule|Evasion Abilities Clause: Evasion abilities are banned
|rule|Sleep Moves Clause: Sleep-inducing moves are banned
|clearpoke
|poke|p1|Ceruledge, M|
|poke|p1|Raging Bolt|
|poke|p1|Latias, F|
|poke|p1|Kyurem|
|poke|p1|Ninetales-Alola, F|
|poke|p1|Iron Moth|
|poke|p2|Torterra, M|
|poke|p2|Milotic, F|
|poke|p2|Dragonite, M|
|poke|p2|Braviary-Hisui, M|
|poke|p2|Malamar, M|
|poke|p2|Metagross|
|teampreview
|
|t:|1758272711
|teamsize|p1|6
|teamsize|p2|6
|start
|switch|p1a: snow bunny|Ninetales-Alola, F|100/100
|switch|p2a: Torterra Khan|Torterra, M, shiny|100/100
|-weather|Snowscape|[from] ability: Snow Warning|[of] p1a: snow bunny
|turn|1
|inactive|Battle timer is ON: inactive players will automatically lose when time's up. (requested by Isabelle<3<3)
|
|t:|1758272724
|move|p1a: snow bunny|Aurora Veil|p1a: snow bunny
|-sidestart|p1: Isabelle<3<3|move: Aurora Veil
|move|p2a: Torterra Khan|Shell Smash|p2a: Torterra Khan
|-unboost|p2a: Torterra Khan|def|1
|-unboost|p2a: Torterra Khan|spd|1
|-boost|p2a: Torterra Khan|atk|2
|-boost|p2a: Torterra Khan|spa|2
|-boost|p2a: Torterra Khan|spe|2
|
|-weather|Snowscape|[upkeep]
|upkeep
|turn|2
|
|t:|1758272730
|move|p2a: Torterra Khan|Rock Blast|p1a: snow bunny
|-supereffective|p1a: snow bunny
|-damage|p1a: snow bunny|83/100
|-supereffective|p1a: snow bunny
|-damage|p1a: snow bunny|67/100
|-supereffective|p1a: snow bunny
|-damage|p1a: snow bunny|50/100
|-supereffective|p1a: snow bunny
|-damage|p1a: snow bunny|32/100
|-supereffective|p1a: snow bunny
|-damage|p1a: snow bunny|15/100
|-hitcount|p1a: snow bunny|5
|move|p1a: snow bunny|Freeze-Dry|p2a: Torterra Khan
|-supereffective|p2a: Torterra Khan
|-damage|p2a: Torterra Khan|0 fnt
|faint|p2a: Torterra Khan
|
|-weather|Snowscape|[upkeep]
|upkeep
|
|t:|1758272739
|switch|p2a: Milotic Khan|Milotic, F, shiny|100/100
|turn|3
|
|t:|1758272743
|move|p1a: snow bunny|Freeze-Dry|p2a: Milotic Khan
|-supereffective|p2a: Milotic Khan
|-damage|p2a: Milotic Khan|62/100
|move|p2a: Milotic Khan|Alluring Voice|p1a: snow bunny
|-damage|p1a: snow bunny|4/100
|-enditem|p2a: Milotic Khan|Throat Spray
|-boost|p2a: Milotic Khan|spa|1|[from] item: Throat Spray
|
|-weather|Snowscape|[upkeep]
|upkeep
|turn|4
|
|t:|1758272748
|move|p1a: snow bunny|Freeze-Dry|p2a: Milotic Khan
|-supereffective|p2a: Milotic Khan
|-crit|p2a: Milotic Khan
|-damage|p2a: Milotic Khan|10/100
|move|p2a: Milotic Khan|Recover|p2a: Milotic Khan
|-heal|p2a: Milotic Khan|60/100
|
|-weather|Snowscape|[upkeep]
|upkeep
|turn|5
|
|t:|1758272751
|move|p1a: snow bunny|Freeze-Dry|p2a: Milotic Khan
|-supereffective|p2a: Milotic Khan
|-damage|p2a: Milotic Khan|19/100
|move|p2a: Milotic Khan|Scald|p1a: snow bunny
|-damage|p1a: snow bunny|0 fnt
|faint|p1a: snow bunny
|
|-weather|none
|upkeep
|
|t:|1758272766
|switch|p1a: MoveMerchant|Iron Moth|100/100
|-enditem|p1a: MoveMerchant|Booster Energy
|-activate|p1a: MoveMerchant|ability: Quark Drive|[fromitem]
|-start|p1a: MoveMerchant|quarkdrivespe
|turn|6
|
|t:|1758272777
|move|p1a: MoveMerchant|Energy Ball|p2a: Milotic Khan
|-supereffective|p2a: Milotic Khan
|-damage|p2a: Milotic Khan|0 fnt
|faint|p2a: Milotic Khan
|
|upkeep
|
|t:|1758272779
|switch|p2a: Dragonite Khan|Dragonite, M, shiny|100/100
|turn|7
|
|t:|1758272783
|move|p1a: MoveMerchant|Dazzling Gleam|p2a: Dragonite Khan
|-supereffective|p2a: Dragonite Khan
|-damage|p2a: Dragonite Khan|77/100
|-enditem|p2a: Dragonite Khan|Weakness Policy
|-boost|p2a: Dragonite Khan|atk|2|[from] item: Weakness Policy
|-boost|p2a: Dragonite Khan|spa|2|[from] item: Weakness Policy
|move|p2a: Dragonite Khan|Earthquake|p1a: MoveMerchant
|-supereffective|p1a: MoveMerchant
|-damage|p1a: MoveMerchant|0 fnt
|faint|p1a: MoveMerchant
|-end|p1a: MoveMerchant|Quark Drive|[silent]
|
|upkeep
|inactive|Isabelle<3<3 has 120 seconds left.
|
|t:|1758272820
|switch|p1a: 50/50|Raging Bolt|100/100
|-enditem|p1a: 50/50|Booster Energy
|-activate|p1a: 50/50|ability: Protosynthesis|[fromitem]
|-start|p1a: 50/50|protosynthesisspa
|turn|8
|
|t:|1758272824
|-terastallize|p2a: Dragonite Khan|Normal
|-terastallize|p1a: 50/50|Fairy
|move|p2a: Dragonite Khan|Dragon Claw|p1a: 50/50
|-immune|p1a: 50/50
|move|p1a: 50/50|Dragon Pulse|p2a: Dragonite Khan
|-damage|p2a: Dragonite Khan|14/100
|
|-sideend|p1: Isabelle<3<3|move: Aurora Veil
|upkeep
|turn|9
|
|t:|1758272836
|move|p2a: Dragonite Khan|Extreme Speed|p1a: 50/50
|-damage|p1a: 50/50|21/100
|move|p1a: 50/50|Thunderbolt|p2a: Dragonite Khan
|-damage|p2a: Dragonite Khan|0 fnt
|faint|p2a: Dragonite Khan
|
|upkeep
|
|t:|1758272839
|switch|p2a: Braviary Khan|Braviary-Hisui, M, shiny|100/100
|turn|10
|
|t:|1758272845
|move|p1a: 50/50|Thunderclap|p2a: Braviary Khan
|-supereffective|p2a: Braviary Khan
|-damage|p2a: Braviary Khan|0 fnt
|faint|p2a: Braviary Khan
|
|upkeep
|
|t:|1758272860
|switch|p2a: Malamar Khan|Malamar, M, shiny|100/100
|turn|11
|
|t:|1758272865
|move|p1a: 50/50|Thunderclap|p2a: Malamar Khan
|-damage|p2a: Malamar Khan|37/100
|move|p2a: Malamar Khan|Superpower|p1a: 50/50
|-resisted|p1a: 50/50
|-damage|p1a: 50/50|6/100
|-boost|p2a: Malamar Khan|atk|1
|-boost|p2a: Malamar Khan|def|1
|
|upkeep
|turn|12
|
|t:|1758272867
|move|p1a: 50/50|Thunderclap|p2a: Malamar Khan
|-damage|p2a: Malamar Khan|0 fnt
|faint|p2a: Malamar Khan
|
|upkeep
|
|t:|1758272870
|switch|p2a: Metagross Khan|Metagross, shiny|100/100
|turn|13
|
|t:|1758272873
|move|p2a: Metagross Khan|Bullet Punch|p1a: 50/50
|-supereffective|p1a: 50/50
|-damage|p1a: 50/50|0 fnt
|faint|p1a: 50/50
|-end|p1a: 50/50|Protosynthesis|[silent]
|
|upkeep
|
|t:|1758272877
|switch|p1a: bury the light|Ceruledge, M|100/100
|turn|14
|
|t:|1758272884
|move|p1a: bury the light|Swords Dance|p1a: bury the light
|-boost|p1a: bury the light|atk|2
|move|p2a: Metagross Khan|Earthquake|p1a: bury the light
|-supereffective|p1a: bury the light
|-enditem|p1a: bury the light|Focus Sash
|-damage|p1a: bury the light|1/100
|-ability|p1a: bury the light|Weak Armor|boost
|-unboost|p1a: bury the light|def|1
|-boost|p1a: bury the light|spe|2
|
|upkeep
|turn|15
|
|t:|1758272888
|move|p1a: bury the light|Shadow Sneak|p2a: Metagross Khan
|-supereffective|p2a: Metagross Khan
|-damage|p2a: Metagross Khan|38/100
|move|p2a: Metagross Khan|Bullet Punch|p1a: bury the light
|-resisted|p1a: bury the light
|-damage|p1a: bury the light|0 fnt
|faint|p1a: bury the light
|
|upkeep
|
|t:|1758272897
|switch|p1a: realpsyspam|Latias, F|100/100
|turn|16
|
|t:|1758272907
|move|p1a: realpsyspam|Calm Mind|p1a: realpsyspam
|-boost|p1a: realpsyspam|spa|1
|-boost|p1a: realpsyspam|spd|1
|move|p2a: Metagross Khan|Meteor Mash|p1a: realpsyspam
|-damage|p1a: realpsyspam|37/100
|
|-heal|p1a: realpsyspam|43/100|[from] item: Leftovers
|upkeep
|turn|17
|
|t:|1758272911
|move|p1a: realpsyspam|Aura Sphere|p2a: Metagross Khan
|-crit|p2a: Metagross Khan
|-damage|p2a: Metagross Khan|0 fnt
|faint|p2a: Metagross Khan
|
|win|Isabelle<3<3
|raw|Isabelle&lt;3&lt;3's rating: 1274 &rarr; <strong>1293</strong><br />(+19 for winning)
|raw|JosueKhan's rating: 1189 &rarr; <strong>1170</strong><br />(-19 for losing)
|l|☆JosueKhan
|player|p2|
|l|☆Isabelle<3<3
|player|p1|
