|j|☆Xginger
|j|☆marezi
|t:|1758261164
|gametype|singles
|player|p1|Xginger|102|1248
|player|p2|marezi|chili|1248
|gen|9
|tier|[Gen 9] OU
|rated|
|rule|HP Percentage Mod: HP is shown in percentages
|rule|Endless Battle Clause: Forcing endless battles is banned
|rule|Species Clause: Limit one of each Pokémon
|rule|OHKO Clause: OHKO moves are banned
|rule|Evasion Items Clause: Evasion items are banned
|rule|Evasion Moves Clause: Evasion moves are banned
|rule|Evasion Abilities Clause: Evasion abilities are banned
|rule|Sleep Moves Clause: Sleep-inducing moves are banned
|clearpoke
|poke|p1|Landorus-Therian, M|
|poke|p1|Great Tusk|
|poke|p1|Gliscor, M|
|poke|p1|Rotom-Wash|
|poke|p1|Heatran, M|
|poke|p1|Toxapex, F|
|poke|p2|Kilowattrel, F|
|poke|p2|Scrafty, F|
|poke|p2|Haxorus, M|
|poke|p2|Garganacl, M|
|poke|p2|Gastrodon-East, F|
|poke|p2|Weezing-Galar, M|
|teampreview
|inactive|Battle timer is ON: inactive players will automatically lose when time's up. (requested by Xginger)
|inactive|marezi also wants the timer to be on.
|
|t:|1758261170
|teamsize|p1|6
|teamsize|p2|6
|start
|switch|p1a: 成都必吃榜|Great Tusk|100/100
|switch|p2a: Scrafty|Scrafty, F|100/100
|-ability|p2a: Scrafty|Intimidate|boost
|-unboost|p1a: 成都必吃榜|atk|1
|-enditem|p1a: 成都必吃榜|Booster Energy
|-activate|p1a: 成都必吃榜|ability: Protosynthesis|[fromitem]
|-start|p1a: 成都必吃榜|protosynthesisspe
|turn|1
|
|t:|1758261189
|-end|p1a: 成都必吃榜|Protosynthesis|[silent]
|switch|p1a: 哈基米|Landorus-Therian, M, shiny|100/100
|-ability|p1a: 哈基米|Intimidate|boost
|-unboost|p2a: Scrafty|atk|1
|move|p2a: Scrafty|Fake Out|p1a: 哈基米
|-damage|p1a: 哈基米|94/100
|-damage|p2a: Scrafty|84/100|[from] item: Rocky Helmet|[of] p1a: 哈基米
|
|upkeep
|turn|2
|
|t:|1758261198
|move|p1a: 哈基米|Stealth Rock|p2a: Scrafty
|-sidestart|p2: marezi|move: Stealth Rock
|move|p2a: Scrafty|Knock Off|p1a: 哈基米
|-damage|p1a: 哈基米|70/100
|-damage|p2a: Scrafty|67/100|[from] item: Rocky Helmet|[of] p1a: 哈基米
|-enditem|p1a: 哈基米|Rocky Helmet|[from] move: Knock Off|[of] p2a: Scrafty
|
|upkeep
|turn|3
|
|t:|1758261206
|switch|p2a: Weezing|Weezing-Galar, M|100/100
|-damage|p2a: Weezing|88/100|[from] Stealth Rock
|move|p1a: 哈基米|Earthquake|p2a: Weezing
|-immune|p2a: Weezing|[from] ability: Levitate
|
|-heal|p2a: Weezing|94/100|[from] item: Leftovers
|upkeep
|turn|4
|
|t:|1758261211
|move|p1a: 哈基米|Taunt|p2a: Weezing
|-start|p2a: Weezing|move: Taunt
|cant|p2a: Weezing|move: Taunt|Defog
|
|-heal|p2a: Weezing|99/100|[from] item: Leftovers
|upkeep
|turn|5
|
|t:|1758261217
|move|p1a: 哈基米|U-turn|p2a: Weezing
|-resisted|p2a: Weezing
|-damage|p2a: Weezing|96/100
|
|t:|1758261228
|switch|p1a: 迫击炮|Heatran, M, shiny|100/100|[from] U-turn
|move|p2a: Weezing|Dazzling Gleam|p1a: 迫击炮
|-resisted|p1a: 迫击炮
|-crit|p1a: 迫击炮
|-damage|p1a: 迫击炮|94/100
|
|-heal|p2a: Weezing|100/100|[from] item: Leftovers
|upkeep
|turn|6
|
|t:|1758261236
|switch|p2a: Scrafty|Scrafty, F|67/100
|-damage|p2a: Scrafty|61/100|[from] Stealth Rock
|-ability|p2a: Scrafty|Intimidate|boost
|-unboost|p1a: 迫击炮|atk|1
|move|p1a: 迫击炮|Flash Cannon|p2a: Scrafty
|-damage|p2a: Scrafty|34/100
|
|upkeep
|turn|7
|
|t:|1758261245
|switch|p1a: 哈基米|Landorus-Therian, M, shiny|70/100
|-ability|p1a: 哈基米|Intimidate|boost
|-unboost|p2a: Scrafty|atk|1
|move|p2a: Scrafty|Fake Out|p1a: 哈基米
|-damage|p1a: 哈基米|63/100
|
|upkeep
|turn|8
|
|t:|1758261262
|switch|p2a: Gastrodon|Gastrodon-East, F|100/100
|-damage|p2a: Gastrodon|94/100|[from] Stealth Rock
|move|p1a: 哈基米|Earthquake|p2a: Gastrodon
|-damage|p2a: Gastrodon|35/100
|
|-heal|p2a: Gastrodon|41/100|[from] item: Leftovers
|upkeep
|turn|9
|
|t:|1758261275
|move|p1a: 哈基米|Earthquake|p2a: Gastrodon
|-damage|p2a: Gastrodon|0 fnt
|faint|p2a: Gastrodon
|
|upkeep
|
|t:|1758261279
|switch|p2a: Weezing|Weezing-Galar, M|100/100
|-damage|p2a: Weezing|88/100|[from] Stealth Rock
|turn|10
|
|t:|1758261283
|-terastallize|p2a: Weezing|Dark
|move|p1a: 哈基米|Taunt|p2a: Weezing
|-start|p2a: Weezing|move: Taunt
|cant|p2a: Weezing|move: Taunt|Defog
|
|-heal|p2a: Weezing|94/100|[from] item: Leftovers
|upkeep
|turn|11
|l|☆marezi
|inactive|marezi disconnected and has a minute to reconnect!
|player|p2|
|inactive|marezi has 30 seconds to reconnect!
|inactive|marezi has 20 seconds to reconnect!
|inactive|marezi has 15 seconds to reconnect!
|inactive|marezi has 10 seconds to reconnect!
|inactive|marezi has 5 seconds to reconnect!
|-message|marezi lost due to inactivity.
|
|win|Xginger
|raw|Xginger's rating: 1248 &rarr; <strong>1273</strong><br />(+25 for winning)
|raw|marezi's rating: 1248 &rarr; <strong>1223</strong><br />(-25 for losing)
|l|☆Xginger
|player|p1|
