|j|☆inthestation
|j|☆Obito 2001
|t:|1758313944
|gametype|singles
|player|p1|inthestation|pokemonbreeder|1644
|player|p2|Obito 2001|blue-gen3two|1703
|gen|9
|tier|[Gen 9] OU
|rated|
|rule|HP Percentage Mod: HP is shown in percentages
|rule|Endless Battle Clause: Forcing endless battles is banned
|rule|Species Clause: Limit one of each Pokémon
|rule|OHKO Clause: OHKO moves are banned
|rule|Evasion Items Clause: Evasion items are banned
|rule|Evasion Moves Clause: Evasion moves are banned
|rule|Evasion Abilities Clause: Evasion abilities are banned
|rule|Sleep Moves Clause: Sleep-inducing moves are banned
|clearpoke
|poke|p1|Arcanine-Hisui, F|
|poke|p1|Slowking-Galar, F|
|poke|p1|Corviknight, F|
|poke|p1|Ting-Lu|
|poke|p1|Zamazenta-*|
|poke|p1|Dragapult, F|
|poke|p2|Kyurem|
|poke|p2|Golem, M|
|poke|p2|Weezing-Galar, M|
|poke|p2|Snorlax, F|
|poke|p2|Vaporeon, F|
|poke|p2|Dragonite, F|
|teampreview
|inactive|Battle timer is ON: inactive players will automatically lose when time's up. (requested by Obito 2001)
|c|☆inthestation|glhf
|
|t:|1758313966
|teamsize|p1|6
|teamsize|p2|6
|start
|switch|p1a: Corviknight|Corviknight, F|100/100
|switch|p2a: Golem|Golem, M|100/100
|-ability|p1a: Corviknight|Pressure
|turn|1
|
|t:|1758313978
|move|p2a: Golem|Stealth Rock|p1a: Corviknight
|-sidestart|p1: inthestation|move: Stealth Rock
|move|p1a: Corviknight|U-turn|p2a: Golem
|-damage|p2a: Golem|86/100
|
|t:|1758313996
|switch|p1a: Ting-Lu|Ting-Lu|100/100|[from] U-turn
|-damage|p1a: Ting-Lu|94/100|[from] Stealth Rock
|-ability|p1a: Ting-Lu|Vessel of Ruin
|
|-heal|p1a: Ting-Lu|100/100|[from] item: Leftovers
|upkeep
|turn|2
|
|t:|1758314006
|move|p2a: Golem|Earthquake|p1a: Ting-Lu
|-damage|p1a: Ting-Lu|71/100
|move|p1a: Ting-Lu|Stealth Rock|p2a: Golem
|-sidestart|p2: Obito 2001|move: Stealth Rock
|
|-heal|p1a: Ting-Lu|77/100|[from] item: Leftovers
|upkeep
|turn|3
|
|t:|1758314015
|move|p2a: Golem|Earthquake|p1a: Ting-Lu
|-damage|p1a: Ting-Lu|46/100
|move|p1a: Ting-Lu|Earthquake|p2a: Golem
|-supereffective|p2a: Golem
|-crit|p2a: Golem
|-damage|p2a: Golem|0 fnt
|faint|p2a: Golem
|
|-heal|p1a: Ting-Lu|52/100|[from] item: Leftovers
|upkeep
|
|t:|1758314023
|switch|p2a: Vaporeon|Vaporeon, F|100/100
|-damage|p2a: Vaporeon|88/100|[from] Stealth Rock
|turn|4
|
|t:|1758314029
|move|p2a: Vaporeon|Calm Mind|p2a: Vaporeon
|-boost|p2a: Vaporeon|spa|1
|-boost|p2a: Vaporeon|spd|1
|move|p1a: Ting-Lu|Whirlwind|p2a: Vaporeon
|drag|p2a: Fk hazard noobs|Weezing-Galar, M|100/100
|-ability|p2a: Fk hazard noobs|Neutralizing Gas
|-damage|p2a: Fk hazard noobs|88/100|[from] Stealth Rock
|
|-heal|p1a: Ting-Lu|58/100|[from] item: Leftovers
|upkeep
|turn|5
|
|t:|1758314033
|move|p2a: Fk hazard noobs|Will-O-Wisp|p1a: Ting-Lu
|-status|p1a: Ting-Lu|brn
|move|p1a: Ting-Lu|Earthquake|p2a: Fk hazard noobs
|-supereffective|p2a: Fk hazard noobs
|-damage|p2a: Fk hazard noobs|64/100
|
|-heal|p1a: Ting-Lu|65/100 brn|[from] item: Leftovers
|-damage|p1a: Ting-Lu|58/100 brn|[from] brn
|upkeep
|turn|6
|
|t:|1758314042
|move|p2a: Fk hazard noobs|Sludge Bomb|p1a: Ting-Lu
|-resisted|p1a: Ting-Lu
|-damage|p1a: Ting-Lu|51/100 brn
|move|p1a: Ting-Lu|Whirlwind|p2a: Fk hazard noobs
|-end|p2a: Fk hazard noobs|ability: Neutralizing Gas
|-ability|p1a: Ting-Lu|Vessel of Ruin
|drag|p2a: Snorlax|Snorlax, F, shiny|100/100
|-damage|p2a: Snorlax|88/100|[from] Stealth Rock
|
|-heal|p1a: Ting-Lu|57/100 brn|[from] item: Leftovers
|-damage|p1a: Ting-Lu|51/100 brn|[from] brn
|upkeep
|turn|7
|
|t:|1758314048
|move|p2a: Snorlax|Ice Punch|p1a: Ting-Lu
|-supereffective|p1a: Ting-Lu
|-damage|p1a: Ting-Lu|21/100 brn
|move|p1a: Ting-Lu|Whirlwind|p2a: Snorlax
|drag|p2a: Fk hazard noobs|Weezing-Galar, M|64/100
|-ability|p2a: Fk hazard noobs|Neutralizing Gas
|-damage|p2a: Fk hazard noobs|52/100|[from] Stealth Rock
|
|-heal|p1a: Ting-Lu|27/100 brn|[from] item: Leftovers
|-damage|p1a: Ting-Lu|21/100 brn|[from] brn
|upkeep
|turn|8
|
|t:|1758314056
|move|p2a: Fk hazard noobs|Sludge Bomb|p1a: Ting-Lu
|-resisted|p1a: Ting-Lu
|-crit|p1a: Ting-Lu
|-damage|p1a: Ting-Lu|11/100 brn
|move|p1a: Ting-Lu|Whirlwind|p2a: Fk hazard noobs
|-end|p2a: Fk hazard noobs|ability: Neutralizing Gas
|-ability|p1a: Ting-Lu|Vessel of Ruin
|drag|p2a: Vaporeon|Vaporeon, F|88/100
|-damage|p2a: Vaporeon|76/100|[from] Stealth Rock
|
|-heal|p1a: Ting-Lu|17/100 brn|[from] item: Leftovers
|-damage|p1a: Ting-Lu|11/100 brn|[from] brn
|upkeep
|turn|9
|
|t:|1758314070
|switch|p1a: Slowking|Slowking-Galar, F|100/100
|move|p2a: Vaporeon|Scald|p1a: Slowking
|-damage|p1a: Slowking|78/100
|-status|p1a: Slowking|brn
|
|-damage|p1a: Slowking|72/100 brn|[from] brn
|upkeep
|turn|10
|
|t:|1758314079
|move|p2a: Vaporeon|Calm Mind|p2a: Vaporeon
|-boost|p2a: Vaporeon|spa|1
|-boost|p2a: Vaporeon|spd|1
|move|p1a: Slowking|Thunder Wave|p2a: Vaporeon
|-status|p2a: Vaporeon|par
|
|-damage|p1a: Slowking|66/100 brn|[from] brn
|upkeep
|turn|11
|
|t:|1758314084
|cant|p2a: Vaporeon|par
|-prepare|p1a: Slowking|Chilly Reception|[premajor]
|move|p1a: Slowking|Chilly Reception|p1a: Slowking
|-weather|Snowscape
|
|t:|1758314089
|switch|p1a: Dragapult|Dragapult, F|100/100|[from] Chilly Reception
|
|-weather|Snowscape|[upkeep]
|upkeep
|turn|12
|
|t:|1758314094
|move|p1a: Dragapult|Hex|p2a: Vaporeon
|-damage|p2a: Vaporeon|43/100 par
|cant|p2a: Vaporeon|par
|
|-weather|Snowscape|[upkeep]
|upkeep
|turn|13
|
|t:|1758314100
|move|p1a: Dragapult|Hex|p2a: Vaporeon
|-damage|p2a: Vaporeon|12/100 par
|move|p2a: Vaporeon|Ice Beam|p1a: Dragapult
|-supereffective|p1a: Dragapult
|-damage|p1a: Dragapult|0 fnt
|faint|p1a: Dragapult
|
|-weather|Snowscape|[upkeep]
|upkeep
|
|t:|1758314110
|switch|p1a: Corviknight|Corviknight, F|100/100
|-damage|p1a: Corviknight|88/100|[from] Stealth Rock
|-ability|p1a: Corviknight|Pressure
|turn|14
|-enditem|p2a: Vaporeon|Custap Berry|[eat]
|-activate|p2a: Vaporeon|item: Custap Berry|[consumed]
|
|t:|1758314114
|move|p2a: Vaporeon|Scald|p1a: Corviknight
|-damage|p1a: Corviknight|29/100
|move|p1a: Corviknight|Defog|p2a: Vaporeon
|-unboost|p2a: Vaporeon|evasion|1
|-sideend|p2: Obito 2001|Stealth Rock|[from] move: Defog|[of] p1a: Corviknight
|-sideend|p1: inthestation|Stealth Rock|[from] move: Defog|[of] p1a: Corviknight
|
|-weather|Snowscape|[upkeep]
|-heal|p1a: Corviknight|35/100|[from] item: Leftovers
|upkeep
|turn|15
|
|t:|1758314120
|move|p1a: Corviknight|Roost|p1a: Corviknight
|-heal|p1a: Corviknight|85/100
|-singleturn|p1a: Corviknight|move: Roost
|move|p2a: Vaporeon|Scald|p1a: Corviknight
|-damage|p1a: Corviknight|21/100
|
|-weather|none
|-heal|p1a: Corviknight|27/100|[from] item: Leftovers
|upkeep
|turn|16
|
|t:|1758314123
|move|p1a: Corviknight|Brave Bird|p2a: Vaporeon
|-damage|p2a: Vaporeon|0 fnt
|faint|p2a: Vaporeon
|-damage|p1a: Corviknight|23/100|[from] Recoil
|
|-heal|p1a: Corviknight|30/100|[from] item: Leftovers
|upkeep
|
|t:|1758314127
|switch|p2a: Ban Darkrai|Kyurem|100/100
|-ability|p2a: Ban Darkrai|Pressure
|turn|17
|
|t:|1758314136
|move|p2a: Ban Darkrai|Freeze-Dry|p1a: Corviknight
|-damage|p1a: Corviknight|0 fnt
|faint|p1a: Corviknight
|
|upkeep
|
|t:|1758314142
|switch|p1a: Arcanine|Arcanine-Hisui, F|100/100
|turn|18
|
|t:|1758314158
|-terastallize|p1a: Arcanine|Normal
|move|p1a: Arcanine|Head Smash|p2a: Ban Darkrai|[miss]
|-miss|p1a: Arcanine|p2a: Ban Darkrai
|move|p2a: Ban Darkrai|Earth Power|p1a: Arcanine
|-damage|p1a: Arcanine|57/100
|
|upkeep
|turn|19
|
|t:|1758314170
|move|p1a: Arcanine|Head Smash|p2a: Ban Darkrai
|-supereffective|p2a: Ban Darkrai
|-damage|p2a: Ban Darkrai|0 fnt
|faint|p2a: Ban Darkrai
|
|upkeep
|
|t:|1758314174
|switch|p2a: Ban me ASAP|Dragonite, F|100/100
|turn|20
|
|t:|1758314178
|-terastallize|p2a: Ban me ASAP|Normal
|move|p2a: Ban me ASAP|Extreme Speed|p1a: Arcanine
|-damage|p1a: Arcanine|1/100
|move|p1a: Arcanine|Head Smash|p2a: Ban me ASAP
|-damage|p2a: Ban me ASAP|51/100
|
|upkeep
|turn|21
|
|t:|1758314187
|switch|p1a: Ting-Lu|Ting-Lu|11/100 brn
|-ability|p1a: Ting-Lu|Vessel of Ruin
|move|p2a: Ban me ASAP|Extreme Speed|p1a: Ting-Lu
|-damage|p1a: Ting-Lu|0 fnt
|faint|p1a: Ting-Lu
|
|upkeep
|
|t:|1758314188
|switch|p1a: Arcanine|Arcanine-Hisui, F, tera:Normal|1/100
|turn|22
|
|t:|1758314196
|move|p1a: Arcanine|Extreme Speed|p2a: Ban me ASAP
|-damage|p2a: Ban me ASAP|0 fnt
|faint|p2a: Ban me ASAP
|
|upkeep
|
|t:|1758314203
|switch|p2a: Snorlax|Snorlax, F, shiny|88/100
|turn|23
|
|t:|1758314214
|switch|p1a: Zamazenta|Zamazenta|100/100
|-ability|p1a: Zamazenta|Dauntless Shield|boost
|-boost|p1a: Zamazenta|def|1
|move|p2a: Snorlax|Earthquake|p1a: Zamazenta
|-damage|p1a: Zamazenta|83/100
|
|upkeep
|turn|24
|
|t:|1758314218
|switch|p1a: Slowking|Slowking-Galar, F|99/100 brn
|switch|p2a: Fk hazard noobs|Weezing-Galar, M|52/100
|-ability|p2a: Fk hazard noobs|Neutralizing Gas
|
|-damage|p1a: Slowking|93/100 brn|[from] brn
|upkeep
|turn|25
|
|t:|1758314224
|-end|p2a: Fk hazard noobs|ability: Neutralizing Gas
|switch|p2a: Snorlax|Snorlax, F, shiny|88/100
|move|p1a: Slowking|Thunder Wave|p2a: Snorlax
|-status|p2a: Snorlax|par
|
|-damage|p1a: Slowking|87/100 brn|[from] brn
|upkeep
|turn|26
|
|t:|1758314229
|move|p1a: Slowking|Future Sight|p2a: Snorlax
|-start|p1a: Slowking|move: Future Sight
|move|p2a: Snorlax|Curse|p2a: Snorlax
|-unboost|p2a: Snorlax|spe|1
|-boost|p2a: Snorlax|atk|1
|-boost|p2a: Snorlax|def|1
|
|-damage|p1a: Slowking|81/100 brn|[from] brn
|upkeep
|turn|27
|
|t:|1758314238
|-prepare|p1a: Slowking|Chilly Reception|[premajor]
|move|p1a: Slowking|Chilly Reception|p1a: Slowking
|-weather|Snowscape
|
|t:|1758314241
|switch|p1a: Zamazenta|Zamazenta|83/100|[from] Chilly Reception
|move|p2a: Snorlax|Earthquake|p1a: Zamazenta
|-damage|p1a: Zamazenta|47/100
|
|-weather|Snowscape|[upkeep]
|upkeep
|turn|28
|
|t:|1758314254
|move|p1a: Zamazenta|Body Press|p2a: Snorlax
|-supereffective|p2a: Snorlax
|-damage|p2a: Snorlax|43/100 par
|move|p2a: Snorlax|Body Slam|p1a: Zamazenta
|-damage|p1a: Zamazenta|0 fnt
|faint|p1a: Zamazenta
|
|-weather|Snowscape|[upkeep]
|-end|p2a: Snorlax|move: Future Sight
|-damage|p2a: Snorlax|15/100 par
|upkeep
|
|t:|1758314265
|switch|p1a: Arcanine|Arcanine-Hisui, F, tera:Normal|1/100
|turn|29
|-enditem|p2a: Snorlax|Custap Berry|[eat]
|-activate|p2a: Snorlax|item: Custap Berry|[consumed]
|
|t:|1758314276
|move|p1a: Arcanine|Extreme Speed|p2a: Snorlax
|-damage|p2a: Snorlax|0 fnt
|faint|p2a: Snorlax
|
|-weather|Snowscape|[upkeep]
|upkeep
|
|t:|1758314281
|switch|p2a: Fk hazard noobs|Weezing-Galar, M|52/100
|-ability|p2a: Fk hazard noobs|Neutralizing Gas
|turn|30
|
|t:|1758314284
|move|p1a: Arcanine|Extreme Speed|p2a: Fk hazard noobs
|-damage|p2a: Fk hazard noobs|15/100
|move|p2a: Fk hazard noobs|Sludge Bomb|p1a: Arcanine
|-damage|p1a: Arcanine|0 fnt
|faint|p1a: Arcanine
|
|-weather|Snowscape|[upkeep]
|upkeep
|
|t:|1758314287
|switch|p1a: Slowking|Slowking-Galar, F|100/100 brn
|turn|31
|-enditem|p2a: Fk hazard noobs|Custap Berry|[eat]
|-activate|p2a: Fk hazard noobs|item: Custap Berry|[consumed]
|
|t:|1758314293
|move|p2a: Fk hazard noobs|Destiny Bond|p2a: Fk hazard noobs
|-singlemove|p2a: Fk hazard noobs|Destiny Bond
|move|p1a: Slowking|Sludge Bomb|p2a: Fk hazard noobs
|-crit|p2a: Fk hazard noobs
|-damage|p2a: Fk hazard noobs|0 fnt
|faint|p2a: Fk hazard noobs
|-activate|p2a: Fk hazard noobs|move: Destiny Bond
|-end|p2a: Fk hazard noobs|ability: Neutralizing Gas
|faint|p1a: Slowking
|
|win|inthestation
|raw|inthestation's rating: 1644 &rarr; <strong>1667</strong><br />(+23 for winning)
|raw|Obito 2001's rating: 1703 &rarr; <strong>1680</strong><br />(-23 for losing)
|c|☆inthestation|gg
|c|☆inthestation|wp
|c|☆Obito 2001|Gg wp
|l|☆Obito 2001
|player|p2|
|c|☆inthestation|do you have 6 custap?
|l|☆inthestation
|player|p1|
