|j|☆undertalethemovie
|j|☆slowbro named paul
|t:|1758277519
|gametype|singles
|player|p1|undertalethemovie|n|1317
|player|p2|slowbro named paul|skierf|1343
|gen|9
|tier|[Gen 9] OU
|rated|
|rule|HP Percentage Mod: HP is shown in percentages
|rule|Endless Battle Clause: Forcing endless battles is banned
|rule|Species Clause: Limit one of each Pokémon
|rule|OHKO Clause: OHKO moves are banned
|rule|Evasion Items Clause: Evasion items are banned
|rule|Evasion Moves Clause: Evasion moves are banned
|rule|Evasion Abilities Clause: Evasion abilities are banned
|rule|Sleep Moves Clause: Sleep-inducing moves are banned
|clearpoke
|poke|p1|Clodsire, F|
|poke|p1|Ogerpon-Wellspring, F|
|poke|p1|Zoroark-Hisui, M|
|poke|p1|Zamazenta-*|
|poke|p1|Cinderace, F|
|poke|p1|Deoxys-Speed|
|poke|p2|Coalossal, F|
|poke|p2|Palossand, F|
|poke|p2|Slowbro, F|
|poke|p2|Goodra-Hisui, M|
|poke|p2|Hitmonchan, M|
|poke|p2|Slither Wing|
|teampreview
|inactive|Battle timer is ON: inactive players will automatically lose when time's up. (requested by slowbro named paul)
|
|t:|1758277524
|teamsize|p1|6
|teamsize|p2|6
|start
|switch|p1a: The Writer|Ogerpon-Wellspring, F|100/100
|switch|p2a: CAN'T USE PHONE|Hitmonchan, M|100/100
|turn|1
|
|t:|1758277532
|-terastallize|p1a: The Writer|Water
|detailschange|p1a: The Writer|Ogerpon-Wellspring-Tera, F, tera:Water
|-ability|p1a: The Writer|Embody Aspect (Wellspring)|boost
|-boost|p1a: The Writer|spd|1
|move|p1a: The Writer|Ivy Cudgel|p2a: CAN'T USE PHONE|[anim] Ivy Cudgel Water
|-damage|p2a: CAN'T USE PHONE|0 fnt
|faint|p2a: CAN'T USE PHONE
|
|upkeep
|
|t:|1758277539
|switch|p2a: Sandier Shocks|Palossand, F|100/100
|turn|2
|
|t:|1758277544
|-terastallize|p2a: Sandier Shocks|Poison
|move|p1a: The Writer|Horn Leech|p2a: Sandier Shocks
|-resisted|p2a: Sandier Shocks
|-damage|p2a: Sandier Shocks|87/100
|-damage|p1a: The Writer|84/100|[from] item: Rocky Helmet|[of] p2a: Sandier Shocks
|move|p2a: Sandier Shocks|Scorching Sands|p1a: The Writer
|-damage|p1a: The Writer|66/100
|-status|p1a: The Writer|brn
|
|-damage|p1a: The Writer|60/100 brn|[from] brn
|upkeep
|turn|3
|
|t:|1758277554
|switch|p1a: Minami Torishima|Deoxys-Speed|100/100
|-ability|p1a: Minami Torishima|Pressure
|move|p2a: Sandier Shocks|Stealth Rock|p1a: Minami Torishima
|-sidestart|p1: undertalethemovie|move: Stealth Rock
|
|upkeep
|turn|4
|
|t:|1758277558
|switch|p2a: Aquatic Creature|Coalossal, F|100/100
|move|p1a: Minami Torishima|Psycho Boost|p2a: Aquatic Creature
|-damage|p2a: Aquatic Creature|18/100
|-unboost|p1a: Minami Torishima|spa|2
|
|upkeep
|turn|5
|
|t:|1758277561
|move|p1a: Minami Torishima|Psycho Boost|p2a: Aquatic Creature
|-damage|p2a: Aquatic Creature|0 fnt
|-unboost|p1a: Minami Torishima|spa|2
|faint|p2a: Aquatic Creature
|
|upkeep
|
|t:|1758277565
|switch|p2a: Paul|Slowbro, F|100/100
|turn|6
|
|t:|1758277568
|switch|p1a: The Writer|Ogerpon-Wellspring-Tera, F, tera:Water|60/100 brn
|-damage|p1a: The Writer|48/100 brn|[from] Stealth Rock
|-ability|p1a: The Writer|Embody Aspect (Wellspring)|boost
|-boost|p1a: The Writer|spd|1
|move|p2a: Paul|Calm Mind|p2a: Paul
|-boost|p2a: Paul|spa|1
|-boost|p2a: Paul|spd|1
|
|-damage|p1a: The Writer|42/100 brn|[from] brn
|upkeep
|turn|7
|
|t:|1758277574
|move|p1a: The Writer|Encore|p2a: Paul
|-start|p2a: Paul|Encore
|move|p2a: Paul|Calm Mind|p2a: Paul
|-boost|p2a: Paul|spa|1
|-boost|p2a: Paul|spd|1
|
|-damage|p1a: The Writer|36/100 brn|[from] brn
|upkeep
|turn|8
|
|t:|1758277576
|move|p1a: The Writer|Horn Leech|p2a: Paul
|-supereffective|p2a: Paul
|-damage|p2a: Paul|74/100
|-heal|p1a: The Writer|53/100 brn|[from] drain|[of] p2a: Paul
|-damage|p1a: The Writer|36/100 brn|[from] item: Rocky Helmet|[of] p2a: Paul
|move|p2a: Paul|Calm Mind|p2a: Paul
|-boost|p2a: Paul|spa|1
|-boost|p2a: Paul|spd|1
|
|-damage|p1a: The Writer|30/100 brn|[from] brn
|upkeep
|turn|9
|
|t:|1758277582
|move|p1a: The Writer|Horn Leech|p2a: Paul
|-supereffective|p2a: Paul
|-damage|p2a: Paul|50/100
|-heal|p1a: The Writer|47/100 brn|[from] drain|[of] p2a: Paul
|-damage|p1a: The Writer|30/100 brn|[from] item: Rocky Helmet|[of] p2a: Paul
|move|p2a: Paul|Calm Mind|p2a: Paul
|-boost|p2a: Paul|spa|1
|-boost|p2a: Paul|spd|1
|
|-damage|p1a: The Writer|24/100 brn|[from] brn
|-end|p2a: Paul|Encore
|upkeep
|turn|10
|
|t:|1758277588
|switch|p2a: Sandier Shocks|Palossand, F, tera:Poison|87/100
|move|p1a: The Writer|Encore||[still]
|-fail|p1a: The Writer
|
|-damage|p1a: The Writer|18/100 brn|[from] brn
|upkeep
|turn|11
|
|t:|1758277592
|move|p1a: The Writer|Horn Leech|p2a: Sandier Shocks
|-resisted|p2a: Sandier Shocks
|-damage|p2a: Sandier Shocks|80/100
|-heal|p1a: The Writer|23/100 brn|[from] drain|[of] p2a: Sandier Shocks
|-damage|p1a: The Writer|6/100 brn|[from] item: Rocky Helmet|[of] p2a: Sandier Shocks
|move|p2a: Sandier Shocks|Scorching Sands|p1a: The Writer
|-damage|p1a: The Writer|0 fnt
|faint|p1a: The Writer
|detailschange|p1: The Writer|Ogerpon-Wellspring, F|[silent]
|
|upkeep
|
|t:|1758277595
|switch|p1a: Mumbo|Clodsire, F|100/100
|-damage|p1a: Mumbo|88/100|[from] Stealth Rock
|-item|p1a: Mumbo|Air Balloon
|turn|12
|
|t:|1758277597
|move|p1a: Mumbo|Will-O-Wisp|p2a: Sandier Shocks
|-status|p2a: Sandier Shocks|brn
|move|p2a: Sandier Shocks|Scorching Sands|p1a: Mumbo
|-immune|p1a: Mumbo
|
|-damage|p2a: Sandier Shocks|73/100 brn|[from] brn
|upkeep
|turn|13
|
|t:|1758277603
|switch|p2a: Bartholomew|Goodra-Hisui, M|100/100
|move|p1a: Mumbo|Hex|p2a: Bartholomew
|-damage|p2a: Bartholomew|85/100
|
|upkeep
|turn|14
|
|t:|1758277605
|move|p1a: Mumbo|Will-O-Wisp|p2a: Bartholomew
|-status|p2a: Bartholomew|brn
|move|p2a: Bartholomew|Acid Spray|p1a: Mumbo
|-resisted|p1a: Mumbo
|-damage|p1a: Mumbo|74/100
|-unboost|p1a: Mumbo|spd|2
|replace|p1a: Count St. Germain|Zoroark-Hisui, M, shiny
|-end|p1a: Count St. Germain|Illusion
|-enditem|p1a: Count St. Germain|Air Balloon
|
|-damage|p2a: Bartholomew|79/100 brn|[from] brn
|upkeep
|turn|15
|
|t:|1758277609
|move|p1a: Count St. Germain|Hex|p2a: Bartholomew
|-damage|p2a: Bartholomew|50/100 brn
|move|p2a: Bartholomew|Dragon Pulse|p1a: Count St. Germain
|-damage|p1a: Count St. Germain|0 fnt
|faint|p1a: Count St. Germain
|
|-damage|p2a: Bartholomew|44/100 brn|[from] brn
|upkeep
|
|t:|1758277615
|switch|p1a: Ingerland|Cinderace, F|100/100
|turn|16
|
|t:|1758277617
|switch|p2a: Sandier Shocks|Palossand, F, tera:Poison|73/100 brn
|move|p1a: Ingerland|Court Change|p1a: Ingerland
|-start|p1a: Ingerland|typechange|Normal|[from] ability: Libero
|-swapsideconditions
|-activate|p1a: Ingerland|move: Court Change
|
|-damage|p2a: Sandier Shocks|67/100 brn|[from] brn
|upkeep
|turn|17
|
|t:|1758277622
|move|p1a: Ingerland|U-turn|p2a: Sandier Shocks
|-resisted|p2a: Sandier Shocks
|-damage|p2a: Sandier Shocks|60/100 brn
|-damage|p1a: Ingerland|84/100|[from] item: Rocky Helmet|[of] p2a: Sandier Shocks
|
|t:|1758277625
|switch|p1a: Minami Torishima|Deoxys-Speed|100/100|[from] U-turn
|-ability|p1a: Minami Torishima|Pressure
|move|p2a: Sandier Shocks|Shore Up|p2a: Sandier Shocks
|-heal|p2a: Sandier Shocks|100/100 brn
|
|-damage|p2a: Sandier Shocks|94/100 brn|[from] brn
|upkeep
|turn|18
|
|t:|1758277630
|switch|p2a: Bartholomew|Goodra-Hisui, M|44/100 brn
|-damage|p2a: Bartholomew|38/100 brn|[from] Stealth Rock
|move|p1a: Minami Torishima|Psycho Boost|p2a: Bartholomew
|-resisted|p2a: Bartholomew
|-damage|p2a: Bartholomew|20/100 brn
|-unboost|p1a: Minami Torishima|spa|2
|
|-damage|p2a: Bartholomew|14/100 brn|[from] brn
|upkeep
|turn|19
|
|t:|1758277633
|switch|p1a: Ingerland|Cinderace, F|84/100
|move|p2a: Bartholomew|Flash Cannon|p1a: Ingerland
|-resisted|p1a: Ingerland
|-damage|p1a: Ingerland|53/100
|
|-damage|p2a: Bartholomew|8/100 brn|[from] brn
|upkeep
|turn|20
|
|t:|1758277637
|move|p1a: Ingerland|Pyro Ball|p2a: Bartholomew
|-crit|p2a: Bartholomew
|-damage|p2a: Bartholomew|0 fnt
|faint|p2a: Bartholomew
|
|upkeep
|
|t:|1758277639
|switch|p2a: the creature|Slither Wing|100/100
|-damage|p2a: the creature|88/100|[from] Stealth Rock
|turn|21
|
|t:|1758277642
|move|p1a: Ingerland|Pyro Ball|p2a: the creature|[miss]
|-miss|p1a: Ingerland|p2a: the creature
|move|p2a: the creature|Low Kick|p1a: Ingerland
|-damage|p1a: Ingerland|14/100
|
|upkeep
|turn|22
|
|t:|1758277645
|-end|p2a: the creature|Protosynthesis|[silent]
|switch|p2a: Sandier Shocks|Palossand, F, tera:Poison|94/100 brn
|-damage|p2a: Sandier Shocks|82/100 brn|[from] Stealth Rock
|move|p1a: Ingerland|Pyro Ball|p2a: Sandier Shocks
|-damage|p2a: Sandier Shocks|45/100 brn
|
|-damage|p2a: Sandier Shocks|39/100 brn|[from] brn
|upkeep
|turn|23
|
|t:|1758277647
|move|p1a: Ingerland|Pyro Ball|p2a: Sandier Shocks
|-damage|p2a: Sandier Shocks|3/100 brn
|move|p2a: Sandier Shocks|Shore Up|p2a: Sandier Shocks
|-heal|p2a: Sandier Shocks|53/100 brn
|
|-damage|p2a: Sandier Shocks|46/100 brn|[from] brn
|upkeep
|turn|24
|
|t:|1758277649
|move|p1a: Ingerland|Pyro Ball|p2a: Sandier Shocks
|-damage|p2a: Sandier Shocks|9/100 brn
|move|p2a: Sandier Shocks|Shore Up|p2a: Sandier Shocks
|-heal|p2a: Sandier Shocks|59/100 brn
|
|-damage|p2a: Sandier Shocks|53/100 brn|[from] brn
|upkeep
|turn|25
|
|t:|1758277651
|move|p1a: Ingerland|Pyro Ball|p2a: Sandier Shocks
|-damage|p2a: Sandier Shocks|17/100 brn
|move|p2a: Sandier Shocks|Shore Up|p2a: Sandier Shocks
|-heal|p2a: Sandier Shocks|67/100 brn
|
|-damage|p2a: Sandier Shocks|61/100 brn|[from] brn
|upkeep
|turn|26
|
|t:|1758277653
|move|p1a: Ingerland|Pyro Ball|p2a: Sandier Shocks
|-damage|p2a: Sandier Shocks|26/100 brn
|move|p2a: Sandier Shocks|Shore Up|p2a: Sandier Shocks
|-heal|p2a: Sandier Shocks|76/100 brn
|
|-damage|p2a: Sandier Shocks|70/100 brn|[from] brn
|upkeep
|turn|27
|
|t:|1758277655
|move|p1a: Ingerland|Pyro Ball|p2a: Sandier Shocks
|-damage|p2a: Sandier Shocks|32/100 brn
|move|p2a: Sandier Shocks|Shore Up|p2a: Sandier Shocks
|-heal|p2a: Sandier Shocks|82/100 brn
|
|-damage|p2a: Sandier Shocks|75/100 brn|[from] brn
|upkeep
|turn|28
|
|t:|1758277657
|switch|p1a: Minami Torishima|Deoxys-Speed|100/100
|-ability|p1a: Minami Torishima|Pressure
|move|p2a: Sandier Shocks|Stealth Rock|p1a: Minami Torishima
|-sidestart|p1: undertalethemovie|move: Stealth Rock
|
|-damage|p2a: Sandier Shocks|69/100 brn|[from] brn
|upkeep
|turn|29
|
|t:|1758277662
|move|p1a: Minami Torishima|Psycho Boost|p2a: Sandier Shocks
|-supereffective|p2a: Sandier Shocks
|-damage|p2a: Sandier Shocks|0 fnt
|-unboost|p1a: Minami Torishima|spa|2
|faint|p2a: Sandier Shocks
|
|upkeep
|
|t:|1758277664
|switch|p2a: Paul|Slowbro, F|83/100
|-damage|p2a: Paul|71/100|[from] Stealth Rock
|turn|30
|
|t:|1758277666
|switch|p1a: Ingerland|Cinderace, F|14/100
|move|p2a: Paul|Slack Off|p2a: Paul
|-heal|p2a: Paul|100/100
|
|upkeep
|turn|31
|
|t:|1758277669
|move|p1a: Ingerland|U-turn|p2a: Paul
|-start|p1a: Ingerland|typechange|Bug|[from] ability: Libero
|-supereffective|p2a: Paul
|-damage|p2a: Paul|62/100
|-damage|p1a: Ingerland|0 fnt|[from] item: Rocky Helmet|[of] p2a: Paul
|faint|p1a: Ingerland
|move|p2a: Paul|Calm Mind|p2a: Paul
|-boost|p2a: Paul|spa|1
|-boost|p2a: Paul|spd|1
|
|upkeep
|
|t:|1758277673
|switch|p1a: Mumbo|Clodsire, F|100/100
|-damage|p1a: Mumbo|94/100|[from] Stealth Rock
|-item|p1a: Mumbo|Air Balloon
|turn|32
|
|t:|1758277674
|move|p2a: Paul|Psychic Noise|p1a: Mumbo
|-supereffective|p1a: Mumbo
|-damage|p1a: Mumbo|65/100
|-start|p1a: Mumbo|move: Heal Block
|-enditem|p1a: Mumbo|Air Balloon
|move|p1a: Mumbo|Toxic|p2a: Paul
|-status|p2a: Paul|tox
|
|-damage|p2a: Paul|56/100 tox|[from] psn
|upkeep
|turn|33
|
|t:|1758277678
|move|p2a: Paul|Scald|p1a: Mumbo
|-supereffective|p1a: Mumbo
|-damage|p1a: Mumbo|36/100
|move|p1a: Mumbo|Earthquake|p2a: Paul
|-damage|p2a: Paul|40/100 tox
|
|-damage|p2a: Paul|28/100 tox|[from] psn
|-end|p1a: Mumbo|move: Heal Block
|upkeep
|turn|34
|
|t:|1758277680
|move|p2a: Paul|Scald|p1a: Mumbo
|-supereffective|p1a: Mumbo
|-damage|p1a: Mumbo|9/100
|move|p1a: Mumbo|Earthquake|p2a: Paul
|-damage|p2a: Paul|10/100 tox
|
|-damage|p2a: Paul|0 fnt|[from] psn
|faint|p2a: Paul
|upkeep
|
|t:|1758277683
|switch|p2a: the creature|Slither Wing|88/100
|-damage|p2a: the creature|76/100|[from] Stealth Rock
|turn|35
|
|t:|1758277684
|move|p2a: the creature|Bulk Up|p2a: the creature
|-boost|p2a: the creature|atk|1
|-boost|p2a: the creature|def|1
|move|p1a: Mumbo|Toxic|p2a: the creature
|-status|p2a: the creature|tox
|
|-damage|p2a: the creature|70/100 tox|[from] psn
|upkeep
|turn|36
|
|t:|1758277686
|move|p2a: the creature|Bulk Up|p2a: the creature
|-boost|p2a: the creature|atk|1
|-boost|p2a: the creature|def|1
|move|p1a: Mumbo|Recover|p1a: Mumbo
|-heal|p1a: Mumbo|59/100
|
|-damage|p2a: the creature|57/100 tox|[from] psn
|upkeep
|turn|37
|
|t:|1758277687
|move|p2a: the creature|Leech Life|p1a: Mumbo
|-resisted|p1a: Mumbo
|-damage|p1a: Mumbo|40/100
|-heal|p2a: the creature|69/100 tox|[from] drain|[of] p1a: Mumbo
|move|p1a: Mumbo|Recover|p1a: Mumbo
|-heal|p1a: Mumbo|90/100
|
|-damage|p2a: the creature|51/100 tox|[from] psn
|upkeep
|turn|38
|-message|slowbro named paul forfeited.
|
|win|undertalethemovie
|raw|undertalethemovie's rating: 1317 &rarr; <strong>1338</strong><br />(+21 for winning)
|raw|slowbro named paul's rating: 1343 &rarr; <strong>1322</strong><br />(-21 for losing)
|l|☆slowbro named paul
|player|p2|
|l|☆undertalethemovie
|player|p1|
