|j|☆goblin_gobler
|j|☆Andrewtre
|t:|1758345600
|gametype|singles
|player|p1|goblin_gobler|sage|1122
|player|p2|Andrewtre|unknown|1131
|gen|9
|tier|[Gen 9] OU
|rated|
|rule|HP Percentage Mod: HP is shown in percentages
|rule|Endless Battle Clause: Forcing endless battles is banned
|rule|Species Clause: Limit one of each Pokémon
|rule|OHKO Clause: OHKO moves are banned
|rule|Evasion Items Clause: Evasion items are banned
|rule|Evasion Moves Clause: Evasion moves are banned
|rule|Evasion Abilities Clause: Evasion abilities are banned
|rule|Sleep Moves Clause: Sleep-inducing moves are banned
|clearpoke
|poke|p1|Weavile, F|
|poke|p1|Dragonite, F|
|poke|p1|Ting-Lu|
|poke|p1|Great Tusk|
|poke|p1|Tinkaton, F|
|poke|p1|Primarina, M|
|poke|p2|Farigiraf, F|
|poke|p2|Hatterene, F|
|poke|p2|Gardevoir, M|
|poke|p2|Gengar, M|
|poke|p2|Golduck, M|
|poke|p2|Golurk|
|teampreview
|inactive|Battle timer is ON: inactive players will automatically lose when time's up. (requested by Andrewtre)
|
|t:|1758345608
|teamsize|p1|6
|teamsize|p2|6
|start
|switch|p1a: Tinkaton|Tinkaton, F|100/100
|switch|p2a: Hatterene|Hatterene, F|100/100
|-item|p1a: Tinkaton|Air Balloon
|turn|1
|
|t:|1758345615
|move|p1a: Tinkaton|Gigaton Hammer|p2a: Hatterene
|-supereffective|p2a: Hatterene
|-damage|p2a: Hatterene|6/100
|move|p2a: Hatterene|Mystical Fire|p1a: Tinkaton
|-supereffective|p1a: Tinkaton
|-damage|p1a: Tinkaton|46/100
|-unboost|p1a: Tinkaton|spa|1
|-enditem|p1a: Tinkaton|Air Balloon
|
|upkeep
|turn|2
|
|t:|1758345627
|switch|p1a: Ting-Lu|Ting-Lu|100/100
|-ability|p1a: Ting-Lu|Vessel of Ruin
|move|p2a: Hatterene|Mystical Fire|p1a: Ting-Lu
|-damage|p1a: Ting-Lu|88/100
|-unboost|p1a: Ting-Lu|spa|1
|
|-heal|p1a: Ting-Lu|95/100|[from] item: Leftovers
|upkeep
|turn|3
|
|t:|1758345631
|move|p1a: Ting-Lu|Earthquake|p2a: Hatterene
|-damage|p2a: Hatterene|0 fnt
|faint|p2a: Hatterene
|
|-heal|p1a: Ting-Lu|100/100|[from] item: Leftovers
|upkeep
|
|t:|1758345633
|switch|p2a: Golurk|Golurk|100/100
|turn|4
|
|t:|1758345639
|move|p2a: Golurk|Dynamic Punch|p1a: Ting-Lu
|-supereffective|p1a: Ting-Lu
|-damage|p1a: Ting-Lu|46/100
|-start|p1a: Ting-Lu|confusion
|-damage|p2a: Golurk|91/100|[from] item: Life Orb
|-activate|p1a: Ting-Lu|confusion
|move|p1a: Ting-Lu|Stealth Rock|p2a: Golurk
|-sidestart|p2: Andrewtre|move: Stealth Rock
|
|-heal|p1a: Ting-Lu|52/100|[from] item: Leftovers
|upkeep
|turn|5
|
|t:|1758345647
|switch|p1a: Tinkaton|Tinkaton, F|46/100
|move|p2a: Golurk|Stealth Rock|p1a: Tinkaton
|-sidestart|p1: goblin_gobler|move: Stealth Rock
|
|upkeep
|turn|6
|
|t:|1758345652
|move|p1a: Tinkaton|Encore|p2a: Golurk
|-start|p2a: Golurk|Encore
|move|p2a: Golurk|Stealth Rock||[still]
|-fail|p2a: Golurk
|
|upkeep
|turn|7
|
|t:|1758345657
|switch|p2a: Gengar|Gengar, M|100/100
|-damage|p2a: Gengar|88/100|[from] Stealth Rock
|move|p1a: Tinkaton|Gigaton Hammer|p2a: Gengar
|-damage|p2a: Gengar|0 fnt
|faint|p2a: Gengar
|
|upkeep
|
|t:|1758345666
|switch|p2a: Golurk|Golurk|91/100
|-damage|p2a: Golurk|85/100|[from] Stealth Rock
|turn|8
|
|t:|1758345672
|move|p1a: Tinkaton|Thunder Wave|p2a: Golurk
|-immune|p2a: Golurk
|move|p2a: Golurk|Earthquake|p1a: Tinkaton
|-supereffective|p1a: Tinkaton
|-damage|p1a: Tinkaton|0 fnt
|faint|p1a: Tinkaton
|-damage|p2a: Golurk|75/100|[from] item: Life Orb
|
|upkeep
|
|t:|1758345679
|switch|p1a: Dragonite|Dragonite, F|100/100
|turn|9
|
|t:|1758345682
|move|p1a: Dragonite|Dragon Dance|p1a: Dragonite
|-boost|p1a: Dragonite|atk|1
|-boost|p1a: Dragonite|spe|1
|move|p2a: Golurk|Dynamic Punch|p1a: Dragonite
|-resisted|p1a: Dragonite
|-damage|p1a: Dragonite|90/100
|-start|p1a: Dragonite|confusion
|-damage|p2a: Golurk|65/100|[from] item: Life Orb
|
|upkeep
|turn|10
|
|t:|1758345687
|-activate|p1a: Dragonite|confusion
|-damage|p1a: Dragonite|70/100|[from] confusion
|move|p2a: Golurk|Poltergeist|p1a: Dragonite
|-activate|p1a: Dragonite|move: Poltergeist|Heavy-Duty Boots
|-damage|p1a: Dragonite|0 fnt
|faint|p1a: Dragonite
|-damage|p2a: Golurk|55/100|[from] item: Life Orb
|
|upkeep
|
|t:|1758345692
|switch|p1a: Weavile|Weavile, F|100/100
|-ability|p1a: Weavile|Pressure
|turn|11
|
|t:|1758345700
|move|p1a: Weavile|Icicle Crash|p2a: Golurk
|-supereffective|p2a: Golurk
|-damage|p2a: Golurk|0 fnt
|faint|p2a: Golurk
|
|upkeep
|
|t:|1758345708
|switch|p2a: Gardevoir|Gardevoir, M|100/100
|-damage|p2a: Gardevoir|88/100|[from] Stealth Rock
|-ability|p2a: Gardevoir|Pressure|Trace|[from] ability: Trace|[of] p1a: Weavile
|-ability|p2a: Gardevoir|Pressure
|turn|12
|
|t:|1758345722
|move|p2a: Gardevoir|Moonblast|p1a: Weavile
|-supereffective|p1a: Weavile
|-damage|p1a: Weavile|0 fnt
|faint|p1a: Weavile
|
|upkeep
|
|t:|1758345725
|switch|p1a: Primarina|Primarina, M|100/100
|-damage|p1a: Primarina|88/100|[from] Stealth Rock
|turn|13
|
|t:|1758345731
|-terastallize|p2a: Gardevoir|Grass
|move|p2a: Gardevoir|Moonblast|p1a: Primarina
|-damage|p1a: Primarina|40/100
|move|p1a: Primarina|Substitute|p1a: Primarina
|-start|p1a: Primarina|Substitute
|-damage|p1a: Primarina|15/100
|
|-heal|p1a: Primarina|21/100|[from] item: Leftovers
|upkeep
|turn|14
|
|t:|1758345738
|move|p2a: Gardevoir|Moonblast|p1a: Primarina
|-end|p1a: Primarina|Substitute
|move|p1a: Primarina|Moonblast|p2a: Gardevoir
|-damage|p2a: Gardevoir|28/100
|-unboost|p2a: Gardevoir|spa|1
|
|-heal|p1a: Primarina|28/100|[from] item: Leftovers
|upkeep
|turn|15
|
|t:|1758345748
|move|p2a: Gardevoir|Moonblast|p1a: Primarina
|-damage|p1a: Primarina|0 fnt
|faint|p1a: Primarina
|
|upkeep
|
|t:|1758345750
|switch|p1a: Ting-Lu|Ting-Lu|52/100
|-damage|p1a: Ting-Lu|46/100|[from] Stealth Rock
|-ability|p1a: Ting-Lu|Vessel of Ruin
|turn|16
|
|t:|1758345760
|-terastallize|p1a: Ting-Lu|Ghost
|move|p2a: Gardevoir|Moonblast|p1a: Ting-Lu
|-damage|p1a: Ting-Lu|33/100
|move|p1a: Ting-Lu|Spikes|p2a: Gardevoir
|-sidestart|p2: Andrewtre|Spikes
|
|-heal|p1a: Ting-Lu|39/100|[from] item: Leftovers
|upkeep
|turn|17
|
|t:|1758345766
|move|p2a: Gardevoir|Moonblast|p1a: Ting-Lu
|-damage|p1a: Ting-Lu|25/100
|-unboost|p1a: Ting-Lu|spa|1
|move|p1a: Ting-Lu|Spikes|p2a: Gardevoir
|-sidestart|p2: Andrewtre|Spikes
|
|-heal|p1a: Ting-Lu|31/100|[from] item: Leftovers
|upkeep
|turn|18
|
|t:|1758345772
|move|p2a: Gardevoir|Moonblast|p1a: Ting-Lu
|-damage|p1a: Ting-Lu|17/100
|-unboost|p1a: Ting-Lu|spa|1
|move|p1a: Ting-Lu|Spikes|p2a: Gardevoir
|-sidestart|p2: Andrewtre|Spikes
|
|-heal|p1a: Ting-Lu|24/100|[from] item: Leftovers
|upkeep
|turn|19
|
|t:|1758345778
|move|p2a: Gardevoir|Moonblast|p1a: Ting-Lu
|-damage|p1a: Ting-Lu|9/100
|move|p1a: Ting-Lu|Earthquake|p2a: Gardevoir
|-resisted|p2a: Gardevoir
|-damage|p2a: Gardevoir|0 fnt
|faint|p2a: Gardevoir
|
|-heal|p1a: Ting-Lu|16/100|[from] item: Leftovers
|upkeep
|
|t:|1758345781
|switch|p2a: Golduck|Golduck, M|100/100
|-damage|p2a: Golduck|88/100|[from] Stealth Rock
|-damage|p2a: Golduck|63/100|[from] Spikes
|turn|20
|
|t:|1758345786
|move|p2a: Golduck|Rain Dance|p2a: Golduck
|-weather|RainDance
|move|p1a: Ting-Lu|Earthquake|p2a: Golduck
|-damage|p2a: Golduck|8/100
|
|-weather|RainDance|[upkeep]
|-heal|p1a: Ting-Lu|22/100|[from] item: Leftovers
|upkeep
|turn|21
|
|t:|1758345791
|move|p2a: Golduck|Surf|p1a: Ting-Lu
|-damage|p1a: Ting-Lu|0 fnt
|faint|p1a: Ting-Lu
|
|-weather|RainDance|[upkeep]
|upkeep
|
|t:|1758345796
|switch|p1a: Great Tusk|Great Tusk|100/100
|-damage|p1a: Great Tusk|98/100|[from] Stealth Rock
|-enditem|p1a: Great Tusk|Booster Energy
|-activate|p1a: Great Tusk|ability: Protosynthesis|[fromitem]
|-start|p1a: Great Tusk|protosynthesisspe
|turn|22
|
|t:|1758345804
|move|p2a: Golduck|Surf|p1a: Great Tusk
|-supereffective|p1a: Great Tusk
|-damage|p1a: Great Tusk|0 fnt
|faint|p1a: Great Tusk
|-end|p1a: Great Tusk|Protosynthesis|[silent]
|
|win|Andrewtre
|raw|goblin_gobler's rating: 1122 &rarr; <strong>1098</strong><br />(-24 for losing)
|raw|Andrewtre's rating: 1131 &rarr; <strong>1155</strong><br />(+24 for winning)
|l|☆Andrewtre
|player|p2|
|l|☆goblin_gobler
|player|p1|
