|j|‽sudks
|j|☆jsd717
|t:|1758374224
|gametype|singles
|player|p1|sudks|265|1568
|player|p2|jsd717|gambler|1540
|gen|9
|tier|[Gen 9] OU
|rated|
|rule|HP Percentage Mod: HP is shown in percentages
|rule|Endless Battle Clause: Forcing endless battles is banned
|rule|Species Clause: Limit one of each Pokémon
|rule|OHKO Clause: OHKO moves are banned
|rule|Evasion Items Clause: Evasion items are banned
|rule|Evasion Moves Clause: Evasion moves are banned
|rule|Evasion Abilities Clause: Evasion abilities are banned
|rule|Sleep Moves Clause: Sleep-inducing moves are banned
|clearpoke
|poke|p1|Gholdengo|
|poke|p1|Great Tusk|
|poke|p1|Toxapex, F|
|poke|p1|Zapdos|
|poke|p1|Kingambit, F|
|poke|p1|Kyurem|
|poke|p2|Gholdengo|
|poke|p2|Scizor, M|
|poke|p2|Quaquaval, F|
|poke|p2|Dragonite, M|
|poke|p2|Ting-Lu|
|poke|p2|Sinistcha|
|teampreview
|
|t:|1758374233
|teamsize|p1|6
|teamsize|p2|6
|start
|switch|p1a: Toxapex|Toxapex, F|100/100
|switch|p2a: Neck Pain|Ting-Lu, shiny|100/100
|-ability|p2a: Neck Pain|Vessel of Ruin
|turn|1
|
|t:|1758374241
|move|p2a: Neck Pain|Earthquake|p1a: Toxapex
|-supereffective|p1a: Toxapex
|-damage|p1a: Toxapex|56/100
|move|p1a: Toxapex|Toxic Spikes|p2a: Neck Pain
|-sidestart|p2: jsd717|move: Toxic Spikes
|
|upkeep
|turn|2
|inactive|Battle timer is ON: inactive players will automatically lose when time's up. (requested by sudks)
|
|t:|1758374252
|move|p2a: Neck Pain|Spikes|p1a: Toxapex
|-sidestart|p1: sudks|Spikes
|move|p1a: Toxapex|Toxic Spikes|p2a: Neck Pain
|-sidestart|p2: jsd717|move: Toxic Spikes
|
|upkeep
|turn|3
|
|t:|1758374258
|switch|p1a: Great Tusk|Great Tusk|100/100
|-damage|p1a: Great Tusk|88/100|[from] Spikes
|move|p2a: Neck Pain|Earthquake|p1a: Great Tusk
|-damage|p1a: Great Tusk|62/100
|
|upkeep
|turn|4
|
|t:|1758374267
|switch|p2a: Tea Ceremony|Sinistcha|100/100
|move|p1a: Great Tusk|Knock Off|p2a: Tea Ceremony
|-supereffective|p2a: Tea Ceremony
|-damage|p2a: Tea Ceremony|52/100
|-enditem|p2a: Tea Ceremony|Heavy-Duty Boots|[from] move: Knock Off|[of] p1a: Great Tusk
|
|upkeep
|turn|5
|
|t:|1758374276
|move|p1a: Great Tusk|Ice Spinner|p2a: Tea Ceremony
|-supereffective|p2a: Tea Ceremony
|-damage|p2a: Tea Ceremony|8/100
|move|p2a: Tea Ceremony|Strength Sap|p1a: Great Tusk
|-unboost|p1a: Great Tusk|atk|1
|-heal|p2a: Tea Ceremony|100/100
|
|upkeep
|turn|6
|
|t:|1758374286
|-end|p1a: Great Tusk|Protosynthesis|[silent]
|switch|p1a: Kingambit|Kingambit, F|100/100
|-damage|p1a: Kingambit|88/100|[from] Spikes
|move|p2a: Tea Ceremony|Matcha Gotcha|p1a: Kingambit
|-resisted|p1a: Kingambit
|-damage|p1a: Kingambit|73/100
|-status|p1a: Kingambit|brn
|
|-damage|p1a: Kingambit|67/100 brn|[from] brn
|upkeep
|turn|7
|
|t:|1758374305
|switch|p2a: Rajah|Quaquaval, F|100/100
|move|p1a: Kingambit|Swords Dance|p1a: Kingambit
|-boost|p1a: Kingambit|atk|2
|
|-damage|p1a: Kingambit|61/100 brn|[from] brn
|upkeep
|turn|8
|
|t:|1758374326
|-end|p1a: Kingambit|fallenundefined|[silent]
|switch|p1a: Gholdengo|Gholdengo|100/100
|-damage|p1a: Gholdengo|88/100|[from] Spikes
|move|p2a: Rajah|Close Combat|p1a: Gholdengo
|-immune|p1a: Gholdengo
|
|-heal|p1a: Gholdengo|94/100|[from] item: Leftovers
|upkeep
|turn|9
|inactive|jsd717 has 120 seconds left.
|
|t:|1758374369
|switch|p2a: Neck Pain|Ting-Lu, shiny|100/100
|-status|p2a: Neck Pain|tox
|-ability|p2a: Neck Pain|Vessel of Ruin
|move|p1a: Gholdengo|Shadow Ball|p2a: Neck Pain
|-resisted|p2a: Neck Pain
|-damage|p2a: Neck Pain|91/100 tox
|
|-heal|p1a: Gholdengo|100/100|[from] item: Leftovers
|-heal|p2a: Neck Pain|98/100 tox|[from] item: Leftovers
|-damage|p2a: Neck Pain|91/100 tox|[from] psn
|upkeep
|turn|10
|
|t:|1758374388
|switch|p1a: Zapdos|Zapdos|100/100
|move|p2a: Neck Pain|Earthquake|p1a: Zapdos
|-immune|p1a: Zapdos
|
|-heal|p2a: Neck Pain|98/100 tox|[from] item: Leftovers
|-damage|p2a: Neck Pain|85/100 tox|[from] psn
|upkeep
|turn|11
|
|t:|1758374397
|move|p1a: Zapdos|Hurricane|p2a: Neck Pain
|-damage|p2a: Neck Pain|59/100 tox
|move|p2a: Neck Pain|Ruination|p1a: Zapdos
|-damage|p1a: Zapdos|50/100
|
|-heal|p1a: Zapdos|57/100|[from] item: Leftovers
|-heal|p2a: Neck Pain|66/100 tox|[from] item: Leftovers
|-damage|p2a: Neck Pain|47/100 tox|[from] psn
|upkeep
|turn|12
|inactive|jsd717 has 120 seconds left.
|
|t:|1758374409
|switch|p2a: I go where she go|Gholdengo|100/100
|move|p1a: Zapdos|Hurricane|p2a: I go where she go
|-resisted|p2a: I go where she go
|-damage|p2a: I go where she go|68/100
|
|-heal|p1a: Zapdos|63/100|[from] item: Leftovers
|upkeep
|turn|13
|inactive|jsd717 has 120 seconds left.
|
|t:|1758374427
|move|p1a: Zapdos|Heat Wave|p2a: I go where she go|[miss]
|-miss|p1a: Zapdos|p2a: I go where she go
|move|p2a: I go where she go|Make It Rain|p1a: Zapdos
|-resisted|p1a: Zapdos
|-damage|p1a: Zapdos|14/100
|-unboost|p2a: I go where she go|spa|1
|
|-heal|p1a: Zapdos|20/100|[from] item: Leftovers
|upkeep
|turn|14
|
|t:|1758374456
|move|p1a: Zapdos|Roost|p1a: Zapdos
|-heal|p1a: Zapdos|70/100
|-singleturn|p1a: Zapdos|move: Roost
|move|p2a: I go where she go|Recover|p2a: I go where she go
|-heal|p2a: I go where she go|100/100
|
|-heal|p1a: Zapdos|76/100|[from] item: Leftovers
|upkeep
|turn|15
|
|t:|1758374467
|switch|p2a: Neck Pain|Ting-Lu, shiny|47/100 tox
|-ability|p2a: Neck Pain|Vessel of Ruin
|move|p1a: Zapdos|Heat Wave|p2a: Neck Pain
|-damage|p2a: Neck Pain|32/100 tox
|
|-heal|p1a: Zapdos|83/100|[from] item: Leftovers
|-heal|p2a: Neck Pain|38/100 tox|[from] item: Leftovers
|-damage|p2a: Neck Pain|32/100 tox|[from] psn
|upkeep
|turn|16
|
|t:|1758374481
|move|p1a: Zapdos|Hurricane|p2a: Neck Pain
|-damage|p2a: Neck Pain|9/100 tox
|move|p2a: Neck Pain|Spikes|p1a: Zapdos
|-sidestart|p1: sudks|Spikes
|
|-heal|p1a: Zapdos|89/100|[from] item: Leftovers
|-heal|p2a: Neck Pain|15/100 tox|[from] item: Leftovers
|-damage|p2a: Neck Pain|2/100 tox|[from] psn
|upkeep
|turn|17
|j| wgw2333
|
|t:|1758374492
|move|p1a: Zapdos|Hurricane|p2a: Neck Pain|[miss]
|-miss|p1a: Zapdos|p2a: Neck Pain
|move|p2a: Neck Pain|Spikes|p1a: Zapdos
|-sidestart|p1: sudks|Spikes
|
|-heal|p1a: Zapdos|95/100|[from] item: Leftovers
|-heal|p2a: Neck Pain|9/100 tox|[from] item: Leftovers
|-damage|p2a: Neck Pain|0 fnt|[from] psn
|faint|p2a: Neck Pain
|upkeep
|inactive|jsd717 has 90 seconds left.
|
|t:|1758374526
|switch|p2a: Smile and Wave|Dragonite, M|100/100
|turn|18
|
|t:|1758374535
|move|p1a: Zapdos|Volt Switch|p2a: Smile and Wave
|-damage|p2a: Smile and Wave|81/100
|
|t:|1758374548
|switch|p1a: Great Tusk|Great Tusk|62/100|[from] Volt Switch
|-damage|p1a: Great Tusk|38/100|[from] Spikes
|move|p2a: Smile and Wave|Ice Spinner|p1a: Great Tusk
|-supereffective|p1a: Great Tusk
|-damage|p1a: Great Tusk|0 fnt
|faint|p1a: Great Tusk
|-end|p1a: Great Tusk|Protosynthesis|[silent]
|
|upkeep
|j| ryyyrrt
|
|t:|1758374564
|switch|p1a: Zapdos|Zapdos|95/100
|turn|19
|inactive|jsd717 has 90 seconds left.
|
|t:|1758374580
|move|p2a: Smile and Wave|Extreme Speed|p1a: Zapdos
|-damage|p1a: Zapdos|55/100
|move|p1a: Zapdos|Volt Switch|p2a: Smile and Wave
|-damage|p2a: Smile and Wave|38/100
|
|t:|1758374587
|switch|p1a: Gholdengo|Gholdengo|100/100|[from] Volt Switch
|-damage|p1a: Gholdengo|75/100|[from] Spikes
|
|-heal|p1a: Gholdengo|82/100|[from] item: Leftovers
|upkeep
|turn|20
|inactive|jsd717 has 90 seconds left.
|
|t:|1758374603
|move|p2a: Smile and Wave|Earthquake|p1a: Gholdengo
|-supereffective|p1a: Gholdengo
|-damage|p1a: Gholdengo|2/100
|move|p1a: Gholdengo|Shadow Ball|p2a: Smile and Wave
|-damage|p2a: Smile and Wave|0 fnt
|faint|p2a: Smile and Wave
|
|-heal|p1a: Gholdengo|8/100|[from] item: Leftovers
|upkeep
|
|t:|1758374618
|switch|p2a: Rajah|Quaquaval, F|100/100
|turn|21
|
|t:|1758374647
|switch|p1a: Zapdos|Zapdos|55/100
|move|p2a: Rajah|Aqua Step|p1a: Zapdos
|-damage|p1a: Zapdos|6/100
|-boost|p2a: Rajah|spe|1
|-status|p2a: Rajah|par|[from] ability: Static|[of] p1a: Zapdos
|
|-heal|p1a: Zapdos|12/100|[from] item: Leftovers
|upkeep
|turn|22
|j| tarkovsoldier
|inactive|jsd717 has 90 seconds left.
|
|t:|1758374659
|-terastallize|p2a: Rajah|Steel
|move|p1a: Zapdos|Hurricane|p2a: Rajah
|-resisted|p2a: Rajah
|-damage|p2a: Rajah|56/100 par
|move|p2a: Rajah|Aqua Step|p1a: Zapdos
|-damage|p1a: Zapdos|0 fnt
|-boost|p2a: Rajah|spe|1
|faint|p1a: Zapdos
|-ability|p2a: Rajah|Moxie|boost
|-boost|p2a: Rajah|atk|1
|
|upkeep
|inactive|sudks has 120 seconds left.
|
|t:|1758374675
|switch|p1a: Kyurem|Kyurem|100/100
|-damage|p1a: Kyurem|76/100|[from] Spikes
|-ability|p1a: Kyurem|Pressure
|turn|23
|inactive|sudks has 120 seconds left.
|
|t:|1758374696
|move|p1a: Kyurem|Earth Power|p2a: Rajah
|-supereffective|p2a: Rajah
|-damage|p2a: Rajah|0 fnt
|faint|p2a: Rajah
|
|upkeep
|j| Qiiiii
|
|t:|1758374702
|switch|p2a: OG|Scizor, M|100/100
|turn|24
|
|t:|1758374715
|switch|p1a: Toxapex|Toxapex, F|89/100
|-damage|p1a: Toxapex|64/100|[from] Spikes
|move|p2a: OG|U-turn|p1a: Toxapex
|-resisted|p1a: Toxapex
|-damage|p1a: Toxapex|47/100
|-damage|p2a: OG|84/100|[from] item: Rocky Helmet|[of] p1a: Toxapex
|
|t:|1758374723
|switch|p2a: I go where she go|Gholdengo|100/100|[from] U-turn
|
|upkeep
|turn|25
|
|t:|1758374732
|switch|p1a: Kingambit|Kingambit, F|61/100 brn
|-damage|p1a: Kingambit|36/100 brn|[from] Spikes
|-activate|p1a: Kingambit|ability: Supreme Overlord
|-start|p1a: Kingambit|fallen2|[silent]
|move|p2a: I go where she go|Thunderbolt|p1a: Kingambit
|-damage|p1a: Kingambit|5/100 brn
|
|-damage|p1a: Kingambit|0 fnt|[from] brn
|faint|p1a: Kingambit
|-end|p1a: Kingambit|fallen2|[silent]
|upkeep
|inactive|sudks has 120 seconds left.
|
|t:|1758374743
|switch|p1a: Kyurem|Kyurem|76/100
|-damage|p1a: Kyurem|51/100|[from] Spikes
|-ability|p1a: Kyurem|Pressure
|turn|26
|inactive|jsd717 has 120 seconds left.
|inactive|sudks has 120 seconds left.
|
|t:|1758374772
|switch|p2a: Tea Ceremony|Sinistcha|100/100
|-status|p2a: Tea Ceremony|tox
|move|p1a: Kyurem|Earth Power|p2a: Tea Ceremony
|-resisted|p2a: Tea Ceremony
|-damage|p2a: Tea Ceremony|81/100 tox
|
|-damage|p2a: Tea Ceremony|75/100 tox|[from] psn
|upkeep
|turn|27
|inactive|sudks has 120 seconds left.
|
|t:|1758374797
|switch|p1a: Toxapex|Toxapex, F|80/100
|-damage|p1a: Toxapex|55/100|[from] Spikes
|move|p2a: Tea Ceremony|Matcha Gotcha|p1a: Toxapex
|-damage|p1a: Toxapex|26/100
|-heal|p2a: Tea Ceremony|87/100 tox|[from] drain|[of] p1a: Toxapex
|
|-damage|p2a: Tea Ceremony|75/100 tox|[from] psn
|upkeep
|turn|28
|j| Jinghan Yu
|l| Jinghan Yu
|l| tarkovsoldier
|inactive|sudks has 90 seconds left.
|inactive|jsd717 has 90 seconds left.
|
|t:|1758374826
|move|p2a: Tea Ceremony|Matcha Gotcha|p1a: Toxapex
|-damage|p1a: Toxapex|0 fnt
|-heal|p2a: Tea Ceremony|86/100 tox|[from] drain|[of] p1a: Toxapex
|faint|p1a: Toxapex
|
|-damage|p2a: Tea Ceremony|68/100 tox|[from] psn
|upkeep
|
|t:|1758374838
|switch|p1a: Gholdengo|Gholdengo|8/100
|-damage|p1a: Gholdengo|0 fnt|[from] Spikes
|faint|p1a: Gholdengo
|
|t:|1758374844
|switch|p1a: Kyurem|Kyurem|51/100
|-damage|p1a: Kyurem|26/100|[from] Spikes
|-ability|p1a: Kyurem|Pressure
|turn|29
|
|t:|1758374851
|move|p1a: Kyurem|Freeze-Dry|p2a: Tea Ceremony
|-supereffective|p2a: Tea Ceremony
|-damage|p2a: Tea Ceremony|0 fnt
|faint|p2a: Tea Ceremony
|
|upkeep
|
|t:|1758374855
|switch|p2a: OG|Scizor, M|84/100
|turn|30
|-message|sudks forfeited.
|
|win|jsd717
|raw|sudks's rating: 1568 &rarr; <strong>1546</strong><br />(-22 for losing)
|raw|jsd717's rating: 1540 &rarr; <strong>1562</strong><br />(+22 for winning)
|l|‽sudks
|player|p1|
|c|☆jsd717|gg
|l|☆jsd717
|player|p2|
|l| Qiiiii
