|j|☆Baconator15
|j|☆Javidre
|t:|1758354941
|gametype|singles
|player|p1|Baconator15|red|1177
|player|p2|Javidre|richboy-gen4|1173
|gen|9
|tier|[Gen 9] OU
|rated|
|rule|HP Percentage Mod: HP is shown in percentages
|rule|Endless Battle Clause: Forcing endless battles is banned
|rule|Species Clause: Limit one of each Pokémon
|rule|OHKO Clause: OHKO moves are banned
|rule|Evasion Items Clause: Evasion items are banned
|rule|Evasion Moves Clause: Evasion moves are banned
|rule|Evasion Abilities Clause: Evasion abilities are banned
|rule|Sleep Moves Clause: Sleep-inducing moves are banned
|clearpoke
|poke|p1|Quaquaval, M|
|poke|p1|Pelipper, M|
|poke|p1|Okidogi, M|
|poke|p1|Garchomp, F|
|poke|p1|Wo-Chien|
|poke|p1|Jolteon, M|
|poke|p2|Cloyster, M|
|poke|p2|Greedent, M|
|poke|p2|Mabosstiff, M|
|poke|p2|Scovillain, F|
|poke|p2|Toedscruel, F|
|poke|p2|Garganacl, M|
|teampreview
|l|☆Baconator15
|player|p1|
|inactive|Battle timer is ON: inactive players will automatically lose when time's up. (requested by Javidre)
|j|☆Baconator15
|inactive|Baconator15 reconnected and has 125 seconds left.
|player|p1|Baconator15|red|
|inactive|Javidre has 120 seconds left.
|
|t:|1758355045
|teamsize|p1|6
|teamsize|p2|6
|start
|switch|p1a: Pelipper|Pelipper, M, shiny|100/100
|switch|p2a: Cloyster|Cloyster, M|100/100
|-weather|RainDance|[from] ability: Drizzle|[of] p1a: Pelipper
|turn|1
|
|t:|1758355056
|move|p2a: Cloyster|Shell Smash|p2a: Cloyster
|-unboost|p2a: Cloyster|def|1
|-unboost|p2a: Cloyster|spd|1
|-boost|p2a: Cloyster|atk|2
|-boost|p2a: Cloyster|spa|2
|-boost|p2a: Cloyster|spe|2
|-enditem|p2a: Cloyster|White Herb
|-clearnegativeboost|p2a: Cloyster|[silent]
|move|p1a: Pelipper|Hurricane|p2a: Cloyster
|-damage|p2a: Cloyster|1/100
|
|-weather|RainDance|[upkeep]
|upkeep
|turn|2
|
|t:|1758355077
|move|p2a: Cloyster|Icicle Spear|p1a: Pelipper
|-damage|p1a: Pelipper|83/100
|-damage|p1a: Pelipper|67/100
|-damage|p1a: Pelipper|50/100
|-damage|p1a: Pelipper|35/100
|-damage|p1a: Pelipper|18/100
|-hitcount|p1a: Pelipper|5
|move|p1a: Pelipper|U-turn|p2a: Cloyster
|-damage|p2a: Cloyster|0 fnt
|faint|p2a: Cloyster
|
|t:|1758355082
|switch|p1a: Quaquaval|Quaquaval, M|100/100|[from] U-turn
|
|-weather|RainDance|[upkeep]
|upkeep
|inactive|Javidre has 120 seconds left.
|
|t:|1758355106
|switch|p2a: Toedscruel|Toedscruel, F|100/100
|turn|3
|
|t:|1758355117
|move|p1a: Quaquaval|Ice Spinner|p2a: Toedscruel
|-supereffective|p2a: Toedscruel
|-damage|p2a: Toedscruel|0 fnt
|faint|p2a: Toedscruel
|-ability|p1a: Quaquaval|Moxie|boost
|-boost|p1a: Quaquaval|atk|1
|-damage|p1a: Quaquaval|91/100|[from] item: Life Orb
|
|-weather|RainDance|[upkeep]
|upkeep
|inactive|Javidre has 120 seconds left.
|
|t:|1758355140
|switch|p2a: Garganacl|Garganacl, M|100/100
|turn|4
|
|t:|1758355158
|-terastallize|p2a: Garganacl|Water
|move|p1a: Quaquaval|Aqua Step|p2a: Garganacl
|-resisted|p2a: Garganacl
|-damage|p2a: Garganacl|62/100
|-boost|p1a: Quaquaval|spe|1
|-damage|p1a: Quaquaval|81/100|[from] item: Life Orb
|move|p2a: Garganacl|Salt Cure|p1a: Quaquaval
|-resisted|p1a: Quaquaval
|-damage|p1a: Quaquaval|71/100
|-start|p1a: Quaquaval|Salt Cure
|
|-weather|RainDance|[upkeep]
|-heal|p2a: Garganacl|68/100|[from] item: Leftovers
|-damage|p1a: Quaquaval|46/100|[from] Salt Cure
|upkeep
|turn|5
|inactive|Javidre has 120 seconds left.
|
|t:|1758355172
|-terastallize|p1a: Quaquaval|Water
|move|p2a: Garganacl|Protect|p2a: Garganacl
|-singleturn|p2a: Garganacl|Protect
|move|p1a: Quaquaval|Aqua Step|p2a: Garganacl
|-activate|p2a: Garganacl|move: Protect
|
|-weather|RainDance|[upkeep]
|-heal|p2a: Garganacl|74/100|[from] item: Leftovers
|-damage|p1a: Quaquaval|21/100|[from] Salt Cure
|upkeep
|turn|6
|inactive|Javidre has 120 seconds left.
|
|t:|1758355181
|move|p1a: Quaquaval|Aqua Step|p2a: Garganacl
|-resisted|p2a: Garganacl
|-damage|p2a: Garganacl|28/100
|-boost|p1a: Quaquaval|spe|1
|-damage|p1a: Quaquaval|11/100|[from] item: Life Orb
|move|p2a: Garganacl|Recover|p2a: Garganacl
|-heal|p2a: Garganacl|78/100
|
|-weather|RainDance|[upkeep]
|-heal|p2a: Garganacl|84/100|[from] item: Leftovers
|-damage|p1a: Quaquaval|0 fnt|[from] Salt Cure
|faint|p1a: Quaquaval
|upkeep
|
|t:|1758355188
|switch|p1a: Pelipper|Pelipper, M, shiny|18/100
|turn|7
|
|t:|1758355193
|move|p1a: Pelipper|Hydro Pump|p2a: Garganacl
|-resisted|p2a: Garganacl
|-damage|p2a: Garganacl|67/100
|move|p2a: Garganacl|Stealth Rock|p1a: Pelipper
|-sidestart|p1: Baconator15|move: Stealth Rock
|
|-weather|RainDance|[upkeep]
|-heal|p2a: Garganacl|73/100|[from] item: Leftovers
|upkeep
|turn|8
|
|t:|1758355200
|move|p1a: Pelipper|U-turn|p2a: Garganacl
|-damage|p2a: Garganacl|67/100
|
|t:|1758355224
|switch|p1a: Okidogi|Okidogi, M|100/100|[from] U-turn
|-damage|p1a: Okidogi|94/100|[from] Stealth Rock
|move|p2a: Garganacl|Salt Cure|p1a: Okidogi
|-resisted|p1a: Okidogi
|-damage|p1a: Okidogi|90/100
|-start|p1a: Okidogi|Salt Cure
|
|-weather|none
|-heal|p1a: Okidogi|96/100|[from] item: Leftovers
|-heal|p2a: Garganacl|73/100|[from] item: Leftovers
|-damage|p1a: Okidogi|83/100|[from] Salt Cure
|upkeep
|turn|9
|
|t:|1758355247
|switch|p1a: Wo-Chien|Wo-Chien|100/100
|-damage|p1a: Wo-Chien|88/100|[from] Stealth Rock
|-ability|p1a: Wo-Chien|Tablets of Ruin
|move|p2a: Garganacl|Protect||[still]
|-fail|p2a: Garganacl
|
|-heal|p1a: Wo-Chien|94/100|[from] item: Leftovers
|-heal|p2a: Garganacl|79/100|[from] item: Leftovers
|upkeep
|turn|10
|
|t:|1758355262
|switch|p2a: Scovillain|Scovillain, F|100/100
|move|p1a: Wo-Chien|Ruination|p2a: Scovillain
|-damage|p2a: Scovillain|50/100
|
|-heal|p1a: Wo-Chien|100/100|[from] item: Leftovers
|upkeep
|turn|11
|inactive|Javidre has 120 seconds left.
|
|t:|1758355308
|switch|p1a: Pelipper|Pelipper, M, shiny|18/100
|-damage|p1a: Pelipper|0 fnt|[from] Stealth Rock
|faint|p1a: Pelipper
|move|p2a: Scovillain|Flamethrower|p1: Pelipper|[notarget]
|-fail|p2a: Scovillain
|
|upkeep
|inactive|Baconator15 has 120 seconds left.
|
|t:|1758355335
|switch|p1a: Garchomp|Garchomp, F|100/100
|-damage|p1a: Garchomp|94/100|[from] Stealth Rock
|turn|12
|
|t:|1758355339
|move|p2a: Scovillain|Will-O-Wisp|p1a: Garchomp|[miss]
|-miss|p2a: Scovillain|p1a: Garchomp
|move|p1a: Garchomp|Earthquake|p2a: Scovillain
|-damage|p2a: Scovillain|0 fnt
|faint|p2a: Scovillain
|
|upkeep
|
|t:|1758355357
|switch|p2a: Greedent|Greedent, M|100/100
|turn|13
|
|t:|1758355379
|move|p1a: Garchomp|Stealth Rock|p2a: Greedent
|-sidestart|p2: Javidre|move: Stealth Rock
|move|p2a: Greedent|Curse|p2a: Greedent
|-unboost|p2a: Greedent|spe|1
|-boost|p2a: Greedent|atk|1
|-boost|p2a: Greedent|def|1
|
|upkeep
|turn|14
|
|t:|1758355388
|move|p2a: Greedent|Curse|p2a: Greedent
|-unboost|p2a: Greedent|spe|1
|-boost|p2a: Greedent|atk|1
|-boost|p2a: Greedent|def|1
|move|p1a: Garchomp|Dragon Tail|p2a: Greedent
|-damage|p2a: Greedent|89/100
|drag|p2a: Garganacl|Garganacl, M, tera:Water|79/100
|-damage|p2a: Garganacl|67/100|[from] Stealth Rock
|
|-heal|p2a: Garganacl|73/100|[from] item: Leftovers
|upkeep
|turn|15
|inactive|Javidre has 120 seconds left.
|
|t:|1758355412
|move|p2a: Garganacl|Salt Cure|p1a: Garchomp
|-resisted|p1a: Garchomp
|-damage|p1a: Garchomp|90/100
|-start|p1a: Garchomp|Salt Cure
|move|p1a: Garchomp|Dragon Tail|p2a: Garganacl
|-damage|p2a: Garganacl|56/100
|drag|p2a: Mabosstiff|Mabosstiff, M|100/100
|-damage|p2a: Mabosstiff|88/100|[from] Stealth Rock
|
|-damage|p1a: Garchomp|78/100|[from] Salt Cure
|upkeep
|turn|16
|inactive|Javidre has 120 seconds left.
|
|t:|1758355424
|move|p2a: Mabosstiff|Play Rough|p1a: Garchomp
|-supereffective|p1a: Garchomp
|-damage|p1a: Garchomp|29/100
|-damage|p2a: Mabosstiff|76/100|[from] ability: Rough Skin|[of] p1a: Garchomp
|-damage|p2a: Mabosstiff|59/100|[from] item: Rocky Helmet|[of] p1a: Garchomp
|-damage|p2a: Mabosstiff|49/100|[from] item: Life Orb
|move|p1a: Garchomp|Spikes|p2a: Mabosstiff
|-sidestart|p2: Javidre|Spikes
|
|-damage|p1a: Garchomp|16/100|[from] Salt Cure
|upkeep
|turn|17
|inactive|Javidre has 120 seconds left.
|
|t:|1758355451
|switch|p1a: Okidogi|Okidogi, M|83/100
|-damage|p1a: Okidogi|77/100|[from] Stealth Rock
|move|p2a: Mabosstiff|Play Rough|p1a: Okidogi
|-damage|p1a: Okidogi|14/100
|-damage|p2a: Mabosstiff|39/100|[from] item: Life Orb
|
|-heal|p1a: Okidogi|20/100|[from] item: Leftovers
|upkeep
|turn|18
|inactive|Javidre has 90 seconds left.
|
|t:|1758355474
|move|p2a: Mabosstiff|Play Rough|p1a: Okidogi
|-damage|p1a: Okidogi|0 fnt
|faint|p1a: Okidogi
|-damage|p2a: Mabosstiff|29/100|[from] item: Life Orb
|
|upkeep
|
|t:|1758355478
|switch|p1a: Jolteon|Jolteon, M, shiny|100/100
|turn|19
|
|t:|1758355489
|move|p1a: Jolteon|Thunderbolt|p2a: Mabosstiff
|-crit|p2a: Mabosstiff
|-damage|p2a: Mabosstiff|0 fnt
|faint|p2a: Mabosstiff
|
|upkeep
|
|t:|1758355491
|switch|p2a: Greedent|Greedent, M|89/100
|-damage|p2a: Greedent|76/100|[from] Stealth Rock
|-damage|p2a: Greedent|64/100|[from] Spikes
|turn|20
|
|t:|1758355502
|move|p1a: Jolteon|Thunderbolt|p2a: Greedent
|-damage|p2a: Greedent|24/100
|-status|p2a: Greedent|par
|-enditem|p2a: Greedent|Sitrus Berry|[eat]
|-heal|p2a: Greedent|49/100 par|[from] item: Sitrus Berry
|-heal|p2a: Greedent|82/100 par|[from] ability: Cheek Pouch
|move|p2a: Greedent|Earthquake|p1a: Jolteon
|-supereffective|p1a: Jolteon
|-damage|p1a: Jolteon|0 fnt
|faint|p1a: Jolteon
|
|upkeep
|
|t:|1758355515
|switch|p1a: Wo-Chien|Wo-Chien|100/100
|-damage|p1a: Wo-Chien|88/100|[from] Stealth Rock
|-ability|p1a: Wo-Chien|Tablets of Ruin
|turn|21
|
|t:|1758355530
|move|p1a: Wo-Chien|Ruination|p2a: Greedent
|-damage|p2a: Greedent|41/100 par
|move|p2a: Greedent|Body Slam|p1a: Wo-Chien
|-damage|p1a: Wo-Chien|61/100
|
|-heal|p1a: Wo-Chien|67/100|[from] item: Leftovers
|upkeep
|turn|22
|
|t:|1758355545
|move|p1a: Wo-Chien|Leech Seed|p2a: Greedent
|-start|p2a: Greedent|move: Leech Seed
|cant|p2a: Greedent|par
|
|-heal|p1a: Wo-Chien|73/100|[from] item: Leftovers
|-damage|p2a: Greedent|29/100 par|[from] Leech Seed|[of] p1a: Wo-Chien
|-heal|p1a: Wo-Chien|88/100|[silent]
|upkeep
|turn|23
|
|t:|1758355552
|switch|p2a: Garganacl|Garganacl, M, tera:Water|56/100
|-damage|p2a: Garganacl|43/100|[from] Stealth Rock
|-damage|p2a: Garganacl|31/100|[from] Spikes
|move|p1a: Wo-Chien|Giga Drain|p2a: Garganacl
|-supereffective|p2a: Garganacl
|-damage|p2a: Garganacl|0 fnt
|-heal|p1a: Wo-Chien|100/100|[from] drain|[of] p2a: Garganacl
|faint|p2a: Garganacl
|
|upkeep
|
|t:|1758355556
|switch|p2a: Greedent|Greedent, M|29/100 par
|-damage|p2a: Greedent|17/100 par|[from] Stealth Rock
|-damage|p2a: Greedent|4/100 par|[from] Spikes
|turn|24
|
|t:|1758355559
|move|p1a: Wo-Chien|Giga Drain|p2a: Greedent
|-damage|p2a: Greedent|0 fnt
|faint|p2a: Greedent
|
|win|Baconator15
|raw|Baconator15's rating: 1177 &rarr; <strong>1202</strong><br />(+25 for winning)
|raw|Javidre's rating: 1173 &rarr; <strong>1148</strong><br />(-25 for losing)
|l|☆Baconator15
|player|p1|
|l|☆Javidre
|player|p2|
