|j|☆Papagayo32
|j|☆burrito_theinferno
|t:|1758322692
|gametype|singles
|player|p1|Papagayo32|youngster-gen4dp|1152
|player|p2|burrito_theinferno|1|1204
|gen|9
|tier|[Gen 9] OU
|rated|
|rule|HP Percentage Mod: HP is shown in percentages
|rule|Endless Battle Clause: Forcing endless battles is banned
|rule|Species Clause: Limit one of each Pokémon
|rule|OHKO Clause: OHKO moves are banned
|rule|Evasion Items Clause: Evasion items are banned
|rule|Evasion Moves Clause: Evasion moves are banned
|rule|Evasion Abilities Clause: Evasion abilities are banned
|rule|Sleep Moves Clause: Sleep-inducing moves are banned
|clearpoke
|poke|p1|Dragapult, F|
|poke|p1|Slowbro, M|
|poke|p1|Samurott-Hisui, M|
|poke|p1|Gliscor, M|
|poke|p1|Great Tusk|
|poke|p1|Weezing-Galar, M|
|poke|p2|Komala, F|
|poke|p2|Garchomp, M|
|poke|p2|Swalot, M|
|poke|p2|Espeon, F|
|poke|p2|Dragonite, F|
|poke|p2|Blaziken, F|
|teampreview
|inactive|Battle timer is ON: inactive players will automatically lose when time's up. (requested by burrito_theinferno)
|
|t:|1758322702
|teamsize|p1|6
|teamsize|p2|6
|start
|switch|p1a: Great Tusk|Great Tusk|100/100
|switch|p2a: Komala|Komala, F|100/100
|-ability|p2a: Komala|Comatose
|turn|1
|
|t:|1758322713
|switch|p2a: Garchomp|Garchomp, M|100/100
|move|p1a: Great Tusk|Knock Off|p2a: Garchomp
|-damage|p2a: Garchomp|78/100
|-damage|p1a: Great Tusk|88/100|[from] ability: Rough Skin|[of] p2a: Garchomp
|-damage|p1a: Great Tusk|71/100|[from] item: Rocky Helmet|[of] p2a: Garchomp
|-enditem|p2a: Garchomp|Rocky Helmet|[from] move: Knock Off|[of] p1a: Great Tusk
|
|upkeep
|turn|2
|
|t:|1758322723
|move|p2a: Garchomp|Scale Shot|p1a: Great Tusk
|-damage|p1a: Great Tusk|65/100
|-damage|p1a: Great Tusk|58/100
|-damage|p1a: Great Tusk|51/100
|-damage|p1a: Great Tusk|45/100
|-hitcount|p1a: Great Tusk|4
|-unboost|p2a: Garchomp|def|1
|-boost|p2a: Garchomp|spe|1
|move|p1a: Great Tusk|Ice Spinner|p2a: Garchomp
|-supereffective|p2a: Garchomp
|-damage|p2a: Garchomp|0 fnt
|-damage|p1a: Great Tusk|33/100|[from] ability: Rough Skin|[of] p2a: Garchomp
|faint|p2a: Garchomp
|
|upkeep
|
|t:|1758322742
|switch|p2a: Blaziken|Blaziken, F|100/100
|turn|3
|
|t:|1758322747
|move|p2a: Blaziken|Close Combat|p1a: Great Tusk
|-damage|p1a: Great Tusk|0 fnt
|-unboost|p2a: Blaziken|def|1
|-unboost|p2a: Blaziken|spd|1
|faint|p1a: Great Tusk
|-end|p1a: Great Tusk|Protosynthesis|[silent]
|-damage|p2a: Blaziken|91/100|[from] item: Life Orb
|
|-ability|p2a: Blaziken|Speed Boost|boost
|-boost|p2a: Blaziken|spe|1
|upkeep
|
|t:|1758322751
|switch|p1a: Slowbro|Slowbro, M|100/100
|turn|4
|
|t:|1758322754
|move|p2a: Blaziken|Thunder Punch|p1a: Slowbro
|-supereffective|p1a: Slowbro
|-damage|p1a: Slowbro|43/100
|-damage|p2a: Blaziken|81/100|[from] item: Life Orb
|move|p1a: Slowbro|Scald|p2a: Blaziken
|-supereffective|p2a: Blaziken
|-damage|p2a: Blaziken|0 fnt
|faint|p2a: Blaziken
|
|upkeep
|
|t:|1758322763
|switch|p2a: Dragonite|Dragonite, F|100/100
|turn|5
|
|t:|1758322773
|move|p2a: Dragonite|Dragon Dance|p2a: Dragonite
|-boost|p2a: Dragonite|atk|1
|-boost|p2a: Dragonite|spe|1
|move|p1a: Slowbro|Icy Wind|p2a: Dragonite
|-supereffective|p2a: Dragonite
|-damage|p2a: Dragonite|75/100
|-unboost|p2a: Dragonite|spe|1
|-enditem|p2a: Dragonite|Weakness Policy
|-boost|p2a: Dragonite|atk|2|[from] item: Weakness Policy
|-boost|p2a: Dragonite|spa|2|[from] item: Weakness Policy
|
|upkeep
|turn|6
|
|t:|1758322784
|move|p2a: Dragonite|Dragon Claw|p1a: Slowbro
|-damage|p1a: Slowbro|0 fnt
|faint|p1a: Slowbro
|
|upkeep
|
|t:|1758322802
|switch|p1a: Dragapult|Dragapult, F|100/100
|turn|7
|
|t:|1758322810
|-terastallize|p2a: Dragonite|Fire
|move|p1a: Dragapult|Draco Meteor|p2a: Dragonite
|-damage|p2a: Dragonite|20/100
|-unboost|p1a: Dragapult|spa|2
|move|p2a: Dragonite|Dragon Claw|p1a: Dragapult
|-supereffective|p1a: Dragapult
|-damage|p1a: Dragapult|0 fnt
|faint|p1a: Dragapult
|
|upkeep
|
|t:|1758322826
|switch|p1a: Samurott|Samurott-Hisui, M|100/100
|turn|8
|
|t:|1758322843
|move|p2a: Dragonite|Extreme Speed|p1a: Samurott
|-damage|p1a: Samurott|3/100
|move|p1a: Samurott|Aqua Jet|p2a: Dragonite
|-supereffective|p2a: Dragonite
|-damage|p2a: Dragonite|0 fnt
|faint|p2a: Dragonite
|
|upkeep
|
|t:|1758322852
|switch|p2a: Komala|Komala, F|100/100
|-ability|p2a: Komala|Comatose
|turn|9
|
|t:|1758322855
|move|p1a: Samurott|Ceaseless Edge|p2a: Komala
|-damage|p2a: Komala|20/100
|-sidestart|p2: burrito_theinferno|Spikes
|move|p2a: Komala|Rapid Spin|p1a: Samurott
|-damage|p1a: Samurott|0 fnt
|-boost|p2a: Komala|spe|1
|-sideend|p2: burrito_theinferno|Spikes|[from] move: Rapid Spin|[of] p2a: Komala
|faint|p1a: Samurott
|
|-heal|p2a: Komala|26/100|[from] item: Leftovers
|upkeep
|
|t:|1758322861
|switch|p1a: Gliscor|Gliscor, M|100/100
|turn|10
|
|t:|1758322864
|move|p2a: Komala|Ice Spinner|p1a: Gliscor
|-supereffective|p1a: Gliscor
|-damage|p1a: Gliscor|41/100
|move|p1a: Gliscor|Earthquake|p2a: Komala
|-damage|p2a: Komala|0 fnt
|faint|p2a: Komala
|
|-status|p1a: Gliscor|tox|[from] item: Toxic Orb
|upkeep
|
|t:|1758322872
|switch|p2a: Espeon|Espeon, F|100/100
|turn|11
|inactive|Papagayo32 has 120 seconds left.
|
|t:|1758322904
|move|p2a: Espeon|Psyshock|p1a: Gliscor
|-damage|p1a: Gliscor|12/100 tox
|move|p1a: Gliscor|Knock Off|p2a: Espeon
|-supereffective|p2a: Espeon
|-damage|p2a: Espeon|25/100
|-enditem|p2a: Espeon|Choice Scarf|[from] move: Knock Off|[of] p1a: Gliscor
|
|-heal|p1a: Gliscor|25/100 tox|[from] ability: Poison Heal
|upkeep
|turn|12
|
|t:|1758322916
|move|p2a: Espeon|Psyshock|p1a: Gliscor
|-damage|p1a: Gliscor|0 fnt
|faint|p1a: Gliscor
|
|upkeep
|
|t:|1758322931
|switch|p1a: Weezing|Weezing-Galar, M|100/100
|-ability|p1a: Weezing|Neutralizing Gas
|turn|13
|
|t:|1758322936
|-terastallize|p1a: Weezing|Ground
|move|p2a: Espeon|Psyshock|p1a: Weezing
|-damage|p1a: Weezing|48/100
|move|p1a: Weezing|Tera Blast|p2a: Espeon|[anim] Tera Blast Ground
|-damage|p2a: Espeon|0 fnt
|faint|p2a: Espeon
|
|upkeep
|
|t:|1758322943
|switch|p2a: Swalot|Swalot, M|100/100
|turn|14
|
|t:|1758322949
|move|p1a: Weezing|Tera Blast|p2a: Swalot|[anim] Tera Blast Ground
|-supereffective|p2a: Swalot
|-damage|p2a: Swalot|5/100
|-enditem|p2a: Swalot|Starf Berry|[eat]
|-boost|p2a: Swalot|atk|2|[from] item: Starf Berry
|move|p2a: Swalot|Stuff Cheeks||[still]
|-fail|p2a: Swalot
|
|upkeep
|turn|15
|inactive|Papagayo32 has 120 seconds left.
|-message|burrito_theinferno forfeited.
|
|win|Papagayo32
|raw|Papagayo32's rating: 1125 &rarr; <strong>1156</strong><br />(+31 for winning)
|raw|burrito_theinferno's rating: 1204 &rarr; <strong>1173</strong><br />(-31 for losing)
|l|☆burrito_theinferno
|player|p2|
|l|☆Papagayo32
|player|p1|
