|j|☆Aimsss
|j|☆beegocto
|t:|1758341983
|gametype|singles
|player|p1|Aimsss|policeman-gen4|1371
|player|p2|beegocto|101|1446
|gen|9
|tier|[Gen 9] OU
|rated|
|rule|HP Percentage Mod: HP is shown in percentages
|rule|Endless Battle Clause: Forcing endless battles is banned
|rule|Species Clause: Limit one of each Pokémon
|rule|OHKO Clause: OHKO moves are banned
|rule|Evasion Items Clause: Evasion items are banned
|rule|Evasion Moves Clause: Evasion moves are banned
|rule|Evasion Abilities Clause: Evasion abilities are banned
|rule|Sleep Moves Clause: Sleep-inducing moves are banned
|clearpoke
|poke|p1|Dragapult, F|
|poke|p1|Kingambit, M|
|poke|p1|Hawlucha, F|
|poke|p1|Glimmora, F|
|poke|p1|Chesnaught, F|
|poke|p1|Gallade, M|
|poke|p2|Landorus-Therian, M|
|poke|p2|Samurott-Hisui, F|
|poke|p2|Scizor, F|
|poke|p2|Zamazenta-*|
|poke|p2|Dragapult, F|
|poke|p2|Slowking-Galar, M|
|teampreview
|inactive|Battle timer is ON: inactive players will automatically lose when time's up. (requested by beegocto)
|
|t:|1758341994
|teamsize|p1|6
|teamsize|p2|6
|start
|switch|p1a: Chesnaught|Chesnaught, F|100/100
|switch|p2a: Landorus|Landorus-Therian, M|100/100
|-ability|p2a: Landorus|Intimidate|boost
|-unboost|p1a: Chesnaught|atk|1
|turn|1
|inactive|Aimsss has 120 seconds left.
|
|t:|1758342048
|move|p2a: Landorus|Stealth Rock|p1a: Chesnaught
|-sidestart|p1: Aimsss|move: Stealth Rock
|move|p1a: Chesnaught|Knock Off|p2a: Landorus
|-damage|p2a: Landorus|86/100
|-damage|p1a: Chesnaught|84/100|[from] item: Rocky Helmet|[of] p2a: Landorus
|-enditem|p2a: Landorus|Rocky Helmet|[from] move: Knock Off|[of] p1a: Chesnaught
|
|upkeep
|turn|2
|
|t:|1758342057
|move|p2a: Landorus|U-turn|p1a: Chesnaught
|-damage|p1a: Chesnaught|69/100
|
|t:|1758342060
|switch|p2a: Samurott|Samurott-Hisui, F|100/100|[from] U-turn
|move|p1a: Chesnaught|Belly Drum|p1a: Chesnaught
|-damage|p1a: Chesnaught|19/100
|-setboost|p1a: Chesnaught|atk|6|[from] move: Belly Drum
|-enditem|p1a: Chesnaught|Sitrus Berry|[eat]
|-heal|p1a: Chesnaught|44/100|[from] item: Sitrus Berry
|
|upkeep
|turn|3
|
|t:|1758342070
|switch|p2a: Landorus|Landorus-Therian, M|86/100
|-ability|p2a: Landorus|Intimidate|boost
|-unboost|p1a: Chesnaught|atk|1
|move|p1a: Chesnaught|Drain Punch|p2a: Landorus
|-resisted|p2a: Landorus
|-damage|p2a: Landorus|38/100
|-heal|p1a: Chesnaught|68/100|[from] drain|[of] p2a: Landorus
|
|upkeep
|turn|4
|
|t:|1758342081
|move|p2a: Landorus|U-turn|p1a: Chesnaught
|-damage|p1a: Chesnaught|54/100
|
|t:|1758342083
|switch|p2a: Dragapult|Dragapult, F|100/100|[from] U-turn
|move|p1a: Chesnaught|Knock Off|p2a: Dragapult
|-supereffective|p2a: Dragapult
|-damage|p2a: Dragapult|0 fnt
|-enditem|p2a: Dragapult|Choice Specs|[from] move: Knock Off|[of] p1a: Chesnaught
|faint|p2a: Dragapult
|
|upkeep
|
|t:|1758342095
|switch|p2a: Landorus|Landorus-Therian, M|38/100
|-ability|p2a: Landorus|Intimidate|boost
|-unboost|p1a: Chesnaught|atk|1
|turn|5
|
|t:|1758342099
|move|p2a: Landorus|U-turn|p1a: Chesnaught
|-damage|p1a: Chesnaught|37/100
|
|t:|1758342101
|switch|p2a: Zamazenta|Zamazenta|100/100|[from] U-turn
|-ability|p2a: Zamazenta|Dauntless Shield|boost
|-boost|p2a: Zamazenta|def|1
|move|p1a: Chesnaught|Leech Seed|p2a: Zamazenta
|-start|p2a: Zamazenta|move: Leech Seed
|
|-damage|p2a: Zamazenta|88/100|[from] Leech Seed|[of] p1a: Chesnaught
|-heal|p1a: Chesnaught|49/100|[silent]
|upkeep
|turn|6
|
|t:|1758342111
|move|p2a: Zamazenta|Body Press|p1a: Chesnaught
|-damage|p1a: Chesnaught|7/100
|move|p1a: Chesnaught|Knock Off|p2a: Zamazenta
|-resisted|p2a: Zamazenta
|-damage|p2a: Zamazenta|71/100
|-enditem|p2a: Zamazenta|Leftovers|[from] move: Knock Off|[of] p1a: Chesnaught
|
|-damage|p2a: Zamazenta|59/100|[from] Leech Seed|[of] p1a: Chesnaught
|-heal|p1a: Chesnaught|19/100|[silent]
|upkeep
|turn|7
|
|t:|1758342121
|move|p2a: Zamazenta|Body Press|p1a: Chesnaught
|-damage|p1a: Chesnaught|0 fnt
|faint|p1a: Chesnaught
|
|upkeep
|
|t:|1758342129
|switch|p1a: Glimmora|Glimmora, F|100/100
|-damage|p1a: Glimmora|88/100|[from] Stealth Rock
|-item|p1a: Glimmora|Air Balloon
|turn|8
|
|t:|1758342141
|switch|p2a: Samurott|Samurott-Hisui, F|100/100
|move|p1a: Glimmora|Stealth Rock|p2a: Samurott
|-sidestart|p2: beegocto|move: Stealth Rock
|
|upkeep
|turn|9
|
|t:|1758342148
|move|p2a: Samurott|Ceaseless Edge|p1a: Glimmora
|-damage|p1a: Glimmora|32/100
|-activate|p1a: Glimmora|ability: Toxic Debris
|-sidestart|p2: beegocto|move: Toxic Spikes
|-enditem|p1a: Glimmora|Air Balloon
|-sidestart|p1: Aimsss|Spikes
|move|p1a: Glimmora|Mortal Spin|p2a: Samurott
|-damage|p2a: Samurott|94/100
|-status|p2a: Samurott|psn
|-sideend|p1: Aimsss|Spikes|[from] move: Mortal Spin|[of] p1a: Glimmora
|-sideend|p1: Aimsss|Stealth Rock|[from] move: Mortal Spin|[of] p1a: Glimmora
|
|-damage|p2a: Samurott|82/100 psn|[from] psn
|upkeep
|turn|10
|
|t:|1758342162
|move|p2a: Samurott|Ceaseless Edge|p1a: Glimmora|[miss]
|-miss|p2a: Samurott|p1a: Glimmora
|move|p1a: Glimmora|Energy Ball|p2a: Samurott
|-supereffective|p2a: Samurott
|-damage|p2a: Samurott|25/100 psn
|-unboost|p2a: Samurott|spd|1
|
|-damage|p2a: Samurott|13/100 psn|[from] psn
|upkeep
|turn|11
|
|t:|1758342173
|move|p2a: Samurott|Ceaseless Edge|p1a: Glimmora
|-crit|p1a: Glimmora
|-damage|p1a: Glimmora|0 fnt
|-activate|p1a: Glimmora|ability: Toxic Debris
|-sidestart|p2: beegocto|move: Toxic Spikes
|-sidestart|p1: Aimsss|Spikes
|faint|p1a: Glimmora
|
|-damage|p2a: Samurott|0 fnt|[from] psn
|faint|p2a: Samurott
|upkeep
|
|t:|1758342192
|switch|p2a: Slowking|Slowking-Galar, M|100/100
|switch|p1a: Kingambit|Kingambit, M|100/100
|-damage|p1a: Kingambit|88/100|[from] Spikes
|-sideend|p2: beegocto|move: Toxic Spikes|[of] p2a: Slowking
|turn|12
|
|t:|1758342203
|move|p1a: Kingambit|Substitute|p1a: Kingambit
|-start|p1a: Kingambit|Substitute
|-damage|p1a: Kingambit|63/100
|-prepare|p2a: Slowking|Chilly Reception|[premajor]
|move|p2a: Slowking|Chilly Reception|p2a: Slowking
|-weather|Snowscape
|
|t:|1758342204
|switch|p2a: Zamazenta|Zamazenta|59/100|[from] Chilly Reception
|-damage|p2a: Zamazenta|53/100|[from] Stealth Rock
|
|-weather|Snowscape|[upkeep]
|upkeep
|turn|13
|
|t:|1758342214
|move|p1a: Kingambit|Iron Head|p2a: Zamazenta
|-damage|p2a: Zamazenta|22/100
|move|p2a: Zamazenta|Roar|p1a: Kingambit
|drag|p1a: Gallade|Gallade, M, shiny|100/100
|-damage|p1a: Gallade|88/100|[from] Spikes
|
|-weather|Snowscape|[upkeep]
|upkeep
|turn|14
|
|t:|1758342225
|switch|p2a: Landorus|Landorus-Therian, M|38/100
|-damage|p2a: Landorus|26/100|[from] Stealth Rock
|-ability|p2a: Landorus|Intimidate|boost
|-unboost|p1a: Gallade|atk|1
|move|p1a: Gallade|Psycho Cut|p2a: Landorus
|-damage|p2a: Landorus|0 fnt
|faint|p2a: Landorus
|
|-weather|Snowscape|[upkeep]
|upkeep
|
|t:|1758342229
|switch|p2a: Scizor|Scizor, F|100/100
|turn|15
|
|t:|1758342237
|move|p1a: Gallade|Sacred Sword|p2a: Scizor
|-damage|p2a: Scizor|40/100
|move|p2a: Scizor|Swords Dance|p2a: Scizor
|-boost|p2a: Scizor|atk|2
|
|-weather|Snowscape|[upkeep]
|upkeep
|turn|16
|
|t:|1758342245
|move|p2a: Scizor|Bullet Punch|p1a: Gallade
|-damage|p1a: Gallade|0 fnt
|faint|p1a: Gallade
|
|-weather|none
|upkeep
|
|t:|1758342252
|switch|p1a: Dragapult|Dragapult, F|100/100
|turn|17
|
|t:|1758342256
|-terastallize|p1a: Dragapult|Fighting
|-terastallize|p2a: Scizor|Steel
|move|p2a: Scizor|Bullet Punch|p1a: Dragapult
|-damage|p1a: Dragapult|0 fnt
|faint|p1a: Dragapult
|
|upkeep
|
|t:|1758342264
|switch|p1a: Kingambit|Kingambit, M|63/100
|-damage|p1a: Kingambit|51/100|[from] Spikes
|turn|18
|
|t:|1758342269
|move|p2a: Scizor|Bullet Punch|p1a: Kingambit
|-resisted|p1a: Kingambit
|-damage|p1a: Kingambit|17/100
|move|p1a: Kingambit|Iron Head|p2a: Scizor
|-resisted|p2a: Scizor
|-damage|p2a: Scizor|9/100
|
|upkeep
|turn|19
|
|t:|1758342276
|move|p2a: Scizor|Bullet Punch|p1a: Kingambit
|-resisted|p1a: Kingambit
|-damage|p1a: Kingambit|0 fnt
|faint|p1a: Kingambit
|
|upkeep
|
|t:|1758342281
|switch|p1a: Hawlucha|Hawlucha, F|100/100
|turn|20
|
|t:|1758342284
|move|p2a: Scizor|Bullet Punch|p1a: Hawlucha
|-damage|p1a: Hawlucha|0 fnt
|faint|p1a: Hawlucha
|
|win|beegocto
|raw|Aimsss's rating: 1371 &rarr; <strong>1355</strong><br />(-16 for losing)
|raw|beegocto's rating: 1446 &rarr; <strong>1462</strong><br />(+16 for winning)
|l|☆Aimsss
|player|p1|
|l|☆beegocto
|player|p2|
