|j|☆Mur de Huy
|j|☆20120414x
|t:|1758288266
|gametype|singles
|player|p1|Mur de Huy|cyclist|1138
|player|p2|20120414x|winona|1090
|gen|9
|tier|[Gen 9] OU
|rated|
|rule|HP Percentage Mod: HP is shown in percentages
|rule|Endless Battle Clause: Forcing endless battles is banned
|rule|Species Clause: Limit one of each Pokémon
|rule|OHKO Clause: OHKO moves are banned
|rule|Evasion Items Clause: Evasion items are banned
|rule|Evasion Moves Clause: Evasion moves are banned
|rule|Evasion Abilities Clause: Evasion abilities are banned
|rule|Sleep Moves Clause: Sleep-inducing moves are banned
|clearpoke
|poke|p1|Iron Crown|
|poke|p1|Samurott-Hisui, M|
|poke|p1|Zapdos|
|poke|p1|Dragapult, M|
|poke|p1|Great Tusk|
|poke|p1|Iron Boulder|
|poke|p2|Zamazenta-*|
|poke|p2|Great Tusk|
|poke|p2|Quaquaval, M|
|poke|p2|Cobalion|
|teampreview
|inactive|Battle timer is ON: inactive players will automatically lose when time's up. (requested by Mur de Huy)
|
|t:|1758288286
|teamsize|p1|6
|teamsize|p2|4
|start
|switch|p1a: Iron Boulder|Iron Boulder|100/100
|switch|p2a: Zamazenta|Zamazenta|100/100
|-ability|p2a: Zamazenta|Dauntless Shield|boost
|-boost|p2a: Zamazenta|def|1
|-enditem|p1a: Iron Boulder|Booster Energy
|-activate|p1a: Iron Boulder|ability: Quark Drive|[fromitem]
|-start|p1a: Iron Boulder|quarkdrivespe
|turn|1
|
|t:|1758288298
|move|p1a: Iron Boulder|Swords Dance|p1a: Iron Boulder
|-boost|p1a: Iron Boulder|atk|2
|move|p2a: Zamazenta|Iron Defense|p2a: Zamazenta
|-boost|p2a: Zamazenta|def|2
|
|upkeep
|turn|2
|
|t:|1758288318
|move|p1a: Iron Boulder|Zen Headbutt|p2a: Zamazenta
|-supereffective|p2a: Zamazenta
|-damage|p2a: Zamazenta|60/100
|-damage|p1a: Iron Boulder|84/100|[from] item: Rocky Helmet|[of] p2a: Zamazenta
|move|p2a: Zamazenta|Iron Defense|p2a: Zamazenta
|-boost|p2a: Zamazenta|def|2
|
|upkeep
|turn|3
|
|t:|1758288329
|-end|p1a: Iron Boulder|Quark Drive|[silent]
|switch|p1a: Zapdos|Zapdos|100/100
|move|p2a: Zamazenta|Body Press|p1a: Zapdos
|-resisted|p1a: Zapdos
|-damage|p1a: Zapdos|51/100
|
|upkeep
|turn|4
|
|t:|1758288342
|move|p2a: Zamazenta|Substitute|p2a: Zamazenta
|-start|p2a: Zamazenta|Substitute
|-damage|p2a: Zamazenta|35/100
|move|p1a: Zapdos|Hurricane|p2a: Zamazenta
|-supereffective|p2a: Zamazenta
|-end|p2a: Zamazenta|Substitute
|
|upkeep
|turn|5
|
|t:|1758288351
|move|p2a: Zamazenta|Body Press|p1a: Zapdos
|-resisted|p1a: Zapdos
|-damage|p1a: Zapdos|0 fnt
|faint|p1a: Zapdos
|
|upkeep
|
|t:|1758288373
|switch|p1a: Iron Boulder|Iron Boulder|84/100
|turn|6
|
|t:|1758288382
|-terastallize|p2a: Zamazenta|Steel
|move|p1a: Iron Boulder|Zen Headbutt|p2a: Zamazenta
|-resisted|p2a: Zamazenta
|-damage|p2a: Zamazenta|31/100
|-damage|p1a: Iron Boulder|67/100|[from] item: Rocky Helmet|[of] p2a: Zamazenta
|move|p2a: Zamazenta|Body Press|p1a: Iron Boulder
|-damage|p1a: Iron Boulder|0 fnt
|faint|p1a: Iron Boulder
|-end|p1a: Iron Boulder|Quark Drive|[silent]
|
|upkeep
|
|t:|1758288400
|switch|p1a: Samurott|Samurott-Hisui, M|100/100
|turn|7
|
|t:|1758288411
|move|p1a: Samurott|Sacred Sword|p2a: Zamazenta
|-supereffective|p2a: Zamazenta
|-damage|p2a: Zamazenta|0 fnt
|-damage|p1a: Samurott|84/100|[from] item: Rocky Helmet|[of] p2a: Zamazenta
|faint|p2a: Zamazenta
|
|upkeep
|
|t:|1758288421
|switch|p2a: Cobalion|Cobalion|100/100
|turn|8
|
|t:|1758288432
|switch|p1a: Great Tusk|Great Tusk|100/100
|move|p2a: Cobalion|Stealth Rock|p1a: Great Tusk
|-sidestart|p1: Mur de Huy|move: Stealth Rock
|
|upkeep
|turn|9
|
|t:|1758288443
|move|p1a: Great Tusk|Rapid Spin|p2a: Cobalion
|-resisted|p2a: Cobalion
|-damage|p2a: Cobalion|95/100
|-boost|p1a: Great Tusk|spe|1
|-damage|p1a: Great Tusk|84/100|[from] item: Rocky Helmet|[of] p2a: Cobalion
|-sideend|p1: Mur de Huy|Stealth Rock|[from] move: Rapid Spin|[of] p1a: Great Tusk
|move|p2a: Cobalion|Steel Beam|p1a: Great Tusk
|-damage|p1a: Great Tusk|1/100
|-damage|p2a: Cobalion|45/100|[from] steelbeam
|
|upkeep
|turn|10
|
|t:|1758288457
|move|p2a: Cobalion|Vacuum Wave|p1a: Great Tusk
|-damage|p1a: Great Tusk|0 fnt
|faint|p1a: Great Tusk
|-end|p1a: Great Tusk|Protosynthesis|[silent]
|
|upkeep
|
|t:|1758288466
|switch|p1a: Iron Crown|Iron Crown|100/100
|turn|11
|
|t:|1758288474
|move|p1a: Iron Crown|Psyshock|p2a: Cobalion
|-damage|p2a: Cobalion|8/100
|move|p2a: Cobalion|Taunt|p1a: Iron Crown
|-start|p1a: Iron Crown|move: Taunt
|
|upkeep
|turn|12
|
|t:|1758288482
|move|p2a: Cobalion|Vacuum Wave|p1a: Iron Crown
|-damage|p1a: Iron Crown|84/100
|move|p1a: Iron Crown|Psyshock|p2a: Cobalion
|-damage|p2a: Cobalion|0 fnt
|faint|p2a: Cobalion
|
|upkeep
|
|t:|1758288500
|switch|p2a: Great Tusk|Great Tusk|100/100
|-enditem|p2a: Great Tusk|Booster Energy
|-activate|p2a: Great Tusk|ability: Protosynthesis|[fromitem]
|-start|p2a: Great Tusk|protosynthesisatk
|turn|13
|
|t:|1758288510
|move|p1a: Iron Crown|Psyshock|p2a: Great Tusk
|-supereffective|p2a: Great Tusk
|-damage|p2a: Great Tusk|8/100
|move|p2a: Great Tusk|Rapid Spin|p1a: Iron Crown
|-resisted|p1a: Iron Crown
|-damage|p1a: Iron Crown|71/100
|-boost|p2a: Great Tusk|spe|1
|
|upkeep
|turn|14
|
|t:|1758288522
|move|p2a: Great Tusk|Headlong Rush|p1a: Iron Crown
|-supereffective|p1a: Iron Crown
|-damage|p1a: Iron Crown|0 fnt
|-unboost|p2a: Great Tusk|def|1
|-unboost|p2a: Great Tusk|spd|1
|faint|p1a: Iron Crown
|-end|p1a: Iron Crown|Quark Drive|[silent]
|
|upkeep
|
|t:|1758288536
|switch|p1a: Dragapult|Dragapult, M|100/100
|turn|15
|
|t:|1758288543
|move|p1a: Dragapult|Sucker Punch|p2a: Great Tusk
|-resisted|p2a: Great Tusk
|-damage|p2a: Great Tusk|0 fnt
|faint|p2a: Great Tusk
|-end|p2a: Great Tusk|Protosynthesis|[silent]
|
|upkeep
|
|t:|1758288548
|switch|p2a: Quaquaval|Quaquaval, M|100/100
|turn|16
|
|t:|1758288555
|switch|p1a: Samurott|Samurott-Hisui, M|84/100
|move|p2a: Quaquaval|Triple Axel|p1a: Samurott
|-resisted|p1a: Samurott
|-damage|p1a: Samurott|79/100
|-resisted|p1a: Samurott
|-damage|p1a: Samurott|70/100
|-resisted|p1a: Samurott
|-damage|p1a: Samurott|56/100
|-hitcount|p1a: Samurott|3
|
|upkeep
|turn|17
|
|t:|1758288574
|-terastallize|p1a: Samurott|Poison
|move|p1a: Samurott|Sacred Sword|p2a: Quaquaval
|-damage|p2a: Quaquaval|48/100
|move|p2a: Quaquaval|Aqua Step|p1a: Samurott
|-damage|p1a: Samurott|0 fnt
|-boost|p2a: Quaquaval|spe|1
|faint|p1a: Samurott
|-ability|p2a: Quaquaval|Moxie|boost
|-boost|p2a: Quaquaval|atk|1
|
|upkeep
|
|t:|1758288588
|switch|p1a: Dragapult|Dragapult, M|100/100
|turn|18
|
|t:|1758288593
|move|p1a: Dragapult|Dragon Darts|p2a: Quaquaval
|-damage|p2a: Quaquaval|0 fnt
|faint|p2a: Quaquaval
|
|win|Mur de Huy
|raw|Mur de Huy's rating: 1138 &rarr; <strong>1160</strong><br />(+22 for winning)
|raw|20120414x's rating: 1090 &rarr; <strong>1070</strong><br />(-20 for losing)
|l|☆Mur de Huy
|player|p1|
|l|☆20120414x
|player|p2|
