|j|☆martial wolf
|j|☆Oreoinabox
|t:|1758379244
|gametype|singles
|player|p1|martial wolf|2|1419
|player|p2|Oreoinabox|266|1381
|gen|9
|tier|[Gen 9] OU
|rated|
|rule|HP Percentage Mod: HP is shown in percentages
|rule|Endless Battle Clause: Forcing endless battles is banned
|rule|Species Clause: Limit one of each Pokémon
|rule|OHKO Clause: OHKO moves are banned
|rule|Evasion Items Clause: Evasion items are banned
|rule|Evasion Moves Clause: Evasion moves are banned
|rule|Evasion Abilities Clause: Evasion abilities are banned
|rule|Sleep Moves Clause: Sleep-inducing moves are banned
|clearpoke
|poke|p1|Cinderace, M|
|poke|p1|Zapdos|
|poke|p1|Iron Valiant|
|poke|p1|Kingambit, M|
|poke|p1|Great Tusk|
|poke|p1|Latios, M|
|poke|p2|Iron Thorns|
|poke|p2|Araquanid, M|
|poke|p2|Iron Moth|
|poke|p2|Corviknight, M|
|poke|p2|Great Tusk|
|poke|p2|Meowscarada, F|
|teampreview
|inactive|Battle timer is ON: inactive players will automatically lose when time's up. (requested by martial wolf)
|
|t:|1758379253
|teamsize|p1|6
|teamsize|p2|6
|start
|switch|p1a: Zapdos|Zapdos|100/100
|switch|p2a: Iron Thorns|Iron Thorns|100/100
|-enditem|p2a: Iron Thorns|Booster Energy
|-activate|p2a: Iron Thorns|ability: Quark Drive|[fromitem]
|-start|p2a: Iron Thorns|quarkdriveatk
|turn|1
|
|t:|1758379272
|move|p2a: Iron Thorns|Dragon Dance|p2a: Iron Thorns
|-boost|p2a: Iron Thorns|atk|1
|-boost|p2a: Iron Thorns|spe|1
|move|p1a: Zapdos|Volt Switch|p2a: Iron Thorns
|-resisted|p2a: Iron Thorns
|-damage|p2a: Iron Thorns|80/100
|
|t:|1758379276
|switch|p1a: Great Tusk|Great Tusk|100/100|[from] Volt Switch
|
|upkeep
|turn|2
|
|t:|1758379286
|-terastallize|p2a: Iron Thorns|Flying
|move|p2a: Iron Thorns|Ice Punch|p1a: Great Tusk
|-supereffective|p1a: Great Tusk
|-damage|p1a: Great Tusk|31/100
|move|p1a: Great Tusk|Headlong Rush|p2a: Iron Thorns
|-immune|p2a: Iron Thorns
|
|upkeep
|turn|3
|
|t:|1758379296
|-terastallize|p1a: Great Tusk|Water
|move|p2a: Iron Thorns|Dragon Dance|p2a: Iron Thorns
|-boost|p2a: Iron Thorns|atk|1
|-boost|p2a: Iron Thorns|spe|1
|move|p1a: Great Tusk|Ice Spinner|p2a: Iron Thorns
|-supereffective|p2a: Iron Thorns
|-damage|p2a: Iron Thorns|22/100
|
|upkeep
|turn|4
|
|t:|1758379308
|-end|p1a: Great Tusk|Protosynthesis|[silent]
|switch|p1a: Zapdos|Zapdos|100/100
|move|p2a: Iron Thorns|Earthquake|p1a: Zapdos
|-immune|p1a: Zapdos
|
|upkeep
|turn|5
|
|t:|1758379316
|move|p2a: Iron Thorns|Supercell Slam|p1a: Zapdos
|-damage|p1a: Zapdos|0 fnt
|faint|p1a: Zapdos
|
|upkeep
|
|t:|1758379320
|switch|p1a: Cinderace|Cinderace, M|100/100
|turn|6
|
|t:|1758379324
|move|p1a: Cinderace|Sucker Punch|p2a: Iron Thorns
|-start|p1a: Cinderace|typechange|Dark|[from] ability: Libero
|-damage|p2a: Iron Thorns|0 fnt
|faint|p2a: Iron Thorns
|-end|p2a: Iron Thorns|Quark Drive|[silent]
|
|upkeep
|
|t:|1758379327
|switch|p2a: Meowscarada|Meowscarada, F|100/100
|turn|7
|
|t:|1758379331
|move|p2a: Meowscarada|U-turn|p1a: Cinderace
|-start|p2a: Meowscarada|typechange|Bug|[from] ability: Protean
|-supereffective|p1a: Cinderace
|-damage|p1a: Cinderace|0 fnt
|faint|p1a: Cinderace
|
|t:|1758379336
|switch|p2a: Corviknight|Corviknight, M|100/100|[from] U-turn
|-ability|p2a: Corviknight|Pressure
|
|upkeep
|
|t:|1758379340
|switch|p1a: Iron Valiant|Iron Valiant|100/100
|turn|8
|
|t:|1758379342
|move|p1a: Iron Valiant|Thunderbolt|p2a: Corviknight
|-supereffective|p2a: Corviknight
|-damage|p2a: Corviknight|39/100
|-damage|p1a: Iron Valiant|91/100|[from] item: Life Orb
|move|p2a: Corviknight|Brave Bird|p1a: Iron Valiant
|-supereffective|p1a: Iron Valiant
|-damage|p1a: Iron Valiant|0 fnt
|faint|p1a: Iron Valiant
|-end|p1a: Iron Valiant|Quark Drive|[silent]
|-damage|p2a: Corviknight|17/100|[from] Recoil
|
|upkeep
|
|t:|1758379353
|switch|p1a: Great Tusk|Great Tusk, tera:Water|31/100
|turn|9
|
|t:|1758379355
|move|p1a: Great Tusk|Knock Off|p2a: Corviknight
|-damage|p2a: Corviknight|0 fnt
|-damage|p1a: Great Tusk|14/100|[from] item: Rocky Helmet|[of] p2a: Corviknight
|-enditem|p2a: Corviknight|Rocky Helmet|[from] move: Knock Off|[of] p1a: Great Tusk
|faint|p2a: Corviknight
|
|upkeep
|
|t:|1758379362
|switch|p2a: Meowscarada|Meowscarada, F|100/100
|turn|10
|
|t:|1758379365
|move|p2a: Meowscarada|U-turn|p1a: Great Tusk
|-start|p2a: Meowscarada|typechange|Bug|[from] ability: Protean
|-damage|p1a: Great Tusk|0 fnt
|faint|p1a: Great Tusk
|-end|p1a: Great Tusk|Protosynthesis|[silent]
|
|t:|1758379369
|switch|p2a: Araquanid|Araquanid, M|100/100|[from] U-turn
|
|upkeep
|
|t:|1758379373
|switch|p1a: Latios|Latios, M|100/100
|turn|11
|
|t:|1758379377
|move|p1a: Latios|Luster Purge|p2a: Araquanid
|-damage|p2a: Araquanid|58/100
|-unboost|p2a: Araquanid|spd|1
|move|p2a: Araquanid|Mirror Coat|p1a: Latios
|-damage|p1a: Latios|5/100
|
|upkeep
|turn|12
|
|t:|1758379385
|switch|p2a: Meowscarada|Meowscarada, F|100/100
|move|p1a: Latios|Luster Purge|p2a: Meowscarada
|-immune|p2a: Meowscarada
|
|upkeep
|turn|13
|
|t:|1758379388
|move|p2a: Meowscarada|U-turn|p1a: Latios
|-start|p2a: Meowscarada|typechange|Bug|[from] ability: Protean
|-supereffective|p1a: Latios
|-damage|p1a: Latios|0 fnt
|faint|p1a: Latios
|
|t:|1758379390
|switch|p2a: Great Tusk|Great Tusk|100/100|[from] U-turn
|
|upkeep
|
|t:|1758379392
|switch|p1a: Kingambit|Kingambit, M|100/100
|-activate|p1a: Kingambit|ability: Supreme Overlord
|-start|p1a: Kingambit|fallen5|[silent]
|-item|p1a: Kingambit|Air Balloon
|turn|14
|
|t:|1758379395
|move|p2a: Great Tusk|Close Combat|p1a: Kingambit
|-supereffective|p1a: Kingambit
|-damage|p1a: Kingambit|0 fnt
|-unboost|p2a: Great Tusk|def|1
|-unboost|p2a: Great Tusk|spd|1
|-enditem|p1a: Kingambit|Air Balloon
|faint|p1a: Kingambit
|-end|p1a: Kingambit|fallen5|[silent]
|
|win|Oreoinabox
|raw|martial wolf's rating: 1419 &rarr; <strong>1397</strong><br />(-22 for losing)
|raw|Oreoinabox's rating: 1381 &rarr; <strong>1403</strong><br />(+22 for winning)
|l|☆Oreoinabox
|player|p2|
|l|☆martial wolf
|player|p1|
