|j|☆GFYSYDAR
|j|☆gfkgfg
|t:|1758239228
|gametype|singles
|player|p1|GFYSYDAR|scientist-gen4dp|1104
|player|p2|gfkgfg|170|1131
|gen|9
|tier|[Gen 9] OU
|rated|
|rule|HP Percentage Mod: HP is shown in percentages
|rule|Endless Battle Clause: Forcing endless battles is banned
|rule|Species Clause: Limit one of each Pokémon
|rule|OHKO Clause: OHKO moves are banned
|rule|Evasion Items Clause: Evasion items are banned
|rule|Evasion Moves Clause: Evasion moves are banned
|rule|Evasion Abilities Clause: Evasion abilities are banned
|rule|Sleep Moves Clause: Sleep-inducing moves are banned
|clearpoke
|poke|p1|Electrode-Hisui|
|poke|p1|Gallade, M|
|poke|p1|Slowking-Galar, F|
|poke|p1|Alomomola, F|
|poke|p1|Great Tusk|
|poke|p1|Landorus-Therian, M|
|poke|p2|Ceruledge, F|
|poke|p2|Enamorus, F|
|poke|p2|Scizor, F|
|poke|p2|Clefable, M|
|poke|p2|Glimmora, F|
|poke|p2|Gholdengo|
|teampreview
|
|t:|1758239238
|teamsize|p1|6
|teamsize|p2|6
|start
|switch|p1a: Slowking|Slowking-Galar, F|100/100
|switch|p2a: Scizor|Scizor, F|100/100
|turn|1
|inactive|Battle timer is ON: inactive players will automatically lose when time's up. (requested by GFYSYDAR)
|
|t:|1758239248
|switch|p1a: Alomomola|Alomomola, F, shiny|100/100
|move|p2a: Scizor|Knock Off|p1a: Alomomola
|-damage|p1a: Alomomola|78/100
|-enditem|p1a: Alomomola|Heavy-Duty Boots|[from] move: Knock Off|[of] p2a: Scizor
|-damage|p2a: Scizor|91/100|[from] item: Life Orb
|
|upkeep
|turn|2
|
|t:|1758239256
|move|p2a: Scizor|Swords Dance|p2a: Scizor
|-boost|p2a: Scizor|atk|2
|move|p1a: Alomomola|Flip Turn|p2a: Scizor
|-damage|p2a: Scizor|71/100
|
|t:|1758239263
|switch|p1a: Great Tusk|Great Tusk|100/100|[from] Flip Turn
|
|upkeep
|turn|3
|
|t:|1758239274
|move|p1a: Great Tusk|Headlong Rush|p2a: Scizor
|-damage|p2a: Scizor|0 fnt
|-unboost|p1a: Great Tusk|def|1
|-unboost|p1a: Great Tusk|spd|1
|faint|p2a: Scizor
|
|upkeep
|
|t:|1758239280
|switch|p2a: Ceruledge|Ceruledge, F|100/100
|turn|4
|
|t:|1758239288
|-end|p1a: Great Tusk|Protosynthesis|[silent]
|switch|p1a: Landorus|Landorus-Therian, M|100/100
|-ability|p1a: Landorus|Intimidate|boost
|-unboost|p2a: Ceruledge|atk|1
|move|p2a: Ceruledge|Swords Dance|p2a: Ceruledge
|-boost|p2a: Ceruledge|atk|2
|
|upkeep
|turn|5
|
|t:|1758239300
|move|p2a: Ceruledge|Bitter Blade|p1a: Landorus
|-damage|p1a: Landorus|50/100
|-damage|p2a: Ceruledge|84/100|[from] item: Rocky Helmet|[of] p1a: Landorus
|move|p1a: Landorus|Taunt|p2a: Ceruledge
|-start|p2a: Ceruledge|move: Taunt
|
|upkeep
|turn|6
|
|t:|1758239310
|-terastallize|p1a: Landorus|Water
|move|p2a: Ceruledge|Bitter Blade|p1a: Landorus
|-resisted|p1a: Landorus
|-damage|p1a: Landorus|25/100
|-heal|p2a: Ceruledge|99/100|[from] drain|[of] p1a: Landorus
|-damage|p2a: Ceruledge|84/100|[from] item: Rocky Helmet|[of] p1a: Landorus
|move|p1a: Landorus|Earthquake|p2a: Ceruledge
|-supereffective|p2a: Ceruledge
|-damage|p2a: Ceruledge|0 fnt
|faint|p2a: Ceruledge
|
|upkeep
|
|t:|1758239322
|switch|p2a: Enamorus|Enamorus, F|100/100
|turn|7
|
|t:|1758239327
|switch|p1a: Slowking|Slowking-Galar, F|100/100
|move|p2a: Enamorus|Draining Kiss|p1a: Slowking
|-resisted|p1a: Slowking
|-damage|p1a: Slowking|94/100
|
|upkeep
|turn|8
|
|t:|1758239337
|move|p2a: Enamorus|Substitute|p2a: Enamorus
|-start|p2a: Enamorus|Substitute
|-damage|p2a: Enamorus|75/100
|move|p1a: Slowking|Future Sight|p2a: Enamorus
|-start|p1a: Slowking|move: Future Sight
|
|upkeep
|turn|9
|
|t:|1758239343
|move|p2a: Enamorus|Earth Power|p1a: Slowking
|-supereffective|p1a: Slowking
|-damage|p1a: Slowking|62/100
|move|p1a: Slowking|Sludge Bomb|p2a: Enamorus
|-supereffective|p2a: Enamorus
|-end|p2a: Enamorus|Substitute
|
|upkeep
|turn|10
|
|t:|1758239350
|move|p2a: Enamorus|Earth Power|p1a: Slowking
|-supereffective|p1a: Slowking
|-damage|p1a: Slowking|19/100
|-prepare|p1a: Slowking|Chilly Reception|[premajor]
|move|p1a: Slowking|Chilly Reception|p1a: Slowking
|-weather|Snowscape
|
|t:|1758239358
|switch|p1a: Electrode|Electrode-Hisui, shiny|100/100|[from] Chilly Reception
|
|-weather|Snowscape|[upkeep]
|-end|p2a: Enamorus|move: Future Sight
|-damage|p2a: Enamorus|17/100
|upkeep
|turn|11
|
|t:|1758239366
|move|p1a: Electrode|Volt Switch|p2a: Enamorus
|-supereffective|p2a: Enamorus
|-damage|p2a: Enamorus|0 fnt
|faint|p2a: Enamorus
|
|t:|1758239375
|switch|p1a: Gallade|Gallade, M, shiny|100/100|[from] Volt Switch
|
|-weather|Snowscape|[upkeep]
|upkeep
|
|t:|1758239380
|switch|p2a: Gholdengo|Gholdengo|100/100
|turn|12
|
|t:|1758239386
|move|p1a: Gallade|Knock Off|p2a: Gholdengo
|-supereffective|p2a: Gholdengo
|-damage|p2a: Gholdengo|4/100
|-enditem|p2a: Gholdengo|Weakness Policy
|-boost|p2a: Gholdengo|atk|2|[from] item: Weakness Policy
|-boost|p2a: Gholdengo|spa|2|[from] item: Weakness Policy
|move|p2a: Gholdengo|Shadow Ball|p1a: Gallade
|-supereffective|p1a: Gallade
|-damage|p1a: Gallade|0 fnt
|faint|p1a: Gallade
|
|-weather|Snowscape|[upkeep]
|upkeep
|c|☆GFYSYDAR|Tf is that set
|
|t:|1758239412
|switch|p1a: Electrode|Electrode-Hisui, shiny|100/100
|turn|13
|c|☆gfkgfg|yeah i dont know why im using this lol
|c|☆GFYSYDAR|Fair
|c|☆gfkgfg|at least something worked
|
|t:|1758239440
|move|p1a: Electrode|Volt Switch|p2a: Gholdengo
|-damage|p2a: Gholdengo|0 fnt
|faint|p2a: Gholdengo
|
|t:|1758239448
|switch|p1a: Slowking|Slowking-Galar, F|52/100|[from] Volt Switch
|
|-weather|Snowscape|[upkeep]
|upkeep
|
|t:|1758239454
|switch|p2a: Clefable|Clefable, M|100/100
|turn|14
|
|t:|1758239458
|move|p2a: Clefable|Thunder Wave|p1a: Slowking
|-status|p1a: Slowking|par
|move|p1a: Slowking|Toxic|p2a: Clefable
|-status|p2a: Clefable|tox
|
|-weather|none
|-damage|p2a: Clefable|94/100 tox|[from] psn
|upkeep
|turn|15
|
|t:|1758239472
|-terastallize|p2a: Clefable|Fairy
|move|p2a: Clefable|Draining Kiss|p1a: Slowking
|-resisted|p1a: Slowking
|-damage|p1a: Slowking|45/100 par
|-heal|p2a: Clefable|99/100 tox|[from] drain|[of] p1a: Slowking
|-prepare|p1a: Slowking|Chilly Reception|[premajor]
|cant|p1a: Slowking|par
|
|-heal|p2a: Clefable|100/100 tox|[from] item: Leftovers
|-damage|p2a: Clefable|88/100 tox|[from] psn
|upkeep
|turn|16
|c|☆GFYSYDAR|Gg
|
|t:|1758239486
|move|p2a: Clefable|Draining Kiss|p1a: Slowking
|-resisted|p1a: Slowking
|-damage|p1a: Slowking|37/100 par
|-heal|p2a: Clefable|94/100 tox|[from] drain|[of] p1a: Slowking
|move|p1a: Slowking|Sludge Bomb|p2a: Clefable
|-supereffective|p2a: Clefable
|-damage|p2a: Clefable|51/100 tox
|
|-heal|p2a: Clefable|57/100 tox|[from] item: Leftovers
|-damage|p2a: Clefable|39/100 tox|[from] psn
|upkeep
|turn|17
|
|t:|1758239498
|switch|p1a: Landorus|Landorus-Therian, M, tera:Water|25/100
|-ability|p1a: Landorus|Intimidate|boost
|-unboost|p2a: Clefable|atk|1
|move|p2a: Clefable|Knock Off|p1a: Landorus
|-damage|p1a: Landorus|17/100
|-damage|p2a: Clefable|22/100 tox|[from] item: Rocky Helmet|[of] p1a: Landorus
|-enditem|p1a: Landorus|Rocky Helmet|[from] move: Knock Off|[of] p2a: Clefable
|
|-heal|p2a: Clefable|28/100 tox|[from] item: Leftovers
|-damage|p2a: Clefable|4/100 tox|[from] psn
|upkeep
|turn|18
|
|t:|1758239511
|move|p1a: Landorus|Stealth Rock|p2a: Clefable
|-sidestart|p2: gfkgfg|move: Stealth Rock
|move|p2a: Clefable|Knock Off|p1a: Landorus
|-damage|p1a: Landorus|12/100
|
|-heal|p2a: Clefable|10/100 tox|[from] item: Leftovers
|-damage|p2a: Clefable|0 fnt|[from] psn
|faint|p2a: Clefable
|upkeep
|
|t:|1758239518
|switch|p2a: Glimmora|Glimmora, F|100/100
|-damage|p2a: Glimmora|88/100|[from] Stealth Rock
|turn|19
|c|☆gfkgfg|i dont have an atacking move gg
|
|t:|1758239540
|move|p2a: Glimmora|Memento|p1a: Landorus
|-unboost|p1a: Landorus|atk|2
|-unboost|p1a: Landorus|spa|2
|faint|p2a: Glimmora
|
|win|GFYSYDAR
|raw|GFYSYDAR's rating: 1104 &rarr; <strong>1129</strong><br />(+25 for winning)
|raw|gfkgfg's rating: 1107 &rarr; <strong>1082</strong><br />(-25 for losing)
|l|☆gfkgfg
|player|p2|
