|j|☆Elialf
|j|☆francodg12
|t:|1758309613
|gametype|singles
|player|p1|Elialf|harlequin|1135
|player|p2|francodg12|roughneck-gen4|1109
|gen|9
|tier|[Gen 9] OU
|rated|
|rule|HP Percentage Mod: HP is shown in percentages
|rule|Endless Battle Clause: Forcing endless battles is banned
|rule|Species Clause: Limit one of each Pokémon
|rule|OHKO Clause: OHKO moves are banned
|rule|Evasion Items Clause: Evasion items are banned
|rule|Evasion Moves Clause: Evasion moves are banned
|rule|Evasion Abilities Clause: Evasion abilities are banned
|rule|Sleep Moves Clause: Sleep-inducing moves are banned
|clearpoke
|poke|p1|Hatterene, F|
|poke|p1|Iron Moth|
|poke|p1|Landorus-Therian, M|
|poke|p1|Samurott-Hisui, F|
|poke|p1|Gholdengo|
|poke|p1|Glimmora, F|
|poke|p2|Zangoose, M|
|poke|p2|Garganacl, M|
|poke|p2|Weavile, M|
|poke|p2|Alomomola, F|
|poke|p2|Electrode-Hisui|
|poke|p2|Slowking-Galar, M|
|teampreview
|inactive|Battle timer is ON: inactive players will automatically lose when time's up. (requested by francodg12)
|
|t:|1758309638
|teamsize|p1|6
|teamsize|p2|6
|start
|switch|p1a: Landorus|Landorus-Therian, M|100/100
|switch|p2a: Weavile|Weavile, M|100/100
|-ability|p1a: Landorus|Intimidate|boost
|-unboost|p2a: Weavile|atk|1
|turn|1
|
|t:|1758309647
|move|p2a: Weavile|Triple Axel|p1a: Landorus
|-supereffective|p1a: Landorus
|-damage|p1a: Landorus|72/100
|-damage|p2a: Weavile|84/100|[from] item: Rocky Helmet|[of] p1a: Landorus
|-supereffective|p1a: Landorus
|-damage|p1a: Landorus|16/100
|-damage|p2a: Weavile|68/100|[from] item: Rocky Helmet|[of] p1a: Landorus
|-supereffective|p1a: Landorus
|-damage|p1a: Landorus|0 fnt
|-damage|p2a: Weavile|51/100|[from] item: Rocky Helmet|[of] p1a: Landorus
|faint|p1a: Landorus
|-hitcount|p1: Landorus|3
|
|upkeep
|
|t:|1758309661
|switch|p1a: Glimmora|Glimmora, F|100/100
|turn|2
|
|t:|1758309670
|move|p2a: Weavile|Triple Axel|p1a: Glimmora
|-damage|p1a: Glimmora|91/100
|-activate|p1a: Glimmora|ability: Toxic Debris
|-sidestart|p2: francodg12|move: Toxic Spikes
|-damage|p1a: Glimmora|73/100
|-activate|p1a: Glimmora|ability: Toxic Debris
|-sidestart|p2: francodg12|move: Toxic Spikes
|-damage|p1a: Glimmora|49/100
|-hitcount|p1a: Glimmora|3
|move|p1a: Glimmora|Power Gem|p2a: Weavile
|-supereffective|p2a: Weavile
|-damage|p2a: Weavile|0 fnt
|faint|p2a: Weavile
|
|upkeep
|
|t:|1758309683
|switch|p2a: Slowking|Slowking-Galar, M|100/100
|-sideend|p2: francodg12|move: Toxic Spikes|[of] p2a: Slowking
|turn|3
|
|t:|1758309691
|move|p1a: Glimmora|Earth Power|p2a: Slowking
|-supereffective|p2a: Slowking
|-damage|p2a: Slowking|53/100
|move|p2a: Slowking|Psychic|p1a: Glimmora
|-supereffective|p1a: Glimmora
|-damage|p1a: Glimmora|0 fnt
|faint|p1a: Glimmora
|
|upkeep
|
|t:|1758309699
|switch|p1a: Samurott|Samurott-Hisui, F, shiny|100/100
|turn|4
|
|t:|1758309709
|switch|p2a: Electrode|Electrode-Hisui|100/100
|move|p1a: Samurott|Knock Off|p2a: Electrode
|-damage|p2a: Electrode|21/100
|-enditem|p2a: Electrode|Choice Specs|[from] move: Knock Off|[of] p1a: Samurott
|
|upkeep
|turn|5
|
|t:|1758309718
|move|p1a: Samurott|Knock Off|p2a: Electrode
|-damage|p2a: Electrode|0 fnt
|faint|p2a: Electrode
|
|upkeep
|
|t:|1758309729
|switch|p2a: Zangoose|Zangoose, M|100/100
|turn|6
|
|t:|1758309734
|move|p1a: Samurott|Knock Off|p2a: Zangoose
|-damage|p2a: Zangoose|15/100
|-enditem|p2a: Zangoose|Toxic Orb|[from] move: Knock Off|[of] p1a: Samurott
|move|p2a: Zangoose|Close Combat|p1a: Samurott
|-supereffective|p1a: Samurott
|-damage|p1a: Samurott|0 fnt
|-unboost|p2a: Zangoose|def|1
|-unboost|p2a: Zangoose|spd|1
|faint|p1a: Samurott
|
|upkeep
|
|t:|1758309751
|switch|p1a: Iron Moth|Iron Moth|100/100
|-enditem|p1a: Iron Moth|Booster Energy
|-activate|p1a: Iron Moth|ability: Quark Drive|[fromitem]
|-start|p1a: Iron Moth|quarkdrivespe
|turn|7
|
|t:|1758309759
|move|p2a: Zangoose|Quick Attack|p1a: Iron Moth
|-damage|p1a: Iron Moth|70/100
|move|p1a: Iron Moth|Energy Ball|p2a: Zangoose
|-damage|p2a: Zangoose|0 fnt
|faint|p2a: Zangoose
|
|upkeep
|
|t:|1758309775
|switch|p2a: Alomomola|Alomomola, F|100/100
|turn|8
|
|t:|1758309778
|-terastallize|p1a: Iron Moth|Fairy
|move|p2a: Alomomola|Aqua Jet|p1a: Iron Moth
|-damage|p1a: Iron Moth|46/100
|move|p1a: Iron Moth|Energy Ball|p2a: Alomomola
|-supereffective|p2a: Alomomola
|-damage|p2a: Alomomola|30/100
|
|upkeep
|turn|9
|
|t:|1758309786
|move|p2a: Alomomola|Aqua Jet|p1a: Iron Moth
|-damage|p1a: Iron Moth|23/100
|move|p1a: Iron Moth|Energy Ball|p2a: Alomomola
|-supereffective|p2a: Alomomola
|-damage|p2a: Alomomola|0 fnt
|faint|p2a: Alomomola
|
|upkeep
|
|t:|1758309793
|switch|p2a: Slowking|Slowking-Galar, M|87/100
|turn|10
|
|t:|1758309803
|move|p1a: Iron Moth|Fiery Dance|p2a: Slowking
|-damage|p2a: Slowking|53/100
|-boost|p1a: Iron Moth|spa|1
|move|p2a: Slowking|Psychic|p1a: Iron Moth
|-damage|p1a: Iron Moth|0 fnt
|faint|p1a: Iron Moth
|-end|p1a: Iron Moth|Quark Drive|[silent]
|
|upkeep
|
|t:|1758309811
|switch|p1a: Gholdengo|Gholdengo|100/100
|-item|p1a: Gholdengo|Air Balloon
|turn|11
|
|t:|1758309818
|-terastallize|p2a: Slowking|Fire
|move|p1a: Gholdengo|Make It Rain|p2a: Slowking
|-resisted|p2a: Slowking
|-damage|p2a: Slowking|27/100
|-unboost|p1a: Gholdengo|spa|1
|move|p2a: Slowking|Flamethrower|p1a: Gholdengo
|-supereffective|p1a: Gholdengo
|-damage|p1a: Gholdengo|0 fnt
|-enditem|p1a: Gholdengo|Air Balloon
|faint|p1a: Gholdengo
|
|upkeep
|
|t:|1758309829
|switch|p1a: Hatterene|Hatterene, F|100/100
|turn|12
|
|t:|1758309832
|move|p1a: Hatterene|Psyshock|p2a: Slowking
|-damage|p2a: Slowking|0 fnt
|faint|p2a: Slowking
|
|upkeep
|
|t:|1758309836
|switch|p2a: Garganacl|Garganacl, M|100/100
|turn|13
|
|t:|1758309844
|move|p1a: Hatterene|Calm Mind|p1a: Hatterene
|-boost|p1a: Hatterene|spa|1
|-boost|p1a: Hatterene|spd|1
|move|p2a: Garganacl|Salt Cure|p1a: Hatterene
|-damage|p1a: Hatterene|89/100
|-start|p1a: Hatterene|Salt Cure
|
|-heal|p1a: Hatterene|95/100|[from] item: Leftovers
|-damage|p1a: Hatterene|83/100|[from] Salt Cure
|upkeep
|turn|14
|
|t:|1758309855
|move|p1a: Hatterene|Psyshock|p2a: Garganacl
|-damage|p2a: Garganacl|68/100
|move|p2a: Garganacl|Salt Cure|p1a: Hatterene
|-damage|p1a: Hatterene|72/100
|
|-heal|p1a: Hatterene|78/100|[from] item: Leftovers
|-heal|p2a: Garganacl|74/100|[from] item: Leftovers
|-damage|p1a: Hatterene|66/100|[from] Salt Cure
|upkeep
|turn|15
|
|t:|1758309864
|move|p1a: Hatterene|Psyshock|p2a: Garganacl
|-damage|p2a: Garganacl|42/100
|move|p2a: Garganacl|Salt Cure|p1a: Hatterene
|-damage|p1a: Hatterene|54/100
|
|-heal|p1a: Hatterene|60/100|[from] item: Leftovers
|-heal|p2a: Garganacl|48/100|[from] item: Leftovers
|-damage|p1a: Hatterene|48/100|[from] Salt Cure
|upkeep
|turn|16
|
|t:|1758309873
|move|p1a: Hatterene|Psyshock|p2a: Garganacl
|-damage|p2a: Garganacl|16/100
|move|p2a: Garganacl|Recover|p2a: Garganacl
|-heal|p2a: Garganacl|66/100
|
|-heal|p1a: Hatterene|54/100|[from] item: Leftovers
|-heal|p2a: Garganacl|72/100|[from] item: Leftovers
|-damage|p1a: Hatterene|42/100|[from] Salt Cure
|upkeep
|turn|17
|
|t:|1758309882
|move|p2a: Garganacl|Protect|p2a: Garganacl
|-singleturn|p2a: Garganacl|Protect
|move|p1a: Hatterene|Calm Mind|p1a: Hatterene
|-boost|p1a: Hatterene|spa|1
|-boost|p1a: Hatterene|spd|1
|
|-heal|p1a: Hatterene|48/100|[from] item: Leftovers
|-heal|p2a: Garganacl|78/100|[from] item: Leftovers
|-damage|p1a: Hatterene|35/100|[from] Salt Cure
|upkeep
|turn|18
|
|t:|1758309891
|move|p1a: Hatterene|Psyshock|p2a: Garganacl
|-damage|p2a: Garganacl|34/100
|move|p2a: Garganacl|Recover|p2a: Garganacl
|-heal|p2a: Garganacl|84/100
|
|-heal|p1a: Hatterene|41/100|[from] item: Leftovers
|-heal|p2a: Garganacl|91/100|[from] item: Leftovers
|-damage|p1a: Hatterene|29/100|[from] Salt Cure
|upkeep
|turn|19
|
|t:|1758309899
|move|p1a: Hatterene|Calm Mind|p1a: Hatterene
|-boost|p1a: Hatterene|spa|1
|-boost|p1a: Hatterene|spd|1
|move|p2a: Garganacl|Salt Cure|p1a: Hatterene
|-crit|p1a: Hatterene
|-damage|p1a: Hatterene|13/100
|
|-heal|p1a: Hatterene|19/100|[from] item: Leftovers
|-heal|p2a: Garganacl|97/100|[from] item: Leftovers
|-damage|p1a: Hatterene|6/100|[from] Salt Cure
|upkeep
|turn|20
|
|t:|1758309909
|move|p2a: Garganacl|Protect|p2a: Garganacl
|-singleturn|p2a: Garganacl|Protect
|move|p1a: Hatterene|Psyshock|p2a: Garganacl
|-activate|p2a: Garganacl|move: Protect
|
|-heal|p1a: Hatterene|12/100|[from] item: Leftovers
|-heal|p2a: Garganacl|100/100|[from] item: Leftovers
|-damage|p1a: Hatterene|0 fnt|[from] Salt Cure
|faint|p1a: Hatterene
|
|win|francodg12
|raw|Elialf's rating: 1135 &rarr; <strong>1108</strong><br />(-27 for losing)
|raw|francodg12's rating: 1109 &rarr; <strong>1136</strong><br />(+27 for winning)
|l|☆Elialf
|player|p1|
|c|☆francodg12|gg
|l|☆francodg12
|player|p2|
