|j|☆iamclouds
|j|☆Evening Sheep
|t:|1758260350
|gametype|singles
|player|p1|iamclouds|pokemaniac|1166
|player|p2|Evening Sheep|iris|1163
|gen|9
|tier|[Gen 9] OU
|rated|
|rule|HP Percentage Mod: HP is shown in percentages
|rule|Endless Battle Clause: Forcing endless battles is banned
|rule|Species Clause: Limit one of each Pokémon
|rule|OHKO Clause: OHKO moves are banned
|rule|Evasion Items Clause: Evasion items are banned
|rule|Evasion Moves Clause: Evasion moves are banned
|rule|Evasion Abilities Clause: Evasion abilities are banned
|rule|Sleep Moves Clause: Sleep-inducing moves are banned
|clearpoke
|poke|p1|Bellibolt, F|
|poke|p1|Thundurus-Therian, M|
|poke|p1|Ogerpon-Wellspring, F|
|poke|p1|Grimmsnarl, M|
|poke|p1|Hatterene, F|
|poke|p1|Ceruledge, M|
|poke|p2|Torkoal, M|
|poke|p2|Hatterene, F|
|poke|p2|Raging Bolt|
|poke|p2|Slither Wing|
|poke|p2|Venusaur, M|
|poke|p2|Walking Wake|
|teampreview
|
|t:|1758260365
|teamsize|p1|6
|teamsize|p2|6
|start
|switch|p1a: Ceruledge|Ceruledge, M|100/100
|switch|p2a: Torkoal|Torkoal, M|100/100
|-weather|SunnyDay|[from] ability: Drought|[of] p2a: Torkoal
|turn|1
|
|t:|1758260380
|move|p1a: Ceruledge|Poltergeist|p2a: Torkoal
|-activate|p2a: Torkoal|move: Poltergeist|Heat Rock
|-damage|p2a: Torkoal|38/100
|-damage|p1a: Ceruledge|91/100|[from] item: Life Orb
|move|p2a: Torkoal|Stealth Rock|p1a: Ceruledge
|-sidestart|p1: iamclouds|move: Stealth Rock
|
|-weather|SunnyDay|[upkeep]
|upkeep
|turn|2
|
|t:|1758260400
|switch|p2a: Walking Wake|Walking Wake|100/100
|-activate|p2a: Walking Wake|ability: Protosynthesis
|-start|p2a: Walking Wake|protosynthesisspe
|move|p1a: Ceruledge|Poltergeist|p2a: Walking Wake
|-activate|p2a: Walking Wake|move: Poltergeist|Wise Glasses
|-damage|p2a: Walking Wake|17/100
|-damage|p1a: Ceruledge|81/100|[from] item: Life Orb
|
|-weather|SunnyDay|[upkeep]
|upkeep
|turn|3
|
|t:|1758260418
|move|p1a: Ceruledge|Shadow Sneak|p2a: Walking Wake
|-damage|p2a: Walking Wake|0 fnt
|faint|p2a: Walking Wake
|-end|p2a: Walking Wake|Protosynthesis|[silent]
|-damage|p1a: Ceruledge|71/100|[from] item: Life Orb
|
|-weather|SunnyDay|[upkeep]
|upkeep
|
|t:|1758260438
|switch|p2a: Venusaur|Venusaur, M|100/100
|turn|4
|
|t:|1758260443
|-terastallize|p2a: Venusaur|Fire
|move|p2a: Venusaur|Growth|p2a: Venusaur
|-boost|p2a: Venusaur|atk|2
|-boost|p2a: Venusaur|spa|2
|move|p1a: Ceruledge|Bitter Blade|p2a: Venusaur
|-resisted|p2a: Venusaur
|-damage|p2a: Venusaur|41/100
|-heal|p1a: Ceruledge|100/100|[from] drain|[of] p2a: Venusaur
|-damage|p1a: Ceruledge|91/100|[from] item: Life Orb
|
|-weather|SunnyDay|[upkeep]
|upkeep
|turn|5
|
|t:|1758260460
|move|p1a: Ceruledge|Shadow Sneak|p2a: Venusaur
|-damage|p2a: Venusaur|7/100
|-damage|p1a: Ceruledge|81/100|[from] item: Life Orb
|move|p2a: Venusaur|Earthquake|p1a: Ceruledge
|-supereffective|p1a: Ceruledge
|-damage|p1a: Ceruledge|0 fnt
|faint|p1a: Ceruledge
|-damage|p2a: Venusaur|0 fnt|[from] item: Life Orb
|faint|p2a: Venusaur
|
|-weather|SunnyDay|[upkeep]
|upkeep
|inactive|Battle timer is ON: inactive players will automatically lose when time's up. (requested by iamclouds)
|
|t:|1758260483
|switch|p1a: Hatterene|Hatterene, F|100/100
|switch|p2a: Raging Bolt|Raging Bolt|100/100
|-damage|p1a: Hatterene|88/100|[from] Stealth Rock
|-activate|p2a: Raging Bolt|ability: Protosynthesis
|-start|p2a: Raging Bolt|protosynthesisspa
|turn|6
|
|t:|1758260499
|move|p2a: Raging Bolt|Weather Ball|p1a: Hatterene
|-damage|p1a: Hatterene|0 fnt
|faint|p1a: Hatterene
|-damage|p2a: Raging Bolt|91/100|[from] item: Life Orb
|
|-weather|SunnyDay|[upkeep]
|upkeep
|
|t:|1758260507
|switch|p1a: Grimmsnarl|Grimmsnarl, M|100/100
|-damage|p1a: Grimmsnarl|88/100|[from] Stealth Rock
|turn|7
|
|t:|1758260519
|move|p1a: Grimmsnarl|Fake Out|p2a: Raging Bolt
|-damage|p2a: Raging Bolt|78/100
|cant|p2a: Raging Bolt|flinch
|
|-weather|SunnyDay|[upkeep]
|-heal|p1a: Grimmsnarl|94/100|[from] item: Leftovers
|upkeep
|turn|8
|
|t:|1758260529
|move|p2a: Raging Bolt|Weather Ball|p1a: Grimmsnarl
|-damage|p1a: Grimmsnarl|0 fnt
|faint|p1a: Grimmsnarl
|-damage|p2a: Raging Bolt|68/100|[from] item: Life Orb
|
|-weather|none
|-end|p2a: Raging Bolt|Protosynthesis
|upkeep
|
|t:|1758260539
|switch|p1a: Bellibolt|Bellibolt, F|100/100
|-damage|p1a: Bellibolt|88/100|[from] Stealth Rock
|turn|9
|
|t:|1758260545
|-end|p2a: Raging Bolt|Protosynthesis|[silent]
|switch|p2a: Torkoal|Torkoal, M|38/100
|-weather|SunnyDay|[from] ability: Drought|[of] p2a: Torkoal
|move|p1a: Bellibolt|Soak|p2a: Torkoal
|-start|p2a: Torkoal|typechange|Water
|
|-weather|SunnyDay|[upkeep]
|-heal|p1a: Bellibolt|94/100|[from] item: Leftovers
|upkeep
|turn|10
|
|t:|1758260572
|switch|p2a: Slither Wing|Slither Wing|100/100
|-activate|p2a: Slither Wing|ability: Protosynthesis
|-start|p2a: Slither Wing|protosynthesisatk
|move|p1a: Bellibolt|Parabolic Charge|p2a: Slither Wing
|-damage|p2a: Slither Wing|79/100
|-heal|p1a: Bellibolt|100/100|[from] drain|[of] p2a: Slither Wing
|
|-weather|SunnyDay|[upkeep]
|upkeep
|turn|11
|
|t:|1758260585
|move|p2a: Slither Wing|First Impression|p1a: Bellibolt
|-damage|p1a: Bellibolt|45/100
|-start|p1a: Bellibolt|Charge|First Impression|[from] ability: Electromorphosis
|move|p1a: Bellibolt|Soak|p2a: Slither Wing
|-start|p2a: Slither Wing|typechange|Water
|
|-weather|SunnyDay|[upkeep]
|-heal|p1a: Bellibolt|51/100|[from] item: Leftovers
|upkeep
|turn|12
|
|t:|1758260596
|move|p2a: Slither Wing|Earthquake|p1a: Bellibolt
|-supereffective|p1a: Bellibolt
|-damage|p1a: Bellibolt|0 fnt
|faint|p1a: Bellibolt
|
|-weather|SunnyDay|[upkeep]
|upkeep
|
|t:|1758260607
|switch|p1a: Ogerpon|Ogerpon-Wellspring, F|100/100
|-damage|p1a: Ogerpon|88/100|[from] Stealth Rock
|turn|13
|
|t:|1758260618
|move|p1a: Ogerpon|Giga Drain|p2a: Slither Wing
|-supereffective|p2a: Slither Wing
|-damage|p2a: Slither Wing|49/100
|-heal|p1a: Ogerpon|100/100|[from] drain|[of] p2a: Slither Wing
|move|p2a: Slither Wing|U-turn|p1a: Ogerpon
|-supereffective|p1a: Ogerpon
|-damage|p1a: Ogerpon|0 fnt
|faint|p1a: Ogerpon
|-message|iamclouds forfeited.
|
|win|Evening Sheep
|raw|iamclouds's rating: 1166 &rarr; <strong>1141</strong><br />(-25 for losing)
|raw|Evening Sheep's rating: 1163 &rarr; <strong>1188</strong><br />(+25 for winning)
|l|☆iamclouds
|player|p1|
|l|☆Evening Sheep
|player|p2|
