|j|‽Dndjje
|j|☆m3n_in_black
|t:|1758345373
|gametype|singles
|player|p1|Dndjje|n|1126
|player|p2|m3n_in_black|unknown|1179
|gen|9
|tier|[Gen 9] OU
|rated|
|rule|HP Percentage Mod: HP is shown in percentages
|rule|Endless Battle Clause: Forcing endless battles is banned
|rule|Species Clause: Limit one of each Pokémon
|rule|OHKO Clause: OHKO moves are banned
|rule|Evasion Items Clause: Evasion items are banned
|rule|Evasion Moves Clause: Evasion moves are banned
|rule|Evasion Abilities Clause: Evasion abilities are banned
|rule|Sleep Moves Clause: Sleep-inducing moves are banned
|clearpoke
|poke|p1|Thundurus-Therian, M|
|poke|p1|Meowscarada, F|
|poke|p1|Hatterene, F|
|poke|p1|Great Tusk|
|poke|p1|Toxapex, F|
|poke|p1|Slither Wing|
|poke|p2|Pawmot, M|
|poke|p2|Kingambit, M|
|poke|p2|Dragapult, M|
|poke|p2|Ursaluna, F|
|poke|p2|Sylveon, M|
|poke|p2|Metagross|
|teampreview
|inactive|Battle timer is ON: inactive players will automatically lose when time's up. (requested by Dndjje)
|inactive|Dndjje has 120 seconds left.
|
|t:|1758345430
|teamsize|p1|6
|teamsize|p2|6
|start
|switch|p1a: Meowscarada|Meowscarada, F|100/100
|switch|p2a: Sylveon|Sylveon, M|100/100
|turn|1
|
|t:|1758345445
|move|p1a: Meowscarada|Flower Trick|p2a: Sylveon
|-start|p1a: Meowscarada|typechange|Grass|[from] ability: Protean
|-crit|p2a: Sylveon
|-damage|p2a: Sylveon|19/100
|move|p2a: Sylveon|Hyper Beam|p1a: Meowscarada|[miss]
|-miss|p2a: Sylveon|p1a: Meowscarada
|
|upkeep
|turn|2
|
|t:|1758345460
|move|p1a: Meowscarada|Flower Trick|p2a: Sylveon
|-crit|p2a: Sylveon
|-damage|p2a: Sylveon|0 fnt
|faint|p2a: Sylveon
|
|upkeep
|
|t:|1758345470
|switch|p2a: Dragapult|Dragapult, M, shiny|100/100
|turn|3
|
|t:|1758345485
|switch|p1a: Toxapex|Toxapex, F|100/100
|move|p2a: Dragapult|Will-O-Wisp|p1a: Toxapex
|-status|p1a: Toxapex|brn
|
|-damage|p1a: Toxapex|95/100 brn|[from] brn
|upkeep
|turn|4
|
|t:|1758345497
|move|p2a: Dragapult|Hex|p1a: Toxapex
|-damage|p1a: Toxapex|61/100 brn
|move|p1a: Toxapex|Infestation|p2a: Dragapult
|-resisted|p2a: Dragapult
|-damage|p2a: Dragapult|97/100
|-activate|p2a: Dragapult|move: Infestation|[of] p1a: Toxapex
|
|-damage|p1a: Toxapex|55/100 brn|[from] brn
|-damage|p2a: Dragapult|85/100|[from] move: Infestation|[partiallytrapped]
|upkeep
|turn|5
|
|t:|1758345509
|switch|p1a: Meowscarada|Meowscarada, F|100/100
|move|p2a: Dragapult|Hex|p1a: Meowscarada
|-resisted|p1a: Meowscarada
|-damage|p1a: Meowscarada|79/100
|
|-end|p2a: Dragapult|Infestation|[partiallytrapped]|[silent]
|upkeep
|turn|6
|
|t:|1758345521
|switch|p2a: Ursaluna|Ursaluna, F, shiny|100/100
|move|p1a: Meowscarada|Knock Off|p2a: Ursaluna
|-start|p1a: Meowscarada|typechange|Dark|[from] ability: Protean
|-damage|p2a: Ursaluna|70/100
|-enditem|p2a: Ursaluna|Flame Orb|[from] move: Knock Off|[of] p1a: Meowscarada
|
|upkeep
|turn|7
|
|t:|1758345532
|switch|p1a: Great Tusk|Great Tusk|100/100
|move|p2a: Ursaluna|Facade|p1a: Great Tusk
|-damage|p1a: Great Tusk|72/100
|-damage|p2a: Ursaluna|53/100|[from] item: Rocky Helmet|[of] p1a: Great Tusk
|
|upkeep
|turn|8
|
|t:|1758345540
|move|p1a: Great Tusk|Stealth Rock|p2a: Ursaluna
|-sidestart|p2: m3n_in_black|move: Stealth Rock
|move|p2a: Ursaluna|Drain Punch|p1a: Great Tusk
|-damage|p1a: Great Tusk|54/100
|-heal|p2a: Ursaluna|62/100|[from] drain|[of] p1a: Great Tusk
|-damage|p2a: Ursaluna|45/100|[from] item: Rocky Helmet|[of] p1a: Great Tusk
|
|upkeep
|turn|9
|
|t:|1758345548
|move|p1a: Great Tusk|Rapid Spin|p2a: Ursaluna
|-damage|p2a: Ursaluna|35/100
|-boost|p1a: Great Tusk|spe|1
|move|p2a: Ursaluna|Earthquake|p1a: Great Tusk
|-damage|p1a: Great Tusk|18/100
|
|upkeep
|turn|10
|
|t:|1758345556
|move|p1a: Great Tusk|Ice Spinner|p2a: Ursaluna
|-supereffective|p2a: Ursaluna
|-crit|p2a: Ursaluna
|-damage|p2a: Ursaluna|0 fnt
|faint|p2a: Ursaluna
|
|upkeep
|
|t:|1758345562
|switch|p2a: Dragapult|Dragapult, M, shiny|85/100
|turn|11
|
|t:|1758345572
|move|p1a: Great Tusk|Headlong Rush|p2a: Dragapult
|-crit|p2a: Dragapult
|-damage|p2a: Dragapult|0 fnt
|-unboost|p1a: Great Tusk|def|1
|-unboost|p1a: Great Tusk|spd|1
|faint|p2a: Dragapult
|
|upkeep
|inactive|m3n_in_black has 120 seconds left.
|
|t:|1758345615
|switch|p2a: Metagross|Metagross, shiny|100/100
|-damage|p2a: Metagross|94/100|[from] Stealth Rock
|turn|12
|inactive|m3n_in_black has 120 seconds left.
|
|t:|1758345624
|move|p1a: Great Tusk|Headlong Rush|p2a: Metagross
|-supereffective|p2a: Metagross
|-damage|p2a: Metagross|17/100
|-unboost|p1a: Great Tusk|def|1
|-unboost|p1a: Great Tusk|spd|1
|move|p2a: Metagross|Heavy Slam|p1a: Great Tusk
|-damage|p1a: Great Tusk|0 fnt
|-damage|p2a: Metagross|0 fnt|[from] item: Rocky Helmet|[of] p1a: Great Tusk
|faint|p1a: Great Tusk
|-end|p1a: Great Tusk|Protosynthesis|[silent]
|faint|p2a: Metagross
|
|upkeep
|inactive|m3n_in_black has 120 seconds left.
|inactive|Dndjje has 120 seconds left.
|
|t:|1758345656
|switch|p1a: Slither Wing|Slither Wing|100/100
|switch|p2a: Pawmot|Pawmot, M, shiny|100/100
|-damage|p2a: Pawmot|94/100|[from] Stealth Rock
|turn|13
|inactive|m3n_in_black has 120 seconds left.
|
|t:|1758345678
|move|p2a: Pawmot|Revival Blessing|p2a: Pawmot
|-enditem|p2a: Pawmot|Leppa Berry|[eat]
|-activate|p2a: Pawmot|item: Leppa Berry|Revival Blessing|[consumed]
|
|t:|1758345687
|-heal|p2: Dragapult|50/100|[from] move: Revival Blessing
|move|p1a: Slither Wing|U-turn|p2a: Pawmot
|-resisted|p2a: Pawmot
|-damage|p2a: Pawmot|61/100
|
|t:|1758345693
|-end|p1a: Slither Wing|Protosynthesis|[silent]
|switch|p1a: Meowscarada|Meowscarada, F|79/100|[from] U-turn
|
|upkeep
|turn|14
|
|t:|1758345703
|move|p1a: Meowscarada|Flower Trick|p2a: Pawmot
|-start|p1a: Meowscarada|typechange|Grass|[from] ability: Protean
|-crit|p2a: Pawmot
|-damage|p2a: Pawmot|0 fnt
|faint|p2a: Pawmot
|
|upkeep
|
|t:|1758345710
|switch|p2a: Dragapult|Dragapult, M, shiny|50/100
|turn|15
|
|t:|1758345712
|switch|p1a: Toxapex|Toxapex, F|88/100 brn
|move|p2a: Dragapult|Draco Meteor|p1a: Toxapex
|-damage|p1a: Toxapex|53/100 brn
|-unboost|p2a: Dragapult|spa|2
|
|-damage|p1a: Toxapex|47/100 brn|[from] brn
|upkeep
|turn|16
|
|t:|1758345718
|switch|p1a: Meowscarada|Meowscarada, F|79/100
|move|p2a: Dragapult|Draco Meteor|p1a: Meowscarada
|-damage|p1a: Meowscarada|37/100
|-unboost|p2a: Dragapult|spa|2
|
|upkeep
|turn|17
|
|t:|1758345724
|move|p1a: Meowscarada|Knock Off|p2a: Dragapult
|-start|p1a: Meowscarada|typechange|Dark|[from] ability: Protean
|-supereffective|p2a: Dragapult
|-damage|p2a: Dragapult|0 fnt
|-enditem|p2a: Dragapult|Heavy-Duty Boots|[from] move: Knock Off|[of] p1a: Meowscarada
|faint|p2a: Dragapult
|
|upkeep
|
|t:|1758345729
|switch|p2a: king|Kingambit, M, shiny|100/100
|-damage|p2a: king|94/100|[from] Stealth Rock
|-activate|p2a: king|ability: Supreme Overlord
|-start|p2a: king|fallen5|[silent]
|turn|18
|
|t:|1758345737
|-terastallize|p2a: king|Fairy
|move|p1a: Meowscarada|Knock Off|p2a: king
|-resisted|p2a: king
|-damage|p2a: king|75/100
|-enditem|p2a: king|Leftovers|[from] move: Knock Off|[of] p1a: Meowscarada
|move|p2a: king|Swords Dance|p2a: king
|-boost|p2a: king|atk|2
|
|upkeep
|turn|19
|
|t:|1758345754
|move|p1a: Meowscarada|Knock Off|p2a: king
|-resisted|p2a: king
|-damage|p2a: king|62/100
|move|p2a: king|Iron Head|p1a: Meowscarada
|-damage|p1a: Meowscarada|0 fnt
|faint|p1a: Meowscarada
|
|upkeep
|
|t:|1758345769
|switch|p1a: Slither Wing|Slither Wing|100/100
|turn|20
|
|t:|1758345773
|move|p1a: Slither Wing|U-turn|p2a: king
|-resisted|p2a: king
|-damage|p2a: king|44/100
|
|t:|1758345780
|-end|p1a: Slither Wing|Protosynthesis|[silent]
|switch|p1a: Toxapex|Toxapex, F|81/100 brn|[from] U-turn
|move|p2a: king|Tera Blast|p1a: Toxapex|[anim] Tera Blast Fairy
|-resisted|p1a: Toxapex
|-damage|p1a: Toxapex|22/100 brn
|
|-damage|p1a: Toxapex|16/100 brn|[from] brn
|upkeep
|turn|21
|
|t:|1758345791
|move|p2a: king|Iron Head|p1a: Toxapex
|-resisted|p1a: Toxapex
|-damage|p1a: Toxapex|0 fnt
|faint|p1a: Toxapex
|
|upkeep
|
|t:|1758345803
|switch|p1a: Slither Wing|Slither Wing|100/100
|turn|22
|
|t:|1758345808
|move|p2a: king|Sucker Punch|p1a: Slither Wing
|-resisted|p1a: Slither Wing
|-damage|p1a: Slither Wing|15/100
|move|p1a: Slither Wing|Earthquake|p2a: king
|-damage|p2a: king|8/100
|
|upkeep
|turn|23
|
|t:|1758345814
|-end|p1a: Slither Wing|Protosynthesis|[silent]
|switch|p1a: Thundurus|Thundurus-Therian, M|100/100
|move|p2a: king|Sucker Punch||[still]
|-fail|p2a: king
|
|upkeep
|turn|24
|
|t:|1758345820
|switch|p1a: Hatterene|Hatterene, F|100/100
|move|p2a: king|Sucker Punch||[still]
|-fail|p2a: king
|
|upkeep
|turn|25
|
|t:|1758345826
|switch|p1a: Thundurus|Thundurus-Therian, M|100/100
|move|p2a: king|Sucker Punch||[still]
|-fail|p2a: king
|
|upkeep
|turn|26
|
|t:|1758345838
|move|p1a: Thundurus|Volt Switch|p2a: king
|-damage|p2a: king|0 fnt
|faint|p2a: king
|-end|p2a: king|fallen5|[silent]
|
|win|Dndjje
|raw|Dndjje's rating: 1126 &rarr; <strong>1155</strong><br />(+29 for winning)
|raw|m3n_in_black's rating: 1179 &rarr; <strong>1150</strong><br />(-29 for losing)
|l|‽Dndjje
|player|p1|
|l|☆m3n_in_black
|player|p2|
