|j|☆Topclass-A
|j|☆randombananaYAY
|t:|1758259677
|gametype|singles
|player|p1|Topclass-A|bellelba|1451
|player|p2|randombananaYAY|102|1478
|gen|9
|tier|[Gen 9] OU
|rated|
|rule|HP Percentage Mod: HP is shown in percentages
|rule|Endless Battle Clause: Forcing endless battles is banned
|rule|Species Clause: Limit one of each Pokémon
|rule|OHKO Clause: OHKO moves are banned
|rule|Evasion Items Clause: Evasion items are banned
|rule|Evasion Moves Clause: Evasion moves are banned
|rule|Evasion Abilities Clause: Evasion abilities are banned
|rule|Sleep Moves Clause: Sleep-inducing moves are banned
|clearpoke
|poke|p1|Ninetales-Alola, F|
|poke|p1|Kyurem|
|poke|p1|Ogerpon-Wellspring, F|
|poke|p1|Great Tusk|
|poke|p1|Iron Moth|
|poke|p1|Raging Bolt|
|poke|p2|Alomomola, M|
|poke|p2|Gliscor, F|
|poke|p2|Dondozo, M|
|poke|p2|Blissey, F|
|poke|p2|Toxapex, F|
|poke|p2|Clodsire, M|
|teampreview
|inactive|Battle timer is ON: inactive players will automatically lose when time's up. (requested by Topclass-A)
|
|t:|1758259699
|teamsize|p1|6
|teamsize|p2|6
|start
|switch|p1a: Ninetales|Ninetales-Alola, F|100/100
|switch|p2a: Gliscor|Gliscor, F|100/100
|-weather|Snowscape|[from] ability: Snow Warning|[of] p1a: Ninetales
|turn|1
|
|t:|1758259704
|move|p2a: Gliscor|Protect|p2a: Gliscor
|-singleturn|p2a: Gliscor|Protect
|move|p1a: Ninetales|Aurora Veil|p1a: Ninetales
|-sidestart|p1: Topclass-A|move: Aurora Veil
|
|-weather|Snowscape|[upkeep]
|-status|p2a: Gliscor|tox|[from] item: Toxic Orb
|upkeep
|turn|2
|
|t:|1758259720
|switch|p2a: Blissey|Blissey, F|100/100
|move|p1a: Ninetales|Freeze-Dry|p2a: Blissey
|-damage|p2a: Blissey|92/100
|
|-weather|Snowscape|[upkeep]
|upkeep
|turn|3
|
|t:|1758259728
|switch|p1a: Great Tusk|Great Tusk|100/100
|-enditem|p1a: Great Tusk|Booster Energy
|-activate|p1a: Great Tusk|ability: Protosynthesis|[fromitem]
|-start|p1a: Great Tusk|protosynthesisatk
|move|p2a: Blissey|Stealth Rock|p1a: Great Tusk
|-sidestart|p1: Topclass-A|move: Stealth Rock
|
|-weather|Snowscape|[upkeep]
|upkeep
|turn|4
|
|t:|1758259737
|switch|p2a: Alomomola|Alomomola, M|100/100
|move|p1a: Great Tusk|Rapid Spin|p2a: Alomomola
|-damage|p2a: Alomomola|88/100
|-boost|p1a: Great Tusk|spe|1
|-sideend|p1: Topclass-A|Stealth Rock|[from] move: Rapid Spin|[of] p1a: Great Tusk
|
|-weather|Snowscape|[upkeep]
|upkeep
|turn|5
|
|t:|1758259766
|move|p2a: Alomomola|Protect|p2a: Alomomola
|-singleturn|p2a: Alomomola|Protect
|move|p1a: Great Tusk|Knock Off|p2a: Alomomola
|-activate|p2a: Alomomola|move: Protect
|
|-weather|none
|upkeep
|turn|6
|
|t:|1758259789
|move|p1a: Great Tusk|Knock Off|p2a: Alomomola
|-damage|p2a: Alomomola|66/100
|-enditem|p2a: Alomomola|Heavy-Duty Boots|[from] move: Knock Off|[of] p1a: Great Tusk
|move|p2a: Alomomola|Scald|p1a: Great Tusk
|-supereffective|p1a: Great Tusk
|-damage|p1a: Great Tusk|78/100
|
|upkeep
|turn|7
|
|t:|1758259800
|-end|p1a: Great Tusk|Protosynthesis|[silent]
|switch|p1a: Kyurem|Kyurem|100/100
|-ability|p1a: Kyurem|Pressure
|move|p2a: Alomomola|Wish|p2a: Alomomola
|
|upkeep
|turn|8
|
|t:|1758259805
|switch|p2a: Blissey|Blissey, F|92/100
|move|p1a: Kyurem|Freeze-Dry|p2a: Blissey
|-damage|p2a: Blissey|76/100
|-status|p2a: Blissey|frz
|
|-heal|p2a: Blissey|100/100 frz|[from] move: Wish|[wisher] Alomomola
|-sideend|p1: Topclass-A|move: Aurora Veil
|upkeep
|turn|9
|
|t:|1758259814
|switch|p1a: Ogerpon|Ogerpon-Wellspring, F|100/100
|cant|p2a: Blissey|frz
|
|upkeep
|turn|10
|
|t:|1758259819
|-curestatus|p2a: Blissey|frz|[from] ability: Natural Cure
|switch|p2a: Toxapex|Toxapex, F|100/100
|move|p1a: Ogerpon|Swords Dance|p1a: Ogerpon
|-boost|p1a: Ogerpon|atk|2
|
|upkeep
|turn|11
|
|t:|1758259827
|move|p2a: Toxapex|Baneful Bunker|p2a: Toxapex
|-singleturn|p2a: Toxapex|move: Protect
|move|p1a: Ogerpon|Swords Dance|p1a: Ogerpon
|-boost|p1a: Ogerpon|atk|2
|
|upkeep
|turn|12
|
|t:|1758259832
|switch|p2a: Dondozo|Dondozo, M|100/100
|move|p1a: Ogerpon|Encore||[still]
|-fail|p1a: Ogerpon
|
|upkeep
|turn|13
|
|t:|1758259839
|-terastallize|p2a: Dondozo|Dragon
|move|p1a: Ogerpon|Trailblaze|p2a: Dondozo
|-resisted|p2a: Dondozo
|-damage|p2a: Dondozo|94/100
|-boost|p1a: Ogerpon|spe|1
|move|p2a: Dondozo|Avalanche|p1a: Ogerpon
|-damage|p1a: Ogerpon|66/100
|
|upkeep
|turn|14
|
|t:|1758259848
|move|p1a: Ogerpon|Ivy Cudgel|p2a: Dondozo|[anim] Ivy Cudgel Water
|-resisted|p2a: Dondozo
|-damage|p2a: Dondozo|80/100
|move|p2a: Dondozo|Avalanche|p1a: Ogerpon
|-damage|p1a: Ogerpon|28/100
|
|upkeep
|turn|15
|inactive|Topclass-A has 120 seconds left.
|inactive|Topclass-A has 90 seconds left.
|inactive|Topclass-A has 60 seconds left.
|
|t:|1758259946
|move|p1a: Ogerpon|Ivy Cudgel|p2a: Dondozo|[anim] Ivy Cudgel Water
|-resisted|p2a: Dondozo
|-damage|p2a: Dondozo|67/100
|move|p2a: Dondozo|Avalanche|p1a: Ogerpon
|-damage|p1a: Ogerpon|0 fnt
|faint|p1a: Ogerpon
|
|upkeep
|
|t:|1758259948
|switch|p1a: Kyurem|Kyurem|100/100
|-ability|p1a: Kyurem|Pressure
|turn|16
|
|t:|1758259963
|switch|p2a: Blissey|Blissey, F|100/100
|move|p1a: Kyurem|Ice Beam|p2a: Blissey
|-damage|p2a: Blissey|77/100
|-status|p2a: Blissey|frz
|
|upkeep
|turn|17
|
|t:|1758259971
|-curestatus|p2a: Blissey|frz|[from] ability: Natural Cure
|switch|p2a: Toxapex|Toxapex, F|100/100
|move|p1a: Kyurem|Ice Beam|p2a: Toxapex
|-resisted|p2a: Toxapex
|-damage|p2a: Toxapex|79/100
|
|upkeep
|turn|18
|
|t:|1758259982
|switch|p1a: Ninetales|Ninetales-Alola, F|100/100
|-weather|Snowscape|[from] ability: Snow Warning|[of] p1a: Ninetales
|move|p2a: Toxapex|Baneful Bunker||[still]
|-fail|p2a: Toxapex
|
|-weather|Snowscape|[upkeep]
|upkeep
|turn|19
|
|t:|1758259985
|switch|p2a: Blissey|Blissey, F|77/100
|move|p1a: Ninetales|Aurora Veil|p1a: Ninetales
|-sidestart|p1: Topclass-A|move: Aurora Veil
|
|-weather|Snowscape|[upkeep]
|upkeep
|turn|20
|
|t:|1758259991
|switch|p1a: Great Tusk|Great Tusk|78/100
|move|p2a: Blissey|Stealth Rock|p1a: Great Tusk
|-sidestart|p1: Topclass-A|move: Stealth Rock
|
|-weather|Snowscape|[upkeep]
|upkeep
|turn|21
|
|t:|1758259998
|switch|p2a: Alomomola|Alomomola, M|99/100
|move|p1a: Great Tusk|Rapid Spin|p2a: Alomomola
|-damage|p2a: Alomomola|89/100
|-boost|p1a: Great Tusk|spe|1
|-sideend|p1: Topclass-A|Stealth Rock|[from] move: Rapid Spin|[of] p1a: Great Tusk
|
|-weather|Snowscape|[upkeep]
|upkeep
|turn|22
|inactive|Topclass-A has 120 seconds left.
|inactive|Topclass-A has 90 seconds left.
|inactive|Topclass-A has 60 seconds left.
|inactive|Topclass-A has 30 seconds left.
|inactive|Topclass-A has 20 seconds left.
|inactive|Topclass-A has 15 seconds left.
|inactive|Topclass-A has 10 seconds left.
|inactive|Topclass-A has 5 seconds left.
|-message|Topclass-A lost due to inactivity.
|
|win|randombananaYAY
|raw|Topclass-A's rating: 1451 &rarr; <strong>1433</strong><br />(-18 for losing)
|raw|randombananaYAY's rating: 1478 &rarr; <strong>1496</strong><br />(+18 for winning)
|l|☆randombananaYAY
|player|p2|
