|j|☆gang696969
|j|☆H0N3R
|t:|1758342257
|gametype|singles
|player|p1|gang696969|266|1193
|player|p2|H0N3R|102|1240
|gen|9
|tier|[Gen 9] OU
|rated|
|rule|HP Percentage Mod: HP is shown in percentages
|rule|Endless Battle Clause: Forcing endless battles is banned
|rule|Species Clause: Limit one of each Pokémon
|rule|OHKO Clause: OHKO moves are banned
|rule|Evasion Items Clause: Evasion items are banned
|rule|Evasion Moves Clause: Evasion moves are banned
|rule|Evasion Abilities Clause: Evasion abilities are banned
|rule|Sleep Moves Clause: Sleep-inducing moves are banned
|clearpoke
|poke|p1|Great Tusk|
|poke|p1|Zapdos|
|poke|p1|Moltres|
|poke|p1|Dondozo, F|
|poke|p1|Dragonite, M|
|poke|p1|Kingambit, M|
|poke|p2|Great Tusk|
|poke|p2|Samurott-Hisui, M|
|poke|p2|Hydrapple, F|
|poke|p2|Hatterene, F|
|poke|p2|Chansey, F|
|poke|p2|Gholdengo|
|teampreview
|
|t:|1758342266
|teamsize|p1|6
|teamsize|p2|6
|start
|switch|p1a: Dragonite|Dragonite, M|100/100
|switch|p2a: Samurott|Samurott-Hisui, M|100/100
|turn|1
|inactive|Battle timer is ON: inactive players will automatically lose when time's up. (requested by H0N3R)
|
|t:|1758342288
|move|p1a: Dragonite|Extreme Speed|p2a: Samurott
|-damage|p2a: Samurott|63/100
|move|p2a: Samurott|Ceaseless Edge|p1a: Dragonite
|-damage|p1a: Dragonite|81/100
|-sidestart|p1: gang696969|Spikes
|
|upkeep
|turn|2
|
|t:|1758342299
|move|p1a: Dragonite|Extreme Speed|p2a: Samurott
|-damage|p2a: Samurott|26/100
|move|p2a: Samurott|Ceaseless Edge|p1a: Dragonite|[miss]
|-miss|p2a: Samurott|p1a: Dragonite
|
|upkeep
|turn|3
|
|t:|1758342307
|switch|p2a: Gholdengo|Gholdengo|100/100
|move|p1a: Dragonite|Extreme Speed|p2a: Gholdengo
|-immune|p2a: Gholdengo
|
|upkeep
|turn|4
|
|t:|1758342318
|switch|p2a: Great Tusk|Great Tusk|100/100
|move|p1a: Dragonite|Earthquake|p2a: Great Tusk
|-damage|p2a: Great Tusk|75/100
|
|upkeep
|turn|5
|
|t:|1758342332
|move|p2a: Great Tusk|Knock Off|p1a: Dragonite
|-damage|p1a: Dragonite|53/100
|-enditem|p1a: Dragonite|Heavy-Duty Boots|[from] move: Knock Off|[of] p2a: Great Tusk
|move|p1a: Dragonite|Dragon Dance|p1a: Dragonite
|-boost|p1a: Dragonite|atk|1
|-boost|p1a: Dragonite|spe|1
|
|upkeep
|turn|6
|
|t:|1758342341
|move|p2a: Great Tusk|Ice Spinner|p1a: Dragonite
|-supereffective|p1a: Dragonite
|-damage|p1a: Dragonite|0 fnt
|faint|p1a: Dragonite
|
|upkeep
|
|t:|1758342348
|switch|p1a: Great Tusk|Great Tusk|100/100
|-damage|p1a: Great Tusk|88/100|[from] Spikes
|turn|7
|
|t:|1758342375
|-end|p2a: Great Tusk|Protosynthesis|[silent]
|switch|p2a: Samurott|Samurott-Hisui, M|26/100
|move|p1a: Great Tusk|Stealth Rock|p2a: Samurott
|-sidestart|p2: H0N3R|move: Stealth Rock
|
|-heal|p1a: Great Tusk|94/100|[from] item: Leftovers
|upkeep
|turn|8
|
|t:|1758342383
|move|p2a: Samurott|Aqua Cutter|p1a: Great Tusk
|-supereffective|p1a: Great Tusk
|-damage|p1a: Great Tusk|31/100
|move|p1a: Great Tusk|Rapid Spin|p2a: Samurott
|-damage|p2a: Samurott|2/100
|-boost|p1a: Great Tusk|spe|1
|-sideend|p1: gang696969|Spikes|[from] move: Rapid Spin|[of] p1a: Great Tusk
|
|-heal|p1a: Great Tusk|37/100|[from] item: Leftovers
|upkeep
|turn|9
|
|t:|1758342397
|move|p2a: Samurott|Sucker Punch|p1a: Great Tusk
|-resisted|p1a: Great Tusk
|-damage|p1a: Great Tusk|27/100
|move|p1a: Great Tusk|Rapid Spin|p2a: Samurott
|-damage|p2a: Samurott|0 fnt
|-boost|p1a: Great Tusk|spe|1
|faint|p2a: Samurott
|
|-heal|p1a: Great Tusk|33/100|[from] item: Leftovers
|upkeep
|
|t:|1758342411
|switch|p2a: Hatterene|Hatterene, F|100/100
|-damage|p2a: Hatterene|88/100|[from] Stealth Rock
|turn|10
|
|t:|1758342424
|move|p1a: Great Tusk|Headlong Rush|p2a: Hatterene
|-damage|p2a: Hatterene|31/100
|-unboost|p1a: Great Tusk|def|1
|-unboost|p1a: Great Tusk|spd|1
|move|p2a: Hatterene|Draining Kiss|p1a: Great Tusk
|-supereffective|p1a: Great Tusk
|-damage|p1a: Great Tusk|0 fnt
|-heal|p2a: Hatterene|64/100|[from] drain|[of] p1a: Great Tusk
|faint|p1a: Great Tusk
|-end|p1a: Great Tusk|Protosynthesis|[silent]
|
|upkeep
|inactive|gang696969 has 120 seconds left.
|
|t:|1758342449
|switch|p1a: Dondozo|Dondozo, F|100/100
|turn|11
|inactive|gang696969 has 120 seconds left.
|
|t:|1758342460
|move|p1a: Dondozo|Liquidation|p2a: Hatterene
|-damage|p2a: Hatterene|26/100
|move|p2a: Hatterene|Nuzzle|p1a: Dondozo
|-supereffective|p1a: Dondozo
|-damage|p1a: Dondozo|95/100
|-status|p1a: Dondozo|par
|
|upkeep
|turn|12
|
|t:|1758342469
|move|p2a: Hatterene|Draining Kiss|p1a: Dondozo
|-damage|p1a: Dondozo|74/100 par
|-heal|p2a: Hatterene|51/100|[from] drain|[of] p1a: Dondozo
|cant|p1a: Dondozo|par
|
|upkeep
|turn|13
|
|t:|1758342476
|move|p2a: Hatterene|Draining Kiss|p1a: Dondozo
|-crit|p1a: Dondozo
|-damage|p1a: Dondozo|39/100 par
|-heal|p2a: Hatterene|93/100|[from] drain|[of] p1a: Dondozo
|move|p1a: Dondozo|Rain Dance|p1a: Dondozo
|-weather|RainDance
|
|-weather|RainDance|[upkeep]
|upkeep
|turn|14
|
|t:|1758342485
|switch|p2a: Hydrapple|Hydrapple, F|100/100
|-damage|p2a: Hydrapple|88/100|[from] Stealth Rock
|move|p1a: Dondozo|Liquidation|p2a: Hydrapple
|-resisted|p2a: Hydrapple
|-damage|p2a: Hydrapple|80/100
|
|-weather|RainDance|[upkeep]
|-heal|p2a: Hydrapple|86/100|[from] item: Leftovers
|upkeep
|turn|15
|
|t:|1758342497
|move|p2a: Hydrapple|Nasty Plot|p2a: Hydrapple
|-boost|p2a: Hydrapple|spa|2
|cant|p1a: Dondozo|par
|
|-weather|RainDance|[upkeep]
|-heal|p2a: Hydrapple|92/100|[from] item: Leftovers
|upkeep
|turn|16
|
|t:|1758342507
|switch|p1a: Zapdos|Zapdos|100/100
|move|p2a: Hydrapple|Giga Drain|p1a: Zapdos
|-resisted|p1a: Zapdos
|-damage|p1a: Zapdos|69/100
|-heal|p2a: Hydrapple|100/100|[from] drain|[of] p1a: Zapdos
|
|-weather|RainDance|[upkeep]
|-heal|p1a: Zapdos|75/100|[from] item: Leftovers
|upkeep
|turn|17
|
|t:|1758342519
|move|p1a: Zapdos|Hurricane|p2a: Hydrapple
|-supereffective|p2a: Hydrapple
|-damage|p2a: Hydrapple|0 fnt
|faint|p2a: Hydrapple
|
|-weather|RainDance|[upkeep]
|-heal|p1a: Zapdos|82/100|[from] item: Leftovers
|upkeep
|
|t:|1758342526
|switch|p2a: Chansey|Chansey, F|100/100
|-damage|p2a: Chansey|88/100|[from] Stealth Rock
|turn|18
|
|t:|1758342533
|move|p1a: Zapdos|Hurricane|p2a: Chansey
|-damage|p2a: Chansey|72/100
|move|p2a: Chansey|Thunder Wave|p1a: Zapdos
|-immune|p1a: Zapdos
|
|-weather|RainDance|[upkeep]
|-heal|p1a: Zapdos|88/100|[from] item: Leftovers
|upkeep
|turn|19
|
|t:|1758342547
|move|p1a: Zapdos|Thunder|p2a: Chansey
|-damage|p2a: Chansey|54/100
|-status|p2a: Chansey|par
|cant|p2a: Chansey|par
|
|-weather|RainDance|[upkeep]
|-heal|p1a: Zapdos|94/100|[from] item: Leftovers
|upkeep
|turn|20
|
|t:|1758342557
|move|p1a: Zapdos|Hurricane|p2a: Chansey
|-crit|p2a: Chansey
|-damage|p2a: Chansey|28/100 par
|-start|p2a: Chansey|confusion
|-activate|p2a: Chansey|confusion
|cant|p2a: Chansey|par
|
|-weather|none
|-heal|p1a: Zapdos|100/100|[from] item: Leftovers
|upkeep
|turn|21
|
|t:|1758342567
|move|p1a: Zapdos|Rain Dance|p1a: Zapdos
|-weather|RainDance
|-activate|p2a: Chansey|confusion
|-damage|p2a: Chansey|27/100 par|[from] confusion
|
|-weather|RainDance|[upkeep]
|upkeep
|turn|22
|
|t:|1758342574
|move|p1a: Zapdos|Hurricane|p2a: Chansey
|-damage|p2a: Chansey|10/100 par
|-activate|p2a: Chansey|confusion
|cant|p2a: Chansey|par
|
|-weather|RainDance|[upkeep]
|upkeep
|turn|23
|
|t:|1758342581
|move|p1a: Zapdos|Hurricane|p2a: Chansey
|-damage|p2a: Chansey|0 fnt
|faint|p2a: Chansey
|
|-weather|RainDance|[upkeep]
|upkeep
|
|t:|1758342593
|switch|p2a: Hatterene|Hatterene, F|93/100
|-damage|p2a: Hatterene|81/100|[from] Stealth Rock
|turn|24
|
|t:|1758342607
|-terastallize|p1a: Zapdos|Electric
|move|p1a: Zapdos|Thunder|p2a: Hatterene
|-damage|p2a: Hatterene|29/100
|move|p2a: Hatterene|Mystical Fire|p1a: Zapdos
|-damage|p1a: Zapdos|90/100
|-unboost|p1a: Zapdos|spa|1
|
|-weather|RainDance|[upkeep]
|-heal|p1a: Zapdos|96/100|[from] item: Leftovers
|upkeep
|turn|25
|inactive|H0N3R has 120 seconds left.
|
|t:|1758342639
|-terastallize|p2a: Hatterene|Dragon
|move|p1a: Zapdos|Thunder|p2a: Hatterene
|-resisted|p2a: Hatterene
|-damage|p2a: Hatterene|10/100
|move|p2a: Hatterene|Draining Kiss|p1a: Zapdos
|-damage|p1a: Zapdos|75/100
|-heal|p2a: Hatterene|29/100|[from] drain|[of] p1a: Zapdos
|-status|p2a: Hatterene|par|[from] ability: Static|[of] p1a: Zapdos
|
|-weather|none
|-heal|p1a: Zapdos|81/100|[from] item: Leftovers
|upkeep
|turn|26
|inactive|H0N3R has 120 seconds left.
|
|t:|1758342655
|move|p1a: Zapdos|Hurricane|p2a: Hatterene|[miss]
|-miss|p1a: Zapdos|p2a: Hatterene
|move|p2a: Hatterene|Mystical Fire|p1a: Zapdos
|-damage|p1a: Zapdos|59/100
|-unboost|p1a: Zapdos|spa|1
|
|-heal|p1a: Zapdos|65/100|[from] item: Leftovers
|upkeep
|turn|27
|inactive|H0N3R has 120 seconds left.
|
|t:|1758342666
|switch|p1a: Dondozo|Dondozo, F|39/100 par
|move|p2a: Hatterene|Draining Kiss|p1a: Dondozo
|-damage|p1a: Dondozo|15/100 par
|-heal|p2a: Hatterene|57/100 par|[from] drain|[of] p1a: Dondozo
|
|upkeep
|turn|28
|
|t:|1758342674
|cant|p1a: Dondozo|par
|move|p2a: Hatterene|Draining Kiss|p1a: Dondozo
|-damage|p1a: Dondozo|0 fnt
|-heal|p2a: Hatterene|75/100 par|[from] drain|[of] p1a: Dondozo
|faint|p1a: Dondozo
|
|upkeep
|
|t:|1758342685
|switch|p1a: Kingambit|Kingambit, M|100/100
|-activate|p1a: Kingambit|ability: Supreme Overlord
|-start|p1a: Kingambit|fallen3|[silent]
|turn|29
|
|t:|1758342696
|switch|p2a: Great Tusk|Great Tusk|75/100
|move|p1a: Kingambit|Kowtow Cleave|p2a: Great Tusk
|-resisted|p2a: Great Tusk
|-damage|p2a: Great Tusk|51/100
|
|upkeep
|turn|30
|
|t:|1758342704
|-end|p1a: Kingambit|fallen3|[silent]
|switch|p1a: Moltres|Moltres|100/100
|move|p2a: Great Tusk|Rapid Spin|p1a: Moltres
|-damage|p1a: Moltres|84/100
|-boost|p2a: Great Tusk|spe|1
|-sideend|p2: H0N3R|Stealth Rock|[from] move: Rapid Spin|[of] p2a: Great Tusk
|
|-heal|p1a: Moltres|90/100|[from] item: Leftovers
|upkeep
|turn|31
|
|t:|1758342718
|-end|p2a: Great Tusk|Protosynthesis|[silent]
|switch|p2a: Hatterene|Hatterene, F, tera:Dragon|75/100 par
|move|p1a: Moltres|Flamethrower|p2a: Hatterene
|-resisted|p2a: Hatterene
|-damage|p2a: Hatterene|61/100 par
|
|-heal|p1a: Moltres|96/100|[from] item: Leftovers
|upkeep
|turn|32
|
|t:|1758342739
|move|p1a: Moltres|Hurricane|p2a: Hatterene|[miss]
|-miss|p1a: Moltres|p2a: Hatterene
|move|p2a: Hatterene|Nuzzle|p1a: Moltres
|-supereffective|p1a: Moltres
|-damage|p1a: Moltres|88/100
|-status|p1a: Moltres|par
|
|-heal|p1a: Moltres|95/100 par|[from] item: Leftovers
|upkeep
|turn|33
|
|t:|1758342753
|move|p1a: Moltres|Hurricane|p2a: Hatterene|[miss]
|-miss|p1a: Moltres|p2a: Hatterene
|move|p2a: Hatterene|Mystical Fire|p1a: Moltres
|-resisted|p1a: Moltres
|-damage|p1a: Moltres|84/100 par
|-unboost|p1a: Moltres|spa|1
|
|-heal|p1a: Moltres|91/100 par|[from] item: Leftovers
|upkeep
|turn|34
|
|t:|1758342769
|move|p1a: Moltres|Hurricane|p2a: Hatterene
|-damage|p2a: Hatterene|37/100 par
|move|p2a: Hatterene|Draining Kiss|p1a: Moltres
|-resisted|p1a: Moltres
|-damage|p1a: Moltres|80/100 par
|-heal|p2a: Hatterene|47/100 par|[from] drain|[of] p1a: Moltres
|
|-heal|p1a: Moltres|86/100 par|[from] item: Leftovers
|upkeep
|turn|35
|
|t:|1758342784
|move|p1a: Moltres|Hurricane|p2a: Hatterene|[miss]
|-miss|p1a: Moltres|p2a: Hatterene
|cant|p2a: Hatterene|par
|
|-heal|p1a: Moltres|92/100 par|[from] item: Leftovers
|upkeep
|turn|36
|
|t:|1758342795
|cant|p1a: Moltres|par
|cant|p2a: Hatterene|par
|
|-heal|p1a: Moltres|99/100 par|[from] item: Leftovers
|upkeep
|turn|37
|
|t:|1758342803
|move|p1a: Moltres|Hurricane|p2a: Hatterene
|-damage|p2a: Hatterene|22/100 par
|move|p2a: Hatterene|Nuzzle|p1a: Moltres
|-supereffective|p1a: Moltres
|-crit|p1a: Moltres
|-damage|p1a: Moltres|87/100 par
|
|-heal|p1a: Moltres|93/100 par|[from] item: Leftovers
|upkeep
|turn|38
|
|t:|1758342817
|cant|p1a: Moltres|par
|cant|p2a: Hatterene|par
|
|-heal|p1a: Moltres|99/100 par|[from] item: Leftovers
|upkeep
|turn|39
|
|t:|1758342832
|cant|p1a: Moltres|par
|move|p2a: Hatterene|Mystical Fire|p1a: Moltres
|-resisted|p1a: Moltres
|-damage|p1a: Moltres|89/100 par
|-unboost|p1a: Moltres|spa|1
|
|-heal|p1a: Moltres|95/100 par|[from] item: Leftovers
|upkeep
|turn|40
|
|t:|1758342843
|cant|p1a: Moltres|par
|move|p2a: Hatterene|Draining Kiss|p1a: Moltres
|-resisted|p1a: Moltres
|-damage|p1a: Moltres|84/100 par
|-heal|p2a: Hatterene|31/100 par|[from] drain|[of] p1a: Moltres
|
|-heal|p1a: Moltres|91/100 par|[from] item: Leftovers
|upkeep
|turn|41
|
|t:|1758342862
|move|p1a: Moltres|Hurricane|p2a: Hatterene|[miss]
|-miss|p1a: Moltres|p2a: Hatterene
|move|p2a: Hatterene|Draining Kiss|p1a: Moltres
|-resisted|p1a: Moltres
|-damage|p1a: Moltres|80/100 par
|-heal|p2a: Hatterene|41/100 par|[from] drain|[of] p1a: Moltres
|
|-heal|p1a: Moltres|86/100 par|[from] item: Leftovers
|upkeep
|turn|42
|
|t:|1758342875
|cant|p1a: Moltres|par
|move|p2a: Hatterene|Mystical Fire|p1a: Moltres
|-resisted|p1a: Moltres
|-damage|p1a: Moltres|75/100 par
|-unboost|p1a: Moltres|spa|1
|
|-heal|p1a: Moltres|81/100 par|[from] item: Leftovers
|upkeep
|turn|43
|
|t:|1758342896
|move|p1a: Moltres|Hurricane|p2a: Hatterene
|-damage|p2a: Hatterene|27/100 par
|-start|p2a: Hatterene|confusion
|-activate|p2a: Hatterene|confusion
|move|p2a: Hatterene|Nuzzle|p1a: Moltres
|-supereffective|p1a: Moltres
|-damage|p1a: Moltres|73/100 par
|
|-heal|p1a: Moltres|79/100 par|[from] item: Leftovers
|upkeep
|turn|44
|inactive|H0N3R has 120 seconds left.
|
|t:|1758342917
|switch|p2a: Gholdengo|Gholdengo|100/100
|move|p1a: Moltres|Flamethrower|p2a: Gholdengo
|-supereffective|p2a: Gholdengo
|-damage|p2a: Gholdengo|54/100
|-status|p2a: Gholdengo|brn
|
|-heal|p1a: Moltres|85/100 par|[from] item: Leftovers
|-damage|p2a: Gholdengo|48/100 brn|[from] brn
|upkeep
|turn|45
|inactive|H0N3R has 120 seconds left.
|
|t:|1758342932
|move|p2a: Gholdengo|Trick|p1a: Moltres
|-activate|p2a: Gholdengo|move: Trick|[of] p1a: Moltres
|-item|p1a: Moltres|Choice Scarf|[from] move: Trick
|-item|p2a: Gholdengo|Leftovers|[from] move: Trick
|move|p1a: Moltres|Flamethrower|p2a: Gholdengo
|-supereffective|p2a: Gholdengo
|-damage|p2a: Gholdengo|4/100 brn
|
|-heal|p2a: Gholdengo|10/100 brn|[from] item: Leftovers
|-damage|p2a: Gholdengo|4/100 brn|[from] brn
|upkeep
|turn|46
|inactive|H0N3R has 120 seconds left.
|
|t:|1758342943
|move|p2a: Gholdengo|Shadow Ball|p1a: Moltres
|-damage|p1a: Moltres|38/100 par
|-unboost|p1a: Moltres|spd|1
|move|p1a: Moltres|Flamethrower|p2a: Gholdengo
|-supereffective|p2a: Gholdengo
|-damage|p2a: Gholdengo|0 fnt
|faint|p2a: Gholdengo
|
|upkeep
|inactive|H0N3R has 120 seconds left.
|
|t:|1758342971
|switch|p2a: Hatterene|Hatterene, F, tera:Dragon|27/100 par
|turn|47
|
|t:|1758342991
|switch|p1a: Zapdos|Zapdos, tera:Electric|65/100
|cant|p2a: Hatterene|par
|
|-heal|p1a: Zapdos|72/100|[from] item: Leftovers
|upkeep
|turn|48
|
|t:|1758343000
|move|p1a: Zapdos|Rain Dance|p1a: Zapdos
|-weather|RainDance
|move|p2a: Hatterene|Mystical Fire|p1a: Zapdos
|-damage|p1a: Zapdos|60/100
|-unboost|p1a: Zapdos|spa|1
|
|-weather|RainDance|[upkeep]
|-heal|p1a: Zapdos|66/100|[from] item: Leftovers
|upkeep
|turn|49
|
|t:|1758343009
|move|p1a: Zapdos|Hurricane|p2a: Hatterene
|-damage|p2a: Hatterene|1/100 par
|move|p2a: Hatterene|Draining Kiss|p1a: Zapdos
|-damage|p1a: Zapdos|42/100
|-heal|p2a: Hatterene|23/100 par|[from] drain|[of] p1a: Zapdos
|
|-weather|RainDance|[upkeep]
|-heal|p1a: Zapdos|48/100|[from] item: Leftovers
|upkeep
|turn|50
|
|t:|1758343019
|move|p1a: Zapdos|Hurricane|p2a: Hatterene
|-damage|p2a: Hatterene|0 fnt
|faint|p2a: Hatterene
|
|-weather|RainDance|[upkeep]
|-heal|p1a: Zapdos|55/100|[from] item: Leftovers
|upkeep
|
|t:|1758343036
|switch|p2a: Great Tusk|Great Tusk|51/100
|turn|51
|
|t:|1758343048
|move|p2a: Great Tusk|Earthquake|p1a: Zapdos
|-supereffective|p1a: Zapdos
|-damage|p1a: Zapdos|0 fnt
|faint|p1a: Zapdos
|
|-weather|RainDance|[upkeep]
|upkeep
|
|t:|1758343053
|switch|p1a: Moltres|Moltres|38/100 par
|turn|52
|
|t:|1758343059
|move|p2a: Great Tusk|Knock Off|p1a: Moltres
|-damage|p1a: Moltres|9/100 par
|-enditem|p1a: Moltres|Choice Scarf|[from] move: Knock Off|[of] p2a: Great Tusk
|move|p1a: Moltres|Hurricane|p2a: Great Tusk
|-supereffective|p2a: Great Tusk
|-damage|p2a: Great Tusk|0 fnt
|faint|p2a: Great Tusk
|-end|p2a: Great Tusk|Protosynthesis|[silent]
|
|win|gang696969
|raw|gang696969's rating: 1193 &rarr; <strong>1221</strong><br />(+28 for winning)
|raw|H0N3R's rating: 1240 &rarr; <strong>1212</strong><br />(-28 for losing)
|l|☆gang696969
|player|p1|
|l|☆H0N3R
|player|p2|
