|j|☆ernozo
|j|☆shshubo
|t:|1758277370
|gametype|singles
|player|p1|ernozo|skierf|1228
|player|p2|shshubo|hilbert-wonderlauncher|1283
|gen|9
|tier|[Gen 9] OU
|rated|
|rule|HP Percentage Mod: HP is shown in percentages
|rule|Endless Battle Clause: Forcing endless battles is banned
|rule|Species Clause: Limit one of each Pokémon
|rule|OHKO Clause: OHKO moves are banned
|rule|Evasion Items Clause: Evasion items are banned
|rule|Evasion Moves Clause: Evasion moves are banned
|rule|Evasion Abilities Clause: Evasion abilities are banned
|rule|Sleep Moves Clause: Sleep-inducing moves are banned
|clearpoke
|poke|p1|Ninetales-Alola, M|
|poke|p1|Frosmoth, M|
|poke|p1|Froslass, F|
|poke|p1|Cloyster, M|
|poke|p1|Glastrier|
|poke|p1|Kyurem|
|poke|p2|Cinderace, M|
|poke|p2|Iron Crown|
|poke|p2|Clefable, M|
|poke|p2|Alomomola, M|
|poke|p2|Dragonite, F|
|poke|p2|Iron Valiant|
|teampreview
|inactive|Battle timer is ON: inactive players will automatically lose when time's up. (requested by shshubo)
|
|t:|1758277381
|teamsize|p1|6
|teamsize|p2|6
|start
|switch|p1a: Froslass|Froslass, F|100/100
|switch|p2a: Iron Crown|Iron Crown|100/100
|turn|1
|
|t:|1758277385
|move|p2a: Iron Crown|Tachyon Cutter|p1a: Froslass
|-supereffective|p1a: Froslass
|-damage|p1a: Froslass|23/100
|-supereffective|p1a: Froslass
|-damage|p1a: Froslass|0 fnt
|-start|p2a: Iron Crown|Disable|Tachyon Cutter|[from] ability: Cursed Body|[of] p1a: Froslass
|faint|p1a: Froslass
|-hitcount|p1: Froslass|2
|
|upkeep
|
|t:|1758277391
|switch|p1a: Frosmoth|Frosmoth, M|100/100
|turn|2
|
|t:|1758277397
|-end|p2a: Iron Crown|Quark Drive|[silent]
|switch|p2a: Clefable|Clefable, M, shiny|100/100
|move|p1a: Frosmoth|Quiver Dance|p1a: Frosmoth
|-boost|p1a: Frosmoth|spa|1
|-boost|p1a: Frosmoth|spd|1
|-boost|p1a: Frosmoth|spe|1
|
|upkeep
|turn|3
|
|t:|1758277400
|move|p1a: Frosmoth|Substitute|p1a: Frosmoth
|-start|p1a: Frosmoth|Substitute
|-damage|p1a: Frosmoth|76/100
|move|p2a: Clefable|Calm Mind|p2a: Clefable
|-boost|p2a: Clefable|spa|1
|-boost|p2a: Clefable|spd|1
|
|upkeep
|turn|4
|
|t:|1758277404
|move|p1a: Frosmoth|Quiver Dance|p1a: Frosmoth
|-boost|p1a: Frosmoth|spa|1
|-boost|p1a: Frosmoth|spd|1
|-boost|p1a: Frosmoth|spe|1
|move|p2a: Clefable|Calm Mind|p2a: Clefable
|-boost|p2a: Clefable|spa|1
|-boost|p2a: Clefable|spd|1
|
|upkeep
|turn|5
|
|t:|1758277407
|move|p1a: Frosmoth|Quiver Dance|p1a: Frosmoth
|-boost|p1a: Frosmoth|spa|1
|-boost|p1a: Frosmoth|spd|1
|-boost|p1a: Frosmoth|spe|1
|move|p2a: Clefable|Calm Mind|p2a: Clefable
|-boost|p2a: Clefable|spa|1
|-boost|p2a: Clefable|spd|1
|
|upkeep
|turn|6
|
|t:|1758277411
|move|p1a: Frosmoth|Quiver Dance|p1a: Frosmoth
|-boost|p1a: Frosmoth|spa|1
|-boost|p1a: Frosmoth|spd|1
|-boost|p1a: Frosmoth|spe|1
|move|p2a: Clefable|Calm Mind|p2a: Clefable
|-boost|p2a: Clefable|spa|1
|-boost|p2a: Clefable|spd|1
|
|upkeep
|turn|7
|
|t:|1758277413
|move|p1a: Frosmoth|Quiver Dance|p1a: Frosmoth
|-boost|p1a: Frosmoth|spa|1
|-boost|p1a: Frosmoth|spd|1
|-boost|p1a: Frosmoth|spe|1
|move|p2a: Clefable|Moonblast|p1a: Frosmoth
|-end|p1a: Frosmoth|Substitute
|
|upkeep
|turn|8
|
|t:|1758277419
|move|p1a: Frosmoth|Quiver Dance|p1a: Frosmoth
|-boost|p1a: Frosmoth|spa|1
|-boost|p1a: Frosmoth|spd|1
|-boost|p1a: Frosmoth|spe|1
|move|p2a: Clefable|Moonblast|p1a: Frosmoth
|-damage|p1a: Frosmoth|19/100
|
|upkeep
|turn|9
|
|t:|1758277425
|move|p1a: Frosmoth|Ice Beam|p2a: Clefable
|-damage|p2a: Clefable|89/100
|move|p2a: Clefable|Moonblast|p1a: Frosmoth
|-damage|p1a: Frosmoth|0 fnt
|faint|p1a: Frosmoth
|
|-heal|p2a: Clefable|95/100|[from] item: Leftovers
|upkeep
|
|t:|1758277429
|switch|p1a: Cloyster|Cloyster, M|100/100
|turn|10
|
|t:|1758277434
|move|p1a: Cloyster|Shell Smash|p1a: Cloyster
|-unboost|p1a: Cloyster|def|1
|-unboost|p1a: Cloyster|spd|1
|-boost|p1a: Cloyster|atk|2
|-boost|p1a: Cloyster|spa|2
|-boost|p1a: Cloyster|spe|2
|move|p2a: Clefable|Moonblast|p1a: Cloyster
|-enditem|p1a: Cloyster|Focus Sash
|-damage|p1a: Cloyster|1/100
|-unboost|p1a: Cloyster|spa|1
|
|-heal|p2a: Clefable|100/100|[from] item: Leftovers
|upkeep
|turn|11
|
|t:|1758277437
|move|p1a: Cloyster|Icicle Spear|p2a: Clefable
|-damage|p2a: Clefable|87/100
|-damage|p2a: Clefable|74/100
|-damage|p2a: Clefable|61/100
|-damage|p2a: Clefable|47/100
|-damage|p2a: Clefable|33/100
|-hitcount|p2a: Clefable|5
|move|p2a: Clefable|Knock Off|p1a: Cloyster
|-damage|p1a: Cloyster|0 fnt
|faint|p1a: Cloyster
|
|-heal|p2a: Clefable|40/100|[from] item: Leftovers
|upkeep
|
|t:|1758277443
|switch|p1a: Ninetales|Ninetales-Alola, M|100/100
|-weather|Snowscape|[from] ability: Snow Warning|[of] p1a: Ninetales
|turn|12
|
|t:|1758277448
|move|p1a: Ninetales|Aurora Veil|p1a: Ninetales
|-sidestart|p1: ernozo|move: Aurora Veil
|move|p2a: Clefable|Moonblast|p1a: Ninetales
|-damage|p1a: Ninetales|48/100
|
|-weather|Snowscape|[upkeep]
|-heal|p2a: Clefable|46/100|[from] item: Leftovers
|upkeep
|turn|13
|
|t:|1758277456
|move|p1a: Ninetales|Blizzard|p2a: Clefable
|-damage|p2a: Clefable|36/100
|move|p2a: Clefable|Moonblast|p1a: Ninetales
|-damage|p1a: Ninetales|0 fnt
|faint|p1a: Ninetales
|
|-weather|Snowscape|[upkeep]
|-heal|p2a: Clefable|42/100|[from] item: Leftovers
|upkeep
|
|t:|1758277460
|switch|p1a: Kyurem|Kyurem|100/100
|-ability|p1a: Kyurem|Pressure
|turn|14
|
|t:|1758277470
|-terastallize|p1a: Kyurem|Poison
|move|p1a: Kyurem|Dragon Dance|p1a: Kyurem
|-boost|p1a: Kyurem|atk|1
|-boost|p1a: Kyurem|spe|1
|move|p2a: Clefable|Moonblast|p1a: Kyurem
|-resisted|p1a: Kyurem
|-crit|p1a: Kyurem
|-damage|p1a: Kyurem|32/100
|-unboost|p1a: Kyurem|spa|1
|
|-weather|Snowscape|[upkeep]
|-heal|p2a: Clefable|48/100|[from] item: Leftovers
|upkeep
|turn|15
|
|t:|1758277476
|move|p1a: Kyurem|Icicle Spear|p2a: Clefable
|-damage|p2a: Clefable|30/100
|-damage|p2a: Clefable|14/100
|-damage|p2a: Clefable|0 fnt
|faint|p2a: Clefable
|-hitcount|p2: Clefable|3
|
|-weather|Snowscape|[upkeep]
|upkeep
|
|t:|1758277485
|switch|p2a: Iron Crown|Iron Crown|100/100
|turn|16
|
|t:|1758277489
|move|p2a: Iron Crown|Tachyon Cutter|p1a: Kyurem
|-damage|p1a: Kyurem|19/100
|-damage|p1a: Kyurem|6/100
|-hitcount|p1a: Kyurem|2
|move|p1a: Kyurem|Scale Shot|p2a: Iron Crown
|-resisted|p2a: Iron Crown
|-damage|p2a: Iron Crown|89/100
|-resisted|p2a: Iron Crown
|-damage|p2a: Iron Crown|78/100
|-resisted|p2a: Iron Crown
|-damage|p2a: Iron Crown|66/100
|-resisted|p2a: Iron Crown
|-damage|p2a: Iron Crown|55/100
|-resisted|p2a: Iron Crown
|-damage|p2a: Iron Crown|43/100
|-hitcount|p2a: Iron Crown|5
|-unboost|p1a: Kyurem|def|1
|-boost|p1a: Kyurem|spe|1
|
|-weather|none
|upkeep
|turn|17
|
|t:|1758277501
|move|p1a: Kyurem|Scale Shot|p2a: Iron Crown
|-resisted|p2a: Iron Crown
|-damage|p2a: Iron Crown|32/100
|-resisted|p2a: Iron Crown
|-damage|p2a: Iron Crown|21/100
|-resisted|p2a: Iron Crown
|-damage|p2a: Iron Crown|9/100
|-resisted|p2a: Iron Crown
|-damage|p2a: Iron Crown|0 fnt
|faint|p2a: Iron Crown
|-end|p2a: Iron Crown|Quark Drive|[silent]
|-hitcount|p2: Iron Crown|4
|-unboost|p1a: Kyurem|def|1
|-boost|p1a: Kyurem|spe|1
|
|upkeep
|
|t:|1758277506
|switch|p2a: Dragonite|Dragonite, F|100/100
|turn|18
|
|t:|1758277510
|move|p2a: Dragonite|Extreme Speed|p1a: Kyurem
|-damage|p1a: Kyurem|0 fnt
|faint|p1a: Kyurem
|
|upkeep
|
|t:|1758277513
|switch|p1a: Glastrier|Glastrier|100/100
|turn|19
|
|t:|1758277517
|-terastallize|p2a: Dragonite|Normal
|move|p2a: Dragonite|Dragon Dance|p2a: Dragonite
|-boost|p2a: Dragonite|atk|1
|-boost|p2a: Dragonite|spe|1
|move|p1a: Glastrier|Icicle Crash|p2a: Dragonite
|-damage|p2a: Dragonite|70/100
|
|-sideend|p1: ernozo|move: Aurora Veil
|upkeep
|turn|20
|
|t:|1758277524
|move|p2a: Dragonite|Extreme Speed|p1a: Glastrier
|-damage|p1a: Glastrier|53/100
|move|p1a: Glastrier|Close Combat|p2a: Dragonite
|-supereffective|p2a: Dragonite
|-damage|p2a: Dragonite|0 fnt
|-unboost|p1a: Glastrier|def|1
|-unboost|p1a: Glastrier|spd|1
|faint|p2a: Dragonite
|-ability|p1a: Glastrier|Chilling Neigh|boost
|-boost|p1a: Glastrier|atk|1
|
|upkeep
|
|t:|1758277528
|switch|p2a: Iron Valiant|Iron Valiant, shiny|100/100
|-enditem|p2a: Iron Valiant|Booster Energy
|-activate|p2a: Iron Valiant|ability: Quark Drive|[fromitem]
|-start|p2a: Iron Valiant|quarkdrivespe
|turn|21
|
|t:|1758277532
|move|p2a: Iron Valiant|Aura Sphere|p1a: Glastrier
|-supereffective|p1a: Glastrier
|-damage|p1a: Glastrier|0 fnt
|faint|p1a: Glastrier
|
|win|shshubo
|raw|ernozo's rating: 1228 &rarr; <strong>1207</strong><br />(-21 for losing)
|raw|shshubo's rating: 1283 &rarr; <strong>1304</strong><br />(+21 for winning)
|l|☆ernozo
|player|p1|
|l|☆shshubo
|player|p2|
