|j|☆JaponaisAnglais
|j|☆AKidWithADream
|t:|1758299928
|gametype|singles
|player|p1|JaponaisAnglais|silver|1242
|player|p2|AKidWithADream|265|1210
|gen|9
|tier|[Gen 9] OU
|rated|
|rule|HP Percentage Mod: HP is shown in percentages
|rule|Endless Battle Clause: Forcing endless battles is banned
|rule|Species Clause: Limit one of each Pokémon
|rule|OHKO Clause: OHKO moves are banned
|rule|Evasion Items Clause: Evasion items are banned
|rule|Evasion Moves Clause: Evasion moves are banned
|rule|Evasion Abilities Clause: Evasion abilities are banned
|rule|Sleep Moves Clause: Sleep-inducing moves are banned
|clearpoke
|poke|p1|Dragonite, M|
|poke|p1|Kleavor, F|
|poke|p1|Moltres-Galar|
|poke|p1|Pecharunt|
|poke|p1|Hitmontop, M|
|poke|p1|Iron Crown|
|poke|p2|Dragapult, F|
|poke|p2|Slowking-Galar, F|
|poke|p2|Sandslash-Alola, F|
|poke|p2|Clefable, F|
|poke|p2|Quaquaval, M|
|poke|p2|Jumpluff, F|
|teampreview
|
|t:|1758299938
|teamsize|p1|6
|teamsize|p2|6
|start
|switch|p1a: Kleavor|Kleavor, F|100/100
|switch|p2a: Jumpluff|Jumpluff, F, shiny|100/100
|turn|1
|inactive|Battle timer is ON: inactive players will automatically lose when time's up. (requested by JaponaisAnglais)
|
|t:|1758299954
|move|p2a: Jumpluff|Protect|p2a: Jumpluff
|-singleturn|p2a: Jumpluff|Protect
|move|p1a: Kleavor|Stone Axe|p2a: Jumpluff
|-activate|p2a: Jumpluff|move: Protect
|
|upkeep
|turn|2
|
|t:|1758299961
|switch|p2a: Quaquaval|Quaquaval, M|100/100
|move|p1a: Kleavor|Stone Axe|p2a: Quaquaval
|-resisted|p2a: Quaquaval
|-damage|p2a: Quaquaval|48/100
|-sidestart|p2: AKidWithADream|move: Stealth Rock
|
|upkeep
|turn|3
|
|t:|1758299980
|move|p1a: Kleavor|Stone Axe|p2a: Quaquaval|[miss]
|-miss|p1a: Kleavor|p2a: Quaquaval
|move|p2a: Quaquaval|Knock Off|p1a: Kleavor
|-damage|p1a: Kleavor|64/100
|-enditem|p1a: Kleavor|Choice Band|[from] move: Knock Off|[of] p2a: Quaquaval
|
|upkeep
|turn|4
|
|t:|1758299993
|move|p1a: Kleavor|Stone Axe|p2a: Quaquaval
|-resisted|p2a: Quaquaval
|-damage|p2a: Quaquaval|17/100
|move|p2a: Quaquaval|Aqua Step|p1a: Kleavor
|-supereffective|p1a: Kleavor
|-damage|p1a: Kleavor|0 fnt
|-boost|p2a: Quaquaval|spe|1
|faint|p1a: Kleavor
|-ability|p2a: Quaquaval|Moxie|boost
|-boost|p2a: Quaquaval|atk|1
|
|upkeep
|
|t:|1758300004
|switch|p1a: Hitmontop|Hitmontop, M|100/100
|turn|5
|
|t:|1758300015
|move|p1a: Hitmontop|Fake Out|p2a: Quaquaval
|-damage|p2a: Quaquaval|0 fnt
|faint|p2a: Quaquaval
|
|upkeep
|
|t:|1758300023
|switch|p2a: Slowking|Slowking-Galar, F|100/100
|-damage|p2a: Slowking|88/100|[from] Stealth Rock
|turn|6
|
|t:|1758300034
|switch|p1a: Iron Crown|Iron Crown|100/100
|move|p2a: Slowking|Future Sight|p1a: Iron Crown
|-start|p2a: Slowking|move: Future Sight
|
|upkeep
|turn|7
|
|t:|1758300042
|move|p1a: Iron Crown|Psychic|p2a: Slowking
|-damage|p2a: Slowking|35/100
|move|p2a: Slowking|Thunder Wave|p1a: Iron Crown
|-status|p1a: Iron Crown|par
|
|upkeep
|turn|8
|
|t:|1758300051
|cant|p1a: Iron Crown|par
|-prepare|p2a: Slowking|Chilly Reception|[premajor]
|move|p2a: Slowking|Chilly Reception|p2a: Slowking
|-weather|Snowscape
|
|t:|1758300056
|switch|p2a: Sandslash|Sandslash-Alola, F|100/100|[from] Chilly Reception
|
|-weather|Snowscape|[upkeep]
|-end|p1a: Iron Crown|move: Future Sight
|-resisted|p1a: Iron Crown
|-damage|p1a: Iron Crown|87/100 par
|upkeep
|turn|9
|
|t:|1758300067
|move|p2a: Sandslash|Swords Dance|p2a: Sandslash
|-boost|p2a: Sandslash|atk|2
|cant|p1a: Iron Crown|par
|
|-weather|Snowscape|[upkeep]
|upkeep
|turn|10
|
|t:|1758300083
|-end|p1a: Iron Crown|Quark Drive|[silent]
|switch|p1a: Pecharunt|Pecharunt|100/100
|move|p2a: Sandslash|Rapid Spin|p1a: Pecharunt
|-immune|p1a: Pecharunt
|
|-weather|Snowscape|[upkeep]
|upkeep
|turn|11
|
|t:|1758300101
|move|p2a: Sandslash|Iron Head|p1a: Pecharunt
|-damage|p1a: Pecharunt|71/100
|move|p1a: Pecharunt|Shadow Ball|p2a: Sandslash
|-damage|p2a: Sandslash|59/100
|
|-weather|Snowscape|[upkeep]
|-heal|p1a: Pecharunt|77/100|[from] item: Leftovers
|upkeep
|turn|12
|
|t:|1758300112
|move|p2a: Sandslash|Iron Head|p1a: Pecharunt
|-damage|p1a: Pecharunt|50/100
|move|p1a: Pecharunt|Shadow Ball|p2a: Sandslash
|-damage|p2a: Sandslash|24/100
|
|-weather|Snowscape|[upkeep]
|-heal|p1a: Pecharunt|56/100|[from] item: Leftovers
|upkeep
|turn|13
|
|t:|1758300121
|move|p2a: Sandslash|Iron Head|p1a: Pecharunt
|-damage|p1a: Pecharunt|27/100
|move|p1a: Pecharunt|Shadow Ball|p2a: Sandslash
|-damage|p2a: Sandslash|0 fnt
|faint|p2a: Sandslash
|
|-weather|Snowscape|[upkeep]
|-heal|p1a: Pecharunt|33/100|[from] item: Leftovers
|upkeep
|
|t:|1758300137
|switch|p2a: Clefable|Clefable, F|100/100
|turn|14
|
|t:|1758300147
|move|p1a: Pecharunt|Recover|p1a: Pecharunt
|-heal|p1a: Pecharunt|83/100
|move|p2a: Clefable|Light Screen|p2a: Clefable
|-sidestart|p2: AKidWithADream|move: Light Screen
|
|-weather|Snowscape|[upkeep]
|-heal|p1a: Pecharunt|89/100|[from] item: Leftovers
|upkeep
|turn|15
|
|t:|1758300162
|switch|p2a: Slowking|Slowking-Galar, F|69/100
|-damage|p2a: Slowking|56/100|[from] Stealth Rock
|move|p1a: Pecharunt|Malignant Chain|p2a: Slowking
|-resisted|p2a: Slowking
|-damage|p2a: Slowking|50/100
|
|-weather|none
|-heal|p1a: Pecharunt|95/100|[from] item: Leftovers
|upkeep
|turn|16
|
|t:|1758300172
|move|p1a: Pecharunt|Shadow Ball|p2a: Slowking
|-supereffective|p2a: Slowking
|-damage|p2a: Slowking|28/100
|move|p2a: Slowking|Future Sight|p1a: Pecharunt
|-start|p2a: Slowking|move: Future Sight
|
|-heal|p1a: Pecharunt|100/100|[from] item: Leftovers
|upkeep
|turn|17
|
|t:|1758300202
|switch|p2a: Dragapult|Dragapult, F|100/100
|-damage|p2a: Dragapult|88/100|[from] Stealth Rock
|move|p1a: Pecharunt|Shadow Ball|p2a: Dragapult
|-supereffective|p2a: Dragapult
|-damage|p2a: Dragapult|55/100
|
|upkeep
|turn|18
|inactive|JaponaisAnglais has 120 seconds left.
|
|t:|1758300219
|move|p2a: Dragapult|Phantom Force||[still]
|-prepare|p2a: Dragapult|Phantom Force
|move|p1a: Pecharunt|Parting Shot|p2a: Dragapult|[miss]
|-miss|p1a: Pecharunt|p2a: Dragapult
|
|-end|p1a: Pecharunt|move: Future Sight
|-supereffective|p1a: Pecharunt
|-damage|p1a: Pecharunt|0 fnt
|faint|p1a: Pecharunt
|-sideend|p2: AKidWithADream|move: Light Screen
|upkeep
|inactive|JaponaisAnglais has 120 seconds left.
|
|t:|1758300228
|switch|p1a: Iron Crown|Iron Crown|87/100 par
|turn|19
|
|t:|1758300238
|-end|p1a: Iron Crown|Quark Drive|[silent]
|switch|p1a: Moltres|Moltres-Galar|100/100
|move|p2a: Dragapult|Phantom Force|p1a: Moltres|[from] lockedmove
|-resisted|p1a: Moltres
|-damage|p1a: Moltres|69/100
|-damage|p2a: Dragapult|45/100|[from] item: Life Orb
|
|upkeep
|turn|20
|
|t:|1758300248
|-terastallize|p2a: Dragapult|Dragon
|move|p2a: Dragapult|Dragon Darts|p1a: Moltres
|-damage|p1a: Moltres|25/100
|-anim|p2a: Dragapult|Dragon Darts|p1a: Moltres
|-damage|p1a: Moltres|0 fnt
|faint|p1a: Moltres
|-damage|p2a: Dragapult|35/100|[from] item: Life Orb
|
|upkeep
|
|t:|1758300257
|switch|p1a: Dragonite|Dragonite, M|100/100
|turn|21
|
|t:|1758300264
|switch|p2a: Jumpluff|Jumpluff, F, shiny|100/100
|-damage|p2a: Jumpluff|76/100|[from] Stealth Rock
|-terastallize|p1a: Dragonite|Normal
|move|p1a: Dragonite|Extreme Speed|p2a: Jumpluff
|-damage|p2a: Jumpluff|3/100
|
|upkeep
|turn|22
|
|t:|1758300276
|move|p2a: Jumpluff|Protect|p2a: Jumpluff
|-singleturn|p2a: Jumpluff|Protect
|move|p1a: Dragonite|Extreme Speed|p2a: Jumpluff
|-activate|p2a: Jumpluff|move: Protect
|
|upkeep
|turn|23
|
|t:|1758300291
|move|p2a: Jumpluff|Memento|p1a: Dragonite
|-unboost|p1a: Dragonite|atk|2
|-unboost|p1a: Dragonite|spa|2
|faint|p2a: Jumpluff
|move|p1a: Dragonite|Ice Spinner|p2: Jumpluff|[notarget]
|-fail|p1a: Dragonite
|
|upkeep
|
|t:|1758300300
|switch|p2a: Slowking|Slowking-Galar, F|62/100
|-damage|p2a: Slowking|49/100|[from] Stealth Rock
|turn|24
|
|t:|1758300310
|switch|p1a: Iron Crown|Iron Crown|87/100 par
|move|p2a: Slowking|Future Sight|p1a: Iron Crown
|-start|p2a: Slowking|move: Future Sight
|
|upkeep
|turn|25
|
|t:|1758300324
|switch|p2a: Clefable|Clefable, F|100/100
|move|p1a: Iron Crown|Psychic|p2a: Clefable
|-damage|p2a: Clefable|55/100
|-unboost|p2a: Clefable|spd|1
|
|-heal|p2a: Clefable|61/100|[from] item: Leftovers
|upkeep
|turn|26
|
|t:|1758300334
|move|p1a: Iron Crown|Psychic|p2a: Clefable
|-damage|p2a: Clefable|0 fnt
|faint|p2a: Clefable
|
|-end|p1a: Iron Crown|move: Future Sight
|-resisted|p1a: Iron Crown
|-damage|p1a: Iron Crown|73/100 par
|upkeep
|
|t:|1758300343
|switch|p2a: Dragapult|Dragapult, F, tera:Dragon|35/100
|-damage|p2a: Dragapult|23/100|[from] Stealth Rock
|turn|27
|
|t:|1758300354
|move|p2a: Dragapult|U-turn|p1a: Iron Crown
|-damage|p1a: Iron Crown|44/100 par
|-damage|p2a: Dragapult|13/100|[from] item: Life Orb
|
|t:|1758300358
|switch|p2a: Slowking|Slowking-Galar, F|82/100|[from] U-turn
|-damage|p2a: Slowking|70/100|[from] Stealth Rock
|move|p1a: Iron Crown|Psychic|p2a: Slowking
|-damage|p2a: Slowking|17/100
|
|upkeep
|turn|28
|
|t:|1758300367
|cant|p1a: Iron Crown|par
|move|p2a: Slowking|Future Sight|p1a: Iron Crown
|-start|p2a: Slowking|move: Future Sight
|
|upkeep
|turn|29
|
|t:|1758300372
|move|p1a: Iron Crown|Psychic|p2a: Slowking
|-damage|p2a: Slowking|0 fnt
|faint|p2a: Slowking
|
|upkeep
|
|t:|1758300377
|switch|p2a: Dragapult|Dragapult, F, tera:Dragon|13/100
|-damage|p2a: Dragapult|1/100|[from] Stealth Rock
|turn|30
|
|t:|1758300383
|move|p2a: Dragapult|Dragon Darts|p1a: Iron Crown
|-resisted|p1a: Iron Crown
|-damage|p1a: Iron Crown|22/100 par
|-anim|p2a: Dragapult|Dragon Darts|p1a: Iron Crown
|-resisted|p1a: Iron Crown
|-damage|p1a: Iron Crown|1/100 par
|-damage|p2a: Dragapult|0 fnt|[from] item: Life Orb
|faint|p2a: Dragapult
|
|win|JaponaisAnglais
|raw|JaponaisAnglais's rating: 1242 &rarr; <strong>1265</strong><br />(+23 for winning)
|raw|AKidWithADream's rating: 1210 &rarr; <strong>1187</strong><br />(-23 for losing)
|l|☆JaponaisAnglais
|player|p1|
|l|☆AKidWithADream
|player|p2|
