|j|☆Obotwinkletoes
|j|☆syk1307
|t:|1758344799
|gametype|singles
|player|p1|Obotwinkletoes|2|1349
|player|p2|syk1307|giovanni|1372
|gen|9
|tier|[Gen 9] OU
|rated|
|rule|HP Percentage Mod: HP is shown in percentages
|rule|Endless Battle Clause: Forcing endless battles is banned
|rule|Species Clause: Limit one of each Pokémon
|rule|OHKO Clause: OHKO moves are banned
|rule|Evasion Items Clause: Evasion items are banned
|rule|Evasion Moves Clause: Evasion moves are banned
|rule|Evasion Abilities Clause: Evasion abilities are banned
|rule|Sleep Moves Clause: Sleep-inducing moves are banned
|clearpoke
|poke|p1|Thundurus, M|
|poke|p1|Slowking-Galar, M|
|poke|p1|Gyarados, M|
|poke|p1|Donphan, F|
|poke|p1|Diancie|
|poke|p1|Metagross|
|poke|p2|Jolteon, M|
|poke|p2|Quaquaval, M|
|poke|p2|Arcanine, M|
|poke|p2|Scizor, M|
|poke|p2|Corviknight, M|
|poke|p2|Mew|
|teampreview
|inactive|Battle timer is ON: inactive players will automatically lose when time's up. (requested by Obotwinkletoes)
|
|t:|1758344818
|teamsize|p1|6
|teamsize|p2|6
|start
|switch|p1a: Slowking|Slowking-Galar, M, shiny|100/100
|switch|p2a: Quaquaval|Quaquaval, M|100/100
|turn|1
|
|t:|1758344825
|move|p2a: Quaquaval|Swords Dance|p2a: Quaquaval
|-boost|p2a: Quaquaval|atk|2
|move|p1a: Slowking|Thunder Wave|p2a: Quaquaval
|-status|p2a: Quaquaval|par
|-enditem|p2a: Quaquaval|Lum Berry|[eat]
|-curestatus|p2a: Quaquaval|par|[msg]
|
|upkeep
|turn|2
|
|t:|1758344833
|move|p2a: Quaquaval|Knock Off|p1a: Slowking
|-supereffective|p1a: Slowking
|-damage|p1a: Slowking|0 fnt
|-enditem|p1a: Slowking|Leftovers|[from] move: Knock Off|[of] p2a: Quaquaval
|faint|p1a: Slowking
|-ability|p2a: Quaquaval|Moxie|boost
|-boost|p2a: Quaquaval|atk|1
|
|upkeep
|
|t:|1758344842
|switch|p1a: Thundurus|Thundurus, M, shiny|100/100
|turn|3
|
|t:|1758344847
|-terastallize|p2a: Quaquaval|Steel
|move|p1a: Thundurus|Thunderbolt|p2a: Quaquaval
|-damage|p2a: Quaquaval|23/100
|-damage|p1a: Thundurus|90/100|[from] item: Life Orb
|move|p2a: Quaquaval|Aqua Step|p1a: Thundurus
|-damage|p1a: Thundurus|0 fnt
|-boost|p2a: Quaquaval|spe|1
|faint|p1a: Thundurus
|-ability|p2a: Quaquaval|Moxie|boost
|-boost|p2a: Quaquaval|atk|1
|
|upkeep
|
|t:|1758344860
|switch|p1a: Donphan|Donphan, F|100/100
|turn|4
|
|t:|1758344863
|move|p2a: Quaquaval|Aqua Step|p1a: Donphan
|-supereffective|p1a: Donphan
|-ability|p1a: Donphan|Sturdy
|-damage|p1a: Donphan|1/100
|-boost|p2a: Quaquaval|spe|1
|-damage|p2a: Quaquaval|6/100|[from] item: Rocky Helmet|[of] p1a: Donphan
|move|p1a: Donphan|Earthquake|p2a: Quaquaval
|-supereffective|p2a: Quaquaval
|-damage|p2a: Quaquaval|0 fnt
|faint|p2a: Quaquaval
|
|upkeep
|
|t:|1758344881
|switch|p2a: Scizor|Scizor, M|100/100
|turn|5
|
|t:|1758344886
|move|p2a: Scizor|U-turn|p1a: Donphan
|-damage|p1a: Donphan|0 fnt
|-damage|p2a: Scizor|84/100|[from] item: Rocky Helmet|[of] p1a: Donphan
|faint|p1a: Donphan
|
|t:|1758344895
|switch|p2a: Jolteon|Jolteon, M|100/100|[from] U-turn
|
|upkeep
|
|t:|1758344924
|switch|p1a: Metagross|Metagross, shiny|100/100
|turn|6
|
|t:|1758344931
|move|p2a: Jolteon|Volt Switch|p1a: Metagross
|-damage|p1a: Metagross|42/100
|
|t:|1758344937
|switch|p2a: Corviknight|Corviknight, M|100/100|[from] Volt Switch
|move|p1a: Metagross|Knock Off|p2a: Corviknight
|-damage|p2a: Corviknight|77/100
|-damage|p1a: Metagross|26/100|[from] item: Rocky Helmet|[of] p2a: Corviknight
|-enditem|p2a: Corviknight|Rocky Helmet|[from] move: Knock Off|[of] p1a: Metagross
|
|upkeep
|turn|7
|
|t:|1758344949
|switch|p1a: Diancie|Diancie, shiny|100/100
|move|p2a: Corviknight|U-turn|p1a: Diancie
|-resisted|p1a: Diancie
|-damage|p1a: Diancie|96/100
|
|t:|1758344955
|switch|p2a: Jolteon|Jolteon, M|100/100|[from] U-turn
|
|-heal|p1a: Diancie|100/100|[from] item: Leftovers
|upkeep
|turn|8
|
|t:|1758344962
|switch|p1a: Metagross|Metagross, shiny|26/100
|move|p2a: Jolteon|Volt Switch|p1a: Metagross
|-damage|p1a: Metagross|0 fnt
|faint|p1a: Metagross
|
|t:|1758344976
|switch|p2a: Arcanine|Arcanine, M|100/100|[from] Volt Switch
|
|upkeep
|
|t:|1758344982
|switch|p1a: Gyarados|Gyarados, M, shiny|100/100
|turn|9
|
|t:|1758344992
|-terastallize|p1a: Gyarados|Electric
|move|p2a: Arcanine|Wild Charge|p1a: Gyarados
|-resisted|p1a: Gyarados
|-damage|p1a: Gyarados|75/100
|-damage|p2a: Arcanine|93/100|[from] Recoil
|move|p1a: Gyarados|Dragon Dance|p1a: Gyarados
|-boost|p1a: Gyarados|atk|1
|-boost|p1a: Gyarados|spe|1
|
|-heal|p1a: Gyarados|81/100|[from] item: Leftovers
|upkeep
|turn|10
|
|t:|1758345011
|switch|p2a: Corviknight|Corviknight, M|77/100
|move|p1a: Gyarados|Dragon Dance|p1a: Gyarados
|-boost|p1a: Gyarados|atk|1
|-boost|p1a: Gyarados|spe|1
|
|-heal|p1a: Gyarados|87/100|[from] item: Leftovers
|upkeep
|turn|11
|
|t:|1758345019
|move|p1a: Gyarados|Waterfall|p2a: Corviknight
|-damage|p2a: Corviknight|28/100
|cant|p2a: Corviknight|flinch
|
|-heal|p1a: Gyarados|93/100|[from] item: Leftovers
|upkeep
|turn|12
|
|t:|1758345027
|move|p1a: Gyarados|Waterfall|p2a: Corviknight
|-damage|p2a: Corviknight|0 fnt
|faint|p2a: Corviknight
|-ability|p1a: Gyarados|Moxie|boost
|-boost|p1a: Gyarados|atk|1
|
|-heal|p1a: Gyarados|99/100|[from] item: Leftovers
|upkeep
|
|t:|1758345035
|switch|p2a: Mew|Mew, shiny|100/100
|turn|13
|
|t:|1758345039
|move|p1a: Gyarados|Crunch|p2a: Mew
|-supereffective|p2a: Mew
|-damage|p2a: Mew|0 fnt
|faint|p2a: Mew
|-ability|p1a: Gyarados|Moxie|boost
|-boost|p1a: Gyarados|atk|1
|
|-heal|p1a: Gyarados|100/100|[from] item: Leftovers
|upkeep
|
|t:|1758345048
|switch|p2a: Scizor|Scizor, M|84/100
|turn|14
|
|t:|1758345050
|move|p2a: Scizor|Bullet Punch|p1a: Gyarados
|-resisted|p1a: Gyarados
|-damage|p1a: Gyarados|72/100
|move|p1a: Gyarados|Waterfall|p2a: Scizor
|-damage|p2a: Scizor|0 fnt
|faint|p2a: Scizor
|-ability|p1a: Gyarados|Moxie|boost
|-boost|p1a: Gyarados|atk|1
|
|-heal|p1a: Gyarados|78/100|[from] item: Leftovers
|upkeep
|
|t:|1758345059
|switch|p2a: Arcanine|Arcanine, M|93/100
|turn|15
|
|t:|1758345063
|move|p2a: Arcanine|Extreme Speed|p1a: Gyarados
|-damage|p1a: Gyarados|36/100
|move|p1a: Gyarados|Waterfall|p2a: Arcanine
|-supereffective|p2a: Arcanine
|-damage|p2a: Arcanine|0 fnt
|faint|p2a: Arcanine
|-ability|p1a: Gyarados|Moxie|boost
|-boost|p1a: Gyarados|atk|1
|
|-heal|p1a: Gyarados|42/100|[from] item: Leftovers
|upkeep
|-message|syk1307 forfeited.
|
|win|Obotwinkletoes
|raw|Obotwinkletoes's rating: 1349 &rarr; <strong>1370</strong><br />(+21 for winning)
|raw|syk1307's rating: 1372 &rarr; <strong>1351</strong><br />(-21 for losing)
|l|☆syk1307
|player|p2|
|l|☆Obotwinkletoes
|player|p1|
