|j|☆Obotwinkletoes
|j|☆Elcar Casas
|t:|1758340974
|gametype|singles
|player|p1|Obotwinkletoes|2|1259
|player|p2|Elcar Casas|red-gen7|1233
|gen|9
|tier|[Gen 9] OU
|rated|
|rule|HP Percentage Mod: HP is shown in percentages
|rule|Endless Battle Clause: Forcing endless battles is banned
|rule|Species Clause: Limit one of each Pokémon
|rule|OHKO Clause: OHKO moves are banned
|rule|Evasion Items Clause: Evasion items are banned
|rule|Evasion Moves Clause: Evasion moves are banned
|rule|Evasion Abilities Clause: Evasion abilities are banned
|rule|Sleep Moves Clause: Sleep-inducing moves are banned
|clearpoke
|poke|p1|Thundurus, M|
|poke|p1|Slowking-Galar, M|
|poke|p1|Gyarados, M|
|poke|p1|Donphan, F|
|poke|p1|Diancie|
|poke|p1|Metagross|
|poke|p2|Umbreon, M|
|poke|p2|Quaquaval, F|
|poke|p2|Meowscarada, M|
|poke|p2|Cinderace, M|
|poke|p2|Blaziken, M|
|poke|p2|Primarina, F|
|teampreview
|inactive|Battle timer is ON: inactive players will automatically lose when time's up. (requested by Obotwinkletoes)
|
|t:|1758340991
|teamsize|p1|6
|teamsize|p2|6
|start
|switch|p1a: Slowking|Slowking-Galar, M, shiny|100/100
|switch|p2a: Fuma Thurman|Meowscarada, M, shiny|100/100
|turn|1
|
|t:|1758341002
|switch|p1a: Diancie|Diancie, shiny|100/100
|move|p2a: Fuma Thurman|U-turn|p1a: Diancie
|-start|p2a: Fuma Thurman|typechange|Bug|[from] ability: Protean
|-resisted|p1a: Diancie
|-damage|p1a: Diancie|86/100
|
|t:|1758341010
|switch|p2a: Beyoncé Floatless|Primarina, F, shiny|100/100|[from] U-turn
|
|-heal|p1a: Diancie|92/100|[from] item: Leftovers
|upkeep
|turn|2
|
|t:|1758341016
|switch|p1a: Slowking|Slowking-Galar, M, shiny|100/100
|move|p2a: Beyoncé Floatless|Hyper Voice|p1a: Slowking
|-damage|p1a: Slowking|69/100
|-enditem|p2a: Beyoncé Floatless|Throat Spray
|-boost|p2a: Beyoncé Floatless|spa|1|[from] item: Throat Spray
|
|-heal|p1a: Slowking|75/100|[from] item: Leftovers
|upkeep
|turn|3
|
|t:|1758341031
|-terastallize|p2a: Beyoncé Floatless|Ground
|move|p2a: Beyoncé Floatless|Tera Blast|p1a: Slowking|[anim] Tera Blast Ground
|-supereffective|p1a: Slowking
|-damage|p1a: Slowking|0 fnt
|faint|p1a: Slowking
|
|upkeep
|
|t:|1758341040
|switch|p1a: Gyarados|Gyarados, M, shiny|100/100
|turn|4
|
|t:|1758341045
|move|p1a: Gyarados|Dragon Dance|p1a: Gyarados
|-boost|p1a: Gyarados|atk|1
|-boost|p1a: Gyarados|spe|1
|move|p2a: Beyoncé Floatless|Moonblast|p1a: Gyarados
|-damage|p1a: Gyarados|21/100
|-unboost|p1a: Gyarados|spa|1
|
|-heal|p1a: Gyarados|27/100|[from] item: Leftovers
|upkeep
|turn|5
|
|t:|1758341055
|move|p1a: Gyarados|Waterfall|p2a: Beyoncé Floatless
|-supereffective|p2a: Beyoncé Floatless
|-damage|p2a: Beyoncé Floatless|0 fnt
|faint|p2a: Beyoncé Floatless
|-ability|p1a: Gyarados|Moxie|boost
|-boost|p1a: Gyarados|atk|1
|
|-heal|p1a: Gyarados|33/100|[from] item: Leftovers
|upkeep
|
|t:|1758341065
|switch|p2a: Z|Umbreon, M|100/100
|turn|6
|
|t:|1758341072
|move|p1a: Gyarados|Waterfall|p2a: Z
|-damage|p2a: Z|40/100
|move|p2a: Z|Toxic|p1a: Gyarados
|-status|p1a: Gyarados|tox
|
|-heal|p1a: Gyarados|39/100 tox|[from] item: Leftovers
|-heal|p2a: Z|47/100|[from] item: Leftovers
|-damage|p1a: Gyarados|33/100 tox|[from] psn
|upkeep
|turn|7
|
|t:|1758341081
|move|p2a: Z|Protect|p2a: Z
|-singleturn|p2a: Z|Protect
|move|p1a: Gyarados|Waterfall|p2a: Z
|-activate|p2a: Z|move: Protect
|
|-heal|p1a: Gyarados|39/100 tox|[from] item: Leftovers
|-heal|p2a: Z|53/100|[from] item: Leftovers
|-damage|p1a: Gyarados|27/100 tox|[from] psn
|upkeep
|turn|8
|
|t:|1758341103
|switch|p2a: Elsa Pataso|Quaquaval, F, shiny|100/100
|move|p1a: Gyarados|Waterfall|p2a: Elsa Pataso
|-resisted|p2a: Elsa Pataso
|-damage|p2a: Elsa Pataso|38/100
|
|-heal|p1a: Gyarados|33/100 tox|[from] item: Leftovers
|-damage|p1a: Gyarados|15/100 tox|[from] psn
|upkeep
|turn|9
|
|t:|1758341115
|switch|p2a: Fuma Thurman|Meowscarada, M, shiny|100/100
|move|p1a: Gyarados|Waterfall|p2a: Fuma Thurman
|-resisted|p2a: Fuma Thurman
|-damage|p2a: Fuma Thurman|28/100
|
|-heal|p1a: Gyarados|21/100 tox|[from] item: Leftovers
|-damage|p1a: Gyarados|0 fnt|[from] psn
|faint|p1a: Gyarados
|upkeep
|
|t:|1758341129
|switch|p1a: Donphan|Donphan, F|100/100
|turn|10
|
|t:|1758341134
|move|p1a: Donphan|Ice Shard|p2a: Fuma Thurman
|-supereffective|p2a: Fuma Thurman
|-damage|p2a: Fuma Thurman|0 fnt
|faint|p2a: Fuma Thurman
|
|upkeep
|
|t:|1758341142
|switch|p2a: Elsa Pataso|Quaquaval, F, shiny|38/100
|turn|11
|
|t:|1758341155
|move|p2a: Elsa Pataso|Aqua Step|p1a: Donphan
|-supereffective|p1a: Donphan
|-damage|p1a: Donphan|36/100
|-boost|p2a: Elsa Pataso|spe|1
|-damage|p2a: Elsa Pataso|21/100|[from] item: Rocky Helmet|[of] p1a: Donphan
|move|p1a: Donphan|Earthquake|p2a: Elsa Pataso
|-damage|p2a: Elsa Pataso|0 fnt
|faint|p2a: Elsa Pataso
|
|upkeep
|
|t:|1758341168
|switch|p2a: Kiko Matamuros|Blaziken, M, shiny|100/100
|turn|12
|
|t:|1758341178
|move|p2a: Kiko Matamuros|Protect|p2a: Kiko Matamuros
|-singleturn|p2a: Kiko Matamuros|Protect
|move|p1a: Donphan|Earthquake|p2a: Kiko Matamuros
|-activate|p2a: Kiko Matamuros|move: Protect
|
|-ability|p2a: Kiko Matamuros|Speed Boost|boost
|-boost|p2a: Kiko Matamuros|spe|1
|upkeep
|turn|13
|
|t:|1758341187
|move|p2a: Kiko Matamuros|Close Combat|p1a: Donphan
|-damage|p1a: Donphan|0 fnt
|-unboost|p2a: Kiko Matamuros|def|1
|-unboost|p2a: Kiko Matamuros|spd|1
|-damage|p2a: Kiko Matamuros|84/100|[from] item: Rocky Helmet|[of] p1a: Donphan
|faint|p1a: Donphan
|
|-ability|p2a: Kiko Matamuros|Speed Boost|boost
|-boost|p2a: Kiko Matamuros|spe|1
|upkeep
|
|t:|1758341198
|switch|p1a: Diancie|Diancie, shiny|92/100
|turn|14
|
|t:|1758341211
|switch|p2a: Z|Umbreon, M|53/100
|move|p1a: Diancie|Draining Kiss|p2a: Z
|-supereffective|p2a: Z
|-damage|p2a: Z|31/100
|-heal|p1a: Diancie|100/100|[from] drain|[of] p2a: Z
|
|-heal|p2a: Z|37/100|[from] item: Leftovers
|upkeep
|turn|15
|
|t:|1758341220
|switch|p1a: Metagross|Metagross, shiny|100/100
|move|p2a: Z|Wish|p2a: Z
|
|-heal|p2a: Z|43/100|[from] item: Leftovers
|upkeep
|turn|16
|
|t:|1758341236
|move|p1a: Metagross|Heavy Slam|p2a: Z
|-damage|p2a: Z|0 fnt
|faint|p2a: Z
|
|upkeep
|
|t:|1758341246
|switch|p2a: Cindedine Cidane|Cinderace, M, shiny|100/100
|turn|17
|
|t:|1758341255
|move|p2a: Cindedine Cidane|Pyro Ball|p1a: Metagross|[miss]
|-miss|p2a: Cindedine Cidane|p1a: Metagross
|move|p1a: Metagross|Psychic Fangs|p2a: Cindedine Cidane
|-damage|p2a: Cindedine Cidane|23/100
|
|upkeep
|turn|18
|
|t:|1758341264
|move|p2a: Cindedine Cidane|Pyro Ball|p1a: Metagross
|-supereffective|p1a: Metagross
|-damage|p1a: Metagross|4/100
|-enditem|p1a: Metagross|Weakness Policy
|-boost|p1a: Metagross|atk|2|[from] item: Weakness Policy
|-boost|p1a: Metagross|spa|2|[from] item: Weakness Policy
|move|p1a: Metagross|Knock Off|p2a: Cindedine Cidane
|-damage|p2a: Cindedine Cidane|0 fnt
|-enditem|p2a: Cindedine Cidane|Heavy-Duty Boots|[from] move: Knock Off|[of] p1a: Metagross
|faint|p2a: Cindedine Cidane
|
|upkeep
|
|t:|1758341266
|switch|p2a: Kiko Matamuros|Blaziken, M, shiny|84/100
|turn|19
|
|t:|1758341279
|move|p2a: Kiko Matamuros|Protect|p2a: Kiko Matamuros
|-singleturn|p2a: Kiko Matamuros|Protect
|move|p1a: Metagross|Psychic Fangs|p2a: Kiko Matamuros
|-activate|p2a: Kiko Matamuros|move: Protect
|
|-ability|p2a: Kiko Matamuros|Speed Boost|boost
|-boost|p2a: Kiko Matamuros|spe|1
|upkeep
|turn|20
|
|t:|1758341287
|move|p2a: Kiko Matamuros|Flare Blitz|p1a: Metagross
|-supereffective|p1a: Metagross
|-damage|p1a: Metagross|0 fnt
|faint|p1a: Metagross
|-damage|p2a: Kiko Matamuros|83/100|[from] Recoil
|
|-ability|p2a: Kiko Matamuros|Speed Boost|boost
|-boost|p2a: Kiko Matamuros|spe|1
|upkeep
|
|t:|1758341302
|switch|p1a: Thundurus|Thundurus, M, shiny|100/100
|turn|21
|
|t:|1758341307
|move|p1a: Thundurus|Thunder Wave|p2a: Kiko Matamuros|[miss]
|-miss|p1a: Thundurus|p2a: Kiko Matamuros
|move|p2a: Kiko Matamuros|Swords Dance|p2a: Kiko Matamuros
|-boost|p2a: Kiko Matamuros|atk|2
|
|-ability|p2a: Kiko Matamuros|Speed Boost|boost
|-boost|p2a: Kiko Matamuros|spe|1
|upkeep
|turn|22
|
|t:|1758341317
|move|p1a: Thundurus|Thunder Wave|p2a: Kiko Matamuros
|-status|p2a: Kiko Matamuros|par
|move|p2a: Kiko Matamuros|Flare Blitz|p1a: Thundurus
|-damage|p1a: Thundurus|0 fnt
|faint|p1a: Thundurus
|-damage|p2a: Kiko Matamuros|50/100 par|[from] Recoil
|
|-ability|p2a: Kiko Matamuros|Speed Boost|boost
|-boost|p2a: Kiko Matamuros|spe|1
|upkeep
|
|t:|1758341327
|switch|p1a: Diancie|Diancie, shiny|100/100
|turn|23
|
|t:|1758341343
|-terastallize|p1a: Diancie|Fairy
|move|p2a: Kiko Matamuros|Close Combat|p1a: Diancie
|-resisted|p1a: Diancie
|-damage|p1a: Diancie|58/100
|-unboost|p2a: Kiko Matamuros|def|1
|-unboost|p2a: Kiko Matamuros|spd|1
|move|p1a: Diancie|Draining Kiss|p2a: Kiko Matamuros
|-damage|p2a: Kiko Matamuros|0 fnt
|-heal|p1a: Diancie|95/100|[from] drain|[of] p2a: Kiko Matamuros
|faint|p2a: Kiko Matamuros
|
|win|Obotwinkletoes
|raw|Obotwinkletoes's rating: 1259 &rarr; <strong>1282</strong><br />(+23 for winning)
|raw|Elcar Casas's rating: 1233 &rarr; <strong>1210</strong><br />(-23 for losing)
|l|☆Elcar Casas
|player|p2|
|l|☆Obotwinkletoes
|player|p1|
