|j|☆Sauronikov
|j|☆maxbiatch
|t:|1758294275
|gametype|singles
|player|p1|Sauronikov|265|1334
|player|p2|maxbiatch|2|1381
|gen|9
|tier|[Gen 9] OU
|rated|
|rule|HP Percentage Mod: HP is shown in percentages
|rule|Endless Battle Clause: Forcing endless battles is banned
|rule|Species Clause: Limit one of each Pokémon
|rule|OHKO Clause: OHKO moves are banned
|rule|Evasion Items Clause: Evasion items are banned
|rule|Evasion Moves Clause: Evasion moves are banned
|rule|Evasion Abilities Clause: Evasion abilities are banned
|rule|Sleep Moves Clause: Sleep-inducing moves are banned
|clearpoke
|poke|p1|Grimmsnarl, M|
|poke|p1|Rhyperior, M|
|poke|p1|Revavroom, F|
|poke|p1|Entei|
|poke|p1|Raikou|
|poke|p1|Suicune|
|poke|p2|Zapdos|
|poke|p2|Slowking-Galar, M|
|poke|p2|Iron Valiant|
|poke|p2|Great Tusk|
|poke|p2|Ogerpon-Wellspring, F|
|poke|p2|Kingambit, M|
|teampreview
|
|t:|1758294286
|teamsize|p1|6
|teamsize|p2|6
|start
|switch|p1a: Grimmsnarl|Grimmsnarl, M|100/100
|switch|p2a: Slowking|Slowking-Galar, M, shiny|100/100
|turn|1
|
|t:|1758294292
|move|p1a: Grimmsnarl|Light Screen|p1a: Grimmsnarl
|-sidestart|p1: Sauronikov|move: Light Screen
|move|p2a: Slowking|Thunder Wave|p1a: Grimmsnarl
|-status|p1a: Grimmsnarl|par
|
|upkeep
|turn|2
|
|t:|1758294296
|move|p1a: Grimmsnarl|Parting Shot|p2a: Slowking
|-unboost|p2a: Slowking|atk|1
|-unboost|p2a: Slowking|spa|1
|
|t:|1758294298
|switch|p1a: Rhyperior|Rhyperior, M, shiny|100/100|[from] Parting Shot
|move|p2a: Slowking|Sludge Bomb|p1a: Rhyperior
|-resisted|p1a: Rhyperior
|-damage|p1a: Rhyperior|96/100
|
|upkeep
|turn|3
|
|t:|1758294304
|move|p1a: Rhyperior|Rock Polish|p1a: Rhyperior
|-boost|p1a: Rhyperior|spe|2
|-prepare|p2a: Slowking|Chilly Reception|[premajor]
|move|p2a: Slowking|Chilly Reception|p2a: Slowking
|-weather|Snowscape
|
|t:|1758294308
|switch|p2a: Ogerpon|Ogerpon-Wellspring, F|100/100|[from] Chilly Reception
|
|-weather|Snowscape|[upkeep]
|upkeep
|turn|4
|
|t:|1758294311
|-terastallize|p1a: Rhyperior|Grass
|move|p1a: Rhyperior|Tera Blast|p2a: Ogerpon|[anim] Tera Blast Grass
|-damage|p2a: Ogerpon|47/100
|move|p2a: Ogerpon|Ivy Cudgel|p1a: Rhyperior|[anim] Ivy Cudgel Water
|-resisted|p1a: Rhyperior
|-damage|p1a: Rhyperior|73/100
|
|-weather|Snowscape|[upkeep]
|upkeep
|turn|5
|
|t:|1758294320
|switch|p2a: Zapdos|Zapdos, shiny|100/100
|move|p1a: Rhyperior|Tera Blast|p2a: Zapdos|[anim] Tera Blast Grass
|-resisted|p2a: Zapdos
|-damage|p2a: Zapdos|85/100
|
|-weather|Snowscape|[upkeep]
|upkeep
|turn|6
|
|t:|1758294327
|move|p1a: Rhyperior|Ice Punch|p2a: Zapdos
|-supereffective|p2a: Zapdos
|-damage|p2a: Zapdos|46/100
|-status|p1a: Rhyperior|par|[from] ability: Static|[of] p2a: Zapdos
|move|p2a: Zapdos|Hurricane|p1a: Rhyperior
|-supereffective|p1a: Rhyperior
|-damage|p1a: Rhyperior|25/100 par
|-enditem|p1a: Rhyperior|Weakness Policy
|-boost|p1a: Rhyperior|atk|2|[from] item: Weakness Policy
|-boost|p1a: Rhyperior|spa|2|[from] item: Weakness Policy
|
|-weather|Snowscape|[upkeep]
|upkeep
|turn|7
|
|t:|1758294336
|move|p2a: Zapdos|U-turn|p1a: Rhyperior
|-supereffective|p1a: Rhyperior
|-damage|p1a: Rhyperior|9/100 par
|
|t:|1758294343
|switch|p2a: Ogerpon|Ogerpon-Wellspring, F|47/100|[from] U-turn
|cant|p1a: Rhyperior|par
|
|-weather|none
|upkeep
|turn|8
|
|t:|1758294348
|move|p2a: Ogerpon|Spikes|p1a: Rhyperior
|-sidestart|p1: Sauronikov|Spikes
|cant|p1a: Rhyperior|par
|
|-sideend|p1: Sauronikov|move: Light Screen
|upkeep
|turn|9
|
|t:|1758294351
|move|p2a: Ogerpon|Spikes|p1a: Rhyperior
|-sidestart|p1: Sauronikov|Spikes
|move|p1a: Rhyperior|Tera Blast|p2a: Ogerpon|[anim] Tera Blast Grass
|-damage|p2a: Ogerpon|0 fnt
|faint|p2a: Ogerpon
|
|upkeep
|
|t:|1758294365
|switch|p2a: Zapdos|Zapdos, shiny|46/100
|turn|10
|
|t:|1758294369
|move|p2a: Zapdos|Discharge|p1a: Rhyperior
|-resisted|p1a: Rhyperior
|-damage|p1a: Rhyperior|0 fnt
|faint|p1a: Rhyperior
|
|upkeep
|
|t:|1758294376
|switch|p1a: Grimmsnarl|Grimmsnarl, M|100/100 par
|-damage|p1a: Grimmsnarl|84/100 par|[from] Spikes
|turn|11
|
|t:|1758294380
|cant|p1a: Grimmsnarl|par
|move|p2a: Zapdos|Discharge|p1a: Grimmsnarl
|-damage|p1a: Grimmsnarl|54/100 par
|
|upkeep
|turn|12
|
|t:|1758294385
|cant|p1a: Grimmsnarl|par
|move|p2a: Zapdos|Hurricane|p1a: Grimmsnarl|[miss]
|-miss|p2a: Zapdos|p1a: Grimmsnarl
|
|upkeep
|turn|13
|
|t:|1758294388
|move|p1a: Grimmsnarl|Light Screen|p1a: Grimmsnarl
|-sidestart|p1: Sauronikov|move: Light Screen
|move|p2a: Zapdos|Hurricane|p1a: Grimmsnarl
|-damage|p1a: Grimmsnarl|32/100 par
|
|upkeep
|turn|14
|
|t:|1758294392
|switch|p2a: Kingambit|Kingambit, M, shiny|100/100
|-activate|p2a: Kingambit|ability: Supreme Overlord
|-start|p2a: Kingambit|fallen1|[silent]
|move|p1a: Grimmsnarl|Reflect|p1a: Grimmsnarl
|-sidestart|p1: Sauronikov|Reflect
|
|upkeep
|turn|15
|
|t:|1758294401
|switch|p1a: Entei|Entei, shiny|100/100
|-damage|p1a: Entei|84/100|[from] Spikes
|move|p2a: Kingambit|Iron Head|p1a: Entei
|-resisted|p1a: Entei
|-damage|p1a: Entei|72/100
|
|upkeep
|turn|16
|
|t:|1758294408
|-end|p2a: Kingambit|fallen1|[silent]
|switch|p2a: Slowking|Slowking-Galar, M, shiny|100/100
|move|p1a: Entei|Agility|p1a: Entei
|-boost|p1a: Entei|spe|2
|
|upkeep
|turn|17
|
|t:|1758294414
|-terastallize|p2a: Slowking|Water
|move|p1a: Entei|Sacred Fire|p2a: Slowking
|-resisted|p2a: Slowking
|-damage|p2a: Slowking|72/100
|-status|p2a: Slowking|brn
|move|p2a: Slowking|Thunder Wave|p1a: Entei
|-status|p1a: Entei|par
|
|-damage|p2a: Slowking|65/100 brn|[from] brn
|upkeep
|turn|18
|
|t:|1758294426
|move|p1a: Entei|Stomping Tantrum|p2a: Slowking
|-damage|p2a: Slowking|38/100 brn
|move|p2a: Slowking|Future Sight|p1a: Entei
|-start|p2a: Slowking|move: Future Sight
|
|-damage|p2a: Slowking|32/100 brn|[from] brn
|upkeep
|turn|19
|
|t:|1758294437
|switch|p2a: Zapdos|Zapdos, shiny|46/100
|move|p1a: Entei|Sacred Fire|p2a: Zapdos
|-damage|p2a: Zapdos|9/100
|
|upkeep
|turn|20
|
|t:|1758294443
|move|p1a: Entei|Sacred Fire|p2a: Zapdos|[miss]
|-miss|p1a: Entei|p2a: Zapdos
|move|p2a: Zapdos|Roost|p2a: Zapdos
|-heal|p2a: Zapdos|59/100
|-singleturn|p2a: Zapdos|move: Roost
|
|-end|p1a: Entei|move: Future Sight
|-damage|p1a: Entei|49/100 par
|-sideend|p1: Sauronikov|move: Light Screen
|upkeep
|turn|21
|
|t:|1758294453
|move|p1a: Entei|Sacred Fire|p2a: Zapdos
|-damage|p2a: Zapdos|20/100
|move|p2a: Zapdos|Roost|p2a: Zapdos
|-heal|p2a: Zapdos|70/100
|-singleturn|p2a: Zapdos|move: Roost
|
|-sideend|p1: Sauronikov|Reflect
|upkeep
|turn|22
|
|t:|1758294458
|move|p1a: Entei|Sacred Fire|p2a: Zapdos
|-damage|p2a: Zapdos|34/100
|move|p2a: Zapdos|Roost|p2a: Zapdos
|-heal|p2a: Zapdos|84/100
|-singleturn|p2a: Zapdos|move: Roost
|
|upkeep
|turn|23
|
|t:|1758294462
|move|p1a: Entei|Sacred Fire|p2a: Zapdos
|-damage|p2a: Zapdos|43/100
|-status|p2a: Zapdos|brn
|move|p2a: Zapdos|Discharge|p1a: Entei
|-crit|p1a: Entei
|-damage|p1a: Entei|0 fnt
|faint|p1a: Entei
|
|-damage|p2a: Zapdos|37/100 brn|[from] brn
|upkeep
|
|t:|1758294465
|switch|p1a: Revavroom|Revavroom, F|100/100
|-damage|p1a: Revavroom|84/100|[from] Spikes
|turn|24
|
|t:|1758294468
|move|p2a: Zapdos|U-turn|p1a: Revavroom
|-resisted|p1a: Revavroom
|-damage|p1a: Revavroom|82/100
|
|t:|1758294470
|switch|p2a: Great Tusk|Great Tusk, shiny|100/100|[from] U-turn
|move|p1a: Revavroom|Shift Gear|p1a: Revavroom
|-boost|p1a: Revavroom|spe|2
|-boost|p1a: Revavroom|atk|1
|
|upkeep
|turn|25
|
|t:|1758294475
|switch|p1a: Grimmsnarl|Grimmsnarl, M|32/100 par
|-damage|p1a: Grimmsnarl|16/100 par|[from] Spikes
|move|p2a: Great Tusk|Headlong Rush|p1a: Grimmsnarl
|-damage|p1a: Grimmsnarl|0 fnt
|-unboost|p2a: Great Tusk|def|1
|-unboost|p2a: Great Tusk|spd|1
|faint|p1a: Grimmsnarl
|
|upkeep
|
|t:|1758294476
|switch|p1a: Suicune|Suicune, shiny|100/100
|-damage|p1a: Suicune|84/100|[from] Spikes
|turn|26
|
|t:|1758294480
|-end|p2a: Great Tusk|Protosynthesis|[silent]
|switch|p2a: Slowking|Slowking-Galar, M, shiny, tera:Water|65/100 brn
|move|p1a: Suicune|Agility|p1a: Suicune
|-boost|p1a: Suicune|spe|2
|
|-damage|p2a: Slowking|59/100 brn|[from] brn
|upkeep
|turn|27
|
|t:|1758294485
|move|p1a: Suicune|Air Slash|p2a: Slowking
|-damage|p2a: Slowking|48/100 brn
|move|p2a: Slowking|Thunder Wave|p1a: Suicune
|-status|p1a: Suicune|par
|
|-damage|p2a: Slowking|42/100 brn|[from] brn
|upkeep
|turn|28
|c|☆Sauronikov|Sweaty ass mitherfucker
|-message|Sauronikov forfeited.
|
|win|maxbiatch
|raw|Sauronikov's rating: 1334 &rarr; <strong>1317</strong><br />(-17 for losing)
|raw|maxbiatch's rating: 1381 &rarr; <strong>1398</strong><br />(+17 for winning)
|l|☆Sauronikov
|player|p1|
|c|☆maxbiatch|ye
|l|☆maxbiatch
|player|p2|
