|j|☆TrivagoGuy
|j|☆oreoinabox
|t:|1758340058
|gametype|singles
|player|p1|TrivagoGuy|worker|1464
|player|p2|oreoinabox|170|1451
|gen|9
|tier|[Gen 9] OU
|rated|
|rule|HP Percentage Mod: HP is shown in percentages
|rule|Endless Battle Clause: Forcing endless battles is banned
|rule|Species Clause: Limit one of each Pokémon
|rule|OHKO Clause: OHKO moves are banned
|rule|Evasion Items Clause: Evasion items are banned
|rule|Evasion Moves Clause: Evasion moves are banned
|rule|Evasion Abilities Clause: Evasion abilities are banned
|rule|Sleep Moves Clause: Sleep-inducing moves are banned
|clearpoke
|poke|p1|Blaziken, F|
|poke|p1|Ninetales, F|
|poke|p1|Shiftry, M|
|poke|p1|Dragonite, M|
|poke|p1|Walking Wake|
|poke|p1|Sandy Shocks|
|poke|p2|Dragapult, F|
|poke|p2|Gliscor, M|
|poke|p2|Hippowdon, M|
|poke|p2|Drednaw, F|
|poke|p2|Altaria, M|
|poke|p2|Comfey, M|
|teampreview
|inactive|Battle timer is ON: inactive players will automatically lose when time's up. (requested by oreoinabox)
|
|t:|1758340076
|teamsize|p1|6
|teamsize|p2|6
|start
|switch|p1a: Walking Wake|Walking Wake|100/100
|switch|p2a: Comfey|Comfey, M|100/100
|turn|1
|
|t:|1758340078
|-end|p1a: Walking Wake|Protosynthesis|[silent]
|switch|p1a: Ninetales|Ninetales, F|100/100
|-weather|SunnyDay|[from] ability: Drought|[of] p1a: Ninetales
|move|p2a: Comfey|Calm Mind|p2a: Comfey
|-boost|p2a: Comfey|spa|1
|-boost|p2a: Comfey|spd|1
|
|-weather|SunnyDay|[upkeep]
|upkeep
|turn|2
|
|t:|1758340081
|move|p1a: Ninetales|Encore|p2a: Comfey
|-start|p2a: Comfey|Encore
|move|p2a: Comfey|Calm Mind|p2a: Comfey
|-boost|p2a: Comfey|spa|1
|-boost|p2a: Comfey|spd|1
|
|-weather|SunnyDay|[upkeep]
|upkeep
|turn|3
|
|t:|1758340083
|switch|p1a: Shiftry|Shiftry, M, shiny|100/100
|move|p2a: Comfey|Calm Mind|p2a: Comfey
|-boost|p2a: Comfey|spa|1
|-boost|p2a: Comfey|spd|1
|
|-weather|SunnyDay|[upkeep]
|upkeep
|turn|4
|
|t:|1758340085
|move|p1a: Shiftry|Solar Blade||[still]
|-prepare|p1a: Shiftry|Solar Blade
|-anim|p1a: Shiftry|Solar Blade|p2a: Comfey
|-damage|p2a: Comfey|0 fnt
|faint|p2a: Comfey
|
|-weather|SunnyDay|[upkeep]
|upkeep
|
|t:|1758340090
|switch|p2a: Dragapult|Dragapult, F|100/100
|turn|5
|
|t:|1758340095
|switch|p1a: Sandy Shocks|Sandy Shocks|100/100
|-activate|p1a: Sandy Shocks|ability: Protosynthesis
|-start|p1a: Sandy Shocks|protosynthesisspa
|-terastallize|p2a: Dragapult|Dark
|move|p2a: Dragapult|Infestation|p1a: Sandy Shocks
|-damage|p1a: Sandy Shocks|94/100
|-activate|p1a: Sandy Shocks|move: Infestation|[of] p2a: Dragapult
|
|-weather|SunnyDay|[upkeep]
|-damage|p1a: Sandy Shocks|82/100|[from] move: Infestation|[partiallytrapped]
|upkeep
|turn|6
|
|t:|1758340107
|-terastallize|p1a: Sandy Shocks|Fairy
|move|p2a: Dragapult|Light Screen|p2a: Dragapult
|-sidestart|p2: oreoinabox|move: Light Screen
|move|p1a: Sandy Shocks|Earth Power|p2a: Dragapult
|-damage|p2a: Dragapult|51/100
|
|-weather|SunnyDay|[upkeep]
|-damage|p1a: Sandy Shocks|70/100|[from] move: Infestation|[partiallytrapped]
|upkeep
|turn|7
|
|t:|1758340111
|move|p2a: Dragapult|Curse|p2a: Dragapult
|-unboost|p2a: Dragapult|spe|1
|-boost|p2a: Dragapult|atk|1
|-boost|p2a: Dragapult|def|1
|move|p1a: Sandy Shocks|Earth Power|p2a: Dragapult
|-damage|p2a: Dragapult|9/100
|-enditem|p2a: Dragapult|Sitrus Berry|[eat]
|-heal|p2a: Dragapult|34/100|[from] item: Sitrus Berry
|
|-weather|SunnyDay|[upkeep]
|-damage|p1a: Sandy Shocks|58/100|[from] move: Infestation|[partiallytrapped]
|upkeep
|turn|8
|
|t:|1758340121
|move|p2a: Dragapult|Protect|p2a: Dragapult
|-singleturn|p2a: Dragapult|Protect
|move|p1a: Sandy Shocks|Earth Power|p2a: Dragapult
|-activate|p2a: Dragapult|move: Protect
|
|-weather|none
|-end|p1a: Sandy Shocks|Protosynthesis
|-damage|p1a: Sandy Shocks|46/100|[from] move: Infestation|[partiallytrapped]
|upkeep
|turn|9
|
|t:|1758340125
|move|p1a: Sandy Shocks|Earth Power|p2a: Dragapult
|-damage|p2a: Dragapult|0 fnt
|faint|p2a: Dragapult
|
|-end|p1a: Sandy Shocks|Infestation|[partiallytrapped]|[silent]
|upkeep
|
|t:|1758340132
|switch|p2a: Hippowdon|Hippowdon, M|100/100
|-weather|Sandstorm|[from] ability: Sand Stream|[of] p2a: Hippowdon
|turn|10
|
|t:|1758340139
|-end|p1a: Sandy Shocks|Protosynthesis|[silent]
|switch|p1a: Shiftry|Shiftry, M, shiny|100/100
|move|p2a: Hippowdon|Curse|p2a: Hippowdon
|-unboost|p2a: Hippowdon|spe|1
|-boost|p2a: Hippowdon|atk|1
|-boost|p2a: Hippowdon|def|1
|
|-weather|Sandstorm|[upkeep]
|-damage|p1a: Shiftry|94/100|[from] Sandstorm
|-sideend|p2: oreoinabox|move: Light Screen
|upkeep
|turn|11
|
|t:|1758340144
|switch|p1a: Ninetales|Ninetales, F|100/100
|-weather|SunnyDay|[from] ability: Drought|[of] p1a: Ninetales
|move|p2a: Hippowdon|Curse|p2a: Hippowdon
|-unboost|p2a: Hippowdon|spe|1
|-boost|p2a: Hippowdon|atk|1
|-boost|p2a: Hippowdon|def|1
|
|-weather|SunnyDay|[upkeep]
|upkeep
|turn|12
|
|t:|1758340148
|move|p1a: Ninetales|Encore|p2a: Hippowdon
|-start|p2a: Hippowdon|Encore
|move|p2a: Hippowdon|Curse|p2a: Hippowdon
|-unboost|p2a: Hippowdon|spe|1
|-boost|p2a: Hippowdon|atk|1
|-boost|p2a: Hippowdon|def|1
|
|-weather|SunnyDay|[upkeep]
|upkeep
|turn|13
|
|t:|1758340149
|move|p1a: Ninetales|Flamethrower|p2a: Hippowdon
|-crit|p2a: Hippowdon
|-damage|p2a: Hippowdon|12/100
|move|p2a: Hippowdon|Curse|p2a: Hippowdon
|-unboost|p2a: Hippowdon|spe|1
|-boost|p2a: Hippowdon|atk|1
|-boost|p2a: Hippowdon|def|1
|
|-weather|SunnyDay|[upkeep]
|upkeep
|turn|14
|-message|oreoinabox forfeited.
|
|win|TrivagoGuy
|raw|TrivagoGuy's rating: 1464 &rarr; <strong>1483</strong><br />(+19 for winning)
|raw|oreoinabox's rating: 1451 &rarr; <strong>1432</strong><br />(-19 for losing)
|l|☆oreoinabox
|player|p2|
