|j|☆1shy9
|j|☆Obito 2001
|t:|1758367900
|gametype|singles
|player|p1|1shy9|acetrainerf-gen4|1688
|player|p2|Obito 2001|blue-gen3two|1714
|gen|9
|tier|[Gen 9] OU
|rated|
|rule|HP Percentage Mod: HP is shown in percentages
|rule|Endless Battle Clause: Forcing endless battles is banned
|rule|Species Clause: Limit one of each Pokémon
|rule|OHKO Clause: OHKO moves are banned
|rule|Evasion Items Clause: Evasion items are banned
|rule|Evasion Moves Clause: Evasion moves are banned
|rule|Evasion Abilities Clause: Evasion abilities are banned
|rule|Sleep Moves Clause: Sleep-inducing moves are banned
|clearpoke
|poke|p1|Iron Moth|
|poke|p1|Gholdengo|
|poke|p1|Great Tusk|
|poke|p1|Kyurem|
|poke|p1|Zamazenta-*|
|poke|p1|Dragonite, F|
|poke|p2|Iron Crown|
|poke|p2|Primarina, F|
|poke|p2|Great Tusk|
|poke|p2|Rillaboom, F|
|poke|p2|Ogerpon-Wellspring, F|
|poke|p2|Pecharunt|
|teampreview
|inactive|Battle timer is ON: inactive players will automatically lose when time's up. (requested by Obito 2001)
|
|t:|1758367915
|teamsize|p1|6
|teamsize|p2|6
|start
|switch|p1a: Kyurem|Kyurem|100/100
|switch|p2a: Ban me|Ogerpon-Wellspring, F|100/100
|-ability|p1a: Kyurem|Pressure
|turn|1
|
|t:|1758367919
|move|p2a: Ban me|U-turn|p1a: Kyurem
|-damage|p1a: Kyurem|75/100
|
|t:|1758367924
|switch|p2a: Pecharunt|Pecharunt|100/100|[from] U-turn
|move|p1a: Kyurem|Dragon Dance|p1a: Kyurem
|-boost|p1a: Kyurem|atk|1
|-boost|p1a: Kyurem|spe|1
|
|upkeep
|turn|2
|
|t:|1758367928
|move|p1a: Kyurem|Icicle Spear|p2a: Pecharunt
|-damage|p2a: Pecharunt|91/100
|-damage|p2a: Pecharunt|82/100
|-damage|p2a: Pecharunt|72/100
|-damage|p2a: Pecharunt|63/100
|-damage|p2a: Pecharunt|54/100
|-hitcount|p2a: Pecharunt|5
|move|p2a: Pecharunt|Malignant Chain|p1a: Kyurem
|-crit|p1a: Kyurem
|-damage|p1a: Kyurem|24/100
|
|upkeep
|turn|3
|
|t:|1758367942
|move|p1a: Kyurem|Icicle Spear|p2a: Pecharunt
|-damage|p2a: Pecharunt|45/100
|-damage|p2a: Pecharunt|36/100
|-damage|p2a: Pecharunt|27/100
|-damage|p2a: Pecharunt|17/100
|-hitcount|p2a: Pecharunt|4
|move|p2a: Pecharunt|Recover|p2a: Pecharunt
|-heal|p2a: Pecharunt|67/100
|
|upkeep
|turn|4
|
|t:|1758367954
|move|p1a: Kyurem|Icicle Spear|p2a: Pecharunt
|-damage|p2a: Pecharunt|58/100
|-crit|p2a: Pecharunt
|-damage|p2a: Pecharunt|43/100
|-damage|p2a: Pecharunt|35/100
|-damage|p2a: Pecharunt|25/100
|-hitcount|p2a: Pecharunt|4
|move|p2a: Pecharunt|Recover|p2a: Pecharunt
|-heal|p2a: Pecharunt|75/100
|
|upkeep
|turn|5
|
|t:|1758367956
|move|p1a: Kyurem|Icicle Spear|p2a: Pecharunt
|-crit|p2a: Pecharunt
|-damage|p2a: Pecharunt|60/100
|-damage|p2a: Pecharunt|50/100
|-damage|p2a: Pecharunt|41/100
|-damage|p2a: Pecharunt|32/100
|-damage|p2a: Pecharunt|22/100
|-hitcount|p2a: Pecharunt|5
|move|p2a: Pecharunt|Malignant Chain|p1a: Kyurem
|-damage|p1a: Kyurem|0 fnt
|faint|p1a: Kyurem
|
|upkeep
|
|t:|1758367961
|switch|p1a: Iron Moth|Iron Moth|100/100
|-enditem|p1a: Iron Moth|Booster Energy
|-activate|p1a: Iron Moth|ability: Quark Drive|[fromitem]
|-start|p1a: Iron Moth|quarkdrivespe
|turn|6
|
|t:|1758367968
|switch|p2a: Minari|Primarina, F, shiny|100/100
|move|p1a: Iron Moth|Fiery Dance|p2a: Minari
|-resisted|p2a: Minari
|-damage|p2a: Minari|81/100
|
|-heal|p2a: Minari|87/100|[from] item: Leftovers
|upkeep
|turn|7
|
|t:|1758367975
|move|p1a: Iron Moth|Sludge Wave|p2a: Minari
|-supereffective|p2a: Minari
|-damage|p2a: Minari|0 fnt
|faint|p2a: Minari
|
|upkeep
|
|t:|1758367981
|switch|p2a: Mega Donphan|Great Tusk|100/100
|turn|8
|
|t:|1758367984
|move|p1a: Iron Moth|Psychic|p2a: Mega Donphan
|-supereffective|p2a: Mega Donphan
|-damage|p2a: Mega Donphan|12/100
|move|p2a: Mega Donphan|Headlong Rush|p1a: Iron Moth
|-supereffective|p1a: Iron Moth
|-damage|p1a: Iron Moth|0 fnt
|-unboost|p2a: Mega Donphan|def|1
|-unboost|p2a: Mega Donphan|spd|1
|faint|p1a: Iron Moth
|-end|p1a: Iron Moth|Quark Drive|[silent]
|
|upkeep
|
|t:|1758367991
|switch|p1a: Great Tusk|Great Tusk|100/100
|turn|9
|
|t:|1758367997
|move|p2a: Mega Donphan|Stealth Rock|p1a: Great Tusk
|-sidestart|p1: 1shy9|move: Stealth Rock
|move|p1a: Great Tusk|Rapid Spin|p2a: Mega Donphan
|-crit|p2a: Mega Donphan
|-damage|p2a: Mega Donphan|0 fnt
|-boost|p1a: Great Tusk|spe|1
|-sideend|p1: 1shy9|Stealth Rock|[from] move: Rapid Spin|[of] p1a: Great Tusk
|faint|p2a: Mega Donphan
|-end|p2a: Mega Donphan|Protosynthesis|[silent]
|
|upkeep
|
|t:|1758368002
|switch|p2a: Ban me|Ogerpon-Wellspring, F|100/100
|turn|10
|
|t:|1758368006
|-end|p1a: Great Tusk|Protosynthesis|[silent]
|switch|p1a: Zamazenta|Zamazenta|100/100
|-ability|p1a: Zamazenta|Dauntless Shield|boost
|-boost|p1a: Zamazenta|def|1
|move|p2a: Ban me|Ivy Cudgel|p1a: Zamazenta|[anim] Ivy Cudgel Water
|-damage|p1a: Zamazenta|69/100
|
|-heal|p1a: Zamazenta|75/100|[from] item: Leftovers
|upkeep
|turn|11
|
|t:|1758368014
|move|p1a: Zamazenta|Iron Defense|p1a: Zamazenta
|-boost|p1a: Zamazenta|def|2
|move|p2a: Ban me|U-turn|p1a: Zamazenta
|-resisted|p1a: Zamazenta
|-crit|p1a: Zamazenta
|-damage|p1a: Zamazenta|59/100
|
|t:|1758368017
|switch|p2a: Rillaboom|Rillaboom, F|100/100|[from] U-turn
|-fieldstart|move: Grassy Terrain|[from] ability: Grassy Surge|[of] p2a: Rillaboom
|
|-heal|p1a: Zamazenta|65/100|[from] Grassy Terrain
|-heal|p1a: Zamazenta|71/100|[from] item: Leftovers
|upkeep
|turn|12
|
|t:|1758368020
|switch|p2a: Pecharunt|Pecharunt|22/100
|move|p1a: Zamazenta|Body Press|p2a: Pecharunt
|-immune|p2a: Pecharunt
|
|-heal|p1a: Zamazenta|77/100|[from] Grassy Terrain
|-heal|p1a: Zamazenta|83/100|[from] item: Leftovers
|-heal|p2a: Pecharunt|28/100|[from] Grassy Terrain
|upkeep
|turn|13
|
|t:|1758368025
|move|p1a: Zamazenta|Crunch|p2a: Pecharunt
|-supereffective|p2a: Pecharunt
|-damage|p2a: Pecharunt|6/100
|move|p2a: Pecharunt|Recover|p2a: Pecharunt
|-heal|p2a: Pecharunt|56/100
|
|-heal|p1a: Zamazenta|89/100|[from] Grassy Terrain
|-heal|p1a: Zamazenta|96/100|[from] item: Leftovers
|-heal|p2a: Pecharunt|62/100|[from] Grassy Terrain
|upkeep
|turn|14
|
|t:|1758368028
|switch|p1a: Gholdengo|Gholdengo|100/100
|-item|p1a: Gholdengo|Air Balloon
|move|p2a: Pecharunt|Recover|p2a: Pecharunt
|-heal|p2a: Pecharunt|100/100
|
|upkeep
|turn|15
|
|t:|1758368034
|switch|p2a: Ban me|Ogerpon-Wellspring, F|100/100
|move|p1a: Gholdengo|Shadow Ball|p2a: Ban me
|-damage|p2a: Ban me|44/100
|
|-heal|p2a: Ban me|50/100|[from] Grassy Terrain
|upkeep
|turn|16
|
|t:|1758368043
|switch|p1a: Zamazenta|Zamazenta|96/100
|move|p2a: Ban me|Ivy Cudgel|p1a: Zamazenta|[anim] Ivy Cudgel Water
|-damage|p1a: Zamazenta|45/100
|
|-heal|p1a: Zamazenta|52/100|[from] Grassy Terrain
|-heal|p1a: Zamazenta|58/100|[from] item: Leftovers
|-heal|p2a: Ban me|56/100|[from] Grassy Terrain
|upkeep
|turn|17
|
|t:|1758368049
|move|p1a: Zamazenta|Body Press|p2a: Ban me
|-damage|p2a: Ban me|7/100
|move|p2a: Ban me|Ivy Cudgel|p1a: Zamazenta|[anim] Ivy Cudgel Water
|-damage|p1a: Zamazenta|7/100
|
|-heal|p1a: Zamazenta|13/100|[from] Grassy Terrain
|-heal|p1a: Zamazenta|19/100|[from] item: Leftovers
|-heal|p2a: Ban me|13/100|[from] Grassy Terrain
|upkeep
|turn|18
|
|t:|1758368053
|switch|p2a: Pecharunt|Pecharunt|100/100
|move|p1a: Zamazenta|Crunch|p2a: Pecharunt
|-supereffective|p2a: Pecharunt
|-damage|p2a: Pecharunt|79/100
|-unboost|p2a: Pecharunt|def|1
|
|-heal|p1a: Zamazenta|25/100|[from] Grassy Terrain
|-heal|p1a: Zamazenta|32/100|[from] item: Leftovers
|-heal|p2a: Pecharunt|85/100|[from] Grassy Terrain
|-fieldend|move: Grassy Terrain
|upkeep
|turn|19
|
|t:|1758368056
|move|p1a: Zamazenta|Crunch|p2a: Pecharunt
|-supereffective|p2a: Pecharunt
|-damage|p2a: Pecharunt|50/100
|move|p2a: Pecharunt|Shadow Ball|p1a: Zamazenta
|-damage|p1a: Zamazenta|7/100
|-unboost|p1a: Zamazenta|spd|1
|
|-heal|p1a: Zamazenta|13/100|[from] item: Leftovers
|upkeep
|turn|20
|
|t:|1758368061
|move|p1a: Zamazenta|Crunch|p2a: Pecharunt
|-supereffective|p2a: Pecharunt
|-damage|p2a: Pecharunt|15/100
|move|p2a: Pecharunt|Recover|p2a: Pecharunt
|-heal|p2a: Pecharunt|65/100
|
|-heal|p1a: Zamazenta|20/100|[from] item: Leftovers
|upkeep
|turn|21
|
|t:|1758368065
|switch|p2a: Rillaboom|Rillaboom, F|100/100
|-fieldstart|move: Grassy Terrain|[from] ability: Grassy Surge|[of] p2a: Rillaboom
|move|p1a: Zamazenta|Crunch|p2a: Rillaboom
|-damage|p2a: Rillaboom|80/100
|
|-heal|p1a: Zamazenta|26/100|[from] Grassy Terrain
|-heal|p1a: Zamazenta|32/100|[from] item: Leftovers
|-heal|p2a: Rillaboom|86/100|[from] Grassy Terrain
|upkeep
|turn|22
|
|t:|1758368070
|move|p2a: Rillaboom|Grassy Glide|p1a: Zamazenta
|-damage|p1a: Zamazenta|0 fnt
|faint|p1a: Zamazenta
|
|-heal|p2a: Rillaboom|92/100|[from] Grassy Terrain
|upkeep
|
|t:|1758368076
|switch|p1a: Dragonite|Dragonite, F|100/100
|turn|23
|
|t:|1758368078
|move|p1a: Dragonite|Dragon Dance|p1a: Dragonite
|-boost|p1a: Dragonite|atk|1
|-boost|p1a: Dragonite|spe|1
|move|p2a: Rillaboom|U-turn|p1a: Dragonite
|-resisted|p1a: Dragonite
|-crit|p1a: Dragonite
|-damage|p1a: Dragonite|91/100
|
|t:|1758368080
|switch|p2a: Pecharunt|Pecharunt|65/100|[from] U-turn
|
|-heal|p2a: Pecharunt|72/100|[from] Grassy Terrain
|upkeep
|turn|24
|
|t:|1758368086
|move|p1a: Dragonite|Dragon Dance|p1a: Dragonite
|-boost|p1a: Dragonite|atk|1
|-boost|p1a: Dragonite|spe|1
|move|p2a: Pecharunt|Malignant Chain|p1a: Dragonite
|-damage|p1a: Dragonite|59/100
|-status|p1a: Dragonite|tox
|-start|p1a: Dragonite|confusion|[from] ability: Poison Puppeteer|[of] p2a: Pecharunt
|
|-heal|p2a: Pecharunt|78/100|[from] Grassy Terrain
|-damage|p1a: Dragonite|53/100 tox|[from] psn
|upkeep
|turn|25
|
|t:|1758368092
|-activate|p1a: Dragonite|confusion
|move|p1a: Dragonite|Dragon Dance|p1a: Dragonite
|-boost|p1a: Dragonite|atk|1
|-boost|p1a: Dragonite|spe|1
|move|p2a: Pecharunt|Malignant Chain|p1a: Dragonite
|-damage|p1a: Dragonite|19/100 tox
|
|-heal|p2a: Pecharunt|84/100|[from] Grassy Terrain
|-damage|p1a: Dragonite|7/100 tox|[from] psn
|upkeep
|turn|26
|
|t:|1758368096
|-end|p1a: Dragonite|confusion
|move|p1a: Dragonite|Earthquake|p2a: Pecharunt
|-supereffective|p2a: Pecharunt
|-damage|p2a: Pecharunt|42/100
|move|p2a: Pecharunt|Malignant Chain|p1a: Dragonite
|-damage|p1a: Dragonite|0 fnt
|faint|p1a: Dragonite
|
|-heal|p2a: Pecharunt|48/100|[from] Grassy Terrain
|upkeep
|
|t:|1758368104
|switch|p1a: Gholdengo|Gholdengo|100/100
|-item|p1a: Gholdengo|Air Balloon
|turn|27
|
|t:|1758368112
|move|p1a: Gholdengo|Shadow Ball|p2a: Pecharunt
|-supereffective|p2a: Pecharunt
|-damage|p2a: Pecharunt|0 fnt
|faint|p2a: Pecharunt
|
|upkeep
|
|t:|1758368123
|switch|p2a: Zanpakuto|Iron Crown|100/100
|-enditem|p2a: Zanpakuto|Booster Energy
|-activate|p2a: Zanpakuto|ability: Quark Drive|[fromitem]
|-start|p2a: Zanpakuto|quarkdrivespe
|turn|28
|
|t:|1758368129
|move|p2a: Zanpakuto|Tachyon Cutter|p1a: Gholdengo
|-resisted|p1a: Gholdengo
|-damage|p1a: Gholdengo|88/100
|-enditem|p1a: Gholdengo|Air Balloon
|-resisted|p1a: Gholdengo
|-damage|p1a: Gholdengo|73/100
|-hitcount|p1a: Gholdengo|2
|move|p1a: Gholdengo|Shadow Ball|p2a: Zanpakuto
|-supereffective|p2a: Zanpakuto
|-damage|p2a: Zanpakuto|16/100
|
|-heal|p2a: Zanpakuto|22/100|[from] Grassy Terrain
|-heal|p1a: Gholdengo|79/100|[from] Grassy Terrain
|-fieldend|move: Grassy Terrain
|upkeep
|turn|29
|
|t:|1758368134
|move|p2a: Zanpakuto|Tachyon Cutter|p1a: Gholdengo
|-resisted|p1a: Gholdengo
|-damage|p1a: Gholdengo|65/100
|-resisted|p1a: Gholdengo
|-crit|p1a: Gholdengo
|-damage|p1a: Gholdengo|46/100
|-hitcount|p1a: Gholdengo|2
|move|p1a: Gholdengo|Shadow Ball|p2a: Zanpakuto
|-supereffective|p2a: Zanpakuto
|-damage|p2a: Zanpakuto|0 fnt
|faint|p2a: Zanpakuto
|-end|p2a: Zanpakuto|Quark Drive|[silent]
|
|upkeep
|
|t:|1758368137
|switch|p2a: Ban me|Ogerpon-Wellspring, F|13/100
|turn|30
|
|t:|1758368140
|-terastallize|p2a: Ban me|Water
|detailschange|p2a: Ban me|Ogerpon-Wellspring-Tera, F, tera:Water
|-ability|p2a: Ban me|Embody Aspect (Wellspring)|boost
|-boost|p2a: Ban me|spd|1
|move|p2a: Ban me|Ivy Cudgel|p1a: Gholdengo|[anim] Ivy Cudgel Water
|-damage|p1a: Gholdengo|0 fnt
|faint|p1a: Gholdengo
|
|upkeep
|
|t:|1758368142
|switch|p1a: Great Tusk|Great Tusk|100/100
|turn|31
|
|t:|1758368149
|-terastallize|p1a: Great Tusk|Ghost
|move|p2a: Ban me|Ivy Cudgel|p1a: Great Tusk|[anim] Ivy Cudgel Water
|-damage|p1a: Great Tusk|38/100
|move|p1a: Great Tusk|Rapid Spin|p2a: Ban me
|-damage|p2a: Ban me|0 fnt
|-boost|p1a: Great Tusk|spe|1
|faint|p2a: Ban me
|detailschange|p2: Ban me|Ogerpon-Wellspring, F|[silent]
|
|upkeep
|
|t:|1758368155
|switch|p2a: Rillaboom|Rillaboom, F|92/100
|-fieldstart|move: Grassy Terrain|[from] ability: Grassy Surge|[of] p2a: Rillaboom
|turn|32
|
|t:|1758368157
|move|p1a: Great Tusk|Ice Spinner|p2a: Rillaboom
|-supereffective|p2a: Rillaboom
|-damage|p2a: Rillaboom|39/100
|-fieldend|move: Grassy Terrain
|move|p2a: Rillaboom|Knock Off|p1a: Great Tusk
|-supereffective|p1a: Great Tusk
|-damage|p1a: Great Tusk|0 fnt
|-enditem|p1a: Great Tusk|Heavy-Duty Boots|[from] move: Knock Off|[of] p2a: Rillaboom
|faint|p1a: Great Tusk
|-end|p1a: Great Tusk|Protosynthesis|[silent]
|
|win|Obito 2001
|raw|1shy9's rating: 1688 &rarr; <strong>1669</strong><br />(-19 for losing)
|raw|Obito 2001's rating: 1714 &rarr; <strong>1733</strong><br />(+19 for winning)
|l|☆1shy9
|player|p1|
