|j|☆thegreatestnone
|j|☆Grok4test
|t:|1758255500
|gametype|singles
|player|p1|thegreatestnone|1|1325
|player|p2|Grok4test|hoopster|1295
|gen|9
|tier|[Gen 9] OU
|rated|
|rule|HP Percentage Mod: HP is shown in percentages
|rule|Endless Battle Clause: Forcing endless battles is banned
|rule|Species Clause: Limit one of each Pokémon
|rule|OHKO Clause: OHKO moves are banned
|rule|Evasion Items Clause: Evasion items are banned
|rule|Evasion Moves Clause: Evasion moves are banned
|rule|Evasion Abilities Clause: Evasion abilities are banned
|rule|Sleep Moves Clause: Sleep-inducing moves are banned
|clearpoke
|poke|p1|Garganacl, M|
|poke|p1|Ting-Lu|
|poke|p1|Skeledirge, F|
|poke|p1|Gholdengo|
|poke|p1|Weezing-Galar, M|
|poke|p1|Slowking, M|
|poke|p2|Incineroar, M|
|poke|p2|Torkoal, M|
|poke|p2|Salamence, M|
|poke|p2|Whimsicott, F|
|poke|p2|Zoroark-Hisui, M|
|poke|p2|Walking Wake|
|teampreview
|
|t:|1758255510
|teamsize|p1|6
|teamsize|p2|6
|start
|switch|p1a: Slowking|Slowking, M|100/100
|switch|p2a: Incineroar|Incineroar, M|100/100
|-ability|p2a: Incineroar|Intimidate|boost
|-unboost|p1a: Slowking|atk|1
|turn|1
|
|t:|1758255519
|switch|p1a: Weezing|Weezing-Galar, M|100/100
|move|p2a: Incineroar|Knock Off|p1a: Weezing
|-resisted|p1a: Weezing
|-damage|p1a: Weezing|81/100
|-enditem|p1a: Weezing|Leftovers|[from] move: Knock Off|[of] p2a: Incineroar
|-damage|p2a: Incineroar|91/100|[from] item: Life Orb
|
|upkeep
|turn|2
|inactive|Battle timer is ON: inactive players will automatically lose when time's up. (requested by Grok4test)
|
|t:|1758255527
|move|p2a: Incineroar|Parting Shot|p1a: Weezing
|-unboost|p1a: Weezing|atk|1
|-unboost|p1a: Weezing|spa|1
|
|t:|1758255534
|switch|p2a: Torkoal|Torkoal, M|100/100|[from] Parting Shot
|-weather|SunnyDay|[from] ability: Drought|[of] p2a: Torkoal
|move|p1a: Weezing|Will-O-Wisp|p2a: Torkoal
|-immune|p2a: Torkoal
|
|-weather|SunnyDay|[upkeep]
|upkeep
|turn|3
|
|t:|1758255552
|switch|p1a: Slowking|Slowking, M|100/100
|move|p2a: Torkoal|Gyro Ball|p1a: Slowking
|-resisted|p1a: Slowking
|-damage|p1a: Slowking|94/100
|
|-weather|SunnyDay|[upkeep]
|upkeep
|turn|4
|
|t:|1758255559
|-prepare|p1a: Slowking|Chilly Reception|[premajor]
|move|p1a: Slowking|Chilly Reception|p1a: Slowking
|-weather|Snowscape
|
|t:|1758255565
|switch|p1a: Skeledirge|Skeledirge, F|100/100|[from] Chilly Reception
|move|p2a: Torkoal|Overheat|p1a: Skeledirge|[miss]
|-miss|p2a: Torkoal|p1a: Skeledirge
|
|-weather|Snowscape|[upkeep]
|upkeep
|turn|5
|
|t:|1758255589
|switch|p2a: Salamence|Salamence, M|100/100
|move|p1a: Skeledirge|Will-O-Wisp|p2a: Salamence
|-status|p2a: Salamence|brn
|
|-weather|Snowscape|[upkeep]
|-damage|p2a: Salamence|94/100 brn|[from] brn
|upkeep
|turn|6
|
|t:|1758255599
|move|p2a: Salamence|Shadow Ball|p1a: Skeledirge
|-supereffective|p1a: Skeledirge
|-damage|p1a: Skeledirge|3/100
|move|p1a: Skeledirge|Hex|p2a: Salamence
|-immune|p2a: Salamence
|
|-weather|Snowscape|[upkeep]
|-damage|p2a: Salamence|88/100 brn|[from] brn
|upkeep
|turn|7
|
|t:|1758255621
|switch|p2a: Salamence|Salamence, M|100/100
|-ability|p2a: Salamence|Intimidate|boost
|-unboost|p1a: Skeledirge|atk|1
|switch|p1a: Ting-Lu|Ting-Lu|100/100
|-ability|p1a: Ting-Lu|Vessel of Ruin
|
|-weather|Snowscape|[upkeep]
|upkeep
|turn|8
|
|t:|1758255635
|switch|p1a: Weezing|Weezing-Galar, M|81/100
|-terastallize|p2a: Salamence|Flying
|move|p2a: Salamence|Dual Wingbeat|p1a: Weezing|[miss]
|-miss|p2a: Salamence|p1a: Weezing
|
|-weather|none
|upkeep
|turn|9
|
|t:|1758255642
|move|p2a: Salamence|Rock Slide|p1a: Weezing
|-damage|p1a: Weezing|65/100
|move|p1a: Weezing|Gunk Shot|p2a: Salamence|[miss]
|-miss|p1a: Weezing|p2a: Salamence
|
|upkeep
|turn|10
|
|t:|1758255654
|switch|p2a: Torkoal|Torkoal, M|100/100
|-weather|SunnyDay|[from] ability: Drought|[of] p2a: Torkoal
|move|p1a: Weezing|Will-O-Wisp|p2a: Torkoal
|-immune|p2a: Torkoal
|
|-weather|SunnyDay|[upkeep]
|upkeep
|turn|11
|
|t:|1758255664
|switch|p1a: Slowking|Slowking, M|100/100
|move|p2a: Torkoal|Overheat|p1a: Slowking
|-resisted|p1a: Slowking
|-damage|p1a: Slowking|85/100
|-unboost|p2a: Torkoal|spa|2
|-enditem|p2a: Torkoal|Eject Pack
|
|t:|1758255681
|switch|p2a: Incineroar|Incineroar, M|91/100
|-ability|p2a: Incineroar|Intimidate|boost
|-unboost|p1a: Slowking|atk|1
|
|-weather|SunnyDay|[upkeep]
|upkeep
|turn|12
|
|t:|1758255685
|switch|p1a: Weezing|Weezing-Galar, M|65/100
|move|p2a: Incineroar|Knock Off|p1a: Weezing
|-resisted|p1a: Weezing
|-damage|p1a: Weezing|51/100
|-damage|p2a: Incineroar|81/100|[from] item: Life Orb
|
|-weather|SunnyDay|[upkeep]
|upkeep
|turn|13
|
|t:|1758255694
|move|p2a: Incineroar|Flare Blitz|p1a: Weezing
|-damage|p1a: Weezing|0 fnt
|faint|p1a: Weezing
|-damage|p2a: Incineroar|66/100|[from] Recoil
|-damage|p2a: Incineroar|56/100|[from] item: Life Orb
|
|-weather|SunnyDay|[upkeep]
|upkeep
|
|t:|1758255700
|switch|p1a: Garganacl|Garganacl, M, shiny|100/100
|turn|14
|
|t:|1758255712
|switch|p2a: Whimsicott|Whimsicott, F|100/100
|move|p1a: Garganacl|Curse|p1a: Garganacl
|-unboost|p1a: Garganacl|spe|1
|-boost|p1a: Garganacl|atk|1
|-boost|p1a: Garganacl|def|1
|
|-weather|none
|upkeep
|turn|15
|
|t:|1758255730
|move|p2a: Whimsicott|Moonblast|p1a: Garganacl
|-damage|p1a: Garganacl|77/100
|move|p1a: Garganacl|Salt Cure|p2a: Whimsicott
|-damage|p2a: Whimsicott|75/100
|-start|p2a: Whimsicott|Salt Cure
|
|-heal|p1a: Garganacl|83/100|[from] item: Leftovers
|-damage|p2a: Whimsicott|62/100|[from] Salt Cure
|upkeep
|turn|16
|
|t:|1758255739
|switch|p2a: Whimsicott|Whimsicott, F|88/100 brn
|move|p1a: Garganacl|Recover|p1a: Garganacl
|-heal|p1a: Garganacl|100/100
|
|-damage|p2a: Whimsicott|82/100 brn|[from] brn
|upkeep
|turn|17
|
|t:|1758255756
|-terastallize|p1a: Garganacl|Fairy
|move|p2a: Whimsicott|Trick|p1a: Garganacl
|-activate|p2a: Whimsicott|move: Trick|[of] p1a: Garganacl
|-item|p1a: Garganacl|Choice Scarf|[from] move: Trick
|-item|p2a: Whimsicott|Leftovers|[from] move: Trick
|move|p1a: Garganacl|Salt Cure|p2a: Whimsicott
|-damage|p2a: Whimsicott|40/100 brn
|-start|p2a: Whimsicott|Salt Cure
|replace|p2a: Zoroark|Zoroark-Hisui, M
|-end|p2a: Zoroark|Illusion
|
|-heal|p2a: Zoroark|47/100 brn|[from] item: Leftovers
|-damage|p2a: Zoroark|40/100 brn|[from] brn
|-damage|p2a: Zoroark|28/100 brn|[from] Salt Cure
|upkeep
|turn|18
|
|t:|1758255767
|move|p2a: Zoroark|Grass Knot|p1a: Garganacl
|-damage|p1a: Garganacl|59/100
|move|p1a: Garganacl|Salt Cure|p2a: Zoroark
|-damage|p2a: Zoroark|0 fnt
|faint|p2a: Zoroark
|
|upkeep
|
|t:|1758255777
|switch|p2a: Torkoal|Torkoal, M|100/100
|-weather|SunnyDay|[from] ability: Drought|[of] p2a: Torkoal
|turn|19
|
|t:|1758255787
|switch|p1a: Slowking|Slowking, M|100/100
|move|p2a: Torkoal|Will-O-Wisp|p1a: Slowking
|-status|p1a: Slowking|brn
|
|-weather|SunnyDay|[upkeep]
|-damage|p1a: Slowking|94/100 brn|[from] brn
|upkeep
|turn|20
|
|t:|1758255810
|switch|p2a: Whimsicott|Whimsicott, F|62/100
|-prepare|p1a: Slowking|Chilly Reception|[premajor]
|move|p1a: Slowking|Chilly Reception|p1a: Slowking
|-weather|Snowscape
|
|t:|1758255815
|switch|p1a: Gholdengo|Gholdengo|100/100|[from] Chilly Reception
|
|-weather|Snowscape|[upkeep]
|upkeep
|turn|21
|
|t:|1758255820
|move|p2a: Whimsicott|Sunny Day|p2a: Whimsicott
|-weather|SunnyDay
|move|p1a: Gholdengo|Make It Rain|p2a: Whimsicott
|-supereffective|p2a: Whimsicott
|-damage|p2a: Whimsicott|0 fnt
|-unboost|p1a: Gholdengo|spa|1
|faint|p2a: Whimsicott
|
|-weather|SunnyDay|[upkeep]
|upkeep
|
|t:|1758255837
|switch|p2a: Walking Wake|Walking Wake|100/100
|-activate|p2a: Walking Wake|ability: Protosynthesis
|-start|p2a: Walking Wake|protosynthesisspe
|turn|22
|
|t:|1758255855
|switch|p1a: Slowking|Slowking, M|100/100 brn
|move|p2a: Walking Wake|Hydro Steam|p1a: Slowking
|-resisted|p1a: Slowking
|-damage|p1a: Slowking|75/100 brn
|
|-weather|SunnyDay|[upkeep]
|-damage|p1a: Slowking|69/100 brn|[from] brn
|upkeep
|turn|23
|
|t:|1758255861
|move|p2a: Walking Wake|Hydro Steam|p1a: Slowking
|-resisted|p1a: Slowking
|-damage|p1a: Slowking|40/100 brn
|-prepare|p1a: Slowking|Chilly Reception|[premajor]
|move|p1a: Slowking|Chilly Reception|p1a: Slowking
|-weather|Snowscape
|-end|p2a: Walking Wake|Protosynthesis
|
|t:|1758255870
|switch|p1a: Garganacl|Garganacl, M, shiny, tera:Fairy|59/100|[from] Chilly Reception
|
|-weather|Snowscape|[upkeep]
|upkeep
|turn|24
|
|t:|1758255874
|switch|p1a: Slowking|Slowking, M|73/100 brn
|move|p2a: Walking Wake|Hydro Steam|p1a: Slowking
|-resisted|p1a: Slowking
|-damage|p1a: Slowking|57/100 brn
|
|-weather|Snowscape|[upkeep]
|-damage|p1a: Slowking|51/100 brn|[from] brn
|upkeep
|turn|25
|
|t:|1758255885
|-end|p2a: Walking Wake|Protosynthesis|[silent]
|switch|p2a: Incineroar|Incineroar, M|56/100
|-ability|p2a: Incineroar|Intimidate|boost
|-unboost|p1a: Slowking|atk|1
|-prepare|p1a: Slowking|Chilly Reception|[premajor]
|move|p1a: Slowking|Chilly Reception|p1a: Slowking
|
|t:|1758255888
|switch|p1a: Garganacl|Garganacl, M, shiny, tera:Fairy|59/100|[from] Chilly Reception
|
|-weather|Snowscape|[upkeep]
|upkeep
|turn|26
|
|t:|1758255895
|move|p1a: Garganacl|Salt Cure|p2a: Incineroar
|-supereffective|p2a: Incineroar
|-damage|p2a: Incineroar|19/100
|-start|p2a: Incineroar|Salt Cure
|move|p2a: Incineroar|Parting Shot|p1a: Garganacl
|-unboost|p1a: Garganacl|atk|1
|-unboost|p1a: Garganacl|spa|1
|
|t:|1758255902
|switch|p2a: Torkoal|Torkoal, M|100/100|[from] Parting Shot
|-weather|SunnyDay|[from] ability: Drought|[of] p2a: Torkoal
|
|-weather|SunnyDay|[upkeep]
|upkeep
|turn|27
|
|t:|1758255916
|switch|p1a: Slowking|Slowking, M|84/100 brn
|switch|p2a: Salamence|Salamence, M, tera:Flying|100/100
|-ability|p2a: Salamence|Intimidate|boost
|-unboost|p1a: Slowking|atk|1
|
|-weather|SunnyDay|[upkeep]
|-damage|p1a: Slowking|78/100 brn|[from] brn
|upkeep
|turn|28
|
|t:|1758255930
|switch|p1a: Garganacl|Garganacl, M, shiny, tera:Fairy|59/100
|move|p2a: Salamence|Dual Wingbeat|p1a: Garganacl
|-damage|p1a: Garganacl|43/100
|-damage|p1a: Garganacl|29/100
|-hitcount|p1a: Garganacl|2
|
|-weather|SunnyDay|[upkeep]
|upkeep
|turn|29
|
|t:|1758255941
|move|p2a: Salamence|Dual Wingbeat|p1a: Garganacl
|-crit|p1a: Garganacl
|-damage|p1a: Garganacl|5/100
|-damage|p1a: Garganacl|0 fnt
|faint|p1a: Garganacl
|-hitcount|p1: Garganacl|2
|
|-weather|SunnyDay|[upkeep]
|upkeep
|
|t:|1758255954
|switch|p1a: Ting-Lu|Ting-Lu|100/100
|-ability|p1a: Ting-Lu|Vessel of Ruin
|turn|30
|
|t:|1758255966
|move|p2a: Salamence|Dual Wingbeat|p1a: Ting-Lu
|-damage|p1a: Ting-Lu|86/100
|-crit|p1a: Ting-Lu
|-damage|p1a: Ting-Lu|63/100
|-hitcount|p1a: Ting-Lu|2
|move|p1a: Ting-Lu|Ruination|p2a: Salamence
|-damage|p2a: Salamence|50/100
|
|-weather|none
|-heal|p1a: Ting-Lu|69/100|[from] item: Leftovers
|upkeep
|turn|31
|inactive|thegreatestnone has 120 seconds left.
|
|t:|1758256024
|move|p2a: Salamence|Dual Wingbeat|p1a: Ting-Lu
|-damage|p1a: Ting-Lu|54/100
|-damage|p1a: Ting-Lu|41/100
|-hitcount|p1a: Ting-Lu|2
|move|p1a: Ting-Lu|Ruination|p2a: Salamence
|-damage|p2a: Salamence|26/100
|
|-heal|p1a: Ting-Lu|47/100|[from] item: Leftovers
|upkeep
|turn|32
|
|t:|1758256047
|move|p2a: Salamence|Dual Wingbeat|p1a: Ting-Lu|[miss]
|-miss|p2a: Salamence|p1a: Ting-Lu
|move|p1a: Ting-Lu|Stealth Rock|p2a: Salamence
|-sidestart|p2: Grok4test|move: Stealth Rock
|
|-heal|p1a: Ting-Lu|53/100|[from] item: Leftovers
|upkeep
|turn|33
|inactive|thegreatestnone has 90 seconds left.
|
|t:|1758256083
|move|p2a: Salamence|Dual Wingbeat|p1a: Ting-Lu
|-damage|p1a: Ting-Lu|38/100
|-damage|p1a: Ting-Lu|25/100
|-hitcount|p1a: Ting-Lu|2
|move|p1a: Ting-Lu|Spikes|p2a: Salamence
|-sidestart|p2: Grok4test|Spikes
|
|-heal|p1a: Ting-Lu|31/100|[from] item: Leftovers
|upkeep
|turn|34
|
|t:|1758256092
|switch|p1a: Gholdengo|Gholdengo|100/100
|move|p2a: Salamence|Dual Wingbeat|p1a: Gholdengo
|-resisted|p1a: Gholdengo
|-damage|p1a: Gholdengo|86/100
|-resisted|p1a: Gholdengo
|-crit|p1a: Gholdengo
|-damage|p1a: Gholdengo|64/100
|-hitcount|p1a: Gholdengo|2
|
|upkeep
|turn|35
|
|t:|1758256097
|move|p1a: Gholdengo|Shadow Ball|p2a: Salamence
|-damage|p2a: Salamence|5/100
|move|p2a: Salamence|Flamethrower|p1a: Gholdengo
|-supereffective|p1a: Gholdengo
|-damage|p1a: Gholdengo|7/100
|
|upkeep
|turn|36
|
|t:|1758256120
|switch|p2a: Torkoal|Torkoal, M|100/100
|-damage|p2a: Torkoal|75/100|[from] Stealth Rock
|-damage|p2a: Torkoal|63/100|[from] Spikes
|-weather|SunnyDay|[from] ability: Drought|[of] p2a: Torkoal
|move|p1a: Gholdengo|Shadow Ball|p2a: Torkoal
|-damage|p2a: Torkoal|22/100
|
|-weather|SunnyDay|[upkeep]
|upkeep
|turn|37
|
|t:|1758256141
|move|p1a: Gholdengo|Shadow Ball|p2a: Torkoal
|-damage|p2a: Torkoal|0 fnt
|faint|p2a: Torkoal
|
|-weather|SunnyDay|[upkeep]
|upkeep
|
|t:|1758256148
|switch|p2a: Walking Wake|Walking Wake|100/100
|-damage|p2a: Walking Wake|88/100|[from] Stealth Rock
|-damage|p2a: Walking Wake|76/100|[from] Spikes
|-activate|p2a: Walking Wake|ability: Protosynthesis
|-start|p2a: Walking Wake|protosynthesisspe
|turn|38
|
|t:|1758256159
|switch|p1a: Slowking|Slowking, M|100/100 brn
|move|p2a: Walking Wake|Hydro Steam|p1a: Slowking
|-resisted|p1a: Slowking
|-damage|p1a: Slowking|72/100 brn
|
|-weather|SunnyDay|[upkeep]
|-damage|p1a: Slowking|66/100 brn|[from] brn
|upkeep
|turn|39
|
|t:|1758256162
|move|p2a: Walking Wake|Hydro Steam|p1a: Slowking
|-resisted|p1a: Slowking
|-damage|p1a: Slowking|39/100 brn
|-prepare|p1a: Slowking|Chilly Reception|[premajor]
|move|p1a: Slowking|Chilly Reception|p1a: Slowking
|-weather|Snowscape
|-end|p2a: Walking Wake|Protosynthesis
|
|t:|1758256166
|switch|p1a: Gholdengo|Gholdengo|7/100|[from] Chilly Reception
|
|-weather|Snowscape|[upkeep]
|upkeep
|turn|40
|
|t:|1758256168
|switch|p1a: Slowking|Slowking, M|72/100 brn
|move|p2a: Walking Wake|Hydro Steam|p1a: Slowking
|-resisted|p1a: Slowking
|-damage|p1a: Slowking|54/100 brn
|
|-weather|Snowscape|[upkeep]
|-damage|p1a: Slowking|47/100 brn|[from] brn
|upkeep
|turn|41
|
|t:|1758256170
|move|p2a: Walking Wake|Hydro Steam|p1a: Slowking
|-resisted|p1a: Slowking
|-damage|p1a: Slowking|30/100 brn
|-prepare|p1a: Slowking|Chilly Reception|[premajor]
|move|p1a: Slowking|Chilly Reception|p1a: Slowking
|
|t:|1758256173
|switch|p1a: Gholdengo|Gholdengo|7/100|[from] Chilly Reception
|
|-weather|Snowscape|[upkeep]
|upkeep
|turn|42
|
|t:|1758256175
|switch|p1a: Slowking|Slowking, M|63/100 brn
|move|p2a: Walking Wake|Hydro Steam|p1a: Slowking
|-resisted|p1a: Slowking
|-damage|p1a: Slowking|44/100 brn
|
|-weather|Snowscape|[upkeep]
|-damage|p1a: Slowking|38/100 brn|[from] brn
|upkeep
|turn|43
|
|t:|1758256177
|move|p2a: Walking Wake|Hydro Steam|p1a: Slowking
|-resisted|p1a: Slowking
|-damage|p1a: Slowking|21/100 brn
|move|p1a: Slowking|Slack Off|p1a: Slowking
|-heal|p1a: Slowking|71/100 brn
|
|-weather|none
|-damage|p1a: Slowking|64/100 brn|[from] brn
|upkeep
|turn|44
|
|t:|1758256188
|move|p2a: Walking Wake|Hydro Steam|p1a: Slowking
|-resisted|p1a: Slowking
|-damage|p1a: Slowking|46/100 brn
|move|p1a: Slowking|Slack Off|p1a: Slowking
|-heal|p1a: Slowking|96/100 brn
|
|-damage|p1a: Slowking|90/100 brn|[from] brn
|upkeep
|turn|45
|
|t:|1758256194
|-end|p2a: Walking Wake|Protosynthesis|[silent]
|switch|p2a: Incineroar|Incineroar, M|19/100
|-damage|p2a: Incineroar|0 fnt|[from] Stealth Rock
|faint|p2a: Incineroar
|move|p1a: Slowking|Calm Mind|p1a: Slowking
|-boost|p1a: Slowking|spa|1
|-boost|p1a: Slowking|spd|1
|
|-damage|p1a: Slowking|84/100 brn|[from] brn
|upkeep
|-message|Grok4test forfeited.
|
|win|thegreatestnone
|raw|thegreatestnone's rating: 1325 &rarr; <strong>1343</strong><br />(+18 for winning)
|raw|Grok4test's rating: 1295 &rarr; <strong>1272</strong><br />(-23 for losing)
|l|☆Grok4test
|player|p2|
|l|☆thegreatestnone
|player|p1|
