|j|☆Daetheys
|j|☆Exeltel
|t:|1758348741
|gametype|singles
|player|p1|Daetheys|102|1096
|player|p2|Exeltel|n|1144
|gen|9
|tier|[Gen 9] OU
|rated|
|rule|HP Percentage Mod: HP is shown in percentages
|rule|Endless Battle Clause: Forcing endless battles is banned
|rule|Species Clause: Limit one of each Pokémon
|rule|OHKO Clause: OHKO moves are banned
|rule|Evasion Items Clause: Evasion items are banned
|rule|Evasion Moves Clause: Evasion moves are banned
|rule|Evasion Abilities Clause: Evasion abilities are banned
|rule|Sleep Moves Clause: Sleep-inducing moves are banned
|clearpoke
|poke|p1|Regigigas|
|poke|p1|Gliscor, M|
|poke|p1|Sinistcha|
|poke|p1|Magnezone|
|poke|p1|Iron Valiant|
|poke|p1|Walking Wake|
|poke|p2|Politoed, M|
|poke|p2|Basculegion, M|
|poke|p2|Greninja-*, M|
|poke|p2|Tornadus-Therian, M|
|poke|p2|Sandy Shocks|
|poke|p2|Lokix, F|
|teampreview
|
|t:|1758348754
|teamsize|p1|6
|teamsize|p2|6
|start
|switch|p1a: Gliscor|Gliscor, M|100/100
|switch|p2a: Politoed|Politoed, M|100/100
|-weather|RainDance|[from] ability: Drizzle|[of] p2a: Politoed
|turn|1
|
|t:|1758348765
|move|p1a: Gliscor|Spikes|p2a: Politoed
|-sidestart|p2: Exeltel|Spikes
|move|p2a: Politoed|Weather Ball|p1a: Gliscor
|-supereffective|p1a: Gliscor
|-crit|p1a: Gliscor
|-damage|p1a: Gliscor|0 fnt
|faint|p1a: Gliscor
|
|-weather|RainDance|[upkeep]
|upkeep
|inactive|Battle timer is ON: inactive players will automatically lose when time's up. (requested by Exeltel)
|
|t:|1758348781
|switch|p1a: Regigigas|Regigigas|100/100
|-start|p1a: Regigigas|ability: Slow Start
|turn|2
|
|t:|1758348794
|move|p2a: Politoed|Weather Ball|p1a: Regigigas
|-damage|p1a: Regigigas|50/100
|move|p1a: Regigigas|Body Slam|p2a: Politoed
|-damage|p2a: Politoed|74/100
|-status|p2a: Politoed|par
|
|-weather|RainDance|[upkeep]
|-heal|p1a: Regigigas|57/100|[from] item: Leftovers
|upkeep
|turn|3
|
|t:|1758348806
|move|p1a: Regigigas|Knock Off|p2a: Politoed
|-damage|p2a: Politoed|53/100 par
|-enditem|p2a: Politoed|Damp Rock|[from] move: Knock Off|[of] p1a: Regigigas
|cant|p2a: Politoed|par
|
|-weather|RainDance|[upkeep]
|-heal|p1a: Regigigas|63/100|[from] item: Leftovers
|upkeep
|turn|4
|
|t:|1758348816
|move|p1a: Regigigas|Body Slam|p2a: Politoed
|-damage|p2a: Politoed|26/100 par
|move|p2a: Politoed|Weather Ball|p1a: Regigigas
|-damage|p1a: Regigigas|13/100
|
|-weather|RainDance|[upkeep]
|-heal|p1a: Regigigas|20/100|[from] item: Leftovers
|upkeep
|turn|5
|
|t:|1758348826
|move|p1a: Regigigas|Rest|p1a: Regigigas
|-status|p1a: Regigigas|slp|[from] move: Rest
|-heal|p1a: Regigigas|100/100 slp|[silent]
|move|p2a: Politoed|Weather Ball|p1a: Regigigas
|-damage|p1a: Regigigas|51/100 slp
|
|-weather|RainDance|[upkeep]
|-heal|p1a: Regigigas|57/100 slp|[from] item: Leftovers
|upkeep
|turn|6
|
|t:|1758348836
|switch|p2a: Basculegion|Basculegion, M|100/100
|-damage|p2a: Basculegion|88/100|[from] Spikes
|cant|p1a: Regigigas|slp
|move|p1a: Regigigas|Sleep Talk|p1a: Regigigas
|move|p1a: Regigigas|Rest||[from] move: Sleep Talk|[still]
|-fail|p1a: Regigigas
|
|-weather|RainDance|[upkeep]
|-heal|p1a: Regigigas|63/100 slp|[from] item: Leftovers
|-end|p1a: Regigigas|Slow Start
|upkeep
|turn|7
|
|t:|1758348849
|move|p2a: Basculegion|Wave Crash|p1a: Regigigas
|-damage|p1a: Regigigas|0 fnt
|faint|p1a: Regigigas
|-damage|p2a: Basculegion|68/100|[from] Recoil
|
|-weather|RainDance|[upkeep]
|upkeep
|
|t:|1758348862
|switch|p1a: Sinistcha|Sinistcha|100/100
|turn|8
|
|t:|1758348872
|switch|p2a: Lokix|Lokix, F|100/100
|-damage|p2a: Lokix|88/100|[from] Spikes
|move|p1a: Sinistcha|Strength Sap|p2a: Lokix
|-unboost|p2a: Lokix|atk|1
|
|-weather|none
|upkeep
|turn|9
|
|t:|1758348887
|move|p2a: Lokix|First Impression|p1a: Sinistcha
|-damage|p1a: Sinistcha|69/100
|move|p1a: Sinistcha|Strength Sap|p2a: Lokix
|-unboost|p2a: Lokix|atk|1
|-heal|p1a: Sinistcha|100/100
|
|upkeep
|turn|10
|
|t:|1758348899
|switch|p2a: Tornadus|Tornadus-Therian, M|100/100
|move|p1a: Sinistcha|Calm Mind|p1a: Sinistcha
|-boost|p1a: Sinistcha|spa|1
|-boost|p1a: Sinistcha|spd|1
|
|upkeep
|turn|11
|
|t:|1758348908
|move|p2a: Tornadus|Hurricane|p1a: Sinistcha
|-supereffective|p1a: Sinistcha
|-damage|p1a: Sinistcha|0 fnt
|faint|p1a: Sinistcha
|
|upkeep
|
|t:|1758348918
|switch|p1a: Magnezone|Magnezone|100/100
|turn|12
|
|t:|1758348929
|switch|p2a: Politoed|Politoed, M|26/100 par
|-damage|p2a: Politoed|14/100 par|[from] Spikes
|-weather|RainDance|[from] ability: Drizzle|[of] p2a: Politoed
|move|p1a: Magnezone|Thunder Wave|p2a: Politoed
|-fail|p2a: Politoed|par
|
|-weather|RainDance|[upkeep]
|upkeep
|turn|13
|
|t:|1758348948
|move|p1a: Magnezone|Thunderbolt|p2a: Politoed
|-supereffective|p2a: Politoed
|-damage|p2a: Politoed|0 fnt
|faint|p2a: Politoed
|
|-weather|RainDance|[upkeep]
|upkeep
|
|t:|1758348956
|switch|p2a: Sandy Shocks|Sandy Shocks|100/100
|-damage|p2a: Sandy Shocks|88/100|[from] Spikes
|-enditem|p2a: Sandy Shocks|Booster Energy
|-activate|p2a: Sandy Shocks|ability: Protosynthesis|[fromitem]
|-start|p2a: Sandy Shocks|protosynthesisspe
|turn|14
|
|t:|1758348964
|move|p2a: Sandy Shocks|Earth Power|p1a: Magnezone
|-supereffective|p1a: Magnezone
|-ability|p1a: Magnezone|Sturdy
|-damage|p1a: Magnezone|1/100
|-unboost|p1a: Magnezone|spd|1
|move|p1a: Magnezone|Magnet Rise|p1a: Magnezone
|-start|p1a: Magnezone|Magnet Rise
|
|-weather|RainDance|[upkeep]
|-heal|p1a: Magnezone|7/100|[from] item: Leftovers
|upkeep
|turn|15
|
|t:|1758348978
|move|p2a: Sandy Shocks|Stealth Rock|p1a: Magnezone
|-sidestart|p1: Daetheys|move: Stealth Rock
|move|p1a: Magnezone|Gyro Ball|p2a: Sandy Shocks
|-resisted|p2a: Sandy Shocks
|-damage|p2a: Sandy Shocks|74/100
|
|-weather|RainDance|[upkeep]
|-heal|p1a: Magnezone|13/100|[from] item: Leftovers
|upkeep
|turn|16
|
|t:|1758348993
|move|p2a: Sandy Shocks|Power Gem|p1a: Magnezone
|-resisted|p1a: Magnezone
|-damage|p1a: Magnezone|0 fnt
|faint|p1a: Magnezone
|
|-weather|none
|upkeep
|
|t:|1758349001
|switch|p1a: Walking Wake|Walking Wake|100/100
|-damage|p1a: Walking Wake|88/100|[from] Stealth Rock
|-enditem|p1a: Walking Wake|Booster Energy
|-activate|p1a: Walking Wake|ability: Protosynthesis|[fromitem]
|-start|p1a: Walking Wake|protosynthesisspa
|turn|17
|inactive|Exeltel has 120 seconds left.
|
|t:|1758349041
|-terastallize|p1a: Walking Wake|Ground
|move|p2a: Sandy Shocks|Volt Switch|p1a: Walking Wake
|-immune|p1a: Walking Wake
|move|p1a: Walking Wake|Scald|p2a: Sandy Shocks
|-supereffective|p2a: Sandy Shocks
|-damage|p2a: Sandy Shocks|0 fnt
|faint|p2a: Sandy Shocks
|-end|p2a: Sandy Shocks|Protosynthesis|[silent]
|
|upkeep
|
|t:|1758349062
|switch|p2a: Greninja|Greninja, M|100/100
|-damage|p2a: Greninja|88/100|[from] Spikes
|turn|18
|
|t:|1758349079
|move|p2a: Greninja|Surf|p1a: Walking Wake
|-supereffective|p1a: Walking Wake
|-damage|p1a: Walking Wake|0 fnt
|faint|p1a: Walking Wake
|-end|p1a: Walking Wake|Protosynthesis|[silent]
|-ability|p2a: Greninja|Battle Bond|boost
|-boost|p2a: Greninja|atk|1
|-boost|p2a: Greninja|spa|1
|-boost|p2a: Greninja|spe|1
|-activate|p2a: Greninja|ability: Battle Bond
|-damage|p2a: Greninja|78/100|[from] item: Life Orb
|
|upkeep
|-message|Daetheys forfeited.
|
|win|Exeltel
|raw|Daetheys's rating: 1096 &rarr; <strong>1075</strong><br />(-21 for losing)
|raw|Exeltel's rating: 1144 &rarr; <strong>1166</strong><br />(+22 for winning)
|l|☆Daetheys
|player|p1|
|l|☆Exeltel
|player|p2|
