|j|☆BigG5
|j|☆matougris
|t:|1758290135
|gametype|singles
|player|p1|BigG5|170|1528
|player|p2|matougris|cameraman|1557
|gen|9
|tier|[Gen 9] OU
|rated|
|rule|HP Percentage Mod: HP is shown in percentages
|rule|Endless Battle Clause: Forcing endless battles is banned
|rule|Species Clause: Limit one of each Pokémon
|rule|OHKO Clause: OHKO moves are banned
|rule|Evasion Items Clause: Evasion items are banned
|rule|Evasion Moves Clause: Evasion moves are banned
|rule|Evasion Abilities Clause: Evasion abilities are banned
|rule|Sleep Moves Clause: Sleep-inducing moves are banned
|clearpoke
|poke|p1|Thundurus-Therian, M|
|poke|p1|Samurott-Hisui, F|
|poke|p1|Gholdengo|
|poke|p1|Moltres|
|poke|p1|Great Tusk|
|poke|p1|Iron Valiant|
|poke|p2|Torkoal, F|
|poke|p2|Walking Wake|
|poke|p2|Iron Moth|
|poke|p2|Kingambit, F|
|poke|p2|Lilligant-Hisui, F|
|poke|p2|Great Tusk|
|teampreview
|
|t:|1758290141
|teamsize|p1|6
|teamsize|p2|6
|start
|switch|p1a: Samurott|Samurott-Hisui, F|100/100
|switch|p2a: here comes the|Torkoal, F, shiny|100/100
|-weather|SunnyDay|[from] ability: Drought|[of] p2a: here comes the
|turn|1
|
|t:|1758290145
|move|p1a: Samurott|Ceaseless Edge|p2a: here comes the
|-damage|p2a: here comes the|70/100
|-sidestart|p2: matougris|Spikes
|move|p2a: here comes the|Rapid Spin|p1a: Samurott
|-damage|p1a: Samurott|91/100
|-boost|p2a: here comes the|spe|1
|-sideend|p2: matougris|Spikes|[from] move: Rapid Spin|[of] p2a: here comes the
|
|-weather|SunnyDay|[upkeep]
|upkeep
|turn|2
|
|t:|1758290149
|switch|p2a: streapteaseuse|Lilligant-Hisui, F, shiny|100/100
|move|p1a: Samurott|Ceaseless Edge|p2a: streapteaseuse
|-resisted|p2a: streapteaseuse
|-damage|p2a: streapteaseuse|68/100
|-sidestart|p2: matougris|Spikes
|
|-weather|SunnyDay|[upkeep]
|upkeep
|turn|3
|
|t:|1758290154
|switch|p2a: long queue|Walking Wake|100/100
|-damage|p2a: long queue|88/100|[from] Spikes
|-activate|p2a: long queue|ability: Protosynthesis
|-start|p2a: long queue|protosynthesisspe
|switch|p1a: Moltres|Moltres|100/100
|
|-weather|SunnyDay|[upkeep]
|upkeep
|turn|4
|
|t:|1758290166
|switch|p1a: Samurott|Samurott-Hisui, F|91/100
|move|p2a: long queue|Hydro Steam|p1a: Samurott
|-resisted|p1a: Samurott
|-damage|p1a: Samurott|64/100
|-damage|p2a: long queue|78/100|[from] item: Life Orb
|
|-weather|SunnyDay|[upkeep]
|upkeep
|turn|5
|inactive|Battle timer is ON: inactive players will automatically lose when time's up. (requested by BigG5)
|
|t:|1758290208
|move|p2a: long queue|Dragon Pulse|p1a: Samurott
|-damage|p1a: Samurott|25/100
|-damage|p2a: long queue|69/100|[from] item: Life Orb
|move|p1a: Samurott|Ceaseless Edge|p2a: long queue
|-damage|p2a: long queue|24/100
|-sidestart|p2: matougris|Spikes
|
|-weather|SunnyDay|[upkeep]
|upkeep
|turn|6
|
|t:|1758290230
|-end|p2a: long queue|Protosynthesis|[silent]
|switch|p2a: tapfort 1|Great Tusk, shiny|100/100
|-damage|p2a: tapfort 1|84/100|[from] Spikes
|-activate|p2a: tapfort 1|ability: Protosynthesis
|-start|p2a: tapfort 1|protosynthesisatk
|move|p1a: Samurott|Sucker Punch||[still]
|-fail|p1a: Samurott
|
|-weather|SunnyDay|[upkeep]
|upkeep
|turn|7
|
|t:|1758290248
|switch|p1a: Moltres|Moltres|100/100
|move|p2a: tapfort 1|Rapid Spin|p1a: Moltres
|-damage|p1a: Moltres|79/100
|-boost|p2a: tapfort 1|spe|1
|-sideend|p2: matougris|Spikes|[from] move: Rapid Spin|[of] p2a: tapfort 1
|-damage|p2a: tapfort 1|74/100|[from] item: Life Orb
|
|-weather|SunnyDay|[upkeep]
|upkeep
|turn|8
|inactive|matougris has 120 seconds left.
|inactive|matougris has 90 seconds left.
|
|t:|1758290326
|move|p2a: tapfort 1|Ice Spinner|p1a: Moltres
|-damage|p1a: Moltres|40/100
|-damage|p2a: tapfort 1|64/100|[from] item: Life Orb
|move|p1a: Moltres|U-turn|p2a: tapfort 1
|-resisted|p2a: tapfort 1
|-damage|p2a: tapfort 1|59/100
|inactive|BigG5 has 120 seconds left.
|
|t:|1758290337
|switch|p1a: Great Tusk|Great Tusk|100/100|[from] U-turn
|-activate|p1a: Great Tusk|ability: Protosynthesis
|-start|p1a: Great Tusk|protosynthesisatk
|
|-weather|none
|-end|p2a: tapfort 1|Protosynthesis
|-end|p1a: Great Tusk|Protosynthesis
|upkeep
|turn|9
|
|t:|1758290343
|move|p2a: tapfort 1|Ice Spinner|p1a: Great Tusk
|-supereffective|p1a: Great Tusk
|-damage|p1a: Great Tusk|38/100
|-damage|p2a: tapfort 1|49/100|[from] item: Life Orb
|move|p1a: Great Tusk|Stealth Rock|p2a: tapfort 1
|-sidestart|p2: matougris|move: Stealth Rock
|
|upkeep
|turn|10
|
|t:|1758290350
|-end|p1a: Great Tusk|Protosynthesis|[silent]
|switch|p1a: Moltres|Moltres|40/100
|move|p2a: tapfort 1|Rapid Spin|p1a: Moltres
|-damage|p1a: Moltres|24/100
|-boost|p2a: tapfort 1|spe|1
|-sideend|p2: matougris|Stealth Rock|[from] move: Rapid Spin|[of] p2a: tapfort 1
|-damage|p2a: tapfort 1|39/100|[from] item: Life Orb
|
|upkeep
|turn|11
|
|t:|1758290355
|move|p2a: tapfort 1|Ice Spinner|p1a: Moltres
|-damage|p1a: Moltres|0 fnt
|faint|p1a: Moltres
|-damage|p2a: tapfort 1|29/100|[from] item: Life Orb
|
|upkeep
|
|t:|1758290371
|switch|p1a: Gholdengo|Gholdengo|100/100
|-item|p1a: Gholdengo|Air Balloon
|turn|12
|
|t:|1758290373
|move|p2a: tapfort 1|Ice Spinner|p1a: Gholdengo
|-resisted|p1a: Gholdengo
|-damage|p1a: Gholdengo|87/100
|-enditem|p1a: Gholdengo|Air Balloon
|-damage|p2a: tapfort 1|19/100|[from] item: Life Orb
|move|p1a: Gholdengo|Hex|p2a: tapfort 1
|-damage|p2a: tapfort 1|0 fnt
|faint|p2a: tapfort 1
|-end|p2a: tapfort 1|Protosynthesis|[silent]
|
|upkeep
|
|t:|1758290376
|switch|p2a: here comes the|Torkoal, F, shiny|70/100
|-weather|SunnyDay|[from] ability: Drought|[of] p2a: here comes the
|turn|13
|
|t:|1758290387
|move|p1a: Gholdengo|Thunder Wave|p2a: here comes the
|-status|p2a: here comes the|par
|move|p2a: here comes the|Lava Plume|p1a: Gholdengo
|-supereffective|p1a: Gholdengo
|-damage|p1a: Gholdengo|17/100
|
|-weather|SunnyDay|[upkeep]
|upkeep
|turn|14
|inactive|matougris has 120 seconds left.
|inactive|matougris has 90 seconds left.
|
|t:|1758290442
|move|p1a: Gholdengo|Recover|p1a: Gholdengo
|-heal|p1a: Gholdengo|67/100
|cant|p2a: here comes the|par
|
|-weather|SunnyDay|[upkeep]
|upkeep
|turn|15
|
|t:|1758290449
|move|p1a: Gholdengo|Hex|p2a: here comes the
|-damage|p2a: here comes the|19/100 par
|move|p2a: here comes the|Lava Plume|p1a: Gholdengo
|-supereffective|p1a: Gholdengo
|-damage|p1a: Gholdengo|0 fnt
|faint|p1a: Gholdengo
|
|-weather|SunnyDay|[upkeep]
|upkeep
|
|t:|1758290465
|switch|p1a: Great Tusk|Great Tusk|38/100
|-activate|p1a: Great Tusk|ability: Protosynthesis
|-start|p1a: Great Tusk|protosynthesisatk
|turn|16
|
|t:|1758290471
|move|p1a: Great Tusk|Stealth Rock|p2a: here comes the
|-sidestart|p2: matougris|move: Stealth Rock
|move|p2a: here comes the|Lava Plume|p1a: Great Tusk
|-damage|p1a: Great Tusk|0 fnt
|faint|p1a: Great Tusk
|-end|p1a: Great Tusk|Protosynthesis|[silent]
|
|-weather|SunnyDay|[upkeep]
|upkeep
|
|t:|1758290473
|switch|p1a: Thundurus|Thundurus-Therian, M|100/100
|turn|17
|
|t:|1758290476
|move|p1a: Thundurus|Volt Switch|p2a: here comes the
|-damage|p2a: here comes the|0 fnt
|faint|p2a: here comes the
|
|t:|1758290480
|switch|p1a: Samurott|Samurott-Hisui, F|25/100|[from] Volt Switch
|
|-weather|SunnyDay|[upkeep]
|upkeep
|
|t:|1758290484
|switch|p2a: la mite|Iron Moth|100/100
|-damage|p2a: la mite|76/100|[from] Stealth Rock
|-enditem|p2a: la mite|Booster Energy
|-activate|p2a: la mite|ability: Quark Drive|[fromitem]
|-start|p2a: la mite|quarkdrivespe
|turn|18
|
|t:|1758290491
|move|p2a: la mite|Sludge Wave|p1a: Samurott
|-damage|p1a: Samurott|0 fnt
|faint|p1a: Samurott
|
|-weather|SunnyDay|[upkeep]
|upkeep
|
|t:|1758290494
|switch|p1a: Thundurus|Thundurus-Therian, M|100/100
|turn|19
|inactive|matougris has 120 seconds left.
|
|t:|1758290537
|move|p2a: la mite|Fiery Dance|p1a: Thundurus
|-damage|p1a: Thundurus|17/100
|-boost|p2a: la mite|spa|1
|move|p1a: Thundurus|Thunderbolt|p2a: la mite
|-damage|p2a: la mite|0 fnt
|faint|p2a: la mite
|-end|p2a: la mite|Quark Drive|[silent]
|
|-weather|SunnyDay|[upkeep]
|upkeep
|
|t:|1758290545
|switch|p2a: long queue|Walking Wake|24/100
|-damage|p2a: long queue|12/100|[from] Stealth Rock
|-activate|p2a: long queue|ability: Protosynthesis
|-start|p2a: long queue|protosynthesisspe
|turn|20
|
|t:|1758290552
|move|p2a: long queue|Hydro Steam|p1a: Thundurus
|-damage|p1a: Thundurus|0 fnt
|faint|p1a: Thundurus
|-damage|p2a: long queue|2/100|[from] item: Life Orb
|
|-weather|none
|-end|p2a: long queue|Protosynthesis
|upkeep
|
|t:|1758290554
|switch|p1a: Iron Valiant|Iron Valiant|100/100
|-enditem|p1a: Iron Valiant|Booster Energy
|-activate|p1a: Iron Valiant|ability: Quark Drive|[fromitem]
|-start|p1a: Iron Valiant|quarkdrivespe
|turn|21
|inactive|matougris has 120 seconds left.
|
|t:|1758290588
|move|p1a: Iron Valiant|Moonblast|p2a: long queue
|-supereffective|p2a: long queue
|-damage|p2a: long queue|0 fnt
|faint|p2a: long queue
|-end|p2a: long queue|Protosynthesis|[silent]
|
|upkeep
|
|t:|1758290593
|switch|p2a: streapteaseuse|Lilligant-Hisui, F, shiny|68/100
|-damage|p2a: streapteaseuse|62/100|[from] Stealth Rock
|turn|22
|
|t:|1758290597
|move|p1a: Iron Valiant|Moonblast|p2a: streapteaseuse
|-supereffective|p2a: streapteaseuse
|-damage|p2a: streapteaseuse|0 fnt
|faint|p2a: streapteaseuse
|
|upkeep
|
|t:|1758290599
|switch|p2a: frapfort 2|Kingambit, F, shiny|100/100
|-damage|p2a: frapfort 2|94/100|[from] Stealth Rock
|-activate|p2a: frapfort 2|ability: Supreme Overlord
|-start|p2a: frapfort 2|fallen5|[silent]
|turn|23
|
|t:|1758290618
|-terastallize|p1a: Iron Valiant|Electric
|-terastallize|p2a: frapfort 2|Fairy
|move|p1a: Iron Valiant|Moonblast|p2a: frapfort 2
|-damage|p2a: frapfort 2|47/100
|move|p2a: frapfort 2|Tera Blast|p1a: Iron Valiant|[anim] Tera Blast Fairy
|-damage|p1a: Iron Valiant|9/100
|
|-heal|p2a: frapfort 2|53/100|[from] item: Leftovers
|upkeep
|turn|24
|
|t:|1758290630
|move|p2a: frapfort 2|Sucker Punch|p1a: Iron Valiant
|-damage|p1a: Iron Valiant|0 fnt
|faint|p1a: Iron Valiant
|-end|p1a: Iron Valiant|Quark Drive|[silent]
|
|win|matougris
|raw|BigG5's rating: 1528 &rarr; <strong>1510</strong><br />(-18 for losing)
|raw|matougris's rating: 1557 &rarr; <strong>1575</strong><br />(+18 for winning)
|c|☆matougris|gg
|l|☆matougris
|player|p2|
|c|☆BigG5|gg
|l|☆BigG5
|player|p1|
