|j|☆gugch
|j|☆celo2402
|t:|1758256496
|gametype|singles
|player|p1|gugch|falkner|1175
|player|p2|celo2402|1|1106
|gen|9
|tier|[Gen 9] OU
|rated|
|rule|HP Percentage Mod: HP is shown in percentages
|rule|Endless Battle Clause: Forcing endless battles is banned
|rule|Species Clause: Limit one of each Pokémon
|rule|OHKO Clause: OHKO moves are banned
|rule|Evasion Items Clause: Evasion items are banned
|rule|Evasion Moves Clause: Evasion moves are banned
|rule|Evasion Abilities Clause: Evasion abilities are banned
|rule|Sleep Moves Clause: Sleep-inducing moves are banned
|clearpoke
|poke|p1|Toxapex, F|
|poke|p1|Sableye, M|
|poke|p1|Blissey, F|
|poke|p1|Corviknight, F|
|poke|p1|Garganacl, M|
|poke|p1|Mew|
|poke|p2|Garchomp, M|
|poke|p2|Scizor, F|
|poke|p2|Meowscarada, M|
|poke|p2|Rotom-Wash|
|poke|p2|Ceruledge, F|
|poke|p2|Tyranitar, F|
|teampreview
|inactive|Battle timer is ON: inactive players will automatically lose when time's up. (requested by gugch)
|
|t:|1758256516
|teamsize|p1|6
|teamsize|p2|6
|start
|switch|p1a: Mew|Mew, shiny|100/100
|switch|p2a: Garchomp|Garchomp, M|100/100
|turn|1
|
|t:|1758256526
|move|p1a: Mew|Imprison|p1a: Mew
|-start|p1a: Mew|move: Imprison
|move|p2a: Garchomp|Dragon Tail|p1a: Mew
|-damage|p1a: Mew|80/100
|drag|p1a: Toxapex|Toxapex, F, shiny|100/100
|
|upkeep
|turn|2
|
|t:|1758256536
|move|p2a: Garchomp|Stealth Rock|p1a: Toxapex
|-sidestart|p1: gugch|move: Stealth Rock
|move|p1a: Toxapex|Infestation|p2a: Garchomp
|-damage|p2a: Garchomp|98/100
|-activate|p2a: Garchomp|move: Infestation|[of] p1a: Toxapex
|-damage|p1a: Toxapex|88/100|[from] ability: Rough Skin|[of] p2a: Garchomp
|-damage|p1a: Toxapex|72/100|[from] item: Rocky Helmet|[of] p2a: Garchomp
|
|-damage|p2a: Garchomp|85/100|[from] move: Infestation|[partiallytrapped]
|upkeep
|turn|3
|
|t:|1758256562
|move|p1a: Toxapex|Baneful Bunker|p1a: Toxapex
|-singleturn|p1a: Toxapex|move: Protect
|move|p2a: Garchomp|Spikes|p1a: Toxapex
|-sidestart|p1: gugch|Spikes
|
|-damage|p2a: Garchomp|73/100|[from] move: Infestation|[partiallytrapped]
|upkeep
|turn|4
|
|t:|1758256575
|move|p1a: Toxapex|Recover|p1a: Toxapex
|-heal|p1a: Toxapex|100/100
|move|p2a: Garchomp|Dragon Tail|p1a: Toxapex
|-damage|p1a: Toxapex|85/100
|-damage|p2a: Garchomp|56/100|[from] item: Rocky Helmet|[of] p1a: Toxapex
|drag|p1a: Blissey|Blissey, F, shiny|100/100
|-damage|p1a: Blissey|88/100|[from] Stealth Rock
|-damage|p1a: Blissey|76/100|[from] Spikes
|
|-heal|p1a: Blissey|82/100|[from] item: Leftovers
|-end|p2a: Garchomp|Infestation|[partiallytrapped]|[silent]
|upkeep
|turn|5
|inactive|gugch has 120 seconds left.
|
|t:|1758256603
|switch|p2a: Ceruledge|Ceruledge, F|100/100
|switch|p1a: Corviknight|Corviknight, F, shiny|100/100
|-damage|p1a: Corviknight|88/100|[from] Stealth Rock
|
|-heal|p1a: Corviknight|94/100|[from] item: Leftovers
|upkeep
|turn|6
|
|t:|1758256611
|-terastallize|p1a: Corviknight|Fighting
|move|p2a: Ceruledge|Swords Dance|p2a: Ceruledge
|-boost|p2a: Ceruledge|atk|2
|move|p1a: Corviknight|Defog|p2a: Ceruledge
|-unboost|p2a: Ceruledge|evasion|1
|-sideend|p1: gugch|Spikes|[from] move: Defog|[of] p1a: Corviknight
|-sideend|p1: gugch|Stealth Rock|[from] move: Defog|[of] p1a: Corviknight
|
|-heal|p1a: Corviknight|99/100|[from] item: Leftovers
|upkeep
|turn|7
|
|t:|1758256623
|switch|p1a: Sableye|Sableye, M, shiny|100/100
|move|p2a: Ceruledge|Bitter Blade|p1a: Sableye
|-damage|p1a: Sableye|4/100
|
|-heal|p1a: Sableye|11/100|[from] item: Leftovers
|upkeep
|turn|8
|
|t:|1758256637
|move|p1a: Sableye|Protect|p1a: Sableye
|-singleturn|p1a: Sableye|Protect
|move|p2a: Ceruledge|Swords Dance|p2a: Ceruledge
|-boost|p2a: Ceruledge|atk|2
|
|-heal|p1a: Sableye|17/100|[from] item: Leftovers
|upkeep
|turn|9
|
|t:|1758256647
|move|p2a: Ceruledge|Shadow Sneak|p1a: Sableye
|-damage|p1a: Sableye|0 fnt
|faint|p1a: Sableye
|
|upkeep
|
|t:|1758256653
|switch|p1a: Toxapex|Toxapex, F, shiny|100/100
|turn|10
|c|☆celo2402|oweee
|-message|gugch forfeited.
|
|win|celo2402
|raw|gugch's rating: 1175 &rarr; <strong>1145</strong><br />(-30 for losing)
|raw|celo2402's rating: 1106 &rarr; <strong>1136</strong><br />(+30 for winning)
|l|☆gugch
|player|p1|
|c|☆celo2402|lol
|l|☆celo2402
|player|p2|
|j|☆gugch
|player|p1|gugch|falkner|
|l|☆gugch
|player|p1|
