|j|☆jzhuc1841
|j|☆edollas
|t:|1758254883
|gametype|singles
|player|p1|jzhuc1841|hilbert-wonderlauncher|1486
|player|p2|edollas|biker-gen4|1499
|gen|9
|tier|[Gen 9] OU
|rated|
|rule|HP Percentage Mod: HP is shown in percentages
|rule|Endless Battle Clause: Forcing endless battles is banned
|rule|Species Clause: Limit one of each Pokémon
|rule|OHKO Clause: OHKO moves are banned
|rule|Evasion Items Clause: Evasion items are banned
|rule|Evasion Moves Clause: Evasion moves are banned
|rule|Evasion Abilities Clause: Evasion abilities are banned
|rule|Sleep Moves Clause: Sleep-inducing moves are banned
|clearpoke
|poke|p1|Cinderace, F|
|poke|p1|Kyurem|
|poke|p1|Zapdos|
|poke|p1|Kingambit, F|
|poke|p1|Slowking-Galar, M|
|poke|p1|Great Tusk|
|poke|p2|Hoopa-Unbound|
|poke|p2|Toxapex, M|
|poke|p2|Weezing-Galar, F|
|poke|p2|Ogerpon-Wellspring, F|
|poke|p2|Garchomp, F|
|poke|p2|Great Tusk|
|teampreview
|
|t:|1758254901
|teamsize|p1|6
|teamsize|p2|6
|start
|switch|p1a: Kyurem|Kyurem|100/100
|switch|p2a: Garchomp|Garchomp, F|100/100
|-ability|p1a: Kyurem|Pressure
|turn|1
|
|t:|1758254912
|switch|p2a: Hoopa|Hoopa-Unbound|100/100
|move|p1a: Kyurem|Freeze-Dry|p2a: Hoopa
|-damage|p2a: Hoopa|52/100
|
|upkeep
|turn|2
|
|t:|1758254918
|switch|p1a: Zapdos|Zapdos|100/100
|move|p2a: Hoopa|Drain Punch|p1a: Zapdos
|-resisted|p1a: Zapdos
|-damage|p1a: Zapdos|89/100
|-heal|p2a: Hoopa|59/100|[from] drain|[of] p1a: Zapdos
|
|upkeep
|turn|3
|
|t:|1758254926
|switch|p2a: Garchomp|Garchomp, F|100/100
|move|p1a: Zapdos|Hurricane|p2a: Garchomp
|-damage|p2a: Garchomp|70/100
|
|upkeep
|turn|4
|
|t:|1758254934
|move|p2a: Garchomp|Scale Shot|p1a: Zapdos
|-damage|p1a: Zapdos|79/100
|-damage|p1a: Zapdos|68/100
|-hitcount|p1a: Zapdos|2
|-unboost|p2a: Garchomp|def|1
|-boost|p2a: Garchomp|spe|1
|move|p1a: Zapdos|Hurricane|p2a: Garchomp|[miss]
|-miss|p1a: Zapdos|p2a: Garchomp
|
|upkeep
|turn|5
|
|t:|1758254941
|move|p2a: Garchomp|Stone Edge|p1a: Zapdos
|-supereffective|p1a: Zapdos
|-damage|p1a: Zapdos|16/100
|move|p1a: Zapdos|Hurricane|p2a: Garchomp
|-damage|p2a: Garchomp|40/100
|
|upkeep
|turn|6
|
|t:|1758254950
|switch|p1a: Great Tusk|Great Tusk|100/100
|move|p2a: Garchomp|Scale Shot|p1a: Great Tusk
|-damage|p1a: Great Tusk|89/100
|-damage|p1a: Great Tusk|79/100
|-hitcount|p1a: Great Tusk|2
|-unboost|p2a: Garchomp|def|1
|-boost|p2a: Garchomp|spe|1
|
|upkeep
|turn|7
|
|t:|1758254970
|switch|p2a: Weezing|Weezing-Galar, F|100/100
|-ability|p2a: Weezing|Neutralizing Gas
|-item|p2a: Weezing|Air Balloon
|move|p1a: Great Tusk|Headlong Rush|p2a: Weezing
|-immune|p2a: Weezing
|
|upkeep
|turn|8
|
|t:|1758254978
|-end|p1a: Great Tusk|Protosynthesis|[silent]
|switch|p1a: Cinderace|Cinderace, F|100/100
|move|p2a: Weezing|Will-O-Wisp|p1a: Cinderace|[miss]
|-miss|p2a: Weezing|p1a: Cinderace
|
|upkeep
|turn|9
|
|t:|1758254986
|-end|p2a: Weezing|ability: Neutralizing Gas
|switch|p2a: Toxapex|Toxapex, M|100/100
|move|p1a: Cinderace|U-turn|p2a: Toxapex
|-start|p1a: Cinderace|typechange|Bug|[from] ability: Libero
|-resisted|p2a: Toxapex
|-damage|p2a: Toxapex|87/100
|
|t:|1758254992
|switch|p1a: Slowking|Slowking-Galar, M|100/100|[from] U-turn
|
|upkeep
|turn|10
|
|t:|1758255000
|move|p2a: Toxapex|Mud Shot|p1a: Slowking
|-supereffective|p1a: Slowking
|-damage|p1a: Slowking|86/100
|-unboost|p1a: Slowking|spe|1
|move|p1a: Slowking|Future Sight|p2a: Toxapex
|-start|p1a: Slowking|move: Future Sight
|
|upkeep
|turn|11
|
|t:|1758255012
|move|p2a: Toxapex|Mud Shot|p1a: Slowking
|-supereffective|p1a: Slowking
|-damage|p1a: Slowking|73/100
|-unboost|p1a: Slowking|spe|1
|-prepare|p1a: Slowking|Chilly Reception|[premajor]
|move|p1a: Slowking|Chilly Reception|p1a: Slowking
|-weather|Snowscape
|
|t:|1758255020
|switch|p1a: Kyurem|Kyurem|100/100|[from] Chilly Reception
|-ability|p1a: Kyurem|Pressure
|
|-weather|Snowscape|[upkeep]
|upkeep
|turn|12
|
|t:|1758255025
|-terastallize|p1a: Kyurem|Ice
|move|p1a: Kyurem|Freeze-Dry|p2a: Toxapex
|-supereffective|p2a: Toxapex
|-damage|p2a: Toxapex|3/100
|move|p2a: Toxapex|Mud Shot|p1a: Kyurem
|-damage|p1a: Kyurem|88/100
|-unboost|p1a: Kyurem|spe|1
|
|-weather|Snowscape|[upkeep]
|-end|p2a: Toxapex|move: Future Sight
|-supereffective|p2a: Toxapex
|-damage|p2a: Toxapex|0 fnt
|faint|p2a: Toxapex
|upkeep
|
|t:|1758255034
|switch|p2a: Great Tusk|Great Tusk|100/100
|turn|13
|
|t:|1758255040
|switch|p1a: Zapdos|Zapdos|16/100
|move|p2a: Great Tusk|Close Combat|p1a: Zapdos
|-resisted|p1a: Zapdos
|-damage|p1a: Zapdos|0 fnt
|-unboost|p2a: Great Tusk|def|1
|-unboost|p2a: Great Tusk|spd|1
|faint|p1a: Zapdos
|
|-weather|Snowscape|[upkeep]
|upkeep
|
|t:|1758255051
|switch|p1a: Kyurem|Kyurem, tera:Ice|88/100
|-ability|p1a: Kyurem|Pressure
|turn|14
|
|t:|1758255068
|-end|p2a: Great Tusk|Protosynthesis|[silent]
|switch|p2a: Garchomp|Garchomp, F|40/100
|move|p1a: Kyurem|Blizzard|p2a: Garchomp
|-supereffective|p2a: Garchomp
|-damage|p2a: Garchomp|0 fnt
|faint|p2a: Garchomp
|
|-weather|Snowscape|[upkeep]
|upkeep
|
|t:|1758255076
|switch|p2a: Ogerpon|Ogerpon-Wellspring, F|100/100
|turn|15
|
|t:|1758255085
|-terastallize|p2a: Ogerpon|Water
|detailschange|p2a: Ogerpon|Ogerpon-Wellspring-Tera, F, tera:Water
|-ability|p2a: Ogerpon|Embody Aspect (Wellspring)|boost
|-boost|p2a: Ogerpon|spd|1
|move|p2a: Ogerpon|Ivy Cudgel|p1a: Kyurem|[anim] Ivy Cudgel Water
|-crit|p1a: Kyurem
|-damage|p1a: Kyurem|15/100
|move|p1a: Kyurem|Blizzard|p2a: Ogerpon
|-resisted|p2a: Ogerpon
|-damage|p2a: Ogerpon|52/100
|-status|p2a: Ogerpon|frz
|
|-weather|none
|upkeep
|turn|16
|
|t:|1758255100
|switch|p1a: Great Tusk|Great Tusk|79/100
|cant|p2a: Ogerpon|frz
|
|upkeep
|turn|17
|
|t:|1758255105
|move|p1a: Great Tusk|Close Combat|p2a: Ogerpon
|-crit|p2a: Ogerpon
|-damage|p2a: Ogerpon|0 fnt
|-unboost|p1a: Great Tusk|def|1
|-unboost|p1a: Great Tusk|spd|1
|faint|p2a: Ogerpon
|detailschange|p2: Ogerpon|Ogerpon-Wellspring, F|[silent]
|
|upkeep
|
|t:|1758255108
|switch|p2a: Great Tusk|Great Tusk|100/100
|turn|18
|
|t:|1758255114
|-end|p1a: Great Tusk|Protosynthesis|[silent]
|switch|p1a: Slowking|Slowking-Galar, M|100/100
|move|p2a: Great Tusk|Rapid Spin|p1a: Slowking
|-damage|p1a: Slowking|79/100
|-boost|p2a: Great Tusk|spe|1
|
|upkeep
|turn|19
|l|☆edollas
|player|p2|
|inactive|Battle timer is ON: inactive players will automatically lose when time's up. (requested by jzhuc1841)
|inactive|edollas has 30 seconds to reconnect!
|inactive|edollas has 20 seconds to reconnect!
|inactive|edollas has 15 seconds to reconnect!
|inactive|edollas has 10 seconds to reconnect!
|inactive|edollas has 5 seconds to reconnect!
|-message|edollas lost due to inactivity.
|
|win|jzhuc1841
|raw|jzhuc1841's rating: 1486 &rarr; <strong>1507</strong><br />(+21 for winning)
|raw|edollas's rating: 1499 &rarr; <strong>1478</strong><br />(-21 for losing)
|l|☆jzhuc1841
|player|p1|
