|j|☆Vacodrish
|j|☆moulou
|t:|1758307678
|gametype|singles
|player|p1|Vacodrish|beauty-masters|1404
|player|p2|moulou|ltsurge|1348
|gen|9
|tier|[Gen 9] OU
|rated|
|rule|HP Percentage Mod: HP is shown in percentages
|rule|Endless Battle Clause: Forcing endless battles is banned
|rule|Species Clause: Limit one of each Pokémon
|rule|OHKO Clause: OHKO moves are banned
|rule|Evasion Items Clause: Evasion items are banned
|rule|Evasion Moves Clause: Evasion moves are banned
|rule|Evasion Abilities Clause: Evasion abilities are banned
|rule|Sleep Moves Clause: Sleep-inducing moves are banned
|clearpoke
|poke|p1|Iron Moth|
|poke|p1|Ting-Lu|
|poke|p1|Torkoal, F|
|poke|p1|Walking Wake|
|poke|p1|Great Tusk|
|poke|p1|Slither Wing|
|poke|p2|Bastiodon, F|
|poke|p2|Slowking-Galar, F|
|poke|p2|Ursaluna, M|
|poke|p2|Hatterene, F|
|poke|p2|Enamorus-Therian, F|
|poke|p2|Samurott-Hisui, F|
|teampreview
|
|t:|1758307691
|teamsize|p1|6
|teamsize|p2|6
|start
|switch|p1a: Torkoal|Torkoal, F|100/100
|switch|p2a: Hatterene|Hatterene, F|100/100
|-weather|SunnyDay|[from] ability: Drought|[of] p1a: Torkoal
|turn|1
|
|t:|1758307704
|switch|p1a: The New|Iron Moth|100/100
|move|p2a: Hatterene|Trick Room|p2a: Hatterene
|-fieldstart|move: Trick Room|[of] p2a: Hatterene
|
|-weather|SunnyDay|[upkeep]
|upkeep
|turn|2
|
|t:|1758307711
|-end|p1a: The New|Quark Drive|[silent]
|switch|p1a: Ting-Lu|Ting-Lu|100/100
|-ability|p1a: Ting-Lu|Vessel of Ruin
|move|p2a: Hatterene|Future Sight|p1a: Ting-Lu
|-start|p2a: Hatterene|move: Future Sight
|
|-weather|SunnyDay|[upkeep]
|upkeep
|turn|3
|
|t:|1758307715
|move|p2a: Hatterene|Misty Explosion|p1a: Ting-Lu
|-supereffective|p1a: Ting-Lu
|-damage|p1a: Ting-Lu|55/100
|faint|p2a: Hatterene
|move|p1a: Ting-Lu|Ruination|p2: Hatterene|[notarget]
|-fail|p1a: Ting-Lu
|
|-weather|SunnyDay|[upkeep]
|-heal|p1a: Ting-Lu|61/100|[from] item: Leftovers
|upkeep
|
|t:|1758307725
|switch|p2a: Enamorus|Enamorus-Therian, F|100/100
|turn|4
|
|t:|1758307733
|switch|p1a: The New|Iron Moth|100/100
|move|p2a: Enamorus|Moonblast|p1a: The New
|-resisted|p1a: The New
|-damage|p1a: The New|79/100
|
|-weather|SunnyDay|[upkeep]
|-end|p1a: The New|move: Future Sight
|-supereffective|p1a: The New
|-damage|p1a: The New|0 fnt
|faint|p1a: The New
|-end|p1a: The New|Quark Drive|[silent]
|upkeep
|
|t:|1758307744
|switch|p1a: Torkoal|Torkoal, F|100/100
|turn|5
|
|t:|1758307748
|switch|p2a: Slowking|Slowking-Galar, F|100/100
|move|p1a: Torkoal|Stealth Rock|p2a: Slowking
|-sidestart|p2: moulou|move: Stealth Rock
|
|-weather|SunnyDay|[upkeep]
|-fieldend|move: Trick Room
|upkeep
|turn|6
|
|t:|1758307754
|switch|p1a: The old|Slither Wing|100/100
|-activate|p1a: The old|ability: Protosynthesis
|-start|p1a: The old|protosynthesisatk
|move|p2a: Slowking|Trick Room|p2a: Slowking
|-fieldstart|move: Trick Room|[of] p2a: Slowking
|
|-weather|SunnyDay|[upkeep]
|upkeep
|turn|7
|
|t:|1758307759
|-prepare|p2a: Slowking|Chilly Reception|[premajor]
|move|p2a: Slowking|Chilly Reception|p2a: Slowking
|-weather|Snowscape
|-end|p1a: The old|Protosynthesis
|
|t:|1758307776
|switch|p2a: Enamorus|Enamorus-Therian, F|100/100|[from] Chilly Reception
|-damage|p2a: Enamorus|76/100|[from] Stealth Rock
|move|p1a: The old|Flare Blitz|p2a: Enamorus
|-damage|p2a: Enamorus|16/100
|-damage|p1a: The old|79/100|[from] Recoil
|
|-weather|Snowscape|[upkeep]
|upkeep
|turn|8
|
|t:|1758307783
|-end|p1a: The old|Protosynthesis|[silent]
|switch|p1a: Torkoal|Torkoal, F|100/100
|-weather|SunnyDay|[from] ability: Drought|[of] p1a: Torkoal
|move|p2a: Enamorus|Draining Kiss|p1a: Torkoal
|-resisted|p1a: Torkoal
|-damage|p1a: Torkoal|75/100
|-heal|p2a: Enamorus|35/100|[from] drain|[of] p1a: Torkoal
|
|-weather|SunnyDay|[upkeep]
|upkeep
|turn|9
|
|t:|1758307789
|move|p1a: Torkoal|Lava Plume|p2a: Enamorus
|-damage|p2a: Enamorus|1/100
|move|p2a: Enamorus|Draining Kiss|p1a: Torkoal
|-resisted|p1a: Torkoal
|-damage|p1a: Torkoal|47/100
|-heal|p2a: Enamorus|21/100|[from] drain|[of] p1a: Torkoal
|
|-weather|SunnyDay|[upkeep]
|upkeep
|turn|10
|
|t:|1758307796
|switch|p1a: The old|Slither Wing|79/100
|-activate|p1a: The old|ability: Protosynthesis
|-start|p1a: The old|protosynthesisatk
|move|p2a: Enamorus|Draining Kiss|p1a: The old
|-supereffective|p1a: The old
|-damage|p1a: The old|0 fnt
|-heal|p2a: Enamorus|75/100|[from] drain|[of] p1a: The old
|faint|p1a: The old
|-end|p1a: The old|Protosynthesis|[silent]
|
|-weather|SunnyDay|[upkeep]
|-fieldend|move: Trick Room
|upkeep
|
|t:|1758307802
|switch|p1a: Walking Wake|Walking Wake|100/100
|-activate|p1a: Walking Wake|ability: Protosynthesis
|-start|p1a: Walking Wake|protosynthesisspe
|turn|11
|
|t:|1758307805
|move|p1a: Walking Wake|Hydro Steam|p2a: Enamorus
|-crit|p2a: Enamorus
|-damage|p2a: Enamorus|0 fnt
|faint|p2a: Enamorus
|
|-weather|SunnyDay|[upkeep]
|upkeep
|
|t:|1758307808
|switch|p2a: Slowking|Slowking-Galar, F|100/100
|turn|12
|
|t:|1758307812
|-end|p1a: Walking Wake|Protosynthesis|[silent]
|switch|p1a: Great Tusk|Great Tusk|100/100
|-activate|p1a: Great Tusk|ability: Protosynthesis
|-start|p1a: Great Tusk|protosynthesisspe
|move|p2a: Slowking|Trick Room|p2a: Slowking
|-fieldstart|move: Trick Room|[of] p2a: Slowking
|
|-weather|SunnyDay|[upkeep]
|upkeep
|turn|13
|
|t:|1758307821
|-prepare|p2a: Slowking|Chilly Reception|[premajor]
|move|p2a: Slowking|Chilly Reception|p2a: Slowking
|-weather|Snowscape
|-end|p1a: Great Tusk|Protosynthesis
|
|t:|1758307831
|switch|p2a: Ursaluna|Ursaluna, M|100/100|[from] Chilly Reception
|-damage|p2a: Ursaluna|94/100|[from] Stealth Rock
|move|p1a: Great Tusk|Bulk Up|p1a: Great Tusk
|-boost|p1a: Great Tusk|atk|1
|-boost|p1a: Great Tusk|def|1
|
|-weather|Snowscape|[upkeep]
|-status|p2a: Ursaluna|brn|[from] item: Flame Orb
|upkeep
|turn|14
|
|t:|1758307839
|-terastallize|p1a: Great Tusk|Ghost
|move|p2a: Ursaluna|Facade|p1a: Great Tusk
|-immune|p1a: Great Tusk
|move|p1a: Great Tusk|Bulk Up|p1a: Great Tusk
|-boost|p1a: Great Tusk|atk|1
|-boost|p1a: Great Tusk|def|1
|
|-weather|Snowscape|[upkeep]
|-damage|p2a: Ursaluna|88/100 brn|[from] brn
|upkeep
|turn|15
|
|t:|1758307848
|-terastallize|p2a: Ursaluna|Ground
|move|p2a: Ursaluna|Headlong Rush|p1a: Great Tusk
|-damage|p1a: Great Tusk|51/100
|-unboost|p2a: Ursaluna|def|1
|-unboost|p2a: Ursaluna|spd|1
|move|p1a: Great Tusk|Headlong Rush|p2a: Ursaluna
|-damage|p2a: Ursaluna|0 fnt
|-unboost|p1a: Great Tusk|def|1
|-unboost|p1a: Great Tusk|spd|1
|faint|p2a: Ursaluna
|
|-weather|Snowscape|[upkeep]
|upkeep
|
|t:|1758307858
|switch|p2a: Bastiodon|Bastiodon, F|100/100
|-damage|p2a: Bastiodon|94/100|[from] Stealth Rock
|turn|16
|
|t:|1758307866
|move|p1a: Great Tusk|Headlong Rush|p2a: Bastiodon
|-supereffective|p2a: Bastiodon
|-damage|p2a: Bastiodon|0 fnt
|-unboost|p1a: Great Tusk|def|1
|-unboost|p1a: Great Tusk|spd|1
|faint|p2a: Bastiodon
|
|-weather|Snowscape|[upkeep]
|-fieldend|move: Trick Room
|upkeep
|
|t:|1758307869
|switch|p2a: Samurott|Samurott-Hisui, F|100/100
|-damage|p2a: Samurott|88/100|[from] Stealth Rock
|turn|17
|
|t:|1758307876
|move|p2a: Samurott|Ceaseless Edge|p1a: Great Tusk
|-supereffective|p1a: Great Tusk
|-damage|p1a: Great Tusk|0 fnt
|-sidestart|p1: Vacodrish|Spikes
|faint|p1a: Great Tusk
|-end|p1a: Great Tusk|Protosynthesis|[silent]
|
|-weather|none
|upkeep
|
|t:|1758307897
|switch|p1a: Torkoal|Torkoal, F|47/100
|-damage|p1a: Torkoal|35/100|[from] Spikes
|-weather|SunnyDay|[from] ability: Drought|[of] p1a: Torkoal
|turn|18
|
|t:|1758307907
|switch|p2a: Slowking|Slowking-Galar, F|100/100
|move|p1a: Torkoal|Will-O-Wisp|p2a: Slowking
|-status|p2a: Slowking|brn
|
|-weather|SunnyDay|[upkeep]
|-damage|p2a: Slowking|94/100 brn|[from] brn
|upkeep
|turn|19
|
|t:|1758307912
|switch|p1a: Ting-Lu|Ting-Lu|61/100
|-damage|p1a: Ting-Lu|49/100|[from] Spikes
|-ability|p1a: Ting-Lu|Vessel of Ruin
|move|p2a: Slowking|Trick Room|p2a: Slowking
|-fieldstart|move: Trick Room|[of] p2a: Slowking
|
|-weather|SunnyDay|[upkeep]
|-heal|p1a: Ting-Lu|55/100|[from] item: Leftovers
|-damage|p2a: Slowking|88/100 brn|[from] brn
|upkeep
|turn|20
|
|t:|1758307916
|move|p2a: Slowking|Toxic|p1a: Ting-Lu
|-status|p1a: Ting-Lu|tox
|move|p1a: Ting-Lu|Earthquake|p2a: Slowking
|-supereffective|p2a: Slowking
|-damage|p2a: Slowking|30/100 brn
|
|-weather|SunnyDay|[upkeep]
|-heal|p1a: Ting-Lu|61/100 tox|[from] item: Leftovers
|-damage|p1a: Ting-Lu|55/100 tox|[from] psn
|-damage|p2a: Slowking|24/100 brn|[from] brn
|upkeep
|turn|21
|
|t:|1758307923
|-prepare|p2a: Slowking|Chilly Reception|[premajor]
|move|p2a: Slowking|Chilly Reception|p2a: Slowking
|-weather|Snowscape
|
|t:|1758307925
|switch|p2a: Samurott|Samurott-Hisui, F|88/100|[from] Chilly Reception
|-damage|p2a: Samurott|76/100|[from] Stealth Rock
|move|p1a: Ting-Lu|Earthquake|p2a: Samurott
|-damage|p2a: Samurott|29/100
|
|-weather|Snowscape|[upkeep]
|-heal|p1a: Ting-Lu|61/100 tox|[from] item: Leftovers
|-damage|p1a: Ting-Lu|49/100 tox|[from] psn
|upkeep
|turn|22
|
|t:|1758307942
|switch|p1a: Torkoal|Torkoal, F|35/100
|-damage|p1a: Torkoal|23/100|[from] Spikes
|-weather|SunnyDay|[from] ability: Drought|[of] p1a: Torkoal
|move|p2a: Samurott|Flip Turn|p1a: Torkoal
|-supereffective|p1a: Torkoal
|-damage|p1a: Torkoal|8/100
|
|t:|1758307949
|switch|p2a: Slowking|Slowking-Galar, F|24/100 brn|[from] Flip Turn
|
|-weather|SunnyDay|[upkeep]
|-damage|p2a: Slowking|18/100 brn|[from] brn
|upkeep
|turn|23
|
|t:|1758307953
|move|p1a: Torkoal|Lava Plume|p2a: Slowking
|-damage|p2a: Slowking|0 fnt
|faint|p2a: Slowking
|
|-weather|SunnyDay|[upkeep]
|-fieldend|move: Trick Room
|upkeep
|
|t:|1758307956
|switch|p2a: Samurott|Samurott-Hisui, F|29/100
|-damage|p2a: Samurott|17/100|[from] Stealth Rock
|turn|24
|
|t:|1758307964
|move|p2a: Samurott|Sacred Sword|p1a: Torkoal
|-damage|p1a: Torkoal|0 fnt
|faint|p1a: Torkoal
|
|-weather|SunnyDay|[upkeep]
|upkeep
|
|t:|1758307967
|switch|p1a: Walking Wake|Walking Wake|100/100
|-damage|p1a: Walking Wake|88/100|[from] Spikes
|-activate|p1a: Walking Wake|ability: Protosynthesis
|-start|p1a: Walking Wake|protosynthesisspe
|turn|25
|
|t:|1758307970
|move|p1a: Walking Wake|Hydro Steam|p2a: Samurott
|-resisted|p2a: Samurott
|-damage|p2a: Samurott|0 fnt
|faint|p2a: Samurott
|
|win|Vacodrish
|raw|Vacodrish's rating: 1404 &rarr; <strong>1421</strong><br />(+17 for winning)
|raw|moulou's rating: 1348 &rarr; <strong>1331</strong><br />(-17 for losing)
|l|☆moulou
|player|p2|
|l|☆Vacodrish
|player|p1|
