|j|☆CallMeBlaze
|j|☆xvanli
|t:|1758347931
|gametype|singles
|player|p1|CallMeBlaze|2|1187
|player|p2|xvanli|steven|1182
|gen|9
|tier|[Gen 9] OU
|rated|
|rule|HP Percentage Mod: HP is shown in percentages
|rule|Endless Battle Clause: Forcing endless battles is banned
|rule|Species Clause: Limit one of each Pokémon
|rule|OHKO Clause: OHKO moves are banned
|rule|Evasion Items Clause: Evasion items are banned
|rule|Evasion Moves Clause: Evasion moves are banned
|rule|Evasion Abilities Clause: Evasion abilities are banned
|rule|Sleep Moves Clause: Sleep-inducing moves are banned
|clearpoke
|poke|p1|Deoxys-Defense|
|poke|p1|Zapdos|
|poke|p1|Dragapult, M|
|poke|p1|Weezing-Galar, F|
|poke|p1|Landorus-Therian, M|
|poke|p1|Corviknight, M|
|poke|p2|Tyranitar, M|
|poke|p2|Gastrodon, M|
|poke|p2|Excadrill, M|
|poke|p2|Skarmory, F|
|poke|p2|Gholdengo|
|poke|p2|Tinkaton, F|
|teampreview
|inactive|Battle timer is ON: inactive players will automatically lose when time's up. (requested by xvanli)
|
|t:|1758347937
|teamsize|p1|6
|teamsize|p2|6
|start
|switch|p1a: Deoxys|Deoxys-Defense, shiny|100/100
|switch|p2a: Tyranitar|Tyranitar, M|100/100
|-ability|p1a: Deoxys|Pressure
|-weather|Sandstorm|[from] ability: Sand Stream|[of] p2a: Tyranitar
|turn|1
|
|t:|1758347952
|-terastallize|p1a: Deoxys|Normal
|move|p1a: Deoxys|Cosmic Power|p1a: Deoxys
|-boost|p1a: Deoxys|def|1
|-boost|p1a: Deoxys|spd|1
|move|p2a: Tyranitar|Payback|p1a: Deoxys
|-crit|p1a: Deoxys
|-damage|p1a: Deoxys|38/100
|
|-weather|Sandstorm|[upkeep]
|-damage|p1a: Deoxys|32/100|[from] Sandstorm
|-heal|p1a: Deoxys|38/100|[from] item: Leftovers
|upkeep
|turn|2
|
|t:|1758347968
|move|p1a: Deoxys|Cosmic Power|p1a: Deoxys
|-boost|p1a: Deoxys|def|1
|-boost|p1a: Deoxys|spd|1
|move|p2a: Tyranitar|Payback|p1a: Deoxys
|-damage|p1a: Deoxys|19/100
|
|-weather|Sandstorm|[upkeep]
|-damage|p1a: Deoxys|13/100|[from] Sandstorm
|-heal|p1a: Deoxys|19/100|[from] item: Leftovers
|upkeep
|turn|3
|
|t:|1758347978
|switch|p2a: Skarmory|Skarmory, F|100/100
|move|p1a: Deoxys|Recover|p1a: Deoxys
|-heal|p1a: Deoxys|69/100
|
|-weather|Sandstorm|[upkeep]
|-damage|p1a: Deoxys|63/100|[from] Sandstorm
|-heal|p1a: Deoxys|69/100|[from] item: Leftovers
|upkeep
|turn|4
|
|t:|1758347989
|move|p1a: Deoxys|Cosmic Power|p1a: Deoxys
|-boost|p1a: Deoxys|def|1
|-boost|p1a: Deoxys|spd|1
|move|p2a: Skarmory|Body Press|p1a: Deoxys
|-supereffective|p1a: Deoxys
|-damage|p1a: Deoxys|51/100
|
|-weather|Sandstorm|[upkeep]
|-damage|p1a: Deoxys|45/100|[from] Sandstorm
|-heal|p1a: Deoxys|51/100|[from] item: Leftovers
|upkeep
|turn|5
|
|t:|1758348000
|move|p1a: Deoxys|Cosmic Power|p1a: Deoxys
|-boost|p1a: Deoxys|def|1
|-boost|p1a: Deoxys|spd|1
|move|p2a: Skarmory|Whirlwind|p1a: Deoxys
|drag|p1a: Landorus|Landorus-Therian, M|100/100
|-ability|p1a: Landorus|Intimidate|boost
|-unboost|p2a: Skarmory|atk|1
|
|-weather|none
|upkeep
|turn|6
|
|t:|1758348012
|move|p1a: Landorus|Stone Edge|p2a: Skarmory
|-damage|p2a: Skarmory|80/100
|move|p2a: Skarmory|Spikes|p1a: Landorus
|-sidestart|p1: CallMeBlaze|Spikes
|
|upkeep
|turn|7
|
|t:|1758348018
|switch|p1a: Corviknight|Corviknight, M|100/100
|move|p2a: Skarmory|Spikes|p1a: Corviknight
|-sidestart|p1: CallMeBlaze|Spikes
|
|upkeep
|turn|8
|
|t:|1758348026
|move|p1a: Corviknight|Bulk Up|p1a: Corviknight
|-boost|p1a: Corviknight|atk|1
|-boost|p1a: Corviknight|def|1
|move|p2a: Skarmory|Whirlwind|p1a: Corviknight
|drag|p1a: Landorus|Landorus-Therian, M|100/100
|-ability|p1a: Landorus|Intimidate|boost
|-unboost|p2a: Skarmory|atk|1
|
|upkeep
|turn|9
|
|t:|1758348039
|move|p1a: Landorus|Body Slam|p2a: Skarmory
|-resisted|p2a: Skarmory
|-damage|p2a: Skarmory|71/100
|move|p2a: Skarmory|Whirlwind|p1a: Landorus
|drag|p1a: Deoxys|Deoxys-Defense, shiny, tera:Normal|51/100
|-damage|p1a: Deoxys|34/100|[from] Spikes
|-ability|p1a: Deoxys|Pressure
|
|-heal|p1a: Deoxys|40/100|[from] item: Leftovers
|upkeep
|turn|10
|
|t:|1758348051
|move|p1a: Deoxys|Recover|p1a: Deoxys
|-heal|p1a: Deoxys|90/100
|move|p2a: Skarmory|Body Press|p1a: Deoxys
|-supereffective|p1a: Deoxys
|-damage|p1a: Deoxys|43/100
|
|-heal|p1a: Deoxys|49/100|[from] item: Leftovers
|upkeep
|turn|11
|
|t:|1758348060
|switch|p1a: Weezing|Weezing-Galar, F|100/100
|move|p2a: Skarmory|Body Press|p1a: Weezing
|-resisted|p1a: Weezing
|-damage|p1a: Weezing|95/100
|-damage|p2a: Skarmory|55/100|[from] item: Rocky Helmet|[of] p1a: Weezing
|
|upkeep
|turn|12
|
|t:|1758348074
|move|p1a: Weezing|Toxic Spikes|p2a: Skarmory
|-sidestart|p2: xvanli|move: Toxic Spikes
|move|p2a: Skarmory|Whirlwind|p1a: Weezing
|drag|p1a: Zapdos|Zapdos|100/100
|-ability|p1a: Zapdos|Pressure
|
|upkeep
|turn|13
|
|t:|1758348082
|switch|p2a: Excadrill|Excadrill, M|100/100
|move|p1a: Zapdos|Discharge|p2a: Excadrill
|-immune|p2a: Excadrill
|
|upkeep
|turn|14
|
|t:|1758348090
|switch|p1a: Weezing|Weezing-Galar, F|95/100
|move|p2a: Excadrill|Rapid Spin|p1a: Weezing
|-damage|p1a: Weezing|81/100
|-boost|p2a: Excadrill|spe|1
|-damage|p2a: Excadrill|84/100|[from] item: Rocky Helmet|[of] p1a: Weezing
|-sideend|p2: xvanli|Toxic Spikes|[from] move: Rapid Spin|[of] p2a: Excadrill
|
|upkeep
|turn|15
|
|t:|1758348102
|move|p2a: Excadrill|Earthquake|p1a: Weezing
|-immune|p1a: Weezing|[from] ability: Levitate
|move|p1a: Weezing|Toxic Spikes|p2a: Excadrill
|-sidestart|p2: xvanli|move: Toxic Spikes
|
|upkeep
|turn|16
|
|t:|1758348109
|move|p2a: Excadrill|Iron Head|p1a: Weezing
|-supereffective|p1a: Weezing
|-damage|p1a: Weezing|17/100
|-damage|p2a: Excadrill|67/100|[from] item: Rocky Helmet|[of] p1a: Weezing
|move|p1a: Weezing|Toxic Spikes|p2a: Excadrill
|-sidestart|p2: xvanli|move: Toxic Spikes
|
|upkeep
|turn|17
|
|t:|1758348117
|switch|p1a: Corviknight|Corviknight, M|100/100
|move|p2a: Excadrill|Iron Head|p1a: Corviknight
|-resisted|p1a: Corviknight
|-damage|p1a: Corviknight|82/100
|-damage|p2a: Excadrill|51/100|[from] item: Rocky Helmet|[of] p1a: Corviknight
|
|upkeep
|turn|18
|
|t:|1758348125
|move|p2a: Excadrill|Rapid Spin|p1a: Corviknight
|-resisted|p1a: Corviknight
|-damage|p1a: Corviknight|74/100
|-boost|p2a: Excadrill|spe|1
|-damage|p2a: Excadrill|34/100|[from] item: Rocky Helmet|[of] p1a: Corviknight
|-sideend|p2: xvanli|Toxic Spikes|[from] move: Rapid Spin|[of] p2a: Excadrill
|move|p1a: Corviknight|Bulk Up|p1a: Corviknight
|-boost|p1a: Corviknight|atk|1
|-boost|p1a: Corviknight|def|1
|
|upkeep
|turn|19
|
|t:|1758348135
|switch|p2a: Gastrodon|Gastrodon, M, shiny|100/100
|move|p1a: Corviknight|Bulk Up|p1a: Corviknight
|-boost|p1a: Corviknight|atk|1
|-boost|p1a: Corviknight|def|1
|
|upkeep
|turn|20
|
|t:|1758348146
|move|p1a: Corviknight|Body Press|p2a: Gastrodon
|-damage|p2a: Gastrodon|53/100
|move|p2a: Gastrodon|Clear Smog|p1a: Corviknight
|-immune|p1a: Corviknight
|
|-heal|p2a: Gastrodon|59/100|[from] item: Leftovers
|upkeep
|turn|21
|
|t:|1758348156
|move|p1a: Corviknight|Body Press|p2a: Gastrodon
|-damage|p2a: Gastrodon|16/100
|move|p2a: Gastrodon|Stealth Rock|p1a: Corviknight
|-sidestart|p1: CallMeBlaze|move: Stealth Rock
|
|-heal|p2a: Gastrodon|22/100|[from] item: Leftovers
|upkeep
|turn|22
|
|t:|1758348166
|move|p1a: Corviknight|Bulk Up|p1a: Corviknight
|-boost|p1a: Corviknight|atk|1
|-boost|p1a: Corviknight|def|1
|move|p2a: Gastrodon|Earth Power|p1a: Corviknight
|-immune|p1a: Corviknight
|
|-heal|p2a: Gastrodon|28/100|[from] item: Leftovers
|upkeep
|turn|23
|
|t:|1758348175
|move|p1a: Corviknight|Roost|p1a: Corviknight
|-heal|p1a: Corviknight|100/100
|-singleturn|p1a: Corviknight|move: Roost
|move|p2a: Gastrodon|Ice Beam|p1a: Corviknight
|-resisted|p1a: Corviknight
|-damage|p1a: Corviknight|90/100
|-status|p1a: Corviknight|frz
|
|-heal|p2a: Gastrodon|34/100|[from] item: Leftovers
|upkeep
|turn|24
|
|t:|1758348187
|switch|p2a: Skarmory|Skarmory, F|55/100
|cant|p1a: Corviknight|frz
|
|upkeep
|turn|25
|
|t:|1758348193
|switch|p1a: Landorus|Landorus-Therian, M|100/100
|-damage|p1a: Landorus|88/100|[from] Stealth Rock
|-ability|p1a: Landorus|Intimidate|boost
|-unboost|p2a: Skarmory|atk|1
|move|p2a: Skarmory|Whirlwind|p1a: Landorus
|drag|p1a: Dragapult|Dragapult, M|100/100
|-damage|p1a: Dragapult|84/100|[from] Spikes
|-damage|p1a: Dragapult|72/100|[from] Stealth Rock
|
|upkeep
|turn|26
|
|t:|1758348208
|switch|p2a: Tinkaton|Tinkaton, F|100/100
|move|p1a: Dragapult|Acrobatics|p2a: Tinkaton
|-resisted|p2a: Tinkaton
|-damage|p2a: Tinkaton|74/100
|
|upkeep
|turn|27
|
|t:|1758348216
|move|p1a: Dragapult|U-turn|p2a: Tinkaton
|-resisted|p2a: Tinkaton
|-damage|p2a: Tinkaton|65/100
|
|t:|1758348223
|switch|p1a: Weezing|Weezing-Galar, F|17/100|[from] U-turn
|-damage|p1a: Weezing|4/100|[from] Stealth Rock
|move|p2a: Tinkaton|Encore||[still]
|-fail|p2a: Tinkaton
|
|upkeep
|turn|28
|
|t:|1758348231
|move|p2a: Tinkaton|Gigaton Hammer|p1a: Weezing
|-supereffective|p1a: Weezing
|-damage|p1a: Weezing|0 fnt
|faint|p1a: Weezing
|
|upkeep
|
|t:|1758348234
|switch|p1a: Deoxys|Deoxys-Defense, shiny, tera:Normal|49/100
|-damage|p1a: Deoxys|33/100|[from] Spikes
|-damage|p1a: Deoxys|20/100|[from] Stealth Rock
|-ability|p1a: Deoxys|Pressure
|turn|29
|
|t:|1758348243
|move|p2a: Tinkaton|Play Rough|p1a: Deoxys
|-damage|p1a: Deoxys|0 fnt
|faint|p1a: Deoxys
|
|upkeep
|
|t:|1758348248
|switch|p1a: Zapdos|Zapdos|100/100
|-ability|p1a: Zapdos|Pressure
|turn|30
|
|t:|1758348253
|move|p1a: Zapdos|Heat Wave|p2a: Tinkaton
|-supereffective|p2a: Tinkaton
|-damage|p2a: Tinkaton|15/100
|move|p2a: Tinkaton|Gigaton Hammer|p1a: Zapdos
|-resisted|p1a: Zapdos
|-damage|p1a: Zapdos|68/100
|
|upkeep
|turn|31
|
|t:|1758348261
|switch|p2a: Tyranitar|Tyranitar, M|100/100
|-weather|Sandstorm|[from] ability: Sand Stream|[of] p2a: Tyranitar
|move|p1a: Zapdos|Heat Wave|p2a: Tyranitar
|-resisted|p2a: Tyranitar
|-crit|p2a: Tyranitar
|-damage|p2a: Tyranitar|91/100
|
|-weather|Sandstorm|[upkeep]
|-damage|p1a: Zapdos|62/100|[from] Sandstorm
|upkeep
|turn|32
|
|t:|1758348272
|switch|p1a: Landorus|Landorus-Therian, M|88/100
|-damage|p1a: Landorus|75/100|[from] Stealth Rock
|-ability|p1a: Landorus|Intimidate|boost
|-unboost|p2a: Tyranitar|atk|1
|move|p2a: Tyranitar|Ice Punch|p1a: Landorus
|-supereffective|p1a: Landorus
|-damage|p1a: Landorus|0 fnt
|faint|p1a: Landorus
|
|-weather|Sandstorm|[upkeep]
|upkeep
|
|t:|1758348280
|switch|p1a: Corviknight|Corviknight, M|90/100 frz
|-damage|p1a: Corviknight|77/100 frz|[from] Stealth Rock
|turn|33
|
|t:|1758348287
|cant|p1a: Corviknight|frz
|move|p2a: Tyranitar|Rock Slide|p1a: Corviknight
|-damage|p1a: Corviknight|56/100 frz
|
|-weather|Sandstorm|[upkeep]
|upkeep
|turn|34
|
|t:|1758348294
|cant|p1a: Corviknight|frz
|move|p2a: Tyranitar|Ice Punch|p1a: Corviknight
|-damage|p1a: Corviknight|41/100 frz
|-damage|p2a: Tyranitar|75/100|[from] item: Rocky Helmet|[of] p1a: Corviknight
|
|-weather|Sandstorm|[upkeep]
|upkeep
|turn|35
|
|t:|1758348306
|switch|p2a: Gholdengo|Gholdengo, shiny|100/100
|cant|p1a: Corviknight|frz
|
|-weather|none
|upkeep
|turn|36
|
|t:|1758348313
|move|p2a: Gholdengo|Trick|p1a: Corviknight
|-activate|p2a: Gholdengo|move: Trick|[of] p1a: Corviknight
|-item|p1a: Corviknight|Choice Scarf|[from] move: Trick
|-item|p2a: Gholdengo|Rocky Helmet|[from] move: Trick
|cant|p1a: Corviknight|frz
|
|upkeep
|turn|37
|
|t:|1758348323
|move|p2a: Gholdengo|Thunderbolt|p1a: Corviknight
|-supereffective|p1a: Corviknight
|-damage|p1a: Corviknight|0 fnt
|faint|p1a: Corviknight
|
|upkeep
|
|t:|1758348329
|switch|p1a: Dragapult|Dragapult, M|72/100
|-damage|p1a: Dragapult|55/100|[from] Spikes
|-damage|p1a: Dragapult|43/100|[from] Stealth Rock
|turn|38
|
|t:|1758348334
|move|p1a: Dragapult|Dragon Darts|p2a: Gholdengo
|-resisted|p2a: Gholdengo
|-damage|p2a: Gholdengo|86/100
|-anim|p1a: Dragapult|Dragon Darts|p2a: Gholdengo
|-resisted|p2a: Gholdengo
|-damage|p2a: Gholdengo|69/100
|move|p2a: Gholdengo|Shadow Ball|p1a: Dragapult
|-supereffective|p1a: Dragapult
|-damage|p1a: Dragapult|0 fnt
|faint|p1a: Dragapult
|
|upkeep
|-message|CallMeBlaze forfeited.
|
|win|xvanli
|raw|CallMeBlaze's rating: 1187 &rarr; <strong>1162</strong><br />(-25 for losing)
|raw|xvanli's rating: 1182 &rarr; <strong>1207</strong><br />(+25 for winning)
|l|☆CallMeBlaze
|player|p1|
|l|☆xvanli
|player|p2|
