|j|☆RIOT#0557
|j|☆Dzac98
|inactive|Battle timer is ON: inactive players will automatically lose when time's up.
|t:|1758310697
|gametype|singles
|player|p1|RIOT#0557|teamrocket|
|player|p2|Dzac98|acetrainer-gen4dp|
|gen|9
|tier|[Gen 9] OU
|rated|Tournament battle
|rule|HP Percentage Mod: HP is shown in percentages
|rule|Endless Battle Clause: Forcing endless battles is banned
|rule|Species Clause: Limit one of each Pokémon
|rule|OHKO Clause: OHKO moves are banned
|rule|Evasion Items Clause: Evasion items are banned
|rule|Evasion Moves Clause: Evasion moves are banned
|rule|Evasion Abilities Clause: Evasion abilities are banned
|rule|Sleep Moves Clause: Sleep-inducing moves are banned
|clearpoke
|poke|p1|Regidrago|
|poke|p1|Cloyster, M|
|poke|p1|Enamorus, F|
|poke|p1|Corviknight, M|
|poke|p1|Blaziken, F|
|poke|p1|Landorus-Therian, M|
|poke|p2|Slowking-Galar, F|
|poke|p2|Scizor, M|
|poke|p2|Dragonite, M|
|poke|p2|Zamazenta-*|
|poke|p2|Primarina, F|
|poke|p2|Zapdos|
|teampreview
|j|*Lady Monita ☀
|
|t:|1758310721
|teamsize|p1|6
|teamsize|p2|6
|start
|switch|p1a: Landorus|Landorus-Therian, M|100/100
|switch|p2a: Zapdos|Zapdos|100/100
|-ability|p1a: Landorus|Intimidate|boost
|-unboost|p2a: Zapdos|atk|1
|turn|1
|j| Albrtix
|
|t:|1758310743
|move|p1a: Landorus|Rock Slide|p2a: Zapdos
|-supereffective|p2a: Zapdos
|-damage|p2a: Zapdos|60/100
|cant|p2a: Zapdos|flinch
|
|upkeep
|turn|2
|
|t:|1758310749
|move|p1a: Landorus|Rock Slide|p2a: Zapdos
|-supereffective|p2a: Zapdos
|-damage|p2a: Zapdos|22/100
|move|p2a: Zapdos|Roost|p2a: Zapdos
|-heal|p2a: Zapdos|72/100
|-singleturn|p2a: Zapdos|move: Roost
|
|upkeep
|turn|3
|
|t:|1758310773
|move|p1a: Landorus|Rock Slide|p2a: Zapdos
|-supereffective|p2a: Zapdos
|-damage|p2a: Zapdos|31/100
|cant|p2a: Zapdos|flinch
|
|upkeep
|turn|4
|
|t:|1758310796
|switch|p2a: Zamazenta|Zamazenta|100/100
|-ability|p2a: Zamazenta|Dauntless Shield|boost
|-boost|p2a: Zamazenta|def|1
|move|p1a: Landorus|Rock Slide|p2a: Zamazenta|[miss]
|-miss|p1a: Landorus|p2a: Zamazenta
|
|upkeep
|turn|5
|
|t:|1758310805
|switch|p1a: Corviknight|Corviknight, M|100/100
|move|p2a: Zamazenta|Iron Defense|p2a: Zamazenta
|-boost|p2a: Zamazenta|def|2
|
|upkeep
|turn|6
|
|t:|1758310811
|move|p2a: Zamazenta|Iron Defense|p2a: Zamazenta
|-boost|p2a: Zamazenta|def|2
|move|p1a: Corviknight|Brave Bird|p2a: Zamazenta
|-supereffective|p2a: Zamazenta
|-damage|p2a: Zamazenta|79/100
|-damage|p1a: Corviknight|92/100|[from] Recoil
|
|-heal|p2a: Zamazenta|85/100|[from] item: Leftovers
|-heal|p1a: Corviknight|98/100|[from] item: Leftovers
|upkeep
|turn|7
|
|t:|1758310826
|switch|p1a: Landorus|Landorus-Therian, M|100/100
|-ability|p1a: Landorus|Intimidate|boost
|-unboost|p2a: Zamazenta|atk|1
|move|p2a: Zamazenta|Body Press|p1a: Landorus
|-resisted|p1a: Landorus
|-damage|p1a: Landorus|30/100
|
|-heal|p2a: Zamazenta|91/100|[from] item: Leftovers
|upkeep
|turn|8
|
|t:|1758310850
|move|p1a: Landorus|Earthquake|p2a: Zamazenta
|-damage|p2a: Zamazenta|79/100
|move|p2a: Zamazenta|Body Press|p1a: Landorus
|-resisted|p1a: Landorus
|-damage|p1a: Landorus|0 fnt
|faint|p1a: Landorus
|
|-heal|p2a: Zamazenta|85/100|[from] item: Leftovers
|upkeep
|
|t:|1758310859
|switch|p1a: Enamorus|Enamorus, F|100/100
|turn|9
|
|t:|1758310885
|-terastallize|p2a: Zamazenta|Steel
|move|p2a: Zamazenta|Body Press|p1a: Enamorus
|-resisted|p1a: Enamorus
|-damage|p1a: Enamorus|56/100
|move|p1a: Enamorus|Play Rough|p2a: Zamazenta
|-resisted|p2a: Zamazenta
|-damage|p2a: Zamazenta|80/100
|
|-heal|p2a: Zamazenta|87/100|[from] item: Leftovers
|upkeep
|turn|10
|-message|RIOT#0557 forfeited.
|
|win|Dzac98
|n|☆RIOT#0557|riot0557
|n|☆Dzac98|dzac98
|n|*Lady Monita ☀|ladymonita
|n| Albrtix|albrtix
|l|*Lady Monita ☀
|l|☆RIOT#0557
|player|p1|
|l|☆Dzac98
|player|p2|
