|j|☆CherylBush
|j|☆kennojex
|t:|1758244618
|gametype|singles
|player|p1|CherylBush|mallow-masters|1560
|player|p2|kennojex|170|1566
|gen|9
|tier|[Gen 9] OU
|rated|
|rule|HP Percentage Mod: HP is shown in percentages
|rule|Endless Battle Clause: Forcing endless battles is banned
|rule|Species Clause: Limit one of each Pokémon
|rule|OHKO Clause: OHKO moves are banned
|rule|Evasion Items Clause: Evasion items are banned
|rule|Evasion Moves Clause: Evasion moves are banned
|rule|Evasion Abilities Clause: Evasion abilities are banned
|rule|Sleep Moves Clause: Sleep-inducing moves are banned
|clearpoke
|poke|p1|Landorus-Therian, M|
|poke|p1|Skeledirge, M|
|poke|p1|Skarmory, M|
|poke|p1|Hydrapple, M|
|poke|p1|Samurott-Hisui, M|
|poke|p1|Fezandipiti, M|
|poke|p2|Deoxys-Speed|
|poke|p2|Garganacl, F|
|poke|p2|Quaquaval, M|
|poke|p2|Kyurem|
|poke|p2|Darkrai|
|poke|p2|Cresselia, F|
|teampreview
|
|t:|1758244644
|teamsize|p1|6
|teamsize|p2|6
|start
|switch|p1a: Skarmory|Skarmory, M, shiny|100/100
|switch|p2a: Deoxys|Deoxys-Speed|100/100
|-ability|p2a: Deoxys|Pressure
|turn|1
|
|t:|1758244648
|move|p2a: Deoxys|Thunder Wave|p1a: Skarmory
|-status|p1a: Skarmory|par
|move|p1a: Skarmory|Stealth Rock|p2a: Deoxys
|-sidestart|p2: kennojex|move: Stealth Rock
|
|upkeep
|turn|2
|
|t:|1758244653
|switch|p1a: Landorus|Landorus-Therian, M, shiny|100/100
|-ability|p1a: Landorus|Intimidate|boost
|-unboost|p2a: Deoxys|atk|1
|move|p2a: Deoxys|Reflect|p2a: Deoxys
|-sidestart|p2: kennojex|Reflect
|
|upkeep
|turn|3
|
|t:|1758244657
|move|p2a: Deoxys|Light Screen|p2a: Deoxys
|-sidestart|p2: kennojex|move: Light Screen
|move|p1a: Landorus|U-turn|p2a: Deoxys
|-supereffective|p2a: Deoxys
|-damage|p2a: Deoxys|66/100
|
|t:|1758244667
|switch|p1a: Skarmory|Skarmory, M, shiny|100/100 par|[from] U-turn
|
|upkeep
|turn|4
|
|t:|1758244678
|switch|p2a: Kyurem|Kyurem|100/100
|-damage|p2a: Kyurem|76/100|[from] Stealth Rock
|-ability|p2a: Kyurem|Pressure
|move|p1a: Skarmory|Brave Bird|p2a: Kyurem
|-damage|p2a: Kyurem|60/100
|-damage|p1a: Skarmory|94/100 par|[from] Recoil
|
|upkeep
|turn|5
|
|t:|1758244685
|move|p2a: Kyurem|Icicle Spear|p1a: Skarmory
|-damage|p1a: Skarmory|86/100 par
|-damage|p1a: Skarmory|78/100 par
|-crit|p1a: Skarmory
|-damage|p1a: Skarmory|66/100 par
|-crit|p1a: Skarmory
|-damage|p1a: Skarmory|54/100 par
|-hitcount|p1a: Skarmory|4
|move|p1a: Skarmory|Body Press|p2a: Kyurem
|-supereffective|p2a: Kyurem
|-damage|p2a: Kyurem|27/100
|
|upkeep
|turn|6
|
|t:|1758244690
|move|p2a: Kyurem|Dragon Dance|p2a: Kyurem
|-boost|p2a: Kyurem|atk|1
|-boost|p2a: Kyurem|spe|1
|move|p1a: Skarmory|Body Press|p2a: Kyurem
|-supereffective|p2a: Kyurem
|-damage|p2a: Kyurem|0 fnt
|faint|p2a: Kyurem
|
|upkeep
|
|t:|1758244693
|switch|p2a: Quaquaval|Quaquaval, M|100/100
|-damage|p2a: Quaquaval|94/100|[from] Stealth Rock
|turn|7
|
|t:|1758244702
|move|p2a: Quaquaval|Swords Dance|p2a: Quaquaval
|-boost|p2a: Quaquaval|atk|2
|move|p1a: Skarmory|Brave Bird|p2a: Quaquaval
|-supereffective|p2a: Quaquaval
|-damage|p2a: Quaquaval|51/100
|-damage|p1a: Skarmory|40/100 par|[from] Recoil
|
|upkeep
|turn|8
|
|t:|1758244711
|move|p2a: Quaquaval|Aqua Step|p1a: Skarmory
|-damage|p1a: Skarmory|0 fnt
|-boost|p2a: Quaquaval|spe|1
|-damage|p2a: Quaquaval|34/100|[from] item: Rocky Helmet|[of] p1a: Skarmory
|faint|p1a: Skarmory
|-ability|p2a: Quaquaval|Moxie|boost
|-boost|p2a: Quaquaval|atk|1
|
|upkeep
|
|t:|1758244722
|switch|p1a: Fez Boi|Fezandipiti, M|100/100
|turn|9
|
|t:|1758244728
|-terastallize|p1a: Fez Boi|Water
|move|p2a: Quaquaval|Close Combat|p1a: Fez Boi
|-damage|p1a: Fez Boi|0 fnt
|-unboost|p2a: Quaquaval|def|1
|-unboost|p2a: Quaquaval|spd|1
|faint|p1a: Fez Boi
|-ability|p2a: Quaquaval|Moxie|boost
|-boost|p2a: Quaquaval|atk|1
|
|-sideend|p2: kennojex|Reflect
|upkeep
|
|t:|1758244734
|switch|p1a: Skeledirge|Skeledirge, M, shiny|100/100
|turn|10
|
|t:|1758244737
|move|p2a: Quaquaval|Aqua Step|p1a: Skeledirge
|-supereffective|p1a: Skeledirge
|-damage|p1a: Skeledirge|39/100
|-boost|p2a: Quaquaval|spe|1
|move|p1a: Skeledirge|Slack Off|p1a: Skeledirge
|-heal|p1a: Skeledirge|89/100
|
|-sideend|p2: kennojex|move: Light Screen
|upkeep
|turn|11
|
|t:|1758244744
|move|p2a: Quaquaval|Aqua Step|p1a: Skeledirge
|-supereffective|p1a: Skeledirge
|-damage|p1a: Skeledirge|31/100
|-boost|p2a: Quaquaval|spe|1
|move|p1a: Skeledirge|Earth Power|p2a: Quaquaval
|-damage|p2a: Quaquaval|4/100
|
|upkeep
|turn|12
|
|t:|1758244752
|switch|p1a: Samurott|Samurott-Hisui, M, shiny|100/100
|move|p2a: Quaquaval|Aqua Step|p1a: Samurott
|-resisted|p1a: Samurott
|-crit|p1a: Samurott
|-damage|p1a: Samurott|0 fnt
|-boost|p2a: Quaquaval|spe|1
|faint|p1a: Samurott
|-ability|p2a: Quaquaval|Moxie|boost
|-boost|p2a: Quaquaval|atk|1
|
|upkeep
|c|☆kennojex|gg
|c|☆CherylBush|:skull:
|inactive|Battle timer is ON: inactive players will automatically lose when time's up. (requested by kennojex)
|-message|CherylBush forfeited.
|
|win|kennojex
|raw|CherylBush's rating: 1560 &rarr; <strong>1540</strong><br />(-20 for losing)
|raw|kennojex's rating: 1566 &rarr; <strong>1586</strong><br />(+20 for winning)
|c|☆kennojex|lel
|l|☆CherylBush
|player|p1|
|l|☆kennojex
|player|p2|
