|j|☆PossiblyJay
|j|☆ShutMario23
|t:|1758243831
|gametype|singles
|player|p1|PossiblyJay|170|1224
|player|p2|ShutMario23|170|1223
|gen|9
|tier|[Gen 9] OU
|rated|
|rule|HP Percentage Mod: HP is shown in percentages
|rule|Endless Battle Clause: Forcing endless battles is banned
|rule|Species Clause: Limit one of each Pokémon
|rule|OHKO Clause: OHKO moves are banned
|rule|Evasion Items Clause: Evasion items are banned
|rule|Evasion Moves Clause: Evasion moves are banned
|rule|Evasion Abilities Clause: Evasion abilities are banned
|rule|Sleep Moves Clause: Sleep-inducing moves are banned
|clearpoke
|poke|p1|Samurott, M|
|poke|p1|Garganacl, F|
|poke|p1|Oricorio, F|
|poke|p1|Ampharos, F|
|poke|p1|Lokix, F|
|poke|p1|Gallade, M|
|poke|p2|Zapdos|
|poke|p2|Cyclizar, M|
|poke|p2|Araquanid, M|
|poke|p2|Jirachi|
|poke|p2|Sinistcha|
|poke|p2|Coalossal, M|
|teampreview
|inactive|Battle timer is ON: inactive players will automatically lose when time's up. (requested by PossiblyJay)
|inactive|PossiblyJay has 120 seconds left.
|inactive|ShutMario23 has 120 seconds left.
|
|t:|1758243873
|teamsize|p1|6
|teamsize|p2|6
|start
|switch|p1a: rockelle|Garganacl, F, shiny|100/100
|switch|p2a: Cyclizar|Cyclizar, M, shiny|100/100
|turn|1
|
|t:|1758243881
|move|p2a: Cyclizar|Taunt|p1a: rockelle
|-start|p1a: rockelle|move: Taunt
|move|p1a: rockelle|Salt Cure|p2a: Cyclizar
|-damage|p2a: Cyclizar|77/100
|-start|p2a: Cyclizar|Salt Cure
|
|-damage|p2a: Cyclizar|64/100|[from] Salt Cure
|upkeep
|turn|2
|
|t:|1758243890
|move|p2a: Cyclizar|Knock Off|p1a: rockelle
|-damage|p1a: rockelle|87/100
|-damage|p2a: Cyclizar|48/100|[from] item: Rocky Helmet|[of] p1a: rockelle
|-enditem|p1a: rockelle|Rocky Helmet|[from] move: Knock Off|[of] p2a: Cyclizar
|move|p1a: rockelle|Heavy Slam|p2a: Cyclizar
|-damage|p2a: Cyclizar|13/100
|
|-damage|p2a: Cyclizar|1/100|[from] Salt Cure
|upkeep
|turn|3
|
|t:|1758243900
|move|p2a: Cyclizar|U-turn|p1a: rockelle
|-damage|p1a: rockelle|77/100
|
|t:|1758243914
|switch|p2a: Coalossal|Coalossal, M|100/100|[from] U-turn
|move|p1a: rockelle|Salt Cure|p2a: Coalossal
|-supereffective|p2a: Coalossal
|-damage|p2a: Coalossal|83/100
|-start|p2a: Coalossal|Salt Cure
|
|-heal|p2a: Coalossal|89/100|[from] item: Leftovers
|-damage|p2a: Coalossal|77/100|[from] Salt Cure
|-end|p1a: rockelle|move: Taunt
|upkeep
|turn|4
|
|t:|1758243927
|move|p2a: Coalossal|Stealth Rock|p1a: rockelle
|-sidestart|p1: PossiblyJay|move: Stealth Rock
|move|p1a: rockelle|Earthquake|p2a: Coalossal
|-supereffective|p2a: Coalossal
|-damage|p2a: Coalossal|17/100
|
|-heal|p2a: Coalossal|23/100|[from] item: Leftovers
|-damage|p2a: Coalossal|11/100|[from] Salt Cure
|upkeep
|turn|5
|
|t:|1758243937
|move|p2a: Coalossal|Body Press|p1a: rockelle
|-supereffective|p1a: rockelle
|-damage|p1a: rockelle|41/100
|move|p1a: rockelle|Recover|p1a: rockelle
|-heal|p1a: rockelle|91/100
|
|-heal|p2a: Coalossal|17/100|[from] item: Leftovers
|-damage|p2a: Coalossal|5/100|[from] Salt Cure
|upkeep
|turn|6
|
|t:|1758243953
|switch|p2a: Araquanid|Araquanid, M, shiny|100/100
|move|p1a: rockelle|Salt Cure|p2a: Araquanid
|-supereffective|p2a: Araquanid
|-damage|p2a: Araquanid|66/100
|-start|p2a: Araquanid|Salt Cure
|
|-heal|p2a: Araquanid|73/100|[from] item: Leftovers
|-damage|p2a: Araquanid|48/100|[from] Salt Cure
|upkeep
|turn|7
|
|t:|1758243966
|switch|p1a: marbles|Ampharos, F, shiny|100/100
|-damage|p1a: marbles|88/100|[from] Stealth Rock
|move|p2a: Araquanid|Sticky Web|p1a: marbles
|-sidestart|p1: PossiblyJay|move: Sticky Web
|
|-heal|p1a: marbles|94/100|[from] item: Leftovers
|-heal|p2a: Araquanid|54/100|[from] item: Leftovers
|-damage|p2a: Araquanid|29/100|[from] Salt Cure
|upkeep
|turn|8
|
|t:|1758243974
|switch|p2a: Sinistcha|Sinistcha, shiny|100/100
|move|p1a: marbles|Cotton Guard|p1a: marbles
|-boost|p1a: marbles|def|3
|
|-heal|p1a: marbles|99/100|[from] item: Leftovers
|upkeep
|turn|9
|
|t:|1758243983
|-terastallize|p1a: marbles|Fairy
|move|p2a: Sinistcha|Calm Mind|p2a: Sinistcha
|-boost|p2a: Sinistcha|spa|1
|-boost|p2a: Sinistcha|spd|1
|move|p1a: marbles|Dazzling Gleam|p2a: Sinistcha
|-damage|p2a: Sinistcha|73/100
|
|-heal|p2a: Sinistcha|79/100|[from] item: Leftovers
|-heal|p1a: marbles|100/100|[from] item: Leftovers
|upkeep
|turn|10
|
|t:|1758243992
|move|p2a: Sinistcha|Matcha Gotcha|p1a: marbles
|-damage|p1a: marbles|58/100
|-heal|p2a: Sinistcha|100/100|[from] drain|[of] p1a: marbles
|move|p1a: marbles|Volt Switch|p2a: Sinistcha
|-resisted|p2a: Sinistcha
|-damage|p2a: Sinistcha|89/100
|
|t:|1758244002
|switch|p1a: shade|Lokix, F|100/100|[from] Volt Switch
|
|-heal|p2a: Sinistcha|95/100|[from] item: Leftovers
|upkeep
|turn|11
|
|t:|1758244008
|switch|p2a: Zapdos|Zapdos, shiny|100/100
|move|p1a: shade|Knock Off|p2a: Zapdos
|-crit|p2a: Zapdos
|-damage|p2a: Zapdos|53/100
|-status|p1a: shade|par|[from] ability: Static|[of] p2a: Zapdos
|-enditem|p2a: Zapdos|Leftovers|[from] move: Knock Off|[of] p1a: shade
|
|upkeep
|turn|12
|
|t:|1758244023
|switch|p1a: marbles|Ampharos, F, shiny, tera:Fairy|58/100
|-damage|p1a: marbles|46/100|[from] Stealth Rock
|-activate|p1a: marbles|move: Sticky Web
|-unboost|p1a: marbles|spe|1
|move|p2a: Zapdos|Roost|p2a: Zapdos
|-heal|p2a: Zapdos|100/100
|-singleturn|p2a: Zapdos|move: Roost
|
|-heal|p1a: marbles|52/100|[from] item: Leftovers
|upkeep
|turn|13
|
|t:|1758244038
|move|p2a: Zapdos|Discharge|p1a: marbles
|-damage|p1a: marbles|22/100
|move|p1a: marbles|Volt Switch|p2a: Zapdos
|-damage|p2a: Zapdos|62/100
|
|t:|1758244047
|switch|p1a: shade|Lokix, F|100/100 par|[from] Volt Switch
|
|upkeep
|turn|14
|
|t:|1758244052
|move|p1a: shade|First Impression|p2a: Zapdos
|-resisted|p2a: Zapdos
|-damage|p2a: Zapdos|32/100
|move|p2a: Zapdos|Heat Wave|p1a: shade
|-supereffective|p1a: shade
|-damage|p1a: shade|0 fnt
|faint|p1a: shade
|
|upkeep
|
|t:|1758244063
|switch|p1a: rockelle|Garganacl, F, shiny|91/100
|-damage|p1a: rockelle|78/100|[from] Stealth Rock
|-activate|p1a: rockelle|move: Sticky Web
|-unboost|p1a: rockelle|spe|1
|turn|15
|
|t:|1758244071
|move|p2a: Zapdos|Roost|p2a: Zapdos
|-heal|p2a: Zapdos|82/100
|-singleturn|p2a: Zapdos|move: Roost
|move|p1a: rockelle|Salt Cure|p2a: Zapdos
|-damage|p2a: Zapdos|71/100
|-start|p2a: Zapdos|Salt Cure
|
|-damage|p2a: Zapdos|59/100|[from] Salt Cure
|upkeep
|turn|16
|
|t:|1758244085
|move|p2a: Zapdos|Roost|p2a: Zapdos
|-heal|p2a: Zapdos|100/100
|-singleturn|p2a: Zapdos|move: Roost
|move|p1a: rockelle|Salt Cure|p2a: Zapdos
|-damage|p2a: Zapdos|88/100
|
|-damage|p2a: Zapdos|75/100|[from] Salt Cure
|upkeep
|turn|17
|
|t:|1758244093
|move|p2a: Zapdos|U-turn|p1a: rockelle
|-damage|p1a: rockelle|69/100
|
|t:|1758244104
|switch|p2a: Araquanid|Araquanid, M, shiny|29/100|[from] U-turn
|move|p1a: rockelle|Recover|p1a: rockelle
|-heal|p1a: rockelle|100/100
|
|-heal|p2a: Araquanid|35/100|[from] item: Leftovers
|upkeep
|turn|18
|
|t:|1758244115
|switch|p1a: marbles|Ampharos, F, shiny, tera:Fairy|22/100
|-damage|p1a: marbles|10/100|[from] Stealth Rock
|-activate|p1a: marbles|move: Sticky Web
|-unboost|p1a: marbles|spe|1
|move|p2a: Araquanid|Liquidation|p1a: marbles
|-damage|p1a: marbles|0 fnt
|faint|p1a: marbles
|
|-heal|p2a: Araquanid|41/100|[from] item: Leftovers
|upkeep
|
|t:|1758244121
|switch|p1a: valerie|Oricorio, F, shiny|100/100
|turn|19
|
|t:|1758244129
|move|p1a: valerie|Hurricane|p2a: Araquanid
|-supereffective|p2a: Araquanid
|-damage|p2a: Araquanid|0 fnt
|faint|p2a: Araquanid
|
|upkeep
|
|t:|1758244142
|switch|p2a: Zapdos|Zapdos, shiny|75/100
|turn|20
|
|t:|1758244156
|switch|p1a: rockelle|Garganacl, F, shiny|100/100
|-damage|p1a: rockelle|88/100|[from] Stealth Rock
|-activate|p1a: rockelle|move: Sticky Web
|-unboost|p1a: rockelle|spe|1
|move|p2a: Zapdos|Discharge|p1a: rockelle
|-damage|p1a: rockelle|60/100
|
|upkeep
|turn|21
|
|t:|1758244176
|move|p2a: Zapdos|Discharge|p1a: rockelle
|-damage|p1a: rockelle|28/100
|move|p1a: rockelle|Salt Cure|p2a: Zapdos
|-supereffective|p2a: Zapdos
|-damage|p2a: Zapdos|50/100
|-start|p2a: Zapdos|Salt Cure
|
|-damage|p2a: Zapdos|38/100|[from] Salt Cure
|upkeep
|turn|22
|
|t:|1758244184
|move|p2a: Zapdos|Discharge|p1a: rockelle
|-damage|p1a: rockelle|0 fnt
|faint|p1a: rockelle
|
|-damage|p2a: Zapdos|25/100|[from] Salt Cure
|upkeep
|
|t:|1758244191
|switch|p1a: solaire|Gallade, M, shiny|100/100
|-damage|p1a: solaire|94/100|[from] Stealth Rock
|-activate|p1a: solaire|move: Sticky Web
|-unboost|p1a: solaire|spe|1
|turn|23
|
|t:|1758244198
|switch|p2a: Coalossal|Coalossal, M|5/100
|move|p1a: solaire|Night Slash|p2a: Coalossal
|-crit|p2a: Coalossal
|-damage|p2a: Coalossal|0 fnt
|faint|p2a: Coalossal
|
|-heal|p1a: solaire|100/100|[from] item: Leftovers
|upkeep
|
|t:|1758244215
|switch|p2a: Cyclizar|Cyclizar, M, shiny|34/100
|turn|24
|
|t:|1758244227
|move|p2a: Cyclizar|U-turn|p1a: solaire
|-damage|p1a: solaire|75/100
|
|t:|1758244231
|switch|p2a: Zapdos|Zapdos, shiny|25/100|[from] U-turn
|move|p1a: solaire|Sacred Sword|p2a: Zapdos
|-resisted|p2a: Zapdos
|-damage|p2a: Zapdos|0 fnt
|-status|p1a: solaire|par|[from] ability: Static|[of] p2a: Zapdos
|faint|p2a: Zapdos
|
|-heal|p1a: solaire|81/100 par|[from] item: Leftovers
|upkeep
|
|t:|1758244243
|switch|p2a: Jirachi|Jirachi|100/100
|turn|25
|
|t:|1758244247
|move|p2a: Jirachi|Iron Head|p1a: solaire
|-damage|p1a: solaire|15/100 par
|cant|p1a: solaire|flinch
|
|-heal|p1a: solaire|21/100 par|[from] item: Leftovers
|upkeep
|turn|26
|
|t:|1758244257
|move|p2a: Jirachi|Iron Head|p1a: solaire
|-damage|p1a: solaire|0 fnt
|faint|p1a: solaire
|
|upkeep
|
|t:|1758244260
|switch|p1a: valerie|Oricorio, F, shiny|100/100
|turn|27
|
|t:|1758244270
|-terastallize|p2a: Jirachi|Ghost
|move|p2a: Jirachi|Iron Head|p1a: valerie
|-resisted|p1a: valerie
|-damage|p1a: valerie|71/100
|move|p1a: valerie|Quiver Dance|p1a: valerie
|-boost|p1a: valerie|spa|1
|-boost|p1a: valerie|spd|1
|-boost|p1a: valerie|spe|1
|
|upkeep
|turn|28
|
|t:|1758244278
|move|p1a: valerie|Quiver Dance|p1a: valerie
|-boost|p1a: valerie|spa|1
|-boost|p1a: valerie|spd|1
|-boost|p1a: valerie|spe|1
|move|p2a: Jirachi|Iron Head|p1a: valerie
|-resisted|p1a: valerie
|-damage|p1a: valerie|42/100
|
|upkeep
|turn|29
|
|t:|1758244292
|move|p1a: valerie|Hurricane|p2a: Jirachi
|-damage|p2a: Jirachi|11/100
|move|p2a: Jirachi|Iron Head|p1a: valerie
|-resisted|p1a: valerie
|-damage|p1a: valerie|14/100
|
|-heal|p2a: Jirachi|17/100|[from] item: Leftovers
|upkeep
|turn|30
|
|t:|1758244299
|move|p1a: valerie|Revelation Dance|p2a: Jirachi
|-damage|p2a: Jirachi|0 fnt
|faint|p2a: Jirachi
|
|upkeep
|
|t:|1758244304
|switch|p2a: Cyclizar|Cyclizar, M, shiny|67/100
|turn|31
|
|t:|1758244308
|move|p1a: valerie|Hurricane|p2a: Cyclizar
|-damage|p2a: Cyclizar|0 fnt
|faint|p2a: Cyclizar
|
|upkeep
|
|t:|1758244312
|switch|p2a: Sinistcha|Sinistcha, shiny|95/100
|turn|32
|
|t:|1758244317
|move|p1a: valerie|Hurricane|p2a: Sinistcha|[miss]
|-miss|p1a: valerie|p2a: Sinistcha
|move|p2a: Sinistcha|Hex|p1a: valerie
|-damage|p1a: valerie|0 fnt
|faint|p1a: valerie
|
|-heal|p2a: Sinistcha|100/100|[from] item: Leftovers
|upkeep
|
|t:|1758244320
|switch|p1a: samurai jack|Samurott, M, shiny|100/100
|-damage|p1a: samurai jack|88/100|[from] Stealth Rock
|-activate|p1a: samurai jack|move: Sticky Web
|-unboost|p1a: samurai jack|spe|1
|turn|33
|
|t:|1758244332
|move|p2a: Sinistcha|Strength Sap|p1a: samurai jack
|-unboost|p1a: samurai jack|atk|1
|move|p1a: samurai jack|Ice Beam|p2a: Sinistcha
|-supereffective|p2a: Sinistcha
|-damage|p2a: Sinistcha|41/100
|-damage|p1a: samurai jack|78/100|[from] item: Life Orb
|
|-heal|p2a: Sinistcha|47/100|[from] item: Leftovers
|upkeep
|turn|34
|
|t:|1758244341
|move|p2a: Sinistcha|Matcha Gotcha|p1a: samurai jack
|-supereffective|p1a: samurai jack
|-damage|p1a: samurai jack|0 fnt
|-heal|p2a: Sinistcha|85/100|[from] drain|[of] p1a: samurai jack
|faint|p1a: samurai jack
|
|win|ShutMario23
|raw|PossiblyJay's rating: 1224 &rarr; <strong>1199</strong><br />(-25 for losing)
|raw|ShutMario23's rating: 1223 &rarr; <strong>1248</strong><br />(+25 for winning)
|l|☆PossiblyJay
|player|p1|
|l|☆ShutMario23
|player|p2|
