|j|☆Partynparadise
|j|☆paofficial
|t:|1758317028
|gametype|singles
|player|p1|Partynparadise|brock|1414
|player|p2|paofficial|170|1381
|gen|9
|tier|[Gen 9] OU
|rated|
|rule|HP Percentage Mod: HP is shown in percentages
|rule|Endless Battle Clause: Forcing endless battles is banned
|rule|Species Clause: Limit one of each Pokémon
|rule|OHKO Clause: OHKO moves are banned
|rule|Evasion Items Clause: Evasion items are banned
|rule|Evasion Moves Clause: Evasion moves are banned
|rule|Evasion Abilities Clause: Evasion abilities are banned
|rule|Sleep Moves Clause: Sleep-inducing moves are banned
|clearpoke
|poke|p1|Great Tusk|
|poke|p1|Kyurem|
|poke|p1|Slowking-Galar, F|
|poke|p1|Moltres|
|poke|p1|Iron Valiant|
|poke|p1|Meowscarada, F|
|poke|p2|Maushold-Four|
|poke|p2|Clawitzer, M|
|poke|p2|Tsareena, F|
|poke|p2|Armarouge, F|
|poke|p2|Corviknight, F|
|poke|p2|Garchomp, F|
|teampreview
|inactive|Battle timer is ON: inactive players will automatically lose when time's up. (requested by paofficial)
|l|☆Partynparadise
|inactive|Partynparadise disconnected and has a minute to reconnect!
|player|p1|
|j|☆Partynparadise
|inactive|Partynparadise reconnected and has 125 seconds left.
|player|p1|Partynparadise|brock|
|inactive|Partynparadise has 120 seconds left.
|
|t:|1758317068
|teamsize|p1|6
|teamsize|p2|6
|start
|switch|p1a: Meowscarada|Meowscarada, F|100/100
|switch|p2a: Garchomp|Garchomp, F|100/100
|turn|1
|
|t:|1758317078
|-terastallize|p2a: Garchomp|Steel
|move|p1a: Meowscarada|Trick|p2a: Garchomp
|-start|p1a: Meowscarada|typechange|Psychic|[from] ability: Protean
|-activate|p1a: Meowscarada|move: Trick|[of] p2a: Garchomp
|-item|p2a: Garchomp|Choice Scarf|[from] move: Trick
|-item|p1a: Meowscarada|Loaded Dice|[from] move: Trick
|move|p2a: Garchomp|Scale Shot|p1a: Meowscarada
|-damage|p1a: Meowscarada|77/100
|-damage|p1a: Meowscarada|53/100
|-hitcount|p1a: Meowscarada|2
|-unboost|p2a: Garchomp|def|1
|-boost|p2a: Garchomp|spe|1
|
|upkeep
|turn|2
|
|t:|1758317090
|switch|p2a: Maushold|Maushold-Four|100/100
|switch|p1a: Iron Valiant|Iron Valiant|100/100
|-enditem|p1a: Iron Valiant|Booster Energy
|-activate|p1a: Iron Valiant|ability: Quark Drive|[fromitem]
|-start|p1a: Iron Valiant|quarkdrivespe
|
|upkeep
|turn|3
|
|t:|1758317097
|switch|p2a: Corviknight|Corviknight, F|100/100
|move|p1a: Iron Valiant|Close Combat|p2a: Corviknight
|-damage|p2a: Corviknight|68/100
|-unboost|p1a: Iron Valiant|def|1
|-unboost|p1a: Iron Valiant|spd|1
|-damage|p1a: Iron Valiant|84/100|[from] item: Rocky Helmet|[of] p2a: Corviknight
|
|upkeep
|turn|4
|
|t:|1758317105
|switch|p2a: Clawitzer|Clawitzer, M|100/100
|move|p1a: Iron Valiant|Close Combat|p2a: Clawitzer
|-damage|p2a: Clawitzer|55/100
|-unboost|p1a: Iron Valiant|def|1
|-unboost|p1a: Iron Valiant|spd|1
|
|upkeep
|turn|5
|
|t:|1758317116
|move|p1a: Iron Valiant|Moonblast|p2a: Clawitzer
|-damage|p2a: Clawitzer|25/100
|move|p2a: Clawitzer|Water Pulse|p1a: Iron Valiant
|-damage|p1a: Iron Valiant|0 fnt
|faint|p1a: Iron Valiant
|-end|p1a: Iron Valiant|Quark Drive|[silent]
|
|upkeep
|
|t:|1758317127
|switch|p1a: Slowking|Slowking-Galar, F|100/100
|turn|6
|
|t:|1758317130
|move|p2a: Clawitzer|Dark Pulse|p1a: Slowking
|-supereffective|p1a: Slowking
|-damage|p1a: Slowking|53/100
|-prepare|p1a: Slowking|Chilly Reception|[premajor]
|move|p1a: Slowking|Chilly Reception|p1a: Slowking
|-weather|Snowscape
|
|t:|1758317136
|switch|p1a: Kyurem|Kyurem, shiny|100/100|[from] Chilly Reception
|-ability|p1a: Kyurem|Pressure
|
|-weather|Snowscape|[upkeep]
|upkeep
|turn|7
|
|t:|1758317140
|move|p1a: Kyurem|Substitute|p1a: Kyurem
|-start|p1a: Kyurem|Substitute
|-damage|p1a: Kyurem|76/100
|move|p2a: Clawitzer|Dragon Pulse|p1a: Kyurem
|-supereffective|p1a: Kyurem
|-end|p1a: Kyurem|Substitute
|
|-weather|Snowscape|[upkeep]
|-heal|p1a: Kyurem|82/100|[from] item: Leftovers
|upkeep
|turn|8
|
|t:|1758317142
|move|p1a: Kyurem|Freeze-Dry|p2a: Clawitzer
|-supereffective|p2a: Clawitzer
|-damage|p2a: Clawitzer|0 fnt
|faint|p2a: Clawitzer
|
|-weather|Snowscape|[upkeep]
|-heal|p1a: Kyurem|88/100|[from] item: Leftovers
|upkeep
|
|t:|1758317149
|switch|p2a: Garchomp|Garchomp, F, tera:Steel|100/100
|turn|9
|
|t:|1758317156
|move|p1a: Kyurem|Protect|p1a: Kyurem
|-singleturn|p1a: Kyurem|Protect
|move|p2a: Garchomp|Scale Shot|p1a: Kyurem
|-activate|p1a: Kyurem|move: Protect
|
|-weather|Snowscape|[upkeep]
|-heal|p1a: Kyurem|94/100|[from] item: Leftovers
|upkeep
|turn|10
|
|t:|1758317171
|switch|p1a: Moltres|Moltres|100/100
|move|p2a: Garchomp|Scale Shot|p1a: Moltres
|-damage|p1a: Moltres|91/100
|-damage|p1a: Moltres|80/100
|-damage|p1a: Moltres|69/100
|-hitcount|p1a: Moltres|3
|-unboost|p2a: Garchomp|def|1
|-boost|p2a: Garchomp|spe|1
|
|-weather|none
|upkeep
|turn|11
|
|t:|1758317176
|switch|p2a: Armarouge|Armarouge, F|100/100
|move|p1a: Moltres|Flamethrower|p2a: Armarouge
|-resisted|p2a: Armarouge
|-damage|p2a: Armarouge|82/100
|
|upkeep
|turn|12
|
|t:|1758317185
|move|p1a: Moltres|Scorching Sands|p2a: Armarouge
|-supereffective|p2a: Armarouge
|-crit|p2a: Armarouge
|-damage|p2a: Armarouge|21/100
|-enditem|p2a: Armarouge|Weakness Policy
|-boost|p2a: Armarouge|atk|2|[from] item: Weakness Policy
|-boost|p2a: Armarouge|spa|2|[from] item: Weakness Policy
|move|p2a: Armarouge|Calm Mind|p2a: Armarouge
|-boost|p2a: Armarouge|spa|1
|-boost|p2a: Armarouge|spd|1
|
|upkeep
|turn|13
|
|t:|1758317198
|move|p1a: Moltres|Scorching Sands|p2a: Armarouge
|-supereffective|p2a: Armarouge
|-damage|p2a: Armarouge|0 fnt
|faint|p2a: Armarouge
|
|upkeep
|
|t:|1758317200
|switch|p2a: Maushold|Maushold-Four|100/100
|turn|14
|
|t:|1758317205
|move|p2a: Maushold|Population Bomb|p1a: Moltres
|-damage|p1a: Moltres|62/100
|-damage|p1a: Moltres|54/100
|-damage|p1a: Moltres|46/100
|-crit|p1a: Moltres
|-damage|p1a: Moltres|34/100
|-crit|p1a: Moltres
|-damage|p1a: Moltres|23/100
|-status|p2a: Maushold|brn|[from] ability: Flame Body|[of] p1a: Moltres
|-damage|p1a: Moltres|20/100
|-damage|p1a: Moltres|16/100
|-damage|p1a: Moltres|12/100
|-damage|p1a: Moltres|8/100
|-damage|p1a: Moltres|4/100
|-hitcount|p1a: Moltres|10
|move|p1a: Moltres|Scorching Sands|p2a: Maushold
|-damage|p2a: Maushold|71/100 brn
|
|-damage|p2a: Maushold|65/100 brn|[from] brn
|upkeep
|turn|15
|
|t:|1758317219
|move|p2a: Maushold|Bite|p1a: Moltres
|-damage|p1a: Moltres|0 fnt
|faint|p1a: Moltres
|
|-damage|p2a: Maushold|59/100 brn|[from] brn
|upkeep
|
|t:|1758317222
|switch|p1a: Great Tusk|Great Tusk|100/100
|turn|16
|
|t:|1758317225
|switch|p2a: Corviknight|Corviknight, F|68/100
|move|p1a: Great Tusk|Close Combat|p2a: Corviknight
|-damage|p2a: Corviknight|21/100
|-unboost|p1a: Great Tusk|def|1
|-unboost|p1a: Great Tusk|spd|1
|-damage|p1a: Great Tusk|84/100|[from] item: Rocky Helmet|[of] p2a: Corviknight
|
|upkeep
|turn|17
|
|t:|1758317234
|switch|p2a: Maushold|Maushold-Four|59/100 brn
|move|p1a: Great Tusk|Close Combat|p2a: Maushold
|-supereffective|p2a: Maushold
|-damage|p2a: Maushold|0 fnt
|-unboost|p1a: Great Tusk|def|1
|-unboost|p1a: Great Tusk|spd|1
|faint|p2a: Maushold
|
|upkeep
|
|t:|1758317240
|switch|p2a: Garchomp|Garchomp, F, tera:Steel|100/100
|turn|18
|
|t:|1758317248
|move|p2a: Garchomp|Scale Shot|p1a: Great Tusk
|-damage|p1a: Great Tusk|62/100
|-damage|p1a: Great Tusk|40/100
|-damage|p1a: Great Tusk|20/100
|-damage|p1a: Great Tusk|0 fnt
|faint|p1a: Great Tusk
|-end|p1a: Great Tusk|Protosynthesis|[silent]
|-hitcount|p1: Great Tusk|4
|-unboost|p2a: Garchomp|def|1
|-boost|p2a: Garchomp|spe|1
|
|upkeep
|
|t:|1758317263
|switch|p1a: Meowscarada|Meowscarada, F|53/100
|turn|19
|
|t:|1758317267
|move|p2a: Garchomp|Scale Shot|p1a: Meowscarada
|-damage|p1a: Meowscarada|29/100
|-crit|p1a: Meowscarada
|-damage|p1a: Meowscarada|0 fnt
|faint|p1a: Meowscarada
|-hitcount|p1: Meowscarada|2
|-unboost|p2a: Garchomp|def|1
|-boost|p2a: Garchomp|spe|1
|
|upkeep
|
|t:|1758317270
|switch|p1a: Kyurem|Kyurem, shiny|94/100
|-ability|p1a: Kyurem|Pressure
|turn|20
|
|t:|1758317282
|-terastallize|p1a: Kyurem|Ice
|move|p2a: Garchomp|Scale Shot|p1a: Kyurem
|-damage|p1a: Kyurem|81/100
|-damage|p1a: Kyurem|69/100
|-hitcount|p1a: Kyurem|2
|-unboost|p2a: Garchomp|def|1
|-boost|p2a: Garchomp|spe|1
|move|p1a: Kyurem|Earth Power|p2a: Garchomp
|-supereffective|p2a: Garchomp
|-damage|p2a: Garchomp|21/100
|-unboost|p2a: Garchomp|spd|1
|
|-heal|p1a: Kyurem|75/100|[from] item: Leftovers
|upkeep
|turn|21
|
|t:|1758317300
|move|p1a: Kyurem|Protect|p1a: Kyurem
|-singleturn|p1a: Kyurem|Protect
|move|p2a: Garchomp|Scale Shot|p1a: Kyurem
|-activate|p1a: Kyurem|move: Protect
|
|-heal|p1a: Kyurem|81/100|[from] item: Leftovers
|upkeep
|turn|22
|
|t:|1758317312
|move|p2a: Garchomp|Scale Shot|p1a: Kyurem
|-damage|p1a: Kyurem|69/100
|-damage|p1a: Kyurem|56/100
|-hitcount|p1a: Kyurem|2
|-unboost|p2a: Garchomp|def|1
|-boost|p2a: Garchomp|spe|1
|move|p1a: Kyurem|Freeze-Dry|p2a: Garchomp
|-resisted|p2a: Garchomp
|-damage|p2a: Garchomp|0 fnt
|faint|p2a: Garchomp
|
|-heal|p1a: Kyurem|62/100|[from] item: Leftovers
|upkeep
|
|t:|1758317316
|switch|p2a: Tsareena|Tsareena, F|100/100
|turn|23
|
|t:|1758317322
|move|p1a: Kyurem|Protect|p1a: Kyurem
|-singleturn|p1a: Kyurem|Protect
|move|p2a: Tsareena|Trailblaze|p1a: Kyurem
|-activate|p1a: Kyurem|move: Protect
|
|-heal|p1a: Kyurem|68/100|[from] item: Leftovers
|upkeep
|turn|24
|
|t:|1758317328
|move|p1a: Kyurem|Freeze-Dry|p2a: Tsareena
|-supereffective|p2a: Tsareena
|-damage|p2a: Tsareena|0 fnt
|faint|p2a: Tsareena
|
|-heal|p1a: Kyurem|75/100|[from] item: Leftovers
|upkeep
|-message|paofficial forfeited.
|
|win|Partynparadise
|raw|Partynparadise's rating: 1414 &rarr; <strong>1432</strong><br />(+18 for winning)
|raw|paofficial's rating: 1381 &rarr; <strong>1363</strong><br />(-18 for losing)
|l|☆paofficial
|player|p2|
|l|☆Partynparadise
|player|p1|
