|j|☆little infinity
|j|☆freakoffweeb
|t:|1758237148
|gametype|singles
|player|p1|little infinity|miku-ghost|1376
|player|p2|freakoffweeb|266|1348
|gen|9
|tier|[Gen 9] OU
|rated|
|rule|HP Percentage Mod: HP is shown in percentages
|rule|Endless Battle Clause: Forcing endless battles is banned
|rule|Species Clause: Limit one of each Pokémon
|rule|OHKO Clause: OHKO moves are banned
|rule|Evasion Items Clause: Evasion items are banned
|rule|Evasion Moves Clause: Evasion moves are banned
|rule|Evasion Abilities Clause: Evasion abilities are banned
|rule|Sleep Moves Clause: Sleep-inducing moves are banned
|clearpoke
|poke|p1|Ceruledge, F|
|poke|p1|Gholdengo|
|poke|p1|Dragapult, M|
|poke|p1|Palossand, M|
|poke|p1|Gengar, F|
|poke|p1|Sinistcha|
|poke|p2|Ogerpon-Wellspring, F|
|poke|p2|Pecharunt|
|poke|p2|Weavile, F|
|poke|p2|Great Tusk|
|poke|p2|Zapdos|
|poke|p2|Heatran, M|
|teampreview
|inactive|Battle timer is ON: inactive players will automatically lose when time's up. (requested by freakoffweeb)
|inactive|freakoffweeb has 120 seconds left.
|
|t:|1758237203
|teamsize|p1|6
|teamsize|p2|6
|start
|switch|p1a: Dark Tower|Palossand, M, shiny|100/100
|switch|p2a: Zapdos|Zapdos|100/100
|turn|1
|
|t:|1758237213
|move|p2a: Zapdos|Hurricane|p1a: Dark Tower|[miss]
|-miss|p2a: Zapdos|p1a: Dark Tower
|move|p1a: Dark Tower|Stealth Rock|p2a: Zapdos
|-sidestart|p2: freakoffweeb|move: Stealth Rock
|
|upkeep
|turn|2
|
|t:|1758237223
|switch|p1a: Crypt Keeper|Gholdengo, shiny|100/100
|move|p2a: Zapdos|Hurricane|p1a: Crypt Keeper
|-resisted|p1a: Crypt Keeper
|-crit|p1a: Crypt Keeper
|-damage|p1a: Crypt Keeper|60/100
|
|-heal|p1a: Crypt Keeper|66/100|[from] item: Leftovers
|upkeep
|turn|3
|
|t:|1758237235
|switch|p1a: Hell Knight|Ceruledge, F, shiny|100/100
|move|p2a: Zapdos|Heat Wave|p1a: Hell Knight
|-start|p1a: Hell Knight|ability: Flash Fire
|
|upkeep
|turn|4
|
|t:|1758237256
|move|p2a: Zapdos|Hurricane|p1a: Hell Knight
|-damage|p1a: Hell Knight|61/100
|-start|p1a: Hell Knight|confusion
|-activate|p1a: Hell Knight|confusion
|move|p1a: Hell Knight|Bitter Blade|p2a: Zapdos
|-damage|p2a: Zapdos|32/100
|-heal|p1a: Hell Knight|95/100|[from] drain|[of] p2a: Zapdos
|
|upkeep
|turn|5
|
|t:|1758237270
|switch|p2a: Heatran|Heatran, M|100/100
|-damage|p2a: Heatran|88/100|[from] Stealth Rock
|-activate|p1a: Hell Knight|confusion
|move|p1a: Hell Knight|Bitter Blade|p2a: Heatran
|-start|p2a: Heatran|ability: Flash Fire
|
|-heal|p2a: Heatran|94/100|[from] item: Leftovers
|upkeep
|turn|6
|
|t:|1758237285
|-terastallize|p1a: Hell Knight|Bug
|-activate|p1a: Hell Knight|confusion
|-damage|p1a: Hell Knight|82/100|[from] confusion
|move|p2a: Heatran|Earth Power|p1a: Hell Knight
|-resisted|p1a: Hell Knight
|-damage|p1a: Hell Knight|73/100
|
|-heal|p2a: Heatran|100/100|[from] item: Leftovers
|upkeep
|turn|7
|
|t:|1758237293
|-activate|p1a: Hell Knight|confusion
|-damage|p1a: Hell Knight|59/100|[from] confusion
|move|p2a: Heatran|Taunt|p1a: Hell Knight
|-start|p1a: Hell Knight|move: Taunt
|
|upkeep
|turn|8
|
|t:|1758237304
|-end|p1a: Hell Knight|confusion
|move|p1a: Hell Knight|Brick Break|p2a: Heatran
|-supereffective|p2a: Heatran
|-damage|p2a: Heatran|65/100
|move|p2a: Heatran|Stealth Rock|p1a: Hell Knight
|-sidestart|p1: little infinity|move: Stealth Rock
|
|-heal|p2a: Heatran|71/100|[from] item: Leftovers
|upkeep
|turn|9
|
|t:|1758237312
|-end|p2a: Heatran|ability: Flash Fire|[silent]
|switch|p2a: Zapdos|Zapdos|32/100
|move|p1a: Hell Knight|Brick Break|p2a: Zapdos
|-resisted|p2a: Zapdos
|-damage|p2a: Zapdos|19/100
|
|upkeep
|turn|10
|
|t:|1758237332
|move|p1a: Hell Knight|Shadow Sneak|p2a: Zapdos
|-damage|p2a: Zapdos|0 fnt
|faint|p2a: Zapdos
|
|-end|p1a: Hell Knight|move: Taunt
|upkeep
|
|t:|1758237336
|switch|p2a: Pecharunt|Pecharunt|100/100
|-damage|p2a: Pecharunt|88/100|[from] Stealth Rock
|turn|11
|
|t:|1758237343
|-end|p1a: Hell Knight|ability: Flash Fire|[silent]
|switch|p1a: Crypt Keeper|Gholdengo, shiny|66/100
|-damage|p1a: Crypt Keeper|60/100|[from] Stealth Rock
|move|p2a: Pecharunt|Malignant Chain|p1a: Crypt Keeper
|-immune|p1a: Crypt Keeper
|
|-heal|p1a: Crypt Keeper|66/100|[from] item: Leftovers
|upkeep
|turn|12
|
|t:|1758237351
|switch|p2a: Heatran|Heatran, M|71/100
|-damage|p2a: Heatran|58/100|[from] Stealth Rock
|move|p1a: Crypt Keeper|Thunder Wave|p2a: Heatran
|-status|p2a: Heatran|par
|
|-heal|p1a: Crypt Keeper|72/100|[from] item: Leftovers
|-heal|p2a: Heatran|65/100 par|[from] item: Leftovers
|upkeep
|turn|13
|
|t:|1758237370
|move|p1a: Crypt Keeper|Hex|p2a: Heatran
|-damage|p2a: Heatran|27/100 par
|move|p2a: Heatran|Magma Storm|p1a: Crypt Keeper
|-supereffective|p1a: Crypt Keeper
|-crit|p1a: Crypt Keeper
|-damage|p1a: Crypt Keeper|0 fnt
|faint|p1a: Crypt Keeper
|
|-heal|p2a: Heatran|33/100 par|[from] item: Leftovers
|upkeep
|
|t:|1758237387
|switch|p1a: Dark Tower|Palossand, M, shiny|100/100
|-damage|p1a: Dark Tower|94/100|[from] Stealth Rock
|turn|14
|
|t:|1758237391
|move|p1a: Dark Tower|Earth Power|p2a: Heatran
|-supereffective|p2a: Heatran
|-damage|p2a: Heatran|0 fnt
|faint|p2a: Heatran
|
|upkeep
|
|t:|1758237394
|switch|p2a: Weavile|Weavile, F|100/100
|-ability|p2a: Weavile|Pressure
|turn|15
|
|t:|1758237398
|move|p2a: Weavile|Swords Dance|p2a: Weavile
|-boost|p2a: Weavile|atk|2
|move|p1a: Dark Tower|Earth Power|p2a: Weavile
|-damage|p2a: Weavile|59/100
|
|upkeep
|turn|16
|
|t:|1758237404
|move|p2a: Weavile|Knock Off|p1a: Dark Tower
|-supereffective|p1a: Dark Tower
|-damage|p1a: Dark Tower|0 fnt
|-damage|p2a: Weavile|42/100|[from] item: Rocky Helmet|[of] p1a: Dark Tower
|-enditem|p1a: Dark Tower|Rocky Helmet|[from] move: Knock Off|[of] p2a: Weavile
|faint|p1a: Dark Tower
|
|upkeep
|
|t:|1758237417
|switch|p1a: Evil Twin|Gengar, F, shiny|100/100
|-damage|p1a: Evil Twin|88/100|[from] Stealth Rock
|turn|17
|
|t:|1758237429
|move|p1a: Evil Twin|Sludge Wave|p2a: Weavile
|-damage|p2a: Weavile|0 fnt
|faint|p2a: Weavile
|
|upkeep
|
|t:|1758237431
|switch|p2a: Pecharunt|Pecharunt|88/100
|-damage|p2a: Pecharunt|76/100|[from] Stealth Rock
|turn|18
|
|t:|1758237439
|switch|p1a: Hell Knight|Ceruledge, F, shiny, tera:Bug|59/100
|-terastallize|p2a: Pecharunt|Dark
|move|p2a: Pecharunt|Foul Play|p1a: Hell Knight
|-damage|p1a: Hell Knight|9/100
|
|upkeep
|turn|19
|
|t:|1758237448
|move|p2a: Pecharunt|Foul Play|p1a: Hell Knight
|-damage|p1a: Hell Knight|0 fnt
|faint|p1a: Hell Knight
|
|upkeep
|
|t:|1758237454
|switch|p1a: Dust Devil|Dragapult, M, shiny|100/100
|-damage|p1a: Dust Devil|88/100|[from] Stealth Rock
|turn|20
|inactive|freakoffweeb has 120 seconds left.
|
|t:|1758237496
|move|p1a: Dust Devil|Substitute|p1a: Dust Devil
|-start|p1a: Dust Devil|Substitute
|-damage|p1a: Dust Devil|63/100
|move|p2a: Pecharunt|Foul Play|p1a: Dust Devil
|-supereffective|p1a: Dust Devil
|-end|p1a: Dust Devil|Substitute
|
|-heal|p1a: Dust Devil|69/100|[from] item: Leftovers
|upkeep
|turn|21
|
|t:|1758237504
|move|p1a: Dust Devil|Dragon Darts|p2a: Pecharunt
|-damage|p2a: Pecharunt|62/100
|-anim|p1a: Dust Devil|Dragon Darts|p2a: Pecharunt
|-damage|p2a: Pecharunt|49/100
|move|p2a: Pecharunt|Foul Play|p1a: Dust Devil
|-supereffective|p1a: Dust Devil
|-damage|p1a: Dust Devil|0 fnt
|faint|p1a: Dust Devil
|
|upkeep
|-message|little infinity forfeited.
|
|win|freakoffweeb
|raw|little infinity's rating: 1376 &rarr; <strong>1356</strong><br />(-20 for losing)
|raw|freakoffweeb's rating: 1371 &rarr; <strong>1391</strong><br />(+20 for winning)
|l|☆little infinity
|player|p1|
|l|☆freakoffweeb
|player|p2|
