|j|☆SmaashBros
|j|☆punch bender
|t:|1758361655
|gametype|singles
|player|p1|SmaashBros|cynthia-gen4|1134
|player|p2|punch bender|2|1122
|gen|9
|tier|[Gen 9] OU
|rated|
|rule|HP Percentage Mod: HP is shown in percentages
|rule|Endless Battle Clause: Forcing endless battles is banned
|rule|Species Clause: Limit one of each Pokémon
|rule|OHKO Clause: OHKO moves are banned
|rule|Evasion Items Clause: Evasion items are banned
|rule|Evasion Moves Clause: Evasion moves are banned
|rule|Evasion Abilities Clause: Evasion abilities are banned
|rule|Sleep Moves Clause: Sleep-inducing moves are banned
|clearpoke
|poke|p1|Incineroar, M|
|poke|p1|Charizard, M|
|poke|p1|Greninja-*, F|
|poke|p1|Lucario, M|
|poke|p1|Pikachu, F|
|poke|p1|Ivysaur, M|
|poke|p2|Scizor, F|
|poke|p2|Garchomp, M|
|poke|p2|Corviknight, M|
|poke|p2|Meowscarada, M|
|poke|p2|Zamazenta-*|
|poke|p2|Garganacl, F|
|teampreview
|inactive|Battle timer is ON: inactive players will automatically lose when time's up. (requested by punch bender)
|
|t:|1758361677
|teamsize|p1|6
|teamsize|p2|6
|start
|switch|p1a: Ivysaur|Ivysaur, M|100/100
|switch|p2a: Garganacl|Garganacl, F|100/100
|turn|1
|
|t:|1758361683
|move|p1a: Ivysaur|Leech Seed|p2a: Garganacl|[miss]
|-miss|p1a: Ivysaur|p2a: Garganacl
|move|p2a: Garganacl|Salt Cure|p1a: Ivysaur
|-crit|p1a: Ivysaur
|-damage|p1a: Ivysaur|87/100
|-start|p1a: Ivysaur|Salt Cure
|
|-damage|p1a: Ivysaur|75/100|[from] Salt Cure
|upkeep
|turn|2
|
|t:|1758361687
|move|p2a: Garganacl|Protect|p2a: Garganacl
|-singleturn|p2a: Garganacl|Protect
|move|p1a: Ivysaur|Toxic|p2a: Garganacl
|-activate|p2a: Garganacl|move: Protect
|
|-damage|p1a: Ivysaur|63/100|[from] Salt Cure
|upkeep
|turn|3
|
|t:|1758361694
|move|p1a: Ivysaur|Leech Seed|p2a: Garganacl
|-start|p2a: Garganacl|move: Leech Seed
|move|p2a: Garganacl|Stealth Rock|p1a: Ivysaur
|-sidestart|p1: SmaashBros|move: Stealth Rock
|
|-damage|p2a: Garganacl|88/100|[from] Leech Seed|[of] p1a: Ivysaur
|-heal|p1a: Ivysaur|78/100|[silent]
|-damage|p1a: Ivysaur|66/100|[from] Salt Cure
|upkeep
|turn|4
|
|t:|1758361699
|switch|p2a: Corviknight|Corviknight, M|100/100
|move|p1a: Ivysaur|Knock Off|p2a: Corviknight
|-damage|p2a: Corviknight|93/100
|-damage|p1a: Ivysaur|49/100|[from] item: Rocky Helmet|[of] p2a: Corviknight
|-enditem|p2a: Corviknight|Rocky Helmet|[from] move: Knock Off|[of] p1a: Ivysaur
|
|-damage|p1a: Ivysaur|37/100|[from] Salt Cure
|upkeep
|turn|5
|
|t:|1758361708
|switch|p2a: Scizor|Scizor, F|100/100
|move|p1a: Ivysaur|Leech Seed|p2a: Scizor
|-start|p2a: Scizor|move: Leech Seed
|
|-damage|p2a: Scizor|88/100|[from] Leech Seed|[of] p1a: Ivysaur
|-heal|p1a: Ivysaur|50/100|[silent]
|-damage|p1a: Ivysaur|37/100|[from] Salt Cure
|upkeep
|turn|6
|
|t:|1758361717
|switch|p2a: Corviknight|Corviknight, M|93/100
|switch|p1a: Charizard|Charizard, M|100/100
|
|upkeep
|turn|7
|
|t:|1758361724
|-terastallize|p2a: Corviknight|Ground
|move|p1a: Charizard|Flamethrower|p2a: Corviknight
|-damage|p2a: Corviknight|51/100
|move|p2a: Corviknight|Brave Bird|p1a: Charizard
|-damage|p1a: Charizard|51/100
|-damage|p2a: Corviknight|38/100|[from] Recoil
|
|upkeep
|turn|8
|
|t:|1758361733
|move|p1a: Charizard|Air Slash|p2a: Corviknight
|-damage|p2a: Corviknight|7/100
|cant|p2a: Corviknight|flinch
|
|upkeep
|turn|9
|
|t:|1758361740
|switch|p2a: Garganacl|Garganacl, F|88/100
|move|p1a: Charizard|Scorching Sands|p2a: Garganacl
|-supereffective|p2a: Garganacl
|-damage|p2a: Garganacl|48/100
|
|upkeep
|turn|10
|
|t:|1758361748
|-terastallize|p1a: Charizard|Ground
|move|p1a: Charizard|Scorching Sands|p2a: Garganacl
|-supereffective|p2a: Garganacl
|-damage|p2a: Garganacl|0 fnt
|faint|p2a: Garganacl
|
|upkeep
|
|t:|1758361752
|switch|p2a: Meowscarada|Meowscarada, M|100/100
|turn|11
|
|t:|1758361757
|switch|p1a: Ivysaur|Ivysaur, M|37/100
|-damage|p1a: Ivysaur|25/100|[from] Stealth Rock
|move|p2a: Meowscarada|Flower Trick|p1a: Ivysaur
|-start|p2a: Meowscarada|typechange|Grass|[from] ability: Protean
|-resisted|p1a: Ivysaur
|-crit|p1a: Ivysaur
|-damage|p1a: Ivysaur|12/100
|
|upkeep
|turn|12
|
|t:|1758361766
|move|p2a: Meowscarada|Flower Trick|p1a: Ivysaur
|-resisted|p1a: Ivysaur
|-crit|p1a: Ivysaur
|-damage|p1a: Ivysaur|0 fnt
|faint|p1a: Ivysaur
|
|upkeep
|
|t:|1758361772
|switch|p1a: Incineroar|Incineroar, M|100/100
|-ability|p1a: Incineroar|Intimidate|boost
|-unboost|p2a: Meowscarada|atk|1
|turn|13
|
|t:|1758361780
|switch|p2a: Corviknight|Corviknight, M, tera:Ground|7/100
|move|p1a: Incineroar|Knock Off|p2a: Corviknight
|-damage|p2a: Corviknight|0 fnt
|faint|p2a: Corviknight
|
|upkeep
|
|t:|1758361789
|switch|p2a: Garchomp|Garchomp, M|100/100
|turn|14
|
|t:|1758361793
|move|p2a: Garchomp|Scale Shot|p1a: Incineroar
|-damage|p1a: Incineroar|88/100
|-damage|p1a: Incineroar|75/100
|-hitcount|p1a: Incineroar|2
|-unboost|p2a: Garchomp|def|1
|-boost|p2a: Garchomp|spe|1
|move|p1a: Incineroar|Parting Shot|p2a: Garchomp
|-unboost|p2a: Garchomp|atk|1
|-unboost|p2a: Garchomp|spa|1
|
|t:|1758361798
|switch|p1a: Greninja|Greninja, F|100/100|[from] Parting Shot
|-damage|p1a: Greninja|88/100|[from] Stealth Rock
|
|upkeep
|turn|15
|
|t:|1758361807
|switch|p2a: Zamazenta|Zamazenta|100/100
|-ability|p2a: Zamazenta|Dauntless Shield|boost
|-boost|p2a: Zamazenta|def|1
|move|p1a: Greninja|Surf|p2a: Zamazenta
|-start|p1a: Greninja|typechange|Water|[from] ability: Protean
|-damage|p2a: Zamazenta|55/100
|
|upkeep
|turn|16
|
|t:|1758361816
|move|p1a: Greninja|Surf|p2a: Zamazenta
|-damage|p2a: Zamazenta|5/100
|move|p2a: Zamazenta|Body Press|p1a: Greninja
|-damage|p1a: Greninja|0 fnt
|faint|p1a: Greninja
|
|upkeep
|
|t:|1758361824
|switch|p1a: Lucario|Lucario, M|100/100
|-damage|p1a: Lucario|98/100|[from] Stealth Rock
|turn|17
|
|t:|1758361829
|switch|p2a: Scizor|Scizor, F|88/100
|move|p1a: Lucario|Extreme Speed|p2a: Scizor
|-resisted|p2a: Scizor
|-damage|p2a: Scizor|72/100
|-damage|p1a: Lucario|88/100|[from] item: Life Orb
|
|upkeep
|turn|18
|
|t:|1758361837
|switch|p1a: Incineroar|Incineroar, M|75/100
|-ability|p1a: Incineroar|Intimidate|boost
|-unboost|p2a: Scizor|atk|1
|move|p2a: Scizor|Swords Dance|p2a: Scizor
|-boost|p2a: Scizor|atk|2
|
|upkeep
|turn|19
|
|t:|1758361853
|switch|p2a: Garchomp|Garchomp, M|100/100
|move|p1a: Incineroar|Flare Blitz|p2a: Garchomp
|-resisted|p2a: Garchomp
|-crit|p2a: Garchomp
|-damage|p2a: Garchomp|55/100
|-damage|p1a: Incineroar|63/100|[from] ability: Rough Skin|[of] p2a: Garchomp
|-damage|p1a: Incineroar|46/100|[from] item: Rocky Helmet|[of] p2a: Garchomp
|-damage|p1a: Incineroar|32/100|[from] Recoil
|
|upkeep
|turn|20
|
|t:|1758361869
|switch|p1a: Pikachu|Pikachu, F|100/100
|-damage|p1a: Pikachu|88/100|[from] Stealth Rock
|move|p2a: Garchomp|Swords Dance|p2a: Garchomp
|-boost|p2a: Garchomp|atk|2
|
|upkeep
|turn|21
|
|t:|1758361877
|switch|p2a: Scizor|Scizor, F|72/100
|move|p1a: Pikachu|Surf|p2a: Scizor
|-damage|p2a: Scizor|31/100
|
|upkeep
|turn|22
|
|t:|1758361888
|move|p2a: Scizor|Bullet Punch|p1a: Pikachu
|-resisted|p1a: Pikachu
|-damage|p1a: Pikachu|26/100
|move|p1a: Pikachu|Thunderbolt|p2a: Scizor
|-damage|p2a: Scizor|0 fnt
|faint|p2a: Scizor
|
|upkeep
|
|t:|1758361901
|switch|p2a: Meowscarada|Meowscarada, M|100/100
|turn|23
|
|t:|1758361910
|move|p2a: Meowscarada|Knock Off|p1a: Pikachu
|-start|p2a: Meowscarada|typechange|Dark|[from] ability: Protean
|-damage|p1a: Pikachu|0 fnt
|-enditem|p1a: Pikachu|Light Ball|[from] move: Knock Off|[of] p2a: Meowscarada
|faint|p1a: Pikachu
|
|upkeep
|
|t:|1758361915
|switch|p1a: Lucario|Lucario, M|88/100
|-damage|p1a: Lucario|85/100|[from] Stealth Rock
|turn|24
|
|t:|1758361923
|switch|p2a: Zamazenta|Zamazenta|5/100
|move|p1a: Lucario|Swords Dance|p1a: Lucario
|-boost|p1a: Lucario|atk|2
|
|upkeep
|turn|25
|
|t:|1758361928
|move|p1a: Lucario|Bullet Punch|p2a: Zamazenta
|-damage|p2a: Zamazenta|0 fnt
|-damage|p1a: Lucario|68/100|[from] item: Rocky Helmet|[of] p2a: Zamazenta
|faint|p2a: Zamazenta
|-damage|p1a: Lucario|59/100|[from] item: Life Orb
|
|upkeep
|
|t:|1758361931
|switch|p2a: Garchomp|Garchomp, M|55/100
|turn|26
|
|t:|1758361935
|move|p1a: Lucario|Extreme Speed|p2a: Garchomp
|-damage|p2a: Garchomp|0 fnt
|-damage|p1a: Lucario|46/100|[from] ability: Rough Skin|[of] p2a: Garchomp
|-damage|p1a: Lucario|30/100|[from] item: Rocky Helmet|[of] p2a: Garchomp
|faint|p2a: Garchomp
|-damage|p1a: Lucario|20/100|[from] item: Life Orb
|
|upkeep
|
|t:|1758361939
|switch|p2a: Meowscarada|Meowscarada, M|100/100
|turn|27
|
|t:|1758361942
|move|p1a: Lucario|Extreme Speed|p2a: Meowscarada
|-damage|p2a: Meowscarada|7/100
|-damage|p1a: Lucario|10/100|[from] item: Life Orb
|move|p2a: Meowscarada|Knock Off|p1a: Lucario
|-start|p2a: Meowscarada|typechange|Dark|[from] ability: Protean
|-resisted|p1a: Lucario
|-damage|p1a: Lucario|0 fnt
|-enditem|p1a: Lucario|Life Orb|[from] move: Knock Off|[of] p2a: Meowscarada
|faint|p1a: Lucario
|
|upkeep
|
|t:|1758361947
|switch|p1a: Incineroar|Incineroar, M|32/100
|-ability|p1a: Incineroar|Intimidate|boost
|-unboost|p2a: Meowscarada|atk|1
|turn|28
|
|t:|1758361953
|move|p2a: Meowscarada|Knock Off|p1a: Incineroar
|-resisted|p1a: Incineroar
|-damage|p1a: Incineroar|12/100
|-enditem|p1a: Incineroar|Heavy-Duty Boots|[from] move: Knock Off|[of] p2a: Meowscarada
|move|p1a: Incineroar|U-turn|p2a: Meowscarada
|-supereffective|p2a: Meowscarada
|-damage|p2a: Meowscarada|0 fnt
|faint|p2a: Meowscarada
|
|win|SmaashBros
|raw|SmaashBros's rating: 1134 &rarr; <strong>1158</strong><br />(+24 for winning)
|raw|punch bender's rating: 1115 &rarr; <strong>1091</strong><br />(-24 for losing)
|l|☆punch bender
|player|p2|
