|j|☆qwolff
|j|☆hehe moon
|t:|1758300472
|gametype|singles
|player|p1|qwolff|101|1465
|player|p2|hehe moon|cheryl|1545
|gen|9
|tier|[Gen 9] OU
|rated|
|rule|HP Percentage Mod: HP is shown in percentages
|rule|Endless Battle Clause: Forcing endless battles is banned
|rule|Species Clause: Limit one of each Pokémon
|rule|OHKO Clause: OHKO moves are banned
|rule|Evasion Items Clause: Evasion items are banned
|rule|Evasion Moves Clause: Evasion moves are banned
|rule|Evasion Abilities Clause: Evasion abilities are banned
|rule|Sleep Moves Clause: Sleep-inducing moves are banned
|clearpoke
|poke|p1|Iron Hands|
|poke|p1|Zamazenta-*|
|poke|p1|Slowking-Galar, F|
|poke|p1|Iron Valiant|
|poke|p1|Hoopa-Unbound|
|poke|p1|Great Tusk|
|poke|p2|Slowking-Galar, M|
|poke|p2|Tinkaton, F|
|poke|p2|Moltres|
|poke|p2|Kyurem|
|poke|p2|Dragapult, M|
|poke|p2|Raging Bolt|
|teampreview
|inactive|Battle timer is ON: inactive players will automatically lose when time's up. (requested by hehe moon)
|
|t:|1758300478
|teamsize|p1|6
|teamsize|p2|6
|start
|switch|p1a: Great Tusk|Great Tusk|100/100
|switch|p2a: Tinkaton|Tinkaton, F|100/100
|-item|p2a: Tinkaton|Air Balloon
|turn|1
|
|t:|1758300487
|move|p2a: Tinkaton|Stealth Rock|p1a: Great Tusk
|-sidestart|p1: qwolff|move: Stealth Rock
|move|p1a: Great Tusk|Stealth Rock|p2a: Tinkaton
|-sidestart|p2: hehe moon|move: Stealth Rock
|
|upkeep
|turn|2
|
|t:|1758300491
|move|p2a: Tinkaton|Encore|p1a: Great Tusk
|-start|p1a: Great Tusk|Encore
|move|p1a: Great Tusk|Stealth Rock||[still]
|-fail|p1a: Great Tusk
|
|upkeep
|turn|3
|
|t:|1758300500
|-end|p1a: Great Tusk|Protosynthesis|[silent]
|switch|p1a: Iron Hands|Iron Hands|100/100
|-damage|p1a: Iron Hands|94/100|[from] Stealth Rock
|move|p2a: Tinkaton|Gigaton Hammer|p1a: Iron Hands
|-resisted|p1a: Iron Hands
|-damage|p1a: Iron Hands|80/100
|
|upkeep
|turn|4
|
|t:|1758300504
|-end|p1a: Iron Hands|Quark Drive|[silent]
|switch|p1a: Great Tusk|Great Tusk|100/100
|-damage|p1a: Great Tusk|97/100|[from] Stealth Rock
|move|p2a: Tinkaton|Knock Off|p1a: Great Tusk
|-resisted|p1a: Great Tusk
|-damage|p1a: Great Tusk|92/100
|-damage|p2a: Tinkaton|84/100|[from] item: Rocky Helmet|[of] p1a: Great Tusk
|-enditem|p1a: Great Tusk|Rocky Helmet|[from] move: Knock Off|[of] p2a: Tinkaton
|
|upkeep
|turn|5
|
|t:|1758300511
|switch|p2a: Moltres|Moltres|100/100
|move|p1a: Great Tusk|Rapid Spin|p2a: Moltres
|-damage|p2a: Moltres|87/100
|-boost|p1a: Great Tusk|spe|1
|-status|p1a: Great Tusk|brn|[from] ability: Flame Body|[of] p2a: Moltres
|-sideend|p1: qwolff|Stealth Rock|[from] move: Rapid Spin|[of] p1a: Great Tusk
|
|-damage|p1a: Great Tusk|86/100 brn|[from] brn
|upkeep
|turn|6
|
|t:|1758300520
|-end|p1a: Great Tusk|Protosynthesis|[silent]
|switch|p1a: Slowking|Slowking-Galar, F|100/100
|move|p2a: Moltres|U-turn|p1a: Slowking
|-damage|p1a: Slowking|85/100
|
|t:|1758300529
|switch|p2a: Raging Bolt|Raging Bolt|100/100|[from] U-turn
|
|upkeep
|turn|7
|
|t:|1758300532
|move|p2a: Raging Bolt|Draco Meteor|p1a: Slowking
|-damage|p1a: Slowking|45/100
|-unboost|p2a: Raging Bolt|spa|2
|move|p1a: Slowking|Future Sight|p2a: Raging Bolt
|-start|p1a: Slowking|move: Future Sight
|
|upkeep
|turn|8
|
|t:|1758300540
|switch|p1a: Hoopa|Hoopa-Unbound|100/100
|move|p2a: Raging Bolt|Volt Switch|p1a: Hoopa
|-damage|p1a: Hoopa|90/100
|
|t:|1758300544
|-end|p2a: Raging Bolt|Protosynthesis|[silent]
|switch|p2a: Dragapult|Dragapult, M|100/100|[from] Volt Switch
|-damage|p2a: Dragapult|88/100|[from] Stealth Rock
|
|upkeep
|turn|9
|
|t:|1758300547
|switch|p1a: Great Tusk|Great Tusk|86/100 brn
|move|p2a: Dragapult|U-turn|p1a: Great Tusk
|-resisted|p1a: Great Tusk
|-damage|p1a: Great Tusk|76/100 brn
|
|t:|1758300549
|switch|p2a: Kyurem|Kyurem|100/100|[from] U-turn
|-damage|p2a: Kyurem|76/100|[from] Stealth Rock
|-ability|p2a: Kyurem|Pressure
|
|-end|p2a: Kyurem|move: Future Sight
|-damage|p2a: Kyurem|17/100
|-damage|p1a: Great Tusk|70/100 brn|[from] brn
|upkeep
|turn|10
|
|t:|1758300556
|-end|p1a: Great Tusk|Protosynthesis|[silent]
|switch|p1a: Slowking|Slowking-Galar, F|78/100
|move|p2a: Kyurem|Ice Beam|p1a: Slowking
|-damage|p1a: Slowking|41/100
|
|upkeep
|turn|11
|
|t:|1758300561
|move|p2a: Kyurem|Ice Beam|p1a: Slowking
|-damage|p1a: Slowking|4/100
|move|p1a: Slowking|Future Sight|p2a: Kyurem
|-start|p1a: Slowking|move: Future Sight
|
|upkeep
|turn|12
|
|t:|1758300565
|switch|p1a: Hoopa|Hoopa-Unbound|90/100
|move|p2a: Kyurem|Ice Beam|p1a: Hoopa
|-damage|p1a: Hoopa|57/100
|-status|p1a: Hoopa|frz
|
|upkeep
|turn|13
|
|t:|1758300572
|move|p2a: Kyurem|Ice Beam|p1a: Hoopa
|-damage|p1a: Hoopa|19/100 frz
|cant|p1a: Hoopa|frz
|
|-end|p2a: Kyurem|move: Future Sight
|-damage|p2a: Kyurem|0 fnt
|faint|p2a: Kyurem
|upkeep
|
|t:|1758300577
|switch|p2a: Dragapult|Dragapult, M|88/100
|-damage|p2a: Dragapult|76/100|[from] Stealth Rock
|turn|14
|
|t:|1758300580
|switch|p1a: Great Tusk|Great Tusk|70/100 brn
|move|p2a: Dragapult|U-turn|p1a: Great Tusk
|-resisted|p1a: Great Tusk
|-damage|p1a: Great Tusk|60/100 brn
|
|t:|1758300582
|switch|p2a: Moltres|Moltres|87/100|[from] U-turn
|
|-damage|p1a: Great Tusk|54/100 brn|[from] brn
|upkeep
|turn|15
|
|t:|1758300587
|-end|p1a: Great Tusk|Protosynthesis|[silent]
|switch|p1a: Hoopa|Hoopa-Unbound|19/100 frz
|move|p2a: Moltres|Flamethrower|p1a: Hoopa
|-damage|p1a: Hoopa|0 fnt
|faint|p1a: Hoopa
|
|upkeep
|
|t:|1758300589
|switch|p1a: Slowking|Slowking-Galar, F|37/100
|turn|16
|
|t:|1758300593
|switch|p1a: Iron Hands|Iron Hands|80/100
|move|p2a: Moltres|Flamethrower|p1a: Iron Hands
|-damage|p1a: Iron Hands|56/100
|
|upkeep
|turn|17
|
|t:|1758300598
|move|p2a: Moltres|U-turn|p1a: Iron Hands
|-resisted|p1a: Iron Hands
|-damage|p1a: Iron Hands|52/100
|
|t:|1758300602
|switch|p2a: Slowking|Slowking-Galar, M|100/100|[from] U-turn
|move|p1a: Iron Hands|Thunder Punch|p2a: Slowking
|-damage|p2a: Slowking|56/100
|
|upkeep
|turn|18
|
|t:|1758300613
|move|p1a: Iron Hands|Thunder Punch|p2a: Slowking
|-damage|p2a: Slowking|10/100
|-prepare|p2a: Slowking|Chilly Reception|[premajor]
|move|p2a: Slowking|Chilly Reception|p2a: Slowking
|-weather|Snowscape
|
|t:|1758300617
|switch|p2a: Dragapult|Dragapult, M|76/100|[from] Chilly Reception
|-damage|p2a: Dragapult|64/100|[from] Stealth Rock
|
|-weather|Snowscape|[upkeep]
|upkeep
|turn|19
|
|t:|1758300619
|move|p2a: Dragapult|Dragon Darts|p1a: Iron Hands
|-damage|p1a: Iron Hands|29/100
|-anim|p2a: Dragapult|Dragon Darts|p1a: Iron Hands
|-damage|p1a: Iron Hands|6/100
|move|p1a: Iron Hands|Ice Punch|p2a: Dragapult
|-supereffective|p2a: Dragapult
|-crit|p2a: Dragapult
|-damage|p2a: Dragapult|0 fnt
|faint|p2a: Dragapult
|
|-weather|Snowscape|[upkeep]
|upkeep
|
|t:|1758300626
|switch|p2a: Tinkaton|Tinkaton, F|84/100
|-damage|p2a: Tinkaton|78/100|[from] Stealth Rock
|-item|p2a: Tinkaton|Air Balloon
|turn|20
|
|t:|1758300629
|move|p2a: Tinkaton|Gigaton Hammer|p1a: Iron Hands
|-resisted|p1a: Iron Hands
|-damage|p1a: Iron Hands|0 fnt
|faint|p1a: Iron Hands
|-end|p1a: Iron Hands|Quark Drive|[silent]
|
|-weather|Snowscape|[upkeep]
|upkeep
|
|t:|1758300635
|switch|p1a: Zamazenta|Zamazenta|100/100
|-ability|p1a: Zamazenta|Dauntless Shield|boost
|-boost|p1a: Zamazenta|def|1
|turn|21
|
|t:|1758300641
|move|p1a: Zamazenta|Iron Defense|p1a: Zamazenta
|-boost|p1a: Zamazenta|def|2
|move|p2a: Tinkaton|Encore|p1a: Zamazenta
|-start|p1a: Zamazenta|Encore
|
|-weather|Snowscape|[upkeep]
|upkeep
|turn|22
|
|t:|1758300647
|switch|p1a: Great Tusk|Great Tusk|54/100 brn
|move|p2a: Tinkaton|Gigaton Hammer|p1a: Great Tusk
|-damage|p1a: Great Tusk|26/100 brn
|
|-weather|none
|-damage|p1a: Great Tusk|20/100 brn|[from] brn
|upkeep
|turn|23
|
|t:|1758300654
|move|p2a: Tinkaton|Knock Off|p1a: Great Tusk
|-resisted|p1a: Great Tusk
|-damage|p1a: Great Tusk|16/100 brn
|move|p1a: Great Tusk|Rapid Spin|p2a: Tinkaton
|-resisted|p2a: Tinkaton
|-damage|p2a: Tinkaton|72/100
|-boost|p1a: Great Tusk|spe|1
|-enditem|p2a: Tinkaton|Air Balloon
|
|-damage|p1a: Great Tusk|10/100 brn|[from] brn
|upkeep
|turn|24
|
|t:|1758300661
|switch|p2a: Moltres|Moltres|87/100
|move|p1a: Great Tusk|Earthquake|p2a: Moltres
|-immune|p2a: Moltres
|
|-damage|p1a: Great Tusk|4/100 brn|[from] brn
|upkeep
|turn|25
|
|t:|1758300665
|-end|p1a: Great Tusk|Protosynthesis|[silent]
|switch|p1a: Slowking|Slowking-Galar, F|71/100
|move|p2a: Moltres|U-turn|p1a: Slowking
|-damage|p1a: Slowking|55/100
|
|t:|1758300668
|switch|p2a: Tinkaton|Tinkaton, F|72/100|[from] U-turn
|-damage|p2a: Tinkaton|66/100|[from] Stealth Rock
|
|upkeep
|turn|26
|
|t:|1758300671
|switch|p1a: Great Tusk|Great Tusk|4/100 brn
|move|p2a: Tinkaton|Stealth Rock|p1a: Great Tusk
|-sidestart|p1: qwolff|move: Stealth Rock
|
|-damage|p1a: Great Tusk|0 fnt|[from] brn
|faint|p1a: Great Tusk
|-end|p1a: Great Tusk|Protosynthesis|[silent]
|upkeep
|
|t:|1758300688
|switch|p1a: Zamazenta|Zamazenta|100/100
|-damage|p1a: Zamazenta|94/100|[from] Stealth Rock
|turn|27
|
|t:|1758300693
|move|p1a: Zamazenta|Iron Defense|p1a: Zamazenta
|-boost|p1a: Zamazenta|def|2
|move|p2a: Tinkaton|Encore|p1a: Zamazenta
|-start|p1a: Zamazenta|Encore
|
|-heal|p1a: Zamazenta|100/100|[from] item: Leftovers
|upkeep
|turn|28
|
|t:|1758300698
|switch|p2a: Moltres|Moltres|87/100
|move|p1a: Zamazenta|Iron Defense|p1a: Zamazenta
|-boost|p1a: Zamazenta|def|2
|
|upkeep
|turn|29
|
|t:|1758300700
|switch|p1a: Slowking|Slowking-Galar, F|89/100
|-damage|p1a: Slowking|76/100|[from] Stealth Rock
|move|p2a: Moltres|Roar|p1a: Slowking
|drag|p1a: Iron Valiant|Iron Valiant|100/100
|-damage|p1a: Iron Valiant|94/100|[from] Stealth Rock
|-enditem|p1a: Iron Valiant|Booster Energy
|-activate|p1a: Iron Valiant|ability: Quark Drive|[fromitem]
|-start|p1a: Iron Valiant|quarkdrivespe
|
|upkeep
|turn|30
|
|t:|1758300704
|-end|p1a: Iron Valiant|Quark Drive|[silent]
|switch|p1a: Slowking|Slowking-Galar, F|100/100
|-damage|p1a: Slowking|88/100|[from] Stealth Rock
|move|p2a: Moltres|Roar|p1a: Slowking
|drag|p1a: Zamazenta|Zamazenta|100/100
|-damage|p1a: Zamazenta|94/100|[from] Stealth Rock
|
|-heal|p1a: Zamazenta|100/100|[from] item: Leftovers
|upkeep
|turn|31
|
|t:|1758300707
|move|p1a: Zamazenta|Iron Defense|p1a: Zamazenta
|-boost|p1a: Zamazenta|def|2
|move|p2a: Moltres|Flamethrower|p1a: Zamazenta
|-damage|p1a: Zamazenta|70/100
|
|-heal|p1a: Zamazenta|76/100|[from] item: Leftovers
|upkeep
|turn|32
|
|t:|1758300710
|switch|p1a: Slowking|Slowking-Galar, F|100/100
|-damage|p1a: Slowking|88/100|[from] Stealth Rock
|move|p2a: Moltres|Roar|p1a: Slowking
|drag|p1a: Iron Valiant|Iron Valiant|94/100
|-damage|p1a: Iron Valiant|88/100|[from] Stealth Rock
|
|upkeep
|turn|33
|
|t:|1758300714
|move|p1a: Iron Valiant|Knock Off|p2a: Moltres
|-damage|p2a: Moltres|64/100
|-enditem|p2a: Moltres|Heavy-Duty Boots|[from] move: Knock Off|[of] p1a: Iron Valiant
|move|p2a: Moltres|Flamethrower|p1a: Iron Valiant
|-damage|p1a: Iron Valiant|22/100
|
|upkeep
|turn|34
|
|t:|1758300719
|-end|p1a: Iron Valiant|Quark Drive|[silent]
|switch|p1a: Slowking|Slowking-Galar, F|100/100
|-damage|p1a: Slowking|88/100|[from] Stealth Rock
|move|p2a: Moltres|Roost|p2a: Moltres
|-heal|p2a: Moltres|100/100
|-singleturn|p2a: Moltres|move: Roost
|
|upkeep
|turn|35
|
|t:|1758300723
|move|p2a: Moltres|Flamethrower|p1a: Slowking
|-damage|p1a: Slowking|66/100
|move|p1a: Slowking|Future Sight|p2a: Moltres
|-start|p1a: Slowking|move: Future Sight
|
|upkeep
|turn|36
|
|t:|1758300727
|move|p1a: Slowking|Sludge Wave|p2a: Moltres
|-damage|p2a: Moltres|48/100
|move|p2a: Moltres|Roar|p1a: Slowking
|drag|p1a: Iron Valiant|Iron Valiant|22/100
|-damage|p1a: Iron Valiant|16/100|[from] Stealth Rock
|
|upkeep
|turn|37
|
|t:|1758300738
|-end|p1a: Iron Valiant|Quark Drive|[silent]
|switch|p1a: Slowking|Slowking-Galar, F|99/100
|-damage|p1a: Slowking|87/100|[from] Stealth Rock
|switch|p2a: Tinkaton|Tinkaton, F|66/100
|-damage|p2a: Tinkaton|60/100|[from] Stealth Rock
|
|-end|p2a: Tinkaton|move: Future Sight
|-resisted|p2a: Tinkaton
|-damage|p2a: Tinkaton|32/100
|upkeep
|turn|38
|
|t:|1758300748
|switch|p1a: Zamazenta|Zamazenta|76/100
|-damage|p1a: Zamazenta|70/100|[from] Stealth Rock
|move|p2a: Tinkaton|Knock Off|p1a: Zamazenta
|-resisted|p1a: Zamazenta
|-crit|p1a: Zamazenta
|-damage|p1a: Zamazenta|62/100
|-enditem|p1a: Zamazenta|Leftovers|[from] move: Knock Off|[of] p2a: Tinkaton
|
|upkeep
|turn|39
|
|t:|1758300750
|move|p1a: Zamazenta|Body Press|p2a: Tinkaton
|-damage|p2a: Tinkaton|0 fnt
|faint|p2a: Tinkaton
|
|upkeep
|
|t:|1758300757
|switch|p2a: Slowking|Slowking-Galar, M|44/100
|turn|40
|
|t:|1758300764
|-terastallize|p1a: Zamazenta|Water
|move|p1a: Zamazenta|Crunch|p2a: Slowking
|-supereffective|p2a: Slowking
|-damage|p2a: Slowking|2/100
|move|p2a: Slowking|Future Sight|p1a: Zamazenta
|-start|p2a: Slowking|move: Future Sight
|
|upkeep
|turn|41
|
|t:|1758300773
|switch|p2a: Moltres|Moltres|48/100
|-damage|p2a: Moltres|0 fnt|[from] Stealth Rock
|faint|p2a: Moltres
|move|p1a: Zamazenta|Body Press|p2: Moltres|[notarget]
|-fail|p1a: Zamazenta
|
|upkeep
|
|t:|1758300778
|switch|p2a: Raging Bolt|Raging Bolt|100/100
|turn|42
|
|t:|1758300785
|switch|p1a: Slowking|Slowking-Galar, F|100/100
|-damage|p1a: Slowking|88/100|[from] Stealth Rock
|move|p2a: Raging Bolt|Thunderclap||[still]
|-fail|p2a: Raging Bolt
|
|-end|p1a: Slowking|move: Future Sight
|-damage|p1a: Slowking|64/100
|upkeep
|turn|43
|
|t:|1758300791
|move|p2a: Raging Bolt|Thunderbolt|p1a: Slowking
|-damage|p1a: Slowking|34/100
|move|p1a: Slowking|Future Sight|p2a: Raging Bolt
|-start|p1a: Slowking|move: Future Sight
|
|upkeep
|turn|44
|
|t:|1758300795
|move|p2a: Raging Bolt|Draco Meteor|p1a: Slowking
|-damage|p1a: Slowking|0 fnt
|-unboost|p2a: Raging Bolt|spa|2
|faint|p1a: Slowking
|
|upkeep
|
|t:|1758300800
|switch|p1a: Iron Valiant|Iron Valiant|16/100
|-damage|p1a: Iron Valiant|10/100|[from] Stealth Rock
|turn|45
|
|t:|1758300802
|move|p2a: Raging Bolt|Thunderclap||[still]
|-fail|p2a: Raging Bolt
|move|p1a: Iron Valiant|Swords Dance|p1a: Iron Valiant
|-boost|p1a: Iron Valiant|atk|2
|
|-end|p2a: Raging Bolt|move: Future Sight
|-damage|p2a: Raging Bolt|37/100
|upkeep
|turn|46
|
|t:|1758300810
|move|p2a: Raging Bolt|Thunderclap||[still]
|-fail|p2a: Raging Bolt
|move|p1a: Iron Valiant|Swords Dance|p1a: Iron Valiant
|-boost|p1a: Iron Valiant|atk|2
|
|upkeep
|turn|47
|
|t:|1758300815
|move|p2a: Raging Bolt|Thunderclap||[still]
|-fail|p2a: Raging Bolt
|move|p1a: Iron Valiant|Swords Dance|p1a: Iron Valiant
|-boost|p1a: Iron Valiant|atk|2
|
|upkeep
|turn|48
|
|t:|1758300818
|move|p2a: Raging Bolt|Thunderclap||[still]
|-fail|p2a: Raging Bolt
|move|p1a: Iron Valiant|Swords Dance|p1a: Iron Valiant
|-boost|p1a: Iron Valiant|atk|0
|
|upkeep
|turn|49
|
|t:|1758300819
|move|p2a: Raging Bolt|Thunderclap||[still]
|-fail|p2a: Raging Bolt
|move|p1a: Iron Valiant|Swords Dance|p1a: Iron Valiant
|-boost|p1a: Iron Valiant|atk|0
|
|upkeep
|turn|50
|
|t:|1758300821
|move|p2a: Raging Bolt|Thunderclap||[still]
|-fail|p2a: Raging Bolt
|move|p1a: Iron Valiant|Swords Dance|p1a: Iron Valiant
|-boost|p1a: Iron Valiant|atk|0
|
|upkeep
|turn|51
|
|t:|1758300826
|move|p2a: Raging Bolt|Thunderclap||[still]
|-fail|p2a: Raging Bolt
|move|p1a: Iron Valiant|Swords Dance|p1a: Iron Valiant
|-boost|p1a: Iron Valiant|atk|0
|
|upkeep
|turn|52
|
|t:|1758300831
|move|p1a: Iron Valiant|Drain Punch|p2a: Raging Bolt
|-damage|p2a: Raging Bolt|0 fnt
|-heal|p1a: Iron Valiant|34/100|[from] drain|[of] p2a: Raging Bolt
|faint|p2a: Raging Bolt
|-end|p2a: Raging Bolt|Protosynthesis|[silent]
|
|upkeep
|-message|hehe moon forfeited.
|
|win|qwolff
|raw|qwolff's rating: 1465 &rarr; <strong>1490</strong><br />(+25 for winning)
|raw|hehe moon's rating: 1545 &rarr; <strong>1520</strong><br />(-25 for losing)
|l|☆hehe moon
|player|p2|
