|j|☆Chronos556
|j|☆Chilling On The OU
|t:|1758263736
|gametype|singles
|player|p1|Chronos556|veteran|1376
|player|p2|Chilling On The OU|marlon|1376
|gen|9
|tier|[Gen 9] OU
|rated|
|rule|HP Percentage Mod: HP is shown in percentages
|rule|Endless Battle Clause: Forcing endless battles is banned
|rule|Species Clause: Limit one of each Pokémon
|rule|OHKO Clause: OHKO moves are banned
|rule|Evasion Items Clause: Evasion items are banned
|rule|Evasion Moves Clause: Evasion moves are banned
|rule|Evasion Abilities Clause: Evasion abilities are banned
|rule|Sleep Moves Clause: Sleep-inducing moves are banned
|clearpoke
|poke|p1|Raging Bolt|
|poke|p1|Ogerpon-Wellspring, F|
|poke|p1|Ting-Lu|
|poke|p1|Zamazenta-*|
|poke|p1|Iron Crown|
|poke|p1|Forretress, F|
|poke|p2|Alomomola, M|
|poke|p2|Cinderace, M|
|poke|p2|Thundurus-Therian, M|
|poke|p2|Goodra-Hisui, M|
|poke|p2|Meowscarada, F|
|poke|p2|Iron Valiant|
|teampreview
|inactive|Battle timer is ON: inactive players will automatically lose when time's up. (requested by Chronos556)
|
|t:|1758263752
|teamsize|p1|6
|teamsize|p2|6
|start
|switch|p1a: Beef|Ting-Lu|100/100
|switch|p2a: The Wall ?|Alomomola, M|100/100
|-ability|p1a: Beef|Vessel of Ruin
|turn|1
|
|t:|1758263761
|move|p1a: Beef|Stealth Rock|p2a: The Wall ?
|-sidestart|p2: Chilling On The OU|move: Stealth Rock
|move|p2a: The Wall ?|Flip Turn|p1a: Beef
|-supereffective|p1a: Beef
|-damage|p1a: Beef|79/100
|
|t:|1758263772
|switch|p2a: Meowscareda|Meowscarada, F|100/100|[from] Flip Turn
|-damage|p2a: Meowscareda|88/100|[from] Stealth Rock
|
|-heal|p1a: Beef|85/100|[from] item: Leftovers
|upkeep
|turn|2
|
|t:|1758263789
|switch|p1a: Gerald|Raging Bolt|100/100
|move|p2a: Meowscareda|U-turn|p1a: Gerald
|-start|p2a: Meowscareda|typechange|Bug|[from] ability: Protean
|-damage|p1a: Gerald|63/100
|
|t:|1758263808
|switch|p2a: Goodra-Husui|Goodra-Hisui, M, shiny|100/100|[from] U-turn
|-damage|p2a: Goodra-Husui|94/100|[from] Stealth Rock
|
|-heal|p1a: Gerald|69/100|[from] item: Leftovers
|upkeep
|turn|3
|
|t:|1758263814
|-end|p1a: Gerald|Protosynthesis|[silent]
|switch|p1a: Beef|Ting-Lu|85/100
|-ability|p1a: Beef|Vessel of Ruin
|move|p2a: Goodra-Husui|Draco Meteor|p1a: Beef
|-damage|p1a: Beef|50/100
|-unboost|p2a: Goodra-Husui|spa|2
|
|-heal|p1a: Beef|56/100|[from] item: Leftovers
|upkeep
|turn|4
|
|t:|1758263828
|switch|p2a: The Wall ?|Alomomola, M|100/100
|-damage|p2a: The Wall ?|88/100|[from] Stealth Rock
|switch|p1a: Gerald|Raging Bolt|69/100
|
|-heal|p1a: Gerald|75/100|[from] item: Leftovers
|-heal|p2a: The Wall ?|94/100|[from] item: Leftovers
|upkeep
|turn|5
|
|t:|1758263835
|switch|p2a: Thundurus-Tharien|Thundurus-Therian, M, shiny|100/100
|-damage|p2a: Thundurus-Tharien|76/100|[from] Stealth Rock
|move|p1a: Gerald|Calm Mind|p1a: Gerald
|-boost|p1a: Gerald|spa|1
|-boost|p1a: Gerald|spd|1
|
|-heal|p1a: Gerald|81/100|[from] item: Leftovers
|upkeep
|turn|6
|
|t:|1758263843
|move|p2a: Thundurus-Tharien|Volt Switch|p1a: Gerald
|-resisted|p1a: Gerald
|-damage|p1a: Gerald|73/100
|
|t:|1758263848
|switch|p2a: Goodra-Husui|Goodra-Hisui, M, shiny|94/100|[from] Volt Switch
|-damage|p2a: Goodra-Husui|88/100|[from] Stealth Rock
|move|p1a: Gerald|Draco Meteor|p2a: Goodra-Husui
|-damage|p2a: Goodra-Husui|38/100
|-unboost|p1a: Gerald|spa|2
|
|-heal|p1a: Gerald|79/100|[from] item: Leftovers
|upkeep
|turn|7
|
|t:|1758263860
|-end|p1a: Gerald|Protosynthesis|[silent]
|switch|p1a: Beef|Ting-Lu|56/100
|-ability|p1a: Beef|Vessel of Ruin
|switch|p2a: The Wall ?|Alomomola, M|100/100
|-damage|p2a: The Wall ?|88/100|[from] Stealth Rock
|
|-heal|p1a: Beef|63/100|[from] item: Leftovers
|-heal|p2a: The Wall ?|94/100|[from] item: Leftovers
|upkeep
|turn|8
|
|t:|1758263865
|switch|p1a: Bonk|Ogerpon-Wellspring, F|100/100
|move|p2a: The Wall ?|Wish|p2a: The Wall ?
|
|-heal|p2a: The Wall ?|100/100|[from] item: Leftovers
|upkeep
|turn|9
|
|t:|1758263878
|switch|p2a: Goodra-Husui|Goodra-Hisui, M, shiny|38/100
|-damage|p2a: Goodra-Husui|32/100|[from] Stealth Rock
|move|p1a: Bonk|U-turn|p2a: Goodra-Husui
|-resisted|p2a: Goodra-Husui
|-damage|p2a: Goodra-Husui|17/100
|-ability|p2a: Goodra-Husui|Gooey
|-unboost|p1a: Bonk|spe|1
|
|t:|1758263889
|switch|p1a: Gerald|Raging Bolt|79/100|[from] U-turn
|
|-heal|p2a: Goodra-Husui|94/100|[from] move: Wish|[wisher] The Wall ?
|-heal|p1a: Gerald|86/100|[from] item: Leftovers
|upkeep
|turn|10
|
|t:|1758263899
|-terastallize|p1a: Gerald|Fairy
|move|p1a: Gerald|Calm Mind|p1a: Gerald
|-boost|p1a: Gerald|spa|1
|-boost|p1a: Gerald|spd|1
|move|p2a: Goodra-Husui|Earthquake|p1a: Gerald
|-damage|p1a: Gerald|69/100
|
|-heal|p1a: Gerald|75/100|[from] item: Leftovers
|upkeep
|turn|11
|
|t:|1758263903
|move|p1a: Gerald|Calm Mind|p1a: Gerald
|-boost|p1a: Gerald|spa|1
|-boost|p1a: Gerald|spd|1
|move|p2a: Goodra-Husui|Flash Cannon|p1a: Gerald
|-supereffective|p1a: Gerald
|-damage|p1a: Gerald|43/100
|
|-heal|p1a: Gerald|49/100|[from] item: Leftovers
|upkeep
|turn|12
|
|t:|1758263910
|move|p1a: Gerald|Draco Meteor|p2a: Goodra-Husui
|-damage|p2a: Goodra-Husui|19/100
|-unboost|p1a: Gerald|spa|2
|move|p2a: Goodra-Husui|Flash Cannon|p1a: Gerald
|-supereffective|p1a: Gerald
|-damage|p1a: Gerald|15/100
|-unboost|p1a: Gerald|spd|1
|
|-heal|p1a: Gerald|21/100|[from] item: Leftovers
|upkeep
|turn|13
|
|t:|1758263921
|switch|p2a: Iron Valaint|Iron Valiant, shiny|100/100
|-damage|p2a: Iron Valaint|94/100|[from] Stealth Rock
|move|p1a: Gerald|Draco Meteor|p2a: Iron Valaint
|-immune|p2a: Iron Valaint
|
|-heal|p1a: Gerald|27/100|[from] item: Leftovers
|upkeep
|turn|14
|
|t:|1758263944
|-end|p1a: Gerald|Protosynthesis|[silent]
|switch|p1a: Ps5|Iron Crown|100/100
|move|p2a: Iron Valaint|Moonblast|p1a: Ps5
|-resisted|p1a: Ps5
|-damage|p1a: Ps5|83/100
|-unboost|p1a: Ps5|spa|1
|
|upkeep
|turn|15
|
|t:|1758263958
|move|p1a: Ps5|Volt Switch|p2a: Iron Valaint
|-damage|p2a: Iron Valaint|78/100
|
|t:|1758263979
|-end|p1a: Ps5|Quark Drive|[silent]
|switch|p1a: Wallnut|Forretress, F, shiny|100/100|[from] Volt Switch
|move|p2a: Iron Valaint|Knock Off|p1a: Wallnut
|-damage|p1a: Wallnut|81/100
|-enditem|p1a: Wallnut|Leftovers|[from] move: Knock Off|[of] p2a: Iron Valaint
|
|upkeep
|turn|16
|
|t:|1758263989
|-end|p2a: Iron Valaint|Quark Drive|[silent]
|switch|p2a: The Wall ?|Alomomola, M|100/100
|-damage|p2a: The Wall ?|88/100|[from] Stealth Rock
|move|p1a: Wallnut|Thunder Wave|p2a: The Wall ?
|-status|p2a: The Wall ?|par
|
|-heal|p2a: The Wall ?|94/100 par|[from] item: Leftovers
|upkeep
|turn|17
|
|t:|1758263996
|move|p1a: Wallnut|Volt Switch|p2a: The Wall ?
|-supereffective|p2a: The Wall ?
|-damage|p2a: The Wall ?|72/100 par
|
|t:|1758264002
|switch|p1a: Bonk|Ogerpon-Wellspring, F|100/100|[from] Volt Switch
|move|p2a: The Wall ?|Wish|p2a: The Wall ?
|
|-heal|p2a: The Wall ?|78/100 par|[from] item: Leftovers
|upkeep
|turn|18
|l|☆Chilling On The OU
|inactive|Chilling On The OU disconnected and has a minute to reconnect!
|player|p2|
|j|☆Chilling On The OU
|inactive|Chilling On The OU reconnected and has 130 seconds left.
|player|p2|Chilling On The OU|marlon|
|inactive|Chilling On The OU has 120 seconds left.
|
|t:|1758264048
|switch|p2a: Meowscareda|Meowscarada, F|88/100
|-damage|p2a: Meowscareda|76/100|[from] Stealth Rock
|move|p1a: Bonk|Swords Dance|p1a: Bonk
|-boost|p1a: Bonk|atk|2
|
|-heal|p2a: Meowscareda|100/100|[from] move: Wish|[wisher] The Wall ?
|upkeep
|turn|19
|
|t:|1758264065
|switch|p1a: Ps5|Iron Crown|83/100
|move|p2a: Meowscareda|U-turn|p1a: Ps5
|-start|p2a: Meowscareda|typechange|Bug|[from] ability: Protean
|-damage|p1a: Ps5|37/100
|
|t:|1758264077
|switch|p2a: Cinderece|Cinderace, M|100/100|[from] U-turn
|
|upkeep
|turn|20
|
|t:|1758264086
|move|p1a: Ps5|Volt Switch|p2a: Cinderece
|-damage|p2a: Cinderece|63/100
|
|t:|1758264097
|-end|p1a: Ps5|Quark Drive|[silent]
|switch|p1a: Shieldoge|Zamazenta|100/100|[from] Volt Switch
|-ability|p1a: Shieldoge|Dauntless Shield|boost
|-boost|p1a: Shieldoge|def|1
|move|p2a: Cinderece|Will-O-Wisp|p1a: Shieldoge|[miss]
|-miss|p2a: Cinderece|p1a: Shieldoge
|
|upkeep
|turn|21
|l|☆Chilling On The OU
|inactive|Chilling On The OU disconnected and has a minute to reconnect!
|player|p2|
|inactive|Chilling On The OU has 30 seconds to reconnect!
|inactive|Chilling On The OU has 20 seconds to reconnect!
|inactive|Chilling On The OU has 15 seconds to reconnect!
|inactive|Chilling On The OU has 10 seconds to reconnect!
|inactive|Chilling On The OU has 5 seconds to reconnect!
|-message|Chilling On The OU lost due to inactivity.
|
|win|Chronos556
|raw|Chronos556's rating: 1376 &rarr; <strong>1396</strong><br />(+20 for winning)
|raw|Chilling On The OU's rating: 1376 &rarr; <strong>1356</strong><br />(-20 for losing)
|l|☆Chronos556
|player|p1|
