|j|☆LikeEmerald
|j|☆Papagayo34
|t:|1758303727
|gametype|singles
|player|p1|LikeEmerald|265|1123
|player|p2|Papagayo34|youngster-gen4dp|1153
|gen|9
|tier|[Gen 9] OU
|rated|
|rule|HP Percentage Mod: HP is shown in percentages
|rule|Endless Battle Clause: Forcing endless battles is banned
|rule|Species Clause: Limit one of each Pokémon
|rule|OHKO Clause: OHKO moves are banned
|rule|Evasion Items Clause: Evasion items are banned
|rule|Evasion Moves Clause: Evasion moves are banned
|rule|Evasion Abilities Clause: Evasion abilities are banned
|rule|Sleep Moves Clause: Sleep-inducing moves are banned
|clearpoke
|poke|p1|Kricketune, F|
|poke|p1|Araquanid, F|
|poke|p1|Landorus-Therian, M|
|poke|p1|Magneton|
|poke|p1|Weezing, F|
|poke|p1|Blaziken, F|
|poke|p2|Dragapult, M|
|poke|p2|Slowbro, F|
|poke|p2|Samurott-Hisui, M|
|poke|p2|Gliscor, M|
|poke|p2|Great Tusk|
|poke|p2|Weezing-Galar, F|
|teampreview
|
|t:|1758303747
|teamsize|p1|6
|teamsize|p2|6
|start
|switch|p1a: Landorus|Landorus-Therian, M|100/100
|switch|p2a: Dragapult|Dragapult, M|100/100
|-ability|p1a: Landorus|Intimidate|boost
|-unboost|p2a: Dragapult|atk|1
|turn|1
|
|t:|1758303755
|move|p2a: Dragapult|Draco Meteor|p1a: Landorus
|-crit|p1a: Landorus
|-damage|p1a: Landorus|0 fnt
|-unboost|p2a: Dragapult|spa|2
|faint|p1a: Landorus
|
|upkeep
|
|t:|1758303764
|switch|p1a: Blaziken|Blaziken, F|100/100
|turn|2
|
|t:|1758303779
|move|p2a: Dragapult|Draco Meteor|p1a: Blaziken|[miss]
|-miss|p2a: Dragapult|p1a: Blaziken
|move|p1a: Blaziken|Knock Off|p2a: Dragapult
|-supereffective|p2a: Dragapult
|-damage|p2a: Dragapult|0 fnt
|-enditem|p2a: Dragapult|Choice Specs|[from] move: Knock Off|[of] p1a: Blaziken
|faint|p2a: Dragapult
|
|-ability|p1a: Blaziken|Speed Boost|boost
|-boost|p1a: Blaziken|spe|1
|upkeep
|
|t:|1758303786
|switch|p2a: Slowbro|Slowbro, F|100/100
|turn|3
|
|t:|1758303791
|move|p1a: Blaziken|Knock Off|p2a: Slowbro
|-supereffective|p2a: Slowbro
|-damage|p2a: Slowbro|14/100
|-enditem|p2a: Slowbro|Choice Specs|[from] move: Knock Off|[of] p1a: Blaziken
|move|p2a: Slowbro|Psychic|p1a: Blaziken
|-supereffective|p1a: Blaziken
|-damage|p1a: Blaziken|0 fnt
|faint|p1a: Blaziken
|
|upkeep
|
|t:|1758303798
|switch|p1a: Kricketune|Kricketune, F, shiny|100/100
|turn|4
|
|t:|1758303841
|move|p1a: Kricketune|Trailblaze|p2a: Slowbro
|-supereffective|p2a: Slowbro
|-damage|p2a: Slowbro|0 fnt
|-boost|p1a: Kricketune|spe|1
|faint|p2a: Slowbro
|
|upkeep
|
|t:|1758303845
|switch|p2a: Weezing|Weezing-Galar, F|100/100
|-ability|p2a: Weezing|Neutralizing Gas
|turn|5
|
|t:|1758303849
|switch|p1a: Weezing|Weezing, F|100/100
|move|p2a: Weezing|Sludge Wave|p1a: Weezing
|-resisted|p1a: Weezing
|-damage|p1a: Weezing|59/100
|
|-heal|p1a: Weezing|65/100|[from] item: Leftovers
|upkeep
|turn|6
|
|t:|1758303855
|-end|p2a: Weezing|ability: Neutralizing Gas
|switch|p2a: Samurott|Samurott-Hisui, M|100/100
|move|p1a: Weezing|Sludge Bomb|p2a: Samurott
|-damage|p2a: Samurott|40/100
|
|-heal|p1a: Weezing|71/100|[from] item: Leftovers
|upkeep
|turn|7
|
|t:|1758303866
|move|p2a: Samurott|Ceaseless Edge|p1a: Weezing
|-damage|p1a: Weezing|10/100
|-sidestart|p1: LikeEmerald|Spikes
|-damage|p2a: Samurott|30/100|[from] item: Life Orb
|move|p1a: Weezing|Sludge Bomb|p2a: Samurott
|-damage|p2a: Samurott|0 fnt
|faint|p2a: Samurott
|
|-heal|p1a: Weezing|16/100|[from] item: Leftovers
|upkeep
|
|t:|1758303876
|switch|p2a: Great Tusk|Great Tusk|100/100
|-enditem|p2a: Great Tusk|Booster Energy
|-activate|p2a: Great Tusk|ability: Protosynthesis|[fromitem]
|-start|p2a: Great Tusk|protosynthesisatk
|turn|8
|
|t:|1758303880
|move|p2a: Great Tusk|Rapid Spin|p1a: Weezing
|-damage|p1a: Weezing|0 fnt
|-boost|p2a: Great Tusk|spe|1
|faint|p1a: Weezing
|
|upkeep
|
|t:|1758303885
|switch|p1a: Araquanid|Araquanid, F|100/100
|-damage|p1a: Araquanid|88/100|[from] Spikes
|turn|9
|
|t:|1758303917
|-terastallize|p2a: Great Tusk|Fairy
|move|p2a: Great Tusk|Headlong Rush|p1a: Araquanid
|-resisted|p1a: Araquanid
|-damage|p1a: Araquanid|48/100
|-unboost|p2a: Great Tusk|def|1
|-unboost|p2a: Great Tusk|spd|1
|move|p1a: Araquanid|Surf|p2a: Great Tusk
|-damage|p2a: Great Tusk|12/100
|
|-heal|p1a: Araquanid|54/100|[from] item: Leftovers
|upkeep
|turn|10
|
|t:|1758303926
|move|p2a: Great Tusk|Close Combat|p1a: Araquanid
|-resisted|p1a: Araquanid
|-damage|p1a: Araquanid|17/100
|-unboost|p2a: Great Tusk|def|1
|-unboost|p2a: Great Tusk|spd|1
|move|p1a: Araquanid|Poison Jab|p2a: Great Tusk
|-supereffective|p2a: Great Tusk
|-damage|p2a: Great Tusk|0 fnt
|faint|p2a: Great Tusk
|-end|p2a: Great Tusk|Protosynthesis|[silent]
|
|-heal|p1a: Araquanid|23/100|[from] item: Leftovers
|upkeep
|
|t:|1758303930
|switch|p2a: Gliscor|Gliscor, M|100/100
|turn|11
|
|t:|1758303938
|move|p2a: Gliscor|Earthquake|p1a: Araquanid
|-resisted|p1a: Araquanid
|-damage|p1a: Araquanid|2/100
|move|p1a: Araquanid|Surf|p2a: Gliscor
|-supereffective|p2a: Gliscor
|-damage|p2a: Gliscor|0 fnt
|faint|p2a: Gliscor
|
|-heal|p1a: Araquanid|8/100|[from] item: Leftovers
|upkeep
|
|t:|1758303947
|switch|p2a: Weezing|Weezing-Galar, F|100/100
|-ability|p2a: Weezing|Neutralizing Gas
|turn|12
|
|t:|1758303953
|move|p2a: Weezing|Flamethrower|p1a: Araquanid
|-damage|p1a: Araquanid|0 fnt
|faint|p1a: Araquanid
|
|upkeep
|
|t:|1758303973
|switch|p1a: Kricketune|Kricketune, F, shiny|100/100
|-damage|p1a: Kricketune|88/100|[from] Spikes
|turn|13
|
|t:|1758304010
|-terastallize|p1a: Kricketune|Fighting
|move|p1a: Kricketune|Knock Off|p2a: Weezing
|-resisted|p2a: Weezing
|-crit|p2a: Weezing
|-damage|p2a: Weezing|78/100
|-enditem|p2a: Weezing|Choice Specs|[from] move: Knock Off|[of] p1a: Kricketune
|move|p2a: Weezing|Flamethrower|p1a: Kricketune
|-damage|p1a: Kricketune|34/100
|
|upkeep
|turn|14
|
|t:|1758304028
|move|p1a: Kricketune|Brick Break|p2a: Weezing
|-resisted|p2a: Weezing
|-damage|p2a: Weezing|69/100
|move|p2a: Weezing|Sludge Wave|p1a: Kricketune
|-damage|p1a: Kricketune|0 fnt
|faint|p1a: Kricketune
|
|upkeep
|
|t:|1758304031
|switch|p1a: Magneton|Magneton|100/100
|-damage|p1a: Magneton|88/100|[from] Spikes
|turn|15
|
|t:|1758304040
|move|p2a: Weezing|Flamethrower|p1a: Magneton
|-supereffective|p1a: Magneton
|-damage|p1a: Magneton|34/100
|move|p1a: Magneton|Flash Cannon|p2a: Weezing
|-supereffective|p2a: Weezing
|-damage|p2a: Weezing|0 fnt
|faint|p2a: Weezing
|-end|p2a: Weezing|ability: Neutralizing Gas
|
|win|LikeEmerald
|raw|LikeEmerald's rating: 1123 &rarr; <strong>1149</strong><br />(+26 for winning)
|raw|Papagayo34's rating: 1130 &rarr; <strong>1104</strong><br />(-26 for losing)
|c|☆LikeEmerald|gg
|l|☆LikeEmerald
|player|p1|
