|j|☆LikeEmerald
|j|‽huzkage
|t:|1758302313
|gametype|singles
|player|p1|LikeEmerald|265|1144
|player|p2|huzkage|silver|1158
|gen|9
|tier|[Gen 9] OU
|rated|
|rule|HP Percentage Mod: HP is shown in percentages
|rule|Endless Battle Clause: Forcing endless battles is banned
|rule|Species Clause: Limit one of each Pokémon
|rule|OHKO Clause: OHKO moves are banned
|rule|Evasion Items Clause: Evasion items are banned
|rule|Evasion Moves Clause: Evasion moves are banned
|rule|Evasion Abilities Clause: Evasion abilities are banned
|rule|Sleep Moves Clause: Sleep-inducing moves are banned
|clearpoke
|poke|p1|Kricketune, M|
|poke|p1|Araquanid, M|
|poke|p1|Landorus-Therian, M|
|poke|p1|Magneton|
|poke|p1|Weezing, F|
|poke|p1|Blaziken, M|
|poke|p2|Dragonite, F|
|poke|p2|Great Tusk|
|poke|p2|Grimmsnarl, M|
|poke|p2|Raging Bolt|
|poke|p2|Kingambit, M|
|poke|p2|Iron Moth|
|teampreview
|
|t:|1758302344
|teamsize|p1|6
|teamsize|p2|6
|start
|switch|p1a: Magneton|Magneton|100/100
|switch|p2a: Dragonite|Dragonite, F|100/100
|turn|1
|
|t:|1758302355
|move|p2a: Dragonite|Earthquake|p1a: Magneton
|-supereffective|p1a: Magneton
|-damage|p1a: Magneton|0 fnt
|faint|p1a: Magneton
|
|upkeep
|
|t:|1758302369
|switch|p1a: Landorus|Landorus-Therian, M|100/100
|-ability|p1a: Landorus|Intimidate|boost
|-unboost|p2a: Dragonite|atk|1
|turn|2
|
|t:|1758302374
|move|p1a: Landorus|U-turn|p2a: Dragonite
|-resisted|p2a: Dragonite
|-damage|p2a: Dragonite|95/100
|
|t:|1758302378
|switch|p1a: Weezing|Weezing, F|100/100|[from] U-turn
|move|p2a: Dragonite|Dragon Dance|p2a: Dragonite
|-boost|p2a: Dragonite|atk|1
|-boost|p2a: Dragonite|spe|1
|
|upkeep
|turn|3
|
|t:|1758302394
|switch|p2a: Grimmsnarl|Grimmsnarl, M|100/100
|move|p1a: Weezing|Sludge Bomb|p2a: Grimmsnarl
|-supereffective|p2a: Grimmsnarl
|-damage|p2a: Grimmsnarl|41/100
|
|upkeep
|turn|4
|
|t:|1758302399
|move|p2a: Grimmsnarl|Light Screen|p2a: Grimmsnarl
|-sidestart|p2: huzkage|move: Light Screen
|move|p1a: Weezing|Toxic Spikes|p2a: Grimmsnarl
|-sidestart|p2: huzkage|move: Toxic Spikes
|
|upkeep
|turn|5
|
|t:|1758302406
|move|p2a: Grimmsnarl|Reflect|p2a: Grimmsnarl
|-sidestart|p2: huzkage|Reflect
|move|p1a: Weezing|Sludge Bomb|p2a: Grimmsnarl
|-supereffective|p2a: Grimmsnarl
|-damage|p2a: Grimmsnarl|13/100
|
|upkeep
|turn|6
|
|t:|1758302411
|move|p2a: Grimmsnarl|Parting Shot|p1a: Weezing
|-unboost|p1a: Weezing|atk|1
|-unboost|p1a: Weezing|spa|1
|
|t:|1758302414
|switch|p2a: Iron Moth|Iron Moth|100/100|[from] Parting Shot
|-sideend|p2: huzkage|move: Toxic Spikes|[of] p2a: Iron Moth
|-enditem|p2a: Iron Moth|Booster Energy
|-activate|p2a: Iron Moth|ability: Quark Drive|[fromitem]
|-start|p2a: Iron Moth|quarkdrivespa
|move|p1a: Weezing|Flamethrower|p2a: Iron Moth
|-resisted|p2a: Iron Moth
|-damage|p2a: Iron Moth|96/100
|
|upkeep
|turn|7
|
|t:|1758302427
|switch|p1a: Araquanid|Araquanid, M|100/100
|move|p2a: Iron Moth|Psychic|p1a: Araquanid
|-damage|p1a: Araquanid|70/100
|
|-heal|p1a: Araquanid|77/100|[from] item: Leftovers
|upkeep
|turn|8
|
|t:|1758302442
|-end|p2a: Iron Moth|Quark Drive|[silent]
|switch|p2a: Dragonite|Dragonite, F|95/100
|move|p1a: Araquanid|Infestation|p2a: Dragonite
|-resisted|p2a: Dragonite
|-damage|p2a: Dragonite|95/100
|-activate|p2a: Dragonite|move: Infestation|[of] p1a: Araquanid
|
|-heal|p1a: Araquanid|83/100|[from] item: Leftovers
|-damage|p2a: Dragonite|82/100|[from] move: Infestation|[partiallytrapped]
|upkeep
|turn|9
|
|t:|1758302448
|move|p2a: Dragonite|Dragon Dance|p2a: Dragonite
|-boost|p2a: Dragonite|atk|1
|-boost|p2a: Dragonite|spe|1
|move|p1a: Araquanid|Poison Jab|p2a: Dragonite
|-damage|p2a: Dragonite|76/100
|-status|p2a: Dragonite|psn
|
|-heal|p1a: Araquanid|89/100|[from] item: Leftovers
|-damage|p2a: Dragonite|64/100 psn|[from] psn
|-damage|p2a: Dragonite|51/100 psn|[from] move: Infestation|[partiallytrapped]
|upkeep
|turn|10
|
|t:|1758302456
|switch|p1a: Landorus|Landorus-Therian, M|100/100
|-ability|p1a: Landorus|Intimidate|boost
|-unboost|p2a: Dragonite|atk|1
|-terastallize|p2a: Dragonite|Flying
|move|p2a: Dragonite|Tera Blast|p1a: Landorus|[anim] Tera Blast Flying
|-damage|p1a: Landorus|10/100
|
|-damage|p2a: Dragonite|39/100 psn|[from] psn
|-end|p2a: Dragonite|Infestation|[partiallytrapped]|[silent]
|upkeep
|turn|11
|
|t:|1758302467
|move|p1a: Landorus|Psychic|p2a: Dragonite
|-damage|p2a: Dragonite|26/100 psn
|move|p2a: Dragonite|Tera Blast|p1a: Landorus|[anim] Tera Blast Flying
|-damage|p1a: Landorus|0 fnt
|faint|p1a: Landorus
|
|-damage|p2a: Dragonite|14/100 psn|[from] psn
|-sideend|p2: huzkage|move: Light Screen
|upkeep
|
|t:|1758302478
|switch|p1a: Weezing|Weezing, F|100/100
|turn|12
|
|t:|1758302483
|move|p2a: Dragonite|Tera Blast|p1a: Weezing|[anim] Tera Blast Flying
|-crit|p1a: Weezing
|-damage|p1a: Weezing|2/100
|move|p1a: Weezing|Flamethrower|p2a: Dragonite
|-damage|p2a: Dragonite|0 fnt
|faint|p2a: Dragonite
|
|-heal|p1a: Weezing|8/100|[from] item: Leftovers
|-sideend|p2: huzkage|Reflect
|upkeep
|
|t:|1758302489
|switch|p2a: Grimmsnarl|Grimmsnarl, M|13/100
|turn|13
|
|t:|1758302494
|move|p2a: Grimmsnarl|Reflect|p2a: Grimmsnarl
|-sidestart|p2: huzkage|Reflect
|move|p1a: Weezing|Sludge Bomb|p2a: Grimmsnarl
|-supereffective|p2a: Grimmsnarl
|-damage|p2a: Grimmsnarl|0 fnt
|faint|p2a: Grimmsnarl
|
|-heal|p1a: Weezing|14/100|[from] item: Leftovers
|upkeep
|
|t:|1758302499
|switch|p2a: Iron Moth|Iron Moth|96/100
|turn|14
|
|t:|1758302509
|move|p2a: Iron Moth|Energy Ball|p1a: Weezing
|-resisted|p1a: Weezing
|-damage|p1a: Weezing|0 fnt
|faint|p1a: Weezing
|
|upkeep
|
|t:|1758302520
|switch|p1a: Araquanid|Araquanid, M|89/100
|turn|15
|
|t:|1758302525
|-end|p2a: Iron Moth|Quark Drive|[silent]
|switch|p2a: Raging Bolt|Raging Bolt|100/100
|-enditem|p2a: Raging Bolt|Booster Energy
|-activate|p2a: Raging Bolt|ability: Protosynthesis|[fromitem]
|-start|p2a: Raging Bolt|protosynthesisspa
|move|p1a: Araquanid|Sticky Web|p2a: Raging Bolt
|-sidestart|p2: huzkage|move: Sticky Web
|
|-heal|p1a: Araquanid|95/100|[from] item: Leftovers
|upkeep
|turn|16
|
|t:|1758302535
|-terastallize|p1a: Araquanid|Ghost
|move|p2a: Raging Bolt|Calm Mind|p2a: Raging Bolt
|-boost|p2a: Raging Bolt|spa|1
|-boost|p2a: Raging Bolt|spd|1
|move|p1a: Araquanid|Poison Jab|p2a: Raging Bolt
|-damage|p2a: Raging Bolt|94/100
|-status|p2a: Raging Bolt|psn
|
|-heal|p1a: Araquanid|100/100|[from] item: Leftovers
|-damage|p2a: Raging Bolt|82/100 psn|[from] psn
|upkeep
|turn|17
|
|t:|1758302549
|move|p2a: Raging Bolt|Thunderbolt|p1a: Araquanid
|-damage|p1a: Araquanid|39/100
|move|p1a: Araquanid|Infestation|p2a: Raging Bolt
|-damage|p2a: Raging Bolt|79/100 psn
|-activate|p2a: Raging Bolt|move: Infestation|[of] p1a: Araquanid
|
|-heal|p1a: Araquanid|45/100|[from] item: Leftovers
|-damage|p2a: Raging Bolt|67/100 psn|[from] psn
|-damage|p2a: Raging Bolt|54/100 psn|[from] move: Infestation|[partiallytrapped]
|upkeep
|turn|18
|
|t:|1758302573
|move|p2a: Raging Bolt|Thunderbolt|p1a: Araquanid
|-damage|p1a: Araquanid|0 fnt
|faint|p1a: Araquanid
|
|-damage|p2a: Raging Bolt|42/100 psn|[from] psn
|-end|p2a: Raging Bolt|Infestation|[partiallytrapped]|[silent]
|upkeep
|
|t:|1758302585
|switch|p1a: Kricketune|Kricketune, M, shiny|100/100
|turn|19
|
|t:|1758302591
|move|p2a: Raging Bolt|Thunderbolt|p1a: Kricketune
|-damage|p1a: Kricketune|0 fnt
|faint|p1a: Kricketune
|
|-damage|p2a: Raging Bolt|30/100 psn|[from] psn
|upkeep
|
|t:|1758302594
|switch|p1a: Blaziken|Blaziken, M|100/100
|turn|20
|
|t:|1758302601
|move|p2a: Raging Bolt|Calm Mind|p2a: Raging Bolt
|-boost|p2a: Raging Bolt|spa|1
|-boost|p2a: Raging Bolt|spd|1
|move|p1a: Blaziken|Knock Off|p2a: Raging Bolt
|-damage|p2a: Raging Bolt|14/100 psn
|
|-damage|p2a: Raging Bolt|1/100 psn|[from] psn
|-sideend|p2: huzkage|Reflect
|-ability|p1a: Blaziken|Speed Boost|boost
|-boost|p1a: Blaziken|spe|1
|upkeep
|turn|21
|
|t:|1758302607
|move|p2a: Raging Bolt|Thunderclap|p1a: Blaziken
|-damage|p1a: Blaziken|0 fnt
|faint|p1a: Blaziken
|
|win|huzkage
|raw|LikeEmerald's rating: 1144 &rarr; <strong>1120</strong><br />(-24 for losing)
|raw|huzkage's rating: 1158 &rarr; <strong>1182</strong><br />(+24 for winning)
|l|☆LikeEmerald
|player|p1|
|l|‽huzkage
|player|p2|
