|j|☆snovv_flaked
|j|‽Kz1212
|t:|1758344616
|gametype|singles
|player|p1|snovv_flaked|169|1230
|player|p2|Kz1212|2|1196
|gen|9
|tier|[Gen 9] OU
|rated|
|rule|HP Percentage Mod: HP is shown in percentages
|rule|Endless Battle Clause: Forcing endless battles is banned
|rule|Species Clause: Limit one of each Pokémon
|rule|OHKO Clause: OHKO moves are banned
|rule|Evasion Items Clause: Evasion items are banned
|rule|Evasion Moves Clause: Evasion moves are banned
|rule|Evasion Abilities Clause: Evasion abilities are banned
|rule|Sleep Moves Clause: Sleep-inducing moves are banned
|clearpoke
|poke|p1|Pelipper, F|
|poke|p1|Zapdos|
|poke|p1|Barraskewda, F|
|poke|p1|Glimmora, M|
|poke|p1|Tornadus-Therian, M|
|poke|p1|Great Tusk|
|poke|p2|Goodra-Hisui, M|
|poke|p2|Pelipper, F|
|poke|p2|Kingdra, F|
|poke|p2|Ogerpon-Wellspring, F|
|poke|p2|Scizor, F|
|poke|p2|Landorus-Therian, M|
|teampreview
|
|t:|1758344657
|teamsize|p1|6
|teamsize|p2|6
|start
|switch|p1a: Pelipper|Pelipper, F|100/100
|switch|p2a: Landorus|Landorus-Therian, M|100/100
|-ability|p2a: Landorus|Intimidate|boost
|-unboost|p1a: Pelipper|atk|1
|-weather|RainDance|[from] ability: Drizzle|[of] p1a: Pelipper
|turn|1
|
|t:|1758344671
|move|p2a: Landorus|Stealth Rock|p1a: Pelipper
|-sidestart|p1: snovv_flaked|move: Stealth Rock
|move|p1a: Pelipper|U-turn|p2a: Landorus
|-resisted|p2a: Landorus
|-damage|p2a: Landorus|97/100
|
|t:|1758344681
|switch|p1a: Great Tusk|Great Tusk|100/100|[from] U-turn
|-damage|p1a: Great Tusk|98/100|[from] Stealth Rock
|-enditem|p1a: Great Tusk|Booster Energy
|-activate|p1a: Great Tusk|ability: Protosynthesis|[fromitem]
|-start|p1a: Great Tusk|protosynthesisatk
|
|-weather|RainDance|[upkeep]
|upkeep
|turn|2
|
|t:|1758344693
|move|p2a: Landorus|Earthquake|p1a: Great Tusk
|-damage|p1a: Great Tusk|59/100
|move|p1a: Great Tusk|Rapid Spin|p2a: Landorus
|-damage|p2a: Landorus|69/100
|-boost|p1a: Great Tusk|spe|1
|-sideend|p1: snovv_flaked|Stealth Rock|[from] move: Rapid Spin|[of] p1a: Great Tusk
|
|-weather|RainDance|[upkeep]
|upkeep
|turn|3
|
|t:|1758344706
|move|p1a: Great Tusk|Rapid Spin|p2a: Landorus
|-damage|p2a: Landorus|42/100
|-boost|p1a: Great Tusk|spe|1
|move|p2a: Landorus|U-turn|p1a: Great Tusk
|-resisted|p1a: Great Tusk
|-damage|p1a: Great Tusk|50/100
|
|t:|1758344714
|switch|p2a: Kingdra|Kingdra, F|100/100|[from] U-turn
|
|-weather|RainDance|[upkeep]
|upkeep
|turn|4
|
|t:|1758344724
|-end|p1a: Great Tusk|Protosynthesis|[silent]
|switch|p1a: Glimmora|Glimmora, M|100/100
|move|p2a: Kingdra|Flip Turn|p1a: Glimmora
|-supereffective|p1a: Glimmora
|-crit|p1a: Glimmora
|-enditem|p1a: Glimmora|Focus Sash
|-damage|p1a: Glimmora|1/100
|-activate|p1a: Glimmora|ability: Toxic Debris
|-sidestart|p2: Kz1212|move: Toxic Spikes
|
|t:|1758344733
|switch|p2a: Scizor|Scizor, F|100/100|[from] Flip Turn
|
|-weather|RainDance|[upkeep]
|upkeep
|turn|5
|
|t:|1758344739
|switch|p1a: Zapdos|Zapdos|100/100
|move|p2a: Scizor|Swords Dance|p2a: Scizor
|-boost|p2a: Scizor|atk|2
|
|-weather|RainDance|[upkeep]
|upkeep
|turn|6
|
|t:|1758344748
|move|p2a: Scizor|Bullet Punch|p1a: Zapdos
|-resisted|p1a: Zapdos
|-damage|p1a: Zapdos|63/100
|move|p1a: Zapdos|Hurricane|p2a: Scizor
|-damage|p2a: Scizor|22/100
|-start|p2a: Scizor|confusion
|
|-weather|RainDance|[upkeep]
|-heal|p2a: Scizor|28/100|[from] item: Leftovers
|upkeep
|turn|7
|
|t:|1758344759
|move|p1a: Zapdos|Roost|p1a: Zapdos
|-heal|p1a: Zapdos|100/100
|-singleturn|p1a: Zapdos|move: Roost
|-activate|p2a: Scizor|confusion
|-damage|p2a: Scizor|0 fnt|[from] confusion
|faint|p2a: Scizor
|
|-weather|RainDance|[upkeep]
|upkeep
|
|t:|1758344770
|switch|p2a: Goodra|Goodra-Hisui, M|100/100
|turn|8
|
|t:|1758344778
|move|p1a: Zapdos|Thunder Wave|p2a: Goodra
|-status|p2a: Goodra|par
|cant|p2a: Goodra|par
|
|-weather|none
|upkeep
|turn|9
|
|t:|1758344786
|switch|p1a: Glimmora|Glimmora, M|1/100
|move|p2a: Goodra|Ice Beam|p1a: Glimmora
|-damage|p1a: Glimmora|0 fnt
|faint|p1a: Glimmora
|
|upkeep
|
|t:|1758344793
|switch|p1a: Great Tusk|Great Tusk|50/100
|turn|10
|
|t:|1758344796
|move|p1a: Great Tusk|Close Combat|p2a: Goodra
|-supereffective|p2a: Goodra
|-crit|p2a: Goodra
|-damage|p2a: Goodra|0 fnt
|-unboost|p1a: Great Tusk|def|1
|-unboost|p1a: Great Tusk|spd|1
|faint|p2a: Goodra
|
|upkeep
|
|t:|1758344804
|switch|p2a: Pelipper|Pelipper, F|100/100
|-weather|RainDance|[from] ability: Drizzle|[of] p2a: Pelipper
|turn|11
|
|t:|1758344812
|-end|p1a: Great Tusk|Protosynthesis|[silent]
|switch|p1a: Zapdos|Zapdos|100/100
|move|p2a: Pelipper|Surf|p1a: Zapdos
|-damage|p1a: Zapdos|53/100
|
|-weather|RainDance|[upkeep]
|upkeep
|turn|12
|
|t:|1758344844
|-terastallize|p2a: Pelipper|Ground
|move|p1a: Zapdos|Roost|p1a: Zapdos
|-heal|p1a: Zapdos|100/100
|-singleturn|p1a: Zapdos|move: Roost
|move|p2a: Pelipper|Hurricane|p1a: Zapdos
|-resisted|p1a: Zapdos
|-damage|p1a: Zapdos|84/100
|-start|p1a: Zapdos|confusion
|
|-weather|RainDance|[upkeep]
|upkeep
|turn|13
|
|t:|1758344857
|switch|p1a: Tornadus|Tornadus-Therian, M|100/100
|move|p2a: Pelipper|Surf|p1a: Tornadus
|-damage|p1a: Tornadus|46/100
|
|-weather|RainDance|[upkeep]
|upkeep
|turn|14
|
|t:|1758344865
|move|p1a: Tornadus|Weather Ball|p2a: Pelipper
|-supereffective|p2a: Pelipper
|-damage|p2a: Pelipper|0 fnt
|faint|p2a: Pelipper
|
|-weather|RainDance|[upkeep]
|upkeep
|
|t:|1758344873
|switch|p2a: Ogerpon|Ogerpon-Wellspring, F|100/100
|-status|p2a: Ogerpon|psn
|turn|15
|
|t:|1758344878
|move|p1a: Tornadus|Hurricane|p2a: Ogerpon
|-supereffective|p2a: Ogerpon
|-damage|p2a: Ogerpon|0 fnt
|faint|p2a: Ogerpon
|
|-weather|RainDance|[upkeep]
|upkeep
|
|t:|1758344885
|switch|p2a: Kingdra|Kingdra, F|100/100
|-status|p2a: Kingdra|psn
|turn|16
|
|t:|1758344891
|switch|p1a: Pelipper|Pelipper, F|100/100
|move|p2a: Kingdra|Weather Ball|p1a: Pelipper
|-resisted|p1a: Pelipper
|-damage|p1a: Pelipper|22/100
|
|-weather|RainDance|[upkeep]
|-damage|p2a: Kingdra|88/100 psn|[from] psn
|upkeep
|turn|17
|
|t:|1758344900
|move|p2a: Kingdra|Weather Ball|p1a: Pelipper
|-resisted|p1a: Pelipper
|-damage|p1a: Pelipper|0 fnt
|faint|p1a: Pelipper
|
|-weather|RainDance|[upkeep]
|-damage|p2a: Kingdra|76/100 psn|[from] psn
|upkeep
|
|t:|1758344906
|switch|p1a: Barraskewda|Barraskewda, F|100/100
|turn|18
|
|t:|1758344911
|move|p1a: Barraskewda|Poison Jab|p2a: Kingdra
|-damage|p2a: Kingdra|22/100 psn
|move|p2a: Kingdra|Weather Ball|p1a: Barraskewda
|-resisted|p1a: Barraskewda
|-damage|p1a: Barraskewda|0 fnt
|faint|p1a: Barraskewda
|
|-weather|none
|-damage|p2a: Kingdra|10/100 psn|[from] psn
|upkeep
|
|t:|1758344918
|switch|p1a: Tornadus|Tornadus-Therian, M|79/100
|turn|19
|
|t:|1758344924
|move|p1a: Tornadus|Grass Knot|p2a: Kingdra
|-damage|p2a: Kingdra|0 fnt
|faint|p2a: Kingdra
|
|upkeep
|
|t:|1758344931
|switch|p2a: Landorus|Landorus-Therian, M|42/100
|-ability|p2a: Landorus|Intimidate|boost
|-unboost|p1a: Tornadus|atk|1
|turn|20
|
|t:|1758344936
|move|p1a: Tornadus|Grass Knot|p2a: Landorus
|-damage|p2a: Landorus|9/100
|move|p2a: Landorus|Stone Edge|p1a: Tornadus
|-supereffective|p1a: Tornadus
|-crit|p1a: Tornadus
|-damage|p1a: Tornadus|0 fnt
|faint|p1a: Tornadus
|
|upkeep
|
|t:|1758344939
|switch|p1a: Zapdos|Zapdos|84/100
|turn|21
|
|t:|1758344948
|-terastallize|p1a: Zapdos|Water
|move|p2a: Landorus|Stone Edge|p1a: Zapdos
|-damage|p1a: Zapdos|47/100
|move|p1a: Zapdos|Hurricane|p2a: Landorus
|-damage|p2a: Landorus|0 fnt
|faint|p2a: Landorus
|
|win|snovv_flaked
|raw|snovv_flaked's rating: 1230 &rarr; <strong>1253</strong><br />(+23 for winning)
|raw|Kz1212's rating: 1196 &rarr; <strong>1173</strong><br />(-23 for losing)
|l|☆snovv_flaked
|player|p1|
|l|‽Kz1212
|player|p2|
