|j|☆pikapikachewie
|j|☆Snake_kid_95
|t:|1758301201
|gametype|singles
|player|p1|pikapikachewie|unknownf|1124
|player|p2|Snake_kid_95|lucas|1074
|gen|9
|tier|[Gen 9] OU
|rated|
|rule|HP Percentage Mod: HP is shown in percentages
|rule|Endless Battle Clause: Forcing endless battles is banned
|rule|Species Clause: Limit one of each Pokémon
|rule|OHKO Clause: OHKO moves are banned
|rule|Evasion Items Clause: Evasion items are banned
|rule|Evasion Moves Clause: Evasion moves are banned
|rule|Evasion Abilities Clause: Evasion abilities are banned
|rule|Sleep Moves Clause: Sleep-inducing moves are banned
|clearpoke
|poke|p1|Dragapult, F|
|poke|p1|Quaquaval, F|
|poke|p1|Hatterene, F|
|poke|p1|Iron Treads|
|poke|p1|Hydreigon, F|
|poke|p1|Thundurus, M|
|poke|p2|Lokix, F|
|poke|p2|Comfey, M|
|poke|p2|Overqwil, M|
|poke|p2|Sinistcha|
|poke|p2|Kleavor, F|
|poke|p2|Latios, M|
|teampreview
|c|☆Snake_kid_95|glhf
|inactive|Battle timer is ON: inactive players will automatically lose when time's up. (requested by Snake_kid_95)
|
|t:|1758301223
|teamsize|p1|6
|teamsize|p2|6
|start
|switch|p1a: Iron Treads|Iron Treads|100/100
|switch|p2a: Sinistcha|Sinistcha|100/100
|turn|1
|
|t:|1758301233
|-terastallize|p1a: Iron Treads|Flying
|move|p1a: Iron Treads|Stealth Rock|p2a: Sinistcha
|-sidestart|p2: Snake_kid_95|move: Stealth Rock
|move|p2a: Sinistcha|Nasty Plot|p2a: Sinistcha
|-boost|p2a: Sinistcha|spa|2
|
|upkeep
|turn|2
|
|t:|1758301248
|move|p1a: Iron Treads|Iron Head|p2a: Sinistcha
|-damage|p2a: Sinistcha|71/100
|move|p2a: Sinistcha|Shadow Ball|p1a: Iron Treads
|-damage|p1a: Iron Treads|3/100
|
|-heal|p1a: Iron Treads|9/100|[from] item: Leftovers
|upkeep
|turn|3
|
|t:|1758301258
|move|p1a: Iron Treads|Iron Head|p2a: Sinistcha
|-damage|p2a: Sinistcha|40/100
|cant|p2a: Sinistcha|flinch
|
|-heal|p1a: Iron Treads|15/100|[from] item: Leftovers
|upkeep
|turn|4
|
|t:|1758301265
|move|p1a: Iron Treads|Iron Head|p2a: Sinistcha
|-damage|p2a: Sinistcha|14/100
|cant|p2a: Sinistcha|flinch
|
|-heal|p1a: Iron Treads|22/100|[from] item: Leftovers
|upkeep
|turn|5
|
|t:|1758301272
|move|p1a: Iron Treads|Iron Head|p2a: Sinistcha
|-damage|p2a: Sinistcha|0 fnt
|faint|p2a: Sinistcha
|
|-heal|p1a: Iron Treads|28/100|[from] item: Leftovers
|upkeep
|
|t:|1758301276
|switch|p2a: Lokix|Lokix, F|100/100
|turn|6
|
|t:|1758301291
|-end|p1a: Iron Treads|Quark Drive|[silent]
|switch|p1a: Hatterene|Hatterene, F|100/100
|move|p2a: Lokix|First Impression|p1a: Hatterene
|-damage|p1a: Hatterene|61/100
|
|-heal|p1a: Hatterene|67/100|[from] item: Leftovers
|upkeep
|turn|7
|
|t:|1758301304
|move|p2a: Lokix|Knock Off|p1a: Hatterene
|-damage|p1a: Hatterene|22/100
|-enditem|p1a: Hatterene|Leftovers|[from] move: Knock Off|[of] p2a: Lokix
|move|p1a: Hatterene|Mystical Fire|p2a: Lokix
|-supereffective|p2a: Lokix
|-damage|p2a: Lokix|18/100
|-unboost|p2a: Lokix|spa|1
|
|upkeep
|turn|8
|
|t:|1758301321
|move|p2a: Lokix|U-turn|p1a: Hatterene
|-damage|p1a: Hatterene|0 fnt
|faint|p1a: Hatterene
|
|t:|1758301326
|switch|p2a: Overqwil|Overqwil, M|100/100|[from] U-turn
|-damage|p2a: Overqwil|88/100|[from] Stealth Rock
|
|-heal|p2a: Overqwil|94/100|[from] item: Black Sludge
|upkeep
|
|t:|1758301332
|switch|p1a: Iron Treads|Iron Treads, tera:Flying|28/100
|turn|9
|
|t:|1758301337
|move|p1a: Iron Treads|Earthquake|p2a: Overqwil
|-supereffective|p2a: Overqwil
|-damage|p2a: Overqwil|0 fnt
|faint|p2a: Overqwil
|
|-heal|p1a: Iron Treads|34/100|[from] item: Leftovers
|upkeep
|
|t:|1758301343
|switch|p2a: Latios|Latios, M|100/100
|-damage|p2a: Latios|88/100|[from] Stealth Rock
|turn|10
|
|t:|1758301350
|-end|p1a: Iron Treads|Quark Drive|[silent]
|switch|p1a: Hydreigon|Hydreigon, F|100/100
|move|p2a: Latios|Calm Mind|p2a: Latios
|-boost|p2a: Latios|spa|1
|-boost|p2a: Latios|spd|1
|
|upkeep
|turn|11
|
|t:|1758301361
|-terastallize|p2a: Latios|Dragon
|move|p1a: Hydreigon|Draco Meteor|p2a: Latios
|-supereffective|p2a: Latios
|-damage|p2a: Latios|0 fnt
|-unboost|p1a: Hydreigon|spa|2
|faint|p2a: Latios
|
|upkeep
|
|t:|1758301367
|switch|p2a: Kleavor|Kleavor, F|100/100
|-damage|p2a: Kleavor|76/100|[from] Stealth Rock
|turn|12
|
|t:|1758301375
|switch|p1a: Iron Treads|Iron Treads, tera:Flying|34/100
|move|p2a: Kleavor|X-Scissor|p1a: Iron Treads
|-resisted|p1a: Iron Treads
|-damage|p1a: Iron Treads|14/100
|
|-heal|p1a: Iron Treads|20/100|[from] item: Leftovers
|upkeep
|turn|13
|
|t:|1758301388
|move|p1a: Iron Treads|Iron Head|p2a: Kleavor
|-supereffective|p2a: Kleavor
|-damage|p2a: Kleavor|0 fnt
|-damage|p1a: Iron Treads|3/100|[from] item: Rocky Helmet|[of] p2a: Kleavor
|faint|p2a: Kleavor
|
|-heal|p1a: Iron Treads|10/100|[from] item: Leftovers
|upkeep
|-message|Snake_kid_95 forfeited.
|
|win|pikapikachewie
|raw|pikapikachewie's rating: 1124 &rarr; <strong>1145</strong><br />(+21 for winning)
|raw|Snake_kid_95's rating: 1074 &rarr; <strong>1056</strong><br />(-18 for losing)
|l|☆Snake_kid_95
|player|p2|
