|j|‽Sacred Quill
|j|☆yfwm
|t:|1758255251
|gametype|singles
|player|p1|Sacred Quill|clerk|1359
|player|p2|yfwm|169|1310
|gen|9
|tier|[Gen 9] OU
|rated|
|rule|HP Percentage Mod: HP is shown in percentages
|rule|Endless Battle Clause: Forcing endless battles is banned
|rule|Species Clause: Limit one of each Pokémon
|rule|OHKO Clause: OHKO moves are banned
|rule|Evasion Items Clause: Evasion items are banned
|rule|Evasion Moves Clause: Evasion moves are banned
|rule|Evasion Abilities Clause: Evasion abilities are banned
|rule|Sleep Moves Clause: Sleep-inducing moves are banned
|clearpoke
|poke|p1|Araquanid, F|
|poke|p1|Weavile, M|
|poke|p1|Gliscor, M|
|poke|p1|Pecharunt|
|poke|p1|Rotom-Wash|
|poke|p1|Donphan, M|
|poke|p2|Walking Wake|
|poke|p2|Ninetales, F|
|poke|p2|Landorus-Therian, M|
|poke|p2|Raging Bolt|
|poke|p2|Zamazenta-*|
|poke|p2|Cinderace, M|
|teampreview
|
|t:|1758255257
|teamsize|p1|6
|teamsize|p2|6
|start
|switch|p1a: Araquanid|Araquanid, F|100/100
|switch|p2a: Cinderace|Cinderace, M|100/100
|turn|1
|inactive|Battle timer is ON: inactive players will automatically lose when time's up. (requested by yfwm)
|
|t:|1758255266
|move|p2a: Cinderace|U-turn|p1a: Araquanid
|-damage|p1a: Araquanid|79/100
|
|t:|1758255269
|switch|p2a: Walking Wake|Walking Wake|100/100|[from] U-turn
|move|p1a: Araquanid|Surf|p2a: Walking Wake
|-resisted|p2a: Walking Wake
|-damage|p2a: Walking Wake|86/100
|
|upkeep
|turn|2
|
|t:|1758255277
|switch|p1a: Rotom|Rotom-Wash, shiny|100/100
|move|p2a: Walking Wake|Draco Meteor|p1a: Rotom
|-damage|p1a: Rotom|0 fnt
|-unboost|p2a: Walking Wake|spa|2
|faint|p1a: Rotom
|
|upkeep
|
|t:|1758255287
|switch|p1a: Gliscor|Gliscor, M|100/100
|turn|3
|
|t:|1758255293
|-end|p2a: Walking Wake|Protosynthesis|[silent]
|switch|p2a: Landorus|Landorus-Therian, M|100/100
|-ability|p2a: Landorus|Intimidate|boost
|-unboost|p1a: Gliscor|atk|1
|move|p1a: Gliscor|Toxic|p2a: Landorus
|-status|p2a: Landorus|tox
|
|-damage|p2a: Landorus|94/100 tox|[from] psn
|-status|p1a: Gliscor|tox|[from] item: Toxic Orb
|upkeep
|turn|4
|
|t:|1758255300
|move|p2a: Landorus|Stealth Rock|p1a: Gliscor
|-sidestart|p1: Sacred Quill|move: Stealth Rock
|move|p1a: Gliscor|Knock Off|p2a: Landorus
|-damage|p2a: Landorus|82/100 tox
|-enditem|p2a: Landorus|Sitrus Berry|[from] move: Knock Off|[of] p1a: Gliscor
|
|-damage|p2a: Landorus|70/100 tox|[from] psn
|upkeep
|turn|5
|
|t:|1758255309
|move|p1a: Gliscor|Protect|p1a: Gliscor
|-singleturn|p1a: Gliscor|Protect
|move|p2a: Landorus|U-turn|p1a: Gliscor
|-activate|p1a: Gliscor|move: Protect
|
|-damage|p2a: Landorus|52/100 tox|[from] psn
|upkeep
|turn|6
|
|t:|1758255324
|move|p2a: Landorus|U-turn|p1a: Gliscor
|-resisted|p1a: Gliscor
|-damage|p1a: Gliscor|92/100 tox
|
|t:|1758255326
|switch|p2a: Walking Wake|Walking Wake|86/100|[from] U-turn
|move|p1a: Gliscor|Knock Off|p2a: Walking Wake
|-damage|p2a: Walking Wake|71/100
|-enditem|p2a: Walking Wake|Choice Specs|[from] move: Knock Off|[of] p1a: Gliscor
|
|-heal|p1a: Gliscor|100/100 tox|[from] ability: Poison Heal
|upkeep
|turn|7
|
|t:|1758255335
|-terastallize|p2a: Walking Wake|Water
|move|p1a: Gliscor|Protect|p1a: Gliscor
|-singleturn|p1a: Gliscor|Protect
|move|p2a: Walking Wake|Scald|p1a: Gliscor
|-activate|p1a: Gliscor|move: Protect
|
|upkeep
|turn|8
|
|t:|1758255346
|switch|p1a: Araquanid|Araquanid, F|79/100
|-damage|p1a: Araquanid|54/100|[from] Stealth Rock
|move|p2a: Walking Wake|Scald|p1a: Araquanid
|-resisted|p1a: Araquanid
|-damage|p1a: Araquanid|34/100
|
|upkeep
|turn|9
|
|t:|1758255354
|move|p2a: Walking Wake|Draco Meteor|p1a: Araquanid|[miss]
|-miss|p2a: Walking Wake|p1a: Araquanid
|move|p1a: Araquanid|Sticky Web|p2a: Walking Wake
|-sidestart|p2: yfwm|move: Sticky Web
|
|upkeep
|turn|10
|
|t:|1758255364
|move|p2a: Walking Wake|Draco Meteor|p1a: Araquanid
|-damage|p1a: Araquanid|0 fnt
|-unboost|p2a: Walking Wake|spa|2
|faint|p1a: Araquanid
|
|upkeep
|
|t:|1758255370
|switch|p1a: Donphan|Donphan, M, shiny|100/100
|-damage|p1a: Donphan|94/100|[from] Stealth Rock
|turn|11
|
|t:|1758255376
|-end|p2a: Walking Wake|Protosynthesis|[silent]
|switch|p2a: Zamazenta|Zamazenta|100/100
|-activate|p2a: Zamazenta|move: Sticky Web
|-unboost|p2a: Zamazenta|spe|1
|-ability|p2a: Zamazenta|Dauntless Shield|boost
|-boost|p2a: Zamazenta|def|1
|move|p1a: Donphan|Rapid Spin|p2a: Zamazenta
|-damage|p2a: Zamazenta|94/100
|-boost|p1a: Donphan|spe|1
|-sideend|p1: Sacred Quill|Stealth Rock|[from] move: Rapid Spin|[of] p1a: Donphan
|
|-heal|p1a: Donphan|100/100|[from] item: Leftovers
|upkeep
|turn|12
|
|t:|1758255388
|switch|p1a: Gliscor|Gliscor, M|100/100 tox
|move|p2a: Zamazenta|Iron Defense|p2a: Zamazenta
|-boost|p2a: Zamazenta|def|2
|
|upkeep
|turn|13
|
|t:|1758255392
|move|p2a: Zamazenta|Substitute|p2a: Zamazenta
|-start|p2a: Zamazenta|Substitute
|-damage|p2a: Zamazenta|69/100
|move|p1a: Gliscor|Toxic|p2a: Zamazenta|[miss]
|-miss|p1a: Gliscor|p2a: Zamazenta
|
|upkeep
|turn|14
|
|t:|1758255400
|switch|p1a: Pecharunt|Pecharunt|100/100
|move|p2a: Zamazenta|Iron Defense|p2a: Zamazenta
|-boost|p2a: Zamazenta|def|2
|
|upkeep
|turn|15
|
|t:|1758255407
|move|p1a: Pecharunt|Nasty Plot|p1a: Pecharunt
|-boost|p1a: Pecharunt|spa|2
|move|p2a: Zamazenta|Stone Edge|p1a: Pecharunt
|-crit|p1a: Pecharunt
|-damage|p1a: Pecharunt|70/100
|
|upkeep
|turn|16
|
|t:|1758255412
|move|p1a: Pecharunt|Malignant Chain|p2a: Zamazenta
|-end|p2a: Zamazenta|Substitute
|move|p2a: Zamazenta|Stone Edge|p1a: Pecharunt
|-damage|p1a: Pecharunt|50/100
|
|upkeep
|turn|17
|
|t:|1758255415
|move|p1a: Pecharunt|Recover|p1a: Pecharunt
|-heal|p1a: Pecharunt|99/100
|move|p2a: Zamazenta|Stone Edge|p1a: Pecharunt
|-damage|p1a: Pecharunt|80/100
|
|upkeep
|turn|18
|
|t:|1758255422
|move|p1a: Pecharunt|Nasty Plot|p1a: Pecharunt
|-boost|p1a: Pecharunt|spa|2
|move|p2a: Zamazenta|Stone Edge|p1a: Pecharunt
|-damage|p1a: Pecharunt|60/100
|
|upkeep
|turn|19
|
|t:|1758255425
|move|p1a: Pecharunt|Recover|p1a: Pecharunt
|-heal|p1a: Pecharunt|100/100
|move|p2a: Zamazenta|Stone Edge|p1a: Pecharunt
|-crit|p1a: Pecharunt
|-damage|p1a: Pecharunt|72/100
|
|upkeep
|turn|20
|
|t:|1758255433
|move|p1a: Pecharunt|Nasty Plot|p1a: Pecharunt
|-boost|p1a: Pecharunt|spa|2
|move|p2a: Zamazenta|Stone Edge|p1a: Pecharunt|[miss]
|-miss|p2a: Zamazenta|p1a: Pecharunt
|
|upkeep
|turn|21
|
|t:|1758255435
|move|p1a: Pecharunt|Recover|p1a: Pecharunt
|-heal|p1a: Pecharunt|100/100
|move|p2a: Zamazenta|Stone Edge|p1a: Pecharunt
|-damage|p1a: Pecharunt|82/100
|
|upkeep
|turn|22
|
|t:|1758255440
|move|p1a: Pecharunt|Hex|p2a: Zamazenta
|-damage|p2a: Zamazenta|0 fnt
|faint|p2a: Zamazenta
|
|upkeep
|
|t:|1758255442
|switch|p2a: Cinderace|Cinderace, M|100/100
|turn|23
|
|t:|1758255445
|move|p2a: Cinderace|Court Change|p2a: Cinderace
|-swapsideconditions
|-activate|p2a: Cinderace|move: Court Change
|move|p1a: Pecharunt|Malignant Chain|p2a: Cinderace
|-damage|p2a: Cinderace|0 fnt
|faint|p2a: Cinderace
|
|upkeep
|
|t:|1758255451
|switch|p2a: Ninetales|Ninetales, F|100/100
|-weather|SunnyDay|[from] ability: Drought|[of] p2a: Ninetales
|turn|24
|
|t:|1758255455
|move|p2a: Ninetales|Overheat|p1a: Pecharunt
|-damage|p1a: Pecharunt|0 fnt
|-unboost|p2a: Ninetales|spa|2
|faint|p1a: Pecharunt
|-enditem|p2a: Ninetales|Eject Pack
|
|t:|1758255459
|switch|p2a: Walking Wake|Walking Wake, tera:Water|71/100
|-activate|p2a: Walking Wake|ability: Protosynthesis
|-start|p2a: Walking Wake|protosynthesisspe
|
|-weather|SunnyDay|[upkeep]
|upkeep
|
|t:|1758255473
|switch|p1a: Gliscor|Gliscor, M|100/100 tox
|turn|25
|
|t:|1758255476
|-terastallize|p1a: Gliscor|Water
|move|p2a: Walking Wake|Hydro Steam|p1a: Gliscor
|-resisted|p1a: Gliscor
|-crit|p1a: Gliscor
|-damage|p1a: Gliscor|51/100 tox
|move|p1a: Gliscor|Toxic|p2a: Walking Wake
|-status|p2a: Walking Wake|tox
|
|-weather|SunnyDay|[upkeep]
|-damage|p2a: Walking Wake|65/100 tox|[from] psn
|-heal|p1a: Gliscor|63/100 tox|[from] ability: Poison Heal
|upkeep
|turn|26
|
|t:|1758255485
|move|p2a: Walking Wake|Draco Meteor|p1a: Gliscor
|-damage|p1a: Gliscor|9/100 tox
|-unboost|p2a: Walking Wake|spa|2
|move|p1a: Gliscor|Earthquake|p2a: Walking Wake
|-damage|p2a: Walking Wake|27/100 tox
|
|-weather|SunnyDay|[upkeep]
|-damage|p2a: Walking Wake|15/100 tox|[from] psn
|-heal|p1a: Gliscor|21/100 tox|[from] ability: Poison Heal
|upkeep
|turn|27
|
|t:|1758255490
|move|p1a: Gliscor|Protect|p1a: Gliscor
|-singleturn|p1a: Gliscor|Protect
|move|p2a: Walking Wake|Draco Meteor|p1a: Gliscor
|-activate|p1a: Gliscor|move: Protect
|
|-weather|SunnyDay|[upkeep]
|-damage|p2a: Walking Wake|0 fnt|[from] psn
|faint|p2a: Walking Wake
|-end|p2a: Walking Wake|Protosynthesis|[silent]
|-heal|p1a: Gliscor|34/100 tox|[from] ability: Poison Heal
|upkeep
|
|t:|1758255498
|switch|p2a: Landorus|Landorus-Therian, M|52/100 tox
|-ability|p2a: Landorus|Intimidate|boost
|-unboost|p1a: Gliscor|atk|1
|turn|28
|
|t:|1758255504
|switch|p1a: Donphan|Donphan, M, shiny|100/100
|-activate|p1a: Donphan|move: Sticky Web
|-unboost|p1a: Donphan|spe|1
|move|p2a: Landorus|Earthquake|p1a: Donphan
|-damage|p1a: Donphan|73/100
|
|-weather|none
|-heal|p1a: Donphan|79/100|[from] item: Leftovers
|-damage|p2a: Landorus|46/100 tox|[from] psn
|upkeep
|turn|29
|
|t:|1758255510
|move|p2a: Landorus|Earthquake|p1a: Donphan
|-damage|p1a: Donphan|50/100
|move|p1a: Donphan|Rapid Spin|p2a: Landorus
|-damage|p2a: Landorus|33/100 tox
|-boost|p1a: Donphan|spe|1
|-sideend|p1: Sacred Quill|Sticky Web|[from] move: Rapid Spin|[of] p1a: Donphan
|
|-heal|p1a: Donphan|56/100|[from] item: Leftovers
|-damage|p2a: Landorus|21/100 tox|[from] psn
|upkeep
|turn|30
|
|t:|1758255513
|move|p2a: Landorus|Earthquake|p1a: Donphan
|-damage|p1a: Donphan|27/100
|move|p1a: Donphan|Stealth Rock|p2a: Landorus
|-sidestart|p2: yfwm|move: Stealth Rock
|
|-heal|p1a: Donphan|33/100|[from] item: Leftovers
|-damage|p2a: Landorus|3/100 tox|[from] psn
|upkeep
|turn|31
|
|t:|1758255522
|switch|p1a: Gliscor|Gliscor, M, tera:Water|34/100 tox
|move|p2a: Landorus|Earthquake|p1a: Gliscor
|-damage|p1a: Gliscor|0 fnt
|faint|p1a: Gliscor
|
|-damage|p2a: Landorus|0 fnt|[from] psn
|faint|p2a: Landorus
|upkeep
|
|t:|1758255532
|switch|p2a: Ninetales|Ninetales, F|100/100
|switch|p1a: Donphan|Donphan, M, shiny|33/100
|-damage|p2a: Ninetales|75/100|[from] Stealth Rock
|-weather|SunnyDay|[from] ability: Drought|[of] p2a: Ninetales
|turn|32
|
|t:|1758255540
|move|p2a: Ninetales|Overheat|p1a: Donphan
|-damage|p1a: Donphan|0 fnt
|-unboost|p2a: Ninetales|spa|2
|faint|p1a: Donphan
|
|-weather|SunnyDay|[upkeep]
|upkeep
|
|t:|1758255543
|switch|p1a: Weavile|Weavile, M|100/100
|-ability|p1a: Weavile|Pressure
|turn|33
|
|t:|1758255550
|move|p1a: Weavile|Knock Off|p2a: Ninetales
|-damage|p2a: Ninetales|30/100
|move|p2a: Ninetales|Overheat|p1a: Weavile
|-supereffective|p1a: Weavile
|-damage|p1a: Weavile|0 fnt
|-unboost|p2a: Ninetales|spa|2
|faint|p1a: Weavile
|
|win|yfwm
|raw|Sacred Quill's rating: 1359 &rarr; <strong>1336</strong><br />(-23 for losing)
|raw|yfwm's rating: 1310 &rarr; <strong>1333</strong><br />(+23 for winning)
|l|‽Sacred Quill
|player|p1|
|l|☆yfwm
|player|p2|
