|j|☆Slave of Freedom
|j|‽six10lol
|t:|1758287914
|gametype|singles
|player|p1|Slave of Freedom|burnet|1386
|player|p2|six10lol|pokekid|1418
|gen|9
|tier|[Gen 9] OU
|rated|
|rule|HP Percentage Mod: HP is shown in percentages
|rule|Endless Battle Clause: Forcing endless battles is banned
|rule|Species Clause: Limit one of each Pokémon
|rule|OHKO Clause: OHKO moves are banned
|rule|Evasion Items Clause: Evasion items are banned
|rule|Evasion Moves Clause: Evasion moves are banned
|rule|Evasion Abilities Clause: Evasion abilities are banned
|rule|Sleep Moves Clause: Sleep-inducing moves are banned
|clearpoke
|poke|p1|Ribombee, M|
|poke|p1|Great Tusk|
|poke|p1|Gholdengo|
|poke|p1|Manaphy|
|poke|p1|Kingambit, F|
|poke|p1|Iron Valiant|
|poke|p2|Ursaluna, M|
|poke|p2|Cresselia, F|
|poke|p2|Kingambit, F|
|poke|p2|Volcanion|
|poke|p2|Hatterene, F|
|poke|p2|Porygon2|
|teampreview
|inactive|Battle timer is ON: inactive players will automatically lose when time's up. (requested by six10lol)
|inactive|six10lol has 120 seconds left.
|inactive|six10lol has 90 seconds left.
|
|t:|1758287986
|teamsize|p1|6
|teamsize|p2|6
|start
|switch|p1a: Ribombee|Ribombee, M, shiny|100/100
|switch|p2a: Volcanion|Volcanion|100/100
|turn|1
|
|t:|1758288006
|switch|p2a: Ursaluna|Ursaluna, M|100/100
|move|p1a: Ribombee|Sticky Web|p2a: Ursaluna
|-sidestart|p2: six10lol|move: Sticky Web
|
|-status|p2a: Ursaluna|brn|[from] item: Flame Orb
|upkeep
|turn|2
|
|t:|1758288013
|move|p1a: Ribombee|Moonblast|p2a: Ursaluna
|-damage|p2a: Ursaluna|69/100 brn
|-unboost|p2a: Ursaluna|spa|1
|move|p2a: Ursaluna|Facade|p1a: Ribombee
|-enditem|p1a: Ribombee|Focus Sash
|-damage|p1a: Ribombee|1/100
|
|-damage|p2a: Ursaluna|63/100 brn|[from] brn
|upkeep
|turn|3
|inactive|Slave of Freedom has 120 seconds left.
|
|t:|1758288064
|move|p1a: Ribombee|Moonblast|p2a: Ursaluna
|-damage|p2a: Ursaluna|36/100 brn
|-unboost|p2a: Ursaluna|spa|1
|move|p2a: Ursaluna|Fire Punch|p1a: Ribombee
|-supereffective|p1a: Ribombee
|-damage|p1a: Ribombee|0 fnt
|faint|p1a: Ribombee
|
|-damage|p2a: Ursaluna|30/100 brn|[from] brn
|upkeep
|
|t:|1758288069
|switch|p1a: Iron Valiant|Iron Valiant|100/100
|-enditem|p1a: Iron Valiant|Booster Energy
|-activate|p1a: Iron Valiant|ability: Quark Drive|[fromitem]
|-start|p1a: Iron Valiant|quarkdrivespe
|turn|4
|
|t:|1758288087
|switch|p2a: Cresselia|Cresselia, F, shiny|100/100
|move|p1a: Iron Valiant|Moonblast|p2a: Cresselia
|-damage|p2a: Cresselia|75/100
|
|upkeep
|turn|5
|
|t:|1758288094
|move|p1a: Iron Valiant|Knock Off|p2a: Cresselia
|-supereffective|p2a: Cresselia
|-damage|p2a: Cresselia|43/100
|-enditem|p2a: Cresselia|Mental Herb|[from] move: Knock Off|[of] p1a: Iron Valiant
|move|p2a: Cresselia|Trick Room|p2a: Cresselia
|-fieldstart|move: Trick Room|[of] p2a: Cresselia
|
|upkeep
|turn|6
|
|t:|1758288100
|-end|p1a: Iron Valiant|Quark Drive|[silent]
|switch|p1a: Kingambit|Kingambit, F|100/100
|-activate|p1a: Kingambit|ability: Supreme Overlord
|-start|p1a: Kingambit|fallen1|[silent]
|-item|p1a: Kingambit|Air Balloon
|move|p2a: Cresselia|Psychic|p1a: Kingambit
|-immune|p1a: Kingambit
|
|upkeep
|turn|7
|
|t:|1758288107
|move|p2a: Cresselia|Lunar Dance|p2a: Cresselia
|faint|p2a: Cresselia
|move|p1a: Kingambit|Swords Dance|p1a: Kingambit
|-boost|p1a: Kingambit|atk|2
|
|upkeep
|
|t:|1758288120
|switch|p2a: Volcanion|Volcanion|100/100
|-activate|p2a: Volcanion|move: Sticky Web
|-unboost|p2a: Volcanion|spe|1
|turn|8
|
|t:|1758288129
|-terastallize|p1a: Kingambit|Flying
|move|p1a: Kingambit|Sucker Punch|p2a: Volcanion
|-damage|p2a: Volcanion|39/100
|move|p2a: Volcanion|Steam Eruption|p1a: Kingambit
|-damage|p1a: Kingambit|0 fnt
|-enditem|p1a: Kingambit|Air Balloon
|faint|p1a: Kingambit
|-end|p1a: Kingambit|fallen1|[silent]
|
|upkeep
|inactive|Slave of Freedom has 120 seconds left.
|
|t:|1758288162
|switch|p1a: Gholdengo|Gholdengo, shiny|100/100
|-item|p1a: Gholdengo|Air Balloon
|turn|9
|
|t:|1758288169
|move|p2a: Volcanion|Steam Eruption|p1a: Gholdengo
|-damage|p1a: Gholdengo|0 fnt
|-enditem|p1a: Gholdengo|Air Balloon
|faint|p1a: Gholdengo
|
|-fieldend|move: Trick Room
|upkeep
|
|t:|1758288173
|switch|p1a: Manaphy|Manaphy, shiny|100/100
|turn|10
|
|t:|1758288180
|move|p1a: Manaphy|Tail Glow|p1a: Manaphy
|-boost|p1a: Manaphy|spa|3
|move|p2a: Volcanion|Steam Eruption|p1a: Manaphy
|-resisted|p1a: Manaphy
|-damage|p1a: Manaphy|52/100
|
|-heal|p1a: Manaphy|59/100|[from] item: Leftovers
|upkeep
|turn|11
|
|t:|1758288187
|move|p1a: Manaphy|Alluring Voice|p2a: Volcanion
|-resisted|p2a: Volcanion
|-damage|p2a: Volcanion|11/100
|move|p2a: Volcanion|Steam Eruption|p1a: Manaphy
|-resisted|p1a: Manaphy
|-damage|p1a: Manaphy|13/100
|
|-heal|p1a: Manaphy|19/100|[from] item: Leftovers
|upkeep
|turn|12
|
|t:|1758288195
|move|p1a: Manaphy|Alluring Voice|p2a: Volcanion
|-resisted|p2a: Volcanion
|-damage|p2a: Volcanion|0 fnt
|faint|p2a: Volcanion
|
|-heal|p1a: Manaphy|25/100|[from] item: Leftovers
|upkeep
|
|t:|1758288204
|switch|p2a: Ursaluna|Ursaluna, M|30/100 brn
|-heal|p2a: Ursaluna|100/100|[from] move: Lunar Dance
|-activate|p2a: Ursaluna|move: Sticky Web
|-unboost|p2a: Ursaluna|spe|1
|turn|13
|
|t:|1758288209
|move|p1a: Manaphy|Surf|p2a: Ursaluna
|-supereffective|p2a: Ursaluna
|-damage|p2a: Ursaluna|0 fnt
|faint|p2a: Ursaluna
|
|-heal|p1a: Manaphy|31/100|[from] item: Leftovers
|upkeep
|c|☆Slave of Freedom|67?
|
|t:|1758288219
|switch|p2a: Hatterene|Hatterene, F|100/100
|-activate|p2a: Hatterene|move: Sticky Web
|-unboost|p2a: Hatterene|spe|1
|turn|14
|c|☆Slave of Freedom|not 610
|
|t:|1758288224
|move|p1a: Manaphy|Surf|p2a: Hatterene
|-enditem|p2a: Hatterene|Focus Sash
|-damage|p2a: Hatterene|1/100
|move|p2a: Hatterene|Trick Room|p2a: Hatterene
|-fieldstart|move: Trick Room|[of] p2a: Hatterene
|
|-heal|p1a: Manaphy|37/100|[from] item: Leftovers
|upkeep
|turn|15
|
|t:|1758288230
|move|p2a: Hatterene|Healing Wish|p2a: Hatterene
|faint|p2a: Hatterene
|move|p1a: Manaphy|Surf|p2: Hatterene|[notarget]
|-fail|p1a: Manaphy
|
|-heal|p1a: Manaphy|44/100|[from] item: Leftovers
|upkeep
|
|t:|1758288235
|switch|p2a: Kingambit|Kingambit, F|100/100
|-activate|p2a: Kingambit|move: Sticky Web
|-unboost|p2a: Kingambit|spe|1
|-activate|p2a: Kingambit|ability: Supreme Overlord
|-start|p2a: Kingambit|fallen4|[silent]
|turn|16
|
|t:|1758288245
|switch|p1a: Iron Valiant|Iron Valiant|100/100
|move|p2a: Kingambit|Kowtow Cleave|p1a: Iron Valiant
|-resisted|p1a: Iron Valiant
|-crit|p1a: Iron Valiant
|-damage|p1a: Iron Valiant|58/100
|
|upkeep
|turn|17
|
|t:|1758288265
|-terastallize|p2a: Kingambit|Fairy
|move|p2a: Kingambit|Swords Dance|p2a: Kingambit
|-boost|p2a: Kingambit|atk|2
|move|p1a: Iron Valiant|Close Combat|p2a: Kingambit
|-resisted|p2a: Kingambit
|-damage|p2a: Kingambit|82/100
|-unboost|p1a: Iron Valiant|def|1
|-unboost|p1a: Iron Valiant|spd|1
|
|upkeep
|turn|18
|
|t:|1758288274
|move|p2a: Kingambit|Tera Blast|p1a: Iron Valiant|[anim] Tera Blast Fairy
|-supereffective|p1a: Iron Valiant
|-damage|p1a: Iron Valiant|0 fnt
|faint|p1a: Iron Valiant
|-end|p1a: Iron Valiant|Quark Drive|[silent]
|
|-fieldend|move: Trick Room
|upkeep
|
|t:|1758288279
|switch|p1a: Great Tusk|Great Tusk|100/100
|-enditem|p1a: Great Tusk|Booster Energy
|-activate|p1a: Great Tusk|ability: Protosynthesis|[fromitem]
|-start|p1a: Great Tusk|protosynthesisatk
|turn|19
|
|t:|1758288285
|move|p1a: Great Tusk|Headlong Rush|p2a: Kingambit
|-crit|p2a: Kingambit
|-damage|p2a: Kingambit|0 fnt
|-unboost|p1a: Great Tusk|def|1
|-unboost|p1a: Great Tusk|spd|1
|faint|p2a: Kingambit
|-end|p2a: Kingambit|fallen4|[silent]
|
|upkeep
|
|t:|1758288291
|switch|p2a: Porygon2|Porygon2|100/100
|-activate|p2a: Porygon2|move: Sticky Web
|-unboost|p2a: Porygon2|spe|1
|-ability|p2a: Porygon2|Download|boost
|-boost|p2a: Porygon2|spa|1
|turn|20
|
|t:|1758288296
|move|p1a: Great Tusk|Close Combat|p2a: Porygon2
|-supereffective|p2a: Porygon2
|-damage|p2a: Porygon2|0 fnt
|-unboost|p1a: Great Tusk|def|1
|-unboost|p1a: Great Tusk|spd|1
|faint|p2a: Porygon2
|
|win|Slave of Freedom
|raw|Slave of Freedom's rating: 1386 &rarr; <strong>1408</strong><br />(+22 for winning)
|raw|six10lol's rating: 1418 &rarr; <strong>1396</strong><br />(-22 for losing)
|l|‽six10lol
|player|p2|
|l|☆Slave of Freedom
|player|p1|
