|j|☆azeyar
|j|☆D0VID
|t:|1758231683
|gametype|singles
|player|p1|azeyar|maid|1411
|player|p2|D0VID|1|1397
|gen|9
|tier|[Gen 9] OU
|rated|
|rule|HP Percentage Mod: HP is shown in percentages
|rule|Endless Battle Clause: Forcing endless battles is banned
|rule|Species Clause: Limit one of each Pokémon
|rule|OHKO Clause: OHKO moves are banned
|rule|Evasion Items Clause: Evasion items are banned
|rule|Evasion Moves Clause: Evasion moves are banned
|rule|Evasion Abilities Clause: Evasion abilities are banned
|rule|Sleep Moves Clause: Sleep-inducing moves are banned
|clearpoke
|poke|p1|Dragapult, M|
|poke|p1|Dragonite, F|
|poke|p1|Ting-Lu|
|poke|p1|Weezing-Galar, F|
|poke|p1|Iron Crown|
|poke|p1|Zapdos|
|poke|p2|Great Tusk|
|poke|p2|Raging Bolt|
|poke|p2|Zapdos|
|poke|p2|Arcanine-Hisui, F|
|poke|p2|Weezing-Galar, M|
|poke|p2|Gholdengo|
|teampreview
|
|t:|1758231717
|teamsize|p1|6
|teamsize|p2|6
|start
|switch|p1a: Dragonite|Dragonite, F|100/100
|switch|p2a: Arcanine|Arcanine-Hisui, F|100/100
|turn|1
|
|t:|1758231721
|move|p2a: Arcanine|Head Smash|p1a: Dragonite|[miss]
|-miss|p2a: Arcanine|p1a: Dragonite
|move|p1a: Dragonite|Earthquake|p2a: Arcanine
|-supereffective|p2a: Arcanine
|-damage|p2a: Arcanine|0 fnt
|faint|p2a: Arcanine
|
|upkeep
|
|t:|1758231728
|switch|p2a: Raging Bolt|Raging Bolt|100/100
|turn|2
|
|t:|1758231734
|switch|p1a: Ting-Lu|Ting-Lu|100/100
|-ability|p1a: Ting-Lu|Vessel of Ruin
|move|p2a: Raging Bolt|Draco Meteor|p1a: Ting-Lu
|-damage|p1a: Ting-Lu|56/100
|-unboost|p2a: Raging Bolt|spa|2
|
|-heal|p1a: Ting-Lu|62/100|[from] item: Leftovers
|upkeep
|turn|3
|
|t:|1758231744
|-end|p2a: Raging Bolt|Protosynthesis|[silent]
|switch|p2a: Great Tusk|Great Tusk|100/100
|-enditem|p2a: Great Tusk|Booster Energy
|-activate|p2a: Great Tusk|ability: Protosynthesis|[fromitem]
|-start|p2a: Great Tusk|protosynthesisatk
|move|p1a: Ting-Lu|Stealth Rock|p2a: Great Tusk
|-sidestart|p2: D0VID|move: Stealth Rock
|
|-heal|p1a: Ting-Lu|68/100|[from] item: Leftovers
|upkeep
|turn|4
|
|t:|1758231748
|switch|p1a: Dragapult|Dragapult, M|100/100
|move|p2a: Great Tusk|Rapid Spin|p1a: Dragapult
|-immune|p1a: Dragapult
|
|upkeep
|turn|5
|
|t:|1758231753
|move|p1a: Dragapult|Will-O-Wisp|p2a: Great Tusk
|-status|p2a: Great Tusk|brn
|move|p2a: Great Tusk|Knock Off|p1a: Dragapult
|-supereffective|p1a: Dragapult
|-damage|p1a: Dragapult|37/100
|-enditem|p1a: Dragapult|Heavy-Duty Boots|[from] move: Knock Off|[of] p2a: Great Tusk
|
|-damage|p2a: Great Tusk|94/100 brn|[from] brn
|upkeep
|turn|6
|
|t:|1758231757
|move|p1a: Dragapult|Hex|p2a: Great Tusk
|-damage|p2a: Great Tusk|18/100 brn
|move|p2a: Great Tusk|Knock Off|p1a: Dragapult
|-supereffective|p1a: Dragapult
|-damage|p1a: Dragapult|0 fnt
|faint|p1a: Dragapult
|
|-damage|p2a: Great Tusk|12/100 brn|[from] brn
|upkeep
|
|t:|1758231766
|switch|p1a: Zapdos|Zapdos|100/100
|turn|7
|
|t:|1758231768
|move|p1a: Zapdos|Heat Wave|p2a: Great Tusk
|-damage|p2a: Great Tusk|0 fnt
|faint|p2a: Great Tusk
|-end|p2a: Great Tusk|Protosynthesis|[silent]
|
|upkeep
|
|t:|1758231781
|switch|p2a: Weezing|Weezing-Galar, M|100/100
|-ability|p2a: Weezing|Neutralizing Gas
|turn|8
|
|t:|1758231788
|switch|p1a: Iron Crown|Iron Crown|100/100
|move|p2a: Weezing|Sludge Bomb|p1a: Iron Crown
|-immune|p1a: Iron Crown
|
|upkeep
|turn|9
|
|t:|1758231793
|-end|p2a: Weezing|ability: Neutralizing Gas
|switch|p2a: Raging Bolt|Raging Bolt|100/100
|-damage|p2a: Raging Bolt|88/100|[from] Stealth Rock
|move|p1a: Iron Crown|Tachyon Cutter|p2a: Raging Bolt
|-resisted|p2a: Raging Bolt
|-damage|p2a: Raging Bolt|72/100
|-resisted|p2a: Raging Bolt
|-damage|p2a: Raging Bolt|54/100
|-hitcount|p2a: Raging Bolt|2
|
|upkeep
|turn|10
|
|t:|1758231801
|-end|p1a: Iron Crown|Quark Drive|[silent]
|switch|p1a: Ting-Lu|Ting-Lu|68/100
|-ability|p1a: Ting-Lu|Vessel of Ruin
|move|p2a: Raging Bolt|Draco Meteor|p1a: Ting-Lu|[miss]
|-miss|p2a: Raging Bolt|p1a: Ting-Lu
|
|-heal|p1a: Ting-Lu|75/100|[from] item: Leftovers
|upkeep
|turn|11
|
|t:|1758231807
|move|p2a: Raging Bolt|Draco Meteor|p1a: Ting-Lu
|-damage|p1a: Ting-Lu|22/100
|-unboost|p2a: Raging Bolt|spa|2
|move|p1a: Ting-Lu|Earthquake|p2a: Raging Bolt
|-supereffective|p2a: Raging Bolt
|-damage|p2a: Raging Bolt|0 fnt
|faint|p2a: Raging Bolt
|-end|p2a: Raging Bolt|Protosynthesis|[silent]
|
|-heal|p1a: Ting-Lu|29/100|[from] item: Leftovers
|upkeep
|
|t:|1758231814
|switch|p2a: Gholdengo|Gholdengo|100/100
|-damage|p2a: Gholdengo|94/100|[from] Stealth Rock
|turn|12
|
|t:|1758231818
|move|p2a: Gholdengo|Focus Blast|p1a: Ting-Lu|[miss]
|-miss|p2a: Gholdengo|p1a: Ting-Lu
|move|p1a: Ting-Lu|Earthquake|p2a: Gholdengo
|-supereffective|p2a: Gholdengo
|-damage|p2a: Gholdengo|24/100
|
|-heal|p1a: Ting-Lu|35/100|[from] item: Leftovers
|upkeep
|turn|13
|
|t:|1758231823
|switch|p1a: Dragonite|Dragonite, F|100/100
|move|p2a: Gholdengo|Focus Blast|p1a: Dragonite
|-resisted|p1a: Dragonite
|-damage|p1a: Dragonite|92/100
|-unboost|p1a: Dragonite|spd|1
|
|upkeep
|turn|14
|
|t:|1758231829
|switch|p2a: Zapdos|Zapdos|100/100
|move|p1a: Dragonite|Earthquake|p2a: Zapdos
|-immune|p2a: Zapdos
|
|upkeep
|turn|15
|
|t:|1758231834
|switch|p1a: Ting-Lu|Ting-Lu|35/100
|-ability|p1a: Ting-Lu|Vessel of Ruin
|move|p2a: Zapdos|Hurricane|p1a: Ting-Lu
|-damage|p1a: Ting-Lu|10/100
|
|-heal|p1a: Ting-Lu|16/100|[from] item: Leftovers
|upkeep
|turn|16
|
|t:|1758231837
|move|p2a: Zapdos|Hurricane|p1a: Ting-Lu
|-damage|p1a: Ting-Lu|0 fnt
|faint|p1a: Ting-Lu
|
|upkeep
|
|t:|1758231841
|switch|p1a: Iron Crown|Iron Crown|100/100
|turn|17
|
|t:|1758231862
|-terastallize|p2a: Zapdos|Fire
|-terastallize|p1a: Iron Crown|Steel
|move|p2a: Zapdos|Heat Wave|p1a: Iron Crown
|-supereffective|p1a: Iron Crown
|-damage|p1a: Iron Crown|0 fnt
|faint|p1a: Iron Crown
|-end|p1a: Iron Crown|Quark Drive|[silent]
|
|upkeep
|
|t:|1758231872
|switch|p1a: Zapdos|Zapdos|100/100
|turn|18
|
|t:|1758231876
|move|p2a: Zapdos|Heat Wave|p1a: Zapdos|[miss]
|-miss|p2a: Zapdos|p1a: Zapdos
|move|p1a: Zapdos|Hurricane|p2a: Zapdos
|-damage|p2a: Zapdos|38/100
|
|upkeep
|turn|19
|
|t:|1758231884
|move|p2a: Zapdos|Volt Switch|p1a: Zapdos
|-damage|p1a: Zapdos|57/100
|
|t:|1758231901
|switch|p2a: Gholdengo|Gholdengo|24/100|[from] Volt Switch
|-damage|p2a: Gholdengo|18/100|[from] Stealth Rock
|move|p1a: Zapdos|Volt Switch|p2a: Gholdengo
|-damage|p2a: Gholdengo|0 fnt
|faint|p2a: Gholdengo
|
|t:|1758231909
|switch|p1a: Weezing|Weezing-Galar, F|100/100|[from] Volt Switch
|-ability|p1a: Weezing|Neutralizing Gas
|
|upkeep
|
|t:|1758231927
|switch|p2a: Zapdos|Zapdos, tera:Fire|38/100
|turn|20
|
|t:|1758231943
|-end|p1a: Weezing|ability: Neutralizing Gas
|switch|p1a: Zapdos|Zapdos|57/100
|move|p2a: Zapdos|Heat Wave|p1a: Zapdos
|-damage|p1a: Zapdos|5/100
|
|upkeep
|turn|21
|
|t:|1758231953
|move|p2a: Zapdos|Heat Wave|p1a: Zapdos
|-damage|p1a: Zapdos|0 fnt
|faint|p1a: Zapdos
|
|upkeep
|
|t:|1758231964
|switch|p1a: Dragonite|Dragonite, F|92/100
|turn|22
|
|t:|1758231967
|move|p2a: Zapdos|Hurricane|p1a: Dragonite
|-damage|p1a: Dragonite|36/100
|-start|p1a: Dragonite|confusion
|-activate|p1a: Dragonite|confusion
|move|p1a: Dragonite|Dragon Dance|p1a: Dragonite
|-boost|p1a: Dragonite|atk|1
|-boost|p1a: Dragonite|spe|1
|
|upkeep
|turn|23
|
|t:|1758231974
|-activate|p1a: Dragonite|confusion
|move|p1a: Dragonite|Earthquake|p2a: Zapdos
|-supereffective|p2a: Zapdos
|-damage|p2a: Zapdos|0 fnt
|faint|p2a: Zapdos
|
|upkeep
|
|t:|1758231977
|switch|p2a: Weezing|Weezing-Galar, M|100/100
|-ability|p2a: Weezing|Neutralizing Gas
|turn|24
|
|t:|1758231979
|-activate|p1a: Dragonite|confusion
|move|p1a: Dragonite|Earthquake|p2a: Weezing
|-supereffective|p2a: Weezing
|-damage|p2a: Weezing|15/100
|move|p2a: Weezing|Sludge Bomb|p1a: Dragonite
|-damage|p1a: Dragonite|9/100
|
|upkeep
|turn|25
|
|t:|1758231985
|switch|p1a: Weezing|Weezing-Galar, F|100/100
|-ability|p1a: Weezing|Neutralizing Gas
|move|p2a: Weezing|Sludge Bomb|p1a: Weezing
|-damage|p1a: Weezing|63/100
|
|upkeep
|turn|26
|
|t:|1758231988
|move|p2a: Weezing|Pain Split|p1a: Weezing
|-sethp|p1a: Weezing|39/100|[from] move: Pain Split|[silent]
|-sethp|p2a: Weezing|39/100|[from] move: Pain Split
|move|p1a: Weezing|Will-O-Wisp|p2a: Weezing
|-status|p2a: Weezing|brn
|
|-damage|p2a: Weezing|33/100 brn|[from] brn
|upkeep
|turn|27
|
|t:|1758231996
|move|p2a: Weezing|Sludge Bomb|p1a: Weezing
|-damage|p1a: Weezing|0 fnt
|faint|p1a: Weezing
|
|-damage|p2a: Weezing|27/100 brn|[from] brn
|upkeep
|
|t:|1758231999
|switch|p1a: Dragonite|Dragonite, F|9/100
|turn|28
|
|t:|1758232003
|move|p1a: Dragonite|Earthquake|p2a: Weezing
|-supereffective|p2a: Weezing
|-damage|p2a: Weezing|0 fnt
|faint|p2a: Weezing
|-end|p2a: Weezing|ability: Neutralizing Gas
|
|win|azeyar
|raw|azeyar's rating: 1411 &rarr; <strong>1430</strong><br />(+19 for winning)
|raw|D0VID's rating: 1397 &rarr; <strong>1378</strong><br />(-19 for losing)
|l|☆azeyar
|player|p1|
