|j|☆Oreoinabox
|j|☆uber-mom
|t:|1758251939
|gametype|singles
|player|p1|Oreoinabox|266|1556
|player|p2|uber-mom|lucas|1543
|gen|9
|tier|[Gen 9] OU
|rated|
|rule|HP Percentage Mod: HP is shown in percentages
|rule|Endless Battle Clause: Forcing endless battles is banned
|rule|Species Clause: Limit one of each Pokémon
|rule|OHKO Clause: OHKO moves are banned
|rule|Evasion Items Clause: Evasion items are banned
|rule|Evasion Moves Clause: Evasion moves are banned
|rule|Evasion Abilities Clause: Evasion abilities are banned
|rule|Sleep Moves Clause: Sleep-inducing moves are banned
|clearpoke
|poke|p1|Iron Thorns|
|poke|p1|Araquanid, F|
|poke|p1|Blastoise, M|
|poke|p1|Corviknight, F|
|poke|p1|Meowscarada, F|
|poke|p1|Great Tusk|
|poke|p2|Indeedee, M|
|poke|p2|Hatterene, F|
|poke|p2|Ursaluna, M|
|poke|p2|Iron Hands|
|poke|p2|Hoopa-Unbound|
|poke|p2|Mimikyu, M|
|teampreview
|inactive|Battle timer is ON: inactive players will automatically lose when time's up. (requested by uber-mom)
|inactive|Oreoinabox also wants the timer to be on.
|
|t:|1758251947
|teamsize|p1|6
|teamsize|p2|6
|start
|switch|p1a: Meowscarada|Meowscarada, F|100/100
|switch|p2a: Dlanor|Iron Hands|100/100
|-enditem|p2a: Dlanor|Booster Energy
|-activate|p2a: Dlanor|ability: Quark Drive|[fromitem]
|-start|p2a: Dlanor|quarkdriveatk
|turn|1
|
|t:|1758251954
|move|p1a: Meowscarada|U-turn|p2a: Dlanor
|-start|p1a: Meowscarada|typechange|Bug|[from] ability: Protean
|-resisted|p2a: Dlanor
|-damage|p2a: Dlanor|82/100
|
|t:|1758251958
|switch|p1a: Araquanid|Araquanid, F|100/100|[from] U-turn
|move|p2a: Dlanor|Close Combat|p1a: Araquanid
|-resisted|p1a: Araquanid
|-damage|p1a: Araquanid|49/100
|-unboost|p2a: Dlanor|def|1
|-unboost|p2a: Dlanor|spd|1
|
|upkeep
|turn|2
|
|t:|1758251965
|move|p2a: Dlanor|Close Combat|p1a: Araquanid
|-resisted|p1a: Araquanid
|-damage|p1a: Araquanid|2/100
|-unboost|p2a: Dlanor|def|1
|-unboost|p2a: Dlanor|spd|1
|move|p1a: Araquanid|Liquidation|p2a: Dlanor
|-damage|p2a: Dlanor|0 fnt
|faint|p2a: Dlanor
|-end|p2a: Dlanor|Quark Drive|[silent]
|
|upkeep
|
|t:|1758251975
|switch|p2a: Ronove|Indeedee, M|100/100
|-fieldstart|move: Psychic Terrain|[from] ability: Psychic Surge|[of] p2a: Ronove
|turn|3
|
|t:|1758251980
|switch|p1a: Corviknight|Corviknight, F|100/100
|-ability|p1a: Corviknight|Pressure
|move|p2a: Ronove|Trick Room|p2a: Ronove
|-fieldstart|move: Trick Room|[of] p2a: Ronove
|
|upkeep
|turn|4
|
|t:|1758251992
|switch|p2a: Battler|Ursaluna, M, shiny|100/100
|move|p1a: Corviknight|Roost||[still]
|-fail|p1a: Corviknight|heal
|
|-status|p2a: Battler|brn|[from] item: Flame Orb
|upkeep
|turn|5
|j| wgw2333
|
|t:|1758252014
|move|p2a: Battler|Facade|p1a: Corviknight
|-resisted|p1a: Corviknight
|-damage|p1a: Corviknight|59/100
|-damage|p2a: Battler|84/100 brn|[from] item: Rocky Helmet|[of] p1a: Corviknight
|move|p1a: Corviknight|Roost|p1a: Corviknight
|-heal|p1a: Corviknight|100/100
|-singleturn|p1a: Corviknight|move: Roost
|
|-damage|p2a: Battler|78/100 brn|[from] brn
|upkeep
|turn|6
|
|t:|1758252042
|switch|p2a: Beato|Hatterene, F, shiny|100/100
|move|p1a: Corviknight|Roost||[still]
|-fail|p1a: Corviknight|heal
|
|upkeep
|turn|7
|inactive|uber-mom has 120 seconds left.
|
|t:|1758252081
|move|p2a: Beato|Expanding Force|p1a: Corviknight
|-resisted|p1a: Corviknight
|-damage|p1a: Corviknight|55/100
|-damage|p2a: Beato|91/100|[from] item: Life Orb
|move|p1a: Corviknight|U-turn|p2a: Beato
|-crit|p2a: Beato
|-damage|p2a: Beato|67/100
|
|t:|1758252091
|switch|p1a: Iron Thorns|Iron Thorns|100/100|[from] U-turn
|-enditem|p1a: Iron Thorns|Booster Energy
|-activate|p1a: Iron Thorns|ability: Quark Drive|[fromitem]
|-start|p1a: Iron Thorns|quarkdriveatk
|
|-fieldend|move: Trick Room
|upkeep
|turn|8
|
|t:|1758252099
|switch|p2a: Battler|Ursaluna, M, shiny|78/100 brn
|move|p1a: Iron Thorns|Supercell Slam|p2a: Battler
|-immune|p2a: Battler
|-damage|p1a: Iron Thorns|51/100|[from] supercellslam
|
|-damage|p2a: Battler|72/100 brn|[from] brn
|upkeep
|turn|9
|
|t:|1758252109
|-terastallize|p1a: Iron Thorns|Flying
|move|p1a: Iron Thorns|Dragon Dance|p1a: Iron Thorns
|-boost|p1a: Iron Thorns|atk|1
|-boost|p1a: Iron Thorns|spe|1
|move|p2a: Battler|Facade|p1a: Iron Thorns
|-damage|p1a: Iron Thorns|0 fnt
|faint|p1a: Iron Thorns
|-end|p1a: Iron Thorns|Quark Drive|[silent]
|
|-damage|p2a: Battler|66/100 brn|[from] brn
|upkeep
|
|t:|1758252122
|switch|p1a: Blastoise|Blastoise, M|100/100
|turn|10
|
|t:|1758252128
|switch|p2a: Ronove|Indeedee, M|100/100
|move|p1a: Blastoise|Shell Smash|p1a: Blastoise
|-unboost|p1a: Blastoise|def|1
|-unboost|p1a: Blastoise|spd|1
|-boost|p1a: Blastoise|atk|2
|-boost|p1a: Blastoise|spa|2
|-boost|p1a: Blastoise|spe|2
|-enditem|p1a: Blastoise|White Herb
|-clearnegativeboost|p1a: Blastoise|[silent]
|
|-fieldend|move: Psychic Terrain
|upkeep
|turn|11
|
|t:|1758252131
|switch|p2a: Sakutaro|Mimikyu, M|100/100
|move|p1a: Blastoise|Surf|p2a: Sakutaro
|-activate|p2a: Sakutaro|ability: Disguise
|-damage|p2a: Sakutaro|100/100
|detailschange|p2a: Sakutaro|Mimikyu-Busted, M
|-damage|p2a: Sakutaro|88/100|[from] pokemon: Mimikyu-Busted
|-enditem|p2a: Sakutaro|Red Card|[of] p1a: Blastoise
|drag|p1a: Araquanid|Araquanid, F|2/100
|
|upkeep
|turn|12
|
|t:|1758252136
|move|p1a: Araquanid|Liquidation|p2a: Sakutaro
|-damage|p2a: Sakutaro|34/100
|-unboost|p2a: Sakutaro|def|1
|move|p2a: Sakutaro|Trick Room|p2a: Sakutaro
|-fieldstart|move: Trick Room|[of] p2a: Sakutaro
|
|upkeep
|turn|13
|
|t:|1758252142
|switch|p1a: Corviknight|Corviknight, F|55/100
|-ability|p1a: Corviknight|Pressure
|move|p2a: Sakutaro|Curse|p1a: Corviknight
|-start|p1a: Corviknight|Curse|[of] p2a: Sakutaro
|-damage|p2a: Sakutaro|0 fnt
|faint|p2a: Sakutaro
|
|-damage|p1a: Corviknight|30/100|[from] Curse
|upkeep
|
|t:|1758252151
|switch|p2a: Battler|Ursaluna, M, shiny|66/100 brn
|turn|14
|inactive|Oreoinabox has 120 seconds left.
|
|t:|1758252185
|move|p2a: Battler|Facade|p1a: Corviknight
|-resisted|p1a: Corviknight
|-damage|p1a: Corviknight|0 fnt
|-damage|p2a: Battler|49/100 brn|[from] item: Rocky Helmet|[of] p1a: Corviknight
|faint|p1a: Corviknight
|
|-damage|p2a: Battler|43/100 brn|[from] brn
|upkeep
|inactive|Oreoinabox has 120 seconds left.
|
|t:|1758252191
|switch|p1a: Araquanid|Araquanid, F|2/100
|turn|15
|
|t:|1758252220
|switch|p2a: Ronove|Indeedee, M|100/100
|-fieldstart|move: Psychic Terrain|[from] ability: Psychic Surge|[of] p2a: Ronove
|move|p1a: Araquanid|Liquidation|p2a: Ronove
|-damage|p2a: Ronove|35/100
|
|upkeep
|turn|16
|
|t:|1758252227
|move|p1a: Araquanid|Leech Life|p2a: Ronove
|-supereffective|p2a: Ronove
|-damage|p2a: Ronove|0 fnt
|-heal|p1a: Araquanid|18/100|[from] drain|[of] p2a: Ronove
|faint|p2a: Ronove
|
|-fieldend|move: Trick Room
|upkeep
|
|t:|1758252234
|switch|p2a: Beato|Hatterene, F, shiny|67/100
|turn|17
|
|t:|1758252244
|switch|p1a: Blastoise|Blastoise, M|100/100
|move|p2a: Beato|Trick Room|p2a: Beato
|-fieldstart|move: Trick Room|[of] p2a: Beato
|
|upkeep
|turn|18
|
|t:|1758252258
|move|p2a: Beato|Expanding Force|p1a: Blastoise
|-damage|p1a: Blastoise|0 fnt
|faint|p1a: Blastoise
|-damage|p2a: Beato|57/100|[from] item: Life Orb
|
|upkeep
|inactive|Oreoinabox has 120 seconds left.
|
|t:|1758252296
|switch|p1a: Great Tusk|Great Tusk|100/100
|turn|19
|
|t:|1758252311
|-terastallize|p2a: Beato|Stellar
|move|p2a: Beato|Expanding Force|p1a: Great Tusk
|-supereffective|p1a: Great Tusk
|-damage|p1a: Great Tusk|0 fnt
|faint|p1a: Great Tusk
|-end|p1a: Great Tusk|Protosynthesis|[silent]
|-damage|p2a: Beato|47/100|[from] item: Life Orb
|
|upkeep
|
|t:|1758252317
|switch|p1a: Meowscarada|Meowscarada, F|100/100
|turn|20
|
|t:|1758252320
|move|p2a: Beato|Draining Kiss|p1a: Meowscarada
|-supereffective|p1a: Meowscarada
|-damage|p1a: Meowscarada|0 fnt
|-heal|p2a: Beato|100/100|[from] drain|[of] p1a: Meowscarada
|faint|p1a: Meowscarada
|-damage|p2a: Beato|91/100|[from] item: Life Orb
|
|upkeep
|
|t:|1758252322
|switch|p1a: Araquanid|Araquanid, F|18/100
|turn|21
|
|t:|1758252329
|move|p2a: Beato|Draining Kiss|p1a: Araquanid
|-damage|p1a: Araquanid|0 fnt
|-heal|p2a: Beato|100/100|[from] drain|[of] p1a: Araquanid
|faint|p1a: Araquanid
|-damage|p2a: Beato|91/100|[from] item: Life Orb
|
|win|uber-mom
|raw|Oreoinabox's rating: 1556 &rarr; <strong>1535</strong><br />(-21 for losing)
|raw|uber-mom's rating: 1543 &rarr; <strong>1564</strong><br />(+21 for winning)
|l|☆Oreoinabox
|player|p1|
|l|☆uber-mom
|player|p2|
|l| wgw2333
