|j|☆slehb
|j|☆TheswordofTerarria
|t:|1758312301
|gametype|singles
|player|p1|slehb|hilbert-wonderlauncher|1089
|player|p2|TheswordofTerarria|veteran|1092
|gen|9
|tier|[Gen 9] OU
|rated|
|rule|HP Percentage Mod: HP is shown in percentages
|rule|Endless Battle Clause: Forcing endless battles is banned
|rule|Species Clause: Limit one of each Pokémon
|rule|OHKO Clause: OHKO moves are banned
|rule|Evasion Items Clause: Evasion items are banned
|rule|Evasion Moves Clause: Evasion moves are banned
|rule|Evasion Abilities Clause: Evasion abilities are banned
|rule|Sleep Moves Clause: Sleep-inducing moves are banned
|clearpoke
|poke|p1|Pawmot, M|
|poke|p1|Charizard, M|
|poke|p1|Minior-Indigo|
|poke|p1|Garchomp, M|
|poke|p1|Braviary-Hisui, M|
|poke|p1|Samurott-Hisui, M|
|poke|p2|Dragapult, F|
|poke|p2|Moltres|
|poke|p2|Samurott-Hisui, M|
|poke|p2|Magnezone|
|poke|p2|Garchomp, F|
|poke|p2|Braviary-Hisui, M|
|teampreview
|c|☆TheswordofTerarria|Hi GLHF
|
|t:|1758312311
|teamsize|p1|6
|teamsize|p2|6
|start
|switch|p1a: Minior|Minior-Indigo|100/100
|switch|p2a: XM-05 Ares|Magnezone, shiny|100/100
|-formechange|p1a: Minior|Minior-Meteor||[from] ability: Shields Down
|turn|1
|
|t:|1758312323
|move|p1a: Minior|Shell Smash|p1a: Minior
|-unboost|p1a: Minior|def|1
|-unboost|p1a: Minior|spd|1
|-boost|p1a: Minior|atk|2
|-boost|p1a: Minior|spa|2
|-boost|p1a: Minior|spe|2
|-enditem|p1a: Minior|White Herb
|-clearnegativeboost|p1a: Minior|[silent]
|move|p2a: XM-05 Ares|Body Press|p1a: Minior
|-damage|p1a: Minior|74/100
|
|upkeep
|turn|2
|
|t:|1758312359
|move|p1a: Minior|Earthquake|p2a: XM-05 Ares
|-supereffective|p2a: XM-05 Ares
|-ability|p2a: XM-05 Ares|Sturdy
|-damage|p2a: XM-05 Ares|1/100
|move|p2a: XM-05 Ares|Flash Cannon|p1a: Minior
|-supereffective|p1a: Minior
|-damage|p1a: Minior|0 fnt
|faint|p1a: Minior
|
|upkeep
|
|t:|1758312373
|switch|p1a: Garchomp|Garchomp, M|100/100
|turn|3
|
|t:|1758312405
|switch|p2a: F-22 Raptor|Garchomp, F, shiny|100/100
|move|p1a: Garchomp|Swords Dance|p1a: Garchomp
|-boost|p1a: Garchomp|atk|2
|
|upkeep
|turn|4
|
|t:|1758312414
|-terastallize|p1a: Garchomp|Steel
|-terastallize|p2a: F-22 Raptor|Poison
|move|p1a: Garchomp|Dragon Claw|p2a: F-22 Raptor
|-damage|p2a: F-22 Raptor|8/100
|-damage|p1a: Garchomp|88/100|[from] ability: Rough Skin|[of] p2a: F-22 Raptor
|-damage|p1a: Garchomp|72/100|[from] item: Rocky Helmet|[of] p2a: F-22 Raptor
|move|p2a: F-22 Raptor|Dragon Claw|p1a: Garchomp
|-resisted|p1a: Garchomp
|-damage|p1a: Garchomp|52/100
|-damage|p2a: F-22 Raptor|0 fnt|[from] ability: Rough Skin|[of] p1a: Garchomp
|faint|p2a: F-22 Raptor
|
|upkeep
|
|t:|1758312445
|switch|p2a: B-2 Bomber|Dragapult, F, shiny|100/100
|turn|5
|
|t:|1758312451
|move|p1a: Garchomp|Dragon Claw|p2a: B-2 Bomber
|-supereffective|p2a: B-2 Bomber
|-damage|p2a: B-2 Bomber|0 fnt
|-damage|p1a: Garchomp|36/100|[from] item: Rocky Helmet|[of] p2a: B-2 Bomber
|faint|p2a: B-2 Bomber
|
|upkeep
|
|t:|1758312479
|switch|p2a: Murasama|Samurott-Hisui, M|100/100
|turn|6
|
|t:|1758312487
|switch|p1a: Braviary|Braviary-Hisui, M|100/100
|move|p2a: Murasama|Brick Break|p1a: Braviary
|-resisted|p1a: Braviary
|-damage|p1a: Braviary|94/100
|
|upkeep
|turn|7
|
|t:|1758312496
|move|p2a: Murasama|Ceaseless Edge|p1a: Braviary
|-supereffective|p1a: Braviary
|-damage|p1a: Braviary|0 fnt
|-sidestart|p1: slehb|Spikes
|faint|p1a: Braviary
|
|upkeep
|inactive|Battle timer is ON: inactive players will automatically lose when time's up. (requested by TheswordofTerarria)
|
|t:|1758312503
|switch|p1a: Pawmot|Pawmot, M|100/100
|-damage|p1a: Pawmot|88/100|[from] Spikes
|turn|8
|
|t:|1758312520
|switch|p2a: XM-05 Ares|Magnezone, shiny|1/100
|move|p1a: Pawmot|Close Combat|p2a: XM-05 Ares
|-supereffective|p2a: XM-05 Ares
|-damage|p2a: XM-05 Ares|0 fnt
|-unboost|p1a: Pawmot|def|1
|-unboost|p1a: Pawmot|spd|1
|faint|p2a: XM-05 Ares
|
|upkeep
|
|t:|1758312528
|switch|p2a: Murica|Braviary-Hisui, M, shiny|100/100
|turn|9
|
|t:|1758312536
|switch|p1a: Charizard|Charizard, M, shiny|100/100
|move|p2a: Murica|Esper Wing|p1a: Charizard
|-damage|p1a: Charizard|64/100
|-boost|p2a: Murica|spe|1
|
|upkeep
|turn|10
|
|t:|1758312559
|move|p2a: Murica|Air Slash|p1a: Charizard
|-damage|p1a: Charizard|25/100
|-enditem|p1a: Charizard|Sitrus Berry|[eat]
|-heal|p1a: Charizard|50/100|[from] item: Sitrus Berry
|move|p1a: Charizard|Acrobatics|p2a: Murica
|-damage|p2a: Murica|62/100
|
|upkeep
|turn|11
|
|t:|1758312571
|move|p2a: Murica|Expanding Force|p1a: Charizard
|-damage|p1a: Charizard|10/100
|move|p1a: Charizard|Acrobatics|p2a: Murica
|-damage|p2a: Murica|22/100
|
|upkeep
|turn|12
|
|t:|1758312581
|move|p2a: Murica|Esper Wing|p1a: Charizard
|-damage|p1a: Charizard|0 fnt
|-boost|p2a: Murica|spe|1
|faint|p1a: Charizard
|
|upkeep
|
|t:|1758312587
|switch|p1a: Garchomp|Garchomp, M, tera:Steel|36/100
|-damage|p1a: Garchomp|23/100|[from] Spikes
|turn|13
|
|t:|1758312591
|move|p2a: Murica|Air Slash|p1a: Garchomp
|-resisted|p1a: Garchomp
|-damage|p1a: Garchomp|8/100
|cant|p1a: Garchomp|flinch
|
|upkeep
|turn|14
|
|t:|1758312598
|move|p2a: Murica|Expanding Force|p1a: Garchomp
|-resisted|p1a: Garchomp
|-damage|p1a: Garchomp|0 fnt
|faint|p1a: Garchomp
|
|upkeep
|
|t:|1758312605
|switch|p1a: Samurott|Samurott-Hisui, M, shiny|100/100
|-damage|p1a: Samurott|88/100|[from] Spikes
|turn|15
|
|t:|1758312610
|move|p2a: Murica|Esper Wing|p1a: Samurott
|-immune|p1a: Samurott
|move|p1a: Samurott|Ceaseless Edge|p2a: Murica
|-supereffective|p2a: Murica
|-damage|p2a: Murica|0 fnt
|-sidestart|p2: TheswordofTerarria|Spikes
|faint|p2a: Murica
|
|upkeep
|
|t:|1758312617
|switch|p2a: Yharon|Moltres|100/100
|turn|16
|
|t:|1758312625
|move|p1a: Samurott|Aqua Cutter|p2a: Yharon
|-supereffective|p2a: Yharon
|-crit|p2a: Yharon
|-damage|p2a: Yharon|0 fnt
|faint|p2a: Yharon
|
|upkeep
|
|t:|1758312630
|switch|p2a: Murasama|Samurott-Hisui, M|100/100
|-damage|p2a: Murasama|88/100|[from] Spikes
|turn|17
|l|☆slehb
|inactive|slehb disconnected and has a minute to reconnect!
|player|p1|
|inactive|slehb has 30 seconds to reconnect!
|inactive|slehb has 20 seconds to reconnect!
|inactive|slehb has 15 seconds to reconnect!
|inactive|slehb has 10 seconds to reconnect!
|inactive|slehb has 5 seconds to reconnect!
|-message|slehb lost due to inactivity.
|
|win|TheswordofTerarria
|raw|slehb's rating: 1089 &rarr; <strong>1068</strong><br />(-21 for losing)
|raw|TheswordofTerarria's rating: 1118 &rarr; <strong>1141</strong><br />(+23 for winning)
|l|☆TheswordofTerarria
|player|p2|
