|j|☆Elcar Casas
|j|☆ORAS_appreciater
|t:|1758342027
|gametype|singles
|player|p1|Elcar Casas|red-gen7|1237
|player|p2|ORAS_appreciater|266|1306
|gen|9
|tier|[Gen 9] OU
|rated|
|rule|HP Percentage Mod: HP is shown in percentages
|rule|Endless Battle Clause: Forcing endless battles is banned
|rule|Species Clause: Limit one of each Pokémon
|rule|OHKO Clause: OHKO moves are banned
|rule|Evasion Items Clause: Evasion items are banned
|rule|Evasion Moves Clause: Evasion moves are banned
|rule|Evasion Abilities Clause: Evasion abilities are banned
|rule|Sleep Moves Clause: Sleep-inducing moves are banned
|clearpoke
|poke|p1|Great Tusk|
|poke|p1|Iron Crown|
|poke|p1|Iron Moth|
|poke|p1|Iron Valiant|
|poke|p1|Walking Wake|
|poke|p1|Iron Boulder|
|poke|p2|Cinderace, F|
|poke|p2|Rillaboom, M|
|poke|p2|Dondozo, F|
|poke|p2|Slowking-Galar, F|
|poke|p2|Gholdengo|
|poke|p2|Darkrai|
|teampreview
|
|t:|1758342059
|teamsize|p1|6
|teamsize|p2|6
|start
|switch|p1a: Iron Crown|Iron Crown|100/100
|switch|p2a: Slowking|Slowking-Galar, F|100/100
|turn|1
|
|t:|1758342064
|move|p1a: Iron Crown|Calm Mind|p1a: Iron Crown
|-boost|p1a: Iron Crown|spa|1
|-boost|p1a: Iron Crown|spd|1
|move|p2a: Slowking|Thunder Wave|p1a: Iron Crown
|-status|p1a: Iron Crown|par
|
|upkeep
|turn|2
|
|t:|1758342070
|cant|p1a: Iron Crown|par
|-prepare|p2a: Slowking|Chilly Reception|[premajor]
|move|p2a: Slowking|Chilly Reception|p2a: Slowking
|-weather|Snowscape
|inactive|Battle timer is ON: inactive players will automatically lose when time's up. (requested by Elcar Casas)
|
|t:|1758342088
|switch|p2a: Cinderace|Cinderace, F|100/100|[from] Chilly Reception
|
|-weather|Snowscape|[upkeep]
|upkeep
|turn|3
|
|t:|1758342093
|-terastallize|p1a: Iron Crown|Ground
|move|p2a: Cinderace|Pyro Ball|p1a: Iron Crown
|-crit|p1a: Iron Crown
|-damage|p1a: Iron Crown|29/100 par
|move|p1a: Iron Crown|Tera Blast|p2a: Cinderace|[anim] Tera Blast Ground
|-supereffective|p2a: Cinderace
|-crit|p2a: Cinderace
|-damage|p2a: Cinderace|0 fnt
|faint|p2a: Cinderace
|
|-weather|Snowscape|[upkeep]
|-heal|p1a: Iron Crown|35/100 par|[from] item: Leftovers
|upkeep
|
|t:|1758342103
|switch|p2a: Rillaboom|Rillaboom, M|100/100
|-fieldstart|move: Grassy Terrain|[from] ability: Grassy Surge|[of] p2a: Rillaboom
|turn|4
|
|t:|1758342110
|-end|p1a: Iron Crown|Quark Drive|[silent]
|switch|p1a: Iron Moth|Iron Moth|100/100
|move|p2a: Rillaboom|Grassy Glide|p1a: Iron Moth
|-resisted|p1a: Iron Moth
|-damage|p1a: Iron Moth|84/100
|
|-weather|Snowscape|[upkeep]
|-heal|p1a: Iron Moth|90/100|[from] Grassy Terrain
|upkeep
|turn|5
|
|t:|1758342127
|switch|p2a: Slowking|Slowking-Galar, F|100/100
|move|p1a: Iron Moth|Fiery Dance|p2a: Slowking
|-damage|p2a: Slowking|74/100
|
|-weather|Snowscape|[upkeep]
|-heal|p1a: Iron Moth|96/100|[from] Grassy Terrain
|-heal|p2a: Slowking|80/100|[from] Grassy Terrain
|upkeep
|turn|6
|
|t:|1758342140
|-end|p1a: Iron Moth|Quark Drive|[silent]
|switch|p1a: Iron Crown|Iron Crown, tera:Ground|35/100 par
|move|p2a: Slowking|Psychic Noise|p1a: Iron Crown
|-damage|p1a: Iron Crown|11/100 par
|-start|p1a: Iron Crown|move: Heal Block
|
|-weather|none
|-heal|p2a: Slowking|86/100|[from] Grassy Terrain
|upkeep
|turn|7
|
|t:|1758342155
|move|p1a: Iron Crown|Tera Blast|p2a: Slowking|[anim] Tera Blast Ground
|-supereffective|p2a: Slowking
|-damage|p2a: Slowking|37/100
|-prepare|p2a: Slowking|Chilly Reception|[premajor]
|move|p2a: Slowking|Chilly Reception|p2a: Slowking
|-weather|Snowscape
|
|t:|1758342161
|switch|p2a: Rillaboom|Rillaboom, M|100/100|[from] Chilly Reception
|
|-weather|Snowscape|[upkeep]
|-end|p1a: Iron Crown|move: Heal Block
|upkeep
|turn|8
|
|t:|1758342166
|move|p2a: Rillaboom|U-turn|p1a: Iron Crown
|-damage|p1a: Iron Crown|0 fnt
|faint|p1a: Iron Crown
|-end|p1a: Iron Crown|Quark Drive|[silent]
|
|t:|1758342174
|switch|p2a: Dondozo|Dondozo, F, shiny|100/100|[from] U-turn
|
|-weather|Snowscape|[upkeep]
|upkeep
|
|t:|1758342186
|switch|p1a: Iron Boulder|Iron Boulder|100/100
|turn|9
|
|t:|1758342200
|move|p1a: Iron Boulder|Wild Charge|p2a: Dondozo
|-supereffective|p2a: Dondozo
|-damage|p2a: Dondozo|49/100
|-damage|p1a: Iron Boulder|80/100|[from] Recoil
|move|p2a: Dondozo|Curse|p2a: Dondozo
|-unboost|p2a: Dondozo|spe|1
|-boost|p2a: Dondozo|atk|1
|-boost|p2a: Dondozo|def|1
|
|-weather|Snowscape|[upkeep]
|-heal|p1a: Iron Boulder|86/100|[from] Grassy Terrain
|-heal|p2a: Dondozo|55/100|[from] Grassy Terrain
|-heal|p2a: Dondozo|62/100|[from] item: Leftovers
|upkeep
|turn|10
|
|t:|1758342219
|move|p1a: Iron Boulder|Wild Charge|p2a: Dondozo
|-supereffective|p2a: Dondozo
|-damage|p2a: Dondozo|28/100
|-damage|p1a: Iron Boulder|73/100|[from] Recoil
|move|p2a: Dondozo|Waterfall|p1a: Iron Boulder
|-supereffective|p1a: Iron Boulder
|-damage|p1a: Iron Boulder|0 fnt
|faint|p1a: Iron Boulder
|-end|p1a: Iron Boulder|Quark Drive|[silent]
|
|-weather|Snowscape|[upkeep]
|-heal|p2a: Dondozo|34/100|[from] Grassy Terrain
|-heal|p2a: Dondozo|40/100|[from] item: Leftovers
|upkeep
|
|t:|1758342236
|switch|p1a: Walking Wake|Walking Wake|100/100
|turn|11
|
|t:|1758342247
|switch|p2a: Slowking|Slowking-Galar, F|70/100
|move|p1a: Walking Wake|Dragon Pulse|p2a: Slowking
|-damage|p2a: Slowking|33/100
|
|-weather|none
|-heal|p2a: Slowking|39/100|[from] Grassy Terrain
|-fieldend|move: Grassy Terrain
|upkeep
|turn|12
|
|t:|1758342257
|move|p1a: Walking Wake|Dragon Pulse|p2a: Slowking
|-damage|p2a: Slowking|1/100
|move|p2a: Slowking|Thunder Wave|p1a: Walking Wake
|-status|p1a: Walking Wake|par
|
|upkeep
|turn|13
|
|t:|1758342281
|switch|p2a: Rillaboom|Rillaboom, M|100/100
|-fieldstart|move: Grassy Terrain|[from] ability: Grassy Surge|[of] p2a: Rillaboom
|move|p1a: Walking Wake|Dragon Pulse|p2a: Rillaboom
|-damage|p2a: Rillaboom|22/100
|
|-heal|p2a: Rillaboom|28/100|[from] Grassy Terrain
|upkeep
|turn|14
|
|t:|1758342296
|-end|p1a: Walking Wake|Protosynthesis|[silent]
|switch|p1a: Iron Moth|Iron Moth|96/100
|move|p2a: Rillaboom|Grassy Glide|p1a: Iron Moth
|-resisted|p1a: Iron Moth
|-damage|p1a: Iron Moth|78/100
|
|-heal|p1a: Iron Moth|84/100|[from] Grassy Terrain
|-heal|p2a: Rillaboom|34/100|[from] Grassy Terrain
|upkeep
|turn|15
|
|t:|1758342304
|switch|p2a: Slowking|Slowking-Galar, F|35/100
|move|p1a: Iron Moth|Fiery Dance|p2a: Slowking
|-damage|p2a: Slowking|9/100
|
|-heal|p1a: Iron Moth|90/100|[from] Grassy Terrain
|-heal|p2a: Slowking|15/100|[from] Grassy Terrain
|upkeep
|turn|16
|
|t:|1758342324
|move|p1a: Iron Moth|Fiery Dance|p2a: Slowking
|-damage|p2a: Slowking|0 fnt
|faint|p2a: Slowking
|
|-heal|p1a: Iron Moth|96/100|[from] Grassy Terrain
|upkeep
|inactive|ORAS_appreciater has 120 seconds left.
|
|t:|1758342339
|switch|p2a: Dondozo|Dondozo, F, shiny|40/100
|turn|17
|
|t:|1758342346
|move|p1a: Iron Moth|Sludge Wave|p2a: Dondozo
|-damage|p2a: Dondozo|8/100
|move|p2a: Dondozo|Waterfall|p1a: Iron Moth
|-supereffective|p1a: Iron Moth
|-damage|p1a: Iron Moth|0 fnt
|faint|p1a: Iron Moth
|-end|p1a: Iron Moth|Quark Drive|[silent]
|
|-heal|p2a: Dondozo|14/100|[from] Grassy Terrain
|-heal|p2a: Dondozo|21/100|[from] item: Leftovers
|upkeep
|
|t:|1758342363
|switch|p1a: Iron Valiant|Iron Valiant|100/100
|turn|18
|
|t:|1758342375
|move|p2a: Dondozo|Protect|p2a: Dondozo
|-singleturn|p2a: Dondozo|Protect
|move|p1a: Iron Valiant|Swords Dance|p1a: Iron Valiant
|-boost|p1a: Iron Valiant|atk|2
|
|-heal|p2a: Dondozo|27/100|[from] Grassy Terrain
|-heal|p2a: Dondozo|33/100|[from] item: Leftovers
|upkeep
|turn|19
|
|t:|1758342386
|switch|p2a: Rillaboom|Rillaboom, M|34/100
|move|p1a: Iron Valiant|Close Combat|p2a: Rillaboom
|-damage|p2a: Rillaboom|0 fnt
|-unboost|p1a: Iron Valiant|def|1
|-unboost|p1a: Iron Valiant|spd|1
|faint|p2a: Rillaboom
|
|upkeep
|
|t:|1758342401
|switch|p2a: Darkrai|Darkrai|100/100
|turn|20
|
|t:|1758342405
|move|p2a: Darkrai|Sludge Bomb|p1a: Iron Valiant
|-supereffective|p1a: Iron Valiant
|-enditem|p1a: Iron Valiant|Focus Sash
|-damage|p1a: Iron Valiant|1/100
|move|p1a: Iron Valiant|Close Combat|p2a: Darkrai
|-supereffective|p2a: Darkrai
|-damage|p2a: Darkrai|0 fnt
|-unboost|p1a: Iron Valiant|def|1
|-unboost|p1a: Iron Valiant|spd|1
|faint|p2a: Darkrai
|
|-heal|p1a: Iron Valiant|7/100|[from] Grassy Terrain
|-fieldend|move: Grassy Terrain
|upkeep
|
|t:|1758342416
|switch|p2a: Gholdengo|Gholdengo|100/100
|-item|p2a: Gholdengo|Air Balloon
|turn|21
|
|t:|1758342423
|move|p1a: Iron Valiant|Shadow Sneak|p2a: Gholdengo
|-supereffective|p2a: Gholdengo
|-damage|p2a: Gholdengo|62/100
|-enditem|p2a: Gholdengo|Air Balloon
|move|p2a: Gholdengo|Shadow Ball|p1a: Iron Valiant
|-damage|p1a: Iron Valiant|0 fnt
|faint|p1a: Iron Valiant
|-end|p1a: Iron Valiant|Quark Drive|[silent]
|
|upkeep
|
|t:|1758342436
|switch|p1a: Great Tusk|Great Tusk|100/100
|-enditem|p1a: Great Tusk|Booster Energy
|-activate|p1a: Great Tusk|ability: Protosynthesis|[fromitem]
|-start|p1a: Great Tusk|protosynthesisatk
|turn|22
|
|t:|1758342448
|-terastallize|p2a: Gholdengo|Fairy
|move|p1a: Great Tusk|Headlong Rush|p2a: Gholdengo
|-damage|p2a: Gholdengo|5/100
|-unboost|p1a: Great Tusk|def|1
|-unboost|p1a: Great Tusk|spd|1
|move|p2a: Gholdengo|Dazzling Gleam|p1a: Great Tusk
|-supereffective|p1a: Great Tusk
|-damage|p1a: Great Tusk|0 fnt
|faint|p1a: Great Tusk
|-end|p1a: Great Tusk|Protosynthesis|[silent]
|
|upkeep
|
|t:|1758342451
|switch|p1a: Walking Wake|Walking Wake|100/100 par
|turn|23
|
|t:|1758342469
|move|p2a: Gholdengo|Dazzling Gleam|p1a: Walking Wake
|-supereffective|p1a: Walking Wake
|-damage|p1a: Walking Wake|19/100 par
|move|p1a: Walking Wake|Hurricane|p2a: Gholdengo|[miss]
|-miss|p1a: Walking Wake|p2a: Gholdengo
|
|upkeep
|turn|24
|
|t:|1758342478
|move|p2a: Gholdengo|Dazzling Gleam|p1a: Walking Wake
|-supereffective|p1a: Walking Wake
|-damage|p1a: Walking Wake|0 fnt
|faint|p1a: Walking Wake
|-end|p1a: Walking Wake|Protosynthesis|[silent]
|
|win|ORAS_appreciater
|raw|Elcar Casas's rating: 1237 &rarr; <strong>1217</strong><br />(-20 for losing)
|raw|ORAS_appreciater's rating: 1306 &rarr; <strong>1322</strong><br />(+16 for winning)
|l|☆Elcar Casas
|player|p1|
|l|☆ORAS_appreciater
|player|p2|
