|j|☆Can't swim 7
|j|☆Zarathos0308
|t:|1758351405
|gametype|singles
|player|p1|Can't swim 7|fisherman-gen4|1228
|player|p2|Zarathos0308|richboy|1312
|gen|9
|tier|[Gen 9] OU
|rated|
|rule|HP Percentage Mod: HP is shown in percentages
|rule|Endless Battle Clause: Forcing endless battles is banned
|rule|Species Clause: Limit one of each Pokémon
|rule|OHKO Clause: OHKO moves are banned
|rule|Evasion Items Clause: Evasion items are banned
|rule|Evasion Moves Clause: Evasion moves are banned
|rule|Evasion Abilities Clause: Evasion abilities are banned
|rule|Sleep Moves Clause: Sleep-inducing moves are banned
|clearpoke
|poke|p1|Gholdengo|
|poke|p1|Iron Treads|
|poke|p1|Raging Bolt|
|poke|p1|Moltres|
|poke|p1|Dragonite, M|
|poke|p1|Walking Wake|
|poke|p2|Chesnaught, M|
|poke|p2|Hoopa-Unbound|
|poke|p2|Scizor, M|
|poke|p2|Avalugg, M|
|poke|p2|Milotic, F|
|poke|p2|Moltres-Galar|
|teampreview
|inactive|Battle timer is ON: inactive players will automatically lose when time's up. (requested by Can't swim 7)
|
|t:|1758351417
|teamsize|p1|6
|teamsize|p2|6
|start
|switch|p1a: Gholdengo|Gholdengo|100/100
|switch|p2a: Avalugg|Avalugg, M|100/100
|turn|1
|
|t:|1758351426
|switch|p2a: Scizor|Scizor, M|100/100
|move|p1a: Gholdengo|Make It Rain|p2a: Scizor
|-resisted|p2a: Scizor
|-damage|p2a: Scizor|76/100
|-unboost|p1a: Gholdengo|spa|1
|
|upkeep
|turn|2
|
|t:|1758351436
|switch|p1a: Iron Treads|Iron Treads|100/100
|move|p2a: Scizor|Knock Off|p1a: Iron Treads
|-damage|p1a: Iron Treads|65/100
|-enditem|p1a: Iron Treads|Assault Vest|[from] move: Knock Off|[of] p2a: Scizor
|
|upkeep
|turn|3
|
|t:|1758351445
|switch|p2a: Chesnaught|Chesnaught, M, shiny|100/100
|move|p1a: Iron Treads|Knock Off|p2a: Chesnaught
|-resisted|p2a: Chesnaught
|-damage|p2a: Chesnaught|92/100
|-enditem|p2a: Chesnaught|Leftovers|[from] move: Knock Off|[of] p1a: Iron Treads
|
|upkeep
|turn|4
|
|t:|1758351455
|move|p1a: Iron Treads|Ice Spinner|p2a: Chesnaught
|-supereffective|p2a: Chesnaught
|-damage|p2a: Chesnaught|66/100
|move|p2a: Chesnaught|Drain Punch|p1a: Iron Treads
|-supereffective|p1a: Iron Treads
|-damage|p1a: Iron Treads|17/100
|-heal|p2a: Chesnaught|87/100|[from] drain|[of] p1a: Iron Treads
|
|upkeep
|turn|5
|
|t:|1758351464
|-end|p1a: Iron Treads|Quark Drive|[silent]
|switch|p1a: Moltres|Moltres|100/100
|move|p2a: Chesnaught|Drain Punch|p1a: Moltres
|-resisted|p1a: Moltres
|-damage|p1a: Moltres|87/100
|-heal|p2a: Chesnaught|93/100|[from] drain|[of] p1a: Moltres
|
|upkeep
|turn|6
|
|t:|1758351479
|switch|p1a: Gholdengo|Gholdengo|100/100
|switch|p2a: Milotic|Milotic, F|100/100
|
|upkeep
|turn|7
|
|t:|1758351485
|move|p1a: Gholdengo|Trick|p2a: Milotic
|-activate|p1a: Gholdengo|move: Trick|[of] p2a: Milotic
|-item|p2a: Milotic|Choice Scarf|[from] move: Trick
|-item|p1a: Gholdengo|Leftovers|[from] move: Trick
|move|p2a: Milotic|Scald|p1a: Gholdengo
|-damage|p1a: Gholdengo|65/100
|
|-heal|p1a: Gholdengo|71/100|[from] item: Leftovers
|upkeep
|turn|8
|
|t:|1758351496
|switch|p1a: Raging Bolt|Raging Bolt|100/100
|-enditem|p1a: Raging Bolt|Booster Energy
|-activate|p1a: Raging Bolt|ability: Protosynthesis|[fromitem]
|-start|p1a: Raging Bolt|protosynthesisspa
|move|p2a: Milotic|Scald|p1a: Raging Bolt
|-resisted|p1a: Raging Bolt
|-damage|p1a: Raging Bolt|87/100
|
|upkeep
|turn|9
|
|t:|1758351507
|switch|p2a: Hoopa|Hoopa-Unbound|100/100
|move|p1a: Raging Bolt|Calm Mind|p1a: Raging Bolt
|-boost|p1a: Raging Bolt|spa|1
|-boost|p1a: Raging Bolt|spd|1
|
|upkeep
|turn|10
|
|t:|1758351518
|move|p2a: Hoopa|Psychic|p1a: Raging Bolt
|-damage|p1a: Raging Bolt|53/100
|move|p1a: Raging Bolt|Thunderbolt|p2a: Hoopa
|-damage|p2a: Hoopa|39/100
|
|upkeep
|turn|11
|
|t:|1758351527
|move|p1a: Raging Bolt|Thunderclap|p2a: Hoopa
|-damage|p2a: Hoopa|0 fnt
|faint|p2a: Hoopa
|
|upkeep
|
|t:|1758351533
|switch|p2a: Milotic|Milotic, F|100/100
|turn|12
|
|t:|1758351538
|move|p1a: Raging Bolt|Thunderclap|p2a: Milotic
|-supereffective|p2a: Milotic
|-damage|p2a: Milotic|6/100
|move|p2a: Milotic|Alluring Voice|p1a: Raging Bolt
|-supereffective|p1a: Raging Bolt
|-damage|p1a: Raging Bolt|24/100
|
|upkeep
|turn|13
|
|t:|1758351549
|switch|p2a: Scizor|Scizor, M|76/100
|move|p1a: Raging Bolt|Thunderclap||[still]
|-fail|p1a: Raging Bolt
|
|upkeep
|turn|14
|
|t:|1758351556
|-end|p1a: Raging Bolt|Protosynthesis|[silent]
|switch|p1a: Moltres|Moltres|87/100
|move|p2a: Scizor|U-turn|p1a: Moltres
|-resisted|p1a: Moltres
|-damage|p1a: Moltres|77/100
|
|t:|1758351561
|switch|p2a: Moltres|Moltres-Galar|100/100|[from] U-turn
|
|upkeep
|turn|15
|
|t:|1758351569
|move|p1a: Moltres|Flamethrower|p2a: Moltres
|-damage|p2a: Moltres|78/100
|move|p2a: Moltres|Agility|p2a: Moltres
|-boost|p2a: Moltres|spe|2
|
|upkeep
|turn|16
|
|t:|1758351577
|move|p2a: Moltres|Nasty Plot|p2a: Moltres
|-boost|p2a: Moltres|spa|2
|move|p1a: Moltres|Flamethrower|p2a: Moltres
|-damage|p2a: Moltres|56/100
|-status|p2a: Moltres|brn
|
|-damage|p2a: Moltres|50/100 brn|[from] brn
|upkeep
|turn|17
|
|t:|1758351591
|switch|p1a: Iron Treads|Iron Treads|17/100
|move|p2a: Moltres|Fiery Wrath|p1a: Iron Treads
|-damage|p1a: Iron Treads|0 fnt
|faint|p1a: Iron Treads
|-end|p1a: Iron Treads|Quark Drive|[silent]
|
|-damage|p2a: Moltres|43/100 brn|[from] brn
|upkeep
|
|t:|1758351606
|switch|p1a: Walking Wake|Walking Wake|100/100
|turn|18
|
|t:|1758351618
|-terastallize|p2a: Moltres|Dark
|move|p1a: Walking Wake|Draco Meteor|p2a: Moltres
|-damage|p2a: Moltres|0 fnt
|-unboost|p1a: Walking Wake|spa|2
|faint|p2a: Moltres
|
|upkeep
|
|t:|1758351625
|switch|p2a: Scizor|Scizor, M|76/100
|turn|19
|
|t:|1758351630
|-end|p1a: Walking Wake|Protosynthesis|[silent]
|switch|p1a: Moltres|Moltres|77/100
|move|p2a: Scizor|U-turn|p1a: Moltres
|-resisted|p1a: Moltres
|-damage|p1a: Moltres|66/100
|
|t:|1758351638
|switch|p2a: Milotic|Milotic, F|6/100|[from] U-turn
|
|upkeep
|turn|20
|
|t:|1758351648
|switch|p1a: Walking Wake|Walking Wake|100/100
|move|p2a: Milotic|Recover|p2a: Milotic
|-heal|p2a: Milotic|56/100
|
|upkeep
|turn|21
|
|t:|1758351658
|move|p1a: Walking Wake|Flamethrower|p2a: Milotic
|-resisted|p2a: Milotic
|-damage|p2a: Milotic|47/100
|move|p2a: Milotic|Recover|p2a: Milotic
|-heal|p2a: Milotic|98/100
|
|upkeep
|turn|22
|-message|Zarathos0308 forfeited.
|
|win|Can't swim 7
|raw|Can&apos;t swim 7's rating: 1228 &rarr; <strong>1259</strong><br />(+31 for winning)
|raw|Zarathos0308's rating: 1312 &rarr; <strong>1287</strong><br />(-25 for losing)
|l|☆Zarathos0308
|player|p2|
|l|☆Can't swim 7
|player|p1|
