|j|☆Yugiohvn
|j|☆HyperHHH
|t:|1758298204
|gametype|singles
|player|p1|Yugiohvn|elesa|1689
|player|p2|HyperHHH|fisherman-gen2jp|1629
|gen|9
|tier|[Gen 9] OU
|rated|
|rule|HP Percentage Mod: HP is shown in percentages
|rule|Endless Battle Clause: Forcing endless battles is banned
|rule|Species Clause: Limit one of each Pokémon
|rule|OHKO Clause: OHKO moves are banned
|rule|Evasion Items Clause: Evasion items are banned
|rule|Evasion Moves Clause: Evasion moves are banned
|rule|Evasion Abilities Clause: Evasion abilities are banned
|rule|Sleep Moves Clause: Sleep-inducing moves are banned
|clearpoke
|poke|p1|Landorus-Therian, M|
|poke|p1|Darkrai|
|poke|p1|Samurott-Hisui, F|
|poke|p1|Moltres|
|poke|p1|Tinkaton, F|
|poke|p1|Sinistcha-Masterpiece|
|poke|p2|Kingambit, M|
|poke|p2|Kyurem|
|poke|p2|Samurott-Hisui, F|
|poke|p2|Iron Valiant|
|poke|p2|Landorus-Therian, M|
|poke|p2|Iron Moth|
|teampreview
|inactive|Battle timer is ON: inactive players will automatically lose when time's up. (requested by HyperHHH)
|
|t:|1758298212
|teamsize|p1|6
|teamsize|p2|6
|start
|switch|p1a: Samurott|Samurott-Hisui, F|100/100
|switch|p2a: Samurott|Samurott-Hisui, F|100/100
|turn|1
|
|t:|1758298215
|move|p1a: Samurott|Ceaseless Edge|p2a: Samurott
|-resisted|p2a: Samurott
|-damage|p2a: Samurott|72/100
|-sidestart|p2: HyperHHH|Spikes
|move|p2a: Samurott|Ceaseless Edge|p1a: Samurott
|-resisted|p1a: Samurott
|-damage|p1a: Samurott|72/100
|-sidestart|p1: Yugiohvn|Spikes
|
|upkeep
|turn|2
|
|t:|1758298219
|move|p1a: Samurott|Ceaseless Edge|p2a: Samurott
|-resisted|p2a: Samurott
|-damage|p2a: Samurott|42/100
|-sidestart|p2: HyperHHH|Spikes
|move|p2a: Samurott|Ceaseless Edge|p1a: Samurott
|-resisted|p1a: Samurott
|-damage|p1a: Samurott|40/100
|-sidestart|p1: Yugiohvn|Spikes
|
|upkeep
|turn|3
|
|t:|1758298222
|move|p1a: Samurott|Ceaseless Edge|p2a: Samurott
|-resisted|p2a: Samurott
|-damage|p2a: Samurott|14/100
|-sidestart|p2: HyperHHH|Spikes
|move|p2a: Samurott|Ceaseless Edge|p1a: Samurott
|-resisted|p1a: Samurott
|-damage|p1a: Samurott|10/100
|-sidestart|p1: Yugiohvn|Spikes
|
|upkeep
|turn|4
|
|t:|1758298226
|switch|p2a: Landorus|Landorus-Therian, M|100/100
|-ability|p2a: Landorus|Intimidate|boost
|-unboost|p1a: Samurott|atk|1
|move|p1a: Samurott|Sucker Punch||[still]
|-fail|p1a: Samurott
|
|upkeep
|turn|5
|
|t:|1758298242
|switch|p1a: Tinkaton|Tinkaton, F|100/100
|-item|p1a: Tinkaton|Air Balloon
|move|p2a: Landorus|Stone Edge|p1a: Tinkaton
|-resisted|p1a: Tinkaton
|-damage|p1a: Tinkaton|79/100
|-enditem|p1a: Tinkaton|Air Balloon
|
|upkeep
|turn|6
|
|t:|1758298251
|move|p1a: Tinkaton|Encore|p2a: Landorus
|-start|p2a: Landorus|Encore
|move|p2a: Landorus|Stone Edge|p1a: Tinkaton
|-resisted|p1a: Tinkaton
|-damage|p1a: Tinkaton|60/100
|
|upkeep
|turn|7
|
|t:|1758298262
|switch|p2a: Samurott|Samurott-Hisui, F|14/100
|-damage|p2a: Samurott|0 fnt|[from] Spikes
|faint|p2a: Samurott
|move|p1a: Tinkaton|Stealth Rock|p2: Samurott
|-sidestart|p2: HyperHHH|move: Stealth Rock
|
|upkeep
|inactive|HyperHHH has 120 seconds left.
|
|t:|1758298295
|switch|p2a: Landorus|Landorus-Therian, M|100/100
|-damage|p2a: Landorus|88/100|[from] Stealth Rock
|-ability|p2a: Landorus|Intimidate|boost
|-unboost|p1a: Tinkaton|atk|1
|turn|8
|
|t:|1758298303
|switch|p1a: Landorus|Landorus-Therian, M|100/100
|-ability|p1a: Landorus|Intimidate|boost
|-unboost|p2a: Landorus|atk|1
|move|p2a: Landorus|Stealth Rock|p1a: Landorus
|-sidestart|p1: Yugiohvn|move: Stealth Rock
|
|upkeep
|turn|9
|inactive|HyperHHH has 120 seconds left.
|
|t:|1758298320
|-terastallize|p1a: Landorus|Flying
|move|p1a: Landorus|Tera Blast|p2a: Landorus|[anim] Tera Blast Flying
|-damage|p2a: Landorus|14/100
|move|p2a: Landorus|Stone Edge|p1a: Landorus
|-supereffective|p1a: Landorus
|-damage|p1a: Landorus|42/100
|
|upkeep
|turn|10
|
|t:|1758298327
|move|p1a: Landorus|Tera Blast|p2a: Landorus|[anim] Tera Blast Flying
|-damage|p2a: Landorus|0 fnt
|faint|p2a: Landorus
|
|upkeep
|inactive|HyperHHH has 120 seconds left.
|
|t:|1758298342
|switch|p2a: Iron Moth|Iron Moth|100/100
|-damage|p2a: Iron Moth|76/100|[from] Spikes
|-damage|p2a: Iron Moth|51/100|[from] Stealth Rock
|-enditem|p2a: Iron Moth|Booster Energy
|-activate|p2a: Iron Moth|ability: Quark Drive|[fromitem]
|-start|p2a: Iron Moth|quarkdrivespe
|turn|11
|j| wgw2333
|inactive|HyperHHH has 120 seconds left.
|
|t:|1758298366
|switch|p1a: Tinkaton|Tinkaton, F|60/100
|-damage|p1a: Tinkaton|35/100|[from] Spikes
|-damage|p1a: Tinkaton|29/100|[from] Stealth Rock
|move|p2a: Iron Moth|Fiery Dance|p1a: Tinkaton
|-supereffective|p1a: Tinkaton
|-damage|p1a: Tinkaton|0 fnt
|-boost|p2a: Iron Moth|spa|1
|faint|p1a: Tinkaton
|
|upkeep
|
|t:|1758298372
|switch|p1a: Samurott|Samurott-Hisui, F|10/100
|turn|12
|inactive|HyperHHH has 120 seconds left.
|inactive|HyperHHH has 90 seconds left.
|
|t:|1758298430
|move|p1a: Samurott|Sucker Punch||[still]
|-fail|p1a: Samurott
|move|p2a: Iron Moth|Substitute|p2a: Iron Moth
|-start|p2a: Iron Moth|Substitute
|-damage|p2a: Iron Moth|26/100
|
|upkeep
|turn|13
|
|t:|1758298435
|move|p1a: Samurott|Sucker Punch|p2a: Iron Moth
|-end|p2a: Iron Moth|Substitute
|move|p2a: Iron Moth|Fiery Dance|p1a: Samurott
|-resisted|p1a: Samurott
|-damage|p1a: Samurott|0 fnt
|-boost|p2a: Iron Moth|spa|1
|faint|p1a: Samurott
|
|upkeep
|
|t:|1758298440
|switch|p1a: Moltres|Moltres|100/100
|turn|14
|
|t:|1758298445
|move|p2a: Iron Moth|Sludge Wave|p1a: Moltres
|-damage|p1a: Moltres|3/100
|move|p1a: Moltres|Roar|p2a: Iron Moth
|-end|p2a: Iron Moth|Quark Drive|[silent]
|drag|p2a: Kyurem|Kyurem|100/100
|-damage|p2a: Kyurem|76/100|[from] Spikes
|-damage|p2a: Kyurem|51/100|[from] Stealth Rock
|-ability|p2a: Kyurem|Pressure
|
|upkeep
|turn|15
|
|t:|1758298451
|move|p2a: Kyurem|Scale Shot|p1a: Moltres
|-damage|p1a: Moltres|0 fnt
|faint|p1a: Moltres
|-hitcount|p1: Moltres|1
|-unboost|p2a: Kyurem|def|1
|-boost|p2a: Kyurem|spe|1
|
|upkeep
|
|t:|1758298455
|switch|p1a: Darkrai|Darkrai|100/100
|turn|16
|
|t:|1758298457
|move|p2a: Kyurem|Icicle Spear|p1a: Darkrai
|-damage|p1a: Darkrai|82/100
|-damage|p1a: Darkrai|66/100
|-damage|p1a: Darkrai|48/100
|-damage|p1a: Darkrai|31/100
|-damage|p1a: Darkrai|14/100
|-hitcount|p1a: Darkrai|5
|move|p1a: Darkrai|Dark Pulse|p2a: Kyurem
|-damage|p2a: Kyurem|6/100
|
|upkeep
|turn|17
|-message|Yugiohvn forfeited.
|
|win|HyperHHH
|raw|Yugiohvn's rating: 1689 &rarr; <strong>1666</strong><br />(-23 for losing)
|raw|HyperHHH's rating: 1629 &rarr; <strong>1652</strong><br />(+23 for winning)
|l|☆Yugiohvn
|player|p1|
|l|☆HyperHHH
|player|p2|
|l| wgw2333
