|j|☆OmegaXC
|j|☆duncandomino
|t:|1758261586
|gametype|singles
|player|p1|OmegaXC|mars|1324
|player|p2|duncandomino|steven|1376
|gen|9
|tier|[Gen 9] OU
|rated|
|rule|HP Percentage Mod: HP is shown in percentages
|rule|Endless Battle Clause: Forcing endless battles is banned
|rule|Species Clause: Limit one of each Pokémon
|rule|OHKO Clause: OHKO moves are banned
|rule|Evasion Items Clause: Evasion items are banned
|rule|Evasion Moves Clause: Evasion moves are banned
|rule|Evasion Abilities Clause: Evasion abilities are banned
|rule|Sleep Moves Clause: Sleep-inducing moves are banned
|clearpoke
|poke|p1|Samurott-Hisui, M|
|poke|p1|Dragonite, F|
|poke|p1|Iron Treads|
|poke|p1|Scizor, M|
|poke|p1|Pecharunt|
|poke|p1|Iron Valiant|
|poke|p2|Ogerpon-Wellspring, F|
|poke|p2|Metagross|
|poke|p2|Moltres|
|poke|p2|Toxicroak, F|
|poke|p2|Great Tusk|
|poke|p2|Dragapult, F|
|teampreview
|inactive|Battle timer is ON: inactive players will automatically lose when time's up. (requested by OmegaXC)
|j| PG Spectating
|inactive|duncandomino has 120 seconds left.
|
|t:|1758261625
|teamsize|p1|6
|teamsize|p2|6
|start
|switch|p1a: Samurott|Samurott-Hisui, M|100/100
|switch|p2a: Ogerpon|Ogerpon-Wellspring, F|100/100
|turn|1
|
|t:|1758261635
|switch|p1a: Pecharunt|Pecharunt|100/100
|move|p2a: Ogerpon|Power Whip|p1a: Pecharunt
|-resisted|p1a: Pecharunt
|-damage|p1a: Pecharunt|84/100
|-damage|p2a: Ogerpon|84/100|[from] item: Rocky Helmet|[of] p1a: Pecharunt
|
|upkeep
|turn|2
|
|t:|1758261648
|switch|p2a: Toxicroak|Toxicroak, F|100/100
|move|p1a: Pecharunt|Parting Shot|p2a: Toxicroak
|-unboost|p2a: Toxicroak|atk|1
|-unboost|p2a: Toxicroak|spa|1
|
|t:|1758261666
|switch|p1a: Iron Treads|Iron Treads|100/100|[from] Parting Shot
|
|upkeep
|turn|3
|
|t:|1758261676
|switch|p2a: Great Tusk|Great Tusk|100/100
|move|p1a: Iron Treads|Stealth Rock|p2a: Great Tusk
|-sidestart|p2: duncandomino|move: Stealth Rock
|
|upkeep
|turn|4
|
|t:|1758261684
|move|p1a: Iron Treads|Knock Off|p2a: Great Tusk
|-resisted|p2a: Great Tusk
|-damage|p2a: Great Tusk|91/100
|-enditem|p2a: Great Tusk|Heavy-Duty Boots|[from] move: Knock Off|[of] p1a: Iron Treads
|move|p2a: Great Tusk|Headlong Rush|p1a: Iron Treads
|-supereffective|p1a: Iron Treads
|-damage|p1a: Iron Treads|0 fnt
|-unboost|p2a: Great Tusk|def|1
|-unboost|p2a: Great Tusk|spd|1
|faint|p1a: Iron Treads
|-end|p1a: Iron Treads|Quark Drive|[silent]
|
|upkeep
|
|t:|1758261710
|switch|p1a: Samurott|Samurott-Hisui, M|100/100
|turn|5
|
|t:|1758261716
|-end|p2a: Great Tusk|Protosynthesis|[silent]
|switch|p2a: Toxicroak|Toxicroak, F|100/100
|-damage|p2a: Toxicroak|94/100|[from] Stealth Rock
|move|p1a: Samurott|Razor Shell|p2a: Toxicroak
|-heal|p2a: Toxicroak|100/100|[from] ability: Dry Skin|[of] p1a: Samurott
|
|upkeep
|turn|6
|
|t:|1758261725
|move|p1a: Samurott|Ceaseless Edge|p2a: Toxicroak
|-resisted|p2a: Toxicroak
|-damage|p2a: Toxicroak|82/100
|-sidestart|p2: duncandomino|Spikes
|move|p2a: Toxicroak|Knock Off|p1a: Samurott
|-resisted|p1a: Samurott
|-damage|p1a: Samurott|87/100
|-enditem|p1a: Samurott|Assault Vest|[from] move: Knock Off|[of] p2a: Toxicroak
|
|-heal|p2a: Toxicroak|88/100|[from] item: Leftovers
|upkeep
|turn|7
|
|t:|1758261737
|switch|p1a: Pecharunt|Pecharunt|84/100
|move|p2a: Toxicroak|Toxic|p1a: Pecharunt
|-immune|p1a: Pecharunt
|
|-heal|p2a: Toxicroak|94/100|[from] item: Leftovers
|upkeep
|turn|8
|
|t:|1758261745
|move|p2a: Toxicroak|Knock Off|p1a: Pecharunt
|-supereffective|p1a: Pecharunt
|-damage|p1a: Pecharunt|63/100
|-damage|p2a: Toxicroak|78/100|[from] item: Rocky Helmet|[of] p1a: Pecharunt
|-enditem|p1a: Pecharunt|Rocky Helmet|[from] move: Knock Off|[of] p2a: Toxicroak
|move|p1a: Pecharunt|Recover|p1a: Pecharunt
|-heal|p1a: Pecharunt|100/100
|
|-heal|p2a: Toxicroak|84/100|[from] item: Leftovers
|upkeep
|turn|9
|
|t:|1758261755
|move|p2a: Toxicroak|Encore|p1a: Pecharunt
|-start|p1a: Pecharunt|Encore
|move|p1a: Pecharunt|Recover||[still]
|-fail|p1a: Pecharunt|heal
|
|-heal|p2a: Toxicroak|90/100|[from] item: Leftovers
|upkeep
|turn|10
|
|t:|1758261763
|switch|p2a: Great Tusk|Great Tusk|91/100
|-damage|p2a: Great Tusk|88/100|[from] Stealth Rock
|-damage|p2a: Great Tusk|75/100|[from] Spikes
|switch|p1a: Scizor|Scizor, M, shiny|100/100
|
|upkeep
|turn|11
|
|t:|1758261772
|switch|p1a: Pecharunt|Pecharunt|100/100
|move|p2a: Great Tusk|Stealth Rock|p1a: Pecharunt
|-sidestart|p1: OmegaXC|move: Stealth Rock
|
|upkeep
|turn|12
|
|t:|1758261777
|move|p2a: Great Tusk|Headlong Rush|p1a: Pecharunt
|-supereffective|p1a: Pecharunt
|-damage|p1a: Pecharunt|40/100
|-unboost|p2a: Great Tusk|def|1
|-unboost|p2a: Great Tusk|spd|1
|move|p1a: Pecharunt|Parting Shot|p2a: Great Tusk
|-unboost|p2a: Great Tusk|atk|1
|-unboost|p2a: Great Tusk|spa|1
|
|t:|1758261799
|switch|p1a: Iron Valiant|Iron Valiant|100/100|[from] Parting Shot
|-damage|p1a: Iron Valiant|94/100|[from] Stealth Rock
|-enditem|p1a: Iron Valiant|Booster Energy
|-activate|p1a: Iron Valiant|ability: Quark Drive|[fromitem]
|-start|p1a: Iron Valiant|quarkdrivespe
|
|upkeep
|turn|13
|
|t:|1758261810
|move|p1a: Iron Valiant|Moonblast|p2a: Great Tusk
|-supereffective|p2a: Great Tusk
|-damage|p2a: Great Tusk|0 fnt
|faint|p2a: Great Tusk
|-end|p2a: Great Tusk|Protosynthesis|[silent]
|
|upkeep
|
|t:|1758261815
|switch|p2a: Metagross|Metagross|100/100
|-damage|p2a: Metagross|94/100|[from] Stealth Rock
|-damage|p2a: Metagross|82/100|[from] Spikes
|turn|14
|
|t:|1758261827
|-end|p1a: Iron Valiant|Quark Drive|[silent]
|switch|p1a: Samurott|Samurott-Hisui, M|87/100
|-damage|p1a: Samurott|75/100|[from] Stealth Rock
|move|p2a: Metagross|Heavy Slam|p1a: Samurott
|-resisted|p1a: Samurott
|-damage|p1a: Samurott|38/100
|
|upkeep
|turn|15
|
|t:|1758261835
|switch|p2a: Toxicroak|Toxicroak, F|90/100
|-damage|p2a: Toxicroak|84/100|[from] Stealth Rock
|-damage|p2a: Toxicroak|71/100|[from] Spikes
|move|p1a: Samurott|Ceaseless Edge|p2a: Toxicroak
|-resisted|p2a: Toxicroak
|-damage|p2a: Toxicroak|55/100
|-sidestart|p2: duncandomino|Spikes
|
|-heal|p2a: Toxicroak|61/100|[from] item: Leftovers
|upkeep
|turn|16
|
|t:|1758261847
|move|p1a: Samurott|Ceaseless Edge|p2a: Toxicroak
|-resisted|p2a: Toxicroak
|-damage|p2a: Toxicroak|43/100
|-sidestart|p2: duncandomino|Spikes
|move|p2a: Toxicroak|Drain Punch|p1a: Samurott
|-supereffective|p1a: Samurott
|-damage|p1a: Samurott|0 fnt
|-heal|p2a: Toxicroak|63/100|[from] drain|[of] p1a: Samurott
|faint|p1a: Samurott
|
|-heal|p2a: Toxicroak|69/100|[from] item: Leftovers
|upkeep
|
|t:|1758261866
|switch|p1a: Dragonite|Dragonite, F|100/100
|turn|17
|
|t:|1758261870
|move|p1a: Dragonite|Earthquake|p2a: Toxicroak
|-supereffective|p2a: Toxicroak
|-damage|p2a: Toxicroak|5/100
|move|p2a: Toxicroak|Toxic|p1a: Dragonite
|-status|p1a: Dragonite|tox
|
|-heal|p2a: Toxicroak|12/100|[from] item: Leftovers
|-damage|p1a: Dragonite|94/100 tox|[from] psn
|upkeep
|turn|18
|
|t:|1758261893
|move|p1a: Dragonite|Earthquake|p2a: Toxicroak
|-supereffective|p2a: Toxicroak
|-damage|p2a: Toxicroak|0 fnt
|faint|p2a: Toxicroak
|
|-damage|p1a: Dragonite|82/100 tox|[from] psn
|upkeep
|
|t:|1758261900
|switch|p2a: Moltres|Moltres|100/100
|turn|19
|
|t:|1758261911
|move|p1a: Dragonite|Dragon Dance|p1a: Dragonite
|-boost|p1a: Dragonite|atk|1
|-boost|p1a: Dragonite|spe|1
|move|p2a: Moltres|Flamethrower|p1a: Dragonite
|-resisted|p1a: Dragonite
|-damage|p1a: Dragonite|61/100 tox
|
|-damage|p1a: Dragonite|42/100 tox|[from] psn
|upkeep
|turn|20
|
|t:|1758261927
|move|p1a: Dragonite|Roost|p1a: Dragonite
|-heal|p1a: Dragonite|92/100 tox
|-singleturn|p1a: Dragonite|move: Roost
|move|p2a: Moltres|Roost||[still]
|-fail|p2a: Moltres|heal
|
|-damage|p1a: Dragonite|68/100 tox|[from] psn
|upkeep
|turn|21
|
|t:|1758261936
|move|p1a: Dragonite|Extreme Speed|p2a: Moltres
|-damage|p2a: Moltres|66/100
|move|p2a: Moltres|Roar|p1a: Dragonite
|drag|p1a: Iron Valiant|Iron Valiant|94/100
|-damage|p1a: Iron Valiant|88/100|[from] Stealth Rock
|
|upkeep
|turn|22
|
|t:|1758261950
|switch|p2a: Metagross|Metagross|82/100
|-damage|p2a: Metagross|76/100|[from] Stealth Rock
|-damage|p2a: Metagross|51/100|[from] Spikes
|move|p1a: Iron Valiant|Thunderbolt|p2a: Metagross
|-damage|p2a: Metagross|29/100
|
|upkeep
|turn|23
|
|t:|1758261962
|-end|p1a: Iron Valiant|Quark Drive|[silent]
|switch|p1a: Pecharunt|Pecharunt|40/100
|-damage|p1a: Pecharunt|28/100|[from] Stealth Rock
|move|p2a: Metagross|Heavy Slam|p1a: Pecharunt
|-damage|p1a: Pecharunt|0 fnt
|faint|p1a: Pecharunt
|
|upkeep
|
|t:|1758261970
|switch|p1a: Dragonite|Dragonite, F|68/100 tox
|turn|24
|
|t:|1758261976
|move|p1a: Dragonite|Dragon Dance|p1a: Dragonite
|-boost|p1a: Dragonite|atk|1
|-boost|p1a: Dragonite|spe|1
|move|p2a: Metagross|Psychic Fangs|p1a: Dragonite
|-damage|p1a: Dragonite|8/100 tox
|
|-damage|p1a: Dragonite|2/100 tox|[from] psn
|upkeep
|turn|25
|
|t:|1758261984
|move|p1a: Dragonite|Extreme Speed|p2a: Metagross
|-resisted|p2a: Metagross
|-damage|p2a: Metagross|12/100
|move|p2a: Metagross|Bullet Punch|p1a: Dragonite
|-damage|p1a: Dragonite|0 fnt
|faint|p1a: Dragonite
|
|upkeep
|
|t:|1758261995
|switch|p1a: Scizor|Scizor, M, shiny|100/100
|-damage|p1a: Scizor|88/100|[from] Stealth Rock
|turn|26
|
|t:|1758262002
|move|p1a: Scizor|U-turn|p2a: Metagross
|-damage|p2a: Metagross|0 fnt
|faint|p2a: Metagross
|
|t:|1758262004
|switch|p1a: Iron Valiant|Iron Valiant|88/100|[from] U-turn
|-damage|p1a: Iron Valiant|82/100|[from] Stealth Rock
|
|upkeep
|
|t:|1758262021
|switch|p2a: Ogerpon|Ogerpon-Wellspring, F|84/100
|-damage|p2a: Ogerpon|72/100|[from] Stealth Rock
|-damage|p2a: Ogerpon|47/100|[from] Spikes
|turn|27
|
|t:|1758262033
|-terastallize|p1a: Iron Valiant|Fairy
|-terastallize|p2a: Ogerpon|Water
|detailschange|p2a: Ogerpon|Ogerpon-Wellspring-Tera, F, tera:Water
|-ability|p2a: Ogerpon|Embody Aspect (Wellspring)|boost
|-boost|p2a: Ogerpon|spd|1
|move|p1a: Iron Valiant|Moonblast|p2a: Ogerpon
|-damage|p2a: Ogerpon|0 fnt
|faint|p2a: Ogerpon
|detailschange|p2: Ogerpon|Ogerpon-Wellspring, F|[silent]
|
|upkeep
|
|t:|1758262044
|switch|p2a: Dragapult|Dragapult, F|100/100
|-damage|p2a: Dragapult|88/100|[from] Stealth Rock
|-damage|p2a: Dragapult|63/100|[from] Spikes
|turn|28
|
|t:|1758262051
|-end|p1a: Iron Valiant|Quark Drive|[silent]
|switch|p1a: Scizor|Scizor, M, shiny|88/100
|-damage|p1a: Scizor|76/100|[from] Stealth Rock
|move|p2a: Dragapult|Shadow Ball|p1a: Scizor
|-damage|p1a: Scizor|0 fnt
|faint|p1a: Scizor
|
|upkeep
|
|t:|1758262054
|switch|p1a: Iron Valiant|Iron Valiant, tera:Fairy|82/100
|-damage|p1a: Iron Valiant|69/100|[from] Stealth Rock
|turn|29
|
|t:|1758262063
|move|p2a: Dragapult|Shadow Ball|p1a: Iron Valiant
|-damage|p1a: Iron Valiant|0 fnt
|faint|p1a: Iron Valiant
|-end|p1a: Iron Valiant|Quark Drive|[silent]
|
|win|duncandomino
|raw|OmegaXC's rating: 1324 &rarr; <strong>1307</strong><br />(-17 for losing)
|raw|duncandomino's rating: 1376 &rarr; <strong>1393</strong><br />(+17 for winning)
|l|☆OmegaXC
|player|p1|
|l|☆duncandomino
|player|p2|
