|j|‽Khromatology
|j|☆bjarnevp
|t:|1758265521
|gametype|singles
|player|p1|Khromatology|ninjaboy|1150
|player|p2|bjarnevp|steven|1103
|gen|9
|tier|[Gen 9] OU
|rated|
|rule|HP Percentage Mod: HP is shown in percentages
|rule|Endless Battle Clause: Forcing endless battles is banned
|rule|Species Clause: Limit one of each Pokémon
|rule|OHKO Clause: OHKO moves are banned
|rule|Evasion Items Clause: Evasion items are banned
|rule|Evasion Moves Clause: Evasion moves are banned
|rule|Evasion Abilities Clause: Evasion abilities are banned
|rule|Sleep Moves Clause: Sleep-inducing moves are banned
|clearpoke
|poke|p1|Heatran, F|
|poke|p1|Kingambit, M|
|poke|p1|Great Tusk|
|poke|p1|Kyurem|
|poke|p1|Ogerpon-Wellspring, F|
|poke|p1|Enamorus, F|
|poke|p2|Toxtricity, M|
|poke|p2|Kleavor, M|
|poke|p2|Iron Moth|
|poke|p2|Hatterene, F|
|poke|p2|Quagsire, M|
|poke|p2|Kingambit, M|
|teampreview
|inactive|Battle timer is ON: inactive players will automatically lose when time's up. (requested by bjarnevp)
|
|t:|1758265530
|teamsize|p1|6
|teamsize|p2|6
|start
|switch|p1a: Ogerpon|Ogerpon-Wellspring, F|100/100
|switch|p2a: Kleavor|Kleavor, M|100/100
|turn|1
|
|t:|1758265546
|-terastallize|p1a: Ogerpon|Water
|detailschange|p1a: Ogerpon|Ogerpon-Wellspring-Tera, F, tera:Water
|-ability|p1a: Ogerpon|Embody Aspect (Wellspring)|boost
|-boost|p1a: Ogerpon|spd|1
|move|p1a: Ogerpon|Ivy Cudgel|p2a: Kleavor|[anim] Ivy Cudgel Water
|-supereffective|p2a: Kleavor
|-damage|p2a: Kleavor|0 fnt
|faint|p2a: Kleavor
|
|upkeep
|
|t:|1758265555
|switch|p2a: Toxtricity|Toxtricity, M, shiny|100/100
|turn|2
|
|t:|1758265573
|move|p2a: Toxtricity|Overdrive|p1a: Ogerpon
|-supereffective|p1a: Ogerpon
|-damage|p1a: Ogerpon|26/100
|move|p1a: Ogerpon|Ivy Cudgel|p2a: Toxtricity|[anim] Ivy Cudgel Water
|-crit|p2a: Toxtricity
|-damage|p2a: Toxtricity|0 fnt
|faint|p2a: Toxtricity
|
|upkeep
|
|t:|1758265586
|switch|p2a: Hatterene|Hatterene, F|100/100
|turn|3
|
|t:|1758265606
|move|p1a: Ogerpon|Ivy Cudgel|p2a: Hatterene|[anim] Ivy Cudgel Water
|-crit|p2a: Hatterene
|-damage|p2a: Hatterene|0 fnt
|faint|p2a: Hatterene
|
|upkeep
|
|t:|1758265611
|switch|p2a: Quagsire|Quagsire, M, shiny|100/100
|turn|4
|
|t:|1758265625
|move|p1a: Ogerpon|Power Whip|p2a: Quagsire
|-supereffective|p2a: Quagsire
|-damage|p2a: Quagsire|0 fnt
|faint|p2a: Quagsire
|
|upkeep
|
|t:|1758265631
|switch|p2a: Iron Moth|Iron Moth|100/100
|turn|5
|
|t:|1758265641
|move|p1a: Ogerpon|Ivy Cudgel|p2a: Iron Moth|[anim] Ivy Cudgel Water
|-supereffective|p2a: Iron Moth
|-damage|p2a: Iron Moth|0 fnt
|faint|p2a: Iron Moth
|-end|p2a: Iron Moth|Quark Drive|[silent]
|
|upkeep
|
|t:|1758265643
|switch|p2a: Kingambit|Kingambit, M, shiny|100/100
|-activate|p2a: Kingambit|ability: Supreme Overlord
|-start|p2a: Kingambit|fallen5|[silent]
|turn|6
|
|t:|1758265668
|move|p1a: Ogerpon|Ivy Cudgel|p2a: Kingambit|[anim] Ivy Cudgel Water
|-damage|p2a: Kingambit|50/100
|move|p2a: Kingambit|Swords Dance|p2a: Kingambit
|-boost|p2a: Kingambit|atk|2
|
|upkeep
|turn|7
|
|t:|1758265673
|move|p2a: Kingambit|Sucker Punch|p1a: Ogerpon
|-damage|p1a: Ogerpon|0 fnt
|faint|p1a: Ogerpon
|detailschange|p1: Ogerpon|Ogerpon-Wellspring, F|[silent]
|
|upkeep
|
|t:|1758265690
|switch|p1a: Great Tusk|Great Tusk|100/100
|turn|8
|
|t:|1758265696
|-terastallize|p2a: Kingambit|Dark
|move|p2a: Kingambit|Sucker Punch|p1a: Great Tusk
|-resisted|p1a: Great Tusk
|-crit|p1a: Great Tusk
|-damage|p1a: Great Tusk|26/100
|-damage|p2a: Kingambit|34/100|[from] item: Rocky Helmet|[of] p1a: Great Tusk
|move|p1a: Great Tusk|Headlong Rush|p2a: Kingambit
|-damage|p2a: Kingambit|0 fnt
|-unboost|p1a: Great Tusk|def|1
|-unboost|p1a: Great Tusk|spd|1
|faint|p2a: Kingambit
|-end|p2a: Kingambit|fallen5|[silent]
|
|win|Khromatology
|raw|Khromatology's rating: 1150 &rarr; <strong>1172</strong><br />(+22 for winning)
|raw|bjarnevp's rating: 1103 &rarr; <strong>1081</strong><br />(-22 for losing)
|l|☆bjarnevp
|player|p2|
|l|‽Khromatology
|player|p1|
