|j|☆GraphLegion
|j|☆GialloN
|t:|1758344129
|gametype|singles
|player|p1|GraphLegion|265|1340
|player|p2|GialloN|n|1326
|gen|9
|tier|[Gen 9] OU
|rated|
|rule|HP Percentage Mod: HP is shown in percentages
|rule|Endless Battle Clause: Forcing endless battles is banned
|rule|Species Clause: Limit one of each Pokémon
|rule|OHKO Clause: OHKO moves are banned
|rule|Evasion Items Clause: Evasion items are banned
|rule|Evasion Moves Clause: Evasion moves are banned
|rule|Evasion Abilities Clause: Evasion abilities are banned
|rule|Sleep Moves Clause: Sleep-inducing moves are banned
|clearpoke
|poke|p1|Frosmoth, F|
|poke|p1|Maushold-Four|
|poke|p1|Mamoswine, M|
|poke|p1|Sinistcha|
|poke|p1|Alomomola, M|
|poke|p1|Weezing-Galar, F|
|poke|p2|Torkoal, F|
|poke|p2|Lilligant-Hisui, F|
|poke|p2|Gholdengo|
|poke|p2|Walking Wake|
|poke|p2|Zapdos|
|poke|p2|Garchomp, F|
|teampreview
|inactive|Battle timer is ON: inactive players will automatically lose when time's up. (requested by GialloN)
|
|t:|1758344135
|teamsize|p1|6
|teamsize|p2|6
|start
|switch|p1a: Mamoswine|Mamoswine, M|100/100
|switch|p2a: Skincare pls|Garchomp, F, shiny|100/100
|turn|1
|
|t:|1758344142
|switch|p2a: In a cargo box?|Torkoal, F, shiny|100/100
|-weather|SunnyDay|[from] ability: Drought|[of] p2a: In a cargo box?
|move|p1a: Mamoswine|Earthquake|p2a: In a cargo box?
|-supereffective|p2a: In a cargo box?
|-damage|p2a: In a cargo box?|40/100
|
|-weather|SunnyDay|[upkeep]
|upkeep
|turn|2
|
|t:|1758344149
|switch|p2a: Asac Schrader|Gholdengo, shiny|100/100
|-item|p2a: Asac Schrader|Air Balloon
|move|p1a: Mamoswine|Earthquake|p2a: Asac Schrader
|-immune|p2a: Asac Schrader
|
|-weather|SunnyDay|[upkeep]
|upkeep
|turn|3
|
|t:|1758344160
|move|p2a: Asac Schrader|Make It Rain|p1a: Mamoswine
|-supereffective|p1a: Mamoswine
|-enditem|p1a: Mamoswine|Focus Sash
|-damage|p1a: Mamoswine|1/100
|-unboost|p2a: Asac Schrader|spa|1
|move|p1a: Mamoswine|Stealth Rock|p2a: Asac Schrader
|-sidestart|p2: GialloN|move: Stealth Rock
|
|-weather|SunnyDay|[upkeep]
|upkeep
|turn|4
|
|t:|1758344168
|move|p2a: Asac Schrader|Shadow Ball|p1a: Mamoswine
|-damage|p1a: Mamoswine|0 fnt
|faint|p1a: Mamoswine
|
|-weather|SunnyDay|[upkeep]
|upkeep
|inactive|GraphLegion has 120 seconds left.
|
|t:|1758344200
|switch|p1a: Sinistcha|Sinistcha|100/100
|turn|5
|
|t:|1758344208
|move|p2a: Asac Schrader|Nasty Plot|p2a: Asac Schrader
|-boost|p2a: Asac Schrader|spa|2
|move|p1a: Sinistcha|Shadow Ball|p2a: Asac Schrader
|-supereffective|p2a: Asac Schrader
|-damage|p2a: Asac Schrader|18/100
|-enditem|p2a: Asac Schrader|Air Balloon
|
|-weather|SunnyDay|[upkeep]
|upkeep
|turn|6
|
|t:|1758344220
|switch|p1a: Alomomola|Alomomola, M|100/100
|move|p2a: Asac Schrader|Shadow Ball|p1a: Alomomola
|-damage|p1a: Alomomola|64/100
|-unboost|p1a: Alomomola|spd|1
|
|-weather|SunnyDay|[upkeep]
|upkeep
|turn|7
|
|t:|1758344226
|move|p2a: Asac Schrader|Recover|p2a: Asac Schrader
|-heal|p2a: Asac Schrader|68/100
|move|p1a: Alomomola|Flip Turn|p2a: Asac Schrader
|-damage|p2a: Asac Schrader|59/100
|
|t:|1758344248
|switch|p1a: Maushold|Maushold-Four|100/100|[from] Flip Turn
|
|-weather|SunnyDay|[upkeep]
|upkeep
|turn|8
|
|t:|1758344262
|switch|p2a: Skincare pls|Garchomp, F, shiny|100/100
|-damage|p2a: Skincare pls|94/100|[from] Stealth Rock
|move|p1a: Maushold|Bite|p2a: Skincare pls
|-damage|p2a: Skincare pls|81/100
|-damage|p1a: Maushold|88/100|[from] ability: Rough Skin|[of] p2a: Skincare pls
|-damage|p1a: Maushold|71/100|[from] item: Rocky Helmet|[of] p2a: Skincare pls
|
|-weather|none
|upkeep
|turn|9
|
|t:|1758344273
|move|p1a: Maushold|Population Bomb|p2a: Skincare pls
|-damage|p2a: Skincare pls|74/100
|-damage|p1a: Maushold|59/100|[from] ability: Rough Skin|[of] p2a: Skincare pls
|-damage|p1a: Maushold|42/100|[from] item: Rocky Helmet|[of] p2a: Skincare pls
|-damage|p2a: Skincare pls|66/100
|-damage|p1a: Maushold|30/100|[from] ability: Rough Skin|[of] p2a: Skincare pls
|-damage|p1a: Maushold|13/100|[from] item: Rocky Helmet|[of] p2a: Skincare pls
|-damage|p2a: Skincare pls|60/100
|-damage|p1a: Maushold|1/100|[from] ability: Rough Skin|[of] p2a: Skincare pls
|-damage|p1a: Maushold|0 fnt|[from] item: Rocky Helmet|[of] p2a: Skincare pls
|faint|p1a: Maushold
|-hitcount|p2a: Skincare pls|3
|move|p2a: Skincare pls|Stealth Rock|p1: Maushold
|-sidestart|p1: GraphLegion|move: Stealth Rock
|
|upkeep
|
|t:|1758344283
|switch|p1a: Weezing|Weezing-Galar, F|100/100
|-ability|p1a: Weezing|Neutralizing Gas
|-damage|p1a: Weezing|88/100|[from] Stealth Rock
|turn|10
|
|t:|1758344294
|-terastallize|p2a: Skincare pls|Ghost
|move|p2a: Skincare pls|Earthquake|p1a: Weezing
|-supereffective|p1a: Weezing
|-enditem|p1a: Weezing|Shuca Berry|[eat]
|-enditem|p1a: Weezing|Shuca Berry|[weaken]
|-damage|p1a: Weezing|59/100
|move|p1a: Weezing|Defog|p2a: Skincare pls
|-unboost|p2a: Skincare pls|evasion|1
|-sideend|p2: GialloN|Stealth Rock|[from] move: Defog|[of] p1a: Weezing
|-sideend|p1: GraphLegion|Stealth Rock|[from] move: Defog|[of] p1a: Weezing
|
|upkeep
|turn|11
|
|t:|1758344303
|move|p2a: Skincare pls|Earthquake|p1a: Weezing
|-supereffective|p1a: Weezing
|-damage|p1a: Weezing|5/100
|move|p1a: Weezing|Toxic|p2a: Skincare pls
|-status|p2a: Skincare pls|tox
|
|-damage|p2a: Skincare pls|54/100 tox|[from] psn
|upkeep
|turn|12
|
|t:|1758344309
|move|p2a: Skincare pls|Earthquake|p1a: Weezing
|-supereffective|p1a: Weezing
|-damage|p1a: Weezing|0 fnt
|faint|p1a: Weezing
|-end|p1a: Weezing|ability: Neutralizing Gas
|
|-damage|p2a: Skincare pls|41/100 tox|[from] psn
|upkeep
|
|t:|1758344322
|switch|p1a: Sinistcha|Sinistcha|100/100
|turn|13
|
|t:|1758344326
|switch|p2a: In a cargo box?|Torkoal, F, shiny|40/100
|-weather|SunnyDay|[from] ability: Drought|[of] p2a: In a cargo box?
|move|p1a: Sinistcha|Calm Mind|p1a: Sinistcha
|-boost|p1a: Sinistcha|spa|1
|-boost|p1a: Sinistcha|spd|1
|
|-weather|SunnyDay|[upkeep]
|upkeep
|turn|14
|
|t:|1758344332
|move|p1a: Sinistcha|Shadow Ball|p2a: In a cargo box?
|-damage|p2a: In a cargo box?|0 fnt
|faint|p2a: In a cargo box?
|
|-weather|SunnyDay|[upkeep]
|upkeep
|
|t:|1758344341
|switch|p2a: Bay Harbor Sweeper|Lilligant-Hisui, F, shiny|100/100
|turn|15
|
|t:|1758344345
|move|p2a: Bay Harbor Sweeper|Triple Axel|p1a: Sinistcha
|-supereffective|p1a: Sinistcha
|-damage|p1a: Sinistcha|88/100
|-supereffective|p1a: Sinistcha
|-damage|p1a: Sinistcha|65/100
|-supereffective|p1a: Sinistcha
|-damage|p1a: Sinistcha|32/100
|-hitcount|p1a: Sinistcha|3
|-damage|p2a: Bay Harbor Sweeper|91/100|[from] item: Life Orb
|move|p1a: Sinistcha|Strength Sap|p2a: Bay Harbor Sweeper
|-unboost|p2a: Bay Harbor Sweeper|atk|1
|-heal|p1a: Sinistcha|100/100
|
|-weather|SunnyDay|[upkeep]
|upkeep
|turn|16
|
|t:|1758344359
|switch|p2a: King of ZapZap|Zapdos, shiny|100/100
|move|p1a: Sinistcha|Shadow Ball|p2a: King of ZapZap
|-damage|p2a: King of ZapZap|56/100
|
|-weather|SunnyDay|[upkeep]
|upkeep
|turn|17
|
|t:|1758344366
|move|p2a: King of ZapZap|Weather Ball|p1a: Sinistcha
|-supereffective|p1a: Sinistcha
|-damage|p1a: Sinistcha|58/100
|move|p1a: Sinistcha|Shadow Ball|p2a: King of ZapZap
|-damage|p2a: King of ZapZap|8/100
|
|-weather|SunnyDay|[upkeep]
|upkeep
|turn|18
|
|t:|1758344372
|move|p2a: King of ZapZap|Thunder Wave|p1a: Sinistcha
|-status|p1a: Sinistcha|par
|move|p1a: Sinistcha|Shadow Ball|p2a: King of ZapZap
|-damage|p2a: King of ZapZap|0 fnt
|faint|p2a: King of ZapZap
|
|-weather|SunnyDay|[upkeep]
|upkeep
|
|t:|1758344392
|switch|p2a: Bay Harbor Sweeper|Lilligant-Hisui, F, shiny|91/100
|turn|19
|
|t:|1758344401
|switch|p1a: Alomomola|Alomomola, M|98/100
|move|p2a: Bay Harbor Sweeper|Triple Axel|p1a: Alomomola
|-resisted|p1a: Alomomola
|-damage|p1a: Alomomola|95/100
|-resisted|p1a: Alomomola
|-damage|p1a: Alomomola|89/100
|-resisted|p1a: Alomomola
|-damage|p1a: Alomomola|80/100
|-hitcount|p1a: Alomomola|3
|-damage|p2a: Bay Harbor Sweeper|81/100|[from] item: Life Orb
|
|-weather|SunnyDay|[upkeep]
|upkeep
|turn|20
|
|t:|1758344406
|switch|p2a: Skincare pls|Garchomp, F, shiny, tera:Ghost|41/100 tox
|switch|p1a: Sinistcha|Sinistcha|58/100 par
|
|-weather|none
|-damage|p2a: Skincare pls|35/100 tox|[from] psn
|upkeep
|turn|21
|
|t:|1758344414
|switch|p1a: Frosmoth|Frosmoth, F|100/100
|move|p2a: Skincare pls|Stealth Rock|p1a: Frosmoth
|-sidestart|p1: GraphLegion|move: Stealth Rock
|
|-damage|p2a: Skincare pls|23/100 tox|[from] psn
|upkeep
|turn|22
|
|t:|1758344421
|move|p1a: Frosmoth|Substitute|p1a: Frosmoth
|-start|p1a: Frosmoth|Substitute
|-damage|p1a: Frosmoth|76/100
|move|p2a: Skincare pls|Dragon Tail|p1a: Frosmoth
|-end|p1a: Frosmoth|Substitute
|
|-heal|p1a: Frosmoth|82/100|[from] item: Leftovers
|-damage|p2a: Skincare pls|4/100 tox|[from] psn
|upkeep
|turn|23
|
|t:|1758344443
|move|p2a: Skincare pls|Earthquake|p1a: Frosmoth
|-resisted|p1a: Frosmoth
|-damage|p1a: Frosmoth|42/100
|move|p1a: Frosmoth|Ice Beam|p2a: Skincare pls
|-damage|p2a: Skincare pls|0 fnt
|faint|p2a: Skincare pls
|
|-heal|p1a: Frosmoth|48/100|[from] item: Leftovers
|upkeep
|
|t:|1758344456
|switch|p2a: Bay Harbor Sweeper|Lilligant-Hisui, F, shiny|81/100
|turn|24
|
|t:|1758344462
|move|p2a: Bay Harbor Sweeper|Close Combat|p1a: Frosmoth
|-damage|p1a: Frosmoth|0 fnt
|-unboost|p2a: Bay Harbor Sweeper|def|1
|-unboost|p2a: Bay Harbor Sweeper|spd|1
|faint|p1a: Frosmoth
|-damage|p2a: Bay Harbor Sweeper|71/100|[from] item: Life Orb
|
|upkeep
|
|t:|1758344465
|switch|p1a: Alomomola|Alomomola, M|100/100
|-damage|p1a: Alomomola|88/100|[from] Stealth Rock
|turn|25
|
|t:|1758344469
|switch|p2a: Asac Schrader|Gholdengo, shiny|59/100
|-terastallize|p1a: Alomomola|Electric
|move|p1a: Alomomola|Body Slam|p2a: Asac Schrader
|-immune|p2a: Asac Schrader
|
|upkeep
|turn|26
|
|t:|1758344476
|move|p2a: Asac Schrader|Recover|p2a: Asac Schrader
|-heal|p2a: Asac Schrader|100/100
|move|p1a: Alomomola|Mirror Coat||[still]
|-fail|p1a: Alomomola
|
|upkeep
|turn|27
|-message|GraphLegion forfeited.
|
|win|GialloN
|raw|GraphLegion's rating: 1340 &rarr; <strong>1319</strong><br />(-21 for losing)
|raw|GialloN's rating: 1326 &rarr; <strong>1347</strong><br />(+21 for winning)
|l|☆GraphLegion
|player|p1|
|l|☆GialloN
|player|p2|
