|j|☆kournikovax
|j|☆two rat man
|t:|1758321434
|gametype|singles
|player|p1|kournikovax|skierf-gen4dp|1521
|player|p2|two rat man|102|1513
|gen|9
|tier|[Gen 9] OU
|rated|
|rule|HP Percentage Mod: HP is shown in percentages
|rule|Endless Battle Clause: Forcing endless battles is banned
|rule|Species Clause: Limit one of each Pokémon
|rule|OHKO Clause: OHKO moves are banned
|rule|Evasion Items Clause: Evasion items are banned
|rule|Evasion Moves Clause: Evasion moves are banned
|rule|Evasion Abilities Clause: Evasion abilities are banned
|rule|Sleep Moves Clause: Sleep-inducing moves are banned
|clearpoke
|poke|p1|Dragapult, F|
|poke|p1|Iron Crown|
|poke|p1|Great Tusk|
|poke|p1|Garganacl, M|
|poke|p1|Dragonite, M|
|poke|p1|Hoopa-Unbound|
|poke|p2|Rillaboom, M|
|poke|p2|Ogerpon, F|
|poke|p2|Gholdengo|
|poke|p2|Great Tusk|
|poke|p2|Raging Bolt|
|poke|p2|Glimmora, F|
|teampreview
|inactive|Battle timer is ON: inactive players will automatically lose when time's up. (requested by two rat man)
|
|t:|1758321448
|teamsize|p1|6
|teamsize|p2|6
|start
|switch|p1a: Iron Crown|Iron Crown|100/100
|switch|p2a: Glimmora|Glimmora, F|100/100
|turn|1
|
|t:|1758321458
|switch|p2a: Gholdengo|Gholdengo|100/100
|move|p1a: Iron Crown|Tachyon Cutter|p2a: Gholdengo
|-resisted|p2a: Gholdengo
|-damage|p2a: Gholdengo|78/100
|-resisted|p2a: Gholdengo
|-crit|p2a: Gholdengo
|-damage|p2a: Gholdengo|47/100
|-hitcount|p2a: Gholdengo|2
|
|upkeep
|turn|2
|
|t:|1758321470
|-end|p1a: Iron Crown|Quark Drive|[silent]
|switch|p1a: Hoopa|Hoopa-Unbound|100/100
|move|p2a: Gholdengo|Recover|p2a: Gholdengo
|-heal|p2a: Gholdengo|97/100
|
|upkeep
|turn|3
|
|t:|1758321479
|switch|p2a: Rillaboom|Rillaboom, M|100/100
|-fieldstart|move: Grassy Terrain|[from] ability: Grassy Surge|[of] p2a: Rillaboom
|move|p1a: Hoopa|Knock Off|p2a: Rillaboom
|-damage|p2a: Rillaboom|48/100
|-enditem|p2a: Rillaboom|Terrain Extender|[from] move: Knock Off|[of] p1a: Hoopa
|
|-heal|p2a: Rillaboom|54/100|[from] Grassy Terrain
|upkeep
|turn|4
|
|t:|1758321488
|switch|p1a: Great Tusk|Great Tusk|100/100
|move|p2a: Rillaboom|U-turn|p1a: Great Tusk
|-resisted|p1a: Great Tusk
|-damage|p1a: Great Tusk|92/100
|-damage|p2a: Rillaboom|38/100|[from] item: Rocky Helmet|[of] p1a: Great Tusk
|
|t:|1758321496
|switch|p2a: Ogerpon|Ogerpon, F|100/100|[from] U-turn
|
|-heal|p1a: Great Tusk|99/100|[from] Grassy Terrain
|upkeep
|turn|5
|
|t:|1758321501
|move|p2a: Ogerpon|Ivy Cudgel|p1a: Great Tusk
|-supereffective|p1a: Great Tusk
|-crit|p1a: Great Tusk
|-damage|p1a: Great Tusk|0 fnt
|faint|p1a: Great Tusk
|-end|p1a: Great Tusk|Protosynthesis|[silent]
|
|upkeep
|
|t:|1758321504
|switch|p1a: Dragapult|Dragapult, F|100/100
|turn|6
|
|t:|1758321511
|switch|p2a: Glimmora|Glimmora, F|100/100
|move|p1a: Dragapult|Will-O-Wisp|p2a: Glimmora
|-status|p2a: Glimmora|brn
|
|-damage|p2a: Glimmora|94/100 brn|[from] brn
|upkeep
|turn|7
|
|t:|1758321521
|switch|p1a: Iron Crown|Iron Crown|100/100
|move|p2a: Glimmora|Stealth Rock|p1a: Iron Crown
|-sidestart|p1: kournikovax|move: Stealth Rock
|
|-heal|p2a: Glimmora|100/100 brn|[from] Grassy Terrain
|-damage|p2a: Glimmora|94/100 brn|[from] brn
|upkeep
|turn|8
|
|t:|1758321530
|switch|p2a: Gholdengo|Gholdengo|97/100
|move|p1a: Iron Crown|Tachyon Cutter|p2a: Gholdengo
|-resisted|p2a: Gholdengo
|-damage|p2a: Gholdengo|75/100
|-resisted|p2a: Gholdengo
|-damage|p2a: Gholdengo|51/100
|-hitcount|p2a: Gholdengo|2
|
|-heal|p2a: Gholdengo|57/100|[from] Grassy Terrain
|upkeep
|turn|9
|
|t:|1758321537
|-end|p1a: Iron Crown|Quark Drive|[silent]
|switch|p1a: Hoopa|Hoopa-Unbound|100/100
|-damage|p1a: Hoopa|88/100|[from] Stealth Rock
|move|p2a: Gholdengo|Shadow Ball|p1a: Hoopa
|-damage|p1a: Hoopa|68/100
|-unboost|p1a: Hoopa|spd|1
|
|-heal|p2a: Gholdengo|63/100|[from] Grassy Terrain
|-heal|p1a: Hoopa|74/100|[from] Grassy Terrain
|upkeep
|turn|10
|j| Nikator98
|l| Nikator98
|
|t:|1758321558
|switch|p2a: Glimmora|Glimmora, F|94/100 brn
|move|p1a: Hoopa|Psychic Noise|p2a: Glimmora
|-supereffective|p2a: Glimmora
|-damage|p2a: Glimmora|0 fnt
|faint|p2a: Glimmora
|
|-heal|p1a: Hoopa|80/100|[from] Grassy Terrain
|-fieldend|move: Grassy Terrain
|upkeep
|
|t:|1758321568
|switch|p2a: Rillaboom|Rillaboom, M|38/100
|-fieldstart|move: Grassy Terrain|[from] ability: Grassy Surge|[of] p2a: Rillaboom
|turn|11
|
|t:|1758321586
|switch|p1a: Dragapult|Dragapult, F|100/100
|move|p2a: Rillaboom|U-turn|p1a: Dragapult
|-resisted|p1a: Dragapult
|-damage|p1a: Dragapult|82/100
|inactive|two rat man has 120 seconds left.
|
|t:|1758321612
|switch|p2a: Ogerpon|Ogerpon, F|100/100|[from] U-turn
|
|-heal|p1a: Dragapult|88/100|[from] Grassy Terrain
|upkeep
|turn|12
|
|t:|1758321620
|-terastallize|p2a: Ogerpon|Grass
|detailschange|p2a: Ogerpon|Ogerpon-Teal-Tera, F, tera:Grass
|-ability|p2a: Ogerpon|Embody Aspect (Teal)|boost
|-boost|p2a: Ogerpon|spe|1
|move|p2a: Ogerpon|Knock Off|p1a: Dragapult
|-supereffective|p1a: Dragapult
|-damage|p1a: Dragapult|0 fnt
|-enditem|p1a: Dragapult|Heavy-Duty Boots|[from] move: Knock Off|[of] p2a: Ogerpon
|faint|p1a: Dragapult
|
|upkeep
|
|t:|1758321624
|switch|p1a: Iron Crown|Iron Crown|100/100
|-damage|p1a: Iron Crown|94/100|[from] Stealth Rock
|turn|13
|
|t:|1758321630
|-terastallize|p1a: Iron Crown|Steel
|move|p2a: Ogerpon|Knock Off|p1a: Iron Crown
|-damage|p1a: Iron Crown|41/100
|-enditem|p1a: Iron Crown|Choice Specs|[from] move: Knock Off|[of] p2a: Ogerpon
|move|p1a: Iron Crown|Tachyon Cutter|p2a: Ogerpon
|-damage|p2a: Ogerpon|61/100
|-damage|p2a: Ogerpon|23/100
|-hitcount|p2a: Ogerpon|2
|
|-heal|p2a: Ogerpon|29/100|[from] Grassy Terrain
|-heal|p1a: Iron Crown|48/100|[from] Grassy Terrain
|upkeep
|turn|14
|j| Haxuky
|
|t:|1758321639
|switch|p2a: Gholdengo|Gholdengo|63/100
|move|p1a: Iron Crown|Tachyon Cutter|p2a: Gholdengo
|-resisted|p2a: Gholdengo
|-damage|p2a: Gholdengo|44/100
|-resisted|p2a: Gholdengo
|-damage|p2a: Gholdengo|25/100
|-hitcount|p2a: Gholdengo|2
|
|-heal|p1a: Iron Crown|54/100|[from] Grassy Terrain
|-heal|p2a: Gholdengo|31/100|[from] Grassy Terrain
|upkeep
|turn|15
|
|t:|1758321660
|switch|p2a: Raging Bolt|Raging Bolt|100/100
|move|p1a: Iron Crown|Tachyon Cutter|p2a: Raging Bolt
|-resisted|p2a: Raging Bolt
|-damage|p2a: Raging Bolt|85/100
|-resisted|p2a: Raging Bolt
|-damage|p2a: Raging Bolt|69/100
|-hitcount|p2a: Raging Bolt|2
|
|-heal|p1a: Iron Crown|60/100|[from] Grassy Terrain
|-heal|p2a: Raging Bolt|75/100|[from] Grassy Terrain
|-heal|p2a: Raging Bolt|81/100|[from] item: Leftovers
|-fieldend|move: Grassy Terrain
|upkeep
|turn|16
|
|t:|1758321665
|-end|p1a: Iron Crown|Quark Drive|[silent]
|switch|p1a: Hoopa|Hoopa-Unbound|80/100
|-damage|p1a: Hoopa|68/100|[from] Stealth Rock
|move|p2a: Raging Bolt|Thunderbolt|p1a: Hoopa
|-damage|p1a: Hoopa|43/100
|
|-heal|p2a: Raging Bolt|87/100|[from] item: Leftovers
|upkeep
|turn|17
|
|t:|1758321676
|-end|p2a: Raging Bolt|Protosynthesis|[silent]
|switch|p2a: Gholdengo|Gholdengo|31/100
|move|p1a: Hoopa|Knock Off|p2a: Gholdengo
|-supereffective|p2a: Gholdengo
|-damage|p2a: Gholdengo|0 fnt
|-enditem|p2a: Gholdengo|Metal Coat|[from] move: Knock Off|[of] p1a: Hoopa
|faint|p2a: Gholdengo
|
|upkeep
|
|t:|1758321680
|switch|p2a: Rillaboom|Rillaboom, M|38/100
|-fieldstart|move: Grassy Terrain|[from] ability: Grassy Surge|[of] p2a: Rillaboom
|turn|18
|
|t:|1758321685
|switch|p1a: Iron Crown|Iron Crown, tera:Steel|60/100
|-damage|p1a: Iron Crown|54/100|[from] Stealth Rock
|move|p2a: Rillaboom|U-turn|p1a: Iron Crown
|-resisted|p1a: Iron Crown
|-damage|p1a: Iron Crown|40/100
|
|t:|1758321693
|switch|p2a: Ogerpon|Ogerpon-Teal-Tera, F, tera:Grass|29/100|[from] U-turn
|-ability|p2a: Ogerpon|Embody Aspect (Teal)|boost
|-boost|p2a: Ogerpon|spe|1
|
|-heal|p2a: Ogerpon|35/100|[from] Grassy Terrain
|-heal|p1a: Iron Crown|46/100|[from] Grassy Terrain
|upkeep
|turn|19
|
|t:|1758321697
|move|p2a: Ogerpon|Ivy Cudgel|p1a: Iron Crown
|-resisted|p1a: Iron Crown
|-crit|p1a: Iron Crown
|-damage|p1a: Iron Crown|0 fnt
|faint|p1a: Iron Crown
|-end|p1a: Iron Crown|Quark Drive|[silent]
|
|-heal|p2a: Ogerpon|41/100|[from] Grassy Terrain
|upkeep
|
|t:|1758321700
|switch|p1a: Dragonite|Dragonite, M|100/100
|-damage|p1a: Dragonite|76/100|[from] Stealth Rock
|turn|20
|
|t:|1758321706
|switch|p2a: Great Tusk|Great Tusk|100/100
|move|p1a: Dragonite|Ice Spinner|p2a: Great Tusk
|-supereffective|p2a: Great Tusk
|-damage|p2a: Great Tusk|33/100
|-fieldend|move: Grassy Terrain
|
|upkeep
|turn|21
|
|t:|1758321724
|move|p2a: Great Tusk|Knock Off|p1a: Dragonite
|-damage|p1a: Dragonite|37/100
|-enditem|p1a: Dragonite|Choice Band|[from] move: Knock Off|[of] p2a: Great Tusk
|move|p1a: Dragonite|Ice Spinner|p2a: Great Tusk
|-supereffective|p2a: Great Tusk
|-damage|p2a: Great Tusk|0 fnt
|faint|p2a: Great Tusk
|-end|p2a: Great Tusk|Protosynthesis|[silent]
|
|upkeep
|inactive|two rat man has 120 seconds left.
|
|t:|1758321745
|switch|p2a: Raging Bolt|Raging Bolt|87/100
|turn|22
|
|t:|1758321750
|switch|p1a: Hoopa|Hoopa-Unbound|43/100
|-damage|p1a: Hoopa|30/100|[from] Stealth Rock
|move|p2a: Raging Bolt|Thunderclap||[still]
|-fail|p2a: Raging Bolt
|
|-heal|p2a: Raging Bolt|94/100|[from] item: Leftovers
|upkeep
|turn|23
|inactive|two rat man has 120 seconds left.
|
|t:|1758321770
|move|p2a: Raging Bolt|Thunderbolt|p1a: Hoopa
|-damage|p1a: Hoopa|3/100
|-status|p1a: Hoopa|par
|move|p1a: Hoopa|Knock Off|p2a: Raging Bolt
|-damage|p2a: Raging Bolt|42/100
|-enditem|p2a: Raging Bolt|Leftovers|[from] move: Knock Off|[of] p1a: Hoopa
|
|upkeep
|turn|24
|inactive|two rat man has 120 seconds left.
|
|t:|1758321781
|move|p2a: Raging Bolt|Thunderbolt|p1a: Hoopa
|-damage|p1a: Hoopa|0 fnt
|faint|p1a: Hoopa
|
|upkeep
|
|t:|1758321788
|switch|p1a: Garganacl|Garganacl, M|100/100
|-damage|p1a: Garganacl|88/100|[from] Stealth Rock
|turn|25
|
|t:|1758321794
|move|p2a: Raging Bolt|Thunderbolt|p1a: Garganacl
|-damage|p1a: Garganacl|52/100
|move|p1a: Garganacl|Salt Cure|p2a: Raging Bolt
|-damage|p2a: Raging Bolt|30/100
|-start|p2a: Raging Bolt|Salt Cure
|
|-heal|p1a: Garganacl|58/100|[from] item: Leftovers
|-damage|p2a: Raging Bolt|18/100|[from] Salt Cure
|upkeep
|turn|26
|
|t:|1758321801
|move|p2a: Raging Bolt|Thunderbolt|p1a: Garganacl
|-damage|p1a: Garganacl|21/100
|move|p1a: Garganacl|Curse|p1a: Garganacl
|-unboost|p1a: Garganacl|spe|1
|-boost|p1a: Garganacl|atk|1
|-boost|p1a: Garganacl|def|1
|
|-heal|p1a: Garganacl|27/100|[from] item: Leftovers
|-damage|p2a: Raging Bolt|5/100|[from] Salt Cure
|upkeep
|turn|27
|
|t:|1758321806
|move|p2a: Raging Bolt|Thunderbolt|p1a: Garganacl
|-damage|p1a: Garganacl|0 fnt
|faint|p1a: Garganacl
|
|-damage|p2a: Raging Bolt|0 fnt|[from] Salt Cure
|faint|p2a: Raging Bolt
|-end|p2a: Raging Bolt|Protosynthesis|[silent]
|upkeep
|
|t:|1758321818
|switch|p2a: Rillaboom|Rillaboom, M|38/100
|switch|p1a: Dragonite|Dragonite, M|37/100
|-damage|p1a: Dragonite|12/100|[from] Stealth Rock
|-fieldstart|move: Grassy Terrain|[from] ability: Grassy Surge|[of] p2a: Rillaboom
|turn|28
|
|t:|1758321826
|move|p2a: Rillaboom|Grassy Glide|p1a: Dragonite
|-resisted|p1a: Dragonite
|-damage|p1a: Dragonite|2/100
|move|p1a: Dragonite|Ice Spinner|p2a: Rillaboom
|-supereffective|p2a: Rillaboom
|-damage|p2a: Rillaboom|0 fnt
|-fieldend|move: Grassy Terrain
|faint|p2a: Rillaboom
|
|upkeep
|
|t:|1758321829
|switch|p2a: Ogerpon|Ogerpon-Teal-Tera, F, tera:Grass|41/100
|-ability|p2a: Ogerpon|Embody Aspect (Teal)|boost
|-boost|p2a: Ogerpon|spe|1
|turn|29
|
|t:|1758321833
|move|p1a: Dragonite|Extreme Speed|p2a: Ogerpon
|-damage|p2a: Ogerpon|4/100
|move|p2a: Ogerpon|Ivy Cudgel|p1a: Dragonite
|-resisted|p1a: Dragonite
|-crit|p1a: Dragonite
|-damage|p1a: Dragonite|0 fnt
|faint|p1a: Dragonite
|
|win|two rat man
|raw|kournikovax's rating: 1521 &rarr; <strong>1501</strong><br />(-20 for losing)
|raw|two rat man's rating: 1513 &rarr; <strong>1533</strong><br />(+20 for winning)
|l|☆kournikovax
|player|p1|
