|j|☆HUASCAR LS
|j|☆Dutch0ven
|t:|1758249041
|gametype|singles
|player|p1|HUASCAR LS|101|1308
|player|p2|Dutch0ven|roughneck|1333
|gen|9
|tier|[Gen 9] OU
|rated|
|rule|HP Percentage Mod: HP is shown in percentages
|rule|Endless Battle Clause: Forcing endless battles is banned
|rule|Species Clause: Limit one of each Pokémon
|rule|OHKO Clause: OHKO moves are banned
|rule|Evasion Items Clause: Evasion items are banned
|rule|Evasion Moves Clause: Evasion moves are banned
|rule|Evasion Abilities Clause: Evasion abilities are banned
|rule|Sleep Moves Clause: Sleep-inducing moves are banned
|clearpoke
|poke|p1|Deoxys-Speed|
|poke|p1|Enamorus, F|
|poke|p1|Araquanid, F|
|poke|p1|Corviknight, M|
|poke|p1|Raging Bolt|
|poke|p1|Kingambit, M|
|poke|p2|Metagross|
|poke|p2|Tyranitar, M|
|poke|p2|Sandslash, F|
|poke|p2|Skarmory, F|
|poke|p2|Blissey, F|
|poke|p2|Serperior, F|
|teampreview
|inactive|Battle timer is ON: inactive players will automatically lose when time's up. (requested by Dutch0ven)
|
|t:|1758249058
|teamsize|p1|6
|teamsize|p2|6
|start
|switch|p1a: Araquanid|Araquanid, F, shiny|100/100
|switch|p2a: Metagross|Metagross, shiny|100/100
|turn|1
|
|t:|1758249066
|move|p2a: Metagross|Rock Slide|p1a: Araquanid
|-supereffective|p1a: Araquanid
|-damage|p1a: Araquanid|9/100
|move|p1a: Araquanid|Liquidation|p2a: Metagross
|-damage|p2a: Metagross|41/100
|
|-heal|p1a: Araquanid|15/100|[from] item: Leftovers
|upkeep
|turn|2
|
|t:|1758249072
|switch|p1a: Kingambit|Kingambit, M, shiny|100/100
|move|p2a: Metagross|Rock Slide|p1a: Kingambit
|-resisted|p1a: Kingambit
|-damage|p1a: Kingambit|86/100
|
|upkeep
|turn|3
|
|t:|1758249080
|switch|p2a: Skarmory|Skarmory, F|100/100
|-end|p1a: Kingambit|fallenundefined|[silent]
|switch|p1a: Enamorus|Enamorus, F, shiny|100/100
|
|upkeep
|turn|4
|
|t:|1758249088
|switch|p1a: Raging Bolt|Raging Bolt|100/100
|-enditem|p1a: Raging Bolt|Booster Energy
|-activate|p1a: Raging Bolt|ability: Protosynthesis|[fromitem]
|-start|p1a: Raging Bolt|protosynthesisspa
|move|p2a: Skarmory|Roar|p1a: Raging Bolt
|-end|p1a: Raging Bolt|Protosynthesis|[silent]
|drag|p1a: Corviknight|Corviknight, M, shiny|100/100
|
|upkeep
|turn|5
|
|t:|1758249092
|move|p2a: Skarmory|Spikes|p1a: Corviknight
|-sidestart|p1: HUASCAR LS|Spikes
|move|p1a: Corviknight|Body Press|p2a: Skarmory
|-damage|p2a: Skarmory|84/100
|-damage|p1a: Corviknight|84/100|[from] item: Rocky Helmet|[of] p2a: Skarmory
|
|-heal|p1a: Corviknight|90/100|[from] item: Leftovers
|upkeep
|turn|6
|
|t:|1758249098
|switch|p2a: Tyranitar|Tyranitar, M|100/100
|-weather|Sandstorm|[from] ability: Sand Stream|[of] p2a: Tyranitar
|move|p1a: Corviknight|Defog|p2a: Tyranitar
|-unboost|p2a: Tyranitar|evasion|1
|-sideend|p1: HUASCAR LS|Spikes|[from] move: Defog|[of] p1a: Corviknight
|
|-weather|Sandstorm|[upkeep]
|-heal|p1a: Corviknight|96/100|[from] item: Leftovers
|upkeep
|turn|7
|
|t:|1758249107
|switch|p2a: Sandslash|Sandslash, F, shiny|100/100
|move|p1a: Corviknight|Body Press|p2a: Sandslash
|-damage|p2a: Sandslash|72/100
|
|-weather|Sandstorm|[upkeep]
|-heal|p1a: Corviknight|100/100|[from] item: Leftovers
|upkeep
|turn|8
|
|t:|1758249112
|move|p2a: Sandslash|Swords Dance|p2a: Sandslash
|-boost|p2a: Sandslash|atk|2
|move|p1a: Corviknight|Brave Bird|p2a: Sandslash
|-damage|p2a: Sandslash|31/100
|-damage|p1a: Corviknight|90/100|[from] Recoil
|
|-weather|Sandstorm|[upkeep]
|-heal|p1a: Corviknight|97/100|[from] item: Leftovers
|upkeep
|turn|9
|
|t:|1758249119
|move|p2a: Sandslash|Stone Edge|p1a: Corviknight
|-damage|p1a: Corviknight|47/100
|-damage|p2a: Sandslash|21/100|[from] item: Life Orb
|move|p1a: Corviknight|Brave Bird|p2a: Sandslash
|-damage|p2a: Sandslash|0 fnt
|faint|p2a: Sandslash
|-damage|p1a: Corviknight|42/100|[from] Recoil
|
|-weather|Sandstorm|[upkeep]
|-heal|p1a: Corviknight|48/100|[from] item: Leftovers
|upkeep
|
|t:|1758249132
|switch|p2a: Serperior|Serperior, F|100/100
|turn|10
|
|t:|1758249137
|-terastallize|p2a: Serperior|Fire
|move|p2a: Serperior|Tera Blast|p1a: Corviknight|[anim] Tera Blast Fire
|-supereffective|p1a: Corviknight
|-damage|p1a: Corviknight|0 fnt
|faint|p1a: Corviknight
|
|-weather|Sandstorm|[upkeep]
|-damage|p2a: Serperior|95/100|[from] Sandstorm
|-heal|p2a: Serperior|100/100|[from] item: Leftovers
|upkeep
|
|t:|1758249143
|switch|p1a: Araquanid|Araquanid, F, shiny|15/100
|turn|11
|
|t:|1758249154
|move|p2a: Serperior|Leaf Storm|p1a: Araquanid
|-damage|p1a: Araquanid|0 fnt
|-boost|p2a: Serperior|spa|2
|faint|p1a: Araquanid
|
|-weather|Sandstorm|[upkeep]
|-damage|p2a: Serperior|95/100|[from] Sandstorm
|-heal|p2a: Serperior|100/100|[from] item: Leftovers
|upkeep
|
|t:|1758249166
|switch|p1a: Deoxys|Deoxys-Speed|100/100
|-ability|p1a: Deoxys|Pressure
|turn|12
|
|t:|1758249170
|move|p1a: Deoxys|Psycho Boost|p2a: Serperior
|-damage|p2a: Serperior|50/100
|-unboost|p1a: Deoxys|spa|2
|move|p2a: Serperior|Leaf Storm|p1a: Deoxys
|-enditem|p1a: Deoxys|Focus Sash
|-damage|p1a: Deoxys|1/100
|-boost|p2a: Serperior|spa|2
|
|-weather|Sandstorm|[upkeep]
|-damage|p1a: Deoxys|0 fnt|[from] Sandstorm
|-damage|p2a: Serperior|44/100|[from] Sandstorm
|faint|p1a: Deoxys
|-heal|p2a: Serperior|50/100|[from] item: Leftovers
|upkeep
|
|t:|1758249179
|switch|p1a: Raging Bolt|Raging Bolt|100/100
|turn|13
|
|t:|1758249182
|move|p1a: Raging Bolt|Thunderclap||[still]
|-fail|p1a: Raging Bolt
|move|p2a: Serperior|Substitute|p2a: Serperior
|-start|p2a: Serperior|Substitute
|-damage|p2a: Serperior|25/100
|
|-weather|none
|-heal|p2a: Serperior|31/100|[from] item: Leftovers
|upkeep
|turn|14
|inactive|HUASCAR LS has 120 seconds left.
|
|t:|1758249235
|move|p2a: Serperior|Leaf Storm|p1a: Raging Bolt
|-resisted|p1a: Raging Bolt
|-damage|p1a: Raging Bolt|50/100
|-boost|p2a: Serperior|spa|2
|move|p1a: Raging Bolt|Thunderbolt|p2a: Serperior
|-end|p2a: Serperior|Substitute
|
|-heal|p2a: Serperior|37/100|[from] item: Leftovers
|upkeep
|turn|15
|
|t:|1758249242
|move|p1a: Raging Bolt|Thunderclap||[still]
|-fail|p1a: Raging Bolt
|move|p2a: Serperior|Substitute|p2a: Serperior
|-start|p2a: Serperior|Substitute
|-damage|p2a: Serperior|12/100
|
|-heal|p2a: Serperior|18/100|[from] item: Leftovers
|upkeep
|turn|16
|
|t:|1758249251
|-terastallize|p1a: Raging Bolt|Flying
|move|p1a: Raging Bolt|Thunderclap|p2a: Serperior
|-end|p2a: Serperior|Substitute
|move|p2a: Serperior|Leaf Storm|p1a: Raging Bolt
|-resisted|p1a: Raging Bolt
|-damage|p1a: Raging Bolt|0 fnt
|faint|p1a: Raging Bolt
|-end|p1a: Raging Bolt|Protosynthesis|[silent]
|
|-heal|p2a: Serperior|24/100|[from] item: Leftovers
|upkeep
|
|t:|1758249254
|switch|p1a: Enamorus|Enamorus, F, shiny|100/100
|turn|17
|
|t:|1758249261
|move|p2a: Serperior|Leaf Storm|p1a: Enamorus
|-resisted|p1a: Enamorus
|-damage|p1a: Enamorus|0 fnt
|faint|p1a: Enamorus
|
|-heal|p2a: Serperior|30/100|[from] item: Leftovers
|upkeep
|
|t:|1758249263
|switch|p1a: Kingambit|Kingambit, M, shiny|86/100
|-activate|p1a: Kingambit|ability: Supreme Overlord
|-start|p1a: Kingambit|fallen5|[silent]
|turn|18
|
|t:|1758249266
|move|p2a: Serperior|Substitute|p2a: Serperior
|-start|p2a: Serperior|Substitute
|-damage|p2a: Serperior|6/100
|move|p1a: Kingambit|Kowtow Cleave|p2a: Serperior
|-end|p2a: Serperior|Substitute
|
|-heal|p2a: Serperior|12/100|[from] item: Leftovers
|upkeep
|turn|19
|
|t:|1758249271
|move|p1a: Kingambit|Sucker Punch||[still]
|-fail|p1a: Kingambit
|move|p2a: Serperior|Glare|p1a: Kingambit
|-status|p1a: Kingambit|par
|
|-heal|p2a: Serperior|18/100|[from] item: Leftovers
|upkeep
|turn|20
|
|t:|1758249275
|move|p1a: Kingambit|Sucker Punch|p2a: Serperior
|-damage|p2a: Serperior|0 fnt
|faint|p2a: Serperior
|
|upkeep
|
|t:|1758249279
|switch|p2a: Skarmory|Skarmory, F|84/100
|turn|21
|
|t:|1758249281
|move|p2a: Skarmory|Body Press|p1a: Kingambit
|-supereffective|p1a: Kingambit
|-damage|p1a: Kingambit|0 fnt
|faint|p1a: Kingambit
|-end|p1a: Kingambit|fallen5|[silent]
|
|win|Dutch0ven
|raw|HUASCAR LS's rating: 1308 &rarr; <strong>1289</strong><br />(-19 for losing)
|raw|Dutch0ven's rating: 1333 &rarr; <strong>1352</strong><br />(+19 for winning)
|l|☆HUASCAR LS
|player|p1|
|l|☆Dutch0ven
|player|p2|
