|j|☆GummyDeino
|j|☆samohi0
|t:|1758253176
|gametype|singles
|player|p1|GummyDeino|266|1561
|player|p2|samohi0|hoopster|1617
|gen|9
|tier|[Gen 9] OU
|rated|
|rule|HP Percentage Mod: HP is shown in percentages
|rule|Endless Battle Clause: Forcing endless battles is banned
|rule|Species Clause: Limit one of each Pokémon
|rule|OHKO Clause: OHKO moves are banned
|rule|Evasion Items Clause: Evasion items are banned
|rule|Evasion Moves Clause: Evasion moves are banned
|rule|Evasion Abilities Clause: Evasion abilities are banned
|rule|Sleep Moves Clause: Sleep-inducing moves are banned
|clearpoke
|poke|p1|Indeedee, M|
|poke|p1|Hatterene, F|
|poke|p1|Ursaluna, F|
|poke|p1|Iron Hands|
|poke|p1|Hoopa-Unbound|
|poke|p1|Mimikyu, F|
|poke|p2|Mamoswine, M|
|poke|p2|Glimmora, M|
|poke|p2|Iron Crown|
|poke|p2|Zamazenta-*|
|poke|p2|Sinistcha|
|poke|p2|Samurott-Hisui, M|
|teampreview
|inactive|Battle timer is ON: inactive players will automatically lose when time's up. (requested by GummyDeino)
|
|t:|1758253183
|teamsize|p1|6
|teamsize|p2|6
|start
|switch|p1a: Scientist|Indeedee, M, shiny|100/100
|switch|p2a: Samurott|Samurott-Hisui, M, shiny|100/100
|-fieldstart|move: Psychic Terrain|[from] ability: Psychic Surge|[of] p1a: Scientist
|turn|1
|j| IM AT MY LIMIT
|
|t:|1758253192
|switch|p1a: Machine|Iron Hands, shiny|100/100
|-enditem|p1a: Machine|Booster Energy
|-activate|p1a: Machine|ability: Quark Drive|[fromitem]
|-start|p1a: Machine|quarkdriveatk
|move|p2a: Samurott|Ceaseless Edge|p1a: Machine
|-resisted|p1a: Machine
|-damage|p1a: Machine|81/100
|-sidestart|p1: GummyDeino|Spikes
|
|upkeep
|turn|2
|
|t:|1758253201
|move|p2a: Samurott|Flip Turn|p1a: Machine
|-damage|p1a: Machine|59/100
|
|t:|1758253203
|switch|p2a: Glimmora|Glimmora, M, shiny|100/100|[from] Flip Turn
|move|p1a: Machine|Close Combat|p2a: Glimmora
|-damage|p2a: Glimmora|19/100
|-unboost|p1a: Machine|def|1
|-unboost|p1a: Machine|spd|1
|-activate|p2a: Glimmora|ability: Toxic Debris
|-sidestart|p1: GummyDeino|move: Toxic Spikes
|-enditem|p2a: Glimmora|Red Card|[of] p1a: Machine
|-end|p1a: Machine|Quark Drive|[silent]
|drag|p1a: Witch|Hatterene, F, shiny|100/100
|-damage|p1a: Witch|88/100|[from] Spikes
|-status|p1a: Witch|psn
|
|-damage|p1a: Witch|76/100 psn|[from] psn
|upkeep
|turn|3
|
|t:|1758253218
|move|p2a: Glimmora|Power Gem|p1a: Witch
|-damage|p1a: Witch|40/100 psn
|move|p1a: Witch|Trick Room|p1a: Witch
|-fieldstart|move: Trick Room|[of] p1a: Witch
|
|-damage|p1a: Witch|28/100 psn|[from] psn
|upkeep
|turn|4
|
|t:|1758253224
|move|p1a: Witch|Draining Kiss|p2a: Glimmora
|-resisted|p2a: Glimmora
|-damage|p2a: Glimmora|2/100
|-heal|p1a: Witch|42/100 psn|[from] drain|[of] p2a: Glimmora
|-damage|p1a: Witch|33/100 psn|[from] item: Life Orb
|move|p2a: Glimmora|Power Gem|p1a: Witch
|-crit|p1a: Witch
|-damage|p1a: Witch|0 fnt
|faint|p1a: Witch
|
|upkeep
|
|t:|1758253238
|switch|p1a: Stampede|Ursaluna, F, shiny|100/100
|-damage|p1a: Stampede|88/100|[from] Spikes
|-status|p1a: Stampede|psn
|turn|5
|c|☆samohi0|oh my god that was awful
|
|t:|1758253251
|move|p1a: Stampede|Ice Punch|p2a: Glimmora
|-damage|p2a: Glimmora|0 fnt
|-activate|p2a: Glimmora|ability: Toxic Debris
|-sidestart|p1: GummyDeino|move: Toxic Spikes
|faint|p2a: Glimmora
|
|-damage|p1a: Stampede|76/100 psn|[from] psn
|upkeep
|
|t:|1758253254
|switch|p2a: Sinistcha|Sinistcha, shiny|100/100
|turn|6
|
|t:|1758253267
|move|p1a: Stampede|Ice Punch|p2a: Sinistcha
|-supereffective|p2a: Sinistcha
|-damage|p2a: Sinistcha|37/100
|move|p2a: Sinistcha|Strength Sap|p1a: Stampede
|-unboost|p1a: Stampede|atk|1
|-heal|p2a: Sinistcha|100/100
|
|-damage|p1a: Stampede|64/100 psn|[from] psn
|upkeep
|turn|7
|
|t:|1758253276
|switch|p1a: Scientist|Indeedee, M, shiny|100/100
|-damage|p1a: Scientist|88/100|[from] Spikes
|-status|p1a: Scientist|tox
|move|p2a: Sinistcha|Matcha Gotcha|p1a: Scientist
|-damage|p1a: Scientist|52/100 tox
|
|-damage|p1a: Scientist|46/100 tox|[from] psn
|-fieldend|move: Trick Room
|upkeep
|turn|8
|
|t:|1758253291
|switch|p2a: Samurott|Samurott-Hisui, M, shiny|100/100
|move|p1a: Scientist|Expanding Force|p2a: Samurott
|-immune|p2a: Samurott
|
|-damage|p1a: Scientist|34/100 tox|[from] psn
|-fieldend|move: Psychic Terrain
|upkeep
|turn|9
|-message|GummyDeino forfeited.
|
|win|samohi0
|raw|GummyDeino's rating: 1561 &rarr; <strong>1543</strong><br />(-18 for losing)
|raw|samohi0's rating: 1595 &rarr; <strong>1613</strong><br />(+18 for winning)
|l|☆GummyDeino
|player|p1|
|c|☆samohi0|dude
|l| IM AT MY LIMIT
|c|☆samohi0|why
