|j|☆aquagoboom
|j|☆Danxsh17
|t:|1758262094
|gametype|singles
|player|p1|aquagoboom|265|1572
|player|p2|Danxsh17|265|1573
|gen|9
|tier|[Gen 9] OU
|rated|
|rule|HP Percentage Mod: HP is shown in percentages
|rule|Endless Battle Clause: Forcing endless battles is banned
|rule|Species Clause: Limit one of each Pokémon
|rule|OHKO Clause: OHKO moves are banned
|rule|Evasion Items Clause: Evasion items are banned
|rule|Evasion Moves Clause: Evasion moves are banned
|rule|Evasion Abilities Clause: Evasion abilities are banned
|rule|Sleep Moves Clause: Sleep-inducing moves are banned
|clearpoke
|poke|p1|Great Tusk|
|poke|p1|Heatran, M|
|poke|p1|Weavile, M|
|poke|p1|Primarina, M|
|poke|p1|Ogerpon, F|
|poke|p1|Pecharunt|
|poke|p2|Kingambit, M|
|poke|p2|Deoxys-Speed|
|poke|p2|Great Tusk|
|poke|p2|Dragonite, F|
|poke|p2|Iron Moth|
|poke|p2|Primarina, F|
|teampreview
|
|t:|1758262113
|teamsize|p1|6
|teamsize|p2|6
|start
|switch|p1a: Anonymous|Ogerpon, F|100/100
|switch|p2a: Moebius|Deoxys-Speed|100/100
|-ability|p2a: Moebius|Pressure
|turn|1
|inactive|Battle timer is ON: inactive players will automatically lose when time's up. (requested by aquagoboom)
|
|t:|1758262117
|-terastallize|p1a: Anonymous|Grass
|detailschange|p1a: Anonymous|Ogerpon-Teal-Tera, F, tera:Grass
|-ability|p1a: Anonymous|Embody Aspect (Teal)|boost
|-boost|p1a: Anonymous|spe|1
|move|p1a: Anonymous|U-turn|p2a: Moebius
|-supereffective|p2a: Moebius
|-damage|p2a: Moebius|0 fnt
|faint|p2a: Moebius
|
|t:|1758262127
|switch|p1a: Chaos|Heatran, M, shiny|100/100|[from] U-turn
|-item|p1a: Chaos|Air Balloon
|
|upkeep
|
|t:|1758262149
|switch|p2a: Siren|Primarina, F|100/100
|turn|2
|c|☆aquagoboom|Isn't sash seo tha standard lead??
|
|t:|1758262167
|switch|p1a: Celestine|Primarina, M, shiny|100/100
|move|p2a: Siren|Whirlpool|p1a: Celestine|[miss]
|-miss|p2a: Siren|p1a: Celestine
|
|upkeep
|turn|3
|
|t:|1758262174
|move|p2a: Siren|Moonblast|p1a: Celestine
|-damage|p1a: Celestine|71/100
|move|p1a: Celestine|Moonblast|p2a: Siren
|-damage|p2a: Siren|65/100
|
|upkeep
|turn|4
|
|t:|1758262191
|move|p2a: Siren|Moonblast|p1a: Celestine
|-damage|p1a: Celestine|41/100
|-unboost|p1a: Celestine|spa|1
|move|p1a: Celestine|Flip Turn|p2a: Siren
|-resisted|p2a: Siren
|-damage|p2a: Siren|54/100
|
|t:|1758262196
|switch|p1a: Anonymous|Ogerpon-Teal-Tera, F, tera:Grass|100/100|[from] Flip Turn
|-ability|p1a: Anonymous|Embody Aspect (Teal)|boost
|-boost|p1a: Anonymous|spe|1
|
|upkeep
|turn|5
|j| wgw2333
|
|t:|1758262207
|move|p1a: Anonymous|Ivy Cudgel|p2a: Siren
|-supereffective|p2a: Siren
|-damage|p2a: Siren|0 fnt
|faint|p2a: Siren
|
|upkeep
|
|t:|1758262211
|switch|p2a: Yoshi|Dragonite, F, shiny|100/100
|turn|6
|
|t:|1758262217
|switch|p1a: Overseer|Pecharunt|100/100
|move|p2a: Yoshi|Ice Spinner|p1a: Overseer
|-damage|p1a: Overseer|79/100
|-damage|p2a: Yoshi|84/100|[from] item: Rocky Helmet|[of] p1a: Overseer
|
|upkeep
|turn|7
|l| wgw2333
|
|t:|1758262221
|switch|p2a: Meruem|Kingambit, M|100/100
|-activate|p2a: Meruem|ability: Supreme Overlord
|-start|p2a: Meruem|fallen2|[silent]
|move|p1a: Overseer|Parting Shot|p2a: Meruem
|-unboost|p2a: Meruem|atk|1
|-unboost|p2a: Meruem|spa|1
|
|t:|1758262227
|switch|p1a: Chaos|Heatran, M, shiny|100/100|[from] Parting Shot
|-item|p1a: Chaos|Air Balloon
|
|upkeep
|turn|8
|
|t:|1758262230
|move|p2a: Meruem|Sucker Punch||[still]
|-fail|p2a: Meruem
|move|p1a: Chaos|Stealth Rock|p2a: Meruem
|-sidestart|p2: Danxsh17|move: Stealth Rock
|
|upkeep
|turn|9
|
|t:|1758262232
|move|p2a: Meruem|Sucker Punch|p1a: Chaos
|-crit|p1a: Chaos
|-damage|p1a: Chaos|20/100
|-enditem|p1a: Chaos|Air Balloon
|move|p1a: Chaos|Magma Storm|p2a: Meruem
|-supereffective|p2a: Meruem
|-damage|p2a: Meruem|3/100
|-activate|p2a: Meruem|move: Magma Storm|[of] p1a: Chaos
|
|-heal|p2a: Meruem|9/100|[from] item: Leftovers
|-damage|p2a: Meruem|0 fnt|[from] move: Magma Storm|[partiallytrapped]
|faint|p2a: Meruem
|-end|p2a: Meruem|fallen2|[silent]
|upkeep
|
|t:|1758262235
|switch|p2a: Anomaly|Great Tusk|100/100
|-damage|p2a: Anomaly|98/100|[from] Stealth Rock
|-enditem|p2a: Anomaly|Booster Energy
|-activate|p2a: Anomaly|ability: Protosynthesis|[fromitem]
|-start|p2a: Anomaly|protosynthesisatk
|turn|10
|
|t:|1758262244
|switch|p1a: Overseer|Pecharunt|79/100
|move|p2a: Anomaly|Rapid Spin|p1a: Overseer
|-immune|p1a: Overseer
|
|upkeep
|turn|11
|
|t:|1758262247
|move|p2a: Anomaly|Headlong Rush|p1a: Overseer
|-supereffective|p1a: Overseer
|-damage|p1a: Overseer|8/100
|-unboost|p2a: Anomaly|def|1
|-unboost|p2a: Anomaly|spd|1
|-damage|p2a: Anomaly|81/100|[from] item: Rocky Helmet|[of] p1a: Overseer
|move|p1a: Overseer|Parting Shot|p2a: Anomaly
|-unboost|p2a: Anomaly|atk|1
|-unboost|p2a: Anomaly|spa|1
|
|t:|1758262264
|switch|p1a: Anonymous|Ogerpon-Teal-Tera, F, tera:Grass|100/100|[from] Parting Shot
|-ability|p1a: Anonymous|Embody Aspect (Teal)|boost
|-boost|p1a: Anonymous|spe|1
|
|upkeep
|turn|12
|
|t:|1758262287
|-terastallize|p2a: Anomaly|Steel
|move|p1a: Anonymous|Ivy Cudgel|p2a: Anomaly
|-resisted|p2a: Anomaly
|-damage|p2a: Anomaly|26/100
|move|p2a: Anomaly|Rapid Spin|p1a: Anonymous
|-damage|p1a: Anonymous|82/100
|-boost|p2a: Anomaly|spe|1
|-sideend|p2: Danxsh17|Stealth Rock|[from] move: Rapid Spin|[of] p2a: Anomaly
|
|upkeep
|turn|13
|
|t:|1758262295
|switch|p1a: Overseer|Pecharunt|8/100
|-end|p2a: Anomaly|Protosynthesis|[silent]
|switch|p2a: Anomаly|Iron Moth|100/100
|-enditem|p2a: Anomаly|Booster Energy
|-activate|p2a: Anomаly|ability: Quark Drive|[fromitem]
|-start|p2a: Anomаly|quarkdrivespe
|
|upkeep
|turn|14
|
|t:|1758262302
|switch|p1a: Chaos|Heatran, M, shiny|20/100
|move|p2a: Anomаly|Fiery Dance|p1a: Chaos
|-start|p1a: Chaos|ability: Flash Fire
|
|upkeep
|turn|15
|
|t:|1758262308
|move|p2a: Anomаly|Toxic Spikes|p1a: Chaos
|-sidestart|p1: aquagoboom|move: Toxic Spikes
|move|p1a: Chaos|Earth Power|p2a: Anomаly
|-supereffective|p2a: Anomаly
|-damage|p2a: Anomаly|0 fnt
|faint|p2a: Anomаly
|-end|p2a: Anomаly|Quark Drive|[silent]
|
|upkeep
|
|t:|1758262311
|switch|p2a: Anomaly|Great Tusk, tera:Steel|26/100
|turn|16
|
|t:|1758262317
|-end|p1a: Chaos|ability: Flash Fire|[silent]
|switch|p1a: Overseer|Pecharunt|8/100
|-sideend|p1: aquagoboom|move: Toxic Spikes|[of] p1a: Overseer
|move|p2a: Anomaly|Close Combat|p1a: Overseer
|-immune|p1a: Overseer
|
|upkeep
|turn|17
|
|t:|1758262324
|move|p2a: Anomaly|Headlong Rush|p1a: Overseer
|-supereffective|p1a: Overseer
|-damage|p1a: Overseer|0 fnt
|-unboost|p2a: Anomaly|def|1
|-unboost|p2a: Anomaly|spd|1
|-damage|p2a: Anomaly|9/100|[from] item: Rocky Helmet|[of] p1a: Overseer
|faint|p1a: Overseer
|
|upkeep
|
|t:|1758262329
|switch|p1a: Anonymous|Ogerpon-Teal-Tera, F, tera:Grass|82/100
|-ability|p1a: Anonymous|Embody Aspect (Teal)|boost
|-boost|p1a: Anonymous|spe|1
|turn|18
|
|t:|1758262332
|move|p1a: Anonymous|U-turn|p2a: Anomaly
|-resisted|p2a: Anomaly
|-damage|p2a: Anomaly|0 fnt
|faint|p2a: Anomaly
|-end|p2a: Anomaly|Protosynthesis|[silent]
|
|t:|1758262334
|switch|p1a: Bandit|Weavile, M, shiny|100/100|[from] U-turn
|-ability|p1a: Bandit|Pressure
|
|upkeep
|
|t:|1758262336
|switch|p2a: Yoshi|Dragonite, F, shiny|84/100
|turn|19
|
|t:|1758262341
|move|p2a: Yoshi|Extreme Speed|p1a: Bandit
|-damage|p1a: Bandit|16/100
|move|p1a: Bandit|Triple Axel|p2a: Yoshi
|-supereffective|p2a: Yoshi
|-damage|p2a: Yoshi|18/100
|-supereffective|p2a: Yoshi
|-damage|p2a: Yoshi|0 fnt
|faint|p2a: Yoshi
|-hitcount|p2: Yoshi|2
|
|win|aquagoboom
|raw|aquagoboom's rating: 1572 &rarr; <strong>1592</strong><br />(+20 for winning)
|raw|Danxsh17's rating: 1573 &rarr; <strong>1553</strong><br />(-20 for losing)
|l|☆Danxsh17
|player|p2|
|c|☆aquagoboom|Is dnote choiced?
|l|☆aquagoboom
|player|p1|
