|j|☆mateuscavalo
|j|☆kaisadadi
|t:|1758289958
|gametype|singles
|player|p1|mateuscavalo|2|1590
|player|p2|kaisadadi|steven|1590
|gen|9
|tier|[Gen 9] OU
|rated|
|rule|HP Percentage Mod: HP is shown in percentages
|rule|Endless Battle Clause: Forcing endless battles is banned
|rule|Species Clause: Limit one of each Pokémon
|rule|OHKO Clause: OHKO moves are banned
|rule|Evasion Items Clause: Evasion items are banned
|rule|Evasion Moves Clause: Evasion moves are banned
|rule|Evasion Abilities Clause: Evasion abilities are banned
|rule|Sleep Moves Clause: Sleep-inducing moves are banned
|clearpoke
|poke|p1|Iron Hands|
|poke|p1|Alomomola, F|
|poke|p1|Pecharunt|
|poke|p1|Landorus-Therian, M|
|poke|p1|Darkrai|
|poke|p1|Scizor, F|
|poke|p2|Tyranitar, F|
|poke|p2|Excadrill, F|
|poke|p2|Keldeo-Resolute|
|poke|p2|Tornadus-Therian, M|
|poke|p2|Heatran, F|
|poke|p2|Hydrapple, M|
|teampreview
|j| Nikator98
|l| Nikator98
|inactive|Battle timer is ON: inactive players will automatically lose when time's up. (requested by mateuscavalo)
|
|t:|1758289975
|teamsize|p1|6
|teamsize|p2|6
|start
|switch|p1a: Iron Hands|Iron Hands|100/100
|switch|p2a: Tornadus|Tornadus-Therian, M|100/100
|turn|1
|
|t:|1758289982
|move|p2a: Tornadus|U-turn|p1a: Iron Hands
|-resisted|p1a: Iron Hands
|-damage|p1a: Iron Hands|96/100
|
|t:|1758289987
|switch|p2a: Hydrapple|Hydrapple, M|100/100|[from] U-turn
|move|p1a: Iron Hands|Close Combat|p2a: Hydrapple
|-damage|p2a: Hydrapple|42/100
|-unboost|p1a: Iron Hands|def|1
|-unboost|p1a: Iron Hands|spd|1
|-damage|p1a: Iron Hands|79/100|[from] item: Rocky Helmet|[of] p2a: Hydrapple
|
|upkeep
|turn|2
|
|t:|1758290000
|switch|p2a: Tornadus|Tornadus-Therian, M|100/100
|move|p1a: Iron Hands|Close Combat|p2a: Tornadus
|-resisted|p2a: Tornadus
|-damage|p2a: Tornadus|46/100
|-unboost|p1a: Iron Hands|def|1
|-unboost|p1a: Iron Hands|spd|1
|
|upkeep
|turn|3
|
|t:|1758290008
|-end|p1a: Iron Hands|Quark Drive|[silent]
|switch|p1a: Alomomola|Alomomola, F|100/100
|move|p2a: Tornadus|Bleakwind Storm|p1a: Alomomola|[miss]
|-miss|p2a: Tornadus|p1a: Alomomola
|
|upkeep
|turn|4
|
|t:|1758290014
|move|p2a: Tornadus|Taunt|p1a: Alomomola
|-start|p1a: Alomomola|move: Taunt
|move|p1a: Alomomola|Flip Turn|p2a: Tornadus
|-damage|p2a: Tornadus|27/100
|
|t:|1758290021
|switch|p1a: Darkrai|Darkrai|100/100|[from] Flip Turn
|
|upkeep
|turn|5
|
|t:|1758290030
|move|p1a: Darkrai|Dark Pulse|p2a: Tornadus
|-damage|p2a: Tornadus|0 fnt
|faint|p2a: Tornadus
|
|upkeep
|
|t:|1758290033
|switch|p2a: Tyranitar|Tyranitar, F|100/100
|-weather|Sandstorm|[from] ability: Sand Stream|[of] p2a: Tyranitar
|turn|6
|
|t:|1758290040
|move|p1a: Darkrai|Will-O-Wisp|p2a: Tyranitar|[miss]
|-miss|p1a: Darkrai|p2a: Tyranitar
|move|p2a: Tyranitar|Ice Punch|p1a: Darkrai
|-damage|p1a: Darkrai|38/100
|
|-weather|Sandstorm|[upkeep]
|-damage|p1a: Darkrai|31/100|[from] Sandstorm
|upkeep
|turn|7
|
|t:|1758290046
|switch|p1a: Alomomola|Alomomola, F|100/100
|move|p2a: Tyranitar|Ice Punch|p1a: Alomomola
|-resisted|p1a: Alomomola
|-damage|p1a: Alomomola|84/100
|
|-weather|Sandstorm|[upkeep]
|-damage|p1a: Alomomola|78/100|[from] Sandstorm
|upkeep
|turn|8
|
|t:|1758290053
|switch|p2a: Hydrapple|Hydrapple, M|76/100
|move|p1a: Alomomola|Flip Turn|p2a: Hydrapple
|-resisted|p2a: Hydrapple
|-damage|p2a: Hydrapple|73/100
|-damage|p1a: Alomomola|61/100|[from] item: Rocky Helmet|[of] p2a: Hydrapple
|
|t:|1758290061
|switch|p1a: Pecharunt|Pecharunt|100/100|[from] Flip Turn
|-item|p1a: Pecharunt|Air Balloon
|
|-weather|Sandstorm|[upkeep]
|-damage|p1a: Pecharunt|94/100|[from] Sandstorm
|-damage|p2a: Hydrapple|67/100|[from] Sandstorm
|upkeep
|turn|9
|
|t:|1758290067
|switch|p2a: Heatran|Heatran, F|100/100
|move|p1a: Pecharunt|Parting Shot|p2a: Heatran
|-unboost|p2a: Heatran|atk|1
|-unboost|p2a: Heatran|spa|1
|
|t:|1758290071
|switch|p1a: Iron Hands|Iron Hands|79/100|[from] Parting Shot
|
|-weather|Sandstorm|[upkeep]
|-damage|p1a: Iron Hands|73/100|[from] Sandstorm
|upkeep
|turn|10
|
|t:|1758290078
|switch|p2a: Hydrapple|Hydrapple, M|100/100
|move|p1a: Iron Hands|Close Combat|p2a: Hydrapple
|-damage|p2a: Hydrapple|49/100
|-unboost|p1a: Iron Hands|def|1
|-unboost|p1a: Iron Hands|spd|1
|-damage|p1a: Iron Hands|56/100|[from] item: Rocky Helmet|[of] p2a: Hydrapple
|
|-weather|none
|upkeep
|turn|11
|
|t:|1758290094
|move|p1a: Iron Hands|Close Combat|p2a: Hydrapple
|-damage|p2a: Hydrapple|0 fnt
|-unboost|p1a: Iron Hands|def|1
|-unboost|p1a: Iron Hands|spd|1
|-damage|p1a: Iron Hands|40/100|[from] item: Rocky Helmet|[of] p2a: Hydrapple
|faint|p2a: Hydrapple
|
|upkeep
|
|t:|1758290097
|switch|p2a: Keldeo|Keldeo-Resolute|100/100
|turn|12
|
|t:|1758290100
|-end|p1a: Iron Hands|Quark Drive|[silent]
|switch|p1a: Alomomola|Alomomola, F|95/100
|move|p2a: Keldeo|Flip Turn|p1a: Alomomola
|-resisted|p1a: Alomomola
|-damage|p1a: Alomomola|89/100
|
|t:|1758290104
|switch|p2a: Tyranitar|Tyranitar, F|100/100|[from] Flip Turn
|-weather|Sandstorm|[from] ability: Sand Stream|[of] p2a: Tyranitar
|
|-weather|Sandstorm|[upkeep]
|-damage|p1a: Alomomola|83/100|[from] Sandstorm
|upkeep
|turn|13
|
|t:|1758290110
|move|p2a: Tyranitar|Knock Off|p1a: Alomomola
|-damage|p1a: Alomomola|23/100
|-enditem|p1a: Alomomola|Assault Vest|[from] move: Knock Off|[of] p2a: Tyranitar
|move|p1a: Alomomola|Flip Turn|p2a: Tyranitar
|-supereffective|p2a: Tyranitar
|-damage|p2a: Tyranitar|67/100
|
|t:|1758290122
|switch|p1a: Scizor|Scizor, F|100/100|[from] Flip Turn
|
|-weather|Sandstorm|[upkeep]
|upkeep
|turn|14
|
|t:|1758290126
|switch|p2a: Heatran|Heatran, F|100/100
|move|p1a: Scizor|U-turn|p2a: Heatran
|-resisted|p2a: Heatran
|-damage|p2a: Heatran|93/100
|
|t:|1758290131
|switch|p1a: Alomomola|Alomomola, F|56/100|[from] U-turn
|
|-weather|Sandstorm|[upkeep]
|-damage|p1a: Alomomola|50/100|[from] Sandstorm
|-heal|p2a: Heatran|99/100|[from] item: Leftovers
|upkeep
|turn|15
|
|t:|1758290138
|switch|p2a: Keldeo|Keldeo-Resolute|100/100
|move|p1a: Alomomola|Flip Turn|p2a: Keldeo
|-resisted|p2a: Keldeo
|-damage|p2a: Keldeo|91/100
|
|t:|1758290143
|switch|p1a: Landorus|Landorus-Therian, M|100/100|[from] Flip Turn
|-ability|p1a: Landorus|Intimidate|boost
|-unboost|p2a: Keldeo|atk|1
|
|-weather|Sandstorm|[upkeep]
|-damage|p2a: Keldeo|85/100|[from] Sandstorm
|upkeep
|turn|16
|
|t:|1758290149
|move|p1a: Landorus|U-turn|p2a: Keldeo
|-resisted|p2a: Keldeo
|-damage|p2a: Keldeo|70/100
|
|t:|1758290151
|switch|p1a: Alomomola|Alomomola, F|83/100|[from] U-turn
|move|p2a: Keldeo|Flip Turn|p1a: Alomomola
|-resisted|p1a: Alomomola
|-damage|p1a: Alomomola|79/100
|
|t:|1758290157
|switch|p2a: Heatran|Heatran, F|99/100|[from] Flip Turn
|
|-weather|none
|-heal|p2a: Heatran|100/100|[from] item: Leftovers
|upkeep
|turn|17
|
|t:|1758290161
|move|p2a: Heatran|Magma Storm|p1a: Alomomola
|-resisted|p1a: Alomomola
|-damage|p1a: Alomomola|64/100
|-activate|p1a: Alomomola|move: Magma Storm|[of] p2a: Heatran
|move|p1a: Alomomola|Flip Turn|p2a: Heatran
|-supereffective|p2a: Heatran
|-damage|p2a: Heatran|74/100
|
|t:|1758290167
|switch|p1a: Landorus|Landorus-Therian, M|100/100|[from] Flip Turn
|-ability|p1a: Landorus|Intimidate|boost
|-unboost|p2a: Heatran|atk|1
|
|-heal|p2a: Heatran|80/100|[from] item: Leftovers
|upkeep
|turn|18
|
|t:|1758290176
|switch|p2a: Excadrill|Excadrill, F|100/100
|-item|p2a: Excadrill|Air Balloon
|move|p1a: Landorus|U-turn|p2a: Excadrill
|-resisted|p2a: Excadrill
|-damage|p2a: Excadrill|83/100
|-enditem|p2a: Excadrill|Air Balloon
|
|t:|1758290182
|switch|p1a: Alomomola|Alomomola, F|97/100|[from] U-turn
|
|upkeep
|turn|19
|
|t:|1758290191
|switch|p2a: Tyranitar|Tyranitar, F|67/100
|-weather|Sandstorm|[from] ability: Sand Stream|[of] p2a: Tyranitar
|move|p1a: Alomomola|Flip Turn|p2a: Tyranitar
|-supereffective|p2a: Tyranitar
|-damage|p2a: Tyranitar|35/100
|
|t:|1758290195
|switch|p1a: Iron Hands|Iron Hands|40/100|[from] Flip Turn
|
|-weather|Sandstorm|[upkeep]
|-damage|p1a: Iron Hands|34/100|[from] Sandstorm
|upkeep
|turn|20
|
|t:|1758290200
|move|p2a: Tyranitar|Stone Edge|p1a: Iron Hands
|-resisted|p1a: Iron Hands
|-damage|p1a: Iron Hands|4/100
|move|p1a: Iron Hands|Close Combat|p2a: Tyranitar
|-supereffective|p2a: Tyranitar
|-damage|p2a: Tyranitar|0 fnt
|-unboost|p1a: Iron Hands|def|1
|-unboost|p1a: Iron Hands|spd|1
|faint|p2a: Tyranitar
|
|-weather|Sandstorm|[upkeep]
|-damage|p1a: Iron Hands|0 fnt|[from] Sandstorm
|faint|p1a: Iron Hands
|-end|p1a: Iron Hands|Quark Drive|[silent]
|upkeep
|
|t:|1758290208
|switch|p2a: Keldeo|Keldeo-Resolute|70/100
|switch|p1a: Landorus|Landorus-Therian, M|100/100
|-ability|p1a: Landorus|Intimidate|boost
|-unboost|p2a: Keldeo|atk|1
|turn|21
|
|t:|1758290228
|-terastallize|p2a: Keldeo|Water
|move|p1a: Landorus|U-turn|p2a: Keldeo
|-damage|p2a: Keldeo|40/100
|
|t:|1758290230
|switch|p1a: Alomomola|Alomomola, F|100/100|[from] U-turn
|move|p2a: Keldeo|Surf|p1a: Alomomola
|-resisted|p1a: Alomomola
|-damage|p1a: Alomomola|65/100
|
|-weather|Sandstorm|[upkeep]
|-damage|p2a: Keldeo|34/100|[from] Sandstorm
|-damage|p1a: Alomomola|59/100|[from] Sandstorm
|upkeep
|turn|22
|
|t:|1758290233
|move|p2a: Keldeo|Surf|p1a: Alomomola
|-resisted|p1a: Alomomola
|-damage|p1a: Alomomola|27/100
|move|p1a: Alomomola|Flip Turn|p2a: Keldeo
|-resisted|p2a: Keldeo
|-damage|p2a: Keldeo|25/100
|
|t:|1758290237
|switch|p1a: Landorus|Landorus-Therian, M|100/100|[from] Flip Turn
|-ability|p1a: Landorus|Intimidate|boost
|-unboost|p2a: Keldeo|atk|1
|
|-weather|Sandstorm|[upkeep]
|-damage|p2a: Keldeo|19/100|[from] Sandstorm
|upkeep
|turn|23
|-message|kaisadadi forfeited.
|
|win|mateuscavalo
|raw|mateuscavalo's rating: 1590 &rarr; <strong>1610</strong><br />(+20 for winning)
|raw|kaisadadi's rating: 1590 &rarr; <strong>1570</strong><br />(-20 for losing)
|l|☆kaisadadi
|player|p2|
|l|☆mateuscavalo
|player|p1|
