|j|☆luxgia
|j|☆Nikator98
|t:|1758291061
|gametype|singles
|player|p1|luxgia|byron|1729
|player|p2|Nikator98|giovanni|1670
|gen|9
|tier|[Gen 9] OU
|rated|
|rule|HP Percentage Mod: HP is shown in percentages
|rule|Endless Battle Clause: Forcing endless battles is banned
|rule|Species Clause: Limit one of each Pokémon
|rule|OHKO Clause: OHKO moves are banned
|rule|Evasion Items Clause: Evasion items are banned
|rule|Evasion Moves Clause: Evasion moves are banned
|rule|Evasion Abilities Clause: Evasion abilities are banned
|rule|Sleep Moves Clause: Sleep-inducing moves are banned
|clearpoke
|poke|p1|Iron Crown|
|poke|p1|Samurott-Hisui, F|
|poke|p1|Zapdos|
|poke|p1|Dragapult, F|
|poke|p1|Great Tusk|
|poke|p1|Iron Boulder|
|poke|p2|Metagross|
|poke|p2|Great Tusk|
|poke|p2|Haxorus, M|
|poke|p2|Iron Moth|
|poke|p2|Zoroark-Hisui, M|
|poke|p2|Ninetales-Alola, F|
|teampreview
|
|t:|1758291071
|teamsize|p1|6
|teamsize|p2|6
|start
|switch|p1a: Everytime We Touch|Samurott-Hisui, F|100/100
|switch|p2a: Arquillian Sentry|Metagross|100/100
|turn|1
|
|t:|1758291077
|switch|p2a: Asfaloth|Ninetales-Alola, F, shiny|100/100
|-weather|Snowscape|[from] ability: Snow Warning|[of] p2a: Asfaloth
|move|p1a: Everytime We Touch|Ceaseless Edge|p2a: Asfaloth
|-resisted|p2a: Asfaloth
|-damage|p2a: Asfaloth|82/100
|-sidestart|p2: Nikator98|Spikes
|
|-weather|Snowscape|[upkeep]
|upkeep
|turn|2
|
|t:|1758291085
|switch|p1a: Mindreader|Iron Crown|100/100
|move|p2a: Asfaloth|Aurora Veil|p2a: Asfaloth
|-sidestart|p2: Nikator98|move: Aurora Veil
|
|-weather|Snowscape|[upkeep]
|upkeep
|turn|3
|
|t:|1758291091
|switch|p2a: Arquillian Sentry|Metagross|100/100
|-damage|p2a: Arquillian Sentry|88/100|[from] Spikes
|move|p1a: Mindreader|Volt Switch|p2a: Arquillian Sentry
|-damage|p2a: Arquillian Sentry|70/100
|
|t:|1758291096
|-end|p1a: Mindreader|Quark Drive|[silent]
|switch|p1a: Parasite|Dragapult, F|100/100|[from] Volt Switch
|
|-weather|Snowscape|[upkeep]
|upkeep
|turn|4
|
|t:|1758291101
|switch|p2a: Asfaloth|Ninetales-Alola, F, shiny|100/100
|-damage|p2a: Asfaloth|88/100|[from] Spikes
|move|p1a: Parasite|U-turn|p2a: Asfaloth
|-resisted|p2a: Asfaloth
|-damage|p2a: Asfaloth|71/100
|replace|p2a: Van Helsing|Zoroark-Hisui, M, shiny
|-end|p2a: Van Helsing|Illusion
|
|t:|1758291109
|switch|p1a: Everytime We Touch|Samurott-Hisui, F|100/100|[from] U-turn
|
|-weather|Snowscape|[upkeep]
|upkeep
|turn|5
|j| king of spycrabs
|
|t:|1758291122
|switch|p2a: Kumaryia|Great Tusk, shiny|100/100
|move|p1a: Everytime We Touch|Ceaseless Edge|p2a: Kumaryia
|-resisted|p2a: Kumaryia
|-damage|p2a: Kumaryia|92/100
|-sidestart|p2: Nikator98|Spikes
|
|-weather|none
|upkeep
|turn|6
|
|t:|1758291130
|switch|p1a: Hurikan|Zapdos|100/100
|move|p2a: Kumaryia|Knock Off|p1a: Hurikan
|-damage|p1a: Hurikan|76/100
|-enditem|p1a: Hurikan|Heavy-Duty Boots|[from] move: Knock Off|[of] p2a: Kumaryia
|
|upkeep
|turn|7
|
|t:|1758291139
|-end|p2a: Kumaryia|Protosynthesis|[silent]
|switch|p2a: Arquillian Sentry|Metagross|70/100
|-damage|p2a: Arquillian Sentry|54/100|[from] Spikes
|move|p1a: Hurikan|Hurricane|p2a: Arquillian Sentry
|-resisted|p2a: Arquillian Sentry
|-damage|p2a: Arquillian Sentry|42/100
|-start|p2a: Arquillian Sentry|confusion
|
|upkeep
|turn|8
|
|t:|1758291147
|move|p1a: Hurikan|Discharge|p2a: Arquillian Sentry
|-damage|p2a: Arquillian Sentry|23/100
|-status|p2a: Arquillian Sentry|par
|-activate|p2a: Arquillian Sentry|confusion
|move|p2a: Arquillian Sentry|Stealth Rock|p1a: Hurikan
|-sidestart|p1: luxgia|move: Stealth Rock
|
|upkeep
|turn|9
|-enditem|p2a: Arquillian Sentry|Custap Berry|[eat]
|-activate|p2a: Arquillian Sentry|item: Custap Berry|[consumed]
|
|t:|1758291158
|switch|p1a: Pump It|Great Tusk|100/100
|-end|p2a: Arquillian Sentry|confusion
|move|p2a: Arquillian Sentry|Explosion|p1a: Pump It
|-damage|p1a: Pump It|27/100
|faint|p2a: Arquillian Sentry
|
|-sideend|p2: Nikator98|move: Aurora Veil
|upkeep
|
|t:|1758291170
|switch|p2a: Asfaloth|Ninetales-Alola, F, shiny|71/100
|-damage|p2a: Asfaloth|55/100|[from] Spikes
|turn|10
|
|t:|1758291178
|move|p2a: Asfaloth|Bitter Malice|p1a: Pump It
|-damage|p1a: Pump It|0 fnt
|faint|p1a: Pump It
|-end|p1a: Pump It|Protosynthesis|[silent]
|
|upkeep
|
|t:|1758291187
|switch|p1a: Everytime We Touch|Samurott-Hisui, F|100/100
|-damage|p1a: Everytime We Touch|88/100|[from] Stealth Rock
|turn|11
|
|t:|1758291194
|switch|p2a: Asfaloth|Ninetales-Alola, F, shiny|82/100
|-damage|p2a: Asfaloth|65/100|[from] Spikes
|-weather|Snowscape|[from] ability: Snow Warning|[of] p2a: Asfaloth
|move|p1a: Everytime We Touch|Razor Shell|p2a: Asfaloth
|-damage|p2a: Asfaloth|21/100
|-unboost|p2a: Asfaloth|def|1
|
|-weather|Snowscape|[upkeep]
|upkeep
|turn|12
|
|t:|1758291205
|move|p1a: Everytime We Touch|Razor Shell|p2a: Asfaloth
|-damage|p2a: Asfaloth|0 fnt
|faint|p2a: Asfaloth
|
|-weather|Snowscape|[upkeep]
|upkeep
|
|t:|1758291281
|switch|p2a: Lacelle|Haxorus, M|100/100
|-damage|p2a: Lacelle|84/100|[from] Spikes
|-ability|p2a: Lacelle|Mold Breaker
|turn|13
|inactive|Battle timer is ON: inactive players will automatically lose when time's up. (requested by Nikator98)
|
|t:|1758291327
|switch|p1a: Hurikan|Zapdos|76/100
|-damage|p1a: Hurikan|51/100|[from] Stealth Rock
|move|p2a: Lacelle|Scale Shot|p1a: Hurikan
|-damage|p1a: Hurikan|40/100
|-damage|p1a: Hurikan|30/100
|-damage|p1a: Hurikan|19/100
|-damage|p1a: Hurikan|7/100
|-damage|p1a: Hurikan|0 fnt
|faint|p1a: Hurikan
|-hitcount|p1: Hurikan|5
|-unboost|p2a: Lacelle|def|1
|-boost|p2a: Lacelle|spe|1
|
|-weather|Snowscape|[upkeep]
|upkeep
|
|t:|1758291344
|switch|p1a: Mindreader|Iron Crown|100/100
|-damage|p1a: Mindreader|94/100|[from] Stealth Rock
|turn|14
|j| wgw2333
|
|t:|1758291355
|switch|p2a: Gothmog|Iron Moth|100/100
|-damage|p2a: Gothmog|84/100|[from] Spikes
|-enditem|p2a: Gothmog|Booster Energy
|-activate|p2a: Gothmog|ability: Quark Drive|[fromitem]
|-start|p2a: Gothmog|quarkdrivespe
|move|p1a: Mindreader|Tachyon Cutter|p2a: Gothmog
|-resisted|p2a: Gothmog
|-damage|p2a: Gothmog|65/100
|-resisted|p2a: Gothmog
|-damage|p2a: Gothmog|47/100
|-hitcount|p2a: Gothmog|2
|
|-weather|Snowscape|[upkeep]
|upkeep
|turn|15
|
|t:|1758291366
|move|p2a: Gothmog|Fiery Dance|p1a: Mindreader
|-supereffective|p1a: Mindreader
|-damage|p1a: Mindreader|13/100
|-boost|p2a: Gothmog|spa|1
|move|p1a: Mindreader|Tachyon Cutter|p2a: Gothmog
|-resisted|p2a: Gothmog
|-damage|p2a: Gothmog|27/100
|-resisted|p2a: Gothmog
|-damage|p2a: Gothmog|8/100
|-hitcount|p2a: Gothmog|2
|
|-weather|none
|upkeep
|turn|16
|
|t:|1758291379
|move|p2a: Gothmog|Fiery Dance|p1a: Mindreader
|-supereffective|p1a: Mindreader
|-damage|p1a: Mindreader|0 fnt
|faint|p1a: Mindreader
|-end|p1a: Mindreader|Quark Drive|[silent]
|
|upkeep
|
|t:|1758291382
|switch|p1a: Revery|Iron Boulder|100/100
|-damage|p1a: Revery|88/100|[from] Stealth Rock
|-enditem|p1a: Revery|Booster Energy
|-activate|p1a: Revery|ability: Quark Drive|[fromitem]
|-start|p1a: Revery|quarkdrivespe
|turn|17
|l| wgw2333
|
|t:|1758291391
|move|p1a: Revery|Mighty Cleave|p2a: Gothmog
|-supereffective|p2a: Gothmog
|-damage|p2a: Gothmog|0 fnt
|faint|p2a: Gothmog
|-end|p2a: Gothmog|Quark Drive|[silent]
|
|upkeep
|
|t:|1758291397
|switch|p2a: Kumaryia|Great Tusk, shiny|92/100
|turn|18
|
|t:|1758291414
|move|p1a: Revery|Zen Headbutt|p2a: Kumaryia
|-supereffective|p2a: Kumaryia
|-damage|p2a: Kumaryia|36/100
|move|p2a: Kumaryia|Headlong Rush|p1a: Revery
|-supereffective|p1a: Revery
|-damage|p1a: Revery|0 fnt
|-unboost|p2a: Kumaryia|def|1
|-unboost|p2a: Kumaryia|spd|1
|faint|p1a: Revery
|-end|p1a: Revery|Quark Drive|[silent]
|
|upkeep
|
|t:|1758291419
|switch|p1a: Everytime We Touch|Samurott-Hisui, F|88/100
|-damage|p1a: Everytime We Touch|76/100|[from] Stealth Rock
|turn|19
|
|t:|1758291430
|move|p1a: Everytime We Touch|Flip Turn|p2a: Kumaryia
|-supereffective|p2a: Kumaryia
|-damage|p2a: Kumaryia|0 fnt
|faint|p2a: Kumaryia
|-end|p2a: Kumaryia|Protosynthesis|[silent]
|
|t:|1758291435
|switch|p1a: Parasite|Dragapult, F|100/100|[from] Flip Turn
|-damage|p1a: Parasite|88/100|[from] Stealth Rock
|
|upkeep
|
|t:|1758291457
|switch|p2a: Lacelle|Haxorus, M|55/100
|-damage|p2a: Lacelle|39/100|[from] Spikes
|turn|20
|
|t:|1758291469
|move|p1a: Parasite|U-turn|p2a: Lacelle
|-resisted|p2a: Lacelle
|-damage|p2a: Lacelle|5/100
|replace|p2a: Van Helsing|Zoroark-Hisui, M, shiny
|-end|p2a: Van Helsing|Illusion
|
|t:|1758291471
|switch|p1a: Everytime We Touch|Samurott-Hisui, F|76/100|[from] U-turn
|-damage|p1a: Everytime We Touch|63/100|[from] Stealth Rock
|move|p2a: Van Helsing|Bitter Malice|p1a: Everytime We Touch
|-resisted|p1a: Everytime We Touch
|-damage|p1a: Everytime We Touch|21/100
|-unboost|p1a: Everytime We Touch|atk|1
|
|upkeep
|turn|21
|
|t:|1758291481
|move|p1a: Everytime We Touch|Flip Turn|p2a: Van Helsing
|-damage|p2a: Van Helsing|0 fnt
|faint|p2a: Van Helsing
|
|t:|1758291484
|switch|p1a: Parasite|Dragapult, F|88/100|[from] Flip Turn
|-damage|p1a: Parasite|76/100|[from] Stealth Rock
|
|upkeep
|
|t:|1758291489
|switch|p2a: Lacelle|Haxorus, M|84/100
|-damage|p2a: Lacelle|68/100|[from] Spikes
|-ability|p2a: Lacelle|Mold Breaker
|turn|22
|
|t:|1758291502
|-terastallize|p1a: Parasite|Ghost
|-terastallize|p2a: Lacelle|Steel
|move|p1a: Parasite|Tera Blast|p2a: Lacelle|[anim] Tera Blast Ghost
|-damage|p2a: Lacelle|0 fnt
|faint|p2a: Lacelle
|
|win|luxgia
|raw|luxgia's rating: 1729 &rarr; <strong>1746</strong><br />(+17 for winning)
|raw|Nikator98's rating: 1670 &rarr; <strong>1653</strong><br />(-17 for losing)
|l|☆luxgia
|player|p1|
|l|☆Nikator98
|player|p2|
|l| king of spycrabs
