|j|☆Tocanada
|j|☆cheeseguy43
|t:|1758295274
|gametype|singles
|player|p1|Tocanada|265|1337
|player|p2|cheeseguy43|steven|1328
|gen|9
|tier|[Gen 9] OU
|rated|
|rule|HP Percentage Mod: HP is shown in percentages
|rule|Endless Battle Clause: Forcing endless battles is banned
|rule|Species Clause: Limit one of each Pokémon
|rule|OHKO Clause: OHKO moves are banned
|rule|Evasion Items Clause: Evasion items are banned
|rule|Evasion Moves Clause: Evasion moves are banned
|rule|Evasion Abilities Clause: Evasion abilities are banned
|rule|Sleep Moves Clause: Sleep-inducing moves are banned
|clearpoke
|poke|p1|Ogerpon-Cornerstone, F|
|poke|p1|Hatterene, F|
|poke|p1|Pecharunt|
|poke|p1|Landorus-Therian, M|
|poke|p1|Kingambit, M|
|poke|p1|Latios, M|
|poke|p2|Indeedee, M|
|poke|p2|Hatterene, F|
|poke|p2|Ursaluna, F|
|poke|p2|Iron Hands|
|poke|p2|Hoopa-Unbound|
|poke|p2|Mimikyu, F|
|teampreview
|inactive|Battle timer is ON: inactive players will automatically lose when time's up. (requested by Tocanada)
|c|☆cheeseguy43|hf
|inactive|cheeseguy43 has 120 seconds left.
|
|t:|1758295306
|teamsize|p1|6
|teamsize|p2|6
|start
|switch|p1a: Landorus|Landorus-Therian, M|100/100
|switch|p2a: Subaru|Indeedee, M, shiny|100/100
|-ability|p1a: Landorus|Intimidate|boost
|-unboost|p2a: Subaru|atk|1
|-fieldstart|move: Psychic Terrain|[from] ability: Psychic Surge|[of] p2a: Subaru
|turn|1
|c|☆Tocanada|glhf!
|
|t:|1758295325
|move|p1a: Landorus|Taunt|p2a: Subaru
|-start|p2a: Subaru|move: Taunt
|cant|p2a: Subaru|move: Taunt|Trick Room
|
|upkeep
|turn|2
|
|t:|1758295350
|switch|p2a: Crashout YN|Ursaluna, F, shiny|100/100
|move|p1a: Landorus|Stealth Rock|p2a: Crashout YN
|-sidestart|p2: cheeseguy43|move: Stealth Rock
|
|-status|p2a: Crashout YN|brn|[from] item: Flame Orb
|upkeep
|turn|3
|inactive|Tocanada has 120 seconds left.
|c|☆Tocanada|its so interesting playing sgainst a team that i played myself
|
|t:|1758295388
|move|p1a: Landorus|Earthquake|p2a: Crashout YN
|-damage|p2a: Crashout YN|67/100 brn
|move|p2a: Crashout YN|Facade|p1a: Landorus
|-damage|p1a: Landorus|1/100
|-damage|p2a: Crashout YN|51/100 brn|[from] item: Rocky Helmet|[of] p1a: Landorus
|
|-damage|p2a: Crashout YN|45/100 brn|[from] brn
|upkeep
|turn|4
|inactive|Tocanada has 120 seconds left.
|inactive|cheeseguy43 has 120 seconds left.
|c|☆cheeseguy43|well yeah its a pretty famous team
|
|t:|1758295424
|switch|p1a: Pecharunt|Pecharunt|100/100
|move|p2a: Crashout YN|Facade|p1a: Pecharunt
|-immune|p1a: Pecharunt
|
|-damage|p2a: Crashout YN|39/100 brn|[from] brn
|upkeep
|turn|5
|inactive|cheeseguy43 has 120 seconds left.
|inactive|Tocanada has 120 seconds left.
|c|☆Tocanada|its really fun too ngl
|
|t:|1758295450
|move|p1a: Pecharunt|Malignant Chain|p2a: Crashout YN
|-resisted|p2a: Crashout YN
|-damage|p2a: Crashout YN|26/100 brn
|move|p2a: Crashout YN|Headlong Rush|p1a: Pecharunt
|-supereffective|p1a: Pecharunt
|-damage|p1a: Pecharunt|0 fnt
|-unboost|p2a: Crashout YN|def|1
|-unboost|p2a: Crashout YN|spd|1
|faint|p1a: Pecharunt
|
|-damage|p2a: Crashout YN|20/100 brn|[from] brn
|upkeep
|
|t:|1758295457
|switch|p1a: Landorus|Landorus-Therian, M|1/100
|-ability|p1a: Landorus|Intimidate|boost
|-unboost|p2a: Crashout YN|atk|1
|turn|6
|inactive|cheeseguy43 has 120 seconds left.
|
|t:|1758295481
|move|p1a: Landorus|Earthquake|p2a: Crashout YN
|-damage|p2a: Crashout YN|0 fnt
|faint|p2a: Crashout YN
|
|upkeep
|
|t:|1758295488
|switch|p2a: Subaru|Indeedee, M, shiny|100/100
|-damage|p2a: Subaru|88/100|[from] Stealth Rock
|turn|7
|inactive|cheeseguy43 has 120 seconds left.
|inactive|Tocanada has 120 seconds left.
|
|t:|1758295502
|move|p1a: Landorus|Taunt|p2a: Subaru
|-start|p2a: Subaru|move: Taunt
|move|p2a: Subaru|Expanding Force|p1a: Landorus
|-damage|p1a: Landorus|0 fnt
|faint|p1a: Landorus
|
|upkeep
|inactive|Tocanada has 120 seconds left.
|
|t:|1758295513
|switch|p1a: Kingambit|Kingambit, M|100/100
|-activate|p1a: Kingambit|ability: Supreme Overlord
|-start|p1a: Kingambit|fallen2|[silent]
|turn|8
|
|t:|1758295522
|switch|p2a: Mimi|Mimikyu, F, shiny|100/100
|-damage|p2a: Mimi|88/100|[from] Stealth Rock
|move|p1a: Kingambit|Kowtow Cleave|p2a: Mimi
|-activate|p2a: Mimi|ability: Disguise
|-damage|p2a: Mimi|88/100
|detailschange|p2a: Mimi|Mimikyu-Busted, F, shiny
|-damage|p2a: Mimi|76/100|[from] pokemon: Mimikyu-Busted
|-enditem|p2a: Mimi|Red Card|[of] p1a: Kingambit
|-end|p1a: Kingambit|fallen2|[silent]
|drag|p1a: Hatterene|Hatterene, F|100/100
|
|-fieldend|move: Psychic Terrain
|upkeep
|turn|9
|
|t:|1758295533
|move|p1a: Hatterene|Psychic Noise|p2a: Mimi
|-damage|p2a: Mimi|37/100
|-start|p2a: Mimi|move: Heal Block
|move|p2a: Mimi|Trick Room|p2a: Mimi
|-fieldstart|move: Trick Room|[of] p2a: Mimi
|
|upkeep
|turn|10
|inactive|cheeseguy43 has 120 seconds left.
|
|t:|1758295562
|move|p1a: Hatterene|Psychic Noise|p2a: Mimi
|-crit|p2a: Mimi
|-damage|p2a: Mimi|0 fnt
|faint|p2a: Mimi
|
|upkeep
|inactive|cheeseguy43 has 120 seconds left.
|
|t:|1758295570
|switch|p2a: King Von|Hoopa-Unbound|100/100
|-damage|p2a: King Von|88/100|[from] Stealth Rock
|turn|11
|
|t:|1758295581
|move|p1a: Hatterene|Draining Kiss|p2a: King Von
|-supereffective|p2a: King Von
|-damage|p2a: King Von|50/100
|move|p2a: King Von|Hyperspace Fury|p1a: Hatterene
|-damage|p1a: Hatterene|40/100
|-unboost|p2a: King Von|def|1
|
|upkeep
|turn|12
|inactive|cheeseguy43 has 120 seconds left.
|
|t:|1758295618
|move|p1a: Hatterene|Draining Kiss|p2a: King Von
|-supereffective|p2a: King Von
|-damage|p2a: King Von|12/100
|-heal|p1a: Hatterene|73/100|[from] drain|[of] p2a: King Von
|move|p2a: King Von|Hyperspace Fury|p1a: Hatterene
|-damage|p1a: Hatterene|20/100
|-unboost|p2a: King Von|def|1
|
|upkeep
|turn|13
|
|t:|1758295623
|move|p1a: Hatterene|Draining Kiss|p2a: King Von
|-supereffective|p2a: King Von
|-damage|p2a: King Von|0 fnt
|-heal|p1a: Hatterene|30/100|[from] drain|[of] p2a: King Von
|faint|p2a: King Von
|
|-fieldend|move: Trick Room
|upkeep
|
|t:|1758295625
|switch|p2a: Subaru|Indeedee, M, shiny|88/100
|-damage|p2a: Subaru|76/100|[from] Stealth Rock
|-fieldstart|move: Psychic Terrain|[from] ability: Psychic Surge|[of] p2a: Subaru
|turn|14
|
|t:|1758295632
|move|p2a: Subaru|Expanding Force|p1a: Hatterene
|-resisted|p1a: Hatterene
|-damage|p1a: Hatterene|14/100
|move|p1a: Hatterene|Draining Kiss|p2a: Subaru
|-damage|p2a: Subaru|47/100
|-heal|p1a: Hatterene|36/100|[from] drain|[of] p2a: Subaru
|
|upkeep
|turn|15
|inactive|cheeseguy43 has 120 seconds left.
|
|t:|1758295663
|move|p1a: Hatterene|Draining Kiss|p2a: Subaru
|-damage|p2a: Subaru|19/100
|-heal|p1a: Hatterene|57/100|[from] drain|[of] p2a: Subaru
|move|p2a: Subaru|Trick Room|p2a: Subaru
|-fieldstart|move: Trick Room|[of] p2a: Subaru
|
|upkeep
|turn|16
|
|t:|1758295668
|move|p1a: Hatterene|Draining Kiss|p2a: Subaru
|-damage|p2a: Subaru|0 fnt
|-heal|p1a: Hatterene|72/100|[from] drain|[of] p2a: Subaru
|faint|p2a: Subaru
|
|upkeep
|-message|cheeseguy43 forfeited.
|
|win|Tocanada
|raw|Tocanada's rating: 1337 &rarr; <strong>1356</strong><br />(+19 for winning)
|raw|cheeseguy43's rating: 1328 &rarr; <strong>1309</strong><br />(-19 for losing)
|l|☆cheeseguy43
|player|p2|
|c|☆Tocanada|ggwp
