|j|☆20120414x
|j|☆Swag_SerotoninYT
|t:|1758289187
|gametype|singles
|player|p1|20120414x|winona|1100
|player|p2|Swag_SerotoninYT|harlequin|1091
|gen|9
|tier|[Gen 9] OU
|rated|
|rule|HP Percentage Mod: HP is shown in percentages
|rule|Endless Battle Clause: Forcing endless battles is banned
|rule|Species Clause: Limit one of each Pokémon
|rule|OHKO Clause: OHKO moves are banned
|rule|Evasion Items Clause: Evasion items are banned
|rule|Evasion Moves Clause: Evasion moves are banned
|rule|Evasion Abilities Clause: Evasion abilities are banned
|rule|Sleep Moves Clause: Sleep-inducing moves are banned
|clearpoke
|poke|p1|Zamazenta-*|
|poke|p1|Great Tusk|
|poke|p1|Quaquaval, M|
|poke|p1|Cobalion|
|poke|p1|Tyranitar, F|
|poke|p1|Drednaw, M|
|poke|p2|Gastrodon, M|
|poke|p2|Masquerain, M|
|poke|p2|Stantler, F|
|poke|p2|Chandelure, M|
|poke|p2|Grimmsnarl, M|
|poke|p2|Sandslash-Alola, M|
|teampreview
|inactive|Battle timer is ON: inactive players will automatically lose when time's up. (requested by Swag_SerotoninYT)
|
|t:|1758289197
|teamsize|p1|6
|teamsize|p2|6
|start
|switch|p1a: Cobalion|Cobalion|100/100
|switch|p2a: Masquerain|Masquerain, M|100/100
|-ability|p2a: Masquerain|Intimidate|boost
|-unboost|p1a: Cobalion|atk|1
|turn|1
|
|t:|1758289210
|move|p2a: Masquerain|Sticky Web|p1a: Cobalion
|-sidestart|p1: 20120414x|move: Sticky Web
|move|p1a: Cobalion|Stealth Rock|p2a: Masquerain
|-sidestart|p2: Swag_SerotoninYT|move: Stealth Rock
|
|upkeep
|turn|2
|
|t:|1758289219
|move|p2a: Masquerain|Stun Spore|p1a: Cobalion
|-status|p1a: Cobalion|par
|move|p1a: Cobalion|Steel Beam|p2a: Masquerain
|-damage|p2a: Masquerain|21/100
|-damage|p1a: Cobalion|50/100 par|[from] steelbeam
|
|upkeep
|turn|3
|
|t:|1758289237
|switch|p2a: Chandelure|Chandelure, M|100/100
|-damage|p2a: Chandelure|76/100|[from] Stealth Rock
|cant|p1a: Cobalion|par
|
|upkeep
|turn|4
|
|t:|1758289245
|move|p2a: Chandelure|Heat Wave|p1a: Cobalion
|-supereffective|p1a: Cobalion
|-damage|p1a: Cobalion|0 fnt
|faint|p1a: Cobalion
|
|upkeep
|
|t:|1758289256
|switch|p1a: Tyranitar|Tyranitar, F|100/100
|-activate|p1a: Tyranitar|move: Sticky Web
|-unboost|p1a: Tyranitar|spe|1
|-weather|Sandstorm|[from] ability: Sand Stream|[of] p1a: Tyranitar
|turn|5
|
|t:|1758289268
|switch|p2a: Masquerain|Masquerain, M|21/100
|-damage|p2a: Masquerain|0 fnt|[from] Stealth Rock
|faint|p2a: Masquerain
|move|p1a: Tyranitar|Knock Off|p2: Masquerain|[notarget]
|-fail|p1a: Tyranitar
|
|-weather|Sandstorm|[upkeep]
|upkeep
|
|t:|1758289281
|switch|p2a: Grimmsnarl|Grimmsnarl, M|100/100
|turn|6
|
|t:|1758289287
|move|p2a: Grimmsnarl|Parting Shot|p1a: Tyranitar
|-hint|Since gen 7, Dark is immune to Prankster moves.
|-immune|p1a: Tyranitar
|move|p1a: Tyranitar|Knock Off|p2a: Grimmsnarl
|-resisted|p2a: Grimmsnarl
|-damage|p2a: Grimmsnarl|86/100
|-enditem|p2a: Grimmsnarl|Heavy-Duty Boots|[from] move: Knock Off|[of] p1a: Tyranitar
|
|-weather|Sandstorm|[upkeep]
|-damage|p2a: Grimmsnarl|80/100|[from] Sandstorm
|upkeep
|turn|7
|
|t:|1758289300
|move|p2a: Grimmsnarl|Spirit Break|p1a: Tyranitar
|-supereffective|p1a: Tyranitar
|-damage|p1a: Tyranitar|30/100
|-unboost|p1a: Tyranitar|spa|1
|move|p1a: Tyranitar|Stone Edge|p2a: Grimmsnarl
|-damage|p2a: Grimmsnarl|14/100
|
|-weather|Sandstorm|[upkeep]
|-damage|p2a: Grimmsnarl|8/100|[from] Sandstorm
|upkeep
|turn|8
|
|t:|1758289312
|move|p2a: Grimmsnarl|Spirit Break|p1a: Tyranitar
|-supereffective|p1a: Tyranitar
|-damage|p1a: Tyranitar|0 fnt
|faint|p1a: Tyranitar
|
|-weather|Sandstorm|[upkeep]
|-damage|p2a: Grimmsnarl|2/100|[from] Sandstorm
|upkeep
|
|t:|1758289321
|switch|p1a: Great Tusk|Great Tusk|100/100
|-activate|p1a: Great Tusk|move: Sticky Web
|-unboost|p1a: Great Tusk|spe|1
|-enditem|p1a: Great Tusk|Booster Energy
|-activate|p1a: Great Tusk|ability: Protosynthesis|[fromitem]
|-start|p1a: Great Tusk|protosynthesisatk
|turn|9
|
|t:|1758289329
|-terastallize|p1a: Great Tusk|Steel
|move|p2a: Grimmsnarl|Parting Shot|p1a: Great Tusk
|-unboost|p1a: Great Tusk|atk|1
|-unboost|p1a: Great Tusk|spa|1
|
|t:|1758289334
|switch|p2a: Chandelure|Chandelure, M|76/100|[from] Parting Shot
|-damage|p2a: Chandelure|51/100|[from] Stealth Rock
|move|p1a: Great Tusk|Rapid Spin|p2a: Chandelure
|-immune|p2a: Chandelure
|
|-weather|none
|upkeep
|turn|10
|
|t:|1758289349
|-end|p1a: Great Tusk|Protosynthesis|[silent]
|switch|p1a: Quaquaval|Quaquaval, M|100/100
|-activate|p1a: Quaquaval|move: Sticky Web
|-unboost|p1a: Quaquaval|spe|1
|move|p2a: Chandelure|Heat Wave|p1a: Quaquaval
|-resisted|p1a: Quaquaval
|-damage|p1a: Quaquaval|66/100
|
|upkeep
|turn|11
|
|t:|1758289361
|-terastallize|p2a: Chandelure|Grass
|move|p2a: Chandelure|Energy Ball|p1a: Quaquaval
|-supereffective|p1a: Quaquaval
|-crit|p1a: Quaquaval
|-damage|p1a: Quaquaval|0 fnt
|faint|p1a: Quaquaval
|
|upkeep
|
|t:|1758289382
|switch|p1a: Drednaw|Drednaw, M|100/100
|-activate|p1a: Drednaw|move: Sticky Web
|-unboost|p1a: Drednaw|spe|1
|turn|12
|
|t:|1758289389
|move|p2a: Chandelure|Energy Ball|p1a: Drednaw
|-supereffective|p1a: Drednaw
|-enditem|p1a: Drednaw|Focus Sash
|-damage|p1a: Drednaw|1/100
|move|p1a: Drednaw|Shell Smash|p1a: Drednaw
|-unboost|p1a: Drednaw|def|1
|-unboost|p1a: Drednaw|spd|1
|-boost|p1a: Drednaw|atk|2
|-boost|p1a: Drednaw|spa|2
|-boost|p1a: Drednaw|spe|2
|
|upkeep
|turn|13
|
|t:|1758289404
|switch|p2a: Grimmsnarl|Grimmsnarl, M|2/100
|-damage|p2a: Grimmsnarl|0 fnt|[from] Stealth Rock
|faint|p2a: Grimmsnarl
|move|p1a: Drednaw|Ice Fang|p2: Grimmsnarl|[notarget]
|-fail|p1a: Drednaw
|
|upkeep
|
|t:|1758289411
|switch|p2a: Sandslash|Sandslash-Alola, M|100/100
|-damage|p2a: Sandslash|88/100|[from] Stealth Rock
|turn|14
|
|t:|1758289417
|move|p1a: Drednaw|Liquidation|p2a: Sandslash
|-damage|p2a: Sandslash|23/100
|move|p2a: Sandslash|Rapid Spin|p1a: Drednaw
|-resisted|p1a: Drednaw
|-damage|p1a: Drednaw|0 fnt
|-boost|p2a: Sandslash|spe|1
|-sideend|p2: Swag_SerotoninYT|Stealth Rock|[from] move: Rapid Spin|[of] p2a: Sandslash
|faint|p1a: Drednaw
|
|upkeep
|
|t:|1758289427
|switch|p1a: Zamazenta|Zamazenta|100/100
|-activate|p1a: Zamazenta|move: Sticky Web
|-unboost|p1a: Zamazenta|spe|1
|-ability|p1a: Zamazenta|Dauntless Shield|boost
|-boost|p1a: Zamazenta|def|1
|turn|15
|
|t:|1758289447
|switch|p2a: Stantler|Stantler, F|100/100
|move|p1a: Zamazenta|Substitute|p1a: Zamazenta
|-start|p1a: Zamazenta|Substitute
|-damage|p1a: Zamazenta|76/100
|
|-heal|p1a: Zamazenta|82/100|[from] item: Leftovers
|upkeep
|turn|16
|
|t:|1758289457
|move|p1a: Zamazenta|Iron Defense|p1a: Zamazenta
|-boost|p1a: Zamazenta|def|2
|move|p2a: Stantler|Psyshield Bash|p1a: Zamazenta
|-supereffective|p1a: Zamazenta
|-activate|p1a: Zamazenta|move: Substitute|[damage]
|-boost|p2a: Stantler|def|1
|
|-heal|p1a: Zamazenta|88/100|[from] item: Leftovers
|upkeep
|turn|17
|
|t:|1758289467
|move|p1a: Zamazenta|Iron Defense|p1a: Zamazenta
|-boost|p1a: Zamazenta|def|2
|move|p2a: Stantler|Psyshield Bash|p1a: Zamazenta
|-supereffective|p1a: Zamazenta
|-activate|p1a: Zamazenta|move: Substitute|[damage]
|-boost|p2a: Stantler|def|1
|
|-heal|p1a: Zamazenta|94/100|[from] item: Leftovers
|upkeep
|turn|18
|
|t:|1758289478
|move|p1a: Zamazenta|Body Press|p2a: Stantler
|-supereffective|p2a: Stantler
|-damage|p2a: Stantler|0 fnt
|faint|p2a: Stantler
|
|-heal|p1a: Zamazenta|99/100|[from] item: Leftovers
|upkeep
|c|☆Swag_SerotoninYT|nice, 2 super effective hits and it didnt break
|
|t:|1758289501
|switch|p2a: Sandslash|Sandslash-Alola, M|23/100
|turn|19
|
|t:|1758289507
|move|p1a: Zamazenta|Body Press|p2a: Sandslash
|-supereffective|p2a: Sandslash
|-damage|p2a: Sandslash|0 fnt
|faint|p2a: Sandslash
|
|-heal|p1a: Zamazenta|100/100|[from] item: Leftovers
|upkeep
|c|☆Swag_SerotoninYT|practically giving you the win at that point
|
|t:|1758289518
|switch|p2a: Chandelure|Chandelure, M, tera:Grass|51/100
|turn|20
|
|t:|1758289522
|move|p1a: Zamazenta|Body Press|p2a: Chandelure
|-damage|p2a: Chandelure|0 fnt
|faint|p2a: Chandelure
|
|upkeep
|
|t:|1758289524
|switch|p2a: Gastrodon|Gastrodon, M|100/100
|turn|21
|
|t:|1758289530
|move|p1a: Zamazenta|Body Press|p2a: Gastrodon
|-damage|p2a: Gastrodon|0 fnt
|faint|p2a: Gastrodon
|
|win|20120414x
|raw|20120414x's rating: 1100 &rarr; <strong>1124</strong><br />(+24 for winning)
|raw|Swag_SerotoninYT's rating: 1091 &rarr; <strong>1068</strong><br />(-23 for losing)
|c|☆Swag_SerotoninYT|enjoy ur free win#
|l|☆Swag_SerotoninYT
|player|p2|
|l|☆20120414x
|player|p1|
