|j|☆refind
|j|☆takeyouout
|t:|1758259530
|gametype|singles
|player|p1|refind|elesa|1516
|player|p2|takeyouout|richboy|1553
|gen|9
|tier|[Gen 9] OU
|rated|
|rule|HP Percentage Mod: HP is shown in percentages
|rule|Endless Battle Clause: Forcing endless battles is banned
|rule|Species Clause: Limit one of each Pokémon
|rule|OHKO Clause: OHKO moves are banned
|rule|Evasion Items Clause: Evasion items are banned
|rule|Evasion Moves Clause: Evasion moves are banned
|rule|Evasion Abilities Clause: Evasion abilities are banned
|rule|Sleep Moves Clause: Sleep-inducing moves are banned
|clearpoke
|poke|p1|Garganacl, F|
|poke|p1|Ogerpon-Cornerstone, F|
|poke|p1|Hydrapple, M|
|poke|p1|Alomomola, M|
|poke|p1|Iron Crown|
|poke|p1|Great Tusk|
|poke|p2|Tyranitar, F|
|poke|p2|Garganacl, M|
|poke|p2|Deoxys-Speed|
|poke|p2|Alomomola, F|
|poke|p2|Excadrill, M|
|poke|p2|Tornadus-Therian, M|
|teampreview
|inactive|Battle timer is ON: inactive players will automatically lose when time's up. (requested by refind)
|
|t:|1758259540
|teamsize|p1|6
|teamsize|p2|6
|start
|switch|p1a: Ogerpon|Ogerpon-Cornerstone, F|100/100
|switch|p2a: 99|Deoxys-Speed|100/100
|-ability|p2a: 99|Pressure
|turn|1
|
|t:|1758259548
|switch|p1a: Iron Crown|Iron Crown|100/100
|move|p2a: 99|Focus Blast|p1a: Iron Crown
|-damage|p1a: Iron Crown|50/100
|-unboost|p1a: Iron Crown|spd|1
|-damage|p2a: 99|91/100|[from] item: Life Orb
|
|upkeep
|turn|2
|
|t:|1758259554
|-end|p1a: Iron Crown|Quark Drive|[silent]
|switch|p1a: Hydrapple|Hydrapple, M|100/100
|move|p2a: 99|Dark Pulse|p1a: Hydrapple
|-damage|p1a: Hydrapple|86/100
|-damage|p2a: 99|81/100|[from] item: Life Orb
|
|upkeep
|turn|3
|
|t:|1758259560
|switch|p1a: Garganacl|Garganacl, F|100/100
|move|p2a: 99|Psycho Boost|p1a: Garganacl
|-damage|p1a: Garganacl|48/100
|-unboost|p2a: 99|spa|2
|-damage|p2a: 99|71/100|[from] item: Life Orb
|
|-heal|p1a: Garganacl|54/100|[from] item: Leftovers
|upkeep
|turn|4
|
|t:|1758259566
|switch|p2a: Broomhilda|Tyranitar, F, shiny|100/100
|-weather|Sandstorm|[from] ability: Sand Stream|[of] p2a: Broomhilda
|switch|p1a: Iron Crown|Iron Crown|50/100
|
|-weather|Sandstorm|[upkeep]
|upkeep
|turn|5
|
|t:|1758259572
|move|p1a: Iron Crown|Tachyon Cutter|p2a: Broomhilda
|-supereffective|p2a: Broomhilda
|-damage|p2a: Broomhilda|68/100
|-supereffective|p2a: Broomhilda
|-damage|p2a: Broomhilda|34/100
|-hitcount|p2a: Broomhilda|2
|move|p2a: Broomhilda|Ice Beam|p1a: Iron Crown
|-resisted|p1a: Iron Crown
|-damage|p1a: Iron Crown|40/100
|
|-weather|Sandstorm|[upkeep]
|upkeep
|turn|6
|
|t:|1758259579
|switch|p2a: Molllllyyyyy|Alomomola, F, shiny|100/100
|move|p1a: Iron Crown|Tachyon Cutter|p2a: Molllllyyyyy
|-resisted|p2a: Molllllyyyyy
|-damage|p2a: Molllllyyyyy|84/100
|-resisted|p2a: Molllllyyyyy
|-damage|p2a: Molllllyyyyy|65/100
|-hitcount|p2a: Molllllyyyyy|2
|
|-weather|Sandstorm|[upkeep]
|-damage|p2a: Molllllyyyyy|59/100|[from] Sandstorm
|upkeep
|turn|7
|
|t:|1758259588
|-end|p1a: Iron Crown|Quark Drive|[silent]
|switch|p1a: Alomomola|Alomomola, M|100/100
|move|p2a: Molllllyyyyy|Light Screen|p2a: Molllllyyyyy
|-sidestart|p2: takeyouout|move: Light Screen
|
|-weather|Sandstorm|[upkeep]
|-damage|p1a: Alomomola|94/100|[from] Sandstorm
|-damage|p2a: Molllllyyyyy|52/100|[from] Sandstorm
|upkeep
|turn|8
|
|t:|1758259591
|move|p1a: Alomomola|Wish|p1a: Alomomola
|move|p2a: Molllllyyyyy|Wish|p2a: Molllllyyyyy
|
|-weather|none
|upkeep
|turn|9
|
|t:|1758259594
|move|p1a: Alomomola|Flip Turn|p2a: Molllllyyyyy
|-resisted|p2a: Molllllyyyyy
|-damage|p2a: Molllllyyyyy|48/100
|-damage|p1a: Alomomola|78/100|[from] item: Rocky Helmet|[of] p2a: Molllllyyyyy
|
|t:|1758259602
|switch|p1a: Iron Crown|Iron Crown|40/100|[from] Flip Turn
|move|p2a: Molllllyyyyy|Flip Turn|p1a: Iron Crown
|-damage|p1a: Iron Crown|23/100
|
|t:|1758259605
|switch|p2a: Broomhilda|Tyranitar, F, shiny|34/100|[from] Flip Turn
|-weather|Sandstorm|[from] ability: Sand Stream|[of] p2a: Broomhilda
|
|-weather|Sandstorm|[upkeep]
|-heal|p1a: Iron Crown|100/100|[from] move: Wish|[wisher] Alomomola
|-heal|p2a: Broomhilda|99/100|[from] move: Wish|[wisher] Molllllyyyyy
|upkeep
|turn|10
|
|t:|1758259615
|move|p1a: Iron Crown|Volt Switch|p2a: Broomhilda
|-crit|p2a: Broomhilda
|-damage|p2a: Broomhilda|78/100
|
|t:|1758259619
|-end|p1a: Iron Crown|Quark Drive|[silent]
|switch|p1a: Garganacl|Garganacl, F|54/100|[from] Volt Switch
|move|p2a: Broomhilda|Stealth Rock|p1a: Garganacl
|-sidestart|p1: refind|move: Stealth Rock
|
|-weather|Sandstorm|[upkeep]
|-heal|p1a: Garganacl|60/100|[from] item: Leftovers
|upkeep
|turn|11
|
|t:|1758259627
|move|p2a: Broomhilda|Knock Off|p1a: Garganacl
|-damage|p1a: Garganacl|32/100
|-enditem|p1a: Garganacl|Leftovers|[from] move: Knock Off|[of] p2a: Broomhilda
|move|p1a: Garganacl|Stealth Rock|p2a: Broomhilda
|-sidestart|p2: takeyouout|move: Stealth Rock
|
|-weather|Sandstorm|[upkeep]
|-sideend|p2: takeyouout|move: Light Screen
|upkeep
|turn|12
|
|t:|1758259631
|move|p2a: Broomhilda|Low Kick|p1a: Garganacl
|-supereffective|p1a: Garganacl
|-damage|p1a: Garganacl|0 fnt
|faint|p1a: Garganacl
|
|-weather|Sandstorm|[upkeep]
|upkeep
|
|t:|1758259637
|switch|p1a: Iron Crown|Iron Crown|100/100
|-damage|p1a: Iron Crown|94/100|[from] Stealth Rock
|turn|13
|
|t:|1758259646
|move|p1a: Iron Crown|Focus Blast|p2a: Broomhilda|[miss]
|-miss|p1a: Iron Crown|p2a: Broomhilda
|move|p2a: Broomhilda|Knock Off|p1a: Iron Crown
|-supereffective|p1a: Iron Crown
|-damage|p1a: Iron Crown|0 fnt
|-enditem|p1a: Iron Crown|Choice Specs|[from] move: Knock Off|[of] p2a: Broomhilda
|faint|p1a: Iron Crown
|-end|p1a: Iron Crown|Quark Drive|[silent]
|
|-weather|none
|upkeep
|
|t:|1758259655
|switch|p1a: Great Tusk|Great Tusk|100/100
|-damage|p1a: Great Tusk|98/100|[from] Stealth Rock
|turn|14
|
|t:|1758259664
|move|p1a: Great Tusk|Knock Off|p2a: Broomhilda
|-resisted|p2a: Broomhilda
|-damage|p2a: Broomhilda|66/100
|-enditem|p2a: Broomhilda|Heavy-Duty Boots|[from] move: Knock Off|[of] p1a: Great Tusk
|move|p2a: Broomhilda|Ice Beam|p1a: Great Tusk
|-supereffective|p1a: Great Tusk
|-damage|p1a: Great Tusk|45/100
|
|-heal|p1a: Great Tusk|51/100|[from] item: Leftovers
|upkeep
|turn|15
|
|t:|1758259667
|switch|p2a: Molllllyyyyy|Alomomola, F, shiny|81/100
|-damage|p2a: Molllllyyyyy|68/100|[from] Stealth Rock
|move|p1a: Great Tusk|Rapid Spin|p2a: Molllllyyyyy
|-damage|p2a: Molllllyyyyy|60/100
|-boost|p1a: Great Tusk|spe|1
|-damage|p1a: Great Tusk|35/100|[from] item: Rocky Helmet|[of] p2a: Molllllyyyyy
|-sideend|p1: refind|Stealth Rock|[from] move: Rapid Spin|[of] p1a: Great Tusk
|
|-heal|p1a: Great Tusk|41/100|[from] item: Leftovers
|upkeep
|turn|16
|
|t:|1758259670
|move|p1a: Great Tusk|Knock Off|p2a: Molllllyyyyy
|-crit|p2a: Molllllyyyyy
|-damage|p2a: Molllllyyyyy|33/100
|-damage|p1a: Great Tusk|24/100|[from] item: Rocky Helmet|[of] p2a: Molllllyyyyy
|-enditem|p2a: Molllllyyyyy|Rocky Helmet|[from] move: Knock Off|[of] p1a: Great Tusk
|move|p2a: Molllllyyyyy|Flip Turn|p1a: Great Tusk
|-supereffective|p1a: Great Tusk
|-damage|p1a: Great Tusk|6/100
|
|t:|1758259674
|switch|p2a: 99|Deoxys-Speed|71/100|[from] Flip Turn
|-damage|p2a: 99|58/100|[from] Stealth Rock
|-ability|p2a: 99|Pressure
|
|-heal|p1a: Great Tusk|12/100|[from] item: Leftovers
|upkeep
|turn|17
|
|t:|1758259681
|-end|p1a: Great Tusk|Protosynthesis|[silent]
|switch|p1a: Hydrapple|Hydrapple, M|100/100
|move|p2a: 99|Dark Pulse|p1a: Hydrapple
|-damage|p1a: Hydrapple|85/100
|-damage|p2a: 99|48/100|[from] item: Life Orb
|
|upkeep
|turn|18
|
|t:|1758259686
|move|p1a: Hydrapple|Sucker Punch|p2a: 99
|-supereffective|p2a: 99
|-damage|p2a: 99|9/100
|move|p2a: 99|Psycho Boost|p1a: Hydrapple
|-damage|p1a: Hydrapple|49/100
|-unboost|p2a: 99|spa|2
|-damage|p2a: 99|0 fnt|[from] item: Life Orb
|faint|p2a: 99
|
|upkeep
|
|t:|1758259690
|switch|p2a: Sri Lanka|Tornadus-Therian, M|100/100
|-damage|p2a: Sri Lanka|75/100|[from] Stealth Rock
|turn|19
|
|t:|1758259697
|switch|p1a: Alomomola|Alomomola, M|100/100
|move|p2a: Sri Lanka|Bleakwind Storm|p1a: Alomomola
|-damage|p1a: Alomomola|27/100
|-damage|p2a: Sri Lanka|65/100|[from] item: Life Orb
|
|upkeep
|turn|20
|
|t:|1758259702
|move|p1a: Alomomola|Protect|p1a: Alomomola
|-singleturn|p1a: Alomomola|Protect
|move|p2a: Sri Lanka|Dark Pulse|p1a: Alomomola
|-activate|p1a: Alomomola|move: Protect
|
|upkeep
|turn|21
|
|t:|1758259706
|switch|p1a: Hydrapple|Hydrapple, M|82/100
|move|p2a: Sri Lanka|Dark Pulse|p1a: Hydrapple
|-crit|p1a: Hydrapple
|-damage|p1a: Hydrapple|60/100
|-damage|p2a: Sri Lanka|55/100|[from] item: Life Orb
|
|upkeep
|turn|22
|
|t:|1758259713
|move|p2a: Sri Lanka|Bleakwind Storm|p1a: Hydrapple|[miss]
|-miss|p2a: Sri Lanka|p1a: Hydrapple
|move|p1a: Hydrapple|Fickle Beam|p2a: Sri Lanka
|-damage|p2a: Sri Lanka|15/100
|
|upkeep
|turn|23
|
|t:|1758259718
|move|p1a: Hydrapple|Sucker Punch|p2a: Sri Lanka
|-damage|p2a: Sri Lanka|0 fnt
|faint|p2a: Sri Lanka
|
|upkeep
|
|t:|1758259729
|switch|p2a: Broomhilda|Tyranitar, F, shiny|66/100
|-damage|p2a: Broomhilda|53/100|[from] Stealth Rock
|-weather|Sandstorm|[from] ability: Sand Stream|[of] p2a: Broomhilda
|turn|24
|
|t:|1758259735
|move|p2a: Broomhilda|Knock Off|p1a: Hydrapple
|-damage|p1a: Hydrapple|29/100
|-enditem|p1a: Hydrapple|Assault Vest|[from] move: Knock Off|[of] p2a: Broomhilda
|move|p1a: Hydrapple|Giga Drain|p2a: Broomhilda
|-supereffective|p2a: Broomhilda
|-damage|p2a: Broomhilda|25/100
|-heal|p1a: Hydrapple|43/100|[from] drain|[of] p2a: Broomhilda
|
|-weather|Sandstorm|[upkeep]
|-damage|p1a: Hydrapple|37/100|[from] Sandstorm
|upkeep
|turn|25
|
|t:|1758259742
|switch|p1a: Alomomola|Alomomola, M|61/100
|move|p2a: Broomhilda|Stealth Rock|p1a: Alomomola
|-sidestart|p1: refind|move: Stealth Rock
|
|-weather|Sandstorm|[upkeep]
|-damage|p1a: Alomomola|54/100|[from] Sandstorm
|upkeep
|turn|26
|
|t:|1758259746
|move|p1a: Alomomola|Wish|p1a: Alomomola
|move|p2a: Broomhilda|Knock Off|p1a: Alomomola
|-damage|p1a: Alomomola|31/100
|-enditem|p1a: Alomomola|Heavy-Duty Boots|[from] move: Knock Off|[of] p2a: Broomhilda
|
|-weather|Sandstorm|[upkeep]
|-damage|p1a: Alomomola|25/100|[from] Sandstorm
|upkeep
|turn|27
|
|t:|1758259752
|switch|p2a: RockIce|Garganacl, M|100/100
|-damage|p2a: RockIce|88/100|[from] Stealth Rock
|move|p1a: Alomomola|Flip Turn|p2a: RockIce
|-supereffective|p2a: RockIce
|-damage|p2a: RockIce|68/100
|
|t:|1758259758
|switch|p1a: Great Tusk|Great Tusk|12/100|[from] Flip Turn
|-damage|p1a: Great Tusk|9/100|[from] Stealth Rock
|
|-weather|Sandstorm|[upkeep]
|-heal|p1a: Great Tusk|71/100|[from] move: Wish|[wisher] Alomomola
|-heal|p1a: Great Tusk|77/100|[from] item: Leftovers
|-heal|p2a: RockIce|75/100|[from] item: Leftovers
|upkeep
|turn|28
|
|t:|1758259764
|move|p2a: RockIce|Protect|p2a: RockIce
|-singleturn|p2a: RockIce|Protect
|move|p1a: Great Tusk|Knock Off|p2a: RockIce
|-activate|p2a: RockIce|move: Protect
|
|-weather|none
|-heal|p1a: Great Tusk|83/100|[from] item: Leftovers
|-heal|p2a: RockIce|81/100|[from] item: Leftovers
|upkeep
|turn|29
|
|t:|1758259767
|move|p1a: Great Tusk|Knock Off|p2a: RockIce
|-crit|p2a: RockIce
|-damage|p2a: RockIce|54/100
|-enditem|p2a: RockIce|Leftovers|[from] move: Knock Off|[of] p1a: Great Tusk
|move|p2a: RockIce|Salt Cure|p1a: Great Tusk
|-resisted|p1a: Great Tusk
|-damage|p1a: Great Tusk|81/100
|-start|p1a: Great Tusk|Salt Cure
|
|-heal|p1a: Great Tusk|88/100|[from] item: Leftovers
|-damage|p1a: Great Tusk|75/100|[from] Salt Cure
|upkeep
|turn|30
|
|t:|1758259770
|move|p2a: RockIce|Protect|p2a: RockIce
|-singleturn|p2a: RockIce|Protect
|move|p1a: Great Tusk|Headlong Rush|p2a: RockIce
|-activate|p2a: RockIce|move: Protect
|
|-heal|p1a: Great Tusk|81/100|[from] item: Leftovers
|-damage|p1a: Great Tusk|69/100|[from] Salt Cure
|upkeep
|turn|31
|
|t:|1758259775
|-terastallize|p2a: RockIce|Grass
|move|p1a: Great Tusk|Rapid Spin|p2a: RockIce
|-damage|p2a: RockIce|45/100
|-boost|p1a: Great Tusk|spe|1
|-sideend|p1: refind|Stealth Rock|[from] move: Rapid Spin|[of] p1a: Great Tusk
|move|p2a: RockIce|Recover|p2a: RockIce
|-heal|p2a: RockIce|95/100
|
|-heal|p1a: Great Tusk|75/100|[from] item: Leftovers
|-damage|p1a: Great Tusk|63/100|[from] Salt Cure
|upkeep
|turn|32
|
|t:|1758259779
|-end|p1a: Great Tusk|Protosynthesis|[silent]
|switch|p1a: Hydrapple|Hydrapple, M|70/100
|move|p2a: RockIce|Curse|p2a: RockIce
|-unboost|p2a: RockIce|spe|1
|-boost|p2a: RockIce|atk|1
|-boost|p2a: RockIce|def|1
|
|upkeep
|turn|33
|
|t:|1758259782
|move|p1a: Hydrapple|Fickle Beam|p2a: RockIce
|-damage|p2a: RockIce|75/100
|move|p2a: RockIce|Salt Cure|p1a: Hydrapple
|-damage|p1a: Hydrapple|55/100
|-start|p1a: Hydrapple|Salt Cure
|
|-damage|p1a: Hydrapple|43/100|[from] Salt Cure
|upkeep
|turn|34
|
|t:|1758259785
|move|p1a: Hydrapple|Fickle Beam|p2a: RockIce|[anim] Fickle Beam All Out
|-activate|p1a: Hydrapple|move: Fickle Beam
|-damage|p2a: RockIce|32/100
|move|p2a: RockIce|Curse|p2a: RockIce
|-unboost|p2a: RockIce|spe|1
|-boost|p2a: RockIce|atk|1
|-boost|p2a: RockIce|def|1
|
|-damage|p1a: Hydrapple|30/100|[from] Salt Cure
|upkeep
|turn|35
|
|t:|1758259789
|move|p1a: Hydrapple|Fickle Beam|p2a: RockIce|[anim] Fickle Beam All Out
|-activate|p1a: Hydrapple|move: Fickle Beam
|-damage|p2a: RockIce|0 fnt
|faint|p2a: RockIce
|
|-damage|p1a: Hydrapple|18/100|[from] Salt Cure
|upkeep
|c|☆takeyouout|lucks js on your side huh
|
|t:|1758259800
|switch|p2a: Starscream|Excadrill, M|100/100
|-damage|p2a: Starscream|97/100|[from] Stealth Rock
|turn|36
|
|t:|1758259804
|switch|p1a: Alomomola|Alomomola, M|58/100
|move|p2a: Starscream|Rapid Spin|p1a: Alomomola
|-damage|p1a: Alomomola|45/100
|-boost|p2a: Starscream|spe|1
|-sideend|p2: takeyouout|Stealth Rock|[from] move: Rapid Spin|[of] p2a: Starscream
|
|upkeep
|turn|37
|
|t:|1758259808
|switch|p2a: Molllllyyyyy|Alomomola, F, shiny|67/100
|move|p1a: Alomomola|Flip Turn|p2a: Molllllyyyyy
|-resisted|p2a: Molllllyyyyy
|-damage|p2a: Molllllyyyyy|62/100
|
|t:|1758259811
|switch|p1a: Hydrapple|Hydrapple, M|51/100|[from] Flip Turn
|
|upkeep
|turn|38
|
|t:|1758259813
|move|p2a: Molllllyyyyy|Flip Turn|p1a: Hydrapple
|-resisted|p1a: Hydrapple
|-damage|p1a: Hydrapple|48/100
|
|t:|1758259815
|switch|p2a: Starscream|Excadrill, M|97/100|[from] Flip Turn
|move|p1a: Hydrapple|Giga Drain|p2a: Starscream
|-damage|p2a: Starscream|56/100
|-heal|p1a: Hydrapple|67/100|[from] drain|[of] p2a: Starscream
|
|upkeep
|turn|39
|
|t:|1758259821
|move|p2a: Starscream|Iron Head|p1a: Hydrapple
|-damage|p1a: Hydrapple|16/100
|move|p1a: Hydrapple|Earth Power|p2a: Starscream
|-supereffective|p2a: Starscream
|-damage|p2a: Starscream|0 fnt
|faint|p2a: Starscream
|
|upkeep
|-message|takeyouout forfeited.
|
|win|refind
|raw|refind's rating: 1516 &rarr; <strong>1538</strong><br />(+22 for winning)
|raw|takeyouout's rating: 1553 &rarr; <strong>1531</strong><br />(-22 for losing)
|l|☆takeyouout
|player|p2|
|l|☆refind
|player|p1|
