|j|☆xiaojy
|j|☆Varen21
|t:|1758343145
|gametype|singles
|player|p1|xiaojy|nate|1243
|player|p2|Varen21|102|1240
|gen|9
|tier|[Gen 9] OU
|rated|
|rule|HP Percentage Mod: HP is shown in percentages
|rule|Endless Battle Clause: Forcing endless battles is banned
|rule|Species Clause: Limit one of each Pokémon
|rule|OHKO Clause: OHKO moves are banned
|rule|Evasion Items Clause: Evasion items are banned
|rule|Evasion Moves Clause: Evasion moves are banned
|rule|Evasion Abilities Clause: Evasion abilities are banned
|rule|Sleep Moves Clause: Sleep-inducing moves are banned
|clearpoke
|poke|p1|Iron Moth|
|poke|p1|Corviknight, M|
|poke|p1|Pecharunt|
|poke|p1|Zamazenta-*|
|poke|p1|Primarina, F|
|poke|p1|Gholdengo|
|poke|p2|Hippowdon, F|
|poke|p2|Excadrill, M|
|poke|p2|Tyranitar, F|
|poke|p2|Zapdos|
|poke|p2|Gengar, F|
|poke|p2|Houndstone, M|
|teampreview
|inactive|Battle timer is ON: inactive players will automatically lose when time's up. (requested by Varen21)
|
|t:|1758343159
|teamsize|p1|6
|teamsize|p2|6
|start
|switch|p1a: Gholdengo|Gholdengo, shiny|100/100
|switch|p2a: Zapdos|Zapdos|100/100
|turn|1
|
|t:|1758343166
|move|p1a: Gholdengo|Make It Rain|p2a: Zapdos
|-resisted|p2a: Zapdos
|-damage|p2a: Zapdos|57/100
|-unboost|p1a: Gholdengo|spa|1
|move|p2a: Zapdos|Volt Switch|p1a: Gholdengo
|-damage|p1a: Gholdengo|63/100
|
|t:|1758343178
|switch|p2a: Hippowdon|Hippowdon, F|100/100|[from] Volt Switch
|-weather|Sandstorm|[from] ability: Sand Stream|[of] p2a: Hippowdon
|
|-weather|Sandstorm|[upkeep]
|upkeep
|turn|2
|
|t:|1758343184
|move|p1a: Gholdengo|Make It Rain|p2a: Hippowdon
|-damage|p2a: Hippowdon|36/100
|-unboost|p1a: Gholdengo|spa|1
|move|p2a: Hippowdon|Stealth Rock|p1a: Gholdengo
|-sidestart|p1: xiaojy|move: Stealth Rock
|
|-weather|Sandstorm|[upkeep]
|upkeep
|turn|3
|
|t:|1758343200
|switch|p1a: Corviknight|Corviknight, M, shiny|100/100
|move|p2a: Hippowdon|Slack Off|p2a: Hippowdon
|-heal|p2a: Hippowdon|86/100
|
|-weather|Sandstorm|[upkeep]
|upkeep
|turn|4
|
|t:|1758343210
|switch|p2a: Zapdos|Zapdos|57/100
|move|p1a: Corviknight|Defog|p2a: Zapdos
|-unboost|p2a: Zapdos|evasion|1
|-sideend|p1: xiaojy|Stealth Rock|[from] move: Defog|[of] p1a: Corviknight
|
|-weather|Sandstorm|[upkeep]
|-damage|p2a: Zapdos|51/100|[from] Sandstorm
|-heal|p2a: Zapdos|57/100|[from] item: Leftovers
|upkeep
|turn|5
|
|t:|1758343226
|switch|p1a: Gholdengo|Gholdengo, shiny|63/100
|move|p2a: Zapdos|Thunderbolt|p1a: Gholdengo
|-damage|p1a: Gholdengo|18/100
|
|-weather|Sandstorm|[upkeep]
|-damage|p2a: Zapdos|51/100|[from] Sandstorm
|-heal|p2a: Zapdos|57/100|[from] item: Leftovers
|upkeep
|turn|6
|
|t:|1758343232
|move|p1a: Gholdengo|Shadow Ball|p2a: Zapdos
|-damage|p2a: Zapdos|0 fnt
|faint|p2a: Zapdos
|
|-weather|Sandstorm|[upkeep]
|upkeep
|
|t:|1758343237
|switch|p2a: Tyranitar|Tyranitar, F|100/100
|turn|7
|
|t:|1758343244
|move|p1a: Gholdengo|Shadow Ball|p2a: Tyranitar
|-resisted|p2a: Tyranitar
|-damage|p2a: Tyranitar|80/100
|move|p2a: Tyranitar|Fling|p1a: Gholdengo
|-supereffective|p1a: Gholdengo
|-damage|p1a: Gholdengo|0 fnt
|-enditem|p2a: Tyranitar|Big Nugget|[from] move: Fling
|faint|p1a: Gholdengo
|
|-weather|Sandstorm|[upkeep]
|upkeep
|
|t:|1758343254
|switch|p1a: Primarina|Primarina, F, shiny|100/100
|turn|8
|
|t:|1758343264
|move|p1a: Primarina|Alluring Voice|p2a: Tyranitar
|-supereffective|p2a: Tyranitar
|-damage|p2a: Tyranitar|35/100
|-enditem|p1a: Primarina|Throat Spray
|-boost|p1a: Primarina|spa|1|[from] item: Throat Spray
|move|p2a: Tyranitar|Stone Edge|p1a: Primarina
|-damage|p1a: Primarina|42/100
|
|-weather|none
|upkeep
|turn|9
|
|t:|1758343272
|move|p1a: Primarina|Draining Kiss|p2a: Tyranitar
|-supereffective|p2a: Tyranitar
|-damage|p2a: Tyranitar|0 fnt
|-heal|p1a: Primarina|76/100|[from] drain|[of] p2a: Tyranitar
|faint|p2a: Tyranitar
|
|upkeep
|
|t:|1758343275
|switch|p2a: Gengar|Gengar, F|100/100
|turn|10
|
|t:|1758343282
|move|p2a: Gengar|Sludge Bomb|p1a: Primarina
|-supereffective|p1a: Primarina
|-crit|p1a: Primarina
|-damage|p1a: Primarina|0 fnt
|faint|p1a: Primarina
|
|upkeep
|
|t:|1758343293
|switch|p1a: Zamazenta|Zamazenta, shiny|100/100
|-ability|p1a: Zamazenta|Dauntless Shield|boost
|-boost|p1a: Zamazenta|def|1
|turn|11
|
|t:|1758343304
|move|p2a: Gengar|Sludge Bomb|p1a: Zamazenta
|-damage|p1a: Zamazenta|59/100
|-status|p1a: Zamazenta|psn
|move|p1a: Zamazenta|Crunch|p2a: Gengar
|-supereffective|p2a: Gengar
|-damage|p2a: Gengar|0 fnt
|faint|p2a: Gengar
|
|-heal|p1a: Zamazenta|65/100 psn|[from] item: Leftovers
|-damage|p1a: Zamazenta|53/100 psn|[from] psn
|upkeep
|
|t:|1758343311
|switch|p2a: Hippowdon|Hippowdon, F|86/100
|-weather|Sandstorm|[from] ability: Sand Stream|[of] p2a: Hippowdon
|turn|12
|
|t:|1758343322
|move|p1a: Zamazenta|Body Press|p2a: Hippowdon
|-damage|p2a: Hippowdon|60/100
|move|p2a: Hippowdon|Slack Off|p2a: Hippowdon
|-heal|p2a: Hippowdon|100/100
|
|-weather|Sandstorm|[upkeep]
|-damage|p1a: Zamazenta|47/100 psn|[from] Sandstorm
|-heal|p1a: Zamazenta|53/100 psn|[from] item: Leftovers
|-damage|p1a: Zamazenta|40/100 psn|[from] psn
|upkeep
|turn|13
|
|t:|1758343326
|move|p1a: Zamazenta|Body Press|p2a: Hippowdon
|-crit|p2a: Hippowdon
|-damage|p2a: Hippowdon|63/100
|move|p2a: Hippowdon|Stealth Rock|p1a: Zamazenta
|-sidestart|p1: xiaojy|move: Stealth Rock
|
|-weather|Sandstorm|[upkeep]
|-damage|p1a: Zamazenta|34/100 psn|[from] Sandstorm
|-heal|p1a: Zamazenta|40/100 psn|[from] item: Leftovers
|-damage|p1a: Zamazenta|28/100 psn|[from] psn
|upkeep
|turn|14
|
|t:|1758343329
|move|p1a: Zamazenta|Body Press|p2a: Hippowdon
|-damage|p2a: Hippowdon|38/100
|move|p2a: Hippowdon|Slack Off|p2a: Hippowdon
|-heal|p2a: Hippowdon|88/100
|
|-weather|Sandstorm|[upkeep]
|-damage|p1a: Zamazenta|22/100 psn|[from] Sandstorm
|-heal|p1a: Zamazenta|28/100 psn|[from] item: Leftovers
|-damage|p1a: Zamazenta|16/100 psn|[from] psn
|upkeep
|turn|15
|
|t:|1758343332
|move|p1a: Zamazenta|Crunch|p2a: Hippowdon
|-damage|p2a: Hippowdon|72/100
|move|p2a: Hippowdon|Slack Off|p2a: Hippowdon
|-heal|p2a: Hippowdon|100/100
|
|-weather|Sandstorm|[upkeep]
|-damage|p1a: Zamazenta|10/100 psn|[from] Sandstorm
|-heal|p1a: Zamazenta|16/100 psn|[from] item: Leftovers
|-damage|p1a: Zamazenta|4/100 psn|[from] psn
|upkeep
|turn|16
|
|t:|1758343339
|move|p1a: Zamazenta|Body Press|p2a: Hippowdon
|-damage|p2a: Hippowdon|75/100
|move|p2a: Hippowdon|Roar|p1a: Zamazenta
|drag|p1a: Iron Moth|Iron Moth, shiny|100/100
|-damage|p1a: Iron Moth|76/100|[from] Stealth Rock
|-enditem|p1a: Iron Moth|Booster Energy
|-activate|p1a: Iron Moth|ability: Quark Drive|[fromitem]
|-start|p1a: Iron Moth|quarkdrivespa
|
|-weather|Sandstorm|[upkeep]
|-damage|p1a: Iron Moth|70/100|[from] Sandstorm
|upkeep
|turn|17
|
|t:|1758343346
|-terastallize|p1a: Iron Moth|Grass
|move|p1a: Iron Moth|Energy Ball|p2a: Hippowdon
|-supereffective|p2a: Hippowdon
|-damage|p2a: Hippowdon|0 fnt
|faint|p2a: Hippowdon
|
|-weather|Sandstorm|[upkeep]
|-damage|p1a: Iron Moth|64/100|[from] Sandstorm
|upkeep
|
|t:|1758343352
|switch|p2a: Houndstone|Houndstone, M|100/100
|turn|18
|
|t:|1758343360
|-terastallize|p2a: Houndstone|Fairy
|move|p2a: Houndstone|Play Rough|p1a: Iron Moth
|-damage|p1a: Iron Moth|0 fnt
|faint|p1a: Iron Moth
|-end|p1a: Iron Moth|Quark Drive|[silent]
|
|-weather|Sandstorm|[upkeep]
|upkeep
|
|t:|1758343367
|switch|p1a: Corviknight|Corviknight, M, shiny|100/100
|turn|19
|
|t:|1758343374
|move|p2a: Houndstone|Play Rough|p1a: Corviknight|[miss]
|-miss|p2a: Houndstone|p1a: Corviknight
|move|p1a: Corviknight|Defog|p2a: Houndstone
|-unboost|p2a: Houndstone|evasion|1
|-sideend|p1: xiaojy|Stealth Rock|[from] move: Defog|[of] p1a: Corviknight
|
|-weather|none
|upkeep
|turn|20
|
|t:|1758343378
|move|p2a: Houndstone|Play Rough|p1a: Corviknight
|-resisted|p1a: Corviknight
|-damage|p1a: Corviknight|77/100
|move|p1a: Corviknight|Iron Defense|p1a: Corviknight
|-boost|p1a: Corviknight|def|2
|
|upkeep
|turn|21
|l|☆Varen21
|inactive|Varen21 disconnected and has a minute to reconnect!
|player|p2|
|inactive|Varen21 has 30 seconds to reconnect!
|inactive|Varen21 has 20 seconds to reconnect!
|inactive|Varen21 has 15 seconds to reconnect!
|inactive|Varen21 has 10 seconds to reconnect!
|inactive|Varen21 has 5 seconds to reconnect!
|-message|Varen21 lost due to inactivity.
|
|win|xiaojy
|raw|xiaojy's rating: 1243 &rarr; <strong>1268</strong><br />(+25 for winning)
|raw|Varen21's rating: 1240 &rarr; <strong>1215</strong><br />(-25 for losing)
|l|☆xiaojy
|player|p1|
