|j|☆Terminat0r29
|j|☆venator
|t:|1758379290
|gametype|singles
|player|p1|Terminat0r29|lucas|1072
|player|p2|venator|acetrainer-gen4dp|1129
|gen|9
|tier|[Gen 9] OU
|rated|
|rule|HP Percentage Mod: HP is shown in percentages
|rule|Endless Battle Clause: Forcing endless battles is banned
|rule|Species Clause: Limit one of each Pokémon
|rule|OHKO Clause: OHKO moves are banned
|rule|Evasion Items Clause: Evasion items are banned
|rule|Evasion Moves Clause: Evasion moves are banned
|rule|Evasion Abilities Clause: Evasion abilities are banned
|rule|Sleep Moves Clause: Sleep-inducing moves are banned
|clearpoke
|poke|p1|Hoopa-Unbound|
|poke|p1|Slowking, M|
|poke|p1|Ursaluna, F|
|poke|p1|Cresselia, F|
|poke|p1|Garganacl, F|
|poke|p1|Goodra-Hisui, M|
|poke|p2|Magmortar, M|
|poke|p2|Azumarill, F|
|poke|p2|Vileplume, F|
|poke|p2|Clefable, F|
|poke|p2|Mightyena, F|
|poke|p2|Metagross|
|teampreview
|
|t:|1758379324
|teamsize|p1|6
|teamsize|p2|6
|start
|switch|p1a: Cresselia|Cresselia, F|100/100
|switch|p2a: Azumarill|Azumarill, F|100/100
|turn|1
|
|t:|1758379332
|move|p2a: Azumarill|Knock Off|p1a: Cresselia
|-supereffective|p1a: Cresselia
|-damage|p1a: Cresselia|25/100
|-enditem|p1a: Cresselia|Mental Herb|[from] move: Knock Off|[of] p2a: Azumarill
|move|p1a: Cresselia|Trick Room|p1a: Cresselia
|-fieldstart|move: Trick Room|[of] p1a: Cresselia
|
|upkeep
|turn|2
|
|t:|1758379347
|switch|p1a: Ursaluna|Ursaluna, F|100/100
|move|p2a: Azumarill|Knock Off|p1a: Ursaluna
|-damage|p1a: Ursaluna|55/100
|-enditem|p1a: Ursaluna|Flame Orb|[from] move: Knock Off|[of] p2a: Azumarill
|
|upkeep
|turn|3
|
|t:|1758379360
|switch|p2a: Mightyena|Mightyena, F|100/100
|-ability|p2a: Mightyena|Intimidate|boost
|-unboost|p1a: Ursaluna|atk|1
|move|p1a: Ursaluna|Earthquake|p2a: Mightyena
|-damage|p2a: Mightyena|35/100
|
|upkeep
|turn|4
|
|t:|1758379372
|-terastallize|p2a: Mightyena|Ghost
|move|p1a: Ursaluna|Earthquake|p2a: Mightyena
|-damage|p2a: Mightyena|0 fnt
|faint|p2a: Mightyena
|
|upkeep
|
|t:|1758379378
|switch|p2a: Azumarill|Azumarill, F|100/100
|turn|5
|
|t:|1758379394
|switch|p1a: Slowking|Slowking, M|100/100
|move|p2a: Azumarill|Liquidation|p1a: Slowking
|-resisted|p1a: Slowking
|-damage|p1a: Slowking|60/100
|
|-fieldend|move: Trick Room
|upkeep
|turn|6
|
|t:|1758379404
|switch|p2a: Clefable|Clefable, F|100/100
|-prepare|p1a: Slowking|Chilly Reception|[premajor]
|move|p1a: Slowking|Chilly Reception|p1a: Slowking
|-weather|Snowscape
|
|t:|1758379414
|switch|p1a: Hoopa|Hoopa-Unbound|100/100|[from] Chilly Reception
|
|-weather|Snowscape|[upkeep]
|upkeep
|turn|7
|
|t:|1758379422
|move|p1a: Hoopa|Psychic|p2a: Clefable
|-damage|p2a: Clefable|46/100
|move|p2a: Clefable|Blizzard|p1a: Hoopa
|-damage|p1a: Hoopa|73/100
|
|-weather|Snowscape|[upkeep]
|upkeep
|turn|8
|
|t:|1758379431
|move|p1a: Hoopa|Psychic|p2a: Clefable
|-damage|p2a: Clefable|0 fnt
|faint|p2a: Clefable
|
|-weather|Snowscape|[upkeep]
|upkeep
|
|t:|1758379439
|switch|p2a: Magmortar|Magmortar, M|100/100
|turn|9
|
|t:|1758379449
|move|p2a: Magmortar|Acid Spray|p1a: Hoopa
|-damage|p1a: Hoopa|63/100
|-unboost|p1a: Hoopa|spd|2
|move|p1a: Hoopa|Trick Room|p1a: Hoopa
|-fieldstart|move: Trick Room|[of] p1a: Hoopa
|-enditem|p1a: Hoopa|Room Service
|-unboost|p1a: Hoopa|spe|1|[from] item: Room Service
|
|-weather|Snowscape|[upkeep]
|upkeep
|turn|10
|
|t:|1758379476
|move|p1a: Hoopa|Thunderbolt|p2a: Magmortar
|-damage|p2a: Magmortar|52/100
|-item|p1a: Hoopa|Rocky Helmet|[from] ability: Magician|[of] p2a: Magmortar
|move|p2a: Magmortar|Lava Plume|p1a: Hoopa
|-damage|p1a: Hoopa|0 fnt
|faint|p1a: Hoopa
|
|-weather|none
|upkeep
|
|t:|1758379485
|switch|p1a: Ursaluna|Ursaluna, F|55/100
|turn|11
|
|t:|1758379493
|switch|p2a: Azumarill|Azumarill, F|100/100
|move|p1a: Ursaluna|Earthquake|p2a: Azumarill
|-damage|p2a: Azumarill|40/100
|
|upkeep
|turn|12
|
|t:|1758379500
|move|p2a: Azumarill|Aqua Jet|p1a: Ursaluna
|-supereffective|p1a: Ursaluna
|-damage|p1a: Ursaluna|4/100
|move|p1a: Ursaluna|Earthquake|p2a: Azumarill
|-damage|p2a: Azumarill|0 fnt
|faint|p2a: Azumarill
|
|upkeep
|
|t:|1758379507
|switch|p2a: Metagross|Metagross|100/100
|turn|13
|
|t:|1758379516
|move|p2a: Metagross|Bullet Punch|p1a: Ursaluna
|-damage|p1a: Ursaluna|0 fnt
|faint|p1a: Ursaluna
|
|-fieldend|move: Trick Room
|upkeep
|
|t:|1758379521
|switch|p1a: Slowking|Slowking, M|93/100
|turn|14
|
|t:|1758379529
|switch|p2a: Vileplume|Vileplume, F|100/100
|move|p1a: Slowking|Trick Room|p1a: Slowking
|-fieldstart|move: Trick Room|[of] p1a: Slowking
|
|upkeep
|turn|15
|
|t:|1758379535
|move|p1a: Slowking|Psychic|p2a: Vileplume
|-supereffective|p2a: Vileplume
|-damage|p2a: Vileplume|39/100
|-unboost|p2a: Vileplume|spd|1
|move|p2a: Vileplume|Stun Spore|p1a: Slowking
|-status|p1a: Slowking|par
|
|upkeep
|turn|16
|
|t:|1758379543
|move|p1a: Slowking|Psychic|p2a: Vileplume
|-supereffective|p2a: Vileplume
|-damage|p2a: Vileplume|0 fnt
|faint|p2a: Vileplume
|
|upkeep
|
|t:|1758379548
|switch|p2a: Magmortar|Magmortar, M|52/100
|turn|17
|
|t:|1758379553
|move|p1a: Slowking|Surf|p2a: Magmortar
|-supereffective|p2a: Magmortar
|-damage|p2a: Magmortar|0 fnt
|faint|p2a: Magmortar
|
|upkeep
|-message|venator forfeited.
|
|win|Terminat0r29
|raw|Terminat0r29's rating: 1072 &rarr; <strong>1106</strong><br />(+34 for winning)
|raw|venator's rating: 1129 &rarr; <strong>1100</strong><br />(-29 for losing)
|l|☆venator
|player|p2|
|l|☆Terminat0r29
|player|p1|
