|j|☆omnomapuss
|j|‽tasty sardine 408
|t:|1758256848
|gametype|singles
|player|p1|omnomapuss|crasherwake|1611
|player|p2|tasty sardine 408|harlequin|1649
|gen|9
|tier|[Gen 9] OU
|rated|
|rule|HP Percentage Mod: HP is shown in percentages
|rule|Endless Battle Clause: Forcing endless battles is banned
|rule|Species Clause: Limit one of each Pokémon
|rule|OHKO Clause: OHKO moves are banned
|rule|Evasion Items Clause: Evasion items are banned
|rule|Evasion Moves Clause: Evasion moves are banned
|rule|Evasion Abilities Clause: Evasion abilities are banned
|rule|Sleep Moves Clause: Sleep-inducing moves are banned
|clearpoke
|poke|p1|Primarina, F|
|poke|p1|Dragapult, M|
|poke|p1|Scizor, F|
|poke|p1|Great Tusk|
|poke|p1|Zapdos|
|poke|p1|Slowking-Galar, M|
|poke|p2|Umbreon, M|
|poke|p2|Serperior, M|
|poke|p2|Cresselia, F|
|poke|p2|Revavroom, F|
|poke|p2|Skeledirge, M|
|poke|p2|Manaphy|
|teampreview
|inactive|Battle timer is ON: inactive players will automatically lose when time's up. (requested by tasty sardine 408)
|
|t:|1758256852
|teamsize|p1|6
|teamsize|p2|6
|start
|switch|p1a: Dragapult|Dragapult, M|100/100
|switch|p2a: Serperior|Serperior, M, shiny|100/100
|turn|1
|
|t:|1758256854
|move|p1a: Dragapult|U-turn|p2a: Serperior
|-supereffective|p2a: Serperior
|-damage|p2a: Serperior|26/100
|
|t:|1758256856
|switch|p1a: Scizor|Scizor, F|100/100|[from] U-turn
|move|p2a: Serperior|Glare|p1a: Scizor
|-status|p1a: Scizor|par
|
|-heal|p2a: Serperior|32/100|[from] item: Leftovers
|upkeep
|turn|2
|
|t:|1758256859
|switch|p2a: Skeledirge|Skeledirge, M, shiny|100/100
|move|p1a: Scizor|U-turn|p2a: Skeledirge
|-resisted|p2a: Skeledirge
|-damage|p2a: Skeledirge|89/100
|
|t:|1758256863
|switch|p1a: Dragapult|Dragapult, M|100/100|[from] U-turn
|
|upkeep
|turn|3
|
|t:|1758256866
|move|p1a: Dragapult|U-turn|p2a: Skeledirge
|-resisted|p2a: Skeledirge
|-crit|p2a: Skeledirge
|-damage|p2a: Skeledirge|78/100
|
|t:|1758256868
|switch|p1a: Slowking|Slowking-Galar, M|100/100|[from] U-turn
|move|p2a: Skeledirge|Hex|p1a: Slowking
|-supereffective|p1a: Slowking
|-damage|p1a: Slowking|72/100
|
|upkeep
|turn|4
|
|t:|1758256871
|move|p2a: Skeledirge|Torch Song|p1a: Slowking
|-damage|p1a: Slowking|55/100
|-boost|p2a: Skeledirge|spa|1
|move|p1a: Slowking|Thunder Wave|p2a: Skeledirge
|-status|p2a: Skeledirge|par
|
|upkeep
|turn|5
|
|t:|1758256874
|cant|p2a: Skeledirge|par
|-prepare|p1a: Slowking|Chilly Reception|[premajor]
|move|p1a: Slowking|Chilly Reception|p1a: Slowking
|-weather|Snowscape
|
|t:|1758256876
|switch|p1a: Primarina|Primarina, F|100/100|[from] Chilly Reception
|
|-weather|Snowscape|[upkeep]
|upkeep
|turn|6
|
|t:|1758256878
|move|p1a: Primarina|Flip Turn|p2a: Skeledirge
|-supereffective|p2a: Skeledirge
|-damage|p2a: Skeledirge|57/100 par
|
|t:|1758256883
|switch|p1a: Slowking|Slowking-Galar, M|88/100|[from] Flip Turn
|move|p2a: Skeledirge|Hex|p1a: Slowking
|-supereffective|p1a: Slowking
|-damage|p1a: Slowking|42/100
|
|-weather|Snowscape|[upkeep]
|upkeep
|turn|7
|
|t:|1758256887
|switch|p1a: Primarina|Primarina, F|100/100
|move|p2a: Skeledirge|Hex|p1a: Primarina
|-damage|p1a: Primarina|76/100
|
|-weather|Snowscape|[upkeep]
|upkeep
|turn|8
|
|t:|1758256889
|move|p1a: Primarina|Surf|p2a: Skeledirge
|-supereffective|p2a: Skeledirge
|-damage|p2a: Skeledirge|0 fnt
|faint|p2a: Skeledirge
|
|-weather|Snowscape|[upkeep]
|upkeep
|
|t:|1758256892
|switch|p2a: Serperior|Serperior, M, shiny|32/100
|turn|9
|
|t:|1758256895
|switch|p1a: Zapdos|Zapdos|100/100
|move|p2a: Serperior|Leaf Storm|p1a: Zapdos|[miss]
|-miss|p2a: Serperior|p1a: Zapdos
|
|-weather|none
|-heal|p2a: Serperior|38/100|[from] item: Leftovers
|upkeep
|turn|10
|
|t:|1758256898
|-terastallize|p2a: Serperior|Electric
|move|p2a: Serperior|Synthesis|p2a: Serperior
|-heal|p2a: Serperior|88/100
|move|p1a: Zapdos|U-turn|p2a: Serperior
|-damage|p2a: Serperior|75/100
|
|t:|1758256902
|switch|p1a: Dragapult|Dragapult, M|100/100|[from] U-turn
|
|-heal|p2a: Serperior|82/100|[from] item: Leftovers
|upkeep
|turn|11
|
|t:|1758256904
|move|p1a: Dragapult|Dragon Darts|p2a: Serperior
|-damage|p2a: Serperior|41/100
|-anim|p1a: Dragapult|Dragon Darts|p2a: Serperior
|-damage|p2a: Serperior|3/100
|move|p2a: Serperior|Glare|p1a: Dragapult
|-status|p1a: Dragapult|par
|
|-heal|p2a: Serperior|9/100|[from] item: Leftovers
|upkeep
|turn|12
|
|t:|1758256910
|switch|p2a: Umbreon|Umbreon, M, shiny|100/100
|move|p1a: Dragapult|Dragon Darts|p2a: Umbreon
|-damage|p2a: Umbreon|75/100
|-anim|p1a: Dragapult|Dragon Darts|p2a: Umbreon
|-damage|p2a: Umbreon|46/100
|
|-heal|p2a: Umbreon|52/100|[from] item: Leftovers
|upkeep
|turn|13
|
|t:|1758256912
|move|p1a: Dragapult|Dragon Darts|p2a: Umbreon
|-damage|p2a: Umbreon|23/100
|-anim|p1a: Dragapult|Dragon Darts|p2a: Umbreon
|-damage|p2a: Umbreon|0 fnt
|faint|p2a: Umbreon
|
|upkeep
|
|t:|1758256915
|switch|p2a: Manaphy|Manaphy, shiny|100/100
|turn|14
|
|t:|1758256917
|move|p2a: Manaphy|Acid Armor|p2a: Manaphy
|-boost|p2a: Manaphy|def|2
|move|p1a: Dragapult|Dragon Darts|p2a: Manaphy
|-damage|p2a: Manaphy|85/100
|-anim|p1a: Dragapult|Dragon Darts|p2a: Manaphy
|-damage|p2a: Manaphy|69/100
|
|-heal|p2a: Manaphy|75/100|[from] item: Leftovers
|upkeep
|turn|15
|
|t:|1758256932
|switch|p1a: Primarina|Primarina, F|76/100
|move|p2a: Manaphy|Take Heart|p2a: Manaphy
|-boost|p2a: Manaphy|spa|1
|-boost|p2a: Manaphy|spd|1
|
|-heal|p2a: Manaphy|82/100|[from] item: Leftovers
|upkeep
|turn|16
|
|t:|1758256934
|move|p2a: Manaphy|Take Heart|p2a: Manaphy
|-boost|p2a: Manaphy|spa|1
|-boost|p2a: Manaphy|spd|1
|move|p1a: Primarina|Moonblast|p2a: Manaphy
|-damage|p2a: Manaphy|59/100
|
|-heal|p2a: Manaphy|66/100|[from] item: Leftovers
|upkeep
|turn|17
|
|t:|1758256936
|move|p2a: Manaphy|Take Heart|p2a: Manaphy
|-boost|p2a: Manaphy|spa|1
|-boost|p2a: Manaphy|spd|1
|move|p1a: Primarina|Moonblast|p2a: Manaphy
|-damage|p2a: Manaphy|46/100
|-unboost|p2a: Manaphy|spa|1
|
|-heal|p2a: Manaphy|52/100|[from] item: Leftovers
|upkeep
|turn|18
|
|t:|1758256938
|move|p2a: Manaphy|Take Heart|p2a: Manaphy
|-boost|p2a: Manaphy|spa|1
|-boost|p2a: Manaphy|spd|1
|move|p1a: Primarina|Moonblast|p2a: Manaphy
|-damage|p2a: Manaphy|37/100
|
|-heal|p2a: Manaphy|43/100|[from] item: Leftovers
|upkeep
|turn|19
|
|t:|1758256941
|move|p2a: Manaphy|Stored Power|p1a: Primarina
|-damage|p1a: Primarina|0 fnt
|faint|p1a: Primarina
|
|-heal|p2a: Manaphy|49/100|[from] item: Leftovers
|upkeep
|
|t:|1758256946
|switch|p1a: Great Tusk|Great Tusk|100/100
|turn|20
|
|t:|1758256949
|move|p2a: Manaphy|Scald|p1a: Great Tusk
|-supereffective|p1a: Great Tusk
|-damage|p1a: Great Tusk|0 fnt
|faint|p1a: Great Tusk
|-end|p1a: Great Tusk|Protosynthesis|[silent]
|
|-heal|p2a: Manaphy|55/100|[from] item: Leftovers
|upkeep
|-message|omnomapuss forfeited.
|
|win|tasty sardine 408
|raw|omnomapuss's rating: 1611 &rarr; <strong>1593</strong><br />(-18 for losing)
|raw|tasty sardine 408's rating: 1649 &rarr; <strong>1667</strong><br />(+18 for winning)
|l|☆omnomapuss
|player|p1|
|l|‽tasty sardine 408
|player|p2|
