|j|☆LordFueg
|j|☆sakigo
|t:|1758332929
|gametype|singles
|player|p1|LordFueg|102|1541
|player|p2|sakigo|nancy|1492
|gen|9
|tier|[Gen 9] OU
|rated|
|rule|HP Percentage Mod: HP is shown in percentages
|rule|Endless Battle Clause: Forcing endless battles is banned
|rule|Species Clause: Limit one of each Pokémon
|rule|OHKO Clause: OHKO moves are banned
|rule|Evasion Items Clause: Evasion items are banned
|rule|Evasion Moves Clause: Evasion moves are banned
|rule|Evasion Abilities Clause: Evasion abilities are banned
|rule|Sleep Moves Clause: Sleep-inducing moves are banned
|clearpoke
|poke|p1|Comfey, M|
|poke|p1|Whimsicott, F|
|poke|p1|Ting-Lu|
|poke|p1|Walking Wake|
|poke|p1|Great Tusk|
|poke|p1|Ninetales, F|
|poke|p2|Raging Bolt|
|poke|p2|Ninetales, F|
|poke|p2|Walking Wake|
|poke|p2|Hatterene, F|
|poke|p2|Landorus-Therian, M|
|poke|p2|Kingambit, F|
|teampreview
|inactive|Battle timer is ON: inactive players will automatically lose when time's up. (requested by LordFueg)
|
|t:|1758332958
|teamsize|p1|6
|teamsize|p2|6
|start
|switch|p1a: Walking Wake|Walking Wake|100/100
|switch|p2a: Kingambit|Kingambit, F|100/100
|turn|1
|
|t:|1758332979
|-end|p1a: Walking Wake|Protosynthesis|[silent]
|switch|p1a: Great Tusk|Great Tusk|100/100
|-end|p2a: Kingambit|fallenundefined|[silent]
|switch|p2a: Walking Wake|Walking Wake|100/100
|
|upkeep
|turn|2
|inactive|sakigo has 120 seconds left.
|
|t:|1758333008
|-end|p1a: Great Tusk|Protosynthesis|[silent]
|switch|p1a: Whimsicott|Whimsicott, F|100/100
|move|p2a: Walking Wake|Flamethrower|p1a: Whimsicott
|-supereffective|p1a: Whimsicott
|-damage|p1a: Whimsicott|0 fnt
|faint|p1a: Whimsicott
|
|upkeep
|
|t:|1758333028
|switch|p1a: Walking Wake|Walking Wake|100/100
|turn|3
|inactive|sakigo has 120 seconds left.
|
|t:|1758333043
|-end|p2a: Walking Wake|Protosynthesis|[silent]
|switch|p2a: Hatterene|Hatterene, F, shiny|100/100
|move|p1a: Walking Wake|Flip Turn|p2a: Hatterene
|-damage|p2a: Hatterene|86/100
|
|t:|1758333051
|-end|p1a: Walking Wake|Protosynthesis|[silent]
|switch|p1a: Ninetales|Ninetales, F|100/100|[from] Flip Turn
|-weather|SunnyDay|[from] ability: Drought|[of] p1a: Ninetales
|
|-weather|SunnyDay|[upkeep]
|-heal|p2a: Hatterene|92/100|[from] item: Leftovers
|upkeep
|turn|4
|inactive|sakigo has 120 seconds left.
|
|t:|1758333076
|switch|p1a: Ting-Lu|Ting-Lu|100/100
|-ability|p1a: Ting-Lu|Vessel of Ruin
|switch|p2a: Walking Wake|Walking Wake|100/100
|-activate|p2a: Walking Wake|ability: Protosynthesis
|-start|p2a: Walking Wake|protosynthesisspe
|
|-weather|SunnyDay|[upkeep]
|upkeep
|turn|5
|inactive|sakigo has 120 seconds left.
|
|t:|1758333091
|move|p2a: Walking Wake|Hydro Steam|p1a: Ting-Lu
|-supereffective|p1a: Ting-Lu
|-damage|p1a: Ting-Lu|23/100
|move|p1a: Ting-Lu|Ruination|p2a: Walking Wake
|-damage|p2a: Walking Wake|51/100
|
|-weather|SunnyDay|[upkeep]
|-heal|p1a: Ting-Lu|29/100|[from] item: Leftovers
|upkeep
|turn|6
|
|t:|1758333102
|move|p2a: Walking Wake|Hydro Steam|p1a: Ting-Lu
|-supereffective|p1a: Ting-Lu
|-damage|p1a: Ting-Lu|0 fnt
|faint|p1a: Ting-Lu
|
|-weather|SunnyDay|[upkeep]
|upkeep
|
|t:|1758333116
|switch|p1a: Comfey|Comfey, M|100/100
|turn|7
|inactive|sakigo has 120 seconds left.
|
|t:|1758333143
|-end|p2a: Walking Wake|Protosynthesis|[silent]
|switch|p2a: Hatterene|Hatterene, F, shiny|92/100
|-terastallize|p1a: Comfey|Water
|move|p1a: Comfey|Growth|p1a: Comfey
|-boost|p1a: Comfey|atk|2
|-boost|p1a: Comfey|spa|2
|
|-weather|SunnyDay|[upkeep]
|-heal|p2a: Hatterene|98/100|[from] item: Leftovers
|upkeep
|turn|8
|inactive|sakigo has 90 seconds left.
|
|t:|1758333178
|move|p1a: Comfey|Growth|p1a: Comfey
|-boost|p1a: Comfey|atk|2
|-boost|p1a: Comfey|spa|2
|move|p2a: Hatterene|Calm Mind|p2a: Hatterene
|-boost|p2a: Hatterene|spa|1
|-boost|p2a: Hatterene|spd|1
|
|-weather|SunnyDay|[upkeep]
|-heal|p2a: Hatterene|100/100|[from] item: Leftovers
|upkeep
|turn|9
|
|t:|1758333194
|move|p1a: Comfey|Draining Kiss|p2a: Hatterene
|-damage|p2a: Hatterene|56/100
|-damage|p1a: Comfey|91/100|[from] item: Life Orb
|move|p2a: Hatterene|Calm Mind|p2a: Hatterene
|-boost|p2a: Hatterene|spa|1
|-boost|p2a: Hatterene|spd|1
|
|-weather|SunnyDay|[upkeep]
|-heal|p2a: Hatterene|62/100|[from] item: Leftovers
|upkeep
|turn|10
|
|t:|1758333205
|move|p1a: Comfey|Draining Kiss|p2a: Hatterene
|-damage|p2a: Hatterene|27/100
|-heal|p1a: Comfey|100/100|[from] drain|[of] p2a: Hatterene
|-damage|p1a: Comfey|91/100|[from] item: Life Orb
|move|p2a: Hatterene|Psyshock|p1a: Comfey
|-damage|p1a: Comfey|7/100
|
|-weather|none
|-heal|p2a: Hatterene|33/100|[from] item: Leftovers
|upkeep
|turn|11
|inactive|sakigo has 60 seconds left.
|
|t:|1758333226
|-terastallize|p2a: Hatterene|Fire
|move|p1a: Comfey|Draining Kiss|p2a: Hatterene
|-resisted|p2a: Hatterene
|-damage|p2a: Hatterene|15/100
|-heal|p1a: Comfey|21/100|[from] drain|[of] p2a: Hatterene
|-damage|p1a: Comfey|11/100|[from] item: Life Orb
|move|p2a: Hatterene|Draining Kiss|p1a: Comfey
|-damage|p1a: Comfey|0 fnt
|-heal|p2a: Hatterene|23/100|[from] drain|[of] p1a: Comfey
|faint|p1a: Comfey
|
|-heal|p2a: Hatterene|28/100|[from] item: Leftovers
|upkeep
|-message|LordFueg forfeited.
|
|win|sakigo
|raw|LordFueg's rating: 1541 &rarr; <strong>1518</strong><br />(-23 for losing)
|raw|sakigo's rating: 1492 &rarr; <strong>1515</strong><br />(+23 for winning)
|l|☆LordFueg
|player|p1|
|l|☆sakigo
|player|p2|
