|badge|p1|bronze|gen9monotype|100-6
|badge|p1|bronze|gen9ru|100-6
|uhtml|medal-msg|<div class="broadcast-blue">Curious what those medals under the avatar are? PS now has Ladder Seasons! For more information, check out the <a href="https://www.smogon.com/forums/threads/3740067/">thread on Smogon.</a></div>
|j|☆domingo a noite
|j|‽Smimr
|t:|1758371539
|gametype|singles
|player|p1|domingo a noite|miku-ice|1687
|player|p2|Smimr|richboy-gen4|1683
|gen|9
|tier|[Gen 9] OU
|rated|
|rule|HP Percentage Mod: HP is shown in percentages
|rule|Endless Battle Clause: Forcing endless battles is banned
|rule|Species Clause: Limit one of each Pokémon
|rule|OHKO Clause: OHKO moves are banned
|rule|Evasion Items Clause: Evasion items are banned
|rule|Evasion Moves Clause: Evasion moves are banned
|rule|Evasion Abilities Clause: Evasion abilities are banned
|rule|Sleep Moves Clause: Sleep-inducing moves are banned
|clearpoke
|poke|p1|Pelipper, M|
|poke|p1|Barraskewda, M|
|poke|p1|Iron Treads|
|poke|p1|Raging Bolt|
|poke|p1|Tornadus-Therian, M|
|poke|p1|Iron Valiant|
|poke|p2|Glimmora, M|
|poke|p2|Great Tusk|
|poke|p2|Manaphy|
|poke|p2|Dragonite, F|
|poke|p2|Dragapult, M|
|poke|p2|Kingambit, M|
|teampreview
|
|t:|1758371546
|teamsize|p1|6
|teamsize|p2|6
|start
|switch|p1a: Iron Treads|Iron Treads|100/100
|switch|p2a: Glimmora|Glimmora, M|100/100
|-enditem|p1a: Iron Treads|Booster Energy
|-activate|p1a: Iron Treads|ability: Quark Drive|[fromitem]
|-start|p1a: Iron Treads|quarkdrivespe
|turn|1
|
|t:|1758371550
|switch|p2a: Manaphy|Manaphy|100/100
|move|p1a: Iron Treads|Earthquake|p2a: Manaphy
|-damage|p2a: Manaphy|65/100
|
|-heal|p2a: Manaphy|71/100|[from] item: Leftovers
|upkeep
|turn|2
|
|t:|1758371554
|move|p1a: Iron Treads|Stealth Rock|p2a: Manaphy
|-sidestart|p2: Smimr|move: Stealth Rock
|move|p2a: Manaphy|Tail Glow|p2a: Manaphy
|-boost|p2a: Manaphy|spa|3
|
|-heal|p2a: Manaphy|77/100|[from] item: Leftovers
|upkeep
|turn|3
|
|t:|1758371568
|-end|p1a: Iron Treads|Quark Drive|[silent]
|switch|p1a: Raging Bolt|Raging Bolt|100/100
|-enditem|p1a: Raging Bolt|Booster Energy
|-activate|p1a: Raging Bolt|ability: Protosynthesis|[fromitem]
|-start|p1a: Raging Bolt|protosynthesisspa
|move|p2a: Manaphy|Scald|p1a: Raging Bolt
|-resisted|p1a: Raging Bolt
|-damage|p1a: Raging Bolt|65/100
|
|-heal|p2a: Manaphy|83/100|[from] item: Leftovers
|upkeep
|turn|4
|
|t:|1758371578
|-terastallize|p2a: Manaphy|Poison
|move|p1a: Raging Bolt|Thunderclap|p2a: Manaphy
|-damage|p2a: Manaphy|39/100
|move|p2a: Manaphy|Ice Beam|p1a: Raging Bolt
|-supereffective|p1a: Raging Bolt
|-damage|p1a: Raging Bolt|0 fnt
|faint|p1a: Raging Bolt
|-end|p1a: Raging Bolt|Protosynthesis|[silent]
|
|-heal|p2a: Manaphy|45/100|[from] item: Leftovers
|upkeep
|
|t:|1758371598
|switch|p1a: Barraskewda|Barraskewda, M|100/100
|turn|5
|
|t:|1758371614
|-terastallize|p1a: Barraskewda|Water
|move|p1a: Barraskewda|Flip Turn|p2a: Manaphy
|-damage|p2a: Manaphy|0 fnt
|faint|p2a: Manaphy
|-damage|p1a: Barraskewda|91/100|[from] item: Life Orb
|
|t:|1758371616
|switch|p1a: Pelipper|Pelipper, M|100/100|[from] Flip Turn
|-weather|RainDance|[from] ability: Drizzle|[of] p1a: Pelipper
|
|-weather|RainDance|[upkeep]
|upkeep
|
|t:|1758371621
|switch|p2a: Glimmora|Glimmora, M|100/100
|-damage|p2a: Glimmora|88/100|[from] Stealth Rock
|turn|6
|
|t:|1758371626
|switch|p1a: Iron Treads|Iron Treads|100/100
|move|p2a: Glimmora|Stealth Rock|p1a: Iron Treads
|-sidestart|p1: domingo a noite|move: Stealth Rock
|
|-weather|RainDance|[upkeep]
|upkeep
|turn|7
|
|t:|1758371644
|move|p1a: Iron Treads|Earthquake|p2a: Glimmora
|-supereffective|p2a: Glimmora
|-damage|p2a: Glimmora|0 fnt
|-activate|p2a: Glimmora|ability: Toxic Debris
|-sidestart|p1: domingo a noite|move: Toxic Spikes
|faint|p2a: Glimmora
|
|-weather|RainDance|[upkeep]
|upkeep
|
|t:|1758371647
|switch|p2a: Dragapult|Dragapult, M|100/100
|-damage|p2a: Dragapult|88/100|[from] Stealth Rock
|turn|8
|j| nesnot
|
|t:|1758371669
|move|p2a: Dragapult|Hydro Pump|p1a: Iron Treads
|-supereffective|p1a: Iron Treads
|-damage|p1a: Iron Treads|0 fnt
|faint|p1a: Iron Treads
|-end|p1a: Iron Treads|Quark Drive|[silent]
|-damage|p2a: Dragapult|78/100|[from] item: Life Orb
|
|-weather|RainDance|[upkeep]
|upkeep
|
|t:|1758371683
|switch|p1a: Barraskewda|Barraskewda, M, tera:Water|91/100
|-damage|p1a: Barraskewda|78/100|[from] Stealth Rock
|-status|p1a: Barraskewda|psn
|turn|9
|
|t:|1758371691
|move|p1a: Barraskewda|Liquidation|p2a: Dragapult
|-resisted|p2a: Dragapult
|-damage|p2a: Dragapult|0 fnt
|faint|p2a: Dragapult
|-damage|p1a: Barraskewda|69/100 psn|[from] item: Life Orb
|
|-weather|RainDance|[upkeep]
|-damage|p1a: Barraskewda|56/100 psn|[from] psn
|upkeep
|
|t:|1758371698
|switch|p2a: Dragonite|Dragonite, F|100/100
|turn|10
|
|t:|1758371715
|move|p1a: Barraskewda|Flip Turn|p2a: Dragonite
|-resisted|p2a: Dragonite
|-damage|p2a: Dragonite|76/100
|-damage|p1a: Barraskewda|47/100 psn|[from] item: Life Orb
|
|t:|1758371719
|switch|p1a: Tornadus|Tornadus-Therian, M|100/100|[from] Flip Turn
|-damage|p1a: Tornadus|76/100|[from] Stealth Rock
|move|p2a: Dragonite|Dragon Dance|p2a: Dragonite
|-boost|p2a: Dragonite|atk|1
|-boost|p2a: Dragonite|spe|1
|
|-weather|RainDance|[upkeep]
|upkeep
|turn|11
|
|t:|1758371722
|move|p2a: Dragonite|Extreme Speed|p1a: Tornadus
|-damage|p1a: Tornadus|17/100
|move|p1a: Tornadus|Hurricane|p2a: Dragonite
|-damage|p2a: Dragonite|14/100
|
|-weather|RainDance|[upkeep]
|upkeep
|turn|12
|
|t:|1758371729
|move|p2a: Dragonite|Extreme Speed|p1a: Tornadus
|-damage|p1a: Tornadus|0 fnt
|faint|p1a: Tornadus
|
|-weather|none
|upkeep
|
|t:|1758371731
|switch|p1a: Pelipper|Pelipper, M|100/100
|-damage|p1a: Pelipper|76/100|[from] Stealth Rock
|-weather|RainDance|[from] ability: Drizzle|[of] p1a: Pelipper
|turn|13
|
|t:|1758371756
|switch|p2a: Great Tusk|Great Tusk|100/100
|-damage|p2a: Great Tusk|98/100|[from] Stealth Rock
|-enditem|p2a: Great Tusk|Booster Energy
|-activate|p2a: Great Tusk|ability: Protosynthesis|[fromitem]
|-start|p2a: Great Tusk|protosynthesisspe
|move|p1a: Pelipper|Hurricane|p2a: Great Tusk
|-supereffective|p2a: Great Tusk
|-damage|p2a: Great Tusk|6/100
|
|-weather|RainDance|[upkeep]
|upkeep
|turn|14
|
|t:|1758371782
|move|p2a: Great Tusk|Knock Off|p1a: Pelipper
|-damage|p1a: Pelipper|52/100
|-enditem|p1a: Pelipper|Damp Rock|[from] move: Knock Off|[of] p2a: Great Tusk
|move|p1a: Pelipper|U-turn|p2a: Great Tusk
|-resisted|p2a: Great Tusk
|-damage|p2a: Great Tusk|3/100
|
|t:|1758371784
|switch|p1a: Barraskewda|Barraskewda, M, tera:Water|47/100 psn|[from] U-turn
|-damage|p1a: Barraskewda|34/100 psn|[from] Stealth Rock
|
|-weather|RainDance|[upkeep]
|-damage|p1a: Barraskewda|22/100 psn|[from] psn
|upkeep
|turn|15
|
|t:|1758371789
|move|p1a: Barraskewda|Flip Turn|p2a: Great Tusk
|-supereffective|p2a: Great Tusk
|-damage|p2a: Great Tusk|0 fnt
|faint|p2a: Great Tusk
|-end|p2a: Great Tusk|Protosynthesis|[silent]
|-damage|p1a: Barraskewda|12/100 psn|[from] item: Life Orb
|
|t:|1758371791
|switch|p1a: Iron Valiant|Iron Valiant|100/100|[from] Flip Turn
|-damage|p1a: Iron Valiant|94/100|[from] Stealth Rock
|-status|p1a: Iron Valiant|psn
|
|-weather|RainDance|[upkeep]
|-damage|p1a: Iron Valiant|82/100 psn|[from] psn
|upkeep
|
|t:|1758371797
|switch|p2a: Kingambit|Kingambit, M|100/100
|-damage|p2a: Kingambit|94/100|[from] Stealth Rock
|-activate|p2a: Kingambit|ability: Supreme Overlord
|-start|p2a: Kingambit|fallen4|[silent]
|turn|16
|
|t:|1758371801
|move|p1a: Iron Valiant|Vacuum Wave|p2a: Kingambit
|-supereffective|p2a: Kingambit
|-damage|p2a: Kingambit|0 fnt
|faint|p2a: Kingambit
|-end|p2a: Kingambit|fallen4|[silent]
|-damage|p1a: Iron Valiant|72/100 psn|[from] item: Life Orb
|
|-weather|RainDance|[upkeep]
|-damage|p1a: Iron Valiant|60/100 psn|[from] psn
|upkeep
|
|t:|1758371804
|switch|p2a: Dragonite|Dragonite, F|14/100
|turn|17
|
|t:|1758371808
|move|p2a: Dragonite|Extreme Speed|p1a: Iron Valiant
|-damage|p1a: Iron Valiant|23/100 psn
|move|p1a: Iron Valiant|Moonblast|p2a: Dragonite
|-supereffective|p2a: Dragonite
|-damage|p2a: Dragonite|0 fnt
|faint|p2a: Dragonite
|-damage|p1a: Iron Valiant|13/100 psn|[from] item: Life Orb
|
|win|domingo a noite
|raw|domingo a noite's rating: 1687 &rarr; <strong>1707</strong><br />(+20 for winning)
|raw|Smimr's rating: 1683 &rarr; <strong>1663</strong><br />(-20 for losing)
|l|☆domingo a noite
|player|p1|
|l|‽Smimr
|player|p2|
|l| nesnot
