|j|☆two rat man
|j|☆eltitoguille
|t:|1758313964
|gametype|singles
|player|p1|two rat man|102|1509
|player|p2|eltitoguille|101|1533
|gen|9
|tier|[Gen 9] OU
|rated|
|rule|HP Percentage Mod: HP is shown in percentages
|rule|Endless Battle Clause: Forcing endless battles is banned
|rule|Species Clause: Limit one of each Pokémon
|rule|OHKO Clause: OHKO moves are banned
|rule|Evasion Items Clause: Evasion items are banned
|rule|Evasion Moves Clause: Evasion moves are banned
|rule|Evasion Abilities Clause: Evasion abilities are banned
|rule|Sleep Moves Clause: Sleep-inducing moves are banned
|clearpoke
|poke|p1|Rillaboom, F|
|poke|p1|Ogerpon, F|
|poke|p1|Gholdengo|
|poke|p1|Great Tusk|
|poke|p1|Raging Bolt|
|poke|p1|Glimmora, M|
|poke|p2|Samurott-Hisui, F|
|poke|p2|Tornadus-Therian, M|
|poke|p2|Pecharunt|
|poke|p2|Great Tusk|
|poke|p2|Clefable, F|
|poke|p2|Zamazenta-*|
|teampreview
|inactive|Battle timer is ON: inactive players will automatically lose when time's up. (requested by two rat man)
|
|t:|1758313990
|teamsize|p1|6
|teamsize|p2|6
|start
|switch|p1a: Rillaboom|Rillaboom, F|100/100
|switch|p2a: Tornadus|Tornadus-Therian, M|100/100
|-fieldstart|move: Grassy Terrain|[from] ability: Grassy Surge|[of] p1a: Rillaboom
|turn|1
|
|t:|1758314012
|switch|p1a: Glimmora|Glimmora, M|100/100
|move|p2a: Tornadus|Grass Knot|p1a: Glimmora
|-damage|p1a: Glimmora|66/100
|-enditem|p1a: Glimmora|Red Card|[of] p2a: Tornadus
|drag|p2a: Zamazenta|Zamazenta|100/100
|-ability|p2a: Zamazenta|Dauntless Shield|boost
|-boost|p2a: Zamazenta|def|1
|
|-heal|p1a: Glimmora|72/100|[from] Grassy Terrain
|upkeep
|turn|2
|
|t:|1758314030
|move|p2a: Zamazenta|Close Combat|p1a: Glimmora
|-damage|p1a: Glimmora|0 fnt
|-unboost|p2a: Zamazenta|def|1
|-unboost|p2a: Zamazenta|spd|1
|-activate|p1a: Glimmora|ability: Toxic Debris
|-sidestart|p2: eltitoguille|move: Toxic Spikes
|faint|p1a: Glimmora
|
|upkeep
|inactive|two rat man has 120 seconds left.
|
|t:|1758314044
|switch|p1a: Raging Bolt|Raging Bolt|100/100
|turn|3
|
|t:|1758314063
|move|p2a: Zamazenta|Close Combat|p1a: Raging Bolt
|-damage|p1a: Raging Bolt|43/100
|-unboost|p2a: Zamazenta|def|1
|-unboost|p2a: Zamazenta|spd|1
|move|p1a: Raging Bolt|Dragon Pulse|p2a: Zamazenta
|-damage|p2a: Zamazenta|39/100
|
|-heal|p2a: Zamazenta|45/100|[from] Grassy Terrain
|-heal|p1a: Raging Bolt|49/100|[from] Grassy Terrain
|-heal|p1a: Raging Bolt|55/100|[from] item: Leftovers
|upkeep
|turn|4
|
|t:|1758314072
|move|p1a: Raging Bolt|Thunderclap|p2a: Zamazenta
|-damage|p2a: Zamazenta|0 fnt
|faint|p2a: Zamazenta
|
|-heal|p1a: Raging Bolt|61/100|[from] Grassy Terrain
|-heal|p1a: Raging Bolt|68/100|[from] item: Leftovers
|upkeep
|
|t:|1758314077
|switch|p2a: Great Tusk|Great Tusk|100/100
|turn|5
|
|t:|1758314097
|-end|p1a: Raging Bolt|Protosynthesis|[silent]
|switch|p1a: Rillaboom|Rillaboom, F|100/100
|move|p2a: Great Tusk|Headlong Rush|p1a: Rillaboom
|-resisted|p1a: Rillaboom
|-damage|p1a: Rillaboom|75/100
|-unboost|p2a: Great Tusk|def|1
|-unboost|p2a: Great Tusk|spd|1
|
|-heal|p1a: Rillaboom|81/100|[from] Grassy Terrain
|upkeep
|turn|6
|
|t:|1758314118
|-end|p2a: Great Tusk|Protosynthesis|[silent]
|switch|p2a: Pecharunt|Pecharunt|100/100
|-sideend|p2: eltitoguille|move: Toxic Spikes|[of] p2a: Pecharunt
|move|p1a: Rillaboom|Knock Off|p2a: Pecharunt
|-supereffective|p2a: Pecharunt
|-damage|p2a: Pecharunt|64/100
|-enditem|p2a: Pecharunt|Heavy-Duty Boots|[from] move: Knock Off|[of] p1a: Rillaboom
|
|-heal|p2a: Pecharunt|70/100|[from] Grassy Terrain
|-heal|p1a: Rillaboom|87/100|[from] Grassy Terrain
|upkeep
|turn|7
|
|t:|1758314130
|move|p2a: Pecharunt|Parting Shot|p1a: Rillaboom
|-unboost|p1a: Rillaboom|atk|1
|-unboost|p1a: Rillaboom|spa|1
|
|t:|1758314133
|switch|p2a: Tornadus|Tornadus-Therian, M|100/100|[from] Parting Shot
|move|p1a: Rillaboom|U-turn|p2a: Tornadus
|-resisted|p2a: Tornadus
|-damage|p2a: Tornadus|88/100
|
|t:|1758314142
|switch|p1a: Raging Bolt|Raging Bolt|68/100|[from] U-turn
|
|-heal|p1a: Raging Bolt|74/100|[from] Grassy Terrain
|-heal|p1a: Raging Bolt|80/100|[from] item: Leftovers
|upkeep
|turn|8
|
|t:|1758314148
|switch|p2a: Clefable|Clefable, F|100/100
|move|p1a: Raging Bolt|Dragon Pulse|p2a: Clefable
|-immune|p2a: Clefable
|
|-heal|p1a: Raging Bolt|86/100|[from] Grassy Terrain
|-heal|p1a: Raging Bolt|92/100|[from] item: Leftovers
|-fieldend|move: Grassy Terrain
|upkeep
|turn|9
|
|t:|1758314162
|-end|p1a: Raging Bolt|Protosynthesis|[silent]
|switch|p1a: Rillaboom|Rillaboom, F|87/100
|-fieldstart|move: Grassy Terrain|[from] ability: Grassy Surge|[of] p1a: Rillaboom
|move|p2a: Clefable|Flamethrower|p1a: Rillaboom
|-supereffective|p1a: Rillaboom
|-damage|p1a: Rillaboom|41/100
|
|-heal|p1a: Rillaboom|47/100|[from] Grassy Terrain
|upkeep
|turn|10
|
|t:|1758314173
|switch|p2a: Pecharunt|Pecharunt|70/100
|move|p1a: Rillaboom|U-turn|p2a: Pecharunt
|-resisted|p2a: Pecharunt
|-damage|p2a: Pecharunt|67/100
|
|t:|1758314180
|switch|p1a: Gholdengo|Gholdengo|100/100|[from] U-turn
|
|-heal|p2a: Pecharunt|73/100|[from] Grassy Terrain
|upkeep
|turn|11
|
|t:|1758314198
|switch|p2a: Samurott|Samurott-Hisui, F|100/100
|move|p1a: Gholdengo|Make It Rain|p2a: Samurott
|-resisted|p2a: Samurott
|-damage|p2a: Samurott|75/100
|-unboost|p1a: Gholdengo|spa|1
|
|-heal|p2a: Samurott|81/100|[from] Grassy Terrain
|upkeep
|turn|12
|
|t:|1758314220
|switch|p1a: Great Tusk|Great Tusk|100/100
|move|p2a: Samurott|Razor Shell|p1a: Great Tusk
|-supereffective|p1a: Great Tusk
|-damage|p1a: Great Tusk|34/100
|
|-heal|p1a: Great Tusk|40/100|[from] Grassy Terrain
|-heal|p2a: Samurott|87/100|[from] Grassy Terrain
|upkeep
|turn|13
|
|t:|1758314231
|switch|p2a: Tornadus|Tornadus-Therian, M|100/100
|move|p1a: Great Tusk|Stealth Rock|p2a: Tornadus
|-sidestart|p2: eltitoguille|move: Stealth Rock
|
|-heal|p1a: Great Tusk|46/100|[from] Grassy Terrain
|upkeep
|turn|14
|
|t:|1758314244
|-end|p1a: Great Tusk|Protosynthesis|[silent]
|switch|p1a: Raging Bolt|Raging Bolt|92/100
|move|p2a: Tornadus|Heat Wave|p1a: Raging Bolt
|-resisted|p1a: Raging Bolt
|-damage|p1a: Raging Bolt|74/100
|-damage|p2a: Tornadus|91/100|[from] item: Life Orb
|
|-heal|p1a: Raging Bolt|80/100|[from] Grassy Terrain
|-heal|p1a: Raging Bolt|86/100|[from] item: Leftovers
|upkeep
|turn|15
|
|t:|1758314256
|switch|p2a: Clefable|Clefable, F|100/100
|move|p1a: Raging Bolt|Calm Mind|p1a: Raging Bolt
|-boost|p1a: Raging Bolt|spa|1
|-boost|p1a: Raging Bolt|spd|1
|
|-heal|p1a: Raging Bolt|92/100|[from] Grassy Terrain
|-heal|p1a: Raging Bolt|98/100|[from] item: Leftovers
|upkeep
|turn|16
|
|t:|1758314263
|move|p1a: Raging Bolt|Thunderbolt|p2a: Clefable
|-damage|p2a: Clefable|18/100
|move|p2a: Clefable|Calm Mind|p2a: Clefable
|-boost|p2a: Clefable|spa|1
|-boost|p2a: Clefable|spd|1
|
|-heal|p1a: Raging Bolt|100/100|[from] Grassy Terrain
|-heal|p2a: Clefable|24/100|[from] Grassy Terrain
|-heal|p2a: Clefable|30/100|[from] item: Leftovers
|-fieldend|move: Grassy Terrain
|upkeep
|turn|17
|
|t:|1758314273
|switch|p2a: Great Tusk|Great Tusk|100/100
|move|p1a: Raging Bolt|Thunderbolt|p2a: Great Tusk
|-immune|p2a: Great Tusk
|
|upkeep
|turn|18
|
|t:|1758314282
|-terastallize|p1a: Raging Bolt|Fairy
|move|p2a: Great Tusk|Headlong Rush|p1a: Raging Bolt
|-crit|p1a: Raging Bolt
|-damage|p1a: Raging Bolt|17/100
|-unboost|p2a: Great Tusk|def|1
|-unboost|p2a: Great Tusk|spd|1
|move|p1a: Raging Bolt|Dragon Pulse|p2a: Great Tusk
|-damage|p2a: Great Tusk|0 fnt
|faint|p2a: Great Tusk
|-end|p2a: Great Tusk|Protosynthesis|[silent]
|
|-heal|p1a: Raging Bolt|23/100|[from] item: Leftovers
|upkeep
|
|t:|1758314296
|switch|p2a: Tornadus|Tornadus-Therian, M|100/100
|-damage|p2a: Tornadus|76/100|[from] Stealth Rock
|turn|19
|
|t:|1758314300
|move|p1a: Raging Bolt|Thunderclap|p2a: Tornadus
|-supereffective|p2a: Tornadus
|-damage|p2a: Tornadus|0 fnt
|faint|p2a: Tornadus
|
|-heal|p1a: Raging Bolt|29/100|[from] item: Leftovers
|upkeep
|
|t:|1758314307
|switch|p2a: Samurott|Samurott-Hisui, F|87/100
|-damage|p2a: Samurott|74/100|[from] Stealth Rock
|turn|20
|
|t:|1758314316
|move|p1a: Raging Bolt|Thunderclap|p2a: Samurott
|-supereffective|p2a: Samurott
|-damage|p2a: Samurott|0 fnt
|faint|p2a: Samurott
|
|-heal|p1a: Raging Bolt|35/100|[from] item: Leftovers
|upkeep
|
|t:|1758314318
|switch|p2a: Pecharunt|Pecharunt|73/100
|-damage|p2a: Pecharunt|61/100|[from] Stealth Rock
|turn|21
|-message|eltitoguille forfeited.
|
|win|two rat man
|raw|two rat man's rating: 1509 &rarr; <strong>1530</strong><br />(+21 for winning)
|raw|eltitoguille's rating: 1533 &rarr; <strong>1512</strong><br />(-21 for losing)
|l|☆eltitoguille
|player|p2|
