|j|☆GFYSYDAR
|j|☆jolly cop
|t:|1758356733
|gametype|singles
|player|p1|GFYSYDAR|scientist-gen4dp|1387
|player|p2|jolly cop|falkner|1404
|gen|9
|tier|[Gen 9] OU
|rated|
|rule|HP Percentage Mod: HP is shown in percentages
|rule|Endless Battle Clause: Forcing endless battles is banned
|rule|Species Clause: Limit one of each Pokémon
|rule|OHKO Clause: OHKO moves are banned
|rule|Evasion Items Clause: Evasion items are banned
|rule|Evasion Moves Clause: Evasion moves are banned
|rule|Evasion Abilities Clause: Evasion abilities are banned
|rule|Sleep Moves Clause: Sleep-inducing moves are banned
|clearpoke
|poke|p1|Electrode-Hisui|
|poke|p1|Gallade, M|
|poke|p1|Slowking-Galar, M|
|poke|p1|Alomomola, M|
|poke|p1|Great Tusk|
|poke|p1|Landorus-Therian, M|
|poke|p2|Dragapult, M|
|poke|p2|Dragonite, F|
|poke|p2|Ting-Lu|
|poke|p2|Weezing-Galar, F|
|poke|p2|Iron Crown|
|poke|p2|Zapdos|
|teampreview
|inactive|Battle timer is ON: inactive players will automatically lose when time's up. (requested by jolly cop)
|
|t:|1758356738
|teamsize|p1|6
|teamsize|p2|6
|start
|switch|p1a: Gallade|Gallade, M, shiny|100/100
|switch|p2a: Dragapult|Dragapult, M|100/100
|turn|1
|
|t:|1758356744
|switch|p1a: Slowking|Slowking-Galar, M|100/100
|move|p2a: Dragapult|Hex|p1a: Slowking
|-supereffective|p1a: Slowking
|-damage|p1a: Slowking|70/100
|
|upkeep
|turn|2
|
|t:|1758356752
|move|p2a: Dragapult|U-turn|p1a: Slowking
|-damage|p1a: Slowking|49/100
|
|t:|1758356756
|switch|p2a: Ting-Lu|Ting-Lu|100/100|[from] U-turn
|-ability|p2a: Ting-Lu|Vessel of Ruin
|move|p1a: Slowking|Toxic|p2a: Ting-Lu
|-status|p2a: Ting-Lu|tox
|
|-damage|p2a: Ting-Lu|94/100 tox|[from] psn
|upkeep
|turn|3
|
|t:|1758356768
|switch|p1a: Gallade|Gallade, M, shiny|100/100
|move|p2a: Ting-Lu|Stealth Rock|p1a: Gallade
|-sidestart|p1: GFYSYDAR|move: Stealth Rock
|
|-heal|p2a: Ting-Lu|100/100 tox|[from] item: Leftovers
|-damage|p2a: Ting-Lu|88/100 tox|[from] psn
|upkeep
|turn|4
|
|t:|1758356777
|switch|p2a: Zapdos|Zapdos|100/100
|move|p1a: Gallade|Psycho Cut|p2a: Zapdos
|-damage|p2a: Zapdos|7/100
|
|upkeep
|turn|5
|
|t:|1758356789
|move|p2a: Zapdos|Hurricane|p1a: Gallade
|-supereffective|p1a: Gallade
|-damage|p1a: Gallade|0 fnt
|faint|p1a: Gallade
|
|upkeep
|
|t:|1758356795
|switch|p1a: Electrode|Electrode-Hisui, shiny|100/100
|-damage|p1a: Electrode|88/100|[from] Stealth Rock
|turn|6
|
|t:|1758356802
|move|p1a: Electrode|Leaf Storm|p2a: Zapdos
|-resisted|p2a: Zapdos
|-damage|p2a: Zapdos|0 fnt
|-unboost|p1a: Electrode|spa|2
|faint|p2a: Zapdos
|
|upkeep
|
|t:|1758356807
|switch|p2a: Dragapult|Dragapult, M|100/100
|turn|7
|
|t:|1758356811
|switch|p1a: Slowking|Slowking-Galar, M|82/100
|move|p2a: Dragapult|U-turn|p1a: Slowking
|-damage|p1a: Slowking|60/100
|
|t:|1758356818
|switch|p2a: Iron Crown|Iron Crown|100/100|[from] U-turn
|
|upkeep
|turn|8
|
|t:|1758356823
|switch|p1a: Alomomola|Alomomola, M, shiny|100/100
|move|p2a: Iron Crown|Psyshock|p1a: Alomomola
|-damage|p1a: Alomomola|70/100
|
|upkeep
|turn|9
|
|t:|1758356835
|move|p2a: Iron Crown|Psyshock|p1a: Alomomola
|-damage|p1a: Alomomola|36/100
|move|p1a: Alomomola|Flip Turn|p2a: Iron Crown
|-damage|p2a: Iron Crown|84/100
|
|t:|1758356853
|switch|p1a: Landorus|Landorus-Therian, M|100/100|[from] Flip Turn
|-damage|p1a: Landorus|88/100|[from] Stealth Rock
|-ability|p1a: Landorus|Intimidate|boost
|-unboost|p2a: Iron Crown|atk|1
|
|upkeep
|turn|10
|
|t:|1758356866
|-end|p2a: Iron Crown|Quark Drive|[silent]
|switch|p2a: Dragonite|Dragonite, F|100/100
|move|p1a: Landorus|Stealth Rock|p2a: Dragonite
|-sidestart|p2: jolly cop|move: Stealth Rock
|
|upkeep
|turn|11
|
|t:|1758356873
|move|p2a: Dragonite|Dragon Dance|p2a: Dragonite
|-boost|p2a: Dragonite|atk|1
|-boost|p2a: Dragonite|spe|1
|move|p1a: Landorus|U-turn|p2a: Dragonite
|-resisted|p2a: Dragonite
|-damage|p2a: Dragonite|95/100
|
|t:|1758356880
|switch|p1a: Great Tusk|Great Tusk|100/100|[from] U-turn
|
|upkeep
|turn|12
|
|t:|1758356894
|-terastallize|p2a: Dragonite|Normal
|move|p2a: Dragonite|Extreme Speed|p1a: Great Tusk
|-damage|p1a: Great Tusk|49/100
|move|p1a: Great Tusk|Rapid Spin|p2a: Dragonite
|-damage|p2a: Dragonite|78/100
|-boost|p1a: Great Tusk|spe|1
|-sideend|p1: GFYSYDAR|Stealth Rock|[from] move: Rapid Spin|[of] p1a: Great Tusk
|
|upkeep
|turn|13
|
|t:|1758356904
|-terastallize|p1a: Great Tusk|Steel
|move|p2a: Dragonite|Extreme Speed|p1a: Great Tusk
|-resisted|p1a: Great Tusk
|-damage|p1a: Great Tusk|25/100
|move|p1a: Great Tusk|Headlong Rush|p2a: Dragonite
|-damage|p2a: Dragonite|12/100
|-unboost|p1a: Great Tusk|def|1
|-unboost|p1a: Great Tusk|spd|1
|
|upkeep
|turn|14
|
|t:|1758356922
|-end|p1a: Great Tusk|Protosynthesis|[silent]
|switch|p1a: Landorus|Landorus-Therian, M|88/100
|-ability|p1a: Landorus|Intimidate|boost
|-unboost|p2a: Dragonite|atk|1
|move|p2a: Dragonite|Extreme Speed|p1a: Landorus
|-damage|p1a: Landorus|54/100
|-damage|p2a: Dragonite|0 fnt|[from] item: Rocky Helmet|[of] p1a: Landorus
|faint|p2a: Dragonite
|
|upkeep
|
|t:|1758356925
|switch|p2a: Dragapult|Dragapult, M|100/100
|turn|15
|
|t:|1758356936
|move|p2a: Dragapult|Will-O-Wisp|p1a: Landorus
|-status|p1a: Landorus|brn
|move|p1a: Landorus|U-turn|p2a: Dragapult
|-resisted|p2a: Dragapult
|-damage|p2a: Dragapult|93/100
|
|t:|1758356942
|switch|p1a: Electrode|Electrode-Hisui, shiny|88/100|[from] U-turn
|
|upkeep
|turn|16
|
|t:|1758356949
|switch|p2a: Ting-Lu|Ting-Lu|88/100 tox
|-damage|p2a: Ting-Lu|82/100 tox|[from] Stealth Rock
|-ability|p2a: Ting-Lu|Vessel of Ruin
|move|p1a: Electrode|Leaf Storm|p2a: Ting-Lu
|-supereffective|p2a: Ting-Lu
|-damage|p2a: Ting-Lu|20/100 tox
|-unboost|p1a: Electrode|spa|2
|
|-heal|p2a: Ting-Lu|26/100 tox|[from] item: Leftovers
|-damage|p2a: Ting-Lu|20/100 tox|[from] psn
|upkeep
|turn|17
|
|t:|1758356962
|move|p1a: Electrode|Leaf Storm|p2a: Ting-Lu
|-supereffective|p2a: Ting-Lu
|-damage|p2a: Ting-Lu|0 fnt
|-unboost|p1a: Electrode|spa|2
|faint|p2a: Ting-Lu
|
|upkeep
|
|t:|1758356970
|switch|p2a: Dragapult|Dragapult, M|93/100
|turn|18
|
|t:|1758356977
|switch|p1a: Landorus|Landorus-Therian, M|54/100 brn
|-ability|p1a: Landorus|Intimidate|boost
|-unboost|p2a: Dragapult|atk|1
|move|p2a: Dragapult|Will-O-Wisp|p1a: Landorus
|-fail|p1a: Landorus|brn
|
|-damage|p1a: Landorus|48/100 brn|[from] brn
|upkeep
|turn|19
|
|t:|1758356990
|move|p2a: Dragapult|Hex|p1a: Landorus
|-damage|p1a: Landorus|0 fnt
|faint|p1a: Landorus
|
|upkeep
|
|t:|1758356997
|switch|p1a: Electrode|Electrode-Hisui, shiny|88/100
|turn|20
|
|t:|1758357005
|move|p1a: Electrode|Volt Switch|p2a: Dragapult
|-resisted|p2a: Dragapult
|-damage|p2a: Dragapult|61/100
|-start|p1a: Electrode|Disable|Volt Switch|[from] ability: Cursed Body|[of] p2a: Dragapult
|
|t:|1758357015
|switch|p1a: Alomomola|Alomomola, M, shiny|70/100|[from] Volt Switch
|move|p2a: Dragapult|U-turn|p1a: Alomomola
|-damage|p1a: Alomomola|63/100
|
|t:|1758357021
|switch|p2a: Iron Crown|Iron Crown|84/100|[from] U-turn
|-damage|p2a: Iron Crown|78/100|[from] Stealth Rock
|
|upkeep
|turn|21
|l|☆GFYSYDAR
|inactive|GFYSYDAR disconnected and has a minute to reconnect!
|player|p1|
|j|☆GFYSYDAR
|inactive|GFYSYDAR reconnected and has 120 seconds left.
|player|p1|GFYSYDAR|scientist-gen4dp|
|
|t:|1758357066
|switch|p1a: Slowking|Slowking-Galar, M|93/100
|move|p2a: Iron Crown|Volt Switch|p1a: Slowking
|-damage|p1a: Slowking|74/100
|
|t:|1758357075
|-end|p2a: Iron Crown|Quark Drive|[silent]
|switch|p2a: Weezing|Weezing-Galar, F|100/100|[from] Volt Switch
|-ability|p2a: Weezing|Neutralizing Gas
|
|upkeep
|turn|22
|inactive|GFYSYDAR has 120 seconds left.
|
|t:|1758357083
|move|p2a: Weezing|Will-O-Wisp|p1a: Slowking
|-status|p1a: Slowking|brn
|move|p1a: Slowking|Future Sight|p2a: Weezing
|-start|p1a: Slowking|move: Future Sight
|
|-damage|p1a: Slowking|68/100 brn|[from] brn
|upkeep
|turn|23
|
|t:|1758357091
|move|p2a: Weezing|Toxic Spikes|p1a: Slowking
|-sidestart|p1: GFYSYDAR|move: Toxic Spikes
|-prepare|p1a: Slowking|Chilly Reception|[premajor]
|move|p1a: Slowking|Chilly Reception|p1a: Slowking
|-weather|Snowscape
|
|t:|1758357096
|switch|p1a: Great Tusk|Great Tusk, tera:Steel|25/100|[from] Chilly Reception
|
|-weather|Snowscape|[upkeep]
|upkeep
|turn|24
|inactive|GFYSYDAR has 120 seconds left.
|
|t:|1758357112
|move|p1a: Great Tusk|Rapid Spin|p2a: Weezing
|-damage|p2a: Weezing|90/100
|-boost|p1a: Great Tusk|spe|1
|-sideend|p1: GFYSYDAR|Toxic Spikes|[from] move: Rapid Spin|[of] p1a: Great Tusk
|move|p2a: Weezing|Will-O-Wisp|p1a: Great Tusk|[miss]
|-miss|p2a: Weezing|p1a: Great Tusk
|
|-weather|Snowscape|[upkeep]
|-end|p2a: Weezing|move: Future Sight
|-supereffective|p2a: Weezing
|-damage|p2a: Weezing|0 fnt
|faint|p2a: Weezing
|-end|p2a: Weezing|ability: Neutralizing Gas
|upkeep
|
|t:|1758357118
|switch|p2a: Dragapult|Dragapult, M|61/100
|turn|25
|c|☆GFYSYDAR|Mb
|c|☆GFYSYDAR|Gg
|
|t:|1758357128
|move|p1a: Great Tusk|Headlong Rush|p2a: Dragapult
|-damage|p2a: Dragapult|0 fnt
|-unboost|p1a: Great Tusk|def|1
|-unboost|p1a: Great Tusk|spd|1
|faint|p2a: Dragapult
|
|-weather|Snowscape|[upkeep]
|upkeep
|-message|jolly cop forfeited.
|
|win|GFYSYDAR
|raw|GFYSYDAR's rating: 1387 &rarr; <strong>1408</strong><br />(+21 for winning)
|raw|jolly cop's rating: 1404 &rarr; <strong>1383</strong><br />(-21 for losing)
|l|☆jolly cop
|player|p2|
