|j|☆jibreel69
|j|☆Varen21
|t:|1758283319
|gametype|singles
|player|p1|jibreel69|1|1383
|player|p2|Varen21|2|1335
|gen|9
|tier|[Gen 9] OU
|rated|
|rule|HP Percentage Mod: HP is shown in percentages
|rule|Endless Battle Clause: Forcing endless battles is banned
|rule|Species Clause: Limit one of each Pokémon
|rule|OHKO Clause: OHKO moves are banned
|rule|Evasion Items Clause: Evasion items are banned
|rule|Evasion Moves Clause: Evasion moves are banned
|rule|Evasion Abilities Clause: Evasion abilities are banned
|rule|Sleep Moves Clause: Sleep-inducing moves are banned
|clearpoke
|poke|p1|Hatterene, F|
|poke|p1|Ursaluna, M|
|poke|p1|Porygon2|
|poke|p1|Cresselia, F|
|poke|p1|Malamar, F|
|poke|p1|Torkoal, M|
|poke|p2|Hippowdon, M|
|poke|p2|Excadrill, F|
|poke|p2|Tyranitar, M|
|poke|p2|Zapdos|
|poke|p2|Gengar, M|
|poke|p2|Houndstone, M|
|teampreview
|inactive|Battle timer is ON: inactive players will automatically lose when time's up. (requested by Varen21)
|
|t:|1758283335
|teamsize|p1|6
|teamsize|p2|6
|start
|switch|p1a: Alien|Malamar, F|100/100
|switch|p2a: Gengar|Gengar, M|100/100
|turn|1
|
|t:|1758283342
|move|p2a: Gengar|Trick|p1a: Alien
|-activate|p2a: Gengar|move: Trick|[of] p1a: Alien
|-item|p1a: Alien|Choice Scarf|[from] move: Trick
|-item|p2a: Gengar|Room Service|[from] move: Trick
|move|p1a: Alien|Knock Off|p2a: Gengar
|-supereffective|p2a: Gengar
|-crit|p2a: Gengar
|-damage|p2a: Gengar|0 fnt
|-enditem|p2a: Gengar|Room Service|[from] move: Knock Off|[of] p1a: Alien
|faint|p2a: Gengar
|
|upkeep
|
|t:|1758283349
|switch|p2a: Zapdos|Zapdos|100/100
|turn|2
|
|t:|1758283363
|switch|p1a: Mann|Ursaluna, M|100/100
|move|p2a: Zapdos|Hurricane|p1a: Mann
|-damage|p1a: Mann|58/100
|-start|p1a: Mann|confusion
|
|-status|p1a: Mann|brn|[from] item: Flame Orb
|upkeep
|turn|3
|
|t:|1758283374
|switch|p2a: Hippowdon|Hippowdon, M|100/100
|-weather|Sandstorm|[from] ability: Sand Stream|[of] p2a: Hippowdon
|switch|p1a: TARS|Porygon2, shiny|100/100
|-ability|p1a: TARS|Download|boost
|-boost|p1a: TARS|spa|1
|
|-weather|Sandstorm|[upkeep]
|-damage|p1a: TARS|94/100|[from] Sandstorm
|upkeep
|turn|4
|
|t:|1758283381
|move|p2a: Hippowdon|Stealth Rock|p1a: TARS
|-sidestart|p1: jibreel69|move: Stealth Rock
|move|p1a: TARS|Ice Beam|p2a: Hippowdon
|-supereffective|p2a: Hippowdon
|-damage|p2a: Hippowdon|21/100
|
|-weather|Sandstorm|[upkeep]
|-damage|p1a: TARS|88/100|[from] Sandstorm
|upkeep
|turn|5
|
|t:|1758283388
|move|p2a: Hippowdon|Roar|p1a: TARS
|drag|p1a: Mann|Ursaluna, M|58/100 brn
|-damage|p1a: Mann|51/100 brn|[from] Stealth Rock
|
|-weather|Sandstorm|[upkeep]
|-damage|p1a: Mann|45/100 brn|[from] brn
|upkeep
|turn|6
|
|t:|1758283397
|switch|p2a: Zapdos|Zapdos|100/100
|move|p1a: Mann|Facade|p2a: Zapdos
|-damage|p2a: Zapdos|0 fnt
|faint|p2a: Zapdos
|
|-weather|Sandstorm|[upkeep]
|-damage|p1a: Mann|39/100 brn|[from] brn
|upkeep
|
|t:|1758283404
|switch|p2a: Excadrill|Excadrill, F|100/100
|turn|7
|
|t:|1758283410
|move|p2a: Excadrill|Iron Head|p1a: Mann
|-damage|p1a: Mann|0 fnt
|faint|p1a: Mann
|-damage|p2a: Excadrill|91/100|[from] item: Life Orb
|
|-weather|Sandstorm|[upkeep]
|upkeep
|
|t:|1758283418
|switch|p1a: TARS|Porygon2, shiny|88/100
|-damage|p1a: TARS|76/100|[from] Stealth Rock
|-ability|p1a: TARS|Download|boost
|-boost|p1a: TARS|atk|1
|turn|8
|
|t:|1758283424
|move|p2a: Excadrill|Earthquake|p1a: TARS
|-damage|p1a: TARS|11/100
|-damage|p2a: Excadrill|81/100|[from] item: Life Orb
|move|p1a: TARS|Trick Room|p1a: TARS
|-fieldstart|move: Trick Room|[of] p1a: TARS
|
|-weather|Sandstorm|[upkeep]
|-damage|p1a: TARS|5/100|[from] Sandstorm
|upkeep
|turn|9
|
|t:|1758283439
|switch|p2a: Tyranitar|Tyranitar, M|100/100
|move|p1a: TARS|Ice Beam|p2a: Tyranitar
|-damage|p2a: Tyranitar|83/100
|-status|p2a: Tyranitar|frz
|
|-weather|Sandstorm|[upkeep]
|-damage|p1a: TARS|0 fnt|[from] Sandstorm
|faint|p1a: TARS
|upkeep
|
|t:|1758283451
|switch|p1a: Cooper|Torkoal, M|100/100
|-damage|p1a: Cooper|75/100|[from] Stealth Rock
|-weather|SunnyDay|[from] ability: Drought|[of] p1a: Cooper
|turn|10
|
|t:|1758283456
|move|p1a: Cooper|Solar Beam||[still]
|-prepare|p1a: Cooper|Solar Beam
|-anim|p1a: Cooper|Solar Beam|p2a: Tyranitar
|-supereffective|p2a: Tyranitar
|-damage|p2a: Tyranitar|0 fnt
|faint|p2a: Tyranitar
|
|-weather|SunnyDay|[upkeep]
|upkeep
|
|t:|1758283460
|switch|p2a: Hippowdon|Hippowdon, M|21/100
|-weather|Sandstorm|[from] ability: Sand Stream|[of] p2a: Hippowdon
|turn|11
|
|t:|1758283465
|move|p1a: Cooper|Solar Beam||[still]
|-prepare|p1a: Cooper|Solar Beam
|move|p2a: Hippowdon|Slack Off|p2a: Hippowdon
|-heal|p2a: Hippowdon|71/100
|
|-weather|Sandstorm|[upkeep]
|-damage|p1a: Cooper|69/100|[from] Sandstorm
|upkeep
|turn|12
|
|t:|1758283472
|move|p1a: Cooper|Solar Beam|p2a: Hippowdon|[from] lockedmove
|-supereffective|p2a: Hippowdon
|-damage|p2a: Hippowdon|26/100
|move|p2a: Hippowdon|Roar|p1a: Cooper
|drag|p1a: Alien|Malamar, F|100/100
|-damage|p1a: Alien|88/100|[from] Stealth Rock
|
|-weather|Sandstorm|[upkeep]
|-damage|p1a: Alien|82/100|[from] Sandstorm
|-fieldend|move: Trick Room
|upkeep
|turn|13
|
|t:|1758283478
|switch|p2a: Houndstone|Houndstone, M|100/100
|move|p1a: Alien|Psycho Cut|p2a: Houndstone
|-damage|p2a: Houndstone|69/100
|
|-weather|Sandstorm|[upkeep]
|-damage|p1a: Alien|76/100|[from] Sandstorm
|upkeep
|turn|14
|
|t:|1758283492
|switch|p1a: Miller|Cresselia, F, shiny|100/100
|-damage|p1a: Miller|88/100|[from] Stealth Rock
|move|p2a: Houndstone|Poltergeist|p1a: Miller|[miss]
|-miss|p2a: Houndstone|p1a: Miller
|
|-weather|Sandstorm|[upkeep]
|-damage|p1a: Miller|82/100|[from] Sandstorm
|upkeep
|turn|15
|
|t:|1758283514
|-terastallize|p1a: Miller|Fairy
|move|p2a: Houndstone|Poltergeist|p1a: Miller
|-activate|p1a: Miller|move: Poltergeist|Mental Herb
|-damage|p1a: Miller|41/100
|move|p1a: Miller|Trick Room|p1a: Miller
|-fieldstart|move: Trick Room|[of] p1a: Miller
|
|-weather|Sandstorm|[upkeep]
|-damage|p1a: Miller|35/100|[from] Sandstorm
|upkeep
|turn|16
|
|t:|1758283529
|move|p1a: Miller|Moonblast|p2a: Houndstone
|-damage|p2a: Houndstone|38/100
|-unboost|p2a: Houndstone|spa|1
|move|p2a: Houndstone|Poltergeist|p1a: Miller
|-activate|p1a: Miller|move: Poltergeist|Mental Herb
|-damage|p1a: Miller|0 fnt
|faint|p1a: Miller
|
|-weather|Sandstorm|[upkeep]
|upkeep
|
|t:|1758283539
|switch|p1a: Cooper|Torkoal, M|69/100
|-damage|p1a: Cooper|44/100|[from] Stealth Rock
|-weather|SunnyDay|[from] ability: Drought|[of] p1a: Cooper
|turn|17
|
|t:|1758283545
|move|p1a: Cooper|Weather Ball|p2a: Houndstone
|-damage|p2a: Houndstone|0 fnt
|faint|p2a: Houndstone
|
|-weather|SunnyDay|[upkeep]
|upkeep
|
|t:|1758283548
|switch|p2a: Hippowdon|Hippowdon, M|26/100
|-weather|Sandstorm|[from] ability: Sand Stream|[of] p2a: Hippowdon
|turn|18
|
|t:|1758283553
|move|p1a: Cooper|Weather Ball|p2a: Hippowdon
|-resisted|p2a: Hippowdon
|-damage|p2a: Hippowdon|8/100
|move|p2a: Hippowdon|Slack Off|p2a: Hippowdon
|-heal|p2a: Hippowdon|58/100
|
|-weather|Sandstorm|[upkeep]
|-damage|p1a: Cooper|38/100|[from] Sandstorm
|upkeep
|turn|19
|
|t:|1758283559
|switch|p1a: Brand|Hatterene, F, shiny|100/100
|-damage|p1a: Brand|88/100|[from] Stealth Rock
|move|p2a: Hippowdon|Slack Off|p2a: Hippowdon
|-heal|p2a: Hippowdon|100/100
|
|-weather|Sandstorm|[upkeep]
|-damage|p1a: Brand|82/100|[from] Sandstorm
|-fieldend|move: Trick Room
|upkeep
|turn|20
|
|t:|1758283563
|move|p2a: Hippowdon|Roar|p1a: Brand
|move|p1a: Brand|Roar|p2a: Hippowdon|[from] ability: Magic Bounce
|drag|p2a: Excadrill|Excadrill, F|81/100
|move|p1a: Brand|Trick Room|p1a: Brand
|-fieldstart|move: Trick Room|[of] p1a: Brand
|
|-weather|Sandstorm|[upkeep]
|-damage|p1a: Brand|76/100|[from] Sandstorm
|upkeep
|turn|21
|
|t:|1758283573
|switch|p2a: Hippowdon|Hippowdon, M|100/100
|move|p1a: Brand|Healing Wish|p1a: Brand
|faint|p1a: Brand
|
|-weather|Sandstorm|[upkeep]
|upkeep
|
|t:|1758283577
|switch|p1a: Cooper|Torkoal, M|38/100
|-heal|p1a: Cooper|100/100|[from] move: Healing Wish
|-damage|p1a: Cooper|75/100|[from] Stealth Rock
|-weather|SunnyDay|[from] ability: Drought|[of] p1a: Cooper
|turn|22
|
|t:|1758283588
|move|p1a: Cooper|Eruption|p2a: Hippowdon
|-damage|p2a: Hippowdon|10/100
|move|p2a: Hippowdon|Earthquake|p1a: Cooper
|-supereffective|p1a: Cooper
|-damage|p1a: Cooper|21/100
|
|-weather|SunnyDay|[upkeep]
|upkeep
|turn|23
|
|t:|1758283599
|move|p1a: Cooper|Eruption|p2a: Hippowdon
|-damage|p2a: Hippowdon|0 fnt
|faint|p2a: Hippowdon
|
|-weather|SunnyDay|[upkeep]
|upkeep
|
|t:|1758283601
|switch|p2a: Excadrill|Excadrill, F|81/100
|turn|24
|
|t:|1758283605
|-terastallize|p2a: Excadrill|Ghost
|move|p1a: Cooper|Eruption|p2a: Excadrill
|-damage|p2a: Excadrill|40/100
|move|p2a: Excadrill|Earthquake|p1a: Cooper
|-supereffective|p1a: Cooper
|-damage|p1a: Cooper|0 fnt
|faint|p1a: Cooper
|-damage|p2a: Excadrill|30/100|[from] item: Life Orb
|
|-weather|SunnyDay|[upkeep]
|-fieldend|move: Trick Room
|upkeep
|
|t:|1758283613
|switch|p1a: Alien|Malamar, F|76/100
|-damage|p1a: Alien|64/100|[from] Stealth Rock
|turn|25
|
|t:|1758283615
|move|p1a: Alien|Knock Off|p2a: Excadrill
|-supereffective|p2a: Excadrill
|-damage|p2a: Excadrill|0 fnt
|-enditem|p2a: Excadrill|Life Orb|[from] move: Knock Off|[of] p1a: Alien
|faint|p2a: Excadrill
|
|win|jibreel69
|raw|jibreel69's rating: 1383 &rarr; <strong>1400</strong><br />(+17 for winning)
|raw|Varen21's rating: 1335 &rarr; <strong>1318</strong><br />(-17 for losing)
|l|☆Varen21
|player|p2|
|l|☆jibreel69
|player|p1|
