|j|☆ytddetg
|j|☆alloyedbricks
|t:|1758257390
|gametype|singles
|player|p1|ytddetg|gambler|1110
|player|p2|alloyedbricks|265|1071
|gen|9
|tier|[Gen 9] OU
|rated|
|rule|HP Percentage Mod: HP is shown in percentages
|rule|Endless Battle Clause: Forcing endless battles is banned
|rule|Species Clause: Limit one of each Pokémon
|rule|OHKO Clause: OHKO moves are banned
|rule|Evasion Items Clause: Evasion items are banned
|rule|Evasion Moves Clause: Evasion moves are banned
|rule|Evasion Abilities Clause: Evasion abilities are banned
|rule|Sleep Moves Clause: Sleep-inducing moves are banned
|clearpoke
|poke|p1|Farigiraf, M|
|poke|p1|Azelf|
|poke|p1|Magnezone|
|poke|p1|Glimmora, F|
|poke|p1|Weezing-Galar, F|
|poke|p1|Latios, M|
|poke|p2|Araquanid, M|
|poke|p2|Serperior, M|
|poke|p2|Kyurem|
|poke|p2|Ceruledge, F|
|poke|p2|Gholdengo|
|poke|p2|Kingambit, F|
|teampreview
|inactive|Battle timer is ON: inactive players will automatically lose when time's up. (requested by ytddetg)
|
|t:|1758257393
|teamsize|p1|6
|teamsize|p2|6
|start
|switch|p1a: lǝ|Azelf, shiny|100/100
|switch|p2a: Araquanid|Araquanid, M|100/100
|turn|1
|
|t:|1758257401
|move|p1a: lǝ|Stealth Rock|p2a: Araquanid
|-sidestart|p2: alloyedbricks|move: Stealth Rock
|move|p2a: Araquanid|Sticky Web|p1a: lǝ
|-sidestart|p1: ytddetg|move: Sticky Web
|
|upkeep
|turn|2
|
|t:|1758257409
|move|p1a: lǝ|Iron Tail|p2a: Araquanid
|-resisted|p2a: Araquanid
|-damage|p2a: Araquanid|80/100
|-damage|p1a: lǝ|84/100|[from] item: Rocky Helmet|[of] p2a: Araquanid
|move|p2a: Araquanid|Bug Buzz|p1a: lǝ
|-supereffective|p1a: lǝ
|-crit|p1a: lǝ
|-damage|p1a: lǝ|0 fnt
|faint|p1a: lǝ
|
|upkeep
|
|t:|1758257414
|switch|p1a: ɹoñǝs|Magnezone, shiny|100/100
|-item|p1a: ɹoñǝs|Air Balloon
|turn|3
|
|t:|1758257421
|move|p1a: ɹoñǝs|Thunderbolt|p2a: Araquanid
|-supereffective|p2a: Araquanid
|-damage|p2a: Araquanid|7/100
|move|p2a: Araquanid|Mirror Coat|p1a: ɹoñǝs
|-damage|p1a: ɹoñǝs|0 fnt
|-enditem|p1a: ɹoñǝs|Air Balloon
|faint|p1a: ɹoñǝs
|
|upkeep
|
|t:|1758257427
|switch|p1a: ǝp|Latios, M, shiny|100/100
|turn|4
|
|t:|1758257433
|move|p1a: ǝp|Shadow Ball|p2a: Araquanid
|-damage|p2a: Araquanid|0 fnt
|faint|p2a: Araquanid
|
|upkeep
|
|t:|1758257437
|switch|p2a: Kingambit|Kingambit, F|100/100
|-damage|p2a: Kingambit|94/100|[from] Stealth Rock
|turn|5
|
|t:|1758257442
|move|p1a: ǝp|Thunder Wave|p2a: Kingambit
|-status|p2a: Kingambit|par
|move|p2a: Kingambit|Kowtow Cleave|p1a: ǝp
|-supereffective|p1a: ǝp
|-enditem|p1a: ǝp|Focus Sash
|-damage|p1a: ǝp|1/100
|
|upkeep
|turn|6
|
|t:|1758257452
|move|p2a: Kingambit|Sucker Punch||[still]
|-fail|p2a: Kingambit
|move|p1a: ǝp|Memento|p2a: Kingambit
|-unboost|p2a: Kingambit|atk|2
|-ability|p2a: Kingambit|Defiant|boost
|-boost|p2a: Kingambit|atk|2
|-unboost|p2a: Kingambit|spa|2
|-ability|p2a: Kingambit|Defiant|boost
|-boost|p2a: Kingambit|atk|2
|faint|p1a: ǝp
|
|upkeep
|
|t:|1758257454
|switch|p1a: ɐl|Glimmora, F, shiny|100/100
|-activate|p1a: ɐl|move: Sticky Web
|-unboost|p1a: ɐl|spe|1
|turn|7
|
|t:|1758257463
|move|p1a: ɐl|Reflect|p1a: ɐl
|-sidestart|p1: ytddetg|Reflect
|move|p2a: Kingambit|Brick Break|p1a: ɐl
|-sideend|p1: ytddetg|Reflect
|-damage|p1a: ɐl|37/100
|-activate|p1a: ɐl|ability: Toxic Debris
|-sidestart|p2: alloyedbricks|move: Toxic Spikes
|
|upkeep
|turn|8
|
|t:|1758257470
|move|p1a: ɐl|Light Screen|p1a: ɐl
|-sidestart|p1: ytddetg|move: Light Screen
|move|p2a: Kingambit|Brick Break|p1a: ɐl
|-sideend|p1: ytddetg|move: Light Screen
|-damage|p1a: ɐl|0 fnt
|-activate|p1a: ɐl|ability: Toxic Debris
|-sidestart|p2: alloyedbricks|move: Toxic Spikes
|faint|p1a: ɐl
|
|upkeep
|-message|ytddetg forfeited.
|
|win|alloyedbricks
|raw|ytddetg's rating: 1110 &rarr; <strong>1082</strong><br />(-28 for losing)
|raw|alloyedbricks's rating: 1071 &rarr; <strong>1104</strong><br />(+33 for winning)
|l|☆ytddetg
|player|p1|
