|j|☆sprunkysprunky
|j|☆CrestoftheCondor
|t:|1758234506
|gametype|singles
|player|p1|sprunkysprunky|cyrus|1631
|player|p2|CrestoftheCondor|dragontamer|1618
|gen|9
|tier|[Gen 9] OU
|rated|
|rule|HP Percentage Mod: HP is shown in percentages
|rule|Endless Battle Clause: Forcing endless battles is banned
|rule|Species Clause: Limit one of each Pokémon
|rule|OHKO Clause: OHKO moves are banned
|rule|Evasion Items Clause: Evasion items are banned
|rule|Evasion Moves Clause: Evasion moves are banned
|rule|Evasion Abilities Clause: Evasion abilities are banned
|rule|Sleep Moves Clause: Sleep-inducing moves are banned
|clearpoke
|poke|p1|Serperior, M|
|poke|p1|Jirachi|
|poke|p1|Maushold|
|poke|p1|Great Tusk|
|poke|p1|Dragonite, F|
|poke|p1|Polteageist|
|poke|p2|Torkoal, F|
|poke|p2|Scovillain, F|
|poke|p2|Walking Wake|
|poke|p2|Hatterene, F|
|poke|p2|Great Tusk|
|poke|p2|Ceruledge, F|
|teampreview
|inactive|Battle timer is ON: inactive players will automatically lose when time's up. (requested by CrestoftheCondor)
|
|t:|1758234524
|teamsize|p1|6
|teamsize|p2|6
|start
|switch|p1a: Butterscotch|Jirachi|100/100
|switch|p2a: Torkoal|Torkoal, F|100/100
|-weather|SunnyDay|[from] ability: Drought|[of] p2a: Torkoal
|turn|1
|
|t:|1758234535
|move|p1a: Butterscotch|Stealth Rock|p2a: Torkoal
|-sidestart|p2: CrestoftheCondor|move: Stealth Rock
|move|p2a: Torkoal|Stealth Rock|p1a: Butterscotch
|-sidestart|p1: sprunkysprunky|move: Stealth Rock
|
|-weather|SunnyDay|[upkeep]
|upkeep
|turn|2
|
|t:|1758234543
|move|p1a: Butterscotch|Iron Head|p2a: Torkoal
|-resisted|p2a: Torkoal
|-damage|p2a: Torkoal|87/100
|move|p2a: Torkoal|Flamethrower|p1a: Butterscotch
|-supereffective|p1a: Butterscotch
|-enditem|p1a: Butterscotch|Focus Sash
|-damage|p1a: Butterscotch|1/100
|
|-weather|SunnyDay|[upkeep]
|upkeep
|turn|3
|inactive|CrestoftheCondor has 120 seconds left.
|
|t:|1758234573
|switch|p1a: Hot Plate|Dragonite, F|100/100
|move|p2a: Torkoal|Flamethrower|p1a: Hot Plate
|-resisted|p1a: Hot Plate
|-damage|p1a: Hot Plate|85/100
|
|-weather|SunnyDay|[upkeep]
|upkeep
|turn|4
|inactive|CrestoftheCondor has 120 seconds left.
|inactive|sprunkysprunky has 120 seconds left.
|
|t:|1758234620
|switch|p2a: Hatterene|Hatterene, F, shiny|100/100
|-damage|p2a: Hatterene|88/100|[from] Stealth Rock
|move|p1a: Hot Plate|Encore|p2a: Hatterene
|move|p2a: Hatterene|Encore||[from] ability: Magic Bounce|[still]
|-fail|p2a: Hatterene
|
|-weather|SunnyDay|[upkeep]
|upkeep
|turn|5
|
|t:|1758234643
|move|p1a: Hot Plate|Dragon Dance|p1a: Hot Plate
|-boost|p1a: Hot Plate|atk|1
|-boost|p1a: Hot Plate|spe|1
|move|p2a: Hatterene|Mystical Fire|p1a: Hot Plate
|-resisted|p1a: Hot Plate
|-damage|p1a: Hot Plate|66/100
|-unboost|p1a: Hot Plate|spa|1
|
|-weather|SunnyDay|[upkeep]
|upkeep
|turn|6
|inactive|sprunkysprunky has 120 seconds left.
|
|t:|1758234654
|move|p1a: Hot Plate|Aerial Ace|p2a: Hatterene
|-damage|p2a: Hatterene|40/100
|-enditem|p2a: Hatterene|Eject Button
|inactive|CrestoftheCondor has 90 seconds left.
|
|t:|1758234677
|switch|p2a: Don|Great Tusk, shiny|100/100
|-damage|p2a: Don|98/100|[from] Stealth Rock
|-activate|p2a: Don|ability: Protosynthesis
|-start|p2a: Don|protosynthesisatk
|
|-weather|SunnyDay|[upkeep]
|upkeep
|turn|7
|inactive|sprunkysprunky has 120 seconds left.
|
|t:|1758234707
|-terastallize|p2a: Don|Steel
|move|p1a: Hot Plate|Aerial Ace|p2a: Don
|-resisted|p2a: Don
|-damage|p2a: Don|77/100
|-damage|p1a: Hot Plate|50/100|[from] item: Rocky Helmet|[of] p2a: Don
|move|p2a: Don|Rapid Spin|p1a: Hot Plate
|-damage|p1a: Hot Plate|24/100
|-boost|p2a: Don|spe|1
|-sideend|p2: CrestoftheCondor|Stealth Rock|[from] move: Rapid Spin|[of] p2a: Don
|
|-weather|SunnyDay|[upkeep]
|upkeep
|turn|8
|inactive|CrestoftheCondor has 90 seconds left.
|
|t:|1758234727
|move|p2a: Don|Ice Spinner|p1a: Hot Plate
|-supereffective|p1a: Hot Plate
|-damage|p1a: Hot Plate|0 fnt
|faint|p1a: Hot Plate
|
|-weather|none
|-end|p2a: Don|Protosynthesis
|upkeep
|
|t:|1758234742
|switch|p1a: Spud|Great Tusk|100/100
|turn|9
|inactive|CrestoftheCondor has 90 seconds left.
|
|t:|1758234754
|move|p2a: Don|Ice Spinner|p1a: Spud
|-supereffective|p1a: Spud
|-damage|p1a: Spud|54/100
|move|p1a: Spud|Rapid Spin|p2a: Don
|-resisted|p2a: Don
|-damage|p2a: Don|71/100
|-boost|p1a: Spud|spe|1
|-damage|p1a: Spud|37/100|[from] item: Rocky Helmet|[of] p2a: Don
|-sideend|p1: sprunkysprunky|Stealth Rock|[from] move: Rapid Spin|[of] p1a: Spud
|
|upkeep
|turn|10
|
|t:|1758234765
|move|p1a: Spud|Earthquake|p2a: Don
|-supereffective|p2a: Don
|-damage|p2a: Don|0 fnt
|faint|p2a: Don
|-end|p2a: Don|Protosynthesis|[silent]
|
|upkeep
|
|t:|1758234770
|switch|p2a: Torkoal|Torkoal, F|87/100
|-weather|SunnyDay|[from] ability: Drought|[of] p2a: Torkoal
|-activate|p1a: Spud|ability: Protosynthesis
|-start|p1a: Spud|protosynthesisspe
|turn|11
|inactive|sprunkysprunky has 120 seconds left.
|
|t:|1758234787
|move|p1a: Spud|Earthquake|p2a: Torkoal
|-supereffective|p2a: Torkoal
|-damage|p2a: Torkoal|2/100
|move|p2a: Torkoal|Flamethrower|p1a: Spud
|-damage|p1a: Spud|0 fnt
|faint|p1a: Spud
|-end|p1a: Spud|Protosynthesis|[silent]
|
|-weather|SunnyDay|[upkeep]
|upkeep
|
|t:|1758234790
|switch|p1a: Ginseng|Serperior, M|100/100
|turn|12
|
|t:|1758234798
|switch|p2a: Scovillain|Scovillain, F|100/100
|move|p1a: Ginseng|Leaf Storm|p2a: Scovillain
|-resisted|p2a: Scovillain
|-damage|p2a: Scovillain|80/100
|-boost|p1a: Ginseng|spa|2
|
|-weather|SunnyDay|[upkeep]
|upkeep
|turn|13
|inactive|CrestoftheCondor has 120 seconds left.
|
|t:|1758234811
|move|p2a: Scovillain|Flamethrower|p1a: Ginseng
|-supereffective|p1a: Ginseng
|-damage|p1a: Ginseng|0 fnt
|faint|p1a: Ginseng
|-damage|p2a: Scovillain|70/100|[from] item: Life Orb
|
|-weather|SunnyDay|[upkeep]
|upkeep
|
|t:|1758234813
|switch|p1a: Butterscotch|Jirachi|1/100
|turn|14
|inactive|CrestoftheCondor has 120 seconds left.
|
|t:|1758234825
|move|p2a: Scovillain|Flamethrower|p1a: Butterscotch
|-supereffective|p1a: Butterscotch
|-damage|p1a: Butterscotch|0 fnt
|faint|p1a: Butterscotch
|-damage|p2a: Scovillain|60/100|[from] item: Life Orb
|
|-weather|SunnyDay|[upkeep]
|upkeep
|
|t:|1758234830
|switch|p1a: Biscuit|Polteageist|100/100
|turn|15
|
|t:|1758234834
|move|p2a: Scovillain|Growth|p2a: Scovillain
|-boost|p2a: Scovillain|atk|2
|-boost|p2a: Scovillain|spa|2
|move|p1a: Biscuit|Shell Smash|p1a: Biscuit
|-unboost|p1a: Biscuit|def|1
|-unboost|p1a: Biscuit|spd|1
|-boost|p1a: Biscuit|atk|2
|-boost|p1a: Biscuit|spa|2
|-boost|p1a: Biscuit|spe|2
|
|-weather|SunnyDay|[upkeep]
|upkeep
|turn|16
|
|t:|1758234838
|move|p2a: Scovillain|Flamethrower|p1a: Biscuit
|-enditem|p1a: Biscuit|Focus Sash
|-damage|p1a: Biscuit|1/100
|-damage|p2a: Scovillain|50/100|[from] item: Life Orb
|move|p1a: Biscuit|Shell Smash|p1a: Biscuit
|-unboost|p1a: Biscuit|def|1
|-unboost|p1a: Biscuit|spd|1
|-boost|p1a: Biscuit|atk|2
|-boost|p1a: Biscuit|spa|2
|-boost|p1a: Biscuit|spe|2
|
|-weather|SunnyDay|[upkeep]
|upkeep
|turn|17
|
|t:|1758234853
|move|p1a: Biscuit|Shadow Ball|p2a: Scovillain
|-damage|p2a: Scovillain|0 fnt
|faint|p2a: Scovillain
|
|-weather|SunnyDay|[upkeep]
|upkeep
|
|t:|1758234860
|switch|p2a: Ceruledge|Ceruledge, F|100/100
|turn|18
|
|t:|1758234865
|move|p2a: Ceruledge|Shadow Sneak|p1a: Biscuit
|-supereffective|p1a: Biscuit
|-damage|p1a: Biscuit|0 fnt
|faint|p1a: Biscuit
|
|-weather|none
|upkeep
|
|t:|1758234866
|switch|p1a: Croquette|Maushold|100/100
|turn|19
|
|t:|1758234874
|move|p1a: Croquette|Encore|p2a: Ceruledge
|-start|p2a: Ceruledge|Encore
|move|p2a: Ceruledge|Shadow Sneak|p1a: Croquette
|-immune|p1a: Croquette
|
|upkeep
|turn|20
|
|t:|1758234877
|switch|p2a: Torkoal|Torkoal, F|2/100
|-weather|SunnyDay|[from] ability: Drought|[of] p2a: Torkoal
|move|p1a: Croquette|Tidy Up|p1a: Croquette
|-boost|p1a: Croquette|atk|1
|-boost|p1a: Croquette|spe|1
|
|-weather|SunnyDay|[upkeep]
|upkeep
|turn|21
|
|t:|1758234883
|move|p1a: Croquette|Bite|p2a: Torkoal
|-damage|p2a: Torkoal|0 fnt
|faint|p2a: Torkoal
|
|-weather|SunnyDay|[upkeep]
|upkeep
|
|t:|1758234888
|switch|p2a: Ceruledge|Ceruledge, F|100/100
|turn|22
|
|t:|1758234891
|move|p1a: Croquette|Bite|p2a: Ceruledge
|-supereffective|p2a: Ceruledge
|-damage|p2a: Ceruledge|18/100
|-ability|p2a: Ceruledge|Weak Armor|boost
|-unboost|p2a: Ceruledge|def|1
|-boost|p2a: Ceruledge|spe|2
|move|p2a: Ceruledge|Bitter Blade|p1a: Croquette
|-damage|p1a: Croquette|0 fnt
|-heal|p2a: Ceruledge|68/100|[from] drain|[of] p1a: Croquette
|faint|p1a: Croquette
|
|win|CrestoftheCondor
|raw|sprunkysprunky's rating: 1621 &rarr; <strong>1600</strong><br />(-21 for losing)
|raw|CrestoftheCondor's rating: 1597 &rarr; <strong>1618</strong><br />(+21 for winning)
|l|☆sprunkysprunky
|player|p1|
|l|☆CrestoftheCondor
|player|p2|
