|j|☆kpo2022
|j|☆thetakerofunder
|t:|1758256860
|gametype|singles
|player|p1|kpo2022|101|1176
|player|p2|thetakerofunder|collector|1208
|gen|9
|tier|[Gen 9] OU
|rated|
|rule|HP Percentage Mod: HP is shown in percentages
|rule|Endless Battle Clause: Forcing endless battles is banned
|rule|Species Clause: Limit one of each Pokémon
|rule|OHKO Clause: OHKO moves are banned
|rule|Evasion Items Clause: Evasion items are banned
|rule|Evasion Moves Clause: Evasion moves are banned
|rule|Evasion Abilities Clause: Evasion abilities are banned
|rule|Sleep Moves Clause: Sleep-inducing moves are banned
|clearpoke
|poke|p1|Alomomola, F|
|poke|p1|Dragapult, M|
|poke|p1|Barraskewda, F|
|poke|p1|Thundurus-Therian, M|
|poke|p1|Slowking-Galar, F|
|poke|p1|Cryogonal|
|poke|p2|Gliscor, F|
|poke|p2|Toxapex, M|
|poke|p2|Corviknight, F|
|poke|p2|Blissey, F|
|poke|p2|Weezing-Galar, M|
|poke|p2|Dondozo, F|
|teampreview
|inactive|Battle timer is ON: inactive players will automatically lose when time's up. (requested by thetakerofunder)
|inactive|kpo2022 also wants the timer to be on.
|
|t:|1758256878
|teamsize|p1|6
|teamsize|p2|6
|start
|switch|p1a: Barraskewda|Barraskewda, F|100/100
|switch|p2a: Toxapex|Toxapex, M|100/100
|turn|1
|
|t:|1758256883
|move|p1a: Barraskewda|Drill Run|p2a: Toxapex
|-supereffective|p2a: Toxapex
|-damage|p2a: Toxapex|49/100
|move|p2a: Toxapex|Toxic Spikes|p1a: Barraskewda
|-sidestart|p1: kpo2022|move: Toxic Spikes
|
|upkeep
|turn|2
|
|t:|1758256892
|switch|p2a: Dondozo|Dondozo, F|100/100
|move|p1a: Barraskewda|Drill Run|p2a: Dondozo
|-damage|p2a: Dondozo|81/100
|
|-heal|p2a: Dondozo|87/100|[from] item: Leftovers
|upkeep
|turn|3
|
|t:|1758256901
|switch|p1a: Slowking|Slowking-Galar, F|100/100
|-sideend|p1: kpo2022|move: Toxic Spikes|[of] p1a: Slowking
|move|p2a: Dondozo|Liquidation|p1a: Slowking
|-damage|p1a: Slowking|70/100
|
|-heal|p2a: Dondozo|93/100|[from] item: Leftovers
|upkeep
|turn|4
|
|t:|1758256913
|move|p2a: Dondozo|Liquidation|p1a: Slowking
|-damage|p1a: Slowking|41/100
|move|p1a: Slowking|Toxic|p2a: Dondozo
|-status|p2a: Dondozo|tox
|
|-heal|p2a: Dondozo|99/100 tox|[from] item: Leftovers
|-damage|p2a: Dondozo|93/100 tox|[from] psn
|upkeep
|turn|5
|
|t:|1758256923
|switch|p1a: Alomomola|Alomomola, F|100/100
|move|p2a: Dondozo|Liquidation|p1a: Alomomola
|-resisted|p1a: Alomomola
|-damage|p1a: Alomomola|92/100
|-damage|p2a: Dondozo|77/100 tox|[from] item: Rocky Helmet|[of] p1a: Alomomola
|
|-heal|p2a: Dondozo|83/100 tox|[from] item: Leftovers
|-damage|p2a: Dondozo|71/100 tox|[from] psn
|upkeep
|turn|6
|
|t:|1758256935
|switch|p2a: Toxapex|Toxapex, M|82/100
|move|p1a: Alomomola|Flip Turn|p2a: Toxapex
|-resisted|p2a: Toxapex
|-damage|p2a: Toxapex|77/100
|
|t:|1758256951
|switch|p1a: Barraskewda|Barraskewda, F|100/100|[from] Flip Turn
|
|upkeep
|turn|7
|
|t:|1758256957
|move|p1a: Barraskewda|Drill Run|p2a: Toxapex
|-supereffective|p2a: Toxapex
|-damage|p2a: Toxapex|23/100
|move|p2a: Toxapex|Sludge Bomb|p1a: Barraskewda
|-damage|p1a: Barraskewda|57/100
|-status|p1a: Barraskewda|psn
|
|-damage|p1a: Barraskewda|45/100 psn|[from] psn
|upkeep
|turn|8
|
|t:|1758256969
|switch|p1a: Alomomola|Alomomola, F|100/100
|switch|p2a: Corviknight|Corviknight, F|100/100
|-ability|p2a: Corviknight|Pressure
|
|upkeep
|turn|9
|
|t:|1758256977
|move|p2a: Corviknight|U-turn|p1a: Alomomola
|-damage|p1a: Alomomola|93/100
|-damage|p2a: Corviknight|84/100|[from] item: Rocky Helmet|[of] p1a: Alomomola
|
|t:|1758256984
|switch|p2a: Gliscor|Gliscor, F|100/100|[from] U-turn
|move|p1a: Alomomola|Wish|p1a: Alomomola
|
|-status|p2a: Gliscor|tox|[from] item: Toxic Orb
|upkeep
|turn|10
|
|t:|1758256991
|move|p2a: Gliscor|Stealth Rock|p1a: Alomomola
|-sidestart|p1: kpo2022|move: Stealth Rock
|move|p1a: Alomomola|Flip Turn|p2a: Gliscor
|-supereffective|p2a: Gliscor
|-damage|p2a: Gliscor|76/100 tox
|
|t:|1758256997
|switch|p1a: Barraskewda|Barraskewda, F|45/100 psn|[from] Flip Turn
|-damage|p1a: Barraskewda|32/100 psn|[from] Stealth Rock
|
|-heal|p1a: Barraskewda|100/100 psn|[from] move: Wish|[wisher] Alomomola
|-damage|p1a: Barraskewda|88/100 psn|[from] psn
|-heal|p2a: Gliscor|89/100 tox|[from] ability: Poison Heal
|upkeep
|turn|11
|
|t:|1758257009
|move|p2a: Gliscor|Protect|p2a: Gliscor
|-singleturn|p2a: Gliscor|Protect
|move|p1a: Barraskewda|Flip Turn|p2a: Gliscor
|-activate|p2a: Gliscor|move: Protect
|
|-damage|p1a: Barraskewda|76/100 psn|[from] psn
|-heal|p2a: Gliscor|100/100 tox|[from] ability: Poison Heal
|upkeep
|turn|12
|
|t:|1758257021
|switch|p2a: Dondozo|Dondozo, F|71/100 tox
|move|p1a: Barraskewda|Flip Turn|p2a: Dondozo
|-resisted|p2a: Dondozo
|-damage|p2a: Dondozo|60/100 tox
|
|t:|1758257030
|switch|p1a: Thundurus|Thundurus-Therian, M|100/100|[from] Flip Turn
|-damage|p1a: Thundurus|76/100|[from] Stealth Rock
|
|-heal|p2a: Dondozo|66/100 tox|[from] item: Leftovers
|-damage|p2a: Dondozo|60/100 tox|[from] psn
|upkeep
|turn|13
|
|t:|1758257035
|switch|p2a: Blissey|Blissey, F|100/100
|move|p1a: Thundurus|Volt Switch|p2a: Blissey
|-crit|p2a: Blissey
|-damage|p2a: Blissey|79/100
|
|t:|1758257041
|switch|p1a: Cryogonal|Cryogonal|100/100|[from] Volt Switch
|-damage|p1a: Cryogonal|76/100|[from] Stealth Rock
|
|-heal|p1a: Cryogonal|82/100|[from] item: Leftovers
|-heal|p2a: Blissey|85/100|[from] item: Leftovers
|upkeep
|turn|14
|
|t:|1758257053
|-terastallize|p2a: Blissey|Ghost
|move|p1a: Cryogonal|Rapid Spin|p2a: Blissey
|-immune|p2a: Blissey
|move|p2a: Blissey|Shadow Ball|p1a: Cryogonal
|-damage|p1a: Cryogonal|67/100
|
|-heal|p1a: Cryogonal|74/100|[from] item: Leftovers
|-heal|p2a: Blissey|92/100|[from] item: Leftovers
|upkeep
|turn|15
|
|t:|1758257065
|move|p1a: Cryogonal|Recover|p1a: Cryogonal
|-heal|p1a: Cryogonal|100/100
|move|p2a: Blissey|Seismic Toss|p1a: Cryogonal
|-damage|p1a: Cryogonal|73/100
|
|-heal|p1a: Cryogonal|79/100|[from] item: Leftovers
|-heal|p2a: Blissey|98/100|[from] item: Leftovers
|upkeep
|turn|16
|
|t:|1758257077
|switch|p1a: Dragapult|Dragapult, M|100/100
|-damage|p1a: Dragapult|88/100|[from] Stealth Rock
|move|p2a: Blissey|Seismic Toss|p1a: Dragapult
|-immune|p1a: Dragapult
|
|-heal|p2a: Blissey|100/100|[from] item: Leftovers
|upkeep
|turn|17
|
|t:|1758257090
|switch|p2a: Gliscor|Gliscor, F|100/100 tox
|move|p1a: Dragapult|U-turn|p2a: Gliscor
|-resisted|p2a: Gliscor
|-damage|p2a: Gliscor|89/100 tox
|
|t:|1758257108
|switch|p1a: Barraskewda|Barraskewda, F|76/100 psn|[from] U-turn
|-damage|p1a: Barraskewda|64/100 psn|[from] Stealth Rock
|
|-damage|p1a: Barraskewda|52/100 psn|[from] psn
|-heal|p2a: Gliscor|100/100 tox|[from] ability: Poison Heal
|upkeep
|turn|18
|
|t:|1758257113
|-terastallize|p1a: Barraskewda|Water
|move|p2a: Gliscor|Protect|p2a: Gliscor
|-singleturn|p2a: Gliscor|Protect
|move|p1a: Barraskewda|Flip Turn|p2a: Gliscor
|-activate|p2a: Gliscor|move: Protect
|
|-damage|p1a: Barraskewda|40/100 psn|[from] psn
|upkeep
|turn|19
|
|t:|1758257124
|switch|p2a: Corviknight|Corviknight, F|84/100
|-ability|p2a: Corviknight|Pressure
|move|p1a: Barraskewda|Flip Turn|p2a: Corviknight
|-crit|p2a: Corviknight
|-damage|p2a: Corviknight|27/100
|
|t:|1758257143
|switch|p1a: Alomomola|Alomomola, F|100/100|[from] Flip Turn
|-damage|p1a: Alomomola|88/100|[from] Stealth Rock
|
|upkeep
|turn|20
|
|t:|1758257151
|move|p2a: Corviknight|Roost|p2a: Corviknight
|-heal|p2a: Corviknight|77/100
|-singleturn|p2a: Corviknight|move: Roost
|move|p1a: Alomomola|Wish|p1a: Alomomola
|
|upkeep
|turn|21
|
|t:|1758257159
|move|p2a: Corviknight|U-turn|p1a: Alomomola
|-damage|p1a: Alomomola|81/100
|-damage|p2a: Corviknight|61/100|[from] item: Rocky Helmet|[of] p1a: Alomomola
|
|t:|1758257171
|switch|p2a: Toxapex|Toxapex, M|57/100|[from] U-turn
|move|p1a: Alomomola|Flip Turn|p2a: Toxapex
|-resisted|p2a: Toxapex
|-damage|p2a: Toxapex|51/100
|
|t:|1758257181
|switch|p1a: Barraskewda|Barraskewda, F, tera:Water|40/100 psn|[from] Flip Turn
|-damage|p1a: Barraskewda|27/100 psn|[from] Stealth Rock
|
|-heal|p1a: Barraskewda|100/100 psn|[from] move: Wish|[wisher] Alomomola
|-damage|p1a: Barraskewda|88/100 psn|[from] psn
|upkeep
|turn|22
|
|t:|1758257191
|move|p1a: Barraskewda|Drill Run|p2a: Toxapex
|-supereffective|p2a: Toxapex
|-damage|p2a: Toxapex|0 fnt
|faint|p2a: Toxapex
|
|-damage|p1a: Barraskewda|76/100 psn|[from] psn
|upkeep
|
|t:|1758257196
|switch|p2a: Corviknight|Corviknight, F|61/100
|-ability|p2a: Corviknight|Pressure
|turn|23
|
|t:|1758257203
|switch|p1a: Alomomola|Alomomola, F|100/100
|-damage|p1a: Alomomola|88/100|[from] Stealth Rock
|move|p2a: Corviknight|U-turn|p1a: Alomomola
|-damage|p1a: Alomomola|80/100
|-damage|p2a: Corviknight|44/100|[from] item: Rocky Helmet|[of] p1a: Alomomola
|
|t:|1758257224
|switch|p2a: Dondozo|Dondozo, F|60/100 tox|[from] U-turn
|
|-heal|p2a: Dondozo|66/100 tox|[from] item: Leftovers
|-damage|p2a: Dondozo|60/100 tox|[from] psn
|upkeep
|turn|24
|
|t:|1758257233
|move|p1a: Alomomola|Flip Turn|p2a: Dondozo
|-resisted|p2a: Dondozo
|-damage|p2a: Dondozo|56/100 tox
|
|t:|1758257241
|switch|p1a: Cryogonal|Cryogonal|79/100|[from] Flip Turn
|-damage|p1a: Cryogonal|54/100|[from] Stealth Rock
|move|p2a: Dondozo|Rest|p2a: Dondozo
|-status|p2a: Dondozo|slp|[from] move: Rest
|-heal|p2a: Dondozo|100/100 slp|[silent]
|
|-heal|p1a: Cryogonal|60/100|[from] item: Leftovers
|upkeep
|turn|25
|
|t:|1758257250
|switch|p2a: Blissey|Blissey, F, tera:Ghost|100/100
|move|p1a: Cryogonal|Rapid Spin|p2a: Blissey
|-immune|p2a: Blissey
|
|-heal|p1a: Cryogonal|66/100|[from] item: Leftovers
|upkeep
|turn|26
|
|t:|1758257265
|move|p1a: Cryogonal|Recover|p1a: Cryogonal
|-heal|p1a: Cryogonal|100/100
|move|p2a: Blissey|Calm Mind|p2a: Blissey
|-boost|p2a: Blissey|spa|1
|-boost|p2a: Blissey|spd|1
|
|upkeep
|turn|27
|
|t:|1758257275
|move|p1a: Cryogonal|Haze|p1a: Cryogonal
|-clearallboost
|move|p2a: Blissey|Shadow Ball|p1a: Cryogonal
|-damage|p1a: Cryogonal|86/100
|
|-heal|p1a: Cryogonal|93/100|[from] item: Leftovers
|upkeep
|turn|28
|
|t:|1758257300
|switch|p1a: Slowking|Slowking-Galar, F|74/100
|move|p2a: Blissey|Seismic Toss|p1a: Slowking
|-damage|p1a: Slowking|49/100
|
|upkeep
|turn|29
|
|t:|1758257315
|move|p2a: Blissey|Shadow Ball|p1a: Slowking
|-supereffective|p1a: Slowking
|-damage|p1a: Slowking|22/100
|move|p1a: Slowking|Future Sight|p2a: Blissey
|-start|p1a: Slowking|move: Future Sight
|
|upkeep
|turn|30
|
|t:|1758257328
|switch|p1a: Cryogonal|Cryogonal|93/100
|-damage|p1a: Cryogonal|68/100|[from] Stealth Rock
|move|p2a: Blissey|Shadow Ball|p1a: Cryogonal
|-damage|p1a: Cryogonal|53/100
|
|-heal|p1a: Cryogonal|59/100|[from] item: Leftovers
|upkeep
|turn|31
|
|t:|1758257342
|switch|p1a: Dragapult|Dragapult, M|88/100
|-damage|p1a: Dragapult|76/100|[from] Stealth Rock
|move|p2a: Blissey|Calm Mind|p2a: Blissey
|-boost|p2a: Blissey|spa|1
|-boost|p2a: Blissey|spd|1
|
|-end|p2a: Blissey|move: Future Sight
|-damage|p2a: Blissey|91/100
|-heal|p2a: Blissey|97/100|[from] item: Leftovers
|upkeep
|turn|32
|inactive|kpo2022 has 120 seconds left.
|
|t:|1758257357
|move|p1a: Dragapult|Dragon Darts|p2a: Blissey
|-damage|p2a: Blissey|61/100
|-anim|p1a: Dragapult|Dragon Darts|p2a: Blissey
|-damage|p2a: Blissey|24/100
|move|p2a: Blissey|Shadow Ball|p1a: Dragapult
|-supereffective|p1a: Dragapult
|-damage|p1a: Dragapult|0 fnt
|faint|p1a: Dragapult
|
|-heal|p2a: Blissey|30/100|[from] item: Leftovers
|upkeep
|inactive|kpo2022 has 120 seconds left.
|
|t:|1758257373
|switch|p1a: Barraskewda|Barraskewda, F, tera:Water|76/100 psn
|-damage|p1a: Barraskewda|64/100 psn|[from] Stealth Rock
|turn|33
|
|t:|1758257377
|switch|p2a: Dondozo|Dondozo, F|100/100 slp
|move|p1a: Barraskewda|Flip Turn|p2a: Dondozo
|-resisted|p2a: Dondozo
|-damage|p2a: Dondozo|86/100 slp
|inactive|kpo2022 has 120 seconds left.
|
|t:|1758257387
|switch|p1a: Thundurus|Thundurus-Therian, M|76/100|[from] Flip Turn
|-damage|p1a: Thundurus|51/100|[from] Stealth Rock
|
|-heal|p2a: Dondozo|92/100 slp|[from] item: Leftovers
|upkeep
|turn|34
|inactive|kpo2022 has 120 seconds left.
|
|t:|1758257404
|switch|p2a: Gliscor|Gliscor, F|100/100 tox
|move|p1a: Thundurus|Thunderbolt|p2a: Gliscor
|-immune|p2a: Gliscor
|
|upkeep
|turn|35
|
|t:|1758257420
|switch|p1a: Slowking|Slowking-Galar, F|55/100
|move|p2a: Gliscor|Knock Off|p1a: Slowking
|-supereffective|p1a: Slowking
|-damage|p1a: Slowking|10/100
|-enditem|p1a: Slowking|Heavy-Duty Boots|[from] move: Knock Off|[of] p2a: Gliscor
|
|upkeep
|turn|36
|inactive|kpo2022 has 120 seconds left.
|
|t:|1758257433
|switch|p1a: Alomomola|Alomomola, F|100/100
|-damage|p1a: Alomomola|88/100|[from] Stealth Rock
|move|p2a: Gliscor|Knock Off|p1a: Alomomola
|-damage|p1a: Alomomola|77/100
|-damage|p2a: Gliscor|84/100 tox|[from] item: Rocky Helmet|[of] p1a: Alomomola
|-enditem|p1a: Alomomola|Rocky Helmet|[from] move: Knock Off|[of] p2a: Gliscor
|
|-heal|p2a: Gliscor|96/100 tox|[from] ability: Poison Heal
|upkeep
|turn|37
|inactive|kpo2022 has 120 seconds left.
|
|t:|1758257450
|switch|p2a: Weezing|Weezing-Galar, M|100/100
|-ability|p2a: Weezing|Neutralizing Gas
|move|p1a: Alomomola|Wish|p1a: Alomomola
|
|upkeep
|turn|38
|
|t:|1758257457
|move|p2a: Weezing|Will-O-Wisp|p1a: Alomomola
|-status|p1a: Alomomola|brn
|move|p1a: Alomomola|Mirror Coat||[still]
|-fail|p1a: Alomomola
|
|-heal|p1a: Alomomola|100/100 brn|[from] move: Wish|[wisher] Alomomola
|-damage|p1a: Alomomola|94/100 brn|[from] brn
|upkeep
|turn|39
|inactive|kpo2022 has 120 seconds left.
|
|t:|1758257475
|switch|p1a: Slowking|Slowking-Galar, F|43/100
|-damage|p1a: Slowking|31/100|[from] Stealth Rock
|move|p2a: Weezing|Sludge Bomb|p1a: Slowking
|-resisted|p1a: Slowking
|-damage|p1a: Slowking|24/100
|
|upkeep
|turn|40
|
|t:|1758257499
|move|p2a: Weezing|Will-O-Wisp|p1a: Slowking
|-status|p1a: Slowking|brn
|move|p1a: Slowking|Future Sight|p2a: Weezing
|-start|p1a: Slowking|move: Future Sight
|
|-damage|p1a: Slowking|18/100 brn|[from] brn
|upkeep
|turn|41
|
|t:|1758257516
|-end|p2a: Weezing|ability: Neutralizing Gas
|switch|p2a: Blissey|Blissey, F, tera:Ghost|30/100
|switch|p1a: Alomomola|Alomomola, F|94/100 brn
|-damage|p1a: Alomomola|82/100 brn|[from] Stealth Rock
|
|-heal|p2a: Blissey|36/100|[from] item: Leftovers
|-damage|p1a: Alomomola|76/100 brn|[from] brn
|upkeep
|turn|42
|
|t:|1758257530
|move|p1a: Alomomola|Flip Turn|p2a: Blissey
|-damage|p2a: Blissey|28/100
|
|t:|1758257533
|switch|p1a: Slowking|Slowking-Galar, F|51/100 brn|[from] Flip Turn
|-damage|p1a: Slowking|38/100 brn|[from] Stealth Rock
|move|p2a: Blissey|Soft-Boiled|p2a: Blissey
|-heal|p2a: Blissey|78/100
|
|-end|p2a: Blissey|move: Future Sight
|-damage|p2a: Blissey|64/100
|-heal|p2a: Blissey|70/100|[from] item: Leftovers
|-damage|p1a: Slowking|32/100 brn|[from] brn
|upkeep
|turn|43
|
|t:|1758257547
|switch|p1a: Alomomola|Alomomola, F|100/100 brn
|-damage|p1a: Alomomola|88/100 brn|[from] Stealth Rock
|move|p2a: Blissey|Shadow Ball|p1a: Alomomola
|-damage|p1a: Alomomola|64/100 brn
|
|-heal|p2a: Blissey|76/100|[from] item: Leftovers
|-damage|p1a: Alomomola|58/100 brn|[from] brn
|upkeep
|turn|44
|
|t:|1758257558
|move|p1a: Alomomola|Flip Turn|p2a: Blissey
|-damage|p2a: Blissey|68/100
|
|t:|1758257563
|switch|p1a: Barraskewda|Barraskewda, F, tera:Water|64/100 psn|[from] Flip Turn
|-damage|p1a: Barraskewda|52/100 psn|[from] Stealth Rock
|move|p2a: Blissey|Shadow Ball|p1a: Barraskewda
|-damage|p1a: Barraskewda|0 fnt
|faint|p1a: Barraskewda
|
|-heal|p2a: Blissey|75/100|[from] item: Leftovers
|upkeep
|-message|kpo2022 forfeited.
|
|win|thetakerofunder
|raw|kpo2022's rating: 1176 &rarr; <strong>1153</strong><br />(-23 for losing)
|raw|thetakerofunder's rating: 1208 &rarr; <strong>1231</strong><br />(+23 for winning)
|l|☆kpo2022
|player|p1|
|c|☆thetakerofunder|well
|l|☆thetakerofunder
|player|p2|
