|j|☆Lonelyenders
|j|☆oknuh
|t:|1758287997
|gametype|singles
|player|p1|Lonelyenders|acetrainer|1383
|player|p2|oknuh|1|1464
|gen|9
|tier|[Gen 9] OU
|rated|
|rule|HP Percentage Mod: HP is shown in percentages
|rule|Endless Battle Clause: Forcing endless battles is banned
|rule|Species Clause: Limit one of each Pokémon
|rule|OHKO Clause: OHKO moves are banned
|rule|Evasion Items Clause: Evasion items are banned
|rule|Evasion Moves Clause: Evasion moves are banned
|rule|Evasion Abilities Clause: Evasion abilities are banned
|rule|Sleep Moves Clause: Sleep-inducing moves are banned
|clearpoke
|poke|p1|Great Tusk|
|poke|p1|Rillaboom, M|
|poke|p1|Dragonite, F|
|poke|p1|Heatran, M|
|poke|p1|Primarina, M|
|poke|p1|Iron Thorns|
|poke|p2|Kingambit, M|
|poke|p2|Hydrapple, F|
|poke|p2|Zapdos|
|poke|p2|Kyurem|
|poke|p2|Great Tusk|
|poke|p2|Ogerpon-Wellspring, F|
|teampreview
|inactive|Battle timer is ON: inactive players will automatically lose when time's up. (requested by Lonelyenders)
|
|t:|1758288019
|teamsize|p1|6
|teamsize|p2|6
|start
|switch|p1a: Iron Thorns|Iron Thorns|100/100
|switch|p2a: bench|Kyurem|100/100
|-ability|p2a: bench|Pressure
|-enditem|p1a: Iron Thorns|Booster Energy
|-activate|p1a: Iron Thorns|ability: Quark Drive|[fromitem]
|-start|p1a: Iron Thorns|quarkdriveatk
|turn|1
|
|t:|1758288034
|move|p2a: bench|Earth Power|p1a: Iron Thorns
|-supereffective|p1a: Iron Thorns
|-damage|p1a: Iron Thorns|0 fnt
|faint|p1a: Iron Thorns
|-end|p1a: Iron Thorns|Quark Drive|[silent]
|
|upkeep
|
|t:|1758288045
|switch|p1a: Primarina|Primarina, M|100/100
|turn|2
|
|t:|1758288056
|switch|p2a: bl;egh|Ogerpon-Wellspring, F|100/100
|move|p1a: Primarina|Moonblast|p2a: bl;egh
|-damage|p2a: bl;egh|42/100
|
|upkeep
|turn|3
|
|t:|1758288064
|switch|p1a: Rillaboom|Rillaboom, M|100/100
|-fieldstart|move: Grassy Terrain|[from] ability: Grassy Surge|[of] p1a: Rillaboom
|move|p2a: bl;egh|Horn Leech|p1a: Rillaboom
|-resisted|p1a: Rillaboom
|-damage|p1a: Rillaboom|68/100
|-heal|p2a: bl;egh|60/100|[from] drain|[of] p1a: Rillaboom
|
|-heal|p2a: bl;egh|66/100|[from] Grassy Terrain
|-heal|p1a: Rillaboom|74/100|[from] Grassy Terrain
|upkeep
|turn|4
|
|t:|1758288073
|switch|p2a: special ed|Zapdos|100/100
|move|p1a: Rillaboom|U-turn|p2a: special ed
|-resisted|p2a: special ed
|-damage|p2a: special ed|86/100
|
|t:|1758288081
|switch|p1a: Dragonite|Dragonite, F|100/100|[from] U-turn
|
|upkeep
|turn|5
|
|t:|1758288085
|move|p1a: Dragonite|Dragon Dance|p1a: Dragonite
|-boost|p1a: Dragonite|atk|1
|-boost|p1a: Dragonite|spe|1
|move|p2a: special ed|U-turn|p1a: Dragonite
|-resisted|p1a: Dragonite
|-damage|p1a: Dragonite|97/100
|
|t:|1758288089
|switch|p2a: bench|Kyurem|100/100|[from] U-turn
|-ability|p2a: bench|Pressure
|
|upkeep
|turn|6
|
|t:|1758288095
|-terastallize|p1a: Dragonite|Normal
|move|p2a: bench|Ice Beam|p1a: Dragonite
|-damage|p1a: Dragonite|51/100
|move|p1a: Dragonite|Dragon Dance|p1a: Dragonite
|-boost|p1a: Dragonite|atk|1
|-boost|p1a: Dragonite|spe|1
|
|-heal|p1a: Dragonite|57/100|[from] Grassy Terrain
|upkeep
|turn|7
|
|t:|1758288105
|move|p1a: Dragonite|Earthquake|p2a: bench
|-damage|p2a: bench|66/100
|move|p2a: bench|Ice Beam|p1a: Dragonite
|-damage|p1a: Dragonite|9/100
|
|-heal|p1a: Dragonite|15/100|[from] Grassy Terrain
|-heal|p2a: bench|72/100|[from] Grassy Terrain
|-fieldend|move: Grassy Terrain
|upkeep
|turn|8
|
|t:|1758288111
|move|p1a: Dragonite|Extreme Speed|p2a: bench
|-damage|p2a: bench|0 fnt
|faint|p2a: bench
|
|upkeep
|
|t:|1758288115
|switch|p2a: special ed|Zapdos|86/100
|turn|9
|
|t:|1758288119
|move|p1a: Dragonite|Ice Spinner|p2a: special ed
|-supereffective|p2a: special ed
|-damage|p2a: special ed|0 fnt
|-status|p1a: Dragonite|par|[from] ability: Static|[of] p2a: special ed
|faint|p2a: special ed
|
|upkeep
|
|t:|1758288128
|switch|p2a: Great musk|Great Tusk|100/100
|turn|10
|
|t:|1758288139
|move|p1a: Dragonite|Extreme Speed|p2a: Great musk
|-damage|p2a: Great musk|38/100
|move|p2a: Great musk|Knock Off|p1a: Dragonite
|-damage|p1a: Dragonite|0 fnt
|-enditem|p1a: Dragonite|Heavy-Duty Boots|[from] move: Knock Off|[of] p2a: Great musk
|faint|p1a: Dragonite
|
|upkeep
|
|t:|1758288146
|switch|p1a: Rillaboom|Rillaboom, M|74/100
|-fieldstart|move: Grassy Terrain|[from] ability: Grassy Surge|[of] p1a: Rillaboom
|turn|11
|
|t:|1758288155
|-end|p2a: Great musk|Protosynthesis|[silent]
|switch|p2a: dragon|Hydrapple, F|100/100
|move|p1a: Rillaboom|Grassy Glide|p2a: dragon
|-resisted|p2a: dragon
|-damage|p2a: dragon|90/100
|
|-heal|p1a: Rillaboom|80/100|[from] Grassy Terrain
|-heal|p2a: dragon|96/100|[from] Grassy Terrain
|upkeep
|turn|12
|
|t:|1758288161
|switch|p1a: Heatran|Heatran, M|100/100
|move|p2a: dragon|Nasty Plot|p2a: dragon
|-boost|p2a: dragon|spa|2
|
|-heal|p2a: dragon|100/100|[from] Grassy Terrain
|upkeep
|turn|13
|
|t:|1758288170
|move|p1a: Heatran|Magma Storm|p2a: dragon
|-damage|p2a: dragon|60/100
|-activate|p2a: dragon|move: Magma Storm|[of] p1a: Heatran
|move|p2a: dragon|Earth Power|p1a: Heatran
|-supereffective|p1a: Heatran
|-crit|p1a: Heatran
|-damage|p1a: Heatran|0 fnt
|faint|p1a: Heatran
|
|-heal|p2a: dragon|66/100|[from] Grassy Terrain
|-end|p2a: dragon|Magma Storm|[partiallytrapped]|[silent]
|upkeep
|
|t:|1758288181
|switch|p1a: Great Tusk|Great Tusk|100/100
|turn|14
|
|t:|1758288195
|-terastallize|p2a: dragon|Fairy
|move|p1a: Great Tusk|Ice Spinner|p2a: dragon
|-damage|p2a: dragon|48/100
|-fieldend|move: Grassy Terrain
|move|p2a: dragon|Giga Drain|p1a: Great Tusk
|-supereffective|p1a: Great Tusk
|-damage|p1a: Great Tusk|0 fnt
|-heal|p2a: dragon|100/100|[from] drain|[of] p1a: Great Tusk
|faint|p1a: Great Tusk
|-end|p1a: Great Tusk|Protosynthesis|[silent]
|
|upkeep
|
|t:|1758288202
|switch|p1a: Rillaboom|Rillaboom, M|80/100
|-fieldstart|move: Grassy Terrain|[from] ability: Grassy Surge|[of] p1a: Rillaboom
|turn|15
|
|t:|1758288209
|move|p1a: Rillaboom|Wood Hammer|p2a: dragon
|-damage|p2a: dragon|0 fnt
|faint|p2a: dragon
|-damage|p1a: Rillaboom|40/100|[from] Recoil
|
|-heal|p1a: Rillaboom|46/100|[from] Grassy Terrain
|upkeep
|
|t:|1758288218
|switch|p2a: Great musk|Great Tusk|38/100
|turn|16
|
|t:|1758288223
|move|p2a: Great musk|Knock Off|p1a: Rillaboom
|-damage|p1a: Rillaboom|11/100
|-enditem|p1a: Rillaboom|Choice Band|[from] move: Knock Off|[of] p2a: Great musk
|move|p1a: Rillaboom|Wood Hammer|p2a: Great musk
|-supereffective|p2a: Great musk
|-damage|p2a: Great musk|0 fnt
|faint|p2a: Great musk
|-end|p2a: Great musk|Protosynthesis|[silent]
|-damage|p1a: Rillaboom|0 fnt|[from] Recoil
|faint|p1a: Rillaboom
|
|upkeep
|
|t:|1758288229
|switch|p2a: bl;egh|Ogerpon-Wellspring, F|66/100
|switch|p1a: Primarina|Primarina, M|100/100
|turn|17
|
|t:|1758288236
|move|p2a: bl;egh|Horn Leech|p1a: Primarina
|-supereffective|p1a: Primarina
|-damage|p1a: Primarina|0 fnt
|-heal|p2a: bl;egh|100/100|[from] drain|[of] p1a: Primarina
|faint|p1a: Primarina
|
|win|oknuh
|raw|Lonelyenders's rating: 1383 &rarr; <strong>1368</strong><br />(-15 for losing)
|raw|oknuh's rating: 1464 &rarr; <strong>1479</strong><br />(+15 for winning)
|l|☆Lonelyenders
|player|p1|
|l|☆oknuh
|player|p2|
