|badge|p2|silver|gen9ru|30-6
|uhtml|medal-msg|<div class="broadcast-blue">Curious what those medals under the avatar are? PS now has Ladder Seasons! For more information, check out the <a href="https://www.smogon.com/forums/threads/3740067/">thread on Smogon.</a></div>
|j|☆XSilkySnake
|j|☆somepepper
|t:|1758336480
|gametype|singles
|player|p1|XSilkySnake|red-lgpe|1150
|player|p2|somepepper|scientist|1232
|gen|9
|tier|[Gen 9] OU
|rated|
|rule|HP Percentage Mod: HP is shown in percentages
|rule|Endless Battle Clause: Forcing endless battles is banned
|rule|Species Clause: Limit one of each Pokémon
|rule|OHKO Clause: OHKO moves are banned
|rule|Evasion Items Clause: Evasion items are banned
|rule|Evasion Moves Clause: Evasion moves are banned
|rule|Evasion Abilities Clause: Evasion abilities are banned
|rule|Sleep Moves Clause: Sleep-inducing moves are banned
|clearpoke
|poke|p1|Blastoise, F|
|poke|p1|Scizor, M|
|poke|p1|Glimmora, M|
|poke|p1|Blaziken, M|
|poke|p1|Araquanid, F|
|poke|p1|Hydrapple, F|
|poke|p2|Gardevoir, F|
|poke|p2|Greninja-*, M|
|poke|p2|Blaziken, M|
|poke|p2|Shiftry, M|
|poke|p2|Banette, M|
|poke|p2|Bisharp, M|
|teampreview
|
|t:|1758336489
|teamsize|p1|6
|teamsize|p2|6
|start
|switch|p1a: Glimmora|Glimmora, M|100/100
|switch|p2a: Shane|Greninja, M|100/100
|turn|1
|
|t:|1758336496
|move|p2a: Shane|Surf|p1a: Glimmora
|-start|p2a: Shane|typechange|Water|[from] ability: Protean
|-supereffective|p1a: Glimmora
|-damage|p1a: Glimmora|0 fnt
|faint|p1a: Glimmora
|
|upkeep
|
|t:|1758336502
|switch|p1a: Hydrapple|Hydrapple, F|100/100
|turn|2
|
|t:|1758336505
|switch|p2a: Mindy|Gardevoir, F|100/100
|-ability|p2a: Mindy|Regenerator|Trace|[from] ability: Trace|[of] p1a: Hydrapple
|move|p1a: Hydrapple|Nasty Plot|p1a: Hydrapple
|-boost|p1a: Hydrapple|spa|2
|
|upkeep
|turn|3
|
|t:|1758336515
|move|p2a: Mindy|Mystical Fire|p1a: Hydrapple
|-damage|p1a: Hydrapple|74/100
|-unboost|p1a: Hydrapple|spa|1
|move|p1a: Hydrapple|Giga Drain|p2a: Mindy
|-damage|p2a: Mindy|68/100
|-heal|p1a: Hydrapple|85/100|[from] drain|[of] p2a: Mindy
|
|upkeep
|turn|4
|
|t:|1758336522
|move|p2a: Mindy|Moonblast|p1a: Hydrapple
|-supereffective|p1a: Hydrapple
|-damage|p1a: Hydrapple|0 fnt
|faint|p1a: Hydrapple
|
|upkeep
|
|t:|1758336527
|switch|p1a: Blaziken|Blaziken, M|100/100
|turn|5
|
|t:|1758336540
|switch|p2a: Shane|Greninja, M|100/100
|move|p1a: Blaziken|Flare Blitz|p2a: Shane
|-resisted|p2a: Shane
|-damage|p2a: Shane|53/100
|-damage|p1a: Blaziken|86/100|[from] Recoil
|
|-ability|p1a: Blaziken|Speed Boost|boost
|-boost|p1a: Blaziken|spe|1
|upkeep
|turn|6
|
|t:|1758336554
|move|p2a: Shane|Surf|p1a: Blaziken
|-start|p2a: Shane|typechange|Water|[from] ability: Protean
|-supereffective|p1a: Blaziken
|-damage|p1a: Blaziken|0 fnt
|faint|p1a: Blaziken
|
|upkeep
|
|t:|1758336560
|switch|p1a: Scizor|Scizor, M|100/100
|turn|7
|
|t:|1758336565
|move|p2a: Shane|Surf|p1a: Scizor
|-damage|p1a: Scizor|42/100
|move|p1a: Scizor|Dual Wingbeat|p2a: Shane
|-damage|p2a: Shane|0 fnt
|faint|p2a: Shane
|-hitcount|p2: Shane|1
|
|upkeep
|
|t:|1758336573
|switch|p2a: Percy|Bisharp, M|100/100
|turn|8
|
|t:|1758336577
|switch|p1a: Araquanid|Araquanid, F|100/100
|move|p2a: Percy|Low Kick|p1a: Araquanid
|-resisted|p1a: Araquanid
|-damage|p1a: Araquanid|89/100
|
|upkeep
|turn|9
|
|t:|1758336583
|move|p2a: Percy|Swords Dance|p2a: Percy
|-boost|p2a: Percy|atk|2
|move|p1a: Araquanid|Sticky Web|p2a: Percy
|-sidestart|p2: somepepper|move: Sticky Web
|
|upkeep
|turn|10
|
|t:|1758336589
|move|p2a: Percy|Swords Dance|p2a: Percy
|-boost|p2a: Percy|atk|2
|move|p1a: Araquanid|Endeavor|p2a: Percy
|-damage|p2a: Percy|86/100
|
|upkeep
|turn|11
|
|t:|1758336595
|move|p2a: Percy|Swords Dance|p2a: Percy
|-boost|p2a: Percy|atk|2
|move|p1a: Araquanid|Liquidation|p2a: Percy
|-damage|p2a: Percy|46/100
|-unboost|p2a: Percy|def|1
|-boost|p2a: Percy|atk|0
|
|upkeep
|turn|12
|
|t:|1758336605
|move|p2a: Percy|Sucker Punch|p1a: Araquanid
|-damage|p1a: Araquanid|0 fnt
|faint|p1a: Araquanid
|
|upkeep
|
|t:|1758336611
|switch|p1a: Blastoise|Blastoise, F|100/100
|turn|13
|
|t:|1758336615
|move|p1a: Blastoise|Surf|p2a: Percy
|-damage|p2a: Percy|23/100
|move|p2a: Percy|Low Kick|p1a: Blastoise
|-damage|p1a: Blastoise|7/100
|
|upkeep
|turn|14
|
|t:|1758336620
|move|p1a: Blastoise|Surf|p2a: Percy
|-damage|p2a: Percy|0 fnt
|faint|p2a: Percy
|
|upkeep
|
|t:|1758336625
|switch|p2a: Colin|Shiftry, M|100/100
|-activate|p2a: Colin|move: Sticky Web
|-unboost|p2a: Colin|spe|1
|turn|15
|
|t:|1758336632
|move|p1a: Blastoise|Aura Sphere|p2a: Colin
|-supereffective|p2a: Colin
|-damage|p2a: Colin|30/100
|move|p2a: Colin|Defog|p1a: Blastoise
|-unboost|p1a: Blastoise|evasion|1
|-sideend|p2: somepepper|Sticky Web|[from] move: Defog|[of] p2a: Colin
|-enditem|p1a: Blastoise|White Herb
|-clearnegativeboost|p1a: Blastoise|[silent]
|
|upkeep
|turn|16
|
|t:|1758336641
|move|p2a: Colin|Endure|p2a: Colin
|-singleturn|p2a: Colin|move: Endure
|move|p1a: Blastoise|Aura Sphere|p2a: Colin
|-supereffective|p2a: Colin
|-activate|p2a: Colin|move: Endure
|-damage|p2a: Colin|1/100
|
|upkeep
|turn|17
|-enditem|p2a: Colin|Custap Berry|[eat]
|-activate|p2a: Colin|item: Custap Berry|[consumed]
|
|t:|1758336647
|move|p2a: Colin|Leaf Blade|p1a: Blastoise
|-supereffective|p1a: Blastoise
|-damage|p1a: Blastoise|0 fnt
|faint|p1a: Blastoise
|
|upkeep
|
|t:|1758336654
|switch|p1a: Scizor|Scizor, M|42/100
|turn|18
|
|t:|1758336659
|-terastallize|p1a: Scizor|Ground
|move|p1a: Scizor|Tera Blast|p2a: Colin|[anim] Tera Blast Ground
|-resisted|p2a: Colin
|-damage|p2a: Colin|0 fnt
|faint|p2a: Colin
|
|upkeep
|
|t:|1758336666
|switch|p2a: Mindy|Gardevoir, F|100/100
|-ability|p2a: Mindy|Technician|Trace|[from] ability: Trace|[of] p1a: Scizor
|turn|19
|
|t:|1758336671
|-terastallize|p2a: Mindy|Steel
|move|p1a: Scizor|Tera Blast|p2a: Mindy|[anim] Tera Blast Ground
|-supereffective|p2a: Mindy
|-damage|p2a: Mindy|0 fnt
|faint|p2a: Mindy
|
|upkeep
|
|t:|1758336677
|switch|p2a: Victor|Banette, M|100/100
|-item|p1a: Scizor|Choice Band|[from] ability: Frisk|[of] p2a: Victor
|turn|20
|
|t:|1758336682
|move|p2a: Victor|Curse|p1a: Scizor
|-start|p1a: Scizor|Curse|[of] p2a: Victor
|-damage|p2a: Victor|50/100
|move|p1a: Scizor|Tera Blast|p2a: Victor|[anim] Tera Blast Ground
|-damage|p2a: Victor|0 fnt
|faint|p2a: Victor
|
|-damage|p1a: Scizor|17/100|[from] Curse
|upkeep
|
|t:|1758336690
|switch|p2a: Cole|Blaziken, M|100/100
|turn|21
|
|t:|1758336692
|move|p2a: Cole|Detect|p2a: Cole
|-singleturn|p2a: Cole|Protect
|move|p1a: Scizor|Tera Blast|p2a: Cole|[anim] Tera Blast Ground
|-activate|p2a: Cole|move: Protect
|
|-damage|p1a: Scizor|0 fnt|[from] Curse
|faint|p1a: Scizor
|
|win|somepepper
|raw|XSilkySnake's rating: 1150 &rarr; <strong>1131</strong><br />(-19 for losing)
|raw|somepepper's rating: 1232 &rarr; <strong>1251</strong><br />(+19 for winning)
|l|☆XSilkySnake
|player|p1|
|l|☆somepepper
|player|p2|
