|j|☆mathismathin
|j|☆Obito 2001
|t:|1758302021
|gametype|singles
|player|p1|mathismathin|hilbert|1766
|player|p2|Obito 2001|blue-gen3two|1742
|gen|9
|tier|[Gen 9] OU
|rated|
|rule|HP Percentage Mod: HP is shown in percentages
|rule|Endless Battle Clause: Forcing endless battles is banned
|rule|Species Clause: Limit one of each Pokémon
|rule|OHKO Clause: OHKO moves are banned
|rule|Evasion Items Clause: Evasion items are banned
|rule|Evasion Moves Clause: Evasion moves are banned
|rule|Evasion Abilities Clause: Evasion abilities are banned
|rule|Sleep Moves Clause: Sleep-inducing moves are banned
|clearpoke
|poke|p1|Blaziken, M|
|poke|p1|Ogerpon-Wellspring, F|
|poke|p1|Ceruledge, M|
|poke|p1|Dragonite, M|
|poke|p1|Iron Treads|
|poke|p1|Gholdengo|
|poke|p2|Kyurem|
|poke|p2|Golem, F|
|poke|p2|Weezing-Galar, F|
|poke|p2|Snorlax, F|
|poke|p2|Vaporeon, F|
|poke|p2|Dragonite, M|
|teampreview
|inactive|Battle timer is ON: inactive players will automatically lose when time's up. (requested by Obito 2001)
|j| Redoranges101
|
|t:|1758302040
|teamsize|p1|6
|teamsize|p2|6
|start
|switch|p1a: Blaziken|Blaziken, M|100/100
|switch|p2a: Golem|Golem, F|100/100
|turn|1
|
|t:|1758302048
|switch|p1a: Gholdengo|Gholdengo|100/100
|-item|p1a: Gholdengo|Air Balloon
|move|p2a: Golem|Stealth Rock|p1a: Gholdengo
|-sidestart|p1: mathismathin|move: Stealth Rock
|
|upkeep
|turn|2
|
|t:|1758302051
|move|p1a: Gholdengo|Shadow Ball|p2a: Golem
|-damage|p2a: Golem|29/100
|move|p2a: Golem|Smack Down|p1a: Gholdengo
|-resisted|p1a: Gholdengo
|-damage|p1a: Gholdengo|86/100
|-enditem|p1a: Gholdengo|Air Balloon
|
|upkeep
|turn|3
|
|t:|1758302055
|switch|p2a: Snorlax|Snorlax, F, shiny|100/100
|move|p1a: Gholdengo|Shadow Ball|p2a: Snorlax
|-immune|p2a: Snorlax
|
|upkeep
|turn|4
|
|t:|1758302058
|move|p1a: Gholdengo|Nasty Plot|p1a: Gholdengo
|-boost|p1a: Gholdengo|spa|2
|move|p2a: Snorlax|Curse|p2a: Snorlax
|-unboost|p2a: Snorlax|spe|1
|-boost|p2a: Snorlax|atk|1
|-boost|p2a: Snorlax|def|1
|
|upkeep
|turn|5
|
|t:|1758302063
|move|p1a: Gholdengo|Make It Rain|p2a: Snorlax
|-damage|p2a: Snorlax|22/100
|-unboost|p1a: Gholdengo|spa|1
|move|p2a: Snorlax|Earthquake|p1a: Gholdengo
|-supereffective|p1a: Gholdengo
|-damage|p1a: Gholdengo|0 fnt
|faint|p1a: Gholdengo
|
|upkeep
|
|t:|1758302065
|switch|p1a: Blaziken|Blaziken, M|100/100
|-damage|p1a: Blaziken|88/100|[from] Stealth Rock
|turn|6
|-enditem|p2a: Snorlax|Custap Berry|[eat]
|-activate|p2a: Snorlax|item: Custap Berry|[consumed]
|
|t:|1758302069
|move|p2a: Snorlax|Earthquake|p1a: Blaziken
|-supereffective|p1a: Blaziken
|-crit|p1a: Blaziken
|-damage|p1a: Blaziken|0 fnt
|faint|p1a: Blaziken
|
|upkeep
|
|t:|1758302072
|switch|p1a: Iron Treads|Iron Treads|100/100
|-damage|p1a: Iron Treads|97/100|[from] Stealth Rock
|-enditem|p1a: Iron Treads|Booster Energy
|-activate|p1a: Iron Treads|ability: Quark Drive|[fromitem]
|-start|p1a: Iron Treads|quarkdriveatk
|turn|7
|
|t:|1758302077
|move|p1a: Iron Treads|Earthquake|p2a: Snorlax
|-damage|p2a: Snorlax|0 fnt
|faint|p2a: Snorlax
|
|upkeep
|
|t:|1758302083
|switch|p2a: Ban me ASAP|Dragonite, M|100/100
|turn|8
|
|t:|1758302085
|move|p1a: Iron Treads|Rapid Spin|p2a: Ban me ASAP
|-damage|p2a: Ban me ASAP|91/100
|-boost|p1a: Iron Treads|spe|1
|-sideend|p1: mathismathin|Stealth Rock|[from] move: Rapid Spin|[of] p1a: Iron Treads
|move|p2a: Ban me ASAP|Earthquake|p1a: Iron Treads
|-supereffective|p1a: Iron Treads
|-damage|p1a: Iron Treads|32/100
|
|upkeep
|turn|9
|
|t:|1758302091
|-terastallize|p2a: Ban me ASAP|Normal
|move|p1a: Iron Treads|Ice Spinner|p2a: Ban me ASAP
|-damage|p2a: Ban me ASAP|62/100
|move|p2a: Ban me ASAP|Earthquake|p1a: Iron Treads
|-supereffective|p1a: Iron Treads
|-damage|p1a: Iron Treads|0 fnt
|faint|p1a: Iron Treads
|-end|p1a: Iron Treads|Quark Drive|[silent]
|
|upkeep
|
|t:|1758302097
|switch|p1a: Ceruledge|Ceruledge, M|100/100
|turn|10
|
|t:|1758302102
|switch|p2a: Golem|Golem, F|29/100
|move|p1a: Ceruledge|Swords Dance|p1a: Ceruledge
|-boost|p1a: Ceruledge|atk|2
|
|upkeep
|turn|11
|
|t:|1758302109
|switch|p2a: Fk hazard noobs|Weezing-Galar, F|100/100
|-ability|p2a: Fk hazard noobs|Neutralizing Gas
|move|p1a: Ceruledge|Poltergeist|p2a: Fk hazard noobs
|-activate|p2a: Fk hazard noobs|move: Poltergeist|Custap Berry
|-damage|p2a: Fk hazard noobs|28/100
|
|upkeep
|turn|12
|
|t:|1758302115
|move|p1a: Ceruledge|Bitter Blade|p2a: Fk hazard noobs
|-damage|p2a: Fk hazard noobs|0 fnt
|faint|p2a: Fk hazard noobs
|-end|p2a: Fk hazard noobs|ability: Neutralizing Gas
|
|upkeep
|
|t:|1758302120
|switch|p2a: Vaporeon|Vaporeon, F|100/100
|turn|13
|
|t:|1758302130
|move|p1a: Ceruledge|Poltergeist|p2a: Vaporeon
|-activate|p2a: Vaporeon|move: Poltergeist|Custap Berry
|-damage|p2a: Vaporeon|0 fnt
|faint|p2a: Vaporeon
|
|upkeep
|-message|Obito 2001 forfeited.
|
|win|mathismathin
|raw|mathismathin's rating: 1766 &rarr; <strong>1785</strong><br />(+19 for winning)
|raw|Obito 2001's rating: 1742 &rarr; <strong>1723</strong><br />(-19 for losing)
|l|☆Obito 2001
|player|p2|
|l|☆mathismathin
|player|p1|
|l| Redoranges101
