|j|☆Trumpismessiah
|j|☆Trevoro
|t:|1758340783
|gametype|singles
|player|p1|Trumpismessiah|266|1518
|player|p2|Trevoro|iono|1583
|gen|9
|tier|[Gen 9] OU
|rated|
|rule|HP Percentage Mod: HP is shown in percentages
|rule|Endless Battle Clause: Forcing endless battles is banned
|rule|Species Clause: Limit one of each Pokémon
|rule|OHKO Clause: OHKO moves are banned
|rule|Evasion Items Clause: Evasion items are banned
|rule|Evasion Moves Clause: Evasion moves are banned
|rule|Evasion Abilities Clause: Evasion abilities are banned
|rule|Sleep Moves Clause: Sleep-inducing moves are banned
|clearpoke
|poke|p1|Snorlax, M|
|poke|p1|Pikachu, F|
|poke|p1|Gengar, F|
|poke|p1|Moltres|
|poke|p1|Vileplume, M|
|poke|p1|Vaporeon, M|
|poke|p2|Tyranitar, F|
|poke|p2|Excadrill, M|
|poke|p2|Keldeo-Resolute|
|poke|p2|Tornadus-Therian, M|
|poke|p2|Heatran, M|
|poke|p2|Hydrapple, M|
|teampreview
|inactive|Battle timer is ON: inactive players will automatically lose when time's up. (requested by Trumpismessiah)
|
|t:|1758340819
|teamsize|p1|6
|teamsize|p2|6
|start
|switch|p1a: Snorlax|Snorlax, M|100/100
|switch|p2a: Tornadus|Tornadus-Therian, M|100/100
|turn|1
|
|t:|1758340828
|move|p2a: Tornadus|Taunt|p1a: Snorlax
|-start|p1a: Snorlax|move: Taunt
|move|p1a: Snorlax|Body Slam|p2a: Tornadus
|-damage|p2a: Tornadus|55/100
|-status|p2a: Tornadus|par
|
|upkeep
|turn|2
|
|t:|1758340838
|move|p2a: Tornadus|U-turn|p1a: Snorlax
|-damage|p1a: Snorlax|87/100
|
|t:|1758340841
|switch|p2a: Heatran|Heatran, M|100/100|[from] U-turn
|move|p1a: Snorlax|Body Slam|p2a: Heatran
|-resisted|p2a: Heatran
|-damage|p2a: Heatran|81/100
|
|-heal|p2a: Heatran|88/100|[from] item: Leftovers
|upkeep
|turn|3
|
|t:|1758340846
|move|p2a: Heatran|Magma Storm|p1a: Snorlax
|-damage|p1a: Snorlax|62/100
|-activate|p1a: Snorlax|move: Magma Storm|[of] p2a: Heatran
|move|p1a: Snorlax|Earthquake|p2a: Heatran
|-supereffective|p2a: Heatran
|-damage|p2a: Heatran|0 fnt
|faint|p2a: Heatran
|
|-end|p1a: Snorlax|Magma Storm|[partiallytrapped]|[silent]
|-end|p1a: Snorlax|move: Taunt
|upkeep
|
|t:|1758340852
|switch|p2a: Keldeo|Keldeo-Resolute|100/100
|turn|4
|
|t:|1758340859
|switch|p1a: Vileplume|Vileplume, M|100/100
|move|p2a: Keldeo|Surf|p1a: Vileplume
|-resisted|p1a: Vileplume
|-damage|p1a: Vileplume|66/100
|
|upkeep
|turn|5
|
|t:|1758340862
|switch|p2a: Tyranitar|Tyranitar, F|100/100
|-weather|Sandstorm|[from] ability: Sand Stream|[of] p2a: Tyranitar
|move|p1a: Vileplume|Strength Sap|p2a: Tyranitar
|-unboost|p2a: Tyranitar|atk|1
|-heal|p1a: Vileplume|100/100
|
|-weather|Sandstorm|[upkeep]
|-damage|p1a: Vileplume|94/100|[from] Sandstorm
|upkeep
|turn|6
|
|t:|1758340867
|move|p2a: Tyranitar|Ice Punch|p1a: Vileplume
|-supereffective|p1a: Vileplume
|-damage|p1a: Vileplume|45/100
|-damage|p2a: Tyranitar|84/100|[from] item: Rocky Helmet|[of] p1a: Vileplume
|move|p1a: Vileplume|Giga Drain|p2a: Tyranitar
|-supereffective|p2a: Tyranitar
|-damage|p2a: Tyranitar|47/100
|-heal|p1a: Vileplume|63/100|[from] drain|[of] p2a: Tyranitar
|
|-weather|Sandstorm|[upkeep]
|-damage|p1a: Vileplume|57/100|[from] Sandstorm
|upkeep
|turn|7
|
|t:|1758340872
|switch|p2a: Tornadus|Tornadus-Therian, M|89/100 par
|move|p1a: Vileplume|Strength Sap|p2a: Tornadus
|-unboost|p2a: Tornadus|atk|1
|-heal|p1a: Vileplume|100/100
|
|-weather|Sandstorm|[upkeep]
|-damage|p2a: Tornadus|82/100 par|[from] Sandstorm
|-damage|p1a: Vileplume|94/100|[from] Sandstorm
|upkeep
|turn|8
|
|t:|1758340887
|switch|p1a: Vaporeon|Vaporeon, M|100/100
|move|p2a: Tornadus|U-turn|p1a: Vaporeon
|-damage|p1a: Vaporeon|89/100
|
|t:|1758340892
|switch|p2a: Hydrapple|Hydrapple, M|100/100|[from] U-turn
|
|-weather|Sandstorm|[upkeep]
|-damage|p1a: Vaporeon|83/100|[from] Sandstorm
|-damage|p2a: Hydrapple|94/100|[from] Sandstorm
|-heal|p1a: Vaporeon|89/100|[from] item: Leftovers
|upkeep
|turn|9
|
|t:|1758340901
|switch|p1a: Gengar|Gengar, F|100/100
|move|p2a: Hydrapple|Giga Drain|p1a: Gengar
|-resisted|p1a: Gengar
|-damage|p1a: Gengar|75/100
|-heal|p2a: Hydrapple|100/100|[from] drain|[of] p1a: Gengar
|
|-weather|none
|upkeep
|turn|10
|
|t:|1758340905
|move|p1a: Gengar|Trick|p2a: Hydrapple
|-activate|p1a: Gengar|move: Trick|[of] p2a: Hydrapple
|-item|p2a: Hydrapple|Choice Specs|[from] move: Trick
|-item|p1a: Gengar|Rocky Helmet|[from] move: Trick
|move|p2a: Hydrapple|Earth Power|p1a: Gengar
|-supereffective|p1a: Gengar
|-damage|p1a: Gengar|0 fnt
|faint|p1a: Gengar
|
|upkeep
|
|t:|1758340920
|switch|p1a: Snorlax|Snorlax, M|62/100
|turn|11
|
|t:|1758340928
|switch|p2a: Keldeo|Keldeo-Resolute|100/100
|move|p1a: Snorlax|Body Slam|p2a: Keldeo
|-damage|p2a: Keldeo|51/100
|
|upkeep
|turn|12
|
|t:|1758340934
|switch|p1a: Vileplume|Vileplume, M|94/100
|move|p2a: Keldeo|Secret Sword|p1a: Vileplume
|-resisted|p1a: Vileplume
|-damage|p1a: Vileplume|69/100
|
|upkeep
|turn|13
|
|t:|1758340938
|switch|p2a: Tornadus|Tornadus-Therian, M|100/100 par
|move|p1a: Vileplume|Strength Sap|p2a: Tornadus
|-unboost|p2a: Tornadus|atk|1
|-heal|p1a: Vileplume|100/100
|
|upkeep
|turn|14
|
|t:|1758340946
|move|p2a: Tornadus|U-turn|p1a: Vileplume
|-damage|p1a: Vileplume|93/100
|-damage|p2a: Tornadus|84/100 par|[from] item: Rocky Helmet|[of] p1a: Vileplume
|
|t:|1758340952
|switch|p2a: Tyranitar|Tyranitar, F|47/100|[from] U-turn
|-weather|Sandstorm|[from] ability: Sand Stream|[of] p2a: Tyranitar
|move|p1a: Vileplume|Leech Seed|p2a: Tyranitar
|-start|p2a: Tyranitar|move: Leech Seed
|
|-weather|Sandstorm|[upkeep]
|-damage|p1a: Vileplume|87/100|[from] Sandstorm
|-damage|p2a: Tyranitar|35/100|[from] Leech Seed|[of] p1a: Vileplume
|-heal|p1a: Vileplume|99/100|[silent]
|upkeep
|turn|15
|
|t:|1758340957
|switch|p2a: Tornadus|Tornadus-Therian, M|100/100 par
|move|p1a: Vileplume|Strength Sap|p2a: Tornadus
|-unboost|p2a: Tornadus|atk|1
|-heal|p1a: Vileplume|100/100
|
|-weather|Sandstorm|[upkeep]
|-damage|p2a: Tornadus|94/100 par|[from] Sandstorm
|-damage|p1a: Vileplume|94/100|[from] Sandstorm
|upkeep
|turn|16
|
|t:|1758340966
|switch|p1a: Vaporeon|Vaporeon, M|89/100
|cant|p2a: Tornadus|par
|
|-weather|Sandstorm|[upkeep]
|-damage|p2a: Tornadus|88/100 par|[from] Sandstorm
|-damage|p1a: Vaporeon|83/100|[from] Sandstorm
|-heal|p1a: Vaporeon|89/100|[from] item: Leftovers
|upkeep
|turn|17
|
|t:|1758340972
|move|p2a: Tornadus|U-turn|p1a: Vaporeon
|-damage|p1a: Vaporeon|79/100
|
|t:|1758340975
|switch|p2a: Hydrapple|Hydrapple, M|100/100|[from] U-turn
|move|p1a: Vaporeon|Wish|p1a: Vaporeon
|
|-weather|Sandstorm|[upkeep]
|-damage|p1a: Vaporeon|72/100|[from] Sandstorm
|-damage|p2a: Hydrapple|94/100|[from] Sandstorm
|-heal|p1a: Vaporeon|79/100|[from] item: Leftovers
|upkeep
|turn|18
|
|t:|1758340980
|move|p1a: Vaporeon|Protect|p1a: Vaporeon
|-singleturn|p1a: Vaporeon|Protect
|move|p2a: Hydrapple|Fickle Beam|p1a: Vaporeon
|-activate|p1a: Vaporeon|move: Protect
|
|-weather|none
|-heal|p1a: Vaporeon|100/100|[from] move: Wish|[wisher] Vaporeon
|upkeep
|turn|19
|
|t:|1758340986
|move|p1a: Vaporeon|Scald|p2a: Hydrapple
|-resisted|p2a: Hydrapple
|-damage|p2a: Hydrapple|87/100
|-status|p2a: Hydrapple|brn
|move|p2a: Hydrapple|Fickle Beam|p1a: Vaporeon
|-damage|p1a: Vaporeon|73/100
|
|-heal|p1a: Vaporeon|79/100|[from] item: Leftovers
|-damage|p2a: Hydrapple|81/100 brn|[from] brn
|upkeep
|turn|20
|
|t:|1758340989
|move|p1a: Vaporeon|Scald|p2a: Hydrapple
|-resisted|p2a: Hydrapple
|-damage|p2a: Hydrapple|73/100 brn
|move|p2a: Hydrapple|Fickle Beam|p1a: Vaporeon
|-damage|p1a: Vaporeon|54/100
|
|-heal|p1a: Vaporeon|60/100|[from] item: Leftovers
|-damage|p2a: Hydrapple|67/100 brn|[from] brn
|upkeep
|turn|21
|
|t:|1758340991
|move|p1a: Vaporeon|Wish|p1a: Vaporeon
|move|p2a: Hydrapple|Fickle Beam|p1a: Vaporeon|[anim] Fickle Beam All Out
|-activate|p2a: Hydrapple|move: Fickle Beam
|-damage|p1a: Vaporeon|5/100
|
|-heal|p1a: Vaporeon|11/100|[from] item: Leftovers
|-damage|p2a: Hydrapple|61/100 brn|[from] brn
|upkeep
|turn|22
|
|t:|1758340995
|switch|p2a: Tyranitar|Tyranitar, F|35/100
|-weather|Sandstorm|[from] ability: Sand Stream|[of] p2a: Tyranitar
|move|p1a: Vaporeon|Protect||[still]
|-fail|p1a: Vaporeon
|
|-weather|Sandstorm|[upkeep]
|-damage|p1a: Vaporeon|5/100|[from] Sandstorm
|-heal|p1a: Vaporeon|55/100|[from] move: Wish|[wisher] Vaporeon
|-heal|p1a: Vaporeon|61/100|[from] item: Leftovers
|upkeep
|turn|23
|
|t:|1758340998
|switch|p1a: Vileplume|Vileplume, M|94/100
|move|p2a: Tyranitar|Knock Off|p1a: Vileplume
|-damage|p1a: Vileplume|31/100
|-damage|p2a: Tyranitar|18/100|[from] item: Rocky Helmet|[of] p1a: Vileplume
|-enditem|p1a: Vileplume|Rocky Helmet|[from] move: Knock Off|[of] p2a: Tyranitar
|
|-weather|Sandstorm|[upkeep]
|-damage|p1a: Vileplume|25/100|[from] Sandstorm
|upkeep
|turn|24
|
|t:|1758341003
|move|p2a: Tyranitar|Knock Off|p1a: Vileplume
|-damage|p1a: Vileplume|0 fnt
|faint|p1a: Vileplume
|
|-weather|Sandstorm|[upkeep]
|upkeep
|
|t:|1758341008
|switch|p1a: Moltres|Moltres|100/100
|turn|25
|
|t:|1758341011
|switch|p2a: Tornadus|Tornadus-Therian, M|100/100 par
|move|p1a: Moltres|U-turn|p2a: Tornadus
|-resisted|p2a: Tornadus
|-damage|p2a: Tornadus|93/100 par
|
|t:|1758341013
|switch|p1a: Vaporeon|Vaporeon, M|61/100|[from] U-turn
|
|-weather|Sandstorm|[upkeep]
|-damage|p2a: Tornadus|87/100 par|[from] Sandstorm
|-damage|p1a: Vaporeon|55/100|[from] Sandstorm
|-heal|p1a: Vaporeon|61/100|[from] item: Leftovers
|upkeep
|turn|26
|
|t:|1758341016
|cant|p2a: Tornadus|par
|move|p1a: Vaporeon|Scald|p2a: Tornadus
|-damage|p2a: Tornadus|57/100 par
|
|-weather|none
|-heal|p1a: Vaporeon|68/100|[from] item: Leftovers
|upkeep
|turn|27
|
|t:|1758341022
|move|p1a: Vaporeon|Protect|p1a: Vaporeon
|-singleturn|p1a: Vaporeon|Protect
|cant|p2a: Tornadus|par
|
|-heal|p1a: Vaporeon|74/100|[from] item: Leftovers
|upkeep
|turn|28
|
|t:|1758341025
|move|p2a: Tornadus|Taunt|p1a: Vaporeon
|-start|p1a: Vaporeon|move: Taunt
|cant|p1a: Vaporeon|move: Taunt|Wish
|
|-heal|p1a: Vaporeon|80/100|[from] item: Leftovers
|upkeep
|turn|29
|
|t:|1758341027
|move|p2a: Tornadus|U-turn|p1a: Vaporeon
|-damage|p1a: Vaporeon|63/100
|
|t:|1758341029
|switch|p2a: Hydrapple|Hydrapple, M|94/100 brn|[from] U-turn
|move|p1a: Vaporeon|Scald|p2a: Hydrapple
|-resisted|p2a: Hydrapple
|-damage|p2a: Hydrapple|86/100 brn
|
|-heal|p1a: Vaporeon|69/100|[from] item: Leftovers
|-damage|p2a: Hydrapple|80/100 brn|[from] brn
|upkeep
|turn|30
|
|t:|1758341034
|move|p1a: Vaporeon|Scald|p2a: Hydrapple
|-resisted|p2a: Hydrapple
|-damage|p2a: Hydrapple|73/100 brn
|move|p2a: Hydrapple|Giga Drain|p1a: Vaporeon
|-supereffective|p1a: Vaporeon
|-damage|p1a: Vaporeon|17/100
|-heal|p2a: Hydrapple|100/100 brn|[from] drain|[of] p1a: Vaporeon
|
|-heal|p1a: Vaporeon|24/100|[from] item: Leftovers
|-damage|p2a: Hydrapple|94/100 brn|[from] brn
|-end|p1a: Vaporeon|move: Taunt
|upkeep
|turn|31
|
|t:|1758341044
|switch|p2a: Keldeo|Keldeo-Resolute|51/100
|move|p1a: Vaporeon|Protect||[still]
|-fail|p1a: Vaporeon
|
|-heal|p1a: Vaporeon|30/100|[from] item: Leftovers
|upkeep
|turn|32
|
|t:|1758341049
|move|p2a: Keldeo|Secret Sword|p1a: Vaporeon
|-damage|p1a: Vaporeon|0 fnt
|faint|p1a: Vaporeon
|
|upkeep
|
|t:|1758341054
|switch|p1a: Pikachu|Pikachu, F|100/100
|turn|33
|
|t:|1758341065
|switch|p2a: Hydrapple|Hydrapple, M|100/100 brn
|move|p1a: Pikachu|Surf|p2a: Hydrapple
|-resisted|p2a: Hydrapple
|-damage|p2a: Hydrapple|96/100 brn
|
|-damage|p2a: Hydrapple|90/100 brn|[from] brn
|upkeep
|turn|34
|
|t:|1758341071
|move|p1a: Pikachu|Volt Tackle|p2a: Hydrapple
|-resisted|p2a: Hydrapple
|-damage|p2a: Hydrapple|78/100 brn
|-damage|p1a: Pikachu|93/100|[from] Recoil
|move|p2a: Hydrapple|Fickle Beam|p1a: Pikachu|[anim] Fickle Beam All Out
|-activate|p2a: Hydrapple|move: Fickle Beam
|-damage|p1a: Pikachu|0 fnt
|faint|p1a: Pikachu
|
|-damage|p2a: Hydrapple|72/100 brn|[from] brn
|upkeep
|-message|Trumpismessiah forfeited.
|
|win|Trevoro
|raw|Trumpismessiah's rating: 1518 &rarr; <strong>1502</strong><br />(-16 for losing)
|raw|Trevoro's rating: 1583 &rarr; <strong>1599</strong><br />(+16 for winning)
|l|☆Trumpismessiah
|player|p1|
|l|☆Trevoro
|player|p2|
