|j|☆Woodelfdragonborn
|j|☆greynolabar
|t:|1758258279
|gametype|singles
|player|p1|Woodelfdragonborn|steven|1194
|player|p2|greynolabar|169|1157
|gen|9
|tier|[Gen 9] OU
|rated|
|rule|HP Percentage Mod: HP is shown in percentages
|rule|Endless Battle Clause: Forcing endless battles is banned
|rule|Species Clause: Limit one of each Pokémon
|rule|OHKO Clause: OHKO moves are banned
|rule|Evasion Items Clause: Evasion items are banned
|rule|Evasion Moves Clause: Evasion moves are banned
|rule|Evasion Abilities Clause: Evasion abilities are banned
|rule|Sleep Moves Clause: Sleep-inducing moves are banned
|clearpoke
|poke|p1|Deoxys-Speed|
|poke|p1|Dragapult, M|
|poke|p1|Weavile, M|
|poke|p1|Glimmora, M|
|poke|p1|Blaziken, F|
|poke|p1|Primarina, F|
|poke|p2|Umbreon, M|
|poke|p2|Meganium, F|
|poke|p2|Rhyperior, M|
|poke|p2|Kingambit, M|
|poke|p2|Skeledirge, M|
|poke|p2|Primarina, F|
|teampreview
|inactive|Battle timer is ON: inactive players will automatically lose when time's up. (requested by greynolabar)
|
|t:|1758258284
|teamsize|p1|6
|teamsize|p2|6
|start
|switch|p1a: Glimmora|Glimmora, M|100/100
|switch|p2a: Primarina|Primarina, F|100/100
|turn|1
|
|t:|1758258294
|switch|p2a: First-Ever Card|Rhyperior, M|100/100
|move|p1a: Glimmora|Stealth Rock|p2a: First-Ever Card
|-sidestart|p2: greynolabar|move: Stealth Rock
|
|upkeep
|turn|2
|
|t:|1758258305
|move|p1a: Glimmora|Earth Power|p2a: First-Ever Card
|-supereffective|p2a: First-Ever Card
|-damage|p2a: First-Ever Card|54/100
|move|p2a: First-Ever Card|Iron Defense|p2a: First-Ever Card
|-boost|p2a: First-Ever Card|def|2
|
|upkeep
|turn|3
|
|t:|1758258322
|switch|p2a: Primarina|Primarina, F|100/100
|-damage|p2a: Primarina|88/100|[from] Stealth Rock
|move|p1a: Glimmora|Earth Power|p2a: Primarina
|-damage|p2a: Primarina|59/100
|
|upkeep
|turn|4
|
|t:|1758258336
|switch|p1a: Primarina|Primarina, F|100/100
|move|p2a: Primarina|Hydro Pump|p1a: Primarina
|-resisted|p1a: Primarina
|-damage|p1a: Primarina|78/100
|
|upkeep
|turn|5
|
|t:|1758258343
|move|p1a: Primarina|Flip Turn|p2a: Primarina
|-resisted|p2a: Primarina
|-damage|p2a: Primarina|50/100
|
|t:|1758258352
|switch|p1a: Deoxys|Deoxys-Speed|100/100|[from] Flip Turn
|-ability|p1a: Deoxys|Pressure
|move|p2a: Primarina|Energy Ball|p1a: Deoxys
|-damage|p1a: Deoxys|39/100
|
|upkeep
|turn|6
|
|t:|1758258359
|move|p1a: Deoxys|Psycho Boost|p2a: Primarina
|-damage|p2a: Primarina|0 fnt
|-unboost|p1a: Deoxys|spa|2
|faint|p2a: Primarina
|
|upkeep
|
|t:|1758258367
|switch|p2a: First-Ever Starter|Meganium, F|100/100
|-damage|p2a: First-Ever Starter|88/100|[from] Stealth Rock
|turn|7
|
|t:|1758258374
|switch|p1a: Glimmora|Glimmora, M|100/100
|move|p2a: First-Ever Starter|Light Screen|p2a: First-Ever Starter
|-sidestart|p2: greynolabar|move: Light Screen
|
|upkeep
|turn|8
|
|t:|1758258381
|move|p1a: Glimmora|Power Gem|p2a: First-Ever Starter
|-damage|p2a: First-Ever Starter|69/100
|move|p2a: First-Ever Starter|Leech Seed|p1a: Glimmora
|-start|p1a: Glimmora|move: Leech Seed
|
|-damage|p1a: Glimmora|88/100|[from] Leech Seed|[of] p2a: First-Ever Starter
|-heal|p2a: First-Ever Starter|81/100|[silent]
|upkeep
|turn|9
|
|t:|1758258387
|switch|p1a: Blaziken|Blaziken, F, shiny|100/100
|move|p2a: First-Ever Starter|Reflect|p2a: First-Ever Starter
|-sidestart|p2: greynolabar|Reflect
|
|upkeep
|turn|10
|
|t:|1758258393
|move|p1a: Blaziken|Swords Dance|p1a: Blaziken
|-boost|p1a: Blaziken|atk|2
|move|p2a: First-Ever Starter|Dragon Tail|p1a: Blaziken
|-damage|p1a: Blaziken|85/100
|drag|p1a: Glimmora|Glimmora, M|88/100
|
|upkeep
|turn|11
|
|t:|1758258400
|switch|p1a: Blaziken|Blaziken, F, shiny|85/100
|move|p2a: First-Ever Starter|Leech Seed|p1a: Blaziken
|-start|p1a: Blaziken|move: Leech Seed
|
|-damage|p1a: Blaziken|73/100|[from] Leech Seed|[of] p2a: First-Ever Starter
|-heal|p2a: First-Ever Starter|94/100|[silent]
|upkeep
|turn|12
|
|t:|1758258410
|switch|p2a: All-Time Favorite|Umbreon, M|100/100
|-damage|p2a: All-Time Favorite|88/100|[from] Stealth Rock
|move|p1a: Blaziken|Flare Blitz|p2a: All-Time Favorite
|-damage|p2a: All-Time Favorite|57/100
|-damage|p1a: Blaziken|61/100|[from] Recoil
|-damage|p1a: Blaziken|51/100|[from] item: Life Orb
|
|-heal|p2a: All-Time Favorite|63/100|[from] item: Leftovers
|-damage|p1a: Blaziken|38/100|[from] Leech Seed|[of] p2a: All-Time Favorite
|-heal|p2a: All-Time Favorite|74/100|[silent]
|-ability|p1a: Blaziken|Speed Boost|boost
|-boost|p1a: Blaziken|spe|1
|upkeep
|turn|13
|
|t:|1758258427
|switch|p1a: Primarina|Primarina, F|78/100
|move|p2a: All-Time Favorite|Toxic|p1a: Primarina
|-status|p1a: Primarina|tox
|
|-heal|p2a: All-Time Favorite|80/100|[from] item: Leftovers
|-damage|p1a: Primarina|72/100 tox|[from] psn
|upkeep
|turn|14
|
|t:|1758258437
|switch|p1a: Glimmora|Glimmora, M|88/100
|move|p2a: All-Time Favorite|Protect||[still]
|-fail|p2a: All-Time Favorite
|
|-heal|p2a: All-Time Favorite|86/100|[from] item: Leftovers
|-sideend|p2: greynolabar|move: Light Screen
|upkeep
|turn|15
|
|t:|1758258447
|move|p1a: Glimmora|Power Gem|p2a: All-Time Favorite
|-crit|p2a: All-Time Favorite
|-damage|p2a: All-Time Favorite|49/100
|move|p2a: All-Time Favorite|Foul Play|p1a: Glimmora
|-damage|p1a: Glimmora|65/100
|-activate|p1a: Glimmora|ability: Toxic Debris
|-sidestart|p2: greynolabar|move: Toxic Spikes
|
|-heal|p2a: All-Time Favorite|55/100|[from] item: Leftovers
|upkeep
|turn|16
|
|t:|1758258456
|move|p1a: Glimmora|Power Gem|p2a: All-Time Favorite
|-damage|p2a: All-Time Favorite|29/100
|move|p2a: All-Time Favorite|Wish|p2a: All-Time Favorite
|
|-heal|p2a: All-Time Favorite|35/100|[from] item: Leftovers
|-sideend|p2: greynolabar|Reflect
|upkeep
|turn|17
|
|t:|1758258466
|switch|p2a: First-Ever Starter|Meganium, F|94/100
|-damage|p2a: First-Ever Starter|81/100|[from] Stealth Rock
|-status|p2a: First-Ever Starter|psn
|move|p1a: Glimmora|Power Gem|p2a: First-Ever Starter
|-damage|p2a: First-Ever Starter|43/100 psn
|
|-heal|p2a: First-Ever Starter|100/100 psn|[from] move: Wish|[wisher] All-Time Favorite
|-damage|p2a: First-Ever Starter|88/100 psn|[from] psn
|upkeep
|turn|18
|
|t:|1758258479
|switch|p1a: Dragapult|Dragapult, M|100/100
|move|p2a: First-Ever Starter|Light Screen|p2a: First-Ever Starter
|-sidestart|p2: greynolabar|move: Light Screen
|
|-damage|p2a: First-Ever Starter|76/100 psn|[from] psn
|upkeep
|turn|19
|
|t:|1758258490
|move|p1a: Dragapult|U-turn|p2a: First-Ever Starter
|-supereffective|p2a: First-Ever Starter
|-damage|p2a: First-Ever Starter|49/100 psn
|
|t:|1758258495
|switch|p1a: Glimmora|Glimmora, M|65/100|[from] U-turn
|move|p2a: First-Ever Starter|Dragon Tail|p1a: Glimmora
|-damage|p1a: Glimmora|52/100
|-activate|p1a: Glimmora|ability: Toxic Debris
|-sidestart|p2: greynolabar|move: Toxic Spikes
|drag|p1a: Weavile|Weavile, M|100/100
|-ability|p1a: Weavile|Pressure
|
|-damage|p2a: First-Ever Starter|36/100 psn|[from] psn
|upkeep
|turn|20
|
|t:|1758258505
|move|p1a: Weavile|Knock Off|p2a: First-Ever Starter
|-damage|p2a: First-Ever Starter|0 fnt
|-enditem|p2a: First-Ever Starter|Light Clay|[from] move: Knock Off|[of] p1a: Weavile
|faint|p2a: First-Ever Starter
|
|upkeep
|
|t:|1758258513
|switch|p2a: First-Ever Card|Rhyperior, M|54/100
|-damage|p2a: First-Ever Card|48/100|[from] Stealth Rock
|-status|p2a: First-Ever Card|tox
|turn|21
|l|☆Woodelfdragonborn
|inactive|Woodelfdragonborn disconnected and has a minute to reconnect!
|player|p1|
|j|☆Woodelfdragonborn
|inactive|Woodelfdragonborn reconnected and has 140 seconds left.
|player|p1|Woodelfdragonborn|steven|
|
|t:|1758258528
|move|p1a: Weavile|Knock Off|p2a: First-Ever Card
|-damage|p2a: First-Ever Card|6/100 tox
|-damage|p1a: Weavile|84/100|[from] item: Rocky Helmet|[of] p2a: First-Ever Card
|-enditem|p2a: First-Ever Card|Rocky Helmet|[from] move: Knock Off|[of] p1a: Weavile
|move|p2a: First-Ever Card|Rest|p2a: First-Ever Card
|-status|p2a: First-Ever Card|slp|[from] move: Rest
|-heal|p2a: First-Ever Card|100/100 slp|[silent]
|
|upkeep
|turn|22
|
|t:|1758258537
|switch|p1a: Dragapult|Dragapult, M|100/100
|cant|p2a: First-Ever Card|slp
|move|p2a: First-Ever Card|Sleep Talk|p2a: First-Ever Card
|move|p2a: First-Ever Card|Substitute|p2a: First-Ever Card|[from] move: Sleep Talk
|-start|p2a: First-Ever Card|Substitute
|-damage|p2a: First-Ever Card|75/100 slp
|
|upkeep
|turn|23
|c|☆Woodelfdragonborn|What??
|c|☆Woodelfdragonborn|No attacks?
|inactive|greynolabar has 120 seconds left.
|c|☆greynolabar|he's a pacifist
|
|t:|1758258589
|switch|p2a: Kingambit|Kingambit, M|100/100
|-damage|p2a: Kingambit|94/100|[from] Stealth Rock
|move|p1a: Dragapult|Dragon Darts|p2a: Kingambit
|-resisted|p2a: Kingambit
|-damage|p2a: Kingambit|88/100
|-anim|p1a: Dragapult|Dragon Darts|p2a: Kingambit
|-resisted|p2a: Kingambit
|-damage|p2a: Kingambit|81/100
|
|upkeep
|turn|24
|
|t:|1758258604
|switch|p1a: Blaziken|Blaziken, F, shiny|38/100
|move|p2a: Kingambit|Swords Dance|p2a: Kingambit
|-boost|p2a: Kingambit|atk|2
|
|upkeep
|turn|25
|
|t:|1758258616
|-terastallize|p2a: Kingambit|Flying
|move|p1a: Blaziken|Flare Blitz|p2a: Kingambit
|-damage|p2a: Kingambit|16/100
|-damage|p1a: Blaziken|14/100|[from] Recoil
|-damage|p1a: Blaziken|4/100|[from] item: Life Orb
|move|p2a: Kingambit|Iron Head|p1a: Blaziken
|-resisted|p1a: Blaziken
|-crit|p1a: Blaziken
|-damage|p1a: Blaziken|0 fnt
|faint|p1a: Blaziken
|
|-sideend|p2: greynolabar|move: Light Screen
|upkeep
|
|t:|1758258625
|switch|p1a: Weavile|Weavile, M|84/100
|-ability|p1a: Weavile|Pressure
|turn|26
|
|t:|1758258634
|move|p1a: Weavile|Ice Shard|p2a: Kingambit
|-supereffective|p2a: Kingambit
|-damage|p2a: Kingambit|0 fnt
|faint|p2a: Kingambit
|
|upkeep
|
|t:|1758258638
|switch|p2a: Skeledirge|Skeledirge, M|100/100
|-damage|p2a: Skeledirge|76/100|[from] Stealth Rock
|-status|p2a: Skeledirge|tox
|turn|27
|inactive|greynolabar has 120 seconds left.
|c|☆Woodelfdragonborn|Ok but what do you do with it?
|c|☆Woodelfdragonborn|Toxic stall??
|
|t:|1758258663
|switch|p1a: Dragapult|Dragapult, M|100/100
|move|p2a: Skeledirge|Torch Song|p1a: Dragapult
|-resisted|p1a: Dragapult
|-damage|p1a: Dragapult|73/100
|-boost|p2a: Skeledirge|spa|1
|
|-heal|p2a: Skeledirge|82/100 tox|[from] item: Leftovers
|-damage|p2a: Skeledirge|76/100 tox|[from] psn
|upkeep
|turn|28
|inactive|greynolabar has 120 seconds left.
|c|☆greynolabar|Rocky helmet ?
|c|☆greynolabar|Idk
|c|☆greynolabar|I'm not good at this
|c|☆Woodelfdragonborn|Right
|c|☆greynolabar|You knocked it off
|inactive|greynolabar has 90 seconds left.
|
|t:|1758258708
|move|p1a: Dragapult|Hex|p2a: Skeledirge
|-supereffective|p2a: Skeledirge
|-damage|p2a: Skeledirge|0 fnt
|faint|p2a: Skeledirge
|
|upkeep
|c|☆Woodelfdragonborn|But what's the point of substitute then😂
|c|☆greynolabar|idk
|inactive|greynolabar has 60 seconds left.
|c|☆greynolabar|because he didn't have any attacks, I wanted to keep it that way
|c|☆greynolabar|make him peaceful
|
|t:|1758258767
|switch|p2a: First-Ever Card|Rhyperior, M|75/100 slp
|-damage|p2a: First-Ever Card|69/100 slp|[from] Stealth Rock
|turn|29
|
|t:|1758258770
|move|p1a: Dragapult|Hex|p2a: First-Ever Card
|-damage|p2a: First-Ever Card|11/100 slp
|cant|p2a: First-Ever Card|slp
|move|p2a: First-Ever Card|Sleep Talk|p2a: First-Ever Card
|move|p2a: First-Ever Card|Iron Defense|p2a: First-Ever Card|[from] move: Sleep Talk
|-boost|p2a: First-Ever Card|def|2
|
|upkeep
|turn|30
|c|☆greynolabar|he's doing alright
|
|t:|1758258794
|move|p1a: Dragapult|Hex|p2a: First-Ever Card
|-damage|p2a: First-Ever Card|0 fnt
|faint|p2a: First-Ever Card
|
|upkeep
|inactive|greynolabar has 30 seconds left.
|c|☆Woodelfdragonborn|He is
|
|t:|1758258810
|switch|p2a: All-Time Favorite|Umbreon, M|35/100
|-damage|p2a: All-Time Favorite|23/100|[from] Stealth Rock
|-status|p2a: All-Time Favorite|tox
|turn|31
|inactive|greynolabar has 30 seconds left.
|
|t:|1758258816
|move|p1a: Dragapult|Dragon Darts|p2a: All-Time Favorite
|-damage|p2a: All-Time Favorite|10/100 tox
|-anim|p1a: Dragapult|Dragon Darts|p2a: All-Time Favorite
|-damage|p2a: All-Time Favorite|0 fnt
|faint|p2a: All-Time Favorite
|
|win|Woodelfdragonborn
|raw|Woodelfdragonborn's rating: 1194 &rarr; <strong>1216</strong><br />(+22 for winning)
|raw|greynolabar's rating: 1157 &rarr; <strong>1135</strong><br />(-22 for losing)
|l|☆greynolabar
|player|p2|
