|j|☆Mingoto
|j|☆The Outclassies
|t:|1758317729
|gametype|singles
|player|p1|Mingoto|hilda|1161
|player|p2|The Outclassies|2|1243
|gen|9
|tier|[Gen 9] OU
|rated|
|rule|HP Percentage Mod: HP is shown in percentages
|rule|Endless Battle Clause: Forcing endless battles is banned
|rule|Species Clause: Limit one of each Pokémon
|rule|OHKO Clause: OHKO moves are banned
|rule|Evasion Items Clause: Evasion items are banned
|rule|Evasion Moves Clause: Evasion moves are banned
|rule|Evasion Abilities Clause: Evasion abilities are banned
|rule|Sleep Moves Clause: Sleep-inducing moves are banned
|clearpoke
|poke|p1|Luxray, F|
|poke|p1|Pachirisu, F|
|poke|p1|Rillaboom, M|
|poke|p1|Iron Moth|
|poke|p1|Slither Wing|
|poke|p1|Iron Treads|
|poke|p2|Glimmora, F|
|poke|p2|Ogerpon-Wellspring, F|
|poke|p2|Hatterene, F|
|poke|p2|Iron Moth|
|poke|p2|Dragonite, F|
|poke|p2|Kingambit, F|
|teampreview
|inactive|Battle timer is ON: inactive players will automatically lose when time's up. (requested by Mingoto)
|
|t:|1758317744
|teamsize|p1|6
|teamsize|p2|6
|start
|switch|p1a: Slither Wing|Slither Wing|100/100
|switch|p2a: Glimmora|Glimmora, F|100/100
|turn|1
|
|t:|1758317753
|move|p2a: Glimmora|Power Gem|p1a: Slither Wing
|-damage|p1a: Slither Wing|73/100
|move|p1a: Slither Wing|Earthquake|p2a: Glimmora
|-supereffective|p2a: Glimmora
|-enditem|p2a: Glimmora|Focus Sash
|-damage|p2a: Glimmora|1/100
|-activate|p2a: Glimmora|ability: Toxic Debris
|-sidestart|p1: Mingoto|move: Toxic Spikes
|
|upkeep
|turn|2
|
|t:|1758317762
|move|p2a: Glimmora|Stealth Rock|p1a: Slither Wing
|-sidestart|p1: Mingoto|move: Stealth Rock
|move|p1a: Slither Wing|Leech Life|p2a: Glimmora
|-resisted|p2a: Glimmora
|-damage|p2a: Glimmora|0 fnt
|-heal|p1a: Slither Wing|73/100|[from] drain|[of] p2a: Glimmora
|-activate|p2a: Glimmora|ability: Toxic Debris
|-sidestart|p1: Mingoto|move: Toxic Spikes
|faint|p2a: Glimmora
|
|upkeep
|
|t:|1758317779
|switch|p2a: Ogerpon|Ogerpon-Wellspring, F|100/100
|turn|3
|
|t:|1758317783
|move|p2a: Ogerpon|U-turn|p1a: Slither Wing
|-resisted|p1a: Slither Wing
|-damage|p1a: Slither Wing|58/100
|
|t:|1758317785
|switch|p2a: Dragonite|Dragonite, F|100/100|[from] U-turn
|move|p1a: Slither Wing|Leech Life|p2a: Dragonite
|-resisted|p2a: Dragonite
|-damage|p2a: Dragonite|87/100
|-heal|p1a: Slither Wing|65/100|[from] drain|[of] p2a: Dragonite
|
|upkeep
|turn|4
|
|t:|1758317800
|-end|p1a: Slither Wing|Protosynthesis|[silent]
|switch|p1a: Iron Moth|Iron Moth|100/100
|-sideend|p1: Mingoto|move: Toxic Spikes|[of] p1a: Iron Moth
|-damage|p1a: Iron Moth|76/100|[from] Stealth Rock
|-enditem|p1a: Iron Moth|Booster Energy
|-activate|p1a: Iron Moth|ability: Quark Drive|[fromitem]
|-start|p1a: Iron Moth|quarkdrivespa
|move|p2a: Dragonite|Dragon Dance|p2a: Dragonite
|-boost|p2a: Dragonite|atk|1
|-boost|p2a: Dragonite|spe|1
|
|upkeep
|turn|5
|
|t:|1758317815
|-terastallize|p2a: Dragonite|Ghost
|move|p2a: Dragonite|Dragon Dance|p2a: Dragonite
|-boost|p2a: Dragonite|atk|1
|-boost|p2a: Dragonite|spe|1
|move|p1a: Iron Moth|Sludge Wave|p2a: Dragonite
|-resisted|p2a: Dragonite
|-damage|p2a: Dragonite|51/100
|
|upkeep
|turn|6
|
|t:|1758317823
|move|p2a: Dragonite|Earthquake|p1a: Iron Moth
|-supereffective|p1a: Iron Moth
|-damage|p1a: Iron Moth|0 fnt
|faint|p1a: Iron Moth
|-end|p1a: Iron Moth|Quark Drive|[silent]
|
|upkeep
|
|t:|1758317831
|switch|p1a: Rillaboom|Rillaboom, M|100/100
|-damage|p1a: Rillaboom|88/100|[from] Stealth Rock
|-fieldstart|move: Grassy Terrain|[from] ability: Grassy Surge|[of] p1a: Rillaboom
|turn|7
|
|t:|1758317838
|move|p1a: Rillaboom|Grassy Glide|p2a: Dragonite
|-damage|p2a: Dragonite|3/100
|move|p2a: Dragonite|Ice Spinner|p1a: Rillaboom
|-supereffective|p1a: Rillaboom
|-damage|p1a: Rillaboom|0 fnt
|-fieldend|move: Grassy Terrain
|faint|p1a: Rillaboom
|
|upkeep
|
|t:|1758317857
|switch|p1a: Iron Treads|Iron Treads|100/100
|-damage|p1a: Iron Treads|97/100|[from] Stealth Rock
|turn|8
|
|t:|1758317866
|move|p2a: Dragonite|Earthquake|p1a: Iron Treads
|-supereffective|p1a: Iron Treads
|-damage|p1a: Iron Treads|0 fnt
|faint|p1a: Iron Treads
|-end|p1a: Iron Treads|Quark Drive|[silent]
|
|upkeep
|
|t:|1758317871
|switch|p1a: Pachirisu|Pachirisu, F|100/100
|-damage|p1a: Pachirisu|88/100|[from] Stealth Rock
|turn|9
|
|t:|1758317878
|move|p2a: Dragonite|Ice Spinner|p1a: Pachirisu
|-damage|p1a: Pachirisu|7/100
|move|p1a: Pachirisu|Nuzzle|p2a: Dragonite
|-damage|p2a: Dragonite|0 fnt
|faint|p2a: Dragonite
|
|upkeep
|
|t:|1758317888
|switch|p2a: Iron Moth|Iron Moth|100/100
|-enditem|p2a: Iron Moth|Booster Energy
|-activate|p2a: Iron Moth|ability: Quark Drive|[fromitem]
|-start|p2a: Iron Moth|quarkdrivespe
|turn|10
|
|t:|1758317895
|move|p2a: Iron Moth|Fiery Dance|p1a: Pachirisu
|-damage|p1a: Pachirisu|0 fnt
|faint|p1a: Pachirisu
|
|upkeep
|
|t:|1758317910
|switch|p1a: Slither Wing|Slither Wing|65/100
|-damage|p1a: Slither Wing|53/100|[from] Stealth Rock
|turn|11
|
|t:|1758317939
|move|p2a: Iron Moth|Fiery Dance|p1a: Slither Wing
|-supereffective|p1a: Slither Wing
|-damage|p1a: Slither Wing|3/100
|move|p1a: Slither Wing|Earthquake|p2a: Iron Moth
|-supereffective|p2a: Iron Moth
|-damage|p2a: Iron Moth|0 fnt
|faint|p2a: Iron Moth
|-end|p2a: Iron Moth|Quark Drive|[silent]
|
|upkeep
|
|t:|1758317945
|switch|p2a: Ogerpon|Ogerpon-Wellspring, F|100/100
|turn|12
|
|t:|1758317949
|move|p2a: Ogerpon|Knock Off|p1a: Slither Wing
|-resisted|p1a: Slither Wing
|-damage|p1a: Slither Wing|0 fnt
|-enditem|p1a: Slither Wing|Assault Vest|[from] move: Knock Off|[of] p2a: Ogerpon
|faint|p1a: Slither Wing
|-end|p1a: Slither Wing|Protosynthesis|[silent]
|
|upkeep
|
|t:|1758317955
|switch|p1a: Luxray|Luxray, F|100/100
|-damage|p1a: Luxray|88/100|[from] Stealth Rock
|-ability|p1a: Luxray|Intimidate|boost
|-unboost|p2a: Ogerpon|atk|1
|turn|13
|
|t:|1758317962
|move|p2a: Ogerpon|Ivy Cudgel|p1a: Luxray|[anim] Ivy Cudgel Water
|-damage|p1a: Luxray|43/100
|move|p1a: Luxray|Supercell Slam|p2a: Ogerpon
|-damage|p2a: Ogerpon|30/100
|
|upkeep
|turn|14
|
|t:|1758317970
|move|p2a: Ogerpon|Ivy Cudgel|p1a: Luxray|[anim] Ivy Cudgel Water
|-damage|p1a: Luxray|0 fnt
|faint|p1a: Luxray
|
|win|The Outclassies
|raw|Mingoto's rating: 1161 &rarr; <strong>1142</strong><br />(-19 for losing)
|raw|The Outclassies's rating: 1243 &rarr; <strong>1262</strong><br />(+19 for winning)
|l|☆Mingoto
|player|p1|
