|j|☆Chronos556
|j|☆IUseGimmickyShit
|t:|1758264171
|gametype|singles
|player|p1|Chronos556|veteran|1396
|player|p2|IUseGimmickyShit|harlequin|1381
|gen|9
|tier|[Gen 9] OU
|rated|
|rule|HP Percentage Mod: HP is shown in percentages
|rule|Endless Battle Clause: Forcing endless battles is banned
|rule|Species Clause: Limit one of each Pokémon
|rule|OHKO Clause: OHKO moves are banned
|rule|Evasion Items Clause: Evasion items are banned
|rule|Evasion Moves Clause: Evasion moves are banned
|rule|Evasion Abilities Clause: Evasion abilities are banned
|rule|Sleep Moves Clause: Sleep-inducing moves are banned
|clearpoke
|poke|p1|Raging Bolt|
|poke|p1|Ogerpon-Wellspring, F|
|poke|p1|Ting-Lu|
|poke|p1|Zamazenta-*|
|poke|p1|Iron Crown|
|poke|p1|Forretress, M|
|poke|p2|Krookodile, M|
|poke|p2|Kommo-o, M|
|poke|p2|Araquanid, M|
|poke|p2|Inteleon, M|
|poke|p2|Noivern, F|
|poke|p2|Muk-Alola, F|
|teampreview
|inactive|Battle timer is ON: inactive players will automatically lose when time's up. (requested by Chronos556)
|
|t:|1758264180
|teamsize|p1|6
|teamsize|p2|6
|start
|switch|p1a: Gerald|Raging Bolt|100/100
|switch|p2a: Saleos|Krookodile, M|100/100
|-ability|p2a: Saleos|Intimidate|boost
|-unboost|p1a: Gerald|atk|1
|turn|1
|
|t:|1758264195
|-end|p1a: Gerald|Protosynthesis|[silent]
|switch|p1a: Bonk|Ogerpon-Wellspring, F|100/100
|move|p2a: Saleos|Earthquake|p1a: Bonk
|-resisted|p1a: Bonk
|-damage|p1a: Bonk|65/100
|
|upkeep
|turn|2
|
|t:|1758264208
|switch|p2a: Bat|Noivern, F|100/100
|-item|p1a: Bonk|Wellspring Mask|[from] ability: Frisk|[of] p2a: Bat
|move|p1a: Bonk|U-turn|p2a: Bat
|-resisted|p2a: Bat
|-damage|p2a: Bat|79/100
|
|t:|1758264218
|switch|p1a: Ps5|Iron Crown|100/100|[from] U-turn
|
|upkeep
|turn|3
|
|t:|1758264222
|move|p1a: Ps5|Tachyon Cutter|p2a: Bat
|-damage|p2a: Bat|45/100
|-damage|p2a: Bat|12/100
|-hitcount|p2a: Bat|2
|move|p2a: Bat|Flamethrower|p1a: Ps5
|-supereffective|p1a: Ps5
|-damage|p1a: Ps5|37/100
|-damage|p2a: Bat|2/100|[from] item: Life Orb
|
|upkeep
|turn|4
|
|t:|1758264233
|switch|p2a: Sunshine|Muk-Alola, F|100/100
|move|p1a: Ps5|Tachyon Cutter|p2a: Sunshine
|-damage|p2a: Sunshine|85/100
|-damage|p2a: Sunshine|68/100
|-hitcount|p2a: Sunshine|2
|
|upkeep
|turn|5
|
|t:|1758264249
|-end|p1a: Ps5|Quark Drive|[silent]
|switch|p1a: Beef|Ting-Lu|100/100
|-ability|p1a: Beef|Vessel of Ruin
|move|p2a: Sunshine|Knock Off|p1a: Beef
|-resisted|p1a: Beef
|-damage|p1a: Beef|86/100
|-enditem|p1a: Beef|Leftovers|[from] move: Knock Off|[of] p2a: Sunshine
|
|upkeep
|turn|6
|
|t:|1758264259
|switch|p2a: Spoder|Araquanid, M, shiny|100/100
|move|p1a: Beef|Stealth Rock|p2a: Spoder
|-sidestart|p2: IUseGimmickyShit|move: Stealth Rock
|
|upkeep
|turn|7
|
|t:|1758264266
|switch|p1a: Wallnut|Forretress, M, shiny|100/100
|move|p2a: Spoder|Leech Life|p1a: Wallnut
|-resisted|p1a: Wallnut
|-damage|p1a: Wallnut|90/100
|
|-heal|p1a: Wallnut|96/100|[from] item: Leftovers
|upkeep
|turn|8
|
|t:|1758264274
|move|p1a: Wallnut|Thunder Wave|p2a: Spoder|[miss]
|-miss|p1a: Wallnut|p2a: Spoder
|move|p2a: Spoder|Chilling Water|p1a: Wallnut
|-damage|p1a: Wallnut|73/100
|-unboost|p1a: Wallnut|atk|1
|
|-heal|p1a: Wallnut|79/100|[from] item: Leftovers
|upkeep
|turn|9
|
|t:|1758264288
|switch|p2a: Saleos|Krookodile, M|100/100
|-damage|p2a: Saleos|94/100|[from] Stealth Rock
|-ability|p2a: Saleos|Intimidate|boost
|-unboost|p1a: Wallnut|atk|1
|move|p1a: Wallnut|Volt Switch|p2a: Saleos
|-immune|p2a: Saleos
|
|-heal|p2a: Saleos|100/100|[from] item: Leftovers
|-heal|p1a: Wallnut|85/100|[from] item: Leftovers
|upkeep
|turn|10
|
|t:|1758264299
|switch|p1a: Bonk|Ogerpon-Wellspring, F|65/100
|move|p2a: Saleos|Bulk Up|p2a: Saleos
|-boost|p2a: Saleos|atk|1
|-boost|p2a: Saleos|def|1
|
|upkeep
|turn|11
|
|t:|1758264308
|-terastallize|p2a: Saleos|Dragon
|move|p1a: Bonk|Wood Hammer|p2a: Saleos
|-resisted|p2a: Saleos
|-damage|p2a: Saleos|73/100
|-damage|p1a: Bonk|53/100|[from] Recoil
|move|p2a: Saleos|Bulk Up|p2a: Saleos
|-boost|p2a: Saleos|atk|1
|-boost|p2a: Saleos|def|1
|
|-heal|p2a: Saleos|79/100|[from] item: Leftovers
|upkeep
|turn|12
|
|t:|1758264321
|move|p1a: Bonk|U-turn|p2a: Saleos
|-damage|p2a: Saleos|64/100
|
|t:|1758264343
|switch|p1a: Wallnut|Forretress, M, shiny|85/100|[from] U-turn
|move|p2a: Saleos|Earthquake|p1a: Wallnut
|-damage|p1a: Wallnut|13/100
|
|-heal|p2a: Saleos|70/100|[from] item: Leftovers
|-heal|p1a: Wallnut|19/100|[from] item: Leftovers
|upkeep
|turn|13
|
|t:|1758264352
|move|p2a: Saleos|Earthquake|p1a: Wallnut
|-damage|p1a: Wallnut|0 fnt
|faint|p1a: Wallnut
|
|-heal|p2a: Saleos|76/100|[from] item: Leftovers
|upkeep
|
|t:|1758264358
|switch|p1a: Ps5|Iron Crown|37/100
|turn|14
|
|t:|1758264367
|move|p1a: Ps5|Steel Beam|p2a: Saleos
|-damage|p2a: Saleos|0 fnt
|-damage|p1a: Ps5|0 fnt|[from] steelbeam
|faint|p1a: Ps5
|-end|p1a: Ps5|Quark Drive|[silent]
|faint|p2a: Saleos
|
|upkeep
|
|t:|1758264375
|switch|p1a: Gerald|Raging Bolt|100/100
|switch|p2a: Bat|Noivern, F|2/100
|-damage|p2a: Bat|0 fnt|[from] Stealth Rock
|faint|p2a: Bat
|
|t:|1758264383
|switch|p2a: Sunshine|Muk-Alola, F|68/100
|-damage|p2a: Sunshine|56/100|[from] Stealth Rock
|turn|15
|
|t:|1758264394
|move|p1a: Gerald|Draco Meteor|p2a: Sunshine
|-damage|p2a: Sunshine|9/100
|-unboost|p1a: Gerald|spa|2
|move|p2a: Sunshine|Ice Punch|p1a: Gerald
|-supereffective|p1a: Gerald
|-damage|p1a: Gerald|59/100
|-status|p1a: Gerald|frz
|
|-heal|p1a: Gerald|65/100 frz|[from] item: Leftovers
|upkeep
|turn|16
|
|t:|1758264414
|-end|p1a: Gerald|Protosynthesis|[silent]
|switch|p1a: Shieldoge|Zamazenta|100/100
|-ability|p1a: Shieldoge|Dauntless Shield|boost
|-boost|p1a: Shieldoge|def|1
|switch|p2a: Lace|Kommo-o, M|100/100
|-damage|p2a: Lace|94/100|[from] Stealth Rock
|
|upkeep
|turn|17
|
|t:|1758264423
|switch|p2a: Sunshine|Muk-Alola, F|9/100
|-damage|p2a: Sunshine|0 fnt|[from] Stealth Rock
|faint|p2a: Sunshine
|move|p1a: Shieldoge|Iron Defense|p1a: Shieldoge
|-boost|p1a: Shieldoge|def|2
|
|upkeep
|-message|IUseGimmickyShit forfeited.
|
|win|Chronos556
|raw|Chronos556's rating: 1396 &rarr; <strong>1415</strong><br />(+19 for winning)
|raw|IUseGimmickyShit's rating: 1381 &rarr; <strong>1362</strong><br />(-19 for losing)
|l|☆IUseGimmickyShit
|player|p2|
|l|☆Chronos556
|player|p1|
