|badge|p1|bronze|gen9ou|100-6
|uhtml|medal-msg|<div class="broadcast-blue">Curious what those medals under the avatar are? PS now has Ladder Seasons! For more information, check out the <a href="https://www.smogon.com/forums/threads/3740067/">thread on Smogon.</a></div>
|j|☆eros maniac
|j|☆rydennn
|t:|1758362245
|gametype|singles
|player|p1|eros maniac|101|1838
|player|p2|rydennn|pokemaniac|1709
|gen|9
|tier|[Gen 9] OU
|rated|
|rule|HP Percentage Mod: HP is shown in percentages
|rule|Endless Battle Clause: Forcing endless battles is banned
|rule|Species Clause: Limit one of each Pokémon
|rule|OHKO Clause: OHKO moves are banned
|rule|Evasion Items Clause: Evasion items are banned
|rule|Evasion Moves Clause: Evasion moves are banned
|rule|Evasion Abilities Clause: Evasion abilities are banned
|rule|Sleep Moves Clause: Sleep-inducing moves are banned
|clearpoke
|poke|p1|Frosmoth, F|
|poke|p1|Maushold-Four|
|poke|p1|Mamoswine, M|
|poke|p1|Sinistcha|
|poke|p1|Alomomola, M|
|poke|p1|Weezing-Galar, F|
|poke|p2|Glimmora, M|
|poke|p2|Gholdengo|
|poke|p2|Gliscor, F|
|poke|p2|Toxapex, F|
|poke|p2|Incineroar, F|
|poke|p2|Blaziken, F|
|teampreview
|inactive|Battle timer is ON: inactive players will automatically lose when time's up. (requested by eros maniac)
|
|t:|1758362257
|teamsize|p1|6
|teamsize|p2|6
|start
|switch|p1a: Mamoswine|Mamoswine, M|100/100
|switch|p2a: Gholdengo|Gholdengo|100/100
|-item|p2a: Gholdengo|Air Balloon
|turn|1
|
|t:|1758362268
|switch|p1a: Frosmoth|Frosmoth, F, shiny|100/100
|move|p2a: Gholdengo|Make It Rain|p1a: Frosmoth
|-supereffective|p1a: Frosmoth
|-damage|p1a: Frosmoth|56/100
|-unboost|p2a: Gholdengo|spa|1
|
|-heal|p1a: Frosmoth|62/100|[from] item: Leftovers
|upkeep
|turn|2
|
|t:|1758362278
|-terastallize|p1a: Frosmoth|Electric
|move|p2a: Gholdengo|Nasty Plot|p2a: Gholdengo
|-boost|p2a: Gholdengo|spa|2
|move|p1a: Frosmoth|Quiver Dance|p1a: Frosmoth
|-boost|p1a: Frosmoth|spa|1
|-boost|p1a: Frosmoth|spd|1
|-boost|p1a: Frosmoth|spe|1
|
|-heal|p1a: Frosmoth|68/100|[from] item: Leftovers
|upkeep
|turn|3
|
|t:|1758362289
|move|p1a: Frosmoth|Quiver Dance|p1a: Frosmoth
|-boost|p1a: Frosmoth|spa|1
|-boost|p1a: Frosmoth|spd|1
|-boost|p1a: Frosmoth|spe|1
|move|p2a: Gholdengo|Shadow Ball|p1a: Frosmoth
|-damage|p1a: Frosmoth|58/100
|
|-heal|p1a: Frosmoth|64/100|[from] item: Leftovers
|upkeep
|turn|4
|
|t:|1758362299
|switch|p2a: Toxapex|Toxapex, F|100/100
|move|p1a: Frosmoth|Substitute|p1a: Frosmoth
|-start|p1a: Frosmoth|Substitute
|-damage|p1a: Frosmoth|39/100
|
|-heal|p1a: Frosmoth|45/100|[from] item: Leftovers
|upkeep
|turn|5
|
|t:|1758362307
|move|p1a: Frosmoth|Tera Blast|p2a: Toxapex|[anim] Tera Blast Electric
|-supereffective|p2a: Toxapex
|-damage|p2a: Toxapex|9/100
|move|p2a: Toxapex|Haze|p2a: Toxapex
|-clearallboost
|
|-heal|p1a: Frosmoth|51/100|[from] item: Leftovers
|-heal|p2a: Toxapex|15/100|[from] item: Leftovers
|upkeep
|turn|6
|j| Zapdos135
|
|t:|1758362318
|switch|p2a: Glimmora|Glimmora, M|100/100
|move|p1a: Frosmoth|Quiver Dance|p1a: Frosmoth
|-boost|p1a: Frosmoth|spa|1
|-boost|p1a: Frosmoth|spd|1
|-boost|p1a: Frosmoth|spe|1
|
|-heal|p1a: Frosmoth|57/100|[from] item: Leftovers
|upkeep
|turn|7
|l| Zapdos135
|
|t:|1758362328
|move|p2a: Glimmora|Earth Power|p1a: Frosmoth
|-supereffective|p1a: Frosmoth
|-activate|p1a: Frosmoth|move: Substitute|[damage]
|move|p1a: Frosmoth|Quiver Dance|p1a: Frosmoth
|-boost|p1a: Frosmoth|spa|1
|-boost|p1a: Frosmoth|spd|1
|-boost|p1a: Frosmoth|spe|1
|
|-heal|p1a: Frosmoth|63/100|[from] item: Leftovers
|upkeep
|turn|8
|-message|rydennn forfeited.
|
|win|eros maniac
|raw|eros maniac's rating: 1838 &rarr; <strong>1851</strong><br />(+13 for winning)
|raw|rydennn's rating: 1709 &rarr; <strong>1696</strong><br />(-13 for losing)
|l|☆rydennn
|player|p2|
|l|☆eros maniac
|player|p1|
