|j|☆sunkyunko
|j|☆SomethingAnt
|t:|1758340947
|gametype|singles
|player|p1|sunkyunko|170|1276
|player|p2|SomethingAnt|n|1294
|gen|9
|tier|[Gen 9] OU
|rated|
|rule|HP Percentage Mod: HP is shown in percentages
|rule|Endless Battle Clause: Forcing endless battles is banned
|rule|Species Clause: Limit one of each Pokémon
|rule|OHKO Clause: OHKO moves are banned
|rule|Evasion Items Clause: Evasion items are banned
|rule|Evasion Moves Clause: Evasion moves are banned
|rule|Evasion Abilities Clause: Evasion abilities are banned
|rule|Sleep Moves Clause: Sleep-inducing moves are banned
|clearpoke
|poke|p1|Deoxys-Speed|
|poke|p1|Alomomola, F|
|poke|p1|Diancie|
|poke|p1|Meowscarada, M|
|poke|p1|Toxapex, F|
|poke|p1|Corviknight, F|
|poke|p2|Dragapult, F|
|poke|p2|Primarina, F|
|poke|p2|Iron Crown|
|poke|p2|Samurott-Hisui, F|
|poke|p2|Kingambit, F|
|poke|p2|Landorus-Therian, M|
|teampreview
|
|t:|1758340977
|teamsize|p1|6
|teamsize|p2|6
|start
|switch|p1a: Deoxys|Deoxys-Speed|100/100
|switch|p2a: Landorus|Landorus-Therian, M|100/100
|-ability|p1a: Deoxys|Pressure
|-ability|p2a: Landorus|Intimidate|boost
|-unboost|p1a: Deoxys|atk|1
|turn|1
|inactive|Battle timer is ON: inactive players will automatically lose when time's up. (requested by sunkyunko)
|
|t:|1758340984
|move|p1a: Deoxys|Ice Beam|p2a: Landorus
|-supereffective|p2a: Landorus
|-damage|p2a: Landorus|0 fnt
|faint|p2a: Landorus
|
|upkeep
|
|t:|1758341004
|switch|p2a: Kingambit|Kingambit, F|100/100
|-activate|p2a: Kingambit|ability: Supreme Overlord
|-start|p2a: Kingambit|fallen1|[silent]
|turn|2
|c|☆sunkyunko|get that outa here !
|
|t:|1758341017
|switch|p1a: Alomomola|Alomomola, F|100/100
|-end|p2a: Kingambit|fallen1|[silent]
|switch|p2a: Dragapult|Dragapult, F, shiny|100/100
|
|upkeep
|turn|3
|
|t:|1758341028
|move|p2a: Dragapult|U-turn|p1a: Alomomola
|-damage|p1a: Alomomola|78/100
|
|t:|1758341041
|switch|p2a: Primarina|Primarina, F|100/100|[from] U-turn
|move|p1a: Alomomola|Flip Turn|p2a: Primarina
|-resisted|p2a: Primarina
|-damage|p2a: Primarina|91/100
|
|t:|1758341049
|switch|p1a: Meowscarada|Meowscarada, M|100/100|[from] Flip Turn
|
|upkeep
|turn|4
|
|t:|1758341062
|switch|p2a: Kingambit|Kingambit, F|100/100
|-activate|p2a: Kingambit|ability: Supreme Overlord
|-start|p2a: Kingambit|fallen1|[silent]
|move|p1a: Meowscarada|Flower Trick|p2a: Kingambit
|-start|p1a: Meowscarada|typechange|Grass|[from] ability: Protean
|-resisted|p2a: Kingambit
|-crit|p2a: Kingambit
|-damage|p2a: Kingambit|82/100
|
|-heal|p2a: Kingambit|88/100|[from] item: Leftovers
|upkeep
|turn|5
|
|t:|1758341075
|switch|p1a: Alomomola|Alomomola, F|100/100
|move|p2a: Kingambit|Kowtow Cleave|p1a: Alomomola
|-damage|p1a: Alomomola|63/100
|
|-heal|p2a: Kingambit|94/100|[from] item: Leftovers
|upkeep
|turn|6
|
|t:|1758341087
|-end|p2a: Kingambit|fallen1|[silent]
|switch|p2a: Iron Crown|Iron Crown|100/100
|move|p1a: Alomomola|Flip Turn|p2a: Iron Crown
|-damage|p2a: Iron Crown|83/100
|
|t:|1758341092
|switch|p1a: Deoxys|Deoxys-Speed|100/100|[from] Flip Turn
|-ability|p1a: Deoxys|Pressure
|
|upkeep
|turn|7
|
|t:|1758341100
|-terastallize|p1a: Deoxys|Fire
|move|p1a: Deoxys|Tera Blast|p2a: Iron Crown|[anim] Tera Blast Fire
|-supereffective|p2a: Iron Crown
|-crit|p2a: Iron Crown
|-damage|p2a: Iron Crown|0 fnt
|faint|p2a: Iron Crown
|-end|p2a: Iron Crown|Quark Drive|[silent]
|
|upkeep
|
|t:|1758341118
|switch|p2a: Samurott|Samurott-Hisui, F|100/100
|turn|8
|
|t:|1758341128
|switch|p1a: Corviknight|Corviknight, F|100/100
|move|p2a: Samurott|Razor Shell|p1a: Corviknight
|-damage|p1a: Corviknight|70/100
|-damage|p2a: Samurott|84/100|[from] item: Rocky Helmet|[of] p1a: Corviknight
|
|upkeep
|turn|9
|
|t:|1758341139
|switch|p2a: Dragapult|Dragapult, F, shiny|100/100
|move|p1a: Corviknight|U-turn|p2a: Dragapult
|-resisted|p2a: Dragapult
|-damage|p2a: Dragapult|91/100
|
|t:|1758341149
|switch|p1a: Deoxys|Deoxys-Speed, tera:Fire|100/100|[from] U-turn
|-ability|p1a: Deoxys|Pressure
|
|upkeep
|turn|10
|
|t:|1758341179
|switch|p2a: Primarina|Primarina, F|91/100
|move|p1a: Deoxys|Psycho Boost|p2a: Primarina
|-damage|p2a: Primarina|18/100
|-unboost|p1a: Deoxys|spa|2
|
|upkeep
|turn|11
|
|t:|1758341186
|move|p1a: Deoxys|Psycho Boost|p2a: Primarina
|-damage|p2a: Primarina|0 fnt
|-unboost|p1a: Deoxys|spa|2
|faint|p2a: Primarina
|
|upkeep
|c|☆sunkyunko|called
|
|t:|1758341190
|switch|p2a: Dragapult|Dragapult, F, shiny|91/100
|turn|12
|c|☆sunkyunko|u gettin milly rocked ngl
|
|t:|1758341215
|switch|p1a: Corviknight|Corviknight, F|70/100
|move|p2a: Dragapult|Dragon Darts|p1a: Corviknight
|-resisted|p1a: Corviknight
|-crit|p1a: Corviknight
|-damage|p1a: Corviknight|54/100
|-anim|p2a: Dragapult|Dragon Darts|p1a: Corviknight
|-resisted|p1a: Corviknight
|-damage|p1a: Corviknight|43/100
|
|upkeep
|turn|13
|c|☆SomethingAnt|Lmao
|
|t:|1758341237
|move|p2a: Dragapult|Dragon Darts|p1a: Corviknight
|-resisted|p1a: Corviknight
|-damage|p1a: Corviknight|32/100
|-anim|p2a: Dragapult|Dragon Darts|p1a: Corviknight
|-resisted|p1a: Corviknight
|-damage|p1a: Corviknight|21/100
|move|p1a: Corviknight|Roost|p1a: Corviknight
|-heal|p1a: Corviknight|71/100
|-singleturn|p1a: Corviknight|move: Roost
|
|upkeep
|turn|14
|c|☆sunkyunko|got that gambit crutch in the back too
|c|☆sunkyunko|*yawn*
|inactive|SomethingAnt has 120 seconds left.
|
|t:|1758341256
|switch|p2a: Samurott|Samurott-Hisui, F|84/100
|move|p1a: Corviknight|U-turn|p2a: Samurott
|-supereffective|p2a: Samurott
|-damage|p2a: Samurott|46/100
|c|☆sunkyunko|called
|c|☆sunkyunko|lmao
|
|t:|1758341267
|switch|p1a: Meowscarada|Meowscarada, M|100/100|[from] U-turn
|
|upkeep
|turn|15
|c|☆SomethingAnt|What else was i supposed to do
|c|☆sunkyunko|lose
|inactive|SomethingAnt has 120 seconds left.
|c|☆sunkyunko|want me to kiss you before i f*** you next time
|inactive|SomethingAnt has 90 seconds left.
|c|☆sunkyunko|?
|
|t:|1758341319
|switch|p2a: Dragapult|Dragapult, F, shiny|91/100
|move|p1a: Meowscarada|U-turn|p2a: Dragapult
|-start|p1a: Meowscarada|typechange|Bug|[from] ability: Protean
|-resisted|p2a: Dragapult
|-damage|p2a: Dragapult|67/100
|
|t:|1758341331
|switch|p1a: Diancie|Diancie|100/100|[from] U-turn
|
|upkeep
|turn|16
|inactive|SomethingAnt has 90 seconds left.
|
|t:|1758341356
|-terastallize|p2a: Dragapult|Ghost
|move|p2a: Dragapult|Tera Blast|p1a: Diancie|[anim] Tera Blast Ghost
|-damage|p1a: Diancie|43/100
|move|p1a: Diancie|Diamond Storm|p2a: Dragapult
|-damage|p2a: Dragapult|12/100
|-boost|p1a: Diancie|def|2
|
|upkeep
|turn|17
|inactive|SomethingAnt has 60 seconds left.
|
|t:|1758341396
|move|p2a: Dragapult|Tera Blast|p1a: Diancie|[anim] Tera Blast Ghost
|-damage|p1a: Diancie|12/100
|move|p1a: Diancie|Draining Kiss|p2a: Dragapult
|-damage|p2a: Dragapult|0 fnt
|-heal|p1a: Diancie|21/100|[from] drain|[of] p2a: Dragapult
|faint|p2a: Dragapult
|
|upkeep
|
|t:|1758341401
|switch|p2a: Kingambit|Kingambit, F|94/100
|-activate|p2a: Kingambit|ability: Supreme Overlord
|-start|p2a: Kingambit|fallen4|[silent]
|turn|18
|inactive|SomethingAnt has 60 seconds left.
|
|t:|1758341422
|move|p2a: Kingambit|Kowtow Cleave|p1a: Diancie
|-resisted|p1a: Diancie
|-damage|p1a: Diancie|8/100
|move|p1a: Diancie|Body Press|p2a: Kingambit
|-supereffective|p2a: Kingambit
|-damage|p2a: Kingambit|0 fnt
|faint|p2a: Kingambit
|-end|p2a: Kingambit|fallen4|[silent]
|
|upkeep
|
|t:|1758341425
|switch|p2a: Samurott|Samurott-Hisui, F|46/100
|turn|19
|c|☆SomethingAnt|gg
|c|☆sunkyunko|shoulda iron head
|c|☆sunkyunko|gg
|inactive|SomethingAnt has 60 seconds left.
|-message|SomethingAnt forfeited.
|
|win|sunkyunko
|raw|sunkyunko's rating: 1276 &rarr; <strong>1302</strong><br />(+26 for winning)
|raw|SomethingAnt's rating: 1294 &rarr; <strong>1268</strong><br />(-26 for losing)
|c|☆sunkyunko|sorry for being mean i was kinda just tryna be funny
|l|☆SomethingAnt
|player|p2|
|l|☆sunkyunko
|player|p1|
