|j|☆9tongdage
|j|☆kulaanmey v.5
|t:|1758370028
|gametype|singles
|player|p1|9tongdage|bruno|1208
|player|p2|kulaanmey v.5|sage|1205
|gen|9
|tier|[Gen 9] OU
|rated|
|rule|HP Percentage Mod: HP is shown in percentages
|rule|Endless Battle Clause: Forcing endless battles is banned
|rule|Species Clause: Limit one of each Pokémon
|rule|OHKO Clause: OHKO moves are banned
|rule|Evasion Items Clause: Evasion items are banned
|rule|Evasion Moves Clause: Evasion moves are banned
|rule|Evasion Abilities Clause: Evasion abilities are banned
|rule|Sleep Moves Clause: Sleep-inducing moves are banned
|clearpoke
|poke|p1|Pelipper, M|
|poke|p1|Barraskewda, F|
|poke|p1|Overqwil, M|
|poke|p1|Raging Bolt|
|poke|p1|Landorus-Therian, M|
|poke|p1|Gholdengo|
|poke|p2|Ambipom, M|
|poke|p2|Golurk|
|poke|p2|Regidrago|
|poke|p2|Slowking-Galar, M|
|poke|p2|Ting-Lu|
|poke|p2|Blastoise, M|
|teampreview
|
|t:|1758370055
|teamsize|p1|6
|teamsize|p2|6
|start
|switch|p1a: Landorus|Landorus-Therian, M|100/100
|switch|p2a: Regidrago|Regidrago|100/100
|-ability|p1a: Landorus|Intimidate|boost
|-unboost|p2a: Regidrago|atk|1
|turn|1
|
|t:|1758370065
|move|p2a: Regidrago|Dragon Energy|p1a: Landorus
|-enditem|p1a: Landorus|Focus Sash
|-damage|p1a: Landorus|1/100
|move|p1a: Landorus|Stealth Rock|p2a: Regidrago
|-sidestart|p2: kulaanmey v.5|move: Stealth Rock
|
|upkeep
|turn|2
|
|t:|1758370073
|move|p2a: Regidrago|Dragon Energy|p1a: Landorus
|-damage|p1a: Landorus|0 fnt
|faint|p1a: Landorus
|
|upkeep
|
|t:|1758370106
|switch|p1a: Pelipper|Pelipper, M|100/100
|-weather|RainDance|[from] ability: Drizzle|[of] p1a: Pelipper
|turn|3
|
|t:|1758370112
|move|p2a: Regidrago|Dragon Energy|p1a: Pelipper
|-damage|p1a: Pelipper|0 fnt
|faint|p1a: Pelipper
|
|-weather|RainDance|[upkeep]
|upkeep
|
|t:|1758370118
|switch|p1a: Overqwil|Overqwil, M|100/100
|turn|4
|
|t:|1758370126
|move|p1a: Overqwil|Crunch|p2a: Regidrago
|-damage|p2a: Regidrago|36/100
|-damage|p1a: Overqwil|91/100|[from] item: Life Orb
|move|p2a: Regidrago|Dragon Energy|p1a: Overqwil
|-damage|p1a: Overqwil|37/100
|
|-weather|RainDance|[upkeep]
|upkeep
|turn|5
|
|t:|1758370142
|move|p1a: Overqwil|Poison Jab|p2a: Regidrago
|-damage|p2a: Regidrago|0 fnt
|faint|p2a: Regidrago
|-damage|p1a: Overqwil|27/100|[from] item: Life Orb
|
|-weather|RainDance|[upkeep]
|upkeep
|
|t:|1758370148
|switch|p2a: Ambipom|Ambipom, M|100/100
|-damage|p2a: Ambipom|88/100|[from] Stealth Rock
|turn|6
|
|t:|1758370157
|move|p2a: Ambipom|Fake Out|p1a: Overqwil
|-damage|p1a: Overqwil|0 fnt
|faint|p1a: Overqwil
|
|-weather|RainDance|[upkeep]
|upkeep
|
|t:|1758370163
|switch|p1a: Barraskewda|Barraskewda, F|100/100
|turn|7
|
|t:|1758370169
|switch|p2a: Slowking|Slowking-Galar, M|100/100
|move|p1a: Barraskewda|Liquidation|p2a: Slowking
|-damage|p2a: Slowking|29/100
|-damage|p1a: Barraskewda|91/100|[from] item: Life Orb
|
|-weather|RainDance|[upkeep]
|upkeep
|turn|8
|
|t:|1758370177
|move|p1a: Barraskewda|Liquidation|p2a: Slowking
|-damage|p2a: Slowking|0 fnt
|faint|p2a: Slowking
|-damage|p1a: Barraskewda|81/100|[from] item: Life Orb
|
|-weather|RainDance|[upkeep]
|upkeep
|
|t:|1758370179
|switch|p2a: Blastoise|Blastoise, M|100/100
|-damage|p2a: Blastoise|88/100|[from] Stealth Rock
|turn|9
|
|t:|1758370189
|move|p1a: Barraskewda|Liquidation|p2a: Blastoise
|-resisted|p2a: Blastoise
|-damage|p2a: Blastoise|49/100
|-damage|p1a: Barraskewda|64/100|[from] item: Rocky Helmet|[of] p2a: Blastoise
|-damage|p1a: Barraskewda|54/100|[from] item: Life Orb
|move|p2a: Blastoise|Rapid Spin|p1a: Barraskewda
|-damage|p1a: Barraskewda|41/100
|-boost|p2a: Blastoise|spe|1
|-sideend|p2: kulaanmey v.5|Stealth Rock|[from] move: Rapid Spin|[of] p2a: Blastoise
|
|-weather|RainDance|[upkeep]
|upkeep
|turn|10
|
|t:|1758370200
|move|p1a: Barraskewda|Close Combat|p2a: Blastoise
|-damage|p2a: Blastoise|0 fnt
|-unboost|p1a: Barraskewda|def|1
|-unboost|p1a: Barraskewda|spd|1
|-damage|p1a: Barraskewda|24/100|[from] item: Rocky Helmet|[of] p2a: Blastoise
|faint|p2a: Blastoise
|-damage|p1a: Barraskewda|15/100|[from] item: Life Orb
|
|-weather|none
|upkeep
|
|t:|1758370205
|switch|p2a: Ambipom|Ambipom, M|88/100
|turn|11
|
|t:|1758370211
|switch|p1a: Gholdengo|Gholdengo|100/100
|move|p2a: Ambipom|Fake Out|p1a: Gholdengo
|-immune|p1a: Gholdengo
|
|upkeep
|turn|12
|
|t:|1758370223
|switch|p2a: Ting-Lu|Ting-Lu|100/100
|-ability|p2a: Ting-Lu|Vessel of Ruin
|move|p1a: Gholdengo|Make It Rain|p2a: Ting-Lu
|-damage|p2a: Ting-Lu|73/100
|-unboost|p1a: Gholdengo|spa|1
|
|-heal|p2a: Ting-Lu|80/100|[from] item: Leftovers
|upkeep
|turn|13
|
|t:|1758370235
|switch|p1a: Raging Bolt|Raging Bolt|100/100
|move|p2a: Ting-Lu|Earthquake|p1a: Raging Bolt
|-supereffective|p1a: Raging Bolt
|-damage|p1a: Raging Bolt|42/100
|
|-heal|p2a: Ting-Lu|86/100|[from] item: Leftovers
|upkeep
|turn|14
|
|t:|1758370244
|move|p1a: Raging Bolt|Draco Meteor|p2a: Ting-Lu
|-damage|p2a: Ting-Lu|53/100
|-unboost|p1a: Raging Bolt|spa|2
|move|p2a: Ting-Lu|Earthquake|p1a: Raging Bolt
|-supereffective|p1a: Raging Bolt
|-damage|p1a: Raging Bolt|0 fnt
|faint|p1a: Raging Bolt
|-end|p1a: Raging Bolt|Protosynthesis|[silent]
|
|-heal|p2a: Ting-Lu|59/100|[from] item: Leftovers
|upkeep
|
|t:|1758370253
|switch|p1a: Barraskewda|Barraskewda, F|15/100
|turn|15
|
|t:|1758370256
|switch|p2a: Golurk|Golurk|100/100
|move|p1a: Barraskewda|Liquidation|p2a: Golurk
|-supereffective|p2a: Golurk
|-damage|p2a: Golurk|0 fnt
|faint|p2a: Golurk
|-damage|p1a: Barraskewda|5/100|[from] item: Life Orb
|
|upkeep
|
|t:|1758370259
|switch|p2a: Ambipom|Ambipom, M|88/100
|turn|16
|
|t:|1758370266
|switch|p1a: Gholdengo|Gholdengo|100/100
|move|p2a: Ambipom|Knock Off|p1a: Gholdengo
|-supereffective|p1a: Gholdengo
|-damage|p1a: Gholdengo|33/100
|-enditem|p1a: Gholdengo|Choice Scarf|[from] move: Knock Off|[of] p2a: Ambipom
|
|upkeep
|turn|17
|
|t:|1758370279
|move|p2a: Ambipom|Knock Off|p1a: Gholdengo
|-supereffective|p1a: Gholdengo
|-crit|p1a: Gholdengo
|-damage|p1a: Gholdengo|0 fnt
|faint|p1a: Gholdengo
|
|upkeep
|
|t:|1758370283
|switch|p1a: Barraskewda|Barraskewda, F|5/100
|turn|18
|
|t:|1758370286
|move|p1a: Barraskewda|Liquidation|p2a: Ambipom
|-damage|p2a: Ambipom|0 fnt
|faint|p2a: Ambipom
|-damage|p1a: Barraskewda|0 fnt|[from] item: Life Orb
|faint|p1a: Barraskewda
|
|win|kulaanmey v.5
|raw|9tongdage's rating: 1208 &rarr; <strong>1183</strong><br />(-25 for losing)
|raw|kulaanmey v.5's rating: 1205 &rarr; <strong>1230</strong><br />(+25 for winning)
|l|☆kulaanmey v.5
|player|p2|
|l|☆9tongdage
|player|p1|
