|j|☆lord gula
|j|☆Jude_Palace
|t:|1758324602
|gametype|singles
|player|p1|lord gula|riley|1328
|player|p2|Jude_Palace|lucian|1386
|gen|9
|tier|[Gen 9] OU
|rated|
|rule|HP Percentage Mod: HP is shown in percentages
|rule|Endless Battle Clause: Forcing endless battles is banned
|rule|Species Clause: Limit one of each Pokémon
|rule|OHKO Clause: OHKO moves are banned
|rule|Evasion Items Clause: Evasion items are banned
|rule|Evasion Moves Clause: Evasion moves are banned
|rule|Evasion Abilities Clause: Evasion abilities are banned
|rule|Sleep Moves Clause: Sleep-inducing moves are banned
|clearpoke
|poke|p1|Drifblim, M|
|poke|p1|Weavile, M|
|poke|p1|Iron Moth|
|poke|p1|Comfey, F|
|poke|p1|Corviknight, M|
|poke|p1|Heracross, F|
|poke|p2|Landorus-Therian, M|
|poke|p2|Venusaur, F|
|poke|p2|Walking Wake|
|poke|p2|Dragonite, F|
|poke|p2|Torkoal, F|
|poke|p2|Rotom-Wash|
|teampreview
|inactive|Battle timer is ON: inactive players will automatically lose when time's up. (requested by Jude_Palace)
|
|t:|1758324614
|teamsize|p1|6
|teamsize|p2|6
|start
|switch|p1a: Corviknight|Corviknight, M|100/100
|switch|p2a: Tor-tue|Torkoal, F|100/100
|-ability|p1a: Corviknight|Pressure
|-weather|SunnyDay|[from] ability: Drought|[of] p2a: Tor-tue
|turn|1
|
|t:|1758324629
|switch|p1a: Iron Moth|Iron Moth, shiny|100/100
|-enditem|p1a: Iron Moth|Booster Energy
|-activate|p1a: Iron Moth|ability: Quark Drive|[fromitem]
|-start|p1a: Iron Moth|quarkdrivespa
|switch|p2a: Flores|Venusaur, F|100/100
|
|-weather|SunnyDay|[upkeep]
|upkeep
|turn|2
|
|t:|1758324635
|-terastallize|p1a: Iron Moth|Grass
|move|p2a: Flores|Earth Power|p1a: Iron Moth
|-resisted|p1a: Iron Moth
|-damage|p1a: Iron Moth|83/100
|-damage|p2a: Flores|91/100|[from] item: Life Orb
|move|p1a: Iron Moth|Agility|p1a: Iron Moth
|-boost|p1a: Iron Moth|spe|2
|
|-weather|SunnyDay|[upkeep]
|upkeep
|turn|3
|
|t:|1758324645
|-terastallize|p2a: Flores|Fire
|move|p1a: Iron Moth|Fiery Dance|p2a: Flores
|-resisted|p2a: Flores
|-damage|p2a: Flores|33/100
|-boost|p1a: Iron Moth|spa|1
|move|p2a: Flores|Weather Ball|p1a: Iron Moth
|-supereffective|p1a: Iron Moth
|-damage|p1a: Iron Moth|0 fnt
|faint|p1a: Iron Moth
|-end|p1a: Iron Moth|Quark Drive|[silent]
|-damage|p2a: Flores|23/100|[from] item: Life Orb
|
|-weather|SunnyDay|[upkeep]
|upkeep
|
|t:|1758324656
|switch|p1a: Weavile|Weavile, M|100/100
|turn|4
|
|t:|1758324658
|switch|p2a: Gaïa|Landorus-Therian, M|100/100
|-ability|p2a: Gaïa|Intimidate|boost
|-unboost|p1a: Weavile|atk|1
|move|p1a: Weavile|Knock Off|p2a: Gaïa
|-damage|p2a: Gaïa|78/100
|-damage|p1a: Weavile|84/100|[from] item: Rocky Helmet|[of] p2a: Gaïa
|-enditem|p2a: Gaïa|Rocky Helmet|[from] move: Knock Off|[of] p1a: Weavile
|
|-weather|SunnyDay|[upkeep]
|upkeep
|turn|5
|
|t:|1758324667
|switch|p1a: Corviknight|Corviknight, M|100/100
|-ability|p1a: Corviknight|Pressure
|move|p2a: Gaïa|U-turn|p1a: Corviknight
|-resisted|p1a: Corviknight
|-damage|p1a: Corviknight|96/100
|-damage|p2a: Gaïa|61/100|[from] item: Rocky Helmet|[of] p1a: Corviknight
|
|t:|1758324669
|switch|p2a: Flores|Venusaur, F, tera:Fire|23/100|[from] U-turn
|
|-weather|SunnyDay|[upkeep]
|upkeep
|turn|6
|
|t:|1758324691
|switch|p1a: Heracross|Heracross, F|100/100
|move|p2a: Flores|Weather Ball|p1a: Heracross
|-supereffective|p1a: Heracross
|-damage|p1a: Heracross|0 fnt
|faint|p1a: Heracross
|-damage|p2a: Flores|13/100|[from] item: Life Orb
|
|-weather|SunnyDay|[upkeep]
|upkeep
|
|t:|1758324697
|switch|p1a: Weavile|Weavile, M|84/100
|turn|7
|
|t:|1758324699
|switch|p2a: Gaïa|Landorus-Therian, M|61/100
|-ability|p2a: Gaïa|Intimidate|boost
|-unboost|p1a: Weavile|atk|1
|move|p1a: Weavile|Ice Shard|p2a: Gaïa
|-supereffective|p2a: Gaïa
|-damage|p2a: Gaïa|22/100
|
|-weather|SunnyDay|[upkeep]
|upkeep
|turn|8
|
|t:|1758324707
|move|p1a: Weavile|Ice Shard|p2a: Gaïa
|-supereffective|p2a: Gaïa
|-damage|p2a: Gaïa|0 fnt
|faint|p2a: Gaïa
|
|-weather|none
|upkeep
|
|t:|1758324710
|switch|p2a: Tor-tue|Torkoal, F|100/100
|-weather|SunnyDay|[from] ability: Drought|[of] p2a: Tor-tue
|turn|9
|
|t:|1758324715
|switch|p1a: Corviknight|Corviknight, M|96/100
|-ability|p1a: Corviknight|Pressure
|move|p2a: Tor-tue|Lava Plume|p1a: Corviknight
|-supereffective|p1a: Corviknight
|-damage|p1a: Corviknight|47/100
|-status|p1a: Corviknight|brn
|
|-weather|SunnyDay|[upkeep]
|-damage|p1a: Corviknight|40/100 brn|[from] brn
|upkeep
|turn|10
|
|t:|1758324722
|move|p1a: Corviknight|Roost|p1a: Corviknight
|-heal|p1a: Corviknight|90/100 brn
|-singleturn|p1a: Corviknight|move: Roost
|move|p2a: Tor-tue|Lava Plume|p1a: Corviknight
|-supereffective|p1a: Corviknight
|-damage|p1a: Corviknight|44/100 brn
|
|-weather|SunnyDay|[upkeep]
|-damage|p1a: Corviknight|38/100 brn|[from] brn
|upkeep
|turn|11
|
|t:|1758324729
|switch|p2a: Flores|Venusaur, F, tera:Fire|13/100
|move|p1a: Corviknight|Roost|p1a: Corviknight
|-heal|p1a: Corviknight|88/100 brn
|-singleturn|p1a: Corviknight|move: Roost
|
|-weather|SunnyDay|[upkeep]
|-damage|p1a: Corviknight|81/100 brn|[from] brn
|upkeep
|turn|12
|
|t:|1758324734
|move|p2a: Flores|Weather Ball|p1a: Corviknight
|-supereffective|p1a: Corviknight
|-damage|p1a: Corviknight|0 fnt
|faint|p1a: Corviknight
|-damage|p2a: Flores|3/100|[from] item: Life Orb
|
|-weather|SunnyDay|[upkeep]
|upkeep
|
|t:|1758324739
|switch|p1a: Weavile|Weavile, M|84/100
|turn|13
|
|t:|1758324744
|move|p2a: Flores|Weather Ball|p1a: Weavile
|-supereffective|p1a: Weavile
|-damage|p1a: Weavile|0 fnt
|faint|p1a: Weavile
|-damage|p2a: Flores|0 fnt|[from] item: Life Orb
|faint|p2a: Flores
|
|-weather|SunnyDay|[upkeep]
|upkeep
|
|t:|1758324749
|switch|p1a: Comfey|Comfey, F, shiny|100/100
|switch|p2a: Eva-02|Walking Wake|100/100
|-activate|p2a: Eva-02|ability: Protosynthesis
|-start|p2a: Eva-02|protosynthesisspe
|turn|14
|
|t:|1758324753
|move|p2a: Eva-02|Hydro Steam|p1a: Comfey
|-damage|p1a: Comfey|5/100
|move|p1a: Comfey|Calm Mind|p1a: Comfey
|-boost|p1a: Comfey|spa|1
|-boost|p1a: Comfey|spd|1
|
|-weather|SunnyDay|[upkeep]
|-heal|p1a: Comfey|12/100|[from] item: Leftovers
|upkeep
|turn|15
|
|t:|1758324759
|move|p1a: Comfey|Synthesis|p1a: Comfey
|-heal|p1a: Comfey|78/100
|move|p2a: Eva-02|Hydro Steam|p1a: Comfey
|-damage|p1a: Comfey|13/100
|
|-weather|SunnyDay|[upkeep]
|-heal|p1a: Comfey|19/100|[from] item: Leftovers
|upkeep
|turn|16
|
|t:|1758324766
|move|p1a: Comfey|Synthesis|p1a: Comfey
|-heal|p1a: Comfey|86/100
|move|p2a: Eva-02|Hydro Steam|p1a: Comfey
|-damage|p1a: Comfey|18/100
|
|-weather|none
|-end|p2a: Eva-02|Protosynthesis
|-heal|p1a: Comfey|25/100|[from] item: Leftovers
|upkeep
|turn|17
|
|t:|1758324769
|-end|p2a: Eva-02|Protosynthesis|[silent]
|switch|p2a: Tor-tue|Torkoal, F|100/100
|-weather|SunnyDay|[from] ability: Drought|[of] p2a: Tor-tue
|move|p1a: Comfey|Synthesis|p1a: Comfey
|-heal|p1a: Comfey|91/100
|
|-weather|SunnyDay|[upkeep]
|-heal|p1a: Comfey|98/100|[from] item: Leftovers
|upkeep
|turn|18
|
|t:|1758324780
|switch|p2a: Eva-02|Walking Wake|100/100
|-activate|p2a: Eva-02|ability: Protosynthesis
|-start|p2a: Eva-02|protosynthesisspe
|move|p1a: Comfey|Calm Mind|p1a: Comfey
|-boost|p1a: Comfey|spa|1
|-boost|p1a: Comfey|spd|1
|
|-weather|SunnyDay|[upkeep]
|-heal|p1a: Comfey|100/100|[from] item: Leftovers
|upkeep
|turn|19
|
|t:|1758324789
|move|p2a: Eva-02|Hydro Steam|p1a: Comfey
|-damage|p1a: Comfey|57/100
|move|p1a: Comfey|Calm Mind|p1a: Comfey
|-boost|p1a: Comfey|spa|1
|-boost|p1a: Comfey|spd|1
|
|-weather|SunnyDay|[upkeep]
|-heal|p1a: Comfey|64/100|[from] item: Leftovers
|upkeep
|turn|20
|
|t:|1758324795
|move|p1a: Comfey|Draining Kiss|p2a: Eva-02
|-supereffective|p2a: Eva-02
|-damage|p2a: Eva-02|12/100
|-heal|p1a: Comfey|100/100|[from] drain|[of] p2a: Eva-02
|move|p2a: Eva-02|Hydro Steam|p1a: Comfey
|-damage|p1a: Comfey|61/100
|
|-weather|SunnyDay|[upkeep]
|-heal|p1a: Comfey|67/100|[from] item: Leftovers
|upkeep
|turn|21
|
|t:|1758324800
|move|p1a: Comfey|Draining Kiss|p2a: Eva-02
|-supereffective|p2a: Eva-02
|-damage|p2a: Eva-02|0 fnt
|-heal|p1a: Comfey|77/100|[from] drain|[of] p2a: Eva-02
|faint|p2a: Eva-02
|-end|p2a: Eva-02|Protosynthesis|[silent]
|
|-weather|SunnyDay|[upkeep]
|-heal|p1a: Comfey|83/100|[from] item: Leftovers
|upkeep
|
|t:|1758324801
|switch|p2a: Stormbreaker|Dragonite, F|100/100
|turn|22
|
|t:|1758324813
|move|p1a: Comfey|Draining Kiss|p2a: Stormbreaker
|-supereffective|p2a: Stormbreaker
|-damage|p2a: Stormbreaker|65/100
|-heal|p1a: Comfey|100/100|[from] drain|[of] p2a: Stormbreaker
|move|p2a: Stormbreaker|Dragon Dance|p2a: Stormbreaker
|-boost|p2a: Stormbreaker|atk|1
|-boost|p2a: Stormbreaker|spe|1
|
|-weather|SunnyDay|[upkeep]
|upkeep
|turn|23
|
|t:|1758324817
|move|p1a: Comfey|Draining Kiss|p2a: Stormbreaker
|-supereffective|p2a: Stormbreaker
|-damage|p2a: Stormbreaker|0 fnt
|faint|p2a: Stormbreaker
|
|-weather|SunnyDay|[upkeep]
|upkeep
|
|t:|1758324821
|switch|p2a: Tor-tue|Torkoal, F|100/100
|turn|24
|
|t:|1758324828
|move|p1a: Comfey|Calm Mind|p1a: Comfey
|-boost|p1a: Comfey|spa|1
|-boost|p1a: Comfey|spd|1
|move|p2a: Tor-tue|Lava Plume|p1a: Comfey
|-crit|p1a: Comfey
|-damage|p1a: Comfey|45/100
|
|-weather|none
|-heal|p1a: Comfey|51/100|[from] item: Leftovers
|upkeep
|turn|25
|
|t:|1758324834
|move|p1a: Comfey|Synthesis|p1a: Comfey
|-heal|p1a: Comfey|100/100
|move|p2a: Tor-tue|Lava Plume|p1a: Comfey
|-damage|p1a: Comfey|92/100
|-status|p1a: Comfey|brn
|
|-heal|p1a: Comfey|99/100 brn|[from] item: Leftovers
|-damage|p1a: Comfey|92/100 brn|[from] brn
|upkeep
|turn|26
|
|t:|1758324837
|move|p1a: Comfey|Draining Kiss|p2a: Tor-tue
|-resisted|p2a: Tor-tue
|-damage|p2a: Tor-tue|82/100
|-heal|p1a: Comfey|100/100 brn|[from] drain|[of] p2a: Tor-tue
|move|p2a: Tor-tue|Lava Plume|p1a: Comfey
|-damage|p1a: Comfey|92/100 brn
|
|-heal|p1a: Comfey|98/100 brn|[from] item: Leftovers
|-damage|p1a: Comfey|92/100 brn|[from] brn
|upkeep
|turn|27
|
|t:|1758324840
|switch|p2a: Monster|Rotom-Wash|100/100
|move|p1a: Comfey|Calm Mind|p1a: Comfey
|-boost|p1a: Comfey|spa|1
|-boost|p1a: Comfey|spd|1
|
|-heal|p1a: Comfey|98/100 brn|[from] item: Leftovers
|-damage|p1a: Comfey|92/100 brn|[from] brn
|upkeep
|turn|28
|
|t:|1758324844
|move|p1a: Comfey|Giga Drain|p2a: Monster
|-supereffective|p2a: Monster
|-damage|p2a: Monster|25/100
|-heal|p1a: Comfey|100/100 brn|[from] drain|[of] p2a: Monster
|move|p2a: Monster|Hydro Pump|p1a: Comfey|[miss]
|-miss|p2a: Monster|p1a: Comfey
|
|-heal|p2a: Monster|31/100|[from] item: Leftovers
|-damage|p1a: Comfey|94/100 brn|[from] brn
|upkeep
|turn|29
|-message|Jude_Palace forfeited.
|
|win|lord gula
|raw|lord gula's rating: 1328 &rarr; <strong>1351</strong><br />(+23 for winning)
|raw|Jude_Palace's rating: 1386 &rarr; <strong>1363</strong><br />(-23 for losing)
|l|☆Jude_Palace
|player|p2|
|l|☆lord gula
|player|p1|
