|j|☆lontificus
|j|☆djinho
|t:|1758299000
|gametype|singles
|player|p1|lontificus|infielder|1336
|player|p2|djinho|266|1307
|gen|9
|tier|[Gen 9] OU
|rated|
|rule|HP Percentage Mod: HP is shown in percentages
|rule|Endless Battle Clause: Forcing endless battles is banned
|rule|Species Clause: Limit one of each Pokémon
|rule|OHKO Clause: OHKO moves are banned
|rule|Evasion Items Clause: Evasion items are banned
|rule|Evasion Moves Clause: Evasion moves are banned
|rule|Evasion Abilities Clause: Evasion abilities are banned
|rule|Sleep Moves Clause: Sleep-inducing moves are banned
|clearpoke
|poke|p1|Great Tusk|
|poke|p1|Heatran, M|
|poke|p1|Weavile, M|
|poke|p1|Primarina, M|
|poke|p1|Ogerpon, F|
|poke|p1|Pecharunt|
|poke|p2|Ogerpon-Wellspring, F|
|poke|p2|Iron Valiant|
|poke|p2|Lurantis, M|
|poke|p2|Enamorus, F|
|poke|p2|Primarina, M|
|poke|p2|Clefable, M|
|teampreview
|inactive|Battle timer is ON: inactive players will automatically lose when time's up. (requested by lontificus)
|
|t:|1758299008
|teamsize|p1|6
|teamsize|p2|6
|start
|switch|p1a: Pecharunt|Pecharunt|100/100
|switch|p2a: Girl Boss|Ogerpon-Wellspring, F|100/100
|turn|1
|
|t:|1758299018
|move|p2a: Girl Boss|Knock Off|p1a: Pecharunt
|-supereffective|p1a: Pecharunt
|-damage|p1a: Pecharunt|65/100
|-damage|p2a: Girl Boss|84/100|[from] item: Rocky Helmet|[of] p1a: Pecharunt
|-enditem|p1a: Pecharunt|Rocky Helmet|[from] move: Knock Off|[of] p2a: Girl Boss
|move|p1a: Pecharunt|Malignant Chain|p2a: Girl Boss
|-supereffective|p2a: Girl Boss
|-damage|p2a: Girl Boss|9/100
|
|upkeep
|turn|2
|
|t:|1758299025
|move|p2a: Girl Boss|Spikes|p1a: Pecharunt
|-sidestart|p1: lontificus|Spikes
|move|p1a: Pecharunt|Malignant Chain|p2a: Girl Boss
|-supereffective|p2a: Girl Boss
|-damage|p2a: Girl Boss|0 fnt
|faint|p2a: Girl Boss
|
|upkeep
|
|t:|1758299035
|switch|p2a: Iron Valiant|Iron Valiant|100/100
|turn|3
|
|t:|1758299038
|move|p2a: Iron Valiant|Shadow Ball|p1a: Pecharunt
|-supereffective|p1a: Pecharunt
|-damage|p1a: Pecharunt|0 fnt
|faint|p1a: Pecharunt
|
|upkeep
|
|t:|1758299053
|switch|p1a: Primarina|Primarina, M|100/100
|-damage|p1a: Primarina|88/100|[from] Spikes
|turn|4
|
|t:|1758299065
|-end|p2a: Iron Valiant|Quark Drive|[silent]
|switch|p2a: Demure|Primarina, M|100/100
|move|p1a: Primarina|Moonblast|p2a: Demure
|-crit|p2a: Demure
|-damage|p2a: Demure|54/100
|-unboost|p2a: Demure|spa|1
|
|upkeep
|turn|5
|
|t:|1758299083
|move|p2a: Demure|Moonblast|p1a: Primarina
|-damage|p1a: Primarina|69/100
|move|p1a: Primarina|Whirlpool|p2a: Demure
|-resisted|p2a: Demure
|-damage|p2a: Demure|48/100
|-activate|p2a: Demure|move: Whirlpool|[of] p1a: Primarina
|
|-damage|p2a: Demure|35/100|[from] move: Whirlpool|[partiallytrapped]
|upkeep
|turn|6
|
|t:|1758299093
|move|p2a: Demure|Moonblast|p1a: Primarina
|-damage|p1a: Primarina|51/100
|move|p1a: Primarina|Moonblast|p2a: Demure
|-damage|p2a: Demure|0 fnt
|faint|p2a: Demure
|
|upkeep
|
|t:|1758299105
|switch|p2a: Feminine Energy|Lurantis, M|100/100
|turn|7
|
|t:|1758299119
|move|p1a: Primarina|Flip Turn|p2a: Feminine Energy
|-resisted|p2a: Feminine Energy
|-damage|p2a: Feminine Energy|93/100
|
|t:|1758299122
|switch|p1a: Heatran|Heatran, M|100/100|[from] Flip Turn
|-item|p1a: Heatran|Air Balloon
|move|p2a: Feminine Energy|Leaf Storm|p1a: Heatran|[miss]
|-miss|p2a: Feminine Energy|p1a: Heatran
|
|upkeep
|turn|8
|
|t:|1758299131
|switch|p2a: Cutesy|Clefable, M|100/100
|move|p1a: Heatran|Magma Storm|p2a: Cutesy|[miss]
|-miss|p1a: Heatran|p2a: Cutesy
|
|upkeep
|turn|9
|
|t:|1758299139
|switch|p2a: Iron Valiant|Iron Valiant|100/100
|move|p1a: Heatran|Taunt|p2a: Iron Valiant
|-start|p2a: Iron Valiant|move: Taunt
|
|upkeep
|turn|10
|
|t:|1758299145
|switch|p1a: Primarina|Primarina, M|51/100
|-damage|p1a: Primarina|38/100|[from] Spikes
|move|p2a: Iron Valiant|Shadow Ball|p1a: Primarina
|-damage|p1a: Primarina|15/100
|
|upkeep
|turn|11
|
|t:|1758299153
|move|p2a: Iron Valiant|Shadow Ball|p1a: Primarina
|-damage|p1a: Primarina|0 fnt
|faint|p1a: Primarina
|
|-end|p2a: Iron Valiant|move: Taunt
|upkeep
|
|t:|1758299163
|switch|p1a: Heatran|Heatran, M|100/100
|-item|p1a: Heatran|Air Balloon
|turn|12
|
|t:|1758299171
|-end|p2a: Iron Valiant|Quark Drive|[silent]
|switch|p2a: Cutesy|Clefable, M|100/100
|-terastallize|p1a: Heatran|Fairy
|move|p1a: Heatran|Magma Storm|p2a: Cutesy|[miss]
|-miss|p1a: Heatran|p2a: Cutesy
|
|upkeep
|turn|13
|
|t:|1758299177
|move|p1a: Heatran|Magma Storm|p2a: Cutesy
|-damage|p2a: Cutesy|54/100
|-activate|p2a: Cutesy|move: Magma Storm|[of] p1a: Heatran
|move|p2a: Cutesy|Thunder Wave|p1a: Heatran
|-status|p1a: Heatran|par
|
|-heal|p2a: Cutesy|60/100|[from] item: Leftovers
|upkeep
|turn|14
|
|t:|1758299183
|move|p2a: Cutesy|Moonlight|p2a: Cutesy
|-heal|p2a: Cutesy|100/100
|cant|p1a: Heatran|par
|
|upkeep
|turn|15
|
|t:|1758299187
|move|p2a: Cutesy|Moonblast|p1a: Heatran
|-damage|p1a: Heatran|71/100 par
|-unboost|p1a: Heatran|spa|1
|-enditem|p1a: Heatran|Air Balloon
|move|p1a: Heatran|Taunt|p2a: Cutesy
|-start|p2a: Cutesy|move: Taunt
|
|upkeep
|turn|16
|
|t:|1758299195
|move|p2a: Cutesy|Moonblast|p1a: Heatran
|-damage|p1a: Heatran|37/100 par
|move|p1a: Heatran|Magma Storm|p2a: Cutesy
|-damage|p2a: Cutesy|65/100
|
|-heal|p2a: Cutesy|71/100|[from] item: Leftovers
|upkeep
|turn|17
|
|t:|1758299200
|switch|p1a: Ogerpon|Ogerpon, F|100/100
|-damage|p1a: Ogerpon|88/100|[from] Spikes
|move|p2a: Cutesy|Moonblast|p1a: Ogerpon
|-damage|p1a: Ogerpon|52/100
|
|-heal|p2a: Cutesy|77/100|[from] item: Leftovers
|-end|p2a: Cutesy|Magma Storm|[partiallytrapped]|[silent]
|upkeep
|turn|18
|
|t:|1758299212
|move|p1a: Ogerpon|Ivy Cudgel|p2a: Cutesy
|-damage|p2a: Cutesy|16/100
|move|p2a: Cutesy|Moonblast|p1a: Ogerpon
|-damage|p1a: Ogerpon|14/100
|-unboost|p1a: Ogerpon|spa|1
|-ability|p1a: Ogerpon|Defiant|boost
|-boost|p1a: Ogerpon|atk|2
|
|-heal|p2a: Cutesy|22/100|[from] item: Leftovers
|-end|p2a: Cutesy|move: Taunt
|upkeep
|turn|19
|
|t:|1758299230
|move|p1a: Ogerpon|Ivy Cudgel|p2a: Cutesy
|-damage|p2a: Cutesy|0 fnt
|faint|p2a: Cutesy
|
|upkeep
|
|t:|1758299234
|switch|p2a: Enamorus|Enamorus, F|100/100
|turn|20
|
|t:|1758299237
|move|p2a: Enamorus|Moonblast|p1a: Ogerpon
|-damage|p1a: Ogerpon|0 fnt
|faint|p1a: Ogerpon
|
|upkeep
|
|t:|1758299243
|switch|p1a: Heatran|Heatran, M, tera:Fairy|37/100 par
|-damage|p1a: Heatran|25/100 par|[from] Spikes
|turn|21
|
|t:|1758299246
|move|p2a: Enamorus|Moonblast|p1a: Heatran
|-damage|p1a: Heatran|0 fnt
|faint|p1a: Heatran
|
|upkeep
|
|t:|1758299251
|switch|p1a: Great Tusk|Great Tusk|100/100
|turn|22
|
|t:|1758299253
|move|p2a: Enamorus|Moonblast|p1a: Great Tusk
|-supereffective|p1a: Great Tusk
|-damage|p1a: Great Tusk|0 fnt
|faint|p1a: Great Tusk
|-end|p1a: Great Tusk|Protosynthesis|[silent]
|
|upkeep
|
|t:|1758299255
|switch|p1a: Weavile|Weavile, M|100/100
|-damage|p1a: Weavile|88/100|[from] Spikes
|-ability|p1a: Weavile|Pressure
|turn|23
|
|t:|1758299261
|move|p1a: Weavile|Ice Shard|p2a: Enamorus
|-supereffective|p2a: Enamorus
|-damage|p2a: Enamorus|0 fnt
|faint|p2a: Enamorus
|
|upkeep
|
|t:|1758299278
|switch|p2a: Feminine Energy|Lurantis, M|93/100
|turn|24
|
|t:|1758299281
|move|p1a: Weavile|Ice Shard|p2a: Feminine Energy
|-supereffective|p2a: Feminine Energy
|-damage|p2a: Feminine Energy|26/100
|move|p2a: Feminine Energy|Superpower|p1a: Weavile
|-supereffective|p1a: Weavile
|-damage|p1a: Weavile|0 fnt
|-boost|p2a: Feminine Energy|atk|1
|-boost|p2a: Feminine Energy|def|1
|faint|p1a: Weavile
|
|win|djinho
|raw|lontificus's rating: 1336 &rarr; <strong>1314</strong><br />(-22 for losing)
|raw|djinho's rating: 1307 &rarr; <strong>1329</strong><br />(+22 for winning)
|l|☆lontificus
|player|p1|
