|j|☆arhg955
|j|☆thesinxer
|t:|1758346777
|gametype|singles
|player|p1|arhg955|cheren-gen5bw2|1139
|player|p2|thesinxer|norman|1165
|gen|9
|tier|[Gen 9] OU
|rated|
|rule|HP Percentage Mod: HP is shown in percentages
|rule|Endless Battle Clause: Forcing endless battles is banned
|rule|Species Clause: Limit one of each Pokémon
|rule|OHKO Clause: OHKO moves are banned
|rule|Evasion Items Clause: Evasion items are banned
|rule|Evasion Moves Clause: Evasion moves are banned
|rule|Evasion Abilities Clause: Evasion abilities are banned
|rule|Sleep Moves Clause: Sleep-inducing moves are banned
|clearpoke
|poke|p1|Dragapult, M|
|poke|p1|Iron Moth|
|poke|p1|Meowscarada, M|
|poke|p1|Great Tusk|
|poke|p1|Walking Wake|
|poke|p1|Kingambit, M|
|poke|p2|Ogerpon-Wellspring, F|
|poke|p2|Conkeldurr, M|
|poke|p2|Zoroark-Hisui, F|
|poke|p2|Slowking-Galar, F|
|poke|p2|Kingambit, F|
|poke|p2|Cinderace, M|
|teampreview
|inactive|Battle timer is ON: inactive players will automatically lose when time's up. (requested by arhg955)
|
|t:|1758346795
|teamsize|p1|6
|teamsize|p2|6
|start
|switch|p1a: Dragapult|Dragapult, M|100/100
|switch|p2a: Nuh-uh-uh|Ogerpon-Wellspring, F|100/100
|turn|1
|
|t:|1758346802
|-terastallize|p1a: Dragapult|Ghost
|move|p1a: Dragapult|Shadow Ball|p2a: Nuh-uh-uh
|-damage|p2a: Nuh-uh-uh|20/100
|move|p2a: Nuh-uh-uh|Ivy Cudgel|p1a: Dragapult|[anim] Ivy Cudgel Water
|-damage|p1a: Dragapult|15/100
|
|upkeep
|turn|2
|
|t:|1758346811
|move|p1a: Dragapult|Shadow Ball|p2a: Nuh-uh-uh
|-damage|p2a: Nuh-uh-uh|0 fnt
|faint|p2a: Nuh-uh-uh
|
|upkeep
|
|t:|1758346813
|switch|p2a: Furry|Cinderace, M|100/100
|turn|3
|
|t:|1758346824
|switch|p1a: Great Tusk|Great Tusk|100/100
|move|p2a: Furry|Court Change||[still]
|-start|p2a: Furry|typechange|Normal|[from] ability: Libero
|-fail|p2a: Furry
|
|upkeep
|turn|4
|
|t:|1758346833
|move|p2a: Furry|U-turn|p1a: Great Tusk
|-resisted|p1a: Great Tusk
|-damage|p1a: Great Tusk|93/100
|
|t:|1758346836
|switch|p2a: 5head|Kingambit, F|100/100|[from] U-turn
|move|p1a: Great Tusk|Close Combat|p2a: 5head
|-immune|p2a: 5head
|
|-heal|p1a: Great Tusk|99/100|[from] item: Leftovers
|upkeep
|turn|5
|
|t:|1758346850
|move|p2a: 5head|Bitter Malice|p1a: Great Tusk
|-damage|p1a: Great Tusk|48/100
|-unboost|p1a: Great Tusk|atk|1
|move|p1a: Great Tusk|Close Combat|p2a: 5head
|-immune|p2a: 5head
|
|-heal|p1a: Great Tusk|55/100|[from] item: Leftovers
|upkeep
|turn|6
|c|☆arhg955|How it is inmune to close combat
|inactive|arhg955 has 120 seconds left.
|c|☆thesinxer|dwag
|c|☆thesinxer|dawg
|c|☆thesinxer|yk what
|c|☆thesinxer|ill let you figure it out
|inactive|thesinxer has 120 seconds left.
|c|☆arhg955|I did saw the zoroark
|c|☆arhg955|Jaja
|c|☆arhg955|I thought it was a lycanrock
|
|t:|1758346926
|switch|p2a: Juan Punch|Conkeldurr, M, shiny|100/100
|move|p1a: Great Tusk|Knock Off|p2a: Juan Punch
|-resisted|p2a: Juan Punch
|-damage|p2a: Juan Punch|91/100
|-enditem|p2a: Juan Punch|Blunder Policy|[from] move: Knock Off|[of] p1a: Great Tusk
|
|-heal|p1a: Great Tusk|61/100|[from] item: Leftovers
|upkeep
|turn|7
|
|t:|1758346939
|move|p1a: Great Tusk|Close Combat|p2a: Juan Punch
|-damage|p2a: Juan Punch|53/100
|-unboost|p1a: Great Tusk|def|1
|-unboost|p1a: Great Tusk|spd|1
|move|p2a: Juan Punch|Drain Punch|p1a: Great Tusk
|-damage|p1a: Great Tusk|13/100
|-heal|p2a: Juan Punch|83/100|[from] drain|[of] p1a: Great Tusk
|
|-heal|p1a: Great Tusk|19/100|[from] item: Leftovers
|upkeep
|turn|8
|
|t:|1758346957
|-end|p1a: Great Tusk|Protosynthesis|[silent]
|switch|p1a: Meowscarada|Meowscarada, M|100/100
|move|p2a: Juan Punch|Knock Off|p1a: Meowscarada
|-resisted|p1a: Meowscarada
|-crit|p1a: Meowscarada
|-damage|p1a: Meowscarada|56/100
|-enditem|p1a: Meowscarada|Choice Band|[from] move: Knock Off|[of] p2a: Juan Punch
|
|upkeep
|turn|9
|inactive|thesinxer has 120 seconds left.
|
|t:|1758346966
|move|p1a: Meowscarada|Flower Trick|p2a: Juan Punch
|-start|p1a: Meowscarada|typechange|Grass|[from] ability: Protean
|-crit|p2a: Juan Punch
|-damage|p2a: Juan Punch|32/100
|move|p2a: Juan Punch|Drain Punch|p1a: Meowscarada
|-damage|p1a: Meowscarada|0 fnt
|-heal|p2a: Juan Punch|56/100|[from] drain|[of] p1a: Meowscarada
|faint|p1a: Meowscarada
|
|upkeep
|
|t:|1758346979
|switch|p1a: Iron Moth|Iron Moth|100/100
|-enditem|p1a: Iron Moth|Booster Energy
|-activate|p1a: Iron Moth|ability: Quark Drive|[fromitem]
|-start|p1a: Iron Moth|quarkdrivespa
|turn|10
|
|t:|1758346987
|move|p1a: Iron Moth|Energy Ball|p2a: Juan Punch
|-damage|p2a: Juan Punch|0 fnt
|faint|p2a: Juan Punch
|
|upkeep
|
|t:|1758347000
|switch|p2a: BlindAhh|Slowking-Galar, F|100/100
|turn|11
|inactive|arhg955 has 120 seconds left.
|
|t:|1758347007
|move|p1a: Iron Moth|Fiery Dance|p2a: BlindAhh
|-damage|p2a: BlindAhh|66/100
|move|p2a: BlindAhh|Psychic Noise|p1a: Iron Moth
|-supereffective|p1a: Iron Moth
|-damage|p1a: Iron Moth|39/100
|-start|p1a: Iron Moth|move: Heal Block
|
|-heal|p2a: BlindAhh|72/100|[from] item: Black Sludge
|upkeep
|turn|12
|inactive|arhg955 has 120 seconds left.
|
|t:|1758347018
|move|p2a: BlindAhh|Protect|p2a: BlindAhh
|-singleturn|p2a: BlindAhh|Protect
|move|p1a: Iron Moth|Energy Ball|p2a: BlindAhh
|-activate|p2a: BlindAhh|move: Protect
|
|-heal|p2a: BlindAhh|78/100|[from] item: Black Sludge
|-end|p1a: Iron Moth|move: Heal Block
|upkeep
|turn|13
|
|t:|1758347027
|move|p1a: Iron Moth|Energy Ball|p2a: BlindAhh
|-resisted|p2a: BlindAhh
|-damage|p2a: BlindAhh|65/100
|move|p2a: BlindAhh|Psychic Noise|p1a: Iron Moth
|-supereffective|p1a: Iron Moth
|-damage|p1a: Iron Moth|0 fnt
|faint|p1a: Iron Moth
|-end|p1a: Iron Moth|Quark Drive|[silent]
|
|-heal|p2a: BlindAhh|71/100|[from] item: Black Sludge
|upkeep
|inactive|arhg955 has 120 seconds left.
|
|t:|1758347040
|switch|p1a: Walking Wake|Walking Wake|100/100
|-enditem|p1a: Walking Wake|Booster Energy
|-activate|p1a: Walking Wake|ability: Protosynthesis|[fromitem]
|-start|p1a: Walking Wake|protosynthesisspa
|turn|14
|
|t:|1758347053
|move|p1a: Walking Wake|Flamethrower|p2a: BlindAhh
|-damage|p2a: BlindAhh|44/100
|-prepare|p2a: BlindAhh|Chilly Reception|[premajor]
|move|p2a: BlindAhh|Chilly Reception|p2a: BlindAhh
|-weather|Snowscape
|
|t:|1758347076
|switch|p2a: 5head|Kingambit, F|100/100|[from] Chilly Reception
|
|-weather|Snowscape|[upkeep]
|upkeep
|turn|15
|
|t:|1758347087
|move|p2a: 5head|Hyper Voice|p1a: Walking Wake
|-damage|p1a: Walking Wake|46/100
|move|p1a: Walking Wake|Flamethrower|p2a: 5head
|-damage|p2a: 5head|20/100
|replace|p2a: NotAPhase|Zoroark-Hisui, F
|-end|p2a: NotAPhase|Illusion
|
|-weather|Snowscape|[upkeep]
|upkeep
|turn|16
|
|t:|1758347100
|move|p2a: NotAPhase|Hyper Voice|p1a: Walking Wake
|-damage|p1a: Walking Wake|0 fnt
|faint|p1a: Walking Wake
|-end|p1a: Walking Wake|Protosynthesis|[silent]
|
|-weather|Snowscape|[upkeep]
|upkeep
|
|t:|1758347107
|switch|p1a: Dragapult|Dragapult, M, tera:Ghost|15/100
|turn|17
|
|t:|1758347116
|switch|p2a: 5head|Kingambit, F|100/100
|-activate|p2a: 5head|ability: Supreme Overlord
|-start|p2a: 5head|fallen2|[silent]
|move|p1a: Dragapult|Shadow Ball|p2a: 5head
|-resisted|p2a: 5head
|-damage|p2a: 5head|64/100
|
|-weather|Snowscape|[upkeep]
|upkeep
|turn|18
|
|t:|1758347135
|move|p1a: Dragapult|Shadow Ball|p2a: 5head
|-resisted|p2a: 5head
|-damage|p2a: 5head|31/100
|move|p2a: 5head|Kowtow Cleave|p1a: Dragapult
|-supereffective|p1a: Dragapult
|-damage|p1a: Dragapult|0 fnt
|faint|p1a: Dragapult
|-damage|p2a: 5head|21/100|[from] item: Life Orb
|
|-weather|none
|upkeep
|
|t:|1758347148
|switch|p1a: Kingambit|Kingambit, M|100/100
|-activate|p1a: Kingambit|ability: Supreme Overlord
|-start|p1a: Kingambit|fallen4|[silent]
|turn|19
|
|t:|1758347154
|-terastallize|p2a: 5head|Bug
|move|p2a: 5head|X-Scissor|p1a: Kingambit
|-damage|p1a: Kingambit|51/100
|-damage|p2a: 5head|11/100|[from] item: Life Orb
|move|p1a: Kingambit|Swords Dance|p1a: Kingambit
|-boost|p1a: Kingambit|atk|2
|
|upkeep
|turn|20
|
|t:|1758347164
|move|p2a: 5head|Sucker Punch|p1a: Kingambit
|-resisted|p1a: Kingambit
|-damage|p1a: Kingambit|28/100
|-damage|p2a: 5head|1/100|[from] item: Life Orb
|move|p1a: Kingambit|Sucker Punch||[still]
|-fail|p1a: Kingambit
|
|upkeep
|turn|21
|
|t:|1758347173
|move|p2a: 5head|Sucker Punch|p1a: Kingambit
|-resisted|p1a: Kingambit
|-damage|p1a: Kingambit|4/100
|-damage|p2a: 5head|0 fnt|[from] item: Life Orb
|faint|p2a: 5head
|-end|p2a: 5head|fallen2|[silent]
|move|p1a: Kingambit|Kowtow Cleave|p2: 5head|[notarget]
|-fail|p1a: Kingambit
|
|upkeep
|
|t:|1758347183
|switch|p2a: BlindAhh|Slowking-Galar, F|77/100
|turn|22
|
|t:|1758347190
|move|p1a: Kingambit|Sucker Punch||[still]
|-fail|p1a: Kingambit
|-prepare|p2a: BlindAhh|Chilly Reception|[premajor]
|move|p2a: BlindAhh|Chilly Reception|p2a: BlindAhh
|-weather|Snowscape
|
|t:|1758347199
|switch|p2a: BlindAhh|Slowking-Galar, F|20/100|[from] Chilly Reception
|
|-weather|Snowscape|[upkeep]
|upkeep
|turn|23
|
|t:|1758347206
|move|p1a: Kingambit|Sucker Punch||[still]
|-fail|p1a: Kingambit
|move|p2a: BlindAhh|Trick|p1a: Kingambit
|-activate|p2a: BlindAhh|move: Trick|[of] p1a: Kingambit
|-item|p1a: Kingambit|Choice Scarf|[from] move: Trick
|-item|p2a: BlindAhh|Black Glasses|[from] move: Trick
|
|-weather|Snowscape|[upkeep]
|upkeep
|turn|24
|
|t:|1758347224
|switch|p2a: Furry|Cinderace, M|100/100
|move|p1a: Kingambit|Sucker Punch||[still]
|-fail|p1a: Kingambit
|
|-weather|Snowscape|[upkeep]
|upkeep
|turn|25
|
|t:|1758347232
|switch|p2a: BlindAhh|Slowking-Galar, F|100/100
|move|p1a: Kingambit|Sucker Punch||[still]
|-fail|p1a: Kingambit
|
|-weather|Snowscape|[upkeep]
|upkeep
|turn|26
|
|t:|1758347240
|-end|p1a: Kingambit|fallen4|[silent]
|switch|p1a: Great Tusk|Great Tusk|19/100
|move|p2a: BlindAhh|Protect||[still]
|-fail|p2a: BlindAhh
|
|-weather|none
|-heal|p1a: Great Tusk|26/100|[from] item: Leftovers
|upkeep
|turn|27
|
|t:|1758347252
|move|p1a: Great Tusk|Close Combat|p2a: BlindAhh
|-resisted|p2a: BlindAhh
|-damage|p2a: BlindAhh|87/100
|-unboost|p1a: Great Tusk|def|1
|-unboost|p1a: Great Tusk|spd|1
|move|p2a: BlindAhh|Psychic Noise|p1a: Great Tusk
|-supereffective|p1a: Great Tusk
|-damage|p1a: Great Tusk|0 fnt
|faint|p1a: Great Tusk
|-end|p1a: Great Tusk|Protosynthesis|[silent]
|
|-heal|p2a: BlindAhh|93/100|[from] item: Black Sludge
|upkeep
|-message|arhg955 forfeited.
|
|win|thesinxer
|raw|arhg955's rating: 1139 &rarr; <strong>1116</strong><br />(-23 for losing)
|raw|thesinxer's rating: 1165 &rarr; <strong>1188</strong><br />(+23 for winning)
|l|☆arhg955
|player|p1|
|l|☆thesinxer
|player|p2|
