|j|☆LX1987
|j|☆JPBuck
|t:|1758264832
|gametype|singles
|player|p1|LX1987|170|1362
|player|p2|JPBuck|cynthia-gen4|1376
|gen|9
|tier|[Gen 9] OU
|rated|
|rule|HP Percentage Mod: HP is shown in percentages
|rule|Endless Battle Clause: Forcing endless battles is banned
|rule|Species Clause: Limit one of each Pokémon
|rule|OHKO Clause: OHKO moves are banned
|rule|Evasion Items Clause: Evasion items are banned
|rule|Evasion Moves Clause: Evasion moves are banned
|rule|Evasion Abilities Clause: Evasion abilities are banned
|rule|Sleep Moves Clause: Sleep-inducing moves are banned
|clearpoke
|poke|p1|Drifblim, F|
|poke|p1|Rillaboom, F|
|poke|p1|Tauros-Paldea-Blaze, M|
|poke|p1|Slowking, F|
|poke|p1|Muk-Alola, M|
|poke|p1|Donphan, L5, F|
|poke|p2|Serperior, F|
|poke|p2|Moltres-Galar|
|poke|p2|Garganacl, M|
|poke|p2|Slowking-Galar, F|
|poke|p2|Iron Boulder|
|poke|p2|Landorus-Therian, M|
|teampreview
|inactive|Battle timer is ON: inactive players will automatically lose when time's up. (requested by LX1987)
|
|t:|1758264847
|teamsize|p1|6
|teamsize|p2|6
|start
|switch|p1a: Donphan|Donphan, L5, F|100/100
|switch|p2a: Landorus|Landorus-Therian, M|100/100
|-ability|p2a: Landorus|Intimidate|boost
|-unboost|p1a: Donphan|atk|1
|turn|1
|
|t:|1758264856
|move|p2a: Landorus|Taunt|p1a: Donphan
|-start|p1a: Donphan|move: Taunt
|move|p1a: Donphan|Endeavor|p2a: Landorus
|-damage|p2a: Landorus|8/100
|-damage|p1a: Donphan|84/100|[from] item: Rocky Helmet|[of] p2a: Landorus
|-heal|p1a: Donphan|100/100|[from] item: Shell Bell|[of] p2a: Landorus
|
|upkeep
|turn|2
|
|t:|1758264872
|move|p1a: Donphan|Ice Shard|p2a: Landorus
|-supereffective|p2a: Landorus
|-damage|p2a: Landorus|7/100
|move|p2a: Landorus|Earthquake|p1a: Donphan
|-ability|p1a: Donphan|Sturdy
|-damage|p1a: Donphan|4/100
|
|upkeep
|turn|3
|
|t:|1758264882
|move|p1a: Donphan|Ice Shard|p2a: Landorus
|-supereffective|p2a: Landorus
|-damage|p2a: Landorus|6/100
|-heal|p1a: Donphan|8/100|[from] item: Shell Bell|[of] p2a: Landorus
|move|p2a: Landorus|U-turn|p1a: Donphan
|-damage|p1a: Donphan|0 fnt
|faint|p1a: Donphan
|
|t:|1758264893
|switch|p2a: Slowking|Slowking-Galar, F|100/100|[from] U-turn
|
|upkeep
|
|t:|1758264899
|switch|p1a: Muk|Muk-Alola, M|100/100
|turn|4
|
|t:|1758264906
|move|p1a: Muk|Knock Off|p2a: Slowking
|-supereffective|p2a: Slowking
|-damage|p2a: Slowking|7/100
|-enditem|p2a: Slowking|Leftovers|[from] move: Knock Off|[of] p1a: Muk
|move|p2a: Slowking|Future Sight|p1a: Muk
|-start|p2a: Slowking|move: Future Sight
|
|upkeep
|turn|5
|
|t:|1758264913
|switch|p2a: Landorus|Landorus-Therian, M|6/100
|-ability|p2a: Landorus|Intimidate|boost
|-unboost|p1a: Muk|atk|1
|move|p1a: Muk|Knock Off|p2a: Landorus
|-damage|p2a: Landorus|0 fnt
|-damage|p1a: Muk|84/100|[from] item: Rocky Helmet|[of] p2a: Landorus
|-enditem|p2a: Landorus|Rocky Helmet|[from] move: Knock Off|[of] p1a: Muk
|faint|p2a: Landorus
|
|-heal|p1a: Muk|90/100|[from] item: Black Sludge
|upkeep
|
|t:|1758264925
|switch|p2a: Garganacl|Garganacl, M|100/100
|turn|6
|
|t:|1758264929
|move|p1a: Muk|Knock Off|p2a: Garganacl
|-damage|p2a: Garganacl|83/100
|-enditem|p2a: Garganacl|Leftovers|[from] move: Knock Off|[of] p1a: Muk
|move|p2a: Garganacl|Curse|p2a: Garganacl
|-unboost|p2a: Garganacl|spe|1
|-boost|p2a: Garganacl|atk|1
|-boost|p2a: Garganacl|def|1
|
|-end|p1a: Muk|move: Future Sight
|-immune|p1a: Muk
|-heal|p1a: Muk|96/100|[from] item: Black Sludge
|upkeep
|turn|7
|
|t:|1758264942
|switch|p1a: Rillaboom|Rillaboom, F|100/100
|-fieldstart|move: Grassy Terrain|[from] ability: Grassy Surge|[of] p1a: Rillaboom
|move|p2a: Garganacl|Curse|p2a: Garganacl
|-unboost|p2a: Garganacl|spe|1
|-boost|p2a: Garganacl|atk|1
|-boost|p2a: Garganacl|def|1
|
|-heal|p2a: Garganacl|89/100|[from] Grassy Terrain
|upkeep
|turn|8
|
|t:|1758264953
|-terastallize|p2a: Garganacl|Flying
|move|p1a: Rillaboom|Wood Hammer|p2a: Garganacl
|-resisted|p2a: Garganacl
|-damage|p2a: Garganacl|71/100
|-damage|p1a: Rillaboom|93/100|[from] Recoil
|move|p2a: Garganacl|Curse|p2a: Garganacl
|-unboost|p2a: Garganacl|spe|1
|-boost|p2a: Garganacl|atk|1
|-boost|p2a: Garganacl|def|1
|
|-heal|p1a: Rillaboom|99/100|[from] Grassy Terrain
|upkeep
|turn|9
|
|t:|1758264971
|switch|p1a: Muk|Muk-Alola, M|96/100
|move|p2a: Garganacl|Salt Cure|p1a: Muk
|-damage|p1a: Muk|56/100
|-start|p1a: Muk|Salt Cure
|
|-heal|p1a: Muk|62/100|[from] Grassy Terrain
|-heal|p1a: Muk|68/100|[from] item: Black Sludge
|-damage|p1a: Muk|56/100|[from] Salt Cure
|upkeep
|turn|10
|
|t:|1758264984
|move|p1a: Muk|Haze|p1a: Muk
|-clearallboost
|move|p2a: Garganacl|Substitute|p2a: Garganacl
|-start|p2a: Garganacl|Substitute
|-damage|p2a: Garganacl|46/100
|
|-heal|p1a: Muk|62/100|[from] Grassy Terrain
|-heal|p1a: Muk|68/100|[from] item: Black Sludge
|-damage|p1a: Muk|56/100|[from] Salt Cure
|upkeep
|turn|11
|
|t:|1758264996
|move|p1a: Muk|Knock Off|p2a: Garganacl
|-activate|p2a: Garganacl|move: Substitute|[damage]
|move|p2a: Garganacl|Recover|p2a: Garganacl
|-heal|p2a: Garganacl|96/100
|
|-heal|p1a: Muk|62/100|[from] Grassy Terrain
|-heal|p1a: Muk|68/100|[from] item: Black Sludge
|-damage|p1a: Muk|56/100|[from] Salt Cure
|-fieldend|move: Grassy Terrain
|upkeep
|turn|12
|
|t:|1758265007
|move|p1a: Muk|Knock Off|p2a: Garganacl
|-end|p2a: Garganacl|Substitute
|move|p2a: Garganacl|Curse|p2a: Garganacl
|-unboost|p2a: Garganacl|spe|1
|-boost|p2a: Garganacl|atk|1
|-boost|p2a: Garganacl|def|1
|
|-heal|p1a: Muk|62/100|[from] item: Black Sludge
|-damage|p1a: Muk|50/100|[from] Salt Cure
|upkeep
|turn|13
|
|t:|1758265018
|switch|p1a: Tauros|Tauros-Paldea-Blaze, M|100/100
|-ability|p1a: Tauros|Intimidate|boost
|-unboost|p2a: Garganacl|atk|1
|move|p2a: Garganacl|Salt Cure|p1a: Tauros
|-damage|p1a: Tauros|87/100
|-start|p1a: Tauros|Salt Cure
|
|-damage|p1a: Tauros|74/100|[from] Salt Cure
|upkeep
|turn|14
|
|t:|1758265029
|move|p1a: Tauros|Rock Slide|p2a: Garganacl
|-supereffective|p2a: Garganacl
|-damage|p2a: Garganacl|82/100
|move|p2a: Garganacl|Curse|p2a: Garganacl
|-unboost|p2a: Garganacl|spe|1
|-boost|p2a: Garganacl|atk|1
|-boost|p2a: Garganacl|def|1
|
|-damage|p1a: Tauros|62/100|[from] Salt Cure
|upkeep
|turn|15
|
|t:|1758265040
|switch|p1a: Slowking|Slowking, F|100/100
|move|p2a: Garganacl|Curse|p2a: Garganacl
|-unboost|p2a: Garganacl|spe|1
|-boost|p2a: Garganacl|atk|1
|-boost|p2a: Garganacl|def|1
|
|upkeep
|turn|16
|
|t:|1758265051
|move|p1a: Slowking|Ice Beam|p2a: Garganacl
|-supereffective|p2a: Garganacl
|-damage|p2a: Garganacl|37/100
|move|p2a: Garganacl|Salt Cure|p1a: Slowking
|-damage|p1a: Slowking|72/100
|-start|p1a: Slowking|Salt Cure
|
|-damage|p1a: Slowking|47/100|[from] Salt Cure
|upkeep
|turn|17
|
|t:|1758265061
|switch|p2a: Slowking|Slowking-Galar, F|41/100
|move|p1a: Slowking|Scald|p2a: Slowking
|-damage|p2a: Slowking|21/100
|
|-damage|p1a: Slowking|23/100|[from] Salt Cure
|upkeep
|turn|18
|
|t:|1758265070
|switch|p1a: Rillaboom|Rillaboom, F|99/100
|-fieldstart|move: Grassy Terrain|[from] ability: Grassy Surge|[of] p1a: Rillaboom
|switch|p2a: Iron Boulder|Iron Boulder|100/100
|-enditem|p2a: Iron Boulder|Booster Energy
|-activate|p2a: Iron Boulder|ability: Quark Drive|[fromitem]
|-start|p2a: Iron Boulder|quarkdrivespe
|
|-heal|p1a: Rillaboom|100/100|[from] Grassy Terrain
|upkeep
|turn|19
|
|t:|1758265082
|move|p1a: Rillaboom|Grassy Glide|p2a: Iron Boulder
|-supereffective|p2a: Iron Boulder
|-damage|p2a: Iron Boulder|0 fnt
|faint|p2a: Iron Boulder
|-end|p2a: Iron Boulder|Quark Drive|[silent]
|
|upkeep
|
|t:|1758265091
|switch|p2a: Moltres|Moltres-Galar|100/100
|turn|20
|
|t:|1758265101
|switch|p1a: Muk|Muk-Alola, M|50/100
|move|p2a: Moltres|Air Slash|p1a: Muk
|-damage|p1a: Muk|23/100
|
|-heal|p1a: Muk|29/100|[from] Grassy Terrain
|-heal|p1a: Muk|35/100|[from] item: Black Sludge
|upkeep
|turn|21
|
|t:|1758265115
|move|p2a: Moltres|Nasty Plot|p2a: Moltres
|-boost|p2a: Moltres|spa|2
|move|p1a: Muk|Knock Off|p2a: Moltres
|-resisted|p2a: Moltres
|-damage|p2a: Moltres|74/100
|-status|p2a: Moltres|psn|[from] ability: Poison Touch|[of] p1a: Muk
|-enditem|p2a: Moltres|Leftovers|[from] move: Knock Off|[of] p1a: Muk
|
|-heal|p1a: Muk|41/100|[from] Grassy Terrain
|-heal|p1a: Muk|48/100|[from] item: Black Sludge
|-damage|p2a: Moltres|62/100 psn|[from] psn
|upkeep
|turn|22
|
|t:|1758265129
|move|p2a: Moltres|Air Slash|p1a: Muk
|-damage|p1a: Muk|0 fnt
|faint|p1a: Muk
|
|-damage|p2a: Moltres|49/100 psn|[from] psn
|-fieldend|move: Grassy Terrain
|upkeep
|
|t:|1758265137
|switch|p1a: Tauros|Tauros-Paldea-Blaze, M|62/100
|-ability|p1a: Tauros|Intimidate|boost
|-unboost|p2a: Moltres|atk|1
|turn|23
|
|t:|1758265144
|move|p1a: Tauros|Rock Slide|p2a: Moltres
|-supereffective|p2a: Moltres
|-damage|p2a: Moltres|3/100 psn
|move|p2a: Moltres|Fiery Wrath|p1a: Tauros
|-resisted|p1a: Tauros
|-damage|p1a: Tauros|0 fnt
|faint|p1a: Tauros
|
|-damage|p2a: Moltres|0 fnt|[from] psn
|faint|p2a: Moltres
|upkeep
|
|t:|1758265156
|switch|p1a: Rillaboom|Rillaboom, F|100/100
|switch|p2a: Serperior|Serperior, F|100/100
|-fieldstart|move: Grassy Terrain|[from] ability: Grassy Surge|[of] p1a: Rillaboom
|turn|24
|
|t:|1758265166
|move|p2a: Serperior|Leaf Storm|p1a: Rillaboom
|-resisted|p1a: Rillaboom
|-damage|p1a: Rillaboom|60/100
|-boost|p2a: Serperior|spa|2
|move|p1a: Rillaboom|Wood Hammer|p2a: Serperior
|-resisted|p2a: Serperior
|-damage|p2a: Serperior|24/100
|-damage|p1a: Rillaboom|39/100|[from] Recoil
|
|-heal|p2a: Serperior|30/100|[from] Grassy Terrain
|-heal|p1a: Rillaboom|45/100|[from] Grassy Terrain
|upkeep
|turn|25
|
|t:|1758265179
|switch|p1a: Slowking|Slowking, F|56/100
|move|p2a: Serperior|Leaf Storm|p1a: Slowking
|-supereffective|p1a: Slowking
|-damage|p1a: Slowking|0 fnt
|-boost|p2a: Serperior|spa|2
|faint|p1a: Slowking
|
|-heal|p2a: Serperior|37/100|[from] Grassy Terrain
|upkeep
|
|t:|1758265190
|switch|p1a: Rillaboom|Rillaboom, F|45/100
|turn|26
|
|t:|1758265199
|-terastallize|p1a: Rillaboom|Grass
|move|p1a: Rillaboom|Grassy Glide|p2a: Serperior
|-resisted|p2a: Serperior
|-damage|p2a: Serperior|0 fnt
|faint|p2a: Serperior
|
|-heal|p1a: Rillaboom|51/100|[from] Grassy Terrain
|upkeep
|
|t:|1758265202
|switch|p2a: Slowking|Slowking-Galar, F|55/100
|turn|27
|
|t:|1758265211
|move|p1a: Rillaboom|Grassy Glide|p2a: Slowking
|-resisted|p2a: Slowking
|-damage|p2a: Slowking|11/100
|move|p2a: Slowking|Sludge Wave|p1a: Rillaboom
|-supereffective|p1a: Rillaboom
|-damage|p1a: Rillaboom|0 fnt
|faint|p1a: Rillaboom
|
|-heal|p2a: Slowking|17/100|[from] Grassy Terrain
|upkeep
|
|t:|1758265222
|switch|p1a: Drifblim|Drifblim, F|100/100
|-enditem|p1a: Drifblim|Grassy Seed
|-boost|p1a: Drifblim|def|1|[from] item: Grassy Seed
|turn|28
|
|t:|1758265226
|move|p1a: Drifblim|Calm Mind|p1a: Drifblim
|-boost|p1a: Drifblim|spa|1
|-boost|p1a: Drifblim|spd|1
|move|p2a: Slowking|Toxic|p1a: Drifblim
|-status|p1a: Drifblim|tox
|
|-heal|p2a: Slowking|23/100|[from] Grassy Terrain
|-damage|p1a: Drifblim|94/100 tox|[from] psn
|-fieldend|move: Grassy Terrain
|upkeep
|turn|29
|
|t:|1758265237
|move|p1a: Drifblim|Calm Mind|p1a: Drifblim
|-boost|p1a: Drifblim|spa|1
|-boost|p1a: Drifblim|spd|1
|move|p2a: Slowking|Future Sight|p1a: Drifblim
|-start|p2a: Slowking|move: Future Sight
|
|-damage|p1a: Drifblim|82/100 tox|[from] psn
|upkeep
|turn|30
|
|t:|1758265244
|move|p1a: Drifblim|Shadow Ball|p2a: Slowking
|-supereffective|p2a: Slowking
|-crit|p2a: Slowking
|-damage|p2a: Slowking|0 fnt
|faint|p2a: Slowking
|
|-damage|p1a: Drifblim|64/100 tox|[from] psn
|upkeep
|
|t:|1758265248
|switch|p2a: Garganacl|Garganacl, M, tera:Flying|37/100
|turn|31
|
|t:|1758265255
|move|p1a: Drifblim|Tera Blast|p2a: Garganacl
|-damage|p2a: Garganacl|8/100
|move|p2a: Garganacl|Recover|p2a: Garganacl
|-heal|p2a: Garganacl|58/100
|
|-end|p1a: Drifblim|move: Future Sight
|-damage|p1a: Drifblim|42/100 tox
|-damage|p1a: Drifblim|18/100 tox|[from] psn
|upkeep
|turn|32
|
|t:|1758265265
|move|p1a: Drifblim|Calm Mind|p1a: Drifblim
|-boost|p1a: Drifblim|spa|1
|-boost|p1a: Drifblim|spd|1
|move|p2a: Garganacl|Recover|p2a: Garganacl
|-heal|p2a: Garganacl|100/100
|
|-damage|p1a: Drifblim|0 fnt|[from] psn
|faint|p1a: Drifblim
|
|win|JPBuck
|raw|LX1987's rating: 1362 &rarr; <strong>1343</strong><br />(-19 for losing)
|raw|JPBuck's rating: 1376 &rarr; <strong>1395</strong><br />(+19 for winning)
|c|☆JPBuck|gg
|l|☆LX1987
|player|p1|
|l|☆JPBuck
|player|p2|
