|j|☆xiaolenyue1
|j|☆SteveTheUncSlayer
|t:|1758243015
|gametype|singles
|player|p1|xiaolenyue1|266|1029
|player|p2|SteveTheUncSlayer|169|1075
|gen|9
|tier|[Gen 9] OU
|rated|
|rule|HP Percentage Mod: HP is shown in percentages
|rule|Endless Battle Clause: Forcing endless battles is banned
|rule|Species Clause: Limit one of each Pokémon
|rule|OHKO Clause: OHKO moves are banned
|rule|Evasion Items Clause: Evasion items are banned
|rule|Evasion Moves Clause: Evasion moves are banned
|rule|Evasion Abilities Clause: Evasion abilities are banned
|rule|Sleep Moves Clause: Sleep-inducing moves are banned
|clearpoke
|poke|p1|Maushold-Four|
|poke|p1|Toxapex, F|
|poke|p1|Dragonite, F|
|poke|p1|Whimsicott, F|
|poke|p1|Incineroar, M|
|poke|p1|Ting-Lu|
|poke|p2|Rillaboom, F|
|poke|p2|Heatran, M|
|poke|p2|Landorus-Therian, M|
|poke|p2|Bisharp, F|
|poke|p2|Raging Bolt|
|poke|p2|Primarina, M|
|teampreview
|
|t:|1758243019
|teamsize|p1|6
|teamsize|p2|6
|start
|switch|p1a: Toxapex|Toxapex, F|100/100
|switch|p2a: Landorus|Landorus-Therian, M|100/100
|-ability|p2a: Landorus|Intimidate|boost
|-unboost|p1a: Toxapex|atk|1
|turn|1
|
|t:|1758243027
|move|p2a: Landorus|Stealth Rock|p1a: Toxapex
|-sidestart|p1: xiaolenyue1|move: Stealth Rock
|move|p1a: Toxapex|Toxic|p2a: Landorus
|-status|p2a: Landorus|tox
|
|-damage|p2a: Landorus|95/100 tox|[from] psn
|upkeep
|turn|2
|
|t:|1758243034
|move|p2a: Landorus|Earth Power|p1a: Toxapex
|-supereffective|p1a: Toxapex
|-damage|p1a: Toxapex|55/100
|move|p1a: Toxapex|Toxic Spikes|p2a: Landorus
|-sidestart|p2: SteveTheUncSlayer|move: Toxic Spikes
|
|-heal|p2a: Landorus|100/100 tox|[from] item: Leftovers
|-heal|p1a: Toxapex|61/100|[from] item: Leftovers
|-damage|p2a: Landorus|89/100 tox|[from] psn
|upkeep
|turn|3
|
|t:|1758243044
|move|p1a: Toxapex|Protect|p1a: Toxapex
|-singleturn|p1a: Toxapex|Protect
|move|p2a: Landorus|Earth Power|p1a: Toxapex
|-activate|p1a: Toxapex|move: Protect
|
|-heal|p2a: Landorus|95/100 tox|[from] item: Leftovers
|-heal|p1a: Toxapex|68/100|[from] item: Leftovers
|-damage|p2a: Landorus|77/100 tox|[from] psn
|upkeep
|turn|4
|
|t:|1758243055
|move|p1a: Toxapex|Baneful Bunker|p1a: Toxapex
|-singleturn|p1a: Toxapex|move: Protect
|move|p2a: Landorus|Earth Power|p1a: Toxapex
|-activate|p1a: Toxapex|move: Protect
|
|-heal|p2a: Landorus|83/100 tox|[from] item: Leftovers
|-heal|p1a: Toxapex|74/100|[from] item: Leftovers
|-damage|p2a: Landorus|59/100 tox|[from] psn
|upkeep
|turn|5
|
|t:|1758243065
|move|p1a: Toxapex|Protect|p1a: Toxapex
|-singleturn|p1a: Toxapex|Protect
|move|p2a: Landorus|Earth Power|p1a: Toxapex
|-activate|p1a: Toxapex|move: Protect
|
|-heal|p2a: Landorus|65/100 tox|[from] item: Leftovers
|-heal|p1a: Toxapex|80/100|[from] item: Leftovers
|-damage|p2a: Landorus|35/100 tox|[from] psn
|upkeep
|turn|6
|
|t:|1758243075
|move|p1a: Toxapex|Baneful Bunker||[still]
|-fail|p1a: Toxapex
|move|p2a: Landorus|Earth Power|p1a: Toxapex
|-supereffective|p1a: Toxapex
|-damage|p1a: Toxapex|29/100
|
|-heal|p2a: Landorus|41/100 tox|[from] item: Leftovers
|-heal|p1a: Toxapex|35/100|[from] item: Leftovers
|-damage|p2a: Landorus|5/100 tox|[from] psn
|upkeep
|turn|7
|
|t:|1758243088
|move|p1a: Toxapex|Protect|p1a: Toxapex
|-singleturn|p1a: Toxapex|Protect
|move|p2a: Landorus|Earth Power|p1a: Toxapex
|-activate|p1a: Toxapex|move: Protect
|
|-heal|p2a: Landorus|11/100 tox|[from] item: Leftovers
|-heal|p1a: Toxapex|41/100|[from] item: Leftovers
|-damage|p2a: Landorus|0 fnt|[from] psn
|faint|p2a: Landorus
|upkeep
|
|t:|1758243098
|switch|p2a: Rillaboom|Rillaboom, F|100/100
|-status|p2a: Rillaboom|psn
|-fieldstart|move: Grassy Terrain|[from] ability: Grassy Surge|[of] p2a: Rillaboom
|turn|8
|
|t:|1758243107
|move|p1a: Toxapex|Protect||[still]
|-fail|p1a: Toxapex
|move|p2a: Rillaboom|Grassy Glide|p1a: Toxapex
|-damage|p1a: Toxapex|3/100
|
|-heal|p1a: Toxapex|9/100|[from] Grassy Terrain
|-heal|p1a: Toxapex|15/100|[from] item: Leftovers
|-damage|p2a: Rillaboom|88/100 psn|[from] psn
|upkeep
|turn|9
|
|t:|1758243124
|switch|p1a: Incineroar|Incineroar, M|100/100
|-damage|p1a: Incineroar|76/100|[from] Stealth Rock
|-ability|p1a: Incineroar|Intimidate|boost
|-unboost|p2a: Rillaboom|atk|1
|move|p2a: Rillaboom|Grassy Glide|p1a: Incineroar
|-resisted|p1a: Incineroar
|-damage|p1a: Incineroar|57/100
|
|-heal|p2a: Rillaboom|94/100 psn|[from] Grassy Terrain
|-heal|p1a: Incineroar|63/100|[from] Grassy Terrain
|-damage|p2a: Rillaboom|82/100 psn|[from] psn
|upkeep
|turn|10
|
|t:|1758243138
|switch|p2a: Primarina|Primarina, M|100/100
|-status|p2a: Primarina|psn
|move|p1a: Incineroar|Fake Out|p2a: Primarina
|-damage|p2a: Primarina|87/100 psn
|-damage|p1a: Incineroar|47/100|[from] item: Rocky Helmet|[of] p2a: Primarina
|
|-heal|p1a: Incineroar|53/100|[from] Grassy Terrain
|-heal|p2a: Primarina|93/100 psn|[from] Grassy Terrain
|-damage|p2a: Primarina|80/100 psn|[from] psn
|upkeep
|turn|11
|
|t:|1758243155
|move|p1a: Incineroar|U-turn|p2a: Primarina
|-resisted|p2a: Primarina
|-damage|p2a: Primarina|68/100 psn
|-damage|p1a: Incineroar|37/100|[from] item: Rocky Helmet|[of] p2a: Primarina
|
|t:|1758243166
|switch|p1a: Ting-Lu|Ting-Lu|100/100|[from] U-turn
|-damage|p1a: Ting-Lu|94/100|[from] Stealth Rock
|-ability|p1a: Ting-Lu|Vessel of Ruin
|move|p2a: Primarina|Sparkling Aria|p1a: Ting-Lu
|-supereffective|p1a: Ting-Lu
|-damage|p1a: Ting-Lu|38/100
|
|-heal|p2a: Primarina|74/100 psn|[from] Grassy Terrain
|-heal|p1a: Ting-Lu|44/100|[from] Grassy Terrain
|-heal|p1a: Ting-Lu|50/100|[from] item: Leftovers
|-damage|p2a: Primarina|62/100 psn|[from] psn
|upkeep
|turn|12
|
|t:|1758243185
|-terastallize|p2a: Primarina|Water
|move|p1a: Ting-Lu|Protect|p1a: Ting-Lu
|-singleturn|p1a: Ting-Lu|Protect
|move|p2a: Primarina|Sparkling Aria|p1a: Ting-Lu
|-activate|p1a: Ting-Lu|move: Protect
|
|-heal|p2a: Primarina|68/100 psn|[from] Grassy Terrain
|-heal|p1a: Ting-Lu|57/100|[from] Grassy Terrain
|-heal|p1a: Ting-Lu|63/100|[from] item: Leftovers
|-damage|p2a: Primarina|55/100 psn|[from] psn
|-fieldend|move: Grassy Terrain
|upkeep
|turn|13
|
|t:|1758243202
|move|p2a: Primarina|Sparkling Aria|p1a: Ting-Lu
|-supereffective|p1a: Ting-Lu
|-damage|p1a: Ting-Lu|0 fnt
|faint|p1a: Ting-Lu
|
|-damage|p2a: Primarina|43/100 psn|[from] psn
|upkeep
|
|t:|1758243212
|switch|p1a: Dragonite|Dragonite, F|100/100
|-damage|p1a: Dragonite|76/100|[from] Stealth Rock
|turn|14
|
|t:|1758243217
|move|p1a: Dragonite|Extreme Speed|p2a: Primarina
|-damage|p2a: Primarina|13/100 psn
|-damage|p1a: Dragonite|59/100|[from] item: Rocky Helmet|[of] p2a: Primarina
|move|p2a: Primarina|Play Rough|p1a: Dragonite
|-supereffective|p1a: Dragonite
|-damage|p1a: Dragonite|13/100
|-unboost|p1a: Dragonite|atk|1
|
|-heal|p1a: Dragonite|20/100|[from] item: Leftovers
|-damage|p2a: Primarina|0 fnt|[from] psn
|faint|p2a: Primarina
|upkeep
|
|t:|1758243230
|switch|p2a: Raging Bolt|Raging Bolt|100/100
|-item|p2a: Raging Bolt|Air Balloon
|turn|15
|
|t:|1758243238
|move|p1a: Dragonite|Roost|p1a: Dragonite
|-heal|p1a: Dragonite|70/100
|-singleturn|p1a: Dragonite|move: Roost
|move|p2a: Raging Bolt|Thunderbolt|p1a: Dragonite
|-resisted|p1a: Dragonite
|-damage|p1a: Dragonite|46/100
|
|-heal|p1a: Dragonite|53/100|[from] item: Leftovers
|upkeep
|turn|16
|
|t:|1758243248
|move|p1a: Dragonite|Roost|p1a: Dragonite
|-heal|p1a: Dragonite|100/100
|-singleturn|p1a: Dragonite|move: Roost
|move|p2a: Raging Bolt|Volt Switch|p1a: Dragonite
|-resisted|p1a: Dragonite
|-damage|p1a: Dragonite|90/100
|
|t:|1758243265
|-end|p2a: Raging Bolt|Protosynthesis|[silent]
|switch|p2a: Heatran|Heatran, M|100/100|[from] Volt Switch
|
|-heal|p1a: Dragonite|97/100|[from] item: Leftovers
|upkeep
|turn|17
|
|t:|1758243275
|move|p1a: Dragonite|Dragon Dance|p1a: Dragonite
|-boost|p1a: Dragonite|atk|1
|-boost|p1a: Dragonite|spe|1
|move|p2a: Heatran|Magma Storm|p1a: Dragonite
|-resisted|p1a: Dragonite
|-damage|p1a: Dragonite|73/100
|-activate|p1a: Dragonite|move: Magma Storm|[of] p2a: Heatran
|
|-heal|p1a: Dragonite|79/100|[from] item: Leftovers
|-damage|p1a: Dragonite|67/100|[from] move: Magma Storm|[partiallytrapped]
|upkeep
|turn|18
|
|t:|1758243293
|move|p1a: Dragonite|Extreme Speed|p2a: Heatran
|-resisted|p2a: Heatran
|-damage|p2a: Heatran|87/100
|move|p2a: Heatran|Magma Storm|p1a: Dragonite|[miss]
|-miss|p2a: Heatran|p1a: Dragonite
|
|-heal|p1a: Dragonite|73/100|[from] item: Leftovers
|-damage|p1a: Dragonite|61/100|[from] move: Magma Storm|[partiallytrapped]
|upkeep
|turn|19
|
|t:|1758243303
|move|p1a: Dragonite|Roost|p1a: Dragonite
|-heal|p1a: Dragonite|100/100
|-singleturn|p1a: Dragonite|move: Roost
|move|p2a: Heatran|Magma Storm|p1a: Dragonite
|-resisted|p1a: Dragonite
|-damage|p1a: Dragonite|89/100
|
|-heal|p1a: Dragonite|95/100|[from] item: Leftovers
|-damage|p1a: Dragonite|82/100|[from] move: Magma Storm|[partiallytrapped]
|upkeep
|turn|20
|
|t:|1758243314
|switch|p2a: Raging Bolt|Raging Bolt|100/100
|-item|p2a: Raging Bolt|Air Balloon
|move|p1a: Dragonite|Dragon Dance|p1a: Dragonite
|-boost|p1a: Dragonite|atk|1
|-boost|p1a: Dragonite|spe|1
|
|-heal|p1a: Dragonite|89/100|[from] item: Leftovers
|-end|p1a: Dragonite|Magma Storm|[partiallytrapped]|[silent]
|upkeep
|turn|21
|
|t:|1758243324
|move|p1a: Dragonite|Extreme Speed|p2a: Raging Bolt
|-crit|p2a: Raging Bolt
|-damage|p2a: Raging Bolt|58/100
|-enditem|p2a: Raging Bolt|Air Balloon
|move|p2a: Raging Bolt|Dragon Pulse|p1a: Dragonite
|-supereffective|p1a: Dragonite
|-damage|p1a: Dragonite|0 fnt
|faint|p1a: Dragonite
|
|upkeep
|
|t:|1758243338
|switch|p1a: Toxapex|Toxapex, F|15/100
|-damage|p1a: Toxapex|3/100|[from] Stealth Rock
|turn|22
|
|t:|1758243346
|move|p1a: Toxapex|Baneful Bunker|p1a: Toxapex
|-singleturn|p1a: Toxapex|move: Protect
|move|p2a: Raging Bolt|Thunderbolt|p1a: Toxapex
|-activate|p1a: Toxapex|move: Protect
|
|-heal|p1a: Toxapex|9/100|[from] item: Leftovers
|upkeep
|turn|23
|
|t:|1758243356
|move|p2a: Raging Bolt|Volt Switch|p1a: Toxapex
|-supereffective|p1a: Toxapex
|-damage|p1a: Toxapex|0 fnt
|faint|p1a: Toxapex
|
|t:|1758243362
|-end|p2a: Raging Bolt|Protosynthesis|[silent]
|switch|p2a: Bisharp|Bisharp, F|100/100|[from] Volt Switch
|
|upkeep
|
|t:|1758243371
|switch|p1a: Incineroar|Incineroar, M|37/100
|-damage|p1a: Incineroar|12/100|[from] Stealth Rock
|-ability|p1a: Incineroar|Intimidate|boost
|-unboost|p2a: Bisharp|atk|1
|-ability|p2a: Bisharp|Defiant|boost
|-boost|p2a: Bisharp|atk|2
|turn|24
|
|t:|1758243378
|move|p1a: Incineroar|Fake Out|p2a: Bisharp
|-resisted|p2a: Bisharp
|-damage|p2a: Bisharp|94/100
|cant|p2a: Bisharp|flinch
|
|upkeep
|turn|25
|
|t:|1758243387
|move|p2a: Bisharp|Sucker Punch|p1a: Incineroar
|-resisted|p1a: Incineroar
|-damage|p1a: Incineroar|0 fnt
|faint|p1a: Incineroar
|
|upkeep
|
|t:|1758243395
|switch|p1a: Whimsicott|Whimsicott, F|100/100
|-damage|p1a: Whimsicott|88/100|[from] Stealth Rock
|turn|26
|
|t:|1758243403
|move|p1a: Whimsicott|Tailwind|p1a: Whimsicott
|-sidestart|p1: xiaolenyue1|move: Tailwind
|move|p2a: Bisharp|Iron Head|p1a: Whimsicott
|-supereffective|p1a: Whimsicott
|-damage|p1a: Whimsicott|0 fnt
|faint|p1a: Whimsicott
|
|upkeep
|
|t:|1758243411
|switch|p1a: Maushold|Maushold-Four|100/100
|-damage|p1a: Maushold|88/100|[from] Stealth Rock
|turn|27
|
|t:|1758243425
|-terastallize|p1a: Maushold|Normal
|move|p1a: Maushold|Population Bomb|p2a: Bisharp
|-resisted|p2a: Bisharp
|-damage|p2a: Bisharp|85/100
|-resisted|p2a: Bisharp
|-damage|p2a: Bisharp|75/100
|-resisted|p2a: Bisharp
|-damage|p2a: Bisharp|67/100
|-resisted|p2a: Bisharp
|-damage|p2a: Bisharp|58/100
|-resisted|p2a: Bisharp
|-damage|p2a: Bisharp|48/100
|-resisted|p2a: Bisharp
|-damage|p2a: Bisharp|39/100
|-resisted|p2a: Bisharp
|-damage|p2a: Bisharp|29/100
|-resisted|p2a: Bisharp
|-damage|p2a: Bisharp|20/100
|-resisted|p2a: Bisharp
|-damage|p2a: Bisharp|11/100
|-resisted|p2a: Bisharp
|-crit|p2a: Bisharp
|-damage|p2a: Bisharp|0 fnt
|faint|p2a: Bisharp
|-hitcount|p2: Bisharp|10
|
|upkeep
|
|t:|1758243445
|switch|p2a: Rillaboom|Rillaboom, F|82/100 psn
|-fieldstart|move: Grassy Terrain|[from] ability: Grassy Surge|[of] p2a: Rillaboom
|turn|28
|
|t:|1758243450
|move|p1a: Maushold|Population Bomb|p2a: Rillaboom
|-damage|p2a: Rillaboom|67/100 psn
|-damage|p2a: Rillaboom|51/100 psn
|-damage|p2a: Rillaboom|34/100 psn
|-damage|p2a: Rillaboom|19/100 psn
|-damage|p2a: Rillaboom|3/100 psn
|-damage|p2a: Rillaboom|0 fnt
|faint|p2a: Rillaboom
|-hitcount|p2: Rillaboom|6
|
|-heal|p1a: Maushold|94/100|[from] Grassy Terrain
|upkeep
|
|t:|1758243462
|switch|p2a: Heatran|Heatran, M|87/100
|turn|29
|
|t:|1758243466
|move|p1a: Maushold|Population Bomb|p2a: Heatran
|-resisted|p2a: Heatran
|-damage|p2a: Heatran|80/100
|-resisted|p2a: Heatran
|-damage|p2a: Heatran|73/100
|-resisted|p2a: Heatran
|-damage|p2a: Heatran|65/100
|-resisted|p2a: Heatran
|-damage|p2a: Heatran|57/100
|-resisted|p2a: Heatran
|-damage|p2a: Heatran|49/100
|-resisted|p2a: Heatran
|-crit|p2a: Heatran
|-damage|p2a: Heatran|38/100
|-resisted|p2a: Heatran
|-damage|p2a: Heatran|31/100
|-resisted|p2a: Heatran
|-damage|p2a: Heatran|24/100
|-resisted|p2a: Heatran
|-damage|p2a: Heatran|16/100
|-resisted|p2a: Heatran
|-damage|p2a: Heatran|9/100
|-hitcount|p2a: Heatran|10
|move|p2a: Heatran|Earth Power|p1a: Maushold
|-crit|p1a: Maushold
|-damage|p1a: Maushold|25/100
|
|-heal|p1a: Maushold|31/100|[from] Grassy Terrain
|-heal|p2a: Heatran|15/100|[from] Grassy Terrain
|-sideend|p1: xiaolenyue1|move: Tailwind
|upkeep
|turn|30
|
|t:|1758243494
|move|p1a: Maushold|Population Bomb|p2a: Heatran
|-resisted|p2a: Heatran
|-damage|p2a: Heatran|8/100
|-resisted|p2a: Heatran
|-damage|p2a: Heatran|1/100
|-resisted|p2a: Heatran
|-damage|p2a: Heatran|0 fnt
|faint|p2a: Heatran
|-hitcount|p2: Heatran|3
|
|-heal|p1a: Maushold|37/100|[from] Grassy Terrain
|upkeep
|
|t:|1758243505
|switch|p2a: Raging Bolt|Raging Bolt|58/100
|-status|p2a: Raging Bolt|psn
|turn|31
|
|t:|1758243512
|move|p1a: Maushold|Population Bomb|p2a: Raging Bolt
|-damage|p2a: Raging Bolt|46/100 psn
|-damage|p2a: Raging Bolt|34/100 psn
|-damage|p2a: Raging Bolt|22/100 psn
|-damage|p2a: Raging Bolt|11/100 psn
|-damage|p2a: Raging Bolt|0 fnt
|faint|p2a: Raging Bolt
|-end|p2a: Raging Bolt|Protosynthesis|[silent]
|-hitcount|p2: Raging Bolt|5
|
|win|xiaolenyue1
|raw|xiaolenyue1's rating: 1029 &rarr; <strong>1069</strong><br />(+40 for winning)
|raw|SteveTheUncSlayer's rating: 1075 &rarr; <strong>1051</strong><br />(-24 for losing)
