|j|☆NeoNaruto✈️_✈️
|j|☆mathismathin
|t:|1758248629
|gametype|singles
|player|p1|NeoNaruto✈️_✈️|medium|1615
|player|p2|mathismathin|hilbert|1734
|gen|9
|tier|[Gen 9] OU
|rated|
|rule|HP Percentage Mod: HP is shown in percentages
|rule|Endless Battle Clause: Forcing endless battles is banned
|rule|Species Clause: Limit one of each Pokémon
|rule|OHKO Clause: OHKO moves are banned
|rule|Evasion Items Clause: Evasion items are banned
|rule|Evasion Moves Clause: Evasion moves are banned
|rule|Evasion Abilities Clause: Evasion abilities are banned
|rule|Sleep Moves Clause: Sleep-inducing moves are banned
|clearpoke
|poke|p1|Tyranitar, F|
|poke|p1|Iron Moth|
|poke|p1|Staraptor, F|
|poke|p1|Garchomp, F|
|poke|p1|Torkoal, M|
|poke|p1|Dragonite, M|
|poke|p2|Hatterene, F|
|poke|p2|Zapdos|
|poke|p2|Gholdengo|
|poke|p2|Great Tusk|
|poke|p2|Samurott-Hisui, M|
|poke|p2|Zamazenta-*|
|teampreview
|inactive|Battle timer is ON: inactive players will automatically lose when time's up. (requested by NeoNaruto✈️_✈️)
|inactive|NeoNaruto✈️_✈️ has 120 seconds left.
|
|t:|1758248670
|teamsize|p1|6
|teamsize|p2|6
|start
|switch|p1a: BIRD JESUS|Staraptor, F, shiny|100/100
|switch|p2a: Zapdos|Zapdos|100/100
|turn|1
|
|t:|1758248676
|switch|p1a: DA LAST REX(3005)|Tyranitar, F|100/100
|-weather|Sandstorm|[from] ability: Sand Stream|[of] p1a: DA LAST REX(3005)
|move|p2a: Zapdos|Thunder|p1a: DA LAST REX(3005)|[miss]
|-miss|p2a: Zapdos|p1a: DA LAST REX(3005)
|
|-weather|Sandstorm|[upkeep]
|-damage|p2a: Zapdos|94/100|[from] Sandstorm
|-heal|p2a: Zapdos|100/100|[from] item: Leftovers
|upkeep
|turn|2
|
|t:|1758248680
|switch|p2a: Great Tusk|Great Tusk|100/100
|-item|p2a: Great Tusk|Air Balloon
|move|p1a: DA LAST REX(3005)|Knock Off|p2a: Great Tusk
|-resisted|p2a: Great Tusk
|-damage|p2a: Great Tusk|86/100
|-enditem|p2a: Great Tusk|Air Balloon
|
|-weather|Sandstorm|[upkeep]
|upkeep
|turn|3
|
|t:|1758248687
|switch|p1a: BLITZ SOME OPPS|Garchomp, F|100/100
|move|p2a: Great Tusk|Stealth Rock|p1a: BLITZ SOME OPPS
|-sidestart|p1: NeoNaruto✈️_✈️|move: Stealth Rock
|
|-weather|Sandstorm|[upkeep]
|upkeep
|turn|4
|
|t:|1758248690
|-end|p2a: Great Tusk|Protosynthesis|[silent]
|switch|p2a: Hatterene|Hatterene, F|100/100
|-item|p2a: Hatterene|Air Balloon
|move|p1a: BLITZ SOME OPPS|Breaking Swipe|p2a: Hatterene
|-immune|p2a: Hatterene
|
|-weather|Sandstorm|[upkeep]
|-damage|p2a: Hatterene|95/100|[from] Sandstorm
|upkeep
|turn|5
|
|t:|1758248696
|switch|p1a: DA LAST REX(3005)|Tyranitar, F|100/100
|-damage|p1a: DA LAST REX(3005)|88/100|[from] Stealth Rock
|move|p2a: Hatterene|Psychic Noise|p1a: DA LAST REX(3005)
|-immune|p1a: DA LAST REX(3005)
|
|-weather|none
|upkeep
|turn|6
|
|t:|1758248700
|switch|p2a: Great Tusk|Great Tusk|86/100
|move|p1a: DA LAST REX(3005)|Knock Off|p2a: Great Tusk
|-resisted|p2a: Great Tusk
|-damage|p2a: Great Tusk|75/100
|
|upkeep
|turn|7
|
|t:|1758248704
|switch|p1a: BLITZ SOME OPPS|Garchomp, F|100/100
|-damage|p1a: BLITZ SOME OPPS|94/100|[from] Stealth Rock
|move|p2a: Great Tusk|Headlong Rush|p1a: BLITZ SOME OPPS
|-damage|p1a: BLITZ SOME OPPS|58/100
|-unboost|p2a: Great Tusk|def|1
|-unboost|p2a: Great Tusk|spd|1
|-damage|p2a: Great Tusk|63/100|[from] ability: Rough Skin|[of] p1a: BLITZ SOME OPPS
|-damage|p2a: Great Tusk|46/100|[from] item: Rocky Helmet|[of] p1a: BLITZ SOME OPPS
|
|upkeep
|turn|8
|
|t:|1758248709
|-end|p2a: Great Tusk|Protosynthesis|[silent]
|switch|p2a: Hatterene|Hatterene, F|95/100
|-item|p2a: Hatterene|Air Balloon
|move|p1a: BLITZ SOME OPPS|Stealth Rock|p2a: Hatterene
|move|p2a: Hatterene|Stealth Rock||[from] ability: Magic Bounce|[still]
|-fail|p2a: Hatterene
|
|upkeep
|turn|9
|
|t:|1758248711
|switch|p1a: DA LAST REX(3005)|Tyranitar, F|88/100
|-damage|p1a: DA LAST REX(3005)|76/100|[from] Stealth Rock
|-weather|Sandstorm|[from] ability: Sand Stream|[of] p1a: DA LAST REX(3005)
|move|p2a: Hatterene|Nuzzle|p1a: DA LAST REX(3005)
|-damage|p1a: DA LAST REX(3005)|73/100
|-status|p1a: DA LAST REX(3005)|par
|
|-weather|Sandstorm|[upkeep]
|-damage|p2a: Hatterene|89/100|[from] Sandstorm
|upkeep
|turn|10
|
|t:|1758248715
|switch|p2a: Samurott|Samurott-Hisui, M|100/100
|move|p1a: DA LAST REX(3005)|Knock Off|p2a: Samurott
|-resisted|p2a: Samurott
|-damage|p2a: Samurott|72/100
|-enditem|p2a: Samurott|Choice Scarf|[from] move: Knock Off|[of] p1a: DA LAST REX(3005)
|
|-weather|Sandstorm|[upkeep]
|-damage|p2a: Samurott|66/100|[from] Sandstorm
|upkeep
|turn|11
|
|t:|1758248720
|switch|p1a: BLITZ SOME OPPS|Garchomp, F|58/100
|-damage|p1a: BLITZ SOME OPPS|52/100|[from] Stealth Rock
|move|p2a: Samurott|Knock Off|p1a: BLITZ SOME OPPS
|-damage|p1a: BLITZ SOME OPPS|22/100
|-damage|p2a: Samurott|54/100|[from] ability: Rough Skin|[of] p1a: BLITZ SOME OPPS
|-damage|p2a: Samurott|37/100|[from] item: Rocky Helmet|[of] p1a: BLITZ SOME OPPS
|-enditem|p1a: BLITZ SOME OPPS|Rocky Helmet|[from] move: Knock Off|[of] p2a: Samurott
|
|-weather|Sandstorm|[upkeep]
|-damage|p2a: Samurott|31/100|[from] Sandstorm
|upkeep
|turn|12
|
|t:|1758248723
|switch|p2a: Hatterene|Hatterene, F|89/100
|-item|p2a: Hatterene|Air Balloon
|move|p1a: BLITZ SOME OPPS|Rest|p1a: BLITZ SOME OPPS
|-status|p1a: BLITZ SOME OPPS|slp|[from] move: Rest
|-heal|p1a: BLITZ SOME OPPS|100/100 slp|[silent]
|
|-weather|Sandstorm|[upkeep]
|-damage|p2a: Hatterene|83/100|[from] Sandstorm
|upkeep
|turn|13
|
|t:|1758248728
|switch|p1a: DA LAST REX(3005)|Tyranitar, F|73/100 par
|-damage|p1a: DA LAST REX(3005)|60/100 par|[from] Stealth Rock
|move|p2a: Hatterene|Draining Kiss|p1a: DA LAST REX(3005)
|-supereffective|p1a: DA LAST REX(3005)
|-damage|p1a: DA LAST REX(3005)|49/100 par
|-heal|p2a: Hatterene|94/100|[from] drain|[of] p1a: DA LAST REX(3005)
|
|-weather|none
|upkeep
|turn|14
|
|t:|1758248732
|switch|p2a: Samurott|Samurott-Hisui, M|31/100
|move|p1a: DA LAST REX(3005)|Heavy Slam|p2a: Samurott
|-resisted|p2a: Samurott
|-damage|p2a: Samurott|16/100
|
|upkeep
|turn|15
|
|t:|1758248735
|switch|p1a: BLITZ SOME OPPS|Garchomp, F|100/100 slp
|-damage|p1a: BLITZ SOME OPPS|94/100 slp|[from] Stealth Rock
|move|p2a: Samurott|Ceaseless Edge|p1a: BLITZ SOME OPPS
|-damage|p1a: BLITZ SOME OPPS|66/100 slp
|-damage|p2a: Samurott|4/100|[from] ability: Rough Skin|[of] p1a: BLITZ SOME OPPS
|-sidestart|p1: NeoNaruto✈️_✈️|Spikes
|
|upkeep
|turn|16
|
|t:|1758248738
|switch|p2a: Hatterene|Hatterene, F|94/100
|-item|p2a: Hatterene|Air Balloon
|cant|p1a: BLITZ SOME OPPS|slp
|
|upkeep
|turn|17
|
|t:|1758248741
|switch|p1a: DA LAST REX(3005)|Tyranitar, F|49/100 par
|-damage|p1a: DA LAST REX(3005)|36/100 par|[from] Stealth Rock
|-damage|p1a: DA LAST REX(3005)|24/100 par|[from] Spikes
|-weather|Sandstorm|[from] ability: Sand Stream|[of] p1a: DA LAST REX(3005)
|move|p2a: Hatterene|Draining Kiss|p1a: DA LAST REX(3005)
|-supereffective|p1a: DA LAST REX(3005)
|-damage|p1a: DA LAST REX(3005)|12/100 par
|-heal|p2a: Hatterene|100/100|[from] drain|[of] p1a: DA LAST REX(3005)
|
|-weather|Sandstorm|[upkeep]
|-damage|p2a: Hatterene|95/100|[from] Sandstorm
|upkeep
|turn|18
|
|t:|1758248746
|move|p2a: Hatterene|Draining Kiss|p1a: DA LAST REX(3005)
|-supereffective|p1a: DA LAST REX(3005)
|-damage|p1a: DA LAST REX(3005)|0 fnt
|-heal|p2a: Hatterene|100/100|[from] drain|[of] p1a: DA LAST REX(3005)
|faint|p1a: DA LAST REX(3005)
|
|-weather|Sandstorm|[upkeep]
|-damage|p2a: Hatterene|95/100|[from] Sandstorm
|upkeep
|
|t:|1758248749
|switch|p1a: VODECi IV|Iron Moth|100/100
|-damage|p1a: VODECi IV|76/100|[from] Stealth Rock
|-damage|p1a: VODECi IV|63/100|[from] Spikes
|turn|19
|
|t:|1758248754
|switch|p2a: Samurott|Samurott-Hisui, M|4/100
|move|p1a: VODECi IV|Sludge Wave|p2a: Samurott
|-damage|p2a: Samurott|0 fnt
|faint|p2a: Samurott
|
|-weather|Sandstorm|[upkeep]
|-damage|p1a: VODECi IV|57/100|[from] Sandstorm
|upkeep
|
|t:|1758248760
|switch|p2a: Gholdengo|Gholdengo|100/100
|-item|p2a: Gholdengo|Air Balloon
|turn|20
|
|t:|1758248764
|-end|p1a: VODECi IV|Quark Drive|[silent]
|switch|p1a: BLITZ SOME OPPS|Garchomp, F|66/100 slp
|-damage|p1a: BLITZ SOME OPPS|60/100 slp|[from] Stealth Rock
|-damage|p1a: BLITZ SOME OPPS|48/100 slp|[from] Spikes
|move|p2a: Gholdengo|Thunder Wave|p1a: BLITZ SOME OPPS
|-immune|p1a: BLITZ SOME OPPS
|
|-weather|Sandstorm|[upkeep]
|upkeep
|turn|21
|
|t:|1758248767
|switch|p2a: Hatterene|Hatterene, F|95/100
|-item|p2a: Hatterene|Air Balloon
|cant|p1a: BLITZ SOME OPPS|slp
|
|-weather|none
|upkeep
|turn|22
|
|t:|1758248772
|-curestatus|p1a: BLITZ SOME OPPS|slp|[msg]
|move|p1a: BLITZ SOME OPPS|Rest|p1a: BLITZ SOME OPPS
|-status|p1a: BLITZ SOME OPPS|slp|[from] move: Rest
|-heal|p1a: BLITZ SOME OPPS|100/100 slp|[silent]
|move|p2a: Hatterene|Psychic Noise|p1a: BLITZ SOME OPPS
|-damage|p1a: BLITZ SOME OPPS|67/100 slp
|-start|p1a: BLITZ SOME OPPS|move: Heal Block
|
|upkeep
|turn|23
|
|t:|1758248777
|switch|p1a: BIRD JESUS|Staraptor, F, shiny|100/100
|-damage|p1a: BIRD JESUS|75/100|[from] Stealth Rock
|move|p2a: Hatterene|Psychic Noise|p1a: BIRD JESUS
|-damage|p1a: BIRD JESUS|17/100
|-start|p1a: BIRD JESUS|move: Heal Block
|
|upkeep
|turn|24
|
|t:|1758248783
|switch|p2a: Gholdengo|Gholdengo|100/100
|-item|p2a: Gholdengo|Air Balloon
|move|p1a: BIRD JESUS|Brave Bird|p2a: Gholdengo
|-resisted|p2a: Gholdengo
|-damage|p2a: Gholdengo|57/100
|-enditem|p2a: Gholdengo|Air Balloon
|-damage|p1a: BIRD JESUS|0 fnt|[from] Recoil
|faint|p1a: BIRD JESUS
|
|upkeep
|
|t:|1758248787
|switch|p1a: VODECi IV|Iron Moth|57/100
|-damage|p1a: VODECi IV|32/100|[from] Stealth Rock
|-damage|p1a: VODECi IV|20/100|[from] Spikes
|turn|25
|
|t:|1758248791
|move|p1a: VODECi IV|Overheat|p2a: Gholdengo
|-supereffective|p2a: Gholdengo
|-damage|p2a: Gholdengo|0 fnt
|-unboost|p1a: VODECi IV|spa|2
|faint|p2a: Gholdengo
|
|upkeep
|
|t:|1758248800
|switch|p2a: Zamazenta|Zamazenta|100/100
|-ability|p2a: Zamazenta|Dauntless Shield|boost
|-boost|p2a: Zamazenta|def|1
|turn|26
|
|t:|1758248802
|-end|p1a: VODECi IV|Quark Drive|[silent]
|switch|p1a: OVO CHUBBS|Torkoal, M|100/100
|-weather|SunnyDay|[from] ability: Drought|[of] p1a: OVO CHUBBS
|move|p2a: Zamazenta|Iron Defense|p2a: Zamazenta
|-boost|p2a: Zamazenta|def|2
|
|-weather|SunnyDay|[upkeep]
|upkeep
|turn|27
|
|t:|1758248806
|-terastallize|p2a: Zamazenta|Fire
|move|p2a: Zamazenta|Iron Defense|p2a: Zamazenta
|-boost|p2a: Zamazenta|def|2
|move|p1a: OVO CHUBBS|Will-O-Wisp|p2a: Zamazenta
|-immune|p2a: Zamazenta
|
|-weather|SunnyDay|[upkeep]
|upkeep
|turn|28
|
|t:|1758248809
|move|p2a: Zamazenta|Body Press|p1a: OVO CHUBBS
|-damage|p1a: OVO CHUBBS|29/100
|move|p1a: OVO CHUBBS|Clear Smog|p2a: Zamazenta
|-crit|p2a: Zamazenta
|-damage|p2a: Zamazenta|87/100
|-clearboost|p2a: Zamazenta
|
|-weather|SunnyDay|[upkeep]
|-heal|p2a: Zamazenta|93/100|[from] item: Leftovers
|upkeep
|turn|29
|
|t:|1758248812
|move|p2a: Zamazenta|Body Press|p1a: OVO CHUBBS
|-damage|p1a: OVO CHUBBS|10/100
|move|p1a: OVO CHUBBS|Rapid Spin|p2a: Zamazenta
|-damage|p2a: Zamazenta|85/100
|-boost|p1a: OVO CHUBBS|spe|1
|-sideend|p1: NeoNaruto✈️_✈️|Spikes|[from] move: Rapid Spin|[of] p1a: OVO CHUBBS
|-sideend|p1: NeoNaruto✈️_✈️|Stealth Rock|[from] move: Rapid Spin|[of] p1a: OVO CHUBBS
|
|-weather|SunnyDay|[upkeep]
|-heal|p2a: Zamazenta|91/100|[from] item: Leftovers
|upkeep
|turn|30
|
|t:|1758248819
|move|p2a: Zamazenta|Iron Defense|p2a: Zamazenta
|-boost|p2a: Zamazenta|def|2
|move|p1a: OVO CHUBBS|Clear Smog|p2a: Zamazenta
|-damage|p2a: Zamazenta|81/100
|-clearboost|p2a: Zamazenta
|
|-weather|none
|-heal|p2a: Zamazenta|87/100|[from] item: Leftovers
|upkeep
|turn|31
|
|t:|1758248822
|move|p2a: Zamazenta|Body Press|p1a: OVO CHUBBS
|-damage|p1a: OVO CHUBBS|0 fnt
|faint|p1a: OVO CHUBBS
|
|-heal|p2a: Zamazenta|93/100|[from] item: Leftovers
|upkeep
|
|t:|1758248837
|switch|p1a: VODECi IV|Iron Moth|20/100
|turn|32
|
|t:|1758248839
|move|p2a: Zamazenta|Crunch|p1a: VODECi IV
|-damage|p1a: VODECi IV|0 fnt
|faint|p1a: VODECi IV
|-end|p1a: VODECi IV|Quark Drive|[silent]
|
|-heal|p2a: Zamazenta|99/100|[from] item: Leftovers
|upkeep
|
|t:|1758248851
|switch|p1a: BLITZ SOME OPPS|Garchomp, F|67/100 slp
|turn|33
|
|t:|1758248855
|switch|p2a: Hatterene|Hatterene, F|95/100
|-item|p2a: Hatterene|Air Balloon
|cant|p1a: BLITZ SOME OPPS|slp
|
|upkeep
|turn|34
|
|t:|1758248859
|cant|p1a: BLITZ SOME OPPS|slp
|move|p2a: Hatterene|Psychic Noise|p1a: BLITZ SOME OPPS
|-damage|p1a: BLITZ SOME OPPS|33/100 slp
|-start|p1a: BLITZ SOME OPPS|move: Heal Block
|
|upkeep
|turn|35
|
|t:|1758248867
|-curestatus|p1a: BLITZ SOME OPPS|slp|[msg]
|move|p1a: BLITZ SOME OPPS|Spikes|p2a: Hatterene
|move|p2a: Hatterene|Spikes|p1a: BLITZ SOME OPPS|[from] ability: Magic Bounce
|-sidestart|p1: NeoNaruto✈️_✈️|Spikes
|move|p2a: Hatterene|Psychic Noise|p1a: BLITZ SOME OPPS
|-damage|p1a: BLITZ SOME OPPS|3/100
|
|-end|p1a: BLITZ SOME OPPS|move: Heal Block
|upkeep
|turn|36
|
|t:|1758248872
|move|p1a: BLITZ SOME OPPS|Rest|p1a: BLITZ SOME OPPS
|-status|p1a: BLITZ SOME OPPS|slp|[from] move: Rest
|-heal|p1a: BLITZ SOME OPPS|100/100 slp|[silent]
|move|p2a: Hatterene|Psychic Noise|p1a: BLITZ SOME OPPS
|-damage|p1a: BLITZ SOME OPPS|67/100 slp
|-start|p1a: BLITZ SOME OPPS|move: Heal Block
|
|upkeep
|turn|37
|
|t:|1758248874
|cant|p1a: BLITZ SOME OPPS|slp
|move|p2a: Hatterene|Psychic Noise|p1a: BLITZ SOME OPPS
|-damage|p1a: BLITZ SOME OPPS|37/100 slp
|
|-end|p1a: BLITZ SOME OPPS|move: Heal Block
|upkeep
|turn|38
|
|t:|1758248877
|cant|p1a: BLITZ SOME OPPS|slp
|move|p2a: Hatterene|Draining Kiss|p1a: BLITZ SOME OPPS
|-supereffective|p1a: BLITZ SOME OPPS
|-damage|p1a: BLITZ SOME OPPS|0 fnt
|-heal|p2a: Hatterene|100/100|[from] drain|[of] p1a: BLITZ SOME OPPS
|-damage|p2a: Hatterene|88/100|[from] ability: Rough Skin|[of] p1a: BLITZ SOME OPPS
|faint|p1a: BLITZ SOME OPPS
|
|upkeep
|
|t:|1758248879
|switch|p1a: FAT CHARIZARD|Dragonite, M, shiny|100/100
|turn|39
|
|t:|1758248881
|move|p1a: FAT CHARIZARD|Dragon Dance|p1a: FAT CHARIZARD
|-boost|p1a: FAT CHARIZARD|atk|1
|-boost|p1a: FAT CHARIZARD|spe|1
|move|p2a: Hatterene|Nuzzle|p1a: FAT CHARIZARD
|-damage|p1a: FAT CHARIZARD|98/100
|-status|p1a: FAT CHARIZARD|par
|
|upkeep
|turn|40
|
|t:|1758248884
|move|p1a: FAT CHARIZARD|Dragon Dance|p1a: FAT CHARIZARD
|-boost|p1a: FAT CHARIZARD|atk|1
|-boost|p1a: FAT CHARIZARD|spe|1
|move|p2a: Hatterene|Psychic Noise|p1a: FAT CHARIZARD
|-damage|p1a: FAT CHARIZARD|60/100 par
|-start|p1a: FAT CHARIZARD|move: Heal Block
|
|upkeep
|turn|41
|
|t:|1758248893
|-terastallize|p1a: FAT CHARIZARD|Fairy
|move|p1a: FAT CHARIZARD|Dragon Dance|p1a: FAT CHARIZARD
|-boost|p1a: FAT CHARIZARD|atk|1
|-boost|p1a: FAT CHARIZARD|spe|1
|move|p2a: Hatterene|Psychic Noise|p1a: FAT CHARIZARD
|-damage|p1a: FAT CHARIZARD|26/100 par
|
|-end|p1a: FAT CHARIZARD|move: Heal Block
|upkeep
|turn|42
|
|t:|1758248896
|move|p1a: FAT CHARIZARD|Tera Blast|p2a: Hatterene|[anim] Tera Blast Fairy
|-damage|p2a: Hatterene|0 fnt
|-enditem|p2a: Hatterene|Air Balloon
|faint|p2a: Hatterene
|
|upkeep
|
|t:|1758248903
|switch|p2a: Great Tusk|Great Tusk|46/100
|turn|43
|
|t:|1758248905
|move|p1a: FAT CHARIZARD|Tera Blast|p2a: Great Tusk|[anim] Tera Blast Fairy
|-supereffective|p2a: Great Tusk
|-damage|p2a: Great Tusk|0 fnt
|faint|p2a: Great Tusk
|-end|p2a: Great Tusk|Protosynthesis|[silent]
|
|upkeep
|
|t:|1758248908
|switch|p2a: Zapdos|Zapdos|100/100
|turn|44
|
|t:|1758248910
|move|p1a: FAT CHARIZARD|Tera Blast|p2a: Zapdos|[anim] Tera Blast Fairy
|-damage|p2a: Zapdos|0 fnt
|faint|p2a: Zapdos
|
|upkeep
|
|t:|1758248912
|switch|p2a: Zamazenta|Zamazenta, tera:Fire|99/100
|turn|45
|
|t:|1758248915
|move|p2a: Zamazenta|Body Press|p1a: FAT CHARIZARD
|-resisted|p1a: FAT CHARIZARD
|-damage|p1a: FAT CHARIZARD|6/100 par
|move|p1a: FAT CHARIZARD|Earthquake|p2a: Zamazenta
|-supereffective|p2a: Zamazenta
|-damage|p2a: Zamazenta|0 fnt
|faint|p2a: Zamazenta
|
|win|NeoNaruto✈️_✈️
|raw|NeoNaruto✈️_✈️'s rating: 1615 &rarr; <strong>1642</strong><br />(+27 for winning)
|raw|mathismathin's rating: 1734 &rarr; <strong>1707</strong><br />(-27 for losing)
|l|☆mathismathin
|player|p2|
|l|☆NeoNaruto✈️_✈️
|player|p1|
