|j|☆TUMECENTZELL
|j|☆quixic4
|t:|1758261861
|gametype|singles
|player|p1|TUMECENTZELL|170|1241
|player|p2|quixic4|ingo|1177
|gen|9
|tier|[Gen 9] OU
|rated|
|rule|HP Percentage Mod: HP is shown in percentages
|rule|Endless Battle Clause: Forcing endless battles is banned
|rule|Species Clause: Limit one of each Pokémon
|rule|OHKO Clause: OHKO moves are banned
|rule|Evasion Items Clause: Evasion items are banned
|rule|Evasion Moves Clause: Evasion moves are banned
|rule|Evasion Abilities Clause: Evasion abilities are banned
|rule|Sleep Moves Clause: Sleep-inducing moves are banned
|clearpoke
|poke|p1|Lokix, M|
|poke|p1|Goodra, F|
|poke|p1|Slowbro, F|
|poke|p1|Corviknight, F|
|poke|p1|Staraptor, M|
|poke|p1|Iron Moth|
|poke|p2|Polteageist|
|poke|p2|Sinistcha|
|poke|p2|Appletun, F|
|poke|p2|Hydrapple, M|
|poke|p2|Abomasnow, F|
|poke|p2|Comfey, M|
|teampreview
|
|t:|1758261894
|teamsize|p1|6
|teamsize|p2|6
|start
|switch|p1a: Staraptor|Staraptor, M|100/100
|switch|p2a: Polteageist|Polteageist|100/100
|turn|1
|inactive|Battle timer is ON: inactive players will automatically lose when time's up. (requested by TUMECENTZELL)
|
|t:|1758261908
|switch|p2a: Abomasnow|Abomasnow, F|100/100
|-weather|Snowscape|[from] ability: Snow Warning|[of] p2a: Abomasnow
|move|p1a: Staraptor|Brave Bird|p2a: Abomasnow
|-supereffective|p2a: Abomasnow
|-enditem|p2a: Abomasnow|Focus Sash
|-damage|p2a: Abomasnow|1/100
|-damage|p1a: Staraptor|60/100|[from] Recoil
|
|-weather|Snowscape|[upkeep]
|upkeep
|turn|2
|
|t:|1758261920
|move|p2a: Abomasnow|Ice Shard|p1a: Staraptor
|-supereffective|p1a: Staraptor
|-damage|p1a: Staraptor|10/100
|move|p1a: Staraptor|Brave Bird|p2a: Abomasnow
|-supereffective|p2a: Abomasnow
|-damage|p2a: Abomasnow|0 fnt
|faint|p2a: Abomasnow
|-damage|p1a: Staraptor|10/100|[from] Recoil
|
|-weather|Snowscape|[upkeep]
|upkeep
|
|t:|1758261930
|switch|p2a: Comfey|Comfey, M|100/100
|turn|3
|
|t:|1758261935
|switch|p1a: Corviknight|Corviknight, F|100/100
|-ability|p1a: Corviknight|Pressure
|move|p2a: Comfey|Calm Mind|p2a: Comfey
|-boost|p2a: Comfey|spa|1
|-boost|p2a: Comfey|spd|1
|
|-weather|Snowscape|[upkeep]
|upkeep
|turn|4
|
|t:|1758261944
|move|p2a: Comfey|Calm Mind|p2a: Comfey
|-boost|p2a: Comfey|spa|1
|-boost|p2a: Comfey|spd|1
|move|p1a: Corviknight|Brave Bird|p2a: Comfey
|-damage|p2a: Comfey|58/100
|-damage|p1a: Corviknight|90/100|[from] Recoil
|
|-weather|Snowscape|[upkeep]
|upkeep
|turn|5
|
|t:|1758261955
|move|p2a: Comfey|Stored Power|p1a: Corviknight
|-resisted|p1a: Corviknight
|-damage|p1a: Corviknight|66/100
|move|p1a: Corviknight|Bulk Up|p1a: Corviknight
|-boost|p1a: Corviknight|atk|1
|-boost|p1a: Corviknight|def|1
|
|-weather|none
|upkeep
|turn|6
|
|t:|1758261962
|move|p2a: Comfey|Draining Kiss|p1a: Corviknight
|-resisted|p1a: Corviknight
|-damage|p1a: Corviknight|49/100
|-heal|p2a: Comfey|80/100|[from] drain|[of] p1a: Corviknight
|-damage|p2a: Comfey|63/100|[from] item: Rocky Helmet|[of] p1a: Corviknight
|move|p1a: Corviknight|Brave Bird|p2a: Comfey
|-damage|p2a: Comfey|0 fnt
|faint|p2a: Comfey
|-damage|p1a: Corviknight|33/100|[from] Recoil
|
|upkeep
|
|t:|1758261981
|switch|p2a: Sinistcha|Sinistcha|100/100
|turn|7
|
|t:|1758261989
|move|p2a: Sinistcha|Strength Sap|p1a: Corviknight
|-unboost|p1a: Corviknight|atk|1
|move|p1a: Corviknight|Brave Bird|p2a: Sinistcha
|-supereffective|p2a: Sinistcha
|-damage|p2a: Sinistcha|52/100
|-damage|p1a: Corviknight|20/100|[from] Recoil
|
|-heal|p2a: Sinistcha|58/100|[from] item: Leftovers
|upkeep
|turn|8
|
|t:|1758261997
|move|p2a: Sinistcha|Strength Sap|p1a: Corviknight
|-unboost|p1a: Corviknight|atk|1
|-heal|p2a: Sinistcha|100/100
|move|p1a: Corviknight|Roost|p1a: Corviknight
|-heal|p1a: Corviknight|70/100
|-singleturn|p1a: Corviknight|move: Roost
|
|upkeep
|turn|9
|
|t:|1758262014
|switch|p1a: Goodra|Goodra, F|100/100
|move|p2a: Sinistcha|Iron Defense|p2a: Sinistcha
|-boost|p2a: Sinistcha|def|2
|
|upkeep
|turn|10
|
|t:|1758262026
|switch|p2a: Appletun|Appletun, F|100/100
|move|p1a: Goodra|Sludge Bomb|p2a: Appletun
|-supereffective|p2a: Appletun
|-damage|p2a: Appletun|62/100
|-status|p2a: Appletun|psn
|
|-heal|p2a: Appletun|68/100 psn|[from] item: Leftovers
|-damage|p2a: Appletun|56/100 psn|[from] psn
|upkeep
|turn|11
|
|t:|1758262037
|move|p1a: Goodra|Dragon Pulse|p2a: Appletun
|-supereffective|p2a: Appletun
|-damage|p2a: Appletun|0 fnt
|faint|p2a: Appletun
|
|upkeep
|
|t:|1758262041
|switch|p2a: Hydrapple|Hydrapple, M|100/100
|turn|12
|
|t:|1758262053
|-terastallize|p1a: Goodra|Fairy
|move|p1a: Goodra|Dragon Pulse|p2a: Hydrapple
|-supereffective|p2a: Hydrapple
|-damage|p2a: Hydrapple|11/100
|move|p2a: Hydrapple|Fickle Beam|p1a: Goodra
|-immune|p1a: Goodra
|
|-heal|p2a: Hydrapple|17/100|[from] item: Leftovers
|upkeep
|turn|13
|
|t:|1758262061
|move|p1a: Goodra|Dragon Pulse|p2a: Hydrapple
|-supereffective|p2a: Hydrapple
|-damage|p2a: Hydrapple|0 fnt
|faint|p2a: Hydrapple
|
|upkeep
|
|t:|1758262065
|switch|p2a: Polteageist|Polteageist|100/100
|turn|14
|
|t:|1758262073
|move|p2a: Polteageist|Shell Smash|p2a: Polteageist
|-unboost|p2a: Polteageist|def|1
|-unboost|p2a: Polteageist|spd|1
|-boost|p2a: Polteageist|atk|2
|-boost|p2a: Polteageist|spa|2
|-boost|p2a: Polteageist|spe|2
|move|p1a: Goodra|Sludge Bomb|p2a: Polteageist
|-resisted|p2a: Polteageist
|-damage|p2a: Polteageist|71/100
|
|upkeep
|turn|15
|
|t:|1758262084
|move|p2a: Polteageist|Stored Power|p1a: Goodra
|-damage|p1a: Goodra|54/100
|move|p1a: Goodra|Sludge Bomb|p2a: Polteageist
|-resisted|p2a: Polteageist
|-damage|p2a: Polteageist|47/100
|-status|p2a: Polteageist|psn
|
|-damage|p2a: Polteageist|35/100 psn|[from] psn
|upkeep
|turn|16
|
|t:|1758262096
|move|p2a: Polteageist|Giga Drain|p1a: Goodra
|-damage|p1a: Goodra|28/100
|-heal|p2a: Polteageist|54/100 psn|[from] drain|[of] p1a: Goodra
|move|p1a: Goodra|Sludge Bomb|p2a: Polteageist
|-resisted|p2a: Polteageist
|-damage|p2a: Polteageist|29/100 psn
|
|-damage|p2a: Polteageist|17/100 psn|[from] psn
|upkeep
|turn|17
|
|t:|1758262106
|move|p2a: Polteageist|Stored Power|p1a: Goodra
|-damage|p1a: Goodra|0 fnt
|faint|p1a: Goodra
|
|-damage|p2a: Polteageist|4/100 psn|[from] psn
|upkeep
|
|t:|1758262114
|switch|p1a: Lokix|Lokix, M|100/100
|turn|18
|
|t:|1758262120
|move|p1a: Lokix|First Impression|p2a: Polteageist
|-resisted|p2a: Polteageist
|-damage|p2a: Polteageist|0 fnt
|faint|p2a: Polteageist
|
|upkeep
|
|t:|1758262125
|switch|p2a: Sinistcha|Sinistcha|100/100
|turn|19
|
|t:|1758262131
|-terastallize|p2a: Sinistcha|Steel
|move|p1a: Lokix|Knock Off|p2a: Sinistcha
|-damage|p2a: Sinistcha|68/100
|-enditem|p2a: Sinistcha|Leftovers|[from] move: Knock Off|[of] p1a: Lokix
|move|p2a: Sinistcha|Strength Sap|p1a: Lokix
|-unboost|p1a: Lokix|atk|1
|-heal|p2a: Sinistcha|100/100
|
|upkeep
|turn|20
|
|t:|1758262144
|switch|p1a: Iron Moth|Iron Moth|100/100
|-enditem|p1a: Iron Moth|Booster Energy
|-activate|p1a: Iron Moth|ability: Quark Drive|[fromitem]
|-start|p1a: Iron Moth|quarkdrivespa
|move|p2a: Sinistcha|Calm Mind|p2a: Sinistcha
|-boost|p2a: Sinistcha|spa|1
|-boost|p2a: Sinistcha|spd|1
|
|upkeep
|turn|21
|
|t:|1758262152
|move|p1a: Iron Moth|Fiery Dance|p2a: Sinistcha
|-supereffective|p2a: Sinistcha
|-damage|p2a: Sinistcha|58/100
|move|p2a: Sinistcha|Calm Mind|p2a: Sinistcha
|-boost|p2a: Sinistcha|spa|1
|-boost|p2a: Sinistcha|spd|1
|
|upkeep
|turn|22
|
|t:|1758262159
|move|p1a: Iron Moth|Fiery Dance|p2a: Sinistcha
|-supereffective|p2a: Sinistcha
|-damage|p2a: Sinistcha|27/100
|-boost|p1a: Iron Moth|spa|1
|move|p2a: Sinistcha|Giga Drain|p1a: Iron Moth
|-resisted|p1a: Iron Moth
|-damage|p1a: Iron Moth|84/100
|-heal|p2a: Sinistcha|34/100|[from] drain|[of] p1a: Iron Moth
|
|upkeep
|turn|23
|
|t:|1758262168
|move|p1a: Iron Moth|Fiery Dance|p2a: Sinistcha
|-supereffective|p2a: Sinistcha
|-damage|p2a: Sinistcha|0 fnt
|-boost|p1a: Iron Moth|spa|1
|faint|p2a: Sinistcha
|
|win|TUMECENTZELL
|raw|TUMECENTZELL's rating: 1241 &rarr; <strong>1261</strong><br />(+20 for winning)
|raw|quixic4's rating: 1177 &rarr; <strong>1157</strong><br />(-20 for losing)
|l|☆quixic4
|player|p2|
|l|☆TUMECENTZELL
|player|p1|
