|j|☆kenxniper
|j|☆Red Icigool
|t:|1758348201
|gametype|singles
|player|p1|kenxniper|gladion-masters|1311
|player|p2|Red Icigool|swimmerf-gen4|1322
|gen|9
|tier|[Gen 9] OU
|rated|
|rule|HP Percentage Mod: HP is shown in percentages
|rule|Endless Battle Clause: Forcing endless battles is banned
|rule|Species Clause: Limit one of each Pokémon
|rule|OHKO Clause: OHKO moves are banned
|rule|Evasion Items Clause: Evasion items are banned
|rule|Evasion Moves Clause: Evasion moves are banned
|rule|Evasion Abilities Clause: Evasion abilities are banned
|rule|Sleep Moves Clause: Sleep-inducing moves are banned
|clearpoke
|poke|p1|Primarina, F|
|poke|p1|Raging Bolt|
|poke|p1|Scizor, M|
|poke|p1|Gholdengo|
|poke|p1|Great Tusk|
|poke|p1|Darkrai|
|poke|p2|Primarina, M|
|poke|p2|Slowbro-Galar, M|
|poke|p2|Ditto|
|poke|p2|Rillaboom, M|
|poke|p2|Zamazenta-*|
|poke|p2|Klefki, M|
|teampreview
|inactive|Battle timer is ON: inactive players will automatically lose when time's up. (requested by kenxniper)
|
|t:|1758348239
|teamsize|p1|6
|teamsize|p2|6
|start
|switch|p1a: Primarina|Primarina, F|100/100
|switch|p2a: Klefki|Klefki, M|100/100
|turn|1
|
|t:|1758348243
|move|p2a: Klefki|Switcheroo|p1a: Primarina
|-activate|p2a: Klefki|move: Trick|[of] p1a: Primarina
|-item|p1a: Primarina|Choice Scarf|[from] move: Switcheroo
|-item|p2a: Klefki|Assault Vest|[from] move: Switcheroo
|move|p1a: Primarina|Hydro Pump|p2a: Klefki
|-damage|p2a: Klefki|49/100
|
|upkeep
|turn|2
|
|t:|1758348253
|switch|p1a: Raging Bolt|Raging Bolt|100/100
|switch|p2a: Saladman|Rillaboom, M|100/100
|-fieldstart|move: Grassy Terrain|[from] ability: Grassy Surge|[of] p2a: Saladman
|
|upkeep
|turn|3
|
|t:|1758348257
|move|p2a: Saladman|U-turn|p1a: Raging Bolt
|-damage|p1a: Raging Bolt|70/100
|
|t:|1758348269
|switch|p2a: Fastbro|Slowbro-Galar, M, shiny|100/100|[from] U-turn
|move|p1a: Raging Bolt|Draco Meteor|p2a: Fastbro
|-damage|p2a: Fastbro|5/100
|-unboost|p1a: Raging Bolt|spa|2
|
|-heal|p1a: Raging Bolt|76/100|[from] Grassy Terrain
|-heal|p1a: Raging Bolt|82/100|[from] item: Leftovers
|-heal|p2a: Fastbro|11/100|[from] Grassy Terrain
|upkeep
|turn|4
|
|t:|1758348284
|switch|p2a: Saladman|Rillaboom, M|100/100
|move|p1a: Raging Bolt|Volt Switch|p2a: Saladman
|-resisted|p2a: Saladman
|-damage|p2a: Saladman|86/100
|
|t:|1758348290
|-end|p1a: Raging Bolt|Protosynthesis|[silent]
|switch|p1a: Scizor|Scizor, M|100/100|[from] Volt Switch
|
|-heal|p2a: Saladman|92/100|[from] Grassy Terrain
|upkeep
|turn|5
|
|t:|1758348298
|move|p2a: Saladman|U-turn|p1a: Scizor
|-resisted|p1a: Scizor
|-damage|p1a: Scizor|82/100
|
|t:|1758348305
|switch|p2a: You|Ditto|100/100|[from] U-turn
|-transform|p2a: You|p1a: Scizor|[from] ability: Imposter
|move|p1a: Scizor|Bug Bite|p2a: You
|-resisted|p2a: You
|-damage|p2a: You|72/100
|
|-heal|p2a: You|78/100|[from] Grassy Terrain
|-heal|p1a: Scizor|89/100|[from] Grassy Terrain
|-heal|p1a: Scizor|95/100|[from] item: Leftovers
|upkeep
|turn|6
|
|t:|1758348321
|switch|p1a: Gholdengo|Gholdengo|100/100
|move|p2a: You|Bug Bite|p1a: Gholdengo
|-resisted|p1a: Gholdengo
|-damage|p1a: Gholdengo|89/100
|
|-heal|p2a: You|84/100|[from] Grassy Terrain
|-heal|p1a: Gholdengo|95/100|[from] Grassy Terrain
|-heal|p1a: Gholdengo|100/100|[from] item: Leftovers
|-fieldend|move: Grassy Terrain
|upkeep
|turn|7
|
|t:|1758348329
|switch|p2a: Klefki|Klefki, M|49/100
|move|p1a: Gholdengo|Thunder Wave|p2a: Klefki
|-status|p2a: Klefki|par
|
|upkeep
|turn|8
|
|t:|1758348335
|move|p1a: Gholdengo|Hex|p2a: Klefki
|-damage|p2a: Klefki|0 fnt
|faint|p2a: Klefki
|
|upkeep
|
|t:|1758348340
|switch|p2a: Saladman|Rillaboom, M|92/100
|-fieldstart|move: Grassy Terrain|[from] ability: Grassy Surge|[of] p2a: Saladman
|turn|9
|
|t:|1758348358
|move|p2a: Saladman|Knock Off|p1a: Gholdengo
|-supereffective|p1a: Gholdengo
|-damage|p1a: Gholdengo|14/100
|-enditem|p1a: Gholdengo|Leftovers|[from] move: Knock Off|[of] p2a: Saladman
|move|p1a: Gholdengo|Thunder Wave|p2a: Saladman
|-status|p2a: Saladman|par
|
|-heal|p1a: Gholdengo|20/100|[from] Grassy Terrain
|-heal|p2a: Saladman|98/100 par|[from] Grassy Terrain
|upkeep
|turn|10
|
|t:|1758348378
|move|p1a: Gholdengo|Recover|p1a: Gholdengo
|-heal|p1a: Gholdengo|70/100
|move|p2a: Saladman|Knock Off|p1a: Gholdengo
|-supereffective|p1a: Gholdengo
|-damage|p1a: Gholdengo|4/100
|
|-heal|p1a: Gholdengo|10/100|[from] Grassy Terrain
|-heal|p2a: Saladman|100/100 par|[from] Grassy Terrain
|upkeep
|turn|11
|
|t:|1758348383
|move|p1a: Gholdengo|Hex|p2a: Saladman
|-damage|p2a: Saladman|6/100 par
|move|p2a: Saladman|Knock Off|p1a: Gholdengo
|-supereffective|p1a: Gholdengo
|-damage|p1a: Gholdengo|0 fnt
|faint|p1a: Gholdengo
|
|-heal|p2a: Saladman|13/100 par|[from] Grassy Terrain
|upkeep
|
|t:|1758348386
|switch|p1a: Scizor|Scizor, M|95/100
|turn|12
|
|t:|1758348394
|move|p1a: Scizor|Bullet Punch|p2a: Saladman
|-damage|p2a: Saladman|0 fnt
|faint|p2a: Saladman
|
|-heal|p1a: Scizor|100/100|[from] Grassy Terrain
|upkeep
|
|t:|1758348399
|switch|p2a: You|Ditto|84/100
|-transform|p2a: You|p1a: Scizor|[from] ability: Imposter
|turn|13
|inactive|kenxniper has 120 seconds left.
|
|t:|1758348430
|move|p2a: You|Bug Bite|p1a: Scizor
|-resisted|p1a: Scizor
|-damage|p1a: Scizor|73/100
|move|p1a: Scizor|Swords Dance|p1a: Scizor
|-boost|p1a: Scizor|atk|2
|
|-heal|p2a: You|90/100|[from] Grassy Terrain
|-heal|p1a: Scizor|79/100|[from] Grassy Terrain
|-heal|p1a: Scizor|85/100|[from] item: Leftovers
|-fieldend|move: Grassy Terrain
|upkeep
|turn|14
|
|t:|1758348436
|switch|p2a: Fastbro|Slowbro-Galar, M, shiny|11/100
|move|p1a: Scizor|Swords Dance|p1a: Scizor
|-boost|p1a: Scizor|atk|2
|
|-heal|p1a: Scizor|91/100|[from] item: Leftovers
|upkeep
|turn|15
|
|t:|1758348441
|switch|p1a: Raging Bolt|Raging Bolt|82/100
|move|p2a: Fastbro|Flamethrower|p1a: Raging Bolt
|-resisted|p1a: Raging Bolt
|-damage|p1a: Raging Bolt|71/100
|
|-heal|p1a: Raging Bolt|77/100|[from] item: Leftovers
|upkeep
|turn|16
|
|t:|1758348445
|move|p1a: Raging Bolt|Volt Switch|p2a: Fastbro
|-damage|p2a: Fastbro|0 fnt
|faint|p2a: Fastbro
|
|t:|1758348453
|-end|p1a: Raging Bolt|Protosynthesis|[silent]
|switch|p1a: Primarina|Primarina, F|100/100|[from] Volt Switch
|
|upkeep
|
|t:|1758348457
|switch|p2a: Aqua|Primarina, M|100/100
|turn|17
|
|t:|1758348461
|move|p1a: Primarina|Energy Ball|p2a: Aqua
|-supereffective|p2a: Aqua
|-damage|p2a: Aqua|44/100
|move|p2a: Aqua|Calm Mind|p2a: Aqua
|-boost|p2a: Aqua|spa|1
|-boost|p2a: Aqua|spd|1
|
|-heal|p2a: Aqua|50/100|[from] item: Leftovers
|upkeep
|turn|18
|
|t:|1758348467
|move|p1a: Primarina|Energy Ball|p2a: Aqua
|-supereffective|p2a: Aqua
|-crit|p2a: Aqua
|-damage|p2a: Aqua|0 fnt
|faint|p2a: Aqua
|
|upkeep
|
|t:|1758348473
|switch|p2a: You|Ditto|90/100
|-transform|p2a: You|p1a: Primarina|[from] ability: Imposter
|turn|19
|
|t:|1758348477
|move|p2a: You|Hydro Pump|p1a: Primarina|[miss]
|-miss|p2a: You|p1a: Primarina
|move|p1a: Primarina|Energy Ball|p2a: You
|-supereffective|p2a: You
|-damage|p2a: You|17/100
|
|upkeep
|turn|20
|
|t:|1758348480
|move|p1a: Primarina|Energy Ball|p2a: You
|-supereffective|p2a: You
|-damage|p2a: You|0 fnt
|faint|p2a: You
|
|upkeep
|
|t:|1758348484
|switch|p2a: Zamazenta|Zamazenta|100/100
|-ability|p2a: Zamazenta|Dauntless Shield|boost
|-boost|p2a: Zamazenta|def|1
|turn|21
|
|t:|1758348488
|switch|p1a: Scizor|Scizor, M|91/100
|move|p2a: Zamazenta|Substitute|p2a: Zamazenta
|-start|p2a: Zamazenta|Substitute
|-damage|p2a: Zamazenta|76/100
|
|-heal|p2a: Zamazenta|82/100|[from] item: Leftovers
|-heal|p1a: Scizor|97/100|[from] item: Leftovers
|upkeep
|turn|22
|
|t:|1758348492
|move|p2a: Zamazenta|Iron Defense|p2a: Zamazenta
|-boost|p2a: Zamazenta|def|2
|move|p1a: Scizor|Bug Bite|p2a: Zamazenta
|-resisted|p2a: Zamazenta
|-activate|p2a: Zamazenta|move: Substitute|[damage]
|
|-heal|p2a: Zamazenta|88/100|[from] item: Leftovers
|-heal|p1a: Scizor|100/100|[from] item: Leftovers
|upkeep
|turn|23
|
|t:|1758348497
|move|p2a: Zamazenta|Iron Defense|p2a: Zamazenta
|-boost|p2a: Zamazenta|def|2
|move|p1a: Scizor|Bug Bite|p2a: Zamazenta
|-resisted|p2a: Zamazenta
|-activate|p2a: Zamazenta|move: Substitute|[damage]
|
|-heal|p2a: Zamazenta|94/100|[from] item: Leftovers
|upkeep
|turn|24
|
|t:|1758348502
|move|p2a: Zamazenta|Iron Defense|p2a: Zamazenta
|-boost|p2a: Zamazenta|def|1
|move|p1a: Scizor|Bug Bite|p2a: Zamazenta
|-resisted|p2a: Zamazenta
|-activate|p2a: Zamazenta|move: Substitute|[damage]
|
|-heal|p2a: Zamazenta|100/100|[from] item: Leftovers
|upkeep
|turn|25
|
|t:|1758348509
|move|p2a: Zamazenta|Body Press|p1a: Scizor
|-damage|p1a: Scizor|0 fnt
|faint|p1a: Scizor
|
|upkeep
|
|t:|1758348513
|switch|p1a: Raging Bolt|Raging Bolt|77/100
|turn|26
|
|t:|1758348519
|move|p1a: Raging Bolt|Thunderclap||[still]
|-fail|p1a: Raging Bolt
|move|p2a: Zamazenta|Substitute|p2a: Zamazenta
|-fail|p2a: Zamazenta|move: Substitute
|
|-heal|p1a: Raging Bolt|83/100|[from] item: Leftovers
|upkeep
|turn|27
|
|t:|1758348523
|move|p1a: Raging Bolt|Thunderclap||[still]
|-fail|p1a: Raging Bolt
|move|p2a: Zamazenta|Substitute|p2a: Zamazenta
|-fail|p2a: Zamazenta|move: Substitute
|
|-heal|p1a: Raging Bolt|89/100|[from] item: Leftovers
|upkeep
|turn|28
|
|t:|1758348526
|move|p2a: Zamazenta|Iron Defense|p2a: Zamazenta
|-boost|p2a: Zamazenta|def|0
|move|p1a: Raging Bolt|Volt Switch|p2a: Zamazenta
|-end|p2a: Zamazenta|Substitute
|
|t:|1758348531
|-end|p1a: Raging Bolt|Protosynthesis|[silent]
|switch|p1a: Darkrai|Darkrai|100/100|[from] Volt Switch
|-item|p1a: Darkrai|Air Balloon
|
|upkeep
|turn|29
|
|t:|1758348538
|move|p2a: Zamazenta|Substitute|p2a: Zamazenta
|-start|p2a: Zamazenta|Substitute
|-damage|p2a: Zamazenta|76/100
|move|p1a: Darkrai|Ice Beam|p2a: Zamazenta
|-end|p2a: Zamazenta|Substitute
|
|-heal|p2a: Zamazenta|82/100|[from] item: Leftovers
|upkeep
|turn|30
|
|t:|1758348541
|move|p2a: Zamazenta|Body Press|p1a: Darkrai
|-supereffective|p1a: Darkrai
|-crit|p1a: Darkrai
|-damage|p1a: Darkrai|0 fnt
|-enditem|p1a: Darkrai|Air Balloon
|faint|p1a: Darkrai
|
|-heal|p2a: Zamazenta|88/100|[from] item: Leftovers
|upkeep
|
|t:|1758348550
|switch|p1a: Primarina|Primarina, F|100/100
|turn|31
|
|t:|1758348567
|-terastallize|p2a: Zamazenta|Ground
|move|p2a: Zamazenta|Body Press|p1a: Primarina
|-resisted|p1a: Primarina
|-damage|p1a: Primarina|30/100
|move|p1a: Primarina|Moonblast|p2a: Zamazenta
|-damage|p2a: Zamazenta|44/100
|
|-heal|p2a: Zamazenta|51/100|[from] item: Leftovers
|upkeep
|turn|32
|
|t:|1758348574
|move|p2a: Zamazenta|Body Press|p1a: Primarina
|-resisted|p1a: Primarina
|-damage|p1a: Primarina|0 fnt
|faint|p1a: Primarina
|
|-heal|p2a: Zamazenta|57/100|[from] item: Leftovers
|upkeep
|
|t:|1758348581
|switch|p1a: Great Tusk|Great Tusk|100/100
|turn|33
|
|t:|1758348586
|-terastallize|p1a: Great Tusk|Ghost
|move|p2a: Zamazenta|Body Press|p1a: Great Tusk
|-immune|p1a: Great Tusk
|move|p1a: Great Tusk|Rapid Spin|p2a: Zamazenta
|-damage|p2a: Zamazenta|53/100
|-boost|p1a: Great Tusk|spe|1
|
|-heal|p2a: Zamazenta|59/100|[from] item: Leftovers
|upkeep
|turn|34
|
|t:|1758348590
|move|p1a: Great Tusk|Ice Spinner|p2a: Zamazenta
|-supereffective|p2a: Zamazenta
|-damage|p2a: Zamazenta|49/100
|move|p2a: Zamazenta|Heavy Slam|p1a: Great Tusk
|-damage|p1a: Great Tusk|92/100
|
|-heal|p2a: Zamazenta|55/100|[from] item: Leftovers
|upkeep
|turn|35
|
|t:|1758348596
|move|p1a: Great Tusk|Ice Spinner|p2a: Zamazenta
|-supereffective|p2a: Zamazenta
|-damage|p2a: Zamazenta|43/100
|move|p2a: Zamazenta|Substitute|p2a: Zamazenta
|-start|p2a: Zamazenta|Substitute
|-damage|p2a: Zamazenta|18/100
|
|-heal|p2a: Zamazenta|24/100|[from] item: Leftovers
|upkeep
|turn|36
|
|t:|1758348602
|move|p1a: Great Tusk|Ice Spinner|p2a: Zamazenta
|-supereffective|p2a: Zamazenta
|-activate|p2a: Zamazenta|move: Substitute|[damage]
|move|p2a: Zamazenta|Heavy Slam|p1a: Great Tusk
|-damage|p1a: Great Tusk|83/100
|
|-heal|p2a: Zamazenta|30/100|[from] item: Leftovers
|upkeep
|turn|37
|
|t:|1758348608
|move|p1a: Great Tusk|Ice Spinner|p2a: Zamazenta
|-supereffective|p2a: Zamazenta
|-activate|p2a: Zamazenta|move: Substitute|[damage]
|move|p2a: Zamazenta|Heavy Slam|p1a: Great Tusk
|-damage|p1a: Great Tusk|75/100
|
|-heal|p2a: Zamazenta|37/100|[from] item: Leftovers
|upkeep
|turn|38
|
|t:|1758348616
|move|p1a: Great Tusk|Ice Spinner|p2a: Zamazenta
|-supereffective|p2a: Zamazenta
|-end|p2a: Zamazenta|Substitute
|move|p2a: Zamazenta|Heavy Slam|p1a: Great Tusk
|-damage|p1a: Great Tusk|67/100
|
|-heal|p2a: Zamazenta|43/100|[from] item: Leftovers
|upkeep
|turn|39
|
|t:|1758348624
|move|p1a: Great Tusk|Ice Spinner|p2a: Zamazenta
|-supereffective|p2a: Zamazenta
|-damage|p2a: Zamazenta|33/100
|move|p2a: Zamazenta|Substitute|p2a: Zamazenta
|-start|p2a: Zamazenta|Substitute
|-damage|p2a: Zamazenta|8/100
|
|-heal|p2a: Zamazenta|14/100|[from] item: Leftovers
|upkeep
|turn|40
|
|t:|1758348627
|move|p1a: Great Tusk|Ice Spinner|p2a: Zamazenta
|-supereffective|p2a: Zamazenta
|-activate|p2a: Zamazenta|move: Substitute|[damage]
|move|p2a: Zamazenta|Heavy Slam|p1a: Great Tusk
|-damage|p1a: Great Tusk|58/100
|
|-heal|p2a: Zamazenta|20/100|[from] item: Leftovers
|upkeep
|turn|41
|
|t:|1758348636
|move|p1a: Great Tusk|Ice Spinner|p2a: Zamazenta
|-supereffective|p2a: Zamazenta
|-activate|p2a: Zamazenta|move: Substitute|[damage]
|move|p2a: Zamazenta|Heavy Slam|p1a: Great Tusk
|-damage|p1a: Great Tusk|51/100
|
|-heal|p2a: Zamazenta|26/100|[from] item: Leftovers
|upkeep
|turn|42
|
|t:|1758348643
|move|p1a: Great Tusk|Ice Spinner|p2a: Zamazenta
|-supereffective|p2a: Zamazenta
|-end|p2a: Zamazenta|Substitute
|move|p2a: Zamazenta|Heavy Slam|p1a: Great Tusk
|-damage|p1a: Great Tusk|43/100
|
|-heal|p2a: Zamazenta|33/100|[from] item: Leftovers
|upkeep
|turn|43
|
|t:|1758348651
|move|p1a: Great Tusk|Ice Spinner|p2a: Zamazenta
|-supereffective|p2a: Zamazenta
|-damage|p2a: Zamazenta|21/100
|move|p2a: Zamazenta|Substitute|p2a: Zamazenta
|-fail|p2a: Zamazenta|move: Substitute|[weak]
|
|-heal|p2a: Zamazenta|27/100|[from] item: Leftovers
|upkeep
|turn|44
|
|t:|1758348655
|move|p1a: Great Tusk|Ice Spinner|p2a: Zamazenta
|-supereffective|p2a: Zamazenta
|-damage|p2a: Zamazenta|15/100
|move|p2a: Zamazenta|Heavy Slam|p1a: Great Tusk
|-damage|p1a: Great Tusk|35/100
|
|-heal|p2a: Zamazenta|21/100|[from] item: Leftovers
|upkeep
|turn|45
|
|t:|1758348661
|move|p1a: Great Tusk|Ice Spinner|p2a: Zamazenta
|-supereffective|p2a: Zamazenta
|-damage|p2a: Zamazenta|10/100
|move|p2a: Zamazenta|Heavy Slam|p1a: Great Tusk
|-damage|p1a: Great Tusk|27/100
|
|-heal|p2a: Zamazenta|17/100|[from] item: Leftovers
|upkeep
|turn|46
|
|t:|1758348665
|move|p1a: Great Tusk|Ice Spinner|p2a: Zamazenta
|-supereffective|p2a: Zamazenta
|-damage|p2a: Zamazenta|5/100
|move|p2a: Zamazenta|Heavy Slam|p1a: Great Tusk
|-damage|p1a: Great Tusk|18/100
|
|-heal|p2a: Zamazenta|11/100|[from] item: Leftovers
|upkeep
|turn|47
|
|t:|1758348668
|move|p1a: Great Tusk|Ice Spinner|p2a: Zamazenta
|-supereffective|p2a: Zamazenta
|-damage|p2a: Zamazenta|0 fnt
|faint|p2a: Zamazenta
|
|win|kenxniper
|raw|kenxniper's rating: 1311 &rarr; <strong>1332</strong><br />(+21 for winning)
|raw|Red Icigool's rating: 1322 &rarr; <strong>1301</strong><br />(-21 for losing)
|c|☆Red Icigool|ggwp
|c|☆kenxniper|gg
|l|☆Red Icigool
|player|p2|
|l|☆kenxniper
|player|p1|
