|j|☆xAllmight
|j|☆MichiFeliz
|t:|1758232047
|gametype|singles
|player|p1|xAllmight|101|1138
|player|p2|MichiFeliz|pokemonrangerf-gen4|1150
|gen|9
|tier|[Gen 9] OU
|rated|
|rule|HP Percentage Mod: HP is shown in percentages
|rule|Endless Battle Clause: Forcing endless battles is banned
|rule|Species Clause: Limit one of each Pokémon
|rule|OHKO Clause: OHKO moves are banned
|rule|Evasion Items Clause: Evasion items are banned
|rule|Evasion Moves Clause: Evasion moves are banned
|rule|Evasion Abilities Clause: Evasion abilities are banned
|rule|Sleep Moves Clause: Sleep-inducing moves are banned
|clearpoke
|poke|p1|Iron Crown|
|poke|p1|Samurott-Hisui, F|
|poke|p1|Zapdos|
|poke|p1|Dragapult, M|
|poke|p1|Great Tusk|
|poke|p1|Iron Boulder|
|poke|p2|Hippowdon, F|
|poke|p2|Vileplume, F|
|poke|p2|Swampert, F|
|poke|p2|Arcanine, M|
|poke|p2|Misdreavus, F|
|poke|p2|Floatzel, M|
|teampreview
|inactive|Battle timer is ON: inactive players will automatically lose when time's up. (requested by MichiFeliz)
|
|t:|1758232066
|teamsize|p1|6
|teamsize|p2|6
|start
|switch|p1a: Everytime We Touch|Samurott-Hisui, F|100/100
|switch|p2a: Swampert|Swampert, F|100/100
|turn|1
|
|t:|1758232082
|move|p1a: Everytime We Touch|Flip Turn|p2a: Swampert
|-damage|p2a: Swampert|75/100
|
|t:|1758232085
|switch|p1a: Hurikan|Zapdos|100/100|[from] Flip Turn
|move|p2a: Swampert|Earthquake|p1a: Hurikan
|-immune|p1a: Hurikan
|
|upkeep
|turn|2
|
|t:|1758232105
|move|p1a: Hurikan|U-turn|p2a: Swampert
|-damage|p2a: Swampert|63/100
|
|t:|1758232107
|switch|p1a: Pump It|Great Tusk|100/100|[from] U-turn
|move|p2a: Swampert|Rain Dance|p2a: Swampert
|-weather|RainDance
|
|-weather|RainDance|[upkeep]
|upkeep
|turn|3
|
|t:|1758232121
|-end|p1a: Pump It|Protosynthesis|[silent]
|switch|p1a: Hurikan|Zapdos|100/100
|move|p2a: Swampert|Flip Turn|p1a: Hurikan
|-damage|p1a: Hurikan|65/100
|
|t:|1758232128
|switch|p2a: Floatzel|Floatzel, M|100/100|[from] Flip Turn
|
|-weather|RainDance|[upkeep]
|upkeep
|turn|4
|
|t:|1758232138
|move|p2a: Floatzel|Wave Crash|p1a: Hurikan
|-crit|p1a: Hurikan
|-damage|p1a: Hurikan|0 fnt
|faint|p1a: Hurikan
|-damage|p2a: Floatzel|74/100|[from] Recoil
|
|-weather|RainDance|[upkeep]
|upkeep
|
|t:|1758232150
|switch|p1a: Parasite|Dragapult, M|100/100
|turn|5
|
|t:|1758232156
|move|p2a: Floatzel|Wave Crash|p1a: Parasite
|-resisted|p1a: Parasite
|-damage|p1a: Parasite|10/100
|-damage|p2a: Floatzel|44/100|[from] Recoil
|move|p1a: Parasite|Dragon Darts|p2a: Floatzel
|-damage|p2a: Floatzel|0 fnt
|faint|p2a: Floatzel
|
|-weather|RainDance|[upkeep]
|upkeep
|
|t:|1758232175
|switch|p2a: Swampert|Swampert, F|63/100
|turn|6
|
|t:|1758232179
|move|p1a: Parasite|Dragon Darts|p2a: Swampert
|-damage|p2a: Swampert|27/100
|-anim|p1a: Parasite|Dragon Darts|p2a: Swampert
|-damage|p2a: Swampert|0 fnt
|faint|p2a: Swampert
|
|-weather|RainDance|[upkeep]
|upkeep
|
|t:|1758232183
|switch|p2a: Vileplume|Vileplume, F|100/100
|turn|7
|
|t:|1758232203
|switch|p1a: Pump It|Great Tusk|100/100
|move|p2a: Vileplume|Sludge Bomb|p1a: Pump It
|-resisted|p1a: Pump It
|-damage|p1a: Pump It|56/100
|-damage|p2a: Vileplume|91/100|[from] item: Life Orb
|
|-weather|RainDance|[upkeep]
|upkeep
|turn|8
|
|t:|1758232218
|move|p1a: Pump It|Stealth Rock|p2a: Vileplume
|-sidestart|p2: MichiFeliz|move: Stealth Rock
|move|p2a: Vileplume|Weather Ball|p1a: Pump It
|-supereffective|p1a: Pump It
|-damage|p1a: Pump It|0 fnt
|faint|p1a: Pump It
|-end|p1a: Pump It|Protosynthesis|[silent]
|-damage|p2a: Vileplume|81/100|[from] item: Life Orb
|
|-weather|RainDance|[upkeep]
|upkeep
|
|t:|1758232227
|switch|p1a: Mindreader|Iron Crown|100/100
|turn|9
|
|t:|1758232242
|move|p1a: Mindreader|Volt Switch|p2a: Vileplume
|-resisted|p2a: Vileplume
|-damage|p2a: Vileplume|62/100
|
|t:|1758232251
|-end|p1a: Mindreader|Quark Drive|[silent]
|switch|p1a: Revery|Iron Boulder|100/100|[from] Volt Switch
|-enditem|p1a: Revery|Booster Energy
|-activate|p1a: Revery|ability: Quark Drive|[fromitem]
|-start|p1a: Revery|quarkdrivespe
|move|p2a: Vileplume|Weather Ball|p1a: Revery
|-supereffective|p1a: Revery
|-damage|p1a: Revery|0 fnt
|faint|p1a: Revery
|-end|p1a: Revery|Quark Drive|[silent]
|-damage|p2a: Vileplume|52/100|[from] item: Life Orb
|
|-weather|none
|upkeep
|inactive|xAllmight has 120 seconds left.
|
|t:|1758232267
|switch|p1a: Mindreader|Iron Crown|100/100
|turn|10
|
|t:|1758232272
|move|p1a: Mindreader|Psyshock|p2a: Vileplume
|-supereffective|p2a: Vileplume
|-damage|p2a: Vileplume|0 fnt
|faint|p2a: Vileplume
|
|upkeep
|
|t:|1758232275
|switch|p2a: Arcanine|Arcanine, M|100/100
|-damage|p2a: Arcanine|76/100|[from] Stealth Rock
|-ability|p2a: Arcanine|Intimidate|boost
|-unboost|p1a: Mindreader|atk|1
|turn|11
|
|t:|1758232281
|-end|p1a: Mindreader|Quark Drive|[silent]
|switch|p1a: Everytime We Touch|Samurott-Hisui, F|100/100
|move|p2a: Arcanine|Overheat|p1a: Everytime We Touch
|-resisted|p1a: Everytime We Touch
|-damage|p1a: Everytime We Touch|41/100
|-unboost|p2a: Arcanine|spa|2
|
|upkeep
|turn|12
|
|t:|1758232297
|move|p1a: Everytime We Touch|Razor Shell|p2a: Arcanine
|-supereffective|p2a: Arcanine
|-damage|p2a: Arcanine|0 fnt
|faint|p2a: Arcanine
|
|upkeep
|
|t:|1758232303
|switch|p2a: Misdreavus|Misdreavus, F|100/100
|-damage|p2a: Misdreavus|88/100|[from] Stealth Rock
|turn|13
|
|t:|1758232316
|move|p1a: Everytime We Touch|Razor Shell|p2a: Misdreavus
|-damage|p2a: Misdreavus|16/100
|move|p2a: Misdreavus|Thunder|p1a: Everytime We Touch
|-supereffective|p1a: Everytime We Touch
|-crit|p1a: Everytime We Touch
|-damage|p1a: Everytime We Touch|0 fnt
|faint|p1a: Everytime We Touch
|
|upkeep
|
|t:|1758232324
|switch|p1a: Parasite|Dragapult, M|10/100
|turn|14
|
|t:|1758232341
|move|p1a: Parasite|Dragon Darts|p2a: Misdreavus
|-damage|p2a: Misdreavus|0 fnt
|faint|p2a: Misdreavus
|
|upkeep
|
|t:|1758232344
|switch|p2a: Hippowdon|Hippowdon, F|100/100
|-damage|p2a: Hippowdon|94/100|[from] Stealth Rock
|-weather|Sandstorm|[from] ability: Sand Stream|[of] p2a: Hippowdon
|turn|15
|
|t:|1758232350
|move|p1a: Parasite|Dragon Darts|p2a: Hippowdon
|-damage|p2a: Hippowdon|75/100
|-anim|p1a: Parasite|Dragon Darts|p2a: Hippowdon
|-damage|p2a: Hippowdon|55/100
|-enditem|p2a: Hippowdon|Red Card|[of] p1a: Parasite
|drag|p1a: Mindreader|Iron Crown|100/100
|move|p2a: Hippowdon|Stealth Rock|p1a: Mindreader
|-sidestart|p1: xAllmight|move: Stealth Rock
|
|-weather|Sandstorm|[upkeep]
|upkeep
|turn|16
|
|t:|1758232376
|move|p1a: Mindreader|Psyshock|p2a: Hippowdon
|-damage|p2a: Hippowdon|24/100
|move|p2a: Hippowdon|Slack Off|p2a: Hippowdon
|-heal|p2a: Hippowdon|74/100
|
|-weather|Sandstorm|[upkeep]
|upkeep
|turn|17
|
|t:|1758232382
|move|p1a: Mindreader|Psyshock|p2a: Hippowdon
|-damage|p2a: Hippowdon|40/100
|move|p2a: Hippowdon|Slack Off|p2a: Hippowdon
|-heal|p2a: Hippowdon|90/100
|
|-weather|Sandstorm|[upkeep]
|upkeep
|turn|18
|
|t:|1758232389
|move|p1a: Mindreader|Psyshock|p2a: Hippowdon
|-damage|p2a: Hippowdon|57/100
|move|p2a: Hippowdon|Earthquake|p1a: Mindreader
|-supereffective|p1a: Mindreader
|-damage|p1a: Mindreader|16/100
|
|-weather|Sandstorm|[upkeep]
|upkeep
|turn|19
|
|t:|1758232396
|move|p1a: Mindreader|Psyshock|p2a: Hippowdon
|-damage|p2a: Hippowdon|24/100
|move|p2a: Hippowdon|Earthquake|p1a: Mindreader
|-supereffective|p1a: Mindreader
|-damage|p1a: Mindreader|0 fnt
|faint|p1a: Mindreader
|-end|p1a: Mindreader|Quark Drive|[silent]
|
|-weather|none
|upkeep
|
|t:|1758232403
|switch|p1a: Parasite|Dragapult, M|10/100
|-damage|p1a: Parasite|0 fnt|[from] Stealth Rock
|faint|p1a: Parasite
|
|win|MichiFeliz
|raw|xAllmight's rating: 1138 &rarr; <strong>1114</strong><br />(-24 for losing)
|raw|MichiFeliz's rating: 1150 &rarr; <strong>1174</strong><br />(+24 for winning)
|l|☆MichiFeliz
|player|p2|
|l|☆xAllmight
|player|p1|
