|j|☆Lord Spink
|j|☆wall_of_wonder
|t:|1758255850
|gametype|singles
|player|p1|Lord Spink|2|1247
|player|p2|wall_of_wonder|cynthia-gen4|1252
|gen|9
|tier|[Gen 9] OU
|rated|
|rule|HP Percentage Mod: HP is shown in percentages
|rule|Endless Battle Clause: Forcing endless battles is banned
|rule|Species Clause: Limit one of each Pokémon
|rule|OHKO Clause: OHKO moves are banned
|rule|Evasion Items Clause: Evasion items are banned
|rule|Evasion Moves Clause: Evasion moves are banned
|rule|Evasion Abilities Clause: Evasion abilities are banned
|rule|Sleep Moves Clause: Sleep-inducing moves are banned
|clearpoke
|poke|p1|Samurott-Hisui, M|
|poke|p1|Arcanine, M|
|poke|p1|Hatterene, F|
|poke|p1|Glimmora, F|
|poke|p1|Forretress, F|
|poke|p1|Porygon-Z|
|poke|p2|Ogerpon-Wellspring, F|
|poke|p2|Gliscor, M|
|poke|p2|Gholdengo|
|poke|p2|Corviknight, F|
|poke|p2|Iron Moth|
|poke|p2|Weavile, M|
|teampreview
|inactive|Battle timer is ON: inactive players will automatically lose when time's up. (requested by Lord Spink)
|
|t:|1758255865
|teamsize|p1|6
|teamsize|p2|6
|start
|switch|p1a: Big Polydipsia|Porygon-Z|100/100
|switch|p2a: Weavile|Weavile, M|100/100
|-ability|p2a: Weavile|Pressure
|turn|1
|
|t:|1758255887
|move|p1a: Big Polydipsia|Tera Blast|p2a: Weavile
|-damage|p2a: Weavile|25/100
|move|p2a: Weavile|Knock Off|p1a: Big Polydipsia
|-damage|p1a: Big Polydipsia|14/100
|-enditem|p1a: Big Polydipsia|Choice Scarf|[from] move: Knock Off|[of] p2a: Weavile
|-damage|p2a: Weavile|15/100|[from] item: Life Orb
|
|upkeep
|turn|2
|
|t:|1758255898
|switch|p1a: Big Archibald|Arcanine, M|100/100
|-ability|p1a: Big Archibald|Intimidate|boost
|-unboost|p2a: Weavile|atk|1
|move|p2a: Weavile|Low Kick|p1a: Big Archibald
|-damage|p1a: Big Archibald|69/100
|-damage|p2a: Weavile|5/100|[from] item: Life Orb
|
|upkeep
|turn|3
|
|t:|1758255909
|switch|p2a: Iron Moth|Iron Moth|100/100
|-enditem|p2a: Iron Moth|Booster Energy
|-activate|p2a: Iron Moth|ability: Quark Drive|[fromitem]
|-start|p2a: Iron Moth|quarkdrivespe
|move|p1a: Big Archibald|Extreme Speed|p2a: Iron Moth
|-damage|p2a: Iron Moth|45/100
|
|upkeep
|turn|4
|
|t:|1758255923
|-end|p2a: Iron Moth|Quark Drive|[silent]
|switch|p2a: Gholdengo|Gholdengo|100/100
|move|p1a: Big Archibald|Extreme Speed|p2a: Gholdengo
|-immune|p2a: Gholdengo
|
|upkeep
|turn|5
|
|t:|1758255935
|switch|p1a: Big Samuel|Samurott-Hisui, M|100/100
|move|p2a: Gholdengo|Shadow Ball|p1a: Big Samuel
|-resisted|p1a: Big Samuel
|-damage|p1a: Big Samuel|69/100
|
|upkeep
|turn|6
|
|t:|1758255947
|switch|p2a: Ogerpon|Ogerpon-Wellspring, F|100/100
|move|p1a: Big Samuel|Ceaseless Edge|p2a: Ogerpon|[miss]
|-miss|p1a: Big Samuel|p2a: Ogerpon
|
|upkeep
|turn|7
|
|t:|1758255960
|switch|p1a: Big Francesca|Forretress, F|100/100
|move|p2a: Ogerpon|Ivy Cudgel|p1a: Big Francesca|[anim] Ivy Cudgel Water
|-damage|p1a: Big Francesca|69/100
|
|upkeep
|turn|8
|
|t:|1758255967
|move|p2a: Ogerpon|Leech Seed|p1a: Big Francesca
|-start|p1a: Big Francesca|move: Leech Seed
|move|p1a: Big Francesca|Thunder Wave|p2a: Ogerpon
|-status|p2a: Ogerpon|par
|
|-damage|p1a: Big Francesca|57/100|[from] Leech Seed|[of] p2a: Ogerpon
|upkeep
|turn|9
|
|t:|1758255973
|switch|p2a: Gholdengo|Gholdengo|100/100
|move|p1a: Big Francesca|Volt Switch|p2a: Gholdengo
|-damage|p2a: Gholdengo|88/100
|
|t:|1758255979
|switch|p1a: Big Samuel|Samurott-Hisui, M|69/100|[from] Volt Switch
|
|upkeep
|turn|10
|
|t:|1758255984
|-terastallize|p2a: Gholdengo|Fighting
|move|p2a: Gholdengo|Focus Blast|p1a: Big Samuel
|-supereffective|p1a: Big Samuel
|-damage|p1a: Big Samuel|0 fnt
|faint|p1a: Big Samuel
|
|upkeep
|inactive|Lord Spink has 120 seconds left.
|
|t:|1758256026
|switch|p1a: Big Hermoine|Hatterene, F|100/100
|turn|11
|
|t:|1758256033
|switch|p2a: Gliscor|Gliscor, M|100/100
|-terastallize|p1a: Big Hermoine|Psychic
|move|p1a: Big Hermoine|Draining Kiss|p2a: Gliscor
|-damage|p2a: Gliscor|67/100
|
|-status|p2a: Gliscor|tox|[from] item: Toxic Orb
|upkeep
|turn|12
|
|t:|1758256042
|move|p2a: Gliscor|Toxic|p1a: Big Hermoine
|move|p1a: Big Hermoine|Toxic|p2a: Gliscor|[from] ability: Magic Bounce
|-fail|p2a: Gliscor|tox
|move|p1a: Big Hermoine|Future Sight|p2a: Gliscor
|-start|p1a: Big Hermoine|move: Future Sight
|
|-heal|p2a: Gliscor|79/100 tox|[from] ability: Poison Heal
|upkeep
|turn|13
|
|t:|1758256056
|move|p2a: Gliscor|Protect|p2a: Gliscor
|-singleturn|p2a: Gliscor|Protect
|move|p1a: Big Hermoine|Giga Drain|p2a: Gliscor
|-activate|p2a: Gliscor|move: Protect
|
|-heal|p2a: Gliscor|92/100 tox|[from] ability: Poison Heal
|upkeep
|turn|14
|
|t:|1758256072
|switch|p2a: Weavile|Weavile, M|5/100
|-ability|p2a: Weavile|Pressure
|move|p1a: Big Hermoine|Giga Drain|p2a: Weavile
|-damage|p2a: Weavile|0 fnt
|faint|p2a: Weavile
|
|-hint|Future Sight did not hit because the target is fainted.
|upkeep
|
|t:|1758256094
|switch|p2a: Gholdengo|Gholdengo, tera:Fighting|88/100
|turn|15
|
|t:|1758256100
|move|p2a: Gholdengo|Shadow Ball|p1a: Big Hermoine
|-supereffective|p1a: Big Hermoine
|-damage|p1a: Big Hermoine|39/100
|move|p1a: Big Hermoine|Draining Kiss|p2a: Gholdengo
|-supereffective|p2a: Gholdengo
|-damage|p2a: Gholdengo|17/100
|-heal|p1a: Big Hermoine|92/100|[from] drain|[of] p2a: Gholdengo
|
|upkeep
|turn|16
|
|t:|1758256113
|move|p2a: Gholdengo|Shadow Ball|p1a: Big Hermoine
|-supereffective|p1a: Big Hermoine
|-damage|p1a: Big Hermoine|36/100
|move|p1a: Big Hermoine|Draining Kiss|p2a: Gholdengo
|-supereffective|p2a: Gholdengo
|-damage|p2a: Gholdengo|0 fnt
|-heal|p1a: Big Hermoine|48/100|[from] drain|[of] p2a: Gholdengo
|faint|p2a: Gholdengo
|
|upkeep
|
|t:|1758256136
|switch|p2a: Iron Moth|Iron Moth|45/100
|turn|17
|
|t:|1758256161
|move|p2a: Iron Moth|Fiery Dance|p1a: Big Hermoine
|-damage|p1a: Big Hermoine|18/100
|move|p1a: Big Hermoine|Future Sight|p2a: Iron Moth
|-start|p1a: Big Hermoine|move: Future Sight
|
|upkeep
|turn|18
|
|t:|1758256168
|move|p2a: Iron Moth|Fiery Dance|p1a: Big Hermoine
|-damage|p1a: Big Hermoine|0 fnt
|-boost|p2a: Iron Moth|spa|1
|faint|p1a: Big Hermoine
|
|upkeep
|
|t:|1758256174
|switch|p1a: Big Archibald|Arcanine, M|69/100
|-ability|p1a: Big Archibald|Intimidate|boost
|-unboost|p2a: Iron Moth|atk|1
|turn|19
|
|t:|1758256186
|switch|p1a: Big Polydipsia|Porygon-Z|14/100
|move|p2a: Iron Moth|Sludge Wave|p1a: Big Polydipsia
|-damage|p1a: Big Polydipsia|0 fnt
|faint|p1a: Big Polydipsia
|
|-end|p2a: Iron Moth|move: Future Sight
|-supereffective|p2a: Iron Moth
|-damage|p2a: Iron Moth|0 fnt
|faint|p2a: Iron Moth
|-end|p2a: Iron Moth|Quark Drive|[silent]
|upkeep
|
|t:|1758256198
|switch|p2a: Ogerpon|Ogerpon-Wellspring, F|100/100 par
|switch|p1a: Big Francesca|Forretress, F|57/100
|turn|20
|
|t:|1758256203
|move|p2a: Ogerpon|Ivy Cudgel|p1a: Big Francesca|[anim] Ivy Cudgel Water
|-damage|p1a: Big Francesca|25/100
|move|p1a: Big Francesca|Volt Switch|p2a: Ogerpon
|-damage|p2a: Ogerpon|89/100 par
|
|t:|1758256211
|switch|p1a: Big Gemma|Glimmora, F|100/100|[from] Volt Switch
|
|upkeep
|turn|21
|
|t:|1758256216
|move|p1a: Big Gemma|Sludge Wave|p2a: Ogerpon
|-supereffective|p2a: Ogerpon
|-damage|p2a: Ogerpon|0 fnt
|faint|p2a: Ogerpon
|
|upkeep
|
|t:|1758256220
|switch|p2a: Gliscor|Gliscor, M|92/100 tox
|turn|22
|
|t:|1758256224
|switch|p1a: Big Francesca|Forretress, F|25/100
|move|p2a: Gliscor|Earthquake|p1a: Big Francesca
|-damage|p1a: Big Francesca|7/100
|
|-heal|p2a: Gliscor|100/100 tox|[from] ability: Poison Heal
|upkeep
|turn|23
|
|t:|1758256232
|move|p2a: Gliscor|Earthquake|p1a: Big Francesca
|-damage|p1a: Big Francesca|0 fnt
|faint|p1a: Big Francesca
|
|upkeep
|
|t:|1758256254
|switch|p1a: Big Gemma|Glimmora, F|100/100
|turn|24
|
|t:|1758256260
|move|p1a: Big Gemma|Power Gem|p2a: Gliscor
|-damage|p2a: Gliscor|29/100 tox
|move|p2a: Gliscor|Spikes|p1a: Big Gemma
|-sidestart|p1: Lord Spink|Spikes
|
|-heal|p2a: Gliscor|41/100 tox|[from] ability: Poison Heal
|upkeep
|turn|25
|
|t:|1758256267
|switch|p1a: Big Archibald|Arcanine, M|69/100
|-damage|p1a: Big Archibald|56/100|[from] Spikes
|-ability|p1a: Big Archibald|Intimidate|boost
|-unboost|p2a: Gliscor|atk|1
|move|p2a: Gliscor|Protect||[still]
|-fail|p2a: Gliscor
|
|-heal|p2a: Gliscor|54/100 tox|[from] ability: Poison Heal
|upkeep
|turn|26
|
|t:|1758256277
|move|p2a: Gliscor|Protect|p2a: Gliscor
|-singleturn|p2a: Gliscor|Protect
|move|p1a: Big Archibald|Flare Blitz|p2a: Gliscor
|-activate|p2a: Gliscor|move: Protect
|
|-heal|p2a: Gliscor|66/100 tox|[from] ability: Poison Heal
|upkeep
|turn|27
|
|t:|1758256296
|move|p1a: Big Archibald|Flare Blitz|p2a: Gliscor
|-damage|p2a: Gliscor|14/100 tox
|-damage|p1a: Big Archibald|40/100|[from] Recoil
|move|p2a: Gliscor|Earthquake|p1a: Big Archibald
|-supereffective|p1a: Big Archibald
|-damage|p1a: Big Archibald|0 fnt
|faint|p1a: Big Archibald
|
|-heal|p2a: Gliscor|26/100 tox|[from] ability: Poison Heal
|upkeep
|
|t:|1758256305
|switch|p1a: Big Gemma|Glimmora, F|100/100
|-damage|p1a: Big Gemma|88/100|[from] Spikes
|turn|28
|
|t:|1758256310
|move|p2a: Gliscor|Protect|p2a: Gliscor
|-singleturn|p2a: Gliscor|Protect
|move|p1a: Big Gemma|Power Gem|p2a: Gliscor
|-activate|p2a: Gliscor|move: Protect
|
|-heal|p2a: Gliscor|39/100 tox|[from] ability: Poison Heal
|upkeep
|turn|29
|
|t:|1758256317
|switch|p2a: Corviknight|Corviknight, F|100/100
|-ability|p2a: Corviknight|Pressure
|move|p1a: Big Gemma|Power Gem|p2a: Corviknight
|-damage|p2a: Corviknight|43/100
|
|-heal|p2a: Corviknight|49/100|[from] item: Leftovers
|upkeep
|turn|30
|
|t:|1758256327
|move|p1a: Big Gemma|Power Gem|p2a: Corviknight
|-damage|p2a: Corviknight|0 fnt
|faint|p2a: Corviknight
|
|upkeep
|
|t:|1758256329
|switch|p2a: Gliscor|Gliscor, M|39/100 tox
|turn|31
|
|t:|1758256332
|move|p2a: Gliscor|Protect|p2a: Gliscor
|-singleturn|p2a: Gliscor|Protect
|move|p1a: Big Gemma|Power Gem|p2a: Gliscor
|-activate|p2a: Gliscor|move: Protect
|
|-heal|p2a: Gliscor|51/100 tox|[from] ability: Poison Heal
|upkeep
|turn|32
|
|t:|1758256339
|move|p1a: Big Gemma|Power Gem|p2a: Gliscor
|-damage|p2a: Gliscor|0 fnt
|faint|p2a: Gliscor
|
|win|Lord Spink
|raw|Lord Spink's rating: 1247 &rarr; <strong>1272</strong><br />(+25 for winning)
|raw|wall_of_wonder's rating: 1252 &rarr; <strong>1227</strong><br />(-25 for losing)
|c|☆wall_of_wonder|what does that thing eat??
|l|☆Lord Spink
|player|p1|
|l|☆wall_of_wonder
|player|p2|
