|j|☆Thornlebg
|j|☆Bean shaped bean
|t:|1758377943
|gametype|singles
|player|p1|Thornlebg|265|1423
|player|p2|Bean shaped bean|1|1411
|gen|9
|tier|[Gen 9] OU
|rated|
|rule|HP Percentage Mod: HP is shown in percentages
|rule|Endless Battle Clause: Forcing endless battles is banned
|rule|Species Clause: Limit one of each Pokémon
|rule|OHKO Clause: OHKO moves are banned
|rule|Evasion Items Clause: Evasion items are banned
|rule|Evasion Moves Clause: Evasion moves are banned
|rule|Evasion Abilities Clause: Evasion abilities are banned
|rule|Sleep Moves Clause: Sleep-inducing moves are banned
|clearpoke
|poke|p1|Moltres|
|poke|p1|Zamazenta-*|
|poke|p1|Darkrai|
|poke|p1|Hydrapple, M|
|poke|p1|Ting-Lu|
|poke|p1|Tinkaton, F|
|poke|p2|Rillaboom, M|
|poke|p2|Hawlucha, M|
|poke|p2|Clefable, F|
|poke|p2|Gholdengo|
|poke|p2|Ogerpon-Wellspring, F|
|poke|p2|Blaziken, F|
|teampreview
|inactive|Battle timer is ON: inactive players will automatically lose when time's up. (requested by Thornlebg)
|
|t:|1758377966
|teamsize|p1|6
|teamsize|p2|6
|start
|switch|p1a: Darkrai|Darkrai, shiny|100/100
|switch|p2a: TO|Hawlucha, M|100/100
|turn|1
|
|t:|1758377988
|switch|p2a: THE|Clefable, F|100/100
|-terastallize|p1a: Darkrai|Poison
|move|p1a: Darkrai|Ice Beam|p2a: THE
|-damage|p2a: THE|69/100
|
|upkeep
|turn|2
|
|t:|1758378001
|switch|p2a: BANK|Gholdengo|100/100
|move|p1a: Darkrai|Sludge Bomb|p2a: BANK
|-immune|p2a: BANK
|
|upkeep
|turn|3
|
|t:|1758378008
|move|p1a: Darkrai|Dark Pulse|p2a: BANK
|-supereffective|p2a: BANK
|-damage|p2a: BANK|6/100
|move|p2a: BANK|Make It Rain|p1a: Darkrai
|-damage|p1a: Darkrai|0 fnt
|-unboost|p2a: BANK|spa|1
|faint|p1a: Darkrai
|
|upkeep
|
|t:|1758378017
|switch|p1a: Zamazenta|Zamazenta|100/100
|-ability|p1a: Zamazenta|Dauntless Shield|boost
|-boost|p1a: Zamazenta|def|1
|turn|4
|
|t:|1758378022
|move|p1a: Zamazenta|Crunch|p2a: BANK
|-supereffective|p2a: BANK
|-damage|p2a: BANK|0 fnt
|faint|p2a: BANK
|
|upkeep
|
|t:|1758378024
|switch|p2a: THE|Clefable, F|69/100
|turn|5
|
|t:|1758378029
|switch|p1a: Moltres|Moltres|100/100
|move|p2a: THE|Moonlight|p2a: THE
|-heal|p2a: THE|100/100
|
|upkeep
|turn|6
|
|t:|1758378034
|move|p1a: Moltres|U-turn|p2a: THE
|-resisted|p2a: THE
|-damage|p2a: THE|95/100
|-damage|p1a: Moltres|84/100|[from] item: Rocky Helmet|[of] p2a: THE
|
|t:|1758378037
|switch|p1a: Ting-Lu|Ting-Lu|100/100|[from] U-turn
|-ability|p1a: Ting-Lu|Vessel of Ruin
|move|p2a: THE|Stealth Rock|p1a: Ting-Lu
|-sidestart|p1: Thornlebg|move: Stealth Rock
|
|upkeep
|turn|7
|
|t:|1758378046
|switch|p2a: LAUGHING|Rillaboom, M|100/100
|-fieldstart|move: Grassy Terrain|[from] ability: Grassy Surge|[of] p2a: LAUGHING
|move|p1a: Ting-Lu|Spikes|p2a: LAUGHING
|-sidestart|p2: Bean shaped bean|Spikes
|
|upkeep
|turn|8
|
|t:|1758378053
|move|p2a: LAUGHING|Knock Off|p1a: Ting-Lu
|-resisted|p1a: Ting-Lu
|-damage|p1a: Ting-Lu|91/100
|-enditem|p1a: Ting-Lu|Leftovers|[from] move: Knock Off|[of] p2a: LAUGHING
|move|p1a: Ting-Lu|Spikes|p2a: LAUGHING
|-sidestart|p2: Bean shaped bean|Spikes
|
|-heal|p1a: Ting-Lu|97/100|[from] Grassy Terrain
|upkeep
|turn|9
|
|t:|1758378062
|move|p2a: LAUGHING|Wood Hammer|p1a: Ting-Lu
|-supereffective|p1a: Ting-Lu
|-damage|p1a: Ting-Lu|0 fnt
|faint|p1a: Ting-Lu
|-damage|p2a: LAUGHING|56/100|[from] Recoil
|
|-heal|p2a: LAUGHING|62/100|[from] Grassy Terrain
|upkeep
|
|t:|1758378066
|switch|p1a: Tinkaton|Tinkaton, F|100/100
|-damage|p1a: Tinkaton|94/100|[from] Stealth Rock
|-item|p1a: Tinkaton|Air Balloon
|turn|10
|
|t:|1758378078
|move|p1a: Tinkaton|Thunder Wave|p2a: LAUGHING
|-status|p2a: LAUGHING|par
|move|p2a: LAUGHING|U-turn|p1a: Tinkaton
|-resisted|p1a: Tinkaton
|-damage|p1a: Tinkaton|87/100
|-enditem|p1a: Tinkaton|Air Balloon
|-enditem|p2a: LAUGHING|Terrain Extender|[silent]|[from] ability: Pickpocket|[of] p2a: LAUGHING
|-item|p1a: Tinkaton|Terrain Extender|[from] ability: Pickpocket|[of] p2a: LAUGHING
|
|t:|1758378100
|switch|p2a: LIKE|Ogerpon-Wellspring, F|100/100|[from] U-turn
|-damage|p2a: LIKE|84/100|[from] Spikes
|
|-heal|p2a: LIKE|90/100|[from] Grassy Terrain
|-heal|p1a: Tinkaton|93/100|[from] Grassy Terrain
|upkeep
|turn|11
|
|t:|1758378107
|move|p2a: LIKE|Ivy Cudgel|p1a: Tinkaton|[anim] Ivy Cudgel Water
|-damage|p1a: Tinkaton|22/100
|move|p1a: Tinkaton|Thunder Wave|p2a: LIKE
|-status|p2a: LIKE|par
|
|-heal|p1a: Tinkaton|28/100|[from] Grassy Terrain
|-heal|p2a: LIKE|96/100 par|[from] Grassy Terrain
|upkeep
|turn|12
|
|t:|1758378125
|move|p1a: Tinkaton|Gigaton Hammer|p2a: LIKE
|-resisted|p2a: LIKE
|-damage|p2a: LIKE|64/100 par
|move|p2a: LIKE|Ivy Cudgel|p1a: Tinkaton|[anim] Ivy Cudgel Water
|-damage|p1a: Tinkaton|0 fnt
|faint|p1a: Tinkaton
|
|-heal|p2a: LIKE|70/100 par|[from] Grassy Terrain
|upkeep
|
|t:|1758378134
|switch|p1a: Hydrapple|Hydrapple, M|100/100
|turn|13
|
|t:|1758378142
|switch|p2a: THE|Clefable, F|95/100
|move|p1a: Hydrapple|Nasty Plot|p1a: Hydrapple
|-boost|p1a: Hydrapple|spa|2
|
|-heal|p2a: THE|100/100|[from] Grassy Terrain
|upkeep
|turn|14
|
|t:|1758378148
|move|p2a: THE|Ice Beam|p1a: Hydrapple
|-supereffective|p1a: Hydrapple
|-damage|p1a: Hydrapple|19/100
|move|p1a: Hydrapple|Giga Drain|p2a: THE
|-damage|p2a: THE|14/100
|-heal|p1a: Hydrapple|61/100|[from] drain|[of] p2a: THE
|
|-heal|p2a: THE|20/100|[from] Grassy Terrain
|-heal|p1a: Hydrapple|67/100|[from] Grassy Terrain
|-fieldend|move: Grassy Terrain
|upkeep
|turn|15
|
|t:|1758378167
|move|p2a: THE|Ice Beam|p1a: Hydrapple
|-supereffective|p1a: Hydrapple
|-crit|p1a: Hydrapple
|-damage|p1a: Hydrapple|0 fnt
|faint|p1a: Hydrapple
|
|upkeep
|
|t:|1758378169
|switch|p1a: Moltres|Moltres|84/100
|turn|16
|
|t:|1758378177
|switch|p2a: LAUGHING|Rillaboom, M|62/100 par
|-damage|p2a: LAUGHING|46/100 par|[from] Spikes
|-fieldstart|move: Grassy Terrain|[from] ability: Grassy Surge|[of] p2a: LAUGHING
|move|p1a: Moltres|Flamethrower|p2a: LAUGHING
|-supereffective|p2a: LAUGHING
|-damage|p2a: LAUGHING|0 fnt
|faint|p2a: LAUGHING
|
|upkeep
|
|t:|1758378181
|switch|p2a: TO|Hawlucha, M|100/100
|-enditem|p2a: TO|Grassy Seed
|-boost|p2a: TO|def|1|[from] item: Grassy Seed
|turn|17
|
|t:|1758378196
|-terastallize|p2a: TO|Fire
|move|p2a: TO|Encore|p1a: Moltres
|-start|p1a: Moltres|Encore
|move|p1a: Moltres|Flamethrower|p2a: TO
|-resisted|p2a: TO
|-damage|p2a: TO|72/100
|
|-heal|p2a: TO|78/100|[from] Grassy Terrain
|upkeep
|turn|18
|
|t:|1758378208
|move|p2a: TO|Swords Dance|p2a: TO
|-boost|p2a: TO|atk|2
|move|p1a: Moltres|Flamethrower|p2a: TO
|-resisted|p2a: TO
|-damage|p2a: TO|48/100
|
|-heal|p2a: TO|54/100|[from] Grassy Terrain
|upkeep
|turn|19
|
|t:|1758378212
|move|p2a: TO|Acrobatics|p1a: Moltres
|-damage|p1a: Moltres|19/100
|move|p1a: Moltres|Flamethrower|p2a: TO
|-resisted|p2a: TO
|-damage|p2a: TO|26/100
|
|-heal|p2a: TO|32/100|[from] Grassy Terrain
|-end|p1a: Moltres|Encore
|upkeep
|turn|20
|
|t:|1758378219
|move|p2a: TO|Acrobatics|p1a: Moltres
|-damage|p1a: Moltres|0 fnt
|faint|p1a: Moltres
|
|-heal|p2a: TO|38/100|[from] Grassy Terrain
|-fieldend|move: Grassy Terrain
|upkeep
|
|t:|1758378221
|switch|p1a: Zamazenta|Zamazenta|100/100
|turn|21
|
|t:|1758378223
|move|p2a: TO|Acrobatics|p1a: Zamazenta
|-supereffective|p1a: Zamazenta
|-damage|p1a: Zamazenta|0 fnt
|faint|p1a: Zamazenta
|
|win|Bean shaped bean
|raw|Thornlebg's rating: 1423 &rarr; <strong>1402</strong><br />(-21 for losing)
|raw|Bean shaped bean's rating: 1411 &rarr; <strong>1432</strong><br />(+21 for winning)
|l|☆Thornlebg
|player|p1|
