|j|☆Biasfuck
|j|☆bilfd
|t:|1758332768
|gametype|singles
|player|p1|Biasfuck|170|1197
|player|p2|bilfd|miku-ghost|1205
|gen|9
|tier|[Gen 9] OU
|rated|
|rule|HP Percentage Mod: HP is shown in percentages
|rule|Endless Battle Clause: Forcing endless battles is banned
|rule|Species Clause: Limit one of each Pokémon
|rule|OHKO Clause: OHKO moves are banned
|rule|Evasion Items Clause: Evasion items are banned
|rule|Evasion Moves Clause: Evasion moves are banned
|rule|Evasion Abilities Clause: Evasion abilities are banned
|rule|Sleep Moves Clause: Sleep-inducing moves are banned
|clearpoke
|poke|p1|Tinkaton, F|
|poke|p1|Arcanine-Hisui, M|
|poke|p1|Porygon2|
|poke|p1|Hatterene, F|
|poke|p1|Glimmora, F|
|poke|p1|Lilligant-Hisui, F|
|poke|p2|Samurott-Hisui, F|
|poke|p2|Iron Treads|
|poke|p2|Hatterene, F|
|poke|p2|Kingambit, F|
|poke|p2|Iron Moth|
|poke|p2|Polteageist-Antique|
|teampreview
|inactive|Battle timer is ON: inactive players will automatically lose when time's up. (requested by Biasfuck)
|inactive|bilfd also wants the timer to be on.
|
|t:|1758332778
|teamsize|p1|6
|teamsize|p2|6
|start
|switch|p1a: Tinkaton|Tinkaton, F|100/100
|switch|p2a: Samurott|Samurott-Hisui, F|100/100
|-ability|p1a: Tinkaton|Mold Breaker
|turn|1
|
|t:|1758332793
|move|p1a: Tinkaton|Fake Out|p2a: Samurott
|-damage|p2a: Samurott|91/100
|cant|p2a: Samurott|flinch
|
|upkeep
|turn|2
|
|t:|1758332797
|move|p2a: Samurott|Flip Turn|p1a: Tinkaton
|-damage|p1a: Tinkaton|72/100
|
|t:|1758332800
|switch|p2a: Iron Treads|Iron Treads|100/100|[from] Flip Turn
|-enditem|p2a: Iron Treads|Booster Energy
|-activate|p2a: Iron Treads|ability: Quark Drive|[fromitem]
|-start|p2a: Iron Treads|quarkdrivespe
|move|p1a: Tinkaton|Thunder Wave|p2a: Iron Treads
|-immune|p2a: Iron Treads
|
|upkeep
|turn|3
|
|t:|1758332829
|switch|p1a: Hatterene|Hatterene, F, shiny|100/100
|move|p2a: Iron Treads|Earthquake|p1a: Hatterene
|-damage|p1a: Hatterene|45/100
|
|-heal|p1a: Hatterene|51/100|[from] item: Leftovers
|upkeep
|turn|4
|
|t:|1758332838
|move|p2a: Iron Treads|Volt Switch|p1a: Hatterene
|-damage|p1a: Hatterene|42/100
|
|t:|1758332840
|-end|p2a: Iron Treads|Quark Drive|[silent]
|switch|p2a: Samurott|Samurott-Hisui, F|91/100|[from] Volt Switch
|move|p1a: Hatterene|Reflect|p1a: Hatterene
|-sidestart|p1: Biasfuck|Reflect
|
|-heal|p1a: Hatterene|48/100|[from] item: Leftovers
|upkeep
|turn|5
|
|t:|1758332844
|move|p2a: Samurott|Flip Turn|p1a: Hatterene
|-damage|p1a: Hatterene|33/100
|
|t:|1758332849
|switch|p2a: Iron Treads|Iron Treads|100/100|[from] Flip Turn
|move|p1a: Hatterene|Draining Kiss|p2a: Iron Treads
|-resisted|p2a: Iron Treads
|-damage|p2a: Iron Treads|84/100
|-heal|p1a: Hatterene|46/100|[from] drain|[of] p2a: Iron Treads
|
|-heal|p1a: Hatterene|52/100|[from] item: Leftovers
|upkeep
|turn|6
|
|t:|1758332874
|switch|p1a: Lilligant|Lilligant-Hisui, F, shiny|100/100
|move|p2a: Iron Treads|Volt Switch|p1a: Lilligant
|-resisted|p1a: Lilligant
|-crit|p1a: Lilligant
|-damage|p1a: Lilligant|89/100
|inactive|bilfd has 120 seconds left.
|
|t:|1758332885
|-end|p2a: Iron Treads|Quark Drive|[silent]
|switch|p2a: Iron Moth|Iron Moth|100/100|[from] Volt Switch
|-enditem|p2a: Iron Moth|Booster Energy
|-activate|p2a: Iron Moth|ability: Quark Drive|[fromitem]
|-start|p2a: Iron Moth|quarkdrivespe
|
|upkeep
|turn|7
|
|t:|1758332896
|switch|p1a: Arcanine|Arcanine-Hisui, M|100/100
|move|p2a: Iron Moth|Fiery Dance|p1a: Arcanine
|-resisted|p1a: Arcanine
|-damage|p1a: Arcanine|88/100
|
|upkeep
|turn|8
|
|t:|1758332902
|-terastallize|p2a: Iron Moth|Ground
|move|p2a: Iron Moth|Tera Blast|p1a: Arcanine|[anim] Tera Blast Ground
|-supereffective|p1a: Arcanine
|-damage|p1a: Arcanine|0 fnt
|faint|p1a: Arcanine
|
|-sideend|p1: Biasfuck|Reflect
|upkeep
|
|t:|1758332922
|switch|p1a: Porygon2|Porygon2|100/100
|turn|9
|
|t:|1758332926
|move|p2a: Iron Moth|Fiery Dance|p1a: Porygon2
|-damage|p1a: Porygon2|75/100
|-boost|p2a: Iron Moth|spa|1
|move|p1a: Porygon2|Ice Beam|p2a: Iron Moth
|-supereffective|p2a: Iron Moth
|-damage|p2a: Iron Moth|28/100
|
|upkeep
|turn|10
|
|t:|1758332933
|move|p2a: Iron Moth|Sludge Wave|p1a: Porygon2
|-damage|p1a: Porygon2|27/100
|move|p1a: Porygon2|Ice Beam|p2a: Iron Moth
|-supereffective|p2a: Iron Moth
|-damage|p2a: Iron Moth|0 fnt
|faint|p2a: Iron Moth
|-end|p2a: Iron Moth|Quark Drive|[silent]
|
|upkeep
|
|t:|1758332936
|switch|p2a: Samurott|Samurott-Hisui, F|91/100
|turn|11
|
|t:|1758332941
|move|p2a: Samurott|Ceaseless Edge|p1a: Porygon2
|-damage|p1a: Porygon2|0 fnt
|-sidestart|p1: Biasfuck|Spikes
|faint|p1a: Porygon2
|
|upkeep
|
|t:|1758332951
|switch|p1a: Lilligant|Lilligant-Hisui, F, shiny|89/100
|-damage|p1a: Lilligant|76/100|[from] Spikes
|turn|12
|
|t:|1758332962
|switch|p2a: Polteageist|Polteageist-Antique|100/100
|move|p1a: Lilligant|Close Combat|p2a: Polteageist
|-immune|p2a: Polteageist
|
|upkeep
|turn|13
|-message|Biasfuck forfeited.
|
|win|bilfd
|raw|Biasfuck's rating: 1197 &rarr; <strong>1173</strong><br />(-24 for losing)
|raw|bilfd's rating: 1205 &rarr; <strong>1229</strong><br />(+24 for winning)
