|j|☆ananas potable
|j|☆Leroswend
|t:|1758254661
|gametype|singles
|player|p1|ananas potable|169|1369
|player|p2|Leroswend|cynthia-gen4|1391
|gen|9
|tier|[Gen 9] OU
|rated|
|rule|HP Percentage Mod: HP is shown in percentages
|rule|Endless Battle Clause: Forcing endless battles is banned
|rule|Species Clause: Limit one of each Pokémon
|rule|OHKO Clause: OHKO moves are banned
|rule|Evasion Items Clause: Evasion items are banned
|rule|Evasion Moves Clause: Evasion moves are banned
|rule|Evasion Abilities Clause: Evasion abilities are banned
|rule|Sleep Moves Clause: Sleep-inducing moves are banned
|clearpoke
|poke|p1|Darkrai|
|poke|p1|Samurott-Hisui, M|
|poke|p1|Latios, M|
|poke|p1|Pecharunt|
|poke|p1|Zamazenta-*|
|poke|p1|Landorus-Therian, M|
|poke|p2|Scizor, M|
|poke|p2|Great Tusk|
|poke|p2|Greninja-*, M|
|poke|p2|Garchomp, F|
|poke|p2|Skeledirge, M|
|poke|p2|Iron Valiant|
|teampreview
|inactive|Battle timer is ON: inactive players will automatically lose when time's up. (requested by Leroswend)
|
|t:|1758254670
|teamsize|p1|6
|teamsize|p2|6
|start
|switch|p1a: Miroirs|Landorus-Therian, M|100/100
|switch|p2a: Great Tusk|Great Tusk|100/100
|-ability|p1a: Miroirs|Intimidate|boost
|-unboost|p2a: Great Tusk|atk|1
|turn|1
|
|t:|1758254676
|move|p1a: Miroirs|Earthquake|p2a: Great Tusk
|-damage|p2a: Great Tusk|70/100
|move|p2a: Great Tusk|Stealth Rock|p1a: Miroirs
|-sidestart|p1: ananas potable|move: Stealth Rock
|
|-heal|p2a: Great Tusk|76/100|[from] item: Leftovers
|upkeep
|turn|2
|
|t:|1758254685
|move|p1a: Miroirs|Earthquake|p2a: Great Tusk
|-damage|p2a: Great Tusk|49/100
|move|p2a: Great Tusk|Ice Spinner|p1a: Miroirs
|-supereffective|p1a: Miroirs
|-damage|p1a: Miroirs|44/100
|-damage|p2a: Great Tusk|32/100|[from] item: Rocky Helmet|[of] p1a: Miroirs
|
|-heal|p2a: Great Tusk|38/100|[from] item: Leftovers
|upkeep
|turn|3
|
|t:|1758254693
|move|p1a: Miroirs|Stealth Rock|p2a: Great Tusk
|-sidestart|p2: Leroswend|move: Stealth Rock
|move|p2a: Great Tusk|Ice Spinner|p1a: Miroirs
|-supereffective|p1a: Miroirs
|-damage|p1a: Miroirs|0 fnt
|-damage|p2a: Great Tusk|22/100|[from] item: Rocky Helmet|[of] p1a: Miroirs
|faint|p1a: Miroirs
|
|-heal|p2a: Great Tusk|28/100|[from] item: Leftovers
|upkeep
|
|t:|1758254700
|switch|p1a: Stigmates|Darkrai|100/100
|turn|4
|
|t:|1758254704
|move|p1a: Stigmates|Dark Pulse|p2a: Great Tusk
|-resisted|p2a: Great Tusk
|-damage|p2a: Great Tusk|2/100
|move|p2a: Great Tusk|Rapid Spin|p1a: Stigmates
|-damage|p1a: Stigmates|87/100
|-boost|p2a: Great Tusk|spe|1
|-sideend|p2: Leroswend|Stealth Rock|[from] move: Rapid Spin|[of] p2a: Great Tusk
|
|-heal|p2a: Great Tusk|8/100|[from] item: Leftovers
|upkeep
|turn|5
|
|t:|1758254714
|move|p2a: Great Tusk|Headlong Rush|p1a: Stigmates
|-damage|p1a: Stigmates|44/100
|-unboost|p2a: Great Tusk|def|1
|-unboost|p2a: Great Tusk|spd|1
|move|p1a: Stigmates|Dark Pulse|p2a: Great Tusk
|-resisted|p2a: Great Tusk
|-damage|p2a: Great Tusk|0 fnt
|faint|p2a: Great Tusk
|-end|p2a: Great Tusk|Protosynthesis|[silent]
|
|upkeep
|
|t:|1758254724
|switch|p2a: Iron Valiant|Iron Valiant|100/100
|-enditem|p2a: Iron Valiant|Booster Energy
|-activate|p2a: Iron Valiant|ability: Quark Drive|[fromitem]
|-start|p2a: Iron Valiant|quarkdrivespe
|turn|6
|
|t:|1758254730
|switch|p1a: La pluie|Pecharunt|100/100
|move|p2a: Iron Valiant|Moonblast|p1a: La pluie
|-resisted|p1a: La pluie
|-damage|p1a: La pluie|77/100
|
|upkeep
|turn|7
|
|t:|1758254740
|-terastallize|p2a: Iron Valiant|Steel
|move|p2a: Iron Valiant|Moonblast|p1a: La pluie
|-resisted|p1a: La pluie
|-damage|p1a: La pluie|55/100
|-unboost|p1a: La pluie|spa|1
|move|p1a: La pluie|Recover|p1a: La pluie
|-heal|p1a: La pluie|100/100
|
|upkeep
|turn|8
|
|t:|1758254748
|move|p2a: Iron Valiant|Encore|p1a: La pluie
|-start|p1a: La pluie|Encore
|move|p1a: La pluie|Recover||[still]
|-fail|p1a: La pluie|heal
|
|upkeep
|turn|9
|
|t:|1758254757
|switch|p1a: Quartiers Nord|Samurott-Hisui, M|100/100
|-damage|p1a: Quartiers Nord|88/100|[from] Stealth Rock
|move|p2a: Iron Valiant|Moonblast|p1a: Quartiers Nord
|-supereffective|p1a: Quartiers Nord
|-damage|p1a: Quartiers Nord|18/100
|-unboost|p1a: Quartiers Nord|spa|1
|
|upkeep
|turn|10
|
|t:|1758254765
|move|p2a: Iron Valiant|Vacuum Wave|p1a: Quartiers Nord
|-supereffective|p1a: Quartiers Nord
|-damage|p1a: Quartiers Nord|0 fnt
|faint|p1a: Quartiers Nord
|
|upkeep
|
|t:|1758254780
|switch|p1a: Soldi Famiglia|Zamazenta|100/100
|-ability|p1a: Soldi Famiglia|Dauntless Shield|boost
|-boost|p1a: Soldi Famiglia|def|1
|turn|11
|
|t:|1758254788
|move|p2a: Iron Valiant|Moonblast|p1a: Soldi Famiglia
|-supereffective|p1a: Soldi Famiglia
|-damage|p1a: Soldi Famiglia|23/100
|move|p1a: Soldi Famiglia|Close Combat|p2a: Iron Valiant
|-supereffective|p2a: Iron Valiant
|-damage|p2a: Iron Valiant|0 fnt
|-unboost|p1a: Soldi Famiglia|def|1
|-unboost|p1a: Soldi Famiglia|spd|1
|faint|p2a: Iron Valiant
|-end|p2a: Iron Valiant|Quark Drive|[silent]
|
|upkeep
|
|t:|1758254800
|switch|p2a: Skeledirge|Skeledirge, M|100/100
|turn|12
|
|t:|1758254816
|move|p1a: Soldi Famiglia|Crunch|p2a: Skeledirge
|-supereffective|p2a: Skeledirge
|-damage|p2a: Skeledirge|69/100
|move|p2a: Skeledirge|Torch Song|p1a: Soldi Famiglia
|-damage|p1a: Soldi Famiglia|0 fnt
|-boost|p2a: Skeledirge|spa|1
|faint|p1a: Soldi Famiglia
|
|upkeep
|
|t:|1758254819
|switch|p1a: Stigmates|Darkrai|44/100
|turn|13
|
|t:|1758254847
|move|p1a: Stigmates|Dark Pulse|p2a: Skeledirge
|-supereffective|p2a: Skeledirge
|-damage|p2a: Skeledirge|0 fnt
|faint|p2a: Skeledirge
|
|upkeep
|
|t:|1758254852
|switch|p2a: Scizor|Scizor, M|100/100
|turn|14
|
|t:|1758254856
|switch|p1a: La pluie|Pecharunt|100/100
|move|p2a: Scizor|Bullet Punch|p1a: La pluie
|-damage|p1a: La pluie|78/100
|
|upkeep
|turn|15
|
|t:|1758254861
|switch|p2a: Greninja|Greninja, M|100/100
|move|p1a: La pluie|Foul Play|p2a: Greninja
|-resisted|p2a: Greninja
|-damage|p2a: Greninja|85/100
|
|upkeep
|turn|16
|
|t:|1758254868
|move|p2a: Greninja|Dark Pulse|p1a: La pluie
|-supereffective|p1a: La pluie
|-damage|p1a: La pluie|0 fnt
|faint|p1a: La pluie
|-ability|p2a: Greninja|Battle Bond|boost
|-boost|p2a: Greninja|atk|1
|-boost|p2a: Greninja|spa|1
|-boost|p2a: Greninja|spe|1
|-activate|p2a: Greninja|ability: Battle Bond
|-damage|p2a: Greninja|75/100|[from] item: Life Orb
|
|upkeep
|
|t:|1758254876
|switch|p1a: Deux mille|Latios, M|100/100
|-damage|p1a: Deux mille|88/100|[from] Stealth Rock
|turn|17
|
|t:|1758254886
|-terastallize|p1a: Deux mille|Steel
|move|p2a: Greninja|Dark Pulse|p1a: Deux mille
|-damage|p1a: Deux mille|21/100
|-damage|p2a: Greninja|65/100|[from] item: Life Orb
|move|p1a: Deux mille|Draco Meteor|p2a: Greninja
|-crit|p2a: Greninja
|-damage|p2a: Greninja|0 fnt
|-unboost|p1a: Deux mille|spa|2
|faint|p2a: Greninja
|
|upkeep
|
|t:|1758254892
|switch|p2a: Scizor|Scizor, M|100/100
|turn|18
|
|t:|1758254899
|move|p2a: Scizor|Bullet Punch|p1a: Deux mille
|-resisted|p1a: Deux mille
|-damage|p1a: Deux mille|0 fnt
|faint|p1a: Deux mille
|
|upkeep
|
|t:|1758254901
|switch|p1a: Stigmates|Darkrai|44/100
|turn|19
|
|t:|1758254904
|move|p2a: Scizor|Bullet Punch|p1a: Stigmates
|-damage|p1a: Stigmates|0 fnt
|faint|p1a: Stigmates
|
|win|Leroswend
|raw|ananas potable's rating: 1369 &rarr; <strong>1350</strong><br />(-19 for losing)
|raw|Leroswend's rating: 1391 &rarr; <strong>1410</strong><br />(+19 for winning)
|l|☆ananas potable
|player|p1|
|l|☆Leroswend
|player|p2|
