|j|☆ploblem
|j|☆4DEF+4SPD=GG
|t:|1758291559
|gametype|singles
|player|p1|ploblem|crasherwake|1457
|player|p2|4DEF+4SPD=GG|preschooler|1541
|gen|9
|tier|[Gen 9] OU
|rated|
|rule|HP Percentage Mod: HP is shown in percentages
|rule|Endless Battle Clause: Forcing endless battles is banned
|rule|Species Clause: Limit one of each Pokémon
|rule|OHKO Clause: OHKO moves are banned
|rule|Evasion Items Clause: Evasion items are banned
|rule|Evasion Moves Clause: Evasion moves are banned
|rule|Evasion Abilities Clause: Evasion abilities are banned
|rule|Sleep Moves Clause: Sleep-inducing moves are banned
|clearpoke
|poke|p1|Lokix, M|
|poke|p1|Garganacl, M|
|poke|p1|Iron Crown|
|poke|p1|Alomomola, M|
|poke|p1|Weezing-Galar, F|
|poke|p1|Landorus-Therian, M|
|poke|p2|Tyranitar, M|
|poke|p2|Excadrill, M|
|poke|p2|Corviknight, M|
|poke|p2|Glimmora, M|
|poke|p2|Hippowdon, M|
|poke|p2|Scizor, M|
|teampreview
|inactive|Battle timer is ON: inactive players will automatically lose when time's up. (requested by 4DEF+4SPD=GG)
|
|t:|1758291571
|teamsize|p1|6
|teamsize|p2|6
|start
|switch|p1a: Antelope|Iron Crown|100/100
|switch|p2a: Corviknight|Corviknight, M|100/100
|turn|1
|
|t:|1758291581
|switch|p2a: Hippowdon|Hippowdon, M|100/100
|-weather|Sandstorm|[from] ability: Sand Stream|[of] p2a: Hippowdon
|move|p1a: Antelope|Volt Switch|p2a: Hippowdon
|-immune|p2a: Hippowdon
|
|-weather|Sandstorm|[upkeep]
|upkeep
|turn|2
|
|t:|1758291594
|-end|p1a: Antelope|Quark Drive|[silent]
|switch|p1a: Fish|Alomomola, M, shiny|100/100
|move|p2a: Hippowdon|Stealth Rock|p1a: Fish
|-sidestart|p1: ploblem|move: Stealth Rock
|
|-weather|Sandstorm|[upkeep]
|-damage|p1a: Fish|94/100|[from] Sandstorm
|upkeep
|turn|3
|
|t:|1758291602
|switch|p2a: Glimmora|Glimmora, M|100/100
|move|p1a: Fish|Flip Turn|p2a: Glimmora
|-supereffective|p2a: Glimmora
|-damage|p2a: Glimmora|59/100
|-activate|p2a: Glimmora|ability: Toxic Debris
|-sidestart|p1: ploblem|move: Toxic Spikes
|
|t:|1758291613
|switch|p1a: Puff|Weezing-Galar, F|100/100|[from] Flip Turn
|-ability|p1a: Puff|Neutralizing Gas
|-sideend|p1: ploblem|move: Toxic Spikes|[of] p1a: Puff
|
|-weather|Sandstorm|[upkeep]
|-damage|p1a: Puff|94/100|[from] Sandstorm
|upkeep
|turn|4
|
|t:|1758291625
|move|p2a: Glimmora|Meteor Beam||[still]
|-prepare|p2a: Glimmora|Meteor Beam
|-boost|p2a: Glimmora|spa|1
|-enditem|p2a: Glimmora|Power Herb
|-anim|p2a: Glimmora|Meteor Beam|p1a: Puff
|-damage|p1a: Puff|0 fnt
|faint|p1a: Puff
|-end|p1a: Puff|ability: Neutralizing Gas
|
|-weather|Sandstorm|[upkeep]
|upkeep
|
|t:|1758291635
|switch|p1a: Antelope|Iron Crown|100/100
|-damage|p1a: Antelope|94/100|[from] Stealth Rock
|turn|5
|
|t:|1758291651
|switch|p2a: Excadrill|Excadrill, M|100/100
|move|p1a: Antelope|Tachyon Cutter|p2a: Excadrill
|-resisted|p2a: Excadrill
|-damage|p2a: Excadrill|76/100
|-resisted|p2a: Excadrill
|-damage|p2a: Excadrill|52/100
|-hitcount|p2a: Excadrill|2
|
|-weather|Sandstorm|[upkeep]
|upkeep
|turn|6
|
|t:|1758291668
|-end|p1a: Antelope|Quark Drive|[silent]
|switch|p1a: Doggy|Landorus-Therian, M|100/100
|-damage|p1a: Doggy|88/100|[from] Stealth Rock
|-ability|p1a: Doggy|Intimidate|boost
|-unboost|p2a: Excadrill|atk|1
|move|p2a: Excadrill|Swords Dance|p2a: Excadrill
|-boost|p2a: Excadrill|atk|2
|
|-weather|Sandstorm|[upkeep]
|upkeep
|turn|7
|
|t:|1758291683
|switch|p2a: Corviknight|Corviknight, M|100/100
|move|p1a: Doggy|Earthquake|p2a: Corviknight
|-immune|p2a: Corviknight
|
|-weather|Sandstorm|[upkeep]
|upkeep
|turn|8
|
|t:|1758291691
|switch|p1a: Rock|Garganacl, M|100/100
|-damage|p1a: Rock|88/100|[from] Stealth Rock
|move|p2a: Corviknight|U-turn|p1a: Rock
|-damage|p1a: Rock|78/100
|
|t:|1758291694
|switch|p2a: Scizor|Scizor, M|100/100|[from] U-turn
|
|-weather|none
|-heal|p1a: Rock|85/100|[from] item: Leftovers
|upkeep
|turn|9
|
|t:|1758291705
|move|p2a: Scizor|Close Combat|p1a: Rock
|-supereffective|p1a: Rock
|-damage|p1a: Rock|0 fnt
|-unboost|p2a: Scizor|def|1
|-unboost|p2a: Scizor|spd|1
|faint|p1a: Rock
|
|upkeep
|
|t:|1758291727
|switch|p1a: Doggy|Landorus-Therian, M|88/100
|-damage|p1a: Doggy|76/100|[from] Stealth Rock
|-ability|p1a: Doggy|Intimidate|boost
|-unboost|p2a: Scizor|atk|1
|turn|10
|
|t:|1758291744
|switch|p2a: Hippowdon|Hippowdon, M|100/100
|-weather|Sandstorm|[from] ability: Sand Stream|[of] p2a: Hippowdon
|move|p1a: Doggy|U-turn|p2a: Hippowdon
|-damage|p2a: Hippowdon|86/100
|inactive|ploblem has 120 seconds left.
|
|t:|1758291763
|switch|p1a: Antelope|Iron Crown|94/100|[from] U-turn
|-damage|p1a: Antelope|88/100|[from] Stealth Rock
|
|-weather|Sandstorm|[upkeep]
|upkeep
|turn|11
|
|t:|1758291785
|-terastallize|p1a: Antelope|Steel
|move|p1a: Antelope|Tachyon Cutter|p2a: Hippowdon
|-crit|p2a: Hippowdon
|-damage|p2a: Hippowdon|4/100
|-damage|p2a: Hippowdon|0 fnt
|faint|p2a: Hippowdon
|-hitcount|p2: Hippowdon|2
|
|-weather|Sandstorm|[upkeep]
|upkeep
|inactive|4DEF+4SPD=GG has 120 seconds left.
|
|t:|1758291806
|switch|p2a: Excadrill|Excadrill, M|52/100
|turn|12
|
|t:|1758291815
|-end|p1a: Antelope|Quark Drive|[silent]
|switch|p1a: Doggy|Landorus-Therian, M|76/100
|-damage|p1a: Doggy|64/100|[from] Stealth Rock
|-ability|p1a: Doggy|Intimidate|boost
|-unboost|p2a: Excadrill|atk|1
|move|p2a: Excadrill|Iron Head|p1a: Doggy
|-damage|p1a: Doggy|27/100
|
|-weather|Sandstorm|[upkeep]
|upkeep
|turn|13
|
|t:|1758291828
|move|p2a: Excadrill|Iron Head|p1a: Doggy
|-damage|p1a: Doggy|0 fnt
|faint|p1a: Doggy
|
|-weather|Sandstorm|[upkeep]
|upkeep
|
|t:|1758291834
|switch|p1a: Fish|Alomomola, M, shiny|100/100
|-damage|p1a: Fish|88/100|[from] Stealth Rock
|turn|14
|
|t:|1758291843
|switch|p2a: Glimmora|Glimmora, M|59/100
|move|p1a: Fish|Scald|p2a: Glimmora
|-supereffective|p2a: Glimmora
|-damage|p2a: Glimmora|36/100
|
|-weather|Sandstorm|[upkeep]
|-damage|p1a: Fish|82/100|[from] Sandstorm
|upkeep
|turn|15
|
|t:|1758291855
|move|p2a: Glimmora|Rock Polish|p2a: Glimmora
|-boost|p2a: Glimmora|spe|2
|move|p1a: Fish|Scald|p2a: Glimmora
|-supereffective|p2a: Glimmora
|-damage|p2a: Glimmora|9/100
|-status|p2a: Glimmora|brn
|
|-weather|Sandstorm|[upkeep]
|-damage|p1a: Fish|76/100|[from] Sandstorm
|-damage|p2a: Glimmora|2/100 brn|[from] brn
|upkeep
|turn|16
|
|t:|1758291867
|move|p2a: Glimmora|Sludge Wave|p1a: Fish
|-crit|p1a: Fish
|-damage|p1a: Fish|29/100
|-status|p1a: Fish|psn
|move|p1a: Fish|Scald|p2a: Glimmora
|-supereffective|p2a: Glimmora
|-damage|p2a: Glimmora|0 fnt
|faint|p2a: Glimmora
|
|-weather|Sandstorm|[upkeep]
|-damage|p1a: Fish|22/100 psn|[from] Sandstorm
|-damage|p1a: Fish|10/100 psn|[from] psn
|upkeep
|
|t:|1758291872
|switch|p2a: Excadrill|Excadrill, M|52/100
|turn|17
|
|t:|1758291885
|move|p2a: Excadrill|Rapid Spin|p1a: Fish
|-damage|p1a: Fish|0 fnt
|-boost|p2a: Excadrill|spe|1
|faint|p1a: Fish
|
|-weather|none
|upkeep
|
|t:|1758291892
|switch|p1a: Bug|Lokix, M, shiny|100/100
|-damage|p1a: Bug|76/100|[from] Stealth Rock
|turn|18
|
|t:|1758291903
|switch|p2a: Corviknight|Corviknight, M|100/100
|move|p1a: Bug|Knock Off|p2a: Corviknight
|-damage|p2a: Corviknight|59/100
|-damage|p1a: Bug|59/100|[from] item: Rocky Helmet|[of] p2a: Corviknight
|-enditem|p2a: Corviknight|Rocky Helmet|[from] move: Knock Off|[of] p1a: Bug
|
|upkeep
|turn|19
|
|t:|1758291912
|switch|p1a: Antelope|Iron Crown, tera:Steel|88/100
|-damage|p1a: Antelope|82/100|[from] Stealth Rock
|move|p2a: Corviknight|U-turn|p1a: Antelope
|-resisted|p1a: Antelope
|-damage|p1a: Antelope|74/100
|
|t:|1758291927
|switch|p2a: Tyranitar|Tyranitar, M|100/100|[from] U-turn
|-weather|Sandstorm|[from] ability: Sand Stream|[of] p2a: Tyranitar
|
|-weather|Sandstorm|[upkeep]
|upkeep
|turn|20
|
|t:|1758291939
|-terastallize|p2a: Tyranitar|Bug
|move|p1a: Antelope|Tachyon Cutter|p2a: Tyranitar
|-damage|p2a: Tyranitar|58/100
|-damage|p2a: Tyranitar|16/100
|-hitcount|p2a: Tyranitar|2
|move|p2a: Tyranitar|Fire Blast|p1a: Antelope
|-supereffective|p1a: Antelope
|-damage|p1a: Antelope|24/100
|-status|p1a: Antelope|brn
|
|-weather|Sandstorm|[upkeep]
|-damage|p2a: Tyranitar|10/100|[from] Sandstorm
|-damage|p1a: Antelope|18/100 brn|[from] brn
|upkeep
|turn|21
|-message|ploblem forfeited.
|
|win|4DEF+4SPD=GG
|raw|ploblem's rating: 1457 &rarr; <strong>1442</strong><br />(-15 for losing)
|raw|4DEF+4SPD=GG's rating: 1541 &rarr; <strong>1556</strong><br />(+15 for winning)
|l|☆ploblem
|player|p1|
