|j|☆bigyayo
|j|☆ImMikeyCzn
|t:|1758350706
|gametype|singles
|player|p1|bigyayo|shadowtriad|1067
|player|p2|ImMikeyCzn|guitarist|1082
|gen|9
|tier|[Gen 9] OU
|rated|
|rule|HP Percentage Mod: HP is shown in percentages
|rule|Endless Battle Clause: Forcing endless battles is banned
|rule|Species Clause: Limit one of each Pokémon
|rule|OHKO Clause: OHKO moves are banned
|rule|Evasion Items Clause: Evasion items are banned
|rule|Evasion Moves Clause: Evasion moves are banned
|rule|Evasion Abilities Clause: Evasion abilities are banned
|rule|Sleep Moves Clause: Sleep-inducing moves are banned
|clearpoke
|poke|p1|Glimmora, F|
|poke|p1|Dragonite, M|
|poke|p1|Samurott-Hisui, M|
|poke|p1|Jolteon, M|
|poke|p1|Gholdengo|
|poke|p1|Heatran, M|
|poke|p2|Ceruledge, F|
|poke|p2|Azumarill, F|
|poke|p2|Lokix, M|
|poke|p2|Decidueye-Hisui, M|
|poke|p2|Corviknight, M|
|poke|p2|Weezing-Galar, M|
|teampreview
|
|t:|1758350711
|teamsize|p1|6
|teamsize|p2|6
|start
|switch|p1a: Samurott|Samurott-Hisui, M|100/100
|switch|p2a: Average Wordle Fan|Corviknight, M|100/100
|turn|1
|
|t:|1758350725
|switch|p2a: Decidueye|Decidueye-Hisui, M|100/100
|move|p1a: Samurott|Sacred Sword|p2a: Decidueye
|-damage|p2a: Decidueye|53/100
|
|-heal|p2a: Decidueye|59/100|[from] item: Leftovers
|upkeep
|turn|2
|
|t:|1758350734
|move|p1a: Samurott|Razor Shell|p2a: Decidueye
|-resisted|p2a: Decidueye
|-damage|p2a: Decidueye|29/100
|-unboost|p2a: Decidueye|def|1
|move|p2a: Decidueye|Trailblaze|p1a: Samurott
|-supereffective|p1a: Samurott
|-damage|p1a: Samurott|44/100
|-boost|p2a: Decidueye|spe|1
|
|-heal|p2a: Decidueye|35/100|[from] item: Leftovers
|upkeep
|turn|3
|
|t:|1758350757
|move|p2a: Decidueye|Triple Arrows|p1a: Samurott
|-supereffective|p1a: Samurott
|-damage|p1a: Samurott|0 fnt
|faint|p1a: Samurott
|
|-heal|p2a: Decidueye|42/100|[from] item: Leftovers
|upkeep
|
|t:|1758350764
|switch|p1a: Dragonite|Dragonite, M|100/100
|turn|4
|
|t:|1758350772
|switch|p2a: Weezing|Weezing-Galar, M|100/100
|-ability|p2a: Weezing|Neutralizing Gas
|move|p1a: Dragonite|Dragon Dance|p1a: Dragonite
|-boost|p1a: Dragonite|atk|1
|-boost|p1a: Dragonite|spe|1
|
|upkeep
|turn|5
|
|t:|1758350782
|move|p1a: Dragonite|Earthquake|p2a: Weezing
|-supereffective|p2a: Weezing
|-damage|p2a: Weezing|0 fnt
|faint|p2a: Weezing
|-end|p2a: Weezing|ability: Neutralizing Gas
|
|upkeep
|
|t:|1758350787
|switch|p2a: Azumarill|Azumarill, F|100/100
|turn|6
|
|t:|1758350800
|move|p1a: Dragonite|Low Kick|p2a: Azumarill
|-resisted|p2a: Azumarill
|-damage|p2a: Azumarill|86/100
|move|p2a: Azumarill|Ice Spinner|p1a: Dragonite
|-supereffective|p1a: Dragonite
|-damage|p1a: Dragonite|52/100
|
|-heal|p1a: Dragonite|58/100|[from] item: Leftovers
|-heal|p2a: Azumarill|92/100|[from] item: Leftovers
|upkeep
|turn|7
|
|t:|1758350811
|switch|p1a: Gholdengo|Gholdengo, shiny|100/100
|move|p2a: Azumarill|Ice Spinner|p1a: Gholdengo
|-resisted|p1a: Gholdengo
|-damage|p1a: Gholdengo|87/100
|
|-heal|p2a: Azumarill|98/100|[from] item: Leftovers
|upkeep
|turn|8
|
|t:|1758350827
|switch|p2a: Lokix|Lokix, M|100/100
|move|p1a: Gholdengo|Thunderbolt|p2a: Lokix
|-damage|p2a: Lokix|14/100
|-damage|p1a: Gholdengo|77/100|[from] item: Life Orb
|
|upkeep
|turn|9
|
|t:|1758350835
|move|p2a: Lokix|Knock Off|p1a: Gholdengo
|-supereffective|p1a: Gholdengo
|-damage|p1a: Gholdengo|0 fnt
|-enditem|p1a: Gholdengo|Life Orb|[from] move: Knock Off|[of] p2a: Lokix
|faint|p1a: Gholdengo
|
|upkeep
|
|t:|1758350841
|switch|p1a: Heatran|Heatran, M, shiny|100/100
|turn|10
|
|t:|1758350847
|move|p1a: Heatran|Fire Blast|p2a: Lokix
|-supereffective|p2a: Lokix
|-damage|p2a: Lokix|0 fnt
|faint|p2a: Lokix
|
|upkeep
|inactive|Battle timer is ON: inactive players will automatically lose when time's up. (requested by bigyayo)
|
|t:|1758350861
|switch|p2a: Azumarill|Azumarill, F|98/100
|turn|11
|
|t:|1758350866
|move|p1a: Heatran|Fire Blast|p2a: Azumarill
|-resisted|p2a: Azumarill
|-damage|p2a: Azumarill|72/100
|move|p2a: Azumarill|Belly Drum|p2a: Azumarill
|-damage|p2a: Azumarill|22/100
|-setboost|p2a: Azumarill|atk|6|[from] move: Belly Drum
|
|-heal|p2a: Azumarill|29/100|[from] item: Leftovers
|upkeep
|turn|12
|
|t:|1758350877
|move|p1a: Heatran|Fire Blast|p2a: Azumarill
|-resisted|p2a: Azumarill
|-damage|p2a: Azumarill|1/100
|move|p2a: Azumarill|Liquidation|p1a: Heatran
|-supereffective|p1a: Heatran
|-damage|p1a: Heatran|0 fnt
|faint|p1a: Heatran
|
|-heal|p2a: Azumarill|8/100|[from] item: Leftovers
|upkeep
|
|t:|1758350891
|switch|p1a: Jolteon|Jolteon, M|100/100
|turn|13
|
|t:|1758350896
|move|p1a: Jolteon|Thunderbolt|p2a: Azumarill
|-supereffective|p2a: Azumarill
|-damage|p2a: Azumarill|0 fnt
|faint|p2a: Azumarill
|-damage|p1a: Jolteon|91/100|[from] item: Life Orb
|
|upkeep
|
|t:|1758350902
|switch|p2a: Ceruledge|Ceruledge, F|100/100
|turn|14
|
|t:|1758350908
|move|p1a: Jolteon|Shadow Ball|p2a: Ceruledge
|-supereffective|p2a: Ceruledge
|-damage|p2a: Ceruledge|35/100
|-unboost|p2a: Ceruledge|spd|1
|-damage|p1a: Jolteon|81/100|[from] item: Life Orb
|move|p2a: Ceruledge|Bitter Blade|p1a: Jolteon
|-damage|p1a: Jolteon|0 fnt
|-heal|p2a: Ceruledge|69/100|[from] drain|[of] p1a: Jolteon
|faint|p1a: Jolteon
|
|upkeep
|
|t:|1758350920
|switch|p1a: Glimmora|Glimmora, F, shiny|100/100
|turn|15
|
|t:|1758350925
|move|p1a: Glimmora|Earth Power|p2a: Ceruledge
|-supereffective|p2a: Ceruledge
|-damage|p2a: Ceruledge|0 fnt
|faint|p2a: Ceruledge
|
|upkeep
|
|t:|1758350930
|switch|p2a: Decidueye|Decidueye-Hisui, M|42/100
|turn|16
|
|t:|1758350940
|-terastallize|p1a: Glimmora|Fairy
|move|p1a: Glimmora|Dazzling Gleam|p2a: Decidueye
|-supereffective|p2a: Decidueye
|-damage|p2a: Decidueye|0 fnt
|faint|p2a: Decidueye
|
|upkeep
|
|t:|1758350945
|switch|p2a: Average Wordle Fan|Corviknight, M|100/100
|turn|17
|
|t:|1758350950
|move|p1a: Glimmora|Meteor Beam||[still]
|-prepare|p1a: Glimmora|Meteor Beam
|-boost|p1a: Glimmora|spa|1
|move|p2a: Average Wordle Fan|Iron Head|p1a: Glimmora
|-supereffective|p1a: Glimmora
|-damage|p1a: Glimmora|36/100
|-activate|p1a: Glimmora|ability: Toxic Debris
|-sidestart|p2: ImMikeyCzn|move: Toxic Spikes
|
|upkeep
|turn|18
|
|t:|1758350966
|move|p1a: Glimmora|Meteor Beam|p2a: Average Wordle Fan|[from] lockedmove
|-damage|p2a: Average Wordle Fan|22/100
|move|p2a: Average Wordle Fan|Iron Head|p1a: Glimmora
|-supereffective|p1a: Glimmora
|-damage|p1a: Glimmora|0 fnt
|-activate|p1a: Glimmora|ability: Toxic Debris
|-sidestart|p2: ImMikeyCzn|move: Toxic Spikes
|faint|p1a: Glimmora
|
|upkeep
|
|t:|1758350975
|switch|p1a: Dragonite|Dragonite, M|58/100
|turn|19
|
|t:|1758350980
|move|p1a: Dragonite|Dragon Dance|p1a: Dragonite
|-boost|p1a: Dragonite|atk|1
|-boost|p1a: Dragonite|spe|1
|move|p2a: Average Wordle Fan|Roost|p2a: Average Wordle Fan
|-heal|p2a: Average Wordle Fan|72/100
|-singleturn|p2a: Average Wordle Fan|move: Roost
|
|-heal|p1a: Dragonite|64/100|[from] item: Leftovers
|upkeep
|turn|20
|
|t:|1758351001
|move|p1a: Dragonite|Low Kick|p2a: Average Wordle Fan
|-damage|p2a: Average Wordle Fan|38/100
|-damage|p1a: Dragonite|48/100|[from] item: Rocky Helmet|[of] p2a: Average Wordle Fan
|move|p2a: Average Wordle Fan|Iron Defense|p2a: Average Wordle Fan
|-boost|p2a: Average Wordle Fan|def|2
|
|-heal|p1a: Dragonite|54/100|[from] item: Leftovers
|upkeep
|turn|21
|
|t:|1758351012
|move|p1a: Dragonite|Low Kick|p2a: Average Wordle Fan
|-crit|p2a: Average Wordle Fan
|-damage|p2a: Average Wordle Fan|0 fnt
|-damage|p1a: Dragonite|37/100|[from] item: Rocky Helmet|[of] p2a: Average Wordle Fan
|faint|p2a: Average Wordle Fan
|
|win|bigyayo
|raw|bigyayo's rating: 1067 &rarr; <strong>1098</strong><br />(+31 for winning)
|raw|ImMikeyCzn's rating: 1082 &rarr; <strong>1059</strong><br />(-23 for losing)
|l|☆bigyayo
|player|p1|
