|j|☆chleba_borec
|j|‽XIXINANA
|t:|1758300768
|gametype|singles
|player|p1|chleba_borec|265|1244
|player|p2|XIXINANA|nate|1215
|gen|9
|tier|[Gen 9] OU
|rated|
|rule|HP Percentage Mod: HP is shown in percentages
|rule|Endless Battle Clause: Forcing endless battles is banned
|rule|Species Clause: Limit one of each Pokémon
|rule|OHKO Clause: OHKO moves are banned
|rule|Evasion Items Clause: Evasion items are banned
|rule|Evasion Moves Clause: Evasion moves are banned
|rule|Evasion Abilities Clause: Evasion abilities are banned
|rule|Sleep Moves Clause: Sleep-inducing moves are banned
|clearpoke
|poke|p1|Indeedee, M|
|poke|p1|Hatterene, F|
|poke|p1|Iron Hands|
|poke|p1|Ursaluna, F|
|poke|p1|Mimikyu, M|
|poke|p1|Hoopa-Unbound|
|poke|p2|Sawsbuck-Winter, M|
|poke|p2|Lycanroc-Midnight, F|
|poke|p2|Sinistcha-Masterpiece|
|poke|p2|Polteageist-Antique|
|poke|p2|Typhlosion-Hisui, M|
|poke|p2|Regidrago|
|teampreview
|inactive|Battle timer is ON: inactive players will automatically lose when time's up. (requested by chleba_borec)
|
|t:|1758300788
|teamsize|p1|6
|teamsize|p2|6
|start
|switch|p1a: Indeedee|Indeedee, M|100/100
|switch|p2a: Regidrago|Regidrago|100/100
|-fieldstart|move: Psychic Terrain|[from] ability: Psychic Surge|[of] p1a: Indeedee
|turn|1
|
|t:|1758300797
|-terastallize|p2a: Regidrago|Dragon
|move|p2a: Regidrago|Dragon Energy|p1a: Indeedee
|-damage|p1a: Indeedee|0 fnt
|faint|p1a: Indeedee
|
|upkeep
|
|t:|1758300804
|switch|p1a: Hatterene|Hatterene, F|100/100
|turn|2
|
|t:|1758300811
|switch|p2a: Sinistcha|Sinistcha-Masterpiece|100/100
|move|p1a: Hatterene|Trick Room|p1a: Hatterene
|-fieldstart|move: Trick Room|[of] p1a: Hatterene
|
|upkeep
|turn|3
|
|t:|1758300818
|-terastallize|p1a: Hatterene|Stellar
|move|p1a: Hatterene|Mystical Fire|p2a: Sinistcha
|-supereffective|p2a: Sinistcha
|-damage|p2a: Sinistcha|50/100
|-unboost|p2a: Sinistcha|spa|1
|-damage|p1a: Hatterene|91/100|[from] item: Life Orb
|move|p2a: Sinistcha|Calm Mind|p2a: Sinistcha
|-boost|p2a: Sinistcha|spa|1
|-boost|p2a: Sinistcha|spd|1
|
|-heal|p2a: Sinistcha|56/100|[from] item: Leftovers
|upkeep
|turn|4
|
|t:|1758300832
|move|p1a: Hatterene|Expanding Force|p2a: Sinistcha
|-damage|p2a: Sinistcha|0 fnt
|faint|p2a: Sinistcha
|-damage|p1a: Hatterene|81/100|[from] item: Life Orb
|
|upkeep
|
|t:|1758300846
|switch|p2a: Polteageist|Polteageist-Antique|100/100
|turn|5
|
|t:|1758300850
|move|p1a: Hatterene|Expanding Force|p2a: Polteageist
|-enditem|p2a: Polteageist|Focus Sash
|-damage|p2a: Polteageist|1/100
|-damage|p1a: Hatterene|71/100|[from] item: Life Orb
|move|p2a: Polteageist|Shadow Ball|p1a: Hatterene
|-supereffective|p1a: Hatterene
|-damage|p1a: Hatterene|0 fnt
|faint|p1a: Hatterene
|
|upkeep
|
|t:|1758300862
|switch|p1a: Hoopa|Hoopa-Unbound|100/100
|-enditem|p1a: Hoopa|Psychic Seed
|-boost|p1a: Hoopa|spd|1|[from] item: Psychic Seed
|turn|6
|
|t:|1758300870
|move|p1a: Hoopa|Hyperspace Fury|p2a: Polteageist
|-supereffective|p2a: Polteageist
|-damage|p2a: Polteageist|0 fnt
|-unboost|p1a: Hoopa|def|1
|faint|p2a: Polteageist
|
|-fieldend|move: Trick Room
|upkeep
|
|t:|1758300874
|switch|p2a: Sawsbuck|Sawsbuck-Winter, M|100/100
|turn|7
|
|t:|1758300882
|move|p2a: Sawsbuck|Headbutt|p1a: Hoopa
|-damage|p1a: Hoopa|50/100
|cant|p1a: Hoopa|flinch
|
|upkeep
|turn|8
|
|t:|1758300894
|switch|p1a: Mimikyu|Mimikyu, M|100/100
|move|p2a: Sawsbuck|Headbutt|p1a: Mimikyu
|-immune|p1a: Mimikyu
|
|-fieldend|move: Psychic Terrain
|upkeep
|turn|9
|
|t:|1758300903
|switch|p2a: Lycanroc|Lycanroc-Midnight, F|100/100
|move|p1a: Mimikyu|Trick Room|p1a: Mimikyu
|-fieldstart|move: Trick Room|[of] p1a: Mimikyu
|
|upkeep
|turn|10
|
|t:|1758300910
|move|p1a: Mimikyu|Curse|p2a: Lycanroc
|-start|p2a: Lycanroc|Curse|[of] p1a: Mimikyu
|-damage|p1a: Mimikyu|50/100
|move|p2a: Lycanroc|Stone Edge|p1a: Mimikyu
|-activate|p1a: Mimikyu|ability: Disguise
|-damage|p1a: Mimikyu|50/100
|detailschange|p1a: Mimikyu|Mimikyu-Busted, M
|-damage|p1a: Mimikyu|38/100|[from] pokemon: Mimikyu-Busted
|-enditem|p1a: Mimikyu|Red Card|[of] p2a: Lycanroc
|drag|p2a: Typhlosion|Typhlosion-Hisui, M|100/100
|
|upkeep
|turn|11
|
|t:|1758300924
|switch|p2a: Sawsbuck|Sawsbuck-Winter, M|100/100
|move|p1a: Mimikyu|Destiny Bond|p1a: Mimikyu
|-singlemove|p1a: Mimikyu|Destiny Bond
|
|upkeep
|turn|12
|
|t:|1758300946
|switch|p2a: Lycanroc|Lycanroc-Midnight, F|100/100
|move|p1a: Mimikyu|Play Rough|p2a: Lycanroc
|-damage|p2a: Lycanroc|59/100
|
|upkeep
|turn|13
|
|t:|1758300957
|move|p1a: Mimikyu|Destiny Bond|p1a: Mimikyu
|-singlemove|p1a: Mimikyu|Destiny Bond
|move|p2a: Lycanroc|Stone Edge|p1a: Mimikyu
|-damage|p1a: Mimikyu|0 fnt
|faint|p1a: Mimikyu
|-activate|p1a: Mimikyu|move: Destiny Bond
|faint|p2a: Lycanroc
|
|-fieldend|move: Trick Room
|upkeep
|
|t:|1758300972
|switch|p2a: Sawsbuck|Sawsbuck-Winter, M|100/100
|switch|p1a: Iron Hands|Iron Hands|100/100
|-enditem|p1a: Iron Hands|Booster Energy
|-activate|p1a: Iron Hands|ability: Quark Drive|[fromitem]
|-start|p1a: Iron Hands|quarkdriveatk
|turn|14
|
|t:|1758300986
|switch|p2a: Typhlosion|Typhlosion-Hisui, M|100/100
|move|p1a: Iron Hands|Ice Punch|p2a: Typhlosion
|-resisted|p2a: Typhlosion
|-damage|p2a: Typhlosion|74/100
|
|upkeep
|turn|15
|
|t:|1758300997
|move|p2a: Typhlosion|Overheat|p1a: Iron Hands
|-damage|p1a: Iron Hands|55/100
|-unboost|p2a: Typhlosion|spa|2
|move|p1a: Iron Hands|Supercell Slam|p2a: Typhlosion
|-damage|p2a: Typhlosion|0 fnt
|faint|p2a: Typhlosion
|
|upkeep
|
|t:|1758301007
|switch|p2a: Sawsbuck|Sawsbuck-Winter, M|100/100
|turn|16
|
|t:|1758301017
|move|p2a: Sawsbuck|Headbutt|p1a: Iron Hands
|-damage|p1a: Iron Hands|32/100
|move|p1a: Iron Hands|Close Combat|p2a: Sawsbuck
|-supereffective|p2a: Sawsbuck
|-damage|p2a: Sawsbuck|0 fnt
|-unboost|p1a: Iron Hands|def|1
|-unboost|p1a: Iron Hands|spd|1
|faint|p2a: Sawsbuck
|
|upkeep
|inactive|XIXINANA has 120 seconds left.
|
|t:|1758301045
|switch|p2a: Regidrago|Regidrago, tera:Dragon|100/100
|turn|17
|
|t:|1758301053
|-end|p1a: Iron Hands|Quark Drive|[silent]
|switch|p1a: Hoopa|Hoopa-Unbound|50/100
|move|p2a: Regidrago|Dragon Energy|p1a: Hoopa
|-damage|p1a: Hoopa|0 fnt
|faint|p1a: Hoopa
|
|upkeep
|
|t:|1758301069
|switch|p1a: Ursaluna|Ursaluna, F|100/100
|turn|18
|
|t:|1758301074
|move|p2a: Regidrago|Dragon Energy|p1a: Ursaluna
|-damage|p1a: Ursaluna|0 fnt
|faint|p1a: Ursaluna
|
|upkeep
|
|t:|1758301079
|switch|p1a: Iron Hands|Iron Hands|32/100
|turn|19
|
|t:|1758301084
|move|p2a: Regidrago|Dragon Energy|p1a: Iron Hands
|-crit|p1a: Iron Hands
|-damage|p1a: Iron Hands|0 fnt
|faint|p1a: Iron Hands
|-end|p1a: Iron Hands|Quark Drive|[silent]
|
|win|XIXINANA
|raw|chleba_borec's rating: 1244 &rarr; <strong>1217</strong><br />(-27 for losing)
|raw|XIXINANA's rating: 1215 &rarr; <strong>1242</strong><br />(+27 for winning)
|l|☆chleba_borec
|player|p1|
|l|‽XIXINANA
|player|p2|
