|j|☆Renmei
|j|☆Belkash58
|t:|1758235377
|gametype|singles
|player|p1|Renmei|plasmagrunt|1079
|player|p2|Belkash58|hilbert-wonderlauncher|1092
|gen|9
|tier|[Gen 9] OU
|rated|
|rule|HP Percentage Mod: HP is shown in percentages
|rule|Endless Battle Clause: Forcing endless battles is banned
|rule|Species Clause: Limit one of each Pokémon
|rule|OHKO Clause: OHKO moves are banned
|rule|Evasion Items Clause: Evasion items are banned
|rule|Evasion Moves Clause: Evasion moves are banned
|rule|Evasion Abilities Clause: Evasion abilities are banned
|rule|Sleep Moves Clause: Sleep-inducing moves are banned
|clearpoke
|poke|p1|Cloyster, M|
|poke|p1|Corviknight, M|
|poke|p1|Ribombee, F|
|poke|p1|Serperior, M|
|poke|p1|Kommo-o, M|
|poke|p1|Marill, M|
|poke|p2|Diancie|
|poke|p2|Manaphy|
|poke|p2|Pelipper, F|
|poke|p2|Cinderace, M|
|poke|p2|Toxapex, M|
|poke|p2|Pecharunt|
|teampreview
|
|t:|1758235383
|teamsize|p1|6
|teamsize|p2|6
|start
|switch|p1a: Marill|Marill, M, shiny|100/100
|switch|p2a: Diancie|Diancie|100/100
|turn|1
|inactive|Battle timer is ON: inactive players will automatically lose when time's up. (requested by Renmei)
|
|t:|1758235388
|move|p2a: Diancie|Stealth Rock|p1a: Marill
|-sidestart|p1: Renmei|move: Stealth Rock
|move|p1a: Marill|Aqua Ring|p1a: Marill
|-start|p1a: Marill|Aqua Ring
|
|upkeep
|turn|2
|
|t:|1758235398
|move|p2a: Diancie|Diamond Storm|p1a: Marill
|-damage|p1a: Marill|64/100
|move|p1a: Marill|Belly Drum|p1a: Marill
|-damage|p1a: Marill|14/100
|-setboost|p1a: Marill|atk|6|[from] move: Belly Drum
|
|-heal|p1a: Marill|20/100|[from] Aqua Ring
|upkeep
|turn|3
|
|t:|1758235402
|-terastallize|p1a: Marill|Water
|move|p1a: Marill|Aqua Jet|p2a: Diancie
|-supereffective|p2a: Diancie
|-damage|p2a: Diancie|0 fnt
|faint|p2a: Diancie
|
|-heal|p1a: Marill|26/100|[from] Aqua Ring
|upkeep
|
|t:|1758235414
|switch|p2a: Pecharunt|Pecharunt|100/100
|-item|p2a: Pecharunt|Air Balloon
|turn|4
|
|t:|1758235418
|move|p1a: Marill|Aqua Jet|p2a: Pecharunt
|-damage|p2a: Pecharunt|42/100
|-enditem|p2a: Pecharunt|Air Balloon
|move|p2a: Pecharunt|Malignant Chain|p1a: Marill
|-damage|p1a: Marill|0 fnt
|faint|p1a: Marill
|
|upkeep
|
|t:|1758235426
|switch|p1a: Cloyster|Cloyster, M|100/100
|-damage|p1a: Cloyster|76/100|[from] Stealth Rock
|turn|5
|
|t:|1758235430
|move|p1a: Cloyster|Icicle Spear|p2a: Pecharunt
|-damage|p2a: Pecharunt|35/100
|-damage|p2a: Pecharunt|28/100
|-crit|p2a: Pecharunt
|-damage|p2a: Pecharunt|17/100
|-damage|p2a: Pecharunt|9/100
|-damage|p2a: Pecharunt|2/100
|-hitcount|p2a: Pecharunt|5
|move|p2a: Pecharunt|Recover|p2a: Pecharunt
|-heal|p2a: Pecharunt|52/100
|
|upkeep
|turn|6
|
|t:|1758235434
|move|p1a: Cloyster|Shell Smash|p1a: Cloyster
|-unboost|p1a: Cloyster|def|1
|-unboost|p1a: Cloyster|spd|1
|-boost|p1a: Cloyster|atk|2
|-boost|p1a: Cloyster|spa|2
|-boost|p1a: Cloyster|spe|2
|move|p2a: Pecharunt|Recover|p2a: Pecharunt
|-heal|p2a: Pecharunt|100/100
|
|upkeep
|turn|7
|
|t:|1758235438
|move|p1a: Cloyster|Icicle Spear|p2a: Pecharunt
|-damage|p2a: Pecharunt|87/100
|-damage|p2a: Pecharunt|72/100
|-damage|p2a: Pecharunt|58/100
|-damage|p2a: Pecharunt|43/100
|-damage|p2a: Pecharunt|30/100
|-hitcount|p2a: Pecharunt|5
|move|p2a: Pecharunt|Foul Play|p1a: Cloyster
|-damage|p1a: Cloyster|0 fnt
|faint|p1a: Cloyster
|
|upkeep
|-message|Renmei forfeited.
|
|win|Belkash58
|raw|Renmei's rating: 1079 &rarr; <strong>1058</strong><br />(-21 for losing)
|raw|Belkash58's rating: 1092 &rarr; <strong>1117</strong><br />(+25 for winning)
|l|☆Renmei
|player|p1|
|l|☆Belkash58
|player|p2|
|j|☆Belkash58
|player|p2|Belkash58|hilbert-wonderlauncher|
|l|☆Belkash58
|player|p2|
