|j|☆dxBasti
|j|☆luca1996
|t:|1758301697
|gametype|singles
|player|p1|dxBasti|n|1424
|player|p2|luca1996|boarder|1418
|gen|9
|tier|[Gen 9] OU
|rated|
|rule|HP Percentage Mod: HP is shown in percentages
|rule|Endless Battle Clause: Forcing endless battles is banned
|rule|Species Clause: Limit one of each Pokémon
|rule|OHKO Clause: OHKO moves are banned
|rule|Evasion Items Clause: Evasion items are banned
|rule|Evasion Moves Clause: Evasion moves are banned
|rule|Evasion Abilities Clause: Evasion abilities are banned
|rule|Sleep Moves Clause: Sleep-inducing moves are banned
|clearpoke
|poke|p1|Indeedee, M|
|poke|p1|Hatterene, F|
|poke|p1|Ursaluna, M|
|poke|p1|Iron Hands|
|poke|p1|Hoopa-Unbound|
|poke|p1|Mimikyu, M|
|poke|p2|Goodra, M|
|poke|p2|Snorlax, F|
|poke|p2|Primarina, M|
|poke|p2|Cinderace, M|
|poke|p2|Primeape, F|
|poke|p2|Iron Jugulis|
|teampreview
|inactive|Battle timer is ON: inactive players will automatically lose when time's up. (requested by dxBasti)
|inactive|luca1996 has 120 seconds left.
|inactive|luca1996 has 90 seconds left.
|
|t:|1758301790
|teamsize|p1|6
|teamsize|p2|6
|start
|switch|p1a: Iron Hands|Iron Hands|100/100
|switch|p2a: Iron Jugulis|Iron Jugulis|100/100
|-enditem|p1a: Iron Hands|Booster Energy
|-activate|p1a: Iron Hands|ability: Quark Drive|[fromitem]
|-start|p1a: Iron Hands|quarkdriveatk
|turn|1
|inactive|dxBasti has 120 seconds left.
|
|t:|1758301827
|-terastallize|p1a: Iron Hands|Flying
|move|p2a: Iron Jugulis|Air Slash|p1a: Iron Hands
|-damage|p1a: Iron Hands|70/100
|cant|p1a: Iron Hands|flinch
|
|upkeep
|turn|2
|
|t:|1758301832
|move|p2a: Iron Jugulis|Meteor Beam||[still]
|-prepare|p2a: Iron Jugulis|Meteor Beam
|-boost|p2a: Iron Jugulis|spa|1
|-enditem|p2a: Iron Jugulis|Power Herb
|-anim|p2a: Iron Jugulis|Meteor Beam|p1a: Iron Hands
|-supereffective|p1a: Iron Hands
|-damage|p1a: Iron Hands|0 fnt
|faint|p1a: Iron Hands
|-end|p1a: Iron Hands|Quark Drive|[silent]
|
|upkeep
|c|☆luca1996|noice
|
|t:|1758301841
|switch|p1a: Indeedee|Indeedee, M|100/100
|-fieldstart|move: Psychic Terrain|[from] ability: Psychic Surge|[of] p1a: Indeedee
|turn|3
|
|t:|1758301845
|switch|p1a: Mimikyu|Mimikyu, M|100/100
|move|p2a: Iron Jugulis|Dark Pulse|p1a: Mimikyu
|-activate|p1a: Mimikyu|ability: Disguise
|-damage|p1a: Mimikyu|100/100
|detailschange|p1a: Mimikyu|Mimikyu-Busted, M
|-damage|p1a: Mimikyu|88/100|[from] pokemon: Mimikyu-Busted
|-enditem|p1a: Mimikyu|Red Card|[of] p2a: Iron Jugulis
|-end|p2a: Iron Jugulis|Quark Drive|[silent]
|drag|p2a: Primarina|Primarina, M|100/100
|
|upkeep
|turn|4
|
|t:|1758301849
|move|p2a: Primarina|Moonblast|p1a: Mimikyu
|-damage|p1a: Mimikyu|36/100
|move|p1a: Mimikyu|Trick Room|p1a: Mimikyu
|-fieldstart|move: Trick Room|[of] p1a: Mimikyu
|
|upkeep
|turn|5
|
|t:|1758301854
|move|p2a: Primarina|Surf|p1a: Mimikyu
|-damage|p1a: Mimikyu|0 fnt
|faint|p1a: Mimikyu
|
|upkeep
|
|t:|1758301859
|switch|p1a: Hoopa|Hoopa-Unbound|100/100
|-enditem|p1a: Hoopa|Psychic Seed
|-boost|p1a: Hoopa|spd|1|[from] item: Psychic Seed
|turn|6
|
|t:|1758301867
|switch|p2a: Primeape|Primeape, F|100/100
|move|p1a: Hoopa|Expanding Force|p2a: Primeape
|-supereffective|p2a: Primeape
|-damage|p2a: Primeape|0 fnt
|faint|p2a: Primeape
|-item|p1a: Hoopa|Eviolite|[from] ability: Magician|[of] p2: Primeape
|
|upkeep
|
|t:|1758301871
|switch|p2a: Iron Jugulis|Iron Jugulis|100/100
|turn|7
|
|t:|1758301873
|move|p1a: Hoopa|Focus Blast|p2a: Iron Jugulis
|-damage|p2a: Iron Jugulis|35/100
|move|p2a: Iron Jugulis|Dark Pulse|p1a: Hoopa
|-damage|p1a: Hoopa|80/100
|
|upkeep
|turn|8
|
|t:|1758301877
|move|p1a: Hoopa|Focus Blast|p2a: Iron Jugulis
|-damage|p2a: Iron Jugulis|0 fnt
|faint|p2a: Iron Jugulis
|-end|p2a: Iron Jugulis|Quark Drive|[silent]
|
|-fieldend|move: Trick Room
|upkeep
|
|t:|1758301890
|switch|p2a: Cinderace|Cinderace, M|100/100
|turn|9
|
|t:|1758301897
|-terastallize|p2a: Cinderace|Fire
|move|p2a: Cinderace|Pyro Ball|p1a: Hoopa
|-damage|p1a: Hoopa|0 fnt
|faint|p1a: Hoopa
|-damage|p2a: Cinderace|91/100|[from] item: Life Orb
|
|upkeep
|
|t:|1758301902
|switch|p1a: Hatterene|Hatterene, F|100/100
|turn|10
|
|t:|1758301905
|move|p2a: Cinderace|Pyro Ball|p1a: Hatterene
|-damage|p1a: Hatterene|0 fnt
|faint|p1a: Hatterene
|-damage|p2a: Cinderace|81/100|[from] item: Life Orb
|
|-fieldend|move: Psychic Terrain
|upkeep
|
|t:|1758301909
|switch|p1a: Indeedee|Indeedee, M|100/100
|-fieldstart|move: Psychic Terrain|[from] ability: Psychic Surge|[of] p1a: Indeedee
|turn|11
|
|t:|1758301912
|move|p2a: Cinderace|Pyro Ball|p1a: Indeedee
|-damage|p1a: Indeedee|0 fnt
|faint|p1a: Indeedee
|-damage|p2a: Cinderace|71/100|[from] item: Life Orb
|
|upkeep
|
|t:|1758301914
|switch|p1a: Ursaluna|Ursaluna, M|100/100
|turn|12
|
|t:|1758301918
|move|p2a: Cinderace|High Jump Kick|p1a: Ursaluna
|-supereffective|p1a: Ursaluna
|-damage|p1a: Ursaluna|30/100
|-damage|p2a: Cinderace|61/100|[from] item: Life Orb
|move|p1a: Ursaluna|Headlong Rush|p2a: Cinderace
|-supereffective|p2a: Cinderace
|-damage|p2a: Cinderace|0 fnt
|-unboost|p1a: Ursaluna|def|1
|-unboost|p1a: Ursaluna|spd|1
|faint|p2a: Cinderace
|
|-status|p1a: Ursaluna|brn|[from] item: Flame Orb
|upkeep
|c|☆luca1996|gg
|
|t:|1758301924
|switch|p2a: Goodra|Goodra, M|100/100
|turn|13
|
|t:|1758301938
|move|p2a: Goodra|Ice Beam|p1a: Ursaluna
|-supereffective|p1a: Ursaluna
|-damage|p1a: Ursaluna|0 fnt
|faint|p1a: Ursaluna
|
|win|luca1996
|raw|dxBasti's rating: 1424 &rarr; <strong>1404</strong><br />(-20 for losing)
|raw|luca1996's rating: 1418 &rarr; <strong>1438</strong><br />(+20 for winning)
|l|☆dxBasti
|player|p1|
|l|☆luca1996
|player|p2|
