|j|☆Your34
|j|☆FlmPain
|inactive|Battle timer is ON: inactive players will automatically lose when time's up.
|t:|1758339653
|gametype|singles
|player|p1|Your34|1|
|player|p2|FlmPain|elesa|
|gen|9
|tier|[Gen 9] OU
|rated|Tournament battle
|rule|HP Percentage Mod: HP is shown in percentages
|rule|Endless Battle Clause: Forcing endless battles is banned
|rule|Species Clause: Limit one of each Pokémon
|rule|OHKO Clause: OHKO moves are banned
|rule|Evasion Items Clause: Evasion items are banned
|rule|Evasion Moves Clause: Evasion moves are banned
|rule|Evasion Abilities Clause: Evasion abilities are banned
|rule|Sleep Moves Clause: Sleep-inducing moves are banned
|raw|<div class="infobox"><details class="readmore" open><summary><strong>1 custom rule:</strong></summary> -wobbuffet</details></div>
|clearpoke
|poke|p1|Grotle, M|
|poke|p1|Gholdengo|
|poke|p1|Brionne, M|
|poke|p2|Psyduck, M|
|poke|p2|Toxicroak, F|
|poke|p2|Frosmoth, F|
|teampreview
|j|*Lady Monita ☀
|
|t:|1758339665
|teamsize|p1|3
|teamsize|p2|3
|start
|switch|p1a: Gholdengo|Gholdengo|100/100
|switch|p2a: Psyduck|Psyduck, M|100/100
|-item|p1a: Gholdengo|Air Balloon
|turn|1
|
|t:|1758339671
|move|p1a: Gholdengo|Nasty Plot|p1a: Gholdengo
|-boost|p1a: Gholdengo|spa|2
|move|p2a: Psyduck|Light Screen|p2a: Psyduck
|-sidestart|p2: FlmPain|move: Light Screen
|
|upkeep
|turn|2
|
|t:|1758339675
|move|p1a: Gholdengo|Nasty Plot|p1a: Gholdengo
|-boost|p1a: Gholdengo|spa|2
|move|p2a: Psyduck|Haze|p2a: Psyduck
|-clearallboost
|
|upkeep
|turn|3
|
|t:|1758339681
|move|p1a: Gholdengo|Nasty Plot|p1a: Gholdengo
|-boost|p1a: Gholdengo|spa|2
|move|p2a: Psyduck|Hydro Pump|p1a: Gholdengo
|-damage|p1a: Gholdengo|68/100
|-enditem|p1a: Gholdengo|Air Balloon
|
|upkeep
|turn|4
|
|t:|1758339692
|move|p1a: Gholdengo|Shadow Ball|p2a: Psyduck
|-damage|p2a: Psyduck|68/100
|move|p2a: Psyduck|Haze|p2a: Psyduck
|-clearallboost
|
|upkeep
|turn|5
|inactive|Your34 has 120 seconds left.
|
|t:|1758339727
|move|p1a: Gholdengo|Nasty Plot|p1a: Gholdengo
|-boost|p1a: Gholdengo|spa|2
|move|p2a: Psyduck|Rain Dance|p2a: Psyduck
|-weather|RainDance
|
|-weather|RainDance|[upkeep]
|-sideend|p2: FlmPain|move: Light Screen
|upkeep
|turn|6
|
|t:|1758339731
|move|p1a: Gholdengo|Shadow Ball|p2a: Psyduck
|-damage|p2a: Psyduck|0 fnt
|faint|p2a: Psyduck
|
|-weather|RainDance|[upkeep]
|upkeep
|
|t:|1758339733
|switch|p2a: Toxicroak|Toxicroak, F, shiny|100/100
|turn|7
|
|t:|1758339744
|-terastallize|p1a: Gholdengo|Fairy
|move|p2a: Toxicroak|Earthquake|p1a: Gholdengo
|-damage|p1a: Gholdengo|16/100
|move|p1a: Gholdengo|Make It Rain|p2a: Toxicroak
|-damage|p2a: Toxicroak|0 fnt
|-unboost|p1a: Gholdengo|spa|1
|faint|p2a: Toxicroak
|
|-weather|RainDance|[upkeep]
|upkeep
|
|t:|1758339748
|switch|p2a: Frosmoth|Frosmoth, F, shiny|100/100
|turn|8
|
|t:|1758339757
|-terastallize|p2a: Frosmoth|Grass
|move|p1a: Gholdengo|Make It Rain|p2a: Frosmoth
|-damage|p2a: Frosmoth|35/100
|-unboost|p1a: Gholdengo|spa|1
|move|p2a: Frosmoth|Ice Beam|p1a: Gholdengo
|-damage|p1a: Gholdengo|0 fnt
|faint|p1a: Gholdengo
|
|-weather|RainDance|[upkeep]
|upkeep
|
|t:|1758339762
|switch|p1a: Brionne|Brionne, M|100/100
|turn|9
|
|t:|1758339769
|move|p2a: Frosmoth|Quiver Dance|p2a: Frosmoth
|-boost|p2a: Frosmoth|spa|1
|-boost|p2a: Frosmoth|spd|1
|-boost|p2a: Frosmoth|spe|1
|move|p1a: Brionne|Hyper Voice|p2a: Frosmoth
|-resisted|p2a: Frosmoth
|-damage|p2a: Frosmoth|22/100
|
|-weather|none
|upkeep
|turn|10
|
|t:|1758339773
|move|p2a: Frosmoth|Giga Drain|p1a: Brionne
|-supereffective|p1a: Brionne
|-damage|p1a: Brionne|4/100
|-heal|p2a: Frosmoth|78/100|[from] drain|[of] p1a: Brionne
|move|p1a: Brionne|Ice Beam|p2a: Frosmoth
|-supereffective|p2a: Frosmoth
|-damage|p2a: Frosmoth|52/100
|
|upkeep
|turn|11
|
|t:|1758339777
|move|p2a: Frosmoth|Giga Drain|p1a: Brionne
|-supereffective|p1a: Brionne
|-damage|p1a: Brionne|0 fnt
|-heal|p2a: Frosmoth|54/100|[from] drain|[of] p1a: Brionne
|faint|p1a: Brionne
|
|upkeep
|
|t:|1758339779
|switch|p1a: Grotle|Grotle, M|100/100
|turn|12
|c|☆FlmPain|gg
|
|t:|1758339784
|move|p2a: Frosmoth|Bug Buzz|p1a: Grotle
|-supereffective|p1a: Grotle
|-damage|p1a: Grotle|0 fnt
|faint|p1a: Grotle
|
|win|FlmPain
|n|☆Your34|your34
|n|☆FlmPain|flmpain
|n|*Lady Monita ☀|ladymonita
