|j|☆electworkworm
|j|☆BlackliightJester
|t:|1758317906
|gametype|singles
|player|p1|electworkworm|swimmerf|1067
|player|p2|BlackliightJester|will|1107
|gen|9
|tier|[Gen 9] OU
|rated|
|rule|HP Percentage Mod: HP is shown in percentages
|rule|Endless Battle Clause: Forcing endless battles is banned
|rule|Species Clause: Limit one of each Pokémon
|rule|OHKO Clause: OHKO moves are banned
|rule|Evasion Items Clause: Evasion items are banned
|rule|Evasion Moves Clause: Evasion moves are banned
|rule|Evasion Abilities Clause: Evasion abilities are banned
|rule|Sleep Moves Clause: Sleep-inducing moves are banned
|clearpoke
|poke|p1|Whimsicott, M|
|poke|p1|Kingdra, M|
|poke|p1|Farigiraf, M|
|poke|p1|Incineroar, F|
|poke|p1|Toxicroak, F|
|poke|p1|Yanmega, F|
|poke|p2|Flapple, F|
|poke|p2|Sableye, F|
|poke|p2|Dugtrio, F|
|poke|p2|Probopass, F|
|poke|p2|Regice|
|poke|p2|Gurdurr, M|
|teampreview
|inactive|Battle timer is ON: inactive players will automatically lose when time's up. (requested by BlackliightJester)
|inactive|electworkworm also wants the timer to be on.
|
|t:|1758317920
|teamsize|p1|6
|teamsize|p2|6
|start
|switch|p1a: Incineroar|Incineroar, F, shiny|100/100
|switch|p2a: Probopass|Probopass, F|100/100
|-ability|p1a: Incineroar|Intimidate|boost
|-unboost|p2a: Probopass|atk|1
|turn|1
|
|t:|1758317928
|move|p1a: Incineroar|Fake Out|p2a: Probopass
|-resisted|p2a: Probopass
|-damage|p2a: Probopass|98/100
|cant|p2a: Probopass|flinch
|
|upkeep
|turn|2
|
|t:|1758317934
|move|p1a: Incineroar|Parting Shot|p2a: Probopass
|-unboost|p2a: Probopass|atk|1
|-unboost|p2a: Probopass|spa|1
|
|t:|1758317941
|switch|p1a: Yanmega|Yanmega, F, shiny|100/100|[from] Parting Shot
|move|p2a: Probopass|Stealth Rock|p1a: Yanmega
|-sidestart|p1: electworkworm|move: Stealth Rock
|
|upkeep
|turn|3
|
|t:|1758317951
|move|p1a: Yanmega|Swords Dance|p1a: Yanmega
|-boost|p1a: Yanmega|atk|2
|move|p2a: Probopass|Gravity|p2a: Probopass
|-fieldstart|move: Gravity
|
|-ability|p1a: Yanmega|Speed Boost|boost
|-boost|p1a: Yanmega|spe|1
|upkeep
|turn|4
|
|t:|1758317961
|move|p1a: Yanmega|Swords Dance|p1a: Yanmega
|-boost|p1a: Yanmega|atk|2
|move|p2a: Probopass|Iron Defense|p2a: Probopass
|-boost|p2a: Probopass|def|2
|
|-ability|p1a: Yanmega|Speed Boost|boost
|-boost|p1a: Yanmega|spe|1
|upkeep
|turn|5
|
|t:|1758317969
|move|p1a: Yanmega|Crunch|p2a: Probopass
|-damage|p2a: Probopass|72/100
|move|p2a: Probopass|Iron Defense|p2a: Probopass
|-boost|p2a: Probopass|def|2
|
|-ability|p1a: Yanmega|Speed Boost|boost
|-boost|p1a: Yanmega|spe|1
|upkeep
|turn|6
|
|t:|1758317990
|move|p1a: Yanmega|Crunch|p2a: Probopass
|-damage|p2a: Probopass|56/100
|move|p2a: Probopass|Iron Defense|p2a: Probopass
|-boost|p2a: Probopass|def|2
|
|-ability|p1a: Yanmega|Speed Boost|boost
|-boost|p1a: Yanmega|spe|1
|upkeep
|turn|7
|
|t:|1758317999
|move|p1a: Yanmega|Crunch|p2a: Probopass
|-damage|p2a: Probopass|43/100
|move|p2a: Probopass|Body Press|p1a: Yanmega
|-resisted|p1a: Yanmega
|-damage|p1a: Yanmega|72/100
|
|-fieldend|move: Gravity
|-ability|p1a: Yanmega|Speed Boost|boost
|-boost|p1a: Yanmega|spe|1
|upkeep
|turn|8
|
|t:|1758318008
|move|p1a: Yanmega|Swords Dance|p1a: Yanmega
|-boost|p1a: Yanmega|atk|2
|move|p2a: Probopass|Body Press|p1a: Yanmega
|-resisted|p1a: Yanmega
|-damage|p1a: Yanmega|42/100
|
|-ability|p1a: Yanmega|Speed Boost|boost
|-boost|p1a: Yanmega|spe|1
|upkeep
|turn|9
|
|t:|1758318017
|move|p1a: Yanmega|Crunch|p2a: Probopass
|-damage|p2a: Probopass|26/100
|move|p2a: Probopass|Body Press|p1a: Yanmega
|-resisted|p1a: Yanmega
|-damage|p1a: Yanmega|12/100
|
|upkeep
|turn|10
|
|t:|1758318024
|move|p1a: Yanmega|Crunch|p2a: Probopass
|-damage|p2a: Probopass|11/100
|move|p2a: Probopass|Body Press|p1a: Yanmega
|-resisted|p1a: Yanmega
|-damage|p1a: Yanmega|0 fnt
|faint|p1a: Yanmega
|
|upkeep
|
|t:|1758318035
|switch|p1a: Kingdra|Kingdra, M, shiny|100/100
|-damage|p1a: Kingdra|88/100|[from] Stealth Rock
|turn|11
|-enditem|p2a: Probopass|Custap Berry|[eat]
|-activate|p2a: Probopass|item: Custap Berry|[consumed]
|
|t:|1758318040
|move|p2a: Probopass|Body Press|p1a: Kingdra
|-damage|p1a: Kingdra|0 fnt
|faint|p1a: Kingdra
|
|upkeep
|
|t:|1758318047
|switch|p1a: Whimsicott|Whimsicott, M, shiny|100/100
|turn|12
|
|t:|1758318050
|move|p1a: Whimsicott|Moonblast|p2a: Probopass
|-resisted|p2a: Probopass
|-damage|p2a: Probopass|3/100
|-unboost|p2a: Probopass|spa|1
|move|p2a: Probopass|Body Press|p1a: Whimsicott
|-resisted|p1a: Whimsicott
|-damage|p1a: Whimsicott|55/100
|
|upkeep
|turn|13
|
|t:|1758318059
|move|p1a: Whimsicott|Moonblast|p2a: Probopass
|-resisted|p2a: Probopass
|-damage|p2a: Probopass|0 fnt
|faint|p2a: Probopass
|
|upkeep
|
|t:|1758318078
|switch|p2a: Regice|Regice|100/100
|turn|14
|
|t:|1758318081
|move|p1a: Whimsicott|Stun Spore|p2a: Regice
|-status|p2a: Regice|par
|move|p2a: Regice|Zap Cannon|p1a: Whimsicott
|-resisted|p1a: Whimsicott
|-damage|p1a: Whimsicott|35/100
|-status|p1a: Whimsicott|par
|
|upkeep
|turn|15
|
|t:|1758318092
|move|p1a: Whimsicott|Moonblast|p2a: Regice
|-damage|p2a: Regice|86/100 par
|move|p2a: Regice|Zap Cannon|p1a: Whimsicott|[miss]
|-miss|p2a: Regice|p1a: Whimsicott
|-enditem|p2a: Regice|Blunder Policy
|-boost|p2a: Regice|spe|2
|
|upkeep
|turn|16
|
|t:|1758318100
|move|p2a: Regice|Ice Beam|p1a: Whimsicott
|-supereffective|p1a: Whimsicott
|-damage|p1a: Whimsicott|0 fnt
|faint|p1a: Whimsicott
|
|upkeep
|
|t:|1758318105
|switch|p1a: Farigiraf|Farigiraf, M, shiny|100/100
|-damage|p1a: Farigiraf|88/100|[from] Stealth Rock
|turn|17
|
|t:|1758318115
|-terastallize|p2a: Regice|Ice
|move|p1a: Farigiraf|Calm Mind|p1a: Farigiraf
|-boost|p1a: Farigiraf|spa|1
|-boost|p1a: Farigiraf|spd|1
|move|p2a: Regice|Ice Beam|p1a: Farigiraf
|-damage|p1a: Farigiraf|57/100
|-status|p1a: Farigiraf|frz
|
|upkeep
|turn|18
|
|t:|1758318126
|cant|p1a: Farigiraf|frz
|move|p2a: Regice|Ice Beam|p1a: Farigiraf
|-damage|p1a: Farigiraf|23/100 frz
|
|upkeep
|turn|19
|
|t:|1758318132
|cant|p1a: Farigiraf|frz
|move|p2a: Regice|Ice Beam|p1a: Farigiraf
|-damage|p1a: Farigiraf|0 fnt
|faint|p1a: Farigiraf
|
|upkeep
|
|t:|1758318134
|switch|p1a: Toxicroak|Toxicroak, F, shiny|100/100
|-damage|p1a: Toxicroak|94/100|[from] Stealth Rock
|turn|20
|
|t:|1758318144
|move|p1a: Toxicroak|Close Combat|p2a: Regice
|-supereffective|p2a: Regice
|-damage|p2a: Regice|9/100 par
|-unboost|p1a: Toxicroak|def|1
|-unboost|p1a: Toxicroak|spd|1
|cant|p2a: Regice|par
|
|-heal|p1a: Toxicroak|100/100|[from] item: Leftovers
|upkeep
|turn|21
|
|t:|1758318153
|move|p1a: Toxicroak|Poison Jab|p2a: Regice
|-damage|p2a: Regice|0 fnt
|faint|p2a: Regice
|
|upkeep
|
|t:|1758318158
|switch|p2a: Sableye|Sableye, F|100/100
|turn|22
|
|t:|1758318161
|switch|p1a: Incineroar|Incineroar, F, shiny|100/100
|-ability|p1a: Incineroar|Intimidate|boost
|-unboost|p2a: Sableye|atk|1
|move|p2a: Sableye|Will-O-Wisp|p1a: Incineroar
|-immune|p1a: Incineroar
|
|upkeep
|turn|23
|
|t:|1758318171
|move|p2a: Sableye|Gravity|p2a: Sableye
|-fieldstart|move: Gravity
|move|p1a: Incineroar|Knock Off|p2a: Sableye
|-damage|p2a: Sableye|28/100
|-enditem|p2a: Sableye|Eject Button|[from] move: Knock Off|[of] p1a: Incineroar
|
|upkeep
|turn|24
|
|t:|1758318180
|move|p2a: Sableye|Will-O-Wisp|p1a: Incineroar
|-immune|p1a: Incineroar
|move|p1a: Incineroar|Knock Off|p2a: Sableye
|-damage|p2a: Sableye|0 fnt
|faint|p2a: Sableye
|
|upkeep
|
|t:|1758318189
|switch|p2a: Dugtrio|Dugtrio, F|100/100
|turn|25
|
|t:|1758318194
|move|p2a: Dugtrio|Earthquake|p1a: Incineroar
|-supereffective|p1a: Incineroar
|-damage|p1a: Incineroar|0 fnt
|faint|p1a: Incineroar
|
|upkeep
|
|t:|1758318196
|switch|p1a: Toxicroak|Toxicroak, F, shiny|100/100
|-damage|p1a: Toxicroak|94/100|[from] Stealth Rock
|turn|26
|
|t:|1758318202
|move|p2a: Dugtrio|Earthquake|p1a: Toxicroak
|-supereffective|p1a: Toxicroak
|-damage|p1a: Toxicroak|0 fnt
|faint|p1a: Toxicroak
|
|win|BlackliightJester
|raw|electworkworm's rating: 1067 &rarr; <strong>1049</strong><br />(-18 for losing)
|raw|BlackliightJester's rating: 1107 &rarr; <strong>1129</strong><br />(+22 for winning)
|l|☆electworkworm
|player|p1|
|l|☆BlackliightJester
|player|p2|
