|j|☆umsohardbruhh
|j|☆highscorezero
|t:|1758281288
|gametype|singles
|player|p1|umsohardbruhh|drayden|1077
|player|p2|highscorezero|ghetsis|1125
|gen|9
|tier|[Gen 9] OU
|rated|
|rule|HP Percentage Mod: HP is shown in percentages
|rule|Endless Battle Clause: Forcing endless battles is banned
|rule|Species Clause: Limit one of each Pokémon
|rule|OHKO Clause: OHKO moves are banned
|rule|Evasion Items Clause: Evasion items are banned
|rule|Evasion Moves Clause: Evasion moves are banned
|rule|Evasion Abilities Clause: Evasion abilities are banned
|rule|Sleep Moves Clause: Sleep-inducing moves are banned
|clearpoke
|poke|p1|Pelipper, M|
|poke|p1|Barraskewda, M|
|poke|p1|Walking Wake|
|poke|p1|Zapdos|
|poke|p1|Kingdra, F|
|poke|p1|Floatzel, F|
|poke|p2|Alomomola, F|
|poke|p2|Dragonite, F|
|poke|p2|Scizor, F|
|poke|p2|Tornadus-Therian, M|
|poke|p2|Hatterene, F|
|poke|p2|Great Tusk|
|teampreview
|inactive|Battle timer is ON: inactive players will automatically lose when time's up. (requested by umsohardbruhh)
|inactive|highscorezero has 120 seconds left.
|
|t:|1758281323
|teamsize|p1|6
|teamsize|p2|6
|start
|switch|p1a: Pelipper|Pelipper, M|100/100
|switch|p2a: Dragonite|Dragonite, F|100/100
|-weather|RainDance|[from] ability: Drizzle|[of] p1a: Pelipper
|turn|1
|
|t:|1758281330
|move|p2a: Dragonite|Dragon Dance|p2a: Dragonite
|-boost|p2a: Dragonite|atk|1
|-boost|p2a: Dragonite|spe|1
|move|p1a: Pelipper|Ice Beam|p2a: Dragonite
|-supereffective|p2a: Dragonite
|-damage|p2a: Dragonite|40/100
|
|-weather|RainDance|[upkeep]
|upkeep
|turn|2
|
|t:|1758281357
|move|p2a: Dragonite|Tera Blast|p1a: Pelipper
|-damage|p1a: Pelipper|77/100
|move|p1a: Pelipper|Ice Beam|p2a: Dragonite
|-supereffective|p2a: Dragonite
|-damage|p2a: Dragonite|0 fnt
|faint|p2a: Dragonite
|
|-weather|RainDance|[upkeep]
|upkeep
|inactive|highscorezero has 120 seconds left.
|
|t:|1758281374
|switch|p2a: Great Tusk|Great Tusk|100/100
|-enditem|p2a: Great Tusk|Booster Energy
|-activate|p2a: Great Tusk|ability: Protosynthesis|[fromitem]
|-start|p2a: Great Tusk|protosynthesisspe
|turn|3
|inactive|highscorezero has 120 seconds left.
|
|t:|1758281386
|-terastallize|p2a: Great Tusk|Ice
|move|p2a: Great Tusk|Bulk Up|p2a: Great Tusk
|-boost|p2a: Great Tusk|atk|1
|-boost|p2a: Great Tusk|def|1
|move|p1a: Pelipper|Hurricane|p2a: Great Tusk
|-damage|p2a: Great Tusk|30/100
|
|-weather|RainDance|[upkeep]
|upkeep
|turn|4
|inactive|highscorezero has 120 seconds left.
|
|t:|1758281392
|move|p2a: Great Tusk|Ice Spinner|p1a: Pelipper
|-damage|p1a: Pelipper|22/100
|move|p1a: Pelipper|Hurricane|p2a: Great Tusk
|-damage|p2a: Great Tusk|0 fnt
|faint|p2a: Great Tusk
|-end|p2a: Great Tusk|Protosynthesis|[silent]
|
|-weather|RainDance|[upkeep]
|upkeep
|
|t:|1758281397
|switch|p2a: Scizor|Scizor, F|100/100
|turn|5
|
|t:|1758281401
|switch|p1a: Floatzel|Floatzel, F|100/100
|move|p2a: Scizor|Knock Off|p1a: Floatzel
|-damage|p1a: Floatzel|3/100
|-enditem|p1a: Floatzel|Choice Band|[from] move: Knock Off|[of] p2a: Scizor
|
|-weather|RainDance|[upkeep]
|upkeep
|turn|6
|
|t:|1758281409
|switch|p2a: Alomomola|Alomomola, F|100/100
|move|p1a: Floatzel|Low Kick|p2a: Alomomola
|-damage|p2a: Alomomola|91/100
|
|-weather|RainDance|[upkeep]
|upkeep
|turn|7
|
|t:|1758281426
|move|p1a: Floatzel|Crunch|p2a: Alomomola
|-crit|p2a: Alomomola
|-damage|p2a: Alomomola|68/100
|move|p2a: Alomomola|Scald|p1a: Floatzel
|-resisted|p1a: Floatzel
|-damage|p1a: Floatzel|0 fnt
|faint|p1a: Floatzel
|
|-weather|RainDance|[upkeep]
|upkeep
|
|t:|1758281432
|switch|p1a: Zapdos|Zapdos|100/100
|turn|8
|
|t:|1758281447
|switch|p2a: Hatterene|Hatterene, F|100/100
|move|p1a: Zapdos|Thunder|p2a: Hatterene
|-damage|p2a: Hatterene|39/100
|-enditem|p2a: Hatterene|Eject Button
|
|t:|1758281450
|switch|p2a: Tornadus|Tornadus-Therian, M|100/100
|
|-weather|none
|upkeep
|turn|9
|
|t:|1758281455
|move|p2a: Tornadus|Bleakwind Storm|p1a: Zapdos|[miss]
|-miss|p2a: Tornadus|p1a: Zapdos
|move|p1a: Zapdos|Thunder|p2a: Tornadus
|-supereffective|p2a: Tornadus
|-damage|p2a: Tornadus|24/100
|
|upkeep
|turn|10
|
|t:|1758281463
|move|p2a: Tornadus|Bleakwind Storm|p1a: Zapdos
|-resisted|p1a: Zapdos
|-damage|p1a: Zapdos|83/100
|move|p1a: Zapdos|Thunder|p2a: Tornadus
|-supereffective|p2a: Tornadus
|-damage|p2a: Tornadus|0 fnt
|faint|p2a: Tornadus
|
|upkeep
|
|t:|1758281469
|switch|p2a: Scizor|Scizor, F|100/100
|turn|11
|
|t:|1758281476
|move|p1a: Zapdos|Hurricane|p2a: Scizor|[miss]
|-miss|p1a: Zapdos|p2a: Scizor
|move|p2a: Scizor|Knock Off|p1a: Zapdos
|-damage|p1a: Zapdos|25/100
|-enditem|p1a: Zapdos|Heavy-Duty Boots|[from] move: Knock Off|[of] p2a: Scizor
|
|upkeep
|turn|12
|inactive|highscorezero has 120 seconds left.
|
|t:|1758281517
|switch|p1a: Pelipper|Pelipper, M|22/100
|-weather|RainDance|[from] ability: Drizzle|[of] p1a: Pelipper
|move|p2a: Scizor|Knock Off|p1a: Pelipper
|-damage|p1a: Pelipper|0 fnt
|-enditem|p1a: Pelipper|Damp Rock|[from] move: Knock Off|[of] p2a: Scizor
|faint|p1a: Pelipper
|
|-weather|RainDance|[upkeep]
|upkeep
|
|t:|1758281529
|switch|p1a: Barraskewda|Barraskewda, M|100/100
|turn|13
|inactive|highscorezero has 120 seconds left.
|
|t:|1758281537
|move|p1a: Barraskewda|Close Combat|p2a: Scizor
|-damage|p2a: Scizor|34/100
|-unboost|p1a: Barraskewda|def|1
|-unboost|p1a: Barraskewda|spd|1
|move|p2a: Scizor|Knock Off|p1a: Barraskewda
|-damage|p1a: Barraskewda|0 fnt
|-enditem|p1a: Barraskewda|Choice Band|[from] move: Knock Off|[of] p2a: Scizor
|faint|p1a: Barraskewda
|
|-weather|RainDance|[upkeep]
|upkeep
|
|t:|1758281547
|switch|p1a: Kingdra|Kingdra, F|100/100
|turn|14
|
|t:|1758281552
|move|p1a: Kingdra|Ice Beam|p2a: Scizor
|-resisted|p2a: Scizor
|-damage|p2a: Scizor|10/100
|-damage|p1a: Kingdra|91/100|[from] item: Life Orb
|move|p2a: Scizor|Knock Off|p1a: Kingdra
|-damage|p1a: Kingdra|25/100
|-enditem|p1a: Kingdra|Life Orb|[from] move: Knock Off|[of] p2a: Scizor
|
|-weather|RainDance|[upkeep]
|upkeep
|turn|15
|inactive|highscorezero has 120 seconds left.
|
|t:|1758281582
|move|p1a: Kingdra|Surf|p2a: Scizor
|-crit|p2a: Scizor
|-damage|p2a: Scizor|0 fnt
|faint|p2a: Scizor
|
|-weather|RainDance|[upkeep]
|upkeep
|
|t:|1758281584
|switch|p2a: Alomomola|Alomomola, F|100/100
|turn|16
|
|t:|1758281588
|move|p1a: Kingdra|Draco Meteor|p2a: Alomomola
|-damage|p2a: Alomomola|26/100
|-unboost|p1a: Kingdra|spa|2
|move|p2a: Alomomola|Wish|p2a: Alomomola
|
|-weather|RainDance|[upkeep]
|upkeep
|turn|17
|
|t:|1758281599
|move|p2a: Alomomola|Protect|p2a: Alomomola
|-singleturn|p2a: Alomomola|Protect
|move|p1a: Kingdra|Hydro Pump|p2a: Alomomola
|-activate|p2a: Alomomola|move: Protect
|
|-weather|RainDance|[upkeep]
|-heal|p2a: Alomomola|76/100|[from] move: Wish|[wisher] Alomomola
|upkeep
|turn|18
|
|t:|1758281607
|move|p1a: Kingdra|Draco Meteor|p2a: Alomomola|[miss]
|-miss|p1a: Kingdra|p2a: Alomomola
|move|p2a: Alomomola|Wish|p2a: Alomomola
|
|-weather|RainDance|[upkeep]
|upkeep
|turn|19
|
|t:|1758281613
|move|p1a: Kingdra|Draco Meteor|p2a: Alomomola
|-damage|p2a: Alomomola|41/100
|-unboost|p1a: Kingdra|spa|2
|move|p2a: Alomomola|Flip Turn|p1a: Kingdra
|-resisted|p1a: Kingdra
|-damage|p1a: Kingdra|19/100
|
|t:|1758281616
|switch|p2a: Hatterene|Hatterene, F|39/100|[from] Flip Turn
|
|-weather|none
|-heal|p2a: Hatterene|100/100|[from] move: Wish|[wisher] Alomomola
|upkeep
|turn|20
|
|t:|1758281621
|switch|p2a: Alomomola|Alomomola, F|74/100
|move|p1a: Kingdra|Ice Beam|p2a: Alomomola
|-resisted|p2a: Alomomola
|-damage|p2a: Alomomola|69/100
|
|upkeep
|turn|21
|
|t:|1758281628
|move|p1a: Kingdra|Hydro Pump|p2a: Alomomola
|-resisted|p2a: Alomomola
|-damage|p2a: Alomomola|59/100
|move|p2a: Alomomola|Scald|p1a: Kingdra
|-resisted|p1a: Kingdra
|-crit|p1a: Kingdra
|-damage|p1a: Kingdra|12/100
|-status|p1a: Kingdra|brn
|
|-damage|p1a: Kingdra|6/100 brn|[from] brn
|upkeep
|turn|22
|
|t:|1758281633
|move|p1a: Kingdra|Draco Meteor|p2a: Alomomola
|-damage|p2a: Alomomola|34/100
|-unboost|p1a: Kingdra|spa|2
|move|p2a: Alomomola|Wish|p2a: Alomomola
|
|-damage|p1a: Kingdra|0 fnt|[from] brn
|faint|p1a: Kingdra
|upkeep
|
|t:|1758281637
|switch|p1a: Zapdos|Zapdos|25/100
|turn|23
|
|t:|1758281649
|move|p2a: Alomomola|Protect|p2a: Alomomola
|-singleturn|p2a: Alomomola|Protect
|move|p1a: Zapdos|Volt Switch|p2a: Alomomola
|-activate|p2a: Alomomola|move: Protect
|
|-heal|p2a: Alomomola|84/100|[from] move: Wish|[wisher] Alomomola
|upkeep
|turn|24
|
|t:|1758281657
|move|p1a: Zapdos|Thunder|p2a: Alomomola
|-supereffective|p2a: Alomomola
|-damage|p2a: Alomomola|0 fnt
|faint|p2a: Alomomola
|
|upkeep
|
|t:|1758281660
|switch|p2a: Hatterene|Hatterene, F|100/100
|turn|25
|
|t:|1758281666
|move|p1a: Zapdos|Roost|p1a: Zapdos
|-heal|p1a: Zapdos|75/100
|-singleturn|p1a: Zapdos|move: Roost
|move|p2a: Hatterene|Dazzling Gleam|p1a: Zapdos
|-damage|p1a: Zapdos|39/100
|
|upkeep
|turn|26
|
|t:|1758281669
|move|p1a: Zapdos|Roost|p1a: Zapdos
|-heal|p1a: Zapdos|89/100
|-singleturn|p1a: Zapdos|move: Roost
|move|p2a: Hatterene|Psychic Noise|p1a: Zapdos
|-damage|p1a: Zapdos|54/100
|-start|p1a: Zapdos|move: Heal Block
|
|upkeep
|turn|27
|
|t:|1758281677
|move|p1a: Zapdos|Hurricane|p2a: Hatterene|[miss]
|-miss|p1a: Zapdos|p2a: Hatterene
|move|p2a: Hatterene|Dazzling Gleam|p1a: Zapdos
|-damage|p1a: Zapdos|21/100
|
|-end|p1a: Zapdos|move: Heal Block
|upkeep
|turn|28
|
|t:|1758281685
|move|p1a: Zapdos|Roost|p1a: Zapdos
|-heal|p1a: Zapdos|71/100
|-singleturn|p1a: Zapdos|move: Roost
|move|p2a: Hatterene|Psychic Noise|p1a: Zapdos
|-damage|p1a: Zapdos|37/100
|-start|p1a: Zapdos|move: Heal Block
|
|upkeep
|turn|29
|
|t:|1758281690
|move|p1a: Zapdos|Hurricane|p2a: Hatterene
|-damage|p2a: Hatterene|37/100
|move|p2a: Hatterene|Dazzling Gleam|p1a: Zapdos
|-damage|p1a: Zapdos|0 fnt
|faint|p1a: Zapdos
|
|upkeep
|
|t:|1758281694
|switch|p1a: Walking Wake|Walking Wake|100/100
|turn|30
|
|t:|1758281699
|-terastallize|p1a: Walking Wake|Water
|move|p1a: Walking Wake|Hydro Steam|p2a: Hatterene
|-damage|p2a: Hatterene|0 fnt
|faint|p2a: Hatterene
|
|win|umsohardbruhh
|raw|umsohardbruhh's rating: 1077 &rarr; <strong>1109</strong><br />(+32 for winning)
|raw|highscorezero's rating: 1125 &rarr; <strong>1097</strong><br />(-28 for losing)
|l|☆umsohardbruhh
|player|p1|
