|j|☆iacidicowl
|j|☆CaylieGetsAngy
|t:|1758324200
|gametype|singles
|player|p1|iacidicowl|dahlia|1781
|player|p2|CaylieGetsAngy|170|1752
|gen|9
|tier|[Gen 9] OU
|rated|
|rule|HP Percentage Mod: HP is shown in percentages
|rule|Endless Battle Clause: Forcing endless battles is banned
|rule|Species Clause: Limit one of each Pokémon
|rule|OHKO Clause: OHKO moves are banned
|rule|Evasion Items Clause: Evasion items are banned
|rule|Evasion Moves Clause: Evasion moves are banned
|rule|Evasion Abilities Clause: Evasion abilities are banned
|rule|Sleep Moves Clause: Sleep-inducing moves are banned
|clearpoke
|poke|p1|Gliscor, F|
|poke|p1|Glimmora, M|
|poke|p1|Gholdengo|
|poke|p1|Zamazenta-*|
|poke|p1|Iron Valiant|
|poke|p1|Amoonguss, F|
|poke|p2|Alomomola, M|
|poke|p2|Lokix, M|
|poke|p2|Toxicroak, F|
|poke|p2|Gliscor, M|
|poke|p2|Slowking-Galar, F|
|poke|p2|Great Tusk|
|teampreview
|inactive|Battle timer is ON: inactive players will automatically lose when time's up. (requested by CaylieGetsAngy)
|j| Squallskip
|
|t:|1758324213
|teamsize|p1|6
|teamsize|p2|6
|start
|switch|p1a: Amoonguss|Amoonguss, F|100/100
|switch|p2a: Gliscor|Gliscor, M|100/100
|turn|1
|
|t:|1758324223
|move|p2a: Gliscor|Protect|p2a: Gliscor
|-singleturn|p2a: Gliscor|Protect
|move|p1a: Amoonguss|Stun Spore|p2a: Gliscor
|-activate|p2a: Gliscor|move: Protect
|
|-status|p2a: Gliscor|tox|[from] item: Toxic Orb
|upkeep
|turn|2
|
|t:|1758324228
|move|p2a: Gliscor|Knock Off|p1a: Amoonguss
|-damage|p1a: Amoonguss|84/100
|-damage|p2a: Gliscor|84/100 tox|[from] item: Rocky Helmet|[of] p1a: Amoonguss
|-enditem|p1a: Amoonguss|Rocky Helmet|[from] move: Knock Off|[of] p2a: Gliscor
|move|p1a: Amoonguss|Grass Knot|p2a: Gliscor
|-damage|p2a: Gliscor|67/100 tox
|
|-heal|p2a: Gliscor|79/100 tox|[from] ability: Poison Heal
|upkeep
|turn|3
|
|t:|1758324235
|switch|p2a: Slowking|Slowking-Galar, F|100/100
|move|p1a: Amoonguss|Grass Knot|p2a: Slowking
|-resisted|p2a: Slowking
|-damage|p2a: Slowking|95/100
|
|upkeep
|turn|4
|
|t:|1758324241
|switch|p2a: Gliscor|Gliscor, M|79/100 tox
|move|p1a: Amoonguss|Stun Spore||[still]
|-fail|p1a: Amoonguss
|
|-heal|p2a: Gliscor|92/100 tox|[from] ability: Poison Heal
|upkeep
|turn|5
|
|t:|1758324245
|move|p2a: Gliscor|Earthquake|p1a: Amoonguss
|-damage|p1a: Amoonguss|62/100
|move|p1a: Amoonguss|Grass Knot|p2a: Gliscor
|-damage|p2a: Gliscor|76/100 tox
|
|-heal|p2a: Gliscor|88/100 tox|[from] ability: Poison Heal
|upkeep
|turn|6
|
|t:|1758324250
|switch|p1a: Gliscor|Gliscor, F|100/100
|move|p2a: Gliscor|Earthquake|p1a: Gliscor
|-immune|p1a: Gliscor
|
|-heal|p2a: Gliscor|100/100 tox|[from] ability: Poison Heal
|-status|p1a: Gliscor|tox|[from] item: Toxic Orb
|upkeep
|turn|7
|
|t:|1758324257
|switch|p2a: Great Tusk|Great Tusk|100/100
|move|p1a: Gliscor|Swords Dance|p1a: Gliscor
|-boost|p1a: Gliscor|atk|2
|
|upkeep
|turn|8
|
|t:|1758324260
|move|p2a: Great Tusk|Stealth Rock|p1a: Gliscor
|-sidestart|p1: iacidicowl|move: Stealth Rock
|move|p1a: Gliscor|Knock Off|p2a: Great Tusk
|-resisted|p2a: Great Tusk
|-damage|p2a: Great Tusk|86/100
|-enditem|p2a: Great Tusk|Heavy-Duty Boots|[from] move: Knock Off|[of] p1a: Gliscor
|
|upkeep
|turn|9
|
|t:|1758324269
|-end|p2a: Great Tusk|Protosynthesis|[silent]
|switch|p2a: Alomomola|Alomomola, M|100/100
|switch|p1a: Amoonguss|Amoonguss, F|95/100
|-damage|p1a: Amoonguss|83/100|[from] Stealth Rock
|
|upkeep
|turn|10
|
|t:|1758324279
|-terastallize|p2a: Alomomola|Grass
|move|p1a: Amoonguss|Grass Knot|p2a: Alomomola
|-resisted|p2a: Alomomola
|-damage|p2a: Alomomola|93/100
|move|p2a: Alomomola|Flip Turn|p1a: Amoonguss
|-resisted|p1a: Amoonguss
|-damage|p1a: Amoonguss|77/100
|
|t:|1758324284
|switch|p2a: Slowking|Slowking-Galar, F|100/100|[from] Flip Turn
|
|upkeep
|turn|11
|
|t:|1758324293
|switch|p1a: Gholdengo|Gholdengo|100/100
|-damage|p1a: Gholdengo|94/100|[from] Stealth Rock
|move|p2a: Slowking|Psychic Noise|p1a: Gholdengo
|-resisted|p1a: Gholdengo
|-damage|p1a: Gholdengo|77/100
|-start|p1a: Gholdengo|move: Heal Block
|
|upkeep
|turn|12
|j| kentojujutsukaisen
|
|t:|1758324309
|move|p1a: Gholdengo|Shadow Ball|p2a: Slowking
|-supereffective|p2a: Slowking
|-damage|p2a: Slowking|65/100
|move|p2a: Slowking|Flamethrower|p1a: Gholdengo
|-supereffective|p1a: Gholdengo
|-damage|p1a: Gholdengo|11/100
|
|-end|p1a: Gholdengo|move: Heal Block
|upkeep
|turn|13
|
|t:|1758324319
|move|p1a: Gholdengo|Shadow Ball|p2a: Slowking
|-supereffective|p2a: Slowking
|-damage|p2a: Slowking|28/100
|-unboost|p2a: Slowking|spd|1
|move|p2a: Slowking|Psychic Noise|p1a: Gholdengo
|-resisted|p1a: Gholdengo
|-damage|p1a: Gholdengo|0 fnt
|faint|p1a: Gholdengo
|
|upkeep
|
|t:|1758324324
|switch|p1a: Gliscor|Gliscor, F|100/100 tox
|-damage|p1a: Gliscor|88/100 tox|[from] Stealth Rock
|turn|14
|
|t:|1758324330
|switch|p2a: Alomomola|Alomomola, M, tera:Grass|100/100
|move|p1a: Gliscor|Knock Off|p2a: Alomomola
|-damage|p2a: Alomomola|86/100
|-enditem|p2a: Alomomola|Lagging Tail|[from] move: Knock Off|[of] p1a: Gliscor
|
|-heal|p1a: Gliscor|100/100 tox|[from] ability: Poison Heal
|upkeep
|turn|15
|
|t:|1758324338
|move|p1a: Gliscor|Swords Dance|p1a: Gliscor
|-boost|p1a: Gliscor|atk|2
|move|p2a: Alomomola|Tickle|p1a: Gliscor
|-unboost|p1a: Gliscor|atk|1
|-unboost|p1a: Gliscor|def|1
|
|upkeep
|turn|16
|
|t:|1758324345
|move|p1a: Gliscor|Facade|p2a: Alomomola
|-damage|p2a: Alomomola|57/100
|move|p2a: Alomomola|Flip Turn|p1a: Gliscor
|-supereffective|p1a: Gliscor
|-damage|p1a: Gliscor|63/100 tox
|j| Aftersparks
|
|t:|1758324353
|switch|p2a: Lokix|Lokix, M|100/100|[from] Flip Turn
|
|-heal|p1a: Gliscor|75/100 tox|[from] ability: Poison Heal
|upkeep
|turn|17
|
|t:|1758324359
|move|p1a: Gliscor|Protect|p1a: Gliscor
|-singleturn|p1a: Gliscor|Protect
|move|p2a: Lokix|Leech Life|p1a: Gliscor
|-activate|p1a: Gliscor|move: Protect
|
|-heal|p1a: Gliscor|88/100 tox|[from] ability: Poison Heal
|upkeep
|turn|18
|
|t:|1758324363
|move|p2a: Lokix|Leech Life|p1a: Gliscor
|-resisted|p1a: Gliscor
|-damage|p1a: Gliscor|23/100 tox
|move|p1a: Gliscor|Facade|p2a: Lokix
|-damage|p2a: Lokix|32/100
|
|-heal|p1a: Gliscor|36/100 tox|[from] ability: Poison Heal
|upkeep
|turn|19
|
|t:|1758324372
|move|p1a: Gliscor|Protect|p1a: Gliscor
|-singleturn|p1a: Gliscor|Protect
|move|p2a: Lokix|Leech Life|p1a: Gliscor
|-activate|p1a: Gliscor|move: Protect
|
|-heal|p1a: Gliscor|48/100 tox|[from] ability: Poison Heal
|upkeep
|turn|20
|
|t:|1758324377
|switch|p1a: Iron Valiant|Iron Valiant|100/100
|-damage|p1a: Iron Valiant|94/100|[from] Stealth Rock
|-enditem|p1a: Iron Valiant|Booster Energy
|-activate|p1a: Iron Valiant|ability: Quark Drive|[fromitem]
|-start|p1a: Iron Valiant|quarkdrivespe
|move|p2a: Lokix|Leech Life|p1a: Iron Valiant
|-resisted|p1a: Iron Valiant
|-damage|p1a: Iron Valiant|59/100
|-heal|p2a: Lokix|50/100|[from] drain|[of] p1a: Iron Valiant
|
|upkeep
|turn|21
|
|t:|1758324384
|switch|p2a: Alomomola|Alomomola, M, tera:Grass|91/100
|move|p1a: Iron Valiant|Moonblast|p2a: Alomomola
|-damage|p2a: Alomomola|58/100
|
|upkeep
|turn|22
|
|t:|1758324389
|move|p1a: Iron Valiant|Moonblast|p2a: Alomomola
|-damage|p2a: Alomomola|26/100
|-unboost|p2a: Alomomola|spa|1
|move|p2a: Alomomola|Flip Turn|p1a: Iron Valiant
|-damage|p1a: Iron Valiant|38/100
|
|t:|1758324394
|switch|p2a: Gliscor|Gliscor, M|100/100 tox|[from] Flip Turn
|
|upkeep
|turn|23
|
|t:|1758324399
|move|p1a: Iron Valiant|Destiny Bond|p1a: Iron Valiant
|-singlemove|p1a: Iron Valiant|Destiny Bond
|move|p2a: Gliscor|Earthquake|p1a: Iron Valiant
|-damage|p1a: Iron Valiant|0 fnt
|faint|p1a: Iron Valiant
|-activate|p1a: Iron Valiant|move: Destiny Bond
|-end|p1a: Iron Valiant|Quark Drive|[silent]
|faint|p2a: Gliscor
|
|upkeep
|
|t:|1758324415
|switch|p1a: Glimmora|Glimmora, M|100/100
|switch|p2a: Alomomola|Alomomola, M, tera:Grass|60/100
|-damage|p1a: Glimmora|88/100|[from] Stealth Rock
|turn|24
|j| hacksareus10
|
|t:|1758324421
|switch|p2a: Slowking|Slowking-Galar, F|61/100
|move|p1a: Glimmora|Mortal Spin|p2a: Slowking
|-resisted|p2a: Slowking
|-damage|p2a: Slowking|58/100
|-sideend|p1: iacidicowl|Stealth Rock|[from] move: Mortal Spin|[of] p1a: Glimmora
|
|upkeep
|turn|25
|
|t:|1758324429
|move|p1a: Glimmora|Stealth Rock|p2a: Slowking
|-sidestart|p2: CaylieGetsAngy|move: Stealth Rock
|move|p2a: Slowking|Psychic Noise|p1a: Glimmora
|-supereffective|p1a: Glimmora
|-damage|p1a: Glimmora|29/100
|-start|p1a: Glimmora|move: Heal Block
|-enditem|p1a: Glimmora|Red Card|[of] p2a: Slowking
|drag|p2a: Alomomola|Alomomola, M, tera:Grass|93/100
|-damage|p2a: Alomomola|81/100|[from] Stealth Rock
|
|upkeep
|turn|26
|
|t:|1758324438
|switch|p2a: Great Tusk|Great Tusk|86/100
|-damage|p2a: Great Tusk|83/100|[from] Stealth Rock
|move|p1a: Glimmora|Earth Power|p2a: Great Tusk
|-damage|p2a: Great Tusk|48/100
|
|-end|p1a: Glimmora|move: Heal Block
|upkeep
|turn|27
|j| Nikator98
|l| Nikator98
|
|t:|1758324445
|move|p2a: Great Tusk|Rapid Spin|p1a: Glimmora
|-resisted|p1a: Glimmora
|-damage|p1a: Glimmora|22/100
|-boost|p2a: Great Tusk|spe|1
|-activate|p1a: Glimmora|ability: Toxic Debris
|-sidestart|p2: CaylieGetsAngy|move: Toxic Spikes
|-sideend|p2: CaylieGetsAngy|Toxic Spikes|[from] move: Rapid Spin|[of] p2a: Great Tusk
|-sideend|p2: CaylieGetsAngy|Stealth Rock|[from] move: Rapid Spin|[of] p2a: Great Tusk
|move|p1a: Glimmora|Mortal Spin|p2a: Great Tusk
|-resisted|p2a: Great Tusk
|-damage|p2a: Great Tusk|46/100
|-status|p2a: Great Tusk|psn
|
|-damage|p2a: Great Tusk|34/100 psn|[from] psn
|upkeep
|turn|28
|
|t:|1758324452
|switch|p1a: Amoonguss|Amoonguss, F|100/100
|move|p2a: Great Tusk|Headlong Rush|p1a: Amoonguss
|-damage|p1a: Amoonguss|64/100
|-unboost|p2a: Great Tusk|def|1
|-unboost|p2a: Great Tusk|spd|1
|
|-damage|p2a: Great Tusk|21/100 psn|[from] psn
|upkeep
|turn|29
|
|t:|1758324470
|move|p2a: Great Tusk|Stealth Rock|p1a: Amoonguss
|-sidestart|p1: iacidicowl|move: Stealth Rock
|move|p1a: Amoonguss|Stun Spore||[still]
|-fail|p1a: Amoonguss
|
|-damage|p2a: Great Tusk|9/100 psn|[from] psn
|upkeep
|turn|30
|
|t:|1758324473
|move|p2a: Great Tusk|Headlong Rush|p1a: Amoonguss
|-damage|p1a: Amoonguss|27/100
|-unboost|p2a: Great Tusk|def|1
|-unboost|p2a: Great Tusk|spd|1
|move|p1a: Amoonguss|Stun Spore||[still]
|-fail|p1a: Amoonguss
|
|-damage|p2a: Great Tusk|0 fnt|[from] psn
|faint|p2a: Great Tusk
|-end|p2a: Great Tusk|Protosynthesis|[silent]
|upkeep
|
|t:|1758324475
|switch|p2a: Lokix|Lokix, M|50/100
|turn|31
|
|t:|1758324482
|switch|p1a: Glimmora|Glimmora, M|22/100
|-damage|p1a: Glimmora|10/100|[from] Stealth Rock
|move|p2a: Lokix|Leech Life|p1a: Glimmora
|-resisted|p1a: Glimmora
|-damage|p1a: Glimmora|0 fnt
|-heal|p2a: Lokix|56/100|[from] drain|[of] p1a: Glimmora
|-activate|p1a: Glimmora|ability: Toxic Debris
|-sidestart|p2: CaylieGetsAngy|move: Toxic Spikes
|faint|p1a: Glimmora
|
|upkeep
|
|t:|1758324484
|switch|p1a: Zamazenta|Zamazenta|100/100
|-damage|p1a: Zamazenta|94/100|[from] Stealth Rock
|-ability|p1a: Zamazenta|Dauntless Shield|boost
|-boost|p1a: Zamazenta|def|1
|turn|32
|
|t:|1758324488
|switch|p2a: Slowking|Slowking-Galar, F|92/100
|-sideend|p2: CaylieGetsAngy|move: Toxic Spikes|[of] p2a: Slowking
|move|p1a: Zamazenta|Crunch|p2a: Slowking
|-supereffective|p2a: Slowking
|-damage|p2a: Slowking|13/100
|
|upkeep
|turn|33
|
|t:|1758324493
|switch|p1a: Gliscor|Gliscor, F|48/100 tox
|-damage|p1a: Gliscor|36/100 tox|[from] Stealth Rock
|switch|p2a: Toxicroak|Toxicroak, F|100/100
|
|-heal|p1a: Gliscor|48/100 tox|[from] ability: Poison Heal
|upkeep
|turn|34
|
|t:|1758324503
|switch|p2a: Alomomola|Alomomola, M, tera:Grass|100/100
|move|p1a: Gliscor|Protect||[still]
|-fail|p1a: Gliscor
|
|-heal|p1a: Gliscor|61/100 tox|[from] ability: Poison Heal
|upkeep
|turn|35
|
|t:|1758324507
|move|p1a: Gliscor|Protect|p1a: Gliscor
|-singleturn|p1a: Gliscor|Protect
|move|p2a: Alomomola|Tickle|p1a: Gliscor
|-activate|p1a: Gliscor|move: Protect
|
|-heal|p1a: Gliscor|73/100 tox|[from] ability: Poison Heal
|upkeep
|turn|36
|
|t:|1758324513
|move|p1a: Gliscor|Swords Dance|p1a: Gliscor
|-boost|p1a: Gliscor|atk|2
|move|p2a: Alomomola|Tickle|p1a: Gliscor
|-unboost|p1a: Gliscor|atk|1
|-unboost|p1a: Gliscor|def|1
|
|-heal|p1a: Gliscor|86/100 tox|[from] ability: Poison Heal
|upkeep
|turn|37
|
|t:|1758324532
|move|p1a: Gliscor|Protect|p1a: Gliscor
|-singleturn|p1a: Gliscor|Protect
|move|p2a: Alomomola|Tickle|p1a: Gliscor
|-activate|p1a: Gliscor|move: Protect
|
|-heal|p1a: Gliscor|98/100 tox|[from] ability: Poison Heal
|upkeep
|turn|38
|
|t:|1758324534
|switch|p1a: Amoonguss|Amoonguss, F|60/100
|-damage|p1a: Amoonguss|48/100|[from] Stealth Rock
|move|p2a: Alomomola|Tickle|p1a: Amoonguss
|-unboost|p1a: Amoonguss|atk|1
|-unboost|p1a: Amoonguss|def|1
|
|upkeep
|turn|39
|
|t:|1758324540
|switch|p1a: Gliscor|Gliscor, F|98/100 tox
|-damage|p1a: Gliscor|86/100 tox|[from] Stealth Rock
|move|p2a: Alomomola|Flip Turn|p1a: Gliscor
|-supereffective|p1a: Gliscor
|-damage|p1a: Gliscor|60/100 tox
|
|t:|1758324544
|switch|p2a: Lokix|Lokix, M|56/100|[from] Flip Turn
|
|-heal|p1a: Gliscor|72/100 tox|[from] ability: Poison Heal
|upkeep
|turn|40
|
|t:|1758324549
|move|p1a: Gliscor|Protect|p1a: Gliscor
|-singleturn|p1a: Gliscor|Protect
|move|p2a: Lokix|Leech Life|p1a: Gliscor
|-activate|p1a: Gliscor|move: Protect
|
|-heal|p1a: Gliscor|85/100 tox|[from] ability: Poison Heal
|upkeep
|turn|41
|
|t:|1758324559
|move|p2a: Lokix|Leech Life|p1a: Gliscor
|-resisted|p1a: Gliscor
|-damage|p1a: Gliscor|35/100 tox
|-heal|p2a: Lokix|87/100|[from] drain|[of] p1a: Gliscor
|move|p1a: Gliscor|Facade|p2a: Lokix
|-damage|p2a: Lokix|38/100
|
|-heal|p1a: Gliscor|47/100 tox|[from] ability: Poison Heal
|upkeep
|turn|42
|
|t:|1758324568
|move|p1a: Gliscor|Protect|p1a: Gliscor
|-singleturn|p1a: Gliscor|Protect
|move|p2a: Lokix|Leech Life|p1a: Gliscor
|-activate|p1a: Gliscor|move: Protect
|
|-heal|p1a: Gliscor|60/100 tox|[from] ability: Poison Heal
|upkeep
|turn|43
|
|t:|1758324573
|move|p2a: Lokix|Leech Life|p1a: Gliscor
|-resisted|p1a: Gliscor
|-damage|p1a: Gliscor|12/100 tox
|-heal|p2a: Lokix|68/100|[from] drain|[of] p1a: Gliscor
|move|p1a: Gliscor|Facade|p2a: Lokix
|-damage|p2a: Lokix|20/100
|
|-heal|p1a: Gliscor|24/100 tox|[from] ability: Poison Heal
|upkeep
|turn|44
|
|t:|1758324582
|move|p1a: Gliscor|Protect|p1a: Gliscor
|-singleturn|p1a: Gliscor|Protect
|move|p2a: Lokix|Leech Life|p1a: Gliscor
|-activate|p1a: Gliscor|move: Protect
|
|-heal|p1a: Gliscor|37/100 tox|[from] ability: Poison Heal
|upkeep
|turn|45
|
|t:|1758324587
|switch|p1a: Amoonguss|Amoonguss, F|81/100
|-damage|p1a: Amoonguss|69/100|[from] Stealth Rock
|move|p2a: Lokix|Leech Life|p1a: Amoonguss
|-damage|p1a: Amoonguss|25/100
|-heal|p2a: Lokix|54/100|[from] drain|[of] p1a: Amoonguss
|
|upkeep
|turn|46
|
|t:|1758324595
|switch|p1a: Zamazenta|Zamazenta|94/100
|-damage|p1a: Zamazenta|88/100|[from] Stealth Rock
|move|p2a: Lokix|Leech Life|p1a: Zamazenta
|-resisted|p1a: Zamazenta
|-damage|p1a: Zamazenta|33/100
|-heal|p2a: Lokix|85/100|[from] drain|[of] p1a: Zamazenta
|
|upkeep
|turn|47
|
|t:|1758324599
|switch|p2a: Toxicroak|Toxicroak, F|100/100
|move|p1a: Zamazenta|Close Combat|p2a: Toxicroak
|-resisted|p2a: Toxicroak
|-damage|p2a: Toxicroak|61/100
|-unboost|p1a: Zamazenta|def|1
|-unboost|p1a: Zamazenta|spd|1
|-damage|p1a: Zamazenta|16/100|[from] item: Rocky Helmet|[of] p2a: Toxicroak
|
|upkeep
|turn|48
|
|t:|1758324606
|switch|p1a: Amoonguss|Amoonguss, F|58/100
|-damage|p1a: Amoonguss|46/100|[from] Stealth Rock
|move|p2a: Toxicroak|Drain Punch|p1a: Amoonguss
|-resisted|p1a: Amoonguss
|-damage|p1a: Amoonguss|36/100
|-heal|p2a: Toxicroak|66/100|[from] drain|[of] p1a: Amoonguss
|
|upkeep
|turn|49
|
|t:|1758324620
|switch|p2a: Alomomola|Alomomola, M, tera:Grass|100/100
|move|p1a: Amoonguss|Stun Spore|p2a: Alomomola
|-immune|p2a: Alomomola
|
|upkeep
|turn|50
|
|t:|1758324626
|move|p2a: Alomomola|Flip Turn|p1a: Amoonguss
|-resisted|p1a: Amoonguss
|-damage|p1a: Amoonguss|31/100
|
|t:|1758324630
|switch|p2a: Slowking|Slowking-Galar, F|47/100|[from] Flip Turn
|move|p1a: Amoonguss|Sludge Bomb|p2a: Slowking
|-resisted|p2a: Slowking
|-damage|p2a: Slowking|40/100
|
|upkeep
|turn|51
|
|t:|1758324642
|switch|p2a: Alomomola|Alomomola, M, tera:Grass|100/100
|move|p1a: Amoonguss|Stun Spore|p2a: Alomomola
|-immune|p2a: Alomomola
|
|upkeep
|turn|52
|
|t:|1758324647
|move|p2a: Alomomola|Tickle|p1a: Amoonguss
|-unboost|p1a: Amoonguss|atk|1
|-unboost|p1a: Amoonguss|def|1
|move|p1a: Amoonguss|Stun Spore|p2a: Alomomola
|-immune|p2a: Alomomola
|
|upkeep
|turn|53
|
|t:|1758324649
|switch|p2a: Slowking|Slowking-Galar, F|73/100
|move|p1a: Amoonguss|Stun Spore|p2a: Slowking
|-status|p2a: Slowking|par
|
|upkeep
|turn|54
|
|t:|1758324654
|switch|p2a: Alomomola|Alomomola, M, tera:Grass|100/100
|move|p1a: Amoonguss|Foul Play|p2a: Alomomola
|-damage|p2a: Alomomola|91/100
|
|upkeep
|turn|55
|
|t:|1758324656
|move|p2a: Alomomola|Flip Turn|p1a: Amoonguss
|-resisted|p1a: Amoonguss
|-damage|p1a: Amoonguss|22/100
|
|t:|1758324658
|switch|p2a: Slowking|Slowking-Galar, F|100/100 par|[from] Flip Turn
|move|p1a: Amoonguss|Sludge Bomb|p2a: Slowking
|-resisted|p2a: Slowking
|-damage|p2a: Slowking|94/100 par
|
|upkeep
|turn|56
|
|t:|1758324664
|switch|p2a: Alomomola|Alomomola, M, tera:Grass|100/100
|move|p1a: Amoonguss|Foul Play|p2a: Alomomola
|-damage|p2a: Alomomola|91/100
|
|upkeep
|turn|57
|
|t:|1758324666
|move|p2a: Alomomola|Flip Turn|p1a: Amoonguss
|-resisted|p1a: Amoonguss
|-damage|p1a: Amoonguss|14/100
|
|t:|1758324670
|switch|p2a: Toxicroak|Toxicroak, F|66/100|[from] Flip Turn
|move|p1a: Amoonguss|Sludge Bomb|p2a: Toxicroak
|-resisted|p2a: Toxicroak
|-damage|p2a: Toxicroak|48/100
|
|upkeep
|turn|58
|
|t:|1758324678
|move|p2a: Toxicroak|Knock Off|p1a: Amoonguss
|-damage|p1a: Amoonguss|0 fnt
|faint|p1a: Amoonguss
|
|upkeep
|
|t:|1758324680
|switch|p1a: Gliscor|Gliscor, F|37/100 tox
|-damage|p1a: Gliscor|24/100 tox|[from] Stealth Rock
|turn|59
|
|t:|1758324682
|move|p1a: Gliscor|Protect|p1a: Gliscor
|-singleturn|p1a: Gliscor|Protect
|move|p2a: Toxicroak|Knock Off|p1a: Gliscor
|-activate|p1a: Gliscor|move: Protect
|
|-heal|p1a: Gliscor|37/100 tox|[from] ability: Poison Heal
|upkeep
|turn|60
|
|t:|1758324692
|move|p1a: Gliscor|Facade|p2a: Toxicroak
|-damage|p2a: Toxicroak|19/100
|-damage|p1a: Gliscor|20/100 tox|[from] item: Rocky Helmet|[of] p2a: Toxicroak
|move|p2a: Toxicroak|Encore|p1a: Gliscor
|-start|p1a: Gliscor|Encore
|
|-heal|p1a: Gliscor|33/100 tox|[from] ability: Poison Heal
|upkeep
|turn|61
|
|t:|1758324698
|switch|p2a: Lokix|Lokix, M|85/100
|move|p1a: Gliscor|Facade|p2a: Lokix
|-damage|p2a: Lokix|43/100
|
|-heal|p1a: Gliscor|45/100 tox|[from] ability: Poison Heal
|upkeep
|turn|62
|
|t:|1758324723
|switch|p1a: Zamazenta|Zamazenta|16/100
|-damage|p1a: Zamazenta|10/100|[from] Stealth Rock
|move|p2a: Lokix|Leech Life|p1a: Zamazenta
|-resisted|p1a: Zamazenta
|-damage|p1a: Zamazenta|0 fnt
|-heal|p2a: Lokix|49/100|[from] drain|[of] p1a: Zamazenta
|faint|p1a: Zamazenta
|
|upkeep
|
|t:|1758324728
|switch|p1a: Gliscor|Gliscor, F|45/100 tox
|-damage|p1a: Gliscor|33/100 tox|[from] Stealth Rock
|turn|63
|
|t:|1758324731
|move|p1a: Gliscor|Protect|p1a: Gliscor
|-singleturn|p1a: Gliscor|Protect
|move|p2a: Lokix|Leech Life|p1a: Gliscor
|-activate|p1a: Gliscor|move: Protect
|
|-heal|p1a: Gliscor|45/100 tox|[from] ability: Poison Heal
|upkeep
|turn|64
|
|t:|1758324735
|move|p1a: Gliscor|Protect||[still]
|-fail|p1a: Gliscor
|move|p2a: Lokix|Leech Life|p1a: Gliscor
|-resisted|p1a: Gliscor
|-damage|p1a: Gliscor|0 fnt
|-heal|p2a: Lokix|76/100|[from] drain|[of] p1a: Gliscor
|faint|p1a: Gliscor
|
|win|CaylieGetsAngy
|raw|iacidicowl's rating: 1781 &rarr; <strong>1759</strong><br />(-22 for losing)
|raw|CaylieGetsAngy's rating: 1752 &rarr; <strong>1774</strong><br />(+22 for winning)
|l|☆iacidicowl
|player|p1|
|c|☆CaylieGetsAngy|gg
