|j|☆exposed king
|j|☆Rohit-Majum
|t:|1758350697
|gametype|singles
|player|p1|exposed king|102|1380
|player|p2|Rohit-Majum|266|1426
|gen|9
|tier|[Gen 9] OU
|rated|
|rule|HP Percentage Mod: HP is shown in percentages
|rule|Endless Battle Clause: Forcing endless battles is banned
|rule|Species Clause: Limit one of each Pokémon
|rule|OHKO Clause: OHKO moves are banned
|rule|Evasion Items Clause: Evasion items are banned
|rule|Evasion Moves Clause: Evasion moves are banned
|rule|Evasion Abilities Clause: Evasion abilities are banned
|rule|Sleep Moves Clause: Sleep-inducing moves are banned
|clearpoke
|poke|p1|Landorus-Therian, M|
|poke|p1|Azumarill, M|
|poke|p1|Ninetales-Alola, M|
|poke|p1|Iron Treads|
|poke|p1|Garchomp, F|
|poke|p1|Moltres|
|poke|p2|Dragapult, M|
|poke|p2|Samurott-Hisui, M|
|poke|p2|Slowking-Galar, F|
|poke|p2|Ogerpon-Wellspring, F|
|poke|p2|Kingambit, M|
|poke|p2|Gliscor, F|
|teampreview
|inactive|Battle timer is ON: inactive players will automatically lose when time's up. (requested by Rohit-Majum)
|
|t:|1758350727
|teamsize|p1|6
|teamsize|p2|6
|start
|switch|p1a: Ninetales|Ninetales-Alola, M|100/100
|switch|p2a: Samurott|Samurott-Hisui, M|100/100
|-weather|Snowscape|[from] ability: Snow Warning|[of] p1a: Ninetales
|turn|1
|
|t:|1758350737
|switch|p1a: Garchomp|Garchomp, F|100/100
|move|p2a: Samurott|Flip Turn|p1a: Garchomp
|-damage|p1a: Garchomp|77/100
|-damage|p2a: Samurott|88/100|[from] ability: Rough Skin|[of] p1a: Garchomp
|-damage|p2a: Samurott|72/100|[from] item: Rocky Helmet|[of] p1a: Garchomp
|inactive|Rohit-Majum has 120 seconds left.
|
|t:|1758350767
|switch|p2a: Dragapult|Dragapult, M|100/100|[from] Flip Turn
|
|-weather|Snowscape|[upkeep]
|upkeep
|turn|2
|
|t:|1758350779
|move|p2a: Dragapult|Shadow Ball|p1a: Garchomp
|-damage|p1a: Garchomp|41/100
|move|p1a: Garchomp|Stealth Rock|p2a: Dragapult
|-sidestart|p2: Rohit-Majum|move: Stealth Rock
|
|-weather|Snowscape|[upkeep]
|upkeep
|turn|3
|
|t:|1758350786
|switch|p1a: Ninetales|Ninetales-Alola, M|100/100
|-terastallize|p2a: Dragapult|Ghost
|move|p2a: Dragapult|Shadow Ball|p1a: Ninetales
|-damage|p1a: Ninetales|25/100
|
|-weather|Snowscape|[upkeep]
|upkeep
|turn|4
|
|t:|1758350799
|move|p2a: Dragapult|Shadow Ball|p1a: Ninetales
|-crit|p1a: Ninetales
|-damage|p1a: Ninetales|0 fnt
|faint|p1a: Ninetales
|
|-weather|Snowscape|[upkeep]
|upkeep
|
|t:|1758350804
|switch|p1a: Azumarill|Azumarill, M|100/100
|turn|5
|
|t:|1758350808
|move|p2a: Dragapult|Shadow Ball|p1a: Azumarill
|-damage|p1a: Azumarill|59/100
|move|p1a: Azumarill|Knock Off|p2a: Dragapult
|-supereffective|p2a: Dragapult
|-damage|p2a: Dragapult|0 fnt
|-enditem|p2a: Dragapult|Choice Specs|[from] move: Knock Off|[of] p1a: Azumarill
|faint|p2a: Dragapult
|
|-weather|none
|upkeep
|
|t:|1758350817
|switch|p2a: Ogerpon|Ogerpon-Wellspring, F|100/100
|-damage|p2a: Ogerpon|88/100|[from] Stealth Rock
|turn|6
|
|t:|1758350831
|move|p2a: Ogerpon|Trailblaze|p1a: Azumarill
|-supereffective|p1a: Azumarill
|-damage|p1a: Azumarill|0 fnt
|-boost|p2a: Ogerpon|spe|1
|faint|p1a: Azumarill
|
|upkeep
|
|t:|1758350837
|switch|p1a: Moltres|Moltres|100/100
|turn|7
|inactive|Rohit-Majum has 120 seconds left.
|
|t:|1758350871
|switch|p1a: Garchomp|Garchomp, F|41/100
|move|p2a: Ogerpon|Ivy Cudgel|p1a: Garchomp|[anim] Ivy Cudgel Water
|-crit|p1a: Garchomp
|-damage|p1a: Garchomp|0 fnt
|faint|p1a: Garchomp
|
|upkeep
|
|t:|1758350879
|switch|p1a: Landorus|Landorus-Therian, M|100/100
|-ability|p1a: Landorus|Intimidate|boost
|-unboost|p2a: Ogerpon|atk|1
|turn|8
|
|t:|1758350890
|-terastallize|p1a: Landorus|Water
|move|p2a: Ogerpon|Ivy Cudgel|p1a: Landorus|[anim] Ivy Cudgel Water
|-resisted|p1a: Landorus
|-damage|p1a: Landorus|82/100
|move|p1a: Landorus|U-turn|p2a: Ogerpon
|-supereffective|p2a: Ogerpon
|-damage|p2a: Ogerpon|0 fnt
|faint|p2a: Ogerpon
|
|t:|1758350900
|switch|p1a: Iron Treads|Iron Treads|100/100|[from] U-turn
|
|upkeep
|
|t:|1758350907
|switch|p2a: Gliscor|Gliscor, F|100/100
|-damage|p2a: Gliscor|88/100|[from] Stealth Rock
|turn|9
|
|t:|1758350935
|move|p1a: Iron Treads|Ice Spinner|p2a: Gliscor
|-supereffective|p2a: Gliscor
|-damage|p2a: Gliscor|36/100
|move|p2a: Gliscor|Earthquake|p1a: Iron Treads
|-supereffective|p1a: Iron Treads
|-crit|p1a: Iron Treads
|-damage|p1a: Iron Treads|29/100
|
|-status|p2a: Gliscor|tox|[from] item: Toxic Orb
|upkeep
|turn|10
|
|t:|1758350951
|move|p2a: Gliscor|Protect|p2a: Gliscor
|-singleturn|p2a: Gliscor|Protect
|move|p1a: Iron Treads|Ice Spinner|p2a: Gliscor
|-activate|p2a: Gliscor|move: Protect
|
|-heal|p2a: Gliscor|49/100 tox|[from] ability: Poison Heal
|upkeep
|turn|11
|
|t:|1758350961
|switch|p2a: Kingambit|Kingambit, M|100/100
|-damage|p2a: Kingambit|94/100|[from] Stealth Rock
|-activate|p2a: Kingambit|ability: Supreme Overlord
|-start|p2a: Kingambit|fallen2|[silent]
|move|p1a: Iron Treads|Ice Spinner|p2a: Kingambit
|-resisted|p2a: Kingambit
|-damage|p2a: Kingambit|87/100
|
|upkeep
|turn|12
|
|t:|1758350964
|-end|p1a: Iron Treads|Quark Drive|[silent]
|switch|p1a: Moltres|Moltres|100/100
|move|p2a: Kingambit|Sucker Punch||[still]
|-fail|p2a: Kingambit
|
|upkeep
|turn|13
|
|t:|1758350971
|switch|p1a: Landorus|Landorus-Therian, M, tera:Water|82/100
|-ability|p1a: Landorus|Intimidate|boost
|-unboost|p2a: Kingambit|atk|1
|-end|p2a: Kingambit|fallen2|[silent]
|switch|p2a: Slowking|Slowking-Galar, F|100/100
|
|upkeep
|turn|14
|
|t:|1758350984
|switch|p2a: Gliscor|Gliscor, F|49/100 tox
|-damage|p2a: Gliscor|36/100 tox|[from] Stealth Rock
|move|p1a: Landorus|Tera Blast|p2a: Gliscor|[anim] Tera Blast Water
|-supereffective|p2a: Gliscor
|-damage|p2a: Gliscor|0 fnt
|faint|p2a: Gliscor
|
|upkeep
|
|t:|1758351005
|switch|p2a: Samurott|Samurott-Hisui, M|72/100
|-damage|p2a: Samurott|59/100|[from] Stealth Rock
|turn|15
|
|t:|1758351015
|switch|p1a: Moltres|Moltres|100/100
|move|p2a: Samurott|Ceaseless Edge|p1a: Moltres
|-damage|p1a: Moltres|68/100
|-status|p2a: Samurott|brn|[from] ability: Flame Body|[of] p1a: Moltres
|-sidestart|p1: exposed king|Spikes
|
|-damage|p2a: Samurott|53/100 brn|[from] brn
|upkeep
|turn|16
|inactive|Rohit-Majum has 120 seconds left.
|
|t:|1758351046
|switch|p2a: Slowking|Slowking-Galar, F|100/100
|switch|p1a: Landorus|Landorus-Therian, M, tera:Water|82/100
|-damage|p1a: Landorus|70/100|[from] Spikes
|-ability|p1a: Landorus|Intimidate|boost
|-unboost|p2a: Slowking|atk|1
|
|upkeep
|turn|17
|inactive|Rohit-Majum has 120 seconds left.
|
|t:|1758351056
|move|p1a: Landorus|Earthquake|p2a: Slowking
|-supereffective|p2a: Slowking
|-damage|p2a: Slowking|0 fnt
|faint|p2a: Slowking
|
|upkeep
|
|t:|1758351059
|switch|p2a: Kingambit|Kingambit, M|87/100
|-damage|p2a: Kingambit|81/100|[from] Stealth Rock
|-activate|p2a: Kingambit|ability: Supreme Overlord
|-start|p2a: Kingambit|fallen4|[silent]
|turn|18
|
|t:|1758351069
|switch|p1a: Moltres|Moltres|68/100
|move|p2a: Kingambit|Sucker Punch||[still]
|-fail|p2a: Kingambit
|
|upkeep
|turn|19
|
|t:|1758351074
|move|p1a: Moltres|Scorching Sands|p2a: Kingambit
|-supereffective|p2a: Kingambit
|-damage|p2a: Kingambit|38/100
|move|p2a: Kingambit|Kowtow Cleave|p1a: Moltres
|-damage|p1a: Moltres|2/100
|
|upkeep
|turn|20
|
|t:|1758351083
|move|p2a: Kingambit|Sucker Punch||[still]
|-fail|p2a: Kingambit
|move|p1a: Moltres|Roost|p1a: Moltres
|-heal|p1a: Moltres|52/100
|-singleturn|p1a: Moltres|move: Roost
|
|upkeep
|turn|21
|
|t:|1758351090
|move|p2a: Kingambit|Sucker Punch||[still]
|-fail|p2a: Kingambit
|move|p1a: Moltres|Roost|p1a: Moltres
|-heal|p1a: Moltres|100/100
|-singleturn|p1a: Moltres|move: Roost
|
|upkeep
|turn|22
|
|t:|1758351095
|move|p1a: Moltres|Scorching Sands|p2a: Kingambit
|-supereffective|p2a: Kingambit
|-damage|p2a: Kingambit|0 fnt
|faint|p2a: Kingambit
|-end|p2a: Kingambit|fallen4|[silent]
|
|upkeep
|
|t:|1758351113
|switch|p2a: Samurott|Samurott-Hisui, M|53/100 brn
|-damage|p2a: Samurott|40/100 brn|[from] Stealth Rock
|turn|23
|
|t:|1758351124
|move|p2a: Samurott|Razor Shell|p1a: Moltres
|-supereffective|p1a: Moltres
|-damage|p1a: Moltres|58/100
|-unboost|p1a: Moltres|def|1
|move|p1a: Moltres|Scorching Sands|p2a: Samurott
|-damage|p2a: Samurott|7/100 brn
|
|-damage|p2a: Samurott|0 fnt|[from] brn
|faint|p2a: Samurott
|
|win|exposed king
|raw|exposed king's rating: 1380 &rarr; <strong>1403</strong><br />(+23 for winning)
|raw|Rohit-Majum's rating: 1426 &rarr; <strong>1403</strong><br />(-23 for losing)
