|j|☆dwembox
|j|☆altak
|t:|1758237838
|gametype|singles
|player|p1|dwembox|169|1356
|player|p2|altak|1|1392
|gen|9
|tier|[Gen 9] OU
|rated|
|rule|HP Percentage Mod: HP is shown in percentages
|rule|Endless Battle Clause: Forcing endless battles is banned
|rule|Species Clause: Limit one of each Pokémon
|rule|OHKO Clause: OHKO moves are banned
|rule|Evasion Items Clause: Evasion items are banned
|rule|Evasion Moves Clause: Evasion moves are banned
|rule|Evasion Abilities Clause: Evasion abilities are banned
|rule|Sleep Moves Clause: Sleep-inducing moves are banned
|clearpoke
|poke|p1|Blissey, F|
|poke|p1|Salazzle, F|
|poke|p1|Corviknight, F|
|poke|p1|Hydrapple, M|
|poke|p1|Quagsire, F|
|poke|p1|Okidogi, M|
|poke|p2|Hatterene, F|
|poke|p2|Primeape, M|
|poke|p2|Meowscarada, M|
|poke|p2|Iron Treads|
|poke|p2|Scizor, F|
|poke|p2|Rotom-Wash|
|teampreview
|
|t:|1758237857
|teamsize|p1|6
|teamsize|p2|6
|start
|switch|p1a: Salazzle|Salazzle, F|100/100
|switch|p2a: Hatterene|Hatterene, F|100/100
|turn|1
|
|t:|1758237865
|-terastallize|p2a: Hatterene|Flying
|move|p1a: Salazzle|Substitute|p1a: Salazzle
|-start|p1a: Salazzle|Substitute
|-damage|p1a: Salazzle|76/100
|move|p2a: Hatterene|Psyshock|p1a: Salazzle
|-supereffective|p1a: Salazzle
|-end|p1a: Salazzle|Substitute
|
|-heal|p1a: Salazzle|82/100|[from] item: Leftovers
|upkeep
|turn|2
|inactive|Battle timer is ON: inactive players will automatically lose when time's up. (requested by altak)
|
|t:|1758237876
|switch|p1a: Hydrapple|Hydrapple, M|100/100
|move|p2a: Hatterene|Psyshock|p1a: Hydrapple
|-damage|p1a: Hydrapple|56/100
|
|upkeep
|turn|3
|
|t:|1758237890
|switch|p1a: Corviknight|Corviknight, F|100/100
|-ability|p1a: Corviknight|Pressure
|switch|p2a: Primeape|Primeape, M|100/100
|
|upkeep
|turn|4
|
|t:|1758237896
|move|p2a: Primeape|Stealth Rock|p1a: Corviknight
|-sidestart|p1: dwembox|move: Stealth Rock
|move|p1a: Corviknight|U-turn|p2a: Primeape
|-resisted|p2a: Primeape
|-damage|p2a: Primeape|94/100
|
|t:|1758237903
|switch|p1a: Okidogi|Okidogi, M|100/100|[from] U-turn
|-damage|p1a: Okidogi|94/100|[from] Stealth Rock
|
|upkeep
|turn|5
|
|t:|1758237907
|move|p2a: Primeape|U-turn|p1a: Okidogi
|-resisted|p1a: Okidogi
|-damage|p1a: Okidogi|91/100
|
|t:|1758237912
|switch|p2a: Rotom|Rotom-Wash|100/100|[from] U-turn
|move|p1a: Okidogi|Gunk Shot|p2a: Rotom
|-damage|p2a: Rotom|50/100
|-status|p2a: Rotom|psn
|
|-heal|p2a: Rotom|56/100 psn|[from] item: Leftovers
|-damage|p2a: Rotom|44/100 psn|[from] psn
|upkeep
|turn|6
|
|t:|1758237926
|move|p2a: Rotom|Will-O-Wisp|p1a: Okidogi
|-status|p1a: Okidogi|brn
|move|p1a: Okidogi|Drain Punch|p2a: Rotom
|-damage|p2a: Rotom|25/100 psn
|-heal|p1a: Okidogi|98/100 brn|[from] drain|[of] p2a: Rotom
|
|-heal|p2a: Rotom|31/100 psn|[from] item: Leftovers
|-damage|p2a: Rotom|19/100 psn|[from] psn
|-damage|p1a: Okidogi|92/100 brn|[from] brn
|upkeep
|turn|7
|
|t:|1758237932
|move|p2a: Rotom|Volt Switch|p1a: Okidogi
|-damage|p1a: Okidogi|76/100 brn
|
|t:|1758237936
|switch|p2a: Hatterene|Hatterene, F, tera:Flying|100/100|[from] Volt Switch
|move|p1a: Okidogi|Drain Punch|p2a: Hatterene
|-resisted|p2a: Hatterene
|-damage|p2a: Hatterene|88/100
|-heal|p1a: Okidogi|81/100 brn|[from] drain|[of] p2a: Hatterene
|
|-damage|p1a: Okidogi|75/100 brn|[from] brn
|upkeep
|turn|8
|
|t:|1758237940
|switch|p1a: Blissey|Blissey, F|100/100
|move|p2a: Hatterene|Psyshock|p1a: Blissey
|-damage|p1a: Blissey|40/100
|
|upkeep
|turn|9
|
|t:|1758237952
|switch|p1a: Corviknight|Corviknight, F|100/100
|-damage|p1a: Corviknight|88/100|[from] Stealth Rock
|-ability|p1a: Corviknight|Pressure
|move|p2a: Hatterene|Psyshock|p1a: Corviknight
|-resisted|p1a: Corviknight
|-damage|p1a: Corviknight|67/100
|
|-heal|p1a: Corviknight|73/100|[from] item: Leftovers
|upkeep
|turn|10
|
|t:|1758237959
|switch|p2a: Iron Treads|Iron Treads|100/100
|move|p1a: Corviknight|Defog|p2a: Iron Treads
|-unboost|p2a: Iron Treads|evasion|1
|-sideend|p1: dwembox|Stealth Rock|[from] move: Defog|[of] p1a: Corviknight
|
|-heal|p1a: Corviknight|79/100|[from] item: Leftovers
|upkeep
|turn|11
|
|t:|1758237963
|move|p2a: Iron Treads|Knock Off|p1a: Corviknight
|-damage|p1a: Corviknight|61/100
|-enditem|p1a: Corviknight|Leftovers|[from] move: Knock Off|[of] p2a: Iron Treads
|move|p1a: Corviknight|U-turn|p2a: Iron Treads
|-resisted|p2a: Iron Treads
|-damage|p2a: Iron Treads|94/100
|
|t:|1758237970
|switch|p1a: Hydrapple|Hydrapple, M|89/100|[from] U-turn
|
|upkeep
|turn|12
|
|t:|1758237973
|move|p2a: Iron Treads|Knock Off|p1a: Hydrapple
|-damage|p1a: Hydrapple|72/100
|-enditem|p1a: Hydrapple|Assault Vest|[from] move: Knock Off|[of] p2a: Iron Treads
|move|p1a: Hydrapple|Hydro Pump|p2a: Iron Treads
|-supereffective|p2a: Iron Treads
|-damage|p2a: Iron Treads|54/100
|
|upkeep
|turn|13
|
|t:|1758237981
|move|p2a: Iron Treads|Volt Switch|p1a: Hydrapple
|-resisted|p1a: Hydrapple
|-damage|p1a: Hydrapple|70/100
|
|t:|1758237986
|-end|p2a: Iron Treads|Quark Drive|[silent]
|switch|p2a: Meowscarada|Meowscarada, M|100/100|[from] Volt Switch
|move|p1a: Hydrapple|Giga Drain|p2a: Meowscarada
|-resisted|p2a: Meowscarada
|-damage|p2a: Meowscarada|77/100
|-heal|p1a: Hydrapple|79/100|[from] drain|[of] p2a: Meowscarada
|
|upkeep
|turn|14
|
|t:|1758238001
|move|p2a: Meowscarada|U-turn|p1a: Hydrapple
|-start|p2a: Meowscarada|typechange|Bug|[from] ability: Protean
|-supereffective|p1a: Hydrapple
|-damage|p1a: Hydrapple|23/100
|
|t:|1758238009
|switch|p2a: Scizor|Scizor, F|100/100|[from] U-turn
|move|p1a: Hydrapple|Draco Meteor|p2a: Scizor|[miss]
|-miss|p1a: Hydrapple|p2a: Scizor
|
|upkeep
|turn|15
|
|t:|1758238015
|switch|p1a: Quagsire|Quagsire, F|100/100
|move|p2a: Scizor|U-turn|p1a: Quagsire
|-damage|p1a: Quagsire|62/100
|
|t:|1758238023
|switch|p2a: Meowscarada|Meowscarada, M|77/100|[from] U-turn
|
|-heal|p1a: Quagsire|68/100|[from] item: Leftovers
|upkeep
|turn|16
|
|t:|1758238030
|-terastallize|p1a: Quagsire|Grass
|move|p2a: Meowscarada|Spikes|p1a: Quagsire
|-start|p2a: Meowscarada|typechange|Ground|[from] ability: Protean
|-sidestart|p1: dwembox|Spikes
|move|p1a: Quagsire|Toxic|p2a: Meowscarada
|-status|p2a: Meowscarada|tox
|
|-heal|p1a: Quagsire|74/100|[from] item: Leftovers
|-damage|p2a: Meowscarada|71/100 tox|[from] psn
|upkeep
|turn|17
|
|t:|1758238043
|switch|p2a: Rotom|Rotom-Wash|19/100 psn
|switch|p1a: Blissey|Blissey, F|40/100
|
|-heal|p2a: Rotom|25/100 psn|[from] item: Leftovers
|-damage|p2a: Rotom|13/100 psn|[from] psn
|upkeep
|turn|18
|
|t:|1758238050
|move|p2a: Rotom|Volt Switch|p1a: Blissey
|-damage|p1a: Blissey|30/100
|
|t:|1758238055
|switch|p2a: Scizor|Scizor, F|100/100|[from] Volt Switch
|move|p1a: Blissey|Stealth Rock|p2a: Scizor
|-sidestart|p2: altak|move: Stealth Rock
|
|upkeep
|turn|19
|
|t:|1758238059
|move|p2a: Scizor|Close Combat|p1a: Blissey
|-supereffective|p1a: Blissey
|-damage|p1a: Blissey|0 fnt
|-unboost|p2a: Scizor|def|1
|-unboost|p2a: Scizor|spd|1
|faint|p1a: Blissey
|
|upkeep
|
|t:|1758238070
|switch|p1a: Salazzle|Salazzle, F|82/100
|-damage|p1a: Salazzle|70/100|[from] Spikes
|turn|20
|
|t:|1758238078
|switch|p2a: Rotom|Rotom-Wash|13/100 psn
|-damage|p2a: Rotom|0 fnt|[from] Stealth Rock
|faint|p2a: Rotom
|move|p1a: Salazzle|Substitute|p1a: Salazzle
|-start|p1a: Salazzle|Substitute
|-damage|p1a: Salazzle|45/100
|
|-heal|p1a: Salazzle|51/100|[from] item: Leftovers
|upkeep
|
|t:|1758238085
|switch|p2a: Primeape|Primeape, M|94/100
|-damage|p2a: Primeape|88/100|[from] Stealth Rock
|turn|21
|
|t:|1758238088
|move|p1a: Salazzle|Toxic|p2a: Primeape
|-status|p2a: Primeape|tox
|move|p2a: Primeape|Encore|p1a: Salazzle
|-start|p1a: Salazzle|Encore
|
|-heal|p1a: Salazzle|57/100|[from] item: Leftovers
|-damage|p2a: Primeape|82/100 tox|[from] psn
|upkeep
|turn|22
|
|t:|1758238095
|move|p1a: Salazzle|Toxic|p2a: Primeape
|-fail|p2a: Primeape|tox
|move|p2a: Primeape|Stealth Rock|p1a: Salazzle
|-sidestart|p1: dwembox|move: Stealth Rock
|
|-heal|p1a: Salazzle|63/100|[from] item: Leftovers
|-damage|p2a: Primeape|70/100 tox|[from] psn
|upkeep
|turn|23
|
|t:|1758238105
|move|p1a: Salazzle|Toxic|p2a: Primeape
|-fail|p2a: Primeape|tox
|move|p2a: Primeape|Drain Punch|p1a: Salazzle
|-resisted|p1a: Salazzle
|-activate|p1a: Salazzle|move: Substitute|[damage]
|-heal|p2a: Primeape|80/100 tox|[from] drain|[of] p1a: Salazzle
|
|-heal|p1a: Salazzle|70/100|[from] item: Leftovers
|-damage|p2a: Primeape|62/100 tox|[from] psn
|upkeep
|turn|24
|
|t:|1758238109
|move|p1a: Salazzle|Toxic|p2a: Primeape
|-fail|p2a: Primeape|tox
|move|p2a: Primeape|U-turn|p1a: Salazzle
|-resisted|p1a: Salazzle
|-end|p1a: Salazzle|Substitute
|
|t:|1758238115
|switch|p2a: Meowscarada|Meowscarada, M|71/100 tox|[from] U-turn
|-damage|p2a: Meowscarada|59/100 tox|[from] Stealth Rock
|
|-heal|p1a: Salazzle|76/100|[from] item: Leftovers
|-damage|p2a: Meowscarada|52/100 tox|[from] psn
|-end|p1a: Salazzle|Encore
|upkeep
|turn|25
|
|t:|1758238122
|move|p1a: Salazzle|Protect|p1a: Salazzle
|-singleturn|p1a: Salazzle|Protect
|move|p2a: Meowscarada|Knock Off|p1a: Salazzle
|-start|p2a: Meowscarada|typechange|Dark|[from] ability: Protean
|-activate|p1a: Salazzle|move: Protect
|
|-heal|p1a: Salazzle|82/100|[from] item: Leftovers
|-damage|p2a: Meowscarada|40/100 tox|[from] psn
|upkeep
|turn|26
|
|t:|1758238130
|switch|p1a: Corviknight|Corviknight, F|61/100
|-damage|p1a: Corviknight|49/100|[from] Stealth Rock
|-ability|p1a: Corviknight|Pressure
|move|p2a: Meowscarada|Knock Off|p1a: Corviknight
|-damage|p1a: Corviknight|23/100
|
|-damage|p2a: Meowscarada|22/100 tox|[from] psn
|upkeep
|turn|27
|
|t:|1758238135
|move|p2a: Meowscarada|Knock Off|p1a: Corviknight
|-damage|p1a: Corviknight|0 fnt
|faint|p1a: Corviknight
|
|-damage|p2a: Meowscarada|0 fnt|[from] psn
|faint|p2a: Meowscarada
|upkeep
|
|t:|1758238144
|switch|p2a: Iron Treads|Iron Treads|54/100
|switch|p1a: Salazzle|Salazzle, F|82/100
|-damage|p1a: Salazzle|70/100|[from] Spikes
|-damage|p1a: Salazzle|45/100|[from] Stealth Rock
|-damage|p2a: Iron Treads|51/100|[from] Stealth Rock
|turn|28
|
|t:|1758238147
|move|p1a: Salazzle|Protect|p1a: Salazzle
|-singleturn|p1a: Salazzle|Protect
|move|p2a: Iron Treads|Rapid Spin|p1a: Salazzle
|-activate|p1a: Salazzle|move: Protect
|
|-heal|p1a: Salazzle|51/100|[from] item: Leftovers
|upkeep
|turn|29
|
|t:|1758238153
|move|p1a: Salazzle|Substitute|p1a: Salazzle
|-start|p1a: Salazzle|Substitute
|-damage|p1a: Salazzle|26/100
|move|p2a: Iron Treads|Earthquake|p1a: Salazzle
|-supereffective|p1a: Salazzle
|-end|p1a: Salazzle|Substitute
|
|-heal|p1a: Salazzle|32/100|[from] item: Leftovers
|upkeep
|turn|30
|
|t:|1758238162
|move|p1a: Salazzle|Flamethrower|p2a: Iron Treads
|-supereffective|p2a: Iron Treads
|-damage|p2a: Iron Treads|0 fnt
|faint|p2a: Iron Treads
|-end|p2a: Iron Treads|Quark Drive|[silent]
|
|-heal|p1a: Salazzle|39/100|[from] item: Leftovers
|upkeep
|
|t:|1758238167
|switch|p2a: Primeape|Primeape, M|62/100 tox
|-damage|p2a: Primeape|56/100 tox|[from] Stealth Rock
|turn|31
|
|t:|1758238173
|move|p1a: Salazzle|Substitute|p1a: Salazzle
|-start|p1a: Salazzle|Substitute
|-damage|p1a: Salazzle|14/100
|move|p2a: Primeape|Drain Punch|p1a: Salazzle
|-resisted|p1a: Salazzle
|-activate|p1a: Salazzle|move: Substitute|[damage]
|-heal|p2a: Primeape|67/100 tox|[from] drain|[of] p1a: Salazzle
|
|-heal|p1a: Salazzle|20/100|[from] item: Leftovers
|-damage|p2a: Primeape|61/100 tox|[from] psn
|upkeep
|turn|32
|
|t:|1758238182
|move|p1a: Salazzle|Protect|p1a: Salazzle
|-singleturn|p1a: Salazzle|Protect
|move|p2a: Primeape|Encore|p1a: Salazzle
|-activate|p1a: Salazzle|move: Protect
|
|-heal|p1a: Salazzle|26/100|[from] item: Leftovers
|-damage|p2a: Primeape|49/100 tox|[from] psn
|upkeep
|turn|33
|-message|altak forfeited.
|
|win|dwembox
|raw|dwembox's rating: 1356 &rarr; <strong>1378</strong><br />(+22 for winning)
|raw|altak's rating: 1392 &rarr; <strong>1370</strong><br />(-22 for losing)
|l|☆altak
|player|p2|
|l|☆dwembox
|player|p1|
