|j|☆Jsnssnnd
|j|☆WaterTemples
|t:|1758238103
|gametype|singles
|player|p1|Jsnssnnd|169|1000
|player|p2|WaterTemples|youngster-gen4dp|1000
|gen|9
|tier|[Gen 9] OU
|rated|
|rule|HP Percentage Mod: HP is shown in percentages
|rule|Endless Battle Clause: Forcing endless battles is banned
|rule|Species Clause: Limit one of each Pokémon
|rule|OHKO Clause: OHKO moves are banned
|rule|Evasion Items Clause: Evasion items are banned
|rule|Evasion Moves Clause: Evasion moves are banned
|rule|Evasion Abilities Clause: Evasion abilities are banned
|rule|Sleep Moves Clause: Sleep-inducing moves are banned
|clearpoke
|poke|p1|Heatran, M|
|poke|p1|Landorus-Therian, M|
|poke|p1|Goodra-Hisui, F|
|poke|p1|Forretress, F|
|poke|p1|Torkoal, M|
|poke|p1|Dondozo, F|
|poke|p2|Zapdos|
|poke|p2|Slowking-Galar, F|
|poke|p2|Jirachi|
|poke|p2|Landorus-Therian, M|
|poke|p2|Alomomola, M|
|poke|p2|Kingambit, F|
|teampreview
|
|t:|1758238118
|teamsize|p1|6
|teamsize|p2|6
|start
|switch|p1a: Landorus|Landorus-Therian, M, shiny|100/100
|switch|p2a: Jirachi|Jirachi|100/100
|-ability|p1a: Landorus|Intimidate|boost
|-unboost|p2a: Jirachi|atk|1
|turn|1
|
|t:|1758238127
|switch|p2a: Landorus|Landorus-Therian, M|100/100
|-ability|p2a: Landorus|Intimidate|boost
|-unboost|p1a: Landorus|atk|1
|move|p1a: Landorus|Earthquake|p2a: Landorus
|-immune|p2a: Landorus
|
|upkeep
|turn|2
|
|t:|1758238136
|switch|p1a: Forretress|Forretress, F|100/100
|move|p2a: Landorus|Fling|p1a: Forretress
|-damage|p1a: Forretress|96/100
|-status|p1a: Forretress|par
|-enditem|p2a: Landorus|Light Ball|[from] move: Fling
|
|upkeep
|turn|3
|
|t:|1758238145
|move|p2a: Landorus|U-turn|p1a: Forretress
|-resisted|p1a: Forretress
|-crit|p1a: Forretress
|-damage|p1a: Forretress|87/100 par
|
|t:|1758238147
|switch|p2a: Jirachi|Jirachi|100/100|[from] U-turn
|cant|p1a: Forretress|par
|
|upkeep
|turn|4
|
|t:|1758238154
|move|p2a: Jirachi|Substitute|p2a: Jirachi
|-start|p2a: Jirachi|Substitute
|-damage|p2a: Jirachi|76/100
|cant|p1a: Forretress|par
|
|-heal|p2a: Jirachi|82/100|[from] item: Leftovers
|upkeep
|turn|5
|
|t:|1758238167
|move|p2a: Jirachi|Iron Head|p1a: Forretress
|-resisted|p1a: Forretress
|-damage|p1a: Forretress|79/100 par
|cant|p1a: Forretress|flinch
|
|-heal|p2a: Jirachi|88/100|[from] item: Leftovers
|upkeep
|turn|6
|
|t:|1758238181
|switch|p1a: Torkoal|Torkoal, M, shiny|100/100
|-weather|SunnyDay|[from] ability: Drought|[of] p1a: Torkoal
|move|p2a: Jirachi|Iron Head|p1a: Torkoal
|-resisted|p1a: Torkoal
|-damage|p1a: Torkoal|90/100
|
|-weather|SunnyDay|[upkeep]
|-heal|p2a: Jirachi|94/100|[from] item: Leftovers
|upkeep
|turn|7
|
|t:|1758238189
|move|p2a: Jirachi|Body Slam|p1a: Torkoal
|-damage|p1a: Torkoal|76/100
|-status|p1a: Torkoal|par
|cant|p1a: Torkoal|par
|
|-weather|SunnyDay|[upkeep]
|-heal|p2a: Jirachi|100/100|[from] item: Leftovers
|upkeep
|turn|8
|-message|Jsnssnnd forfeited.
|
|win|WaterTemples
|raw|Jsnssnnd's rating: 1000 &rarr; <strong>1000</strong><br />(+0 for losing)
|raw|WaterTemples's rating: 1000 &rarr; <strong>1040</strong><br />(+40 for winning)
|l|☆Jsnssnnd
|player|p1|
