|j|☆abGodc
|j|☆lerendezvous
|t:|1758379347
|gametype|singles
|player|p1|abGodc|iris-gen5bw2|1680
|player|p2|lerendezvous|101|1735
|gen|9
|tier|[Gen 9] OU
|rated|
|rule|HP Percentage Mod: HP is shown in percentages
|rule|Endless Battle Clause: Forcing endless battles is banned
|rule|Species Clause: Limit one of each Pokémon
|rule|OHKO Clause: OHKO moves are banned
|rule|Evasion Items Clause: Evasion items are banned
|rule|Evasion Moves Clause: Evasion moves are banned
|rule|Evasion Abilities Clause: Evasion abilities are banned
|rule|Sleep Moves Clause: Sleep-inducing moves are banned
|clearpoke
|poke|p1|Raging Bolt|
|poke|p1|Iron Treads|
|poke|p1|Ting-Lu|
|poke|p1|Gholdengo|
|poke|p1|Zamazenta-*|
|poke|p1|Tornadus-Therian, M|
|poke|p2|Ogerpon-Wellspring, F|
|poke|p2|Slowking-Galar, M|
|poke|p2|Great Tusk|
|poke|p2|Moltres|
|poke|p2|Dragapult, F|
|poke|p2|Kingambit, M|
|teampreview
|inactive|Battle timer is ON: inactive players will automatically lose when time's up. (requested by abGodc)
|inactive|lerendezvous also wants the timer to be on.
|
|t:|1758379358
|teamsize|p1|6
|teamsize|p2|6
|start
|switch|p1a: Ting-Lu|Ting-Lu|100/100
|switch|p2a: Ogerpon|Ogerpon-Wellspring, F|100/100
|-ability|p1a: Ting-Lu|Vessel of Ruin
|turn|1
|
|t:|1758379361
|move|p2a: Ogerpon|Ivy Cudgel|p1a: Ting-Lu|[anim] Ivy Cudgel Water
|-supereffective|p1a: Ting-Lu
|-damage|p1a: Ting-Lu|43/100
|-enditem|p1a: Ting-Lu|Weakness Policy
|-boost|p1a: Ting-Lu|atk|2|[from] item: Weakness Policy
|-boost|p1a: Ting-Lu|spa|2|[from] item: Weakness Policy
|move|p1a: Ting-Lu|Payback|p2a: Ogerpon
|-damage|p2a: Ogerpon|0 fnt
|faint|p2a: Ogerpon
|
|upkeep
|
|t:|1758379367
|switch|p2a: Moltres|Moltres|100/100
|turn|2
|
|t:|1758379371
|move|p2a: Moltres|Flamethrower|p1a: Ting-Lu
|-damage|p1a: Ting-Lu|21/100
|move|p1a: Ting-Lu|Stealth Rock|p2a: Moltres
|-sidestart|p2: lerendezvous|move: Stealth Rock
|
|upkeep
|turn|3
|
|t:|1758379375
|move|p2a: Moltres|U-turn|p1a: Ting-Lu
|-supereffective|p1a: Ting-Lu
|-damage|p1a: Ting-Lu|6/100
|
|t:|1758379379
|switch|p2a: Great Tusk|Great Tusk|100/100|[from] U-turn
|-damage|p2a: Great Tusk|98/100|[from] Stealth Rock
|move|p1a: Ting-Lu|Ruination|p2a: Great Tusk
|-damage|p2a: Great Tusk|49/100
|
|upkeep
|turn|4
|j| victini092
|
|t:|1758379383
|switch|p1a: Gholdengo|Gholdengo|100/100
|-item|p1a: Gholdengo|Air Balloon
|move|p2a: Great Tusk|Headlong Rush|p1a: Gholdengo
|-immune|p1a: Gholdengo
|
|upkeep
|turn|5
|
|t:|1758379387
|move|p2a: Great Tusk|Stealth Rock|p1a: Gholdengo
|-sidestart|p1: abGodc|move: Stealth Rock
|move|p1a: Gholdengo|Make It Rain|p2a: Great Tusk
|-damage|p2a: Great Tusk|0 fnt
|-unboost|p1a: Gholdengo|spa|1
|faint|p2a: Great Tusk
|-end|p2a: Great Tusk|Protosynthesis|[silent]
|
|upkeep
|
|t:|1758379393
|switch|p2a: Slowking|Slowking-Galar, M|100/100
|-damage|p2a: Slowking|88/100|[from] Stealth Rock
|turn|6
|
|t:|1758379396
|switch|p1a: Ting-Lu|Ting-Lu|6/100
|-damage|p1a: Ting-Lu|0 fnt|[from] Stealth Rock
|faint|p1a: Ting-Lu
|move|p2a: Slowking|Flamethrower|p1: Ting-Lu|[notarget]
|-fail|p2a: Slowking
|
|upkeep
|
|t:|1758379399
|switch|p1a: Iron Treads|Iron Treads|100/100
|-damage|p1a: Iron Treads|98/100|[from] Stealth Rock
|-enditem|p1a: Iron Treads|Booster Energy
|-activate|p1a: Iron Treads|ability: Quark Drive|[fromitem]
|-start|p1a: Iron Treads|quarkdrivespe
|turn|7
|
|t:|1758379403
|move|p1a: Iron Treads|Earthquake|p2a: Slowking
|-supereffective|p2a: Slowking
|-damage|p2a: Slowking|0 fnt
|faint|p2a: Slowking
|
|upkeep
|
|t:|1758379408
|switch|p2a: Moltres|Moltres|100/100
|turn|8
|
|t:|1758379412
|move|p1a: Iron Treads|Stone Edge|p2a: Moltres
|-supereffective|p2a: Moltres
|-damage|p2a: Moltres|18/100
|move|p2a: Moltres|U-turn|p1a: Iron Treads
|-resisted|p1a: Iron Treads
|-damage|p1a: Iron Treads|92/100
|
|t:|1758379417
|switch|p2a: Kingambit|Kingambit, M|100/100|[from] U-turn
|-damage|p2a: Kingambit|94/100|[from] Stealth Rock
|-activate|p2a: Kingambit|ability: Supreme Overlord
|-start|p2a: Kingambit|fallen3|[silent]
|
|-heal|p2a: Kingambit|100/100|[from] item: Leftovers
|upkeep
|turn|9
|
|t:|1758379420
|-terastallize|p2a: Kingambit|Ghost
|move|p2a: Kingambit|Sucker Punch|p1a: Iron Treads
|-damage|p1a: Iron Treads|49/100
|move|p1a: Iron Treads|Earthquake|p2a: Kingambit
|-damage|p2a: Kingambit|61/100
|
|-heal|p2a: Kingambit|68/100|[from] item: Leftovers
|upkeep
|turn|10
|
|t:|1758379426
|move|p2a: Kingambit|Sucker Punch|p1a: Iron Treads
|-damage|p1a: Iron Treads|6/100
|move|p1a: Iron Treads|Earthquake|p2a: Kingambit
|-crit|p2a: Kingambit
|-damage|p2a: Kingambit|14/100
|
|-heal|p2a: Kingambit|20/100|[from] item: Leftovers
|upkeep
|turn|11
|
|t:|1758379435
|-end|p2a: Kingambit|fallen3|[silent]
|switch|p2a: Moltres|Moltres|18/100
|move|p1a: Iron Treads|Earthquake|p2a: Moltres
|-immune|p2a: Moltres
|
|upkeep
|turn|12
|
|t:|1758379439
|switch|p2a: Dragapult|Dragapult, F|100/100
|move|p1a: Iron Treads|Ice Spinner|p2a: Dragapult
|-supereffective|p2a: Dragapult
|-damage|p2a: Dragapult|29/100
|
|upkeep
|turn|13
|
|t:|1758379443
|switch|p2a: Moltres|Moltres|18/100
|move|p1a: Iron Treads|Ice Spinner|p2a: Moltres
|-damage|p2a: Moltres|1/100
|
|upkeep
|turn|14
|
|t:|1758379447
|move|p1a: Iron Treads|Ice Spinner|p2a: Moltres
|-damage|p2a: Moltres|0 fnt
|faint|p2a: Moltres
|
|upkeep
|
|t:|1758379451
|switch|p2a: Dragapult|Dragapult, F|29/100
|turn|15
|
|t:|1758379455
|move|p1a: Iron Treads|Earthquake|p2a: Dragapult
|-damage|p2a: Dragapult|0 fnt
|faint|p2a: Dragapult
|
|upkeep
|
|t:|1758379459
|switch|p2a: Kingambit|Kingambit, M, tera:Ghost|20/100
|-damage|p2a: Kingambit|8/100|[from] Stealth Rock
|-activate|p2a: Kingambit|ability: Supreme Overlord
|-start|p2a: Kingambit|fallen5|[silent]
|turn|16
|
|t:|1758379462
|move|p2a: Kingambit|Sucker Punch|p1a: Iron Treads
|-damage|p1a: Iron Treads|0 fnt
|faint|p1a: Iron Treads
|-end|p1a: Iron Treads|Quark Drive|[silent]
|
|-heal|p2a: Kingambit|14/100|[from] item: Leftovers
|upkeep
|
|t:|1758379464
|switch|p1a: Zamazenta|Zamazenta|100/100
|-damage|p1a: Zamazenta|94/100|[from] Stealth Rock
|-ability|p1a: Zamazenta|Dauntless Shield|boost
|-boost|p1a: Zamazenta|def|1
|turn|17
|
|t:|1758379467
|move|p2a: Kingambit|Sucker Punch|p1a: Zamazenta
|-resisted|p1a: Zamazenta
|-damage|p1a: Zamazenta|81/100
|move|p1a: Zamazenta|Crunch|p2a: Kingambit
|-supereffective|p2a: Kingambit
|-damage|p2a: Kingambit|0 fnt
|faint|p2a: Kingambit
|-end|p2a: Kingambit|fallen5|[silent]
|
|win|abGodc
|raw|abGodc's rating: 1680 &rarr; <strong>1703</strong><br />(+23 for winning)
|raw|lerendezvous's rating: 1735 &rarr; <strong>1712</strong><br />(-23 for losing)
|l|☆lerendezvous
|player|p2|
