|j|☆flyingacidknight
|j|☆LowResse
|t:|1758299003
|gametype|singles
|player|p1|flyingacidknight|101|1128
|player|p2|LowResse|steven|1178
|gen|9
|tier|[Gen 9] OU
|rated|
|rule|HP Percentage Mod: HP is shown in percentages
|rule|Endless Battle Clause: Forcing endless battles is banned
|rule|Species Clause: Limit one of each Pokémon
|rule|OHKO Clause: OHKO moves are banned
|rule|Evasion Items Clause: Evasion items are banned
|rule|Evasion Moves Clause: Evasion moves are banned
|rule|Evasion Abilities Clause: Evasion abilities are banned
|rule|Sleep Moves Clause: Sleep-inducing moves are banned
|clearpoke
|poke|p1|Dudunsparce-*, M|
|poke|p1|Armarouge, F|
|poke|p1|Primarina, M|
|poke|p1|Flapple, M|
|poke|p1|Ninetales-Alola, M|
|poke|p1|Glimmora, F|
|poke|p2|Iron Crown|
|poke|p2|Samurott-Hisui, M|
|poke|p2|Zapdos|
|poke|p2|Dragapult, M|
|poke|p2|Great Tusk|
|poke|p2|Iron Boulder|
|teampreview
|inactive|Battle timer is ON: inactive players will automatically lose when time's up. (requested by flyingacidknight)
|
|t:|1758299034
|teamsize|p1|6
|teamsize|p2|6
|start
|switch|p1a: Glimmora|Glimmora, F|100/100
|switch|p2a: Dragapult|Dragapult, M|100/100
|turn|1
|
|t:|1758299041
|move|p2a: Dragapult|Dragon Darts|p1a: Glimmora
|-damage|p1a: Glimmora|64/100
|-activate|p1a: Glimmora|ability: Toxic Debris
|-sidestart|p2: LowResse|move: Toxic Spikes
|-anim|p2a: Dragapult|Dragon Darts|p1a: Glimmora
|-damage|p1a: Glimmora|27/100
|-activate|p1a: Glimmora|ability: Toxic Debris
|-sidestart|p2: LowResse|move: Toxic Spikes
|move|p1a: Glimmora|Spikes|p2a: Dragapult
|-sidestart|p2: LowResse|Spikes
|
|upkeep
|turn|2
|
|t:|1758299051
|move|p1a: Glimmora|Spiky Shield|p1a: Glimmora
|-singleturn|p1a: Glimmora|move: Protect
|move|p2a: Dragapult|Dragon Darts|p1a: Glimmora
|-activate|p1a: Glimmora|move: Protect
|
|upkeep
|turn|3
|
|t:|1758299061
|switch|p1a: Primarina|Primarina, M|100/100
|move|p2a: Dragapult|Dragon Darts|p1a: Primarina
|-immune|p1a: Primarina
|
|upkeep
|turn|4
|
|t:|1758299066
|switch|p2a: Zapdos|Zapdos, shiny|100/100
|move|p1a: Primarina|Calm Mind|p1a: Primarina
|-boost|p1a: Primarina|spa|1
|-boost|p1a: Primarina|spd|1
|
|upkeep
|turn|5
|
|t:|1758299090
|switch|p1a: Glimmora|Glimmora, F|27/100
|move|p2a: Zapdos|Discharge|p1a: Glimmora
|-damage|p1a: Glimmora|0 fnt
|faint|p1a: Glimmora
|
|upkeep
|
|t:|1758299097
|switch|p1a: Armarouge|Armarouge, F|100/100
|turn|6
|
|t:|1758299117
|move|p2a: Zapdos|Volt Switch|p1a: Armarouge
|-damage|p1a: Armarouge|76/100
|
|t:|1758299122
|switch|p2a: Samurott|Samurott-Hisui, M, shiny|100/100|[from] Volt Switch
|-status|p2a: Samurott|tox
|-damage|p2a: Samurott|88/100 tox|[from] Spikes
|move|p1a: Armarouge|Armor Cannon|p2a: Samurott
|-resisted|p2a: Samurott
|-damage|p2a: Samurott|38/100 tox
|-unboost|p1a: Armarouge|def|1
|-unboost|p1a: Armarouge|spd|1
|
|-damage|p2a: Samurott|32/100 tox|[from] psn
|upkeep
|turn|7
|
|t:|1758299138
|switch|p1a: Primarina|Primarina, M|100/100
|move|p2a: Samurott|Flip Turn|p1a: Primarina
|-resisted|p1a: Primarina
|-damage|p1a: Primarina|80/100
|
|t:|1758299142
|switch|p2a: Zapdos|Zapdos, shiny|100/100|[from] Flip Turn
|
|upkeep
|turn|8
|
|t:|1758299151
|switch|p1a: Armarouge|Armarouge, F|76/100
|move|p2a: Zapdos|Discharge|p1a: Armarouge
|-damage|p1a: Armarouge|45/100
|
|upkeep
|turn|9
|
|t:|1758299159
|move|p2a: Zapdos|Discharge|p1a: Armarouge
|-damage|p1a: Armarouge|14/100
|move|p1a: Armarouge|Energy Ball|p2a: Zapdos
|-resisted|p2a: Zapdos
|-damage|p2a: Zapdos|83/100
|
|upkeep
|turn|10
|
|t:|1758299167
|move|p2a: Zapdos|Discharge|p1a: Armarouge
|-damage|p1a: Armarouge|0 fnt
|faint|p1a: Armarouge
|
|upkeep
|
|t:|1758299170
|switch|p1a: Dudunsparce|Dudunsparce-Three-Segment, M|100/100
|turn|11
|
|t:|1758299176
|move|p2a: Zapdos|Volt Switch|p1a: Dudunsparce
|-damage|p1a: Dudunsparce|73/100
|
|t:|1758299180
|switch|p2a: Great Tusk|Great Tusk|100/100|[from] Volt Switch
|move|p1a: Dudunsparce|Rock Slide|p2a: Great Tusk|[miss]
|-miss|p1a: Dudunsparce|p2a: Great Tusk
|
|upkeep
|turn|12
|
|t:|1758299192
|switch|p1a: Flapple|Flapple, M|100/100
|move|p2a: Great Tusk|Headlong Rush|p1a: Flapple
|-resisted|p1a: Flapple
|-damage|p1a: Flapple|68/100
|-unboost|p2a: Great Tusk|def|1
|-unboost|p2a: Great Tusk|spd|1
|
|upkeep
|turn|13
|
|t:|1758299200
|move|p2a: Great Tusk|Ice Spinner|p1a: Flapple
|-supereffective|p1a: Flapple
|-damage|p1a: Flapple|0 fnt
|faint|p1a: Flapple
|
|upkeep
|
|t:|1758299204
|switch|p1a: Primarina|Primarina, M|80/100
|turn|14
|
|t:|1758299223
|-end|p2a: Great Tusk|Protosynthesis|[silent]
|switch|p2a: Zapdos|Zapdos, shiny|83/100
|move|p1a: Primarina|Hyper Voice|p2a: Zapdos
|-damage|p2a: Zapdos|36/100
|-enditem|p1a: Primarina|Throat Spray
|-boost|p1a: Primarina|spa|1|[from] item: Throat Spray
|
|upkeep
|turn|15
|
|t:|1758299230
|move|p2a: Zapdos|Roost|p2a: Zapdos
|-heal|p2a: Zapdos|86/100
|-singleturn|p2a: Zapdos|move: Roost
|move|p1a: Primarina|Draining Kiss|p2a: Zapdos
|-damage|p2a: Zapdos|41/100
|-heal|p1a: Primarina|100/100|[from] drain|[of] p2a: Zapdos
|
|upkeep
|turn|16
|
|t:|1758299240
|move|p2a: Zapdos|Discharge|p1a: Primarina
|-supereffective|p1a: Primarina
|-damage|p1a: Primarina|46/100
|move|p1a: Primarina|Psychic Noise|p2a: Zapdos
|-damage|p2a: Zapdos|0 fnt
|faint|p2a: Zapdos
|
|upkeep
|
|t:|1758299248
|switch|p2a: Iron Crown|Iron Crown|100/100
|-damage|p2a: Iron Crown|88/100|[from] Spikes
|turn|17
|
|t:|1758299255
|switch|p1a: Dudunsparce|Dudunsparce-Three-Segment, M|73/100
|-terastallize|p2a: Iron Crown|Steel
|move|p2a: Iron Crown|Tachyon Cutter|p1a: Dudunsparce
|-damage|p1a: Dudunsparce|25/100
|-crit|p1a: Dudunsparce
|-damage|p1a: Dudunsparce|0 fnt
|faint|p1a: Dudunsparce
|-hitcount|p1: Dudunsparce|2
|
|upkeep
|
|t:|1758299265
|switch|p1a: Ninetales|Ninetales-Alola, M|100/100
|-weather|Snowscape|[from] ability: Snow Warning|[of] p1a: Ninetales
|turn|18
|
|t:|1758299271
|move|p2a: Iron Crown|Tachyon Cutter|p1a: Ninetales
|-supereffective|p1a: Ninetales
|-damage|p1a: Ninetales|0 fnt
|faint|p1a: Ninetales
|-hitcount|p1: Ninetales|1
|
|-weather|Snowscape|[upkeep]
|upkeep
|
|t:|1758299286
|switch|p1a: Primarina|Primarina, M|46/100
|turn|19
|
|t:|1758299291
|move|p2a: Iron Crown|Tachyon Cutter|p1a: Primarina
|-damage|p1a: Primarina|5/100
|-crit|p1a: Primarina
|-damage|p1a: Primarina|0 fnt
|faint|p1a: Primarina
|-hitcount|p1: Primarina|2
|
|win|LowResse
|raw|flyingacidknight's rating: 1128 &rarr; <strong>1107</strong><br />(-21 for losing)
|raw|LowResse's rating: 1178 &rarr; <strong>1199</strong><br />(+21 for winning)
|l|☆flyingacidknight
|player|p1|
|l|☆LowResse
|player|p2|
