|j|☆Chef Allen
|j|☆god's loving gift
|t:|1758314493
|gametype|singles
|player|p1|Chef Allen|baker|1211
|player|p2|god's loving gift|unknownf|1205
|gen|9
|tier|[Gen 9] OU
|rated|
|rule|HP Percentage Mod: HP is shown in percentages
|rule|Endless Battle Clause: Forcing endless battles is banned
|rule|Species Clause: Limit one of each Pokémon
|rule|OHKO Clause: OHKO moves are banned
|rule|Evasion Items Clause: Evasion items are banned
|rule|Evasion Moves Clause: Evasion moves are banned
|rule|Evasion Abilities Clause: Evasion abilities are banned
|rule|Sleep Moves Clause: Sleep-inducing moves are banned
|clearpoke
|poke|p1|Rotom-Heat|
|poke|p1|Dachsbun, F|
|poke|p1|Alcremie, F|
|poke|p1|Garganacl, M|
|poke|p1|Tatsugiri, M|
|poke|p1|Sinistcha-Masterpiece|
|poke|p2|Iron Valiant|
|poke|p2|Samurott-Hisui, M|
|poke|p2|Pecharunt|
|poke|p2|Ogerpon-Wellspring, F|
|poke|p2|Gholdengo|
|poke|p2|Landorus-Therian, M|
|teampreview
|inactive|Battle timer is ON: inactive players will automatically lose when time's up. (requested by Chef Allen)
|inactive|god's loving gift also wants the timer to be on.
|
|t:|1758314520
|teamsize|p1|6
|teamsize|p2|6
|start
|switch|p1a: The oven|Rotom-Heat|100/100
|switch|p2a: Samurott|Samurott-Hisui, M|100/100
|turn|1
|
|t:|1758314534
|switch|p2a: Landorus|Landorus-Therian, M|100/100
|-ability|p2a: Landorus|Intimidate|boost
|-unboost|p1a: The oven|atk|1
|move|p1a: The oven|Volt Switch|p2a: Landorus
|-immune|p2a: Landorus
|
|upkeep
|turn|2
|
|t:|1758314544
|switch|p1a: Matcha|Sinistcha-Masterpiece|100/100
|move|p2a: Landorus|Stealth Rock|p1a: Matcha
|-sidestart|p1: Chef Allen|move: Stealth Rock
|
|upkeep
|turn|3
|
|t:|1758314553
|move|p2a: Landorus|Stone Edge|p1a: Matcha
|-damage|p1a: Matcha|68/100
|move|p1a: Matcha|Matcha Gotcha|p2a: Landorus
|-damage|p2a: Landorus|43/100
|-heal|p1a: Matcha|94/100|[from] drain|[of] p2a: Landorus
|
|-heal|p1a: Matcha|100/100|[from] item: Leftovers
|upkeep
|turn|4
|
|t:|1758314571
|switch|p2a: Gholdengo|Gholdengo|100/100
|move|p1a: Matcha|Shadow Ball|p2a: Gholdengo
|-supereffective|p2a: Gholdengo
|-crit|p2a: Gholdengo
|-damage|p2a: Gholdengo|0 fnt
|faint|p2a: Gholdengo
|
|upkeep
|
|t:|1758314578
|switch|p2a: Iron Valiant|Iron Valiant|100/100
|turn|5
|
|t:|1758314584
|-terastallize|p2a: Iron Valiant|Ghost
|move|p2a: Iron Valiant|Shadow Ball|p1a: Matcha
|-supereffective|p1a: Matcha
|-damage|p1a: Matcha|0 fnt
|faint|p1a: Matcha
|
|upkeep
|
|t:|1758314593
|switch|p1a: Salt|Garganacl, M|100/100
|-damage|p1a: Salt|88/100|[from] Stealth Rock
|turn|6
|
|t:|1758314607
|-end|p2a: Iron Valiant|Quark Drive|[silent]
|switch|p2a: Ogerpon|Ogerpon-Wellspring, F|100/100
|move|p1a: Salt|Stealth Rock|p2a: Ogerpon
|-sidestart|p2: god's loving gift|move: Stealth Rock
|
|-heal|p1a: Salt|94/100|[from] item: Leftovers
|upkeep
|turn|7
|
|t:|1758314615
|switch|p1a: sushi|Tatsugiri, M|100/100
|move|p2a: Ogerpon|Swords Dance|p2a: Ogerpon
|-boost|p2a: Ogerpon|atk|2
|
|upkeep
|turn|8
|
|t:|1758314626
|-terastallize|p1a: sushi|Fire
|move|p2a: Ogerpon|Horn Leech|p1a: sushi
|-resisted|p1a: sushi
|-damage|p1a: sushi|25/100
|move|p1a: sushi|Rapid Spin|p2a: Ogerpon
|-damage|p2a: Ogerpon|92/100
|-boost|p1a: sushi|spe|1
|-sideend|p1: Chef Allen|Stealth Rock|[from] move: Rapid Spin|[of] p1a: sushi
|
|upkeep
|turn|9
|
|t:|1758314636
|move|p1a: sushi|Dragon Pulse|p2a: Ogerpon
|-damage|p2a: Ogerpon|49/100
|move|p2a: Ogerpon|Horn Leech|p1a: sushi
|-resisted|p1a: sushi
|-damage|p1a: sushi|0 fnt
|-heal|p2a: Ogerpon|62/100|[from] drain|[of] p1a: sushi
|faint|p1a: sushi
|
|upkeep
|
|t:|1758314646
|switch|p1a: The oven|Rotom-Heat|100/100
|turn|10
|
|t:|1758314652
|move|p1a: The oven|Thunderbolt|p2a: Ogerpon
|-damage|p2a: Ogerpon|9/100
|move|p2a: Ogerpon|Ivy Cudgel|p1a: The oven|[anim] Ivy Cudgel Water
|-supereffective|p1a: The oven
|-damage|p1a: The oven|0 fnt
|faint|p1a: The oven
|
|upkeep
|
|t:|1758314659
|switch|p1a: bread|Dachsbun, F|100/100
|turn|11
|
|t:|1758314666
|move|p2a: Ogerpon|Ivy Cudgel|p1a: bread|[anim] Ivy Cudgel Water
|-damage|p1a: bread|0 fnt
|faint|p1a: bread
|
|upkeep
|
|t:|1758314670
|switch|p1a: Whipped cream|Alcremie, F|100/100
|turn|12
|
|t:|1758314676
|move|p2a: Ogerpon|Ivy Cudgel|p1a: Whipped cream|[anim] Ivy Cudgel Water
|-damage|p1a: Whipped cream|0 fnt
|faint|p1a: Whipped cream
|
|upkeep
|
|t:|1758314684
|switch|p1a: Salt|Garganacl, M|94/100
|turn|13
|
|t:|1758314687
|move|p2a: Ogerpon|Horn Leech|p1a: Salt
|-supereffective|p1a: Salt
|-damage|p1a: Salt|0 fnt
|-heal|p2a: Ogerpon|72/100|[from] drain|[of] p1a: Salt
|faint|p1a: Salt
|
|win|god's loving gift
|raw|Chef Allen's rating: 1211 &rarr; <strong>1186</strong><br />(-25 for losing)
|raw|god&apos;s loving gift's rating: 1205 &rarr; <strong>1230</strong><br />(+25 for winning)
|l|☆Chef Allen
|player|p1|
