|j|☆not a gator
|j|☆Popswrong4laughing
|t:|1758250767
|gametype|singles
|player|p1|not a gator|2|1451
|player|p2|Popswrong4laughing|galacticgruntf|1552
|gen|9
|tier|[Gen 9] OU
|rated|
|rule|HP Percentage Mod: HP is shown in percentages
|rule|Endless Battle Clause: Forcing endless battles is banned
|rule|Species Clause: Limit one of each Pokémon
|rule|OHKO Clause: OHKO moves are banned
|rule|Evasion Items Clause: Evasion items are banned
|rule|Evasion Moves Clause: Evasion moves are banned
|rule|Evasion Abilities Clause: Evasion abilities are banned
|rule|Sleep Moves Clause: Sleep-inducing moves are banned
|clearpoke
|poke|p1|Landorus-Therian, M|
|poke|p1|Samurott-Hisui, M|
|poke|p1|Pecharunt|
|poke|p1|Scizor, M|
|poke|p1|Latios, M|
|poke|p1|Zamazenta-*|
|poke|p2|Darkrai|
|poke|p2|Landorus-Therian, M|
|poke|p2|Weezing-Galar, F|
|poke|p2|Alomomola, M|
|poke|p2|Zamazenta-*|
|poke|p2|Gholdengo|
|teampreview
|inactive|Battle timer is ON: inactive players will automatically lose when time's up. (requested by not a gator)
|
|t:|1758250795
|teamsize|p1|6
|teamsize|p2|6
|start
|switch|p1a: Landorus|Landorus-Therian, M|100/100
|switch|p2a: Landorus|Landorus-Therian, M|100/100
|-ability|p2a: Landorus|Intimidate|boost
|-unboost|p1a: Landorus|atk|1
|-ability|p1a: Landorus|Intimidate|boost
|-unboost|p2a: Landorus|atk|1
|turn|1
|
|t:|1758250805
|move|p2a: Landorus|Stealth Rock|p1a: Landorus
|-sidestart|p1: not a gator|move: Stealth Rock
|move|p1a: Landorus|Stealth Rock|p2a: Landorus
|-sidestart|p2: Popswrong4laughing|move: Stealth Rock
|
|upkeep
|turn|2
|
|t:|1758250813
|switch|p2a: Alomomola|Alomomola, M|100/100
|move|p1a: Landorus|Smack Down|p2a: Alomomola
|-damage|p2a: Alomomola|92/100
|
|upkeep
|turn|3
|
|t:|1758250817
|move|p1a: Landorus|U-turn|p2a: Alomomola
|-damage|p2a: Alomomola|81/100
|
|t:|1758250825
|switch|p1a: Pecharunt|Pecharunt|100/100|[from] U-turn
|move|p2a: Alomomola|Flip Turn|p1a: Pecharunt
|-damage|p1a: Pecharunt|91/100
|
|t:|1758250831
|switch|p2a: Gholdengo|Gholdengo|100/100|[from] Flip Turn
|-damage|p2a: Gholdengo|94/100|[from] Stealth Rock
|
|upkeep
|turn|4
|
|t:|1758250848
|move|p2a: Gholdengo|Shadow Ball|p1a: Pecharunt
|-supereffective|p1a: Pecharunt
|-damage|p1a: Pecharunt|5/100
|move|p1a: Pecharunt|Shadow Ball|p2a: Gholdengo
|-supereffective|p2a: Gholdengo
|-damage|p2a: Gholdengo|39/100
|-unboost|p2a: Gholdengo|spd|1
|
|upkeep
|turn|5
|
|t:|1758250869
|switch|p1a: Samurott|Samurott-Hisui, M|100/100
|-damage|p1a: Samurott|88/100|[from] Stealth Rock
|move|p2a: Gholdengo|Shadow Ball|p1a: Samurott
|-resisted|p1a: Samurott
|-damage|p1a: Samurott|67/100
|
|upkeep
|turn|6
|
|t:|1758250882
|switch|p2a: Weezing|Weezing-Galar, F|100/100
|-ability|p2a: Weezing|Neutralizing Gas
|move|p1a: Samurott|Knock Off|p2a: Weezing
|-resisted|p2a: Weezing
|-damage|p2a: Weezing|84/100
|-enditem|p2a: Weezing|Heavy-Duty Boots|[from] move: Knock Off|[of] p1a: Samurott
|
|upkeep
|turn|7
|
|t:|1758250897
|switch|p1a: Landorus|Landorus-Therian, M|100/100
|-damage|p1a: Landorus|88/100|[from] Stealth Rock
|move|p2a: Weezing|Will-O-Wisp|p1a: Landorus
|-status|p1a: Landorus|brn
|
|-damage|p1a: Landorus|82/100 brn|[from] brn
|upkeep
|turn|8
|
|t:|1758250904
|-end|p2a: Weezing|ability: Neutralizing Gas
|-ability|p1a: Landorus|Intimidate|boost
|-unboost|p2a: Weezing|atk|1
|switch|p2a: Alomomola|Alomomola, M|100/100
|move|p1a: Landorus|U-turn|p2a: Alomomola
|-damage|p2a: Alomomola|93/100
|
|t:|1758250908
|switch|p1a: Pecharunt|Pecharunt|5/100|[from] U-turn
|
|upkeep
|turn|9
|
|t:|1758250917
|move|p1a: Pecharunt|Recover|p1a: Pecharunt
|-heal|p1a: Pecharunt|55/100
|move|p2a: Alomomola|Wish|p2a: Alomomola
|
|upkeep
|turn|10
|
|t:|1758250937
|move|p1a: Pecharunt|Recover|p1a: Pecharunt
|-heal|p1a: Pecharunt|100/100
|move|p2a: Alomomola|Flip Turn|p1a: Pecharunt
|-damage|p1a: Pecharunt|91/100
|
|t:|1758250940
|switch|p2a: Gholdengo|Gholdengo|39/100|[from] Flip Turn
|-damage|p2a: Gholdengo|33/100|[from] Stealth Rock
|
|-heal|p2a: Gholdengo|100/100|[from] move: Wish|[wisher] Alomomola
|upkeep
|turn|11
|inactive|not a gator has 120 seconds left.
|
|t:|1758250970
|switch|p1a: Zamazenta|Zamazenta|100/100
|-damage|p1a: Zamazenta|94/100|[from] Stealth Rock
|-ability|p1a: Zamazenta|Dauntless Shield|boost
|-boost|p1a: Zamazenta|def|1
|move|p2a: Gholdengo|Shadow Ball|p1a: Zamazenta
|-damage|p1a: Zamazenta|57/100
|-unboost|p1a: Zamazenta|spd|1
|
|-heal|p1a: Zamazenta|63/100|[from] item: Leftovers
|upkeep
|turn|12
|
|t:|1758250977
|move|p2a: Gholdengo|Shadow Ball|p1a: Zamazenta
|-damage|p1a: Zamazenta|6/100
|move|p1a: Zamazenta|Crunch|p2a: Gholdengo
|-supereffective|p2a: Gholdengo
|-damage|p2a: Gholdengo|54/100
|-unboost|p2a: Gholdengo|def|1
|
|-heal|p1a: Zamazenta|12/100|[from] item: Leftovers
|upkeep
|turn|13
|
|t:|1758250982
|move|p2a: Gholdengo|Shadow Ball|p1a: Zamazenta
|-damage|p1a: Zamazenta|0 fnt
|faint|p1a: Zamazenta
|
|upkeep
|
|t:|1758250990
|switch|p1a: Pecharunt|Pecharunt|91/100
|turn|14
|
|t:|1758250997
|switch|p2a: Alomomola|Alomomola, M|100/100
|move|p1a: Pecharunt|Shadow Ball|p2a: Alomomola
|-damage|p2a: Alomomola|81/100
|
|upkeep
|turn|15
|
|t:|1758250999
|move|p1a: Pecharunt|Malignant Chain|p2a: Alomomola
|-damage|p2a: Alomomola|57/100
|move|p2a: Alomomola|Wish|p2a: Alomomola
|
|upkeep
|turn|16
|
|t:|1758251003
|move|p1a: Pecharunt|Shadow Ball|p2a: Alomomola
|-damage|p2a: Alomomola|39/100
|move|p2a: Alomomola|Flip Turn|p1a: Pecharunt
|-damage|p1a: Pecharunt|81/100
|
|t:|1758251006
|switch|p2a: Gholdengo|Gholdengo|54/100|[from] Flip Turn
|-damage|p2a: Gholdengo|48/100|[from] Stealth Rock
|
|-heal|p2a: Gholdengo|100/100|[from] move: Wish|[wisher] Alomomola
|upkeep
|turn|17
|
|t:|1758251015
|move|p2a: Gholdengo|Shadow Ball|p1a: Pecharunt
|-supereffective|p1a: Pecharunt
|-damage|p1a: Pecharunt|0 fnt
|faint|p1a: Pecharunt
|
|upkeep
|
|t:|1758251018
|switch|p1a: Latios|Latios, M|100/100
|-damage|p1a: Latios|88/100|[from] Stealth Rock
|turn|18
|
|t:|1758251022
|-terastallize|p1a: Latios|Steel
|move|p2a: Gholdengo|Shadow Ball|p1a: Latios
|-crit|p1a: Latios
|-damage|p1a: Latios|27/100
|move|p1a: Latios|Calm Mind|p1a: Latios
|-boost|p1a: Latios|spa|1
|-boost|p1a: Latios|spd|1
|
|upkeep
|turn|19
|-message|not a gator forfeited.
|
|win|Popswrong4laughing
|raw|not a gator's rating: 1451 &rarr; <strong>1437</strong><br />(-14 for losing)
|raw|Popswrong4laughing's rating: 1552 &rarr; <strong>1566</strong><br />(+14 for winning)
|l|☆not a gator
|player|p1|
