|j|☆taywimz
|j|‽malk tyme
|t:|1758293320
|gametype|singles
|player|p1|taywimz|roxie|1521
|player|p2|malk tyme|2|1560
|gen|9
|tier|[Gen 9] OU
|rated|
|rule|HP Percentage Mod: HP is shown in percentages
|rule|Endless Battle Clause: Forcing endless battles is banned
|rule|Species Clause: Limit one of each Pokémon
|rule|OHKO Clause: OHKO moves are banned
|rule|Evasion Items Clause: Evasion items are banned
|rule|Evasion Moves Clause: Evasion moves are banned
|rule|Evasion Abilities Clause: Evasion abilities are banned
|rule|Sleep Moves Clause: Sleep-inducing moves are banned
|clearpoke
|poke|p1|Dragonite, M|
|poke|p1|Gholdengo|
|poke|p1|Iron Treads|
|poke|p1|Quaquaval, F|
|poke|p1|Slowking-Galar, M|
|poke|p1|Ting-Lu|
|poke|p2|Golem, M|
|poke|p2|Clawitzer, F|
|poke|p2|Cinderace, F|
|poke|p2|Zapdos|
|poke|p2|Clefable, F|
|poke|p2|Tinkaton, F|
|teampreview
|
|t:|1758293362
|teamsize|p1|6
|teamsize|p2|6
|start
|switch|p1a: Iron Treads|Iron Treads|100/100
|switch|p2a: Clawitzer|Clawitzer, F|100/100
|turn|1
|inactive|Battle timer is ON: inactive players will automatically lose when time's up. (requested by taywimz)
|
|t:|1758293403
|move|p1a: Iron Treads|Stealth Rock|p2a: Clawitzer
|-sidestart|p2: malk tyme|move: Stealth Rock
|move|p2a: Clawitzer|Hydro Pump|p1a: Iron Treads
|-supereffective|p1a: Iron Treads
|-damage|p1a: Iron Treads|0 fnt
|faint|p1a: Iron Treads
|-end|p1a: Iron Treads|Quark Drive|[silent]
|
|upkeep
|inactive|taywimz has 120 seconds left.
|
|t:|1758293438
|switch|p1a: Slowking|Slowking-Galar, M, shiny|100/100
|turn|2
|inactive|malk tyme has 120 seconds left.
|
|t:|1758293471
|move|p2a: Clawitzer|Dark Pulse|p1a: Slowking
|-supereffective|p1a: Slowking
|-damage|p1a: Slowking|37/100
|move|p1a: Slowking|Future Sight|p2a: Clawitzer
|-start|p1a: Slowking|move: Future Sight
|
|upkeep
|turn|3
|
|t:|1758293497
|switch|p1a: Ting-Lu|Ting-Lu, shiny|100/100
|-ability|p1a: Ting-Lu|Vessel of Ruin
|move|p2a: Clawitzer|Hydro Pump|p1a: Ting-Lu
|-supereffective|p1a: Ting-Lu
|-damage|p1a: Ting-Lu|54/100
|
|-heal|p1a: Ting-Lu|60/100|[from] item: Leftovers
|upkeep
|turn|4
|
|t:|1758293507
|switch|p2a: Zapdos|Zapdos|100/100
|move|p1a: Ting-Lu|Ruination|p2a: Zapdos
|-damage|p2a: Zapdos|50/100
|
|-end|p2a: Zapdos|move: Future Sight
|-damage|p2a: Zapdos|17/100
|-heal|p1a: Ting-Lu|66/100|[from] item: Leftovers
|upkeep
|turn|5
|inactive|taywimz has 120 seconds left.
|
|t:|1758293525
|move|p2a: Zapdos|Hurricane|p1a: Ting-Lu
|-damage|p1a: Ting-Lu|48/100
|move|p1a: Ting-Lu|Whirlwind|p2a: Zapdos
|drag|p2a: Cinderace|Cinderace, F|100/100
|
|-heal|p1a: Ting-Lu|55/100|[from] item: Leftovers
|upkeep
|turn|6
|inactive|taywimz has 120 seconds left.
|inactive|malk tyme has 120 seconds left.
|inactive|malk tyme has 90 seconds left.
|inactive|malk tyme has 60 seconds left.
|
|t:|1758293619
|move|p2a: Cinderace|Low Kick|p1a: Ting-Lu
|-start|p2a: Cinderace|typechange|Fighting|[from] ability: Libero
|-supereffective|p1a: Ting-Lu
|-damage|p1a: Ting-Lu|0 fnt
|faint|p1a: Ting-Lu
|
|upkeep
|inactive|taywimz has 90 seconds left.
|
|t:|1758293653
|switch|p1a: Slowking|Slowking-Galar, M, shiny|70/100
|turn|7
|
|t:|1758293666
|switch|p2a: Tinkaton|Tinkaton, F|100/100
|-ability|p2a: Tinkaton|Mold Breaker
|move|p1a: Slowking|Future Sight|p2a: Tinkaton
|-start|p1a: Slowking|move: Future Sight
|
|upkeep
|turn|8
|
|t:|1758293673
|move|p2a: Tinkaton|Swords Dance|p2a: Tinkaton
|-boost|p2a: Tinkaton|atk|2
|-prepare|p1a: Slowking|Chilly Reception|[premajor]
|move|p1a: Slowking|Chilly Reception|p1a: Slowking
|-weather|Snowscape
|inactive|taywimz has 90 seconds left.
|
|t:|1758293703
|switch|p1a: Gholdengo|Gholdengo, shiny|100/100|[from] Chilly Reception
|
|-weather|Snowscape|[upkeep]
|upkeep
|turn|9
|
|t:|1758293719
|move|p1a: Gholdengo|Trick|p2a: Tinkaton
|-activate|p1a: Gholdengo|move: Trick|[of] p2a: Tinkaton
|-item|p2a: Tinkaton|Choice Scarf|[from] move: Trick
|-item|p1a: Gholdengo|Heavy-Duty Boots|[from] move: Trick
|move|p2a: Tinkaton|Gigaton Hammer|p1a: Gholdengo
|-resisted|p1a: Gholdengo
|-damage|p1a: Gholdengo|40/100
|
|-weather|Snowscape|[upkeep]
|-end|p2a: Tinkaton|move: Future Sight
|-resisted|p2a: Tinkaton
|-crit|p2a: Tinkaton
|-damage|p2a: Tinkaton|67/100
|upkeep
|turn|10
|inactive|malk tyme has 90 seconds left.
|
|t:|1758293735
|-activate|p2a: Tinkaton|move: Struggle
|move|p2a: Tinkaton|Struggle|p1a: Gholdengo
|-damage|p1a: Gholdengo|10/100
|-damage|p2a: Tinkaton|42/100|[from] recoil
|move|p1a: Gholdengo|Shadow Ball|p2a: Tinkaton
|-damage|p2a: Tinkaton|0 fnt
|faint|p2a: Tinkaton
|
|-weather|Snowscape|[upkeep]
|upkeep
|inactive|malk tyme has 90 seconds left.
|
|t:|1758293744
|switch|p2a: Cinderace|Cinderace, F|100/100
|turn|11
|
|t:|1758293752
|move|p2a: Cinderace|Court Change|p2a: Cinderace
|-start|p2a: Cinderace|typechange|Normal|[from] ability: Libero
|-swapsideconditions
|-activate|p2a: Cinderace|move: Court Change
|move|p1a: Gholdengo|Shadow Ball|p2a: Cinderace
|-immune|p2a: Cinderace
|
|-weather|Snowscape|[upkeep]
|upkeep
|turn|12
|
|t:|1758293761
|move|p2a: Cinderace|Pyro Ball|p1a: Gholdengo
|-supereffective|p1a: Gholdengo
|-damage|p1a: Gholdengo|0 fnt
|faint|p1a: Gholdengo
|
|-weather|none
|upkeep
|inactive|taywimz has 60 seconds left.
|
|t:|1758293792
|switch|p1a: Dragonite|Dragonite, M, shiny|100/100
|turn|13
|
|t:|1758293799
|switch|p2a: Zapdos|Zapdos|17/100
|move|p1a: Dragonite|Dragon Dance|p1a: Dragonite
|-boost|p1a: Dragonite|atk|1
|-boost|p1a: Dragonite|spe|1
|
|upkeep
|turn|14
|inactive|taywimz has 60 seconds left.
|
|t:|1758293820
|move|p1a: Dragonite|Dragon Dance|p1a: Dragonite
|-boost|p1a: Dragonite|atk|1
|-boost|p1a: Dragonite|spe|1
|move|p2a: Zapdos|Discharge|p1a: Dragonite
|-damage|p1a: Dragonite|85/100
|
|upkeep
|turn|15
|inactive|taywimz has 60 seconds left.
|
|t:|1758293830
|move|p1a: Dragonite|Extreme Speed|p2a: Zapdos
|-damage|p2a: Zapdos|0 fnt
|-status|p1a: Dragonite|par|[from] ability: Static|[of] p2a: Zapdos
|faint|p2a: Zapdos
|
|upkeep
|
|t:|1758293837
|switch|p2a: Clefable|Clefable, F|100/100
|turn|16
|inactive|taywimz has 60 seconds left.
|
|t:|1758293857
|-terastallize|p1a: Dragonite|Normal
|move|p1a: Dragonite|Extreme Speed|p2a: Clefable
|-damage|p2a: Clefable|56/100
|move|p2a: Clefable|Moonblast|p1a: Dragonite
|-damage|p1a: Dragonite|56/100 par
|
|-heal|p2a: Clefable|62/100|[from] item: Leftovers
|upkeep
|turn|17
|inactive|taywimz has 60 seconds left.
|
|t:|1758293868
|move|p1a: Dragonite|Earthquake|p2a: Clefable
|-damage|p2a: Clefable|27/100
|move|p2a: Clefable|Moonlight|p2a: Clefable
|-heal|p2a: Clefable|77/100
|
|-heal|p2a: Clefable|83/100|[from] item: Leftovers
|upkeep
|turn|18
|
|t:|1758293877
|move|p1a: Dragonite|Roost|p1a: Dragonite
|-heal|p1a: Dragonite|100/100 par
|move|p2a: Clefable|Cosmic Power|p2a: Clefable
|-boost|p2a: Clefable|def|1
|-boost|p2a: Clefable|spd|1
|
|-heal|p2a: Clefable|90/100|[from] item: Leftovers
|upkeep
|turn|19
|
|t:|1758293886
|move|p1a: Dragonite|Dragon Dance|p1a: Dragonite
|-boost|p1a: Dragonite|atk|1
|-boost|p1a: Dragonite|spe|1
|move|p2a: Clefable|Moonblast|p1a: Dragonite
|-damage|p1a: Dragonite|86/100 par
|
|-heal|p2a: Clefable|96/100|[from] item: Leftovers
|upkeep
|turn|20
|
|t:|1758293897
|move|p1a: Dragonite|Extreme Speed|p2a: Clefable
|-damage|p2a: Clefable|70/100
|move|p2a: Clefable|Cosmic Power|p2a: Clefable
|-boost|p2a: Clefable|def|1
|-boost|p2a: Clefable|spd|1
|
|-heal|p2a: Clefable|76/100|[from] item: Leftovers
|upkeep
|turn|21
|
|t:|1758293906
|switch|p1a: Slowking|Slowking-Galar, M, shiny|100/100
|-damage|p1a: Slowking|88/100|[from] Stealth Rock
|move|p2a: Clefable|Cosmic Power|p2a: Clefable
|-boost|p2a: Clefable|def|1
|-boost|p2a: Clefable|spd|1
|
|-heal|p2a: Clefable|82/100|[from] item: Leftovers
|upkeep
|turn|22
|
|t:|1758293916
|switch|p2a: Golem|Golem, M|100/100
|move|p1a: Slowking|Sludge Bomb|p2a: Golem
|-resisted|p2a: Golem
|-damage|p2a: Golem|87/100
|-status|p2a: Golem|psn
|
|-damage|p2a: Golem|75/100 psn|[from] psn
|upkeep
|turn|23
|
|t:|1758293928
|move|p2a: Golem|Earthquake|p1a: Slowking
|-supereffective|p1a: Slowking
|-enditem|p1a: Slowking|Shuca Berry|[eat]
|-enditem|p1a: Slowking|Shuca Berry|[weaken]
|-damage|p1a: Slowking|34/100
|-prepare|p1a: Slowking|Chilly Reception|[premajor]
|move|p1a: Slowking|Chilly Reception|p1a: Slowking
|-weather|Snowscape
|
|t:|1758293937
|switch|p1a: Quaquaval|Quaquaval, F, shiny|100/100|[from] Chilly Reception
|-damage|p1a: Quaquaval|94/100|[from] Stealth Rock
|
|-weather|Snowscape|[upkeep]
|-damage|p2a: Golem|63/100 psn|[from] psn
|upkeep
|turn|24
|inactive|taywimz has 60 seconds left.
|
|t:|1758293967
|switch|p2a: Clawitzer|Clawitzer, F|100/100
|move|p1a: Quaquaval|Wave Crash|p2a: Clawitzer
|-resisted|p2a: Clawitzer
|-damage|p2a: Clawitzer|70/100
|-damage|p1a: Quaquaval|83/100|[from] Recoil
|
|-weather|Snowscape|[upkeep]
|upkeep
|turn|25
|inactive|taywimz has 60 seconds left.
|
|t:|1758293979
|switch|p1a: Slowking|Slowking-Galar, M, shiny|67/100
|-damage|p1a: Slowking|55/100|[from] Stealth Rock
|move|p2a: Clawitzer|Dragon Pulse|p1a: Slowking
|-damage|p1a: Slowking|21/100
|
|-weather|Snowscape|[upkeep]
|upkeep
|turn|26
|inactive|taywimz has 60 seconds left.
|
|t:|1758293992
|move|p2a: Clawitzer|Dragon Pulse|p1a: Slowking
|-damage|p1a: Slowking|0 fnt
|faint|p1a: Slowking
|
|-weather|Snowscape|[upkeep]
|upkeep
|
|t:|1758294000
|switch|p1a: Quaquaval|Quaquaval, F, shiny|83/100
|-damage|p1a: Quaquaval|77/100|[from] Stealth Rock
|turn|27
|
|t:|1758294006
|move|p1a: Quaquaval|Close Combat|p2a: Clawitzer
|-damage|p2a: Clawitzer|3/100
|-unboost|p1a: Quaquaval|def|1
|-unboost|p1a: Quaquaval|spd|1
|move|p2a: Clawitzer|Hydro Pump|p1a: Quaquaval
|-resisted|p1a: Quaquaval
|-damage|p1a: Quaquaval|17/100
|
|-weather|none
|upkeep
|turn|28
|
|t:|1758294016
|move|p1a: Quaquaval|Close Combat|p2a: Clawitzer
|-damage|p2a: Clawitzer|0 fnt
|-unboost|p1a: Quaquaval|def|1
|-unboost|p1a: Quaquaval|spd|1
|faint|p2a: Clawitzer
|-ability|p1a: Quaquaval|Moxie|boost
|-boost|p1a: Quaquaval|atk|1
|
|upkeep
|
|t:|1758294021
|switch|p2a: Cinderace|Cinderace, F|100/100
|turn|29
|
|t:|1758294029
|move|p1a: Quaquaval|Close Combat|p2a: Cinderace
|-damage|p2a: Cinderace|0 fnt
|-unboost|p1a: Quaquaval|def|1
|-unboost|p1a: Quaquaval|spd|1
|faint|p2a: Cinderace
|-ability|p1a: Quaquaval|Moxie|boost
|-boost|p1a: Quaquaval|atk|1
|
|upkeep
|
|t:|1758294036
|switch|p2a: Clefable|Clefable, F|82/100
|turn|30
|
|t:|1758294039
|move|p1a: Quaquaval|Close Combat|p2a: Clefable
|-resisted|p2a: Clefable
|-damage|p2a: Clefable|58/100
|-unboost|p1a: Quaquaval|def|1
|-unboost|p1a: Quaquaval|spd|1
|move|p2a: Clefable|Cosmic Power|p2a: Clefable
|-boost|p2a: Clefable|def|1
|-boost|p2a: Clefable|spd|1
|
|-heal|p2a: Clefable|64/100|[from] item: Leftovers
|upkeep
|turn|31
|inactive|taywimz has 90 seconds left.
|
|t:|1758294071
|move|p1a: Quaquaval|Close Combat|p2a: Clefable
|-resisted|p2a: Clefable
|-damage|p2a: Clefable|45/100
|-unboost|p1a: Quaquaval|def|1
|-unboost|p1a: Quaquaval|spd|1
|move|p2a: Clefable|Moonblast|p1a: Quaquaval
|-supereffective|p1a: Quaquaval
|-damage|p1a: Quaquaval|0 fnt
|faint|p1a: Quaquaval
|
|-heal|p2a: Clefable|51/100|[from] item: Leftovers
|upkeep
|
|t:|1758294084
|switch|p1a: Dragonite|Dragonite, M, shiny, tera:Normal|86/100 par
|turn|32
|
|t:|1758294089
|switch|p2a: Golem|Golem, M|63/100 psn
|cant|p1a: Dragonite|par
|
|-damage|p2a: Golem|50/100 psn|[from] psn
|upkeep
|turn|33
|
|t:|1758294097
|move|p2a: Golem|Earthquake|p1a: Dragonite
|-damage|p1a: Dragonite|9/100 par
|cant|p1a: Dragonite|par
|
|-damage|p2a: Golem|38/100 psn|[from] psn
|upkeep
|turn|34
|
|t:|1758294105
|move|p2a: Golem|Earthquake|p1a: Dragonite
|-damage|p1a: Dragonite|0 fnt
|faint|p1a: Dragonite
|
|win|malk tyme
|raw|taywimz's rating: 1521 &rarr; <strong>1503</strong><br />(-18 for losing)
|raw|malk tyme's rating: 1560 &rarr; <strong>1578</strong><br />(+18 for winning)
|l|☆taywimz
|player|p1|
|l|‽malk tyme
|player|p2|
