|j|☆mattcoolcat98
|j|☆AllegianceIs2UrMom
|t:|1758318504
|gametype|singles
|player|p1|mattcoolcat98|101|1581
|player|p2|AllegianceIs2UrMom|170|1558
|gen|9
|tier|[Gen 9] OU
|rated|
|rule|HP Percentage Mod: HP is shown in percentages
|rule|Endless Battle Clause: Forcing endless battles is banned
|rule|Species Clause: Limit one of each Pokémon
|rule|OHKO Clause: OHKO moves are banned
|rule|Evasion Items Clause: Evasion items are banned
|rule|Evasion Moves Clause: Evasion moves are banned
|rule|Evasion Abilities Clause: Evasion abilities are banned
|rule|Sleep Moves Clause: Sleep-inducing moves are banned
|clearpoke
|poke|p1|Pelipper, F|
|poke|p1|Hatterene, F|
|poke|p1|Iron Treads|
|poke|p1|Toxicroak, F|
|poke|p1|Barraskewda, F|
|poke|p1|Zapdos|
|poke|p2|Metagross|
|poke|p2|Hatterene, F|
|poke|p2|Iron Hands|
|poke|p2|Toedscruel, M|
|poke|p2|Pelipper, F|
|poke|p2|Ursaluna, M|
|teampreview
|inactive|Battle timer is ON: inactive players will automatically lose when time's up. (requested by mattcoolcat98)
|
|t:|1758318543
|teamsize|p1|6
|teamsize|p2|6
|start
|switch|p1a: Pelipper|Pelipper, F|100/100
|switch|p2a: Iron Hands|Iron Hands|100/100
|-weather|RainDance|[from] ability: Drizzle|[of] p1a: Pelipper
|turn|1
|
|t:|1758318556
|switch|p1a: Hatterene|Hatterene, F|100/100
|move|p2a: Iron Hands|Swords Dance|p2a: Iron Hands
|-boost|p2a: Iron Hands|atk|2
|
|-weather|RainDance|[upkeep]
|upkeep
|turn|2
|
|t:|1758318561
|move|p1a: Hatterene|Psychic Noise|p2a: Iron Hands
|-supereffective|p2a: Iron Hands
|-damage|p2a: Iron Hands|43/100
|-start|p2a: Iron Hands|move: Heal Block
|move|p2a: Iron Hands|Supercell Slam|p1a: Hatterene
|-damage|p1a: Hatterene|4/100
|-enditem|p1a: Hatterene|Eject Button
|
|t:|1758318570
|switch|p1a: Barraskewda|Barraskewda, F|100/100
|
|-weather|RainDance|[upkeep]
|upkeep
|turn|3
|
|t:|1758318576
|-end|p2a: Iron Hands|Quark Drive|[silent]
|switch|p2a: Metagross|Metagross|100/100
|-terastallize|p1a: Barraskewda|Water
|move|p1a: Barraskewda|Flip Turn|p2a: Metagross
|-damage|p2a: Metagross|24/100
|
|t:|1758318580
|switch|p1a: Zapdos|Zapdos|100/100|[from] Flip Turn
|
|-weather|RainDance|[upkeep]
|upkeep
|turn|4
|
|t:|1758318587
|switch|p2a: Toedscruel|Toedscruel, M|100/100
|move|p1a: Zapdos|Hurricane|p2a: Toedscruel
|-supereffective|p2a: Toedscruel
|-damage|p2a: Toedscruel|3/100
|
|-weather|RainDance|[upkeep]
|-heal|p2a: Toedscruel|9/100|[from] item: Leftovers
|upkeep
|turn|5
|
|t:|1758318600
|switch|p1a: Hatterene|Hatterene, F|4/100
|move|p2a: Toedscruel|Trick Room|p2a: Toedscruel
|-fieldstart|move: Trick Room|[of] p2a: Toedscruel
|
|-weather|RainDance|[upkeep]
|-heal|p2a: Toedscruel|15/100|[from] item: Leftovers
|upkeep
|turn|6
|
|t:|1758318613
|switch|p2a: Pelipper|Pelipper, F|100/100
|move|p1a: Hatterene|Psychic Noise|p2a: Pelipper
|-damage|p2a: Pelipper|56/100
|-start|p2a: Pelipper|move: Heal Block
|
|-weather|RainDance|[upkeep]
|upkeep
|turn|7
|
|t:|1758318625
|move|p2a: Pelipper|Hurricane|p1a: Hatterene
|-damage|p1a: Hatterene|0 fnt
|faint|p1a: Hatterene
|
|-weather|RainDance|[upkeep]
|-end|p2a: Pelipper|move: Heal Block
|upkeep
|
|t:|1758318644
|switch|p1a: Pelipper|Pelipper, F|100/100
|turn|8
|
|t:|1758318653
|move|p1a: Pelipper|Roost||[still]
|-fail|p1a: Pelipper|heal
|move|p2a: Pelipper|Hurricane|p1a: Pelipper
|-damage|p1a: Pelipper|53/100
|
|-weather|none
|upkeep
|turn|9
|
|t:|1758318659
|move|p1a: Pelipper|Roost|p1a: Pelipper
|-heal|p1a: Pelipper|100/100
|-singleturn|p1a: Pelipper|move: Roost
|move|p2a: Pelipper|Hurricane|p1a: Pelipper
|-damage|p1a: Pelipper|49/100
|
|-fieldend|move: Trick Room
|upkeep
|turn|10
|
|t:|1758318670
|switch|p1a: Iron Treads|Iron Treads|100/100
|switch|p2a: Hatterene|Hatterene, F|100/100
|
|upkeep
|turn|11
|
|t:|1758318675
|move|p1a: Iron Treads|Earthquake|p2a: Hatterene
|-damage|p2a: Hatterene|70/100
|move|p2a: Hatterene|Trick Room|p2a: Hatterene
|-fieldstart|move: Trick Room|[of] p2a: Hatterene
|
|-heal|p2a: Hatterene|76/100|[from] item: Leftovers
|upkeep
|turn|12
|
|t:|1758318682
|switch|p2a: Pelipper|Pelipper, F|56/100
|-weather|RainDance|[from] ability: Drizzle|[of] p2a: Pelipper
|-end|p1a: Iron Treads|Quark Drive|[silent]
|switch|p1a: Pelipper|Pelipper, F|49/100
|
|-weather|RainDance|[upkeep]
|upkeep
|turn|13
|
|t:|1758318688
|move|p1a: Pelipper|Roost|p1a: Pelipper
|-heal|p1a: Pelipper|99/100
|-singleturn|p1a: Pelipper|move: Roost
|move|p2a: Pelipper|Weather Ball|p1a: Pelipper
|-resisted|p1a: Pelipper
|-damage|p1a: Pelipper|59/100
|
|-weather|RainDance|[upkeep]
|upkeep
|turn|14
|
|t:|1758318695
|move|p2a: Pelipper|Weather Ball|p1a: Pelipper
|-resisted|p1a: Pelipper
|-damage|p1a: Pelipper|20/100
|move|p1a: Pelipper|Hurricane|p2a: Pelipper
|-damage|p2a: Pelipper|8/100
|-start|p2a: Pelipper|confusion
|
|-weather|RainDance|[upkeep]
|upkeep
|turn|15
|
|t:|1758318702
|-activate|p2a: Pelipper|confusion
|move|p2a: Pelipper|Weather Ball|p1a: Pelipper
|-resisted|p1a: Pelipper
|-damage|p1a: Pelipper|0 fnt
|faint|p1a: Pelipper
|
|-weather|RainDance|[upkeep]
|-fieldend|move: Trick Room
|upkeep
|
|t:|1758318707
|switch|p1a: Barraskewda|Barraskewda, F, tera:Water|100/100
|turn|16
|
|t:|1758318711
|move|p1a: Barraskewda|Liquidation|p2a: Pelipper
|-resisted|p2a: Pelipper
|-damage|p2a: Pelipper|0 fnt
|faint|p2a: Pelipper
|
|-weather|none
|upkeep
|
|t:|1758318719
|switch|p2a: Hatterene|Hatterene, F|76/100
|turn|17
|
|t:|1758318735
|-terastallize|p2a: Hatterene|Water
|move|p1a: Barraskewda|Liquidation|p2a: Hatterene
|-resisted|p2a: Hatterene
|-damage|p2a: Hatterene|38/100
|-unboost|p2a: Hatterene|def|1
|move|p2a: Hatterene|Trick Room|p2a: Hatterene
|-fieldstart|move: Trick Room|[of] p2a: Hatterene
|
|-heal|p2a: Hatterene|44/100|[from] item: Leftovers
|upkeep
|turn|18
|
|t:|1758318744
|switch|p1a: Iron Treads|Iron Treads|100/100
|move|p2a: Hatterene|Healing Wish|p2a: Hatterene
|faint|p2a: Hatterene
|
|upkeep
|
|t:|1758318750
|switch|p2a: Iron Hands|Iron Hands|43/100
|-heal|p2a: Iron Hands|100/100|[from] move: Healing Wish
|turn|19
|
|t:|1758318755
|-end|p1a: Iron Treads|Quark Drive|[silent]
|switch|p1a: Toxicroak|Toxicroak, F|100/100
|move|p2a: Iron Hands|Swords Dance|p2a: Iron Hands
|-boost|p2a: Iron Hands|atk|2
|
|upkeep
|turn|20
|
|t:|1758318762
|move|p2a: Iron Hands|Supercell Slam|p1a: Toxicroak
|-damage|p1a: Toxicroak|0 fnt
|-damage|p2a: Iron Hands|84/100|[from] item: Rocky Helmet|[of] p1a: Toxicroak
|faint|p1a: Toxicroak
|
|-heal|p2a: Iron Hands|90/100|[from] item: Leftovers
|upkeep
|
|t:|1758318776
|switch|p1a: Zapdos|Zapdos|100/100
|turn|21
|inactive|AllegianceIs2UrMom has 120 seconds left.
|
|t:|1758318815
|switch|p1a: Barraskewda|Barraskewda, F, tera:Water|100/100
|move|p2a: Iron Hands|Ice Punch|p1a: Barraskewda
|-resisted|p1a: Barraskewda
|-damage|p1a: Barraskewda|48/100
|
|-heal|p2a: Iron Hands|96/100|[from] item: Leftovers
|-fieldend|move: Trick Room
|upkeep
|turn|22
|inactive|AllegianceIs2UrMom has 120 seconds left.
|
|t:|1758318826
|move|p1a: Barraskewda|Flip Turn|p2a: Iron Hands
|-damage|p2a: Iron Hands|57/100
|
|t:|1758318831
|switch|p1a: Iron Treads|Iron Treads|100/100|[from] Flip Turn
|move|p2a: Iron Hands|Drain Punch|p1a: Iron Treads
|-supereffective|p1a: Iron Treads
|-damage|p1a: Iron Treads|0 fnt
|-heal|p2a: Iron Hands|94/100|[from] drain|[of] p1a: Iron Treads
|faint|p1a: Iron Treads
|-end|p1a: Iron Treads|Quark Drive|[silent]
|
|-heal|p2a: Iron Hands|100/100|[from] item: Leftovers
|upkeep
|
|t:|1758318837
|switch|p1a: Zapdos|Zapdos|100/100
|turn|23
|inactive|AllegianceIs2UrMom has 120 seconds left.
|
|t:|1758318864
|-end|p2a: Iron Hands|Quark Drive|[silent]
|switch|p2a: Metagross|Metagross|24/100
|move|p1a: Zapdos|Hurricane|p2a: Metagross
|-resisted|p2a: Metagross
|-damage|p2a: Metagross|0 fnt
|faint|p2a: Metagross
|
|upkeep
|
|t:|1758318877
|switch|p2a: Toedscruel|Toedscruel, M|15/100
|turn|24
|
|t:|1758318883
|move|p1a: Zapdos|Hurricane|p2a: Toedscruel
|-supereffective|p2a: Toedscruel
|-damage|p2a: Toedscruel|0 fnt
|faint|p2a: Toedscruel
|
|upkeep
|
|t:|1758318888
|switch|p2a: Ursaluna|Ursaluna, M|100/100
|turn|25
|
|t:|1758318894
|move|p1a: Zapdos|Hurricane|p2a: Ursaluna
|-damage|p2a: Ursaluna|36/100
|move|p2a: Ursaluna|Facade|p1a: Zapdos
|-damage|p1a: Zapdos|53/100
|
|-status|p2a: Ursaluna|brn|[from] item: Flame Orb
|upkeep
|turn|26
|
|t:|1758318902
|move|p1a: Zapdos|Hurricane|p2a: Ursaluna
|-damage|p2a: Ursaluna|0 fnt
|faint|p2a: Ursaluna
|
|upkeep
|
|t:|1758318905
|switch|p2a: Iron Hands|Iron Hands|100/100
|turn|27
|
|t:|1758318908
|move|p1a: Zapdos|Hurricane|p2a: Iron Hands
|-damage|p2a: Iron Hands|25/100
|-start|p2a: Iron Hands|confusion
|-activate|p2a: Iron Hands|confusion
|move|p2a: Iron Hands|Ice Punch|p1a: Zapdos
|-supereffective|p1a: Zapdos
|-damage|p1a: Zapdos|0 fnt
|faint|p1a: Zapdos
|
|-heal|p2a: Iron Hands|31/100|[from] item: Leftovers
|upkeep
|c|☆mattcoolcat98|insane luck
|
|t:|1758318919
|switch|p1a: Barraskewda|Barraskewda, F, tera:Water|48/100
|turn|28
|
|t:|1758318923
|move|p1a: Barraskewda|Liquidation|p2a: Iron Hands
|-damage|p2a: Iron Hands|0 fnt
|faint|p2a: Iron Hands
|-end|p2a: Iron Hands|Quark Drive|[silent]
|
|win|mattcoolcat98
|raw|mattcoolcat98's rating: 1581 &rarr; <strong>1600</strong><br />(+19 for winning)
|raw|AllegianceIs2UrMom's rating: 1558 &rarr; <strong>1539</strong><br />(-19 for losing)
|l|☆AllegianceIs2UrMom
|player|p2|
|l|☆mattcoolcat98
|player|p1|
