|j|☆loweloenamorao
|j|☆hewstonisgay
|t:|1758356841
|gametype|singles
|player|p1|loweloenamorao|169|1160
|player|p2|hewstonisgay|265|1219
|gen|9
|tier|[Gen 9] OU
|rated|
|rule|HP Percentage Mod: HP is shown in percentages
|rule|Endless Battle Clause: Forcing endless battles is banned
|rule|Species Clause: Limit one of each Pokémon
|rule|OHKO Clause: OHKO moves are banned
|rule|Evasion Items Clause: Evasion items are banned
|rule|Evasion Moves Clause: Evasion moves are banned
|rule|Evasion Abilities Clause: Evasion abilities are banned
|rule|Sleep Moves Clause: Sleep-inducing moves are banned
|clearpoke
|poke|p1|Floatzel, M|
|poke|p1|Raging Bolt|
|poke|p1|Pelipper, M|
|poke|p1|Ogerpon-Wellspring, F|
|poke|p1|Kingambit, F|
|poke|p1|Weezing-Galar, M|
|poke|p2|Zamazenta-*|
|poke|p2|Dragapult, M|
|poke|p2|Ogerpon-Wellspring, F|
|poke|p2|Gliscor, F|
|poke|p2|Iron Moth|
|poke|p2|Scizor, F|
|teampreview
|inactive|Battle timer is ON: inactive players will automatically lose when time's up. (requested by loweloenamorao)
|
|t:|1758356848
|teamsize|p1|6
|teamsize|p2|6
|start
|switch|p1a: Abascal|Ogerpon-Wellspring, F|100/100
|switch|p2a: Ogerpon|Ogerpon-Wellspring, F|100/100
|turn|1
|
|t:|1758356855
|move|p1a: Abascal|U-turn|p2a: Ogerpon
|-supereffective|p2a: Ogerpon
|-damage|p2a: Ogerpon|22/100
|
|t:|1758356858
|switch|p1a: Bertrand Ndongo|Pelipper, M|100/100|[from] U-turn
|-weather|RainDance|[from] ability: Drizzle|[of] p1a: Bertrand Ndongo
|move|p2a: Ogerpon|U-turn|p1a: Bertrand Ndongo
|-resisted|p1a: Bertrand Ndongo
|-damage|p1a: Bertrand Ndongo|90/100
|
|t:|1758356875
|switch|p2a: Zamazenta|Zamazenta|100/100|[from] U-turn
|-ability|p2a: Zamazenta|Dauntless Shield|boost
|-boost|p2a: Zamazenta|def|1
|
|-weather|RainDance|[upkeep]
|upkeep
|turn|2
|
|t:|1758356880
|move|p2a: Zamazenta|Wild Charge|p1a: Bertrand Ndongo
|-supereffective|p1a: Bertrand Ndongo
|-damage|p1a: Bertrand Ndongo|0 fnt
|faint|p1a: Bertrand Ndongo
|-damage|p2a: Zamazenta|78/100|[from] Recoil
|
|-weather|RainDance|[upkeep]
|-heal|p2a: Zamazenta|84/100|[from] item: Leftovers
|upkeep
|
|t:|1758356887
|switch|p1a: Dei v|Floatzel, M|100/100
|turn|3
|
|t:|1758356890
|-terastallize|p1a: Dei v|Water
|move|p1a: Dei v|Flip Turn|p2a: Zamazenta
|-damage|p2a: Zamazenta|35/100
|
|t:|1758356892
|switch|p1a: Este es de podemos|Weezing-Galar, M|100/100|[from] Flip Turn
|-ability|p1a: Este es de podemos|Neutralizing Gas
|move|p2a: Zamazenta|Wild Charge|p1a: Este es de podemos
|-damage|p1a: Este es de podemos|81/100
|-damage|p2a: Zamazenta|30/100|[from] Recoil
|
|-weather|RainDance|[upkeep]
|-heal|p2a: Zamazenta|36/100|[from] item: Leftovers
|-heal|p1a: Este es de podemos|87/100|[from] item: Leftovers
|upkeep
|turn|4
|
|t:|1758356905
|switch|p2a: Gliscor|Gliscor, F|100/100
|move|p1a: Este es de podemos|Strange Steam|p2a: Gliscor
|-damage|p2a: Gliscor|78/100
|-start|p2a: Gliscor|confusion
|
|-weather|RainDance|[upkeep]
|-heal|p1a: Este es de podemos|93/100|[from] item: Leftovers
|-status|p2a: Gliscor|tox|[from] item: Toxic Orb
|upkeep
|turn|5
|
|t:|1758356916
|-end|p1a: Este es de podemos|ability: Neutralizing Gas
|switch|p1a: Abascal|Ogerpon-Wellspring, F|100/100
|-activate|p2a: Gliscor|confusion
|move|p2a: Gliscor|Swords Dance|p2a: Gliscor
|-boost|p2a: Gliscor|atk|2
|
|-weather|RainDance|[upkeep]
|-heal|p2a: Gliscor|91/100 tox|[from] ability: Poison Heal
|upkeep
|turn|6
|
|t:|1758356924
|-terastallize|p2a: Gliscor|Normal
|move|p1a: Abascal|Ivy Cudgel|p2a: Gliscor|[anim] Ivy Cudgel Water
|-damage|p2a: Gliscor|18/100 tox
|-activate|p2a: Gliscor|confusion
|-damage|p2a: Gliscor|4/100 tox|[from] confusion
|
|-weather|RainDance|[upkeep]
|-heal|p2a: Gliscor|16/100 tox|[from] ability: Poison Heal
|upkeep
|turn|7
|
|t:|1758356933
|-activate|p2a: Gliscor|confusion
|-damage|p2a: Gliscor|3/100 tox|[from] confusion
|move|p1a: Abascal|U-turn|p2a: Gliscor
|-damage|p2a: Gliscor|0 fnt
|faint|p2a: Gliscor
|
|t:|1758356935
|switch|p1a: Dei v|Floatzel, M, tera:Water|100/100|[from] U-turn
|
|-weather|RainDance|[upkeep]
|upkeep
|c|☆hewstonisgay|bru
|
|t:|1758356946
|switch|p2a: Iron Moth|Iron Moth|100/100
|-enditem|p2a: Iron Moth|Booster Energy
|-activate|p2a: Iron Moth|ability: Quark Drive|[fromitem]
|-start|p2a: Iron Moth|quarkdrivespe
|turn|8
|
|t:|1758356955
|-end|p2a: Iron Moth|Quark Drive|[silent]
|switch|p2a: Scizor|Scizor, F|100/100
|move|p1a: Dei v|Waterfall|p2a: Scizor
|-damage|p2a: Scizor|0 fnt
|faint|p2a: Scizor
|
|-weather|none
|upkeep
|
|t:|1758356964
|switch|p2a: Dragapult|Dragapult, M|100/100
|turn|9
|
|t:|1758356972
|switch|p1a: Este es de podemos|Weezing-Galar, M|93/100
|-ability|p1a: Este es de podemos|Neutralizing Gas
|move|p2a: Dragapult|Dragon Darts|p1a: Este es de podemos
|-immune|p1a: Este es de podemos
|
|-heal|p1a: Este es de podemos|99/100|[from] item: Leftovers
|upkeep
|turn|10
|
|t:|1758356988
|switch|p2a: Iron Moth|Iron Moth|100/100
|-end|p1a: Este es de podemos|ability: Neutralizing Gas
|switch|p1a: Rajoi|Raging Bolt|100/100
|
|upkeep
|turn|11
|
|t:|1758356995
|move|p1a: Rajoi|Volt Switch|p2a: Iron Moth
|-damage|p2a: Iron Moth|56/100
|
|t:|1758357003
|-end|p1a: Rajoi|Protosynthesis|[silent]
|switch|p1a: Este es de podemos|Weezing-Galar, M|99/100|[from] Volt Switch
|-ability|p1a: Este es de podemos|Neutralizing Gas
|move|p2a: Iron Moth|Substitute|p2a: Iron Moth
|-start|p2a: Iron Moth|Substitute
|-damage|p2a: Iron Moth|31/100
|
|-heal|p1a: Este es de podemos|100/100|[from] item: Leftovers
|upkeep
|turn|12
|
|t:|1758357013
|move|p2a: Iron Moth|Fiery Dance|p1a: Este es de podemos
|-damage|p1a: Este es de podemos|47/100
|move|p1a: Este es de podemos|Strange Steam|p2a: Iron Moth|[miss]
|-miss|p1a: Este es de podemos|p2a: Iron Moth
|
|-heal|p1a: Este es de podemos|53/100|[from] item: Leftovers
|upkeep
|turn|13
|
|t:|1758357020
|-end|p1a: Este es de podemos|ability: Neutralizing Gas
|switch|p1a: Abascal|Ogerpon-Wellspring, F|100/100
|move|p2a: Iron Moth|Fiery Dance|p1a: Abascal
|-damage|p1a: Abascal|56/100
|-boost|p2a: Iron Moth|spa|1
|
|upkeep
|turn|14
|
|t:|1758357028
|move|p1a: Abascal|Ivy Cudgel|p2a: Iron Moth|[anim] Ivy Cudgel Water
|-supereffective|p2a: Iron Moth
|-end|p2a: Iron Moth|Substitute
|move|p2a: Iron Moth|Fiery Dance|p1a: Abascal
|-damage|p1a: Abascal|0 fnt
|faint|p1a: Abascal
|
|upkeep
|
|t:|1758357030
|switch|p1a: Rajoi|Raging Bolt|100/100
|turn|15
|
|t:|1758357046
|move|p1a: Rajoi|Volt Switch|p2a: Iron Moth
|-damage|p2a: Iron Moth|0 fnt
|faint|p2a: Iron Moth
|-end|p2a: Iron Moth|Quark Drive|[silent]
|
|t:|1758357050
|-end|p1a: Rajoi|Protosynthesis|[silent]
|switch|p1a: Dei v|Floatzel, M, tera:Water|100/100|[from] Volt Switch
|
|upkeep
|
|t:|1758357055
|switch|p2a: Dragapult|Dragapult, M|100/100
|turn|16
|
|t:|1758357060
|move|p2a: Dragapult|Phantom Force||[still]
|-prepare|p2a: Dragapult|Phantom Force
|move|p1a: Dei v|Ice Spinner|p2a: Dragapult|[miss]
|-miss|p1a: Dei v|p2a: Dragapult
|
|upkeep
|turn|17
|
|t:|1758357065
|move|p2a: Dragapult|Phantom Force|p1a: Dei v|[from] lockedmove
|-damage|p1a: Dei v|0 fnt
|faint|p1a: Dei v
|-damage|p2a: Dragapult|91/100|[from] item: Life Orb
|
|upkeep
|
|t:|1758357067
|switch|p1a: Franco|Kingambit, F|100/100
|-activate|p1a: Franco|ability: Supreme Overlord
|-start|p1a: Franco|fallen3|[silent]
|turn|18
|
|t:|1758357074
|switch|p2a: Ogerpon|Ogerpon-Wellspring, F|22/100
|move|p1a: Franco|Kowtow Cleave|p2a: Ogerpon
|-damage|p2a: Ogerpon|0 fnt
|faint|p2a: Ogerpon
|
|upkeep
|
|t:|1758357080
|switch|p2a: Zamazenta|Zamazenta|36/100
|turn|19
|
|t:|1758357085
|-end|p1a: Franco|fallen3|[silent]
|switch|p1a: Este es de podemos|Weezing-Galar, M|53/100
|-ability|p1a: Este es de podemos|Neutralizing Gas
|move|p2a: Zamazenta|Body Press|p1a: Este es de podemos
|-resisted|p1a: Este es de podemos
|-damage|p1a: Este es de podemos|47/100
|
|-heal|p2a: Zamazenta|42/100|[from] item: Leftovers
|-heal|p1a: Este es de podemos|53/100|[from] item: Leftovers
|upkeep
|turn|20
|
|t:|1758357096
|switch|p2a: Dragapult|Dragapult, M|91/100
|move|p1a: Este es de podemos|Will-O-Wisp|p2a: Dragapult
|-status|p2a: Dragapult|brn
|
|-heal|p1a: Este es de podemos|59/100|[from] item: Leftovers
|-damage|p2a: Dragapult|85/100 brn|[from] brn
|upkeep
|turn|21
|inactive|loweloenamorao has 120 seconds left.
|
|t:|1758357130
|move|p2a: Dragapult|Phantom Force||[still]
|-prepare|p2a: Dragapult|Phantom Force
|move|p1a: Este es de podemos|Pain Split|p2a: Dragapult|[miss]
|-miss|p1a: Este es de podemos|p2a: Dragapult
|
|-heal|p1a: Este es de podemos|65/100|[from] item: Leftovers
|-damage|p2a: Dragapult|79/100 brn|[from] brn
|upkeep
|turn|22
|
|t:|1758357136
|-end|p1a: Este es de podemos|ability: Neutralizing Gas
|switch|p1a: Rajoi|Raging Bolt|100/100
|move|p2a: Dragapult|Phantom Force|p1a: Rajoi|[from] lockedmove
|-damage|p1a: Rajoi|73/100
|-damage|p2a: Dragapult|69/100 brn|[from] item: Life Orb
|
|-damage|p2a: Dragapult|63/100 brn|[from] brn
|upkeep
|turn|23
|
|t:|1758357146
|move|p2a: Dragapult|Dragon Darts|p1a: Rajoi
|-supereffective|p1a: Rajoi
|-damage|p1a: Rajoi|40/100
|-anim|p2a: Dragapult|Dragon Darts|p1a: Rajoi
|-supereffective|p1a: Rajoi
|-damage|p1a: Rajoi|8/100
|-damage|p2a: Dragapult|53/100 brn|[from] item: Life Orb
|move|p1a: Rajoi|Volt Switch|p2a: Dragapult
|-resisted|p2a: Dragapult
|-damage|p2a: Dragapult|26/100 brn
|
|t:|1758357151
|-end|p1a: Rajoi|Protosynthesis|[silent]
|switch|p1a: Franco|Kingambit, F|100/100|[from] Volt Switch
|-activate|p1a: Franco|ability: Supreme Overlord
|-start|p1a: Franco|fallen3|[silent]
|
|-damage|p2a: Dragapult|20/100 brn|[from] brn
|upkeep
|turn|24
|
|t:|1758357167
|move|p2a: Dragapult|Phantom Force||[still]
|-prepare|p2a: Dragapult|Phantom Force
|move|p1a: Franco|Swords Dance|p1a: Franco
|-boost|p1a: Franco|atk|2
|
|-damage|p2a: Dragapult|14/100 brn|[from] brn
|upkeep
|turn|25
|
|t:|1758357172
|move|p2a: Dragapult|Phantom Force|p1a: Franco|[from] lockedmove
|-resisted|p1a: Franco
|-damage|p1a: Franco|88/100
|-damage|p2a: Dragapult|4/100 brn|[from] item: Life Orb
|move|p1a: Franco|Kowtow Cleave|p2a: Dragapult
|-supereffective|p2a: Dragapult
|-damage|p2a: Dragapult|0 fnt
|faint|p2a: Dragapult
|
|upkeep
|
|t:|1758357182
|switch|p2a: Zamazenta|Zamazenta|42/100
|turn|26
|
|t:|1758357185
|move|p2a: Zamazenta|Body Press|p1a: Franco
|-supereffective|p1a: Franco
|-damage|p1a: Franco|0 fnt
|faint|p1a: Franco
|-end|p1a: Franco|fallen3|[silent]
|
|-heal|p2a: Zamazenta|48/100|[from] item: Leftovers
|upkeep
|
|t:|1758357188
|switch|p1a: Este es de podemos|Weezing-Galar, M|65/100
|-ability|p1a: Este es de podemos|Neutralizing Gas
|turn|27
|
|t:|1758357216
|move|p2a: Zamazenta|Crunch|p1a: Este es de podemos
|-resisted|p1a: Este es de podemos
|-damage|p1a: Este es de podemos|57/100
|move|p1a: Este es de podemos|Will-O-Wisp|p2a: Zamazenta
|-status|p2a: Zamazenta|brn
|
|-heal|p2a: Zamazenta|55/100 brn|[from] item: Leftovers
|-heal|p1a: Este es de podemos|63/100|[from] item: Leftovers
|-damage|p2a: Zamazenta|48/100 brn|[from] brn
|upkeep
|turn|28
|
|t:|1758357231
|move|p2a: Zamazenta|Body Press|p1a: Este es de podemos
|-resisted|p1a: Este es de podemos
|-damage|p1a: Este es de podemos|60/100
|move|p1a: Este es de podemos|Strange Steam|p2a: Zamazenta
|-supereffective|p2a: Zamazenta
|-damage|p2a: Zamazenta|0 fnt
|faint|p2a: Zamazenta
|
|win|loweloenamorao
|raw|loweloenamorao's rating: 1160 &rarr; <strong>1189</strong><br />(+29 for winning)
|raw|hewstonisgay's rating: 1219 &rarr; <strong>1190</strong><br />(-29 for losing)
|l|☆hewstonisgay
|player|p2|
|l|☆loweloenamorao
|player|p1|
