|j|☆mechamakachino
|j|☆purple pastels
|t:|1758318370
|gametype|singles
|player|p1|mechamakachino|2|1550
|player|p2|purple pastels|doubleteam|1507
|gen|9
|tier|[Gen 9] OU
|rated|
|rule|HP Percentage Mod: HP is shown in percentages
|rule|Endless Battle Clause: Forcing endless battles is banned
|rule|Species Clause: Limit one of each Pokémon
|rule|OHKO Clause: OHKO moves are banned
|rule|Evasion Items Clause: Evasion items are banned
|rule|Evasion Moves Clause: Evasion moves are banned
|rule|Evasion Abilities Clause: Evasion abilities are banned
|rule|Sleep Moves Clause: Sleep-inducing moves are banned
|clearpoke
|poke|p1|Skarmory, F|
|poke|p1|Ting-Lu|
|poke|p1|Zamazenta-*|
|poke|p1|Pecharunt|
|poke|p1|Clefable, M|
|poke|p1|Walking Wake|
|poke|p2|Tornadus, M|
|poke|p2|Ribombee, M|
|poke|p2|Gholdengo|
|poke|p2|Cinderace, M|
|poke|p2|Zamazenta-*|
|poke|p2|Iron Boulder|
|teampreview
|inactive|Battle timer is ON: inactive players will automatically lose when time's up. (requested by purple pastels)
|
|t:|1758318380
|teamsize|p1|6
|teamsize|p2|6
|start
|switch|p1a: Smooth Criminal|Skarmory, F|100/100
|switch|p2a: Ribombee|Ribombee, M|100/100
|turn|1
|
|t:|1758318383
|move|p2a: Ribombee|Sticky Web|p1a: Smooth Criminal
|-sidestart|p1: mechamakachino|move: Sticky Web
|move|p1a: Smooth Criminal|Spikes|p2a: Ribombee
|-sidestart|p2: purple pastels|Spikes
|
|upkeep
|turn|2
|
|t:|1758318390
|switch|p2a: Cinderace|Cinderace, M|100/100
|-damage|p2a: Cinderace|88/100|[from] Spikes
|move|p1a: Smooth Criminal|Spikes|p2a: Cinderace
|-sidestart|p2: purple pastels|Spikes
|
|upkeep
|turn|3
|
|t:|1758318402
|switch|p1a: Poison Young Thing|Pecharunt|100/100
|move|p2a: Cinderace|Pyro Ball|p1a: Poison Young Thing
|-damage|p1a: Poison Young Thing|74/100
|
|upkeep
|turn|4
|
|t:|1758318406
|move|p2a: Cinderace|Substitute|p2a: Cinderace
|-start|p2a: Cinderace|Substitute
|-damage|p2a: Cinderace|63/100
|move|p1a: Poison Young Thing|Parting Shot|p2a: Cinderace
|-unboost|p2a: Cinderace|atk|1
|-unboost|p2a: Cinderace|spa|1
|
|t:|1758318415
|switch|p1a: Thriller|Walking Wake|100/100|[from] Parting Shot
|
|upkeep
|turn|5
|
|t:|1758318419
|move|p2a: Cinderace|Super Fang|p1a: Thriller|[miss]
|-miss|p2a: Cinderace|p1a: Thriller
|move|p1a: Thriller|Surf|p2a: Cinderace
|-supereffective|p2a: Cinderace
|-crit|p2a: Cinderace
|-end|p2a: Cinderace|Substitute
|
|upkeep
|turn|6
|
|t:|1758318426
|switch|p2a: Ribombee|Ribombee, M|100/100
|-damage|p2a: Ribombee|84/100|[from] Spikes
|move|p1a: Thriller|Surf|p2a: Ribombee
|-damage|p2a: Ribombee|8/100
|
|upkeep
|turn|7
|
|t:|1758318433
|-end|p1a: Thriller|Protosynthesis|[silent]
|switch|p1a: Rock With You|Ting-Lu|100/100
|-activate|p1a: Rock With You|move: Sticky Web
|-unboost|p1a: Rock With You|spe|1
|-ability|p1a: Rock With You|Vessel of Ruin
|move|p2a: Ribombee|Moonblast|p1a: Rock With You
|-supereffective|p1a: Rock With You
|-damage|p1a: Rock With You|67/100
|
|-heal|p1a: Rock With You|73/100|[from] item: Leftovers
|upkeep
|turn|8
|
|t:|1758318440
|move|p2a: Ribombee|Moonblast|p1a: Rock With You
|-supereffective|p1a: Rock With You
|-damage|p1a: Rock With You|40/100
|move|p1a: Rock With You|Stealth Rock|p2a: Ribombee
|-sidestart|p2: purple pastels|move: Stealth Rock
|
|-heal|p1a: Rock With You|46/100|[from] item: Leftovers
|upkeep
|turn|9
|
|t:|1758318445
|switch|p1a: Poison Young Thing|Pecharunt|74/100
|move|p2a: Ribombee|Moonblast|p1a: Poison Young Thing
|-resisted|p1a: Poison Young Thing
|-damage|p1a: Poison Young Thing|53/100
|-unboost|p1a: Poison Young Thing|spa|1
|
|upkeep
|turn|10
|
|t:|1758318447
|move|p2a: Ribombee|Psychic Noise|p1a: Poison Young Thing
|-supereffective|p1a: Poison Young Thing
|-damage|p1a: Poison Young Thing|9/100
|-start|p1a: Poison Young Thing|move: Heal Block
|cant|p1a: Poison Young Thing|move: Heal Block|Recover
|
|upkeep
|turn|11
|
|t:|1758318458
|switch|p1a: Smooth Criminal|Skarmory, F|100/100
|move|p2a: Ribombee|Moonblast|p1a: Smooth Criminal
|-resisted|p1a: Smooth Criminal
|-damage|p1a: Smooth Criminal|72/100
|
|upkeep
|turn|12
|
|t:|1758318468
|move|p2a: Ribombee|Stun Spore|p1a: Smooth Criminal
|-status|p1a: Smooth Criminal|par
|move|p1a: Smooth Criminal|Brave Bird|p2a: Ribombee
|-supereffective|p2a: Ribombee
|-damage|p2a: Ribombee|0 fnt
|faint|p2a: Ribombee
|-damage|p1a: Smooth Criminal|70/100 par|[from] Recoil
|
|upkeep
|
|t:|1758318492
|switch|p2a: Cinderace|Cinderace, M|63/100
|-damage|p2a: Cinderace|46/100|[from] Spikes
|-damage|p2a: Cinderace|21/100|[from] Stealth Rock
|-enditem|p2a: Cinderace|Liechi Berry|[eat]
|-boost|p2a: Cinderace|atk|1|[from] item: Liechi Berry
|turn|13
|
|t:|1758318500
|switch|p1a: Thriller|Walking Wake|100/100
|move|p2a: Cinderace|Pyro Ball|p1a: Thriller
|-resisted|p1a: Thriller
|-damage|p1a: Thriller|65/100
|
|upkeep
|turn|14
|
|t:|1758318506
|move|p2a: Cinderace|Pyro Ball|p1a: Thriller
|-resisted|p1a: Thriller
|-damage|p1a: Thriller|33/100
|-status|p1a: Thriller|brn
|move|p1a: Thriller|Surf|p2a: Cinderace
|-supereffective|p2a: Cinderace
|-crit|p2a: Cinderace
|-damage|p2a: Cinderace|0 fnt
|faint|p2a: Cinderace
|
|-damage|p1a: Thriller|27/100 brn|[from] brn
|upkeep
|
|t:|1758318518
|switch|p2a: Zamazenta|Zamazenta|100/100
|-damage|p2a: Zamazenta|84/100|[from] Spikes
|-damage|p2a: Zamazenta|78/100|[from] Stealth Rock
|-ability|p2a: Zamazenta|Dauntless Shield|boost
|-boost|p2a: Zamazenta|def|1
|turn|15
|
|t:|1758318538
|-end|p1a: Thriller|Protosynthesis|[silent]
|switch|p1a: Moonwalker|Clefable, M|100/100
|-activate|p1a: Moonwalker|move: Sticky Web
|-unboost|p1a: Moonwalker|spe|1
|move|p2a: Zamazenta|Close Combat|p1a: Moonwalker
|-resisted|p1a: Moonwalker
|-damage|p1a: Moonwalker|73/100
|-unboost|p2a: Zamazenta|def|1
|-unboost|p2a: Zamazenta|spd|1
|-damage|p2a: Zamazenta|68/100|[from] item: Life Orb
|
|-heal|p1a: Moonwalker|79/100|[from] item: Leftovers
|upkeep
|turn|16
|
|t:|1758318546
|move|p2a: Zamazenta|Heavy Slam|p1a: Moonwalker
|-supereffective|p1a: Moonwalker
|-damage|p1a: Moonwalker|1/100
|-damage|p2a: Zamazenta|58/100|[from] item: Life Orb
|move|p1a: Moonwalker|Moonlight|p1a: Moonwalker
|-heal|p1a: Moonwalker|51/100
|
|-heal|p1a: Moonwalker|57/100|[from] item: Leftovers
|upkeep
|turn|17
|
|t:|1758318554
|switch|p1a: Poison Young Thing|Pecharunt|9/100
|move|p2a: Zamazenta|Heavy Slam|p1a: Poison Young Thing
|-damage|p1a: Poison Young Thing|0 fnt
|faint|p1a: Poison Young Thing
|-damage|p2a: Zamazenta|48/100|[from] item: Life Orb
|
|upkeep
|
|t:|1758318556
|switch|p1a: Beat It|Zamazenta|100/100
|-ability|p1a: Beat It|Dauntless Shield|boost
|-boost|p1a: Beat It|def|1
|turn|18
|
|t:|1758318560
|move|p2a: Zamazenta|Close Combat|p1a: Beat It
|-damage|p1a: Beat It|54/100
|-unboost|p2a: Zamazenta|def|1
|-unboost|p2a: Zamazenta|spd|1
|-damage|p2a: Zamazenta|38/100|[from] item: Life Orb
|move|p1a: Beat It|Close Combat|p2a: Zamazenta
|-damage|p2a: Zamazenta|0 fnt
|-unboost|p1a: Beat It|def|1
|-unboost|p1a: Beat It|spd|1
|faint|p2a: Zamazenta
|
|upkeep
|
|t:|1758318573
|switch|p2a: Tornadus|Tornadus, M|100/100
|-damage|p2a: Tornadus|76/100|[from] Stealth Rock
|turn|19
|
|t:|1758318583
|move|p2a: Tornadus|Bulk Up|p2a: Tornadus
|-boost|p2a: Tornadus|atk|1
|-boost|p2a: Tornadus|def|1
|move|p1a: Beat It|Stone Edge|p2a: Tornadus
|-supereffective|p2a: Tornadus
|-damage|p2a: Tornadus|13/100
|
|upkeep
|turn|20
|
|t:|1758318593
|switch|p1a: Smooth Criminal|Skarmory, F|70/100 par
|move|p2a: Tornadus|Rest|p2a: Tornadus
|-status|p2a: Tornadus|slp|[from] move: Rest
|-enditem|p2a: Tornadus|Lum Berry|[eat]
|-curestatus|p2a: Tornadus|slp|[msg]
|-heal|p2a: Tornadus|100/100|[silent]
|
|upkeep
|turn|21
|
|t:|1758318597
|move|p2a: Tornadus|Knock Off|p1a: Smooth Criminal
|-damage|p1a: Smooth Criminal|43/100 par
|-damage|p2a: Tornadus|84/100|[from] item: Rocky Helmet|[of] p1a: Smooth Criminal
|-enditem|p1a: Smooth Criminal|Rocky Helmet|[from] move: Knock Off|[of] p2a: Tornadus
|move|p1a: Smooth Criminal|Whirlwind|p2a: Tornadus
|drag|p2a: Iron Boulder|Iron Boulder|100/100
|-damage|p2a: Iron Boulder|84/100|[from] Spikes
|-damage|p2a: Iron Boulder|72/100|[from] Stealth Rock
|-enditem|p2a: Iron Boulder|Booster Energy
|-activate|p2a: Iron Boulder|ability: Quark Drive|[fromitem]
|-start|p2a: Iron Boulder|quarkdrivespe
|
|upkeep
|turn|22
|
|t:|1758318610
|move|p2a: Iron Boulder|Swords Dance|p2a: Iron Boulder
|-boost|p2a: Iron Boulder|atk|2
|move|p1a: Smooth Criminal|Whirlwind|p2a: Iron Boulder
|-end|p2a: Iron Boulder|Quark Drive|[silent]
|drag|p2a: Tornadus|Tornadus, M|84/100
|-damage|p2a: Tornadus|59/100|[from] Stealth Rock
|
|upkeep
|turn|23
|
|t:|1758318617
|move|p2a: Tornadus|Bulk Up|p2a: Tornadus
|-boost|p2a: Tornadus|atk|1
|-boost|p2a: Tornadus|def|1
|move|p1a: Smooth Criminal|Roost|p1a: Smooth Criminal
|-heal|p1a: Smooth Criminal|94/100 par
|-singleturn|p1a: Smooth Criminal|move: Roost
|
|upkeep
|turn|24
|
|t:|1758318623
|move|p2a: Tornadus|Knock Off|p1a: Smooth Criminal
|-damage|p1a: Smooth Criminal|78/100 par
|move|p1a: Smooth Criminal|Whirlwind|p2a: Tornadus
|drag|p2a: Iron Boulder|Iron Boulder|72/100
|-damage|p2a: Iron Boulder|55/100|[from] Spikes
|-damage|p2a: Iron Boulder|43/100|[from] Stealth Rock
|
|upkeep
|turn|25
|
|t:|1758318630
|move|p2a: Iron Boulder|Mighty Cleave|p1a: Smooth Criminal
|-damage|p1a: Smooth Criminal|51/100 par
|move|p1a: Smooth Criminal|Spikes|p2a: Iron Boulder
|-sidestart|p2: purple pastels|Spikes
|
|upkeep
|turn|26
|
|t:|1758318635
|move|p2a: Iron Boulder|Mighty Cleave|p1a: Smooth Criminal
|-damage|p1a: Smooth Criminal|23/100 par
|move|p1a: Smooth Criminal|Whirlwind|p2a: Iron Boulder
|-end|p2a: Iron Boulder|Quark Drive|[silent]
|drag|p2a: Tornadus|Tornadus, M|59/100
|-damage|p2a: Tornadus|34/100|[from] Stealth Rock
|
|upkeep
|turn|27
|
|t:|1758318641
|switch|p2a: Gholdengo|Gholdengo|100/100
|-damage|p2a: Gholdengo|94/100|[from] Stealth Rock
|-item|p2a: Gholdengo|Air Balloon
|move|p1a: Smooth Criminal|Whirlwind|p2a: Gholdengo
|-immune|p2a: Gholdengo|[from] ability: Good as Gold
|
|upkeep
|turn|28
|
|t:|1758318648
|switch|p1a: Rock With You|Ting-Lu|46/100
|-activate|p1a: Rock With You|move: Sticky Web
|-unboost|p1a: Rock With You|spe|1
|-ability|p1a: Rock With You|Vessel of Ruin
|move|p2a: Gholdengo|Nasty Plot|p2a: Gholdengo
|-boost|p2a: Gholdengo|spa|2
|
|-heal|p1a: Rock With You|52/100|[from] item: Leftovers
|upkeep
|turn|29
|
|t:|1758318651
|move|p2a: Gholdengo|Make It Rain|p1a: Rock With You
|-damage|p1a: Rock With You|0 fnt
|-unboost|p2a: Gholdengo|spa|1
|faint|p1a: Rock With You
|
|upkeep
|
|t:|1758318656
|switch|p1a: Thriller|Walking Wake|27/100 brn
|turn|30
|
|t:|1758318659
|move|p1a: Thriller|Surf|p2a: Gholdengo
|-damage|p2a: Gholdengo|44/100
|-enditem|p2a: Gholdengo|Air Balloon
|move|p2a: Gholdengo|Shadow Ball|p1a: Thriller
|-damage|p1a: Thriller|0 fnt
|faint|p1a: Thriller
|-end|p1a: Thriller|Protosynthesis|[silent]
|
|upkeep
|
|t:|1758318664
|switch|p1a: Beat It|Zamazenta|54/100
|turn|31
|
|t:|1758318668
|-terastallize|p1a: Beat It|Steel
|-terastallize|p2a: Gholdengo|Fairy
|move|p1a: Beat It|Crunch|p2a: Gholdengo
|-resisted|p2a: Gholdengo
|-damage|p2a: Gholdengo|28/100
|move|p2a: Gholdengo|Make It Rain|p1a: Beat It
|-resisted|p1a: Beat It
|-damage|p1a: Beat It|10/100
|-unboost|p2a: Gholdengo|spa|1
|
|upkeep
|turn|32
|
|t:|1758318685
|switch|p2a: Iron Boulder|Iron Boulder|43/100
|-damage|p2a: Iron Boulder|18/100|[from] Spikes
|-damage|p2a: Iron Boulder|5/100|[from] Stealth Rock
|move|p1a: Beat It|Heavy Slam|p2a: Iron Boulder
|-supereffective|p2a: Iron Boulder
|-damage|p2a: Iron Boulder|0 fnt
|faint|p2a: Iron Boulder
|-end|p2a: Iron Boulder|Quark Drive|[silent]
|
|upkeep
|
|t:|1758318687
|switch|p2a: Tornadus|Tornadus, M|34/100
|-damage|p2a: Tornadus|9/100|[from] Stealth Rock
|turn|33
|
|t:|1758318692
|switch|p1a: Smooth Criminal|Skarmory, F|23/100 par
|move|p2a: Tornadus|Acrobatics|p1a: Smooth Criminal
|-resisted|p1a: Smooth Criminal
|-damage|p1a: Smooth Criminal|9/100 par
|
|upkeep
|turn|34
|
|t:|1758318698
|move|p2a: Tornadus|Acrobatics|p1a: Smooth Criminal
|-resisted|p1a: Smooth Criminal
|-damage|p1a: Smooth Criminal|0 fnt
|faint|p1a: Smooth Criminal
|
|upkeep
|
|t:|1758318701
|switch|p1a: Moonwalker|Clefable, M|57/100
|-activate|p1a: Moonwalker|move: Sticky Web
|-unboost|p1a: Moonwalker|spe|1
|turn|35
|
|t:|1758318708
|move|p2a: Tornadus|Acrobatics|p1a: Moonwalker
|-damage|p1a: Moonwalker|21/100
|move|p1a: Moonwalker|Moonblast|p2a: Tornadus
|-damage|p2a: Tornadus|0 fnt
|faint|p2a: Tornadus
|
|-heal|p1a: Moonwalker|27/100|[from] item: Leftovers
|upkeep
|
|t:|1758318712
|switch|p2a: Gholdengo|Gholdengo, tera:Fairy|28/100
|-damage|p2a: Gholdengo|4/100|[from] Spikes
|-damage|p2a: Gholdengo|0 fnt|[from] Stealth Rock
|faint|p2a: Gholdengo
|
|win|mechamakachino
|raw|mechamakachino's rating: 1550 &rarr; <strong>1568</strong><br />(+18 for winning)
|raw|purple pastels's rating: 1507 &rarr; <strong>1489</strong><br />(-18 for losing)
|l|☆purple pastels
|player|p2|
|l|☆mechamakachino
|player|p1|
