|j|☆skidog
|j|☆sonic superstars
|t:|1758295354
|gametype|singles
|player|p1|skidog|skierf|1697
|player|p2|sonic superstars|pryce|1660
|gen|9
|tier|[Gen 9] OU
|rated|
|rule|HP Percentage Mod: HP is shown in percentages
|rule|Endless Battle Clause: Forcing endless battles is banned
|rule|Species Clause: Limit one of each Pokémon
|rule|OHKO Clause: OHKO moves are banned
|rule|Evasion Items Clause: Evasion items are banned
|rule|Evasion Moves Clause: Evasion moves are banned
|rule|Evasion Abilities Clause: Evasion abilities are banned
|rule|Sleep Moves Clause: Sleep-inducing moves are banned
|clearpoke
|poke|p1|Araquanid, F|
|poke|p1|Enamorus, F|
|poke|p1|Hoopa-Unbound|
|poke|p1|Pecharunt|
|poke|p1|Great Tusk|
|poke|p1|Iron Crown|
|poke|p2|Crabominable, F|
|poke|p2|Slowking-Galar, F|
|poke|p2|Hoopa-Unbound|
|poke|p2|Ursaluna, M|
|poke|p2|Hatterene, F|
|poke|p2|Kingambit, M|
|teampreview
|inactive|Battle timer is ON: inactive players will automatically lose when time's up. (requested by sonic superstars)
|c|☆sonic superstars|Yo rmt guy
|c|☆sonic superstars|Hello
|c|☆skidog|hey glhf
|c|☆sonic superstars|this guy made a rmt?
|c|☆sonic superstars|glhf
|c|☆sonic superstars|(don't mind us we're on a shared alt)
|inactive|skidog has 120 seconds left.
|
|t:|1758295387
|teamsize|p1|6
|teamsize|p2|6
|start
|switch|p1a: Iron Crown|Iron Crown|100/100
|switch|p2a: Slowking|Slowking-Galar, F|100/100
|turn|1
|c|☆sonic superstars|Yea 13 years on smog first post was an rmt this yr
|c|☆skidog|figured, hf
|
|t:|1758295399
|move|p1a: Iron Crown|Volt Switch|p2a: Slowking
|-damage|p2a: Slowking|75/100
|
|t:|1758295409
|-end|p1a: Iron Crown|Quark Drive|[silent]
|switch|p1a: Araquanid|Araquanid, F|100/100|[from] Volt Switch
|move|p2a: Slowking|Trick Room|p2a: Slowking
|-fieldstart|move: Trick Room|[of] p2a: Slowking
|
|upkeep
|turn|2
|
|t:|1758295417
|move|p1a: Araquanid|Surf|p2a: Slowking
|-damage|p2a: Slowking|31/100
|-prepare|p2a: Slowking|Chilly Reception|[premajor]
|move|p2a: Slowking|Chilly Reception|p2a: Slowking
|-weather|Snowscape
|
|t:|1758295422
|switch|p2a: Ursaluna|Ursaluna, M|100/100|[from] Chilly Reception
|
|-weather|Snowscape|[upkeep]
|-status|p2a: Ursaluna|brn|[from] item: Flame Orb
|upkeep
|turn|3
|
|t:|1758295430
|-terastallize|p1a: Araquanid|Ghost
|move|p2a: Ursaluna|Facade|p1a: Araquanid
|-immune|p1a: Araquanid
|move|p1a: Araquanid|Surf|p2a: Ursaluna
|-supereffective|p2a: Ursaluna
|-damage|p2a: Ursaluna|4/100 brn
|
|-weather|Snowscape|[upkeep]
|-damage|p2a: Ursaluna|0 fnt|[from] brn
|faint|p2a: Ursaluna
|upkeep
|
|t:|1758295433
|switch|p2a: ICE HAMMA 🔨🧊|Crabominable, F|100/100
|turn|4
|c|☆sonic superstars|FARMED
|
|t:|1758295450
|move|p2a: ICE HAMMA 🔨🧊|Ice Hammer|p1a: Araquanid|[miss]
|-miss|p2a: ICE HAMMA 🔨🧊|p1a: Araquanid
|move|p1a: Araquanid|Surf|p2a: ICE HAMMA 🔨🧊
|-damage|p2a: ICE HAMMA 🔨🧊|35/100
|
|-weather|Snowscape|[upkeep]
|upkeep
|turn|5
|c|☆sonic superstars|Why didnt we hlr
|c|☆sonic superstars|bro come on
|j| Nikator98
|
|t:|1758295457
|move|p2a: ICE HAMMA 🔨🧊|Ice Hammer|p1a: Araquanid
|-damage|p1a: Araquanid|0 fnt
|-unboost|p2a: ICE HAMMA 🔨🧊|spe|1
|faint|p1a: Araquanid
|
|-weather|Snowscape|[upkeep]
|-fieldend|move: Trick Room
|upkeep
|c|☆sonic superstars|why didnt we hlr on the bug type
|c|☆sonic superstars|yes
|c|☆sonic superstars|Theres a pech
|c|☆sonic superstars|very astute observation waffle
|c|☆sonic superstars|if pech comes in
|c|☆sonic superstars|Yea
|c|☆sonic superstars|i can hlr after
|c|☆sonic superstars|cause im in tr
|c|☆sonic superstars|thats the point
|c|☆sonic superstars|Then enam comes in
|c|☆sonic superstars|And tr turns gone
|c|☆sonic superstars|he not doing all that
|inactive|skidog has 120 seconds left.
|c|☆sonic superstars|5 nights survived
|c|☆sonic superstars|the point of tr is to never predict
|c|☆sonic superstars|This guy is sheist
|c|☆sonic superstars|He is doing allat
|c|☆sonic superstars|>never predict
|c|☆sonic superstars|>only 4 turns
|
|t:|1758295509
|switch|p1a: Great Tusk|Great Tusk|100/100
|turn|6
|j| FaronAan
|inactive|skidog has 90 seconds left.
|
|t:|1758295524
|switch|p2a: Hatterene|Hatterene, F|100/100
|move|p1a: Great Tusk|Headlong Rush|p2a: Hatterene
|-damage|p2a: Hatterene|57/100
|-unboost|p1a: Great Tusk|def|1
|-unboost|p1a: Great Tusk|spd|1
|
|-weather|none
|upkeep
|turn|7
|
|t:|1758295533
|move|p1a: Great Tusk|Headlong Rush|p2a: Hatterene
|-damage|p2a: Hatterene|17/100
|-unboost|p1a: Great Tusk|def|1
|-unboost|p1a: Great Tusk|spd|1
|move|p2a: Hatterene|Trick Room|p2a: Hatterene
|-fieldstart|move: Trick Room|[of] p2a: Hatterene
|
|upkeep
|turn|8
|
|t:|1758295543
|move|p2a: Hatterene|Healing Wish|p2a: Hatterene
|faint|p2a: Hatterene
|move|p1a: Great Tusk|Stealth Rock|p2: Hatterene
|-sidestart|p2: sonic superstars|move: Stealth Rock
|
|upkeep
|c|☆sonic superstars|lmao
|c|☆sonic superstars|i was considering psynoise
|c|☆sonic superstars|See
|
|t:|1758295554
|switch|p2a: ICE HAMMA 🔨🧊|Crabominable, F|35/100
|-heal|p2a: ICE HAMMA 🔨🧊|100/100|[from] move: Healing Wish
|-damage|p2a: ICE HAMMA 🔨🧊|88/100|[from] Stealth Rock
|turn|9
|c|☆sonic superstars|Told ya hes sheist
|c|☆sonic superstars|bro but hes 1600
|c|☆sonic superstars|why he doing all that
|
|t:|1758295565
|-end|p1a: Great Tusk|Protosynthesis|[silent]
|switch|p1a: Pecharunt|Pecharunt|100/100
|move|p2a: ICE HAMMA 🔨🧊|Ice Hammer|p1a: Pecharunt|[miss]
|-miss|p2a: ICE HAMMA 🔨🧊|p1a: Pecharunt
|
|upkeep
|turn|10
|c|☆sonic superstars|COME ON
|c|☆sonic superstars|ok
|c|☆sonic superstars|fuck my life bro
|c|☆sonic superstars|Testing new team?
|c|☆sonic superstars|90% accuracy btw
|c|☆sonic superstars|Ts not 2hkoing
|c|☆sonic superstars|Maybe
|c|☆sonic superstars|Idk
|c|☆sonic superstars|it 2hkos gholdengo
|c|☆sonic superstars|ofc it 2hkoes this
|inactive|sonic superstars has 120 seconds left.
|c|☆sonic superstars|dumbass
|
|t:|1758295601
|switch|p2a: Kingambit|Kingambit, M|100/100
|-damage|p2a: Kingambit|94/100|[from] Stealth Rock
|-activate|p2a: Kingambit|ability: Supreme Overlord
|-start|p2a: Kingambit|fallen2|[silent]
|move|p1a: Pecharunt|Recover||[still]
|-fail|p1a: Pecharunt|heal
|
|-heal|p2a: Kingambit|100/100|[from] item: Leftovers
|upkeep
|turn|11
|c|☆skidog|252+ Atk Choice Band Iron Fist Crabominable Ice Hammer (120 BP) vs. 252 HP / 252+ Def Pecharunt: 169-199 (44.4 - 52.3%) -- 19.1% chance to 2HKO
|
|t:|1758295611
|switch|p1a: Great Tusk|Great Tusk|100/100
|move|p2a: Kingambit|Swords Dance|p2a: Kingambit
|-boost|p2a: Kingambit|atk|2
|
|-fieldend|move: Trick Room
|upkeep
|turn|12
|c|☆sonic superstars|i'm tera ice tho
|
|t:|1758295626
|-terastallize|p2a: Kingambit|Flying
|move|p1a: Great Tusk|Headlong Rush|p2a: Kingambit
|-immune|p2a: Kingambit
|move|p2a: Kingambit|Iron Head|p1a: Great Tusk
|-damage|p1a: Great Tusk|52/100
|
|-heal|p1a: Great Tusk|58/100|[from] item: Leftovers
|upkeep
|turn|13
|
|t:|1758295634
|move|p1a: Great Tusk|Knock Off|p2a: Kingambit
|-damage|p2a: Kingambit|81/100
|-enditem|p2a: Kingambit|Leftovers|[from] move: Knock Off|[of] p1a: Great Tusk
|move|p2a: Kingambit|Swords Dance|p2a: Kingambit
|-boost|p2a: Kingambit|atk|2
|
|-heal|p1a: Great Tusk|64/100|[from] item: Leftovers
|upkeep
|turn|14
|c|☆sonic superstars|48 😭😭😭
|j| teazzikoi123
|j| Gen9oupipipi
|j| WalkingLake
|c| FaronAan|this is the most max max tusk of all time
|c|☆sonic superstars|Hes gonna tera black and fry ur shit icl
|l| Gen9oupipipi
|c|☆sonic superstars|On pech
|
|t:|1758295665
|move|p1a: Great Tusk|Knock Off|p2a: Kingambit
|-damage|p2a: Kingambit|67/100
|move|p2a: Kingambit|Iron Head|p1a: Great Tusk
|-damage|p1a: Great Tusk|0 fnt
|faint|p1a: Great Tusk
|-end|p1a: Great Tusk|Protosynthesis|[silent]
|
|upkeep
|
|t:|1758295671
|switch|p1a: Hoopa|Hoopa-Unbound|100/100
|turn|15
|c|☆sonic superstars|tera black gotta be racist
|l| teazzikoi123
|
|t:|1758295689
|move|p1a: Hoopa|Trick|p2a: Kingambit
|-activate|p1a: Hoopa|move: Trick|[of] p2a: Kingambit
|-item|p2a: Kingambit|Choice Scarf|[from] move: Trick
|-enditem|p1a: Hoopa|Choice Scarf|[silent]|[from] move: Trick
|move|p2a: Kingambit|Iron Head|p1a: Hoopa
|-damage|p1a: Hoopa|0 fnt
|faint|p1a: Hoopa
|
|upkeep
|c|☆sonic superstars|Nuh uh
|c|☆sonic superstars|Its woth tera pink and tera brown
|inactive|skidog has 90 seconds left.
|
|t:|1758295714
|switch|p1a: Iron Crown|Iron Crown|100/100
|turn|16
|
|t:|1758295728
|move|p1a: Iron Crown|Tachyon Cutter|p2a: Kingambit
|-damage|p2a: Kingambit|29/100
|-crit|p2a: Kingambit
|-damage|p2a: Kingambit|0 fnt
|faint|p2a: Kingambit
|-end|p2a: Kingambit|fallen2|[silent]
|-hitcount|p2: Kingambit|2
|
|upkeep
|
|t:|1758295730
|switch|p2a: Hoopa|Hoopa-Unbound|100/100
|-damage|p2a: Hoopa|88/100|[from] Stealth Rock
|turn|17
|j| teazzikoi123
|
|t:|1758295745
|move|p1a: Iron Crown|Tachyon Cutter|p2a: Hoopa
|-damage|p2a: Hoopa|60/100
|-damage|p2a: Hoopa|33/100
|-hitcount|p2a: Hoopa|2
|move|p2a: Hoopa|Trick Room|p2a: Hoopa
|-fieldstart|move: Trick Room|[of] p2a: Hoopa
|
|upkeep
|turn|18
|c|☆sonic superstars|Kachow
|inactive|skidog has 90 seconds left.
|c|☆sonic superstars|Psynoise
|c|☆sonic superstars|On tera fight
|c|☆sonic superstars|he already terad the araq bro
|
|t:|1758295784
|move|p2a: Hoopa|Hyperspace Fury|p1a: Iron Crown
|-supereffective|p1a: Iron Crown
|-damage|p1a: Iron Crown|0 fnt
|-unboost|p2a: Hoopa|def|1
|faint|p1a: Iron Crown
|-end|p1a: Iron Crown|Quark Drive|[silent]
|-enditem|p2a: Hoopa|Eject Pack
|c|☆sonic superstars|Oh yea
|c|☆sonic superstars|Do it anyways
|
|t:|1758295793
|switch|p2a: ICE HAMMA 🔨🧊|Crabominable, F|88/100
|-damage|p2a: ICE HAMMA 🔨🧊|76/100|[from] Stealth Rock
|
|upkeep
|
|t:|1758295796
|switch|p1a: Pecharunt|Pecharunt|100/100
|turn|19
|inactive|skidog has 90 seconds left.
|
|t:|1758295808
|move|p2a: ICE HAMMA 🔨🧊|Ice Hammer|p1a: Pecharunt
|-damage|p1a: Pecharunt|48/100
|-unboost|p2a: ICE HAMMA 🔨🧊|spe|1
|-damage|p2a: ICE HAMMA 🔨🧊|59/100|[from] item: Rocky Helmet|[of] p1a: Pecharunt
|move|p1a: Pecharunt|Malignant Chain|p2a: ICE HAMMA 🔨🧊
|-damage|p2a: ICE HAMMA 🔨🧊|24/100
|-status|p2a: ICE HAMMA 🔨🧊|tox
|-start|p2a: ICE HAMMA 🔨🧊|confusion|[from] ability: Poison Puppeteer|[of] p1a: Pecharunt
|
|-damage|p2a: ICE HAMMA 🔨🧊|18/100 tox|[from] psn
|upkeep
|turn|20
|c|☆sonic superstars|Just give crab tough claws
|inactive|skidog has 90 seconds left.
|
|t:|1758295820
|-activate|p2a: ICE HAMMA 🔨🧊|confusion
|move|p2a: ICE HAMMA 🔨🧊|Ice Hammer|p1a: Pecharunt
|-damage|p1a: Pecharunt|0 fnt
|-unboost|p2a: ICE HAMMA 🔨🧊|spe|1
|-damage|p2a: ICE HAMMA 🔨🧊|1/100 tox|[from] item: Rocky Helmet|[of] p1a: Pecharunt
|faint|p1a: Pecharunt
|
|-damage|p2a: ICE HAMMA 🔨🧊|0 fnt|[from] psn
|faint|p2a: ICE HAMMA 🔨🧊
|upkeep
|
|t:|1758295832
|switch|p2a: Slowking|Slowking-Galar, F|65/100
|switch|p1a: Enamorus|Enamorus, F|100/100
|-damage|p2a: Slowking|52/100|[from] Stealth Rock
|turn|21
|c|☆sonic superstars|Hoopa first what
|c|☆sonic superstars|No?
|c|☆sonic superstars|doesnt change anything
|c|☆sonic superstars|i lose because of the shitty item
|c|☆sonic superstars|hoopa cant kill this
|c|☆sonic superstars|No double out
|
|t:|1758295856
|switch|p2a: Hoopa|Hoopa-Unbound|33/100
|-damage|p2a: Hoopa|21/100|[from] Stealth Rock
|move|p1a: Enamorus|Earth Power|p2a: Hoopa
|-crit|p2a: Hoopa
|-damage|p2a: Hoopa|0 fnt
|faint|p2a: Hoopa
|
|-fieldend|move: Trick Room
|upkeep
|
|t:|1758295860
|switch|p2a: Slowking|Slowking-Galar, F|86/100
|-damage|p2a: Slowking|73/100|[from] Stealth Rock
|turn|22
|c|☆sonic superstars|And crit
|c|☆sonic superstars|pls be scarf
|
|t:|1758295866
|move|p1a: Enamorus|Earth Power|p2a: Slowking
|-supereffective|p2a: Slowking
|-damage|p2a: Slowking|0 fnt
|faint|p2a: Slowking
|
|win|skidog
|raw|skidog's rating: 1697 &rarr; <strong>1715</strong><br />(+18 for winning)
|raw|sonic superstars's rating: 1660 &rarr; <strong>1642</strong><br />(-18 for losing)
|c|☆sonic superstars|brooooo
|c|☆skidog|gg
|l| WalkingLake
|c|☆sonic superstars|no gg
|c|☆sonic superstars|Gg
|l|☆skidog
|player|p1|
|l| teazzikoi123
|l| FaronAan
|l| sonicsuperstars
|l| Nikator98
