|j|☆singingtheblues
|j|☆tregafzzg4
|t:|1758329848
|gametype|singles
|player|p1|singingtheblues|byron|1469
|player|p2|tregafzzg4|sage|1480
|gen|9
|tier|[Gen 9] OU
|rated|
|rule|HP Percentage Mod: HP is shown in percentages
|rule|Endless Battle Clause: Forcing endless battles is banned
|rule|Species Clause: Limit one of each Pokémon
|rule|OHKO Clause: OHKO moves are banned
|rule|Evasion Items Clause: Evasion items are banned
|rule|Evasion Moves Clause: Evasion moves are banned
|rule|Evasion Abilities Clause: Evasion abilities are banned
|rule|Sleep Moves Clause: Sleep-inducing moves are banned
|clearpoke
|poke|p1|Avalugg, M|
|poke|p1|Goodra, M|
|poke|p1|Fezandipiti, M|
|poke|p1|Uxie|
|poke|p1|Gholdengo|
|poke|p1|Tauros-Paldea-Aqua, M|
|poke|p2|Dragapult, F|
|poke|p2|Weezing-Galar, F|
|poke|p2|Moltres|
|poke|p2|Scizor, F|
|poke|p2|Kyurem|
|poke|p2|Muk-Alola, M|
|teampreview
|
|t:|1758329884
|teamsize|p1|6
|teamsize|p2|6
|start
|switch|p1a: Fezandipiti|Fezandipiti, M|100/100
|switch|p2a: Scizor|Scizor, F|100/100
|turn|1
|
|t:|1758329895
|move|p2a: Scizor|Bullet Punch|p1a: Fezandipiti
|-supereffective|p1a: Fezandipiti
|-damage|p1a: Fezandipiti|0 fnt
|faint|p1a: Fezandipiti
|
|upkeep
|
|t:|1758329901
|switch|p1a: Tauros|Tauros-Paldea-Aqua, M|100/100
|-ability|p1a: Tauros|Intimidate|boost
|-unboost|p2a: Scizor|atk|1
|turn|2
|
|t:|1758329909
|switch|p2a: Weezing|Weezing-Galar, F|100/100
|-ability|p2a: Weezing|Neutralizing Gas
|move|p1a: Tauros|Bulk Up|p1a: Tauros
|-boost|p1a: Tauros|atk|1
|-boost|p1a: Tauros|def|1
|
|upkeep
|turn|3
|
|t:|1758329914
|move|p1a: Tauros|Bulk Up|p1a: Tauros
|-boost|p1a: Tauros|atk|1
|-boost|p1a: Tauros|def|1
|move|p2a: Weezing|Will-O-Wisp|p1a: Tauros
|-status|p1a: Tauros|brn
|-enditem|p1a: Tauros|Lum Berry|[eat]
|-curestatus|p1a: Tauros|brn|[msg]
|
|upkeep
|turn|4
|
|t:|1758329920
|move|p1a: Tauros|Wave Crash|p2a: Weezing
|-damage|p2a: Weezing|23/100
|-damage|p1a: Tauros|71/100|[from] Recoil
|move|p2a: Weezing|Will-O-Wisp|p1a: Tauros
|-status|p1a: Tauros|brn
|
|-damage|p1a: Tauros|65/100 brn|[from] brn
|upkeep
|turn|5
|
|t:|1758329927
|move|p1a: Tauros|Wave Crash|p2a: Weezing
|-damage|p2a: Weezing|0 fnt
|faint|p2a: Weezing
|-end|p2a: Weezing|ability: Neutralizing Gas
|-damage|p1a: Tauros|57/100 brn|[from] Recoil
|
|-damage|p1a: Tauros|50/100 brn|[from] brn
|upkeep
|
|t:|1758329932
|switch|p2a: Kyurem|Kyurem|100/100
|-ability|p2a: Kyurem|Pressure
|turn|6
|
|t:|1758329937
|move|p2a: Kyurem|Freeze-Dry|p1a: Tauros
|-supereffective|p1a: Tauros
|-damage|p1a: Tauros|0 fnt
|faint|p1a: Tauros
|
|upkeep
|
|t:|1758329942
|switch|p1a: Avalugg|Avalugg, M|100/100
|turn|7
|
|t:|1758329946
|switch|p2a: Moltres|Moltres|100/100
|move|p1a: Avalugg|Iron Defense|p1a: Avalugg
|-boost|p1a: Avalugg|def|2
|
|upkeep
|turn|8
|
|t:|1758329950
|-terastallize|p1a: Avalugg|Fire
|move|p2a: Moltres|Flamethrower|p1a: Avalugg
|-resisted|p1a: Avalugg
|-damage|p1a: Avalugg|73/100
|move|p1a: Avalugg|Iron Defense|p1a: Avalugg
|-boost|p1a: Avalugg|def|2
|
|upkeep
|turn|9
|
|t:|1758329954
|move|p2a: Moltres|Scorching Sands|p1a: Avalugg
|-supereffective|p1a: Avalugg
|-damage|p1a: Avalugg|7/100
|move|p1a: Avalugg|Iron Defense|p1a: Avalugg
|-boost|p1a: Avalugg|def|2
|
|upkeep
|turn|10
|
|t:|1758329959
|move|p2a: Moltres|Scorching Sands|p1a: Avalugg
|-supereffective|p1a: Avalugg
|-damage|p1a: Avalugg|0 fnt
|faint|p1a: Avalugg
|
|upkeep
|
|t:|1758329960
|switch|p1a: Goodra|Goodra, M|100/100
|turn|11
|
|t:|1758329967
|move|p2a: Moltres|U-turn|p1a: Goodra
|-damage|p1a: Goodra|82/100
|
|t:|1758329971
|switch|p2a: Muk|Muk-Alola, M|100/100|[from] U-turn
|move|p1a: Goodra|Sludge Bomb|p2a: Muk
|-resisted|p2a: Muk
|-damage|p2a: Muk|94/100
|
|upkeep
|turn|12
|
|t:|1758329976
|move|p1a: Goodra|Draco Meteor|p2a: Muk
|-damage|p2a: Muk|70/100
|-unboost|p1a: Goodra|spa|2
|move|p2a: Muk|Knock Off|p1a: Goodra
|-damage|p1a: Goodra|41/100
|-enditem|p1a: Goodra|Assault Vest|[from] move: Knock Off|[of] p2a: Muk
|
|upkeep
|turn|13
|-message|singingtheblues forfeited.
|
|win|tregafzzg4
|raw|singingtheblues's rating: 1469 &rarr; <strong>1450</strong><br />(-19 for losing)
|raw|tregafzzg4's rating: 1480 &rarr; <strong>1499</strong><br />(+19 for winning)
|l|☆singingtheblues
|player|p1|
|c|☆tregafzzg4|gg
|l|☆tregafzzg4
|player|p2|
