|j|☆dxrkisgoated
|j|☆gopiki
|t:|1758370594
|gametype|singles
|player|p1|dxrkisgoated|ghetsis-gen5bw|1601
|player|p2|gopiki|266|1566
|gen|9
|tier|[Gen 9] OU
|rated|
|rule|HP Percentage Mod: HP is shown in percentages
|rule|Endless Battle Clause: Forcing endless battles is banned
|rule|Species Clause: Limit one of each Pokémon
|rule|OHKO Clause: OHKO moves are banned
|rule|Evasion Items Clause: Evasion items are banned
|rule|Evasion Moves Clause: Evasion moves are banned
|rule|Evasion Abilities Clause: Evasion abilities are banned
|rule|Sleep Moves Clause: Sleep-inducing moves are banned
|clearpoke
|poke|p1|Rillaboom, M|
|poke|p1|Hawlucha, F|
|poke|p1|Iron Valiant|
|poke|p1|Samurott-Hisui, F|
|poke|p1|Great Tusk|
|poke|p1|Gholdengo|
|poke|p2|Mabosstiff, F|
|poke|p2|Moltres|
|poke|p2|Alomomola, M|
|poke|p2|Raging Bolt|
|poke|p2|Clodsire, F|
|poke|p2|Ogerpon-Wellspring, F|
|teampreview
|
|t:|1758370615
|teamsize|p1|6
|teamsize|p2|6
|start
|switch|p1a: Samurott|Samurott-Hisui, F|100/100
|switch|p2a: Ogerpon|Ogerpon-Wellspring, F|100/100
|turn|1
|
|t:|1758370622
|move|p1a: Samurott|Ceaseless Edge|p2a: Ogerpon
|-damage|p2a: Ogerpon|47/100
|-sidestart|p2: gopiki|Spikes
|move|p2a: Ogerpon|Horn Leech|p1a: Samurott
|-supereffective|p1a: Samurott
|-damage|p1a: Samurott|0 fnt
|-heal|p2a: Ogerpon|100/100|[from] drain|[of] p1a: Samurott
|faint|p1a: Samurott
|
|upkeep
|
|t:|1758370630
|switch|p1a: Rillaboom|Rillaboom, M|100/100
|-fieldstart|move: Grassy Terrain|[from] ability: Grassy Surge|[of] p1a: Rillaboom
|turn|2
|
|t:|1758370639
|move|p2a: Ogerpon|U-turn|p1a: Rillaboom
|-supereffective|p1a: Rillaboom
|-damage|p1a: Rillaboom|49/100
|
|t:|1758370644
|switch|p2a: Moltres|Moltres|100/100|[from] U-turn
|move|p1a: Rillaboom|U-turn|p2a: Moltres
|-resisted|p2a: Moltres
|-damage|p2a: Moltres|91/100
|
|t:|1758370658
|switch|p1a: Gholdengo|Gholdengo|100/100|[from] U-turn
|
|upkeep
|turn|3
|
|t:|1758370667
|switch|p2a: Clodsire|Clodsire, F|100/100
|-damage|p2a: Clodsire|88/100|[from] Spikes
|-terastallize|p1a: Gholdengo|Fighting
|move|p1a: Gholdengo|Shadow Ball|p2a: Clodsire
|-damage|p2a: Clodsire|64/100
|
|-heal|p2a: Clodsire|70/100|[from] Grassy Terrain
|-heal|p2a: Clodsire|76/100|[from] item: Leftovers
|upkeep
|turn|4
|
|t:|1758370683
|switch|p1a: Great Tusk|Great Tusk|100/100
|move|p2a: Clodsire|Earthquake|p1a: Great Tusk
|-damage|p1a: Great Tusk|92/100
|
|-heal|p1a: Great Tusk|98/100|[from] Grassy Terrain
|-heal|p2a: Clodsire|83/100|[from] Grassy Terrain
|-heal|p2a: Clodsire|89/100|[from] item: Leftovers
|upkeep
|turn|5
|
|t:|1758370693
|switch|p2a: Moltres|Moltres|91/100
|move|p1a: Great Tusk|Rapid Spin|p2a: Moltres
|-damage|p2a: Moltres|74/100
|-boost|p1a: Great Tusk|spe|1
|
|-heal|p1a: Great Tusk|100/100|[from] Grassy Terrain
|upkeep
|turn|6
|
|t:|1758370705
|move|p1a: Great Tusk|Close Combat|p2a: Moltres
|-resisted|p2a: Moltres
|-damage|p2a: Moltres|41/100
|-unboost|p1a: Great Tusk|def|1
|-unboost|p1a: Great Tusk|spd|1
|-status|p1a: Great Tusk|brn|[from] ability: Flame Body|[of] p2a: Moltres
|-enditem|p1a: Great Tusk|Eject Pack
|
|t:|1758370707
|-end|p1a: Great Tusk|Protosynthesis|[silent]
|switch|p1a: Gholdengo|Gholdengo, tera:Fighting|100/100
|move|p2a: Moltres|Hurricane|p1a: Gholdengo
|-supereffective|p1a: Gholdengo
|-damage|p1a: Gholdengo|0 fnt
|faint|p1a: Gholdengo
|
|-fieldend|move: Grassy Terrain
|upkeep
|c|☆dxrkisgoated|i forgot i tera
|c|☆dxrkisgoated|😭
|c|☆dxrkisgoated|I'm not winning ts
|-message|dxrkisgoated forfeited.
|
|win|gopiki
|raw|dxrkisgoated's rating: 1601 &rarr; <strong>1579</strong><br />(-22 for losing)
|raw|gopiki's rating: 1566 &rarr; <strong>1588</strong><br />(+22 for winning)
|c|☆dxrkisgoated|gg
|l|☆dxrkisgoated
|player|p1|
