|j|☆guian_6
|j|☆C_est_Zar
|t:|1758270428
|gametype|singles
|player|p1|guian_6|1|1112
|player|p2|C_est_Zar|hilbert|1111
|gen|9
|tier|[Gen 9] OU
|rated|
|rule|HP Percentage Mod: HP is shown in percentages
|rule|Endless Battle Clause: Forcing endless battles is banned
|rule|Species Clause: Limit one of each Pokémon
|rule|OHKO Clause: OHKO moves are banned
|rule|Evasion Items Clause: Evasion items are banned
|rule|Evasion Moves Clause: Evasion moves are banned
|rule|Evasion Abilities Clause: Evasion abilities are banned
|rule|Sleep Moves Clause: Sleep-inducing moves are banned
|clearpoke
|poke|p1|Great Tusk|
|poke|p1|Heatran, M|
|poke|p1|Weavile, M|
|poke|p1|Primarina, M|
|poke|p1|Ogerpon, F|
|poke|p1|Pecharunt|
|poke|p2|Great Tusk|
|poke|p2|Slowking-Galar, M|
|poke|p2|Alomomola, M|
|poke|p2|Kingambit, F|
|poke|p2|Dragapult, F|
|poke|p2|Toucannon, M|
|teampreview
|
|t:|1758270454
|teamsize|p1|6
|teamsize|p2|6
|start
|switch|p1a: Chaos|Heatran, M|100/100
|switch|p2a: Toucannon|Toucannon, M|100/100
|-item|p1a: Chaos|Air Balloon
|turn|1
|
|t:|1758270470
|move|p1a: Chaos|Stealth Rock|p2a: Toucannon
|-sidestart|p2: C_est_Zar|move: Stealth Rock
|move|p2a: Toucannon|Rock Blast|p1a: Chaos
|-crit|p1a: Chaos
|-damage|p1a: Chaos|80/100
|-enditem|p1a: Chaos|Air Balloon
|-damage|p1a: Chaos|66/100
|-damage|p1a: Chaos|51/100
|-damage|p1a: Chaos|36/100
|-damage|p1a: Chaos|22/100
|-hitcount|p1a: Chaos|5
|
|upkeep
|turn|2
|
|t:|1758270482
|switch|p1a: Overseer|Pecharunt|100/100
|move|p2a: Toucannon|Rock Blast|p1a: Overseer|[miss]
|-miss|p2a: Toucannon|p1a: Overseer
|
|upkeep
|turn|3
|
|t:|1758270504
|switch|p2a: Slowking|Slowking-Galar, M|100/100
|move|p1a: Overseer|Parting Shot|p2a: Slowking
|-unboost|p2a: Slowking|atk|1
|-unboost|p2a: Slowking|spa|1
|
|t:|1758270510
|switch|p1a: Bandit|Weavile, M|100/100|[from] Parting Shot
|-ability|p1a: Bandit|Pressure
|
|upkeep
|turn|4
|
|t:|1758270536
|move|p1a: Bandit|Knock Off|p2a: Slowking
|-supereffective|p2a: Slowking
|-crit|p2a: Slowking
|-damage|p2a: Slowking|0 fnt
|-enditem|p2a: Slowking|Heavy-Duty Boots|[from] move: Knock Off|[of] p1a: Bandit
|faint|p2a: Slowking
|
|upkeep
|
|t:|1758270543
|switch|p2a: Alomomola|Alomomola, M|100/100
|turn|5
|
|t:|1758270551
|switch|p1a: Celestine|Primarina, M|100/100
|move|p2a: Alomomola|Scald|p1a: Celestine
|-resisted|p1a: Celestine
|-damage|p1a: Celestine|97/100
|-status|p1a: Celestine|brn
|
|-damage|p1a: Celestine|91/100 brn|[from] brn
|upkeep
|turn|6
|
|t:|1758270563
|move|p1a: Celestine|Whirlpool|p2a: Alomomola
|-resisted|p2a: Alomomola
|-crit|p2a: Alomomola
|-damage|p2a: Alomomola|82/100
|-activate|p2a: Alomomola|move: Whirlpool|[of] p1a: Celestine
|move|p2a: Alomomola|Flip Turn|p1a: Celestine
|-resisted|p1a: Celestine
|-damage|p1a: Celestine|82/100 brn
|
|t:|1758270572
|switch|p2a: Toucannon|Toucannon, M|100/100|[from] Flip Turn
|-damage|p2a: Toucannon|76/100|[from] Stealth Rock
|
|-damage|p1a: Celestine|76/100 brn|[from] brn
|upkeep
|turn|7
|
|t:|1758270581
|switch|p1a: Overseer|Pecharunt|100/100
|move|p2a: Toucannon|Bullet Seed|p1a: Overseer
|-resisted|p1a: Overseer
|-damage|p1a: Overseer|97/100
|-resisted|p1a: Overseer
|-damage|p1a: Overseer|94/100
|-resisted|p1a: Overseer
|-damage|p1a: Overseer|91/100
|-resisted|p1a: Overseer
|-damage|p1a: Overseer|88/100
|-resisted|p1a: Overseer
|-damage|p1a: Overseer|84/100
|-hitcount|p1a: Overseer|5
|
|upkeep
|turn|8
|
|t:|1758270603
|switch|p2a: Alomomola|Alomomola, M|100/100
|move|p1a: Overseer|Parting Shot|p2a: Alomomola
|-unboost|p2a: Alomomola|atk|1
|-unboost|p2a: Alomomola|spa|1
|
|t:|1758270608
|switch|p1a: Anonymous|Ogerpon, F|100/100|[from] Parting Shot
|
|upkeep
|turn|9
|
|t:|1758270628
|move|p1a: Anonymous|Knock Off|p2a: Alomomola
|-damage|p2a: Alomomola|76/100
|-enditem|p2a: Alomomola|Heavy-Duty Boots|[from] move: Knock Off|[of] p1a: Anonymous
|move|p2a: Alomomola|Flip Turn|p1a: Anonymous
|-resisted|p1a: Anonymous
|-damage|p1a: Anonymous|93/100
|
|t:|1758270635
|switch|p2a: Dragapult|Dragapult, F|100/100|[from] Flip Turn
|
|upkeep
|turn|10
|
|t:|1758270652
|switch|p1a: Chaos|Heatran, M|22/100
|move|p2a: Dragapult|Will-O-Wisp|p1a: Chaos
|-start|p1a: Chaos|ability: Flash Fire
|
|upkeep
|turn|11
|
|t:|1758270661
|move|p2a: Dragapult|Hex|p1a: Chaos
|-crit|p1a: Chaos
|-damage|p1a: Chaos|0 fnt
|faint|p1a: Chaos
|
|upkeep
|
|t:|1758270671
|switch|p1a: Celestine|Primarina, M|76/100 brn
|turn|12
|
|t:|1758270703
|move|p2a: Dragapult|U-turn|p1a: Celestine
|-resisted|p1a: Celestine
|-damage|p1a: Celestine|64/100 brn
|
|t:|1758270706
|switch|p2a: Alomomola|Alomomola, M|100/100|[from] U-turn
|-damage|p2a: Alomomola|88/100|[from] Stealth Rock
|move|p1a: Celestine|Moonblast|p2a: Alomomola
|-damage|p2a: Alomomola|27/100
|
|-damage|p1a: Celestine|58/100 brn|[from] brn
|upkeep
|turn|13
|
|t:|1758270716
|move|p2a: Alomomola|Protect|p2a: Alomomola
|-singleturn|p2a: Alomomola|Protect
|move|p1a: Celestine|Moonblast|p2a: Alomomola
|-activate|p2a: Alomomola|move: Protect
|
|-damage|p1a: Celestine|52/100 brn|[from] brn
|upkeep
|turn|14
|
|t:|1758270740
|switch|p2a: Kingambit|Kingambit, F|100/100
|-damage|p2a: Kingambit|94/100|[from] Stealth Rock
|-activate|p2a: Kingambit|ability: Supreme Overlord
|-start|p2a: Kingambit|fallen1|[silent]
|move|p1a: Celestine|Moonblast|p2a: Kingambit
|-damage|p2a: Kingambit|33/100
|-unboost|p2a: Kingambit|spa|1
|
|-heal|p2a: Kingambit|39/100|[from] item: Leftovers
|-damage|p1a: Celestine|46/100 brn|[from] brn
|upkeep
|turn|15
|
|t:|1758270765
|switch|p1a: Behemoth|Great Tusk|100/100
|move|p2a: Kingambit|Sucker Punch||[still]
|-fail|p2a: Kingambit
|
|-heal|p2a: Kingambit|45/100|[from] item: Leftovers
|upkeep
|turn|16
|
|t:|1758270785
|-end|p2a: Kingambit|fallen1|[silent]
|switch|p2a: Toucannon|Toucannon, M|76/100
|-damage|p2a: Toucannon|51/100|[from] Stealth Rock
|move|p1a: Behemoth|Headlong Rush|p2a: Toucannon
|-immune|p2a: Toucannon
|
|upkeep
|turn|17
|
|t:|1758270797
|-end|p1a: Behemoth|Protosynthesis|[silent]
|switch|p1a: Overseer|Pecharunt|84/100
|move|p2a: Toucannon|Bullet Seed|p1a: Overseer
|-resisted|p1a: Overseer
|-damage|p1a: Overseer|82/100
|-resisted|p1a: Overseer
|-damage|p1a: Overseer|79/100
|-resisted|p1a: Overseer
|-damage|p1a: Overseer|75/100
|-resisted|p1a: Overseer
|-damage|p1a: Overseer|72/100
|-resisted|p1a: Overseer
|-damage|p1a: Overseer|69/100
|-hitcount|p1a: Overseer|5
|
|upkeep
|turn|18
|
|t:|1758270810
|move|p2a: Toucannon|Bullet Seed|p1a: Overseer
|-resisted|p1a: Overseer
|-damage|p1a: Overseer|66/100
|-resisted|p1a: Overseer
|-damage|p1a: Overseer|63/100
|-resisted|p1a: Overseer
|-damage|p1a: Overseer|60/100
|-resisted|p1a: Overseer
|-damage|p1a: Overseer|57/100
|-resisted|p1a: Overseer
|-damage|p1a: Overseer|53/100
|-hitcount|p1a: Overseer|5
|move|p1a: Overseer|Parting Shot|p2a: Toucannon
|-unboost|p2a: Toucannon|atk|1
|-unboost|p2a: Toucannon|spa|1
|
|t:|1758270823
|switch|p1a: Bandit|Weavile, M|100/100|[from] Parting Shot
|-ability|p1a: Bandit|Pressure
|
|upkeep
|turn|19
|
|t:|1758270837
|move|p1a: Bandit|Ice Shard|p2a: Toucannon
|-supereffective|p2a: Toucannon
|-damage|p2a: Toucannon|0 fnt
|faint|p2a: Toucannon
|
|upkeep
|
|t:|1758270846
|switch|p2a: Great Tusk|Great Tusk|100/100
|-damage|p2a: Great Tusk|98/100|[from] Stealth Rock
|turn|20
|
|t:|1758270856
|switch|p1a: Behemoth|Great Tusk|100/100
|move|p2a: Great Tusk|Stealth Rock|p1a: Behemoth
|-sidestart|p1: guian_6|move: Stealth Rock
|
|upkeep
|turn|21
|
|t:|1758270874
|move|p1a: Behemoth|Ice Spinner|p2a: Great Tusk
|-supereffective|p2a: Great Tusk
|-damage|p2a: Great Tusk|64/100
|-damage|p1a: Behemoth|84/100|[from] item: Rocky Helmet|[of] p2a: Great Tusk
|move|p2a: Great Tusk|Ice Spinner|p1a: Behemoth
|-supereffective|p1a: Behemoth
|-damage|p1a: Behemoth|52/100
|
|upkeep
|turn|22
|
|t:|1758270888
|move|p2a: Great Tusk|Rapid Spin|p1a: Behemoth
|-damage|p1a: Behemoth|41/100
|-boost|p2a: Great Tusk|spe|1
|-sideend|p2: C_est_Zar|Stealth Rock|[from] move: Rapid Spin|[of] p2a: Great Tusk
|move|p1a: Behemoth|Rapid Spin|p2a: Great Tusk
|-damage|p2a: Great Tusk|52/100
|-boost|p1a: Behemoth|spe|1
|-damage|p1a: Behemoth|24/100|[from] item: Rocky Helmet|[of] p2a: Great Tusk
|-sideend|p1: guian_6|Stealth Rock|[from] move: Rapid Spin|[of] p1a: Behemoth
|
|upkeep
|turn|23
|
|t:|1758270917
|move|p1a: Behemoth|Ice Spinner|p2a: Great Tusk
|-supereffective|p2a: Great Tusk
|-damage|p2a: Great Tusk|18/100
|-damage|p1a: Behemoth|8/100|[from] item: Rocky Helmet|[of] p2a: Great Tusk
|move|p2a: Great Tusk|Ice Spinner|p1a: Behemoth
|-supereffective|p1a: Behemoth
|-damage|p1a: Behemoth|0 fnt
|faint|p1a: Behemoth
|-end|p1a: Behemoth|Protosynthesis|[silent]
|
|upkeep
|
|t:|1758270926
|switch|p1a: Bandit|Weavile, M|100/100
|-ability|p1a: Bandit|Pressure
|turn|24
|
|t:|1758270936
|move|p1a: Bandit|Ice Shard|p2a: Great Tusk
|-supereffective|p2a: Great Tusk
|-damage|p2a: Great Tusk|0 fnt
|faint|p2a: Great Tusk
|-end|p2a: Great Tusk|Protosynthesis|[silent]
|
|upkeep
|
|t:|1758270945
|switch|p2a: Alomomola|Alomomola, M|60/100
|turn|25
|
|t:|1758270949
|switch|p1a: Overseer|Pecharunt|53/100
|move|p2a: Alomomola|Wish|p2a: Alomomola
|
|upkeep
|turn|26
|
|t:|1758270956
|move|p2a: Alomomola|Protect|p2a: Alomomola
|-singleturn|p2a: Alomomola|Protect
|move|p1a: Overseer|Recover|p1a: Overseer
|-heal|p1a: Overseer|100/100
|
|-heal|p2a: Alomomola|100/100|[from] move: Wish|[wisher] Alomomola
|upkeep
|turn|27
|
|t:|1758270967
|switch|p2a: Kingambit|Kingambit, F|45/100
|-activate|p2a: Kingambit|ability: Supreme Overlord
|-start|p2a: Kingambit|fallen3|[silent]
|move|p1a: Overseer|Malignant Chain|p2a: Kingambit
|-immune|p2a: Kingambit
|
|-heal|p2a: Kingambit|51/100|[from] item: Leftovers
|upkeep
|turn|28
|
|t:|1758270986
|move|p1a: Overseer|Shadow Ball|p2a: Kingambit
|-resisted|p2a: Kingambit
|-damage|p2a: Kingambit|37/100
|move|p2a: Kingambit|Swords Dance|p2a: Kingambit
|-boost|p2a: Kingambit|atk|2
|
|-heal|p2a: Kingambit|43/100|[from] item: Leftovers
|upkeep
|turn|29
|
|t:|1758270997
|move|p1a: Overseer|Shadow Ball|p2a: Kingambit
|-resisted|p2a: Kingambit
|-damage|p2a: Kingambit|30/100
|-unboost|p2a: Kingambit|spd|1
|move|p2a: Kingambit|Swords Dance|p2a: Kingambit
|-boost|p2a: Kingambit|atk|2
|
|-heal|p2a: Kingambit|36/100|[from] item: Leftovers
|upkeep
|turn|30
|
|t:|1758271027
|move|p2a: Kingambit|Sucker Punch|p1a: Overseer
|-supereffective|p1a: Overseer
|-damage|p1a: Overseer|0 fnt
|-damage|p2a: Kingambit|19/100|[from] item: Rocky Helmet|[of] p1a: Overseer
|faint|p1a: Overseer
|
|-heal|p2a: Kingambit|25/100|[from] item: Leftovers
|upkeep
|
|t:|1758271041
|switch|p1a: Bandit|Weavile, M|100/100
|-ability|p1a: Bandit|Pressure
|turn|31
|
|t:|1758271047
|-terastallize|p1a: Bandit|Ice
|move|p1a: Bandit|Ice Shard|p2a: Kingambit
|-resisted|p2a: Kingambit
|-damage|p2a: Kingambit|8/100
|move|p2a: Kingambit|Low Kick|p1a: Bandit
|-supereffective|p1a: Bandit
|-damage|p1a: Bandit|0 fnt
|faint|p1a: Bandit
|
|-heal|p2a: Kingambit|14/100|[from] item: Leftovers
|upkeep
|
|t:|1758271054
|switch|p1a: Celestine|Primarina, M|46/100 brn
|turn|32
|
|t:|1758271061
|move|p2a: Kingambit|Sucker Punch|p1a: Celestine
|-resisted|p1a: Celestine
|-damage|p1a: Celestine|0 fnt
|faint|p1a: Celestine
|
|-heal|p2a: Kingambit|20/100|[from] item: Leftovers
|upkeep
|c|☆guian_6|gg
|-message|guian_6 forfeited.
|
|win|C_est_Zar
|raw|guian_6's rating: 1112 &rarr; <strong>1087</strong><br />(-25 for losing)
|raw|C_est_Zar's rating: 1111 &rarr; <strong>1136</strong><br />(+25 for winning)
|l|☆guian_6
|player|p1|
|l|☆C_est_Zar
|player|p2|
