|j|☆leosyspu
|j|☆Spindlyskit
|t:|1758367422
|gametype|singles
|player|p1|leosyspu|cynthia|1449
|player|p2|Spindlyskit|170|1382
|gen|9
|tier|[Gen 9] OU
|rated|
|rule|HP Percentage Mod: HP is shown in percentages
|rule|Endless Battle Clause: Forcing endless battles is banned
|rule|Species Clause: Limit one of each Pokémon
|rule|OHKO Clause: OHKO moves are banned
|rule|Evasion Items Clause: Evasion items are banned
|rule|Evasion Moves Clause: Evasion moves are banned
|rule|Evasion Abilities Clause: Evasion abilities are banned
|rule|Sleep Moves Clause: Sleep-inducing moves are banned
|clearpoke
|poke|p1|Crawdaunt, M|
|poke|p1|Dragonite, F|
|poke|p1|Scizor, M|
|poke|p1|Dusclops, F|
|poke|p1|Rotom-Wash|
|poke|p1|Porygon2|
|poke|p2|Ceruledge, M|
|poke|p2|Iron Moth|
|poke|p2|Latias, F|
|poke|p2|Kyurem|
|poke|p2|Ninetales-Alola, F|
|poke|p2|Raging Bolt|
|teampreview
|inactive|Battle timer is ON: inactive players will automatically lose when time's up. (requested by Spindlyskit)
|inactive|leosyspu also wants the timer to be on.
|
|t:|1758367438
|teamsize|p1|6
|teamsize|p2|6
|start
|switch|p1a: 红色铁拳炮|Scizor, M|100/100
|switch|p2a: Ceruledge|Ceruledge, M|100/100
|turn|1
|
|t:|1758367451
|-terastallize|p1a: 红色铁拳炮|Flying
|move|p2a: Ceruledge|Swords Dance|p2a: Ceruledge
|-boost|p2a: Ceruledge|atk|2
|move|p1a: 红色铁拳炮|Dual Wingbeat|p2a: Ceruledge|[miss]
|-miss|p1a: 红色铁拳炮|p2a: Ceruledge
|
|upkeep
|turn|2
|
|t:|1758367461
|move|p2a: Ceruledge|Poltergeist|p1a: 红色铁拳炮
|-activate|p1a: 红色铁拳炮|move: Poltergeist|Leftovers
|-crit|p1a: 红色铁拳炮
|-damage|p1a: 红色铁拳炮|0 fnt
|faint|p1a: 红色铁拳炮
|
|upkeep
|
|t:|1758367480
|switch|p1a: Porygon2|Porygon2|100/100
|-ability|p1a: Porygon2|Download|boost
|-boost|p1a: Porygon2|atk|1
|turn|3
|
|t:|1758367484
|move|p2a: Ceruledge|Bitter Blade|p1a: Porygon2
|-damage|p1a: Porygon2|40/100
|move|p1a: Porygon2|Trick Room|p1a: Porygon2
|-fieldstart|move: Trick Room|[of] p1a: Porygon2
|
|upkeep
|turn|4
|
|t:|1758367490
|move|p1a: Porygon2|Thunderbolt|p2a: Ceruledge
|-damage|p2a: Ceruledge|65/100
|move|p2a: Ceruledge|Bitter Blade|p1a: Porygon2
|-damage|p1a: Porygon2|0 fnt
|-heal|p2a: Ceruledge|90/100|[from] drain|[of] p1a: Porygon2
|faint|p1a: Porygon2
|
|upkeep
|
|t:|1758367500
|switch|p1a: 乔尼亚斯奥特曼|Crawdaunt, M|100/100
|turn|5
|
|t:|1758367505
|move|p1a: 乔尼亚斯奥特曼|Crabhammer|p2a: Ceruledge
|-supereffective|p2a: Ceruledge
|-damage|p2a: Ceruledge|0 fnt
|faint|p2a: Ceruledge
|-damage|p1a: 乔尼亚斯奥特曼|90/100|[from] item: Life Orb
|
|upkeep
|
|t:|1758367513
|switch|p2a: Raging Bolt|Raging Bolt|100/100
|-enditem|p2a: Raging Bolt|Booster Energy
|-activate|p2a: Raging Bolt|ability: Protosynthesis|[fromitem]
|-start|p2a: Raging Bolt|protosynthesisspa
|turn|6
|
|t:|1758367519
|move|p1a: 乔尼亚斯奥特曼|Aqua Jet|p2a: Raging Bolt
|-resisted|p2a: Raging Bolt
|-damage|p2a: Raging Bolt|84/100
|-damage|p1a: 乔尼亚斯奥特曼|80/100|[from] item: Life Orb
|move|p2a: Raging Bolt|Thunderbolt|p1a: 乔尼亚斯奥特曼
|-supereffective|p1a: 乔尼亚斯奥特曼
|-damage|p1a: 乔尼亚斯奥特曼|0 fnt
|faint|p1a: 乔尼亚斯奥特曼
|
|upkeep
|
|t:|1758367528
|switch|p1a: 小左轮|Rotom-Wash|100/100
|turn|7
|
|t:|1758367539
|move|p2a: Raging Bolt|Thunderbolt|p1a: 小左轮
|-damage|p1a: 小左轮|3/100
|move|p1a: 小左轮|Trick|p2a: Raging Bolt
|-activate|p1a: 小左轮|move: Trick|[of] p2a: Raging Bolt
|-item|p2a: Raging Bolt|Choice Scarf|[from] move: Trick
|-enditem|p1a: 小左轮|Choice Scarf|[silent]|[from] move: Trick
|
|-fieldend|move: Trick Room
|upkeep
|turn|8
|
|t:|1758367547
|move|p2a: Raging Bolt|Dragon Pulse|p1a: 小左轮
|-damage|p1a: 小左轮|0 fnt
|faint|p1a: 小左轮
|
|upkeep
|
|t:|1758367551
|switch|p1a: 消音器|Dusclops, F|100/100
|-item|p2a: Raging Bolt|Choice Scarf|[from] ability: Frisk|[of] p1a: 消音器
|turn|9
|
|t:|1758367556
|move|p2a: Raging Bolt|Dragon Pulse|p1a: 消音器
|-damage|p1a: 消音器|63/100
|move|p1a: 消音器|Trick Room|p1a: 消音器
|-fieldstart|move: Trick Room|[of] p1a: 消音器
|
|upkeep
|turn|10
|
|t:|1758367561
|move|p1a: 消音器|Memento|p2a: Raging Bolt
|-unboost|p2a: Raging Bolt|atk|2
|-unboost|p2a: Raging Bolt|spa|2
|faint|p1a: 消音器
|move|p2a: Raging Bolt|Dragon Pulse|p1: 消音器|[notarget]
|-fail|p2a: Raging Bolt
|
|upkeep
|
|t:|1758367568
|switch|p1a: 强力高速炮|Dragonite, F|100/100
|turn|11
|
|t:|1758367574
|move|p1a: 强力高速炮|Dragon Dance|p1a: 强力高速炮
|-boost|p1a: 强力高速炮|atk|1
|-boost|p1a: 强力高速炮|spe|1
|move|p2a: Raging Bolt|Dragon Pulse|p1a: 强力高速炮
|-supereffective|p1a: 强力高速炮
|-damage|p1a: 强力高速炮|73/100
|
|-heal|p1a: 强力高速炮|79/100|[from] item: Leftovers
|upkeep
|turn|12
|
|t:|1758367583
|move|p2a: Raging Bolt|Dragon Pulse|p1a: 强力高速炮
|-supereffective|p1a: 强力高速炮
|-damage|p1a: 强力高速炮|16/100
|move|p1a: 强力高速炮|Earthquake|p2a: Raging Bolt
|-supereffective|p2a: Raging Bolt
|-damage|p2a: Raging Bolt|0 fnt
|faint|p2a: Raging Bolt
|-end|p2a: Raging Bolt|Protosynthesis|[silent]
|
|-heal|p1a: 强力高速炮|22/100|[from] item: Leftovers
|upkeep
|
|t:|1758367594
|switch|p2a: Iron Moth|Iron Moth|100/100
|-enditem|p2a: Iron Moth|Booster Energy
|-activate|p2a: Iron Moth|ability: Quark Drive|[fromitem]
|-start|p2a: Iron Moth|quarkdrivespe
|turn|13
|
|t:|1758367599
|-terastallize|p2a: Iron Moth|Grass
|move|p1a: 强力高速炮|Earthquake|p2a: Iron Moth
|-resisted|p2a: Iron Moth
|-damage|p2a: Iron Moth|54/100
|move|p2a: Iron Moth|Dazzling Gleam|p1a: 强力高速炮
|-supereffective|p1a: 强力高速炮
|-damage|p1a: 强力高速炮|0 fnt
|faint|p1a: 强力高速炮
|
|win|Spindlyskit
|raw|leosyspu's rating: 1449 &rarr; <strong>1425</strong><br />(-24 for losing)
|raw|Spindlyskit's rating: 1382 &rarr; <strong>1406</strong><br />(+24 for winning)
|l|☆leosyspu
|player|p1|
|l|☆Spindlyskit
|player|p2|
