|j|☆21stCenturyB0y
|j|☆RoddyJ
|t:|1758309656
|gametype|singles
|player|p1|21stCenturyB0y|argenta|1496
|player|p2|RoddyJ|ethan|1571
|gen|9
|tier|[Gen 9] OU
|rated|
|rule|HP Percentage Mod: HP is shown in percentages
|rule|Endless Battle Clause: Forcing endless battles is banned
|rule|Species Clause: Limit one of each Pokémon
|rule|OHKO Clause: OHKO moves are banned
|rule|Evasion Items Clause: Evasion items are banned
|rule|Evasion Moves Clause: Evasion moves are banned
|rule|Evasion Abilities Clause: Evasion abilities are banned
|rule|Sleep Moves Clause: Sleep-inducing moves are banned
|clearpoke
|poke|p1|Smeargle, M|
|poke|p1|Serperior, M|
|poke|p1|Kingambit, F|
|poke|p1|Dragapult, F|
|poke|p1|Landorus-Therian, M|
|poke|p1|Cinderace, M|
|poke|p2|Iron Crown|
|poke|p2|Articuno-Galar|
|poke|p2|Blaziken, M|
|poke|p2|Dragapult, M|
|poke|p2|Kyurem|
|poke|p2|Glimmora, F|
|teampreview
|inactive|Battle timer is ON: inactive players will automatically lose when time's up. (requested by RoddyJ)
|
|t:|1758309665
|teamsize|p1|6
|teamsize|p2|6
|start
|switch|p1a: The Kitchen Sink|Smeargle, M|100/100
|switch|p2a: Dragapult|Dragapult, M, shiny|100/100
|turn|1
|
|t:|1758309667
|move|p1a: The Kitchen Sink|Burning Bulwark|p1a: The Kitchen Sink
|-singleturn|p1a: The Kitchen Sink|move: Protect
|move|p2a: Dragapult|Dragon Darts|p1a: The Kitchen Sink
|-activate|p1a: The Kitchen Sink|move: Protect
|
|upkeep
|turn|2
|
|t:|1758309673
|switch|p1a: ThatMF|Landorus-Therian, M|100/100
|-ability|p1a: ThatMF|Intimidate|boost
|-fail|p2a: Dragapult|unboost|[from] ability: Clear Body|[of] p2a: Dragapult
|move|p2a: Dragapult|Dragon Darts|p1a: ThatMF
|-damage|p1a: ThatMF|49/100
|-anim|p2a: Dragapult|Dragon Darts|p1a: ThatMF
|-damage|p1a: ThatMF|5/100
|
|upkeep
|turn|3
|
|t:|1758309682
|switch|p2a: Glimmora|Glimmora, F, shiny|100/100
|-item|p2a: Glimmora|Air Balloon
|switch|p1a: The Classic|Kingambit, F|100/100
|
|upkeep
|turn|4
|
|t:|1758309700
|move|p2a: Glimmora|Earth Power|p1a: The Classic
|-supereffective|p1a: The Classic
|-damage|p1a: The Classic|52/100
|move|p1a: The Classic|Iron Head|p2a: Glimmora
|-supereffective|p2a: Glimmora
|-damage|p2a: Glimmora|0 fnt
|-activate|p2a: Glimmora|ability: Toxic Debris
|-sidestart|p1: 21stCenturyB0y|move: Toxic Spikes
|-enditem|p2a: Glimmora|Air Balloon
|faint|p2a: Glimmora
|
|upkeep
|
|t:|1758309710
|switch|p2a: Kyurem|Kyurem, shiny|100/100
|-ability|p2a: Kyurem|Pressure
|turn|5
|
|t:|1758309714
|move|p2a: Kyurem|Earth Power|p1a: The Classic
|-supereffective|p1a: The Classic
|-damage|p1a: The Classic|1/100
|move|p1a: The Classic|Iron Head|p2a: Kyurem
|-supereffective|p2a: Kyurem
|-damage|p2a: Kyurem|5/100
|
|upkeep
|turn|6
|
|t:|1758309717
|move|p1a: The Classic|Sucker Punch|p2a: Kyurem
|-damage|p2a: Kyurem|0 fnt
|faint|p2a: Kyurem
|
|upkeep
|
|t:|1758309720
|switch|p2a: Dragapult|Dragapult, M, shiny|100/100
|turn|7
|
|t:|1758309722
|move|p2a: Dragapult|Sucker Punch|p1a: The Classic
|-resisted|p1a: The Classic
|-crit|p1a: The Classic
|-damage|p1a: The Classic|0 fnt
|faint|p1a: The Classic
|
|upkeep
|
|t:|1758309742
|switch|p1a: Messi|Cinderace, M, shiny|100/100
|turn|8
|inactive|RoddyJ has 120 seconds left.
|
|t:|1758309781
|switch|p2a: Blaziken|Blaziken, M, shiny|100/100
|move|p1a: Messi|Will-O-Wisp|p2a: Blaziken
|-immune|p2a: Blaziken
|
|upkeep
|turn|9
|
|t:|1758309785
|move|p1a: Messi|Court Change|p1a: Messi
|-start|p1a: Messi|typechange|Normal|[from] ability: Libero
|-swapsideconditions
|-activate|p1a: Messi|move: Court Change
|move|p2a: Blaziken|Swords Dance|p2a: Blaziken
|-boost|p2a: Blaziken|atk|2
|
|-ability|p2a: Blaziken|Speed Boost|boost
|-boost|p2a: Blaziken|spe|1
|upkeep
|turn|10
|
|t:|1758309791
|switch|p1a: ThatMF|Landorus-Therian, M|5/100
|-ability|p1a: ThatMF|Intimidate|boost
|-unboost|p2a: Blaziken|atk|1
|move|p2a: Blaziken|Blaze Kick|p1a: ThatMF
|-damage|p1a: ThatMF|0 fnt
|-damage|p2a: Blaziken|84/100|[from] item: Rocky Helmet|[of] p1a: ThatMF
|faint|p1a: ThatMF
|
|-ability|p2a: Blaziken|Speed Boost|boost
|-boost|p2a: Blaziken|spe|1
|upkeep
|
|t:|1758309797
|switch|p1a: The Kitchen Sink|Smeargle, M|100/100
|turn|11
|
|t:|1758309800
|move|p2a: Blaziken|Swords Dance|p2a: Blaziken
|-boost|p2a: Blaziken|atk|2
|move|p1a: The Kitchen Sink|Sticky Web|p2a: Blaziken
|-sidestart|p2: RoddyJ|move: Sticky Web
|
|-ability|p2a: Blaziken|Speed Boost|boost
|-boost|p2a: Blaziken|spe|1
|upkeep
|turn|12
|
|t:|1758309810
|move|p2a: Blaziken|Blaze Kick|p1a: The Kitchen Sink
|-enditem|p1a: The Kitchen Sink|Focus Sash
|-damage|p1a: The Kitchen Sink|1/100
|-status|p1a: The Kitchen Sink|brn
|move|p1a: The Kitchen Sink|Court Change|p1a: The Kitchen Sink
|-swapsideconditions
|-activate|p1a: The Kitchen Sink|move: Court Change
|
|-damage|p1a: The Kitchen Sink|0 fnt|[from] brn
|faint|p1a: The Kitchen Sink
|-ability|p2a: Blaziken|Speed Boost|boost
|-boost|p2a: Blaziken|spe|1
|upkeep
|
|t:|1758309822
|switch|p1a: Cruise Control|Dragapult, F|100/100
|-status|p1a: Cruise Control|psn
|-activate|p1a: Cruise Control|move: Sticky Web
|-fail|p1a: Cruise Control|unboost|[from] ability: Clear Body|[of] p1a: Cruise Control
|turn|13
|
|t:|1758309831
|move|p2a: Blaziken|Endure|p2a: Blaziken
|-singleturn|p2a: Blaziken|move: Endure
|move|p1a: Cruise Control|Draco Meteor|p2a: Blaziken
|-activate|p2a: Blaziken|move: Endure
|-damage|p2a: Blaziken|1/100
|-unboost|p1a: Cruise Control|spa|2
|-damage|p1a: Cruise Control|91/100 psn|[from] item: Life Orb
|
|-damage|p1a: Cruise Control|78/100 psn|[from] psn
|-ability|p2a: Blaziken|Speed Boost|boost
|-boost|p2a: Blaziken|spe|1
|upkeep
|turn|14
|
|t:|1758309839
|move|p2a: Blaziken|Blaze Kick|p1a: Cruise Control
|-resisted|p1a: Cruise Control
|-damage|p1a: Cruise Control|0 fnt
|faint|p1a: Cruise Control
|
|-ability|p2a: Blaziken|Speed Boost|boost
|-boost|p2a: Blaziken|spe|1
|upkeep
|-message|21stCenturyB0y forfeited.
|
|win|RoddyJ
|raw|21stCenturyB0y's rating: 1496 &rarr; <strong>1480</strong><br />(-16 for losing)
|raw|RoddyJ's rating: 1571 &rarr; <strong>1587</strong><br />(+16 for winning)
|l|☆21stCenturyB0y
|player|p1|
|l|☆RoddyJ
|player|p2|
