|j|☆mmmspicy69
|j|☆jajoaoaj
|t:|1758316381
|gametype|singles
|player|p1|mmmspicy69|169|1386
|player|p2|jajoaoaj|dawn|1306
|gen|9
|tier|[Gen 9] OU
|rated|
|rule|HP Percentage Mod: HP is shown in percentages
|rule|Endless Battle Clause: Forcing endless battles is banned
|rule|Species Clause: Limit one of each Pokémon
|rule|OHKO Clause: OHKO moves are banned
|rule|Evasion Items Clause: Evasion items are banned
|rule|Evasion Moves Clause: Evasion moves are banned
|rule|Evasion Abilities Clause: Evasion abilities are banned
|rule|Sleep Moves Clause: Sleep-inducing moves are banned
|clearpoke
|poke|p1|Great Tusk|
|poke|p1|Gliscor, M|
|poke|p1|Zamazenta-*|
|poke|p1|Hatterene, F|
|poke|p1|Dragapult, F|
|poke|p1|Braviary-Hisui, M|
|poke|p2|Cinderace, M|
|poke|p2|Quaquaval, M|
|poke|p2|Thundurus-Therian, M|
|poke|p2|Necrozma|
|poke|p2|Ogerpon-Wellspring, F|
|poke|p2|Dragapult, F|
|teampreview
|
|t:|1758316409
|teamsize|p1|6
|teamsize|p2|6
|start
|switch|p1a: Braviary|Braviary-Hisui, M|100/100
|switch|p2a: Ogerpon|Ogerpon-Wellspring, F|100/100
|turn|1
|
|t:|1758316415
|move|p2a: Ogerpon|Swords Dance|p2a: Ogerpon
|-boost|p2a: Ogerpon|atk|2
|move|p1a: Braviary|Agility|p1a: Braviary
|-boost|p1a: Braviary|spe|2
|
|upkeep
|turn|2
|
|t:|1758316420
|move|p1a: Braviary|Air Slash|p2a: Ogerpon
|-supereffective|p2a: Ogerpon
|-damage|p2a: Ogerpon|0 fnt
|faint|p2a: Ogerpon
|
|upkeep
|
|t:|1758316427
|switch|p2a: Dragapult|Dragapult, F|100/100
|turn|3
|
|t:|1758316433
|-terastallize|p2a: Dragapult|Ghost
|move|p1a: Braviary|Psychic|p2a: Dragapult
|-damage|p2a: Dragapult|0 fnt
|faint|p2a: Dragapult
|
|upkeep
|
|t:|1758316442
|switch|p2a: Necrozma|Necrozma|100/100
|turn|4
|
|t:|1758316446
|move|p1a: Braviary|Air Slash|p2a: Necrozma
|-damage|p2a: Necrozma|44/100
|move|p2a: Necrozma|Calm Mind|p2a: Necrozma
|-boost|p2a: Necrozma|spa|1
|-boost|p2a: Necrozma|spd|1
|
|-heal|p2a: Necrozma|50/100|[from] item: Leftovers
|upkeep
|turn|5
|
|t:|1758316453
|move|p1a: Braviary|Air Slash|p2a: Necrozma
|-damage|p2a: Necrozma|7/100
|move|p2a: Necrozma|Morning Sun|p2a: Necrozma
|-heal|p2a: Necrozma|57/100
|
|-heal|p2a: Necrozma|63/100|[from] item: Leftovers
|upkeep
|turn|6
|
|t:|1758316457
|move|p1a: Braviary|Air Slash|p2a: Necrozma|[miss]
|-miss|p1a: Braviary|p2a: Necrozma
|move|p2a: Necrozma|Morning Sun|p2a: Necrozma
|-heal|p2a: Necrozma|100/100
|
|upkeep
|turn|7
|
|t:|1758316461
|move|p1a: Braviary|Air Slash|p2a: Necrozma
|-damage|p2a: Necrozma|61/100
|move|p2a: Necrozma|Calm Mind|p2a: Necrozma
|-boost|p2a: Necrozma|spa|1
|-boost|p2a: Necrozma|spd|1
|
|-heal|p2a: Necrozma|67/100|[from] item: Leftovers
|upkeep
|turn|8
|
|t:|1758316465
|move|p1a: Braviary|Air Slash|p2a: Necrozma
|-damage|p2a: Necrozma|38/100
|move|p2a: Necrozma|Morning Sun|p2a: Necrozma
|-heal|p2a: Necrozma|88/100
|
|-heal|p2a: Necrozma|94/100|[from] item: Leftovers
|upkeep
|turn|9
|
|t:|1758316475
|switch|p1a: Great Tusk|Great Tusk|100/100
|-enditem|p1a: Great Tusk|Booster Energy
|-activate|p1a: Great Tusk|ability: Protosynthesis|[fromitem]
|-start|p1a: Great Tusk|protosynthesisatk
|move|p2a: Necrozma|Calm Mind|p2a: Necrozma
|-boost|p2a: Necrozma|spa|1
|-boost|p2a: Necrozma|spd|1
|
|-heal|p2a: Necrozma|99/100|[from] item: Leftovers
|upkeep
|turn|10
|
|t:|1758316483
|-terastallize|p1a: Great Tusk|Ground
|move|p1a: Great Tusk|Headlong Rush|p2a: Necrozma
|-damage|p2a: Necrozma|0 fnt
|-unboost|p1a: Great Tusk|def|1
|-unboost|p1a: Great Tusk|spd|1
|faint|p2a: Necrozma
|
|upkeep
|
|t:|1758316489
|switch|p2a: Thundurus|Thundurus-Therian, M|100/100
|turn|11
|
|t:|1758316493
|move|p2a: Thundurus|Grass Knot|p1a: Great Tusk
|-supereffective|p1a: Great Tusk
|-damage|p1a: Great Tusk|0 fnt
|faint|p1a: Great Tusk
|-end|p1a: Great Tusk|Protosynthesis|[silent]
|-damage|p2a: Thundurus|91/100|[from] item: Life Orb
|
|upkeep
|
|t:|1758316497
|switch|p1a: Braviary|Braviary-Hisui, M|100/100
|turn|12
|
|t:|1758316500
|move|p2a: Thundurus|Thunderbolt|p1a: Braviary
|-supereffective|p1a: Braviary
|-damage|p1a: Braviary|0 fnt
|faint|p1a: Braviary
|-damage|p2a: Thundurus|81/100|[from] item: Life Orb
|
|upkeep
|
|t:|1758316505
|switch|p1a: Dragapult|Dragapult, F|100/100
|turn|13
|
|t:|1758316508
|move|p1a: Dragapult|Draco Meteor|p2a: Thundurus
|-damage|p2a: Thundurus|0 fnt
|-unboost|p1a: Dragapult|spa|2
|faint|p2a: Thundurus
|
|upkeep
|
|t:|1758316510
|switch|p2a: Quaquaval|Quaquaval, M|100/100
|turn|14
|
|t:|1758316514
|switch|p1a: Zamazenta|Zamazenta|100/100
|-ability|p1a: Zamazenta|Dauntless Shield|boost
|-boost|p1a: Zamazenta|def|1
|move|p2a: Quaquaval|Knock Off|p1a: Zamazenta
|-resisted|p1a: Zamazenta
|-damage|p1a: Zamazenta|94/100
|-enditem|p1a: Zamazenta|Chesto Berry|[from] move: Knock Off|[of] p2a: Quaquaval
|
|upkeep
|turn|15
|
|t:|1758316523
|move|p1a: Zamazenta|Iron Defense|p1a: Zamazenta
|-boost|p1a: Zamazenta|def|2
|move|p2a: Quaquaval|Aqua Step|p1a: Zamazenta
|-crit|p1a: Zamazenta
|-damage|p1a: Zamazenta|49/100
|-boost|p2a: Quaquaval|spe|1
|
|upkeep
|turn|16
|
|t:|1758316528
|move|p2a: Quaquaval|Close Combat|p1a: Zamazenta
|-damage|p1a: Zamazenta|34/100
|-unboost|p2a: Quaquaval|def|1
|-unboost|p2a: Quaquaval|spd|1
|move|p1a: Zamazenta|Body Press|p2a: Quaquaval
|-damage|p2a: Quaquaval|0 fnt
|faint|p2a: Quaquaval
|
|upkeep
|
|t:|1758316531
|switch|p2a: Cinderace|Cinderace, M|100/100
|turn|17
|
|t:|1758316536
|move|p1a: Zamazenta|Body Press|p2a: Cinderace
|-damage|p2a: Cinderace|0 fnt
|faint|p2a: Cinderace
|
|win|mmmspicy69
|raw|mmmspicy69's rating: 1386 &rarr; <strong>1401</strong><br />(+15 for winning)
|raw|jajoaoaj's rating: 1306 &rarr; <strong>1291</strong><br />(-15 for losing)
|l|☆jajoaoaj
|player|p2|
|c|☆mmmspicy69|bodi pess
|l|☆mmmspicy69
|player|p1|
