|j|☆GLOCKED
|j|☆hmy1
|t:|1758350733
|gametype|singles
|player|p1|GLOCKED|brock|1288
|player|p2|hmy1|elesa-gen5bw2|1292
|gen|9
|tier|[Gen 9] OU
|rated|
|rule|HP Percentage Mod: HP is shown in percentages
|rule|Endless Battle Clause: Forcing endless battles is banned
|rule|Species Clause: Limit one of each Pokémon
|rule|OHKO Clause: OHKO moves are banned
|rule|Evasion Items Clause: Evasion items are banned
|rule|Evasion Moves Clause: Evasion moves are banned
|rule|Evasion Abilities Clause: Evasion abilities are banned
|rule|Sleep Moves Clause: Sleep-inducing moves are banned
|clearpoke
|poke|p1|Alomomola, M|
|poke|p1|Pecharunt|
|poke|p1|Wo-Chien|
|poke|p1|Corviknight, F|
|poke|p1|Politoed, M|
|poke|p1|Goodra, M|
|poke|p2|Great Tusk|
|poke|p2|Scream Tail|
|poke|p2|Walking Wake|
|poke|p2|Raging Bolt|
|poke|p2|Ninetales, F|
|poke|p2|Venusaur, F|
|teampreview
|inactive|Battle timer is ON: inactive players will automatically lose when time's up. (requested by hmy1)
|inactive|hmy1 has 120 seconds left.
|
|t:|1758350768
|teamsize|p1|6
|teamsize|p2|6
|start
|switch|p1a: Wo-Chien|Wo-Chien|100/100
|switch|p2a: 土狼犬|Walking Wake|100/100
|-ability|p1a: Wo-Chien|Tablets of Ruin
|turn|1
|
|t:|1758350778
|move|p2a: 土狼犬|Flamethrower|p1a: Wo-Chien
|-supereffective|p1a: Wo-Chien
|-damage|p1a: Wo-Chien|44/100
|-damage|p2a: 土狼犬|91/100|[from] item: Life Orb
|move|p1a: Wo-Chien|Knock Off|p2a: 土狼犬
|-crit|p2a: 土狼犬
|-damage|p2a: 土狼犬|46/100
|-enditem|p2a: 土狼犬|Life Orb|[from] move: Knock Off|[of] p1a: Wo-Chien
|
|-heal|p1a: Wo-Chien|50/100|[from] item: Leftovers
|upkeep
|turn|2
|
|t:|1758350789
|move|p1a: Wo-Chien|Protect|p1a: Wo-Chien
|-singleturn|p1a: Wo-Chien|Protect
|move|p2a: 土狼犬|Draco Meteor|p1a: Wo-Chien
|-activate|p1a: Wo-Chien|move: Protect
|
|-heal|p1a: Wo-Chien|56/100|[from] item: Leftovers
|upkeep
|turn|3
|
|t:|1758350793
|move|p2a: 土狼犬|Draco Meteor|p1a: Wo-Chien
|-damage|p1a: Wo-Chien|9/100
|-unboost|p2a: 土狼犬|spa|2
|move|p1a: Wo-Chien|Leech Seed|p2a: 土狼犬
|-start|p2a: 土狼犬|move: Leech Seed
|
|-heal|p1a: Wo-Chien|15/100|[from] item: Leftovers
|-damage|p2a: 土狼犬|34/100|[from] Leech Seed|[of] p1a: Wo-Chien
|-heal|p1a: Wo-Chien|26/100|[silent]
|upkeep
|turn|4
|
|t:|1758350803
|-end|p2a: 土狼犬|Protosynthesis|[silent]
|switch|p2a: Venusaur|Venusaur, F|100/100
|move|p1a: Wo-Chien|Leech Seed|p2a: Venusaur
|-immune|p2a: Venusaur
|
|-heal|p1a: Wo-Chien|33/100|[from] item: Leftovers
|upkeep
|turn|5
|
|t:|1758350820
|move|p2a: Venusaur|Growth|p2a: Venusaur
|-boost|p2a: Venusaur|atk|1
|-boost|p2a: Venusaur|spa|1
|move|p1a: Wo-Chien|Knock Off|p2a: Venusaur
|-damage|p2a: Venusaur|68/100
|-enditem|p2a: Venusaur|Life Orb|[from] move: Knock Off|[of] p1a: Wo-Chien
|
|-heal|p1a: Wo-Chien|39/100|[from] item: Leftovers
|upkeep
|turn|6
|
|t:|1758350828
|move|p1a: Wo-Chien|Protect|p1a: Wo-Chien
|-singleturn|p1a: Wo-Chien|Protect
|move|p2a: Venusaur|Sludge Bomb|p1a: Wo-Chien
|-activate|p1a: Wo-Chien|move: Protect
|
|-heal|p1a: Wo-Chien|45/100|[from] item: Leftovers
|upkeep
|turn|7
|inactive|GLOCKED has 120 seconds left.
|
|t:|1758350863
|switch|p2a: 梦幻|Scream Tail|100/100
|switch|p1a: Pecharunt|Pecharunt|100/100
|
|upkeep
|turn|8
|inactive|hmy1 has 120 seconds left.
|
|t:|1758350881
|-end|p2a: 梦幻|Protosynthesis|[silent]
|switch|p2a: 密勒顿|Raging Bolt|100/100
|move|p1a: Pecharunt|Malignant Chain|p2a: 密勒顿
|-damage|p2a: 密勒顿|79/100
|-status|p2a: 密勒顿|tox
|-start|p2a: 密勒顿|confusion|[from] ability: Poison Puppeteer|[of] p1a: Pecharunt
|
|-heal|p2a: 密勒顿|85/100 tox|[from] item: Leftovers
|-damage|p2a: 密勒顿|79/100 tox|[from] psn
|upkeep
|turn|9
|
|t:|1758350892
|switch|p1a: Wo-Chien|Wo-Chien|45/100
|-ability|p1a: Wo-Chien|Tablets of Ruin
|-activate|p2a: 密勒顿|confusion
|move|p2a: 密勒顿|Calm Mind|p2a: 密勒顿
|-boost|p2a: 密勒顿|spa|1
|-boost|p2a: 密勒顿|spd|1
|
|-heal|p2a: 密勒顿|85/100 tox|[from] item: Leftovers
|-heal|p1a: Wo-Chien|51/100|[from] item: Leftovers
|-damage|p2a: 密勒顿|73/100 tox|[from] psn
|upkeep
|turn|10
|
|t:|1758350905
|-activate|p2a: 密勒顿|confusion
|-damage|p2a: 密勒顿|67/100 tox|[from] confusion
|move|p1a: Wo-Chien|Leech Seed|p2a: 密勒顿
|-start|p2a: 密勒顿|move: Leech Seed
|
|-heal|p2a: 密勒顿|73/100 tox|[from] item: Leftovers
|-heal|p1a: Wo-Chien|57/100|[from] item: Leftovers
|-damage|p2a: 密勒顿|61/100 tox|[from] Leech Seed|[of] p1a: Wo-Chien
|-heal|p1a: Wo-Chien|70/100|[silent]
|-damage|p2a: 密勒顿|42/100 tox|[from] psn
|upkeep
|turn|11
|
|t:|1758350918
|-end|p2a: 密勒顿|Protosynthesis|[silent]
|switch|p2a: Ninetales|Ninetales, F|100/100
|-weather|SunnyDay|[from] ability: Drought|[of] p2a: Ninetales
|move|p1a: Wo-Chien|Protect||[still]
|-fail|p1a: Wo-Chien
|
|-weather|SunnyDay|[upkeep]
|-heal|p1a: Wo-Chien|76/100|[from] item: Leftovers
|upkeep
|turn|12
|
|t:|1758350928
|switch|p2a: 梦幻|Scream Tail|100/100
|-activate|p2a: 梦幻|ability: Protosynthesis
|-start|p2a: 梦幻|protosynthesisspd
|switch|p1a: Politoed|Politoed, M|100/100
|-weather|RainDance|[from] ability: Drizzle|[of] p1a: Politoed
|-end|p2a: 梦幻|Protosynthesis
|
|-weather|RainDance|[upkeep]
|upkeep
|turn|13
|
|t:|1758350937
|switch|p1a: Pecharunt|Pecharunt|100/100
|move|p2a: 梦幻|Wish|p2a: 梦幻
|
|-weather|RainDance|[upkeep]
|upkeep
|turn|14
|
|t:|1758350947
|-end|p2a: 梦幻|Protosynthesis|[silent]
|switch|p2a: 密勒顿|Raging Bolt|42/100 tox
|move|p1a: Pecharunt|Parting Shot|p2a: 密勒顿
|-unboost|p2a: 密勒顿|atk|1
|-unboost|p2a: 密勒顿|spa|1
|
|t:|1758350955
|switch|p1a: Goodra|Goodra, M|100/100|[from] Parting Shot
|
|-weather|RainDance|[upkeep]
|-heal|p2a: 密勒顿|98/100 tox|[from] move: Wish|[wisher] 梦幻
|-heal|p2a: 密勒顿|100/100 tox|[from] item: Leftovers
|-damage|p2a: 密勒顿|94/100 tox|[from] psn
|upkeep
|turn|15
|
|t:|1758350964
|-end|p2a: 密勒顿|Protosynthesis|[silent]
|switch|p2a: 梦幻|Scream Tail|100/100
|move|p1a: Goodra|Acid Armor|p1a: Goodra
|-boost|p1a: Goodra|def|2
|
|-weather|RainDance|[upkeep]
|upkeep
|turn|16
|
|t:|1758350971
|move|p2a: 梦幻|Encore|p1a: Goodra
|-start|p1a: Goodra|Encore
|move|p1a: Goodra|Acid Armor|p1a: Goodra
|-boost|p1a: Goodra|def|2
|
|-weather|RainDance|[upkeep]
|upkeep
|turn|17
|
|t:|1758350979
|move|p2a: 梦幻|Dazzling Gleam|p1a: Goodra
|-supereffective|p1a: Goodra
|-damage|p1a: Goodra|77/100
|move|p1a: Goodra|Acid Armor|p1a: Goodra
|-boost|p1a: Goodra|def|2
|
|-weather|RainDance|[upkeep]
|-heal|p1a: Goodra|83/100|[from] item: Leftovers
|upkeep
|turn|18
|
|t:|1758350988
|switch|p1a: Pecharunt|Pecharunt|100/100
|move|p2a: 梦幻|Perish Song|p2a: 梦幻
|-start|p1a: Pecharunt|perish3|[silent]
|-start|p2a: 梦幻|perish3|[silent]
|-fieldactivate|move: Perish Song
|
|-weather|RainDance|[upkeep]
|-start|p2a: 梦幻|perish3
|-start|p1a: Pecharunt|perish3
|upkeep
|turn|19
|
|t:|1758351000
|-end|p2a: 梦幻|Protosynthesis|[silent]
|switch|p2a: 密勒顿|Raging Bolt|94/100 tox
|move|p1a: Pecharunt|Parting Shot|p2a: 密勒顿
|-unboost|p2a: 密勒顿|atk|1
|-unboost|p2a: 密勒顿|spa|1
|
|t:|1758351011
|switch|p1a: Wo-Chien|Wo-Chien|76/100|[from] Parting Shot
|-ability|p1a: Wo-Chien|Tablets of Ruin
|
|-weather|none
|-heal|p2a: 密勒顿|100/100 tox|[from] item: Leftovers
|-heal|p1a: Wo-Chien|82/100|[from] item: Leftovers
|-damage|p2a: 密勒顿|94/100 tox|[from] psn
|upkeep
|turn|20
|
|t:|1758351026
|-end|p2a: 密勒顿|Protosynthesis|[silent]
|switch|p2a: 梦幻|Scream Tail|100/100
|move|p1a: Wo-Chien|Knock Off|p2a: 梦幻
|-damage|p2a: 梦幻|80/100
|-enditem|p2a: 梦幻|Leftovers|[from] move: Knock Off|[of] p1a: Wo-Chien
|
|-heal|p1a: Wo-Chien|88/100|[from] item: Leftovers
|upkeep
|turn|21
|
|t:|1758351037
|move|p2a: 梦幻|Wish|p2a: 梦幻
|move|p1a: Wo-Chien|Poison Powder|p2a: 梦幻
|-status|p2a: 梦幻|psn
|
|-heal|p1a: Wo-Chien|95/100|[from] item: Leftovers
|-damage|p2a: 梦幻|67/100 psn|[from] psn
|upkeep
|turn|22
|
|t:|1758351060
|-end|p2a: 梦幻|Protosynthesis|[silent]
|switch|p2a: 土狼犬|Walking Wake|34/100
|switch|p1a: Politoed|Politoed, M|100/100
|-weather|RainDance|[from] ability: Drizzle|[of] p1a: Politoed
|
|-weather|RainDance|[upkeep]
|-heal|p2a: 土狼犬|98/100|[from] move: Wish|[wisher] 梦幻
|upkeep
|turn|23
|
|t:|1758351078
|switch|p1a: Wo-Chien|Wo-Chien|95/100
|-ability|p1a: Wo-Chien|Tablets of Ruin
|move|p2a: 土狼犬|Draco Meteor|p1a: Wo-Chien
|-damage|p1a: Wo-Chien|49/100
|-unboost|p2a: 土狼犬|spa|2
|
|-weather|RainDance|[upkeep]
|-heal|p1a: Wo-Chien|55/100|[from] item: Leftovers
|upkeep
|turn|24
|
|t:|1758351092
|-end|p2a: 土狼犬|Protosynthesis|[silent]
|switch|p2a: 梦幻|Scream Tail|67/100 psn
|move|p1a: Wo-Chien|Leech Seed|p2a: 梦幻
|-start|p2a: 梦幻|move: Leech Seed
|
|-weather|RainDance|[upkeep]
|-heal|p1a: Wo-Chien|61/100|[from] item: Leftovers
|-damage|p2a: 梦幻|55/100 psn|[from] Leech Seed|[of] p1a: Wo-Chien
|-heal|p1a: Wo-Chien|75/100|[silent]
|-damage|p2a: 梦幻|42/100 psn|[from] psn
|upkeep
|turn|25
|
|t:|1758351103
|switch|p1a: Goodra|Goodra, M|83/100
|move|p2a: 梦幻|Wish|p2a: 梦幻
|
|-weather|RainDance|[upkeep]
|-heal|p1a: Goodra|89/100|[from] item: Leftovers
|-damage|p2a: 梦幻|30/100 psn|[from] Leech Seed|[of] p1a: Goodra
|-heal|p1a: Goodra|100/100|[silent]
|-damage|p2a: 梦幻|18/100 psn|[from] psn
|upkeep
|turn|26
|
|t:|1758351116
|-end|p2a: 梦幻|Protosynthesis|[silent]
|switch|p2a: Venusaur|Venusaur, F|68/100
|move|p1a: Goodra|Acid Armor|p1a: Goodra
|-boost|p1a: Goodra|def|2
|
|-weather|RainDance|[upkeep]
|-heal|p2a: Venusaur|100/100|[from] move: Wish|[wisher] 梦幻
|upkeep
|turn|27
|
|t:|1758351127
|move|p2a: Venusaur|Growth|p2a: Venusaur
|-boost|p2a: Venusaur|atk|1
|-boost|p2a: Venusaur|spa|1
|move|p1a: Goodra|Acid Armor|p1a: Goodra
|-boost|p1a: Goodra|def|2
|
|-weather|RainDance|[upkeep]
|upkeep
|turn|28
|
|t:|1758351134
|move|p2a: Venusaur|Sludge Bomb|p1a: Goodra
|-damage|p1a: Goodra|65/100
|-status|p1a: Goodra|psn
|move|p1a: Goodra|Body Press|p2a: Venusaur
|-resisted|p2a: Venusaur
|-damage|p2a: Venusaur|61/100
|
|-weather|RainDance|[upkeep]
|-activate|p1a: Goodra|ability: Hydration
|-curestatus|p1a: Goodra|psn|[msg]
|-heal|p1a: Goodra|71/100|[from] item: Leftovers
|upkeep
|turn|29
|
|t:|1758351147
|move|p2a: Venusaur|Sludge Bomb|p1a: Goodra
|-damage|p1a: Goodra|36/100
|move|p1a: Goodra|Body Press|p2a: Venusaur
|-resisted|p2a: Venusaur
|-damage|p2a: Venusaur|23/100
|
|-weather|none
|-heal|p1a: Goodra|42/100|[from] item: Leftovers
|upkeep
|turn|30
|
|t:|1758351169
|move|p2a: Venusaur|Sludge Bomb|p1a: Goodra
|-damage|p1a: Goodra|10/100
|move|p1a: Goodra|Body Press|p2a: Venusaur
|-resisted|p2a: Venusaur
|-damage|p2a: Venusaur|0 fnt
|faint|p2a: Venusaur
|
|-heal|p1a: Goodra|16/100|[from] item: Leftovers
|upkeep
|inactive|hmy1 has 120 seconds left.
|
|t:|1758351185
|switch|p2a: 帕迪亚睾丸|Great Tusk|100/100
|turn|31
|
|t:|1758351200
|switch|p1a: Corviknight|Corviknight, F|100/100
|-ability|p1a: Corviknight|Pressure
|move|p2a: 帕迪亚睾丸|Ice Spinner|p1a: Corviknight
|-damage|p1a: Corviknight|86/100
|
|upkeep
|turn|32
|
|t:|1758351214
|-end|p2a: 帕迪亚睾丸|Protosynthesis|[silent]
|switch|p2a: 土狼犬|Walking Wake|98/100
|move|p1a: Corviknight|U-turn|p2a: 土狼犬
|-damage|p2a: 土狼犬|81/100
|
|t:|1758351221
|switch|p1a: Wo-Chien|Wo-Chien|75/100|[from] U-turn
|-ability|p1a: Wo-Chien|Tablets of Ruin
|
|-heal|p1a: Wo-Chien|82/100|[from] item: Leftovers
|upkeep
|turn|33
|
|t:|1758351227
|move|p2a: 土狼犬|Flamethrower|p1a: Wo-Chien
|-supereffective|p1a: Wo-Chien
|-damage|p1a: Wo-Chien|39/100
|move|p1a: Wo-Chien|Leech Seed|p2a: 土狼犬
|-start|p2a: 土狼犬|move: Leech Seed
|
|-heal|p1a: Wo-Chien|45/100|[from] item: Leftovers
|-damage|p2a: 土狼犬|68/100|[from] Leech Seed|[of] p1a: Wo-Chien
|-heal|p1a: Wo-Chien|56/100|[silent]
|upkeep
|turn|34
|
|t:|1758351238
|-end|p2a: 土狼犬|Protosynthesis|[silent]
|switch|p2a: 密勒顿|Raging Bolt|94/100 tox
|move|p1a: Wo-Chien|Leech Seed|p2a: 密勒顿
|-start|p2a: 密勒顿|move: Leech Seed
|
|-heal|p2a: 密勒顿|100/100 tox|[from] item: Leftovers
|-heal|p1a: Wo-Chien|62/100|[from] item: Leftovers
|-damage|p2a: 密勒顿|88/100 tox|[from] Leech Seed|[of] p1a: Wo-Chien
|-heal|p1a: Wo-Chien|75/100|[silent]
|-damage|p2a: 密勒顿|82/100 tox|[from] psn
|upkeep
|turn|35
|inactive|hmy1 has 120 seconds left.
|
|t:|1758351279
|-end|p2a: 密勒顿|Protosynthesis|[silent]
|switch|p2a: 梦幻|Scream Tail|18/100 psn
|move|p1a: Wo-Chien|Knock Off|p2a: 梦幻
|-damage|p2a: 梦幻|4/100 psn
|
|-heal|p1a: Wo-Chien|81/100|[from] item: Leftovers
|-damage|p2a: 梦幻|0 fnt|[from] psn
|faint|p2a: 梦幻
|-end|p2a: 梦幻|Protosynthesis|[silent]
|upkeep
|
|t:|1758351288
|switch|p2a: 帕迪亚睾丸|Great Tusk|100/100
|turn|36
|
|t:|1758351316
|switch|p1a: Corviknight|Corviknight, F|86/100
|-ability|p1a: Corviknight|Pressure
|move|p2a: 帕迪亚睾丸|Knock Off|p1a: Corviknight
|-damage|p1a: Corviknight|68/100
|-enditem|p1a: Corviknight|Heavy-Duty Boots|[from] move: Knock Off|[of] p2a: 帕迪亚睾丸
|
|upkeep
|turn|37
|inactive|hmy1 has 120 seconds left.
|
|t:|1758351329
|move|p2a: 帕迪亚睾丸|Rapid Spin|p1a: Corviknight
|-resisted|p1a: Corviknight
|-damage|p1a: Corviknight|64/100
|-boost|p2a: 帕迪亚睾丸|spe|1
|move|p1a: Corviknight|U-turn|p2a: 帕迪亚睾丸
|-resisted|p2a: 帕迪亚睾丸
|-damage|p2a: 帕迪亚睾丸|96/100
|
|t:|1758351333
|switch|p1a: Politoed|Politoed, M|100/100|[from] U-turn
|-weather|RainDance|[from] ability: Drizzle|[of] p1a: Politoed
|
|-weather|RainDance|[upkeep]
|-heal|p2a: 帕迪亚睾丸|100/100|[from] item: Leftovers
|upkeep
|turn|38
|
|t:|1758351348
|-end|p2a: 帕迪亚睾丸|Protosynthesis|[silent]
|switch|p2a: 密勒顿|Raging Bolt|82/100 tox
|move|p1a: Politoed|Perish Song|p1a: Politoed
|-start|p1a: Politoed|perish3|[silent]
|-start|p2a: 密勒顿|perish3|[silent]
|-fieldactivate|move: Perish Song
|
|-weather|RainDance|[upkeep]
|-heal|p2a: 密勒顿|88/100 tox|[from] item: Leftovers
|-damage|p2a: 密勒顿|82/100 tox|[from] psn
|-start|p2a: 密勒顿|perish3
|-start|p1a: Politoed|perish3
|upkeep
|turn|39
|
|t:|1758351363
|switch|p1a: Wo-Chien|Wo-Chien|81/100
|-ability|p1a: Wo-Chien|Tablets of Ruin
|move|p2a: 密勒顿|Dragon Pulse|p1a: Wo-Chien
|-damage|p1a: Wo-Chien|52/100
|
|-weather|RainDance|[upkeep]
|-heal|p2a: 密勒顿|88/100 tox|[from] item: Leftovers
|-heal|p1a: Wo-Chien|59/100|[from] item: Leftovers
|-damage|p2a: 密勒顿|76/100 tox|[from] psn
|-start|p2a: 密勒顿|perish2
|upkeep
|turn|40
|inactive|hmy1 has 120 seconds left.
|inactive|GLOCKED has 120 seconds left.
|
|t:|1758351389
|-end|p2a: 密勒顿|Protosynthesis|[silent]
|switch|p2a: Ninetales|Ninetales, F|100/100
|-weather|SunnyDay|[from] ability: Drought|[of] p2a: Ninetales
|move|p1a: Wo-Chien|Poison Powder|p2a: Ninetales
|-status|p2a: Ninetales|psn
|
|-weather|SunnyDay|[upkeep]
|-heal|p1a: Wo-Chien|65/100|[from] item: Leftovers
|-damage|p2a: Ninetales|88/100 psn|[from] psn
|upkeep
|turn|41
|inactive|hmy1 has 120 seconds left.
|
|t:|1758351398
|switch|p1a: Politoed|Politoed, M|100/100
|-weather|RainDance|[from] ability: Drizzle|[of] p1a: Politoed
|move|p2a: Ninetales|Encore||[still]
|-fail|p2a: Ninetales
|
|-weather|RainDance|[upkeep]
|-damage|p2a: Ninetales|76/100 psn|[from] psn
|upkeep
|turn|42
|
|t:|1758351405
|switch|p2a: 土狼犬|Walking Wake|68/100
|switch|p1a: Alomomola|Alomomola, M|100/100
|
|-weather|RainDance|[upkeep]
|upkeep
|turn|43
|inactive|hmy1 has 120 seconds left.
|
|t:|1758351423
|move|p2a: 土狼犬|Hydro Steam|p1a: Alomomola
|-resisted|p1a: Alomomola
|-crit|p1a: Alomomola
|-damage|p1a: Alomomola|76/100
|move|p1a: Alomomola|Flip Turn|p2a: 土狼犬
|-resisted|p2a: 土狼犬
|-damage|p2a: 土狼犬|62/100
|
|t:|1758351440
|switch|p1a: Wo-Chien|Wo-Chien|65/100|[from] Flip Turn
|-ability|p1a: Wo-Chien|Tablets of Ruin
|
|-weather|RainDance|[upkeep]
|-heal|p1a: Wo-Chien|71/100|[from] item: Leftovers
|upkeep
|turn|44
|inactive|hmy1 has 120 seconds left.
|
|t:|1758351461
|-end|p2a: 土狼犬|Protosynthesis|[silent]
|switch|p2a: 密勒顿|Raging Bolt|76/100 tox
|move|p1a: Wo-Chien|Leech Seed|p2a: 密勒顿
|-start|p2a: 密勒顿|move: Leech Seed
|
|-weather|RainDance|[upkeep]
|-heal|p2a: 密勒顿|82/100 tox|[from] item: Leftovers
|-heal|p1a: Wo-Chien|77/100|[from] item: Leftovers
|-damage|p2a: 密勒顿|70/100 tox|[from] Leech Seed|[of] p1a: Wo-Chien
|-heal|p1a: Wo-Chien|90/100|[silent]
|-damage|p2a: 密勒顿|64/100 tox|[from] psn
|upkeep
|turn|45
|inactive|hmy1 has 120 seconds left.
|
|t:|1758351470
|move|p2a: 密勒顿|Dragon Pulse|p1a: Wo-Chien
|-damage|p1a: Wo-Chien|59/100
|move|p1a: Wo-Chien|Knock Off|p2a: 密勒顿
|-damage|p2a: 密勒顿|38/100 tox
|-enditem|p2a: 密勒顿|Leftovers|[from] move: Knock Off|[of] p1a: Wo-Chien
|
|-weather|RainDance|[upkeep]
|-heal|p1a: Wo-Chien|65/100|[from] item: Leftovers
|-damage|p2a: 密勒顿|26/100 tox|[from] Leech Seed|[of] p1a: Wo-Chien
|-heal|p1a: Wo-Chien|78/100|[silent]
|-damage|p2a: 密勒顿|14/100 tox|[from] psn
|upkeep
|turn|46
|inactive|hmy1 has 120 seconds left.
|
|t:|1758351483
|-end|p2a: 密勒顿|Protosynthesis|[silent]
|switch|p2a: Ninetales|Ninetales, F|76/100 psn
|-weather|SunnyDay|[from] ability: Drought|[of] p2a: Ninetales
|move|p1a: Wo-Chien|Protect||[still]
|-fail|p1a: Wo-Chien
|
|-weather|SunnyDay|[upkeep]
|-heal|p1a: Wo-Chien|84/100|[from] item: Leftovers
|-damage|p2a: Ninetales|64/100 psn|[from] psn
|upkeep
|turn|47
|inactive|hmy1 has 120 seconds left.
|
|t:|1758351495
|move|p1a: Wo-Chien|Protect|p1a: Wo-Chien
|-singleturn|p1a: Wo-Chien|Protect
|move|p2a: Ninetales|Will-O-Wisp|p1a: Wo-Chien
|-activate|p1a: Wo-Chien|move: Protect
|
|-weather|SunnyDay|[upkeep]
|-heal|p1a: Wo-Chien|90/100|[from] item: Leftovers
|-damage|p2a: Ninetales|51/100 psn|[from] psn
|upkeep
|turn|48
|inactive|hmy1 has 120 seconds left.
|
|t:|1758351523
|switch|p1a: Politoed|Politoed, M|100/100
|-weather|RainDance|[from] ability: Drizzle|[of] p1a: Politoed
|move|p2a: Ninetales|Healing Wish|p2a: Ninetales
|faint|p2a: Ninetales
|
|-weather|RainDance|[upkeep]
|upkeep
|
|t:|1758351531
|switch|p2a: 密勒顿|Raging Bolt|14/100 tox
|-heal|p2a: 密勒顿|100/100|[from] move: Healing Wish
|turn|49
|
|t:|1758351546
|move|p2a: 密勒顿|Calm Mind|p2a: 密勒顿
|-boost|p2a: 密勒顿|spa|1
|-boost|p2a: 密勒顿|spd|1
|move|p1a: Politoed|Perish Song|p1a: Politoed
|-start|p1a: Politoed|perish3|[silent]
|-start|p2a: 密勒顿|perish3|[silent]
|-fieldactivate|move: Perish Song
|
|-weather|RainDance|[upkeep]
|-start|p2a: 密勒顿|perish3
|-start|p1a: Politoed|perish3
|upkeep
|turn|50
|inactive|hmy1 has 120 seconds left.
|
|t:|1758351563
|move|p1a: Politoed|Protect|p1a: Politoed
|-singleturn|p1a: Politoed|Protect
|move|p2a: 密勒顿|Dragon Pulse|p1a: Politoed
|-activate|p1a: Politoed|move: Protect
|
|-weather|RainDance|[upkeep]
|-start|p2a: 密勒顿|perish2
|-start|p1a: Politoed|perish2
|upkeep
|turn|51
|inactive|GLOCKED has 120 seconds left.
|
|t:|1758351589
|move|p1a: Politoed|Protect|p1a: Politoed
|-singleturn|p1a: Politoed|Protect
|move|p2a: 密勒顿|Thunderbolt|p1a: Politoed
|-activate|p1a: Politoed|move: Protect
|
|-weather|RainDance|[upkeep]
|-start|p2a: 密勒顿|perish1
|-start|p1a: Politoed|perish1
|upkeep
|turn|52
|inactive|GLOCKED has 120 seconds left.
|
|t:|1758351603
|-end|p2a: 密勒顿|Protosynthesis|[silent]
|switch|p2a: 土狼犬|Walking Wake|62/100
|switch|p1a: Wo-Chien|Wo-Chien|90/100
|-ability|p1a: Wo-Chien|Tablets of Ruin
|
|-weather|RainDance|[upkeep]
|-heal|p1a: Wo-Chien|96/100|[from] item: Leftovers
|upkeep
|turn|53
|inactive|hmy1 has 120 seconds left.
|inactive|hmy1 has 90 seconds left.
|inactive|hmy1 has 60 seconds left.
|inactive|hmy1 has 30 seconds left.
|inactive|hmy1 has 20 seconds left.
|inactive|hmy1 has 15 seconds left.
|inactive|hmy1 has 10 seconds left.
|inactive|hmy1 has 5 seconds left.
|-message|hmy1 lost due to inactivity.
|
|win|GLOCKED
|raw|GLOCKED's rating: 1288 &rarr; <strong>1313</strong><br />(+25 for winning)
|raw|hmy1's rating: 1292 &rarr; <strong>1267</strong><br />(-25 for losing)
|l|☆GLOCKED
|player|p1|
