|j|☆Lakey0604
|j|☆Typrim
|t:|1758311849
|gametype|singles
|player|p1|Lakey0604|koga|1082
|player|p2|Typrim|hilbert|1138
|gen|9
|tier|[Gen 9] OU
|rated|
|rule|HP Percentage Mod: HP is shown in percentages
|rule|Endless Battle Clause: Forcing endless battles is banned
|rule|Species Clause: Limit one of each Pokémon
|rule|OHKO Clause: OHKO moves are banned
|rule|Evasion Items Clause: Evasion items are banned
|rule|Evasion Moves Clause: Evasion moves are banned
|rule|Evasion Abilities Clause: Evasion abilities are banned
|rule|Sleep Moves Clause: Sleep-inducing moves are banned
|clearpoke
|poke|p1|Torkoal, M|
|poke|p1|Hatterene, F|
|poke|p1|Raging Bolt|
|poke|p1|Slither Wing|
|poke|p1|Venusaur, M|
|poke|p1|Walking Wake|
|poke|p2|Scizor, F|
|poke|p2|Thundurus, M|
|poke|p2|Iron Treads|
|poke|p2|Keldeo-Resolute|
|poke|p2|Rillaboom, M|
|poke|p2|Latias, F|
|teampreview
|
|t:|1758311854
|teamsize|p1|6
|teamsize|p2|6
|start
|switch|p1a: Hatterene|Hatterene, F|100/100
|switch|p2a: Thundurus|Thundurus, M|100/100
|-item|p1a: Hatterene|Air Balloon
|turn|1
|
|t:|1758311861
|move|p2a: Thundurus|Volt Switch|p1a: Hatterene
|-damage|p1a: Hatterene|61/100
|-enditem|p1a: Hatterene|Air Balloon
|
|t:|1758311867
|switch|p2a: Scizor|Scizor, F|100/100|[from] Volt Switch
|move|p1a: Hatterene|Trick Room|p1a: Hatterene
|-fieldstart|move: Trick Room|[of] p1a: Hatterene
|
|upkeep
|turn|2
|
|t:|1758311886
|switch|p1a: Raging Bolt|Raging Bolt|100/100
|move|p2a: Scizor|Knock Off|p1a: Raging Bolt
|-damage|p1a: Raging Bolt|46/100
|-enditem|p1a: Raging Bolt|Life Orb|[from] move: Knock Off|[of] p2a: Scizor
|
|upkeep
|turn|3
|
|t:|1758311901
|move|p2a: Scizor|Knock Off|p1a: Raging Bolt
|-damage|p1a: Raging Bolt|15/100
|move|p1a: Raging Bolt|Weather Ball|p2a: Scizor
|-resisted|p2a: Scizor
|-damage|p2a: Scizor|86/100
|
|upkeep
|turn|4
|
|t:|1758311911
|-end|p1a: Raging Bolt|Protosynthesis|[silent]
|switch|p1a: Torkoal|Torkoal, M|100/100
|-weather|SunnyDay|[from] ability: Drought|[of] p1a: Torkoal
|move|p2a: Scizor|Knock Off|p1a: Torkoal
|-damage|p1a: Torkoal|57/100
|-enditem|p1a: Torkoal|Heat Rock|[from] move: Knock Off|[of] p2a: Scizor
|
|-weather|SunnyDay|[upkeep]
|upkeep
|turn|5
|
|t:|1758311926
|switch|p2a: Latias|Latias, F|100/100
|move|p1a: Torkoal|Overheat|p2a: Latias
|-resisted|p2a: Latias
|-damage|p2a: Latias|63/100
|-unboost|p1a: Torkoal|spa|2
|
|-weather|SunnyDay|[upkeep]
|-fieldend|move: Trick Room
|upkeep
|turn|6
|
|t:|1758311941
|switch|p2a: Iron Treads|Iron Treads|100/100
|switch|p1a: Slither Wing|Slither Wing|100/100
|-activate|p1a: Slither Wing|ability: Protosynthesis
|-start|p1a: Slither Wing|protosynthesisatk
|
|-weather|SunnyDay|[upkeep]
|upkeep
|turn|7
|
|t:|1758311954
|-terastallize|p1a: Slither Wing|Fire
|move|p1a: Slither Wing|Temper Flare|p2a: Iron Treads
|-supereffective|p2a: Iron Treads
|-damage|p2a: Iron Treads|0 fnt
|faint|p2a: Iron Treads
|-end|p2a: Iron Treads|Quark Drive|[silent]
|
|-weather|SunnyDay|[upkeep]
|upkeep
|
|t:|1758311962
|switch|p2a: Thundurus|Thundurus, M|100/100
|turn|8
|
|t:|1758311968
|move|p2a: Thundurus|Rain Dance|p2a: Thundurus
|-weather|RainDance
|-end|p1a: Slither Wing|Protosynthesis
|move|p1a: Slither Wing|U-turn|p2a: Thundurus
|-resisted|p2a: Thundurus
|-damage|p2a: Thundurus|67/100
|
|t:|1758311977
|-end|p1a: Slither Wing|Protosynthesis|[silent]
|switch|p1a: Hatterene|Hatterene, F|61/100|[from] U-turn
|
|-weather|RainDance|[upkeep]
|upkeep
|turn|9
|
|t:|1758311983
|move|p2a: Thundurus|Weather Ball|p1a: Hatterene
|-damage|p1a: Hatterene|5/100
|move|p1a: Hatterene|Trick Room|p1a: Hatterene
|-fieldstart|move: Trick Room|[of] p1a: Hatterene
|
|-weather|RainDance|[upkeep]
|upkeep
|turn|10
|
|t:|1758311992
|move|p1a: Hatterene|Healing Wish|p1a: Hatterene
|faint|p1a: Hatterene
|move|p2a: Thundurus|Weather Ball|p1: Hatterene|[notarget]
|-fail|p2a: Thundurus
|
|-weather|RainDance|[upkeep]
|upkeep
|
|t:|1758312003
|switch|p1a: Torkoal|Torkoal, M|57/100
|-heal|p1a: Torkoal|100/100|[from] move: Healing Wish
|-weather|SunnyDay|[from] ability: Drought|[of] p1a: Torkoal
|turn|11
|
|t:|1758312012
|move|p2a: Thundurus|Rain Dance|p2a: Thundurus
|-weather|RainDance
|move|p1a: Torkoal|Overheat|p2a: Thundurus
|-damage|p2a: Thundurus|27/100
|-unboost|p1a: Torkoal|spa|2
|
|-weather|RainDance|[upkeep]
|upkeep
|turn|12
|
|t:|1758312022
|switch|p1a: Walking Wake|Walking Wake|100/100
|move|p2a: Thundurus|Weather Ball|p1a: Walking Wake
|-resisted|p1a: Walking Wake
|-damage|p1a: Walking Wake|87/100
|
|-weather|RainDance|[upkeep]
|upkeep
|turn|13
|
|t:|1758312033
|move|p2a: Thundurus|Thunder Wave|p1a: Walking Wake
|-status|p1a: Walking Wake|par
|cant|p1a: Walking Wake|par
|
|-weather|RainDance|[upkeep]
|-fieldend|move: Trick Room
|upkeep
|turn|14
|
|t:|1758312040
|move|p2a: Thundurus|Volt Switch|p1a: Walking Wake
|-damage|p1a: Walking Wake|45/100 par
|
|t:|1758312043
|switch|p2a: Rillaboom|Rillaboom, M|100/100|[from] Volt Switch
|-fieldstart|move: Grassy Terrain|[from] ability: Grassy Surge|[of] p2a: Rillaboom
|move|p1a: Walking Wake|Flip Turn|p2a: Rillaboom
|-resisted|p2a: Rillaboom
|-damage|p2a: Rillaboom|90/100
|
|t:|1758312053
|-end|p1a: Walking Wake|Protosynthesis|[silent]
|switch|p1a: Slither Wing|Slither Wing, tera:Fire|100/100|[from] Flip Turn
|
|-weather|RainDance|[upkeep]
|-heal|p2a: Rillaboom|96/100|[from] Grassy Terrain
|-heal|p2a: Rillaboom|100/100|[from] item: Leftovers
|upkeep
|turn|15
|inactive|Battle timer is ON: inactive players will automatically lose when time's up. (requested by Typrim)
|
|t:|1758312069
|move|p1a: Slither Wing|First Impression|p2a: Rillaboom
|-supereffective|p2a: Rillaboom
|-damage|p2a: Rillaboom|6/100
|move|p2a: Rillaboom|U-turn|p1a: Slither Wing
|-resisted|p1a: Slither Wing
|-damage|p1a: Slither Wing|84/100
|
|t:|1758312075
|switch|p2a: Keldeo|Keldeo-Resolute|100/100|[from] U-turn
|
|-weather|none
|-heal|p1a: Slither Wing|91/100|[from] Grassy Terrain
|upkeep
|turn|16
|
|t:|1758312088
|-terastallize|p2a: Keldeo|Water
|move|p2a: Keldeo|Hydro Pump|p1a: Slither Wing|[miss]
|-miss|p2a: Keldeo|p1a: Slither Wing
|move|p1a: Slither Wing|U-turn|p2a: Keldeo
|-damage|p2a: Keldeo|50/100
|
|t:|1758312095
|-end|p1a: Slither Wing|Protosynthesis|[silent]
|switch|p1a: Raging Bolt|Raging Bolt|15/100|[from] U-turn
|
|-heal|p2a: Keldeo|56/100|[from] Grassy Terrain
|-heal|p1a: Raging Bolt|21/100|[from] Grassy Terrain
|upkeep
|turn|17
|
|t:|1758312104
|switch|p2a: Rillaboom|Rillaboom, M|6/100
|move|p1a: Raging Bolt|Thunderclap||[still]
|-fail|p1a: Raging Bolt
|
|-heal|p1a: Raging Bolt|27/100|[from] Grassy Terrain
|-heal|p2a: Rillaboom|13/100|[from] Grassy Terrain
|-heal|p2a: Rillaboom|19/100|[from] item: Leftovers
|upkeep
|turn|18
|
|t:|1758312115
|move|p1a: Raging Bolt|Thunderclap|p2a: Rillaboom
|-resisted|p2a: Rillaboom
|-damage|p2a: Rillaboom|0 fnt
|faint|p2a: Rillaboom
|
|-heal|p1a: Raging Bolt|33/100|[from] Grassy Terrain
|-fieldend|move: Grassy Terrain
|upkeep
|
|t:|1758312123
|switch|p2a: Keldeo|Keldeo-Resolute, tera:Water|56/100
|turn|19
|
|t:|1758312126
|move|p2a: Keldeo|Vacuum Wave|p1a: Raging Bolt
|-damage|p1a: Raging Bolt|5/100
|move|p1a: Raging Bolt|Thunderclap||[still]
|-fail|p1a: Raging Bolt
|
|upkeep
|turn|20
|
|t:|1758312132
|move|p2a: Keldeo|Vacuum Wave|p1a: Raging Bolt
|-damage|p1a: Raging Bolt|0 fnt
|faint|p1a: Raging Bolt
|-end|p1a: Raging Bolt|Protosynthesis|[silent]
|
|upkeep
|
|t:|1758312136
|switch|p1a: Venusaur|Venusaur, M|100/100
|turn|21
|
|t:|1758312141
|switch|p2a: Latias|Latias, F|63/100
|move|p1a: Venusaur|Giga Drain|p2a: Latias
|-resisted|p2a: Latias
|-damage|p2a: Latias|44/100
|-damage|p1a: Venusaur|91/100|[from] item: Life Orb
|
|upkeep
|turn|22
|
|t:|1758312151
|move|p2a: Latias|Mist Ball|p1a: Venusaur
|-supereffective|p1a: Venusaur
|-damage|p1a: Venusaur|0 fnt
|faint|p1a: Venusaur
|
|upkeep
|
|t:|1758312158
|switch|p1a: Slither Wing|Slither Wing, tera:Fire|91/100
|turn|23
|
|t:|1758312167
|switch|p2a: Scizor|Scizor, F|86/100
|move|p1a: Slither Wing|First Impression|p2a: Scizor
|-resisted|p2a: Scizor
|-damage|p2a: Scizor|53/100
|
|upkeep
|turn|24
|
|t:|1758312177
|-end|p1a: Slither Wing|Protosynthesis|[silent]
|switch|p1a: Torkoal|Torkoal, M|100/100
|-weather|SunnyDay|[from] ability: Drought|[of] p1a: Torkoal
|switch|p2a: Thundurus|Thundurus, M|27/100
|
|-weather|SunnyDay|[upkeep]
|upkeep
|turn|25
|
|t:|1758312188
|move|p2a: Thundurus|Rain Dance|p2a: Thundurus
|-weather|RainDance
|move|p1a: Torkoal|Overheat|p2a: Thundurus
|-damage|p2a: Thundurus|0 fnt
|-unboost|p1a: Torkoal|spa|2
|faint|p2a: Thundurus
|
|-weather|RainDance|[upkeep]
|upkeep
|
|t:|1758312206
|switch|p2a: Keldeo|Keldeo-Resolute, tera:Water|56/100
|turn|26
|
|t:|1758312216
|move|p2a: Keldeo|Secret Sword|p1a: Torkoal
|-damage|p1a: Torkoal|48/100
|move|p1a: Torkoal|Stealth Rock|p2a: Keldeo
|-sidestart|p2: Typrim|move: Stealth Rock
|
|-weather|RainDance|[upkeep]
|upkeep
|turn|27
|
|t:|1758312225
|switch|p1a: Walking Wake|Walking Wake|45/100 par
|move|p2a: Keldeo|Secret Sword|p1a: Walking Wake
|-damage|p1a: Walking Wake|0 fnt
|faint|p1a: Walking Wake
|-end|p1a: Walking Wake|Protosynthesis|[silent]
|
|-weather|RainDance|[upkeep]
|upkeep
|
|t:|1758312233
|switch|p1a: Slither Wing|Slither Wing, tera:Fire|91/100
|turn|28
|
|t:|1758312244
|switch|p2a: Latias|Latias, F|44/100
|-damage|p2a: Latias|32/100|[from] Stealth Rock
|move|p1a: Slither Wing|First Impression|p2a: Latias
|-supereffective|p2a: Latias
|-damage|p2a: Latias|0 fnt
|faint|p2a: Latias
|
|-weather|RainDance|[upkeep]
|upkeep
|
|t:|1758312247
|switch|p2a: Keldeo|Keldeo-Resolute, tera:Water|56/100
|-damage|p2a: Keldeo|44/100|[from] Stealth Rock
|turn|29
|
|t:|1758312258
|move|p2a: Keldeo|Hydro Pump|p1a: Slither Wing
|-supereffective|p1a: Slither Wing
|-damage|p1a: Slither Wing|0 fnt
|faint|p1a: Slither Wing
|-end|p1a: Slither Wing|Protosynthesis|[silent]
|
|-weather|none
|upkeep
|
|t:|1758312265
|switch|p1a: Torkoal|Torkoal, M|48/100
|-weather|SunnyDay|[from] ability: Drought|[of] p1a: Torkoal
|turn|30
|
|t:|1758312270
|move|p2a: Keldeo|Hydro Pump|p1a: Torkoal
|-supereffective|p1a: Torkoal
|-damage|p1a: Torkoal|0 fnt
|faint|p1a: Torkoal
|
|win|Typrim
|raw|Lakey0604's rating: 1082 &rarr; <strong>1063</strong><br />(-19 for losing)
|raw|Typrim's rating: 1138 &rarr; <strong>1159</strong><br />(+21 for winning)
|l|☆Typrim
|player|p2|
