|j|☆arhg955
|j|☆HAGallium
|t:|1758346377
|gametype|singles
|player|p1|arhg955|cheren-gen5bw2|1158
|player|p2|HAGallium|dawn|1240
|gen|9
|tier|[Gen 9] OU
|rated|
|rule|HP Percentage Mod: HP is shown in percentages
|rule|Endless Battle Clause: Forcing endless battles is banned
|rule|Species Clause: Limit one of each Pokémon
|rule|OHKO Clause: OHKO moves are banned
|rule|Evasion Items Clause: Evasion items are banned
|rule|Evasion Moves Clause: Evasion moves are banned
|rule|Evasion Abilities Clause: Evasion abilities are banned
|rule|Sleep Moves Clause: Sleep-inducing moves are banned
|clearpoke
|poke|p1|Dragapult, F|
|poke|p1|Iron Moth|
|poke|p1|Meowscarada, F|
|poke|p1|Great Tusk|
|poke|p1|Walking Wake|
|poke|p1|Kingambit, M|
|poke|p2|Hatterene, F|
|poke|p2|Alomomola, F|
|poke|p2|Great Tusk|
|poke|p2|Corviknight, M|
|poke|p2|Tyranitar, F|
|poke|p2|Raging Bolt|
|teampreview
|inactive|Battle timer is ON: inactive players will automatically lose when time's up. (requested by arhg955)
|
|t:|1758346397
|teamsize|p1|6
|teamsize|p2|6
|start
|switch|p1a: Iron Moth|Iron Moth|100/100
|switch|p2a: Tyranitar|Tyranitar, F|100/100
|-weather|Sandstorm|[from] ability: Sand Stream|[of] p2a: Tyranitar
|-enditem|p1a: Iron Moth|Booster Energy
|-activate|p1a: Iron Moth|ability: Quark Drive|[fromitem]
|-start|p1a: Iron Moth|quarkdrivespa
|turn|1
|
|t:|1758346407
|move|p1a: Iron Moth|Fiery Dance|p2a: Tyranitar
|-resisted|p2a: Tyranitar
|-damage|p2a: Tyranitar|81/100
|-boost|p1a: Iron Moth|spa|1
|move|p2a: Tyranitar|Ice Punch|p1a: Iron Moth
|-resisted|p1a: Iron Moth
|-damage|p1a: Iron Moth|64/100
|
|-weather|Sandstorm|[upkeep]
|-damage|p1a: Iron Moth|58/100|[from] Sandstorm
|upkeep
|turn|2
|
|t:|1758346419
|move|p1a: Iron Moth|Energy Ball|p2a: Tyranitar
|-supereffective|p2a: Tyranitar
|-damage|p2a: Tyranitar|5/100
|move|p2a: Tyranitar|Ice Punch|p1a: Iron Moth
|-resisted|p1a: Iron Moth
|-damage|p1a: Iron Moth|18/100
|
|-weather|Sandstorm|[upkeep]
|-damage|p1a: Iron Moth|12/100|[from] Sandstorm
|upkeep
|turn|3
|
|t:|1758346430
|switch|p2a: Raging Bolt|Raging Bolt|100/100
|move|p1a: Iron Moth|Energy Ball|p2a: Raging Bolt
|-resisted|p2a: Raging Bolt
|-damage|p2a: Raging Bolt|73/100
|
|-weather|Sandstorm|[upkeep]
|-damage|p1a: Iron Moth|6/100|[from] Sandstorm
|-damage|p2a: Raging Bolt|66/100|[from] Sandstorm
|-heal|p2a: Raging Bolt|73/100|[from] item: Leftovers
|upkeep
|turn|4
|
|t:|1758346445
|-end|p2a: Raging Bolt|Protosynthesis|[silent]
|switch|p2a: Alomomola|Alomomola, F|100/100
|move|p1a: Iron Moth|Energy Ball|p2a: Alomomola
|-supereffective|p2a: Alomomola
|-damage|p2a: Alomomola|28/100
|
|-weather|Sandstorm|[upkeep]
|-damage|p1a: Iron Moth|0 fnt|[from] Sandstorm
|-damage|p2a: Alomomola|22/100|[from] Sandstorm
|faint|p1a: Iron Moth
|-end|p1a: Iron Moth|Quark Drive|[silent]
|upkeep
|
|t:|1758346456
|switch|p1a: Meowscarada|Meowscarada, F|100/100
|turn|5
|
|t:|1758346462
|move|p1a: Meowscarada|Triple Axel|p2a: Alomomola|[miss]
|-start|p1a: Meowscarada|typechange|Ice|[from] ability: Protean
|-miss|p1a: Meowscarada|p2a: Alomomola
|move|p2a: Alomomola|Flip Turn|p1a: Meowscarada
|-damage|p1a: Meowscarada|76/100
|
|t:|1758346476
|switch|p2a: Corviknight|Corviknight, M|100/100|[from] Flip Turn
|-ability|p2a: Corviknight|Pressure
|
|-weather|none
|upkeep
|turn|6
|
|t:|1758346484
|move|p1a: Meowscarada|Triple Axel|p2a: Corviknight
|-damage|p2a: Corviknight|92/100
|-damage|p2a: Corviknight|76/100
|-damage|p2a: Corviknight|52/100
|-hitcount|p2a: Corviknight|3
|move|p2a: Corviknight|U-turn|p1a: Meowscarada
|-crit|p1a: Meowscarada
|-damage|p1a: Meowscarada|45/100
|
|t:|1758346498
|switch|p2a: Raging Bolt|Raging Bolt|73/100|[from] U-turn
|
|-heal|p2a: Raging Bolt|79/100|[from] item: Leftovers
|upkeep
|turn|7
|
|t:|1758346504
|move|p2a: Raging Bolt|Thunderclap|p1a: Meowscarada
|-damage|p1a: Meowscarada|0 fnt
|faint|p1a: Meowscarada
|
|-heal|p2a: Raging Bolt|85/100|[from] item: Leftovers
|upkeep
|
|t:|1758346513
|switch|p1a: Walking Wake|Walking Wake|100/100
|-enditem|p1a: Walking Wake|Booster Energy
|-activate|p1a: Walking Wake|ability: Protosynthesis|[fromitem]
|-start|p1a: Walking Wake|protosynthesisspa
|turn|8
|
|t:|1758346518
|-terastallize|p2a: Raging Bolt|Fairy
|move|p1a: Walking Wake|Draco Meteor|p2a: Raging Bolt
|-immune|p2a: Raging Bolt
|move|p2a: Raging Bolt|Draco Meteor|p1a: Walking Wake
|-supereffective|p1a: Walking Wake
|-damage|p1a: Walking Wake|0 fnt
|-unboost|p2a: Raging Bolt|spa|2
|faint|p1a: Walking Wake
|-end|p1a: Walking Wake|Protosynthesis|[silent]
|
|-heal|p2a: Raging Bolt|91/100|[from] item: Leftovers
|upkeep
|
|t:|1758346535
|switch|p1a: Kingambit|Kingambit, M|100/100
|-activate|p1a: Kingambit|ability: Supreme Overlord
|-start|p1a: Kingambit|fallen3|[silent]
|turn|9
|
|t:|1758346541
|-end|p2a: Raging Bolt|Protosynthesis|[silent]
|switch|p2a: Tyranitar|Tyranitar, F|5/100
|-weather|Sandstorm|[from] ability: Sand Stream|[of] p2a: Tyranitar
|move|p1a: Kingambit|Iron Head|p2a: Tyranitar
|-supereffective|p2a: Tyranitar
|-damage|p2a: Tyranitar|0 fnt
|faint|p2a: Tyranitar
|
|-weather|Sandstorm|[upkeep]
|upkeep
|
|t:|1758346548
|switch|p2a: Great Tusk|Great Tusk|100/100
|turn|10
|
|t:|1758346557
|-terastallize|p1a: Kingambit|Dark
|move|p1a: Kingambit|Sucker Punch|p2a: Great Tusk
|-resisted|p2a: Great Tusk
|-damage|p2a: Great Tusk|69/100
|move|p2a: Great Tusk|Headlong Rush|p1a: Kingambit
|-damage|p1a: Kingambit|51/100
|-unboost|p2a: Great Tusk|def|1
|-unboost|p2a: Great Tusk|spd|1
|
|-weather|Sandstorm|[upkeep]
|-damage|p1a: Kingambit|45/100|[from] Sandstorm
|upkeep
|turn|11
|
|t:|1758346570
|-end|p1a: Kingambit|fallen3|[silent]
|switch|p1a: Great Tusk|Great Tusk|100/100
|move|p2a: Great Tusk|Headlong Rush|p1a: Great Tusk
|-damage|p1a: Great Tusk|58/100
|-unboost|p2a: Great Tusk|def|1
|-unboost|p2a: Great Tusk|spd|1
|
|-weather|Sandstorm|[upkeep]
|-heal|p1a: Great Tusk|64/100|[from] item: Leftovers
|upkeep
|turn|12
|
|t:|1758346582
|-end|p2a: Great Tusk|Protosynthesis|[silent]
|switch|p2a: Alomomola|Alomomola, F|55/100
|move|p1a: Great Tusk|Close Combat|p2a: Alomomola
|-damage|p2a: Alomomola|19/100
|-unboost|p1a: Great Tusk|def|1
|-unboost|p1a: Great Tusk|spd|1
|
|-weather|Sandstorm|[upkeep]
|-damage|p2a: Alomomola|13/100|[from] Sandstorm
|-heal|p1a: Great Tusk|70/100|[from] item: Leftovers
|upkeep
|turn|13
|
|t:|1758346595
|move|p2a: Alomomola|Aqua Jet|p1a: Great Tusk
|-supereffective|p1a: Great Tusk
|-damage|p1a: Great Tusk|49/100
|move|p1a: Great Tusk|Close Combat|p2a: Alomomola
|-damage|p2a: Alomomola|0 fnt
|-unboost|p1a: Great Tusk|def|1
|-unboost|p1a: Great Tusk|spd|1
|faint|p2a: Alomomola
|
|-weather|none
|-heal|p1a: Great Tusk|55/100|[from] item: Leftovers
|upkeep
|
|t:|1758346614
|switch|p2a: Hatterene|Hatterene, F|100/100
|turn|14
|
|t:|1758346621
|move|p1a: Great Tusk|Knock Off|p2a: Hatterene
|-damage|p2a: Hatterene|73/100
|-enditem|p2a: Hatterene|Leftovers|[from] move: Knock Off|[of] p1a: Great Tusk
|move|p2a: Hatterene|Draining Kiss|p1a: Great Tusk
|-supereffective|p1a: Great Tusk
|-damage|p1a: Great Tusk|0 fnt
|-heal|p2a: Hatterene|100/100|[from] drain|[of] p1a: Great Tusk
|faint|p1a: Great Tusk
|-end|p1a: Great Tusk|Protosynthesis|[silent]
|
|upkeep
|
|t:|1758346632
|switch|p1a: Kingambit|Kingambit, M, tera:Dark|45/100
|-activate|p1a: Kingambit|ability: Supreme Overlord
|-start|p1a: Kingambit|fallen4|[silent]
|turn|15
|inactive|HAGallium has 120 seconds left.
|inactive|HAGallium has 90 seconds left.
|
|t:|1758346711
|move|p1a: Kingambit|Iron Head|p2a: Hatterene
|-supereffective|p2a: Hatterene
|-damage|p2a: Hatterene|0 fnt
|faint|p2a: Hatterene
|
|upkeep
|
|t:|1758346717
|switch|p2a: Great Tusk|Great Tusk|69/100
|turn|16
|
|t:|1758346725
|move|p1a: Kingambit|Sucker Punch|p2a: Great Tusk
|-resisted|p2a: Great Tusk
|-damage|p2a: Great Tusk|37/100
|move|p2a: Great Tusk|Headlong Rush|p1a: Kingambit
|-damage|p1a: Kingambit|0 fnt
|-unboost|p2a: Great Tusk|def|1
|-unboost|p2a: Great Tusk|spd|1
|faint|p1a: Kingambit
|-end|p1a: Kingambit|fallen4|[silent]
|
|upkeep
|
|t:|1758346734
|switch|p1a: Dragapult|Dragapult, F|100/100
|turn|17
|
|t:|1758346738
|move|p1a: Dragapult|Shadow Ball|p2a: Great Tusk
|-damage|p2a: Great Tusk|0 fnt
|faint|p2a: Great Tusk
|-end|p2a: Great Tusk|Protosynthesis|[silent]
|
|upkeep
|
|t:|1758346741
|switch|p2a: Raging Bolt|Raging Bolt, tera:Fairy|91/100
|turn|18
|
|t:|1758346746
|move|p1a: Dragapult|Shadow Ball|p2a: Raging Bolt
|-damage|p2a: Raging Bolt|50/100
|move|p2a: Raging Bolt|Draco Meteor|p1a: Dragapult|[miss]
|-miss|p2a: Raging Bolt|p1a: Dragapult
|
|-heal|p2a: Raging Bolt|56/100|[from] item: Leftovers
|upkeep
|turn|19
|inactive|HAGallium has 120 seconds left.
|
|t:|1758346756
|move|p1a: Dragapult|Shadow Ball|p2a: Raging Bolt
|-damage|p2a: Raging Bolt|12/100
|move|p2a: Raging Bolt|Draco Meteor|p1a: Dragapult
|-supereffective|p1a: Dragapult
|-damage|p1a: Dragapult|0 fnt
|-unboost|p2a: Raging Bolt|spa|2
|faint|p1a: Dragapult
|
|win|HAGallium
|raw|arhg955's rating: 1158 &rarr; <strong>1139</strong><br />(-19 for losing)
|raw|HAGallium's rating: 1240 &rarr; <strong>1259</strong><br />(+19 for winning)
