|j|☆AKO301
|j|☆Dreisu SV
|t:|1758278091
|gametype|singles
|player|p1|AKO301|hugh|1471
|player|p2|Dreisu SV|volkner|1485
|gen|9
|tier|[Gen 9] OU
|rated|
|rule|HP Percentage Mod: HP is shown in percentages
|rule|Endless Battle Clause: Forcing endless battles is banned
|rule|Species Clause: Limit one of each Pokémon
|rule|OHKO Clause: OHKO moves are banned
|rule|Evasion Items Clause: Evasion items are banned
|rule|Evasion Moves Clause: Evasion moves are banned
|rule|Evasion Abilities Clause: Evasion abilities are banned
|rule|Sleep Moves Clause: Sleep-inducing moves are banned
|clearpoke
|poke|p1|Ninetales, M|
|poke|p1|Ceruledge, F|
|poke|p1|Walking Wake|
|poke|p1|Venusaur, M|
|poke|p1|Kingambit, F|
|poke|p1|Great Tusk|
|poke|p2|Haxorus, F|
|poke|p2|Ninetales, M|
|poke|p2|Hatterene, F|
|poke|p2|Raging Bolt|
|poke|p2|Cinderace, M|
|poke|p2|Great Tusk|
|teampreview
|inactive|Battle timer is ON: inactive players will automatically lose when time's up. (requested by AKO301)
|
|t:|1758278098
|teamsize|p1|6
|teamsize|p2|6
|start
|switch|p1a: Walking Wake|Walking Wake|100/100
|switch|p2a: Hatterene|Hatterene, F|100/100
|turn|1
|
|t:|1758278103
|move|p1a: Walking Wake|Flip Turn|p2a: Hatterene
|-damage|p2a: Hatterene|83/100
|
|t:|1758278108
|-end|p1a: Walking Wake|Protosynthesis|[silent]
|switch|p1a: Venusaur|Venusaur, M|100/100|[from] Flip Turn
|move|p2a: Hatterene|Light Screen|p2a: Hatterene
|-sidestart|p2: Dreisu SV|move: Light Screen
|
|upkeep
|turn|2
|
|t:|1758278111
|move|p1a: Venusaur|Sludge Bomb|p2a: Hatterene
|-supereffective|p2a: Hatterene
|-damage|p2a: Hatterene|30/100
|-status|p2a: Hatterene|psn
|-damage|p1a: Venusaur|91/100|[from] item: Life Orb
|move|p2a: Hatterene|Reflect|p2a: Hatterene
|-sidestart|p2: Dreisu SV|Reflect
|
|-damage|p2a: Hatterene|18/100 psn|[from] psn
|upkeep
|turn|3
|
|t:|1758278117
|switch|p2a: Cinderace|Cinderace, M|100/100
|move|p1a: Venusaur|Sludge Bomb|p2a: Cinderace
|-damage|p2a: Cinderace|66/100
|-damage|p1a: Venusaur|81/100|[from] item: Life Orb
|
|upkeep
|turn|4
|
|t:|1758278125
|switch|p1a: Great Tusk|Great Tusk|100/100
|move|p2a: Cinderace|U-turn|p1a: Great Tusk
|-start|p2a: Cinderace|typechange|Bug|[from] ability: Libero
|-resisted|p1a: Great Tusk
|-damage|p1a: Great Tusk|82/100
|j| wgw2333
|
|t:|1758278135
|switch|p2a: Raging Bolt|Raging Bolt|100/100|[from] U-turn
|
|upkeep
|turn|5
|
|t:|1758278140
|move|p1a: Great Tusk|Headlong Rush|p2a: Raging Bolt
|-supereffective|p2a: Raging Bolt
|-damage|p2a: Raging Bolt|62/100
|-unboost|p1a: Great Tusk|def|1
|-unboost|p1a: Great Tusk|spd|1
|-enditem|p2a: Raging Bolt|Weakness Policy
|-boost|p2a: Raging Bolt|atk|2|[from] item: Weakness Policy
|-boost|p2a: Raging Bolt|spa|2|[from] item: Weakness Policy
|move|p2a: Raging Bolt|Dragon Pulse|p1a: Great Tusk
|-damage|p1a: Great Tusk|0 fnt
|faint|p1a: Great Tusk
|-end|p1a: Great Tusk|Protosynthesis|[silent]
|
|upkeep
|
|t:|1758278155
|switch|p1a: Ninetales|Ninetales, M|100/100
|-weather|SunnyDay|[from] ability: Drought|[of] p1a: Ninetales
|-activate|p2a: Raging Bolt|ability: Protosynthesis
|-start|p2a: Raging Bolt|protosynthesisspa
|turn|6
|
|t:|1758278157
|move|p1a: Ninetales|Encore|p2a: Raging Bolt
|-start|p2a: Raging Bolt|Encore
|move|p2a: Raging Bolt|Dragon Pulse|p1a: Ninetales
|-damage|p1a: Ninetales|0 fnt
|faint|p1a: Ninetales
|
|-weather|SunnyDay|[upkeep]
|upkeep
|
|t:|1758278161
|switch|p1a: Ceruledge|Ceruledge, F|100/100
|turn|7
|
|t:|1758278164
|-end|p2a: Raging Bolt|Protosynthesis|[silent]
|switch|p2a: Ninetales|Ninetales, M|100/100
|-terastallize|p1a: Ceruledge|Fairy
|move|p1a: Ceruledge|Swords Dance|p1a: Ceruledge
|-boost|p1a: Ceruledge|atk|2
|
|-weather|SunnyDay|[upkeep]
|upkeep
|turn|8
|
|t:|1758278169
|move|p2a: Ninetales|Encore|p1a: Ceruledge
|-start|p1a: Ceruledge|Encore
|move|p1a: Ceruledge|Swords Dance|p1a: Ceruledge
|-boost|p1a: Ceruledge|atk|2
|
|-weather|SunnyDay|[upkeep]
|-sideend|p2: Dreisu SV|move: Light Screen
|upkeep
|turn|9
|
|t:|1758278180
|switch|p1a: Walking Wake|Walking Wake|100/100
|-activate|p1a: Walking Wake|ability: Protosynthesis
|-start|p1a: Walking Wake|protosynthesisspe
|move|p2a: Ninetales|Flamethrower|p1a: Walking Wake
|-resisted|p1a: Walking Wake
|-damage|p1a: Walking Wake|89/100
|
|-weather|SunnyDay|[upkeep]
|-sideend|p2: Dreisu SV|Reflect
|upkeep
|turn|10
|
|t:|1758278186
|switch|p2a: Hatterene|Hatterene, F|18/100 psn
|move|p1a: Walking Wake|Hydro Steam|p2a: Hatterene
|-damage|p2a: Hatterene|0 fnt
|faint|p2a: Hatterene
|
|-weather|SunnyDay|[upkeep]
|upkeep
|
|t:|1758278189
|switch|p2a: Raging Bolt|Raging Bolt|62/100
|-activate|p2a: Raging Bolt|ability: Protosynthesis
|-start|p2a: Raging Bolt|protosynthesisdef
|turn|11
|
|t:|1758278194
|move|p1a: Walking Wake|Draco Meteor|p2a: Raging Bolt
|-supereffective|p2a: Raging Bolt
|-damage|p2a: Raging Bolt|0 fnt
|-unboost|p1a: Walking Wake|spa|2
|faint|p2a: Raging Bolt
|-end|p2a: Raging Bolt|Protosynthesis|[silent]
|
|-weather|SunnyDay|[upkeep]
|upkeep
|
|t:|1758278204
|switch|p2a: Haxorus|Haxorus, F|100/100
|-ability|p2a: Haxorus|Mold Breaker
|turn|12
|
|t:|1758278208
|move|p1a: Walking Wake|Draco Meteor|p2a: Haxorus|[miss]
|-miss|p1a: Walking Wake|p2a: Haxorus
|move|p2a: Haxorus|Scale Shot|p1a: Walking Wake
|-supereffective|p1a: Walking Wake
|-damage|p1a: Walking Wake|52/100
|-supereffective|p1a: Walking Wake
|-damage|p1a: Walking Wake|10/100
|-supereffective|p1a: Walking Wake
|-damage|p1a: Walking Wake|0 fnt
|faint|p1a: Walking Wake
|-end|p1a: Walking Wake|Protosynthesis|[silent]
|-hitcount|p1: Walking Wake|3
|-unboost|p2a: Haxorus|def|1
|-boost|p2a: Haxorus|spe|1
|-damage|p2a: Haxorus|91/100|[from] item: Life Orb
|
|-weather|SunnyDay|[upkeep]
|upkeep
|c|☆AKO301|xD
|
|t:|1758278224
|switch|p1a: Venusaur|Venusaur, M|81/100
|turn|13
|
|t:|1758278228
|move|p1a: Venusaur|Sludge Bomb|p2a: Haxorus
|-damage|p2a: Haxorus|8/100
|-damage|p1a: Venusaur|71/100|[from] item: Life Orb
|move|p2a: Haxorus|Scale Shot|p1a: Venusaur
|-damage|p1a: Venusaur|43/100
|-damage|p1a: Venusaur|20/100
|-damage|p1a: Venusaur|0 fnt
|faint|p1a: Venusaur
|-hitcount|p1: Venusaur|3
|-unboost|p2a: Haxorus|def|1
|-boost|p2a: Haxorus|spe|1
|-damage|p2a: Haxorus|0 fnt|[from] item: Life Orb
|faint|p2a: Haxorus
|
|-weather|none
|upkeep
|
|t:|1758278237
|switch|p2a: Cinderace|Cinderace, M|66/100
|switch|p1a: Ceruledge|Ceruledge, F, tera:Fairy|100/100
|turn|14
|
|t:|1758278242
|move|p2a: Cinderace|Pyro Ball|p1a: Ceruledge
|-enditem|p1a: Ceruledge|Focus Sash
|-damage|p1a: Ceruledge|1/100
|-ability|p1a: Ceruledge|Weak Armor|boost
|-unboost|p1a: Ceruledge|def|1
|-boost|p1a: Ceruledge|spe|2
|move|p1a: Ceruledge|Bitter Blade|p2a: Cinderace
|-resisted|p2a: Cinderace
|-damage|p2a: Cinderace|32/100
|-heal|p1a: Ceruledge|19/100|[from] drain|[of] p2a: Cinderace
|
|upkeep
|turn|15
|
|t:|1758278247
|move|p1a: Ceruledge|Shadow Sneak|p2a: Cinderace
|-damage|p2a: Cinderace|3/100
|move|p2a: Cinderace|Pyro Ball|p1a: Ceruledge
|-damage|p1a: Ceruledge|0 fnt
|faint|p1a: Ceruledge
|
|upkeep
|
|t:|1758278250
|switch|p1a: Kingambit|Kingambit, F|100/100
|-activate|p1a: Kingambit|ability: Supreme Overlord
|-start|p1a: Kingambit|fallen5|[silent]
|-item|p1a: Kingambit|Air Balloon
|turn|16
|
|t:|1758278252
|move|p1a: Kingambit|Sucker Punch|p2a: Cinderace
|-damage|p2a: Cinderace|0 fnt
|faint|p2a: Cinderace
|
|upkeep
|
|t:|1758278254
|switch|p2a: Ninetales|Ninetales, M|100/100
|-weather|SunnyDay|[from] ability: Drought|[of] p2a: Ninetales
|turn|17
|
|t:|1758278259
|move|p2a: Ninetales|Encore|p1a: Kingambit
|-start|p1a: Kingambit|Encore
|move|p1a: Kingambit|Sucker Punch||[still]
|-fail|p1a: Kingambit
|
|-weather|SunnyDay|[upkeep]
|upkeep
|turn|18
|-message|AKO301 forfeited.
|
|win|Dreisu SV
|raw|AKO301's rating: 1471 &rarr; <strong>1452</strong><br />(-19 for losing)
|raw|Dreisu SV's rating: 1485 &rarr; <strong>1504</strong><br />(+19 for winning)
|l|☆AKO301
|player|p1|
|l|☆Dreisu SV
|player|p2|
|l| wgw2333
