|j|☆madewithstupidity
|j|☆I will eat another
|t:|1758306605
|gametype|singles
|player|p1|madewithstupidity|alder|1316
|player|p2|I will eat another|plasmagrunt|1266
|gen|9
|tier|[Gen 9] OU
|rated|
|rule|HP Percentage Mod: HP is shown in percentages
|rule|Endless Battle Clause: Forcing endless battles is banned
|rule|Species Clause: Limit one of each Pokémon
|rule|OHKO Clause: OHKO moves are banned
|rule|Evasion Items Clause: Evasion items are banned
|rule|Evasion Moves Clause: Evasion moves are banned
|rule|Evasion Abilities Clause: Evasion abilities are banned
|rule|Sleep Moves Clause: Sleep-inducing moves are banned
|clearpoke
|poke|p1|Iron Hands|
|poke|p1|Slowbro, M|
|poke|p1|Hatterene, F|
|poke|p1|Hoopa-Unbound|
|poke|p1|Indeedee, M|
|poke|p1|Ursaluna, M|
|poke|p2|Breloom, M|
|poke|p2|Swinub, M|
|poke|p2|Iron Crown|
|poke|p2|Glimmora, F|
|poke|p2|Talonflame, M|
|poke|p2|Greninja-*, F|
|teampreview
|inactive|Battle timer is ON: inactive players will automatically lose when time's up. (requested by I will eat another)
|inactive|madewithstupidity also wants the timer to be on.
|
|t:|1758306611
|teamsize|p1|6
|teamsize|p2|6
|start
|switch|p1a: Indeedee|Indeedee, M, shiny|100/100
|switch|p2a: Lumiflora|Glimmora, F|100/100
|-fieldstart|move: Psychic Terrain|[from] ability: Psychic Surge|[of] p1a: Indeedee
|turn|1
|
|t:|1758306617
|switch|p1a: Hatterene|Hatterene, F, shiny|100/100
|-terastallize|p2a: Lumiflora|Dark
|move|p2a: Lumiflora|Meteor Beam||[still]
|-prepare|p2a: Lumiflora|Meteor Beam
|-boost|p2a: Lumiflora|spa|1
|-enditem|p2a: Lumiflora|Power Herb
|-anim|p2a: Lumiflora|Meteor Beam|p1a: Hatterene
|-damage|p1a: Hatterene|10/100
|
|upkeep
|turn|2
|
|t:|1758306628
|move|p2a: Lumiflora|Sludge Wave|p1a: Hatterene
|-supereffective|p1a: Hatterene
|-damage|p1a: Hatterene|0 fnt
|faint|p1a: Hatterene
|
|upkeep
|
|t:|1758306637
|switch|p1a: Iron Hands|Iron Hands, shiny|100/100
|turn|3
|
|t:|1758306644
|move|p2a: Lumiflora|Sludge Wave|p1a: Iron Hands
|-damage|p1a: Iron Hands|59/100
|move|p1a: Iron Hands|Close Combat|p2a: Lumiflora
|-supereffective|p2a: Lumiflora
|-damage|p2a: Lumiflora|0 fnt
|-unboost|p1a: Iron Hands|def|1
|-unboost|p1a: Iron Hands|spd|1
|-activate|p2a: Lumiflora|ability: Toxic Debris
|-sidestart|p1: madewithstupidity|move: Toxic Spikes
|faint|p2a: Lumiflora
|
|upkeep
|
|t:|1758306662
|switch|p2a: Kapilz|Breloom, M|100/100
|turn|4
|
|t:|1758306690
|-terastallize|p1a: Iron Hands|Grass
|move|p2a: Kapilz|Zen Headbutt|p1a: Iron Hands
|-damage|p1a: Iron Hands|14/100
|-damage|p2a: Kapilz|91/100|[from] item: Life Orb
|move|p1a: Iron Hands|Ice Punch|p2a: Kapilz
|-supereffective|p2a: Kapilz
|-damage|p2a: Kapilz|0 fnt
|faint|p2a: Kapilz
|
|upkeep
|
|t:|1758306702
|switch|p2a: Quiekel|Swinub, M|100/100
|turn|5
|
|t:|1758306708
|move|p2a: Quiekel|Earthquake|p1a: Iron Hands
|-resisted|p1a: Iron Hands
|-damage|p1a: Iron Hands|0 fnt
|faint|p1a: Iron Hands
|-end|p1a: Iron Hands|Quark Drive|[silent]
|
|upkeep
|
|t:|1758306714
|switch|p1a: Slowbro|Slowbro, M, shiny|100/100
|-status|p1a: Slowbro|psn
|turn|6
|
|t:|1758306724
|move|p2a: Quiekel|Endeavor|p1a: Slowbro
|-damage|p1a: Slowbro|62/100 psn
|move|p1a: Slowbro|Trick Room|p1a: Slowbro
|-fieldstart|move: Trick Room|[of] p1a: Slowbro
|
|-damage|p1a: Slowbro|49/100 psn|[from] psn
|upkeep
|turn|7
|
|t:|1758306740
|move|p1a: Slowbro|Scald|p2a: Quiekel
|-supereffective|p2a: Quiekel
|-enditem|p2a: Quiekel|Focus Sash
|-damage|p2a: Quiekel|1/100
|move|p2a: Quiekel|Endeavor|p1a: Slowbro
|-damage|p1a: Slowbro|1/100 psn
|
|-damage|p1a: Slowbro|0 fnt|[from] psn
|faint|p1a: Slowbro
|upkeep
|
|t:|1758306750
|switch|p1a: Ursaluna|Ursaluna, M, shiny|100/100
|-status|p1a: Ursaluna|psn
|turn|8
|
|t:|1758306756
|move|p1a: Ursaluna|Facade|p2a: Quiekel
|-damage|p2a: Quiekel|0 fnt
|faint|p2a: Quiekel
|
|-damage|p1a: Ursaluna|88/100 psn|[from] psn
|-fieldend|move: Psychic Terrain
|upkeep
|
|t:|1758306773
|switch|p2a: Fiaro|Talonflame, M|100/100
|turn|9
|
|t:|1758306780
|move|p1a: Ursaluna|Facade|p2a: Fiaro
|-damage|p2a: Fiaro|0 fnt
|faint|p2a: Fiaro
|
|-damage|p1a: Ursaluna|76/100 psn|[from] psn
|upkeep
|
|t:|1758306787
|switch|p2a: Quajutsu|Greninja, F|100/100
|turn|10
|
|t:|1758306792
|move|p1a: Ursaluna|Close Combat|p2a: Quajutsu
|-supereffective|p2a: Quajutsu
|-damage|p2a: Quajutsu|0 fnt
|-unboost|p1a: Ursaluna|def|1
|-unboost|p1a: Ursaluna|spd|1
|faint|p2a: Quajutsu
|
|-damage|p1a: Ursaluna|64/100 psn|[from] psn
|-fieldend|move: Trick Room
|upkeep
|
|t:|1758306802
|switch|p2a: Eisenkrone|Iron Crown|100/100
|-enditem|p2a: Eisenkrone|Booster Energy
|-activate|p2a: Eisenkrone|ability: Quark Drive|[fromitem]
|-start|p2a: Eisenkrone|quarkdrivespe
|turn|11
|
|t:|1758306812
|switch|p1a: Indeedee|Indeedee, M, shiny|100/100
|-status|p1a: Indeedee|psn
|-fieldstart|move: Psychic Terrain|[from] ability: Psychic Surge|[of] p1a: Indeedee
|move|p2a: Eisenkrone|Psyshock|p1a: Indeedee
|-resisted|p1a: Indeedee
|-damage|p1a: Indeedee|74/100 psn
|
|-damage|p1a: Indeedee|61/100 psn|[from] psn
|upkeep
|turn|12
|
|t:|1758306830
|move|p2a: Eisenkrone|Tachyon Cutter|p1a: Indeedee
|-damage|p1a: Indeedee|36/100 psn
|-damage|p1a: Indeedee|12/100 psn
|-hitcount|p1a: Indeedee|2
|move|p1a: Indeedee|Trick Room|p1a: Indeedee
|-fieldstart|move: Trick Room|[of] p1a: Indeedee
|
|-damage|p1a: Indeedee|0 fnt|[from] psn
|faint|p1a: Indeedee
|upkeep
|
|t:|1758306833
|switch|p1a: Ursaluna|Ursaluna, M, shiny|64/100 psn
|turn|13
|
|t:|1758306842
|move|p1a: Ursaluna|Headlong Rush|p2a: Eisenkrone
|-supereffective|p2a: Eisenkrone
|-damage|p2a: Eisenkrone|0 fnt
|-unboost|p1a: Ursaluna|def|1
|-unboost|p1a: Ursaluna|spd|1
|faint|p2a: Eisenkrone
|-end|p2a: Eisenkrone|Quark Drive|[silent]
|
|win|madewithstupidity
|raw|madewithstupidity's rating: 1316 &rarr; <strong>1333</strong><br />(+17 for winning)
|raw|I will eat another's rating: 1266 &rarr; <strong>1245</strong><br />(-21 for losing)
|l|☆madewithstupidity
|player|p1|
|l|☆I will eat another
|player|p2|
