|j|☆MBRis
|j|☆koudaimiZo
|t:|1758282340
|gametype|singles
|player|p1|MBRis|170|1085
|player|p2|koudaimiZo|brendan|1075
|gen|9
|tier|[Gen 9] OU
|rated|
|rule|HP Percentage Mod: HP is shown in percentages
|rule|Endless Battle Clause: Forcing endless battles is banned
|rule|Species Clause: Limit one of each Pokémon
|rule|OHKO Clause: OHKO moves are banned
|rule|Evasion Items Clause: Evasion items are banned
|rule|Evasion Moves Clause: Evasion moves are banned
|rule|Evasion Abilities Clause: Evasion abilities are banned
|rule|Sleep Moves Clause: Sleep-inducing moves are banned
|clearpoke
|poke|p1|Masquerain, F|
|poke|p1|Serperior, F|
|poke|p1|Malamar, F|
|poke|p1|Cinderace, M|
|poke|p1|Quaquaval, F|
|poke|p1|Donphan, L25, F|
|poke|p2|Dragapult, F|
|poke|p2|Great Tusk|
|poke|p2|Charizard, F|
|poke|p2|Corviknight, F|
|poke|p2|Garchomp, F|
|poke|p2|Raging Bolt|
|teampreview
|inactive|Battle timer is ON: inactive players will automatically lose when time's up. (requested by MBRis)
|
|t:|1758282359
|teamsize|p1|6
|teamsize|p2|6
|start
|switch|p1a: Masquerain|Masquerain, F|100/100
|switch|p2a: Charizard|Charizard, F, shiny|100/100
|-ability|p1a: Masquerain|Intimidate|boost
|-unboost|p2a: Charizard|atk|1
|turn|1
|
|t:|1758282369
|move|p2a: Charizard|Belly Drum|p2a: Charizard
|-damage|p2a: Charizard|50/100
|-setboost|p2a: Charizard|atk|6|[from] move: Belly Drum
|-enditem|p2a: Charizard|Sitrus Berry|[eat]
|-heal|p2a: Charizard|75/100|[from] item: Sitrus Berry
|move|p1a: Masquerain|Tailwind|p1a: Masquerain
|-sidestart|p1: MBRis|move: Tailwind
|
|upkeep
|turn|2
|
|t:|1758282379
|move|p1a: Masquerain|Sticky Web|p2a: Charizard
|-sidestart|p2: koudaimiZo|move: Sticky Web
|move|p2a: Charizard|Flame Charge|p1a: Masquerain
|-supereffective|p1a: Masquerain
|-enditem|p1a: Masquerain|Focus Sash
|-damage|p1a: Masquerain|1/100
|-boost|p2a: Charizard|spe|1
|
|upkeep
|turn|3
|
|t:|1758282390
|move|p1a: Masquerain|Lunge|p2a: Charizard
|-resisted|p2a: Charizard
|-damage|p2a: Charizard|67/100
|-unboost|p2a: Charizard|atk|1
|move|p2a: Charizard|Flame Charge|p1a: Masquerain
|-supereffective|p1a: Masquerain
|-damage|p1a: Masquerain|0 fnt
|-boost|p2a: Charizard|spe|1
|faint|p1a: Masquerain
|
|upkeep
|
|t:|1758282403
|switch|p1a: Donphan|Donphan, L25, F|100/100
|turn|4
|
|t:|1758282409
|-terastallize|p2a: Charizard|Flying
|move|p2a: Charizard|Earthquake|p1a: Donphan
|-ability|p1a: Donphan|Sturdy
|-damage|p1a: Donphan|2/100
|move|p1a: Donphan|Endeavor|p2a: Charizard
|-damage|p2a: Charizard|1/100
|-heal|p1a: Donphan|32/100|[from] item: Shell Bell|[of] p2a: Charizard
|
|-sideend|p1: MBRis|move: Tailwind
|upkeep
|turn|5
|
|t:|1758282421
|move|p1a: Donphan|Ice Shard|p2a: Charizard
|-supereffective|p2a: Charizard
|-damage|p2a: Charizard|0 fnt
|faint|p2a: Charizard
|-heal|p1a: Donphan|33/100|[from] item: Shell Bell|[of] p2: Charizard
|
|upkeep
|
|t:|1758282428
|switch|p2a: Corviknight|Corviknight, F, shiny|100/100
|-ability|p2a: Corviknight|Pressure
|turn|6
|
|t:|1758282435
|move|p1a: Donphan|Protect|p1a: Donphan
|-singleturn|p1a: Donphan|Protect
|move|p2a: Corviknight|Defog|p1a: Donphan
|-activate|p1a: Donphan|move: Protect
|
|upkeep
|turn|7
|
|t:|1758282454
|move|p2a: Corviknight|U-turn|p1a: Donphan
|-damage|p1a: Donphan|0 fnt
|faint|p1a: Donphan
|
|t:|1758282460
|switch|p2a: Raging Bolt|Raging Bolt|100/100|[from] U-turn
|-activate|p2a: Raging Bolt|move: Sticky Web
|-unboost|p2a: Raging Bolt|spe|1
|-enditem|p2a: Raging Bolt|Booster Energy
|-activate|p2a: Raging Bolt|ability: Protosynthesis|[fromitem]
|-start|p2a: Raging Bolt|protosynthesisspa
|
|upkeep
|
|t:|1758282462
|switch|p1a: Cinderace|Cinderace, M|100/100
|turn|8
|
|t:|1758282474
|move|p2a: Raging Bolt|Thunderclap||[still]
|-fail|p2a: Raging Bolt
|move|p1a: Cinderace|Court Change|p1a: Cinderace
|-start|p1a: Cinderace|typechange|Normal|[from] ability: Libero
|-swapsideconditions
|-activate|p1a: Cinderace|move: Court Change
|
|upkeep
|turn|9
|
|t:|1758282498
|move|p1a: Cinderace|U-turn|p2a: Raging Bolt
|-damage|p2a: Raging Bolt|78/100
|
|t:|1758282505
|switch|p1a: Serperior|Serperior, F|100/100|[from] U-turn
|-activate|p1a: Serperior|move: Sticky Web
|-boost|p1a: Serperior|spe|1
|move|p2a: Raging Bolt|Dragon Pulse|p1a: Serperior
|-damage|p1a: Serperior|19/100
|
|upkeep
|turn|10
|
|t:|1758282516
|-end|p2a: Raging Bolt|Protosynthesis|[silent]
|switch|p2a: Corviknight|Corviknight, F, shiny|100/100
|-ability|p2a: Corviknight|Pressure
|move|p1a: Serperior|Rest|p1a: Serperior
|-status|p1a: Serperior|slp|[from] move: Rest
|-heal|p1a: Serperior|100/100 slp|[silent]
|-enditem|p1a: Serperior|Chesto Berry|[eat]
|-curestatus|p1a: Serperior|slp|[msg]
|
|upkeep
|turn|11
|
|t:|1758282535
|move|p1a: Serperior|Leaf Storm|p2a: Corviknight
|-resisted|p2a: Corviknight
|-damage|p2a: Corviknight|88/100
|-boost|p1a: Serperior|spa|2
|move|p2a: Corviknight|Brave Bird|p1a: Serperior
|-supereffective|p1a: Serperior
|-damage|p1a: Serperior|3/100
|-damage|p2a: Corviknight|65/100|[from] Recoil
|
|-heal|p2a: Corviknight|71/100|[from] item: Leftovers
|upkeep
|turn|12
|
|t:|1758282548
|move|p1a: Serperior|Rest|p1a: Serperior
|-status|p1a: Serperior|slp|[from] move: Rest
|-heal|p1a: Serperior|100/100 slp|[silent]
|move|p2a: Corviknight|U-turn|p1a: Serperior
|-supereffective|p1a: Serperior
|-damage|p1a: Serperior|67/100 slp
|
|t:|1758282555
|switch|p2a: Garchomp|Garchomp, F|100/100|[from] U-turn
|
|upkeep
|turn|13
|
|t:|1758282563
|cant|p1a: Serperior|slp
|move|p2a: Garchomp|Swords Dance|p2a: Garchomp
|-boost|p2a: Garchomp|atk|2
|
|upkeep
|turn|14
|
|t:|1758282571
|cant|p1a: Serperior|slp
|move|p2a: Garchomp|Scale Shot|p1a: Serperior
|-damage|p1a: Serperior|34/100 slp
|-damage|p1a: Serperior|3/100 slp
|-damage|p1a: Serperior|0 fnt
|faint|p1a: Serperior
|-hitcount|p1: Serperior|3
|-unboost|p2a: Garchomp|def|1
|-boost|p2a: Garchomp|spe|1
|
|upkeep
|
|t:|1758282582
|switch|p1a: Malamar|Malamar, F|100/100
|-activate|p1a: Malamar|move: Sticky Web
|-boost|p1a: Malamar|spe|1
|turn|15
|
|t:|1758282595
|move|p2a: Garchomp|Scale Shot|p1a: Malamar
|-damage|p1a: Malamar|74/100
|-damage|p1a: Malamar|49/100
|-damage|p1a: Malamar|21/100
|-damage|p1a: Malamar|0 fnt
|faint|p1a: Malamar
|-hitcount|p1: Malamar|4
|-unboost|p2a: Garchomp|def|1
|-boost|p2a: Garchomp|spe|1
|
|upkeep
|
|t:|1758282598
|switch|p1a: Quaquaval|Quaquaval, F|100/100
|-activate|p1a: Quaquaval|move: Sticky Web
|-unboost|p1a: Quaquaval|spe|1
|turn|16
|
|t:|1758282612
|-terastallize|p1a: Quaquaval|Water
|move|p2a: Garchomp|Scale Shot|p1a: Quaquaval
|-damage|p1a: Quaquaval|69/100
|-damage|p1a: Quaquaval|37/100
|-damage|p1a: Quaquaval|5/100
|-enditem|p1a: Quaquaval|Salac Berry|[eat]
|-boost|p1a: Quaquaval|spe|1|[from] item: Salac Berry
|-damage|p1a: Quaquaval|0 fnt
|faint|p1a: Quaquaval
|-hitcount|p1: Quaquaval|4
|-unboost|p2a: Garchomp|def|1
|-boost|p2a: Garchomp|spe|1
|
|upkeep
|
|t:|1758282618
|switch|p1a: Cinderace|Cinderace, M|100/100
|turn|17
|
|t:|1758282628
|move|p2a: Garchomp|Earthquake|p1a: Cinderace
|-supereffective|p1a: Cinderace
|-damage|p1a: Cinderace|0 fnt
|faint|p1a: Cinderace
|
|win|koudaimiZo
|raw|MBRis's rating: 1085 &rarr; <strong>1062</strong><br />(-23 for losing)
|raw|koudaimiZo's rating: 1075 &rarr; <strong>1105</strong><br />(+30 for winning)
|l|☆MBRis
|player|p1|
