|j|☆xilliat
|j|☆HappyMaushold
|t:|1758260965
|gametype|singles
|player|p1|xilliat|265|1412
|player|p2|HappyMaushold|cynthia|1400
|gen|9
|tier|[Gen 9] OU
|rated|
|rule|HP Percentage Mod: HP is shown in percentages
|rule|Endless Battle Clause: Forcing endless battles is banned
|rule|Species Clause: Limit one of each Pokémon
|rule|OHKO Clause: OHKO moves are banned
|rule|Evasion Items Clause: Evasion items are banned
|rule|Evasion Moves Clause: Evasion moves are banned
|rule|Evasion Abilities Clause: Evasion abilities are banned
|rule|Sleep Moves Clause: Sleep-inducing moves are banned
|clearpoke
|poke|p1|Pelipper, F|
|poke|p1|Basculegion-F, F|
|poke|p1|Kingambit, F|
|poke|p1|Drednaw, M|
|poke|p1|Iron Treads|
|poke|p1|Thundurus-Therian, M|
|poke|p2|Pelipper, F|
|poke|p2|Moltres|
|poke|p2|Tornadus-Therian, M|
|poke|p2|Zapdos|
|poke|p2|Kilowattrel, F|
|poke|p2|Conkeldurr, M|
|teampreview
|inactive|Battle timer is ON: inactive players will automatically lose when time's up. (requested by xilliat)
|inactive|HappyMaushold has 120 seconds left.
|c|☆xilliat|Conkeldurr is scarry ngl
|inactive|HappyMaushold has 90 seconds left.
|
|t:|1758261050
|teamsize|p1|6
|teamsize|p2|6
|start
|switch|p1a: Thundurus|Thundurus-Therian, M|100/100
|switch|p2a: Moltres|Moltres|100/100
|turn|1
|c|☆HappyMaushold|i think i may have lost in teambuilder here
|
|t:|1758261059
|switch|p2a: Kilowattrel|Kilowattrel, F|100/100
|switch|p1a: Pelipper|Pelipper, F|100/100
|-weather|RainDance|[from] ability: Drizzle|[of] p1a: Pelipper
|
|-weather|RainDance|[upkeep]
|upkeep
|turn|2
|c|☆xilliat|nah you good
|inactive|xilliat has 120 seconds left.
|inactive|xilliat has 90 seconds left.
|inactive|xilliat has 60 seconds left.
|
|t:|1758261152
|switch|p1a: Thundurus|Thundurus-Therian, M|100/100
|move|p2a: Kilowattrel|Hurricane|p1a: Thundurus
|-resisted|p1a: Thundurus
|-damage|p1a: Thundurus|52/100
|
|-weather|RainDance|[upkeep]
|upkeep
|turn|3
|
|t:|1758261173
|move|p2a: Kilowattrel|Hurricane|p1a: Thundurus
|-resisted|p1a: Thundurus
|-damage|p1a: Thundurus|0 fnt
|faint|p1a: Thundurus
|
|-weather|RainDance|[upkeep]
|upkeep
|inactive|xilliat has 60 seconds left.
|
|t:|1758261194
|switch|p1a: Drednaw|Drednaw, M, shiny|100/100
|turn|4
|
|t:|1758261203
|move|p1a: Drednaw|Head Smash|p2a: Kilowattrel
|-supereffective|p2a: Kilowattrel
|-damage|p2a: Kilowattrel|0 fnt
|faint|p2a: Kilowattrel
|-damage|p1a: Drednaw|57/100|[from] Recoil
|
|-weather|RainDance|[upkeep]
|upkeep
|
|t:|1758261209
|switch|p2a: Conkeldurr|Conkeldurr, M|100/100
|turn|5
|
|t:|1758261216
|-terastallize|p1a: Drednaw|Water
|move|p2a: Conkeldurr|Mach Punch|p1a: Drednaw
|-damage|p1a: Drednaw|29/100
|move|p1a: Drednaw|Liquidation|p2a: Conkeldurr
|-crit|p2a: Conkeldurr
|-damage|p2a: Conkeldurr|0 fnt
|faint|p2a: Conkeldurr
|
|-weather|RainDance|[upkeep]
|upkeep
|
|t:|1758261226
|switch|p2a: Tornadus|Tornadus-Therian, M|100/100
|turn|6
|
|t:|1758261229
|move|p2a: Tornadus|Hurricane|p1a: Drednaw
|-damage|p1a: Drednaw|0 fnt
|faint|p1a: Drednaw
|
|-weather|RainDance|[upkeep]
|upkeep
|
|t:|1758261237
|switch|p1a: Kingambit|Kingambit, F|100/100
|-activate|p1a: Kingambit|ability: Supreme Overlord
|-start|p1a: Kingambit|fallen2|[silent]
|turn|7
|
|t:|1758261240
|switch|p2a: Moltres|Moltres|100/100
|move|p1a: Kingambit|Swords Dance|p1a: Kingambit
|-boost|p1a: Kingambit|atk|2
|
|-weather|RainDance|[upkeep]
|upkeep
|turn|8
|
|t:|1758261267
|move|p2a: Moltres|Flamethrower|p1a: Kingambit
|-supereffective|p1a: Kingambit
|-damage|p1a: Kingambit|51/100
|move|p1a: Kingambit|Kowtow Cleave|p2a: Moltres
|-damage|p2a: Moltres|0 fnt
|faint|p2a: Moltres
|
|-weather|none
|-heal|p1a: Kingambit|57/100|[from] item: Leftovers
|upkeep
|
|t:|1758261273
|switch|p2a: Pelipper|Pelipper, F|100/100
|-weather|RainDance|[from] ability: Drizzle|[of] p2a: Pelipper
|turn|9
|
|t:|1758261278
|move|p1a: Kingambit|Sucker Punch|p2a: Pelipper
|-damage|p2a: Pelipper|0 fnt
|faint|p2a: Pelipper
|
|-weather|RainDance|[upkeep]
|-heal|p1a: Kingambit|64/100|[from] item: Leftovers
|upkeep
|
|t:|1758261280
|switch|p2a: Zapdos|Zapdos|100/100
|turn|10
|
|t:|1758261286
|move|p2a: Zapdos|Heat Wave|p1a: Kingambit
|-supereffective|p1a: Kingambit
|-damage|p1a: Kingambit|15/100
|-status|p1a: Kingambit|brn
|move|p1a: Kingambit|Kowtow Cleave|p2a: Zapdos
|-damage|p2a: Zapdos|29/100
|
|-weather|RainDance|[upkeep]
|-heal|p1a: Kingambit|21/100 brn|[from] item: Leftovers
|-damage|p1a: Kingambit|15/100 brn|[from] brn
|upkeep
|turn|11
|
|t:|1758261293
|move|p1a: Kingambit|Sucker Punch|p2a: Zapdos
|-damage|p2a: Zapdos|0 fnt
|faint|p2a: Zapdos
|
|-weather|RainDance|[upkeep]
|-heal|p1a: Kingambit|21/100 brn|[from] item: Leftovers
|-damage|p1a: Kingambit|15/100 brn|[from] brn
|upkeep
|
|t:|1758261295
|switch|p2a: Tornadus|Tornadus-Therian, M|100/100
|turn|12
|
|t:|1758261298
|-terastallize|p2a: Tornadus|Flying
|move|p1a: Kingambit|Sucker Punch|p2a: Tornadus
|-damage|p2a: Tornadus|35/100
|move|p2a: Tornadus|Hurricane|p1a: Kingambit
|-resisted|p1a: Kingambit
|-damage|p1a: Kingambit|0 fnt
|faint|p1a: Kingambit
|-end|p1a: Kingambit|fallen2|[silent]
|
|-weather|RainDance|[upkeep]
|upkeep
|
|t:|1758261302
|switch|p1a: Basculegion|Basculegion-F, F|100/100
|turn|13
|
|t:|1758261304
|move|p2a: Tornadus|Hurricane|p1a: Basculegion
|-damage|p1a: Basculegion|29/100
|move|p1a: Basculegion|Shadow Ball|p2a: Tornadus
|-damage|p2a: Tornadus|0 fnt
|faint|p2a: Tornadus
|
|win|xilliat
|raw|xilliat's rating: 1412 &rarr; <strong>1431</strong><br />(+19 for winning)
|raw|HappyMaushold's rating: 1400 &rarr; <strong>1381</strong><br />(-19 for losing)
|c|☆xilliat|wp
|c|☆HappyMaushold|gg
|l|☆xilliat
|player|p1|
|c|☆HappyMaushold|i just click hurricane lmao
|l|☆HappyMaushold
|player|p2|
