|j|☆freakoffweeb
|j|☆teambuildtest420
|t:|1758304172
|gametype|singles
|player|p1|freakoffweeb|101|1465
|player|p2|teambuildtest420|unknownf|1466
|gen|9
|tier|[Gen 9] OU
|rated|
|rule|HP Percentage Mod: HP is shown in percentages
|rule|Endless Battle Clause: Forcing endless battles is banned
|rule|Species Clause: Limit one of each Pokémon
|rule|OHKO Clause: OHKO moves are banned
|rule|Evasion Items Clause: Evasion items are banned
|rule|Evasion Moves Clause: Evasion moves are banned
|rule|Evasion Abilities Clause: Evasion abilities are banned
|rule|Sleep Moves Clause: Sleep-inducing moves are banned
|clearpoke
|poke|p1|Samurott-Hisui, M|
|poke|p1|Pecharunt|
|poke|p1|Zamazenta-*|
|poke|p1|Iron Treads|
|poke|p1|Zapdos|
|poke|p1|Garganacl, M|
|poke|p2|Iron Moth|
|poke|p2|Ninetales-Alola, F|
|poke|p2|Maushold|
|poke|p2|Salamence, F|
|poke|p2|Garchomp, M|
|poke|p2|Kyurem|
|teampreview
|inactive|Battle timer is ON: inactive players will automatically lose when time's up. (requested by teambuildtest420)
|inactive|freakoffweeb also wants the timer to be on.
|
|t:|1758304181
|teamsize|p1|6
|teamsize|p2|6
|start
|switch|p1a: Zapdos|Zapdos|100/100
|switch|p2a: Ninetales|Ninetales-Alola, F, shiny|100/100
|-weather|Snowscape|[from] ability: Snow Warning|[of] p2a: Ninetales
|turn|1
|
|t:|1758304187
|move|p2a: Ninetales|Aurora Veil|p2a: Ninetales
|-sidestart|p2: teambuildtest420|move: Aurora Veil
|move|p1a: Zapdos|Heat Wave|p2a: Ninetales
|-supereffective|p2a: Ninetales
|-damage|p2a: Ninetales|70/100
|
|-weather|Snowscape|[upkeep]
|upkeep
|turn|2
|
|t:|1758304207
|move|p2a: Ninetales|Freeze-Dry|p1a: Zapdos
|-supereffective|p1a: Zapdos
|-damage|p1a: Zapdos|54/100
|move|p1a: Zapdos|Heat Wave|p2a: Ninetales
|-supereffective|p2a: Ninetales
|-crit|p2a: Ninetales
|-damage|p2a: Ninetales|0 fnt
|faint|p2a: Ninetales
|
|-weather|Snowscape|[upkeep]
|upkeep
|
|t:|1758304229
|switch|p2a: Iron Moth|Iron Moth|100/100
|-enditem|p2a: Iron Moth|Booster Energy
|-activate|p2a: Iron Moth|ability: Quark Drive|[fromitem]
|-start|p2a: Iron Moth|quarkdrivespe
|turn|3
|
|t:|1758304250
|switch|p1a: Garganacl|Garganacl, M|100/100
|move|p2a: Iron Moth|Sludge Wave|p1a: Garganacl
|-resisted|p1a: Garganacl
|-damage|p1a: Garganacl|85/100
|
|-weather|Snowscape|[upkeep]
|-heal|p1a: Garganacl|91/100|[from] item: Leftovers
|upkeep
|turn|4
|inactive|teambuildtest420 has 120 seconds left.
|
|t:|1758304294
|-terastallize|p2a: Iron Moth|Fairy
|move|p2a: Iron Moth|Fiery Dance|p1a: Garganacl
|-resisted|p1a: Garganacl
|-damage|p1a: Garganacl|79/100
|move|p1a: Garganacl|Earthquake|p2a: Iron Moth
|-damage|p2a: Iron Moth|83/100
|
|-weather|Snowscape|[upkeep]
|-heal|p1a: Garganacl|85/100|[from] item: Leftovers
|upkeep
|turn|5
|
|t:|1758304300
|move|p2a: Iron Moth|Fiery Dance|p1a: Garganacl
|-resisted|p1a: Garganacl
|-damage|p1a: Garganacl|72/100
|-boost|p2a: Iron Moth|spa|1
|move|p1a: Garganacl|Salt Cure|p2a: Iron Moth
|-damage|p2a: Iron Moth|74/100
|-start|p2a: Iron Moth|Salt Cure
|
|-weather|none
|-heal|p1a: Garganacl|78/100|[from] item: Leftovers
|-damage|p2a: Iron Moth|62/100|[from] Salt Cure
|upkeep
|turn|6
|
|t:|1758304304
|move|p2a: Iron Moth|Dazzling Gleam|p1a: Garganacl
|-damage|p1a: Garganacl|38/100
|move|p1a: Garganacl|Recover|p1a: Garganacl
|-heal|p1a: Garganacl|88/100
|
|-heal|p1a: Garganacl|95/100|[from] item: Leftovers
|-damage|p2a: Iron Moth|50/100|[from] Salt Cure
|upkeep
|turn|7
|
|t:|1758304310
|move|p2a: Iron Moth|Fiery Dance|p1a: Garganacl
|-resisted|p1a: Garganacl
|-damage|p1a: Garganacl|76/100
|-boost|p2a: Iron Moth|spa|1
|move|p1a: Garganacl|Recover|p1a: Garganacl
|-heal|p1a: Garganacl|100/100
|
|-damage|p2a: Iron Moth|37/100|[from] Salt Cure
|upkeep
|turn|8
|
|t:|1758304314
|move|p2a: Iron Moth|Dazzling Gleam|p1a: Garganacl
|-damage|p1a: Garganacl|48/100
|move|p1a: Garganacl|Recover|p1a: Garganacl
|-heal|p1a: Garganacl|98/100
|
|-heal|p1a: Garganacl|100/100|[from] item: Leftovers
|-damage|p2a: Iron Moth|25/100|[from] Salt Cure
|-sideend|p2: teambuildtest420|move: Aurora Veil
|upkeep
|turn|9
|
|t:|1758304324
|move|p2a: Iron Moth|Dazzling Gleam|p1a: Garganacl
|-damage|p1a: Garganacl|48/100
|move|p1a: Garganacl|Earthquake|p2a: Iron Moth
|-damage|p2a: Iron Moth|0 fnt
|faint|p2a: Iron Moth
|-end|p2a: Iron Moth|Quark Drive|[silent]
|
|-heal|p1a: Garganacl|54/100|[from] item: Leftovers
|upkeep
|
|t:|1758304335
|switch|p2a: Garchomp|Garchomp, M|100/100
|turn|10
|
|t:|1758304345
|move|p2a: Garchomp|Earth Power|p1a: Garganacl
|-supereffective|p1a: Garganacl
|-damage|p1a: Garganacl|0 fnt
|faint|p1a: Garganacl
|-damage|p2a: Garchomp|91/100|[from] item: Life Orb
|
|upkeep
|
|t:|1758304352
|switch|p1a: Zapdos|Zapdos|54/100
|turn|11
|
|t:|1758304359
|move|p1a: Zapdos|Hurricane|p2a: Garchomp
|-damage|p2a: Garchomp|33/100
|move|p2a: Garchomp|Draco Meteor|p1a: Zapdos
|-damage|p1a: Zapdos|0 fnt
|-unboost|p2a: Garchomp|spa|2
|faint|p1a: Zapdos
|-damage|p2a: Garchomp|23/100|[from] item: Life Orb
|
|upkeep
|
|t:|1758304371
|switch|p1a: Iron Treads|Iron Treads|100/100
|turn|12
|
|t:|1758304377
|move|p1a: Iron Treads|Earthquake|p2a: Garchomp
|-damage|p2a: Garchomp|0 fnt
|faint|p2a: Garchomp
|
|upkeep
|
|t:|1758304384
|switch|p2a: Salamence|Salamence, F|100/100
|turn|13
|
|t:|1758304388
|move|p1a: Iron Treads|Rapid Spin|p2a: Salamence
|-damage|p2a: Salamence|82/100
|-boost|p1a: Iron Treads|spe|1
|move|p2a: Salamence|Dragon Dance|p2a: Salamence
|-boost|p2a: Salamence|atk|1
|-boost|p2a: Salamence|spe|1
|
|upkeep
|turn|14
|
|t:|1758304390
|move|p1a: Iron Treads|Ice Spinner|p2a: Salamence
|-supereffective|p2a: Salamence
|-damage|p2a: Salamence|0 fnt
|faint|p2a: Salamence
|
|upkeep
|
|t:|1758304399
|switch|p2a: Kyurem|Kyurem, shiny|100/100
|-ability|p2a: Kyurem|Pressure
|turn|15
|
|t:|1758304403
|move|p1a: Iron Treads|Earthquake|p2a: Kyurem
|-damage|p2a: Kyurem|57/100
|move|p2a: Kyurem|Earth Power|p1a: Iron Treads
|-supereffective|p1a: Iron Treads
|-damage|p1a: Iron Treads|13/100
|
|-heal|p1a: Iron Treads|19/100|[from] item: Leftovers
|-heal|p2a: Kyurem|63/100|[from] item: Leftovers
|upkeep
|turn|16
|
|t:|1758304406
|move|p2a: Kyurem|Protect|p2a: Kyurem
|-singleturn|p2a: Kyurem|Protect
|move|p1a: Iron Treads|Earthquake|p2a: Kyurem
|-activate|p2a: Kyurem|move: Protect
|
|-heal|p1a: Iron Treads|25/100|[from] item: Leftovers
|-heal|p2a: Kyurem|69/100|[from] item: Leftovers
|upkeep
|turn|17
|
|t:|1758304409
|move|p1a: Iron Treads|Earthquake|p2a: Kyurem
|-damage|p2a: Kyurem|29/100
|move|p2a: Kyurem|Earth Power|p1a: Iron Treads
|-supereffective|p1a: Iron Treads
|-damage|p1a: Iron Treads|0 fnt
|faint|p1a: Iron Treads
|-end|p1a: Iron Treads|Quark Drive|[silent]
|
|-heal|p2a: Kyurem|35/100|[from] item: Leftovers
|upkeep
|
|t:|1758304415
|switch|p1a: Zamazenta|Zamazenta|100/100
|-ability|p1a: Zamazenta|Dauntless Shield|boost
|-boost|p1a: Zamazenta|def|1
|turn|18
|
|t:|1758304419
|move|p2a: Kyurem|Protect|p2a: Kyurem
|-singleturn|p2a: Kyurem|Protect
|move|p1a: Zamazenta|Crunch|p2a: Kyurem
|-activate|p2a: Kyurem|move: Protect
|
|-heal|p2a: Kyurem|41/100|[from] item: Leftovers
|upkeep
|turn|19
|
|t:|1758304428
|move|p1a: Zamazenta|Close Combat|p2a: Kyurem
|-supereffective|p2a: Kyurem
|-damage|p2a: Kyurem|0 fnt
|-unboost|p1a: Zamazenta|def|1
|-unboost|p1a: Zamazenta|spd|1
|faint|p2a: Kyurem
|
|upkeep
|
|t:|1758304430
|switch|p2a: Maushold|Maushold|100/100
|turn|20
|
|t:|1758304444
|move|p1a: Zamazenta|Close Combat|p2a: Maushold
|-supereffective|p2a: Maushold
|-damage|p2a: Maushold|0 fnt
|-unboost|p1a: Zamazenta|def|1
|-unboost|p1a: Zamazenta|spd|1
|faint|p2a: Maushold
|
|win|freakoffweeb
|raw|freakoffweeb's rating: 1483 &rarr; <strong>1502</strong><br />(+19 for winning)
|raw|teambuildtest420's rating: 1466 &rarr; <strong>1447</strong><br />(-19 for losing)
|l|☆teambuildtest420
|player|p2|
|l|☆freakoffweeb
|player|p1|
