|j|☆Nickthenickthenick
|j|☆Jon Mateo
|t:|1758278495
|gametype|singles
|player|p1|Nickthenickthenick|102|1384
|player|p2|Jon Mateo|169|1353
|gen|9
|tier|[Gen 9] OU
|rated|
|rule|HP Percentage Mod: HP is shown in percentages
|rule|Endless Battle Clause: Forcing endless battles is banned
|rule|Species Clause: Limit one of each Pokémon
|rule|OHKO Clause: OHKO moves are banned
|rule|Evasion Items Clause: Evasion items are banned
|rule|Evasion Moves Clause: Evasion moves are banned
|rule|Evasion Abilities Clause: Evasion abilities are banned
|rule|Sleep Moves Clause: Sleep-inducing moves are banned
|clearpoke
|poke|p1|Zapdos|
|poke|p1|Pelipper, F|
|poke|p1|Kingdra, F|
|poke|p1|Barraskewda, F|
|poke|p1|Chesnaught, F|
|poke|p1|Clodsire, M|
|poke|p2|Ceruledge, F|
|poke|p2|Lokix, M|
|poke|p2|Quaquaval, M|
|poke|p2|Gardevoir, F|
|poke|p2|Garchomp, M|
|poke|p2|Rotom-Frost|
|teampreview
|
|t:|1758278507
|teamsize|p1|6
|teamsize|p2|6
|start
|switch|p1a: Pelipper|Pelipper, F|100/100
|switch|p2a: Rotom|Rotom-Frost|100/100
|-weather|RainDance|[from] ability: Drizzle|[of] p1a: Pelipper
|turn|1
|
|t:|1758278516
|switch|p1a: Clodsire|Clodsire, M|100/100
|move|p2a: Rotom|Trick|p1a: Clodsire
|-activate|p2a: Rotom|move: Trick|[of] p1a: Clodsire
|-item|p1a: Clodsire|Choice Scarf|[from] move: Trick
|-item|p2a: Rotom|Leftovers|[from] move: Trick
|
|-weather|RainDance|[upkeep]
|upkeep
|turn|2
|
|t:|1758278523
|move|p2a: Rotom|Blizzard|p1a: Clodsire
|-supereffective|p1a: Clodsire
|-damage|p1a: Clodsire|54/100
|move|p1a: Clodsire|Toxic|p2a: Rotom
|-status|p2a: Rotom|tox
|
|-weather|RainDance|[upkeep]
|-damage|p2a: Rotom|94/100 tox|[from] psn
|upkeep
|turn|3
|
|t:|1758278540
|switch|p1a: Barraskewda|Barraskewda, F|100/100
|move|p2a: Rotom|Blizzard|p1a: Barraskewda
|-resisted|p1a: Barraskewda
|-damage|p1a: Barraskewda|48/100
|
|-weather|RainDance|[upkeep]
|-heal|p2a: Rotom|100/100 tox|[from] item: Leftovers
|-damage|p2a: Rotom|88/100 tox|[from] psn
|upkeep
|turn|4
|
|t:|1758278551
|switch|p2a: Garchomp|Garchomp, M|100/100
|move|p1a: Barraskewda|Psychic Fangs|p2a: Garchomp
|-damage|p2a: Garchomp|62/100
|-damage|p1a: Barraskewda|36/100|[from] ability: Rough Skin|[of] p2a: Garchomp
|
|-weather|RainDance|[upkeep]
|upkeep
|turn|5
|
|t:|1758278560
|switch|p1a: Kingdra|Kingdra, F|100/100
|move|p2a: Garchomp|Scale Shot|p1a: Kingdra|[miss]
|-miss|p2a: Garchomp|p1a: Kingdra
|
|-weather|RainDance|[upkeep]
|upkeep
|turn|6
|
|t:|1758278568
|switch|p2a: Gardevoir|Gardevoir, F|100/100
|move|p1a: Kingdra|Ice Beam|p2a: Gardevoir
|-damage|p2a: Gardevoir|59/100
|
|-weather|RainDance|[upkeep]
|upkeep
|turn|7
|
|t:|1758278575
|switch|p1a: Clodsire|Clodsire, M|54/100
|move|p2a: Gardevoir|Moonblast|p1a: Clodsire
|-resisted|p1a: Clodsire
|-damage|p1a: Clodsire|40/100
|
|-weather|RainDance|[upkeep]
|upkeep
|turn|8
|
|t:|1758278583
|switch|p2a: Garchomp|Garchomp, M|62/100
|move|p1a: Clodsire|Stealth Rock|p2a: Garchomp
|-sidestart|p2: Jon Mateo|move: Stealth Rock
|
|-weather|none
|upkeep
|turn|9
|
|t:|1758278592
|switch|p1a: Pelipper|Pelipper, F|100/100
|-weather|RainDance|[from] ability: Drizzle|[of] p1a: Pelipper
|move|p2a: Garchomp|Swords Dance|p2a: Garchomp
|-boost|p2a: Garchomp|atk|2
|
|-weather|RainDance|[upkeep]
|upkeep
|turn|10
|
|t:|1758278600
|move|p2a: Garchomp|Scale Shot|p1a: Pelipper
|-damage|p1a: Pelipper|69/100
|-damage|p1a: Pelipper|41/100
|-damage|p1a: Pelipper|9/100
|-damage|p1a: Pelipper|0 fnt
|faint|p1a: Pelipper
|-hitcount|p1: Pelipper|4
|-unboost|p2a: Garchomp|def|1
|-boost|p2a: Garchomp|spe|1
|
|-weather|RainDance|[upkeep]
|upkeep
|
|t:|1758278611
|switch|p1a: Kingdra|Kingdra, F|100/100
|turn|11
|
|t:|1758278615
|move|p1a: Kingdra|Ice Beam|p2a: Garchomp
|-supereffective|p2a: Garchomp
|-damage|p2a: Garchomp|0 fnt
|faint|p2a: Garchomp
|
|-weather|RainDance|[upkeep]
|upkeep
|
|t:|1758278622
|switch|p2a: Lokix|Lokix, M|100/100
|-damage|p2a: Lokix|76/100|[from] Stealth Rock
|turn|12
|
|t:|1758278626
|switch|p1a: Zapdos|Zapdos|100/100
|move|p2a: Lokix|First Impression|p1a: Zapdos
|-resisted|p1a: Zapdos
|-damage|p1a: Zapdos|47/100
|-status|p2a: Lokix|par|[from] ability: Static|[of] p1a: Zapdos
|
|-weather|RainDance|[upkeep]
|upkeep
|turn|13
|
|t:|1758278636
|move|p2a: Lokix|Sucker Punch|p1a: Zapdos
|-damage|p1a: Zapdos|11/100
|move|p1a: Zapdos|Hurricane|p2a: Lokix
|-supereffective|p2a: Lokix
|-damage|p2a: Lokix|0 fnt
|faint|p2a: Lokix
|
|-weather|RainDance|[upkeep]
|upkeep
|
|t:|1758278647
|switch|p2a: Ceruledge|Ceruledge, F|100/100
|-damage|p2a: Ceruledge|76/100|[from] Stealth Rock
|turn|14
|
|t:|1758278650
|move|p2a: Ceruledge|Shadow Sneak|p1a: Zapdos
|-damage|p1a: Zapdos|0 fnt
|faint|p1a: Zapdos
|-damage|p2a: Ceruledge|66/100|[from] item: Life Orb
|
|-weather|RainDance|[upkeep]
|upkeep
|
|t:|1758278656
|switch|p1a: Kingdra|Kingdra, F|100/100
|turn|15
|
|t:|1758278664
|switch|p2a: Gardevoir|Gardevoir, F|59/100
|-damage|p2a: Gardevoir|47/100|[from] Stealth Rock
|move|p1a: Kingdra|Weather Ball|p2a: Gardevoir
|-damage|p2a: Gardevoir|0 fnt
|faint|p2a: Gardevoir
|
|-weather|RainDance|[upkeep]
|upkeep
|
|t:|1758278670
|switch|p2a: Quaquaval|Quaquaval, M|100/100
|-damage|p2a: Quaquaval|94/100|[from] Stealth Rock
|turn|16
|
|t:|1758278723
|switch|p1a: Chesnaught|Chesnaught, F|100/100
|move|p2a: Quaquaval|Close Combat|p1a: Chesnaught
|-damage|p1a: Chesnaught|42/100
|-unboost|p2a: Quaquaval|def|1
|-unboost|p2a: Quaquaval|spd|1
|
|-weather|none
|-heal|p1a: Chesnaught|48/100|[from] item: Leftovers
|upkeep
|turn|17
|
|t:|1758278735
|move|p2a: Quaquaval|Close Combat|p1a: Chesnaught
|-damage|p1a: Chesnaught|0 fnt
|-unboost|p2a: Quaquaval|def|1
|-unboost|p2a: Quaquaval|spd|1
|faint|p1a: Chesnaught
|-ability|p2a: Quaquaval|Moxie|boost
|-boost|p2a: Quaquaval|atk|1
|
|upkeep
|
|t:|1758278744
|switch|p1a: Barraskewda|Barraskewda, F|36/100
|turn|18
|
|t:|1758278750
|switch|p2a: Rotom|Rotom-Frost|88/100 tox
|-damage|p2a: Rotom|63/100 tox|[from] Stealth Rock
|move|p1a: Barraskewda|Psychic Fangs|p2a: Rotom
|-damage|p2a: Rotom|0 fnt
|faint|p2a: Rotom
|
|upkeep
|
|t:|1758278759
|switch|p2a: Ceruledge|Ceruledge, F|66/100
|-damage|p2a: Ceruledge|41/100|[from] Stealth Rock
|turn|19
|
|t:|1758278763
|switch|p1a: Clodsire|Clodsire, M|40/100
|move|p2a: Ceruledge|Shadow Sneak|p1a: Clodsire
|-damage|p1a: Clodsire|5/100
|-damage|p2a: Ceruledge|31/100|[from] item: Life Orb
|
|upkeep
|turn|20
|
|t:|1758278772
|move|p2a: Ceruledge|Shadow Sneak|p1a: Clodsire
|-damage|p1a: Clodsire|0 fnt
|faint|p1a: Clodsire
|-damage|p2a: Ceruledge|21/100|[from] item: Life Orb
|
|upkeep
|
|t:|1758278779
|switch|p1a: Barraskewda|Barraskewda, F|36/100
|turn|21
|
|t:|1758278784
|move|p2a: Ceruledge|Shadow Sneak|p1a: Barraskewda
|-damage|p1a: Barraskewda|0 fnt
|faint|p1a: Barraskewda
|-damage|p2a: Ceruledge|11/100|[from] item: Life Orb
|
|upkeep
|
|t:|1758278789
|switch|p1a: Kingdra|Kingdra, F|100/100
|turn|22
|
|t:|1758278799
|move|p2a: Ceruledge|Shadow Sneak|p1a: Kingdra
|-damage|p1a: Kingdra|64/100
|-damage|p2a: Ceruledge|1/100|[from] item: Life Orb
|move|p1a: Kingdra|Hydro Pump|p2a: Ceruledge|[miss]
|-miss|p1a: Kingdra|p2a: Ceruledge
|
|upkeep
|turn|23
|
|t:|1758278823
|move|p2a: Ceruledge|Shadow Sneak|p1a: Kingdra
|-damage|p1a: Kingdra|26/100
|-damage|p2a: Ceruledge|0 fnt|[from] item: Life Orb
|faint|p2a: Ceruledge
|move|p1a: Kingdra|Hydro Pump|p2: Ceruledge|[notarget]
|-fail|p1a: Kingdra
|
|upkeep
|
|t:|1758278829
|switch|p2a: Quaquaval|Quaquaval, M|94/100
|-damage|p2a: Quaquaval|88/100|[from] Stealth Rock
|turn|24
|
|t:|1758278834
|-terastallize|p2a: Quaquaval|Water
|move|p2a: Quaquaval|Aqua Jet|p1a: Kingdra
|-resisted|p1a: Kingdra
|-damage|p1a: Kingdra|12/100
|move|p1a: Kingdra|Hydro Pump|p2a: Quaquaval
|-resisted|p2a: Quaquaval
|-damage|p2a: Quaquaval|42/100
|
|upkeep
|turn|25
|
|t:|1758278841
|move|p2a: Quaquaval|Aqua Jet|p1a: Kingdra
|-resisted|p1a: Kingdra
|-damage|p1a: Kingdra|0 fnt
|faint|p1a: Kingdra
|
|win|Jon Mateo
|raw|Nickthenickthenick's rating: 1384 &rarr; <strong>1362</strong><br />(-22 for losing)
|raw|Jon Mateo's rating: 1353 &rarr; <strong>1375</strong><br />(+22 for winning)
|l|☆Nickthenickthenick
|player|p1|
|l|☆Jon Mateo
|player|p2|
