|j|☆XphalT
|j|☆eviolitenumel
|t:|1758372230
|gametype|singles
|player|p1|XphalT|zinnia-masters|1443
|player|p2|eviolitenumel|pokefanf-gen2|1398
|gen|9
|tier|[Gen 9] OU
|rated|
|rule|HP Percentage Mod: HP is shown in percentages
|rule|Endless Battle Clause: Forcing endless battles is banned
|rule|Species Clause: Limit one of each Pokémon
|rule|OHKO Clause: OHKO moves are banned
|rule|Evasion Items Clause: Evasion items are banned
|rule|Evasion Moves Clause: Evasion moves are banned
|rule|Evasion Abilities Clause: Evasion abilities are banned
|rule|Sleep Moves Clause: Sleep-inducing moves are banned
|clearpoke
|poke|p1|Samurott-Hisui, M|
|poke|p1|Pecharunt|
|poke|p1|Great Tusk|
|poke|p1|Darkrai|
|poke|p1|Ogerpon-Wellspring, F|
|poke|p1|Scizor, F|
|poke|p2|Landorus-Therian, M|
|poke|p2|Weezing-Galar, F|
|poke|p2|Hoopa-Unbound|
|poke|p2|Muk-Alola, F|
|poke|p2|Garchomp, F|
|poke|p2|Quagsire, F|
|teampreview
|inactive|Battle timer is ON: inactive players will automatically lose when time's up. (requested by eviolitenumel)
|
|t:|1758372244
|teamsize|p1|6
|teamsize|p2|6
|start
|switch|p1a: Darkrai|Darkrai|100/100
|switch|p2a: Landorus|Landorus-Therian, M|100/100
|-ability|p2a: Landorus|Intimidate|boost
|-unboost|p1a: Darkrai|atk|1
|turn|1
|
|t:|1758372252
|switch|p2a: Muk|Muk-Alola, F|100/100
|move|p1a: Darkrai|Ice Beam|p2a: Muk
|-damage|p2a: Muk|87/100
|
|upkeep
|turn|2
|
|t:|1758372261
|switch|p1a: Samurott|Samurott-Hisui, M|100/100
|move|p2a: Muk|Knock Off|p1a: Samurott
|-resisted|p1a: Samurott
|-damage|p1a: Samurott|84/100
|-status|p1a: Samurott|psn|[from] ability: Poison Touch|[of] p2a: Muk
|-enditem|p1a: Samurott|Heavy-Duty Boots|[from] move: Knock Off|[of] p2a: Muk
|
|-damage|p1a: Samurott|72/100 psn|[from] psn
|upkeep
|turn|3
|
|t:|1758372271
|switch|p2a: Garchomp|Garchomp, F|100/100
|move|p1a: Samurott|Ceaseless Edge|p2a: Garchomp
|-damage|p2a: Garchomp|74/100
|-damage|p1a: Samurott|59/100 psn|[from] ability: Rough Skin|[of] p2a: Garchomp
|-damage|p1a: Samurott|43/100 psn|[from] item: Rocky Helmet|[of] p2a: Garchomp
|-sidestart|p2: eviolitenumel|Spikes
|
|-damage|p1a: Samurott|30/100 psn|[from] psn
|upkeep
|turn|4
|
|t:|1758372289
|switch|p2a: Weezing|Weezing-Galar, F|100/100
|-ability|p2a: Weezing|Neutralizing Gas
|-damage|p2a: Weezing|88/100|[from] Spikes
|move|p1a: Samurott|Ceaseless Edge|p2a: Weezing
|-resisted|p2a: Weezing
|-damage|p2a: Weezing|79/100
|-sidestart|p2: eviolitenumel|Spikes
|
|-heal|p2a: Weezing|85/100|[from] item: Leftovers
|-damage|p1a: Samurott|18/100 psn|[from] psn
|upkeep
|turn|5
|
|t:|1758372318
|switch|p1a: Scizor|Scizor, F|100/100
|move|p2a: Weezing|Defog|p1a: Scizor
|-unboost|p1a: Scizor|evasion|1
|-sideend|p2: eviolitenumel|Spikes|[from] move: Defog|[of] p2a: Weezing
|
|-heal|p2a: Weezing|91/100|[from] item: Leftovers
|upkeep
|turn|6
|
|t:|1758372333
|move|p1a: Scizor|U-turn|p2a: Weezing
|-resisted|p2a: Weezing
|-damage|p2a: Weezing|82/100
|
|t:|1758372336
|switch|p1a: Pecharunt|Pecharunt|100/100|[from] U-turn
|move|p2a: Weezing|Will-O-Wisp|p1a: Pecharunt|[miss]
|-miss|p2a: Weezing|p1a: Pecharunt
|
|-heal|p2a: Weezing|88/100|[from] item: Leftovers
|upkeep
|turn|7
|inactive|XphalT has 120 seconds left.
|
|t:|1758372357
|-end|p2a: Weezing|ability: Neutralizing Gas
|switch|p2a: Muk|Muk-Alola, F|87/100
|move|p1a: Pecharunt|Parting Shot|p2a: Muk
|-unboost|p2a: Muk|atk|1
|-unboost|p2a: Muk|spa|1
|inactive|XphalT has 120 seconds left.
|
|t:|1758372365
|switch|p1a: Great Tusk|Great Tusk|100/100|[from] Parting Shot
|
|upkeep
|turn|8
|inactive|XphalT has 120 seconds left.
|
|t:|1758372378
|switch|p2a: Landorus|Landorus-Therian, M|100/100
|-ability|p2a: Landorus|Intimidate|boost
|-unboost|p1a: Great Tusk|atk|1
|move|p1a: Great Tusk|Stealth Rock|p2a: Landorus
|-sidestart|p2: eviolitenumel|move: Stealth Rock
|
|upkeep
|turn|9
|
|t:|1758372387
|move|p2a: Landorus|Grass Knot|p1a: Great Tusk
|-supereffective|p1a: Great Tusk
|-damage|p1a: Great Tusk|0 fnt
|faint|p1a: Great Tusk
|-end|p1a: Great Tusk|Protosynthesis|[silent]
|
|upkeep
|inactive|XphalT has 120 seconds left.
|inactive|XphalT has 90 seconds left.
|
|t:|1758372429
|switch|p1a: Ogerpon|Ogerpon-Wellspring, F|100/100
|turn|10
|
|t:|1758372441
|switch|p2a: Weezing|Weezing-Galar, F|88/100
|-ability|p2a: Weezing|Neutralizing Gas
|-damage|p2a: Weezing|76/100|[from] Stealth Rock
|move|p1a: Ogerpon|Ivy Cudgel|p2a: Weezing|[anim] Ivy Cudgel Water
|-damage|p2a: Weezing|38/100
|
|-heal|p2a: Weezing|44/100|[from] item: Leftovers
|upkeep
|turn|11
|inactive|XphalT has 90 seconds left.
|
|t:|1758372466
|move|p1a: Ogerpon|U-turn|p2a: Weezing
|-resisted|p2a: Weezing
|-damage|p2a: Weezing|40/100
|
|t:|1758372468
|switch|p1a: Samurott|Samurott-Hisui, M|18/100 psn|[from] U-turn
|move|p2a: Weezing|Pain Split|p1a: Samurott
|-sethp|p1a: Samurott|26/100 psn|[from] move: Pain Split|[silent]
|-sethp|p2a: Weezing|30/100|[from] move: Pain Split
|
|-heal|p2a: Weezing|36/100|[from] item: Leftovers
|-damage|p1a: Samurott|14/100 psn|[from] psn
|upkeep
|turn|12
|inactive|XphalT has 90 seconds left.
|
|t:|1758372480
|move|p1a: Samurott|Encore|p2a: Weezing
|-start|p2a: Weezing|Encore
|move|p2a: Weezing|Pain Split|p1a: Samurott
|-sethp|p1a: Samurott|22/100 psn|[from] move: Pain Split|[silent]
|-sethp|p2a: Weezing|26/100|[from] move: Pain Split
|
|-heal|p2a: Weezing|32/100|[from] item: Leftovers
|-damage|p1a: Samurott|10/100 psn|[from] psn
|upkeep
|turn|13
|
|t:|1758372490
|move|p1a: Samurott|Ceaseless Edge|p2a: Weezing
|-resisted|p2a: Weezing
|-damage|p2a: Weezing|23/100
|-sidestart|p2: eviolitenumel|Spikes
|move|p2a: Weezing|Pain Split|p1a: Samurott
|-sethp|p1a: Samurott|15/100 psn|[from] move: Pain Split|[silent]
|-sethp|p2a: Weezing|17/100|[from] move: Pain Split
|
|-heal|p2a: Weezing|23/100|[from] item: Leftovers
|-damage|p1a: Samurott|2/100 psn|[from] psn
|upkeep
|turn|14
|
|t:|1758372503
|move|p1a: Samurott|Ceaseless Edge|p2a: Weezing
|-resisted|p2a: Weezing
|-damage|p2a: Weezing|14/100
|-sidestart|p2: eviolitenumel|Spikes
|move|p2a: Weezing|Pain Split|p1a: Samurott
|-sethp|p1a: Samurott|7/100 psn|[from] move: Pain Split|[silent]
|-sethp|p2a: Weezing|8/100|[from] move: Pain Split
|
|-heal|p2a: Weezing|14/100|[from] item: Leftovers
|-damage|p1a: Samurott|0 fnt|[from] psn
|faint|p1a: Samurott
|-end|p2a: Weezing|Encore
|upkeep
|inactive|XphalT has 90 seconds left.
|
|t:|1758372513
|switch|p1a: Ogerpon|Ogerpon-Wellspring, F|100/100
|turn|15
|
|t:|1758372518
|-end|p2a: Weezing|ability: Neutralizing Gas
|switch|p2a: Quagsire|Quagsire, F|100/100
|-damage|p2a: Quagsire|94/100|[from] Stealth Rock
|-damage|p2a: Quagsire|78/100|[from] Spikes
|move|p1a: Ogerpon|Ivy Cudgel|p2a: Quagsire|[anim] Ivy Cudgel Water
|-heal|p2a: Quagsire|100/100|[from] ability: Water Absorb|[of] p1a: Ogerpon
|
|upkeep
|turn|16
|
|t:|1758372530
|-terastallize|p2a: Quagsire|Poison
|move|p1a: Ogerpon|U-turn|p2a: Quagsire
|-resisted|p2a: Quagsire
|-damage|p2a: Quagsire|90/100
|-damage|p1a: Ogerpon|84/100|[from] item: Rocky Helmet|[of] p2a: Quagsire
|
|t:|1758372537
|switch|p1a: Scizor|Scizor, F|100/100|[from] U-turn
|move|p2a: Quagsire|Stealth Rock|p1a: Scizor
|-sidestart|p1: XphalT|move: Stealth Rock
|
|upkeep
|turn|17
|
|t:|1758372557
|switch|p2a: Weezing|Weezing-Galar, F|14/100
|-ability|p2a: Weezing|Neutralizing Gas
|-damage|p2a: Weezing|2/100|[from] Stealth Rock
|-damage|p2a: Weezing|0 fnt|[from] Spikes
|faint|p2a: Weezing
|-end|p2a: Weezing|ability: Neutralizing Gas
|move|p1a: Scizor|Knock Off|p2: Weezing|[notarget]
|-fail|p1a: Scizor
|
|upkeep
|
|t:|1758372569
|switch|p2a: Garchomp|Garchomp, F|74/100
|-damage|p2a: Garchomp|68/100|[from] Stealth Rock
|-damage|p2a: Garchomp|51/100|[from] Spikes
|turn|18
|inactive|XphalT has 90 seconds left.
|
|t:|1758372615
|switch|p1a: Ogerpon|Ogerpon-Wellspring, F|84/100
|-damage|p1a: Ogerpon|72/100|[from] Stealth Rock
|move|p2a: Garchomp|Spikes|p1a: Ogerpon
|-sidestart|p1: XphalT|Spikes
|
|upkeep
|turn|19
|
|t:|1758372624
|switch|p2a: Quagsire|Quagsire, F, tera:Poison|90/100
|-damage|p2a: Quagsire|78/100|[from] Stealth Rock
|-damage|p2a: Quagsire|61/100|[from] Spikes
|move|p1a: Ogerpon|Ivy Cudgel|p2a: Quagsire|[anim] Ivy Cudgel Water
|-heal|p2a: Quagsire|86/100|[from] ability: Water Absorb|[of] p1a: Ogerpon
|
|upkeep
|turn|20
|
|t:|1758372642
|move|p1a: Ogerpon|U-turn|p2a: Quagsire
|-resisted|p2a: Quagsire
|-damage|p2a: Quagsire|77/100
|-damage|p1a: Ogerpon|55/100|[from] item: Rocky Helmet|[of] p2a: Quagsire
|
|t:|1758372647
|switch|p1a: Pecharunt|Pecharunt|100/100|[from] U-turn
|move|p2a: Quagsire|Toxic|p1a: Pecharunt
|-immune|p1a: Pecharunt
|
|upkeep
|turn|21
|
|t:|1758372658
|move|p1a: Pecharunt|Parting Shot|p2a: Quagsire
|-unboost|p2a: Quagsire|atk|1
|-unboost|p2a: Quagsire|spa|1
|
|t:|1758372674
|switch|p1a: Scizor|Scizor, F|100/100|[from] Parting Shot
|-damage|p1a: Scizor|88/100|[from] Stealth Rock
|-damage|p1a: Scizor|76/100|[from] Spikes
|move|p2a: Quagsire|Recover|p2a: Quagsire
|-heal|p2a: Quagsire|100/100
|
|upkeep
|turn|22
|
|t:|1758372685
|switch|p2a: Landorus|Landorus-Therian, M|100/100
|-damage|p2a: Landorus|88/100|[from] Stealth Rock
|-ability|p2a: Landorus|Intimidate|boost
|-unboost|p1a: Scizor|atk|1
|move|p1a: Scizor|Knock Off|p2a: Landorus
|-damage|p2a: Landorus|45/100
|-damage|p1a: Scizor|60/100|[from] item: Rocky Helmet|[of] p2a: Landorus
|-enditem|p2a: Landorus|Rocky Helmet|[from] move: Knock Off|[of] p1a: Scizor
|
|upkeep
|turn|23
|inactive|XphalT has 60 seconds left.
|
|t:|1758372721
|switch|p1a: Ogerpon|Ogerpon-Wellspring, F|55/100
|-damage|p1a: Ogerpon|43/100|[from] Stealth Rock
|-damage|p1a: Ogerpon|30/100|[from] Spikes
|move|p2a: Landorus|Earth Power|p1a: Ogerpon
|-resisted|p1a: Ogerpon
|-damage|p1a: Ogerpon|7/100
|
|upkeep
|turn|24
|
|t:|1758372732
|switch|p2a: Quagsire|Quagsire, F, tera:Poison|100/100
|-damage|p2a: Quagsire|88/100|[from] Stealth Rock
|-damage|p2a: Quagsire|72/100|[from] Spikes
|move|p1a: Ogerpon|Ivy Cudgel|p2a: Quagsire|[anim] Ivy Cudgel Water
|-heal|p2a: Quagsire|96/100|[from] ability: Water Absorb|[of] p1a: Ogerpon
|
|upkeep
|turn|25
|
|t:|1758372748
|move|p1a: Ogerpon|Knock Off|p2a: Quagsire
|-damage|p2a: Quagsire|69/100
|-damage|p1a: Ogerpon|0 fnt|[from] item: Rocky Helmet|[of] p2a: Quagsire
|faint|p1a: Ogerpon
|move|p2a: Quagsire|Earthquake|p1: Ogerpon|[notarget]
|-fail|p2a: Quagsire
|
|upkeep
|
|t:|1758372760
|switch|p1a: Pecharunt|Pecharunt|100/100
|turn|26
|
|t:|1758372766
|move|p1a: Pecharunt|Shadow Ball|p2a: Quagsire
|-damage|p2a: Quagsire|39/100
|move|p2a: Quagsire|Recover|p2a: Quagsire
|-heal|p2a: Quagsire|89/100
|
|upkeep
|turn|27
|
|t:|1758372773
|move|p1a: Pecharunt|Shadow Ball|p2a: Quagsire
|-damage|p2a: Quagsire|58/100
|move|p2a: Quagsire|Recover|p2a: Quagsire
|-heal|p2a: Quagsire|100/100
|
|upkeep
|turn|28
|inactive|XphalT has 60 seconds left.
|
|t:|1758372780
|switch|p2a: Muk|Muk-Alola, F|87/100
|-damage|p2a: Muk|75/100|[from] Stealth Rock
|-damage|p2a: Muk|58/100|[from] Spikes
|move|p1a: Pecharunt|Shadow Ball|p2a: Muk
|-resisted|p2a: Muk
|-damage|p2a: Muk|53/100
|
|upkeep
|turn|29
|inactive|XphalT has 60 seconds left.
|
|t:|1758372801
|move|p1a: Pecharunt|Parting Shot|p2a: Muk
|-unboost|p2a: Muk|atk|1
|-unboost|p2a: Muk|spa|1
|
|t:|1758372822
|switch|p1a: Scizor|Scizor, F|60/100|[from] Parting Shot
|-damage|p1a: Scizor|47/100|[from] Stealth Rock
|-damage|p1a: Scizor|35/100|[from] Spikes
|move|p2a: Muk|Knock Off|p1a: Scizor
|-damage|p1a: Scizor|10/100
|-enditem|p1a: Scizor|Choice Band|[from] move: Knock Off|[of] p2a: Muk
|
|upkeep
|turn|30
|
|t:|1758372837
|switch|p2a: Garchomp|Garchomp, F|51/100
|-damage|p2a: Garchomp|45/100|[from] Stealth Rock
|-damage|p2a: Garchomp|28/100|[from] Spikes
|move|p1a: Scizor|Close Combat|p2a: Garchomp
|-damage|p2a: Garchomp|0 fnt
|-unboost|p1a: Scizor|def|1
|-unboost|p1a: Scizor|spd|1
|-damage|p1a: Scizor|0 fnt|[from] ability: Rough Skin|[of] p2a: Garchomp
|faint|p2a: Garchomp
|faint|p1a: Scizor
|
|upkeep
|inactive|XphalT has 30 seconds left.
|
|t:|1758372864
|switch|p2a: Muk|Muk-Alola, F|53/100
|switch|p1a: Pecharunt|Pecharunt|100/100
|-damage|p2a: Muk|41/100|[from] Stealth Rock
|-damage|p2a: Muk|24/100|[from] Spikes
|turn|31
|
|t:|1758372871
|move|p1a: Pecharunt|Parting Shot|p2a: Muk
|-unboost|p2a: Muk|atk|1
|-unboost|p2a: Muk|spa|1
|
|t:|1758372873
|switch|p1a: Darkrai|Darkrai|100/100|[from] Parting Shot
|-damage|p1a: Darkrai|88/100|[from] Stealth Rock
|-damage|p1a: Darkrai|76/100|[from] Spikes
|move|p2a: Muk|Knock Off|p1a: Darkrai
|-resisted|p1a: Darkrai
|-damage|p1a: Darkrai|61/100
|-status|p1a: Darkrai|psn|[from] ability: Poison Touch|[of] p2a: Muk
|-enditem|p1a: Darkrai|Leftovers|[from] move: Knock Off|[of] p2a: Muk
|
|-damage|p1a: Darkrai|49/100 psn|[from] psn
|upkeep
|turn|32
|c|☆XphalT|!dt poison touch
|raw|<ul class="utilichart"><li class="result"><span class="col namecol"><a href="https://dex.pokemonshowdown.com/abilities/poisontouch">Poison Touch</a></span> <span class="col abilitydesccol">This Pokemon's contact moves have a 30% chance of poisoning.</span> </li><li style="clear:both"></li></ul>
|raw|<font size="1"><font color="#686868">Gen:</font> 5</font>

|inactive|XphalT has 30 seconds left.
|
|t:|1758372898
|move|p1a: Darkrai|Dark Pulse|p2a: Muk
|-resisted|p2a: Muk
|-damage|p2a: Muk|15/100
|move|p2a: Muk|Drain Punch|p1a: Darkrai
|-supereffective|p1a: Darkrai
|-damage|p1a: Darkrai|20/100 psn
|-heal|p2a: Muk|25/100|[from] drain|[of] p1a: Darkrai
|
|-damage|p1a: Darkrai|7/100 psn|[from] psn
|upkeep
|turn|33
|-message|XphalT forfeited.
|
|win|eviolitenumel
|raw|XphalT's rating: 1443 &rarr; <strong>1420</strong><br />(-23 for losing)
|raw|eviolitenumel's rating: 1398 &rarr; <strong>1421</strong><br />(+23 for winning)
|l|☆XphalT
|player|p1|
|l|☆eviolitenumel
|player|p2|
