|j|☆willfischy
|j|☆fuhvvo
|t:|1758296687
|gametype|singles
|player|p1|willfischy|265|1000
|player|p2|fuhvvo|n|1041
|gen|9
|tier|[Gen 9] OU
|rated|
|rule|HP Percentage Mod: HP is shown in percentages
|rule|Endless Battle Clause: Forcing endless battles is banned
|rule|Species Clause: Limit one of each Pokémon
|rule|OHKO Clause: OHKO moves are banned
|rule|Evasion Items Clause: Evasion items are banned
|rule|Evasion Moves Clause: Evasion moves are banned
|rule|Evasion Abilities Clause: Evasion abilities are banned
|rule|Sleep Moves Clause: Sleep-inducing moves are banned
|clearpoke
|poke|p1|Krookodile, F|
|poke|p1|Dragapult, F|
|poke|p1|Rillaboom, M|
|poke|p1|Iron Valiant|
|poke|p1|Raging Bolt|
|poke|p1|Iron Moth|
|poke|p2|Slowking-Galar, F|
|poke|p2|Ninetales-Alola, F|
|poke|p2|Frosmoth, F|
|poke|p2|Cetitan, M|
|poke|p2|Dondozo, F|
|poke|p2|Samurott-Hisui, F|
|teampreview
|inactive|Battle timer is ON: inactive players will automatically lose when time's up. (requested by willfischy)
|c|☆willfischy|glhf
|inactive|fuhvvo has 120 seconds left.
|
|t:|1758296728
|teamsize|p1|6
|teamsize|p2|6
|start
|switch|p1a: naked blowholeson|Rillaboom, M, shiny|100/100
|switch|p2a: Ninetales|Ninetales-Alola, F, shiny|100/100
|-weather|Snowscape|[from] ability: Snow Warning|[of] p2a: Ninetales
|-fieldstart|move: Grassy Terrain|[from] ability: Grassy Surge|[of] p1a: naked blowholeson
|turn|1
|c|☆willfischy|hureh
|
|t:|1758296751
|switch|p2a: Frosmoth|Frosmoth, F, shiny|100/100
|move|p1a: naked blowholeson|Drain Punch|p2a: Frosmoth
|-damage|p2a: Frosmoth|82/100
|-damage|p1a: naked blowholeson|84/100|[from] item: Rocky Helmet|[of] p2a: Frosmoth
|
|-weather|Snowscape|[upkeep]
|-heal|p1a: naked blowholeson|90/100|[from] Grassy Terrain
|-heal|p2a: Frosmoth|88/100|[from] Grassy Terrain
|upkeep
|turn|2
|
|t:|1758296763
|switch|p1a: Jabordadoink|Raging Bolt|100/100
|-enditem|p1a: Jabordadoink|Booster Energy
|-activate|p1a: Jabordadoink|ability: Protosynthesis|[fromitem]
|-start|p1a: Jabordadoink|protosynthesisspa
|move|p2a: Frosmoth|Quiver Dance|p2a: Frosmoth
|-boost|p2a: Frosmoth|spa|1
|-boost|p2a: Frosmoth|spd|1
|-boost|p2a: Frosmoth|spe|1
|
|-weather|Snowscape|[upkeep]
|-heal|p2a: Frosmoth|94/100|[from] Grassy Terrain
|upkeep
|turn|3
|
|t:|1758296780
|move|p1a: Jabordadoink|Thunderclap||[still]
|-fail|p1a: Jabordadoink
|move|p2a: Frosmoth|Quiver Dance|p2a: Frosmoth
|-boost|p2a: Frosmoth|spa|1
|-boost|p2a: Frosmoth|spd|1
|-boost|p2a: Frosmoth|spe|1
|
|-weather|Snowscape|[upkeep]
|-heal|p2a: Frosmoth|100/100|[from] Grassy Terrain
|upkeep
|turn|4
|
|t:|1758296790
|move|p2a: Frosmoth|Quiver Dance|p2a: Frosmoth
|-boost|p2a: Frosmoth|spa|1
|-boost|p2a: Frosmoth|spd|1
|-boost|p2a: Frosmoth|spe|1
|move|p1a: Jabordadoink|Calm Mind|p1a: Jabordadoink
|-boost|p1a: Jabordadoink|spa|1
|-boost|p1a: Jabordadoink|spd|1
|
|-weather|Snowscape|[upkeep]
|upkeep
|turn|5
|inactive|fuhvvo has 120 seconds left.
|
|t:|1758296816
|move|p2a: Frosmoth|Quiver Dance|p2a: Frosmoth
|-boost|p2a: Frosmoth|spa|1
|-boost|p2a: Frosmoth|spd|1
|-boost|p2a: Frosmoth|spe|1
|move|p1a: Jabordadoink|Dragon Pulse|p2a: Frosmoth
|-damage|p2a: Frosmoth|87/100
|
|-weather|Snowscape|[upkeep]
|-heal|p2a: Frosmoth|93/100|[from] Grassy Terrain
|-fieldend|move: Grassy Terrain
|upkeep
|turn|6
|inactive|fuhvvo has 120 seconds left.
|
|t:|1758296834
|move|p2a: Frosmoth|Blizzard|p1a: Jabordadoink
|-supereffective|p1a: Jabordadoink
|-damage|p1a: Jabordadoink|0 fnt
|faint|p1a: Jabordadoink
|-end|p1a: Jabordadoink|Protosynthesis|[silent]
|
|-weather|Snowscape|[upkeep]
|upkeep
|
|t:|1758296842
|switch|p1a: Schnurtzwillfall|Iron Moth, shiny|100/100
|-enditem|p1a: Schnurtzwillfall|Booster Energy
|-activate|p1a: Schnurtzwillfall|ability: Quark Drive|[fromitem]
|-start|p1a: Schnurtzwillfall|quarkdrivespa
|turn|7
|inactive|fuhvvo has 120 seconds left.
|
|t:|1758296859
|-terastallize|p2a: Frosmoth|Flying
|move|p2a: Frosmoth|Hurricane|p1a: Schnurtzwillfall
|-damage|p1a: Schnurtzwillfall|0 fnt
|faint|p1a: Schnurtzwillfall
|-end|p1a: Schnurtzwillfall|Quark Drive|[silent]
|
|-weather|Snowscape|[upkeep]
|upkeep
|
|t:|1758296868
|switch|p1a: Deck of Lard|Iron Valiant, shiny|100/100
|-enditem|p1a: Deck of Lard|Booster Energy
|-activate|p1a: Deck of Lard|ability: Quark Drive|[fromitem]
|-start|p1a: Deck of Lard|quarkdriveatk
|turn|8
|inactive|fuhvvo has 120 seconds left.
|
|t:|1758296885
|-terastallize|p1a: Deck of Lard|Fairy
|move|p2a: Frosmoth|Leech Life|p1a: Deck of Lard
|-resisted|p1a: Deck of Lard
|-crit|p1a: Deck of Lard
|-damage|p1a: Deck of Lard|88/100
|-heal|p2a: Frosmoth|99/100|[from] drain|[of] p1a: Deck of Lard
|move|p1a: Deck of Lard|Spirit Break|p2a: Frosmoth
|-damage|p2a: Frosmoth|19/100
|-unboost|p2a: Frosmoth|spa|1
|-damage|p1a: Deck of Lard|71/100|[from] item: Rocky Helmet|[of] p2a: Frosmoth
|
|-weather|none
|upkeep
|turn|9
|inactive|fuhvvo has 120 seconds left.
|inactive|fuhvvo has 90 seconds left.
|
|t:|1758296926
|switch|p2a: Dondozo|Dondozo, F, shiny|100/100
|move|p1a: Deck of Lard|Dazzling Gleam|p2a: Dondozo
|-damage|p2a: Dondozo|59/100
|
|-heal|p2a: Dondozo|65/100|[from] item: Leftovers
|upkeep
|turn|10
|c|☆willfischy|hurreh up pls
|inactive|fuhvvo has 90 seconds left.
|c|☆willfischy|slowpoke
|
|t:|1758296939
|move|p1a: Deck of Lard|Swords Dance|p1a: Deck of Lard
|-boost|p1a: Deck of Lard|atk|2
|move|p2a: Dondozo|Rest|p2a: Dondozo
|-status|p2a: Dondozo|slp|[from] move: Rest
|-heal|p2a: Dondozo|100/100 slp|[silent]
|
|upkeep
|turn|11
|inactive|fuhvvo has 90 seconds left.
|
|t:|1758296949
|move|p1a: Deck of Lard|Spirit Break|p2a: Dondozo
|-damage|p2a: Dondozo|68/100 slp
|-unboost|p2a: Dondozo|spa|1
|cant|p2a: Dondozo|slp
|move|p2a: Dondozo|Sleep Talk|p2a: Dondozo
|move|p2a: Dondozo|Curse|p2a: Dondozo|[from] move: Sleep Talk
|-unboost|p2a: Dondozo|spe|1
|-boost|p2a: Dondozo|atk|1
|-boost|p2a: Dondozo|def|1
|
|-heal|p2a: Dondozo|74/100 slp|[from] item: Leftovers
|upkeep
|turn|12
|inactive|fuhvvo has 90 seconds left.
|
|t:|1758296979
|move|p1a: Deck of Lard|Aura Sphere|p2a: Dondozo
|-damage|p2a: Dondozo|44/100 slp
|cant|p2a: Dondozo|slp
|move|p2a: Dondozo|Sleep Talk|p2a: Dondozo
|move|p2a: Dondozo|Rest||[from] move: Sleep Talk|[still]
|-fail|p2a: Dondozo
|
|-heal|p2a: Dondozo|50/100 slp|[from] item: Leftovers
|upkeep
|turn|13
|
|t:|1758296996
|move|p1a: Deck of Lard|Dazzling Gleam|p2a: Dondozo
|-damage|p2a: Dondozo|9/100 slp
|-curestatus|p2a: Dondozo|slp|[msg]
|move|p2a: Dondozo|Rest|p2a: Dondozo
|-status|p2a: Dondozo|slp|[from] move: Rest
|-heal|p2a: Dondozo|100/100 slp|[silent]
|
|upkeep
|turn|14
|
|t:|1758297006
|move|p1a: Deck of Lard|Dazzling Gleam|p2a: Dondozo
|-damage|p2a: Dondozo|59/100 slp
|cant|p2a: Dondozo|slp
|move|p2a: Dondozo|Sleep Talk|p2a: Dondozo
|move|p2a: Dondozo|Curse|p2a: Dondozo|[from] move: Sleep Talk
|-unboost|p2a: Dondozo|spe|1
|-boost|p2a: Dondozo|atk|1
|-boost|p2a: Dondozo|def|1
|
|-heal|p2a: Dondozo|65/100 slp|[from] item: Leftovers
|upkeep
|turn|15
|
|t:|1758297023
|move|p1a: Deck of Lard|Swords Dance|p1a: Deck of Lard
|-boost|p1a: Deck of Lard|atk|2
|cant|p2a: Dondozo|slp
|move|p2a: Dondozo|Sleep Talk|p2a: Dondozo
|move|p2a: Dondozo|Curse|p2a: Dondozo|[from] move: Sleep Talk
|-unboost|p2a: Dondozo|spe|1
|-boost|p2a: Dondozo|atk|1
|-boost|p2a: Dondozo|def|1
|
|-heal|p2a: Dondozo|71/100 slp|[from] item: Leftovers
|upkeep
|turn|16
|
|t:|1758297042
|move|p1a: Deck of Lard|Swords Dance|p1a: Deck of Lard
|-boost|p1a: Deck of Lard|atk|2
|-curestatus|p2a: Dondozo|slp|[msg]
|move|p2a: Dondozo|Wave Crash|p1a: Deck of Lard
|-damage|p1a: Deck of Lard|0 fnt
|faint|p1a: Deck of Lard
|-end|p1a: Deck of Lard|Quark Drive|[silent]
|-damage|p2a: Dondozo|57/100|[from] Recoil
|
|-heal|p2a: Dondozo|63/100|[from] item: Leftovers
|upkeep
|
|t:|1758297050
|switch|p1a: naked blowholeson|Rillaboom, M, shiny|90/100
|-fieldstart|move: Grassy Terrain|[from] ability: Grassy Surge|[of] p1a: naked blowholeson
|turn|17
|
|t:|1758297062
|move|p1a: naked blowholeson|Grassy Glide|p2a: Dondozo
|-supereffective|p2a: Dondozo
|-damage|p2a: Dondozo|50/100
|move|p2a: Dondozo|Curse|p2a: Dondozo
|-unboost|p2a: Dondozo|spe|1
|-boost|p2a: Dondozo|atk|1
|-boost|p2a: Dondozo|def|1
|
|-heal|p1a: naked blowholeson|96/100|[from] Grassy Terrain
|-heal|p2a: Dondozo|56/100|[from] Grassy Terrain
|-heal|p2a: Dondozo|62/100|[from] item: Leftovers
|upkeep
|turn|18
|
|t:|1758297080
|move|p1a: naked blowholeson|Drum Beating|p2a: Dondozo
|-supereffective|p2a: Dondozo
|-damage|p2a: Dondozo|45/100
|-unboost|p2a: Dondozo|spe|1
|move|p2a: Dondozo|Curse|p2a: Dondozo
|-unboost|p2a: Dondozo|spe|1
|-boost|p2a: Dondozo|atk|1
|-boost|p2a: Dondozo|def|1
|
|-heal|p1a: naked blowholeson|100/100|[from] Grassy Terrain
|-heal|p2a: Dondozo|51/100|[from] Grassy Terrain
|-heal|p2a: Dondozo|57/100|[from] item: Leftovers
|upkeep
|turn|19
|
|t:|1758297094
|move|p1a: naked blowholeson|Drum Beating|p2a: Dondozo
|-supereffective|p2a: Dondozo
|-damage|p2a: Dondozo|42/100
|move|p2a: Dondozo|Wave Crash|p1a: naked blowholeson
|-resisted|p1a: naked blowholeson
|-damage|p1a: naked blowholeson|21/100
|-damage|p2a: Dondozo|26/100|[from] item: Rocky Helmet|[of] p1a: naked blowholeson
|-damage|p2a: Dondozo|7/100|[from] Recoil
|
|-heal|p1a: naked blowholeson|27/100|[from] Grassy Terrain
|-heal|p2a: Dondozo|13/100|[from] Grassy Terrain
|-heal|p2a: Dondozo|20/100|[from] item: Leftovers
|upkeep
|turn|20
|
|t:|1758297108
|move|p1a: naked blowholeson|Drum Beating|p2a: Dondozo
|-supereffective|p2a: Dondozo
|-damage|p2a: Dondozo|6/100
|move|p2a: Dondozo|Rest|p2a: Dondozo
|-status|p2a: Dondozo|slp|[from] move: Rest
|-heal|p2a: Dondozo|100/100 slp|[silent]
|
|-heal|p1a: naked blowholeson|34/100|[from] Grassy Terrain
|upkeep
|turn|21
|c|☆willfischy|fuck yiu.
|-message|willfischy forfeited.
|
|win|fuhvvo
