|j|☆Excelio21
|j|☆eggwithswag
|t:|1758369840
|gametype|singles
|player|p1|Excelio21|riley|1466
|player|p2|eggwithswag|lance|1473
|gen|9
|tier|[Gen 9] OU
|rated|
|rule|HP Percentage Mod: HP is shown in percentages
|rule|Endless Battle Clause: Forcing endless battles is banned
|rule|Species Clause: Limit one of each Pokémon
|rule|OHKO Clause: OHKO moves are banned
|rule|Evasion Items Clause: Evasion items are banned
|rule|Evasion Moves Clause: Evasion moves are banned
|rule|Evasion Abilities Clause: Evasion abilities are banned
|rule|Sleep Moves Clause: Sleep-inducing moves are banned
|clearpoke
|poke|p1|Ogerpon-Wellspring, F|
|poke|p1|Blissey, F|
|poke|p1|Weezing-Galar, F|
|poke|p1|Primarina, M|
|poke|p1|Weavile, F|
|poke|p1|Pelipper, M|
|poke|p2|Hatterene, F|
|poke|p2|Tyranitar, M|
|poke|p2|Excadrill, M|
|poke|p2|Dragapult, M|
|poke|p2|Landorus-Therian, M|
|poke|p2|Ogerpon-Wellspring, F|
|teampreview
|inactive|Battle timer is ON: inactive players will automatically lose when time's up. (requested by Excelio21)
|
|t:|1758369880
|teamsize|p1|6
|teamsize|p2|6
|start
|switch|p1a: Weavile|Weavile, F|100/100
|switch|p2a: Dragapult|Dragapult, M|100/100
|-ability|p1a: Weavile|Pressure
|turn|1
|
|t:|1758369893
|switch|p2a: Tyranitar|Tyranitar, M|100/100
|-weather|Sandstorm|[from] ability: Sand Stream|[of] p2a: Tyranitar
|move|p1a: Weavile|Ice Shard|p2a: Tyranitar
|-damage|p2a: Tyranitar|82/100
|
|-weather|Sandstorm|[upkeep]
|-damage|p1a: Weavile|94/100|[from] Sandstorm
|upkeep
|turn|2
|
|t:|1758369915
|switch|p1a: Pelipper|Pelipper, M|100/100
|-weather|RainDance|[from] ability: Drizzle|[of] p1a: Pelipper
|switch|p2a: Landorus|Landorus-Therian, M|100/100
|-ability|p2a: Landorus|Intimidate|boost
|-unboost|p1a: Pelipper|atk|1
|
|-weather|RainDance|[upkeep]
|upkeep
|turn|3
|inactive|eggwithswag has 120 seconds left.
|
|t:|1758369939
|switch|p2a: Tyranitar|Tyranitar, M|82/100
|-weather|Sandstorm|[from] ability: Sand Stream|[of] p2a: Tyranitar
|move|p1a: Pelipper|Hurricane|p2a: Tyranitar|[miss]
|-miss|p1a: Pelipper|p2a: Tyranitar
|
|-weather|Sandstorm|[upkeep]
|-damage|p1a: Pelipper|94/100|[from] Sandstorm
|upkeep
|turn|4
|
|t:|1758369948
|switch|p1a: Weezing|Weezing-Galar, F|100/100
|move|p2a: Tyranitar|Stealth Rock|p1a: Weezing
|-sidestart|p1: Excelio21|move: Stealth Rock
|
|-weather|Sandstorm|[upkeep]
|-damage|p1a: Weezing|95/100|[from] Sandstorm
|-heal|p1a: Weezing|100/100|[from] item: Black Sludge
|upkeep
|turn|5
|
|t:|1758369960
|move|p1a: Weezing|Will-O-Wisp|p2a: Tyranitar
|-status|p2a: Tyranitar|brn
|move|p2a: Tyranitar|Thunder Wave|p1a: Weezing
|-status|p1a: Weezing|par
|
|-weather|Sandstorm|[upkeep]
|-damage|p1a: Weezing|95/100 par|[from] Sandstorm
|-heal|p1a: Weezing|100/100 par|[from] item: Black Sludge
|-damage|p2a: Tyranitar|75/100 brn|[from] brn
|upkeep
|turn|6
|
|t:|1758369974
|switch|p1a: Pelipper|Pelipper, M|94/100
|-damage|p1a: Pelipper|70/100|[from] Stealth Rock
|-weather|RainDance|[from] ability: Drizzle|[of] p1a: Pelipper
|move|p2a: Tyranitar|Knock Off|p1a: Pelipper
|-damage|p1a: Pelipper|45/100
|-enditem|p1a: Pelipper|Choice Specs|[from] move: Knock Off|[of] p2a: Tyranitar
|
|-weather|RainDance|[upkeep]
|-damage|p2a: Tyranitar|69/100 brn|[from] brn
|upkeep
|turn|7
|inactive|eggwithswag has 120 seconds left.
|
|t:|1758369997
|move|p1a: Pelipper|Hurricane|p2a: Tyranitar
|-resisted|p2a: Tyranitar
|-damage|p2a: Tyranitar|50/100 brn
|-start|p2a: Tyranitar|confusion
|-activate|p2a: Tyranitar|confusion
|-damage|p2a: Tyranitar|40/100 brn|[from] confusion
|
|-weather|RainDance|[upkeep]
|-damage|p2a: Tyranitar|34/100 brn|[from] brn
|upkeep
|turn|8
|inactive|eggwithswag has 120 seconds left.
|
|t:|1758370004
|move|p1a: Pelipper|Surf|p2a: Tyranitar
|-supereffective|p2a: Tyranitar
|-damage|p2a: Tyranitar|0 fnt
|faint|p2a: Tyranitar
|
|-weather|RainDance|[upkeep]
|upkeep
|inactive|eggwithswag has 120 seconds left.
|
|t:|1758370024
|switch|p2a: Dragapult|Dragapult, M|100/100
|turn|9
|
|t:|1758370033
|switch|p1a: Weezing|Weezing-Galar, F|100/100 par
|-damage|p1a: Weezing|88/100 par|[from] Stealth Rock
|move|p2a: Dragapult|Will-O-Wisp||[still]
|-fail|p2a: Dragapult
|
|-weather|RainDance|[upkeep]
|-heal|p1a: Weezing|94/100 par|[from] item: Black Sludge
|upkeep
|turn|10
|
|t:|1758370048
|move|p2a: Dragapult|Hex|p1a: Weezing
|-damage|p1a: Weezing|48/100 par
|cant|p1a: Weezing|par
|
|-weather|none
|-heal|p1a: Weezing|53/100 par|[from] item: Black Sludge
|upkeep
|turn|11
|
|t:|1758370055
|move|p2a: Dragapult|Hex|p1a: Weezing
|-damage|p1a: Weezing|6/100 par
|move|p1a: Weezing|Pain Split|p2a: Dragapult
|-sethp|p2a: Dragapult|53/100|[from] move: Pain Split|[silent]
|-sethp|p1a: Weezing|50/100 par|[from] move: Pain Split
|
|-heal|p2a: Dragapult|59/100|[from] item: Leftovers
|-heal|p1a: Weezing|56/100 par|[from] item: Black Sludge
|upkeep
|turn|12
|inactive|eggwithswag has 120 seconds left.
|
|t:|1758370066
|switch|p1a: Weavile|Weavile, F|94/100
|-damage|p1a: Weavile|70/100|[from] Stealth Rock
|-ability|p1a: Weavile|Pressure
|move|p2a: Dragapult|Hex|p1a: Weavile
|-resisted|p1a: Weavile
|-damage|p1a: Weavile|53/100
|
|-heal|p2a: Dragapult|65/100|[from] item: Leftovers
|upkeep
|turn|13
|inactive|eggwithswag has 120 seconds left.
|
|t:|1758370083
|switch|p2a: Landorus|Landorus-Therian, M|100/100
|-ability|p2a: Landorus|Intimidate|boost
|-unboost|p1a: Weavile|atk|1
|move|p1a: Weavile|Icicle Crash|p2a: Landorus
|-supereffective|p2a: Landorus
|-damage|p2a: Landorus|0 fnt
|faint|p2a: Landorus
|
|upkeep
|
|t:|1758370093
|switch|p2a: Excadrill|Excadrill, M|100/100
|turn|14
|
|t:|1758370101
|switch|p1a: Pelipper|Pelipper, M|45/100
|-damage|p1a: Pelipper|21/100|[from] Stealth Rock
|-weather|RainDance|[from] ability: Drizzle|[of] p1a: Pelipper
|move|p2a: Excadrill|Iron Head|p1a: Pelipper
|-resisted|p1a: Pelipper
|-damage|p1a: Pelipper|0 fnt
|faint|p1a: Pelipper
|
|-weather|RainDance|[upkeep]
|upkeep
|
|t:|1758370110
|switch|p1a: Ogerpon|Ogerpon-Wellspring, F|100/100
|-damage|p1a: Ogerpon|88/100|[from] Stealth Rock
|turn|15
|inactive|eggwithswag has 120 seconds left.
|
|t:|1758370132
|switch|p2a: Ogerpon|Ogerpon-Wellspring, F|100/100
|move|p1a: Ogerpon|Horn Leech|p2a: Ogerpon
|-damage|p2a: Ogerpon|39/100
|-heal|p1a: Ogerpon|100/100|[from] drain|[of] p2a: Ogerpon
|
|-weather|RainDance|[upkeep]
|upkeep
|turn|16
|
|t:|1758370139
|move|p2a: Ogerpon|U-turn|p1a: Ogerpon
|-supereffective|p1a: Ogerpon
|-damage|p1a: Ogerpon|21/100
|
|t:|1758370146
|switch|p2a: Dragapult|Dragapult, M|65/100|[from] U-turn
|move|p1a: Ogerpon|Horn Leech|p2a: Dragapult
|-resisted|p2a: Dragapult
|-damage|p2a: Dragapult|30/100
|-heal|p1a: Ogerpon|40/100|[from] drain|[of] p2a: Dragapult
|
|-weather|RainDance|[upkeep]
|-heal|p2a: Dragapult|36/100|[from] item: Leftovers
|upkeep
|turn|17
|inactive|eggwithswag has 120 seconds left.
|
|t:|1758370159
|switch|p1a: Blissey|Blissey, F|100/100
|-damage|p1a: Blissey|88/100|[from] Stealth Rock
|move|p2a: Dragapult|Dragon Darts|p1a: Blissey
|-damage|p1a: Blissey|69/100
|-anim|p2a: Dragapult|Dragon Darts|p1a: Blissey
|-crit|p1a: Blissey
|-damage|p1a: Blissey|40/100
|
|-weather|RainDance|[upkeep]
|-heal|p2a: Dragapult|42/100|[from] item: Leftovers
|-heal|p1a: Blissey|47/100|[from] item: Leftovers
|upkeep
|turn|18
|inactive|eggwithswag has 120 seconds left.
|
|t:|1758370186
|switch|p2a: Excadrill|Excadrill, M|100/100
|move|p1a: Blissey|Soft-Boiled|p1a: Blissey
|-heal|p1a: Blissey|97/100
|
|-weather|none
|-heal|p1a: Blissey|100/100|[from] item: Leftovers
|upkeep
|turn|19
|
|t:|1758370199
|switch|p1a: Weezing|Weezing-Galar, F|56/100 par
|-damage|p1a: Weezing|44/100 par|[from] Stealth Rock
|move|p2a: Excadrill|Iron Head|p1a: Weezing
|-supereffective|p1a: Weezing
|-damage|p1a: Weezing|0 fnt
|faint|p1a: Weezing
|
|upkeep
|
|t:|1758370201
|switch|p1a: Ogerpon|Ogerpon-Wellspring, F|40/100
|-damage|p1a: Ogerpon|28/100|[from] Stealth Rock
|turn|20
|
|t:|1758370211
|move|p1a: Ogerpon|Horn Leech|p2a: Excadrill
|-damage|p2a: Excadrill|30/100
|-heal|p1a: Ogerpon|70/100|[from] drain|[of] p2a: Excadrill
|move|p2a: Excadrill|Iron Head|p1a: Ogerpon
|-resisted|p1a: Ogerpon
|-damage|p1a: Ogerpon|21/100
|
|upkeep
|turn|21
|
|t:|1758370221
|switch|p2a: Dragapult|Dragapult, M|42/100
|move|p1a: Ogerpon|Horn Leech|p2a: Dragapult
|-resisted|p2a: Dragapult
|-damage|p2a: Dragapult|10/100
|-heal|p1a: Ogerpon|38/100|[from] drain|[of] p2a: Dragapult
|
|-heal|p2a: Dragapult|16/100|[from] item: Leftovers
|upkeep
|turn|22
|inactive|eggwithswag has 120 seconds left.
|inactive|Excelio21 has 120 seconds left.
|
|t:|1758370260
|switch|p1a: Primarina|Primarina, M|100/100
|-damage|p1a: Primarina|88/100|[from] Stealth Rock
|move|p2a: Dragapult|Dragon Darts|p1a: Primarina
|-immune|p1a: Primarina
|
|-heal|p2a: Dragapult|22/100|[from] item: Leftovers
|upkeep
|turn|23
|inactive|eggwithswag has 120 seconds left.
|
|t:|1758370278
|move|p2a: Dragapult|Will-O-Wisp|p1a: Primarina
|-status|p1a: Primarina|brn
|move|p1a: Primarina|Moonblast|p2a: Dragapult
|-supereffective|p2a: Dragapult
|-crit|p2a: Dragapult
|-damage|p2a: Dragapult|0 fnt
|faint|p2a: Dragapult
|
|-damage|p1a: Primarina|82/100 brn|[from] brn
|upkeep
|
|t:|1758370291
|switch|p2a: Excadrill|Excadrill, M|30/100
|turn|24
|inactive|Excelio21 has 120 seconds left.
|
|t:|1758370328
|switch|p1a: Ogerpon|Ogerpon-Wellspring, F|38/100
|-damage|p1a: Ogerpon|26/100|[from] Stealth Rock
|-terastallize|p2a: Excadrill|Ground
|move|p2a: Excadrill|Earthquake|p1a: Ogerpon
|-resisted|p1a: Ogerpon
|-damage|p1a: Ogerpon|0 fnt
|faint|p1a: Ogerpon
|
|upkeep
|
|t:|1758370337
|switch|p1a: Weavile|Weavile, F|53/100
|-damage|p1a: Weavile|28/100|[from] Stealth Rock
|-ability|p1a: Weavile|Pressure
|turn|25
|
|t:|1758370358
|switch|p2a: Ogerpon|Ogerpon-Wellspring, F|39/100
|move|p1a: Weavile|Knock Off|p2a: Ogerpon
|-damage|p2a: Ogerpon|0 fnt
|faint|p2a: Ogerpon
|
|upkeep
|
|t:|1758370365
|switch|p2a: Hatterene|Hatterene, F|100/100
|turn|26
|
|t:|1758370374
|switch|p1a: Blissey|Blissey, F|100/100
|-damage|p1a: Blissey|88/100|[from] Stealth Rock
|move|p2a: Hatterene|Draining Kiss|p1a: Blissey
|-damage|p1a: Blissey|79/100
|
|-heal|p1a: Blissey|85/100|[from] item: Leftovers
|upkeep
|turn|27
|inactive|Excelio21 has 120 seconds left.
|
|t:|1758370419
|move|p1a: Blissey|Seismic Toss|p2a: Hatterene
|-damage|p2a: Hatterene|69/100
|-damage|p1a: Blissey|68/100|[from] item: Rocky Helmet|[of] p2a: Hatterene
|move|p2a: Hatterene|Psychic Noise|p1a: Blissey
|-damage|p1a: Blissey|55/100
|-start|p1a: Blissey|move: Heal Block
|
|upkeep
|turn|28
|
|t:|1758370429
|move|p1a: Blissey|Seismic Toss|p2a: Hatterene
|-damage|p2a: Hatterene|38/100
|-damage|p1a: Blissey|39/100|[from] item: Rocky Helmet|[of] p2a: Hatterene
|move|p2a: Hatterene|Draining Kiss|p1a: Blissey
|-damage|p1a: Blissey|29/100
|-heal|p2a: Hatterene|53/100|[from] drain|[of] p1a: Blissey
|
|-end|p1a: Blissey|move: Heal Block
|upkeep
|turn|29
|
|t:|1758370438
|move|p1a: Blissey|Soft-Boiled|p1a: Blissey
|-heal|p1a: Blissey|79/100
|move|p2a: Hatterene|Draining Kiss|p1a: Blissey
|-damage|p1a: Blissey|71/100
|-heal|p2a: Hatterene|68/100|[from] drain|[of] p1a: Blissey
|
|-heal|p1a: Blissey|77/100|[from] item: Leftovers
|upkeep
|turn|30
|
|t:|1758370443
|move|p1a: Blissey|Seismic Toss|p2a: Hatterene
|-damage|p2a: Hatterene|36/100
|-damage|p1a: Blissey|60/100|[from] item: Rocky Helmet|[of] p2a: Hatterene
|move|p2a: Hatterene|Psychic Noise|p1a: Blissey
|-crit|p1a: Blissey
|-damage|p1a: Blissey|39/100
|-start|p1a: Blissey|move: Heal Block
|
|upkeep
|turn|31
|inactive|Excelio21 has 120 seconds left.
|inactive|eggwithswag has 120 seconds left.
|
|t:|1758370455
|move|p1a: Blissey|Seismic Toss|p2a: Hatterene
|-damage|p2a: Hatterene|5/100
|-damage|p1a: Blissey|22/100|[from] item: Rocky Helmet|[of] p2a: Hatterene
|move|p2a: Hatterene|Draining Kiss|p1a: Blissey
|-damage|p1a: Blissey|13/100
|-heal|p2a: Hatterene|21/100|[from] drain|[of] p1a: Blissey
|
|-end|p1a: Blissey|move: Heal Block
|upkeep
|turn|32
|inactive|Excelio21 has 120 seconds left.
|inactive|eggwithswag has 120 seconds left.
|
|t:|1758370466
|switch|p2a: Excadrill|Excadrill, M, tera:Ground|30/100
|move|p1a: Blissey|Seismic Toss|p2a: Excadrill
|-damage|p2a: Excadrill|2/100
|
|-heal|p1a: Blissey|19/100|[from] item: Leftovers
|upkeep
|turn|33
|inactive|eggwithswag has 120 seconds left.
|inactive|Excelio21 has 120 seconds left.
|
|t:|1758370476
|move|p2a: Excadrill|Earthquake|p1a: Blissey
|-damage|p1a: Blissey|0 fnt
|faint|p1a: Blissey
|
|upkeep
|inactive|Excelio21 has 120 seconds left.
|
|t:|1758370486
|switch|p1a: Weavile|Weavile, F|28/100
|-damage|p1a: Weavile|3/100|[from] Stealth Rock
|-ability|p1a: Weavile|Pressure
|turn|34
|
|t:|1758370491
|switch|p2a: Hatterene|Hatterene, F|21/100
|move|p1a: Weavile|Ice Shard|p2a: Hatterene
|-damage|p2a: Hatterene|0 fnt
|faint|p2a: Hatterene
|
|upkeep
|-message|eggwithswag forfeited.
|
|win|Excelio21
|raw|Excelio21's rating: 1466 &rarr; <strong>1486</strong><br />(+20 for winning)
|raw|eggwithswag's rating: 1473 &rarr; <strong>1453</strong><br />(-20 for losing)
|l|☆eggwithswag
|player|p2|
