|j|☆bombadierbill
|j|☆ouku bakuza
|t:|1758344285
|gametype|singles
|player|p1|bombadierbill|170|1586
|player|p2|ouku bakuza|169|1548
|gen|9
|tier|[Gen 9] OU
|rated|
|rule|HP Percentage Mod: HP is shown in percentages
|rule|Endless Battle Clause: Forcing endless battles is banned
|rule|Species Clause: Limit one of each Pokémon
|rule|OHKO Clause: OHKO moves are banned
|rule|Evasion Items Clause: Evasion items are banned
|rule|Evasion Moves Clause: Evasion moves are banned
|rule|Evasion Abilities Clause: Evasion abilities are banned
|rule|Sleep Moves Clause: Sleep-inducing moves are banned
|clearpoke
|poke|p1|Cinderace, M|
|poke|p1|Ogerpon-Wellspring, F|
|poke|p1|Dragapult, M|
|poke|p1|Scizor, F|
|poke|p1|Landorus-Therian, M|
|poke|p1|Dragonite, M|
|poke|p2|Great Tusk|
|poke|p2|Dragonite, M|
|poke|p2|Gholdengo|
|poke|p2|Iron Treads|
|poke|p2|Rotom-Wash|
|poke|p2|Iron Valiant|
|teampreview
|inactive|Battle timer is ON: inactive players will automatically lose when time's up. (requested by ouku bakuza)
|
|t:|1758344295
|teamsize|p1|6
|teamsize|p2|6
|start
|switch|p1a: Ogerpon|Ogerpon-Wellspring, F|100/100
|switch|p2a: Rotom|Rotom-Wash|100/100
|turn|1
|
|t:|1758344299
|move|p2a: Rotom|Will-O-Wisp|p1a: Ogerpon
|-status|p1a: Ogerpon|brn
|move|p1a: Ogerpon|Horn Leech|p2a: Rotom
|-supereffective|p2a: Rotom
|-damage|p2a: Rotom|50/100
|
|-damage|p1a: Ogerpon|95/100 brn|[from] brn
|upkeep
|turn|2
|
|t:|1758344305
|switch|p2a: van gho|Gholdengo|100/100
|move|p1a: Ogerpon|Play Rough|p2a: van gho
|-resisted|p2a: van gho
|-damage|p2a: van gho|94/100
|
|-heal|p2a: van gho|100/100|[from] item: Leftovers
|-damage|p1a: Ogerpon|89/100 brn|[from] brn
|upkeep
|turn|3
|
|t:|1758344319
|switch|p1a: Landorus|Landorus-Therian, M|100/100
|-ability|p1a: Landorus|Intimidate|boost
|-unboost|p2a: van gho|atk|1
|move|p2a: van gho|Shadow Ball|p1a: Landorus
|-damage|p1a: Landorus|63/100
|
|upkeep
|turn|4
|
|t:|1758344324
|switch|p2a: good horns|Great Tusk|100/100
|-enditem|p2a: good horns|Booster Energy
|-activate|p2a: good horns|ability: Protosynthesis|[fromitem]
|-start|p2a: good horns|protosynthesisatk
|move|p1a: Landorus|Earthquake|p2a: good horns
|-damage|p2a: good horns|64/100
|
|upkeep
|turn|5
|
|t:|1758344331
|move|p1a: Landorus|U-turn|p2a: good horns
|-resisted|p2a: good horns
|-damage|p2a: good horns|55/100
|
|t:|1758344333
|switch|p1a: Ogerpon|Ogerpon-Wellspring, F|89/100 brn|[from] U-turn
|move|p2a: good horns|Rapid Spin|p1a: Ogerpon
|-damage|p1a: Ogerpon|55/100 brn
|-boost|p2a: good horns|spe|1
|
|-damage|p1a: Ogerpon|49/100 brn|[from] brn
|upkeep
|turn|6
|
|t:|1758344344
|move|p2a: good horns|Close Combat|p1a: Ogerpon
|-damage|p1a: Ogerpon|0 fnt
|-unboost|p2a: good horns|def|1
|-unboost|p2a: good horns|spd|1
|faint|p1a: Ogerpon
|
|upkeep
|
|t:|1758344350
|switch|p1a: Scizor|Scizor, F|100/100
|turn|7
|
|t:|1758344352
|move|p1a: Scizor|Bullet Punch|p2a: good horns
|-damage|p2a: good horns|19/100
|move|p2a: good horns|Close Combat|p1a: Scizor
|-damage|p1a: Scizor|18/100
|-unboost|p2a: good horns|def|1
|-unboost|p2a: good horns|spd|1
|
|upkeep
|turn|8
|
|t:|1758344355
|move|p1a: Scizor|Bullet Punch|p2a: good horns
|-damage|p2a: good horns|0 fnt
|faint|p2a: good horns
|-end|p2a: good horns|Protosynthesis|[silent]
|
|upkeep
|
|t:|1758344361
|switch|p2a: Iron Treads|Iron Treads|100/100
|-enditem|p2a: Iron Treads|Booster Energy
|-activate|p2a: Iron Treads|ability: Quark Drive|[fromitem]
|-start|p2a: Iron Treads|quarkdrivespe
|turn|9
|
|t:|1758344371
|move|p1a: Scizor|Bullet Punch|p2a: Iron Treads
|-resisted|p2a: Iron Treads
|-crit|p2a: Iron Treads
|-damage|p2a: Iron Treads|80/100
|move|p2a: Iron Treads|Earthquake|p1a: Scizor
|-damage|p1a: Scizor|0 fnt
|faint|p1a: Scizor
|
|upkeep
|
|t:|1758344395
|switch|p1a: Landorus|Landorus-Therian, M|63/100
|-ability|p1a: Landorus|Intimidate|boost
|-unboost|p2a: Iron Treads|atk|1
|turn|10
|
|t:|1758344416
|switch|p1a: Cinderace|Cinderace, M|100/100
|move|p2a: Iron Treads|Stealth Rock|p1a: Cinderace
|-sidestart|p1: bombadierbill|move: Stealth Rock
|
|upkeep
|turn|11
|
|t:|1758344428
|switch|p1a: Landorus|Landorus-Therian, M|63/100
|-damage|p1a: Landorus|51/100|[from] Stealth Rock
|-ability|p1a: Landorus|Intimidate|boost
|-unboost|p2a: Iron Treads|atk|1
|move|p2a: Iron Treads|Earthquake|p1a: Landorus
|-immune|p1a: Landorus
|
|upkeep
|turn|12
|
|t:|1758344437
|move|p2a: Iron Treads|Iron Head|p1a: Landorus
|-damage|p1a: Landorus|33/100
|-damage|p2a: Iron Treads|64/100|[from] item: Rocky Helmet|[of] p1a: Landorus
|move|p1a: Landorus|Earthquake|p2a: Iron Treads
|-supereffective|p2a: Iron Treads
|-damage|p2a: Iron Treads|0 fnt
|faint|p2a: Iron Treads
|-end|p2a: Iron Treads|Quark Drive|[silent]
|
|upkeep
|
|t:|1758344446
|switch|p2a: Iron Valiant|Iron Valiant|100/100
|-enditem|p2a: Iron Valiant|Booster Energy
|-activate|p2a: Iron Valiant|ability: Quark Drive|[fromitem]
|-start|p2a: Iron Valiant|quarkdrivespe
|turn|13
|
|t:|1758344456
|move|p2a: Iron Valiant|Knock Off|p1a: Landorus
|-damage|p1a: Landorus|0 fnt
|-damage|p2a: Iron Valiant|84/100|[from] item: Rocky Helmet|[of] p1a: Landorus
|-enditem|p1a: Landorus|Rocky Helmet|[from] move: Knock Off|[of] p2a: Iron Valiant
|faint|p1a: Landorus
|
|upkeep
|
|t:|1758344459
|switch|p1a: Cinderace|Cinderace, M|100/100
|turn|14
|
|t:|1758344469
|move|p2a: Iron Valiant|Knock Off|p1a: Cinderace
|-damage|p1a: Cinderace|61/100
|-enditem|p1a: Cinderace|Heavy-Duty Boots|[from] move: Knock Off|[of] p2a: Iron Valiant
|move|p1a: Cinderace|Pyro Ball|p2a: Iron Valiant
|-damage|p2a: Iron Valiant|24/100
|
|upkeep
|turn|15
|
|t:|1758344478
|move|p2a: Iron Valiant|Close Combat|p1a: Cinderace
|-damage|p1a: Cinderace|0 fnt
|-unboost|p2a: Iron Valiant|def|1
|-unboost|p2a: Iron Valiant|spd|1
|faint|p1a: Cinderace
|
|upkeep
|
|t:|1758344499
|switch|p1a: Dragonite|Dragonite, M|100/100
|-damage|p1a: Dragonite|76/100|[from] Stealth Rock
|turn|16
|
|t:|1758344518
|-terastallize|p1a: Dragonite|Fairy
|move|p2a: Iron Valiant|Spirit Break|p1a: Dragonite
|-damage|p1a: Dragonite|35/100
|-unboost|p1a: Dragonite|spa|1
|move|p1a: Dragonite|Roost|p1a: Dragonite
|-heal|p1a: Dragonite|85/100
|
|upkeep
|turn|17
|
|t:|1758344535
|move|p2a: Iron Valiant|Spirit Break|p1a: Dragonite
|-damage|p1a: Dragonite|38/100
|-unboost|p1a: Dragonite|spa|1
|move|p1a: Dragonite|Roost|p1a: Dragonite
|-heal|p1a: Dragonite|88/100
|
|upkeep
|turn|18
|
|t:|1758344539
|move|p2a: Iron Valiant|Spirit Break|p1a: Dragonite
|-damage|p1a: Dragonite|46/100
|-unboost|p1a: Dragonite|spa|1
|move|p1a: Dragonite|Roost|p1a: Dragonite
|-heal|p1a: Dragonite|96/100
|
|upkeep
|turn|19
|
|t:|1758344546
|move|p2a: Iron Valiant|Spirit Break|p1a: Dragonite
|-damage|p1a: Dragonite|57/100
|-unboost|p1a: Dragonite|spa|1
|move|p1a: Dragonite|Roost|p1a: Dragonite
|-heal|p1a: Dragonite|100/100
|
|upkeep
|turn|20
|
|t:|1758344550
|move|p2a: Iron Valiant|Spirit Break|p1a: Dragonite
|-damage|p1a: Dragonite|78/100
|-unboost|p1a: Dragonite|spa|1
|move|p1a: Dragonite|Dragon Dance|p1a: Dragonite
|-boost|p1a: Dragonite|atk|1
|-boost|p1a: Dragonite|spe|1
|
|upkeep
|turn|21
|
|t:|1758344557
|-end|p2a: Iron Valiant|Quark Drive|[silent]
|switch|p2a: Rotom|Rotom-Wash|50/100
|move|p1a: Dragonite|Dragon Dance|p1a: Dragonite
|-boost|p1a: Dragonite|atk|1
|-boost|p1a: Dragonite|spe|1
|
|upkeep
|turn|22
|
|t:|1758344561
|move|p1a: Dragonite|Tera Blast|p2a: Rotom|[anim] Tera Blast Fairy
|-damage|p2a: Rotom|0 fnt
|faint|p2a: Rotom
|
|upkeep
|
|t:|1758344569
|switch|p2a: van gho|Gholdengo|100/100
|turn|23
|
|t:|1758344598
|move|p1a: Dragonite|Tera Blast|p2a: van gho|[anim] Tera Blast Fairy
|-resisted|p2a: van gho
|-damage|p2a: van gho|71/100
|move|p2a: van gho|Make It Rain|p1a: Dragonite
|-supereffective|p1a: Dragonite
|-damage|p1a: Dragonite|0 fnt
|-unboost|p2a: van gho|spa|1
|faint|p1a: Dragonite
|
|-heal|p2a: van gho|77/100|[from] item: Leftovers
|upkeep
|
|t:|1758344601
|switch|p1a: Dragapult|Dragapult, M|100/100
|-damage|p1a: Dragapult|88/100|[from] Stealth Rock
|turn|24
|
|t:|1758344609
|move|p1a: Dragapult|Shadow Ball|p2a: van gho
|-supereffective|p2a: van gho
|-damage|p2a: van gho|0 fnt
|faint|p2a: van gho
|
|upkeep
|
|t:|1758344612
|switch|p2a: Dragonite|Dragonite, M|100/100
|turn|25
|
|t:|1758344616
|-terastallize|p2a: Dragonite|Fire
|move|p1a: Dragapult|Shadow Ball|p2a: Dragonite
|-damage|p2a: Dragonite|72/100
|move|p2a: Dragonite|Dragon Claw|p1a: Dragapult
|-supereffective|p1a: Dragapult
|-damage|p1a: Dragapult|0 fnt
|faint|p1a: Dragapult
|
|win|ouku bakuza
|raw|bombadierbill's rating: 1586 &rarr; <strong>1564</strong><br />(-22 for losing)
|raw|ouku bakuza's rating: 1548 &rarr; <strong>1570</strong><br />(+22 for winning)
|l|☆bombadierbill
|player|p1|
