|j|☆Flarefofo
|j|☆manjoumethunder69
|t:|1758261341
|gametype|singles
|player|p1|Flarefofo|266|1393
|player|p2|manjoumethunder69|169|1351
|gen|9
|tier|[Gen 9] OU
|rated|
|rule|HP Percentage Mod: HP is shown in percentages
|rule|Endless Battle Clause: Forcing endless battles is banned
|rule|Species Clause: Limit one of each Pokémon
|rule|OHKO Clause: OHKO moves are banned
|rule|Evasion Items Clause: Evasion items are banned
|rule|Evasion Moves Clause: Evasion moves are banned
|rule|Evasion Abilities Clause: Evasion abilities are banned
|rule|Sleep Moves Clause: Sleep-inducing moves are banned
|clearpoke
|poke|p1|Eelektross, M|
|poke|p1|Pecharunt|
|poke|p1|Tauros-Paldea-Blaze, M|
|poke|p1|Iron Treads|
|poke|p1|Samurott-Hisui, M|
|poke|p1|Iron Valiant|
|poke|p2|Tyranitar, M|
|poke|p2|Excadrill, M|
|poke|p2|Moltres-Galar|
|poke|p2|Iron Moth|
|poke|p2|Garchomp, M|
|poke|p2|Scizor, M|
|teampreview
|inactive|Battle timer is ON: inactive players will automatically lose when time's up. (requested by Flarefofo)
|
|t:|1758261358
|teamsize|p1|6
|teamsize|p2|6
|start
|switch|p1a: Samurott|Samurott-Hisui, M|100/100
|switch|p2a: Scizor|Scizor, M|100/100
|turn|1
|
|t:|1758261366
|move|p1a: Samurott|Flip Turn|p2a: Scizor
|-damage|p2a: Scizor|66/100
|
|t:|1758261369
|switch|p1a: Pecharunt|Pecharunt|100/100|[from] Flip Turn
|move|p2a: Scizor|Swords Dance|p2a: Scizor
|-boost|p2a: Scizor|atk|2
|
|upkeep
|turn|2
|
|t:|1758261375
|move|p1a: Pecharunt|Parting Shot|p2a: Scizor
|-unboost|p2a: Scizor|atk|1
|-unboost|p2a: Scizor|spa|1
|
|t:|1758261378
|switch|p1a: Tauros|Tauros-Paldea-Blaze, M, shiny|100/100|[from] Parting Shot
|-ability|p1a: Tauros|Intimidate|boost
|-unboost|p2a: Scizor|atk|1
|move|p2a: Scizor|Knock Off|p1a: Tauros
|-resisted|p1a: Tauros
|-damage|p1a: Tauros|73/100
|-enditem|p1a: Tauros|Leftovers|[from] move: Knock Off|[of] p2a: Scizor
|-damage|p2a: Scizor|56/100|[from] item: Life Orb
|
|upkeep
|turn|3
|
|t:|1758261389
|switch|p2a: Garchomp|Garchomp, M, shiny|100/100
|move|p1a: Tauros|Will-O-Wisp|p2a: Garchomp
|-status|p2a: Garchomp|brn
|
|-damage|p2a: Garchomp|94/100 brn|[from] brn
|upkeep
|turn|4
|
|t:|1758261398
|switch|p1a: Eelektross|Eelektross, M, shiny|100/100
|move|p2a: Garchomp|Swords Dance|p2a: Garchomp
|-boost|p2a: Garchomp|atk|2
|
|-damage|p2a: Garchomp|88/100 brn|[from] brn
|upkeep
|turn|5
|
|t:|1758261404
|move|p2a: Garchomp|Swords Dance|p2a: Garchomp
|-boost|p2a: Garchomp|atk|2
|move|p1a: Eelektross|Knock Off|p2a: Garchomp
|-damage|p2a: Garchomp|73/100 brn
|-damage|p1a: Eelektross|88/100|[from] ability: Rough Skin|[of] p2a: Garchomp
|-enditem|p2a: Garchomp|Loaded Dice|[from] move: Knock Off|[of] p1a: Eelektross
|
|-damage|p2a: Garchomp|67/100 brn|[from] brn
|upkeep
|turn|6
|
|t:|1758261414
|move|p2a: Garchomp|Swords Dance|p2a: Garchomp
|-boost|p2a: Garchomp|atk|2
|move|p1a: Eelektross|U-turn|p2a: Garchomp
|-damage|p2a: Garchomp|55/100 brn
|-damage|p1a: Eelektross|76/100|[from] ability: Rough Skin|[of] p2a: Garchomp
|
|t:|1758261417
|switch|p1a: Iron Valiant|Iron Valiant, shiny|100/100|[from] U-turn
|-enditem|p1a: Iron Valiant|Booster Energy
|-activate|p1a: Iron Valiant|ability: Quark Drive|[fromitem]
|-start|p1a: Iron Valiant|quarkdrivespe
|
|-damage|p2a: Garchomp|49/100 brn|[from] brn
|upkeep
|turn|7
|
|t:|1758261429
|move|p1a: Iron Valiant|Shadow Ball|p2a: Garchomp
|-damage|p2a: Garchomp|23/100 brn
|move|p2a: Garchomp|Earthquake|p1a: Iron Valiant
|-damage|p1a: Iron Valiant|0 fnt
|faint|p1a: Iron Valiant
|-end|p1a: Iron Valiant|Quark Drive|[silent]
|
|-damage|p2a: Garchomp|17/100 brn|[from] brn
|upkeep
|
|t:|1758261443
|switch|p1a: Iron Treads|Iron Treads|100/100
|turn|8
|
|t:|1758261449
|move|p1a: Iron Treads|Earthquake|p2a: Garchomp
|-damage|p2a: Garchomp|0 fnt
|faint|p2a: Garchomp
|
|upkeep
|
|t:|1758261458
|switch|p2a: Iron Moth|Iron Moth, shiny|100/100
|-enditem|p2a: Iron Moth|Booster Energy
|-activate|p2a: Iron Moth|ability: Quark Drive|[fromitem]
|-start|p2a: Iron Moth|quarkdrivespe
|turn|9
|
|t:|1758261471
|-end|p1a: Iron Treads|Quark Drive|[silent]
|switch|p1a: Samurott|Samurott-Hisui, M|100/100
|move|p2a: Iron Moth|Fiery Dance|p1a: Samurott
|-resisted|p1a: Samurott
|-damage|p1a: Samurott|81/100
|
|upkeep
|turn|10
|
|t:|1758261483
|move|p2a: Iron Moth|Energy Ball|p1a: Samurott
|-supereffective|p1a: Samurott
|-damage|p1a: Samurott|15/100
|move|p1a: Samurott|Ceaseless Edge|p2a: Iron Moth
|-damage|p2a: Iron Moth|26/100
|-sidestart|p2: manjoumethunder69|Spikes
|
|upkeep
|turn|11
|
|t:|1758261491
|move|p1a: Samurott|Sucker Punch|p2a: Iron Moth
|-damage|p2a: Iron Moth|0 fnt
|faint|p2a: Iron Moth
|-end|p2a: Iron Moth|Quark Drive|[silent]
|
|upkeep
|
|t:|1758261499
|switch|p2a: Excadrill|Excadrill, M, shiny|100/100
|-item|p2a: Excadrill|Air Balloon
|turn|12
|
|t:|1758261504
|move|p2a: Excadrill|Rapid Spin|p1a: Samurott
|-damage|p1a: Samurott|0 fnt
|-boost|p2a: Excadrill|spe|1
|-sideend|p2: manjoumethunder69|Spikes|[from] move: Rapid Spin|[of] p2a: Excadrill
|faint|p1a: Samurott
|
|upkeep
|
|t:|1758261510
|switch|p1a: Tauros|Tauros-Paldea-Blaze, M, shiny|73/100
|-ability|p1a: Tauros|Intimidate|boost
|-unboost|p2a: Excadrill|atk|1
|turn|13
|
|t:|1758261515
|move|p2a: Excadrill|Earthquake|p1a: Tauros
|-supereffective|p1a: Tauros
|-damage|p1a: Tauros|0 fnt
|faint|p1a: Tauros
|
|upkeep
|
|t:|1758261521
|switch|p1a: Eelektross|Eelektross, M, shiny|76/100
|turn|14
|
|t:|1758261527
|move|p2a: Excadrill|Swords Dance|p2a: Excadrill
|-boost|p2a: Excadrill|atk|2
|move|p1a: Eelektross|U-turn|p2a: Excadrill
|-resisted|p2a: Excadrill
|-damage|p2a: Excadrill|88/100
|-enditem|p2a: Excadrill|Air Balloon
|-message|Flarefofo forfeited.
|
|win|manjoumethunder69
|raw|Flarefofo's rating: 1393 &rarr; <strong>1371</strong><br />(-22 for losing)
|raw|manjoumethunder69's rating: 1351 &rarr; <strong>1373</strong><br />(+22 for winning)
|l|☆Flarefofo
|player|p1|
|l|☆manjoumethunder69
|player|p2|
