|j|☆gleeblepl
|j|☆BlackliightJester
|t:|1758263403
|gametype|singles
|player|p1|gleeblepl|veteran|1089
|player|p2|BlackliightJester|will|1158
|gen|9
|tier|[Gen 9] OU
|rated|
|rule|HP Percentage Mod: HP is shown in percentages
|rule|Endless Battle Clause: Forcing endless battles is banned
|rule|Species Clause: Limit one of each Pokémon
|rule|OHKO Clause: OHKO moves are banned
|rule|Evasion Items Clause: Evasion items are banned
|rule|Evasion Moves Clause: Evasion moves are banned
|rule|Evasion Abilities Clause: Evasion abilities are banned
|rule|Sleep Moves Clause: Sleep-inducing moves are banned
|clearpoke
|poke|p1|Samurott-Hisui, F|
|poke|p1|Dragonite, F|
|poke|p1|Dragapult, M|
|poke|p1|Great Tusk|
|poke|p1|Weavile, F|
|poke|p1|Blaziken, F|
|poke|p2|Meowstic, M|
|poke|p2|Flapple, F|
|poke|p2|Weezing-Galar, F|
|poke|p2|Alomomola, M|
|poke|p2|Landorus-Therian, M|
|poke|p2|Zapdos|
|teampreview
|inactive|Battle timer is ON: inactive players will automatically lose when time's up. (requested by BlackliightJester)
|
|t:|1758263422
|teamsize|p1|6
|teamsize|p2|6
|start
|switch|p1a: Samurott|Samurott-Hisui, F|100/100
|switch|p2a: Meowstic|Meowstic, M|100/100
|turn|1
|
|t:|1758263432
|move|p2a: Meowstic|Gravity|p2a: Meowstic
|-fieldstart|move: Gravity
|move|p1a: Samurott|Ceaseless Edge|p2a: Meowstic
|-supereffective|p2a: Meowstic
|-damage|p2a: Meowstic|1/100
|-sidestart|p2: BlackliightJester|Spikes
|-enditem|p2a: Meowstic|Eject Button
|
|t:|1758263439
|switch|p2a: Flapple|Flapple, F|100/100
|-damage|p2a: Flapple|88/100|[from] Spikes
|
|upkeep
|turn|2
|
|t:|1758263454
|switch|p1a: Weavile|Weavile, F|100/100
|-ability|p1a: Weavile|Pressure
|move|p2a: Flapple|Grav Apple|p1a: Weavile
|-crit|p1a: Weavile
|-damage|p1a: Weavile|0 fnt
|-enditem|p1a: Weavile|Air Balloon
|faint|p1a: Weavile
|
|upkeep
|
|t:|1758263465
|switch|p1a: Blaziken|Blaziken, F|100/100
|turn|3
|
|t:|1758263474
|move|p1a: Blaziken|Protect|p1a: Blaziken
|-singleturn|p1a: Blaziken|Protect
|move|p2a: Flapple|Grav Apple|p1a: Blaziken
|-activate|p1a: Blaziken|move: Protect
|
|-ability|p1a: Blaziken|Speed Boost|boost
|-boost|p1a: Blaziken|spe|1
|upkeep
|turn|4
|
|t:|1758263488
|move|p1a: Blaziken|Swords Dance|p1a: Blaziken
|-boost|p1a: Blaziken|atk|2
|move|p2a: Flapple|Grav Apple|p1a: Blaziken
|-resisted|p1a: Blaziken
|-damage|p1a: Blaziken|35/100
|-unboost|p1a: Blaziken|def|1
|
|-ability|p1a: Blaziken|Speed Boost|boost
|-boost|p1a: Blaziken|spe|1
|upkeep
|turn|5
|
|t:|1758263502
|move|p1a: Blaziken|Flare Blitz|p2a: Flapple
|-damage|p2a: Flapple|0 fnt
|faint|p2a: Flapple
|-damage|p1a: Blaziken|8/100|[from] Recoil
|-damage|p1a: Blaziken|0 fnt|[from] item: Life Orb
|faint|p1a: Blaziken
|
|-fieldend|move: Gravity
|upkeep
|
|t:|1758263512
|switch|p2a: Meowstic|Meowstic, M|1/100
|switch|p1a: Dragonite|Dragonite, F|100/100
|-damage|p2a: Meowstic|0 fnt|[from] Spikes
|faint|p2a: Meowstic
|
|t:|1758263518
|switch|p2a: Weezing|Weezing-Galar, F|100/100
|-ability|p2a: Weezing|Neutralizing Gas
|-damage|p2a: Weezing|88/100|[from] Spikes
|turn|6
|
|t:|1758263530
|move|p1a: Dragonite|Dragon Dance|p1a: Dragonite
|-boost|p1a: Dragonite|atk|1
|-boost|p1a: Dragonite|spe|1
|move|p2a: Weezing|Will-O-Wisp|p1a: Dragonite
|-status|p1a: Dragonite|brn
|
|-heal|p2a: Weezing|94/100|[from] item: Leftovers
|-damage|p1a: Dragonite|94/100 brn|[from] brn
|upkeep
|turn|7
|
|t:|1758263541
|move|p1a: Dragonite|Earthquake|p2a: Weezing
|-supereffective|p2a: Weezing
|-damage|p2a: Weezing|44/100
|move|p2a: Weezing|Strange Steam|p1a: Dragonite
|-supereffective|p1a: Dragonite
|-damage|p1a: Dragonite|39/100 brn
|-start|p1a: Dragonite|confusion
|
|-heal|p2a: Weezing|50/100|[from] item: Leftovers
|-damage|p1a: Dragonite|32/100 brn|[from] brn
|upkeep
|turn|8
|
|t:|1758263553
|-end|p2a: Weezing|ability: Neutralizing Gas
|switch|p2a: Alomomola|Alomomola, M|100/100
|-damage|p2a: Alomomola|88/100|[from] Spikes
|-activate|p1a: Dragonite|confusion
|move|p1a: Dragonite|Earthquake|p2a: Alomomola
|-damage|p2a: Alomomola|73/100
|
|-damage|p1a: Dragonite|26/100 brn|[from] brn
|upkeep
|turn|9
|
|t:|1758263574
|switch|p1a: Samurott|Samurott-Hisui, F|100/100
|move|p2a: Alomomola|Wish|p2a: Alomomola
|
|upkeep
|turn|10
|
|t:|1758263579
|move|p1a: Samurott|Ceaseless Edge|p2a: Alomomola
|-damage|p2a: Alomomola|48/100
|-damage|p1a: Samurott|84/100|[from] item: Rocky Helmet|[of] p2a: Alomomola
|-sidestart|p2: BlackliightJester|Spikes
|move|p2a: Alomomola|Flip Turn|p1a: Samurott
|-resisted|p1a: Samurott
|-damage|p1a: Samurott|74/100
|
|t:|1758263587
|switch|p2a: Weezing|Weezing-Galar, F|50/100|[from] Flip Turn
|-ability|p2a: Weezing|Neutralizing Gas
|-damage|p2a: Weezing|33/100|[from] Spikes
|
|-heal|p2a: Weezing|100/100|[from] move: Wish|[wisher] Alomomola
|upkeep
|turn|11
|
|t:|1758263610
|move|p1a: Samurott|Aqua Cutter|p2a: Weezing
|-damage|p2a: Weezing|71/100
|move|p2a: Weezing|Will-O-Wisp|p1a: Samurott
|-status|p1a: Samurott|brn
|
|-heal|p2a: Weezing|77/100|[from] item: Leftovers
|-damage|p1a: Samurott|68/100 brn|[from] brn
|upkeep
|turn|12
|
|t:|1758263622
|move|p1a: Samurott|Encore|p2a: Weezing
|-start|p2a: Weezing|Encore
|move|p2a: Weezing|Will-O-Wisp|p1a: Samurott
|-fail|p1a: Samurott|brn
|
|-heal|p2a: Weezing|83/100|[from] item: Leftovers
|-damage|p1a: Samurott|62/100 brn|[from] brn
|upkeep
|turn|13
|
|t:|1758263640
|-end|p2a: Weezing|ability: Neutralizing Gas
|switch|p2a: Zapdos|Zapdos|100/100
|move|p1a: Samurott|Ceaseless Edge|p2a: Zapdos
|-damage|p2a: Zapdos|77/100
|-sidestart|p2: BlackliightJester|Spikes
|
|-damage|p1a: Samurott|55/100 brn|[from] brn
|upkeep
|turn|14
|
|t:|1758263656
|switch|p1a: Great Tusk|Great Tusk|100/100
|move|p2a: Zapdos|Hurricane|p1a: Great Tusk
|-supereffective|p1a: Great Tusk
|-damage|p1a: Great Tusk|0 fnt
|faint|p1a: Great Tusk
|-end|p1a: Great Tusk|Protosynthesis|[silent]
|
|upkeep
|
|t:|1758263664
|switch|p1a: Dragapult|Dragapult, M|100/100
|turn|15
|
|t:|1758263675
|switch|p2a: Landorus|Landorus-Therian, M|100/100
|-ability|p2a: Landorus|Intimidate|boost
|-unboost|p1a: Dragapult|atk|1
|move|p1a: Dragapult|Shadow Ball|p2a: Landorus
|-damage|p2a: Landorus|30/100
|
|upkeep
|turn|16
|
|t:|1758263684
|move|p1a: Dragapult|Shadow Ball|p2a: Landorus
|-damage|p2a: Landorus|0 fnt
|faint|p2a: Landorus
|
|upkeep
|
|t:|1758263689
|switch|p2a: Weezing|Weezing-Galar, F|83/100
|-ability|p2a: Weezing|Neutralizing Gas
|-damage|p2a: Weezing|59/100|[from] Spikes
|turn|17
|
|t:|1758263698
|move|p1a: Dragapult|Shadow Ball|p2a: Weezing
|-damage|p2a: Weezing|5/100
|move|p2a: Weezing|Strange Steam|p1a: Dragapult
|-supereffective|p1a: Dragapult
|-damage|p1a: Dragapult|24/100
|-start|p1a: Dragapult|confusion
|
|-heal|p2a: Weezing|11/100|[from] item: Leftovers
|upkeep
|turn|18
|
|t:|1758263711
|switch|p1a: Samurott|Samurott-Hisui, F|55/100 brn
|move|p2a: Weezing|Defog|p1a: Samurott
|-unboost|p1a: Samurott|evasion|1
|-sideend|p2: BlackliightJester|Spikes|[from] move: Defog|[of] p2a: Weezing
|
|-heal|p2a: Weezing|17/100|[from] item: Leftovers
|-damage|p1a: Samurott|49/100 brn|[from] brn
|upkeep
|turn|19
|
|t:|1758263721
|-end|p2a: Weezing|ability: Neutralizing Gas
|switch|p2a: Alomomola|Alomomola, M|82/100
|move|p1a: Samurott|Ceaseless Edge|p2a: Alomomola
|-damage|p2a: Alomomola|70/100
|-damage|p1a: Samurott|33/100 brn|[from] item: Rocky Helmet|[of] p2a: Alomomola
|-sidestart|p2: BlackliightJester|Spikes
|
|-damage|p1a: Samurott|26/100 brn|[from] brn
|upkeep
|turn|20
|
|t:|1758263734
|switch|p1a: Dragapult|Dragapult, M|24/100
|move|p2a: Alomomola|Wish|p2a: Alomomola
|
|upkeep
|turn|21
|
|t:|1758263751
|move|p1a: Dragapult|Shadow Ball|p2a: Alomomola
|-damage|p2a: Alomomola|0 fnt
|faint|p2a: Alomomola
|
|upkeep
|
|t:|1758263758
|switch|p2a: Weezing|Weezing-Galar, F|17/100
|-ability|p2a: Weezing|Neutralizing Gas
|-damage|p2a: Weezing|4/100|[from] Spikes
|turn|22
|
|t:|1758263765
|move|p1a: Dragapult|Shadow Ball|p2a: Weezing
|-damage|p2a: Weezing|0 fnt
|faint|p2a: Weezing
|-end|p2a: Weezing|ability: Neutralizing Gas
|
|upkeep
|
|t:|1758263770
|switch|p2a: Zapdos|Zapdos|77/100
|turn|23
|
|t:|1758263775
|switch|p1a: Samurott|Samurott-Hisui, F|26/100 brn
|move|p2a: Zapdos|Hurricane|p1a: Samurott
|-damage|p1a: Samurott|0 fnt
|faint|p1a: Samurott
|
|upkeep
|
|t:|1758263782
|switch|p1a: Dragapult|Dragapult, M|24/100
|turn|24
|
|t:|1758263786
|move|p1a: Dragapult|Draco Meteor|p2a: Zapdos
|-damage|p2a: Zapdos|0 fnt
|-unboost|p1a: Dragapult|spa|2
|faint|p2a: Zapdos
|
|win|gleeblepl
|raw|gleeblepl's rating: 1089 &rarr; <strong>1121</strong><br />(+32 for winning)
|raw|BlackliightJester's rating: 1158 &rarr; <strong>1128</strong><br />(-30 for losing)
|l|☆BlackliightJester
|player|p2|
|l|☆gleeblepl
|player|p1|
