|j|☆sumofsquares
|j|☆Miltshake
|t:|1758254701
|gametype|singles
|player|p1|sumofsquares|wallace|1599
|player|p2|Miltshake|janitor|1574
|gen|9
|tier|[Gen 9] OU
|rated|
|rule|HP Percentage Mod: HP is shown in percentages
|rule|Endless Battle Clause: Forcing endless battles is banned
|rule|Species Clause: Limit one of each Pokémon
|rule|OHKO Clause: OHKO moves are banned
|rule|Evasion Items Clause: Evasion items are banned
|rule|Evasion Moves Clause: Evasion moves are banned
|rule|Evasion Abilities Clause: Evasion abilities are banned
|rule|Sleep Moves Clause: Sleep-inducing moves are banned
|clearpoke
|poke|p1|Ogerpon, F|
|poke|p1|Skarmory, F|
|poke|p1|Sandy Shocks|
|poke|p1|Greninja-*, M|
|poke|p1|Keldeo-Resolute|
|poke|p1|Slither Wing|
|poke|p2|Gengar, M|
|poke|p2|Dragapult, F|
|poke|p2|Iron Treads|
|poke|p2|Okidogi, M|
|poke|p2|Hatterene, F|
|poke|p2|Alomomola, M|
|teampreview
|inactive|Battle timer is ON: inactive players will automatically lose when time's up. (requested by Miltshake)
|
|t:|1758254723
|teamsize|p1|6
|teamsize|p2|6
|start
|switch|p1a: Sandy Shocks|Sandy Shocks|100/100
|switch|p2a: Dragapult|Dragapult, F|100/100
|-enditem|p1a: Sandy Shocks|Booster Energy
|-activate|p1a: Sandy Shocks|ability: Protosynthesis|[fromitem]
|-start|p1a: Sandy Shocks|protosynthesisspe
|turn|1
|inactive|sumofsquares has 120 seconds left.
|inactive|sumofsquares has 90 seconds left.
|
|t:|1758254792
|move|p1a: Sandy Shocks|Stealth Rock|p2a: Dragapult
|-sidestart|p2: Miltshake|move: Stealth Rock
|move|p2a: Dragapult|Draco Meteor|p1a: Sandy Shocks
|-damage|p1a: Sandy Shocks|0 fnt
|-unboost|p2a: Dragapult|spa|2
|faint|p1a: Sandy Shocks
|-end|p1a: Sandy Shocks|Protosynthesis|[silent]
|
|upkeep
|inactive|sumofsquares has 60 seconds left.
|inactive|sumofsquares has 30 seconds left.
|inactive|sumofsquares has 20 seconds left.
|
|t:|1758254866
|switch|p1a: Greninja|Greninja, M|100/100
|turn|2
|inactive|sumofsquares has 30 seconds left this turn.
|inactive|sumofsquares has 20 seconds left.
|inactive|sumofsquares has 15 seconds left.
|inactive|sumofsquares has 10 seconds left.
|inactive|sumofsquares has 5 seconds left.
|
|t:|1758254892
|switch|p2a: Hatterene|Hatterene, F|100/100
|-damage|p2a: Hatterene|88/100|[from] Stealth Rock
|move|p1a: Greninja|Dark Pulse|p2a: Hatterene
|-damage|p2a: Hatterene|67/100
|
|upkeep
|turn|3
|inactive|sumofsquares has 15 seconds left this turn.
|inactive|sumofsquares has 10 seconds left.
|
|t:|1758254900
|switch|p1a: Skarmory|Skarmory, F|100/100
|move|p2a: Hatterene|Nuzzle|p1a: Skarmory
|-supereffective|p1a: Skarmory
|-damage|p1a: Skarmory|94/100
|-status|p1a: Skarmory|par
|-damage|p2a: Hatterene|50/100|[from] item: Rocky Helmet|[of] p1a: Skarmory
|
|upkeep
|turn|4
|inactive|sumofsquares has 20 seconds left this turn.
|inactive|sumofsquares has 15 seconds left.
|inactive|sumofsquares has 10 seconds left.
|
|t:|1758254911
|switch|p2a: Iron Treads|Iron Treads|100/100
|-damage|p2a: Iron Treads|97/100|[from] Stealth Rock
|switch|p1a: Greninja|Greninja, M|100/100
|
|-heal|p2a: Iron Treads|100/100|[from] item: Leftovers
|upkeep
|turn|5
|inactive|sumofsquares has 20 seconds left this turn.
|
|t:|1758254930
|-terastallize|p2a: Iron Treads|Ghost
|move|p1a: Greninja|Surf|p2a: Iron Treads
|-damage|p2a: Iron Treads|40/100
|move|p2a: Iron Treads|Rapid Spin|p1a: Greninja
|-damage|p1a: Greninja|76/100
|-boost|p2a: Iron Treads|spe|1
|-sideend|p2: Miltshake|Stealth Rock|[from] move: Rapid Spin|[of] p2a: Iron Treads
|
|-heal|p2a: Iron Treads|46/100|[from] item: Leftovers
|upkeep
|turn|6
|inactive|sumofsquares has 30 seconds left this turn.
|
|t:|1758254939
|-end|p2a: Iron Treads|Quark Drive|[silent]
|switch|p2a: Alomomola|Alomomola, M|100/100
|move|p1a: Greninja|Surf|p2a: Alomomola
|-resisted|p2a: Alomomola
|-damage|p2a: Alomomola|77/100
|
|upkeep
|turn|7
|inactive|sumofsquares has 30 seconds left.
|
|t:|1758254945
|move|p1a: Greninja|Dark Pulse|p2a: Alomomola
|-damage|p2a: Alomomola|33/100
|move|p2a: Alomomola|Flip Turn|p1a: Greninja
|-resisted|p1a: Greninja
|-damage|p1a: Greninja|63/100
|
|t:|1758254951
|switch|p2a: Dragapult|Dragapult, F|100/100|[from] Flip Turn
|
|upkeep
|turn|8
|inactive|sumofsquares has 30 seconds left.
|inactive|sumofsquares has 20 seconds left.
|inactive|sumofsquares has 15 seconds left.
|inactive|sumofsquares has 10 seconds left.
|
|t:|1758254989
|move|p2a: Dragapult|Draco Meteor|p1a: Greninja|[miss]
|-miss|p2a: Dragapult|p1a: Greninja
|move|p1a: Greninja|Dark Pulse|p2a: Dragapult
|-supereffective|p2a: Dragapult
|-damage|p2a: Dragapult|0 fnt
|faint|p2a: Dragapult
|-ability|p1a: Greninja|Battle Bond|boost
|-boost|p1a: Greninja|atk|1
|-boost|p1a: Greninja|spa|1
|-boost|p1a: Greninja|spe|1
|-activate|p1a: Greninja|ability: Battle Bond
|
|upkeep
|
|t:|1758254993
|switch|p2a: Gengar|Gengar, M|100/100
|turn|9
|inactive|sumofsquares has 25 seconds left this turn.
|
|t:|1758255008
|switch|p2a: Iron Treads|Iron Treads, tera:Ghost|46/100
|-terastallize|p1a: Greninja|Water
|move|p1a: Greninja|Water Shuriken|p2a: Iron Treads
|-damage|p2a: Iron Treads|27/100
|-damage|p2a: Iron Treads|7/100
|-crit|p2a: Iron Treads
|-damage|p2a: Iron Treads|0 fnt
|faint|p2a: Iron Treads
|-end|p2a: Iron Treads|Quark Drive|[silent]
|-hitcount|p2: Iron Treads|3
|
|upkeep
|
|t:|1758255024
|switch|p2a: Good Punch|Okidogi, M|100/100
|turn|10
|
|t:|1758255028
|move|p1a: Greninja|Surf|p2a: Good Punch
|-damage|p2a: Good Punch|40/100
|move|p2a: Good Punch|Drain Punch|p1a: Greninja
|-damage|p1a: Greninja|11/100
|-heal|p2a: Good Punch|60/100|[from] drain|[of] p1a: Greninja
|
|-heal|p2a: Good Punch|66/100|[from] item: Leftovers
|upkeep
|turn|11
|
|t:|1758255034
|move|p1a: Greninja|Surf|p2a: Good Punch
|-damage|p2a: Good Punch|2/100
|move|p2a: Good Punch|Drain Punch|p1a: Greninja
|-damage|p1a: Greninja|0 fnt
|-heal|p2a: Good Punch|6/100|[from] drain|[of] p1a: Greninja
|faint|p1a: Greninja
|
|-heal|p2a: Good Punch|12/100|[from] item: Leftovers
|upkeep
|
|t:|1758255041
|switch|p1a: Keldeo|Keldeo-Resolute|100/100
|turn|12
|
|t:|1758255046
|move|p1a: Keldeo|Surf|p2a: Good Punch
|-damage|p2a: Good Punch|0 fnt
|faint|p2a: Good Punch
|
|upkeep
|
|t:|1758255071
|switch|p2a: Hatterene|Hatterene, F|50/100
|turn|13
|inactive|sumofsquares has 60 seconds left.
|
|t:|1758255096
|move|p1a: Keldeo|Substitute|p1a: Keldeo
|-start|p1a: Keldeo|Substitute
|-damage|p1a: Keldeo|76/100
|move|p2a: Hatterene|Psychic Noise|p1a: Keldeo
|-supereffective|p1a: Keldeo
|-damage|p1a: Keldeo|0 fnt
|faint|p1a: Keldeo
|
|upkeep
|
|t:|1758255098
|switch|p1a: Ogerpon|Ogerpon, F|100/100
|turn|14
|
|t:|1758255104
|move|p1a: Ogerpon|Ivy Cudgel|p2a: Hatterene
|-damage|p2a: Hatterene|0 fnt
|faint|p2a: Hatterene
|
|upkeep
|
|t:|1758255106
|switch|p2a: Gengar|Gengar, M|100/100
|turn|15
|
|t:|1758255117
|switch|p1a: Slither Wing|Slither Wing|100/100
|move|p2a: Gengar|Sludge Wave|p1a: Slither Wing
|-damage|p1a: Slither Wing|49/100
|
|upkeep
|turn|16
|
|t:|1758255131
|move|p2a: Gengar|Sludge Wave|p1a: Slither Wing
|-damage|p1a: Slither Wing|2/100
|move|p1a: Slither Wing|Will-O-Wisp|p2a: Gengar
|-status|p2a: Gengar|brn
|
|-damage|p2a: Gengar|94/100 brn|[from] brn
|upkeep
|turn|17
|
|t:|1758255136
|move|p2a: Gengar|Sludge Wave|p1a: Slither Wing
|-damage|p1a: Slither Wing|0 fnt
|faint|p1a: Slither Wing
|-end|p1a: Slither Wing|Protosynthesis|[silent]
|
|-damage|p2a: Gengar|88/100 brn|[from] brn
|upkeep
|
|t:|1758255141
|switch|p1a: Skarmory|Skarmory, F|94/100 par
|turn|18
|
|t:|1758255144
|switch|p2a: Alomomola|Alomomola, M|66/100
|move|p1a: Skarmory|Spikes|p2a: Alomomola
|-sidestart|p2: Miltshake|Spikes
|
|upkeep
|turn|19
|
|t:|1758255149
|switch|p1a: Ogerpon|Ogerpon, F|100/100
|move|p2a: Alomomola|Flip Turn|p1a: Ogerpon
|-resisted|p1a: Ogerpon
|-damage|p1a: Ogerpon|91/100
|
|t:|1758255151
|switch|p2a: Gengar|Gengar, M|88/100 brn|[from] Flip Turn
|-damage|p2a: Gengar|76/100 brn|[from] Spikes
|
|-damage|p2a: Gengar|70/100 brn|[from] brn
|upkeep
|turn|20
|
|t:|1758255174
|switch|p1a: Skarmory|Skarmory, F|94/100 par
|move|p2a: Gengar|Sludge Wave|p1a: Skarmory
|-immune|p1a: Skarmory
|
|-damage|p2a: Gengar|64/100 brn|[from] brn
|upkeep
|turn|21
|
|t:|1758255187
|switch|p1a: Ogerpon|Ogerpon, F|91/100
|move|p2a: Gengar|Sludge Wave|p1a: Ogerpon
|-supereffective|p1a: Ogerpon
|-damage|p1a: Ogerpon|0 fnt
|faint|p1a: Ogerpon
|
|-damage|p2a: Gengar|58/100 brn|[from] brn
|upkeep
|
|t:|1758255195
|switch|p1a: Skarmory|Skarmory, F|94/100 par
|turn|22
|
|t:|1758255199
|switch|p2a: Alomomola|Alomomola, M|99/100
|move|p1a: Skarmory|Roost|p1a: Skarmory
|-heal|p1a: Skarmory|100/100 par
|-singleturn|p1a: Skarmory|move: Roost
|
|upkeep
|turn|23
|
|t:|1758255221
|move|p2a: Alomomola|Tickle|p1a: Skarmory
|-unboost|p1a: Skarmory|atk|1
|-unboost|p1a: Skarmory|def|1
|move|p1a: Skarmory|Iron Defense|p1a: Skarmory
|-boost|p1a: Skarmory|def|2
|
|upkeep
|turn|24
|
|t:|1758255229
|move|p2a: Alomomola|Wish|p2a: Alomomola
|move|p1a: Skarmory|Iron Defense|p1a: Skarmory
|-boost|p1a: Skarmory|def|2
|
|upkeep
|turn|25
|
|t:|1758255237
|move|p2a: Alomomola|Tickle|p1a: Skarmory
|-unboost|p1a: Skarmory|atk|1
|-unboost|p1a: Skarmory|def|1
|cant|p1a: Skarmory|par
|
|-heal|p2a: Alomomola|100/100|[from] move: Wish|[wisher] Alomomola
|upkeep
|turn|26
|
|t:|1758255246
|move|p2a: Alomomola|Tickle|p1a: Skarmory
|-unboost|p1a: Skarmory|atk|1
|-unboost|p1a: Skarmory|def|1
|move|p1a: Skarmory|Iron Defense|p1a: Skarmory
|-boost|p1a: Skarmory|def|2
|
|upkeep
|turn|27
|
|t:|1758255251
|move|p2a: Alomomola|Tickle|p1a: Skarmory
|-unboost|p1a: Skarmory|atk|1
|-unboost|p1a: Skarmory|def|1
|move|p1a: Skarmory|Iron Defense|p1a: Skarmory
|-boost|p1a: Skarmory|def|2
|
|upkeep
|turn|28
|
|t:|1758255255
|move|p2a: Alomomola|Wish|p2a: Alomomola
|move|p1a: Skarmory|Body Press|p2a: Alomomola
|-damage|p2a: Alomomola|62/100
|
|upkeep
|turn|29
|
|t:|1758255260
|move|p2a: Alomomola|Tickle|p1a: Skarmory
|-unboost|p1a: Skarmory|atk|1
|-unboost|p1a: Skarmory|def|1
|move|p1a: Skarmory|Iron Defense|p1a: Skarmory
|-boost|p1a: Skarmory|def|2
|
|-heal|p2a: Alomomola|100/100|[from] move: Wish|[wisher] Alomomola
|upkeep
|turn|30
|
|t:|1758255263
|move|p2a: Alomomola|Tickle|p1a: Skarmory
|-unboost|p1a: Skarmory|atk|1
|-unboost|p1a: Skarmory|def|1
|move|p1a: Skarmory|Body Press|p2a: Alomomola
|-damage|p2a: Alomomola|59/100
|
|upkeep
|turn|31
|
|t:|1758255265
|move|p2a: Alomomola|Tickle|p1a: Skarmory
|-unboost|p1a: Skarmory|atk|0
|-unboost|p1a: Skarmory|def|1
|move|p1a: Skarmory|Body Press|p2a: Alomomola
|-damage|p2a: Alomomola|27/100
|
|upkeep
|turn|32
|
|t:|1758255271
|move|p2a: Alomomola|Wish|p2a: Alomomola
|cant|p1a: Skarmory|par
|
|upkeep
|turn|33
|
|t:|1758255277
|move|p2a: Alomomola|Protect|p2a: Alomomola
|-singleturn|p2a: Alomomola|Protect
|move|p1a: Skarmory|Body Press|p2a: Alomomola
|-activate|p2a: Alomomola|move: Protect
|
|-heal|p2a: Alomomola|77/100|[from] move: Wish|[wisher] Alomomola
|upkeep
|turn|34
|
|t:|1758255280
|move|p2a: Alomomola|Wish|p2a: Alomomola
|move|p1a: Skarmory|Body Press|p2a: Alomomola
|-damage|p2a: Alomomola|43/100
|
|upkeep
|turn|35
|
|t:|1758255300
|move|p2a: Alomomola|Tickle|p1a: Skarmory
|-unboost|p1a: Skarmory|atk|0
|-unboost|p1a: Skarmory|def|1
|cant|p1a: Skarmory|par
|
|-heal|p2a: Alomomola|93/100|[from] move: Wish|[wisher] Alomomola
|upkeep
|turn|36
|
|t:|1758255304
|move|p2a: Alomomola|Wish|p2a: Alomomola
|cant|p1a: Skarmory|par
|
|upkeep
|turn|37
|
|t:|1758255307
|move|p2a: Alomomola|Flip Turn|p1a: Skarmory
|-damage|p1a: Skarmory|94/100 par
|-damage|p2a: Alomomola|76/100|[from] item: Rocky Helmet|[of] p1a: Skarmory
|
|t:|1758255309
|switch|p2a: Gengar|Gengar, M|58/100 brn|[from] Flip Turn
|-damage|p2a: Gengar|45/100 brn|[from] Spikes
|move|p1a: Skarmory|Iron Defense|p1a: Skarmory
|-boost|p1a: Skarmory|def|2
|
|-heal|p2a: Gengar|100/100 brn|[from] move: Wish|[wisher] Alomomola
|-damage|p2a: Gengar|94/100 brn|[from] brn
|upkeep
|turn|38
|
|t:|1758255317
|move|p2a: Gengar|Trick|p1a: Skarmory
|-activate|p2a: Gengar|move: Trick|[of] p1a: Skarmory
|-item|p1a: Skarmory|Choice Scarf|[from] move: Trick
|-item|p2a: Gengar|Rocky Helmet|[from] move: Trick
|cant|p1a: Skarmory|par
|
|-damage|p2a: Gengar|88/100 brn|[from] brn
|upkeep
|turn|39
|
|t:|1758255324
|move|p2a: Gengar|Hex|p1a: Skarmory
|-damage|p1a: Skarmory|35/100 par
|move|p1a: Skarmory|Body Press|p2a: Gengar
|-immune|p2a: Gengar
|
|-damage|p2a: Gengar|82/100 brn|[from] brn
|upkeep
|turn|40
|-message|sumofsquares forfeited.
|
|win|Miltshake
|raw|sumofsquares's rating: 1599 &rarr; <strong>1578</strong><br />(-21 for losing)
|raw|Miltshake's rating: 1574 &rarr; <strong>1595</strong><br />(+21 for winning)
|l|☆Miltshake
|player|p2|
