|j|☆LonelySxNner
|j|☆zhr061104
|t:|1758277276
|gametype|singles
|player|p1|LonelySxNner|picnicker|1346
|player|p2|zhr061104|1|1279
|gen|9
|tier|[Gen 9] OU
|rated|
|rule|HP Percentage Mod: HP is shown in percentages
|rule|Endless Battle Clause: Forcing endless battles is banned
|rule|Species Clause: Limit one of each Pokémon
|rule|OHKO Clause: OHKO moves are banned
|rule|Evasion Items Clause: Evasion items are banned
|rule|Evasion Moves Clause: Evasion moves are banned
|rule|Evasion Abilities Clause: Evasion abilities are banned
|rule|Sleep Moves Clause: Sleep-inducing moves are banned
|clearpoke
|poke|p1|Meloetta|
|poke|p1|Garchomp, M|
|poke|p1|Ceruledge, M|
|poke|p1|Grimmsnarl, M|
|poke|p1|Greninja-*, M|
|poke|p1|Cinderace, F|
|poke|p2|Dragonite, F|
|poke|p2|Corviknight, F|
|poke|p2|Reuniclus, M|
|poke|p2|Iron Jugulis|
|poke|p2|Glimmora, M|
|poke|p2|Scizor, M|
|teampreview
|inactive|Battle timer is ON: inactive players will automatically lose when time's up. (requested by zhr061104)
|
|t:|1758277296
|teamsize|p1|6
|teamsize|p2|6
|start
|switch|p1a: Greninja|Greninja, M|100/100
|switch|p2a: Scizor|Scizor, M|100/100
|turn|1
|
|t:|1758277306
|move|p1a: Greninja|Switcheroo|p2a: Scizor
|-activate|p1a: Greninja|move: Trick|[of] p2a: Scizor
|-item|p2a: Scizor|Choice Specs|[from] move: Switcheroo
|-item|p1a: Greninja|Leftovers|[from] move: Switcheroo
|move|p2a: Scizor|Trailblaze|p1a: Greninja
|-supereffective|p1a: Greninja
|-damage|p1a: Greninja|3/100
|-boost|p2a: Scizor|spe|1
|
|-heal|p1a: Greninja|9/100|[from] item: Leftovers
|upkeep
|turn|2
|
|t:|1758277325
|switch|p1a: Garchomp|Garchomp, M|100/100
|move|p2a: Scizor|Trailblaze|p1a: Garchomp
|-damage|p1a: Garchomp|74/100
|-boost|p2a: Scizor|spe|1
|-damage|p2a: Scizor|88/100|[from] ability: Rough Skin|[of] p1a: Garchomp
|
|upkeep
|turn|3
|inactive|LonelySxNner has 120 seconds left.
|
|t:|1758277359
|switch|p2a: Corviknight|Corviknight, F|100/100
|move|p1a: Garchomp|Rock Tomb|p2a: Corviknight
|-damage|p2a: Corviknight|90/100
|-ability|p2a: Corviknight|Mirror Armor
|-unboost|p1a: Garchomp|spe|1
|
|upkeep
|turn|4
|
|t:|1758277377
|switch|p1a: Grimmsnarl|Grimmsnarl, M|100/100
|move|p2a: Corviknight|Defog|p1a: Grimmsnarl
|-unboost|p1a: Grimmsnarl|evasion|1
|
|upkeep
|turn|5
|inactive|LonelySxNner has 120 seconds left.
|inactive|LonelySxNner has 90 seconds left.
|
|t:|1758277453
|switch|p2a: Scizor|Scizor, M|88/100
|move|p1a: Grimmsnarl|Reflect|p1a: Grimmsnarl
|-sidestart|p1: LonelySxNner|Reflect
|
|upkeep
|turn|6
|
|t:|1758277463
|move|p2a: Scizor|Bullet Punch|p1a: Grimmsnarl
|-supereffective|p1a: Grimmsnarl
|-damage|p1a: Grimmsnarl|68/100
|move|p1a: Grimmsnarl|Parting Shot|p2a: Scizor
|-unboost|p2a: Scizor|atk|1
|-unboost|p2a: Scizor|spa|1
|inactive|LonelySxNner has 60 seconds left.
|l|☆zhr061104
|inactive|zhr061104 disconnected and has a minute to reconnect!
|player|p2|
|
|t:|1758277488
|switch|p1a: Ceruledge|Ceruledge, M|100/100|[from] Parting Shot
|
|upkeep
|turn|7
|inactive|zhr061104 has 30 seconds to reconnect!
|inactive|zhr061104 has 20 seconds to reconnect!
|j|☆zhr061104
|inactive|zhr061104 reconnected and has 110 seconds left.
|player|p2|zhr061104|1|
|
|t:|1758277538
|switch|p2a: Reuniclus|Reuniclus, M|100/100
|move|p1a: Ceruledge|Swords Dance|p1a: Ceruledge
|-boost|p1a: Ceruledge|atk|2
|
|upkeep
|turn|8
|inactive|LonelySxNner has 60 seconds left.
|inactive|LonelySxNner has 30 seconds left.
|inactive|LonelySxNner has 20 seconds left.
|
|t:|1758277594
|move|p1a: Ceruledge|Bitter Blade|p2a: Reuniclus
|-damage|p2a: Reuniclus|0 fnt
|faint|p2a: Reuniclus
|
|upkeep
|
|t:|1758277619
|switch|p2a: Iron Jugulis|Iron Jugulis|100/100
|turn|9
|inactive|LonelySxNner has 30 seconds left.
|
|t:|1758277629
|-terastallize|p1a: Ceruledge|Electric
|move|p2a: Iron Jugulis|Dark Pulse|p1a: Ceruledge
|-damage|p1a: Ceruledge|56/100
|move|p1a: Ceruledge|Bitter Blade|p2a: Iron Jugulis
|-damage|p2a: Iron Jugulis|0 fnt
|-heal|p1a: Ceruledge|100/100|[from] drain|[of] p2a: Iron Jugulis
|faint|p2a: Iron Jugulis
|-end|p2a: Iron Jugulis|Quark Drive|[silent]
|
|upkeep
|-message|zhr061104 forfeited.
|
|win|LonelySxNner
|raw|LonelySxNner's rating: 1366 &rarr; <strong>1381</strong><br />(+15 for winning)
|raw|zhr061104's rating: 1279 &rarr; <strong>1260</strong><br />(-19 for losing)
|l|☆zhr061104
|player|p2|
|l|☆LonelySxNner
|player|p1|
