|j|☆famus123
|j|☆RobustLoki
|t:|1758343266
|gametype|singles
|player|p1|famus123|265|1523
|player|p2|RobustLoki|scientist|1570
|gen|9
|tier|[Gen 9] OU
|rated|
|rule|HP Percentage Mod: HP is shown in percentages
|rule|Endless Battle Clause: Forcing endless battles is banned
|rule|Species Clause: Limit one of each Pokémon
|rule|OHKO Clause: OHKO moves are banned
|rule|Evasion Items Clause: Evasion items are banned
|rule|Evasion Moves Clause: Evasion moves are banned
|rule|Evasion Abilities Clause: Evasion abilities are banned
|rule|Sleep Moves Clause: Sleep-inducing moves are banned
|clearpoke
|poke|p1|Iron Valiant|
|poke|p1|Dragonite, M|
|poke|p1|Great Tusk|
|poke|p1|Iron Crown|
|poke|p1|Samurott-Hisui, F|
|poke|p1|Zapdos|
|poke|p2|Ninetales-Alola, F|
|poke|p2|Farigiraf, M|
|poke|p2|Gliscor, F|
|poke|p2|Hatterene, F|
|poke|p2|Ceruledge, M|
|poke|p2|Meowscarada, F|
|teampreview
|
|t:|1758343272
|teamsize|p1|6
|teamsize|p2|6
|start
|switch|p1a: Iron Crown|Iron Crown|100/100
|switch|p2a: 3fold Affliction|Meowscarada, F|100/100
|turn|1
|
|t:|1758343278
|switch|p2a: Ryoiki Tenkai.. :|Ninetales-Alola, F|100/100
|-weather|Snowscape|[from] ability: Snow Warning|[of] p2a: Ryoiki Tenkai.. :
|-end|p1a: Iron Crown|Quark Drive|[silent]
|switch|p1a: Zapdos|Zapdos|100/100
|
|-weather|Snowscape|[upkeep]
|upkeep
|turn|2
|
|t:|1758343281
|move|p2a: Ryoiki Tenkai.. :|Aurora Veil|p2a: Ryoiki Tenkai.. :
|-sidestart|p2: RobustLoki|move: Aurora Veil
|move|p1a: Zapdos|Thunder Wave|p2a: Ryoiki Tenkai.. :
|-status|p2a: Ryoiki Tenkai.. :|par
|
|-weather|Snowscape|[upkeep]
|upkeep
|turn|3
|
|t:|1758343285
|switch|p2a: Deadly Sentencing|Gliscor, F|100/100
|move|p1a: Zapdos|Volt Switch|p2a: Deadly Sentencing
|-immune|p2a: Deadly Sentencing
|
|-weather|Snowscape|[upkeep]
|-status|p2a: Deadly Sentencing|tox|[from] item: Toxic Orb
|upkeep
|turn|4
|
|t:|1758343290
|switch|p2a: Idle Death Gamble.|Farigiraf, M|100/100
|switch|p1a: Iron Crown|Iron Crown|100/100
|
|-weather|Snowscape|[upkeep]
|upkeep
|turn|5
|
|t:|1758343294
|move|p1a: Iron Crown|Volt Switch|p2a: Idle Death Gamble.
|-damage|p2a: Idle Death Gamble.|81/100
|
|t:|1758343297
|-end|p1a: Iron Crown|Quark Drive|[silent]
|switch|p1a: Samurott|Samurott-Hisui, F|100/100|[from] Volt Switch
|move|p2a: Idle Death Gamble.|Agility|p2a: Idle Death Gamble.
|-boost|p2a: Idle Death Gamble.|spe|2
|
|-weather|none
|upkeep
|turn|6
|
|t:|1758343301
|move|p2a: Idle Death Gamble.|Nasty Plot|p2a: Idle Death Gamble.
|-boost|p2a: Idle Death Gamble.|spa|2
|move|p1a: Samurott|Ceaseless Edge|p2a: Idle Death Gamble.
|-supereffective|p2a: Idle Death Gamble.
|-damage|p2a: Idle Death Gamble.|25/100
|-enditem|p2a: Idle Death Gamble.|Weakness Policy
|-boost|p2a: Idle Death Gamble.|atk|2|[from] item: Weakness Policy
|-boost|p2a: Idle Death Gamble.|spa|2|[from] item: Weakness Policy
|-sidestart|p2: RobustLoki|Spikes
|
|upkeep
|turn|7
|
|t:|1758343316
|move|p1a: Samurott|Aqua Jet||[still]
|cant|p2a: Idle Death Gamble.|ability: Armor Tail|Aqua Jet|[of] p1a: Samurott
|move|p2a: Idle Death Gamble.|Tera Blast|p1a: Samurott
|-crit|p1a: Samurott
|-damage|p1a: Samurott|0 fnt
|faint|p1a: Samurott
|
|upkeep
|
|t:|1758343347
|switch|p1a: Iron Valiant|Iron Valiant|100/100
|-enditem|p1a: Iron Valiant|Booster Energy
|-activate|p1a: Iron Valiant|ability: Quark Drive|[fromitem]
|-start|p1a: Iron Valiant|quarkdrivespe
|turn|8
|inactive|Battle timer is ON: inactive players will automatically lose when time's up. (requested by famus123)
|inactive|RobustLoki has 120 seconds left.
|l|☆RobustLoki
|inactive|RobustLoki disconnected and has a minute to reconnect!
|player|p2|
|inactive|RobustLoki has 30 seconds to reconnect!
|inactive|RobustLoki has 20 seconds to reconnect!
|j|☆RobustLoki
|inactive|RobustLoki reconnected and has 60 seconds left.
|player|p2|RobustLoki|scientist|
|
|t:|1758343448
|move|p1a: Iron Valiant|Moonblast|p2a: Idle Death Gamble.
|-damage|p2a: Idle Death Gamble.|0 fnt
|faint|p2a: Idle Death Gamble.
|
|upkeep
|inactive|RobustLoki has 120 seconds left.
|
|t:|1758343455
|switch|p2a: Deadly Sentencing|Gliscor, F|100/100 tox
|turn|9
|
|t:|1758343472
|switch|p2a: Ryoiki Tenkai.. :|Ninetales-Alola, F|100/100 par
|-damage|p2a: Ryoiki Tenkai.. :|88/100 par|[from] Spikes
|-weather|Snowscape|[from] ability: Snow Warning|[of] p2a: Ryoiki Tenkai.. :
|move|p1a: Iron Valiant|Calm Mind|p1a: Iron Valiant
|-boost|p1a: Iron Valiant|spa|1
|-boost|p1a: Iron Valiant|spd|1
|
|-weather|Snowscape|[upkeep]
|-sideend|p2: RobustLoki|move: Aurora Veil
|upkeep
|turn|10
|
|t:|1758343477
|move|p1a: Iron Valiant|Calm Mind|p1a: Iron Valiant
|-boost|p1a: Iron Valiant|spa|1
|-boost|p1a: Iron Valiant|spd|1
|move|p2a: Ryoiki Tenkai.. :|Aurora Veil|p2a: Ryoiki Tenkai.. :
|-sidestart|p2: RobustLoki|move: Aurora Veil
|
|-weather|Snowscape|[upkeep]
|upkeep
|turn|11
|
|t:|1758343486
|move|p1a: Iron Valiant|Encore|p2a: Ryoiki Tenkai.. :
|-start|p2a: Ryoiki Tenkai.. :|Encore
|move|p2a: Ryoiki Tenkai.. :|Aurora Veil||[still]
|-fail|p2a: Ryoiki Tenkai.. :
|
|-weather|Snowscape|[upkeep]
|upkeep
|turn|12
|
|t:|1758343490
|switch|p2a: 3fold Affliction|Meowscarada, F|100/100
|-damage|p2a: 3fold Affliction|88/100|[from] Spikes
|move|p1a: Iron Valiant|Calm Mind|p1a: Iron Valiant
|-boost|p1a: Iron Valiant|spa|1
|-boost|p1a: Iron Valiant|spd|1
|
|-weather|Snowscape|[upkeep]
|upkeep
|turn|13
|
|t:|1758343494
|move|p2a: 3fold Affliction|Trick|p1a: Iron Valiant
|-start|p2a: 3fold Affliction|typechange|Psychic|[from] ability: Protean
|-activate|p2a: 3fold Affliction|move: Trick|[of] p1a: Iron Valiant
|-item|p1a: Iron Valiant|Choice Scarf|[from] move: Trick
|-enditem|p2a: 3fold Affliction|Choice Scarf|[silent]|[from] move: Trick
|move|p1a: Iron Valiant|Moonblast|p2a: 3fold Affliction
|-damage|p2a: 3fold Affliction|1/100
|-unboost|p2a: 3fold Affliction|spa|1
|
|-weather|none
|upkeep
|turn|14
|
|t:|1758343503
|switch|p2a: Malevolent Shrine|Ceruledge, M|100/100
|-damage|p2a: Malevolent Shrine|88/100|[from] Spikes
|move|p1a: Iron Valiant|Moonblast|p2a: Malevolent Shrine
|-resisted|p2a: Malevolent Shrine
|-damage|p2a: Malevolent Shrine|68/100
|
|upkeep
|turn|15
|
|t:|1758343508
|move|p1a: Iron Valiant|Moonblast|p2a: Malevolent Shrine
|-resisted|p2a: Malevolent Shrine
|-damage|p2a: Malevolent Shrine|46/100
|move|p2a: Malevolent Shrine|Bulk Up|p2a: Malevolent Shrine
|-boost|p2a: Malevolent Shrine|atk|1
|-boost|p2a: Malevolent Shrine|def|1
|
|upkeep
|turn|16
|
|t:|1758343515
|move|p1a: Iron Valiant|Moonblast|p2a: Malevolent Shrine
|-resisted|p2a: Malevolent Shrine
|-damage|p2a: Malevolent Shrine|26/100
|move|p2a: Malevolent Shrine|Bulk Up|p2a: Malevolent Shrine
|-boost|p2a: Malevolent Shrine|atk|1
|-boost|p2a: Malevolent Shrine|def|1
|
|upkeep
|turn|17
|
|t:|1758343519
|move|p1a: Iron Valiant|Moonblast|p2a: Malevolent Shrine
|-resisted|p2a: Malevolent Shrine
|-damage|p2a: Malevolent Shrine|4/100
|move|p2a: Malevolent Shrine|Bitter Blade|p1a: Iron Valiant
|-damage|p1a: Iron Valiant|11/100
|-heal|p2a: Malevolent Shrine|41/100|[from] drain|[of] p1a: Iron Valiant
|
|-sideend|p2: RobustLoki|move: Aurora Veil
|upkeep
|turn|18
|
|t:|1758343523
|move|p2a: Malevolent Shrine|Shadow Sneak|p1a: Iron Valiant
|-damage|p1a: Iron Valiant|0 fnt
|faint|p1a: Iron Valiant
|-end|p1a: Iron Valiant|Quark Drive|[silent]
|
|upkeep
|
|t:|1758343526
|switch|p1a: Great Tusk|Great Tusk|100/100
|turn|19
|
|t:|1758343530
|-terastallize|p2a: Malevolent Shrine|Bug
|move|p1a: Great Tusk|Headlong Rush|p2a: Malevolent Shrine
|-resisted|p2a: Malevolent Shrine
|-damage|p2a: Malevolent Shrine|27/100
|-unboost|p1a: Great Tusk|def|1
|-unboost|p1a: Great Tusk|spd|1
|move|p2a: Malevolent Shrine|Bitter Blade|p1a: Great Tusk
|-damage|p1a: Great Tusk|31/100
|-heal|p2a: Malevolent Shrine|70/100|[from] drain|[of] p1a: Great Tusk
|
|upkeep
|turn|20
|
|t:|1758343539
|move|p2a: Malevolent Shrine|Shadow Sneak|p1a: Great Tusk
|-damage|p1a: Great Tusk|0 fnt
|faint|p1a: Great Tusk
|-end|p1a: Great Tusk|Protosynthesis|[silent]
|
|upkeep
|
|t:|1758343542
|switch|p1a: Zapdos|Zapdos|100/100
|turn|21
|
|t:|1758343546
|move|p1a: Zapdos|Thunder Wave|p2a: Malevolent Shrine
|-status|p2a: Malevolent Shrine|par
|move|p2a: Malevolent Shrine|Bitter Blade|p1a: Zapdos
|-damage|p1a: Zapdos|46/100
|-heal|p2a: Malevolent Shrine|99/100 par|[from] drain|[of] p1a: Zapdos
|
|upkeep
|turn|22
|
|t:|1758343550
|move|p1a: Zapdos|Roost|p1a: Zapdos
|-heal|p1a: Zapdos|96/100
|-singleturn|p1a: Zapdos|move: Roost
|move|p2a: Malevolent Shrine|Bitter Blade|p1a: Zapdos
|-damage|p1a: Zapdos|45/100
|-heal|p2a: Malevolent Shrine|100/100 par|[from] drain|[of] p1a: Zapdos
|
|upkeep
|turn|23
|
|t:|1758343555
|move|p1a: Zapdos|Hurricane|p2a: Malevolent Shrine
|-supereffective|p2a: Malevolent Shrine
|-damage|p2a: Malevolent Shrine|37/100 par
|move|p2a: Malevolent Shrine|Bulk Up|p2a: Malevolent Shrine
|-boost|p2a: Malevolent Shrine|atk|1
|-boost|p2a: Malevolent Shrine|def|1
|
|upkeep
|turn|24
|
|t:|1758343561
|move|p2a: Malevolent Shrine|Shadow Sneak|p1a: Zapdos
|-damage|p1a: Zapdos|16/100
|move|p1a: Zapdos|Hurricane|p2a: Malevolent Shrine
|-supereffective|p2a: Malevolent Shrine
|-damage|p2a: Malevolent Shrine|0 fnt
|faint|p2a: Malevolent Shrine
|
|upkeep
|
|t:|1758343568
|switch|p2a: Ryoiki Tenkai.. :|Ninetales-Alola, F|88/100 par
|-damage|p2a: Ryoiki Tenkai.. :|76/100 par|[from] Spikes
|-weather|Snowscape|[from] ability: Snow Warning|[of] p2a: Ryoiki Tenkai.. :
|turn|25
|
|t:|1758343570
|move|p1a: Zapdos|Volt Switch|p2a: Ryoiki Tenkai.. :
|-damage|p2a: Ryoiki Tenkai.. :|47/100 par
|
|t:|1758343572
|switch|p1a: Iron Crown|Iron Crown|100/100|[from] Volt Switch
|move|p2a: Ryoiki Tenkai.. :|Aurora Veil|p2a: Ryoiki Tenkai.. :
|-sidestart|p2: RobustLoki|move: Aurora Veil
|
|-weather|Snowscape|[upkeep]
|upkeep
|turn|26
|
|t:|1758343575
|switch|p2a: 3fold Affliction|Meowscarada, F|1/100
|-damage|p2a: 3fold Affliction|0 fnt|[from] Spikes
|faint|p2a: 3fold Affliction
|move|p1a: Iron Crown|Tachyon Cutter|p2: 3fold Affliction|[notarget]
|-fail|p1a: Iron Crown
|
|-weather|Snowscape|[upkeep]
|upkeep
|
|t:|1758343579
|switch|p2a: Deadly Sentencing|Gliscor, F|100/100 tox
|turn|27
|
|t:|1758343582
|-end|p1a: Iron Crown|Quark Drive|[silent]
|switch|p1a: Zapdos|Zapdos|16/100
|move|p2a: Deadly Sentencing|Agility|p2a: Deadly Sentencing
|-boost|p2a: Deadly Sentencing|spe|2
|
|-weather|Snowscape|[upkeep]
|upkeep
|turn|28
|
|t:|1758343584
|move|p2a: Deadly Sentencing|Swords Dance|p2a: Deadly Sentencing
|-boost|p2a: Deadly Sentencing|atk|2
|move|p1a: Zapdos|Roost|p1a: Zapdos
|-heal|p1a: Zapdos|67/100
|-singleturn|p1a: Zapdos|move: Roost
|
|-weather|Snowscape|[upkeep]
|upkeep
|turn|29
|
|t:|1758343587
|move|p2a: Deadly Sentencing|Swords Dance|p2a: Deadly Sentencing
|-boost|p2a: Deadly Sentencing|atk|2
|move|p1a: Zapdos|Hurricane|p2a: Deadly Sentencing
|-damage|p2a: Deadly Sentencing|72/100 tox
|-start|p2a: Deadly Sentencing|confusion
|
|-weather|none
|-heal|p2a: Deadly Sentencing|84/100 tox|[from] ability: Poison Heal
|upkeep
|turn|30
|
|t:|1758343590
|-activate|p2a: Deadly Sentencing|confusion
|move|p2a: Deadly Sentencing|Swords Dance|p2a: Deadly Sentencing
|-boost|p2a: Deadly Sentencing|atk|2
|move|p1a: Zapdos|Hurricane|p2a: Deadly Sentencing|[miss]
|-miss|p1a: Zapdos|p2a: Deadly Sentencing
|
|-heal|p2a: Deadly Sentencing|97/100 tox|[from] ability: Poison Heal
|upkeep
|turn|31
|
|t:|1758343595
|-activate|p2a: Deadly Sentencing|confusion
|move|p2a: Deadly Sentencing|Facade|p1a: Zapdos
|-damage|p1a: Zapdos|0 fnt
|faint|p1a: Zapdos
|
|-heal|p2a: Deadly Sentencing|100/100 tox|[from] ability: Poison Heal
|upkeep
|
|t:|1758343599
|switch|p1a: Iron Crown|Iron Crown|100/100
|turn|32
|
|t:|1758343603
|-end|p1a: Iron Crown|Quark Drive|[silent]
|switch|p1a: Dragonite|Dragonite, M|100/100
|-activate|p2a: Deadly Sentencing|confusion
|-damage|p2a: Deadly Sentencing|65/100 tox|[from] confusion
|
|-heal|p2a: Deadly Sentencing|78/100 tox|[from] ability: Poison Heal
|-sideend|p2: RobustLoki|move: Aurora Veil
|upkeep
|turn|33
|
|t:|1758343631
|-terastallize|p1a: Dragonite|Normal
|move|p1a: Dragonite|Extreme Speed|p2a: Deadly Sentencing
|-damage|p2a: Deadly Sentencing|24/100 tox
|-end|p2a: Deadly Sentencing|confusion
|move|p2a: Deadly Sentencing|Facade|p1a: Dragonite
|-damage|p1a: Dragonite|27/100
|
|-heal|p2a: Deadly Sentencing|37/100 tox|[from] ability: Poison Heal
|upkeep
|turn|34
|inactive|RobustLoki has 120 seconds left.
|
|t:|1758343677
|move|p1a: Dragonite|Extreme Speed|p2a: Deadly Sentencing
|-damage|p2a: Deadly Sentencing|0 fnt
|faint|p2a: Deadly Sentencing
|
|upkeep
|
|t:|1758343681
|switch|p2a: Ryoiki Tenkai.. :|Ninetales-Alola, F|47/100 par
|-damage|p2a: Ryoiki Tenkai.. :|35/100 par|[from] Spikes
|-weather|Snowscape|[from] ability: Snow Warning|[of] p2a: Ryoiki Tenkai.. :
|turn|35
|
|t:|1758343707
|move|p1a: Dragonite|Extreme Speed|p2a: Ryoiki Tenkai.. :
|-damage|p2a: Ryoiki Tenkai.. :|0 fnt
|faint|p2a: Ryoiki Tenkai.. :
|
|-weather|Snowscape|[upkeep]
|upkeep
|
|t:|1758343718
|switch|p2a: Infinite Void|Hatterene, F|100/100
|-damage|p2a: Infinite Void|88/100|[from] Spikes
|turn|36
|
|t:|1758343731
|move|p1a: Dragonite|Extreme Speed|p2a: Infinite Void
|-damage|p2a: Infinite Void|30/100
|move|p2a: Infinite Void|Psyshock|p1a: Dragonite
|-damage|p1a: Dragonite|0 fnt
|faint|p1a: Dragonite
|
|-weather|Snowscape|[upkeep]
|-heal|p2a: Infinite Void|36/100|[from] item: Leftovers
|upkeep
|
|t:|1758343733
|switch|p1a: Iron Crown|Iron Crown|100/100
|turn|37
|c|☆famus123|gg
|c|☆RobustLoki|gg
|inactive|RobustLoki has 120 seconds left.
|
|t:|1758343746
|move|p1a: Iron Crown|Tachyon Cutter|p2a: Infinite Void
|-supereffective|p2a: Infinite Void
|-damage|p2a: Infinite Void|0 fnt
|faint|p2a: Infinite Void
|-hitcount|p2: Infinite Void|1
|
|win|famus123
|raw|famus123's rating: 1523 &rarr; <strong>1546</strong><br />(+23 for winning)
|raw|RobustLoki's rating: 1570 &rarr; <strong>1547</strong><br />(-23 for losing)
|l|☆RobustLoki
|player|p2|
|l|☆famus123
|player|p1|
