|j|☆gegio2017
|j|☆The Paldea Region
|t:|1758376376
|gametype|singles
|player|p1|gegio2017|red|1430
|player|p2|The Paldea Region|emma|1475
|gen|9
|tier|[Gen 9] OU
|rated|
|rule|HP Percentage Mod: HP is shown in percentages
|rule|Endless Battle Clause: Forcing endless battles is banned
|rule|Species Clause: Limit one of each Pokémon
|rule|OHKO Clause: OHKO moves are banned
|rule|Evasion Items Clause: Evasion items are banned
|rule|Evasion Moves Clause: Evasion moves are banned
|rule|Evasion Abilities Clause: Evasion abilities are banned
|rule|Sleep Moves Clause: Sleep-inducing moves are banned
|clearpoke
|poke|p1|Kyurem|
|poke|p1|Glimmora, F|
|poke|p1|Gholdengo|
|poke|p1|Iron Valiant|
|poke|p1|Ting-Lu|
|poke|p1|Rotom-Wash|
|poke|p2|Veluza, F|
|poke|p2|Tornadus-Therian, M|
|poke|p2|Blissey, F|
|poke|p2|Gliscor, F|
|poke|p2|Iron Valiant|
|poke|p2|Scizor, F|
|teampreview
|
|t:|1758376389
|teamsize|p1|6
|teamsize|p2|6
|start
|switch|p1a: Glimmora|Glimmora, F|100/100
|switch|p2a: Veluza|Veluza, F|100/100
|-ability|p2a: Veluza|Mold Breaker
|turn|1
|
|t:|1758376397
|move|p2a: Veluza|Final Gambit|p1a: Glimmora
|-enditem|p1a: Glimmora|Focus Sash
|-damage|p1a: Glimmora|1/100
|faint|p2a: Veluza
|move|p1a: Glimmora|Stealth Rock|p2: Veluza
|-sidestart|p2: The Paldea Region|move: Stealth Rock
|
|upkeep
|inactive|Battle timer is ON: inactive players will automatically lose when time's up. (requested by gegio2017)
|
|t:|1758376422
|switch|p2a: Tornadus|Tornadus-Therian, M|100/100
|-damage|p2a: Tornadus|76/100|[from] Stealth Rock
|turn|2
|
|t:|1758376431
|switch|p1a: Ting-Lu|Ting-Lu|100/100
|-ability|p1a: Ting-Lu|Vessel of Ruin
|move|p2a: Tornadus|Heat Wave|p1a: Ting-Lu
|-damage|p1a: Ting-Lu|88/100
|
|-heal|p1a: Ting-Lu|94/100|[from] item: Leftovers
|upkeep
|turn|3
|
|t:|1758376440
|switch|p2a: Blissey|Blissey, F|100/100
|-damage|p2a: Blissey|88/100|[from] Stealth Rock
|move|p1a: Ting-Lu|Spikes|p2a: Blissey
|-sidestart|p2: The Paldea Region|Spikes
|
|-heal|p1a: Ting-Lu|99/100|[from] item: Leftovers
|upkeep
|turn|4
|
|t:|1758376444
|move|p2a: Blissey|Copycat|p2a: Blissey
|move|p2a: Blissey|Spikes|p1a: Ting-Lu|[from] move: Copycat
|-sidestart|p1: gegio2017|Spikes
|move|p1a: Ting-Lu|Spikes|p2a: Blissey
|-sidestart|p2: The Paldea Region|Spikes
|
|-heal|p1a: Ting-Lu|100/100|[from] item: Leftovers
|upkeep
|turn|5
|
|t:|1758376456
|move|p2a: Blissey|Copycat|p2a: Blissey
|move|p2a: Blissey|Spikes|p1a: Ting-Lu|[from] move: Copycat
|-sidestart|p1: gegio2017|Spikes
|move|p1a: Ting-Lu|Earthquake|p2a: Blissey
|-damage|p2a: Blissey|14/100
|
|upkeep
|turn|6
|
|t:|1758376462
|switch|p2a: Tornadus|Tornadus-Therian, M|100/100
|-damage|p2a: Tornadus|76/100|[from] Stealth Rock
|move|p1a: Ting-Lu|Spikes|p2a: Tornadus
|-sidestart|p2: The Paldea Region|Spikes
|
|upkeep
|turn|7
|
|t:|1758376474
|move|p2a: Tornadus|Bleakwind Storm|p1a: Ting-Lu|[miss]
|-miss|p2a: Tornadus|p1a: Ting-Lu
|move|p1a: Ting-Lu|Whirlwind|p2a: Tornadus
|drag|p2a: Blissey|Blissey, F|14/100
|-damage|p2a: Blissey|2/100|[from] Stealth Rock
|-damage|p2a: Blissey|0 fnt|[from] Spikes
|faint|p2a: Blissey
|
|upkeep
|
|t:|1758376479
|switch|p2a: Gliscor|Gliscor, F|100/100
|-damage|p2a: Gliscor|88/100|[from] Stealth Rock
|turn|8
|
|t:|1758376495
|switch|p1a: Glimmora|Glimmora, F|1/100
|-damage|p1a: Glimmora|0 fnt|[from] Spikes
|faint|p1a: Glimmora
|move|p2a: Gliscor|Toxic|p1: Glimmora|[notarget]
|-fail|p2a: Gliscor
|
|-status|p2a: Gliscor|tox|[from] item: Toxic Orb
|upkeep
|
|t:|1758376499
|switch|p1a: Gholdengo|Gholdengo|100/100
|-damage|p1a: Gholdengo|84/100|[from] Spikes
|turn|9
|
|t:|1758376502
|move|p2a: Gliscor|Protect|p2a: Gliscor
|-singleturn|p2a: Gliscor|Protect
|move|p1a: Gholdengo|Shadow Ball|p2a: Gliscor
|-activate|p2a: Gliscor|move: Protect
|
|-heal|p2a: Gliscor|100/100 tox|[from] ability: Poison Heal
|upkeep
|turn|10
|
|t:|1758376509
|move|p1a: Gholdengo|Shadow Ball|p2a: Gliscor
|-damage|p2a: Gliscor|64/100 tox
|move|p2a: Gliscor|Earthquake|p1a: Gholdengo
|-supereffective|p1a: Gholdengo
|-damage|p1a: Gholdengo|9/100
|
|-heal|p2a: Gliscor|77/100 tox|[from] ability: Poison Heal
|upkeep
|turn|11
|
|t:|1758376515
|move|p1a: Gholdengo|Shadow Ball|p2a: Gliscor
|-damage|p2a: Gliscor|40/100 tox
|move|p2a: Gliscor|Toxic|p1a: Gholdengo
|-immune|p1a: Gholdengo|[from] ability: Good as Gold
|
|-heal|p2a: Gliscor|53/100 tox|[from] ability: Poison Heal
|upkeep
|turn|12
|
|t:|1758376521
|move|p2a: Gliscor|Protect|p2a: Gliscor
|-singleturn|p2a: Gliscor|Protect
|move|p1a: Gholdengo|Shadow Ball|p2a: Gliscor
|-activate|p2a: Gliscor|move: Protect
|
|-heal|p2a: Gliscor|65/100 tox|[from] ability: Poison Heal
|upkeep
|turn|13
|
|t:|1758376526
|move|p1a: Gholdengo|Shadow Ball|p2a: Gliscor
|-damage|p2a: Gliscor|29/100 tox
|move|p2a: Gliscor|Knock Off|p1a: Gholdengo
|-supereffective|p1a: Gholdengo
|-damage|p1a: Gholdengo|0 fnt
|-enditem|p1a: Gholdengo|Choice Scarf|[from] move: Knock Off|[of] p2a: Gliscor
|faint|p1a: Gholdengo
|
|-heal|p2a: Gliscor|42/100 tox|[from] ability: Poison Heal
|upkeep
|
|t:|1758376529
|switch|p1a: Kyurem|Kyurem|100/100
|-damage|p1a: Kyurem|84/100|[from] Spikes
|-ability|p1a: Kyurem|Pressure
|turn|14
|
|t:|1758376542
|switch|p2a: Scizor|Scizor, F|100/100
|-damage|p2a: Scizor|88/100|[from] Stealth Rock
|-damage|p2a: Scizor|64/100|[from] Spikes
|move|p1a: Kyurem|Icicle Spear|p2a: Scizor
|-resisted|p2a: Scizor
|-damage|p2a: Scizor|56/100
|-resisted|p2a: Scizor
|-damage|p2a: Scizor|48/100
|-resisted|p2a: Scizor
|-damage|p2a: Scizor|42/100
|-resisted|p2a: Scizor
|-damage|p2a: Scizor|34/100
|-hitcount|p2a: Scizor|4
|
|upkeep
|turn|15
|
|t:|1758376553
|-terastallize|p1a: Kyurem|Fire
|move|p1a: Kyurem|Dragon Dance|p1a: Kyurem
|-boost|p1a: Kyurem|atk|1
|-boost|p1a: Kyurem|spe|1
|move|p2a: Scizor|Close Combat|p1a: Kyurem
|-damage|p1a: Kyurem|25/100
|-unboost|p2a: Scizor|def|1
|-unboost|p2a: Scizor|spd|1
|-damage|p2a: Scizor|24/100|[from] item: Life Orb
|
|upkeep
|turn|16
|inactive|The Paldea Region has 120 seconds left.
|
|t:|1758376599
|move|p2a: Scizor|Bullet Punch|p1a: Kyurem
|-resisted|p1a: Kyurem
|-damage|p1a: Kyurem|2/100
|-damage|p2a: Scizor|14/100|[from] item: Life Orb
|move|p1a: Kyurem|Scale Shot|p2a: Scizor
|-resisted|p2a: Scizor
|-damage|p2a: Scizor|0 fnt
|faint|p2a: Scizor
|-hitcount|p2: Scizor|1
|-unboost|p1a: Kyurem|def|1
|-boost|p1a: Kyurem|spe|1
|
|upkeep
|
|t:|1758376612
|switch|p2a: Iron Valiant|Iron Valiant|100/100
|-damage|p2a: Iron Valiant|94/100|[from] Stealth Rock
|-damage|p2a: Iron Valiant|69/100|[from] Spikes
|-enditem|p2a: Iron Valiant|Booster Energy
|-activate|p2a: Iron Valiant|ability: Quark Drive|[fromitem]
|-start|p2a: Iron Valiant|quarkdrivespe
|turn|17
|
|t:|1758376619
|move|p1a: Kyurem|Tera Blast|p2a: Iron Valiant|[anim] Tera Blast Fire
|-damage|p2a: Iron Valiant|0 fnt
|faint|p2a: Iron Valiant
|-end|p2a: Iron Valiant|Quark Drive|[silent]
|
|upkeep
|-message|The Paldea Region forfeited.
|
|win|gegio2017
|raw|gegio2017's rating: 1430 &rarr; <strong>1453</strong><br />(+23 for winning)
|raw|The Paldea Region's rating: 1475 &rarr; <strong>1452</strong><br />(-23 for losing)
|l|☆gegio2017
|player|p1|
