|j|☆enrique2503
|j|☆Purplerangerrokn
|t:|1758352826
|gametype|singles
|player|p1|enrique2503|ghetsis|1186
|player|p2|Purplerangerrokn|cyrus|1206
|gen|9
|tier|[Gen 9] OU
|rated|
|rule|HP Percentage Mod: HP is shown in percentages
|rule|Endless Battle Clause: Forcing endless battles is banned
|rule|Species Clause: Limit one of each Pokémon
|rule|OHKO Clause: OHKO moves are banned
|rule|Evasion Items Clause: Evasion items are banned
|rule|Evasion Moves Clause: Evasion moves are banned
|rule|Evasion Abilities Clause: Evasion abilities are banned
|rule|Sleep Moves Clause: Sleep-inducing moves are banned
|clearpoke
|poke|p1|Ogerpon-Wellspring, F|
|poke|p1|Slowking-Galar, F|
|poke|p1|Alomomola, M|
|poke|p1|Weavile, F|
|poke|p1|Tornadus-Therian, M|
|poke|p1|Zapdos|
|poke|p2|Ceruledge, F|
|poke|p2|Garganacl, M|
|poke|p2|Scizor, F|
|poke|p2|Inteleon, F|
|poke|p2|Lilligant-Hisui, F|
|poke|p2|Iron Crown|
|teampreview
|inactive|Battle timer is ON: inactive players will automatically lose when time's up. (requested by Purplerangerrokn)
|
|t:|1758352836
|teamsize|p1|6
|teamsize|p2|6
|start
|switch|p1a: Zapdos|Zapdos|100/100
|switch|p2a: Garganacl|Garganacl, M|100/100
|turn|1
|
|t:|1758352850
|move|p1a: Zapdos|Volt Switch|p2a: Garganacl
|-damage|p2a: Garganacl|68/100
|
|t:|1758352857
|switch|p1a: Slowking|Slowking-Galar, F|100/100|[from] Volt Switch
|move|p2a: Garganacl|Salt Cure|p1a: Slowking
|-damage|p1a: Slowking|86/100
|-start|p1a: Slowking|Salt Cure
|
|-heal|p2a: Garganacl|74/100|[from] item: Leftovers
|-damage|p1a: Slowking|73/100|[from] Salt Cure
|upkeep
|turn|2
|
|t:|1758352866
|move|p2a: Garganacl|Stealth Rock|p1a: Slowking
|-sidestart|p1: enrique2503|move: Stealth Rock
|move|p1a: Slowking|Future Sight|p2a: Garganacl
|-start|p1a: Slowking|move: Future Sight
|
|-heal|p2a: Garganacl|80/100|[from] item: Leftovers
|-damage|p1a: Slowking|61/100|[from] Salt Cure
|upkeep
|turn|3
|
|t:|1758352875
|move|p2a: Garganacl|Earthquake|p1a: Slowking
|-supereffective|p1a: Slowking
|-damage|p1a: Slowking|16/100
|move|p1a: Slowking|Sludge Bomb|p2a: Garganacl
|-resisted|p2a: Garganacl
|-damage|p2a: Garganacl|64/100
|
|-heal|p2a: Garganacl|70/100|[from] item: Leftovers
|-damage|p1a: Slowking|4/100|[from] Salt Cure
|upkeep
|turn|4
|
|t:|1758352886
|switch|p1a: Alomomola|Alomomola, M|100/100
|move|p2a: Garganacl|Recover|p2a: Garganacl
|-heal|p2a: Garganacl|100/100
|
|-end|p2a: Garganacl|move: Future Sight
|-damage|p2a: Garganacl|58/100
|-heal|p2a: Garganacl|64/100|[from] item: Leftovers
|upkeep
|turn|5
|
|t:|1758352897
|switch|p2a: Inteleon|Inteleon, F|100/100
|move|p1a: Alomomola|Wish|p1a: Alomomola
|
|upkeep
|turn|6
|
|t:|1758352902
|move|p2a: Inteleon|Shadow Ball|p1a: Alomomola
|-damage|p1a: Alomomola|67/100
|move|p1a: Alomomola|Flip Turn|p2a: Inteleon
|-resisted|p2a: Inteleon
|-damage|p2a: Inteleon|86/100
|
|t:|1758352908
|switch|p1a: Slowking|Slowking-Galar, F|37/100|[from] Flip Turn
|
|-heal|p1a: Slowking|100/100|[from] move: Wish|[wisher] Alomomola
|upkeep
|turn|7
|
|t:|1758352919
|move|p2a: Inteleon|Shadow Ball|p1a: Slowking
|-supereffective|p1a: Slowking
|-damage|p1a: Slowking|68/100
|move|p1a: Slowking|Thunder Wave|p2a: Inteleon|[miss]
|-miss|p1a: Slowking|p2a: Inteleon
|
|upkeep
|turn|8
|
|t:|1758352926
|switch|p2a: Garganacl|Garganacl, M|64/100
|move|p1a: Slowking|Thunder Wave|p2a: Garganacl|[miss]
|-miss|p1a: Slowking|p2a: Garganacl
|
|-heal|p2a: Garganacl|71/100|[from] item: Leftovers
|upkeep
|turn|9
|c|☆Purplerangerrokn|Muda
|
|t:|1758352943
|move|p2a: Garganacl|Salt Cure|p1a: Slowking
|-damage|p1a: Slowking|53/100
|-start|p1a: Slowking|Salt Cure
|-prepare|p1a: Slowking|Chilly Reception|[premajor]
|move|p1a: Slowking|Chilly Reception|p1a: Slowking
|-weather|Snowscape
|
|t:|1758352950
|switch|p1a: Zapdos|Zapdos|100/100|[from] Chilly Reception
|
|-weather|Snowscape|[upkeep]
|-heal|p2a: Garganacl|77/100|[from] item: Leftovers
|upkeep
|turn|10
|
|t:|1758352960
|move|p1a: Zapdos|Hurricane|p2a: Garganacl
|-resisted|p2a: Garganacl
|-damage|p2a: Garganacl|49/100
|-start|p2a: Garganacl|confusion
|-activate|p2a: Garganacl|confusion
|move|p2a: Garganacl|Salt Cure|p1a: Zapdos
|-supereffective|p1a: Zapdos
|-damage|p1a: Zapdos|64/100
|-start|p1a: Zapdos|Salt Cure
|
|-weather|Snowscape|[upkeep]
|-heal|p2a: Garganacl|55/100|[from] item: Leftovers
|-damage|p1a: Zapdos|52/100|[from] Salt Cure
|upkeep
|turn|11
|c|☆enrique2503|lol
|c|☆Purplerangerrokn|Mudamu mudamu madamu
|inactive|Purplerangerrokn has 120 seconds left.
|
|t:|1758352992
|move|p1a: Zapdos|Volt Switch|p2a: Garganacl
|-damage|p2a: Garganacl|23/100
|c|☆enrique2503|i beat this mon
|
|t:|1758353009
|switch|p1a: Tornadus|Tornadus-Therian, M|100/100|[from] Volt Switch
|-activate|p2a: Garganacl|confusion
|move|p2a: Garganacl|Recover|p2a: Garganacl
|-heal|p2a: Garganacl|73/100
|
|-weather|Snowscape|[upkeep]
|-heal|p2a: Garganacl|79/100|[from] item: Leftovers
|upkeep
|turn|12
|inactive|Purplerangerrokn has 120 seconds left.
|
|t:|1758353053
|move|p1a: Tornadus|Knock Off|p2a: Garganacl
|-damage|p2a: Garganacl|70/100
|-enditem|p2a: Garganacl|Leftovers|[from] move: Knock Off|[of] p1a: Tornadus
|-activate|p2a: Garganacl|confusion
|move|p2a: Garganacl|Salt Cure|p1a: Tornadus
|-supereffective|p1a: Tornadus
|-damage|p1a: Tornadus|68/100
|-start|p1a: Tornadus|Salt Cure
|
|-weather|Snowscape|[upkeep]
|-damage|p1a: Tornadus|56/100|[from] Salt Cure
|upkeep
|turn|13
|
|t:|1758353067
|move|p1a: Tornadus|U-turn|p2a: Garganacl
|-damage|p2a: Garganacl|62/100
|
|t:|1758353074
|switch|p1a: Slowking|Slowking-Galar, F|87/100|[from] U-turn
|-end|p2a: Garganacl|confusion
|move|p2a: Garganacl|Earthquake|p1a: Slowking
|-supereffective|p1a: Slowking
|-damage|p1a: Slowking|35/100
|
|-weather|none
|upkeep
|turn|14
|
|t:|1758353083
|switch|p1a: Zapdos|Zapdos|52/100
|move|p2a: Garganacl|Salt Cure|p1a: Zapdos
|-supereffective|p1a: Zapdos
|-damage|p1a: Zapdos|20/100
|-start|p1a: Zapdos|Salt Cure
|
|-damage|p1a: Zapdos|8/100|[from] Salt Cure
|upkeep
|turn|15
|
|t:|1758353093
|move|p1a: Zapdos|Roost|p1a: Zapdos
|-heal|p1a: Zapdos|58/100
|-singleturn|p1a: Zapdos|move: Roost
|move|p2a: Garganacl|Recover|p2a: Garganacl
|-heal|p2a: Garganacl|100/100
|
|-damage|p1a: Zapdos|45/100|[from] Salt Cure
|upkeep
|turn|16
|
|t:|1758353103
|move|p1a: Zapdos|Roost|p1a: Zapdos
|-heal|p1a: Zapdos|96/100
|-singleturn|p1a: Zapdos|move: Roost
|move|p2a: Garganacl|Salt Cure|p1a: Zapdos
|-damage|p1a: Zapdos|79/100
|
|-damage|p1a: Zapdos|66/100|[from] Salt Cure
|upkeep
|turn|17
|inactive|Purplerangerrokn has 120 seconds left.
|
|t:|1758353115
|-terastallize|p1a: Zapdos|Fire
|move|p1a: Zapdos|Heat Wave|p2a: Garganacl
|-resisted|p2a: Garganacl
|-damage|p2a: Garganacl|79/100
|move|p2a: Garganacl|Salt Cure|p1a: Zapdos
|-supereffective|p1a: Zapdos
|-damage|p1a: Zapdos|30/100
|
|-damage|p1a: Zapdos|18/100|[from] Salt Cure
|upkeep
|turn|18
|
|t:|1758353124
|move|p1a: Zapdos|Volt Switch|p2a: Garganacl
|-damage|p2a: Garganacl|48/100
|
|t:|1758353137
|switch|p1a: Slowking|Slowking-Galar, F|68/100|[from] Volt Switch
|move|p2a: Garganacl|Salt Cure|p1a: Slowking
|-damage|p1a: Slowking|54/100
|-start|p1a: Slowking|Salt Cure
|
|-damage|p1a: Slowking|42/100|[from] Salt Cure
|upkeep
|turn|19
|c|☆Purplerangerrokn|You should try Tera water zapdos or grass
|c|☆enrique2503|i will
|inactive|Purplerangerrokn has 120 seconds left.
|
|t:|1758353165
|switch|p1a: Tornadus|Tornadus-Therian, M|89/100
|move|p2a: Garganacl|Recover|p2a: Garganacl
|-heal|p2a: Garganacl|98/100
|
|upkeep
|turn|20
|inactive|Purplerangerrokn has 120 seconds left.
|
|t:|1758353177
|move|p1a: Tornadus|Bleakwind Storm|p2a: Garganacl
|-resisted|p2a: Garganacl
|-damage|p2a: Garganacl|82/100
|move|p2a: Garganacl|Salt Cure|p1a: Tornadus
|-supereffective|p1a: Tornadus
|-damage|p1a: Tornadus|58/100
|-start|p1a: Tornadus|Salt Cure
|
|-damage|p1a: Tornadus|45/100|[from] Salt Cure
|upkeep
|turn|21
|inactive|Purplerangerrokn has 120 seconds left.
|c|☆Purplerangerrokn|It just covers its movepool pretty well
|c|☆enrique2503|hate this mon but i beat it
|
|t:|1758353203
|move|p1a: Tornadus|U-turn|p2a: Garganacl
|-damage|p2a: Garganacl|75/100
|
|t:|1758353212
|switch|p1a: Alomomola|Alomomola, M|99/100|[from] U-turn
|move|p2a: Garganacl|Salt Cure|p1a: Alomomola
|-crit|p1a: Alomomola
|-damage|p1a: Alomomola|88/100
|-start|p1a: Alomomola|Salt Cure
|
|-damage|p1a: Alomomola|63/100|[from] Salt Cure
|upkeep
|turn|22
|inactive|Purplerangerrokn has 90 seconds left.
|c|☆Purplerangerrokn|My bad man I have a few ones I just can’t stand in competitive 😭
|
|t:|1758353249
|move|p1a: Alomomola|Flip Turn|p2a: Garganacl
|-supereffective|p2a: Garganacl
|-damage|p2a: Garganacl|58/100
|
|t:|1758353265
|switch|p1a: Ogerpon|Ogerpon-Wellspring, F|100/100|[from] Flip Turn
|-damage|p1a: Ogerpon|88/100|[from] Stealth Rock
|move|p2a: Garganacl|Salt Cure|p1a: Ogerpon
|-damage|p1a: Ogerpon|70/100
|-start|p1a: Ogerpon|Salt Cure
|
|-damage|p1a: Ogerpon|45/100|[from] Salt Cure
|upkeep
|turn|23
|c|☆enrique2503|nahh im faster
|inactive|Purplerangerrokn has 90 seconds left.
|
|t:|1758353275
|switch|p2a: Inteleon|Inteleon, F|86/100
|move|p1a: Ogerpon|Ivy Cudgel|p2a: Inteleon|[anim] Ivy Cudgel Water
|-resisted|p2a: Inteleon
|-damage|p2a: Inteleon|29/100
|
|-damage|p1a: Ogerpon|20/100|[from] Salt Cure
|upkeep
|turn|24
|
|t:|1758353286
|switch|p1a: Alomomola|Alomomola, M|97/100
|move|p2a: Inteleon|Ice Beam|p1a: Alomomola
|-resisted|p1a: Alomomola
|-crit|p1a: Alomomola
|-damage|p1a: Alomomola|55/100
|
|upkeep
|turn|25
|
|t:|1758353297
|move|p2a: Inteleon|Snipe Shot|p1a: Alomomola
|-resisted|p1a: Alomomola
|-damage|p1a: Alomomola|29/100
|move|p1a: Alomomola|Wish|p1a: Alomomola
|
|upkeep
|turn|26
|
|t:|1758353304
|move|p1a: Alomomola|Protect|p1a: Alomomola
|-singleturn|p1a: Alomomola|Protect
|move|p2a: Inteleon|Ice Beam|p1a: Alomomola
|-activate|p1a: Alomomola|move: Protect
|
|-heal|p1a: Alomomola|79/100|[from] move: Wish|[wisher] Alomomola
|upkeep
|turn|27
|
|t:|1758353322
|move|p2a: Inteleon|Shadow Ball|p1a: Alomomola
|-damage|p1a: Alomomola|45/100
|move|p1a: Alomomola|Wish|p1a: Alomomola
|
|upkeep
|turn|28
|c|☆Purplerangerrokn|Yea I had to switch cuz my boi would have gotten killed
|c|☆enrique2503|ye lol
|
|t:|1758353347
|move|p2a: Inteleon|Shadow Ball|p1a: Alomomola
|-damage|p1a: Alomomola|14/100
|move|p1a: Alomomola|Flip Turn|p2a: Inteleon
|-resisted|p2a: Inteleon
|-damage|p2a: Inteleon|14/100
|c|☆enrique2503|i kinda want him to die
|
|t:|1758353360
|switch|p1a: Ogerpon|Ogerpon-Wellspring, F|20/100|[from] Flip Turn
|-damage|p1a: Ogerpon|8/100|[from] Stealth Rock
|
|-heal|p1a: Ogerpon|97/100|[from] move: Wish|[wisher] Alomomola
|upkeep
|turn|29
|c|☆Purplerangerrokn|Ogerpond is good just wish it was a little faster 😭
|
|t:|1758353372
|move|p2a: Inteleon|Ice Beam|p1a: Ogerpon
|-damage|p1a: Ogerpon|61/100
|move|p1a: Ogerpon|Swords Dance|p1a: Ogerpon
|-boost|p1a: Ogerpon|atk|2
|
|upkeep
|turn|30
|c|☆enrique2503|if it was faster it would get banned
|
|t:|1758353386
|move|p2a: Inteleon|Ice Beam|p1a: Ogerpon
|-damage|p1a: Ogerpon|24/100
|move|p1a: Ogerpon|Power Whip|p2a: Inteleon|[miss]
|-miss|p1a: Ogerpon|p2a: Inteleon
|
|upkeep
|turn|31
|c|☆Purplerangerrokn|Definitely but that’s the point 🤣 I like the lore of it so much idk why but it’s so cool
|inactive|Purplerangerrokn has 90 seconds left.
|
|t:|1758353417
|switch|p1a: Weavile|Weavile, F|100/100
|-ability|p1a: Weavile|Pressure
|move|p2a: Inteleon|Ice Beam|p1a: Weavile
|-resisted|p1a: Weavile
|-damage|p1a: Weavile|81/100
|
|upkeep
|turn|32
|
|t:|1758353424
|move|p1a: Weavile|Ice Shard|p2a: Inteleon
|-resisted|p2a: Inteleon
|-damage|p2a: Inteleon|0 fnt
|faint|p2a: Inteleon
|
|upkeep
|
|t:|1758353431
|switch|p2a: Ceruledge|Ceruledge, F|100/100
|turn|33
|c|☆enrique2503|ur playing well
|
|t:|1758353446
|-terastallize|p2a: Ceruledge|Fire
|move|p1a: Weavile|Triple Axel|p2a: Ceruledge
|-resisted|p2a: Ceruledge
|-damage|p2a: Ceruledge|94/100
|-ability|p2a: Ceruledge|Weak Armor|boost
|-unboost|p2a: Ceruledge|def|1
|-boost|p2a: Ceruledge|spe|2
|-resisted|p2a: Ceruledge
|-damage|p2a: Ceruledge|73/100
|-ability|p2a: Ceruledge|Weak Armor|boost
|-unboost|p2a: Ceruledge|def|1
|-boost|p2a: Ceruledge|spe|2
|-resisted|p2a: Ceruledge
|-damage|p2a: Ceruledge|33/100
|-ability|p2a: Ceruledge|Weak Armor|boost
|-unboost|p2a: Ceruledge|def|1
|-boost|p2a: Ceruledge|spe|2
|-hitcount|p2a: Ceruledge|3
|move|p2a: Ceruledge|Swords Dance|p2a: Ceruledge
|-boost|p2a: Ceruledge|atk|2
|
|upkeep
|turn|34
|inactive|Purplerangerrokn has 90 seconds left.
|
|t:|1758353468
|move|p1a: Weavile|Ice Shard|p2a: Ceruledge
|-resisted|p2a: Ceruledge
|-damage|p2a: Ceruledge|0 fnt
|faint|p2a: Ceruledge
|
|upkeep
|c|☆enrique2503|lol
|c|☆Purplerangerrokn|Bro your really good
|
|t:|1758353485
|switch|p2a: Scizor|Scizor, F|100/100
|turn|35
|c|☆enrique2503|i beat 90% of ceru sets w that
|
|t:|1758353502
|move|p1a: Weavile|Swords Dance|p1a: Weavile
|-boost|p1a: Weavile|atk|2
|move|p2a: Scizor|Swords Dance|p2a: Scizor
|-boost|p2a: Scizor|atk|2
|
|upkeep
|turn|36
|c|☆Purplerangerrokn|That’s a nice combo you put me on 😂🤣
|c|☆enrique2503|lol
|
|t:|1758353531
|move|p2a: Scizor|Bullet Punch|p1a: Weavile
|-supereffective|p1a: Weavile
|-damage|p1a: Weavile|0 fnt
|faint|p1a: Weavile
|-damage|p2a: Scizor|91/100|[from] item: Life Orb
|
|upkeep
|c|☆enrique2503|FUCK
|
|t:|1758353538
|switch|p1a: Alomomola|Alomomola, M|48/100
|turn|37
|c|☆Purplerangerrokn|Yes needed him gone
|
|t:|1758353556
|move|p2a: Scizor|Bug Bite|p1a: Alomomola
|-damage|p1a: Alomomola|0 fnt
|faint|p1a: Alomomola
|-damage|p2a: Scizor|81/100|[from] item: Life Orb
|
|upkeep
|c|☆enrique2503|NIbvfuidv
|
|t:|1758353566
|switch|p1a: Tornadus|Tornadus-Therian, M|78/100
|turn|38
|
|t:|1758353571
|move|p2a: Scizor|Bullet Punch|p1a: Tornadus
|-damage|p1a: Tornadus|0 fnt
|faint|p1a: Tornadus
|-damage|p2a: Scizor|71/100|[from] item: Life Orb
|
|upkeep
|c|☆enrique2503|gfuckinggs
|
|t:|1758353587
|switch|p1a: Slowking|Slowking-Galar, F|75/100
|turn|39
|inactive|Purplerangerrokn has 90 seconds left.
|c|☆Purplerangerrokn|Gg bro i think i got it
|
|t:|1758353604
|move|p2a: Scizor|Bullet Punch|p1a: Slowking
|-damage|p1a: Slowking|0 fnt
|faint|p1a: Slowking
|-damage|p2a: Scizor|61/100|[from] item: Life Orb
|
|upkeep
|c|☆enrique2503|not yet
|
|t:|1758353613
|switch|p1a: Zapdos|Zapdos, tera:Fire|18/100
|turn|40
|c|☆enrique2503|now ggs
|inactive|Purplerangerrokn has 90 seconds left.
|
|t:|1758353624
|move|p2a: Scizor|Bullet Punch|p1a: Zapdos
|-resisted|p1a: Zapdos
|-damage|p1a: Zapdos|0 fnt
|faint|p1a: Zapdos
|-damage|p2a: Scizor|51/100|[from] item: Life Orb
|
|upkeep
|-message|enrique2503 forfeited.
|
|win|Purplerangerrokn
|raw|enrique2503's rating: 1186 &rarr; <strong>1162</strong><br />(-24 for losing)
|raw|Purplerangerrokn's rating: 1206 &rarr; <strong>1230</strong><br />(+24 for winning)
|l|☆enrique2503
|player|p1|
|c|☆Purplerangerrokn|Gg bro
