|j|☆psychic boy clancy
|j|☆LordFueg
|t:|1758277819
|gametype|singles
|player|p1|psychic boy clancy|pryce|1455
|player|p2|LordFueg|170|1499
|gen|9
|tier|[Gen 9] OU
|rated|
|rule|HP Percentage Mod: HP is shown in percentages
|rule|Endless Battle Clause: Forcing endless battles is banned
|rule|Species Clause: Limit one of each Pokémon
|rule|OHKO Clause: OHKO moves are banned
|rule|Evasion Items Clause: Evasion items are banned
|rule|Evasion Moves Clause: Evasion moves are banned
|rule|Evasion Abilities Clause: Evasion abilities are banned
|rule|Sleep Moves Clause: Sleep-inducing moves are banned
|clearpoke
|poke|p1|Scizor, F|
|poke|p1|Enamorus, F|
|poke|p1|Great Tusk|
|poke|p1|Weavile, M|
|poke|p1|Heatran, M|
|poke|p1|Ogerpon-Wellspring, F|
|poke|p2|Comfey, F|
|poke|p2|Whimsicott, F|
|poke|p2|Ting-Lu|
|poke|p2|Walking Wake|
|poke|p2|Great Tusk|
|poke|p2|Ninetales, F|
|teampreview
|inactive|Battle timer is ON: inactive players will automatically lose when time's up. (requested by LordFueg)
|
|t:|1758277833
|teamsize|p1|6
|teamsize|p2|6
|start
|switch|p1a: Heatran|Heatran, M|100/100
|switch|p2a: Ninetales|Ninetales, F|100/100
|-weather|SunnyDay|[from] ability: Drought|[of] p2a: Ninetales
|turn|1
|
|t:|1758277842
|switch|p2a: Ting-Lu|Ting-Lu|100/100
|-ability|p2a: Ting-Lu|Vessel of Ruin
|move|p1a: Heatran|Magma Storm|p2a: Ting-Lu|[miss]
|-miss|p1a: Heatran|p2a: Ting-Lu
|
|-weather|SunnyDay|[upkeep]
|upkeep
|turn|2
|
|t:|1758277854
|switch|p1a: Enamorus|Enamorus, F|100/100
|move|p2a: Ting-Lu|Stealth Rock|p1a: Enamorus
|-sidestart|p1: psychic boy clancy|move: Stealth Rock
|
|-weather|SunnyDay|[upkeep]
|upkeep
|turn|3
|
|t:|1758277871
|move|p1a: Enamorus|Moonblast|p2a: Ting-Lu
|-supereffective|p2a: Ting-Lu
|-damage|p2a: Ting-Lu|55/100
|move|p2a: Ting-Lu|Whirlwind|p1a: Enamorus
|drag|p1a: Ogerpon|Ogerpon-Wellspring, F|100/100
|-damage|p1a: Ogerpon|88/100|[from] Stealth Rock
|
|-weather|SunnyDay|[upkeep]
|-heal|p2a: Ting-Lu|61/100|[from] item: Leftovers
|upkeep
|turn|4
|
|t:|1758277882
|move|p1a: Ogerpon|Trailblaze|p2a: Ting-Lu
|-supereffective|p2a: Ting-Lu
|-damage|p2a: Ting-Lu|29/100
|-boost|p1a: Ogerpon|spe|1
|move|p2a: Ting-Lu|Ruination|p1a: Ogerpon
|-damage|p1a: Ogerpon|44/100
|
|-weather|SunnyDay|[upkeep]
|-heal|p2a: Ting-Lu|35/100|[from] item: Leftovers
|upkeep
|turn|5
|
|t:|1758277899
|move|p1a: Ogerpon|Trailblaze|p2a: Ting-Lu
|-supereffective|p2a: Ting-Lu
|-damage|p2a: Ting-Lu|6/100
|-boost|p1a: Ogerpon|spe|1
|move|p2a: Ting-Lu|Whirlwind|p1a: Ogerpon
|drag|p1a: Enamorus|Enamorus, F|100/100
|-damage|p1a: Enamorus|76/100|[from] Stealth Rock
|
|-weather|SunnyDay|[upkeep]
|-heal|p2a: Ting-Lu|12/100|[from] item: Leftovers
|upkeep
|turn|6
|
|t:|1758277914
|move|p1a: Enamorus|Moonblast|p2a: Ting-Lu
|-supereffective|p2a: Ting-Lu
|-damage|p2a: Ting-Lu|0 fnt
|faint|p2a: Ting-Lu
|
|-weather|SunnyDay|[upkeep]
|upkeep
|inactive|LordFueg has 120 seconds left.
|inactive|LordFueg has 90 seconds left.
|c|☆psychic boy clancy|Are you gonna go or what
|inactive|LordFueg has 60 seconds left.
|
|t:|1758278005
|switch|p2a: Whimsicott|Whimsicott, F|100/100
|turn|7
|inactive|LordFueg has 60 seconds left.
|
|t:|1758278016
|move|p2a: Whimsicott|Moonblast|p1a: Enamorus
|-damage|p1a: Enamorus|0 fnt
|faint|p1a: Enamorus
|-damage|p2a: Whimsicott|91/100|[from] item: Life Orb
|
|-weather|SunnyDay|[upkeep]
|upkeep
|
|t:|1758278028
|switch|p1a: Heatran|Heatran, M|100/100
|-damage|p1a: Heatran|88/100|[from] Stealth Rock
|turn|8
|inactive|LordFueg has 60 seconds left.
|
|t:|1758278048
|switch|p2a: Walking Wake|Walking Wake|100/100
|-activate|p2a: Walking Wake|ability: Protosynthesis
|-start|p2a: Walking Wake|protosynthesisspe
|move|p1a: Heatran|Stealth Rock|p2a: Walking Wake
|-sidestart|p2: LordFueg|move: Stealth Rock
|
|-weather|none
|-end|p2a: Walking Wake|Protosynthesis
|-heal|p1a: Heatran|94/100|[from] item: Leftovers
|upkeep
|turn|9
|inactive|LordFueg has 60 seconds left.
|
|t:|1758278059
|switch|p1a: Ogerpon|Ogerpon-Wellspring, F|44/100
|-damage|p1a: Ogerpon|32/100|[from] Stealth Rock
|move|p2a: Walking Wake|Knock Off|p1a: Ogerpon
|-damage|p1a: Ogerpon|18/100
|
|upkeep
|turn|10
|inactive|LordFueg has 60 seconds left.
|
|t:|1758278071
|move|p1a: Ogerpon|Synthesis|p1a: Ogerpon
|-heal|p1a: Ogerpon|68/100
|move|p2a: Walking Wake|Draco Meteor|p1a: Ogerpon
|-damage|p1a: Ogerpon|9/100
|-unboost|p2a: Walking Wake|spa|2
|
|upkeep
|turn|11
|
|t:|1758278079
|-end|p2a: Walking Wake|Protosynthesis|[silent]
|switch|p2a: Ninetales|Ninetales, F|100/100
|-damage|p2a: Ninetales|76/100|[from] Stealth Rock
|-weather|SunnyDay|[from] ability: Drought|[of] p2a: Ninetales
|move|p1a: Ogerpon|Synthesis|p1a: Ogerpon
|-heal|p1a: Ogerpon|76/100
|
|-weather|SunnyDay|[upkeep]
|upkeep
|turn|12
|
|t:|1758278091
|move|p1a: Ogerpon|Ivy Cudgel|p2a: Ninetales|[anim] Ivy Cudgel Water
|-supereffective|p2a: Ninetales
|-damage|p2a: Ninetales|12/100
|move|p2a: Ninetales|Will-O-Wisp|p1a: Ogerpon
|-status|p1a: Ogerpon|brn
|
|-weather|SunnyDay|[upkeep]
|-damage|p1a: Ogerpon|70/100 brn|[from] brn
|upkeep
|turn|13
|
|t:|1758278104
|switch|p2a: Great Tusk|Great Tusk|100/100
|-damage|p2a: Great Tusk|98/100|[from] Stealth Rock
|-activate|p2a: Great Tusk|ability: Protosynthesis
|-start|p2a: Great Tusk|protosynthesisatk
|move|p1a: Ogerpon|Play Rough|p2a: Great Tusk
|-supereffective|p2a: Great Tusk
|-damage|p2a: Great Tusk|77/100
|-damage|p1a: Ogerpon|53/100 brn|[from] item: Rocky Helmet|[of] p2a: Great Tusk
|
|-weather|SunnyDay|[upkeep]
|-damage|p1a: Ogerpon|47/100 brn|[from] brn
|upkeep
|turn|14
|
|t:|1758278118
|move|p1a: Ogerpon|Ivy Cudgel|p2a: Great Tusk|[anim] Ivy Cudgel Water
|-supereffective|p2a: Great Tusk
|-damage|p2a: Great Tusk|61/100
|move|p2a: Great Tusk|Rapid Spin|p1a: Ogerpon
|-damage|p1a: Ogerpon|14/100 brn
|-boost|p2a: Great Tusk|spe|1
|-sideend|p2: LordFueg|Stealth Rock|[from] move: Rapid Spin|[of] p2a: Great Tusk
|
|-weather|SunnyDay|[upkeep]
|-damage|p1a: Ogerpon|8/100 brn|[from] brn
|upkeep
|turn|15
|
|t:|1758278129
|move|p1a: Ogerpon|Ivy Cudgel|p2a: Great Tusk|[anim] Ivy Cudgel Water
|-supereffective|p2a: Great Tusk
|-damage|p2a: Great Tusk|44/100
|move|p2a: Great Tusk|Rapid Spin|p1a: Ogerpon
|-damage|p1a: Ogerpon|0 fnt
|-boost|p2a: Great Tusk|spe|1
|faint|p1a: Ogerpon
|
|-weather|SunnyDay|[upkeep]
|upkeep
|
|t:|1758278142
|switch|p1a: Great Tusk|Great Tusk|100/100
|-damage|p1a: Great Tusk|97/100|[from] Stealth Rock
|-activate|p1a: Great Tusk|ability: Protosynthesis
|-start|p1a: Great Tusk|protosynthesisatk
|turn|16
|inactive|LordFueg has 90 seconds left.
|
|t:|1758278154
|move|p2a: Great Tusk|Ice Spinner|p1a: Great Tusk
|-supereffective|p1a: Great Tusk
|-damage|p1a: Great Tusk|41/100
|move|p1a: Great Tusk|Rapid Spin|p2a: Great Tusk
|-damage|p2a: Great Tusk|30/100
|-boost|p1a: Great Tusk|spe|1
|-damage|p1a: Great Tusk|25/100|[from] item: Rocky Helmet|[of] p2a: Great Tusk
|-sideend|p1: psychic boy clancy|Stealth Rock|[from] move: Rapid Spin|[of] p1a: Great Tusk
|
|-weather|SunnyDay|[upkeep]
|upkeep
|turn|17
|inactive|LordFueg has 90 seconds left.
|
|t:|1758278166
|move|p1a: Great Tusk|Earthquake|p2a: Great Tusk
|-damage|p2a: Great Tusk|0 fnt
|faint|p2a: Great Tusk
|-end|p2a: Great Tusk|Protosynthesis|[silent]
|
|-weather|SunnyDay|[upkeep]
|upkeep
|inactive|LordFueg has 90 seconds left.
|
|t:|1758278183
|switch|p2a: Walking Wake|Walking Wake|100/100
|-activate|p2a: Walking Wake|ability: Protosynthesis
|-start|p2a: Walking Wake|protosynthesisspe
|turn|18
|
|t:|1758278192
|move|p2a: Walking Wake|Hydro Steam|p1a: Great Tusk
|-supereffective|p1a: Great Tusk
|-damage|p1a: Great Tusk|0 fnt
|faint|p1a: Great Tusk
|-end|p1a: Great Tusk|Protosynthesis|[silent]
|
|-weather|none
|-end|p2a: Walking Wake|Protosynthesis
|upkeep
|
|t:|1758278201
|switch|p1a: Scizor|Scizor, F|100/100
|turn|19
|inactive|LordFueg has 90 seconds left.
|
|t:|1758278224
|move|p2a: Walking Wake|Flip Turn|p1a: Scizor
|-damage|p1a: Scizor|84/100
|
|t:|1758278232
|-end|p2a: Walking Wake|Protosynthesis|[silent]
|switch|p2a: Ninetales|Ninetales, F|12/100|[from] Flip Turn
|-weather|SunnyDay|[from] ability: Drought|[of] p2a: Ninetales
|move|p1a: Scizor|U-turn|p2a: Ninetales
|-resisted|p2a: Ninetales
|-damage|p2a: Ninetales|0 fnt
|faint|p2a: Ninetales
|
|t:|1758278241
|switch|p1a: Heatran|Heatran, M|94/100|[from] U-turn
|
|-weather|SunnyDay|[upkeep]
|-heal|p1a: Heatran|100/100|[from] item: Leftovers
|upkeep
|inactive|LordFueg has 90 seconds left.
|
|t:|1758278267
|switch|p2a: Walking Wake|Walking Wake|100/100
|-activate|p2a: Walking Wake|ability: Protosynthesis
|-start|p2a: Walking Wake|protosynthesisspe
|turn|20
|
|t:|1758278274
|-terastallize|p1a: Heatran|Grass
|move|p2a: Walking Wake|Knock Off|p1a: Heatran
|-damage|p1a: Heatran|87/100
|-status|p2a: Walking Wake|brn|[from] ability: Flame Body|[of] p1a: Heatran
|-enditem|p1a: Heatran|Leftovers|[from] move: Knock Off|[of] p2a: Walking Wake
|move|p1a: Heatran|Earth Power|p2a: Walking Wake
|-damage|p2a: Walking Wake|82/100 brn
|
|-weather|SunnyDay|[upkeep]
|-damage|p2a: Walking Wake|76/100 brn|[from] brn
|upkeep
|turn|21
|inactive|LordFueg has 60 seconds left.
|
|t:|1758278300
|move|p2a: Walking Wake|Draco Meteor|p1a: Heatran
|-damage|p1a: Heatran|48/100
|-unboost|p2a: Walking Wake|spa|2
|move|p1a: Heatran|Magma Storm|p2a: Walking Wake|[miss]
|-miss|p1a: Heatran|p2a: Walking Wake
|
|-weather|SunnyDay|[upkeep]
|-damage|p2a: Walking Wake|70/100 brn|[from] brn
|upkeep
|turn|22
|
|t:|1758278311
|move|p2a: Walking Wake|Draco Meteor|p1a: Heatran
|-damage|p1a: Heatran|28/100
|-unboost|p2a: Walking Wake|spa|2
|move|p1a: Heatran|Earth Power|p2a: Walking Wake
|-damage|p2a: Walking Wake|52/100 brn
|-unboost|p2a: Walking Wake|spd|1
|
|-weather|SunnyDay|[upkeep]
|-damage|p2a: Walking Wake|46/100 brn|[from] brn
|upkeep
|turn|23
|
|t:|1758278323
|move|p2a: Walking Wake|Flip Turn|p1a: Heatran
|-resisted|p1a: Heatran
|-damage|p1a: Heatran|27/100
|
|t:|1758278327
|-end|p2a: Walking Wake|Protosynthesis|[silent]
|switch|p2a: Whimsicott|Whimsicott, F|91/100|[from] Flip Turn
|move|p1a: Heatran|Magma Storm|p2a: Whimsicott
|-supereffective|p2a: Whimsicott
|-damage|p2a: Whimsicott|0 fnt
|faint|p2a: Whimsicott
|
|-weather|SunnyDay|[upkeep]
|upkeep
|inactive|LordFueg has 60 seconds left.
|
|t:|1758278353
|switch|p2a: Walking Wake|Walking Wake|46/100 brn
|-activate|p2a: Walking Wake|ability: Protosynthesis
|-start|p2a: Walking Wake|protosynthesisspe
|turn|24
|
|t:|1758278358
|move|p2a: Walking Wake|Draco Meteor|p1a: Heatran
|-damage|p1a: Heatran|0 fnt
|-unboost|p2a: Walking Wake|spa|2
|faint|p1a: Heatran
|
|-weather|SunnyDay|[upkeep]
|-damage|p2a: Walking Wake|40/100 brn|[from] brn
|upkeep
|
|t:|1758278367
|switch|p1a: Weavile|Weavile, M|100/100
|-ability|p1a: Weavile|Pressure
|turn|25
|
|t:|1758278380
|move|p2a: Walking Wake|Hydro Steam|p1a: Weavile
|-damage|p1a: Weavile|61/100
|move|p1a: Weavile|Triple Axel|p2a: Walking Wake
|-damage|p2a: Walking Wake|27/100 brn
|-damage|p2a: Walking Wake|2/100 brn
|-damage|p2a: Walking Wake|0 fnt
|faint|p2a: Walking Wake
|-end|p2a: Walking Wake|Protosynthesis|[silent]
|-hitcount|p2: Walking Wake|3
|-damage|p1a: Weavile|51/100|[from] item: Life Orb
|
|-weather|SunnyDay|[upkeep]
|upkeep
|
|t:|1758278386
|switch|p2a: Comfey|Comfey, F|100/100
|turn|26
|
|t:|1758278397
|-terastallize|p2a: Comfey|Water
|move|p1a: Weavile|Triple Axel|p2a: Comfey|[miss]
|-miss|p1a: Weavile|p2a: Comfey
|move|p2a: Comfey|Growth|p2a: Comfey
|-boost|p2a: Comfey|atk|2
|-boost|p2a: Comfey|spa|2
|
|-weather|none
|upkeep
|turn|27
|
|t:|1758278414
|move|p2a: Comfey|Draining Kiss|p1a: Weavile
|-supereffective|p1a: Weavile
|-damage|p1a: Weavile|0 fnt
|faint|p1a: Weavile
|-damage|p2a: Comfey|91/100|[from] item: Life Orb
|
|upkeep
|
|t:|1758278420
|switch|p1a: Scizor|Scizor, F|84/100
|turn|28
|
|t:|1758278424
|move|p2a: Comfey|Stored Power|p1a: Scizor
|-resisted|p1a: Scizor
|-damage|p1a: Scizor|39/100
|-damage|p2a: Comfey|81/100|[from] item: Life Orb
|move|p1a: Scizor|Knock Off|p2a: Comfey
|-damage|p2a: Comfey|33/100
|-enditem|p2a: Comfey|Life Orb|[from] move: Knock Off|[of] p1a: Scizor
|
|-heal|p1a: Scizor|45/100|[from] item: Leftovers
|upkeep
|turn|29
|inactive|LordFueg has 90 seconds left.
|
|t:|1758278437
|move|p2a: Comfey|Stored Power|p1a: Scizor
|-resisted|p1a: Scizor
|-damage|p1a: Scizor|10/100
|move|p1a: Scizor|U-turn|p2a: Comfey
|-crit|p2a: Comfey
|-damage|p2a: Comfey|0 fnt
|faint|p2a: Comfey
|
|win|psychic boy clancy
|raw|psychic boy clancy's rating: 1455 &rarr; <strong>1478</strong><br />(+23 for winning)
|raw|LordFueg's rating: 1499 &rarr; <strong>1476</strong><br />(-23 for losing)
|l|☆psychic boy clancy
|player|p1|
|l|☆LordFueg
|player|p2|
