|j|☆LovingsArtfulPupil
|j|☆Martoelpro
|t:|1758290082
|gametype|singles
|player|p1|LovingsArtfulPupil|102|1116
|player|p2|Martoelpro|2|1131
|gen|9
|tier|[Gen 9] OU
|rated|
|rule|HP Percentage Mod: HP is shown in percentages
|rule|Endless Battle Clause: Forcing endless battles is banned
|rule|Species Clause: Limit one of each Pokémon
|rule|OHKO Clause: OHKO moves are banned
|rule|Evasion Items Clause: Evasion items are banned
|rule|Evasion Moves Clause: Evasion moves are banned
|rule|Evasion Abilities Clause: Evasion abilities are banned
|rule|Sleep Moves Clause: Sleep-inducing moves are banned
|clearpoke
|poke|p1|Alomomola, M|
|poke|p1|Hoopa-Unbound|
|poke|p1|Cinderace, F|
|poke|p1|Dragapult, F|
|poke|p1|Great Tusk|
|poke|p1|Iron Valiant|
|poke|p2|Meowscarada, M|
|poke|p2|Gengar, M|
|poke|p2|Sandy Shocks|
|poke|p2|Corviknight, M|
|poke|p2|Umbreon, M|
|poke|p2|Tauros-Paldea-Aqua, M|
|teampreview
|inactive|Battle timer is ON: inactive players will automatically lose when time's up. (requested by LovingsArtfulPupil)
|
|t:|1758290093
|teamsize|p1|6
|teamsize|p2|6
|start
|switch|p1a: Cinderace|Cinderace, F|100/100
|switch|p2a: Meowscarada|Meowscarada, M, shiny|100/100
|turn|1
|
|t:|1758290104
|move|p2a: Meowscarada|U-turn|p1a: Cinderace
|-start|p2a: Meowscarada|typechange|Bug|[from] ability: Protean
|-resisted|p1a: Cinderace
|-damage|p1a: Cinderace|76/100
|
|t:|1758290111
|switch|p2a: Tauros|Tauros-Paldea-Aqua, M, shiny|100/100|[from] U-turn
|-ability|p2a: Tauros|Intimidate|boost
|-unboost|p1a: Cinderace|atk|1
|move|p1a: Cinderace|Pyro Ball|p2a: Tauros
|-resisted|p2a: Tauros
|-damage|p2a: Tauros|80/100
|
|upkeep
|turn|2
|
|t:|1758290126
|move|p1a: Cinderace|U-turn|p2a: Tauros
|-start|p1a: Cinderace|typechange|Bug|[from] ability: Libero
|-resisted|p2a: Tauros
|-damage|p2a: Tauros|68/100
|
|t:|1758290131
|switch|p1a: Alomomola|Alomomola, M|100/100|[from] U-turn
|move|p2a: Tauros|Wave Crash|p1a: Alomomola
|-resisted|p1a: Alomomola
|-crit|p1a: Alomomola
|-damage|p1a: Alomomola|76/100
|-damage|p2a: Tauros|52/100|[from] item: Rocky Helmet|[of] p1a: Alomomola
|-damage|p2a: Tauros|37/100|[from] Recoil
|
|upkeep
|turn|3
|
|t:|1758290143
|switch|p2a: Meowscarada|Meowscarada, M, shiny|100/100
|move|p1a: Alomomola|Wish|p1a: Alomomola
|
|upkeep
|turn|4
|
|t:|1758290153
|switch|p1a: Cinderace|Cinderace, F|76/100
|move|p2a: Meowscarada|Flower Trick|p1a: Cinderace
|-start|p2a: Meowscarada|typechange|Grass|[from] ability: Protean
|-resisted|p1a: Cinderace
|-crit|p1a: Cinderace
|-damage|p1a: Cinderace|40/100
|
|-heal|p1a: Cinderace|100/100|[from] move: Wish|[wisher] Alomomola
|upkeep
|turn|5
|
|t:|1758290166
|switch|p2a: Tauros|Tauros-Paldea-Aqua, M, shiny|37/100
|-ability|p2a: Tauros|Intimidate|boost
|-unboost|p1a: Cinderace|atk|1
|move|p1a: Cinderace|Pyro Ball|p2a: Tauros
|-resisted|p2a: Tauros
|-damage|p2a: Tauros|16/100
|
|upkeep
|turn|6
|
|t:|1758290174
|move|p2a: Tauros|Aqua Jet|p1a: Cinderace
|-supereffective|p1a: Cinderace
|-damage|p1a: Cinderace|37/100
|move|p1a: Cinderace|Pyro Ball|p2a: Tauros
|-resisted|p2a: Tauros
|-damage|p2a: Tauros|0 fnt
|faint|p2a: Tauros
|
|upkeep
|
|t:|1758290183
|switch|p2a: Sandy Shocks|Sandy Shocks, shiny|100/100
|-enditem|p2a: Sandy Shocks|Booster Energy
|-activate|p2a: Sandy Shocks|ability: Protosynthesis|[fromitem]
|-start|p2a: Sandy Shocks|protosynthesisspa
|turn|7
|
|t:|1758290191
|move|p1a: Cinderace|U-turn|p2a: Sandy Shocks
|-start|p1a: Cinderace|typechange|Bug|[from] ability: Libero
|-damage|p2a: Sandy Shocks|75/100
|
|t:|1758290195
|switch|p1a: Hoopa|Hoopa-Unbound|100/100|[from] U-turn
|move|p2a: Sandy Shocks|Earth Power|p1a: Hoopa
|-damage|p1a: Hoopa|69/100
|-unboost|p1a: Hoopa|spd|1
|
|upkeep
|turn|8
|
|t:|1758290205
|move|p2a: Sandy Shocks|Thunderbolt|p1a: Hoopa
|-damage|p1a: Hoopa|24/100
|move|p1a: Hoopa|Drain Punch|p2a: Sandy Shocks
|-damage|p2a: Sandy Shocks|46/100
|-heal|p1a: Hoopa|37/100|[from] drain|[of] p2a: Sandy Shocks
|
|upkeep
|turn|9
|
|t:|1758290224
|move|p2a: Sandy Shocks|Thunderbolt|p1a: Hoopa
|-damage|p1a: Hoopa|0 fnt
|faint|p1a: Hoopa
|
|upkeep
|
|t:|1758290233
|switch|p1a: Cinderace|Cinderace, F|37/100
|turn|10
|
|t:|1758290241
|-end|p2a: Sandy Shocks|Protosynthesis|[silent]
|switch|p2a: Umbreon|Umbreon, M, shiny|100/100
|move|p1a: Cinderace|Pyro Ball|p2a: Umbreon
|-damage|p2a: Umbreon|58/100
|
|-heal|p2a: Umbreon|64/100|[from] item: Leftovers
|upkeep
|turn|11
|
|t:|1758290249
|move|p1a: Cinderace|U-turn|p2a: Umbreon
|-start|p1a: Cinderace|typechange|Bug|[from] ability: Libero
|-supereffective|p2a: Umbreon
|-damage|p2a: Umbreon|14/100
|
|t:|1758290256
|switch|p1a: Great Tusk|Great Tusk|100/100|[from] U-turn
|move|p2a: Umbreon|Toxic|p1a: Great Tusk
|-status|p1a: Great Tusk|tox
|
|-heal|p2a: Umbreon|20/100|[from] item: Leftovers
|-damage|p1a: Great Tusk|94/100 tox|[from] psn
|upkeep
|turn|12
|
|t:|1758290267
|switch|p2a: Corviknight|Corviknight, M, shiny|100/100
|-ability|p2a: Corviknight|Pressure
|move|p1a: Great Tusk|Stealth Rock|p2a: Corviknight
|-sidestart|p2: Martoelpro|move: Stealth Rock
|
|-damage|p1a: Great Tusk|82/100 tox|[from] psn
|upkeep
|turn|13
|
|t:|1758290277
|-end|p1a: Great Tusk|Protosynthesis|[silent]
|switch|p1a: Alomomola|Alomomola, M|100/100
|move|p2a: Corviknight|Defog|p1a: Alomomola
|-unboost|p1a: Alomomola|evasion|1
|-sideend|p2: Martoelpro|Stealth Rock|[from] move: Defog|[of] p2a: Corviknight
|
|upkeep
|turn|14
|
|t:|1758290285
|move|p2a: Corviknight|U-turn|p1a: Alomomola
|-damage|p1a: Alomomola|92/100
|-damage|p2a: Corviknight|84/100|[from] item: Rocky Helmet|[of] p1a: Alomomola
|
|t:|1758290289
|switch|p2a: Sandy Shocks|Sandy Shocks, shiny|46/100|[from] U-turn
|move|p1a: Alomomola|Wish|p1a: Alomomola
|
|upkeep
|turn|15
|
|t:|1758290299
|move|p2a: Sandy Shocks|Charge|p2a: Sandy Shocks
|-boost|p2a: Sandy Shocks|spd|1
|-start|p2a: Sandy Shocks|Charge
|move|p1a: Alomomola|Flip Turn|p2a: Sandy Shocks
|-supereffective|p2a: Sandy Shocks
|-crit|p2a: Sandy Shocks
|-damage|p2a: Sandy Shocks|0 fnt
|faint|p2a: Sandy Shocks
|-end|p2a: Sandy Shocks|Protosynthesis|[silent]
|
|t:|1758290308
|switch|p1a: Cinderace|Cinderace, F|37/100|[from] Flip Turn
|
|-heal|p1a: Cinderace|100/100|[from] move: Wish|[wisher] Alomomola
|upkeep
|
|t:|1758290315
|switch|p2a: Gengar|Gengar, M|100/100
|turn|16
|
|t:|1758290322
|-terastallize|p2a: Gengar|Stellar
|move|p1a: Cinderace|U-turn|p2a: Gengar
|-start|p1a: Cinderace|typechange|Bug|[from] ability: Libero
|-resisted|p2a: Gengar
|-damage|p2a: Gengar|85/100
|
|t:|1758290336
|switch|p1a: Great Tusk|Great Tusk|82/100 tox|[from] U-turn
|move|p2a: Gengar|Sludge Bomb|p1a: Great Tusk
|-resisted|p1a: Great Tusk
|-damage|p1a: Great Tusk|41/100 tox
|
|-heal|p2a: Gengar|91/100|[from] item: Black Sludge
|-damage|p1a: Great Tusk|34/100 tox|[from] psn
|upkeep
|turn|17
|
|t:|1758290348
|move|p2a: Gengar|Hex|p1a: Great Tusk
|-damage|p1a: Great Tusk|0 fnt
|faint|p1a: Great Tusk
|-end|p1a: Great Tusk|Protosynthesis|[silent]
|
|-heal|p2a: Gengar|97/100|[from] item: Black Sludge
|upkeep
|
|t:|1758290357
|switch|p1a: Dragapult|Dragapult, F|100/100
|turn|18
|
|t:|1758290365
|switch|p2a: Meowscarada|Meowscarada, M, shiny|100/100
|move|p1a: Dragapult|Dragon Darts|p2a: Meowscarada
|-damage|p2a: Meowscarada|39/100
|-anim|p1a: Dragapult|Dragon Darts|p2a: Meowscarada
|-damage|p2a: Meowscarada|0 fnt
|faint|p2a: Meowscarada
|
|upkeep
|
|t:|1758290372
|switch|p2a: Corviknight|Corviknight, M, shiny|84/100
|-ability|p2a: Corviknight|Pressure
|turn|19
|
|t:|1758290381
|-terastallize|p1a: Dragapult|Dragon
|move|p1a: Dragapult|Dragon Darts|p2a: Corviknight
|-resisted|p2a: Corviknight
|-damage|p2a: Corviknight|69/100
|-anim|p1a: Dragapult|Dragon Darts|p2a: Corviknight
|-resisted|p2a: Corviknight
|-damage|p2a: Corviknight|54/100
|move|p2a: Corviknight|Brave Bird|p1a: Dragapult
|-damage|p1a: Dragapult|43/100
|-damage|p2a: Corviknight|39/100|[from] Recoil
|
|upkeep
|turn|20
|
|t:|1758290396
|switch|p1a: Alomomola|Alomomola, M|100/100
|move|p2a: Corviknight|Brave Bird|p1a: Alomomola
|-damage|p1a: Alomomola|82/100
|-damage|p2a: Corviknight|23/100|[from] item: Rocky Helmet|[of] p1a: Alomomola
|-damage|p2a: Corviknight|15/100|[from] Recoil
|
|upkeep
|turn|21
|
|t:|1758290405
|move|p2a: Corviknight|Roost|p2a: Corviknight
|-heal|p2a: Corviknight|65/100
|-singleturn|p2a: Corviknight|move: Roost
|move|p1a: Alomomola|Wish|p1a: Alomomola
|
|upkeep
|turn|22
|
|t:|1758290413
|move|p2a: Corviknight|Brave Bird|p1a: Alomomola
|-damage|p1a: Alomomola|63/100
|-damage|p2a: Corviknight|48/100|[from] item: Rocky Helmet|[of] p1a: Alomomola
|-damage|p2a: Corviknight|40/100|[from] Recoil
|move|p1a: Alomomola|Flip Turn|p2a: Corviknight
|-damage|p2a: Corviknight|31/100
|-damage|p1a: Alomomola|46/100|[from] item: Rocky Helmet|[of] p2a: Corviknight
|
|t:|1758290426
|switch|p1a: Dragapult|Dragapult, F, tera:Dragon|43/100|[from] Flip Turn
|
|-heal|p1a: Dragapult|100/100|[from] move: Wish|[wisher] Alomomola
|upkeep
|turn|23
|
|t:|1758290440
|move|p1a: Dragapult|U-turn|p2a: Corviknight
|-resisted|p2a: Corviknight
|-damage|p2a: Corviknight|26/100
|-damage|p1a: Dragapult|84/100|[from] item: Rocky Helmet|[of] p2a: Corviknight
|
|t:|1758290445
|switch|p1a: Iron Valiant|Iron Valiant|100/100|[from] U-turn
|move|p2a: Corviknight|Roost|p2a: Corviknight
|-heal|p2a: Corviknight|76/100
|-singleturn|p2a: Corviknight|move: Roost
|
|upkeep
|turn|24
|
|t:|1758290456
|move|p1a: Iron Valiant|Trick|p2a: Corviknight
|-activate|p1a: Iron Valiant|move: Trick|[of] p2a: Corviknight
|-item|p2a: Corviknight|Choice Specs|[from] move: Trick
|-item|p1a: Iron Valiant|Rocky Helmet|[from] move: Trick
|move|p2a: Corviknight|Brave Bird|p1a: Iron Valiant
|-supereffective|p1a: Iron Valiant
|-damage|p1a: Iron Valiant|6/100
|-damage|p2a: Corviknight|59/100|[from] item: Rocky Helmet|[of] p1a: Iron Valiant
|-damage|p2a: Corviknight|37/100|[from] Recoil
|
|upkeep
|turn|25
|
|t:|1758290473
|switch|p2a: Gengar|Gengar, M, tera:Stellar|97/100
|move|p1a: Iron Valiant|Thunderbolt|p2a: Gengar
|-damage|p2a: Gengar|52/100
|-status|p2a: Gengar|par
|
|-heal|p2a: Gengar|58/100 par|[from] item: Black Sludge
|upkeep
|turn|26
|
|t:|1758290483
|move|p1a: Iron Valiant|Shadow Ball|p2a: Gengar
|-supereffective|p2a: Gengar
|-damage|p2a: Gengar|0 fnt
|faint|p2a: Gengar
|
|upkeep
|-message|Martoelpro forfeited.
|
|win|LovingsArtfulPupil
|raw|LovingsArtfulPupil's rating: 1116 &rarr; <strong>1142</strong><br />(+26 for winning)
|raw|Martoelpro's rating: 1131 &rarr; <strong>1105</strong><br />(-26 for losing)
|l|☆Martoelpro
|player|p2|
|l|☆LovingsArtfulPupil
|player|p1|
