|j|☆tmrrxw
|j|☆TheGrustler
|t:|1758343773
|gametype|singles
|player|p1|tmrrxw|biker-gen4|1452
|player|p2|TheGrustler|265|1516
|gen|9
|tier|[Gen 9] OU
|rated|
|rule|HP Percentage Mod: HP is shown in percentages
|rule|Endless Battle Clause: Forcing endless battles is banned
|rule|Species Clause: Limit one of each Pokémon
|rule|OHKO Clause: OHKO moves are banned
|rule|Evasion Items Clause: Evasion items are banned
|rule|Evasion Moves Clause: Evasion moves are banned
|rule|Evasion Abilities Clause: Evasion abilities are banned
|rule|Sleep Moves Clause: Sleep-inducing moves are banned
|clearpoke
|poke|p1|Reuniclus, F|
|poke|p1|Darkrai|
|poke|p1|Samurott-Hisui, F|
|poke|p1|Primarina, F|
|poke|p1|Gholdengo|
|poke|p1|Landorus-Therian, M|
|poke|p2|Porygon-Z|
|poke|p2|Zamazenta-*|
|poke|p2|Pecharunt|
|poke|p2|Iron Treads|
|poke|p2|Alomomola, M|
|poke|p2|Rillaboom, M|
|teampreview
|inactive|Battle timer is ON: inactive players will automatically lose when time's up. (requested by tmrrxw)
|
|t:|1758343811
|teamsize|p1|6
|teamsize|p2|6
|start
|switch|p1a: Samurott|Samurott-Hisui, F|100/100
|switch|p2a: Rillaboom|Rillaboom, M|100/100
|-fieldstart|move: Grassy Terrain|[from] ability: Grassy Surge|[of] p2a: Rillaboom
|turn|1
|inactive|tmrrxw has 120 seconds left.
|
|t:|1758343854
|move|p1a: Samurott|Ceaseless Edge|p2a: Rillaboom
|-damage|p2a: Rillaboom|50/100
|-sidestart|p2: TheGrustler|Spikes
|move|p2a: Rillaboom|U-turn|p1a: Samurott
|-supereffective|p1a: Samurott
|-enditem|p1a: Samurott|Focus Sash
|-damage|p1a: Samurott|1/100
|
|t:|1758343868
|switch|p2a: Porygon-Z|Porygon-Z|100/100|[from] U-turn
|-damage|p2a: Porygon-Z|88/100|[from] Spikes
|-ability|p2a: Porygon-Z|Download|boost
|-boost|p2a: Porygon-Z|spa|1
|
|-heal|p2a: Porygon-Z|94/100|[from] Grassy Terrain
|-heal|p1a: Samurott|7/100|[from] Grassy Terrain
|upkeep
|turn|2
|inactive|tmrrxw has 120 seconds left.
|
|t:|1758343888
|move|p1a: Samurott|Sucker Punch|p2a: Porygon-Z
|-damage|p2a: Porygon-Z|48/100
|move|p2a: Porygon-Z|Tri Attack|p1a: Samurott
|-damage|p1a: Samurott|0 fnt
|faint|p1a: Samurott
|
|-heal|p2a: Porygon-Z|54/100|[from] Grassy Terrain
|upkeep
|inactive|tmrrxw has 90 seconds left.
|
|t:|1758343918
|switch|p1a: Gholdengo|Gholdengo|100/100
|-item|p1a: Gholdengo|Air Balloon
|turn|3
|
|t:|1758343921
|switch|p2a: Iron Treads|Iron Treads|100/100
|-damage|p2a: Iron Treads|88/100|[from] Spikes
|switch|p1a: Darkrai|Darkrai|100/100
|
|-heal|p2a: Iron Treads|94/100|[from] Grassy Terrain
|-heal|p2a: Iron Treads|99/100|[from] item: Leftovers
|upkeep
|turn|4
|
|t:|1758343943
|move|p1a: Darkrai|Will-O-Wisp|p2a: Iron Treads
|-status|p2a: Iron Treads|brn
|move|p2a: Iron Treads|Stealth Rock|p1a: Darkrai
|-sidestart|p1: tmrrxw|move: Stealth Rock
|
|-heal|p2a: Iron Treads|100/100 brn|[from] Grassy Terrain
|-damage|p2a: Iron Treads|94/100 brn|[from] brn
|upkeep
|turn|5
|inactive|tmrrxw has 90 seconds left.
|
|t:|1758343959
|switch|p1a: Gholdengo|Gholdengo|100/100
|-damage|p1a: Gholdengo|94/100|[from] Stealth Rock
|-item|p1a: Gholdengo|Air Balloon
|move|p2a: Iron Treads|Rapid Spin|p1a: Gholdengo
|-immune|p1a: Gholdengo
|
|-heal|p2a: Iron Treads|100/100 brn|[from] Grassy Terrain
|-damage|p2a: Iron Treads|94/100 brn|[from] brn
|-fieldend|move: Grassy Terrain
|upkeep
|turn|6
|
|t:|1758343965
|move|p2a: Iron Treads|Ice Spinner|p1a: Gholdengo
|-resisted|p1a: Gholdengo
|-damage|p1a: Gholdengo|91/100
|-enditem|p1a: Gholdengo|Air Balloon
|move|p1a: Gholdengo|Nasty Plot|p1a: Gholdengo
|-boost|p1a: Gholdengo|spa|2
|
|-heal|p2a: Iron Treads|100/100 brn|[from] item: Leftovers
|-damage|p2a: Iron Treads|94/100 brn|[from] brn
|upkeep
|turn|7
|
|t:|1758343970
|-end|p2a: Iron Treads|Quark Drive|[silent]
|switch|p2a: Alomomola|Alomomola, M|100/100
|-damage|p2a: Alomomola|88/100|[from] Spikes
|move|p1a: Gholdengo|Make It Rain|p2a: Alomomola
|-resisted|p2a: Alomomola
|-damage|p2a: Alomomola|64/100
|-unboost|p1a: Gholdengo|spa|1
|
|upkeep
|turn|8
|
|t:|1758343985
|move|p1a: Gholdengo|Thunderbolt|p2a: Alomomola
|-supereffective|p2a: Alomomola
|-damage|p2a: Alomomola|28/100
|move|p2a: Alomomola|Flip Turn|p1a: Gholdengo
|-damage|p1a: Gholdengo|79/100
|
|t:|1758343989
|switch|p2a: Porygon-Z|Porygon-Z|54/100|[from] Flip Turn
|-damage|p2a: Porygon-Z|42/100|[from] Spikes
|-ability|p2a: Porygon-Z|Download|boost
|-boost|p2a: Porygon-Z|spa|1
|
|upkeep
|turn|9
|
|t:|1758344000
|switch|p1a: Darkrai|Darkrai|100/100
|move|p2a: Porygon-Z|Shadow Ball|p1a: Darkrai
|-resisted|p1a: Darkrai
|-damage|p1a: Darkrai|65/100
|
|upkeep
|turn|10
|
|t:|1758344007
|switch|p2a: Iron Treads|Iron Treads|94/100 brn
|-damage|p2a: Iron Treads|82/100 brn|[from] Spikes
|move|p1a: Darkrai|Knock Off|p2a: Iron Treads
|-damage|p2a: Iron Treads|59/100 brn
|-enditem|p2a: Iron Treads|Leftovers|[from] move: Knock Off|[of] p1a: Darkrai
|
|-damage|p2a: Iron Treads|53/100 brn|[from] brn
|upkeep
|turn|11
|inactive|tmrrxw has 120 seconds left.
|
|t:|1758344013
|switch|p1a: Gholdengo|Gholdengo|79/100
|-damage|p1a: Gholdengo|73/100|[from] Stealth Rock
|move|p2a: Iron Treads|High Horsepower|p1a: Gholdengo
|-supereffective|p1a: Gholdengo
|-damage|p1a: Gholdengo|49/100
|
|-damage|p2a: Iron Treads|47/100 brn|[from] brn
|upkeep
|turn|12
|
|t:|1758344016
|move|p2a: Iron Treads|High Horsepower|p1a: Gholdengo
|-supereffective|p1a: Gholdengo
|-damage|p1a: Gholdengo|23/100
|move|p1a: Gholdengo|Recover|p1a: Gholdengo
|-heal|p1a: Gholdengo|73/100
|
|-damage|p2a: Iron Treads|41/100 brn|[from] brn
|upkeep
|turn|13
|
|t:|1758344021
|-end|p2a: Iron Treads|Quark Drive|[silent]
|switch|p2a: Alomomola|Alomomola, M|61/100
|-damage|p2a: Alomomola|49/100|[from] Spikes
|switch|p1a: Landorus|Landorus-Therian, M|100/100
|-damage|p1a: Landorus|88/100|[from] Stealth Rock
|-ability|p1a: Landorus|Intimidate|boost
|-unboost|p2a: Alomomola|atk|1
|
|upkeep
|turn|14
|
|t:|1758344036
|switch|p2a: Rillaboom|Rillaboom, M|50/100
|-damage|p2a: Rillaboom|38/100|[from] Spikes
|-fieldstart|move: Grassy Terrain|[from] ability: Grassy Surge|[of] p2a: Rillaboom
|move|p1a: Landorus|Stealth Rock|p2a: Rillaboom
|-sidestart|p2: TheGrustler|move: Stealth Rock
|
|-heal|p2a: Rillaboom|44/100|[from] Grassy Terrain
|upkeep
|turn|15
|
|t:|1758344050
|switch|p2a: Pecharunt|Pecharunt|100/100
|-damage|p2a: Pecharunt|88/100|[from] Spikes
|-damage|p2a: Pecharunt|76/100|[from] Stealth Rock
|move|p1a: Landorus|U-turn|p2a: Pecharunt
|-resisted|p2a: Pecharunt
|-damage|p2a: Pecharunt|73/100
|-damage|p1a: Landorus|72/100|[from] item: Rocky Helmet|[of] p2a: Pecharunt
|
|t:|1758344061
|switch|p1a: Darkrai|Darkrai|65/100|[from] U-turn
|
|-heal|p1a: Darkrai|71/100|[from] Grassy Terrain
|-heal|p2a: Pecharunt|79/100|[from] Grassy Terrain
|upkeep
|turn|16
|
|t:|1758344068
|switch|p2a: Alomomola|Alomomola, M|82/100
|-damage|p2a: Alomomola|70/100|[from] Spikes
|-damage|p2a: Alomomola|57/100|[from] Stealth Rock
|move|p1a: Darkrai|Dark Pulse|p2a: Alomomola
|-damage|p2a: Alomomola|38/100
|
|-heal|p1a: Darkrai|77/100|[from] Grassy Terrain
|-heal|p2a: Alomomola|45/100|[from] Grassy Terrain
|upkeep
|turn|17
|
|t:|1758344074
|move|p1a: Darkrai|Will-O-Wisp|p2a: Alomomola|[miss]
|-miss|p1a: Darkrai|p2a: Alomomola
|move|p2a: Alomomola|Flip Turn|p1a: Darkrai
|-damage|p1a: Darkrai|55/100
|
|t:|1758344079
|switch|p2a: Zamazenta|Zamazenta|100/100|[from] Flip Turn
|-ability|p2a: Zamazenta|Dauntless Shield|boost
|-boost|p2a: Zamazenta|def|1
|
|-heal|p1a: Darkrai|61/100|[from] Grassy Terrain
|upkeep
|turn|18
|
|t:|1758344102
|-terastallize|p1a: Darkrai|Ghost
|move|p2a: Zamazenta|Close Combat|p1a: Darkrai
|-immune|p1a: Darkrai
|move|p1a: Darkrai|Will-O-Wisp|p2a: Zamazenta|[miss]
|-miss|p1a: Darkrai|p2a: Zamazenta
|
|-heal|p1a: Darkrai|68/100|[from] Grassy Terrain
|-fieldend|move: Grassy Terrain
|upkeep
|turn|19
|inactive|tmrrxw has 120 seconds left.
|inactive|tmrrxw has 90 seconds left.
|
|t:|1758344165
|move|p2a: Zamazenta|Crunch|p1a: Darkrai
|-supereffective|p1a: Darkrai
|-damage|p1a: Darkrai|2/100
|move|p1a: Darkrai|Will-O-Wisp|p2a: Zamazenta|[miss]
|-miss|p1a: Darkrai|p2a: Zamazenta
|
|upkeep
|turn|20
|inactive|tmrrxw has 60 seconds left.
|
|t:|1758344216
|switch|p1a: Primarina|Primarina, F|100/100
|-damage|p1a: Primarina|88/100|[from] Stealth Rock
|move|p2a: Zamazenta|Crunch|p1a: Primarina
|-resisted|p1a: Primarina
|-damage|p1a: Primarina|73/100
|-unboost|p1a: Primarina|def|1
|
|upkeep
|turn|21
|
|t:|1758344228
|switch|p2a: Alomomola|Alomomola, M|78/100
|-damage|p2a: Alomomola|65/100|[from] Spikes
|-damage|p2a: Alomomola|53/100|[from] Stealth Rock
|move|p1a: Primarina|Draining Kiss|p2a: Alomomola
|-damage|p2a: Alomomola|34/100
|-heal|p1a: Primarina|94/100|[from] drain|[of] p2a: Alomomola
|
|upkeep
|turn|22
|
|t:|1758344241
|switch|p1a: Landorus|Landorus-Therian, M|72/100
|-damage|p1a: Landorus|59/100|[from] Stealth Rock
|-ability|p1a: Landorus|Intimidate|boost
|-unboost|p2a: Alomomola|atk|1
|move|p2a: Alomomola|Flip Turn|p1a: Landorus
|-supereffective|p1a: Landorus
|-damage|p1a: Landorus|32/100
|-damage|p2a: Alomomola|17/100|[from] item: Rocky Helmet|[of] p1a: Landorus
|
|t:|1758344260
|switch|p2a: Zamazenta|Zamazenta|100/100|[from] Flip Turn
|
|upkeep
|turn|23
|inactive|tmrrxw has 60 seconds left.
|
|t:|1758344294
|move|p2a: Zamazenta|Close Combat|p1a: Landorus
|-resisted|p1a: Landorus
|-damage|p1a: Landorus|0 fnt
|-unboost|p2a: Zamazenta|def|1
|-unboost|p2a: Zamazenta|spd|1
|-damage|p2a: Zamazenta|84/100|[from] item: Rocky Helmet|[of] p1a: Landorus
|faint|p1a: Landorus
|
|upkeep
|inactive|tmrrxw has 30 seconds left.
|inactive|tmrrxw has 20 seconds left.
|inactive|tmrrxw has 15 seconds left.
|inactive|tmrrxw has 10 seconds left.
|
|t:|1758344324
|switch|p1a: Metastasis|Reuniclus, F|100/100
|turn|24
|inactive|tmrrxw has 20 seconds left this turn.
|
|t:|1758344340
|move|p2a: Zamazenta|Crunch|p1a: Metastasis
|-supereffective|p1a: Metastasis
|-damage|p1a: Metastasis|48/100
|-unboost|p1a: Metastasis|def|1
|move|p1a: Metastasis|Trick Room|p1a: Metastasis
|-fieldstart|move: Trick Room|[of] p1a: Metastasis
|
|upkeep
|turn|25
|inactive|tmrrxw has 30 seconds left this turn.
|
|t:|1758344356
|switch|p2a: Iron Treads|Iron Treads|41/100 brn
|-damage|p2a: Iron Treads|29/100 brn|[from] Spikes
|-damage|p2a: Iron Treads|26/100 brn|[from] Stealth Rock
|move|p1a: Metastasis|Psychic Noise|p2a: Iron Treads
|-resisted|p2a: Iron Treads
|-damage|p2a: Iron Treads|3/100 brn
|-start|p2a: Iron Treads|move: Heal Block
|
|-damage|p2a: Iron Treads|0 fnt|[from] brn
|faint|p2a: Iron Treads
|-end|p2a: Iron Treads|Quark Drive|[silent]
|upkeep
|
|t:|1758344359
|switch|p2a: Rillaboom|Rillaboom, M|44/100
|-damage|p2a: Rillaboom|32/100|[from] Spikes
|-damage|p2a: Rillaboom|19/100|[from] Stealth Rock
|-fieldstart|move: Grassy Terrain|[from] ability: Grassy Surge|[of] p2a: Rillaboom
|turn|26
|
|t:|1758344368
|switch|p1a: Darkrai|Darkrai, tera:Ghost|2/100
|move|p2a: Rillaboom|Grassy Glide|p1a: Darkrai
|-damage|p1a: Darkrai|0 fnt
|faint|p1a: Darkrai
|
|-heal|p2a: Rillaboom|25/100|[from] Grassy Terrain
|upkeep
|
|t:|1758344374
|switch|p1a: Metastasis|Reuniclus, F|48/100
|turn|27
|
|t:|1758344388
|switch|p1a: Gholdengo|Gholdengo|73/100
|-damage|p1a: Gholdengo|67/100|[from] Stealth Rock
|-terastallize|p2a: Rillaboom|Grass
|move|p2a: Rillaboom|Grassy Glide|p1a: Gholdengo
|-resisted|p1a: Gholdengo
|-damage|p1a: Gholdengo|39/100
|
|-heal|p1a: Gholdengo|45/100|[from] Grassy Terrain
|-heal|p2a: Rillaboom|32/100|[from] Grassy Terrain
|upkeep
|turn|28
|
|t:|1758344399
|switch|p2a: Pecharunt|Pecharunt|79/100
|-damage|p2a: Pecharunt|66/100|[from] Spikes
|-damage|p2a: Pecharunt|54/100|[from] Stealth Rock
|move|p1a: Gholdengo|Recover|p1a: Gholdengo
|-heal|p1a: Gholdengo|95/100
|
|-heal|p2a: Pecharunt|60/100|[from] Grassy Terrain
|-heal|p1a: Gholdengo|100/100|[from] Grassy Terrain
|-fieldend|move: Trick Room
|upkeep
|turn|29
|inactive|tmrrxw has 60 seconds left.
|
|t:|1758344410
|switch|p1a: Primarina|Primarina, F|94/100
|-damage|p1a: Primarina|82/100|[from] Stealth Rock
|move|p2a: Pecharunt|Foul Play|p1a: Primarina
|-resisted|p1a: Primarina
|-crit|p1a: Primarina
|-damage|p1a: Primarina|66/100
|
|-heal|p2a: Pecharunt|66/100|[from] Grassy Terrain
|-heal|p1a: Primarina|72/100|[from] Grassy Terrain
|upkeep
|turn|30
|inactive|tmrrxw has 60 seconds left.
|
|t:|1758344419
|switch|p1a: Gholdengo|Gholdengo|100/100
|-damage|p1a: Gholdengo|94/100|[from] Stealth Rock
|move|p2a: Pecharunt|Malignant Chain|p1a: Gholdengo
|-immune|p1a: Gholdengo
|
|-heal|p1a: Gholdengo|100/100|[from] Grassy Terrain
|-heal|p2a: Pecharunt|72/100|[from] Grassy Terrain
|-fieldend|move: Grassy Terrain
|upkeep
|turn|31
|
|t:|1758344422
|move|p1a: Gholdengo|Nasty Plot|p1a: Gholdengo
|-boost|p1a: Gholdengo|spa|2
|move|p2a: Pecharunt|Foul Play|p1a: Gholdengo
|-supereffective|p1a: Gholdengo
|-damage|p1a: Gholdengo|85/100
|
|upkeep
|turn|32
|
|t:|1758344430
|move|p1a: Gholdengo|Thunderbolt|p2a: Pecharunt
|-damage|p2a: Pecharunt|22/100
|-status|p2a: Pecharunt|par
|move|p2a: Pecharunt|Foul Play|p1a: Gholdengo
|-supereffective|p1a: Gholdengo
|-damage|p1a: Gholdengo|71/100
|
|upkeep
|turn|33
|
|t:|1758344445
|move|p1a: Gholdengo|Recover|p1a: Gholdengo
|-heal|p1a: Gholdengo|100/100
|cant|p2a: Pecharunt|par
|
|upkeep
|turn|34
|
|t:|1758344447
|move|p1a: Gholdengo|Nasty Plot|p1a: Gholdengo
|-boost|p1a: Gholdengo|spa|2
|move|p2a: Pecharunt|Foul Play|p1a: Gholdengo
|-supereffective|p1a: Gholdengo
|-damage|p1a: Gholdengo|86/100
|
|upkeep
|turn|35
|
|t:|1758344451
|move|p1a: Gholdengo|Recover|p1a: Gholdengo
|-heal|p1a: Gholdengo|100/100
|move|p2a: Pecharunt|Foul Play|p1a: Gholdengo
|-supereffective|p1a: Gholdengo
|-damage|p1a: Gholdengo|86/100
|
|upkeep
|turn|36
|
|t:|1758344453
|move|p1a: Gholdengo|Nasty Plot|p1a: Gholdengo
|-boost|p1a: Gholdengo|spa|2
|move|p2a: Pecharunt|Foul Play|p1a: Gholdengo
|-supereffective|p1a: Gholdengo
|-damage|p1a: Gholdengo|72/100
|
|upkeep
|turn|37
|
|t:|1758344455
|move|p1a: Gholdengo|Recover|p1a: Gholdengo
|-heal|p1a: Gholdengo|100/100
|cant|p2a: Pecharunt|par
|
|upkeep
|turn|38
|
|t:|1758344458
|move|p1a: Gholdengo|Thunderbolt|p2a: Pecharunt
|-damage|p2a: Pecharunt|0 fnt
|faint|p2a: Pecharunt
|
|upkeep
|
|t:|1758344460
|switch|p2a: Porygon-Z|Porygon-Z|42/100
|-damage|p2a: Porygon-Z|30/100|[from] Spikes
|-damage|p2a: Porygon-Z|18/100|[from] Stealth Rock
|-ability|p2a: Porygon-Z|Download|boost
|-boost|p2a: Porygon-Z|spa|1
|turn|39
|
|t:|1758344468
|move|p2a: Porygon-Z|Shadow Ball|p1a: Gholdengo
|-supereffective|p1a: Gholdengo
|-damage|p1a: Gholdengo|0 fnt
|faint|p1a: Gholdengo
|
|upkeep
|
|t:|1758344474
|switch|p1a: Primarina|Primarina, F|72/100
|-damage|p1a: Primarina|59/100|[from] Stealth Rock
|turn|40
|
|t:|1758344482
|move|p2a: Porygon-Z|Shadow Ball|p1a: Primarina
|-damage|p1a: Primarina|3/100
|move|p1a: Primarina|Draining Kiss|p2a: Porygon-Z
|-damage|p2a: Porygon-Z|0 fnt
|-heal|p1a: Primarina|14/100|[from] drain|[of] p2a: Porygon-Z
|faint|p2a: Porygon-Z
|
|upkeep
|c|☆tmrrxw|youre so lu  ky
|
|t:|1758344487
|switch|p2a: Rillaboom|Rillaboom, M, tera:Grass|32/100
|-damage|p2a: Rillaboom|19/100|[from] Spikes
|-damage|p2a: Rillaboom|7/100|[from] Stealth Rock
|-fieldstart|move: Grassy Terrain|[from] ability: Grassy Surge|[of] p2a: Rillaboom
|turn|41
|c|☆tmrrxw|1/2533 chance
|
|t:|1758344499
|move|p2a: Rillaboom|Grassy Glide|p1a: Primarina
|-supereffective|p1a: Primarina
|-damage|p1a: Primarina|0 fnt
|faint|p1a: Primarina
|
|-heal|p2a: Rillaboom|13/100|[from] Grassy Terrain
|upkeep
|
|t:|1758344502
|switch|p1a: Metastasis|Reuniclus, F|48/100
|turn|42
|
|t:|1758344504
|move|p2a: Rillaboom|Grassy Glide|p1a: Metastasis
|-damage|p1a: Metastasis|0 fnt
|faint|p1a: Metastasis
|
|win|TheGrustler
|raw|tmrrxw's rating: 1452 &rarr; <strong>1436</strong><br />(-16 for losing)
|raw|TheGrustler's rating: 1516 &rarr; <strong>1532</strong><br />(+16 for winning)
|c|☆TheGrustler|Wym what was a 1/2533 lol
|c|☆tmrrxw|idk
|c|☆tmrrxw|gg
|l|☆tmrrxw
|player|p1|
|c|☆TheGrustler|Gg
|l|☆TheGrustler
|player|p2|
