|j|☆RyukWasBor3d
|j|☆dftfgtg
|t:|1758364598
|gametype|singles
|player|p1|RyukWasBor3d|gentleman-gen4|1044
|player|p2|dftfgtg|rosa|1050
|gen|9
|tier|[Gen 9] OU
|rated|
|rule|HP Percentage Mod: HP is shown in percentages
|rule|Endless Battle Clause: Forcing endless battles is banned
|rule|Species Clause: Limit one of each Pokémon
|rule|OHKO Clause: OHKO moves are banned
|rule|Evasion Items Clause: Evasion items are banned
|rule|Evasion Moves Clause: Evasion moves are banned
|rule|Evasion Abilities Clause: Evasion abilities are banned
|rule|Sleep Moves Clause: Sleep-inducing moves are banned
|clearpoke
|poke|p1|Dragonite, M|
|poke|p1|Kingambit, M|
|poke|p1|Deoxys-Speed|
|poke|p1|Arcanine, M|
|poke|p1|Corviknight, M|
|poke|p1|Gliscor, M|
|poke|p2|Blissey, F|
|poke|p2|Scizor, M|
|poke|p2|Ceruledge, F|
|poke|p2|Amoonguss, M|
|poke|p2|Iron Treads|
|poke|p2|Gliscor, M|
|teampreview
|inactive|Battle timer is ON: inactive players will automatically lose when time's up. (requested by dftfgtg)
|
|t:|1758364614
|teamsize|p1|6
|teamsize|p2|6
|start
|switch|p1a: Crow of Judgment|Corviknight, M|100/100
|switch|p2a: Gliscor|Gliscor, M|100/100
|turn|1
|
|t:|1758364629
|switch|p2a: Ceruledge|Ceruledge, F|100/100
|move|p1a: Crow of Judgment|Brave Bird|p2a: Ceruledge
|-damage|p2a: Ceruledge|45/100
|-damage|p1a: Crow of Judgment|86/100|[from] Recoil
|
|upkeep
|turn|2
|
|t:|1758364637
|move|p2a: Ceruledge|Bitter Blade|p1a: Crow of Judgment
|-supereffective|p1a: Crow of Judgment
|-damage|p1a: Crow of Judgment|0 fnt
|-heal|p2a: Ceruledge|97/100|[from] drain|[of] p1a: Crow of Judgment
|-damage|p2a: Ceruledge|81/100|[from] item: Rocky Helmet|[of] p1a: Crow of Judgment
|faint|p1a: Crow of Judgment
|-damage|p2a: Ceruledge|71/100|[from] item: Life Orb
|
|upkeep
|
|t:|1758364648
|switch|p1a: Cuddle Lizard|Dragonite, M|100/100
|turn|3
|
|t:|1758364652
|switch|p2a: Blissey|Blissey, F|100/100
|move|p1a: Cuddle Lizard|Draco Meteor|p2a: Blissey
|-damage|p2a: Blissey|85/100
|-unboost|p1a: Cuddle Lizard|spa|2
|
|upkeep
|turn|4
|
|t:|1758364661
|switch|p1a: Jacrispy sent me|Arcanine, M|100/100
|move|p2a: Blissey|Stealth Rock|p1a: Jacrispy sent me
|-sidestart|p1: RyukWasBor3d|move: Stealth Rock
|
|upkeep
|turn|5
|
|t:|1758364668
|switch|p2a: Ceruledge|Ceruledge, F|71/100
|move|p1a: Jacrispy sent me|Flamethrower|p2a: Ceruledge
|-start|p2a: Ceruledge|ability: Flash Fire
|
|upkeep
|turn|6
|
|t:|1758364677
|switch|p1a: Samurai Jack|Kingambit, M|100/100
|-damage|p1a: Samurai Jack|94/100|[from] Stealth Rock
|-activate|p1a: Samurai Jack|ability: Supreme Overlord
|-start|p1a: Samurai Jack|fallen1|[silent]
|move|p2a: Ceruledge|Bitter Blade|p1a: Samurai Jack
|-supereffective|p1a: Samurai Jack
|-damage|p1a: Samurai Jack|0 fnt
|-heal|p2a: Ceruledge|100/100|[from] drain|[of] p1a: Samurai Jack
|faint|p1a: Samurai Jack
|-end|p1a: Samurai Jack|fallen1|[silent]
|-damage|p2a: Ceruledge|91/100|[from] item: Life Orb
|
|upkeep
|
|t:|1758364688
|switch|p1a: Noodle|Deoxys-Speed, shiny|100/100
|-damage|p1a: Noodle|88/100|[from] Stealth Rock
|-ability|p1a: Noodle|Pressure
|turn|7
|
|t:|1758364695
|move|p2a: Ceruledge|Shadow Sneak|p1a: Noodle
|-supereffective|p1a: Noodle
|-damage|p1a: Noodle|3/100
|-damage|p2a: Ceruledge|81/100|[from] item: Life Orb
|move|p1a: Noodle|Knock Off|p2a: Ceruledge
|-supereffective|p2a: Ceruledge
|-damage|p2a: Ceruledge|0 fnt
|-enditem|p2a: Ceruledge|Life Orb|[from] move: Knock Off|[of] p1a: Noodle
|faint|p2a: Ceruledge
|-damage|p1a: Noodle|0 fnt|[from] item: Life Orb
|faint|p1a: Noodle
|
|upkeep
|
|t:|1758364711
|switch|p1a: Cuddle Lizard|Dragonite, M|100/100
|switch|p2a: Blissey|Blissey, F|85/100
|-damage|p1a: Cuddle Lizard|76/100|[from] Stealth Rock
|turn|8
|
|t:|1758364721
|move|p1a: Cuddle Lizard|Earthquake|p2a: Blissey
|-damage|p2a: Blissey|43/100
|move|p2a: Blissey|Seismic Toss|p1a: Cuddle Lizard
|-damage|p1a: Cuddle Lizard|45/100
|
|upkeep
|turn|9
|
|t:|1758364729
|switch|p1a: S4!TB1RD|Gliscor, M|100/100
|-damage|p1a: S4!TB1RD|88/100|[from] Stealth Rock
|move|p2a: Blissey|Soft-Boiled|p2a: Blissey
|-heal|p2a: Blissey|93/100
|
|-status|p1a: S4!TB1RD|tox|[from] item: Toxic Orb
|upkeep
|turn|10
|
|t:|1758364739
|switch|p2a: Amoonguss|Amoonguss, M|100/100
|move|p1a: S4!TB1RD|Knock Off|p2a: Amoonguss
|-damage|p2a: Amoonguss|81/100
|-enditem|p2a: Amoonguss|Leftovers|[from] move: Knock Off|[of] p1a: S4!TB1RD
|
|-heal|p1a: S4!TB1RD|100/100 tox|[from] ability: Poison Heal
|upkeep
|turn|11
|
|t:|1758364749
|move|p1a: S4!TB1RD|Earthquake|p2a: Amoonguss
|-damage|p2a: Amoonguss|50/100
|move|p2a: Amoonguss|Worry Seed|p1a: S4!TB1RD
|-ability|p1a: S4!TB1RD|Insomnia|Poison Heal|[from] move: Worry Seed
|
|-damage|p1a: S4!TB1RD|88/100 tox|[from] psn
|upkeep
|turn|12
|
|t:|1758364766
|move|p1a: S4!TB1RD|Protect|p1a: S4!TB1RD
|-singleturn|p1a: S4!TB1RD|Protect
|move|p2a: Amoonguss|Giga Drain|p1a: S4!TB1RD
|-activate|p1a: S4!TB1RD|move: Protect
|
|-damage|p1a: S4!TB1RD|70/100 tox|[from] psn
|upkeep
|turn|13
|
|t:|1758364775
|move|p1a: S4!TB1RD|Earthquake|p2a: Amoonguss
|-damage|p2a: Amoonguss|21/100
|move|p2a: Amoonguss|Giga Drain|p1a: S4!TB1RD
|-crit|p1a: S4!TB1RD
|-damage|p1a: S4!TB1RD|24/100 tox
|-heal|p2a: Amoonguss|36/100|[from] drain|[of] p1a: S4!TB1RD
|
|-damage|p1a: S4!TB1RD|0 fnt|[from] psn
|faint|p1a: S4!TB1RD
|upkeep
|
|t:|1758364786
|switch|p1a: Jacrispy sent me|Arcanine, M|100/100
|turn|14
|
|t:|1758364793
|switch|p2a: Blissey|Blissey, F|93/100
|move|p1a: Jacrispy sent me|Flamethrower|p2a: Blissey
|-damage|p2a: Blissey|80/100
|
|upkeep
|turn|15
|
|t:|1758364801
|move|p1a: Jacrispy sent me|Body Slam|p2a: Blissey
|-damage|p2a: Blissey|59/100
|move|p2a: Blissey|Thunder Wave|p1a: Jacrispy sent me
|-status|p1a: Jacrispy sent me|par
|
|upkeep
|turn|16
|
|t:|1758364811
|switch|p1a: Cuddle Lizard|Dragonite, M|45/100
|-damage|p1a: Cuddle Lizard|20/100|[from] Stealth Rock
|move|p2a: Blissey|Soft-Boiled|p2a: Blissey
|-heal|p2a: Blissey|100/100
|
|upkeep
|turn|17
|
|t:|1758364820
|move|p1a: Cuddle Lizard|Aqua Jet|p2a: Blissey
|-damage|p2a: Blissey|81/100
|move|p2a: Blissey|Seismic Toss|p1a: Cuddle Lizard
|-damage|p1a: Cuddle Lizard|0 fnt
|faint|p1a: Cuddle Lizard
|
|upkeep
|-message|RyukWasBor3d forfeited.
|
|win|dftfgtg
|raw|RyukWasBor3d's rating: 1044 &rarr; <strong>1026</strong><br />(-18 for losing)
|raw|dftfgtg's rating: 1019 &rarr; <strong>1059</strong><br />(+40 for winning)
|l|☆RyukWasBor3d
|player|p1|
