|j|☆DampRockstar
|j|☆Leon717
|t:|1758316827
|gametype|singles
|player|p1|DampRockstar|hoopster|1206
|player|p2|Leon717|red|1212
|gen|9
|tier|[Gen 9] OU
|rated|
|rule|HP Percentage Mod: HP is shown in percentages
|rule|Endless Battle Clause: Forcing endless battles is banned
|rule|Species Clause: Limit one of each Pokémon
|rule|OHKO Clause: OHKO moves are banned
|rule|Evasion Items Clause: Evasion items are banned
|rule|Evasion Moves Clause: Evasion moves are banned
|rule|Evasion Abilities Clause: Evasion abilities are banned
|rule|Sleep Moves Clause: Sleep-inducing moves are banned
|clearpoke
|poke|p1|Falinks|
|poke|p1|Polteageist|
|poke|p1|Cinderace, M|
|poke|p1|Regidrago|
|poke|p1|Skeledirge, M|
|poke|p1|Cinccino, M|
|poke|p2|Kingambit, M|
|poke|p2|Rillaboom, M|
|poke|p2|Dragonite, M|
|poke|p2|Primarina, F|
|poke|p2|Iron Hands|
|poke|p2|Glimmora, F|
|teampreview
|inactive|Battle timer is ON: inactive players will automatically lose when time's up. (requested by DampRockstar)
|
|t:|1758316834
|teamsize|p1|6
|teamsize|p2|6
|start
|switch|p1a: Falinks|Falinks|100/100
|switch|p2a: Glimmora|Glimmora, F|100/100
|turn|1
|
|t:|1758316845
|move|p1a: Falinks|No Retreat|p1a: Falinks
|-boost|p1a: Falinks|atk|1
|-boost|p1a: Falinks|def|1
|-boost|p1a: Falinks|spa|1
|-boost|p1a: Falinks|spd|1
|-boost|p1a: Falinks|spe|1
|-start|p1a: Falinks|move: No Retreat
|move|p2a: Glimmora|Mortal Spin|p1a: Falinks
|-damage|p1a: Falinks|95/100
|-status|p1a: Falinks|psn
|
|-damage|p1a: Falinks|82/100 psn|[from] psn
|upkeep
|turn|2
|
|t:|1758316874
|move|p1a: Falinks|Iron Head|p2a: Glimmora
|-supereffective|p2a: Glimmora
|-damage|p2a: Glimmora|35/100
|-damage|p1a: Falinks|66/100 psn|[from] item: Rocky Helmet|[of] p2a: Glimmora
|-activate|p2a: Glimmora|ability: Toxic Debris
|-sidestart|p1: DampRockstar|move: Toxic Spikes
|cant|p2a: Glimmora|flinch
|
|-damage|p1a: Falinks|53/100 psn|[from] psn
|upkeep
|turn|3
|
|t:|1758316891
|move|p2a: Glimmora|Spiky Shield|p2a: Glimmora
|-singleturn|p2a: Glimmora|move: Protect
|move|p1a: Falinks|Iron Head|p2a: Glimmora
|-activate|p2a: Glimmora|move: Protect
|-damage|p1a: Falinks|41/100 psn|[from] Spiky Shield|[of] p2a: Glimmora
|
|-damage|p1a: Falinks|28/100 psn|[from] psn
|upkeep
|turn|4
|
|t:|1758316901
|move|p1a: Falinks|Iron Head|p2a: Glimmora
|-supereffective|p2a: Glimmora
|-damage|p2a: Glimmora|0 fnt
|-damage|p1a: Falinks|12/100 psn|[from] item: Rocky Helmet|[of] p2a: Glimmora
|-activate|p2a: Glimmora|ability: Toxic Debris
|-sidestart|p1: DampRockstar|move: Toxic Spikes
|faint|p2a: Glimmora
|
|-damage|p1a: Falinks|0 fnt|[from] psn
|faint|p1a: Falinks
|upkeep
|
|t:|1758316917
|switch|p1a: Cinderace|Cinderace, M|100/100
|switch|p2a: Dragonite|Dragonite, M|100/100
|turn|5
|
|t:|1758316925
|move|p1a: Cinderace|Court Change|p1a: Cinderace
|-start|p1a: Cinderace|typechange|Normal|[from] ability: Libero
|-swapsideconditions
|-activate|p1a: Cinderace|move: Court Change
|move|p2a: Dragonite|Dragon Dance|p2a: Dragonite
|-boost|p2a: Dragonite|atk|1
|-boost|p2a: Dragonite|spe|1
|
|upkeep
|turn|6
|
|t:|1758316934
|move|p2a: Dragonite|Dragon Dance|p2a: Dragonite
|-boost|p2a: Dragonite|atk|1
|-boost|p2a: Dragonite|spe|1
|move|p1a: Cinderace|U-turn|p2a: Dragonite
|-resisted|p2a: Dragonite
|-damage|p2a: Dragonite|95/100
|
|t:|1758316938
|switch|p1a: Polteageist|Polteageist|100/100|[from] U-turn
|
|upkeep
|turn|7
|
|t:|1758316947
|move|p2a: Dragonite|Earthquake|p1a: Polteageist
|-enditem|p1a: Polteageist|Focus Sash
|-damage|p1a: Polteageist|1/100
|-ability|p1a: Polteageist|Weak Armor|boost
|-unboost|p1a: Polteageist|def|1
|-boost|p1a: Polteageist|spe|2
|move|p1a: Polteageist|Shell Smash|p1a: Polteageist
|-unboost|p1a: Polteageist|def|1
|-unboost|p1a: Polteageist|spd|1
|-boost|p1a: Polteageist|atk|2
|-boost|p1a: Polteageist|spa|2
|-boost|p1a: Polteageist|spe|2
|
|upkeep
|turn|8
|
|t:|1758316975
|move|p1a: Polteageist|Stored Power|p2a: Dragonite
|-damage|p2a: Dragonite|0 fnt
|faint|p2a: Dragonite
|
|upkeep
|
|t:|1758316987
|switch|p2a: Kingambit|Kingambit, M|100/100
|-activate|p2a: Kingambit|ability: Supreme Overlord
|-start|p2a: Kingambit|fallen2|[silent]
|turn|9
|inactive|DampRockstar has 120 seconds left.
|inactive|Leon717 has 120 seconds left.
|
|t:|1758317045
|move|p2a: Kingambit|Sucker Punch|p1a: Polteageist
|-supereffective|p1a: Polteageist
|-damage|p1a: Polteageist|0 fnt
|faint|p1a: Polteageist
|
|upkeep
|
|t:|1758317061
|switch|p1a: Cinderace|Cinderace, M|100/100
|turn|10
|
|t:|1758317068
|-end|p2a: Kingambit|fallen2|[silent]
|switch|p2a: Primarina|Primarina, F|100/100
|-status|p2a: Primarina|tox
|move|p1a: Cinderace|High Jump Kick|p2a: Primarina
|-start|p1a: Cinderace|typechange|Fighting|[from] ability: Libero
|-resisted|p2a: Primarina
|-damage|p2a: Primarina|65/100 tox
|
|-damage|p2a: Primarina|59/100 tox|[from] psn
|upkeep
|turn|11
|inactive|Leon717 has 120 seconds left.
|
|t:|1758317082
|switch|p1a: Regidrago|Regidrago|100/100
|move|p2a: Primarina|Calm Mind|p2a: Primarina
|-boost|p2a: Primarina|spa|1
|-boost|p2a: Primarina|spd|1
|
|-damage|p2a: Primarina|47/100 tox|[from] psn
|upkeep
|turn|12
|inactive|Leon717 has 120 seconds left.
|
|t:|1758317092
|switch|p1a: Skeledirge|Skeledirge, M|100/100
|move|p2a: Primarina|Moonblast|p1a: Skeledirge
|-resisted|p1a: Skeledirge
|-crit|p1a: Skeledirge
|-damage|p1a: Skeledirge|60/100
|
|-heal|p1a: Skeledirge|66/100|[from] item: Leftovers
|-damage|p2a: Primarina|29/100 tox|[from] psn
|upkeep
|turn|13
|
|t:|1758317110
|-terastallize|p1a: Skeledirge|Grass
|move|p2a: Primarina|Surf|p1a: Skeledirge
|-resisted|p1a: Skeledirge
|-damage|p1a: Skeledirge|29/100
|move|p1a: Skeledirge|Roar|p2a: Primarina
|drag|p2a: Iron Hands|Iron Hands|100/100
|-status|p2a: Iron Hands|tox
|
|-heal|p1a: Skeledirge|35/100|[from] item: Leftovers
|-damage|p2a: Iron Hands|94/100 tox|[from] psn
|upkeep
|turn|14
|
|t:|1758317125
|switch|p1a: Cinderace|Cinderace, M|100/100
|move|p2a: Iron Hands|Fake Out|p1a: Cinderace
|-damage|p1a: Cinderace|76/100
|
|-damage|p2a: Iron Hands|82/100 tox|[from] psn
|upkeep
|turn|15
|
|t:|1758317138
|move|p1a: Cinderace|Pyro Ball|p2a: Iron Hands
|-damage|p2a: Iron Hands|42/100 tox
|move|p2a: Iron Hands|Drain Punch|p1a: Cinderace
|-damage|p1a: Cinderace|9/100
|-heal|p2a: Iron Hands|65/100 tox|[from] drain|[of] p1a: Cinderace
|
|-damage|p2a: Iron Hands|46/100 tox|[from] psn
|upkeep
|turn|16
|
|t:|1758317155
|move|p1a: Cinderace|High Jump Kick|p2a: Iron Hands
|-start|p1a: Cinderace|typechange|Fighting|[from] ability: Libero
|-damage|p2a: Iron Hands|0 fnt
|faint|p2a: Iron Hands
|-end|p2a: Iron Hands|Quark Drive|[silent]
|
|upkeep
|
|t:|1758317162
|switch|p2a: Rillaboom|Rillaboom, M|100/100
|-status|p2a: Rillaboom|tox
|-fieldstart|move: Grassy Terrain|[from] ability: Grassy Surge|[of] p2a: Rillaboom
|turn|17
|
|t:|1758317168
|switch|p1a: Skeledirge|Skeledirge, M, tera:Grass|35/100
|move|p2a: Rillaboom|Fake Out|p1a: Skeledirge
|-damage|p1a: Skeledirge|27/100
|
|-heal|p1a: Skeledirge|33/100|[from] Grassy Terrain
|-heal|p1a: Skeledirge|39/100|[from] item: Leftovers
|-damage|p2a: Rillaboom|94/100 tox|[from] psn
|upkeep
|turn|18
|
|t:|1758317187
|move|p2a: Rillaboom|U-turn|p1a: Skeledirge
|-supereffective|p1a: Skeledirge
|-damage|p1a: Skeledirge|7/100
|
|t:|1758317193
|switch|p2a: Primarina|Primarina, F|29/100 tox|[from] U-turn
|move|p1a: Skeledirge|Slack Off|p1a: Skeledirge
|-heal|p1a: Skeledirge|57/100
|
|-heal|p1a: Skeledirge|63/100|[from] Grassy Terrain
|-heal|p1a: Skeledirge|69/100|[from] item: Leftovers
|-heal|p2a: Primarina|35/100 tox|[from] Grassy Terrain
|-damage|p2a: Primarina|29/100 tox|[from] psn
|upkeep
|turn|19
|inactive|DampRockstar has 120 seconds left.
|
|t:|1758317214
|move|p1a: Skeledirge|Slack Off|p1a: Skeledirge
|-heal|p1a: Skeledirge|100/100
|move|p2a: Primarina|Ice Beam|p1a: Skeledirge
|-supereffective|p1a: Skeledirge
|-damage|p1a: Skeledirge|35/100
|
|-heal|p1a: Skeledirge|41/100|[from] Grassy Terrain
|-heal|p1a: Skeledirge|47/100|[from] item: Leftovers
|-heal|p2a: Primarina|35/100 tox|[from] Grassy Terrain
|-damage|p2a: Primarina|23/100 tox|[from] psn
|upkeep
|turn|20
|inactive|Leon717 has 120 seconds left.
|-enditem|p2a: Primarina|Custap Berry|[eat]
|-activate|p2a: Primarina|item: Custap Berry|[consumed]
|
|t:|1758317230
|move|p2a: Primarina|Moonblast|p1a: Skeledirge
|-damage|p1a: Skeledirge|0 fnt
|faint|p1a: Skeledirge
|
|-heal|p2a: Primarina|29/100 tox|[from] Grassy Terrain
|-damage|p2a: Primarina|11/100 tox|[from] psn
|upkeep
|
|t:|1758317248
|switch|p1a: Cinccino|Cinccino, M|100/100
|turn|21
|
|t:|1758317256
|move|p1a: Cinccino|Tidy Up|p1a: Cinccino
|-sideend|p2: Leon717|Toxic Spikes
|-activate|p1a: Cinccino|move: Tidy Up
|-boost|p1a: Cinccino|atk|1
|-boost|p1a: Cinccino|spe|1
|move|p2a: Primarina|Surf|p1a: Cinccino
|-damage|p1a: Cinccino|0 fnt
|faint|p1a: Cinccino
|
|-heal|p2a: Primarina|17/100 tox|[from] Grassy Terrain
|-damage|p2a: Primarina|0 fnt|[from] psn
|faint|p2a: Primarina
|-fieldend|move: Grassy Terrain
|upkeep
|
|t:|1758317272
|switch|p1a: Cinderace|Cinderace, M|9/100
|switch|p2a: Rillaboom|Rillaboom, M|94/100 tox
|-fieldstart|move: Grassy Terrain|[from] ability: Grassy Surge|[of] p2a: Rillaboom
|turn|22
|
|t:|1758317283
|switch|p1a: Regidrago|Regidrago|100/100
|move|p2a: Rillaboom|Fake Out|p1a: Regidrago
|-damage|p1a: Regidrago|83/100
|
|-heal|p1a: Regidrago|89/100|[from] Grassy Terrain
|-heal|p2a: Rillaboom|100/100 tox|[from] Grassy Terrain
|-damage|p2a: Rillaboom|94/100 tox|[from] psn
|upkeep
|turn|23
|
|t:|1758317297
|move|p1a: Regidrago|Dragon Energy|p2a: Rillaboom
|-damage|p2a: Rillaboom|13/100 tox
|move|p2a: Rillaboom|Drain Punch|p1a: Regidrago
|-damage|p1a: Regidrago|57/100
|-heal|p2a: Rillaboom|39/100 tox|[from] drain|[of] p1a: Regidrago
|
|-heal|p1a: Regidrago|63/100|[from] Grassy Terrain
|-heal|p2a: Rillaboom|45/100 tox|[from] Grassy Terrain
|-damage|p2a: Rillaboom|32/100 tox|[from] psn
|upkeep
|turn|24
|
|t:|1758317312
|move|p1a: Regidrago|Dragon Energy|p2a: Rillaboom
|-damage|p2a: Rillaboom|0 fnt
|faint|p2a: Rillaboom
|
|-heal|p1a: Regidrago|69/100|[from] Grassy Terrain
|upkeep
|
|t:|1758317317
|switch|p2a: Kingambit|Kingambit, M|100/100
|-activate|p2a: Kingambit|ability: Supreme Overlord
|-start|p2a: Kingambit|fallen5|[silent]
|turn|25
|
|t:|1758317324
|switch|p1a: Cinderace|Cinderace, M|9/100
|move|p2a: Kingambit|Swords Dance|p2a: Kingambit
|-boost|p2a: Kingambit|atk|2
|
|-heal|p1a: Cinderace|15/100|[from] Grassy Terrain
|upkeep
|turn|26
|
|t:|1758317332
|move|p2a: Kingambit|Sucker Punch|p1a: Cinderace
|-damage|p1a: Cinderace|0 fnt
|faint|p1a: Cinderace
|
|-fieldend|move: Grassy Terrain
|upkeep
|
|t:|1758317335
|switch|p1a: Regidrago|Regidrago|69/100
|turn|27
|
|t:|1758317343
|move|p2a: Kingambit|Sucker Punch|p1a: Regidrago
|-damage|p1a: Regidrago|0 fnt
|faint|p1a: Regidrago
|
|win|Leon717
|raw|DampRockstar's rating: 1206 &rarr; <strong>1181</strong><br />(-25 for losing)
|raw|Leon717's rating: 1212 &rarr; <strong>1237</strong><br />(+25 for winning)
|l|☆DampRockstar
|player|p1|
|l|☆Leon717
|player|p2|
