|j|☆darkmaniman+minus
|j|☆bingus100
|t:|1758272536
|gametype|singles
|player|p1|darkmaniman+minus|palmer|1398
|player|p2|bingus100|clay|1453
|gen|9
|tier|[Gen 9] OU
|rated|
|rule|HP Percentage Mod: HP is shown in percentages
|rule|Endless Battle Clause: Forcing endless battles is banned
|rule|Species Clause: Limit one of each Pokémon
|rule|OHKO Clause: OHKO moves are banned
|rule|Evasion Items Clause: Evasion items are banned
|rule|Evasion Moves Clause: Evasion moves are banned
|rule|Evasion Abilities Clause: Evasion abilities are banned
|rule|Sleep Moves Clause: Sleep-inducing moves are banned
|clearpoke
|poke|p1|Drifblim, F|
|poke|p1|Rillaboom, F|
|poke|p1|Magnezone|
|poke|p1|Glimmora, F|
|poke|p1|Gholdengo|
|poke|p1|Dragapult, M|
|poke|p2|Heatran, M|
|poke|p2|Ogerpon-Wellspring, F|
|poke|p2|Rillaboom, M|
|poke|p2|Great Tusk|
|poke|p2|Dragapult, M|
|poke|p2|Bronzong|
|teampreview
|
|t:|1758272558
|teamsize|p1|6
|teamsize|p2|6
|start
|switch|p1a: Rillaboom|Rillaboom, F|100/100
|switch|p2a: Heatran|Heatran, M|100/100
|-fieldstart|move: Grassy Terrain|[from] ability: Grassy Surge|[of] p1a: Rillaboom
|turn|1
|
|t:|1758272565
|switch|p1a: Glimmora|Glimmora, F|100/100
|move|p2a: Heatran|Magma Storm|p1a: Glimmora
|-resisted|p1a: Glimmora
|-damage|p1a: Glimmora|74/100
|-activate|p1a: Glimmora|move: Magma Storm|[of] p2a: Heatran
|
|-heal|p1a: Glimmora|80/100|[from] Grassy Terrain
|-damage|p1a: Glimmora|68/100|[from] move: Magma Storm|[partiallytrapped]
|upkeep
|turn|2
|
|t:|1758272574
|move|p1a: Glimmora|Stealth Rock|p2a: Heatran
|-sidestart|p2: bingus100|move: Stealth Rock
|move|p2a: Heatran|Earth Power|p1a: Glimmora
|-supereffective|p1a: Glimmora
|-damage|p1a: Glimmora|0 fnt
|faint|p1a: Glimmora
|
|upkeep
|inactive|Battle timer is ON: inactive players will automatically lose when time's up. (requested by bingus100)
|
|t:|1758272607
|switch|p1a: Dragapult|Dragapult, M|100/100
|turn|3
|
|t:|1758272614
|move|p1a: Dragapult|Phantom Force||[still]
|-prepare|p1a: Dragapult|Phantom Force
|move|p2a: Heatran|Heavy Slam|p1a: Dragapult|[miss]
|-miss|p2a: Heatran|p1a: Dragapult
|
|upkeep
|turn|4
|
|t:|1758272618
|move|p1a: Dragapult|Phantom Force|p2a: Heatran|[from] lockedmove
|-damage|p2a: Heatran|45/100
|move|p2a: Heatran|Heavy Slam|p1a: Dragapult
|-damage|p1a: Dragapult|58/100
|
|-heal|p1a: Dragapult|64/100|[from] Grassy Terrain
|-heal|p2a: Heatran|51/100|[from] Grassy Terrain
|-heal|p2a: Heatran|57/100|[from] item: Leftovers
|upkeep
|turn|5
|
|t:|1758272628
|switch|p2a: Great Tusk|Great Tusk|100/100
|move|p1a: Dragapult|Phantom Force||[still]
|-prepare|p1a: Dragapult|Phantom Force
|
|-fieldend|move: Grassy Terrain
|upkeep
|turn|6
|
|t:|1758272634
|move|p1a: Dragapult|Phantom Force|p2a: Great Tusk|[from] lockedmove
|-damage|p2a: Great Tusk|56/100
|move|p2a: Great Tusk|Ice Spinner|p1a: Dragapult
|-supereffective|p1a: Dragapult
|-damage|p1a: Dragapult|0 fnt
|faint|p1a: Dragapult
|
|upkeep
|
|t:|1758272637
|switch|p1a: Rillaboom|Rillaboom, F|100/100
|-fieldstart|move: Grassy Terrain|[from] ability: Grassy Surge|[of] p1a: Rillaboom
|turn|7
|
|t:|1758272654
|-end|p2a: Great Tusk|Protosynthesis|[silent]
|switch|p2a: Bronzong|Bronzong, shiny|100/100
|-damage|p2a: Bronzong|94/100|[from] Stealth Rock
|move|p1a: Rillaboom|Knock Off|p2a: Bronzong
|-supereffective|p2a: Bronzong
|-enditem|p2a: Bronzong|Colbur Berry|[eat]
|-enditem|p2a: Bronzong|Colbur Berry|[weaken]
|-damage|p2a: Bronzong|58/100
|
|upkeep
|turn|8
|
|t:|1758272669
|move|p1a: Rillaboom|Knock Off|p2a: Bronzong
|-supereffective|p2a: Bronzong
|-damage|p2a: Bronzong|11/100
|move|p2a: Bronzong|Stealth Rock|p1a: Rillaboom
|-sidestart|p1: darkmaniman+minus|move: Stealth Rock
|
|upkeep
|turn|9
|
|t:|1758272674
|move|p1a: Rillaboom|Knock Off|p2a: Bronzong
|-supereffective|p2a: Bronzong
|-damage|p2a: Bronzong|0 fnt
|faint|p2a: Bronzong
|
|upkeep
|
|t:|1758272683
|switch|p2a: Rillaboom|Rillaboom, M|100/100
|-damage|p2a: Rillaboom|88/100|[from] Stealth Rock
|turn|10
|
|t:|1758272689
|move|p2a: Rillaboom|U-turn|p1a: Rillaboom
|-supereffective|p1a: Rillaboom
|-damage|p1a: Rillaboom|50/100
|
|t:|1758272698
|switch|p2a: Heatran|Heatran, M|57/100|[from] U-turn
|-damage|p2a: Heatran|45/100|[from] Stealth Rock
|move|p1a: Rillaboom|Knock Off|p2a: Heatran
|-damage|p2a: Heatran|0 fnt
|-enditem|p2a: Heatran|Leftovers|[from] move: Knock Off|[of] p1a: Rillaboom
|faint|p2a: Heatran
|
|-heal|p1a: Rillaboom|57/100|[from] Grassy Terrain
|upkeep
|
|t:|1758272708
|switch|p2a: Dragapult|Dragapult, M|100/100
|-damage|p2a: Dragapult|88/100|[from] Stealth Rock
|turn|11
|
|t:|1758272714
|switch|p1a: Magnezone|Magnezone|100/100
|-damage|p1a: Magnezone|94/100|[from] Stealth Rock
|move|p2a: Dragapult|Flamethrower|p1a: Magnezone
|-supereffective|p1a: Magnezone
|-damage|p1a: Magnezone|11/100
|
|-heal|p2a: Dragapult|94/100|[from] Grassy Terrain
|-heal|p1a: Magnezone|17/100|[from] Grassy Terrain
|-fieldend|move: Grassy Terrain
|upkeep
|turn|12
|
|t:|1758272723
|move|p2a: Dragapult|Flamethrower|p1a: Magnezone
|-supereffective|p1a: Magnezone
|-damage|p1a: Magnezone|0 fnt
|faint|p1a: Magnezone
|
|upkeep
|
|t:|1758272726
|switch|p1a: Gholdengo|Gholdengo|100/100
|-damage|p1a: Gholdengo|94/100|[from] Stealth Rock
|turn|13
|
|t:|1758272734
|switch|p2a: Great Tusk|Great Tusk|56/100
|move|p1a: Gholdengo|Shadow Ball|p2a: Great Tusk
|-damage|p2a: Great Tusk|3/100
|
|upkeep
|turn|14
|
|t:|1758272739
|switch|p1a: Rillaboom|Rillaboom, F|57/100
|-damage|p1a: Rillaboom|44/100|[from] Stealth Rock
|-fieldstart|move: Grassy Terrain|[from] ability: Grassy Surge|[of] p1a: Rillaboom
|move|p2a: Great Tusk|Headlong Rush|p1a: Rillaboom
|-resisted|p1a: Rillaboom
|-damage|p1a: Rillaboom|15/100
|-unboost|p2a: Great Tusk|def|1
|-unboost|p2a: Great Tusk|spd|1
|
|-heal|p2a: Great Tusk|9/100|[from] Grassy Terrain
|-heal|p1a: Rillaboom|22/100|[from] Grassy Terrain
|upkeep
|turn|15
|
|t:|1758272754
|move|p1a: Rillaboom|Grassy Glide|p2a: Great Tusk
|-supereffective|p2a: Great Tusk
|-damage|p2a: Great Tusk|0 fnt
|faint|p2a: Great Tusk
|-end|p2a: Great Tusk|Protosynthesis|[silent]
|
|-heal|p1a: Rillaboom|28/100|[from] Grassy Terrain
|upkeep
|
|t:|1758272765
|switch|p2a: Rillaboom|Rillaboom, M|88/100
|-damage|p2a: Rillaboom|75/100|[from] Stealth Rock
|turn|16
|
|t:|1758272771
|switch|p1a: Gholdengo|Gholdengo|94/100
|-damage|p1a: Gholdengo|88/100|[from] Stealth Rock
|-enditem|p1a: Gholdengo|Grassy Seed
|-boost|p1a: Gholdengo|def|1|[from] item: Grassy Seed
|move|p2a: Rillaboom|U-turn|p1a: Gholdengo
|-resisted|p1a: Gholdengo
|-damage|p1a: Gholdengo|85/100
|
|t:|1758272782
|switch|p2a: Dragapult|Dragapult, M|94/100|[from] U-turn
|-damage|p2a: Dragapult|82/100|[from] Stealth Rock
|
|-heal|p2a: Dragapult|88/100|[from] Grassy Terrain
|-heal|p1a: Gholdengo|92/100|[from] Grassy Terrain
|upkeep
|turn|17
|
|t:|1758272796
|-terastallize|p1a: Gholdengo|Fairy
|move|p2a: Dragapult|Shadow Ball|p1a: Gholdengo
|-crit|p1a: Gholdengo
|-damage|p1a: Gholdengo|18/100
|move|p1a: Gholdengo|Shadow Ball|p2a: Dragapult
|-supereffective|p2a: Dragapult
|-damage|p2a: Dragapult|0 fnt
|faint|p2a: Dragapult
|
|-heal|p1a: Gholdengo|24/100|[from] Grassy Terrain
|upkeep
|
|t:|1758272802
|switch|p2a: Ogerpon|Ogerpon-Wellspring, F|100/100
|-damage|p2a: Ogerpon|88/100|[from] Stealth Rock
|turn|18
|
|t:|1758272806
|move|p2a: Ogerpon|Ivy Cudgel|p1a: Gholdengo|[anim] Ivy Cudgel Water
|-damage|p1a: Gholdengo|0 fnt
|faint|p1a: Gholdengo
|
|-heal|p2a: Ogerpon|94/100|[from] Grassy Terrain
|-fieldend|move: Grassy Terrain
|upkeep
|
|t:|1758272809
|switch|p1a: Rillaboom|Rillaboom, F|28/100
|-damage|p1a: Rillaboom|15/100|[from] Stealth Rock
|-fieldstart|move: Grassy Terrain|[from] ability: Grassy Surge|[of] p1a: Rillaboom
|turn|19
|
|t:|1758272817
|move|p2a: Ogerpon|Grassy Glide|p1a: Rillaboom
|-resisted|p1a: Rillaboom
|-damage|p1a: Rillaboom|0 fnt
|faint|p1a: Rillaboom
|
|-heal|p2a: Ogerpon|99/100|[from] Grassy Terrain
|upkeep
|
|t:|1758272821
|switch|p1a: Drifblim|Drifblim, F|100/100
|-damage|p1a: Drifblim|76/100|[from] Stealth Rock
|-enditem|p1a: Drifblim|Grassy Seed
|-boost|p1a: Drifblim|def|1|[from] item: Grassy Seed
|turn|20
|
|t:|1758272833
|move|p1a: Drifblim|Will-O-Wisp|p2a: Ogerpon
|-status|p2a: Ogerpon|brn
|move|p2a: Ogerpon|Swords Dance|p2a: Ogerpon
|-boost|p2a: Ogerpon|atk|2
|
|-heal|p2a: Ogerpon|100/100 brn|[from] Grassy Terrain
|-damage|p2a: Ogerpon|95/100 brn|[from] brn
|upkeep
|turn|21
|
|t:|1758272850
|-terastallize|p2a: Ogerpon|Water
|detailschange|p2a: Ogerpon|Ogerpon-Wellspring-Tera, F, tera:Water
|-ability|p2a: Ogerpon|Embody Aspect (Wellspring)|boost
|-boost|p2a: Ogerpon|spd|1
|move|p1a: Drifblim|Calm Mind|p1a: Drifblim
|-boost|p1a: Drifblim|spa|1
|-boost|p1a: Drifblim|spd|1
|move|p2a: Ogerpon|Swords Dance|p2a: Ogerpon
|-boost|p2a: Ogerpon|atk|2
|
|-heal|p2a: Ogerpon|100/100 brn|[from] Grassy Terrain
|-damage|p2a: Ogerpon|95/100 brn|[from] brn
|upkeep
|turn|22
|
|t:|1758272856
|move|p1a: Drifblim|Strength Sap|p2a: Ogerpon
|-unboost|p2a: Ogerpon|atk|1
|-heal|p1a: Drifblim|100/100
|move|p2a: Ogerpon|Swords Dance|p2a: Ogerpon
|-boost|p2a: Ogerpon|atk|2
|
|-heal|p2a: Ogerpon|100/100 brn|[from] Grassy Terrain
|-damage|p2a: Ogerpon|95/100 brn|[from] brn
|upkeep
|turn|23
|
|t:|1758272860
|move|p1a: Drifblim|Shadow Ball|p2a: Ogerpon
|-damage|p2a: Ogerpon|54/100 brn
|move|p2a: Ogerpon|Swords Dance|p2a: Ogerpon
|-boost|p2a: Ogerpon|atk|1
|
|-heal|p2a: Ogerpon|60/100 brn|[from] Grassy Terrain
|-damage|p2a: Ogerpon|54/100 brn|[from] brn
|-fieldend|move: Grassy Terrain
|upkeep
|turn|24
|
|t:|1758272865
|move|p1a: Drifblim|Strength Sap|p2a: Ogerpon
|-unboost|p2a: Ogerpon|atk|1
|move|p2a: Ogerpon|Ivy Cudgel|p1a: Drifblim|[anim] Ivy Cudgel Water
|-damage|p1a: Drifblim|0 fnt
|faint|p1a: Drifblim
|
|win|bingus100
|raw|darkmaniman+minus's rating: 1398 &rarr; <strong>1381</strong><br />(-17 for losing)
|raw|bingus100's rating: 1453 &rarr; <strong>1470</strong><br />(+17 for winning)
|l|☆darkmaniman+minus
|player|p1|
|l|☆bingus100
|player|p2|
