|j|☆ZU Propaganda
|j|☆turnmistakes
|t:|1758322656
|gametype|singles
|player|p1|ZU Propaganda|pokemonbreeder-gen4|1073
|player|p2|turnmistakes|barry|1080
|gen|9
|tier|[Gen 9] OU
|rated|
|rule|HP Percentage Mod: HP is shown in percentages
|rule|Endless Battle Clause: Forcing endless battles is banned
|rule|Species Clause: Limit one of each Pokémon
|rule|OHKO Clause: OHKO moves are banned
|rule|Evasion Items Clause: Evasion items are banned
|rule|Evasion Moves Clause: Evasion moves are banned
|rule|Evasion Abilities Clause: Evasion abilities are banned
|rule|Sleep Moves Clause: Sleep-inducing moves are banned
|clearpoke
|poke|p1|Basculin-Blue-Striped, M|
|poke|p1|Beartic, M|
|poke|p1|Toedscruel, M|
|poke|p1|Persian-Alola, M|
|poke|p1|Mesprit|
|poke|p1|Magmortar, F|
|poke|p2|Iron Valiant|
|poke|p2|Dragapult, M|
|poke|p2|Ting-Lu|
|poke|p2|Zamazenta-*|
|poke|p2|Ogerpon-Wellspring, F|
|poke|p2|Clefable, M|
|teampreview
|
|t:|1758322668
|teamsize|p1|6
|teamsize|p2|6
|start
|switch|p1a: Persian|Persian-Alola, M|100/100
|switch|p2a: Zamazenta|Zamazenta|100/100
|-ability|p2a: Zamazenta|Dauntless Shield|boost
|-boost|p2a: Zamazenta|def|1
|turn|1
|
|t:|1758322674
|move|p1a: Persian|Fake Out|p2a: Zamazenta
|-damage|p2a: Zamazenta|96/100
|cant|p2a: Zamazenta|flinch
|
|upkeep
|turn|2
|
|t:|1758322683
|move|p2a: Zamazenta|Close Combat|p1a: Persian
|-supereffective|p1a: Persian
|-damage|p1a: Persian|14/100
|-unboost|p2a: Zamazenta|def|1
|-unboost|p2a: Zamazenta|spd|1
|move|p1a: Persian|Knock Off|p2a: Zamazenta
|-resisted|p2a: Zamazenta
|-damage|p2a: Zamazenta|86/100
|-enditem|p2a: Zamazenta|Choice Band|[from] move: Knock Off|[of] p1a: Persian
|
|upkeep
|turn|3
|
|t:|1758322705
|move|p2a: Zamazenta|Heavy Slam|p1a: Persian
|-damage|p1a: Persian|0 fnt
|faint|p1a: Persian
|
|upkeep
|
|t:|1758322727
|switch|p1a: Mesprit|Mesprit|100/100
|turn|4
|
|t:|1758322744
|move|p2a: Zamazenta|Heavy Slam|p1a: Mesprit
|-damage|p1a: Mesprit|67/100
|move|p1a: Mesprit|Mystical Power|p2a: Zamazenta
|-supereffective|p2a: Zamazenta
|-damage|p2a: Zamazenta|0 fnt
|-boost|p1a: Mesprit|spa|1
|faint|p2a: Zamazenta
|
|upkeep
|
|t:|1758322754
|switch|p2a: Ogerpon|Ogerpon-Wellspring, F|100/100
|turn|5
|
|t:|1758322764
|-terastallize|p2a: Ogerpon|Water
|detailschange|p2a: Ogerpon|Ogerpon-Wellspring-Tera, F, tera:Water
|-ability|p2a: Ogerpon|Embody Aspect (Wellspring)|boost
|-boost|p2a: Ogerpon|spd|1
|move|p2a: Ogerpon|Ivy Cudgel|p1a: Mesprit|[anim] Ivy Cudgel Water
|-damage|p1a: Mesprit|0 fnt
|faint|p1a: Mesprit
|
|upkeep
|
|t:|1758322776
|switch|p1a: Toedscruel|Toedscruel, M|100/100
|turn|6
|
|t:|1758322790
|move|p2a: Ogerpon|Ivy Cudgel|p1a: Toedscruel|[anim] Ivy Cudgel Water
|-crit|p1a: Toedscruel
|-enditem|p1a: Toedscruel|Focus Sash
|-damage|p1a: Toedscruel|1/100
|move|p1a: Toedscruel|Rain Dance|p1a: Toedscruel
|-weather|RainDance
|
|-weather|RainDance|[upkeep]
|upkeep
|turn|7
|
|t:|1758322797
|move|p2a: Ogerpon|Ivy Cudgel|p1a: Toedscruel|[anim] Ivy Cudgel Water
|-damage|p1a: Toedscruel|0 fnt
|faint|p1a: Toedscruel
|
|-weather|RainDance|[upkeep]
|upkeep
|
|t:|1758322812
|switch|p1a: Beartic|Beartic, M|100/100
|turn|8
|
|t:|1758322840
|move|p1a: Beartic|Trailblaze|p2a: Ogerpon
|-supereffective|p2a: Ogerpon
|-damage|p2a: Ogerpon|52/100
|-boost|p1a: Beartic|spe|1
|move|p2a: Ogerpon|Ivy Cudgel|p1a: Beartic|[anim] Ivy Cudgel Water
|-crit|p1a: Beartic
|-damage|p1a: Beartic|0 fnt
|faint|p1a: Beartic
|
|-weather|RainDance|[upkeep]
|upkeep
|
|t:|1758322853
|switch|p1a: Basculin|Basculin-Blue-Striped, M|100/100
|turn|9
|
|t:|1758322881
|-terastallize|p1a: Basculin|Water
|move|p2a: Ogerpon|Ivy Cudgel|p1a: Basculin|[anim] Ivy Cudgel Water
|-resisted|p1a: Basculin
|-damage|p1a: Basculin|0 fnt
|faint|p1a: Basculin
|
|-weather|RainDance|[upkeep]
|upkeep
|
|t:|1758322893
|switch|p1a: Magmortar|Magmortar, F|100/100
|turn|10
|
|t:|1758322901
|move|p2a: Ogerpon|Ivy Cudgel|p1a: Magmortar|[anim] Ivy Cudgel Water
|-supereffective|p1a: Magmortar
|-damage|p1a: Magmortar|0 fnt
|faint|p1a: Magmortar
|
|win|turnmistakes
|raw|ZU Propaganda's rating: 1073 &rarr; <strong>1052</strong><br />(-21 for losing)
|raw|turnmistakes's rating: 1080 &rarr; <strong>1107</strong><br />(+27 for winning)
|l|☆ZU Propaganda
|player|p1|
|l|☆turnmistakes
|player|p2|
