|j|☆Jusk-99
|j|☆nonaud11
|t:|1758377543
|gametype|singles
|player|p1|Jusk-99|aaron|1210
|player|p2|nonaud11|170|1158
|gen|9
|tier|[Gen 9] OU
|rated|
|rule|HP Percentage Mod: HP is shown in percentages
|rule|Endless Battle Clause: Forcing endless battles is banned
|rule|Species Clause: Limit one of each Pokémon
|rule|OHKO Clause: OHKO moves are banned
|rule|Evasion Items Clause: Evasion items are banned
|rule|Evasion Moves Clause: Evasion moves are banned
|rule|Evasion Abilities Clause: Evasion abilities are banned
|rule|Sleep Moves Clause: Sleep-inducing moves are banned
|clearpoke
|poke|p1|Galvantula, F|
|poke|p1|Gastrodon, M|
|poke|p1|Honchkrow, M|
|poke|p1|Lokix, F|
|poke|p1|Revavroom, M|
|poke|p1|Chandelure, M|
|poke|p2|Arcanine-Hisui, M|
|poke|p2|Gliscor, M|
|poke|p2|Great Tusk|
|poke|p2|Darkrai|
|poke|p2|Slowking-Galar, F|
|poke|p2|Rillaboom, F|
|teampreview
|
|t:|1758377554
|teamsize|p1|6
|teamsize|p2|6
|start
|switch|p1a: Lokix|Lokix, F|100/100
|switch|p2a: Arcanine|Arcanine-Hisui, M|100/100
|turn|1
|
|t:|1758377564
|switch|p1a: Chandelure|Chandelure, M|100/100
|move|p2a: Arcanine|Head Smash|p1a: Chandelure|[miss]
|-miss|p2a: Arcanine|p1a: Chandelure
|
|upkeep
|turn|2
|
|t:|1758377571
|switch|p1a: Revavroom|Revavroom, M|100/100
|-terastallize|p2a: Arcanine|Normal
|move|p2a: Arcanine|Head Smash|p1a: Revavroom
|-resisted|p1a: Revavroom
|-damage|p1a: Revavroom|42/100
|-damage|p2a: Arcanine|84/100|[from] item: Rocky Helmet|[of] p1a: Revavroom
|-damage|p2a: Arcanine|74/100|[from] item: Life Orb
|
|upkeep
|turn|3
|
|t:|1758377590
|move|p2a: Arcanine|Head Smash|p1a: Revavroom
|-resisted|p1a: Revavroom
|-damage|p1a: Revavroom|0 fnt
|-damage|p2a: Arcanine|57/100|[from] item: Rocky Helmet|[of] p1a: Revavroom
|faint|p1a: Revavroom
|-damage|p2a: Arcanine|47/100|[from] item: Life Orb
|
|upkeep
|
|t:|1758377598
|switch|p1a: Lokix|Lokix, F|100/100
|turn|4
|inactive|Battle timer is ON: inactive players will automatically lose when time's up. (requested by nonaud11)
|
|t:|1758377606
|move|p2a: Arcanine|Extreme Speed|p1a: Lokix
|-damage|p1a: Lokix|27/100
|-damage|p2a: Arcanine|37/100|[from] item: Life Orb
|move|p1a: Lokix|First Impression|p2a: Arcanine
|-damage|p2a: Arcanine|0 fnt
|faint|p2a: Arcanine
|-damage|p1a: Lokix|17/100|[from] item: Life Orb
|
|upkeep
|
|t:|1758377616
|switch|p2a: Great Tusk|Great Tusk|100/100
|turn|5
|
|t:|1758377620
|switch|p1a: Honchkrow|Honchkrow, M|100/100
|move|p2a: Great Tusk|Headlong Rush|p1a: Honchkrow
|-immune|p1a: Honchkrow
|
|upkeep
|turn|6
|
|t:|1758377637
|move|p2a: Great Tusk|Ice Spinner|p1a: Honchkrow
|-supereffective|p1a: Honchkrow
|-damage|p1a: Honchkrow|21/100
|move|p1a: Honchkrow|Tailwind|p1a: Honchkrow
|-sidestart|p1: Jusk-99|move: Tailwind
|
|upkeep
|turn|7
|-enditem|p1a: Honchkrow|Custap Berry|[eat]
|-activate|p1a: Honchkrow|item: Custap Berry|[consumed]
|
|t:|1758377645
|move|p1a: Honchkrow|Brave Bird|p2a: Great Tusk
|-supereffective|p2a: Great Tusk
|-crit|p2a: Great Tusk
|-damage|p2a: Great Tusk|0 fnt
|faint|p2a: Great Tusk
|-end|p2a: Great Tusk|Protosynthesis|[silent]
|-ability|p1a: Honchkrow|Moxie|boost
|-boost|p1a: Honchkrow|atk|1
|-damage|p1a: Honchkrow|0 fnt|[from] Recoil
|faint|p1a: Honchkrow
|
|upkeep
|
|t:|1758377657
|switch|p2a: Slowking|Slowking-Galar, F|100/100
|switch|p1a: Lokix|Lokix, F|17/100
|turn|8
|
|t:|1758377664
|switch|p2a: Gliscor|Gliscor, M|100/100
|-terastallize|p1a: Lokix|Bug
|move|p1a: Lokix|Leech Life|p2a: Gliscor
|-resisted|p2a: Gliscor
|-damage|p2a: Gliscor|57/100
|-heal|p1a: Lokix|45/100|[from] drain|[of] p2a: Gliscor
|-damage|p1a: Lokix|35/100|[from] item: Life Orb
|
|-status|p2a: Gliscor|tox|[from] item: Toxic Orb
|upkeep
|turn|9
|
|t:|1758377676
|move|p2a: Gliscor|Protect|p2a: Gliscor
|-singleturn|p2a: Gliscor|Protect
|move|p1a: Lokix|Knock Off|p2a: Gliscor
|-activate|p2a: Gliscor|move: Protect
|
|-heal|p2a: Gliscor|70/100 tox|[from] ability: Poison Heal
|-sideend|p1: Jusk-99|move: Tailwind
|upkeep
|turn|10
|
|t:|1758377685
|move|p1a: Lokix|Knock Off|p2a: Gliscor
|-damage|p2a: Gliscor|32/100 tox
|-enditem|p2a: Gliscor|Toxic Orb|[from] move: Knock Off|[of] p1a: Lokix
|-damage|p1a: Lokix|25/100|[from] item: Life Orb
|move|p2a: Gliscor|Toxic|p1a: Lokix|[miss]
|-miss|p2a: Gliscor|p1a: Lokix
|
|-heal|p2a: Gliscor|44/100 tox|[from] ability: Poison Heal
|upkeep
|turn|11
|
|t:|1758377695
|move|p2a: Gliscor|Protect|p2a: Gliscor
|-singleturn|p2a: Gliscor|Protect
|move|p1a: Lokix|Leech Life|p2a: Gliscor
|-activate|p2a: Gliscor|move: Protect
|
|-heal|p2a: Gliscor|57/100 tox|[from] ability: Poison Heal
|upkeep
|turn|12
|
|t:|1758377706
|move|p1a: Lokix|Leech Life|p2a: Gliscor
|-resisted|p2a: Gliscor
|-damage|p2a: Gliscor|15/100 tox
|-heal|p1a: Lokix|51/100|[from] drain|[of] p2a: Gliscor
|-damage|p1a: Lokix|41/100|[from] item: Life Orb
|move|p2a: Gliscor|Toxic|p1a: Lokix
|-status|p1a: Lokix|tox
|
|-damage|p1a: Lokix|35/100 tox|[from] psn
|-heal|p2a: Gliscor|27/100 tox|[from] ability: Poison Heal
|upkeep
|turn|13
|
|t:|1758377718
|switch|p1a: Chandelure|Chandelure, M|100/100
|move|p2a: Gliscor|Protect||[still]
|-fail|p2a: Gliscor
|
|-heal|p2a: Gliscor|40/100 tox|[from] ability: Poison Heal
|upkeep
|turn|14
|
|t:|1758377728
|switch|p2a: Slowking|Slowking-Galar, F|100/100
|move|p1a: Chandelure|Flamethrower|p2a: Slowking
|-damage|p2a: Slowking|67/100
|
|upkeep
|turn|15
|
|t:|1758377735
|move|p1a: Chandelure|Flamethrower|p2a: Slowking
|-damage|p2a: Slowking|37/100
|-prepare|p2a: Slowking|Chilly Reception|[premajor]
|move|p2a: Slowking|Chilly Reception|p2a: Slowking
|-weather|Snowscape
|
|t:|1758377740
|switch|p2a: Darkrai|Darkrai|100/100|[from] Chilly Reception
|
|-weather|Snowscape|[upkeep]
|upkeep
|turn|16
|
|t:|1758377747
|switch|p1a: Gastrodon|Gastrodon, M|100/100
|move|p2a: Darkrai|Dark Pulse|p1a: Gastrodon
|-damage|p1a: Gastrodon|67/100
|
|-weather|Snowscape|[upkeep]
|-heal|p1a: Gastrodon|73/100|[from] item: Leftovers
|upkeep
|turn|17
|
|t:|1758377756
|switch|p2a: Rillaboom|Rillaboom, F|100/100
|-fieldstart|move: Grassy Terrain|[from] ability: Grassy Surge|[of] p2a: Rillaboom
|move|p1a: Gastrodon|Chilling Water|p2a: Rillaboom
|-resisted|p2a: Rillaboom
|-damage|p2a: Rillaboom|90/100
|-unboost|p2a: Rillaboom|atk|1
|
|-weather|Snowscape|[upkeep]
|-heal|p2a: Rillaboom|96/100|[from] Grassy Terrain
|-heal|p1a: Gastrodon|79/100|[from] Grassy Terrain
|-heal|p1a: Gastrodon|85/100|[from] item: Leftovers
|upkeep
|turn|18
|
|t:|1758377769
|move|p1a: Gastrodon|Protect|p1a: Gastrodon
|-singleturn|p1a: Gastrodon|Protect
|move|p2a: Rillaboom|Wood Hammer|p1a: Gastrodon
|-activate|p1a: Gastrodon|move: Protect
|
|-weather|Snowscape|[upkeep]
|-heal|p2a: Rillaboom|100/100|[from] Grassy Terrain
|-heal|p1a: Gastrodon|91/100|[from] Grassy Terrain
|-heal|p1a: Gastrodon|97/100|[from] item: Leftovers
|upkeep
|turn|19
|
|t:|1758377780
|switch|p1a: Galvantula|Galvantula, F|100/100
|move|p2a: Rillaboom|Wood Hammer|p1a: Galvantula
|-resisted|p1a: Galvantula
|-crit|p1a: Galvantula
|-enditem|p1a: Galvantula|Focus Sash
|-damage|p1a: Galvantula|1/100
|-damage|p2a: Rillaboom|73/100|[from] Recoil
|
|-weather|none
|-heal|p1a: Galvantula|7/100|[from] Grassy Terrain
|-heal|p2a: Rillaboom|79/100|[from] Grassy Terrain
|upkeep
|turn|20
|
|t:|1758377794
|switch|p2a: Slowking|Slowking-Galar, F|70/100
|move|p1a: Galvantula|Bug Buzz|p2a: Slowking
|-damage|p2a: Slowking|48/100
|
|-heal|p1a: Galvantula|13/100|[from] Grassy Terrain
|-heal|p2a: Slowking|54/100|[from] Grassy Terrain
|upkeep
|turn|21
|
|t:|1758377803
|move|p1a: Galvantula|Sticky Web|p2a: Slowking
|-sidestart|p2: nonaud11|move: Sticky Web
|move|p2a: Slowking|Slack Off|p2a: Slowking
|-heal|p2a: Slowking|100/100
|
|-heal|p1a: Galvantula|19/100|[from] Grassy Terrain
|-fieldend|move: Grassy Terrain
|upkeep
|turn|22
|
|t:|1758377813
|switch|p1a: Gastrodon|Gastrodon, M|97/100
|move|p2a: Slowking|Sludge Bomb|p1a: Gastrodon
|-resisted|p1a: Gastrodon
|-damage|p1a: Gastrodon|84/100
|
|-heal|p1a: Gastrodon|90/100|[from] item: Leftovers
|upkeep
|turn|23
|
|t:|1758377822
|move|p1a: Gastrodon|Chilling Water|p2a: Slowking
|-damage|p2a: Slowking|90/100
|-unboost|p2a: Slowking|atk|1
|move|p2a: Slowking|Future Sight|p1a: Gastrodon
|-start|p2a: Slowking|move: Future Sight
|
|-heal|p1a: Gastrodon|96/100|[from] item: Leftovers
|upkeep
|turn|24
|
|t:|1758377830
|move|p1a: Gastrodon|Earth Power|p2a: Slowking
|-supereffective|p2a: Slowking
|-damage|p2a: Slowking|55/100
|move|p2a: Slowking|Sludge Bomb|p1a: Gastrodon
|-resisted|p1a: Gastrodon
|-damage|p1a: Gastrodon|81/100
|-status|p1a: Gastrodon|psn
|
|-heal|p1a: Gastrodon|87/100 psn|[from] item: Leftovers
|-damage|p1a: Gastrodon|75/100 psn|[from] psn
|upkeep
|turn|25
|
|t:|1758377842
|move|p1a: Gastrodon|Recover|p1a: Gastrodon
|-heal|p1a: Gastrodon|100/100 psn
|move|p2a: Slowking|Sludge Bomb|p1a: Gastrodon
|-resisted|p1a: Gastrodon
|-damage|p1a: Gastrodon|86/100 psn
|
|-end|p1a: Gastrodon|move: Future Sight
|-damage|p1a: Gastrodon|51/100 psn
|-heal|p1a: Gastrodon|57/100 psn|[from] item: Leftovers
|-damage|p1a: Gastrodon|45/100 psn|[from] psn
|upkeep
|turn|26
|
|t:|1758377854
|switch|p2a: Rillaboom|Rillaboom, F|79/100
|-activate|p2a: Rillaboom|move: Sticky Web
|-unboost|p2a: Rillaboom|spe|1
|-fieldstart|move: Grassy Terrain|[from] ability: Grassy Surge|[of] p2a: Rillaboom
|move|p1a: Gastrodon|Recover|p1a: Gastrodon
|-heal|p1a: Gastrodon|95/100 psn
|
|-heal|p2a: Rillaboom|86/100|[from] Grassy Terrain
|-heal|p1a: Gastrodon|100/100 psn|[from] Grassy Terrain
|-damage|p1a: Gastrodon|88/100 psn|[from] psn
|upkeep
|turn|27
|
|t:|1758377866
|move|p1a: Gastrodon|Protect|p1a: Gastrodon
|-singleturn|p1a: Gastrodon|Protect
|move|p2a: Rillaboom|Wood Hammer|p1a: Gastrodon
|-activate|p1a: Gastrodon|move: Protect
|
|-heal|p2a: Rillaboom|92/100|[from] Grassy Terrain
|-heal|p1a: Gastrodon|94/100 psn|[from] Grassy Terrain
|-heal|p1a: Gastrodon|99/100 psn|[from] item: Leftovers
|-damage|p1a: Gastrodon|88/100 psn|[from] psn
|upkeep
|turn|28
|
|t:|1758377878
|switch|p1a: Chandelure|Chandelure, M|100/100
|move|p2a: Rillaboom|Wood Hammer|p1a: Chandelure
|-resisted|p1a: Chandelure
|-damage|p1a: Chandelure|10/100
|-damage|p2a: Rillaboom|69/100|[from] Recoil
|
|-heal|p1a: Chandelure|17/100|[from] Grassy Terrain
|-heal|p2a: Rillaboom|75/100|[from] Grassy Terrain
|upkeep
|turn|29
|
|t:|1758377888
|switch|p2a: Slowking|Slowking-Galar, F|88/100
|move|p1a: Chandelure|Trick|p2a: Slowking
|-activate|p1a: Chandelure|move: Trick|[of] p2a: Slowking
|-item|p2a: Slowking|Choice Scarf|[from] move: Trick
|-item|p1a: Chandelure|Heavy-Duty Boots|[from] move: Trick
|
|-heal|p1a: Chandelure|23/100|[from] Grassy Terrain
|-heal|p2a: Slowking|94/100|[from] Grassy Terrain
|upkeep
|turn|30
|
|t:|1758377898
|switch|p1a: Gastrodon|Gastrodon, M|88/100 psn
|-prepare|p2a: Slowking|Chilly Reception|[premajor]
|move|p2a: Slowking|Chilly Reception|p2a: Slowking
|-weather|Snowscape
|
|t:|1758377903
|switch|p2a: Rillaboom|Rillaboom, F|75/100|[from] Chilly Reception
|-activate|p2a: Rillaboom|move: Sticky Web
|-unboost|p2a: Rillaboom|spe|1
|
|-weather|Snowscape|[upkeep]
|-heal|p2a: Rillaboom|81/100|[from] Grassy Terrain
|-heal|p1a: Gastrodon|94/100 psn|[from] Grassy Terrain
|-heal|p1a: Gastrodon|99/100 psn|[from] item: Leftovers
|-damage|p1a: Gastrodon|88/100 psn|[from] psn
|-fieldend|move: Grassy Terrain
|upkeep
|turn|31
|
|t:|1758377915
|move|p2a: Rillaboom|Wood Hammer|p1a: Gastrodon
|-supereffective|p1a: Gastrodon
|-damage|p1a: Gastrodon|0 fnt
|faint|p1a: Gastrodon
|-damage|p2a: Rillaboom|50/100|[from] Recoil
|
|-weather|Snowscape|[upkeep]
|upkeep
|
|t:|1758377925
|switch|p1a: Lokix|Lokix, F, tera:Bug|35/100 tox
|turn|32
|
|t:|1758377932
|switch|p2a: Gliscor|Gliscor, M|40/100 tox
|move|p1a: Lokix|Leech Life|p2a: Gliscor
|-resisted|p2a: Gliscor
|-damage|p2a: Gliscor|0 fnt
|-heal|p1a: Lokix|60/100 tox|[from] drain|[of] p2a: Gliscor
|faint|p2a: Gliscor
|-damage|p1a: Lokix|50/100 tox|[from] item: Life Orb
|
|-weather|Snowscape|[upkeep]
|-damage|p1a: Lokix|44/100 tox|[from] psn
|upkeep
|
|t:|1758377946
|switch|p2a: Rillaboom|Rillaboom, F|50/100
|-activate|p2a: Rillaboom|move: Sticky Web
|-unboost|p2a: Rillaboom|spe|1
|-fieldstart|move: Grassy Terrain|[from] ability: Grassy Surge|[of] p2a: Rillaboom
|turn|33
|
|t:|1758377952
|move|p2a: Rillaboom|Grassy Glide|p1a: Lokix
|-resisted|p1a: Lokix
|-damage|p1a: Lokix|5/100 tox
|move|p1a: Lokix|Leech Life|p2a: Rillaboom
|-supereffective|p2a: Rillaboom
|-damage|p2a: Rillaboom|0 fnt
|-heal|p1a: Lokix|35/100 tox|[from] drain|[of] p2a: Rillaboom
|faint|p2a: Rillaboom
|-damage|p1a: Lokix|26/100 tox|[from] item: Life Orb
|
|-weather|Snowscape|[upkeep]
|-heal|p1a: Lokix|32/100 tox|[from] Grassy Terrain
|-damage|p1a: Lokix|20/100 tox|[from] psn
|upkeep
|
|t:|1758377965
|switch|p2a: Darkrai|Darkrai|100/100
|-activate|p2a: Darkrai|move: Sticky Web
|-unboost|p2a: Darkrai|spe|1
|turn|34
|
|t:|1758377971
|switch|p1a: Galvantula|Galvantula, F|19/100
|move|p2a: Darkrai|Dark Pulse|p1a: Galvantula
|-damage|p1a: Galvantula|0 fnt
|faint|p1a: Galvantula
|
|-weather|none
|upkeep
|
|t:|1758377980
|switch|p1a: Lokix|Lokix, F, tera:Bug|20/100 tox
|turn|35
|
|t:|1758377983
|switch|p2a: Slowking|Slowking-Galar, F|100/100
|-activate|p2a: Slowking|move: Sticky Web
|-unboost|p2a: Slowking|spe|1
|move|p1a: Lokix|First Impression|p2a: Slowking
|-damage|p2a: Slowking|27/100
|-damage|p1a: Lokix|10/100 tox|[from] item: Life Orb
|
|-heal|p1a: Lokix|16/100 tox|[from] Grassy Terrain
|-heal|p2a: Slowking|33/100|[from] Grassy Terrain
|-damage|p1a: Lokix|10/100 tox|[from] psn
|upkeep
|turn|36
|
|t:|1758377996
|move|p1a: Lokix|Leech Life|p2a: Slowking
|-damage|p2a: Slowking|0 fnt
|-heal|p1a: Lokix|33/100 tox|[from] drain|[of] p2a: Slowking
|faint|p2a: Slowking
|-damage|p1a: Lokix|23/100 tox|[from] item: Life Orb
|
|-heal|p1a: Lokix|29/100 tox|[from] Grassy Terrain
|-damage|p1a: Lokix|17/100 tox|[from] psn
|upkeep
|
|t:|1758378004
|switch|p2a: Darkrai|Darkrai|100/100
|-activate|p2a: Darkrai|move: Sticky Web
|-unboost|p2a: Darkrai|spe|1
|turn|37
|
|t:|1758378009
|switch|p1a: Chandelure|Chandelure, M|23/100
|move|p2a: Darkrai|Dark Pulse|p1a: Chandelure
|-supereffective|p1a: Chandelure
|-damage|p1a: Chandelure|0 fnt
|faint|p1a: Chandelure
|
|-fieldend|move: Grassy Terrain
|upkeep
|
|t:|1758378018
|switch|p1a: Lokix|Lokix, F, tera:Bug|17/100 tox
|turn|38
|
|t:|1758378021
|move|p1a: Lokix|First Impression|p2a: Darkrai
|-supereffective|p2a: Darkrai
|-damage|p2a: Darkrai|0 fnt
|faint|p2a: Darkrai
|-damage|p1a: Lokix|7/100 tox|[from] item: Life Orb
|
|win|Jusk-99
|raw|Jusk-99's rating: 1210 &rarr; <strong>1231</strong><br />(+21 for winning)
|raw|nonaud11's rating: 1158 &rarr; <strong>1137</strong><br />(-21 for losing)
|l|☆nonaud11
|player|p2|
|l|☆Jusk-99
|player|p1|
