|j|☆peep the drip
|j|☆milman26
|t:|1758346114
|gametype|singles
|player|p1|peep the drip|wattson|1246
|player|p2|milman26|twins|1257
|gen|9
|tier|[Gen 9] OU
|rated|
|rule|HP Percentage Mod: HP is shown in percentages
|rule|Endless Battle Clause: Forcing endless battles is banned
|rule|Species Clause: Limit one of each Pokémon
|rule|OHKO Clause: OHKO moves are banned
|rule|Evasion Items Clause: Evasion items are banned
|rule|Evasion Moves Clause: Evasion moves are banned
|rule|Evasion Abilities Clause: Evasion abilities are banned
|rule|Sleep Moves Clause: Sleep-inducing moves are banned
|clearpoke
|poke|p1|Pelipper, F|
|poke|p1|Hatterene, F|
|poke|p1|Iron Treads|
|poke|p1|Toxicroak, F|
|poke|p1|Barraskewda, F|
|poke|p1|Zapdos|
|poke|p2|Heatran, M|
|poke|p2|Rillaboom, M|
|poke|p2|Ogerpon-Wellspring, F|
|poke|p2|Dragapult, F|
|poke|p2|Great Tusk|
|poke|p2|Bronzong|
|teampreview
|inactive|Battle timer is ON: inactive players will automatically lose when time's up. (requested by peep the drip)
|
|t:|1758346132
|teamsize|p1|6
|teamsize|p2|6
|start
|switch|p1a: Pelipper|Pelipper, F|100/100
|switch|p2a: Rillaboom|Rillaboom, M|100/100
|-fieldstart|move: Grassy Terrain|[from] ability: Grassy Surge|[of] p2a: Rillaboom
|-weather|RainDance|[from] ability: Drizzle|[of] p1a: Pelipper
|turn|1
|
|t:|1758346137
|switch|p1a: Toxicroak|Toxicroak, F|100/100
|move|p2a: Rillaboom|U-turn|p1a: Toxicroak
|-resisted|p1a: Toxicroak
|-damage|p1a: Toxicroak|95/100
|-damage|p2a: Rillaboom|84/100|[from] item: Rocky Helmet|[of] p1a: Toxicroak
|
|t:|1758346165
|switch|p2a: Bronzong|Bronzong|100/100|[from] U-turn
|
|-weather|RainDance|[upkeep]
|-heal|p1a: Toxicroak|100/100|[from] ability: Dry Skin
|upkeep
|turn|2
|
|t:|1758346171
|move|p1a: Toxicroak|Knock Off|p2a: Bronzong
|-supereffective|p2a: Bronzong
|-enditem|p2a: Bronzong|Colbur Berry|[eat]
|-enditem|p2a: Bronzong|Colbur Berry|[weaken]
|-damage|p2a: Bronzong|85/100
|move|p2a: Bronzong|Stealth Rock|p1a: Toxicroak
|-sidestart|p1: peep the drip|move: Stealth Rock
|
|-weather|RainDance|[upkeep]
|upkeep
|turn|3
|
|t:|1758346175
|move|p1a: Toxicroak|Encore|p2a: Bronzong
|-start|p2a: Bronzong|Encore
|move|p2a: Bronzong|Stealth Rock||[still]
|-fail|p2a: Bronzong
|
|-weather|RainDance|[upkeep]
|upkeep
|turn|4
|
|t:|1758346187
|switch|p2a: Great Tusk|Great Tusk|100/100
|move|p1a: Toxicroak|Knock Off|p2a: Great Tusk
|-resisted|p2a: Great Tusk
|-damage|p2a: Great Tusk|92/100
|-enditem|p2a: Great Tusk|Heavy-Duty Boots|[from] move: Knock Off|[of] p1a: Toxicroak
|
|-weather|RainDance|[upkeep]
|-heal|p2a: Great Tusk|98/100|[from] Grassy Terrain
|upkeep
|turn|5
|
|t:|1758346203
|switch|p1a: Hatterene|Hatterene, F|100/100
|-damage|p1a: Hatterene|88/100|[from] Stealth Rock
|move|p2a: Great Tusk|Ice Spinner|p1a: Hatterene
|-damage|p1a: Hatterene|65/100
|-fieldend|move: Grassy Terrain
|-enditem|p1a: Hatterene|Eject Button
|
|t:|1758346210
|switch|p1a: Zapdos|Zapdos|100/100
|-damage|p1a: Zapdos|76/100|[from] Stealth Rock
|
|-weather|RainDance|[upkeep]
|upkeep
|turn|6
|
|t:|1758346217
|-terastallize|p2a: Great Tusk|Steel
|move|p1a: Zapdos|Hurricane|p2a: Great Tusk
|-resisted|p2a: Great Tusk
|-damage|p2a: Great Tusk|35/100
|move|p2a: Great Tusk|Ice Spinner|p1a: Zapdos
|-supereffective|p1a: Zapdos
|-damage|p1a: Zapdos|11/100
|-status|p2a: Great Tusk|par|[from] ability: Static|[of] p1a: Zapdos
|
|-weather|RainDance|[upkeep]
|upkeep
|turn|7
|
|t:|1758346226
|move|p1a: Zapdos|Hurricane|p2a: Great Tusk
|-resisted|p2a: Great Tusk
|-damage|p2a: Great Tusk|0 fnt
|faint|p2a: Great Tusk
|-end|p2a: Great Tusk|Protosynthesis|[silent]
|
|-weather|RainDance|[upkeep]
|upkeep
|
|t:|1758346229
|switch|p2a: Rillaboom|Rillaboom, M|84/100
|-fieldstart|move: Grassy Terrain|[from] ability: Grassy Surge|[of] p2a: Rillaboom
|turn|8
|
|t:|1758346233
|switch|p1a: Toxicroak|Toxicroak, F|100/100
|-damage|p1a: Toxicroak|94/100|[from] Stealth Rock
|move|p2a: Rillaboom|Grassy Glide|p1a: Toxicroak
|-resisted|p1a: Toxicroak
|-damage|p1a: Toxicroak|76/100
|-damage|p2a: Rillaboom|67/100|[from] item: Rocky Helmet|[of] p1a: Toxicroak
|
|-weather|none
|-heal|p1a: Toxicroak|82/100|[from] Grassy Terrain
|-heal|p2a: Rillaboom|73/100|[from] Grassy Terrain
|upkeep
|turn|9
|
|t:|1758346239
|move|p1a: Toxicroak|Knock Off|p2a: Rillaboom
|-damage|p2a: Rillaboom|52/100
|-enditem|p2a: Rillaboom|Terrain Extender|[from] move: Knock Off|[of] p1a: Toxicroak
|move|p2a: Rillaboom|U-turn|p1a: Toxicroak
|-resisted|p1a: Toxicroak
|-damage|p1a: Toxicroak|76/100
|-damage|p2a: Rillaboom|35/100|[from] item: Rocky Helmet|[of] p1a: Toxicroak
|
|t:|1758346244
|switch|p2a: Bronzong|Bronzong|85/100|[from] U-turn
|
|-heal|p1a: Toxicroak|82/100|[from] Grassy Terrain
|upkeep
|turn|10
|
|t:|1758346250
|move|p1a: Toxicroak|Drain Punch|p2a: Bronzong
|-damage|p2a: Bronzong|66/100
|-heal|p1a: Toxicroak|91/100|[from] drain|[of] p2a: Bronzong
|move|p2a: Bronzong|Psychic Noise|p1a: Toxicroak
|-supereffective|p1a: Toxicroak
|-damage|p1a: Toxicroak|0 fnt
|faint|p1a: Toxicroak
|
|upkeep
|
|t:|1758346254
|switch|p1a: Pelipper|Pelipper, F|100/100
|-damage|p1a: Pelipper|76/100|[from] Stealth Rock
|-weather|RainDance|[from] ability: Drizzle|[of] p1a: Pelipper
|turn|11
|
|t:|1758346265
|move|p1a: Pelipper|U-turn|p2a: Bronzong
|-damage|p2a: Bronzong|59/100
|
|t:|1758346268
|switch|p1a: Iron Treads|Iron Treads|100/100|[from] U-turn
|-damage|p1a: Iron Treads|98/100|[from] Stealth Rock
|move|p2a: Bronzong|Future Sight|p1a: Iron Treads
|-start|p2a: Bronzong|move: Future Sight
|
|-weather|RainDance|[upkeep]
|-heal|p1a: Iron Treads|100/100|[from] Grassy Terrain
|upkeep
|turn|12
|
|t:|1758346272
|switch|p2a: Dragapult|Dragapult, F|100/100
|move|p1a: Iron Treads|Rapid Spin|p2a: Dragapult
|-immune|p2a: Dragapult
|
|-weather|RainDance|[upkeep]
|upkeep
|turn|13
|
|t:|1758346279
|move|p2a: Dragapult|Flamethrower|p1a: Iron Treads
|-supereffective|p1a: Iron Treads
|-damage|p1a: Iron Treads|69/100
|move|p1a: Iron Treads|Volt Switch|p2a: Dragapult
|-resisted|p2a: Dragapult
|-damage|p2a: Dragapult|93/100
|
|t:|1758346283
|-end|p1a: Iron Treads|Quark Drive|[silent]
|switch|p1a: Hatterene|Hatterene, F|65/100|[from] Volt Switch
|-damage|p1a: Hatterene|53/100|[from] Stealth Rock
|
|-weather|RainDance|[upkeep]
|-end|p1a: Hatterene|move: Future Sight
|-resisted|p1a: Hatterene
|-damage|p1a: Hatterene|36/100
|-heal|p2a: Dragapult|99/100|[from] Grassy Terrain
|-heal|p1a: Hatterene|42/100|[from] Grassy Terrain
|upkeep
|turn|14
|
|t:|1758346288
|switch|p2a: Heatran|Heatran, M|100/100
|move|p1a: Hatterene|Nuzzle|p2a: Heatran
|-damage|p2a: Heatran|97/100
|-status|p2a: Heatran|par
|
|-weather|RainDance|[upkeep]
|-heal|p1a: Hatterene|48/100|[from] Grassy Terrain
|-heal|p2a: Heatran|100/100 par|[from] Grassy Terrain
|upkeep
|turn|15
|
|t:|1758346302
|switch|p1a: Barraskewda|Barraskewda, F|100/100
|-damage|p1a: Barraskewda|88/100|[from] Stealth Rock
|switch|p2a: Rillaboom|Rillaboom, M|35/100
|
|-weather|RainDance|[upkeep]
|-heal|p1a: Barraskewda|94/100|[from] Grassy Terrain
|-heal|p2a: Rillaboom|42/100|[from] Grassy Terrain
|-fieldend|move: Grassy Terrain
|upkeep
|turn|16
|
|t:|1758346305
|move|p1a: Barraskewda|Close Combat|p2a: Rillaboom
|-damage|p2a: Rillaboom|0 fnt
|-unboost|p1a: Barraskewda|def|1
|-unboost|p1a: Barraskewda|spd|1
|faint|p2a: Rillaboom
|
|-weather|RainDance|[upkeep]
|upkeep
|
|t:|1758346309
|switch|p2a: Ogerpon|Ogerpon-Wellspring, F|100/100
|turn|17
|
|t:|1758346322
|move|p1a: Barraskewda|Close Combat|p2a: Ogerpon
|-damage|p2a: Ogerpon|12/100
|-unboost|p1a: Barraskewda|def|1
|-unboost|p1a: Barraskewda|spd|1
|move|p2a: Ogerpon|Swords Dance|p2a: Ogerpon
|-boost|p2a: Ogerpon|atk|2
|
|-weather|RainDance|[upkeep]
|upkeep
|turn|18
|
|t:|1758346334
|switch|p2a: Dragapult|Dragapult, F|99/100
|move|p1a: Barraskewda|Close Combat|p2a: Dragapult
|-immune|p2a: Dragapult
|
|-weather|none
|upkeep
|turn|19
|
|t:|1758346348
|switch|p1a: Zapdos|Zapdos|11/100
|-damage|p1a: Zapdos|0 fnt|[from] Stealth Rock
|faint|p1a: Zapdos
|move|p2a: Dragapult|Draco Meteor|p1: Zapdos|[notarget]
|-fail|p2a: Dragapult
|
|upkeep
|
|t:|1758346351
|switch|p1a: Hatterene|Hatterene, F|48/100
|-damage|p1a: Hatterene|35/100|[from] Stealth Rock
|turn|20
|
|t:|1758346355
|-terastallize|p1a: Hatterene|Normal
|move|p2a: Dragapult|Draco Meteor|p1a: Hatterene
|-damage|p1a: Hatterene|0 fnt
|-unboost|p2a: Dragapult|spa|2
|faint|p1a: Hatterene
|
|upkeep
|
|t:|1758346364
|switch|p1a: Pelipper|Pelipper, F|76/100
|-damage|p1a: Pelipper|51/100|[from] Stealth Rock
|-weather|RainDance|[from] ability: Drizzle|[of] p1a: Pelipper
|turn|21
|
|t:|1758346367
|move|p2a: Dragapult|Draco Meteor|p1a: Pelipper
|-damage|p1a: Pelipper|12/100
|-unboost|p2a: Dragapult|spa|2
|move|p1a: Pelipper|Knock Off|p2a: Dragapult
|-supereffective|p2a: Dragapult
|-damage|p2a: Dragapult|65/100
|-enditem|p2a: Dragapult|Choice Specs|[from] move: Knock Off|[of] p1a: Pelipper
|
|-weather|RainDance|[upkeep]
|upkeep
|turn|22
|
|t:|1758346373
|switch|p1a: Iron Treads|Iron Treads|69/100
|-damage|p1a: Iron Treads|66/100|[from] Stealth Rock
|move|p2a: Dragapult|Draco Meteor|p1a: Iron Treads
|-resisted|p1a: Iron Treads
|-damage|p1a: Iron Treads|58/100
|-unboost|p2a: Dragapult|spa|2
|
|-weather|RainDance|[upkeep]
|-heal|p1a: Iron Treads|64/100|[from] item: Leftovers
|upkeep
|turn|23
|
|t:|1758346379
|switch|p2a: Heatran|Heatran, M|100/100 par
|move|p1a: Iron Treads|Stealth Rock|p2a: Heatran
|-sidestart|p2: milman26|move: Stealth Rock
|
|-weather|RainDance|[upkeep]
|-heal|p1a: Iron Treads|70/100|[from] item: Leftovers
|upkeep
|turn|24
|
|t:|1758346389
|move|p1a: Iron Treads|Rapid Spin|p2a: Heatran
|-resisted|p2a: Heatran
|-damage|p2a: Heatran|95/100 par
|-boost|p1a: Iron Treads|spe|1
|-sideend|p1: peep the drip|Stealth Rock|[from] move: Rapid Spin|[of] p1a: Iron Treads
|move|p2a: Heatran|Earth Power|p1a: Iron Treads
|-supereffective|p1a: Iron Treads
|-damage|p1a: Iron Treads|29/100
|
|-weather|RainDance|[upkeep]
|-heal|p1a: Iron Treads|35/100|[from] item: Leftovers
|-heal|p2a: Heatran|100/100 par|[from] item: Leftovers
|upkeep
|turn|25
|
|t:|1758346396
|move|p1a: Iron Treads|Earthquake|p2a: Heatran
|-supereffective|p2a: Heatran
|-damage|p2a: Heatran|0 fnt
|faint|p2a: Heatran
|
|-weather|RainDance|[upkeep]
|-heal|p1a: Iron Treads|41/100|[from] item: Leftovers
|upkeep
|
|t:|1758346403
|switch|p2a: Ogerpon|Ogerpon-Wellspring, F|12/100
|-damage|p2a: Ogerpon|0 fnt|[from] Stealth Rock
|faint|p2a: Ogerpon
|
|t:|1758346408
|switch|p2a: Bronzong|Bronzong|59/100
|-damage|p2a: Bronzong|53/100|[from] Stealth Rock
|turn|26
|
|t:|1758346417
|move|p1a: Iron Treads|Volt Switch|p2a: Bronzong
|-damage|p2a: Bronzong|43/100
|
|t:|1758346418
|-end|p1a: Iron Treads|Quark Drive|[silent]
|switch|p1a: Barraskewda|Barraskewda, F|94/100|[from] Volt Switch
|move|p2a: Bronzong|Body Press|p1a: Barraskewda
|-damage|p1a: Barraskewda|34/100
|
|-weather|RainDance|[upkeep]
|upkeep
|turn|27
|
|t:|1758346424
|move|p1a: Barraskewda|Liquidation|p2a: Bronzong
|-damage|p2a: Bronzong|0 fnt
|faint|p2a: Bronzong
|
|-weather|RainDance|[upkeep]
|upkeep
|
|t:|1758346427
|switch|p2a: Dragapult|Dragapult, F|65/100
|-damage|p2a: Dragapult|53/100|[from] Stealth Rock
|turn|28
|
|t:|1758346432
|move|p1a: Barraskewda|Liquidation|p2a: Dragapult
|-resisted|p2a: Dragapult
|-damage|p2a: Dragapult|0 fnt
|faint|p2a: Dragapult
|
|win|peep the drip
|raw|peep the drip's rating: 1246 &rarr; <strong>1272</strong><br />(+26 for winning)
|raw|milman26's rating: 1257 &rarr; <strong>1231</strong><br />(-26 for losing)
|c|☆milman26|gg
|l|☆peep the drip
|player|p1|
|l|☆milman26
|player|p2|
