|j|☆god of joe
|j|☆mathismathin
|t:|1758339840
|gametype|singles
|player|p1|god of joe|fisherman|1619
|player|p2|mathismathin|hilbert|1839
|gen|9
|tier|[Gen 9] OU
|rated|
|rule|HP Percentage Mod: HP is shown in percentages
|rule|Endless Battle Clause: Forcing endless battles is banned
|rule|Species Clause: Limit one of each Pokémon
|rule|OHKO Clause: OHKO moves are banned
|rule|Evasion Items Clause: Evasion items are banned
|rule|Evasion Moves Clause: Evasion moves are banned
|rule|Evasion Abilities Clause: Evasion abilities are banned
|rule|Sleep Moves Clause: Sleep-inducing moves are banned
|clearpoke
|poke|p1|Kingambit, M|
|poke|p1|Sinistcha|
|poke|p1|Iron Treads|
|poke|p1|Araquanid, F|
|poke|p1|Enamorus, F|
|poke|p1|Kleavor, F|
|poke|p2|Krookodile, F|
|poke|p2|Noivern, M|
|poke|p2|Porygon-Z|
|poke|p2|Jirachi|
|poke|p2|Slowbro, F|
|poke|p2|Mienshao, F|
|teampreview
|
|t:|1758339845
|teamsize|p1|6
|teamsize|p2|6
|start
|switch|p1a: Araquanid|Araquanid, F|100/100
|switch|p2a: Jirachi|Jirachi|100/100
|turn|1
|j| hinky winky
|
|t:|1758339867
|move|p2a: Jirachi|U-turn|p1a: Araquanid
|-crit|p1a: Araquanid
|-damage|p1a: Araquanid|74/100
|
|t:|1758339871
|switch|p2a: Slowbro|Slowbro, F|100/100|[from] U-turn
|move|p1a: Araquanid|Sticky Web|p2a: Slowbro
|-sidestart|p2: mathismathin|move: Sticky Web
|
|upkeep
|turn|2
|
|t:|1758339877
|switch|p1a: Sinistcha|Sinistcha|100/100
|move|p2a: Slowbro|Foul Play|p1a: Sinistcha
|-supereffective|p1a: Sinistcha
|-damage|p1a: Sinistcha|80/100
|-enditem|p1a: Sinistcha|Kee Berry|[eat]
|-boost|p1a: Sinistcha|def|1|[from] item: Kee Berry
|
|upkeep
|turn|3
|
|t:|1758339886
|switch|p2a: Porygon-Z|Porygon-Z|100/100
|-activate|p2a: Porygon-Z|move: Sticky Web
|-unboost|p2a: Porygon-Z|spe|1
|-ability|p2a: Porygon-Z|Download|boost
|-boost|p2a: Porygon-Z|spa|1
|move|p1a: Sinistcha|Nasty Plot|p1a: Sinistcha
|-boost|p1a: Sinistcha|spa|2
|
|upkeep
|turn|4
|
|t:|1758339892
|move|p1a: Sinistcha|Matcha Gotcha|p2a: Porygon-Z
|-damage|p2a: Porygon-Z|6/100
|-heal|p1a: Sinistcha|100/100|[from] drain|[of] p2a: Porygon-Z
|move|p2a: Porygon-Z|Ice Beam|p1a: Sinistcha
|-supereffective|p1a: Sinistcha
|-damage|p1a: Sinistcha|0 fnt
|faint|p1a: Sinistcha
|
|upkeep
|
|t:|1758339898
|switch|p1a: Kleavor|Kleavor, F|100/100
|turn|5
|
|t:|1758339906
|switch|p2a: Jirachi|Jirachi|100/100
|-activate|p2a: Jirachi|move: Sticky Web
|-unboost|p2a: Jirachi|spe|1
|move|p1a: Kleavor|Stone Axe|p2a: Jirachi
|-resisted|p2a: Jirachi
|-damage|p2a: Jirachi|61/100
|-sidestart|p2: mathismathin|move: Stealth Rock
|-damage|p1a: Kleavor|91/100|[from] item: Life Orb
|
|upkeep
|turn|6
|
|t:|1758339913
|switch|p1a: Iron Treads|Iron Treads|100/100
|-enditem|p1a: Iron Treads|Booster Energy
|-activate|p1a: Iron Treads|ability: Quark Drive|[fromitem]
|-start|p1a: Iron Treads|quarkdrivespe
|move|p2a: Jirachi|Iron Head|p1a: Iron Treads
|-resisted|p1a: Iron Treads
|-damage|p1a: Iron Treads|86/100
|
|upkeep
|turn|7
|
|t:|1758339921
|switch|p2a: Noivern|Noivern, M|100/100
|move|p1a: Iron Treads|Earth Power|p2a: Noivern
|-immune|p2a: Noivern
|
|upkeep
|turn|8
|
|t:|1758339926
|move|p1a: Iron Treads|Knock Off|p2a: Noivern
|-crit|p2a: Noivern
|-damage|p2a: Noivern|66/100
|-enditem|p2a: Noivern|Heavy-Duty Boots|[from] move: Knock Off|[of] p1a: Iron Treads
|move|p2a: Noivern|Defog|p1a: Iron Treads
|-unboost|p1a: Iron Treads|evasion|1
|-sideend|p2: mathismathin|Stealth Rock|[from] move: Defog|[of] p2a: Noivern
|-sideend|p2: mathismathin|Sticky Web|[from] move: Defog|[of] p2a: Noivern
|
|upkeep
|turn|9
|
|t:|1758339930
|switch|p2a: Slowbro|Slowbro, F|100/100
|move|p1a: Iron Treads|Steel Beam|p2a: Slowbro
|-resisted|p2a: Slowbro
|-damage|p2a: Slowbro|72/100
|-damage|p1a: Iron Treads|35/100|[from] steelbeam
|
|upkeep
|turn|10
|
|t:|1758339934
|move|p1a: Iron Treads|Knock Off|p2a: Slowbro
|-supereffective|p2a: Slowbro
|-damage|p2a: Slowbro|45/100
|-damage|p1a: Iron Treads|19/100|[from] item: Rocky Helmet|[of] p2a: Slowbro
|-enditem|p2a: Slowbro|Rocky Helmet|[from] move: Knock Off|[of] p1a: Iron Treads
|move|p2a: Slowbro|Slack Off|p2a: Slowbro
|-heal|p2a: Slowbro|95/100
|
|upkeep
|turn|11
|
|t:|1758339937
|move|p1a: Iron Treads|Earth Power|p2a: Slowbro
|-damage|p2a: Slowbro|59/100
|move|p2a: Slowbro|Scald|p1a: Iron Treads
|-supereffective|p1a: Iron Treads
|-damage|p1a: Iron Treads|0 fnt
|faint|p1a: Iron Treads
|-end|p1a: Iron Treads|Quark Drive|[silent]
|
|upkeep
|
|t:|1758339943
|switch|p1a: Araquanid|Araquanid, F|74/100
|turn|12
|
|t:|1758339945
|move|p1a: Araquanid|Sticky Web|p2a: Slowbro
|-sidestart|p2: mathismathin|move: Sticky Web
|move|p2a: Slowbro|Foul Play|p1a: Araquanid
|-damage|p1a: Araquanid|63/100
|
|upkeep
|turn|13
|
|t:|1758339952
|switch|p1a: Kingambit|Kingambit, M|100/100
|-activate|p1a: Kingambit|ability: Supreme Overlord
|-start|p1a: Kingambit|fallen2|[silent]
|move|p2a: Slowbro|Slack Off|p2a: Slowbro
|-heal|p2a: Slowbro|100/100
|
|upkeep
|turn|14
|
|t:|1758339955
|move|p1a: Kingambit|Swords Dance|p1a: Kingambit
|-boost|p1a: Kingambit|atk|2
|move|p2a: Slowbro|Body Press|p1a: Kingambit
|-supereffective|p1a: Kingambit
|-damage|p1a: Kingambit|0 fnt
|faint|p1a: Kingambit
|-end|p1a: Kingambit|fallen2|[silent]
|
|upkeep
|
|t:|1758339964
|switch|p1a: Enamorus|Enamorus, F|100/100
|turn|15
|
|t:|1758339973
|-terastallize|p1a: Enamorus|Fairy
|move|p1a: Enamorus|Moonblast|p2a: Slowbro
|-damage|p2a: Slowbro|0 fnt
|faint|p2a: Slowbro
|
|upkeep
|
|t:|1758339990
|switch|p2a: Noivern|Noivern, M|66/100
|turn|16
|
|t:|1758340000
|move|p2a: Noivern|Super Fang|p1a: Enamorus
|-damage|p1a: Enamorus|51/100
|move|p1a: Enamorus|Moonblast|p2a: Noivern
|-supereffective|p2a: Noivern
|-damage|p2a: Noivern|0 fnt
|faint|p2a: Noivern
|
|upkeep
|
|t:|1758340017
|switch|p2a: Krookodile|Krookodile, F|100/100
|-activate|p2a: Krookodile|move: Sticky Web
|-unboost|p2a: Krookodile|spe|1
|-ability|p2a: Krookodile|Intimidate|boost
|-boost|p1a: Enamorus|atk|1
|turn|17
|
|t:|1758340023
|-terastallize|p2a: Krookodile|Poison
|move|p1a: Enamorus|Moonblast|p2a: Krookodile
|-resisted|p2a: Krookodile
|-damage|p2a: Krookodile|38/100
|move|p2a: Krookodile|Earthquake|p1a: Enamorus
|-damage|p1a: Enamorus|0 fnt
|faint|p1a: Enamorus
|
|-heal|p2a: Krookodile|44/100|[from] item: Leftovers
|upkeep
|
|t:|1758340026
|switch|p1a: Kleavor|Kleavor, F|91/100
|turn|18
|
|t:|1758340034
|switch|p2a: Porygon-Z|Porygon-Z|6/100
|-activate|p2a: Porygon-Z|move: Sticky Web
|-unboost|p2a: Porygon-Z|spe|1
|-ability|p2a: Porygon-Z|Download|boost
|-boost|p2a: Porygon-Z|spa|1
|move|p1a: Kleavor|Swords Dance|p1a: Kleavor
|-boost|p1a: Kleavor|atk|2
|
|upkeep
|turn|19
|
|t:|1758340038
|move|p1a: Kleavor|Aerial Ace|p2a: Porygon-Z
|-damage|p2a: Porygon-Z|0 fnt
|faint|p2a: Porygon-Z
|-damage|p1a: Kleavor|81/100|[from] item: Life Orb
|
|upkeep
|
|t:|1758340040
|switch|p2a: Jirachi|Jirachi|61/100
|-activate|p2a: Jirachi|move: Sticky Web
|-unboost|p2a: Jirachi|spe|1
|turn|20
|
|t:|1758340043
|move|p2a: Jirachi|Iron Head|p1a: Kleavor
|-supereffective|p1a: Kleavor
|-damage|p1a: Kleavor|0 fnt
|faint|p1a: Kleavor
|
|upkeep
|
|t:|1758340045
|switch|p1a: Araquanid|Araquanid, F|63/100
|turn|21
|
|t:|1758340048
|move|p2a: Jirachi|Iron Head|p1a: Araquanid
|-resisted|p1a: Araquanid
|-crit|p1a: Araquanid
|-damage|p1a: Araquanid|43/100
|cant|p1a: Araquanid|flinch
|
|upkeep
|turn|22
|
|t:|1758340050
|move|p2a: Jirachi|Iron Head|p1a: Araquanid
|-resisted|p1a: Araquanid
|-damage|p1a: Araquanid|29/100
|move|p1a: Araquanid|Surf|p2a: Jirachi
|-damage|p2a: Jirachi|22/100
|
|upkeep
|turn|23
|
|t:|1758340052
|move|p2a: Jirachi|Iron Head|p1a: Araquanid
|-resisted|p1a: Araquanid
|-damage|p1a: Araquanid|16/100
|move|p1a: Araquanid|Surf|p2a: Jirachi
|-damage|p2a: Jirachi|0 fnt
|faint|p2a: Jirachi
|
|upkeep
|
|t:|1758340056
|switch|p2a: Mienshao|Mienshao, F|100/100
|-activate|p2a: Mienshao|move: Sticky Web
|-unboost|p2a: Mienshao|spe|1
|turn|24
|-enditem|p1a: Araquanid|Custap Berry|[eat]
|-activate|p1a: Araquanid|item: Custap Berry|[consumed]
|
|t:|1758340059
|move|p1a: Araquanid|Surf|p2a: Mienshao
|-damage|p2a: Mienshao|35/100
|move|p2a: Mienshao|Knock Off|p1a: Araquanid
|-damage|p1a: Araquanid|0 fnt
|faint|p1a: Araquanid
|
|win|mathismathin
|raw|god of joe's rating: 1619 &rarr; <strong>1610</strong><br />(-9 for losing)
|raw|mathismathin's rating: 1839 &rarr; <strong>1848</strong><br />(+9 for winning)
