|j|☆Unishper
|j|☆davigsp15
|t:|1758290243
|gametype|singles
|player|p1|Unishper|170|1102
|player|p2|davigsp15|waiter-gen4dp|1124
|gen|9
|tier|[Gen 9] OU
|rated|
|rule|HP Percentage Mod: HP is shown in percentages
|rule|Endless Battle Clause: Forcing endless battles is banned
|rule|Species Clause: Limit one of each Pokémon
|rule|OHKO Clause: OHKO moves are banned
|rule|Evasion Items Clause: Evasion items are banned
|rule|Evasion Moves Clause: Evasion moves are banned
|rule|Evasion Abilities Clause: Evasion abilities are banned
|rule|Sleep Moves Clause: Sleep-inducing moves are banned
|clearpoke
|poke|p1|Raichu-Alola, F|
|poke|p1|Ursaluna, F|
|poke|p1|Kommo-o, F|
|poke|p1|Quaquaval, F|
|poke|p1|Politoed, F|
|poke|p1|Weavile, F|
|poke|p2|Hitmonlee, M|
|poke|p2|Maushold|
|poke|p2|Jirachi|
|poke|p2|Dragapult, F|
|poke|p2|Toxapex, M|
|poke|p2|Iron Moth|
|teampreview
|inactive|Battle timer is ON: inactive players will automatically lose when time's up. (requested by davigsp15)
|
|t:|1758290247
|teamsize|p1|6
|teamsize|p2|6
|start
|switch|p1a: Politoed|Politoed, F|100/100
|switch|p2a: Dragapult|Dragapult, F|100/100
|-weather|RainDance|[from] ability: Drizzle|[of] p1a: Politoed
|turn|1
|
|t:|1758290258
|move|p2a: Dragapult|Shadow Ball|p1a: Politoed
|-damage|p1a: Politoed|62/100
|-damage|p2a: Dragapult|91/100|[from] item: Life Orb
|move|p1a: Politoed|Weather Ball|p2a: Dragapult
|-resisted|p2a: Dragapult
|-damage|p2a: Dragapult|60/100
|
|-weather|RainDance|[upkeep]
|upkeep
|turn|2
|
|t:|1758290269
|move|p2a: Dragapult|Shadow Ball|p1a: Politoed
|-damage|p1a: Politoed|23/100
|-unboost|p1a: Politoed|spd|1
|-damage|p2a: Dragapult|50/100|[from] item: Life Orb
|move|p1a: Politoed|Weather Ball|p2a: Dragapult
|-resisted|p2a: Dragapult
|-damage|p2a: Dragapult|15/100
|
|-weather|RainDance|[upkeep]
|upkeep
|turn|3
|
|t:|1758290282
|move|p2a: Dragapult|Dragon Pulse|p1a: Politoed
|-damage|p1a: Politoed|0 fnt
|faint|p1a: Politoed
|-damage|p2a: Dragapult|6/100|[from] item: Life Orb
|
|-weather|RainDance|[upkeep]
|upkeep
|
|t:|1758290289
|switch|p1a: Raichu|Raichu-Alola, F|100/100
|turn|4
|
|t:|1758290294
|move|p2a: Dragapult|Shadow Ball|p1a: Raichu
|-supereffective|p1a: Raichu
|-damage|p1a: Raichu|0 fnt
|faint|p1a: Raichu
|-damage|p2a: Dragapult|0 fnt|[from] item: Life Orb
|faint|p2a: Dragapult
|
|-weather|RainDance|[upkeep]
|upkeep
|
|t:|1758290305
|switch|p2a: Hitmonlee|Hitmonlee, M|100/100
|switch|p1a: Quaquaval|Quaquaval, F|100/100
|turn|5
|
|t:|1758290311
|move|p2a: Hitmonlee|Knock Off|p1a: Quaquaval
|-resisted|p1a: Quaquaval
|-damage|p1a: Quaquaval|77/100
|-enditem|p1a: Quaquaval|Liechi Berry|[from] move: Knock Off|[of] p2a: Hitmonlee
|move|p1a: Quaquaval|Swords Dance|p1a: Quaquaval
|-boost|p1a: Quaquaval|atk|2
|
|-weather|none
|upkeep
|turn|6
|
|t:|1758290320
|move|p2a: Hitmonlee|Endure|p2a: Hitmonlee
|-singleturn|p2a: Hitmonlee|move: Endure
|move|p1a: Quaquaval|Aqua Step|p2a: Hitmonlee
|-activate|p2a: Hitmonlee|move: Endure
|-damage|p2a: Hitmonlee|1/100
|-boost|p1a: Quaquaval|spe|1
|-enditem|p2a: Hitmonlee|Liechi Berry|[eat]
|-boost|p2a: Hitmonlee|atk|1|[from] item: Liechi Berry
|
|upkeep
|turn|7
|
|t:|1758290330
|move|p2a: Hitmonlee|Reversal|p1a: Quaquaval
|-damage|p1a: Quaquaval|0 fnt
|faint|p1a: Quaquaval
|
|upkeep
|
|t:|1758290335
|switch|p1a: Weavile|Weavile, F|100/100
|turn|8
|
|t:|1758290342
|move|p2a: Hitmonlee|Upper Hand||[still]
|-fail|p2a: Hitmonlee
|move|p1a: Weavile|X-Scissor|p2a: Hitmonlee
|-resisted|p2a: Hitmonlee
|-damage|p2a: Hitmonlee|0 fnt
|faint|p2a: Hitmonlee
|
|upkeep
|
|t:|1758290353
|switch|p2a: Toxapex|Toxapex, M|100/100
|turn|9
|
|t:|1758290358
|move|p1a: Weavile|X-Scissor|p2a: Toxapex
|-resisted|p2a: Toxapex
|-damage|p2a: Toxapex|87/100
|move|p2a: Toxapex|Toxic|p1a: Weavile
|-status|p1a: Weavile|tox
|
|-heal|p2a: Toxapex|94/100|[from] item: Black Sludge
|-damage|p1a: Weavile|94/100 tox|[from] psn
|upkeep
|turn|10
|
|t:|1758290373
|switch|p1a: Kommo-o|Kommo-o, F|100/100
|move|p2a: Toxapex|Infestation|p1a: Kommo-o
|-resisted|p1a: Kommo-o
|-damage|p1a: Kommo-o|99/100
|-activate|p1a: Kommo-o|move: Infestation|[of] p2a: Toxapex
|
|-heal|p2a: Toxapex|99/100|[from] item: Black Sludge
|-damage|p1a: Kommo-o|86/100|[from] move: Infestation|[partiallytrapped]
|upkeep
|turn|11
|
|t:|1758290384
|-terastallize|p1a: Kommo-o|Poison
|move|p1a: Kommo-o|Dragon Dance|p1a: Kommo-o
|-boost|p1a: Kommo-o|atk|1
|-boost|p1a: Kommo-o|spe|1
|move|p2a: Toxapex|Toxic|p1a: Kommo-o
|-immune|p1a: Kommo-o
|
|-heal|p2a: Toxapex|100/100|[from] item: Black Sludge
|-damage|p1a: Kommo-o|74/100|[from] move: Infestation|[partiallytrapped]
|upkeep
|turn|12
|
|t:|1758290396
|move|p1a: Kommo-o|Dragon Dance|p1a: Kommo-o
|-boost|p1a: Kommo-o|atk|1
|-boost|p1a: Kommo-o|spe|1
|move|p2a: Toxapex|Chilling Water|p1a: Kommo-o
|-damage|p1a: Kommo-o|62/100
|-unboost|p1a: Kommo-o|atk|1
|
|-damage|p1a: Kommo-o|49/100|[from] move: Infestation|[partiallytrapped]
|upkeep
|turn|13
|
|t:|1758290406
|move|p1a: Kommo-o|Scale Shot|p2a: Toxapex
|-damage|p2a: Toxapex|88/100
|-damage|p2a: Toxapex|76/100
|-damage|p2a: Toxapex|64/100
|-damage|p2a: Toxapex|51/100
|-damage|p2a: Toxapex|40/100
|-hitcount|p2a: Toxapex|5
|-unboost|p1a: Kommo-o|def|1
|-boost|p1a: Kommo-o|spe|1
|move|p2a: Toxapex|Infestation|p1a: Kommo-o
|-resisted|p1a: Kommo-o
|-damage|p1a: Kommo-o|48/100
|
|-heal|p2a: Toxapex|46/100|[from] item: Black Sludge
|-damage|p1a: Kommo-o|36/100|[from] move: Infestation|[partiallytrapped]
|upkeep
|turn|14
|
|t:|1758290422
|move|p1a: Kommo-o|Scale Shot|p2a: Toxapex
|-damage|p2a: Toxapex|33/100
|-damage|p2a: Toxapex|20/100
|-damage|p2a: Toxapex|6/100
|-damage|p2a: Toxapex|0 fnt
|faint|p2a: Toxapex
|-hitcount|p2: Toxapex|4
|-unboost|p1a: Kommo-o|def|1
|-boost|p1a: Kommo-o|spe|1
|
|-end|p1a: Kommo-o|Infestation|[partiallytrapped]
|upkeep
|
|t:|1758290427
|switch|p2a: Jirachi|Jirachi|100/100
|turn|15
|
|t:|1758290441
|move|p1a: Kommo-o|Close Combat|p2a: Jirachi
|-damage|p2a: Jirachi|48/100
|-unboost|p1a: Kommo-o|def|1
|-unboost|p1a: Kommo-o|spd|1
|move|p2a: Jirachi|Cosmic Power|p2a: Jirachi
|-boost|p2a: Jirachi|def|1
|-boost|p2a: Jirachi|spd|1
|
|upkeep
|turn|16
|
|t:|1758290452
|move|p1a: Kommo-o|Scale Shot|p2a: Jirachi
|-resisted|p2a: Jirachi
|-damage|p2a: Jirachi|44/100
|-resisted|p2a: Jirachi
|-damage|p2a: Jirachi|40/100
|-resisted|p2a: Jirachi
|-damage|p2a: Jirachi|37/100
|-resisted|p2a: Jirachi
|-damage|p2a: Jirachi|33/100
|-hitcount|p2a: Jirachi|4
|-unboost|p1a: Kommo-o|def|1
|-boost|p1a: Kommo-o|spe|1
|move|p2a: Jirachi|Rest|p2a: Jirachi
|-status|p2a: Jirachi|slp|[from] move: Rest
|-heal|p2a: Jirachi|100/100 slp|[silent]
|-enditem|p2a: Jirachi|Chesto Berry|[eat]
|-curestatus|p2a: Jirachi|slp|[msg]
|
|upkeep
|turn|17
|
|t:|1758290468
|move|p1a: Kommo-o|Close Combat|p2a: Jirachi
|-damage|p2a: Jirachi|64/100
|-unboost|p1a: Kommo-o|def|1
|-unboost|p1a: Kommo-o|spd|1
|move|p2a: Jirachi|Cosmic Power|p2a: Jirachi
|-boost|p2a: Jirachi|def|1
|-boost|p2a: Jirachi|spd|1
|
|upkeep
|turn|18
|
|t:|1758290481
|move|p1a: Kommo-o|Close Combat|p2a: Jirachi
|-damage|p2a: Jirachi|39/100
|-unboost|p1a: Kommo-o|def|1
|-unboost|p1a: Kommo-o|spd|1
|move|p2a: Jirachi|Cosmic Power|p2a: Jirachi
|-boost|p2a: Jirachi|def|1
|-boost|p2a: Jirachi|spd|1
|
|upkeep
|turn|19
|
|t:|1758290504
|move|p1a: Kommo-o|Close Combat|p2a: Jirachi
|-damage|p2a: Jirachi|17/100
|-unboost|p1a: Kommo-o|spd|1
|move|p2a: Jirachi|Cosmic Power|p2a: Jirachi
|-boost|p2a: Jirachi|def|1
|-boost|p2a: Jirachi|spd|1
|
|upkeep
|turn|20
|
|t:|1758290512
|move|p1a: Kommo-o|Close Combat|p2a: Jirachi
|-damage|p2a: Jirachi|0 fnt
|-unboost|p1a: Kommo-o|spd|1
|faint|p2a: Jirachi
|
|upkeep
|
|t:|1758290519
|switch|p2a: Iron Moth|Iron Moth|100/100
|-enditem|p2a: Iron Moth|Booster Energy
|-activate|p2a: Iron Moth|ability: Quark Drive|[fromitem]
|-start|p2a: Iron Moth|quarkdrivespa
|turn|21
|
|t:|1758290525
|move|p1a: Kommo-o|Scale Shot|p2a: Iron Moth
|-damage|p2a: Iron Moth|73/100
|-damage|p2a: Iron Moth|45/100
|-crit|p2a: Iron Moth
|-damage|p2a: Iron Moth|0 fnt
|faint|p2a: Iron Moth
|-end|p2a: Iron Moth|Quark Drive|[silent]
|-hitcount|p2: Iron Moth|3
|-boost|p1a: Kommo-o|spe|1
|
|upkeep
|
|t:|1758290527
|switch|p2a: Maushold|Maushold|100/100
|turn|22
|-message|davigsp15 forfeited.
|
|win|Unishper
|raw|Unishper's rating: 1102 &rarr; <strong>1129</strong><br />(+27 for winning)
|raw|davigsp15's rating: 1124 &rarr; <strong>1097</strong><br />(-27 for losing)
|l|☆davigsp15
|player|p2|
|l|☆Unishper
|player|p1|
