|j|☆AzureNoire
|j|☆shadowVVyER
|t:|1758252355
|gametype|singles
|player|p1|AzureNoire|101|1305
|player|p2|shadowVVyER|dawn-gen4pt|1327
|gen|9
|tier|[Gen 9] OU
|rated|
|rule|HP Percentage Mod: HP is shown in percentages
|rule|Endless Battle Clause: Forcing endless battles is banned
|rule|Species Clause: Limit one of each Pokémon
|rule|OHKO Clause: OHKO moves are banned
|rule|Evasion Items Clause: Evasion items are banned
|rule|Evasion Moves Clause: Evasion moves are banned
|rule|Evasion Abilities Clause: Evasion abilities are banned
|rule|Sleep Moves Clause: Sleep-inducing moves are banned
|clearpoke
|poke|p1|Mandibuzz, F|
|poke|p1|Armarouge, F|
|poke|p1|Blaziken, F|
|poke|p1|Lokix, F|
|poke|p1|Hatterene, F|
|poke|p1|Lapras, M|
|poke|p2|Ogerpon-Wellspring, F|
|poke|p2|Kingambit, M|
|poke|p2|Landorus-Therian, M|
|poke|p2|Glimmora, M|
|poke|p2|Dragapult, F|
|poke|p2|Iron Valiant|
|teampreview
|inactive|Battle timer is ON: inactive players will automatically lose when time's up. (requested by AzureNoire)
|
|t:|1758252365
|teamsize|p1|6
|teamsize|p2|6
|start
|switch|p1a: Hatterene|Hatterene, F|100/100
|switch|p2a: Ogerpon|Ogerpon-Wellspring, F|100/100
|turn|1
|
|t:|1758252371
|move|p2a: Ogerpon|Ivy Cudgel|p1a: Hatterene|[anim] Ivy Cudgel Water
|-damage|p1a: Hatterene|46/100
|move|p1a: Hatterene|Nuzzle|p2a: Ogerpon
|-damage|p2a: Ogerpon|95/100
|-status|p2a: Ogerpon|par
|
|upkeep
|turn|2
|
|t:|1758252378
|switch|p1a: Lapras|Lapras, M|100/100
|move|p2a: Ogerpon|Ivy Cudgel|p1a: Lapras|[anim] Ivy Cudgel Water
|-immune|p1a: Lapras|[from] ability: Water Absorb
|
|upkeep
|turn|3
|
|t:|1758252387
|move|p1a: Lapras|Dragon Dance|p1a: Lapras
|-boost|p1a: Lapras|atk|1
|-boost|p1a: Lapras|spe|1
|move|p2a: Ogerpon|Horn Leech|p1a: Lapras
|-supereffective|p1a: Lapras
|-crit|p1a: Lapras
|-damage|p1a: Lapras|0 fnt
|-heal|p2a: Ogerpon|100/100 par|[from] drain|[of] p1a: Lapras
|faint|p1a: Lapras
|
|upkeep
|
|t:|1758252396
|switch|p1a: Armarouge|Armarouge, F|100/100
|turn|4
|
|t:|1758252399
|move|p1a: Armarouge|Iron Defense|p1a: Armarouge
|-boost|p1a: Armarouge|def|2
|move|p2a: Ogerpon|Ivy Cudgel|p1a: Armarouge|[anim] Ivy Cudgel Water
|-supereffective|p1a: Armarouge
|-damage|p1a: Armarouge|51/100
|-ability|p1a: Armarouge|Weak Armor|boost
|-unboost|p1a: Armarouge|def|1
|-boost|p1a: Armarouge|spe|2
|-enditem|p1a: Armarouge|Weakness Policy
|-boost|p1a: Armarouge|atk|2|[from] item: Weakness Policy
|-boost|p1a: Armarouge|spa|2|[from] item: Weakness Policy
|
|upkeep
|turn|5
|
|t:|1758252409
|-terastallize|p1a: Armarouge|Flying
|move|p1a: Armarouge|Iron Defense|p1a: Armarouge
|-boost|p1a: Armarouge|def|2
|cant|p2a: Ogerpon|par
|
|upkeep
|turn|6
|
|t:|1758252415
|move|p1a: Armarouge|Stored Power|p2a: Ogerpon
|-damage|p2a: Ogerpon|0 fnt
|faint|p2a: Ogerpon
|
|upkeep
|
|t:|1758252421
|switch|p2a: Kingambit|Kingambit, M|100/100
|-activate|p2a: Kingambit|ability: Supreme Overlord
|-start|p2a: Kingambit|fallen1|[silent]
|turn|7
|inactive|shadowVVyER has 120 seconds left.
|
|t:|1758252451
|-terastallize|p2a: Kingambit|Ghost
|move|p1a: Armarouge|Aura Sphere|p2a: Kingambit
|-immune|p2a: Kingambit
|move|p2a: Kingambit|Swords Dance|p2a: Kingambit
|-boost|p2a: Kingambit|atk|2
|
|upkeep
|turn|8
|
|t:|1758252459
|move|p2a: Kingambit|Sucker Punch|p1a: Armarouge
|-damage|p1a: Armarouge|21/100
|-ability|p1a: Armarouge|Weak Armor|boost
|-unboost|p1a: Armarouge|def|1
|-boost|p1a: Armarouge|spe|2
|move|p1a: Armarouge|Stored Power|p2a: Kingambit
|-damage|p2a: Kingambit|0 fnt
|faint|p2a: Kingambit
|-end|p2a: Kingambit|fallen1|[silent]
|
|upkeep
|inactive|shadowVVyER has 120 seconds left.
|
|t:|1758252483
|switch|p2a: Dragapult|Dragapult, F|100/100
|turn|9
|
|t:|1758252488
|move|p1a: Armarouge|Stored Power|p2a: Dragapult
|-damage|p2a: Dragapult|0 fnt
|faint|p2a: Dragapult
|
|upkeep
|
|t:|1758252493
|switch|p2a: Landorus|Landorus-Therian, M|100/100
|-ability|p2a: Landorus|Intimidate|boost
|-unboost|p1a: Armarouge|atk|1
|turn|10
|
|t:|1758252499
|move|p1a: Armarouge|Stored Power|p2a: Landorus
|-damage|p2a: Landorus|0 fnt
|faint|p2a: Landorus
|
|upkeep
|
|t:|1758252503
|switch|p2a: Iron Valiant|Iron Valiant|100/100
|-enditem|p2a: Iron Valiant|Booster Energy
|-activate|p2a: Iron Valiant|ability: Quark Drive|[fromitem]
|-start|p2a: Iron Valiant|quarkdrivespe
|turn|11
|
|t:|1758252508
|move|p1a: Armarouge|Stored Power|p2a: Iron Valiant
|-supereffective|p2a: Iron Valiant
|-damage|p2a: Iron Valiant|0 fnt
|faint|p2a: Iron Valiant
|-end|p2a: Iron Valiant|Quark Drive|[silent]
|
|upkeep
|
|t:|1758252512
|switch|p2a: Glimmora|Glimmora, M|100/100
|turn|12
|
|t:|1758252515
|move|p1a: Armarouge|Stored Power|p2a: Glimmora
|-supereffective|p2a: Glimmora
|-damage|p2a: Glimmora|0 fnt
|faint|p2a: Glimmora
|
|win|AzureNoire
|raw|AzureNoire's rating: 1305 &rarr; <strong>1326</strong><br />(+21 for winning)
|raw|shadowVVyER's rating: 1327 &rarr; <strong>1306</strong><br />(-21 for losing)
|l|☆AzureNoire
|player|p1|
|l|☆shadowVVyER
|player|p2|
