|j|☆gossip shadow
|j|☆wgw2333
|t:|1758254502
|gametype|singles
|player|p1|gossip shadow|depotagent|1241
|player|p2|wgw2333|102|1279
|gen|9
|tier|[Gen 9] OU
|rated|
|rule|HP Percentage Mod: HP is shown in percentages
|rule|Endless Battle Clause: Forcing endless battles is banned
|rule|Species Clause: Limit one of each Pokémon
|rule|OHKO Clause: OHKO moves are banned
|rule|Evasion Items Clause: Evasion items are banned
|rule|Evasion Moves Clause: Evasion moves are banned
|rule|Evasion Abilities Clause: Evasion abilities are banned
|rule|Sleep Moves Clause: Sleep-inducing moves are banned
|clearpoke
|poke|p1|Dragalge, F|
|poke|p1|Ting-Lu|
|poke|p1|Talonflame, F|
|poke|p1|Ogerpon-Wellspring, F|
|poke|p1|Gholdengo|
|poke|p1|Alomomola, M|
|poke|p2|Ninetales-Alola, F|
|poke|p2|Polteageist|
|poke|p2|Serperior, F|
|poke|p2|Cinderace, F|
|poke|p2|Dragapult, M|
|poke|p2|Deoxys-Defense|
|teampreview
|
|t:|1758254512
|teamsize|p1|6
|teamsize|p2|6
|start
|switch|p1a: Gholdengo|Gholdengo|100/100
|switch|p2a: Ninetales|Ninetales-Alola, F|100/100
|-weather|Snowscape|[from] ability: Snow Warning|[of] p2a: Ninetales
|-item|p1a: Gholdengo|Air Balloon
|turn|1
|
|t:|1758254519
|move|p2a: Ninetales|Aurora Veil|p2a: Ninetales
|-sidestart|p2: wgw2333|move: Aurora Veil
|move|p1a: Gholdengo|Make It Rain|p2a: Ninetales
|-supereffective|p2a: Ninetales
|-damage|p2a: Ninetales|25/100
|-unboost|p1a: Gholdengo|spa|1
|
|-weather|Snowscape|[upkeep]
|upkeep
|turn|2
|
|t:|1758254567
|switch|p2a: Deoxys|Deoxys-Defense|100/100
|-ability|p2a: Deoxys|Pressure
|move|p1a: Gholdengo|Nasty Plot|p1a: Gholdengo
|-boost|p1a: Gholdengo|spa|2
|
|-weather|Snowscape|[upkeep]
|upkeep
|turn|3
|
|t:|1758254578
|move|p1a: Gholdengo|Nasty Plot|p1a: Gholdengo
|-boost|p1a: Gholdengo|spa|2
|move|p2a: Deoxys|Calm Mind|p2a: Deoxys
|-boost|p2a: Deoxys|spa|1
|-boost|p2a: Deoxys|spd|1
|
|-weather|Snowscape|[upkeep]
|upkeep
|turn|4
|
|t:|1758254585
|move|p1a: Gholdengo|Hex|p2a: Deoxys
|-supereffective|p2a: Deoxys
|-damage|p2a: Deoxys|63/100
|move|p2a: Deoxys|Calm Mind|p2a: Deoxys
|-boost|p2a: Deoxys|spa|1
|-boost|p2a: Deoxys|spd|1
|
|-weather|Snowscape|[upkeep]
|upkeep
|turn|5
|
|t:|1758254593
|switch|p1a: Ting-Lu|Ting-Lu|100/100
|-ability|p1a: Ting-Lu|Vessel of Ruin
|move|p2a: Deoxys|Calm Mind|p2a: Deoxys
|-boost|p2a: Deoxys|spa|1
|-boost|p2a: Deoxys|spd|1
|
|-weather|none
|upkeep
|turn|6
|
|t:|1758254601
|move|p2a: Deoxys|Ice Beam|p1a: Ting-Lu
|-supereffective|p1a: Ting-Lu
|-damage|p1a: Ting-Lu|67/100
|move|p1a: Ting-Lu|Whirlwind|p2a: Deoxys
|drag|p2a: Dragapult|Dragapult, M|100/100
|
|-heal|p1a: Ting-Lu|74/100|[from] item: Leftovers
|upkeep
|turn|7
|
|t:|1758254613
|move|p2a: Dragapult|Thunder Wave|p1a: Ting-Lu
|-immune|p1a: Ting-Lu
|move|p1a: Ting-Lu|Stealth Rock|p2a: Dragapult
|-sidestart|p2: wgw2333|move: Stealth Rock
|
|-heal|p1a: Ting-Lu|80/100|[from] item: Leftovers
|upkeep
|turn|8
|
|t:|1758254621
|move|p2a: Dragapult|Dragon Dance|p2a: Dragapult
|-boost|p2a: Dragapult|atk|1
|-boost|p2a: Dragapult|spe|1
|move|p1a: Ting-Lu|Ruination|p2a: Dragapult
|-damage|p2a: Dragapult|50/100
|
|-heal|p1a: Ting-Lu|86/100|[from] item: Leftovers
|-sideend|p2: wgw2333|move: Aurora Veil
|upkeep
|turn|9
|
|t:|1758254641
|move|p2a: Dragapult|Dragon Darts|p1a: Ting-Lu
|-damage|p1a: Ting-Lu|69/100
|-anim|p2a: Dragapult|Dragon Darts|p1a: Ting-Lu
|-crit|p1a: Ting-Lu
|-damage|p1a: Ting-Lu|40/100
|move|p1a: Ting-Lu|Whirlwind|p2a: Dragapult
|drag|p2a: Deoxys|Deoxys-Defense|63/100
|-ability|p2a: Deoxys|Pressure
|
|-heal|p1a: Ting-Lu|47/100|[from] item: Leftovers
|upkeep
|turn|10
|
|t:|1758254660
|move|p2a: Deoxys|Ice Beam|p1a: Ting-Lu
|-supereffective|p1a: Ting-Lu
|-damage|p1a: Ting-Lu|34/100
|move|p1a: Ting-Lu|Whirlwind|p2a: Deoxys
|drag|p2a: Ninetales|Ninetales-Alola, F|25/100
|-damage|p2a: Ninetales|0 fnt|[from] Stealth Rock
|faint|p2a: Ninetales
|
|-heal|p1a: Ting-Lu|40/100|[from] item: Leftovers
|upkeep
|
|t:|1758254686
|switch|p2a: Serperior|Serperior, F|100/100
|-damage|p2a: Serperior|88/100|[from] Stealth Rock
|turn|11
|
|t:|1758254693
|switch|p1a: Dragalge|Dragalge, F|100/100
|move|p2a: Serperior|Leaf Storm|p1a: Dragalge|[miss]
|-miss|p2a: Serperior|p1a: Dragalge
|
|-heal|p2a: Serperior|94/100|[from] item: Leftovers
|upkeep
|turn|12
|
|t:|1758254711
|move|p2a: Serperior|Glare|p1a: Dragalge
|-status|p1a: Dragalge|par
|move|p1a: Dragalge|Toxic Spikes|p2a: Serperior
|-sidestart|p2: wgw2333|move: Toxic Spikes
|
|-heal|p2a: Serperior|100/100|[from] item: Leftovers
|upkeep
|turn|13
|
|t:|1758254720
|move|p2a: Serperior|Substitute|p2a: Serperior
|-start|p2a: Serperior|Substitute
|-damage|p2a: Serperior|76/100
|move|p1a: Dragalge|Toxic Spikes|p2a: Serperior
|-sidestart|p2: wgw2333|move: Toxic Spikes
|
|-heal|p2a: Serperior|82/100|[from] item: Leftovers
|upkeep
|turn|14
|
|t:|1758254738
|move|p2a: Serperior|Leaf Storm|p1a: Dragalge
|-resisted|p1a: Dragalge
|-damage|p1a: Dragalge|91/100 par
|-boost|p2a: Serperior|spa|2
|move|p1a: Dragalge|Scald|p2a: Serperior
|-resisted|p2a: Serperior
|-activate|p2a: Serperior|move: Substitute|[damage]
|
|-heal|p2a: Serperior|88/100|[from] item: Leftovers
|upkeep
|turn|15
|
|t:|1758254747
|move|p2a: Serperior|Leaf Storm|p1a: Dragalge
|-resisted|p1a: Dragalge
|-damage|p1a: Dragalge|72/100 par
|-boost|p2a: Serperior|spa|2
|move|p1a: Dragalge|Scald|p2a: Serperior
|-resisted|p2a: Serperior
|-activate|p2a: Serperior|move: Substitute|[damage]
|
|-heal|p2a: Serperior|94/100|[from] item: Leftovers
|upkeep
|turn|16
|
|t:|1758254763
|move|p2a: Serperior|Leaf Storm|p1a: Dragalge
|-resisted|p1a: Dragalge
|-damage|p1a: Dragalge|41/100 par
|-boost|p2a: Serperior|spa|2
|move|p1a: Dragalge|Draco Meteor|p2a: Serperior
|-end|p2a: Serperior|Substitute
|-unboost|p1a: Dragalge|spa|2
|
|-heal|p2a: Serperior|100/100|[from] item: Leftovers
|upkeep
|turn|17
|
|t:|1758254776
|switch|p1a: Talonflame|Talonflame, F|100/100
|move|p2a: Serperior|Substitute|p2a: Serperior
|-start|p2a: Serperior|Substitute
|-damage|p2a: Serperior|76/100
|
|-heal|p2a: Serperior|82/100|[from] item: Leftovers
|upkeep
|turn|18
|
|t:|1758254785
|move|p2a: Serperior|Glare|p1a: Talonflame
|-status|p1a: Talonflame|par
|cant|p1a: Talonflame|par
|
|-heal|p2a: Serperior|88/100|[from] item: Leftovers
|upkeep
|turn|19
|
|t:|1758254793
|move|p2a: Serperior|Tera Blast|p1a: Talonflame
|-damage|p1a: Talonflame|1/100 par
|move|p1a: Talonflame|Flamethrower|p2a: Serperior
|-supereffective|p2a: Serperior
|-end|p2a: Serperior|Substitute
|
|-heal|p2a: Serperior|94/100|[from] item: Leftovers
|upkeep
|turn|20
|
|t:|1758254813
|move|p2a: Serperior|Substitute|p2a: Serperior
|-start|p2a: Serperior|Substitute
|-damage|p2a: Serperior|69/100
|move|p1a: Talonflame|Flamethrower|p2a: Serperior
|-supereffective|p2a: Serperior
|-crit|p2a: Serperior
|-end|p2a: Serperior|Substitute
|
|-heal|p2a: Serperior|76/100|[from] item: Leftovers
|upkeep
|turn|21
|
|t:|1758254828
|move|p2a: Serperior|Substitute|p2a: Serperior
|-start|p2a: Serperior|Substitute
|-damage|p2a: Serperior|51/100
|cant|p1a: Talonflame|par
|
|-heal|p2a: Serperior|57/100|[from] item: Leftovers
|upkeep
|turn|22
|
|t:|1758254837
|move|p2a: Serperior|Tera Blast|p1a: Talonflame
|-damage|p1a: Talonflame|0 fnt
|faint|p1a: Talonflame
|
|-heal|p2a: Serperior|63/100|[from] item: Leftovers
|upkeep
|
|t:|1758254844
|switch|p1a: Ting-Lu|Ting-Lu|40/100
|-ability|p1a: Ting-Lu|Vessel of Ruin
|turn|23
|
|t:|1758254848
|-terastallize|p1a: Ting-Lu|Steel
|move|p2a: Serperior|Leaf Storm|p1a: Ting-Lu
|-resisted|p1a: Ting-Lu
|-damage|p1a: Ting-Lu|2/100
|move|p1a: Ting-Lu|Whirlwind|p2a: Serperior
|drag|p2a: Polteageist|Polteageist|100/100
|-damage|p2a: Polteageist|88/100|[from] Stealth Rock
|-status|p2a: Polteageist|tox
|
|-heal|p1a: Ting-Lu|8/100|[from] item: Leftovers
|-damage|p2a: Polteageist|82/100 tox|[from] psn
|upkeep
|turn|24
|
|t:|1758254867
|move|p2a: Polteageist|Tera Blast|p1a: Ting-Lu
|-resisted|p1a: Ting-Lu
|-damage|p1a: Ting-Lu|2/100
|move|p1a: Ting-Lu|Whirlwind|p2a: Polteageist
|drag|p2a: Deoxys|Deoxys-Defense|63/100
|-ability|p2a: Deoxys|Pressure
|
|-heal|p1a: Ting-Lu|8/100|[from] item: Leftovers
|upkeep
|turn|25
|
|t:|1758254877
|switch|p1a: Alomomola|Alomomola, M|100/100
|move|p2a: Deoxys|Ice Beam|p1a: Alomomola
|-resisted|p1a: Alomomola
|-damage|p1a: Alomomola|95/100
|
|upkeep
|turn|26
|
|t:|1758254891
|-terastallize|p2a: Deoxys|Steel
|move|p2a: Deoxys|Calm Mind|p2a: Deoxys
|-boost|p2a: Deoxys|spa|1
|-boost|p2a: Deoxys|spd|1
|move|p1a: Alomomola|Wish|p1a: Alomomola
|
|upkeep
|turn|27
|
|t:|1758254908
|switch|p1a: Ting-Lu|Ting-Lu, tera:Steel|8/100
|-ability|p1a: Ting-Lu|Vessel of Ruin
|move|p2a: Deoxys|Calm Mind|p2a: Deoxys
|-boost|p2a: Deoxys|spa|1
|-boost|p2a: Deoxys|spd|1
|
|-heal|p1a: Ting-Lu|60/100|[from] move: Wish|[wisher] Alomomola
|-heal|p1a: Ting-Lu|67/100|[from] item: Leftovers
|upkeep
|turn|28
|
|t:|1758254920
|move|p2a: Deoxys|Ice Beam|p1a: Ting-Lu
|-resisted|p1a: Ting-Lu
|-damage|p1a: Ting-Lu|61/100
|move|p1a: Ting-Lu|Whirlwind|p2a: Deoxys
|drag|p2a: Polteageist|Polteageist|82/100 tox
|-damage|p2a: Polteageist|70/100 tox|[from] Stealth Rock
|
|-heal|p1a: Ting-Lu|67/100|[from] item: Leftovers
|-damage|p2a: Polteageist|63/100 tox|[from] psn
|upkeep
|turn|29
|
|t:|1758254934
|move|p2a: Polteageist|Strength Sap|p1a: Ting-Lu
|-unboost|p1a: Ting-Lu|atk|1
|-heal|p2a: Polteageist|100/100 tox
|move|p1a: Ting-Lu|Earthquake|p2a: Polteageist
|-damage|p2a: Polteageist|60/100 tox
|-start|p1a: Ting-Lu|Disable|Earthquake|[from] ability: Cursed Body|[of] p2a: Polteageist
|
|-heal|p1a: Ting-Lu|73/100|[from] item: Leftovers
|-damage|p2a: Polteageist|48/100 tox|[from] psn
|upkeep
|turn|30
|
|t:|1758254956
|switch|p1a: Alomomola|Alomomola, M|100/100
|move|p2a: Polteageist|Shell Smash|p2a: Polteageist
|-unboost|p2a: Polteageist|def|1
|-unboost|p2a: Polteageist|spd|1
|-boost|p2a: Polteageist|atk|2
|-boost|p2a: Polteageist|spa|2
|-boost|p2a: Polteageist|spe|2
|-enditem|p2a: Polteageist|White Herb
|-clearnegativeboost|p2a: Polteageist|[silent]
|
|-damage|p2a: Polteageist|30/100 tox|[from] psn
|upkeep
|turn|31
|
|t:|1758254967
|move|p1a: Alomomola|Protect|p1a: Alomomola
|-singleturn|p1a: Alomomola|Protect
|move|p2a: Polteageist|Strength Sap|p1a: Alomomola
|-activate|p1a: Alomomola|move: Protect
|
|-damage|p2a: Polteageist|5/100 tox|[from] psn
|upkeep
|turn|32
|
|t:|1758254976
|move|p2a: Polteageist|Strength Sap|p1a: Alomomola
|-unboost|p1a: Alomomola|atk|1
|-heal|p2a: Polteageist|62/100 tox
|move|p1a: Alomomola|Scald|p2a: Polteageist
|-damage|p2a: Polteageist|50/100 tox
|
|-damage|p2a: Polteageist|19/100 tox|[from] psn
|upkeep
|turn|33
|
|t:|1758254988
|move|p1a: Alomomola|Protect|p1a: Alomomola
|-singleturn|p1a: Alomomola|Protect
|move|p2a: Polteageist|Shadow Ball|p1a: Alomomola
|-activate|p1a: Alomomola|move: Protect
|
|-damage|p2a: Polteageist|0 fnt|[from] psn
|faint|p2a: Polteageist
|upkeep
|
|t:|1758254996
|switch|p2a: Cinderace|Cinderace, F|100/100
|turn|34
|
|t:|1758255000
|move|p2a: Cinderace|Court Change|p2a: Cinderace
|-start|p2a: Cinderace|typechange|Normal|[from] ability: Libero
|-swapsideconditions
|-activate|p2a: Cinderace|move: Court Change
|move|p1a: Alomomola|Flip Turn|p2a: Cinderace
|-damage|p2a: Cinderace|85/100
|
|t:|1758255010
|switch|p1a: Dragalge|Dragalge, F|41/100 par|[from] Flip Turn
|-sideend|p1: gossip shadow|move: Toxic Spikes|[of] p1a: Dragalge
|
|upkeep
|turn|35
|
|t:|1758255023
|move|p2a: Cinderace|Pyro Ball|p1a: Dragalge|[miss]
|-miss|p2a: Cinderace|p1a: Dragalge
|move|p1a: Dragalge|Draco Meteor|p2a: Cinderace
|-damage|p2a: Cinderace|7/100
|-unboost|p1a: Dragalge|spa|2
|
|upkeep
|turn|36
|
|t:|1758255033
|move|p2a: Cinderace|Pyro Ball|p1a: Dragalge
|-resisted|p1a: Dragalge
|-damage|p1a: Dragalge|25/100 par
|move|p1a: Dragalge|Flip Turn|p2a: Cinderace
|-damage|p2a: Cinderace|0 fnt
|faint|p2a: Cinderace
|
|t:|1758255039
|switch|p1a: Alomomola|Alomomola, M|100/100|[from] Flip Turn
|
|upkeep
|
|t:|1758255043
|switch|p2a: Serperior|Serperior, F|63/100
|turn|37
|
|t:|1758255055
|move|p2a: Serperior|Leaf Storm|p1a: Alomomola|[miss]
|-miss|p2a: Serperior|p1a: Alomomola
|move|p1a: Alomomola|Flip Turn|p2a: Serperior
|-resisted|p2a: Serperior
|-damage|p2a: Serperior|54/100
|
|t:|1758255061
|switch|p1a: Ting-Lu|Ting-Lu, tera:Steel|73/100|[from] Flip Turn
|-damage|p1a: Ting-Lu|67/100|[from] Stealth Rock
|-ability|p1a: Ting-Lu|Vessel of Ruin
|
|-heal|p2a: Serperior|60/100|[from] item: Leftovers
|-heal|p1a: Ting-Lu|73/100|[from] item: Leftovers
|upkeep
|turn|38
|
|t:|1758255073
|move|p2a: Serperior|Glare|p1a: Ting-Lu
|-status|p1a: Ting-Lu|par
|move|p1a: Ting-Lu|Stealth Rock|p2a: Serperior
|-sidestart|p2: wgw2333|move: Stealth Rock
|
|-heal|p2a: Serperior|66/100|[from] item: Leftovers
|-heal|p1a: Ting-Lu|79/100 par|[from] item: Leftovers
|upkeep
|turn|39
|
|t:|1758255082
|move|p2a: Serperior|Leaf Storm|p1a: Ting-Lu
|-resisted|p1a: Ting-Lu
|-damage|p1a: Ting-Lu|70/100 par
|-boost|p2a: Serperior|spa|2
|move|p1a: Ting-Lu|Whirlwind|p2a: Serperior
|drag|p2a: Dragapult|Dragapult, M|50/100
|
|-heal|p1a: Ting-Lu|77/100 par|[from] item: Leftovers
|upkeep
|turn|40
|
|t:|1758255095
|move|p2a: Dragapult|Dragon Darts|p1a: Ting-Lu
|-resisted|p1a: Ting-Lu
|-damage|p1a: Ting-Lu|71/100 par
|-anim|p2a: Dragapult|Dragon Darts|p1a: Ting-Lu
|-resisted|p1a: Ting-Lu
|-damage|p1a: Ting-Lu|65/100 par
|cant|p1a: Ting-Lu|par
|
|-heal|p1a: Ting-Lu|71/100 par|[from] item: Leftovers
|upkeep
|turn|41
|
|t:|1758255108
|move|p2a: Dragapult|Dragon Darts|p1a: Ting-Lu
|-resisted|p1a: Ting-Lu
|-damage|p1a: Ting-Lu|65/100 par
|-anim|p2a: Dragapult|Dragon Darts|p1a: Ting-Lu
|-resisted|p1a: Ting-Lu
|-damage|p1a: Ting-Lu|59/100 par
|move|p1a: Ting-Lu|Earthquake|p2a: Dragapult
|-damage|p2a: Dragapult|1/100
|
|-heal|p1a: Ting-Lu|65/100 par|[from] item: Leftovers
|upkeep
|turn|42
|
|t:|1758255118
|switch|p2a: Deoxys|Deoxys-Defense, tera:Steel|63/100
|-ability|p2a: Deoxys|Pressure
|move|p1a: Ting-Lu|Earthquake|p2a: Deoxys
|-supereffective|p2a: Deoxys
|-damage|p2a: Deoxys|17/100
|
|-heal|p1a: Ting-Lu|71/100 par|[from] item: Leftovers
|upkeep
|turn|43
|-message|wgw2333 forfeited.
|
|win|gossip shadow
|raw|gossip shadow's rating: 1241 &rarr; <strong>1269</strong><br />(+28 for winning)
|raw|wgw2333's rating: 1279 &rarr; <strong>1251</strong><br />(-28 for losing)
|l|☆wgw2333
|player|p2|
|l|☆gossip shadow
|player|p1|
