|j|☆2009 ben gordon
|j|☆Almighty Sa'
|inactive|Battle timer is ON: inactive players will automatically lose when time's up.
|t:|1758254980
|gametype|singles
|player|p1|2009 ben gordon|unknown|
|player|p2|Almighty Sa'|ethan|
|gen|9
|tier|[Gen 9] OU
|rated|Tournament battle
|rule|HP Percentage Mod: HP is shown in percentages
|rule|Endless Battle Clause: Forcing endless battles is banned
|rule|Species Clause: Limit one of each Pokémon
|rule|OHKO Clause: OHKO moves are banned
|rule|Evasion Items Clause: Evasion items are banned
|rule|Evasion Moves Clause: Evasion moves are banned
|rule|Evasion Abilities Clause: Evasion abilities are banned
|rule|Sleep Moves Clause: Sleep-inducing moves are banned
|clearpoke
|poke|p1|Gholdengo|
|poke|p1|Ting-Lu|
|poke|p1|Zamazenta-*|
|poke|p1|Moltres|
|poke|p1|Clefable, M|
|poke|p1|Hydrapple, M|
|poke|p2|Hatterene, F|
|poke|p2|Tornadus-Therian, M|
|poke|p2|Raging Bolt|
|poke|p2|Empoleon, F|
|poke|p2|Kyurem|
|poke|p2|Okidogi, M|
|teampreview
|j| signed out
|j|%d18l
|j| Shucklepilled
|j| glass shadows
|c|☆2009 ben gordon|hf
|j| glowingrobot
|c| Shucklepilled|wheres pineco
|c|☆Almighty Sa'|hf
|j| GlobalWarmingDoom
|c| glass shadows|clap his cheeks sausage
|j|+htcl
|j| Johnny tots
|c| signed out|wrong team prolly
|inactive|2009 ben gordon has 120 seconds left.
|inactive|Almighty Sa' has 120 seconds left.
|c| glass shadows|thats for sure pineco lol
|inactive|2009 ben gordon has 90 seconds left.
|inactive|Almighty Sa' has 90 seconds left.
|j| Ske
|j| Reaper P2
|j| David Watts
|j| bottom drawer
|inactive|2009 ben gordon has 60 seconds left.
|inactive|Almighty Sa' has 60 seconds left.
|j| fulls
|c| glowingrobot|no lc vs lc finals, I call shenanigans
|
|t:|1758255087
|teamsize|p1|6
|teamsize|p2|6
|start
|switch|p1a: Clefable|Clefable, M|100/100
|switch|p2a: Okidogi|Okidogi, M|100/100
|turn|1
|
|t:|1758255109
|move|p2a: Okidogi|Knock Off|p1a: Clefable
|-resisted|p1a: Clefable
|-damage|p1a: Clefable|87/100
|-damage|p2a: Okidogi|84/100|[from] item: Rocky Helmet|[of] p1a: Clefable
|-status|p1a: Clefable|tox|[from] ability: Toxic Chain|[of] p2a: Okidogi
|-enditem|p1a: Clefable|Rocky Helmet|[from] move: Knock Off|[of] p2a: Okidogi
|move|p1a: Clefable|Stealth Rock|p2a: Okidogi
|-sidestart|p2: Almighty Sa'|move: Stealth Rock
|
|upkeep
|turn|2
|inactive|2009 ben gordon has 90 seconds left.
|j| alt testing 124n
|
|t:|1758255139
|move|p2a: Okidogi|Knock Off|p1a: Clefable
|-resisted|p1a: Clefable
|-damage|p1a: Clefable|78/100 tox
|move|p1a: Clefable|Moonblast|p2a: Okidogi
|-damage|p2a: Okidogi|63/100
|
|upkeep
|turn|3
|l| David Watts
|j| vithuriel
|
|t:|1758255152
|switch|p1a: Moltres|Moltres|100/100
|move|p2a: Okidogi|Knock Off|p1a: Moltres
|-damage|p1a: Moltres|73/100
|-status|p2a: Okidogi|brn|[from] ability: Flame Body|[of] p1a: Moltres
|-enditem|p1a: Moltres|Heavy-Duty Boots|[from] move: Knock Off|[of] p2a: Okidogi
|
|-damage|p2a: Okidogi|56/100 brn|[from] brn
|upkeep
|turn|4
|j|@skymin<3
|l|@skymin<3
|
|t:|1758255163
|move|p1a: Moltres|U-turn|p2a: Okidogi
|-resisted|p2a: Okidogi
|-damage|p2a: Okidogi|54/100 brn
|j| fiishing
|
|t:|1758255165
|switch|p1a: Clefable|Clefable, M|78/100 tox|[from] U-turn
|move|p2a: Okidogi|Gunk Shot|p1a: Clefable
|-supereffective|p1a: Clefable
|-damage|p1a: Clefable|24/100 tox
|
|-damage|p2a: Okidogi|48/100 brn|[from] brn
|upkeep
|turn|5
|
|t:|1758255169
|switch|p1a: Moltres|Moltres|73/100
|move|p2a: Okidogi|Gunk Shot|p1a: Moltres
|-damage|p1a: Moltres|47/100
|
|-damage|p2a: Okidogi|42/100 brn|[from] brn
|upkeep
|turn|6
|l| fiishing
|l| bottom drawer
|
|t:|1758255181
|move|p1a: Moltres|Roost|p1a: Moltres
|-heal|p1a: Moltres|97/100
|-singleturn|p1a: Moltres|move: Roost
|move|p2a: Okidogi|Gunk Shot|p1a: Moltres|[miss]
|-miss|p2a: Okidogi|p1a: Moltres
|
|-damage|p2a: Okidogi|36/100 brn|[from] brn
|upkeep
|turn|7
|c|☆Almighty Sa'|favorism.
|c|☆2009 ben gordon|mb boss
|
|t:|1758255204
|switch|p2a: Empoleon|Empoleon, F|100/100
|-damage|p2a: Empoleon|94/100|[from] Stealth Rock
|move|p1a: Moltres|Flamethrower|p2a: Empoleon
|-damage|p2a: Empoleon|57/100
|
|upkeep
|turn|8
|j| MRH1106
|c| MRH1106|Sa
|c| MRH1106|lock in
|j| Yugiohvn
|inactive|2009 ben gordon has 90 seconds left.
|c| glass shadows|u lock in lil man
|c| MRH1106|betting the house on bundy
|j| brobrubro
|c| glass shadows|u got the work cut out for u
|c| MRH1106|wdym
|inactive|2009 ben gordon has 60 seconds left.
|c| glowingrobot|na bro pat won with an LC team to get here that's where the money is
|c| glass shadows|nav gonna clap dem cheeks
|c| glass shadows|xav
|c| MRH1106|xav boutta take it like a good boy twin
|j| kickassin666
|c| MRH1106|just watch the games
|j|@skymin<3
|c| glass shadows|on all 4s
|c| glass shadows|no lube
|inactive|2009 ben gordon has 30 seconds left.
|c| MRH1106|???
|c| signed out|😭
|c|+htcl|wtf...
|c| glass shadows|ayo
|inactive|2009 ben gordon has 20 seconds left.
|c|☆2009 ben gordon|corny
|inactive|2009 ben gordon has 15 seconds left.
|c| MRH1106|skymin get his ass out LMAO
|
|t:|1758255306
|switch|p1a: Clefable|Clefable, M|24/100 tox
|move|p2a: Empoleon|Roost|p2a: Empoleon
|-heal|p2a: Empoleon|100/100
|-singleturn|p2a: Empoleon|move: Roost
|
|upkeep
|turn|9
|inactive|2009 ben gordon has 25 seconds left this turn.
|c|+htcl|mans ayoing himself
|inactive|2009 ben gordon has 20 seconds left.
|
|t:|1758255314
|switch|p1a: Zamazenta|Zamazenta|100/100
|-ability|p1a: Zamazenta|Dauntless Shield|boost
|-boost|p1a: Zamazenta|def|1
|move|p2a: Empoleon|Surf|p1a: Zamazenta
|-crit|p1a: Zamazenta
|-damage|p1a: Zamazenta|49/100
|
|upkeep
|turn|10
|inactive|2009 ben gordon has 30 seconds left this turn.
|
|t:|1758255320
|switch|p2a: Hatterene|Hatterene, F|100/100
|-damage|p2a: Hatterene|88/100|[from] Stealth Rock
|move|p1a: Zamazenta|Close Combat|p2a: Hatterene
|-resisted|p2a: Hatterene
|-damage|p2a: Hatterene|77/100
|-unboost|p1a: Zamazenta|def|1
|-unboost|p1a: Zamazenta|spd|1
|-damage|p1a: Zamazenta|32/100|[from] item: Rocky Helmet|[of] p2a: Hatterene
|
|upkeep
|turn|11
|c| glass shadows|sybau ben, soft ahhh mf
|inactive|2009 ben gordon has 30 seconds left.
|
|t:|1758255330
|switch|p1a: Clefable|Clefable, M|24/100 tox
|move|p2a: Hatterene|Nuzzle|p1a: Clefable
|-damage|p1a: Clefable|21/100 tox
|
|upkeep
|turn|12
|
|t:|1758255335
|switch|p2a: Empoleon|Empoleon, F|100/100
|-damage|p2a: Empoleon|94/100|[from] Stealth Rock
|move|p1a: Clefable|Knock Off|p2a: Empoleon
|-damage|p2a: Empoleon|79/100
|-enditem|p2a: Empoleon|Shuca Berry|[from] move: Knock Off|[of] p1a: Clefable
|
|upkeep
|turn|13
|
|t:|1758255346
|move|p2a: Empoleon|Stealth Rock|p1a: Clefable
|-sidestart|p1: 2009 ben gordon|move: Stealth Rock
|move|p1a: Clefable|Moonblast|p2a: Empoleon
|-resisted|p2a: Empoleon
|-damage|p2a: Empoleon|63/100
|
|upkeep
|turn|14
|c|@skymin<3|/log glass shadows was muted by skymin<3 for 1 hour. (inap)
|
|t:|1758255351
|move|p2a: Empoleon|Roost|p2a: Empoleon
|-heal|p2a: Empoleon|100/100
|-singleturn|p2a: Empoleon|move: Roost
|move|p1a: Clefable|Moonlight|p1a: Clefable
|-heal|p1a: Clefable|71/100 tox
|
|upkeep
|turn|15
|
|t:|1758255360
|switch|p1a: Ting-Lu|Ting-Lu|100/100
|-damage|p1a: Ting-Lu|94/100|[from] Stealth Rock
|-ability|p1a: Ting-Lu|Vessel of Ruin
|move|p2a: Empoleon|Surf|p1a: Ting-Lu
|-supereffective|p1a: Ting-Lu
|-damage|p1a: Ting-Lu|62/100
|
|-heal|p1a: Ting-Lu|68/100|[from] item: Leftovers
|upkeep
|turn|16
|c| MRH1106|glass go back to hating on stoppable1
|c| MRH1106|hes still in OLT somehow
|inactive|2009 ben gordon has 60 seconds left.
|j| Pawdrin
|
|t:|1758255366
|move|p2a: Empoleon|Surf|p1a: Ting-Lu
|-supereffective|p1a: Ting-Lu
|-damage|p1a: Ting-Lu|31/100
|move|p1a: Ting-Lu|Earthquake|p2a: Empoleon
|-supereffective|p2a: Empoleon
|-damage|p2a: Empoleon|20/100
|
|-heal|p1a: Ting-Lu|38/100|[from] item: Leftovers
|upkeep
|turn|17
|
|t:|1758255372
|switch|p1a: Gholdengo|Gholdengo|100/100
|-damage|p1a: Gholdengo|94/100|[from] Stealth Rock
|move|p2a: Empoleon|Surf|p1a: Gholdengo
|-damage|p1a: Gholdengo|42/100
|
|upkeep
|turn|18
|l| Pawdrin
|
|t:|1758255377
|switch|p2a: Tornadus|Tornadus-Therian, M|100/100
|-damage|p2a: Tornadus|76/100|[from] Stealth Rock
|move|p1a: Gholdengo|Shadow Ball|p2a: Tornadus
|-damage|p2a: Tornadus|51/100
|
|upkeep
|turn|19
|
|t:|1758255401
|switch|p1a: Clefable|Clefable, M|71/100 tox
|move|p2a: Tornadus|U-turn|p1a: Clefable
|-resisted|p1a: Clefable
|-damage|p1a: Clefable|65/100 tox
|
|t:|1758255403
|switch|p2a: Empoleon|Empoleon, F|20/100|[from] U-turn
|-damage|p2a: Empoleon|14/100|[from] Stealth Rock
|
|upkeep
|turn|20
|c|+htcl|this empoleon is stronger than i expected ngl
|inactive|2009 ben gordon has 60 seconds left.
|c|☆2009 ben gordon|why does empoleon 6-0
|c|+htcl|shit does so much dmg
|c|☆Almighty Sa'|shoutsoutss macgargooo
|
|t:|1758255435
|switch|p1a: Zamazenta|Zamazenta|32/100
|move|p2a: Empoleon|Roost|p2a: Empoleon
|-heal|p2a: Empoleon|64/100
|-singleturn|p2a: Empoleon|move: Roost
|
|upkeep
|turn|21
|
|t:|1758255444
|switch|p1a: Gholdengo|Gholdengo|42/100
|-damage|p1a: Gholdengo|36/100|[from] Stealth Rock
|switch|p2a: Hatterene|Hatterene, F|77/100
|-damage|p2a: Hatterene|64/100|[from] Stealth Rock
|
|upkeep
|turn|22
|inactive|2009 ben gordon has 60 seconds left.
|c| MRH1106|empoleon got good bulk
|c| MRH1106|yall sleepin
|
|t:|1758255458
|switch|p2a: Okidogi|Okidogi, M|36/100 brn
|-damage|p2a: Okidogi|29/100 brn|[from] Stealth Rock
|move|p1a: Gholdengo|Make It Rain|p2a: Okidogi
|-damage|p2a: Okidogi|0 fnt
|-unboost|p1a: Gholdengo|spa|1
|faint|p2a: Okidogi
|
|upkeep
|c| Reaper P2|yo slainey you got the wrong guy!!
|
|t:|1758255474
|switch|p2a: Tornadus|Tornadus-Therian, M|84/100
|-damage|p2a: Tornadus|60/100|[from] Stealth Rock
|turn|23
|c|+htcl|wait wtf
|c| Reaper P2|LOL
|inactive|2009 ben gordon has 60 seconds left.
|c|+htcl|actually true
|j| mantikarp2.0
|l| Johnny tots
|c|+htcl|it was glowingrobot who said that
|c| MRH1106|glass shadows was muted by skymin<3 for 1 hour. (inap)
|c| MRH1106|holy goat
|c| Reaper P2|HE TOOK THE BULLET
|inactive|2009 ben gordon has 30 seconds left.
|
|t:|1758255515
|switch|p1a: Clefable|Clefable, M|65/100 tox
|move|p2a: Tornadus|U-turn|p1a: Clefable
|-resisted|p1a: Clefable
|-damage|p1a: Clefable|59/100 tox
|c| MRH1106|good slimeout
|c| glowingrobot|wait, what?
|
|t:|1758255520
|switch|p2a: Empoleon|Empoleon, F|64/100|[from] U-turn
|-damage|p2a: Empoleon|58/100|[from] Stealth Rock
|
|upkeep
|turn|24
|
|t:|1758255530
|move|p2a: Empoleon|Flash Cannon|p1a: Clefable
|-supereffective|p1a: Clefable
|-damage|p1a: Clefable|0 fnt
|faint|p1a: Clefable
|
|upkeep
|c|+htcl|wait what
|c| MRH1106|yo why is empoleon him
|c|+htcl|i cant see the logs anymore
|c|+htcl|wtf
|
|t:|1758255541
|switch|p1a: Zamazenta|Zamazenta|32/100
|turn|25
|c|+htcl|they're gone gg
|c|@skymin<3|wait
|c|@skymin<3|i did
|c|@skymin<3|who
|c| Reaper P2|glass shadows died so glowingrobot could live
|c| MRH1106|nah you got the right one out
|inactive|2009 ben gordon has 30 seconds left.
|
|t:|1758255560
|switch|p1a: Gholdengo|Gholdengo|36/100
|-damage|p1a: Gholdengo|30/100|[from] Stealth Rock
|switch|p2a: Hatterene|Hatterene, F|64/100
|-damage|p2a: Hatterene|52/100|[from] Stealth Rock
|
|upkeep
|turn|26
|c|+htcl|oh maybe im blind
|c|+htcl|xdd
|c| glowingrobot|I'm out here catching strays
|c|@skymin<3|what did
|c|@skymin<3|glowing say
|c|@skymin<3|i dont see anything
|inactive|2009 ben gordon has 30 seconds left.
|c|+htcl|nothing apparently
|c|+htcl|im the one whos stupid
|
|t:|1758255579
|switch|p2a: Tornadus|Tornadus-Therian, M|93/100
|-damage|p2a: Tornadus|68/100|[from] Stealth Rock
|move|p1a: Gholdengo|Shadow Ball|p2a: Tornadus
|-damage|p2a: Tornadus|42/100
|-unboost|p2a: Tornadus|spd|1
|
|upkeep
|turn|27
|inactive|2009 ben gordon has 30 seconds left.
|c| mantikarp2.0|its scarf ghold
|c| mantikarp2.0|switch out
|c|@skymin<3|yeah he didnt say anything
|inactive|2009 ben gordon has 20 seconds left.
|l| kickassin666
|c|☆Almighty Sa'|bruh
|c|+htcl|i cant lie we're getting sauced by empoleon
|inactive|2009 ben gordon has 15 seconds left.
|
|t:|1758255606
|-terastallize|p1a: Gholdengo|Ghost
|move|p1a: Gholdengo|Shadow Ball|p2a: Tornadus
|-damage|p2a: Tornadus|0 fnt
|faint|p2a: Tornadus
|
|upkeep
|c| mantikarp2.0|oh wow it actually is I was just guessing lol
|
|t:|1758255617
|switch|p2a: Kyurem|Kyurem|100/100
|-damage|p2a: Kyurem|76/100|[from] Stealth Rock
|-ability|p2a: Kyurem|Pressure
|turn|28
|inactive|2009 ben gordon has 30 seconds left this turn.
|c| Reaper P2|why are the logs gone LOL ?
|inactive|2009 ben gordon has 20 seconds left.
|inactive|2009 ben gordon has 15 seconds left.
|j| PG Spectating
|c|+htcl|i think it happens when u mute people idk
|inactive|2009 ben gordon has 10 seconds left.
|c|+htcl|the logs just get deleted
|c| Reaper P2|but he didnt get mued
|
|t:|1758255640
|switch|p1a: Hydrapple|Hydrapple, M|100/100
|move|p2a: Kyurem|Scale Shot|p1a: Hydrapple
|-supereffective|p1a: Hydrapple
|-damage|p1a: Hydrapple|86/100
|-supereffective|p1a: Hydrapple
|-damage|p1a: Hydrapple|72/100
|-supereffective|p1a: Hydrapple
|-crit|p1a: Hydrapple
|-damage|p1a: Hydrapple|49/100
|-supereffective|p1a: Hydrapple
|-damage|p1a: Hydrapple|36/100
|-hitcount|p1a: Hydrapple|4
|-unboost|p2a: Kyurem|def|1
|-boost|p2a: Kyurem|spe|1
|
|upkeep
|turn|29
|inactive|2009 ben gordon has 20 seconds left this turn.
|c| GlobalWarmingDoom|Kyurem is the GOAT
|c| Reaper P2|muted
|
|t:|1758255645
|move|p2a: Kyurem|Scale Shot|p1a: Hydrapple
|-supereffective|p1a: Hydrapple
|-damage|p1a: Hydrapple|20/100
|-supereffective|p1a: Hydrapple
|-damage|p1a: Hydrapple|4/100
|-supereffective|p1a: Hydrapple
|-damage|p1a: Hydrapple|0 fnt
|faint|p1a: Hydrapple
|-hitcount|p1: Hydrapple|3
|-unboost|p2a: Kyurem|def|1
|-boost|p2a: Kyurem|spe|1
|
|upkeep
|inactive|2009 ben gordon has 25 seconds left this turn.
|
|t:|1758255648
|switch|p1a: Moltres|Moltres|97/100
|-damage|p1a: Moltres|47/100|[from] Stealth Rock
|turn|30
|
|t:|1758255652
|move|p2a: Kyurem|Ice Beam|p1a: Moltres
|-damage|p1a: Moltres|9/100
|move|p1a: Moltres|Roost|p1a: Moltres
|-heal|p1a: Moltres|59/100
|-singleturn|p1a: Moltres|move: Roost
|
|upkeep
|turn|31
|c| Reaper P2|it was the other guy
|c|+htcl|ate
|
|t:|1758255659
|move|p2a: Kyurem|Ice Beam|p1a: Moltres
|-damage|p1a: Moltres|20/100
|move|p1a: Moltres|Roost|p1a: Moltres
|-heal|p1a: Moltres|70/100
|-singleturn|p1a: Moltres|move: Roost
|
|upkeep
|turn|32
|
|t:|1758255662
|move|p2a: Kyurem|Ice Beam|p1a: Moltres
|-damage|p1a: Moltres|26/100
|move|p1a: Moltres|Roost|p1a: Moltres
|-heal|p1a: Moltres|76/100
|-singleturn|p1a: Moltres|move: Roost
|
|upkeep
|turn|33
|j| fiishing
|c|+htcl|ice beam is gonna do its thing
|
|t:|1758255674
|move|p2a: Kyurem|Ice Beam|p1a: Moltres
|-damage|p1a: Moltres|37/100
|move|p1a: Moltres|Roar|p2a: Kyurem
|drag|p2a: Empoleon|Empoleon, F|58/100
|-damage|p2a: Empoleon|52/100|[from] Stealth Rock
|
|upkeep
|turn|34
|c|+htcl|soon
|c|+htcl|nvm
|c|+htcl|demon in
|c| PG Spectating|the goat is in
|l| fiishing
|c| brobrubro|lmao
|
|t:|1758255693
|move|p1a: Moltres|Flamethrower|p2a: Empoleon
|-damage|p2a: Empoleon|18/100
|move|p2a: Empoleon|Roost|p2a: Empoleon
|-heal|p2a: Empoleon|68/100
|-singleturn|p2a: Empoleon|move: Roost
|
|upkeep
|turn|35
|c| Shucklepilled|she living forever
|
|t:|1758255708
|move|p1a: Moltres|Flamethrower|p2a: Empoleon
|-damage|p2a: Empoleon|31/100
|move|p2a: Empoleon|Surf|p1a: Moltres
|-supereffective|p1a: Moltres
|-damage|p1a: Moltres|0 fnt
|faint|p1a: Moltres
|
|upkeep
|c| brobrubro|the penguin from hel
|inactive|2009 ben gordon has 60 seconds left.
|c| mantikarp2.0|scarf ghold sweeps now
|
|t:|1758255727
|switch|p1a: Gholdengo|Gholdengo, tera:Ghost|30/100
|-damage|p1a: Gholdengo|17/100|[from] Stealth Rock
|turn|36
|c| mantikarp2.0|just need bolt to miss draco 3 times in a row
|c| brobrubro|raging bolt tclap?
|c| Shucklepilled|kid named thunderclap
|c| fulls|there's a bolt bro
|c| PG Spectating|kid named thunderclap
|j| larplegion
|
|t:|1758255742
|move|p1a: Gholdengo|Shadow Ball|p2a: Empoleon
|-damage|p2a: Empoleon|0 fnt
|faint|p2a: Empoleon
|
|upkeep
|
|t:|1758255746
|switch|p2a: Raging Bolt|Raging Bolt|100/100
|-damage|p2a: Raging Bolt|88/100|[from] Stealth Rock
|turn|37
|c| Shucklepilled|mantikarp2.0 what world do u live in
|c| larplegion|is this finals
|c| PG Spectating|yes
|inactive|2009 ben gordon has 60 seconds left.
|c| mantikarp2.0|bro u wouldnt understand my high elo brain
|c|☆2009 ben gordon|played too scared of beam empo
|c|@skymin<3|Reaper P2 whos the other guy
|c| mantikarp2.0|its ok
|c|@skymin<3|?
|c| fulls|good thing it's no tclap bolt
|c|☆2009 ben gordon|that was funny
|c|@skymin<3|the logs got removed because it was glass shadows
|c|@skymin<3|lol
|inactive|2009 ben gordon has 30 seconds left.
|
|t:|1758255793
|move|p2a: Raging Bolt|Thunderclap|p1a: Gholdengo
|-damage|p1a: Gholdengo|0 fnt
|faint|p1a: Gholdengo
|
|upkeep
|c| mantikarp2.0|draco if ur a man
|inactive|2009 ben gordon has 30 seconds left.
|
|t:|1758255799
|switch|p1a: Ting-Lu|Ting-Lu|38/100
|-damage|p1a: Ting-Lu|31/100|[from] Stealth Rock
|-ability|p1a: Ting-Lu|Vessel of Ruin
|turn|38
|l| PG Spectating
|c| Reaper P2|was it him all along
|
|t:|1758255807
|-end|p2a: Raging Bolt|Protosynthesis|[silent]
|switch|p2a: Hatterene|Hatterene, F|52/100
|-damage|p2a: Hatterene|40/100|[from] Stealth Rock
|move|p1a: Ting-Lu|Whirlwind|p2a: Hatterene
|move|p2a: Hatterene|Whirlwind|p1a: Ting-Lu|[from] ability: Magic Bounce
|drag|p1a: Zamazenta|Zamazenta|32/100
|
|upkeep
|turn|39
|
|t:|1758255817
|move|p1a: Zamazenta|Stone Edge|p2a: Hatterene
|-damage|p2a: Hatterene|12/100
|move|p2a: Hatterene|Nuzzle|p1a: Zamazenta
|-damage|p1a: Zamazenta|29/100
|-status|p1a: Zamazenta|par
|
|upkeep
|turn|40
|l| Shucklepilled
|
|t:|1758255825
|move|p1a: Zamazenta|Stone Edge|p2a: Hatterene
|-damage|p2a: Hatterene|0 fnt
|faint|p2a: Hatterene
|
|upkeep
|c|☆2009 ben gordon|gg
|
|t:|1758255829
|switch|p2a: Kyurem|Kyurem|76/100
|-damage|p2a: Kyurem|51/100|[from] Stealth Rock
|-ability|p2a: Kyurem|Pressure
|turn|41
|
|t:|1758255831
|move|p2a: Kyurem|Ice Beam|p1a: Zamazenta
|-damage|p1a: Zamazenta|0 fnt
|faint|p1a: Zamazenta
|
|upkeep
|c| mantikarp2.0|u can still win
|
|t:|1758255833
|switch|p1a: Ting-Lu|Ting-Lu|31/100
|-damage|p1a: Ting-Lu|25/100|[from] Stealth Rock
|-ability|p1a: Ting-Lu|Vessel of Ruin
|turn|42
|c|☆Almighty Sa'|Gg
|
|t:|1758255836
|move|p2a: Kyurem|Ice Beam|p1a: Ting-Lu
|-supereffective|p1a: Ting-Lu
|-damage|p1a: Ting-Lu|0 fnt
|faint|p1a: Ting-Lu
|
|win|Almighty Sa'
|n|☆2009 ben gordon|2009bengordon
|n|☆Almighty Sa'|almightysa
|n| signed out|signedout
|n| d18l|d18l
|n| glowingrobot|glowingrobot
|n| GlobalWarmingDoom|globalwarmingdoom
|n| htcl|htcl
|n| Ske|ske
|n| Reaper P2|reaperp2
|n| fulls|fulls
|n| alt testing 124n|alttesting124n
|n| vithuriel|vithuriel
|n| MRH1106|mrh1106
|n| Yugiohvn|yugiohvn
|n| brobrubro|brobrubro
|n|+skymin<3|skymin3
|n| mantikarp2.0|mantikarp20
|n| larplegion|larplegion
|l| Yugiohvn
|l|☆2009 ben gordon
|player|p1|
|c| GlobalWarmingDoom|Good job Almighty Sa' I was rooting for you
|l| Reaper P2
|l| fulls
|l| htcl
|c|☆Almighty Sa'|ty brodie
|l| d18l
|l| vithuriel
|l| GlobalWarmingDoom
|l| brobrubro
|l| glowingrobot
|l| alt testing 124n
