|j|☆Allheckers
|j|☆Surigato
|t:|1758271303
|gametype|singles
|player|p1|Allheckers|102|1140
|player|p2|Surigato|2|1140
|gen|9
|tier|[Gen 9] OU
|rated|
|rule|HP Percentage Mod: HP is shown in percentages
|rule|Endless Battle Clause: Forcing endless battles is banned
|rule|Species Clause: Limit one of each Pokémon
|rule|OHKO Clause: OHKO moves are banned
|rule|Evasion Items Clause: Evasion items are banned
|rule|Evasion Moves Clause: Evasion moves are banned
|rule|Evasion Abilities Clause: Evasion abilities are banned
|rule|Sleep Moves Clause: Sleep-inducing moves are banned
|clearpoke
|poke|p1|Entei|
|poke|p1|Dragapult, M|
|poke|p1|Scizor, F|
|poke|p1|Glimmora, M|
|poke|p1|Zapdos|
|poke|p1|Ogerpon-Cornerstone, F|
|poke|p2|Serperior, F|
|poke|p2|Blaziken, F|
|poke|p2|Swalot, F|
|poke|p2|Alcremie-Mint-Cream, F|
|poke|p2|Vikavolt, M|
|poke|p2|Kingambit, F|
|teampreview
|inactive|Battle timer is ON: inactive players will automatically lose when time's up. (requested by Surigato)
|
|t:|1758271336
|teamsize|p1|6
|teamsize|p2|6
|start
|switch|p1a: Ogerpon|Ogerpon-Cornerstone, F|100/100
|switch|p2a: Swalot|Swalot, F, shiny|100/100
|turn|1
|inactive|Allheckers has 120 seconds left.
|
|t:|1758271386
|move|p1a: Ogerpon|Ivy Cudgel|p2a: Swalot|[anim] Ivy Cudgel Rock
|-damage|p2a: Swalot|37/100
|move|p2a: Swalot|Stuff Cheeks|p2a: Swalot
|-boost|p2a: Swalot|def|2
|-enditem|p2a: Swalot|Starf Berry|[eat]
|-boost|p2a: Swalot|spd|2|[from] item: Starf Berry
|
|upkeep
|turn|2
|
|t:|1758271399
|move|p1a: Ogerpon|Ivy Cudgel|p2a: Swalot|[anim] Ivy Cudgel Rock
|-damage|p2a: Swalot|8/100
|move|p2a: Swalot|Body Press|p1a: Ogerpon
|-supereffective|p1a: Ogerpon
|-damage|p1a: Ogerpon|18/100
|
|upkeep
|turn|3
|inactive|Allheckers has 90 seconds left.
|
|t:|1758271448
|move|p1a: Ogerpon|Ivy Cudgel|p2a: Swalot|[anim] Ivy Cudgel Rock
|-damage|p2a: Swalot|0 fnt
|faint|p2a: Swalot
|
|upkeep
|inactive|Surigato has 120 seconds left.
|
|t:|1758271494
|switch|p2a: Kingambit|Kingambit, F, shiny|100/100
|turn|4
|inactive|Allheckers has 60 seconds left.
|
|t:|1758271524
|move|p1a: Ogerpon|Brick Break|p2a: Kingambit
|-supereffective|p2a: Kingambit
|-crit|p2a: Kingambit
|-damage|p2a: Kingambit|0 fnt
|faint|p2a: Kingambit
|
|upkeep
|
|t:|1758271529
|switch|p2a: Vikavolt|Vikavolt, M, shiny|100/100
|turn|5
|
|t:|1758271535
|move|p1a: Ogerpon|Ivy Cudgel|p2a: Vikavolt|[anim] Ivy Cudgel Rock
|-supereffective|p2a: Vikavolt
|-damage|p2a: Vikavolt|0 fnt
|faint|p2a: Vikavolt
|
|upkeep
|
|t:|1758271541
|switch|p2a: Blaziken|Blaziken, F, shiny|100/100
|turn|6
|
|t:|1758271546
|move|p2a: Blaziken|Protect|p2a: Blaziken
|-singleturn|p2a: Blaziken|Protect
|move|p1a: Ogerpon|Zen Headbutt|p2a: Blaziken
|-activate|p2a: Blaziken|move: Protect
|
|-ability|p2a: Blaziken|Speed Boost|boost
|-boost|p2a: Blaziken|spe|1
|upkeep
|turn|7
|
|t:|1758271552
|move|p2a: Blaziken|Close Combat|p1a: Ogerpon
|-supereffective|p1a: Ogerpon
|-crit|p1a: Ogerpon
|-damage|p1a: Ogerpon|0 fnt
|-unboost|p2a: Blaziken|def|1
|-unboost|p2a: Blaziken|spd|1
|faint|p1a: Ogerpon
|
|-ability|p2a: Blaziken|Speed Boost|boost
|-boost|p2a: Blaziken|spe|1
|upkeep
|
|t:|1758271560
|switch|p1a: Dragapult|Dragapult, M|100/100
|turn|8
|
|t:|1758271564
|move|p2a: Blaziken|Focus Energy|p2a: Blaziken
|-start|p2a: Blaziken|move: Focus Energy
|move|p1a: Dragapult|Hydro Pump|p2a: Blaziken
|-supereffective|p2a: Blaziken
|-crit|p2a: Blaziken
|-damage|p2a: Blaziken|0 fnt
|faint|p2a: Blaziken
|
|upkeep
|
|t:|1758271572
|switch|p2a: Alcremie|Alcremie-Mint-Cream, F|100/100
|turn|9
|inactive|Allheckers has 90 seconds left.
|
|t:|1758271603
|move|p1a: Dragapult|Hydro Pump|p2a: Alcremie
|-crit|p2a: Alcremie
|-damage|p2a: Alcremie|59/100
|move|p2a: Alcremie|Calm Mind|p2a: Alcremie
|-boost|p2a: Alcremie|spa|1
|-boost|p2a: Alcremie|spd|1
|
|upkeep
|turn|10
|
|t:|1758271613
|switch|p1a: Entei|Entei|100/100
|move|p2a: Alcremie|Calm Mind|p2a: Alcremie
|-boost|p2a: Alcremie|spa|1
|-boost|p2a: Alcremie|spd|1
|
|upkeep
|turn|11
|
|t:|1758271620
|move|p1a: Entei|Sacred Fire|p2a: Alcremie
|-damage|p2a: Alcremie|0 fnt
|faint|p2a: Alcremie
|-damage|p1a: Entei|91/100|[from] item: Life Orb
|
|upkeep
|
|t:|1758271624
|switch|p2a: Serperior|Serperior, F, shiny|100/100
|turn|12
|
|t:|1758271634
|-terastallize|p2a: Serperior|Stellar
|move|p2a: Serperior|Tera Blast|p1a: Entei|[anim] Tera Blast Stellar
|-damage|p1a: Entei|59/100
|-boost|p2a: Serperior|atk|1
|-boost|p2a: Serperior|spa|1
|move|p1a: Entei|Sacred Fire|p2a: Serperior
|-supereffective|p2a: Serperior
|-damage|p2a: Serperior|0 fnt
|faint|p2a: Serperior
|-damage|p1a: Entei|49/100|[from] item: Life Orb
|
|win|Allheckers
|raw|Allheckers's rating: 1167 &rarr; <strong>1190</strong><br />(+23 for winning)
|raw|Surigato's rating: 1140 &rarr; <strong>1117</strong><br />(-23 for losing)
|l|☆Surigato
|player|p2|
|l|☆Allheckers
|player|p1|
