|j|☆jarrodbennett
|j|☆arturohdez
|t:|1758334521
|gametype|singles
|player|p1|jarrodbennett|1|1381
|player|p2|arturohdez|iris-gen5bw2|1434
|gen|9
|tier|[Gen 9] OU
|rated|
|rule|HP Percentage Mod: HP is shown in percentages
|rule|Endless Battle Clause: Forcing endless battles is banned
|rule|Species Clause: Limit one of each Pokémon
|rule|OHKO Clause: OHKO moves are banned
|rule|Evasion Items Clause: Evasion items are banned
|rule|Evasion Moves Clause: Evasion moves are banned
|rule|Evasion Abilities Clause: Evasion abilities are banned
|rule|Sleep Moves Clause: Sleep-inducing moves are banned
|clearpoke
|poke|p1|Ribombee, F|
|poke|p1|Cinderace, F|
|poke|p1|Serperior, M|
|poke|p1|Hitmonlee, M|
|poke|p1|Empoleon, M|
|poke|p1|Kingambit, F|
|poke|p2|Ting-Lu|
|poke|p2|Hatterene, F|
|poke|p2|Great Tusk|
|poke|p2|Ceruledge, M|
|poke|p2|Dragonite, M|
|poke|p2|Kyurem|
|teampreview
|
|t:|1758334528
|teamsize|p1|6
|teamsize|p2|6
|start
|switch|p1a: Ya Like Jazz?|Ribombee, F|100/100
|switch|p2a: Ting-Lu|Ting-Lu|100/100
|-ability|p2a: Ting-Lu|Vessel of Ruin
|turn|1
|
|t:|1758334549
|switch|p2a: Hatterene|Hatterene, F, shiny|100/100
|move|p1a: Ya Like Jazz?|Sticky Web|p2a: Hatterene
|move|p2a: Hatterene|Sticky Web|p1a: Ya Like Jazz?|[from] ability: Magic Bounce
|-sidestart|p1: jarrodbennett|move: Sticky Web
|
|upkeep
|turn|2
|
|t:|1758334559
|move|p1a: Ya Like Jazz?|Struggle Bug|p2a: Hatterene
|-damage|p2a: Hatterene|85/100
|-unboost|p2a: Hatterene|spa|1
|move|p2a: Hatterene|Nuzzle|p1a: Ya Like Jazz?
|-damage|p1a: Ya Like Jazz?|92/100
|
|upkeep
|turn|3
|
|t:|1758334573
|move|p1a: Ya Like Jazz?|Moonblast|p2a: Hatterene
|-damage|p2a: Hatterene|58/100
|-unboost|p2a: Hatterene|spa|1
|move|p2a: Hatterene|Psychic Noise|p1a: Ya Like Jazz?
|-damage|p1a: Ya Like Jazz?|61/100
|
|upkeep
|turn|4
|
|t:|1758334587
|switch|p2a: Ting-Lu|Ting-Lu|100/100
|-ability|p2a: Ting-Lu|Vessel of Ruin
|move|p1a: Ya Like Jazz?|Moonblast|p2a: Ting-Lu
|-supereffective|p2a: Ting-Lu
|-damage|p2a: Ting-Lu|65/100
|
|-heal|p2a: Ting-Lu|72/100|[from] item: Leftovers
|upkeep
|turn|5
|
|t:|1758334596
|switch|p2a: Hatterene|Hatterene, F, shiny|58/100
|move|p1a: Ya Like Jazz?|Sticky Web|p2a: Hatterene
|move|p2a: Hatterene|Sticky Web||[from] ability: Magic Bounce|[still]
|-fail|p2a: Hatterene
|
|upkeep
|turn|6
|
|t:|1758334609
|move|p1a: Ya Like Jazz?|Moonblast|p2a: Hatterene
|-damage|p2a: Hatterene|33/100
|move|p2a: Hatterene|Psyshock|p1a: Ya Like Jazz?
|-damage|p1a: Ya Like Jazz?|0 fnt
|faint|p1a: Ya Like Jazz?
|
|upkeep
|
|t:|1758334619
|switch|p1a: Big Z|Empoleon, M|100/100
|-activate|p1a: Big Z|move: Sticky Web
|-unboost|p1a: Big Z|spe|1
|-ability|p1a: Big Z|Competitive|boost
|-boost|p1a: Big Z|spa|2
|turn|7
|
|t:|1758334624
|move|p1a: Big Z|Flash Cannon|p2a: Hatterene
|-supereffective|p2a: Hatterene
|-damage|p2a: Hatterene|0 fnt
|faint|p2a: Hatterene
|
|upkeep
|
|t:|1758334632
|switch|p2a: Ting-Lu|Ting-Lu|72/100
|-ability|p2a: Ting-Lu|Vessel of Ruin
|turn|8
|
|t:|1758334637
|switch|p1a: Slytherin|Serperior, M|100/100
|-activate|p1a: Slytherin|move: Sticky Web
|-boost|p1a: Slytherin|spe|1
|move|p2a: Ting-Lu|Stealth Rock|p1a: Slytherin
|-sidestart|p1: jarrodbennett|move: Stealth Rock
|
|-heal|p2a: Ting-Lu|78/100|[from] item: Leftovers
|upkeep
|turn|9
|
|t:|1758334646
|move|p1a: Slytherin|Leaf Storm|p2a: Ting-Lu
|-supereffective|p2a: Ting-Lu
|-damage|p2a: Ting-Lu|36/100
|-boost|p1a: Slytherin|spa|2
|move|p2a: Ting-Lu|Whirlwind|p1a: Slytherin
|drag|p1a: Kickin' Nugget|Hitmonlee, M|100/100
|-activate|p1a: Kickin' Nugget|move: Sticky Web
|-unboost|p1a: Kickin' Nugget|spe|1
|-damage|p1a: Kickin' Nugget|94/100|[from] Stealth Rock
|-enditem|p1a: Kickin' Nugget|White Herb
|-clearnegativeboost|p1a: Kickin' Nugget|[silent]
|
|-heal|p2a: Ting-Lu|42/100|[from] item: Leftovers
|upkeep
|turn|10
|
|t:|1758334660
|move|p1a: Kickin' Nugget|Swords Dance|p1a: Kickin' Nugget
|-boost|p1a: Kickin' Nugget|atk|2
|move|p2a: Ting-Lu|Ruination|p1a: Kickin' Nugget
|-damage|p1a: Kickin' Nugget|47/100
|
|-heal|p2a: Ting-Lu|48/100|[from] item: Leftovers
|upkeep
|turn|11
|
|t:|1758334669
|move|p1a: Kickin' Nugget|Close Combat|p2a: Ting-Lu
|-supereffective|p2a: Ting-Lu
|-damage|p2a: Ting-Lu|0 fnt
|-unboost|p1a: Kickin' Nugget|def|1
|-unboost|p1a: Kickin' Nugget|spd|1
|faint|p2a: Ting-Lu
|
|upkeep
|
|t:|1758334673
|switch|p2a: Dragonite|Dragonite, M, shiny|100/100
|turn|12
|
|t:|1758334678
|move|p1a: Kickin' Nugget|Upper Hand||[still]
|-fail|p1a: Kickin' Nugget
|move|p2a: Dragonite|Dragon Dance|p2a: Dragonite
|-boost|p2a: Dragonite|atk|1
|-boost|p2a: Dragonite|spe|1
|
|upkeep
|turn|13
|
|t:|1758334687
|move|p1a: Kickin' Nugget|Knock Off|p2a: Dragonite
|-crit|p2a: Dragonite
|-damage|p2a: Dragonite|41/100
|-enditem|p2a: Dragonite|Heavy-Duty Boots|[from] move: Knock Off|[of] p1a: Kickin' Nugget
|move|p2a: Dragonite|Ice Spinner|p1a: Kickin' Nugget
|-damage|p1a: Kickin' Nugget|0 fnt
|faint|p1a: Kickin' Nugget
|
|upkeep
|
|t:|1758334695
|switch|p1a: Taking a Dump|Kingambit, F|100/100
|-activate|p1a: Taking a Dump|move: Sticky Web
|-unboost|p1a: Taking a Dump|spe|1
|-ability|p1a: Taking a Dump|Defiant|boost
|-boost|p1a: Taking a Dump|atk|2
|-damage|p1a: Taking a Dump|94/100|[from] Stealth Rock
|turn|14
|
|t:|1758334706
|-terastallize|p2a: Dragonite|Normal
|move|p2a: Dragonite|Extreme Speed|p1a: Taking a Dump
|-resisted|p1a: Taking a Dump
|-damage|p1a: Taking a Dump|72/100
|move|p1a: Taking a Dump|Kowtow Cleave|p2a: Dragonite
|-damage|p2a: Dragonite|0 fnt
|faint|p2a: Dragonite
|
|upkeep
|
|t:|1758334714
|switch|p2a: Great Tusk|Great Tusk, shiny|100/100
|turn|15
|
|t:|1758334719
|switch|p1a: Slytherin|Serperior, M|100/100
|-activate|p1a: Slytherin|move: Sticky Web
|-boost|p1a: Slytherin|spe|1
|-damage|p1a: Slytherin|88/100|[from] Stealth Rock
|move|p2a: Great Tusk|Bulk Up|p2a: Great Tusk
|-boost|p2a: Great Tusk|atk|1
|-boost|p2a: Great Tusk|def|1
|
|upkeep
|turn|16
|
|t:|1758334728
|move|p1a: Slytherin|Leaf Storm|p2a: Great Tusk
|-supereffective|p2a: Great Tusk
|-damage|p2a: Great Tusk|0 fnt
|-boost|p1a: Slytherin|spa|2
|faint|p2a: Great Tusk
|-end|p2a: Great Tusk|Protosynthesis|[silent]
|
|upkeep
|
|t:|1758334731
|switch|p2a: Ceruledge|Ceruledge, M, shiny|100/100
|turn|17
|
|t:|1758334736
|move|p1a: Slytherin|Leaf Storm|p2a: Ceruledge
|-resisted|p2a: Ceruledge
|-damage|p2a: Ceruledge|47/100
|-boost|p1a: Slytherin|spa|2
|move|p2a: Ceruledge|Swords Dance|p2a: Ceruledge
|-boost|p2a: Ceruledge|atk|2
|
|upkeep
|turn|18
|
|t:|1758334746
|-terastallize|p1a: Slytherin|Stellar
|move|p1a: Slytherin|Tera Blast|p2a: Ceruledge|[anim] Tera Blast Stellar
|-damage|p2a: Ceruledge|0 fnt
|-boost|p1a: Slytherin|atk|1
|-boost|p1a: Slytherin|spa|1
|faint|p2a: Ceruledge
|
|upkeep
|
|t:|1758334751
|switch|p2a: Kyurem|Kyurem, shiny|100/100
|-ability|p2a: Kyurem|Pressure
|turn|19
|
|t:|1758334758
|move|p1a: Slytherin|Tera Blast|p2a: Kyurem|[anim] Tera Blast Stellar
|-damage|p2a: Kyurem|26/100
|-boost|p1a: Slytherin|atk|1
|-boost|p1a: Slytherin|spa|1
|move|p2a: Kyurem|Freeze-Dry|p1a: Slytherin
|-supereffective|p1a: Slytherin
|-damage|p1a: Slytherin|0 fnt
|faint|p1a: Slytherin
|
|upkeep
|
|t:|1758334768
|switch|p1a: Big Z|Empoleon, M|100/100
|-activate|p1a: Big Z|move: Sticky Web
|-unboost|p1a: Big Z|spe|1
|-ability|p1a: Big Z|Competitive|boost
|-boost|p1a: Big Z|spa|2
|-damage|p1a: Big Z|94/100|[from] Stealth Rock
|turn|20
|c|☆jarrodbennett|Gg
|
|t:|1758334780
|move|p1a: Big Z|Vacuum Wave|p2a: Kyurem
|-supereffective|p2a: Kyurem
|-damage|p2a: Kyurem|0 fnt
|faint|p2a: Kyurem
|
|win|jarrodbennett
|raw|jarrodbennett's rating: 1381 &rarr; <strong>1404</strong><br />(+23 for winning)
|raw|arturohdez's rating: 1434 &rarr; <strong>1411</strong><br />(-23 for losing)
|l|☆arturohdez
|player|p2|
|l|☆jarrodbennett
|player|p1|
