|j|☆NicAnim(8)
|j|☆DarkZekrom09
|t:|1758317037
|gametype|singles
|player|p1|NicAnim(8)|cynthia-gen4|1033
|player|p2|DarkZekrom09|2|1023
|gen|9
|tier|[Gen 9] OU
|rated|
|rule|HP Percentage Mod: HP is shown in percentages
|rule|Endless Battle Clause: Forcing endless battles is banned
|rule|Species Clause: Limit one of each Pokémon
|rule|OHKO Clause: OHKO moves are banned
|rule|Evasion Items Clause: Evasion items are banned
|rule|Evasion Moves Clause: Evasion moves are banned
|rule|Evasion Abilities Clause: Evasion abilities are banned
|rule|Sleep Moves Clause: Sleep-inducing moves are banned
|clearpoke
|poke|p1|Alomomola, F|
|poke|p1|Clodsire, F|
|poke|p1|Ceruledge, F|
|poke|p1|Samurott-Hisui, M|
|poke|p1|Kingambit, M|
|poke|p1|Scizor, M|
|poke|p2|Primarina, M|
|poke|p2|Great Tusk|
|poke|p2|Kingambit, M|
|poke|p2|Slowking-Galar, M|
|poke|p2|Ogerpon, F|
|poke|p2|Enamorus, F|
|teampreview
|
|t:|1758317048
|teamsize|p1|6
|teamsize|p2|6
|start
|switch|p1a: Alomomola|Alomomola, F|100/100
|switch|p2a: Anonymous|Ogerpon, F|100/100
|turn|1
|
|t:|1758317063
|move|p2a: Anonymous|Ivy Cudgel|p1a: Alomomola
|-supereffective|p1a: Alomomola
|-damage|p1a: Alomomola|27/100
|move|p1a: Alomomola|Wish|p1a: Alomomola
|
|upkeep
|turn|2
|
|t:|1758317069
|move|p1a: Alomomola|Protect|p1a: Alomomola
|-singleturn|p1a: Alomomola|Protect
|move|p2a: Anonymous|Ivy Cudgel|p1a: Alomomola
|-activate|p1a: Alomomola|move: Protect
|
|-heal|p1a: Alomomola|77/100|[from] move: Wish|[wisher] Alomomola
|upkeep
|turn|3
|
|t:|1758317077
|move|p2a: Anonymous|Ivy Cudgel|p1a: Alomomola
|-supereffective|p1a: Alomomola
|-damage|p1a: Alomomola|0 fnt
|faint|p1a: Alomomola
|
|upkeep
|
|t:|1758317086
|switch|p1a: Ceruledge|Ceruledge, F, shiny|100/100
|turn|4
|
|t:|1758317092
|switch|p2a: Behemoth|Great Tusk, shiny|100/100
|move|p1a: Ceruledge|Swords Dance|p1a: Ceruledge
|-boost|p1a: Ceruledge|atk|2
|
|upkeep
|turn|5
|
|t:|1758317100
|move|p2a: Behemoth|Headlong Rush|p1a: Ceruledge
|-supereffective|p1a: Ceruledge
|-enditem|p1a: Ceruledge|Focus Sash
|-damage|p1a: Ceruledge|1/100
|-unboost|p2a: Behemoth|def|1
|-unboost|p2a: Behemoth|spd|1
|-ability|p1a: Ceruledge|Weak Armor|boost
|-unboost|p1a: Ceruledge|def|1
|-boost|p1a: Ceruledge|spe|2
|move|p1a: Ceruledge|Poltergeist|p2a: Behemoth
|-activate|p2a: Behemoth|move: Poltergeist|Rocky Helmet
|-damage|p2a: Behemoth|0 fnt
|faint|p2a: Behemoth
|-end|p2a: Behemoth|Protosynthesis|[silent]
|
|upkeep
|
|t:|1758317115
|switch|p2a: Anonymous|Ogerpon, F|100/100
|turn|6
|
|t:|1758317120
|move|p1a: Ceruledge|Bitter Blade|p2a: Anonymous
|-supereffective|p2a: Anonymous
|-damage|p2a: Anonymous|0 fnt
|-heal|p1a: Ceruledge|53/100|[from] drain|[of] p2a: Anonymous
|faint|p2a: Anonymous
|
|upkeep
|
|t:|1758317131
|switch|p2a: Gin|Enamorus, F, shiny|100/100
|turn|7
|
|t:|1758317138
|move|p1a: Ceruledge|Bitter Blade|p2a: Gin
|-damage|p2a: Gin|0 fnt
|-heal|p1a: Ceruledge|100/100|[from] drain|[of] p2a: Gin
|faint|p2a: Gin
|
|upkeep
|
|t:|1758317144
|switch|p2a: Overgod|Kingambit, M, shiny|100/100
|-activate|p2a: Overgod|ability: Supreme Overlord
|-start|p2a: Overgod|fallen3|[silent]
|turn|8
|
|t:|1758317155
|-terastallize|p1a: Ceruledge|Fire
|move|p1a: Ceruledge|Bitter Blade|p2a: Overgod
|-supereffective|p2a: Overgod
|-damage|p2a: Overgod|0 fnt
|faint|p2a: Overgod
|-end|p2a: Overgod|fallen3|[silent]
|
|upkeep
|
|t:|1758317162
|switch|p2a: Mantra|Slowking-Galar, M, shiny|100/100
|turn|9
|
|t:|1758317172
|-terastallize|p2a: Mantra|Ice
|move|p1a: Ceruledge|Bitter Blade|p2a: Mantra
|-supereffective|p2a: Mantra
|-damage|p2a: Mantra|0 fnt
|faint|p2a: Mantra
|
|upkeep
|
|t:|1758317180
|switch|p2a: Celestine|Primarina, M, shiny|100/100
|turn|10
|
|t:|1758317189
|move|p1a: Ceruledge|Poltergeist|p2a: Celestine
|-activate|p2a: Celestine|move: Poltergeist|Leftovers
|-damage|p2a: Celestine|0 fnt
|faint|p2a: Celestine
|
|win|NicAnim(8)
|raw|NicAnim(8)'s rating: 1033 &rarr; <strong>1067</strong><br />(+34 for winning)
|raw|DarkZekrom09's rating: 1023 &rarr; <strong>1010</strong><br />(-13 for losing)
|c|☆DarkZekrom09|gg
|l|☆DarkZekrom09
|player|p2|
