|j|☆life is a paradox
|j|☆qxzwwzxq
|t:|1758356729
|gametype|singles
|player|p1|life is a paradox|cowgirl|1177
|player|p2|qxzwwzxq|101|1240
|gen|9
|tier|[Gen 9] OU
|rated|
|rule|HP Percentage Mod: HP is shown in percentages
|rule|Endless Battle Clause: Forcing endless battles is banned
|rule|Species Clause: Limit one of each Pokémon
|rule|OHKO Clause: OHKO moves are banned
|rule|Evasion Items Clause: Evasion items are banned
|rule|Evasion Moves Clause: Evasion moves are banned
|rule|Evasion Abilities Clause: Evasion abilities are banned
|rule|Sleep Moves Clause: Sleep-inducing moves are banned
|clearpoke
|poke|p1|Scyther, F|
|poke|p1|Heatran, M|
|poke|p1|Primeape, F|
|poke|p1|Tentacruel, F|
|poke|p1|Mamoswine, M|
|poke|p1|Thundurus-Therian, M|
|poke|p2|Great Tusk|
|poke|p2|Raging Bolt|
|poke|p2|Walking Wake|
|poke|p2|Slither Wing|
|poke|p2|Torkoal, F|
|poke|p2|Sandy Shocks|
|teampreview
|
|t:|1758356740
|teamsize|p1|6
|teamsize|p2|6
|start
|switch|p1a: Tentacruel|Tentacruel, F|100/100
|switch|p2a: 不是怎么你和另一个晴天手都在zu|Torkoal, F|100/100
|-weather|SunnyDay|[from] ability: Drought|[of] p2a: 不是怎么你和另一个晴天手都在zu
|turn|1
|inactive|Battle timer is ON: inactive players will automatically lose when time's up. (requested by qxzwwzxq)
|
|t:|1758356747
|move|p1a: Tentacruel|Toxic|p2a: 不是怎么你和另一个晴天手都在zu
|-status|p2a: 不是怎么你和另一个晴天手都在zu|tox
|move|p2a: 不是怎么你和另一个晴天手都在zu|Earth Power|p1a: Tentacruel
|-supereffective|p1a: Tentacruel
|-damage|p1a: Tentacruel|80/100
|
|-weather|SunnyDay|[upkeep]
|-heal|p1a: Tentacruel|86/100|[from] item: Black Sludge
|-damage|p2a: 不是怎么你和另一个晴天手都在zu|94/100 tox|[from] psn
|upkeep
|turn|2
|
|t:|1758356758
|move|p1a: Tentacruel|Flip Turn|p2a: 不是怎么你和另一个晴天手都在zu
|-supereffective|p2a: 不是怎么你和另一个晴天手都在zu
|-damage|p2a: 不是怎么你和另一个晴天手都在zu|84/100 tox
|
|t:|1758356761
|switch|p1a: Thundurus|Thundurus-Therian, M|100/100|[from] Flip Turn
|move|p2a: 不是怎么你和另一个晴天手都在zu|Stealth Rock|p1a: Thundurus
|-sidestart|p1: life is a paradox|move: Stealth Rock
|
|-weather|SunnyDay|[upkeep]
|-damage|p2a: 不是怎么你和另一个晴天手都在zu|72/100 tox|[from] psn
|upkeep
|turn|3
|
|t:|1758356776
|switch|p2a: 怎么这年头水系也能进晴天队了|Walking Wake|100/100
|-activate|p2a: 怎么这年头水系也能进晴天队了|ability: Protosynthesis
|-start|p2a: 怎么这年头水系也能进晴天队了|protosynthesisspe
|move|p1a: Thundurus|Psychic|p2a: 怎么这年头水系也能进晴天队了
|-damage|p2a: 怎么这年头水系也能进晴天队了|53/100
|-damage|p1a: Thundurus|91/100|[from] item: Life Orb
|
|-weather|SunnyDay|[upkeep]
|upkeep
|turn|4
|
|t:|1758356795
|move|p2a: 怎么这年头水系也能进晴天队了|Hydro Steam|p1a: Thundurus
|-crit|p1a: Thundurus
|-damage|p1a: Thundurus|0 fnt
|faint|p1a: Thundurus
|
|-weather|SunnyDay|[upkeep]
|upkeep
|
|t:|1758356798
|switch|p1a: Tentacruel|Tentacruel, F|86/100
|-damage|p1a: Tentacruel|73/100|[from] Stealth Rock
|turn|5
|
|t:|1758356803
|move|p2a: 怎么这年头水系也能进晴天队了|Draco Meteor|p1a: Tentacruel
|-damage|p1a: Tentacruel|33/100
|-unboost|p2a: 怎么这年头水系也能进晴天队了|spa|2
|move|p1a: Tentacruel|Toxic|p2a: 怎么这年头水系也能进晴天队了
|-status|p2a: 怎么这年头水系也能进晴天队了|tox
|
|-weather|SunnyDay|[upkeep]
|-heal|p1a: Tentacruel|39/100|[from] item: Black Sludge
|-damage|p2a: 怎么这年头水系也能进晴天队了|47/100 tox|[from] psn
|upkeep
|turn|6
|
|t:|1758356808
|move|p2a: 怎么这年头水系也能进晴天队了|Flip Turn|p1a: Tentacruel
|-resisted|p1a: Tentacruel
|-damage|p1a: Tentacruel|34/100
|
|t:|1758356814
|-end|p2a: 怎么这年头水系也能进晴天队了|Protosynthesis|[silent]
|switch|p2a: 不是怎么你和另一个晴天手都在zu|Torkoal, F|72/100 tox|[from] Flip Turn
|move|p1a: Tentacruel|Rapid Spin|p2a: 不是怎么你和另一个晴天手都在zu
|-damage|p2a: 不是怎么你和另一个晴天手都在zu|66/100 tox
|-boost|p1a: Tentacruel|spe|1
|-sideend|p1: life is a paradox|Stealth Rock|[from] move: Rapid Spin|[of] p1a: Tentacruel
|
|-weather|SunnyDay|[upkeep]
|-heal|p1a: Tentacruel|40/100|[from] item: Black Sludge
|-damage|p2a: 不是怎么你和另一个晴天手都在zu|59/100 tox|[from] psn
|upkeep
|turn|7
|
|t:|1758356830
|move|p1a: Tentacruel|Flip Turn|p2a: 不是怎么你和另一个晴天手都在zu
|-supereffective|p2a: 不是怎么你和另一个晴天手都在zu
|-damage|p2a: 不是怎么你和另一个晴天手都在zu|48/100 tox
|
|t:|1758356834
|switch|p1a: Heatran|Heatran, M|100/100|[from] Flip Turn
|move|p2a: 不是怎么你和另一个晴天手都在zu|Earth Power|p1a: Heatran
|-supereffective|p1a: Heatran
|-damage|p1a: Heatran|62/100
|
|-weather|SunnyDay|[upkeep]
|-damage|p2a: 不是怎么你和另一个晴天手都在zu|36/100 tox|[from] psn
|upkeep
|turn|8
|
|t:|1758356850
|switch|p2a: 小时候看见打空保险电磁炮吓哭了|Raging Bolt|100/100
|-activate|p2a: 小时候看见打空保险电磁炮吓哭了|ability: Protosynthesis
|-start|p2a: 小时候看见打空保险电磁炮吓哭了|protosynthesisspa
|move|p1a: Heatran|Magma Storm|p2a: 小时候看见打空保险电磁炮吓哭了
|-resisted|p2a: 小时候看见打空保险电磁炮吓哭了
|-damage|p2a: 小时候看见打空保险电磁炮吓哭了|63/100
|-activate|p2a: 小时候看见打空保险电磁炮吓哭了|move: Magma Storm|[of] p1a: Heatran
|
|-weather|none
|-end|p2a: 小时候看见打空保险电磁炮吓哭了|Protosynthesis
|-damage|p2a: 小时候看见打空保险电磁炮吓哭了|50/100|[from] move: Magma Storm|[partiallytrapped]
|upkeep
|turn|9
|
|t:|1758356859
|move|p2a: 小时候看见打空保险电磁炮吓哭了|Zap Cannon|p1a: Heatran|[miss]
|-miss|p2a: 小时候看见打空保险电磁炮吓哭了|p1a: Heatran
|-enditem|p2a: 小时候看见打空保险电磁炮吓哭了|Blunder Policy
|-boost|p2a: 小时候看见打空保险电磁炮吓哭了|spe|2
|move|p1a: Heatran|Earth Power|p2a: 小时候看见打空保险电磁炮吓哭了
|-supereffective|p2a: 小时候看见打空保险电磁炮吓哭了
|-damage|p2a: 小时候看见打空保险电磁炮吓哭了|0 fnt
|faint|p2a: 小时候看见打空保险电磁炮吓哭了
|-end|p2a: 小时候看见打空保险电磁炮吓哭了|Protosynthesis|[silent]
|
|upkeep
|
|t:|1758356867
|switch|p2a: 老爷爷，我给您踩背来喽！|Great Tusk|100/100
|turn|10
|
|t:|1758356876
|switch|p1a: Scyther|Scyther, F|100/100
|move|p2a: 老爷爷，我给您踩背来喽！|Rapid Spin|p1a: Scyther
|-damage|p1a: Scyther|84/100
|-boost|p2a: 老爷爷，我给您踩背来喽！|spe|1
|
|upkeep
|turn|11
|
|t:|1758356881
|move|p2a: 老爷爷，我给您踩背来喽！|Ice Spinner|p1a: Scyther
|-supereffective|p1a: Scyther
|-damage|p1a: Scyther|28/100
|move|p1a: Scyther|Dual Wingbeat|p2a: 老爷爷，我给您踩背来喽！
|-supereffective|p2a: 老爷爷，我给您踩背来喽！
|-damage|p2a: 老爷爷，我给您踩背来喽！|60/100
|-supereffective|p2a: 老爷爷，我给您踩背来喽！
|-damage|p2a: 老爷爷，我给您踩背来喽！|20/100
|-hitcount|p2a: 老爷爷，我给您踩背来喽！|2
|
|upkeep
|turn|12
|
|t:|1758356889
|move|p1a: Scyther|Quick Attack|p2a: 老爷爷，我给您踩背来喽！
|-damage|p2a: 老爷爷，我给您踩背来喽！|8/100
|move|p2a: 老爷爷，我给您踩背来喽！|Ice Spinner|p1a: Scyther
|-supereffective|p1a: Scyther
|-damage|p1a: Scyther|0 fnt
|faint|p1a: Scyther
|
|upkeep
|
|t:|1758356892
|switch|p1a: Mamoswine|Mamoswine, M|100/100
|turn|13
|
|t:|1758356896
|move|p1a: Mamoswine|Ice Shard|p2a: 老爷爷，我给您踩背来喽！
|-supereffective|p2a: 老爷爷，我给您踩背来喽！
|-damage|p2a: 老爷爷，我给您踩背来喽！|0 fnt
|faint|p2a: 老爷爷，我给您踩背来喽！
|-end|p2a: 老爷爷，我给您踩背来喽！|Protosynthesis|[silent]
|
|upkeep
|
|t:|1758356901
|switch|p2a: 不是怎么你和另一个晴天手都在zu|Torkoal, F|36/100 tox
|-weather|SunnyDay|[from] ability: Drought|[of] p2a: 不是怎么你和另一个晴天手都在zu
|turn|14
|
|t:|1758356905
|move|p1a: Mamoswine|Earthquake|p2a: 不是怎么你和另一个晴天手都在zu
|-supereffective|p2a: 不是怎么你和另一个晴天手都在zu
|-damage|p2a: 不是怎么你和另一个晴天手都在zu|0 fnt
|faint|p2a: 不是怎么你和另一个晴天手都在zu
|
|-weather|SunnyDay|[upkeep]
|upkeep
|
|t:|1758356910
|switch|p2a: 虫刺！虫刺♿️♿️♿️|Slither Wing|100/100
|-activate|p2a: 虫刺！虫刺♿️♿️♿️|ability: Protosynthesis
|-start|p2a: 虫刺！虫刺♿️♿️♿️|protosynthesisatk
|turn|15
|
|t:|1758356923
|switch|p1a: Tentacruel|Tentacruel, F|40/100
|move|p2a: 虫刺！虫刺♿️♿️♿️|U-turn|p1a: Tentacruel
|-resisted|p1a: Tentacruel
|-damage|p1a: Tentacruel|0 fnt
|faint|p1a: Tentacruel
|
|t:|1758356927
|-end|p2a: 虫刺！虫刺♿️♿️♿️|Protosynthesis|[silent]
|switch|p2a: 怎么这年头水系也能进晴天队了|Walking Wake|47/100 tox|[from] U-turn
|-activate|p2a: 怎么这年头水系也能进晴天队了|ability: Protosynthesis
|-start|p2a: 怎么这年头水系也能进晴天队了|protosynthesisspe
|
|-weather|SunnyDay|[upkeep]
|-damage|p2a: 怎么这年头水系也能进晴天队了|41/100 tox|[from] psn
|upkeep
|
|t:|1758356940
|switch|p1a: Mamoswine|Mamoswine, M|100/100
|turn|16
|
|t:|1758356943
|-terastallize|p1a: Mamoswine|Ice
|move|p1a: Mamoswine|Ice Shard|p2a: 怎么这年头水系也能进晴天队了
|-damage|p2a: 怎么这年头水系也能进晴天队了|7/100 tox
|move|p2a: 怎么这年头水系也能进晴天队了|Hydro Steam|p1a: Mamoswine
|-damage|p1a: Mamoswine|53/100
|
|-weather|SunnyDay|[upkeep]
|-damage|p2a: 怎么这年头水系也能进晴天队了|0 fnt|[from] psn
|faint|p2a: 怎么这年头水系也能进晴天队了
|-end|p2a: 怎么这年头水系也能进晴天队了|Protosynthesis|[silent]
|upkeep
|
|t:|1758356950
|switch|p2a: 虫刺！虫刺♿️♿️♿️|Slither Wing|100/100
|-activate|p2a: 虫刺！虫刺♿️♿️♿️|ability: Protosynthesis
|-start|p2a: 虫刺！虫刺♿️♿️♿️|protosynthesisatk
|turn|17
|
|t:|1758356966
|switch|p1a: Heatran|Heatran, M|62/100
|move|p2a: 虫刺！虫刺♿️♿️♿️|First Impression|p1a: Heatran
|-resisted|p1a: Heatran
|-crit|p1a: Heatran
|-damage|p1a: Heatran|32/100
|
|-weather|SunnyDay|[upkeep]
|upkeep
|turn|18
|
|t:|1758356971
|-end|p2a: 虫刺！虫刺♿️♿️♿️|Protosynthesis|[silent]
|switch|p2a: 第一只闪光|Sandy Shocks, shiny|100/100
|-activate|p2a: 第一只闪光|ability: Protosynthesis
|-start|p2a: 第一只闪光|protosynthesisspe
|move|p1a: Heatran|Magma Storm|p2a: 第一只闪光
|-damage|p2a: 第一只闪光|2/100
|-activate|p2a: 第一只闪光|move: Magma Storm|[of] p1a: Heatran
|
|-weather|SunnyDay|[upkeep]
|-damage|p2a: 第一只闪光|0 fnt|[from] move: Magma Storm|[partiallytrapped]
|faint|p2a: 第一只闪光
|-end|p2a: 第一只闪光|Protosynthesis|[silent]
|upkeep
|
|t:|1758356974
|switch|p2a: 虫刺！虫刺♿️♿️♿️|Slither Wing|100/100
|-activate|p2a: 虫刺！虫刺♿️♿️♿️|ability: Protosynthesis
|-start|p2a: 虫刺！虫刺♿️♿️♿️|protosynthesisatk
|turn|19
|
|t:|1758356985
|move|p2a: 虫刺！虫刺♿️♿️♿️|Wild Charge|p1a: Heatran
|-damage|p1a: Heatran|0 fnt
|faint|p1a: Heatran
|-damage|p2a: 虫刺！虫刺♿️♿️♿️|91/100|[from] Recoil
|
|-weather|SunnyDay|[upkeep]
|upkeep
|
|t:|1758356989
|switch|p1a: Primeape|Primeape, F|100/100
|turn|20
|
|t:|1758356995
|move|p2a: 虫刺！虫刺♿️♿️♿️|Wild Charge|p1a: Primeape
|-damage|p1a: Primeape|36/100
|-damage|p2a: 虫刺！虫刺♿️♿️♿️|73/100|[from] Recoil
|move|p1a: Primeape|Bulk Up|p1a: Primeape
|-boost|p1a: Primeape|atk|1
|-boost|p1a: Primeape|def|1
|
|-weather|SunnyDay|[upkeep]
|upkeep
|turn|21
|
|t:|1758356999
|move|p2a: 虫刺！虫刺♿️♿️♿️|Wild Charge|p1a: Primeape
|-damage|p1a: Primeape|0 fnt
|faint|p1a: Primeape
|-damage|p2a: 虫刺！虫刺♿️♿️♿️|64/100|[from] Recoil
|
|-weather|none
|-end|p2a: 虫刺！虫刺♿️♿️♿️|Protosynthesis
|upkeep
|
|t:|1758357002
|switch|p1a: Mamoswine|Mamoswine, M, tera:Ice|53/100
|turn|22
|
|t:|1758357008
|move|p2a: 虫刺！虫刺♿️♿️♿️|Wild Charge|p1a: Mamoswine
|-damage|p1a: Mamoswine|2/100
|-damage|p2a: 虫刺！虫刺♿️♿️♿️|49/100|[from] Recoil
|move|p1a: Mamoswine|Avalanche|p2a: 虫刺！虫刺♿️♿️♿️
|-damage|p2a: 虫刺！虫刺♿️♿️♿️|0 fnt
|faint|p2a: 虫刺！虫刺♿️♿️♿️
|-end|p2a: 虫刺！虫刺♿️♿️♿️|Protosynthesis|[silent]
|
|win|life is a paradox
|raw|life is a paradox's rating: 1177 &rarr; <strong>1206</strong><br />(+29 for winning)
|raw|qxzwwzxq's rating: 1240 &rarr; <strong>1211</strong><br />(-29 for losing)
|l|☆qxzwwzxq
|player|p2|
|l|☆life is a paradox
|player|p1|
