|j|☆John Kritter
|j|☆Zerotti
|t:|1758346725
|gametype|singles
|player|p1|John Kritter|pokemaniac|1563
|player|p2|Zerotti|#dwcopiv|1619
|gen|9
|tier|[Gen 9] OU
|rated|
|rule|HP Percentage Mod: HP is shown in percentages
|rule|Endless Battle Clause: Forcing endless battles is banned
|rule|Species Clause: Limit one of each Pokémon
|rule|OHKO Clause: OHKO moves are banned
|rule|Evasion Items Clause: Evasion items are banned
|rule|Evasion Moves Clause: Evasion moves are banned
|rule|Evasion Abilities Clause: Evasion abilities are banned
|rule|Sleep Moves Clause: Sleep-inducing moves are banned
|clearpoke
|poke|p1|Torkoal, F|
|poke|p1|Walking Wake|
|poke|p1|Hatterene, F|
|poke|p1|Great Tusk|
|poke|p1|Ceruledge, F|
|poke|p1|Enamorus, F|
|poke|p2|Moltres|
|poke|p2|Zamazenta-*|
|poke|p2|Darkrai|
|poke|p2|Hydrapple, M|
|poke|p2|Ting-Lu|
|poke|p2|Tinkaton, F|
|teampreview
|inactive|Battle timer is ON: inactive players will automatically lose when time's up. (requested by John Kritter)
|inactive|Zerotti has 120 seconds left.
|
|t:|1758346762
|teamsize|p1|6
|teamsize|p2|6
|start
|switch|p1a: Torkoal|Torkoal, F|100/100
|switch|p2a: Darkrai|Darkrai, shiny|100/100
|-weather|SunnyDay|[from] ability: Drought|[of] p1a: Torkoal
|turn|1
|inactive|John Kritter has 120 seconds left.
|
|t:|1758346802
|move|p2a: Darkrai|Dark Pulse|p1a: Torkoal
|-damage|p1a: Torkoal|51/100
|move|p1a: Torkoal|Stealth Rock|p2a: Darkrai
|-sidestart|p2: Zerotti|move: Stealth Rock
|
|-weather|SunnyDay|[upkeep]
|upkeep
|turn|2
|inactive|John Kritter has 120 seconds left.
|
|t:|1758346810
|switch|p1a: Hatterene|Hatterene, F, shiny|100/100
|move|p2a: Darkrai|Dark Pulse|p1a: Hatterene
|-damage|p1a: Hatterene|59/100
|-enditem|p1a: Hatterene|Eject Button
|inactive|John Kritter has 120 seconds left.
|
|t:|1758346822
|switch|p1a: Enamorus|Enamorus, F|100/100
|
|-weather|SunnyDay|[upkeep]
|upkeep
|turn|3
|
|t:|1758346827
|switch|p1a: Walking Wake|Walking Wake|100/100
|-activate|p1a: Walking Wake|ability: Protosynthesis
|-start|p1a: Walking Wake|protosynthesisspa
|switch|p2a: Tinkaton|Tinkaton, F|100/100
|-damage|p2a: Tinkaton|94/100|[from] Stealth Rock
|-ability|p2a: Tinkaton|Mold Breaker
|-item|p2a: Tinkaton|Air Balloon
|
|-weather|SunnyDay|[upkeep]
|upkeep
|turn|4
|
|t:|1758346839
|switch|p2a: Hydrapple|Hydrapple, M|100/100
|move|p1a: Walking Wake|Hydro Steam|p2a: Hydrapple
|-resisted|p2a: Hydrapple
|-damage|p2a: Hydrapple|71/100
|
|-weather|SunnyDay|[upkeep]
|upkeep
|turn|5
|
|t:|1758346850
|-end|p1a: Walking Wake|Protosynthesis|[silent]
|switch|p1a: Hatterene|Hatterene, F, shiny|59/100
|move|p2a: Hydrapple|Fickle Beam|p1a: Hatterene
|-immune|p1a: Hatterene
|
|-weather|SunnyDay|[upkeep]
|upkeep
|turn|6
|
|t:|1758346859
|switch|p2a: Tinkaton|Tinkaton, F|94/100
|-damage|p2a: Tinkaton|88/100|[from] Stealth Rock
|-ability|p2a: Tinkaton|Mold Breaker
|-item|p2a: Tinkaton|Air Balloon
|move|p1a: Hatterene|Healing Wish|p1a: Hatterene
|faint|p1a: Hatterene
|
|-weather|SunnyDay|[upkeep]
|upkeep
|
|t:|1758346873
|switch|p1a: Walking Wake|Walking Wake|100/100
|-activate|p1a: Walking Wake|ability: Protosynthesis
|-start|p1a: Walking Wake|protosynthesisspa
|turn|7
|
|t:|1758346884
|switch|p2a: Hydrapple|Hydrapple, M|100/100
|move|p1a: Walking Wake|Hydro Steam|p2a: Hydrapple
|-resisted|p2a: Hydrapple
|-damage|p2a: Hydrapple|70/100
|
|-weather|SunnyDay|[upkeep]
|upkeep
|turn|8
|
|t:|1758346892
|-end|p1a: Walking Wake|Protosynthesis|[silent]
|switch|p1a: Enamorus|Enamorus, F|100/100
|move|p2a: Hydrapple|Giga Drain|p1a: Enamorus
|-resisted|p1a: Enamorus
|-damage|p1a: Enamorus|78/100
|-heal|p2a: Hydrapple|78/100|[from] drain|[of] p1a: Enamorus
|
|-weather|none
|upkeep
|turn|9
|
|t:|1758346902
|switch|p1a: Walking Wake|Walking Wake|100/100
|switch|p2a: Tinkaton|Tinkaton, F|88/100
|-damage|p2a: Tinkaton|82/100|[from] Stealth Rock
|-ability|p2a: Tinkaton|Mold Breaker
|-item|p2a: Tinkaton|Air Balloon
|
|upkeep
|turn|10
|
|t:|1758346908
|move|p1a: Walking Wake|Flamethrower|p2a: Tinkaton
|-supereffective|p2a: Tinkaton
|-damage|p2a: Tinkaton|0 fnt
|-enditem|p2a: Tinkaton|Air Balloon
|faint|p2a: Tinkaton
|
|upkeep
|
|t:|1758346913
|switch|p2a: Ting-Lu|Ting-Lu|100/100
|-damage|p2a: Ting-Lu|94/100|[from] Stealth Rock
|-ability|p2a: Ting-Lu|Vessel of Ruin
|turn|11
|
|t:|1758346919
|-end|p1a: Walking Wake|Protosynthesis|[silent]
|switch|p1a: Don|Great Tusk, shiny|100/100
|move|p2a: Ting-Lu|Spikes|p1a: Don
|-sidestart|p1: John Kritter|Spikes
|
|-heal|p2a: Ting-Lu|100/100|[from] item: Leftovers
|upkeep
|turn|12
|
|t:|1758346925
|move|p1a: Don|Rapid Spin|p2a: Ting-Lu
|-damage|p2a: Ting-Lu|90/100
|-boost|p1a: Don|spe|1
|-sideend|p1: John Kritter|Spikes|[from] move: Rapid Spin|[of] p1a: Don
|move|p2a: Ting-Lu|Ruination|p1a: Don
|-damage|p1a: Don|50/100
|
|-heal|p2a: Ting-Lu|96/100|[from] item: Leftovers
|upkeep
|turn|13
|
|t:|1758346934
|switch|p2a: Moltres|Moltres|100/100
|move|p1a: Don|Ice Spinner|p2a: Moltres
|-damage|p2a: Moltres|80/100
|
|upkeep
|turn|14
|
|t:|1758346941
|-end|p1a: Don|Protosynthesis|[silent]
|switch|p1a: Torkoal|Torkoal, F|51/100
|-heal|p1a: Torkoal|100/100|[from] move: Healing Wish
|-weather|SunnyDay|[from] ability: Drought|[of] p1a: Torkoal
|move|p2a: Moltres|U-turn|p1a: Torkoal
|-resisted|p1a: Torkoal
|-damage|p1a: Torkoal|95/100
|
|t:|1758346945
|switch|p2a: Ting-Lu|Ting-Lu|96/100|[from] U-turn
|-damage|p2a: Ting-Lu|90/100|[from] Stealth Rock
|-ability|p2a: Ting-Lu|Vessel of Ruin
|
|-weather|SunnyDay|[upkeep]
|-heal|p2a: Ting-Lu|96/100|[from] item: Leftovers
|upkeep
|turn|15
|
|t:|1758346953
|switch|p1a: Walking Wake|Walking Wake|100/100
|-activate|p1a: Walking Wake|ability: Protosynthesis
|-start|p1a: Walking Wake|protosynthesisspa
|move|p2a: Ting-Lu|Spikes|p1a: Walking Wake
|-sidestart|p1: John Kritter|Spikes
|
|-weather|SunnyDay|[upkeep]
|-heal|p2a: Ting-Lu|100/100|[from] item: Leftovers
|upkeep
|turn|16
|
|t:|1758346962
|-terastallize|p2a: Ting-Lu|Water
|move|p1a: Walking Wake|Hydro Steam|p2a: Ting-Lu
|-resisted|p2a: Ting-Lu
|-damage|p2a: Ting-Lu|71/100
|move|p2a: Ting-Lu|Spikes|p1a: Walking Wake
|-sidestart|p1: John Kritter|Spikes
|
|-weather|SunnyDay|[upkeep]
|-heal|p2a: Ting-Lu|77/100|[from] item: Leftovers
|upkeep
|turn|17
|
|t:|1758346974
|-terastallize|p1a: Walking Wake|Water
|move|p1a: Walking Wake|Hydro Steam|p2a: Ting-Lu
|-resisted|p2a: Ting-Lu
|-damage|p2a: Ting-Lu|40/100
|move|p2a: Ting-Lu|Earthquake|p1a: Walking Wake
|-crit|p1a: Walking Wake
|-damage|p1a: Walking Wake|35/100
|
|-weather|SunnyDay|[upkeep]
|-heal|p2a: Ting-Lu|46/100|[from] item: Leftovers
|upkeep
|turn|18
|
|t:|1758346984
|-end|p1a: Walking Wake|Protosynthesis|[silent]
|switch|p1a: Ceruledge|Ceruledge, F|100/100
|-damage|p1a: Ceruledge|84/100|[from] Spikes
|move|p2a: Ting-Lu|Earthquake|p1a: Ceruledge
|-supereffective|p1a: Ceruledge
|-damage|p1a: Ceruledge|0 fnt
|faint|p1a: Ceruledge
|
|-weather|SunnyDay|[upkeep]
|-heal|p2a: Ting-Lu|52/100|[from] item: Leftovers
|upkeep
|
|t:|1758346991
|switch|p1a: Walking Wake|Walking Wake, tera:Water|35/100
|-damage|p1a: Walking Wake|18/100|[from] Spikes
|-activate|p1a: Walking Wake|ability: Protosynthesis
|-start|p1a: Walking Wake|protosynthesisspa
|turn|19
|
|t:|1758347000
|move|p1a: Walking Wake|Draco Meteor|p2a: Ting-Lu
|-damage|p2a: Ting-Lu|0 fnt
|-unboost|p1a: Walking Wake|spa|2
|faint|p2a: Ting-Lu
|
|-weather|SunnyDay|[upkeep]
|upkeep
|
|t:|1758347015
|switch|p2a: Zamazenta|Zamazenta|100/100
|-ability|p2a: Zamazenta|Dauntless Shield|boost
|-boost|p2a: Zamazenta|def|1
|turn|20
|
|t:|1758347026
|-end|p1a: Walking Wake|Protosynthesis|[silent]
|switch|p1a: Torkoal|Torkoal, F|95/100
|-damage|p1a: Torkoal|78/100|[from] Spikes
|move|p2a: Zamazenta|Crunch|p1a: Torkoal
|-damage|p1a: Torkoal|57/100
|-unboost|p1a: Torkoal|def|1
|
|-weather|SunnyDay|[upkeep]
|upkeep
|turn|21
|
|t:|1758347032
|move|p2a: Zamazenta|Close Combat|p1a: Torkoal
|-damage|p1a: Torkoal|0 fnt
|-unboost|p2a: Zamazenta|def|1
|-unboost|p2a: Zamazenta|spd|1
|faint|p1a: Torkoal
|
|-weather|none
|upkeep
|
|t:|1758347037
|switch|p1a: Don|Great Tusk, shiny|50/100
|-damage|p1a: Don|34/100|[from] Spikes
|turn|22
|
|t:|1758347040
|move|p2a: Zamazenta|Close Combat|p1a: Don
|-damage|p1a: Don|0 fnt
|-unboost|p2a: Zamazenta|def|1
|-unboost|p2a: Zamazenta|spd|1
|-damage|p2a: Zamazenta|84/100|[from] item: Rocky Helmet|[of] p1a: Don
|faint|p1a: Don
|-end|p1a: Don|Protosynthesis|[silent]
|
|upkeep
|
|t:|1758347044
|switch|p1a: Enamorus|Enamorus, F|78/100
|turn|23
|
|t:|1758347049
|move|p1a: Enamorus|Healing Wish|p1a: Enamorus
|faint|p1a: Enamorus
|move|p2a: Zamazenta|Ice Fang|p1: Enamorus|[notarget]
|-fail|p2a: Zamazenta
|
|upkeep
|
|t:|1758347053
|switch|p1a: Walking Wake|Walking Wake, tera:Water|18/100
|-heal|p1a: Walking Wake|100/100|[from] move: Healing Wish
|-damage|p1a: Walking Wake|84/100|[from] Spikes
|turn|24
|
|t:|1758347060
|move|p2a: Zamazenta|Close Combat|p1a: Walking Wake
|-damage|p1a: Walking Wake|25/100
|-unboost|p2a: Zamazenta|def|1
|-unboost|p2a: Zamazenta|spd|1
|move|p1a: Walking Wake|Dragon Pulse|p2a: Zamazenta
|-damage|p2a: Zamazenta|0 fnt
|faint|p2a: Zamazenta
|
|upkeep
|
|t:|1758347063
|switch|p2a: Darkrai|Darkrai, shiny|100/100
|turn|25
|
|t:|1758347065
|move|p2a: Darkrai|Sludge Bomb|p1a: Walking Wake
|-damage|p1a: Walking Wake|0 fnt
|faint|p1a: Walking Wake
|-end|p1a: Walking Wake|Protosynthesis|[silent]
|
|win|Zerotti
|raw|John Kritter's rating: 1563 &rarr; <strong>1546</strong><br />(-17 for losing)
|raw|Zerotti's rating: 1619 &rarr; <strong>1636</strong><br />(+17 for winning)
|l|☆John Kritter
|player|p1|
