|j|☆nachosaiyan
|j|☆Papagayo32
|t:|1758341736
|gametype|singles
|player|p1|nachosaiyan|hugh|1192
|player|p2|Papagayo32|youngster-gen4dp|1185
|gen|9
|tier|[Gen 9] OU
|rated|
|rule|HP Percentage Mod: HP is shown in percentages
|rule|Endless Battle Clause: Forcing endless battles is banned
|rule|Species Clause: Limit one of each Pokémon
|rule|OHKO Clause: OHKO moves are banned
|rule|Evasion Items Clause: Evasion items are banned
|rule|Evasion Moves Clause: Evasion moves are banned
|rule|Evasion Abilities Clause: Evasion abilities are banned
|rule|Sleep Moves Clause: Sleep-inducing moves are banned
|clearpoke
|poke|p1|Cinderace, F|
|poke|p1|Dragapult, M|
|poke|p1|Samurott-Hisui, M|
|poke|p1|Great Tusk|
|poke|p1|Raging Bolt|
|poke|p1|Sylveon, M|
|poke|p2|Dragapult, M|
|poke|p2|Slowbro, F|
|poke|p2|Samurott-Hisui, M|
|poke|p2|Gliscor, F|
|poke|p2|Great Tusk|
|poke|p2|Weezing-Galar, M|
|teampreview
|inactive|Battle timer is ON: inactive players will automatically lose when time's up. (requested by nachosaiyan)
|inactive|Papagayo32 has 120 seconds left.
|inactive|Papagayo32 has 90 seconds left.
|inactive|Papagayo32 has 60 seconds left.
|inactive|Papagayo32 has 30 seconds left.
|inactive|Papagayo32 has 20 seconds left.
|inactive|Papagayo32 has 15 seconds left.
|inactive|Papagayo32 has 10 seconds left.
|
|t:|1758341947
|teamsize|p1|6
|teamsize|p2|6
|start
|switch|p1a: Cinderace|Cinderace, F|100/100
|switch|p2a: Samurott|Samurott-Hisui, M|100/100
|turn|1
|
|t:|1758341973
|move|p1a: Cinderace|U-turn|p2a: Samurott
|-start|p1a: Cinderace|typechange|Bug|[from] ability: Libero
|-supereffective|p2a: Samurott
|-damage|p2a: Samurott|11/100
|inactive|nachosaiyan has 120 seconds left.
|
|t:|1758341983
|switch|p1a: Samurott|Samurott-Hisui, M|100/100|[from] U-turn
|move|p2a: Samurott|Ceaseless Edge|p1a: Samurott|[miss]
|-miss|p2a: Samurott|p1a: Samurott
|
|upkeep
|turn|2
|inactive|Papagayo32 has 90 seconds left.
|
|t:|1758342007
|move|p1a: Samurott|Aqua Cutter|p2a: Samurott
|-resisted|p2a: Samurott
|-damage|p2a: Samurott|0 fnt
|faint|p2a: Samurott
|
|upkeep
|
|t:|1758342010
|switch|p2a: Dragapult|Dragapult, M|100/100
|turn|3
|
|t:|1758342016
|switch|p1a: Sylveon|Sylveon, M|100/100
|move|p2a: Dragapult|Dragon Darts|p1a: Sylveon
|-immune|p1a: Sylveon
|
|upkeep
|turn|4
|
|t:|1758342024
|move|p2a: Dragapult|U-turn|p1a: Sylveon
|-resisted|p1a: Sylveon
|-damage|p1a: Sylveon|86/100
|
|t:|1758342032
|switch|p2a: Weezing|Weezing-Galar, M|100/100|[from] U-turn
|-ability|p2a: Weezing|Neutralizing Gas
|move|p1a: Sylveon|Reflect|p1a: Sylveon
|-sidestart|p1: nachosaiyan|Reflect
|
|upkeep
|turn|5
|
|t:|1758342056
|move|p2a: Weezing|Sludge Wave|p1a: Sylveon
|-supereffective|p1a: Sylveon
|-damage|p1a: Sylveon|25/100
|move|p1a: Sylveon|Light Screen|p1a: Sylveon
|-sidestart|p1: nachosaiyan|move: Light Screen
|
|upkeep
|turn|6
|
|t:|1758342078
|switch|p1a: Samurott|Samurott-Hisui, M|100/100
|move|p2a: Weezing|Sludge Wave|p1a: Samurott
|-damage|p1a: Samurott|57/100
|
|upkeep
|turn|7
|
|t:|1758342083
|move|p1a: Samurott|Aqua Cutter|p2a: Weezing
|-damage|p2a: Weezing|62/100
|move|p2a: Weezing|Sludge Wave|p1a: Samurott
|-damage|p1a: Samurott|9/100
|
|upkeep
|turn|8
|
|t:|1758342088
|move|p1a: Samurott|Aqua Cutter|p2a: Weezing
|-damage|p2a: Weezing|28/100
|move|p2a: Weezing|Sludge Wave|p1a: Samurott
|-damage|p1a: Samurott|0 fnt
|faint|p1a: Samurott
|
|upkeep
|
|t:|1758342103
|switch|p1a: Dragapult|Dragapult, M|100/100
|turn|9
|inactive|Papagayo32 has 120 seconds left.
|
|t:|1758342136
|-terastallize|p1a: Dragapult|Fire
|move|p1a: Dragapult|Dragon Dance|p1a: Dragapult
|-boost|p1a: Dragapult|atk|1
|-boost|p1a: Dragapult|spe|1
|move|p2a: Weezing|Sludge Wave|p1a: Dragapult
|-damage|p1a: Dragapult|59/100
|
|upkeep
|turn|10
|
|t:|1758342144
|move|p1a: Dragapult|Tera Blast|p2a: Weezing|[anim] Tera Blast Fire
|-damage|p2a: Weezing|0 fnt
|faint|p2a: Weezing
|-end|p2a: Weezing|ability: Neutralizing Gas
|-damage|p1a: Dragapult|49/100|[from] item: Life Orb
|
|upkeep
|
|t:|1758342149
|switch|p2a: Great Tusk|Great Tusk|100/100
|turn|11
|
|t:|1758342153
|move|p1a: Dragapult|Dragon Darts|p2a: Great Tusk
|-damage|p2a: Great Tusk|70/100
|-anim|p1a: Dragapult|Dragon Darts|p2a: Great Tusk
|-damage|p2a: Great Tusk|39/100
|-damage|p1a: Dragapult|39/100|[from] item: Life Orb
|move|p2a: Great Tusk|Headlong Rush|p1a: Dragapult
|-supereffective|p1a: Dragapult
|-damage|p1a: Dragapult|0 fnt
|-unboost|p2a: Great Tusk|def|1
|-unboost|p2a: Great Tusk|spd|1
|faint|p1a: Dragapult
|
|-sideend|p1: nachosaiyan|Reflect
|upkeep
|inactive|nachosaiyan has 120 seconds left.
|
|t:|1758342196
|switch|p1a: Cinderace|Cinderace, F|100/100
|turn|12
|inactive|Papagayo32 has 120 seconds left.
|inactive|Papagayo32 has 90 seconds left.
|inactive|Papagayo32 has 60 seconds left.
|inactive|Papagayo32 has 30 seconds left.
|inactive|Papagayo32 has 20 seconds left.
|inactive|Papagayo32 has 15 seconds left.
|inactive|Papagayo32 has 10 seconds left.
|inactive|Papagayo32 has 5 seconds left.
|-message|Papagayo32 lost due to inactivity.
|
|win|nachosaiyan
|raw|nachosaiyan's rating: 1192 &rarr; <strong>1216</strong><br />(+24 for winning)
|raw|Papagayo32's rating: 1176 &rarr; <strong>1152</strong><br />(-24 for losing)
|l|☆nachosaiyan
|player|p1|
|l|☆Papagayo32
|player|p2|
