|j|☆spiralcurriculum
|j|☆Eight Five
|t:|1758323357
|gametype|singles
|player|p1|spiralcurriculum|wattson|1531
|player|p2|Eight Five|265|1538
|gen|9
|tier|[Gen 9] OU
|rated|
|rule|HP Percentage Mod: HP is shown in percentages
|rule|Endless Battle Clause: Forcing endless battles is banned
|rule|Species Clause: Limit one of each Pokémon
|rule|OHKO Clause: OHKO moves are banned
|rule|Evasion Items Clause: Evasion items are banned
|rule|Evasion Moves Clause: Evasion moves are banned
|rule|Evasion Abilities Clause: Evasion abilities are banned
|rule|Sleep Moves Clause: Sleep-inducing moves are banned
|clearpoke
|poke|p1|Raging Bolt|
|poke|p1|Ogerpon-Wellspring, F|
|poke|p1|Hatterene, F|
|poke|p1|Landorus-Therian, M|
|poke|p1|Kingambit, M|
|poke|p1|Zamazenta-*|
|poke|p2|Decidueye-Hisui, F|
|poke|p2|Landorus-Therian, M|
|poke|p2|Jirachi|
|poke|p2|Chandelure, M|
|poke|p2|Primarina, M|
|poke|p2|Zapdos|
|teampreview
|j| Squallskip
|inactive|Battle timer is ON: inactive players will automatically lose when time's up. (requested by Eight Five)
|l| Squallskip
|
|t:|1758323397
|teamsize|p1|6
|teamsize|p2|6
|start
|switch|p1a: Lando Norris|Landorus-Therian, M|100/100
|switch|p2a: Landorus|Landorus-Therian, M|100/100
|-ability|p1a: Lando Norris|Intimidate|boost
|-unboost|p2a: Landorus|atk|1
|-ability|p2a: Landorus|Intimidate|boost
|-unboost|p1a: Lando Norris|atk|1
|turn|1
|
|t:|1758323406
|move|p1a: Lando Norris|Taunt|p2a: Landorus
|-start|p2a: Landorus|move: Taunt
|move|p2a: Landorus|U-turn|p1a: Lando Norris
|-resisted|p1a: Lando Norris
|-damage|p1a: Lando Norris|91/100
|-damage|p2a: Landorus|84/100|[from] item: Rocky Helmet|[of] p1a: Lando Norris
|
|t:|1758323411
|switch|p2a: Primarina|Primarina, M|100/100|[from] U-turn
|
|upkeep
|turn|2
|
|t:|1758323415
|move|p1a: Lando Norris|U-turn|p2a: Primarina
|-resisted|p2a: Primarina
|-damage|p2a: Primarina|94/100
|
|t:|1758323419
|switch|p1a: Hatterihanna|Hatterene, F, shiny|100/100|[from] U-turn
|move|p2a: Primarina|Calm Mind|p2a: Primarina
|-boost|p2a: Primarina|spa|1
|-boost|p2a: Primarina|spd|1
|
|-heal|p2a: Primarina|100/100|[from] item: Leftovers
|upkeep
|turn|3
|
|t:|1758323425
|move|p2a: Primarina|Calm Mind|p2a: Primarina
|-boost|p2a: Primarina|spa|1
|-boost|p2a: Primarina|spd|1
|move|p1a: Hatterihanna|Nuzzle|p2a: Primarina
|-supereffective|p2a: Primarina
|-damage|p2a: Primarina|94/100
|-status|p2a: Primarina|par
|
|-heal|p2a: Primarina|100/100 par|[from] item: Leftovers
|upkeep
|turn|4
|
|t:|1758323431
|move|p1a: Hatterihanna|Mystical Fire|p2a: Primarina
|-resisted|p2a: Primarina
|-crit|p2a: Primarina
|-damage|p2a: Primarina|84/100 par
|-unboost|p2a: Primarina|spa|1
|move|p2a: Primarina|Psychic Noise|p1a: Hatterihanna
|-damage|p1a: Hatterihanna|72/100
|-start|p1a: Hatterihanna|move: Heal Block
|
|-heal|p2a: Primarina|90/100 par|[from] item: Leftovers
|upkeep
|turn|5
|
|t:|1758323443
|move|p1a: Hatterihanna|Mystical Fire|p2a: Primarina
|-resisted|p2a: Primarina
|-damage|p2a: Primarina|84/100 par
|-unboost|p2a: Primarina|spa|1
|move|p2a: Primarina|Psychic Noise|p1a: Hatterihanna
|-damage|p1a: Hatterihanna|54/100
|
|-heal|p2a: Primarina|90/100 par|[from] item: Leftovers
|-end|p1a: Hatterihanna|move: Heal Block
|upkeep
|turn|6
|
|t:|1758323455
|switch|p1a: PawnHub|Kingambit, M|100/100
|move|p2a: Primarina|Psychic Noise|p1a: PawnHub
|-damage|p1a: PawnHub|65/100
|-start|p1a: PawnHub|move: Heal Block
|
|-heal|p2a: Primarina|96/100 par|[from] item: Leftovers
|upkeep
|turn|7
|
|t:|1758323463
|move|p1a: PawnHub|Iron Head|p2a: Primarina
|-damage|p2a: Primarina|59/100 par
|cant|p2a: Primarina|flinch
|
|-heal|p2a: Primarina|66/100 par|[from] item: Leftovers
|-end|p1a: PawnHub|move: Heal Block
|upkeep
|turn|8
|
|t:|1758323467
|switch|p2a: Landorus|Landorus-Therian, M|84/100
|-ability|p2a: Landorus|Intimidate|boost
|-unboost|p1a: PawnHub|atk|1
|move|p1a: PawnHub|Iron Head|p2a: Landorus
|-damage|p2a: Landorus|45/100
|
|-heal|p1a: PawnHub|71/100|[from] item: Leftovers
|upkeep
|turn|9
|
|t:|1758323492
|switch|p2a: Primarina|Primarina, M|66/100 par
|-end|p1a: PawnHub|fallenundefined|[silent]
|switch|p1a: Hatterihanna|Hatterene, F, shiny|54/100
|
|-heal|p2a: Primarina|72/100 par|[from] item: Leftovers
|upkeep
|turn|10
|inactive|Eight Five has 120 seconds left.
|
|t:|1758323508
|move|p1a: Hatterihanna|Draining Kiss|p2a: Primarina
|-damage|p2a: Primarina|49/100 par
|-heal|p1a: Hatterihanna|73/100|[from] drain|[of] p2a: Primarina
|move|p2a: Primarina|Psychic Noise|p1a: Hatterihanna
|-damage|p1a: Hatterihanna|54/100
|-start|p1a: Hatterihanna|move: Heal Block
|
|-heal|p2a: Primarina|55/100 par|[from] item: Leftovers
|upkeep
|turn|11
|
|t:|1758323517
|move|p1a: Hatterihanna|Psychic Noise|p2a: Primarina
|-damage|p2a: Primarina|23/100 par
|-start|p2a: Primarina|move: Heal Block
|move|p2a: Primarina|Psychic Noise|p1a: Hatterihanna
|-damage|p1a: Hatterihanna|33/100
|
|-end|p1a: Hatterihanna|move: Heal Block
|upkeep
|turn|12
|
|t:|1758323537
|switch|p2a: Zapdos|Zapdos|100/100
|move|p1a: Hatterihanna|Draining Kiss|p2a: Zapdos
|-damage|p2a: Zapdos|69/100
|-heal|p1a: Hatterihanna|57/100|[from] drain|[of] p2a: Zapdos
|
|upkeep
|turn|13
|
|t:|1758323545
|move|p2a: Zapdos|Hurricane|p1a: Hatterihanna
|-crit|p1a: Hatterihanna
|-damage|p1a: Hatterihanna|0 fnt
|faint|p1a: Hatterihanna
|
|upkeep
|inactive|spiralcurriculum has 120 seconds left.
|
|t:|1758323576
|switch|p1a: Lando Norris|Landorus-Therian, M|91/100
|-ability|p1a: Lando Norris|Intimidate|boost
|-unboost|p2a: Zapdos|atk|1
|turn|14
|
|t:|1758323591
|move|p2a: Zapdos|Hurricane|p1a: Lando Norris|[miss]
|-miss|p2a: Zapdos|p1a: Lando Norris
|move|p1a: Lando Norris|Stealth Rock|p2a: Zapdos
|-sidestart|p2: Eight Five|move: Stealth Rock
|
|upkeep
|turn|15
|
|t:|1758323599
|switch|p1a: Usain Bolt|Raging Bolt|100/100
|move|p2a: Zapdos|Hurricane|p1a: Usain Bolt
|-resisted|p1a: Usain Bolt
|-damage|p1a: Usain Bolt|60/100
|
|upkeep
|turn|16
|
|t:|1758323617
|switch|p2a: Primarina|Primarina, M|23/100 par
|-damage|p2a: Primarina|10/100 par|[from] Stealth Rock
|move|p1a: Usain Bolt|Volt Switch|p2a: Primarina
|-supereffective|p2a: Primarina
|-damage|p2a: Primarina|0 fnt
|faint|p2a: Primarina
|inactive|spiralcurriculum has 120 seconds left.
|
|t:|1758323644
|-end|p1a: Usain Bolt|Protosynthesis|[silent]
|switch|p1a: Spring Cleaning|Ogerpon-Wellspring, F|100/100|[from] Volt Switch
|
|upkeep
|
|t:|1758323648
|switch|p2a: Decidueye|Decidueye-Hisui, F|100/100
|turn|17
|inactive|spiralcurriculum has 120 seconds left.
|
|t:|1758323654
|move|p1a: Spring Cleaning|U-turn|p2a: Decidueye
|-damage|p2a: Decidueye|78/100
|
|t:|1758323656
|switch|p1a: Lando Norris|Landorus-Therian, M|91/100|[from] U-turn
|-ability|p1a: Lando Norris|Intimidate|boost
|-fail|p2a: Decidueye|unboost|Attack|[from] ability: Scrappy|[of] p2a: Decidueye
|move|p2a: Decidueye|Defog|p1a: Lando Norris
|-unboost|p1a: Lando Norris|evasion|1
|-sideend|p2: Eight Five|Stealth Rock|[from] move: Defog|[of] p2a: Decidueye
|
|upkeep
|turn|18
|inactive|spiralcurriculum has 120 seconds left.
|
|t:|1758323688
|move|p1a: Lando Norris|Stealth Rock|p2a: Decidueye
|-sidestart|p2: Eight Five|move: Stealth Rock
|move|p2a: Decidueye|U-turn|p1a: Lando Norris
|-resisted|p1a: Lando Norris
|-damage|p1a: Lando Norris|82/100
|-damage|p2a: Decidueye|61/100|[from] item: Rocky Helmet|[of] p1a: Lando Norris
|
|t:|1758323710
|switch|p2a: Landorus|Landorus-Therian, M|45/100|[from] U-turn
|-damage|p2a: Landorus|33/100|[from] Stealth Rock
|-ability|p2a: Landorus|Intimidate|boost
|-unboost|p1a: Lando Norris|atk|1
|
|upkeep
|turn|19
|
|t:|1758323731
|move|p1a: Lando Norris|Taunt|p2a: Landorus
|-start|p2a: Landorus|move: Taunt
|cant|p2a: Landorus|move: Taunt|Gravity
|
|upkeep
|turn|20
|
|t:|1758323745
|move|p1a: Lando Norris|Earth Power|p2a: Landorus
|-immune|p2a: Landorus
|move|p2a: Landorus|Earthquake|p1a: Lando Norris
|-immune|p1a: Lando Norris
|
|upkeep
|turn|21
|
|t:|1758323750
|move|p1a: Lando Norris|Earth Power|p2a: Landorus
|-immune|p2a: Landorus
|move|p2a: Landorus|Earthquake|p1a: Lando Norris
|-immune|p1a: Lando Norris
|
|-end|p2a: Landorus|move: Taunt
|upkeep
|turn|22
|
|t:|1758323760
|switch|p2a: Decidueye|Decidueye-Hisui, F|61/100
|move|p1a: Lando Norris|U-turn|p2a: Decidueye
|-damage|p2a: Decidueye|52/100
|inactive|spiralcurriculum has 120 seconds left.
|
|t:|1758323790
|switch|p1a: Usain Bolt|Raging Bolt|60/100|[from] U-turn
|
|upkeep
|turn|23
|
|t:|1758323797
|move|p1a: Usain Bolt|Draco Meteor|p2a: Decidueye
|-damage|p2a: Decidueye|0 fnt
|-unboost|p1a: Usain Bolt|spa|2
|faint|p2a: Decidueye
|
|upkeep
|-message|Eight Five forfeited.
|
|win|spiralcurriculum
|raw|spiralcurriculum's rating: 1531 &rarr; <strong>1551</strong><br />(+20 for winning)
|raw|Eight Five's rating: 1538 &rarr; <strong>1518</strong><br />(-20 for losing)
|l|☆Eight Five
|player|p2|
|l|☆spiralcurriculum
|player|p1|
