|j|☆LovingsFavPupil
|j|☆Peekatyou843
|t:|1758303781
|gametype|singles
|player|p1|LovingsFavPupil|266|1357
|player|p2|Peekatyou843|101|1339
|gen|9
|tier|[Gen 9] OU
|rated|
|rule|HP Percentage Mod: HP is shown in percentages
|rule|Endless Battle Clause: Forcing endless battles is banned
|rule|Species Clause: Limit one of each Pokémon
|rule|OHKO Clause: OHKO moves are banned
|rule|Evasion Items Clause: Evasion items are banned
|rule|Evasion Moves Clause: Evasion moves are banned
|rule|Evasion Abilities Clause: Evasion abilities are banned
|rule|Sleep Moves Clause: Sleep-inducing moves are banned
|clearpoke
|poke|p1|Alomomola, M|
|poke|p1|Hoopa-Unbound|
|poke|p1|Cinderace, M|
|poke|p1|Dragapult, M|
|poke|p1|Great Tusk|
|poke|p1|Iron Valiant|
|poke|p2|Ogerpon-Wellspring, F|
|poke|p2|Gholdengo|
|poke|p2|Kingambit, F|
|poke|p2|Great Tusk|
|poke|p2|Corviknight, M|
|poke|p2|Raging Bolt|
|teampreview
|inactive|Battle timer is ON: inactive players will automatically lose when time's up. (requested by LovingsFavPupil)
|inactive|Peekatyou843 has 120 seconds left.
|
|t:|1758303836
|teamsize|p1|6
|teamsize|p2|6
|start
|switch|p1a: Dragapult|Dragapult, M|100/100
|switch|p2a: Corviknight|Corviknight, M|100/100
|-ability|p2a: Corviknight|Pressure
|turn|1
|
|t:|1758303846
|move|p1a: Dragapult|U-turn|p2a: Corviknight
|-resisted|p2a: Corviknight
|-damage|p2a: Corviknight|94/100
|-damage|p1a: Dragapult|84/100|[from] item: Rocky Helmet|[of] p2a: Corviknight
|
|t:|1758303850
|switch|p1a: Great Tusk|Great Tusk|100/100|[from] U-turn
|move|p2a: Corviknight|U-turn|p1a: Great Tusk
|-resisted|p1a: Great Tusk
|-damage|p1a: Great Tusk|95/100
|
|t:|1758303857
|switch|p2a: Ogerpon|Ogerpon-Wellspring, F|100/100|[from] U-turn
|
|upkeep
|turn|2
|
|t:|1758303870
|-end|p1a: Great Tusk|Protosynthesis|[silent]
|switch|p1a: Dragapult|Dragapult, M|84/100
|move|p2a: Ogerpon|Power Whip|p1a: Dragapult
|-resisted|p1a: Dragapult
|-damage|p1a: Dragapult|29/100
|
|upkeep
|turn|3
|
|t:|1758303881
|switch|p2a: Corviknight|Corviknight, M|94/100
|-ability|p2a: Corviknight|Pressure
|move|p1a: Dragapult|Dragon Darts|p2a: Corviknight
|-resisted|p2a: Corviknight
|-crit|p2a: Corviknight
|-damage|p2a: Corviknight|73/100
|-anim|p1a: Dragapult|Dragon Darts|p2a: Corviknight
|-resisted|p2a: Corviknight
|-damage|p2a: Corviknight|59/100
|
|upkeep
|turn|4
|
|t:|1758303894
|switch|p1a: Alomomola|Alomomola, M, shiny|100/100
|move|p2a: Corviknight|Roost|p2a: Corviknight
|-heal|p2a: Corviknight|100/100
|-singleturn|p2a: Corviknight|move: Roost
|
|upkeep
|turn|5
|
|t:|1758303905
|move|p2a: Corviknight|U-turn|p1a: Alomomola
|-damage|p1a: Alomomola|93/100
|-damage|p2a: Corviknight|84/100|[from] item: Rocky Helmet|[of] p1a: Alomomola
|
|t:|1758303907
|switch|p2a: Gholdengo|Gholdengo|100/100|[from] U-turn
|-item|p2a: Gholdengo|Air Balloon
|move|p1a: Alomomola|Wish|p1a: Alomomola
|
|upkeep
|turn|6
|
|t:|1758303919
|switch|p1a: Hoopa|Hoopa-Unbound|100/100
|move|p2a: Gholdengo|Nasty Plot|p2a: Gholdengo
|-boost|p2a: Gholdengo|spa|2
|
|upkeep
|turn|7
|
|t:|1758303933
|-terastallize|p2a: Gholdengo|Dark
|move|p2a: Gholdengo|Make It Rain|p1a: Hoopa
|-damage|p1a: Hoopa|36/100
|-unboost|p2a: Gholdengo|spa|1
|move|p1a: Hoopa|Knock Off|p2a: Gholdengo
|-resisted|p2a: Gholdengo
|-damage|p2a: Gholdengo|78/100
|-enditem|p2a: Gholdengo|Air Balloon
|
|upkeep
|turn|8
|
|t:|1758303950
|move|p2a: Gholdengo|Shadow Ball|p1a: Hoopa
|-damage|p1a: Hoopa|3/100
|move|p1a: Hoopa|Drain Punch|p2a: Gholdengo
|-supereffective|p2a: Gholdengo
|-damage|p2a: Gholdengo|33/100
|-heal|p1a: Hoopa|27/100|[from] drain|[of] p2a: Gholdengo
|
|upkeep
|turn|9
|
|t:|1758303959
|move|p2a: Gholdengo|Recover|p2a: Gholdengo
|-heal|p2a: Gholdengo|83/100
|move|p1a: Hoopa|Drain Punch|p2a: Gholdengo
|-supereffective|p2a: Gholdengo
|-damage|p2a: Gholdengo|34/100
|-heal|p1a: Hoopa|52/100|[from] drain|[of] p2a: Gholdengo
|
|upkeep
|turn|10
|
|t:|1758303967
|move|p2a: Gholdengo|Make It Rain|p1a: Hoopa
|-damage|p1a: Hoopa|3/100
|-unboost|p2a: Gholdengo|spa|1
|move|p1a: Hoopa|Drain Punch|p2a: Gholdengo
|-supereffective|p2a: Gholdengo
|-damage|p2a: Gholdengo|0 fnt
|-heal|p1a: Hoopa|20/100|[from] drain|[of] p2a: Gholdengo
|faint|p2a: Gholdengo
|
|upkeep
|
|t:|1758303973
|switch|p2a: Corviknight|Corviknight, M|84/100
|-ability|p2a: Corviknight|Pressure
|turn|11
|
|t:|1758303982
|switch|p1a: Alomomola|Alomomola, M, shiny|100/100
|move|p2a: Corviknight|U-turn|p1a: Alomomola
|-damage|p1a: Alomomola|93/100
|-damage|p2a: Corviknight|67/100|[from] item: Rocky Helmet|[of] p1a: Alomomola
|
|t:|1758303991
|switch|p2a: Ogerpon|Ogerpon-Wellspring, F|100/100|[from] U-turn
|
|upkeep
|turn|12
|
|t:|1758303999
|move|p2a: Ogerpon|Power Whip|p1a: Alomomola|[miss]
|-miss|p2a: Ogerpon|p1a: Alomomola
|move|p1a: Alomomola|Wish|p1a: Alomomola
|
|upkeep
|turn|13
|
|t:|1758304009
|move|p2a: Ogerpon|Power Whip|p1a: Alomomola
|-supereffective|p1a: Alomomola
|-damage|p1a: Alomomola|18/100
|-damage|p2a: Ogerpon|84/100|[from] item: Rocky Helmet|[of] p1a: Alomomola
|move|p1a: Alomomola|Tickle|p2a: Ogerpon
|-unboost|p2a: Ogerpon|atk|1
|-unboost|p2a: Ogerpon|def|1
|
|-heal|p1a: Alomomola|68/100|[from] move: Wish|[wisher] Alomomola
|upkeep
|turn|14
|
|t:|1758304022
|switch|p2a: Corviknight|Corviknight, M|67/100
|-ability|p2a: Corviknight|Pressure
|-terastallize|p1a: Alomomola|Dragon
|move|p1a: Alomomola|Wish|p1a: Alomomola
|
|upkeep
|turn|15
|
|t:|1758304033
|move|p2a: Corviknight|U-turn|p1a: Alomomola
|-damage|p1a: Alomomola|60/100
|-damage|p2a: Corviknight|51/100|[from] item: Rocky Helmet|[of] p1a: Alomomola
|
|t:|1758304040
|switch|p2a: Ogerpon|Ogerpon-Wellspring, F|84/100|[from] U-turn
|move|p1a: Alomomola|Flip Turn|p2a: Ogerpon
|-heal|p2a: Ogerpon|100/100|[from] ability: Water Absorb|[of] p1a: Alomomola
|
|-heal|p1a: Alomomola|100/100|[from] move: Wish|[wisher] Alomomola
|upkeep
|turn|16
|
|t:|1758304050
|move|p2a: Ogerpon|Play Rough|p1a: Alomomola
|-supereffective|p1a: Alomomola
|-damage|p1a: Alomomola|61/100
|-damage|p2a: Ogerpon|84/100|[from] item: Rocky Helmet|[of] p1a: Alomomola
|move|p1a: Alomomola|Tickle|p2a: Ogerpon
|-unboost|p2a: Ogerpon|atk|1
|-unboost|p2a: Ogerpon|def|1
|
|upkeep
|turn|17
|
|t:|1758304072
|switch|p2a: Raging Bolt|Raging Bolt|100/100
|move|p1a: Alomomola|Wish|p1a: Alomomola
|
|upkeep
|turn|18
|
|t:|1758304083
|switch|p1a: Iron Valiant|Iron Valiant|100/100
|move|p2a: Raging Bolt|Draco Meteor|p1a: Iron Valiant
|-immune|p1a: Iron Valiant
|
|upkeep
|turn|19
|
|t:|1758304103
|-end|p2a: Raging Bolt|Protosynthesis|[silent]
|switch|p2a: Corviknight|Corviknight, M|51/100
|-ability|p2a: Corviknight|Pressure
|move|p1a: Iron Valiant|Moonblast|p2a: Corviknight
|-resisted|p2a: Corviknight
|-damage|p2a: Corviknight|25/100
|
|upkeep
|turn|20
|
|t:|1758304111
|move|p1a: Iron Valiant|Moonblast|p2a: Corviknight
|-resisted|p2a: Corviknight
|-damage|p2a: Corviknight|2/100
|move|p2a: Corviknight|Roost|p2a: Corviknight
|-heal|p2a: Corviknight|52/100
|-singleturn|p2a: Corviknight|move: Roost
|
|upkeep
|turn|21
|
|t:|1758304122
|-end|p1a: Iron Valiant|Quark Drive|[silent]
|switch|p1a: Great Tusk|Great Tusk|95/100
|move|p2a: Corviknight|Roost|p2a: Corviknight
|-heal|p2a: Corviknight|100/100
|-singleturn|p2a: Corviknight|move: Roost
|
|upkeep
|turn|22
|
|t:|1758304132
|move|p1a: Great Tusk|Stealth Rock|p2a: Corviknight
|-sidestart|p2: Peekatyou843|move: Stealth Rock
|move|p2a: Corviknight|U-turn|p1a: Great Tusk
|-resisted|p1a: Great Tusk
|-damage|p1a: Great Tusk|90/100
|
|t:|1758304147
|switch|p2a: Ogerpon|Ogerpon-Wellspring, F|84/100|[from] U-turn
|-damage|p2a: Ogerpon|72/100|[from] Stealth Rock
|
|upkeep
|turn|23
|
|t:|1758304158
|-end|p1a: Great Tusk|Protosynthesis|[silent]
|switch|p1a: Alomomola|Alomomola, M, shiny, tera:Dragon|94/100
|move|p2a: Ogerpon|Spikes|p1a: Alomomola
|-sidestart|p1: LovingsFavPupil|Spikes
|
|upkeep
|turn|24
|
|t:|1758304165
|move|p2a: Ogerpon|Spikes|p1a: Alomomola
|-sidestart|p1: LovingsFavPupil|Spikes
|move|p1a: Alomomola|Wish|p1a: Alomomola
|
|upkeep
|turn|25
|
|t:|1758304182
|switch|p1a: Cinderace|Cinderace, M|100/100
|move|p2a: Ogerpon|Ivy Cudgel|p1a: Cinderace|[anim] Ivy Cudgel Water
|-supereffective|p1a: Cinderace
|-damage|p1a: Cinderace|0 fnt
|faint|p1a: Cinderace
|
|upkeep
|
|t:|1758304191
|switch|p1a: Dragapult|Dragapult, M|29/100
|-damage|p1a: Dragapult|12/100|[from] Spikes
|turn|26
|
|t:|1758304198
|switch|p2a: Corviknight|Corviknight, M|100/100
|-damage|p2a: Corviknight|88/100|[from] Stealth Rock
|-ability|p2a: Corviknight|Pressure
|move|p1a: Dragapult|Dragon Darts|p2a: Corviknight
|-resisted|p2a: Corviknight
|-damage|p2a: Corviknight|74/100
|-anim|p1a: Dragapult|Dragon Darts|p2a: Corviknight
|-resisted|p2a: Corviknight
|-damage|p2a: Corviknight|59/100
|
|upkeep
|turn|27
|
|t:|1758304213
|switch|p1a: Great Tusk|Great Tusk|90/100
|move|p2a: Corviknight|U-turn|p1a: Great Tusk
|-resisted|p1a: Great Tusk
|-damage|p1a: Great Tusk|85/100
|
|t:|1758304219
|switch|p2a: Ogerpon|Ogerpon-Wellspring, F|72/100|[from] U-turn
|-damage|p2a: Ogerpon|59/100|[from] Stealth Rock
|
|upkeep
|turn|28
|
|t:|1758304227
|-end|p1a: Great Tusk|Protosynthesis|[silent]
|switch|p1a: Alomomola|Alomomola, M, shiny, tera:Dragon|100/100
|-damage|p1a: Alomomola|84/100|[from] Spikes
|move|p2a: Ogerpon|Ivy Cudgel|p1a: Alomomola|[anim] Ivy Cudgel Water
|-resisted|p1a: Alomomola
|-damage|p1a: Alomomola|67/100
|
|upkeep
|turn|29
|
|t:|1758304237
|move|p2a: Ogerpon|Spikes|p1a: Alomomola
|-sidestart|p1: LovingsFavPupil|Spikes
|move|p1a: Alomomola|Wish|p1a: Alomomola
|
|upkeep
|turn|30
|
|t:|1758304251
|move|p2a: Ogerpon|Play Rough|p1a: Alomomola
|-supereffective|p1a: Alomomola
|-damage|p1a: Alomomola|29/100
|-damage|p2a: Ogerpon|43/100|[from] item: Rocky Helmet|[of] p1a: Alomomola
|move|p1a: Alomomola|Tickle|p2a: Ogerpon
|-unboost|p2a: Ogerpon|atk|1
|-unboost|p2a: Ogerpon|def|1
|
|-heal|p1a: Alomomola|79/100|[from] move: Wish|[wisher] Alomomola
|upkeep
|turn|31
|inactive|Peekatyou843 has 120 seconds left.
|
|t:|1758304287
|switch|p2a: Raging Bolt|Raging Bolt|100/100
|-damage|p2a: Raging Bolt|88/100|[from] Stealth Rock
|move|p1a: Alomomola|Wish|p1a: Alomomola
|
|upkeep
|turn|32
|inactive|Peekatyou843 has 120 seconds left.
|
|t:|1758304297
|switch|p1a: Great Tusk|Great Tusk|85/100
|move|p2a: Raging Bolt|Volt Switch|p1a: Great Tusk
|-immune|p1a: Great Tusk
|
|-heal|p1a: Great Tusk|100/100|[from] move: Wish|[wisher] Alomomola
|upkeep
|turn|33
|inactive|Peekatyou843 has 120 seconds left.
|
|t:|1758304309
|-end|p2a: Raging Bolt|Protosynthesis|[silent]
|switch|p2a: Corviknight|Corviknight, M|59/100
|-damage|p2a: Corviknight|46/100|[from] Stealth Rock
|-ability|p2a: Corviknight|Pressure
|move|p1a: Great Tusk|Headlong Rush|p2a: Corviknight
|-immune|p2a: Corviknight
|
|upkeep
|turn|34
|inactive|Peekatyou843 has 120 seconds left.
|
|t:|1758304319
|move|p1a: Great Tusk|Rapid Spin|p2a: Corviknight
|-resisted|p2a: Corviknight
|-damage|p2a: Corviknight|39/100
|-boost|p1a: Great Tusk|spe|1
|-damage|p1a: Great Tusk|84/100|[from] item: Rocky Helmet|[of] p2a: Corviknight
|-sideend|p1: LovingsFavPupil|Spikes|[from] move: Rapid Spin|[of] p1a: Great Tusk
|move|p2a: Corviknight|Roost|p2a: Corviknight
|-heal|p2a: Corviknight|89/100
|-singleturn|p2a: Corviknight|move: Roost
|
|upkeep
|turn|35
|
|t:|1758304330
|-end|p1a: Great Tusk|Protosynthesis|[silent]
|switch|p1a: Alomomola|Alomomola, M, shiny, tera:Dragon|100/100
|move|p2a: Corviknight|U-turn|p1a: Alomomola
|-damage|p1a: Alomomola|93/100
|-damage|p2a: Corviknight|73/100|[from] item: Rocky Helmet|[of] p1a: Alomomola
|inactive|Peekatyou843 has 120 seconds left.
|
|t:|1758304340
|switch|p2a: Great Tusk|Great Tusk|100/100|[from] U-turn
|
|upkeep
|turn|36
|
|t:|1758304347
|move|p2a: Great Tusk|Ice Spinner|p1a: Alomomola
|-supereffective|p1a: Alomomola
|-damage|p1a: Alomomola|64/100
|-damage|p2a: Great Tusk|84/100|[from] item: Rocky Helmet|[of] p1a: Alomomola
|move|p1a: Alomomola|Wish|p1a: Alomomola
|
|upkeep
|turn|37
|
|t:|1758304357
|move|p2a: Great Tusk|Rapid Spin|p1a: Alomomola
|-damage|p1a: Alomomola|54/100
|-boost|p2a: Great Tusk|spe|1
|-damage|p2a: Great Tusk|68/100|[from] item: Rocky Helmet|[of] p1a: Alomomola
|-sideend|p2: Peekatyou843|Stealth Rock|[from] move: Rapid Spin|[of] p2a: Great Tusk
|move|p1a: Alomomola|Flip Turn|p2a: Great Tusk
|-supereffective|p2a: Great Tusk
|-damage|p2a: Great Tusk|44/100
|
|t:|1758304377
|switch|p1a: Dragapult|Dragapult, M|12/100|[from] Flip Turn
|
|-heal|p1a: Dragapult|97/100|[from] move: Wish|[wisher] Alomomola
|upkeep
|turn|38
|
|t:|1758304401
|-end|p2a: Great Tusk|Protosynthesis|[silent]
|switch|p2a: Corviknight|Corviknight, M|73/100
|-ability|p2a: Corviknight|Pressure
|move|p1a: Dragapult|Dragon Darts|p2a: Corviknight
|-resisted|p2a: Corviknight
|-damage|p2a: Corviknight|58/100
|-anim|p1a: Dragapult|Dragon Darts|p2a: Corviknight
|-resisted|p2a: Corviknight
|-damage|p2a: Corviknight|42/100
|
|upkeep
|turn|39
|
|t:|1758304415
|switch|p1a: Alomomola|Alomomola, M, shiny, tera:Dragon|88/100
|move|p2a: Corviknight|Roost|p2a: Corviknight
|-heal|p2a: Corviknight|92/100
|-singleturn|p2a: Corviknight|move: Roost
|
|upkeep
|turn|40
|inactive|Peekatyou843 has 120 seconds left.
|
|t:|1758304438
|move|p2a: Corviknight|U-turn|p1a: Alomomola
|-damage|p1a: Alomomola|80/100
|-damage|p2a: Corviknight|75/100|[from] item: Rocky Helmet|[of] p1a: Alomomola
|
|t:|1758304441
|switch|p2a: Ogerpon|Ogerpon-Wellspring, F|43/100|[from] U-turn
|move|p1a: Alomomola|Wish|p1a: Alomomola
|
|upkeep
|turn|41
|inactive|Peekatyou843 has 120 seconds left.
|
|t:|1758304460
|switch|p2a: Raging Bolt|Raging Bolt|88/100
|move|p1a: Alomomola|Tickle|p2a: Raging Bolt
|-unboost|p2a: Raging Bolt|atk|1
|-unboost|p2a: Raging Bolt|def|1
|
|-heal|p1a: Alomomola|100/100|[from] move: Wish|[wisher] Alomomola
|upkeep
|turn|42
|inactive|Peekatyou843 has 120 seconds left.
|inactive|LovingsFavPupil has 120 seconds left.
|
|t:|1758304504
|switch|p1a: Great Tusk|Great Tusk|84/100
|move|p2a: Raging Bolt|Thunderbolt|p1a: Great Tusk
|-immune|p1a: Great Tusk
|
|upkeep
|turn|43
|
|t:|1758304513
|-end|p2a: Raging Bolt|Protosynthesis|[silent]
|switch|p2a: Corviknight|Corviknight, M|75/100
|-ability|p2a: Corviknight|Pressure
|move|p1a: Great Tusk|Stealth Rock|p2a: Corviknight
|-sidestart|p2: Peekatyou843|move: Stealth Rock
|
|upkeep
|turn|44
|inactive|LovingsFavPupil has 120 seconds left.
|
|t:|1758304524
|-end|p1a: Great Tusk|Protosynthesis|[silent]
|switch|p1a: Alomomola|Alomomola, M, shiny, tera:Dragon|100/100
|move|p2a: Corviknight|U-turn|p1a: Alomomola
|-damage|p1a: Alomomola|93/100
|-damage|p2a: Corviknight|59/100|[from] item: Rocky Helmet|[of] p1a: Alomomola
|
|t:|1758304530
|switch|p2a: Great Tusk|Great Tusk|44/100|[from] U-turn
|
|upkeep
|turn|45
|
|t:|1758304545
|move|p2a: Great Tusk|Headlong Rush|p1a: Alomomola
|-damage|p1a: Alomomola|60/100
|-unboost|p2a: Great Tusk|def|1
|-unboost|p2a: Great Tusk|spd|1
|-damage|p2a: Great Tusk|28/100|[from] item: Rocky Helmet|[of] p1a: Alomomola
|move|p1a: Alomomola|Wish|p1a: Alomomola
|
|upkeep
|turn|46
|
|t:|1758304564
|-end|p2a: Great Tusk|Protosynthesis|[silent]
|switch|p2a: Raging Bolt|Raging Bolt|88/100
|-damage|p2a: Raging Bolt|76/100|[from] Stealth Rock
|move|p1a: Alomomola|Tickle|p2a: Raging Bolt
|-unboost|p2a: Raging Bolt|atk|1
|-unboost|p2a: Raging Bolt|def|1
|
|-heal|p1a: Alomomola|100/100|[from] move: Wish|[wisher] Alomomola
|upkeep
|turn|47
|
|t:|1758304580
|switch|p1a: Great Tusk|Great Tusk|84/100
|move|p2a: Raging Bolt|Draco Meteor|p1a: Great Tusk
|-damage|p1a: Great Tusk|0 fnt
|-unboost|p2a: Raging Bolt|spa|2
|faint|p1a: Great Tusk
|-end|p1a: Great Tusk|Protosynthesis|[silent]
|
|upkeep
|inactive|LovingsFavPupil has 120 seconds left.
|
|t:|1758304594
|switch|p1a: Iron Valiant|Iron Valiant|100/100
|turn|48
|
|t:|1758304615
|-end|p2a: Raging Bolt|Protosynthesis|[silent]
|switch|p2a: Corviknight|Corviknight, M|59/100
|-damage|p2a: Corviknight|46/100|[from] Stealth Rock
|-ability|p2a: Corviknight|Pressure
|move|p1a: Iron Valiant|Moonblast|p2a: Corviknight
|-resisted|p2a: Corviknight
|-damage|p2a: Corviknight|21/100
|
|upkeep
|turn|49
|inactive|Peekatyou843 has 90 seconds left.
|inactive|Peekatyou843 has 60 seconds left.
|
|t:|1758304665
|move|p1a: Iron Valiant|Moonblast|p2a: Corviknight
|-resisted|p2a: Corviknight
|-damage|p2a: Corviknight|0 fnt
|faint|p2a: Corviknight
|
|upkeep
|
|t:|1758304683
|switch|p2a: Kingambit|Kingambit, F|100/100
|-damage|p2a: Kingambit|94/100|[from] Stealth Rock
|-activate|p2a: Kingambit|ability: Supreme Overlord
|-start|p2a: Kingambit|fallen2|[silent]
|turn|50
|
|t:|1758304690
|move|p1a: Iron Valiant|Moonblast|p2a: Kingambit
|-damage|p2a: Kingambit|21/100
|move|p2a: Kingambit|Iron Head|p1a: Iron Valiant
|-supereffective|p1a: Iron Valiant
|-damage|p1a: Iron Valiant|0 fnt
|faint|p1a: Iron Valiant
|-end|p1a: Iron Valiant|Quark Drive|[silent]
|
|-heal|p2a: Kingambit|27/100|[from] item: Leftovers
|upkeep
|
|t:|1758304705
|switch|p1a: Alomomola|Alomomola, M, shiny, tera:Dragon|100/100
|turn|51
|inactive|Peekatyou843 has 60 seconds left.
|
|t:|1758304719
|move|p1a: Alomomola|Wish|p1a: Alomomola
|move|p2a: Kingambit|Swords Dance|p2a: Kingambit
|-boost|p2a: Kingambit|atk|2
|
|-heal|p2a: Kingambit|34/100|[from] item: Leftovers
|upkeep
|turn|52
|
|t:|1758304728
|move|p1a: Alomomola|Scald|p2a: Kingambit
|-crit|p2a: Kingambit
|-damage|p2a: Kingambit|15/100
|-status|p2a: Kingambit|brn
|move|p2a: Kingambit|Swords Dance|p2a: Kingambit
|-boost|p2a: Kingambit|atk|2
|
|-heal|p2a: Kingambit|21/100 brn|[from] item: Leftovers
|-damage|p2a: Kingambit|15/100 brn|[from] brn
|upkeep
|turn|53
|inactive|Peekatyou843 has 60 seconds left.
|
|t:|1758304744
|move|p1a: Alomomola|Flip Turn|p2a: Kingambit
|-damage|p2a: Kingambit|3/100 brn
|
|t:|1758304750
|switch|p1a: Hoopa|Hoopa-Unbound|20/100|[from] Flip Turn
|move|p2a: Kingambit|Swords Dance|p2a: Kingambit
|-boost|p2a: Kingambit|atk|2
|
|-heal|p2a: Kingambit|9/100 brn|[from] item: Leftovers
|-damage|p2a: Kingambit|3/100 brn|[from] brn
|upkeep
|turn|54
|
|t:|1758304762
|switch|p1a: Alomomola|Alomomola, M, shiny, tera:Dragon|100/100
|move|p2a: Kingambit|Sucker Punch||[still]
|-fail|p2a: Kingambit
|
|-heal|p2a: Kingambit|9/100 brn|[from] item: Leftovers
|-damage|p2a: Kingambit|3/100 brn|[from] brn
|upkeep
|turn|55
|
|t:|1758304775
|move|p2a: Kingambit|Sucker Punch||[still]
|-fail|p2a: Kingambit
|move|p1a: Alomomola|Wish|p1a: Alomomola
|
|-heal|p2a: Kingambit|9/100 brn|[from] item: Leftovers
|-damage|p2a: Kingambit|3/100 brn|[from] brn
|upkeep
|turn|56
|
|t:|1758304783
|move|p2a: Kingambit|Sucker Punch|p1a: Alomomola
|-damage|p1a: Alomomola|46/100
|-damage|p2a: Kingambit|0 fnt|[from] item: Rocky Helmet|[of] p1a: Alomomola
|faint|p2a: Kingambit
|-end|p2a: Kingambit|fallen2|[silent]
|move|p1a: Alomomola|Flip Turn|p2: Kingambit|[notarget]
|-fail|p1a: Alomomola
|
|-heal|p1a: Alomomola|96/100|[from] move: Wish|[wisher] Alomomola
|upkeep
|
|t:|1758304790
|switch|p2a: Raging Bolt|Raging Bolt|76/100
|-damage|p2a: Raging Bolt|64/100|[from] Stealth Rock
|turn|57
|
|t:|1758304809
|move|p2a: Raging Bolt|Draco Meteor|p1a: Alomomola
|-supereffective|p1a: Alomomola
|-damage|p1a: Alomomola|0 fnt
|-unboost|p2a: Raging Bolt|spa|2
|faint|p1a: Alomomola
|
|upkeep
|
|t:|1758304818
|switch|p1a: Dragapult|Dragapult, M|97/100
|turn|58
|inactive|Peekatyou843 has 90 seconds left.
|
|t:|1758304838
|move|p1a: Dragapult|Dragon Darts|p2a: Raging Bolt
|-supereffective|p2a: Raging Bolt
|-damage|p2a: Raging Bolt|0 fnt
|faint|p2a: Raging Bolt
|-end|p2a: Raging Bolt|Protosynthesis|[silent]
|
|upkeep
|
|t:|1758304848
|switch|p2a: Ogerpon|Ogerpon-Wellspring, F|43/100
|-damage|p2a: Ogerpon|30/100|[from] Stealth Rock
|turn|59
|
|t:|1758304853
|move|p1a: Dragapult|Dragon Darts|p2a: Ogerpon
|-damage|p2a: Ogerpon|0 fnt
|faint|p2a: Ogerpon
|
|upkeep
|c|☆Peekatyou843|Ggs well played
|
|t:|1758304866
|switch|p2a: Great Tusk|Great Tusk|28/100
|turn|60
|
|t:|1758304870
|move|p1a: Dragapult|Dragon Darts|p2a: Great Tusk
|-damage|p2a: Great Tusk|3/100
|-anim|p1a: Dragapult|Dragon Darts|p2a: Great Tusk
|-damage|p2a: Great Tusk|0 fnt
|faint|p2a: Great Tusk
|-end|p2a: Great Tusk|Protosynthesis|[silent]
|
|win|LovingsFavPupil
|raw|LovingsFavPupil's rating: 1357 &rarr; <strong>1376</strong><br />(+19 for winning)
|raw|Peekatyou843's rating: 1339 &rarr; <strong>1320</strong><br />(-19 for losing)
