|j|☆NORIAC
|j|☆ha gaiiiiii
|t:|1758264295
|gametype|singles
|player|p1|NORIAC|170|1200
|player|p2|ha gaiiiiii|cynthia|1187
|gen|9
|tier|[Gen 9] OU
|rated|
|rule|HP Percentage Mod: HP is shown in percentages
|rule|Endless Battle Clause: Forcing endless battles is banned
|rule|Species Clause: Limit one of each Pokémon
|rule|OHKO Clause: OHKO moves are banned
|rule|Evasion Items Clause: Evasion items are banned
|rule|Evasion Moves Clause: Evasion moves are banned
|rule|Evasion Abilities Clause: Evasion abilities are banned
|rule|Sleep Moves Clause: Sleep-inducing moves are banned
|clearpoke
|poke|p1|Dragapult, M|
|poke|p1|Quaquaval, F|
|poke|p1|Hydreigon, F|
|poke|p1|Hatterene, F|
|poke|p1|Thundurus, M|
|poke|p1|Ninetales-Alola, M|
|poke|p2|Zamazenta-*|
|poke|p2|Ninetales-Alola, M|
|poke|p2|Darkrai|
|poke|p2|Ceruledge, M|
|poke|p2|Gliscor, M|
|poke|p2|Hatterene, F|
|teampreview
|inactive|Battle timer is ON: inactive players will automatically lose when time's up. (requested by ha gaiiiiii)
|
|t:|1758264303
|teamsize|p1|6
|teamsize|p2|6
|start
|switch|p1a: Hydreigon|Hydreigon, F|100/100
|switch|p2a: Ninetales|Ninetales-Alola, M|100/100
|-weather|Snowscape|[from] ability: Snow Warning|[of] p2a: Ninetales
|turn|1
|
|t:|1758264311
|move|p1a: Hydreigon|U-turn|p2a: Ninetales
|-resisted|p2a: Ninetales
|-damage|p2a: Ninetales|94/100
|
|t:|1758264317
|switch|p1a: Hatterene|Hatterene, F|100/100|[from] U-turn
|move|p2a: Ninetales|Aurora Veil|p2a: Ninetales
|-sidestart|p2: ha gaiiiiii|move: Aurora Veil
|
|-weather|Snowscape|[upkeep]
|upkeep
|turn|2
|
|t:|1758264328
|move|p2a: Ninetales|Freeze-Dry|p1a: Hatterene
|-damage|p1a: Hatterene|83/100
|move|p1a: Hatterene|Thunder Wave|p2a: Ninetales
|-status|p2a: Ninetales|par
|
|-weather|Snowscape|[upkeep]
|-heal|p1a: Hatterene|89/100|[from] item: Leftovers
|upkeep
|turn|3
|
|t:|1758264338
|switch|p1a: Ninetales|Ninetales-Alola, M|100/100
|cant|p2a: Ninetales|par
|
|-weather|Snowscape|[upkeep]
|upkeep
|turn|4
|
|t:|1758264346
|move|p1a: Ninetales|Aurora Veil|p1a: Ninetales
|-sidestart|p1: NORIAC|move: Aurora Veil
|cant|p2a: Ninetales|par
|
|-weather|Snowscape|[upkeep]
|upkeep
|turn|5
|
|t:|1758264358
|move|p1a: Ninetales|Moonblast|p2a: Ninetales
|-damage|p2a: Ninetales|81/100 par
|-unboost|p2a: Ninetales|spa|1
|move|p2a: Ninetales|Roar|p1a: Ninetales
|drag|p1a: Thundurus|Thundurus, M|100/100
|
|-weather|none
|upkeep
|turn|6
|
|t:|1758264369
|move|p1a: Thundurus|Substitute|p1a: Thundurus
|-start|p1a: Thundurus|Substitute
|-damage|p1a: Thundurus|75/100
|move|p2a: Ninetales|Freeze-Dry|p1a: Thundurus
|-supereffective|p1a: Thundurus
|-activate|p1a: Thundurus|move: Substitute|[damage]
|
|-heal|p1a: Thundurus|81/100|[from] item: Leftovers
|upkeep
|turn|7
|
|t:|1758264379
|move|p1a: Thundurus|Sludge Bomb|p2a: Ninetales
|-supereffective|p2a: Ninetales
|-damage|p2a: Ninetales|49/100 par
|move|p2a: Ninetales|Freeze-Dry|p1a: Thundurus
|-supereffective|p1a: Thundurus
|-end|p1a: Thundurus|Substitute
|
|-heal|p1a: Thundurus|87/100|[from] item: Leftovers
|upkeep
|turn|8
|
|t:|1758264405
|switch|p2a: Gliscor|Gliscor, M|100/100
|move|p1a: Thundurus|Substitute|p1a: Thundurus
|-start|p1a: Thundurus|Substitute
|-damage|p1a: Thundurus|62/100
|
|-heal|p1a: Thundurus|68/100|[from] item: Leftovers
|-sideend|p2: ha gaiiiiii|move: Aurora Veil
|-status|p2a: Gliscor|tox|[from] item: Toxic Orb
|upkeep
|turn|9
|
|t:|1758264419
|switch|p1a: Ninetales|Ninetales-Alola, M|100/100
|-weather|Snowscape|[from] ability: Snow Warning|[of] p1a: Ninetales
|move|p2a: Gliscor|Swords Dance|p2a: Gliscor
|-boost|p2a: Gliscor|atk|2
|
|-weather|Snowscape|[upkeep]
|upkeep
|turn|10
|
|t:|1758264430
|move|p1a: Ninetales|Encore|p2a: Gliscor
|-start|p2a: Gliscor|Encore
|move|p2a: Gliscor|Swords Dance|p2a: Gliscor
|-boost|p2a: Gliscor|atk|2
|
|-weather|Snowscape|[upkeep]
|upkeep
|turn|11
|
|t:|1758264439
|switch|p2a: Ceruledge|Ceruledge, M|100/100
|move|p1a: Ninetales|Freeze-Dry|p2a: Ceruledge
|-resisted|p2a: Ceruledge
|-damage|p2a: Ceruledge|93/100
|
|-weather|Snowscape|[upkeep]
|-sideend|p1: NORIAC|move: Aurora Veil
|upkeep
|turn|12
|
|t:|1758264456
|switch|p1a: Quaquaval|Quaquaval, F|100/100
|move|p2a: Ceruledge|Bulk Up|p2a: Ceruledge
|-boost|p2a: Ceruledge|atk|1
|-boost|p2a: Ceruledge|def|1
|
|-weather|Snowscape|[upkeep]
|upkeep
|turn|13
|inactive|ha gaiiiiii has 120 seconds left.
|inactive|ha gaiiiiii has 90 seconds left.
|c|☆NORIAC|Go newba
|l|☆ha gaiiiiii
|inactive|ha gaiiiiii disconnected and has a minute to reconnect!
|player|p2|
|inactive|ha gaiiiiii has 30 seconds to reconnect!
|inactive|ha gaiiiiii has 20 seconds to reconnect!
|inactive|ha gaiiiiii has 15 seconds to reconnect!
|inactive|ha gaiiiiii has 10 seconds to reconnect!
|inactive|ha gaiiiiii has 5 seconds to reconnect!
|-message|ha gaiiiiii lost due to inactivity.
|
|win|NORIAC
|raw|NORIAC's rating: 1200 &rarr; <strong>1224</strong><br />(+24 for winning)
|raw|ha gaiiiiii's rating: 1187 &rarr; <strong>1163</strong><br />(-24 for losing)
|l|☆NORIAC
|player|p1|
