|j|☆FlowerUnacceptable
|j|☆TRANTHANHTUNG
|t:|1758283607
|gametype|singles
|player|p1|FlowerUnacceptable|cheren|1331
|player|p2|TRANTHANHTUNG|2|1389
|gen|9
|tier|[Gen 9] OU
|rated|
|rule|HP Percentage Mod: HP is shown in percentages
|rule|Endless Battle Clause: Forcing endless battles is banned
|rule|Species Clause: Limit one of each Pokémon
|rule|OHKO Clause: OHKO moves are banned
|rule|Evasion Items Clause: Evasion items are banned
|rule|Evasion Moves Clause: Evasion moves are banned
|rule|Evasion Abilities Clause: Evasion abilities are banned
|rule|Sleep Moves Clause: Sleep-inducing moves are banned
|clearpoke
|poke|p1|Fezandipiti, M|
|poke|p1|Dragonite, F|
|poke|p1|Gholdengo|
|poke|p1|Great Tusk|
|poke|p1|Rotom-Wash|
|poke|p1|Zapdos-Galar|
|poke|p2|Lokix, M|
|poke|p2|Raging Bolt|
|poke|p2|Alomomola, M|
|poke|p2|Hatterene, F|
|poke|p2|Great Tusk|
|poke|p2|Heatran, F|
|teampreview
|inactive|Battle timer is ON: inactive players will automatically lose when time's up. (requested by TRANTHANHTUNG)
|
|t:|1758283621
|teamsize|p1|6
|teamsize|p2|6
|start
|switch|p1a: Great Tusk|Great Tusk|100/100
|switch|p2a: Heatran|Heatran, F|100/100
|turn|1
|
|t:|1758283625
|move|p1a: Great Tusk|Headlong Rush|p2a: Heatran
|-supereffective|p2a: Heatran
|-damage|p2a: Heatran|0 fnt
|-unboost|p1a: Great Tusk|def|1
|-unboost|p1a: Great Tusk|spd|1
|faint|p2a: Heatran
|
|upkeep
|
|t:|1758283630
|switch|p2a: Lokix|Lokix, M|100/100
|turn|2
|
|t:|1758283637
|move|p1a: Great Tusk|Stealth Rock|p2a: Lokix
|-sidestart|p2: TRANTHANHTUNG|move: Stealth Rock
|move|p2a: Lokix|Knock Off|p1a: Great Tusk
|-resisted|p1a: Great Tusk
|-damage|p1a: Great Tusk|30/100
|-damage|p2a: Lokix|84/100|[from] item: Rocky Helmet|[of] p1a: Great Tusk
|-enditem|p1a: Great Tusk|Rocky Helmet|[from] move: Knock Off|[of] p2a: Lokix
|
|upkeep
|turn|3
|
|t:|1758283662
|switch|p2a: Great Tusk|Great Tusk|100/100
|-damage|p2a: Great Tusk|98/100|[from] Stealth Rock
|move|p1a: Great Tusk|Headlong Rush|p2a: Great Tusk
|-damage|p2a: Great Tusk|62/100
|-unboost|p1a: Great Tusk|def|1
|-unboost|p1a: Great Tusk|spd|1
|
|upkeep
|turn|4
|inactive|FlowerUnacceptable has 120 seconds left.
|
|t:|1758283683
|-end|p1a: Great Tusk|Protosynthesis|[silent]
|switch|p1a: Zapdos|Zapdos-Galar|100/100
|move|p2a: Great Tusk|Ice Spinner|p1a: Zapdos
|-supereffective|p1a: Zapdos
|-crit|p1a: Zapdos
|-damage|p1a: Zapdos|1/100
|
|upkeep
|turn|5
|inactive|FlowerUnacceptable has 120 seconds left.
|
|t:|1758283701
|-end|p2a: Great Tusk|Protosynthesis|[silent]
|switch|p2a: Alomomola|Alomomola, M|100/100
|-damage|p2a: Alomomola|88/100|[from] Stealth Rock
|move|p1a: Zapdos|Brave Bird|p2a: Alomomola
|-damage|p2a: Alomomola|49/100
|-damage|p1a: Zapdos|0 fnt|[from] Recoil
|-enditem|p2a: Alomomola|Eject Button
|faint|p1a: Zapdos
|
|t:|1758283710
|switch|p2a: Raging Bolt|Raging Bolt|100/100
|-damage|p2a: Raging Bolt|88/100|[from] Stealth Rock
|
|upkeep
|
|t:|1758283717
|switch|p1a: Great Tusk|Great Tusk|30/100
|turn|6
|
|t:|1758283722
|move|p2a: Raging Bolt|Draco Meteor|p1a: Great Tusk
|-damage|p1a: Great Tusk|0 fnt
|-unboost|p2a: Raging Bolt|spa|2
|faint|p1a: Great Tusk
|-end|p1a: Great Tusk|Protosynthesis|[silent]
|
|upkeep
|
|t:|1758283740
|switch|p1a: Fezandipiti|Fezandipiti, M|100/100
|turn|7
|inactive|FlowerUnacceptable has 120 seconds left.
|inactive|TRANTHANHTUNG has 120 seconds left.
|
|t:|1758283774
|-end|p2a: Raging Bolt|Protosynthesis|[silent]
|switch|p2a: Alomomola|Alomomola, M|82/100
|-damage|p2a: Alomomola|69/100|[from] Stealth Rock
|move|p1a: Fezandipiti|Play Rough|p2a: Alomomola|[miss]
|-miss|p1a: Fezandipiti|p2a: Alomomola
|
|upkeep
|turn|8
|inactive|FlowerUnacceptable has 120 seconds left.
|
|t:|1758283780
|move|p1a: Fezandipiti|Beat Up|p2a: Alomomola
|-damage|p2a: Alomomola|67/100
|-damage|p2a: Alomomola|65/100
|-crit|p2a: Alomomola
|-damage|p2a: Alomomola|62/100
|-damage|p2a: Alomomola|60/100
|-status|p2a: Alomomola|tox|[from] ability: Toxic Chain|[of] p1a: Fezandipiti
|-hitcount|p2a: Alomomola|4
|move|p2a: Alomomola|Wish|p2a: Alomomola
|
|-damage|p2a: Alomomola|54/100 tox|[from] psn
|upkeep
|turn|9
|inactive|FlowerUnacceptable has 120 seconds left.
|
|t:|1758283794
|move|p1a: Fezandipiti|Play Rough|p2a: Alomomola
|-crit|p2a: Alomomola
|-damage|p2a: Alomomola|25/100 tox
|move|p2a: Alomomola|Flip Turn|p1a: Fezandipiti
|-damage|p1a: Fezandipiti|83/100
|
|t:|1758283797
|switch|p2a: Great Tusk|Great Tusk|62/100|[from] Flip Turn
|-damage|p2a: Great Tusk|59/100|[from] Stealth Rock
|
|-heal|p2a: Great Tusk|100/100|[from] move: Wish|[wisher] Alomomola
|upkeep
|turn|10
|
|t:|1758283803
|switch|p1a: Rotom|Rotom-Wash|100/100
|move|p2a: Great Tusk|Rapid Spin|p1a: Rotom
|-damage|p1a: Rotom|85/100
|-boost|p2a: Great Tusk|spe|1
|-sideend|p2: TRANTHANHTUNG|Stealth Rock|[from] move: Rapid Spin|[of] p2a: Great Tusk
|
|-heal|p1a: Rotom|92/100|[from] item: Leftovers
|upkeep
|turn|11
|
|t:|1758283810
|-end|p2a: Great Tusk|Protosynthesis|[silent]
|switch|p2a: Raging Bolt|Raging Bolt|88/100
|move|p1a: Rotom|Hydro Pump|p2a: Raging Bolt
|-resisted|p2a: Raging Bolt
|-damage|p2a: Raging Bolt|69/100
|
|-heal|p1a: Rotom|98/100|[from] item: Leftovers
|upkeep
|turn|12
|
|t:|1758283818
|switch|p1a: Fezandipiti|Fezandipiti, M|83/100
|move|p2a: Raging Bolt|Volt Switch|p1a: Fezandipiti
|-damage|p1a: Fezandipiti|60/100
|
|t:|1758283825
|-end|p2a: Raging Bolt|Protosynthesis|[silent]
|switch|p2a: Great Tusk|Great Tusk|100/100|[from] Volt Switch
|
|upkeep
|turn|13
|
|t:|1758283835
|switch|p1a: Rotom|Rotom-Wash|98/100
|move|p2a: Great Tusk|Headlong Rush|p1a: Rotom
|-immune|p1a: Rotom|[from] ability: Levitate
|
|-heal|p1a: Rotom|100/100|[from] item: Leftovers
|upkeep
|turn|14
|
|t:|1758283844
|-end|p2a: Great Tusk|Protosynthesis|[silent]
|switch|p2a: Raging Bolt|Raging Bolt|69/100
|move|p1a: Rotom|Volt Switch|p2a: Raging Bolt
|-resisted|p2a: Raging Bolt
|-damage|p2a: Raging Bolt|63/100
|
|t:|1758283852
|switch|p1a: Fezandipiti|Fezandipiti, M|60/100|[from] Volt Switch
|
|upkeep
|turn|15
|
|t:|1758283856
|move|p2a: Raging Bolt|Volt Switch|p1a: Fezandipiti
|-damage|p1a: Fezandipiti|35/100
|
|t:|1758283859
|-end|p2a: Raging Bolt|Protosynthesis|[silent]
|switch|p2a: Alomomola|Alomomola, M|58/100 tox|[from] Volt Switch
|move|p1a: Fezandipiti|Roost|p1a: Fezandipiti
|-heal|p1a: Fezandipiti|85/100
|-singleturn|p1a: Fezandipiti|move: Roost
|
|-damage|p2a: Alomomola|52/100 tox|[from] psn
|upkeep
|turn|16
|
|t:|1758283878
|switch|p1a: Rotom|Rotom-Wash|100/100
|move|p2a: Alomomola|Flip Turn|p1a: Rotom
|-resisted|p1a: Rotom
|-damage|p1a: Rotom|94/100
|
|t:|1758283892
|switch|p2a: Raging Bolt|Raging Bolt|63/100|[from] Flip Turn
|
|-heal|p1a: Rotom|99/100|[from] item: Leftovers
|upkeep
|turn|17
|
|t:|1758283898
|move|p2a: Raging Bolt|Volt Switch|p1a: Rotom
|-damage|p1a: Rotom|58/100
|
|t:|1758283902
|-end|p2a: Raging Bolt|Protosynthesis|[silent]
|switch|p2a: Hatterene|Hatterene, F|100/100|[from] Volt Switch
|move|p1a: Rotom|Volt Switch|p2a: Hatterene
|-damage|p2a: Hatterene|88/100
|
|t:|1758283908
|switch|p1a: Fezandipiti|Fezandipiti, M|85/100|[from] Volt Switch
|
|upkeep
|turn|18
|
|t:|1758283914
|-terastallize|p2a: Hatterene|Poison
|move|p1a: Fezandipiti|Beat Up|p2a: Hatterene
|-damage|p2a: Hatterene|84/100
|-damage|p2a: Hatterene|79/100
|-damage|p2a: Hatterene|76/100
|-damage|p2a: Hatterene|73/100
|-hitcount|p2a: Hatterene|4
|move|p2a: Hatterene|Nuzzle|p1a: Fezandipiti
|-crit|p1a: Fezandipiti
|-damage|p1a: Fezandipiti|78/100
|-status|p1a: Fezandipiti|par
|
|upkeep
|turn|19
|
|t:|1758283928
|move|p1a: Fezandipiti|U-turn|p2a: Hatterene
|-resisted|p2a: Hatterene
|-damage|p2a: Hatterene|64/100
|
|t:|1758283934
|switch|p1a: Gholdengo|Gholdengo|100/100|[from] U-turn
|-item|p1a: Gholdengo|Air Balloon
|move|p2a: Hatterene|Psychic Noise|p1a: Gholdengo
|-resisted|p1a: Gholdengo
|-damage|p1a: Gholdengo|85/100
|-start|p1a: Gholdengo|move: Heal Block
|-enditem|p1a: Gholdengo|Air Balloon
|
|upkeep
|turn|20
|
|t:|1758283949
|move|p1a: Gholdengo|Make It Rain|p2a: Hatterene
|-damage|p2a: Hatterene|34/100
|-unboost|p1a: Gholdengo|spa|1
|move|p2a: Hatterene|Nuzzle|p1a: Gholdengo
|-damage|p1a: Gholdengo|83/100
|-status|p1a: Gholdengo|par
|
|-end|p1a: Gholdengo|move: Heal Block
|upkeep
|turn|21
|
|t:|1758283957
|switch|p1a: Fezandipiti|Fezandipiti, M|78/100 par
|switch|p2a: Alomomola|Alomomola, M|85/100 tox
|
|-damage|p2a: Alomomola|79/100 tox|[from] psn
|upkeep
|turn|22
|
|t:|1758283970
|move|p1a: Fezandipiti|U-turn|p2a: Alomomola
|-crit|p2a: Alomomola
|-damage|p2a: Alomomola|63/100 tox
|
|t:|1758283973
|switch|p1a: Gholdengo|Gholdengo|83/100 par|[from] U-turn
|move|p2a: Alomomola|Wish|p2a: Alomomola
|
|-damage|p2a: Alomomola|51/100 tox|[from] psn
|upkeep
|turn|23
|
|t:|1758283977
|switch|p2a: Raging Bolt|Raging Bolt|63/100
|move|p1a: Gholdengo|Nasty Plot|p1a: Gholdengo
|-boost|p1a: Gholdengo|spa|2
|
|-heal|p2a: Raging Bolt|100/100|[from] move: Wish|[wisher] Alomomola
|upkeep
|turn|24
|
|t:|1758283990
|move|p2a: Raging Bolt|Thunderbolt|p1a: Gholdengo
|-damage|p1a: Gholdengo|32/100 par
|move|p1a: Gholdengo|Recover|p1a: Gholdengo
|-heal|p1a: Gholdengo|82/100 par
|
|upkeep
|turn|25
|
|t:|1758283997
|move|p2a: Raging Bolt|Thunderbolt|p1a: Gholdengo
|-damage|p1a: Gholdengo|33/100 par
|move|p1a: Gholdengo|Shadow Ball|p2a: Raging Bolt
|-damage|p2a: Raging Bolt|31/100
|-unboost|p2a: Raging Bolt|spd|1
|
|upkeep
|turn|26
|inactive|FlowerUnacceptable has 120 seconds left.
|
|t:|1758284029
|move|p2a: Raging Bolt|Thunderbolt|p1a: Gholdengo
|-damage|p1a: Gholdengo|0 fnt
|faint|p1a: Gholdengo
|
|upkeep
|
|t:|1758284030
|switch|p1a: Dragonite|Dragonite, F|100/100
|turn|27
|
|t:|1758284036
|-end|p2a: Raging Bolt|Protosynthesis|[silent]
|switch|p2a: Great Tusk|Great Tusk|100/100
|move|p1a: Dragonite|Dragon Dance|p1a: Dragonite
|-boost|p1a: Dragonite|atk|1
|-boost|p1a: Dragonite|spe|1
|
|upkeep
|turn|28
|inactive|FlowerUnacceptable has 120 seconds left.
|
|t:|1758284057
|-terastallize|p1a: Dragonite|Normal
|move|p1a: Dragonite|Dragon Dance|p1a: Dragonite
|-boost|p1a: Dragonite|atk|1
|-boost|p1a: Dragonite|spe|1
|move|p2a: Great Tusk|Rapid Spin|p1a: Dragonite
|-damage|p1a: Dragonite|92/100
|-boost|p2a: Great Tusk|spe|1
|
|upkeep
|turn|29
|inactive|FlowerUnacceptable has 120 seconds left.
|
|t:|1758284069
|move|p1a: Dragonite|Dragon Dance|p1a: Dragonite
|-boost|p1a: Dragonite|atk|1
|-boost|p1a: Dragonite|spe|1
|move|p2a: Great Tusk|Close Combat|p1a: Dragonite
|-supereffective|p1a: Dragonite
|-damage|p1a: Dragonite|0 fnt
|-unboost|p2a: Great Tusk|def|1
|-unboost|p2a: Great Tusk|spd|1
|faint|p1a: Dragonite
|
|upkeep
|inactive|FlowerUnacceptable has 120 seconds left.
|-message|FlowerUnacceptable forfeited.
|
|win|TRANTHANHTUNG
|raw|FlowerUnacceptable's rating: 1331 &rarr; <strong>1315</strong><br />(-16 for losing)
|raw|TRANTHANHTUNG's rating: 1406 &rarr; <strong>1422</strong><br />(+16 for winning)
|l|☆FlowerUnacceptable
|player|p1|
|l|☆TRANTHANHTUNG
|player|p2|
