|j|☆Frogsage
|j|☆Zcu3
|t:|1758315956
|gametype|singles
|player|p1|Frogsage|169|1171
|player|p2|Zcu3|alder|1155
|gen|9
|tier|[Gen 9] OU
|rated|
|rule|HP Percentage Mod: HP is shown in percentages
|rule|Endless Battle Clause: Forcing endless battles is banned
|rule|Species Clause: Limit one of each Pokémon
|rule|OHKO Clause: OHKO moves are banned
|rule|Evasion Items Clause: Evasion items are banned
|rule|Evasion Moves Clause: Evasion moves are banned
|rule|Evasion Abilities Clause: Evasion abilities are banned
|rule|Sleep Moves Clause: Sleep-inducing moves are banned
|clearpoke
|poke|p1|Ting-Lu|
|poke|p1|Gholdengo|
|poke|p1|Tentacruel, M|
|poke|p1|Ceruledge, M|
|poke|p1|Zapdos|
|poke|p1|Garganacl, F|
|poke|p2|Porygon-Z|
|poke|p2|Avalugg-Hisui, M|
|poke|p2|Coalossal, M|
|poke|p2|Sinistcha-Masterpiece|
|poke|p2|Primeape, F|
|poke|p2|Crawdaunt, F|
|teampreview
|
|t:|1758315962
|teamsize|p1|6
|teamsize|p2|6
|start
|switch|p1a: Zapdos|Zapdos|100/100
|switch|p2a: Avalugg|Avalugg-Hisui, M|100/100
|turn|1
|
|t:|1758315973
|switch|p1a: Tentacruel|Tentacruel, M|100/100
|move|p2a: Avalugg|Rapid Spin|p1a: Tentacruel
|-damage|p1a: Tentacruel|74/100
|-boost|p2a: Avalugg|spe|1
|
|-heal|p1a: Tentacruel|80/100|[from] item: Black Sludge
|upkeep
|turn|2
|
|t:|1758315983
|move|p1a: Tentacruel|Chilling Water|p2a: Avalugg
|-supereffective|p2a: Avalugg
|-damage|p2a: Avalugg|22/100
|-unboost|p2a: Avalugg|atk|1
|move|p2a: Avalugg|Rock Blast|p1a: Tentacruel
|-damage|p1a: Tentacruel|65/100
|-damage|p1a: Tentacruel|50/100
|-damage|p1a: Tentacruel|35/100
|-damage|p1a: Tentacruel|20/100
|-crit|p1a: Tentacruel
|-damage|p1a: Tentacruel|0 fnt
|faint|p1a: Tentacruel
|-hitcount|p1: Tentacruel|5
|
|upkeep
|
|t:|1758316007
|switch|p1a: Gholdengo|Gholdengo|100/100
|turn|3
|
|t:|1758316014
|move|p1a: Gholdengo|Shadow Ball|p2a: Avalugg
|-damage|p2a: Avalugg|0 fnt
|faint|p2a: Avalugg
|
|upkeep
|inactive|Battle timer is ON: inactive players will automatically lose when time's up. (requested by Frogsage)
|
|t:|1758316053
|switch|p2a: Crawdaunt|Crawdaunt, F|100/100
|turn|4
|
|t:|1758316081
|switch|p1a: Zapdos|Zapdos|100/100
|move|p2a: Crawdaunt|Dragon Dance|p2a: Crawdaunt
|-boost|p2a: Crawdaunt|atk|1
|-boost|p2a: Crawdaunt|spe|1
|
|upkeep
|turn|5
|inactive|Frogsage has 120 seconds left.
|
|t:|1758316102
|move|p2a: Crawdaunt|Crabhammer|p1a: Zapdos
|-damage|p1a: Zapdos|5/100
|-status|p2a: Crawdaunt|par|[from] ability: Static|[of] p1a: Zapdos
|move|p1a: Zapdos|Discharge|p2a: Crawdaunt
|-supereffective|p2a: Crawdaunt
|-enditem|p2a: Crawdaunt|Focus Sash
|-damage|p2a: Crawdaunt|1/100 par
|
|upkeep
|turn|6
|inactive|Frogsage has 120 seconds left.
|
|t:|1758316114
|move|p2a: Crawdaunt|Aqua Jet|p1a: Zapdos
|-damage|p1a: Zapdos|0 fnt
|faint|p1a: Zapdos
|
|upkeep
|
|t:|1758316117
|switch|p1a: Ceruledge|Ceruledge, M|100/100
|turn|7
|
|t:|1758316130
|move|p1a: Ceruledge|Shadow Sneak|p2a: Crawdaunt
|-resisted|p2a: Crawdaunt
|-damage|p2a: Crawdaunt|0 fnt
|faint|p2a: Crawdaunt
|
|upkeep
|
|t:|1758316141
|switch|p2a: Coalossal|Coalossal, M, shiny|100/100
|turn|8
|
|t:|1758316155
|switch|p1a: Ting-Lu|Ting-Lu|100/100
|-ability|p1a: Ting-Lu|Vessel of Ruin
|move|p2a: Coalossal|Scald|p1a: Ting-Lu
|-supereffective|p1a: Ting-Lu
|-damage|p1a: Ting-Lu|82/100
|-status|p1a: Ting-Lu|brn
|
|-damage|p1a: Ting-Lu|76/100 brn|[from] brn
|upkeep
|turn|9
|inactive|Frogsage has 120 seconds left.
|
|t:|1758316206
|move|p1a: Ting-Lu|Stealth Rock|p2a: Coalossal
|-sidestart|p2: Zcu3|move: Stealth Rock
|move|p2a: Coalossal|Scald|p1a: Ting-Lu
|-supereffective|p1a: Ting-Lu
|-damage|p1a: Ting-Lu|57/100 brn
|
|-damage|p1a: Ting-Lu|50/100 brn|[from] brn
|upkeep
|turn|10
|inactive|Frogsage has 90 seconds left.
|
|t:|1758316230
|move|p1a: Ting-Lu|Spikes|p2a: Coalossal
|-sidestart|p2: Zcu3|Spikes
|move|p2a: Coalossal|Rapid Spin|p1a: Ting-Lu
|-damage|p1a: Ting-Lu|46/100 brn
|-boost|p2a: Coalossal|spe|1
|-damage|p2a: Coalossal|84/100|[from] item: Rocky Helmet|[of] p1a: Ting-Lu
|-sideend|p2: Zcu3|Spikes|[from] move: Rapid Spin|[of] p2a: Coalossal
|-sideend|p2: Zcu3|Stealth Rock|[from] move: Rapid Spin|[of] p2a: Coalossal
|
|-damage|p1a: Ting-Lu|40/100 brn|[from] brn
|upkeep
|turn|11
|inactive|Frogsage has 90 seconds left.
|
|t:|1758316247
|move|p2a: Coalossal|Scald|p1a: Ting-Lu
|-supereffective|p1a: Ting-Lu
|-damage|p1a: Ting-Lu|21/100 brn
|move|p1a: Ting-Lu|Whirlwind|p2a: Coalossal
|drag|p2a: Porygon-Z|Porygon-Z|100/100
|
|-damage|p1a: Ting-Lu|14/100 brn|[from] brn
|upkeep
|turn|12
|
|t:|1758316266
|move|p2a: Porygon-Z|Ice Beam|p1a: Ting-Lu
|-supereffective|p1a: Ting-Lu
|-damage|p1a: Ting-Lu|0 fnt
|faint|p1a: Ting-Lu
|
|upkeep
|
|t:|1758316286
|switch|p1a: Ceruledge|Ceruledge, M|100/100
|turn|13
|inactive|Frogsage has 60 seconds left.
|
|t:|1758316310
|move|p1a: Ceruledge|Swords Dance|p1a: Ceruledge
|-boost|p1a: Ceruledge|atk|2
|move|p2a: Porygon-Z|Agility|p2a: Porygon-Z
|-boost|p2a: Porygon-Z|spe|2
|
|upkeep
|turn|14
|inactive|Frogsage has 60 seconds left.
|
|t:|1758316328
|move|p2a: Porygon-Z|Thunderbolt|p1a: Ceruledge
|-damage|p1a: Ceruledge|60/100
|move|p1a: Ceruledge|Bitter Blade|p2a: Porygon-Z
|-enditem|p2a: Porygon-Z|Focus Sash
|-damage|p2a: Porygon-Z|1/100
|-heal|p1a: Ceruledge|100/100|[from] drain|[of] p2a: Porygon-Z
|
|upkeep
|turn|15
|
|t:|1758316339
|move|p2a: Porygon-Z|Thunderbolt|p1a: Ceruledge
|-damage|p1a: Ceruledge|58/100
|move|p1a: Ceruledge|Bitter Blade|p2a: Porygon-Z
|-damage|p2a: Porygon-Z|0 fnt
|-heal|p1a: Ceruledge|59/100|[from] drain|[of] p2a: Porygon-Z
|faint|p2a: Porygon-Z
|
|upkeep
|
|t:|1758316350
|switch|p2a: Coalossal|Coalossal, M, shiny|84/100
|turn|16
|inactive|Frogsage has 60 seconds left.
|
|t:|1758316359
|move|p1a: Ceruledge|Poltergeist|p2a: Coalossal
|-activate|p2a: Coalossal|move: Poltergeist|Assault Vest
|-damage|p2a: Coalossal|27/100
|move|p2a: Coalossal|Scald|p1a: Ceruledge
|-supereffective|p1a: Ceruledge
|-crit|p1a: Ceruledge
|-damage|p1a: Ceruledge|4/100
|-enditem|p1a: Ceruledge|Weakness Policy
|-boost|p1a: Ceruledge|atk|2|[from] item: Weakness Policy
|-boost|p1a: Ceruledge|spa|2|[from] item: Weakness Policy
|
|upkeep
|turn|17
|inactive|Frogsage has 60 seconds left.
|inactive|Zcu3 has 120 seconds left.
|
|t:|1758316403
|move|p1a: Ceruledge|Poltergeist|p2a: Coalossal|[miss]
|-miss|p1a: Ceruledge|p2a: Coalossal
|move|p2a: Coalossal|Fire Blast|p1a: Ceruledge
|-resisted|p1a: Ceruledge
|-damage|p1a: Ceruledge|0 fnt
|faint|p1a: Ceruledge
|
|upkeep
|
|t:|1758316431
|switch|p1a: Garganacl|Garganacl, F|100/100
|turn|18
|inactive|Zcu3 has 120 seconds left.
|inactive|Frogsage has 30 seconds left.
|
|t:|1758316454
|move|p1a: Garganacl|Salt Cure|p2a: Coalossal
|-supereffective|p2a: Coalossal
|-damage|p2a: Coalossal|10/100
|-start|p2a: Coalossal|Salt Cure
|move|p2a: Coalossal|Scald|p1a: Garganacl
|-supereffective|p1a: Garganacl
|-damage|p1a: Garganacl|72/100
|
|-heal|p1a: Garganacl|78/100|[from] item: Leftovers
|-damage|p2a: Coalossal|0 fnt|[from] Salt Cure
|faint|p2a: Coalossal
|upkeep
|
|t:|1758316467
|switch|p2a: Primeape|Primeape, F|100/100
|turn|19
|inactive|Frogsage has 30 seconds left.
|
|t:|1758316484
|-terastallize|p1a: Garganacl|Ghost
|move|p2a: Primeape|Bulk Up|p2a: Primeape
|-boost|p2a: Primeape|atk|1
|-boost|p2a: Primeape|def|1
|move|p1a: Garganacl|Salt Cure|p2a: Primeape
|-resisted|p2a: Primeape
|-damage|p2a: Primeape|95/100
|-start|p2a: Primeape|Salt Cure
|
|-heal|p1a: Garganacl|84/100|[from] item: Leftovers
|-damage|p2a: Primeape|83/100|[from] Salt Cure
|upkeep
|turn|20
|inactive|Frogsage has 30 seconds left.
|inactive|Frogsage has 20 seconds left.
|
|t:|1758316509
|move|p2a: Primeape|Bulk Up|p2a: Primeape
|-boost|p2a: Primeape|atk|1
|-boost|p2a: Primeape|def|1
|move|p1a: Garganacl|Block|p2a: Primeape
|-activate|p2a: Primeape|trapped
|
|-heal|p1a: Garganacl|90/100|[from] item: Leftovers
|-damage|p2a: Primeape|71/100|[from] Salt Cure
|upkeep
|turn|21
|inactive|Frogsage has 30 seconds left this turn.
|inactive|Frogsage has 20 seconds left.
|
|t:|1758316522
|move|p1a: Garganacl|Protect|p1a: Garganacl
|-singleturn|p1a: Garganacl|Protect
|move|p2a: Primeape|Rage Fist|p1a: Garganacl
|-activate|p1a: Garganacl|move: Protect
|
|-heal|p1a: Garganacl|97/100|[from] item: Leftovers
|-damage|p2a: Primeape|59/100|[from] Salt Cure
|upkeep
|turn|22
|inactive|Frogsage has 30 seconds left this turn.
|inactive|Frogsage has 20 seconds left.
|inactive|Frogsage has 15 seconds left.
|inactive|Frogsage has 10 seconds left.
|
|t:|1758316546
|move|p2a: Primeape|Rage Fist|p1a: Garganacl
|-supereffective|p1a: Garganacl
|-damage|p1a: Garganacl|70/100
|move|p1a: Garganacl|Salt Cure|p2a: Primeape
|-resisted|p2a: Primeape
|-damage|p2a: Primeape|55/100
|
|-heal|p1a: Garganacl|76/100|[from] item: Leftovers
|-damage|p2a: Primeape|43/100|[from] Salt Cure
|upkeep
|turn|23
|inactive|Frogsage has 20 seconds left this turn.
|inactive|Frogsage has 15 seconds left.
|inactive|Frogsage has 10 seconds left.
|
|t:|1758316557
|move|p2a: Primeape|Rage Fist|p1a: Garganacl
|-supereffective|p1a: Garganacl
|-damage|p1a: Garganacl|37/100
|move|p1a: Garganacl|Recover|p1a: Garganacl
|-heal|p1a: Garganacl|87/100
|
|-heal|p1a: Garganacl|93/100|[from] item: Leftovers
|-damage|p2a: Primeape|30/100|[from] Salt Cure
|upkeep
|turn|24
|inactive|Frogsage has 20 seconds left this turn.
|inactive|Frogsage has 15 seconds left.
|inactive|Frogsage has 10 seconds left.
|
|t:|1758316569
|move|p2a: Primeape|Bulk Up|p2a: Primeape
|-boost|p2a: Primeape|atk|1
|-boost|p2a: Primeape|def|1
|move|p1a: Garganacl|Recover|p1a: Garganacl
|-heal|p1a: Garganacl|100/100
|
|-damage|p2a: Primeape|18/100|[from] Salt Cure
|upkeep
|turn|25
|inactive|Frogsage has 20 seconds left this turn.
|inactive|Frogsage has 15 seconds left.
|inactive|Frogsage has 10 seconds left.
|
|t:|1758316582
|move|p1a: Garganacl|Protect|p1a: Garganacl
|-singleturn|p1a: Garganacl|Protect
|move|p2a: Primeape|Rage Fist|p1a: Garganacl
|-activate|p1a: Garganacl|move: Protect
|
|-damage|p2a: Primeape|6/100|[from] Salt Cure
|upkeep
|turn|26
|inactive|Frogsage has 20 seconds left this turn.
|inactive|Frogsage has 15 seconds left.
|inactive|Frogsage has 10 seconds left.
|
|t:|1758316595
|move|p2a: Primeape|Rage Fist|p1a: Garganacl
|-supereffective|p1a: Garganacl
|-damage|p1a: Garganacl|51/100
|move|p1a: Garganacl|Recover|p1a: Garganacl
|-heal|p1a: Garganacl|100/100
|
|-damage|p2a: Primeape|0 fnt|[from] Salt Cure
|faint|p2a: Primeape
|upkeep
|
|t:|1758316601
|switch|p2a: Sinistcha|Sinistcha-Masterpiece, shiny|100/100
|turn|27
|inactive|Frogsage has 25 seconds left this turn.
|inactive|Frogsage has 20 seconds left.
|inactive|Frogsage has 15 seconds left.
|
|t:|1758316611
|move|p2a: Sinistcha|Calm Mind|p2a: Sinistcha
|-boost|p2a: Sinistcha|spa|1
|-boost|p2a: Sinistcha|spd|1
|move|p1a: Garganacl|Salt Cure|p2a: Sinistcha
|-damage|p2a: Sinistcha|91/100
|-start|p2a: Sinistcha|Salt Cure
|
|-damage|p2a: Sinistcha|79/100|[from] Salt Cure
|upkeep
|turn|28
|inactive|Frogsage has 25 seconds left this turn.
|inactive|Frogsage has 20 seconds left.
|inactive|Frogsage has 15 seconds left.
|inactive|Frogsage has 10 seconds left.
|
|t:|1758316627
|move|p1a: Garganacl|Protect|p1a: Garganacl
|-singleturn|p1a: Garganacl|Protect
|move|p2a: Sinistcha|Calm Mind|p2a: Sinistcha
|-boost|p2a: Sinistcha|spa|1
|-boost|p2a: Sinistcha|spd|1
|
|-damage|p2a: Sinistcha|66/100|[from] Salt Cure
|upkeep
|turn|29
|inactive|Frogsage has 20 seconds left this turn.
|inactive|Frogsage has 15 seconds left.
|inactive|Frogsage has 10 seconds left.
|
|t:|1758316639
|move|p1a: Garganacl|Protect||[still]
|-fail|p1a: Garganacl
|move|p2a: Sinistcha|Matcha Gotcha|p1a: Garganacl
|-damage|p1a: Garganacl|42/100
|-heal|p2a: Sinistcha|99/100|[from] drain|[of] p1a: Garganacl
|
|-heal|p1a: Garganacl|49/100|[from] item: Leftovers
|-damage|p2a: Sinistcha|88/100|[from] Salt Cure
|upkeep
|turn|30
|inactive|Frogsage has 20 seconds left this turn.
|inactive|Frogsage has 15 seconds left.
|inactive|Frogsage has 10 seconds left.
|inactive|Frogsage has 5 seconds left.
|
|t:|1758316655
|move|p2a: Sinistcha|Calm Mind|p2a: Sinistcha
|-boost|p2a: Sinistcha|spa|1
|-boost|p2a: Sinistcha|spd|1
|move|p1a: Garganacl|Recover|p1a: Garganacl
|-heal|p1a: Garganacl|99/100
|
|-heal|p1a: Garganacl|100/100|[from] item: Leftovers
|-damage|p2a: Sinistcha|75/100|[from] Salt Cure
|upkeep
|turn|31
|inactive|Frogsage has 15 seconds left this turn.
|inactive|Frogsage has 10 seconds left.
|
|t:|1758316665
|move|p2a: Sinistcha|Calm Mind|p2a: Sinistcha
|-boost|p2a: Sinistcha|spa|1
|-boost|p2a: Sinistcha|spd|1
|move|p1a: Garganacl|Salt Cure|p2a: Sinistcha
|-damage|p2a: Sinistcha|66/100
|
|-damage|p2a: Sinistcha|53/100|[from] Salt Cure
|upkeep
|turn|32
|inactive|Frogsage has 20 seconds left this turn.
|inactive|Frogsage has 15 seconds left.
|inactive|Frogsage has 10 seconds left.
|
|t:|1758316677
|move|p1a: Garganacl|Protect|p1a: Garganacl
|-singleturn|p1a: Garganacl|Protect
|move|p2a: Sinistcha|Matcha Gotcha|p1a: Garganacl
|-activate|p1a: Garganacl|move: Protect
|
|-damage|p2a: Sinistcha|41/100|[from] Salt Cure
|upkeep
|turn|33
|inactive|Frogsage has 20 seconds left this turn.
|inactive|Frogsage has 15 seconds left.
|inactive|Frogsage has 10 seconds left.
|
|t:|1758316688
|move|p2a: Sinistcha|Matcha Gotcha|p1a: Garganacl
|-damage|p1a: Garganacl|10/100
|-heal|p2a: Sinistcha|94/100|[from] drain|[of] p1a: Garganacl
|move|p1a: Garganacl|Salt Cure|p2a: Sinistcha
|-damage|p2a: Sinistcha|85/100
|
|-heal|p1a: Garganacl|17/100|[from] item: Leftovers
|-damage|p2a: Sinistcha|72/100|[from] Salt Cure
|upkeep
|turn|34
|inactive|Frogsage has 20 seconds left this turn.
|inactive|Frogsage has 15 seconds left.
|inactive|Frogsage has 10 seconds left.
|inactive|Frogsage has 5 seconds left.
|
|t:|1758316705
|move|p2a: Sinistcha|Matcha Gotcha|p1a: Garganacl|[miss]
|-miss|p2a: Sinistcha|p1a: Garganacl
|move|p1a: Garganacl|Recover|p1a: Garganacl
|-heal|p1a: Garganacl|67/100
|
|-heal|p1a: Garganacl|73/100|[from] item: Leftovers
|-damage|p2a: Sinistcha|60/100|[from] Salt Cure
|upkeep
|turn|35
|inactive|Frogsage has 15 seconds left this turn.
|inactive|Frogsage has 10 seconds left.
|inactive|Frogsage has 5 seconds left.
|
|t:|1758316716
|move|p1a: Garganacl|Protect|p1a: Garganacl
|-singleturn|p1a: Garganacl|Protect
|move|p2a: Sinistcha|Matcha Gotcha|p1a: Garganacl
|-activate|p1a: Garganacl|move: Protect
|
|-heal|p1a: Garganacl|79/100|[from] item: Leftovers
|-damage|p2a: Sinistcha|47/100|[from] Salt Cure
|upkeep
|turn|36
|inactive|Frogsage has 15 seconds left this turn.
|inactive|Frogsage has 10 seconds left.
|inactive|Frogsage has 5 seconds left.
|
|t:|1758316726
|move|p2a: Sinistcha|Matcha Gotcha|p1a: Garganacl
|-damage|p1a: Garganacl|0 fnt
|-heal|p2a: Sinistcha|93/100|[from] drain|[of] p1a: Garganacl
|faint|p1a: Garganacl
|
|-damage|p2a: Sinistcha|81/100|[from] Salt Cure
|upkeep
|inactive|Frogsage has 10 seconds left this turn.
|inactive|Frogsage has 5 seconds left.
|-message|Frogsage forfeited.
|
|win|Zcu3
|raw|Frogsage's rating: 1171 &rarr; <strong>1145</strong><br />(-26 for losing)
|raw|Zcu3's rating: 1155 &rarr; <strong>1181</strong><br />(+26 for winning)
|l|☆Frogsage
|player|p1|
|l|☆Zcu3
|player|p2|
