|j|☆notmeezo
|j|☆Deus3xMachina
|t:|1758294813
|gametype|singles
|player|p1|notmeezo|lucas|1360
|player|p2|Deus3xMachina|rika|1369
|gen|9
|tier|[Gen 9] OU
|rated|
|rule|HP Percentage Mod: HP is shown in percentages
|rule|Endless Battle Clause: Forcing endless battles is banned
|rule|Species Clause: Limit one of each Pokémon
|rule|OHKO Clause: OHKO moves are banned
|rule|Evasion Items Clause: Evasion items are banned
|rule|Evasion Moves Clause: Evasion moves are banned
|rule|Evasion Abilities Clause: Evasion abilities are banned
|rule|Sleep Moves Clause: Sleep-inducing moves are banned
|clearpoke
|poke|p1|Zamazenta-*|
|poke|p1|Serperior, M|
|poke|p1|Rotom-Heat|
|poke|p1|Corviknight, F|
|poke|p1|Gliscor, F|
|poke|p1|Ogerpon-Wellspring, F|
|poke|p2|Zamazenta-*|
|poke|p2|Corviknight, M|
|poke|p2|Ogerpon-Wellspring, F|
|poke|p2|Gholdengo|
|poke|p2|Enamorus, F|
|poke|p2|Raging Bolt|
|teampreview
|inactive|Battle timer is ON: inactive players will automatically lose when time's up. (requested by notmeezo)
|c|☆Deus3xMachina|glhf
|
|t:|1758294834
|teamsize|p1|6
|teamsize|p2|6
|start
|switch|p1a: Telkom|Rotom-Heat|100/100
|switch|p2a: Stakes Is High|Gholdengo|100/100
|turn|1
|inactive|Deus3xMachina has 120 seconds left.
|
|t:|1758294874
|switch|p2a: Shwingalokate|Raging Bolt|100/100
|move|p1a: Telkom|Overheat|p2a: Shwingalokate
|-resisted|p2a: Shwingalokate
|-damage|p2a: Shwingalokate|71/100
|-unboost|p1a: Telkom|spa|2
|
|-heal|p2a: Shwingalokate|77/100|[from] item: Leftovers
|upkeep
|turn|2
|inactive|Deus3xMachina has 120 seconds left.
|
|t:|1758294903
|switch|p1a: Pinch|Gliscor, F|100/100
|move|p2a: Shwingalokate|Dragon Pulse|p1a: Pinch
|-damage|p1a: Pinch|50/100
|
|-heal|p2a: Shwingalokate|84/100|[from] item: Leftovers
|-status|p1a: Pinch|tox|[from] item: Toxic Orb
|upkeep
|turn|3
|inactive|Deus3xMachina has 120 seconds left.
|
|t:|1758294918
|-end|p2a: Shwingalokate|Protosynthesis|[silent]
|switch|p2a: Jenifa|Enamorus, F|100/100
|move|p1a: Pinch|Protect||[still]
|-fail|p1a: Pinch
|
|-heal|p1a: Pinch|62/100 tox|[from] ability: Poison Heal
|upkeep
|turn|4
|
|t:|1758294940
|move|p2a: Jenifa|Moonblast|p1a: Pinch
|-damage|p1a: Pinch|15/100 tox
|move|p1a: Pinch|Toxic|p2a: Jenifa
|-status|p2a: Jenifa|tox
|
|-damage|p2a: Jenifa|94/100 tox|[from] psn
|-heal|p1a: Pinch|28/100 tox|[from] ability: Poison Heal
|upkeep
|turn|5
|
|t:|1758294954
|switch|p1a: Telkom|Rotom-Heat|100/100
|move|p2a: Jenifa|Moonblast|p1a: Telkom
|-resisted|p1a: Telkom
|-damage|p1a: Telkom|67/100
|
|-damage|p2a: Jenifa|82/100 tox|[from] psn
|upkeep
|turn|6
|
|t:|1758294959
|switch|p2a: Shwingalokate|Raging Bolt|84/100
|move|p1a: Telkom|Volt Switch|p2a: Shwingalokate
|-resisted|p2a: Shwingalokate
|-damage|p2a: Shwingalokate|76/100
|
|t:|1758294969
|switch|p1a: Shield|Zamazenta|100/100|[from] Volt Switch
|-ability|p1a: Shield|Dauntless Shield|boost
|-boost|p1a: Shield|def|1
|
|-heal|p2a: Shwingalokate|83/100|[from] item: Leftovers
|upkeep
|turn|7
|
|t:|1758294981
|move|p1a: Shield|Ice Fang|p2a: Shwingalokate
|-supereffective|p2a: Shwingalokate
|-damage|p2a: Shwingalokate|48/100
|-status|p2a: Shwingalokate|frz
|cant|p2a: Shwingalokate|frz
|
|-heal|p2a: Shwingalokate|54/100 frz|[from] item: Leftovers
|upkeep
|turn|8
|c|☆Deus3xMachina|okay
|
|t:|1758294989
|-end|p2a: Shwingalokate|Protosynthesis|[silent]
|switch|p2a: Stakes Is High|Gholdengo|100/100
|move|p1a: Shield|Iron Defense|p1a: Shield
|-boost|p1a: Shield|def|2
|
|upkeep
|turn|9
|
|t:|1758294994
|-terastallize|p2a: Stakes Is High|Fairy
|move|p2a: Stakes Is High|Dazzling Gleam|p1a: Shield
|-supereffective|p1a: Shield
|-damage|p1a: Shield|24/100
|-enditem|p1a: Shield|Aguav Berry|[eat]
|-heal|p1a: Shield|57/100|[from] item: Aguav Berry
|move|p1a: Shield|Roar|p2a: Stakes Is High
|-immune|p2a: Stakes Is High|[from] ability: Good as Gold
|
|upkeep
|turn|10
|
|t:|1758295005
|switch|p1a: Telkom|Rotom-Heat|67/100
|move|p2a: Stakes Is High|Dazzling Gleam|p1a: Telkom
|-resisted|p1a: Telkom
|-damage|p1a: Telkom|38/100
|
|upkeep
|turn|11
|
|t:|1758295010
|switch|p2a: Shwingalokate|Raging Bolt|54/100 frz
|move|p1a: Telkom|Volt Switch|p2a: Shwingalokate
|-resisted|p2a: Shwingalokate
|-damage|p2a: Shwingalokate|46/100 frz
|
|t:|1758295013
|switch|p1a: Shield|Zamazenta|57/100|[from] Volt Switch
|
|-heal|p2a: Shwingalokate|53/100 frz|[from] item: Leftovers
|upkeep
|turn|12
|
|t:|1758295020
|-end|p2a: Shwingalokate|Protosynthesis|[silent]
|switch|p2a: Stakes Is High|Gholdengo, tera:Fairy|100/100
|move|p1a: Shield|Iron Defense|p1a: Shield
|-boost|p1a: Shield|def|2
|
|upkeep
|turn|13
|
|t:|1758295029
|switch|p1a: Corviknight|Corviknight, F|100/100
|move|p2a: Stakes Is High|Dazzling Gleam|p1a: Corviknight
|-resisted|p1a: Corviknight
|-damage|p1a: Corviknight|79/100
|
|upkeep
|turn|14
|
|t:|1758295035
|switch|p2a: Co.Kane Flow|Corviknight, M|100/100
|-ability|p2a: Co.Kane Flow|Unnerve
|move|p1a: Corviknight|Defog|p2a: Co.Kane Flow
|-unboost|p2a: Co.Kane Flow|evasion|1
|
|upkeep
|turn|15
|
|t:|1758295046
|switch|p1a: Shield|Zamazenta|57/100
|move|p2a: Co.Kane Flow|U-turn|p1a: Shield
|-resisted|p1a: Shield
|-damage|p1a: Shield|51/100
|
|t:|1758295048
|switch|p2a: Stakes Is High|Gholdengo, tera:Fairy|100/100|[from] U-turn
|
|upkeep
|turn|16
|
|t:|1758295057
|switch|p1a: Corviknight|Corviknight, F|79/100
|move|p2a: Stakes Is High|Dazzling Gleam|p1a: Corviknight
|-resisted|p1a: Corviknight
|-damage|p1a: Corviknight|59/100
|
|upkeep
|turn|17
|
|t:|1758295065
|switch|p2a: Shwingalokate|Raging Bolt|53/100 frz
|move|p1a: Corviknight|Roost|p1a: Corviknight
|-heal|p1a: Corviknight|100/100
|-singleturn|p1a: Corviknight|move: Roost
|
|-heal|p2a: Shwingalokate|59/100 frz|[from] item: Leftovers
|upkeep
|turn|18
|
|t:|1758295070
|switch|p1a: Pinch|Gliscor, F|28/100 tox
|cant|p2a: Shwingalokate|frz
|
|-heal|p2a: Shwingalokate|65/100 frz|[from] item: Leftovers
|-heal|p1a: Pinch|40/100 tox|[from] ability: Poison Heal
|upkeep
|turn|19
|
|t:|1758295075
|move|p1a: Pinch|Stealth Rock|p2a: Shwingalokate
|-sidestart|p2: Deus3xMachina|move: Stealth Rock
|cant|p2a: Shwingalokate|frz
|
|-heal|p2a: Shwingalokate|71/100 frz|[from] item: Leftovers
|-heal|p1a: Pinch|53/100 tox|[from] ability: Poison Heal
|upkeep
|turn|20
|
|t:|1758295078
|move|p1a: Pinch|Earthquake|p2a: Shwingalokate
|-supereffective|p2a: Shwingalokate
|-damage|p2a: Shwingalokate|9/100 frz
|cant|p2a: Shwingalokate|frz
|
|-heal|p2a: Shwingalokate|15/100 frz|[from] item: Leftovers
|-heal|p1a: Pinch|65/100 tox|[from] ability: Poison Heal
|upkeep
|turn|21
|
|t:|1758295081
|move|p1a: Pinch|Earthquake|p2a: Shwingalokate
|-supereffective|p2a: Shwingalokate
|-damage|p2a: Shwingalokate|0 fnt
|faint|p2a: Shwingalokate
|-end|p2a: Shwingalokate|Protosynthesis|[silent]
|
|-heal|p1a: Pinch|78/100 tox|[from] ability: Poison Heal
|upkeep
|
|t:|1758295083
|switch|p2a: Saturdays|Ogerpon-Wellspring, F|100/100
|-damage|p2a: Saturdays|88/100|[from] Stealth Rock
|turn|22
|
|t:|1758295088
|switch|p1a: Corviknight|Corviknight, F|100/100
|move|p2a: Saturdays|Ivy Cudgel|p1a: Corviknight|[anim] Ivy Cudgel Water
|-damage|p1a: Corviknight|69/100
|
|upkeep
|turn|23
|
|t:|1758295093
|switch|p2a: Stakes Is High|Gholdengo, tera:Fairy|100/100
|-damage|p2a: Stakes Is High|88/100|[from] Stealth Rock
|move|p1a: Corviknight|Body Press|p2a: Stakes Is High
|-resisted|p2a: Stakes Is High
|-damage|p2a: Stakes Is High|74/100
|
|upkeep
|turn|24
|
|t:|1758295097
|move|p2a: Stakes Is High|Trick|p1a: Corviknight
|-activate|p2a: Stakes Is High|move: Trick|[of] p1a: Corviknight
|-item|p1a: Corviknight|Choice Scarf|[from] move: Trick
|-item|p2a: Stakes Is High|Rocky Helmet|[from] move: Trick
|move|p1a: Corviknight|Body Press|p2a: Stakes Is High
|-resisted|p2a: Stakes Is High
|-damage|p2a: Stakes Is High|60/100
|-damage|p1a: Corviknight|52/100|[from] item: Rocky Helmet|[of] p2a: Stakes Is High
|
|upkeep
|turn|25
|
|t:|1758295105
|switch|p1a: Pinch|Gliscor, F|78/100 tox
|move|p2a: Stakes Is High|Shadow Ball|p1a: Pinch
|-damage|p1a: Pinch|42/100 tox
|
|-heal|p1a: Pinch|54/100 tox|[from] ability: Poison Heal
|upkeep
|turn|26
|
|t:|1758295111
|switch|p2a: Co.Kane Flow|Corviknight, M|100/100
|-ability|p2a: Co.Kane Flow|Unnerve
|-damage|p2a: Co.Kane Flow|88/100|[from] Stealth Rock
|move|p1a: Pinch|Toxic|p2a: Co.Kane Flow
|-immune|p2a: Co.Kane Flow
|
|-heal|p1a: Pinch|67/100 tox|[from] ability: Poison Heal
|upkeep
|turn|27
|
|t:|1758295117
|move|p1a: Pinch|Protect|p1a: Pinch
|-singleturn|p1a: Pinch|Protect
|move|p2a: Co.Kane Flow|Defog|p1a: Pinch
|-activate|p1a: Pinch|move: Protect
|
|-heal|p1a: Pinch|79/100 tox|[from] ability: Poison Heal
|upkeep
|turn|28
|
|t:|1758295128
|switch|p1a: Fuzzy|Serperior, M|100/100
|move|p2a: Co.Kane Flow|Defog|p1a: Fuzzy
|-boost|p1a: Fuzzy|evasion|1
|-sideend|p2: Deus3xMachina|Stealth Rock|[from] move: Defog|[of] p2a: Co.Kane Flow
|
|upkeep
|turn|29
|
|t:|1758295133
|move|p1a: Fuzzy|Leaf Storm|p2a: Co.Kane Flow
|-resisted|p2a: Co.Kane Flow
|-damage|p2a: Co.Kane Flow|79/100
|-boost|p1a: Fuzzy|spa|2
|move|p2a: Co.Kane Flow|U-turn|p1a: Fuzzy
|-supereffective|p1a: Fuzzy
|-damage|p1a: Fuzzy|67/100
|
|t:|1758295157
|switch|p2a: Jenifa|Enamorus, F|82/100 tox|[from] U-turn
|
|-heal|p1a: Fuzzy|74/100|[from] item: Leftovers
|-damage|p2a: Jenifa|76/100 tox|[from] psn
|upkeep
|turn|30
|
|t:|1758295160
|-terastallize|p1a: Fuzzy|Electric
|move|p2a: Jenifa|Moonblast|p1a: Fuzzy|[miss]
|-miss|p2a: Jenifa|p1a: Fuzzy
|move|p1a: Fuzzy|Leaf Storm|p2a: Jenifa
|-resisted|p2a: Jenifa
|-damage|p2a: Jenifa|11/100 tox
|-boost|p1a: Fuzzy|spa|2
|
|-heal|p1a: Fuzzy|80/100|[from] item: Leftovers
|-damage|p2a: Jenifa|0 fnt|[from] psn
|faint|p2a: Jenifa
|upkeep
|
|t:|1758295167
|switch|p2a: Co.Kane Flow|Corviknight, M|79/100
|-ability|p2a: Co.Kane Flow|Unnerve
|turn|31
|
|t:|1758295169
|move|p1a: Fuzzy|Tera Blast|p2a: Co.Kane Flow|[anim] Tera Blast Electric
|-supereffective|p2a: Co.Kane Flow
|-damage|p2a: Co.Kane Flow|0 fnt
|faint|p2a: Co.Kane Flow
|
|-heal|p1a: Fuzzy|86/100|[from] item: Leftovers
|upkeep
|c|☆Deus3xMachina|damn
|-message|Deus3xMachina forfeited.
|
|win|notmeezo
|raw|notmeezo's rating: 1360 &rarr; <strong>1381</strong><br />(+21 for winning)
|raw|Deus3xMachina's rating: 1369 &rarr; <strong>1348</strong><br />(-21 for losing)
|l|☆Deus3xMachina
|player|p2|
|l|☆notmeezo
|player|p1|
