|j|☆Flaretoon
|j|☆jessies boyfriend
|t:|1758371855
|gametype|singles
|player|p1|Flaretoon|giovanni|1334
|player|p2|jessies boyfriend|brock|1418
|gen|9
|tier|[Gen 9] OU
|rated|
|rule|HP Percentage Mod: HP is shown in percentages
|rule|Endless Battle Clause: Forcing endless battles is banned
|rule|Species Clause: Limit one of each Pokémon
|rule|OHKO Clause: OHKO moves are banned
|rule|Evasion Items Clause: Evasion items are banned
|rule|Evasion Moves Clause: Evasion moves are banned
|rule|Evasion Abilities Clause: Evasion abilities are banned
|rule|Sleep Moves Clause: Sleep-inducing moves are banned
|clearpoke
|poke|p1|Darkrai|
|poke|p1|Dragonite, M|
|poke|p1|Iron Crown|
|poke|p1|Great Tusk|
|poke|p1|Pecharunt|
|poke|p1|Alomomola, F|
|poke|p2|Avalugg, F|
|poke|p2|Hatterene, F|
|poke|p2|Slowking-Galar, F|
|poke|p2|Ting-Lu|
|poke|p2|Greninja-*, F|
|poke|p2|Raging Bolt|
|teampreview
|
|t:|1758371867
|teamsize|p1|6
|teamsize|p2|6
|start
|switch|p1a: Iron Crown|Iron Crown|100/100
|switch|p2a: Raging Bolt|Raging Bolt|100/100
|turn|1
|inactive|Battle timer is ON: inactive players will automatically lose when time's up. (requested by jessies boyfriend)
|
|t:|1758371874
|move|p1a: Iron Crown|Future Sight|p2a: Raging Bolt
|-start|p1a: Iron Crown|move: Future Sight
|move|p2a: Raging Bolt|Draco Meteor|p1a: Iron Crown
|-resisted|p1a: Iron Crown
|-damage|p1a: Iron Crown|77/100
|-unboost|p2a: Raging Bolt|spa|2
|
|upkeep
|turn|2
|
|t:|1758371883
|move|p1a: Iron Crown|Volt Switch|p2a: Raging Bolt
|-resisted|p2a: Raging Bolt
|-damage|p2a: Raging Bolt|96/100
|
|t:|1758371892
|-end|p1a: Iron Crown|Quark Drive|[silent]
|switch|p1a: Great Tusk|Great Tusk|100/100|[from] Volt Switch
|move|p2a: Raging Bolt|Volt Switch|p1a: Great Tusk
|-immune|p1a: Great Tusk
|
|-heal|p2a: Raging Bolt|100/100|[from] item: Leftovers
|upkeep
|turn|3
|
|t:|1758371897
|-end|p2a: Raging Bolt|Protosynthesis|[silent]
|switch|p2a: Ting-Lu|Ting-Lu|100/100
|-ability|p2a: Ting-Lu|Vessel of Ruin
|move|p1a: Great Tusk|Knock Off|p2a: Ting-Lu
|-resisted|p2a: Ting-Lu
|-damage|p2a: Ting-Lu|92/100
|-enditem|p2a: Ting-Lu|Leftovers|[from] move: Knock Off|[of] p1a: Great Tusk
|
|-end|p2a: Ting-Lu|move: Future Sight
|-immune|p2a: Ting-Lu
|upkeep
|turn|4
|
|t:|1758371922
|switch|p2a: Greninja|Greninja, F|100/100
|move|p1a: Great Tusk|Stealth Rock|p2a: Greninja
|-sidestart|p2: jessies boyfriend|move: Stealth Rock
|
|upkeep
|turn|5
|
|t:|1758371946
|-end|p1a: Great Tusk|Protosynthesis|[silent]
|switch|p1a: Darkrai|Darkrai|100/100
|move|p2a: Greninja|Switcheroo|p1a: Darkrai
|-start|p2a: Greninja|typechange|Dark|[from] ability: Protean
|-activate|p2a: Greninja|move: Trick|[of] p1a: Darkrai
|-item|p1a: Darkrai|Choice Band|[from] move: Switcheroo
|-item|p2a: Greninja|Heavy-Duty Boots|[from] move: Switcheroo
|
|upkeep
|turn|6
|
|t:|1758371958
|-terastallize|p1a: Darkrai|Fairy
|move|p1a: Darkrai|Tera Blast|p2a: Greninja|[anim] Tera Blast Fairy
|-supereffective|p2a: Greninja
|-damage|p2a: Greninja|0 fnt
|faint|p2a: Greninja
|
|upkeep
|
|t:|1758371967
|switch|p2a: Slowking|Slowking-Galar, F|100/100
|-damage|p2a: Slowking|88/100|[from] Stealth Rock
|turn|7
|
|t:|1758371997
|switch|p1a: Pecharunt|Pecharunt|100/100
|move|p2a: Slowking|Future Sight|p1a: Pecharunt
|-start|p2a: Slowking|move: Future Sight
|
|-heal|p2a: Slowking|94/100|[from] item: Black Sludge
|upkeep
|turn|8
|
|t:|1758372004
|move|p1a: Pecharunt|Shadow Ball|p2a: Slowking
|-supereffective|p2a: Slowking
|-damage|p2a: Slowking|60/100
|move|p2a: Slowking|Trick Room|p2a: Slowking
|-fieldstart|move: Trick Room|[of] p2a: Slowking
|
|-heal|p2a: Slowking|66/100|[from] item: Black Sludge
|upkeep
|turn|9
|
|t:|1758372015
|-prepare|p2a: Slowking|Chilly Reception|[premajor]
|move|p2a: Slowking|Chilly Reception|p2a: Slowking
|-weather|Snowscape
|
|t:|1758372020
|switch|p2a: Hatterene|Hatterene, F, shiny|100/100|[from] Chilly Reception
|-damage|p2a: Hatterene|88/100|[from] Stealth Rock
|move|p1a: Pecharunt|Parting Shot|p2a: Hatterene
|move|p2a: Hatterene|Parting Shot|p1a: Pecharunt|[from] ability: Magic Bounce
|-unboost|p1a: Pecharunt|atk|1
|-unboost|p1a: Pecharunt|spa|1
|inactive|jessies boyfriend has 120 seconds left.
|
|t:|1758372037
|switch|p2a: Avalugg|Avalugg, F, shiny|100/100|[from] Parting Shot
|-damage|p2a: Avalugg|76/100|[from] Stealth Rock
|
|-weather|Snowscape|[upkeep]
|-end|p1a: Pecharunt|move: Future Sight
|-supereffective|p1a: Pecharunt
|-damage|p1a: Pecharunt|6/100
|-heal|p2a: Avalugg|82/100|[from] item: Leftovers
|upkeep
|turn|10
|inactive|jessies boyfriend has 120 seconds left.
|
|t:|1758372058
|move|p2a: Avalugg|Curse|p2a: Avalugg
|-unboost|p2a: Avalugg|spe|1
|-boost|p2a: Avalugg|atk|1
|-boost|p2a: Avalugg|def|1
|move|p1a: Pecharunt|Shadow Ball|p2a: Avalugg
|-damage|p2a: Avalugg|53/100
|-unboost|p2a: Avalugg|spd|1
|
|-weather|Snowscape|[upkeep]
|-heal|p2a: Avalugg|59/100|[from] item: Leftovers
|upkeep
|turn|11
|
|t:|1758372065
|move|p2a: Avalugg|Earthquake|p1a: Pecharunt
|-supereffective|p1a: Pecharunt
|-damage|p1a: Pecharunt|0 fnt
|faint|p1a: Pecharunt
|
|-weather|Snowscape|[upkeep]
|-heal|p2a: Avalugg|65/100|[from] item: Leftovers
|upkeep
|
|t:|1758372068
|switch|p1a: Dragonite|Dragonite, M|100/100
|turn|12
|
|t:|1758372076
|switch|p1a: Alomomola|Alomomola, F|100/100
|move|p2a: Avalugg|Rapid Spin|p1a: Alomomola
|-damage|p1a: Alomomola|88/100
|-boost|p2a: Avalugg|spe|1
|-sideend|p2: jessies boyfriend|Stealth Rock|[from] move: Rapid Spin|[of] p2a: Avalugg
|
|-weather|Snowscape|[upkeep]
|-heal|p2a: Avalugg|71/100|[from] item: Leftovers
|-fieldend|move: Trick Room
|upkeep
|turn|13
|
|t:|1758372081
|-terastallize|p2a: Avalugg|Fighting
|move|p1a: Alomomola|Scald|p2a: Avalugg
|-damage|p2a: Avalugg|32/100
|move|p2a: Avalugg|Body Press|p1a: Alomomola
|-damage|p1a: Alomomola|41/100
|
|-weather|none
|-heal|p2a: Avalugg|38/100|[from] item: Leftovers
|upkeep
|turn|14
|
|t:|1758372096
|switch|p2a: Slowking|Slowking-Galar, F|99/100
|move|p1a: Alomomola|Scald|p2a: Slowking
|-damage|p2a: Slowking|89/100
|-status|p2a: Slowking|brn
|
|-heal|p2a: Slowking|95/100 brn|[from] item: Black Sludge
|-damage|p2a: Slowking|89/100 brn|[from] brn
|upkeep
|turn|15
|
|t:|1758372106
|move|p1a: Alomomola|Flip Turn|p2a: Slowking
|-crit|p2a: Slowking
|-damage|p2a: Slowking|67/100 brn
|
|t:|1758372107
|switch|p1a: Great Tusk|Great Tusk|100/100|[from] Flip Turn
|move|p2a: Slowking|Trick Room|p2a: Slowking
|-fieldstart|move: Trick Room|[of] p2a: Slowking
|
|-heal|p2a: Slowking|73/100 brn|[from] item: Black Sludge
|-damage|p2a: Slowking|67/100 brn|[from] brn
|upkeep
|turn|16
|
|t:|1758372111
|move|p2a: Slowking|Future Sight|p1a: Great Tusk
|-start|p2a: Slowking|move: Future Sight
|move|p1a: Great Tusk|Headlong Rush|p2a: Slowking
|-supereffective|p2a: Slowking
|-damage|p2a: Slowking|0 fnt
|-unboost|p1a: Great Tusk|def|1
|-unboost|p1a: Great Tusk|spd|1
|faint|p2a: Slowking
|
|upkeep
|
|t:|1758372134
|switch|p2a: Avalugg|Avalugg, F, shiny, tera:Fighting|38/100
|turn|17
|
|t:|1758372138
|move|p2a: Avalugg|Body Press|p1a: Great Tusk
|-damage|p1a: Great Tusk|43/100
|move|p1a: Great Tusk|Headlong Rush|p2a: Avalugg
|-damage|p2a: Avalugg|10/100
|-unboost|p1a: Great Tusk|def|1
|-unboost|p1a: Great Tusk|spd|1
|
|-heal|p2a: Avalugg|16/100|[from] item: Leftovers
|upkeep
|turn|18
|l|☆jessies boyfriend
|inactive|jessies boyfriend disconnected and has a minute to reconnect!
|player|p2|
|j|☆jessies boyfriend
|inactive|jessies boyfriend reconnected and has 135 seconds left.
|player|p2|jessies boyfriend|brock|
|
|t:|1758372160
|-end|p1a: Great Tusk|Protosynthesis|[silent]
|switch|p1a: Alomomola|Alomomola, F|75/100
|move|p2a: Avalugg|Body Press|p1a: Alomomola
|-damage|p1a: Alomomola|44/100
|
|-end|p1a: Alomomola|move: Future Sight
|-damage|p1a: Alomomola|0 fnt
|faint|p1a: Alomomola
|-heal|p2a: Avalugg|22/100|[from] item: Leftovers
|upkeep
|l|☆jessies boyfriend
|inactive|jessies boyfriend disconnected and has a minute to reconnect!
|player|p2|
|
|t:|1758372167
|switch|p1a: Iron Crown|Iron Crown|77/100
|turn|19
|j|☆jessies boyfriend
|inactive|jessies boyfriend reconnected and has 130 seconds left.
|player|p2|jessies boyfriend|brock|
|inactive|jessies boyfriend has 120 seconds left.
|l|☆jessies boyfriend
|inactive|jessies boyfriend disconnected and has a minute to reconnect!
|player|p2|
|j|☆jessies boyfriend
|inactive|jessies boyfriend reconnected and has 100 seconds left.
|player|p2|jessies boyfriend|brock|
|inactive|jessies boyfriend has 90 seconds left.
|l|☆jessies boyfriend
|inactive|jessies boyfriend disconnected and has a minute to reconnect!
|player|p2|
|j|☆jessies boyfriend
|inactive|jessies boyfriend reconnected and has 65 seconds left.
|player|p2|jessies boyfriend|brock|
|
|t:|1758372248
|move|p2a: Avalugg|Body Press|p1a: Iron Crown
|-damage|p1a: Iron Crown|15/100
|move|p1a: Iron Crown|Future Sight|p2a: Avalugg
|-start|p1a: Iron Crown|move: Future Sight
|
|-heal|p2a: Avalugg|28/100|[from] item: Leftovers
|-fieldend|move: Trick Room
|upkeep
|turn|20
|
|t:|1758372262
|switch|p2a: Ting-Lu|Ting-Lu|92/100
|-ability|p2a: Ting-Lu|Vessel of Ruin
|move|p1a: Iron Crown|Volt Switch|p2a: Ting-Lu
|-immune|p2a: Ting-Lu
|
|upkeep
|turn|21
|
|t:|1758372270
|-end|p1a: Iron Crown|Quark Drive|[silent]
|switch|p1a: Dragonite|Dragonite, M|100/100
|move|p2a: Ting-Lu|Spikes|p1a: Dragonite
|-sidestart|p1: Flaretoon|Spikes
|
|-end|p2a: Ting-Lu|move: Future Sight
|-immune|p2a: Ting-Lu
|upkeep
|turn|22
|
|t:|1758372273
|move|p1a: Dragonite|Dragon Dance|p1a: Dragonite
|-boost|p1a: Dragonite|atk|1
|-boost|p1a: Dragonite|spe|1
|move|p2a: Ting-Lu|Stone Edge|p1a: Dragonite
|-supereffective|p1a: Dragonite
|-damage|p1a: Dragonite|67/100
|
|upkeep
|turn|23
|
|t:|1758372281
|move|p1a: Dragonite|Dragon Dance|p1a: Dragonite
|-boost|p1a: Dragonite|atk|1
|-boost|p1a: Dragonite|spe|1
|move|p2a: Ting-Lu|Stone Edge|p1a: Dragonite
|-supereffective|p1a: Dragonite
|-damage|p1a: Dragonite|0 fnt
|faint|p1a: Dragonite
|
|upkeep
|-message|Flaretoon forfeited.
|
|win|jessies boyfriend
|raw|Flaretoon's rating: 1334 &rarr; <strong>1319</strong><br />(-15 for losing)
|raw|jessies boyfriend's rating: 1418 &rarr; <strong>1433</strong><br />(+15 for winning)
|l|☆Flaretoon
|player|p1|
|l|☆jessies boyfriend
|player|p2|
