|j|☆thelocalhoodrat
|j|‽Sacred Quill
|t:|1758259085
|gametype|singles
|player|p1|thelocalhoodrat|candice|1327
|player|p2|Sacred Quill|clerk|1336
|gen|9
|tier|[Gen 9] OU
|rated|
|rule|HP Percentage Mod: HP is shown in percentages
|rule|Endless Battle Clause: Forcing endless battles is banned
|rule|Species Clause: Limit one of each Pokémon
|rule|OHKO Clause: OHKO moves are banned
|rule|Evasion Items Clause: Evasion items are banned
|rule|Evasion Moves Clause: Evasion moves are banned
|rule|Evasion Abilities Clause: Evasion abilities are banned
|rule|Sleep Moves Clause: Sleep-inducing moves are banned
|clearpoke
|poke|p1|Enamorus, F|
|poke|p1|Iron Treads|
|poke|p1|Kingambit, M|
|poke|p1|Dragapult, F|
|poke|p1|Serperior, F|
|poke|p1|Alomomola, M|
|poke|p2|Araquanid, F|
|poke|p2|Weavile, F|
|poke|p2|Gliscor, M|
|poke|p2|Pecharunt|
|poke|p2|Rotom-Wash|
|poke|p2|Donphan, F|
|teampreview
|inactive|Battle timer is ON: inactive players will automatically lose when time's up. (requested by thelocalhoodrat)
|
|t:|1758259116
|teamsize|p1|6
|teamsize|p2|6
|start
|switch|p1a: Serperior|Serperior, F, shiny|100/100
|switch|p2a: Araquanid|Araquanid, F|100/100
|turn|1
|
|t:|1758259127
|move|p1a: Serperior|Leaf Storm|p2a: Araquanid
|-damage|p2a: Araquanid|61/100
|-boost|p1a: Serperior|spa|2
|move|p2a: Araquanid|Sticky Web|p1a: Serperior
|-sidestart|p1: thelocalhoodrat|move: Sticky Web
|
|upkeep
|turn|2
|
|t:|1758259133
|move|p1a: Serperior|Glare|p2a: Araquanid
|-status|p2a: Araquanid|par
|cant|p2a: Araquanid|par
|
|upkeep
|turn|3
|
|t:|1758259138
|move|p1a: Serperior|Leaf Storm|p2a: Araquanid
|-damage|p2a: Araquanid|0 fnt
|-boost|p1a: Serperior|spa|2
|faint|p2a: Araquanid
|
|upkeep
|
|t:|1758259143
|switch|p2a: Pecharunt|Pecharunt|100/100
|turn|4
|
|t:|1758259147
|-terastallize|p1a: Serperior|Ground
|move|p1a: Serperior|Glare|p2a: Pecharunt
|-status|p2a: Pecharunt|par
|move|p2a: Pecharunt|Malignant Chain|p1a: Serperior
|-resisted|p1a: Serperior
|-damage|p1a: Serperior|74/100
|
|-heal|p1a: Serperior|80/100|[from] item: Leftovers
|upkeep
|turn|5
|
|t:|1758259157
|switch|p2a: Rotom|Rotom-Wash, shiny|100/100
|move|p1a: Serperior|Tera Blast|p2a: Rotom|[anim] Tera Blast Ground
|-immune|p2a: Rotom|[from] ability: Levitate
|
|-heal|p1a: Serperior|86/100|[from] item: Leftovers
|upkeep
|turn|6
|
|t:|1758259161
|-terastallize|p2a: Rotom|Steel
|move|p1a: Serperior|Leaf Storm|p2a: Rotom
|-resisted|p2a: Rotom
|-damage|p2a: Rotom|20/100
|-boost|p1a: Serperior|spa|2
|move|p2a: Rotom|Hydro Pump|p1a: Serperior
|-supereffective|p1a: Serperior
|-damage|p1a: Serperior|0 fnt
|faint|p1a: Serperior
|
|-heal|p2a: Rotom|26/100|[from] item: Leftovers
|upkeep
|inactive|thelocalhoodrat has 120 seconds left.
|
|t:|1758259215
|switch|p1a: Enamorus|Enamorus, F|100/100
|turn|7
|
|t:|1758259228
|switch|p2a: Pecharunt|Pecharunt|100/100 par
|move|p1a: Enamorus|Moonblast|p2a: Pecharunt
|-resisted|p2a: Pecharunt
|-damage|p2a: Pecharunt|68/100 par
|
|upkeep
|turn|8
|
|t:|1758259243
|switch|p1a: Iron Treads|Iron Treads|100/100
|-activate|p1a: Iron Treads|move: Sticky Web
|-unboost|p1a: Iron Treads|spe|1
|switch|p2a: Rotom|Rotom-Wash, shiny, tera:Steel|26/100
|
|-heal|p2a: Rotom|32/100|[from] item: Leftovers
|upkeep
|turn|9
|
|t:|1758259251
|move|p1a: Iron Treads|Rapid Spin|p2a: Rotom
|-resisted|p2a: Rotom
|-damage|p2a: Rotom|26/100
|-boost|p1a: Iron Treads|spe|1
|-sideend|p1: thelocalhoodrat|Sticky Web|[from] move: Rapid Spin|[of] p1a: Iron Treads
|move|p2a: Rotom|Hydro Pump|p1a: Iron Treads
|-supereffective|p1a: Iron Treads
|-crit|p1a: Iron Treads
|-damage|p1a: Iron Treads|0 fnt
|faint|p1a: Iron Treads
|-end|p1a: Iron Treads|Quark Drive|[silent]
|
|-heal|p2a: Rotom|32/100|[from] item: Leftovers
|upkeep
|
|t:|1758259274
|switch|p1a: Alomomola|Alomomola, M|100/100
|turn|10
|
|t:|1758259284
|move|p2a: Rotom|Pain Split|p1a: Alomomola
|-sethp|p1a: Alomomola|59/100|[from] move: Pain Split|[silent]
|-sethp|p2a: Rotom|100/100|[from] move: Pain Split
|move|p1a: Alomomola|Scald|p2a: Rotom
|-damage|p2a: Rotom|87/100
|
|-heal|p2a: Rotom|93/100|[from] item: Leftovers
|upkeep
|turn|11
|
|t:|1758259289
|move|p2a: Rotom|Volt Switch|p1a: Alomomola
|-supereffective|p1a: Alomomola
|-damage|p1a: Alomomola|2/100
|
|t:|1758259299
|switch|p2a: Weavile|Weavile, F|100/100|[from] Volt Switch
|-ability|p2a: Weavile|Pressure
|move|p1a: Alomomola|Flip Turn|p2a: Weavile
|-damage|p2a: Weavile|75/100
|
|t:|1758259307
|switch|p1a: Kingambit|Kingambit, M|100/100|[from] Flip Turn
|-activate|p1a: Kingambit|ability: Supreme Overlord
|-start|p1a: Kingambit|fallen2|[silent]
|
|upkeep
|turn|12
|
|t:|1758259311
|switch|p2a: Donphan|Donphan, F, shiny|100/100
|move|p1a: Kingambit|Swords Dance|p1a: Kingambit
|-boost|p1a: Kingambit|atk|2
|
|upkeep
|turn|13
|inactive|thelocalhoodrat has 120 seconds left.
|
|t:|1758259333
|move|p1a: Kingambit|Iron Head|p2a: Donphan
|-damage|p2a: Donphan|31/100
|move|p2a: Donphan|Earthquake|p1a: Kingambit
|-supereffective|p1a: Kingambit
|-damage|p1a: Kingambit|38/100
|
|-heal|p1a: Kingambit|44/100|[from] item: Leftovers
|-heal|p2a: Donphan|37/100|[from] item: Leftovers
|upkeep
|turn|14
|inactive|thelocalhoodrat has 120 seconds left.
|
|t:|1758259349
|move|p1a: Kingambit|Low Kick|p2a: Donphan
|-damage|p2a: Donphan|0 fnt
|faint|p2a: Donphan
|
|-heal|p1a: Kingambit|50/100|[from] item: Leftovers
|upkeep
|
|t:|1758259360
|switch|p2a: Rotom|Rotom-Wash, shiny, tera:Steel|93/100
|turn|15
|
|t:|1758259364
|-end|p1a: Kingambit|fallen2|[silent]
|switch|p1a: Alomomola|Alomomola, M|36/100
|move|p2a: Rotom|Will-O-Wisp|p1a: Alomomola
|-status|p1a: Alomomola|brn
|
|-heal|p2a: Rotom|99/100|[from] item: Leftovers
|-damage|p1a: Alomomola|29/100 brn|[from] brn
|upkeep
|turn|16
|
|t:|1758259368
|switch|p1a: Enamorus|Enamorus, F|100/100
|move|p2a: Rotom|Volt Switch|p1a: Enamorus
|-supereffective|p1a: Enamorus
|-damage|p1a: Enamorus|33/100
|
|t:|1758259375
|switch|p2a: Weavile|Weavile, F|75/100|[from] Volt Switch
|-ability|p2a: Weavile|Pressure
|
|upkeep
|turn|17
|
|t:|1758259381
|switch|p1a: Alomomola|Alomomola, M|63/100 brn
|move|p2a: Weavile|Ice Shard|p1a: Alomomola
|-resisted|p1a: Alomomola
|-damage|p1a: Alomomola|57/100 brn
|
|-damage|p1a: Alomomola|51/100 brn|[from] brn
|upkeep
|turn|18
|
|t:|1758259387
|move|p2a: Weavile|Knock Off|p1a: Alomomola
|-damage|p1a: Alomomola|26/100 brn
|-enditem|p1a: Alomomola|Heavy-Duty Boots|[from] move: Knock Off|[of] p2a: Weavile
|move|p1a: Alomomola|Wish|p1a: Alomomola
|
|-damage|p1a: Alomomola|20/100 brn|[from] brn
|upkeep
|turn|19
|
|t:|1758259393
|switch|p2a: Rotom|Rotom-Wash, shiny, tera:Steel|99/100
|move|p1a: Alomomola|Protect||[still]
|-fail|p1a: Alomomola
|
|-heal|p1a: Alomomola|70/100 brn|[from] move: Wish|[wisher] Alomomola
|-heal|p2a: Rotom|100/100|[from] item: Leftovers
|-damage|p1a: Alomomola|63/100 brn|[from] brn
|upkeep
|turn|20
|
|t:|1758259399
|move|p2a: Rotom|Volt Switch|p1a: Alomomola
|-supereffective|p1a: Alomomola
|-damage|p1a: Alomomola|8/100 brn
|
|t:|1758259405
|switch|p2a: Pecharunt|Pecharunt|68/100 par|[from] Volt Switch
|move|p1a: Alomomola|Wish|p1a: Alomomola
|
|-damage|p1a: Alomomola|2/100 brn|[from] brn
|upkeep
|turn|21
|
|t:|1758259412
|switch|p2a: Rotom|Rotom-Wash, shiny, tera:Steel|100/100
|move|p1a: Alomomola|Protect||[still]
|-fail|p1a: Alomomola
|
|-heal|p1a: Alomomola|52/100 brn|[from] move: Wish|[wisher] Alomomola
|-damage|p1a: Alomomola|46/100 brn|[from] brn
|upkeep
|turn|22
|
|t:|1758259417
|switch|p1a: Dragapult|Dragapult, F|100/100
|move|p2a: Rotom|Volt Switch|p1a: Dragapult
|-resisted|p1a: Dragapult
|-damage|p1a: Dragapult|87/100
|
|t:|1758259421
|switch|p2a: Weavile|Weavile, F|75/100|[from] Volt Switch
|-ability|p2a: Weavile|Pressure
|
|upkeep
|turn|23
|
|t:|1758259444
|move|p1a: Dragapult|Reflect|p1a: Dragapult
|-sidestart|p1: thelocalhoodrat|Reflect
|move|p2a: Weavile|Triple Axel|p1a: Dragapult
|-supereffective|p1a: Dragapult
|-damage|p1a: Dragapult|76/100
|-supereffective|p1a: Dragapult
|-damage|p1a: Dragapult|53/100
|-supereffective|p1a: Dragapult
|-damage|p1a: Dragapult|17/100
|-hitcount|p1a: Dragapult|3
|
|upkeep
|turn|24
|
|t:|1758259457
|move|p1a: Dragapult|Light Screen|p1a: Dragapult
|-sidestart|p1: thelocalhoodrat|move: Light Screen
|move|p2a: Weavile|Knock Off|p1a: Dragapult
|-supereffective|p1a: Dragapult
|-damage|p1a: Dragapult|0 fnt
|-enditem|p1a: Dragapult|Light Clay|[from] move: Knock Off|[of] p2a: Weavile
|faint|p1a: Dragapult
|
|upkeep
|
|t:|1758259469
|switch|p1a: Enamorus|Enamorus, F|33/100
|turn|25
|
|t:|1758259481
|move|p1a: Enamorus|Earth Power|p2a: Weavile
|-damage|p2a: Weavile|34/100
|move|p2a: Weavile|Triple Axel|p1a: Enamorus
|-supereffective|p1a: Enamorus
|-damage|p1a: Enamorus|18/100
|-supereffective|p1a: Enamorus
|-damage|p1a: Enamorus|0 fnt
|faint|p1a: Enamorus
|-hitcount|p1: Enamorus|2
|
|upkeep
|
|t:|1758259490
|switch|p1a: Alomomola|Alomomola, M|79/100 brn
|turn|26
|
|t:|1758259494
|switch|p2a: Rotom|Rotom-Wash, shiny, tera:Steel|100/100
|move|p1a: Alomomola|Wish|p1a: Alomomola
|
|-damage|p1a: Alomomola|73/100 brn|[from] brn
|upkeep
|turn|27
|
|t:|1758259500
|move|p2a: Rotom|Will-O-Wisp|p1a: Alomomola
|-fail|p1a: Alomomola|brn
|move|p1a: Alomomola|Flip Turn|p2a: Rotom
|-damage|p2a: Rotom|94/100
|
|t:|1758259503
|switch|p1a: Kingambit|Kingambit, M|50/100|[from] Flip Turn
|-activate|p1a: Kingambit|ability: Supreme Overlord
|-start|p1a: Kingambit|fallen4|[silent]
|
|-heal|p1a: Kingambit|100/100|[from] move: Wish|[wisher] Alomomola
|-heal|p2a: Rotom|99/100|[from] item: Leftovers
|upkeep
|turn|28
|
|t:|1758259514
|move|p2a: Rotom|Will-O-Wisp|p1a: Kingambit
|-status|p1a: Kingambit|brn
|move|p1a: Kingambit|Swords Dance|p1a: Kingambit
|-boost|p1a: Kingambit|atk|2
|
|-heal|p2a: Rotom|100/100|[from] item: Leftovers
|-damage|p1a: Kingambit|94/100 brn|[from] brn
|upkeep
|turn|29
|
|t:|1758259524
|move|p2a: Rotom|Volt Switch|p1a: Kingambit
|-damage|p1a: Kingambit|82/100 brn
|
|t:|1758259526
|switch|p2a: Gliscor|Gliscor, M|100/100|[from] Volt Switch
|move|p1a: Kingambit|Swords Dance|p1a: Kingambit
|-boost|p1a: Kingambit|atk|2
|
|-heal|p1a: Kingambit|88/100 brn|[from] item: Leftovers
|-damage|p1a: Kingambit|82/100 brn|[from] brn
|-status|p2a: Gliscor|tox|[from] item: Toxic Orb
|upkeep
|turn|30
|
|t:|1758259535
|move|p2a: Gliscor|Knock Off|p1a: Kingambit
|-resisted|p1a: Kingambit
|-damage|p1a: Kingambit|78/100 brn
|-enditem|p1a: Kingambit|Leftovers|[from] move: Knock Off|[of] p2a: Gliscor
|move|p1a: Kingambit|Swords Dance|p1a: Kingambit
|-boost|p1a: Kingambit|atk|2
|
|-damage|p1a: Kingambit|72/100 brn|[from] brn
|-sideend|p1: thelocalhoodrat|Reflect
|upkeep
|turn|31
|
|t:|1758259545
|move|p2a: Gliscor|Earthquake|p1a: Kingambit
|-supereffective|p1a: Kingambit
|-damage|p1a: Kingambit|27/100 brn
|move|p1a: Kingambit|Iron Head|p2a: Gliscor
|-damage|p2a: Gliscor|0 fnt
|faint|p2a: Gliscor
|
|-damage|p1a: Kingambit|21/100 brn|[from] brn
|-sideend|p1: thelocalhoodrat|move: Light Screen
|upkeep
|
|t:|1758259554
|switch|p2a: Rotom|Rotom-Wash, shiny, tera:Steel|100/100
|turn|32
|
|t:|1758259565
|move|p2a: Rotom|Volt Switch|p1a: Kingambit
|-damage|p1a: Kingambit|0 fnt
|faint|p1a: Kingambit
|-end|p1a: Kingambit|fallen4|[silent]
|-message|thelocalhoodrat forfeited.
|
|win|Sacred Quill
|raw|thelocalhoodrat's rating: 1327 &rarr; <strong>1308</strong><br />(-19 for losing)
|raw|Sacred Quill's rating: 1336 &rarr; <strong>1355</strong><br />(+19 for winning)
|l|☆thelocalhoodrat
|player|p1|
|l|‽Sacred Quill
|player|p2|
