|j|☆frogwithaknife
|j|☆cl_scout2
|t:|1758273731
|gametype|singles
|player|p1|frogwithaknife|adaman|
|player|p2|cl_scout2|skyla|
|gen|9
|tier|[Gen 9] OU
|rule|HP Percentage Mod: HP is shown in percentages
|rule|Endless Battle Clause: Forcing endless battles is banned
|rule|Species Clause: Limit one of each Pokémon
|rule|OHKO Clause: OHKO moves are banned
|rule|Evasion Items Clause: Evasion items are banned
|rule|Evasion Moves Clause: Evasion moves are banned
|rule|Evasion Abilities Clause: Evasion abilities are banned
|rule|Sleep Moves Clause: Sleep-inducing moves are banned
|clearpoke
|poke|p1|Alomomola, F|
|poke|p1|Dragapult, M|
|poke|p1|Arcanine-Hisui, M|
|poke|p1|Mandibuzz, F|
|poke|p1|Latios, M|
|poke|p1|Iron Hands|
|poke|p2|Alomomola, F|
|poke|p2|Iron Crown|
|poke|p2|Darkrai|
|poke|p2|Azumarill, F|
|poke|p2|Ninetales-Alola, M|
|poke|p2|Arcanine-Hisui, F|
|teampreview
|
|t:|1758273738
|teamsize|p1|6
|teamsize|p2|6
|start
|switch|p1a: Dragapult|Dragapult, M|100/100
|switch|p2a: N|Ninetales-Alola, M|100/100
|-weather|Snowscape|[from] ability: Snow Warning|[of] p2a: N
|turn|1
|inactive|Battle timer is ON: inactive players will automatically lose when time's up. (requested by frogwithaknife)
|
|t:|1758273762
|move|p1a: Dragapult|U-turn|p2a: N
|-resisted|p2a: N
|-damage|p2a: N|92/100
|
|t:|1758273769
|switch|p1a: Arcanine|Arcanine-Hisui, M|100/100|[from] U-turn
|move|p2a: N|Aurora Veil|p2a: N
|-sidestart|p2: cl_scout2|move: Aurora Veil
|
|-weather|Snowscape|[upkeep]
|upkeep
|turn|2
|
|t:|1758273790
|switch|p2a: A|Alomomola, F|100/100
|move|p1a: Arcanine|Head Smash|p2a: A
|-damage|p2a: A|73/100
|
|-weather|Snowscape|[upkeep]
|upkeep
|turn|3
|
|t:|1758273800
|switch|p1a: Dragapult|Dragapult, M|100/100
|move|p2a: A|Wish|p2a: A
|
|-weather|Snowscape|[upkeep]
|upkeep
|turn|4
|
|t:|1758273810
|switch|p2a: N|Ninetales-Alola, M|92/100
|move|p1a: Dragapult|Dragon Darts|p2a: N
|-immune|p2a: N
|
|-weather|Snowscape|[upkeep]
|-heal|p2a: N|100/100|[from] move: Wish|[wisher] A
|upkeep
|turn|5
|
|t:|1758273824
|move|p1a: Dragapult|U-turn|p2a: N
|-resisted|p2a: N
|-damage|p2a: N|92/100
|
|t:|1758273836
|switch|p1a: Latios|Latios, M|100/100|[from] U-turn
|move|p2a: N|Moonblast|p1a: Latios
|-supereffective|p1a: Latios
|-damage|p1a: Latios|47/100
|-unboost|p1a: Latios|spa|1
|
|-weather|none
|upkeep
|turn|6
|
|t:|1758273851
|move|p1a: Latios|Trick|p2a: N
|-activate|p1a: Latios|move: Trick|[of] p2a: N
|-item|p2a: N|Choice Specs|[from] move: Trick
|-item|p1a: Latios|Light Clay|[from] move: Trick
|move|p2a: N|Moonblast|p1a: Latios
|-supereffective|p1a: Latios
|-damage|p1a: Latios|0 fnt
|faint|p1a: Latios
|
|upkeep
|
|t:|1758273864
|switch|p1a: Arcanine|Arcanine-Hisui, M|100/100
|turn|7
|
|t:|1758273871
|switch|p2a: A|Alomomola, F|100/100
|move|p1a: Arcanine|Head Smash|p2a: A
|-damage|p2a: A|72/100
|
|upkeep
|turn|8
|
|t:|1758273882
|switch|p1a: Mandibuzz|Mandibuzz, F|100/100
|move|p2a: A|Flip Turn|p1a: Mandibuzz
|-damage|p1a: Mandibuzz|92/100
|
|t:|1758273899
|switch|p2a: D|Darkrai|100/100|[from] Flip Turn
|
|-sideend|p2: cl_scout2|move: Aurora Veil
|upkeep
|turn|9
|
|t:|1758273909
|switch|p1a: Iron Hands|Iron Hands|100/100
|-enditem|p1a: Iron Hands|Booster Energy
|-activate|p1a: Iron Hands|ability: Quark Drive|[fromitem]
|-start|p1a: Iron Hands|quarkdriveatk
|move|p2a: D|Nasty Plot|p2a: D
|-boost|p2a: D|spa|2
|
|upkeep
|turn|10
|
|t:|1758273937
|-terastallize|p2a: D|Poison
|move|p2a: D|Sludge Bomb|p1a: Iron Hands
|-damage|p1a: Iron Hands|20/100
|-status|p1a: Iron Hands|psn
|move|p1a: Iron Hands|Thunder Punch|p2a: D
|-damage|p2a: D|21/100
|
|-damage|p1a: Iron Hands|8/100 psn|[from] psn
|upkeep
|turn|11
|inactive|cl_scout2 has 270 seconds left.
|
|t:|1758273962
|move|p2a: D|Ice Beam|p1a: Iron Hands
|-damage|p1a: Iron Hands|0 fnt
|faint|p1a: Iron Hands
|-end|p1a: Iron Hands|Quark Drive|[silent]
|
|upkeep
|
|t:|1758273965
|switch|p1a: Arcanine|Arcanine-Hisui, M|100/100
|turn|12
|
|t:|1758273973
|switch|p2a: A|Alomomola, F|100/100
|move|p1a: Arcanine|Extreme Speed|p2a: A
|-damage|p2a: A|80/100
|
|upkeep
|turn|13
|
|t:|1758273987
|switch|p1a: Dragapult|Dragapult, M|100/100
|move|p2a: A|Scald|p1a: Dragapult
|-resisted|p1a: Dragapult
|-damage|p1a: Dragapult|90/100
|
|upkeep
|turn|14
|
|t:|1758274002
|switch|p2a: N|Ninetales-Alola, M|92/100
|-weather|Snowscape|[from] ability: Snow Warning|[of] p2a: N
|move|p1a: Dragapult|Will-O-Wisp|p2a: N
|-status|p2a: N|brn
|
|-weather|Snowscape|[upkeep]
|-damage|p2a: N|86/100 brn|[from] brn
|upkeep
|turn|15
|
|t:|1758274016
|move|p1a: Dragapult|U-turn|p2a: N
|-resisted|p2a: N
|-damage|p2a: N|78/100 brn
|
|t:|1758274022
|switch|p1a: Arcanine|Arcanine-Hisui, M|100/100|[from] U-turn
|move|p2a: N|Aurora Veil|p2a: N
|-sidestart|p2: cl_scout2|move: Aurora Veil
|
|-weather|Snowscape|[upkeep]
|-damage|p2a: N|72/100 brn|[from] brn
|upkeep
|turn|16
|
|t:|1758274033
|switch|p2a: A|Alomomola, F|100/100
|switch|p1a: Mandibuzz|Mandibuzz, F|92/100
|
|-weather|Snowscape|[upkeep]
|upkeep
|turn|17
|
|t:|1758274047
|move|p1a: Mandibuzz|Toxic|p2a: A
|-status|p2a: A|tox
|move|p2a: A|Wish|p2a: A
|
|-weather|Snowscape|[upkeep]
|-damage|p2a: A|94/100 tox|[from] psn
|upkeep
|turn|18
|
|t:|1758274053
|switch|p2a: D|Darkrai, tera:Poison|21/100
|move|p1a: Mandibuzz|Defog|p2a: D
|-unboost|p2a: D|evasion|1
|-sideend|p2: cl_scout2|move: Aurora Veil
|
|-weather|none
|-heal|p2a: D|100/100|[from] move: Wish|[wisher] A
|upkeep
|turn|19
|
|t:|1758274068
|switch|p1a: Arcanine|Arcanine-Hisui, M|100/100
|move|p2a: D|Nasty Plot|p2a: D
|-boost|p2a: D|spa|2
|
|upkeep
|turn|20
|
|t:|1758274080
|-terastallize|p1a: Arcanine|Normal
|move|p1a: Arcanine|Extreme Speed|p2a: D
|-damage|p2a: D|24/100
|move|p2a: D|Dark Pulse|p1a: Arcanine
|-damage|p1a: Arcanine|0 fnt
|faint|p1a: Arcanine
|
|upkeep
|
|t:|1758274085
|switch|p1a: Dragapult|Dragapult, M|90/100
|turn|21
|
|t:|1758274094
|switch|p2a: N|Ninetales-Alola, M|72/100 brn
|-weather|Snowscape|[from] ability: Snow Warning|[of] p2a: N
|move|p1a: Dragapult|Hex|p2a: N
|-damage|p2a: N|23/100 brn
|
|-weather|Snowscape|[upkeep]
|-damage|p2a: N|17/100 brn|[from] brn
|upkeep
|turn|22
|
|t:|1758274105
|switch|p2a: A|Alomomola, F|100/100 tox
|move|p1a: Dragapult|Hex|p2a: A
|-damage|p2a: A|36/100 tox
|
|-weather|Snowscape|[upkeep]
|-damage|p2a: A|30/100 tox|[from] psn
|upkeep
|turn|23
|
|t:|1758274117
|switch|p2a: N|Ninetales-Alola, M|17/100 brn
|move|p1a: Dragapult|Hex|p2a: N
|-damage|p2a: N|0 fnt
|faint|p2a: N
|
|-weather|Snowscape|[upkeep]
|upkeep
|
|t:|1758274134
|switch|p2a: I|Iron Crown|100/100
|turn|24
|
|t:|1758274145
|move|p1a: Dragapult|Will-O-Wisp|p2a: I
|-status|p2a: I|brn
|move|p2a: I|Tachyon Cutter|p1a: Dragapult
|-damage|p1a: Dragapult|32/100
|-damage|p1a: Dragapult|0 fnt
|faint|p1a: Dragapult
|-hitcount|p1: Dragapult|2
|
|-weather|Snowscape|[upkeep]
|-damage|p2a: I|94/100 brn|[from] brn
|upkeep
|-message|frogwithaknife forfeited.
|
|win|cl_scout2
|l|☆frogwithaknife
|player|p1|
