|j|☆mateuscavalo
|j|☆isaac_gam3r
|t:|1758283621
|gametype|singles
|player|p1|mateuscavalo|2|1622
|player|p2|isaac_gam3r|acetrainer-gen4dp|1641
|gen|9
|tier|[Gen 9] OU
|rated|
|rule|HP Percentage Mod: HP is shown in percentages
|rule|Endless Battle Clause: Forcing endless battles is banned
|rule|Species Clause: Limit one of each Pokémon
|rule|OHKO Clause: OHKO moves are banned
|rule|Evasion Items Clause: Evasion items are banned
|rule|Evasion Moves Clause: Evasion moves are banned
|rule|Evasion Abilities Clause: Evasion abilities are banned
|rule|Sleep Moves Clause: Sleep-inducing moves are banned
|clearpoke
|poke|p1|Ogerpon-Wellspring, F|
|poke|p1|Darkrai|
|poke|p1|Garganacl, M|
|poke|p1|Zapdos|
|poke|p1|Great Tusk|
|poke|p1|Kingambit, F|
|poke|p2|Garchomp, M|
|poke|p2|Raging Bolt|
|poke|p2|Primarina, M|
|poke|p2|Heatran, F|
|poke|p2|Weezing-Galar, M|
|poke|p2|Weavile, M|
|teampreview
|inactive|Battle timer is ON: inactive players will automatically lose when time's up. (requested by mateuscavalo)
|
|t:|1758283627
|teamsize|p1|6
|teamsize|p2|6
|start
|switch|p1a: Darkrai|Darkrai|100/100
|switch|p2a: Primarina|Primarina, M|100/100
|turn|1
|
|t:|1758283634
|switch|p1a: Garganacl|Garganacl, M|100/100
|move|p2a: Primarina|Protect||[still]
|-fail|p2a: Primarina
|
|upkeep
|turn|2
|
|t:|1758283639
|move|p2a: Primarina|Hyper Voice|p1a: Garganacl
|-supereffective|p1a: Garganacl
|-damage|p1a: Garganacl|28/100
|move|p1a: Garganacl|Salt Cure|p2a: Primarina
|-damage|p2a: Primarina|83/100
|-start|p2a: Primarina|Salt Cure
|
|-heal|p2a: Primarina|89/100|[from] item: Leftovers
|-heal|p1a: Garganacl|34/100|[from] item: Leftovers
|-damage|p2a: Primarina|64/100|[from] Salt Cure
|upkeep
|turn|3
|
|t:|1758283648
|switch|p1a: Ogerpon|Ogerpon-Wellspring, F|100/100
|move|p2a: Primarina|Calm Mind|p2a: Primarina
|-boost|p2a: Primarina|spa|1
|-boost|p2a: Primarina|spd|1
|
|-heal|p2a: Primarina|70/100|[from] item: Leftovers
|-damage|p2a: Primarina|45/100|[from] Salt Cure
|upkeep
|turn|4
|
|t:|1758283651
|switch|p2a: Garchomp|Garchomp, M|100/100
|move|p1a: Ogerpon|Power Whip|p2a: Garchomp
|-damage|p2a: Garchomp|28/100
|-damage|p1a: Ogerpon|88/100|[from] ability: Rough Skin|[of] p2a: Garchomp
|
|upkeep
|turn|5
|
|t:|1758283657
|-terastallize|p2a: Garchomp|Dragon
|move|p2a: Garchomp|Outrage|p1a: Ogerpon
|-damage|p1a: Ogerpon|0 fnt
|faint|p1a: Ogerpon
|
|upkeep
|
|t:|1758283663
|switch|p1a: Great Tusk|Great Tusk|100/100
|turn|6
|
|t:|1758283672
|move|p2a: Garchomp|Outrage|p1a: Great Tusk|[from] lockedmove
|-damage|p1a: Great Tusk|48/100
|-damage|p2a: Garchomp|11/100|[from] item: Rocky Helmet|[of] p1a: Great Tusk
|move|p1a: Great Tusk|Stealth Rock|p2a: Garchomp
|-sidestart|p2: isaac_gam3r|move: Stealth Rock
|
|upkeep
|turn|7
|
|t:|1758283683
|-end|p1a: Great Tusk|Protosynthesis|[silent]
|switch|p1a: Kingambit|Kingambit, F|100/100
|-activate|p1a: Kingambit|ability: Supreme Overlord
|-start|p1a: Kingambit|fallen1|[silent]
|move|p2a: Garchomp|Outrage|p1a: Kingambit|[from] lockedmove
|-resisted|p1a: Kingambit
|-damage|p1a: Kingambit|67/100
|-start|p2a: Garchomp|confusion|[fatigue]
|
|-heal|p1a: Kingambit|74/100|[from] item: Leftovers
|upkeep
|turn|8
|
|t:|1758283689
|switch|p2a: Heatran|Heatran, F|100/100
|-damage|p2a: Heatran|88/100|[from] Stealth Rock
|move|p1a: Kingambit|Kowtow Cleave|p2a: Heatran
|-damage|p2a: Heatran|45/100
|
|-heal|p1a: Kingambit|80/100|[from] item: Leftovers
|upkeep
|turn|9
|
|t:|1758283700
|-end|p1a: Kingambit|fallen1|[silent]
|switch|p1a: Great Tusk|Great Tusk|48/100
|move|p2a: Heatran|Lava Plume|p1a: Great Tusk
|-damage|p1a: Great Tusk|0 fnt
|faint|p1a: Great Tusk
|-end|p1a: Great Tusk|Protosynthesis|[silent]
|
|upkeep
|
|t:|1758283706
|switch|p1a: Darkrai|Darkrai|100/100
|turn|10
|
|t:|1758283710
|move|p1a: Darkrai|Dark Pulse|p2a: Heatran
|-damage|p2a: Heatran|21/100
|cant|p2a: Heatran|flinch
|
|upkeep
|turn|11
|
|t:|1758283713
|switch|p2a: Primarina|Primarina, M|45/100
|-damage|p2a: Primarina|33/100|[from] Stealth Rock
|move|p1a: Darkrai|Dark Pulse|p2a: Primarina
|-resisted|p2a: Primarina
|-crit|p2a: Primarina
|-damage|p2a: Primarina|8/100
|
|-heal|p2a: Primarina|14/100|[from] item: Leftovers
|upkeep
|turn|12
|
|t:|1758283715
|move|p2a: Primarina|Protect|p2a: Primarina
|-singleturn|p2a: Primarina|Protect
|move|p1a: Darkrai|Dark Pulse|p2a: Primarina
|-activate|p2a: Primarina|move: Protect
|
|-heal|p2a: Primarina|20/100|[from] item: Leftovers
|upkeep
|turn|13
|
|t:|1758283724
|move|p1a: Darkrai|Dark Pulse|p2a: Primarina
|-resisted|p2a: Primarina
|-damage|p2a: Primarina|2/100
|move|p2a: Primarina|Draining Kiss|p1a: Darkrai
|-supereffective|p1a: Darkrai
|-damage|p1a: Darkrai|30/100
|-heal|p2a: Primarina|43/100|[from] drain|[of] p1a: Darkrai
|
|-heal|p2a: Primarina|49/100|[from] item: Leftovers
|upkeep
|turn|14
|
|t:|1758283729
|switch|p1a: Zapdos|Zapdos|100/100
|move|p2a: Primarina|Draining Kiss|p1a: Zapdos
|-damage|p1a: Zapdos|71/100
|-heal|p2a: Primarina|72/100|[from] drain|[of] p1a: Zapdos
|-status|p2a: Primarina|par|[from] ability: Static|[of] p1a: Zapdos
|
|-heal|p2a: Primarina|79/100 par|[from] item: Leftovers
|upkeep
|turn|15
|
|t:|1758283736
|move|p1a: Zapdos|Volt Switch|p2a: Primarina
|-supereffective|p2a: Primarina
|-damage|p2a: Primarina|26/100 par
|
|t:|1758283739
|switch|p1a: Garganacl|Garganacl, M|34/100|[from] Volt Switch
|move|p2a: Primarina|Calm Mind|p2a: Primarina
|-boost|p2a: Primarina|spa|1
|-boost|p2a: Primarina|spd|1
|
|-heal|p1a: Garganacl|40/100|[from] item: Leftovers
|-heal|p2a: Primarina|32/100 par|[from] item: Leftovers
|upkeep
|turn|16
|
|t:|1758283742
|move|p1a: Garganacl|Salt Cure|p2a: Primarina
|-damage|p2a: Primarina|13/100 par
|-start|p2a: Primarina|Salt Cure
|move|p2a: Primarina|Hyper Voice|p1a: Garganacl
|-supereffective|p1a: Garganacl
|-damage|p1a: Garganacl|0 fnt
|faint|p1a: Garganacl
|
|-heal|p2a: Primarina|19/100 par|[from] item: Leftovers
|-damage|p2a: Primarina|0 fnt|[from] Salt Cure
|faint|p2a: Primarina
|upkeep
|
|t:|1758283759
|switch|p2a: Raging Bolt|Raging Bolt|100/100
|switch|p1a: Darkrai|Darkrai|30/100
|-damage|p2a: Raging Bolt|88/100|[from] Stealth Rock
|turn|17
|
|t:|1758283775
|move|p1a: Darkrai|Ice Beam|p2a: Raging Bolt
|-supereffective|p2a: Raging Bolt
|-damage|p2a: Raging Bolt|35/100
|move|p2a: Raging Bolt|Calm Mind|p2a: Raging Bolt
|-boost|p2a: Raging Bolt|spa|1
|-boost|p2a: Raging Bolt|spd|1
|
|-heal|p2a: Raging Bolt|41/100|[from] item: Leftovers
|upkeep
|turn|18
|
|t:|1758283785
|switch|p1a: Zapdos|Zapdos|71/100
|move|p2a: Raging Bolt|Thunderclap||[still]
|-fail|p2a: Raging Bolt
|
|-heal|p2a: Raging Bolt|47/100|[from] item: Leftovers
|upkeep
|turn|19
|
|t:|1758283789
|move|p1a: Zapdos|Hurricane|p2a: Raging Bolt|[miss]
|-miss|p1a: Zapdos|p2a: Raging Bolt
|move|p2a: Raging Bolt|Thunderbolt|p1a: Zapdos
|-damage|p1a: Zapdos|0 fnt
|faint|p1a: Zapdos
|
|-heal|p2a: Raging Bolt|53/100|[from] item: Leftovers
|upkeep
|
|t:|1758283791
|switch|p1a: Darkrai|Darkrai|30/100
|turn|20
|
|t:|1758283805
|move|p2a: Raging Bolt|Thunderclap||[still]
|-fail|p2a: Raging Bolt
|move|p1a: Darkrai|Trick|p2a: Raging Bolt
|-activate|p1a: Darkrai|move: Trick|[of] p2a: Raging Bolt
|-item|p2a: Raging Bolt|Choice Scarf|[from] move: Trick
|-item|p1a: Darkrai|Leftovers|[from] move: Trick
|
|-heal|p1a: Darkrai|36/100|[from] item: Leftovers
|upkeep
|turn|21
|
|t:|1758283811
|move|p2a: Raging Bolt|Thunderclap|p1a: Darkrai
|-damage|p1a: Darkrai|0 fnt
|faint|p1a: Darkrai
|
|upkeep
|
|t:|1758283813
|switch|p1a: Kingambit|Kingambit, F|80/100
|-activate|p1a: Kingambit|ability: Supreme Overlord
|-start|p1a: Kingambit|fallen5|[silent]
|turn|22
|
|t:|1758283818
|-end|p2a: Raging Bolt|Protosynthesis|[silent]
|switch|p2a: Weezing|Weezing-Galar, M, shiny|100/100
|-damage|p2a: Weezing|88/100|[from] Stealth Rock
|move|p1a: Kingambit|Swords Dance|p1a: Kingambit
|-boost|p1a: Kingambit|atk|2
|
|-heal|p2a: Weezing|94/100|[from] item: Black Sludge
|-heal|p1a: Kingambit|86/100|[from] item: Leftovers
|upkeep
|turn|23
|
|t:|1758283827
|-terastallize|p1a: Kingambit|Fire
|move|p2a: Weezing|Will-O-Wisp|p1a: Kingambit
|-immune|p1a: Kingambit
|move|p1a: Kingambit|Swords Dance|p1a: Kingambit
|-boost|p1a: Kingambit|atk|2
|
|-heal|p2a: Weezing|99/100|[from] item: Black Sludge
|-heal|p1a: Kingambit|92/100|[from] item: Leftovers
|upkeep
|turn|24
|
|t:|1758283836
|move|p2a: Weezing|Defog|p1a: Kingambit
|-unboost|p1a: Kingambit|evasion|1
|-sideend|p2: isaac_gam3r|Stealth Rock|[from] move: Defog|[of] p2a: Weezing
|move|p1a: Kingambit|Iron Head|p2a: Weezing
|-supereffective|p2a: Weezing
|-damage|p2a: Weezing|0 fnt
|faint|p2a: Weezing
|
|-heal|p1a: Kingambit|99/100|[from] item: Leftovers
|upkeep
|
|t:|1758283841
|switch|p2a: Raging Bolt|Raging Bolt|53/100
|turn|25
|
|t:|1758283845
|move|p1a: Kingambit|Sucker Punch|p2a: Raging Bolt
|-damage|p2a: Raging Bolt|0 fnt
|faint|p2a: Raging Bolt
|-end|p2a: Raging Bolt|Protosynthesis|[silent]
|
|-heal|p1a: Kingambit|100/100|[from] item: Leftovers
|upkeep
|
|t:|1758283847
|switch|p2a: Garchomp|Garchomp, M, tera:Dragon|11/100
|turn|26
|
|t:|1758283849
|move|p1a: Kingambit|Sucker Punch|p2a: Garchomp
|-damage|p2a: Garchomp|0 fnt
|-damage|p1a: Kingambit|88/100|[from] ability: Rough Skin|[of] p2a: Garchomp
|faint|p2a: Garchomp
|
|-heal|p1a: Kingambit|94/100|[from] item: Leftovers
|upkeep
|
|t:|1758283854
|switch|p2a: Heatran|Heatran, F|21/100
|turn|27
|
|t:|1758283856
|move|p1a: Kingambit|Sucker Punch|p2a: Heatran
|-damage|p2a: Heatran|0 fnt
|faint|p2a: Heatran
|
|-heal|p1a: Kingambit|100/100|[from] item: Leftovers
|upkeep
|
|t:|1758283859
|switch|p2a: Weavile|Weavile, M|100/100
|-ability|p2a: Weavile|Pressure
|turn|28
|
|t:|1758283862
|move|p2a: Weavile|Knock Off|p1a: Kingambit
|-damage|p1a: Kingambit|64/100
|-enditem|p1a: Kingambit|Leftovers|[from] move: Knock Off|[of] p2a: Weavile
|move|p1a: Kingambit|Iron Head|p2a: Weavile
|-supereffective|p2a: Weavile
|-enditem|p2a: Weavile|Focus Sash
|-damage|p2a: Weavile|1/100
|
|upkeep
|turn|29
|
|t:|1758283865
|move|p2a: Weavile|Ice Shard|p1a: Kingambit
|-resisted|p1a: Kingambit
|-damage|p1a: Kingambit|56/100
|move|p1a: Kingambit|Sucker Punch||[still]
|-fail|p1a: Kingambit
|
|upkeep
|turn|30
|
|t:|1758283868
|move|p2a: Weavile|Knock Off|p1a: Kingambit
|-damage|p1a: Kingambit|31/100
|move|p1a: Kingambit|Iron Head|p2a: Weavile
|-supereffective|p2a: Weavile
|-damage|p2a: Weavile|0 fnt
|faint|p2a: Weavile
|
|win|mateuscavalo
|raw|mateuscavalo's rating: 1622 &rarr; <strong>1643</strong><br />(+21 for winning)
|raw|isaac_gam3r's rating: 1641 &rarr; <strong>1620</strong><br />(-21 for losing)
|l|☆isaac_gam3r
|player|p2|
|l|☆mateuscavalo
|player|p1|
