|j|‽56Crabstreet
|j|☆squidcatt
|t:|1758284640
|gametype|singles
|player|p1|56Crabstreet|265|1085
|player|p2|squidcatt|lass|1076
|gen|9
|tier|[Gen 9] OU
|rated|
|rule|HP Percentage Mod: HP is shown in percentages
|rule|Endless Battle Clause: Forcing endless battles is banned
|rule|Species Clause: Limit one of each Pokémon
|rule|OHKO Clause: OHKO moves are banned
|rule|Evasion Items Clause: Evasion items are banned
|rule|Evasion Moves Clause: Evasion moves are banned
|rule|Evasion Abilities Clause: Evasion abilities are banned
|rule|Sleep Moves Clause: Sleep-inducing moves are banned
|clearpoke
|poke|p1|Maushold-Four|
|poke|p1|Kingambit, F|
|poke|p1|Iron Jugulis|
|poke|p1|Iron Valiant|
|poke|p1|Rotom-Wash|
|poke|p1|Kyurem|
|poke|p2|Swalot, F|
|poke|p2|Probopass, F|
|poke|p2|Tyranitar, M|
|poke|p2|Comfey, F|
|poke|p2|Blaziken, M|
|poke|p2|Iron Moth|
|teampreview
|
|t:|1758284655
|teamsize|p1|6
|teamsize|p2|6
|start
|switch|p1a: Kyurem|Kyurem, shiny|100/100
|switch|p2a: Swalot|Swalot, F|100/100
|-ability|p1a: Kyurem|Pressure
|turn|1
|
|t:|1758284671
|move|p1a: Kyurem|Dragon Dance|p1a: Kyurem
|-boost|p1a: Kyurem|atk|1
|-boost|p1a: Kyurem|spe|1
|move|p2a: Swalot|Stuff Cheeks|p2a: Swalot
|-boost|p2a: Swalot|def|2
|-enditem|p2a: Swalot|Starf Berry|[eat]
|-boost|p2a: Swalot|spd|2|[from] item: Starf Berry
|
|upkeep
|turn|2
|
|t:|1758284681
|move|p1a: Kyurem|Earth Power|p2a: Swalot
|-supereffective|p2a: Swalot
|-damage|p2a: Swalot|73/100
|move|p2a: Swalot|Thief|p1a: Kyurem
|-damage|p1a: Kyurem|89/100
|-enditem|p1a: Kyurem|Heavy-Duty Boots|[silent]|[from] move: Thief|[of] p2a: Swalot
|-item|p2a: Swalot|Heavy-Duty Boots|[from] move: Thief|[of] p1a: Kyurem
|
|upkeep
|turn|3
|
|t:|1758284692
|move|p1a: Kyurem|Dragon Dance|p1a: Kyurem
|-boost|p1a: Kyurem|atk|1
|-boost|p1a: Kyurem|spe|1
|move|p2a: Swalot|Belch|p1a: Kyurem
|-damage|p1a: Kyurem|46/100
|
|upkeep
|turn|4
|
|t:|1758284698
|move|p1a: Kyurem|Earth Power|p2a: Swalot
|-supereffective|p2a: Swalot
|-damage|p2a: Swalot|47/100
|move|p2a: Swalot|Body Press|p1a: Kyurem
|-supereffective|p1a: Kyurem
|-damage|p1a: Kyurem|0 fnt
|faint|p1a: Kyurem
|
|upkeep
|
|t:|1758284713
|switch|p1a: Iron Valiant|Iron Valiant|100/100
|-enditem|p1a: Iron Valiant|Booster Energy
|-activate|p1a: Iron Valiant|ability: Quark Drive|[fromitem]
|-start|p1a: Iron Valiant|quarkdrivespa
|turn|5
|
|t:|1758284721
|move|p1a: Iron Valiant|Psyshock|p2a: Swalot
|-supereffective|p2a: Swalot
|-damage|p2a: Swalot|11/100
|move|p2a: Swalot|Belch|p1a: Iron Valiant
|-supereffective|p1a: Iron Valiant
|-damage|p1a: Iron Valiant|0 fnt
|faint|p1a: Iron Valiant
|-end|p1a: Iron Valiant|Quark Drive|[silent]
|
|upkeep
|
|t:|1758284733
|switch|p1a: Maushold|Maushold-Four|100/100
|turn|6
|
|t:|1758284744
|move|p1a: Maushold|Population Bomb|p2a: Swalot
|-damage|p2a: Swalot|5/100
|-damage|p2a: Swalot|0 fnt
|faint|p2a: Swalot
|-hitcount|p2: Swalot|2
|
|upkeep
|
|t:|1758284751
|switch|p2a: Probopass|Probopass, F|100/100
|turn|7
|
|t:|1758284759
|move|p1a: Maushold|Population Bomb|p2a: Probopass
|-resisted|p2a: Probopass
|-damage|p2a: Probopass|98/100
|-resisted|p2a: Probopass
|-damage|p2a: Probopass|96/100
|-resisted|p2a: Probopass
|-damage|p2a: Probopass|94/100
|-resisted|p2a: Probopass
|-damage|p2a: Probopass|92/100
|-resisted|p2a: Probopass
|-damage|p2a: Probopass|90/100
|-resisted|p2a: Probopass
|-damage|p2a: Probopass|88/100
|-resisted|p2a: Probopass
|-damage|p2a: Probopass|86/100
|-resisted|p2a: Probopass
|-damage|p2a: Probopass|84/100
|-resisted|p2a: Probopass
|-damage|p2a: Probopass|82/100
|-resisted|p2a: Probopass
|-damage|p2a: Probopass|80/100
|-hitcount|p2a: Probopass|10
|move|p2a: Probopass|Stealth Rock|p1a: Maushold
|-sidestart|p1: 56Crabstreet|move: Stealth Rock
|
|upkeep
|turn|8
|
|t:|1758284782
|switch|p1a: Rotom|Rotom-Wash|100/100
|-damage|p1a: Rotom|88/100|[from] Stealth Rock
|move|p2a: Probopass|Iron Defense|p2a: Probopass
|-boost|p2a: Probopass|def|2
|
|upkeep
|turn|9
|-message|56Crabstreet forfeited.
|
|win|squidcatt
|raw|56Crabstreet's rating: 1085 &rarr; <strong>1062</strong><br />(-23 for losing)
|raw|squidcatt's rating: 1076 &rarr; <strong>1105</strong><br />(+29 for winning)
|l|‽56Crabstreet
|player|p1|
|l|☆squidcatt
|player|p2|
