|j|☆top 500 mainstay
|j|☆lerendezvous
|t:|1758376670
|gametype|singles
|player|p1|top 500 mainstay|169|1555
|player|p2|lerendezvous|101|1740
|gen|9
|tier|[Gen 9] OU
|rated|
|rule|HP Percentage Mod: HP is shown in percentages
|rule|Endless Battle Clause: Forcing endless battles is banned
|rule|Species Clause: Limit one of each Pokémon
|rule|OHKO Clause: OHKO moves are banned
|rule|Evasion Items Clause: Evasion items are banned
|rule|Evasion Moves Clause: Evasion moves are banned
|rule|Evasion Abilities Clause: Evasion abilities are banned
|rule|Sleep Moves Clause: Sleep-inducing moves are banned
|clearpoke
|poke|p1|Iron Crown|
|poke|p1|Deoxys-Speed|
|poke|p1|Rillaboom, M|
|poke|p1|Hawlucha, F|
|poke|p1|Raging Bolt|
|poke|p1|Kingambit, F|
|poke|p2|Ogerpon-Wellspring, F|
|poke|p2|Slowking-Galar, F|
|poke|p2|Great Tusk|
|poke|p2|Moltres|
|poke|p2|Dragapult, F|
|poke|p2|Kingambit, M|
|teampreview
|inactive|Battle timer is ON: inactive players will automatically lose when time's up. (requested by lerendezvous)
|j| wgw2333
|l| wgw2333
|inactive|top 500 mainstay has 120 seconds left.
|
|t:|1758376714
|teamsize|p1|6
|teamsize|p2|6
|start
|switch|p1a: Deoxys|Deoxys-Speed|100/100
|switch|p2a: Great Tusk|Great Tusk|100/100
|-ability|p1a: Deoxys|Pressure
|turn|1
|
|t:|1758376718
|-terastallize|p2a: Great Tusk|Steel
|move|p1a: Deoxys|Psycho Boost|p2a: Great Tusk|[miss]
|-miss|p1a: Deoxys|p2a: Great Tusk
|move|p2a: Great Tusk|Stealth Rock|p1a: Deoxys
|-sidestart|p1: top 500 mainstay|move: Stealth Rock
|
|upkeep
|turn|2
|inactive|top 500 mainstay has 120 seconds left.
|
|t:|1758376750
|switch|p1a: Rillaboom|Rillaboom, M|100/100
|-damage|p1a: Rillaboom|88/100|[from] Stealth Rock
|-fieldstart|move: Grassy Terrain|[from] ability: Grassy Surge|[of] p1a: Rillaboom
|move|p2a: Great Tusk|Rapid Spin|p1a: Rillaboom
|-damage|p1a: Rillaboom|68/100
|-boost|p2a: Great Tusk|spe|1
|
|-heal|p1a: Rillaboom|74/100|[from] Grassy Terrain
|upkeep
|turn|3
|j| sirpeanutcronch
|
|t:|1758376757
|move|p2a: Great Tusk|Rapid Spin|p1a: Rillaboom
|-damage|p1a: Rillaboom|54/100
|-boost|p2a: Great Tusk|spe|1
|move|p1a: Rillaboom|Knock Off|p2a: Great Tusk
|-damage|p2a: Great Tusk|69/100
|-damage|p1a: Rillaboom|38/100|[from] item: Rocky Helmet|[of] p2a: Great Tusk
|-enditem|p2a: Great Tusk|Rocky Helmet|[from] move: Knock Off|[of] p1a: Rillaboom
|-damage|p1a: Rillaboom|28/100|[from] item: Life Orb
|
|-heal|p2a: Great Tusk|75/100|[from] Grassy Terrain
|-heal|p1a: Rillaboom|34/100|[from] Grassy Terrain
|upkeep
|turn|4
|l| sirpeanutcronch
|
|t:|1758376765
|move|p2a: Great Tusk|Ice Spinner|p1a: Rillaboom
|-supereffective|p1a: Rillaboom
|-damage|p1a: Rillaboom|0 fnt
|-fieldend|move: Grassy Terrain
|faint|p1a: Rillaboom
|
|upkeep
|
|t:|1758376773
|switch|p1a: Hawlucha|Hawlucha, F|100/100
|-damage|p1a: Hawlucha|88/100|[from] Stealth Rock
|turn|5
|
|t:|1758376776
|move|p2a: Great Tusk|Ice Spinner|p1a: Hawlucha
|-supereffective|p1a: Hawlucha
|-damage|p1a: Hawlucha|15/100
|move|p1a: Hawlucha|Close Combat|p2a: Great Tusk
|-supereffective|p2a: Great Tusk
|-damage|p2a: Great Tusk|0 fnt
|-unboost|p1a: Hawlucha|def|1
|-unboost|p1a: Hawlucha|spd|1
|faint|p2a: Great Tusk
|-end|p2a: Great Tusk|Protosynthesis|[silent]
|
|upkeep
|
|t:|1758376790
|switch|p2a: Slowking|Slowking-Galar, F|100/100
|turn|6
|
|t:|1758376817
|move|p1a: Hawlucha|Acrobatics|p2a: Slowking
|-damage|p2a: Slowking|75/100
|move|p2a: Slowking|Flamethrower|p1a: Hawlucha
|-damage|p1a: Hawlucha|0 fnt
|faint|p1a: Hawlucha
|
|upkeep
|
|t:|1758376823
|switch|p1a: Deoxys|Deoxys-Speed|100/100
|-damage|p1a: Deoxys|88/100|[from] Stealth Rock
|-ability|p1a: Deoxys|Pressure
|turn|7
|
|t:|1758376827
|move|p1a: Deoxys|Stealth Rock|p2a: Slowking
|-sidestart|p2: lerendezvous|move: Stealth Rock
|move|p2a: Slowking|Ice Beam|p1a: Deoxys
|-damage|p1a: Deoxys|54/100
|
|upkeep
|turn|8
|
|t:|1758376832
|move|p1a: Deoxys|Spikes|p2a: Slowking
|-sidestart|p2: lerendezvous|Spikes
|move|p2a: Slowking|Ice Beam|p1a: Deoxys
|-damage|p1a: Deoxys|21/100
|-status|p1a: Deoxys|frz
|
|upkeep
|turn|9
|
|t:|1758376837
|cant|p1a: Deoxys|frz
|move|p2a: Slowking|Ice Beam|p1a: Deoxys
|-crit|p1a: Deoxys
|-damage|p1a: Deoxys|0 fnt
|faint|p1a: Deoxys
|
|upkeep
|
|t:|1758376843
|switch|p1a: Kingambit|Kingambit, F|100/100
|-damage|p1a: Kingambit|94/100|[from] Stealth Rock
|-activate|p1a: Kingambit|ability: Supreme Overlord
|-start|p1a: Kingambit|fallen3|[silent]
|turn|10
|
|t:|1758376847
|switch|p2a: Kingambit|Kingambit, M|100/100
|-damage|p2a: Kingambit|94/100|[from] Stealth Rock
|-damage|p2a: Kingambit|82/100|[from] Spikes
|-activate|p2a: Kingambit|ability: Supreme Overlord
|-start|p2a: Kingambit|fallen1|[silent]
|move|p1a: Kingambit|Kowtow Cleave|p2a: Kingambit
|-resisted|p2a: Kingambit
|-damage|p2a: Kingambit|55/100
|
|-heal|p2a: Kingambit|62/100|[from] item: Leftovers
|-heal|p1a: Kingambit|100/100|[from] item: Leftovers
|upkeep
|turn|11
|
|t:|1758376856
|move|p2a: Kingambit|Low Kick|p1a: Kingambit
|-supereffective|p1a: Kingambit
|-damage|p1a: Kingambit|0 fnt
|faint|p1a: Kingambit
|-end|p1a: Kingambit|fallen3|[silent]
|
|-heal|p2a: Kingambit|68/100|[from] item: Leftovers
|upkeep
|
|t:|1758376858
|switch|p1a: Raging Bolt|Raging Bolt|100/100
|-damage|p1a: Raging Bolt|88/100|[from] Stealth Rock
|-enditem|p1a: Raging Bolt|Booster Energy
|-activate|p1a: Raging Bolt|ability: Protosynthesis|[fromitem]
|-start|p1a: Raging Bolt|protosynthesisspa
|turn|12
|
|t:|1758376862
|move|p2a: Kingambit|Low Kick|p1a: Raging Bolt
|-damage|p1a: Raging Bolt|51/100
|move|p1a: Raging Bolt|Thunderbolt|p2a: Kingambit
|-damage|p2a: Kingambit|0 fnt
|faint|p2a: Kingambit
|-end|p2a: Kingambit|fallen1|[silent]
|
|upkeep
|
|t:|1758376869
|switch|p2a: Slowking|Slowking-Galar, F|100/100
|-damage|p2a: Slowking|88/100|[from] Stealth Rock
|-damage|p2a: Slowking|76/100|[from] Spikes
|turn|13
|
|t:|1758376872
|move|p1a: Raging Bolt|Thunderbolt|p2a: Slowking
|-damage|p2a: Slowking|37/100
|move|p2a: Slowking|Sludge Bomb|p1a: Raging Bolt
|-damage|p1a: Raging Bolt|15/100
|
|upkeep
|turn|14
|
|t:|1758376878
|move|p1a: Raging Bolt|Thunderbolt|p2a: Slowking
|-damage|p2a: Slowking|0 fnt
|faint|p2a: Slowking
|
|upkeep
|
|t:|1758376882
|switch|p2a: Ogerpon|Ogerpon-Wellspring, F|100/100
|-damage|p2a: Ogerpon|88/100|[from] Stealth Rock
|-damage|p2a: Ogerpon|76/100|[from] Spikes
|turn|15
|
|t:|1758376886
|move|p1a: Raging Bolt|Thunderclap|p2a: Ogerpon
|-damage|p2a: Ogerpon|14/100
|move|p2a: Ogerpon|Ivy Cudgel|p1a: Raging Bolt|[anim] Ivy Cudgel Water
|-resisted|p1a: Raging Bolt
|-damage|p1a: Raging Bolt|0 fnt
|faint|p1a: Raging Bolt
|-end|p1a: Raging Bolt|Protosynthesis|[silent]
|
|upkeep
|
|t:|1758376888
|switch|p1a: Iron Crown|Iron Crown|100/100
|-damage|p1a: Iron Crown|94/100|[from] Stealth Rock
|-enditem|p1a: Iron Crown|Booster Energy
|-activate|p1a: Iron Crown|ability: Quark Drive|[fromitem]
|-start|p1a: Iron Crown|quarkdrivespe
|turn|16
|
|t:|1758376893
|move|p1a: Iron Crown|Tachyon Cutter|p2a: Ogerpon
|-resisted|p2a: Ogerpon
|-damage|p2a: Ogerpon|0 fnt
|faint|p2a: Ogerpon
|-hitcount|p2: Ogerpon|1
|
|upkeep
|
|t:|1758376898
|switch|p2a: Moltres|Moltres|100/100
|turn|17
|
|t:|1758376901
|-terastallize|p1a: Iron Crown|Fighting
|move|p1a: Iron Crown|Calm Mind|p1a: Iron Crown
|-boost|p1a: Iron Crown|spa|1
|-boost|p1a: Iron Crown|spd|1
|move|p2a: Moltres|Flamethrower|p1a: Iron Crown
|-damage|p1a: Iron Crown|70/100
|
|upkeep
|turn|18
|
|t:|1758376908
|move|p1a: Iron Crown|Calm Mind|p1a: Iron Crown
|-boost|p1a: Iron Crown|spa|1
|-boost|p1a: Iron Crown|spd|1
|move|p2a: Moltres|U-turn|p1a: Iron Crown
|-resisted|p1a: Iron Crown
|-damage|p1a: Iron Crown|62/100
|
|t:|1758376912
|switch|p2a: Dragapult|Dragapult, F|100/100|[from] U-turn
|
|upkeep
|turn|19
|
|t:|1758376916
|move|p1a: Iron Crown|Tachyon Cutter|p2a: Dragapult
|-damage|p2a: Dragapult|27/100
|-damage|p2a: Dragapult|0 fnt
|faint|p2a: Dragapult
|-hitcount|p2: Dragapult|2
|
|upkeep
|
|t:|1758376921
|switch|p2a: Moltres|Moltres|100/100
|turn|20
|
|t:|1758376924
|move|p1a: Iron Crown|Psyshock|p2a: Moltres
|-damage|p2a: Moltres|49/100
|move|p2a: Moltres|Flamethrower|p1a: Iron Crown
|-damage|p1a: Iron Crown|44/100
|
|upkeep
|turn|21
|c|☆top 500 mainstay|gg
|
|t:|1758376934
|move|p1a: Iron Crown|Psyshock|p2a: Moltres
|-damage|p2a: Moltres|1/100
|move|p2a: Moltres|Flamethrower|p1a: Iron Crown
|-damage|p1a: Iron Crown|25/100
|
|upkeep
|turn|22
|
|t:|1758376938
|move|p1a: Iron Crown|Psyshock|p2a: Moltres
|-damage|p2a: Moltres|0 fnt
|faint|p2a: Moltres
|
|win|top 500 mainstay
|raw|top 500 mainstay's rating: 1555 &rarr; <strong>1585</strong><br />(+30 for winning)
|raw|lerendezvous's rating: 1740 &rarr; <strong>1710</strong><br />(-30 for losing)
