|j|☆chaintrainalt
|j|☆reileyb
|t:|1758352083
|gametype|singles
|player|p1|chaintrainalt|cyclistf|1233
|player|p2|reileyb|265|1202
|gen|9
|tier|[Gen 9] OU
|rated|
|rule|HP Percentage Mod: HP is shown in percentages
|rule|Endless Battle Clause: Forcing endless battles is banned
|rule|Species Clause: Limit one of each Pokémon
|rule|OHKO Clause: OHKO moves are banned
|rule|Evasion Items Clause: Evasion items are banned
|rule|Evasion Moves Clause: Evasion moves are banned
|rule|Evasion Abilities Clause: Evasion abilities are banned
|rule|Sleep Moves Clause: Sleep-inducing moves are banned
|clearpoke
|poke|p1|Ribombee, M|
|poke|p1|Gholdengo|
|poke|p1|Garchomp, F|
|poke|p1|Hydreigon, M|
|poke|p1|Iron Moth|
|poke|p1|Iron Valiant|
|poke|p2|Moltres|
|poke|p2|Walking Wake|
|poke|p2|Glimmora, M|
|poke|p2|Arcanine-Hisui, F|
|poke|p2|Espeon, M|
|poke|p2|Azelf|
|teampreview
|inactive|Battle timer is ON: inactive players will automatically lose when time's up. (requested by chaintrainalt)
|
|t:|1758352097
|teamsize|p1|6
|teamsize|p2|6
|start
|switch|p1a: Ribombee|Ribombee, M|100/100
|switch|p2a: Glimmora|Glimmora, M, shiny|100/100
|turn|1
|
|t:|1758352106
|move|p1a: Ribombee|Sticky Web|p2a: Glimmora
|-sidestart|p2: reileyb|move: Sticky Web
|move|p2a: Glimmora|Stealth Rock|p1a: Ribombee
|-sidestart|p1: chaintrainalt|move: Stealth Rock
|
|upkeep
|turn|2
|
|t:|1758352113
|switch|p1a: Gholdengo|Gholdengo|100/100
|-damage|p1a: Gholdengo|94/100|[from] Stealth Rock
|-item|p1a: Gholdengo|Air Balloon
|move|p2a: Glimmora|Sunny Day|p2a: Glimmora
|-weather|SunnyDay
|
|-weather|SunnyDay|[upkeep]
|upkeep
|turn|3
|
|t:|1758352122
|switch|p2a: Moltres|Moltres, shiny|100/100
|move|p1a: Gholdengo|Make It Rain|p2a: Moltres
|-resisted|p2a: Moltres
|-damage|p2a: Moltres|62/100
|-unboost|p1a: Gholdengo|spa|1
|
|-weather|SunnyDay|[upkeep]
|upkeep
|turn|4
|
|t:|1758352139
|switch|p1a: Ribombee|Ribombee, M|100/100
|-damage|p1a: Ribombee|76/100|[from] Stealth Rock
|move|p2a: Moltres|Flamethrower|p1a: Ribombee
|-supereffective|p1a: Ribombee
|-damage|p1a: Ribombee|0 fnt
|faint|p1a: Ribombee
|
|-weather|SunnyDay|[upkeep]
|upkeep
|
|t:|1758352153
|switch|p1a: Hydreigon|Hydreigon, M|100/100
|-damage|p1a: Hydreigon|88/100|[from] Stealth Rock
|turn|5
|
|t:|1758352167
|move|p1a: Hydreigon|Dark Pulse|p2a: Moltres
|-damage|p2a: Moltres|5/100
|-damage|p1a: Hydreigon|78/100|[from] item: Life Orb
|move|p2a: Moltres|Flamethrower|p1a: Hydreigon
|-resisted|p1a: Hydreigon
|-damage|p1a: Hydreigon|44/100
|-status|p1a: Hydreigon|brn
|
|-weather|SunnyDay|[upkeep]
|-damage|p1a: Hydreigon|37/100 brn|[from] brn
|upkeep
|turn|6
|
|t:|1758352181
|move|p1a: Hydreigon|Dark Pulse|p2a: Moltres
|-damage|p2a: Moltres|0 fnt
|faint|p2a: Moltres
|-damage|p1a: Hydreigon|28/100 brn|[from] item: Life Orb
|
|-weather|SunnyDay|[upkeep]
|-damage|p1a: Hydreigon|21/100 brn|[from] brn
|upkeep
|
|t:|1758352190
|switch|p2a: Glimmora|Glimmora, M, shiny|100/100
|-activate|p2a: Glimmora|move: Sticky Web
|-unboost|p2a: Glimmora|spe|1
|turn|7
|
|t:|1758352199
|switch|p1a: Gholdengo|Gholdengo|94/100
|-damage|p1a: Gholdengo|88/100|[from] Stealth Rock
|-item|p1a: Gholdengo|Air Balloon
|move|p2a: Glimmora|Mortal Spin|p1a: Gholdengo
|-immune|p1a: Gholdengo
|
|-weather|SunnyDay|[upkeep]
|upkeep
|turn|8
|inactive|reileyb has 120 seconds left.
|
|t:|1758352237
|switch|p2a: Espeon|Espeon, M|100/100
|-activate|p2a: Espeon|move: Sticky Web
|-unboost|p2a: Espeon|spe|1
|move|p1a: Gholdengo|Shadow Ball|p2a: Espeon
|-supereffective|p2a: Espeon
|-damage|p2a: Espeon|0 fnt
|faint|p2a: Espeon
|
|-weather|SunnyDay|[upkeep]
|upkeep
|
|t:|1758352248
|switch|p2a: Arcanine|Arcanine-Hisui, F|100/100
|-activate|p2a: Arcanine|move: Sticky Web
|-unboost|p2a: Arcanine|spe|1
|turn|9
|
|t:|1758352256
|switch|p1a: Hydreigon|Hydreigon, M|21/100 brn
|-damage|p1a: Hydreigon|9/100 brn|[from] Stealth Rock
|move|p2a: Arcanine|Flare Blitz|p1a: Hydreigon
|-resisted|p1a: Hydreigon
|-damage|p1a: Hydreigon|0 fnt
|faint|p1a: Hydreigon
|
|-weather|none
|upkeep
|
|t:|1758352266
|switch|p1a: Garchomp|Garchomp, F|100/100
|-damage|p1a: Garchomp|94/100|[from] Stealth Rock
|turn|10
|
|t:|1758352277
|switch|p2a: Azelf|Azelf|100/100
|move|p1a: Garchomp|Earthquake|p2a: Azelf
|-immune|p2a: Azelf|[from] ability: Levitate
|
|upkeep
|turn|11
|
|t:|1758352292
|move|p2a: Azelf|Knock Off|p1a: Garchomp
|-damage|p1a: Garchomp|41/100
|-damage|p2a: Azelf|88/100|[from] ability: Rough Skin|[of] p1a: Garchomp
|-enditem|p1a: Garchomp|Loaded Dice|[from] move: Knock Off|[of] p2a: Azelf
|move|p1a: Garchomp|Scale Shot|p2a: Azelf
|-damage|p2a: Azelf|65/100
|-damage|p2a: Azelf|43/100
|-damage|p2a: Azelf|19/100
|-damage|p2a: Azelf|0 fnt
|faint|p2a: Azelf
|-hitcount|p2: Azelf|4
|-unboost|p1a: Garchomp|def|1
|-boost|p1a: Garchomp|spe|1
|
|upkeep
|inactive|reileyb has 120 seconds left.
|
|t:|1758352309
|switch|p2a: Glimmora|Glimmora, M, shiny|100/100
|-activate|p2a: Glimmora|move: Sticky Web
|-unboost|p2a: Glimmora|spe|1
|turn|12
|
|t:|1758352321
|move|p1a: Garchomp|Earthquake|p2a: Glimmora
|-supereffective|p2a: Glimmora
|-damage|p2a: Glimmora|0 fnt
|-activate|p2a: Glimmora|ability: Toxic Debris
|-sidestart|p1: chaintrainalt|move: Toxic Spikes
|faint|p2a: Glimmora
|
|upkeep
|inactive|reileyb has 120 seconds left.
|
|t:|1758352334
|switch|p2a: Walking Wake|Walking Wake|100/100
|-activate|p2a: Walking Wake|move: Sticky Web
|-unboost|p2a: Walking Wake|spe|1
|turn|13
|inactive|reileyb has 120 seconds left.
|
|t:|1758352348
|-terastallize|p2a: Walking Wake|Water
|move|p1a: Garchomp|Scale Shot|p2a: Walking Wake
|-damage|p2a: Walking Wake|82/100
|-damage|p2a: Walking Wake|65/100
|-hitcount|p2a: Walking Wake|2
|-unboost|p1a: Garchomp|def|1
|-boost|p1a: Garchomp|spe|1
|move|p2a: Walking Wake|Hydro Steam|p1a: Garchomp
|-damage|p1a: Garchomp|0 fnt
|faint|p1a: Garchomp
|
|upkeep
|
|t:|1758352360
|switch|p1a: Iron Moth|Iron Moth|100/100
|-damage|p1a: Iron Moth|76/100|[from] Stealth Rock
|-sideend|p1: chaintrainalt|move: Toxic Spikes|[of] p1a: Iron Moth
|-enditem|p1a: Iron Moth|Booster Energy
|-activate|p1a: Iron Moth|ability: Quark Drive|[fromitem]
|-start|p1a: Iron Moth|quarkdrivespa
|turn|14
|
|t:|1758352370
|move|p1a: Iron Moth|Sludge Wave|p2a: Walking Wake
|-damage|p2a: Walking Wake|14/100
|-status|p2a: Walking Wake|psn
|move|p2a: Walking Wake|Hydro Steam|p1a: Iron Moth
|-supereffective|p1a: Iron Moth
|-damage|p1a: Iron Moth|0 fnt
|faint|p1a: Iron Moth
|-end|p1a: Iron Moth|Quark Drive|[silent]
|
|-damage|p2a: Walking Wake|2/100 psn|[from] psn
|upkeep
|
|t:|1758352382
|switch|p1a: Gholdengo|Gholdengo|88/100
|-damage|p1a: Gholdengo|82/100|[from] Stealth Rock
|-item|p1a: Gholdengo|Air Balloon
|turn|15
|
|t:|1758352388
|move|p1a: Gholdengo|Shadow Ball|p2a: Walking Wake
|-damage|p2a: Walking Wake|0 fnt
|faint|p2a: Walking Wake
|-end|p2a: Walking Wake|Protosynthesis|[silent]
|
|upkeep
|
|t:|1758352393
|switch|p2a: Arcanine|Arcanine-Hisui, F|100/100
|-activate|p2a: Arcanine|move: Sticky Web
|-unboost|p2a: Arcanine|spe|1
|turn|16
|
|t:|1758352406
|move|p1a: Gholdengo|Focus Blast|p2a: Arcanine
|-supereffective|p2a: Arcanine
|-damage|p2a: Arcanine|0 fnt
|faint|p2a: Arcanine
|
|win|chaintrainalt
|raw|chaintrainalt's rating: 1233 &rarr; <strong>1256</strong><br />(+23 for winning)
|raw|reileyb's rating: 1202 &rarr; <strong>1179</strong><br />(-23 for losing)
|l|☆reileyb
|player|p2|
|l|☆chaintrainalt
|player|p1|
