|j|☆hmy1
|j|☆jxrx
|t:|1758349982
|gametype|singles
|player|p1|hmy1|elesa-gen5bw2|1242
|player|p2|jxrx|norman|1283
|gen|9
|tier|[Gen 9] OU
|rated|
|rule|HP Percentage Mod: HP is shown in percentages
|rule|Endless Battle Clause: Forcing endless battles is banned
|rule|Species Clause: Limit one of each Pokémon
|rule|OHKO Clause: OHKO moves are banned
|rule|Evasion Items Clause: Evasion items are banned
|rule|Evasion Moves Clause: Evasion moves are banned
|rule|Evasion Abilities Clause: Evasion abilities are banned
|rule|Sleep Moves Clause: Sleep-inducing moves are banned
|clearpoke
|poke|p1|Great Tusk|
|poke|p1|Scream Tail|
|poke|p1|Walking Wake|
|poke|p1|Raging Bolt|
|poke|p1|Ninetales, M|
|poke|p1|Venusaur, F|
|poke|p2|Dragapult, M|
|poke|p2|Vileplume, M|
|poke|p2|Kleavor, F|
|poke|p2|Samurott-Hisui, F|
|poke|p2|Galvantula, F|
|poke|p2|Cryogonal|
|teampreview
|inactive|Battle timer is ON: inactive players will automatically lose when time's up. (requested by hmy1)
|
|t:|1758350007
|teamsize|p1|6
|teamsize|p2|6
|start
|switch|p1a: Ninetales|Ninetales, M|100/100
|switch|p2a: Kleavor|Kleavor, F|100/100
|-weather|SunnyDay|[from] ability: Drought|[of] p1a: Ninetales
|turn|1
|
|t:|1758350029
|switch|p1a: 帕迪亚睾丸|Great Tusk|100/100
|-activate|p1a: 帕迪亚睾丸|ability: Protosynthesis
|-start|p1a: 帕迪亚睾丸|protosynthesisdef
|move|p2a: Kleavor|Stone Axe|p1a: 帕迪亚睾丸
|-resisted|p1a: 帕迪亚睾丸
|-damage|p1a: 帕迪亚睾丸|94/100
|-sidestart|p1: hmy1|move: Stealth Rock
|
|-weather|SunnyDay|[upkeep]
|-heal|p1a: 帕迪亚睾丸|99/100|[from] item: Leftovers
|upkeep
|turn|2
|
|t:|1758350041
|switch|p2a: Vileplume|Vileplume, M|100/100
|move|p1a: 帕迪亚睾丸|Knock Off|p2a: Vileplume
|-damage|p2a: Vileplume|78/100
|-damage|p1a: 帕迪亚睾丸|84/100|[from] item: Rocky Helmet|[of] p2a: Vileplume
|-enditem|p2a: Vileplume|Rocky Helmet|[from] move: Knock Off|[of] p1a: 帕迪亚睾丸
|
|-weather|SunnyDay|[upkeep]
|-heal|p1a: 帕迪亚睾丸|90/100|[from] item: Leftovers
|upkeep
|turn|3
|
|t:|1758350050
|move|p1a: 帕迪亚睾丸|Ice Spinner|p2a: Vileplume
|-supereffective|p2a: Vileplume
|-damage|p2a: Vileplume|42/100
|move|p2a: Vileplume|Strength Sap|p1a: 帕迪亚睾丸
|-unboost|p1a: 帕迪亚睾丸|atk|1
|-heal|p2a: Vileplume|100/100
|
|-weather|SunnyDay|[upkeep]
|-heal|p1a: 帕迪亚睾丸|96/100|[from] item: Leftovers
|upkeep
|turn|4
|
|t:|1758350062
|move|p1a: 帕迪亚睾丸|Rapid Spin|p2a: Vileplume
|-damage|p2a: Vileplume|93/100
|-boost|p1a: 帕迪亚睾丸|spe|1
|-sideend|p1: hmy1|Stealth Rock|[from] move: Rapid Spin|[of] p1a: 帕迪亚睾丸
|move|p2a: Vileplume|Giga Drain|p1a: 帕迪亚睾丸
|-supereffective|p1a: 帕迪亚睾丸
|-damage|p1a: 帕迪亚睾丸|15/100
|-heal|p2a: Vileplume|100/100|[from] drain|[of] p1a: 帕迪亚睾丸
|
|-weather|SunnyDay|[upkeep]
|-heal|p1a: 帕迪亚睾丸|21/100|[from] item: Leftovers
|upkeep
|turn|5
|inactive|hmy1 has 120 seconds left.
|
|t:|1758350096
|-end|p1a: 帕迪亚睾丸|Protosynthesis|[silent]
|switch|p1a: Venusaur|Venusaur, F|100/100
|move|p2a: Vileplume|Leech Seed|p1a: Venusaur
|-immune|p1a: Venusaur
|
|-weather|SunnyDay|[upkeep]
|upkeep
|turn|6
|inactive|hmy1 has 120 seconds left.
|inactive|jxrx has 120 seconds left.
|
|t:|1758350148
|move|p1a: Venusaur|Growth|p1a: Venusaur
|-boost|p1a: Venusaur|atk|2
|-boost|p1a: Venusaur|spa|2
|move|p2a: Vileplume|Sludge Wave|p1a: Venusaur
|-damage|p1a: Venusaur|62/100
|
|-weather|SunnyDay|[upkeep]
|upkeep
|turn|7
|inactive|hmy1 has 120 seconds left.
|
|t:|1758350161
|move|p1a: Venusaur|Weather Ball|p2a: Vileplume
|-supereffective|p2a: Vileplume
|-damage|p2a: Vileplume|0 fnt
|faint|p2a: Vileplume
|-damage|p1a: Venusaur|52/100|[from] item: Life Orb
|
|-weather|SunnyDay|[upkeep]
|upkeep
|inactive|jxrx has 90 seconds left.
|
|t:|1758350206
|switch|p2a: Samurott|Samurott-Hisui, F|100/100
|turn|8
|inactive|hmy1 has 120 seconds left.
|l|☆jxrx
|inactive|jxrx disconnected and has a minute to reconnect!
|player|p2|
|
|t:|1758350248
|-terastallize|p2a: Samurott|Dark
|move|p1a: Venusaur|Sludge Bomb|p2a: Samurott
|-damage|p2a: Samurott|0 fnt
|faint|p2a: Samurott
|-damage|p1a: Venusaur|42/100|[from] item: Life Orb
|
|-weather|none
|upkeep
|l|☆hmy1
|inactive|hmy1 disconnected and has a minute to reconnect!
|player|p1|
|j|☆hmy1
|inactive|hmy1 reconnected.
|player|p1|hmy1|elesa-gen5bw2|
|inactive|jxrx has 30 seconds to reconnect!
|inactive|jxrx has 20 seconds to reconnect!
|inactive|jxrx has 15 seconds to reconnect!
|j|☆jxrx
|inactive|jxrx reconnected and has 45 seconds left.
|player|p2|jxrx|norman|
|
|t:|1758350297
|switch|p2a: Dragapult|Dragapult, M|100/100
|turn|9
|
|t:|1758350309
|switch|p1a: 梦幻|Scream Tail|100/100
|move|p2a: Dragapult|Dragon Darts|p1a: 梦幻
|-immune|p1a: 梦幻
|
|upkeep
|turn|10
|
|t:|1758350321
|move|p2a: Dragapult|Substitute|p2a: Dragapult
|-start|p2a: Dragapult|Substitute
|-damage|p2a: Dragapult|76/100
|move|p1a: 梦幻|Wish|p1a: 梦幻
|
|-heal|p2a: Dragapult|82/100|[from] item: Leftovers
|upkeep
|turn|11
|inactive|hmy1 has 90 seconds left.
|
|t:|1758350342
|move|p2a: Dragapult|Dragon Dance|p2a: Dragapult
|-boost|p2a: Dragapult|atk|1
|-boost|p2a: Dragapult|spe|1
|move|p1a: 梦幻|Perish Song|p1a: 梦幻
|-start|p1a: 梦幻|perish3|[silent]
|-start|p2a: Dragapult|perish3|[silent]
|-fieldactivate|move: Perish Song
|
|-heal|p2a: Dragapult|88/100|[from] item: Leftovers
|-start|p2a: Dragapult|perish3
|-start|p1a: 梦幻|perish3
|upkeep
|turn|12
|inactive|hmy1 has 90 seconds left.
|
|t:|1758350376
|move|p2a: Dragapult|Phantom Force||[still]
|-prepare|p2a: Dragapult|Phantom Force
|move|p1a: 梦幻|Wish|p1a: 梦幻
|
|-heal|p2a: Dragapult|94/100|[from] item: Leftovers
|-start|p2a: Dragapult|perish2
|-start|p1a: 梦幻|perish2
|upkeep
|turn|13
|
|t:|1758350390
|move|p2a: Dragapult|Phantom Force|p1a: 梦幻|[from] lockedmove
|-supereffective|p1a: 梦幻
|-damage|p1a: 梦幻|0 fnt
|faint|p1a: 梦幻
|-end|p1a: 梦幻|Protosynthesis|[silent]
|
|-heal|p2a: Dragapult|99/100|[from] item: Leftovers
|-start|p2a: Dragapult|perish1
|upkeep
|
|t:|1758350402
|switch|p1a: Ninetales|Ninetales, M|100/100
|-weather|SunnyDay|[from] ability: Drought|[of] p1a: Ninetales
|turn|14
|
|t:|1758350412
|switch|p1a: Venusaur|Venusaur, F|42/100
|move|p2a: Dragapult|Dragon Darts|p1a: Venusaur
|-damage|p1a: Venusaur|0 fnt
|faint|p1a: Venusaur
|
|-weather|SunnyDay|[upkeep]
|-heal|p2a: Dragapult|100/100|[from] item: Leftovers
|-start|p2a: Dragapult|perish0
|upkeep
|faint|p2a: Dragapult
|inactive|hmy1 has 60 seconds left.
|-message|jxrx forfeited.
|
|win|hmy1
|raw|hmy1's rating: 1242 &rarr; <strong>1270</strong><br />(+28 for winning)
|raw|jxrx's rating: 1283 &rarr; <strong>1255</strong><br />(-28 for losing)
|l|☆jxrx
|player|p2|
|l|☆hmy1
|player|p1|
