|j|☆scarfwake
|j|☆yahia59
|t:|1758362553
|gametype|singles
|player|p1|scarfwake|miku-flying|1403
|player|p2|yahia59|169|1388
|gen|9
|tier|[Gen 9] OU
|rated|
|rule|HP Percentage Mod: HP is shown in percentages
|rule|Endless Battle Clause: Forcing endless battles is banned
|rule|Species Clause: Limit one of each Pokémon
|rule|OHKO Clause: OHKO moves are banned
|rule|Evasion Items Clause: Evasion items are banned
|rule|Evasion Moves Clause: Evasion moves are banned
|rule|Evasion Abilities Clause: Evasion abilities are banned
|rule|Sleep Moves Clause: Sleep-inducing moves are banned
|clearpoke
|poke|p1|Heatran, F|
|poke|p1|Rillaboom, F|
|poke|p1|Ogerpon-Wellspring, F|
|poke|p1|Scizor, M|
|poke|p1|Kyurem|
|poke|p1|Great Tusk|
|poke|p2|Tornadus, M|
|poke|p2|Toxtricity, M|
|poke|p2|Iron Valiant|
|poke|p2|Arcanine-Hisui, M|
|poke|p2|Brambleghast, M|
|poke|p2|Hydreigon, M|
|teampreview
|inactive|Battle timer is ON: inactive players will automatically lose when time's up. (requested by scarfwake)
|inactive|yahia59 also wants the timer to be on.
|inactive|yahia59 has 120 seconds left.
|c|☆scarfwake|hellloooo????
|c|☆yahia59|yo  wasup
|
|t:|1758362615
|teamsize|p1|6
|teamsize|p2|6
|start
|switch|p1a: Rillaboom|Rillaboom, F|100/100
|switch|p2a: Arcanine|Arcanine-Hisui, M, shiny|100/100
|-fieldstart|move: Grassy Terrain|[from] ability: Grassy Surge|[of] p1a: Rillaboom
|turn|1
|c|☆scarfwake|sorry im tilting rn
|c|☆scarfwake|i was gonna get mad at you for taking more than 5 seconds leading
|inactive|scarfwake has 120 seconds left.
|
|t:|1758362645
|switch|p1a: Heatran|Heatran, F|100/100
|move|p2a: Arcanine|Head Smash|p1a: Heatran
|-damage|p1a: Heatran|29/100
|
|-heal|p1a: Heatran|35/100|[from] Grassy Terrain
|-heal|p1a: Heatran|41/100|[from] item: Leftovers
|upkeep
|turn|2
|c|☆yahia59|its okay bro
|inactive|scarfwake has 120 seconds left.
|inactive|yahia59 has 120 seconds left.
|
|t:|1758362672
|switch|p2a: Tornadus|Tornadus, M, shiny|100/100
|switch|p1a: Great Tusk|Great Tusk|100/100
|
|upkeep
|turn|3
|
|t:|1758362682
|move|p2a: Tornadus|Hurricane|p1a: Great Tusk
|-supereffective|p1a: Great Tusk
|-damage|p1a: Great Tusk|0 fnt
|faint|p1a: Great Tusk
|-end|p1a: Great Tusk|Protosynthesis|[silent]
|
|upkeep
|c|☆yahia59|lol
|
|t:|1758362691
|switch|p1a: Ogerpon|Ogerpon-Wellspring, F|100/100
|turn|4
|
|t:|1758362698
|-terastallize|p1a: Ogerpon|Water
|detailschange|p1a: Ogerpon|Ogerpon-Wellspring-Tera, F, tera:Water
|-ability|p1a: Ogerpon|Embody Aspect (Wellspring)|boost
|-boost|p1a: Ogerpon|spd|1
|move|p2a: Tornadus|Hurricane|p1a: Ogerpon
|-damage|p1a: Ogerpon|56/100
|move|p1a: Ogerpon|Swords Dance|p1a: Ogerpon
|-boost|p1a: Ogerpon|atk|2
|
|-heal|p1a: Ogerpon|62/100|[from] Grassy Terrain
|upkeep
|turn|5
|
|t:|1758362713
|move|p2a: Tornadus|Tailwind|p2a: Tornadus
|-sidestart|p2: yahia59|move: Tailwind
|move|p1a: Ogerpon|Ivy Cudgel|p2a: Tornadus|[anim] Ivy Cudgel Water
|-damage|p2a: Tornadus|0 fnt
|faint|p2a: Tornadus
|
|-heal|p1a: Ogerpon|68/100|[from] Grassy Terrain
|upkeep
|inactive|yahia59 has 120 seconds left.
|
|t:|1758362737
|switch|p2a: Toxtricity|Toxtricity, M, shiny|100/100
|turn|6
|inactive|yahia59 has 120 seconds left.
|
|t:|1758362752
|switch|p1a: Scizor|Scizor, M|100/100
|move|p2a: Toxtricity|Overdrive|p1a: Scizor
|-damage|p1a: Scizor|3/100
|
|-heal|p1a: Scizor|9/100|[from] Grassy Terrain
|-heal|p1a: Scizor|15/100|[from] item: Leftovers
|upkeep
|turn|7
|inactive|yahia59 has 120 seconds left.
|
|t:|1758362784
|move|p1a: Scizor|Bullet Punch|p2a: Toxtricity
|-resisted|p2a: Toxtricity
|-damage|p2a: Toxtricity|72/100
|move|p2a: Toxtricity|Overdrive|p1a: Scizor
|-damage|p1a: Scizor|0 fnt
|faint|p1a: Scizor
|
|-heal|p2a: Toxtricity|79/100|[from] Grassy Terrain
|upkeep
|
|t:|1758362793
|switch|p1a: Kyurem|Kyurem|100/100
|-ability|p1a: Kyurem|Pressure
|turn|8
|
|t:|1758362808
|switch|p2a: Arcanine|Arcanine-Hisui, M, shiny|100/100
|move|p1a: Kyurem|Protect||[still]
|-fail|p1a: Kyurem
|
|-sideend|p2: yahia59|move: Tailwind
|-fieldend|move: Grassy Terrain
|upkeep
|turn|9
|inactive|scarfwake has 120 seconds left.
|
|t:|1758362841
|move|p1a: Kyurem|Earth Power|p2a: Arcanine
|-supereffective|p2a: Arcanine
|-damage|p2a: Arcanine|0 fnt
|faint|p2a: Arcanine
|
|upkeep
|inactive|yahia59 has 90 seconds left.
|inactive|yahia59 has 60 seconds left.
|
|t:|1758362902
|switch|p2a: Hydreigon|Hydreigon, M, shiny|100/100
|turn|10
|inactive|yahia59 has 60 seconds left.
|inactive|scarfwake has 120 seconds left.
|
|t:|1758362918
|move|p2a: Hydreigon|Draco Meteor|p1a: Kyurem
|-supereffective|p1a: Kyurem
|-damage|p1a: Kyurem|0 fnt
|-unboost|p2a: Hydreigon|spa|2
|faint|p1a: Kyurem
|-enditem|p2a: Hydreigon|Eject Pack
|inactive|yahia59 has 60 seconds left.
|
|t:|1758362941
|switch|p2a: Toxtricity|Toxtricity, M, shiny|79/100
|
|upkeep
|
|t:|1758362948
|switch|p1a: Ogerpon|Ogerpon-Wellspring-Tera, F, tera:Water|68/100
|-ability|p1a: Ogerpon|Embody Aspect (Wellspring)|boost
|-boost|p1a: Ogerpon|spd|1
|turn|11
|
|t:|1758362954
|switch|p2a: Brambleghast|Brambleghast, M, shiny|100/100
|move|p1a: Ogerpon|Ivy Cudgel|p2a: Brambleghast|[anim] Ivy Cudgel Water
|-resisted|p2a: Brambleghast
|-damage|p2a: Brambleghast|19/100
|
|upkeep
|turn|12
|inactive|yahia59 has 60 seconds left.
|
|t:|1758362968
|move|p2a: Brambleghast|Shadow Sneak|p1a: Ogerpon
|-damage|p1a: Ogerpon|28/100
|-damage|p2a: Brambleghast|9/100|[from] item: Life Orb
|move|p1a: Ogerpon|Ivy Cudgel|p2a: Brambleghast|[anim] Ivy Cudgel Water
|-resisted|p2a: Brambleghast
|-damage|p2a: Brambleghast|0 fnt
|faint|p2a: Brambleghast
|
|upkeep
|inactive|yahia59 has 60 seconds left.
|
|t:|1758362981
|switch|p2a: Iron Valiant|Iron Valiant, shiny|100/100
|turn|13
|inactive|yahia59 has 60 seconds left.
|
|t:|1758362995
|switch|p1a: Rillaboom|Rillaboom, F|100/100
|-fieldstart|move: Grassy Terrain|[from] ability: Grassy Surge|[of] p1a: Rillaboom
|move|p2a: Iron Valiant|Moonblast|p1a: Rillaboom
|-damage|p1a: Rillaboom|15/100
|
|-heal|p1a: Rillaboom|21/100|[from] Grassy Terrain
|upkeep
|turn|14
|inactive|yahia59 has 60 seconds left.
|
|t:|1758363015
|move|p1a: Rillaboom|Grassy Glide|p2a: Iron Valiant
|-damage|p2a: Iron Valiant|52/100
|move|p2a: Iron Valiant|Moonblast|p1a: Rillaboom
|-damage|p1a: Rillaboom|0 fnt
|faint|p1a: Rillaboom
|
|-heal|p2a: Iron Valiant|59/100|[from] Grassy Terrain
|upkeep
|
|t:|1758363021
|switch|p1a: Ogerpon|Ogerpon-Wellspring-Tera, F, tera:Water|28/100
|-ability|p1a: Ogerpon|Embody Aspect (Wellspring)|boost
|-boost|p1a: Ogerpon|spd|1
|turn|15
|
|t:|1758363031
|move|p1a: Ogerpon|Grassy Glide|p2a: Iron Valiant
|-damage|p2a: Iron Valiant|0 fnt
|faint|p2a: Iron Valiant
|-end|p2a: Iron Valiant|Quark Drive|[silent]
|
|-heal|p1a: Ogerpon|34/100|[from] Grassy Terrain
|upkeep
|
|t:|1758363037
|switch|p2a: Hydreigon|Hydreigon, M, shiny|100/100
|turn|16
|
|t:|1758363040
|move|p2a: Hydreigon|Tailwind|p2a: Hydreigon
|-sidestart|p2: yahia59|move: Tailwind
|move|p1a: Ogerpon|Play Rough|p2a: Hydreigon|[miss]
|-miss|p1a: Ogerpon|p2a: Hydreigon
|
|-heal|p1a: Ogerpon|40/100|[from] Grassy Terrain
|upkeep
|turn|17
|
|t:|1758363047
|move|p2a: Hydreigon|Draco Meteor|p1a: Ogerpon
|-damage|p1a: Ogerpon|0 fnt
|-unboost|p2a: Hydreigon|spa|2
|faint|p1a: Ogerpon
|detailschange|p1: Ogerpon|Ogerpon-Wellspring, F|[silent]
|
|upkeep
|-message|scarfwake forfeited.
|
|win|yahia59
|raw|scarfwake's rating: 1422 &rarr; <strong>1400</strong><br />(-22 for losing)
|raw|yahia59's rating: 1388 &rarr; <strong>1410</strong><br />(+22 for winning)
|l|☆scarfwake
|player|p1|
