|j|☆don coleone
|j|☆Charlie_Kirk_Bye
|t:|1758262417
|gametype|singles
|player|p1|don coleone|102|1458
|player|p2|Charlie_Kirk_Bye|hoopster|1528
|gen|9
|tier|[Gen 9] OU
|rated|
|rule|HP Percentage Mod: HP is shown in percentages
|rule|Endless Battle Clause: Forcing endless battles is banned
|rule|Species Clause: Limit one of each Pokémon
|rule|OHKO Clause: OHKO moves are banned
|rule|Evasion Items Clause: Evasion items are banned
|rule|Evasion Moves Clause: Evasion moves are banned
|rule|Evasion Abilities Clause: Evasion abilities are banned
|rule|Sleep Moves Clause: Sleep-inducing moves are banned
|clearpoke
|poke|p1|Lokix, M|
|poke|p1|Comfey, F|
|poke|p1|Weezing-Galar, M|
|poke|p1|Feraligatr, M|
|poke|p1|Clodsire, F|
|poke|p1|Alomomola, F|
|poke|p2|Alomomola, M|
|poke|p2|Ting-Lu|
|poke|p2|Zamazenta-*|
|poke|p2|Hawlucha, F|
|poke|p2|Iron Valiant|
|poke|p2|Darkrai|
|teampreview
|inactive|Battle timer is ON: inactive players will automatically lose when time's up. (requested by Charlie_Kirk_Bye)
|inactive|don coleone has 120 seconds left.
|
|t:|1758262452
|teamsize|p1|6
|teamsize|p2|6
|start
|switch|p1a: Lokix|Lokix, M|100/100
|switch|p2a: Ting-Lu|Ting-Lu|100/100
|-ability|p2a: Ting-Lu|Vessel of Ruin
|turn|1
|
|t:|1758262456
|switch|p2a: Hawlucha|Hawlucha, F|100/100
|-ability|p2a: Hawlucha|Mold Breaker
|move|p1a: Lokix|Swords Dance|p1a: Lokix
|-boost|p1a: Lokix|atk|2
|
|upkeep
|turn|2
|
|t:|1758262461
|move|p1a: Lokix|Sucker Punch||[still]
|-fail|p1a: Lokix
|move|p2a: Hawlucha|Encore|p1a: Lokix
|-start|p1a: Lokix|Encore
|
|upkeep
|turn|3
|
|t:|1758262466
|switch|p2a: Darkrai|Darkrai|100/100
|switch|p1a: Weezing|Weezing-Galar, M|100/100
|-ability|p1a: Weezing|Neutralizing Gas
|
|upkeep
|turn|4
|j| Zzroxy
|inactive|Charlie_Kirk_Bye has 120 seconds left.
|
|t:|1758262504
|switch|p2a: Alomomola|Alomomola, M|100/100
|move|p1a: Weezing|Toxic|p2a: Alomomola
|-status|p2a: Alomomola|tox
|
|-damage|p2a: Alomomola|94/100 tox|[from] psn
|upkeep
|turn|5
|
|t:|1758262511
|move|p2a: Alomomola|Flip Turn|p1a: Weezing
|-damage|p1a: Weezing|89/100
|
|t:|1758262517
|switch|p2a: Ting-Lu|Ting-Lu|100/100|[from] Flip Turn
|move|p1a: Weezing|Strange Steam|p2a: Ting-Lu
|-supereffective|p2a: Ting-Lu
|-damage|p2a: Ting-Lu|57/100
|
|-heal|p1a: Weezing|95/100|[from] item: Leftovers
|upkeep
|turn|6
|
|t:|1758262524
|move|p1a: Weezing|Strange Steam|p2a: Ting-Lu
|-supereffective|p2a: Ting-Lu
|-damage|p2a: Ting-Lu|17/100
|move|p2a: Ting-Lu|Heavy Slam|p1a: Weezing
|-supereffective|p1a: Weezing
|-damage|p1a: Weezing|17/100
|
|-heal|p1a: Weezing|23/100|[from] item: Leftovers
|upkeep
|turn|7
|c|☆Charlie_Kirk_Bye|its so strong
|
|t:|1758262533
|move|p1a: Weezing|Strange Steam|p2a: Ting-Lu
|-supereffective|p2a: Ting-Lu
|-damage|p2a: Ting-Lu|0 fnt
|faint|p2a: Ting-Lu
|
|-heal|p1a: Weezing|29/100|[from] item: Leftovers
|upkeep
|
|t:|1758262537
|switch|p2a: Darkrai|Darkrai|100/100
|turn|8
|
|t:|1758262541
|-end|p1a: Weezing|ability: Neutralizing Gas
|switch|p1a: Clodsire|Clodsire, F|100/100
|-terastallize|p2a: Darkrai|Dark
|move|p2a: Darkrai|Dark Pulse|p1a: Clodsire
|-damage|p1a: Clodsire|59/100
|
|-heal|p1a: Clodsire|65/100|[from] item: Leftovers
|upkeep
|turn|9
|
|t:|1758262547
|move|p2a: Darkrai|Dark Pulse|p1a: Clodsire
|-damage|p1a: Clodsire|18/100
|move|p1a: Clodsire|Earthquake|p2a: Darkrai
|-damage|p2a: Darkrai|66/100
|
|-heal|p1a: Clodsire|24/100|[from] item: Leftovers
|upkeep
|turn|10
|
|t:|1758262554
|move|p2a: Darkrai|Dark Pulse|p1a: Clodsire
|-damage|p1a: Clodsire|0 fnt
|faint|p1a: Clodsire
|
|upkeep
|
|t:|1758262556
|switch|p1a: Lokix|Lokix, M|100/100
|turn|11
|
|t:|1758262559
|switch|p2a: Hawlucha|Hawlucha, F|100/100
|-ability|p2a: Hawlucha|Mold Breaker
|move|p1a: Lokix|Knock Off|p2a: Hawlucha
|-resisted|p2a: Hawlucha
|-damage|p2a: Hawlucha|52/100
|-enditem|p2a: Hawlucha|Leftovers|[from] move: Knock Off|[of] p1a: Lokix
|
|upkeep
|turn|12
|
|t:|1758262566
|switch|p1a: Alomomola|Alomomola, F|100/100
|move|p2a: Hawlucha|U-turn|p1a: Alomomola
|-crit|p1a: Alomomola
|-damage|p1a: Alomomola|88/100
|
|t:|1758262570
|switch|p2a: Darkrai|Darkrai, tera:Dark|66/100|[from] U-turn
|
|-heal|p1a: Alomomola|95/100|[from] item: Leftovers
|upkeep
|turn|13
|
|t:|1758262575
|move|p1a: Alomomola|Protect|p1a: Alomomola
|-singleturn|p1a: Alomomola|Protect
|move|p2a: Darkrai|Dark Pulse|p1a: Alomomola
|-activate|p1a: Alomomola|move: Protect
|
|-heal|p1a: Alomomola|100/100|[from] item: Leftovers
|upkeep
|turn|14
|
|t:|1758262581
|-terastallize|p1a: Alomomola|Fairy
|move|p2a: Darkrai|Dark Pulse|p1a: Alomomola
|-resisted|p1a: Alomomola
|-damage|p1a: Alomomola|53/100
|cant|p1a: Alomomola|flinch
|
|-heal|p1a: Alomomola|59/100|[from] item: Leftovers
|upkeep
|turn|15
|
|t:|1758262586
|move|p2a: Darkrai|Dark Pulse|p1a: Alomomola
|-resisted|p1a: Alomomola
|-damage|p1a: Alomomola|8/100
|cant|p1a: Alomomola|flinch
|
|-heal|p1a: Alomomola|14/100|[from] item: Leftovers
|upkeep
|turn|16
|
|t:|1758262593
|move|p1a: Alomomola|Protect|p1a: Alomomola
|-singleturn|p1a: Alomomola|Protect
|move|p2a: Darkrai|Dark Pulse|p1a: Alomomola
|-activate|p1a: Alomomola|move: Protect
|
|-heal|p1a: Alomomola|20/100|[from] item: Leftovers
|upkeep
|turn|17
|
|t:|1758262596
|switch|p1a: Weezing|Weezing-Galar, M|29/100
|-ability|p1a: Weezing|Neutralizing Gas
|move|p2a: Darkrai|Dark Pulse|p1a: Weezing
|-resisted|p1a: Weezing
|-damage|p1a: Weezing|0 fnt
|faint|p1a: Weezing
|-end|p1a: Weezing|ability: Neutralizing Gas
|
|upkeep
|
|t:|1758262599
|switch|p1a: Comfey|Comfey, F|100/100
|turn|18
|
|t:|1758262611
|switch|p2a: Zamazenta|Zamazenta|100/100
|-ability|p2a: Zamazenta|Dauntless Shield|boost
|-boost|p2a: Zamazenta|def|1
|move|p1a: Comfey|Calm Mind|p1a: Comfey
|-boost|p1a: Comfey|spa|1
|-boost|p1a: Comfey|spd|1
|
|upkeep
|turn|19
|
|t:|1758262617
|move|p1a: Comfey|Draining Kiss|p2a: Zamazenta
|-supereffective|p2a: Zamazenta
|-damage|p2a: Zamazenta|25/100
|-damage|p1a: Comfey|91/100|[from] item: Life Orb
|move|p2a: Zamazenta|Heavy Slam|p1a: Comfey
|-supereffective|p1a: Comfey
|-damage|p1a: Comfey|0 fnt
|faint|p1a: Comfey
|
|upkeep
|
|t:|1758262621
|switch|p1a: Feraligatr|Feraligatr, M|100/100
|turn|20
|
|t:|1758262630
|switch|p2a: Alomomola|Alomomola, M|94/100 tox
|move|p1a: Feraligatr|Dragon Dance|p1a: Feraligatr
|-boost|p1a: Feraligatr|atk|1
|-boost|p1a: Feraligatr|spe|1
|
|-damage|p2a: Alomomola|88/100 tox|[from] psn
|upkeep
|turn|21
|
|t:|1758262634
|move|p1a: Feraligatr|Dragon Dance|p1a: Feraligatr
|-boost|p1a: Feraligatr|atk|1
|-boost|p1a: Feraligatr|spe|1
|move|p2a: Alomomola|Icy Wind|p1a: Feraligatr
|-resisted|p1a: Feraligatr
|-damage|p1a: Feraligatr|97/100
|-unboost|p1a: Feraligatr|spe|1
|
|-damage|p2a: Alomomola|76/100 tox|[from] psn
|upkeep
|turn|22
|
|t:|1758262638
|move|p1a: Feraligatr|Dragon Dance|p1a: Feraligatr
|-boost|p1a: Feraligatr|atk|1
|-boost|p1a: Feraligatr|spe|1
|move|p2a: Alomomola|Icy Wind|p1a: Feraligatr
|-resisted|p1a: Feraligatr
|-damage|p1a: Feraligatr|93/100
|-unboost|p1a: Feraligatr|spe|1
|
|-damage|p2a: Alomomola|57/100 tox|[from] psn
|upkeep
|turn|23
|
|t:|1758262642
|move|p1a: Feraligatr|Dragon Dance|p1a: Feraligatr
|-boost|p1a: Feraligatr|atk|1
|-boost|p1a: Feraligatr|spe|1
|move|p2a: Alomomola|Icy Wind|p1a: Feraligatr
|-resisted|p1a: Feraligatr
|-damage|p1a: Feraligatr|90/100
|-unboost|p1a: Feraligatr|spe|1
|
|-damage|p2a: Alomomola|33/100 tox|[from] psn
|upkeep
|turn|24
|
|t:|1758262646
|move|p1a: Feraligatr|Dragon Dance|p1a: Feraligatr
|-boost|p1a: Feraligatr|atk|1
|-boost|p1a: Feraligatr|spe|1
|move|p2a: Alomomola|Icy Wind|p1a: Feraligatr
|-resisted|p1a: Feraligatr
|-damage|p1a: Feraligatr|86/100
|-unboost|p1a: Feraligatr|spe|1
|
|-damage|p2a: Alomomola|2/100 tox|[from] psn
|upkeep
|turn|25
|
|t:|1758262649
|move|p1a: Feraligatr|Dragon Dance|p1a: Feraligatr
|-boost|p1a: Feraligatr|atk|1
|-boost|p1a: Feraligatr|spe|1
|move|p2a: Alomomola|Icy Wind|p1a: Feraligatr
|-resisted|p1a: Feraligatr
|-damage|p1a: Feraligatr|82/100
|-unboost|p1a: Feraligatr|spe|1
|
|-damage|p2a: Alomomola|0 fnt|[from] psn
|faint|p2a: Alomomola
|upkeep
|
|t:|1758262659
|switch|p2a: Darkrai|Darkrai, tera:Dark|66/100
|turn|26
|
|t:|1758262663
|move|p1a: Feraligatr|Aqua Jet|p2a: Darkrai
|-damage|p2a: Darkrai|0 fnt
|faint|p2a: Darkrai
|-damage|p1a: Feraligatr|72/100|[from] item: Life Orb
|
|upkeep
|
|t:|1758262670
|switch|p2a: Iron Valiant|Iron Valiant|100/100
|turn|27
|
|t:|1758262673
|move|p1a: Feraligatr|Aqua Jet|p2a: Iron Valiant
|-damage|p2a: Iron Valiant|0 fnt
|faint|p2a: Iron Valiant
|-end|p2a: Iron Valiant|Quark Drive|[silent]
|-damage|p1a: Feraligatr|62/100|[from] item: Life Orb
|
|upkeep
|-message|Charlie_Kirk_Bye forfeited.
|
|win|don coleone
|raw|don coleone's rating: 1458 &rarr; <strong>1482</strong><br />(+24 for winning)
|raw|Charlie_Kirk_Bye's rating: 1528 &rarr; <strong>1504</strong><br />(-24 for losing)
|l|☆Charlie_Kirk_Bye
|player|p2|
|l|☆don coleone
|player|p1|
