|j|‽stephadobo
|j|☆Kward17kw
|t:|1758261695
|gametype|singles
|player|p1|stephadobo|170|1104
|player|p2|Kward17kw|170|1113
|gen|9
|tier|[Gen 9] OU
|rated|
|rule|HP Percentage Mod: HP is shown in percentages
|rule|Endless Battle Clause: Forcing endless battles is banned
|rule|Species Clause: Limit one of each Pokémon
|rule|OHKO Clause: OHKO moves are banned
|rule|Evasion Items Clause: Evasion items are banned
|rule|Evasion Moves Clause: Evasion moves are banned
|rule|Evasion Abilities Clause: Evasion abilities are banned
|rule|Sleep Moves Clause: Sleep-inducing moves are banned
|clearpoke
|poke|p1|Dragonite, M|
|poke|p1|Kingambit, F|
|poke|p1|Gliscor, M|
|poke|p1|Heatran, F|
|poke|p1|Clefable, F|
|poke|p1|Sinistcha|
|poke|p2|Tinkaton, F|
|poke|p2|Pecharunt|
|poke|p2|Tsareena, F|
|poke|p2|Entei|
|poke|p2|Veluza, F|
|poke|p2|Yanmega, M|
|teampreview
|inactive|Battle timer is ON: inactive players will automatically lose when time's up. (requested by stephadobo)
|
|t:|1758261701
|teamsize|p1|6
|teamsize|p2|6
|start
|switch|p1a: Gliscor|Gliscor, M, shiny|100/100
|switch|p2a: Tsareena|Tsareena, F|100/100
|turn|1
|
|t:|1758261711
|move|p1a: Gliscor|Protect|p1a: Gliscor
|-singleturn|p1a: Gliscor|Protect
|move|p2a: Tsareena|Knock Off|p1a: Gliscor
|-activate|p1a: Gliscor|move: Protect
|
|-status|p1a: Gliscor|tox|[from] item: Toxic Orb
|upkeep
|turn|2
|
|t:|1758261720
|move|p1a: Gliscor|Toxic|p2a: Tsareena
|-status|p2a: Tsareena|tox
|move|p2a: Tsareena|Triple Axel|p1a: Gliscor
|-supereffective|p1a: Gliscor
|-crit|p1a: Gliscor
|-damage|p1a: Gliscor|74/100 tox
|-supereffective|p1a: Gliscor
|-damage|p1a: Gliscor|33/100 tox
|-supereffective|p1a: Gliscor
|-damage|p1a: Gliscor|0 fnt
|faint|p1a: Gliscor
|-hitcount|p1: Gliscor|3
|
|-damage|p2a: Tsareena|94/100 tox|[from] psn
|upkeep
|
|t:|1758261728
|switch|p1a: Sinistcha|Sinistcha, shiny|100/100
|turn|3
|
|t:|1758261738
|switch|p2a: Tinkaton|Tinkaton, F|100/100
|move|p1a: Sinistcha|Calm Mind|p1a: Sinistcha
|-boost|p1a: Sinistcha|spa|1
|-boost|p1a: Sinistcha|spd|1
|
|upkeep
|turn|4
|
|t:|1758261750
|move|p2a: Tinkaton|Encore|p1a: Sinistcha
|-start|p1a: Sinistcha|Encore
|move|p1a: Sinistcha|Calm Mind|p1a: Sinistcha
|-boost|p1a: Sinistcha|spa|1
|-boost|p1a: Sinistcha|spd|1
|
|upkeep
|turn|5
|
|t:|1758261757
|move|p2a: Tinkaton|Thunder Wave|p1a: Sinistcha
|-status|p1a: Sinistcha|par
|move|p1a: Sinistcha|Calm Mind|p1a: Sinistcha
|-boost|p1a: Sinistcha|spa|1
|-boost|p1a: Sinistcha|spd|1
|
|upkeep
|turn|6
|
|t:|1758261764
|move|p2a: Tinkaton|Stealth Rock|p1a: Sinistcha
|-sidestart|p1: stephadobo|move: Stealth Rock
|move|p1a: Sinistcha|Calm Mind|p1a: Sinistcha
|-boost|p1a: Sinistcha|spa|1
|-boost|p1a: Sinistcha|spd|1
|
|-end|p1a: Sinistcha|Encore
|upkeep
|turn|7
|
|t:|1758261772
|move|p2a: Tinkaton|Encore|p1a: Sinistcha
|-start|p1a: Sinistcha|Encore
|move|p1a: Sinistcha|Calm Mind|p1a: Sinistcha
|-boost|p1a: Sinistcha|spa|1
|-boost|p1a: Sinistcha|spd|1
|
|upkeep
|turn|8
|
|t:|1758261779
|move|p2a: Tinkaton|Gigaton Hammer|p1a: Sinistcha
|-damage|p1a: Sinistcha|71/100 par
|move|p1a: Sinistcha|Calm Mind|p1a: Sinistcha
|-boost|p1a: Sinistcha|spa|1
|-boost|p1a: Sinistcha|spd|1
|
|-heal|p1a: Sinistcha|77/100 par|[from] item: Leftovers
|upkeep
|turn|9
|
|t:|1758261791
|move|p2a: Tinkaton|Thunder Wave|p1a: Sinistcha
|-fail|p1a: Sinistcha|par
|cant|p1a: Sinistcha|par
|
|-heal|p1a: Sinistcha|83/100 par|[from] item: Leftovers
|-end|p1a: Sinistcha|Encore
|upkeep
|turn|10
|
|t:|1758261800
|move|p2a: Tinkaton|Encore|p1a: Sinistcha
|-start|p1a: Sinistcha|Encore
|move|p1a: Sinistcha|Calm Mind|p1a: Sinistcha
|-boost|p1a: Sinistcha|spa|0
|-boost|p1a: Sinistcha|spd|0
|
|-heal|p1a: Sinistcha|89/100 par|[from] item: Leftovers
|upkeep
|turn|11
|
|t:|1758261812
|move|p2a: Tinkaton|Gigaton Hammer|p1a: Sinistcha
|-damage|p1a: Sinistcha|56/100 par
|move|p1a: Sinistcha|Calm Mind|p1a: Sinistcha
|-boost|p1a: Sinistcha|spa|0
|-boost|p1a: Sinistcha|spd|0
|
|-heal|p1a: Sinistcha|62/100 par|[from] item: Leftovers
|upkeep
|turn|12
|
|t:|1758261822
|move|p2a: Tinkaton|Thunder Wave|p1a: Sinistcha
|-fail|p1a: Sinistcha|par
|move|p1a: Sinistcha|Calm Mind|p1a: Sinistcha
|-boost|p1a: Sinistcha|spa|0
|-boost|p1a: Sinistcha|spd|0
|
|-heal|p1a: Sinistcha|68/100 par|[from] item: Leftovers
|-end|p1a: Sinistcha|Encore
|upkeep
|turn|13
|
|t:|1758261831
|move|p2a: Tinkaton|Encore|p1a: Sinistcha
|-start|p1a: Sinistcha|Encore
|move|p1a: Sinistcha|Calm Mind|p1a: Sinistcha
|-boost|p1a: Sinistcha|spa|0
|-boost|p1a: Sinistcha|spd|0
|
|-heal|p1a: Sinistcha|74/100 par|[from] item: Leftovers
|upkeep
|turn|14
|
|t:|1758261840
|switch|p2a: Entei|Entei|100/100
|move|p1a: Sinistcha|Calm Mind|p1a: Sinistcha
|-boost|p1a: Sinistcha|spa|0
|-boost|p1a: Sinistcha|spd|0
|
|-heal|p1a: Sinistcha|81/100 par|[from] item: Leftovers
|upkeep
|turn|15
|
|t:|1758261849
|-terastallize|p1a: Sinistcha|Poison
|move|p2a: Entei|Sacred Fire|p1a: Sinistcha
|-damage|p1a: Sinistcha|58/100 par
|-damage|p2a: Entei|91/100|[from] item: Life Orb
|cant|p1a: Sinistcha|par
|
|-heal|p1a: Sinistcha|64/100 par|[from] item: Leftovers
|-end|p1a: Sinistcha|Encore
|upkeep
|turn|16
|
|t:|1758261863
|move|p1a: Sinistcha|Strength Sap|p2a: Entei
|-unboost|p2a: Entei|atk|1
|-heal|p1a: Sinistcha|100/100 par
|move|p2a: Entei|Roar|p1a: Sinistcha
|drag|p1a: Dragonite|Dragonite, M|100/100
|
|upkeep
|turn|17
|
|t:|1758261873
|move|p2a: Entei|Sacred Fire|p1a: Dragonite
|-resisted|p1a: Dragonite
|-damage|p1a: Dragonite|88/100
|-damage|p2a: Entei|81/100|[from] item: Life Orb
|move|p1a: Dragonite|Earthquake|p2a: Entei
|-supereffective|p2a: Entei
|-damage|p2a: Entei|0 fnt
|faint|p2a: Entei
|
|upkeep
|
|t:|1758261883
|switch|p2a: Tsareena|Tsareena, F|94/100 tox
|turn|18
|
|t:|1758261887
|move|p1a: Dragonite|Fire Punch|p2a: Tsareena
|-supereffective|p2a: Tsareena
|-damage|p2a: Tsareena|40/100 tox
|move|p2a: Tsareena|Triple Axel|p1a: Dragonite
|-supereffective|p1a: Dragonite
|-damage|p1a: Dragonite|56/100
|-supereffective|p1a: Dragonite
|-damage|p1a: Dragonite|0 fnt
|faint|p1a: Dragonite
|-hitcount|p1: Dragonite|2
|
|-damage|p2a: Tsareena|34/100 tox|[from] psn
|upkeep
|
|t:|1758261891
|switch|p1a: Heatran|Heatran, F, shiny|100/100
|-damage|p1a: Heatran|88/100|[from] Stealth Rock
|turn|19
|
|t:|1758261907
|move|p1a: Heatran|Magma Storm|p2a: Tsareena|[miss]
|-miss|p1a: Heatran|p2a: Tsareena
|move|p2a: Tsareena|Knock Off|p1a: Heatran
|-damage|p1a: Heatran|58/100
|-enditem|p1a: Heatran|Leftovers|[from] move: Knock Off|[of] p2a: Tsareena
|
|-damage|p2a: Tsareena|22/100 tox|[from] psn
|upkeep
|turn|20
|
|t:|1758261922
|move|p1a: Heatran|Magma Storm|p2a: Tsareena
|-supereffective|p2a: Tsareena
|-damage|p2a: Tsareena|0 fnt
|faint|p2a: Tsareena
|
|upkeep
|
|t:|1758261928
|switch|p2a: Tinkaton|Tinkaton, F|100/100
|turn|21
|
|t:|1758261935
|move|p1a: Heatran|Magma Storm|p2a: Tinkaton|[miss]
|-miss|p1a: Heatran|p2a: Tinkaton
|move|p2a: Tinkaton|Thunder Wave|p1a: Heatran
|-status|p1a: Heatran|par
|
|upkeep
|turn|22
|
|t:|1758261945
|switch|p2a: Pecharunt|Pecharunt|100/100
|cant|p1a: Heatran|par
|
|upkeep
|turn|23
|
|t:|1758261955
|move|p2a: Pecharunt|Shadow Ball|p1a: Heatran
|-damage|p1a: Heatran|34/100 par
|move|p1a: Heatran|Earth Power|p2a: Pecharunt
|-supereffective|p2a: Pecharunt
|-damage|p2a: Pecharunt|44/100
|
|-heal|p2a: Pecharunt|50/100|[from] item: Leftovers
|upkeep
|turn|24
|
|t:|1758261965
|move|p2a: Pecharunt|Protect|p2a: Pecharunt
|-singleturn|p2a: Pecharunt|Protect
|move|p1a: Heatran|Earth Power|p2a: Pecharunt
|-activate|p2a: Pecharunt|move: Protect
|
|-heal|p2a: Pecharunt|56/100|[from] item: Leftovers
|upkeep
|turn|25
|
|t:|1758261976
|-terastallize|p2a: Pecharunt|Flying
|move|p2a: Pecharunt|Shadow Ball|p1a: Heatran
|-damage|p1a: Heatran|9/100 par
|move|p1a: Heatran|Earth Power|p2a: Pecharunt
|-immune|p2a: Pecharunt
|
|-heal|p2a: Pecharunt|62/100|[from] item: Leftovers
|upkeep
|turn|26
|
|t:|1758261987
|move|p2a: Pecharunt|Shadow Ball|p1a: Heatran
|-damage|p1a: Heatran|0 fnt
|faint|p1a: Heatran
|
|-heal|p2a: Pecharunt|68/100|[from] item: Leftovers
|upkeep
|
|t:|1758261996
|switch|p1a: Sinistcha|Sinistcha, shiny, tera:Poison|100/100 par
|-damage|p1a: Sinistcha|88/100 par|[from] Stealth Rock
|turn|27
|
|t:|1758262005
|move|p2a: Pecharunt|Shadow Ball|p1a: Sinistcha
|-damage|p1a: Sinistcha|46/100 par
|move|p1a: Sinistcha|Calm Mind|p1a: Sinistcha
|-boost|p1a: Sinistcha|spa|1
|-boost|p1a: Sinistcha|spd|1
|
|-heal|p2a: Pecharunt|74/100|[from] item: Leftovers
|-heal|p1a: Sinistcha|52/100 par|[from] item: Leftovers
|upkeep
|turn|28
|
|t:|1758262014
|move|p2a: Pecharunt|Shadow Ball|p1a: Sinistcha
|-damage|p1a: Sinistcha|24/100 par
|-unboost|p1a: Sinistcha|spd|1
|move|p1a: Sinistcha|Strength Sap|p2a: Pecharunt
|-unboost|p2a: Pecharunt|atk|1
|-heal|p1a: Sinistcha|71/100 par
|
|-heal|p2a: Pecharunt|80/100|[from] item: Leftovers
|-heal|p1a: Sinistcha|77/100 par|[from] item: Leftovers
|upkeep
|turn|29
|
|t:|1758262026
|move|p2a: Pecharunt|Shadow Ball|p1a: Sinistcha
|-damage|p1a: Sinistcha|37/100 par
|move|p1a: Sinistcha|Matcha Gotcha|p2a: Pecharunt|[miss]
|-miss|p1a: Sinistcha|p2a: Pecharunt
|
|-heal|p2a: Pecharunt|87/100|[from] item: Leftovers
|-heal|p1a: Sinistcha|43/100 par|[from] item: Leftovers
|upkeep
|turn|30
|
|t:|1758262036
|move|p2a: Pecharunt|Shadow Ball|p1a: Sinistcha
|-damage|p1a: Sinistcha|4/100 par
|move|p1a: Sinistcha|Strength Sap|p2a: Pecharunt
|-unboost|p2a: Pecharunt|atk|1
|-heal|p1a: Sinistcha|35/100 par
|
|-heal|p2a: Pecharunt|93/100|[from] item: Leftovers
|-heal|p1a: Sinistcha|42/100 par|[from] item: Leftovers
|upkeep
|turn|31
|
|t:|1758262046
|move|p2a: Pecharunt|Shadow Ball|p1a: Sinistcha
|-damage|p1a: Sinistcha|0 fnt
|faint|p1a: Sinistcha
|
|-heal|p2a: Pecharunt|99/100|[from] item: Leftovers
|upkeep
|
|t:|1758262050
|switch|p1a: Clefable|Clefable, F|100/100
|turn|32
|
|t:|1758262060
|move|p2a: Pecharunt|Malignant Chain|p1a: Clefable
|-supereffective|p1a: Clefable
|-damage|p1a: Clefable|25/100
|move|p1a: Clefable|Draining Kiss|p2a: Pecharunt
|-damage|p2a: Pecharunt|82/100
|-heal|p1a: Clefable|38/100|[from] drain|[of] p2a: Pecharunt
|
|-heal|p2a: Pecharunt|88/100|[from] item: Leftovers
|-heal|p1a: Clefable|44/100|[from] item: Leftovers
|upkeep
|turn|33
|
|t:|1758262071
|move|p1a: Clefable|Protect|p1a: Clefable
|-singleturn|p1a: Clefable|Protect
|move|p2a: Pecharunt|Malignant Chain|p1a: Clefable
|-activate|p1a: Clefable|move: Protect
|
|-heal|p2a: Pecharunt|94/100|[from] item: Leftovers
|-heal|p1a: Clefable|50/100|[from] item: Leftovers
|upkeep
|turn|34
|
|t:|1758262080
|move|p2a: Pecharunt|Malignant Chain|p1a: Clefable
|-supereffective|p1a: Clefable
|-damage|p1a: Clefable|0 fnt
|faint|p1a: Clefable
|
|-heal|p2a: Pecharunt|99/100|[from] item: Leftovers
|upkeep
|
|t:|1758262083
|switch|p1a: Kingambit|Kingambit, F, shiny|100/100
|-damage|p1a: Kingambit|94/100|[from] Stealth Rock
|-activate|p1a: Kingambit|ability: Supreme Overlord
|-start|p1a: Kingambit|fallen5|[silent]
|turn|35
|
|t:|1758262094
|move|p2a: Pecharunt|Shadow Ball|p1a: Kingambit
|-resisted|p1a: Kingambit
|-damage|p1a: Kingambit|78/100
|move|p1a: Kingambit|Swords Dance|p1a: Kingambit
|-boost|p1a: Kingambit|atk|2
|
|-heal|p2a: Pecharunt|100/100|[from] item: Leftovers
|upkeep
|turn|36
|
|t:|1758262104
|switch|p2a: Tinkaton|Tinkaton, F|100/100
|move|p1a: Kingambit|Sucker Punch||[still]
|-fail|p1a: Kingambit
|
|upkeep
|turn|37
|
|t:|1758262110
|move|p1a: Kingambit|Sucker Punch||[still]
|-fail|p1a: Kingambit
|move|p2a: Tinkaton|Encore|p1a: Kingambit
|-start|p1a: Kingambit|Encore
|
|upkeep
|turn|38
|
|t:|1758262117
|move|p1a: Kingambit|Sucker Punch||[still]
|-fail|p1a: Kingambit
|move|p2a: Tinkaton|Thunder Wave|p1a: Kingambit
|-status|p1a: Kingambit|par
|
|upkeep
|turn|39
|
|t:|1758262129
|move|p1a: Kingambit|Sucker Punch|p2a: Tinkaton
|-resisted|p2a: Tinkaton
|-damage|p2a: Tinkaton|14/100
|move|p2a: Tinkaton|Gigaton Hammer|p1a: Kingambit
|-resisted|p1a: Kingambit
|-damage|p1a: Kingambit|63/100 par
|
|upkeep
|turn|40
|
|t:|1758262142
|move|p1a: Kingambit|Sucker Punch||[still]
|-fail|p1a: Kingambit
|move|p2a: Tinkaton|Encore||[still]
|-fail|p2a: Tinkaton
|
|-end|p1a: Kingambit|Encore
|upkeep
|turn|41
|
|t:|1758262149
|move|p1a: Kingambit|Sucker Punch||[still]
|-fail|p1a: Kingambit
|move|p2a: Tinkaton|Encore|p1a: Kingambit
|-start|p1a: Kingambit|Encore
|
|upkeep
|turn|42
|
|t:|1758262157
|switch|p2a: Yanmega|Yanmega, M|100/100
|move|p1a: Kingambit|Sucker Punch||[still]
|-fail|p1a: Kingambit
|
|upkeep
|turn|43
|
|t:|1758262164
|move|p1a: Kingambit|Sucker Punch|p2a: Yanmega
|-enditem|p2a: Yanmega|Focus Sash
|-damage|p2a: Yanmega|1/100
|move|p2a: Yanmega|Bug Buzz|p1a: Kingambit
|-damage|p1a: Kingambit|24/100 par
|
|-end|p1a: Kingambit|Encore
|upkeep
|turn|44
|
|t:|1758262177
|move|p2a: Yanmega|Bug Buzz|p1a: Kingambit
|-damage|p1a: Kingambit|0 fnt
|faint|p1a: Kingambit
|-end|p1a: Kingambit|fallen5|[silent]
|
|win|Kward17kw
|raw|stephadobo's rating: 1104 &rarr; <strong>1080</strong><br />(-24 for losing)
|raw|Kward17kw's rating: 1113 &rarr; <strong>1137</strong><br />(+24 for winning)
|l|‽stephadobo
|player|p1|
|l|☆Kward17kw
|player|p2|
