|j|☆mysnakeissolid24
|j|☆oficial matute
|t:|1758241603
|gametype|singles
|player|p1|mysnakeissolid24|1|1206
|player|p2|oficial matute|policeman-gen4|1267
|gen|9
|tier|[Gen 9] OU
|rated|
|rule|HP Percentage Mod: HP is shown in percentages
|rule|Endless Battle Clause: Forcing endless battles is banned
|rule|Species Clause: Limit one of each Pokémon
|rule|OHKO Clause: OHKO moves are banned
|rule|Evasion Items Clause: Evasion items are banned
|rule|Evasion Moves Clause: Evasion moves are banned
|rule|Evasion Abilities Clause: Evasion abilities are banned
|rule|Sleep Moves Clause: Sleep-inducing moves are banned
|clearpoke
|poke|p1|Gholdengo|
|poke|p1|Zamazenta-*|
|poke|p1|Garchomp, F|
|poke|p1|Zapdos|
|poke|p1|Heatran, F|
|poke|p1|Ogerpon-Wellspring, F|
|poke|p2|Noivern, F|
|poke|p2|Tropius, F|
|poke|p2|Garchomp, F|
|poke|p2|Hydrapple, F|
|poke|p2|Torterra, M|
|poke|p2|Landorus-Therian, M|
|teampreview
|inactive|Battle timer is ON: inactive players will automatically lose when time's up. (requested by oficial matute)
|
|t:|1758241607
|teamsize|p1|6
|teamsize|p2|6
|start
|switch|p1a: Garchomp|Garchomp, F|100/100
|switch|p2a: 👁👅👁|Noivern, F|100/100
|-item|p1a: Garchomp|Rocky Helmet|[from] ability: Frisk|[of] p2a: 👁👅👁
|turn|1
|
|t:|1758241617
|switch|p1a: Heatran|Heatran, F|100/100
|move|p2a: 👁👅👁|Switcheroo|p1a: Heatran
|-activate|p2a: 👁👅👁|move: Trick|[of] p1a: Heatran
|-item|p1a: Heatran|Choice Scarf|[from] move: Switcheroo
|-item|p2a: 👁👅👁|Leftovers|[from] move: Switcheroo
|
|upkeep
|turn|2
|
|t:|1758241629
|move|p2a: 👁👅👁|Air Slash|p1a: Heatran
|-resisted|p1a: Heatran
|-damage|p1a: Heatran|87/100
|cant|p1a: Heatran|flinch
|
|upkeep
|turn|3
|
|t:|1758241635
|move|p2a: 👁👅👁|Air Slash|p1a: Heatran
|-resisted|p1a: Heatran
|-damage|p1a: Heatran|71/100
|move|p1a: Heatran|Will-O-Wisp|p2a: 👁👅👁
|-status|p2a: 👁👅👁|brn
|
|-damage|p2a: 👁👅👁|94/100 brn|[from] brn
|upkeep
|turn|4
|
|t:|1758241644
|switch|p1a: Zapdos|Zapdos|100/100
|move|p2a: 👁👅👁|Flamethrower|p1a: Zapdos
|-damage|p1a: Zapdos|72/100
|
|-heal|p2a: 👁👅👁|100/100 brn|[from] item: Leftovers
|-damage|p2a: 👁👅👁|94/100 brn|[from] brn
|upkeep
|turn|5
|
|t:|1758241654
|switch|p2a: 👁👃👁|Landorus-Therian, M|100/100
|-ability|p2a: 👁👃👁|Intimidate|boost
|-unboost|p1a: Zapdos|atk|1
|move|p1a: Zapdos|Roost|p1a: Zapdos
|-heal|p1a: Zapdos|100/100
|-singleturn|p1a: Zapdos|move: Roost
|
|upkeep
|turn|6
|
|t:|1758241663
|move|p1a: Zapdos|Hurricane|p2a: 👁👃👁|[miss]
|-miss|p1a: Zapdos|p2a: 👁👃👁
|move|p2a: 👁👃👁|Stealth Rock|p1a: Zapdos
|-sidestart|p1: mysnakeissolid24|move: Stealth Rock
|
|upkeep
|turn|7
|
|t:|1758241678
|switch|p2a: 👁🐽👁|Tropius, F, shiny|100/100
|move|p1a: Zapdos|Hurricane|p2a: 👁🐽👁|[miss]
|-miss|p1a: Zapdos|p2a: 👁🐽👁
|
|upkeep
|turn|8
|
|t:|1758241685
|-terastallize|p2a: 👁🐽👁|Ghost
|move|p2a: 👁🐽👁|Protect|p2a: 👁🐽👁
|-singleturn|p2a: 👁🐽👁|Protect
|move|p1a: Zapdos|Hurricane|p2a: 👁🐽👁
|-activate|p2a: 👁🐽👁|move: Protect
|
|upkeep
|turn|9
|-message|mysnakeissolid24 forfeited.
|
|win|oficial matute
|raw|mysnakeissolid24's rating: 1206 &rarr; <strong>1185</strong><br />(-21 for losing)
|raw|oficial matute's rating: 1267 &rarr; <strong>1288</strong><br />(+21 for winning)
|l|☆mysnakeissolid24
|player|p1|
|l|☆oficial matute
|player|p2|
