|j|☆Azurenoire
|j|☆Shampoogini
|t:|1758302279
|gametype|singles
|player|p1|Azurenoire|265|1327
|player|p2|Shampoogini|1|1351
|gen|9
|tier|[Gen 9] OU
|rated|
|rule|HP Percentage Mod: HP is shown in percentages
|rule|Endless Battle Clause: Forcing endless battles is banned
|rule|Species Clause: Limit one of each Pokémon
|rule|OHKO Clause: OHKO moves are banned
|rule|Evasion Items Clause: Evasion items are banned
|rule|Evasion Moves Clause: Evasion moves are banned
|rule|Evasion Abilities Clause: Evasion abilities are banned
|rule|Sleep Moves Clause: Sleep-inducing moves are banned
|clearpoke
|poke|p1|Mandibuzz, F|
|poke|p1|Armarouge, M|
|poke|p1|Blaziken, M|
|poke|p1|Iron Valiant|
|poke|p1|Hatterene, F|
|poke|p1|Lapras, M|
|poke|p2|Skeledirge, M|
|poke|p2|Clodsire, F|
|poke|p2|Dondozo, M|
|poke|p2|Serperior, M|
|poke|p2|Corviknight, F|
|poke|p2|Grimmsnarl, M|
|teampreview
|inactive|Battle timer is ON: inactive players will automatically lose when time's up. (requested by Azurenoire)
|
|t:|1758302293
|teamsize|p1|6
|teamsize|p2|6
|start
|switch|p1a: Blaziken|Blaziken, M|100/100
|switch|p2a: Grimmsnarl|Grimmsnarl, M|100/100
|turn|1
|
|t:|1758302300
|switch|p1a: Hatterene|Hatterene, F|100/100
|move|p2a: Grimmsnarl|Reflect|p2a: Grimmsnarl
|-sidestart|p2: Shampoogini|Reflect
|
|upkeep
|turn|2
|
|t:|1758302302
|switch|p1a: Mandibuzz|Mandibuzz, F|100/100
|move|p2a: Grimmsnarl|Light Screen|p2a: Grimmsnarl
|-sidestart|p2: Shampoogini|move: Light Screen
|
|upkeep
|turn|3
|
|t:|1758302318
|switch|p2a: Dondozo|Dondozo, M|100/100
|move|p1a: Mandibuzz|Toxic|p2a: Dondozo
|-status|p2a: Dondozo|tox
|
|-damage|p2a: Dondozo|94/100 tox|[from] psn
|upkeep
|turn|4
|
|t:|1758302323
|switch|p1a: Lapras|Lapras, M|100/100
|move|p2a: Dondozo|Curse|p2a: Dondozo
|-unboost|p2a: Dondozo|spe|1
|-boost|p2a: Dondozo|atk|1
|-boost|p2a: Dondozo|def|1
|
|-heal|p2a: Dondozo|100/100 tox|[from] item: Leftovers
|-damage|p2a: Dondozo|88/100 tox|[from] psn
|upkeep
|turn|5
|
|t:|1758302328
|move|p1a: Lapras|Freeze-Dry|p2a: Dondozo
|-supereffective|p2a: Dondozo
|-damage|p2a: Dondozo|72/100 tox
|move|p2a: Dondozo|Body Press|p1a: Lapras
|-supereffective|p1a: Lapras
|-damage|p1a: Lapras|40/100
|
|-heal|p1a: Lapras|46/100|[from] item: Leftovers
|-heal|p2a: Dondozo|78/100 tox|[from] item: Leftovers
|-damage|p2a: Dondozo|60/100 tox|[from] psn
|upkeep
|turn|6
|
|t:|1758302338
|switch|p1a: Hatterene|Hatterene, F|100/100
|move|p2a: Dondozo|Body Press|p1a: Hatterene
|-resisted|p1a: Hatterene
|-damage|p1a: Hatterene|94/100
|
|-heal|p2a: Dondozo|66/100 tox|[from] item: Leftovers
|-damage|p2a: Dondozo|41/100 tox|[from] psn
|upkeep
|turn|7
|
|t:|1758302343
|move|p1a: Hatterene|Calm Mind|p1a: Hatterene
|-boost|p1a: Hatterene|spa|1
|-boost|p1a: Hatterene|spd|1
|move|p2a: Dondozo|Rest|p2a: Dondozo
|-status|p2a: Dondozo|slp|[from] move: Rest
|-heal|p2a: Dondozo|100/100 slp|[silent]
|
|upkeep
|turn|8
|
|t:|1758302353
|switch|p1a: Blaziken|Blaziken, M|100/100
|cant|p2a: Dondozo|slp
|
|-sideend|p2: Shampoogini|Reflect
|upkeep
|turn|9
|
|t:|1758302355
|move|p1a: Blaziken|Focus Energy|p1a: Blaziken
|-start|p1a: Blaziken|move: Focus Energy
|cant|p2a: Dondozo|slp
|
|-sideend|p2: Shampoogini|move: Light Screen
|-ability|p1a: Blaziken|Speed Boost|boost
|-boost|p1a: Blaziken|spe|1
|upkeep
|turn|10
|
|t:|1758302358
|move|p1a: Blaziken|Close Combat|p2a: Dondozo
|-crit|p2a: Dondozo
|-damage|p2a: Dondozo|50/100 slp
|-unboost|p1a: Blaziken|def|1
|-unboost|p1a: Blaziken|spd|1
|-curestatus|p2a: Dondozo|slp|[msg]
|move|p2a: Dondozo|Waterfall|p1a: Blaziken
|-supereffective|p1a: Blaziken
|-damage|p1a: Blaziken|0 fnt
|faint|p1a: Blaziken
|
|-heal|p2a: Dondozo|56/100|[from] item: Leftovers
|upkeep
|
|t:|1758302370
|switch|p1a: Mandibuzz|Mandibuzz, F|100/100
|turn|11
|
|t:|1758302374
|move|p1a: Mandibuzz|Toxic|p2a: Dondozo
|-status|p2a: Dondozo|tox
|move|p2a: Dondozo|Waterfall|p1a: Mandibuzz
|-damage|p1a: Mandibuzz|70/100
|
|-heal|p1a: Mandibuzz|77/100|[from] item: Leftovers
|-heal|p2a: Dondozo|62/100 tox|[from] item: Leftovers
|-damage|p2a: Dondozo|56/100 tox|[from] psn
|upkeep
|turn|12
|
|t:|1758302377
|move|p1a: Mandibuzz|Foul Play|p2a: Dondozo
|-damage|p2a: Dondozo|42/100 tox
|move|p2a: Dondozo|Rest|p2a: Dondozo
|-status|p2a: Dondozo|slp|[from] move: Rest
|-heal|p2a: Dondozo|100/100 slp|[silent]
|
|-heal|p1a: Mandibuzz|83/100|[from] item: Leftovers
|upkeep
|turn|13
|
|t:|1758302385
|switch|p1a: Iron Valiant|Iron Valiant|100/100
|-enditem|p1a: Iron Valiant|Booster Energy
|-activate|p1a: Iron Valiant|ability: Quark Drive|[fromitem]
|-start|p1a: Iron Valiant|quarkdrivespe
|cant|p2a: Dondozo|slp
|
|upkeep
|turn|14
|
|t:|1758302387
|move|p1a: Iron Valiant|Thunderbolt|p2a: Dondozo
|-supereffective|p2a: Dondozo
|-damage|p2a: Dondozo|69/100 slp
|cant|p2a: Dondozo|slp
|
|-heal|p2a: Dondozo|75/100 slp|[from] item: Leftovers
|upkeep
|turn|15
|
|t:|1758302390
|switch|p2a: Clodsire|Clodsire, F|100/100
|move|p1a: Iron Valiant|Thunderbolt|p2a: Clodsire
|-immune|p2a: Clodsire
|
|upkeep
|turn|16
|
|t:|1758302396
|-end|p1a: Iron Valiant|Quark Drive|[silent]
|switch|p1a: Mandibuzz|Mandibuzz, F|83/100
|move|p2a: Clodsire|Earthquake|p1a: Mandibuzz
|-immune|p1a: Mandibuzz
|
|-heal|p1a: Mandibuzz|89/100|[from] item: Leftovers
|upkeep
|turn|17
|
|t:|1758302402
|move|p1a: Mandibuzz|Toxic|p2a: Clodsire|[miss]
|-miss|p1a: Mandibuzz|p2a: Clodsire
|move|p2a: Clodsire|Toxic|p1a: Mandibuzz
|-status|p1a: Mandibuzz|tox
|
|-heal|p1a: Mandibuzz|95/100 tox|[from] item: Leftovers
|-damage|p1a: Mandibuzz|89/100 tox|[from] psn
|upkeep
|turn|18
|
|t:|1758302407
|move|p1a: Mandibuzz|Foul Play|p2a: Clodsire
|-damage|p2a: Clodsire|78/100
|move|p2a: Clodsire|Earthquake|p1a: Mandibuzz
|-immune|p1a: Mandibuzz
|
|-heal|p1a: Mandibuzz|95/100 tox|[from] item: Leftovers
|-heal|p2a: Clodsire|84/100|[from] item: Leftovers
|-damage|p1a: Mandibuzz|83/100 tox|[from] psn
|upkeep
|turn|19
|
|t:|1758302428
|switch|p1a: Lapras|Lapras, M|46/100
|switch|p2a: Grimmsnarl|Grimmsnarl, M|100/100
|
|-heal|p1a: Lapras|52/100|[from] item: Leftovers
|upkeep
|turn|20
|
|t:|1758302434
|switch|p1a: Mandibuzz|Mandibuzz, F|83/100 tox
|move|p2a: Grimmsnarl|Light Screen|p2a: Grimmsnarl
|-sidestart|p2: Shampoogini|move: Light Screen
|
|-heal|p1a: Mandibuzz|89/100 tox|[from] item: Leftovers
|-damage|p1a: Mandibuzz|83/100 tox|[from] psn
|upkeep
|turn|21
|
|t:|1758302437
|move|p2a: Grimmsnarl|Parting Shot|p1a: Mandibuzz
|-hint|Since gen 7, Dark is immune to Prankster moves.
|-immune|p1a: Mandibuzz
|move|p1a: Mandibuzz|Toxic|p2a: Grimmsnarl
|-status|p2a: Grimmsnarl|tox
|
|-heal|p1a: Mandibuzz|89/100 tox|[from] item: Leftovers
|-damage|p1a: Mandibuzz|77/100 tox|[from] psn
|-damage|p2a: Grimmsnarl|94/100 tox|[from] psn
|upkeep
|turn|22
|
|t:|1758302442
|switch|p1a: Armarouge|Armarouge, M|100/100
|move|p2a: Grimmsnarl|Reflect|p2a: Grimmsnarl
|-sidestart|p2: Shampoogini|Reflect
|
|-damage|p2a: Grimmsnarl|82/100 tox|[from] psn
|upkeep
|turn|23
|
|t:|1758302447
|move|p2a: Grimmsnarl|Parting Shot|p1a: Armarouge
|-unboost|p1a: Armarouge|atk|1
|-unboost|p1a: Armarouge|spa|1
|
|t:|1758302454
|switch|p2a: Skeledirge|Skeledirge, M|100/100|[from] Parting Shot
|move|p1a: Armarouge|Calm Mind|p1a: Armarouge
|-boost|p1a: Armarouge|spa|1
|-boost|p1a: Armarouge|spd|1
|
|upkeep
|turn|24
|
|t:|1758302459
|switch|p1a: Mandibuzz|Mandibuzz, F|77/100 tox
|move|p2a: Skeledirge|Shadow Ball|p1a: Mandibuzz
|-resisted|p1a: Mandibuzz
|-damage|p1a: Mandibuzz|66/100 tox
|
|-heal|p1a: Mandibuzz|72/100 tox|[from] item: Leftovers
|-damage|p1a: Mandibuzz|66/100 tox|[from] psn
|upkeep
|turn|25
|
|t:|1758302464
|switch|p2a: Clodsire|Clodsire, F|84/100
|move|p1a: Mandibuzz|Toxic|p2a: Clodsire
|-immune|p2a: Clodsire
|
|-heal|p1a: Mandibuzz|72/100 tox|[from] item: Leftovers
|-heal|p2a: Clodsire|90/100|[from] item: Leftovers
|-damage|p1a: Mandibuzz|59/100 tox|[from] psn
|upkeep
|turn|26
|
|t:|1758302468
|switch|p1a: Hatterene|Hatterene, F|94/100
|move|p2a: Clodsire|Spikes|p1a: Hatterene
|move|p1a: Hatterene|Spikes|p2a: Clodsire|[from] ability: Magic Bounce
|-sidestart|p2: Shampoogini|Spikes
|
|-heal|p2a: Clodsire|97/100|[from] item: Leftovers
|upkeep
|turn|27
|
|t:|1758302474
|switch|p2a: Corviknight|Corviknight, F|100/100
|move|p1a: Hatterene|Calm Mind|p1a: Hatterene
|-boost|p1a: Hatterene|spa|1
|-boost|p1a: Hatterene|spd|1
|
|-sideend|p2: Shampoogini|move: Light Screen
|upkeep
|turn|28
|
|t:|1758302476
|move|p2a: Corviknight|Defog|p1a: Hatterene
|move|p1a: Hatterene|Defog|p2a: Corviknight|[from] ability: Magic Bounce
|-ability|p2a: Corviknight|Mirror Armor
|-unboost|p1a: Hatterene|evasion|1
|-sideend|p2: Shampoogini|Reflect
|-sideend|p2: Shampoogini|Spikes|[from] move: Defog|[of] p1a: Hatterene
|move|p1a: Hatterene|Nuzzle|p2a: Corviknight
|-supereffective|p2a: Corviknight
|-damage|p2a: Corviknight|93/100
|-status|p2a: Corviknight|par
|-damage|p1a: Hatterene|77/100|[from] item: Rocky Helmet|[of] p2a: Corviknight
|
|upkeep
|turn|29
|
|t:|1758302487
|switch|p2a: Skeledirge|Skeledirge, M|100/100
|switch|p1a: Armarouge|Armarouge, M|100/100
|
|upkeep
|turn|30
|
|t:|1758302494
|switch|p1a: Mandibuzz|Mandibuzz, F|59/100 tox
|move|p2a: Skeledirge|Torch Song|p1a: Mandibuzz
|-damage|p1a: Mandibuzz|38/100 tox
|-boost|p2a: Skeledirge|spa|1
|
|-heal|p1a: Mandibuzz|44/100 tox|[from] item: Leftovers
|-damage|p1a: Mandibuzz|38/100 tox|[from] psn
|upkeep
|turn|31
|
|t:|1758302505
|switch|p2a: Dondozo|Dondozo, M|75/100 slp
|move|p1a: Mandibuzz|Toxic||[still]
|-fail|p1a: Mandibuzz
|
|-heal|p1a: Mandibuzz|44/100 tox|[from] item: Leftovers
|-heal|p2a: Dondozo|81/100 slp|[from] item: Leftovers
|-damage|p1a: Mandibuzz|32/100 tox|[from] psn
|upkeep
|turn|32
|
|t:|1758302510
|move|p1a: Mandibuzz|Roost|p1a: Mandibuzz
|-heal|p1a: Mandibuzz|82/100 tox
|-singleturn|p1a: Mandibuzz|move: Roost
|-curestatus|p2a: Dondozo|slp|[msg]
|move|p2a: Dondozo|Curse|p2a: Dondozo
|-unboost|p2a: Dondozo|spe|1
|-boost|p2a: Dondozo|atk|1
|-boost|p2a: Dondozo|def|1
|
|-heal|p1a: Mandibuzz|88/100 tox|[from] item: Leftovers
|-heal|p2a: Dondozo|88/100|[from] item: Leftovers
|-damage|p1a: Mandibuzz|70/100 tox|[from] psn
|upkeep
|turn|33
|
|t:|1758302514
|move|p1a: Mandibuzz|Toxic|p2a: Dondozo
|-status|p2a: Dondozo|tox
|move|p2a: Dondozo|Waterfall|p1a: Mandibuzz
|-damage|p1a: Mandibuzz|40/100 tox
|
|-heal|p1a: Mandibuzz|47/100 tox|[from] item: Leftovers
|-heal|p2a: Dondozo|94/100 tox|[from] item: Leftovers
|-damage|p1a: Mandibuzz|22/100 tox|[from] psn
|-damage|p2a: Dondozo|88/100 tox|[from] psn
|upkeep
|turn|34
|
|t:|1758302518
|move|p1a: Mandibuzz|Roost|p1a: Mandibuzz
|-heal|p1a: Mandibuzz|72/100 tox
|-singleturn|p1a: Mandibuzz|move: Roost
|move|p2a: Dondozo|Waterfall|p1a: Mandibuzz
|-damage|p1a: Mandibuzz|42/100 tox
|
|-heal|p1a: Mandibuzz|49/100 tox|[from] item: Leftovers
|-heal|p2a: Dondozo|94/100 tox|[from] item: Leftovers
|-damage|p1a: Mandibuzz|17/100 tox|[from] psn
|-damage|p2a: Dondozo|81/100 tox|[from] psn
|upkeep
|turn|35
|
|t:|1758302525
|switch|p1a: Lapras|Lapras, M|52/100
|move|p2a: Dondozo|Body Press|p1a: Lapras
|-supereffective|p1a: Lapras
|-damage|p1a: Lapras|0 fnt
|faint|p1a: Lapras
|
|-heal|p2a: Dondozo|88/100 tox|[from] item: Leftovers
|-damage|p2a: Dondozo|69/100 tox|[from] psn
|upkeep
|
|t:|1758302537
|switch|p1a: Hatterene|Hatterene, F|77/100
|turn|36
|
|t:|1758302541
|switch|p1a: Armarouge|Armarouge, M|100/100
|move|p2a: Dondozo|Waterfall|p1a: Armarouge
|-supereffective|p1a: Armarouge
|-damage|p1a: Armarouge|36/100
|-ability|p1a: Armarouge|Weak Armor|boost
|-unboost|p1a: Armarouge|def|1
|-boost|p1a: Armarouge|spe|2
|-enditem|p1a: Armarouge|Weakness Policy
|-boost|p1a: Armarouge|atk|2|[from] item: Weakness Policy
|-boost|p1a: Armarouge|spa|2|[from] item: Weakness Policy
|
|-heal|p2a: Dondozo|75/100 tox|[from] item: Leftovers
|-damage|p2a: Dondozo|51/100 tox|[from] psn
|upkeep
|turn|37
|
|t:|1758302548
|move|p1a: Armarouge|Stored Power|p2a: Dondozo
|-damage|p2a: Dondozo|14/100 tox
|move|p2a: Dondozo|Rest|p2a: Dondozo
|-status|p2a: Dondozo|slp|[from] move: Rest
|-heal|p2a: Dondozo|100/100 slp|[silent]
|
|upkeep
|turn|38
|
|t:|1758302556
|switch|p2a: Grimmsnarl|Grimmsnarl, M|82/100 tox
|move|p1a: Armarouge|Calm Mind|p1a: Armarouge
|-boost|p1a: Armarouge|spa|1
|-boost|p1a: Armarouge|spd|1
|
|-damage|p2a: Grimmsnarl|76/100 tox|[from] psn
|upkeep
|turn|39
|
|t:|1758302564
|move|p2a: Grimmsnarl|Light Screen|p2a: Grimmsnarl
|-sidestart|p2: Shampoogini|move: Light Screen
|move|p1a: Armarouge|Aura Sphere|p2a: Grimmsnarl
|-damage|p2a: Grimmsnarl|48/100 tox
|
|-damage|p2a: Grimmsnarl|36/100 tox|[from] psn
|upkeep
|turn|40
|
|t:|1758302570
|move|p2a: Grimmsnarl|Parting Shot|p1a: Armarouge
|-unboost|p1a: Armarouge|atk|1
|-unboost|p1a: Armarouge|spa|1
|
|t:|1758302574
|switch|p2a: Skeledirge|Skeledirge, M|100/100|[from] Parting Shot
|move|p1a: Armarouge|Calm Mind|p1a: Armarouge
|-boost|p1a: Armarouge|spa|1
|-boost|p1a: Armarouge|spd|1
|
|upkeep
|turn|41
|
|t:|1758302579
|-terastallize|p1a: Armarouge|Flying
|move|p1a: Armarouge|Stored Power|p2a: Skeledirge
|-damage|p2a: Skeledirge|73/100
|move|p2a: Skeledirge|Shadow Ball|p1a: Armarouge
|-damage|p1a: Armarouge|8/100
|-unboost|p1a: Armarouge|spd|1
|
|-heal|p2a: Skeledirge|79/100|[from] item: Leftovers
|upkeep
|turn|42
|
|t:|1758302585
|move|p1a: Armarouge|Stored Power|p2a: Skeledirge
|-damage|p2a: Skeledirge|53/100
|move|p2a: Skeledirge|Shadow Ball|p1a: Armarouge
|-damage|p1a: Armarouge|0 fnt
|faint|p1a: Armarouge
|
|-heal|p2a: Skeledirge|59/100|[from] item: Leftovers
|upkeep
|
|t:|1758302588
|switch|p1a: Mandibuzz|Mandibuzz, F|17/100 tox
|turn|43
|
|t:|1758302592
|switch|p1a: Iron Valiant|Iron Valiant|100/100
|switch|p2a: Dondozo|Dondozo, M|100/100 slp
|
|upkeep
|turn|44
|
|t:|1758302596
|switch|p2a: Clodsire|Clodsire, F|97/100
|move|p1a: Iron Valiant|Calm Mind|p1a: Iron Valiant
|-boost|p1a: Iron Valiant|spa|1
|-boost|p1a: Iron Valiant|spd|1
|
|-heal|p2a: Clodsire|100/100|[from] item: Leftovers
|upkeep
|turn|45
|
|t:|1758302604
|move|p1a: Iron Valiant|Moonblast|p2a: Clodsire
|-resisted|p2a: Clodsire
|-damage|p2a: Clodsire|94/100
|move|p2a: Clodsire|Toxic|p1a: Iron Valiant
|-status|p1a: Iron Valiant|tox
|
|-heal|p2a: Clodsire|100/100|[from] item: Leftovers
|-damage|p1a: Iron Valiant|94/100 tox|[from] psn
|upkeep
|turn|46
|
|t:|1758302609
|-end|p1a: Iron Valiant|Quark Drive|[silent]
|switch|p1a: Hatterene|Hatterene, F|77/100
|move|p2a: Clodsire|Earthquake|p1a: Hatterene
|-damage|p1a: Hatterene|51/100
|
|-sideend|p2: Shampoogini|move: Light Screen
|upkeep
|turn|47
|
|t:|1758302617
|switch|p2a: Skeledirge|Skeledirge, M|59/100
|move|p1a: Hatterene|Psyshock|p2a: Skeledirge
|-damage|p2a: Skeledirge|30/100
|
|-heal|p2a: Skeledirge|36/100|[from] item: Leftovers
|upkeep
|turn|48
|
|t:|1758302620
|move|p2a: Skeledirge|Slack Off|p2a: Skeledirge
|-heal|p2a: Skeledirge|86/100
|move|p1a: Hatterene|Psyshock|p2a: Skeledirge
|-damage|p2a: Skeledirge|57/100
|
|-heal|p2a: Skeledirge|63/100|[from] item: Leftovers
|upkeep
|turn|49
|
|t:|1758302623
|move|p2a: Skeledirge|Shadow Ball|p1a: Hatterene
|-supereffective|p1a: Hatterene
|-damage|p1a: Hatterene|0 fnt
|faint|p1a: Hatterene
|
|-heal|p2a: Skeledirge|69/100|[from] item: Leftovers
|upkeep
|-message|Azurenoire forfeited.
|
|win|Shampoogini
|raw|Azurenoire's rating: 1327 &rarr; <strong>1308</strong><br />(-19 for losing)
|raw|Shampoogini's rating: 1351 &rarr; <strong>1370</strong><br />(+19 for winning)
|l|☆Azurenoire
|player|p1|
