|j|☆KnockOffx2
|j|☆ay cheu
|t:|1758257308
|gametype|singles
|player|p1|KnockOffx2|burglar|1509
|player|p2|ay cheu|riley|1520
|gen|9
|tier|[Gen 9] OU
|rated|
|rule|HP Percentage Mod: HP is shown in percentages
|rule|Endless Battle Clause: Forcing endless battles is banned
|rule|Species Clause: Limit one of each Pokémon
|rule|OHKO Clause: OHKO moves are banned
|rule|Evasion Items Clause: Evasion items are banned
|rule|Evasion Moves Clause: Evasion moves are banned
|rule|Evasion Abilities Clause: Evasion abilities are banned
|rule|Sleep Moves Clause: Sleep-inducing moves are banned
|clearpoke
|poke|p1|Great Tusk|
|poke|p1|Slowking-Galar, M|
|poke|p1|Moltres|
|poke|p1|Crawdaunt, F|
|poke|p1|Gholdengo|
|poke|p1|Rillaboom, F|
|poke|p2|Hydreigon, M|
|poke|p2|Mimikyu, M|
|poke|p2|Excadrill, M|
|poke|p2|Greninja-*, M|
|poke|p2|Vileplume, F|
|poke|p2|Iron Hands|
|teampreview
|inactive|Battle timer is ON: inactive players will automatically lose when time's up. (requested by ay cheu)
|
|t:|1758257326
|teamsize|p1|6
|teamsize|p2|6
|start
|switch|p1a: Great Tusk|Great Tusk|100/100
|switch|p2a: Greninja|Greninja, M|100/100
|turn|1
|
|t:|1758257336
|-end|p1a: Great Tusk|Protosynthesis|[silent]
|switch|p1a: Slowking|Slowking-Galar, M|100/100
|move|p2a: Greninja|Toxic Spikes|p1a: Slowking
|-start|p2a: Greninja|typechange|Poison|[from] ability: Protean
|-sidestart|p1: KnockOffx2|move: Toxic Spikes
|
|upkeep
|turn|2
|
|t:|1758257341
|switch|p2a: Hydreigon|Hydreigon, M|100/100
|move|p1a: Slowking|Psyshock|p2a: Hydreigon
|-immune|p2a: Hydreigon
|
|upkeep
|turn|3
|
|t:|1758257350
|move|p2a: Hydreigon|Dark Pulse|p1a: Slowking
|-supereffective|p1a: Slowking
|-damage|p1a: Slowking|46/100
|move|p1a: Slowking|Sludge Bomb|p2a: Hydreigon
|-damage|p2a: Hydreigon|53/100
|-status|p2a: Hydreigon|psn
|
|-damage|p2a: Hydreigon|41/100 psn|[from] psn
|upkeep
|turn|4
|
|t:|1758257362
|switch|p1a: Rillaboom|Rillaboom, F|100/100
|-status|p1a: Rillaboom|psn
|-fieldstart|move: Grassy Terrain|[from] ability: Grassy Surge|[of] p1a: Rillaboom
|move|p2a: Hydreigon|Dark Pulse|p1a: Rillaboom
|-crit|p1a: Rillaboom
|-damage|p1a: Rillaboom|0 fnt
|faint|p1a: Rillaboom
|
|-damage|p2a: Hydreigon|28/100 psn|[from] psn
|upkeep
|
|t:|1758257369
|switch|p1a: Slowking|Slowking-Galar, M|79/100
|-sideend|p1: KnockOffx2|move: Toxic Spikes|[of] p1a: Slowking
|turn|5
|
|t:|1758257376
|switch|p2a: Excadrill|Excadrill, M|100/100
|-ability|p2a: Excadrill|Mold Breaker
|move|p1a: Slowking|Flamethrower|p2a: Excadrill
|-supereffective|p2a: Excadrill
|-damage|p2a: Excadrill|55/100
|
|-heal|p2a: Excadrill|61/100|[from] Grassy Terrain
|-heal|p2a: Excadrill|67/100|[from] item: Leftovers
|-heal|p1a: Slowking|85/100|[from] Grassy Terrain
|upkeep
|turn|6
|
|t:|1758257385
|switch|p1a: Moltres|Moltres|100/100
|move|p2a: Excadrill|Stealth Rock|p1a: Moltres
|-sidestart|p1: KnockOffx2|move: Stealth Rock
|
|-heal|p2a: Excadrill|73/100|[from] Grassy Terrain
|-heal|p2a: Excadrill|79/100|[from] item: Leftovers
|upkeep
|turn|7
|
|t:|1758257390
|switch|p1a: Great Tusk|Great Tusk|100/100
|-damage|p1a: Great Tusk|98/100|[from] Stealth Rock
|move|p2a: Excadrill|Protect||[still]
|-fail|p2a: Excadrill
|
|-heal|p1a: Great Tusk|100/100|[from] Grassy Terrain
|-heal|p2a: Excadrill|85/100|[from] Grassy Terrain
|-heal|p2a: Excadrill|92/100|[from] item: Leftovers
|upkeep
|turn|8
|
|t:|1758257395
|switch|p2a: Vileplume|Vileplume, F|100/100
|move|p1a: Great Tusk|Ice Spinner|p2a: Vileplume
|-supereffective|p2a: Vileplume
|-damage|p2a: Vileplume|64/100
|-damage|p1a: Great Tusk|84/100|[from] item: Rocky Helmet|[of] p2a: Vileplume
|-fieldend|move: Grassy Terrain
|
|upkeep
|turn|9
|
|t:|1758257403
|-end|p1a: Great Tusk|Protosynthesis|[silent]
|switch|p1a: Slowking|Slowking-Galar, M|100/100
|-damage|p1a: Slowking|88/100|[from] Stealth Rock
|move|p2a: Vileplume|Strength Sap|p1a: Slowking
|-unboost|p1a: Slowking|atk|1
|-heal|p2a: Vileplume|100/100
|
|upkeep
|turn|10
|
|t:|1758257406
|move|p2a: Vileplume|Stun Spore|p1a: Slowking
|-status|p1a: Slowking|par
|cant|p1a: Slowking|par
|
|upkeep
|turn|11
|
|t:|1758257412
|switch|p2a: Excadrill|Excadrill, M|92/100
|-ability|p2a: Excadrill|Mold Breaker
|move|p1a: Slowking|Flamethrower|p2a: Excadrill
|-supereffective|p2a: Excadrill
|-damage|p2a: Excadrill|50/100
|
|-heal|p2a: Excadrill|57/100|[from] item: Leftovers
|upkeep
|turn|12
|
|t:|1758257421
|switch|p2a: Hydreigon|Hydreigon, M|28/100 psn
|switch|p1a: Great Tusk|Great Tusk|84/100
|-damage|p1a: Great Tusk|81/100|[from] Stealth Rock
|
|-damage|p2a: Hydreigon|16/100 psn|[from] psn
|upkeep
|turn|13
|
|t:|1758257424
|-terastallize|p2a: Hydreigon|Dragon
|-terastallize|p1a: Great Tusk|Water
|move|p2a: Hydreigon|Draco Meteor|p1a: Great Tusk
|-damage|p1a: Great Tusk|0 fnt
|-unboost|p2a: Hydreigon|spa|2
|faint|p1a: Great Tusk
|-end|p1a: Great Tusk|Protosynthesis|[silent]
|
|-damage|p2a: Hydreigon|4/100 psn|[from] psn
|upkeep
|
|t:|1758257433
|switch|p1a: Gholdengo|Gholdengo|100/100
|-damage|p1a: Gholdengo|94/100|[from] Stealth Rock
|turn|14
|
|t:|1758257436
|switch|p2a: Excadrill|Excadrill, M|57/100
|-ability|p2a: Excadrill|Mold Breaker
|move|p1a: Gholdengo|Shadow Ball|p2a: Excadrill
|-damage|p2a: Excadrill|26/100
|-unboost|p2a: Excadrill|spd|1
|
|-heal|p2a: Excadrill|32/100|[from] item: Leftovers
|upkeep
|turn|15
|
|t:|1758257443
|move|p2a: Excadrill|Protect|p2a: Excadrill
|-singleturn|p2a: Excadrill|Protect
|move|p1a: Gholdengo|Shadow Ball|p2a: Excadrill
|-activate|p2a: Excadrill|move: Protect
|
|-heal|p2a: Excadrill|38/100|[from] item: Leftovers
|upkeep
|turn|16
|
|t:|1758257446
|switch|p2a: Greninja|Greninja, M|100/100
|move|p1a: Gholdengo|Shadow Ball|p2a: Greninja
|-resisted|p2a: Greninja
|-crit|p2a: Greninja
|-damage|p2a: Greninja|49/100
|
|upkeep
|turn|17
|
|t:|1758257453
|switch|p1a: Slowking|Slowking-Galar, M|100/100 par
|-damage|p1a: Slowking|88/100 par|[from] Stealth Rock
|move|p2a: Greninja|Hydro Pump|p1a: Slowking|[miss]
|-start|p2a: Greninja|typechange|Water|[from] ability: Protean
|-miss|p2a: Greninja|p1a: Slowking
|
|upkeep
|turn|18
|
|t:|1758257461
|switch|p2a: Iron Hands|Iron Hands|100/100
|move|p1a: Slowking|Psyshock|p2a: Iron Hands
|-supereffective|p2a: Iron Hands
|-damage|p2a: Iron Hands|50/100
|
|upkeep
|turn|19
|
|t:|1758257468
|switch|p1a: Moltres|Moltres|100/100
|move|p2a: Iron Hands|Supercell Slam|p1a: Moltres
|-supereffective|p1a: Moltres
|-damage|p1a: Moltres|0 fnt
|-status|p2a: Iron Hands|brn|[from] ability: Flame Body|[of] p1a: Moltres
|faint|p1a: Moltres
|
|-damage|p2a: Iron Hands|44/100 brn|[from] brn
|upkeep
|
|t:|1758257484
|switch|p1a: Crawdaunt|Crawdaunt, F|100/100
|-damage|p1a: Crawdaunt|88/100|[from] Stealth Rock
|turn|20
|
|t:|1758257511
|move|p1a: Crawdaunt|Crabhammer|p2a: Iron Hands
|-damage|p2a: Iron Hands|0 fnt
|faint|p2a: Iron Hands
|-end|p2a: Iron Hands|Quark Drive|[silent]
|
|upkeep
|
|t:|1758257516
|switch|p2a: Vileplume|Vileplume, F|100/100
|turn|21
|
|t:|1758257520
|switch|p1a: Slowking|Slowking-Galar, M|100/100 par
|-damage|p1a: Slowking|88/100 par|[from] Stealth Rock
|switch|p2a: Mimikyu|Mimikyu, M|100/100
|
|upkeep
|turn|22
|
|t:|1758257531
|move|p2a: Mimikyu|Substitute|p2a: Mimikyu
|-start|p2a: Mimikyu|Substitute
|-damage|p2a: Mimikyu|76/100
|move|p1a: Slowking|Sludge Bomb|p2a: Mimikyu
|-end|p2a: Mimikyu|Substitute
|
|upkeep
|turn|23
|
|t:|1758257536
|move|p2a: Mimikyu|Curse|p1a: Slowking
|-start|p1a: Slowking|Curse|[of] p2a: Mimikyu
|-damage|p2a: Mimikyu|26/100
|cant|p1a: Slowking|par
|
|-damage|p1a: Slowking|63/100 par|[from] Curse
|upkeep
|turn|24
|
|t:|1758257543
|switch|p1a: Crawdaunt|Crawdaunt, F|88/100
|-damage|p1a: Crawdaunt|76/100|[from] Stealth Rock
|move|p2a: Mimikyu|Substitute|p2a: Mimikyu
|-start|p2a: Mimikyu|Substitute
|-damage|p2a: Mimikyu|1/100
|-enditem|p2a: Mimikyu|Salac Berry|[eat]
|-boost|p2a: Mimikyu|spe|1|[from] item: Salac Berry
|
|upkeep
|turn|25
|
|t:|1758257549
|move|p1a: Crawdaunt|Aqua Jet|p2a: Mimikyu
|-end|p2a: Mimikyu|Substitute
|move|p2a: Mimikyu|Play Rough|p1a: Crawdaunt
|-supereffective|p1a: Crawdaunt
|-damage|p1a: Crawdaunt|0 fnt
|faint|p1a: Crawdaunt
|
|upkeep
|
|t:|1758257552
|switch|p1a: Gholdengo|Gholdengo|94/100
|-damage|p1a: Gholdengo|88/100|[from] Stealth Rock
|turn|26
|
|t:|1758257561
|move|p2a: Mimikyu|Curse|p1a: Gholdengo
|-immune|p1a: Gholdengo|[from] ability: Good as Gold
|move|p1a: Gholdengo|Shadow Ball|p2a: Mimikyu
|-activate|p2a: Mimikyu|ability: Disguise
|-damage|p2a: Mimikyu|1/100
|-unboost|p2a: Mimikyu|spd|1
|detailschange|p2a: Mimikyu|Mimikyu-Busted, M
|-damage|p2a: Mimikyu|0 fnt|[from] pokemon: Mimikyu-Busted
|faint|p2a: Mimikyu
|
|upkeep
|
|t:|1758257565
|switch|p2a: Hydreigon|Hydreigon, M, tera:Dragon|4/100 psn
|turn|27
|
|t:|1758257569
|switch|p2a: Vileplume|Vileplume, F|100/100
|move|p1a: Gholdengo|Shadow Ball|p2a: Vileplume
|-damage|p2a: Vileplume|56/100
|
|upkeep
|turn|28
|
|t:|1758257576
|switch|p1a: Slowking|Slowking-Galar, M|96/100 par
|-damage|p1a: Slowking|84/100 par|[from] Stealth Rock
|move|p2a: Vileplume|Giga Drain|p1a: Slowking
|-resisted|p1a: Slowking
|-damage|p1a: Slowking|78/100 par
|-heal|p2a: Vileplume|59/100|[from] drain|[of] p1a: Slowking
|
|upkeep
|turn|29
|
|t:|1758257585
|move|p2a: Vileplume|Giga Drain|p1a: Slowking
|-resisted|p1a: Slowking
|-damage|p1a: Slowking|70/100 par
|-heal|p2a: Vileplume|63/100|[from] drain|[of] p1a: Slowking
|cant|p1a: Slowking|par
|
|upkeep
|turn|30
|
|t:|1758257588
|move|p2a: Vileplume|Giga Drain|p1a: Slowking
|-resisted|p1a: Slowking
|-damage|p1a: Slowking|63/100 par
|-heal|p2a: Vileplume|67/100|[from] drain|[of] p1a: Slowking
|move|p1a: Slowking|Psyshock|p2a: Vileplume
|-supereffective|p2a: Vileplume
|-damage|p2a: Vileplume|12/100
|
|upkeep
|turn|31
|
|t:|1758257590
|move|p2a: Vileplume|Giga Drain|p1a: Slowking
|-resisted|p1a: Slowking
|-damage|p1a: Slowking|57/100 par
|-heal|p2a: Vileplume|15/100|[from] drain|[of] p1a: Slowking
|move|p1a: Slowking|Ice Beam|p2a: Vileplume
|-supereffective|p2a: Vileplume
|-damage|p2a: Vileplume|0 fnt
|faint|p2a: Vileplume
|
|upkeep
|
|t:|1758257592
|switch|p2a: Excadrill|Excadrill, M|38/100
|-ability|p2a: Excadrill|Mold Breaker
|turn|32
|
|t:|1758257598
|move|p2a: Excadrill|Earthquake|p1a: Slowking
|-supereffective|p1a: Slowking
|-damage|p1a: Slowking|0 fnt
|faint|p1a: Slowking
|
|-heal|p2a: Excadrill|44/100|[from] item: Leftovers
|upkeep
|
|t:|1758257601
|switch|p1a: Gholdengo|Gholdengo|88/100
|-damage|p1a: Gholdengo|82/100|[from] Stealth Rock
|turn|33
|
|t:|1758257604
|move|p2a: Excadrill|Protect|p2a: Excadrill
|-singleturn|p2a: Excadrill|Protect
|move|p1a: Gholdengo|Shadow Ball|p2a: Excadrill
|-activate|p2a: Excadrill|move: Protect
|
|-heal|p2a: Excadrill|50/100|[from] item: Leftovers
|upkeep
|turn|34
|
|t:|1758257609
|switch|p2a: Hydreigon|Hydreigon, M, tera:Dragon|4/100 psn
|move|p1a: Gholdengo|Shadow Ball|p2a: Hydreigon
|-damage|p2a: Hydreigon|0 fnt
|faint|p2a: Hydreigon
|
|upkeep
|
|t:|1758257612
|switch|p2a: Greninja|Greninja, M|49/100
|turn|35
|
|t:|1758257615
|move|p2a: Greninja|Hydro Pump|p1a: Gholdengo
|-start|p2a: Greninja|typechange|Water|[from] ability: Protean
|-damage|p1a: Gholdengo|28/100
|move|p1a: Gholdengo|Shadow Ball|p2a: Greninja
|-damage|p2a: Greninja|0 fnt
|faint|p2a: Greninja
|
|upkeep
|
|t:|1758257620
|switch|p2a: Excadrill|Excadrill, M|50/100
|-ability|p2a: Excadrill|Mold Breaker
|turn|36
|
|t:|1758257622
|move|p2a: Excadrill|Protect|p2a: Excadrill
|-singleturn|p2a: Excadrill|Protect
|move|p1a: Gholdengo|Shadow Ball|p2a: Excadrill
|-activate|p2a: Excadrill|move: Protect
|
|-heal|p2a: Excadrill|57/100|[from] item: Leftovers
|upkeep
|turn|37
|
|t:|1758257624
|move|p1a: Gholdengo|Shadow Ball|p2a: Excadrill
|-damage|p2a: Excadrill|25/100
|-unboost|p2a: Excadrill|spd|1
|move|p2a: Excadrill|Earthquake|p1a: Gholdengo
|-supereffective|p1a: Gholdengo
|-damage|p1a: Gholdengo|0 fnt
|faint|p1a: Gholdengo
|
|win|ay cheu
|raw|KnockOffx2's rating: 1509 &rarr; <strong>1490</strong><br />(-19 for losing)
|raw|ay cheu's rating: 1520 &rarr; <strong>1539</strong><br />(+19 for winning)
|l|☆KnockOffx2
|player|p1|
|l|☆ay cheu
|player|p2|
