|j|‽myree
|j|☆go b3yond
|t:|1758314193
|gametype|singles
|player|p1|myree|benga|1564
|player|p2|go b3yond|bruno|1575
|gen|9
|tier|[Gen 9] OU
|rated|
|rule|HP Percentage Mod: HP is shown in percentages
|rule|Endless Battle Clause: Forcing endless battles is banned
|rule|Species Clause: Limit one of each Pokémon
|rule|OHKO Clause: OHKO moves are banned
|rule|Evasion Items Clause: Evasion items are banned
|rule|Evasion Moves Clause: Evasion moves are banned
|rule|Evasion Abilities Clause: Evasion abilities are banned
|rule|Sleep Moves Clause: Sleep-inducing moves are banned
|clearpoke
|poke|p1|Fezandipiti, M|
|poke|p1|Iron Crown|
|poke|p1|Iron Boulder|
|poke|p1|Iron Hands|
|poke|p1|Samurott-Hisui, F|
|poke|p1|Enamorus-Therian, F|
|poke|p2|Torkoal, F|
|poke|p2|Brute Bonnet|
|poke|p2|Hatterene, F|
|poke|p2|Walking Wake|
|poke|p2|Thundurus-Therian, M|
|poke|p2|Ceruledge, F|
|teampreview
|inactive|Battle timer is ON: inactive players will automatically lose when time's up. (requested by go b3yond)
|
|t:|1758314213
|teamsize|p1|6
|teamsize|p2|6
|start
|switch|p1a: Iron Crown|Iron Crown|100/100
|switch|p2a: Brute Bonnet|Brute Bonnet|100/100
|turn|1
|
|t:|1758314224
|-end|p1a: Iron Crown|Quark Drive|[silent]
|switch|p1a: Fezandipiti|Fezandipiti, M|100/100
|-item|p1a: Fezandipiti|Air Balloon
|move|p2a: Brute Bonnet|Growth|p2a: Brute Bonnet
|-boost|p2a: Brute Bonnet|atk|1
|-boost|p2a: Brute Bonnet|spa|1
|
|upkeep
|turn|2
|
|t:|1758314233
|-end|p2a: Brute Bonnet|Protosynthesis|[silent]
|switch|p2a: Hatterene|Hatterene, F|100/100
|move|p1a: Fezandipiti|Moonblast|p2a: Hatterene
|-damage|p2a: Hatterene|63/100
|-enditem|p2a: Hatterene|Eject Button
|
|t:|1758314236
|switch|p2a: GREAT Bait|Torkoal, F, shiny|100/100
|-weather|SunnyDay|[from] ability: Drought|[of] p2a: GREAT Bait
|
|-weather|SunnyDay|[upkeep]
|upkeep
|turn|3
|
|t:|1758314262
|move|p1a: Fezandipiti|Moonblast|p2a: GREAT Bait
|-resisted|p2a: GREAT Bait
|-damage|p2a: GREAT Bait|81/100
|-unboost|p2a: GREAT Bait|spa|1
|move|p2a: GREAT Bait|Eruption|p1a: Fezandipiti
|-damage|p1a: Fezandipiti|51/100
|-enditem|p1a: Fezandipiti|Air Balloon
|
|-weather|SunnyDay|[upkeep]
|upkeep
|turn|4
|
|t:|1758314269
|move|p1a: Fezandipiti|Moonblast|p2a: GREAT Bait
|-resisted|p2a: GREAT Bait
|-damage|p2a: GREAT Bait|59/100
|-unboost|p2a: GREAT Bait|spa|1
|-status|p2a: GREAT Bait|tox|[from] ability: Toxic Chain|[of] p1a: Fezandipiti
|move|p2a: GREAT Bait|Overheat|p1a: Fezandipiti
|-damage|p1a: Fezandipiti|12/100
|-unboost|p2a: GREAT Bait|spa|2
|
|-weather|SunnyDay|[upkeep]
|-damage|p2a: GREAT Bait|53/100 tox|[from] psn
|upkeep
|turn|5
|
|t:|1758314277
|switch|p2a: Hatterene|Hatterene, F|63/100
|move|p1a: Fezandipiti|Roost|p1a: Fezandipiti
|-heal|p1a: Fezandipiti|62/100
|-singleturn|p1a: Fezandipiti|move: Roost
|
|-weather|SunnyDay|[upkeep]
|upkeep
|turn|6
|
|t:|1758314281
|switch|p1a: Samurott|Samurott-Hisui, F|100/100
|move|p2a: Hatterene|Psychic Noise|p1a: Samurott
|-immune|p1a: Samurott
|
|-weather|SunnyDay|[upkeep]
|upkeep
|turn|7
|
|t:|1758314286
|move|p1a: Samurott|Ceaseless Edge|p2a: Hatterene
|-damage|p2a: Hatterene|19/100
|-sidestart|p2: go b3yond|Spikes
|move|p2a: Hatterene|Nuzzle|p1a: Samurott
|-supereffective|p1a: Samurott
|-damage|p1a: Samurott|91/100
|-status|p1a: Samurott|par
|
|-weather|SunnyDay|[upkeep]
|upkeep
|turn|8
|
|t:|1758314291
|move|p2a: Hatterene|Dazzling Gleam|p1a: Samurott
|-supereffective|p1a: Samurott
|-damage|p1a: Samurott|36/100 par
|move|p1a: Samurott|Ceaseless Edge|p2a: Hatterene
|-damage|p2a: Hatterene|0 fnt
|-sidestart|p2: go b3yond|Spikes
|faint|p2a: Hatterene
|
|-weather|SunnyDay|[upkeep]
|upkeep
|l|☆go b3yond
|inactive|go b3yond disconnected and has a minute to reconnect!
|player|p2|
|j|☆go b3yond
|inactive|go b3yond reconnected and has 125 seconds left.
|player|p2|go b3yond|bruno|
|inactive|go b3yond has 120 seconds left.
|
|t:|1758314327
|switch|p2a: Brute Bonnet|Brute Bonnet|100/100
|-damage|p2a: Brute Bonnet|84/100|[from] Spikes
|-activate|p2a: Brute Bonnet|ability: Protosynthesis
|-start|p2a: Brute Bonnet|protosynthesisatk
|turn|9
|
|t:|1758314338
|switch|p1a: Enamorus|Enamorus-Therian, F|100/100
|move|p2a: Brute Bonnet|Bullet Seed|p1a: Enamorus
|-resisted|p1a: Enamorus
|-damage|p1a: Enamorus|93/100
|-resisted|p1a: Enamorus
|-damage|p1a: Enamorus|86/100
|-resisted|p1a: Enamorus
|-damage|p1a: Enamorus|78/100
|-resisted|p1a: Enamorus
|-damage|p1a: Enamorus|70/100
|-hitcount|p1a: Enamorus|4
|
|-weather|none
|-end|p2a: Brute Bonnet|Protosynthesis
|upkeep
|turn|10
|
|t:|1758314346
|-end|p2a: Brute Bonnet|Protosynthesis|[silent]
|switch|p2a: GREAT Bait|Torkoal, F, shiny|53/100 tox
|-damage|p2a: GREAT Bait|36/100 tox|[from] Spikes
|-weather|SunnyDay|[from] ability: Drought|[of] p2a: GREAT Bait
|move|p1a: Enamorus|Earth Power|p2a: GREAT Bait
|-supereffective|p2a: GREAT Bait
|-damage|p2a: GREAT Bait|0 fnt
|faint|p2a: GREAT Bait
|
|-weather|SunnyDay|[upkeep]
|upkeep
|
|t:|1758314356
|switch|p2a: Thundurus|Thundurus-Therian, M|100/100
|turn|11
|
|t:|1758314384
|switch|p1a: Samurott|Samurott-Hisui, F|36/100 par
|move|p2a: Thundurus|Thunderbolt|p1a: Samurott
|-supereffective|p1a: Samurott
|-damage|p1a: Samurott|0 fnt
|faint|p1a: Samurott
|
|-weather|SunnyDay|[upkeep]
|upkeep
|
|t:|1758314392
|switch|p1a: Iron Boulder|Iron Boulder|100/100
|turn|12
|
|t:|1758314395
|move|p1a: Iron Boulder|Mighty Cleave|p2a: Thundurus
|-supereffective|p2a: Thundurus
|-damage|p2a: Thundurus|0 fnt
|faint|p2a: Thundurus
|
|-weather|SunnyDay|[upkeep]
|upkeep
|
|t:|1758314397
|switch|p2a: Walking Wake|Walking Wake|100/100
|-damage|p2a: Walking Wake|84/100|[from] Spikes
|-activate|p2a: Walking Wake|ability: Protosynthesis
|-start|p2a: Walking Wake|protosynthesisspe
|turn|13
|
|t:|1758314415
|-end|p1a: Iron Boulder|Quark Drive|[silent]
|switch|p1a: Enamorus|Enamorus-Therian, F|70/100
|move|p2a: Walking Wake|Hydro Steam|p1a: Enamorus
|-damage|p1a: Enamorus|14/100
|
|-weather|SunnyDay|[upkeep]
|upkeep
|turn|14
|
|t:|1758314421
|move|p2a: Walking Wake|Hydro Steam|p1a: Enamorus
|-damage|p1a: Enamorus|0 fnt
|faint|p1a: Enamorus
|
|-weather|SunnyDay|[upkeep]
|upkeep
|
|t:|1758314438
|switch|p1a: Fezandipiti|Fezandipiti, M|62/100
|turn|15
|
|t:|1758314442
|-terastallize|p2a: Walking Wake|Water
|move|p2a: Walking Wake|Hydro Steam|p1a: Fezandipiti
|-damage|p1a: Fezandipiti|0 fnt
|faint|p1a: Fezandipiti
|
|-weather|SunnyDay|[upkeep]
|upkeep
|
|t:|1758314446
|switch|p1a: Iron Hands|Iron Hands|100/100
|turn|16
|
|t:|1758314449
|move|p2a: Walking Wake|Hydro Steam|p1a: Iron Hands
|-damage|p1a: Iron Hands|39/100
|move|p1a: Iron Hands|Ice Punch|p2a: Walking Wake
|-resisted|p2a: Walking Wake
|-damage|p2a: Walking Wake|69/100
|
|-weather|SunnyDay|[upkeep]
|upkeep
|turn|17
|
|t:|1758314456
|move|p2a: Walking Wake|Hydro Steam|p1a: Iron Hands
|-damage|p1a: Iron Hands|0 fnt
|faint|p1a: Iron Hands
|-end|p1a: Iron Hands|Quark Drive|[silent]
|
|-weather|none
|-end|p2a: Walking Wake|Protosynthesis
|upkeep
|
|t:|1758314459
|switch|p1a: Iron Crown|Iron Crown|100/100
|turn|18
|
|t:|1758314462
|move|p2a: Walking Wake|Flamethrower|p1a: Iron Crown
|-supereffective|p1a: Iron Crown
|-damage|p1a: Iron Crown|66/100
|move|p1a: Iron Crown|Metal Burst|p2a: Walking Wake
|-damage|p2a: Walking Wake|15/100
|
|upkeep
|turn|19
|
|t:|1758314470
|move|p2a: Walking Wake|Hydro Steam|p1a: Iron Crown
|-damage|p1a: Iron Crown|38/100
|move|p1a: Iron Crown|Future Sight|p2a: Walking Wake
|-start|p1a: Iron Crown|move: Future Sight
|
|upkeep
|turn|20
|
|t:|1758314479
|move|p2a: Walking Wake|Flamethrower|p1a: Iron Crown
|-supereffective|p1a: Iron Crown
|-damage|p1a: Iron Crown|5/100
|move|p1a: Iron Crown|Metal Burst|p2a: Walking Wake
|-damage|p2a: Walking Wake|0 fnt
|faint|p2a: Walking Wake
|-end|p2a: Walking Wake|Protosynthesis|[silent]
|
|upkeep
|
|t:|1758314488
|switch|p2a: Brute Bonnet|Brute Bonnet|84/100
|-damage|p2a: Brute Bonnet|67/100|[from] Spikes
|turn|21
|
|t:|1758314494
|move|p1a: Iron Crown|Tachyon Cutter|p2a: Brute Bonnet
|-damage|p2a: Brute Bonnet|43/100
|-damage|p2a: Brute Bonnet|20/100
|-hitcount|p2a: Brute Bonnet|2
|move|p2a: Brute Bonnet|Bullet Seed|p1a: Iron Crown
|-resisted|p1a: Iron Crown
|-damage|p1a: Iron Crown|0 fnt
|faint|p1a: Iron Crown
|-end|p1a: Iron Crown|Quark Drive|[silent]
|-hitcount|p1: Iron Crown|1
|
|-end|p2a: Brute Bonnet|move: Future Sight
|-immune|p2a: Brute Bonnet
|upkeep
|
|t:|1758314497
|switch|p1a: Iron Boulder|Iron Boulder|100/100
|turn|22
|
|t:|1758314502
|move|p2a: Brute Bonnet|Sucker Punch|p1a: Iron Boulder
|-supereffective|p1a: Iron Boulder
|-damage|p1a: Iron Boulder|0 fnt
|faint|p1a: Iron Boulder
|-end|p1a: Iron Boulder|Quark Drive|[silent]
|
|win|go b3yond
|raw|myree's rating: 1564 &rarr; <strong>1545</strong><br />(-19 for losing)
|raw|go b3yond's rating: 1575 &rarr; <strong>1594</strong><br />(+19 for winning)
|l|‽myree
|player|p1|
|l|☆go b3yond
|player|p2|
