|j|☆pipotron
|j|☆KingKaido107
|t:|1758331746
|gametype|singles
|player|p1|pipotron|170|1580
|player|p2|KingKaido107|dragontamer-gen6|1641
|gen|9
|tier|[Gen 9] OU
|rated|
|rule|HP Percentage Mod: HP is shown in percentages
|rule|Endless Battle Clause: Forcing endless battles is banned
|rule|Species Clause: Limit one of each Pokémon
|rule|OHKO Clause: OHKO moves are banned
|rule|Evasion Items Clause: Evasion items are banned
|rule|Evasion Moves Clause: Evasion moves are banned
|rule|Evasion Abilities Clause: Evasion abilities are banned
|rule|Sleep Moves Clause: Sleep-inducing moves are banned
|clearpoke
|poke|p1|Kyurem|
|poke|p1|Hitmontop, M|
|poke|p1|Araquanid, M|
|poke|p1|Landorus-Therian, M|
|poke|p1|Raging Bolt|
|poke|p1|Sinistcha|
|poke|p2|Slowking-Galar, F|
|poke|p2|Kyurem|
|poke|p2|Cinderace, F|
|poke|p2|Tornadus-Therian, M|
|poke|p2|Hydrapple, F|
|poke|p2|Kingambit, M|
|teampreview
|inactive|Battle timer is ON: inactive players will automatically lose when time's up. (requested by KingKaido107)
|
|t:|1758331757
|teamsize|p1|6
|teamsize|p2|6
|start
|switch|p1a: Kyurem|Kyurem|100/100
|switch|p2a: Ragnaraku|Kyurem|100/100
|-ability|p2a: Ragnaraku|Pressure
|-ability|p1a: Kyurem|Pressure
|turn|1
|
|t:|1758331760
|switch|p2a: Depressed Drunk|Slowking-Galar, F|100/100
|move|p1a: Kyurem|Scale Shot|p2a: Depressed Drunk|[miss]
|-miss|p1a: Kyurem|p2a: Depressed Drunk
|
|upkeep
|turn|2
|
|t:|1758331765
|move|p1a: Kyurem|Dragon Dance|p1a: Kyurem
|-boost|p1a: Kyurem|atk|1
|-boost|p1a: Kyurem|spe|1
|move|p2a: Depressed Drunk|Sludge Bomb|p1a: Kyurem
|-damage|p1a: Kyurem|67/100
|
|upkeep
|turn|3
|
|t:|1758331767
|move|p1a: Kyurem|Scale Shot|p2a: Depressed Drunk
|-damage|p2a: Depressed Drunk|85/100
|-damage|p2a: Depressed Drunk|68/100
|-damage|p2a: Depressed Drunk|50/100
|-damage|p2a: Depressed Drunk|33/100
|-hitcount|p2a: Depressed Drunk|4
|-unboost|p1a: Kyurem|def|1
|-boost|p1a: Kyurem|spe|1
|move|p2a: Depressed Drunk|Sludge Bomb|p1a: Kyurem
|-damage|p1a: Kyurem|29/100
|
|upkeep
|turn|4
|
|t:|1758331771
|switch|p2a: Thieving Drunk|Tornadus-Therian, M|100/100
|move|p1a: Kyurem|Icicle Spear|p2a: Thieving Drunk
|-supereffective|p2a: Thieving Drunk
|-damage|p2a: Thieving Drunk|50/100
|-supereffective|p2a: Thieving Drunk
|-damage|p2a: Thieving Drunk|0 fnt
|faint|p2a: Thieving Drunk
|-hitcount|p2: Thieving Drunk|2
|
|upkeep
|
|t:|1758331775
|switch|p2a: Raging Drunk|Kingambit, M|100/100
|-activate|p2a: Raging Drunk|ability: Supreme Overlord
|-start|p2a: Raging Drunk|fallen1|[silent]
|turn|5
|
|t:|1758331777
|switch|p1a: Hitmontop|Hitmontop, M|100/100
|-ability|p1a: Hitmontop|Intimidate|boost
|-unboost|p2a: Raging Drunk|atk|1
|move|p2a: Raging Drunk|Kowtow Cleave|p1a: Hitmontop
|-resisted|p1a: Hitmontop
|-damage|p1a: Hitmontop|75/100
|
|-heal|p1a: Hitmontop|81/100|[from] item: Leftovers
|upkeep
|turn|6
|
|t:|1758331784
|-end|p2a: Raging Drunk|fallen1|[silent]
|switch|p2a: Depressed Drunk|Slowking-Galar, F|66/100
|move|p1a: Hitmontop|Earthquake|p2a: Depressed Drunk
|-supereffective|p2a: Depressed Drunk
|-damage|p2a: Depressed Drunk|16/100
|
|-heal|p1a: Hitmontop|87/100|[from] item: Leftovers
|upkeep
|turn|7
|
|t:|1758331789
|move|p1a: Hitmontop|Earthquake|p2a: Depressed Drunk
|-supereffective|p2a: Depressed Drunk
|-damage|p2a: Depressed Drunk|0 fnt
|faint|p2a: Depressed Drunk
|
|-heal|p1a: Hitmontop|93/100|[from] item: Leftovers
|upkeep
|
|t:|1758331791
|switch|p2a: Ragnaraku|Kyurem|100/100
|-ability|p2a: Ragnaraku|Pressure
|turn|8
|
|t:|1758331811
|move|p1a: Hitmontop|Mach Punch|p2a: Ragnaraku
|-supereffective|p2a: Ragnaraku
|-damage|p2a: Ragnaraku|65/100
|move|p2a: Ragnaraku|Draco Meteor|p1a: Hitmontop
|-damage|p1a: Hitmontop|0 fnt
|-unboost|p2a: Ragnaraku|spa|2
|faint|p1a: Hitmontop
|
|upkeep
|
|t:|1758331819
|switch|p1a: Araquanid|Araquanid, M|100/100
|turn|9
|
|t:|1758331826
|switch|p2a: Laughing Drunk|Hydrapple, F|100/100
|move|p1a: Araquanid|Sticky Web|p2a: Laughing Drunk
|-sidestart|p2: KingKaido107|move: Sticky Web
|
|upkeep
|turn|10
|
|t:|1758331835
|move|p1a: Araquanid|Endure|p1a: Araquanid
|-singleturn|p1a: Araquanid|move: Endure
|move|p2a: Laughing Drunk|Fickle Beam|p1a: Araquanid
|-damage|p1a: Araquanid|77/100
|
|upkeep
|turn|11
|
|t:|1758331839
|move|p2a: Laughing Drunk|Giga Drain|p1a: Araquanid
|-damage|p1a: Araquanid|55/100
|move|p1a: Araquanid|Endeavor|p2a: Laughing Drunk
|-damage|p2a: Laughing Drunk|45/100
|-damage|p1a: Araquanid|38/100|[from] item: Rocky Helmet|[of] p2a: Laughing Drunk
|
|upkeep
|turn|12
|
|t:|1758331844
|move|p2a: Laughing Drunk|Giga Drain|p1a: Araquanid
|-damage|p1a: Araquanid|16/100
|-heal|p2a: Laughing Drunk|54/100|[from] drain|[of] p1a: Araquanid
|move|p1a: Araquanid|Surf|p2a: Laughing Drunk
|-resisted|p2a: Laughing Drunk
|-damage|p2a: Laughing Drunk|41/100
|
|upkeep
|turn|13
|j| amefurikoneko
|-enditem|p1a: Araquanid|Custap Berry|[eat]
|-activate|p1a: Araquanid|item: Custap Berry|[consumed]
|
|t:|1758331847
|move|p1a: Araquanid|Endeavor|p2a: Laughing Drunk
|-damage|p2a: Laughing Drunk|13/100
|-damage|p1a: Araquanid|0 fnt|[from] item: Rocky Helmet|[of] p2a: Laughing Drunk
|faint|p1a: Araquanid
|move|p2a: Laughing Drunk|Giga Drain|p1: Araquanid|[notarget]
|-fail|p2a: Laughing Drunk
|
|upkeep
|
|t:|1758331855
|switch|p1a: Landorus|Landorus-Therian, M|100/100
|-ability|p1a: Landorus|Intimidate|boost
|-unboost|p2a: Laughing Drunk|atk|1
|turn|14
|
|t:|1758331859
|switch|p2a: Boro Breath|Cinderace, F|100/100
|move|p1a: Landorus|Earthquake|p2a: Boro Breath
|-supereffective|p2a: Boro Breath
|-crit|p2a: Boro Breath
|-damage|p2a: Boro Breath|0 fnt
|faint|p2a: Boro Breath
|
|upkeep
|
|t:|1758331861
|switch|p2a: Ragnaraku|Kyurem|65/100
|-activate|p2a: Ragnaraku|move: Sticky Web
|-unboost|p2a: Ragnaraku|spe|1
|-ability|p2a: Ragnaraku|Pressure
|turn|15
|
|t:|1758331865
|-terastallize|p1a: Landorus|Ground
|move|p1a: Landorus|Earthquake|p2a: Ragnaraku
|-damage|p2a: Ragnaraku|0 fnt
|faint|p2a: Ragnaraku
|
|upkeep
|
|t:|1758331868
|switch|p2a: Laughing Drunk|Hydrapple, F|47/100
|-activate|p2a: Laughing Drunk|move: Sticky Web
|-unboost|p2a: Laughing Drunk|spe|1
|turn|16
|
|t:|1758331870
|move|p1a: Landorus|U-turn|p2a: Laughing Drunk
|-supereffective|p2a: Laughing Drunk
|-damage|p2a: Laughing Drunk|18/100
|-damage|p1a: Landorus|84/100|[from] item: Rocky Helmet|[of] p2a: Laughing Drunk
|
|t:|1758331885
|switch|p1a: Kyurem|Kyurem|29/100|[from] U-turn
|-ability|p1a: Kyurem|Pressure
|move|p2a: Laughing Drunk|Fickle Beam|p1a: Kyurem
|-supereffective|p1a: Kyurem
|-damage|p1a: Kyurem|0 fnt
|faint|p1a: Kyurem
|
|upkeep
|
|t:|1758331886
|switch|p1a: Raging Bolt|Raging Bolt|100/100
|-enditem|p1a: Raging Bolt|Booster Energy
|-activate|p1a: Raging Bolt|ability: Protosynthesis|[fromitem]
|-start|p1a: Raging Bolt|protosynthesisspa
|turn|17
|
|t:|1758331889
|move|p1a: Raging Bolt|Thunderbolt|p2a: Laughing Drunk
|-resisted|p2a: Laughing Drunk
|-damage|p2a: Laughing Drunk|1/100
|move|p2a: Laughing Drunk|Fickle Beam|p1a: Raging Bolt|[anim] Fickle Beam All Out
|-activate|p2a: Laughing Drunk|move: Fickle Beam
|-supereffective|p1a: Raging Bolt
|-damage|p1a: Raging Bolt|0 fnt
|faint|p1a: Raging Bolt
|-end|p1a: Raging Bolt|Protosynthesis|[silent]
|
|upkeep
|
|t:|1758331895
|switch|p1a: Sinistcha|Sinistcha|100/100
|turn|18
|
|t:|1758331898
|switch|p2a: Raging Drunk|Kingambit, M|100/100
|-activate|p2a: Raging Drunk|move: Sticky Web
|-unboost|p2a: Raging Drunk|spe|1
|-activate|p2a: Raging Drunk|ability: Supreme Overlord
|-start|p2a: Raging Drunk|fallen4|[silent]
|move|p1a: Sinistcha|Shadow Ball|p2a: Raging Drunk
|-resisted|p2a: Raging Drunk
|-damage|p2a: Raging Drunk|84/100
|
|upkeep
|turn|19
|
|t:|1758331906
|switch|p1a: Landorus|Landorus-Therian, M, tera:Ground|84/100
|-ability|p1a: Landorus|Intimidate|boost
|-unboost|p2a: Raging Drunk|atk|1
|-end|p2a: Raging Drunk|fallen4|[silent]
|switch|p2a: Laughing Drunk|Hydrapple, F|34/100
|-activate|p2a: Laughing Drunk|move: Sticky Web
|-unboost|p2a: Laughing Drunk|spe|1
|
|upkeep
|turn|20
|
|t:|1758331910
|move|p1a: Landorus|U-turn|p2a: Laughing Drunk
|-supereffective|p2a: Laughing Drunk
|-damage|p2a: Laughing Drunk|8/100
|-damage|p1a: Landorus|67/100|[from] item: Rocky Helmet|[of] p2a: Laughing Drunk
|
|t:|1758331912
|switch|p1a: Sinistcha|Sinistcha|100/100|[from] U-turn
|move|p2a: Laughing Drunk|Fickle Beam|p1a: Sinistcha
|-damage|p1a: Sinistcha|59/100
|
|upkeep
|turn|21
|
|t:|1758331916
|move|p1a: Sinistcha|Shadow Ball|p2a: Laughing Drunk
|-damage|p2a: Laughing Drunk|0 fnt
|faint|p2a: Laughing Drunk
|
|upkeep
|
|t:|1758331917
|switch|p2a: Raging Drunk|Kingambit, M|84/100
|-activate|p2a: Raging Drunk|move: Sticky Web
|-unboost|p2a: Raging Drunk|spe|1
|-activate|p2a: Raging Drunk|ability: Supreme Overlord
|-start|p2a: Raging Drunk|fallen5|[silent]
|turn|22
|
|t:|1758331921
|move|p1a: Sinistcha|Strength Sap|p2a: Raging Drunk
|-unboost|p2a: Raging Drunk|atk|1
|-heal|p1a: Sinistcha|100/100
|move|p2a: Raging Drunk|Swords Dance|p2a: Raging Drunk
|-boost|p2a: Raging Drunk|atk|2
|
|upkeep
|turn|23
|
|t:|1758331924
|switch|p1a: Landorus|Landorus-Therian, M, tera:Ground|67/100
|-ability|p1a: Landorus|Intimidate|boost
|-unboost|p2a: Raging Drunk|atk|1
|move|p2a: Raging Drunk|Sucker Punch||[still]
|-fail|p2a: Raging Drunk
|
|upkeep
|turn|24
|
|t:|1758331931
|-terastallize|p2a: Raging Drunk|Dark
|move|p1a: Landorus|Earthquake|p2a: Raging Drunk
|-damage|p2a: Raging Drunk|23/100
|move|p2a: Raging Drunk|Swords Dance|p2a: Raging Drunk
|-boost|p2a: Raging Drunk|atk|2
|
|upkeep
|turn|25
|
|t:|1758331936
|switch|p1a: Sinistcha|Sinistcha|100/100
|move|p2a: Raging Drunk|Sucker Punch||[still]
|-fail|p2a: Raging Drunk
|
|upkeep
|turn|26
|
|t:|1758331942
|move|p1a: Sinistcha|Strength Sap|p2a: Raging Drunk
|-unboost|p2a: Raging Drunk|atk|1
|move|p2a: Raging Drunk|Kowtow Cleave|p1a: Sinistcha
|-supereffective|p1a: Sinistcha
|-damage|p1a: Sinistcha|0 fnt
|faint|p1a: Sinistcha
|
|upkeep
|
|t:|1758331944
|switch|p1a: Landorus|Landorus-Therian, M, tera:Ground|67/100
|-ability|p1a: Landorus|Intimidate|boost
|-unboost|p2a: Raging Drunk|atk|1
|turn|27
|
|t:|1758331949
|move|p2a: Raging Drunk|Sucker Punch|p1a: Landorus
|-damage|p1a: Landorus|0 fnt
|faint|p1a: Landorus
|
|win|KingKaido107
|raw|pipotron's rating: 1580 &rarr; <strong>1563</strong><br />(-17 for losing)
|raw|KingKaido107's rating: 1641 &rarr; <strong>1658</strong><br />(+17 for winning)
|l|☆KingKaido107
|player|p2|
|l| amefurikoneko
|l|☆pipotron
|player|p1|
