|badge|p1|bronze|gen9ou|100-6
|uhtml|medal-msg|<div class="broadcast-blue">Curious what those medals under the avatar are? PS now has Ladder Seasons! For more information, check out the <a href="https://www.smogon.com/forums/threads/3740067/">thread on Smogon.</a></div>
|badge|p2|bronze|gen9ou|100-6
|uhtml|medal-msg|<div class="broadcast-blue">Curious what those medals under the avatar are? PS now has Ladder Seasons! For more information, check out the <a href="https://www.smogon.com/forums/threads/3740067/">thread on Smogon.</a></div>
|j|☆1shy9
|j|☆eros maniac
|t:|1758364224
|gametype|singles
|player|p1|1shy9|acetrainerf-gen4|1843
|player|p2|eros maniac|101|1880
|gen|9
|tier|[Gen 9] OU
|rated|
|rule|HP Percentage Mod: HP is shown in percentages
|rule|Endless Battle Clause: Forcing endless battles is banned
|rule|Species Clause: Limit one of each Pokémon
|rule|OHKO Clause: OHKO moves are banned
|rule|Evasion Items Clause: Evasion items are banned
|rule|Evasion Moves Clause: Evasion moves are banned
|rule|Evasion Abilities Clause: Evasion abilities are banned
|rule|Sleep Moves Clause: Sleep-inducing moves are banned
|clearpoke
|poke|p1|Iron Moth|
|poke|p1|Gholdengo|
|poke|p1|Great Tusk|
|poke|p1|Kyurem|
|poke|p1|Zamazenta-*|
|poke|p1|Dragonite, M|
|poke|p2|Frosmoth, F|
|poke|p2|Maushold-Four|
|poke|p2|Mamoswine, M|
|poke|p2|Sinistcha|
|poke|p2|Alomomola, F|
|poke|p2|Weezing-Galar, M|
|teampreview
|inactive|Battle timer is ON: inactive players will automatically lose when time's up. (requested by eros maniac)
|
|t:|1758364237
|teamsize|p1|6
|teamsize|p2|6
|start
|switch|p1a: Kyurem|Kyurem|100/100
|switch|p2a: Mamoswine|Mamoswine, M|100/100
|-ability|p1a: Kyurem|Pressure
|turn|1
|
|t:|1758364244
|move|p1a: Kyurem|Dragon Dance|p1a: Kyurem
|-boost|p1a: Kyurem|atk|1
|-boost|p1a: Kyurem|spe|1
|move|p2a: Mamoswine|Knock Off|p1a: Kyurem
|-damage|p1a: Kyurem|45/100
|-enditem|p1a: Kyurem|Loaded Dice|[from] move: Knock Off|[of] p2a: Mamoswine
|
|upkeep
|turn|2
|
|t:|1758364250
|switch|p2a: Alomomola|Alomomola, F, shiny|100/100
|move|p1a: Kyurem|Icicle Spear|p2a: Alomomola
|-resisted|p2a: Alomomola
|-damage|p2a: Alomomola|95/100
|-resisted|p2a: Alomomola
|-damage|p2a: Alomomola|89/100
|-resisted|p2a: Alomomola
|-damage|p2a: Alomomola|83/100
|-hitcount|p2a: Alomomola|3
|
|upkeep
|turn|3
|
|t:|1758364253
|move|p1a: Kyurem|Freeze-Dry|p2a: Alomomola
|-supereffective|p2a: Alomomola
|-damage|p2a: Alomomola|23/100
|-status|p2a: Alomomola|frz
|cant|p2a: Alomomola|frz
|
|upkeep
|turn|4
|
|t:|1758364261
|switch|p2a: Mamoswine|Mamoswine, M|100/100
|move|p1a: Kyurem|Freeze-Dry|p2a: Mamoswine
|-damage|p2a: Mamoswine|80/100
|
|upkeep
|turn|5
|
|t:|1758364266
|move|p1a: Kyurem|Icicle Spear|p2a: Mamoswine
|-damage|p2a: Mamoswine|71/100
|-damage|p2a: Mamoswine|62/100
|-damage|p2a: Mamoswine|51/100
|-hitcount|p2a: Mamoswine|3
|move|p2a: Mamoswine|Icicle Crash|p1a: Kyurem
|-damage|p1a: Kyurem|0 fnt
|faint|p1a: Kyurem
|
|upkeep
|
|t:|1758364271
|switch|p1a: Iron Moth|Iron Moth|100/100
|-enditem|p1a: Iron Moth|Booster Energy
|-activate|p1a: Iron Moth|ability: Quark Drive|[fromitem]
|-start|p1a: Iron Moth|quarkdrivespe
|turn|6
|
|t:|1758364273
|switch|p2a: Alomomola|Alomomola, F, shiny|56/100 frz
|move|p1a: Iron Moth|Fiery Dance|p2a: Alomomola
|-resisted|p2a: Alomomola
|-damage|p2a: Alomomola|37/100 frz
|-boost|p1a: Iron Moth|spa|1
|-curestatus|p2a: Alomomola|frz|[msg]
|
|upkeep
|turn|7
|
|t:|1758364281
|switch|p2a: Frosmoth|Frosmoth, F, shiny|100/100
|move|p1a: Iron Moth|Sludge Wave|p2a: Frosmoth
|-damage|p2a: Frosmoth|73/100
|
|-heal|p2a: Frosmoth|79/100|[from] item: Leftovers
|upkeep
|turn|8
|
|t:|1758364285
|-terastallize|p2a: Frosmoth|Electric
|move|p1a: Iron Moth|Fiery Dance|p2a: Frosmoth
|-damage|p2a: Frosmoth|54/100
|move|p2a: Frosmoth|Quiver Dance|p2a: Frosmoth
|-boost|p2a: Frosmoth|spa|1
|-boost|p2a: Frosmoth|spd|1
|-boost|p2a: Frosmoth|spe|1
|
|-heal|p2a: Frosmoth|60/100|[from] item: Leftovers
|upkeep
|turn|9
|
|t:|1758364291
|-terastallize|p1a: Iron Moth|Ground
|move|p1a: Iron Moth|Tera Blast|p2a: Frosmoth|[anim] Tera Blast Ground
|-supereffective|p2a: Frosmoth
|-damage|p2a: Frosmoth|28/100
|move|p2a: Frosmoth|Quiver Dance|p2a: Frosmoth
|-boost|p2a: Frosmoth|spa|1
|-boost|p2a: Frosmoth|spd|1
|-boost|p2a: Frosmoth|spe|1
|
|-heal|p2a: Frosmoth|34/100|[from] item: Leftovers
|upkeep
|turn|10
|
|t:|1758364297
|move|p1a: Iron Moth|Tera Blast|p2a: Frosmoth|[anim] Tera Blast Ground
|-supereffective|p2a: Frosmoth
|-damage|p2a: Frosmoth|10/100
|move|p2a: Frosmoth|Ice Beam|p1a: Iron Moth
|-supereffective|p1a: Iron Moth
|-damage|p1a: Iron Moth|0 fnt
|faint|p1a: Iron Moth
|-end|p1a: Iron Moth|Quark Drive|[silent]
|
|-heal|p2a: Frosmoth|16/100|[from] item: Leftovers
|upkeep
|
|t:|1758364302
|switch|p1a: Gholdengo|Gholdengo|100/100
|-item|p1a: Gholdengo|Air Balloon
|turn|11
|
|t:|1758364308
|move|p2a: Frosmoth|Tera Blast|p1a: Gholdengo|[anim] Tera Blast Electric
|-damage|p1a: Gholdengo|24/100
|-enditem|p1a: Gholdengo|Air Balloon
|move|p1a: Gholdengo|Shadow Ball|p2a: Frosmoth
|-damage|p2a: Frosmoth|6/100
|
|-heal|p2a: Frosmoth|12/100|[from] item: Leftovers
|upkeep
|turn|12
|
|t:|1758364312
|move|p2a: Frosmoth|Ice Beam|p1a: Gholdengo
|-resisted|p1a: Gholdengo
|-damage|p1a: Gholdengo|0 fnt
|faint|p1a: Gholdengo
|
|-heal|p2a: Frosmoth|19/100|[from] item: Leftovers
|upkeep
|
|t:|1758364316
|switch|p1a: Zamazenta|Zamazenta|100/100
|-ability|p1a: Zamazenta|Dauntless Shield|boost
|-boost|p1a: Zamazenta|def|1
|turn|13
|
|t:|1758364319
|switch|p2a: Alomomola|Alomomola, F, shiny|70/100
|move|p1a: Zamazenta|Body Press|p2a: Alomomola
|-damage|p2a: Alomomola|39/100
|-damage|p1a: Zamazenta|84/100|[from] item: Rocky Helmet|[of] p2a: Alomomola
|
|-heal|p1a: Zamazenta|90/100|[from] item: Leftovers
|upkeep
|turn|14
|
|t:|1758364325
|switch|p2a: Weezing|Weezing-Galar, M|100/100
|-ability|p2a: Weezing|Neutralizing Gas
|move|p1a: Zamazenta|Iron Defense|p1a: Zamazenta
|-boost|p1a: Zamazenta|def|2
|
|-heal|p1a: Zamazenta|96/100|[from] item: Leftovers
|upkeep
|turn|15
|
|t:|1758364338
|switch|p1a: Great Tusk|Great Tusk|100/100
|move|p2a: Weezing|Strange Steam|p1a: Great Tusk
|-supereffective|p1a: Great Tusk
|-damage|p1a: Great Tusk|19/100
|
|upkeep
|turn|16
|
|t:|1758364343
|-end|p2a: Weezing|ability: Neutralizing Gas
|switch|p2a: Frosmoth|Frosmoth, F, shiny, tera:Electric|19/100
|move|p1a: Great Tusk|Stealth Rock|p2a: Frosmoth
|-sidestart|p2: eros maniac|move: Stealth Rock
|
|-heal|p2a: Frosmoth|25/100|[from] item: Leftovers
|upkeep
|turn|17
|
|t:|1758364345
|move|p1a: Great Tusk|Headlong Rush|p2a: Frosmoth
|-supereffective|p2a: Frosmoth
|-damage|p2a: Frosmoth|0 fnt
|-unboost|p1a: Great Tusk|def|1
|-unboost|p1a: Great Tusk|spd|1
|faint|p2a: Frosmoth
|
|upkeep
|
|t:|1758364351
|switch|p2a: Maushold|Maushold-Four|100/100
|-damage|p2a: Maushold|88/100|[from] Stealth Rock
|turn|18
|
|t:|1758364356
|move|p2a: Maushold|Population Bomb|p1a: Great Tusk
|-damage|p1a: Great Tusk|8/100
|-damage|p1a: Great Tusk|0 fnt
|faint|p1a: Great Tusk
|-end|p1a: Great Tusk|Protosynthesis|[silent]
|-hitcount|p1: Great Tusk|2
|
|upkeep
|
|t:|1758364359
|switch|p1a: Zamazenta|Zamazenta|96/100
|turn|19
|
|t:|1758364361
|switch|p2a: Weezing|Weezing-Galar, M|100/100
|-ability|p2a: Weezing|Neutralizing Gas
|-damage|p2a: Weezing|88/100|[from] Stealth Rock
|move|p1a: Zamazenta|Body Press|p2a: Weezing
|-resisted|p2a: Weezing
|-damage|p2a: Weezing|83/100
|
|-heal|p1a: Zamazenta|100/100|[from] item: Leftovers
|upkeep
|turn|20
|
|t:|1758364365
|switch|p1a: Dragonite|Dragonite, M|100/100
|move|p2a: Weezing|Defog|p1a: Dragonite
|-unboost|p1a: Dragonite|evasion|1
|-sideend|p2: eros maniac|Stealth Rock|[from] move: Defog|[of] p2a: Weezing
|
|upkeep
|turn|21
|
|t:|1758364367
|move|p1a: Dragonite|Dragon Dance|p1a: Dragonite
|-boost|p1a: Dragonite|atk|1
|-boost|p1a: Dragonite|spe|1
|move|p2a: Weezing|Toxic|p1a: Dragonite
|-status|p1a: Dragonite|tox
|
|-damage|p1a: Dragonite|94/100 tox|[from] psn
|upkeep
|turn|22
|
|t:|1758364369
|move|p1a: Dragonite|Dragon Dance|p1a: Dragonite
|-boost|p1a: Dragonite|atk|1
|-boost|p1a: Dragonite|spe|1
|move|p2a: Weezing|Strange Steam|p1a: Dragonite
|-supereffective|p1a: Dragonite
|-damage|p1a: Dragonite|42/100 tox
|
|-damage|p1a: Dragonite|29/100 tox|[from] psn
|upkeep
|turn|23
|
|t:|1758364371
|move|p1a: Dragonite|Earthquake|p2a: Weezing
|-supereffective|p2a: Weezing
|-enditem|p2a: Weezing|Shuca Berry|[eat]
|-enditem|p2a: Weezing|Shuca Berry|[weaken]
|-damage|p2a: Weezing|34/100
|move|p2a: Weezing|Strange Steam|p1a: Dragonite
|-supereffective|p1a: Dragonite
|-damage|p1a: Dragonite|0 fnt
|faint|p1a: Dragonite
|
|upkeep
|-message|1shy9 forfeited.
|
|win|eros maniac
|raw|1shy9's rating: 1843 &rarr; <strong>1825</strong><br />(-18 for losing)
|raw|eros maniac's rating: 1880 &rarr; <strong>1898</strong><br />(+18 for winning)
|l|☆1shy9
|player|p1|
|l|☆eros maniac
|player|p2|
