|j|☆Savantageouss
|j|☆ronaldo117414
|t:|1758261477
|gametype|singles
|player|p1|Savantageouss|n|1153
|player|p2|ronaldo117414|cynthia-gen4|1195
|gen|9
|tier|[Gen 9] OU
|rated|
|rule|HP Percentage Mod: HP is shown in percentages
|rule|Endless Battle Clause: Forcing endless battles is banned
|rule|Species Clause: Limit one of each Pokémon
|rule|OHKO Clause: OHKO moves are banned
|rule|Evasion Items Clause: Evasion items are banned
|rule|Evasion Moves Clause: Evasion moves are banned
|rule|Evasion Abilities Clause: Evasion abilities are banned
|rule|Sleep Moves Clause: Sleep-inducing moves are banned
|clearpoke
|poke|p1|Pecharunt|
|poke|p1|Deoxys-Speed|
|poke|p1|Arcanine-Hisui, M|
|poke|p1|Cinderace, M|
|poke|p1|Gliscor, F|
|poke|p1|Zapdos|
|poke|p2|Gholdengo|
|poke|p2|Darkrai|
|poke|p2|Ting-Lu|
|poke|p2|Zapdos|
|poke|p2|Primarina, F|
|poke|p2|Gliscor, M|
|teampreview
|inactive|Battle timer is ON: inactive players will automatically lose when time's up. (requested by Savantageouss)
|inactive|ronaldo117414 has 120 seconds left.
|
|t:|1758261515
|teamsize|p1|6
|teamsize|p2|6
|start
|switch|p1a: Cinderace|Cinderace, M, shiny|100/100
|switch|p2a: Gliscor|Gliscor, M, shiny|100/100
|turn|1
|
|t:|1758261523
|move|p1a: Cinderace|Will-O-Wisp|p2a: Gliscor
|-status|p2a: Gliscor|brn
|move|p2a: Gliscor|Knock Off|p1a: Cinderace
|-damage|p1a: Cinderace|84/100
|-enditem|p1a: Cinderace|Heavy-Duty Boots|[from] move: Knock Off|[of] p2a: Gliscor
|
|-damage|p2a: Gliscor|94/100 brn|[from] brn
|upkeep
|turn|2
|
|t:|1758261539
|move|p1a: Cinderace|U-turn|p2a: Gliscor
|-start|p1a: Cinderace|typechange|Bug|[from] ability: Libero
|-resisted|p2a: Gliscor
|-damage|p2a: Gliscor|81/100 brn
|
|t:|1758261549
|switch|p1a: Pecharunt|Pecharunt|100/100|[from] U-turn
|move|p2a: Gliscor|Facade|p1a: Pecharunt
|-immune|p1a: Pecharunt
|
|-damage|p2a: Gliscor|75/100 brn|[from] brn
|upkeep
|turn|3
|
|t:|1758261557
|move|p2a: Gliscor|Protect|p2a: Gliscor
|-singleturn|p2a: Gliscor|Protect
|move|p1a: Pecharunt|Hex|p2a: Gliscor
|-activate|p2a: Gliscor|move: Protect
|
|-damage|p2a: Gliscor|68/100 brn|[from] brn
|upkeep
|turn|4
|
|t:|1758261570
|switch|p2a: Ting-Lu|Ting-Lu|100/100
|-ability|p2a: Ting-Lu|Vessel of Ruin
|move|p1a: Pecharunt|Parting Shot|p2a: Ting-Lu
|-unboost|p2a: Ting-Lu|atk|1
|-unboost|p2a: Ting-Lu|spa|1
|
|t:|1758261582
|switch|p1a: Cinderace|Cinderace, M, shiny|84/100|[from] Parting Shot
|
|upkeep
|turn|5
|
|t:|1758261589
|move|p1a: Cinderace|U-turn|p2a: Ting-Lu
|-start|p1a: Cinderace|typechange|Bug|[from] ability: Libero
|-supereffective|p2a: Ting-Lu
|-damage|p2a: Ting-Lu|68/100
|-damage|p1a: Cinderace|68/100|[from] item: Rocky Helmet|[of] p2a: Ting-Lu
|
|t:|1758261598
|switch|p1a: Arcanine|Arcanine-Hisui, M|100/100|[from] U-turn
|move|p2a: Ting-Lu|Stealth Rock|p1a: Arcanine
|-sidestart|p1: Savantageouss|move: Stealth Rock
|
|upkeep
|turn|6
|
|t:|1758261607
|move|p1a: Arcanine|Close Combat|p2a: Ting-Lu
|-supereffective|p2a: Ting-Lu
|-damage|p2a: Ting-Lu|20/100
|-unboost|p1a: Arcanine|def|1
|-unboost|p1a: Arcanine|spd|1
|-damage|p1a: Arcanine|84/100|[from] item: Rocky Helmet|[of] p2a: Ting-Lu
|move|p2a: Ting-Lu|Earthquake|p1a: Arcanine
|-supereffective|p1a: Arcanine
|-damage|p1a: Arcanine|0 fnt
|faint|p1a: Arcanine
|
|upkeep
|
|t:|1758261622
|switch|p1a: Gliscor|Gliscor, F|100/100
|-damage|p1a: Gliscor|88/100|[from] Stealth Rock
|turn|7
|
|t:|1758261639
|switch|p2a: Primarina|Primarina, F, shiny|100/100
|move|p1a: Gliscor|U-turn|p2a: Primarina
|-resisted|p2a: Primarina
|-damage|p2a: Primarina|85/100
|
|t:|1758261644
|switch|p1a: Cinderace|Cinderace, M, shiny|68/100|[from] U-turn
|-damage|p1a: Cinderace|43/100|[from] Stealth Rock
|
|upkeep
|turn|8
|
|t:|1758261656
|move|p1a: Cinderace|Court Change|p1a: Cinderace
|-start|p1a: Cinderace|typechange|Normal|[from] ability: Libero
|-swapsideconditions
|-activate|p1a: Cinderace|move: Court Change
|move|p2a: Primarina|Moonblast|p1a: Cinderace
|-damage|p1a: Cinderace|0 fnt
|faint|p1a: Cinderace
|
|upkeep
|
|t:|1758261666
|switch|p1a: Pecharunt|Pecharunt|100/100
|turn|9
|
|t:|1758261675
|move|p1a: Pecharunt|Hex|p2a: Primarina
|-damage|p2a: Primarina|50/100
|-damage|p1a: Pecharunt|91/100|[from] item: Life Orb
|move|p2a: Primarina|Surf|p1a: Pecharunt
|-damage|p1a: Pecharunt|28/100
|
|upkeep
|turn|10
|
|t:|1758261686
|move|p1a: Pecharunt|Malignant Chain|p2a: Primarina
|-supereffective|p2a: Primarina
|-damage|p2a: Primarina|0 fnt
|faint|p2a: Primarina
|-damage|p1a: Pecharunt|18/100|[from] item: Life Orb
|
|upkeep
|inactive|ronaldo117414 has 120 seconds left.
|
|t:|1758261726
|switch|p2a: Gliscor|Gliscor, M, shiny|68/100 brn
|-damage|p2a: Gliscor|56/100 brn|[from] Stealth Rock
|turn|11
|
|t:|1758261733
|move|p1a: Pecharunt|Parting Shot|p2a: Gliscor
|-unboost|p2a: Gliscor|atk|1
|-unboost|p2a: Gliscor|spa|1
|
|t:|1758261737
|switch|p1a: Gliscor|Gliscor, F|88/100|[from] Parting Shot
|move|p2a: Gliscor|Knock Off|p1a: Gliscor
|-damage|p1a: Gliscor|82/100
|-enditem|p1a: Gliscor|Toxic Orb|[from] move: Knock Off|[of] p2a: Gliscor
|
|-damage|p2a: Gliscor|50/100 brn|[from] brn
|upkeep
|turn|12
|inactive|ronaldo117414 has 120 seconds left.
|
|t:|1758261749
|move|p2a: Gliscor|Protect|p2a: Gliscor
|-singleturn|p2a: Gliscor|Protect
|move|p1a: Gliscor|Agility|p1a: Gliscor
|-boost|p1a: Gliscor|spe|2
|
|-damage|p2a: Gliscor|43/100 brn|[from] brn
|upkeep
|turn|13
|inactive|ronaldo117414 has 120 seconds left.
|
|t:|1758261756
|switch|p2a: Ting-Lu|Ting-Lu|20/100
|-damage|p2a: Ting-Lu|14/100|[from] Stealth Rock
|-ability|p2a: Ting-Lu|Vessel of Ruin
|move|p1a: Gliscor|Knock Off|p2a: Ting-Lu
|-resisted|p2a: Ting-Lu
|-damage|p2a: Ting-Lu|7/100
|-damage|p1a: Gliscor|66/100|[from] item: Rocky Helmet|[of] p2a: Ting-Lu
|-enditem|p2a: Ting-Lu|Rocky Helmet|[from] move: Knock Off|[of] p1a: Gliscor
|
|upkeep
|turn|14
|inactive|ronaldo117414 has 120 seconds left.
|
|t:|1758261769
|move|p1a: Gliscor|Earthquake|p2a: Ting-Lu
|-damage|p2a: Ting-Lu|0 fnt
|faint|p2a: Ting-Lu
|
|upkeep
|inactive|ronaldo117414 has 120 seconds left.
|
|t:|1758261787
|switch|p2a: Darkrai|Darkrai, shiny|100/100
|turn|15
|
|t:|1758261802
|-terastallize|p2a: Darkrai|Poison
|move|p1a: Gliscor|U-turn|p2a: Darkrai
|-resisted|p2a: Darkrai
|-damage|p2a: Darkrai|86/100
|
|t:|1758261807
|switch|p1a: Pecharunt|Pecharunt|18/100|[from] U-turn
|move|p2a: Darkrai|Ice Beam|p1a: Pecharunt
|-damage|p1a: Pecharunt|0 fnt
|faint|p1a: Pecharunt
|
|upkeep
|
|t:|1758261829
|switch|p1a: Deoxys|Deoxys-Speed|100/100
|-ability|p1a: Deoxys|Pressure
|turn|16
|inactive|ronaldo117414 has 120 seconds left.
|
|t:|1758261841
|switch|p2a: Gholdengo|Gholdengo, shiny|100/100
|-damage|p2a: Gholdengo|94/100|[from] Stealth Rock
|move|p1a: Deoxys|Thunderbolt|p2a: Gholdengo
|-damage|p2a: Gholdengo|71/100
|
|upkeep
|turn|17
|inactive|ronaldo117414 has 120 seconds left.
|
|t:|1758261859
|switch|p1a: Gliscor|Gliscor, F|66/100
|move|p2a: Gholdengo|Shadow Ball|p1a: Gliscor
|-damage|p1a: Gliscor|13/100
|
|upkeep
|turn|18
|inactive|ronaldo117414 has 120 seconds left.
|
|t:|1758261870
|move|p1a: Gliscor|Knock Off|p2a: Gholdengo
|-supereffective|p2a: Gholdengo
|-damage|p2a: Gholdengo|8/100
|-enditem|p2a: Gholdengo|Shuca Berry|[from] move: Knock Off|[of] p1a: Gliscor
|move|p2a: Gholdengo|Shadow Ball|p1a: Gliscor
|-damage|p1a: Gliscor|0 fnt
|faint|p1a: Gliscor
|
|upkeep
|
|t:|1758261881
|switch|p1a: Zapdos|Zapdos|100/100
|turn|19
|
|t:|1758261889
|move|p1a: Zapdos|Heat Wave|p2a: Gholdengo
|-supereffective|p2a: Gholdengo
|-damage|p2a: Gholdengo|0 fnt
|faint|p2a: Gholdengo
|
|upkeep
|inactive|ronaldo117414 has 120 seconds left.
|
|t:|1758261916
|switch|p2a: Gliscor|Gliscor, M, shiny|43/100 brn
|-damage|p2a: Gliscor|31/100 brn|[from] Stealth Rock
|turn|20
|
|t:|1758261919
|move|p1a: Zapdos|Heat Wave|p2a: Gliscor
|-damage|p2a: Gliscor|0 fnt
|faint|p2a: Gliscor
|
|upkeep
|
|t:|1758261926
|switch|p2a: Darkrai|Darkrai, shiny, tera:Poison|86/100
|turn|21
|inactive|ronaldo117414 has 120 seconds left.
|
|t:|1758261931
|move|p2a: Darkrai|Ice Beam|p1a: Zapdos
|-supereffective|p1a: Zapdos
|-damage|p1a: Zapdos|29/100
|move|p1a: Zapdos|Heat Wave|p2a: Darkrai
|-crit|p2a: Darkrai
|-damage|p2a: Darkrai|0 fnt
|faint|p2a: Darkrai
|
|upkeep
|inactive|ronaldo117414 has 120 seconds left.
|
|t:|1758261938
|switch|p2a: Zapdos|Zapdos, shiny|100/100
|-ability|p2a: Zapdos|Pressure
|turn|22
|
|t:|1758261945
|move|p1a: Zapdos|Heat Wave|p2a: Zapdos
|-damage|p2a: Zapdos|56/100
|move|p2a: Zapdos|Thunder Wave|p1a: Zapdos|[miss]
|-miss|p2a: Zapdos|p1a: Zapdos
|
|upkeep
|turn|23
|
|t:|1758261956
|move|p1a: Zapdos|Heat Wave|p2a: Zapdos
|-damage|p2a: Zapdos|8/100
|move|p2a: Zapdos|Volt Switch|p1a: Zapdos
|-damage|p1a: Zapdos|0 fnt
|faint|p1a: Zapdos
|
|upkeep
|
|t:|1758261961
|switch|p1a: Deoxys|Deoxys-Speed|100/100
|-ability|p1a: Deoxys|Pressure
|turn|24
|
|t:|1758261967
|move|p1a: Deoxys|Ice Beam|p2a: Zapdos
|-supereffective|p2a: Zapdos
|-damage|p2a: Zapdos|0 fnt
|faint|p2a: Zapdos
|
|win|Savantageouss
|raw|Savantageouss's rating: 1153 &rarr; <strong>1181</strong><br />(+28 for winning)
|raw|ronaldo117414's rating: 1195 &rarr; <strong>1167</strong><br />(-28 for losing)
|l|☆Savantageouss
|player|p1|
|l|☆ronaldo117414
|player|p2|
