|j|☆raysontam
|j|☆night law
|t:|1758294615
|gametype|singles
|player|p1|raysontam|lass-gen4dp|1078
|player|p2|night law|giovanni|1132
|gen|9
|tier|[Gen 9] OU
|rated|
|rule|HP Percentage Mod: HP is shown in percentages
|rule|Endless Battle Clause: Forcing endless battles is banned
|rule|Species Clause: Limit one of each Pokémon
|rule|OHKO Clause: OHKO moves are banned
|rule|Evasion Items Clause: Evasion items are banned
|rule|Evasion Moves Clause: Evasion moves are banned
|rule|Evasion Abilities Clause: Evasion abilities are banned
|rule|Sleep Moves Clause: Sleep-inducing moves are banned
|clearpoke
|poke|p1|Meowscarada, F|
|poke|p1|Donphan, L1, M|
|poke|p1|Tyranitar, F|
|poke|p1|Raging Bolt|
|poke|p1|Gholdengo|
|poke|p1|Ogerpon-Wellspring, F|
|poke|p2|Mamoswine, M|
|poke|p2|Salamence, F|
|poke|p2|Clefable, F|
|poke|p2|Lanturn, F|
|poke|p2|Skarmory, F|
|poke|p2|Medicham, M|
|teampreview
|inactive|Battle timer is ON: inactive players will automatically lose when time's up. (requested by raysontam)
|
|t:|1758294634
|teamsize|p1|6
|teamsize|p2|6
|start
|switch|p1a: Donphan|Donphan, L1, M|100/100
|switch|p2a: Mamoswine|Mamoswine, M, shiny|100/100
|turn|1
|
|t:|1758294648
|switch|p2a: Skarmory|Skarmory, F|100/100
|move|p1a: Donphan|Endeavor|p2a: Skarmory
|-damage|p2a: Skarmory|4/100
|-damage|p1a: Donphan|85/100|[from] item: Rocky Helmet|[of] p2a: Skarmory
|-heal|p1a: Donphan|100/100|[from] item: Shell Bell|[of] p2a: Skarmory
|
|upkeep
|turn|2
|
|t:|1758294662
|switch|p1a: Raging Bolt|Raging Bolt|100/100
|-enditem|p1a: Raging Bolt|Booster Energy
|-activate|p1a: Raging Bolt|ability: Protosynthesis|[fromitem]
|-start|p1a: Raging Bolt|protosynthesisspa
|move|p2a: Skarmory|Roost|p2a: Skarmory
|-heal|p2a: Skarmory|54/100
|-singleturn|p2a: Skarmory|move: Roost
|
|upkeep
|turn|3
|
|t:|1758294671
|switch|p2a: Lanturn|Lanturn, F|100/100
|move|p1a: Raging Bolt|Earthquake|p2a: Lanturn
|-supereffective|p2a: Lanturn
|-damage|p2a: Lanturn|61/100
|
|upkeep
|turn|4
|
|t:|1758294683
|switch|p2a: Salamence|Salamence, F|100/100
|-ability|p2a: Salamence|Intimidate|boost
|-unboost|p1a: Raging Bolt|atk|1
|move|p1a: Raging Bolt|Earthquake|p2a: Salamence
|-immune|p2a: Salamence
|
|upkeep
|turn|5
|
|t:|1758294689
|move|p2a: Salamence|Draco Meteor|p1a: Raging Bolt
|-supereffective|p1a: Raging Bolt
|-crit|p1a: Raging Bolt
|-damage|p1a: Raging Bolt|0 fnt
|-unboost|p2a: Salamence|spa|2
|faint|p1a: Raging Bolt
|-end|p1a: Raging Bolt|Protosynthesis|[silent]
|
|upkeep
|
|t:|1758294693
|switch|p1a: Ogerpon|Ogerpon-Wellspring, F|100/100
|turn|6
|
|t:|1758294699
|switch|p2a: Skarmory|Skarmory, F|54/100
|move|p1a: Ogerpon|Play Rough|p2a: Skarmory
|-resisted|p2a: Skarmory
|-damage|p2a: Skarmory|45/100
|-damage|p1a: Ogerpon|84/100|[from] item: Rocky Helmet|[of] p2a: Skarmory
|
|upkeep
|turn|7
|
|t:|1758294707
|move|p1a: Ogerpon|Ivy Cudgel|p2a: Skarmory|[anim] Ivy Cudgel Water
|-damage|p2a: Skarmory|11/100
|move|p2a: Skarmory|Stealth Rock|p1a: Ogerpon
|-sidestart|p1: raysontam|move: Stealth Rock
|
|upkeep
|turn|8
|
|t:|1758294714
|move|p1a: Ogerpon|Quick Attack|p2a: Skarmory
|-resisted|p2a: Skarmory
|-crit|p2a: Skarmory
|-damage|p2a: Skarmory|5/100
|-damage|p1a: Ogerpon|67/100|[from] item: Rocky Helmet|[of] p2a: Skarmory
|move|p2a: Skarmory|Roost|p2a: Skarmory
|-heal|p2a: Skarmory|55/100
|-singleturn|p2a: Skarmory|move: Roost
|
|upkeep
|turn|9
|
|t:|1758294718
|move|p1a: Ogerpon|Ivy Cudgel|p2a: Skarmory|[anim] Ivy Cudgel Water
|-damage|p2a: Skarmory|18/100
|move|p2a: Skarmory|Roost|p2a: Skarmory
|-heal|p2a: Skarmory|68/100
|-singleturn|p2a: Skarmory|move: Roost
|
|upkeep
|turn|10
|
|t:|1758294724
|move|p1a: Ogerpon|Ivy Cudgel|p2a: Skarmory|[anim] Ivy Cudgel Water
|-damage|p2a: Skarmory|35/100
|move|p2a: Skarmory|Roost|p2a: Skarmory
|-heal|p2a: Skarmory|85/100
|-singleturn|p2a: Skarmory|move: Roost
|
|upkeep
|turn|11
|-message|raysontam forfeited.
|
|win|night law
|raw|raysontam's rating: 1078 &rarr; <strong>1060</strong><br />(-18 for losing)
|raw|night law's rating: 1132 &rarr; <strong>1153</strong><br />(+21 for winning)
|l|☆raysontam
|player|p1|
|l|☆night law
|player|p2|
