|j|☆Carpe Toadem
|j|☆WallBreak4
|t:|1758274495
|gametype|singles
|player|p1|Carpe Toadem|blue|1362
|player|p2|WallBreak4|102|1356
|gen|9
|tier|[Gen 9] OU
|rated|
|rule|HP Percentage Mod: HP is shown in percentages
|rule|Endless Battle Clause: Forcing endless battles is banned
|rule|Species Clause: Limit one of each Pokémon
|rule|OHKO Clause: OHKO moves are banned
|rule|Evasion Items Clause: Evasion items are banned
|rule|Evasion Moves Clause: Evasion moves are banned
|rule|Evasion Abilities Clause: Evasion abilities are banned
|rule|Sleep Moves Clause: Sleep-inducing moves are banned
|clearpoke
|poke|p1|Ninetales-Alola, M|
|poke|p1|Hippowdon, M|
|poke|p1|Excadrill, F|
|poke|p1|Weezing-Galar, F|
|poke|p1|Scizor, M|
|poke|p1|Ogerpon-Wellspring, F|
|poke|p2|Iron Crown|
|poke|p2|Samurott-Hisui, F|
|poke|p2|Zapdos|
|poke|p2|Dragapult, M|
|poke|p2|Great Tusk|
|poke|p2|Iron Boulder|
|teampreview
|inactive|Battle timer is ON: inactive players will automatically lose when time's up. (requested by Carpe Toadem)
|
|t:|1758274502
|teamsize|p1|6
|teamsize|p2|6
|start
|switch|p1a: Scizor|Scizor, M|100/100
|switch|p2a: Mindreader|Iron Crown|100/100
|turn|1
|
|t:|1758274509
|move|p2a: Mindreader|Volt Switch|p1a: Scizor
|-damage|p1a: Scizor|57/100
|
|t:|1758274512
|-end|p2a: Mindreader|Quark Drive|[silent]
|switch|p2a: Hurikan|Zapdos|100/100|[from] Volt Switch
|move|p1a: Scizor|Knock Off|p2a: Hurikan
|-damage|p2a: Hurikan|61/100
|-enditem|p2a: Hurikan|Heavy-Duty Boots|[from] move: Knock Off|[of] p1a: Scizor
|
|upkeep
|turn|2
|
|t:|1758274520
|switch|p1a: Hippowdon|Hippowdon, M|100/100
|-weather|Sandstorm|[from] ability: Sand Stream|[of] p1a: Hippowdon
|move|p2a: Hurikan|Hurricane|p1a: Hippowdon
|-damage|p1a: Hippowdon|55/100
|
|-weather|Sandstorm|[upkeep]
|-damage|p2a: Hurikan|55/100|[from] Sandstorm
|upkeep
|turn|3
|
|t:|1758274531
|move|p2a: Hurikan|Hurricane|p1a: Hippowdon
|-damage|p1a: Hippowdon|10/100
|-start|p1a: Hippowdon|confusion
|-activate|p1a: Hippowdon|confusion
|move|p1a: Hippowdon|Whirlwind|p2a: Hurikan
|drag|p2a: Pump It|Great Tusk|100/100
|
|-weather|Sandstorm|[upkeep]
|upkeep
|turn|4
|
|t:|1758274542
|switch|p1a: Ogerpon|Ogerpon-Wellspring, F|100/100
|move|p2a: Pump It|Ice Spinner|p1a: Ogerpon
|-damage|p1a: Ogerpon|66/100
|
|-weather|Sandstorm|[upkeep]
|-damage|p1a: Ogerpon|60/100|[from] Sandstorm
|upkeep
|turn|5
|
|t:|1758274551
|-end|p2a: Pump It|Protosynthesis|[silent]
|switch|p2a: Hurikan|Zapdos|55/100
|move|p1a: Ogerpon|Ivy Cudgel|p2a: Hurikan|[anim] Ivy Cudgel Water
|-damage|p2a: Hurikan|15/100
|
|-weather|Sandstorm|[upkeep]
|-damage|p1a: Ogerpon|54/100|[from] Sandstorm
|-damage|p2a: Hurikan|9/100|[from] Sandstorm
|upkeep
|turn|6
|
|t:|1758274564
|move|p1a: Ogerpon|Ivy Cudgel|p2a: Hurikan|[anim] Ivy Cudgel Water
|-crit|p2a: Hurikan
|-damage|p2a: Hurikan|0 fnt
|faint|p2a: Hurikan
|
|-weather|Sandstorm|[upkeep]
|-damage|p1a: Ogerpon|48/100|[from] Sandstorm
|upkeep
|
|t:|1758274580
|switch|p2a: Mindreader|Iron Crown|100/100
|turn|7
|
|t:|1758274587
|switch|p1a: Excadrill|Excadrill, F|100/100
|-item|p1a: Excadrill|Air Balloon
|move|p2a: Mindreader|Volt Switch|p1a: Excadrill
|-immune|p1a: Excadrill
|
|-weather|Sandstorm|[upkeep]
|upkeep
|turn|8
|
|t:|1758274598
|-end|p2a: Mindreader|Quark Drive|[silent]
|switch|p2a: Everytime We Touch|Samurott-Hisui, F|100/100
|move|p1a: Excadrill|Swords Dance|p1a: Excadrill
|-boost|p1a: Excadrill|atk|2
|
|-weather|Sandstorm|[upkeep]
|-damage|p2a: Everytime We Touch|94/100|[from] Sandstorm
|upkeep
|turn|9
|
|t:|1758274606
|move|p1a: Excadrill|Earthquake|p2a: Everytime We Touch
|-damage|p2a: Everytime We Touch|0 fnt
|faint|p2a: Everytime We Touch
|
|-weather|none
|upkeep
|
|t:|1758274617
|switch|p2a: Parasite|Dragapult, M|100/100
|turn|10
|
|t:|1758274622
|move|p2a: Parasite|Dragon Darts|p1a: Excadrill
|-resisted|p1a: Excadrill
|-crit|p1a: Excadrill
|-damage|p1a: Excadrill|62/100
|-enditem|p1a: Excadrill|Air Balloon
|-anim|p2a: Parasite|Dragon Darts|p1a: Excadrill
|-resisted|p1a: Excadrill
|-damage|p1a: Excadrill|37/100
|move|p1a: Excadrill|Iron Head|p2a: Parasite
|-damage|p2a: Parasite|0 fnt
|faint|p2a: Parasite
|
|upkeep
|
|t:|1758274636
|switch|p2a: Revery|Iron Boulder|100/100
|-enditem|p2a: Revery|Booster Energy
|-activate|p2a: Revery|ability: Quark Drive|[fromitem]
|-start|p2a: Revery|quarkdrivespe
|turn|11
|
|t:|1758274645
|switch|p1a: Hippowdon|Hippowdon, M|10/100
|-weather|Sandstorm|[from] ability: Sand Stream|[of] p1a: Hippowdon
|move|p2a: Revery|Close Combat|p1a: Hippowdon
|-damage|p1a: Hippowdon|0 fnt
|-unboost|p2a: Revery|def|1
|-unboost|p2a: Revery|spd|1
|faint|p1a: Hippowdon
|
|-weather|Sandstorm|[upkeep]
|upkeep
|
|t:|1758274647
|switch|p1a: Excadrill|Excadrill, F|37/100
|turn|12
|
|t:|1758274658
|-end|p2a: Revery|Quark Drive|[silent]
|switch|p2a: Pump It|Great Tusk|100/100
|move|p1a: Excadrill|Earthquake|p2a: Pump It
|-damage|p2a: Pump It|58/100
|
|-weather|Sandstorm|[upkeep]
|upkeep
|turn|13
|
|t:|1758274667
|move|p1a: Excadrill|Earthquake|p2a: Pump It
|-damage|p2a: Pump It|13/100
|move|p2a: Pump It|Ice Spinner|p1a: Excadrill
|-damage|p1a: Excadrill|0 fnt
|faint|p1a: Excadrill
|
|-weather|Sandstorm|[upkeep]
|upkeep
|
|t:|1758274670
|switch|p1a: Ogerpon|Ogerpon-Wellspring, F|48/100
|turn|14
|
|t:|1758274681
|-end|p2a: Pump It|Protosynthesis|[silent]
|switch|p2a: Mindreader|Iron Crown|100/100
|move|p1a: Ogerpon|Trailblaze|p2a: Mindreader
|-resisted|p2a: Mindreader
|-damage|p2a: Mindreader|84/100
|-boost|p1a: Ogerpon|spe|1
|
|-weather|Sandstorm|[upkeep]
|-damage|p1a: Ogerpon|42/100|[from] Sandstorm
|upkeep
|turn|15
|
|t:|1758274691
|move|p1a: Ogerpon|Ivy Cudgel|p2a: Mindreader|[anim] Ivy Cudgel Water
|-crit|p2a: Mindreader
|-damage|p2a: Mindreader|0 fnt
|faint|p2a: Mindreader
|-end|p2a: Mindreader|Quark Drive|[silent]
|
|-weather|Sandstorm|[upkeep]
|-damage|p1a: Ogerpon|36/100|[from] Sandstorm
|upkeep
|-message|WallBreak4 forfeited.
|
|win|Carpe Toadem
|raw|Carpe Toadem's rating: 1362 &rarr; <strong>1382</strong><br />(+20 for winning)
|raw|WallBreak4's rating: 1356 &rarr; <strong>1336</strong><br />(-20 for losing)
|l|☆WallBreak4
|player|p2|
|l|☆Carpe Toadem
|player|p1|
