|j|☆egjp
|j|☆megaYama
|t:|1758343067
|gametype|singles
|player|p1|egjp|170|1201
|player|p2|megaYama|ghetsis-gen5bw|1165
|gen|9
|tier|[Gen 9] OU
|rated|
|rule|HP Percentage Mod: HP is shown in percentages
|rule|Endless Battle Clause: Forcing endless battles is banned
|rule|Species Clause: Limit one of each Pokémon
|rule|OHKO Clause: OHKO moves are banned
|rule|Evasion Items Clause: Evasion items are banned
|rule|Evasion Moves Clause: Evasion moves are banned
|rule|Evasion Abilities Clause: Evasion abilities are banned
|rule|Sleep Moves Clause: Sleep-inducing moves are banned
|clearpoke
|poke|p1|Corviknight, F|
|poke|p1|Slowking-Galar, F|
|poke|p1|Ting-Lu|
|poke|p1|Gholdengo|
|poke|p1|Samurott-Hisui, M|
|poke|p1|Grimmsnarl, M|
|poke|p2|Ceruledge, M|
|poke|p2|Great Tusk|
|poke|p2|Ogerpon-Wellspring, F|
|poke|p2|Enamorus, F|
|poke|p2|Pecharunt|
|poke|p2|Iron Crown|
|teampreview
|
|t:|1758343119
|teamsize|p1|6
|teamsize|p2|6
|start
|switch|p1a: Grimmsnarl|Grimmsnarl, M, shiny|100/100
|switch|p2a: Pecharunt|Pecharunt|100/100
|turn|1
|
|t:|1758343133
|move|p1a: Grimmsnarl|Parting Shot|p2a: Pecharunt
|-unboost|p2a: Pecharunt|atk|1
|-unboost|p2a: Pecharunt|spa|1
|
|t:|1758343142
|switch|p1a: Slowking|Slowking-Galar, F, shiny|100/100|[from] Parting Shot
|move|p2a: Pecharunt|Malignant Chain|p1a: Slowking
|-resisted|p1a: Slowking
|-damage|p1a: Slowking|91/100
|
|-heal|p1a: Slowking|97/100|[from] item: Black Sludge
|upkeep
|turn|2
|
|t:|1758343149
|move|p2a: Pecharunt|Parting Shot|p1a: Slowking
|-unboost|p1a: Slowking|atk|1
|-unboost|p1a: Slowking|spa|1
|
|t:|1758343157
|switch|p2a: Iron Crown|Iron Crown|100/100|[from] Parting Shot
|move|p1a: Slowking|Future Sight|p2a: Iron Crown
|-start|p1a: Slowking|move: Future Sight
|
|-heal|p1a: Slowking|100/100|[from] item: Black Sludge
|upkeep
|turn|3
|
|t:|1758343180
|switch|p1a: Ting-Lu|Ting-Lu|100/100
|-ability|p1a: Ting-Lu|Vessel of Ruin
|move|p2a: Iron Crown|Tachyon Cutter|p1a: Ting-Lu
|-damage|p1a: Ting-Lu|85/100
|-damage|p1a: Ting-Lu|69/100
|-hitcount|p1a: Ting-Lu|2
|
|upkeep
|turn|4
|
|t:|1758343200
|move|p2a: Iron Crown|Tachyon Cutter|p1a: Ting-Lu
|-damage|p1a: Ting-Lu|54/100
|-damage|p1a: Ting-Lu|37/100
|-hitcount|p1a: Ting-Lu|2
|move|p1a: Ting-Lu|Whirlwind|p2a: Iron Crown
|-end|p2a: Iron Crown|Quark Drive|[silent]
|drag|p2a: Pecharunt|Pecharunt|100/100
|
|-end|p2a: Pecharunt|move: Future Sight
|-supereffective|p2a: Pecharunt
|-damage|p2a: Pecharunt|36/100
|upkeep
|turn|5
|
|t:|1758343218
|move|p2a: Pecharunt|Recover|p2a: Pecharunt
|-heal|p2a: Pecharunt|86/100
|move|p1a: Ting-Lu|Rest|p1a: Ting-Lu
|-status|p1a: Ting-Lu|slp|[from] move: Rest
|-heal|p1a: Ting-Lu|100/100 slp|[silent]
|-enditem|p1a: Ting-Lu|Chesto Berry|[eat]
|-curestatus|p1a: Ting-Lu|slp|[msg]
|
|upkeep
|turn|6
|
|t:|1758343237
|switch|p1a: Slowking|Slowking-Galar, F, shiny|100/100
|move|p2a: Pecharunt|Malignant Chain|p1a: Slowking
|-resisted|p1a: Slowking
|-damage|p1a: Slowking|87/100
|
|-heal|p1a: Slowking|93/100|[from] item: Black Sludge
|upkeep
|turn|7
|
|t:|1758343244
|move|p2a: Pecharunt|Parting Shot|p1a: Slowking
|-unboost|p1a: Slowking|atk|1
|-unboost|p1a: Slowking|spa|1
|
|t:|1758343254
|switch|p2a: Iron Crown|Iron Crown|100/100|[from] Parting Shot
|-prepare|p1a: Slowking|Chilly Reception|[premajor]
|move|p1a: Slowking|Chilly Reception|p1a: Slowking
|-weather|Snowscape
|
|t:|1758343269
|switch|p1a: Gholdengo|Gholdengo|100/100|[from] Chilly Reception
|
|-weather|Snowscape|[upkeep]
|upkeep
|turn|8
|
|t:|1758343307
|-terastallize|p2a: Iron Crown|Steel
|move|p1a: Gholdengo|Shadow Ball|p2a: Iron Crown
|-damage|p2a: Iron Crown|58/100
|move|p2a: Iron Crown|Volt Switch|p1a: Gholdengo
|-crit|p1a: Gholdengo
|-damage|p1a: Gholdengo|39/100
|
|t:|1758343321
|-end|p2a: Iron Crown|Quark Drive|[silent]
|switch|p2a: Enamorus|Enamorus, F|100/100|[from] Volt Switch
|
|-weather|Snowscape|[upkeep]
|upkeep
|turn|9
|
|t:|1758343339
|switch|p1a: Corviknight|Corviknight, F, shiny|100/100
|move|p2a: Enamorus|Earth Power|p1a: Corviknight
|-immune|p1a: Corviknight
|
|-weather|Snowscape|[upkeep]
|upkeep
|turn|10
|
|t:|1758343357
|switch|p2a: Ceruledge|Ceruledge, M|100/100
|move|p1a: Corviknight|U-turn|p2a: Ceruledge
|-resisted|p2a: Ceruledge
|-damage|p2a: Ceruledge|96/100
|inactive|Battle timer is ON: inactive players will automatically lose when time's up. (requested by megaYama)
|
|t:|1758343387
|switch|p1a: Samurott|Samurott-Hisui, M|100/100|[from] U-turn
|
|-weather|Snowscape|[upkeep]
|upkeep
|turn|11
|
|t:|1758343397
|switch|p2a: Great Tusk|Great Tusk|100/100
|move|p1a: Samurott|Ceaseless Edge|p2a: Great Tusk
|-resisted|p2a: Great Tusk
|-damage|p2a: Great Tusk|76/100
|-damage|p1a: Samurott|84/100|[from] item: Rocky Helmet|[of] p2a: Great Tusk
|-sidestart|p2: megaYama|Spikes
|
|-weather|none
|upkeep
|turn|12
|inactive|megaYama has 120 seconds left.
|
|t:|1758343453
|switch|p1a: Corviknight|Corviknight, F, shiny|100/100
|move|p2a: Great Tusk|Rapid Spin|p1a: Corviknight
|-resisted|p1a: Corviknight
|-damage|p1a: Corviknight|93/100
|-boost|p2a: Great Tusk|spe|1
|-sideend|p2: megaYama|Spikes|[from] move: Rapid Spin|[of] p2a: Great Tusk
|
|upkeep
|turn|13
|inactive|megaYama has 90 seconds left.
|
|t:|1758343474
|-end|p2a: Great Tusk|Protosynthesis|[silent]
|switch|p2a: Pecharunt|Pecharunt|86/100
|move|p1a: Corviknight|U-turn|p2a: Pecharunt
|-resisted|p2a: Pecharunt
|-damage|p2a: Pecharunt|84/100
|inactive|egjp has 120 seconds left.
|
|t:|1758343504
|switch|p1a: Samurott|Samurott-Hisui, M|84/100|[from] U-turn
|
|upkeep
|turn|14
|inactive|megaYama has 90 seconds left.
|inactive|megaYama has 60 seconds left.
|
|t:|1758343561
|switch|p2a: Great Tusk|Great Tusk|76/100
|move|p1a: Samurott|Flip Turn|p2a: Great Tusk
|-supereffective|p2a: Great Tusk
|-damage|p2a: Great Tusk|12/100
|-damage|p1a: Samurott|67/100|[from] item: Rocky Helmet|[of] p2a: Great Tusk
|
|t:|1758343577
|switch|p1a: Gholdengo|Gholdengo|39/100|[from] Flip Turn
|
|upkeep
|turn|15
|inactive|megaYama has 30 seconds left.
|
|t:|1758343608
|-end|p2a: Great Tusk|Protosynthesis|[silent]
|switch|p2a: Enamorus|Enamorus, F|100/100
|move|p1a: Gholdengo|Shadow Ball|p2a: Enamorus
|-damage|p2a: Enamorus|59/100
|
|upkeep
|turn|16
|inactive|megaYama has 30 seconds left.
|
|t:|1758343635
|switch|p1a: Grimmsnarl|Grimmsnarl, M, shiny|100/100
|move|p2a: Enamorus|Mystical Fire|p1a: Grimmsnarl
|-damage|p1a: Grimmsnarl|80/100
|-unboost|p1a: Grimmsnarl|spa|1
|
|-heal|p1a: Grimmsnarl|86/100|[from] item: Leftovers
|upkeep
|turn|17
|inactive|megaYama has 30 seconds left.
|
|t:|1758343646
|move|p1a: Grimmsnarl|Fake Out|p2a: Enamorus
|-damage|p2a: Enamorus|39/100
|cant|p2a: Enamorus|flinch
|
|-heal|p1a: Grimmsnarl|92/100|[from] item: Leftovers
|upkeep
|turn|18
|
|t:|1758343658
|move|p1a: Grimmsnarl|Parting Shot|p2a: Enamorus
|-boost|p2a: Enamorus|atk|1
|-boost|p2a: Enamorus|spa|1
|
|t:|1758343670
|switch|p1a: Corviknight|Corviknight, F, shiny|93/100|[from] Parting Shot
|move|p2a: Enamorus|Draining Kiss|p1a: Corviknight
|-resisted|p1a: Corviknight
|-damage|p1a: Corviknight|78/100
|-heal|p2a: Enamorus|54/100|[from] drain|[of] p1a: Corviknight
|
|upkeep
|turn|19
|
|t:|1758343677
|move|p2a: Enamorus|Mystical Fire|p1a: Corviknight
|-supereffective|p1a: Corviknight
|-damage|p1a: Corviknight|20/100
|move|p1a: Corviknight|U-turn|p2a: Enamorus
|-resisted|p2a: Enamorus
|-damage|p2a: Enamorus|48/100
|
|t:|1758343681
|switch|p1a: Gholdengo|Gholdengo|39/100|[from] U-turn
|
|upkeep
|turn|20
|inactive|megaYama has 60 seconds left.
|
|t:|1758343715
|switch|p2a: Ceruledge|Ceruledge, M|96/100
|move|p1a: Gholdengo|Make It Rain|p2a: Ceruledge
|-resisted|p2a: Ceruledge
|-damage|p2a: Ceruledge|62/100
|-unboost|p1a: Gholdengo|spa|1
|
|upkeep
|turn|21
|inactive|megaYama has 30 seconds left.
|inactive|megaYama has 20 seconds left.
|
|t:|1758343741
|switch|p1a: Samurott|Samurott-Hisui, M|67/100
|move|p2a: Ceruledge|Poltergeist|p1a: Samurott
|-activate|p1a: Samurott|move: Poltergeist|Choice Band
|-resisted|p1a: Samurott
|-damage|p1a: Samurott|31/100
|
|upkeep
|turn|22
|inactive|megaYama has 30 seconds left this turn.
|inactive|megaYama has 20 seconds left.
|inactive|megaYama has 15 seconds left.
|
|t:|1758343760
|switch|p2a: Great Tusk|Great Tusk|12/100
|move|p1a: Samurott|Ceaseless Edge|p2a: Great Tusk
|-resisted|p2a: Great Tusk
|-damage|p2a: Great Tusk|0 fnt
|-damage|p1a: Samurott|15/100|[from] item: Rocky Helmet|[of] p2a: Great Tusk
|-sidestart|p2: megaYama|Spikes
|faint|p2a: Great Tusk
|-end|p2a: Great Tusk|Protosynthesis|[silent]
|
|upkeep
|inactive|megaYama has 20 seconds left this turn.
|inactive|megaYama has 15 seconds left.
|inactive|megaYama has 10 seconds left.
|inactive|megaYama has 5 seconds left.
|
|t:|1758343777
|switch|p2a: Enamorus|Enamorus, F|48/100
|turn|23
|inactive|megaYama has 15 seconds left this turn.
|inactive|megaYama has 10 seconds left.
|inactive|megaYama has 5 seconds left.
|
|t:|1758343802
|switch|p1a: Slowking|Slowking-Galar, F, shiny|100/100
|move|p2a: Enamorus|Earth Power|p1a: Slowking
|-supereffective|p1a: Slowking
|-damage|p1a: Slowking|65/100
|
|-heal|p1a: Slowking|71/100|[from] item: Black Sludge
|upkeep
|turn|24
|inactive|megaYama has 15 seconds left this turn.
|inactive|megaYama has 10 seconds left.
|inactive|megaYama has 5 seconds left.
|
|t:|1758343815
|move|p2a: Enamorus|Earth Power|p1a: Slowking
|-supereffective|p1a: Slowking
|-damage|p1a: Slowking|33/100
|-unboost|p1a: Slowking|spd|1
|-prepare|p1a: Slowking|Chilly Reception|[premajor]
|move|p1a: Slowking|Chilly Reception|p1a: Slowking
|-weather|Snowscape
|inactive|egjp has 90 seconds left.
|
|t:|1758343840
|switch|p1a: Grimmsnarl|Grimmsnarl, M, shiny|92/100|[from] Chilly Reception
|
|-weather|Snowscape|[upkeep]
|-heal|p1a: Grimmsnarl|98/100|[from] item: Leftovers
|upkeep
|turn|25
|inactive|megaYama has 20 seconds left this turn.
|inactive|megaYama has 15 seconds left.
|inactive|egjp has 90 seconds left.
|inactive|megaYama has 10 seconds left.
|inactive|megaYama has 5 seconds left.
|-message|megaYama lost due to inactivity.
|
|win|egjp
|raw|egjp's rating: 1201 &rarr; <strong>1223</strong><br />(+22 for winning)
|raw|megaYama's rating: 1165 &rarr; <strong>1143</strong><br />(-22 for losing)
|l|☆megaYama
|player|p2|
|l|☆egjp
|player|p1|
