|j|☆vikxzi
|j|☆ThiccHash
|t:|1758334000
|gametype|singles
|player|p1|vikxzi|red|1197
|player|p2|ThiccHash|266|1181
|gen|9
|tier|[Gen 9] OU
|rated|
|rule|HP Percentage Mod: HP is shown in percentages
|rule|Endless Battle Clause: Forcing endless battles is banned
|rule|Species Clause: Limit one of each Pokémon
|rule|OHKO Clause: OHKO moves are banned
|rule|Evasion Items Clause: Evasion items are banned
|rule|Evasion Moves Clause: Evasion moves are banned
|rule|Evasion Abilities Clause: Evasion abilities are banned
|rule|Sleep Moves Clause: Sleep-inducing moves are banned
|clearpoke
|poke|p1|Samurott-Hisui, M|
|poke|p1|Zapdos|
|poke|p1|Pelipper, M|
|poke|p1|Toxicroak, M|
|poke|p1|Iron Valiant|
|poke|p1|Excadrill, F|
|poke|p2|Klawf, M|
|poke|p2|Goodra-Hisui, F|
|poke|p2|Scrafty, M|
|poke|p2|Braviary-Hisui, M|
|poke|p2|Quaquaval, F|
|poke|p2|Scizor, M|
|teampreview
|inactive|Battle timer is ON: inactive players will automatically lose when time's up. (requested by ThiccHash)
|inactive|ThiccHash has 120 seconds left.
|
|t:|1758334035
|teamsize|p1|6
|teamsize|p2|6
|start
|switch|p1a: Samurott|Samurott-Hisui, M|100/100
|switch|p2a: Goodra|Goodra-Hisui, F|100/100
|turn|1
|
|t:|1758334041
|move|p1a: Samurott|Knock Off|p2a: Goodra
|-damage|p2a: Goodra|72/100
|-enditem|p2a: Goodra|Assault Vest|[from] move: Knock Off|[of] p1a: Samurott
|move|p2a: Goodra|Sludge Bomb|p1a: Samurott
|-damage|p1a: Samurott|67/100
|
|upkeep
|turn|2
|
|t:|1758334062
|move|p1a: Samurott|Aqua Cutter|p2a: Goodra
|-resisted|p2a: Goodra
|-damage|p2a: Goodra|55/100
|move|p2a: Goodra|Sludge Bomb|p1a: Samurott
|-damage|p1a: Samurott|34/100
|
|upkeep
|turn|3
|
|t:|1758334084
|switch|p1a: Pelipper|Pelipper, M|100/100
|-weather|RainDance|[from] ability: Drizzle|[of] p1a: Pelipper
|move|p2a: Goodra|Dragon Tail|p1a: Pelipper|[miss]
|-miss|p2a: Goodra|p1a: Pelipper
|
|-weather|RainDance|[upkeep]
|upkeep
|turn|4
|
|t:|1758334092
|move|p2a: Goodra|Sludge Bomb|p1a: Pelipper
|-damage|p1a: Pelipper|70/100
|move|p1a: Pelipper|U-turn|p2a: Goodra
|-resisted|p2a: Goodra
|-damage|p2a: Goodra|52/100
|
|t:|1758334103
|switch|p1a: Excadrill|Excadrill, F|100/100|[from] U-turn
|-ability|p1a: Excadrill|Mold Breaker
|
|-weather|RainDance|[upkeep]
|upkeep
|turn|5
|
|t:|1758334110
|switch|p2a: Braviary|Braviary-Hisui, M|100/100
|move|p1a: Excadrill|Earthquake|p2a: Braviary
|-immune|p2a: Braviary
|
|-weather|RainDance|[upkeep]
|upkeep
|turn|6
|
|t:|1758334122
|move|p2a: Braviary|Vacuum Wave|p1a: Excadrill
|-supereffective|p1a: Excadrill
|-damage|p1a: Excadrill|55/100
|-damage|p2a: Braviary|91/100|[from] item: Life Orb
|move|p1a: Excadrill|Rock Slide|p2a: Braviary
|-supereffective|p2a: Braviary
|-damage|p2a: Braviary|31/100
|
|-weather|RainDance|[upkeep]
|upkeep
|turn|7
|
|t:|1758334130
|move|p2a: Braviary|Vacuum Wave|p1a: Excadrill
|-supereffective|p1a: Excadrill
|-damage|p1a: Excadrill|2/100
|-damage|p2a: Braviary|21/100|[from] item: Life Orb
|move|p1a: Excadrill|Rock Slide|p2a: Braviary
|-supereffective|p2a: Braviary
|-damage|p2a: Braviary|0 fnt
|faint|p2a: Braviary
|
|-weather|RainDance|[upkeep]
|upkeep
|
|t:|1758334145
|switch|p2a: Scrafty|Scrafty, M|100/100
|-ability|p2a: Scrafty|Intimidate|boost
|-unboost|p1a: Excadrill|atk|1
|turn|8
|
|t:|1758334156
|switch|p1a: Toxicroak|Toxicroak, M|100/100
|move|p2a: Scrafty|Dragon Dance|p2a: Scrafty
|-boost|p2a: Scrafty|atk|1
|-boost|p2a: Scrafty|spe|1
|
|-weather|RainDance|[upkeep]
|upkeep
|turn|9
|
|t:|1758334171
|move|p2a: Scrafty|Dragon Dance|p2a: Scrafty
|-boost|p2a: Scrafty|atk|1
|-boost|p2a: Scrafty|spe|1
|move|p1a: Toxicroak|Earthquake|p2a: Scrafty
|-damage|p2a: Scrafty|67/100
|
|-weather|RainDance|[upkeep]
|upkeep
|turn|10
|
|t:|1758334184
|move|p2a: Scrafty|High Jump Kick|p1a: Toxicroak
|-resisted|p1a: Toxicroak
|-damage|p1a: Toxicroak|8/100
|move|p1a: Toxicroak|Gunk Shot|p2a: Scrafty
|-damage|p2a: Scrafty|4/100
|
|-weather|none
|-heal|p1a: Toxicroak|14/100|[from] item: Leftovers
|upkeep
|turn|11
|
|t:|1758334194
|move|p1a: Toxicroak|Sucker Punch|p2a: Scrafty
|-resisted|p2a: Scrafty
|-damage|p2a: Scrafty|0 fnt
|faint|p2a: Scrafty
|
|-heal|p1a: Toxicroak|20/100|[from] item: Leftovers
|upkeep
|
|t:|1758334204
|switch|p2a: Quaquaval|Quaquaval, F|100/100
|turn|12
|
|t:|1758334217
|switch|p1a: Samurott|Samurott-Hisui, M|34/100
|move|p2a: Quaquaval|Rapid Spin|p1a: Samurott
|-damage|p1a: Samurott|13/100
|-boost|p2a: Quaquaval|spe|1
|
|upkeep
|turn|13
|
|t:|1758334227
|move|p2a: Quaquaval|Rapid Spin|p1a: Samurott
|-damage|p1a: Samurott|0 fnt
|-boost|p2a: Quaquaval|spe|1
|faint|p1a: Samurott
|-ability|p2a: Quaquaval|Moxie|boost
|-boost|p2a: Quaquaval|atk|1
|
|upkeep
|
|t:|1758334235
|switch|p1a: Pelipper|Pelipper, M|70/100
|-weather|RainDance|[from] ability: Drizzle|[of] p1a: Pelipper
|turn|14
|
|t:|1758334241
|move|p2a: Quaquaval|Ice Spinner|p1a: Pelipper
|-damage|p1a: Pelipper|36/100
|move|p1a: Pelipper|Hurricane|p2a: Quaquaval
|-supereffective|p2a: Quaquaval
|-damage|p2a: Quaquaval|0 fnt
|faint|p2a: Quaquaval
|
|-weather|RainDance|[upkeep]
|upkeep
|
|t:|1758334249
|switch|p2a: Goodra|Goodra-Hisui, F|52/100
|turn|15
|
|t:|1758334260
|move|p2a: Goodra|Sludge Bomb|p1a: Pelipper
|-damage|p1a: Pelipper|4/100
|-status|p1a: Pelipper|psn
|move|p1a: Pelipper|Weather Ball|p2a: Goodra
|-resisted|p2a: Goodra
|-damage|p2a: Goodra|34/100
|
|-weather|RainDance|[upkeep]
|-damage|p1a: Pelipper|0 fnt|[from] psn
|faint|p1a: Pelipper
|upkeep
|
|t:|1758334277
|switch|p1a: Excadrill|Excadrill, F|2/100
|-ability|p1a: Excadrill|Mold Breaker
|turn|16
|
|t:|1758334289
|move|p1a: Excadrill|Earthquake|p2a: Goodra
|-supereffective|p2a: Goodra
|-damage|p2a: Goodra|0 fnt
|faint|p2a: Goodra
|
|-weather|RainDance|[upkeep]
|upkeep
|
|t:|1758334296
|switch|p2a: Scizor|Scizor, M|100/100
|turn|17
|
|t:|1758334307
|move|p2a: Scizor|Bullet Punch|p1a: Excadrill
|-resisted|p1a: Excadrill
|-damage|p1a: Excadrill|0 fnt
|faint|p1a: Excadrill
|-damage|p2a: Scizor|91/100|[from] item: Life Orb
|
|-weather|RainDance|[upkeep]
|upkeep
|
|t:|1758334313
|switch|p1a: Zapdos|Zapdos|100/100
|turn|18
|
|t:|1758334318
|switch|p2a: Klawf|Klawf, M|100/100
|move|p1a: Zapdos|Thunder|p2a: Klawf
|-damage|p2a: Klawf|6/100
|-ability|p2a: Klawf|Anger Shell|boost
|-boost|p2a: Klawf|atk|1
|-boost|p2a: Klawf|spa|1
|-boost|p2a: Klawf|spe|1
|-unboost|p2a: Klawf|def|1
|-unboost|p2a: Klawf|spd|1
|
|-weather|RainDance|[upkeep]
|upkeep
|turn|19
|
|t:|1758334327
|move|p2a: Klawf|Endure|p2a: Klawf
|-singleturn|p2a: Klawf|move: Endure
|move|p1a: Zapdos|Thunder|p2a: Klawf
|-activate|p2a: Klawf|move: Endure
|-damage|p2a: Klawf|1/100
|
|-weather|RainDance|[upkeep]
|upkeep
|turn|20
|
|t:|1758334335
|move|p2a: Klawf|Flail|p1a: Zapdos
|-damage|p1a: Zapdos|13/100
|-status|p2a: Klawf|par|[from] ability: Static|[of] p1a: Zapdos
|move|p1a: Zapdos|Thunder|p2a: Klawf
|-crit|p2a: Klawf
|-damage|p2a: Klawf|0 fnt
|faint|p2a: Klawf
|
|-weather|RainDance|[upkeep]
|upkeep
|
|t:|1758334338
|switch|p2a: Scizor|Scizor, M|91/100
|turn|21
|
|t:|1758334350
|-terastallize|p2a: Scizor|Steel
|move|p2a: Scizor|Bullet Punch|p1a: Zapdos
|-resisted|p1a: Zapdos
|-damage|p1a: Zapdos|0 fnt
|faint|p1a: Zapdos
|-damage|p2a: Scizor|81/100|[from] item: Life Orb
|
|-weather|none
|upkeep
|
|t:|1758334358
|switch|p1a: Toxicroak|Toxicroak, M|20/100
|turn|22
|
|t:|1758334362
|move|p1a: Toxicroak|Sucker Punch|p2a: Scizor
|-damage|p2a: Scizor|60/100
|move|p2a: Scizor|Bullet Punch|p1a: Toxicroak
|-damage|p1a: Toxicroak|0 fnt
|faint|p1a: Toxicroak
|-damage|p2a: Scizor|50/100|[from] item: Life Orb
|
|upkeep
|
|t:|1758334370
|switch|p1a: Iron Valiant|Iron Valiant|100/100
|-enditem|p1a: Iron Valiant|Booster Energy
|-activate|p1a: Iron Valiant|ability: Quark Drive|[fromitem]
|-start|p1a: Iron Valiant|quarkdrivespe
|turn|23
|
|t:|1758334376
|move|p2a: Scizor|Bullet Punch|p1a: Iron Valiant
|-supereffective|p1a: Iron Valiant
|-damage|p1a: Iron Valiant|0 fnt
|faint|p1a: Iron Valiant
|-end|p1a: Iron Valiant|Quark Drive|[silent]
|-damage|p2a: Scizor|40/100|[from] item: Life Orb
|
|win|ThiccHash
|raw|vikxzi's rating: 1197 &rarr; <strong>1171</strong><br />(-26 for losing)
|raw|ThiccHash's rating: 1181 &rarr; <strong>1207</strong><br />(+26 for winning)
|l|☆vikxzi
|player|p1|
|l|☆ThiccHash
|player|p2|
