|j|‽Athfive
|j|☆zhar99
|t:|1758261893
|gametype|singles
|player|p1|Athfive|palmer|1270
|player|p2|zhar99|170|1256
|gen|9
|tier|[Gen 9] OU
|rated|
|rule|HP Percentage Mod: HP is shown in percentages
|rule|Endless Battle Clause: Forcing endless battles is banned
|rule|Species Clause: Limit one of each Pokémon
|rule|OHKO Clause: OHKO moves are banned
|rule|Evasion Items Clause: Evasion items are banned
|rule|Evasion Moves Clause: Evasion moves are banned
|rule|Evasion Abilities Clause: Evasion abilities are banned
|rule|Sleep Moves Clause: Sleep-inducing moves are banned
|clearpoke
|poke|p1|Tyranitar, M|
|poke|p1|Dragonite, F|
|poke|p1|Quagsire, F|
|poke|p1|Great Tusk|
|poke|p1|Houndstone, F|
|poke|p1|Kingambit, F|
|poke|p2|Toxicroak, F|
|poke|p2|Araquanid, F|
|poke|p2|Dragapult, F|
|poke|p2|Primarina, F|
|poke|p2|Iron Treads|
|poke|p2|Ceruledge, F|
|teampreview
|
|t:|1758261912
|teamsize|p1|6
|teamsize|p2|6
|start
|switch|p1a: Tyranitar|Tyranitar, M|100/100
|switch|p2a: Toxicroak|Toxicroak, F|100/100
|-weather|Sandstorm|[from] ability: Sand Stream|[of] p1a: Tyranitar
|turn|1
|
|t:|1758261916
|switch|p1a: Houndstone|Houndstone, F|100/100
|move|p2a: Toxicroak|Close Combat|p1a: Houndstone
|-immune|p1a: Houndstone
|
|-weather|Sandstorm|[upkeep]
|-damage|p2a: Toxicroak|94/100|[from] Sandstorm
|upkeep
|turn|2
|
|t:|1758261923
|move|p1a: Houndstone|Will-O-Wisp|p2a: Toxicroak
|-status|p2a: Toxicroak|brn
|move|p2a: Toxicroak|Toxic|p1a: Houndstone
|-status|p1a: Houndstone|tox
|
|-weather|Sandstorm|[upkeep]
|-damage|p2a: Toxicroak|88/100 brn|[from] Sandstorm
|-damage|p1a: Houndstone|95/100 tox|[from] psn
|-damage|p2a: Toxicroak|82/100 brn|[from] brn
|upkeep
|turn|3
|
|t:|1758261939
|switch|p1a: Great Tusk|Great Tusk|100/100
|switch|p2a: Araquanid|Araquanid, F|100/100
|
|-weather|Sandstorm|[upkeep]
|-damage|p2a: Araquanid|94/100|[from] Sandstorm
|upkeep
|turn|4
|
|t:|1758261949
|move|p1a: Great Tusk|Headlong Rush|p2a: Araquanid
|-resisted|p2a: Araquanid
|-damage|p2a: Araquanid|47/100
|-unboost|p1a: Great Tusk|def|1
|-unboost|p1a: Great Tusk|spd|1
|move|p2a: Araquanid|Sticky Web|p1a: Great Tusk
|-sidestart|p1: Athfive|move: Sticky Web
|
|-weather|Sandstorm|[upkeep]
|-damage|p2a: Araquanid|40/100|[from] Sandstorm
|upkeep
|turn|5
|
|t:|1758261955
|-end|p1a: Great Tusk|Protosynthesis|[silent]
|switch|p1a: Dragonite|Dragonite, F|100/100
|switch|p2a: Dragapult|Dragapult, F|100/100
|
|-weather|none
|upkeep
|turn|6
|
|t:|1758261962
|move|p2a: Dragapult|Dragon Dance|p2a: Dragapult
|-boost|p2a: Dragapult|atk|1
|-boost|p2a: Dragapult|spe|1
|move|p1a: Dragonite|Outrage|p2a: Dragapult
|-supereffective|p2a: Dragapult
|-damage|p2a: Dragapult|0 fnt
|faint|p2a: Dragapult
|
|upkeep
|
|t:|1758261966
|switch|p2a: Primarina|Primarina, F|100/100
|turn|7
|
|t:|1758261972
|move|p1a: Dragonite|Outrage|p2a: Primarina|[from] lockedmove
|-immune|p2a: Primarina
|move|p2a: Primarina|Moonblast|p1a: Dragonite
|-supereffective|p1a: Dragonite
|-damage|p1a: Dragonite|42/100
|-unboost|p1a: Dragonite|spa|1
|
|upkeep
|turn|8
|
|t:|1758261980
|switch|p1a: Quagsire|Quagsire, F|100/100
|-activate|p1a: Quagsire|move: Sticky Web
|-unboost|p1a: Quagsire|spe|1
|move|p2a: Primarina|Flip Turn|p1a: Quagsire
|-immune|p1a: Quagsire|[from] ability: Water Absorb
|
|upkeep
|turn|9
|
|t:|1758261984
|switch|p2a: Toxicroak|Toxicroak, F|82/100 brn
|move|p1a: Quagsire|Stealth Rock|p2a: Toxicroak
|-sidestart|p2: zhar99|move: Stealth Rock
|
|-damage|p2a: Toxicroak|76/100 brn|[from] brn
|upkeep
|turn|10
|
|t:|1758261990
|switch|p1a: Dragonite|Dragonite, F|42/100
|move|p2a: Toxicroak|Toxic|p1a: Dragonite
|-status|p1a: Dragonite|tox
|
|-damage|p1a: Dragonite|36/100 tox|[from] psn
|-damage|p2a: Toxicroak|70/100 brn|[from] brn
|upkeep
|turn|11
|
|t:|1758261993
|move|p1a: Dragonite|Extreme Speed|p2a: Toxicroak
|-damage|p2a: Toxicroak|0 fnt
|faint|p2a: Toxicroak
|
|-damage|p1a: Dragonite|24/100 tox|[from] psn
|upkeep
|
|t:|1758261998
|switch|p2a: Iron Treads|Iron Treads|100/100
|-damage|p2a: Iron Treads|97/100|[from] Stealth Rock
|-enditem|p2a: Iron Treads|Booster Energy
|-activate|p2a: Iron Treads|ability: Quark Drive|[fromitem]
|-start|p2a: Iron Treads|quarkdrivespe
|turn|12
|
|t:|1758262003
|switch|p1a: Houndstone|Houndstone, F|95/100 tox
|-activate|p1a: Houndstone|move: Sticky Web
|-unboost|p1a: Houndstone|spe|1
|move|p2a: Iron Treads|Rapid Spin|p1a: Houndstone
|-immune|p1a: Houndstone
|
|-damage|p1a: Houndstone|89/100 tox|[from] psn
|upkeep
|turn|13
|
|t:|1758262008
|move|p2a: Iron Treads|Stealth Rock|p1a: Houndstone
|-sidestart|p1: Athfive|move: Stealth Rock
|move|p1a: Houndstone|Will-O-Wisp|p2a: Iron Treads
|-status|p2a: Iron Treads|brn
|
|-damage|p1a: Houndstone|77/100 tox|[from] psn
|-damage|p2a: Iron Treads|91/100 brn|[from] brn
|upkeep
|turn|14
|
|t:|1758262022
|switch|p1a: Tyranitar|Tyranitar, M|100/100
|-activate|p1a: Tyranitar|move: Sticky Web
|-unboost|p1a: Tyranitar|spe|1
|-damage|p1a: Tyranitar|88/100|[from] Stealth Rock
|-weather|Sandstorm|[from] ability: Sand Stream|[of] p1a: Tyranitar
|move|p2a: Iron Treads|Earth Power|p1a: Tyranitar
|-supereffective|p1a: Tyranitar
|-damage|p1a: Tyranitar|46/100
|
|-weather|Sandstorm|[upkeep]
|-damage|p2a: Iron Treads|85/100 brn|[from] brn
|upkeep
|turn|15
|
|t:|1758262030
|move|p2a: Iron Treads|Earth Power|p1a: Tyranitar
|-supereffective|p1a: Tyranitar
|-damage|p1a: Tyranitar|3/100
|move|p1a: Tyranitar|Low Kick|p2a: Iron Treads
|-supereffective|p2a: Iron Treads
|-damage|p2a: Iron Treads|0 fnt
|faint|p2a: Iron Treads
|-end|p2a: Iron Treads|Quark Drive|[silent]
|
|-weather|Sandstorm|[upkeep]
|upkeep
|
|t:|1758262044
|switch|p2a: Ceruledge|Ceruledge, F|100/100
|-damage|p2a: Ceruledge|76/100|[from] Stealth Rock
|turn|16
|
|t:|1758262061
|move|p2a: Ceruledge|Bitter Blade|p1a: Tyranitar
|-resisted|p1a: Tyranitar
|-damage|p1a: Tyranitar|0 fnt
|-heal|p2a: Ceruledge|77/100|[from] drain|[of] p1a: Tyranitar
|faint|p1a: Tyranitar
|
|-weather|Sandstorm|[upkeep]
|-damage|p2a: Ceruledge|71/100|[from] Sandstorm
|upkeep
|
|t:|1758262063
|switch|p1a: Kingambit|Kingambit, F|100/100
|-activate|p1a: Kingambit|move: Sticky Web
|-unboost|p1a: Kingambit|spe|1
|-damage|p1a: Kingambit|94/100|[from] Stealth Rock
|-activate|p1a: Kingambit|ability: Supreme Overlord
|-start|p1a: Kingambit|fallen1|[silent]
|turn|17
|
|t:|1758262074
|move|p1a: Kingambit|Sucker Punch|p2a: Ceruledge
|-supereffective|p2a: Ceruledge
|-damage|p2a: Ceruledge|0 fnt
|faint|p2a: Ceruledge
|
|-weather|Sandstorm|[upkeep]
|upkeep
|-message|zhar99 forfeited.
|
|win|Athfive
|raw|Athfive's rating: 1270 &rarr; <strong>1294</strong><br />(+24 for winning)
|raw|zhar99's rating: 1256 &rarr; <strong>1232</strong><br />(-24 for losing)
|l|☆zhar99
|player|p2|
|l|‽Athfive
|player|p1|
