|j|☆ghostoftheranch
|j|☆Trumpismessiah
|t:|1758302494
|gametype|singles
|player|p1|ghostoftheranch|medium|1459
|player|p2|Trumpismessiah|265|1400
|gen|9
|tier|[Gen 9] OU
|rated|
|rule|HP Percentage Mod: HP is shown in percentages
|rule|Endless Battle Clause: Forcing endless battles is banned
|rule|Species Clause: Limit one of each Pokémon
|rule|OHKO Clause: OHKO moves are banned
|rule|Evasion Items Clause: Evasion items are banned
|rule|Evasion Moves Clause: Evasion moves are banned
|rule|Evasion Abilities Clause: Evasion abilities are banned
|rule|Sleep Moves Clause: Sleep-inducing moves are banned
|clearpoke
|poke|p1|Ting-Lu|
|poke|p1|Pecharunt|
|poke|p1|Iron Valiant|
|poke|p1|Garganacl, F|
|poke|p1|Lokix, M|
|poke|p1|Hydrapple, M|
|poke|p2|Blaziken, F|
|poke|p2|Salamence, M|
|poke|p2|Ambipom, F|
|poke|p2|Houndstone, M|
|poke|p2|Iron Hands|
|poke|p2|Scizor, M|
|teampreview
|inactive|Battle timer is ON: inactive players will automatically lose when time's up. (requested by Trumpismessiah)
|
|t:|1758302516
|teamsize|p1|6
|teamsize|p2|6
|start
|switch|p1a: Pecharunt|Pecharunt|100/100
|switch|p2a: Iron Hands|Iron Hands|100/100
|-enditem|p2a: Iron Hands|Booster Energy
|-activate|p2a: Iron Hands|ability: Quark Drive|[fromitem]
|-start|p2a: Iron Hands|quarkdriveatk
|turn|1
|
|t:|1758302523
|move|p1a: Pecharunt|Parting Shot|p2a: Iron Hands
|-unboost|p2a: Iron Hands|atk|1
|-unboost|p2a: Iron Hands|spa|1
|
|t:|1758302531
|switch|p1a: Hydrapple|Hydrapple, M|100/100|[from] Parting Shot
|move|p2a: Iron Hands|Swords Dance|p2a: Iron Hands
|-boost|p2a: Iron Hands|atk|2
|
|upkeep
|turn|2
|
|t:|1758302539
|switch|p1a: Pecharunt|Pecharunt|100/100
|move|p2a: Iron Hands|Swords Dance|p2a: Iron Hands
|-boost|p2a: Iron Hands|atk|2
|
|upkeep
|turn|3
|
|t:|1758302543
|move|p1a: Pecharunt|Foul Play|p2a: Iron Hands
|-resisted|p2a: Iron Hands
|-damage|p2a: Iron Hands|73/100
|move|p2a: Iron Hands|Swords Dance|p2a: Iron Hands
|-boost|p2a: Iron Hands|atk|2
|
|upkeep
|turn|4
|
|t:|1758302547
|move|p1a: Pecharunt|Foul Play|p2a: Iron Hands
|-resisted|p2a: Iron Hands
|-damage|p2a: Iron Hands|33/100
|move|p2a: Iron Hands|Thunder Punch|p1a: Pecharunt
|-damage|p1a: Pecharunt|0 fnt
|faint|p1a: Pecharunt
|
|upkeep
|
|t:|1758302561
|switch|p1a: Iron Valiant|Iron Valiant|100/100
|turn|5
|inactive|ghostoftheranch has 120 seconds left.
|inactive|ghostoftheranch has 90 seconds left.
|
|t:|1758302626
|move|p1a: Iron Valiant|Close Combat|p2a: Iron Hands
|-damage|p2a: Iron Hands|1/100
|-unboost|p1a: Iron Valiant|def|1
|-unboost|p1a: Iron Valiant|spd|1
|move|p2a: Iron Hands|Thunder Punch|p1a: Iron Valiant
|-damage|p1a: Iron Valiant|0 fnt
|faint|p1a: Iron Valiant
|-end|p1a: Iron Valiant|Quark Drive|[silent]
|
|upkeep
|
|t:|1758302636
|switch|p1a: Lokix|Lokix, M|100/100
|turn|6
|
|t:|1758302640
|-end|p2a: Iron Hands|Quark Drive|[silent]
|switch|p2a: Houndstone|Houndstone, M|100/100
|move|p1a: Lokix|U-turn|p2a: Houndstone
|-resisted|p2a: Houndstone
|-damage|p2a: Houndstone|85/100
|inactive|ghostoftheranch has 90 seconds left.
|
|t:|1758302653
|switch|p1a: Garganacl|Garganacl, F|100/100|[from] U-turn
|
|-heal|p2a: Houndstone|91/100|[from] item: Leftovers
|upkeep
|turn|7
|
|t:|1758302656
|switch|p2a: Iron Hands|Iron Hands|1/100
|move|p1a: Garganacl|Stealth Rock|p2a: Iron Hands
|-sidestart|p2: Trumpismessiah|move: Stealth Rock
|
|upkeep
|turn|8
|
|t:|1758302663
|switch|p1a: Lokix|Lokix, M|100/100
|move|p2a: Iron Hands|Drain Punch|p1a: Lokix
|-damage|p1a: Lokix|35/100
|-heal|p2a: Iron Hands|19/100|[from] drain|[of] p1a: Lokix
|
|upkeep
|turn|9
|
|t:|1758302671
|-end|p2a: Iron Hands|Quark Drive|[silent]
|switch|p2a: Houndstone|Houndstone, M|91/100
|-damage|p2a: Houndstone|79/100|[from] Stealth Rock
|move|p1a: Lokix|U-turn|p2a: Houndstone
|-resisted|p2a: Houndstone
|-damage|p2a: Houndstone|62/100
|
|t:|1758302674
|switch|p1a: Garganacl|Garganacl, F|100/100|[from] U-turn
|
|-heal|p2a: Houndstone|68/100|[from] item: Leftovers
|upkeep
|turn|10
|
|t:|1758302681
|move|p2a: Houndstone|Poltergeist|p1a: Garganacl
|-activate|p1a: Garganacl|move: Poltergeist|Heavy-Duty Boots
|-damage|p1a: Garganacl|81/100
|move|p1a: Garganacl|Salt Cure|p2a: Houndstone
|-damage|p2a: Houndstone|54/100
|-start|p2a: Houndstone|Salt Cure
|
|-heal|p2a: Houndstone|60/100|[from] item: Leftovers
|-damage|p2a: Houndstone|48/100|[from] Salt Cure
|upkeep
|turn|11
|inactive|ghostoftheranch has 120 seconds left.
|
|t:|1758302693
|switch|p2a: Iron Hands|Iron Hands|19/100
|-damage|p2a: Iron Hands|13/100|[from] Stealth Rock
|move|p1a: Garganacl|Salt Cure|p2a: Iron Hands
|-resisted|p2a: Iron Hands
|-damage|p2a: Iron Hands|9/100
|-start|p2a: Iron Hands|Salt Cure
|
|-damage|p2a: Iron Hands|0 fnt|[from] Salt Cure
|faint|p2a: Iron Hands
|-end|p2a: Iron Hands|Quark Drive|[silent]
|upkeep
|
|t:|1758302698
|switch|p2a: Scizor|Scizor, M|100/100
|-damage|p2a: Scizor|88/100|[from] Stealth Rock
|turn|12
|
|t:|1758302711
|switch|p1a: Hydrapple|Hydrapple, M|100/100
|move|p2a: Scizor|Swords Dance|p2a: Scizor
|-boost|p2a: Scizor|atk|2
|
|upkeep
|turn|13
|inactive|ghostoftheranch has 120 seconds left.
|
|t:|1758302729
|-terastallize|p1a: Hydrapple|Poison
|move|p2a: Scizor|Bullet Punch|p1a: Hydrapple
|-damage|p1a: Hydrapple|61/100
|move|p1a: Hydrapple|Nasty Plot|p1a: Hydrapple
|-boost|p1a: Hydrapple|spa|2
|
|upkeep
|turn|14
|
|t:|1758302735
|-terastallize|p2a: Scizor|Steel
|move|p2a: Scizor|Bullet Punch|p1a: Hydrapple
|-damage|p1a: Hydrapple|1/100
|move|p1a: Hydrapple|Earth Power|p2a: Scizor
|-supereffective|p2a: Scizor
|-damage|p2a: Scizor|0 fnt
|faint|p2a: Scizor
|
|upkeep
|
|t:|1758302756
|switch|p2a: Blaziken|Blaziken, F|100/100
|-damage|p2a: Blaziken|88/100|[from] Stealth Rock
|turn|15
|
|t:|1758302776
|switch|p1a: Ting-Lu|Ting-Lu|100/100
|-ability|p1a: Ting-Lu|Vessel of Ruin
|move|p2a: Blaziken|Close Combat|p1a: Ting-Lu
|-supereffective|p1a: Ting-Lu
|-damage|p1a: Ting-Lu|8/100
|-unboost|p2a: Blaziken|def|1
|-unboost|p2a: Blaziken|spd|1
|-damage|p2a: Blaziken|78/100|[from] item: Life Orb
|
|-heal|p1a: Ting-Lu|14/100|[from] item: Leftovers
|-ability|p2a: Blaziken|Speed Boost|boost
|-boost|p2a: Blaziken|spe|1
|upkeep
|turn|16
|
|t:|1758302782
|move|p2a: Blaziken|Close Combat|p1a: Ting-Lu
|-supereffective|p1a: Ting-Lu
|-damage|p1a: Ting-Lu|0 fnt
|-unboost|p2a: Blaziken|def|1
|-unboost|p2a: Blaziken|spd|1
|faint|p1a: Ting-Lu
|-damage|p2a: Blaziken|68/100|[from] item: Life Orb
|
|-ability|p2a: Blaziken|Speed Boost|boost
|-boost|p2a: Blaziken|spe|1
|upkeep
|
|t:|1758302793
|switch|p1a: Hydrapple|Hydrapple, M, tera:Poison|35/100
|turn|17
|
|t:|1758302796
|switch|p1a: Garganacl|Garganacl, F|81/100
|move|p2a: Blaziken|Flare Blitz|p1a: Garganacl
|-resisted|p1a: Garganacl
|-damage|p1a: Garganacl|52/100
|-damage|p2a: Blaziken|55/100|[from] Recoil
|-damage|p2a: Blaziken|45/100|[from] item: Life Orb
|
|-ability|p2a: Blaziken|Speed Boost|boost
|-boost|p2a: Blaziken|spe|1
|upkeep
|turn|18
|
|t:|1758302807
|move|p2a: Blaziken|Close Combat|p1a: Garganacl
|-supereffective|p1a: Garganacl
|-damage|p1a: Garganacl|0 fnt
|-unboost|p2a: Blaziken|def|1
|-unboost|p2a: Blaziken|spd|1
|faint|p1a: Garganacl
|-damage|p2a: Blaziken|35/100|[from] item: Life Orb
|
|-ability|p2a: Blaziken|Speed Boost|boost
|-boost|p2a: Blaziken|spe|1
|upkeep
|
|t:|1758302810
|switch|p1a: Hydrapple|Hydrapple, M, tera:Poison|68/100
|turn|19
|
|t:|1758302817
|move|p2a: Blaziken|Flare Blitz|p1a: Hydrapple
|-damage|p1a: Hydrapple|22/100
|-damage|p2a: Blaziken|14/100|[from] Recoil
|-damage|p2a: Blaziken|4/100|[from] item: Life Orb
|move|p1a: Hydrapple|Giga Drain|p2a: Blaziken
|-resisted|p2a: Blaziken
|-damage|p2a: Blaziken|0 fnt
|-heal|p1a: Hydrapple|23/100|[from] drain|[of] p2a: Blaziken
|faint|p2a: Blaziken
|
|upkeep
|
|t:|1758302830
|switch|p2a: Houndstone|Houndstone, M|48/100
|-damage|p2a: Houndstone|35/100|[from] Stealth Rock
|turn|20
|
|t:|1758302838
|move|p2a: Houndstone|Poltergeist|p1a: Hydrapple
|-activate|p1a: Hydrapple|move: Poltergeist|Heavy-Duty Boots
|-damage|p1a: Hydrapple|0 fnt
|faint|p1a: Hydrapple
|
|-heal|p2a: Houndstone|41/100|[from] item: Leftovers
|upkeep
|
|t:|1758302842
|switch|p1a: Lokix|Lokix, M|35/100
|turn|21
|
|t:|1758302845
|move|p2a: Houndstone|Shadow Sneak|p1a: Lokix
|-resisted|p1a: Lokix
|-damage|p1a: Lokix|22/100
|move|p1a: Lokix|Knock Off|p2a: Houndstone
|-supereffective|p2a: Houndstone
|-damage|p2a: Houndstone|0 fnt
|-enditem|p2a: Houndstone|Leftovers|[from] move: Knock Off|[of] p1a: Lokix
|faint|p2a: Houndstone
|
|upkeep
|
|t:|1758302849
|switch|p2a: Ambipom|Ambipom, F|100/100
|-damage|p2a: Ambipom|88/100|[from] Stealth Rock
|turn|22
|
|t:|1758302852
|move|p2a: Ambipom|Fake Out|p1a: Lokix
|-damage|p1a: Lokix|0 fnt
|faint|p1a: Lokix
|
|win|Trumpismessiah
|raw|ghostoftheranch's rating: 1459 &rarr; <strong>1436</strong><br />(-23 for losing)
|raw|Trumpismessiah's rating: 1400 &rarr; <strong>1423</strong><br />(+23 for winning)
|l|☆ghostoftheranch
|player|p1|
|l|☆Trumpismessiah
|player|p2|
