|j|☆bslizzle
|j|☆Zinkio
|t:|1758255206
|gametype|singles
|player|p1|bslizzle|266|1240
|player|p2|Zinkio|giovanni|1225
|gen|9
|tier|[Gen 9] OU
|rated|
|rule|HP Percentage Mod: HP is shown in percentages
|rule|Endless Battle Clause: Forcing endless battles is banned
|rule|Species Clause: Limit one of each Pokémon
|rule|OHKO Clause: OHKO moves are banned
|rule|Evasion Items Clause: Evasion items are banned
|rule|Evasion Moves Clause: Evasion moves are banned
|rule|Evasion Abilities Clause: Evasion abilities are banned
|rule|Sleep Moves Clause: Sleep-inducing moves are banned
|clearpoke
|poke|p1|Samurott-Hisui, M|
|poke|p1|Tinkaton, F|
|poke|p1|Weavile, F|
|poke|p1|Dragonite, M|
|poke|p1|Clefable, F|
|poke|p1|Gholdengo|
|poke|p2|Infernape, F|
|poke|p2|Slowking-Galar, F|
|poke|p2|Zapdos|
|poke|p2|Ursaluna, F|
|poke|p2|Samurott-Hisui, M|
|poke|p2|Clefable, F|
|teampreview
|inactive|Battle timer is ON: inactive players will automatically lose when time's up. (requested by Zinkio)
|
|t:|1758255212
|teamsize|p1|6
|teamsize|p2|6
|start
|switch|p1a: Samurott|Samurott-Hisui, M|100/100
|switch|p2a: Ct. Flowerz|Clefable, F|100/100
|turn|1
|
|t:|1758255219
|switch|p1a: Tinkaton|Tinkaton, F|100/100
|-ability|p1a: Tinkaton|Mold Breaker
|-item|p1a: Tinkaton|Air Balloon
|move|p2a: Ct. Flowerz|Stealth Rock|p1a: Tinkaton
|-sidestart|p1: bslizzle|move: Stealth Rock
|
|upkeep
|turn|2
|
|t:|1758255226
|move|p1a: Tinkaton|Thunder Wave|p2a: Ct. Flowerz
|-status|p2a: Ct. Flowerz|par
|move|p2a: Ct. Flowerz|Knock Off|p1a: Tinkaton
|-resisted|p1a: Tinkaton
|-crit|p1a: Tinkaton
|-damage|p1a: Tinkaton|88/100
|-enditem|p1a: Tinkaton|Air Balloon
|
|upkeep
|turn|3
|
|t:|1758255237
|switch|p2a: Yapdos|Zapdos|100/100
|move|p1a: Tinkaton|Stealth Rock|p2a: Yapdos
|-sidestart|p2: Zinkio|move: Stealth Rock
|
|upkeep
|turn|4
|
|t:|1758255242
|move|p1a: Tinkaton|Gigaton Hammer|p2a: Yapdos
|-resisted|p2a: Yapdos
|-damage|p2a: Yapdos|84/100
|move|p2a: Yapdos|Thunder Wave|p1a: Tinkaton
|-status|p1a: Tinkaton|par
|
|upkeep
|turn|5
|
|t:|1758255254
|switch|p1a: Clefable|Clefable, F|100/100
|move|p2a: Yapdos|Roost|p2a: Yapdos
|-heal|p2a: Yapdos|100/100
|-singleturn|p2a: Yapdos|move: Roost
|
|upkeep
|turn|6
|
|t:|1758255258
|move|p2a: Yapdos|Thunder Wave|p1a: Clefable
|-status|p1a: Clefable|par
|move|p1a: Clefable|Calm Mind|p1a: Clefable
|-boost|p1a: Clefable|spa|1
|-boost|p1a: Clefable|spd|1
|
|upkeep
|turn|7
|
|t:|1758255261
|move|p2a: Yapdos|Hurricane|p1a: Clefable
|-crit|p1a: Clefable
|-damage|p1a: Clefable|40/100 par
|-start|p1a: Clefable|confusion
|-activate|p1a: Clefable|confusion
|move|p1a: Clefable|Calm Mind|p1a: Clefable
|-boost|p1a: Clefable|spa|1
|-boost|p1a: Clefable|spd|1
|
|upkeep
|turn|8
|
|t:|1758255264
|move|p2a: Yapdos|Volt Switch|p1a: Clefable
|-damage|p1a: Clefable|27/100 par
|
|t:|1758255267
|switch|p2a: Ct. Flowerz|Clefable, F|100/100 par|[from] Volt Switch
|-activate|p1a: Clefable|confusion
|move|p1a: Clefable|Moonlight|p1a: Clefable
|-heal|p1a: Clefable|77/100 par
|
|upkeep
|turn|9
|
|t:|1758255275
|move|p2a: Ct. Flowerz|Knock Off|p1a: Clefable
|-resisted|p1a: Clefable
|-damage|p1a: Clefable|72/100 par
|-enditem|p1a: Clefable|Heavy-Duty Boots|[from] move: Knock Off|[of] p2a: Ct. Flowerz
|-activate|p1a: Clefable|confusion
|-damage|p1a: Clefable|68/100 par|[from] confusion
|
|upkeep
|turn|10
|
|t:|1758255283
|move|p2a: Ct. Flowerz|Moonlight|p2a: Ct. Flowerz
|-fail|p2a: Ct. Flowerz|heal
|-end|p1a: Clefable|confusion
|move|p1a: Clefable|Moonblast|p2a: Ct. Flowerz
|-damage|p2a: Ct. Flowerz|40/100 par
|
|-heal|p2a: Ct. Flowerz|46/100 par|[from] item: Leftovers
|upkeep
|turn|11
|
|t:|1758255287
|move|p2a: Ct. Flowerz|Moonlight|p2a: Ct. Flowerz
|-heal|p2a: Ct. Flowerz|96/100 par
|move|p1a: Clefable|Calm Mind|p1a: Clefable
|-boost|p1a: Clefable|spa|1
|-boost|p1a: Clefable|spd|1
|
|-heal|p2a: Ct. Flowerz|100/100 par|[from] item: Leftovers
|upkeep
|turn|12
|
|t:|1758255296
|move|p2a: Ct. Flowerz|Moonblast|p1a: Clefable
|-damage|p1a: Clefable|56/100 par
|-unboost|p1a: Clefable|spa|1
|move|p1a: Clefable|Moonlight|p1a: Clefable
|-heal|p1a: Clefable|100/100 par
|
|upkeep
|turn|13
|
|t:|1758255311
|switch|p2a: Rusk|Ursaluna, F|100/100
|-damage|p2a: Rusk|94/100|[from] Stealth Rock
|move|p1a: Clefable|Calm Mind|p1a: Clefable
|-boost|p1a: Clefable|spa|1
|-boost|p1a: Clefable|spd|1
|
|-status|p2a: Rusk|brn|[from] item: Flame Orb
|upkeep
|turn|14
|
|t:|1758255338
|move|p2a: Rusk|Swords Dance|p2a: Rusk
|-boost|p2a: Rusk|atk|2
|cant|p1a: Clefable|par
|
|-damage|p2a: Rusk|88/100 brn|[from] brn
|upkeep
|turn|15
|
|t:|1758255344
|-terastallize|p2a: Rusk|Normal
|move|p2a: Rusk|Facade|p1a: Clefable
|-damage|p1a: Clefable|0 fnt
|faint|p1a: Clefable
|
|-damage|p2a: Rusk|82/100 brn|[from] brn
|upkeep
|
|t:|1758255350
|switch|p1a: Dragonite|Dragonite, M|100/100
|turn|16
|
|t:|1758255360
|move|p1a: Dragonite|Extreme Speed|p2a: Rusk
|-damage|p2a: Rusk|58/100 brn
|move|p2a: Rusk|Facade|p1a: Dragonite
|-damage|p1a: Dragonite|0 fnt
|faint|p1a: Dragonite
|
|-damage|p2a: Rusk|52/100 brn|[from] brn
|upkeep
|
|t:|1758255372
|switch|p1a: Samurott|Samurott-Hisui, M|100/100
|turn|17
|
|t:|1758255379
|move|p1a: Samurott|Ceaseless Edge|p2a: Rusk
|-damage|p2a: Rusk|13/100 brn
|-sidestart|p2: Zinkio|Spikes
|move|p2a: Rusk|Facade|p1a: Samurott
|-damage|p1a: Samurott|0 fnt
|faint|p1a: Samurott
|
|-damage|p2a: Rusk|7/100 brn|[from] brn
|upkeep
|
|t:|1758255384
|switch|p1a: Tinkaton|Tinkaton, F|88/100 par
|-damage|p1a: Tinkaton|82/100 par|[from] Stealth Rock
|-ability|p1a: Tinkaton|Mold Breaker
|turn|18
|
|t:|1758255391
|move|p2a: Rusk|Headlong Rush|p1a: Tinkaton
|-supereffective|p1a: Tinkaton
|-damage|p1a: Tinkaton|0 fnt
|-unboost|p2a: Rusk|def|1
|-unboost|p2a: Rusk|spd|1
|faint|p1a: Tinkaton
|
|-damage|p2a: Rusk|1/100 brn|[from] brn
|upkeep
|
|t:|1758255393
|switch|p1a: Weavile|Weavile, F|100/100
|-ability|p1a: Weavile|Pressure
|turn|19
|
|t:|1758255403
|move|p1a: Weavile|Ice Shard|p2a: Rusk
|-damage|p2a: Rusk|0 fnt
|faint|p2a: Rusk
|
|upkeep
|
|t:|1758255408
|switch|p2a: Ct. Flowerz|Clefable, F|100/100 par
|turn|20
|
|t:|1758255411
|switch|p1a: Gholdengo|Gholdengo|100/100
|-damage|p1a: Gholdengo|94/100|[from] Stealth Rock
|-item|p1a: Gholdengo|Air Balloon
|cant|p2a: Ct. Flowerz|par
|
|upkeep
|turn|21
|
|t:|1758255417
|move|p1a: Gholdengo|Nasty Plot|p1a: Gholdengo
|-boost|p1a: Gholdengo|spa|2
|move|p2a: Ct. Flowerz|Knock Off|p1a: Gholdengo
|-supereffective|p1a: Gholdengo
|-damage|p1a: Gholdengo|59/100
|-enditem|p1a: Gholdengo|Air Balloon
|
|upkeep
|turn|22
|
|t:|1758255426
|switch|p2a: Yapdos|Zapdos|100/100
|move|p1a: Gholdengo|Make It Rain|p2a: Yapdos
|-resisted|p2a: Yapdos
|-damage|p2a: Yapdos|34/100
|-unboost|p1a: Gholdengo|spa|1
|
|upkeep
|turn|23
|
|t:|1758255431
|move|p1a: Gholdengo|Nasty Plot|p1a: Gholdengo
|-boost|p1a: Gholdengo|spa|2
|move|p2a: Yapdos|Hurricane|p1a: Gholdengo
|-resisted|p1a: Gholdengo
|-damage|p1a: Gholdengo|34/100
|
|upkeep
|turn|24
|
|t:|1758255439
|move|p1a: Gholdengo|Recover|p1a: Gholdengo
|-heal|p1a: Gholdengo|84/100
|move|p2a: Yapdos|Roost|p2a: Yapdos
|-heal|p2a: Yapdos|85/100
|-singleturn|p2a: Yapdos|move: Roost
|
|upkeep
|turn|25
|
|t:|1758255449
|move|p1a: Gholdengo|Shadow Ball|p2a: Yapdos
|-damage|p2a: Yapdos|0 fnt
|faint|p2a: Yapdos
|
|upkeep
|
|t:|1758255453
|switch|p2a: Kangaroo Joey|Infernape, F|100/100
|-damage|p2a: Kangaroo Joey|88/100|[from] Stealth Rock
|-damage|p2a: Kangaroo Joey|76/100|[from] Spikes
|turn|26
|
|t:|1758255459
|-terastallize|p1a: Gholdengo|Flying
|move|p2a: Kangaroo Joey|Fire Blast|p1a: Gholdengo|[miss]
|-miss|p2a: Kangaroo Joey|p1a: Gholdengo
|move|p1a: Gholdengo|Shadow Ball|p2a: Kangaroo Joey
|-damage|p2a: Kangaroo Joey|0 fnt
|faint|p2a: Kangaroo Joey
|
|upkeep
|
|t:|1758255463
|switch|p2a: Larry|Samurott-Hisui, M|100/100
|-damage|p2a: Larry|88/100|[from] Stealth Rock
|-damage|p2a: Larry|76/100|[from] Spikes
|turn|27
|inactive|Zinkio has 120 seconds left.
|
|t:|1758255505
|move|p2a: Larry|Ceaseless Edge|p1a: Gholdengo
|-damage|p1a: Gholdengo|35/100
|-sidestart|p1: bslizzle|Spikes
|move|p1a: Gholdengo|Shadow Ball|p2a: Larry
|-resisted|p2a: Larry
|-damage|p2a: Larry|0 fnt
|faint|p2a: Larry
|
|upkeep
|
|t:|1758255509
|switch|p2a: 2 Slow|Slowking-Galar, F|100/100
|turn|28
|inactive|Zinkio has 120 seconds left.
|
|t:|1758255516
|move|p1a: Gholdengo|Shadow Ball|p2a: 2 Slow
|-supereffective|p2a: 2 Slow
|-damage|p2a: 2 Slow|0 fnt
|faint|p2a: 2 Slow
|
|upkeep
|
|t:|1758255519
|switch|p2a: Ct. Flowerz|Clefable, F|100/100 par
|turn|29
|
|t:|1758255521
|move|p1a: Gholdengo|Make It Rain|p2a: Ct. Flowerz
|-supereffective|p2a: Ct. Flowerz
|-crit|p2a: Ct. Flowerz
|-damage|p2a: Ct. Flowerz|0 fnt
|-unboost|p1a: Gholdengo|spa|1
|faint|p2a: Ct. Flowerz
|
|win|bslizzle
|raw|bslizzle's rating: 1240 &rarr; <strong>1264</strong><br />(+24 for winning)
|raw|Zinkio's rating: 1225 &rarr; <strong>1201</strong><br />(-24 for losing)
|l|☆bslizzle
|player|p1|
|c|☆Zinkio|gg
|l|☆Zinkio
|player|p2|
