|j|☆ckorai
|j|☆corysandhagen515
|t:|1758264529
|gametype|singles
|player|p1|ckorai|boarder|1104
|player|p2|corysandhagen515|2|1105
|gen|9
|tier|[Gen 9] OU
|rated|
|rule|HP Percentage Mod: HP is shown in percentages
|rule|Endless Battle Clause: Forcing endless battles is banned
|rule|Species Clause: Limit one of each Pokémon
|rule|OHKO Clause: OHKO moves are banned
|rule|Evasion Items Clause: Evasion items are banned
|rule|Evasion Moves Clause: Evasion moves are banned
|rule|Evasion Abilities Clause: Evasion abilities are banned
|rule|Sleep Moves Clause: Sleep-inducing moves are banned
|clearpoke
|poke|p1|Meowscarada, F|
|poke|p1|Cinderace, F|
|poke|p1|Great Tusk|
|poke|p1|Kingambit, F|
|poke|p1|Gholdengo|
|poke|p1|Ribombee, M|
|poke|p2|Dragapult, F|
|poke|p2|Primarina, M|
|poke|p2|Iron Crown|
|poke|p2|Samurott-Hisui, F|
|poke|p2|Kingambit, M|
|poke|p2|Landorus-Therian, M|
|teampreview
|
|t:|1758264546
|teamsize|p1|6
|teamsize|p2|6
|start
|switch|p1a: Ribombee|Ribombee, M|100/100
|switch|p2a: Landorus|Landorus-Therian, M|100/100
|-ability|p2a: Landorus|Intimidate|boost
|-unboost|p1a: Ribombee|atk|1
|turn|1
|inactive|Battle timer is ON: inactive players will automatically lose when time's up. (requested by ckorai)
|
|t:|1758264560
|move|p1a: Ribombee|Moonblast|p2a: Landorus
|-damage|p2a: Landorus|60/100
|move|p2a: Landorus|Stealth Rock|p1a: Ribombee
|-sidestart|p1: ckorai|move: Stealth Rock
|
|upkeep
|turn|2
|
|t:|1758264575
|move|p1a: Ribombee|Moonblast|p2a: Landorus
|-damage|p2a: Landorus|15/100
|-unboost|p2a: Landorus|spa|1
|move|p2a: Landorus|U-turn|p1a: Ribombee
|-resisted|p1a: Ribombee
|-damage|p1a: Ribombee|79/100
|
|t:|1758264588
|switch|p2a: Iron Crown|Iron Crown|100/100|[from] U-turn
|
|upkeep
|turn|3
|
|t:|1758264595
|move|p1a: Ribombee|Sticky Web|p2a: Iron Crown
|-sidestart|p2: corysandhagen515|move: Sticky Web
|move|p2a: Iron Crown|Tachyon Cutter|p1a: Ribombee
|-supereffective|p1a: Ribombee
|-damage|p1a: Ribombee|0 fnt
|faint|p1a: Ribombee
|-hitcount|p1: Ribombee|1
|
|upkeep
|
|t:|1758264602
|switch|p1a: Great Tusk|Great Tusk|100/100
|turn|4
|
|t:|1758264610
|move|p2a: Iron Crown|Future Sight|p1a: Great Tusk
|-start|p2a: Iron Crown|move: Future Sight
|move|p1a: Great Tusk|Headlong Rush|p2a: Iron Crown
|-supereffective|p2a: Iron Crown
|-crit|p2a: Iron Crown
|-damage|p2a: Iron Crown|0 fnt
|-unboost|p1a: Great Tusk|def|1
|-unboost|p1a: Great Tusk|spd|1
|faint|p2a: Iron Crown
|-end|p2a: Iron Crown|Quark Drive|[silent]
|
|upkeep
|
|t:|1758264617
|switch|p2a: Primarina|Primarina, M|100/100
|turn|5
|
|t:|1758264630
|-end|p1a: Great Tusk|Protosynthesis|[silent]
|switch|p1a: Meowscarada|Meowscarada, F|100/100
|move|p2a: Primarina|Calm Mind|p2a: Primarina
|-boost|p2a: Primarina|spa|1
|-boost|p2a: Primarina|spd|1
|
|upkeep
|turn|6
|
|t:|1758264642
|-terastallize|p2a: Primarina|Fairy
|move|p1a: Meowscarada|Flower Trick|p2a: Primarina
|-start|p1a: Meowscarada|typechange|Grass|[from] ability: Protean
|-crit|p2a: Primarina
|-damage|p2a: Primarina|38/100
|move|p2a: Primarina|Moonblast|p1a: Meowscarada
|-damage|p1a: Meowscarada|0 fnt
|faint|p1a: Meowscarada
|
|-hint|Future Sight did not hit because the target is fainted.
|upkeep
|
|t:|1758264666
|switch|p1a: Gholdengo|Gholdengo|100/100
|-damage|p1a: Gholdengo|94/100|[from] Stealth Rock
|-item|p1a: Gholdengo|Air Balloon
|turn|7
|inactive|corysandhagen515 has 120 seconds left.
|
|t:|1758264705
|move|p1a: Gholdengo|Nasty Plot|p1a: Gholdengo
|-boost|p1a: Gholdengo|spa|2
|move|p2a: Primarina|Surf|p1a: Gholdengo
|-damage|p1a: Gholdengo|24/100
|-enditem|p1a: Gholdengo|Air Balloon
|
|upkeep
|turn|8
|inactive|corysandhagen515 has 120 seconds left.
|
|t:|1758264721
|switch|p2a: Landorus|Landorus-Therian, M|15/100
|-ability|p2a: Landorus|Intimidate|boost
|-unboost|p1a: Gholdengo|atk|1
|move|p1a: Gholdengo|Make It Rain|p2a: Landorus
|-damage|p2a: Landorus|0 fnt
|-unboost|p1a: Gholdengo|spa|1
|faint|p2a: Landorus
|
|upkeep
|
|t:|1758264739
|switch|p2a: Samurott|Samurott-Hisui, F|100/100
|turn|9
|
|t:|1758264748
|move|p2a: Samurott|Ceaseless Edge|p1a: Gholdengo
|-supereffective|p1a: Gholdengo
|-damage|p1a: Gholdengo|0 fnt
|-sidestart|p1: ckorai|Spikes
|faint|p1a: Gholdengo
|
|upkeep
|
|t:|1758264774
|switch|p1a: Great Tusk|Great Tusk|100/100
|turn|10
|inactive|corysandhagen515 has 90 seconds left.
|
|t:|1758264825
|switch|p2a: Dragapult|Dragapult, F|100/100
|-activate|p2a: Dragapult|move: Sticky Web
|-fail|p2a: Dragapult|unboost|[from] ability: Clear Body|[of] p2a: Dragapult
|-terastallize|p1a: Great Tusk|Steel
|move|p1a: Great Tusk|Close Combat|p2a: Dragapult
|-immune|p2a: Dragapult
|
|upkeep
|turn|11
|inactive|ckorai has 120 seconds left.
|inactive|corysandhagen515 has 60 seconds left.
|
|t:|1758264856
|move|p2a: Dragapult|Dragon Darts|p1a: Great Tusk
|-resisted|p1a: Great Tusk
|-damage|p1a: Great Tusk|86/100
|-anim|p2a: Dragapult|Dragon Darts|p1a: Great Tusk
|-resisted|p1a: Great Tusk
|-damage|p1a: Great Tusk|72/100
|move|p1a: Great Tusk|Ice Spinner|p2a: Dragapult
|-supereffective|p2a: Dragapult
|-damage|p2a: Dragapult|27/100
|
|upkeep
|turn|12
|
|t:|1758264862
|move|p2a: Dragapult|Dragon Darts|p1a: Great Tusk
|-resisted|p1a: Great Tusk
|-damage|p1a: Great Tusk|60/100
|-anim|p2a: Dragapult|Dragon Darts|p1a: Great Tusk
|-resisted|p1a: Great Tusk
|-damage|p1a: Great Tusk|45/100
|move|p1a: Great Tusk|Ice Spinner|p2a: Dragapult
|-supereffective|p2a: Dragapult
|-damage|p2a: Dragapult|0 fnt
|faint|p2a: Dragapult
|
|upkeep
|
|t:|1758264874
|switch|p2a: Samurott|Samurott-Hisui, F|100/100
|turn|13
|
|t:|1758264880
|move|p1a: Great Tusk|Close Combat|p2a: Samurott
|-supereffective|p2a: Samurott
|-damage|p2a: Samurott|0 fnt
|-unboost|p1a: Great Tusk|def|1
|-unboost|p1a: Great Tusk|spd|1
|faint|p2a: Samurott
|
|upkeep
|
|t:|1758264892
|switch|p2a: Kingambit|Kingambit, M|100/100
|-activate|p2a: Kingambit|move: Sticky Web
|-unboost|p2a: Kingambit|spe|1
|-activate|p2a: Kingambit|ability: Supreme Overlord
|-start|p2a: Kingambit|fallen4|[silent]
|turn|14
|
|t:|1758264899
|move|p2a: Kingambit|Sucker Punch|p1a: Great Tusk
|-damage|p1a: Great Tusk|0 fnt
|faint|p1a: Great Tusk
|-end|p1a: Great Tusk|Protosynthesis|[silent]
|
|upkeep
|
|t:|1758264907
|switch|p1a: Cinderace|Cinderace, F|100/100
|turn|15
|inactive|corysandhagen515 has 60 seconds left.
|
|t:|1758264927
|move|p2a: Kingambit|Sucker Punch|p1a: Cinderace
|-damage|p1a: Cinderace|17/100
|move|p1a: Cinderace|Pyro Ball|p2a: Kingambit
|-supereffective|p2a: Kingambit
|-damage|p2a: Kingambit|21/100
|
|-heal|p2a: Kingambit|27/100|[from] item: Leftovers
|upkeep
|turn|16
|inactive|corysandhagen515 has 60 seconds left.
|
|t:|1758264939
|move|p1a: Cinderace|Sucker Punch|p2a: Kingambit
|-start|p1a: Cinderace|typechange|Dark|[from] ability: Libero
|-resisted|p2a: Kingambit
|-damage|p2a: Kingambit|16/100
|move|p2a: Kingambit|Sucker Punch||[still]
|-fail|p2a: Kingambit
|
|-heal|p2a: Kingambit|22/100|[from] item: Leftovers
|upkeep
|turn|17
|
|t:|1758264949
|move|p1a: Cinderace|Sucker Punch|p2a: Kingambit
|-resisted|p2a: Kingambit
|-damage|p2a: Kingambit|9/100
|move|p2a: Kingambit|Iron Head|p1a: Cinderace
|-damage|p1a: Cinderace|0 fnt
|faint|p1a: Cinderace
|
|-heal|p2a: Kingambit|15/100|[from] item: Leftovers
|upkeep
|
|t:|1758264963
|switch|p1a: Kingambit|Kingambit, F|100/100
|-damage|p1a: Kingambit|94/100|[from] Stealth Rock
|-damage|p1a: Kingambit|82/100|[from] Spikes
|-activate|p1a: Kingambit|ability: Supreme Overlord
|-start|p1a: Kingambit|fallen5|[silent]
|turn|18
|
|t:|1758264973
|move|p1a: Kingambit|Sucker Punch|p2a: Kingambit
|-resisted|p2a: Kingambit
|-damage|p2a: Kingambit|0 fnt
|faint|p2a: Kingambit
|-end|p2a: Kingambit|fallen4|[silent]
|
|-heal|p1a: Kingambit|88/100|[from] item: Leftovers
|upkeep
|
|t:|1758264976
|switch|p2a: Primarina|Primarina, M, tera:Fairy|38/100
|turn|19
|
|t:|1758264980
|move|p2a: Primarina|Moonblast|p1a: Kingambit
|-damage|p1a: Kingambit|13/100
|-unboost|p1a: Kingambit|spa|1
|move|p1a: Kingambit|Iron Head|p2a: Primarina
|-supereffective|p2a: Primarina
|-damage|p2a: Primarina|0 fnt
|faint|p2a: Primarina
|
|win|ckorai
|raw|ckorai's rating: 1104 &rarr; <strong>1129</strong><br />(+25 for winning)
|raw|corysandhagen515's rating: 1105 &rarr; <strong>1080</strong><br />(-25 for losing)
