|j|☆romandlui
|j|☆o monstro01
|t:|1758346193
|gametype|singles
|player|p1|romandlui|266|1555
|player|p2|o monstro01|clay|1617
|gen|9
|tier|[Gen 9] OU
|rated|
|rule|HP Percentage Mod: HP is shown in percentages
|rule|Endless Battle Clause: Forcing endless battles is banned
|rule|Species Clause: Limit one of each Pokémon
|rule|OHKO Clause: OHKO moves are banned
|rule|Evasion Items Clause: Evasion items are banned
|rule|Evasion Moves Clause: Evasion moves are banned
|rule|Evasion Abilities Clause: Evasion abilities are banned
|rule|Sleep Moves Clause: Sleep-inducing moves are banned
|clearpoke
|poke|p1|Toucannon, M|
|poke|p1|Dragonite, M|
|poke|p1|Zamazenta-*|
|poke|p1|Iron Treads|
|poke|p1|Zapdos|
|poke|p1|Primarina, F|
|poke|p2|Dragonite, M|
|poke|p2|Great Tusk|
|poke|p2|Iron Moth|
|poke|p2|Ogerpon-Wellspring, F|
|poke|p2|Iron Valiant|
|poke|p2|Scizor, M|
|teampreview
|inactive|Battle timer is ON: inactive players will automatically lose when time's up. (requested by romandlui)
|
|t:|1758346214
|teamsize|p1|6
|teamsize|p2|6
|start
|switch|p1a: Franky|Toucannon, M|100/100
|switch|p2a: Ogerpon|Ogerpon-Wellspring, F|100/100
|turn|1
|
|t:|1758346222
|-singleturn|p1a: Franky|move: Beak Blast
|move|p2a: Ogerpon|U-turn|p1a: Franky
|-resisted|p1a: Franky
|-damage|p1a: Franky|84/100
|-status|p2a: Ogerpon|brn
|
|t:|1758346232
|switch|p2a: Dragonite|Dragonite, M|100/100|[from] U-turn
|move|p1a: Franky|Beak Blast|p2a: Dragonite
|-damage|p2a: Dragonite|70/100
|
|upkeep
|turn|2
|
|t:|1758346240
|move|p2a: Dragonite|Dragon Dance|p2a: Dragonite
|-boost|p2a: Dragonite|atk|1
|-boost|p2a: Dragonite|spe|1
|move|p1a: Franky|Rock Blast|p2a: Dragonite
|-supereffective|p2a: Dragonite
|-damage|p2a: Dragonite|50/100
|-supereffective|p2a: Dragonite
|-damage|p2a: Dragonite|30/100
|-supereffective|p2a: Dragonite
|-damage|p2a: Dragonite|9/100
|-supereffective|p2a: Dragonite
|-damage|p2a: Dragonite|0 fnt
|faint|p2a: Dragonite
|-hitcount|p2: Dragonite|4
|
|upkeep
|
|t:|1758346253
|switch|p2a: Iron Valiant|Iron Valiant|100/100
|-enditem|p2a: Iron Valiant|Booster Energy
|-activate|p2a: Iron Valiant|ability: Quark Drive|[fromitem]
|-start|p2a: Iron Valiant|quarkdrivespe
|turn|3
|
|t:|1758346259
|-singleturn|p1a: Franky|move: Beak Blast
|move|p2a: Iron Valiant|Encore|p1a: Franky
|-start|p1a: Franky|Encore
|move|p1a: Franky|Rock Blast|p2a: Iron Valiant|[miss]
|-miss|p1a: Franky|p2a: Iron Valiant
|
|upkeep
|turn|4
|
|t:|1758346268
|switch|p1a: Shirahoshi|Primarina, F|100/100
|move|p2a: Iron Valiant|Moonblast|p1a: Shirahoshi
|-damage|p1a: Shirahoshi|79/100
|
|upkeep
|turn|5
|
|t:|1758346284
|-end|p2a: Iron Valiant|Quark Drive|[silent]
|switch|p2a: Iron Moth|Iron Moth|100/100
|-enditem|p2a: Iron Moth|Booster Energy
|-activate|p2a: Iron Moth|ability: Quark Drive|[fromitem]
|-start|p2a: Iron Moth|quarkdrivespe
|move|p1a: Shirahoshi|Flip Turn|p2a: Iron Moth
|-supereffective|p2a: Iron Moth
|-damage|p2a: Iron Moth|53/100
|
|t:|1758346292
|switch|p1a: Franky|Toucannon, M|84/100|[from] Flip Turn
|
|upkeep
|turn|6
|
|t:|1758346305
|-singleturn|p1a: Franky|move: Beak Blast
|move|p2a: Iron Moth|Sludge Wave|p1a: Franky
|-damage|p1a: Franky|48/100
|move|p1a: Franky|Beak Blast|p2a: Iron Moth
|-damage|p2a: Iron Moth|0 fnt
|faint|p2a: Iron Moth
|-end|p2a: Iron Moth|Quark Drive|[silent]
|
|upkeep
|
|t:|1758346316
|switch|p2a: Iron Valiant|Iron Valiant|100/100
|turn|7
|
|t:|1758346320
|-singleturn|p1a: Franky|move: Beak Blast
|move|p2a: Iron Valiant|Knock Off|p1a: Franky
|-damage|p1a: Franky|4/100
|-status|p2a: Iron Valiant|brn
|-enditem|p1a: Franky|Assault Vest|[from] move: Knock Off|[of] p2a: Iron Valiant
|move|p1a: Franky|Beak Blast|p2a: Iron Valiant
|-supereffective|p2a: Iron Valiant
|-damage|p2a: Iron Valiant|0 fnt
|faint|p2a: Iron Valiant
|-end|p2a: Iron Valiant|Quark Drive|[silent]
|
|upkeep
|-message|o monstro01 forfeited.
|
|win|romandlui
|raw|romandlui's rating: 1555 &rarr; <strong>1579</strong><br />(+24 for winning)
|raw|o monstro01's rating: 1617 &rarr; <strong>1593</strong><br />(-24 for losing)
|l|☆o monstro01
|player|p2|
|l|☆romandlui
|player|p1|
