|j|☆Jacob14203
|j|☆scarfwake
|t:|1758365441
|gametype|singles
|player|p1|Jacob14203|265|1563
|player|p2|scarfwake|miku-flying|1497
|gen|9
|tier|[Gen 9] OU
|rated|
|rule|HP Percentage Mod: HP is shown in percentages
|rule|Endless Battle Clause: Forcing endless battles is banned
|rule|Species Clause: Limit one of each Pokémon
|rule|OHKO Clause: OHKO moves are banned
|rule|Evasion Items Clause: Evasion items are banned
|rule|Evasion Moves Clause: Evasion moves are banned
|rule|Evasion Abilities Clause: Evasion abilities are banned
|rule|Sleep Moves Clause: Sleep-inducing moves are banned
|clearpoke
|poke|p1|Samurott-Hisui, F|
|poke|p1|Tornadus-Therian, M|
|poke|p1|Pecharunt|
|poke|p1|Great Tusk|
|poke|p1|Clefable, F|
|poke|p1|Zamazenta-*|
|poke|p2|Dondozo, F|
|poke|p2|Blissey, F|
|poke|p2|Corviknight, F|
|poke|p2|Weezing-Galar, M|
|poke|p2|Gliscor, M|
|poke|p2|Toxapex, M|
|teampreview
|inactive|Battle timer is ON: inactive players will automatically lose when time's up. (requested by Jacob14203)
|
|t:|1758365458
|teamsize|p1|6
|teamsize|p2|6
|start
|switch|p1a: Samurott|Samurott-Hisui, F|100/100
|switch|p2a: Gliscor|Gliscor, M|100/100
|turn|1
|
|t:|1758365466
|move|p2a: Gliscor|Protect|p2a: Gliscor
|-singleturn|p2a: Gliscor|Protect
|move|p1a: Samurott|Knock Off|p2a: Gliscor
|-activate|p2a: Gliscor|move: Protect
|
|-status|p2a: Gliscor|tox|[from] item: Toxic Orb
|upkeep
|turn|2
|
|t:|1758365472
|move|p1a: Samurott|Ceaseless Edge|p2a: Gliscor
|-damage|p2a: Gliscor|67/100 tox
|-sidestart|p2: scarfwake|Spikes
|move|p2a: Gliscor|Spikes|p1a: Samurott
|-sidestart|p1: Jacob14203|Spikes
|
|-heal|p2a: Gliscor|79/100 tox|[from] ability: Poison Heal
|upkeep
|turn|3
|
|t:|1758365480
|switch|p1a: Great Tusk|Great Tusk|100/100
|move|p2a: Gliscor|Protect||[still]
|-fail|p2a: Gliscor
|
|-heal|p2a: Gliscor|91/100 tox|[from] ability: Poison Heal
|upkeep
|turn|4
|
|t:|1758365483
|move|p2a: Gliscor|Protect|p2a: Gliscor
|-singleturn|p2a: Gliscor|Protect
|move|p1a: Great Tusk|Stealth Rock|p2a: Gliscor
|-sidestart|p2: scarfwake|move: Stealth Rock
|
|-heal|p2a: Gliscor|100/100 tox|[from] ability: Poison Heal
|upkeep
|turn|5
|
|t:|1758365497
|-end|p1a: Great Tusk|Protosynthesis|[silent]
|switch|p1a: Tornadus|Tornadus-Therian, M|100/100
|move|p2a: Gliscor|Knock Off|p1a: Tornadus
|-damage|p1a: Tornadus|70/100
|-enditem|p1a: Tornadus|Life Orb|[from] move: Knock Off|[of] p2a: Gliscor
|
|upkeep
|turn|6
|
|t:|1758365515
|switch|p2a: Blissey|Blissey, F|100/100
|-damage|p2a: Blissey|88/100|[from] Spikes
|-damage|p2a: Blissey|76/100|[from] Stealth Rock
|move|p1a: Tornadus|Nasty Plot|p1a: Tornadus
|-boost|p1a: Tornadus|spa|2
|
|-heal|p2a: Blissey|82/100|[from] item: Leftovers
|upkeep
|turn|7
|
|t:|1758365522
|switch|p1a: Pecharunt|Pecharunt|100/100
|-damage|p1a: Pecharunt|88/100|[from] Spikes
|move|p2a: Blissey|Calm Mind|p2a: Blissey
|-boost|p2a: Blissey|spa|1
|-boost|p2a: Blissey|spd|1
|
|-heal|p1a: Pecharunt|94/100|[from] item: Leftovers
|-heal|p2a: Blissey|88/100|[from] item: Leftovers
|upkeep
|turn|8
|
|t:|1758365525
|move|p1a: Pecharunt|Toxic|p2a: Blissey
|-status|p2a: Blissey|tox
|-start|p2a: Blissey|confusion|[from] ability: Poison Puppeteer|[of] p1a: Pecharunt
|-activate|p2a: Blissey|confusion
|move|p2a: Blissey|Stealth Rock|p1a: Pecharunt
|-sidestart|p1: Jacob14203|move: Stealth Rock
|
|-heal|p1a: Pecharunt|99/100|[from] item: Leftovers
|-heal|p2a: Blissey|94/100 tox|[from] item: Leftovers
|-damage|p2a: Blissey|88/100 tox|[from] psn
|upkeep
|turn|9
|
|t:|1758365531
|-curestatus|p2a: Blissey|tox|[from] ability: Natural Cure
|switch|p2a: Toxapex|Toxapex, M|100/100
|-damage|p2a: Toxapex|88/100|[from] Spikes
|-damage|p2a: Toxapex|75/100|[from] Stealth Rock
|move|p1a: Pecharunt|Parting Shot|p2a: Toxapex
|-unboost|p2a: Toxapex|atk|1
|-unboost|p2a: Toxapex|spa|1
|
|t:|1758365537
|switch|p1a: Great Tusk|Great Tusk|100/100|[from] Parting Shot
|
|-heal|p2a: Toxapex|82/100|[from] item: Leftovers
|upkeep
|turn|10
|
|t:|1758365544
|move|p1a: Great Tusk|Rapid Spin|p2a: Toxapex
|-damage|p2a: Toxapex|69/100
|-boost|p1a: Great Tusk|spe|1
|-sideend|p1: Jacob14203|Spikes|[from] move: Rapid Spin|[of] p1a: Great Tusk
|-sideend|p1: Jacob14203|Stealth Rock|[from] move: Rapid Spin|[of] p1a: Great Tusk
|move|p2a: Toxapex|Toxic|p1a: Great Tusk
|-status|p1a: Great Tusk|tox
|
|-heal|p2a: Toxapex|75/100|[from] item: Leftovers
|-damage|p1a: Great Tusk|94/100 tox|[from] psn
|upkeep
|turn|11
|
|t:|1758365550
|switch|p2a: Corviknight|Corviknight, F|100/100
|-damage|p2a: Corviknight|88/100|[from] Stealth Rock
|-ability|p2a: Corviknight|Pressure
|move|p1a: Great Tusk|Knock Off|p2a: Corviknight
|-damage|p2a: Corviknight|69/100
|-enditem|p2a: Corviknight|Leftovers|[from] move: Knock Off|[of] p1a: Great Tusk
|
|-damage|p1a: Great Tusk|82/100 tox|[from] psn
|upkeep
|turn|12
|
|t:|1758365564
|-end|p1a: Great Tusk|Protosynthesis|[silent]
|switch|p1a: Clefable|Clefable, F|100/100
|move|p2a: Corviknight|Defog|p1a: Clefable
|-unboost|p1a: Clefable|evasion|1
|-sideend|p2: scarfwake|Spikes|[from] move: Defog|[of] p2a: Corviknight
|-sideend|p2: scarfwake|Stealth Rock|[from] move: Defog|[of] p2a: Corviknight
|
|upkeep
|turn|13
|
|t:|1758365572
|switch|p2a: Gliscor|Gliscor, M|100/100 tox
|move|p1a: Clefable|Moonblast|p2a: Gliscor
|-damage|p2a: Gliscor|73/100 tox
|
|-heal|p2a: Gliscor|85/100 tox|[from] ability: Poison Heal
|upkeep
|turn|14
|
|t:|1758365580
|move|p2a: Gliscor|Spikes|p1a: Clefable
|-sidestart|p1: Jacob14203|Spikes
|move|p1a: Clefable|Calm Mind|p1a: Clefable
|-boost|p1a: Clefable|spa|1
|-boost|p1a: Clefable|spd|1
|
|-heal|p2a: Gliscor|97/100 tox|[from] ability: Poison Heal
|upkeep
|turn|15
|
|t:|1758365583
|move|p2a: Gliscor|Knock Off|p1a: Clefable
|-resisted|p1a: Clefable
|-damage|p1a: Clefable|92/100
|-enditem|p1a: Clefable|Leftovers|[from] move: Knock Off|[of] p2a: Gliscor
|move|p1a: Clefable|Moonblast|p2a: Gliscor
|-damage|p2a: Gliscor|56/100 tox
|
|-heal|p2a: Gliscor|69/100 tox|[from] ability: Poison Heal
|upkeep
|turn|16
|
|t:|1758365589
|switch|p2a: Toxapex|Toxapex, M|100/100
|move|p1a: Clefable|Calm Mind|p1a: Clefable
|-boost|p1a: Clefable|spa|1
|-boost|p1a: Clefable|spd|1
|
|upkeep
|turn|17
|
|t:|1758365596
|switch|p1a: Pecharunt|Pecharunt|99/100
|-damage|p1a: Pecharunt|88/100|[from] Spikes
|move|p2a: Toxapex|Haze|p2a: Toxapex
|-clearallboost
|
|-heal|p1a: Pecharunt|94/100|[from] item: Leftovers
|upkeep
|turn|18
|
|t:|1758365602
|move|p1a: Pecharunt|Toxic|p2a: Toxapex
|-immune|p2a: Toxapex
|move|p2a: Toxapex|Toxic|p1a: Pecharunt
|-immune|p1a: Pecharunt
|
|-heal|p1a: Pecharunt|99/100|[from] item: Leftovers
|upkeep
|turn|19
|
|t:|1758365608
|move|p1a: Pecharunt|Malignant Chain|p2a: Toxapex
|-resisted|p2a: Toxapex
|-damage|p2a: Toxapex|91/100
|move|p2a: Toxapex|Toxic Spikes|p1a: Pecharunt
|-sidestart|p1: Jacob14203|move: Toxic Spikes
|
|-heal|p1a: Pecharunt|100/100|[from] item: Leftovers
|-heal|p2a: Toxapex|97/100|[from] item: Leftovers
|upkeep
|turn|20
|
|t:|1758365620
|switch|p1a: Great Tusk|Great Tusk|82/100 tox
|move|p2a: Toxapex|Toxic Spikes|p1a: Great Tusk
|-sidestart|p1: Jacob14203|move: Toxic Spikes
|
|-heal|p2a: Toxapex|100/100|[from] item: Leftovers
|-damage|p1a: Great Tusk|76/100 tox|[from] psn
|upkeep
|turn|21
|
|t:|1758365623
|switch|p2a: Corviknight|Corviknight, F|69/100
|-ability|p2a: Corviknight|Pressure
|move|p1a: Great Tusk|Rapid Spin|p2a: Corviknight
|-resisted|p2a: Corviknight
|-damage|p2a: Corviknight|64/100
|-boost|p1a: Great Tusk|spe|1
|-sideend|p1: Jacob14203|Spikes|[from] move: Rapid Spin|[of] p1a: Great Tusk
|-sideend|p1: Jacob14203|Toxic Spikes|[from] move: Rapid Spin|[of] p1a: Great Tusk
|
|-damage|p1a: Great Tusk|64/100 tox|[from] psn
|upkeep
|turn|22
|
|t:|1758365627
|-end|p1a: Great Tusk|Protosynthesis|[silent]
|switch|p1a: Samurott|Samurott-Hisui, F|100/100
|move|p2a: Corviknight|Roost|p2a: Corviknight
|-heal|p2a: Corviknight|100/100
|-singleturn|p2a: Corviknight|move: Roost
|
|upkeep
|turn|23
|
|t:|1758365631
|move|p1a: Samurott|Ceaseless Edge|p2a: Corviknight|[miss]
|-miss|p1a: Samurott|p2a: Corviknight
|move|p2a: Corviknight|Body Press|p1a: Samurott
|-supereffective|p1a: Samurott
|-damage|p1a: Samurott|33/100
|
|upkeep
|turn|24
|
|t:|1758365636
|move|p1a: Samurott|Ceaseless Edge|p2a: Corviknight
|-damage|p2a: Corviknight|74/100
|-sidestart|p2: scarfwake|Spikes
|move|p2a: Corviknight|Body Press|p1a: Samurott
|-supereffective|p1a: Samurott
|-damage|p1a: Samurott|0 fnt
|faint|p1a: Samurott
|
|upkeep
|
|t:|1758365645
|switch|p1a: Tornadus|Tornadus-Therian, M|100/100
|turn|25
|
|t:|1758365648
|switch|p2a: Blissey|Blissey, F|88/100
|-damage|p2a: Blissey|75/100|[from] Spikes
|move|p1a: Tornadus|Heat Wave|p2a: Blissey|[miss]
|-miss|p1a: Tornadus|p2a: Blissey
|
|-heal|p2a: Blissey|82/100|[from] item: Leftovers
|upkeep
|turn|26
|
|t:|1758365656
|switch|p1a: Great Tusk|Great Tusk|64/100 tox
|move|p2a: Blissey|Stealth Rock|p1a: Great Tusk
|-sidestart|p1: Jacob14203|move: Stealth Rock
|
|-heal|p2a: Blissey|88/100|[from] item: Leftovers
|-damage|p1a: Great Tusk|58/100 tox|[from] psn
|upkeep
|turn|27
|
|t:|1758365660
|switch|p2a: Corviknight|Corviknight, F|74/100
|-ability|p2a: Corviknight|Pressure
|move|p1a: Great Tusk|Rapid Spin|p2a: Corviknight
|-resisted|p2a: Corviknight
|-damage|p2a: Corviknight|70/100
|-boost|p1a: Great Tusk|spe|1
|-sideend|p1: Jacob14203|Stealth Rock|[from] move: Rapid Spin|[of] p1a: Great Tusk
|
|-damage|p1a: Great Tusk|45/100 tox|[from] psn
|upkeep
|turn|28
|
|t:|1758365670
|-end|p1a: Great Tusk|Protosynthesis|[silent]
|switch|p1a: Tornadus|Tornadus-Therian, M|100/100
|move|p2a: Corviknight|Defog|p1a: Tornadus
|-unboost|p1a: Tornadus|evasion|1
|-sideend|p2: scarfwake|Spikes|[from] move: Defog|[of] p2a: Corviknight
|
|upkeep
|turn|29
|
|t:|1758365674
|switch|p2a: Blissey|Blissey, F|88/100
|move|p1a: Tornadus|Bleakwind Storm|p2a: Blissey
|-damage|p2a: Blissey|74/100
|
|-heal|p2a: Blissey|81/100|[from] item: Leftovers
|upkeep
|turn|30
|
|t:|1758365680
|switch|p1a: Great Tusk|Great Tusk|45/100 tox
|move|p2a: Blissey|Stealth Rock|p1a: Great Tusk
|-sidestart|p1: Jacob14203|move: Stealth Rock
|
|-heal|p2a: Blissey|87/100|[from] item: Leftovers
|-damage|p1a: Great Tusk|39/100 tox|[from] psn
|upkeep
|turn|31
|
|t:|1758365685
|switch|p2a: Corviknight|Corviknight, F|70/100
|-ability|p2a: Corviknight|Pressure
|move|p1a: Great Tusk|Rapid Spin|p2a: Corviknight
|-resisted|p2a: Corviknight
|-damage|p2a: Corviknight|65/100
|-boost|p1a: Great Tusk|spe|1
|-sideend|p1: Jacob14203|Stealth Rock|[from] move: Rapid Spin|[of] p1a: Great Tusk
|
|-damage|p1a: Great Tusk|27/100 tox|[from] psn
|upkeep
|turn|32
|
|t:|1758365690
|-end|p1a: Great Tusk|Protosynthesis|[silent]
|switch|p1a: Zamazenta|Zamazenta|100/100
|-ability|p1a: Zamazenta|Dauntless Shield|boost
|-boost|p1a: Zamazenta|def|1
|move|p2a: Corviknight|Roost|p2a: Corviknight
|-heal|p2a: Corviknight|100/100
|-singleturn|p2a: Corviknight|move: Roost
|
|upkeep
|turn|33
|
|t:|1758365695
|switch|p2a: Weezing|Weezing-Galar, M|100/100
|-ability|p2a: Weezing|Neutralizing Gas
|move|p1a: Zamazenta|Stone Edge|p2a: Weezing
|-damage|p2a: Weezing|79/100
|
|upkeep
|turn|34
|
|t:|1758365698
|move|p1a: Zamazenta|Heavy Slam|p2a: Weezing
|-supereffective|p2a: Weezing
|-damage|p2a: Weezing|28/100
|move|p2a: Weezing|Will-O-Wisp|p1a: Zamazenta|[miss]
|-miss|p2a: Weezing|p1a: Zamazenta
|
|upkeep
|turn|35
|
|t:|1758365704
|-end|p2a: Weezing|ability: Neutralizing Gas
|switch|p2a: Dondozo|Dondozo, F|100/100
|move|p1a: Zamazenta|Heavy Slam|p2a: Dondozo
|-resisted|p2a: Dondozo
|-damage|p2a: Dondozo|98/100
|
|-heal|p2a: Dondozo|100/100|[from] item: Leftovers
|upkeep
|turn|36
|
|t:|1758365713
|switch|p1a: Clefable|Clefable, F|92/100
|move|p2a: Dondozo|Body Press|p1a: Clefable
|-resisted|p1a: Clefable
|-crit|p1a: Clefable
|-damage|p1a: Clefable|76/100
|
|upkeep
|turn|37
|
|t:|1758365718
|switch|p2a: Toxapex|Toxapex, M|100/100
|move|p1a: Clefable|Calm Mind|p1a: Clefable
|-boost|p1a: Clefable|spa|1
|-boost|p1a: Clefable|spd|1
|
|upkeep
|turn|38
|
|t:|1758365723
|switch|p1a: Pecharunt|Pecharunt|100/100
|move|p2a: Toxapex|Haze|p2a: Toxapex
|-clearallboost
|
|upkeep
|turn|39
|
|t:|1758365728
|move|p1a: Pecharunt|Parting Shot|p2a: Toxapex
|-unboost|p2a: Toxapex|atk|1
|-unboost|p2a: Toxapex|spa|1
|
|t:|1758365730
|switch|p1a: Great Tusk|Great Tusk|27/100 tox|[from] Parting Shot
|move|p2a: Toxapex|Toxic|p1a: Great Tusk
|-fail|p1a: Great Tusk|tox
|
|-damage|p1a: Great Tusk|21/100 tox|[from] psn
|upkeep
|turn|40
|
|t:|1758365735
|switch|p2a: Corviknight|Corviknight, F|100/100
|-ability|p2a: Corviknight|Pressure
|move|p1a: Great Tusk|Stealth Rock|p2a: Corviknight
|-sidestart|p2: scarfwake|move: Stealth Rock
|
|-damage|p1a: Great Tusk|8/100 tox|[from] psn
|upkeep
|turn|41
|
|t:|1758365740
|move|p1a: Great Tusk|Knock Off|p2a: Corviknight
|-damage|p2a: Corviknight|87/100
|move|p2a: Corviknight|Defog|p1a: Great Tusk
|-unboost|p1a: Great Tusk|evasion|1
|-sideend|p2: scarfwake|Stealth Rock|[from] move: Defog|[of] p2a: Corviknight
|
|-damage|p1a: Great Tusk|0 fnt|[from] psn
|faint|p1a: Great Tusk
|-end|p1a: Great Tusk|Protosynthesis|[silent]
|upkeep
|
|t:|1758365748
|switch|p1a: Tornadus|Tornadus-Therian, M|100/100
|turn|42
|
|t:|1758365753
|switch|p2a: Toxapex|Toxapex, M|100/100
|move|p1a: Tornadus|Nasty Plot|p1a: Tornadus
|-boost|p1a: Tornadus|spa|2
|
|upkeep
|turn|43
|
|t:|1758365760
|move|p1a: Tornadus|Bleakwind Storm|p2a: Toxapex
|-damage|p2a: Toxapex|41/100
|-unboost|p2a: Toxapex|spe|1
|move|p2a: Toxapex|Haze|p2a: Toxapex
|-clearallboost
|
|-heal|p2a: Toxapex|47/100|[from] item: Leftovers
|upkeep
|turn|44
|
|t:|1758365767
|switch|p2a: Blissey|Blissey, F|87/100
|-terastallize|p1a: Tornadus|Steel
|move|p1a: Tornadus|Nasty Plot|p1a: Tornadus
|-boost|p1a: Tornadus|spa|2
|
|-heal|p2a: Blissey|93/100|[from] item: Leftovers
|upkeep
|turn|45
|
|t:|1758365770
|move|p1a: Tornadus|Nasty Plot|p1a: Tornadus
|-boost|p1a: Tornadus|spa|2
|move|p2a: Blissey|Calm Mind|p2a: Blissey
|-boost|p2a: Blissey|spa|1
|-boost|p2a: Blissey|spd|1
|
|-heal|p2a: Blissey|99/100|[from] item: Leftovers
|upkeep
|turn|46
|
|t:|1758365772
|move|p1a: Tornadus|Nasty Plot|p1a: Tornadus
|-boost|p1a: Tornadus|spa|2
|move|p2a: Blissey|Calm Mind|p2a: Blissey
|-boost|p2a: Blissey|spa|1
|-boost|p2a: Blissey|spd|1
|
|-heal|p2a: Blissey|100/100|[from] item: Leftovers
|upkeep
|turn|47
|
|t:|1758365776
|move|p1a: Tornadus|Bleakwind Storm|p2a: Blissey
|-damage|p2a: Blissey|74/100
|move|p2a: Blissey|Calm Mind|p2a: Blissey
|-boost|p2a: Blissey|spa|1
|-boost|p2a: Blissey|spd|1
|
|-heal|p2a: Blissey|80/100|[from] item: Leftovers
|upkeep
|turn|48
|
|t:|1758365779
|move|p1a: Tornadus|Bleakwind Storm|p2a: Blissey
|-damage|p2a: Blissey|57/100
|move|p2a: Blissey|Seismic Toss|p1a: Tornadus
|-damage|p1a: Tornadus|67/100
|
|-heal|p2a: Blissey|63/100|[from] item: Leftovers
|upkeep
|turn|49
|inactive|Jacob14203 has 120 seconds left.
|inactive|Jacob14203 has 90 seconds left.
|l|☆Jacob14203
|inactive|Jacob14203 disconnected and has a minute to reconnect!
|player|p1|
|c|☆scarfwake|are you really gonna lose vs stall with THE stall counter torn?
|c|☆scarfwake|loser
|inactive|Jacob14203 has 30 seconds to reconnect!
|inactive|Jacob14203 has 20 seconds to reconnect!
|inactive|Jacob14203 has 15 seconds to reconnect!
|inactive|Jacob14203 has 10 seconds to reconnect!
|inactive|Jacob14203 has 5 seconds to reconnect!
|-message|Jacob14203 lost due to inactivity.
|
|win|scarfwake
|raw|Jacob14203's rating: 1563 &rarr; <strong>1539</strong><br />(-24 for losing)
|raw|scarfwake's rating: 1497 &rarr; <strong>1521</strong><br />(+24 for winning)
|l|☆scarfwake
|player|p2|
