|j|☆LetsgoBrandonJ
|j|☆Amoroc
|t:|1758309426
|gametype|singles
|player|p1|LetsgoBrandonJ|101|1456
|player|p2|Amoroc|hiker|1403
|gen|9
|tier|[Gen 9] OU
|rated|
|rule|HP Percentage Mod: HP is shown in percentages
|rule|Endless Battle Clause: Forcing endless battles is banned
|rule|Species Clause: Limit one of each Pokémon
|rule|OHKO Clause: OHKO moves are banned
|rule|Evasion Items Clause: Evasion items are banned
|rule|Evasion Moves Clause: Evasion moves are banned
|rule|Evasion Abilities Clause: Evasion abilities are banned
|rule|Sleep Moves Clause: Sleep-inducing moves are banned
|clearpoke
|poke|p1|Tyranitar, M|
|poke|p1|Excadrill, M|
|poke|p1|Keldeo-Resolute|
|poke|p1|Tornadus-Therian, M|
|poke|p1|Heatran, F|
|poke|p1|Hydrapple, F|
|poke|p2|Vaporeon, M|
|poke|p2|Ting-Lu|
|poke|p2|Electrode-Hisui|
|poke|p2|Haxorus, F|
|poke|p2|Talonflame, F|
|poke|p2|Tinkaton, F|
|teampreview
|inactive|Battle timer is ON: inactive players will automatically lose when time's up. (requested by LetsgoBrandonJ)
|
|t:|1758309444
|teamsize|p1|6
|teamsize|p2|6
|start
|switch|p1a: Tyranitar|Tyranitar, M|100/100
|switch|p2a: Noko Shikanoko|Ting-Lu|100/100
|-weather|Sandstorm|[from] ability: Sand Stream|[of] p1a: Tyranitar
|-ability|p2a: Noko Shikanoko|Vessel of Ruin
|turn|1
|
|t:|1758309453
|move|p1a: Tyranitar|Low Kick|p2a: Noko Shikanoko
|-supereffective|p2a: Noko Shikanoko
|-damage|p2a: Noko Shikanoko|19/100
|move|p2a: Noko Shikanoko|Earthquake|p1a: Tyranitar
|-supereffective|p1a: Tyranitar
|-damage|p1a: Tyranitar|0 fnt
|faint|p1a: Tyranitar
|
|-weather|Sandstorm|[upkeep]
|upkeep
|
|t:|1758309462
|switch|p1a: Excadrill|Excadrill, M|100/100
|-item|p1a: Excadrill|Air Balloon
|turn|2
|
|t:|1758309470
|switch|p2a: Jibril|Talonflame, F|100/100
|move|p1a: Excadrill|Iron Head|p2a: Jibril
|-resisted|p2a: Jibril
|-damage|p2a: Jibril|70/100
|-status|p1a: Excadrill|brn|[from] ability: Flame Body|[of] p2a: Jibril
|
|-weather|Sandstorm|[upkeep]
|-damage|p2a: Jibril|64/100|[from] Sandstorm
|-damage|p1a: Excadrill|94/100 brn|[from] brn
|upkeep
|turn|3
|
|t:|1758309484
|switch|p1a: Keldeo|Keldeo-Resolute|100/100
|move|p2a: Jibril|Roost|p2a: Jibril
|-heal|p2a: Jibril|100/100
|-singleturn|p2a: Jibril|move: Roost
|
|-weather|Sandstorm|[upkeep]
|-damage|p2a: Jibril|94/100|[from] Sandstorm
|-damage|p1a: Keldeo|94/100|[from] Sandstorm
|upkeep
|turn|4
|
|t:|1758309498
|switch|p2a: Excel Walter|Vaporeon, M|100/100
|-terastallize|p1a: Keldeo|Water
|move|p1a: Keldeo|Surf|p2a: Excel Walter
|-immune|p2a: Excel Walter|[from] ability: Water Absorb
|
|-weather|Sandstorm|[upkeep]
|-damage|p1a: Keldeo|88/100|[from] Sandstorm
|-damage|p2a: Excel Walter|94/100|[from] Sandstorm
|-heal|p2a: Excel Walter|100/100|[from] item: Leftovers
|upkeep
|turn|5
|
|t:|1758309510
|switch|p1a: Hydrapple|Hydrapple, F|100/100
|move|p2a: Excel Walter|Calm Mind|p2a: Excel Walter
|-boost|p2a: Excel Walter|spa|1
|-boost|p2a: Excel Walter|spd|1
|
|-weather|none
|upkeep
|turn|6
|
|t:|1758309518
|move|p2a: Excel Walter|Ice Beam|p1a: Hydrapple
|-supereffective|p1a: Hydrapple
|-damage|p1a: Hydrapple|0 fnt
|faint|p1a: Hydrapple
|
|upkeep
|
|t:|1758309526
|switch|p1a: Keldeo|Keldeo-Resolute, tera:Water|88/100
|turn|7
|
|t:|1758309532
|move|p1a: Keldeo|Secret Sword|p2a: Excel Walter
|-damage|p2a: Excel Walter|50/100
|move|p2a: Excel Walter|Calm Mind|p2a: Excel Walter
|-boost|p2a: Excel Walter|spa|1
|-boost|p2a: Excel Walter|spd|1
|
|-heal|p2a: Excel Walter|56/100|[from] item: Leftovers
|upkeep
|turn|8
|
|t:|1758309543
|move|p1a: Keldeo|Secret Sword|p2a: Excel Walter
|-damage|p2a: Excel Walter|9/100
|move|p2a: Excel Walter|Scald|p1a: Keldeo
|-resisted|p1a: Keldeo
|-damage|p1a: Keldeo|51/100
|-status|p1a: Keldeo|brn
|
|-heal|p2a: Excel Walter|15/100|[from] item: Leftovers
|-damage|p1a: Keldeo|45/100 brn|[from] brn
|upkeep
|turn|9
|
|t:|1758309563
|move|p1a: Keldeo|Secret Sword|p2a: Excel Walter
|-damage|p2a: Excel Walter|0 fnt
|faint|p2a: Excel Walter
|
|-damage|p1a: Keldeo|39/100 brn|[from] brn
|upkeep
|
|t:|1758309574
|switch|p2a: Megumin|Electrode-Hisui|100/100
|turn|10
|
|t:|1758309579
|move|p2a: Megumin|Volt Switch|p1a: Keldeo
|-supereffective|p1a: Keldeo
|-damage|p1a: Keldeo|0 fnt
|faint|p1a: Keldeo
|
|t:|1758309594
|switch|p2a: Noko Shikanoko|Ting-Lu|19/100|[from] Volt Switch
|-ability|p2a: Noko Shikanoko|Vessel of Ruin
|
|upkeep
|
|t:|1758309601
|switch|p1a: Tornadus|Tornadus-Therian, M|100/100
|turn|11
|
|t:|1758309604
|move|p1a: Tornadus|U-turn|p2a: Noko Shikanoko
|-supereffective|p2a: Noko Shikanoko
|-damage|p2a: Noko Shikanoko|4/100
|
|t:|1758309608
|switch|p1a: Excadrill|Excadrill, M|94/100 brn|[from] U-turn
|-item|p1a: Excadrill|Air Balloon
|move|p2a: Noko Shikanoko|Stone Edge|p1a: Excadrill
|-resisted|p1a: Excadrill
|-damage|p1a: Excadrill|76/100 brn
|-enditem|p1a: Excadrill|Air Balloon
|
|-damage|p1a: Excadrill|70/100 brn|[from] brn
|upkeep
|turn|12
|
|t:|1758309620
|switch|p2a: Jibril|Talonflame, F|94/100
|move|p1a: Excadrill|Rapid Spin|p2a: Jibril
|-damage|p2a: Jibril|82/100
|-boost|p1a: Excadrill|spe|1
|
|-damage|p1a: Excadrill|64/100 brn|[from] brn
|upkeep
|turn|13
|
|t:|1758309631
|move|p1a: Excadrill|Swords Dance|p1a: Excadrill
|-boost|p1a: Excadrill|atk|2
|move|p2a: Jibril|Brave Bird|p1a: Excadrill
|-resisted|p1a: Excadrill
|-crit|p1a: Excadrill
|-damage|p1a: Excadrill|28/100 brn
|-damage|p2a: Jibril|70/100|[from] Recoil
|
|-damage|p1a: Excadrill|22/100 brn|[from] brn
|upkeep
|turn|14
|
|t:|1758309641
|move|p1a: Excadrill|Iron Head|p2a: Jibril
|-resisted|p2a: Jibril
|-damage|p2a: Jibril|42/100
|move|p2a: Jibril|Brave Bird|p1a: Excadrill
|-resisted|p1a: Excadrill
|-damage|p1a: Excadrill|0 fnt
|faint|p1a: Excadrill
|-damage|p2a: Jibril|35/100|[from] Recoil
|
|upkeep
|
|t:|1758309650
|switch|p1a: Heatran|Heatran, F|100/100
|turn|15
|
|t:|1758309659
|switch|p2a: Noko Shikanoko|Ting-Lu|4/100
|-ability|p2a: Noko Shikanoko|Vessel of Ruin
|move|p1a: Heatran|Magma Storm|p2a: Noko Shikanoko
|-damage|p2a: Noko Shikanoko|0 fnt
|faint|p2a: Noko Shikanoko
|
|upkeep
|
|t:|1758309667
|switch|p2a: Rim|Haxorus, F|100/100
|-ability|p2a: Rim|Mold Breaker
|turn|16
|
|t:|1758309673
|switch|p1a: Tornadus|Tornadus-Therian, M|100/100
|move|p2a: Rim|Earthquake|p1a: Tornadus
|-immune|p1a: Tornadus
|
|upkeep
|turn|17
|
|t:|1758309680
|switch|p2a: Sanae Dekomori|Tinkaton, F|100/100
|-ability|p2a: Sanae Dekomori|Mold Breaker
|move|p1a: Tornadus|Bleakwind Storm|p2a: Sanae Dekomori|[miss]
|-miss|p1a: Tornadus|p2a: Sanae Dekomori
|
|upkeep
|turn|18
|inactive|Amoroc has 120 seconds left.
|
|t:|1758309722
|move|p1a: Tornadus|Heat Wave|p2a: Sanae Dekomori
|-supereffective|p2a: Sanae Dekomori
|-damage|p2a: Sanae Dekomori|46/100
|move|p2a: Sanae Dekomori|Stealth Rock|p1a: Tornadus
|-sidestart|p1: LetsgoBrandonJ|move: Stealth Rock
|
|-heal|p2a: Sanae Dekomori|53/100|[from] item: Leftovers
|upkeep
|turn|19
|
|t:|1758309731
|-terastallize|p2a: Sanae Dekomori|Water
|move|p1a: Tornadus|Heat Wave|p2a: Sanae Dekomori
|-resisted|p2a: Sanae Dekomori
|-damage|p2a: Sanae Dekomori|40/100
|move|p2a: Sanae Dekomori|Gigaton Hammer|p1a: Tornadus
|-damage|p1a: Tornadus|41/100
|
|-heal|p2a: Sanae Dekomori|46/100|[from] item: Leftovers
|upkeep
|turn|20
|inactive|Amoroc has 120 seconds left.
|
|t:|1758309742
|move|p1a: Tornadus|Bleakwind Storm|p2a: Sanae Dekomori
|-damage|p2a: Sanae Dekomori|7/100
|move|p2a: Sanae Dekomori|Knock Off|p1a: Tornadus
|-damage|p1a: Tornadus|17/100
|-enditem|p1a: Tornadus|Heavy-Duty Boots|[from] move: Knock Off|[of] p2a: Sanae Dekomori
|
|-heal|p2a: Sanae Dekomori|13/100|[from] item: Leftovers
|upkeep
|turn|21
|inactive|Amoroc has 120 seconds left.
|
|t:|1758309754
|move|p1a: Tornadus|Bleakwind Storm|p2a: Sanae Dekomori
|-damage|p2a: Sanae Dekomori|0 fnt
|faint|p2a: Sanae Dekomori
|
|upkeep
|
|t:|1758309758
|switch|p2a: Megumin|Electrode-Hisui|100/100
|turn|22
|
|t:|1758309762
|switch|p1a: Heatran|Heatran, F|100/100
|-damage|p1a: Heatran|88/100|[from] Stealth Rock
|move|p2a: Megumin|Volt Switch|p1a: Heatran
|-damage|p1a: Heatran|62/100
|
|t:|1758309769
|switch|p2a: Rim|Haxorus, F|100/100|[from] Volt Switch
|-ability|p2a: Rim|Mold Breaker
|
|-heal|p1a: Heatran|68/100|[from] item: Leftovers
|upkeep
|turn|23
|
|t:|1758309779
|move|p2a: Rim|Earthquake|p1a: Heatran
|-supereffective|p1a: Heatran
|-damage|p1a: Heatran|0 fnt
|faint|p1a: Heatran
|-damage|p2a: Rim|91/100|[from] item: Life Orb
|
|upkeep
|
|t:|1758309785
|switch|p1a: Tornadus|Tornadus-Therian, M|51/100
|-damage|p1a: Tornadus|26/100|[from] Stealth Rock
|turn|24
|inactive|Amoroc has 120 seconds left.
|
|t:|1758309816
|move|p1a: Tornadus|Bleakwind Storm|p2a: Rim
|-damage|p2a: Rim|30/100
|-unboost|p2a: Rim|spe|1
|move|p2a: Rim|Outrage|p1a: Tornadus
|-damage|p1a: Tornadus|0 fnt
|faint|p1a: Tornadus
|-damage|p2a: Rim|20/100|[from] item: Life Orb
|
|win|Amoroc
|raw|LetsgoBrandonJ's rating: 1456 &rarr; <strong>1433</strong><br />(-23 for losing)
|raw|Amoroc's rating: 1403 &rarr; <strong>1426</strong><br />(+23 for winning)
|l|☆LetsgoBrandonJ
|player|p1|
|l|☆Amoroc
|player|p2|
