|badge|p1|bronze|gen9ou|100-6
|badge|p1|silver|gen9uu|30-6
|uhtml|medal-msg|<div class="broadcast-blue">Curious what those medals under the avatar are? PS now has Ladder Seasons! For more information, check out the <a href="https://www.smogon.com/forums/threads/3740067/">thread on Smogon.</a></div>
|j|☆ulky
|j|‽Light DN
|t:|1758293765
|gametype|singles
|player|p1|ulky|rosa|1818
|player|p2|Light DN|#adpl8|1823
|gen|9
|tier|[Gen 9] OU
|rated|
|rule|HP Percentage Mod: HP is shown in percentages
|rule|Endless Battle Clause: Forcing endless battles is banned
|rule|Species Clause: Limit one of each Pokémon
|rule|OHKO Clause: OHKO moves are banned
|rule|Evasion Items Clause: Evasion items are banned
|rule|Evasion Moves Clause: Evasion moves are banned
|rule|Evasion Abilities Clause: Evasion abilities are banned
|rule|Sleep Moves Clause: Sleep-inducing moves are banned
|clearpoke
|poke|p1|Kyurem|
|poke|p1|Corviknight, M|
|poke|p1|Ting-Lu|
|poke|p1|Dondozo, M|
|poke|p1|Slowking-Galar, L99, F|
|poke|p1|Cinderace, M|
|poke|p2|Raging Bolt|
|poke|p2|Iron Treads|
|poke|p2|Ting-Lu|
|poke|p2|Gholdengo|
|poke|p2|Zamazenta-*|
|poke|p2|Tornadus-Therian, M|
|teampreview
|j| wgw2333
|j| king of spycrabs
|
|t:|1758293791
|teamsize|p1|6
|teamsize|p2|6
|start
|switch|p1a: Corviknight|Corviknight, M|100/100
|switch|p2a: Ting-Lu|Ting-Lu|100/100
|-ability|p1a: Corviknight|Pressure
|-ability|p2a: Ting-Lu|Vessel of Ruin
|turn|1
|
|t:|1758293821
|move|p1a: Corviknight|U-turn|p2a: Ting-Lu
|-supereffective|p2a: Ting-Lu
|-damage|p2a: Ting-Lu|85/100
|-enditem|p2a: Ting-Lu|Weakness Policy
|-boost|p2a: Ting-Lu|atk|2|[from] item: Weakness Policy
|-boost|p2a: Ting-Lu|spa|2|[from] item: Weakness Policy
|
|t:|1758293825
|switch|p1a: Dondozo|Dondozo, M|100/100|[from] U-turn
|move|p2a: Ting-Lu|Ruination|p1a: Dondozo
|-damage|p1a: Dondozo|51/100
|
|-heal|p1a: Dondozo|57/100|[from] item: Leftovers
|upkeep
|turn|2
|
|t:|1758293827
|move|p2a: Ting-Lu|Stealth Rock|p1a: Dondozo
|-sidestart|p1: ulky|move: Stealth Rock
|move|p1a: Dondozo|Waterfall|p2a: Ting-Lu
|-supereffective|p2a: Ting-Lu
|-damage|p2a: Ting-Lu|54/100
|
|-heal|p1a: Dondozo|63/100|[from] item: Leftovers
|upkeep
|turn|3
|
|t:|1758293832
|move|p2a: Ting-Lu|Ruination|p1a: Dondozo
|-damage|p1a: Dondozo|32/100
|move|p1a: Dondozo|Waterfall|p2a: Ting-Lu
|-supereffective|p2a: Ting-Lu
|-damage|p2a: Ting-Lu|26/100
|
|-heal|p1a: Dondozo|38/100|[from] item: Leftovers
|upkeep
|turn|4
|
|t:|1758293836
|move|p2a: Ting-Lu|Ruination|p1a: Dondozo
|-damage|p1a: Dondozo|19/100
|move|p1a: Dondozo|Rest|p1a: Dondozo
|-status|p1a: Dondozo|slp|[from] move: Rest
|-heal|p1a: Dondozo|100/100 slp|[silent]
|
|upkeep
|turn|5
|
|t:|1758293838
|move|p2a: Ting-Lu|Ruination|p1a: Dondozo|[miss]
|-miss|p2a: Ting-Lu|p1a: Dondozo
|cant|p1a: Dondozo|slp
|
|upkeep
|turn|6
|
|t:|1758293840
|move|p2a: Ting-Lu|Ruination|p1a: Dondozo
|-damage|p1a: Dondozo|51/100 slp
|cant|p1a: Dondozo|slp
|
|-heal|p1a: Dondozo|57/100 slp|[from] item: Leftovers
|upkeep
|turn|7
|
|t:|1758293842
|move|p2a: Ting-Lu|Ruination|p1a: Dondozo
|-damage|p1a: Dondozo|29/100 slp
|-curestatus|p1a: Dondozo|slp|[msg]
|move|p1a: Dondozo|Waterfall|p2a: Ting-Lu
|-supereffective|p2a: Ting-Lu
|-damage|p2a: Ting-Lu|0 fnt
|faint|p2a: Ting-Lu
|
|-heal|p1a: Dondozo|35/100|[from] item: Leftovers
|upkeep
|
|t:|1758293846
|switch|p2a: Tornadus|Tornadus-Therian, M|100/100
|turn|8
|j| Halfgallon67
|
|t:|1758293884
|switch|p1a: Slowking|Slowking-Galar, L99, F|100/100
|move|p2a: Tornadus|Bleakwind Storm|p1a: Slowking
|-damage|p1a: Slowking|61/100
|-damage|p2a: Tornadus|91/100|[from] item: Life Orb
|
|upkeep
|turn|9
|
|t:|1758293887
|switch|p2a: Iron Treads|Iron Treads|100/100
|-enditem|p2a: Iron Treads|Booster Energy
|-activate|p2a: Iron Treads|ability: Quark Drive|[fromitem]
|-start|p2a: Iron Treads|quarkdrivespe
|move|p1a: Slowking|Sludge Bomb|p2a: Iron Treads
|-immune|p2a: Iron Treads
|
|upkeep
|turn|10
|
|t:|1758293891
|-end|p2a: Iron Treads|Quark Drive|[silent]
|switch|p2a: Raging Bolt|Raging Bolt|100/100
|-enditem|p2a: Raging Bolt|Booster Energy
|-activate|p2a: Raging Bolt|ability: Protosynthesis|[fromitem]
|-start|p2a: Raging Bolt|protosynthesisspa
|switch|p1a: Corviknight|Corviknight, M|100/100
|-damage|p1a: Corviknight|88/100|[from] Stealth Rock
|-ability|p1a: Corviknight|Pressure
|
|upkeep
|turn|11
|
|t:|1758293894
|switch|p1a: Ting-Lu|Ting-Lu|100/100
|-damage|p1a: Ting-Lu|94/100|[from] Stealth Rock
|-ability|p1a: Ting-Lu|Vessel of Ruin
|move|p2a: Raging Bolt|Calm Mind|p2a: Raging Bolt
|-boost|p2a: Raging Bolt|spa|1
|-boost|p2a: Raging Bolt|spd|1
|
|-heal|p1a: Ting-Lu|100/100|[from] item: Leftovers
|upkeep
|turn|12
|
|t:|1758293897
|move|p2a: Raging Bolt|Dragon Pulse|p1a: Ting-Lu
|-damage|p1a: Ting-Lu|61/100
|move|p1a: Ting-Lu|Earthquake|p2a: Raging Bolt
|-supereffective|p2a: Raging Bolt
|-damage|p2a: Raging Bolt|39/100
|
|-heal|p1a: Ting-Lu|67/100|[from] item: Leftovers
|upkeep
|turn|13
|
|t:|1758293899
|move|p2a: Raging Bolt|Dragon Pulse|p1a: Ting-Lu
|-damage|p1a: Ting-Lu|29/100
|move|p1a: Ting-Lu|Payback|p2a: Raging Bolt
|-damage|p2a: Raging Bolt|11/100
|
|-heal|p1a: Ting-Lu|35/100|[from] item: Leftovers
|upkeep
|turn|14
|
|t:|1758293913
|move|p2a: Raging Bolt|Dragon Pulse|p1a: Ting-Lu
|-damage|p1a: Ting-Lu|0 fnt
|faint|p1a: Ting-Lu
|
|upkeep
|
|t:|1758293918
|switch|p1a: Kyurem|Kyurem|100/100
|-damage|p1a: Kyurem|75/100|[from] Stealth Rock
|-ability|p1a: Kyurem|Pressure
|turn|15
|
|t:|1758293920
|move|p2a: Raging Bolt|Thunderclap|p1a: Kyurem
|-resisted|p1a: Kyurem
|-crit|p1a: Kyurem
|-damage|p1a: Kyurem|22/100
|move|p1a: Kyurem|Freeze-Dry|p2a: Raging Bolt
|-supereffective|p2a: Raging Bolt
|-damage|p2a: Raging Bolt|0 fnt
|faint|p2a: Raging Bolt
|-end|p2a: Raging Bolt|Protosynthesis|[silent]
|
|-heal|p1a: Kyurem|28/100|[from] item: Leftovers
|upkeep
|
|t:|1758293939
|switch|p2a: Zamazenta|Zamazenta|100/100
|-ability|p2a: Zamazenta|Dauntless Shield|boost
|-boost|p2a: Zamazenta|def|1
|turn|16
|
|t:|1758293945
|switch|p1a: Slowking|Slowking-Galar, L99, F|95/100
|move|p2a: Zamazenta|Iron Defense|p2a: Zamazenta
|-boost|p2a: Zamazenta|def|2
|
|upkeep
|turn|17
|
|t:|1758293947
|move|p2a: Zamazenta|Crunch|p1a: Slowking
|-supereffective|p1a: Slowking
|-damage|p1a: Slowking|53/100
|move|p1a: Slowking|Toxic|p2a: Zamazenta
|-status|p2a: Zamazenta|tox
|
|-damage|p2a: Zamazenta|94/100 tox|[from] psn
|upkeep
|turn|18
|
|t:|1758293950
|move|p2a: Zamazenta|Crunch|p1a: Slowking
|-supereffective|p1a: Slowking
|-damage|p1a: Slowking|7/100
|-prepare|p1a: Slowking|Chilly Reception|[premajor]
|move|p1a: Slowking|Chilly Reception|p1a: Slowking
|-weather|Snowscape
|
|t:|1758293952
|switch|p1a: Dondozo|Dondozo, M|35/100|[from] Chilly Reception
|-damage|p1a: Dondozo|23/100|[from] Stealth Rock
|
|-weather|Snowscape|[upkeep]
|-heal|p2a: Zamazenta|100/100 tox|[from] item: Leftovers
|-heal|p1a: Dondozo|29/100|[from] item: Leftovers
|-damage|p2a: Zamazenta|88/100 tox|[from] psn
|upkeep
|turn|19
|
|t:|1758293960
|switch|p2a: Tornadus|Tornadus-Therian, M|100/100
|move|p1a: Dondozo|Rest|p1a: Dondozo
|-status|p1a: Dondozo|slp|[from] move: Rest
|-heal|p1a: Dondozo|100/100 slp|[silent]
|
|-weather|Snowscape|[upkeep]
|upkeep
|turn|20
|
|t:|1758293965
|switch|p1a: Corviknight|Corviknight, M|88/100
|-damage|p1a: Corviknight|76/100|[from] Stealth Rock
|-ability|p1a: Corviknight|Pressure
|move|p2a: Tornadus|Nasty Plot|p2a: Tornadus
|-boost|p2a: Tornadus|spa|2
|
|-weather|Snowscape|[upkeep]
|upkeep
|turn|21
|
|t:|1758293968
|move|p2a: Tornadus|Focus Blast|p1a: Corviknight
|-damage|p1a: Corviknight|0 fnt
|faint|p1a: Corviknight
|-damage|p2a: Tornadus|91/100|[from] item: Life Orb
|
|-weather|Snowscape|[upkeep]
|upkeep
|
|t:|1758293975
|switch|p1a: Slowking|Slowking-Galar, L99, F|41/100
|turn|22
|
|t:|1758293977
|move|p2a: Tornadus|Dark Pulse|p1a: Slowking
|-supereffective|p1a: Slowking
|-damage|p1a: Slowking|0 fnt
|faint|p1a: Slowking
|-damage|p2a: Tornadus|81/100|[from] item: Life Orb
|
|-weather|none
|upkeep
|
|t:|1758293979
|switch|p1a: Cinderace|Cinderace, M|100/100
|turn|23
|
|t:|1758293981
|move|p2a: Tornadus|Bleakwind Storm|p1a: Cinderace
|-damage|p1a: Cinderace|0 fnt
|faint|p1a: Cinderace
|-damage|p2a: Tornadus|71/100|[from] item: Life Orb
|
|upkeep
|-message|ulky forfeited.
|
|win|Light DN
|raw|ulky's rating: 1818 &rarr; <strong>1798</strong><br />(-20 for losing)
|raw|Light DN's rating: 1823 &rarr; <strong>1843</strong><br />(+20 for winning)
|l|☆ulky
|player|p1|
|l|‽Light DN
|player|p2|
|l| Halfgallon67
|j| Halfgallon67
