|j|☆uwontwinprobably
|j|☆suifenli
|t:|1758264175
|gametype|singles
|player|p1|uwontwinprobably|acetrainer-gen4dp|1489
|player|p2|suifenli|n|1527
|gen|9
|tier|[Gen 9] OU
|rated|
|rule|HP Percentage Mod: HP is shown in percentages
|rule|Endless Battle Clause: Forcing endless battles is banned
|rule|Species Clause: Limit one of each Pokémon
|rule|OHKO Clause: OHKO moves are banned
|rule|Evasion Items Clause: Evasion items are banned
|rule|Evasion Moves Clause: Evasion moves are banned
|rule|Evasion Abilities Clause: Evasion abilities are banned
|rule|Sleep Moves Clause: Sleep-inducing moves are banned
|clearpoke
|poke|p1|Heatran, M|
|poke|p1|Zamazenta-*|
|poke|p1|Enamorus, F|
|poke|p1|Ursaluna, F|
|poke|p1|Ogerpon-Wellspring, F|
|poke|p1|Kyurem|
|poke|p2|Zamazenta-*|
|poke|p2|Sableye, F|
|poke|p2|Bellossom, F|
|poke|p2|Enamorus, F|
|poke|p2|Garganacl, F|
|poke|p2|Latias, F|
|teampreview
|inactive|Battle timer is ON: inactive players will automatically lose when time's up. (requested by suifenli)
|
|t:|1758264185
|teamsize|p1|6
|teamsize|p2|6
|start
|switch|p1a: Ursaluna|Ursaluna, F|100/100
|switch|p2a: Latias|Latias, F|100/100
|turn|1
|
|t:|1758264193
|move|p2a: Latias|Agility|p2a: Latias
|-boost|p2a: Latias|spe|2
|move|p1a: Ursaluna|Swords Dance|p1a: Ursaluna
|-boost|p1a: Ursaluna|atk|2
|
|-status|p1a: Ursaluna|brn|[from] item: Flame Orb
|upkeep
|turn|2
|
|t:|1758264211
|move|p2a: Latias|Draining Kiss|p1a: Ursaluna
|-damage|p1a: Ursaluna|91/100 brn
|move|p1a: Ursaluna|Facade|p2a: Latias
|-damage|p2a: Latias|0 fnt
|faint|p2a: Latias
|
|-damage|p1a: Ursaluna|85/100 brn|[from] brn
|upkeep
|
|t:|1758264215
|switch|p2a: Sableye|Sableye, F|100/100
|turn|3
|
|t:|1758264224
|switch|p1a: Enamorus|Enamorus, F|100/100
|move|p2a: Sableye|Encore||[still]
|-fail|p2a: Sableye
|
|upkeep
|turn|4
|
|t:|1758264228
|move|p1a: Enamorus|Moonblast|p2a: Sableye
|-supereffective|p2a: Sableye
|-enditem|p2a: Sableye|Focus Sash
|-damage|p2a: Sableye|1/100
|move|p2a: Sableye|Metal Burst|p1a: Enamorus
|-damage|p1a: Enamorus|0 fnt
|faint|p1a: Enamorus
|
|upkeep
|
|t:|1758264238
|switch|p1a: Ursaluna|Ursaluna, F|85/100 brn
|turn|5
|
|t:|1758264240
|move|p2a: Sableye|Reflect|p2a: Sableye
|-sidestart|p2: suifenli|Reflect
|move|p1a: Ursaluna|Trailblaze|p2a: Sableye
|-damage|p2a: Sableye|0 fnt
|-boost|p1a: Ursaluna|spe|1
|faint|p2a: Sableye
|
|-damage|p1a: Ursaluna|79/100 brn|[from] brn
|upkeep
|
|t:|1758264250
|switch|p2a: Bellossom|Bellossom, F|100/100
|turn|6
|
|t:|1758264255
|move|p1a: Ursaluna|Swords Dance|p1a: Ursaluna
|-boost|p1a: Ursaluna|atk|2
|move|p2a: Bellossom|Strength Sap|p1a: Ursaluna
|-unboost|p1a: Ursaluna|atk|1
|
|-damage|p1a: Ursaluna|73/100 brn|[from] brn
|upkeep
|turn|7
|
|t:|1758264258
|move|p1a: Ursaluna|Swords Dance|p1a: Ursaluna
|-boost|p1a: Ursaluna|atk|2
|move|p2a: Bellossom|Quiver Dance|p2a: Bellossom
|-boost|p2a: Bellossom|spa|1
|-boost|p2a: Bellossom|spd|1
|-boost|p2a: Bellossom|spe|1
|
|-damage|p1a: Ursaluna|66/100 brn|[from] brn
|upkeep
|turn|8
|
|t:|1758264267
|-terastallize|p1a: Ursaluna|Dragon
|move|p1a: Ursaluna|Facade|p2a: Bellossom
|-damage|p2a: Bellossom|16/100
|-enditem|p2a: Bellossom|Kee Berry|[eat]
|-boost|p2a: Bellossom|def|1|[from] item: Kee Berry
|move|p2a: Bellossom|Quiver Dance|p2a: Bellossom
|-boost|p2a: Bellossom|spa|1
|-boost|p2a: Bellossom|spd|1
|-boost|p2a: Bellossom|spe|1
|
|-damage|p1a: Ursaluna|60/100 brn|[from] brn
|upkeep
|turn|9
|
|t:|1758264273
|move|p1a: Ursaluna|Facade|p2a: Bellossom
|-damage|p2a: Bellossom|0 fnt
|faint|p2a: Bellossom
|
|-damage|p1a: Ursaluna|54/100 brn|[from] brn
|-sideend|p2: suifenli|Reflect
|upkeep
|
|t:|1758264281
|switch|p2a: Enamorus|Enamorus, F|100/100
|turn|10
|
|t:|1758264291
|switch|p1a: Heatran|Heatran, M|100/100
|-terastallize|p2a: Enamorus|Stellar
|move|p2a: Enamorus|Tera Blast|p1a: Heatran|[anim] Tera Blast Stellar
|-damage|p1a: Heatran|55/100
|-boost|p2a: Enamorus|atk|1
|-boost|p2a: Enamorus|spa|1
|
|upkeep
|turn|11
|
|t:|1758264295
|move|p1a: Heatran|Flash Cannon|p2a: Enamorus
|-supereffective|p2a: Enamorus
|-damage|p2a: Enamorus|0 fnt
|faint|p2a: Enamorus
|
|upkeep
|
|t:|1758264298
|switch|p2a: Zamazenta|Zamazenta|100/100
|-ability|p2a: Zamazenta|Dauntless Shield|boost
|-boost|p2a: Zamazenta|def|1
|turn|12
|
|t:|1758264301
|move|p1a: Heatran|Flash Cannon|p2a: Zamazenta
|-damage|p2a: Zamazenta|69/100
|move|p2a: Zamazenta|Snarl|p1a: Heatran
|-damage|p1a: Heatran|44/100
|-unboost|p1a: Heatran|spa|1
|
|-heal|p2a: Zamazenta|75/100|[from] item: Leftovers
|upkeep
|turn|13
|
|t:|1758264310
|switch|p1a: Kyurem|Kyurem|100/100
|-ability|p1a: Kyurem|Pressure
|move|p2a: Zamazenta|Snarl|p1a: Kyurem
|-damage|p1a: Kyurem|91/100
|-unboost|p1a: Kyurem|spa|1
|
|-heal|p2a: Zamazenta|81/100|[from] item: Leftovers
|upkeep
|turn|14
|
|t:|1758264317
|move|p1a: Kyurem|Freeze-Dry|p2a: Zamazenta
|-damage|p2a: Zamazenta|64/100
|move|p2a: Zamazenta|Body Press|p1a: Kyurem
|-supereffective|p1a: Kyurem
|-damage|p1a: Kyurem|0 fnt
|faint|p1a: Kyurem
|
|-heal|p2a: Zamazenta|70/100|[from] item: Leftovers
|upkeep
|
|t:|1758264323
|switch|p1a: Heatran|Heatran, M|44/100
|turn|15
|
|t:|1758264329
|move|p1a: Heatran|Heat Wave|p2a: Zamazenta
|-damage|p2a: Zamazenta|30/100
|move|p2a: Zamazenta|Body Press|p1a: Heatran
|-supereffective|p1a: Heatran
|-damage|p1a: Heatran|0 fnt
|faint|p1a: Heatran
|
|-heal|p2a: Zamazenta|36/100|[from] item: Leftovers
|upkeep
|
|t:|1758264339
|switch|p1a: Zamazenta|Zamazenta|100/100
|-ability|p1a: Zamazenta|Dauntless Shield|boost
|-boost|p1a: Zamazenta|def|1
|turn|16
|
|t:|1758264344
|move|p1a: Zamazenta|Close Combat|p2a: Zamazenta
|-damage|p2a: Zamazenta|0 fnt
|-unboost|p1a: Zamazenta|def|1
|-unboost|p1a: Zamazenta|spd|1
|faint|p2a: Zamazenta
|-damage|p1a: Zamazenta|91/100|[from] item: Life Orb
|
|upkeep
|
|t:|1758264346
|switch|p2a: Garganacl|Garganacl, F|100/100
|turn|17
|
|t:|1758264351
|move|p1a: Zamazenta|Close Combat|p2a: Garganacl
|-supereffective|p2a: Garganacl
|-damage|p2a: Garganacl|0 fnt
|-unboost|p1a: Zamazenta|def|1
|-unboost|p1a: Zamazenta|spd|1
|faint|p2a: Garganacl
|-damage|p1a: Zamazenta|81/100|[from] item: Life Orb
|
|win|uwontwinprobably
|raw|uwontwinprobably's rating: 1489 &rarr; <strong>1510</strong><br />(+21 for winning)
|raw|suifenli's rating: 1502 &rarr; <strong>1481</strong><br />(-21 for losing)
|l|☆suifenli
|player|p2|
|c|☆uwontwinprobably|gg
