|j|☆whichjuanz
|j|☆Avl2121
|t:|1758302964
|gametype|singles
|player|p1|whichjuanz|hiker-gen4|1218
|player|p2|Avl2121|dragontamer|1241
|gen|9
|tier|[Gen 9] OU
|rated|
|rule|HP Percentage Mod: HP is shown in percentages
|rule|Endless Battle Clause: Forcing endless battles is banned
|rule|Species Clause: Limit one of each Pokémon
|rule|OHKO Clause: OHKO moves are banned
|rule|Evasion Items Clause: Evasion items are banned
|rule|Evasion Moves Clause: Evasion moves are banned
|rule|Evasion Abilities Clause: Evasion abilities are banned
|rule|Sleep Moves Clause: Sleep-inducing moves are banned
|clearpoke
|poke|p1|Exeggutor-Alola, F|
|poke|p1|Cinderace, M|
|poke|p1|Quaquaval, F|
|poke|p1|Palossand, F|
|poke|p1|Comfey, M|
|poke|p1|Dugtrio-Alola, M|
|poke|p2|Sinistcha-Masterpiece|
|poke|p2|Blaziken, F|
|poke|p2|Garganacl, M|
|poke|p2|Garchomp, M|
|poke|p2|Dragapult, M|
|poke|p2|Morpeko, F|
|teampreview
|inactive|Battle timer is ON: inactive players will automatically lose when time's up. (requested by whichjuanz)
|
|t:|1758302968
|teamsize|p1|6
|teamsize|p2|6
|start
|switch|p1a: KLOuFRENS|Dugtrio-Alola, M|100/100
|switch|p2a: Morpeko|Morpeko, F|100/100
|turn|1
|
|t:|1758302976
|switch|p2a: Sinistcha|Sinistcha-Masterpiece|100/100
|move|p1a: KLOuFRENS|Stealth Rock|p2a: Sinistcha
|-sidestart|p2: Avl2121|move: Stealth Rock
|
|upkeep
|turn|2
|
|t:|1758302984
|switch|p1a: BOKeTE|Exeggutor-Alola, F|100/100
|move|p2a: Sinistcha|Matcha Gotcha|p1a: BOKeTE
|-resisted|p1a: BOKeTE
|-damage|p1a: BOKeTE|88/100
|
|upkeep
|turn|3
|
|t:|1758302990
|switch|p1a: DtMF|Comfey, M|100/100
|move|p2a: Sinistcha|Calm Mind|p2a: Sinistcha
|-boost|p2a: Sinistcha|spa|1
|-boost|p2a: Sinistcha|spd|1
|
|upkeep
|turn|4
|
|t:|1758302994
|move|p1a: DtMF|Trick|p2a: Sinistcha
|-activate|p1a: DtMF|move: Trick|[of] p2a: Sinistcha
|-item|p2a: Sinistcha|Choice Specs|[from] move: Trick
|-item|p1a: DtMF|Heavy-Duty Boots|[from] move: Trick
|move|p2a: Sinistcha|Calm Mind|p2a: Sinistcha
|-boost|p2a: Sinistcha|spa|1
|-boost|p2a: Sinistcha|spd|1
|
|upkeep
|turn|5
|
|t:|1758303000
|switch|p1a: KLOuFRENS|Dugtrio-Alola, M|100/100
|switch|p2a: Morpeko|Morpeko, F|100/100
|
|-formechange|p2a: Morpeko|Morpeko-Hangry||[from] ability: Hunger Switch
|upkeep
|turn|6
|
|t:|1758303008
|move|p1a: KLOuFRENS|Final Gambit|p2a: Morpeko
|-damage|p2a: Morpeko|0 fnt
|faint|p1a: KLOuFRENS
|faint|p2a: Morpeko
|
|upkeep
|
|t:|1758303017
|switch|p1a: BOKeTE|Exeggutor-Alola, F|88/100
|switch|p2a: Sinistcha|Sinistcha-Masterpiece|100/100
|-damage|p2a: Sinistcha|88/100|[from] Stealth Rock
|turn|7
|
|t:|1758303025
|move|p2a: Sinistcha|Hex|p1a: BOKeTE
|-damage|p1a: BOKeTE|25/100
|-enditem|p1a: BOKeTE|Sitrus Berry|[eat]
|-heal|p1a: BOKeTE|50/100|[from] item: Sitrus Berry
|move|p1a: BOKeTE|Substitute|p1a: BOKeTE
|-start|p1a: BOKeTE|Substitute
|-damage|p1a: BOKeTE|25/100
|
|-item|p1a: BOKeTE|Sitrus Berry|[from] ability: Harvest
|upkeep
|-enditem|p1a: BOKeTE|Sitrus Berry|[eat]
|-heal|p1a: BOKeTE|50/100|[from] item: Sitrus Berry
|turn|8
|
|t:|1758303032
|move|p2a: Sinistcha|Hex|p1a: BOKeTE
|-end|p1a: BOKeTE|Substitute
|move|p1a: BOKeTE|Wood Hammer|p2a: Sinistcha
|-resisted|p2a: Sinistcha
|-damage|p2a: Sinistcha|68/100
|-damage|p1a: BOKeTE|45/100|[from] Recoil
|
|-item|p1a: BOKeTE|Sitrus Berry|[from] ability: Harvest
|upkeep
|-enditem|p1a: BOKeTE|Sitrus Berry|[eat]
|-heal|p1a: BOKeTE|70/100|[from] item: Sitrus Berry
|turn|9
|
|t:|1758303040
|switch|p1a: DtMF|Comfey, M|100/100
|move|p2a: Sinistcha|Hex|p1a: DtMF
|-damage|p1a: DtMF|48/100
|
|upkeep
|turn|10
|
|t:|1758303044
|move|p1a: DtMF|Draining Kiss|p2a: Sinistcha
|-damage|p2a: Sinistcha|42/100
|-heal|p1a: DtMF|70/100|[from] drain|[of] p2a: Sinistcha
|move|p2a: Sinistcha|Hex|p1a: DtMF
|-damage|p1a: DtMF|13/100
|
|upkeep
|turn|11
|
|t:|1758303049
|move|p1a: DtMF|Draining Kiss|p2a: Sinistcha
|-damage|p2a: Sinistcha|16/100
|-heal|p1a: DtMF|35/100|[from] drain|[of] p2a: Sinistcha
|move|p2a: Sinistcha|Hex|p1a: DtMF
|-damage|p1a: DtMF|0 fnt
|faint|p1a: DtMF
|
|upkeep
|
|t:|1758303053
|switch|p1a: ELCLuB|Cinderace, M|100/100
|turn|12
|
|t:|1758303058
|move|p1a: ELCLuB|U-turn|p2a: Sinistcha
|-start|p1a: ELCLuB|typechange|Bug|[from] ability: Libero
|-damage|p2a: Sinistcha|0 fnt
|faint|p2a: Sinistcha
|
|t:|1758303061
|switch|p1a: TURiSTA|Palossand, F|100/100|[from] U-turn
|
|upkeep
|
|t:|1758303071
|switch|p2a: Dragapult|Dragapult, M|100/100
|-damage|p2a: Dragapult|88/100|[from] Stealth Rock
|turn|13
|
|t:|1758303079
|move|p2a: Dragapult|Confuse Ray|p1a: TURiSTA
|-start|p1a: TURiSTA|confusion
|-activate|p1a: TURiSTA|confusion
|move|p1a: TURiSTA|Amnesia|p1a: TURiSTA
|-boost|p1a: TURiSTA|spd|2
|
|upkeep
|turn|14
|
|t:|1758303088
|move|p2a: Dragapult|Hex|p1a: TURiSTA
|-supereffective|p1a: TURiSTA
|-damage|p1a: TURiSTA|73/100
|-enditem|p1a: TURiSTA|Weakness Policy
|-boost|p1a: TURiSTA|atk|2|[from] item: Weakness Policy
|-boost|p1a: TURiSTA|spa|2|[from] item: Weakness Policy
|-end|p1a: TURiSTA|confusion
|move|p1a: TURiSTA|Shore Up|p1a: TURiSTA
|-heal|p1a: TURiSTA|100/100
|
|upkeep
|turn|15
|
|t:|1758303093
|move|p2a: Dragapult|Confuse Ray|p1a: TURiSTA
|-start|p1a: TURiSTA|confusion
|-activate|p1a: TURiSTA|confusion
|move|p1a: TURiSTA|Shadow Ball|p2a: Dragapult
|-supereffective|p2a: Dragapult
|-damage|p2a: Dragapult|0 fnt
|faint|p2a: Dragapult
|
|upkeep
|
|t:|1758303099
|switch|p2a: Blaziken|Blaziken, F|100/100
|-damage|p2a: Blaziken|88/100|[from] Stealth Rock
|turn|16
|
|t:|1758303113
|move|p2a: Blaziken|Flare Blitz|p1a: TURiSTA
|-damage|p1a: TURiSTA|45/100
|-damage|p2a: Blaziken|65/100|[from] Recoil
|-activate|p1a: TURiSTA|confusion
|move|p1a: TURiSTA|Shadow Ball|p2a: Blaziken
|-damage|p2a: Blaziken|0 fnt
|faint|p2a: Blaziken
|
|upkeep
|
|t:|1758303116
|switch|p2a: Garganacl|Garganacl, M|100/100
|-damage|p2a: Garganacl|88/100|[from] Stealth Rock
|turn|17
|
|t:|1758303120
|move|p2a: Garganacl|Salt Cure|p1a: TURiSTA
|-resisted|p1a: TURiSTA
|-damage|p1a: TURiSTA|39/100
|-start|p1a: TURiSTA|Salt Cure
|-activate|p1a: TURiSTA|confusion
|move|p1a: TURiSTA|Giga Drain|p2a: Garganacl
|-supereffective|p2a: Garganacl
|-damage|p2a: Garganacl|0 fnt
|-heal|p1a: TURiSTA|86/100|[from] drain|[of] p2a: Garganacl
|faint|p2a: Garganacl
|
|-damage|p1a: TURiSTA|74/100|[from] Salt Cure
|upkeep
|
|t:|1758303124
|switch|p2a: Something|Garchomp, M|100/100
|-damage|p2a: Something|94/100|[from] Stealth Rock
|turn|18
|
|t:|1758303129
|move|p2a: Something|Swords Dance|p2a: Something
|-boost|p2a: Something|atk|2
|-activate|p1a: TURiSTA|confusion
|move|p1a: TURiSTA|Giga Drain|p2a: Something
|-damage|p2a: Something|45/100
|-heal|p1a: TURiSTA|98/100|[from] drain|[of] p2a: Something
|
|-heal|p2a: Something|51/100|[from] item: Leftovers
|-damage|p1a: TURiSTA|86/100|[from] Salt Cure
|upkeep
|turn|19
|
|t:|1758303134
|move|p2a: Something|Earthquake|p1a: TURiSTA
|-damage|p1a: TURiSTA|4/100
|-end|p1a: TURiSTA|confusion
|move|p1a: TURiSTA|Shadow Ball|p2a: Something
|-damage|p2a: Something|0 fnt
|faint|p2a: Something
|
|win|whichjuanz
|raw|whichjuanz's rating: 1218 &rarr; <strong>1245</strong><br />(+27 for winning)
|raw|Avl2121's rating: 1241 &rarr; <strong>1214</strong><br />(-27 for losing)
|l|☆Avl2121
|player|p2|
|l|☆whichjuanz
|player|p1|
