|j|☆pipotron
|j|☆KingKaido107
|t:|1758332502
|gametype|singles
|player|p1|pipotron|170|1599
|player|p2|KingKaido107|dragontamer-gen6|1648
|gen|9
|tier|[Gen 9] OU
|rated|
|rule|HP Percentage Mod: HP is shown in percentages
|rule|Endless Battle Clause: Forcing endless battles is banned
|rule|Species Clause: Limit one of each Pokémon
|rule|OHKO Clause: OHKO moves are banned
|rule|Evasion Items Clause: Evasion items are banned
|rule|Evasion Moves Clause: Evasion moves are banned
|rule|Evasion Abilities Clause: Evasion abilities are banned
|rule|Sleep Moves Clause: Sleep-inducing moves are banned
|clearpoke
|poke|p1|Kyurem|
|poke|p1|Hitmontop, M|
|poke|p1|Araquanid, F|
|poke|p1|Landorus-Therian, M|
|poke|p1|Raging Bolt|
|poke|p1|Sinistcha|
|poke|p2|Slowking-Galar, F|
|poke|p2|Kyurem|
|poke|p2|Cinderace, M|
|poke|p2|Tornadus-Therian, M|
|poke|p2|Hydrapple, F|
|poke|p2|Kingambit, F|
|teampreview
|inactive|Battle timer is ON: inactive players will automatically lose when time's up. (requested by KingKaido107)
|inactive|pipotron has 120 seconds left.
|
|t:|1758332535
|teamsize|p1|6
|teamsize|p2|6
|start
|switch|p1a: Araquanid|Araquanid, F|100/100
|switch|p2a: Depressed Drunk|Slowking-Galar, F|100/100
|turn|1
|j| Frank Ocean Fanboy
|
|t:|1758332559
|move|p1a: Araquanid|Sticky Web|p2a: Depressed Drunk
|-sidestart|p2: KingKaido107|move: Sticky Web
|move|p2a: Depressed Drunk|Sludge Bomb|p1a: Araquanid
|-damage|p1a: Araquanid|74/100
|-status|p1a: Araquanid|psn
|
|-damage|p1a: Araquanid|61/100 psn|[from] psn
|upkeep
|turn|2
|
|t:|1758332577
|move|p1a: Araquanid|Surf|p2a: Depressed Drunk
|-damage|p2a: Depressed Drunk|59/100
|-prepare|p2a: Depressed Drunk|Chilly Reception|[premajor]
|move|p2a: Depressed Drunk|Chilly Reception|p2a: Depressed Drunk
|-weather|Snowscape
|
|t:|1758332581
|switch|p2a: Ragnaraku|Kyurem|100/100|[from] Chilly Reception
|-activate|p2a: Ragnaraku|move: Sticky Web
|-unboost|p2a: Ragnaraku|spe|1
|-ability|p2a: Ragnaraku|Pressure
|
|-weather|Snowscape|[upkeep]
|-damage|p1a: Araquanid|49/100 psn|[from] psn
|upkeep
|turn|3
|inactive|pipotron has 120 seconds left.
|
|t:|1758332629
|move|p2a: Ragnaraku|Freeze-Dry|p1a: Araquanid
|-supereffective|p1a: Araquanid
|-damage|p1a: Araquanid|0 fnt
|faint|p1a: Araquanid
|
|-weather|Snowscape|[upkeep]
|upkeep
|
|t:|1758332633
|switch|p1a: Raging Bolt|Raging Bolt|100/100
|-enditem|p1a: Raging Bolt|Booster Energy
|-activate|p1a: Raging Bolt|ability: Protosynthesis|[fromitem]
|-start|p1a: Raging Bolt|protosynthesisspa
|turn|4
|
|t:|1758332645
|-terastallize|p2a: Ragnaraku|Ice
|move|p1a: Raging Bolt|Dragon Pulse|p2a: Ragnaraku
|-damage|p2a: Ragnaraku|42/100
|move|p2a: Ragnaraku|Freeze-Dry|p1a: Raging Bolt
|-supereffective|p1a: Raging Bolt
|-damage|p1a: Raging Bolt|0 fnt
|faint|p1a: Raging Bolt
|-end|p1a: Raging Bolt|Protosynthesis|[silent]
|
|-weather|Snowscape|[upkeep]
|upkeep
|inactive|pipotron has 120 seconds left.
|
|t:|1758332665
|switch|p1a: Kyurem|Kyurem|100/100
|-ability|p1a: Kyurem|Pressure
|turn|5
|
|t:|1758332670
|move|p1a: Kyurem|Scale Shot|p2a: Ragnaraku
|-damage|p2a: Ragnaraku|33/100
|-damage|p2a: Ragnaraku|25/100
|-damage|p2a: Ragnaraku|16/100
|-damage|p2a: Ragnaraku|7/100
|-damage|p2a: Ragnaraku|0 fnt
|faint|p2a: Ragnaraku
|-hitcount|p2: Ragnaraku|5
|-unboost|p1a: Kyurem|def|1
|-boost|p1a: Kyurem|spe|1
|
|-weather|Snowscape|[upkeep]
|upkeep
|
|t:|1758332684
|switch|p2a: Depressed Drunk|Slowking-Galar, F|92/100
|-activate|p2a: Depressed Drunk|move: Sticky Web
|-unboost|p2a: Depressed Drunk|spe|1
|turn|6
|
|t:|1758332691
|switch|p1a: Landorus|Landorus-Therian, M|100/100
|-ability|p1a: Landorus|Intimidate|boost
|-unboost|p2a: Depressed Drunk|atk|1
|move|p2a: Depressed Drunk|Sludge Bomb|p1a: Landorus
|-resisted|p1a: Landorus
|-damage|p1a: Landorus|76/100
|
|-weather|none
|upkeep
|turn|7
|inactive|pipotron has 120 seconds left.
|
|t:|1758332717
|move|p1a: Landorus|Earthquake|p2a: Depressed Drunk
|-supereffective|p2a: Depressed Drunk
|-crit|p2a: Depressed Drunk
|-damage|p2a: Depressed Drunk|0 fnt
|faint|p2a: Depressed Drunk
|
|upkeep
|
|t:|1758332732
|switch|p2a: Boro Breath|Cinderace, M|100/100
|turn|8
|inactive|pipotron has 120 seconds left.
|
|t:|1758332744
|move|p2a: Boro Breath|Court Change|p2a: Boro Breath
|-start|p2a: Boro Breath|typechange|Normal|[from] ability: Libero
|-swapsideconditions
|-activate|p2a: Boro Breath|move: Court Change
|move|p1a: Landorus|Earth Power|p2a: Boro Breath
|-damage|p2a: Boro Breath|38/100
|
|upkeep
|turn|9
|inactive|pipotron has 120 seconds left.
|l| Frank Ocean Fanboy
|
|t:|1758332755
|move|p2a: Boro Breath|Pyro Ball|p1a: Landorus
|-damage|p1a: Landorus|34/100
|move|p1a: Landorus|U-turn|p2a: Boro Breath
|-damage|p2a: Boro Breath|7/100
|
|t:|1758332758
|switch|p1a: Hitmontop|Hitmontop, M|100/100|[from] U-turn
|-activate|p1a: Hitmontop|move: Sticky Web
|-unboost|p1a: Hitmontop|spe|1
|-ability|p1a: Hitmontop|Intimidate|boost
|-unboost|p2a: Boro Breath|atk|1
|
|upkeep
|turn|10
|
|t:|1758332760
|switch|p2a: Thieving Drunk|Tornadus-Therian, M|100/100
|move|p1a: Hitmontop|Rapid Spin|p2a: Thieving Drunk
|-damage|p2a: Thieving Drunk|82/100
|-boost|p1a: Hitmontop|spe|1
|-sideend|p1: pipotron|Sticky Web|[from] move: Rapid Spin|[of] p1a: Hitmontop
|
|upkeep
|turn|11
|
|t:|1758332763
|move|p2a: Thieving Drunk|Bleakwind Storm|p1a: Hitmontop
|-supereffective|p1a: Hitmontop
|-damage|p1a: Hitmontop|17/100
|move|p1a: Hitmontop|Triple Axel|p2a: Thieving Drunk
|-supereffective|p2a: Thieving Drunk
|-damage|p2a: Thieving Drunk|66/100
|-supereffective|p2a: Thieving Drunk
|-damage|p2a: Thieving Drunk|34/100
|-supereffective|p2a: Thieving Drunk
|-damage|p2a: Thieving Drunk|0 fnt
|faint|p2a: Thieving Drunk
|-hitcount|p2: Thieving Drunk|3
|
|-heal|p1a: Hitmontop|23/100|[from] item: Leftovers
|upkeep
|
|t:|1758332767
|switch|p2a: Laughing Drunk|Hydrapple, F|100/100
|turn|12
|
|t:|1758332769
|move|p1a: Hitmontop|Triple Axel|p2a: Laughing Drunk
|-supereffective|p2a: Laughing Drunk
|-damage|p2a: Laughing Drunk|85/100
|-damage|p1a: Hitmontop|6/100|[from] item: Rocky Helmet|[of] p2a: Laughing Drunk
|-supereffective|p2a: Laughing Drunk
|-damage|p2a: Laughing Drunk|58/100
|-damage|p1a: Hitmontop|0 fnt|[from] item: Rocky Helmet|[of] p2a: Laughing Drunk
|faint|p1a: Hitmontop
|-hitcount|p2a: Laughing Drunk|2
|move|p2a: Laughing Drunk|Giga Drain|p1: Hitmontop|[notarget]
|-fail|p2a: Laughing Drunk
|
|upkeep
|
|t:|1758332773
|switch|p1a: Kyurem|Kyurem|100/100
|-ability|p1a: Kyurem|Pressure
|turn|13
|
|t:|1758332775
|move|p1a: Kyurem|Icicle Spear|p2a: Laughing Drunk
|-supereffective|p2a: Laughing Drunk
|-crit|p2a: Laughing Drunk
|-damage|p2a: Laughing Drunk|11/100
|-supereffective|p2a: Laughing Drunk
|-damage|p2a: Laughing Drunk|0 fnt
|faint|p2a: Laughing Drunk
|-hitcount|p2: Laughing Drunk|2
|
|upkeep
|
|t:|1758332777
|switch|p2a: Boro Breath|Cinderace, M|7/100
|turn|14
|
|t:|1758332780
|-terastallize|p1a: Kyurem|Fire
|move|p2a: Boro Breath|Pyro Ball|p1a: Kyurem
|-resisted|p1a: Kyurem
|-damage|p1a: Kyurem|74/100
|move|p1a: Kyurem|Dragon Dance|p1a: Kyurem
|-boost|p1a: Kyurem|atk|1
|-boost|p1a: Kyurem|spe|1
|
|upkeep
|turn|15
|
|t:|1758332782
|move|p1a: Kyurem|Icicle Spear|p2a: Boro Breath
|-resisted|p2a: Boro Breath
|-damage|p2a: Boro Breath|0 fnt
|faint|p2a: Boro Breath
|-hitcount|p2: Boro Breath|1
|
|upkeep
|
|t:|1758332784
|switch|p2a: Raging Drunk|Kingambit, F|100/100
|-activate|p2a: Raging Drunk|ability: Supreme Overlord
|-start|p2a: Raging Drunk|fallen5|[silent]
|turn|16
|
|t:|1758332786
|move|p2a: Raging Drunk|Sucker Punch|p1a: Kyurem
|-damage|p1a: Kyurem|6/100
|move|p1a: Kyurem|Tera Blast|p2a: Raging Drunk|[anim] Tera Blast Fire
|-supereffective|p2a: Raging Drunk
|-damage|p2a: Raging Drunk|0 fnt
|faint|p2a: Raging Drunk
|-end|p2a: Raging Drunk|fallen5|[silent]
|
|win|pipotron
|raw|pipotron's rating: 1599 &rarr; <strong>1622</strong><br />(+23 for winning)
|raw|KingKaido107's rating: 1648 &rarr; <strong>1625</strong><br />(-23 for losing)
|l|☆KingKaido107
|player|p2|
|l|☆pipotron
|player|p1|
