|j|☆jsd717
|j|‽jimola
|t:|1758373524
|gametype|singles
|player|p1|jsd717|gambler|1539
|player|p2|jimola|170|1611
|gen|9
|tier|[Gen 9] OU
|rated|
|rule|HP Percentage Mod: HP is shown in percentages
|rule|Endless Battle Clause: Forcing endless battles is banned
|rule|Species Clause: Limit one of each Pokémon
|rule|OHKO Clause: OHKO moves are banned
|rule|Evasion Items Clause: Evasion items are banned
|rule|Evasion Moves Clause: Evasion moves are banned
|rule|Evasion Abilities Clause: Evasion abilities are banned
|rule|Sleep Moves Clause: Sleep-inducing moves are banned
|clearpoke
|poke|p1|Gholdengo|
|poke|p1|Scizor, M|
|poke|p1|Quaquaval, F|
|poke|p1|Dragonite, M|
|poke|p1|Ting-Lu|
|poke|p1|Sinistcha|
|poke|p2|Great Tusk|
|poke|p2|Thundurus-Therian, M|
|poke|p2|Ribombee, F|
|poke|p2|Raging Bolt|
|poke|p2|Gholdengo|
|poke|p2|Infernape, F|
|teampreview
|
|t:|1758373558
|teamsize|p1|6
|teamsize|p2|6
|start
|switch|p1a: OG|Scizor, M|100/100
|switch|p2a: Ribombee|Ribombee, F|100/100
|turn|1
|
|t:|1758373569
|move|p1a: OG|Bullet Punch|p2a: Ribombee
|-supereffective|p2a: Ribombee
|-enditem|p2a: Ribombee|Focus Sash
|-damage|p2a: Ribombee|1/100
|move|p2a: Ribombee|Sticky Web|p1a: OG
|-sidestart|p1: jsd717|move: Sticky Web
|
|upkeep
|turn|2
|
|t:|1758373578
|move|p1a: OG|Bullet Punch|p2a: Ribombee
|-supereffective|p2a: Ribombee
|-damage|p2a: Ribombee|0 fnt
|faint|p2a: Ribombee
|
|upkeep
|
|t:|1758373587
|switch|p2a: Infernape|Infernape, F|100/100
|turn|3
|
|t:|1758373602
|switch|p1a: Rajah|Quaquaval, F|100/100
|move|p2a: Infernape|Overheat|p1a: Rajah
|-resisted|p1a: Rajah
|-damage|p1a: Rajah|67/100
|-unboost|p2a: Infernape|spa|2
|
|upkeep
|turn|4
|
|t:|1758373621
|move|p2a: Infernape|Close Combat|p1a: Rajah
|-damage|p1a: Rajah|0 fnt
|-unboost|p2a: Infernape|def|1
|-unboost|p2a: Infernape|spd|1
|faint|p1a: Rajah
|
|upkeep
|
|t:|1758373633
|switch|p1a: Tea Ceremony|Sinistcha|100/100
|turn|5
|
|t:|1758373640
|move|p2a: Infernape|Knock Off|p1a: Tea Ceremony
|-supereffective|p1a: Tea Ceremony
|-damage|p1a: Tea Ceremony|59/100
|-enditem|p1a: Tea Ceremony|Heavy-Duty Boots|[from] move: Knock Off|[of] p2a: Infernape
|move|p1a: Tea Ceremony|Strength Sap|p2a: Infernape
|-unboost|p2a: Infernape|atk|1
|-heal|p1a: Tea Ceremony|100/100
|
|upkeep
|turn|6
|
|t:|1758373664
|switch|p2a: Raging Bolt|Raging Bolt|100/100
|-enditem|p2a: Raging Bolt|Booster Energy
|-activate|p2a: Raging Bolt|ability: Protosynthesis|[fromitem]
|-start|p2a: Raging Bolt|protosynthesisspa
|move|p1a: Tea Ceremony|Calm Mind|p1a: Tea Ceremony
|-boost|p1a: Tea Ceremony|spa|1
|-boost|p1a: Tea Ceremony|spd|1
|
|upkeep
|turn|7
|
|t:|1758373688
|switch|p1a: Neck Pain|Ting-Lu, shiny|100/100
|-activate|p1a: Neck Pain|move: Sticky Web
|-unboost|p1a: Neck Pain|spe|1
|-ability|p1a: Neck Pain|Vessel of Ruin
|move|p2a: Raging Bolt|Calm Mind|p2a: Raging Bolt
|-boost|p2a: Raging Bolt|spa|1
|-boost|p2a: Raging Bolt|spd|1
|
|upkeep
|turn|8
|
|t:|1758373702
|move|p2a: Raging Bolt|Dragon Pulse|p1a: Neck Pain
|-damage|p1a: Neck Pain|63/100
|move|p1a: Neck Pain|Whirlwind|p2a: Raging Bolt
|-end|p2a: Raging Bolt|Protosynthesis|[silent]
|drag|p2a: Thundurus|Thundurus-Therian, M|100/100
|
|-heal|p1a: Neck Pain|69/100|[from] item: Leftovers
|upkeep
|turn|9
|
|t:|1758373719
|move|p2a: Thundurus|Grass Knot|p1a: Neck Pain
|-supereffective|p1a: Neck Pain
|-damage|p1a: Neck Pain|31/100
|move|p1a: Neck Pain|Ruination|p2a: Thundurus
|-damage|p2a: Thundurus|51/100
|
|-heal|p1a: Neck Pain|38/100|[from] item: Leftovers
|upkeep
|turn|10
|
|t:|1758373732
|switch|p1a: Tea Ceremony|Sinistcha|100/100
|-activate|p1a: Tea Ceremony|move: Sticky Web
|-unboost|p1a: Tea Ceremony|spe|1
|move|p2a: Thundurus|Nasty Plot|p2a: Thundurus
|-boost|p2a: Thundurus|spa|2
|
|upkeep
|turn|11
|
|t:|1758373770
|move|p2a: Thundurus|Thunderbolt|p1a: Tea Ceremony
|-resisted|p1a: Tea Ceremony
|-damage|p1a: Tea Ceremony|44/100
|move|p1a: Tea Ceremony|Shadow Ball|p2a: Thundurus
|-damage|p2a: Thundurus|9/100
|
|upkeep
|turn|12
|
|t:|1758373779
|move|p2a: Thundurus|Thunderbolt|p1a: Tea Ceremony
|-resisted|p1a: Tea Ceremony
|-damage|p1a: Tea Ceremony|0 fnt
|faint|p1a: Tea Ceremony
|
|upkeep
|
|t:|1758373789
|switch|p1a: OG|Scizor, M|100/100
|-activate|p1a: OG|move: Sticky Web
|-unboost|p1a: OG|spe|1
|turn|13
|
|t:|1758373794
|move|p1a: OG|Bullet Punch|p2a: Thundurus
|-resisted|p2a: Thundurus
|-damage|p2a: Thundurus|0 fnt
|faint|p2a: Thundurus
|
|upkeep
|
|t:|1758373801
|switch|p2a: Infernape|Infernape, F|100/100
|turn|14
|
|t:|1758373806
|switch|p1a: Neck Pain|Ting-Lu, shiny|38/100
|-activate|p1a: Neck Pain|move: Sticky Web
|-unboost|p1a: Neck Pain|spe|1
|-ability|p1a: Neck Pain|Vessel of Ruin
|move|p2a: Infernape|Overheat|p1a: Neck Pain
|-crit|p1a: Neck Pain
|-damage|p1a: Neck Pain|4/100
|-unboost|p2a: Infernape|spa|2
|
|-heal|p1a: Neck Pain|11/100|[from] item: Leftovers
|upkeep
|turn|15
|
|t:|1758373830
|move|p2a: Infernape|Close Combat|p1a: Neck Pain
|-supereffective|p1a: Neck Pain
|-damage|p1a: Neck Pain|0 fnt
|-unboost|p2a: Infernape|def|1
|-unboost|p2a: Infernape|spd|1
|faint|p1a: Neck Pain
|
|upkeep
|
|t:|1758373836
|switch|p1a: Smile and Wave|Dragonite, M|100/100
|turn|16
|
|t:|1758373842
|move|p2a: Infernape|Knock Off|p1a: Smile and Wave
|-damage|p1a: Smile and Wave|83/100
|-enditem|p1a: Smile and Wave|Heavy-Duty Boots|[from] move: Knock Off|[of] p2a: Infernape
|move|p1a: Smile and Wave|Dragon Dance|p1a: Smile and Wave
|-boost|p1a: Smile and Wave|atk|1
|-boost|p1a: Smile and Wave|spe|1
|
|upkeep
|turn|17
|
|t:|1758373866
|switch|p2a: Gholdengo|Gholdengo|100/100
|-item|p2a: Gholdengo|Air Balloon
|move|p1a: Smile and Wave|Earthquake|p2a: Gholdengo
|-immune|p2a: Gholdengo
|
|upkeep
|turn|18
|
|t:|1758373892
|move|p1a: Smile and Wave|Ice Spinner|p2a: Gholdengo
|-resisted|p2a: Gholdengo
|-damage|p2a: Gholdengo|74/100
|-enditem|p2a: Gholdengo|Air Balloon
|move|p2a: Gholdengo|Make It Rain|p1a: Smile and Wave
|-damage|p1a: Smile and Wave|11/100
|-unboost|p2a: Gholdengo|spa|1
|
|upkeep
|turn|19
|
|t:|1758373902
|move|p1a: Smile and Wave|Earthquake|p2a: Gholdengo
|-supereffective|p2a: Gholdengo
|-damage|p2a: Gholdengo|0 fnt
|faint|p2a: Gholdengo
|
|upkeep
|
|t:|1758373921
|switch|p2a: Infernape|Infernape, F|100/100
|turn|20
|inactive|Battle timer is ON: inactive players will automatically lose when time's up. (requested by jsd717)
|
|t:|1758373925
|move|p1a: Smile and Wave|Earthquake|p2a: Infernape
|-supereffective|p2a: Infernape
|-enditem|p2a: Infernape|Focus Sash
|-damage|p2a: Infernape|1/100
|move|p2a: Infernape|Close Combat|p1a: Smile and Wave
|-resisted|p1a: Smile and Wave
|-damage|p1a: Smile and Wave|0 fnt
|-unboost|p2a: Infernape|def|1
|-unboost|p2a: Infernape|spd|1
|faint|p1a: Smile and Wave
|
|upkeep
|
|t:|1758373935
|switch|p1a: OG|Scizor, M|100/100
|-activate|p1a: OG|move: Sticky Web
|-unboost|p1a: OG|spe|1
|turn|21
|
|t:|1758373942
|move|p1a: OG|Bullet Punch|p2a: Infernape
|-resisted|p2a: Infernape
|-damage|p2a: Infernape|0 fnt
|faint|p2a: Infernape
|
|upkeep
|
|t:|1758373945
|switch|p2a: Raging Bolt|Raging Bolt|100/100
|turn|22
|
|t:|1758373948
|move|p1a: OG|Bullet Punch|p2a: Raging Bolt
|-resisted|p2a: Raging Bolt
|-damage|p2a: Raging Bolt|75/100
|move|p2a: Raging Bolt|Thunderbolt|p1a: OG
|-damage|p1a: OG|23/100
|
|upkeep
|turn|23
|
|t:|1758373961
|move|p1a: OG|Bullet Punch|p2a: Raging Bolt
|-resisted|p2a: Raging Bolt
|-damage|p2a: Raging Bolt|50/100
|move|p2a: Raging Bolt|Thunderbolt|p1a: OG
|-damage|p1a: OG|0 fnt
|faint|p1a: OG
|
|upkeep
|
|t:|1758373967
|switch|p1a: I go where she go|Gholdengo|100/100
|-activate|p1a: I go where she go|move: Sticky Web
|-unboost|p1a: I go where she go|spe|1
|turn|24
|
|t:|1758373986
|move|p2a: Raging Bolt|Thunderbolt|p1a: I go where she go
|-damage|p1a: I go where she go|39/100
|move|p1a: I go where she go|Nasty Plot|p1a: I go where she go
|-boost|p1a: I go where she go|spa|2
|
|upkeep
|turn|25
|c|☆jsd717|gg
|-message|jsd717 forfeited.
|
|win|jimola
|raw|jsd717's rating: 1539 &rarr; <strong>1523</strong><br />(-16 for losing)
|raw|jimola's rating: 1611 &rarr; <strong>1627</strong><br />(+16 for winning)
|l|☆jsd717
|player|p1|
|l|‽jimola
|player|p2|
