|j|☆ubgg
|j|☆Azunail
|t:|1758352198
|gametype|singles
|player|p1|ubgg|265|1338
|player|p2|Azunail|yellow|1331
|gen|9
|tier|[Gen 9] OU
|rated|
|rule|HP Percentage Mod: HP is shown in percentages
|rule|Endless Battle Clause: Forcing endless battles is banned
|rule|Species Clause: Limit one of each Pokémon
|rule|OHKO Clause: OHKO moves are banned
|rule|Evasion Items Clause: Evasion items are banned
|rule|Evasion Moves Clause: Evasion moves are banned
|rule|Evasion Abilities Clause: Evasion abilities are banned
|rule|Sleep Moves Clause: Sleep-inducing moves are banned
|clearpoke
|poke|p1|Kyurem|
|poke|p1|Slowking-Galar, F|
|poke|p1|Great Tusk|
|poke|p1|Dragonite, F|
|poke|p1|Moltres|
|poke|p1|Ogerpon-Wellspring, F|
|poke|p2|Ribombee, F|
|poke|p2|Cinderace, M|
|poke|p2|Serperior, M|
|poke|p2|Mimikyu, F|
|poke|p2|Dragapult, F|
|poke|p2|Bisharp, M|
|teampreview
|inactive|Battle timer is ON: inactive players will automatically lose when time's up. (requested by ubgg)
|
|t:|1758352232
|teamsize|p1|6
|teamsize|p2|6
|start
|switch|p1a: Great Tusk|Great Tusk|100/100
|switch|p2a: Ribombee|Ribombee, F|100/100
|turn|1
|
|t:|1758352240
|move|p2a: Ribombee|Sticky Web|p1a: Great Tusk
|-sidestart|p1: ubgg|move: Sticky Web
|move|p1a: Great Tusk|Rapid Spin|p2a: Ribombee
|-damage|p2a: Ribombee|72/100
|-boost|p1a: Great Tusk|spe|1
|-sideend|p1: ubgg|Sticky Web|[from] move: Rapid Spin|[of] p1a: Great Tusk
|
|upkeep
|turn|2
|
|t:|1758352259
|switch|p2a: Dragapult|Dragapult, F|100/100
|move|p1a: Great Tusk|Rapid Spin|p2a: Dragapult
|-immune|p2a: Dragapult
|
|upkeep
|turn|3
|
|t:|1758352264
|move|p2a: Dragapult|Hydro Pump|p1a: Great Tusk
|-supereffective|p1a: Great Tusk
|-damage|p1a: Great Tusk|27/100
|-damage|p2a: Dragapult|91/100|[from] item: Life Orb
|move|p1a: Great Tusk|Knock Off|p2a: Dragapult
|-supereffective|p2a: Dragapult
|-damage|p2a: Dragapult|14/100
|-enditem|p2a: Dragapult|Life Orb|[from] move: Knock Off|[of] p1a: Great Tusk
|
|-heal|p1a: Great Tusk|34/100|[from] item: Leftovers
|upkeep
|turn|4
|
|t:|1758352274
|-end|p1a: Great Tusk|Protosynthesis|[silent]
|switch|p1a: Slowking|Slowking-Galar, F|100/100
|move|p2a: Dragapult|Dragon Darts|p1a: Slowking
|-damage|p1a: Slowking|78/100
|-anim|p2a: Dragapult|Dragon Darts|p1a: Slowking
|-crit|p1a: Slowking
|-damage|p1a: Slowking|49/100
|
|upkeep
|turn|5
|
|t:|1758352284
|switch|p2a: Bisharp|Bisharp, M|100/100
|switch|p1a: Moltres|Moltres|100/100
|
|upkeep
|turn|6
|
|t:|1758352296
|switch|p2a: Cinderace|Cinderace, M|100/100
|move|p1a: Moltres|U-turn|p2a: Cinderace
|-resisted|p2a: Cinderace
|-damage|p2a: Cinderace|90/100
|
|t:|1758352301
|switch|p1a: Great Tusk|Great Tusk|34/100|[from] U-turn
|
|-heal|p1a: Great Tusk|40/100|[from] item: Leftovers
|upkeep
|turn|7
|
|t:|1758352312
|-end|p1a: Great Tusk|Protosynthesis|[silent]
|switch|p1a: Moltres|Moltres|100/100
|move|p2a: Cinderace|Will-O-Wisp|p1a: Moltres
|-immune|p1a: Moltres
|
|upkeep
|turn|8
|
|t:|1758352318
|move|p2a: Cinderace|U-turn|p1a: Moltres
|-resisted|p1a: Moltres
|-damage|p1a: Moltres|97/100
|
|t:|1758352321
|switch|p2a: Ribombee|Ribombee, F|72/100|[from] U-turn
|move|p1a: Moltres|U-turn|p2a: Ribombee
|-resisted|p2a: Ribombee
|-damage|p2a: Ribombee|58/100
|
|t:|1758352326
|switch|p1a: Great Tusk|Great Tusk|40/100|[from] U-turn
|
|-heal|p1a: Great Tusk|46/100|[from] item: Leftovers
|upkeep
|turn|9
|
|t:|1758352334
|-end|p1a: Great Tusk|Protosynthesis|[silent]
|switch|p1a: Moltres|Moltres|97/100
|move|p2a: Ribombee|Moonblast|p1a: Moltres
|-resisted|p1a: Moltres
|-crit|p1a: Moltres
|-damage|p1a: Moltres|66/100
|-unboost|p1a: Moltres|spa|1
|
|upkeep
|turn|10
|
|t:|1758352343
|move|p2a: Ribombee|Sticky Web|p1a: Moltres
|-sidestart|p1: ubgg|move: Sticky Web
|move|p1a: Moltres|Flamethrower|p2a: Ribombee
|-supereffective|p2a: Ribombee
|-damage|p2a: Ribombee|0 fnt
|faint|p2a: Ribombee
|
|upkeep
|
|t:|1758352349
|switch|p2a: Cinderace|Cinderace, M|90/100
|turn|11
|
|t:|1758352352
|move|p2a: Cinderace|Court Change|p2a: Cinderace
|-swapsideconditions
|-activate|p2a: Cinderace|move: Court Change
|move|p1a: Moltres|Roost|p1a: Moltres
|-heal|p1a: Moltres|100/100
|-singleturn|p1a: Moltres|move: Roost
|
|upkeep
|turn|12
|
|t:|1758352358
|move|p2a: Cinderace|U-turn|p1a: Moltres
|-resisted|p1a: Moltres
|-damage|p1a: Moltres|97/100
|
|t:|1758352360
|switch|p2a: Dragapult|Dragapult, F|14/100|[from] U-turn
|-activate|p2a: Dragapult|move: Sticky Web
|-fail|p2a: Dragapult|unboost|[from] ability: Clear Body|[of] p2a: Dragapult
|move|p1a: Moltres|U-turn|p2a: Dragapult
|-resisted|p2a: Dragapult
|-damage|p2a: Dragapult|5/100
|
|t:|1758352365
|switch|p1a: Great Tusk|Great Tusk|46/100|[from] U-turn
|
|-heal|p1a: Great Tusk|52/100|[from] item: Leftovers
|upkeep
|turn|13
|
|t:|1758352380
|-end|p1a: Great Tusk|Protosynthesis|[silent]
|switch|p1a: Slowking|Slowking-Galar, F|82/100
|move|p2a: Dragapult|Hydro Pump|p1a: Slowking
|-damage|p1a: Slowking|63/100
|
|upkeep
|turn|14
|
|t:|1758352390
|switch|p2a: Bisharp|Bisharp, M|100/100
|-activate|p2a: Bisharp|move: Sticky Web
|-unboost|p2a: Bisharp|spe|1
|-ability|p2a: Bisharp|Defiant|boost
|-boost|p2a: Bisharp|atk|2
|move|p1a: Slowking|Flamethrower|p2a: Bisharp
|-supereffective|p2a: Bisharp
|-damage|p2a: Bisharp|56/100
|
|upkeep
|turn|15
|
|t:|1758352401
|move|p2a: Bisharp|Throat Chop|p1a: Slowking
|-supereffective|p1a: Slowking
|-damage|p1a: Slowking|0 fnt
|faint|p1a: Slowking
|
|upkeep
|
|t:|1758352407
|switch|p1a: Dragonite|Dragonite, F|100/100
|turn|16
|
|t:|1758352415
|move|p1a: Dragonite|Earthquake|p2a: Bisharp
|-supereffective|p2a: Bisharp
|-damage|p2a: Bisharp|0 fnt
|faint|p2a: Bisharp
|
|upkeep
|
|t:|1758352420
|switch|p2a: Serperior|Serperior, M|100/100
|-activate|p2a: Serperior|move: Sticky Web
|-boost|p2a: Serperior|spe|1
|turn|17
|
|t:|1758352429
|switch|p1a: Moltres|Moltres|97/100
|move|p2a: Serperior|Leaf Storm|p1a: Moltres
|-resisted|p1a: Moltres
|-damage|p1a: Moltres|85/100
|-boost|p2a: Serperior|spa|2
|
|upkeep
|turn|18
|
|t:|1758352440
|-terastallize|p2a: Serperior|Fire
|move|p2a: Serperior|Leaf Storm|p1a: Moltres
|-resisted|p1a: Moltres
|-crit|p1a: Moltres
|-damage|p1a: Moltres|47/100
|-boost|p2a: Serperior|spa|2
|move|p1a: Moltres|Flamethrower|p2a: Serperior
|-resisted|p2a: Serperior
|-damage|p2a: Serperior|79/100
|
|-heal|p2a: Serperior|85/100|[from] item: Leftovers
|upkeep
|turn|19
|
|t:|1758352453
|move|p2a: Serperior|Substitute|p2a: Serperior
|-start|p2a: Serperior|Substitute
|-damage|p2a: Serperior|60/100
|move|p1a: Moltres|Roar|p2a: Serperior
|drag|p2a: Mimikyu|Mimikyu, F|100/100
|-activate|p2a: Mimikyu|move: Sticky Web
|-unboost|p2a: Mimikyu|spe|1
|
|upkeep
|turn|20
|
|t:|1758352460
|move|p1a: Moltres|Roost|p1a: Moltres
|-heal|p1a: Moltres|97/100
|-singleturn|p1a: Moltres|move: Roost
|move|p2a: Mimikyu|Shadow Claw|p1a: Moltres
|-crit|p1a: Moltres
|-damage|p1a: Moltres|66/100
|
|upkeep
|turn|21
|
|t:|1758352475
|move|p1a: Moltres|Flamethrower|p2a: Mimikyu
|-activate|p2a: Mimikyu|ability: Disguise
|-damage|p2a: Mimikyu|100/100
|detailschange|p2a: Mimikyu|Mimikyu-Busted, F
|-damage|p2a: Mimikyu|88/100|[from] pokemon: Mimikyu-Busted
|-enditem|p2a: Mimikyu|Red Card|[of] p1a: Moltres
|drag|p1a: Dragonite|Dragonite, F|100/100
|move|p2a: Mimikyu|Shadow Claw|p1a: Dragonite
|-damage|p1a: Dragonite|83/100
|
|upkeep
|turn|22
|
|t:|1758352484
|move|p1a: Dragonite|Earthquake|p2a: Mimikyu
|-damage|p2a: Mimikyu|2/100
|move|p2a: Mimikyu|Will-O-Wisp|p1a: Dragonite
|-status|p1a: Dragonite|brn
|
|-damage|p1a: Dragonite|77/100 brn|[from] brn
|upkeep
|turn|23
|
|t:|1758352489
|move|p1a: Dragonite|Earthquake|p2a: Mimikyu
|-damage|p2a: Mimikyu|0 fnt
|faint|p2a: Mimikyu
|
|-damage|p1a: Dragonite|71/100 brn|[from] brn
|upkeep
|
|t:|1758352495
|switch|p2a: Serperior|Serperior, M, tera:Fire|60/100
|-activate|p2a: Serperior|move: Sticky Web
|-boost|p2a: Serperior|spe|1
|turn|24
|
|t:|1758352500
|move|p2a: Serperior|Leaf Storm|p1a: Dragonite
|-resisted|p1a: Dragonite
|-damage|p1a: Dragonite|58/100 brn
|-boost|p2a: Serperior|spa|2
|move|p1a: Dragonite|Earthquake|p2a: Serperior
|-supereffective|p2a: Serperior
|-damage|p2a: Serperior|0 fnt
|faint|p2a: Serperior
|
|-damage|p1a: Dragonite|52/100 brn|[from] brn
|upkeep
|
|t:|1758352508
|switch|p2a: Dragapult|Dragapult, F|5/100
|-activate|p2a: Dragapult|move: Sticky Web
|-fail|p2a: Dragapult|unboost|[from] ability: Clear Body|[of] p2a: Dragapult
|turn|25
|
|t:|1758352524
|move|p2a: Dragapult|Dragon Darts|p1a: Dragonite
|-supereffective|p1a: Dragonite
|-damage|p1a: Dragonite|5/100 brn
|-anim|p2a: Dragapult|Dragon Darts|p1a: Dragonite
|-supereffective|p1a: Dragonite
|-damage|p1a: Dragonite|0 fnt
|faint|p1a: Dragonite
|
|upkeep
|
|t:|1758352526
|switch|p1a: Kyurem|Kyurem|100/100
|-ability|p1a: Kyurem|Pressure
|turn|26
|
|t:|1758352531
|switch|p2a: Cinderace|Cinderace, M|90/100
|-terastallize|p1a: Kyurem|Fairy
|move|p1a: Kyurem|Earth Power|p2a: Cinderace
|-supereffective|p2a: Cinderace
|-damage|p2a: Cinderace|0 fnt
|faint|p2a: Cinderace
|
|upkeep
|
|t:|1758352533
|switch|p2a: Dragapult|Dragapult, F|5/100
|-activate|p2a: Dragapult|move: Sticky Web
|-fail|p2a: Dragapult|unboost|[from] ability: Clear Body|[of] p2a: Dragapult
|turn|27
|
|t:|1758352537
|move|p2a: Dragapult|Hydro Pump|p1a: Kyurem
|-damage|p1a: Kyurem|71/100
|move|p1a: Kyurem|Earth Power|p2a: Dragapult
|-damage|p2a: Dragapult|0 fnt
|faint|p2a: Dragapult
|
|win|ubgg
|raw|ubgg's rating: 1338 &rarr; <strong>1358</strong><br />(+20 for winning)
|raw|Azunail's rating: 1331 &rarr; <strong>1311</strong><br />(-20 for losing)
|l|☆Azunail
|player|p2|
|l|☆ubgg
|player|p1|
