|j|☆Loudthump
|j|☆JesusSavedMe_04
|t:|1758312774
|gametype|singles
|player|p1|Loudthump|hiker-gen4|1131
|player|p2|JesusSavedMe_04|hilbert-wonderlauncher|1133
|gen|9
|tier|[Gen 9] OU
|rated|
|rule|HP Percentage Mod: HP is shown in percentages
|rule|Endless Battle Clause: Forcing endless battles is banned
|rule|Species Clause: Limit one of each Pokémon
|rule|OHKO Clause: OHKO moves are banned
|rule|Evasion Items Clause: Evasion items are banned
|rule|Evasion Moves Clause: Evasion moves are banned
|rule|Evasion Abilities Clause: Evasion abilities are banned
|rule|Sleep Moves Clause: Sleep-inducing moves are banned
|clearpoke
|poke|p1|Kingambit, F|
|poke|p1|Moltres|
|poke|p1|Dragapult, M|
|poke|p1|Deoxys-Speed|
|poke|p1|Ogerpon-Wellspring, F|
|poke|p1|Iron Treads|
|poke|p2|Ninetales-Alola, M|
|poke|p2|Deoxys-Speed|
|poke|p2|Ursaluna, M|
|poke|p2|Iron Valiant|
|poke|p2|Great Tusk|
|poke|p2|Dragapult, F|
|teampreview
|inactive|Battle timer is ON: inactive players will automatically lose when time's up. (requested by Loudthump)
|
|t:|1758312785
|teamsize|p1|6
|teamsize|p2|6
|start
|switch|p1a: Iron Treads|Iron Treads, shiny|100/100
|switch|p2a: Ninetales|Ninetales-Alola, M|100/100
|-weather|Snowscape|[from] ability: Snow Warning|[of] p2a: Ninetales
|turn|1
|
|t:|1758312801
|move|p2a: Ninetales|Aurora Veil|p2a: Ninetales
|-sidestart|p2: JesusSavedMe_04|move: Aurora Veil
|move|p1a: Iron Treads|Iron Head|p2a: Ninetales
|-supereffective|p2a: Ninetales
|-damage|p2a: Ninetales|43/100
|
|-weather|Snowscape|[upkeep]
|upkeep
|turn|2
|
|t:|1758312814
|move|p2a: Ninetales|Moonblast|p1a: Iron Treads
|-resisted|p1a: Iron Treads
|-damage|p1a: Iron Treads|91/100
|move|p1a: Iron Treads|Rapid Spin|p2a: Ninetales
|-damage|p2a: Ninetales|37/100
|-boost|p1a: Iron Treads|spe|1
|
|-weather|Snowscape|[upkeep]
|upkeep
|turn|3
|
|t:|1758312834
|switch|p2a: Ngolo|Great Tusk|100/100
|-enditem|p2a: Ngolo|Booster Energy
|-activate|p2a: Ngolo|ability: Protosynthesis|[fromitem]
|-start|p2a: Ngolo|protosynthesisatk
|move|p1a: Iron Treads|Iron Head|p2a: Ngolo
|-damage|p2a: Ngolo|88/100
|
|-weather|Snowscape|[upkeep]
|upkeep
|turn|4
|
|t:|1758312846
|-end|p1a: Iron Treads|Quark Drive|[silent]
|switch|p1a: Moltres|Moltres|100/100
|move|p2a: Ngolo|Headlong Rush|p1a: Moltres
|-immune|p1a: Moltres
|
|-weather|Snowscape|[upkeep]
|upkeep
|turn|5
|inactive|JesusSavedMe_04 has 120 seconds left.
|
|t:|1758312869
|-end|p2a: Ngolo|Protosynthesis|[silent]
|switch|p2a: Ursaluna|Ursaluna, M|100/100
|move|p1a: Moltres|Brave Bird|p2a: Ursaluna
|-damage|p2a: Ursaluna|84/100
|-damage|p1a: Moltres|93/100|[from] Recoil
|
|-weather|Snowscape|[upkeep]
|-sideend|p2: JesusSavedMe_04|move: Aurora Veil
|-status|p2a: Ursaluna|brn|[from] item: Flame Orb
|upkeep
|turn|6
|inactive|JesusSavedMe_04 has 120 seconds left.
|
|t:|1758312882
|move|p1a: Moltres|U-turn|p2a: Ursaluna
|-damage|p2a: Ursaluna|72/100 brn
|
|t:|1758312884
|switch|p1a: Ogerpon|Ogerpon-Wellspring, F|100/100|[from] U-turn
|move|p2a: Ursaluna|Swords Dance|p2a: Ursaluna
|-boost|p2a: Ursaluna|atk|2
|
|-weather|Snowscape|[upkeep]
|-damage|p2a: Ursaluna|66/100 brn|[from] brn
|upkeep
|turn|7
|inactive|JesusSavedMe_04 has 120 seconds left.
|
|t:|1758312900
|move|p1a: Ogerpon|Ivy Cudgel|p2a: Ursaluna|[anim] Ivy Cudgel Water
|-supereffective|p2a: Ursaluna
|-damage|p2a: Ursaluna|0 fnt
|faint|p2a: Ursaluna
|
|-weather|Snowscape|[upkeep]
|upkeep
|
|t:|1758312910
|switch|p2a: Dragapult|Dragapult, F|100/100
|turn|8
|
|t:|1758312915
|switch|p1a: Moltres|Moltres|93/100
|move|p2a: Dragapult|Draco Meteor|p1a: Moltres
|-damage|p1a: Moltres|0 fnt
|-unboost|p2a: Dragapult|spa|2
|faint|p1a: Moltres
|
|-weather|none
|upkeep
|
|t:|1758312920
|switch|p1a: Kingambit|Kingambit, F, shiny|100/100
|-activate|p1a: Kingambit|ability: Supreme Overlord
|-start|p1a: Kingambit|fallen1|[silent]
|turn|9
|
|t:|1758312933
|switch|p2a: Ninetales|Ninetales-Alola, M|37/100
|-weather|Snowscape|[from] ability: Snow Warning|[of] p2a: Ninetales
|move|p1a: Kingambit|Iron Head|p2a: Ninetales
|-supereffective|p2a: Ninetales
|-damage|p2a: Ninetales|0 fnt
|faint|p2a: Ninetales
|-damage|p1a: Kingambit|91/100|[from] item: Life Orb
|
|-weather|Snowscape|[upkeep]
|upkeep
|inactive|JesusSavedMe_04 has 120 seconds left.
|
|t:|1758312966
|switch|p2a: Ngolo|Great Tusk|88/100
|turn|10
|
|t:|1758312971
|-end|p1a: Kingambit|fallen1|[silent]
|switch|p1a: Ogerpon|Ogerpon-Wellspring, F|100/100
|move|p2a: Ngolo|Headlong Rush|p1a: Ogerpon
|-resisted|p1a: Ogerpon
|-damage|p1a: Ogerpon|59/100
|-unboost|p2a: Ngolo|def|1
|-unboost|p2a: Ngolo|spd|1
|
|-weather|Snowscape|[upkeep]
|upkeep
|turn|11
|inactive|JesusSavedMe_04 has 120 seconds left.
|
|t:|1758313000
|move|p1a: Ogerpon|Ivy Cudgel|p2a: Ngolo|[anim] Ivy Cudgel Water
|-supereffective|p2a: Ngolo
|-damage|p2a: Ngolo|0 fnt
|faint|p2a: Ngolo
|-end|p2a: Ngolo|Protosynthesis|[silent]
|
|-weather|Snowscape|[upkeep]
|upkeep
|
|t:|1758313008
|switch|p2a: Dragapult|Dragapult, F|100/100
|turn|12
|
|t:|1758313012
|switch|p1a: Iron Treads|Iron Treads, shiny|91/100
|move|p2a: Dragapult|Draco Meteor|p1a: Iron Treads
|-resisted|p1a: Iron Treads
|-damage|p1a: Iron Treads|62/100
|-unboost|p2a: Dragapult|spa|2
|
|-weather|Snowscape|[upkeep]
|upkeep
|turn|13
|inactive|JesusSavedMe_04 has 90 seconds left.
|
|t:|1758313059
|switch|p2a: Haaland|Iron Valiant|100/100
|-enditem|p2a: Haaland|Booster Energy
|-activate|p2a: Haaland|ability: Quark Drive|[fromitem]
|-start|p2a: Haaland|quarkdrivespe
|move|p1a: Iron Treads|Rapid Spin|p2a: Haaland
|-damage|p2a: Haaland|80/100
|-boost|p1a: Iron Treads|spe|1
|
|-weather|Snowscape|[upkeep]
|upkeep
|turn|14
|
|t:|1758313078
|-terastallize|p1a: Iron Treads|Flying
|move|p2a: Haaland|Calm Mind|p2a: Haaland
|-boost|p2a: Haaland|spa|1
|-boost|p2a: Haaland|spd|1
|move|p1a: Iron Treads|Iron Head|p2a: Haaland
|-supereffective|p2a: Haaland
|-damage|p2a: Haaland|0 fnt
|faint|p2a: Haaland
|-end|p2a: Haaland|Quark Drive|[silent]
|
|-weather|Snowscape|[upkeep]
|upkeep
|
|t:|1758313090
|switch|p2a: Dragapult|Dragapult, F|100/100
|turn|15
|
|t:|1758313095
|move|p2a: Dragapult|Draco Meteor|p1a: Iron Treads
|-damage|p1a: Iron Treads|6/100
|-unboost|p2a: Dragapult|spa|2
|move|p1a: Iron Treads|Ice Spinner|p2a: Dragapult
|-supereffective|p2a: Dragapult
|-damage|p2a: Dragapult|37/100
|
|-weather|Snowscape|[upkeep]
|upkeep
|turn|16
|
|t:|1758313105
|-end|p1a: Iron Treads|Quark Drive|[silent]
|switch|p1a: Deoxys|Deoxys-Speed|100/100
|-ability|p1a: Deoxys|Pressure
|move|p2a: Dragapult|Draco Meteor|p1a: Deoxys
|-crit|p1a: Deoxys
|-enditem|p1a: Deoxys|Focus Sash
|-damage|p1a: Deoxys|1/100
|-unboost|p2a: Dragapult|spa|2
|
|-weather|none
|upkeep
|turn|17
|
|t:|1758313118
|switch|p2a: Mbappé|Deoxys-Speed|100/100
|-ability|p2a: Mbappé|Pressure
|move|p1a: Deoxys|Psycho Boost|p2a: Mbappé
|-resisted|p2a: Mbappé
|-damage|p2a: Mbappé|61/100
|-unboost|p1a: Deoxys|spa|2
|
|upkeep
|turn|18
|
|t:|1758313131
|move|p2a: Mbappé|Knock Off|p1a: Deoxys
|-supereffective|p1a: Deoxys
|-damage|p1a: Deoxys|0 fnt
|faint|p1a: Deoxys
|
|upkeep
|
|t:|1758313138
|switch|p1a: Iron Treads|Iron Treads, shiny, tera:Flying|6/100
|turn|19
|inactive|JesusSavedMe_04 has 90 seconds left.
|
|t:|1758313145
|move|p2a: Mbappé|Knock Off|p1a: Iron Treads
|-damage|p1a: Iron Treads|0 fnt
|-enditem|p1a: Iron Treads|Assault Vest|[from] move: Knock Off|[of] p2a: Mbappé
|faint|p1a: Iron Treads
|-end|p1a: Iron Treads|Quark Drive|[silent]
|
|upkeep
|
|t:|1758313152
|switch|p1a: Ogerpon|Ogerpon-Wellspring, F|59/100
|turn|20
|inactive|JesusSavedMe_04 has 90 seconds left.
|
|t:|1758313193
|move|p2a: Mbappé|Psychic Noise|p1a: Ogerpon
|-damage|p1a: Ogerpon|31/100
|-start|p1a: Ogerpon|move: Heal Block
|move|p1a: Ogerpon|Ivy Cudgel|p2a: Mbappé|[anim] Ivy Cudgel Water
|-damage|p2a: Mbappé|0 fnt
|faint|p2a: Mbappé
|
|upkeep
|inactive|JesusSavedMe_04 has 60 seconds left.
|
|t:|1758313207
|switch|p2a: Dragapult|Dragapult, F|37/100
|turn|21
|
|t:|1758313212
|move|p2a: Dragapult|Shadow Ball|p1a: Ogerpon
|-damage|p1a: Ogerpon|0 fnt
|faint|p1a: Ogerpon
|
|upkeep
|
|t:|1758313232
|switch|p1a: Dragapult|Dragapult, M, shiny|100/100
|turn|22
|
|t:|1758313241
|-terastallize|p2a: Dragapult|Dragon
|move|p2a: Dragapult|Shadow Ball|p1a: Dragapult
|-supereffective|p1a: Dragapult
|-damage|p1a: Dragapult|0 fnt
|faint|p1a: Dragapult
|
|upkeep
|
|t:|1758313246
|switch|p1a: Kingambit|Kingambit, F, shiny|91/100
|-activate|p1a: Kingambit|ability: Supreme Overlord
|-start|p1a: Kingambit|fallen5|[silent]
|turn|23
|
|t:|1758313252
|move|p1a: Kingambit|Sucker Punch|p2a: Dragapult
|-damage|p2a: Dragapult|0 fnt
|faint|p2a: Dragapult
|-damage|p1a: Kingambit|81/100|[from] item: Life Orb
|
|win|Loudthump
|raw|Loudthump's rating: 1131 &rarr; <strong>1156</strong><br />(+25 for winning)
|raw|JesusSavedMe_04's rating: 1133 &rarr; <strong>1108</strong><br />(-25 for losing)
