|j|☆ReturnOfMX
|j|☆Dio_Eleutherios
|t:|1758340947
|gametype|singles
|player|p1|ReturnOfMX|2|1409
|player|p2|Dio_Eleutherios|parasollady|1391
|gen|9
|tier|[Gen 9] OU
|rated|
|rule|HP Percentage Mod: HP is shown in percentages
|rule|Endless Battle Clause: Forcing endless battles is banned
|rule|Species Clause: Limit one of each Pokémon
|rule|OHKO Clause: OHKO moves are banned
|rule|Evasion Items Clause: Evasion items are banned
|rule|Evasion Moves Clause: Evasion moves are banned
|rule|Evasion Abilities Clause: Evasion abilities are banned
|rule|Sleep Moves Clause: Sleep-inducing moves are banned
|clearpoke
|poke|p1|Pelipper, F|
|poke|p1|Tornadus-Therian, M|
|poke|p1|Barraskewda, M|
|poke|p1|Iron Treads|
|poke|p1|Raging Bolt|
|poke|p1|Overqwil, M|
|poke|p2|Dragonite, F|
|poke|p2|Gholdengo|
|poke|p2|Great Tusk|
|poke|p2|Garganacl, F|
|poke|p2|Alomomola, M|
|poke|p2|Raging Bolt|
|teampreview
|inactive|Battle timer is ON: inactive players will automatically lose when time's up. (requested by Dio_Eleutherios)
|
|t:|1758340998
|teamsize|p1|6
|teamsize|p2|6
|start
|switch|p1a: Overqwil|Overqwil, M|100/100
|switch|p2a: Raging Bolt|Raging Bolt|100/100
|turn|1
|
|t:|1758341023
|switch|p1a: Iron Treads|Iron Treads|100/100
|move|p2a: Raging Bolt|Dragon Pulse|p1a: Iron Treads
|-resisted|p1a: Iron Treads
|-damage|p1a: Iron Treads|68/100
|
|-heal|p1a: Iron Treads|74/100|[from] item: Leftovers
|upkeep
|turn|2
|
|t:|1758341028
|-end|p2a: Raging Bolt|Protosynthesis|[silent]
|switch|p2a: Alomomola|Alomomola, M|100/100
|move|p1a: Iron Treads|Stealth Rock|p2a: Alomomola
|-sidestart|p2: Dio_Eleutherios|move: Stealth Rock
|
|-heal|p1a: Iron Treads|80/100|[from] item: Leftovers
|upkeep
|turn|3
|
|t:|1758341034
|move|p1a: Iron Treads|Knock Off|p2a: Alomomola
|-damage|p2a: Alomomola|87/100
|-enditem|p2a: Alomomola|Heavy-Duty Boots|[from] move: Knock Off|[of] p1a: Iron Treads
|move|p2a: Alomomola|Flip Turn|p1a: Iron Treads
|-supereffective|p1a: Iron Treads
|-damage|p1a: Iron Treads|53/100
|
|t:|1758341039
|switch|p2a: Dragonite|Dragonite, F|100/100|[from] Flip Turn
|
|-heal|p1a: Iron Treads|59/100|[from] item: Leftovers
|upkeep
|turn|4
|
|t:|1758341048
|-end|p1a: Iron Treads|Quark Drive|[silent]
|switch|p1a: Pelipper|Pelipper, F|100/100
|-weather|RainDance|[from] ability: Drizzle|[of] p1a: Pelipper
|move|p2a: Dragonite|Earthquake|p1a: Pelipper
|-immune|p1a: Pelipper
|
|-weather|RainDance|[upkeep]
|upkeep
|turn|5
|
|t:|1758341061
|switch|p2a: Raging Bolt|Raging Bolt|100/100
|-damage|p2a: Raging Bolt|88/100|[from] Stealth Rock
|move|p1a: Pelipper|Hurricane|p2a: Raging Bolt
|-resisted|p2a: Raging Bolt
|-damage|p2a: Raging Bolt|71/100
|
|-weather|RainDance|[upkeep]
|upkeep
|turn|6
|
|t:|1758341080
|switch|p1a: Iron Treads|Iron Treads|59/100
|move|p2a: Raging Bolt|Volt Switch|p1a: Iron Treads
|-immune|p1a: Iron Treads
|
|-weather|RainDance|[upkeep]
|-heal|p1a: Iron Treads|65/100|[from] item: Leftovers
|upkeep
|turn|7
|
|t:|1758341095
|-end|p2a: Raging Bolt|Protosynthesis|[silent]
|switch|p2a: Alomomola|Alomomola, M|100/100
|-damage|p2a: Alomomola|88/100|[from] Stealth Rock
|-end|p1a: Iron Treads|Quark Drive|[silent]
|switch|p1a: Raging Bolt|Raging Bolt|100/100
|-enditem|p1a: Raging Bolt|Booster Energy
|-activate|p1a: Raging Bolt|ability: Protosynthesis|[fromitem]
|-start|p1a: Raging Bolt|protosynthesisspa
|
|-weather|RainDance|[upkeep]
|upkeep
|turn|8
|
|t:|1758341102
|move|p2a: Alomomola|Protect|p2a: Alomomola
|-singleturn|p2a: Alomomola|Protect
|move|p1a: Raging Bolt|Dragon Pulse|p2a: Alomomola
|-activate|p2a: Alomomola|move: Protect
|
|-weather|RainDance|[upkeep]
|upkeep
|turn|9
|
|t:|1758341110
|move|p1a: Raging Bolt|Thunder|p2a: Alomomola
|-supereffective|p2a: Alomomola
|-damage|p2a: Alomomola|0 fnt
|faint|p2a: Alomomola
|
|-weather|RainDance|[upkeep]
|upkeep
|
|t:|1758341116
|switch|p2a: Garganacl|Garganacl, F|100/100
|-damage|p2a: Garganacl|88/100|[from] Stealth Rock
|turn|10
|inactive|ReturnOfMX has 120 seconds left.
|
|t:|1758341147
|-terastallize|p2a: Garganacl|Fairy
|move|p1a: Raging Bolt|Thunder|p2a: Garganacl
|-damage|p2a: Garganacl|30/100
|move|p2a: Garganacl|Salt Cure|p1a: Raging Bolt
|-damage|p1a: Raging Bolt|89/100
|-start|p1a: Raging Bolt|Salt Cure
|
|-weather|RainDance|[upkeep]
|-heal|p2a: Garganacl|36/100|[from] item: Leftovers
|-damage|p1a: Raging Bolt|76/100|[from] Salt Cure
|upkeep
|turn|11
|
|t:|1758341154
|move|p2a: Garganacl|Protect|p2a: Garganacl
|-singleturn|p2a: Garganacl|Protect
|move|p1a: Raging Bolt|Volt Switch|p2a: Garganacl
|-activate|p2a: Garganacl|move: Protect
|
|-weather|none
|-heal|p2a: Garganacl|42/100|[from] item: Leftovers
|-damage|p1a: Raging Bolt|64/100|[from] Salt Cure
|upkeep
|turn|12
|
|t:|1758341164
|switch|p2a: Great Tusk|Great Tusk|100/100
|move|p1a: Raging Bolt|Thunder|p2a: Great Tusk
|-immune|p2a: Great Tusk
|
|-damage|p1a: Raging Bolt|52/100|[from] Salt Cure
|upkeep
|turn|13
|
|t:|1758341168
|-end|p1a: Raging Bolt|Protosynthesis|[silent]
|switch|p1a: Pelipper|Pelipper, F|100/100
|-weather|RainDance|[from] ability: Drizzle|[of] p1a: Pelipper
|move|p2a: Great Tusk|Knock Off|p1a: Pelipper
|-damage|p1a: Pelipper|75/100
|-enditem|p1a: Pelipper|Damp Rock|[from] move: Knock Off|[of] p2a: Great Tusk
|
|-weather|RainDance|[upkeep]
|upkeep
|turn|14
|
|t:|1758341178
|-end|p2a: Great Tusk|Protosynthesis|[silent]
|switch|p2a: Raging Bolt|Raging Bolt|71/100
|-damage|p2a: Raging Bolt|59/100|[from] Stealth Rock
|move|p1a: Pelipper|U-turn|p2a: Raging Bolt
|-damage|p2a: Raging Bolt|51/100
|
|t:|1758341186
|switch|p1a: Overqwil|Overqwil, M|100/100|[from] U-turn
|
|-weather|RainDance|[upkeep]
|upkeep
|turn|15
|
|t:|1758341190
|move|p1a: Overqwil|Gunk Shot|p2a: Raging Bolt|[miss]
|-miss|p1a: Overqwil|p2a: Raging Bolt
|move|p2a: Raging Bolt|Draco Meteor|p1a: Overqwil
|-damage|p1a: Overqwil|0 fnt
|-unboost|p2a: Raging Bolt|spa|2
|faint|p1a: Overqwil
|
|-weather|RainDance|[upkeep]
|upkeep
|
|t:|1758341197
|switch|p1a: Iron Treads|Iron Treads|65/100
|turn|16
|
|t:|1758341214
|-end|p2a: Raging Bolt|Protosynthesis|[silent]
|switch|p2a: Great Tusk|Great Tusk|100/100
|move|p1a: Iron Treads|Knock Off|p2a: Great Tusk
|-resisted|p2a: Great Tusk
|-damage|p2a: Great Tusk|91/100
|-enditem|p2a: Great Tusk|Heavy-Duty Boots|[from] move: Knock Off|[of] p1a: Iron Treads
|
|-weather|RainDance|[upkeep]
|-heal|p1a: Iron Treads|71/100|[from] item: Leftovers
|upkeep
|turn|17
|
|t:|1758341222
|-end|p1a: Iron Treads|Quark Drive|[silent]
|switch|p1a: Pelipper|Pelipper, F|75/100
|move|p2a: Great Tusk|Rapid Spin|p1a: Pelipper
|-damage|p1a: Pelipper|62/100
|-boost|p2a: Great Tusk|spe|1
|-sideend|p2: Dio_Eleutherios|Stealth Rock|[from] move: Rapid Spin|[of] p2a: Great Tusk
|
|-weather|RainDance|[upkeep]
|upkeep
|turn|18
|
|t:|1758341230
|-end|p2a: Great Tusk|Protosynthesis|[silent]
|switch|p2a: Garganacl|Garganacl, F, tera:Fairy|42/100
|move|p1a: Pelipper|Weather Ball|p2a: Garganacl
|-damage|p2a: Garganacl|6/100
|
|-weather|RainDance|[upkeep]
|-heal|p2a: Garganacl|13/100|[from] item: Leftovers
|upkeep
|turn|19
|
|t:|1758341237
|move|p2a: Garganacl|Protect|p2a: Garganacl
|-singleturn|p2a: Garganacl|Protect
|move|p1a: Pelipper|Hurricane|p2a: Garganacl
|-activate|p2a: Garganacl|move: Protect
|
|-weather|RainDance|[upkeep]
|-heal|p2a: Garganacl|19/100|[from] item: Leftovers
|upkeep
|turn|20
|
|t:|1758341251
|switch|p2a: Dragonite|Dragonite, F|100/100
|move|p1a: Pelipper|Hurricane|p2a: Dragonite
|-damage|p2a: Dragonite|82/100
|-start|p2a: Dragonite|confusion
|
|-weather|none
|upkeep
|turn|21
|
|t:|1758341264
|switch|p2a: Great Tusk|Great Tusk|91/100
|move|p1a: Pelipper|U-turn|p2a: Great Tusk
|-resisted|p2a: Great Tusk
|-damage|p2a: Great Tusk|88/100
|
|t:|1758341270
|switch|p1a: Tornadus|Tornadus-Therian, M|100/100|[from] U-turn
|
|upkeep
|turn|22
|
|t:|1758341275
|move|p1a: Tornadus|Nasty Plot|p1a: Tornadus
|-boost|p1a: Tornadus|spa|2
|move|p2a: Great Tusk|Ice Spinner|p1a: Tornadus
|-supereffective|p1a: Tornadus
|-damage|p1a: Tornadus|38/100
|
|upkeep
|turn|23
|
|t:|1758341279
|move|p1a: Tornadus|Hurricane|p2a: Great Tusk
|-supereffective|p2a: Great Tusk
|-damage|p2a: Great Tusk|0 fnt
|faint|p2a: Great Tusk
|-end|p2a: Great Tusk|Protosynthesis|[silent]
|
|upkeep
|
|t:|1758341282
|switch|p2a: Dragonite|Dragonite, F|82/100
|turn|24
|
|t:|1758341286
|switch|p1a: Pelipper|Pelipper, F|62/100
|-weather|RainDance|[from] ability: Drizzle|[of] p1a: Pelipper
|move|p2a: Dragonite|Extreme Speed|p1a: Pelipper
|-damage|p1a: Pelipper|38/100
|
|-weather|RainDance|[upkeep]
|upkeep
|turn|25
|
|t:|1758341292
|move|p2a: Dragonite|Dragon Dance|p2a: Dragonite
|-boost|p2a: Dragonite|atk|1
|-boost|p2a: Dragonite|spe|1
|move|p1a: Pelipper|Roost|p1a: Pelipper
|-heal|p1a: Pelipper|88/100
|-singleturn|p1a: Pelipper|move: Roost
|
|-weather|RainDance|[upkeep]
|upkeep
|turn|26
|
|t:|1758341297
|move|p2a: Dragonite|Extreme Speed|p1a: Pelipper
|-damage|p1a: Pelipper|51/100
|move|p1a: Pelipper|Hurricane|p2a: Dragonite
|-damage|p2a: Dragonite|44/100
|-start|p2a: Dragonite|confusion
|
|-weather|RainDance|[upkeep]
|upkeep
|turn|27
|
|t:|1758341308
|-activate|p2a: Dragonite|confusion
|move|p2a: Dragonite|Roost|p2a: Dragonite
|-heal|p2a: Dragonite|94/100
|-singleturn|p2a: Dragonite|move: Roost
|move|p1a: Pelipper|Roost|p1a: Pelipper
|-heal|p1a: Pelipper|100/100
|-singleturn|p1a: Pelipper|move: Roost
|
|-weather|RainDance|[upkeep]
|upkeep
|turn|28
|
|t:|1758341321
|-activate|p2a: Dragonite|confusion
|move|p2a: Dragonite|Dragon Dance|p2a: Dragonite
|-boost|p2a: Dragonite|atk|1
|-boost|p2a: Dragonite|spe|1
|move|p1a: Pelipper|Hurricane|p2a: Dragonite
|-damage|p2a: Dragonite|58/100
|
|-weather|none
|upkeep
|turn|29
|
|t:|1758341325
|-activate|p2a: Dragonite|confusion
|move|p2a: Dragonite|Roost|p2a: Dragonite
|-heal|p2a: Dragonite|100/100
|-singleturn|p2a: Dragonite|move: Roost
|move|p1a: Pelipper|U-turn|p2a: Dragonite
|-damage|p2a: Dragonite|96/100
|
|t:|1758341337
|switch|p1a: Raging Bolt|Raging Bolt|52/100|[from] U-turn
|
|upkeep
|turn|30
|
|t:|1758341352
|-end|p1a: Raging Bolt|Protosynthesis|[silent]
|switch|p1a: Pelipper|Pelipper, F|100/100
|-weather|RainDance|[from] ability: Drizzle|[of] p1a: Pelipper
|-end|p2a: Dragonite|confusion
|move|p2a: Dragonite|Earthquake|p1a: Pelipper
|-immune|p1a: Pelipper
|
|-weather|RainDance|[upkeep]
|upkeep
|turn|31
|
|t:|1758341356
|move|p2a: Dragonite|Extreme Speed|p1a: Pelipper
|-damage|p1a: Pelipper|57/100
|move|p1a: Pelipper|U-turn|p2a: Dragonite
|-resisted|p2a: Dragonite
|-damage|p2a: Dragonite|91/100
|
|t:|1758341360
|switch|p1a: Barraskewda|Barraskewda, M|100/100|[from] U-turn
|
|-weather|RainDance|[upkeep]
|upkeep
|turn|32
|
|t:|1758341367
|-terastallize|p1a: Barraskewda|Water
|move|p2a: Dragonite|Extreme Speed|p1a: Barraskewda
|-damage|p1a: Barraskewda|0 fnt
|faint|p1a: Barraskewda
|
|-weather|RainDance|[upkeep]
|upkeep
|
|t:|1758341386
|switch|p1a: Tornadus|Tornadus-Therian, M|72/100
|turn|33
|
|t:|1758341390
|move|p2a: Dragonite|Extreme Speed|p1a: Tornadus
|-damage|p1a: Tornadus|4/100
|move|p1a: Tornadus|Hurricane|p2a: Dragonite
|-damage|p2a: Dragonite|44/100
|
|-weather|RainDance|[upkeep]
|upkeep
|turn|34
|
|t:|1758341397
|move|p2a: Dragonite|Extreme Speed|p1a: Tornadus
|-damage|p1a: Tornadus|0 fnt
|faint|p1a: Tornadus
|
|-weather|none
|upkeep
|
|t:|1758341402
|switch|p1a: Pelipper|Pelipper, F|57/100
|-weather|RainDance|[from] ability: Drizzle|[of] p1a: Pelipper
|turn|35
|
|t:|1758341407
|move|p2a: Dragonite|Roost|p2a: Dragonite
|-heal|p2a: Dragonite|94/100
|-singleturn|p2a: Dragonite|move: Roost
|move|p1a: Pelipper|Hurricane|p2a: Dragonite
|-damage|p2a: Dragonite|53/100
|
|-weather|RainDance|[upkeep]
|upkeep
|turn|36
|
|t:|1758341411
|move|p2a: Dragonite|Roost|p2a: Dragonite
|-heal|p2a: Dragonite|100/100
|-singleturn|p2a: Dragonite|move: Roost
|move|p1a: Pelipper|Hurricane|p2a: Dragonite
|-damage|p2a: Dragonite|82/100
|
|-weather|RainDance|[upkeep]
|upkeep
|turn|37
|
|t:|1758341414
|move|p2a: Dragonite|Dragon Dance|p2a: Dragonite
|-boost|p2a: Dragonite|atk|1
|-boost|p2a: Dragonite|spe|1
|move|p1a: Pelipper|Hurricane|p2a: Dragonite
|-damage|p2a: Dragonite|40/100
|
|-weather|RainDance|[upkeep]
|upkeep
|turn|38
|
|t:|1758341418
|move|p2a: Dragonite|Roost|p2a: Dragonite
|-heal|p2a: Dragonite|90/100
|-singleturn|p2a: Dragonite|move: Roost
|move|p1a: Pelipper|Hurricane|p2a: Dragonite
|-damage|p2a: Dragonite|54/100
|-start|p2a: Dragonite|confusion
|
|-weather|RainDance|[upkeep]
|upkeep
|turn|39
|
|t:|1758341423
|-activate|p2a: Dragonite|confusion
|move|p2a: Dragonite|Roost|p2a: Dragonite
|-heal|p2a: Dragonite|100/100
|-singleturn|p2a: Dragonite|move: Roost
|move|p1a: Pelipper|Hurricane|p2a: Dragonite
|-damage|p2a: Dragonite|82/100
|
|-weather|none
|upkeep
|turn|40
|
|t:|1758341425
|-activate|p2a: Dragonite|confusion
|-damage|p2a: Dragonite|36/100|[from] confusion
|move|p1a: Pelipper|Hurricane|p2a: Dragonite
|-crit|p2a: Dragonite
|-damage|p2a: Dragonite|0 fnt
|faint|p2a: Dragonite
|
|upkeep
|
|t:|1758341435
|switch|p2a: Gholdengo|Gholdengo|100/100
|turn|41
|
|t:|1758341439
|move|p2a: Gholdengo|Shadow Ball|p1a: Pelipper
|-damage|p1a: Pelipper|0 fnt
|faint|p1a: Pelipper
|
|upkeep
|
|t:|1758341442
|switch|p1a: Iron Treads|Iron Treads|71/100
|turn|42
|
|t:|1758341451
|move|p2a: Gholdengo|Shadow Ball|p1a: Iron Treads
|-damage|p1a: Iron Treads|34/100
|move|p1a: Iron Treads|Earthquake|p2a: Gholdengo
|-supereffective|p2a: Gholdengo
|-crit|p2a: Gholdengo
|-damage|p2a: Gholdengo|0 fnt
|faint|p2a: Gholdengo
|
|-heal|p1a: Iron Treads|40/100|[from] item: Leftovers
|upkeep
|
|t:|1758341455
|switch|p2a: Garganacl|Garganacl, F, tera:Fairy|19/100
|turn|43
|
|t:|1758341463
|move|p2a: Garganacl|Protect|p2a: Garganacl
|-singleturn|p2a: Garganacl|Protect
|move|p1a: Iron Treads|Earthquake|p2a: Garganacl
|-activate|p2a: Garganacl|move: Protect
|
|-heal|p1a: Iron Treads|46/100|[from] item: Leftovers
|-heal|p2a: Garganacl|25/100|[from] item: Leftovers
|upkeep
|turn|44
|
|t:|1758341472
|move|p1a: Iron Treads|Earthquake|p2a: Garganacl
|-damage|p2a: Garganacl|0 fnt
|faint|p2a: Garganacl
|
|-heal|p1a: Iron Treads|52/100|[from] item: Leftovers
|upkeep
|
|t:|1758341474
|switch|p2a: Raging Bolt|Raging Bolt|51/100
|turn|45
|
|t:|1758341479
|move|p2a: Raging Bolt|Dragon Pulse|p1a: Iron Treads
|-resisted|p1a: Iron Treads
|-damage|p1a: Iron Treads|24/100
|move|p1a: Iron Treads|Earthquake|p2a: Raging Bolt
|-supereffective|p2a: Raging Bolt
|-damage|p2a: Raging Bolt|0 fnt
|faint|p2a: Raging Bolt
|-end|p2a: Raging Bolt|Protosynthesis|[silent]
|
|win|ReturnOfMX
|raw|ReturnOfMX's rating: 1409 &rarr; <strong>1428</strong><br />(+19 for winning)
|raw|Dio_Eleutherios's rating: 1391 &rarr; <strong>1372</strong><br />(-19 for losing)
|l|☆ReturnOfMX
|player|p1|
|l|☆Dio_Eleutherios
|player|p2|
