|j|☆8daniel8
|j|☆fusususiauajak
|t:|1758264323
|gametype|singles
|player|p1|8daniel8|koga|1378
|player|p2|fusususiauajak|265|1396
|gen|9
|tier|[Gen 9] OU
|rated|
|rule|HP Percentage Mod: HP is shown in percentages
|rule|Endless Battle Clause: Forcing endless battles is banned
|rule|Species Clause: Limit one of each Pokémon
|rule|OHKO Clause: OHKO moves are banned
|rule|Evasion Items Clause: Evasion items are banned
|rule|Evasion Moves Clause: Evasion moves are banned
|rule|Evasion Abilities Clause: Evasion abilities are banned
|rule|Sleep Moves Clause: Sleep-inducing moves are banned
|clearpoke
|poke|p1|Mandibuzz, F|
|poke|p1|Empoleon, M|
|poke|p1|Okidogi, M|
|poke|p1|Electrode-Hisui|
|poke|p1|Slither Wing|
|poke|p1|Mew|
|poke|p2|Pelipper, F|
|poke|p2|Hatterene, F|
|poke|p2|Iron Treads|
|poke|p2|Toxicroak, F|
|poke|p2|Barraskewda, F|
|poke|p2|Zapdos|
|teampreview
|inactive|Battle timer is ON: inactive players will automatically lose when time's up. (requested by fusususiauajak)
|inactive|8daniel8 also wants the timer to be on.
|
|t:|1758264340
|teamsize|p1|6
|teamsize|p2|6
|start
|switch|p1a: Mew|Mew|100/100
|switch|p2a: Zapdos|Zapdos|100/100
|turn|1
|
|t:|1758264347
|move|p2a: Zapdos|Volt Switch|p1a: Mew
|-damage|p1a: Mew|57/100
|
|t:|1758264352
|switch|p2a: Hatterene|Hatterene, F|100/100|[from] Volt Switch
|move|p1a: Mew|Calm Mind|p1a: Mew
|-boost|p1a: Mew|spa|1
|-boost|p1a: Mew|spd|1
|
|upkeep
|turn|2
|
|t:|1758264359
|move|p1a: Mew|Draining Kiss|p2a: Hatterene
|-damage|p2a: Hatterene|75/100
|-heal|p1a: Mew|77/100|[from] drain|[of] p2a: Hatterene
|-enditem|p2a: Hatterene|Eject Button
|
|t:|1758264364
|switch|p2a: Barraskewda|Barraskewda, F|100/100
|
|upkeep
|turn|3
|
|t:|1758264370
|move|p2a: Barraskewda|Liquidation|p1a: Mew
|-damage|p1a: Mew|21/100
|move|p1a: Mew|Draining Kiss|p2a: Barraskewda
|-damage|p2a: Barraskewda|44/100
|-heal|p1a: Mew|57/100|[from] drain|[of] p2a: Barraskewda
|
|upkeep
|turn|4
|
|t:|1758264380
|-terastallize|p2a: Barraskewda|Water
|move|p2a: Barraskewda|Liquidation|p1a: Mew
|-damage|p1a: Mew|0 fnt
|faint|p1a: Mew
|
|upkeep
|
|t:|1758264390
|switch|p1a: Electrode|Electrode-Hisui|100/100
|turn|5
|
|t:|1758264397
|switch|p2a: Iron Treads|Iron Treads|100/100
|-terastallize|p1a: Electrode|Ice
|move|p1a: Electrode|Tera Blast|p2a: Iron Treads|[anim] Tera Blast Ice
|-damage|p2a: Iron Treads|67/100
|-damage|p1a: Electrode|91/100|[from] item: Life Orb
|
|-heal|p2a: Iron Treads|73/100|[from] item: Leftovers
|upkeep
|turn|6
|
|t:|1758264408
|move|p1a: Electrode|Tera Blast|p2a: Iron Treads|[anim] Tera Blast Ice
|-damage|p2a: Iron Treads|41/100
|-damage|p1a: Electrode|81/100|[from] item: Life Orb
|move|p2a: Iron Treads|Stealth Rock|p1a: Electrode
|-sidestart|p1: 8daniel8|move: Stealth Rock
|
|-heal|p2a: Iron Treads|47/100|[from] item: Leftovers
|upkeep
|turn|7
|
|t:|1758264417
|-end|p2a: Iron Treads|Quark Drive|[silent]
|switch|p2a: Pelipper|Pelipper, F|100/100
|-weather|RainDance|[from] ability: Drizzle|[of] p2a: Pelipper
|move|p1a: Electrode|Leaf Storm|p2a: Pelipper
|-damage|p2a: Pelipper|34/100
|-unboost|p1a: Electrode|spa|2
|-damage|p1a: Electrode|71/100|[from] item: Life Orb
|
|-weather|RainDance|[upkeep]
|upkeep
|turn|8
|
|t:|1758264427
|switch|p2a: Zapdos|Zapdos|100/100
|move|p1a: Electrode|Volt Switch|p2a: Zapdos
|-damage|p2a: Zapdos|76/100
|-damage|p1a: Electrode|61/100|[from] item: Life Orb
|-message|8daniel8 forfeited.
|
|win|fusususiauajak
|raw|8daniel8's rating: 1378 &rarr; <strong>1359</strong><br />(-19 for losing)
|raw|fusususiauajak's rating: 1396 &rarr; <strong>1415</strong><br />(+19 for winning)
|l|☆8daniel8
|player|p1|
|l|☆fusususiauajak
|player|p2|
