|j|☆Eight Five
|j|☆EmmanuelR205506
|t:|1758259599
|gametype|singles
|player|p1|Eight Five|170|1615
|player|p2|EmmanuelR205506|palmer|1590
|gen|9
|tier|[Gen 9] OU
|rated|
|rule|HP Percentage Mod: HP is shown in percentages
|rule|Endless Battle Clause: Forcing endless battles is banned
|rule|Species Clause: Limit one of each Pokémon
|rule|OHKO Clause: OHKO moves are banned
|rule|Evasion Items Clause: Evasion items are banned
|rule|Evasion Moves Clause: Evasion moves are banned
|rule|Evasion Abilities Clause: Evasion abilities are banned
|rule|Sleep Moves Clause: Sleep-inducing moves are banned
|clearpoke
|poke|p1|Iron Treads|
|poke|p1|Landorus-Therian, M|
|poke|p1|Iron Leaves|
|poke|p1|Chandelure, F|
|poke|p1|Primarina, M|
|poke|p1|Zapdos|
|poke|p2|Cinderace, M|
|poke|p2|Gholdengo|
|poke|p2|Heatran, M|
|poke|p2|Great Tusk|
|poke|p2|Primarina, F|
|poke|p2|Iron Valiant|
|teampreview
|inactive|Battle timer is ON: inactive players will automatically lose when time's up. (requested by EmmanuelR205506)
|inactive|Eight Five has 120 seconds left.
|
|t:|1758259641
|teamsize|p1|6
|teamsize|p2|6
|start
|switch|p1a: Iron Treads|Iron Treads|100/100
|switch|p2a: Cinderace|Cinderace, M|100/100
|-enditem|p1a: Iron Treads|Booster Energy
|-activate|p1a: Iron Treads|ability: Quark Drive|[fromitem]
|-start|p1a: Iron Treads|quarkdrivespe
|turn|1
|
|t:|1758259646
|switch|p2a: Great Tusk|Great Tusk|100/100
|move|p1a: Iron Treads|Earthquake|p2a: Great Tusk
|-damage|p2a: Great Tusk|78/100
|
|upkeep
|turn|2
|j| KappaHalo
|
|t:|1758259659
|-end|p1a: Iron Treads|Quark Drive|[silent]
|switch|p1a: Zapdos|Zapdos|100/100
|move|p2a: Great Tusk|Body Press|p1a: Zapdos
|-resisted|p1a: Zapdos
|-damage|p1a: Zapdos|72/100
|
|upkeep
|turn|3
|
|t:|1758259668
|-end|p2a: Great Tusk|Protosynthesis|[silent]
|switch|p2a: Heatran|Heatran, M|100/100
|move|p1a: Zapdos|Volt Switch|p2a: Heatran
|-damage|p2a: Heatran|70/100
|
|t:|1758259674
|switch|p1a: Landorus|Landorus-Therian, M|100/100|[from] Volt Switch
|-ability|p1a: Landorus|Intimidate|boost
|-unboost|p2a: Heatran|atk|1
|
|-heal|p2a: Heatran|76/100|[from] item: Leftovers
|upkeep
|turn|4
|
|t:|1758259678
|switch|p2a: Great Tusk|Great Tusk|78/100
|move|p1a: Landorus|Earthquake|p2a: Great Tusk
|-damage|p2a: Great Tusk|44/100
|
|upkeep
|turn|5
|
|t:|1758259686
|switch|p1a: Primarina|Primarina, M|100/100
|move|p2a: Great Tusk|Knock Off|p1a: Primarina
|-resisted|p1a: Primarina
|-damage|p1a: Primarina|89/100
|-enditem|p1a: Primarina|Leftovers|[from] move: Knock Off|[of] p2a: Great Tusk
|
|upkeep
|turn|6
|
|t:|1758259698
|-end|p2a: Great Tusk|Protosynthesis|[silent]
|switch|p2a: Primarina|Primarina, F|100/100
|move|p1a: Primarina|Calm Mind|p1a: Primarina
|-boost|p1a: Primarina|spa|1
|-boost|p1a: Primarina|spd|1
|
|upkeep
|turn|7
|
|t:|1758259705
|move|p1a: Primarina|Psychic Noise|p2a: Primarina
|-resisted|p2a: Primarina
|-damage|p2a: Primarina|88/100
|-start|p2a: Primarina|move: Heal Block
|move|p2a: Primarina|Flip Turn|p1a: Primarina
|-resisted|p1a: Primarina
|-damage|p1a: Primarina|83/100
|
|t:|1758259707
|switch|p2a: Cinderace|Cinderace, M|100/100|[from] Flip Turn
|
|upkeep
|turn|8
|
|t:|1758259713
|move|p1a: Primarina|Protect|p1a: Primarina
|-singleturn|p1a: Primarina|Protect
|move|p2a: Cinderace|Gunk Shot|p1a: Primarina
|-start|p2a: Cinderace|typechange|Poison|[from] ability: Libero
|-activate|p1a: Primarina|move: Protect
|
|upkeep
|turn|9
|
|t:|1758259717
|switch|p1a: Landorus|Landorus-Therian, M|100/100
|-ability|p1a: Landorus|Intimidate|boost
|-unboost|p2a: Cinderace|atk|1
|move|p2a: Cinderace|Gunk Shot|p1a: Landorus
|-resisted|p1a: Landorus
|-damage|p1a: Landorus|67/100
|
|upkeep
|turn|10
|
|t:|1758259723
|switch|p2a: Great Tusk|Great Tusk|44/100
|move|p1a: Landorus|Earthquake|p2a: Great Tusk
|-damage|p2a: Great Tusk|9/100
|
|upkeep
|turn|11
|
|t:|1758259727
|move|p1a: Landorus|Earthquake|p2a: Great Tusk
|-damage|p2a: Great Tusk|0 fnt
|faint|p2a: Great Tusk
|-end|p2a: Great Tusk|Protosynthesis|[silent]
|
|upkeep
|
|t:|1758259730
|switch|p2a: Iron Valiant|Iron Valiant|100/100
|-enditem|p2a: Iron Valiant|Booster Energy
|-activate|p2a: Iron Valiant|ability: Quark Drive|[fromitem]
|-start|p2a: Iron Valiant|quarkdrivespe
|turn|12
|
|t:|1758259744
|switch|p1a: Primarina|Primarina, M|83/100
|move|p2a: Iron Valiant|Moonblast|p1a: Primarina
|-damage|p1a: Primarina|40/100
|
|upkeep
|turn|13
|
|t:|1758259750
|move|p1a: Primarina|Protect|p1a: Primarina
|-singleturn|p1a: Primarina|Protect
|move|p2a: Iron Valiant|Thunderbolt|p1a: Primarina
|-activate|p1a: Primarina|move: Protect
|
|upkeep
|turn|14
|
|t:|1758259763
|move|p2a: Iron Valiant|Moonblast|p1a: Primarina
|-damage|p1a: Primarina|2/100
|move|p1a: Primarina|Draining Kiss|p2a: Iron Valiant
|-supereffective|p2a: Iron Valiant
|-damage|p2a: Iron Valiant|22/100
|-heal|p1a: Primarina|49/100|[from] drain|[of] p2a: Iron Valiant
|
|upkeep
|turn|15
|
|t:|1758259775
|move|p1a: Primarina|Protect|p1a: Primarina
|-singleturn|p1a: Primarina|Protect
|move|p2a: Iron Valiant|Thunderbolt|p1a: Primarina
|-activate|p1a: Primarina|move: Protect
|
|upkeep
|turn|16
|
|t:|1758259786
|-terastallize|p1a: Primarina|Grass
|move|p2a: Iron Valiant|Moonblast|p1a: Primarina
|-damage|p1a: Primarina|8/100
|move|p1a: Primarina|Draining Kiss|p2a: Iron Valiant
|-supereffective|p2a: Iron Valiant
|-damage|p2a: Iron Valiant|0 fnt
|-heal|p1a: Primarina|21/100|[from] drain|[of] p2a: Iron Valiant
|faint|p2a: Iron Valiant
|-end|p2a: Iron Valiant|Quark Drive|[silent]
|
|upkeep
|
|t:|1758259790
|switch|p2a: Cinderace|Cinderace, M|100/100
|turn|17
|
|t:|1758259793
|move|p1a: Primarina|Protect|p1a: Primarina
|-singleturn|p1a: Primarina|Protect
|move|p2a: Cinderace|U-turn|p1a: Primarina
|-start|p2a: Cinderace|typechange|Bug|[from] ability: Libero
|-activate|p1a: Primarina|move: Protect
|
|upkeep
|turn|18
|
|t:|1758259803
|move|p2a: Cinderace|U-turn|p1a: Primarina
|-supereffective|p1a: Primarina
|-crit|p1a: Primarina
|-damage|p1a: Primarina|0 fnt
|faint|p1a: Primarina
|
|t:|1758259806
|switch|p2a: Gholdengo|Gholdengo|100/100|[from] U-turn
|
|upkeep
|
|t:|1758259814
|switch|p1a: Iron Treads|Iron Treads|100/100
|turn|19
|
|t:|1758259818
|move|p1a: Iron Treads|Earthquake|p2a: Gholdengo
|-supereffective|p2a: Gholdengo
|-damage|p2a: Gholdengo|38/100
|move|p2a: Gholdengo|Hex|p1a: Iron Treads
|-damage|p1a: Iron Treads|57/100
|
|-heal|p2a: Gholdengo|44/100|[from] item: Leftovers
|upkeep
|turn|20
|
|t:|1758259821
|move|p1a: Iron Treads|Earthquake|p2a: Gholdengo
|-supereffective|p2a: Gholdengo
|-damage|p2a: Gholdengo|0 fnt
|faint|p2a: Gholdengo
|
|upkeep
|
|t:|1758259826
|switch|p2a: Cinderace|Cinderace, M|100/100
|turn|21
|j| GoldmanNumber2
|
|t:|1758259839
|move|p2a: Cinderace|Pyro Ball|p1a: Iron Treads
|-supereffective|p1a: Iron Treads
|-damage|p1a: Iron Treads|0 fnt
|faint|p1a: Iron Treads
|-end|p1a: Iron Treads|Quark Drive|[silent]
|
|upkeep
|
|t:|1758259849
|switch|p1a: Chandelure|Chandelure, F|100/100
|turn|22
|
|t:|1758259851
|switch|p2a: Heatran|Heatran, M|76/100
|move|p1a: Chandelure|Shadow Ball|p2a: Heatran
|-damage|p2a: Heatran|47/100
|
|-heal|p2a: Heatran|53/100|[from] item: Leftovers
|upkeep
|turn|23
|
|t:|1758259853
|move|p1a: Chandelure|Shadow Ball|p2a: Heatran
|-damage|p2a: Heatran|27/100
|move|p2a: Heatran|Stealth Rock|p1a: Chandelure
|-sidestart|p1: Eight Five|move: Stealth Rock
|
|-heal|p2a: Heatran|33/100|[from] item: Leftovers
|upkeep
|turn|24
|
|t:|1758259856
|move|p1a: Chandelure|Shadow Ball|p2a: Heatran
|-damage|p2a: Heatran|6/100
|move|p2a: Heatran|Earth Power|p1a: Chandelure
|-supereffective|p1a: Chandelure
|-damage|p1a: Chandelure|22/100
|
|-heal|p2a: Heatran|12/100|[from] item: Leftovers
|upkeep
|turn|25
|
|t:|1758259858
|move|p1a: Chandelure|Shadow Ball|p2a: Heatran
|-damage|p2a: Heatran|0 fnt
|faint|p2a: Heatran
|
|upkeep
|
|t:|1758259859
|switch|p2a: Cinderace|Cinderace, M|100/100
|turn|26
|
|t:|1758259861
|move|p1a: Chandelure|Shadow Ball|p2a: Cinderace
|-damage|p2a: Cinderace|31/100
|move|p2a: Cinderace|U-turn|p1a: Chandelure
|-start|p2a: Cinderace|typechange|Bug|[from] ability: Libero
|-resisted|p1a: Chandelure
|-damage|p1a: Chandelure|2/100
|
|t:|1758259868
|switch|p2a: Primarina|Primarina, F|88/100|[from] U-turn
|
|upkeep
|turn|27
|
|t:|1758259870
|move|p1a: Chandelure|Shadow Ball|p2a: Primarina
|-damage|p2a: Primarina|61/100
|move|p2a: Primarina|Hyper Voice|p1a: Chandelure
|-supereffective|p1a: Chandelure
|-damage|p1a: Chandelure|0 fnt
|faint|p1a: Chandelure
|
|upkeep
|
|t:|1758259874
|switch|p1a: Iron Leaves|Iron Leaves|100/100
|-damage|p1a: Iron Leaves|88/100|[from] Stealth Rock
|-enditem|p1a: Iron Leaves|Booster Energy
|-activate|p1a: Iron Leaves|ability: Quark Drive|[fromitem]
|-start|p1a: Iron Leaves|quarkdrivespe
|turn|28
|
|t:|1758259896
|move|p1a: Iron Leaves|Swords Dance|p1a: Iron Leaves
|-boost|p1a: Iron Leaves|atk|2
|move|p2a: Primarina|Ice Beam|p1a: Iron Leaves
|-supereffective|p1a: Iron Leaves
|-damage|p1a: Iron Leaves|22/100
|
|upkeep
|turn|29
|
|t:|1758259914
|move|p1a: Iron Leaves|Leaf Blade|p2a: Primarina
|-supereffective|p2a: Primarina
|-damage|p2a: Primarina|0 fnt
|faint|p2a: Primarina
|
|upkeep
|-message|EmmanuelR205506 forfeited.
|
|win|Eight Five
|raw|Eight Five's rating: 1615 &rarr; <strong>1634</strong><br />(+19 for winning)
|raw|EmmanuelR205506's rating: 1590 &rarr; <strong>1571</strong><br />(-19 for losing)
|l|☆EmmanuelR205506
|player|p2|
|l|☆Eight Five
|player|p1|
