|badge|p2|bronze|gen9monotype|100-6
|badge|p2|bronze|gen9ru|100-6
|uhtml|medal-msg|<div class="broadcast-blue">Curious what those medals under the avatar are? PS now has Ladder Seasons! For more information, check out the <a href="https://www.smogon.com/forums/threads/3740067/">thread on Smogon.</a></div>
|j|☆flygonisdragon
|j|☆domingo a noite
|t:|1758315955
|gametype|singles
|player|p1|flygonisdragon|serena-masters|1689
|player|p2|domingo a noite|miku-ice|1762
|gen|9
|tier|[Gen 9] OU
|rated|
|rule|HP Percentage Mod: HP is shown in percentages
|rule|Endless Battle Clause: Forcing endless battles is banned
|rule|Species Clause: Limit one of each Pokémon
|rule|OHKO Clause: OHKO moves are banned
|rule|Evasion Items Clause: Evasion items are banned
|rule|Evasion Moves Clause: Evasion moves are banned
|rule|Evasion Abilities Clause: Evasion abilities are banned
|rule|Sleep Moves Clause: Sleep-inducing moves are banned
|clearpoke
|poke|p1|Volcanion|
|poke|p1|Metagross|
|poke|p1|Zamazenta-*|
|poke|p1|Weezing-Galar, M|
|poke|p1|Regidrago|
|poke|p1|Rillaboom, F|
|poke|p2|Araquanid, M|
|poke|p2|Iron Treads|
|poke|p2|Kingambit, F|
|poke|p2|Enamorus, F|
|poke|p2|Iron Valiant|
|poke|p2|Iron Moth|
|teampreview
|j| Disscratch
|
|t:|1758315992
|teamsize|p1|6
|teamsize|p2|6
|start
|switch|p1a: Regidrago|Regidrago|100/100
|switch|p2a: Yoshimi|Enamorus, F|100/100
|turn|1
|
|t:|1758316003
|switch|p1a: Rillaboom|Rillaboom, F|100/100
|-fieldstart|move: Grassy Terrain|[from] ability: Grassy Surge|[of] p1a: Rillaboom
|move|p2a: Yoshimi|Moonblast|p1a: Rillaboom
|-damage|p1a: Rillaboom|0 fnt
|faint|p1a: Rillaboom
|
|upkeep
|
|t:|1758316008
|switch|p1a: Metagross|Metagross|100/100
|turn|2
|
|t:|1758316010
|switch|p2a: 10:36|Iron Treads|100/100
|-enditem|p2a: 10:36|Booster Energy
|-activate|p2a: 10:36|ability: Quark Drive|[fromitem]
|-start|p2a: 10:36|quarkdrivespe
|move|p1a: Metagross|Stealth Rock|p2a: 10:36
|-sidestart|p2: domingo a noite|move: Stealth Rock
|
|upkeep
|turn|3
|
|t:|1758316017
|switch|p1a: Volcanion|Volcanion|100/100
|move|p2a: 10:36|Earth Power|p1a: Volcanion
|-supereffective|p1a: Volcanion
|-damage|p1a: Volcanion|15/100
|
|-heal|p1a: Volcanion|21/100|[from] Grassy Terrain
|upkeep
|turn|4
|j| Squallskip
|
|t:|1758316022
|move|p2a: 10:36|Earth Power|p1a: Volcanion
|-supereffective|p1a: Volcanion
|-damage|p1a: Volcanion|0 fnt
|faint|p1a: Volcanion
|
|upkeep
|
|t:|1758316025
|switch|p1a: Zamazenta|Zamazenta|100/100
|-ability|p1a: Zamazenta|Dauntless Shield|boost
|-boost|p1a: Zamazenta|def|1
|turn|5
|
|t:|1758316030
|move|p2a: 10:36|Rapid Spin|p1a: Zamazenta
|-damage|p1a: Zamazenta|95/100
|-boost|p2a: 10:36|spe|1
|-sideend|p2: domingo a noite|Stealth Rock|[from] move: Rapid Spin|[of] p2a: 10:36
|move|p1a: Zamazenta|Body Press|p2a: 10:36
|-supereffective|p2a: 10:36
|-damage|p2a: 10:36|8/100
|
|-heal|p2a: 10:36|15/100|[from] Grassy Terrain
|-heal|p1a: Zamazenta|100/100|[from] Grassy Terrain
|upkeep
|turn|6
|
|t:|1758316033
|move|p2a: 10:36|Stealth Rock|p1a: Zamazenta
|-sidestart|p1: flygonisdragon|move: Stealth Rock
|move|p1a: Zamazenta|Body Press|p2a: 10:36
|-supereffective|p2a: 10:36
|-damage|p2a: 10:36|0 fnt
|faint|p2a: 10:36
|-end|p2a: 10:36|Quark Drive|[silent]
|
|upkeep
|
|t:|1758316035
|switch|p2a: Yoshimi|Enamorus, F|100/100
|turn|7
|
|t:|1758316038
|switch|p1a: Weezing|Weezing-Galar, M|100/100
|-ability|p1a: Weezing|Neutralizing Gas
|move|p2a: Yoshimi|Moonblast|p1a: Weezing
|-resisted|p1a: Weezing
|-damage|p1a: Weezing|45/100
|-unboost|p1a: Weezing|spa|1
|
|-heal|p1a: Weezing|51/100|[from] Grassy Terrain
|upkeep
|turn|8
|
|t:|1758316049
|move|p2a: Yoshimi|Moonblast|p1a: Weezing
|-resisted|p1a: Weezing
|-damage|p1a: Weezing|0 fnt
|faint|p1a: Weezing
|-end|p1a: Weezing|ability: Neutralizing Gas
|
|-fieldend|move: Grassy Terrain
|upkeep
|
|t:|1758316053
|switch|p1a: Metagross|Metagross|100/100
|-damage|p1a: Metagross|94/100|[from] Stealth Rock
|turn|9
|
|t:|1758316058
|switch|p2a: Magdalene|Iron Moth|100/100
|-enditem|p2a: Magdalene|Booster Energy
|-activate|p2a: Magdalene|ability: Quark Drive|[fromitem]
|-start|p2a: Magdalene|quarkdrivespa
|move|p1a: Metagross|Psychic Fangs|p2a: Magdalene
|-supereffective|p2a: Magdalene
|-damage|p2a: Magdalene|0 fnt
|faint|p2a: Magdalene
|-end|p2a: Magdalene|Quark Drive|[silent]
|
|upkeep
|
|t:|1758316063
|switch|p2a: Yoshimi|Enamorus, F|100/100
|turn|10
|
|t:|1758316066
|-terastallize|p1a: Metagross|Grass
|move|p2a: Yoshimi|Earth Power|p1a: Metagross
|-resisted|p1a: Metagross
|-damage|p1a: Metagross|64/100
|move|p1a: Metagross|Meteor Mash|p2a: Yoshimi|[miss]
|-miss|p1a: Metagross|p2a: Yoshimi
|
|upkeep
|turn|11
|
|t:|1758316072
|switch|p2a: Beaches|Araquanid, M|100/100
|move|p1a: Metagross|Stealth Rock|p2a: Beaches
|-sidestart|p2: domingo a noite|move: Stealth Rock
|
|upkeep
|turn|12
|
|t:|1758316076
|move|p1a: Metagross|Explosion|p2a: Beaches
|-damage|p2a: Beaches|3/100
|faint|p1a: Metagross
|move|p2a: Beaches|Sticky Web|p1: Metagross
|-sidestart|p1: flygonisdragon|move: Sticky Web
|
|upkeep
|
|t:|1758316105
|switch|p1a: Regidrago|Regidrago|100/100
|-damage|p1a: Regidrago|88/100|[from] Stealth Rock
|-activate|p1a: Regidrago|move: Sticky Web
|-unboost|p1a: Regidrago|spe|1
|turn|13
|j| hitman9191
|-enditem|p2a: Beaches|Custap Berry|[eat]
|-activate|p2a: Beaches|item: Custap Berry|[consumed]
|
|t:|1758316115
|move|p2a: Beaches|Endure|p2a: Beaches
|-singleturn|p2a: Beaches|move: Endure
|move|p1a: Regidrago|Tera Blast|p2a: Beaches
|-activate|p2a: Beaches|move: Endure
|-damage|p2a: Beaches|1/100
|
|upkeep
|turn|14
|
|t:|1758316120
|move|p1a: Regidrago|Tera Blast|p2a: Beaches
|-crit|p2a: Beaches
|-damage|p2a: Beaches|0 fnt
|faint|p2a: Beaches
|
|upkeep
|
|t:|1758316123
|switch|p2a: Forest|Iron Valiant|100/100
|-damage|p2a: Forest|94/100|[from] Stealth Rock
|-enditem|p2a: Forest|Booster Energy
|-activate|p2a: Forest|ability: Quark Drive|[fromitem]
|-start|p2a: Forest|quarkdrivespa
|turn|15
|
|t:|1758316125
|move|p2a: Forest|Moonblast|p1a: Regidrago
|-supereffective|p1a: Regidrago
|-damage|p1a: Regidrago|0 fnt
|faint|p1a: Regidrago
|
|upkeep
|
|t:|1758316126
|switch|p1a: Zamazenta|Zamazenta|100/100
|-damage|p1a: Zamazenta|94/100|[from] Stealth Rock
|-activate|p1a: Zamazenta|move: Sticky Web
|-unboost|p1a: Zamazenta|spe|1
|turn|16
|
|t:|1758316129
|move|p2a: Forest|Moonblast|p1a: Zamazenta
|-supereffective|p1a: Zamazenta
|-damage|p1a: Zamazenta|0 fnt
|faint|p1a: Zamazenta
|
|win|domingo a noite
|raw|flygonisdragon's rating: 1689 &rarr; <strong>1673</strong><br />(-16 for losing)
|raw|domingo a noite's rating: 1762 &rarr; <strong>1778</strong><br />(+16 for winning)
|l|☆domingo a noite
|player|p2|
|l|☆flygonisdragon
|player|p1|
|l| Disscratch
|l| hitman9191
