|j|☆aetdfsgwsgw
|j|☆koaqus
|t:|1758344617
|gametype|singles
|player|p1|aetdfsgwsgw|170|1000
|player|p2|koaqus|170|1000
|gen|9
|tier|[Gen 9] OU
|rated|
|rule|HP Percentage Mod: HP is shown in percentages
|rule|Endless Battle Clause: Forcing endless battles is banned
|rule|Species Clause: Limit one of each Pokémon
|rule|OHKO Clause: OHKO moves are banned
|rule|Evasion Items Clause: Evasion items are banned
|rule|Evasion Moves Clause: Evasion moves are banned
|rule|Evasion Abilities Clause: Evasion abilities are banned
|rule|Sleep Moves Clause: Sleep-inducing moves are banned
|clearpoke
|poke|p1|Salamence, F|
|poke|p1|Greninja-*, M|
|poke|p1|Iron Hands|
|poke|p1|Slowking, F|
|poke|p1|Zarude|
|poke|p1|Registeel|
|poke|p2|Comfey, F|
|poke|p2|Pecharunt|
|poke|p2|Meowscarada, M|
|poke|p2|Skeledirge, F|
|poke|p2|Alcremie-Rainbow-Swirl, F|
|poke|p2|Inteleon, F|
|teampreview
|
|t:|1758344632
|teamsize|p1|6
|teamsize|p2|6
|start
|switch|p1a: The King|Registeel|100/100
|switch|p2a: Pecharunt|Pecharunt|100/100
|turn|1
|
|t:|1758344643
|switch|p2a: Skeledirge|Skeledirge, F|100/100
|move|p1a: The King|Stealth Rock|p2a: Skeledirge
|-sidestart|p2: koaqus|move: Stealth Rock
|
|upkeep
|turn|2
|
|t:|1758344666
|switch|p1a: Everything Nice|Slowking, F|100/100
|move|p2a: Skeledirge|Alluring Voice|p1a: Everything Nice
|-damage|p1a: Everything Nice|69/100
|
|upkeep
|turn|3
|
|t:|1758344684
|switch|p2a: Pecharunt|Pecharunt|100/100
|-damage|p2a: Pecharunt|88/100|[from] Stealth Rock
|-terastallize|p1a: Everything Nice|Poison
|-prepare|p1a: Everything Nice|Chilly Reception|[premajor]
|move|p1a: Everything Nice|Chilly Reception|p1a: Everything Nice
|-weather|Snowscape
|
|t:|1758344697
|switch|p1a: wk|Greninja, M|100/100|[from] Chilly Reception
|
|-weather|Snowscape|[upkeep]
|-heal|p2a: Pecharunt|94/100|[from] item: Leftovers
|upkeep
|turn|4
|
|t:|1758344705
|switch|p2a: Alcremie|Alcremie-Rainbow-Swirl, F|100/100
|-damage|p2a: Alcremie|88/100|[from] Stealth Rock
|move|p1a: wk|Dark Pulse|p2a: Alcremie
|-start|p1a: wk|typechange|Dark|[from] ability: Protean
|-resisted|p2a: Alcremie
|-damage|p2a: Alcremie|63/100
|
|-weather|Snowscape|[upkeep]
|-heal|p2a: Alcremie|69/100|[from] item: Leftovers
|upkeep
|turn|5
|
|t:|1758344716
|switch|p1a: The King|Registeel|100/100
|move|p2a: Alcremie|Draining Kiss|p1a: The King
|-resisted|p1a: The King
|-damage|p1a: The King|94/100
|-heal|p2a: Alcremie|76/100|[from] drain|[of] p1a: The King
|
|-weather|Snowscape|[upkeep]
|-heal|p2a: Alcremie|82/100|[from] item: Leftovers
|-heal|p1a: The King|99/100|[from] item: Leftovers
|upkeep
|turn|6
|
|t:|1758344731
|switch|p2a: Pecharunt|Pecharunt|94/100
|-damage|p2a: Pecharunt|82/100|[from] Stealth Rock
|move|p1a: The King|Thunder Wave|p2a: Pecharunt
|-status|p2a: Pecharunt|par
|
|-weather|Snowscape|[upkeep]
|-heal|p1a: The King|100/100|[from] item: Leftovers
|-heal|p2a: Pecharunt|88/100 par|[from] item: Leftovers
|upkeep
|turn|7
|
|t:|1758344749
|switch|p1a: Everything Nice|Slowking, F, tera:Poison|100/100
|move|p2a: Pecharunt|Shadow Ball|p1a: Everything Nice
|-damage|p1a: Everything Nice|82/100
|
|-weather|none
|-heal|p2a: Pecharunt|94/100 par|[from] item: Leftovers
|upkeep
|turn|8
|
|t:|1758344763
|move|p2a: Pecharunt|Shadow Ball|p1a: Everything Nice
|-damage|p1a: Everything Nice|64/100
|move|p1a: Everything Nice|Psychic Noise|p2a: Pecharunt
|-supereffective|p2a: Pecharunt
|-damage|p2a: Pecharunt|48/100 par
|-start|p2a: Pecharunt|move: Heal Block
|
|upkeep
|turn|9
|
|t:|1758344776
|move|p2a: Pecharunt|Shadow Ball|p1a: Everything Nice
|-damage|p1a: Everything Nice|46/100
|move|p1a: Everything Nice|Psychic Noise|p2a: Pecharunt
|-supereffective|p2a: Pecharunt
|-damage|p2a: Pecharunt|4/100 par
|
|-end|p2a: Pecharunt|move: Heal Block
|upkeep
|turn|10
|
|t:|1758344784
|move|p2a: Pecharunt|Shadow Ball|p1a: Everything Nice
|-damage|p1a: Everything Nice|28/100
|-prepare|p1a: Everything Nice|Chilly Reception|[premajor]
|move|p1a: Everything Nice|Chilly Reception|p1a: Everything Nice
|-weather|Snowscape
|
|t:|1758344798
|switch|p1a: Salamence|Salamence, F|100/100|[from] Chilly Reception
|
|-weather|Snowscape|[upkeep]
|-heal|p2a: Pecharunt|10/100 par|[from] item: Leftovers
|upkeep
|turn|11
|
|t:|1758344808
|switch|p2a: Comfey|Comfey, F|100/100
|-damage|p2a: Comfey|88/100|[from] Stealth Rock
|move|p1a: Salamence|Dragon Dance|p1a: Salamence
|-boost|p1a: Salamence|atk|1
|-boost|p1a: Salamence|spe|1
|
|-weather|Snowscape|[upkeep]
|upkeep
|turn|12
|
|t:|1758344818
|switch|p1a: The King|Registeel|100/100
|move|p2a: Comfey|Draining Kiss|p1a: The King
|-resisted|p1a: The King
|-damage|p1a: The King|95/100
|-heal|p2a: Comfey|94/100|[from] drain|[of] p1a: The King
|
|-weather|Snowscape|[upkeep]
|-heal|p1a: The King|100/100|[from] item: Leftovers
|upkeep
|turn|13
|
|t:|1758344842
|switch|p2a: Pecharunt|Pecharunt|10/100 par
|-damage|p2a: Pecharunt|0 fnt|[from] Stealth Rock
|faint|p2a: Pecharunt
|move|p1a: The King|Thunder Wave|p2: Pecharunt|[notarget]
|-fail|p1a: The King
|
|-weather|Snowscape|[upkeep]
|upkeep
|
|t:|1758344844
|switch|p2a: Inteleon|Inteleon, F|100/100
|-damage|p2a: Inteleon|88/100|[from] Stealth Rock
|turn|14
|
|t:|1758344931
|move|p2a: Inteleon|Vacuum Wave|p1a: The King
|-supereffective|p1a: The King
|-damage|p1a: The King|79/100
|-damage|p2a: Inteleon|78/100|[from] item: Life Orb
|move|p1a: The King|Body Press|p2a: Inteleon
|-damage|p2a: Inteleon|28/100
|
|-weather|none
|-heal|p1a: The King|85/100|[from] item: Leftovers
|upkeep
|turn|15
|
|t:|1758344944
|move|p2a: Inteleon|Snipe Shot|p1a: The King
|-damage|p1a: The King|54/100
|-damage|p2a: Inteleon|18/100|[from] item: Life Orb
|move|p1a: The King|Body Press|p2a: Inteleon
|-damage|p2a: Inteleon|0 fnt
|faint|p2a: Inteleon
|
|-heal|p1a: The King|60/100|[from] item: Leftovers
|upkeep
|
|t:|1758344948
|switch|p2a: Meowscarada|Meowscarada, M|100/100
|-damage|p2a: Meowscarada|88/100|[from] Stealth Rock
|turn|16
|
|t:|1758344956
|move|p2a: Meowscarada|Brick Break|p1a: The King
|-start|p2a: Meowscarada|typechange|Fighting|[from] ability: Protean
|-supereffective|p1a: The King
|-damage|p1a: The King|11/100
|move|p1a: The King|Body Press|p2a: Meowscarada
|-damage|p2a: Meowscarada|39/100
|
|-heal|p1a: The King|17/100|[from] item: Leftovers
|upkeep
|turn|17
|
|t:|1758344966
|move|p2a: Meowscarada|Triple Axel|p1a: The King
|-resisted|p1a: The King
|-damage|p1a: The King|15/100
|-resisted|p1a: The King
|-damage|p1a: The King|11/100
|-resisted|p1a: The King
|-damage|p1a: The King|4/100
|-hitcount|p1a: The King|3
|move|p1a: The King|Body Press|p2a: Meowscarada
|-damage|p2a: Meowscarada|0 fnt
|faint|p2a: Meowscarada
|
|-heal|p1a: The King|10/100|[from] item: Leftovers
|upkeep
|
|t:|1758344971
|switch|p2a: Alcremie|Alcremie-Rainbow-Swirl, F|82/100
|-damage|p2a: Alcremie|70/100|[from] Stealth Rock
|turn|18
|
|t:|1758344980
|move|p2a: Alcremie|Draining Kiss|p1a: The King
|-resisted|p1a: The King
|-damage|p1a: The King|5/100
|-heal|p2a: Alcremie|76/100|[from] drain|[of] p1a: The King
|move|p1a: The King|Body Press|p2a: Alcremie
|-resisted|p2a: Alcremie
|-crit|p2a: Alcremie
|-damage|p2a: Alcremie|52/100
|
|-heal|p2a: Alcremie|58/100|[from] item: Leftovers
|-heal|p1a: The King|11/100|[from] item: Leftovers
|upkeep
|turn|19
|
|t:|1758344991
|move|p2a: Alcremie|Rest|p2a: Alcremie
|-status|p2a: Alcremie|slp|[from] move: Rest
|-heal|p2a: Alcremie|100/100 slp|[silent]
|move|p1a: The King|Rest|p1a: The King
|-status|p1a: The King|slp|[from] move: Rest
|-heal|p1a: The King|100/100 slp|[silent]
|
|upkeep
|turn|20
|
|t:|1758345002
|cant|p2a: Alcremie|slp
|cant|p1a: The King|slp
|
|upkeep
|turn|21
|
|t:|1758345006
|cant|p2a: Alcremie|slp
|cant|p1a: The King|slp
|
|upkeep
|turn|22
|
|t:|1758345010
|-curestatus|p2a: Alcremie|slp|[msg]
|move|p2a: Alcremie|Calm Mind|p2a: Alcremie
|-boost|p2a: Alcremie|spa|1
|-boost|p2a: Alcremie|spd|1
|-curestatus|p1a: The King|slp|[msg]
|move|p1a: The King|Body Press|p2a: Alcremie
|-resisted|p2a: Alcremie
|-damage|p2a: Alcremie|82/100
|
|-heal|p2a: Alcremie|88/100|[from] item: Leftovers
|upkeep
|turn|23
|
|t:|1758345033
|switch|p1a: Everything Nice|Slowking, F, tera:Poison|62/100
|move|p2a: Alcremie|Draining Kiss|p1a: Everything Nice
|-resisted|p1a: Everything Nice
|-damage|p1a: Everything Nice|49/100
|-heal|p2a: Alcremie|100/100|[from] drain|[of] p1a: Everything Nice
|
|upkeep
|turn|24
|
|t:|1758345043
|move|p2a: Alcremie|Stored Power|p1a: Everything Nice
|-supereffective|p1a: Everything Nice
|-damage|p1a: Everything Nice|8/100
|-prepare|p1a: Everything Nice|Chilly Reception|[premajor]
|move|p1a: Everything Nice|Chilly Reception|p1a: Everything Nice
|-weather|Snowscape
|
|t:|1758345053
|switch|p1a: wk|Greninja, M|100/100|[from] Chilly Reception
|
|-weather|Snowscape|[upkeep]
|upkeep
|turn|25
|
|t:|1758345059
|move|p1a: wk|Sludge Wave|p2a: Alcremie
|-start|p1a: wk|typechange|Poison|[from] ability: Protean
|-supereffective|p2a: Alcremie
|-damage|p2a: Alcremie|16/100
|-status|p2a: Alcremie|psn
|move|p2a: Alcremie|Draining Kiss|p1a: wk
|-resisted|p1a: wk
|-damage|p1a: wk|75/100
|-heal|p2a: Alcremie|36/100 psn|[from] drain|[of] p1a: wk
|
|-weather|Snowscape|[upkeep]
|-heal|p2a: Alcremie|41/100 psn|[from] item: Leftovers
|-damage|p2a: Alcremie|29/100 psn|[from] psn
|upkeep
|turn|26
|-message|koaqus forfeited.
|
|win|aetdfsgwsgw
|raw|aetdfsgwsgw's rating: 1000 &rarr; <strong>1040</strong><br />(+40 for winning)
|raw|koaqus's rating: 1000 &rarr; <strong>1000</strong><br />(+0 for losing)
|l|☆koaqus
|player|p2|
