|j|☆that_mommylover
|j|☆The FBI Agent
|t:|1758236971
|gametype|singles
|player|p1|that_mommylover|1|1215
|player|p2|The FBI Agent|giovanni|1148
|gen|9
|tier|[Gen 9] OU
|rated|
|rule|HP Percentage Mod: HP is shown in percentages
|rule|Endless Battle Clause: Forcing endless battles is banned
|rule|Species Clause: Limit one of each Pokémon
|rule|OHKO Clause: OHKO moves are banned
|rule|Evasion Items Clause: Evasion items are banned
|rule|Evasion Moves Clause: Evasion moves are banned
|rule|Evasion Abilities Clause: Evasion abilities are banned
|rule|Sleep Moves Clause: Sleep-inducing moves are banned
|clearpoke
|poke|p1|Toxapex, F|
|poke|p1|Amoonguss, F|
|poke|p1|Salazzle, F|
|poke|p1|Toxtricity, F|
|poke|p1|Clodsire, F|
|poke|p1|Fezandipiti, M|
|poke|p2|Barraskewda, F|
|poke|p2|Toxtricity, M|
|poke|p2|Thundurus, M|
|poke|p2|Infernape, M|
|poke|p2|Sceptile, M|
|poke|p2|Rillaboom, M|
|teampreview
|inactive|Battle timer is ON: inactive players will automatically lose when time's up. (requested by that_mommylover)
|
|t:|1758236991
|teamsize|p1|6
|teamsize|p2|6
|start
|switch|p1a: Toxapex|Toxapex, F|100/100
|switch|p2a: Barraskewda|Barraskewda, F|100/100
|turn|1
|
|t:|1758236995
|move|p2a: Barraskewda|Psychic Fangs|p1a: Toxapex
|-supereffective|p1a: Toxapex
|-damage|p1a: Toxapex|53/100
|move|p1a: Toxapex|Toxic Spikes|p2a: Barraskewda
|-sidestart|p2: The FBI Agent|move: Toxic Spikes
|
|-heal|p1a: Toxapex|59/100|[from] item: Black Sludge
|upkeep
|turn|2
|
|t:|1758236999
|move|p1a: Toxapex|Protect|p1a: Toxapex
|-singleturn|p1a: Toxapex|Protect
|move|p2a: Barraskewda|Psychic Fangs|p1a: Toxapex
|-activate|p1a: Toxapex|move: Protect
|
|-heal|p1a: Toxapex|66/100|[from] item: Black Sludge
|upkeep
|turn|3
|
|t:|1758237010
|move|p2a: Barraskewda|Psychic Fangs|p1a: Toxapex
|-supereffective|p1a: Toxapex
|-damage|p1a: Toxapex|18/100
|move|p1a: Toxapex|Recover|p1a: Toxapex
|-heal|p1a: Toxapex|68/100
|
|-heal|p1a: Toxapex|74/100|[from] item: Black Sludge
|upkeep
|turn|4
|
|t:|1758237013
|move|p1a: Toxapex|Protect|p1a: Toxapex
|-singleturn|p1a: Toxapex|Protect
|move|p2a: Barraskewda|Psychic Fangs|p1a: Toxapex
|-activate|p1a: Toxapex|move: Protect
|
|-heal|p1a: Toxapex|80/100|[from] item: Black Sludge
|upkeep
|turn|5
|
|t:|1758237018
|move|p2a: Barraskewda|Psychic Fangs|p1a: Toxapex
|-supereffective|p1a: Toxapex
|-damage|p1a: Toxapex|24/100
|move|p1a: Toxapex|Toxic Spikes|p2a: Barraskewda
|-sidestart|p2: The FBI Agent|move: Toxic Spikes
|
|-heal|p1a: Toxapex|30/100|[from] item: Black Sludge
|upkeep
|turn|6
|
|t:|1758237026
|switch|p2a: Toxtricity|Toxtricity, M|100/100
|-sideend|p2: The FBI Agent|move: Toxic Spikes|[of] p2a: Toxtricity
|switch|p1a: Clodsire|Clodsire, F|100/100
|
|upkeep
|turn|7
|
|t:|1758237034
|switch|p2a: Rillaboom|Rillaboom, M|100/100
|-fieldstart|move: Grassy Terrain|[from] ability: Grassy Surge|[of] p2a: Rillaboom
|move|p1a: Clodsire|Earthquake|p2a: Rillaboom
|-resisted|p2a: Rillaboom
|-damage|p2a: Rillaboom|94/100
|
|-heal|p2a: Rillaboom|100/100|[from] Grassy Terrain
|upkeep
|turn|8
|
|t:|1758237044
|switch|p1a: Salazzle|Salazzle, F|100/100
|move|p2a: Rillaboom|Grassy Glide|p1a: Salazzle
|-resisted|p1a: Salazzle
|-damage|p1a: Salazzle|86/100
|
|-heal|p1a: Salazzle|93/100|[from] Grassy Terrain
|-heal|p1a: Salazzle|99/100|[from] item: Black Sludge
|upkeep
|turn|9
|
|t:|1758237054
|switch|p2a: Barraskewda|Barraskewda, F|100/100
|move|p1a: Salazzle|Substitute|p1a: Salazzle
|-start|p1a: Salazzle|Substitute
|-damage|p1a: Salazzle|74/100
|
|-heal|p1a: Salazzle|80/100|[from] Grassy Terrain
|-heal|p1a: Salazzle|86/100|[from] item: Black Sludge
|upkeep
|turn|10
|
|t:|1758237057
|move|p2a: Barraskewda|Liquidation|p1a: Salazzle
|-supereffective|p1a: Salazzle
|-end|p1a: Salazzle|Substitute
|move|p1a: Salazzle|Toxic|p2a: Barraskewda
|-status|p2a: Barraskewda|tox
|
|-heal|p1a: Salazzle|93/100|[from] Grassy Terrain
|-heal|p1a: Salazzle|99/100|[from] item: Black Sludge
|-damage|p2a: Barraskewda|94/100 tox|[from] psn
|upkeep
|turn|11
|
|t:|1758237064
|switch|p2a: Sceptile|Sceptile, M|100/100
|-enditem|p2a: Sceptile|Grassy Seed
|-boost|p2a: Sceptile|def|1|[from] item: Grassy Seed
|move|p1a: Salazzle|Protect||[still]
|-fail|p1a: Salazzle
|
|-heal|p1a: Salazzle|100/100|[from] Grassy Terrain
|-fieldend|move: Grassy Terrain
|upkeep
|turn|12
|
|t:|1758237078
|move|p2a: Sceptile|Swords Dance|p2a: Sceptile
|-boost|p2a: Sceptile|atk|2
|move|p1a: Salazzle|Substitute|p1a: Salazzle
|-start|p1a: Salazzle|Substitute
|-damage|p1a: Salazzle|76/100
|
|-heal|p1a: Salazzle|82/100|[from] item: Black Sludge
|upkeep
|turn|13
|
|t:|1758237082
|move|p2a: Sceptile|Rock Slide|p1a: Salazzle
|-supereffective|p1a: Salazzle
|-end|p1a: Salazzle|Substitute
|move|p1a: Salazzle|Toxic|p2a: Sceptile
|-status|p2a: Sceptile|tox
|
|-heal|p1a: Salazzle|88/100|[from] item: Black Sludge
|-damage|p2a: Sceptile|94/100 tox|[from] psn
|upkeep
|turn|14
|
|t:|1758237090
|move|p2a: Sceptile|Swords Dance|p2a: Sceptile
|-boost|p2a: Sceptile|atk|2
|move|p1a: Salazzle|Substitute|p1a: Salazzle
|-start|p1a: Salazzle|Substitute
|-damage|p1a: Salazzle|63/100
|
|-heal|p1a: Salazzle|70/100|[from] item: Black Sludge
|-damage|p2a: Sceptile|82/100 tox|[from] psn
|upkeep
|turn|15
|
|t:|1758237095
|move|p1a: Salazzle|Protect|p1a: Salazzle
|-singleturn|p1a: Salazzle|Protect
|move|p2a: Sceptile|Rock Slide|p1a: Salazzle
|-activate|p1a: Salazzle|move: Protect
|
|-heal|p1a: Salazzle|76/100|[from] item: Black Sludge
|-damage|p2a: Sceptile|64/100 tox|[from] psn
|upkeep
|turn|16
|
|t:|1758237102
|move|p2a: Sceptile|Acrobatics|p1a: Salazzle
|-end|p1a: Salazzle|Substitute
|move|p1a: Salazzle|Flamethrower|p2a: Sceptile
|-supereffective|p2a: Sceptile
|-damage|p2a: Sceptile|0 fnt
|faint|p2a: Sceptile
|
|-heal|p1a: Salazzle|82/100|[from] item: Black Sludge
|upkeep
|
|t:|1758237106
|switch|p2a: Barraskewda|Barraskewda, F|94/100 tox
|turn|17
|
|t:|1758237113
|move|p1a: Salazzle|Protect|p1a: Salazzle
|-singleturn|p1a: Salazzle|Protect
|move|p2a: Barraskewda|Psychic Fangs|p1a: Salazzle
|-activate|p1a: Salazzle|move: Protect
|
|-heal|p1a: Salazzle|88/100|[from] item: Black Sludge
|-damage|p2a: Barraskewda|88/100 tox|[from] psn
|upkeep
|turn|18
|
|t:|1758237128
|switch|p1a: Clodsire|Clodsire, F|100/100
|move|p2a: Barraskewda|Psychic Fangs|p1a: Clodsire
|-supereffective|p1a: Clodsire
|-damage|p1a: Clodsire|8/100
|
|-heal|p1a: Clodsire|15/100|[from] item: Black Sludge
|-damage|p2a: Barraskewda|76/100 tox|[from] psn
|upkeep
|turn|19
|
|t:|1758237140
|switch|p1a: Toxapex|Toxapex, F|64/100
|move|p2a: Barraskewda|Psychic Fangs|p1a: Toxapex
|-supereffective|p1a: Toxapex
|-damage|p1a: Toxapex|8/100
|
|-heal|p1a: Toxapex|15/100|[from] item: Black Sludge
|-damage|p2a: Barraskewda|58/100 tox|[from] psn
|upkeep
|turn|20
|
|t:|1758237145
|move|p1a: Toxapex|Protect|p1a: Toxapex
|-singleturn|p1a: Toxapex|Protect
|move|p2a: Barraskewda|Psychic Fangs|p1a: Toxapex
|-activate|p1a: Toxapex|move: Protect
|
|-heal|p1a: Toxapex|21/100|[from] item: Black Sludge
|-damage|p2a: Barraskewda|34/100 tox|[from] psn
|upkeep
|turn|21
|
|t:|1758237167
|move|p1a: Toxapex|Protect|p1a: Toxapex
|-singleturn|p1a: Toxapex|Protect
|move|p2a: Barraskewda|Psychic Fangs|p1a: Toxapex
|-activate|p1a: Toxapex|move: Protect
|
|-heal|p1a: Toxapex|27/100|[from] item: Black Sludge
|-damage|p2a: Barraskewda|3/100 tox|[from] psn
|upkeep
|turn|22
|
|t:|1758237180
|switch|p1a: Clodsire|Clodsire, F|15/100
|move|p2a: Barraskewda|Psychic Fangs|p1a: Clodsire
|-supereffective|p1a: Clodsire
|-damage|p1a: Clodsire|0 fnt
|faint|p1a: Clodsire
|
|-damage|p2a: Barraskewda|0 fnt|[from] psn
|faint|p2a: Barraskewda
|upkeep
|
|t:|1758237189
|switch|p2a: Thundurus|Thundurus, M|100/100
|switch|p1a: Toxapex|Toxapex, F|60/100
|turn|23
|
|t:|1758237196
|move|p2a: Thundurus|Thunder Wave|p1a: Toxapex
|-status|p1a: Toxapex|par
|move|p1a: Toxapex|Liquidation|p2a: Thundurus
|-damage|p2a: Thundurus|74/100
|
|-heal|p1a: Toxapex|67/100 par|[from] item: Black Sludge
|upkeep
|turn|24
|
|t:|1758237203
|switch|p1a: Toxtricity|Toxtricity, F|100/100
|move|p2a: Thundurus|Nasty Plot|p2a: Thundurus
|-boost|p2a: Thundurus|spa|2
|
|upkeep
|turn|25
|
|t:|1758237210
|move|p2a: Thundurus|Thunderbolt|p1a: Toxtricity
|-resisted|p1a: Toxtricity
|-damage|p1a: Toxtricity|42/100
|move|p1a: Toxtricity|Boomburst|p2a: Thundurus
|-damage|p2a: Thundurus|0 fnt
|faint|p2a: Thundurus
|
|upkeep
|
|t:|1758237217
|switch|p2a: Rillaboom|Rillaboom, M|100/100
|-fieldstart|move: Grassy Terrain|[from] ability: Grassy Surge|[of] p2a: Rillaboom
|turn|26
|
|t:|1758237221
|move|p2a: Rillaboom|Knock Off|p1a: Toxtricity
|-damage|p1a: Toxtricity|0 fnt
|-enditem|p1a: Toxtricity|Choice Specs|[from] move: Knock Off|[of] p2a: Rillaboom
|faint|p1a: Toxtricity
|
|upkeep
|
|t:|1758237224
|switch|p1a: Salazzle|Salazzle, F|88/100
|turn|27
|
|t:|1758237231
|move|p1a: Salazzle|Toxic|p2a: Rillaboom
|-status|p2a: Rillaboom|tox
|move|p2a: Rillaboom|Knock Off|p1a: Salazzle
|-damage|p1a: Salazzle|38/100
|-enditem|p1a: Salazzle|Black Sludge|[from] move: Knock Off|[of] p2a: Rillaboom
|
|-heal|p1a: Salazzle|44/100|[from] Grassy Terrain
|-damage|p2a: Rillaboom|94/100 tox|[from] psn
|upkeep
|turn|28
|
|t:|1758237242
|move|p1a: Salazzle|Flamethrower|p2a: Rillaboom
|-supereffective|p2a: Rillaboom
|-damage|p2a: Rillaboom|39/100 tox
|move|p2a: Rillaboom|U-turn|p1a: Salazzle
|-resisted|p1a: Salazzle
|-damage|p1a: Salazzle|35/100
|
|t:|1758237246
|switch|p2a: Infernape|Infernape, M|100/100|[from] U-turn
|-item|p2a: Infernape|Air Balloon
|
|-heal|p1a: Salazzle|41/100|[from] Grassy Terrain
|upkeep
|turn|29
|
|t:|1758237251
|move|p1a: Salazzle|Toxic|p2a: Infernape
|-status|p2a: Infernape|tox
|move|p2a: Infernape|Nasty Plot|p2a: Infernape
|-boost|p2a: Infernape|spa|2
|
|-heal|p1a: Salazzle|47/100|[from] Grassy Terrain
|-damage|p2a: Infernape|94/100 tox|[from] psn
|upkeep
|turn|30
|
|t:|1758237260
|move|p1a: Salazzle|Substitute|p1a: Salazzle
|-start|p1a: Salazzle|Substitute
|-damage|p1a: Salazzle|22/100
|move|p2a: Infernape|Flamethrower|p1a: Salazzle
|-resisted|p1a: Salazzle
|-end|p1a: Salazzle|Substitute
|
|-heal|p1a: Salazzle|29/100|[from] Grassy Terrain
|-damage|p2a: Infernape|82/100 tox|[from] psn
|-fieldend|move: Grassy Terrain
|upkeep
|turn|31
|
|t:|1758237268
|move|p1a: Salazzle|Protect|p1a: Salazzle
|-singleturn|p1a: Salazzle|Protect
|move|p2a: Infernape|Flamethrower|p1a: Salazzle
|-activate|p1a: Salazzle|move: Protect
|
|-damage|p2a: Infernape|64/100 tox|[from] psn
|upkeep
|turn|32
|
|t:|1758237277
|move|p1a: Salazzle|Substitute|p1a: Salazzle
|-start|p1a: Salazzle|Substitute
|-damage|p1a: Salazzle|4/100
|move|p2a: Infernape|Flamethrower|p1a: Salazzle
|-resisted|p1a: Salazzle
|-end|p1a: Salazzle|Substitute
|
|-damage|p2a: Infernape|39/100 tox|[from] psn
|upkeep
|turn|33
|
|t:|1758237283
|move|p1a: Salazzle|Protect|p1a: Salazzle
|-singleturn|p1a: Salazzle|Protect
|move|p2a: Infernape|Flamethrower|p1a: Salazzle
|-activate|p1a: Salazzle|move: Protect
|
|-damage|p2a: Infernape|8/100 tox|[from] psn
|upkeep
|turn|34
|
|t:|1758237287
|move|p2a: Infernape|Vacuum Wave|p1a: Salazzle
|-resisted|p1a: Salazzle
|-damage|p1a: Salazzle|0 fnt
|faint|p1a: Salazzle
|
|-damage|p2a: Infernape|0 fnt|[from] psn
|faint|p2a: Infernape
|upkeep
|
|t:|1758237307
|switch|p1a: Amoonguss|Amoonguss, F|100/100
|switch|p2a: Toxtricity|Toxtricity, M|100/100
|turn|35
|
|t:|1758237312
|move|p2a: Toxtricity|Shift Gear|p2a: Toxtricity
|-boost|p2a: Toxtricity|spe|2
|-boost|p2a: Toxtricity|atk|1
|move|p1a: Amoonguss|Foul Play|p2a: Toxtricity
|-damage|p2a: Toxtricity|60/100
|
|upkeep
|turn|36
|
|t:|1758237318
|move|p2a: Toxtricity|Boomburst|p1a: Amoonguss
|-damage|p1a: Amoonguss|65/100
|-enditem|p2a: Toxtricity|Throat Spray
|-boost|p2a: Toxtricity|spa|1|[from] item: Throat Spray
|move|p1a: Amoonguss|Foul Play|p2a: Toxtricity
|-damage|p2a: Toxtricity|20/100
|
|-heal|p1a: Amoonguss|71/100|[from] item: Black Sludge
|upkeep
|turn|37
|
|t:|1758237325
|-terastallize|p2a: Toxtricity|Normal
|move|p2a: Toxtricity|Boomburst|p1a: Amoonguss
|-damage|p1a: Amoonguss|0 fnt
|faint|p1a: Amoonguss
|
|upkeep
|
|t:|1758237330
|switch|p1a: Fezandipiti|Fezandipiti, M|100/100
|turn|38
|
|t:|1758237337
|move|p2a: Toxtricity|Boomburst|p1a: Fezandipiti
|-damage|p1a: Fezandipiti|0 fnt
|faint|p1a: Fezandipiti
|
|upkeep
|
|t:|1758237340
|switch|p1a: Toxapex|Toxapex, F|99/100 par
|turn|39
|
|t:|1758237345
|move|p2a: Toxtricity|Overdrive|p1a: Toxapex
|-supereffective|p1a: Toxapex
|-crit|p1a: Toxapex
|-damage|p1a: Toxapex|0 fnt
|faint|p1a: Toxapex
|
|win|The FBI Agent
|raw|that_mommylover's rating: 1215 &rarr; <strong>1185</strong><br />(-30 for losing)
|raw|The FBI Agent's rating: 1148 &rarr; <strong>1178</strong><br />(+30 for winning)
|l|☆The FBI Agent
|player|p2|
|l|☆that_mommylover
|player|p1|
