|j|☆aislinn4eva247
|j|☆kelsey fiona
|t:|1758372465
|gametype|singles
|player|p1|aislinn4eva247|scientist-gen4dp|1381
|player|p2|kelsey fiona|101|1346
|gen|9
|tier|[Gen 9] OU
|rated|
|rule|HP Percentage Mod: HP is shown in percentages
|rule|Endless Battle Clause: Forcing endless battles is banned
|rule|Species Clause: Limit one of each Pokémon
|rule|OHKO Clause: OHKO moves are banned
|rule|Evasion Items Clause: Evasion items are banned
|rule|Evasion Moves Clause: Evasion moves are banned
|rule|Evasion Abilities Clause: Evasion abilities are banned
|rule|Sleep Moves Clause: Sleep-inducing moves are banned
|clearpoke
|poke|p1|Ribombee, M|
|poke|p1|Gholdengo|
|poke|p1|Ogerpon, F|
|poke|p1|Cinderace, F|
|poke|p1|Dragapult, M|
|poke|p1|Kyurem|
|poke|p2|Scovillain, M|
|poke|p2|Hatterene, F|
|poke|p2|Slither Wing|
|poke|p2|Corviknight, M|
|poke|p2|Torkoal, M|
|poke|p2|Walking Wake|
|teampreview
|
|t:|1758372475
|teamsize|p1|6
|teamsize|p2|6
|start
|switch|p1a: Ribombee|Ribombee, M|100/100
|switch|p2a: Torkoal|Torkoal, M|100/100
|-weather|SunnyDay|[from] ability: Drought|[of] p2a: Torkoal
|turn|1
|
|t:|1758372482
|switch|p2a: Hatterene|Hatterene, F|100/100
|move|p1a: Ribombee|Stun Spore|p2a: Hatterene
|move|p2a: Hatterene|Stun Spore|p1a: Ribombee|[from] ability: Magic Bounce|[miss]
|-miss|p2a: Hatterene|p1a: Ribombee
|
|-weather|SunnyDay|[upkeep]
|upkeep
|turn|2
|
|t:|1758372502
|switch|p1a: Cinderace|Cinderace, F|100/100
|move|p2a: Hatterene|Nuzzle|p1a: Cinderace
|-damage|p1a: Cinderace|95/100
|-status|p1a: Cinderace|par
|
|-weather|SunnyDay|[upkeep]
|upkeep
|turn|3
|
|t:|1758372511
|move|p1a: Cinderace|Pyro Ball|p2a: Hatterene
|-damage|p2a: Hatterene|20/100
|-enditem|p2a: Hatterene|Eject Button
|
|t:|1758372520
|switch|p2a: Walking Wake|Walking Wake|100/100
|-activate|p2a: Walking Wake|ability: Protosynthesis
|-start|p2a: Walking Wake|protosynthesisspa
|
|-weather|SunnyDay|[upkeep]
|upkeep
|turn|4
|
|t:|1758372527
|move|p2a: Walking Wake|Hydro Steam|p1a: Cinderace
|-supereffective|p1a: Cinderace
|-damage|p1a: Cinderace|0 fnt
|faint|p1a: Cinderace
|
|-weather|SunnyDay|[upkeep]
|upkeep
|
|t:|1758372534
|switch|p1a: Dragapult|Dragapult, M|100/100
|turn|5
|
|t:|1758372539
|-end|p2a: Walking Wake|Protosynthesis|[silent]
|switch|p2a: Slither Wing|Slither Wing|100/100
|-activate|p2a: Slither Wing|ability: Protosynthesis
|-start|p2a: Slither Wing|protosynthesisspd
|move|p1a: Dragapult|Dragon Darts|p2a: Slither Wing
|-damage|p2a: Slither Wing|54/100
|-anim|p1a: Dragapult|Dragon Darts|p2a: Slither Wing
|-damage|p2a: Slither Wing|7/100
|-enditem|p2a: Slither Wing|Eject Button
|
|t:|1758372555
|-end|p2a: Slither Wing|Protosynthesis|[silent]
|switch|p2a: Scovillain|Scovillain, M|100/100
|
|-weather|SunnyDay|[upkeep]
|upkeep
|turn|6
|
|t:|1758372562
|-terastallize|p2a: Scovillain|Fire
|move|p2a: Scovillain|Overheat|p1a: Dragapult
|-resisted|p1a: Dragapult
|-damage|p1a: Dragapult|0 fnt
|-unboost|p2a: Scovillain|spa|2
|faint|p1a: Dragapult
|
|-weather|SunnyDay|[upkeep]
|upkeep
|
|t:|1758372570
|switch|p1a: Ribombee|Ribombee, M|100/100
|turn|7
|
|t:|1758372586
|switch|p2a: Hatterene|Hatterene, F|20/100
|move|p1a: Ribombee|Stun Spore|p2a: Hatterene
|move|p2a: Hatterene|Stun Spore|p1a: Ribombee|[from] ability: Magic Bounce
|-status|p1a: Ribombee|par
|
|-weather|SunnyDay|[upkeep]
|upkeep
|turn|8
|
|t:|1758372596
|switch|p1a: Gholdengo|Gholdengo|100/100
|-item|p1a: Gholdengo|Air Balloon
|move|p2a: Hatterene|Psychic Noise|p1a: Gholdengo
|-resisted|p1a: Gholdengo
|-damage|p1a: Gholdengo|81/100
|-start|p1a: Gholdengo|move: Heal Block
|-enditem|p1a: Gholdengo|Air Balloon
|
|-weather|none
|upkeep
|turn|9
|
|t:|1758372607
|move|p1a: Gholdengo|Hex|p2a: Hatterene
|-supereffective|p2a: Hatterene
|-crit|p2a: Hatterene
|-damage|p2a: Hatterene|0 fnt
|faint|p2a: Hatterene
|
|-end|p1a: Gholdengo|move: Heal Block
|upkeep
|inactive|Battle timer is ON: inactive players will automatically lose when time's up. (requested by aislinn4eva247)
|
|t:|1758372633
|switch|p2a: Torkoal|Torkoal, M|100/100
|-weather|SunnyDay|[from] ability: Drought|[of] p2a: Torkoal
|turn|10
|
|t:|1758372655
|switch|p1a: Ribombee|Ribombee, M|100/100 par
|switch|p2a: Corviknight|Corviknight, M|100/100
|-ability|p2a: Corviknight|Pressure
|
|-weather|SunnyDay|[upkeep]
|upkeep
|turn|11
|
|t:|1758372662
|cant|p1a: Ribombee|par
|move|p2a: Corviknight|Brave Bird|p1a: Ribombee
|-supereffective|p1a: Ribombee
|-enditem|p1a: Ribombee|Focus Sash
|-damage|p1a: Ribombee|1/100 par
|-damage|p2a: Corviknight|79/100|[from] Recoil
|
|-weather|SunnyDay|[upkeep]
|upkeep
|turn|12
|
|t:|1758372668
|move|p1a: Ribombee|Sticky Web|p2a: Corviknight
|-sidestart|p2: kelsey fiona|move: Sticky Web
|move|p2a: Corviknight|U-turn|p1a: Ribombee
|-resisted|p1a: Ribombee
|-damage|p1a: Ribombee|0 fnt
|faint|p1a: Ribombee
|
|t:|1758372676
|switch|p2a: Torkoal|Torkoal, M|100/100|[from] U-turn
|-activate|p2a: Torkoal|move: Sticky Web
|-unboost|p2a: Torkoal|spe|1
|
|-weather|SunnyDay|[upkeep]
|upkeep
|
|t:|1758372686
|switch|p1a: Kyurem|Kyurem|100/100
|-ability|p1a: Kyurem|Pressure
|turn|13
|
|t:|1758372690
|move|p1a: Kyurem|Earth Power|p2a: Torkoal
|-supereffective|p2a: Torkoal
|-damage|p2a: Torkoal|0 fnt
|faint|p2a: Torkoal
|
|-weather|SunnyDay|[upkeep]
|upkeep
|
|t:|1758372699
|switch|p2a: Scovillain|Scovillain, M, tera:Fire|100/100
|-activate|p2a: Scovillain|move: Sticky Web
|-unboost|p2a: Scovillain|spe|1
|turn|14
|
|t:|1758372706
|move|p2a: Scovillain|Flamethrower|p1a: Kyurem
|-damage|p1a: Kyurem|0 fnt
|faint|p1a: Kyurem
|
|-weather|SunnyDay|[upkeep]
|upkeep
|
|t:|1758372713
|switch|p1a: Gholdengo|Gholdengo|81/100
|turn|15
|
|t:|1758372715
|-terastallize|p1a: Gholdengo|Fairy
|move|p2a: Scovillain|Flamethrower|p1a: Gholdengo
|-crit|p1a: Gholdengo
|-damage|p1a: Gholdengo|0 fnt
|faint|p1a: Gholdengo
|
|-weather|SunnyDay|[upkeep]
|upkeep
|
|t:|1758372719
|switch|p1a: Ogerpon|Ogerpon, F|100/100
|turn|16
|-message|aislinn4eva247 forfeited.
|
|win|kelsey fiona
|raw|aislinn4eva247's rating: 1381 &rarr; <strong>1359</strong><br />(-22 for losing)
|raw|kelsey fiona's rating: 1346 &rarr; <strong>1368</strong><br />(+22 for winning)
|l|☆aislinn4eva247
|player|p1|
|l|☆kelsey fiona
|player|p2|
