|j|☆forok1234
|j|☆b-wordboy
|t:|1758349940
|gametype|singles
|player|p1|forok1234|2|1297
|player|p2|b-wordboy|iono|1235
|gen|9
|tier|[Gen 9] OU
|rated|
|rule|HP Percentage Mod: HP is shown in percentages
|rule|Endless Battle Clause: Forcing endless battles is banned
|rule|Species Clause: Limit one of each Pokémon
|rule|OHKO Clause: OHKO moves are banned
|rule|Evasion Items Clause: Evasion items are banned
|rule|Evasion Moves Clause: Evasion moves are banned
|rule|Evasion Abilities Clause: Evasion abilities are banned
|rule|Sleep Moves Clause: Sleep-inducing moves are banned
|clearpoke
|poke|p1|Ting-Lu|
|poke|p1|Gliscor, F|
|poke|p1|Sinistcha-Masterpiece|
|poke|p1|Keldeo|
|poke|p1|Tinkaton, F|
|poke|p1|Dragonite, M|
|poke|p2|Scream Tail|
|poke|p2|Iron Valiant|
|poke|p2|Scizor, F|
|poke|p2|Ting-Lu|
|poke|p2|Kyurem|
|poke|p2|Corviknight, M|
|teampreview
|
|t:|1758349980
|teamsize|p1|6
|teamsize|p2|6
|start
|switch|p1a: Braindamage|Ting-Lu|100/100
|switch|p2a: Lu-Ting|Ting-Lu|100/100
|-ability|p1a: Braindamage|Vessel of Ruin
|-ability|p2a: Lu-Ting|Vessel of Ruin
|turn|1
|
|t:|1758350004
|move|p1a: Braindamage|Spikes|p2a: Lu-Ting
|-sidestart|p2: b-wordboy|Spikes
|move|p2a: Lu-Ting|Stealth Rock|p1a: Braindamage
|-sidestart|p1: forok1234|move: Stealth Rock
|
|upkeep
|turn|2
|
|t:|1758350008
|move|p1a: Braindamage|Spikes|p2a: Lu-Ting
|-sidestart|p2: b-wordboy|Spikes
|move|p2a: Lu-Ting|Ruination|p1a: Braindamage
|-damage|p1a: Braindamage|50/100
|
|-heal|p1a: Braindamage|57/100|[from] item: Leftovers
|upkeep
|turn|3
|
|t:|1758350018
|move|p1a: Braindamage|Spikes|p2a: Lu-Ting
|-sidestart|p2: b-wordboy|Spikes
|move|p2a: Lu-Ting|Ruination|p1a: Braindamage|[miss]
|-miss|p2a: Lu-Ting|p1a: Braindamage
|
|-heal|p1a: Braindamage|63/100|[from] item: Leftovers
|upkeep
|turn|4
|
|t:|1758350027
|move|p2a: Lu-Ting|Ruination|p1a: Braindamage
|-damage|p1a: Braindamage|32/100
|move|p1a: Braindamage|Whirlwind|p2a: Lu-Ting
|drag|p2a: The Dark Knight|Corviknight, M|100/100
|-ability|p2a: The Dark Knight|Pressure
|
|-heal|p1a: Braindamage|38/100|[from] item: Leftovers
|upkeep
|turn|5
|
|t:|1758350036
|switch|p1a: CLQ|Tinkaton, F, shiny|100/100
|-damage|p1a: CLQ|94/100|[from] Stealth Rock
|-item|p1a: CLQ|Air Balloon
|move|p2a: The Dark Knight|Defog|p1a: CLQ
|-unboost|p1a: CLQ|evasion|1
|-sideend|p1: forok1234|Stealth Rock|[from] move: Defog|[of] p2a: The Dark Knight
|-sideend|p2: b-wordboy|Spikes|[from] move: Defog|[of] p2a: The Dark Knight
|
|upkeep
|turn|6
|c|☆b-wordboy|i cant count the amount of ruinations ive missed today
|
|t:|1758350055
|switch|p2a: Lu-Ting|Ting-Lu|100/100
|-ability|p2a: Lu-Ting|Vessel of Ruin
|move|p1a: CLQ|Thunder Wave|p2a: Lu-Ting
|-immune|p2a: Lu-Ting
|
|upkeep
|turn|7
|
|t:|1758350066
|switch|p1a: Glider|Gliscor, F|100/100
|move|p2a: Lu-Ting|Ruination|p1a: Glider
|-damage|p1a: Glider|50/100
|
|-status|p1a: Glider|tox|[from] item: Toxic Orb
|upkeep
|turn|8
|
|t:|1758350074
|move|p1a: Glider|Knock Off|p2a: Lu-Ting
|-resisted|p2a: Lu-Ting
|-damage|p2a: Lu-Ting|95/100
|-enditem|p2a: Lu-Ting|Leftovers|[from] move: Knock Off|[of] p1a: Glider
|move|p2a: Lu-Ting|Stealth Rock|p1a: Glider
|-sidestart|p1: forok1234|move: Stealth Rock
|
|-heal|p1a: Glider|63/100 tox|[from] ability: Poison Heal
|upkeep
|turn|9
|
|t:|1758350088
|move|p1a: Glider|Swords Dance|p1a: Glider
|-boost|p1a: Glider|atk|2
|move|p2a: Lu-Ting|Ruination|p1a: Glider
|-damage|p1a: Glider|32/100 tox
|
|-heal|p1a: Glider|44/100 tox|[from] ability: Poison Heal
|upkeep
|turn|10
|
|t:|1758350108
|move|p1a: Glider|Facade|p2a: Lu-Ting
|-damage|p2a: Lu-Ting|66/100
|move|p2a: Lu-Ting|Whirlwind|p1a: Glider
|drag|p1a: Drakonid Operative|Dragonite, M|100/100
|
|upkeep
|turn|11
|
|t:|1758350121
|switch|p1a: CLQ|Tinkaton, F, shiny|94/100
|-damage|p1a: CLQ|88/100|[from] Stealth Rock
|-item|p1a: CLQ|Air Balloon
|move|p2a: Lu-Ting|Ruination|p1a: CLQ|[miss]
|-miss|p2a: Lu-Ting|p1a: CLQ
|
|upkeep
|turn|12
|
|t:|1758350137
|switch|p1a: Glider|Gliscor, F|44/100 tox
|-damage|p1a: Glider|32/100 tox|[from] Stealth Rock
|move|p2a: Lu-Ting|Ruination|p1a: Glider
|-damage|p1a: Glider|16/100 tox
|
|-heal|p1a: Glider|29/100 tox|[from] ability: Poison Heal
|upkeep
|turn|13
|
|t:|1758350151
|move|p1a: Glider|Knock Off|p2a: Lu-Ting
|-resisted|p2a: Lu-Ting
|-damage|p2a: Lu-Ting|63/100
|move|p2a: Lu-Ting|Whirlwind|p1a: Glider
|drag|p1a: MLP|Keldeo|100/100
|
|upkeep
|turn|14
|
|t:|1758350163
|move|p1a: MLP|Surf|p2a: Lu-Ting
|-supereffective|p2a: Lu-Ting
|-damage|p2a: Lu-Ting|16/100
|move|p2a: Lu-Ting|Ruination|p1a: MLP
|-damage|p1a: MLP|51/100
|-ability|p1a: MLP|Justified|boost
|-boost|p1a: MLP|atk|1
|
|upkeep
|turn|15
|
|t:|1758350175
|move|p1a: MLP|Flip Turn|p2a: Lu-Ting
|-supereffective|p2a: Lu-Ting
|-damage|p2a: Lu-Ting|0 fnt
|faint|p2a: Lu-Ting
|
|t:|1758350188
|switch|p1a: CLQ|Tinkaton, F, shiny|88/100|[from] Flip Turn
|-damage|p1a: CLQ|82/100|[from] Stealth Rock
|-item|p1a: CLQ|Air Balloon
|
|upkeep
|
|t:|1758350209
|switch|p2a: Hollow Knight|Kyurem|100/100
|-ability|p2a: Hollow Knight|Pressure
|turn|16
|
|t:|1758350240
|move|p2a: Hollow Knight|Flash Cannon|p1a: CLQ
|-damage|p1a: CLQ|55/100
|-enditem|p1a: CLQ|Air Balloon
|move|p1a: CLQ|Gigaton Hammer|p2a: Hollow Knight
|-supereffective|p2a: Hollow Knight
|-damage|p2a: Hollow Knight|13/100
|
|upkeep
|turn|17
|
|t:|1758350292
|switch|p2a: The Dark Knight|Corviknight, M|100/100
|-ability|p2a: The Dark Knight|Pressure
|move|p1a: CLQ|Stealth Rock|p2a: The Dark Knight
|-sidestart|p2: b-wordboy|move: Stealth Rock
|
|upkeep
|turn|18
|
|t:|1758350304
|move|p1a: CLQ|Thunder Wave|p2a: The Dark Knight
|-status|p2a: The Dark Knight|par
|move|p2a: The Dark Knight|Defog|p1a: CLQ
|-unboost|p1a: CLQ|evasion|1
|-sideend|p1: forok1234|Stealth Rock|[from] move: Defog|[of] p2a: The Dark Knight
|-sideend|p2: b-wordboy|Stealth Rock|[from] move: Defog|[of] p2a: The Dark Knight
|
|upkeep
|turn|19
|
|t:|1758350325
|switch|p2a: Hollow Knight|Kyurem|13/100
|-ability|p2a: Hollow Knight|Pressure
|move|p1a: CLQ|Thunder Wave|p2a: Hollow Knight
|-status|p2a: Hollow Knight|par
|
|upkeep
|turn|20
|
|t:|1758350333
|move|p1a: CLQ|Gigaton Hammer|p2a: Hollow Knight
|-supereffective|p2a: Hollow Knight
|-damage|p2a: Hollow Knight|0 fnt
|faint|p2a: Hollow Knight
|
|upkeep
|
|t:|1758350337
|switch|p2a: The Dark Knight|Corviknight, M|100/100 par
|-ability|p2a: The Dark Knight|Pressure
|turn|21
|
|t:|1758350342
|move|p1a: CLQ|Stealth Rock|p2a: The Dark Knight
|-sidestart|p2: b-wordboy|move: Stealth Rock
|cant|p2a: The Dark Knight|par
|
|upkeep
|turn|22
|
|t:|1758350355
|move|p1a: CLQ|Gigaton Hammer|p2a: The Dark Knight
|-resisted|p2a: The Dark Knight
|-damage|p2a: The Dark Knight|86/100 par
|move|p2a: The Dark Knight|Defog|p1a: CLQ
|-unboost|p1a: CLQ|evasion|1
|-sideend|p2: b-wordboy|Stealth Rock|[from] move: Defog|[of] p2a: The Dark Knight
|
|upkeep
|turn|23
|
|t:|1758350368
|move|p1a: CLQ|Encore|p2a: The Dark Knight
|-start|p2a: The Dark Knight|Encore
|cant|p2a: The Dark Knight|par
|
|upkeep
|turn|24
|
|t:|1758350389
|move|p1a: CLQ|Stealth Rock|p2a: The Dark Knight
|-sidestart|p2: b-wordboy|move: Stealth Rock
|cant|p2a: The Dark Knight|par
|
|upkeep
|turn|25
|
|t:|1758350423
|switch|p1a: Glider|Gliscor, F|29/100 tox
|cant|p2a: The Dark Knight|par
|
|-heal|p1a: Glider|41/100 tox|[from] ability: Poison Heal
|-end|p2a: The Dark Knight|Encore
|upkeep
|turn|26
|
|t:|1758350443
|move|p1a: Glider|Knock Off|p2a: The Dark Knight
|-damage|p2a: The Dark Knight|72/100 par
|-damage|p1a: Glider|25/100 tox|[from] item: Rocky Helmet|[of] p2a: The Dark Knight
|-enditem|p2a: The Dark Knight|Rocky Helmet|[from] move: Knock Off|[of] p1a: Glider
|cant|p2a: The Dark Knight|par
|
|-heal|p1a: Glider|37/100 tox|[from] ability: Poison Heal
|upkeep
|turn|27
|c|☆b-wordboy|i really like being paraed
|c|☆b-wordboy|favourite part of the game
|c|☆forok1234|unlucky :(
|
|t:|1758350478
|move|p1a: Glider|Swords Dance|p1a: Glider
|-boost|p1a: Glider|atk|2
|move|p2a: The Dark Knight|Defog|p1a: Glider
|-unboost|p1a: Glider|evasion|1
|-sideend|p2: b-wordboy|Stealth Rock|[from] move: Defog|[of] p2a: The Dark Knight
|
|-heal|p1a: Glider|50/100 tox|[from] ability: Poison Heal
|upkeep
|turn|28
|
|t:|1758350488
|move|p1a: Glider|Knock Off|p2a: The Dark Knight
|-crit|p2a: The Dark Knight
|-damage|p2a: The Dark Knight|42/100 par
|cant|p2a: The Dark Knight|par
|
|-heal|p1a: Glider|62/100 tox|[from] ability: Poison Heal
|upkeep
|turn|29
|c|☆forok1234|lol
|c|☆forok1234|rip
|
|t:|1758350499
|move|p1a: Glider|Knock Off|p2a: The Dark Knight
|-damage|p2a: The Dark Knight|22/100 par
|move|p2a: The Dark Knight|Roost|p2a: The Dark Knight
|-heal|p2a: The Dark Knight|72/100 par
|-singleturn|p2a: The Dark Knight|move: Roost
|
|-heal|p1a: Glider|75/100 tox|[from] ability: Poison Heal
|upkeep
|turn|30
|
|t:|1758350505
|move|p1a: Glider|Swords Dance|p1a: Glider
|-boost|p1a: Glider|atk|2
|cant|p2a: The Dark Knight|par
|
|-heal|p1a: Glider|87/100 tox|[from] ability: Poison Heal
|upkeep
|turn|31
|
|t:|1758350513
|move|p1a: Glider|Knock Off|p2a: The Dark Knight
|-damage|p2a: The Dark Knight|45/100 par
|move|p2a: The Dark Knight|Brave Bird|p1a: Glider
|-damage|p1a: Glider|58/100 tox
|-damage|p2a: The Dark Knight|36/100 par|[from] Recoil
|
|-heal|p1a: Glider|70/100 tox|[from] ability: Poison Heal
|upkeep
|turn|32
|
|t:|1758350523
|move|p1a: Glider|Swords Dance|p1a: Glider
|-boost|p1a: Glider|atk|2
|move|p2a: The Dark Knight|U-turn|p1a: Glider
|-resisted|p1a: Glider
|-damage|p1a: Glider|64/100 tox
|
|t:|1758350537
|switch|p2a: Valiant Paliant|Iron Valiant|100/100|[from] U-turn
|-enditem|p2a: Valiant Paliant|Booster Energy
|-activate|p2a: Valiant Paliant|ability: Quark Drive|[fromitem]
|-start|p2a: Valiant Paliant|quarkdrivespe
|
|-heal|p1a: Glider|77/100 tox|[from] ability: Poison Heal
|upkeep
|turn|33
|c|☆b-wordboy|im astonished
|
|t:|1758350558
|move|p1a: Glider|Protect|p1a: Glider
|-singleturn|p1a: Glider|Protect
|move|p2a: Valiant Paliant|Moonblast|p1a: Glider
|-activate|p1a: Glider|move: Protect
|
|-heal|p1a: Glider|89/100 tox|[from] ability: Poison Heal
|upkeep
|turn|34
|c|☆b-wordboy|at my lucky this game
|
|t:|1758350573
|move|p2a: Valiant Paliant|Moonblast|p1a: Glider
|-damage|p1a: Glider|35/100 tox
|-unboost|p1a: Glider|spa|1
|move|p1a: Glider|Facade|p2a: Valiant Paliant
|-damage|p2a: Valiant Paliant|0 fnt
|faint|p2a: Valiant Paliant
|-end|p2a: Valiant Paliant|Quark Drive|[silent]
|
|-heal|p1a: Glider|48/100 tox|[from] ability: Poison Heal
|upkeep
|
|t:|1758350584
|switch|p2a: Scizor Sistor|Scizor, F|100/100
|turn|35
|c|☆forok1234|im sorry :(
|
|t:|1758350595
|move|p1a: Glider|Protect|p1a: Glider
|-singleturn|p1a: Glider|Protect
|move|p2a: Scizor Sistor|Bullet Punch|p1a: Glider
|-activate|p1a: Glider|move: Protect
|
|-heal|p1a: Glider|60/100 tox|[from] ability: Poison Heal
|upkeep
|turn|36
|
|t:|1758350617
|-terastallize|p1a: Glider|Normal
|move|p2a: Scizor Sistor|Bullet Punch|p1a: Glider
|-damage|p1a: Glider|18/100 tox
|move|p1a: Glider|Facade|p2a: Scizor Sistor
|-resisted|p2a: Scizor Sistor
|-crit|p2a: Scizor Sistor
|-damage|p2a: Scizor Sistor|0 fnt
|faint|p2a: Scizor Sistor
|
|-heal|p1a: Glider|31/100 tox|[from] ability: Poison Heal
|upkeep
|
|t:|1758350634
|switch|p2a: ScreamyPuff|Scream Tail|100/100
|-enditem|p2a: ScreamyPuff|Booster Energy
|-activate|p2a: ScreamyPuff|ability: Protosynthesis|[fromitem]
|-start|p2a: ScreamyPuff|protosynthesisspe
|turn|37
|
|t:|1758350654
|-terastallize|p2a: ScreamyPuff|Normal
|move|p2a: ScreamyPuff|Boomburst|p1a: Glider
|-damage|p1a: Glider|0 fnt
|faint|p1a: Glider
|
|upkeep
|
|t:|1758350689
|switch|p1a: Braindamage|Ting-Lu|38/100
|-ability|p1a: Braindamage|Vessel of Ruin
|turn|38
|
|t:|1758350704
|move|p2a: ScreamyPuff|Boomburst|p1a: Braindamage
|-damage|p1a: Braindamage|21/100
|move|p1a: Braindamage|Ruination|p2a: ScreamyPuff
|-damage|p2a: ScreamyPuff|50/100
|
|-heal|p1a: Braindamage|27/100|[from] item: Leftovers
|upkeep
|turn|39
|
|t:|1758350712
|move|p2a: ScreamyPuff|Wish|p2a: ScreamyPuff
|move|p1a: Braindamage|Earthquake|p2a: ScreamyPuff
|-damage|p2a: ScreamyPuff|18/100
|
|-heal|p1a: Braindamage|33/100|[from] item: Leftovers
|upkeep
|turn|40
|
|t:|1758350733
|move|p2a: ScreamyPuff|Boomburst|p1a: Braindamage
|-damage|p1a: Braindamage|16/100
|move|p1a: Braindamage|Earthquake|p2a: ScreamyPuff
|-damage|p2a: ScreamyPuff|0 fnt
|faint|p2a: ScreamyPuff
|-end|p2a: ScreamyPuff|Protosynthesis|[silent]
|
|-heal|p1a: Braindamage|22/100|[from] item: Leftovers
|upkeep
|
|t:|1758350739
|switch|p2a: The Dark Knight|Corviknight, M|36/100 par
|-ability|p2a: The Dark Knight|Pressure
|turn|41
|c|☆forok1234|sorry man undeserved hax
|
|t:|1758350746
|move|p1a: Braindamage|Ruination|p2a: The Dark Knight
|-damage|p2a: The Dark Knight|18/100 par
|move|p2a: The Dark Knight|U-turn|p1a: Braindamage
|-supereffective|p1a: Braindamage
|-damage|p1a: Braindamage|5/100
|
|-heal|p1a: Braindamage|12/100|[from] item: Leftovers
|upkeep
|turn|42
|c|☆b-wordboy|ggs
|c|☆forok1234|gg
|
|t:|1758350753
|move|p1a: Braindamage|Ruination|p2a: The Dark Knight
|-damage|p2a: The Dark Knight|10/100 par
|move|p2a: The Dark Knight|Brave Bird|p1a: Braindamage
|-damage|p1a: Braindamage|0 fnt
|faint|p1a: Braindamage
|-damage|p2a: The Dark Knight|5/100 par|[from] Recoil
|
|upkeep
|
|t:|1758350759
|switch|p1a: MLP|Keldeo|51/100
|turn|43
|
|t:|1758350761
|move|p1a: MLP|Surf|p2a: The Dark Knight
|-damage|p2a: The Dark Knight|0 fnt
|faint|p2a: The Dark Knight
|
|win|forok1234
|raw|forok1234's rating: 1297 &rarr; <strong>1318</strong><br />(+21 for winning)
|raw|b-wordboy's rating: 1235 &rarr; <strong>1214</strong><br />(-21 for losing)
|l|☆b-wordboy
|player|p2|
|l|☆forok1234
|player|p1|
