|j|☆leosyspu
|j|☆Asilentmusician
|t:|1758333648
|gametype|singles
|player|p1|leosyspu|cynthia|1432
|player|p2|Asilentmusician|fantina|1394
|gen|9
|tier|[Gen 9] OU
|rated|
|rule|HP Percentage Mod: HP is shown in percentages
|rule|Endless Battle Clause: Forcing endless battles is banned
|rule|Species Clause: Limit one of each Pokémon
|rule|OHKO Clause: OHKO moves are banned
|rule|Evasion Items Clause: Evasion items are banned
|rule|Evasion Moves Clause: Evasion moves are banned
|rule|Evasion Abilities Clause: Evasion abilities are banned
|rule|Sleep Moves Clause: Sleep-inducing moves are banned
|clearpoke
|poke|p1|Heracross, M|
|poke|p1|Pelipper, M|
|poke|p1|Gholdengo|
|poke|p1|Gliscor, M|
|poke|p1|Dragonite, F|
|poke|p1|Kingdra, M|
|poke|p2|Hoopa-Unbound|
|poke|p2|Araquanid, F|
|poke|p2|Gholdengo|
|poke|p2|Ceruledge, F|
|poke|p2|Dragonite, M|
|poke|p2|Gliscor, F|
|teampreview
|inactive|Battle timer is ON: inactive players will automatically lose when time's up. (requested by leosyspu)
|
|t:|1758333668
|teamsize|p1|6
|teamsize|p2|6
|start
|switch|p1a: 铁甲卡布达|Heracross, M|100/100
|switch|p2a: Hoopa|Hoopa-Unbound|100/100
|turn|1
|
|t:|1758333674
|move|p2a: Hoopa|Psychic|p1a: 铁甲卡布达
|-supereffective|p1a: 铁甲卡布达
|-damage|p1a: 铁甲卡布达|0 fnt
|faint|p1a: 铁甲卡布达
|
|upkeep
|
|t:|1758333681
|switch|p1a: 剧毒老是空废物|Gliscor, M|100/100
|turn|2
|
|t:|1758333685
|move|p1a: 剧毒老是空废物|Protect|p1a: 剧毒老是空废物
|-singleturn|p1a: 剧毒老是空废物|Protect
|move|p2a: Hoopa|Psychic|p1a: 剧毒老是空废物
|-activate|p1a: 剧毒老是空废物|move: Protect
|
|-status|p1a: 剧毒老是空废物|tox|[from] item: Toxic Orb
|upkeep
|turn|3
|
|t:|1758333693
|move|p2a: Hoopa|Psychic|p1a: 剧毒老是空废物
|-damage|p1a: 剧毒老是空废物|31/100 tox
|move|p1a: 剧毒老是空废物|U-turn|p2a: Hoopa
|-supereffective|p2a: Hoopa
|-damage|p2a: Hoopa|1/100
|
|t:|1758333699
|switch|p1a: 强力高速炮|Dragonite, F|100/100|[from] U-turn
|
|upkeep
|turn|4
|
|t:|1758333704
|switch|p2a: Gholdengo|Gholdengo|100/100
|-item|p2a: Gholdengo|Air Balloon
|move|p1a: 强力高速炮|Dragon Dance|p1a: 强力高速炮
|-boost|p1a: 强力高速炮|atk|1
|-boost|p1a: 强力高速炮|spe|1
|
|upkeep
|turn|5
|
|t:|1758333711
|move|p1a: 强力高速炮|Scale Shot|p2a: Gholdengo
|-resisted|p2a: Gholdengo
|-damage|p2a: Gholdengo|93/100
|-enditem|p2a: Gholdengo|Air Balloon
|-resisted|p2a: Gholdengo
|-damage|p2a: Gholdengo|86/100
|-hitcount|p2a: Gholdengo|2
|-unboost|p1a: 强力高速炮|def|1
|-boost|p1a: 强力高速炮|spe|1
|move|p2a: Gholdengo|Dazzling Gleam|p1a: 强力高速炮
|-supereffective|p1a: 强力高速炮
|-damage|p1a: 强力高速炮|81/100
|
|-heal|p1a: 强力高速炮|87/100|[from] item: Leftovers
|upkeep
|turn|6
|
|t:|1758333735
|move|p1a: 强力高速炮|Scale Shot|p2a: Gholdengo
|-resisted|p2a: Gholdengo
|-damage|p2a: Gholdengo|79/100
|-resisted|p2a: Gholdengo
|-damage|p2a: Gholdengo|72/100
|-resisted|p2a: Gholdengo
|-damage|p2a: Gholdengo|65/100
|-hitcount|p2a: Gholdengo|3
|-unboost|p1a: 强力高速炮|def|1
|-boost|p1a: 强力高速炮|spe|1
|move|p2a: Gholdengo|Dazzling Gleam|p1a: 强力高速炮
|-supereffective|p1a: 强力高速炮
|-damage|p1a: 强力高速炮|45/100
|
|-heal|p1a: 强力高速炮|52/100|[from] item: Leftovers
|upkeep
|turn|7
|
|t:|1758333749
|move|p1a: 强力高速炮|Earthquake|p2a: Gholdengo
|-supereffective|p2a: Gholdengo
|-damage|p2a: Gholdengo|0 fnt
|faint|p2a: Gholdengo
|
|-heal|p1a: 强力高速炮|58/100|[from] item: Leftovers
|upkeep
|
|t:|1758333758
|switch|p2a: Dragonite|Dragonite, M|100/100
|turn|8
|
|t:|1758333762
|switch|p1a: 易拉罐超人o|Gholdengo|100/100
|-terastallize|p2a: Dragonite|Fairy
|move|p2a: Dragonite|Tera Blast|p1a: 易拉罐超人o|[anim] Tera Blast Fairy
|-resisted|p1a: 易拉罐超人o
|-damage|p1a: 易拉罐超人o|78/100
|
|upkeep
|turn|9
|
|t:|1758333771
|switch|p2a: Gliscor|Gliscor, F|100/100
|move|p1a: 易拉罐超人o|Trick|p2a: Gliscor
|-activate|p1a: 易拉罐超人o|move: Trick|[of] p2a: Gliscor
|-item|p2a: Gliscor|Choice Scarf|[from] move: Trick
|-item|p1a: 易拉罐超人o|Toxic Orb|[from] move: Trick
|
|upkeep
|turn|10
|
|t:|1758333783
|move|p2a: Gliscor|U-turn|p1a: 易拉罐超人o
|-resisted|p1a: 易拉罐超人o
|-damage|p1a: 易拉罐超人o|75/100
|
|t:|1758333786
|switch|p2a: Araquanid|Araquanid, F|100/100|[from] U-turn
|move|p1a: 易拉罐超人o|Shadow Ball|p2a: Araquanid
|-damage|p2a: Araquanid|70/100
|
|upkeep
|turn|11
|
|t:|1758333794
|move|p1a: 易拉罐超人o|Shadow Ball|p2a: Araquanid
|-damage|p2a: Araquanid|36/100
|move|p2a: Araquanid|Liquidation|p1a: 易拉罐超人o
|-damage|p1a: 易拉罐超人o|8/100
|
|upkeep
|turn|12
|
|t:|1758333802
|move|p1a: 易拉罐超人o|Shadow Ball|p2a: Araquanid
|-damage|p2a: Araquanid|2/100
|move|p2a: Araquanid|Liquidation|p1a: 易拉罐超人o
|-damage|p1a: 易拉罐超人o|0 fnt
|faint|p1a: 易拉罐超人o
|
|upkeep
|
|t:|1758333810
|switch|p1a: 强力高速炮|Dragonite, F|58/100
|turn|13
|-enditem|p2a: Araquanid|Custap Berry|[eat]
|-activate|p2a: Araquanid|item: Custap Berry|[consumed]
|
|t:|1758333815
|move|p2a: Araquanid|Endeavor|p1a: 强力高速炮
|-damage|p1a: 强力高速炮|2/100
|move|p1a: 强力高速炮|Dragon Dance|p1a: 强力高速炮
|-boost|p1a: 强力高速炮|atk|1
|-boost|p1a: 强力高速炮|spe|1
|
|-heal|p1a: 强力高速炮|8/100|[from] item: Leftovers
|upkeep
|turn|14
|
|t:|1758333825
|move|p1a: 强力高速炮|Extreme Speed|p2a: Araquanid
|-damage|p2a: Araquanid|0 fnt
|faint|p2a: Araquanid
|
|-heal|p1a: 强力高速炮|14/100|[from] item: Leftovers
|upkeep
|
|t:|1758333827
|switch|p2a: Dragonite|Dragonite, M, tera:Fairy|100/100
|turn|15
|
|t:|1758333835
|move|p1a: 强力高速炮|Extreme Speed|p2a: Dragonite
|-crit|p2a: Dragonite
|-damage|p2a: Dragonite|60/100
|move|p2a: Dragonite|Dragon Dance|p2a: Dragonite
|-boost|p2a: Dragonite|atk|1
|-boost|p2a: Dragonite|spe|1
|
|-heal|p1a: 强力高速炮|20/100|[from] item: Leftovers
|upkeep
|turn|16
|
|t:|1758333846
|move|p2a: Dragonite|Extreme Speed|p1a: 强力高速炮
|-damage|p1a: 强力高速炮|0 fnt
|faint|p1a: 强力高速炮
|
|upkeep
|
|t:|1758333851
|switch|p1a: 最快最强技最多|Pelipper, M|100/100
|-weather|RainDance|[from] ability: Drizzle|[of] p1a: 最快最强技最多
|turn|17
|
|t:|1758333856
|move|p2a: Dragonite|Dragon Dance|p2a: Dragonite
|-boost|p2a: Dragonite|atk|1
|-boost|p2a: Dragonite|spe|1
|move|p1a: 最快最强技最多|Hurricane|p2a: Dragonite
|-damage|p2a: Dragonite|24/100
|
|-weather|RainDance|[upkeep]
|upkeep
|turn|18
|
|t:|1758333863
|move|p2a: Dragonite|Tera Blast|p1a: 最快最强技最多|[anim] Tera Blast Fairy
|-damage|p1a: 最快最强技最多|29/100
|move|p1a: 最快最强技最多|Hurricane|p2a: Dragonite
|-damage|p2a: Dragonite|0 fnt
|faint|p2a: Dragonite
|
|-weather|RainDance|[upkeep]
|upkeep
|
|t:|1758333877
|switch|p2a: Gliscor|Gliscor, F|100/100
|turn|19
|
|t:|1758333881
|move|p2a: Gliscor|Knock Off|p1a: 最快最强技最多
|-damage|p1a: 最快最强技最多|13/100
|-enditem|p1a: 最快最强技最多|Damp Rock|[from] move: Knock Off|[of] p2a: Gliscor
|move|p1a: 最快最强技最多|U-turn|p2a: Gliscor
|-resisted|p2a: Gliscor
|-damage|p2a: Gliscor|97/100
|
|t:|1758333887
|switch|p1a: 剧毒老是空废物|Gliscor, M|31/100 tox|[from] U-turn
|
|-weather|RainDance|[upkeep]
|-heal|p1a: 剧毒老是空废物|43/100 tox|[from] ability: Poison Heal
|upkeep
|turn|20
|
|t:|1758333895
|move|p2a: Gliscor|Knock Off|p1a: 剧毒老是空废物
|-damage|p1a: 剧毒老是空废物|29/100 tox
|-enditem|p1a: 剧毒老是空废物|Toxic Orb|[from] move: Knock Off|[of] p2a: Gliscor
|move|p1a: 剧毒老是空废物|Earthquake|p2a: Gliscor
|-immune|p2a: Gliscor
|
|-weather|RainDance|[upkeep]
|-heal|p1a: 剧毒老是空废物|42/100 tox|[from] ability: Poison Heal
|upkeep
|turn|21
|
|t:|1758333906
|switch|p2a: Hoopa|Hoopa-Unbound|1/100
|move|p1a: 剧毒老是空废物|Earthquake|p2a: Hoopa
|-damage|p2a: Hoopa|0 fnt
|faint|p2a: Hoopa
|
|-weather|RainDance|[upkeep]
|-heal|p1a: 剧毒老是空废物|54/100 tox|[from] ability: Poison Heal
|upkeep
|
|t:|1758333911
|switch|p2a: Gliscor|Gliscor, F|97/100
|turn|22
|
|t:|1758333918
|move|p1a: 剧毒老是空废物|Protect|p1a: 剧毒老是空废物
|-singleturn|p1a: 剧毒老是空废物|Protect
|move|p2a: Gliscor|Stealth Rock|p1a: 剧毒老是空废物
|-sidestart|p1: leosyspu|move: Stealth Rock
|
|-weather|RainDance|[upkeep]
|-heal|p1a: 剧毒老是空废物|67/100 tox|[from] ability: Poison Heal
|upkeep
|turn|23
|
|t:|1758333929
|move|p2a: Gliscor|Stealth Rock||[still]
|-fail|p2a: Gliscor
|move|p1a: 剧毒老是空废物|Earthquake|p2a: Gliscor
|-immune|p2a: Gliscor
|
|-weather|RainDance|[upkeep]
|-heal|p1a: 剧毒老是空废物|79/100 tox|[from] ability: Poison Heal
|upkeep
|turn|24
|
|t:|1758333937
|move|p2a: Gliscor|Stealth Rock||[still]
|-fail|p2a: Gliscor
|move|p1a: 剧毒老是空废物|Earthquake|p2a: Gliscor
|-immune|p2a: Gliscor
|
|-weather|none
|-heal|p1a: 剧毒老是空废物|91/100 tox|[from] ability: Poison Heal
|upkeep
|turn|25
|
|t:|1758333946
|move|p2a: Gliscor|Stealth Rock||[still]
|-fail|p2a: Gliscor
|move|p1a: 剧毒老是空废物|Earthquake|p2a: Gliscor
|-immune|p2a: Gliscor
|
|-heal|p1a: 剧毒老是空废物|100/100 tox|[from] ability: Poison Heal
|upkeep
|turn|26
|
|t:|1758333954
|move|p2a: Gliscor|Stealth Rock||[still]
|-fail|p2a: Gliscor
|move|p1a: 剧毒老是空废物|U-turn|p2a: Gliscor
|-resisted|p2a: Gliscor
|-damage|p2a: Gliscor|91/100
|
|t:|1758333959
|switch|p1a: 最快最强技最多|Pelipper, M|13/100|[from] U-turn
|-damage|p1a: 最快最强技最多|0 fnt|[from] Stealth Rock
|faint|p1a: 最快最强技最多
|
|upkeep
|
|t:|1758333965
|switch|p1a: 东海水泡王|Kingdra, M|100/100
|-damage|p1a: 东海水泡王|88/100|[from] Stealth Rock
|turn|27
|
|t:|1758333971
|switch|p2a: Ceruledge|Ceruledge, F|100/100
|move|p1a: 东海水泡王|Surf|p2a: Ceruledge
|-supereffective|p2a: Ceruledge
|-damage|p2a: Ceruledge|0 fnt
|faint|p2a: Ceruledge
|
|upkeep
|
|t:|1758333976
|switch|p2a: Gliscor|Gliscor, F|91/100
|turn|28
|
|t:|1758333981
|move|p2a: Gliscor|Knock Off|p1a: 东海水泡王
|-damage|p1a: 东海水泡王|64/100
|-enditem|p1a: 东海水泡王|Choice Specs|[from] move: Knock Off|[of] p2a: Gliscor
|move|p1a: 东海水泡王|Surf|p2a: Gliscor
|-supereffective|p2a: Gliscor
|-damage|p2a: Gliscor|17/100
|
|upkeep
|turn|29
|
|t:|1758333989
|-terastallize|p1a: 东海水泡王|Water
|move|p2a: Gliscor|Knock Off|p1a: 东海水泡王
|-damage|p1a: 东海水泡王|46/100
|move|p1a: 东海水泡王|Surf|p2a: Gliscor
|-supereffective|p2a: Gliscor
|-damage|p2a: Gliscor|0 fnt
|faint|p2a: Gliscor
|
|win|leosyspu
|raw|leosyspu's rating: 1432 &rarr; <strong>1450</strong><br />(+18 for winning)
|raw|Asilentmusician's rating: 1394 &rarr; <strong>1376</strong><br />(-18 for losing)
|l|☆Asilentmusician
|player|p2|
|l|☆leosyspu
|player|p1|
