|j|☆Calcublast
|j|☆Sneasel Squad 彡
|t:|1758233144
|gametype|singles
|player|p1|Calcublast|thorton|1257
|player|p2|Sneasel Squad 彡|elesa|1241
|gen|9
|tier|[Gen 9] OU
|rated|
|rule|HP Percentage Mod: HP is shown in percentages
|rule|Endless Battle Clause: Forcing endless battles is banned
|rule|Species Clause: Limit one of each Pokémon
|rule|OHKO Clause: OHKO moves are banned
|rule|Evasion Items Clause: Evasion items are banned
|rule|Evasion Moves Clause: Evasion moves are banned
|rule|Evasion Abilities Clause: Evasion abilities are banned
|rule|Sleep Moves Clause: Sleep-inducing moves are banned
|clearpoke
|poke|p1|Braviary-Hisui, M|
|poke|p1|Kleavor, M|
|poke|p1|Hydrapple, M|
|poke|p1|Magnezone|
|poke|p1|Granbull, F|
|poke|p1|Cryogonal|
|poke|p2|Sneasel, M|
|poke|p2|Great Tusk|
|poke|p2|Gholdengo|
|poke|p2|Dragapult, M|
|poke|p2|Kingambit, M|
|poke|p2|Primarina, F|
|teampreview
|inactive|Battle timer is ON: inactive players will automatically lose when time's up. (requested by Sneasel Squad 彡)
|
|t:|1758233147
|teamsize|p1|6
|teamsize|p2|6
|start
|switch|p1a: Canada|Braviary-Hisui, M|100/100
|switch|p2a: Sneasel|Sneasel, M|100/100
|turn|1
|
|t:|1758233156
|-terastallize|p1a: Canada|Dark
|move|p2a: Sneasel|Swords Dance|p2a: Sneasel
|-boost|p2a: Sneasel|atk|2
|move|p1a: Canada|Heat Wave|p2a: Sneasel
|-supereffective|p2a: Sneasel
|-damage|p2a: Sneasel|2/100
|
|upkeep
|turn|2
|
|t:|1758233179
|switch|p1a: Vicktim|Granbull, F|100/100
|-ability|p1a: Vicktim|Intimidate|boost
|-fail|p2a: Sneasel|unboost|Attack|[from] ability: Inner Focus|[of] p2a: Sneasel
|-terastallize|p2a: Sneasel|Fairy
|move|p2a: Sneasel|Tera Blast|p1a: Vicktim|[anim] Tera Blast Fairy
|-damage|p1a: Vicktim|52/100
|
|upkeep
|turn|3
|
|t:|1758233200
|move|p2a: Sneasel|Tera Blast|p1a: Vicktim|[anim] Tera Blast Fairy
|-damage|p1a: Vicktim|3/100
|move|p1a: Vicktim|Play Rough|p2a: Sneasel
|-damage|p2a: Sneasel|0 fnt
|faint|p2a: Sneasel
|
|upkeep
|
|t:|1758233210
|switch|p2a: Dragapult|Dragapult, M, shiny|100/100
|turn|4
|inactive|Calcublast has 120 seconds left.
|
|t:|1758233237
|move|p2a: Dragapult|U-turn|p1a: Vicktim
|-resisted|p1a: Vicktim
|-damage|p1a: Vicktim|0 fnt
|-damage|p2a: Dragapult|84/100|[from] item: Rocky Helmet|[of] p1a: Vicktim
|faint|p1a: Vicktim
|
|t:|1758233241
|switch|p2a: Great Tusk|Great Tusk|100/100|[from] U-turn
|
|upkeep
|
|t:|1758233246
|switch|p1a: Wormy|Hydrapple, M|100/100
|turn|5
|
|t:|1758233252
|move|p2a: Great Tusk|Stealth Rock|p1a: Wormy
|-sidestart|p1: Calcublast|move: Stealth Rock
|move|p1a: Wormy|Giga Drain|p2a: Great Tusk
|-supereffective|p2a: Great Tusk
|-damage|p2a: Great Tusk|2/100
|
|upkeep
|turn|6
|
|t:|1758233261
|-end|p2a: Great Tusk|Protosynthesis|[silent]
|switch|p2a: Dragapult|Dragapult, M, shiny|84/100
|switch|p1a: Snowquake|Cryogonal|100/100
|
|upkeep
|turn|7
|
|t:|1758233269
|move|p2a: Dragapult|U-turn|p1a: Snowquake
|-damage|p1a: Snowquake|44/100
|
|t:|1758233276
|switch|p2a: Kingambit|Kingambit, M|100/100|[from] U-turn
|-activate|p2a: Kingambit|ability: Supreme Overlord
|-start|p2a: Kingambit|fallen1|[silent]
|move|p1a: Snowquake|Freeze-Dry|p2a: Kingambit
|-resisted|p2a: Kingambit
|-damage|p2a: Kingambit|87/100
|
|-heal|p2a: Kingambit|93/100|[from] item: Leftovers
|upkeep
|turn|8
|
|t:|1758233279
|move|p1a: Snowquake|Rapid Spin|p2a: Kingambit
|-resisted|p2a: Kingambit
|-damage|p2a: Kingambit|91/100
|-boost|p1a: Snowquake|spe|1
|-sideend|p1: Calcublast|Stealth Rock|[from] move: Rapid Spin|[of] p1a: Snowquake
|move|p2a: Kingambit|Swords Dance|p2a: Kingambit
|-boost|p2a: Kingambit|atk|2
|
|-heal|p2a: Kingambit|97/100|[from] item: Leftovers
|upkeep
|turn|9
|
|t:|1758233287
|move|p1a: Snowquake|Recover|p1a: Snowquake
|-heal|p1a: Snowquake|94/100
|move|p2a: Kingambit|Swords Dance|p2a: Kingambit
|-boost|p2a: Kingambit|atk|2
|
|-heal|p2a: Kingambit|100/100|[from] item: Leftovers
|upkeep
|turn|10
|
|t:|1758233297
|move|p1a: Snowquake|Freeze-Dry|p2a: Kingambit
|-resisted|p2a: Kingambit
|-damage|p2a: Kingambit|88/100
|move|p2a: Kingambit|Swords Dance|p2a: Kingambit
|-boost|p2a: Kingambit|atk|2
|
|-heal|p2a: Kingambit|94/100|[from] item: Leftovers
|upkeep
|turn|11
|
|t:|1758233302
|move|p2a: Kingambit|Sucker Punch|p1a: Snowquake
|-damage|p1a: Snowquake|0 fnt
|faint|p1a: Snowquake
|
|-heal|p2a: Kingambit|100/100|[from] item: Leftovers
|upkeep
|
|t:|1758233305
|switch|p1a: Triclops|Magnezone|100/100
|turn|12
|
|t:|1758233307
|move|p2a: Kingambit|Sucker Punch||[still]
|-fail|p2a: Kingambit
|move|p1a: Triclops|Iron Defense|p1a: Triclops
|-boost|p1a: Triclops|def|2
|
|upkeep
|turn|13
|
|t:|1758233311
|move|p2a: Kingambit|Kowtow Cleave|p1a: Triclops
|-damage|p1a: Triclops|19/100
|move|p1a: Triclops|Body Press|p2a: Kingambit
|-supereffective|p2a: Kingambit
|-damage|p2a: Kingambit|0 fnt
|faint|p2a: Kingambit
|-end|p2a: Kingambit|fallen1|[silent]
|
|-heal|p1a: Triclops|25/100|[from] item: Leftovers
|upkeep
|
|t:|1758233329
|switch|p2a: Great Tusk|Great Tusk|2/100
|turn|14
|
|t:|1758233336
|switch|p1a: Stone Age|Kleavor, M|100/100
|move|p2a: Great Tusk|Headlong Rush|p1a: Stone Age
|-damage|p1a: Stone Age|25/100
|-unboost|p2a: Great Tusk|def|1
|-unboost|p2a: Great Tusk|spd|1
|
|upkeep
|turn|15
|
|t:|1758233343
|move|p1a: Stone Age|Stone Axe|p2a: Great Tusk
|-resisted|p2a: Great Tusk
|-damage|p2a: Great Tusk|0 fnt
|-damage|p1a: Stone Age|9/100|[from] item: Rocky Helmet|[of] p2a: Great Tusk
|-sidestart|p2: Sneasel Squad 彡|move: Stealth Rock
|faint|p2a: Great Tusk
|-end|p2a: Great Tusk|Protosynthesis|[silent]
|
|upkeep
|
|t:|1758233351
|switch|p2a: Gholdengo|Gholdengo|100/100
|-damage|p2a: Gholdengo|94/100|[from] Stealth Rock
|-item|p2a: Gholdengo|Air Balloon
|turn|16
|
|t:|1758233361
|switch|p1a: Triclops|Magnezone|25/100
|move|p2a: Gholdengo|Hex|p1a: Triclops
|-damage|p1a: Triclops|0 fnt
|faint|p1a: Triclops
|
|upkeep
|
|t:|1758233368
|switch|p1a: Canada|Braviary-Hisui, M, tera:Dark|100/100
|turn|17
|
|t:|1758233374
|move|p2a: Gholdengo|Thunder Wave|p1a: Canada|[miss]
|-miss|p2a: Gholdengo|p1a: Canada
|move|p1a: Canada|Heat Wave|p2a: Gholdengo
|-supereffective|p2a: Gholdengo
|-crit|p2a: Gholdengo
|-damage|p2a: Gholdengo|0 fnt
|-enditem|p2a: Gholdengo|Air Balloon
|faint|p2a: Gholdengo
|
|upkeep
|
|t:|1758233379
|switch|p2a: Dragapult|Dragapult, M, shiny|84/100
|-damage|p2a: Dragapult|72/100|[from] Stealth Rock
|turn|18
|
|t:|1758233386
|move|p2a: Dragapult|Dragon Darts|p1a: Canada
|-damage|p1a: Canada|70/100
|-anim|p2a: Dragapult|Dragon Darts|p1a: Canada
|-damage|p1a: Canada|38/100
|move|p1a: Canada|Psychic|p2a: Dragapult
|-damage|p2a: Dragapult|0 fnt
|faint|p2a: Dragapult
|
|upkeep
|
|t:|1758233389
|switch|p2a: Primarina|Primarina, F|100/100
|-damage|p2a: Primarina|88/100|[from] Stealth Rock
|turn|19
|
|t:|1758233393
|move|p2a: Primarina|Moonblast|p1a: Canada
|-supereffective|p1a: Canada
|-damage|p1a: Canada|0 fnt
|faint|p1a: Canada
|
|upkeep
|
|t:|1758233397
|switch|p1a: Wormy|Hydrapple, M|100/100
|turn|20
|
|t:|1758233400
|move|p2a: Primarina|Moonblast|p1a: Wormy
|-supereffective|p1a: Wormy
|-damage|p1a: Wormy|54/100
|move|p1a: Wormy|Giga Drain|p2a: Primarina
|-supereffective|p2a: Primarina
|-damage|p2a: Primarina|45/100
|-heal|p1a: Wormy|71/100|[from] drain|[of] p2a: Primarina
|
|upkeep
|turn|21
|
|t:|1758233405
|move|p2a: Primarina|Ice Beam|p1a: Wormy
|-supereffective|p1a: Wormy
|-damage|p1a: Wormy|4/100
|move|p1a: Wormy|Giga Drain|p2a: Primarina
|-supereffective|p2a: Primarina
|-damage|p2a: Primarina|0 fnt
|-heal|p1a: Wormy|22/100|[from] drain|[of] p2a: Primarina
|faint|p2a: Primarina
|
|win|Calcublast
|raw|Calcublast's rating: 1257 &rarr; <strong>1281</strong><br />(+24 for winning)
|raw|Sneasel Squad 彡's rating: 1241 &rarr; <strong>1217</strong><br />(-24 for losing)
|l|☆Sneasel Squad 彡
|player|p2|
|l|☆Calcublast
|player|p1|
