|j|☆Godislaw
|j|☆DAk120
|t:|1758289754
|gametype|singles
|player|p1|Godislaw|266|1306
|player|p2|DAk120|morty|1326
|gen|9
|tier|[Gen 9] OU
|rated|
|rule|HP Percentage Mod: HP is shown in percentages
|rule|Endless Battle Clause: Forcing endless battles is banned
|rule|Species Clause: Limit one of each Pokémon
|rule|OHKO Clause: OHKO moves are banned
|rule|Evasion Items Clause: Evasion items are banned
|rule|Evasion Moves Clause: Evasion moves are banned
|rule|Evasion Abilities Clause: Evasion abilities are banned
|rule|Sleep Moves Clause: Sleep-inducing moves are banned
|clearpoke
|poke|p1|Darkrai|
|poke|p1|Galvantula, F|
|poke|p1|Garchomp, M|
|poke|p1|Dusclops, M|
|poke|p1|Skeledirge, F|
|poke|p1|Ogerpon-Wellspring, F|
|poke|p2|Excadrill, F|
|poke|p2|Tyranitar, F|
|poke|p2|Blaziken, F|
|poke|p2|Ogerpon-Wellspring, F|
|poke|p2|Dragapult, M|
|poke|p2|Zapdos|
|teampreview
|
|t:|1758289762
|teamsize|p1|6
|teamsize|p2|6
|start
|switch|p1a: Galvantula|Galvantula, F, shiny|100/100
|switch|p2a: Excadrill|Excadrill, F, shiny|100/100
|-item|p2a: Excadrill|Air Balloon
|turn|1
|
|t:|1758289778
|move|p1a: Galvantula|Sticky Web|p2a: Excadrill
|-sidestart|p2: DAk120|move: Sticky Web
|move|p2a: Excadrill|Rapid Spin|p1a: Galvantula
|-damage|p1a: Galvantula|67/100
|-boost|p2a: Excadrill|spe|1
|-sideend|p2: DAk120|Sticky Web|[from] move: Rapid Spin|[of] p2a: Excadrill
|
|upkeep
|turn|2
|
|t:|1758289785
|switch|p1a: Skeledirge|Skeledirge, F, shiny|100/100
|move|p2a: Excadrill|Earthquake|p1a: Skeledirge
|-supereffective|p1a: Skeledirge
|-damage|p1a: Skeledirge|35/100
|-enditem|p1a: Skeledirge|Weakness Policy
|-boost|p1a: Skeledirge|atk|2|[from] item: Weakness Policy
|-boost|p1a: Skeledirge|spa|2|[from] item: Weakness Policy
|
|upkeep
|turn|3
|
|t:|1758289794
|-terastallize|p1a: Skeledirge|Flying
|move|p2a: Excadrill|Earthquake|p1a: Skeledirge
|-immune|p1a: Skeledirge
|move|p1a: Skeledirge|Torch Song|p2a: Excadrill
|-supereffective|p2a: Excadrill
|-damage|p2a: Excadrill|0 fnt
|-boost|p1a: Skeledirge|spa|1
|-enditem|p2a: Excadrill|Air Balloon
|faint|p2a: Excadrill
|
|upkeep
|
|t:|1758289804
|switch|p2a: Ogerpon|Ogerpon-Wellspring, F|100/100
|turn|4
|
|t:|1758289809
|switch|p1a: Ogerpon|Ogerpon-Wellspring, F|100/100
|move|p2a: Ogerpon|Ivy Cudgel|p1a: Ogerpon|[anim] Ivy Cudgel Water
|-immune|p1a: Ogerpon|[from] ability: Water Absorb
|
|upkeep
|turn|5
|
|t:|1758289817
|move|p1a: Ogerpon|Horn Leech|p2a: Ogerpon
|-damage|p2a: Ogerpon|37/100
|move|p2a: Ogerpon|Horn Leech|p1a: Ogerpon
|-damage|p1a: Ogerpon|42/100
|-heal|p2a: Ogerpon|67/100|[from] drain|[of] p1a: Ogerpon
|
|upkeep
|turn|6
|
|t:|1758289824
|switch|p2a: Dragapult|Dragapult, M|100/100
|move|p1a: Ogerpon|Horn Leech|p2a: Dragapult
|-resisted|p2a: Dragapult
|-damage|p2a: Dragapult|70/100
|-heal|p1a: Ogerpon|58/100|[from] drain|[of] p2a: Dragapult
|
|upkeep
|turn|7
|
|t:|1758289835
|switch|p1a: Dusclops|Dusclops, M|100/100
|-item|p2a: Dragapult|Heavy-Duty Boots|[from] ability: Frisk|[of] p1a: Dusclops
|move|p2a: Dragapult|Will-O-Wisp|p1a: Dusclops
|-status|p1a: Dusclops|brn
|
|-damage|p1a: Dusclops|95/100 brn|[from] brn
|upkeep
|turn|8
|
|t:|1758289845
|move|p2a: Dragapult|Hex|p1a: Dusclops
|-supereffective|p1a: Dusclops
|-damage|p1a: Dusclops|23/100 brn
|move|p1a: Dusclops|Hex|p2a: Dragapult
|-supereffective|p2a: Dragapult
|-damage|p2a: Dragapult|28/100
|
|-damage|p1a: Dusclops|18/100 brn|[from] brn
|upkeep
|turn|9
|
|t:|1758289860
|move|p2a: Dragapult|Hex|p1a: Dusclops
|-supereffective|p1a: Dusclops
|-damage|p1a: Dusclops|0 fnt
|faint|p1a: Dusclops
|
|upkeep
|inactive|Battle timer is ON: inactive players will automatically lose when time's up. (requested by Godislaw)
|
|t:|1758289880
|switch|p1a: Garchomp|Garchomp, M|100/100
|turn|10
|
|t:|1758289891
|switch|p1a: Skeledirge|Skeledirge, F, shiny, tera:Flying|35/100
|move|p2a: Dragapult|Draco Meteor|p1a: Skeledirge
|-crit|p1a: Skeledirge
|-damage|p1a: Skeledirge|0 fnt
|-unboost|p2a: Dragapult|spa|2
|faint|p1a: Skeledirge
|
|upkeep
|inactive|Godislaw has 120 seconds left.
|
|t:|1758289927
|switch|p1a: Darkrai|Darkrai, shiny|100/100
|turn|11
|
|t:|1758289936
|move|p2a: Dragapult|U-turn|p1a: Darkrai
|-supereffective|p1a: Darkrai
|-damage|p1a: Darkrai|55/100
|
|t:|1758289939
|switch|p2a: Tyranitar|Tyranitar, F, shiny|100/100|[from] U-turn
|-weather|Sandstorm|[from] ability: Sand Stream|[of] p2a: Tyranitar
|move|p1a: Darkrai|Dark Pulse|p2a: Tyranitar
|-resisted|p2a: Tyranitar
|-damage|p2a: Tyranitar|92/100
|
|-weather|Sandstorm|[upkeep]
|-damage|p1a: Darkrai|49/100|[from] Sandstorm
|upkeep
|turn|12
|
|t:|1758289951
|switch|p1a: Galvantula|Galvantula, F, shiny|67/100
|move|p2a: Tyranitar|Stealth Rock|p1a: Galvantula
|-sidestart|p1: Godislaw|move: Stealth Rock
|
|-weather|Sandstorm|[upkeep]
|-damage|p1a: Galvantula|61/100|[from] Sandstorm
|upkeep
|turn|13
|
|t:|1758289959
|move|p1a: Galvantula|Sticky Web|p2a: Tyranitar
|-sidestart|p2: DAk120|move: Sticky Web
|move|p2a: Tyranitar|Knock Off|p1a: Galvantula
|-damage|p1a: Galvantula|0 fnt
|-enditem|p1a: Galvantula|Focus Sash|[from] move: Knock Off|[of] p2a: Tyranitar
|faint|p1a: Galvantula
|
|-weather|Sandstorm|[upkeep]
|upkeep
|
|t:|1758289969
|switch|p1a: Garchomp|Garchomp, M|100/100
|-damage|p1a: Garchomp|94/100|[from] Stealth Rock
|turn|14
|
|t:|1758289977
|move|p1a: Garchomp|Scale Shot|p2a: Tyranitar
|-damage|p2a: Tyranitar|81/100
|-damage|p2a: Tyranitar|70/100
|-damage|p2a: Tyranitar|60/100
|-hitcount|p2a: Tyranitar|3
|-unboost|p1a: Garchomp|def|1
|-boost|p1a: Garchomp|spe|1
|move|p2a: Tyranitar|Ice Beam|p1a: Garchomp
|-supereffective|p1a: Garchomp
|-damage|p1a: Garchomp|9/100
|
|-weather|Sandstorm|[upkeep]
|upkeep
|turn|15
|
|t:|1758289990
|move|p1a: Garchomp|Earthquake|p2a: Tyranitar
|-supereffective|p2a: Tyranitar
|-damage|p2a: Tyranitar|0 fnt
|faint|p2a: Tyranitar
|
|-weather|Sandstorm|[upkeep]
|upkeep
|
|t:|1758289995
|switch|p2a: Zapdos|Zapdos|100/100
|turn|16
|
|t:|1758290001
|move|p1a: Garchomp|Scale Shot|p2a: Zapdos
|-damage|p2a: Zapdos|90/100
|-damage|p2a: Zapdos|80/100
|-damage|p2a: Zapdos|71/100
|-damage|p2a: Zapdos|60/100
|-damage|p2a: Zapdos|50/100
|-hitcount|p2a: Zapdos|5
|-unboost|p1a: Garchomp|def|1
|-boost|p1a: Garchomp|spe|1
|move|p2a: Zapdos|U-turn|p1a: Garchomp
|-crit|p1a: Garchomp
|-damage|p1a: Garchomp|0 fnt
|-damage|p2a: Zapdos|37/100|[from] ability: Rough Skin|[of] p1a: Garchomp
|faint|p1a: Garchomp
|
|t:|1758290011
|switch|p2a: Dragapult|Dragapult, M|28/100|[from] U-turn
|
|-weather|Sandstorm|[upkeep]
|-damage|p2a: Dragapult|23/100|[from] Sandstorm
|upkeep
|
|t:|1758290022
|switch|p1a: Darkrai|Darkrai, shiny|49/100
|turn|17
|
|t:|1758290029
|move|p2a: Dragapult|Draco Meteor|p1a: Darkrai
|-damage|p1a: Darkrai|0 fnt
|-unboost|p2a: Dragapult|spa|2
|faint|p1a: Darkrai
|
|-weather|Sandstorm|[upkeep]
|-damage|p2a: Dragapult|17/100|[from] Sandstorm
|upkeep
|
|t:|1758290038
|switch|p1a: Ogerpon|Ogerpon-Wellspring, F|58/100
|-damage|p1a: Ogerpon|46/100|[from] Stealth Rock
|turn|18
|
|t:|1758290042
|move|p2a: Dragapult|Will-O-Wisp|p1a: Ogerpon
|-status|p1a: Ogerpon|brn
|move|p1a: Ogerpon|Ivy Cudgel|p2a: Dragapult|[anim] Ivy Cudgel Water
|-resisted|p2a: Dragapult
|-damage|p2a: Dragapult|0 fnt
|faint|p2a: Dragapult
|
|-weather|none
|-damage|p1a: Ogerpon|40/100 brn|[from] brn
|upkeep
|
|t:|1758290049
|switch|p2a: Zapdos|Zapdos|37/100
|turn|19
|
|t:|1758290060
|move|p1a: Ogerpon|Swords Dance|p1a: Ogerpon
|-boost|p1a: Ogerpon|atk|2
|move|p2a: Zapdos|Roost|p2a: Zapdos
|-heal|p2a: Zapdos|87/100
|-singleturn|p2a: Zapdos|move: Roost
|
|-damage|p1a: Ogerpon|34/100 brn|[from] brn
|upkeep
|turn|20
|
|t:|1758290069
|move|p1a: Ogerpon|Ivy Cudgel|p2a: Zapdos|[anim] Ivy Cudgel Water
|-damage|p2a: Zapdos|48/100
|move|p2a: Zapdos|Discharge|p1a: Ogerpon
|-damage|p1a: Ogerpon|0 fnt
|faint|p1a: Ogerpon
|
|win|DAk120
|raw|Godislaw's rating: 1288 &rarr; <strong>1266</strong><br />(-22 for losing)
|raw|DAk120's rating: 1326 &rarr; <strong>1344</strong><br />(+18 for winning)
|l|☆DAk120
|player|p2|
|l|☆Godislaw
|player|p1|
