|j|☆7th jim
|j|☆zohran manaphy
|t:|1758245924
|gametype|singles
|player|p1|7th jim|brock|1673
|player|p2|zohran manaphy|2|1622
|gen|9
|tier|[Gen 9] OU
|rated|
|rule|HP Percentage Mod: HP is shown in percentages
|rule|Endless Battle Clause: Forcing endless battles is banned
|rule|Species Clause: Limit one of each Pokémon
|rule|OHKO Clause: OHKO moves are banned
|rule|Evasion Items Clause: Evasion items are banned
|rule|Evasion Moves Clause: Evasion moves are banned
|rule|Evasion Abilities Clause: Evasion abilities are banned
|rule|Sleep Moves Clause: Sleep-inducing moves are banned
|clearpoke
|poke|p1|Ceruledge, M|
|poke|p1|Ting-Lu|
|poke|p1|Toxicroak, M|
|poke|p1|Raging Bolt|
|poke|p1|Corviknight, F|
|poke|p1|Enamorus, F|
|poke|p2|Weavile, M|
|poke|p2|Hoopa-Unbound|
|poke|p2|Landorus-Therian, M|
|poke|p2|Slither Wing|
|poke|p2|Scizor, M|
|poke|p2|Volcanion|
|teampreview
|inactive|Battle timer is ON: inactive players will automatically lose when time's up. (requested by zohran manaphy)
|
|t:|1758245935
|teamsize|p1|6
|teamsize|p2|6
|start
|switch|p1a: Enamorus|Enamorus, F|100/100
|switch|p2a: King Rastakhan|Volcanion|100/100
|turn|1
|
|t:|1758245956
|switch|p2a: Brann|Landorus-Therian, M|100/100
|-ability|p2a: Brann|Intimidate|boost
|-boost|p1a: Enamorus|atk|1
|move|p1a: Enamorus|Earth Power|p2a: Brann
|-immune|p2a: Brann
|
|upkeep
|turn|2
|
|t:|1758245963
|switch|p1a: Corviknight|Corviknight, F|100/100
|-ability|p1a: Corviknight|Pressure
|move|p2a: Brann|Stealth Rock|p1a: Corviknight
|-sidestart|p1: 7th jim|move: Stealth Rock
|
|upkeep
|turn|3
|
|t:|1758245978
|move|p2a: Brann|Taunt|p1a: Corviknight
|-start|p1a: Corviknight|move: Taunt
|move|p1a: Corviknight|U-turn|p2a: Brann
|-resisted|p2a: Brann
|-damage|p2a: Brann|93/100
|-enditem|p2a: Brann|Eject Button
|
|t:|1758245984
|switch|p2a: King Rastakhan|Volcanion|100/100
|
|upkeep
|turn|4
|
|t:|1758245995
|switch|p1a: Raging Bolt|Raging Bolt|100/100
|move|p2a: King Rastakhan|Flamethrower|p1a: Raging Bolt
|-resisted|p1a: Raging Bolt
|-damage|p1a: Raging Bolt|78/100
|
|upkeep
|turn|5
|
|t:|1758246019
|switch|p2a: Y'Shaarj|Hoopa-Unbound|100/100
|move|p1a: Raging Bolt|Dragon Pulse|p2a: Y'Shaarj
|-damage|p2a: Y'Shaarj|76/100
|
|upkeep
|turn|6
|
|t:|1758246033
|-end|p1a: Raging Bolt|Protosynthesis|[silent]
|switch|p1a: Ting-Lu|Ting-Lu|100/100
|-damage|p1a: Ting-Lu|94/100|[from] Stealth Rock
|-ability|p1a: Ting-Lu|Vessel of Ruin
|move|p2a: Y'Shaarj|Psychic Noise|p1a: Ting-Lu
|-immune|p1a: Ting-Lu
|
|-heal|p1a: Ting-Lu|100/100|[from] item: Leftovers
|upkeep
|turn|7
|
|t:|1758246038
|switch|p2a: Eracross|Slither Wing|100/100
|move|p1a: Ting-Lu|Ruination|p2a: Eracross
|-damage|p2a: Eracross|51/100
|
|upkeep
|turn|8
|
|t:|1758246044
|switch|p1a: Ceruledge|Ceruledge, M|100/100
|move|p2a: Eracross|U-turn|p1a: Ceruledge
|-resisted|p1a: Ceruledge
|-damage|p1a: Ceruledge|90/100
|j| allee23
|
|t:|1758246055
|-end|p2a: Eracross|Protosynthesis|[silent]
|switch|p2a: King Rastakhan|Volcanion|100/100|[from] U-turn
|
|upkeep
|turn|9
|
|t:|1758246059
|switch|p1a: Toxicroak|Toxicroak, M|100/100
|-damage|p1a: Toxicroak|94/100|[from] Stealth Rock
|move|p2a: King Rastakhan|Steam Eruption|p1a: Toxicroak
|-heal|p1a: Toxicroak|100/100|[from] ability: Dry Skin|[of] p2a: King Rastakhan
|
|upkeep
|turn|10
|
|t:|1758246078
|switch|p2a: Metacross|Scizor, M|100/100
|move|p1a: Toxicroak|Poison Jab|p2a: Metacross
|-immune|p2a: Metacross
|
|upkeep
|turn|11
|
|t:|1758246102
|switch|p1a: Corviknight|Corviknight, F|100/100
|-damage|p1a: Corviknight|88/100|[from] Stealth Rock
|-ability|p1a: Corviknight|Pressure
|move|p2a: Metacross|U-turn|p1a: Corviknight
|-resisted|p1a: Corviknight
|-damage|p1a: Corviknight|82/100
|
|t:|1758246110
|switch|p2a: King Rastakhan|Volcanion|100/100|[from] U-turn
|
|-heal|p1a: Corviknight|88/100|[from] item: Leftovers
|upkeep
|turn|12
|
|t:|1758246118
|switch|p1a: Ceruledge|Ceruledge, M|90/100
|move|p2a: King Rastakhan|Flamethrower|p1a: Ceruledge
|-start|p1a: Ceruledge|ability: Flash Fire
|
|upkeep
|turn|13
|j| guochangyu
|
|t:|1758246136
|move|p1a: Ceruledge|Bitter Blade|p2a: King Rastakhan
|-resisted|p2a: King Rastakhan
|-damage|p2a: King Rastakhan|86/100
|-heal|p1a: Ceruledge|98/100|[from] drain|[of] p2a: King Rastakhan
|move|p2a: King Rastakhan|Flamethrower|p1a: Ceruledge
|-immune|p1a: Ceruledge|[from] ability: Flash Fire
|
|upkeep
|turn|14
|
|t:|1758246143
|move|p1a: Ceruledge|Bitter Blade|p2a: King Rastakhan
|-resisted|p2a: King Rastakhan
|-damage|p2a: King Rastakhan|74/100
|-heal|p1a: Ceruledge|100/100|[from] drain|[of] p2a: King Rastakhan
|move|p2a: King Rastakhan|Steam Eruption|p1a: Ceruledge
|-supereffective|p1a: Ceruledge
|-damage|p1a: Ceruledge|0 fnt
|faint|p1a: Ceruledge
|
|upkeep
|
|t:|1758246152
|switch|p1a: Raging Bolt|Raging Bolt|78/100
|turn|15
|
|t:|1758246156
|switch|p2a: Brann|Landorus-Therian, M|93/100
|-ability|p2a: Brann|Intimidate|boost
|-unboost|p1a: Raging Bolt|atk|1
|move|p1a: Raging Bolt|Volt Switch|p2a: Brann
|-immune|p2a: Brann
|
|upkeep
|turn|16
|
|t:|1758246167
|switch|p2a: King Rastakhan|Volcanion|74/100
|move|p1a: Raging Bolt|Dragon Pulse|p2a: King Rastakhan
|-damage|p2a: King Rastakhan|18/100
|
|upkeep
|turn|17
|
|t:|1758246181
|move|p1a: Raging Bolt|Dragon Pulse|p2a: King Rastakhan
|-damage|p2a: King Rastakhan|0 fnt
|faint|p2a: King Rastakhan
|
|upkeep
|
|t:|1758246191
|switch|p2a: RAFAAM|Weavile, M|100/100
|-ability|p2a: RAFAAM|Pressure
|turn|18
|
|t:|1758246196
|-end|p1a: Raging Bolt|Protosynthesis|[silent]
|switch|p1a: Corviknight|Corviknight, F|88/100
|-damage|p1a: Corviknight|75/100|[from] Stealth Rock
|-ability|p1a: Corviknight|Pressure
|move|p2a: RAFAAM|Triple Axel|p1a: Corviknight
|-crit|p1a: Corviknight
|-damage|p1a: Corviknight|62/100
|-damage|p1a: Corviknight|44/100
|-damage|p1a: Corviknight|18/100
|-hitcount|p1a: Corviknight|3
|
|-heal|p1a: Corviknight|25/100|[from] item: Leftovers
|upkeep
|turn|19
|
|t:|1758246205
|move|p2a: RAFAAM|Triple Axel|p1a: Corviknight
|-damage|p1a: Corviknight|16/100
|-damage|p1a: Corviknight|0 fnt
|faint|p1a: Corviknight
|-hitcount|p1: Corviknight|2
|
|upkeep
|j| bionicfox
|
|t:|1758246210
|switch|p1a: Toxicroak|Toxicroak, M|100/100
|-damage|p1a: Toxicroak|94/100|[from] Stealth Rock
|turn|20
|
|t:|1758246224
|move|p2a: RAFAAM|Triple Axel|p1a: Toxicroak
|-damage|p1a: Toxicroak|82/100
|-damage|p1a: Toxicroak|54/100
|-damage|p1a: Toxicroak|12/100
|-hitcount|p1a: Toxicroak|3
|move|p1a: Toxicroak|Bulk Up|p1a: Toxicroak
|-boost|p1a: Toxicroak|atk|1
|-boost|p1a: Toxicroak|def|1
|
|-heal|p1a: Toxicroak|18/100|[from] item: Black Sludge
|upkeep
|turn|21
|
|t:|1758246237
|switch|p2a: Brann|Landorus-Therian, M|93/100
|-ability|p2a: Brann|Intimidate|boost
|-unboost|p1a: Toxicroak|atk|1
|move|p1a: Toxicroak|Drain Punch|p2a: Brann
|-resisted|p2a: Brann
|-damage|p2a: Brann|81/100
|-heal|p1a: Toxicroak|25/100|[from] drain|[of] p2a: Brann
|
|-heal|p1a: Toxicroak|31/100|[from] item: Black Sludge
|upkeep
|turn|22
|
|t:|1758246250
|move|p2a: Brann|Earth Power|p1a: Toxicroak
|-supereffective|p1a: Toxicroak
|-damage|p1a: Toxicroak|0 fnt
|faint|p1a: Toxicroak
|
|upkeep
|
|t:|1758246252
|switch|p1a: Enamorus|Enamorus, F|100/100
|-damage|p1a: Enamorus|76/100|[from] Stealth Rock
|turn|23
|inactive|zohran manaphy has 120 seconds left.
|
|t:|1758246299
|move|p1a: Enamorus|Mystical Fire|p2a: Brann
|-damage|p2a: Brann|51/100
|-unboost|p2a: Brann|spa|1
|move|p2a: Brann|Taunt|p1a: Enamorus
|-start|p1a: Enamorus|move: Taunt
|
|upkeep
|turn|24
|
|t:|1758246304
|switch|p2a: Y'Shaarj|Hoopa-Unbound|76/100
|move|p1a: Enamorus|Mystical Fire|p2a: Y'Shaarj
|-damage|p2a: Y'Shaarj|61/100
|-unboost|p2a: Y'Shaarj|spa|1
|
|upkeep
|turn|25
|inactive|zohran manaphy has 120 seconds left.
|j| t_yeu
|
|t:|1758246313
|switch|p1a: Ting-Lu|Ting-Lu|100/100
|-damage|p1a: Ting-Lu|94/100|[from] Stealth Rock
|-ability|p1a: Ting-Lu|Vessel of Ruin
|move|p2a: Y'Shaarj|Gunk Shot|p1a: Ting-Lu
|-resisted|p1a: Ting-Lu
|-damage|p1a: Ting-Lu|79/100
|
|-heal|p1a: Ting-Lu|86/100|[from] item: Leftovers
|upkeep
|turn|26
|
|t:|1758246322
|move|p2a: Y'Shaarj|Drain Punch|p1a: Ting-Lu
|-supereffective|p1a: Ting-Lu
|-damage|p1a: Ting-Lu|50/100
|-heal|p2a: Y'Shaarj|87/100|[from] drain|[of] p1a: Ting-Lu
|move|p1a: Ting-Lu|Ruination|p2a: Y'Shaarj
|-damage|p2a: Y'Shaarj|44/100
|
|-heal|p1a: Ting-Lu|56/100|[from] item: Leftovers
|upkeep
|turn|27
|
|t:|1758246331
|move|p2a: Y'Shaarj|Drain Punch|p1a: Ting-Lu
|-supereffective|p1a: Ting-Lu
|-damage|p1a: Ting-Lu|18/100
|-heal|p2a: Y'Shaarj|71/100|[from] drain|[of] p1a: Ting-Lu
|move|p1a: Ting-Lu|Earthquake|p2a: Y'Shaarj
|-damage|p2a: Y'Shaarj|19/100
|
|-heal|p1a: Ting-Lu|24/100|[from] item: Leftovers
|upkeep
|turn|28
|j| Cephalopog
|inactive|zohran manaphy has 120 seconds left.
|
|t:|1758246359
|move|p2a: Y'Shaarj|Drain Punch|p1a: Ting-Lu
|-supereffective|p1a: Ting-Lu
|-damage|p1a: Ting-Lu|0 fnt
|-heal|p2a: Y'Shaarj|36/100|[from] drain|[of] p1a: Ting-Lu
|faint|p1a: Ting-Lu
|
|upkeep
|
|t:|1758246363
|switch|p1a: Raging Bolt|Raging Bolt|78/100
|turn|29
|
|t:|1758246377
|move|p1a: Raging Bolt|Thunderbolt|p2a: Y'Shaarj
|-damage|p2a: Y'Shaarj|9/100
|move|p2a: Y'Shaarj|Knock Off|p1a: Raging Bolt
|-damage|p1a: Raging Bolt|21/100
|-enditem|p1a: Raging Bolt|Heavy-Duty Boots|[from] move: Knock Off|[of] p2a: Y'Shaarj
|
|upkeep
|turn|30
|
|t:|1758246385
|move|p1a: Raging Bolt|Dragon Pulse|p2a: Y'Shaarj
|-damage|p2a: Y'Shaarj|0 fnt
|faint|p2a: Y'Shaarj
|
|upkeep
|
|t:|1758246388
|switch|p2a: Brann|Landorus-Therian, M|51/100
|-ability|p2a: Brann|Intimidate|boost
|-unboost|p1a: Raging Bolt|atk|1
|turn|31
|
|t:|1758246394
|move|p2a: Brann|Earth Power|p1a: Raging Bolt
|-supereffective|p1a: Raging Bolt
|-damage|p1a: Raging Bolt|0 fnt
|faint|p1a: Raging Bolt
|-end|p1a: Raging Bolt|Protosynthesis|[silent]
|
|upkeep
|
|t:|1758246396
|switch|p1a: Enamorus|Enamorus, F|76/100
|-damage|p1a: Enamorus|51/100|[from] Stealth Rock
|turn|32
|
|t:|1758246406
|move|p1a: Enamorus|Mystical Fire|p2a: Brann
|-damage|p2a: Brann|21/100
|-unboost|p2a: Brann|spa|1
|move|p2a: Brann|Taunt|p1a: Enamorus
|-start|p1a: Enamorus|move: Taunt
|
|upkeep
|turn|33
|
|t:|1758246409
|move|p1a: Enamorus|Mystical Fire|p2a: Brann
|-damage|p2a: Brann|0 fnt
|faint|p2a: Brann
|
|upkeep
|
|t:|1758246410
|switch|p2a: RAFAAM|Weavile, M|100/100
|-ability|p2a: RAFAAM|Pressure
|turn|34
|
|t:|1758246413
|move|p2a: RAFAAM|Ice Shard|p1a: Enamorus
|-supereffective|p1a: Enamorus
|-damage|p1a: Enamorus|0 fnt
|faint|p1a: Enamorus
|
|win|zohran manaphy
|raw|7th jim's rating: 1673 &rarr; <strong>1650</strong><br />(-23 for losing)
|raw|zohran manaphy's rating: 1622 &rarr; <strong>1645</strong><br />(+23 for winning)
|l|☆7th jim
|player|p1|
|l|☆zohran manaphy
|player|p2|
|l| allee23
|l| t_yeu
|l| Cephalopog
