|j|☆huzzrepellant
|j|☆tomokasgg
|t:|1758375455
|gametype|singles
|player|p1|huzzrepellant|ash-kalos|1102
|player|p2|tomokasgg|benga|1147
|gen|9
|tier|[Gen 9] OU
|rated|
|rule|HP Percentage Mod: HP is shown in percentages
|rule|Endless Battle Clause: Forcing endless battles is banned
|rule|Species Clause: Limit one of each Pokémon
|rule|OHKO Clause: OHKO moves are banned
|rule|Evasion Items Clause: Evasion items are banned
|rule|Evasion Moves Clause: Evasion moves are banned
|rule|Evasion Abilities Clause: Evasion abilities are banned
|rule|Sleep Moves Clause: Sleep-inducing moves are banned
|clearpoke
|poke|p1|Primarina, F|
|poke|p1|Meowscarada, M|
|poke|p1|Ting-Lu|
|poke|p1|Skarmory, M|
|poke|p1|Skeledirge, M|
|poke|p1|Dragonite, M|
|poke|p2|Incineroar, M|
|poke|p2|Snorlax, M|
|poke|p2|Slowking, F|
|poke|p2|Enamorus, F|
|poke|p2|Komala, F|
|poke|p2|Gholdengo|
|teampreview
|
|t:|1758375484
|teamsize|p1|6
|teamsize|p2|6
|start
|switch|p1a: Shakespeare|Meowscarada, M, shiny|100/100
|switch|p2a: AMLO|Komala, F|100/100
|-ability|p2a: AMLO|Comatose
|turn|1
|inactive|Battle timer is ON: inactive players will automatically lose when time's up. (requested by huzzrepellant)
|
|t:|1758375497
|move|p1a: Shakespeare|U-turn|p2a: AMLO
|-start|p1a: Shakespeare|typechange|Bug|[from] ability: Protean
|-damage|p2a: AMLO|53/100
|
|t:|1758375502
|switch|p1a: Skeledirge|Skeledirge, M, shiny|100/100|[from] U-turn
|move|p2a: AMLO|U-turn|p1a: Skeledirge
|-resisted|p1a: Skeledirge
|-damage|p1a: Skeledirge|96/100
|
|t:|1758375522
|switch|p2a: Pedro Sanchez|Gholdengo|100/100|[from] U-turn
|
|upkeep
|turn|2
|
|t:|1758375535
|move|p2a: Pedro Sanchez|Shadow Ball|p1a: Skeledirge
|-supereffective|p1a: Skeledirge
|-damage|p1a: Skeledirge|26/100
|move|p1a: Skeledirge|Torch Song|p2a: Pedro Sanchez
|-supereffective|p2a: Pedro Sanchez
|-damage|p2a: Pedro Sanchez|12/100
|-boost|p1a: Skeledirge|spa|1
|
|upkeep
|turn|3
|inactive|huzzrepellant has 120 seconds left.
|
|t:|1758375583
|switch|p1a: Shakespeare|Meowscarada, M, shiny|100/100
|move|p2a: Pedro Sanchez|Make It Rain|p1a: Shakespeare
|-enditem|p1a: Shakespeare|Focus Sash
|-damage|p1a: Shakespeare|1/100
|-unboost|p2a: Pedro Sanchez|spa|1
|
|upkeep
|turn|4
|
|t:|1758375599
|switch|p2a: Kirshner|Enamorus, F|100/100
|move|p1a: Shakespeare|Knock Off|p2a: Kirshner
|-start|p1a: Shakespeare|typechange|Dark|[from] ability: Protean
|-resisted|p2a: Kirshner
|-damage|p2a: Kirshner|63/100
|-enditem|p2a: Kirshner|Heavy-Duty Boots|[from] move: Knock Off|[of] p1a: Shakespeare
|
|upkeep
|turn|5
|
|t:|1758375613
|move|p1a: Shakespeare|Triple Axel|p2a: Kirshner
|-supereffective|p2a: Kirshner
|-damage|p2a: Kirshner|41/100
|-supereffective|p2a: Kirshner
|-damage|p2a: Kirshner|0 fnt
|faint|p2a: Kirshner
|-hitcount|p2: Kirshner|2
|
|upkeep
|
|t:|1758375626
|switch|p2a: Maduro|Incineroar, M|100/100
|-ability|p2a: Maduro|Intimidate|boost
|-unboost|p1a: Shakespeare|atk|1
|turn|6
|
|t:|1758375630
|move|p2a: Maduro|Fake Out|p1a: Shakespeare
|-damage|p1a: Shakespeare|0 fnt
|faint|p1a: Shakespeare
|
|upkeep
|
|t:|1758375638
|switch|p1a: Dragonite|Dragonite, M|100/100
|turn|7
|
|t:|1758375642
|move|p2a: Maduro|Parting Shot|p1a: Dragonite
|-unboost|p1a: Dragonite|atk|1
|-unboost|p1a: Dragonite|spa|1
|
|t:|1758375646
|switch|p2a: KyU|Snorlax, M, shiny|100/100|[from] Parting Shot
|move|p1a: Dragonite|Dragon Dance|p1a: Dragonite
|-boost|p1a: Dragonite|atk|1
|-boost|p1a: Dragonite|spe|1
|
|upkeep
|turn|8
|
|t:|1758375657
|move|p1a: Dragonite|Dragon Dance|p1a: Dragonite
|-boost|p1a: Dragonite|atk|1
|-boost|p1a: Dragonite|spe|1
|move|p2a: KyU|Curse|p2a: KyU
|-unboost|p2a: KyU|spe|1
|-boost|p2a: KyU|atk|1
|-boost|p2a: KyU|def|1
|
|upkeep
|turn|9
|
|t:|1758375665
|move|p1a: Dragonite|Dragon Dance|p1a: Dragonite
|-boost|p1a: Dragonite|atk|1
|-boost|p1a: Dragonite|spe|1
|move|p2a: KyU|Curse|p2a: KyU
|-unboost|p2a: KyU|spe|1
|-boost|p2a: KyU|atk|1
|-boost|p2a: KyU|def|1
|
|upkeep
|turn|10
|
|t:|1758375673
|move|p1a: Dragonite|Dragon Dance|p1a: Dragonite
|-boost|p1a: Dragonite|atk|1
|-boost|p1a: Dragonite|spe|1
|move|p2a: KyU|Curse|p2a: KyU
|-unboost|p2a: KyU|spe|1
|-boost|p2a: KyU|atk|1
|-boost|p2a: KyU|def|1
|
|upkeep
|turn|11
|
|t:|1758375692
|-terastallize|p1a: Dragonite|Normal
|move|p1a: Dragonite|Extreme Speed|p2a: KyU
|-damage|p2a: KyU|59/100
|move|p2a: KyU|Body Slam|p1a: Dragonite
|-damage|p1a: Dragonite|50/100
|-status|p1a: Dragonite|par
|
|upkeep
|turn|12
|
|t:|1758375708
|move|p1a: Dragonite|Extreme Speed|p2a: KyU
|-damage|p2a: KyU|19/100
|move|p2a: KyU|Rest|p2a: KyU
|-status|p2a: KyU|slp|[from] move: Rest
|-heal|p2a: KyU|100/100 slp|[silent]
|-enditem|p2a: KyU|Chesto Berry|[eat]
|-curestatus|p2a: KyU|slp|[msg]
|
|upkeep
|turn|13
|
|t:|1758375718
|move|p1a: Dragonite|Extreme Speed|p2a: KyU
|-damage|p2a: KyU|60/100
|move|p2a: KyU|Curse|p2a: KyU
|-unboost|p2a: KyU|spe|1
|-boost|p2a: KyU|atk|1
|-boost|p2a: KyU|def|1
|
|upkeep
|turn|14
|
|t:|1758375733
|move|p1a: Dragonite|Extreme Speed|p2a: KyU
|-crit|p2a: KyU
|-damage|p2a: KyU|0 fnt
|faint|p2a: KyU
|
|upkeep
|
|t:|1758375743
|switch|p2a: Pedro Sanchez|Gholdengo|12/100
|turn|15
|
|t:|1758375746
|cant|p1a: Dragonite|par
|move|p2a: Pedro Sanchez|Recover|p2a: Pedro Sanchez
|-heal|p2a: Pedro Sanchez|62/100
|
|upkeep
|turn|16
|
|t:|1758375756
|cant|p1a: Dragonite|par
|move|p2a: Pedro Sanchez|Make It Rain|p1a: Dragonite
|-damage|p1a: Dragonite|0 fnt
|-unboost|p2a: Pedro Sanchez|spa|1
|faint|p1a: Dragonite
|
|upkeep
|
|t:|1758375767
|switch|p1a: Ting-Lu|Ting-Lu, shiny|100/100
|-ability|p1a: Ting-Lu|Vessel of Ruin
|turn|17
|
|t:|1758375773
|move|p2a: Pedro Sanchez|Recover|p2a: Pedro Sanchez
|-heal|p2a: Pedro Sanchez|100/100
|move|p1a: Ting-Lu|Earthquake|p2a: Pedro Sanchez
|-supereffective|p2a: Pedro Sanchez
|-damage|p2a: Pedro Sanchez|25/100
|
|upkeep
|turn|18
|
|t:|1758375781
|switch|p2a: Claudia|Slowking, F, shiny|100/100
|move|p1a: Ting-Lu|Earthquake|p2a: Claudia
|-damage|p2a: Claudia|61/100
|
|-heal|p2a: Claudia|67/100|[from] item: Leftovers
|upkeep
|turn|19
|
|t:|1758375801
|move|p1a: Ting-Lu|Stealth Rock|p2a: Claudia
|-sidestart|p2: tomokasgg|move: Stealth Rock
|move|p2a: Claudia|Scald|p1a: Ting-Lu
|-supereffective|p1a: Ting-Lu
|-damage|p1a: Ting-Lu|69/100
|
|-heal|p1a: Ting-Lu|75/100|[from] item: Leftovers
|-heal|p2a: Claudia|73/100|[from] item: Leftovers
|upkeep
|turn|20
|
|t:|1758375809
|move|p1a: Ting-Lu|Ruination|p2a: Claudia
|-damage|p2a: Claudia|37/100
|move|p2a: Claudia|Scald|p1a: Ting-Lu
|-supereffective|p1a: Ting-Lu
|-damage|p1a: Ting-Lu|42/100
|-status|p1a: Ting-Lu|brn
|
|-heal|p1a: Ting-Lu|48/100 brn|[from] item: Leftovers
|-heal|p2a: Claudia|43/100|[from] item: Leftovers
|-damage|p1a: Ting-Lu|42/100 brn|[from] brn
|upkeep
|turn|21
|
|t:|1758375822
|switch|p1a: Primarina|Primarina, F, shiny|100/100
|switch|p2a: AMLO|Komala, F|53/100
|-damage|p2a: AMLO|40/100|[from] Stealth Rock
|-ability|p2a: AMLO|Comatose
|
|-heal|p2a: AMLO|46/100|[from] item: Leftovers
|upkeep
|turn|22
|
|t:|1758375841
|-terastallize|p2a: AMLO|Ghost
|move|p2a: AMLO|Rapid Spin|p1a: Primarina
|-damage|p1a: Primarina|74/100
|-boost|p2a: AMLO|spe|1
|-sideend|p2: tomokasgg|Stealth Rock|[from] move: Rapid Spin|[of] p2a: AMLO
|move|p1a: Primarina|Moonblast|p2a: AMLO
|-crit|p2a: AMLO
|-damage|p2a: AMLO|0 fnt
|faint|p2a: AMLO
|
|upkeep
|
|t:|1758375857
|switch|p2a: Pedro Sanchez|Gholdengo|25/100
|turn|23
|
|t:|1758375861
|move|p2a: Pedro Sanchez|Recover|p2a: Pedro Sanchez
|-heal|p2a: Pedro Sanchez|75/100
|move|p1a: Primarina|Surf|p2a: Pedro Sanchez
|-damage|p2a: Pedro Sanchez|38/100
|
|upkeep
|turn|24
|
|t:|1758375870
|switch|p2a: Claudia|Slowking, F, shiny|76/100
|move|p1a: Primarina|Moonblast|p2a: Claudia
|-damage|p2a: Claudia|43/100
|-unboost|p2a: Claudia|spa|1
|
|-heal|p2a: Claudia|49/100|[from] item: Leftovers
|upkeep
|turn|25
|
|t:|1758375884
|move|p1a: Primarina|Moonblast|p2a: Claudia
|-damage|p2a: Claudia|17/100
|-unboost|p2a: Claudia|spa|1
|move|p2a: Claudia|Future Sight|p1a: Primarina
|-start|p2a: Claudia|move: Future Sight
|
|-heal|p2a: Claudia|23/100|[from] item: Leftovers
|upkeep
|turn|26
|
|t:|1758375892
|switch|p2a: Maduro|Incineroar, M|100/100
|-ability|p2a: Maduro|Intimidate|boost
|-unboost|p1a: Primarina|atk|1
|move|p1a: Primarina|Moonblast|p2a: Maduro
|-damage|p2a: Maduro|54/100
|-unboost|p2a: Maduro|spa|1
|
|upkeep
|turn|27
|
|t:|1758375904
|move|p2a: Maduro|Fake Out|p1a: Primarina
|-damage|p1a: Primarina|59/100
|cant|p1a: Primarina|flinch
|
|-end|p1a: Primarina|move: Future Sight
|-damage|p1a: Primarina|32/100
|upkeep
|turn|28
|
|t:|1758375912
|move|p2a: Maduro|Parting Shot|p1a: Primarina
|-unboost|p1a: Primarina|atk|1
|-unboost|p1a: Primarina|spa|1
|
|t:|1758375916
|switch|p2a: Pedro Sanchez|Gholdengo|38/100|[from] Parting Shot
|move|p1a: Primarina|Surf|p2a: Pedro Sanchez
|-damage|p2a: Pedro Sanchez|1/100
|
|upkeep
|turn|29
|
|t:|1758375924
|move|p2a: Pedro Sanchez|Recover|p2a: Pedro Sanchez
|-heal|p2a: Pedro Sanchez|51/100
|move|p1a: Primarina|Surf|p2a: Pedro Sanchez
|-damage|p2a: Pedro Sanchez|12/100
|
|upkeep
|turn|30
|
|t:|1758375932
|switch|p1a: Ting-Lu|Ting-Lu, shiny|42/100 brn
|-ability|p1a: Ting-Lu|Vessel of Ruin
|move|p2a: Pedro Sanchez|Shadow Ball|p1a: Ting-Lu
|-resisted|p1a: Ting-Lu
|-damage|p1a: Ting-Lu|32/100 brn
|
|-heal|p1a: Ting-Lu|38/100 brn|[from] item: Leftovers
|-damage|p1a: Ting-Lu|32/100 brn|[from] brn
|upkeep
|turn|31
|
|t:|1758375945
|switch|p2a: Claudia|Slowking, F, shiny|56/100
|move|p1a: Ting-Lu|Earthquake|p2a: Claudia
|-damage|p2a: Claudia|37/100
|
|-heal|p1a: Ting-Lu|38/100 brn|[from] item: Leftovers
|-heal|p2a: Claudia|43/100|[from] item: Leftovers
|-damage|p1a: Ting-Lu|32/100 brn|[from] brn
|upkeep
|turn|32
|
|t:|1758375957
|move|p1a: Ting-Lu|Stealth Rock|p2a: Claudia
|-sidestart|p2: tomokasgg|move: Stealth Rock
|-prepare|p2a: Claudia|Chilly Reception|[premajor]
|move|p2a: Claudia|Chilly Reception|p2a: Claudia
|-weather|Snowscape
|
|t:|1758375964
|switch|p2a: Maduro|Incineroar, M|54/100|[from] Chilly Reception
|-ability|p2a: Maduro|Intimidate|boost
|-unboost|p1a: Ting-Lu|atk|1
|
|-weather|Snowscape|[upkeep]
|-heal|p1a: Ting-Lu|38/100 brn|[from] item: Leftovers
|-damage|p1a: Ting-Lu|32/100 brn|[from] brn
|upkeep
|turn|33
|
|t:|1758375977
|switch|p1a: Skeledirge|Skeledirge, M, shiny|26/100
|move|p2a: Maduro|Fake Out|p1a: Skeledirge
|-immune|p1a: Skeledirge
|
|-weather|Snowscape|[upkeep]
|upkeep
|turn|34
|
|t:|1758375990
|switch|p1a: Skarmory|Skarmory, M|100/100
|move|p2a: Maduro|Iron Head|p1a: Skarmory
|-resisted|p1a: Skarmory
|-damage|p1a: Skarmory|92/100
|-damage|p2a: Maduro|37/100|[from] item: Rocky Helmet|[of] p1a: Skarmory
|
|-weather|Snowscape|[upkeep]
|upkeep
|turn|35
|
|t:|1758376003
|move|p2a: Maduro|Flare Blitz|p1a: Skarmory
|-supereffective|p1a: Skarmory
|-damage|p1a: Skarmory|21/100
|-damage|p2a: Maduro|21/100|[from] item: Rocky Helmet|[of] p1a: Skarmory
|-damage|p2a: Maduro|0 fnt|[from] Recoil
|faint|p2a: Maduro
|move|p1a: Skarmory|Body Press|p2: Maduro|[notarget]
|-fail|p1a: Skarmory
|
|-weather|Snowscape|[upkeep]
|upkeep
|
|t:|1758376013
|switch|p2a: Pedro Sanchez|Gholdengo|12/100
|-damage|p2a: Pedro Sanchez|6/100|[from] Stealth Rock
|turn|36
|
|t:|1758376018
|switch|p1a: Ting-Lu|Ting-Lu, shiny|32/100 brn
|-ability|p1a: Ting-Lu|Vessel of Ruin
|move|p2a: Pedro Sanchez|Recover|p2a: Pedro Sanchez
|-heal|p2a: Pedro Sanchez|56/100
|
|-weather|none
|-heal|p1a: Ting-Lu|38/100 brn|[from] item: Leftovers
|-damage|p1a: Ting-Lu|32/100 brn|[from] brn
|upkeep
|turn|37
|
|t:|1758376029
|move|p2a: Pedro Sanchez|Make It Rain|p1a: Ting-Lu
|-damage|p1a: Ting-Lu|4/100 brn
|-unboost|p2a: Pedro Sanchez|spa|1
|move|p1a: Ting-Lu|Earthquake|p2a: Pedro Sanchez
|-supereffective|p2a: Pedro Sanchez
|-damage|p2a: Pedro Sanchez|23/100
|
|-heal|p1a: Ting-Lu|10/100 brn|[from] item: Leftovers
|-damage|p1a: Ting-Lu|4/100 brn|[from] brn
|upkeep
|turn|38
|
|t:|1758376048
|move|p2a: Pedro Sanchez|Recover|p2a: Pedro Sanchez
|-heal|p2a: Pedro Sanchez|73/100
|move|p1a: Ting-Lu|Earthquake|p2a: Pedro Sanchez
|-supereffective|p2a: Pedro Sanchez
|-damage|p2a: Pedro Sanchez|40/100
|
|-heal|p1a: Ting-Lu|10/100 brn|[from] item: Leftovers
|-damage|p1a: Ting-Lu|4/100 brn|[from] brn
|upkeep
|turn|39
|
|t:|1758376058
|move|p2a: Pedro Sanchez|Shadow Ball|p1a: Ting-Lu
|-resisted|p1a: Ting-Lu
|-damage|p1a: Ting-Lu|0 fnt
|faint|p1a: Ting-Lu
|
|upkeep
|
|t:|1758376079
|switch|p1a: Primarina|Primarina, F, shiny|32/100
|turn|40
|
|t:|1758376089
|move|p2a: Pedro Sanchez|Shadow Ball|p1a: Primarina
|-damage|p1a: Primarina|20/100
|move|p1a: Primarina|Surf|p2a: Pedro Sanchez
|-damage|p2a: Pedro Sanchez|0 fnt
|faint|p2a: Pedro Sanchez
|
|upkeep
|
|t:|1758376097
|switch|p2a: Claudia|Slowking, F, shiny|76/100
|-damage|p2a: Claudia|64/100|[from] Stealth Rock
|turn|41
|
|t:|1758376104
|move|p1a: Primarina|Psychic Noise|p2a: Claudia
|-resisted|p2a: Claudia
|-damage|p2a: Claudia|55/100
|-start|p2a: Claudia|move: Heal Block
|move|p2a: Claudia|Scald|p1a: Primarina
|-resisted|p1a: Primarina
|-damage|p1a: Primarina|11/100
|
|upkeep
|turn|42
|
|t:|1758376112
|move|p1a: Primarina|Moonblast|p2a: Claudia
|-damage|p2a: Claudia|23/100
|move|p2a: Claudia|Scald|p1a: Primarina
|-resisted|p1a: Primarina
|-damage|p1a: Primarina|4/100
|
|-end|p2a: Claudia|move: Heal Block
|upkeep
|turn|43
|
|t:|1758376122
|move|p1a: Primarina|Moonblast|p2a: Claudia
|-damage|p2a: Claudia|0 fnt
|faint|p2a: Claudia
|
|win|huzzrepellant
|raw|huzzrepellant's rating: 1102 &rarr; <strong>1130</strong><br />(+28 for winning)
|raw|tomokasgg's rating: 1147 &rarr; <strong>1119</strong><br />(-28 for losing)
|c|☆huzzrepellant|Chin up
|l|☆tomokasgg
|player|p2|
|c|☆huzzrepellant|Chin up lil bro
|l|☆huzzrepellant
|player|p1|
