|j|☆findmyhair
|j|‽Chahess03
|t:|1758348478
|gametype|singles
|player|p1|findmyhair|acetrainercouple|1177
|player|p2|Chahess03|265|1133
|gen|9
|tier|[Gen 9] OU
|rated|
|rule|HP Percentage Mod: HP is shown in percentages
|rule|Endless Battle Clause: Forcing endless battles is banned
|rule|Species Clause: Limit one of each Pokémon
|rule|OHKO Clause: OHKO moves are banned
|rule|Evasion Items Clause: Evasion items are banned
|rule|Evasion Moves Clause: Evasion moves are banned
|rule|Evasion Abilities Clause: Evasion abilities are banned
|rule|Sleep Moves Clause: Sleep-inducing moves are banned
|clearpoke
|poke|p1|Cresselia, F|
|poke|p1|Slowking-Galar, F|
|poke|p1|Iron Hands|
|poke|p1|Ursaluna, M|
|poke|p1|Crawdaunt, M|
|poke|p1|Klefki, F|
|poke|p2|Brute Bonnet|
|poke|p2|Arboliva, F|
|poke|p2|Slither Wing|
|poke|p2|Walking Wake|
|poke|p2|Rillaboom, M|
|poke|p2|Torkoal, M|
|teampreview
|inactive|Battle timer is ON: inactive players will automatically lose when time's up. (requested by findmyhair)
|
|t:|1758348495
|teamsize|p1|6
|teamsize|p2|6
|start
|switch|p1a: Klefki|Klefki, F|100/100
|switch|p2a: Torkoal|Torkoal, M|100/100
|-weather|SunnyDay|[from] ability: Drought|[of] p2a: Torkoal
|turn|1
|
|t:|1758348502
|move|p1a: Klefki|Reflect|p1a: Klefki
|-sidestart|p1: findmyhair|Reflect
|move|p2a: Torkoal|Lava Plume|p1a: Klefki
|-supereffective|p1a: Klefki
|-damage|p1a: Klefki|0 fnt
|faint|p1a: Klefki
|
|-weather|SunnyDay|[upkeep]
|upkeep
|
|t:|1758348508
|switch|p1a: Slowking|Slowking-Galar, F|100/100
|turn|2
|
|t:|1758348511
|move|p2a: Torkoal|Earth Power|p1a: Slowking
|-supereffective|p1a: Slowking
|-damage|p1a: Slowking|60/100
|move|p1a: Slowking|Sludge Bomb|p2a: Torkoal
|-damage|p2a: Torkoal|36/100
|-status|p2a: Torkoal|psn
|
|-weather|SunnyDay|[upkeep]
|-heal|p1a: Slowking|66/100|[from] item: Black Sludge
|-damage|p2a: Torkoal|24/100 psn|[from] psn
|upkeep
|turn|3
|
|t:|1758348523
|switch|p2a: Slither Wing|Slither Wing|100/100
|-activate|p2a: Slither Wing|ability: Protosynthesis
|-start|p2a: Slither Wing|protosynthesisatk
|move|p1a: Slowking|Trick Room|p1a: Slowking
|-fieldstart|move: Trick Room|[of] p1a: Slowking
|
|-weather|SunnyDay|[upkeep]
|-heal|p1a: Slowking|72/100|[from] item: Black Sludge
|upkeep
|turn|4
|
|t:|1758348531
|-terastallize|p2a: Slither Wing|Bug
|move|p2a: Slither Wing|First Impression|p1a: Slowking
|-damage|p1a: Slowking|13/100
|-damage|p2a: Slither Wing|91/100|[from] item: Life Orb
|move|p1a: Slowking|Fire Blast|p2a: Slither Wing
|-supereffective|p2a: Slither Wing
|-damage|p2a: Slither Wing|0 fnt
|faint|p2a: Slither Wing
|-end|p2a: Slither Wing|Protosynthesis|[silent]
|
|-weather|SunnyDay|[upkeep]
|-heal|p1a: Slowking|20/100|[from] item: Black Sludge
|upkeep
|
|t:|1758348540
|switch|p2a: Rillaboom|Rillaboom, M|100/100
|-fieldstart|move: Grassy Terrain|[from] ability: Grassy Surge|[of] p2a: Rillaboom
|turn|5
|
|t:|1758348549
|switch|p1a: Cresselia|Cresselia, F|100/100
|move|p2a: Rillaboom|Fake Out|p1a: Cresselia
|-damage|p1a: Cresselia|96/100
|
|-weather|SunnyDay|[upkeep]
|upkeep
|turn|6
|
|t:|1758348557
|move|p1a: Cresselia|Psychic|p2a: Rillaboom
|-damage|p2a: Rillaboom|67/100
|move|p2a: Rillaboom|U-turn|p1a: Cresselia
|-supereffective|p1a: Cresselia
|-damage|p1a: Cresselia|82/100
|
|t:|1758348560
|switch|p2a: Brute Bonnet|Brute Bonnet|100/100|[from] U-turn
|-activate|p2a: Brute Bonnet|ability: Protosynthesis
|-start|p2a: Brute Bonnet|protosynthesisatk
|
|-weather|SunnyDay|[upkeep]
|upkeep
|turn|7
|
|t:|1758348576
|-terastallize|p1a: Cresselia|Fairy
|move|p2a: Brute Bonnet|Growth|p2a: Brute Bonnet
|-boost|p2a: Brute Bonnet|atk|2
|-boost|p2a: Brute Bonnet|spa|2
|move|p1a: Cresselia|Lunar Blessing|p1a: Cresselia
|-heal|p1a: Cresselia|100/100
|
|-weather|SunnyDay|[upkeep]
|-fieldend|move: Trick Room
|upkeep
|turn|8
|
|t:|1758348584
|move|p2a: Brute Bonnet|Bullet Seed|p1a: Cresselia
|-damage|p1a: Cresselia|86/100
|-damage|p1a: Cresselia|72/100
|-damage|p1a: Cresselia|59/100
|-damage|p1a: Cresselia|44/100
|-damage|p1a: Cresselia|32/100
|-hitcount|p1a: Cresselia|5
|move|p1a: Cresselia|Trick Room|p1a: Cresselia
|-fieldstart|move: Trick Room|[of] p1a: Cresselia
|
|-weather|none
|-end|p2a: Brute Bonnet|Protosynthesis
|-sideend|p1: findmyhair|Reflect
|upkeep
|turn|9
|
|t:|1758348596
|switch|p1a: Iron Hands|Iron Hands|100/100
|move|p2a: Brute Bonnet|Bullet Seed|p1a: Iron Hands
|-crit|p1a: Iron Hands
|-damage|p1a: Iron Hands|65/100
|-damage|p1a: Iron Hands|40/100
|-damage|p1a: Iron Hands|19/100
|-damage|p1a: Iron Hands|0 fnt
|faint|p1a: Iron Hands
|-end|p1a: Iron Hands|Quark Drive|[silent]
|-hitcount|p1: Iron Hands|4
|
|upkeep
|j| GruesomeLovelies
|
|t:|1758348606
|switch|p1a: Ursaluna|Ursaluna, M|100/100
|turn|10
|
|t:|1758348610
|move|p1a: Ursaluna|Protect|p1a: Ursaluna
|-singleturn|p1a: Ursaluna|Protect
|move|p2a: Brute Bonnet|Bullet Seed|p1a: Ursaluna
|-activate|p1a: Ursaluna|move: Protect
|
|-status|p1a: Ursaluna|brn|[from] item: Flame Orb
|upkeep
|turn|11
|
|t:|1758348616
|move|p1a: Ursaluna|Facade|p2a: Brute Bonnet
|-damage|p2a: Brute Bonnet|3/100
|move|p2a: Brute Bonnet|Bullet Seed|p1a: Ursaluna
|-supereffective|p1a: Ursaluna
|-damage|p1a: Ursaluna|46/100 brn
|-supereffective|p1a: Ursaluna
|-damage|p1a: Ursaluna|0 fnt
|faint|p1a: Ursaluna
|-hitcount|p1: Ursaluna|2
|
|-heal|p2a: Brute Bonnet|9/100|[from] Grassy Terrain
|upkeep
|
|t:|1758348627
|switch|p1a: Slowking|Slowking-Galar, F|53/100
|turn|12
|
|t:|1758348631
|move|p2a: Brute Bonnet|Sucker Punch|p1a: Slowking
|-supereffective|p1a: Slowking
|-damage|p1a: Slowking|0 fnt
|faint|p1a: Slowking
|
|-heal|p2a: Brute Bonnet|15/100|[from] Grassy Terrain
|-fieldend|move: Trick Room
|-fieldend|move: Grassy Terrain
|upkeep
|
|t:|1758348637
|switch|p1a: Crawdaunt|Crawdaunt, M|100/100
|turn|13
|
|t:|1758348642
|move|p2a: Brute Bonnet|Sucker Punch|p1a: Crawdaunt
|-resisted|p1a: Crawdaunt
|-damage|p1a: Crawdaunt|55/100
|move|p1a: Crawdaunt|Aqua Jet|p2a: Brute Bonnet
|-resisted|p2a: Brute Bonnet
|-damage|p2a: Brute Bonnet|0 fnt
|faint|p2a: Brute Bonnet
|-end|p2a: Brute Bonnet|Protosynthesis|[silent]
|-damage|p1a: Crawdaunt|45/100|[from] item: Life Orb
|
|upkeep
|
|t:|1758348647
|switch|p2a: Torkoal|Torkoal, M|24/100 psn
|-weather|SunnyDay|[from] ability: Drought|[of] p2a: Torkoal
|turn|14
|
|t:|1758348654
|switch|p1a: Cresselia|Cresselia, F, tera:Fairy|32/100
|move|p2a: Torkoal|Lava Plume|p1a: Cresselia
|-damage|p1a: Cresselia|0 fnt
|faint|p1a: Cresselia
|
|-weather|SunnyDay|[upkeep]
|-damage|p2a: Torkoal|11/100 psn|[from] psn
|upkeep
|
|t:|1758348661
|switch|p1a: Crawdaunt|Crawdaunt, M|45/100
|turn|15
|
|t:|1758348664
|move|p1a: Crawdaunt|Aqua Jet|p2a: Torkoal
|-supereffective|p2a: Torkoal
|-damage|p2a: Torkoal|0 fnt
|faint|p2a: Torkoal
|-damage|p1a: Crawdaunt|35/100|[from] item: Life Orb
|
|-weather|SunnyDay|[upkeep]
|upkeep
|
|t:|1758348673
|switch|p2a: Arboliva|Arboliva, F|100/100
|turn|16
|
|t:|1758348679
|move|p2a: Arboliva|Strength Sap|p1a: Crawdaunt
|-unboost|p1a: Crawdaunt|atk|1
|move|p1a: Crawdaunt|Knock Off|p2a: Arboliva
|-damage|p2a: Arboliva|33/100
|-enditem|p2a: Arboliva|Sitrus Berry|[from] move: Knock Off|[of] p1a: Crawdaunt
|-damage|p1a: Crawdaunt|25/100|[from] item: Life Orb
|
|-weather|SunnyDay|[upkeep]
|upkeep
|turn|17
|
|t:|1758348688
|move|p2a: Arboliva|Strength Sap|p1a: Crawdaunt
|-unboost|p1a: Crawdaunt|atk|1
|-heal|p2a: Arboliva|100/100
|move|p1a: Crawdaunt|Knock Off|p2a: Arboliva
|-damage|p2a: Arboliva|69/100
|-damage|p1a: Crawdaunt|15/100|[from] item: Life Orb
|
|-weather|SunnyDay|[upkeep]
|upkeep
|turn|18
|
|t:|1758348696
|move|p2a: Arboliva|Strength Sap|p1a: Crawdaunt
|-unboost|p1a: Crawdaunt|atk|1
|-heal|p2a: Arboliva|100/100
|move|p1a: Crawdaunt|Swords Dance|p1a: Crawdaunt
|-boost|p1a: Crawdaunt|atk|2
|
|-weather|SunnyDay|[upkeep]
|upkeep
|turn|19
|
|t:|1758348703
|move|p2a: Arboliva|Strength Sap|p1a: Crawdaunt
|-unboost|p1a: Crawdaunt|atk|1
|move|p1a: Crawdaunt|Swords Dance|p1a: Crawdaunt
|-boost|p1a: Crawdaunt|atk|2
|
|-weather|SunnyDay|[upkeep]
|upkeep
|turn|20
|
|t:|1758348709
|move|p2a: Arboliva|Strength Sap|p1a: Crawdaunt
|-unboost|p1a: Crawdaunt|atk|1
|move|p1a: Crawdaunt|Swords Dance|p1a: Crawdaunt
|-boost|p1a: Crawdaunt|atk|2
|
|-weather|SunnyDay|[upkeep]
|upkeep
|turn|21
|
|t:|1758348715
|move|p2a: Arboliva|Solar Beam||[still]
|-prepare|p2a: Arboliva|Solar Beam
|-anim|p2a: Arboliva|Solar Beam|p1a: Crawdaunt
|-supereffective|p1a: Crawdaunt
|-damage|p1a: Crawdaunt|0 fnt
|faint|p1a: Crawdaunt
|
|win|Chahess03
|raw|findmyhair's rating: 1177 &rarr; <strong>1149</strong><br />(-28 for losing)
|raw|Chahess03's rating: 1133 &rarr; <strong>1161</strong><br />(+28 for winning)
|l|☆findmyhair
|player|p1|
|l|‽Chahess03
|player|p2|
|l| GruesomeLovelies
