|j|☆Plata251
|j|☆Thatguyhere_15
|t:|1758320282
|gametype|singles
|player|p1|Plata251|pokefan-gen2|1140
|player|p2|Thatguyhere_15|265|1133
|gen|9
|tier|[Gen 9] OU
|rated|
|rule|HP Percentage Mod: HP is shown in percentages
|rule|Endless Battle Clause: Forcing endless battles is banned
|rule|Species Clause: Limit one of each Pokémon
|rule|OHKO Clause: OHKO moves are banned
|rule|Evasion Items Clause: Evasion items are banned
|rule|Evasion Moves Clause: Evasion moves are banned
|rule|Evasion Abilities Clause: Evasion abilities are banned
|rule|Sleep Moves Clause: Sleep-inducing moves are banned
|clearpoke
|poke|p1|Naclstack, M|
|poke|p1|Ninetales-Alola, F|
|poke|p1|Zapdos|
|poke|p1|Fezandipiti, M|
|poke|p1|Rotom-Heat|
|poke|p1|Moltres-Galar|
|poke|p2|Inteleon, F|
|poke|p2|Kingdra, M|
|poke|p2|Blaziken, M|
|poke|p2|Scizor, M|
|poke|p2|Tyranitar, M|
|poke|p2|Camerupt, F|
|teampreview
|inactive|Battle timer is ON: inactive players will automatically lose when time's up. (requested by Thatguyhere_15)
|
|t:|1758320294
|teamsize|p1|6
|teamsize|p2|6
|start
|switch|p1a: Fezandipiti|Fezandipiti, M|100/100
|switch|p2a: Scizor|Scizor, M|100/100
|turn|1
|
|t:|1758320300
|switch|p1a: Zapdos|Zapdos|100/100
|move|p2a: Scizor|Focus Energy|p2a: Scizor
|-start|p2a: Scizor|move: Focus Energy
|
|upkeep
|turn|2
|
|t:|1758320308
|move|p1a: Zapdos|Thunder Wave|p2a: Scizor
|-status|p2a: Scizor|par
|move|p2a: Scizor|Swords Dance|p2a: Scizor
|-boost|p2a: Scizor|atk|2
|
|upkeep
|turn|3
|
|t:|1758320314
|cant|p2a: Scizor|par
|move|p1a: Zapdos|Hurricane|p2a: Scizor
|-damage|p2a: Scizor|44/100 par
|-start|p2a: Scizor|confusion
|
|upkeep
|turn|4
|
|t:|1758320320
|-activate|p2a: Scizor|confusion
|move|p2a: Scizor|Bullet Punch|p1a: Zapdos
|-resisted|p1a: Zapdos
|-crit|p1a: Zapdos
|-damage|p1a: Zapdos|66/100
|move|p1a: Zapdos|Hurricane|p2a: Scizor
|-damage|p2a: Scizor|0 fnt
|faint|p2a: Scizor
|
|upkeep
|
|t:|1758320335
|switch|p2a: Kingdra|Kingdra, M|100/100
|turn|5
|
|t:|1758320338
|move|p2a: Kingdra|Focus Energy|p2a: Kingdra
|-start|p2a: Kingdra|move: Focus Energy
|move|p1a: Zapdos|Thunder Wave|p2a: Kingdra
|-status|p2a: Kingdra|par
|
|upkeep
|turn|6
|
|t:|1758320344
|move|p1a: Zapdos|Volt Switch|p2a: Kingdra
|-damage|p2a: Kingdra|63/100 par
|
|t:|1758320348
|switch|p1a: Fezandipiti|Fezandipiti, M|100/100|[from] Volt Switch
|cant|p2a: Kingdra|par
|
|upkeep
|turn|7
|
|t:|1758320352
|move|p1a: Fezandipiti|Play Rough|p2a: Kingdra
|-supereffective|p2a: Kingdra
|-damage|p2a: Kingdra|0 fnt
|faint|p2a: Kingdra
|
|upkeep
|
|t:|1758320357
|switch|p2a: Camerupt|Camerupt, F|100/100
|turn|8
|
|t:|1758320360
|move|p1a: Fezandipiti|Beat Up|p2a: Camerupt
|-damage|p2a: Camerupt|96/100
|-damage|p2a: Camerupt|92/100
|-damage|p2a: Camerupt|87/100
|-damage|p2a: Camerupt|84/100
|-damage|p2a: Camerupt|80/100
|-damage|p2a: Camerupt|76/100
|-status|p2a: Camerupt|tox|[from] ability: Toxic Chain|[of] p1a: Fezandipiti
|-hitcount|p2a: Camerupt|6
|move|p2a: Camerupt|Focus Energy|p2a: Camerupt
|-start|p2a: Camerupt|move: Focus Energy
|
|-damage|p2a: Camerupt|70/100 tox|[from] psn
|upkeep
|turn|9
|
|t:|1758320376
|move|p1a: Fezandipiti|U-turn|p2a: Camerupt
|-resisted|p2a: Camerupt
|-damage|p2a: Camerupt|59/100 tox
|
|t:|1758320380
|switch|p1a: Rotom|Rotom-Heat|100/100|[from] U-turn
|move|p2a: Camerupt|Earth Power|p1a: Rotom
|-immune|p1a: Rotom|[from] ability: Levitate
|
|-damage|p2a: Camerupt|46/100 tox|[from] psn
|upkeep
|turn|10
|
|t:|1758320388
|move|p1a: Rotom|Overheat|p2a: Camerupt
|-resisted|p2a: Camerupt
|-damage|p2a: Camerupt|19/100 tox
|-unboost|p1a: Rotom|spa|2
|move|p2a: Camerupt|Overheat|p1a: Rotom
|-resisted|p1a: Rotom
|-crit|p1a: Rotom
|-damage|p1a: Rotom|48/100
|-unboost|p2a: Camerupt|spa|2
|
|-heal|p1a: Rotom|54/100|[from] item: Leftovers
|-damage|p2a: Camerupt|1/100 tox|[from] psn
|upkeep
|turn|11
|
|t:|1758320403
|move|p1a: Rotom|Overheat|p2a: Camerupt
|-resisted|p2a: Camerupt
|-damage|p2a: Camerupt|0 fnt
|-unboost|p1a: Rotom|spa|2
|faint|p2a: Camerupt
|
|-heal|p1a: Rotom|60/100|[from] item: Leftovers
|upkeep
|
|t:|1758320411
|switch|p2a: Inteleon|Inteleon, F|100/100
|turn|12
|
|t:|1758320417
|move|p2a: Inteleon|Agility|p2a: Inteleon
|-boost|p2a: Inteleon|spe|2
|move|p1a: Rotom|Volt Switch|p2a: Inteleon
|-supereffective|p2a: Inteleon
|-damage|p2a: Inteleon|74/100
|
|t:|1758320422
|switch|p1a: Ninetales|Ninetales-Alola, F|100/100|[from] Volt Switch
|-weather|Snowscape|[from] ability: Snow Warning|[of] p1a: Ninetales
|
|-weather|Snowscape|[upkeep]
|upkeep
|turn|13
|
|t:|1758320428
|move|p2a: Inteleon|Snipe Shot|p1a: Ninetales
|-damage|p1a: Ninetales|58/100
|move|p1a: Ninetales|Freeze-Dry|p2a: Inteleon
|-supereffective|p2a: Inteleon
|-damage|p2a: Inteleon|3/100
|
|-weather|Snowscape|[upkeep]
|upkeep
|turn|14
|
|t:|1758320434
|move|p2a: Inteleon|Snipe Shot|p1a: Ninetales
|-crit|p1a: Ninetales
|-damage|p1a: Ninetales|0 fnt
|faint|p1a: Ninetales
|
|-weather|Snowscape|[upkeep]
|upkeep
|
|t:|1758320438
|switch|p1a: Zapdos|Zapdos|66/100
|turn|15
|
|t:|1758320444
|move|p2a: Inteleon|Snipe Shot|p1a: Zapdos
|-crit|p1a: Zapdos
|-damage|p1a: Zapdos|0 fnt
|faint|p1a: Zapdos
|
|-weather|Snowscape|[upkeep]
|upkeep
|
|t:|1758320450
|switch|p1a: Fezandipiti|Fezandipiti, M|100/100
|turn|16
|
|t:|1758320454
|move|p2a: Inteleon|Snipe Shot|p1a: Fezandipiti
|-damage|p1a: Fezandipiti|71/100
|move|p1a: Fezandipiti|U-turn|p2a: Inteleon
|-damage|p2a: Inteleon|0 fnt
|faint|p2a: Inteleon
|
|t:|1758320458
|switch|p1a: Rotom|Rotom-Heat|60/100|[from] U-turn
|
|-weather|none
|-heal|p1a: Rotom|66/100|[from] item: Leftovers
|upkeep
|
|t:|1758320465
|switch|p2a: Tyranitar|Tyranitar, M|100/100
|-weather|Sandstorm|[from] ability: Sand Stream|[of] p2a: Tyranitar
|turn|17
|
|t:|1758320471
|move|p1a: Rotom|Will-O-Wisp|p2a: Tyranitar
|-status|p2a: Tyranitar|brn
|move|p2a: Tyranitar|Focus Energy|p2a: Tyranitar
|-start|p2a: Tyranitar|move: Focus Energy
|
|-weather|Sandstorm|[upkeep]
|-damage|p1a: Rotom|60/100|[from] Sandstorm
|-heal|p1a: Rotom|66/100|[from] item: Leftovers
|-damage|p2a: Tyranitar|94/100 brn|[from] brn
|upkeep
|turn|18
|
|t:|1758320483
|move|p1a: Rotom|Pain Split|p2a: Tyranitar
|-sethp|p2a: Tyranitar|76/100 brn|[from] move: Pain Split|[silent]
|-sethp|p1a: Rotom|86/100|[from] move: Pain Split
|move|p2a: Tyranitar|Knock Off|p1a: Rotom
|-crit|p1a: Rotom
|-damage|p1a: Rotom|42/100
|-enditem|p1a: Rotom|Leftovers|[from] move: Knock Off|[of] p2a: Tyranitar
|
|-weather|Sandstorm|[upkeep]
|-damage|p1a: Rotom|36/100|[from] Sandstorm
|-damage|p2a: Tyranitar|70/100 brn|[from] brn
|upkeep
|turn|19
|
|t:|1758320494
|move|p1a: Rotom|Pain Split|p2a: Tyranitar
|-sethp|p2a: Tyranitar|51/100 brn|[from] move: Pain Split|[silent]
|-sethp|p1a: Rotom|58/100|[from] move: Pain Split
|move|p2a: Tyranitar|Knock Off|p1a: Rotom
|-crit|p1a: Rotom
|-damage|p1a: Rotom|31/100
|
|-weather|Sandstorm|[upkeep]
|-damage|p1a: Rotom|25/100|[from] Sandstorm
|-damage|p2a: Tyranitar|45/100 brn|[from] brn
|upkeep
|turn|20
|
|t:|1758320506
|move|p1a: Rotom|Pain Split|p2a: Tyranitar
|-sethp|p2a: Tyranitar|34/100 brn|[from] move: Pain Split|[silent]
|-sethp|p1a: Rotom|38/100|[from] move: Pain Split
|move|p2a: Tyranitar|Dragon Dance|p2a: Tyranitar
|-boost|p2a: Tyranitar|atk|1
|-boost|p2a: Tyranitar|spe|1
|
|-weather|Sandstorm|[upkeep]
|-damage|p1a: Rotom|32/100|[from] Sandstorm
|-damage|p2a: Tyranitar|27/100 brn|[from] brn
|upkeep
|turn|21
|
|t:|1758320521
|move|p2a: Tyranitar|Knock Off|p1a: Rotom
|-crit|p1a: Rotom
|-damage|p1a: Rotom|0 fnt
|faint|p1a: Rotom
|
|-weather|none
|-damage|p2a: Tyranitar|21/100 brn|[from] brn
|upkeep
|
|t:|1758320528
|switch|p1a: Fezandipiti|Fezandipiti, M|71/100
|turn|22
|
|t:|1758320531
|move|p2a: Tyranitar|Stone Edge|p1a: Fezandipiti|[miss]
|-miss|p2a: Tyranitar|p1a: Fezandipiti
|move|p1a: Fezandipiti|Play Rough|p2a: Tyranitar
|-supereffective|p2a: Tyranitar
|-damage|p2a: Tyranitar|0 fnt
|faint|p2a: Tyranitar
|
|upkeep
|
|t:|1758320538
|switch|p2a: Blaziken|Blaziken, M|100/100
|turn|23
|
|t:|1758320545
|move|p2a: Blaziken|Protect|p2a: Blaziken
|-singleturn|p2a: Blaziken|Protect
|move|p1a: Fezandipiti|Play Rough|p2a: Blaziken
|-activate|p2a: Blaziken|move: Protect
|
|-ability|p2a: Blaziken|Speed Boost|boost
|-boost|p2a: Blaziken|spe|1
|upkeep
|turn|24
|
|t:|1758320552
|move|p2a: Blaziken|Focus Energy|p2a: Blaziken
|-start|p2a: Blaziken|move: Focus Energy
|move|p1a: Fezandipiti|Play Rough|p2a: Blaziken
|-damage|p2a: Blaziken|55/100
|
|-ability|p2a: Blaziken|Speed Boost|boost
|-boost|p2a: Blaziken|spe|1
|upkeep
|turn|25
|
|t:|1758320561
|move|p2a: Blaziken|Overheat|p1a: Fezandipiti
|-crit|p1a: Fezandipiti
|-damage|p1a: Fezandipiti|26/100
|-unboost|p2a: Blaziken|spa|2
|move|p1a: Fezandipiti|Play Rough|p2a: Blaziken
|-damage|p2a: Blaziken|10/100
|
|-ability|p2a: Blaziken|Speed Boost|boost
|-boost|p2a: Blaziken|spe|1
|upkeep
|turn|26
|
|t:|1758320571
|move|p2a: Blaziken|Overheat|p1a: Fezandipiti
|-crit|p1a: Fezandipiti
|-damage|p1a: Fezandipiti|0 fnt
|-unboost|p2a: Blaziken|spa|2
|faint|p1a: Fezandipiti
|
|-ability|p2a: Blaziken|Speed Boost|boost
|-boost|p2a: Blaziken|spe|1
|upkeep
|
|t:|1758320575
|switch|p1a: Naclstack|Naclstack, M|100/100
|turn|27
|
|t:|1758320580
|-terastallize|p1a: Naclstack|Dragon
|move|p2a: Blaziken|Close Combat|p1a: Naclstack
|-crit|p1a: Naclstack
|-damage|p1a: Naclstack|52/100
|-unboost|p2a: Blaziken|def|1
|-unboost|p2a: Blaziken|spd|1
|move|p1a: Naclstack|Salt Cure|p2a: Blaziken
|-damage|p2a: Blaziken|0 fnt
|faint|p2a: Blaziken
|
|win|Plata251
|raw|Plata251's rating: 1140 &rarr; <strong>1164</strong><br />(+24 for winning)
|raw|Thatguyhere_15's rating: 1133 &rarr; <strong>1109</strong><br />(-24 for losing)
|l|☆Thatguyhere_15
|player|p2|
|l|☆Plata251
|player|p1|
