|j|☆Clodsireenjoyer999
|j|☆Southside Mike
|t:|1758271114
|gametype|singles
|player|p1|Clodsireenjoyer999|chili|1565
|player|p2|Southside Mike|rocketgrunt|1560
|gen|9
|tier|[Gen 9] OU
|rated|
|rule|HP Percentage Mod: HP is shown in percentages
|rule|Endless Battle Clause: Forcing endless battles is banned
|rule|Species Clause: Limit one of each Pokémon
|rule|OHKO Clause: OHKO moves are banned
|rule|Evasion Items Clause: Evasion items are banned
|rule|Evasion Moves Clause: Evasion moves are banned
|rule|Evasion Abilities Clause: Evasion abilities are banned
|rule|Sleep Moves Clause: Sleep-inducing moves are banned
|clearpoke
|poke|p1|Ninetales-Alola, F|
|poke|p1|Raging Bolt|
|poke|p1|Scraggy, M|
|poke|p1|Ceruledge, M|
|poke|p1|Iron Treads|
|poke|p1|Gliscor, F|
|poke|p2|Deoxys-Speed|
|poke|p2|Hoopa-Unbound|
|poke|p2|Manaphy|
|poke|p2|Iron Valiant|
|poke|p2|Ursaluna, M|
|poke|p2|Cinderace, F|
|teampreview
|inactive|Battle timer is ON: inactive players will automatically lose when time's up. (requested by Southside Mike)
|c|☆Clodsireenjoyer999|glhf
|
|t:|1758271122
|teamsize|p1|6
|teamsize|p2|6
|start
|switch|p1a: Ninetales|Ninetales-Alola, F|100/100
|switch|p2a: Deoxys|Deoxys-Speed|100/100
|-ability|p2a: Deoxys|Pressure
|-weather|Snowscape|[from] ability: Snow Warning|[of] p1a: Ninetales
|turn|1
|
|t:|1758271130
|move|p2a: Deoxys|Taunt|p1a: Ninetales
|-start|p1a: Ninetales|move: Taunt
|cant|p1a: Ninetales|move: Taunt|Aurora Veil
|
|-weather|Snowscape|[upkeep]
|upkeep
|turn|2
|
|t:|1758271135
|move|p2a: Deoxys|Light Screen|p2a: Deoxys
|-sidestart|p2: Southside Mike|move: Light Screen
|move|p1a: Ninetales|Moonblast|p2a: Deoxys
|-damage|p2a: Deoxys|84/100
|
|-weather|Snowscape|[upkeep]
|upkeep
|turn|3
|
|t:|1758271150
|switch|p1a: Gliscor|Gliscor, F|100/100
|move|p2a: Deoxys|Reflect|p2a: Deoxys
|-sidestart|p2: Southside Mike|Reflect
|
|-weather|Snowscape|[upkeep]
|-status|p1a: Gliscor|tox|[from] item: Toxic Orb
|upkeep
|turn|4
|
|t:|1758271159
|switch|p2a: Iron Valiant|Iron Valiant|100/100
|-enditem|p2a: Iron Valiant|Booster Energy
|-activate|p2a: Iron Valiant|ability: Quark Drive|[fromitem]
|-start|p2a: Iron Valiant|quarkdrivespe
|move|p1a: Gliscor|Swords Dance|p1a: Gliscor
|-boost|p1a: Gliscor|atk|2
|
|-weather|Snowscape|[upkeep]
|upkeep
|turn|5
|
|t:|1758271169
|move|p2a: Iron Valiant|Encore|p1a: Gliscor
|-start|p1a: Gliscor|Encore
|move|p1a: Gliscor|Swords Dance|p1a: Gliscor
|-boost|p1a: Gliscor|atk|2
|
|-weather|none
|upkeep
|turn|6
|
|t:|1758271179
|-end|p2a: Iron Valiant|Quark Drive|[silent]
|switch|p2a: Ursaluna|Ursaluna, M|100/100
|switch|p1a: Ceruledge|Ceruledge, M|100/100
|
|-status|p2a: Ursaluna|brn|[from] item: Flame Orb
|upkeep
|turn|7
|
|t:|1758271187
|switch|p1a: Gliscor|Gliscor, F|100/100 tox
|move|p2a: Ursaluna|Earthquake|p1a: Gliscor
|-immune|p1a: Gliscor
|
|-damage|p2a: Ursaluna|94/100 brn|[from] brn
|upkeep
|turn|8
|
|t:|1758271194
|move|p1a: Gliscor|Swords Dance|p1a: Gliscor
|-boost|p1a: Gliscor|atk|2
|move|p2a: Ursaluna|Swords Dance|p2a: Ursaluna
|-boost|p2a: Ursaluna|atk|2
|
|-damage|p2a: Ursaluna|88/100 brn|[from] brn
|upkeep
|turn|9
|
|t:|1758271205
|move|p1a: Gliscor|Facade|p2a: Ursaluna
|-damage|p2a: Ursaluna|67/100 brn
|move|p2a: Ursaluna|Facade|p1a: Gliscor
|-damage|p1a: Gliscor|0 fnt
|faint|p1a: Gliscor
|
|-damage|p2a: Ursaluna|61/100 brn|[from] brn
|-sideend|p2: Southside Mike|move: Light Screen
|upkeep
|
|t:|1758271215
|switch|p1a: Ninetales|Ninetales-Alola, F|100/100
|-weather|Snowscape|[from] ability: Snow Warning|[of] p1a: Ninetales
|turn|10
|
|t:|1758271224
|switch|p2a: Cinderace|Cinderace, F|100/100
|move|p1a: Ninetales|Aurora Veil|p1a: Ninetales
|-sidestart|p1: Clodsireenjoyer999|move: Aurora Veil
|
|-weather|Snowscape|[upkeep]
|-sideend|p2: Southside Mike|Reflect
|upkeep
|turn|11
|
|t:|1758271230
|move|p2a: Cinderace|Court Change|p2a: Cinderace
|-start|p2a: Cinderace|typechange|Normal|[from] ability: Libero
|-swapsideconditions
|-activate|p2a: Cinderace|move: Court Change
|move|p1a: Ninetales|Aurora Veil|p1a: Ninetales
|-sidestart|p1: Clodsireenjoyer999|move: Aurora Veil
|
|-weather|Snowscape|[upkeep]
|upkeep
|turn|12
|
|t:|1758271236
|switch|p1a: Ceruledge|Ceruledge, M|100/100
|move|p2a: Cinderace|U-turn|p1a: Ceruledge
|-resisted|p1a: Ceruledge
|-damage|p1a: Ceruledge|97/100
|
|t:|1758271241
|switch|p2a: Ursaluna|Ursaluna, M|61/100 brn|[from] U-turn
|
|-weather|Snowscape|[upkeep]
|-damage|p2a: Ursaluna|54/100 brn|[from] brn
|upkeep
|turn|13
|
|t:|1758271248
|-terastallize|p1a: Ceruledge|Bug
|move|p1a: Ceruledge|Bulk Up|p1a: Ceruledge
|-boost|p1a: Ceruledge|atk|1
|-boost|p1a: Ceruledge|def|1
|move|p2a: Ursaluna|Earthquake|p1a: Ceruledge
|-resisted|p1a: Ceruledge
|-damage|p1a: Ceruledge|78/100
|
|-weather|Snowscape|[upkeep]
|-damage|p2a: Ursaluna|48/100 brn|[from] brn
|upkeep
|turn|14
|
|t:|1758271260
|switch|p2a: Iron Valiant|Iron Valiant|100/100
|move|p1a: Ceruledge|Bitter Blade|p2a: Iron Valiant
|-damage|p2a: Iron Valiant|62/100
|-heal|p1a: Ceruledge|94/100|[from] drain|[of] p2a: Iron Valiant
|
|-weather|none
|upkeep
|turn|15
|
|t:|1758271273
|move|p2a: Iron Valiant|Encore|p1a: Ceruledge
|-start|p1a: Ceruledge|Encore
|move|p1a: Ceruledge|Bitter Blade|p2a: Iron Valiant
|-damage|p2a: Iron Valiant|28/100
|-heal|p1a: Ceruledge|100/100|[from] drain|[of] p2a: Iron Valiant
|
|upkeep
|turn|16
|
|t:|1758271285
|switch|p1a: Raging Bolt|Raging Bolt|100/100
|-enditem|p1a: Raging Bolt|Booster Energy
|-activate|p1a: Raging Bolt|ability: Protosynthesis|[fromitem]
|-start|p1a: Raging Bolt|protosynthesisspa
|move|p2a: Iron Valiant|Moonblast|p1a: Raging Bolt
|-supereffective|p1a: Raging Bolt
|-damage|p1a: Raging Bolt|56/100
|
|upkeep
|turn|17
|
|t:|1758271293
|move|p1a: Raging Bolt|Thunderclap|p2a: Iron Valiant
|-damage|p2a: Iron Valiant|0 fnt
|faint|p2a: Iron Valiant
|-end|p2a: Iron Valiant|Quark Drive|[silent]
|
|-sideend|p2: Southside Mike|move: Aurora Veil
|upkeep
|
|t:|1758271299
|switch|p2a: Hoopa|Hoopa-Unbound|100/100
|turn|18
|
|t:|1758271307
|move|p1a: Raging Bolt|Dragon Pulse|p2a: Hoopa
|-damage|p2a: Hoopa|71/100
|move|p2a: Hoopa|Psychic Noise|p1a: Raging Bolt
|-damage|p1a: Raging Bolt|32/100
|-start|p1a: Raging Bolt|move: Heal Block
|
|-sideend|p1: Clodsireenjoyer999|move: Aurora Veil
|upkeep
|turn|19
|
|t:|1758271316
|move|p1a: Raging Bolt|Thunderclap|p2a: Hoopa
|-damage|p2a: Hoopa|41/100
|move|p2a: Hoopa|Psychic Noise|p1a: Raging Bolt
|-damage|p1a: Raging Bolt|0 fnt
|faint|p1a: Raging Bolt
|-end|p1a: Raging Bolt|Protosynthesis|[silent]
|
|upkeep
|
|t:|1758271323
|switch|p1a: Ninetales|Ninetales-Alola, F|100/100
|-weather|Snowscape|[from] ability: Snow Warning|[of] p1a: Ninetales
|turn|20
|
|t:|1758271328
|move|p1a: Ninetales|Aurora Veil|p1a: Ninetales
|-sidestart|p1: Clodsireenjoyer999|move: Aurora Veil
|move|p2a: Hoopa|Knock Off|p1a: Ninetales
|-resisted|p1a: Ninetales
|-crit|p1a: Ninetales
|-damage|p1a: Ninetales|70/100
|-enditem|p1a: Ninetales|Light Clay|[from] move: Knock Off|[of] p2a: Hoopa
|
|-weather|Snowscape|[upkeep]
|upkeep
|turn|21
|
|t:|1758271336
|move|p1a: Ninetales|Moonblast|p2a: Hoopa
|-supereffective|p2a: Hoopa
|-damage|p2a: Hoopa|15/100
|move|p2a: Hoopa|Psychic Noise|p1a: Ninetales
|-damage|p1a: Ninetales|46/100
|-start|p1a: Ninetales|move: Heal Block
|
|-weather|Snowscape|[upkeep]
|upkeep
|turn|22
|inactive|Southside Mike has 120 seconds left.
|
|t:|1758271367
|move|p1a: Ninetales|Moonblast|p2a: Hoopa
|-supereffective|p2a: Hoopa
|-damage|p2a: Hoopa|0 fnt
|faint|p2a: Hoopa
|
|-weather|Snowscape|[upkeep]
|-end|p1a: Ninetales|move: Heal Block
|upkeep
|inactive|Southside Mike has 120 seconds left.
|
|t:|1758271373
|switch|p2a: Cinderace|Cinderace, F|100/100
|turn|23
|
|t:|1758271376
|move|p2a: Cinderace|Court Change|p2a: Cinderace
|-start|p2a: Cinderace|typechange|Normal|[from] ability: Libero
|-swapsideconditions
|-activate|p2a: Cinderace|move: Court Change
|move|p1a: Ninetales|Aurora Veil|p1a: Ninetales
|-sidestart|p1: Clodsireenjoyer999|move: Aurora Veil
|
|-weather|Snowscape|[upkeep]
|upkeep
|turn|24
|
|t:|1758271384
|move|p2a: Cinderace|U-turn|p1a: Ninetales
|-resisted|p1a: Ninetales
|-damage|p1a: Ninetales|42/100
|
|t:|1758271387
|switch|p2a: Ursaluna|Ursaluna, M|48/100 brn|[from] U-turn
|move|p1a: Ninetales|Moonblast|p2a: Ursaluna
|-crit|p2a: Ursaluna
|-damage|p2a: Ursaluna|12/100 brn
|
|-weather|none
|-damage|p2a: Ursaluna|6/100 brn|[from] brn
|upkeep
|turn|25
|
|t:|1758271395
|move|p1a: Ninetales|Freeze-Dry|p2a: Ursaluna
|-supereffective|p2a: Ursaluna
|-damage|p2a: Ursaluna|0 fnt
|faint|p2a: Ursaluna
|
|upkeep
|
|t:|1758271403
|switch|p2a: Cinderace|Cinderace, F|100/100
|turn|26
|
|t:|1758271408
|switch|p1a: Ceruledge|Ceruledge, M, tera:Bug|100/100
|move|p2a: Cinderace|Pyro Ball|p1a: Ceruledge
|-start|p1a: Ceruledge|ability: Flash Fire
|
|upkeep
|turn|27
|
|t:|1758271421
|move|p2a: Cinderace|U-turn|p1a: Ceruledge
|-start|p2a: Cinderace|typechange|Bug|[from] ability: Libero
|-damage|p1a: Ceruledge|82/100
|
|t:|1758271425
|switch|p2a: Deoxys|Deoxys-Speed|84/100|[from] U-turn
|-ability|p2a: Deoxys|Pressure
|move|p1a: Ceruledge|Bulk Up|p1a: Ceruledge
|-boost|p1a: Ceruledge|atk|1
|-boost|p1a: Ceruledge|def|1
|
|-sideend|p2: Southside Mike|move: Aurora Veil
|-sideend|p1: Clodsireenjoyer999|move: Aurora Veil
|upkeep
|turn|28
|
|t:|1758271435
|move|p1a: Ceruledge|Shadow Sneak|p2a: Deoxys
|-supereffective|p2a: Deoxys
|-crit|p2a: Deoxys
|-damage|p2a: Deoxys|0 fnt
|faint|p2a: Deoxys
|
|upkeep
|
|t:|1758271439
|switch|p2a: Manaphy|Manaphy|100/100
|turn|29
|
|t:|1758271443
|move|p2a: Manaphy|Acid Armor|p2a: Manaphy
|-boost|p2a: Manaphy|def|2
|move|p1a: Ceruledge|Taunt|p2a: Manaphy
|-start|p2a: Manaphy|move: Taunt
|
|upkeep
|turn|30
|
|t:|1758271449
|move|p2a: Manaphy|Scald|p1a: Ceruledge
|-damage|p1a: Ceruledge|62/100
|move|p1a: Ceruledge|Bulk Up|p1a: Ceruledge
|-boost|p1a: Ceruledge|atk|1
|-boost|p1a: Ceruledge|def|1
|
|upkeep
|turn|31
|
|t:|1758271455
|move|p2a: Manaphy|Scald|p1a: Ceruledge
|-damage|p1a: Ceruledge|40/100
|move|p1a: Ceruledge|Bulk Up|p1a: Ceruledge
|-boost|p1a: Ceruledge|atk|1
|-boost|p1a: Ceruledge|def|1
|
|upkeep
|turn|32
|
|t:|1758271462
|move|p2a: Manaphy|Scald|p1a: Ceruledge
|-damage|p1a: Ceruledge|19/100
|move|p1a: Ceruledge|Bitter Blade|p2a: Manaphy
|-resisted|p2a: Manaphy
|-damage|p2a: Manaphy|70/100
|-heal|p1a: Ceruledge|37/100|[from] drain|[of] p2a: Manaphy
|
|-heal|p2a: Manaphy|76/100|[from] item: Leftovers
|-end|p2a: Manaphy|move: Taunt
|upkeep
|turn|33
|
|t:|1758271479
|move|p2a: Manaphy|Acid Armor|p2a: Manaphy
|-boost|p2a: Manaphy|def|2
|move|p1a: Ceruledge|Bulk Up|p1a: Ceruledge
|-boost|p1a: Ceruledge|atk|1
|-boost|p1a: Ceruledge|def|1
|
|-heal|p2a: Manaphy|82/100|[from] item: Leftovers
|upkeep
|turn|34
|
|t:|1758271487
|move|p2a: Manaphy|Take Heart|p2a: Manaphy
|-boost|p2a: Manaphy|spa|1
|-boost|p2a: Manaphy|spd|1
|move|p1a: Ceruledge|Bulk Up|p1a: Ceruledge
|-boost|p1a: Ceruledge|atk|1
|-boost|p1a: Ceruledge|def|1
|
|-heal|p2a: Manaphy|88/100|[from] item: Leftovers
|upkeep
|turn|35
|
|t:|1758271496
|move|p2a: Manaphy|Acid Armor|p2a: Manaphy
|-boost|p2a: Manaphy|def|2
|move|p1a: Ceruledge|Taunt|p2a: Manaphy
|-start|p2a: Manaphy|move: Taunt
|
|-heal|p2a: Manaphy|95/100|[from] item: Leftovers
|upkeep
|turn|36
|
|t:|1758271503
|move|p2a: Manaphy|Stored Power|p1a: Ceruledge
|-damage|p1a: Ceruledge|0 fnt
|faint|p1a: Ceruledge
|
|-heal|p2a: Manaphy|100/100|[from] item: Leftovers
|upkeep
|
|t:|1758271510
|switch|p1a: Ninetales|Ninetales-Alola, F|42/100
|-weather|Snowscape|[from] ability: Snow Warning|[of] p1a: Ninetales
|turn|37
|
|t:|1758271521
|move|p1a: Ninetales|Encore|p2a: Manaphy
|-start|p2a: Manaphy|Encore
|move|p2a: Manaphy|Stored Power|p1a: Ninetales
|-damage|p1a: Ninetales|0 fnt
|faint|p1a: Ninetales
|
|-weather|Snowscape|[upkeep]
|upkeep
|
|t:|1758271527
|switch|p1a: Scraggy|Scraggy, M|100/100
|turn|38
|
|t:|1758271531
|move|p2a: Manaphy|Stored Power|p1a: Scraggy
|-immune|p1a: Scraggy
|move|p1a: Scraggy|Dragon Dance|p1a: Scraggy
|-boost|p1a: Scraggy|atk|1
|-boost|p1a: Scraggy|spe|1
|
|-weather|Snowscape|[upkeep]
|-end|p2a: Manaphy|move: Taunt
|upkeep
|turn|39
|
|t:|1758271539
|move|p2a: Manaphy|Stored Power|p1a: Scraggy
|-immune|p1a: Scraggy
|move|p1a: Scraggy|Dragon Dance|p1a: Scraggy
|-boost|p1a: Scraggy|atk|1
|-boost|p1a: Scraggy|spe|1
|
|-weather|Snowscape|[upkeep]
|-end|p2a: Manaphy|Encore
|upkeep
|turn|40
|
|t:|1758271549
|move|p2a: Manaphy|Scald|p1a: Scraggy
|-damage|p1a: Scraggy|57/100
|move|p1a: Scraggy|Dragon Dance|p1a: Scraggy
|-boost|p1a: Scraggy|atk|1
|-boost|p1a: Scraggy|spe|1
|
|-weather|Snowscape|[upkeep]
|upkeep
|turn|41
|
|t:|1758271556
|move|p1a: Scraggy|Dragon Dance|p1a: Scraggy
|-boost|p1a: Scraggy|atk|1
|-boost|p1a: Scraggy|spe|1
|move|p2a: Manaphy|Scald|p1a: Scraggy
|-damage|p1a: Scraggy|17/100
|-status|p1a: Scraggy|brn
|
|-weather|none
|-damage|p1a: Scraggy|11/100 brn|[from] brn
|upkeep
|turn|42
|
|t:|1758271565
|move|p1a: Scraggy|Rest|p1a: Scraggy
|-status|p1a: Scraggy|slp|[from] move: Rest
|-heal|p1a: Scraggy|100/100 slp|[silent]
|move|p2a: Manaphy|Scald|p1a: Scraggy
|-damage|p1a: Scraggy|62/100 slp
|
|upkeep
|turn|43
|
|t:|1758271575
|cant|p1a: Scraggy|slp
|move|p2a: Manaphy|Scald|p1a: Scraggy
|-damage|p1a: Scraggy|22/100 slp
|
|-activate|p1a: Scraggy|ability: Shed Skin
|-curestatus|p1a: Scraggy|slp|[msg]
|upkeep
|turn|44
|
|t:|1758271583
|move|p1a: Scraggy|Rest|p1a: Scraggy
|-status|p1a: Scraggy|slp|[from] move: Rest
|-heal|p1a: Scraggy|100/100 slp|[silent]
|move|p2a: Manaphy|Scald|p1a: Scraggy
|-damage|p1a: Scraggy|58/100 slp
|
|-activate|p1a: Scraggy|ability: Shed Skin
|-curestatus|p1a: Scraggy|slp|[msg]
|upkeep
|turn|45
|
|t:|1758271595
|move|p1a: Scraggy|Knock Off|p2a: Manaphy
|-damage|p2a: Manaphy|77/100
|-enditem|p2a: Manaphy|Leftovers|[from] move: Knock Off|[of] p1a: Scraggy
|move|p2a: Manaphy|Scald|p1a: Scraggy
|-damage|p1a: Scraggy|19/100
|
|upkeep
|turn|46
|
|t:|1758271602
|move|p1a: Scraggy|Rest|p1a: Scraggy
|-status|p1a: Scraggy|slp|[from] move: Rest
|-heal|p1a: Scraggy|100/100 slp|[silent]
|move|p2a: Manaphy|Take Heart|p2a: Manaphy
|-boost|p2a: Manaphy|spa|1
|-boost|p2a: Manaphy|spd|1
|
|upkeep
|turn|47
|
|t:|1758271609
|cant|p1a: Scraggy|slp
|move|p2a: Manaphy|Scald|p1a: Scraggy
|-damage|p1a: Scraggy|46/100 slp
|
|upkeep
|turn|48
|
|t:|1758271615
|cant|p1a: Scraggy|slp
|move|p2a: Manaphy|Scald|p1a: Scraggy
|-damage|p1a: Scraggy|0 fnt
|faint|p1a: Scraggy
|
|upkeep
|c|☆Clodsireenjoyer999|gg
|
|t:|1758271621
|switch|p1a: Iron Treads|Iron Treads|100/100
|turn|49
|
|t:|1758271625
|move|p1a: Iron Treads|Earthquake|p2a: Manaphy
|-damage|p2a: Manaphy|68/100
|move|p2a: Manaphy|Scald|p1a: Iron Treads
|-supereffective|p1a: Iron Treads
|-damage|p1a: Iron Treads|0 fnt
|faint|p1a: Iron Treads
|-end|p1a: Iron Treads|Quark Drive|[silent]
|
|win|Southside Mike
|raw|Clodsireenjoyer999's rating: 1565 &rarr; <strong>1545</strong><br />(-20 for losing)
|raw|Southside Mike's rating: 1560 &rarr; <strong>1580</strong><br />(+20 for winning)
|c|☆Southside Mike|gg
|l|☆Clodsireenjoyer999
|player|p1|
|l|☆Southside Mike
|player|p2|
