|j|☆XIXINANA
|j|☆Heatheart12
|t:|1758318320
|gametype|singles
|player|p1|XIXINANA|nate|1186
|player|p2|Heatheart12|preschooler|1134
|gen|9
|tier|[Gen 9] OU
|rated|
|rule|HP Percentage Mod: HP is shown in percentages
|rule|Endless Battle Clause: Forcing endless battles is banned
|rule|Species Clause: Limit one of each Pokémon
|rule|OHKO Clause: OHKO moves are banned
|rule|Evasion Items Clause: Evasion items are banned
|rule|Evasion Moves Clause: Evasion moves are banned
|rule|Evasion Abilities Clause: Evasion abilities are banned
|rule|Sleep Moves Clause: Sleep-inducing moves are banned
|clearpoke
|poke|p1|Gyarados, F|
|poke|p1|Toxtricity, F|
|poke|p1|Sinistcha-Masterpiece|
|poke|p1|Polteageist-Antique|
|poke|p1|Typhlosion-Hisui, F|
|poke|p1|Regidrago|
|poke|p2|Morpeko, M|
|poke|p2|Noctowl, M|
|poke|p2|Oinkologne, M|
|poke|p2|Vikavolt, F|
|poke|p2|Arcanine, M|
|poke|p2|Salamence, F|
|teampreview
|inactive|Battle timer is ON: inactive players will automatically lose when time's up. (requested by Heatheart12)
|
|t:|1758318334
|teamsize|p1|6
|teamsize|p2|6
|start
|switch|p1a: Toxtricity|Toxtricity, F, shiny|100/100
|switch|p2a: Vikavolt|Vikavolt, F|100/100
|turn|1
|
|t:|1758318347
|move|p1a: Toxtricity|Boomburst|p2a: Vikavolt
|-damage|p2a: Vikavolt|0 fnt
|faint|p2a: Vikavolt
|-damage|p1a: Toxtricity|91/100|[from] item: Life Orb
|
|upkeep
|
|t:|1758318356
|switch|p2a: Arcanine|Arcanine, M|100/100
|-ability|p2a: Arcanine|Intimidate|boost
|-unboost|p1a: Toxtricity|atk|1
|turn|2
|
|t:|1758318364
|move|p2a: Arcanine|Psychic Fangs|p1a: Toxtricity
|-supereffective|p1a: Toxtricity
|-damage|p1a: Toxtricity|0 fnt
|faint|p1a: Toxtricity
|
|upkeep
|
|t:|1758318369
|switch|p1a: Gyarados|Gyarados, F, shiny|100/100
|-ability|p1a: Gyarados|Intimidate|boost
|-unboost|p2a: Arcanine|atk|1
|turn|3
|
|t:|1758318374
|move|p2a: Arcanine|Body Slam|p1a: Gyarados
|-damage|p1a: Gyarados|79/100
|-status|p1a: Gyarados|par
|move|p1a: Gyarados|Dragon Dance|p1a: Gyarados
|-boost|p1a: Gyarados|atk|1
|-boost|p1a: Gyarados|spe|1
|
|-heal|p1a: Gyarados|85/100 par|[from] item: Leftovers
|upkeep
|turn|4
|
|t:|1758318381
|switch|p2a: Oinkologne|Oinkologne, M|100/100
|cant|p1a: Gyarados|par
|
|-heal|p1a: Gyarados|91/100 par|[from] item: Leftovers
|upkeep
|turn|5
|
|t:|1758318405
|switch|p1a: Sinistcha|Sinistcha-Masterpiece|100/100
|move|p2a: Oinkologne|Trailblaze|p1a: Sinistcha
|-resisted|p1a: Sinistcha
|-damage|p1a: Sinistcha|95/100
|-boost|p2a: Oinkologne|spe|1
|
|-heal|p1a: Sinistcha|100/100|[from] item: Leftovers
|upkeep
|turn|6
|
|t:|1758318418
|move|p2a: Oinkologne|Substitute|p2a: Oinkologne
|-start|p2a: Oinkologne|Substitute
|-damage|p2a: Oinkologne|75/100
|move|p1a: Sinistcha|Matcha Gotcha|p2a: Oinkologne
|-end|p2a: Oinkologne|Substitute
|
|upkeep
|turn|7
|
|t:|1758318427
|move|p2a: Oinkologne|Trailblaze|p1a: Sinistcha
|-resisted|p1a: Sinistcha
|-damage|p1a: Sinistcha|95/100
|-boost|p2a: Oinkologne|spe|1
|move|p1a: Sinistcha|Matcha Gotcha|p2a: Oinkologne
|-damage|p2a: Oinkologne|48/100
|-heal|p1a: Sinistcha|100/100|[from] drain|[of] p2a: Oinkologne
|-enditem|p2a: Oinkologne|Ganlon Berry|[eat]
|-boost|p2a: Oinkologne|def|1|[from] item: Ganlon Berry
|
|upkeep
|turn|8
|
|t:|1758318453
|move|p2a: Oinkologne|Trailblaze|p1a: Sinistcha
|-resisted|p1a: Sinistcha
|-damage|p1a: Sinistcha|95/100
|-boost|p2a: Oinkologne|spe|1
|move|p1a: Sinistcha|Strength Sap|p2a: Oinkologne
|-unboost|p2a: Oinkologne|atk|1
|-heal|p1a: Sinistcha|100/100
|
|upkeep
|turn|9
|
|t:|1758318464
|switch|p2a: Arcanine|Arcanine, M|100/100
|-ability|p2a: Arcanine|Intimidate|boost
|-unboost|p1a: Sinistcha|atk|1
|move|p1a: Sinistcha|Strength Sap|p2a: Arcanine
|-unboost|p2a: Arcanine|atk|1
|
|upkeep
|turn|10
|inactive|XIXINANA has 120 seconds left.
|inactive|XIXINANA has 90 seconds left.
|
|t:|1758318522
|move|p2a: Arcanine|Fire Fang|p1a: Sinistcha
|-supereffective|p1a: Sinistcha
|-damage|p1a: Sinistcha|79/100
|move|p1a: Sinistcha|Strength Sap|p2a: Arcanine
|-unboost|p2a: Arcanine|atk|1
|-heal|p1a: Sinistcha|100/100
|
|upkeep
|turn|11
|
|t:|1758318531
|move|p2a: Arcanine|Fire Fang|p1a: Sinistcha
|-supereffective|p1a: Sinistcha
|-damage|p1a: Sinistcha|87/100
|-status|p1a: Sinistcha|brn
|move|p1a: Sinistcha|Shadow Ball|p2a: Arcanine
|-damage|p2a: Arcanine|63/100
|-unboost|p2a: Arcanine|spd|1
|
|-heal|p1a: Sinistcha|93/100 brn|[from] item: Leftovers
|-damage|p1a: Sinistcha|90/100 brn|[from] brn
|upkeep
|turn|12
|inactive|XIXINANA has 90 seconds left.
|
|t:|1758318552
|switch|p2a: Noctowl|Noctowl, M|100/100
|move|p1a: Sinistcha|Matcha Gotcha|p2a: Noctowl
|-resisted|p2a: Noctowl
|-damage|p2a: Noctowl|81/100
|-heal|p1a: Sinistcha|100/100 brn|[from] drain|[of] p2a: Noctowl
|
|-damage|p1a: Sinistcha|98/100 brn|[from] brn
|upkeep
|turn|13
|inactive|XIXINANA has 90 seconds left.
|
|t:|1758318563
|move|p1a: Sinistcha|Strength Sap|p2a: Noctowl
|-unboost|p2a: Noctowl|atk|1
|-heal|p1a: Sinistcha|100/100 brn
|move|p2a: Noctowl|Air Slash|p1a: Sinistcha
|-supereffective|p1a: Sinistcha
|-damage|p1a: Sinistcha|17/100 brn
|
|-heal|p1a: Sinistcha|23/100 brn|[from] item: Leftovers
|-damage|p1a: Sinistcha|20/100 brn|[from] brn
|upkeep
|turn|14
|inactive|XIXINANA has 90 seconds left.
|
|t:|1758318576
|switch|p1a: Gyarados|Gyarados, F, shiny|91/100 par
|-ability|p1a: Gyarados|Intimidate|boost
|-unboost|p2a: Noctowl|atk|1
|move|p2a: Noctowl|Tailwind|p2a: Noctowl
|-sidestart|p2: Heatheart12|move: Tailwind
|
|-heal|p1a: Gyarados|97/100 par|[from] item: Leftovers
|upkeep
|turn|15
|inactive|XIXINANA has 90 seconds left.
|
|t:|1758318582
|move|p2a: Noctowl|Hyper Voice|p1a: Gyarados
|-damage|p1a: Gyarados|53/100 par
|-enditem|p2a: Noctowl|Throat Spray
|-boost|p2a: Noctowl|spa|1|[from] item: Throat Spray
|move|p1a: Gyarados|Waterfall|p2a: Noctowl
|-damage|p2a: Noctowl|16/100
|
|-heal|p1a: Gyarados|59/100 par|[from] item: Leftovers
|upkeep
|turn|16
|
|t:|1758318591
|move|p2a: Noctowl|Hyper Voice|p1a: Gyarados
|-damage|p1a: Gyarados|0 fnt
|faint|p1a: Gyarados
|
|upkeep
|
|t:|1758318598
|switch|p1a: Polteageist|Polteageist-Antique|100/100
|turn|17
|
|t:|1758318601
|move|p2a: Noctowl|Air Slash|p1a: Polteageist
|-damage|p1a: Polteageist|45/100
|cant|p1a: Polteageist|flinch
|
|-sideend|p2: Heatheart12|move: Tailwind
|upkeep
|turn|18
|
|t:|1758318612
|move|p1a: Polteageist|Tera Blast|p2a: Noctowl
|-damage|p2a: Noctowl|0 fnt
|faint|p2a: Noctowl
|
|upkeep
|
|t:|1758318619
|switch|p2a: Morpeko|Morpeko, M|100/100
|-item|p2a: Morpeko|Air Balloon
|turn|19
|
|t:|1758318640
|move|p2a: Morpeko|Charge|p2a: Morpeko
|-boost|p2a: Morpeko|spd|1
|-start|p2a: Morpeko|Charge
|move|p1a: Polteageist|Shell Smash|p1a: Polteageist
|-unboost|p1a: Polteageist|def|1
|-unboost|p1a: Polteageist|spd|1
|-boost|p1a: Polteageist|atk|2
|-boost|p1a: Polteageist|spa|2
|-boost|p1a: Polteageist|spe|2
|
|-formechange|p2a: Morpeko|Morpeko-Hangry||[from] ability: Hunger Switch
|upkeep
|turn|20
|
|t:|1758318654
|-terastallize|p1a: Polteageist|Fighting
|move|p1a: Polteageist|Tera Blast|p2a: Morpeko|[anim] Tera Blast Fighting
|-supereffective|p2a: Morpeko
|-damage|p2a: Morpeko|0 fnt
|-enditem|p2a: Morpeko|Air Balloon
|faint|p2a: Morpeko
|
|upkeep
|-message|Heatheart12 forfeited.
|
|win|XIXINANA
|raw|XIXINANA's rating: 1186 &rarr; <strong>1207</strong><br />(+21 for winning)
|raw|Heatheart12's rating: 1134 &rarr; <strong>1113</strong><br />(-21 for losing)
|l|☆Heatheart12
|player|p2|
|l|☆XIXINANA
|player|p1|
