|j|☆Rohit-Majum
|j|☆leanpro
|t:|1758341038
|gametype|singles
|player|p1|Rohit-Majum|266|1378
|player|p2|leanpro|2|1331
|gen|9
|tier|[Gen 9] OU
|rated|
|rule|HP Percentage Mod: HP is shown in percentages
|rule|Endless Battle Clause: Forcing endless battles is banned
|rule|Species Clause: Limit one of each Pokémon
|rule|OHKO Clause: OHKO moves are banned
|rule|Evasion Items Clause: Evasion items are banned
|rule|Evasion Moves Clause: Evasion moves are banned
|rule|Evasion Abilities Clause: Evasion abilities are banned
|rule|Sleep Moves Clause: Sleep-inducing moves are banned
|clearpoke
|poke|p1|Dragapult, F|
|poke|p1|Samurott-Hisui, M|
|poke|p1|Slowking-Galar, M|
|poke|p1|Ogerpon-Wellspring, F|
|poke|p1|Kingambit, M|
|poke|p1|Gliscor, F|
|poke|p2|Diancie|
|poke|p2|Lucario, F|
|poke|p2|Garchomp, F|
|poke|p2|Serperior, M|
|poke|p2|Blaziken, M|
|poke|p2|Mandibuzz, F|
|teampreview
|inactive|Battle timer is ON: inactive players will automatically lose when time's up. (requested by leanpro)
|
|t:|1758341043
|teamsize|p1|6
|teamsize|p2|6
|start
|switch|p1a: Samurott|Samurott-Hisui, M|100/100
|switch|p2a: Lucario|Lucario, F|100/100
|turn|1
|
|t:|1758341049
|switch|p1a: Slowking|Slowking-Galar, M|100/100
|move|p2a: Lucario|Nasty Plot|p2a: Lucario
|-boost|p2a: Lucario|spa|2
|
|upkeep
|turn|2
|
|t:|1758341065
|move|p2a: Lucario|Nasty Plot|p2a: Lucario
|-boost|p2a: Lucario|spa|2
|move|p1a: Slowking|Thunder Wave|p2a: Lucario
|-status|p2a: Lucario|par
|
|upkeep
|turn|3
|
|t:|1758341070
|move|p2a: Lucario|Nasty Plot|p2a: Lucario
|-boost|p2a: Lucario|spa|2
|move|p1a: Slowking|Flamethrower|p2a: Lucario
|-supereffective|p2a: Lucario
|-damage|p2a: Lucario|21/100 par
|
|upkeep
|turn|4
|
|t:|1758341078
|cant|p2a: Lucario|par
|-prepare|p1a: Slowking|Chilly Reception|[premajor]
|move|p1a: Slowking|Chilly Reception|p1a: Slowking
|-weather|Snowscape
|
|t:|1758341089
|switch|p1a: Gliscor|Gliscor, F|100/100|[from] Chilly Reception
|
|-weather|Snowscape|[upkeep]
|-status|p1a: Gliscor|tox|[from] item: Toxic Orb
|upkeep
|turn|5
|
|t:|1758341093
|move|p2a: Lucario|Vacuum Wave|p1a: Gliscor
|-resisted|p1a: Gliscor
|-damage|p1a: Gliscor|57/100 tox
|move|p1a: Gliscor|Earthquake|p2a: Lucario
|-supereffective|p2a: Lucario
|-damage|p2a: Lucario|0 fnt
|faint|p2a: Lucario
|
|-weather|Snowscape|[upkeep]
|-heal|p1a: Gliscor|69/100 tox|[from] ability: Poison Heal
|upkeep
|
|t:|1758341106
|switch|p2a: Garchomp|Garchomp, F|100/100
|turn|6
|
|t:|1758341113
|move|p2a: Garchomp|Dragon Rush|p1a: Gliscor
|-damage|p1a: Gliscor|38/100 tox
|move|p1a: Gliscor|Toxic|p2a: Garchomp|[miss]
|-miss|p1a: Gliscor|p2a: Garchomp
|
|-weather|Snowscape|[upkeep]
|-heal|p1a: Gliscor|51/100 tox|[from] ability: Poison Heal
|upkeep
|turn|7
|
|t:|1758341119
|move|p2a: Garchomp|Dragon Rush|p1a: Gliscor
|-damage|p1a: Gliscor|17/100 tox
|move|p1a: Gliscor|Toxic|p2a: Garchomp
|-status|p2a: Garchomp|tox
|
|-weather|Snowscape|[upkeep]
|-damage|p2a: Garchomp|94/100 tox|[from] psn
|-heal|p1a: Gliscor|30/100 tox|[from] ability: Poison Heal
|upkeep
|turn|8
|
|t:|1758341127
|move|p1a: Gliscor|Protect|p1a: Gliscor
|-singleturn|p1a: Gliscor|Protect
|move|p2a: Garchomp|Dragon Rush|p1a: Gliscor
|-activate|p1a: Gliscor|move: Protect
|
|-weather|none
|-damage|p2a: Garchomp|82/100 tox|[from] psn
|-heal|p1a: Gliscor|42/100 tox|[from] ability: Poison Heal
|upkeep
|turn|9
|
|t:|1758341137
|move|p2a: Garchomp|Dragon Rush|p1a: Gliscor
|-damage|p1a: Gliscor|8/100 tox
|move|p1a: Gliscor|Earthquake|p2a: Garchomp
|-damage|p2a: Garchomp|47/100 tox
|
|-damage|p2a: Garchomp|28/100 tox|[from] psn
|-heal|p1a: Gliscor|21/100 tox|[from] ability: Poison Heal
|upkeep
|turn|10
|
|t:|1758341144
|switch|p2a: Serperior|Serperior, M|100/100
|move|p1a: Gliscor|Protect||[still]
|-fail|p1a: Gliscor
|
|-heal|p1a: Gliscor|33/100 tox|[from] ability: Poison Heal
|upkeep
|turn|11
|
|t:|1758341154
|switch|p1a: Slowking|Slowking-Galar, M|100/100
|move|p2a: Serperior|Leaf Storm|p1a: Slowking
|-resisted|p1a: Slowking
|-damage|p1a: Slowking|81/100
|-boost|p2a: Serperior|spa|2
|
|upkeep
|turn|12
|
|t:|1758341159
|-terastallize|p2a: Serperior|Dragon
|move|p2a: Serperior|Leaf Storm|p1a: Slowking
|-resisted|p1a: Slowking
|-damage|p1a: Slowking|42/100
|-boost|p2a: Serperior|spa|2
|move|p1a: Slowking|Flamethrower|p2a: Serperior
|-resisted|p2a: Serperior
|-damage|p2a: Serperior|84/100
|
|upkeep
|turn|13
|
|t:|1758341172
|move|p2a: Serperior|Leaf Storm|p1a: Slowking
|-resisted|p1a: Slowking
|-damage|p1a: Slowking|0 fnt
|-boost|p2a: Serperior|spa|2
|faint|p1a: Slowking
|
|upkeep
|
|t:|1758341175
|switch|p1a: Kingambit|Kingambit, M|100/100
|-activate|p1a: Kingambit|ability: Supreme Overlord
|-start|p1a: Kingambit|fallen1|[silent]
|turn|14
|
|t:|1758341188
|move|p1a: Kingambit|Sucker Punch|p2a: Serperior
|-crit|p2a: Serperior
|-damage|p2a: Serperior|0 fnt
|faint|p2a: Serperior
|
|upkeep
|
|t:|1758341197
|switch|p2a: Blaziken|Blaziken, M, shiny|100/100
|turn|15
|
|t:|1758341212
|-end|p1a: Kingambit|fallen1|[silent]
|switch|p1a: Dragapult|Dragapult, F|100/100
|move|p2a: Blaziken|Flare Blitz|p1a: Dragapult
|-resisted|p1a: Dragapult
|-damage|p1a: Dragapult|48/100
|-damage|p2a: Blaziken|82/100|[from] Recoil
|-damage|p2a: Blaziken|72/100|[from] item: Life Orb
|
|-ability|p2a: Blaziken|Speed Boost|boost
|-boost|p2a: Blaziken|spe|1
|upkeep
|turn|16
|inactive|Rohit-Majum has 120 seconds left.
|
|t:|1758341250
|move|p2a: Blaziken|Protect|p2a: Blaziken
|-singleturn|p2a: Blaziken|Protect
|move|p1a: Dragapult|Shadow Ball|p2a: Blaziken
|-activate|p2a: Blaziken|move: Protect
|
|-ability|p2a: Blaziken|Speed Boost|boost
|-boost|p2a: Blaziken|spe|1
|upkeep
|turn|17
|
|t:|1758341255
|move|p2a: Blaziken|Flare Blitz|p1a: Dragapult
|-resisted|p1a: Dragapult
|-damage|p1a: Dragapult|0 fnt
|faint|p1a: Dragapult
|-damage|p2a: Blaziken|56/100|[from] Recoil
|-damage|p2a: Blaziken|46/100|[from] item: Life Orb
|
|-ability|p2a: Blaziken|Speed Boost|boost
|-boost|p2a: Blaziken|spe|1
|upkeep
|
|t:|1758341262
|switch|p1a: Ogerpon|Ogerpon-Wellspring, F|100/100
|turn|18
|
|t:|1758341272
|move|p2a: Blaziken|Close Combat|p1a: Ogerpon
|-damage|p1a: Ogerpon|0 fnt
|-unboost|p2a: Blaziken|def|1
|-unboost|p2a: Blaziken|spd|1
|faint|p1a: Ogerpon
|-damage|p2a: Blaziken|36/100|[from] item: Life Orb
|
|-ability|p2a: Blaziken|Speed Boost|boost
|-boost|p2a: Blaziken|spe|1
|upkeep
|
|t:|1758341279
|switch|p1a: Kingambit|Kingambit, M|100/100
|-activate|p1a: Kingambit|ability: Supreme Overlord
|-start|p1a: Kingambit|fallen3|[silent]
|turn|19
|
|t:|1758341297
|switch|p2a: Mandibuzz|Mandibuzz, F|100/100
|move|p1a: Kingambit|Sucker Punch||[still]
|-fail|p1a: Kingambit
|
|upkeep
|turn|20
|
|t:|1758341303
|move|p2a: Mandibuzz|U-turn|p1a: Kingambit
|-damage|p1a: Kingambit|92/100
|
|t:|1758341306
|switch|p2a: Diancie|Diancie, shiny|100/100|[from] U-turn
|move|p1a: Kingambit|Swords Dance|p1a: Kingambit
|-boost|p1a: Kingambit|atk|2
|
|upkeep
|turn|21
|
|t:|1758341316
|move|p2a: Diancie|Body Press|p1a: Kingambit
|-supereffective|p1a: Kingambit
|-damage|p1a: Kingambit|10/100
|move|p1a: Kingambit|Kowtow Cleave|p2a: Diancie
|-resisted|p2a: Diancie
|-damage|p2a: Diancie|40/100
|
|-heal|p2a: Diancie|46/100|[from] item: Leftovers
|upkeep
|turn|22
|
|t:|1758341333
|switch|p2a: Garchomp|Garchomp, F|28/100 tox
|move|p1a: Kingambit|Sucker Punch||[still]
|-fail|p1a: Kingambit
|
|-damage|p2a: Garchomp|22/100 tox|[from] psn
|upkeep
|turn|23
|
|t:|1758341344
|-end|p1a: Kingambit|fallen3|[silent]
|switch|p1a: Gliscor|Gliscor, F|33/100 tox
|move|p2a: Garchomp|Outrage|p1a: Gliscor
|-damage|p1a: Gliscor|0 fnt
|faint|p1a: Gliscor
|
|-damage|p2a: Garchomp|10/100 tox|[from] psn
|upkeep
|
|t:|1758341351
|switch|p1a: Samurott|Samurott-Hisui, M|100/100
|turn|24
|
|t:|1758341359
|move|p2a: Garchomp|Outrage|p1a: Samurott|[from] lockedmove
|-damage|p1a: Samurott|18/100
|move|p1a: Samurott|Razor Shell|p2a: Garchomp
|-damage|p2a: Garchomp|0 fnt
|-damage|p1a: Samurott|6/100|[from] ability: Rough Skin|[of] p2a: Garchomp
|faint|p2a: Garchomp
|
|upkeep
|
|t:|1758341368
|switch|p2a: Diancie|Diancie, shiny|46/100
|turn|25
|
|t:|1758341382
|move|p1a: Samurott|Razor Shell|p2a: Diancie
|-supereffective|p2a: Diancie
|-damage|p2a: Diancie|0 fnt
|faint|p2a: Diancie
|
|upkeep
|
|t:|1758341387
|switch|p2a: Mandibuzz|Mandibuzz, F|100/100
|turn|26
|
|t:|1758341394
|move|p1a: Samurott|Razor Shell|p2a: Mandibuzz
|-damage|p2a: Mandibuzz|69/100
|move|p2a: Mandibuzz|U-turn|p1a: Samurott
|-supereffective|p1a: Samurott
|-damage|p1a: Samurott|0 fnt
|faint|p1a: Samurott
|
|t:|1758341397
|switch|p2a: Blaziken|Blaziken, M, shiny|36/100|[from] U-turn
|
|upkeep
|
|t:|1758341416
|switch|p1a: Kingambit|Kingambit, M|10/100
|-activate|p1a: Kingambit|ability: Supreme Overlord
|-start|p1a: Kingambit|fallen5|[silent]
|turn|27
|
|t:|1758341421
|move|p1a: Kingambit|Sucker Punch|p2a: Blaziken
|-resisted|p2a: Blaziken
|-damage|p2a: Blaziken|0 fnt
|faint|p2a: Blaziken
|
|upkeep
|
|t:|1758341423
|switch|p2a: Mandibuzz|Mandibuzz, F|69/100
|turn|28
|
|t:|1758341435
|move|p2a: Mandibuzz|U-turn|p1a: Kingambit
|-damage|p1a: Kingambit|3/100
|move|p1a: Kingambit|Kowtow Cleave|p2a: Mandibuzz
|-resisted|p2a: Mandibuzz
|-damage|p2a: Mandibuzz|42/100
|
|upkeep
|turn|29
|
|t:|1758341441
|move|p1a: Kingambit|Sucker Punch|p2a: Mandibuzz
|-resisted|p2a: Mandibuzz
|-damage|p2a: Mandibuzz|19/100
|move|p2a: Mandibuzz|U-turn|p1a: Kingambit
|-damage|p1a: Kingambit|0 fnt
|faint|p1a: Kingambit
|-end|p1a: Kingambit|fallen5|[silent]
|
|win|leanpro
|raw|Rohit-Majum's rating: 1378 &rarr; <strong>1355</strong><br />(-23 for losing)
|raw|leanpro's rating: 1331 &rarr; <strong>1354</strong><br />(+23 for winning)
|l|☆Rohit-Majum
|player|p1|
|l|☆leanpro
|player|p2|
