|j|☆Wiiboidibo
|j|☆Durianelite
|t:|1758343622
|gametype|singles
|player|p1|Wiiboidibo|169|1389
|player|p2|Durianelite|lucas|1317
|gen|9
|tier|[Gen 9] OU
|rated|
|rule|HP Percentage Mod: HP is shown in percentages
|rule|Endless Battle Clause: Forcing endless battles is banned
|rule|Species Clause: Limit one of each Pokémon
|rule|OHKO Clause: OHKO moves are banned
|rule|Evasion Items Clause: Evasion items are banned
|rule|Evasion Moves Clause: Evasion moves are banned
|rule|Evasion Abilities Clause: Evasion abilities are banned
|rule|Sleep Moves Clause: Sleep-inducing moves are banned
|clearpoke
|poke|p1|Iron Boulder|
|poke|p1|Glimmora, F|
|poke|p1|Hatterene, F|
|poke|p1|Kingambit, M|
|poke|p1|Iron Moth|
|poke|p1|Quaquaval, F|
|poke|p2|Lucario, M|
|poke|p2|Lycanroc, F|
|poke|p2|Raikou|
|poke|p2|Tsareena, F|
|poke|p2|Gumshoos, F|
|poke|p2|Alomomola, M|
|teampreview
|inactive|Battle timer is ON: inactive players will automatically lose when time's up. (requested by Durianelite)
|
|t:|1758343644
|teamsize|p1|6
|teamsize|p2|6
|start
|switch|p1a: Glimmora|Glimmora, F|100/100
|switch|p2a: Lycanroc|Lycanroc, F|100/100
|turn|1
|
|t:|1758343651
|move|p2a: Lycanroc|Close Combat|p1a: Glimmora
|-damage|p1a: Glimmora|56/100
|-unboost|p2a: Lycanroc|def|1
|-unboost|p2a: Lycanroc|spd|1
|-activate|p1a: Glimmora|ability: Toxic Debris
|-sidestart|p2: Durianelite|move: Toxic Spikes
|move|p1a: Glimmora|Stealth Rock|p2a: Lycanroc
|-sidestart|p2: Durianelite|move: Stealth Rock
|
|upkeep
|turn|2
|
|t:|1758343662
|move|p2a: Lycanroc|Close Combat|p1a: Glimmora
|-damage|p1a: Glimmora|11/100
|-unboost|p2a: Lycanroc|def|1
|-unboost|p2a: Lycanroc|spd|1
|-activate|p1a: Glimmora|ability: Toxic Debris
|-sidestart|p2: Durianelite|move: Toxic Spikes
|move|p1a: Glimmora|Earth Power|p2a: Lycanroc
|-supereffective|p2a: Lycanroc
|-enditem|p2a: Lycanroc|Focus Sash
|-damage|p2a: Lycanroc|1/100
|
|upkeep
|turn|3
|
|t:|1758343673
|move|p2a: Lycanroc|Accelerock|p1a: Glimmora
|-damage|p1a: Glimmora|0 fnt
|faint|p1a: Glimmora
|
|upkeep
|
|t:|1758343681
|switch|p1a: Quaquaval|Quaquaval, F|100/100
|turn|4
|
|t:|1758343685
|move|p2a: Lycanroc|Endeavor|p1a: Quaquaval
|-damage|p1a: Quaquaval|1/100
|move|p1a: Quaquaval|Rapid Spin|p2a: Lycanroc
|-resisted|p2a: Lycanroc
|-damage|p2a: Lycanroc|0 fnt
|-boost|p1a: Quaquaval|spe|1
|faint|p2a: Lycanroc
|-ability|p1a: Quaquaval|Moxie|boost
|-boost|p1a: Quaquaval|atk|1
|-damage|p1a: Quaquaval|0 fnt|[from] item: Life Orb
|faint|p1a: Quaquaval
|
|upkeep
|
|t:|1758343713
|switch|p2a: Gumshoos|Gumshoos, F|100/100
|switch|p1a: Iron Moth|Iron Moth|100/100
|-status|p2a: Gumshoos|tox
|-damage|p2a: Gumshoos|88/100 tox|[from] Stealth Rock
|-enditem|p1a: Iron Moth|Booster Energy
|-activate|p1a: Iron Moth|ability: Quark Drive|[fromitem]
|-start|p1a: Iron Moth|quarkdrivespe
|turn|5
|
|t:|1758343727
|-end|p1a: Iron Moth|Quark Drive|[silent]
|switch|p1a: Hatterene|Hatterene, F|100/100
|move|p2a: Gumshoos|Body Slam|p1a: Hatterene
|-damage|p1a: Hatterene|48/100
|
|-heal|p1a: Hatterene|54/100|[from] item: Leftovers
|-damage|p2a: Gumshoos|82/100 tox|[from] psn
|upkeep
|turn|6
|
|t:|1758343736
|move|p2a: Gumshoos|Body Slam|p1a: Hatterene
|-damage|p1a: Hatterene|5/100
|move|p1a: Hatterene|Draining Kiss|p2a: Gumshoos
|-damage|p2a: Gumshoos|45/100 tox
|-heal|p1a: Hatterene|33/100|[from] drain|[of] p2a: Gumshoos
|
|-heal|p1a: Hatterene|39/100|[from] item: Leftovers
|-damage|p2a: Gumshoos|33/100 tox|[from] psn
|upkeep
|turn|7
|
|t:|1758343746
|move|p2a: Gumshoos|Body Slam|p1a: Hatterene
|-damage|p1a: Hatterene|0 fnt
|faint|p1a: Hatterene
|
|-damage|p2a: Gumshoos|15/100 tox|[from] psn
|upkeep
|
|t:|1758343753
|switch|p1a: Iron Moth|Iron Moth|100/100
|turn|8
|
|t:|1758343757
|move|p1a: Iron Moth|Fiery Dance|p2a: Gumshoos
|-damage|p2a: Gumshoos|0 fnt
|-boost|p1a: Iron Moth|spa|1
|faint|p2a: Gumshoos
|
|upkeep
|
|t:|1758343761
|switch|p2a: Alomomola|Alomomola, M|100/100
|-status|p2a: Alomomola|tox
|-damage|p2a: Alomomola|88/100 tox|[from] Stealth Rock
|turn|9
|
|t:|1758343770
|-terastallize|p1a: Iron Moth|Grass
|move|p1a: Iron Moth|Energy Ball|p2a: Alomomola
|-supereffective|p2a: Alomomola
|-damage|p2a: Alomomola|15/100 tox
|-unboost|p2a: Alomomola|spd|1
|move|p2a: Alomomola|Scald|p1a: Iron Moth
|-resisted|p1a: Iron Moth
|-damage|p1a: Iron Moth|94/100
|
|-damage|p2a: Alomomola|9/100 tox|[from] psn
|upkeep
|turn|10
|
|t:|1758343783
|move|p1a: Iron Moth|Fiery Dance|p2a: Alomomola
|-resisted|p2a: Alomomola
|-damage|p2a: Alomomola|0 fnt
|-boost|p1a: Iron Moth|spa|1
|faint|p2a: Alomomola
|
|upkeep
|
|t:|1758343795
|switch|p2a: Raikou|Raikou|100/100
|-status|p2a: Raikou|tox
|-damage|p2a: Raikou|88/100 tox|[from] Stealth Rock
|turn|11
|
|t:|1758343800
|move|p2a: Raikou|Thunderbolt|p1a: Iron Moth
|-resisted|p1a: Iron Moth
|-damage|p1a: Iron Moth|72/100
|move|p1a: Iron Moth|Sludge Wave|p2a: Raikou
|-damage|p2a: Raikou|0 fnt
|faint|p2a: Raikou
|
|upkeep
|
|t:|1758343813
|switch|p2a: Lucario|Lucario, M, shiny|100/100
|-damage|p2a: Lucario|98/100|[from] Stealth Rock
|turn|12
|
|t:|1758343820
|-terastallize|p2a: Lucario|Fighting
|move|p1a: Iron Moth|Fiery Dance|p2a: Lucario
|-damage|p2a: Lucario|0 fnt
|faint|p2a: Lucario
|
|upkeep
|
|t:|1758343822
|switch|p2a: Tsareena|Tsareena, F|100/100
|-status|p2a: Tsareena|tox
|-damage|p2a: Tsareena|88/100 tox|[from] Stealth Rock
|turn|13
|c|☆Durianelite|gg
|
|t:|1758343831
|move|p1a: Iron Moth|Sludge Wave|p2a: Tsareena
|-supereffective|p2a: Tsareena
|-damage|p2a: Tsareena|0 fnt
|faint|p2a: Tsareena
|
|win|Wiiboidibo
|raw|Wiiboidibo's rating: 1389 &rarr; <strong>1405</strong><br />(+16 for winning)
|raw|Durianelite's rating: 1317 &rarr; <strong>1301</strong><br />(-16 for losing)
|l|☆Wiiboidibo
|player|p1|
|l|☆Durianelite
|player|p2|
