|j|☆AP Precalculus
|j|☆kingofdondons
|t:|1758258967
|gametype|singles
|player|p1|AP Precalculus|gentleman|1439
|player|p2|kingofdondons|skyla|1483
|gen|9
|tier|[Gen 9] OU
|rated|
|rule|HP Percentage Mod: HP is shown in percentages
|rule|Endless Battle Clause: Forcing endless battles is banned
|rule|Species Clause: Limit one of each Pokémon
|rule|OHKO Clause: OHKO moves are banned
|rule|Evasion Items Clause: Evasion items are banned
|rule|Evasion Moves Clause: Evasion moves are banned
|rule|Evasion Abilities Clause: Evasion abilities are banned
|rule|Sleep Moves Clause: Sleep-inducing moves are banned
|clearpoke
|poke|p1|Grimmsnarl, M|
|poke|p1|Latios, M|
|poke|p1|Glimmora, F|
|poke|p1|Iron Moth|
|poke|p1|Kommo-o, M|
|poke|p1|Iron Hands|
|poke|p2|Landorus-Therian, M|
|poke|p2|Samurott-Hisui, F|
|poke|p2|Pecharunt|
|poke|p2|Scizor, M|
|poke|p2|Latios, M|
|poke|p2|Zamazenta-*|
|teampreview
|inactive|Battle timer is ON: inactive players will automatically lose when time's up. (requested by kingofdondons)
|inactive|AP Precalculus also wants the timer to be on.
|
|t:|1758258976
|teamsize|p1|6
|teamsize|p2|6
|start
|switch|p1a: Bing Bong|Glimmora, F|100/100
|switch|p2a: Samurott|Samurott-Hisui, F|100/100
|turn|1
|
|t:|1758258989
|move|p1a: Bing Bong|Stealth Rock|p2a: Samurott
|-sidestart|p2: kingofdondons|move: Stealth Rock
|move|p2a: Samurott|Ceaseless Edge|p1a: Bing Bong|[miss]
|-miss|p2a: Samurott|p1a: Bing Bong
|
|upkeep
|turn|2
|
|t:|1758258993
|move|p1a: Bing Bong|Power Gem|p2a: Samurott
|-damage|p2a: Samurott|61/100
|move|p2a: Samurott|Ceaseless Edge|p1a: Bing Bong
|-damage|p1a: Bing Bong|44/100
|-activate|p1a: Bing Bong|ability: Toxic Debris
|-sidestart|p2: kingofdondons|move: Toxic Spikes
|-sidestart|p1: AP Precalculus|Spikes
|
|upkeep
|turn|3
|
|t:|1758258997
|move|p1a: Bing Bong|Mortal Spin|p2a: Samurott
|-damage|p2a: Samurott|53/100
|-status|p2a: Samurott|psn
|-sideend|p1: AP Precalculus|Spikes|[from] move: Mortal Spin|[of] p1a: Bing Bong
|move|p2a: Samurott|Ceaseless Edge|p1a: Bing Bong
|-damage|p1a: Bing Bong|0 fnt
|-activate|p1a: Bing Bong|ability: Toxic Debris
|-sidestart|p2: kingofdondons|move: Toxic Spikes
|-sidestart|p1: AP Precalculus|Spikes
|faint|p1a: Bing Bong
|
|-damage|p2a: Samurott|41/100 psn|[from] psn
|upkeep
|
|t:|1758259013
|switch|p1a: a bug?|Iron Moth|100/100
|-damage|p1a: a bug?|88/100|[from] Spikes
|-enditem|p1a: a bug?|Booster Energy
|-activate|p1a: a bug?|ability: Quark Drive|[fromitem]
|-start|p1a: a bug?|quarkdrivespa
|turn|4
|
|t:|1758259024
|move|p2a: Samurott|Aqua Jet|p1a: a bug?
|-supereffective|p1a: a bug?
|-damage|p1a: a bug?|17/100
|move|p1a: a bug?|Dazzling Gleam|p2a: Samurott
|-supereffective|p2a: Samurott
|-crit|p2a: Samurott
|-damage|p2a: Samurott|0 fnt
|faint|p2a: Samurott
|
|upkeep
|
|t:|1758259026
|switch|p2a: Pecharunt|Pecharunt|100/100
|-sideend|p2: kingofdondons|move: Toxic Spikes|[of] p2a: Pecharunt
|turn|5
|
|t:|1758259032
|move|p1a: a bug?|Fiery Dance|p2a: Pecharunt
|-damage|p2a: Pecharunt|43/100
|-boost|p1a: a bug?|spa|1
|move|p2a: Pecharunt|Shadow Ball|p1a: a bug?
|-damage|p1a: a bug?|0 fnt
|faint|p1a: a bug?
|-end|p1a: a bug?|Quark Drive|[silent]
|
|upkeep
|
|t:|1758259041
|switch|p1a: Mr Grimm|Grimmsnarl, M|100/100
|-damage|p1a: Mr Grimm|88/100|[from] Spikes
|turn|6
|
|t:|1758259063
|move|p1a: Mr Grimm|Light Screen|p1a: Mr Grimm
|-sidestart|p1: AP Precalculus|move: Light Screen
|move|p2a: Pecharunt|Recover|p2a: Pecharunt
|-heal|p2a: Pecharunt|93/100
|
|upkeep
|turn|7
|
|t:|1758259066
|move|p1a: Mr Grimm|Light Screen||[still]
|-fail|p1a: Mr Grimm
|move|p2a: Pecharunt|Parting Shot|p1a: Mr Grimm
|-unboost|p1a: Mr Grimm|atk|1
|-unboost|p1a: Mr Grimm|spa|1
|
|t:|1758259078
|switch|p2a: Scizor|Scizor, M|100/100|[from] Parting Shot
|
|upkeep
|turn|8
|
|t:|1758259089
|-terastallize|p1a: Mr Grimm|Steel
|move|p2a: Scizor|Bullet Punch|p1a: Mr Grimm
|-resisted|p1a: Mr Grimm
|-damage|p1a: Mr Grimm|68/100
|move|p1a: Mr Grimm|Reflect|p1a: Mr Grimm
|-sidestart|p1: AP Precalculus|Reflect
|
|upkeep
|turn|9
|
|t:|1758259099
|switch|p2a: Landorus|Landorus-Therian, M|100/100
|-damage|p2a: Landorus|88/100|[from] Stealth Rock
|-ability|p2a: Landorus|Intimidate|boost
|-unboost|p1a: Mr Grimm|atk|1
|move|p1a: Mr Grimm|Taunt|p2a: Landorus
|-start|p2a: Landorus|move: Taunt
|
|upkeep
|turn|10
|
|t:|1758259107
|switch|p1a: Which One|Latios, M, shiny|100/100
|move|p2a: Landorus|Earthquake|p1a: Which One
|-immune|p1a: Which One|[from] ability: Levitate
|
|upkeep
|turn|11
|
|t:|1758259115
|move|p2a: Landorus|U-turn|p1a: Which One
|-supereffective|p1a: Which One
|-damage|p1a: Which One|81/100
|-enditem|p1a: Which One|Weakness Policy
|-boost|p1a: Which One|atk|2|[from] item: Weakness Policy
|-boost|p1a: Which One|spa|2|[from] item: Weakness Policy
|
|t:|1758259124
|switch|p2a: Latios|Latios, M|100/100|[from] U-turn
|-damage|p2a: Latios|88/100|[from] Stealth Rock
|move|p1a: Which One|Agility|p1a: Which One
|-boost|p1a: Which One|spe|2
|
|upkeep
|turn|12
|
|t:|1758259135
|-terastallize|p2a: Latios|Steel
|move|p1a: Which One|Calm Mind|p1a: Which One
|-boost|p1a: Which One|spa|1
|-boost|p1a: Which One|spd|1
|move|p2a: Latios|Draco Meteor|p1a: Which One
|-supereffective|p1a: Which One
|-damage|p1a: Which One|35/100
|-unboost|p2a: Latios|spa|2
|
|upkeep
|turn|13
|
|t:|1758259147
|switch|p2a: Landorus|Landorus-Therian, M|88/100
|-damage|p2a: Landorus|76/100|[from] Stealth Rock
|-ability|p2a: Landorus|Intimidate|boost
|-unboost|p1a: Which One|atk|1
|move|p1a: Which One|Aura Sphere|p2a: Landorus
|-resisted|p2a: Landorus
|-damage|p2a: Landorus|44/100
|
|-sideend|p1: AP Precalculus|move: Light Screen
|upkeep
|turn|14
|
|t:|1758259155
|move|p1a: Which One|Stored Power|p2a: Landorus
|-damage|p2a: Landorus|0 fnt
|faint|p2a: Landorus
|
|upkeep
|
|t:|1758259183
|switch|p2a: Zamazenta|Zamazenta|100/100
|-damage|p2a: Zamazenta|94/100|[from] Stealth Rock
|-ability|p2a: Zamazenta|Dauntless Shield|boost
|-boost|p2a: Zamazenta|def|1
|turn|15
|
|t:|1758259186
|move|p1a: Which One|Stored Power|p2a: Zamazenta
|-supereffective|p2a: Zamazenta
|-damage|p2a: Zamazenta|0 fnt
|faint|p2a: Zamazenta
|
|-sideend|p1: AP Precalculus|Reflect
|upkeep
|-message|kingofdondons forfeited.
|
|win|AP Precalculus
|raw|AP Precalculus's rating: 1439 &rarr; <strong>1462</strong><br />(+23 for winning)
|raw|kingofdondons's rating: 1483 &rarr; <strong>1460</strong><br />(-23 for losing)
|l|☆kingofdondons
|player|p2|
|l|☆AP Precalculus
|player|p1|
