|j|☆moi mizu
|j|☆Obotwinkletoes
|t:|1758343664
|gametype|singles
|player|p1|moi mizu|2|1348
|player|p2|Obotwinkletoes|2|1328
|gen|9
|tier|[Gen 9] OU
|rated|
|rule|HP Percentage Mod: HP is shown in percentages
|rule|Endless Battle Clause: Forcing endless battles is banned
|rule|Species Clause: Limit one of each Pokémon
|rule|OHKO Clause: OHKO moves are banned
|rule|Evasion Items Clause: Evasion items are banned
|rule|Evasion Moves Clause: Evasion moves are banned
|rule|Evasion Abilities Clause: Evasion abilities are banned
|rule|Sleep Moves Clause: Sleep-inducing moves are banned
|clearpoke
|poke|p1|Iron Moth|
|poke|p1|Slowking-Galar, M|
|poke|p1|Dragonite, F|
|poke|p1|Kingambit, M|
|poke|p1|Quaquaval, M|
|poke|p1|Landorus-Therian, M|
|poke|p2|Thundurus, M|
|poke|p2|Slowking-Galar, M|
|poke|p2|Gyarados, M|
|poke|p2|Donphan, F|
|poke|p2|Diancie|
|poke|p2|Metagross|
|teampreview
|inactive|Battle timer is ON: inactive players will automatically lose when time's up. (requested by Obotwinkletoes)
|
|t:|1758343690
|teamsize|p1|6
|teamsize|p2|6
|start
|switch|p1a: Slowking|Slowking-Galar, M|100/100
|switch|p2a: Slowking|Slowking-Galar, M, shiny|100/100
|turn|1
|
|t:|1758343697
|move|p2a: Slowking|Thunder Wave|p1a: Slowking
|-status|p1a: Slowking|par
|move|p1a: Slowking|Psychic Noise|p2a: Slowking
|-damage|p2a: Slowking|81/100
|-start|p2a: Slowking|move: Heal Block
|
|upkeep
|turn|2
|
|t:|1758343706
|move|p2a: Slowking|Toxic Spikes|p1a: Slowking
|-sidestart|p1: moi mizu|move: Toxic Spikes
|move|p1a: Slowking|Future Sight|p2a: Slowking
|-start|p1a: Slowking|move: Future Sight
|
|-end|p2a: Slowking|move: Heal Block
|upkeep
|turn|3
|
|t:|1758343713
|-prepare|p2a: Slowking|Chilly Reception|[premajor]
|move|p2a: Slowking|Chilly Reception|p2a: Slowking
|-weather|Snowscape
|
|t:|1758343721
|switch|p2a: Donphan|Donphan, F|100/100|[from] Chilly Reception
|-prepare|p1a: Slowking|Chilly Reception|[premajor]
|move|p1a: Slowking|Chilly Reception|p1a: Slowking
|
|t:|1758343725
|switch|p1a: Iron Moth|Iron Moth|100/100|[from] Chilly Reception
|-sideend|p1: moi mizu|move: Toxic Spikes|[of] p1a: Iron Moth
|
|-weather|Snowscape|[upkeep]
|upkeep
|turn|4
|
|t:|1758343737
|move|p1a: Iron Moth|Energy Ball|p2a: Donphan
|-supereffective|p2a: Donphan
|-ability|p2a: Donphan|Sturdy
|-damage|p2a: Donphan|1/100
|move|p2a: Donphan|Stealth Rock|p1a: Iron Moth
|-sidestart|p1: moi mizu|move: Stealth Rock
|
|-weather|Snowscape|[upkeep]
|-end|p2a: Donphan|move: Future Sight
|-damage|p2a: Donphan|0 fnt
|faint|p2a: Donphan
|upkeep
|
|t:|1758343753
|switch|p2a: Gyarados|Gyarados, M, shiny|100/100
|turn|5
|
|t:|1758343768
|-end|p1a: Iron Moth|Quark Drive|[silent]
|switch|p1a: Slowking|Slowking-Galar, M|100/100 par
|move|p2a: Gyarados|Dragon Dance|p2a: Gyarados
|-boost|p2a: Gyarados|atk|1
|-boost|p2a: Gyarados|spe|1
|
|-weather|Snowscape|[upkeep]
|upkeep
|turn|6
|
|t:|1758343780
|move|p2a: Gyarados|Earthquake|p1a: Slowking
|-supereffective|p1a: Slowking
|-damage|p1a: Slowking|0 fnt
|faint|p1a: Slowking
|-ability|p2a: Gyarados|Moxie|boost
|-boost|p2a: Gyarados|atk|1
|
|-weather|Snowscape|[upkeep]
|upkeep
|
|t:|1758343807
|switch|p1a: Landorus|Landorus-Therian, M|100/100
|-damage|p1a: Landorus|88/100|[from] Stealth Rock
|-ability|p1a: Landorus|Intimidate|boost
|-unboost|p2a: Gyarados|atk|1
|turn|7
|inactive|moi mizu has 120 seconds left.
|
|t:|1758343828
|switch|p1a: Kingambit|Kingambit, M|100/100
|-damage|p1a: Kingambit|94/100|[from] Stealth Rock
|-activate|p1a: Kingambit|ability: Supreme Overlord
|-start|p1a: Kingambit|fallen1|[silent]
|move|p2a: Gyarados|Waterfall|p1a: Kingambit
|-damage|p1a: Kingambit|41/100
|
|-weather|none
|-heal|p1a: Kingambit|47/100|[from] item: Leftovers
|upkeep
|turn|8
|inactive|moi mizu has 120 seconds left.
|
|t:|1758343844
|-end|p1a: Kingambit|fallen1|[silent]
|switch|p1a: Landorus|Landorus-Therian, M|88/100
|-damage|p1a: Landorus|76/100|[from] Stealth Rock
|-ability|p1a: Landorus|Intimidate|boost
|-unboost|p2a: Gyarados|atk|1
|move|p2a: Gyarados|Waterfall|p1a: Landorus
|-supereffective|p1a: Landorus
|-damage|p1a: Landorus|16/100
|-damage|p2a: Gyarados|84/100|[from] item: Rocky Helmet|[of] p1a: Landorus
|
|-heal|p2a: Gyarados|90/100|[from] item: Leftovers
|upkeep
|turn|9
|inactive|moi mizu has 120 seconds left.
|
|t:|1758343861
|move|p2a: Gyarados|Waterfall|p1a: Landorus
|-supereffective|p1a: Landorus
|-damage|p1a: Landorus|0 fnt
|-damage|p2a: Gyarados|74/100|[from] item: Rocky Helmet|[of] p1a: Landorus
|faint|p1a: Landorus
|-ability|p2a: Gyarados|Moxie|boost
|-boost|p2a: Gyarados|atk|1
|
|-heal|p2a: Gyarados|80/100|[from] item: Leftovers
|upkeep
|
|t:|1758343863
|switch|p1a: Dragonite|Dragonite, F|100/100
|turn|10
|inactive|moi mizu has 120 seconds left.
|
|t:|1758343887
|move|p2a: Gyarados|Waterfall|p1a: Dragonite
|-resisted|p1a: Dragonite
|-damage|p1a: Dragonite|83/100
|move|p1a: Dragonite|Dragon Dance|p1a: Dragonite
|-boost|p1a: Dragonite|atk|1
|-boost|p1a: Dragonite|spe|1
|
|-heal|p2a: Gyarados|86/100|[from] item: Leftovers
|upkeep
|turn|11
|
|t:|1758343899
|switch|p2a: Diancie|Diancie, shiny|100/100
|move|p1a: Dragonite|Dragon Dance|p1a: Dragonite
|-boost|p1a: Dragonite|atk|1
|-boost|p1a: Dragonite|spe|1
|
|upkeep
|turn|12
|
|t:|1758343919
|-terastallize|p1a: Dragonite|Normal
|-terastallize|p2a: Diancie|Fairy
|move|p1a: Dragonite|Earthquake|p2a: Diancie
|-damage|p2a: Diancie|55/100
|move|p2a: Diancie|Calm Mind|p2a: Diancie
|-boost|p2a: Diancie|spa|1
|-boost|p2a: Diancie|spd|1
|
|-heal|p2a: Diancie|62/100|[from] item: Leftovers
|upkeep
|turn|13
|
|t:|1758343931
|move|p1a: Dragonite|Earthquake|p2a: Diancie
|-damage|p2a: Diancie|17/100
|move|p2a: Diancie|Draining Kiss|p1a: Dragonite
|-damage|p1a: Dragonite|39/100
|-heal|p2a: Diancie|51/100|[from] drain|[of] p1a: Dragonite
|
|-heal|p2a: Diancie|57/100|[from] item: Leftovers
|upkeep
|turn|14
|
|t:|1758343948
|move|p1a: Dragonite|Earthquake|p2a: Diancie
|-damage|p2a: Diancie|11/100
|move|p2a: Diancie|Draining Kiss|p1a: Dragonite
|-damage|p1a: Dragonite|0 fnt
|-heal|p2a: Diancie|42/100|[from] drain|[of] p1a: Dragonite
|faint|p1a: Dragonite
|
|-heal|p2a: Diancie|48/100|[from] item: Leftovers
|upkeep
|inactive|moi mizu has 90 seconds left.
|
|t:|1758343976
|switch|p1a: Kingambit|Kingambit, M|47/100
|-damage|p1a: Kingambit|41/100|[from] Stealth Rock
|-activate|p1a: Kingambit|ability: Supreme Overlord
|-start|p1a: Kingambit|fallen3|[silent]
|turn|15
|
|t:|1758343982
|move|p1a: Kingambit|Iron Head|p2a: Diancie
|-supereffective|p2a: Diancie
|-damage|p2a: Diancie|0 fnt
|faint|p2a: Diancie
|
|-heal|p1a: Kingambit|47/100|[from] item: Leftovers
|upkeep
|
|t:|1758343998
|switch|p2a: Gyarados|Gyarados, M, shiny|86/100
|turn|16
|
|t:|1758344010
|move|p2a: Gyarados|Earthquake|p1a: Kingambit
|-supereffective|p1a: Kingambit
|-damage|p1a: Kingambit|0 fnt
|faint|p1a: Kingambit
|-end|p1a: Kingambit|fallen3|[silent]
|-ability|p2a: Gyarados|Moxie|boost
|-boost|p2a: Gyarados|atk|1
|
|-heal|p2a: Gyarados|92/100|[from] item: Leftovers
|upkeep
|inactive|moi mizu has 90 seconds left.
|
|t:|1758344027
|switch|p1a: Quaquaval|Quaquaval, M|100/100
|-damage|p1a: Quaquaval|94/100|[from] Stealth Rock
|turn|17
|
|t:|1758344049
|move|p1a: Quaquaval|Knock Off|p2a: Gyarados
|-damage|p2a: Gyarados|57/100
|-enditem|p2a: Gyarados|Leftovers|[from] move: Knock Off|[of] p1a: Quaquaval
|move|p2a: Gyarados|Earthquake|p1a: Quaquaval
|-damage|p1a: Quaquaval|20/100
|
|upkeep
|turn|18
|
|t:|1758344062
|move|p1a: Quaquaval|Rapid Spin|p2a: Gyarados
|-damage|p2a: Gyarados|36/100
|-boost|p1a: Quaquaval|spe|1
|-sideend|p1: moi mizu|Stealth Rock|[from] move: Rapid Spin|[of] p1a: Quaquaval
|move|p2a: Gyarados|Dragon Dance|p2a: Gyarados
|-boost|p2a: Gyarados|atk|1
|-boost|p2a: Gyarados|spe|1
|
|upkeep
|turn|19
|
|t:|1758344073
|move|p1a: Quaquaval|Close Combat|p2a: Gyarados
|-resisted|p2a: Gyarados
|-damage|p2a: Gyarados|5/100
|-unboost|p1a: Quaquaval|def|1
|-unboost|p1a: Quaquaval|spd|1
|move|p2a: Gyarados|Earthquake|p1a: Quaquaval
|-damage|p1a: Quaquaval|0 fnt
|faint|p1a: Quaquaval
|-ability|p2a: Gyarados|Moxie|boost
|-boost|p2a: Gyarados|atk|1
|
|upkeep
|-message|moi mizu forfeited.
|
|win|Obotwinkletoes
|raw|moi mizu's rating: 1348 &rarr; <strong>1327</strong><br />(-21 for losing)
|raw|Obotwinkletoes's rating: 1328 &rarr; <strong>1349</strong><br />(+21 for winning)
|l|☆moi mizu
|player|p1|
|l|☆Obotwinkletoes
|player|p2|
