|j|☆muru drinker
|j|☆sumi_random2
|t:|1758255000
|gametype|singles
|player|p1|muru drinker|linebacker|1385
|player|p2|sumi_random2|101|1442
|gen|9
|tier|[Gen 9] OU
|rated|
|rule|HP Percentage Mod: HP is shown in percentages
|rule|Endless Battle Clause: Forcing endless battles is banned
|rule|Species Clause: Limit one of each Pokémon
|rule|OHKO Clause: OHKO moves are banned
|rule|Evasion Items Clause: Evasion items are banned
|rule|Evasion Moves Clause: Evasion moves are banned
|rule|Evasion Abilities Clause: Evasion abilities are banned
|rule|Sleep Moves Clause: Sleep-inducing moves are banned
|clearpoke
|poke|p1|Pelipper, M|
|poke|p1|Basculegion, M|
|poke|p1|Corviknight, F|
|poke|p1|Darkrai|
|poke|p1|Raging Bolt|
|poke|p1|Clodsire, M|
|poke|p2|Samurott-Hisui, F|
|poke|p2|Mamoswine, F|
|poke|p2|Volcanion|
|poke|p2|Hydrapple, F|
|poke|p2|Gholdengo|
|poke|p2|Landorus-Therian, M|
|teampreview
|
|t:|1758255037
|teamsize|p1|6
|teamsize|p2|6
|start
|switch|p1a: Clodsire|Clodsire, M, shiny|100/100
|switch|p2a: Samurott|Samurott-Hisui, F|100/100
|turn|1
|
|t:|1758255044
|move|p2a: Samurott|Ceaseless Edge|p1a: Clodsire
|-damage|p1a: Clodsire|43/100
|-sidestart|p1: muru drinker|Spikes
|move|p1a: Clodsire|Toxic|p2a: Samurott
|-status|p2a: Samurott|tox
|
|-heal|p1a: Clodsire|49/100|[from] item: Leftovers
|-damage|p2a: Samurott|94/100 tox|[from] psn
|upkeep
|turn|2
|
|t:|1758255052
|switch|p1a: Corviknight|Corviknight, F, shiny|100/100
|move|p2a: Samurott|Ceaseless Edge|p1a: Corviknight
|-damage|p1a: Corviknight|69/100
|-damage|p2a: Samurott|78/100 tox|[from] item: Rocky Helmet|[of] p1a: Corviknight
|-sidestart|p1: muru drinker|Spikes
|
|-damage|p2a: Samurott|65/100 tox|[from] psn
|upkeep
|turn|3
|
|t:|1758255068
|switch|p2a: Gholdengo|Gholdengo|100/100
|-item|p2a: Gholdengo|Air Balloon
|switch|p1a: Darkrai|Darkrai|100/100
|-damage|p1a: Darkrai|84/100|[from] Spikes
|
|upkeep
|turn|4
|
|t:|1758255092
|switch|p2a: Samurott|Samurott-Hisui, F|65/100 tox
|move|p1a: Darkrai|Dark Pulse|p2a: Samurott
|-resisted|p2a: Samurott
|-damage|p2a: Samurott|22/100 tox
|
|-damage|p2a: Samurott|16/100 tox|[from] psn
|upkeep
|turn|5
|
|t:|1758255101
|move|p2a: Samurott|Aqua Jet|p1a: Darkrai
|-damage|p1a: Darkrai|54/100
|move|p1a: Darkrai|Dark Pulse|p2a: Samurott
|-resisted|p2a: Samurott
|-damage|p2a: Samurott|0 fnt
|faint|p2a: Samurott
|
|upkeep
|
|t:|1758255111
|switch|p2a: Landorus|Landorus-Therian, M|100/100
|-ability|p2a: Landorus|Intimidate|boost
|-unboost|p1a: Darkrai|atk|1
|turn|6
|
|t:|1758255119
|switch|p1a: Pelipper|Pelipper, M|100/100
|-weather|RainDance|[from] ability: Drizzle|[of] p1a: Pelipper
|move|p2a: Landorus|U-turn|p1a: Pelipper
|-resisted|p1a: Pelipper
|-damage|p1a: Pelipper|87/100
|
|t:|1758255138
|switch|p2a: Hydrapple|Hydrapple, F|100/100|[from] U-turn
|
|-weather|RainDance|[upkeep]
|upkeep
|turn|7
|
|t:|1758255153
|move|p1a: Pelipper|Hurricane|p2a: Hydrapple
|-supereffective|p2a: Hydrapple
|-damage|p2a: Hydrapple|20/100
|move|p2a: Hydrapple|Nasty Plot|p2a: Hydrapple
|-boost|p2a: Hydrapple|spa|2
|
|-weather|RainDance|[upkeep]
|upkeep
|turn|8
|
|t:|1758255163
|switch|p2a: Gholdengo|Gholdengo|100/100
|-item|p2a: Gholdengo|Air Balloon
|move|p1a: Pelipper|Hurricane|p2a: Gholdengo
|-resisted|p2a: Gholdengo
|-damage|p2a: Gholdengo|88/100
|-enditem|p2a: Gholdengo|Air Balloon
|
|-weather|RainDance|[upkeep]
|upkeep
|turn|9
|
|t:|1758255172
|switch|p1a: Clodsire|Clodsire, M, shiny|49/100
|-damage|p1a: Clodsire|33/100|[from] Spikes
|move|p2a: Gholdengo|Thunder Wave|p1a: Clodsire
|-immune|p1a: Clodsire
|
|-weather|RainDance|[upkeep]
|-heal|p1a: Clodsire|39/100|[from] item: Leftovers
|upkeep
|turn|10
|
|t:|1758255181
|switch|p2a: Landorus|Landorus-Therian, M|100/100
|-ability|p2a: Landorus|Intimidate|boost
|-unboost|p1a: Clodsire|atk|1
|move|p1a: Clodsire|Recover|p1a: Clodsire
|-heal|p1a: Clodsire|89/100
|
|-weather|none
|-heal|p1a: Clodsire|95/100|[from] item: Leftovers
|upkeep
|turn|11
|
|t:|1758255203
|switch|p1a: Pelipper|Pelipper, M|87/100
|-weather|RainDance|[from] ability: Drizzle|[of] p1a: Pelipper
|move|p2a: Landorus|U-turn|p1a: Pelipper
|-resisted|p1a: Pelipper
|-damage|p1a: Pelipper|72/100
|
|t:|1758255215
|switch|p2a: Hydrapple|Hydrapple, F|54/100|[from] U-turn
|
|-weather|RainDance|[upkeep]
|upkeep
|turn|12
|
|t:|1758255219
|switch|p2a: Gholdengo|Gholdengo|88/100
|move|p1a: Pelipper|Hurricane|p2a: Gholdengo
|-resisted|p2a: Gholdengo
|-damage|p2a: Gholdengo|75/100
|
|-weather|RainDance|[upkeep]
|upkeep
|turn|13
|
|t:|1758255229
|switch|p1a: Clodsire|Clodsire, M, shiny|95/100
|-damage|p1a: Clodsire|79/100|[from] Spikes
|switch|p2a: Landorus|Landorus-Therian, M|100/100
|-ability|p2a: Landorus|Intimidate|boost
|-unboost|p1a: Clodsire|atk|1
|
|-weather|RainDance|[upkeep]
|-heal|p1a: Clodsire|85/100|[from] item: Leftovers
|upkeep
|turn|14
|
|t:|1758255237
|move|p2a: Landorus|Stone Edge|p1a: Clodsire
|-resisted|p1a: Clodsire
|-crit|p1a: Clodsire
|-damage|p1a: Clodsire|54/100
|move|p1a: Clodsire|Toxic|p2a: Landorus
|-status|p2a: Landorus|tox
|
|-weather|RainDance|[upkeep]
|-heal|p1a: Clodsire|60/100|[from] item: Leftovers
|-damage|p2a: Landorus|95/100 tox|[from] psn
|upkeep
|turn|15
|
|t:|1758255250
|switch|p2a: Gholdengo|Gholdengo|75/100
|switch|p1a: Corviknight|Corviknight, F, shiny|69/100
|
|-weather|none
|upkeep
|turn|16
|
|t:|1758255257
|switch|p1a: Clodsire|Clodsire, M, shiny|60/100
|-damage|p1a: Clodsire|44/100|[from] Spikes
|move|p2a: Gholdengo|Recover|p2a: Gholdengo
|-heal|p2a: Gholdengo|100/100
|
|-heal|p1a: Clodsire|50/100|[from] item: Leftovers
|upkeep
|turn|17
|
|t:|1758255265
|move|p2a: Gholdengo|Make It Rain|p1a: Clodsire
|-damage|p1a: Clodsire|22/100
|-unboost|p2a: Gholdengo|spa|1
|move|p1a: Clodsire|Recover|p1a: Clodsire
|-heal|p1a: Clodsire|72/100
|
|-heal|p1a: Clodsire|78/100|[from] item: Leftovers
|upkeep
|turn|18
|
|t:|1758255277
|switch|p2a: Mamoswine|Mamoswine, F|100/100
|move|p1a: Clodsire|Stealth Rock|p2a: Mamoswine
|-sidestart|p2: sumi_random2|move: Stealth Rock
|
|-heal|p1a: Clodsire|85/100|[from] item: Leftovers
|upkeep
|turn|19
|
|t:|1758255286
|switch|p1a: Corviknight|Corviknight, F, shiny|69/100
|move|p2a: Mamoswine|Stealth Rock|p1a: Corviknight
|-sidestart|p1: muru drinker|move: Stealth Rock
|
|upkeep
|turn|20
|
|t:|1758255293
|-terastallize|p2a: Mamoswine|Ice
|move|p2a: Mamoswine|Icicle Crash|p1a: Corviknight
|-damage|p1a: Corviknight|21/100
|-damage|p2a: Mamoswine|91/100|[from] item: Life Orb
|move|p1a: Corviknight|Defog|p2a: Mamoswine
|-unboost|p2a: Mamoswine|evasion|1
|-sideend|p2: sumi_random2|Stealth Rock|[from] move: Defog|[of] p1a: Corviknight
|-sideend|p1: muru drinker|Spikes|[from] move: Defog|[of] p1a: Corviknight
|-sideend|p1: muru drinker|Stealth Rock|[from] move: Defog|[of] p1a: Corviknight
|
|upkeep
|turn|21
|
|t:|1758255305
|switch|p1a: Basculegion|Basculegion, M|100/100
|move|p2a: Mamoswine|Icicle Crash|p1a: Basculegion|[miss]
|-miss|p2a: Mamoswine|p1a: Basculegion
|
|upkeep
|turn|22
|
|t:|1758255320
|switch|p2a: Landorus|Landorus-Therian, M|95/100 tox
|-ability|p2a: Landorus|Intimidate|boost
|-unboost|p1a: Basculegion|atk|1
|move|p1a: Basculegion|Flip Turn|p2a: Landorus
|-supereffective|p2a: Landorus
|-damage|p2a: Landorus|30/100 tox
|-damage|p1a: Basculegion|91/100|[from] item: Life Orb
|
|t:|1758255333
|switch|p1a: Darkrai|Darkrai|54/100|[from] Flip Turn
|
|-damage|p2a: Landorus|24/100 tox|[from] psn
|upkeep
|turn|23
|
|t:|1758255338
|move|p2a: Landorus|U-turn|p1a: Darkrai
|-supereffective|p1a: Darkrai
|-damage|p1a: Darkrai|0 fnt
|faint|p1a: Darkrai
|
|t:|1758255353
|switch|p2a: Mamoswine|Mamoswine, F, tera:Ice|91/100|[from] U-turn
|
|upkeep
|
|t:|1758255367
|switch|p1a: Raging Bolt|Raging Bolt|100/100
|turn|24
|
|t:|1758255381
|-terastallize|p1a: Raging Bolt|Electric
|move|p2a: Mamoswine|Earthquake|p1a: Raging Bolt
|-supereffective|p1a: Raging Bolt
|-damage|p1a: Raging Bolt|0 fnt
|faint|p1a: Raging Bolt
|-end|p1a: Raging Bolt|Protosynthesis|[silent]
|-damage|p2a: Mamoswine|81/100|[from] item: Life Orb
|
|upkeep
|
|t:|1758255387
|switch|p1a: Pelipper|Pelipper, M|72/100
|-weather|RainDance|[from] ability: Drizzle|[of] p1a: Pelipper
|turn|25
|
|t:|1758255393
|move|p1a: Pelipper|Knock Off|p2a: Mamoswine
|-damage|p2a: Mamoswine|66/100
|-enditem|p2a: Mamoswine|Life Orb|[from] move: Knock Off|[of] p1a: Pelipper
|move|p2a: Mamoswine|Icicle Crash|p1a: Pelipper
|-damage|p1a: Pelipper|4/100
|
|-weather|RainDance|[upkeep]
|upkeep
|turn|26
|
|t:|1758255401
|switch|p1a: Basculegion|Basculegion, M|91/100
|move|p2a: Mamoswine|Ice Shard|p1a: Basculegion
|-resisted|p1a: Basculegion
|-damage|p1a: Basculegion|70/100
|
|-weather|RainDance|[upkeep]
|upkeep
|turn|27
|
|t:|1758255406
|switch|p2a: Volcanion|Volcanion|100/100
|move|p1a: Basculegion|Flip Turn|p2a: Volcanion
|-immune|p2a: Volcanion|[from] ability: Water Absorb
|
|-weather|RainDance|[upkeep]
|upkeep
|turn|28
|
|t:|1758255414
|switch|p1a: Clodsire|Clodsire, M, shiny|85/100
|move|p2a: Volcanion|Will-O-Wisp|p1a: Clodsire|[miss]
|-miss|p2a: Volcanion|p1a: Clodsire
|
|-weather|RainDance|[upkeep]
|-heal|p1a: Clodsire|91/100|[from] item: Leftovers
|upkeep
|turn|29
|
|t:|1758255423
|switch|p2a: Landorus|Landorus-Therian, M|24/100 tox
|-ability|p2a: Landorus|Intimidate|boost
|-unboost|p1a: Clodsire|atk|1
|move|p1a: Clodsire|Toxic|p2a: Landorus
|-fail|p2a: Landorus|tox
|
|-weather|none
|-heal|p1a: Clodsire|97/100|[from] item: Leftovers
|-damage|p2a: Landorus|18/100 tox|[from] psn
|upkeep
|turn|30
|
|t:|1758255436
|switch|p1a: Pelipper|Pelipper, M|4/100
|-weather|RainDance|[from] ability: Drizzle|[of] p1a: Pelipper
|move|p2a: Landorus|U-turn|p1a: Pelipper
|-resisted|p1a: Pelipper
|-damage|p1a: Pelipper|0 fnt
|faint|p1a: Pelipper
|
|t:|1758255443
|switch|p2a: Mamoswine|Mamoswine, F, tera:Ice|66/100|[from] U-turn
|
|-weather|RainDance|[upkeep]
|upkeep
|
|t:|1758255448
|switch|p1a: Basculegion|Basculegion, M|70/100
|turn|31
|
|t:|1758255453
|move|p2a: Mamoswine|Ice Shard|p1a: Basculegion
|-resisted|p1a: Basculegion
|-damage|p1a: Basculegion|52/100
|move|p1a: Basculegion|Phantom Force||[still]
|-prepare|p1a: Basculegion|Phantom Force
|
|-weather|RainDance|[upkeep]
|upkeep
|turn|32
|
|t:|1758255466
|switch|p2a: Landorus|Landorus-Therian, M|18/100 tox
|-ability|p2a: Landorus|Intimidate|boost
|-unboost|p1a: Basculegion|atk|1
|move|p1a: Basculegion|Phantom Force|p2a: Landorus|[from] lockedmove
|-damage|p2a: Landorus|0 fnt
|faint|p2a: Landorus
|-damage|p1a: Basculegion|42/100|[from] item: Life Orb
|
|-weather|RainDance|[upkeep]
|upkeep
|
|t:|1758255484
|switch|p2a: Hydrapple|Hydrapple, F|87/100
|turn|33
|
|t:|1758255494
|switch|p1a: Clodsire|Clodsire, M, shiny|97/100
|switch|p2a: Volcanion|Volcanion|100/100
|
|-weather|RainDance|[upkeep]
|-heal|p1a: Clodsire|100/100|[from] item: Leftovers
|upkeep
|turn|34
|
|t:|1758255507
|switch|p2a: Mamoswine|Mamoswine, F, tera:Ice|66/100
|move|p1a: Clodsire|Toxic|p2a: Mamoswine
|-status|p2a: Mamoswine|tox
|
|-weather|none
|-damage|p2a: Mamoswine|60/100 tox|[from] psn
|upkeep
|turn|35
|
|t:|1758255517
|switch|p1a: Corviknight|Corviknight, F, shiny|21/100
|move|p2a: Mamoswine|Earthquake|p1a: Corviknight
|-immune|p1a: Corviknight
|
|-damage|p2a: Mamoswine|48/100 tox|[from] psn
|upkeep
|turn|36
|
|t:|1758255521
|move|p2a: Mamoswine|Icicle Crash|p1a: Corviknight
|-damage|p1a: Corviknight|0 fnt
|faint|p1a: Corviknight
|
|-damage|p2a: Mamoswine|30/100 tox|[from] psn
|upkeep
|
|t:|1758255524
|switch|p1a: Basculegion|Basculegion, M|42/100
|turn|37
|
|t:|1758255533
|move|p2a: Mamoswine|Ice Shard|p1a: Basculegion
|-resisted|p1a: Basculegion
|-damage|p1a: Basculegion|23/100
|move|p1a: Basculegion|Phantom Force||[still]
|-prepare|p1a: Basculegion|Phantom Force
|
|-damage|p2a: Mamoswine|5/100 tox|[from] psn
|upkeep
|turn|38
|
|t:|1758255542
|switch|p2a: Gholdengo|Gholdengo|100/100
|move|p1a: Basculegion|Phantom Force|p2a: Gholdengo|[from] lockedmove
|-supereffective|p2a: Gholdengo
|-damage|p2a: Gholdengo|0 fnt
|faint|p2a: Gholdengo
|-damage|p1a: Basculegion|13/100|[from] item: Life Orb
|
|upkeep
|
|t:|1758255549
|switch|p2a: Volcanion|Volcanion|100/100
|turn|39
|
|t:|1758255554
|move|p1a: Basculegion|Phantom Force||[still]
|-prepare|p1a: Basculegion|Phantom Force
|move|p2a: Volcanion|Earth Power|p1a: Basculegion|[miss]
|-miss|p2a: Volcanion|p1a: Basculegion
|
|upkeep
|turn|40
|
|t:|1758255560
|move|p1a: Basculegion|Phantom Force|p2a: Volcanion|[from] lockedmove
|-damage|p2a: Volcanion|48/100
|-damage|p1a: Basculegion|3/100|[from] item: Life Orb
|move|p2a: Volcanion|Earth Power|p1a: Basculegion
|-damage|p1a: Basculegion|0 fnt
|faint|p1a: Basculegion
|
|upkeep
|
|t:|1758255563
|switch|p1a: Clodsire|Clodsire, M, shiny|100/100
|turn|41
|
|t:|1758255567
|move|p2a: Volcanion|Earth Power|p1a: Clodsire
|-supereffective|p1a: Clodsire
|-damage|p1a: Clodsire|67/100
|move|p1a: Clodsire|Toxic|p2a: Volcanion
|-status|p2a: Volcanion|tox
|
|-heal|p1a: Clodsire|73/100|[from] item: Leftovers
|-damage|p2a: Volcanion|42/100 tox|[from] psn
|upkeep
|turn|42
|
|t:|1758255571
|move|p2a: Volcanion|Earth Power|p1a: Clodsire
|-supereffective|p1a: Clodsire
|-damage|p1a: Clodsire|39/100
|move|p1a: Clodsire|Stealth Rock|p2a: Volcanion
|-sidestart|p2: sumi_random2|move: Stealth Rock
|
|-heal|p1a: Clodsire|45/100|[from] item: Leftovers
|-damage|p2a: Volcanion|30/100 tox|[from] psn
|upkeep
|turn|43
|
|t:|1758255574
|move|p2a: Volcanion|Earth Power|p1a: Clodsire
|-supereffective|p1a: Clodsire
|-damage|p1a: Clodsire|14/100
|move|p1a: Clodsire|Recover|p1a: Clodsire
|-heal|p1a: Clodsire|64/100
|
|-heal|p1a: Clodsire|70/100|[from] item: Leftovers
|-damage|p2a: Volcanion|11/100 tox|[from] psn
|upkeep
|turn|44
|
|t:|1758255582
|move|p2a: Volcanion|Earth Power|p1a: Clodsire
|-supereffective|p1a: Clodsire
|-damage|p1a: Clodsire|36/100
|move|p1a: Clodsire|Recover|p1a: Clodsire
|-heal|p1a: Clodsire|86/100
|
|-heal|p1a: Clodsire|92/100|[from] item: Leftovers
|-damage|p2a: Volcanion|0 fnt|[from] psn
|faint|p2a: Volcanion
|upkeep
|
|t:|1758255591
|switch|p2a: Mamoswine|Mamoswine, F, tera:Ice|5/100 tox
|-damage|p2a: Mamoswine|0 fnt|[from] Stealth Rock
|faint|p2a: Mamoswine
|
|t:|1758255593
|switch|p2a: Hydrapple|Hydrapple, F|100/100
|-damage|p2a: Hydrapple|88/100|[from] Stealth Rock
|turn|45
|
|t:|1758255600
|move|p2a: Hydrapple|Nasty Plot|p2a: Hydrapple
|-boost|p2a: Hydrapple|spa|2
|move|p1a: Clodsire|Toxic|p2a: Hydrapple
|-status|p2a: Hydrapple|tox
|
|-heal|p1a: Clodsire|99/100|[from] item: Leftovers
|-damage|p2a: Hydrapple|82/100 tox|[from] psn
|upkeep
|turn|46
|
|t:|1758255606
|move|p2a: Hydrapple|Giga Drain|p1a: Clodsire
|-damage|p1a: Clodsire|68/100
|-heal|p2a: Hydrapple|99/100 tox|[from] drain|[of] p1a: Clodsire
|move|p1a: Clodsire|Earthquake|p2a: Hydrapple
|-resisted|p2a: Hydrapple
|-damage|p2a: Hydrapple|92/100 tox
|
|-heal|p1a: Clodsire|74/100|[from] item: Leftovers
|-damage|p2a: Hydrapple|80/100 tox|[from] psn
|upkeep
|turn|47
|
|t:|1758255614
|move|p2a: Hydrapple|Nasty Plot|p2a: Hydrapple
|-boost|p2a: Hydrapple|spa|2
|move|p1a: Clodsire|Recover|p1a: Clodsire
|-heal|p1a: Clodsire|100/100
|
|-damage|p2a: Hydrapple|62/100 tox|[from] psn
|upkeep
|turn|48
|
|t:|1758255620
|move|p2a: Hydrapple|Giga Drain|p1a: Clodsire
|-damage|p1a: Clodsire|51/100
|-heal|p2a: Hydrapple|90/100 tox|[from] drain|[of] p1a: Clodsire
|move|p1a: Clodsire|Recover|p1a: Clodsire
|-heal|p1a: Clodsire|100/100
|
|-damage|p2a: Hydrapple|66/100 tox|[from] psn
|upkeep
|turn|49
|
|t:|1758255637
|move|p2a: Hydrapple|Fickle Beam|p1a: Clodsire|[anim] Fickle Beam All Out
|-activate|p2a: Hydrapple|move: Fickle Beam
|-damage|p1a: Clodsire|6/100
|move|p1a: Clodsire|Earthquake|p2a: Hydrapple
|-resisted|p2a: Hydrapple
|-damage|p2a: Hydrapple|58/100 tox
|
|-heal|p1a: Clodsire|12/100|[from] item: Leftovers
|-damage|p2a: Hydrapple|28/100 tox|[from] psn
|upkeep
|turn|50
|
|t:|1758255643
|move|p2a: Hydrapple|Fickle Beam|p1a: Clodsire
|-damage|p1a: Clodsire|0 fnt
|faint|p1a: Clodsire
|
|win|sumi_random2
|raw|muru drinker's rating: 1385 &rarr; <strong>1368</strong><br />(-17 for losing)
|raw|sumi_random2's rating: 1442 &rarr; <strong>1459</strong><br />(+17 for winning)
|l|☆muru drinker
|player|p1|
|l|☆sumi_random2
|player|p2|
