|j|☆playboisant
|j|☆norca152
|t:|1758327467
|gametype|singles
|player|p1|playboisant|roxie|1487
|player|p2|norca152|drayden|1501
|gen|9
|tier|[Gen 9] OU
|rated|
|rule|HP Percentage Mod: HP is shown in percentages
|rule|Endless Battle Clause: Forcing endless battles is banned
|rule|Species Clause: Limit one of each Pokémon
|rule|OHKO Clause: OHKO moves are banned
|rule|Evasion Items Clause: Evasion items are banned
|rule|Evasion Moves Clause: Evasion moves are banned
|rule|Evasion Abilities Clause: Evasion abilities are banned
|rule|Sleep Moves Clause: Sleep-inducing moves are banned
|clearpoke
|poke|p1|Inteleon, M|
|poke|p1|Muk-Alola, F|
|poke|p1|Meloetta|
|poke|p1|Mudsdale, M|
|poke|p1|Hitmontop, M|
|poke|p1|Sandaconda, M|
|poke|p2|Dragonite, F|
|poke|p2|Scizor, F|
|poke|p2|Suicune|
|poke|p2|Sableye, M|
|poke|p2|Serperior, M|
|poke|p2|Ceruledge, M|
|teampreview
|
|t:|1758327514
|teamsize|p1|6
|teamsize|p2|6
|start
|switch|p1a: Inteleon|Inteleon, M|100/100
|switch|p2a: Serperior|Serperior, M|100/100
|turn|1
|
|t:|1758327521
|move|p1a: Inteleon|U-turn|p2a: Serperior
|-supereffective|p2a: Serperior
|-crit|p2a: Serperior
|-damage|p2a: Serperior|47/100
|
|t:|1758327525
|switch|p1a: Muk|Muk-Alola, F|100/100|[from] U-turn
|move|p2a: Serperior|Glare|p1a: Muk
|-status|p1a: Muk|par
|
|-heal|p2a: Serperior|53/100|[from] item: Leftovers
|upkeep
|turn|2
|
|t:|1758327529
|move|p2a: Serperior|Substitute|p2a: Serperior
|-start|p2a: Serperior|Substitute
|-damage|p2a: Serperior|28/100
|move|p1a: Muk|Poison Jab|p2a: Serperior
|-supereffective|p2a: Serperior
|-end|p2a: Serperior|Substitute
|
|-heal|p2a: Serperior|35/100|[from] item: Leftovers
|upkeep
|turn|3
|
|t:|1758327534
|move|p2a: Serperior|Substitute|p2a: Serperior
|-start|p2a: Serperior|Substitute
|-damage|p2a: Serperior|10/100
|move|p1a: Muk|Poison Jab|p2a: Serperior
|-supereffective|p2a: Serperior
|-end|p2a: Serperior|Substitute
|
|-heal|p2a: Serperior|16/100|[from] item: Leftovers
|upkeep
|turn|4
|
|t:|1758327537
|move|p2a: Serperior|Leech Seed|p1a: Muk
|-start|p1a: Muk|move: Leech Seed
|move|p1a: Muk|Knock Off|p2a: Serperior
|-damage|p2a: Serperior|0 fnt
|-enditem|p2a: Serperior|Leftovers|[from] move: Knock Off|[of] p1a: Muk
|faint|p2a: Serperior
|
|upkeep
|
|t:|1758327541
|switch|p2a: Suicune|Suicune|100/100
|-ability|p2a: Suicune|Pressure
|turn|5
|
|t:|1758327547
|switch|p1a: Meloetta|Meloetta|100/100
|move|p2a: Suicune|Calm Mind|p2a: Suicune
|-boost|p2a: Suicune|spa|1
|-boost|p2a: Suicune|spd|1
|
|upkeep
|turn|6
|
|t:|1758327550
|move|p1a: Meloetta|Relic Song|p2a: Suicune
|-damage|p2a: Suicune|81/100
|-formechange|p1a: Meloetta|Meloetta-Pirouette|[msg]
|-damage|p1a: Meloetta|91/100|[from] item: Life Orb
|move|p2a: Suicune|Scald|p1a: Meloetta
|-damage|p1a: Meloetta|47/100
|
|-heal|p2a: Suicune|87/100|[from] item: Leftovers
|upkeep
|turn|7
|
|t:|1758327557
|move|p1a: Meloetta|Close Combat|p2a: Suicune
|-damage|p2a: Suicune|45/100
|-unboost|p1a: Meloetta|def|1
|-unboost|p1a: Meloetta|spd|1
|-damage|p1a: Meloetta|37/100|[from] item: Life Orb
|move|p2a: Suicune|Scald|p1a: Meloetta
|-damage|p1a: Meloetta|0 fnt
|faint|p1a: Meloetta
|
|-heal|p2a: Suicune|51/100|[from] item: Leftovers
|upkeep
|
|t:|1758327566
|switch|p1a: Inteleon|Inteleon, M|100/100
|turn|8
|
|t:|1758327570
|move|p1a: Inteleon|Taunt|p2a: Suicune
|-start|p2a: Suicune|move: Taunt
|cant|p2a: Suicune|move: Taunt|Rest
|
|-heal|p2a: Suicune|57/100|[from] item: Leftovers
|upkeep
|turn|9
|
|t:|1758327576
|move|p1a: Inteleon|Snipe Shot|p2a: Suicune
|-resisted|p2a: Suicune
|-crit|p2a: Suicune
|-damage|p2a: Suicune|22/100
|move|p2a: Suicune|Scald|p1a: Inteleon
|-resisted|p1a: Inteleon
|-damage|p1a: Inteleon|67/100
|
|-heal|p2a: Suicune|28/100|[from] item: Leftovers
|upkeep
|turn|10
|
|t:|1758327585
|move|p1a: Inteleon|Snipe Shot|p2a: Suicune
|-resisted|p2a: Suicune
|-damage|p2a: Suicune|19/100
|move|p2a: Suicune|Scald|p1a: Inteleon
|-resisted|p1a: Inteleon
|-damage|p1a: Inteleon|34/100
|-status|p1a: Inteleon|brn
|
|-heal|p2a: Suicune|25/100|[from] item: Leftovers
|-damage|p1a: Inteleon|28/100 brn|[from] brn
|-end|p2a: Suicune|move: Taunt
|upkeep
|turn|11
|
|t:|1758327589
|move|p1a: Inteleon|Snipe Shot|p2a: Suicune
|-resisted|p2a: Suicune
|-damage|p2a: Suicune|14/100
|move|p2a: Suicune|Scald|p1a: Inteleon
|-resisted|p1a: Inteleon
|-damage|p1a: Inteleon|0 fnt
|faint|p1a: Inteleon
|
|-heal|p2a: Suicune|20/100|[from] item: Leftovers
|upkeep
|
|t:|1758327596
|switch|p1a: Sandaconda|Sandaconda, M, shiny|100/100
|turn|12
|
|t:|1758327606
|-terastallize|p1a: Sandaconda|Dragon
|move|p1a: Sandaconda|Scale Shot|p2a: Suicune
|-damage|p2a: Suicune|14/100
|-damage|p2a: Suicune|8/100
|-damage|p2a: Suicune|0 fnt
|faint|p2a: Suicune
|-hitcount|p2: Suicune|3
|-unboost|p1a: Sandaconda|def|1
|-boost|p1a: Sandaconda|spe|1
|
|upkeep
|
|t:|1758327617
|switch|p2a: Scizor|Scizor, F|100/100
|turn|13
|
|t:|1758327620
|move|p1a: Sandaconda|Coil|p1a: Sandaconda
|-boost|p1a: Sandaconda|atk|1
|-boost|p1a: Sandaconda|def|1
|-boost|p1a: Sandaconda|accuracy|1
|move|p2a: Scizor|U-turn|p1a: Sandaconda
|-damage|p1a: Sandaconda|36/100
|
|t:|1758327634
|switch|p2a: Ceruledge|Ceruledge, M|100/100|[from] U-turn
|
|upkeep
|turn|14
|
|t:|1758327641
|move|p1a: Sandaconda|Rock Blast|p2a: Ceruledge
|-supereffective|p2a: Ceruledge
|-damage|p2a: Ceruledge|70/100
|-ability|p2a: Ceruledge|Weak Armor|boost
|-unboost|p2a: Ceruledge|def|1
|-boost|p2a: Ceruledge|spe|2
|-supereffective|p2a: Ceruledge
|-damage|p2a: Ceruledge|20/100
|-ability|p2a: Ceruledge|Weak Armor|boost
|-unboost|p2a: Ceruledge|def|1
|-boost|p2a: Ceruledge|spe|2
|-supereffective|p2a: Ceruledge
|-damage|p2a: Ceruledge|0 fnt
|faint|p2a: Ceruledge
|-hitcount|p2: Ceruledge|3
|
|upkeep
|
|t:|1758327645
|switch|p2a: Scizor|Scizor, F|100/100
|turn|15
|
|t:|1758327653
|move|p2a: Scizor|Bullet Punch|p1a: Sandaconda
|-damage|p1a: Sandaconda|0 fnt
|faint|p1a: Sandaconda
|
|upkeep
|
|t:|1758327658
|switch|p1a: Mudsdale|Mudsdale, M|100/100
|turn|16
|
|t:|1758327662
|switch|p2a: Sableye|Sableye, M|100/100
|move|p1a: Mudsdale|Earthquake|p2a: Sableye
|-damage|p2a: Sableye|18/100
|
|-heal|p2a: Sableye|25/100|[from] item: Leftovers
|upkeep
|turn|17
|
|t:|1758327666
|switch|p1a: Muk|Muk-Alola, F|100/100 par
|move|p2a: Sableye|Will-O-Wisp|p1a: Muk
|-hint|Since gen 7, Dark is immune to Prankster moves.
|-immune|p1a: Muk
|
|-heal|p2a: Sableye|31/100|[from] item: Leftovers
|upkeep
|turn|18
|
|t:|1758327671
|move|p2a: Sableye|Recover|p2a: Sableye
|-heal|p2a: Sableye|81/100
|move|p1a: Muk|Curse|p1a: Muk
|-unboost|p1a: Muk|spe|1
|-boost|p1a: Muk|atk|1
|-boost|p1a: Muk|def|1
|
|-heal|p2a: Sableye|87/100|[from] item: Leftovers
|upkeep
|turn|19
|
|t:|1758327676
|move|p2a: Sableye|Encore|p1a: Muk
|-hint|Since gen 7, Dark is immune to Prankster moves.
|-immune|p1a: Muk
|move|p1a: Muk|Curse|p1a: Muk
|-unboost|p1a: Muk|spe|1
|-boost|p1a: Muk|atk|1
|-boost|p1a: Muk|def|1
|
|-heal|p2a: Sableye|93/100|[from] item: Leftovers
|upkeep
|turn|20
|
|t:|1758327679
|move|p2a: Sableye|Knock Off|p1a: Muk
|-resisted|p1a: Muk
|-damage|p1a: Muk|94/100 par
|-enditem|p1a: Muk|Leftovers|[from] move: Knock Off|[of] p2a: Sableye
|move|p1a: Muk|Knock Off|p2a: Sableye
|-damage|p2a: Sableye|0 fnt
|-enditem|p2a: Sableye|Leftovers|[from] move: Knock Off|[of] p1a: Muk
|faint|p2a: Sableye
|
|upkeep
|
|t:|1758327688
|switch|p2a: Dragonite|Dragonite, F|100/100
|turn|21
|
|t:|1758327692
|move|p2a: Dragonite|Dragon Dance|p2a: Dragonite
|-boost|p2a: Dragonite|atk|1
|-boost|p2a: Dragonite|spe|1
|move|p1a: Muk|Poison Jab|p2a: Dragonite
|-damage|p2a: Dragonite|67/100
|
|upkeep
|turn|22
|
|t:|1758327697
|move|p2a: Dragonite|Earthquake|p1a: Muk
|-supereffective|p1a: Muk
|-damage|p1a: Muk|34/100 par
|move|p1a: Muk|Poison Jab|p2a: Dragonite
|-damage|p2a: Dragonite|6/100
|-status|p2a: Dragonite|psn
|
|-damage|p2a: Dragonite|0 fnt|[from] psn
|faint|p2a: Dragonite
|upkeep
|
|t:|1758327700
|switch|p2a: Scizor|Scizor, F|100/100
|turn|23
|
|t:|1758327711
|switch|p1a: Mudsdale|Mudsdale, M|100/100
|-terastallize|p2a: Scizor|Steel
|move|p2a: Scizor|Bullet Punch|p1a: Mudsdale
|-damage|p1a: Mudsdale|46/100
|-ability|p1a: Mudsdale|Stamina|boost
|-boost|p1a: Mudsdale|def|1
|
|-heal|p1a: Mudsdale|52/100|[from] item: Leftovers
|upkeep
|turn|24
|
|t:|1758327715
|move|p2a: Scizor|Bullet Punch|p1a: Mudsdale
|-damage|p1a: Mudsdale|16/100
|-ability|p1a: Mudsdale|Stamina|boost
|-boost|p1a: Mudsdale|def|1
|move|p1a: Mudsdale|Earthquake|p2a: Scizor
|-supereffective|p2a: Scizor
|-crit|p2a: Scizor
|-damage|p2a: Scizor|0 fnt
|faint|p2a: Scizor
|
|win|playboisant
|raw|playboisant's rating: 1487 &rarr; <strong>1508</strong><br />(+21 for winning)
|raw|norca152's rating: 1501 &rarr; <strong>1480</strong><br />(-21 for losing)
|l|☆norca152
|player|p2|
|l|☆playboisant
|player|p1|
