|j|☆jimy92
|j|☆Glonxxu
|t:|1758282555
|gametype|singles
|player|p1|jimy92|102|1640
|player|p2|Glonxxu|dawn-masters2|1666
|gen|9
|tier|[Gen 9] OU
|rated|
|rule|HP Percentage Mod: HP is shown in percentages
|rule|Endless Battle Clause: Forcing endless battles is banned
|rule|Species Clause: Limit one of each Pokémon
|rule|OHKO Clause: OHKO moves are banned
|rule|Evasion Items Clause: Evasion items are banned
|rule|Evasion Moves Clause: Evasion moves are banned
|rule|Evasion Abilities Clause: Evasion abilities are banned
|rule|Sleep Moves Clause: Sleep-inducing moves are banned
|clearpoke
|poke|p1|Pelipper, F|
|poke|p1|Hatterene, F|
|poke|p1|Iron Treads|
|poke|p1|Toxicroak, F|
|poke|p1|Barraskewda, F|
|poke|p1|Zapdos|
|poke|p2|Ceruledge, M|
|poke|p2|Pecharunt|
|poke|p2|Tyranitar, F|
|poke|p2|Excadrill, M|
|poke|p2|Ting-Lu|
|poke|p2|Raging Bolt|
|teampreview
|inactive|Battle timer is ON: inactive players will automatically lose when time's up. (requested by jimy92)
|
|t:|1758282575
|teamsize|p1|6
|teamsize|p2|6
|start
|switch|p1a: Pelipper|Pelipper, F|100/100
|switch|p2a: Pecharunt|Pecharunt|100/100
|-weather|RainDance|[from] ability: Drizzle|[of] p1a: Pelipper
|turn|1
|
|t:|1758282585
|move|p2a: Pecharunt|Parting Shot|p1a: Pelipper
|-unboost|p1a: Pelipper|atk|1
|-unboost|p1a: Pelipper|spa|1
|
|t:|1758282590
|switch|p2a: Tyranitar|Tyranitar, F|100/100|[from] Parting Shot
|-weather|Sandstorm|[from] ability: Sand Stream|[of] p2a: Tyranitar
|move|p1a: Pelipper|U-turn|p2a: Tyranitar
|-supereffective|p2a: Tyranitar
|-crit|p2a: Tyranitar
|-damage|p2a: Tyranitar|78/100
|inactive|jimy92 has 120 seconds left.
|
|t:|1758282630
|switch|p1a: Barraskewda|Barraskewda, F|100/100|[from] U-turn
|
|-weather|Sandstorm|[upkeep]
|-damage|p1a: Barraskewda|94/100|[from] Sandstorm
|upkeep
|turn|2
|
|t:|1758282634
|switch|p2a: Pecharunt|Pecharunt|100/100
|move|p1a: Barraskewda|Flip Turn|p2a: Pecharunt
|-damage|p2a: Pecharunt|79/100
|-damage|p1a: Barraskewda|78/100|[from] item: Rocky Helmet|[of] p2a: Pecharunt
|inactive|jimy92 has 120 seconds left.
|
|t:|1758282641
|switch|p1a: Pelipper|Pelipper, F|100/100|[from] Flip Turn
|-weather|RainDance|[from] ability: Drizzle|[of] p1a: Pelipper
|
|-weather|RainDance|[upkeep]
|upkeep
|turn|3
|
|t:|1758282645
|move|p2a: Pecharunt|Parting Shot|p1a: Pelipper
|-unboost|p1a: Pelipper|atk|1
|-unboost|p1a: Pelipper|spa|1
|
|t:|1758282647
|switch|p2a: Tyranitar|Tyranitar, F|78/100|[from] Parting Shot
|-weather|Sandstorm|[from] ability: Sand Stream|[of] p2a: Tyranitar
|move|p1a: Pelipper|Knock Off|p2a: Tyranitar
|-resisted|p2a: Tyranitar
|-damage|p2a: Tyranitar|75/100
|-enditem|p2a: Tyranitar|Assault Vest|[from] move: Knock Off|[of] p1a: Pelipper
|
|-weather|Sandstorm|[upkeep]
|-damage|p1a: Pelipper|94/100|[from] Sandstorm
|upkeep
|turn|4
|
|t:|1758282660
|switch|p1a: Hatterene|Hatterene, F|100/100
|move|p2a: Tyranitar|Dark Pulse|p1a: Hatterene
|-damage|p1a: Hatterene|60/100
|-enditem|p1a: Hatterene|Eject Button
|
|t:|1758282666
|switch|p1a: Pelipper|Pelipper, F|94/100
|-weather|RainDance|[from] ability: Drizzle|[of] p1a: Pelipper
|
|-weather|RainDance|[upkeep]
|upkeep
|turn|5
|
|t:|1758282674
|switch|p2a: Raging Bolt|Raging Bolt|100/100
|switch|p1a: Iron Treads|Iron Treads|100/100
|
|-weather|RainDance|[upkeep]
|upkeep
|turn|6
|inactive|jimy92 has 120 seconds left.
|inactive|jimy92 has 90 seconds left.
|
|t:|1758282739
|-end|p2a: Raging Bolt|Protosynthesis|[silent]
|switch|p2a: Ting-Lu|Ting-Lu|100/100
|-ability|p2a: Ting-Lu|Vessel of Ruin
|move|p1a: Iron Treads|Stealth Rock|p2a: Ting-Lu
|-sidestart|p2: Glonxxu|move: Stealth Rock
|
|-weather|RainDance|[upkeep]
|upkeep
|turn|7
|
|t:|1758282748
|-end|p1a: Iron Treads|Quark Drive|[silent]
|switch|p1a: Hatterene|Hatterene, F|60/100
|move|p2a: Ting-Lu|Ruination|p1a: Hatterene|[miss]
|-miss|p2a: Ting-Lu|p1a: Hatterene
|
|-weather|RainDance|[upkeep]
|upkeep
|turn|8
|inactive|jimy92 has 90 seconds left.
|
|t:|1758282768
|move|p1a: Hatterene|Nuzzle|p2a: Ting-Lu
|-immune|p2a: Ting-Lu
|move|p2a: Ting-Lu|Ruination|p1a: Hatterene|[miss]
|-miss|p2a: Ting-Lu|p1a: Hatterene
|
|-weather|RainDance|[upkeep]
|upkeep
|turn|9
|
|t:|1758282776
|move|p1a: Hatterene|Draining Kiss|p2a: Ting-Lu
|-supereffective|p2a: Ting-Lu
|-damage|p2a: Ting-Lu|83/100
|-heal|p1a: Hatterene|82/100|[from] drain|[of] p2a: Ting-Lu
|move|p2a: Ting-Lu|Ruination|p1a: Hatterene
|-damage|p1a: Hatterene|41/100
|
|-weather|RainDance|[upkeep]
|-heal|p2a: Ting-Lu|89/100|[from] item: Leftovers
|upkeep
|turn|10
|
|t:|1758282785
|switch|p2a: Pecharunt|Pecharunt|79/100
|-damage|p2a: Pecharunt|67/100|[from] Stealth Rock
|move|p1a: Hatterene|Draining Kiss|p2a: Pecharunt
|-resisted|p2a: Pecharunt
|-damage|p2a: Pecharunt|55/100
|-heal|p1a: Hatterene|52/100|[from] drain|[of] p2a: Pecharunt
|-damage|p1a: Hatterene|36/100|[from] item: Rocky Helmet|[of] p2a: Pecharunt
|
|-weather|RainDance|[upkeep]
|upkeep
|turn|11
|
|t:|1758282794
|switch|p1a: Iron Treads|Iron Treads|100/100
|move|p2a: Pecharunt|Malignant Chain|p1a: Iron Treads
|-immune|p1a: Iron Treads
|
|-weather|none
|upkeep
|turn|12
|inactive|jimy92 has 120 seconds left.
|
|t:|1758282809
|-terastallize|p2a: Pecharunt|Bug
|move|p1a: Iron Treads|Volt Switch|p2a: Pecharunt
|-damage|p2a: Pecharunt|42/100
|
|t:|1758282813
|-end|p1a: Iron Treads|Quark Drive|[silent]
|switch|p1a: Pelipper|Pelipper, F|94/100|[from] Volt Switch
|-weather|RainDance|[from] ability: Drizzle|[of] p1a: Pelipper
|move|p2a: Pecharunt|Recover|p2a: Pecharunt
|-heal|p2a: Pecharunt|92/100
|
|-weather|RainDance|[upkeep]
|upkeep
|turn|13
|
|t:|1758282823
|switch|p1a: Hatterene|Hatterene, F|36/100
|move|p2a: Pecharunt|Parting Shot|p1a: Hatterene
|move|p1a: Hatterene|Parting Shot|p2a: Pecharunt|[from] ability: Magic Bounce
|-unboost|p2a: Pecharunt|atk|1
|-unboost|p2a: Pecharunt|spa|1
|
|t:|1758282832
|switch|p1a: Toxicroak|Toxicroak, F|100/100|[from] Parting Shot
|
|-weather|RainDance|[upkeep]
|upkeep
|turn|14
|
|t:|1758282847
|move|p1a: Toxicroak|Knock Off|p2a: Pecharunt
|-damage|p2a: Pecharunt|81/100
|-damage|p1a: Toxicroak|84/100|[from] item: Rocky Helmet|[of] p2a: Pecharunt
|-enditem|p2a: Pecharunt|Rocky Helmet|[from] move: Knock Off|[of] p1a: Toxicroak
|move|p2a: Pecharunt|Parting Shot|p1a: Toxicroak
|-unboost|p1a: Toxicroak|atk|1
|-unboost|p1a: Toxicroak|spa|1
|
|t:|1758282864
|switch|p2a: Raging Bolt|Raging Bolt|100/100|[from] Parting Shot
|-damage|p2a: Raging Bolt|88/100|[from] Stealth Rock
|
|-weather|RainDance|[upkeep]
|-heal|p1a: Toxicroak|96/100|[from] ability: Dry Skin
|upkeep
|turn|15
|
|t:|1758282892
|switch|p1a: Hatterene|Hatterene, F|36/100
|move|p2a: Raging Bolt|Draco Meteor|p1a: Hatterene
|-immune|p1a: Hatterene
|
|-weather|RainDance|[upkeep]
|upkeep
|turn|16
|inactive|Glonxxu has 120 seconds left.
|
|t:|1758282921
|-end|p2a: Raging Bolt|Protosynthesis|[silent]
|switch|p2a: Ting-Lu|Ting-Lu|89/100
|-damage|p2a: Ting-Lu|83/100|[from] Stealth Rock
|-ability|p2a: Ting-Lu|Vessel of Ruin
|move|p1a: Hatterene|Psychic Noise|p2a: Ting-Lu
|-immune|p2a: Ting-Lu
|
|-weather|RainDance|[upkeep]
|-heal|p2a: Ting-Lu|89/100|[from] item: Leftovers
|upkeep
|turn|17
|inactive|Glonxxu has 120 seconds left.
|inactive|jimy92 has 120 seconds left.
|
|t:|1758282952
|switch|p1a: Barraskewda|Barraskewda, F|78/100
|move|p2a: Ting-Lu|Ruination|p1a: Barraskewda
|-damage|p1a: Barraskewda|39/100
|
|-weather|RainDance|[upkeep]
|-heal|p2a: Ting-Lu|95/100|[from] item: Leftovers
|upkeep
|turn|18
|inactive|Glonxxu has 120 seconds left.
|
|t:|1758282984
|switch|p2a: Ceruledge|Ceruledge, M|100/100
|-damage|p2a: Ceruledge|76/100|[from] Stealth Rock
|-item|p2a: Ceruledge|Air Balloon
|move|p1a: Barraskewda|Flip Turn|p2a: Ceruledge
|-supereffective|p2a: Ceruledge
|-damage|p2a: Ceruledge|0 fnt
|-enditem|p2a: Ceruledge|Air Balloon
|faint|p2a: Ceruledge
|j| isaac_gam3r
|inactive|jimy92 has 90 seconds left.
|
|t:|1758283036
|switch|p1a: Toxicroak|Toxicroak, F|96/100|[from] Flip Turn
|
|-weather|RainDance|[upkeep]
|-heal|p1a: Toxicroak|100/100|[from] ability: Dry Skin
|upkeep
|
|t:|1758283050
|switch|p2a: Raging Bolt|Raging Bolt|88/100
|-damage|p2a: Raging Bolt|76/100|[from] Stealth Rock
|turn|19
|
|t:|1758283057
|switch|p1a: Iron Treads|Iron Treads|100/100
|-end|p2a: Raging Bolt|Protosynthesis|[silent]
|switch|p2a: Pecharunt|Pecharunt, tera:Bug|81/100
|-damage|p2a: Pecharunt|56/100|[from] Stealth Rock
|
|-weather|none
|upkeep
|turn|20
|
|t:|1758283064
|move|p1a: Iron Treads|Volt Switch|p2a: Pecharunt
|-damage|p2a: Pecharunt|44/100
|
|t:|1758283066
|-end|p1a: Iron Treads|Quark Drive|[silent]
|switch|p1a: Pelipper|Pelipper, F|94/100|[from] Volt Switch
|-weather|RainDance|[from] ability: Drizzle|[of] p1a: Pelipper
|move|p2a: Pecharunt|Recover|p2a: Pecharunt
|-heal|p2a: Pecharunt|94/100
|
|-weather|RainDance|[upkeep]
|upkeep
|turn|21
|
|t:|1758283074
|switch|p2a: Tyranitar|Tyranitar, F|75/100
|-damage|p2a: Tyranitar|62/100|[from] Stealth Rock
|-weather|Sandstorm|[from] ability: Sand Stream|[of] p2a: Tyranitar
|switch|p1a: Iron Treads|Iron Treads|100/100
|
|-weather|Sandstorm|[upkeep]
|upkeep
|turn|22
|
|t:|1758283082
|switch|p2a: Excadrill|Excadrill, M|100/100
|-damage|p2a: Excadrill|97/100|[from] Stealth Rock
|-item|p2a: Excadrill|Air Balloon
|move|p1a: Iron Treads|Earthquake|p2a: Excadrill
|-immune|p2a: Excadrill
|
|-weather|Sandstorm|[upkeep]
|upkeep
|turn|23
|
|t:|1758283093
|-end|p1a: Iron Treads|Quark Drive|[silent]
|switch|p1a: Pelipper|Pelipper, F|94/100
|-weather|RainDance|[from] ability: Drizzle|[of] p1a: Pelipper
|move|p2a: Excadrill|Swords Dance|p2a: Excadrill
|-boost|p2a: Excadrill|atk|2
|
|-weather|RainDance|[upkeep]
|upkeep
|turn|24
|
|t:|1758283101
|switch|p1a: Hatterene|Hatterene, F|36/100
|move|p2a: Excadrill|Rock Slide|p1a: Hatterene
|-damage|p1a: Hatterene|0 fnt
|faint|p1a: Hatterene
|
|-weather|RainDance|[upkeep]
|upkeep
|
|t:|1758283104
|switch|p1a: Barraskewda|Barraskewda, F|39/100
|turn|25
|inactive|Glonxxu has 120 seconds left.
|
|t:|1758283163
|move|p1a: Barraskewda|Flip Turn|p2a: Excadrill
|-supereffective|p2a: Excadrill
|-damage|p2a: Excadrill|0 fnt
|-enditem|p2a: Excadrill|Air Balloon
|faint|p2a: Excadrill
|
|t:|1758283176
|switch|p1a: Zapdos|Zapdos|100/100|[from] Flip Turn
|
|-weather|RainDance|[upkeep]
|upkeep
|inactive|Glonxxu has 90 seconds left.
|
|t:|1758283198
|switch|p2a: Tyranitar|Tyranitar, F|62/100
|-damage|p2a: Tyranitar|50/100|[from] Stealth Rock
|-weather|Sandstorm|[from] ability: Sand Stream|[of] p2a: Tyranitar
|turn|26
|inactive|Glonxxu has 90 seconds left.
|
|t:|1758283212
|switch|p2a: Ting-Lu|Ting-Lu|95/100
|-damage|p2a: Ting-Lu|89/100|[from] Stealth Rock
|-ability|p2a: Ting-Lu|Vessel of Ruin
|move|p1a: Zapdos|Volt Switch|p2a: Ting-Lu
|-immune|p2a: Ting-Lu
|
|-weather|Sandstorm|[upkeep]
|-damage|p1a: Zapdos|94/100|[from] Sandstorm
|-heal|p2a: Ting-Lu|95/100|[from] item: Leftovers
|upkeep
|turn|27
|
|t:|1758283216
|switch|p1a: Pelipper|Pelipper, F|94/100
|-weather|RainDance|[from] ability: Drizzle|[of] p1a: Pelipper
|move|p2a: Ting-Lu|Stealth Rock|p1a: Pelipper
|-sidestart|p1: jimy92|move: Stealth Rock
|
|-weather|RainDance|[upkeep]
|-heal|p2a: Ting-Lu|100/100|[from] item: Leftovers
|upkeep
|turn|28
|
|t:|1758283224
|move|p2a: Ting-Lu|Ruination|p1a: Pelipper|[miss]
|-miss|p2a: Ting-Lu|p1a: Pelipper
|move|p1a: Pelipper|Knock Off|p2a: Ting-Lu
|-resisted|p2a: Ting-Lu
|-damage|p2a: Ting-Lu|97/100
|-enditem|p2a: Ting-Lu|Leftovers|[from] move: Knock Off|[of] p1a: Pelipper
|
|-weather|RainDance|[upkeep]
|upkeep
|turn|29
|
|t:|1758283230
|move|p2a: Ting-Lu|Ruination|p1a: Pelipper
|-damage|p1a: Pelipper|48/100
|move|p1a: Pelipper|U-turn|p2a: Ting-Lu
|-supereffective|p2a: Ting-Lu
|-damage|p2a: Ting-Lu|87/100
|
|t:|1758283239
|switch|p1a: Barraskewda|Barraskewda, F|39/100|[from] U-turn
|-damage|p1a: Barraskewda|27/100|[from] Stealth Rock
|
|-weather|RainDance|[upkeep]
|upkeep
|turn|30
|inactive|Glonxxu has 120 seconds left.
|
|t:|1758283255
|switch|p2a: Tyranitar|Tyranitar, F|50/100
|-damage|p2a: Tyranitar|37/100|[from] Stealth Rock
|-weather|Sandstorm|[from] ability: Sand Stream|[of] p2a: Tyranitar
|move|p1a: Barraskewda|Flip Turn|p2a: Tyranitar
|-supereffective|p2a: Tyranitar
|-damage|p2a: Tyranitar|0 fnt
|faint|p2a: Tyranitar
|
|t:|1758283267
|switch|p1a: Pelipper|Pelipper, F|48/100|[from] Flip Turn
|-damage|p1a: Pelipper|23/100|[from] Stealth Rock
|-weather|RainDance|[from] ability: Drizzle|[of] p1a: Pelipper
|
|-weather|RainDance|[upkeep]
|upkeep
|
|t:|1758283273
|switch|p2a: Pecharunt|Pecharunt, tera:Bug|94/100
|-damage|p2a: Pecharunt|69/100|[from] Stealth Rock
|turn|31
|
|t:|1758283277
|switch|p1a: Iron Treads|Iron Treads|100/100
|-damage|p1a: Iron Treads|98/100|[from] Stealth Rock
|move|p2a: Pecharunt|Malignant Chain|p1a: Iron Treads
|-immune|p1a: Iron Treads
|
|-weather|RainDance|[upkeep]
|-heal|p1a: Iron Treads|100/100|[from] item: Leftovers
|upkeep
|turn|32
|
|t:|1758283283
|move|p1a: Iron Treads|Rapid Spin|p2a: Pecharunt
|-damage|p2a: Pecharunt|64/100
|-boost|p1a: Iron Treads|spe|1
|-sideend|p1: jimy92|Stealth Rock|[from] move: Rapid Spin|[of] p1a: Iron Treads
|move|p2a: Pecharunt|Recover|p2a: Pecharunt
|-heal|p2a: Pecharunt|100/100
|
|-weather|RainDance|[upkeep]
|upkeep
|turn|33
|
|t:|1758283298
|move|p1a: Iron Treads|Earthquake|p2a: Pecharunt
|-resisted|p2a: Pecharunt
|-damage|p2a: Pecharunt|93/100
|move|p2a: Pecharunt|Malignant Chain|p1a: Iron Treads
|-immune|p1a: Iron Treads
|
|-weather|RainDance|[upkeep]
|upkeep
|turn|34
|
|t:|1758283301
|move|p1a: Iron Treads|Volt Switch|p2a: Pecharunt
|-damage|p2a: Pecharunt|82/100
|
|t:|1758283304
|-end|p1a: Iron Treads|Quark Drive|[silent]
|switch|p1a: Toxicroak|Toxicroak, F|100/100|[from] Volt Switch
|move|p2a: Pecharunt|Shadow Ball|p1a: Toxicroak
|-damage|p1a: Toxicroak|71/100
|
|-weather|RainDance|[upkeep]
|-heal|p1a: Toxicroak|83/100|[from] ability: Dry Skin
|upkeep
|turn|35
|
|t:|1758283310
|move|p1a: Toxicroak|Toxic|p2a: Pecharunt
|-status|p2a: Pecharunt|tox
|move|p2a: Pecharunt|Shadow Ball|p1a: Toxicroak
|-damage|p1a: Toxicroak|53/100
|
|-weather|RainDance|[upkeep]
|-heal|p1a: Toxicroak|66/100|[from] ability: Dry Skin
|-damage|p2a: Pecharunt|76/100 tox|[from] psn
|upkeep
|turn|36
|
|t:|1758283320
|move|p1a: Toxicroak|Encore|p2a: Pecharunt
|-start|p2a: Pecharunt|Encore
|move|p2a: Pecharunt|Shadow Ball|p1a: Toxicroak
|-damage|p1a: Toxicroak|34/100
|
|-weather|RainDance|[upkeep]
|-heal|p1a: Toxicroak|46/100|[from] ability: Dry Skin
|-damage|p2a: Pecharunt|64/100 tox|[from] psn
|upkeep
|turn|37
|
|t:|1758283338
|switch|p2a: Raging Bolt|Raging Bolt|76/100
|-damage|p2a: Raging Bolt|63/100|[from] Stealth Rock
|move|p1a: Toxicroak|Drain Punch|p2a: Raging Bolt
|-damage|p2a: Raging Bolt|43/100
|-heal|p1a: Toxicroak|59/100|[from] drain|[of] p2a: Raging Bolt
|
|-weather|none
|upkeep
|turn|38
|-message|Glonxxu forfeited.
|
|win|jimy92
|raw|jimy92's rating: 1640 &rarr; <strong>1661</strong><br />(+21 for winning)
|raw|Glonxxu's rating: 1666 &rarr; <strong>1645</strong><br />(-21 for losing)
