|j|‽metaplot
|j|☆Flex Plays Only
|t:|1758233998
|gametype|singles
|player|p1|metaplot|170|1717
|player|p2|Flex Plays Only|miku-fairy|1722
|gen|9
|tier|[Gen 9] OU
|rated|
|rule|HP Percentage Mod: HP is shown in percentages
|rule|Endless Battle Clause: Forcing endless battles is banned
|rule|Species Clause: Limit one of each Pokémon
|rule|OHKO Clause: OHKO moves are banned
|rule|Evasion Items Clause: Evasion items are banned
|rule|Evasion Moves Clause: Evasion moves are banned
|rule|Evasion Abilities Clause: Evasion abilities are banned
|rule|Sleep Moves Clause: Sleep-inducing moves are banned
|clearpoke
|poke|p1|Ogerpon-Wellspring, F|
|poke|p1|Kingambit, F|
|poke|p1|Landorus-Therian, M|
|poke|p1|Glimmora, F|
|poke|p1|Dragapult, M|
|poke|p1|Iron Valiant|
|poke|p2|Gholdengo|
|poke|p2|Ting-Lu|
|poke|p2|Zamazenta-*|
|poke|p2|Dragonite, M|
|poke|p2|Scizor, M|
|poke|p2|Deoxys-Speed|
|teampreview
|inactive|Battle timer is ON: inactive players will automatically lose when time's up. (requested by metaplot)
|
|t:|1758234004
|teamsize|p1|6
|teamsize|p2|6
|start
|switch|p1a: Landorus|Landorus-Therian, M|100/100
|switch|p2a: Scizor|Scizor, M|100/100
|-ability|p1a: Landorus|Intimidate|boost
|-unboost|p2a: Scizor|atk|1
|turn|1
|
|t:|1758234008
|move|p1a: Landorus|Stealth Rock|p2a: Scizor
|-sidestart|p2: Flex Plays Only|move: Stealth Rock
|move|p2a: Scizor|Swords Dance|p2a: Scizor
|-boost|p2a: Scizor|atk|2
|
|upkeep
|turn|2
|
|t:|1758234017
|move|p1a: Landorus|Taunt|p2a: Scizor
|-start|p2a: Scizor|move: Taunt
|cant|p2a: Scizor|move: Taunt|Swords Dance
|
|upkeep
|turn|3
|
|t:|1758234022
|move|p2a: Scizor|Bullet Punch|p1a: Landorus
|-damage|p1a: Landorus|37/100
|-damage|p2a: Scizor|84/100|[from] item: Rocky Helmet|[of] p1a: Landorus
|-damage|p2a: Scizor|74/100|[from] item: Life Orb
|move|p1a: Landorus|Earthquake|p2a: Scizor
|-damage|p2a: Scizor|19/100
|
|upkeep
|turn|4
|
|t:|1758234031
|switch|p1a: Glimmora|Glimmora, F|100/100
|move|p2a: Scizor|Bullet Punch|p1a: Glimmora
|-supereffective|p1a: Glimmora
|-damage|p1a: Glimmora|0 fnt
|-activate|p1a: Glimmora|ability: Toxic Debris
|-sidestart|p2: Flex Plays Only|move: Toxic Spikes
|faint|p1a: Glimmora
|-damage|p2a: Scizor|9/100|[from] item: Life Orb
|
|-end|p2a: Scizor|move: Taunt
|upkeep
|
|t:|1758234039
|switch|p1a: Landorus|Landorus-Therian, M|37/100
|-ability|p1a: Landorus|Intimidate|boost
|-unboost|p2a: Scizor|atk|1
|turn|5
|
|t:|1758234043
|move|p1a: Landorus|Taunt|p2a: Scizor
|-start|p2a: Scizor|move: Taunt
|move|p2a: Scizor|Close Combat|p1a: Landorus
|-resisted|p1a: Landorus
|-damage|p1a: Landorus|7/100
|-unboost|p2a: Scizor|def|1
|-unboost|p2a: Scizor|spd|1
|-damage|p2a: Scizor|0 fnt|[from] item: Rocky Helmet|[of] p1a: Landorus
|faint|p2a: Scizor
|
|upkeep
|
|t:|1758234050
|switch|p2a: Zamazenta|Zamazenta|100/100
|-ability|p2a: Zamazenta|Dauntless Shield|boost
|-boost|p2a: Zamazenta|def|1
|turn|6
|
|t:|1758234079
|switch|p1a: Dragapult|Dragapult, M|100/100
|move|p2a: Zamazenta|Crunch|p1a: Dragapult
|-supereffective|p1a: Dragapult
|-damage|p1a: Dragapult|35/100
|
|upkeep
|turn|7
|
|t:|1758234085
|move|p1a: Dragapult|Draco Meteor|p2a: Zamazenta
|-damage|p2a: Zamazenta|16/100
|-unboost|p1a: Dragapult|spa|2
|move|p2a: Zamazenta|Crunch|p1a: Dragapult
|-supereffective|p1a: Dragapult
|-damage|p1a: Dragapult|0 fnt
|faint|p1a: Dragapult
|
|upkeep
|
|t:|1758234088
|switch|p1a: Landorus|Landorus-Therian, M|7/100
|-ability|p1a: Landorus|Intimidate|boost
|-unboost|p2a: Zamazenta|atk|1
|turn|8
|
|t:|1758234092
|move|p2a: Zamazenta|Crunch|p1a: Landorus
|-crit|p1a: Landorus
|-damage|p1a: Landorus|0 fnt
|-damage|p2a: Zamazenta|0 fnt|[from] item: Rocky Helmet|[of] p1a: Landorus
|faint|p1a: Landorus
|faint|p2a: Zamazenta
|
|upkeep
|
|t:|1758234099
|switch|p2a: Ting-Lu|Ting-Lu|100/100
|switch|p1a: Ogerpon|Ogerpon-Wellspring, F|100/100
|-damage|p2a: Ting-Lu|94/100|[from] Stealth Rock
|-status|p2a: Ting-Lu|psn
|-ability|p2a: Ting-Lu|Vessel of Ruin
|turn|9
|
|t:|1758234103
|move|p1a: Ogerpon|Swords Dance|p1a: Ogerpon
|-boost|p1a: Ogerpon|atk|2
|move|p2a: Ting-Lu|Ruination|p1a: Ogerpon|[miss]
|-miss|p2a: Ting-Lu|p1a: Ogerpon
|
|-damage|p2a: Ting-Lu|82/100 psn|[from] psn
|upkeep
|turn|10
|
|t:|1758234105
|move|p1a: Ogerpon|Ivy Cudgel|p2a: Ting-Lu|[anim] Ivy Cudgel Water
|-supereffective|p2a: Ting-Lu
|-crit|p2a: Ting-Lu
|-damage|p2a: Ting-Lu|0 fnt
|faint|p2a: Ting-Lu
|
|upkeep
|
|t:|1758234110
|switch|p2a: Deoxys|Deoxys-Speed|100/100
|-damage|p2a: Deoxys|88/100|[from] Stealth Rock
|-status|p2a: Deoxys|psn
|-ability|p2a: Deoxys|Pressure
|turn|11
|j| Goobshiester1st
|
|t:|1758234113
|-terastallize|p1a: Ogerpon|Water
|detailschange|p1a: Ogerpon|Ogerpon-Wellspring-Tera, F, tera:Water
|-ability|p1a: Ogerpon|Embody Aspect (Wellspring)|boost
|-boost|p1a: Ogerpon|spd|1
|move|p2a: Deoxys|Psycho Boost|p1a: Ogerpon|[miss]
|-miss|p2a: Deoxys|p1a: Ogerpon
|move|p1a: Ogerpon|Ivy Cudgel|p2a: Deoxys|[anim] Ivy Cudgel Water
|-damage|p2a: Deoxys|0 fnt
|faint|p2a: Deoxys
|
|upkeep
|
|t:|1758234119
|switch|p2a: Dragonite|Dragonite, M|100/100
|turn|12
|
|t:|1758234122
|move|p1a: Ogerpon|Play Rough|p2a: Dragonite
|-supereffective|p2a: Dragonite
|-damage|p2a: Dragonite|25/100
|move|p2a: Dragonite|Dragon Dance|p2a: Dragonite
|-boost|p2a: Dragonite|atk|1
|-boost|p2a: Dragonite|spe|1
|
|upkeep
|turn|13
|
|t:|1758234125
|-terastallize|p2a: Dragonite|Flying
|move|p2a: Dragonite|Tera Blast|p1a: Ogerpon|[anim] Tera Blast Flying
|-damage|p1a: Ogerpon|0 fnt
|faint|p1a: Ogerpon
|detailschange|p1: Ogerpon|Ogerpon-Wellspring, F|[silent]
|
|upkeep
|
|t:|1758234129
|switch|p1a: Iron Valiant|Iron Valiant|100/100
|-enditem|p1a: Iron Valiant|Booster Energy
|-activate|p1a: Iron Valiant|ability: Quark Drive|[fromitem]
|-start|p1a: Iron Valiant|quarkdrivespe
|turn|14
|
|t:|1758234133
|move|p1a: Iron Valiant|Shadow Ball|p2a: Dragonite
|-damage|p2a: Dragonite|0 fnt
|faint|p2a: Dragonite
|
|upkeep
|
|t:|1758234134
|switch|p2a: Gholdengo|Gholdengo|100/100
|-damage|p2a: Gholdengo|94/100|[from] Stealth Rock
|-item|p2a: Gholdengo|Air Balloon
|turn|15
|j| tabata toxapex
|
|t:|1758234138
|move|p1a: Iron Valiant|Shadow Ball|p2a: Gholdengo
|-supereffective|p2a: Gholdengo
|-damage|p2a: Gholdengo|32/100
|-enditem|p2a: Gholdengo|Air Balloon
|move|p2a: Gholdengo|Dazzling Gleam|p1a: Iron Valiant
|-supereffective|p1a: Iron Valiant
|-crit|p1a: Iron Valiant
|-damage|p1a: Iron Valiant|0 fnt
|faint|p1a: Iron Valiant
|-end|p1a: Iron Valiant|Quark Drive|[silent]
|
|upkeep
|
|t:|1758234141
|switch|p1a: Kingambit|Kingambit, F|100/100
|-activate|p1a: Kingambit|ability: Supreme Overlord
|-start|p1a: Kingambit|fallen5|[silent]
|turn|16
|
|t:|1758234143
|move|p2a: Gholdengo|Focus Blast|p1a: Kingambit
|-supereffective|p1a: Kingambit
|-damage|p1a: Kingambit|0 fnt
|faint|p1a: Kingambit
|-end|p1a: Kingambit|fallen5|[silent]
|
|win|Flex Plays Only
|raw|metaplot's rating: 1717 &rarr; <strong>1697</strong><br />(-20 for losing)
|raw|Flex Plays Only's rating: 1722 &rarr; <strong>1742</strong><br />(+20 for winning)
|l| tabata toxapex
|l|☆Flex Plays Only
|player|p2|
|l|‽metaplot
|player|p1|
|l| Goobshiester1st
