|j|☆yanyee
|j|☆archnp
|t:|1758332723
|gametype|singles
|player|p1|yanyee|janine|1351
|player|p2|archnp|steven|1355
|gen|9
|tier|[Gen 9] OU
|rated|
|rule|HP Percentage Mod: HP is shown in percentages
|rule|Endless Battle Clause: Forcing endless battles is banned
|rule|Species Clause: Limit one of each Pokémon
|rule|OHKO Clause: OHKO moves are banned
|rule|Evasion Items Clause: Evasion items are banned
|rule|Evasion Moves Clause: Evasion moves are banned
|rule|Evasion Abilities Clause: Evasion abilities are banned
|rule|Sleep Moves Clause: Sleep-inducing moves are banned
|clearpoke
|poke|p1|Quagsire, F|
|poke|p1|Qwilfish, M|
|poke|p1|Clodsire, F|
|poke|p1|Gardevoir, M|
|poke|p1|Noivern, F|
|poke|p1|Talonflame, M|
|poke|p2|Ogerpon-Wellspring, F|
|poke|p2|Kingambit, F|
|poke|p2|Landorus-Therian, M|
|poke|p2|Glimmora, F|
|poke|p2|Dragapult, F|
|poke|p2|Iron Valiant|
|teampreview
|inactive|Battle timer is ON: inactive players will automatically lose when time's up. (requested by archnp)
|
|t:|1758332727
|teamsize|p1|6
|teamsize|p2|6
|start
|switch|p1a: Noivern|Noivern, F|100/100
|switch|p2a: Glimmora|Glimmora, F|100/100
|-item|p2a: Glimmora|Power Herb|[from] ability: Frisk|[of] p1a: Noivern
|turn|1
|
|t:|1758332730
|move|p1a: Noivern|U-turn|p2a: Glimmora
|-resisted|p2a: Glimmora
|-damage|p2a: Glimmora|94/100
|-activate|p2a: Glimmora|ability: Toxic Debris
|-sidestart|p1: yanyee|move: Toxic Spikes
|
|t:|1758332732
|switch|p1a: Clodsire|Clodsire, F|100/100|[from] U-turn
|-sideend|p1: yanyee|move: Toxic Spikes|[of] p1a: Clodsire
|move|p2a: Glimmora|Meteor Beam||[still]
|-prepare|p2a: Glimmora|Meteor Beam
|-boost|p2a: Glimmora|spa|1
|-enditem|p2a: Glimmora|Power Herb
|-anim|p2a: Glimmora|Meteor Beam|p1a: Clodsire
|-resisted|p1a: Clodsire
|-damage|p1a: Clodsire|83/100
|
|upkeep
|turn|2
|
|t:|1758332742
|move|p2a: Glimmora|Spikes|p1a: Clodsire
|-sidestart|p1: yanyee|Spikes
|move|p1a: Clodsire|Earthquake|p2a: Glimmora
|-supereffective|p2a: Glimmora
|-damage|p2a: Glimmora|0 fnt
|-activate|p2a: Glimmora|ability: Toxic Debris
|-sidestart|p1: yanyee|move: Toxic Spikes
|faint|p2a: Glimmora
|
|upkeep
|
|t:|1758332746
|switch|p2a: Landorus|Landorus-Therian, M|100/100
|-ability|p2a: Landorus|Intimidate|boost
|-unboost|p1a: Clodsire|atk|1
|turn|3
|
|t:|1758332776
|switch|p1a: Quagsire|Quagsire, F|100/100
|-damage|p1a: Quagsire|88/100|[from] Spikes
|-status|p1a: Quagsire|psn
|move|p2a: Landorus|Taunt|p1a: Quagsire
|-start|p1a: Quagsire|move: Taunt
|
|-damage|p1a: Quagsire|76/100 psn|[from] psn
|upkeep
|turn|4
|
|t:|1758332782
|move|p2a: Landorus|Stealth Rock|p1a: Quagsire
|-sidestart|p1: yanyee|move: Stealth Rock
|move|p1a: Quagsire|Whirlpool|p2a: Landorus
|-supereffective|p2a: Landorus
|-damage|p2a: Landorus|83/100
|-activate|p2a: Landorus|move: Whirlpool|[of] p1a: Quagsire
|
|-damage|p1a: Quagsire|63/100 psn|[from] psn
|-damage|p2a: Landorus|70/100|[from] move: Whirlpool|[partiallytrapped]
|upkeep
|turn|5
|
|t:|1758332788
|switch|p1a: Talonflame|Talonflame, M|100/100
|move|p2a: Landorus|U-turn|p1a: Talonflame
|-resisted|p1a: Talonflame
|-damage|p1a: Talonflame|93/100
|
|t:|1758332795
|switch|p2a: Dragapult|Dragapult, F|100/100|[from] U-turn
|
|upkeep
|turn|6
|
|t:|1758332805
|switch|p1a: Qwilfish|Qwilfish, M|100/100
|-damage|p1a: Qwilfish|88/100|[from] Spikes
|-sideend|p1: yanyee|move: Toxic Spikes|[of] p1a: Qwilfish
|-damage|p1a: Qwilfish|76/100|[from] Stealth Rock
|-ability|p1a: Qwilfish|Intimidate|boost
|-fail|p2a: Dragapult|unboost|[from] ability: Clear Body|[of] p2a: Dragapult
|move|p2a: Dragapult|Draco Meteor|p1a: Qwilfish
|-damage|p1a: Qwilfish|0 fnt
|-unboost|p2a: Dragapult|spa|2
|faint|p1a: Qwilfish
|
|upkeep
|
|t:|1758332813
|switch|p1a: Clodsire|Clodsire, F|83/100
|-damage|p1a: Clodsire|71/100|[from] Spikes
|-damage|p1a: Clodsire|64/100|[from] Stealth Rock
|turn|7
|
|t:|1758332821
|switch|p2a: Landorus|Landorus-Therian, M|70/100
|-ability|p2a: Landorus|Intimidate|boost
|-unboost|p1a: Clodsire|atk|1
|move|p1a: Clodsire|Toxic|p2a: Landorus
|-status|p2a: Landorus|tox
|
|-damage|p2a: Landorus|64/100 tox|[from] psn
|upkeep
|turn|8
|
|t:|1758332827
|switch|p1a: Talonflame|Talonflame, M|93/100
|move|p2a: Landorus|Earthquake|p1a: Talonflame
|-immune|p1a: Talonflame
|
|-damage|p2a: Landorus|52/100 tox|[from] psn
|upkeep
|turn|9
|
|t:|1758332829
|move|p1a: Talonflame|Defog|p2a: Landorus
|-unboost|p2a: Landorus|evasion|1
|-sideend|p1: yanyee|Spikes|[from] move: Defog|[of] p1a: Talonflame
|-sideend|p1: yanyee|Stealth Rock|[from] move: Defog|[of] p1a: Talonflame
|move|p2a: Landorus|U-turn|p1a: Talonflame
|-resisted|p1a: Talonflame
|-damage|p1a: Talonflame|85/100
|
|t:|1758332837
|switch|p2a: Dragapult|Dragapult, F|100/100|[from] U-turn
|
|upkeep
|turn|10
|
|t:|1758332845
|switch|p1a: Clodsire|Clodsire, F|64/100
|move|p2a: Dragapult|Shadow Ball|p1a: Clodsire
|-damage|p1a: Clodsire|38/100
|-enditem|p1a: Clodsire|Sitrus Berry|[eat]
|-heal|p1a: Clodsire|63/100|[from] item: Sitrus Berry
|
|upkeep
|turn|11
|
|t:|1758332853
|switch|p2a: Landorus|Landorus-Therian, M|52/100 tox
|-ability|p2a: Landorus|Intimidate|boost
|-unboost|p1a: Clodsire|atk|1
|move|p1a: Clodsire|Recover|p1a: Clodsire
|-heal|p1a: Clodsire|100/100
|
|-damage|p2a: Landorus|46/100 tox|[from] psn
|upkeep
|turn|12
|
|t:|1758332858
|switch|p1a: Talonflame|Talonflame, M|85/100
|move|p2a: Landorus|Taunt|p1a: Talonflame
|-start|p1a: Talonflame|move: Taunt
|
|-damage|p2a: Landorus|34/100 tox|[from] psn
|upkeep
|turn|13
|
|t:|1758332863
|move|p1a: Talonflame|U-turn|p2a: Landorus
|-resisted|p2a: Landorus
|-damage|p2a: Landorus|26/100 tox
|-damage|p1a: Talonflame|68/100|[from] item: Rocky Helmet|[of] p2a: Landorus
|
|t:|1758332871
|switch|p1a: Noivern|Noivern, F|100/100|[from] U-turn
|-item|p2a: Landorus|Rocky Helmet|[from] ability: Frisk|[of] p1a: Noivern
|move|p2a: Landorus|Stealth Rock|p1a: Noivern
|-sidestart|p1: yanyee|move: Stealth Rock
|
|-damage|p2a: Landorus|8/100 tox|[from] psn
|upkeep
|turn|14
|
|t:|1758332881
|move|p1a: Noivern|Dark Pulse|p2a: Landorus
|-damage|p2a: Landorus|0 fnt
|faint|p2a: Landorus
|
|upkeep
|
|t:|1758332888
|switch|p2a: Dragapult|Dragapult, F|100/100
|turn|15
|
|t:|1758332893
|switch|p1a: Clodsire|Clodsire, F|100/100
|-damage|p1a: Clodsire|94/100|[from] Stealth Rock
|move|p2a: Dragapult|Shadow Ball|p1a: Clodsire
|-damage|p1a: Clodsire|68/100
|
|upkeep
|turn|16
|
|t:|1758332901
|switch|p2a: Kingambit|Kingambit, F|100/100
|-activate|p2a: Kingambit|ability: Supreme Overlord
|-start|p2a: Kingambit|fallen2|[silent]
|move|p1a: Clodsire|Toxic|p2a: Kingambit
|-immune|p2a: Kingambit
|
|upkeep
|turn|17
|
|t:|1758332912
|move|p2a: Kingambit|Kowtow Cleave|p1a: Clodsire
|-damage|p1a: Clodsire|0 fnt
|faint|p1a: Clodsire
|
|upkeep
|-message|yanyee forfeited.
|
|win|archnp
|raw|yanyee's rating: 1351 &rarr; <strong>1331</strong><br />(-20 for losing)
|raw|archnp's rating: 1355 &rarr; <strong>1375</strong><br />(+20 for winning)
|l|☆yanyee
|player|p1|
|l|☆archnp
|player|p2|
