|j|☆imjjjyyyhhh
|j|☆suifenli
|t:|1758257511
|gametype|singles
|player|p1|imjjjyyyhhh|101|1488
|player|p2|suifenli|n|1509
|gen|9
|tier|[Gen 9] OU
|rated|
|rule|HP Percentage Mod: HP is shown in percentages
|rule|Endless Battle Clause: Forcing endless battles is banned
|rule|Species Clause: Limit one of each Pokémon
|rule|OHKO Clause: OHKO moves are banned
|rule|Evasion Items Clause: Evasion items are banned
|rule|Evasion Moves Clause: Evasion moves are banned
|rule|Evasion Abilities Clause: Evasion abilities are banned
|rule|Sleep Moves Clause: Sleep-inducing moves are banned
|clearpoke
|poke|p1|Iron Moth|
|poke|p1|Landorus-Therian, M|
|poke|p1|Alomomola, M|
|poke|p1|Corviknight, M|
|poke|p1|Iron Valiant|
|poke|p1|Raging Bolt|
|poke|p2|Zamazenta-*|
|poke|p2|Sableye, M|
|poke|p2|Bellossom, M|
|poke|p2|Enamorus, F|
|poke|p2|Garganacl, M|
|poke|p2|Latias, F|
|teampreview
|inactive|Battle timer is ON: inactive players will automatically lose when time's up. (requested by suifenli)
|
|t:|1758257528
|teamsize|p1|6
|teamsize|p2|6
|start
|switch|p1a: Alomomola|Alomomola, M|100/100
|switch|p2a: Latias|Latias, F|100/100
|turn|1
|
|t:|1758257533
|move|p2a: Latias|Agility|p2a: Latias
|-boost|p2a: Latias|spe|2
|move|p1a: Alomomola|Flip Turn|p2a: Latias
|-resisted|p2a: Latias
|-damage|p2a: Latias|94/100
|
|t:|1758257544
|switch|p1a: Raging Bolt|Raging Bolt|100/100|[from] Flip Turn
|
|upkeep
|turn|2
|
|t:|1758257563
|-terastallize|p1a: Raging Bolt|Fairy
|move|p2a: Latias|Calm Mind|p2a: Latias
|-boost|p2a: Latias|spa|1
|-boost|p2a: Latias|spd|1
|move|p1a: Raging Bolt|Draco Meteor|p2a: Latias
|-supereffective|p2a: Latias
|-damage|p2a: Latias|16/100
|-unboost|p1a: Raging Bolt|spa|2
|-enditem|p2a: Latias|Weakness Policy
|-boost|p2a: Latias|atk|2|[from] item: Weakness Policy
|-boost|p2a: Latias|spa|2|[from] item: Weakness Policy
|
|upkeep
|turn|3
|
|t:|1758257575
|-terastallize|p2a: Latias|Fairy
|move|p2a: Latias|Draining Kiss|p1a: Raging Bolt
|-damage|p1a: Raging Bolt|65/100
|-heal|p2a: Latias|47/100|[from] drain|[of] p1a: Raging Bolt
|move|p1a: Raging Bolt|Draco Meteor|p2a: Latias
|-immune|p2a: Latias
|
|upkeep
|turn|4
|
|t:|1758257580
|-end|p1a: Raging Bolt|Protosynthesis|[silent]
|switch|p1a: Corviknight|Corviknight, M|100/100
|-ability|p1a: Corviknight|Pressure
|move|p2a: Latias|Draining Kiss|p1a: Corviknight
|-resisted|p1a: Corviknight
|-damage|p1a: Corviknight|73/100
|-heal|p2a: Latias|69/100|[from] drain|[of] p1a: Corviknight
|
|-heal|p1a: Corviknight|80/100|[from] item: Leftovers
|upkeep
|turn|5
|
|t:|1758257588
|move|p2a: Latias|Stored Power|p1a: Corviknight
|-resisted|p1a: Corviknight
|-damage|p1a: Corviknight|0 fnt
|faint|p1a: Corviknight
|
|upkeep
|-message|imjjjyyyhhh forfeited.
|
|win|suifenli
|raw|imjjjyyyhhh's rating: 1488 &rarr; <strong>1469</strong><br />(-19 for losing)
|raw|suifenli's rating: 1509 &rarr; <strong>1528</strong><br />(+19 for winning)
|l|☆imjjjyyyhhh
|player|p1|
|l|☆suifenli
|player|p2|
