|j|☆Punta.7
|j|☆Dorperson
|t:|1758341151
|gametype|singles
|player|p1|Punta.7|266|1332
|player|p2|Dorperson|clair|1384
|gen|9
|tier|[Gen 9] OU
|rated|
|rule|HP Percentage Mod: HP is shown in percentages
|rule|Endless Battle Clause: Forcing endless battles is banned
|rule|Species Clause: Limit one of each Pokémon
|rule|OHKO Clause: OHKO moves are banned
|rule|Evasion Items Clause: Evasion items are banned
|rule|Evasion Moves Clause: Evasion moves are banned
|rule|Evasion Abilities Clause: Evasion abilities are banned
|rule|Sleep Moves Clause: Sleep-inducing moves are banned
|clearpoke
|poke|p1|Kingambit, M|
|poke|p1|Garganacl, F|
|poke|p1|Gholdengo|
|poke|p1|Zamazenta-*|
|poke|p1|Samurott-Hisui, F|
|poke|p1|Araquanid, F|
|poke|p2|Weavile, F|
|poke|p2|Moltres|
|poke|p2|Ogerpon-Wellspring, F|
|poke|p2|Great Tusk|
|poke|p2|Gholdengo|
|poke|p2|Incineroar, M|
|teampreview
|inactive|Battle timer is ON: inactive players will automatically lose when time's up. (requested by Dorperson)
|
|t:|1758341176
|teamsize|p1|6
|teamsize|p2|6
|start
|switch|p1a: Araquanid|Araquanid, F|100/100
|switch|p2a: Ogerpon|Ogerpon-Wellspring, F|100/100
|turn|1
|inactive|Punta.7 has 120 seconds left.
|
|t:|1758341219
|move|p2a: Ogerpon|Power Whip|p1a: Araquanid
|-damage|p1a: Araquanid|23/100
|move|p1a: Araquanid|Lunge|p2a: Ogerpon
|-supereffective|p2a: Ogerpon
|-damage|p2a: Ogerpon|46/100
|-unboost|p2a: Ogerpon|atk|1
|
|upkeep
|turn|2
|-enditem|p1a: Araquanid|Custap Berry|[eat]
|-activate|p1a: Araquanid|item: Custap Berry|[consumed]
|
|t:|1758341228
|switch|p2a: Gholdengo|Gholdengo, shiny|100/100
|-item|p2a: Gholdengo|Air Balloon
|move|p1a: Araquanid|Lunge|p2a: Gholdengo
|-resisted|p2a: Gholdengo
|-damage|p2a: Gholdengo|97/100
|-unboost|p2a: Gholdengo|atk|1
|-enditem|p2a: Gholdengo|Air Balloon
|
|upkeep
|turn|3
|inactive|Punta.7 has 120 seconds left.
|
|t:|1758341238
|switch|p1a: Samurott|Samurott-Hisui, F|100/100
|move|p2a: Gholdengo|Shadow Ball|p1a: Samurott
|-resisted|p1a: Samurott
|-damage|p1a: Samurott|77/100
|
|-heal|p1a: Samurott|83/100|[from] item: Leftovers
|upkeep
|turn|4
|inactive|Punta.7 has 120 seconds left.
|
|t:|1758341258
|switch|p2a: Great Tusk|Great Tusk|100/100
|move|p1a: Samurott|Swords Dance|p1a: Samurott
|-boost|p1a: Samurott|atk|2
|
|-heal|p1a: Samurott|90/100|[from] item: Leftovers
|upkeep
|turn|5
|
|t:|1758341266
|move|p2a: Great Tusk|Headlong Rush|p1a: Samurott
|-damage|p1a: Samurott|28/100
|-unboost|p2a: Great Tusk|def|1
|-unboost|p2a: Great Tusk|spd|1
|move|p1a: Samurott|Aqua Cutter|p2a: Great Tusk
|-supereffective|p2a: Great Tusk
|-damage|p2a: Great Tusk|0 fnt
|faint|p2a: Great Tusk
|-end|p2a: Great Tusk|Protosynthesis|[silent]
|
|-heal|p1a: Samurott|34/100|[from] item: Leftovers
|upkeep
|
|t:|1758341281
|switch|p2a: Weavile|Weavile, F, shiny|100/100
|turn|6
|
|t:|1758341289
|switch|p1a: Kingambit|Kingambit, M, shiny|100/100
|move|p2a: Weavile|Knock Off|p1a: Kingambit
|-resisted|p1a: Kingambit
|-damage|p1a: Kingambit|69/100
|-enditem|p1a: Kingambit|Choice Scarf|[from] move: Knock Off|[of] p2a: Weavile
|
|upkeep
|turn|7
|
|t:|1758341296
|switch|p2a: Incineroar|Incineroar, M, shiny|100/100
|-ability|p2a: Incineroar|Intimidate|boost
|-unboost|p1a: Kingambit|atk|1
|move|p1a: Kingambit|Iron Head|p2a: Incineroar
|-resisted|p2a: Incineroar
|-damage|p2a: Incineroar|87/100
|
|upkeep
|turn|8
|
|t:|1758341315
|-end|p1a: Kingambit|fallenundefined|[silent]
|switch|p1a: Garganacl|Garganacl, F|100/100
|move|p2a: Incineroar|Parting Shot|p1a: Garganacl
|-unboost|p1a: Garganacl|atk|1
|-unboost|p1a: Garganacl|spa|1
|
|t:|1758341320
|switch|p2a: Ogerpon|Ogerpon-Wellspring, F|46/100|[from] Parting Shot
|
|upkeep
|turn|9
|inactive|Punta.7 has 120 seconds left.
|
|t:|1758341370
|move|p2a: Ogerpon|Spikes|p1a: Garganacl
|-sidestart|p1: Punta.7|Spikes
|move|p1a: Garganacl|Salt Cure|p2a: Ogerpon
|-damage|p2a: Ogerpon|33/100
|-start|p2a: Ogerpon|Salt Cure
|
|-damage|p2a: Ogerpon|8/100|[from] Salt Cure
|upkeep
|turn|10
|
|t:|1758341389
|switch|p2a: Gholdengo|Gholdengo, shiny|97/100
|move|p1a: Garganacl|Curse|p1a: Garganacl
|-unboost|p1a: Garganacl|spe|1
|-boost|p1a: Garganacl|atk|1
|-boost|p1a: Garganacl|def|1
|
|upkeep
|turn|11
|
|t:|1758341401
|-terastallize|p1a: Garganacl|Ghost
|move|p2a: Gholdengo|Nasty Plot|p2a: Gholdengo
|-boost|p2a: Gholdengo|spa|2
|move|p1a: Garganacl|Salt Cure|p2a: Gholdengo
|-resisted|p2a: Gholdengo
|-damage|p2a: Gholdengo|91/100
|-start|p2a: Gholdengo|Salt Cure
|
|-damage|p2a: Gholdengo|66/100|[from] Salt Cure
|upkeep
|turn|12
|
|t:|1758341412
|move|p2a: Gholdengo|Shadow Ball|p1a: Garganacl
|-supereffective|p1a: Garganacl
|-crit|p1a: Garganacl
|-damage|p1a: Garganacl|7/100
|move|p1a: Garganacl|Recover|p1a: Garganacl
|-heal|p1a: Garganacl|57/100
|
|-heal|p1a: Garganacl|63/100|[from] item: Leftovers
|-damage|p2a: Gholdengo|42/100|[from] Salt Cure
|upkeep
|turn|13
|
|t:|1758341428
|move|p2a: Gholdengo|Make It Rain|p1a: Garganacl
|-damage|p1a: Garganacl|0 fnt
|-unboost|p2a: Gholdengo|spa|1
|faint|p1a: Garganacl
|
|-damage|p2a: Gholdengo|17/100|[from] Salt Cure
|upkeep
|inactive|Punta.7 has 90 seconds left.
|
|t:|1758341456
|switch|p1a: Samurott|Samurott-Hisui, F|34/100
|-damage|p1a: Samurott|22/100|[from] Spikes
|turn|14
|
|t:|1758341460
|move|p1a: Samurott|Ceaseless Edge|p2a: Gholdengo
|-supereffective|p2a: Gholdengo
|-damage|p2a: Gholdengo|0 fnt
|-sidestart|p2: Dorperson|Spikes
|faint|p2a: Gholdengo
|
|-heal|p1a: Samurott|28/100|[from] item: Leftovers
|upkeep
|
|t:|1758341469
|switch|p2a: Weavile|Weavile, F, shiny|100/100
|-damage|p2a: Weavile|88/100|[from] Spikes
|turn|15
|
|t:|1758341480
|move|p2a: Weavile|Triple Axel|p1a: Samurott
|-resisted|p1a: Samurott
|-damage|p1a: Samurott|20/100
|-resisted|p1a: Samurott
|-damage|p1a: Samurott|4/100
|-resisted|p1a: Samurott
|-damage|p1a: Samurott|0 fnt
|faint|p1a: Samurott
|-hitcount|p1: Samurott|3
|
|upkeep
|inactive|Punta.7 has 90 seconds left.
|
|t:|1758341512
|switch|p1a: Kingambit|Kingambit, M, shiny|69/100
|-damage|p1a: Kingambit|57/100|[from] Spikes
|-activate|p1a: Kingambit|ability: Supreme Overlord
|-start|p1a: Kingambit|fallen2|[silent]
|turn|16
|
|t:|1758341521
|switch|p2a: Moltres|Moltres, shiny|100/100
|-end|p1a: Kingambit|fallen2|[silent]
|switch|p1a: Araquanid|Araquanid, F|23/100
|-damage|p1a: Araquanid|10/100|[from] Spikes
|
|upkeep
|turn|17
|
|t:|1758341529
|move|p2a: Moltres|Flamethrower|p1a: Araquanid
|-damage|p1a: Araquanid|0 fnt
|faint|p1a: Araquanid
|
|upkeep
|inactive|Punta.7 has 90 seconds left.
|
|t:|1758341541
|switch|p1a: Gholdengo|Gholdengo|100/100
|-item|p1a: Gholdengo|Air Balloon
|turn|18
|
|t:|1758341545
|move|p1a: Gholdengo|Thunderbolt|p2a: Moltres
|-supereffective|p2a: Moltres
|-damage|p2a: Moltres|32/100
|move|p2a: Moltres|Flamethrower|p1a: Gholdengo
|-supereffective|p1a: Gholdengo
|-damage|p1a: Gholdengo|16/100
|-enditem|p1a: Gholdengo|Air Balloon
|
|upkeep
|turn|19
|
|t:|1758341555
|switch|p2a: Ogerpon|Ogerpon-Wellspring, F|8/100
|-damage|p2a: Ogerpon|0 fnt|[from] Spikes
|faint|p2a: Ogerpon
|move|p1a: Gholdengo|Thunderbolt|p2: Ogerpon|[notarget]
|-fail|p1a: Gholdengo
|
|upkeep
|
|t:|1758341557
|switch|p2a: Incineroar|Incineroar, M, shiny|87/100
|-ability|p2a: Incineroar|Intimidate|boost
|-unboost|p1a: Gholdengo|atk|1
|turn|20
|
|t:|1758341565
|move|p1a: Gholdengo|Make It Rain|p2a: Incineroar
|-resisted|p2a: Incineroar
|-damage|p2a: Incineroar|65/100
|-unboost|p1a: Gholdengo|spa|1
|move|p2a: Incineroar|Flare Blitz|p1a: Gholdengo
|-supereffective|p1a: Gholdengo
|-damage|p1a: Gholdengo|0 fnt
|faint|p1a: Gholdengo
|-damage|p2a: Incineroar|61/100|[from] Recoil
|
|upkeep
|
|t:|1758341577
|switch|p1a: Zamazenta|Zamazenta, shiny|100/100
|-damage|p1a: Zamazenta|88/100|[from] Spikes
|-ability|p1a: Zamazenta|Dauntless Shield|boost
|-boost|p1a: Zamazenta|def|1
|turn|21
|
|t:|1758341595
|move|p1a: Zamazenta|Close Combat|p2a: Incineroar
|-supereffective|p2a: Incineroar
|-damage|p2a: Incineroar|0 fnt
|-unboost|p1a: Zamazenta|def|1
|-unboost|p1a: Zamazenta|spd|1
|faint|p2a: Incineroar
|
|upkeep
|
|t:|1758341600
|switch|p2a: Weavile|Weavile, F, shiny|88/100
|-damage|p2a: Weavile|76/100|[from] Spikes
|turn|22
|
|t:|1758341605
|-terastallize|p2a: Weavile|Ice
|move|p1a: Zamazenta|Play Rough|p2a: Weavile
|-damage|p2a: Weavile|25/100
|move|p2a: Weavile|Triple Axel|p1a: Zamazenta
|-damage|p1a: Zamazenta|69/100
|-damage|p1a: Zamazenta|33/100
|-damage|p1a: Zamazenta|0 fnt
|faint|p1a: Zamazenta
|-hitcount|p1: Zamazenta|3
|
|upkeep
|-message|Punta.7 forfeited.
|
|win|Dorperson
|raw|Punta.7's rating: 1332 &rarr; <strong>1315</strong><br />(-17 for losing)
|raw|Dorperson's rating: 1384 &rarr; <strong>1401</strong><br />(+17 for winning)
|l|☆Punta.7
|player|p1|
|l|☆Dorperson
|player|p2|
