|j|☆IwillPrayForyou
|j|☆tyrnix
|t:|1758299335
|gametype|singles
|player|p1|IwillPrayForyou|veteran-gen4|1111
|player|p2|tyrnix|170|1088
|gen|9
|tier|[Gen 9] OU
|rated|
|rule|HP Percentage Mod: HP is shown in percentages
|rule|Endless Battle Clause: Forcing endless battles is banned
|rule|Species Clause: Limit one of each Pokémon
|rule|OHKO Clause: OHKO moves are banned
|rule|Evasion Items Clause: Evasion items are banned
|rule|Evasion Moves Clause: Evasion moves are banned
|rule|Evasion Abilities Clause: Evasion abilities are banned
|rule|Sleep Moves Clause: Sleep-inducing moves are banned
|clearpoke
|poke|p1|Araquanid, F|
|poke|p1|Metagross|
|poke|p1|Galvantula, M|
|poke|p1|Ariados, M|
|poke|p1|Spidops, M|
|poke|p1|Rabsca, M|
|poke|p2|Tyranitar, F|
|poke|p2|Weavile, M|
|poke|p2|Dragonite, M|
|poke|p2|Kingambit, F|
|poke|p2|Excadrill, M|
|poke|p2|Dragapult, M|
|teampreview
|inactive|Battle timer is ON: inactive players will automatically lose when time's up. (requested by IwillPrayForyou)
|
|t:|1758299351
|teamsize|p1|6
|teamsize|p2|6
|start
|switch|p1a: Tobey McGuire|Galvantula, M|100/100
|switch|p2a: Tyranitar|Tyranitar, F|100/100
|-weather|Sandstorm|[from] ability: Sand Stream|[of] p2a: Tyranitar
|turn|1
|
|t:|1758299368
|move|p1a: Tobey McGuire|Sticky Web|p2a: Tyranitar
|-sidestart|p2: tyrnix|move: Sticky Web
|move|p2a: Tyranitar|Ice Punch|p1a: Tobey McGuire
|-damage|p1a: Tobey McGuire|49/100
|
|-weather|Sandstorm|[upkeep]
|-damage|p1a: Tobey McGuire|43/100|[from] Sandstorm
|upkeep
|turn|2
|
|t:|1758299385
|move|p1a: Tobey McGuire|Bug Buzz|p2a: Tyranitar
|-supereffective|p2a: Tyranitar
|-damage|p2a: Tyranitar|66/100
|move|p2a: Tyranitar|Knock Off|p1a: Tobey McGuire
|-damage|p1a: Tobey McGuire|0 fnt
|-enditem|p1a: Tobey McGuire|Focus Sash|[from] move: Knock Off|[of] p2a: Tyranitar
|faint|p1a: Tobey McGuire
|
|-weather|Sandstorm|[upkeep]
|upkeep
|
|t:|1758299393
|switch|p1a: Andrew garfield|Metagross|100/100
|turn|3
|
|t:|1758299397
|move|p2a: Tyranitar|Earthquake|p1a: Andrew garfield
|-supereffective|p1a: Andrew garfield
|-damage|p1a: Andrew garfield|44/100
|-enditem|p1a: Andrew garfield|Weakness Policy
|-boost|p1a: Andrew garfield|atk|2|[from] item: Weakness Policy
|-boost|p1a: Andrew garfield|spa|2|[from] item: Weakness Policy
|move|p1a: Andrew garfield|Hone Claws|p1a: Andrew garfield
|-boost|p1a: Andrew garfield|atk|1
|-boost|p1a: Andrew garfield|accuracy|1
|
|-weather|Sandstorm|[upkeep]
|upkeep
|turn|4
|
|t:|1758299406
|move|p1a: Andrew garfield|Bullet Punch|p2a: Tyranitar
|-supereffective|p2a: Tyranitar
|-damage|p2a: Tyranitar|0 fnt
|faint|p2a: Tyranitar
|
|-weather|Sandstorm|[upkeep]
|upkeep
|
|t:|1758299412
|switch|p2a: Dragapult|Dragapult, M|100/100
|turn|5
|
|t:|1758299416
|move|p1a: Andrew garfield|Bullet Punch|p2a: Dragapult
|-damage|p2a: Dragapult|8/100
|move|p2a: Dragapult|Flamethrower|p1a: Andrew garfield
|-supereffective|p1a: Andrew garfield
|-damage|p1a: Andrew garfield|0 fnt
|faint|p1a: Andrew garfield
|
|-weather|none
|upkeep
|
|t:|1758299431
|switch|p1a: Nicolas Hammond|Ariados, M, shiny|100/100
|turn|6
|
|t:|1758299437
|move|p1a: Nicolas Hammond|Sucker Punch|p2a: Dragapult
|-supereffective|p2a: Dragapult
|-damage|p2a: Dragapult|0 fnt
|faint|p2a: Dragapult
|
|upkeep
|
|t:|1758299443
|switch|p2a: Dragonite|Dragonite, M|100/100
|turn|7
|
|t:|1758299467
|move|p2a: Dragonite|Dragon Dance|p2a: Dragonite
|-boost|p2a: Dragonite|atk|1
|-boost|p2a: Dragonite|spe|1
|move|p1a: Nicolas Hammond|Focus Energy|p1a: Nicolas Hammond
|-start|p1a: Nicolas Hammond|move: Focus Energy
|
|upkeep
|turn|8
|
|t:|1758299476
|move|p2a: Dragonite|Dragon Claw|p1a: Nicolas Hammond
|-damage|p1a: Nicolas Hammond|22/100
|move|p1a: Nicolas Hammond|Poison Jab|p2a: Dragonite
|-crit|p2a: Dragonite
|-damage|p2a: Dragonite|58/100
|
|upkeep
|turn|9
|
|t:|1758299484
|move|p1a: Nicolas Hammond|Sucker Punch|p2a: Dragonite
|-crit|p2a: Dragonite
|-damage|p2a: Dragonite|9/100
|move|p2a: Dragonite|Dragon Claw|p1a: Nicolas Hammond
|-damage|p1a: Nicolas Hammond|0 fnt
|faint|p1a: Nicolas Hammond
|
|upkeep
|inactive|IwillPrayForyou has 120 seconds left.
|
|t:|1758299510
|switch|p1a: Miles Morales|Spidops, M, shiny|100/100
|turn|10
|inactive|IwillPrayForyou has 120 seconds left.
|
|t:|1758299528
|move|p2a: Dragonite|Extreme Speed|p1a: Miles Morales
|-damage|p1a: Miles Morales|66/100
|-enditem|p1a: Miles Morales|Red Card|[of] p2a: Dragonite
|drag|p2a: Excadrill|Excadrill, M|100/100
|-activate|p2a: Excadrill|move: Sticky Web
|-unboost|p2a: Excadrill|spe|1
|move|p1a: Miles Morales|Circle Throw|p2a: Excadrill
|-supereffective|p2a: Excadrill
|-damage|p2a: Excadrill|67/100
|drag|p2a: Kingambit|Kingambit, F|100/100
|-activate|p2a: Kingambit|move: Sticky Web
|-unboost|p2a: Kingambit|spe|1
|-activate|p2a: Kingambit|ability: Supreme Overlord
|-start|p2a: Kingambit|fallen2|[silent]
|
|upkeep
|turn|11
|inactive|IwillPrayForyou has 120 seconds left.
|
|t:|1758299543
|move|p2a: Kingambit|Sucker Punch|p1a: Miles Morales
|-damage|p1a: Miles Morales|19/100
|move|p1a: Miles Morales|Circle Throw|p2a: Kingambit
|-supereffective|p2a: Kingambit
|-damage|p2a: Kingambit|66/100
|-end|p2a: Kingambit|fallen2|[silent]
|drag|p2a: Dragonite|Dragonite, M|9/100
|
|upkeep
|turn|12
|
|t:|1758299553
|move|p1a: Miles Morales|Silk Trap|p1a: Miles Morales
|-singleturn|p1a: Miles Morales|Protect
|move|p2a: Dragonite|Extreme Speed|p1a: Miles Morales
|-activate|p1a: Miles Morales|move: Protect
|-unboost|p2a: Dragonite|spe|1
|
|upkeep
|turn|13
|
|t:|1758299561
|move|p2a: Dragonite|Extreme Speed|p1a: Miles Morales
|-damage|p1a: Miles Morales|0 fnt
|faint|p1a: Miles Morales
|
|upkeep
|
|t:|1758299567
|switch|p1a: Tom Holland|Araquanid, F|100/100
|turn|14
|
|t:|1758299584
|move|p2a: Dragonite|Thunder Punch|p1a: Tom Holland
|-supereffective|p1a: Tom Holland
|-crit|p1a: Tom Holland
|-damage|p1a: Tom Holland|15/100
|-status|p1a: Tom Holland|par
|move|p1a: Tom Holland|Liquidation|p2a: Dragonite
|-resisted|p2a: Dragonite
|-damage|p2a: Dragonite|0 fnt
|faint|p2a: Dragonite
|
|upkeep
|
|t:|1758299596
|switch|p2a: Weavile|Weavile, M|100/100
|-activate|p2a: Weavile|move: Sticky Web
|-unboost|p2a: Weavile|spe|1
|-ability|p2a: Weavile|Pressure
|turn|15
|-enditem|p1a: Tom Holland|Custap Berry|[eat]
|-activate|p1a: Tom Holland|item: Custap Berry|[consumed]
|
|t:|1758299605
|move|p2a: Weavile|Ice Shard|p1a: Tom Holland
|-resisted|p1a: Tom Holland
|-damage|p1a: Tom Holland|5/100 par
|cant|p1a: Tom Holland|par
|
|upkeep
|turn|16
|
|t:|1758299615
|move|p1a: Tom Holland|Endure|p1a: Tom Holland
|-singleturn|p1a: Tom Holland|move: Endure
|move|p2a: Weavile|Ice Shard|p1a: Tom Holland
|-resisted|p1a: Tom Holland
|-activate|p1a: Tom Holland|move: Endure
|-damage|p1a: Tom Holland|1/100 par
|
|upkeep
|turn|17
|
|t:|1758299621
|move|p2a: Weavile|Ice Shard|p1a: Tom Holland
|-resisted|p1a: Tom Holland
|-damage|p1a: Tom Holland|0 fnt
|faint|p1a: Tom Holland
|
|upkeep
|
|t:|1758299624
|switch|p1a: Peter Parker|Rabsca, M|100/100
|turn|18
|
|t:|1758299636
|-terastallize|p1a: Peter Parker|Fairy
|move|p2a: Weavile|Knock Off|p1a: Peter Parker
|-resisted|p1a: Peter Parker
|-damage|p1a: Peter Parker|69/100
|-enditem|p1a: Peter Parker|Leppa Berry|[from] move: Knock Off|[of] p2a: Weavile
|move|p1a: Peter Parker|Revival Blessing|p1a: Peter Parker
|
|t:|1758299642
|-heal|p1: Andrew garfield|50/100|[from] move: Revival Blessing
|
|upkeep
|turn|19
|
|t:|1758299647
|move|p2a: Weavile|Swords Dance|p2a: Weavile
|-boost|p2a: Weavile|atk|2
|move|p1a: Peter Parker|Earth Power|p2a: Weavile
|-damage|p2a: Weavile|55/100
|
|upkeep
|turn|20
|
|t:|1758299656
|move|p2a: Weavile|Swords Dance|p2a: Weavile
|-boost|p2a: Weavile|atk|2
|move|p1a: Peter Parker|Trick Room|p1a: Peter Parker
|-fieldstart|move: Trick Room|[of] p1a: Peter Parker
|
|upkeep
|turn|21
|
|t:|1758299662
|move|p2a: Weavile|Ice Shard|p1a: Peter Parker
|-damage|p1a: Peter Parker|0 fnt
|faint|p1a: Peter Parker
|
|upkeep
|
|t:|1758299665
|switch|p1a: Andrew garfield|Metagross|50/100
|turn|22
|
|t:|1758299668
|move|p1a: Andrew garfield|Bullet Punch|p2a: Weavile
|-supereffective|p2a: Weavile
|-damage|p2a: Weavile|0 fnt
|faint|p2a: Weavile
|
|upkeep
|
|t:|1758299674
|switch|p2a: Excadrill|Excadrill, M|67/100
|-activate|p2a: Excadrill|move: Sticky Web
|-unboost|p2a: Excadrill|spe|1
|turn|23
|
|t:|1758299679
|move|p1a: Andrew garfield|Meteor Mash|p2a: Excadrill
|-resisted|p2a: Excadrill
|-damage|p2a: Excadrill|29/100
|move|p2a: Excadrill|Earthquake|p1a: Andrew garfield
|-supereffective|p1a: Andrew garfield
|-damage|p1a: Andrew garfield|0 fnt
|faint|p1a: Andrew garfield
|
|win|tyrnix
|raw|IwillPrayForyou's rating: 1111 &rarr; <strong>1084</strong><br />(-27 for losing)
|raw|tyrnix's rating: 1088 &rarr; <strong>1117</strong><br />(+29 for winning)
|l|☆IwillPrayForyou
|player|p1|
|l|☆tyrnix
|player|p2|
