|j|☆MADMANWHO
|j|☆oficial matute
|t:|1758377753
|gametype|singles
|player|p1|MADMANWHO|hiker|1188
|player|p2|oficial matute|policeman-gen4|1213
|gen|9
|tier|[Gen 9] OU
|rated|
|rule|HP Percentage Mod: HP is shown in percentages
|rule|Endless Battle Clause: Forcing endless battles is banned
|rule|Species Clause: Limit one of each Pokémon
|rule|OHKO Clause: OHKO moves are banned
|rule|Evasion Items Clause: Evasion items are banned
|rule|Evasion Moves Clause: Evasion moves are banned
|rule|Evasion Abilities Clause: Evasion abilities are banned
|rule|Sleep Moves Clause: Sleep-inducing moves are banned
|clearpoke
|poke|p1|Tyranitar, M|
|poke|p1|Rillaboom, F|
|poke|p1|Corviknight, F|
|poke|p1|Garchomp, F|
|poke|p1|Iron Valiant|
|poke|p1|Milotic, F|
|poke|p2|Noivern, F|
|poke|p2|Tropius, F|
|poke|p2|Garchomp, M|
|poke|p2|Hydrapple, M|
|poke|p2|Torterra, F|
|poke|p2|Landorus-Therian, M|
|teampreview
|inactive|Battle timer is ON: inactive players will automatically lose when time's up. (requested by MADMANWHO)
|
|t:|1758377775
|teamsize|p1|6
|teamsize|p2|6
|start
|switch|p1a: Milotic|Milotic, F|100/100
|switch|p2a: 👁👅👁|Noivern, F|100/100
|-item|p1a: Milotic|Leftovers|[from] ability: Frisk|[of] p2a: 👁👅👁
|turn|1
|
|t:|1758377785
|move|p2a: 👁👅👁|Switcheroo|p1a: Milotic
|-activate|p2a: 👁👅👁|move: Trick|[of] p1a: Milotic
|-item|p1a: Milotic|Choice Scarf|[from] move: Switcheroo
|-item|p2a: 👁👅👁|Leftovers|[from] move: Switcheroo
|move|p1a: Milotic|Scald|p2a: 👁👅👁
|-resisted|p2a: 👁👅👁
|-damage|p2a: 👁👅👁|82/100
|
|-heal|p2a: 👁👅👁|88/100|[from] item: Leftovers
|upkeep
|turn|2
|
|t:|1758377794
|move|p2a: 👁👅👁|Air Slash|p1a: Milotic
|-damage|p1a: Milotic|78/100
|cant|p1a: Milotic|flinch
|
|-heal|p2a: 👁👅👁|94/100|[from] item: Leftovers
|upkeep
|turn|3
|
|t:|1758377802
|move|p2a: 👁👅👁|Air Slash|p1a: Milotic
|-damage|p1a: Milotic|54/100
|move|p1a: Milotic|Scald|p2a: 👁👅👁
|-resisted|p2a: 👁👅👁
|-damage|p2a: 👁👅👁|76/100
|
|-heal|p2a: 👁👅👁|82/100|[from] item: Leftovers
|upkeep
|turn|4
|
|t:|1758377810
|move|p2a: 👁👅👁|Air Slash|p1a: Milotic
|-damage|p1a: Milotic|31/100
|move|p1a: Milotic|Scald|p2a: 👁👅👁
|-resisted|p2a: 👁👅👁
|-damage|p2a: 👁👅👁|63/100
|
|-heal|p2a: 👁👅👁|69/100|[from] item: Leftovers
|upkeep
|turn|5
|
|t:|1758377820
|switch|p1a: Tyranitar|Tyranitar, M|100/100
|-weather|Sandstorm|[from] ability: Sand Stream|[of] p1a: Tyranitar
|move|p2a: 👁👅👁|Air Slash|p1a: Tyranitar
|-resisted|p1a: Tyranitar
|-damage|p1a: Tyranitar|89/100
|
|-weather|Sandstorm|[upkeep]
|-damage|p2a: 👁👅👁|63/100|[from] Sandstorm
|-heal|p2a: 👁👅👁|69/100|[from] item: Leftovers
|upkeep
|turn|6
|
|t:|1758377839
|switch|p2a: 👁👃👁|Landorus-Therian, M|100/100
|-ability|p2a: 👁👃👁|Intimidate|boost
|-unboost|p1a: Tyranitar|atk|1
|move|p1a: Tyranitar|Knock Off|p2a: 👁👃👁
|-damage|p2a: 👁👃👁|61/100
|-damage|p1a: Tyranitar|73/100|[from] item: Rocky Helmet|[of] p2a: 👁👃👁
|-enditem|p2a: 👁👃👁|Rocky Helmet|[from] move: Knock Off|[of] p1a: Tyranitar
|
|-weather|Sandstorm|[upkeep]
|upkeep
|turn|7
|
|t:|1758377850
|switch|p1a: Milotic|Milotic, F|31/100
|move|p2a: 👁👃👁|Stealth Rock|p1a: Milotic
|-sidestart|p1: MADMANWHO|move: Stealth Rock
|
|-weather|Sandstorm|[upkeep]
|-damage|p1a: Milotic|25/100|[from] Sandstorm
|upkeep
|turn|8
|
|t:|1758377858
|switch|p2a: 👁🐽👁|Tropius, F, shiny|100/100
|move|p1a: Milotic|Recover|p1a: Milotic
|-heal|p1a: Milotic|75/100
|
|-weather|Sandstorm|[upkeep]
|-damage|p1a: Milotic|69/100|[from] Sandstorm
|-damage|p2a: 👁🐽👁|94/100|[from] Sandstorm
|upkeep
|turn|9
|
|t:|1758377867
|switch|p1a: Corviknight|Corviknight, F|100/100
|-damage|p1a: Corviknight|88/100|[from] Stealth Rock
|-ability|p1a: Corviknight|Pressure
|-terastallize|p2a: 👁🐽👁|Ghost
|move|p2a: 👁🐽👁|Curse|p1a: Corviknight
|-start|p1a: Corviknight|Curse|[of] p2a: 👁🐽👁
|-damage|p2a: 👁🐽👁|44/100
|-enditem|p2a: 👁🐽👁|Sitrus Berry|[eat]
|-heal|p2a: 👁🐽👁|69/100|[from] item: Sitrus Berry
|
|-weather|none
|-damage|p1a: Corviknight|63/100|[from] Curse
|upkeep
|turn|10
|
|t:|1758377882
|switch|p1a: Milotic|Milotic, F|69/100
|-damage|p1a: Milotic|57/100|[from] Stealth Rock
|move|p2a: 👁🐽👁|Substitute|p2a: 👁🐽👁
|-start|p2a: 👁🐽👁|Substitute
|-damage|p2a: 👁🐽👁|44/100
|
|-item|p2a: 👁🐽👁|Sitrus Berry|[from] ability: Harvest
|upkeep
|-enditem|p2a: 👁🐽👁|Sitrus Berry|[eat]
|-heal|p2a: 👁🐽👁|69/100|[from] item: Sitrus Berry
|turn|11
|
|t:|1758377906
|move|p1a: Milotic|Recover|p1a: Milotic
|-heal|p1a: Milotic|100/100
|move|p2a: 👁🐽👁|Leech Seed|p1a: Milotic
|-start|p1a: Milotic|move: Leech Seed
|
|-damage|p1a: Milotic|88/100|[from] Leech Seed|[of] p2a: 👁🐽👁
|-heal|p2a: 👁🐽👁|81/100|[silent]
|upkeep
|turn|12
|inactive|oficial matute has 120 seconds left.
|
|t:|1758377922
|switch|p1a: Corviknight|Corviknight, F|63/100
|-damage|p1a: Corviknight|51/100|[from] Stealth Rock
|-ability|p1a: Corviknight|Pressure
|move|p2a: 👁🐽👁|Curse|p1a: Corviknight
|-start|p1a: Corviknight|Curse|[of] p2a: 👁🐽👁
|-damage|p2a: 👁🐽👁|31/100
|
|-damage|p1a: Corviknight|26/100|[from] Curse
|-item|p2a: 👁🐽👁|Sitrus Berry|[from] ability: Harvest
|upkeep
|-enditem|p2a: 👁🐽👁|Sitrus Berry|[eat]
|-heal|p2a: 👁🐽👁|56/100|[from] item: Sitrus Berry
|turn|13
|inactive|oficial matute has 120 seconds left.
|
|t:|1758377937
|move|p1a: Corviknight|Roost|p1a: Corviknight
|-heal|p1a: Corviknight|76/100
|-singleturn|p1a: Corviknight|move: Roost
|move|p2a: 👁🐽👁|Leech Seed|p1a: Corviknight
|-start|p1a: Corviknight|move: Leech Seed
|
|-damage|p1a: Corviknight|64/100|[from] Leech Seed|[of] p2a: 👁🐽👁
|-heal|p2a: 👁🐽👁|68/100|[silent]
|-damage|p1a: Corviknight|39/100|[from] Curse
|upkeep
|turn|14
|inactive|oficial matute has 120 seconds left.
|
|t:|1758377948
|move|p1a: Corviknight|Roost|p1a: Corviknight
|-heal|p1a: Corviknight|89/100
|-singleturn|p1a: Corviknight|move: Roost
|move|p2a: 👁🐽👁|Curse||[still]
|-fail|p2a: 👁🐽👁
|
|-damage|p1a: Corviknight|77/100|[from] Leech Seed|[of] p2a: 👁🐽👁
|-heal|p2a: 👁🐽👁|81/100|[silent]
|-damage|p1a: Corviknight|52/100|[from] Curse
|-item|p2a: 👁🐽👁|Sitrus Berry|[from] ability: Harvest
|upkeep
|turn|15
|inactive|oficial matute has 120 seconds left.
|
|t:|1758377968
|move|p1a: Corviknight|Defog|p2a: 👁🐽👁
|-sideend|p1: MADMANWHO|Stealth Rock|[from] move: Defog|[of] p1a: Corviknight
|move|p2a: 👁🐽👁|Curse||[still]
|-fail|p2a: 👁🐽👁
|
|-damage|p1a: Corviknight|40/100|[from] Leech Seed|[of] p2a: 👁🐽👁
|-heal|p2a: 👁🐽👁|93/100|[silent]
|-damage|p1a: Corviknight|15/100|[from] Curse
|upkeep
|turn|16
|
|t:|1758377977
|move|p1a: Corviknight|Roost|p1a: Corviknight
|-heal|p1a: Corviknight|65/100
|-singleturn|p1a: Corviknight|move: Roost
|move|p2a: 👁🐽👁|Curse||[still]
|-fail|p2a: 👁🐽👁
|
|-damage|p1a: Corviknight|53/100|[from] Leech Seed|[of] p2a: 👁🐽👁
|-heal|p2a: 👁🐽👁|100/100|[silent]
|-damage|p1a: Corviknight|28/100|[from] Curse
|upkeep
|turn|17
|inactive|oficial matute has 120 seconds left.
|
|t:|1758377987
|move|p1a: Corviknight|Roost|p1a: Corviknight
|-heal|p1a: Corviknight|78/100
|-singleturn|p1a: Corviknight|move: Roost
|move|p2a: 👁🐽👁|Curse||[still]
|-fail|p2a: 👁🐽👁
|
|-damage|p1a: Corviknight|66/100|[from] Leech Seed|[of] p2a: 👁🐽👁
|-damage|p1a: Corviknight|41/100|[from] Curse
|upkeep
|turn|18
|inactive|oficial matute has 120 seconds left.
|
|t:|1758377998
|move|p1a: Corviknight|U-turn|p2a: 👁🐽👁
|-resisted|p2a: 👁🐽👁
|-activate|p2a: 👁🐽👁|move: Substitute|[damage]
|
|t:|1758378002
|switch|p1a: Rillaboom|Rillaboom, F|100/100|[from] U-turn
|-fieldstart|move: Grassy Terrain|[from] ability: Grassy Surge|[of] p1a: Rillaboom
|move|p2a: 👁🐽👁|Curse|p1a: Rillaboom
|-start|p1a: Rillaboom|Curse|[of] p2a: 👁🐽👁
|-damage|p2a: 👁🐽👁|50/100
|-enditem|p2a: 👁🐽👁|Sitrus Berry|[eat]
|-heal|p2a: 👁🐽👁|75/100|[from] item: Sitrus Berry
|
|-heal|p2a: 👁🐽👁|82/100|[from] Grassy Terrain
|-damage|p1a: Rillaboom|76/100|[from] Curse
|-item|p2a: 👁🐽👁|Sitrus Berry|[from] ability: Harvest
|upkeep
|turn|19
|inactive|oficial matute has 120 seconds left.
|
|t:|1758378018
|move|p2a: 👁🐽👁|Protect|p2a: 👁🐽👁
|-singleturn|p2a: 👁🐽👁|Protect
|move|p1a: Rillaboom|Knock Off|p2a: 👁🐽👁
|-activate|p2a: 👁🐽👁|move: Protect
|
|-heal|p1a: Rillaboom|82/100|[from] Grassy Terrain
|-heal|p2a: 👁🐽👁|88/100|[from] Grassy Terrain
|-damage|p1a: Rillaboom|57/100|[from] Curse
|upkeep
|turn|20
|inactive|oficial matute has 120 seconds left.
|
|t:|1758378027
|switch|p2a: 👁👃👁|Landorus-Therian, M|61/100
|-ability|p2a: 👁👃👁|Intimidate|boost
|-unboost|p1a: Rillaboom|atk|1
|move|p1a: Rillaboom|U-turn|p2a: 👁👃👁
|-resisted|p2a: 👁👃👁
|-damage|p2a: 👁👃👁|54/100
|-damage|p1a: Rillaboom|47/100|[from] item: Life Orb
|
|t:|1758378036
|switch|p1a: Milotic|Milotic, F|88/100|[from] U-turn
|
|-heal|p1a: Milotic|94/100|[from] Grassy Terrain
|upkeep
|turn|21
|
|t:|1758378043
|switch|p2a: 👁🐽👁|Tropius, F, shiny, tera:Ghost|88/100
|move|p1a: Milotic|Scald|p2a: 👁🐽👁
|-damage|p2a: 👁🐽👁|70/100
|-status|p2a: 👁🐽👁|brn
|
|-heal|p1a: Milotic|99/100|[from] Grassy Terrain
|-heal|p2a: 👁🐽👁|77/100 brn|[from] Grassy Terrain
|-damage|p2a: 👁🐽👁|70/100 brn|[from] brn
|upkeep
|turn|22
|
|t:|1758378054
|move|p1a: Milotic|Scald|p2a: 👁🐽👁
|-damage|p2a: 👁🐽👁|52/100 brn
|move|p2a: 👁🐽👁|Leech Seed|p1a: Milotic
|-start|p1a: Milotic|move: Leech Seed
|
|-heal|p1a: Milotic|100/100|[from] Grassy Terrain
|-heal|p2a: 👁🐽👁|58/100 brn|[from] Grassy Terrain
|-damage|p1a: Milotic|88/100|[from] Leech Seed|[of] p2a: 👁🐽👁
|-heal|p2a: 👁🐽👁|70/100 brn|[silent]
|-damage|p2a: 👁🐽👁|64/100 brn|[from] brn
|-fieldend|move: Grassy Terrain
|upkeep
|turn|23
|
|t:|1758378067
|switch|p1a: Rillaboom|Rillaboom, F|47/100
|-fieldstart|move: Grassy Terrain|[from] ability: Grassy Surge|[of] p1a: Rillaboom
|move|p2a: 👁🐽👁|Curse|p1a: Rillaboom
|-start|p1a: Rillaboom|Curse|[of] p2a: 👁🐽👁
|-damage|p2a: 👁🐽👁|14/100 brn
|-enditem|p2a: 👁🐽👁|Sitrus Berry|[eat]
|-heal|p2a: 👁🐽👁|39/100 brn|[from] item: Sitrus Berry
|
|-heal|p1a: Rillaboom|53/100|[from] Grassy Terrain
|-heal|p2a: 👁🐽👁|45/100 brn|[from] Grassy Terrain
|-damage|p2a: 👁🐽👁|39/100 brn|[from] brn
|-damage|p1a: Rillaboom|28/100|[from] Curse
|-item|p2a: 👁🐽👁|Sitrus Berry|[from] ability: Harvest
|upkeep
|-enditem|p2a: 👁🐽👁|Sitrus Berry|[eat]
|-heal|p2a: 👁🐽👁|64/100 brn|[from] item: Sitrus Berry
|turn|24
|
|t:|1758378085
|switch|p2a: 👁👃👁|Landorus-Therian, M|54/100
|-ability|p2a: 👁👃👁|Intimidate|boost
|-unboost|p1a: Rillaboom|atk|1
|move|p1a: Rillaboom|Knock Off|p2a: 👁👃👁
|-damage|p2a: 👁👃👁|41/100
|-damage|p1a: Rillaboom|18/100|[from] item: Life Orb
|
|-heal|p1a: Rillaboom|24/100|[from] Grassy Terrain
|-damage|p1a: Rillaboom|0 fnt|[from] Curse
|faint|p1a: Rillaboom
|upkeep
|-message|MADMANWHO forfeited.
|
|win|oficial matute
|raw|MADMANWHO's rating: 1188 &rarr; <strong>1165</strong><br />(-23 for losing)
|raw|oficial matute's rating: 1213 &rarr; <strong>1236</strong><br />(+23 for winning)
|l|☆MADMANWHO
|player|p1|
|l|☆oficial matute
|player|p2|
