|j|☆chedeqing
|j|☆ubgg
|t:|1758340894
|gametype|singles
|player|p1|chedeqing|firebreather|1473
|player|p2|ubgg|265|1393
|gen|9
|tier|[Gen 9] OU
|rated|
|rule|HP Percentage Mod: HP is shown in percentages
|rule|Endless Battle Clause: Forcing endless battles is banned
|rule|Species Clause: Limit one of each Pokémon
|rule|OHKO Clause: OHKO moves are banned
|rule|Evasion Items Clause: Evasion items are banned
|rule|Evasion Moves Clause: Evasion moves are banned
|rule|Evasion Abilities Clause: Evasion abilities are banned
|rule|Sleep Moves Clause: Sleep-inducing moves are banned
|clearpoke
|poke|p1|Braviary-Hisui, M|
|poke|p1|Garchomp, F|
|poke|p1|Skeledirge, F|
|poke|p1|Iron Treads|
|poke|p1|Kingambit, M|
|poke|p1|Volcanion|
|poke|p2|Kyurem|
|poke|p2|Slowking-Galar, F|
|poke|p2|Great Tusk|
|poke|p2|Dragonite, M|
|poke|p2|Moltres|
|poke|p2|Ogerpon-Wellspring, F|
|teampreview
|inactive|Battle timer is ON: inactive players will automatically lose when time's up. (requested by chedeqing)
|
|t:|1758340908
|teamsize|p1|6
|teamsize|p2|6
|start
|switch|p1a: 鹰击长空|Braviary-Hisui, M|100/100
|switch|p2a: Great Tusk|Great Tusk|100/100
|turn|1
|
|t:|1758340917
|-terastallize|p2a: Great Tusk|Dark
|move|p2a: Great Tusk|Knock Off|p1a: 鹰击长空
|-supereffective|p1a: 鹰击长空
|-damage|p1a: 鹰击长空|5/100
|-enditem|p1a: 鹰击长空|Life Orb|[from] move: Knock Off|[of] p2a: Great Tusk
|move|p1a: 鹰击长空|Psychic|p2a: Great Tusk
|-immune|p2a: Great Tusk
|
|upkeep
|turn|2
|
|t:|1758340940
|move|p2a: Great Tusk|Stealth Rock|p1a: 鹰击长空
|-sidestart|p1: chedeqing|move: Stealth Rock
|move|p1a: 鹰击长空|Hurricane|p2a: Great Tusk
|-damage|p2a: Great Tusk|44/100
|
|-heal|p2a: Great Tusk|51/100|[from] item: Leftovers
|upkeep
|turn|3
|
|t:|1758340949
|move|p2a: Great Tusk|Rapid Spin|p1a: 鹰击长空
|-damage|p1a: 鹰击长空|0 fnt
|-boost|p2a: Great Tusk|spe|1
|faint|p1a: 鹰击长空
|
|-heal|p2a: Great Tusk|57/100|[from] item: Leftovers
|upkeep
|
|t:|1758340964
|switch|p1a: 雄关漫道真如铁|Iron Treads|100/100
|-damage|p1a: 雄关漫道真如铁|97/100|[from] Stealth Rock
|-item|p1a: 雄关漫道真如铁|Air Balloon
|turn|4
|
|t:|1758340970
|-end|p2a: Great Tusk|Protosynthesis|[silent]
|switch|p2a: Moltres|Moltres|100/100
|move|p1a: 雄关漫道真如铁|Rapid Spin|p2a: Moltres
|-damage|p2a: Moltres|90/100
|-boost|p1a: 雄关漫道真如铁|spe|1
|-status|p1a: 雄关漫道真如铁|brn|[from] ability: Flame Body|[of] p2a: Moltres
|-sideend|p1: chedeqing|Stealth Rock|[from] move: Rapid Spin|[of] p1a: 雄关漫道真如铁
|
|-damage|p1a: 雄关漫道真如铁|91/100 brn|[from] brn
|upkeep
|turn|5
|
|t:|1758340980
|-end|p1a: 雄关漫道真如铁|Quark Drive|[silent]
|switch|p1a: 水中火|Volcanion|100/100
|switch|p2a: Great Tusk|Great Tusk, tera:Dark|57/100
|
|-heal|p2a: Great Tusk|63/100|[from] item: Leftovers
|upkeep
|turn|6
|
|t:|1758340989
|-end|p2a: Great Tusk|Protosynthesis|[silent]
|switch|p2a: Slowking|Slowking-Galar, F|100/100
|move|p1a: 水中火|Steam Eruption|p2a: Slowking
|-damage|p2a: Slowking|69/100
|
|upkeep
|turn|7
|
|t:|1758340998
|switch|p1a: 龙舞天|Garchomp, F|100/100
|-prepare|p2a: Slowking|Chilly Reception|[premajor]
|move|p2a: Slowking|Chilly Reception|p2a: Slowking
|-weather|Snowscape
|
|t:|1758341010
|switch|p2a: Dragonite|Dragonite, M|100/100|[from] Chilly Reception
|
|-weather|Snowscape|[upkeep]
|upkeep
|turn|8
|
|t:|1758341020
|move|p1a: 龙舞天|Scale Shot|p2a: Dragonite
|-supereffective|p2a: Dragonite
|-damage|p2a: Dragonite|87/100
|-supereffective|p2a: Dragonite
|-damage|p2a: Dragonite|56/100
|-supereffective|p2a: Dragonite
|-damage|p2a: Dragonite|27/100
|-supereffective|p2a: Dragonite
|-damage|p2a: Dragonite|0 fnt
|faint|p2a: Dragonite
|-hitcount|p2: Dragonite|4
|-unboost|p1a: 龙舞天|def|1
|-boost|p1a: 龙舞天|spe|1
|
|-weather|Snowscape|[upkeep]
|upkeep
|
|t:|1758341035
|switch|p2a: Great Tusk|Great Tusk, tera:Dark|63/100
|turn|9
|
|t:|1758341049
|switch|p1a: 雄关漫道真如铁|Iron Treads|91/100 brn
|-item|p1a: 雄关漫道真如铁|Air Balloon
|move|p2a: Great Tusk|Earthquake|p1a: 雄关漫道真如铁
|-immune|p1a: 雄关漫道真如铁
|
|-weather|Snowscape|[upkeep]
|-heal|p2a: Great Tusk|69/100|[from] item: Leftovers
|-damage|p1a: 雄关漫道真如铁|85/100 brn|[from] brn
|upkeep
|turn|10
|
|t:|1758341070
|move|p1a: 雄关漫道真如铁|Stealth Rock|p2a: Great Tusk
|-sidestart|p2: ubgg|move: Stealth Rock
|move|p2a: Great Tusk|Knock Off|p1a: 雄关漫道真如铁
|-damage|p1a: 雄关漫道真如铁|44/100 brn
|-enditem|p1a: 雄关漫道真如铁|Air Balloon
|
|-weather|Snowscape|[upkeep]
|-heal|p2a: Great Tusk|76/100|[from] item: Leftovers
|-damage|p1a: 雄关漫道真如铁|38/100 brn|[from] brn
|upkeep
|turn|11
|
|t:|1758341081
|-end|p1a: 雄关漫道真如铁|Quark Drive|[silent]
|switch|p1a: 火光万丈|Skeledirge, F|100/100
|move|p2a: Great Tusk|Knock Off|p1a: 火光万丈
|-supereffective|p1a: 火光万丈
|-damage|p1a: 火光万丈|52/100
|-enditem|p1a: 火光万丈|Heavy-Duty Boots|[from] move: Knock Off|[of] p2a: Great Tusk
|
|-weather|none
|-heal|p2a: Great Tusk|82/100|[from] item: Leftovers
|upkeep
|turn|12
|
|t:|1758341090
|move|p2a: Great Tusk|Earthquake|p1a: 火光万丈
|-supereffective|p1a: 火光万丈
|-damage|p1a: 火光万丈|0 fnt
|faint|p1a: 火光万丈
|
|-heal|p2a: Great Tusk|88/100|[from] item: Leftovers
|upkeep
|
|t:|1758341102
|switch|p1a: 龙舞天|Garchomp, F|100/100
|turn|13
|
|t:|1758341106
|move|p1a: 龙舞天|Swords Dance|p1a: 龙舞天
|-boost|p1a: 龙舞天|atk|2
|move|p2a: Great Tusk|Rapid Spin|p1a: 龙舞天
|-damage|p1a: 龙舞天|85/100
|-boost|p2a: Great Tusk|spe|1
|-damage|p2a: Great Tusk|76/100|[from] ability: Rough Skin|[of] p1a: 龙舞天
|-sideend|p2: ubgg|Stealth Rock|[from] move: Rapid Spin|[of] p2a: Great Tusk
|
|-heal|p2a: Great Tusk|82/100|[from] item: Leftovers
|upkeep
|turn|14
|
|t:|1758341118
|move|p1a: 龙舞天|Scale Shot|p2a: Great Tusk
|-damage|p2a: Great Tusk|67/100
|-damage|p2a: Great Tusk|49/100
|-damage|p2a: Great Tusk|34/100
|-damage|p2a: Great Tusk|18/100
|-hitcount|p2a: Great Tusk|4
|-unboost|p1a: 龙舞天|def|1
|-boost|p1a: 龙舞天|spe|1
|move|p2a: Great Tusk|Earthquake|p1a: 龙舞天
|-damage|p1a: 龙舞天|20/100
|
|-heal|p2a: Great Tusk|24/100|[from] item: Leftovers
|upkeep
|turn|15
|
|t:|1758341131
|move|p1a: 龙舞天|Earthquake|p2a: Great Tusk
|-damage|p2a: Great Tusk|0 fnt
|faint|p2a: Great Tusk
|-end|p2a: Great Tusk|Protosynthesis|[silent]
|
|upkeep
|
|t:|1758341141
|switch|p2a: Moltres|Moltres|90/100
|turn|16
|
|t:|1758341148
|-terastallize|p1a: 龙舞天|Fire
|move|p1a: 龙舞天|Swords Dance|p1a: 龙舞天
|-boost|p1a: 龙舞天|atk|2
|move|p2a: Moltres|Roar|p1a: 龙舞天
|drag|p1a: 雄关漫道真如铁|Iron Treads|38/100 brn
|
|-damage|p1a: 雄关漫道真如铁|31/100 brn|[from] brn
|upkeep
|turn|17
|
|t:|1758341163
|move|p1a: 雄关漫道真如铁|Stealth Rock|p2a: Moltres
|-sidestart|p2: ubgg|move: Stealth Rock
|move|p2a: Moltres|Flamethrower|p1a: 雄关漫道真如铁
|-supereffective|p1a: 雄关漫道真如铁
|-damage|p1a: 雄关漫道真如铁|0 fnt
|faint|p1a: 雄关漫道真如铁
|-end|p1a: 雄关漫道真如铁|Quark Drive|[silent]
|
|upkeep
|
|t:|1758341170
|switch|p1a: 水中火|Volcanion|100/100
|turn|18
|
|t:|1758341179
|switch|p2a: Ogerpon|Ogerpon-Wellspring, F|100/100
|-damage|p2a: Ogerpon|88/100|[from] Stealth Rock
|move|p1a: 水中火|Sludge Wave|p2a: Ogerpon
|-supereffective|p2a: Ogerpon
|-damage|p2a: Ogerpon|25/100
|
|upkeep
|turn|19
|
|t:|1758341190
|switch|p1a: 一夫当关，万夫莫开|Kingambit, M, shiny|100/100
|-activate|p1a: 一夫当关，万夫莫开|ability: Supreme Overlord
|-start|p1a: 一夫当关，万夫莫开|fallen3|[silent]
|switch|p2a: Slowking|Slowking-Galar, F|100/100
|
|upkeep
|turn|20
|inactive|chedeqing has 120 seconds left.
|
|t:|1758341224
|switch|p2a: Moltres|Moltres|90/100
|move|p1a: 一夫当关，万夫莫开|Kowtow Cleave|p2a: Moltres
|-damage|p2a: Moltres|46/100
|
|upkeep
|turn|21
|
|t:|1758341232
|-end|p1a: 一夫当关，万夫莫开|fallen3|[silent]
|switch|p1a: 水中火|Volcanion|100/100
|move|p2a: Moltres|Roost|p2a: Moltres
|-heal|p2a: Moltres|96/100
|-singleturn|p2a: Moltres|move: Roost
|
|upkeep
|turn|22
|
|t:|1758341246
|switch|p1a: 一夫当关，万夫莫开|Kingambit, M, shiny|100/100
|-activate|p1a: 一夫当关，万夫莫开|ability: Supreme Overlord
|-start|p1a: 一夫当关，万夫莫开|fallen3|[silent]
|switch|p2a: Ogerpon|Ogerpon-Wellspring, F|25/100
|-damage|p2a: Ogerpon|13/100|[from] Stealth Rock
|
|upkeep
|turn|23
|
|t:|1758341254
|move|p1a: 一夫当关，万夫莫开|Sucker Punch||[still]
|-fail|p1a: 一夫当关，万夫莫开
|move|p2a: Ogerpon|Encore|p1a: 一夫当关，万夫莫开
|-start|p1a: 一夫当关，万夫莫开|Encore
|
|upkeep
|turn|24
|
|t:|1758341259
|move|p1a: 一夫当关，万夫莫开|Sucker Punch||[still]
|-fail|p1a: 一夫当关，万夫莫开
|move|p2a: Ogerpon|Swords Dance|p2a: Ogerpon
|-boost|p2a: Ogerpon|atk|2
|
|upkeep
|turn|25
|
|t:|1758341265
|-end|p1a: 一夫当关，万夫莫开|fallen3|[silent]
|switch|p1a: 水中火|Volcanion|100/100
|move|p2a: Ogerpon|Swords Dance|p2a: Ogerpon
|-boost|p2a: Ogerpon|atk|2
|
|upkeep
|turn|26
|
|t:|1758341272
|switch|p2a: Slowking|Slowking-Galar, F|100/100
|move|p1a: 水中火|Earth Power|p2a: Slowking
|-supereffective|p2a: Slowking
|-damage|p2a: Slowking|66/100
|
|upkeep
|turn|27
|
|t:|1758341280
|switch|p1a: 一夫当关，万夫莫开|Kingambit, M, shiny|100/100
|-activate|p1a: 一夫当关，万夫莫开|ability: Supreme Overlord
|-start|p1a: 一夫当关，万夫莫开|fallen3|[silent]
|switch|p2a: Moltres|Moltres|96/100
|
|upkeep
|turn|28
|
|t:|1758341287
|-end|p1a: 一夫当关，万夫莫开|fallen3|[silent]
|switch|p1a: 水中火|Volcanion|100/100
|move|p2a: Moltres|U-turn|p1a: 水中火
|-resisted|p1a: 水中火
|-damage|p1a: 水中火|93/100
|
|t:|1758341295
|switch|p2a: Slowking|Slowking-Galar, F|99/100|[from] U-turn
|
|upkeep
|turn|29
|
|t:|1758341306
|move|p1a: 水中火|Earth Power|p2a: Slowking
|-supereffective|p2a: Slowking
|-damage|p2a: Slowking|65/100
|-unboost|p2a: Slowking|spd|1
|-prepare|p2a: Slowking|Chilly Reception|[premajor]
|move|p2a: Slowking|Chilly Reception|p2a: Slowking
|-weather|Snowscape
|
|t:|1758341309
|switch|p2a: Moltres|Moltres|96/100|[from] Chilly Reception
|
|-weather|Snowscape|[upkeep]
|upkeep
|turn|30
|
|t:|1758341318
|switch|p1a: 龙舞天|Garchomp, F, tera:Fire|20/100
|move|p2a: Moltres|Flamethrower|p1a: 龙舞天
|-resisted|p1a: 龙舞天
|-crit|p1a: 龙舞天
|-damage|p1a: 龙舞天|0 fnt
|faint|p1a: 龙舞天
|
|-weather|Snowscape|[upkeep]
|upkeep
|
|t:|1758341326
|switch|p1a: 水中火|Volcanion|93/100
|turn|31
|
|t:|1758341331
|switch|p1a: 一夫当关，万夫莫开|Kingambit, M, shiny|100/100
|-activate|p1a: 一夫当关，万夫莫开|ability: Supreme Overlord
|-start|p1a: 一夫当关，万夫莫开|fallen4|[silent]
|switch|p2a: Ogerpon|Ogerpon-Wellspring, F|13/100
|-damage|p2a: Ogerpon|0 fnt|[from] Stealth Rock
|faint|p2a: Ogerpon
|
|-weather|Snowscape|[upkeep]
|upkeep
|
|t:|1758341336
|switch|p2a: Moltres|Moltres|96/100
|turn|32
|
|t:|1758341343
|move|p2a: Moltres|Flamethrower|p1a: 一夫当关，万夫莫开
|-supereffective|p1a: 一夫当关，万夫莫开
|-damage|p1a: 一夫当关，万夫莫开|20/100
|move|p1a: 一夫当关，万夫莫开|Swords Dance|p1a: 一夫当关，万夫莫开
|-boost|p1a: 一夫当关，万夫莫开|atk|2
|
|-weather|Snowscape|[upkeep]
|-heal|p1a: 一夫当关，万夫莫开|26/100|[from] item: Leftovers
|upkeep
|turn|33
|
|t:|1758341351
|move|p1a: 一夫当关，万夫莫开|Sucker Punch|p2a: Moltres
|-crit|p2a: Moltres
|-damage|p2a: Moltres|0 fnt
|faint|p2a: Moltres
|
|-weather|none
|-heal|p1a: 一夫当关，万夫莫开|32/100|[from] item: Leftovers
|upkeep
|
|t:|1758341355
|switch|p2a: Kyurem|Kyurem|100/100
|-damage|p2a: Kyurem|76/100|[from] Stealth Rock
|-ability|p2a: Kyurem|Pressure
|turn|34
|
|t:|1758341363
|move|p2a: Kyurem|Earth Power|p1a: 一夫当关，万夫莫开
|-supereffective|p1a: 一夫当关，万夫莫开
|-damage|p1a: 一夫当关，万夫莫开|0 fnt
|faint|p1a: 一夫当关，万夫莫开
|-end|p1a: 一夫当关，万夫莫开|fallen4|[silent]
|
|upkeep
|
|t:|1758341368
|switch|p1a: 水中火|Volcanion|93/100
|turn|35
|
|t:|1758341375
|move|p1a: 水中火|Flamethrower|p2a: Kyurem
|-damage|p2a: Kyurem|32/100
|-status|p2a: Kyurem|brn
|move|p2a: Kyurem|Earth Power|p1a: 水中火
|-supereffective|p1a: 水中火
|-damage|p1a: 水中火|0 fnt
|faint|p1a: 水中火
|
|win|ubgg
|raw|chedeqing's rating: 1473 &rarr; <strong>1448</strong><br />(-25 for losing)
|raw|ubgg's rating: 1393 &rarr; <strong>1418</strong><br />(+25 for winning)
|c|☆ubgg|gg
|l|☆chedeqing
|player|p1|
|l|☆ubgg
|player|p2|
