|j|☆heavenly3x
|j|☆CaughtIn4KUltraHD
|t:|1758304360
|gametype|singles
|player|p1|heavenly3x|giovanni|1045
|player|p2|CaughtIn4KUltraHD|cameraman|1057
|gen|9
|tier|[Gen 9] OU
|rated|
|rule|HP Percentage Mod: HP is shown in percentages
|rule|Endless Battle Clause: Forcing endless battles is banned
|rule|Species Clause: Limit one of each Pokémon
|rule|OHKO Clause: OHKO moves are banned
|rule|Evasion Items Clause: Evasion items are banned
|rule|Evasion Moves Clause: Evasion moves are banned
|rule|Evasion Abilities Clause: Evasion abilities are banned
|rule|Sleep Moves Clause: Sleep-inducing moves are banned
|clearpoke
|poke|p1|Zamazenta-*|
|poke|p1|Ninetales-Alola, M|
|poke|p1|Darkrai|
|poke|p1|Ceruledge, F|
|poke|p1|Gliscor, M|
|poke|p1|Hatterene, F|
|poke|p2|Mandibuzz, F|
|poke|p2|Dragapult, M|
|poke|p2|Moltres|
|poke|p2|Great Tusk|
|poke|p2|Basculin-White-Striped, F|
|poke|p2|Iron Crown|
|teampreview
|inactive|Battle timer is ON: inactive players will automatically lose when time's up. (requested by CaughtIn4KUltraHD)
|
|t:|1758304377
|teamsize|p1|6
|teamsize|p2|6
|start
|switch|p1a: Ninetales|Ninetales-Alola, M, shiny|100/100
|switch|p2a: Imminent Collapse|Iron Crown|100/100
|-weather|Snowscape|[from] ability: Snow Warning|[of] p1a: Ninetales
|turn|1
|
|t:|1758304390
|switch|p1a: Ceruledge|Ceruledge, F|100/100
|move|p2a: Imminent Collapse|Tachyon Cutter|p1a: Ceruledge
|-resisted|p1a: Ceruledge
|-damage|p1a: Ceruledge|91/100
|-resisted|p1a: Ceruledge
|-damage|p1a: Ceruledge|82/100
|-hitcount|p1a: Ceruledge|2
|
|-weather|Snowscape|[upkeep]
|upkeep
|turn|2
|
|t:|1758304398
|move|p2a: Imminent Collapse|Volt Switch|p1a: Ceruledge
|-damage|p1a: Ceruledge|64/100
|
|t:|1758304402
|-end|p2a: Imminent Collapse|Quark Drive|[silent]
|switch|p2a: Viva|Moltres|100/100|[from] Volt Switch
|move|p1a: Ceruledge|Bulk Up|p1a: Ceruledge
|-boost|p1a: Ceruledge|atk|1
|-boost|p1a: Ceruledge|def|1
|
|-weather|Snowscape|[upkeep]
|upkeep
|turn|3
|
|t:|1758304411
|switch|p1a: Hatterene|Hatterene, F, shiny|100/100
|move|p2a: Viva|U-turn|p1a: Hatterene
|-damage|p1a: Hatterene|88/100
|
|t:|1758304418
|switch|p2a: Imminent Collapse|Iron Crown|100/100|[from] U-turn
|
|-weather|Snowscape|[upkeep]
|-heal|p1a: Hatterene|94/100|[from] item: Leftovers
|upkeep
|turn|4
|
|t:|1758304427
|move|p2a: Imminent Collapse|Tachyon Cutter|p1a: Hatterene
|-supereffective|p1a: Hatterene
|-damage|p1a: Hatterene|42/100
|-supereffective|p1a: Hatterene
|-damage|p1a: Hatterene|0 fnt
|faint|p1a: Hatterene
|-hitcount|p1: Hatterene|2
|
|-weather|Snowscape|[upkeep]
|upkeep
|
|t:|1758304436
|switch|p1a: Darkrai|Darkrai|100/100
|turn|5
|
|t:|1758304443
|-end|p2a: Imminent Collapse|Quark Drive|[silent]
|switch|p2a: Mandy (and Billy)|Mandibuzz, F|100/100
|move|p1a: Darkrai|Dark Pulse|p2a: Mandy (and Billy)
|-resisted|p2a: Mandy (and Billy)
|-damage|p2a: Mandy (and Billy)|79/100
|
|-weather|none
|upkeep
|turn|6
|
|t:|1758304461
|switch|p1a: Ninetales|Ninetales-Alola, M, shiny|100/100
|-weather|Snowscape|[from] ability: Snow Warning|[of] p1a: Ninetales
|switch|p2a: Viva|Moltres|100/100
|
|-weather|Snowscape|[upkeep]
|upkeep
|turn|7
|
|t:|1758304468
|move|p1a: Ninetales|Aurora Veil|p1a: Ninetales
|-sidestart|p1: heavenly3x|move: Aurora Veil
|move|p2a: Viva|U-turn|p1a: Ninetales
|-resisted|p1a: Ninetales
|-damage|p1a: Ninetales|97/100
|
|t:|1758304470
|switch|p2a: Imminent Collapse|Iron Crown|100/100|[from] U-turn
|
|-weather|Snowscape|[upkeep]
|upkeep
|turn|8
|
|t:|1758304483
|switch|p1a: Darkrai|Darkrai|100/100
|move|p2a: Imminent Collapse|Tachyon Cutter|p1a: Darkrai
|-damage|p1a: Darkrai|85/100
|-damage|p1a: Darkrai|68/100
|-hitcount|p1a: Darkrai|2
|
|-weather|Snowscape|[upkeep]
|-heal|p1a: Darkrai|74/100|[from] item: Leftovers
|upkeep
|turn|9
|
|t:|1758304498
|-end|p2a: Imminent Collapse|Quark Drive|[silent]
|switch|p2a: Scallywag|Basculin-White-Striped, F|100/100
|-ability|p2a: Scallywag|Mold Breaker
|move|p1a: Darkrai|Nasty Plot|p1a: Darkrai
|-boost|p1a: Darkrai|spa|2
|
|-weather|Snowscape|[upkeep]
|-heal|p1a: Darkrai|80/100|[from] item: Leftovers
|upkeep
|turn|10
|
|t:|1758304507
|move|p1a: Darkrai|Psyshock|p2a: Scallywag
|-damage|p2a: Scallywag|42/100
|move|p2a: Scallywag|Soak|p1a: Darkrai
|-start|p1a: Darkrai|typechange|Water
|
|-weather|none
|-heal|p1a: Darkrai|86/100|[from] item: Leftovers
|upkeep
|turn|11
|
|t:|1758304517
|move|p1a: Darkrai|Psyshock|p2a: Scallywag
|-damage|p2a: Scallywag|0 fnt
|faint|p2a: Scallywag
|
|-heal|p1a: Darkrai|92/100|[from] item: Leftovers
|upkeep
|
|t:|1758304535
|switch|p2a: Viva|Moltres|100/100
|turn|12
|
|t:|1758304553
|move|p1a: Darkrai|Dark Pulse|p2a: Viva
|-damage|p2a: Viva|57/100
|move|p2a: Viva|U-turn|p1a: Darkrai
|-damage|p1a: Darkrai|83/100
|
|t:|1758304566
|switch|p2a: Mandy (and Billy)|Mandibuzz, F|79/100|[from] U-turn
|
|-heal|p1a: Darkrai|89/100|[from] item: Leftovers
|upkeep
|turn|13
|
|t:|1758304578
|switch|p1a: Ninetales|Ninetales-Alola, M, shiny|97/100
|-weather|Snowscape|[from] ability: Snow Warning|[of] p1a: Ninetales
|switch|p2a: Imminent Collapse|Iron Crown|100/100
|
|-weather|Snowscape|[upkeep]
|upkeep
|turn|14
|
|t:|1758304590
|switch|p1a: Ceruledge|Ceruledge, F|64/100
|move|p2a: Imminent Collapse|Tachyon Cutter|p1a: Ceruledge
|-resisted|p1a: Ceruledge
|-damage|p1a: Ceruledge|59/100
|-resisted|p1a: Ceruledge
|-damage|p1a: Ceruledge|54/100
|-hitcount|p1a: Ceruledge|2
|
|-weather|Snowscape|[upkeep]
|-sideend|p1: heavenly3x|move: Aurora Veil
|upkeep
|turn|15
|
|t:|1758304598
|move|p2a: Imminent Collapse|Volt Switch|p1a: Ceruledge
|-damage|p1a: Ceruledge|35/100
|
|t:|1758304601
|-end|p2a: Imminent Collapse|Quark Drive|[silent]
|switch|p2a: Mandy (and Billy)|Mandibuzz, F|79/100|[from] Volt Switch
|move|p1a: Ceruledge|Bulk Up|p1a: Ceruledge
|-boost|p1a: Ceruledge|atk|1
|-boost|p1a: Ceruledge|def|1
|
|-weather|Snowscape|[upkeep]
|upkeep
|turn|16
|
|t:|1758304615
|move|p2a: Mandy (and Billy)|Dark Pulse|p1a: Ceruledge
|-supereffective|p1a: Ceruledge
|-damage|p1a: Ceruledge|0 fnt
|faint|p1a: Ceruledge
|
|-weather|Snowscape|[upkeep]
|upkeep
|
|t:|1758304627
|switch|p1a: Gliscor|Gliscor, M, shiny|100/100
|turn|17
|
|t:|1758304634
|switch|p2a: Imminent Collapse|Iron Crown|100/100
|-terastallize|p1a: Gliscor|Normal
|move|p1a: Gliscor|Agility|p1a: Gliscor
|-boost|p1a: Gliscor|spe|2
|
|-weather|none
|-status|p1a: Gliscor|tox|[from] item: Toxic Orb
|upkeep
|turn|18
|
|t:|1758304646
|switch|p1a: Darkrai|Darkrai|89/100
|move|p2a: Imminent Collapse|Focus Blast|p1a: Darkrai
|-supereffective|p1a: Darkrai
|-damage|p1a: Darkrai|0 fnt
|faint|p1a: Darkrai
|
|upkeep
|
|t:|1758304656
|switch|p1a: Gliscor|Gliscor, M, shiny, tera:Normal|100/100 tox
|turn|19
|
|t:|1758304660
|move|p2a: Imminent Collapse|Focus Blast|p1a: Gliscor|[miss]
|-miss|p2a: Imminent Collapse|p1a: Gliscor
|move|p1a: Gliscor|Facade|p2a: Imminent Collapse
|-resisted|p2a: Imminent Collapse
|-damage|p2a: Imminent Collapse|77/100
|
|upkeep
|turn|20
|
|t:|1758304667
|switch|p1a: Ninetales|Ninetales-Alola, M, shiny|97/100
|-weather|Snowscape|[from] ability: Snow Warning|[of] p1a: Ninetales
|move|p2a: Imminent Collapse|Focus Blast|p1a: Ninetales
|-damage|p1a: Ninetales|58/100
|-unboost|p1a: Ninetales|spd|1
|
|-weather|Snowscape|[upkeep]
|upkeep
|turn|21
|
|t:|1758304678
|switch|p1a: Zamazenta|Zamazenta|100/100
|-ability|p1a: Zamazenta|Dauntless Shield|boost
|-boost|p1a: Zamazenta|def|1
|move|p2a: Imminent Collapse|Tachyon Cutter|p1a: Zamazenta
|-damage|p1a: Zamazenta|79/100
|-damage|p1a: Zamazenta|57/100
|-hitcount|p1a: Zamazenta|2
|
|-weather|Snowscape|[upkeep]
|upkeep
|turn|22
|
|t:|1758304686
|-end|p2a: Imminent Collapse|Quark Drive|[silent]
|switch|p2a: Viva|Moltres|57/100
|move|p1a: Zamazenta|Rest|p1a: Zamazenta
|-status|p1a: Zamazenta|slp|[from] move: Rest
|-heal|p1a: Zamazenta|100/100 slp|[silent]
|-enditem|p1a: Zamazenta|Chesto Berry|[eat]
|-curestatus|p1a: Zamazenta|slp|[msg]
|
|-weather|Snowscape|[upkeep]
|upkeep
|turn|23
|
|t:|1758304695
|move|p1a: Zamazenta|Body Press|p2a: Viva
|-resisted|p2a: Viva
|-damage|p2a: Viva|29/100
|-status|p1a: Zamazenta|brn|[from] ability: Flame Body|[of] p2a: Viva
|move|p2a: Viva|Roost|p2a: Viva
|-heal|p2a: Viva|79/100
|-singleturn|p2a: Viva|move: Roost
|
|-weather|Snowscape|[upkeep]
|-damage|p1a: Zamazenta|94/100 brn|[from] brn
|upkeep
|turn|24
|
|t:|1758304705
|move|p1a: Zamazenta|Iron Defense|p1a: Zamazenta
|-boost|p1a: Zamazenta|def|2
|move|p2a: Viva|Flamethrower|p1a: Zamazenta
|-crit|p1a: Zamazenta
|-damage|p1a: Zamazenta|41/100 brn
|
|-weather|none
|-damage|p1a: Zamazenta|35/100 brn|[from] brn
|upkeep
|turn|25
|
|t:|1758304713
|move|p1a: Zamazenta|Body Press|p2a: Viva
|-resisted|p2a: Viva
|-damage|p2a: Viva|57/100
|move|p2a: Viva|Roost|p2a: Viva
|-heal|p2a: Viva|100/100
|-singleturn|p2a: Viva|move: Roost
|
|-damage|p1a: Zamazenta|28/100 brn|[from] brn
|upkeep
|turn|26
|-message|heavenly3x forfeited.
|
|win|CaughtIn4KUltraHD
|raw|heavenly3x's rating: 1045 &rarr; <strong>1029</strong><br />(-16 for losing)
|raw|CaughtIn4KUltraHD's rating: 1057 &rarr; <strong>1087</strong><br />(+30 for winning)
|l|☆heavenly3x
|player|p1|
