|j|☆Thanh haha
|j|☆thefunbegins
|t:|1758295456
|gametype|singles
|player|p1|Thanh haha|1|1130
|player|p2|thefunbegins|gentleman-gen4|1160
|gen|9
|tier|[Gen 9] OU
|rated|
|rule|HP Percentage Mod: HP is shown in percentages
|rule|Endless Battle Clause: Forcing endless battles is banned
|rule|Species Clause: Limit one of each Pokémon
|rule|OHKO Clause: OHKO moves are banned
|rule|Evasion Items Clause: Evasion items are banned
|rule|Evasion Moves Clause: Evasion moves are banned
|rule|Evasion Abilities Clause: Evasion abilities are banned
|rule|Sleep Moves Clause: Sleep-inducing moves are banned
|clearpoke
|poke|p1|Garganacl, M|
|poke|p1|Dragonite, F|
|poke|p1|Torkoal, M|
|poke|p1|Great Tusk|
|poke|p1|Gliscor, M|
|poke|p1|Venusaur, M|
|poke|p2|Ambipom, M|
|poke|p2|Regidrago|
|poke|p2|Delphox, M|
|poke|p2|Registeel|
|poke|p2|Furret, F|
|poke|p2|Latios, M|
|teampreview
|
|t:|1758295466
|teamsize|p1|6
|teamsize|p2|6
|start
|switch|p1a: Torkoal|Torkoal, M, shiny|100/100
|switch|p2a: Ambipom|Ambipom, M|100/100
|-weather|SunnyDay|[from] ability: Drought|[of] p1a: Torkoal
|turn|1
|
|t:|1758295478
|move|p2a: Ambipom|Fake Out|p1a: Torkoal
|-damage|p1a: Torkoal|81/100
|-damage|p2a: Ambipom|91/100|[from] item: Life Orb
|cant|p1a: Torkoal|flinch
|
|-weather|SunnyDay|[upkeep]
|upkeep
|turn|2
|
|t:|1758295497
|switch|p1a: Great Tusk|Great Tusk, shiny|100/100
|-activate|p1a: Great Tusk|ability: Protosynthesis
|-start|p1a: Great Tusk|protosynthesisdef
|move|p2a: Ambipom|U-turn|p1a: Great Tusk
|-resisted|p1a: Great Tusk
|-damage|p1a: Great Tusk|96/100
|-damage|p2a: Ambipom|81/100|[from] item: Life Orb
|
|t:|1758295510
|switch|p2a: Regidrago|Regidrago|100/100|[from] U-turn
|
|-weather|SunnyDay|[upkeep]
|upkeep
|turn|3
|
|t:|1758295535
|-end|p1a: Great Tusk|Protosynthesis|[silent]
|switch|p1a: Dragonite|Dragonite, F|100/100
|move|p2a: Regidrago|Draco Meteor|p1a: Dragonite
|-supereffective|p1a: Dragonite
|-damage|p1a: Dragonite|0 fnt
|-unboost|p2a: Regidrago|spa|2
|faint|p1a: Dragonite
|-enditem|p2a: Regidrago|Eject Pack
|
|t:|1758295546
|switch|p2a: Latios|Latios, M|100/100
|
|-weather|SunnyDay|[upkeep]
|upkeep
|
|t:|1758295553
|switch|p1a: Venusaur|Venusaur, M|100/100
|turn|4
|
|t:|1758295562
|-terastallize|p1a: Venusaur|Grass
|-terastallize|p2a: Latios|Steel
|move|p1a: Venusaur|Solar Beam||[still]
|-prepare|p1a: Venusaur|Solar Beam
|-anim|p1a: Venusaur|Solar Beam|p2a: Latios
|-resisted|p2a: Latios
|-damage|p2a: Latios|45/100
|-damage|p1a: Venusaur|91/100|[from] item: Life Orb
|move|p2a: Latios|Dragon Dance|p2a: Latios
|-boost|p2a: Latios|atk|1
|-boost|p2a: Latios|spe|1
|
|-weather|SunnyDay|[upkeep]
|upkeep
|turn|5
|
|t:|1758295579
|switch|p2a: Registeel|Registeel|100/100
|move|p1a: Venusaur|Solar Beam||[still]
|-prepare|p1a: Venusaur|Solar Beam
|-anim|p1a: Venusaur|Solar Beam|p2a: Registeel
|-resisted|p2a: Registeel
|-damage|p2a: Registeel|71/100
|-damage|p1a: Venusaur|81/100|[from] item: Life Orb
|
|-weather|none
|-heal|p2a: Registeel|77/100|[from] item: Leftovers
|upkeep
|turn|6
|
|t:|1758295590
|switch|p1a: Torkoal|Torkoal, M, shiny|81/100
|-weather|SunnyDay|[from] ability: Drought|[of] p1a: Torkoal
|move|p2a: Registeel|Stealth Rock|p1a: Torkoal
|-sidestart|p1: Thanh haha|move: Stealth Rock
|
|-weather|SunnyDay|[upkeep]
|-heal|p2a: Registeel|83/100|[from] item: Leftovers
|upkeep
|turn|7
|
|t:|1758295600
|switch|p2a: Ambipom|Ambipom, M|81/100
|move|p1a: Torkoal|Stealth Rock|p2a: Ambipom
|-sidestart|p2: thefunbegins|move: Stealth Rock
|
|-weather|SunnyDay|[upkeep]
|upkeep
|turn|8
|
|t:|1758295610
|switch|p1a: Venusaur|Venusaur, M, tera:Grass|81/100
|-damage|p1a: Venusaur|68/100|[from] Stealth Rock
|move|p2a: Ambipom|Fake Out|p1a: Venusaur
|-damage|p1a: Venusaur|17/100
|-damage|p2a: Ambipom|71/100|[from] item: Life Orb
|
|-weather|SunnyDay|[upkeep]
|upkeep
|turn|9
|
|t:|1758295626
|switch|p2a: Registeel|Registeel|83/100
|-damage|p2a: Registeel|77/100|[from] Stealth Rock
|move|p1a: Venusaur|Solar Beam||[still]
|-prepare|p1a: Venusaur|Solar Beam
|-anim|p1a: Venusaur|Solar Beam|p2a: Registeel
|-resisted|p2a: Registeel
|-crit|p2a: Registeel
|-damage|p2a: Registeel|32/100
|-damage|p1a: Venusaur|7/100|[from] item: Life Orb
|
|-weather|SunnyDay|[upkeep]
|-heal|p2a: Registeel|38/100|[from] item: Leftovers
|upkeep
|turn|10
|
|t:|1758295665
|switch|p1a: Torkoal|Torkoal, M, shiny|81/100
|-damage|p1a: Torkoal|56/100|[from] Stealth Rock
|move|p2a: Registeel|Flash Cannon|p1a: Torkoal
|-resisted|p1a: Torkoal
|-damage|p1a: Torkoal|42/100
|
|-weather|none
|-heal|p2a: Registeel|44/100|[from] item: Leftovers
|upkeep
|turn|11
|
|t:|1758295677
|switch|p2a: Latios|Latios, M, tera:Steel|45/100
|-damage|p2a: Latios|39/100|[from] Stealth Rock
|move|p1a: Torkoal|Overheat|p2a: Latios
|-supereffective|p2a: Latios
|-damage|p2a: Latios|0 fnt
|-unboost|p1a: Torkoal|spa|2
|faint|p2a: Latios
|
|upkeep
|
|t:|1758295687
|switch|p2a: Furret|Furret, F, shiny|100/100
|-damage|p2a: Furret|88/100|[from] Stealth Rock
|turn|12
|
|t:|1758295696
|switch|p1a: Great Tusk|Great Tusk, shiny|96/100
|-damage|p1a: Great Tusk|92/100|[from] Stealth Rock
|-enditem|p1a: Great Tusk|Booster Energy
|-activate|p1a: Great Tusk|ability: Protosynthesis|[fromitem]
|-start|p1a: Great Tusk|protosynthesisdef
|move|p2a: Furret|Tidy Up|p2a: Furret
|-sideend|p2: thefunbegins|Stealth Rock
|-sideend|p1: Thanh haha|Stealth Rock
|-activate|p2a: Furret|move: Tidy Up
|-boost|p2a: Furret|atk|1
|-boost|p2a: Furret|spe|1
|
|upkeep
|turn|13
|
|t:|1758295716
|switch|p2a: Registeel|Registeel|44/100
|move|p1a: Great Tusk|Close Combat|p2a: Registeel
|-supereffective|p2a: Registeel
|-damage|p2a: Registeel|0 fnt
|-unboost|p1a: Great Tusk|def|1
|-unboost|p1a: Great Tusk|spd|1
|faint|p2a: Registeel
|
|upkeep
|
|t:|1758295721
|switch|p2a: Delphox|Delphox, M|100/100
|turn|14
|
|t:|1758295746
|move|p2a: Delphox|Overheat|p1a: Great Tusk
|-damage|p1a: Great Tusk|0 fnt
|-unboost|p2a: Delphox|spa|2
|faint|p1a: Great Tusk
|-end|p1a: Great Tusk|Protosynthesis|[silent]
|-enditem|p2a: Delphox|Eject Pack
|
|t:|1758295753
|switch|p2a: Regidrago|Regidrago|100/100
|
|upkeep
|
|t:|1758295766
|switch|p1a: Garganacl|Garganacl, M|100/100
|turn|15
|
|t:|1758295770
|move|p2a: Regidrago|Draco Meteor|p1a: Garganacl
|-damage|p1a: Garganacl|21/100
|-unboost|p2a: Regidrago|spa|2
|move|p1a: Garganacl|Salt Cure|p2a: Regidrago
|-damage|p2a: Regidrago|87/100
|-start|p2a: Regidrago|Salt Cure
|
|-damage|p2a: Regidrago|74/100|[from] Salt Cure
|upkeep
|turn|16
|
|t:|1758295780
|move|p1a: Garganacl|Protect|p1a: Garganacl
|-singleturn|p1a: Garganacl|Protect
|move|p2a: Regidrago|Draco Meteor|p1a: Garganacl
|-activate|p1a: Garganacl|move: Protect
|
|-damage|p2a: Regidrago|62/100|[from] Salt Cure
|upkeep
|turn|17
|
|t:|1758295789
|move|p2a: Regidrago|Draco Meteor|p1a: Garganacl
|-damage|p1a: Garganacl|0 fnt
|-unboost|p2a: Regidrago|spa|2
|faint|p1a: Garganacl
|
|-damage|p2a: Regidrago|49/100|[from] Salt Cure
|upkeep
|
|t:|1758295795
|switch|p1a: Gliscor|Gliscor, M|100/100
|turn|18
|
|t:|1758295805
|switch|p2a: Delphox|Delphox, M|100/100
|move|p1a: Gliscor|Poison Jab|p2a: Delphox
|-damage|p2a: Delphox|69/100
|
|-status|p1a: Gliscor|tox|[from] item: Toxic Orb
|upkeep
|turn|19
|
|t:|1758295815
|move|p1a: Gliscor|Protect|p1a: Gliscor
|-singleturn|p1a: Gliscor|Protect
|move|p2a: Delphox|Overheat|p1a: Gliscor
|-activate|p1a: Gliscor|move: Protect
|
|upkeep
|turn|20
|
|t:|1758295821
|move|p2a: Delphox|Overheat|p1a: Gliscor
|-damage|p1a: Gliscor|22/100 tox
|-unboost|p2a: Delphox|spa|2
|-item|p2a: Delphox|Toxic Orb|[from] ability: Magician|[of] p1a: Gliscor
|move|p1a: Gliscor|Poison Jab|p2a: Delphox
|-damage|p2a: Delphox|39/100
|-status|p2a: Delphox|psn
|
|-damage|p2a: Delphox|27/100 psn|[from] psn
|-heal|p1a: Gliscor|34/100 tox|[from] ability: Poison Heal
|upkeep
|turn|21
|
|t:|1758295836
|switch|p2a: Ambipom|Ambipom, M|71/100
|move|p1a: Gliscor|Protect||[still]
|-fail|p1a: Gliscor
|
|-heal|p1a: Gliscor|47/100 tox|[from] ability: Poison Heal
|upkeep
|turn|22
|
|t:|1758295846
|move|p2a: Ambipom|Double Hit|p1a: Gliscor
|-damage|p1a: Gliscor|20/100 tox
|-damage|p1a: Gliscor|0 fnt
|faint|p1a: Gliscor
|-hitcount|p1: Gliscor|2
|-damage|p2a: Ambipom|61/100|[from] item: Life Orb
|
|upkeep
|
|t:|1758295852
|switch|p1a: Venusaur|Venusaur, M, tera:Grass|7/100
|turn|23
|
|t:|1758295857
|move|p2a: Ambipom|Aerial Ace|p1a: Venusaur
|-supereffective|p1a: Venusaur
|-damage|p1a: Venusaur|0 fnt
|faint|p1a: Venusaur
|-damage|p2a: Ambipom|51/100|[from] item: Life Orb
|
|upkeep
|-message|Thanh haha forfeited.
|
|win|thefunbegins
|raw|Thanh haha's rating: 1130 &rarr; <strong>1107</strong><br />(-23 for losing)
|raw|thefunbegins's rating: 1160 &rarr; <strong>1183</strong><br />(+23 for winning)
|l|☆Thanh haha
|player|p1|
|l|☆thefunbegins
|player|p2|
