|j|☆sumofsquares
|j|☆loki stays
|t:|1758343087
|gametype|singles
|player|p1|sumofsquares|wallace|1554
|player|p2|loki stays|acerola|1524
|gen|9
|tier|[Gen 9] OU
|rated|
|rule|HP Percentage Mod: HP is shown in percentages
|rule|Endless Battle Clause: Forcing endless battles is banned
|rule|Species Clause: Limit one of each Pokémon
|rule|OHKO Clause: OHKO moves are banned
|rule|Evasion Items Clause: Evasion items are banned
|rule|Evasion Moves Clause: Evasion moves are banned
|rule|Evasion Abilities Clause: Evasion abilities are banned
|rule|Sleep Moves Clause: Sleep-inducing moves are banned
|clearpoke
|poke|p1|Great Tusk|
|poke|p1|Ogerpon, F|
|poke|p1|Raging Bolt|
|poke|p1|Primarina, F|
|poke|p1|Moltres|
|poke|p1|Glimmora, M|
|poke|p2|Alomomola, M|
|poke|p2|Dragalge, F|
|poke|p2|Lokix, M|
|poke|p2|Great Tusk|
|poke|p2|Gholdengo|
|poke|p2|Moltres|
|teampreview
|inactive|Battle timer is ON: inactive players will automatically lose when time's up. (requested by loki stays)
|inactive|loki stays has 120 seconds left.
|inactive|loki stays has 90 seconds left.
|inactive|loki stays has 60 seconds left.
|
|t:|1758343188
|teamsize|p1|6
|teamsize|p2|6
|start
|switch|p1a: Raging Bolt|Raging Bolt|100/100
|switch|p2a: Alomomola|Alomomola, M|100/100
|turn|1
|
|t:|1758343201
|move|p1a: Raging Bolt|Thunderbolt|p2a: Alomomola
|-supereffective|p2a: Alomomola
|-damage|p2a: Alomomola|41/100
|move|p2a: Alomomola|Mirror Coat|p1a: Raging Bolt
|-damage|p1a: Raging Bolt|0 fnt
|faint|p1a: Raging Bolt
|-end|p1a: Raging Bolt|Protosynthesis|[silent]
|
|upkeep
|
|t:|1758343208
|switch|p1a: Primarina|Primarina, F|100/100
|turn|2
|inactive|loki stays has 120 seconds left.
|
|t:|1758343226
|move|p1a: Primarina|Calm Mind|p1a: Primarina
|-boost|p1a: Primarina|spa|1
|-boost|p1a: Primarina|spd|1
|move|p2a: Alomomola|Flip Turn|p1a: Primarina
|-resisted|p1a: Primarina
|-damage|p1a: Primarina|90/100
|
|t:|1758343235
|switch|p2a: Dragalge|Dragalge, F|100/100|[from] Flip Turn
|
|upkeep
|turn|3
|
|t:|1758343249
|move|p1a: Primarina|Flip Turn|p2a: Dragalge
|-resisted|p2a: Dragalge
|-damage|p2a: Dragalge|93/100
|
|t:|1758343252
|switch|p1a: Glimmora|Glimmora, M|100/100|[from] Flip Turn
|move|p2a: Dragalge|Sludge Wave|p1a: Glimmora
|-resisted|p1a: Glimmora
|-damage|p1a: Glimmora|73/100
|
|upkeep
|turn|4
|inactive|loki stays has 120 seconds left.
|
|t:|1758343273
|switch|p2a: Gholdengo|Gholdengo|100/100
|move|p1a: Glimmora|Spikes|p2a: Gholdengo
|-sidestart|p2: loki stays|Spikes
|
|upkeep
|turn|5
|inactive|loki stays has 120 seconds left.
|
|t:|1758343279
|switch|p1a: Moltres|Moltres|100/100
|move|p2a: Gholdengo|Shadow Ball|p1a: Moltres
|-damage|p1a: Moltres|64/100
|
|upkeep
|turn|6
|
|t:|1758343286
|switch|p2a: Dragalge|Dragalge, F|93/100
|-damage|p2a: Dragalge|80/100|[from] Spikes
|move|p1a: Moltres|Flamethrower|p2a: Dragalge
|-resisted|p2a: Dragalge
|-damage|p2a: Dragalge|65/100
|
|upkeep
|turn|7
|inactive|loki stays has 120 seconds left.
|
|t:|1758343327
|switch|p1a: Glimmora|Glimmora, M|73/100
|move|p2a: Dragalge|Sludge Wave|p1a: Glimmora
|-resisted|p1a: Glimmora
|-damage|p1a: Glimmora|45/100
|
|upkeep
|turn|8
|
|t:|1758343333
|switch|p2a: Alomomola|Alomomola, M|74/100
|-damage|p2a: Alomomola|62/100|[from] Spikes
|move|p1a: Glimmora|Power Gem|p2a: Alomomola
|-damage|p2a: Alomomola|40/100
|
|upkeep
|turn|9
|
|t:|1758343341
|move|p1a: Glimmora|Sludge Bomb|p2a: Alomomola
|-damage|p2a: Alomomola|13/100
|move|p2a: Alomomola|Flip Turn|p1a: Glimmora
|-supereffective|p1a: Glimmora
|-crit|p1a: Glimmora
|-damage|p1a: Glimmora|0 fnt
|-activate|p1a: Glimmora|ability: Toxic Debris
|-sidestart|p2: loki stays|move: Toxic Spikes
|faint|p1a: Glimmora
|
|t:|1758343359
|switch|p2a: Gholdengo|Gholdengo|100/100|[from] Flip Turn
|-damage|p2a: Gholdengo|88/100|[from] Spikes
|
|upkeep
|inactive|sumofsquares has 120 seconds left.
|
|t:|1758343417
|switch|p1a: Primarina|Primarina, F|90/100
|turn|10
|
|t:|1758343434
|move|p2a: Gholdengo|Trick|p1a: Primarina
|-activate|p2a: Gholdengo|move: Trick|[of] p1a: Primarina
|-item|p1a: Primarina|Choice Scarf|[from] move: Trick
|-item|p2a: Gholdengo|Covert Cloak|[from] move: Trick
|move|p1a: Primarina|Calm Mind|p1a: Primarina
|-boost|p1a: Primarina|spa|1
|-boost|p1a: Primarina|spd|1
|
|upkeep
|turn|11
|inactive|sumofsquares has 120 seconds left.
|
|t:|1758343440
|switch|p1a: Moltres|Moltres|64/100
|move|p2a: Gholdengo|Shadow Ball|p1a: Moltres
|-damage|p1a: Moltres|23/100
|-unboost|p1a: Moltres|spd|1
|
|upkeep
|turn|12
|
|t:|1758343445
|switch|p1a: Primarina|Primarina, F|90/100
|move|p2a: Gholdengo|Shadow Ball|p1a: Primarina
|-damage|p1a: Primarina|58/100
|
|upkeep
|turn|13
|inactive|loki stays has 90 seconds left.
|
|t:|1758343477
|switch|p2a: Alomomola|Alomomola, M|47/100
|-damage|p2a: Alomomola|34/100|[from] Spikes
|-status|p2a: Alomomola|psn
|move|p1a: Primarina|Psychic Noise|p2a: Alomomola
|-resisted|p2a: Alomomola
|-damage|p2a: Alomomola|23/100 psn
|-start|p2a: Alomomola|move: Heal Block
|
|-damage|p2a: Alomomola|11/100 psn|[from] psn
|upkeep
|turn|14
|
|t:|1758343481
|move|p1a: Primarina|Psychic Noise|p2a: Alomomola
|-resisted|p2a: Alomomola
|-damage|p2a: Alomomola|0 fnt
|faint|p2a: Alomomola
|
|upkeep
|
|t:|1758343491
|switch|p2a: Dragalge|Dragalge, F|65/100
|-damage|p2a: Dragalge|53/100|[from] Spikes
|-sideend|p2: loki stays|move: Toxic Spikes|[of] p2a: Dragalge
|turn|15
|
|t:|1758343497
|switch|p2a: Lokix|Lokix, M|100/100
|-damage|p2a: Lokix|88/100|[from] Spikes
|move|p1a: Primarina|Psychic Noise|p2a: Lokix
|-damage|p2a: Lokix|8/100
|-start|p2a: Lokix|move: Heal Block
|
|upkeep
|turn|16
|
|t:|1758343510
|switch|p1a: Great Tusk|Great Tusk|100/100
|move|p2a: Lokix|First Impression|p1a: Great Tusk
|-resisted|p1a: Great Tusk
|-damage|p1a: Great Tusk|54/100
|-damage|p2a: Lokix|0 fnt|[from] item: Rocky Helmet|[of] p1a: Great Tusk
|faint|p2a: Lokix
|
|upkeep
|
|t:|1758343514
|switch|p2a: Great Tusk|Great Tusk|100/100
|turn|17
|
|t:|1758343522
|-terastallize|p1a: Great Tusk|Ghost
|move|p2a: Great Tusk|Rapid Spin|p1a: Great Tusk
|-immune|p1a: Great Tusk
|move|p1a: Great Tusk|Bulk Up|p1a: Great Tusk
|-boost|p1a: Great Tusk|atk|1
|-boost|p1a: Great Tusk|def|1
|
|upkeep
|turn|18
|
|t:|1758343529
|-end|p2a: Great Tusk|Protosynthesis|[silent]
|switch|p2a: Moltres|Moltres|100/100
|move|p1a: Great Tusk|Bulk Up|p1a: Great Tusk
|-boost|p1a: Great Tusk|atk|1
|-boost|p1a: Great Tusk|def|1
|
|upkeep
|turn|19
|
|t:|1758343536
|-end|p1a: Great Tusk|Protosynthesis|[silent]
|switch|p1a: Primarina|Primarina, F|58/100
|move|p2a: Moltres|Flamethrower|p1a: Primarina
|-resisted|p1a: Primarina
|-damage|p1a: Primarina|43/100
|
|upkeep
|turn|20
|
|t:|1758343559
|switch|p2a: Great Tusk|Great Tusk|100/100
|move|p1a: Primarina|Psychic Noise|p2a: Great Tusk
|-supereffective|p2a: Great Tusk
|-damage|p2a: Great Tusk|0 fnt
|faint|p2a: Great Tusk
|-end|p2a: Great Tusk|Protosynthesis|[silent]
|
|upkeep
|
|t:|1758343564
|switch|p2a: Dragalge|Dragalge, F|53/100
|-damage|p2a: Dragalge|40/100|[from] Spikes
|turn|21
|inactive|sumofsquares has 120 seconds left.
|
|t:|1758343598
|switch|p1a: Moltres|Moltres|23/100
|move|p2a: Dragalge|Sludge Wave|p1a: Moltres
|-damage|p1a: Moltres|0 fnt
|faint|p1a: Moltres
|
|upkeep
|inactive|sumofsquares has 120 seconds left.
|
|t:|1758343613
|switch|p1a: Ogerpon|Ogerpon, F|100/100
|turn|22
|inactive|sumofsquares has 120 seconds left.
|
|t:|1758343628
|move|p1a: Ogerpon|Ivy Cudgel|p2a: Dragalge
|-resisted|p2a: Dragalge
|-damage|p2a: Dragalge|19/100
|move|p2a: Dragalge|Sludge Wave|p1a: Ogerpon
|-supereffective|p1a: Ogerpon
|-damage|p1a: Ogerpon|0 fnt
|faint|p1a: Ogerpon
|
|upkeep
|
|t:|1758343641
|switch|p1a: Primarina|Primarina, F|43/100
|turn|23
|inactive|loki stays has 120 seconds left.
|
|t:|1758343673
|move|p1a: Primarina|Draining Kiss|p2a: Dragalge
|-damage|p2a: Dragalge|0 fnt
|-heal|p1a: Primarina|56/100|[from] drain|[of] p2a: Dragalge
|faint|p2a: Dragalge
|
|upkeep
|inactive|loki stays has 120 seconds left.
|
|t:|1758343680
|switch|p2a: Moltres|Moltres|100/100
|turn|24
|
|t:|1758343682
|switch|p1a: Great Tusk|Great Tusk, tera:Ghost|54/100
|move|p2a: Moltres|Flamethrower|p1a: Great Tusk
|-damage|p1a: Great Tusk|0 fnt
|faint|p1a: Great Tusk
|-end|p1a: Great Tusk|Protosynthesis|[silent]
|
|upkeep
|
|t:|1758343684
|switch|p1a: Primarina|Primarina, F|56/100
|turn|25
|
|t:|1758343693
|-terastallize|p2a: Moltres|Fairy
|move|p1a: Primarina|Psychic Noise|p2a: Moltres
|-damage|p2a: Moltres|71/100
|-start|p2a: Moltres|move: Heal Block
|move|p2a: Moltres|Flamethrower|p1a: Primarina
|-resisted|p1a: Primarina
|-damage|p1a: Primarina|40/100
|
|upkeep
|turn|26
|
|t:|1758343697
|move|p1a: Primarina|Psychic Noise|p2a: Moltres
|-damage|p2a: Moltres|43/100
|move|p2a: Moltres|Flamethrower|p1a: Primarina
|-resisted|p1a: Primarina
|-damage|p1a: Primarina|23/100
|
|-end|p2a: Moltres|move: Heal Block
|upkeep
|turn|27
|
|t:|1758343702
|move|p1a: Primarina|Psychic Noise|p2a: Moltres
|-damage|p2a: Moltres|12/100
|-start|p2a: Moltres|move: Heal Block
|move|p2a: Moltres|Flamethrower|p1a: Primarina
|-resisted|p1a: Primarina
|-damage|p1a: Primarina|6/100
|
|upkeep
|turn|28
|
|t:|1758343705
|move|p1a: Primarina|Psychic Noise|p2a: Moltres
|-damage|p2a: Moltres|0 fnt
|faint|p2a: Moltres
|
|upkeep
|
|t:|1758343707
|switch|p2a: Gholdengo|Gholdengo|88/100
|-damage|p2a: Gholdengo|76/100|[from] Spikes
|turn|29
|
|t:|1758343709
|move|p2a: Gholdengo|Shadow Ball|p1a: Primarina
|-damage|p1a: Primarina|0 fnt
|faint|p1a: Primarina
|
|win|loki stays
|raw|sumofsquares's rating: 1554 &rarr; <strong>1532</strong><br />(-22 for losing)
|raw|loki stays's rating: 1524 &rarr; <strong>1546</strong><br />(+22 for winning)
|l|☆loki stays
|player|p2|
|l|☆sumofsquares
|player|p1|
