|j|☆Desert Tail
|j|☆otto114
|t:|1758356571
|gametype|singles
|player|p1|Desert Tail|169|1165
|player|p2|otto114|265|1134
|gen|9
|tier|[Gen 9] OU
|rated|
|rule|HP Percentage Mod: HP is shown in percentages
|rule|Endless Battle Clause: Forcing endless battles is banned
|rule|Species Clause: Limit one of each Pokémon
|rule|OHKO Clause: OHKO moves are banned
|rule|Evasion Items Clause: Evasion items are banned
|rule|Evasion Moves Clause: Evasion moves are banned
|rule|Evasion Abilities Clause: Evasion abilities are banned
|rule|Sleep Moves Clause: Sleep-inducing moves are banned
|clearpoke
|poke|p1|Raichu, F|
|poke|p1|Ninetales-Alola, M|
|poke|p1|Gallade, M|
|poke|p1|Crabominable, M|
|poke|p1|Sandaconda, M|
|poke|p1|Polteageist|
|poke|p2|Toxapex, F|
|poke|p2|Garganacl, F|
|poke|p2|Amoonguss, F|
|poke|p2|Regice|
|poke|p2|Glimmora, F|
|poke|p2|Corviknight, M|
|teampreview
|inactive|Battle timer is ON: inactive players will automatically lose when time's up. (requested by otto114)
|c|☆Desert Tail|oh my goodness bro
|c|☆otto114|：）
|inactive|Desert Tail has 120 seconds left.
|c|☆Desert Tail|you get anywhere past 1200 and this is what every ou team looks like
|c|☆Desert Tail|saltcure toxic protect body press stall
|inactive|Desert Tail has 90 seconds left.
|
|t:|1758356639
|teamsize|p1|6
|teamsize|p2|6
|start
|switch|p1a: Polteageist|Polteageist, shiny|100/100
|switch|p2a: Glimmora|Glimmora, F|100/100
|turn|1
|
|t:|1758356646
|move|p1a: Polteageist|Shell Smash|p1a: Polteageist
|-unboost|p1a: Polteageist|def|1
|-unboost|p1a: Polteageist|spd|1
|-boost|p1a: Polteageist|atk|2
|-boost|p1a: Polteageist|spa|2
|-boost|p1a: Polteageist|spe|2
|-enditem|p1a: Polteageist|White Herb
|-clearnegativeboost|p1a: Polteageist|[silent]
|move|p2a: Glimmora|Toxic Spikes|p1a: Polteageist
|-sidestart|p1: Desert Tail|move: Toxic Spikes
|
|upkeep
|turn|2
|
|t:|1758356662
|move|p1a: Polteageist|Psychic|p2a: Glimmora
|-supereffective|p2a: Glimmora
|-damage|p2a: Glimmora|0 fnt
|faint|p2a: Glimmora
|
|upkeep
|
|t:|1758356665
|switch|p2a: Garganacl|Garganacl, F|100/100
|turn|3
|
|t:|1758356673
|move|p1a: Polteageist|Giga Drain|p2a: Garganacl
|-supereffective|p2a: Garganacl
|-damage|p2a: Garganacl|33/100
|move|p2a: Garganacl|Salt Cure|p1a: Polteageist
|-damage|p1a: Polteageist|82/100
|-start|p1a: Polteageist|Salt Cure
|-ability|p1a: Polteageist|Weak Armor|boost
|-unboost|p1a: Polteageist|def|1
|-boost|p1a: Polteageist|spe|2
|
|-heal|p2a: Garganacl|39/100|[from] item: Leftovers
|-damage|p1a: Polteageist|70/100|[from] Salt Cure
|upkeep
|turn|4
|
|t:|1758356688
|switch|p2a: Corviknight|Corviknight, M|100/100
|-ability|p2a: Corviknight|Pressure
|move|p1a: Polteageist|Giga Drain|p2a: Corviknight
|-resisted|p2a: Corviknight
|-damage|p2a: Corviknight|89/100
|-heal|p1a: Polteageist|78/100|[from] drain|[of] p2a: Corviknight
|
|-damage|p1a: Polteageist|66/100|[from] Salt Cure
|upkeep
|turn|5
|
|t:|1758356699
|-terastallize|p1a: Polteageist|Ghost
|move|p1a: Polteageist|Shadow Ball|p2a: Corviknight
|-damage|p2a: Corviknight|1/100
|move|p2a: Corviknight|Roost|p2a: Corviknight
|-heal|p2a: Corviknight|51/100
|-singleturn|p2a: Corviknight|move: Roost
|
|-damage|p1a: Polteageist|54/100|[from] Salt Cure
|upkeep
|turn|6
|
|t:|1758356706
|move|p1a: Polteageist|Shadow Ball|p2a: Corviknight
|-damage|p2a: Corviknight|0 fnt
|faint|p2a: Corviknight
|
|-damage|p1a: Polteageist|42/100|[from] Salt Cure
|upkeep
|
|t:|1758356714
|switch|p2a: Amoonguss|Amoonguss, F|100/100
|turn|7
|
|t:|1758356720
|move|p1a: Polteageist|Psychic|p2a: Amoonguss
|-supereffective|p2a: Amoonguss
|-damage|p2a: Amoonguss|3/100
|move|p2a: Amoonguss|Stun Spore|p1a: Polteageist|[miss]
|-miss|p2a: Amoonguss|p1a: Polteageist
|
|-heal|p2a: Amoonguss|10/100|[from] item: Leftovers
|-damage|p1a: Polteageist|30/100|[from] Salt Cure
|upkeep
|turn|8
|
|t:|1758356727
|move|p1a: Polteageist|Psychic|p2a: Amoonguss
|-supereffective|p2a: Amoonguss
|-damage|p2a: Amoonguss|0 fnt
|faint|p2a: Amoonguss
|
|-damage|p1a: Polteageist|17/100|[from] Salt Cure
|upkeep
|c|☆otto114|oh no
|
|t:|1758356734
|switch|p2a: Regice|Regice|100/100
|turn|9
|
|t:|1758356740
|move|p1a: Polteageist|Shadow Ball|p2a: Regice
|-damage|p2a: Regice|51/100
|move|p2a: Regice|Thunderbolt|p1a: Polteageist
|-damage|p1a: Polteageist|0 fnt
|faint|p1a: Polteageist
|
|-heal|p2a: Regice|57/100|[from] item: Leftovers
|upkeep
|
|t:|1758356749
|switch|p1a: Silver|Gallade, M, shiny|100/100
|-status|p1a: Silver|psn
|turn|10
|
|t:|1758356760
|switch|p2a: Toxapex|Toxapex, F|100/100
|move|p1a: Silver|Sacred Sword|p2a: Toxapex
|-resisted|p2a: Toxapex
|-damage|p2a: Toxapex|73/100
|
|-damage|p1a: Silver|88/100 psn|[from] psn
|upkeep
|turn|11
|
|t:|1758356770
|move|p1a: Silver|Psycho Cut|p2a: Toxapex
|-supereffective|p2a: Toxapex
|-damage|p2a: Toxapex|0 fnt
|faint|p2a: Toxapex
|
|-damage|p1a: Silver|76/100 psn|[from] psn
|upkeep
|
|t:|1758356774
|switch|p2a: Garganacl|Garganacl, F|39/100
|turn|12
|
|t:|1758356779
|-terastallize|p2a: Garganacl|Ghost
|move|p1a: Silver|Sacred Sword|p2a: Garganacl
|-immune|p2a: Garganacl
|move|p2a: Garganacl|Recover|p2a: Garganacl
|-heal|p2a: Garganacl|89/100
|
|-heal|p2a: Garganacl|96/100|[from] item: Leftovers
|-damage|p1a: Silver|64/100 psn|[from] psn
|upkeep
|turn|13
|
|t:|1758356788
|move|p1a: Silver|Leaf Blade|p2a: Garganacl
|-damage|p2a: Garganacl|59/100
|move|p2a: Garganacl|Salt Cure|p1a: Silver
|-resisted|p1a: Silver
|-damage|p1a: Silver|51/100 psn
|-start|p1a: Silver|Salt Cure
|
|-heal|p2a: Garganacl|65/100|[from] item: Leftovers
|-damage|p1a: Silver|39/100 psn|[from] psn
|-damage|p1a: Silver|26/100 psn|[from] Salt Cure
|upkeep
|turn|14
|
|t:|1758356793
|move|p1a: Silver|Leaf Blade|p2a: Garganacl
|-damage|p2a: Garganacl|26/100
|move|p2a: Garganacl|Recover|p2a: Garganacl
|-heal|p2a: Garganacl|76/100
|
|-heal|p2a: Garganacl|82/100|[from] item: Leftovers
|-damage|p1a: Silver|14/100 psn|[from] psn
|-damage|p1a: Silver|2/100 psn|[from] Salt Cure
|upkeep
|turn|15
|
|t:|1758356802
|move|p1a: Silver|Leaf Blade|p2a: Garganacl
|-damage|p2a: Garganacl|43/100
|move|p2a: Garganacl|Stealth Rock|p1a: Silver
|-sidestart|p1: Desert Tail|move: Stealth Rock
|
|-heal|p2a: Garganacl|49/100|[from] item: Leftovers
|-damage|p1a: Silver|0 fnt|[from] psn
|faint|p1a: Silver
|upkeep
|
|t:|1758356812
|switch|p1a: Sin|Sandaconda, M, shiny|100/100
|-status|p1a: Sin|psn
|-damage|p1a: Sin|95/100 psn|[from] Stealth Rock
|turn|16
|
|t:|1758356824
|move|p1a: Sin|Earthquake|p2a: Garganacl
|-damage|p2a: Garganacl|18/100
|move|p2a: Garganacl|Recover|p2a: Garganacl
|-heal|p2a: Garganacl|68/100
|
|-heal|p1a: Sin|100/100 psn|[from] item: Leftovers
|-heal|p2a: Garganacl|75/100|[from] item: Leftovers
|-damage|p1a: Sin|88/100 psn|[from] psn
|upkeep
|turn|17
|
|t:|1758356833
|move|p1a: Sin|Coil|p1a: Sin
|-boost|p1a: Sin|atk|1
|-boost|p1a: Sin|def|1
|-boost|p1a: Sin|accuracy|1
|move|p2a: Garganacl|Salt Cure|p1a: Sin
|-resisted|p1a: Sin
|-damage|p1a: Sin|83/100 psn
|-start|p1a: Sin|Salt Cure
|-weather|Sandstorm|[from] ability: Sand Spit|[of] p1a: Sin
|
|-weather|Sandstorm|[upkeep]
|-damage|p2a: Garganacl|68/100|[from] Sandstorm
|-heal|p1a: Sin|89/100 psn|[from] item: Leftovers
|-heal|p2a: Garganacl|75/100|[from] item: Leftovers
|-damage|p1a: Sin|77/100 psn|[from] psn
|-damage|p1a: Sin|65/100 psn|[from] Salt Cure
|upkeep
|turn|18
|
|t:|1758356841
|move|p1a: Sin|Earthquake|p2a: Garganacl
|-damage|p2a: Garganacl|27/100
|move|p2a: Garganacl|Iron Defense|p2a: Garganacl
|-boost|p2a: Garganacl|def|2
|
|-weather|Sandstorm|[upkeep]
|-damage|p2a: Garganacl|21/100|[from] Sandstorm
|-heal|p1a: Sin|71/100 psn|[from] item: Leftovers
|-heal|p2a: Garganacl|27/100|[from] item: Leftovers
|-damage|p1a: Sin|59/100 psn|[from] psn
|-damage|p1a: Sin|46/100 psn|[from] Salt Cure
|upkeep
|turn|19
|
|t:|1758356847
|move|p1a: Sin|Earthquake|p2a: Garganacl
|-damage|p2a: Garganacl|5/100
|move|p2a: Garganacl|Recover|p2a: Garganacl
|-heal|p2a: Garganacl|55/100
|
|-weather|Sandstorm|[upkeep]
|-damage|p2a: Garganacl|49/100|[from] Sandstorm
|-heal|p1a: Sin|52/100 psn|[from] item: Leftovers
|-heal|p2a: Garganacl|55/100|[from] item: Leftovers
|-damage|p1a: Sin|40/100 psn|[from] psn
|-damage|p1a: Sin|28/100 psn|[from] Salt Cure
|upkeep
|turn|20
|
|t:|1758356851
|move|p1a: Sin|Earthquake|p2a: Garganacl
|-damage|p2a: Garganacl|32/100
|move|p2a: Garganacl|Recover|p2a: Garganacl
|-heal|p2a: Garganacl|82/100
|
|-weather|Sandstorm|[upkeep]
|-damage|p2a: Garganacl|76/100|[from] Sandstorm
|-heal|p1a: Sin|34/100 psn|[from] item: Leftovers
|-heal|p2a: Garganacl|82/100|[from] item: Leftovers
|-damage|p1a: Sin|21/100 psn|[from] psn
|-damage|p1a: Sin|9/100 psn|[from] Salt Cure
|upkeep
|turn|21
|
|t:|1758356858
|move|p1a: Sin|Earthquake|p2a: Garganacl
|-damage|p2a: Garganacl|60/100
|move|p2a: Garganacl|Iron Defense|p2a: Garganacl
|-boost|p2a: Garganacl|def|2
|
|-weather|none
|-heal|p1a: Sin|15/100 psn|[from] item: Leftovers
|-heal|p2a: Garganacl|66/100|[from] item: Leftovers
|-damage|p1a: Sin|3/100 psn|[from] psn
|-damage|p1a: Sin|0 fnt|[from] Salt Cure
|faint|p1a: Sin
|upkeep
|
|t:|1758356865
|switch|p1a: MaleQueen|Ninetales-Alola, M, shiny|100/100
|-status|p1a: MaleQueen|psn
|-damage|p1a: MaleQueen|76/100 psn|[from] Stealth Rock
|-weather|Snowscape|[from] ability: Snow Warning|[of] p1a: MaleQueen
|turn|22
|
|t:|1758356878
|move|p1a: MaleQueen|Moonblast|p2a: Garganacl
|-damage|p2a: Garganacl|38/100
|move|p2a: Garganacl|Salt Cure|p1a: MaleQueen
|-supereffective|p1a: MaleQueen
|-damage|p1a: MaleQueen|48/100 psn
|-start|p1a: MaleQueen|Salt Cure
|
|-weather|Snowscape|[upkeep]
|-heal|p2a: Garganacl|44/100|[from] item: Leftovers
|-damage|p1a: MaleQueen|36/100 psn|[from] psn
|-damage|p1a: MaleQueen|23/100 psn|[from] Salt Cure
|upkeep
|turn|23
|
|t:|1758356884
|move|p1a: MaleQueen|Moonblast|p2a: Garganacl
|-damage|p2a: Garganacl|20/100
|move|p2a: Garganacl|Recover|p2a: Garganacl
|-heal|p2a: Garganacl|70/100
|
|-weather|Snowscape|[upkeep]
|-heal|p2a: Garganacl|76/100|[from] item: Leftovers
|-damage|p1a: MaleQueen|11/100 psn|[from] psn
|-damage|p1a: MaleQueen|0 fnt|[from] Salt Cure
|faint|p1a: MaleQueen
|upkeep
|c|☆Desert Tail|i really dont like this
|inactive|Desert Tail has 120 seconds left.
|c|☆Desert Tail|i spend all this time making this team and putting in genuinely crazy work just to lose to stall bruh
|c|☆otto114|You can also use this team
|inactive|Desert Tail has 90 seconds left.
|
|t:|1758356948
|switch|p1a: Abombom|Crabominable, M, shiny|100/100
|-status|p1a: Abombom|psn
|-damage|p1a: Abombom|88/100 psn|[from] Stealth Rock
|turn|24
|inactive|Desert Tail has 90 seconds left.
|
|t:|1758356960
|move|p2a: Garganacl|Salt Cure|p1a: Abombom
|-damage|p1a: Abombom|78/100 psn
|-start|p1a: Abombom|Salt Cure
|move|p1a: Abombom|Thunder Punch|p2a: Garganacl
|-damage|p2a: Garganacl|70/100
|
|-weather|Snowscape|[upkeep]
|-heal|p2a: Garganacl|76/100|[from] item: Leftovers
|-heal|p1a: Abombom|84/100 psn|[from] item: Leftovers
|-damage|p1a: Abombom|72/100 psn|[from] psn
|-damage|p1a: Abombom|60/100 psn|[from] Salt Cure
|upkeep
|turn|25
|
|t:|1758356968
|move|p2a: Garganacl|Iron Defense|p2a: Garganacl
|-boost|p2a: Garganacl|def|2
|move|p1a: Abombom|Bulk Up|p1a: Abombom
|-boost|p1a: Abombom|atk|1
|-boost|p1a: Abombom|def|1
|
|-weather|Snowscape|[upkeep]
|-heal|p2a: Garganacl|82/100|[from] item: Leftovers
|-heal|p1a: Abombom|66/100 psn|[from] item: Leftovers
|-damage|p1a: Abombom|53/100 psn|[from] psn
|-damage|p1a: Abombom|41/100 psn|[from] Salt Cure
|upkeep
|turn|26
|
|t:|1758356973
|move|p2a: Garganacl|Salt Cure|p1a: Abombom
|-damage|p1a: Abombom|34/100 psn
|move|p1a: Abombom|Ice Punch|p2a: Garganacl
|-damage|p2a: Garganacl|71/100
|
|-weather|none
|-heal|p2a: Garganacl|77/100|[from] item: Leftovers
|-heal|p1a: Abombom|40/100 psn|[from] item: Leftovers
|-damage|p1a: Abombom|28/100 psn|[from] psn
|-damage|p1a: Abombom|15/100 psn|[from] Salt Cure
|upkeep
|turn|27
|
|t:|1758356994
|move|p2a: Garganacl|Salt Cure|p1a: Abombom
|-damage|p1a: Abombom|6/100 psn
|move|p1a: Abombom|Ice Punch|p2a: Garganacl
|-damage|p2a: Garganacl|67/100
|
|-heal|p2a: Garganacl|73/100|[from] item: Leftovers
|-heal|p1a: Abombom|12/100 psn|[from] item: Leftovers
|-damage|p1a: Abombom|0 fnt|[from] psn
|faint|p1a: Abombom
|upkeep
|
|t:|1758357004
|switch|p1a: Goro|Raichu, F, shiny|100/100
|-status|p1a: Goro|psn
|-damage|p1a: Goro|88/100 psn|[from] Stealth Rock
|turn|28
|
|t:|1758357012
|move|p1a: Goro|Nasty Plot|p1a: Goro
|-boost|p1a: Goro|spa|2
|move|p2a: Garganacl|Salt Cure|p1a: Goro
|-damage|p1a: Goro|59/100 psn
|-start|p1a: Goro|Salt Cure
|
|-heal|p2a: Garganacl|79/100|[from] item: Leftovers
|-damage|p1a: Goro|47/100 psn|[from] psn
|-damage|p1a: Goro|35/100 psn|[from] Salt Cure
|upkeep
|turn|29
|
|t:|1758357018
|move|p1a: Goro|Draining Kiss|p2a: Garganacl
|-damage|p2a: Garganacl|65/100
|-heal|p1a: Goro|51/100 psn|[from] drain|[of] p2a: Garganacl
|move|p2a: Garganacl|Recover|p2a: Garganacl
|-heal|p2a: Garganacl|100/100
|
|-damage|p1a: Goro|38/100 psn|[from] psn
|-damage|p1a: Goro|26/100 psn|[from] Salt Cure
|upkeep
|turn|30
|inactive|Desert Tail has 120 seconds left.
|
|t:|1758357026
|move|p1a: Goro|Draining Kiss|p2a: Garganacl
|-damage|p2a: Garganacl|87/100
|-heal|p1a: Goro|42/100 psn|[from] drain|[of] p2a: Garganacl
|move|p2a: Garganacl|Salt Cure|p1a: Goro
|-damage|p1a: Goro|14/100 psn
|
|-heal|p2a: Garganacl|93/100|[from] item: Leftovers
|-damage|p1a: Goro|1/100 psn|[from] psn
|-damage|p1a: Goro|0 fnt|[from] Salt Cure
|faint|p1a: Goro
|
|win|otto114
|raw|Desert Tail's rating: 1165 &rarr; <strong>1138</strong><br />(-27 for losing)
|raw|otto114's rating: 1134 &rarr; <strong>1161</strong><br />(+27 for winning)
|c|☆Desert Tail|you are annoying
|l|☆Desert Tail
|player|p1|
