|j|☆Mickey314
|j|☆Manohar&7
|t:|1758259596
|gametype|singles
|player|p1|Mickey314|101|1338
|player|p2|Manohar&7|cynthia|1331
|gen|9
|tier|[Gen 9] OU
|rated|
|rule|HP Percentage Mod: HP is shown in percentages
|rule|Endless Battle Clause: Forcing endless battles is banned
|rule|Species Clause: Limit one of each Pokémon
|rule|OHKO Clause: OHKO moves are banned
|rule|Evasion Items Clause: Evasion items are banned
|rule|Evasion Moves Clause: Evasion moves are banned
|rule|Evasion Abilities Clause: Evasion abilities are banned
|rule|Sleep Moves Clause: Sleep-inducing moves are banned
|clearpoke
|poke|p1|Tornadus, M|
|poke|p1|Kleavor, M|
|poke|p1|Volbeat, M|
|poke|p1|Brambleghast, F|
|poke|p1|Pecharunt|
|poke|p1|Hatterene, F|
|poke|p2|Cinderace, M|
|poke|p2|Great Tusk|
|poke|p2|Darkrai|
|poke|p2|Corviknight, F|
|poke|p2|Primarina, M|
|poke|p2|Dragonite, F|
|teampreview
|inactive|Battle timer is ON: inactive players will automatically lose when time's up. (requested by Manohar&7)
|
|t:|1758259605
|teamsize|p1|6
|teamsize|p2|6
|start
|switch|p1a: Volbeat|Volbeat, M|100/100
|switch|p2a: Primarina|Primarina, M|100/100
|turn|1
|
|t:|1758259619
|move|p1a: Volbeat|Thunder Wave|p2a: Primarina|[miss]
|-miss|p1a: Volbeat|p2a: Primarina
|move|p2a: Primarina|Surf|p1a: Volbeat
|-damage|p1a: Volbeat|7/100
|
|upkeep
|turn|2
|
|t:|1758259631
|move|p1a: Volbeat|Thunder Wave|p2a: Primarina
|-status|p2a: Primarina|par
|move|p2a: Primarina|Surf|p1a: Volbeat
|-damage|p1a: Volbeat|0 fnt
|faint|p1a: Volbeat
|
|upkeep
|
|t:|1758259644
|switch|p1a: Hatterene|Hatterene, F|100/100
|turn|3
|
|t:|1758259648
|move|p1a: Hatterene|Calm Mind|p1a: Hatterene
|-boost|p1a: Hatterene|spa|1
|-boost|p1a: Hatterene|spd|1
|cant|p2a: Primarina|par
|
|upkeep
|turn|4
|
|t:|1758259653
|switch|p2a: Cinderace|Cinderace, M|100/100
|move|p1a: Hatterene|Calm Mind|p1a: Hatterene
|-boost|p1a: Hatterene|spa|1
|-boost|p1a: Hatterene|spd|1
|
|upkeep
|turn|5
|
|t:|1758259658
|-terastallize|p1a: Hatterene|Water
|move|p2a: Cinderace|Gunk Shot|p1a: Hatterene
|-start|p2a: Cinderace|typechange|Poison|[from] ability: Libero
|-damage|p1a: Hatterene|31/100
|-status|p1a: Hatterene|psn
|move|p1a: Hatterene|Psychic Noise|p2a: Cinderace
|-supereffective|p2a: Cinderace
|-damage|p2a: Cinderace|0 fnt
|faint|p2a: Cinderace
|
|-heal|p1a: Hatterene|37/100 psn|[from] item: Leftovers
|-damage|p1a: Hatterene|25/100 psn|[from] psn
|upkeep
|
|t:|1758259674
|switch|p2a: Dragonite|Dragonite, F|100/100
|turn|6
|
|t:|1758259684
|move|p2a: Dragonite|Earthquake|p1a: Hatterene
|-damage|p1a: Hatterene|0 fnt
|faint|p1a: Hatterene
|
|upkeep
|
|t:|1758259691
|switch|p1a: Kleavor|Kleavor, M|100/100
|turn|7
|
|t:|1758259698
|move|p1a: Kleavor|Stone Axe|p2a: Dragonite
|-supereffective|p2a: Dragonite
|-damage|p2a: Dragonite|43/100
|-enditem|p2a: Dragonite|Weakness Policy
|-boost|p2a: Dragonite|atk|2|[from] item: Weakness Policy
|-boost|p2a: Dragonite|spa|2|[from] item: Weakness Policy
|-sidestart|p2: Manohar&7|move: Stealth Rock
|move|p2a: Dragonite|Dragon Dance|p2a: Dragonite
|-boost|p2a: Dragonite|atk|1
|-boost|p2a: Dragonite|spe|1
|
|upkeep
|turn|8
|
|t:|1758259708
|move|p2a: Dragonite|Earthquake|p1a: Kleavor
|-enditem|p1a: Kleavor|Focus Sash
|-damage|p1a: Kleavor|1/100
|move|p1a: Kleavor|Tailwind|p1a: Kleavor
|-sidestart|p1: Mickey314|move: Tailwind
|
|upkeep
|turn|9
|
|t:|1758259715
|switch|p1a: Pecharunt|Pecharunt|100/100
|move|p2a: Dragonite|Extreme Speed|p1a: Pecharunt
|-immune|p1a: Pecharunt
|
|upkeep
|turn|10
|inactive|Manohar&7 has 120 seconds left.
|
|t:|1758259754
|move|p1a: Pecharunt|Malignant Chain|p2a: Dragonite
|-damage|p2a: Dragonite|11/100
|move|p2a: Dragonite|Earthquake|p1a: Pecharunt
|-supereffective|p1a: Pecharunt
|-damage|p1a: Pecharunt|24/100
|
|upkeep
|turn|11
|inactive|Manohar&7 has 120 seconds left.
|
|t:|1758259767
|move|p1a: Pecharunt|Shadow Ball|p2a: Dragonite
|-damage|p2a: Dragonite|0 fnt
|faint|p2a: Dragonite
|
|-sideend|p1: Mickey314|move: Tailwind
|upkeep
|
|t:|1758259774
|switch|p2a: Primarina|Primarina, M|100/100 par
|-damage|p2a: Primarina|88/100 par|[from] Stealth Rock
|turn|12
|
|t:|1758259779
|move|p1a: Pecharunt|Parting Shot|p2a: Primarina
|-unboost|p2a: Primarina|atk|1
|-unboost|p2a: Primarina|spa|1
|
|t:|1758259783
|switch|p1a: Brambleghast|Brambleghast, F|100/100|[from] Parting Shot
|move|p2a: Primarina|Surf|p1a: Brambleghast
|-resisted|p1a: Brambleghast
|-damage|p1a: Brambleghast|54/100
|
|upkeep
|turn|13
|
|t:|1758259792
|switch|p2a: Corviknight|Corviknight, F|100/100
|-ability|p2a: Corviknight|Unnerve
|-damage|p2a: Corviknight|88/100|[from] Stealth Rock
|move|p1a: Brambleghast|Power Whip|p2a: Corviknight|[miss]
|-miss|p1a: Brambleghast|p2a: Corviknight
|
|upkeep
|turn|14
|
|t:|1758259807
|switch|p1a: Pecharunt|Pecharunt|24/100
|move|p2a: Corviknight|U-turn|p1a: Pecharunt
|-resisted|p1a: Pecharunt
|-damage|p1a: Pecharunt|22/100
|
|t:|1758259814
|switch|p2a: Darkrai|Darkrai|100/100|[from] U-turn
|-damage|p2a: Darkrai|88/100|[from] Stealth Rock
|
|upkeep
|turn|15
|
|t:|1758259818
|switch|p1a: Kleavor|Kleavor, M|1/100
|move|p2a: Darkrai|Dark Pulse|p1a: Kleavor
|-damage|p1a: Kleavor|0 fnt
|faint|p1a: Kleavor
|-damage|p2a: Darkrai|78/100|[from] item: Life Orb
|
|upkeep
|
|t:|1758259820
|switch|p1a: Tornadus|Tornadus, M|100/100
|turn|16
|
|t:|1758259827
|move|p1a: Tornadus|Tailwind|p1a: Tornadus
|-sidestart|p1: Mickey314|move: Tailwind
|move|p2a: Darkrai|Ice Beam|p1a: Tornadus
|-supereffective|p1a: Tornadus
|-damage|p1a: Tornadus|0 fnt
|faint|p1a: Tornadus
|-damage|p2a: Darkrai|68/100|[from] item: Life Orb
|
|upkeep
|
|t:|1758259834
|switch|p1a: Brambleghast|Brambleghast, F|54/100
|-ability|p1a: Brambleghast|Wind Rider|boost
|-boost|p1a: Brambleghast|atk|1
|turn|17
|
|t:|1758259843
|switch|p2a: Corviknight|Corviknight, F|88/100
|-ability|p2a: Corviknight|Unnerve
|-damage|p2a: Corviknight|75/100|[from] Stealth Rock
|move|p1a: Brambleghast|Power Whip|p2a: Corviknight
|-resisted|p2a: Corviknight
|-damage|p2a: Corviknight|58/100
|-damage|p1a: Brambleghast|38/100|[from] item: Rocky Helmet|[of] p2a: Corviknight
|-damage|p1a: Brambleghast|28/100|[from] item: Life Orb
|
|upkeep
|turn|18
|
|t:|1758259856
|move|p1a: Brambleghast|Poltergeist|p2a: Corviknight
|-activate|p2a: Corviknight|move: Poltergeist|Rocky Helmet
|-damage|p2a: Corviknight|0 fnt
|faint|p2a: Corviknight
|-damage|p1a: Brambleghast|18/100|[from] item: Life Orb
|
|upkeep
|
|t:|1758259866
|switch|p2a: Primarina|Primarina, M|88/100 par
|-damage|p2a: Primarina|76/100 par|[from] Stealth Rock
|turn|19
|
|t:|1758259872
|switch|p1a: Pecharunt|Pecharunt|22/100
|-terastallize|p2a: Primarina|Poison
|cant|p2a: Primarina|par
|
|-sideend|p1: Mickey314|move: Tailwind
|upkeep
|turn|20
|
|t:|1758259879
|move|p1a: Pecharunt|Recover|p1a: Pecharunt
|-heal|p1a: Pecharunt|72/100
|move|p2a: Primarina|Surf|p1a: Pecharunt
|-damage|p1a: Pecharunt|3/100
|
|upkeep
|turn|21
|
|t:|1758259885
|move|p1a: Pecharunt|Recover|p1a: Pecharunt
|-heal|p1a: Pecharunt|53/100
|cant|p2a: Primarina|par
|
|upkeep
|turn|22
|
|t:|1758259892
|move|p1a: Pecharunt|Parting Shot|p2a: Primarina
|-unboost|p2a: Primarina|atk|1
|-unboost|p2a: Primarina|spa|1
|
|t:|1758259895
|switch|p1a: Brambleghast|Brambleghast, F|18/100|[from] Parting Shot
|move|p2a: Primarina|Surf|p1a: Brambleghast
|-resisted|p1a: Brambleghast
|-damage|p1a: Brambleghast|0 fnt
|faint|p1a: Brambleghast
|
|upkeep
|
|t:|1758259901
|switch|p1a: Pecharunt|Pecharunt|53/100
|turn|23
|
|t:|1758259904
|switch|p2a: Great Tusk|Great Tusk|100/100
|-damage|p2a: Great Tusk|98/100|[from] Stealth Rock
|move|p1a: Pecharunt|Shadow Ball|p2a: Great Tusk
|-damage|p2a: Great Tusk|83/100
|-unboost|p2a: Great Tusk|spd|1
|
|upkeep
|turn|24
|
|t:|1758259908
|move|p1a: Pecharunt|Malignant Chain|p2a: Great Tusk
|-resisted|p2a: Great Tusk
|-damage|p2a: Great Tusk|70/100
|-status|p2a: Great Tusk|tox
|-start|p2a: Great Tusk|confusion|[from] ability: Poison Puppeteer|[of] p1a: Pecharunt
|-activate|p2a: Great Tusk|confusion
|-damage|p2a: Great Tusk|62/100 tox|[from] confusion
|
|-damage|p2a: Great Tusk|56/100 tox|[from] psn
|upkeep
|turn|25
|
|t:|1758259920
|move|p1a: Pecharunt|Shadow Ball|p2a: Great Tusk
|-damage|p2a: Great Tusk|37/100 tox
|-activate|p2a: Great Tusk|confusion
|move|p2a: Great Tusk|Earthquake|p1a: Pecharunt
|-supereffective|p1a: Pecharunt
|-damage|p1a: Pecharunt|12/100
|
|-damage|p2a: Great Tusk|25/100 tox|[from] psn
|upkeep
|turn|26
|
|t:|1758259927
|-end|p2a: Great Tusk|Protosynthesis|[silent]
|switch|p2a: Darkrai|Darkrai|68/100
|-damage|p2a: Darkrai|56/100|[from] Stealth Rock
|move|p1a: Pecharunt|Recover|p1a: Pecharunt
|-heal|p1a: Pecharunt|62/100
|
|upkeep
|turn|27
|
|t:|1758259934
|move|p2a: Darkrai|Dark Pulse|p1a: Pecharunt
|-supereffective|p1a: Pecharunt
|-damage|p1a: Pecharunt|0 fnt
|faint|p1a: Pecharunt
|-damage|p2a: Darkrai|46/100|[from] item: Life Orb
|
|win|Manohar&7
|raw|Mickey314's rating: 1338 &rarr; <strong>1318</strong><br />(-20 for losing)
|raw|Manohar&amp;7's rating: 1331 &rarr; <strong>1351</strong><br />(+20 for winning)
|l|☆Manohar&7
|player|p2|
|l|☆Mickey314
|player|p1|
