|j|☆jlce
|j|☆4arms67
|t:|1758242212
|gametype|singles
|player|p1|jlce|266|1443
|player|p2|4arms67|101|1476
|gen|9
|tier|[Gen 9] OU
|rated|
|rule|HP Percentage Mod: HP is shown in percentages
|rule|Endless Battle Clause: Forcing endless battles is banned
|rule|Species Clause: Limit one of each Pokémon
|rule|OHKO Clause: OHKO moves are banned
|rule|Evasion Items Clause: Evasion items are banned
|rule|Evasion Moves Clause: Evasion moves are banned
|rule|Evasion Abilities Clause: Evasion abilities are banned
|rule|Sleep Moves Clause: Sleep-inducing moves are banned
|clearpoke
|poke|p1|Weavile, F|
|poke|p1|Samurott-Hisui, F|
|poke|p1|Hydreigon, F|
|poke|p1|Tentacruel, M|
|poke|p1|Sinistcha|
|poke|p1|Skeledirge, F|
|poke|p2|Alomomola, M|
|poke|p2|Dragalge, M|
|poke|p2|Lokix, M|
|poke|p2|Great Tusk|
|poke|p2|Gholdengo|
|poke|p2|Moltres|
|teampreview
|
|t:|1758242228
|teamsize|p1|6
|teamsize|p2|6
|start
|switch|p1a: Hydreigon|Hydreigon, F|100/100
|switch|p2a: Dragalge|Dragalge, M|100/100
|turn|1
|
|t:|1758242234
|switch|p1a: Tentacruel|Tentacruel, M|100/100
|switch|p2a: Alomomola|Alomomola, M|100/100
|
|upkeep
|turn|2
|
|t:|1758242245
|move|p1a: Tentacruel|Sludge Wave|p2a: Alomomola
|-damage|p2a: Alomomola|87/100
|move|p2a: Alomomola|Flip Turn|p1a: Tentacruel
|-resisted|p1a: Tentacruel
|-damage|p1a: Tentacruel|90/100
|
|t:|1758242248
|switch|p2a: Great Tusk|Great Tusk|100/100|[from] Flip Turn
|
|upkeep
|turn|3
|
|t:|1758242254
|switch|p1a: Sinistcha|Sinistcha|100/100
|move|p2a: Great Tusk|Ice Spinner|p1a: Sinistcha
|-supereffective|p1a: Sinistcha
|-damage|p1a: Sinistcha|59/100
|
|-heal|p1a: Sinistcha|65/100|[from] item: Leftovers
|upkeep
|turn|4
|
|t:|1758242273
|-end|p2a: Great Tusk|Protosynthesis|[silent]
|switch|p2a: Dragalge|Dragalge, M|100/100
|move|p1a: Sinistcha|Matcha Gotcha|p2a: Dragalge
|-resisted|p2a: Dragalge
|-damage|p2a: Dragalge|93/100
|-heal|p1a: Sinistcha|68/100|[from] drain|[of] p2a: Dragalge
|-status|p2a: Dragalge|brn
|
|-heal|p1a: Sinistcha|74/100|[from] item: Leftovers
|-damage|p2a: Dragalge|87/100 brn|[from] brn
|upkeep
|turn|5
|
|t:|1758242294
|switch|p1a: Tentacruel|Tentacruel, M|90/100
|move|p2a: Dragalge|Sludge Wave|p1a: Tentacruel
|-resisted|p1a: Tentacruel
|-damage|p1a: Tentacruel|62/100
|
|-damage|p2a: Dragalge|81/100 brn|[from] brn
|upkeep
|turn|6
|
|t:|1758242300
|switch|p2a: Gholdengo|Gholdengo|100/100
|move|p1a: Tentacruel|Flip Turn|p2a: Gholdengo
|-damage|p2a: Gholdengo|84/100
|
|t:|1758242305
|switch|p1a: Samurott|Samurott-Hisui, F|100/100|[from] Flip Turn
|
|upkeep
|turn|7
|
|t:|1758242321
|move|p2a: Gholdengo|Dazzling Gleam|p1a: Samurott
|-supereffective|p1a: Samurott
|-damage|p1a: Samurott|10/100
|move|p1a: Samurott|Ceaseless Edge|p2a: Gholdengo|[miss]
|-miss|p1a: Samurott|p2a: Gholdengo
|
|upkeep
|turn|8
|
|t:|1758242328
|move|p1a: Samurott|Sucker Punch|p2a: Gholdengo
|-supereffective|p2a: Gholdengo
|-damage|p2a: Gholdengo|15/100
|move|p2a: Gholdengo|Dazzling Gleam|p1a: Samurott
|-supereffective|p1a: Samurott
|-damage|p1a: Samurott|0 fnt
|faint|p1a: Samurott
|
|upkeep
|
|t:|1758242334
|switch|p1a: Hydreigon|Hydreigon, F|100/100
|turn|9
|
|t:|1758242340
|switch|p1a: Skeledirge|Skeledirge, F|100/100
|move|p2a: Gholdengo|Dazzling Gleam|p1a: Skeledirge
|-resisted|p1a: Skeledirge
|-damage|p1a: Skeledirge|90/100
|
|upkeep
|turn|10
|
|t:|1758242343
|switch|p2a: Alomomola|Alomomola, M|100/100
|move|p1a: Skeledirge|Torch Song|p2a: Alomomola
|-resisted|p2a: Alomomola
|-damage|p2a: Alomomola|92/100
|-boost|p1a: Skeledirge|spa|1
|
|upkeep
|turn|11
|
|t:|1758242362
|move|p1a: Skeledirge|Will-O-Wisp|p2a: Alomomola
|-status|p2a: Alomomola|brn
|move|p2a: Alomomola|Flip Turn|p1a: Skeledirge
|-supereffective|p1a: Skeledirge
|-damage|p1a: Skeledirge|77/100
|inactive|Battle timer is ON: inactive players will automatically lose when time's up. (requested by jlce)
|
|t:|1758242383
|switch|p2a: Moltres|Moltres|100/100|[from] Flip Turn
|
|upkeep
|turn|12
|l|☆jlce
|inactive|jlce disconnected and has a minute to reconnect!
|player|p1|
|inactive|jlce has 30 seconds to reconnect!
|inactive|jlce has 20 seconds to reconnect!
|inactive|jlce has 15 seconds to reconnect!
|inactive|jlce has 10 seconds to reconnect!
|inactive|jlce has 5 seconds to reconnect!
|-message|jlce lost due to inactivity.
|
|win|4arms67
|raw|jlce's rating: 1443 &rarr; <strong>1425</strong><br />(-18 for losing)
|raw|4arms67's rating: 1476 &rarr; <strong>1494</strong><br />(+18 for winning)
|j|☆jlce
|player|p1|jlce|266|
|l|☆jlce
|player|p1|
|l|☆4arms67
|player|p2|
