|j|☆txumelhas
|j|☆vryfast
|t:|1758294349
|gametype|singles
|player|p1|txumelhas|pryce|1174
|player|p2|vryfast|266|1124
|gen|9
|tier|[Gen 9] OU
|rated|
|rule|HP Percentage Mod: HP is shown in percentages
|rule|Endless Battle Clause: Forcing endless battles is banned
|rule|Species Clause: Limit one of each Pokémon
|rule|OHKO Clause: OHKO moves are banned
|rule|Evasion Items Clause: Evasion items are banned
|rule|Evasion Moves Clause: Evasion moves are banned
|rule|Evasion Abilities Clause: Evasion abilities are banned
|rule|Sleep Moves Clause: Sleep-inducing moves are banned
|clearpoke
|poke|p1|Toxapex, M|
|poke|p1|Incineroar, M|
|poke|p1|Muk-Alola, F|
|poke|p1|Mimikyu, M|
|poke|p1|Ninetales-Alola, M|
|poke|p1|Araquanid, F|
|poke|p2|Moltres|
|poke|p2|Articuno|
|poke|p2|Feraligatr, F|
|poke|p2|Charizard, M|
|poke|p2|Slowking-Galar, M|
|poke|p2|Donphan, M|
|teampreview
|
|t:|1758294358
|teamsize|p1|6
|teamsize|p2|6
|start
|switch|p1a: Ninetales|Ninetales-Alola, M|100/100
|switch|p2a: Donphan|Donphan, M|100/100
|-weather|Snowscape|[from] ability: Snow Warning|[of] p1a: Ninetales
|turn|1
|
|t:|1758294367
|move|p1a: Ninetales|Aurora Veil|p1a: Ninetales
|-sidestart|p1: txumelhas|move: Aurora Veil
|move|p2a: Donphan|Stealth Rock|p1a: Ninetales
|-sidestart|p1: txumelhas|move: Stealth Rock
|
|-weather|Snowscape|[upkeep]
|upkeep
|turn|2
|
|t:|1758294373
|move|p1a: Ninetales|Blizzard|p2a: Donphan
|-supereffective|p2a: Donphan
|-ability|p2a: Donphan|Sturdy
|-damage|p2a: Donphan|1/100
|move|p2a: Donphan|Knock Off|p1a: Ninetales
|-resisted|p1a: Ninetales
|-damage|p1a: Ninetales|92/100
|-enditem|p1a: Ninetales|Light Clay|[from] move: Knock Off|[of] p2a: Donphan
|
|-weather|Snowscape|[upkeep]
|upkeep
|turn|3
|-enditem|p2a: Donphan|Custap Berry|[eat]
|-activate|p2a: Donphan|item: Custap Berry|[consumed]
|
|t:|1758294383
|move|p2a: Donphan|Earthquake|p1a: Ninetales
|-damage|p1a: Ninetales|64/100
|move|p1a: Ninetales|Blizzard|p2a: Donphan
|-supereffective|p2a: Donphan
|-crit|p2a: Donphan
|-damage|p2a: Donphan|0 fnt
|faint|p2a: Donphan
|
|-weather|Snowscape|[upkeep]
|upkeep
|
|t:|1758294395
|switch|p2a: Articuno|Articuno|100/100
|-ability|p2a: Articuno|Pressure
|turn|4
|
|t:|1758294401
|move|p1a: Ninetales|Blizzard|p2a: Articuno
|-damage|p2a: Articuno|77/100
|move|p2a: Articuno|Light Screen|p2a: Articuno
|-sidestart|p2: vryfast|move: Light Screen
|
|-weather|Snowscape|[upkeep]
|upkeep
|turn|5
|
|t:|1758294410
|switch|p2a: Feraligatr|Feraligatr, F|100/100
|move|p1a: Ninetales|Moonblast|p2a: Feraligatr
|-damage|p2a: Feraligatr|82/100
|-unboost|p2a: Feraligatr|spa|1
|
|-weather|none
|upkeep
|turn|6
|
|t:|1758294419
|switch|p1a: Araquanid|Araquanid, F|100/100
|-damage|p1a: Araquanid|75/100|[from] Stealth Rock
|move|p2a: Feraligatr|Dragon Dance|p2a: Feraligatr
|-boost|p2a: Feraligatr|atk|1
|-boost|p2a: Feraligatr|spe|1
|
|-heal|p1a: Araquanid|82/100|[from] item: Leftovers
|upkeep
|turn|7
|
|t:|1758294428
|move|p2a: Feraligatr|Crunch|p1a: Araquanid
|-damage|p1a: Araquanid|52/100
|move|p1a: Araquanid|Sticky Web|p2a: Feraligatr
|-sidestart|p2: vryfast|move: Sticky Web
|
|-heal|p1a: Araquanid|58/100|[from] item: Leftovers
|upkeep
|turn|8
|
|t:|1758294436
|move|p2a: Feraligatr|Dragon Dance|p2a: Feraligatr
|-boost|p2a: Feraligatr|atk|1
|-boost|p2a: Feraligatr|spe|1
|move|p1a: Araquanid|Poison Jab|p2a: Feraligatr
|-damage|p2a: Feraligatr|65/100
|-status|p2a: Feraligatr|psn
|
|-heal|p1a: Araquanid|65/100|[from] item: Leftovers
|-damage|p2a: Feraligatr|53/100 psn|[from] psn
|-sideend|p1: txumelhas|move: Aurora Veil
|upkeep
|turn|9
|
|t:|1758294447
|move|p2a: Feraligatr|Crunch|p1a: Araquanid
|-damage|p1a: Araquanid|0 fnt
|faint|p1a: Araquanid
|
|-damage|p2a: Feraligatr|41/100 psn|[from] psn
|upkeep
|
|t:|1758294456
|switch|p1a: Ninetales|Ninetales-Alola, M|64/100
|-damage|p1a: Ninetales|39/100|[from] Stealth Rock
|-weather|Snowscape|[from] ability: Snow Warning|[of] p1a: Ninetales
|turn|10
|
|t:|1758294461
|move|p2a: Feraligatr|Liquidation|p1a: Ninetales
|-crit|p1a: Ninetales
|-damage|p1a: Ninetales|0 fnt
|faint|p1a: Ninetales
|
|-weather|Snowscape|[upkeep]
|-damage|p2a: Feraligatr|28/100 psn|[from] psn
|upkeep
|
|t:|1758294471
|switch|p1a: Muk|Muk-Alola, F|100/100
|-damage|p1a: Muk|88/100|[from] Stealth Rock
|turn|11
|
|t:|1758294480
|move|p2a: Feraligatr|Liquidation|p1a: Muk
|-damage|p1a: Muk|0 fnt
|faint|p1a: Muk
|
|-weather|Snowscape|[upkeep]
|-damage|p2a: Feraligatr|16/100 psn|[from] psn
|-sideend|p2: vryfast|move: Light Screen
|upkeep
|
|t:|1758294488
|switch|p1a: Mimikyu|Mimikyu, M|100/100
|-damage|p1a: Mimikyu|88/100|[from] Stealth Rock
|turn|12
|
|t:|1758294493
|move|p2a: Feraligatr|Liquidation|p1a: Mimikyu
|-activate|p1a: Mimikyu|ability: Disguise
|-damage|p1a: Mimikyu|88/100
|detailschange|p1a: Mimikyu|Mimikyu-Busted, M
|-damage|p1a: Mimikyu|76/100|[from] pokemon: Mimikyu-Busted
|move|p1a: Mimikyu|Swords Dance|p1a: Mimikyu
|-boost|p1a: Mimikyu|atk|2
|
|-weather|Snowscape|[upkeep]
|-heal|p1a: Mimikyu|82/100|[from] item: Leftovers
|-damage|p2a: Feraligatr|4/100 psn|[from] psn
|upkeep
|turn|13
|
|t:|1758294506
|move|p1a: Mimikyu|Shadow Sneak|p2a: Feraligatr
|-damage|p2a: Feraligatr|0 fnt
|faint|p2a: Feraligatr
|
|-weather|Snowscape|[upkeep]
|-heal|p1a: Mimikyu|88/100|[from] item: Leftovers
|upkeep
|
|t:|1758294510
|switch|p2a: Moltres|Moltres|100/100
|turn|14
|
|t:|1758294521
|move|p1a: Mimikyu|Shadow Claw|p2a: Moltres
|-damage|p2a: Moltres|64/100
|-damage|p1a: Mimikyu|71/100|[from] item: Rocky Helmet|[of] p2a: Moltres
|-status|p1a: Mimikyu|brn|[from] ability: Flame Body|[of] p2a: Moltres
|move|p2a: Moltres|Will-O-Wisp|p1a: Mimikyu
|-fail|p1a: Mimikyu|brn
|
|-weather|none
|-heal|p1a: Mimikyu|77/100 brn|[from] item: Leftovers
|-damage|p1a: Mimikyu|71/100 brn|[from] brn
|upkeep
|turn|15
|
|t:|1758294534
|move|p1a: Mimikyu|Swords Dance|p1a: Mimikyu
|-boost|p1a: Mimikyu|atk|2
|move|p2a: Moltres|Roost|p2a: Moltres
|-heal|p2a: Moltres|100/100
|-singleturn|p2a: Moltres|move: Roost
|
|-heal|p1a: Mimikyu|77/100 brn|[from] item: Leftovers
|-damage|p1a: Mimikyu|71/100 brn|[from] brn
|upkeep
|turn|16
|
|t:|1758294545
|move|p1a: Mimikyu|Swords Dance|p1a: Mimikyu
|-boost|p1a: Mimikyu|atk|2
|move|p2a: Moltres|Flamethrower|p1a: Mimikyu
|-damage|p1a: Mimikyu|21/100 brn
|
|-heal|p1a: Mimikyu|27/100 brn|[from] item: Leftovers
|-damage|p1a: Mimikyu|21/100 brn|[from] brn
|upkeep
|turn|17
|
|t:|1758294554
|move|p1a: Mimikyu|Shadow Claw|p2a: Moltres
|-damage|p2a: Moltres|64/100
|-damage|p1a: Mimikyu|4/100 brn|[from] item: Rocky Helmet|[of] p2a: Moltres
|move|p2a: Moltres|Flamethrower|p1a: Mimikyu
|-damage|p1a: Mimikyu|0 fnt
|faint|p1a: Mimikyu
|
|upkeep
|
|t:|1758294570
|switch|p1a: Toxapex|Toxapex, M|100/100
|-damage|p1a: Toxapex|88/100|[from] Stealth Rock
|turn|18
|
|t:|1758294581
|switch|p2a: Slowking|Slowking-Galar, M|100/100
|-activate|p2a: Slowking|move: Sticky Web
|-unboost|p2a: Slowking|spe|1
|move|p1a: Toxapex|Liquidation|p2a: Slowking
|-damage|p2a: Slowking|73/100
|
|-heal|p1a: Toxapex|94/100|[from] item: Black Sludge
|upkeep
|turn|19
|
|t:|1758294596
|move|p1a: Toxapex|Liquidation|p2a: Slowking
|-damage|p2a: Slowking|49/100
|-unboost|p2a: Slowking|def|1
|move|p2a: Slowking|Psychic|p1a: Toxapex
|-supereffective|p1a: Toxapex
|-damage|p1a: Toxapex|23/100
|
|-heal|p1a: Toxapex|29/100|[from] item: Black Sludge
|upkeep
|turn|20
|
|t:|1758294606
|move|p1a: Toxapex|Liquidation|p2a: Slowking
|-damage|p2a: Slowking|12/100
|-unboost|p2a: Slowking|def|1
|move|p2a: Slowking|Psychic|p1a: Toxapex
|-supereffective|p1a: Toxapex
|-damage|p1a: Toxapex|0 fnt
|faint|p1a: Toxapex
|
|upkeep
|
|t:|1758294615
|switch|p1a: Incineroar|Incineroar, M|100/100
|-damage|p1a: Incineroar|75/100|[from] Stealth Rock
|-ability|p1a: Incineroar|Intimidate|boost
|-unboost|p2a: Slowking|atk|1
|turn|21
|inactive|Battle timer is ON: inactive players will automatically lose when time's up. (requested by txumelhas)
|
|t:|1758294661
|move|p1a: Incineroar|Earthquake|p2a: Slowking
|-supereffective|p2a: Slowking
|-damage|p2a: Slowking|0 fnt
|faint|p2a: Slowking
|
|upkeep
|
|t:|1758294665
|switch|p2a: Moltres|Moltres|64/100
|turn|22
|
|t:|1758294671
|move|p1a: Incineroar|Darkest Lariat|p2a: Moltres
|-damage|p2a: Moltres|34/100
|-damage|p1a: Incineroar|59/100|[from] item: Rocky Helmet|[of] p2a: Moltres
|move|p2a: Moltres|Roost|p2a: Moltres
|-heal|p2a: Moltres|84/100
|-singleturn|p2a: Moltres|move: Roost
|
|upkeep
|turn|23
|
|t:|1758294682
|move|p1a: Incineroar|Darkest Lariat|p2a: Moltres
|-damage|p2a: Moltres|58/100
|-damage|p1a: Incineroar|42/100|[from] item: Rocky Helmet|[of] p2a: Moltres
|move|p2a: Moltres|Roost|p2a: Moltres
|-heal|p2a: Moltres|100/100
|-singleturn|p2a: Moltres|move: Roost
|
|upkeep
|turn|24
|
|t:|1758294692
|move|p1a: Incineroar|Darkest Lariat|p2a: Moltres
|-damage|p2a: Moltres|72/100
|-damage|p1a: Incineroar|26/100|[from] item: Rocky Helmet|[of] p2a: Moltres
|move|p2a: Moltres|Roost|p2a: Moltres
|-heal|p2a: Moltres|100/100
|-singleturn|p2a: Moltres|move: Roost
|
|upkeep
|turn|25
|
|t:|1758294714
|move|p1a: Incineroar|Darkest Lariat|p2a: Moltres
|-damage|p2a: Moltres|70/100
|-damage|p1a: Incineroar|9/100|[from] item: Rocky Helmet|[of] p2a: Moltres
|move|p2a: Moltres|Roost|p2a: Moltres
|-heal|p2a: Moltres|100/100
|-singleturn|p2a: Moltres|move: Roost
|
|upkeep
|turn|26
|
|t:|1758294726
|move|p1a: Incineroar|Darkest Lariat|p2a: Moltres
|-damage|p2a: Moltres|71/100
|-damage|p1a: Incineroar|0 fnt|[from] item: Rocky Helmet|[of] p2a: Moltres
|faint|p1a: Incineroar
|
|win|vryfast
|raw|txumelhas's rating: 1174 &rarr; <strong>1145</strong><br />(-29 for losing)
|raw|vryfast's rating: 1124 &rarr; <strong>1153</strong><br />(+29 for winning)
|l|☆txumelhas
|player|p1|
|l|☆vryfast
|player|p2|
