|j|☆nw loader
|j|☆Tri Dusk
|t:|1758378155
|gametype|singles
|player|p1|nw loader|rocketgrunt|1125
|player|p2|Tri Dusk|collector|1107
|gen|9
|tier|[Gen 9] OU
|rated|
|rule|HP Percentage Mod: HP is shown in percentages
|rule|Endless Battle Clause: Forcing endless battles is banned
|rule|Species Clause: Limit one of each Pokémon
|rule|OHKO Clause: OHKO moves are banned
|rule|Evasion Items Clause: Evasion items are banned
|rule|Evasion Moves Clause: Evasion moves are banned
|rule|Evasion Abilities Clause: Evasion abilities are banned
|rule|Sleep Moves Clause: Sleep-inducing moves are banned
|clearpoke
|poke|p1|Corviknight, F|
|poke|p1|Salamence, M|
|poke|p1|Iron Valiant|
|poke|p1|Sandy Shocks|
|poke|p1|Slowking-Galar, F|
|poke|p1|Meowscarada, F|
|poke|p2|Magneton|
|poke|p2|Dodrio, F|
|poke|p2|Hydreigon, M|
|poke|p2|Dugtrio, M|
|poke|p2|Wugtrio, M|
|poke|p2|Exeggutor, F|
|teampreview
|inactive|Battle timer is ON: inactive players will automatically lose when time's up. (requested by Tri Dusk)
|
|t:|1758378168
|teamsize|p1|6
|teamsize|p2|6
|start
|switch|p1a: Meowscarada|Meowscarada, F|100/100
|switch|p2a: Dugtrio|Dugtrio, M|100/100
|turn|1
|
|t:|1758378190
|move|p1a: Meowscarada|Knock Off|p2a: Dugtrio
|-start|p1a: Meowscarada|typechange|Dark|[from] ability: Protean
|-enditem|p2a: Dugtrio|Focus Sash
|-damage|p2a: Dugtrio|1/100
|move|p2a: Dugtrio|Endeavor|p1a: Meowscarada
|-damage|p1a: Meowscarada|1/100
|
|upkeep
|turn|2
|
|t:|1758378201
|switch|p1a: Corviknight|Corviknight, F|100/100
|-ability|p1a: Corviknight|Pressure
|move|p2a: Dugtrio|Sucker Punch||[still]
|-fail|p2a: Dugtrio
|
|upkeep
|turn|3
|
|t:|1758378214
|move|p2a: Dugtrio|Endeavor|p1a: Corviknight
|-damage|p1a: Corviknight|1/100
|-damage|p2a: Dugtrio|0 fnt|[from] item: Rocky Helmet|[of] p1a: Corviknight
|faint|p2a: Dugtrio
|move|p1a: Corviknight|Defog|p2: Dugtrio|[notarget]
|-fail|p1a: Corviknight
|
|upkeep
|
|t:|1758378226
|switch|p2a: Hydreigon|Hydreigon, M|100/100
|turn|4
|
|t:|1758378230
|switch|p1a: Slowking|Slowking-Galar, F|100/100
|move|p2a: Hydreigon|U-turn|p1a: Slowking
|-damage|p1a: Slowking|86/100
|inactive|Tri Dusk has 120 seconds left.
|
|t:|1758378255
|switch|p2a: Exeggutor|Exeggutor, F|100/100|[from] U-turn
|
|-heal|p1a: Slowking|92/100|[from] item: Black Sludge
|upkeep
|turn|5
|
|t:|1758378264
|move|p2a: Exeggutor|Leech Seed|p1a: Slowking|[miss]
|-miss|p2a: Exeggutor|p1a: Slowking
|move|p1a: Slowking|Sludge Wave|p2a: Exeggutor
|-supereffective|p2a: Exeggutor
|-damage|p2a: Exeggutor|15/100
|
|-heal|p1a: Slowking|98/100|[from] item: Black Sludge
|upkeep
|turn|6
|
|t:|1758378275
|move|p2a: Exeggutor|Protect|p2a: Exeggutor
|-singleturn|p2a: Exeggutor|Protect
|-prepare|p1a: Slowking|Chilly Reception|[premajor]
|move|p1a: Slowking|Chilly Reception|p1a: Slowking
|-weather|Snowscape
|
|t:|1758378281
|switch|p1a: Meowscarada|Meowscarada, F|1/100|[from] Chilly Reception
|
|-weather|Snowscape|[upkeep]
|upkeep
|turn|7
|
|t:|1758378289
|move|p1a: Meowscarada|Knock Off|p2a: Exeggutor
|-start|p1a: Meowscarada|typechange|Dark|[from] ability: Protean
|-supereffective|p2a: Exeggutor
|-damage|p2a: Exeggutor|0 fnt
|faint|p2a: Exeggutor
|
|-weather|Snowscape|[upkeep]
|upkeep
|
|t:|1758378297
|switch|p2a: Hydreigon|Hydreigon, M|100/100
|turn|8
|
|t:|1758378303
|switch|p1a: Sandy Shocks|Sandy Shocks|100/100
|move|p2a: Hydreigon|U-turn|p1a: Sandy Shocks
|-damage|p1a: Sandy Shocks|83/100
|
|t:|1758378315
|switch|p2a: Wugtrio|Wugtrio, M|100/100|[from] U-turn
|
|-weather|Snowscape|[upkeep]
|upkeep
|turn|9
|
|t:|1758378325
|-end|p1a: Sandy Shocks|Protosynthesis|[silent]
|switch|p1a: Salamence|Salamence, M|100/100
|-ability|p1a: Salamence|Intimidate|boost
|-unboost|p2a: Wugtrio|atk|1
|move|p2a: Wugtrio|Liquidation|p1a: Salamence
|-resisted|p1a: Salamence
|-damage|p1a: Salamence|82/100
|-damage|p2a: Wugtrio|91/100|[from] item: Life Orb
|
|-weather|Snowscape|[upkeep]
|upkeep
|turn|10
|
|t:|1758378338
|move|p2a: Wugtrio|Foul Play|p1a: Salamence
|-damage|p1a: Salamence|28/100
|-damage|p2a: Wugtrio|81/100|[from] item: Life Orb
|move|p1a: Salamence|Draco Meteor|p2a: Wugtrio
|-damage|p2a: Wugtrio|0 fnt
|-unboost|p1a: Salamence|spa|2
|faint|p2a: Wugtrio
|
|-weather|none
|upkeep
|
|t:|1758378350
|switch|p2a: Hydreigon|Hydreigon, M|100/100
|turn|11
|
|t:|1758378356
|switch|p1a: Slowking|Slowking-Galar, F|100/100
|move|p2a: Hydreigon|Dark Pulse|p1a: Slowking
|-supereffective|p1a: Slowking
|-damage|p1a: Slowking|50/100
|
|-heal|p1a: Slowking|56/100|[from] item: Black Sludge
|upkeep
|turn|12
|
|t:|1758378375
|switch|p1a: Corviknight|Corviknight, F|1/100
|-ability|p1a: Corviknight|Pressure
|move|p2a: Hydreigon|Dark Pulse|p1a: Corviknight
|-damage|p1a: Corviknight|0 fnt
|faint|p1a: Corviknight
|
|upkeep
|
|t:|1758378384
|switch|p1a: Meowscarada|Meowscarada, F|1/100
|turn|13
|
|t:|1758378388
|move|p2a: Hydreigon|Dark Pulse|p1a: Meowscarada
|-resisted|p1a: Meowscarada
|-damage|p1a: Meowscarada|0 fnt
|faint|p1a: Meowscarada
|
|upkeep
|
|t:|1758378394
|switch|p1a: Iron Valiant|Iron Valiant|100/100
|-enditem|p1a: Iron Valiant|Booster Energy
|-activate|p1a: Iron Valiant|ability: Quark Drive|[fromitem]
|-start|p1a: Iron Valiant|quarkdrivespe
|turn|14
|
|t:|1758378408
|switch|p2a: Dodrio|Dodrio, F|100/100
|move|p1a: Iron Valiant|Moonblast|p2a: Dodrio
|-damage|p2a: Dodrio|28/100
|
|upkeep
|turn|15
|
|t:|1758378424
|move|p1a: Iron Valiant|Moonblast|p2a: Dodrio
|-damage|p2a: Dodrio|0 fnt
|faint|p2a: Dodrio
|
|upkeep
|
|t:|1758378434
|switch|p2a: Magneton|Magneton|100/100
|turn|16
|
|t:|1758378453
|-terastallize|p2a: Magneton|Electric
|move|p1a: Iron Valiant|Close Combat|p2a: Magneton
|-damage|p2a: Magneton|47/100
|-unboost|p1a: Iron Valiant|def|1
|-unboost|p1a: Iron Valiant|spd|1
|move|p2a: Magneton|Steel Beam|p1a: Iron Valiant
|-supereffective|p1a: Iron Valiant
|-damage|p1a: Iron Valiant|0 fnt
|-damage|p2a: Magneton|0 fnt|[from] steelbeam
|faint|p2a: Magneton
|faint|p1a: Iron Valiant
|-end|p1a: Iron Valiant|Quark Drive|[silent]
|
|upkeep
|
|t:|1758378477
|switch|p1a: Salamence|Salamence, M|28/100
|switch|p2a: Hydreigon|Hydreigon, M|100/100
|-ability|p1a: Salamence|Intimidate|boost
|-unboost|p2a: Hydreigon|atk|1
|turn|17
|
|t:|1758378487
|move|p2a: Hydreigon|Dark Pulse|p1a: Salamence
|-damage|p1a: Salamence|0 fnt
|faint|p1a: Salamence
|
|upkeep
|
|t:|1758378491
|switch|p1a: Sandy Shocks|Sandy Shocks|83/100
|turn|18
|
|t:|1758378498
|move|p2a: Hydreigon|Dark Pulse|p1a: Sandy Shocks
|-damage|p1a: Sandy Shocks|51/100
|move|p1a: Sandy Shocks|Thunderbolt|p2a: Hydreigon
|-resisted|p2a: Hydreigon
|-damage|p2a: Hydreigon|75/100
|
|upkeep
|turn|19
|
|t:|1758378505
|move|p2a: Hydreigon|Dark Pulse|p1a: Sandy Shocks
|-damage|p1a: Sandy Shocks|18/100
|cant|p1a: Sandy Shocks|flinch
|
|upkeep
|turn|20
|-message|nw loader forfeited.
|
|win|Tri Dusk
|raw|nw loader's rating: 1125 &rarr; <strong>1099</strong><br />(-26 for losing)
|raw|Tri Dusk's rating: 1107 &rarr; <strong>1133</strong><br />(+26 for winning)
|l|☆nw loader
|player|p1|
|l|☆Tri Dusk
|player|p2|
