|j|☆sushi43
|j|☆Enchidio
|t:|1758316220
|gametype|singles
|player|p1|sushi43|2|1322
|player|p2|Enchidio|gambler|1327
|gen|9
|tier|[Gen 9] OU
|rated|
|rule|HP Percentage Mod: HP is shown in percentages
|rule|Endless Battle Clause: Forcing endless battles is banned
|rule|Species Clause: Limit one of each Pokémon
|rule|OHKO Clause: OHKO moves are banned
|rule|Evasion Items Clause: Evasion items are banned
|rule|Evasion Moves Clause: Evasion moves are banned
|rule|Evasion Abilities Clause: Evasion abilities are banned
|rule|Sleep Moves Clause: Sleep-inducing moves are banned
|clearpoke
|poke|p1|Ogerpon-Wellspring, F|
|poke|p1|Kingambit, M|
|poke|p1|Landorus-Therian, M|
|poke|p1|Glimmora, F|
|poke|p1|Dragapult, M|
|poke|p1|Iron Valiant|
|poke|p2|Gliscor, F|
|poke|p2|Weezing-Galar, M|
|poke|p2|Corviknight, M|
|poke|p2|Ting-Lu|
|poke|p2|Alomomola, F|
|poke|p2|Kyurem|
|teampreview
|c|☆Enchidio|glhf
|inactive|Battle timer is ON: inactive players will automatically lose when time's up. (requested by Enchidio)
|
|t:|1758316237
|teamsize|p1|6
|teamsize|p2|6
|start
|switch|p1a: Landorus|Landorus-Therian, M|100/100
|switch|p2a: hey now...|Corviknight, M|100/100
|-ability|p1a: Landorus|Intimidate|boost
|-unboost|p2a: hey now...|atk|1
|-ability|p2a: hey now...|Pressure
|turn|1
|
|t:|1758316245
|move|p1a: Landorus|Taunt|p2a: hey now...
|-start|p2a: hey now...|move: Taunt
|move|p2a: hey now...|U-turn|p1a: Landorus
|-resisted|p1a: Landorus
|-damage|p1a: Landorus|96/100
|-damage|p2a: hey now...|84/100|[from] item: Rocky Helmet|[of] p1a: Landorus
|
|t:|1758316249
|switch|p2a: shwt like a melody|Gliscor, F|100/100|[from] U-turn
|
|-status|p2a: shwt like a melody|tox|[from] item: Toxic Orb
|upkeep
|turn|2
|
|t:|1758316256
|move|p1a: Landorus|Stealth Rock|p2a: shwt like a melody
|-sidestart|p2: Enchidio|move: Stealth Rock
|move|p2a: shwt like a melody|Knock Off|p1a: Landorus
|-damage|p1a: Landorus|76/100
|-damage|p2a: shwt like a melody|84/100 tox|[from] item: Rocky Helmet|[of] p1a: Landorus
|-enditem|p1a: Landorus|Rocky Helmet|[from] move: Knock Off|[of] p2a: shwt like a melody
|
|-heal|p2a: shwt like a melody|97/100 tox|[from] ability: Poison Heal
|upkeep
|turn|3
|
|t:|1758316264
|move|p1a: Landorus|U-turn|p2a: shwt like a melody
|-resisted|p2a: shwt like a melody
|-damage|p2a: shwt like a melody|88/100 tox
|
|t:|1758316278
|switch|p1a: Ogerpon|Ogerpon-Wellspring, F|100/100|[from] U-turn
|move|p2a: shwt like a melody|Toxic|p1a: Ogerpon
|-status|p1a: Ogerpon|tox
|
|-damage|p1a: Ogerpon|95/100 tox|[from] psn
|-heal|p2a: shwt like a melody|100/100 tox|[from] ability: Poison Heal
|upkeep
|turn|4
|
|t:|1758316287
|switch|p2a: hey now...|Corviknight, M|84/100
|-damage|p2a: hey now...|72/100|[from] Stealth Rock
|-ability|p2a: hey now...|Pressure
|move|p1a: Ogerpon|Ivy Cudgel|p2a: hey now...|[anim] Ivy Cudgel Water
|-damage|p2a: hey now...|37/100
|
|-damage|p1a: Ogerpon|83/100 tox|[from] psn
|upkeep
|turn|5
|
|t:|1758316298
|move|p1a: Ogerpon|Ivy Cudgel|p2a: hey now...|[anim] Ivy Cudgel Water
|-damage|p2a: hey now...|3/100
|move|p2a: hey now...|Roost|p2a: hey now...
|-heal|p2a: hey now...|53/100
|-singleturn|p2a: hey now...|move: Roost
|
|-damage|p1a: Ogerpon|65/100 tox|[from] psn
|upkeep
|turn|6
|
|t:|1758316307
|move|p1a: Ogerpon|Taunt|p2a: hey now...
|-start|p2a: hey now...|move: Taunt
|cant|p2a: hey now...|move: Taunt|Roost
|
|-damage|p1a: Ogerpon|41/100 tox|[from] psn
|upkeep
|turn|7
|
|t:|1758316313
|move|p1a: Ogerpon|Ivy Cudgel|p2a: hey now...|[anim] Ivy Cudgel Water
|-damage|p2a: hey now...|19/100
|move|p2a: hey now...|U-turn|p1a: Ogerpon
|-supereffective|p1a: Ogerpon
|-damage|p1a: Ogerpon|4/100 tox
|
|t:|1758316317
|switch|p2a: laufey|Alomomola, F|100/100|[from] U-turn
|
|-damage|p1a: Ogerpon|0 fnt|[from] psn
|faint|p1a: Ogerpon
|upkeep
|
|t:|1758316325
|switch|p1a: Dragapult|Dragapult, M|100/100
|turn|8
|
|t:|1758316332
|move|p1a: Dragapult|Shadow Ball|p2a: laufey
|-damage|p2a: laufey|49/100
|move|p2a: laufey|Wish|p2a: laufey
|
|upkeep
|turn|9
|
|t:|1758316337
|switch|p2a: Baki from Baki|Ting-Lu|100/100
|-damage|p2a: Baki from Baki|94/100|[from] Stealth Rock
|-ability|p2a: Baki from Baki|Vessel of Ruin
|move|p1a: Dragapult|Shadow Ball|p2a: Baki from Baki
|-resisted|p2a: Baki from Baki
|-damage|p2a: Baki from Baki|84/100
|
|-heal|p2a: Baki from Baki|100/100|[from] move: Wish|[wisher] laufey
|upkeep
|turn|10
|
|t:|1758316353
|switch|p1a: Landorus|Landorus-Therian, M|76/100
|-ability|p1a: Landorus|Intimidate|boost
|-unboost|p2a: Baki from Baki|atk|1
|move|p2a: Baki from Baki|Stealth Rock|p1a: Landorus
|-sidestart|p1: sushi43|move: Stealth Rock
|
|upkeep
|turn|11
|
|t:|1758316368
|move|p1a: Landorus|Taunt|p2a: Baki from Baki
|-start|p2a: Baki from Baki|move: Taunt
|move|p2a: Baki from Baki|Ruination|p1a: Landorus
|-damage|p1a: Landorus|38/100
|
|upkeep
|turn|12
|
|t:|1758316374
|move|p1a: Landorus|U-turn|p2a: Baki from Baki
|-supereffective|p2a: Baki from Baki
|-crit|p2a: Baki from Baki
|-damage|p2a: Baki from Baki|65/100
|
|t:|1758316377
|switch|p1a: Iron Valiant|Iron Valiant|100/100|[from] U-turn
|-damage|p1a: Iron Valiant|94/100|[from] Stealth Rock
|-enditem|p1a: Iron Valiant|Booster Energy
|-activate|p1a: Iron Valiant|ability: Quark Drive|[fromitem]
|-start|p1a: Iron Valiant|quarkdrivespe
|move|p2a: Baki from Baki|Ruination|p1a: Iron Valiant|[miss]
|-miss|p2a: Baki from Baki|p1a: Iron Valiant
|
|-heal|p2a: Baki from Baki|71/100|[from] item: Leftovers
|upkeep
|turn|13
|
|t:|1758316389
|switch|p2a: GENTLEMAN by PSY|Weezing-Galar, M|100/100
|-ability|p2a: GENTLEMAN by PSY|Neutralizing Gas
|move|p1a: Iron Valiant|Swords Dance|p1a: Iron Valiant
|-boost|p1a: Iron Valiant|atk|2
|
|upkeep
|turn|14
|
|t:|1758316402
|-terastallize|p1a: Iron Valiant|Steel
|move|p1a: Iron Valiant|Knock Off|p2a: GENTLEMAN by PSY
|-resisted|p2a: GENTLEMAN by PSY
|-damage|p2a: GENTLEMAN by PSY|77/100
|-enditem|p2a: GENTLEMAN by PSY|Heavy-Duty Boots|[from] move: Knock Off|[of] p1a: Iron Valiant
|move|p2a: GENTLEMAN by PSY|Will-O-Wisp|p1a: Iron Valiant
|-status|p1a: Iron Valiant|brn
|
|-damage|p1a: Iron Valiant|88/100 brn|[from] brn
|upkeep
|turn|15
|-message|sushi43 forfeited.
|
|win|Enchidio
|raw|sushi43's rating: 1322 &rarr; <strong>1302</strong><br />(-20 for losing)
|raw|Enchidio's rating: 1327 &rarr; <strong>1347</strong><br />(+20 for winning)
|l|☆sushi43
|player|p1|
