|j|☆xshupuppy
|j|☆pokex265
|t:|1758336568
|gametype|singles
|player|p1|xshupuppy|170|1352
|player|p2|pokex265|170|1414
|gen|9
|tier|[Gen 9] OU
|rated|
|rule|HP Percentage Mod: HP is shown in percentages
|rule|Endless Battle Clause: Forcing endless battles is banned
|rule|Species Clause: Limit one of each Pokémon
|rule|OHKO Clause: OHKO moves are banned
|rule|Evasion Items Clause: Evasion items are banned
|rule|Evasion Moves Clause: Evasion moves are banned
|rule|Evasion Abilities Clause: Evasion abilities are banned
|rule|Sleep Moves Clause: Sleep-inducing moves are banned
|clearpoke
|poke|p1|Kleavor, F|
|poke|p1|Brambleghast, F|
|poke|p1|Moltres|
|poke|p1|Mamoswine, F|
|poke|p1|Pecharunt|
|poke|p1|Kingambit, M|
|poke|p2|Great Tusk|
|poke|p2|Corviknight, M|
|poke|p2|Feraligatr, M|
|poke|p2|Hatterene, F|
|poke|p2|Blissey, F|
|poke|p2|Dragapult, M|
|teampreview
|
|t:|1758336594
|teamsize|p1|6
|teamsize|p2|6
|start
|switch|p1a: Pecharunt|Pecharunt|100/100
|switch|p2a: Dragapult|Dragapult, M|100/100
|-item|p1a: Pecharunt|Air Balloon
|turn|1
|
|t:|1758336613
|switch|p1a: Kingambit|Kingambit, M|100/100
|move|p2a: Dragapult|Shadow Ball|p1a: Kingambit
|-resisted|p1a: Kingambit
|-damage|p1a: Kingambit|72/100
|
|upkeep
|turn|2
|
|t:|1758336637
|switch|p2a: Corviknight|Corviknight, M|100/100
|move|p1a: Kingambit|Kowtow Cleave|p2a: Corviknight
|-damage|p2a: Corviknight|68/100
|-damage|p1a: Kingambit|56/100|[from] item: Rocky Helmet|[of] p2a: Corviknight
|
|upkeep
|turn|3
|
|t:|1758336644
|-end|p1a: Kingambit|fallenundefined|[silent]
|switch|p1a: Moltres|Moltres|100/100
|move|p2a: Corviknight|Body Press|p1a: Moltres
|-resisted|p1a: Moltres
|-damage|p1a: Moltres|85/100
|-status|p2a: Corviknight|brn|[from] ability: Flame Body|[of] p1a: Moltres
|
|-damage|p2a: Corviknight|62/100 brn|[from] brn
|upkeep
|turn|4
|
|t:|1758336649
|switch|p2a: Blissey|Blissey, F|100/100
|move|p1a: Moltres|Tailwind|p1a: Moltres
|-sidestart|p1: xshupuppy|move: Tailwind
|
|upkeep
|turn|5
|
|t:|1758336652
|switch|p1a: Brambleghast|Brambleghast, F, shiny|100/100
|-ability|p1a: Brambleghast|Wind Rider|boost
|-boost|p1a: Brambleghast|atk|1
|move|p2a: Blissey|Soft-Boiled||[still]
|-fail|p2a: Blissey|heal
|
|upkeep
|turn|6
|
|t:|1758336659
|switch|p2a: Corviknight|Corviknight, M|62/100 brn
|move|p1a: Brambleghast|Poltergeist|p2a: Corviknight
|-activate|p2a: Corviknight|move: Poltergeist|Rocky Helmet
|-damage|p2a: Corviknight|1/100 brn
|-damage|p1a: Brambleghast|91/100|[from] item: Life Orb
|
|-damage|p2a: Corviknight|0 fnt|[from] brn
|faint|p2a: Corviknight
|upkeep
|
|t:|1758336663
|switch|p2a: Dragapult|Dragapult, M|100/100
|turn|7
|
|t:|1758336672
|switch|p2a: Blissey|Blissey, F|100/100
|move|p1a: Brambleghast|Poltergeist|p2a: Blissey
|-immune|p2a: Blissey
|
|-sideend|p1: xshupuppy|move: Tailwind
|upkeep
|turn|8
|
|t:|1758336678
|switch|p2a: Dragapult|Dragapult, M|100/100
|move|p1a: Brambleghast|Power Whip|p2a: Dragapult
|-resisted|p2a: Dragapult
|-damage|p2a: Dragapult|31/100
|-damage|p1a: Brambleghast|81/100|[from] item: Life Orb
|
|upkeep
|turn|9
|
|t:|1758336684
|switch|p1a: Kingambit|Kingambit, M|56/100
|-terastallize|p2a: Dragapult|Ghost
|move|p2a: Dragapult|Shadow Ball|p1a: Kingambit
|-resisted|p1a: Kingambit
|-crit|p1a: Kingambit
|-damage|p1a: Kingambit|0 fnt
|faint|p1a: Kingambit
|-end|p1a: Kingambit|fallenundefined|[silent]
|
|upkeep
|
|t:|1758336697
|switch|p1a: Kleavor|Kleavor, F|100/100
|turn|10
|
|t:|1758336700
|switch|p2a: Great Tusk|Great Tusk|100/100
|move|p1a: Kleavor|Tailwind|p1a: Kleavor
|-sidestart|p1: xshupuppy|move: Tailwind
|
|upkeep
|turn|11
|
|t:|1758336705
|move|p1a: Kleavor|Stone Axe|p2a: Great Tusk
|-resisted|p2a: Great Tusk
|-damage|p2a: Great Tusk|91/100
|-sidestart|p2: pokex265|move: Stealth Rock
|move|p2a: Great Tusk|Knock Off|p1a: Kleavor
|-damage|p1a: Kleavor|59/100
|-enditem|p1a: Kleavor|Focus Sash|[from] move: Knock Off|[of] p2a: Great Tusk
|
|upkeep
|turn|12
|
|t:|1758336709
|move|p1a: Kleavor|Aerial Ace|p2a: Great Tusk
|-supereffective|p2a: Great Tusk
|-damage|p2a: Great Tusk|43/100
|move|p2a: Great Tusk|Knock Off|p1a: Kleavor
|-damage|p1a: Kleavor|31/100
|
|upkeep
|turn|13
|inactive|Battle timer is ON: inactive players will automatically lose when time's up. (requested by xshupuppy)
|
|t:|1758336813
|move|p1a: Kleavor|Aerial Ace|p2a: Great Tusk
|-supereffective|p2a: Great Tusk
|-crit|p2a: Great Tusk
|-damage|p2a: Great Tusk|0 fnt
|faint|p2a: Great Tusk
|-end|p2a: Great Tusk|Protosynthesis|[silent]
|
|-sideend|p1: xshupuppy|move: Tailwind
|upkeep
|
|t:|1758336823
|switch|p2a: Feraligatr|Feraligatr, M|100/100
|-damage|p2a: Feraligatr|88/100|[from] Stealth Rock
|turn|14
|
|t:|1758336827
|move|p1a: Kleavor|Tailwind|p1a: Kleavor
|-sidestart|p1: xshupuppy|move: Tailwind
|move|p2a: Feraligatr|Dragon Dance|p2a: Feraligatr
|-boost|p2a: Feraligatr|atk|1
|-boost|p2a: Feraligatr|spe|1
|
|upkeep
|turn|15
|
|t:|1758336833
|move|p1a: Kleavor|Close Combat|p2a: Feraligatr
|-damage|p2a: Feraligatr|41/100
|-unboost|p1a: Kleavor|def|1
|-unboost|p1a: Kleavor|spd|1
|move|p2a: Feraligatr|Dragon Dance|p2a: Feraligatr
|-boost|p2a: Feraligatr|atk|1
|-boost|p2a: Feraligatr|spe|1
|
|upkeep
|turn|16
|
|t:|1758336837
|move|p1a: Kleavor|Close Combat|p2a: Feraligatr
|-crit|p2a: Feraligatr
|-damage|p2a: Feraligatr|0 fnt
|-unboost|p1a: Kleavor|def|1
|-unboost|p1a: Kleavor|spd|1
|faint|p2a: Feraligatr
|
|upkeep
|-message|pokex265 forfeited.
|
|win|xshupuppy
|raw|xshupuppy's rating: 1352 &rarr; <strong>1376</strong><br />(+24 for winning)
|raw|pokex265's rating: 1414 &rarr; <strong>1390</strong><br />(-24 for losing)
|l|☆pokex265
|player|p2|
|l|☆xshupuppy
|player|p1|
