|j|‽XIXINANA
|j|☆edrenalinekick
|t:|1758300510
|gametype|singles
|player|p1|XIXINANA|nate|1239
|player|p2|edrenalinekick|170|1259
|gen|9
|tier|[Gen 9] OU
|rated|
|rule|HP Percentage Mod: HP is shown in percentages
|rule|Endless Battle Clause: Forcing endless battles is banned
|rule|Species Clause: Limit one of each Pokémon
|rule|OHKO Clause: OHKO moves are banned
|rule|Evasion Items Clause: Evasion items are banned
|rule|Evasion Moves Clause: Evasion moves are banned
|rule|Evasion Abilities Clause: Evasion abilities are banned
|rule|Sleep Moves Clause: Sleep-inducing moves are banned
|clearpoke
|poke|p1|Sawsbuck-Winter, F|
|poke|p1|Lycanroc-Midnight, M|
|poke|p1|Sinistcha-Masterpiece|
|poke|p1|Polteageist-Antique|
|poke|p1|Typhlosion-Hisui, F|
|poke|p1|Regidrago|
|poke|p2|Great Tusk|
|poke|p2|Heatran, M|
|poke|p2|Weavile, M|
|poke|p2|Primarina, M|
|poke|p2|Ogerpon, F|
|poke|p2|Pecharunt|
|teampreview
|inactive|Battle timer is ON: inactive players will automatically lose when time's up. (requested by edrenalinekick)
|
|t:|1758300528
|teamsize|p1|6
|teamsize|p2|6
|start
|switch|p1a: Typhlosion|Typhlosion-Hisui, F|100/100
|switch|p2a: Anonymous|Ogerpon, F|100/100
|-item|p2a: Anonymous|Choice Band|[from] ability: Frisk|[of] p1a: Typhlosion
|turn|1
|
|t:|1758300543
|switch|p1a: Regidrago|Regidrago|100/100
|move|p2a: Anonymous|U-turn|p1a: Regidrago
|-damage|p1a: Regidrago|57/100
|
|t:|1758300547
|switch|p2a: Celestine|Primarina, M, shiny|100/100|[from] U-turn
|
|upkeep
|turn|2
|
|t:|1758300552
|move|p1a: Regidrago|Explosion|p2a: Celestine
|-damage|p2a: Celestine|30/100
|faint|p1a: Regidrago
|move|p2a: Celestine|Moonblast|p1: Regidrago|[notarget]
|-fail|p2a: Celestine
|
|upkeep
|
|t:|1758300561
|switch|p1a: Lycanroc|Lycanroc-Midnight, M|100/100
|turn|3
|
|t:|1758300564
|move|p1a: Lycanroc|Stone Edge|p2a: Celestine
|-damage|p2a: Celestine|0 fnt
|faint|p2a: Celestine
|-damage|p1a: Lycanroc|91/100|[from] item: Life Orb
|
|upkeep
|
|t:|1758300570
|switch|p2a: Anonymous|Ogerpon, F|100/100
|turn|4
|
|t:|1758300574
|switch|p1a: Sinistcha|Sinistcha-Masterpiece|100/100
|move|p2a: Anonymous|Ivy Cudgel|p1a: Sinistcha
|-resisted|p1a: Sinistcha
|-damage|p1a: Sinistcha|69/100
|
|-heal|p1a: Sinistcha|75/100|[from] item: Leftovers
|upkeep
|turn|5
|
|t:|1758300590
|switch|p2a: Chaos|Heatran, M, shiny|100/100
|-item|p2a: Chaos|Air Balloon
|move|p1a: Sinistcha|Strength Sap|p2a: Chaos
|-unboost|p2a: Chaos|atk|1
|-heal|p1a: Sinistcha|100/100
|
|upkeep
|turn|6
|
|t:|1758300598
|switch|p1a: Lycanroc|Lycanroc-Midnight, M|91/100
|move|p2a: Chaos|Stealth Rock|p1a: Lycanroc
|-sidestart|p1: XIXINANA|move: Stealth Rock
|
|upkeep
|turn|7
|
|t:|1758300602
|move|p2a: Chaos|Earth Power|p1a: Lycanroc
|-supereffective|p1a: Lycanroc
|-damage|p1a: Lycanroc|2/100
|move|p1a: Lycanroc|Stone Edge|p2a: Chaos
|-damage|p2a: Chaos|37/100
|-enditem|p2a: Chaos|Air Balloon
|-damage|p1a: Lycanroc|0 fnt|[from] item: Life Orb
|faint|p1a: Lycanroc
|
|upkeep
|
|t:|1758300623
|switch|p1a: Polteageist|Polteageist-Antique|100/100
|-damage|p1a: Polteageist|88/100|[from] Stealth Rock
|turn|8
|
|t:|1758300639
|move|p2a: Chaos|Taunt|p1a: Polteageist
|-start|p1a: Polteageist|move: Taunt
|move|p1a: Polteageist|Shadow Ball|p2a: Chaos
|-damage|p2a: Chaos|0 fnt
|faint|p2a: Chaos
|
|upkeep
|
|t:|1758300645
|switch|p2a: Bandit|Weavile, M, shiny|100/100
|-ability|p2a: Bandit|Pressure
|turn|9
|
|t:|1758300649
|move|p2a: Bandit|Knock Off|p1a: Polteageist
|-supereffective|p1a: Polteageist
|-damage|p1a: Polteageist|0 fnt
|-enditem|p1a: Polteageist|Focus Sash|[from] move: Knock Off|[of] p2a: Bandit
|faint|p1a: Polteageist
|
|upkeep
|
|t:|1758300662
|switch|p1a: Typhlosion|Typhlosion-Hisui, F|100/100
|-damage|p1a: Typhlosion|76/100|[from] Stealth Rock
|-item|p2a: Bandit|Choice Band|[from] ability: Frisk|[of] p1a: Typhlosion
|turn|10
|
|t:|1758300675
|-terastallize|p1a: Typhlosion|Fire
|move|p1a: Typhlosion|Eruption|p2a: Bandit
|-supereffective|p2a: Bandit
|-damage|p2a: Bandit|0 fnt
|faint|p2a: Bandit
|
|upkeep
|
|t:|1758300686
|switch|p2a: Behemoth|Great Tusk, shiny|100/100
|turn|11
|
|t:|1758300690
|move|p1a: Typhlosion|Eruption|p2a: Behemoth
|-damage|p2a: Behemoth|0 fnt
|faint|p2a: Behemoth
|-end|p2a: Behemoth|Protosynthesis|[silent]
|
|upkeep
|
|t:|1758300694
|switch|p2a: Overseer|Pecharunt|100/100
|turn|12
|
|t:|1758300699
|move|p1a: Typhlosion|Eruption|p2a: Overseer
|-damage|p2a: Overseer|21/100
|move|p2a: Overseer|Malignant Chain|p1a: Typhlosion
|-damage|p1a: Typhlosion|36/100
|
|upkeep
|turn|13
|
|t:|1758300705
|move|p1a: Typhlosion|Eruption|p2a: Overseer
|-damage|p2a: Overseer|0 fnt
|faint|p2a: Overseer
|
|upkeep
|
|t:|1758300710
|switch|p2a: Anonymous|Ogerpon, F|100/100
|turn|14
|
|t:|1758300716
|switch|p1a: Sinistcha|Sinistcha-Masterpiece|100/100
|-damage|p1a: Sinistcha|88/100|[from] Stealth Rock
|-terastallize|p2a: Anonymous|Grass
|detailschange|p2a: Anonymous|Ogerpon-Teal-Tera, F, tera:Grass
|-ability|p2a: Anonymous|Embody Aspect (Teal)|boost
|-boost|p2a: Anonymous|spe|1
|move|p2a: Anonymous|Knock Off|p1a: Sinistcha
|-supereffective|p1a: Sinistcha
|-damage|p1a: Sinistcha|6/100
|-enditem|p1a: Sinistcha|Leftovers|[from] move: Knock Off|[of] p2a: Anonymous
|
|upkeep
|turn|15
|
|t:|1758300730
|move|p2a: Anonymous|Knock Off|p1a: Sinistcha
|-supereffective|p1a: Sinistcha
|-damage|p1a: Sinistcha|0 fnt
|faint|p1a: Sinistcha
|
|upkeep
|
|t:|1758300741
|switch|p1a: Sawsbuck|Sawsbuck-Winter, F|100/100
|-damage|p1a: Sawsbuck|88/100|[from] Stealth Rock
|turn|16
|
|t:|1758300749
|move|p2a: Anonymous|Knock Off|p1a: Sawsbuck
|-damage|p1a: Sawsbuck|17/100
|-enditem|p1a: Sawsbuck|Choice Scarf|[from] move: Knock Off|[of] p2a: Anonymous
|move|p1a: Sawsbuck|Megahorn|p2a: Anonymous
|-supereffective|p2a: Anonymous
|-damage|p2a: Anonymous|17/100
|
|upkeep
|turn|17
|
|t:|1758300759
|move|p2a: Anonymous|Knock Off|p1a: Sawsbuck
|-crit|p1a: Sawsbuck
|-damage|p1a: Sawsbuck|0 fnt
|faint|p1a: Sawsbuck
|
|upkeep
|-message|XIXINANA forfeited.
|
|win|edrenalinekick
|raw|XIXINANA's rating: 1239 &rarr; <strong>1215</strong><br />(-24 for losing)
|raw|edrenalinekick's rating: 1259 &rarr; <strong>1283</strong><br />(+24 for winning)
|l|‽XIXINANA
|player|p1|
|l|☆edrenalinekick
|player|p2|
