|j|☆ohkopon
|j|☆ithrow23
|inactive|Battle timer is ON: inactive players will automatically lose when time's up.
|t:|1758312515
|gametype|singles
|player|p1|ohkopon|sabi|
|player|p2|ithrow23|lucas|
|gen|9
|tier|[Gen 9] OU
|rated|Tournament battle
|rule|HP Percentage Mod: HP is shown in percentages
|rule|Endless Battle Clause: Forcing endless battles is banned
|rule|Species Clause: Limit one of each Pokémon
|rule|OHKO Clause: OHKO moves are banned
|rule|Evasion Items Clause: Evasion items are banned
|rule|Evasion Moves Clause: Evasion moves are banned
|rule|Evasion Abilities Clause: Evasion abilities are banned
|rule|Sleep Moves Clause: Sleep-inducing moves are banned
|clearpoke
|poke|p1|Ogerpon-Wellspring, F|
|poke|p1|Slowking-Galar, M|
|poke|p1|Hydrapple, F|
|poke|p1|Moltres|
|poke|p1|Tyranitar, F|
|poke|p1|Excadrill, F|
|poke|p2|Darkrai|
|poke|p2|Iron Treads|
|poke|p2|Ninetales-Alola, M|
|poke|p2|Gholdengo|
|poke|p2|Ogerpon-Wellspring, F|
|poke|p2|Tatsugiri, M|
|teampreview
|inactive|ohkopon also wants the timer to be on.
|c|☆ohkopon|hf
|c|☆ithrow23|u2
|
|t:|1758312537
|teamsize|p1|6
|teamsize|p2|6
|start
|switch|p1a: a continuation|Hydrapple, F|100/100
|switch|p2a: Ninetales|Ninetales-Alola, M|100/100
|-weather|Snowscape|[from] ability: Snow Warning|[of] p2a: Ninetales
|turn|1
|j| sirpeanutcronch
|
|t:|1758312540
|switch|p1a: just a hit|Tyranitar, F|100/100
|-weather|Sandstorm|[from] ability: Sand Stream|[of] p1a: just a hit
|move|p2a: Ninetales|Snowscape|p2a: Ninetales
|-weather|Snowscape
|
|-weather|Snowscape|[upkeep]
|upkeep
|turn|2
|l| sirpeanutcronch
|
|t:|1758312543
|move|p2a: Ninetales|Aurora Veil|p2a: Ninetales
|-sidestart|p2: ithrow23|move: Aurora Veil
|move|p1a: just a hit|Stealth Rock|p2a: Ninetales
|-sidestart|p2: ithrow23|move: Stealth Rock
|
|-weather|Snowscape|[upkeep]
|upkeep
|turn|3
|
|t:|1758312548
|switch|p2a: Iron Treads|Iron Treads|100/100
|-damage|p2a: Iron Treads|97/100|[from] Stealth Rock
|-enditem|p2a: Iron Treads|Booster Energy
|-activate|p2a: Iron Treads|ability: Quark Drive|[fromitem]
|-start|p2a: Iron Treads|quarkdrivespe
|switch|p1a: dead on arrival|Slowking-Galar, M|100/100
|
|-weather|Snowscape|[upkeep]
|upkeep
|turn|4
|
|t:|1758312554
|move|p2a: Iron Treads|Rapid Spin|p1a: dead on arrival
|-damage|p1a: dead on arrival|89/100
|-boost|p2a: Iron Treads|spe|1
|-sideend|p2: ithrow23|Stealth Rock|[from] move: Rapid Spin|[of] p2a: Iron Treads
|move|p1a: dead on arrival|Flamethrower|p2a: Iron Treads
|-supereffective|p2a: Iron Treads
|-damage|p2a: Iron Treads|59/100
|
|-weather|Snowscape|[upkeep]
|upkeep
|turn|5
|
|t:|1758312562
|-end|p2a: Iron Treads|Quark Drive|[silent]
|switch|p2a: Darkrai|Darkrai|100/100
|move|p1a: dead on arrival|Flamethrower|p2a: Darkrai
|-damage|p2a: Darkrai|83/100
|-status|p2a: Darkrai|brn
|
|-weather|none
|-damage|p2a: Darkrai|77/100 brn|[from] brn
|upkeep
|turn|6
|
|t:|1758312566
|switch|p1a: just a hit|Tyranitar, F|100/100
|-weather|Sandstorm|[from] ability: Sand Stream|[of] p1a: just a hit
|move|p2a: Darkrai|Nasty Plot|p2a: Darkrai
|-boost|p2a: Darkrai|spa|2
|
|-weather|Sandstorm|[upkeep]
|-damage|p2a: Darkrai|71/100 brn|[from] Sandstorm
|-damage|p2a: Darkrai|65/100 brn|[from] brn
|upkeep
|turn|7
|j| amefurikoneko
|
|t:|1758312572
|move|p2a: Darkrai|Focus Blast|p1a: just a hit
|-supereffective|p1a: just a hit
|-damage|p1a: just a hit|0 fnt
|faint|p1a: just a hit
|-damage|p2a: Darkrai|55/100 brn|[from] item: Life Orb
|
|-weather|Sandstorm|[upkeep]
|-damage|p2a: Darkrai|49/100 brn|[from] Sandstorm
|-damage|p2a: Darkrai|43/100 brn|[from] brn
|upkeep
|j| wiggilydiggily
|
|t:|1758312574
|switch|p1a: i 6-0 fascists|Excadrill, F|100/100
|turn|8
|l| wiggilydiggily
|j| glowingrobot
|
|t:|1758312593
|switch|p2a: Ninetales|Ninetales-Alola, M|100/100
|-weather|Snowscape|[from] ability: Snow Warning|[of] p2a: Ninetales
|move|p1a: i 6-0 fascists|Earthquake|p2a: Ninetales
|-damage|p2a: Ninetales|70/100
|-damage|p1a: i 6-0 fascists|91/100|[from] item: Life Orb
|
|-weather|Snowscape|[upkeep]
|upkeep
|turn|9
|
|t:|1758312609
|switch|p2a: Ogerpon|Ogerpon-Wellspring, F|100/100
|move|p1a: i 6-0 fascists|Rapid Spin|p2a: Ogerpon
|-damage|p2a: Ogerpon|84/100
|-boost|p1a: i 6-0 fascists|spe|1
|-damage|p1a: i 6-0 fascists|81/100|[from] item: Life Orb
|
|-weather|Snowscape|[upkeep]
|-sideend|p2: ithrow23|move: Aurora Veil
|upkeep
|turn|10
|j| leaveher
|
|t:|1758312619
|switch|p1a: a continuation|Hydrapple, F|100/100
|move|p2a: Ogerpon|Swords Dance|p2a: Ogerpon
|-boost|p2a: Ogerpon|atk|2
|
|-weather|Snowscape|[upkeep]
|upkeep
|turn|11
|
|t:|1758312629
|move|p2a: Ogerpon|Play Rough|p1a: a continuation|[miss]
|-miss|p2a: Ogerpon|p1a: a continuation
|move|p1a: a continuation|Fickle Beam|p2a: Ogerpon|[anim] Fickle Beam All Out
|-activate|p1a: a continuation|move: Fickle Beam
|-damage|p2a: Ogerpon|6/100
|
|-weather|Snowscape|[upkeep]
|upkeep
|turn|12
|
|t:|1758312634
|move|p2a: Ogerpon|Play Rough|p1a: a continuation
|-supereffective|p1a: a continuation
|-damage|p1a: a continuation|23/100
|-unboost|p1a: a continuation|atk|1
|-damage|p2a: Ogerpon|0 fnt|[from] item: Rocky Helmet|[of] p1a: a continuation
|faint|p2a: Ogerpon
|move|p1a: a continuation|Nasty Plot|p1a: a continuation
|-boost|p1a: a continuation|spa|2
|
|-weather|none
|upkeep
|
|t:|1758312649
|switch|p2a: Darkrai|Darkrai|43/100 brn
|turn|13
|
|t:|1758312672
|move|p2a: Darkrai|Dark Pulse|p1a: a continuation
|-damage|p1a: a continuation|0 fnt
|faint|p1a: a continuation
|-damage|p2a: Darkrai|33/100 brn|[from] item: Life Orb
|
|-damage|p2a: Darkrai|27/100 brn|[from] brn
|upkeep
|
|t:|1758312676
|switch|p1a: dead on arrival|Slowking-Galar, M|100/100
|turn|14
|
|t:|1758312688
|move|p2a: Darkrai|Dark Pulse|p1a: dead on arrival
|-supereffective|p1a: dead on arrival
|-damage|p1a: dead on arrival|42/100
|-damage|p2a: Darkrai|17/100 brn|[from] item: Life Orb
|move|p1a: dead on arrival|Flamethrower|p2a: Darkrai
|-damage|p2a: Darkrai|0 fnt
|faint|p2a: Darkrai
|
|upkeep
|
|t:|1758312709
|switch|p2a: Ninetales|Ninetales-Alola, M|70/100
|-weather|Snowscape|[from] ability: Snow Warning|[of] p2a: Ninetales
|turn|15
|
|t:|1758312717
|move|p2a: Ninetales|Aurora Veil|p2a: Ninetales
|-sidestart|p2: ithrow23|move: Aurora Veil
|move|p1a: dead on arrival|Sludge Bomb|p2a: Ninetales
|-supereffective|p2a: Ninetales
|-damage|p2a: Ninetales|29/100
|
|-weather|Snowscape|[upkeep]
|upkeep
|turn|16
|
|t:|1758312731
|switch|p2a: Gholdengo|Gholdengo|100/100
|switch|p1a: i 6-0 fascists|Excadrill, F|81/100
|
|-weather|Snowscape|[upkeep]
|upkeep
|turn|17
|
|t:|1758312759
|switch|p2a: Iron Treads|Iron Treads|59/100
|-terastallize|p1a: i 6-0 fascists|Ground
|move|p1a: i 6-0 fascists|Earthquake|p2a: Iron Treads
|-supereffective|p2a: Iron Treads
|-damage|p2a: Iron Treads|0 fnt
|faint|p2a: Iron Treads
|-end|p2a: Iron Treads|Quark Drive|[silent]
|-damage|p1a: i 6-0 fascists|71/100|[from] item: Life Orb
|
|-weather|Snowscape|[upkeep]
|upkeep
|
|t:|1758312762
|switch|p2a: Tatsugiri|Tatsugiri, M|100/100
|turn|18
|
|t:|1758312768
|switch|p1a: egomaniac|Ogerpon-Wellspring, F|100/100
|move|p2a: Tatsugiri|Rapid Spin|p1a: egomaniac
|-damage|p1a: egomaniac|93/100
|-boost|p2a: Tatsugiri|spe|1
|
|-weather|Snowscape|[upkeep]
|upkeep
|turn|19
|
|t:|1758312778
|switch|p1a: dead on arrival|Slowking-Galar, M|76/100
|-terastallize|p2a: Tatsugiri|Dragon
|move|p2a: Tatsugiri|Nasty Plot|p2a: Tatsugiri
|-boost|p2a: Tatsugiri|spa|2
|
|-weather|none
|upkeep
|turn|20
|
|t:|1758312783
|move|p2a: Tatsugiri|Dragon Pulse|p1a: dead on arrival
|-damage|p1a: dead on arrival|25/100
|move|p1a: dead on arrival|Ice Beam|p2a: Tatsugiri
|-supereffective|p2a: Tatsugiri
|-damage|p2a: Tatsugiri|66/100
|
|upkeep
|turn|21
|
|t:|1758312803
|switch|p1a: nothing good|Moltres|100/100
|move|p2a: Tatsugiri|Dragon Pulse|p1a: nothing good
|-damage|p1a: nothing good|0 fnt
|faint|p1a: nothing good
|
|upkeep
|
|t:|1758312813
|switch|p1a: dead on arrival|Slowking-Galar, M|59/100
|turn|22
|
|t:|1758312824
|move|p2a: Tatsugiri|Dragon Pulse|p1a: dead on arrival
|-damage|p1a: dead on arrival|3/100
|move|p1a: dead on arrival|Sludge Bomb|p2a: Tatsugiri
|-damage|p2a: Tatsugiri|41/100
|-status|p2a: Tatsugiri|psn
|
|-damage|p2a: Tatsugiri|28/100 psn|[from] psn
|-sideend|p2: ithrow23|move: Aurora Veil
|upkeep
|turn|23
|inactive|ohkopon has 120 seconds left.
|l| leaveher
|
|t:|1758312857
|switch|p1a: i 6-0 fascists|Excadrill, F, tera:Ground|71/100
|move|p2a: Tatsugiri|Dragon Pulse|p1a: i 6-0 fascists
|-damage|p1a: i 6-0 fascists|0 fnt
|faint|p1a: i 6-0 fascists
|
|-damage|p2a: Tatsugiri|16/100 psn|[from] psn
|upkeep
|
|t:|1758312860
|switch|p1a: dead on arrival|Slowking-Galar, M|37/100
|turn|24
|l| amefurikoneko
|
|t:|1758312868
|switch|p1a: egomaniac|Ogerpon-Wellspring, F|93/100
|move|p2a: Tatsugiri|Dragon Pulse|p1a: egomaniac
|-damage|p1a: egomaniac|0 fnt
|faint|p1a: egomaniac
|
|-damage|p2a: Tatsugiri|4/100 psn|[from] psn
|upkeep
|
|t:|1758312870
|switch|p1a: dead on arrival|Slowking-Galar, M|70/100
|turn|25
|
|t:|1758312875
|move|p2a: Tatsugiri|Dragon Pulse|p1a: dead on arrival
|-damage|p1a: dead on arrival|19/100
|move|p1a: dead on arrival|Sludge Bomb|p2a: Tatsugiri
|-damage|p2a: Tatsugiri|0 fnt
|faint|p2a: Tatsugiri
|
|upkeep
|
|t:|1758312877
|switch|p2a: Gholdengo|Gholdengo|100/100
|turn|26
|c|☆ohkopon|gg
|j| maoboi
|-message|ohkopon forfeited.
|
|win|ithrow23
|n|☆ohkopon|ohkopon
|n|☆ithrow23|ithrow23
|n| glowingrobot|glowingrobot
|n| maoboi|maoboi
|l|☆ohkopon
|player|p1|
