|j|☆xshupuppy
|j|☆Shabooya1
|t:|1758285594
|gametype|singles
|player|p1|xshupuppy|170|1335
|player|p2|Shabooya1|unknown|1377
|gen|9
|tier|[Gen 9] OU
|rated|
|rule|HP Percentage Mod: HP is shown in percentages
|rule|Endless Battle Clause: Forcing endless battles is banned
|rule|Species Clause: Limit one of each Pokémon
|rule|OHKO Clause: OHKO moves are banned
|rule|Evasion Items Clause: Evasion items are banned
|rule|Evasion Moves Clause: Evasion moves are banned
|rule|Evasion Abilities Clause: Evasion abilities are banned
|rule|Sleep Moves Clause: Sleep-inducing moves are banned
|clearpoke
|poke|p1|Kleavor, M|
|poke|p1|Brambleghast, F|
|poke|p1|Moltres|
|poke|p1|Mamoswine, M|
|poke|p1|Pecharunt|
|poke|p1|Kingambit, M|
|poke|p2|Toxapex, M|
|poke|p2|Blissey, F|
|poke|p2|Tornadus-Therian, M|
|poke|p2|Corviknight, M|
|poke|p2|Ting-Lu|
|poke|p2|Skeledirge, F|
|teampreview
|
|t:|1758285624
|teamsize|p1|6
|teamsize|p2|6
|start
|switch|p1a: Mamoswine|Mamoswine, M|100/100
|switch|p2a: Corviknight|Corviknight, M|100/100
|-ability|p2a: Corviknight|Pressure
|turn|1
|
|t:|1758285633
|switch|p1a: Pecharunt|Pecharunt|100/100
|-item|p1a: Pecharunt|Air Balloon
|move|p2a: Corviknight|Body Press|p1a: Pecharunt
|-immune|p1a: Pecharunt
|
|upkeep
|turn|2
|
|t:|1758285640
|switch|p2a: Blissey|Blissey, F|100/100
|move|p1a: Pecharunt|Nasty Plot|p1a: Pecharunt
|-boost|p1a: Pecharunt|spa|2
|
|upkeep
|turn|3
|
|t:|1758285644
|move|p1a: Pecharunt|Nasty Plot|p1a: Pecharunt
|-boost|p1a: Pecharunt|spa|2
|move|p2a: Blissey|Calm Mind|p2a: Blissey
|-boost|p2a: Blissey|spa|1
|-boost|p2a: Blissey|spd|1
|
|upkeep
|turn|4
|
|t:|1758285648
|-terastallize|p1a: Pecharunt|Fighting
|move|p1a: Pecharunt|Tera Blast|p2a: Blissey|[anim] Tera Blast Fighting
|-supereffective|p2a: Blissey
|-damage|p2a: Blissey|66/100
|move|p2a: Blissey|Shadow Ball|p1a: Pecharunt
|-damage|p1a: Pecharunt|72/100
|-enditem|p1a: Pecharunt|Air Balloon
|
|upkeep
|turn|5
|
|t:|1758285655
|switch|p1a: Kingambit|Kingambit, M|100/100
|move|p2a: Blissey|Shadow Ball|p1a: Kingambit
|-resisted|p1a: Kingambit
|-damage|p1a: Kingambit|89/100
|
|upkeep
|turn|6
|
|t:|1758285660
|switch|p2a: Corviknight|Corviknight, M|100/100
|-ability|p2a: Corviknight|Pressure
|move|p1a: Kingambit|Swords Dance|p1a: Kingambit
|-boost|p1a: Kingambit|atk|2
|
|upkeep
|turn|7
|
|t:|1758285664
|move|p1a: Kingambit|Kowtow Cleave|p2a: Corviknight
|-damage|p2a: Corviknight|36/100
|-damage|p1a: Kingambit|73/100|[from] item: Rocky Helmet|[of] p2a: Corviknight
|move|p2a: Corviknight|Body Press|p1a: Kingambit
|-supereffective|p1a: Kingambit
|-damage|p1a: Kingambit|0 fnt
|faint|p1a: Kingambit
|-end|p1a: Kingambit|fallenundefined|[silent]
|
|upkeep
|
|t:|1758285669
|switch|p1a: Moltres|Moltres|100/100
|turn|8
|
|t:|1758285674
|switch|p2a: Ting-Lu|Ting-Lu|100/100
|-ability|p2a: Ting-Lu|Vessel of Ruin
|move|p1a: Moltres|Tailwind|p1a: Moltres
|-sidestart|p1: xshupuppy|move: Tailwind
|
|upkeep
|turn|9
|
|t:|1758285681
|switch|p2a: Tornadus|Tornadus-Therian, M, shiny|100/100
|move|p1a: Moltres|U-turn|p2a: Tornadus
|-resisted|p2a: Tornadus
|-damage|p2a: Tornadus|92/100
|
|t:|1758285684
|switch|p1a: Brambleghast|Brambleghast, F, shiny|100/100|[from] U-turn
|-ability|p1a: Brambleghast|Wind Rider|boost
|-boost|p1a: Brambleghast|atk|1
|
|upkeep
|turn|10
|
|t:|1758285693
|move|p1a: Brambleghast|Rapid Spin|p2a: Tornadus
|-damage|p2a: Tornadus|61/100
|-boost|p1a: Brambleghast|spe|1
|-damage|p1a: Brambleghast|91/100|[from] item: Life Orb
|move|p2a: Tornadus|Hurricane|p1a: Brambleghast
|-ability|p1a: Brambleghast|Wind Rider|boost
|-boost|p1a: Brambleghast|atk|1
|
|upkeep
|turn|11
|
|t:|1758285700
|switch|p2a: Skeledirge|Skeledirge, F|100/100
|move|p1a: Brambleghast|Poltergeist|p2a: Skeledirge
|-activate|p2a: Skeledirge|move: Poltergeist|Heavy-Duty Boots
|-supereffective|p2a: Skeledirge
|-damage|p2a: Skeledirge|6/100
|-damage|p1a: Brambleghast|81/100|[from] item: Life Orb
|
|-sideend|p1: xshupuppy|move: Tailwind
|upkeep
|turn|12
|
|t:|1758285708
|move|p1a: Brambleghast|Poltergeist|p2a: Skeledirge
|-activate|p2a: Skeledirge|move: Poltergeist|Heavy-Duty Boots
|-supereffective|p2a: Skeledirge
|-damage|p2a: Skeledirge|0 fnt
|faint|p2a: Skeledirge
|-damage|p1a: Brambleghast|71/100|[from] item: Life Orb
|
|upkeep
|
|t:|1758285713
|switch|p2a: Ting-Lu|Ting-Lu|100/100
|-ability|p2a: Ting-Lu|Vessel of Ruin
|turn|13
|
|t:|1758285715
|move|p1a: Brambleghast|Power Whip|p2a: Ting-Lu
|-supereffective|p2a: Ting-Lu
|-damage|p2a: Ting-Lu|0 fnt
|faint|p2a: Ting-Lu
|-damage|p1a: Brambleghast|61/100|[from] item: Life Orb
|
|upkeep
|
|t:|1758285728
|switch|p2a: Tornadus|Tornadus-Therian, M, shiny|94/100
|turn|14
|
|t:|1758285733
|-terastallize|p2a: Tornadus|Electric
|move|p1a: Brambleghast|Poltergeist|p2a: Tornadus
|-activate|p2a: Tornadus|move: Poltergeist|Heavy-Duty Boots
|-damage|p2a: Tornadus|0 fnt
|faint|p2a: Tornadus
|-damage|p1a: Brambleghast|51/100|[from] item: Life Orb
|
|upkeep
|l|☆Shabooya1
|player|p2|
|inactive|Battle timer is ON: inactive players will automatically lose when time's up. (requested by xshupuppy)
|inactive|Shabooya1 has 30 seconds to reconnect!
|inactive|Shabooya1 has 20 seconds to reconnect!
|inactive|Shabooya1 has 15 seconds to reconnect!
|inactive|Shabooya1 has 10 seconds to reconnect!
|inactive|Shabooya1 has 5 seconds to reconnect!
|-message|Shabooya1 lost due to inactivity.
|
|win|xshupuppy
|raw|xshupuppy's rating: 1335 &rarr; <strong>1357</strong><br />(+22 for winning)
|raw|Shabooya1's rating: 1377 &rarr; <strong>1355</strong><br />(-22 for losing)
|l|☆xshupuppy
|player|p1|
