|j|☆versacis
|j|☆HuevozRancheroz
|t:|1758374270
|gametype|singles
|player|p1|versacis|bugcatcher-gen4dp|1240
|player|p2|HuevozRancheroz|rosa|1290
|gen|9
|tier|[Gen 9] OU
|rated|
|rule|HP Percentage Mod: HP is shown in percentages
|rule|Endless Battle Clause: Forcing endless battles is banned
|rule|Species Clause: Limit one of each Pokémon
|rule|OHKO Clause: OHKO moves are banned
|rule|Evasion Items Clause: Evasion items are banned
|rule|Evasion Moves Clause: Evasion moves are banned
|rule|Evasion Abilities Clause: Evasion abilities are banned
|rule|Sleep Moves Clause: Sleep-inducing moves are banned
|clearpoke
|poke|p1|Articuno|
|poke|p1|Goodra, M|
|poke|p1|Toxapex, M|
|poke|p1|Conkeldurr, M|
|poke|p1|Skeledirge, M|
|poke|p1|Espeon, F|
|poke|p2|Araquanid, F|
|poke|p2|Samurott-Hisui, F|
|poke|p2|Kleavor, M|
|poke|p2|Corviknight, M|
|poke|p2|Heatran, F|
|poke|p2|Goodra-Hisui, F|
|teampreview
|inactive|Battle timer is ON: inactive players will automatically lose when time's up. (requested by HuevozRancheroz)
|
|t:|1758374286
|teamsize|p1|6
|teamsize|p2|6
|start
|switch|p1a: Toxapex|Toxapex, M|100/100
|switch|p2a: Samurott|Samurott-Hisui, F|100/100
|turn|1
|
|t:|1758374296
|move|p2a: Samurott|Ceaseless Edge|p1a: Toxapex
|-damage|p1a: Toxapex|56/100
|-sidestart|p1: versacis|Spikes
|move|p1a: Toxapex|Toxic|p2a: Samurott
|-status|p2a: Samurott|tox
|
|-heal|p1a: Toxapex|62/100|[from] item: Black Sludge
|-damage|p2a: Samurott|94/100 tox|[from] psn
|upkeep
|turn|2
|j| AyushPkmngod
|
|t:|1758374304
|move|p1a: Toxapex|Baneful Bunker|p1a: Toxapex
|-singleturn|p1a: Toxapex|move: Protect
|move|p2a: Samurott|Ceaseless Edge|p1a: Toxapex
|-activate|p1a: Toxapex|move: Protect
|
|-heal|p1a: Toxapex|68/100|[from] item: Black Sludge
|-damage|p2a: Samurott|82/100 tox|[from] psn
|upkeep
|turn|3
|
|t:|1758374313
|move|p2a: Samurott|Ceaseless Edge|p1a: Toxapex
|-damage|p1a: Toxapex|29/100
|-sidestart|p1: versacis|Spikes
|move|p1a: Toxapex|Infestation|p2a: Samurott
|-supereffective|p2a: Samurott
|-damage|p2a: Samurott|74/100 tox
|-activate|p2a: Samurott|move: Infestation|[of] p1a: Toxapex
|
|-heal|p1a: Toxapex|36/100|[from] item: Black Sludge
|-damage|p2a: Samurott|56/100 tox|[from] psn
|-damage|p2a: Samurott|43/100 tox|[from] move: Infestation|[partiallytrapped]
|upkeep
|turn|4
|
|t:|1758374324
|move|p1a: Toxapex|Baneful Bunker|p1a: Toxapex
|-singleturn|p1a: Toxapex|move: Protect
|move|p2a: Samurott|Flip Turn|p1a: Toxapex
|-activate|p1a: Toxapex|move: Protect
|
|-heal|p1a: Toxapex|42/100|[from] item: Black Sludge
|-damage|p2a: Samurott|18/100 tox|[from] psn
|-damage|p2a: Samurott|6/100 tox|[from] move: Infestation|[partiallytrapped]
|upkeep
|turn|5
|
|t:|1758374341
|switch|p1a: Conkeldurr|Conkeldurr, M|100/100
|-damage|p1a: Conkeldurr|84/100|[from] Spikes
|move|p2a: Samurott|Ceaseless Edge|p1a: Conkeldurr
|-resisted|p1a: Conkeldurr
|-damage|p1a: Conkeldurr|61/100
|-sidestart|p1: versacis|Spikes
|
|-damage|p2a: Samurott|0 fnt|[from] psn
|faint|p2a: Samurott
|-status|p1a: Conkeldurr|brn|[from] item: Flame Orb
|upkeep
|
|t:|1758374355
|switch|p2a: Araquanid|Araquanid, F|100/100
|turn|6
|
|t:|1758374360
|move|p1a: Conkeldurr|Defog|p2a: Araquanid
|-unboost|p2a: Araquanid|evasion|1
|-sideend|p1: versacis|Spikes|[from] move: Defog|[of] p1a: Conkeldurr
|move|p2a: Araquanid|Lunge|p1a: Conkeldurr
|-resisted|p1a: Conkeldurr
|-damage|p1a: Conkeldurr|52/100 brn
|-unboost|p1a: Conkeldurr|atk|1
|
|-damage|p1a: Conkeldurr|46/100 brn|[from] brn
|upkeep
|turn|7
|
|t:|1758374375
|switch|p1a: Articuno|Articuno|100/100
|-ability|p1a: Articuno|Pressure
|move|p2a: Araquanid|Sticky Web|p1a: Articuno
|-sidestart|p1: versacis|move: Sticky Web
|
|upkeep
|turn|8
|
|t:|1758374393
|switch|p2a: Kleavor|Kleavor, M|100/100
|move|p1a: Articuno|Air Slash|p2a: Kleavor
|-damage|p2a: Kleavor|49/100
|
|upkeep
|turn|9
|
|t:|1758374404
|-terastallize|p1a: Articuno|Ground
|move|p2a: Kleavor|Stone Axe|p1a: Articuno
|-resisted|p1a: Articuno
|-damage|p1a: Articuno|74/100
|-sidestart|p1: versacis|move: Stealth Rock
|move|p1a: Articuno|Air Slash|p2a: Kleavor
|-damage|p2a: Kleavor|0 fnt
|faint|p2a: Kleavor
|
|upkeep
|inactive|HuevozRancheroz has 120 seconds left.
|
|t:|1758374427
|switch|p2a: Araquanid|Araquanid, F|100/100
|turn|10
|inactive|HuevozRancheroz has 120 seconds left.
|
|t:|1758374435
|switch|p1a: Toxapex|Toxapex, M|75/100
|-activate|p1a: Toxapex|move: Sticky Web
|-unboost|p1a: Toxapex|spe|1
|-damage|p1a: Toxapex|63/100|[from] Stealth Rock
|move|p2a: Araquanid|Lunge|p1a: Toxapex
|-resisted|p1a: Toxapex
|-damage|p1a: Toxapex|54/100
|-unboost|p1a: Toxapex|atk|1
|
|-heal|p1a: Toxapex|60/100|[from] item: Black Sludge
|upkeep
|turn|11
|inactive|HuevozRancheroz has 120 seconds left.
|
|t:|1758374473
|switch|p1a: Conkeldurr|Conkeldurr, M|46/100 brn
|-activate|p1a: Conkeldurr|move: Sticky Web
|-unboost|p1a: Conkeldurr|spe|1
|-damage|p1a: Conkeldurr|40/100 brn|[from] Stealth Rock
|move|p2a: Araquanid|Lunge|p1a: Conkeldurr
|-resisted|p1a: Conkeldurr
|-damage|p1a: Conkeldurr|32/100 brn
|-unboost|p1a: Conkeldurr|atk|1
|
|-damage|p1a: Conkeldurr|26/100 brn|[from] brn
|upkeep
|turn|12
|inactive|HuevozRancheroz has 90 seconds left.
|inactive|HuevozRancheroz has 60 seconds left.
|inactive|HuevozRancheroz has 30 seconds left.
|inactive|HuevozRancheroz has 20 seconds left.
|inactive|HuevozRancheroz has 15 seconds left.
|inactive|HuevozRancheroz has 10 seconds left.
|inactive|HuevozRancheroz has 5 seconds left.
|-message|HuevozRancheroz lost due to inactivity.
|
|win|versacis
|raw|versacis's rating: 1240 &rarr; <strong>1269</strong><br />(+29 for winning)
|raw|HuevozRancheroz's rating: 1290 &rarr; <strong>1261</strong><br />(-29 for losing)
|l|☆versacis
|player|p1|
|l|☆HuevozRancheroz
|player|p2|
