|j|☆mantikarp2.0
|j|☆ouku bakuza
|t:|1758345937
|gametype|singles
|player|p1|mantikarp2.0|medium|1476
|player|p2|ouku bakuza|169|1566
|gen|9
|tier|[Gen 9] OU
|rated|
|rule|HP Percentage Mod: HP is shown in percentages
|rule|Endless Battle Clause: Forcing endless battles is banned
|rule|Species Clause: Limit one of each Pokémon
|rule|OHKO Clause: OHKO moves are banned
|rule|Evasion Items Clause: Evasion items are banned
|rule|Evasion Moves Clause: Evasion moves are banned
|rule|Evasion Abilities Clause: Evasion abilities are banned
|rule|Sleep Moves Clause: Sleep-inducing moves are banned
|clearpoke
|poke|p1|Ribombee, F|
|poke|p1|Gholdengo|
|poke|p1|Great Tusk|
|poke|p1|Raging Bolt|
|poke|p1|Ogerpon-Cornerstone, F|
|poke|p1|Ceruledge, M|
|poke|p2|Great Tusk|
|poke|p2|Dragonite, F|
|poke|p2|Gholdengo|
|poke|p2|Iron Treads|
|poke|p2|Rotom-Wash|
|poke|p2|Iron Valiant|
|teampreview
|inactive|Battle timer is ON: inactive players will automatically lose when time's up. (requested by mantikarp2.0)
|
|t:|1758345955
|teamsize|p1|6
|teamsize|p2|6
|start
|switch|p1a: NEW DROP|Ribombee, F, shiny|100/100
|switch|p2a: Iron Treads|Iron Treads|100/100
|-enditem|p2a: Iron Treads|Booster Energy
|-activate|p2a: Iron Treads|ability: Quark Drive|[fromitem]
|-start|p2a: Iron Treads|quarkdrivespe
|turn|1
|
|t:|1758345971
|move|p2a: Iron Treads|Iron Head|p1a: NEW DROP
|-supereffective|p1a: NEW DROP
|-enditem|p1a: NEW DROP|Focus Sash
|-damage|p1a: NEW DROP|1/100
|move|p1a: NEW DROP|Sticky Web|p2a: Iron Treads
|-sidestart|p2: ouku bakuza|move: Sticky Web
|
|upkeep
|turn|2
|
|t:|1758345978
|switch|p1a: KRYPTONITE|Gholdengo, shiny|100/100
|-item|p1a: KRYPTONITE|Air Balloon
|move|p2a: Iron Treads|Iron Head|p1a: KRYPTONITE
|-resisted|p1a: KRYPTONITE
|-damage|p1a: KRYPTONITE|80/100
|-enditem|p1a: KRYPTONITE|Air Balloon
|
|upkeep
|turn|3
|
|t:|1758345985
|-terastallize|p1a: KRYPTONITE|Fighting
|move|p2a: Iron Treads|Earthquake|p1a: KRYPTONITE
|-damage|p1a: KRYPTONITE|27/100
|move|p1a: KRYPTONITE|Focus Blast|p2a: Iron Treads
|-supereffective|p2a: Iron Treads
|-damage|p2a: Iron Treads|0 fnt
|faint|p2a: Iron Treads
|-end|p2a: Iron Treads|Quark Drive|[silent]
|
|upkeep
|
|t:|1758345997
|switch|p2a: good horns|Great Tusk|100/100
|-activate|p2a: good horns|move: Sticky Web
|-unboost|p2a: good horns|spe|1
|-enditem|p2a: good horns|Booster Energy
|-activate|p2a: good horns|ability: Protosynthesis|[fromitem]
|-start|p2a: good horns|protosynthesisatk
|turn|4
|
|t:|1758346007
|move|p1a: KRYPTONITE|Focus Blast|p2a: good horns
|-damage|p2a: good horns|2/100
|move|p2a: good horns|Rapid Spin|p1a: KRYPTONITE
|-damage|p1a: KRYPTONITE|1/100
|-boost|p2a: good horns|spe|1
|-sideend|p2: ouku bakuza|Sticky Web|[from] move: Rapid Spin|[of] p2a: good horns
|
|upkeep
|turn|5
|
|t:|1758346013
|move|p2a: good horns|Rapid Spin|p1a: KRYPTONITE
|-damage|p1a: KRYPTONITE|0 fnt
|-boost|p2a: good horns|spe|1
|faint|p1a: KRYPTONITE
|
|upkeep
|
|t:|1758346016
|switch|p1a: TORE UP|Ceruledge, M, shiny|100/100
|turn|6
|
|t:|1758346022
|move|p1a: TORE UP|Shadow Sneak|p2a: good horns
|-damage|p2a: good horns|0 fnt
|faint|p2a: good horns
|-end|p2a: good horns|Protosynthesis|[silent]
|
|upkeep
|
|t:|1758346024
|switch|p2a: Rotom|Rotom-Wash|100/100
|turn|7
|
|t:|1758346029
|switch|p1a: GREAT NECK|Raging Bolt|100/100
|-enditem|p1a: GREAT NECK|Booster Energy
|-activate|p1a: GREAT NECK|ability: Protosynthesis|[fromitem]
|-start|p1a: GREAT NECK|protosynthesisspa
|move|p2a: Rotom|Trick|p1a: GREAT NECK
|-activate|p2a: Rotom|move: Trick|[of] p1a: GREAT NECK
|-item|p1a: GREAT NECK|Choice Scarf|[from] move: Trick
|-enditem|p2a: Rotom|Choice Scarf|[silent]|[from] move: Trick
|
|upkeep
|turn|8
|
|t:|1758346036
|move|p1a: GREAT NECK|Thunderbolt|p2a: Rotom
|-damage|p2a: Rotom|22/100
|move|p2a: Rotom|Will-O-Wisp|p1a: GREAT NECK
|-status|p1a: GREAT NECK|brn
|
|-damage|p1a: GREAT NECK|94/100 brn|[from] brn
|upkeep
|turn|9
|
|t:|1758346046
|move|p1a: GREAT NECK|Thunderbolt|p2a: Rotom
|-damage|p2a: Rotom|0 fnt
|faint|p2a: Rotom
|
|-damage|p1a: GREAT NECK|88/100 brn|[from] brn
|upkeep
|
|t:|1758346048
|switch|p2a: Iron Valiant|Iron Valiant|100/100
|-enditem|p2a: Iron Valiant|Booster Energy
|-activate|p2a: Iron Valiant|ability: Quark Drive|[fromitem]
|-start|p2a: Iron Valiant|quarkdrivespe
|turn|10
|
|t:|1758346053
|move|p2a: Iron Valiant|Spirit Break|p1a: GREAT NECK
|-supereffective|p1a: GREAT NECK
|-damage|p1a: GREAT NECK|13/100 brn
|-unboost|p1a: GREAT NECK|spa|1
|move|p1a: GREAT NECK|Thunderbolt|p2a: Iron Valiant
|-crit|p2a: Iron Valiant
|-damage|p2a: Iron Valiant|0 fnt
|faint|p2a: Iron Valiant
|-end|p2a: Iron Valiant|Quark Drive|[silent]
|
|-damage|p1a: GREAT NECK|7/100 brn|[from] brn
|upkeep
|
|t:|1758346058
|switch|p2a: Dragonite|Dragonite, F|100/100
|turn|11
|
|t:|1758346060
|move|p2a: Dragonite|Extreme Speed|p1a: GREAT NECK
|-damage|p1a: GREAT NECK|0 fnt
|faint|p1a: GREAT NECK
|-end|p1a: GREAT NECK|Protosynthesis|[silent]
|
|upkeep
|
|t:|1758346063
|switch|p1a: BROTHER STONE|Ogerpon-Cornerstone, F|100/100
|turn|12
|
|t:|1758346067
|switch|p2a: van gho|Gholdengo|100/100
|move|p1a: BROTHER STONE|Ivy Cudgel|p2a: van gho|[anim] Ivy Cudgel Rock
|-resisted|p2a: van gho
|-crit|p2a: van gho
|-damage|p2a: van gho|64/100
|
|-heal|p2a: van gho|70/100|[from] item: Leftovers
|upkeep
|turn|13
|
|t:|1758346081
|switch|p1a: NEW DROP|Ribombee, F, shiny|1/100
|move|p2a: van gho|Make It Rain|p1a: NEW DROP
|-supereffective|p1a: NEW DROP
|-damage|p1a: NEW DROP|0 fnt
|-unboost|p2a: van gho|spa|1
|faint|p1a: NEW DROP
|
|-heal|p2a: van gho|76/100|[from] item: Leftovers
|upkeep
|
|t:|1758346085
|switch|p1a: TORE UP|Ceruledge, M, shiny|100/100
|turn|14
|
|t:|1758346089
|switch|p1a: BROTHER STONE|Ogerpon-Cornerstone, F|100/100
|move|p2a: van gho|Shadow Ball|p1a: BROTHER STONE
|-damage|p1a: BROTHER STONE|70/100
|-unboost|p1a: BROTHER STONE|spd|1
|
|-heal|p2a: van gho|82/100|[from] item: Leftovers
|upkeep
|turn|15
|
|t:|1758346097
|move|p1a: BROTHER STONE|Power Whip|p2a: van gho
|-resisted|p2a: van gho
|-crit|p2a: van gho
|-damage|p2a: van gho|43/100
|move|p2a: van gho|Nasty Plot|p2a: van gho
|-boost|p2a: van gho|spa|2
|
|-heal|p2a: van gho|49/100|[from] item: Leftovers
|upkeep
|turn|16
|
|t:|1758346100
|move|p1a: BROTHER STONE|Power Whip|p2a: van gho|[miss]
|-miss|p1a: BROTHER STONE|p2a: van gho
|move|p2a: van gho|Recover|p2a: van gho
|-heal|p2a: van gho|99/100
|
|-heal|p2a: van gho|100/100|[from] item: Leftovers
|upkeep
|turn|17
|
|t:|1758346108
|move|p1a: BROTHER STONE|Power Whip|p2a: van gho
|-resisted|p2a: van gho
|-damage|p2a: van gho|74/100
|move|p2a: van gho|Shadow Ball|p1a: BROTHER STONE
|-damage|p1a: BROTHER STONE|0 fnt
|faint|p1a: BROTHER STONE
|
|-heal|p2a: van gho|80/100|[from] item: Leftovers
|upkeep
|
|t:|1758346111
|switch|p1a: BANDIT|Great Tusk, shiny|100/100
|-enditem|p1a: BANDIT|Booster Energy
|-activate|p1a: BANDIT|ability: Protosynthesis|[fromitem]
|-start|p1a: BANDIT|protosynthesisatk
|turn|18
|
|t:|1758346123
|-terastallize|p2a: van gho|Fairy
|move|p1a: BANDIT|Headlong Rush|p2a: van gho
|-damage|p2a: van gho|28/100
|-unboost|p1a: BANDIT|def|1
|-unboost|p1a: BANDIT|spd|1
|move|p2a: van gho|Make It Rain|p1a: BANDIT
|-damage|p1a: BANDIT|0 fnt
|-unboost|p2a: van gho|spa|1
|faint|p1a: BANDIT
|-end|p1a: BANDIT|Protosynthesis|[silent]
|
|-heal|p2a: van gho|34/100|[from] item: Leftovers
|upkeep
|
|t:|1758346128
|switch|p1a: TORE UP|Ceruledge, M, shiny|100/100
|turn|19
|
|t:|1758346130
|move|p1a: TORE UP|Bitter Blade|p2a: van gho
|-damage|p2a: van gho|0 fnt
|faint|p2a: van gho
|
|upkeep
|
|t:|1758346133
|switch|p2a: Dragonite|Dragonite, F|100/100
|turn|20
|
|t:|1758346139
|move|p1a: TORE UP|Swords Dance|p1a: TORE UP
|-boost|p1a: TORE UP|atk|2
|move|p2a: Dragonite|Dragon Claw|p1a: TORE UP
|-crit|p1a: TORE UP
|-enditem|p1a: TORE UP|Focus Sash
|-damage|p1a: TORE UP|1/100
|-ability|p1a: TORE UP|Weak Armor|boost
|-unboost|p1a: TORE UP|def|1
|-boost|p1a: TORE UP|spe|2
|
|upkeep
|turn|21
|
|t:|1758346143
|move|p1a: TORE UP|Bitter Blade|p2a: Dragonite
|-resisted|p2a: Dragonite
|-damage|p2a: Dragonite|75/100
|-heal|p1a: TORE UP|15/100|[from] drain|[of] p2a: Dragonite
|move|p2a: Dragonite|Dragon Claw|p1a: TORE UP
|-damage|p1a: TORE UP|0 fnt
|faint|p1a: TORE UP
|
|win|ouku bakuza
|raw|mantikarp2.0's rating: 1476 &rarr; <strong>1461</strong><br />(-15 for losing)
|raw|ouku bakuza's rating: 1566 &rarr; <strong>1581</strong><br />(+15 for winning)
|l|☆mantikarp2.0
|player|p1|
