|j|☆kyuhd
|j|☆LikeEmerald
|t:|1758309045
|gametype|singles
|player|p1|kyuhd|170|1078
|player|p2|LikeEmerald|265|1129
|gen|9
|tier|[Gen 9] OU
|rated|
|rule|HP Percentage Mod: HP is shown in percentages
|rule|Endless Battle Clause: Forcing endless battles is banned
|rule|Species Clause: Limit one of each Pokémon
|rule|OHKO Clause: OHKO moves are banned
|rule|Evasion Items Clause: Evasion items are banned
|rule|Evasion Moves Clause: Evasion moves are banned
|rule|Evasion Abilities Clause: Evasion abilities are banned
|rule|Sleep Moves Clause: Sleep-inducing moves are banned
|clearpoke
|poke|p1|Meowscarada, M|
|poke|p1|Sableye, F|
|poke|p1|Umbreon, M|
|poke|p1|Crawdaunt, F|
|poke|p1|Overqwil, F|
|poke|p1|Grimmsnarl, M|
|poke|p2|Vivillon-Pokeball, F|
|poke|p2|Samurott-Hisui, F|
|poke|p2|Slowking-Galar, F|
|poke|p2|Dragonite, M|
|poke|p2|Lucario, M|
|poke|p2|Arcanine-Hisui, M|
|teampreview
|
|t:|1758309055
|teamsize|p1|6
|teamsize|p2|6
|start
|switch|p1a: Grimmsnarl|Grimmsnarl, M|100/100
|switch|p2a: Lucario|Lucario, M|100/100
|turn|1
|
|t:|1758309062
|move|p1a: Grimmsnarl|Brick Break|p2a: Lucario
|-supereffective|p2a: Lucario
|-damage|p2a: Lucario|23/100
|-enditem|p2a: Lucario|Red Card|[of] p1a: Grimmsnarl
|drag|p1a: Sableye|Sableye, F|100/100
|move|p2a: Lucario|Swords Dance|p2a: Lucario
|-boost|p2a: Lucario|atk|2
|
|upkeep
|turn|2
|
|t:|1758309072
|move|p2a: Lucario|Bullet Punch|p1a: Sableye
|-crit|p1a: Sableye
|-damage|p1a: Sableye|47/100
|move|p1a: Sableye|Will-O-Wisp|p2a: Lucario
|-status|p2a: Lucario|brn
|
|-heal|p1a: Sableye|53/100|[from] item: Leftovers
|-damage|p2a: Lucario|17/100 brn|[from] brn
|upkeep
|turn|3
|
|t:|1758309091
|move|p2a: Lucario|Bullet Punch|p1a: Sableye
|-damage|p1a: Sableye|34/100
|move|p1a: Sableye|Reflect|p1a: Sableye
|-sidestart|p1: kyuhd|Reflect
|
|-heal|p1a: Sableye|41/100|[from] item: Leftovers
|-damage|p2a: Lucario|11/100 brn|[from] brn
|upkeep
|turn|4
|
|t:|1758309107
|switch|p2a: Slowking|Slowking-Galar, F|100/100
|move|p1a: Sableye|Light Screen|p1a: Sableye
|-sidestart|p1: kyuhd|move: Light Screen
|
|-heal|p1a: Sableye|47/100|[from] item: Leftovers
|upkeep
|turn|5
|
|t:|1758309119
|move|p1a: Sableye|Foul Play|p2a: Slowking
|-supereffective|p2a: Slowking
|-damage|p2a: Slowking|67/100
|-prepare|p2a: Slowking|Chilly Reception|[premajor]
|move|p2a: Slowking|Chilly Reception|p2a: Slowking
|-weather|Snowscape
|
|t:|1758309140
|switch|p2a: Vivillon|Vivillon-Pokeball, F|100/100|[from] Chilly Reception
|
|-weather|Snowscape|[upkeep]
|-heal|p1a: Sableye|53/100|[from] item: Leftovers
|upkeep
|turn|6
|
|t:|1758309161
|move|p2a: Vivillon|Quiver Dance|p2a: Vivillon
|-boost|p2a: Vivillon|spa|1
|-boost|p2a: Vivillon|spd|1
|-boost|p2a: Vivillon|spe|1
|move|p1a: Sableye|Foul Play|p2a: Vivillon
|-damage|p2a: Vivillon|66/100
|
|-weather|Snowscape|[upkeep]
|-heal|p1a: Sableye|59/100|[from] item: Leftovers
|upkeep
|turn|7
|
|t:|1758309175
|switch|p1a: Overqwil|Overqwil, F|100/100
|-ability|p1a: Overqwil|Intimidate|boost
|-unboost|p2a: Vivillon|atk|1
|move|p2a: Vivillon|Bug Buzz|p1a: Overqwil
|-damage|p1a: Overqwil|75/100
|-enditem|p2a: Vivillon|Throat Spray
|-boost|p2a: Vivillon|spa|1|[from] item: Throat Spray
|
|-weather|Snowscape|[upkeep]
|-heal|p1a: Overqwil|82/100|[from] item: Leftovers
|-sideend|p1: kyuhd|Reflect
|upkeep
|turn|8
|
|t:|1758309190
|move|p2a: Vivillon|Hurricane|p1a: Overqwil
|-damage|p1a: Overqwil|40/100
|move|p1a: Overqwil|Toxic|p2a: Vivillon
|-status|p2a: Vivillon|tox
|
|-weather|Snowscape|[upkeep]
|-heal|p1a: Overqwil|46/100|[from] item: Leftovers
|-damage|p2a: Vivillon|60/100 tox|[from] psn
|-sideend|p1: kyuhd|move: Light Screen
|upkeep
|turn|9
|
|t:|1758309201
|move|p2a: Vivillon|Hurricane|p1a: Overqwil
|-damage|p1a: Overqwil|0 fnt
|faint|p1a: Overqwil
|
|-weather|none
|-damage|p2a: Vivillon|48/100 tox|[from] psn
|upkeep
|
|t:|1758309210
|switch|p1a: Meowscarada|Meowscarada, M|100/100
|turn|10
|
|t:|1758309215
|move|p2a: Vivillon|Hurricane|p1a: Meowscarada
|-supereffective|p1a: Meowscarada
|-damage|p1a: Meowscarada|0 fnt
|faint|p1a: Meowscarada
|
|-damage|p2a: Vivillon|30/100 tox|[from] psn
|upkeep
|
|t:|1758309223
|switch|p1a: Sableye|Sableye, F|59/100
|turn|11
|
|t:|1758309227
|move|p1a: Sableye|Light Screen|p1a: Sableye
|-sidestart|p1: kyuhd|move: Light Screen
|move|p2a: Vivillon|Hurricane|p1a: Sableye
|-damage|p1a: Sableye|0 fnt
|faint|p1a: Sableye
|
|-damage|p2a: Vivillon|6/100 tox|[from] psn
|upkeep
|
|t:|1758309237
|switch|p1a: Crawdaunt|Crawdaunt, F|100/100
|turn|12
|
|t:|1758309242
|move|p1a: Crawdaunt|Aqua Jet|p2a: Vivillon
|-damage|p2a: Vivillon|0 fnt
|faint|p2a: Vivillon
|-damage|p1a: Crawdaunt|91/100|[from] item: Life Orb
|
|upkeep
|
|t:|1758309266
|switch|p2a: Lucario|Lucario, M|11/100 brn
|turn|13
|
|t:|1758309271
|move|p2a: Lucario|Extreme Speed|p1a: Crawdaunt
|-damage|p1a: Crawdaunt|72/100
|move|p1a: Crawdaunt|Aqua Jet|p2a: Lucario
|-damage|p2a: Lucario|0 fnt
|faint|p2a: Lucario
|-damage|p1a: Crawdaunt|62/100|[from] item: Life Orb
|
|upkeep
|
|t:|1758309282
|switch|p2a: Samurott|Samurott-Hisui, F|100/100
|turn|14
|
|t:|1758309293
|-terastallize|p2a: Samurott|Bug
|move|p2a: Samurott|Fury Cutter|p1a: Crawdaunt
|-supereffective|p1a: Crawdaunt
|-crit|p1a: Crawdaunt
|-damage|p1a: Crawdaunt|0 fnt
|faint|p1a: Crawdaunt
|
|upkeep
|
|t:|1758309303
|switch|p1a: Umbreon|Umbreon, M|100/100
|turn|15
|
|t:|1758309308
|-terastallize|p1a: Umbreon|Poison
|move|p2a: Samurott|Fury Cutter|p1a: Umbreon
|-resisted|p1a: Umbreon
|-damage|p1a: Umbreon|78/100
|move|p1a: Umbreon|Toxic|p2a: Samurott
|-status|p2a: Samurott|tox
|
|-heal|p1a: Umbreon|84/100|[from] item: Leftovers
|-damage|p2a: Samurott|94/100 tox|[from] psn
|-sideend|p1: kyuhd|move: Light Screen
|upkeep
|turn|16
|
|t:|1758309329
|switch|p2a: Slowking|Slowking-Galar, F|99/100
|move|p1a: Umbreon|Protect||[still]
|-fail|p1a: Umbreon
|
|-heal|p1a: Umbreon|90/100|[from] item: Leftovers
|upkeep
|turn|17
|
|t:|1758309338
|move|p1a: Umbreon|Foul Play|p2a: Slowking
|-supereffective|p2a: Slowking
|-damage|p2a: Slowking|63/100
|move|p2a: Slowking|Future Sight|p1a: Umbreon
|-start|p2a: Slowking|move: Future Sight
|
|-heal|p1a: Umbreon|96/100|[from] item: Leftovers
|upkeep
|turn|18
|
|t:|1758309347
|move|p1a: Umbreon|Foul Play|p2a: Slowking
|-supereffective|p2a: Slowking
|-damage|p2a: Slowking|28/100
|-prepare|p2a: Slowking|Chilly Reception|[premajor]
|move|p2a: Slowking|Chilly Reception|p2a: Slowking
|-weather|Snowscape
|
|t:|1758309354
|switch|p2a: Arcanine|Arcanine-Hisui, M|100/100|[from] Chilly Reception
|-item|p2a: Arcanine|Air Balloon
|
|-weather|Snowscape|[upkeep]
|-heal|p1a: Umbreon|100/100|[from] item: Leftovers
|upkeep
|turn|19
|
|t:|1758309367
|move|p2a: Arcanine|Flare Blitz|p1a: Umbreon
|-damage|p1a: Umbreon|56/100
|move|p1a: Umbreon|Toxic|p2a: Arcanine
|-status|p2a: Arcanine|tox
|
|-weather|Snowscape|[upkeep]
|-end|p1a: Umbreon|move: Future Sight
|-supereffective|p1a: Umbreon
|-damage|p1a: Umbreon|0 fnt
|faint|p1a: Umbreon
|-damage|p2a: Arcanine|94/100 tox|[from] psn
|upkeep
|
|t:|1758309379
|switch|p1a: Grimmsnarl|Grimmsnarl, M|100/100
|turn|20
|
|t:|1758309387
|move|p2a: Arcanine|Head Smash|p1a: Grimmsnarl
|-damage|p1a: Grimmsnarl|0 fnt
|faint|p1a: Grimmsnarl
|
|win|LikeEmerald
|raw|kyuhd's rating: 1078 &rarr; <strong>1059</strong><br />(-19 for losing)
|raw|LikeEmerald's rating: 1129 &rarr; <strong>1150</strong><br />(+21 for winning)
|c|☆LikeEmerald|gg
|c|☆LikeEmerald|Love the mono type
|l|☆kyuhd
|player|p1|
