|j|☆mandark-98
|j|☆cornel1233
|t:|1758292370
|gametype|singles
|player|p1|mandark-98|lance|1103
|player|p2|cornel1233|101|1092
|gen|9
|tier|[Gen 9] OU
|rated|
|rule|HP Percentage Mod: HP is shown in percentages
|rule|Endless Battle Clause: Forcing endless battles is banned
|rule|Species Clause: Limit one of each Pokémon
|rule|OHKO Clause: OHKO moves are banned
|rule|Evasion Items Clause: Evasion items are banned
|rule|Evasion Moves Clause: Evasion moves are banned
|rule|Evasion Abilities Clause: Evasion abilities are banned
|rule|Sleep Moves Clause: Sleep-inducing moves are banned
|clearpoke
|poke|p1|Dragapult, M|
|poke|p1|Delphox, F|
|poke|p1|Venusaur, F|
|poke|p1|Great Tusk|
|poke|p1|Walking Wake|
|poke|p1|Garganacl, F|
|poke|p2|Deoxys-Speed|
|poke|p2|Glimmora, F|
|poke|p2|Gholdengo|
|poke|p2|Great Tusk|
|poke|p2|Gliscor, M|
|poke|p2|Ogerpon-Wellspring, F|
|teampreview
|
|t:|1758292375
|teamsize|p1|6
|teamsize|p2|6
|start
|switch|p1a: Walking Wake|Walking Wake|100/100
|switch|p2a: Deoxys|Deoxys-Speed|100/100
|-ability|p2a: Deoxys|Pressure
|-enditem|p1a: Walking Wake|Booster Energy
|-activate|p1a: Walking Wake|ability: Protosynthesis|[fromitem]
|-start|p1a: Walking Wake|protosynthesisspa
|turn|1
|inactive|Battle timer is ON: inactive players will automatically lose when time's up. (requested by cornel1233)
|
|t:|1758292386
|move|p2a: Deoxys|Thunder Wave|p1a: Walking Wake
|-status|p1a: Walking Wake|par
|move|p1a: Walking Wake|Substitute|p1a: Walking Wake
|-start|p1a: Walking Wake|Substitute
|-damage|p1a: Walking Wake|76/100 par
|
|upkeep
|turn|2
|
|t:|1758292396
|switch|p2a: Glimmora|Glimmora, F|100/100
|move|p1a: Walking Wake|Hydro Steam|p2a: Glimmora
|-supereffective|p2a: Glimmora
|-damage|p2a: Glimmora|0 fnt
|faint|p2a: Glimmora
|
|upkeep
|
|t:|1758292402
|switch|p2a: Ogerpon|Ogerpon-Wellspring, F|100/100
|turn|3
|
|t:|1758292409
|move|p2a: Ogerpon|Play Rough|p1a: Walking Wake|[miss]
|-miss|p2a: Ogerpon|p1a: Walking Wake
|move|p1a: Walking Wake|Draco Meteor|p2a: Ogerpon
|-damage|p2a: Ogerpon|8/100
|-unboost|p1a: Walking Wake|spa|2
|
|upkeep
|turn|4
|
|t:|1758292418
|switch|p2a: Gholdengo|Gholdengo|100/100
|move|p1a: Walking Wake|Hydro Steam|p2a: Gholdengo
|-damage|p2a: Gholdengo|68/100
|
|upkeep
|turn|5
|
|t:|1758292423
|move|p2a: Gholdengo|Nasty Plot|p2a: Gholdengo
|-boost|p2a: Gholdengo|spa|2
|move|p1a: Walking Wake|Flamethrower|p2a: Gholdengo
|-supereffective|p2a: Gholdengo
|-damage|p2a: Gholdengo|21/100
|
|upkeep
|turn|6
|
|t:|1758292433
|-terastallize|p2a: Gholdengo|Normal
|move|p2a: Gholdengo|Shadow Ball|p1a: Walking Wake
|-end|p1a: Walking Wake|Substitute
|-damage|p2a: Gholdengo|11/100|[from] item: Life Orb
|move|p1a: Walking Wake|Flamethrower|p2a: Gholdengo
|-damage|p2a: Gholdengo|0 fnt
|faint|p2a: Gholdengo
|
|upkeep
|
|t:|1758292444
|switch|p2a: Deoxys|Deoxys-Speed|100/100
|-ability|p2a: Deoxys|Pressure
|turn|7
|
|t:|1758292450
|-end|p1a: Walking Wake|Protosynthesis|[silent]
|switch|p1a: Garganacl|Garganacl, F|100/100
|move|p2a: Deoxys|Trick|p1a: Garganacl
|-activate|p2a: Deoxys|move: Trick|[of] p1a: Garganacl
|-item|p1a: Garganacl|Choice Scarf|[from] move: Trick
|-item|p2a: Deoxys|Leftovers|[from] move: Trick
|
|upkeep
|turn|8
|
|t:|1758292465
|move|p2a: Deoxys|Stealth Rock|p1a: Garganacl
|-sidestart|p1: mandark-98|move: Stealth Rock
|move|p1a: Garganacl|Earthquake|p2a: Deoxys
|-damage|p2a: Deoxys|67/100
|
|-heal|p2a: Deoxys|73/100|[from] item: Leftovers
|upkeep
|turn|9
|
|t:|1758292484
|switch|p2a: Great Tusk|Great Tusk|100/100
|move|p1a: Garganacl|Earthquake|p2a: Great Tusk
|-damage|p2a: Great Tusk|86/100
|
|-heal|p2a: Great Tusk|92/100|[from] item: Leftovers
|upkeep
|turn|10
|
|t:|1758292498
|switch|p1a: Venusaur|Venusaur, F|100/100
|-damage|p1a: Venusaur|88/100|[from] Stealth Rock
|move|p2a: Great Tusk|Bulk Up|p2a: Great Tusk
|-boost|p2a: Great Tusk|atk|1
|-boost|p2a: Great Tusk|def|1
|
|-heal|p2a: Great Tusk|98/100|[from] item: Leftovers
|-heal|p1a: Venusaur|94/100|[from] item: Leftovers
|upkeep
|turn|11
|
|t:|1758292512
|-end|p2a: Great Tusk|Protosynthesis|[silent]
|switch|p2a: Gliscor|Gliscor, M|100/100
|move|p1a: Venusaur|Leech Seed|p2a: Gliscor
|-start|p2a: Gliscor|move: Leech Seed
|
|-heal|p1a: Venusaur|99/100|[from] item: Leftovers
|-damage|p2a: Gliscor|88/100|[from] Leech Seed|[of] p1a: Venusaur
|-heal|p1a: Venusaur|100/100|[silent]
|-status|p2a: Gliscor|tox|[from] item: Toxic Orb
|upkeep
|turn|12
|
|t:|1758292522
|move|p2a: Gliscor|Psychic Fangs|p1a: Venusaur
|-supereffective|p1a: Venusaur
|-damage|p1a: Venusaur|68/100
|move|p1a: Venusaur|Giga Drain|p2a: Gliscor
|-damage|p2a: Gliscor|55/100 tox
|-heal|p1a: Venusaur|84/100|[from] drain|[of] p2a: Gliscor
|
|-heal|p1a: Venusaur|90/100|[from] item: Leftovers
|-damage|p2a: Gliscor|43/100 tox|[from] Leech Seed|[of] p1a: Venusaur
|-heal|p1a: Venusaur|100/100|[silent]
|-heal|p2a: Gliscor|55/100 tox|[from] ability: Poison Heal
|upkeep
|turn|13
|
|t:|1758292536
|move|p2a: Gliscor|U-turn|p1a: Venusaur
|-damage|p1a: Venusaur|87/100
|
|t:|1758292540
|switch|p2a: Deoxys|Deoxys-Speed|73/100|[from] U-turn
|-ability|p2a: Deoxys|Pressure
|move|p1a: Venusaur|Giga Drain|p2a: Deoxys
|-damage|p2a: Deoxys|39/100
|-heal|p1a: Venusaur|98/100|[from] drain|[of] p2a: Deoxys
|
|-heal|p2a: Deoxys|45/100|[from] item: Leftovers
|-heal|p1a: Venusaur|100/100|[from] item: Leftovers
|upkeep
|turn|14
|
|t:|1758292551
|move|p2a: Deoxys|Taunt|p1a: Venusaur
|-start|p1a: Venusaur|move: Taunt
|move|p1a: Venusaur|Sludge Bomb|p2a: Deoxys
|-damage|p2a: Deoxys|5/100
|
|-heal|p2a: Deoxys|11/100|[from] item: Leftovers
|upkeep
|turn|15
|
|t:|1758292560
|move|p2a: Deoxys|Thunder Wave|p1a: Venusaur|[miss]
|-miss|p2a: Deoxys|p1a: Venusaur
|move|p1a: Venusaur|Giga Drain|p2a: Deoxys
|-damage|p2a: Deoxys|0 fnt
|faint|p2a: Deoxys
|
|upkeep
|
|t:|1758292573
|switch|p2a: Gliscor|Gliscor, M|55/100 tox
|turn|16
|
|t:|1758292577
|move|p2a: Gliscor|Psychic Fangs|p1a: Venusaur
|-supereffective|p1a: Venusaur
|-damage|p1a: Venusaur|65/100
|move|p1a: Venusaur|Giga Drain|p2a: Gliscor
|-damage|p2a: Gliscor|24/100 tox
|-heal|p1a: Venusaur|80/100|[from] drain|[of] p2a: Gliscor
|
|-heal|p1a: Venusaur|86/100|[from] item: Leftovers
|-heal|p2a: Gliscor|37/100 tox|[from] ability: Poison Heal
|-end|p1a: Venusaur|move: Taunt
|upkeep
|turn|17
|-message|cornel1233 forfeited.
|
|win|mandark-98
|raw|mandark-98's rating: 1103 &rarr; <strong>1127</strong><br />(+24 for winning)
|raw|cornel1233's rating: 1092 &rarr; <strong>1069</strong><br />(-23 for losing)
