|j|☆DonovanIsNotHere
|j|☆Aggrhy
|t:|1758239935
|gametype|singles
|player|p1|DonovanIsNotHere|169|1408
|player|p2|Aggrhy|red-masters|1358
|gen|9
|tier|[Gen 9] OU
|rated|
|rule|HP Percentage Mod: HP is shown in percentages
|rule|Endless Battle Clause: Forcing endless battles is banned
|rule|Species Clause: Limit one of each Pokémon
|rule|OHKO Clause: OHKO moves are banned
|rule|Evasion Items Clause: Evasion items are banned
|rule|Evasion Moves Clause: Evasion moves are banned
|rule|Evasion Abilities Clause: Evasion abilities are banned
|rule|Sleep Moves Clause: Sleep-inducing moves are banned
|clearpoke
|poke|p1|Rampardos, F|
|poke|p1|Slowking-Galar, F|
|poke|p1|Hatterene, F|
|poke|p1|Ting-Lu|
|poke|p1|Hoopa-Unbound|
|poke|p1|Hydrapple, M|
|poke|p2|Pikachu, F|
|poke|p2|Lokix, F|
|poke|p2|Fezandipiti, M|
|poke|p2|Blastoise, M|
|poke|p2|Flygon, M|
|poke|p2|Vikavolt, F|
|teampreview
|inactive|Battle timer is ON: inactive players will automatically lose when time's up. (requested by Aggrhy)
|
|t:|1758239960
|teamsize|p1|6
|teamsize|p2|6
|start
|switch|p1a: Hatterene|Hatterene, F|100/100
|switch|p2a: Flygon|Flygon, M|100/100
|turn|1
|
|t:|1758239967
|move|p2a: Flygon|Earthquake|p1a: Hatterene
|-damage|p1a: Hatterene|28/100
|-damage|p2a: Flygon|91/100|[from] item: Life Orb
|move|p1a: Hatterene|Trick Room|p1a: Hatterene
|-fieldstart|move: Trick Room|[of] p1a: Hatterene
|
|upkeep
|turn|2
|
|t:|1758239976
|switch|p2a: Fezandipiti|Fezandipiti, M|100/100
|move|p1a: Hatterene|Misty Explosion|p2a: Fezandipiti
|-resisted|p2a: Fezandipiti
|-damage|p2a: Fezandipiti|84/100
|faint|p1a: Hatterene
|
|-heal|p2a: Fezandipiti|90/100|[from] item: Leftovers
|upkeep
|
|t:|1758239977
|switch|p1a: Rampardos|Rampardos, F|100/100
|turn|3
|
|t:|1758239992
|switch|p2a: Blastoise|Blastoise, M|100/100
|move|p1a: Rampardos|Head Smash|p2a: Blastoise
|-damage|p2a: Blastoise|0 fnt
|faint|p2a: Blastoise
|-damage|p1a: Rampardos|55/100|[from] Recoil
|
|upkeep
|
|t:|1758240001
|switch|p2a: Lokix|Lokix, F|100/100
|turn|4
|
|t:|1758240005
|switch|p1a: Slowking|Slowking-Galar, F|100/100
|move|p2a: Lokix|Sucker Punch||[still]
|-fail|p2a: Lokix
|
|upkeep
|turn|5
|
|t:|1758240013
|-prepare|p1a: Slowking|Chilly Reception|[premajor]
|move|p1a: Slowking|Chilly Reception|p1a: Slowking
|-weather|Snowscape
|
|t:|1758240015
|switch|p1a: Hydrapple|Hydrapple, M|100/100|[from] Chilly Reception
|move|p2a: Lokix|Swords Dance|p2a: Lokix
|-boost|p2a: Lokix|atk|2
|
|-weather|Snowscape|[upkeep]
|-fieldend|move: Trick Room
|upkeep
|turn|6
|
|t:|1758240026
|move|p2a: Lokix|Leech Life|p1a: Hydrapple
|-supereffective|p1a: Hydrapple
|-damage|p1a: Hydrapple|8/100
|move|p1a: Hydrapple|Fickle Beam|p2a: Lokix|[anim] Fickle Beam All Out
|-activate|p1a: Hydrapple|move: Fickle Beam
|-damage|p2a: Lokix|0 fnt
|faint|p2a: Lokix
|
|-weather|Snowscape|[upkeep]
|upkeep
|
|t:|1758240037
|switch|p2a: Flygon|Flygon, M|91/100
|turn|7
|
|t:|1758240042
|switch|p1a: Ting-Lu|Ting-Lu|100/100
|-ability|p1a: Ting-Lu|Vessel of Ruin
|move|p2a: Flygon|Earthquake|p1a: Ting-Lu
|-damage|p1a: Ting-Lu|66/100
|-damage|p2a: Flygon|81/100|[from] item: Life Orb
|
|-weather|Snowscape|[upkeep]
|-heal|p1a: Ting-Lu|72/100|[from] item: Leftovers
|upkeep
|turn|8
|
|t:|1758240053
|move|p2a: Flygon|Dragon Dance|p2a: Flygon
|-boost|p2a: Flygon|atk|1
|-boost|p2a: Flygon|spe|1
|move|p1a: Ting-Lu|Stealth Rock|p2a: Flygon
|-sidestart|p2: Aggrhy|move: Stealth Rock
|
|-weather|Snowscape|[upkeep]
|-heal|p1a: Ting-Lu|79/100|[from] item: Leftovers
|upkeep
|turn|9
|
|t:|1758240062
|move|p2a: Flygon|Outrage|p1a: Ting-Lu
|-damage|p1a: Ting-Lu|22/100
|-damage|p2a: Flygon|71/100|[from] item: Life Orb
|move|p1a: Ting-Lu|Heavy Slam|p2a: Flygon
|-damage|p2a: Flygon|17/100
|
|-weather|none
|-heal|p1a: Ting-Lu|28/100|[from] item: Leftovers
|upkeep
|turn|10
|
|t:|1758240077
|move|p2a: Flygon|Outrage|p1a: Ting-Lu|[from] lockedmove
|-damage|p1a: Ting-Lu|0 fnt
|faint|p1a: Ting-Lu
|-damage|p2a: Flygon|7/100|[from] item: Life Orb
|-start|p2a: Flygon|confusion|[fatigue]
|
|upkeep
|
|t:|1758240089
|switch|p1a: Hoopa|Hoopa-Unbound|100/100
|turn|11
|
|t:|1758240095
|switch|p1a: Hydrapple|Hydrapple, M|41/100
|-activate|p2a: Flygon|confusion
|-damage|p2a: Flygon|0 fnt|[from] confusion
|faint|p2a: Flygon
|
|upkeep
|
|t:|1758240102
|switch|p2a: Vikavolt|Vikavolt, F|100/100
|-damage|p2a: Vikavolt|76/100|[from] Stealth Rock
|turn|12
|
|t:|1758240120
|move|p2a: Vikavolt|Bug Buzz|p1a: Hydrapple
|-supereffective|p1a: Hydrapple
|-damage|p1a: Hydrapple|0 fnt
|faint|p1a: Hydrapple
|
|upkeep
|
|t:|1758240122
|switch|p1a: Slowking|Slowking-Galar, F|100/100
|turn|13
|
|t:|1758240128
|move|p2a: Vikavolt|Discharge|p1a: Slowking
|-damage|p1a: Slowking|63/100
|-status|p1a: Slowking|par
|move|p1a: Slowking|Trick Room|p1a: Slowking
|-fieldstart|move: Trick Room|[of] p1a: Slowking
|
|upkeep
|turn|14
|
|t:|1758240139
|cant|p1a: Slowking|par
|move|p2a: Vikavolt|Bug Buzz|p1a: Slowking
|-damage|p1a: Slowking|23/100 par
|
|upkeep
|turn|15
|
|t:|1758240147
|move|p1a: Slowking|Future Sight|p2a: Vikavolt
|-start|p1a: Slowking|move: Future Sight
|move|p2a: Vikavolt|Bug Buzz|p1a: Slowking
|-damage|p1a: Slowking|0 fnt
|faint|p1a: Slowking
|
|upkeep
|
|t:|1758240148
|switch|p1a: Rampardos|Rampardos, F|55/100
|turn|16
|
|t:|1758240167
|move|p1a: Rampardos|Fire Punch|p2a: Vikavolt
|-supereffective|p2a: Vikavolt
|-damage|p2a: Vikavolt|0 fnt
|-damage|p1a: Rampardos|38/100|[from] item: Rocky Helmet|[of] p2a: Vikavolt
|faint|p2a: Vikavolt
|
|upkeep
|
|t:|1758240180
|switch|p2a: Pikachu|Pikachu, F|100/100
|-damage|p2a: Pikachu|88/100|[from] Stealth Rock
|turn|17
|
|t:|1758240185
|move|p1a: Rampardos|Fire Punch|p2a: Pikachu
|-damage|p2a: Pikachu|0 fnt
|faint|p2a: Pikachu
|
|-hint|Future Sight did not hit because the target is fainted.
|-fieldend|move: Trick Room
|upkeep
|
|t:|1758240192
|switch|p2a: Fezandipiti|Fezandipiti, M|90/100
|-damage|p2a: Fezandipiti|78/100|[from] Stealth Rock
|turn|18
|
|t:|1758240198
|move|p2a: Fezandipiti|Moonblast|p1a: Rampardos
|-damage|p1a: Rampardos|2/100
|move|p1a: Rampardos|Fire Punch|p2a: Fezandipiti
|-damage|p2a: Fezandipiti|3/100
|
|-heal|p2a: Fezandipiti|9/100|[from] item: Leftovers
|upkeep
|turn|19
|-message|Aggrhy forfeited.
|
|win|DonovanIsNotHere
|raw|DonovanIsNotHere's rating: 1408 &rarr; <strong>1425</strong><br />(+17 for winning)
|raw|Aggrhy's rating: 1358 &rarr; <strong>1341</strong><br />(-17 for losing)
|l|☆Aggrhy
|player|p2|
