|j|☆MiinhuMC
|j|☆No1NumelFan
|t:|1758285799
|gametype|singles
|player|p1|MiinhuMC|102|1245
|player|p2|No1NumelFan|2|1262
|gen|9
|tier|[Gen 9] OU
|rated|
|rule|HP Percentage Mod: HP is shown in percentages
|rule|Endless Battle Clause: Forcing endless battles is banned
|rule|Species Clause: Limit one of each Pokémon
|rule|OHKO Clause: OHKO moves are banned
|rule|Evasion Items Clause: Evasion items are banned
|rule|Evasion Moves Clause: Evasion moves are banned
|rule|Evasion Abilities Clause: Evasion abilities are banned
|rule|Sleep Moves Clause: Sleep-inducing moves are banned
|clearpoke
|poke|p1|Tyranitar, M|
|poke|p1|Excadrill, M|
|poke|p1|Gholdengo|
|poke|p1|Corviknight, F|
|poke|p1|Garganacl, M|
|poke|p1|Clodsire, F|
|poke|p2|Azelf|
|poke|p2|Ting-Lu|
|poke|p2|Goodra-Hisui, F|
|poke|p2|Keldeo|
|poke|p2|Pecharunt|
|poke|p2|Great Tusk|
|teampreview
|inactive|Battle timer is ON: inactive players will automatically lose when time's up. (requested by MiinhuMC)
|
|t:|1758285816
|teamsize|p1|6
|teamsize|p2|6
|start
|switch|p1a: Garganacl|Garganacl, M|100/100
|switch|p2a: Keldeo|Keldeo|100/100
|turn|1
|inactive|MiinhuMC has 120 seconds left.
|
|t:|1758285849
|-terastallize|p1a: Garganacl|Fairy
|move|p2a: Keldeo|Surf|p1a: Garganacl
|-damage|p1a: Garganacl|31/100
|move|p1a: Garganacl|Salt Cure|p2a: Keldeo
|-resisted|p2a: Keldeo
|-damage|p2a: Keldeo|93/100
|-start|p2a: Keldeo|Salt Cure
|
|-heal|p1a: Garganacl|37/100|[from] item: Leftovers
|-damage|p2a: Keldeo|68/100|[from] Salt Cure
|upkeep
|turn|2
|inactive|MiinhuMC has 120 seconds left.
|
|t:|1758285868
|switch|p2a: Pecharunt|Pecharunt|100/100
|-item|p2a: Pecharunt|Air Balloon
|move|p1a: Garganacl|Protect||[still]
|-fail|p1a: Garganacl
|
|-heal|p1a: Garganacl|43/100|[from] item: Leftovers
|upkeep
|turn|3
|
|t:|1758285876
|move|p2a: Pecharunt|Malignant Chain|p1a: Garganacl
|-supereffective|p1a: Garganacl
|-damage|p1a: Garganacl|0 fnt
|faint|p1a: Garganacl
|
|upkeep
|inactive|MiinhuMC has 120 seconds left.
|
|t:|1758285890
|switch|p1a: Tyranitar|Tyranitar, M|100/100
|-weather|Sandstorm|[from] ability: Sand Stream|[of] p1a: Tyranitar
|turn|4
|
|t:|1758285898
|move|p2a: Pecharunt|Parting Shot|p1a: Tyranitar
|-unboost|p1a: Tyranitar|atk|1
|-unboost|p1a: Tyranitar|spa|1
|
|t:|1758285902
|switch|p2a: Ting-Lu|Ting-Lu|100/100|[from] Parting Shot
|-ability|p2a: Ting-Lu|Vessel of Ruin
|move|p1a: Tyranitar|Knock Off|p2a: Ting-Lu
|-resisted|p2a: Ting-Lu
|-damage|p2a: Ting-Lu|95/100
|-enditem|p2a: Ting-Lu|Leftovers|[from] move: Knock Off|[of] p1a: Tyranitar
|
|-weather|Sandstorm|[upkeep]
|upkeep
|turn|5
|
|t:|1758285915
|move|p1a: Tyranitar|Stealth Rock|p2a: Ting-Lu
|-sidestart|p2: No1NumelFan|move: Stealth Rock
|move|p2a: Ting-Lu|Whirlwind|p1a: Tyranitar
|drag|p1a: Clodsire|Clodsire, F|100/100
|
|-weather|Sandstorm|[upkeep]
|upkeep
|turn|6
|inactive|MiinhuMC has 120 seconds left.
|
|t:|1758285942
|switch|p1a: Excadrill|Excadrill, M|100/100
|-item|p1a: Excadrill|Air Balloon
|move|p2a: Ting-Lu|Stealth Rock|p1a: Excadrill
|-sidestart|p1: MiinhuMC|move: Stealth Rock
|
|-weather|Sandstorm|[upkeep]
|upkeep
|turn|7
|inactive|MiinhuMC has 120 seconds left.
|
|t:|1758285952
|move|p1a: Excadrill|Rapid Spin|p2a: Ting-Lu
|-damage|p2a: Ting-Lu|87/100
|-boost|p1a: Excadrill|spe|1
|-sideend|p1: MiinhuMC|Stealth Rock|[from] move: Rapid Spin|[of] p1a: Excadrill
|move|p2a: Ting-Lu|Whirlwind|p1a: Excadrill
|drag|p1a: Corviknight|Corviknight, F|100/100
|-ability|p1a: Corviknight|Pressure
|
|-weather|Sandstorm|[upkeep]
|upkeep
|turn|8
|inactive|MiinhuMC has 120 seconds left.
|
|t:|1758285975
|move|p1a: Corviknight|U-turn|p2a: Ting-Lu
|-supereffective|p2a: Ting-Lu
|-damage|p2a: Ting-Lu|75/100
|inactive|MiinhuMC has 120 seconds left.
|
|t:|1758285989
|switch|p1a: Tyranitar|Tyranitar, M|100/100|[from] U-turn
|move|p2a: Ting-Lu|Ruination|p1a: Tyranitar
|-damage|p1a: Tyranitar|50/100
|
|-weather|none
|-heal|p1a: Tyranitar|57/100|[from] item: Leftovers
|upkeep
|turn|9
|inactive|MiinhuMC has 120 seconds left.
|
|t:|1758286000
|move|p1a: Tyranitar|Low Kick|p2a: Ting-Lu
|-supereffective|p2a: Ting-Lu
|-damage|p2a: Ting-Lu|43/100
|move|p2a: Ting-Lu|Whirlwind|p1a: Tyranitar
|drag|p1a: Gholdengo|Gholdengo|100/100
|-item|p1a: Gholdengo|Air Balloon
|
|upkeep
|turn|10
|inactive|MiinhuMC has 120 seconds left.
|
|t:|1758286016
|switch|p1a: Tyranitar|Tyranitar, M|57/100
|-weather|Sandstorm|[from] ability: Sand Stream|[of] p1a: Tyranitar
|switch|p2a: Da Huuuudge|Goodra-Hisui, F, shiny|100/100
|-damage|p2a: Da Huuuudge|94/100|[from] Stealth Rock
|
|-weather|Sandstorm|[upkeep]
|-heal|p1a: Tyranitar|63/100|[from] item: Leftovers
|upkeep
|turn|11
|inactive|No1NumelFan has 120 seconds left.
|
|t:|1758286036
|switch|p2a: Ting-Lu|Ting-Lu|43/100
|-damage|p2a: Ting-Lu|37/100|[from] Stealth Rock
|-ability|p2a: Ting-Lu|Vessel of Ruin
|move|p1a: Tyranitar|Knock Off|p2a: Ting-Lu
|-resisted|p2a: Ting-Lu
|-damage|p2a: Ting-Lu|31/100
|
|-weather|Sandstorm|[upkeep]
|-heal|p1a: Tyranitar|69/100|[from] item: Leftovers
|upkeep
|turn|12
|inactive|No1NumelFan has 120 seconds left.
|
|t:|1758286064
|switch|p2a: Awesome Tusk|Great Tusk|100/100
|-damage|p2a: Awesome Tusk|98/100|[from] Stealth Rock
|move|p1a: Tyranitar|Low Kick|p2a: Awesome Tusk
|-crit|p2a: Awesome Tusk
|-damage|p2a: Awesome Tusk|55/100
|
|-weather|Sandstorm|[upkeep]
|-heal|p1a: Tyranitar|75/100|[from] item: Leftovers
|upkeep
|turn|13
|
|t:|1758286079
|switch|p1a: Corviknight|Corviknight, F|100/100
|-ability|p1a: Corviknight|Pressure
|move|p2a: Awesome Tusk|Knock Off|p1a: Corviknight
|-damage|p1a: Corviknight|80/100
|-damage|p2a: Awesome Tusk|39/100|[from] item: Rocky Helmet|[of] p1a: Corviknight
|-enditem|p1a: Corviknight|Rocky Helmet|[from] move: Knock Off|[of] p2a: Awesome Tusk
|
|-weather|Sandstorm|[upkeep]
|upkeep
|turn|14
|
|t:|1758286099
|-end|p2a: Awesome Tusk|Protosynthesis|[silent]
|switch|p2a: Da Huuuudge|Goodra-Hisui, F, shiny|94/100
|-damage|p2a: Da Huuuudge|88/100|[from] Stealth Rock
|move|p1a: Corviknight|Brave Bird|p2a: Da Huuuudge
|-resisted|p2a: Da Huuuudge
|-damage|p2a: Da Huuuudge|72/100
|-damage|p1a: Corviknight|76/100|[from] Recoil
|
|-weather|none
|upkeep
|turn|15
|
|t:|1758286124
|move|p1a: Corviknight|U-turn|p2a: Da Huuuudge
|-resisted|p2a: Da Huuuudge
|-damage|p2a: Da Huuuudge|65/100
|inactive|MiinhuMC has 90 seconds left.
|
|t:|1758286141
|switch|p1a: Tyranitar|Tyranitar, M|75/100|[from] U-turn
|-weather|Sandstorm|[from] ability: Sand Stream|[of] p1a: Tyranitar
|move|p2a: Da Huuuudge|Body Press|p1a: Tyranitar
|-supereffective|p1a: Tyranitar
|-damage|p1a: Tyranitar|19/100
|
|-weather|Sandstorm|[upkeep]
|-heal|p1a: Tyranitar|25/100|[from] item: Leftovers
|upkeep
|turn|16
|inactive|MiinhuMC has 90 seconds left.
|inactive|No1NumelFan has 90 seconds left.
|
|t:|1758286180
|switch|p1a: Gholdengo|Gholdengo|100/100
|-item|p1a: Gholdengo|Air Balloon
|-terastallize|p2a: Da Huuuudge|Flying
|move|p2a: Da Huuuudge|Body Press|p1a: Gholdengo
|-immune|p1a: Gholdengo
|
|-weather|Sandstorm|[upkeep]
|-damage|p2a: Da Huuuudge|59/100|[from] Sandstorm
|upkeep
|turn|17
|inactive|MiinhuMC has 90 seconds left.
|
|t:|1758286194
|switch|p2a: Ting-Lu|Ting-Lu|31/100
|-damage|p2a: Ting-Lu|25/100|[from] Stealth Rock
|-ability|p2a: Ting-Lu|Vessel of Ruin
|move|p1a: Gholdengo|Thunder Wave|p2a: Ting-Lu
|-immune|p2a: Ting-Lu
|
|-weather|Sandstorm|[upkeep]
|upkeep
|turn|18
|inactive|MiinhuMC has 90 seconds left.
|inactive|No1NumelFan has 90 seconds left.
|
|t:|1758286213
|switch|p1a: Tyranitar|Tyranitar, M|25/100
|move|p2a: Ting-Lu|Ruination|p1a: Tyranitar
|-damage|p1a: Tyranitar|13/100
|
|-weather|Sandstorm|[upkeep]
|-heal|p1a: Tyranitar|19/100|[from] item: Leftovers
|upkeep
|turn|19
|inactive|No1NumelFan has 90 seconds left.
|
|t:|1758286225
|switch|p2a: Da Huuuudge|Goodra-Hisui, F, shiny, tera:Flying|59/100
|-damage|p2a: Da Huuuudge|34/100|[from] Stealth Rock
|move|p1a: Tyranitar|Low Kick|p2a: Da Huuuudge
|-resisted|p2a: Da Huuuudge
|-damage|p2a: Da Huuuudge|17/100
|
|-weather|none
|-heal|p1a: Tyranitar|25/100|[from] item: Leftovers
|upkeep
|turn|20
|
|t:|1758286239
|switch|p1a: Corviknight|Corviknight, F|76/100
|-ability|p1a: Corviknight|Pressure
|move|p2a: Da Huuuudge|Knock Off|p1a: Corviknight
|-damage|p1a: Corviknight|64/100
|
|upkeep
|turn|21
|
|t:|1758286251
|move|p1a: Corviknight|U-turn|p2a: Da Huuuudge
|-resisted|p2a: Da Huuuudge
|-damage|p2a: Da Huuuudge|10/100
|inactive|MiinhuMC has 60 seconds left.
|
|t:|1758286289
|switch|p1a: Tyranitar|Tyranitar, M|25/100|[from] U-turn
|-weather|Sandstorm|[from] ability: Sand Stream|[of] p1a: Tyranitar
|move|p2a: Da Huuuudge|Body Press|p1a: Tyranitar
|-supereffective|p1a: Tyranitar
|-damage|p1a: Tyranitar|0 fnt
|faint|p1a: Tyranitar
|
|-weather|Sandstorm|[upkeep]
|-damage|p2a: Da Huuuudge|4/100|[from] Sandstorm
|upkeep
|
|t:|1758286318
|switch|p1a: Corviknight|Corviknight, F|64/100
|-ability|p1a: Corviknight|Pressure
|turn|22
|
|t:|1758286324
|move|p1a: Corviknight|Roost|p1a: Corviknight
|-heal|p1a: Corviknight|100/100
|-singleturn|p1a: Corviknight|move: Roost
|move|p2a: Da Huuuudge|Knock Off|p1a: Corviknight
|-damage|p1a: Corviknight|88/100
|
|-weather|Sandstorm|[upkeep]
|-damage|p2a: Da Huuuudge|0 fnt|[from] Sandstorm
|faint|p2a: Da Huuuudge
|upkeep
|
|t:|1758286340
|switch|p2a: Tripod|Azelf|100/100
|-damage|p2a: Tripod|88/100|[from] Stealth Rock
|turn|23
|
|t:|1758286357
|move|p2a: Tripod|Substitute|p2a: Tripod
|-start|p2a: Tripod|Substitute
|-damage|p2a: Tripod|63/100
|move|p1a: Corviknight|U-turn|p2a: Tripod
|-supereffective|p2a: Tripod
|-end|p2a: Tripod|Substitute
|
|t:|1758286365
|switch|p1a: Excadrill|Excadrill, M|100/100|[from] U-turn
|-item|p1a: Excadrill|Air Balloon
|
|-weather|Sandstorm|[upkeep]
|-damage|p2a: Tripod|57/100|[from] Sandstorm
|upkeep
|turn|24
|
|t:|1758286381
|move|p1a: Excadrill|Iron Head|p2a: Tripod
|-damage|p2a: Tripod|0 fnt
|faint|p2a: Tripod
|
|-weather|Sandstorm|[upkeep]
|upkeep
|
|t:|1758286386
|switch|p2a: Ting-Lu|Ting-Lu|25/100
|-damage|p2a: Ting-Lu|19/100|[from] Stealth Rock
|-ability|p2a: Ting-Lu|Vessel of Ruin
|turn|25
|
|t:|1758286395
|move|p1a: Excadrill|Earthquake|p2a: Ting-Lu
|-damage|p2a: Ting-Lu|0 fnt
|faint|p2a: Ting-Lu
|
|-weather|none
|upkeep
|
|t:|1758286402
|switch|p2a: Keldeo|Keldeo|68/100
|-damage|p2a: Keldeo|62/100|[from] Stealth Rock
|turn|26
|inactive|MiinhuMC has 60 seconds left.
|
|t:|1758286409
|switch|p1a: Clodsire|Clodsire, F|100/100
|move|p2a: Keldeo|Surf|p1a: Clodsire
|-immune|p1a: Clodsire|[from] ability: Water Absorb
|
|upkeep
|turn|27
|-message|No1NumelFan forfeited.
|
|win|MiinhuMC
|raw|MiinhuMC's rating: 1245 &rarr; <strong>1271</strong><br />(+26 for winning)
|raw|No1NumelFan's rating: 1262 &rarr; <strong>1236</strong><br />(-26 for losing)
|l|☆No1NumelFan
|player|p2|
