|j|☆IzzyFl0
|j|☆ExecutiveExeggcute
|t:|1758285538
|gametype|singles
|player|p1|IzzyFl0|unknown|1370
|player|p2|ExecutiveExeggcute|101|1368
|gen|9
|tier|[Gen 9] OU
|rated|
|rule|HP Percentage Mod: HP is shown in percentages
|rule|Endless Battle Clause: Forcing endless battles is banned
|rule|Species Clause: Limit one of each Pokémon
|rule|OHKO Clause: OHKO moves are banned
|rule|Evasion Items Clause: Evasion items are banned
|rule|Evasion Moves Clause: Evasion moves are banned
|rule|Evasion Abilities Clause: Evasion abilities are banned
|rule|Sleep Moves Clause: Sleep-inducing moves are banned
|clearpoke
|poke|p1|Mimikyu, M|
|poke|p1|Ogerpon-Wellspring, F|
|poke|p1|Dragonite, M|
|poke|p1|Darkrai|
|poke|p1|Primarina, F|
|poke|p1|Landorus-Therian, M|
|poke|p2|Indeedee, M|
|poke|p2|Armarouge, M|
|poke|p2|Hawlucha, M|
|poke|p2|Polteageist-Antique|
|poke|p2|Morpeko, M|
|poke|p2|Glaceon, F|
|teampreview
|inactive|Battle timer is ON: inactive players will automatically lose when time's up. (requested by ExecutiveExeggcute)
|
|t:|1758285567
|teamsize|p1|6
|teamsize|p2|6
|start
|switch|p1a: Darkrai|Darkrai|100/100
|switch|p2a: Hampter|Morpeko, M, shiny|100/100
|turn|1
|
|t:|1758285583
|move|p1a: Darkrai|Sludge Bomb|p2a: Hampter
|-damage|p2a: Hampter|30/100
|-status|p2a: Hampter|psn
|move|p2a: Hampter|Aura Wheel|p1a: Darkrai
|-damage|p1a: Darkrai|44/100
|-boost|p2a: Hampter|spe|1
|
|-damage|p2a: Hampter|18/100 psn|[from] psn
|-formechange|p2a: Hampter|Morpeko-Hangry||[from] ability: Hunger Switch
|upkeep
|turn|2
|
|t:|1758285605
|move|p1a: Darkrai|Sludge Bomb|p2a: Hampter
|-damage|p2a: Hampter|0 fnt
|faint|p2a: Hampter
|
|upkeep
|
|t:|1758285613
|switch|p2a: Femboy Maid|Indeedee, M|100/100
|-fieldstart|move: Psychic Terrain|[from] ability: Psychic Surge|[of] p2a: Femboy Maid
|turn|3
|
|t:|1758285623
|switch|p1a: Primarina|Primarina, F|100/100
|move|p2a: Femboy Maid|Hyper Voice|p1a: Primarina
|-crit|p1a: Primarina
|-damage|p1a: Primarina|65/100
|
|upkeep
|turn|4
|
|t:|1758285635
|move|p2a: Femboy Maid|Expanding Force|p1a: Primarina
|-damage|p1a: Primarina|17/100
|move|p1a: Primarina|Surf|p2a: Femboy Maid
|-damage|p2a: Femboy Maid|0 fnt
|faint|p2a: Femboy Maid
|
|upkeep
|
|t:|1758285649
|switch|p2a: Body Tea|Polteageist-Antique, shiny|100/100
|turn|5
|
|t:|1758285655
|move|p2a: Body Tea|Shell Smash|p2a: Body Tea
|-unboost|p2a: Body Tea|def|1
|-unboost|p2a: Body Tea|spd|1
|-boost|p2a: Body Tea|atk|2
|-boost|p2a: Body Tea|spa|2
|-boost|p2a: Body Tea|spe|2
|move|p1a: Primarina|Surf|p2a: Body Tea
|-enditem|p2a: Body Tea|Focus Sash
|-damage|p2a: Body Tea|1/100
|
|upkeep
|turn|6
|
|t:|1758285664
|move|p1a: Primarina|Aqua Jet|p2a: Body Tea
|-activate|p2a: Body Tea|move: Psychic Terrain
|move|p2a: Body Tea|Shadow Ball|p1a: Primarina
|-damage|p1a: Primarina|0 fnt
|faint|p1a: Primarina
|
|upkeep
|inactive|IzzyFl0 has 120 seconds left.
|
|t:|1758285702
|switch|p1a: Mimikyu|Mimikyu, M|100/100
|turn|7
|
|t:|1758285707
|move|p2a: Body Tea|Shadow Ball|p1a: Mimikyu
|-activate|p1a: Mimikyu|ability: Disguise
|-damage|p1a: Mimikyu|100/100
|detailschange|p1a: Mimikyu|Mimikyu-Busted, M
|-damage|p1a: Mimikyu|88/100|[from] pokemon: Mimikyu-Busted
|move|p1a: Mimikyu|Shadow Claw|p2a: Body Tea
|-supereffective|p2a: Body Tea
|-damage|p2a: Body Tea|0 fnt
|faint|p2a: Body Tea
|-damage|p1a: Mimikyu|78/100|[from] item: Life Orb
|
|upkeep
|
|t:|1758285716
|switch|p2a: Gacha Eyes|Armarouge, M, shiny|100/100
|turn|8
|
|t:|1758285720
|move|p1a: Mimikyu|Shadow Claw|p2a: Gacha Eyes
|-supereffective|p2a: Gacha Eyes
|-damage|p2a: Gacha Eyes|27/100
|-ability|p2a: Gacha Eyes|Weak Armor|boost
|-unboost|p2a: Gacha Eyes|def|1
|-boost|p2a: Gacha Eyes|spe|2
|-damage|p1a: Mimikyu|68/100|[from] item: Life Orb
|move|p2a: Gacha Eyes|Armor Cannon|p1a: Mimikyu
|-damage|p1a: Mimikyu|0 fnt
|-unboost|p2a: Gacha Eyes|def|1
|-unboost|p2a: Gacha Eyes|spd|1
|faint|p1a: Mimikyu
|
|upkeep
|
|t:|1758285743
|switch|p1a: Darkrai|Darkrai|44/100
|turn|9
|
|t:|1758285752
|move|p1a: Darkrai|Sludge Bomb|p2a: Gacha Eyes
|-damage|p2a: Gacha Eyes|0 fnt
|faint|p2a: Gacha Eyes
|
|upkeep
|
|t:|1758285754
|switch|p2a: Short King|Hawlucha, M|100/100
|-enditem|p2a: Short King|Psychic Seed
|-boost|p2a: Short King|spd|1|[from] item: Psychic Seed
|turn|10
|
|t:|1758285765
|switch|p1a: Landorus|Landorus-Therian, M|100/100
|-ability|p1a: Landorus|Intimidate|boost
|-unboost|p2a: Short King|atk|1
|move|p2a: Short King|Swords Dance|p2a: Short King
|-boost|p2a: Short King|atk|2
|
|-fieldend|move: Psychic Terrain
|upkeep
|turn|11
|
|t:|1758285778
|move|p2a: Short King|Acrobatics|p1a: Landorus
|-damage|p1a: Landorus|32/100
|-damage|p2a: Short King|84/100|[from] item: Rocky Helmet|[of] p1a: Landorus
|move|p1a: Landorus|U-turn|p2a: Short King
|-resisted|p2a: Short King
|-damage|p2a: Short King|76/100
|inactive|IzzyFl0 has 120 seconds left.
|
|t:|1758285806
|switch|p1a: Dragonite|Dragonite, M|100/100|[from] U-turn
|
|upkeep
|turn|12
|inactive|IzzyFl0 has 120 seconds left.
|
|t:|1758285820
|move|p1a: Dragonite|Extreme Speed|p2a: Short King
|-damage|p2a: Short King|27/100
|move|p2a: Short King|Acrobatics|p1a: Dragonite
|-damage|p1a: Dragonite|57/100
|
|upkeep
|turn|13
|inactive|IzzyFl0 has 120 seconds left.
|
|t:|1758285828
|move|p1a: Dragonite|Extreme Speed|p2a: Short King
|-damage|p2a: Short King|0 fnt
|faint|p2a: Short King
|
|upkeep
|
|t:|1758285830
|switch|p2a: Emma Frost|Glaceon, F, shiny|100/100
|turn|14
|
|t:|1758285844
|move|p2a: Emma Frost|Freeze-Dry|p1a: Dragonite
|-supereffective|p1a: Dragonite
|-damage|p1a: Dragonite|0 fnt
|faint|p1a: Dragonite
|
|upkeep
|inactive|IzzyFl0 has 120 seconds left.
|
|t:|1758285883
|switch|p1a: Ogerpon|Ogerpon-Wellspring, F|100/100
|turn|15
|inactive|IzzyFl0 has 90 seconds left.
|
|t:|1758285904
|-terastallize|p1a: Ogerpon|Water
|detailschange|p1a: Ogerpon|Ogerpon-Wellspring-Tera, F, tera:Water
|-ability|p1a: Ogerpon|Embody Aspect (Wellspring)|boost
|-boost|p1a: Ogerpon|spd|1
|move|p2a: Emma Frost|Freeze-Dry|p1a: Ogerpon
|-supereffective|p1a: Ogerpon
|-damage|p1a: Ogerpon|41/100
|move|p1a: Ogerpon|Ivy Cudgel|p2a: Emma Frost|[anim] Ivy Cudgel Water
|-damage|p2a: Emma Frost|12/100
|
|upkeep
|turn|16
|inactive|IzzyFl0 has 90 seconds left.
|
|t:|1758285916
|move|p2a: Emma Frost|Freeze-Dry|p1a: Ogerpon
|-supereffective|p1a: Ogerpon
|-damage|p1a: Ogerpon|0 fnt
|faint|p1a: Ogerpon
|detailschange|p1: Ogerpon|Ogerpon-Wellspring, F|[silent]
|
|upkeep
|
|t:|1758285920
|switch|p1a: Darkrai|Darkrai|44/100
|turn|17
|
|t:|1758285934
|move|p1a: Darkrai|Dark Pulse|p2a: Emma Frost
|-damage|p2a: Emma Frost|0 fnt
|faint|p2a: Emma Frost
|
|win|IzzyFl0
|raw|IzzyFl0's rating: 1370 &rarr; <strong>1390</strong><br />(+20 for winning)
|raw|ExecutiveExeggcute's rating: 1368 &rarr; <strong>1348</strong><br />(-20 for losing)
|l|☆ExecutiveExeggcute
|player|p2|
|l|☆IzzyFl0
|player|p1|
