|j|☆LikeEmerald
|j|☆Chef Allen
|t:|1758302982
|gametype|singles
|player|p1|LikeEmerald|265|1096
|player|p2|Chef Allen|baker|1110
|gen|9
|tier|[Gen 9] OU
|rated|
|rule|HP Percentage Mod: HP is shown in percentages
|rule|Endless Battle Clause: Forcing endless battles is banned
|rule|Species Clause: Limit one of each Pokémon
|rule|OHKO Clause: OHKO moves are banned
|rule|Evasion Items Clause: Evasion items are banned
|rule|Evasion Moves Clause: Evasion moves are banned
|rule|Evasion Abilities Clause: Evasion abilities are banned
|rule|Sleep Moves Clause: Sleep-inducing moves are banned
|clearpoke
|poke|p1|Kricketune, F|
|poke|p1|Araquanid, F|
|poke|p1|Landorus-Therian, M|
|poke|p1|Magneton|
|poke|p1|Weezing, M|
|poke|p1|Blaziken, F|
|poke|p2|Rotom-Heat|
|poke|p2|Hydrapple, F|
|poke|p2|Dachsbun, F|
|poke|p2|Alcremie, F|
|poke|p2|Pecharunt|
|poke|p2|Garganacl, M|
|teampreview
|inactive|Battle timer is ON: inactive players will automatically lose when time's up. (requested by Chef Allen)
|
|t:|1758302994
|teamsize|p1|6
|teamsize|p2|6
|start
|switch|p1a: Araquanid|Araquanid, F|100/100
|switch|p2a: The oven (for pie)|Rotom-Heat|100/100
|turn|1
|
|t:|1758303011
|move|p2a: The oven (for pie)|Volt Switch|p1a: Araquanid
|-supereffective|p1a: Araquanid
|-damage|p1a: Araquanid|49/100
|
|t:|1758303017
|switch|p2a: Apple|Hydrapple, F|100/100|[from] Volt Switch
|move|p1a: Araquanid|Surf|p2a: Apple
|-resisted|p2a: Apple
|-damage|p2a: Apple|95/100
|
|-heal|p1a: Araquanid|55/100|[from] item: Leftovers
|upkeep
|turn|2
|
|t:|1758303025
|move|p2a: Apple|Giga Drain|p1a: Araquanid
|-damage|p1a: Araquanid|25/100
|-heal|p2a: Apple|100/100|[from] drain|[of] p1a: Araquanid
|move|p1a: Araquanid|Sticky Web|p2a: Apple
|-sidestart|p2: Chef Allen|move: Sticky Web
|
|-heal|p1a: Araquanid|32/100|[from] item: Leftovers
|upkeep
|turn|3
|
|t:|1758303032
|move|p2a: Apple|Giga Drain|p1a: Araquanid
|-damage|p1a: Araquanid|6/100
|move|p1a: Araquanid|Poison Jab|p2a: Apple
|-supereffective|p2a: Apple
|-damage|p2a: Apple|81/100
|
|-heal|p1a: Araquanid|12/100|[from] item: Leftovers
|upkeep
|turn|4
|
|t:|1758303042
|switch|p1a: Kricketune|Kricketune, F, shiny|100/100
|move|p2a: Apple|Giga Drain|p1a: Kricketune
|-resisted|p1a: Kricketune
|-damage|p1a: Kricketune|62/100
|-heal|p2a: Apple|95/100|[from] drain|[of] p1a: Kricketune
|
|upkeep
|turn|5
|inactive|Chef Allen has 120 seconds left.
|
|t:|1758303075
|switch|p2a: Peach (but evil)|Pecharunt|100/100
|-activate|p2a: Peach (but evil)|move: Sticky Web
|-unboost|p2a: Peach (but evil)|spe|1
|move|p1a: Kricketune|Trailblaze|p2a: Peach (but evil)
|-resisted|p2a: Peach (but evil)
|-damage|p2a: Peach (but evil)|94/100
|-boost|p1a: Kricketune|spe|1
|
|-heal|p2a: Peach (but evil)|99/100|[from] item: Leftovers
|upkeep
|turn|6
|
|t:|1758303084
|move|p1a: Kricketune|Knock Off|p2a: Peach (but evil)
|-supereffective|p2a: Peach (but evil)
|-damage|p2a: Peach (but evil)|65/100
|-enditem|p2a: Peach (but evil)|Leftovers|[from] move: Knock Off|[of] p1a: Kricketune
|move|p2a: Peach (but evil)|Nasty Plot|p2a: Peach (but evil)
|-boost|p2a: Peach (but evil)|spa|2
|
|upkeep
|turn|7
|
|t:|1758303093
|move|p1a: Kricketune|Knock Off|p2a: Peach (but evil)
|-supereffective|p2a: Peach (but evil)
|-damage|p2a: Peach (but evil)|43/100
|move|p2a: Peach (but evil)|Malignant Chain|p1a: Kricketune
|-damage|p1a: Kricketune|0 fnt
|faint|p1a: Kricketune
|
|upkeep
|
|t:|1758303102
|switch|p1a: Magneton|Magneton|100/100
|turn|8
|
|t:|1758303118
|move|p1a: Magneton|Volt Switch|p2a: Peach (but evil)
|-damage|p2a: Peach (but evil)|7/100
|
|t:|1758303124
|switch|p1a: Weezing|Weezing, M|100/100|[from] Volt Switch
|move|p2a: Peach (but evil)|Recover|p2a: Peach (but evil)
|-heal|p2a: Peach (but evil)|57/100
|
|upkeep
|turn|9
|
|t:|1758303129
|move|p1a: Weezing|Shadow Ball|p2a: Peach (but evil)
|-supereffective|p2a: Peach (but evil)
|-damage|p2a: Peach (but evil)|14/100
|move|p2a: Peach (but evil)|Shadow Ball|p1a: Weezing
|-damage|p1a: Weezing|0 fnt
|faint|p1a: Weezing
|
|upkeep
|
|t:|1758303135
|switch|p1a: Magneton|Magneton|100/100
|turn|10
|
|t:|1758303139
|move|p1a: Magneton|Volt Switch|p2a: Peach (but evil)
|-damage|p2a: Peach (but evil)|0 fnt
|faint|p2a: Peach (but evil)
|
|t:|1758303147
|switch|p1a: Landorus|Landorus-Therian, M|100/100|[from] Volt Switch
|
|upkeep
|
|t:|1758303160
|switch|p2a: dough|Dachsbun, F|100/100
|-activate|p2a: dough|move: Sticky Web
|-unboost|p2a: dough|spe|1
|turn|11
|
|t:|1758303170
|move|p1a: Landorus|Stealth Rock|p2a: dough
|-sidestart|p2: Chef Allen|move: Stealth Rock
|move|p2a: dough|Play Rough|p1a: Landorus
|-damage|p1a: Landorus|69/100
|-damage|p2a: dough|84/100|[from] item: Rocky Helmet|[of] p1a: Landorus
|
|-heal|p2a: dough|90/100|[from] item: Leftovers
|upkeep
|turn|12
|
|t:|1758303179
|move|p1a: Landorus|U-turn|p2a: dough
|-resisted|p2a: dough
|-damage|p2a: dough|81/100
|
|t:|1758303181
|switch|p1a: Magneton|Magneton|100/100|[from] U-turn
|move|p2a: dough|Play Rough|p1a: Magneton
|-resisted|p1a: Magneton
|-damage|p1a: Magneton|90/100
|
|-heal|p2a: dough|87/100|[from] item: Leftovers
|upkeep
|turn|13
|
|t:|1758303189
|move|p2a: dough|Protect|p2a: dough
|-singleturn|p2a: dough|Protect
|move|p1a: Magneton|Flash Cannon|p2a: dough
|-activate|p2a: dough|move: Protect
|
|-heal|p2a: dough|93/100|[from] item: Leftovers
|upkeep
|turn|14
|
|t:|1758303198
|-terastallize|p2a: dough|Fighting
|move|p2a: dough|Body Press|p1a: Magneton
|-supereffective|p1a: Magneton
|-damage|p1a: Magneton|28/100
|move|p1a: Magneton|Flash Cannon|p2a: dough
|-damage|p2a: dough|6/100
|
|-heal|p2a: dough|12/100|[from] item: Leftovers
|upkeep
|turn|15
|
|t:|1758303203
|move|p2a: dough|Body Press|p1a: Magneton
|-supereffective|p1a: Magneton
|-damage|p1a: Magneton|0 fnt
|faint|p1a: Magneton
|
|-heal|p2a: dough|18/100|[from] item: Leftovers
|upkeep
|
|t:|1758303217
|switch|p1a: Landorus|Landorus-Therian, M|69/100
|-ability|p1a: Landorus|Intimidate|boost
|-unboost|p2a: dough|atk|1
|turn|16
|
|t:|1758303227
|move|p1a: Landorus|Psychic|p2a: dough
|-supereffective|p2a: dough
|-damage|p2a: dough|0 fnt
|faint|p2a: dough
|
|upkeep
|
|t:|1758303234
|switch|p2a: Salt|Garganacl, M|100/100
|-activate|p2a: Salt|move: Sticky Web
|-unboost|p2a: Salt|spe|1
|-damage|p2a: Salt|88/100|[from] Stealth Rock
|turn|17
|
|t:|1758303238
|move|p1a: Landorus|Earth Power|p2a: Salt
|-supereffective|p2a: Salt
|-damage|p2a: Salt|10/100
|move|p2a: Salt|Stealth Rock|p1a: Landorus
|-sidestart|p1: LikeEmerald|move: Stealth Rock
|
|-heal|p2a: Salt|17/100|[from] item: Leftovers
|upkeep
|turn|18
|
|t:|1758303246
|switch|p2a: The oven (for pie)|Rotom-Heat|100/100
|-damage|p2a: The oven (for pie)|76/100|[from] Stealth Rock
|move|p1a: Landorus|Psychic|p2a: The oven (for pie)
|-damage|p2a: The oven (for pie)|41/100
|
|upkeep
|turn|19
|
|t:|1758303251
|move|p2a: The oven (for pie)|Overheat|p1a: Landorus
|-damage|p1a: Landorus|0 fnt
|-unboost|p2a: The oven (for pie)|spa|2
|faint|p1a: Landorus
|
|upkeep
|
|t:|1758303267
|switch|p1a: Blaziken|Blaziken, F|100/100
|-damage|p1a: Blaziken|88/100|[from] Stealth Rock
|turn|20
|
|t:|1758303282
|switch|p2a: Apple|Hydrapple, F|100/100
|-activate|p2a: Apple|move: Sticky Web
|-unboost|p2a: Apple|spe|1
|-damage|p2a: Apple|88/100|[from] Stealth Rock
|move|p1a: Blaziken|Knock Off|p2a: Apple
|-damage|p2a: Apple|46/100
|-enditem|p2a: Apple|Assault Vest|[from] move: Knock Off|[of] p1a: Blaziken
|
|-ability|p1a: Blaziken|Speed Boost|boost
|-boost|p1a: Blaziken|spe|1
|upkeep
|turn|21
|
|t:|1758303289
|switch|p1a: Araquanid|Araquanid, F|12/100
|-damage|p1a: Araquanid|0 fnt|[from] Stealth Rock
|faint|p1a: Araquanid
|move|p2a: Apple|Earth Power|p1: Araquanid|[notarget]
|-fail|p2a: Apple
|
|upkeep
|
|t:|1758303291
|switch|p1a: Blaziken|Blaziken, F|88/100
|-damage|p1a: Blaziken|76/100|[from] Stealth Rock
|turn|22
|
|t:|1758303302
|move|p1a: Blaziken|Flare Blitz|p2a: Apple
|-damage|p2a: Apple|0 fnt
|faint|p2a: Apple
|-damage|p1a: Blaziken|56/100|[from] Recoil
|
|-ability|p1a: Blaziken|Speed Boost|boost
|-boost|p1a: Blaziken|spe|1
|upkeep
|
|t:|1758303305
|switch|p2a: Salt|Garganacl, M|17/100
|-activate|p2a: Salt|move: Sticky Web
|-unboost|p2a: Salt|spe|1
|-damage|p2a: Salt|4/100|[from] Stealth Rock
|turn|23
|
|t:|1758303308
|move|p1a: Blaziken|Flare Blitz|p2a: Salt
|-resisted|p2a: Salt
|-damage|p2a: Salt|0 fnt
|faint|p2a: Salt
|-damage|p1a: Blaziken|54/100|[from] Recoil
|
|-ability|p1a: Blaziken|Speed Boost|boost
|-boost|p1a: Blaziken|spe|1
|upkeep
|
|t:|1758303313
|switch|p2a: The oven (for pie)|Rotom-Heat|41/100
|-damage|p2a: The oven (for pie)|16/100|[from] Stealth Rock
|turn|24
|
|t:|1758303316
|move|p1a: Blaziken|Flare Blitz|p2a: The oven (for pie)
|-resisted|p2a: The oven (for pie)
|-damage|p2a: The oven (for pie)|0 fnt
|faint|p2a: The oven (for pie)
|-damage|p1a: Blaziken|50/100|[from] Recoil
|
|-ability|p1a: Blaziken|Speed Boost|boost
|-boost|p1a: Blaziken|spe|1
|upkeep
|
|t:|1758303318
|switch|p2a: Whipped cream|Alcremie, F|100/100
|-activate|p2a: Whipped cream|move: Sticky Web
|-unboost|p2a: Whipped cream|spe|1
|-damage|p2a: Whipped cream|88/100|[from] Stealth Rock
|turn|25
|
|t:|1758303327
|move|p1a: Blaziken|Flare Blitz|p2a: Whipped cream
|-damage|p2a: Whipped cream|0 fnt
|faint|p2a: Whipped cream
|-damage|p1a: Blaziken|18/100|[from] Recoil
|
|win|LikeEmerald
|raw|LikeEmerald's rating: 1096 &rarr; <strong>1123</strong><br />(+27 for winning)
|raw|Chef Allen's rating: 1110 &rarr; <strong>1084</strong><br />(-26 for losing)
|l|☆Chef Allen
|player|p2|
|c|☆LikeEmerald|gg
