|j|☆Mr.villains
|j|☆sly_skip
|t:|1758341746
|gametype|singles
|player|p1|Mr.villains|cynthia-gen4|1573
|player|p2|sly_skip|265|1540
|gen|9
|tier|[Gen 9] OU
|rated|
|rule|HP Percentage Mod: HP is shown in percentages
|rule|Endless Battle Clause: Forcing endless battles is banned
|rule|Species Clause: Limit one of each Pokémon
|rule|OHKO Clause: OHKO moves are banned
|rule|Evasion Items Clause: Evasion items are banned
|rule|Evasion Moves Clause: Evasion moves are banned
|rule|Evasion Abilities Clause: Evasion abilities are banned
|rule|Sleep Moves Clause: Sleep-inducing moves are banned
|clearpoke
|poke|p1|Darkrai|
|poke|p1|Glimmora, M|
|poke|p1|Dragonite, M|
|poke|p1|Enamorus, F|
|poke|p1|Corviknight, F|
|poke|p1|Kingambit, M|
|poke|p2|Great Tusk|
|poke|p2|Darkrai|
|poke|p2|Garganacl, F|
|poke|p2|Kyurem|
|poke|p2|Zamazenta-*|
|poke|p2|Slowking-Galar, M|
|teampreview
|inactive|Battle timer is ON: inactive players will automatically lose when time's up. (requested by sly_skip)
|
|t:|1758341760
|teamsize|p1|6
|teamsize|p2|6
|start
|switch|p1a: Enamorus|Enamorus, F|100/100
|switch|p2a: Darkrai|Darkrai|100/100
|turn|1
|
|t:|1758341767
|switch|p2a: Slowking|Slowking-Galar, M|100/100
|move|p1a: Enamorus|Moonblast|p2a: Slowking
|-resisted|p2a: Slowking
|-damage|p2a: Slowking|85/100
|
|upkeep
|turn|2
|
|t:|1758341774
|switch|p1a: Corviknight|Corviknight, F|100/100
|-ability|p1a: Corviknight|Pressure
|move|p2a: Slowking|Thunder Wave|p1a: Corviknight
|-status|p1a: Corviknight|par
|
|upkeep
|turn|3
|
|t:|1758341777
|move|p1a: Corviknight|U-turn|p2a: Slowking
|-damage|p2a: Slowking|69/100
|
|t:|1758341780
|switch|p1a: Glimmora|Glimmora, M|100/100|[from] U-turn
|-prepare|p2a: Slowking|Chilly Reception|[premajor]
|move|p2a: Slowking|Chilly Reception|p2a: Slowking
|-weather|Snowscape
|
|t:|1758341788
|switch|p2a: Great Tusk|Great Tusk|100/100|[from] Chilly Reception
|
|-weather|Snowscape|[upkeep]
|upkeep
|turn|4
|
|t:|1758341796
|switch|p1a: Corviknight|Corviknight, F|100/100 par
|-ability|p1a: Corviknight|Pressure
|move|p2a: Great Tusk|Knock Off|p1a: Corviknight
|-damage|p1a: Corviknight|80/100 par
|-enditem|p1a: Corviknight|Leftovers|[from] move: Knock Off|[of] p2a: Great Tusk
|
|-weather|Snowscape|[upkeep]
|upkeep
|turn|5
|
|t:|1758341806
|-end|p2a: Great Tusk|Protosynthesis|[silent]
|switch|p2a: Garganacl|Garganacl, F|100/100
|cant|p1a: Corviknight|par
|
|-weather|Snowscape|[upkeep]
|upkeep
|turn|6
|
|t:|1758341810
|switch|p1a: Glimmora|Glimmora, M|100/100
|move|p2a: Garganacl|Salt Cure|p1a: Glimmora
|-damage|p1a: Glimmora|89/100
|-start|p1a: Glimmora|Salt Cure
|-activate|p1a: Glimmora|ability: Toxic Debris
|-sidestart|p2: sly_skip|move: Toxic Spikes
|-enditem|p1a: Glimmora|Red Card|[of] p2a: Garganacl
|drag|p2a: Slowking|Slowking-Galar, M|100/100
|-sideend|p2: sly_skip|move: Toxic Spikes|[of] p2a: Slowking
|
|-weather|Snowscape|[upkeep]
|-damage|p1a: Glimmora|76/100|[from] Salt Cure
|upkeep
|turn|7
|
|t:|1758341839
|move|p1a: Glimmora|Stealth Rock|p2a: Slowking
|-sidestart|p2: sly_skip|move: Stealth Rock
|-prepare|p2a: Slowking|Chilly Reception|[premajor]
|move|p2a: Slowking|Chilly Reception|p2a: Slowking
|
|t:|1758341842
|switch|p2a: Darkrai|Darkrai|100/100|[from] Chilly Reception
|
|-weather|none
|-damage|p1a: Glimmora|64/100|[from] Salt Cure
|upkeep
|turn|8
|
|t:|1758341850
|move|p2a: Darkrai|Dark Pulse|p1a: Glimmora
|-crit|p1a: Glimmora
|-damage|p1a: Glimmora|0 fnt
|faint|p1a: Glimmora
|
|upkeep
|
|t:|1758341854
|switch|p1a: Enamorus|Enamorus, F|100/100
|turn|9
|
|t:|1758341874
|switch|p1a: Kingambit|Kingambit, M|100/100
|-activate|p1a: Kingambit|ability: Supreme Overlord
|-start|p1a: Kingambit|fallen1|[silent]
|switch|p2a: Slowking|Slowking-Galar, M|100/100
|
|upkeep
|turn|10
|
|t:|1758341882
|switch|p2a: Great Tusk|Great Tusk|100/100
|move|p1a: Kingambit|Swords Dance|p1a: Kingambit
|-boost|p1a: Kingambit|atk|2
|
|upkeep
|turn|11
|
|t:|1758341885
|-terastallize|p1a: Kingambit|Ghost
|move|p2a: Great Tusk|Knock Off|p1a: Kingambit
|-supereffective|p1a: Kingambit
|-crit|p1a: Kingambit
|-damage|p1a: Kingambit|8/100
|-enditem|p1a: Kingambit|Leftovers|[from] move: Knock Off|[of] p2a: Great Tusk
|move|p1a: Kingambit|Low Kick|p2a: Great Tusk
|-damage|p2a: Great Tusk|24/100
|
|upkeep
|turn|12
|
|t:|1758341894
|move|p1a: Kingambit|Sucker Punch|p2a: Great Tusk
|-resisted|p2a: Great Tusk
|-damage|p2a: Great Tusk|0 fnt
|faint|p2a: Great Tusk
|-end|p2a: Great Tusk|Protosynthesis|[silent]
|
|upkeep
|
|t:|1758341916
|switch|p2a: Zamazenta|Zamazenta|100/100
|-damage|p2a: Zamazenta|95/100|[from] Stealth Rock
|-ability|p2a: Zamazenta|Dauntless Shield|boost
|-boost|p2a: Zamazenta|def|1
|turn|13
|
|t:|1758341920
|move|p2a: Zamazenta|Iron Defense|p2a: Zamazenta
|-boost|p2a: Zamazenta|def|2
|move|p1a: Kingambit|Low Kick|p2a: Zamazenta
|-damage|p2a: Zamazenta|67/100
|
|-heal|p2a: Zamazenta|73/100|[from] item: Leftovers
|upkeep
|turn|14
|
|t:|1758341925
|move|p2a: Zamazenta|Heavy Slam|p1a: Kingambit
|-damage|p1a: Kingambit|0 fnt
|faint|p1a: Kingambit
|-end|p1a: Kingambit|fallen1|[silent]
|
|-heal|p2a: Zamazenta|79/100|[from] item: Leftovers
|upkeep
|
|t:|1758341928
|switch|p1a: Enamorus|Enamorus, F|100/100
|turn|15
|
|t:|1758341931
|-terastallize|p2a: Zamazenta|Steel
|move|p1a: Enamorus|Moonblast|p2a: Zamazenta
|-resisted|p2a: Zamazenta
|-damage|p2a: Zamazenta|56/100
|move|p2a: Zamazenta|Heavy Slam|p1a: Enamorus
|-supereffective|p1a: Enamorus
|-damage|p1a: Enamorus|0 fnt
|faint|p1a: Enamorus
|
|-heal|p2a: Zamazenta|62/100|[from] item: Leftovers
|upkeep
|
|t:|1758341935
|switch|p1a: Darkrai|Darkrai|100/100
|turn|16
|-message|Mr.villains forfeited.
|
|win|sly_skip
|raw|Mr.villains's rating: 1573 &rarr; <strong>1551</strong><br />(-22 for losing)
|raw|sly_skip's rating: 1540 &rarr; <strong>1562</strong><br />(+22 for winning)
|l|☆Mr.villains
|player|p1|
|l|☆sly_skip
|player|p2|
