|j|☆fengbingyuan520
|j|☆dahzay
|t:|1758332892
|gametype|singles
|player|p1|fengbingyuan520|170|1275
|player|p2|dahzay|2|1288
|gen|9
|tier|[Gen 9] OU
|rated|
|rule|HP Percentage Mod: HP is shown in percentages
|rule|Endless Battle Clause: Forcing endless battles is banned
|rule|Species Clause: Limit one of each Pokémon
|rule|OHKO Clause: OHKO moves are banned
|rule|Evasion Items Clause: Evasion items are banned
|rule|Evasion Moves Clause: Evasion moves are banned
|rule|Evasion Abilities Clause: Evasion abilities are banned
|rule|Sleep Moves Clause: Sleep-inducing moves are banned
|clearpoke
|poke|p1|Pecharunt|
|poke|p1|Great Tusk|
|poke|p1|Ogerpon-Wellspring, F|
|poke|p1|Iron Crown|
|poke|p1|Landorus-Therian, M|
|poke|p1|Samurott-Hisui, F|
|poke|p2|Bellibolt, F|
|poke|p2|Pelipper, F|
|poke|p2|Drednaw, F|
|poke|p2|Goodra-Hisui, M|
|poke|p2|Kingdra, F|
|poke|p2|Donphan, F|
|teampreview
|inactive|Battle timer is ON: inactive players will automatically lose when time's up. (requested by fengbingyuan520)
|
|t:|1758332898
|teamsize|p1|6
|teamsize|p2|6
|start
|switch|p1a: Iron Crown|Iron Crown|100/100
|switch|p2a: Bellibolt|Bellibolt, F|100/100
|turn|1
|
|t:|1758332906
|-end|p1a: Iron Crown|Quark Drive|[silent]
|switch|p1a: Landorus|Landorus-Therian, M|100/100
|-ability|p1a: Landorus|Intimidate|boost
|-unboost|p2a: Bellibolt|atk|1
|switch|p2a: Pelipper|Pelipper, F|100/100
|-weather|RainDance|[from] ability: Drizzle|[of] p2a: Pelipper
|
|-weather|RainDance|[upkeep]
|upkeep
|turn|2
|
|t:|1758332917
|switch|p1a: Iron Crown|Iron Crown|100/100
|move|p2a: Pelipper|U-turn|p1a: Iron Crown
|-damage|p1a: Iron Crown|92/100
|
|t:|1758332928
|switch|p2a: Bellibolt|Bellibolt, F|100/100|[from] U-turn
|
|-weather|RainDance|[upkeep]
|upkeep
|turn|3
|
|t:|1758332942
|move|p1a: Iron Crown|Volt Switch|p2a: Bellibolt
|-resisted|p2a: Bellibolt
|-damage|p2a: Bellibolt|91/100
|-start|p2a: Bellibolt|Charge|Volt Switch|[from] ability: Electromorphosis
|
|t:|1758332949
|-end|p1a: Iron Crown|Quark Drive|[silent]
|switch|p1a: Great Tusk|Great Tusk|100/100|[from] Volt Switch
|-enditem|p1a: Great Tusk|Booster Energy
|-activate|p1a: Great Tusk|ability: Protosynthesis|[fromitem]
|-start|p1a: Great Tusk|protosynthesisspe
|move|p2a: Bellibolt|Weather Ball|p1a: Great Tusk
|-supereffective|p1a: Great Tusk
|-damage|p1a: Great Tusk|0 fnt
|faint|p1a: Great Tusk
|-end|p1a: Great Tusk|Protosynthesis|[silent]
|
|-weather|RainDance|[upkeep]
|upkeep
|
|t:|1758332958
|switch|p1a: Ogerpon|Ogerpon-Wellspring, F|100/100
|turn|4
|
|t:|1758332961
|switch|p2a: Goodra|Goodra-Hisui, M|100/100
|move|p1a: Ogerpon|Swords Dance|p1a: Ogerpon
|-boost|p1a: Ogerpon|atk|2
|
|-weather|RainDance|[upkeep]
|upkeep
|turn|5
|
|t:|1758332968
|move|p1a: Ogerpon|Ivy Cudgel|p2a: Goodra|[anim] Ivy Cudgel Water
|-resisted|p2a: Goodra
|-damage|p2a: Goodra|21/100
|move|p2a: Goodra|Dragon Tail|p1a: Ogerpon
|-damage|p1a: Ogerpon|75/100
|drag|p1a: Landorus|Landorus-Therian, M|100/100
|-ability|p1a: Landorus|Intimidate|boost
|-unboost|p2a: Goodra|atk|1
|
|-weather|RainDance|[upkeep]
|upkeep
|turn|6
|
|t:|1758332978
|move|p1a: Landorus|Stone Edge|p2a: Goodra
|-resisted|p2a: Goodra
|-damage|p2a: Goodra|0 fnt
|faint|p2a: Goodra
|
|-weather|RainDance|[upkeep]
|upkeep
|
|t:|1758332984
|switch|p2a: Drednaw|Drednaw, F|100/100
|turn|7
|
|t:|1758332998
|switch|p1a: Pecharunt|Pecharunt|100/100
|move|p2a: Drednaw|Liquidation|p1a: Pecharunt
|-damage|p1a: Pecharunt|72/100
|-damage|p2a: Drednaw|84/100|[from] item: Rocky Helmet|[of] p1a: Pecharunt
|
|-weather|RainDance|[upkeep]
|upkeep
|turn|8
|
|t:|1758333006
|move|p2a: Drednaw|Liquidation|p1a: Pecharunt
|-damage|p1a: Pecharunt|42/100
|-damage|p2a: Drednaw|67/100|[from] item: Rocky Helmet|[of] p1a: Pecharunt
|move|p1a: Pecharunt|Parting Shot|p2a: Drednaw
|-unboost|p2a: Drednaw|atk|1
|-unboost|p2a: Drednaw|spa|1
|-enditem|p2a: Drednaw|White Herb
|-clearnegativeboost|p2a: Drednaw|[silent]
|
|t:|1758333015
|switch|p1a: Ogerpon|Ogerpon-Wellspring, F|75/100|[from] Parting Shot
|
|-weather|none
|upkeep
|turn|9
|
|t:|1758333045
|switch|p2a: Pelipper|Pelipper, F|100/100
|-weather|RainDance|[from] ability: Drizzle|[of] p2a: Pelipper
|move|p1a: Ogerpon|Swords Dance|p1a: Ogerpon
|-boost|p1a: Ogerpon|atk|2
|
|-weather|RainDance|[upkeep]
|upkeep
|turn|10
|
|t:|1758333069
|-terastallize|p1a: Ogerpon|Water
|detailschange|p1a: Ogerpon|Ogerpon-Wellspring-Tera, F, tera:Water
|-ability|p1a: Ogerpon|Embody Aspect (Wellspring)|boost
|-boost|p1a: Ogerpon|spd|1
|move|p1a: Ogerpon|Trailblaze|p2a: Pelipper
|-damage|p2a: Pelipper|61/100
|-boost|p1a: Ogerpon|spe|1
|move|p2a: Pelipper|Hurricane|p1a: Ogerpon
|-damage|p1a: Ogerpon|51/100
|
|-weather|RainDance|[upkeep]
|upkeep
|turn|11
|
|t:|1758333079
|move|p1a: Ogerpon|Synthesis|p1a: Ogerpon
|-heal|p1a: Ogerpon|76/100
|move|p2a: Pelipper|Hurricane|p1a: Ogerpon
|-damage|p1a: Ogerpon|52/100
|
|-weather|RainDance|[upkeep]
|upkeep
|turn|12
|
|t:|1758333087
|switch|p2a: Kingdra|Kingdra, F|100/100
|move|p1a: Ogerpon|Ivy Cudgel|p2a: Kingdra|[anim] Ivy Cudgel Water
|-resisted|p2a: Kingdra
|-damage|p2a: Kingdra|34/100
|
|-weather|RainDance|[upkeep]
|upkeep
|turn|13
|
|t:|1758333094
|move|p2a: Kingdra|Draco Meteor|p1a: Ogerpon
|-damage|p1a: Ogerpon|0 fnt
|-unboost|p2a: Kingdra|spa|2
|faint|p1a: Ogerpon
|detailschange|p1: Ogerpon|Ogerpon-Wellspring, F|[silent]
|
|-weather|RainDance|[upkeep]
|upkeep
|
|t:|1758333099
|switch|p1a: Samurott|Samurott-Hisui, F|100/100
|turn|14
|
|t:|1758333105
|switch|p2a: Pelipper|Pelipper, F|61/100
|move|p1a: Samurott|Ceaseless Edge|p2a: Pelipper
|-damage|p2a: Pelipper|21/100
|-sidestart|p2: dahzay|Spikes
|
|-weather|RainDance|[upkeep]
|upkeep
|turn|15
|
|t:|1758333111
|move|p1a: Samurott|Ceaseless Edge|p2a: Pelipper
|-damage|p2a: Pelipper|0 fnt
|-sidestart|p2: dahzay|Spikes
|faint|p2a: Pelipper
|
|-weather|RainDance|[upkeep]
|upkeep
|
|t:|1758333117
|switch|p2a: Bellibolt|Bellibolt, F|91/100
|-damage|p2a: Bellibolt|74/100|[from] Spikes
|turn|16
|
|t:|1758333125
|switch|p1a: Iron Crown|Iron Crown|92/100
|move|p2a: Bellibolt|Weather Ball|p1a: Iron Crown
|-damage|p1a: Iron Crown|44/100
|
|-weather|none
|upkeep
|turn|17
|
|t:|1758333133
|move|p1a: Iron Crown|Tachyon Cutter|p2a: Bellibolt
|-resisted|p2a: Bellibolt
|-damage|p2a: Bellibolt|62/100
|-start|p2a: Bellibolt|Charge|Tachyon Cutter|[from] ability: Electromorphosis
|-resisted|p2a: Bellibolt
|-damage|p2a: Bellibolt|50/100
|-start|p2a: Bellibolt|Charge|Tachyon Cutter|[from] ability: Electromorphosis
|-hitcount|p2a: Bellibolt|2
|move|p2a: Bellibolt|Parabolic Charge|p1a: Iron Crown
|-damage|p1a: Iron Crown|0 fnt
|-heal|p2a: Bellibolt|67/100|[from] drain|[of] p1a: Iron Crown
|faint|p1a: Iron Crown
|-end|p1a: Iron Crown|Quark Drive|[silent]
|-end|p2a: Bellibolt|Charge|[silent]
|
|upkeep
|
|t:|1758333137
|switch|p1a: Landorus|Landorus-Therian, M|100/100
|-ability|p1a: Landorus|Intimidate|boost
|-unboost|p2a: Bellibolt|atk|1
|turn|18
|
|t:|1758333154
|switch|p2a: Kingdra|Kingdra, F|34/100
|-damage|p2a: Kingdra|18/100|[from] Spikes
|move|p1a: Landorus|Earthquake|p2a: Kingdra
|-damage|p2a: Kingdra|0 fnt
|faint|p2a: Kingdra
|
|upkeep
|
|t:|1758333164
|switch|p2a: Drednaw|Drednaw, F|67/100
|-damage|p2a: Drednaw|51/100|[from] Spikes
|turn|19
|
|t:|1758333170
|-terastallize|p2a: Drednaw|Flying
|move|p1a: Landorus|Earthquake|p2a: Drednaw
|-immune|p2a: Drednaw
|move|p2a: Drednaw|Shell Smash|p2a: Drednaw
|-unboost|p2a: Drednaw|def|1
|-unboost|p2a: Drednaw|spd|1
|-boost|p2a: Drednaw|atk|2
|-boost|p2a: Drednaw|spa|2
|-boost|p2a: Drednaw|spe|2
|
|upkeep
|turn|20
|
|t:|1758333178
|switch|p1a: Pecharunt|Pecharunt|42/100
|move|p2a: Drednaw|Liquidation|p1a: Pecharunt
|-damage|p1a: Pecharunt|1/100
|-unboost|p1a: Pecharunt|def|1
|-damage|p2a: Drednaw|34/100|[from] item: Rocky Helmet|[of] p1a: Pecharunt
|
|upkeep
|turn|21
|
|t:|1758333186
|move|p2a: Drednaw|Stone Edge|p1a: Pecharunt
|-damage|p1a: Pecharunt|0 fnt
|faint|p1a: Pecharunt
|
|upkeep
|
|t:|1758333193
|switch|p1a: Samurott|Samurott-Hisui, F|100/100
|turn|22
|
|t:|1758333198
|move|p1a: Samurott|Aqua Jet|p2a: Drednaw
|-damage|p2a: Drednaw|0 fnt
|faint|p2a: Drednaw
|
|upkeep
|
|t:|1758333202
|switch|p2a: Bellibolt|Bellibolt, F|67/100
|-damage|p2a: Bellibolt|51/100|[from] Spikes
|turn|23
|
|t:|1758333208
|move|p1a: Samurott|Ceaseless Edge|p2a: Bellibolt
|-damage|p2a: Bellibolt|10/100
|-start|p2a: Bellibolt|Charge|Ceaseless Edge|[from] ability: Electromorphosis
|-sidestart|p2: dahzay|Spikes
|move|p2a: Bellibolt|Parabolic Charge|p1a: Samurott
|-supereffective|p1a: Samurott
|-crit|p1a: Samurott
|-damage|p1a: Samurott|0 fnt
|-heal|p2a: Bellibolt|48/100|[from] drain|[of] p1a: Samurott
|faint|p1a: Samurott
|-end|p2a: Bellibolt|Charge|[silent]
|
|upkeep
|
|t:|1758333215
|switch|p1a: Landorus|Landorus-Therian, M|100/100
|-ability|p1a: Landorus|Intimidate|boost
|-unboost|p2a: Bellibolt|atk|1
|turn|24
|
|t:|1758333220
|move|p1a: Landorus|Earthquake|p2a: Bellibolt
|-supereffective|p2a: Bellibolt
|-damage|p2a: Bellibolt|0 fnt
|faint|p2a: Bellibolt
|
|upkeep
|
|t:|1758333224
|switch|p2a: Donphan|Donphan, F|100/100
|-damage|p2a: Donphan|75/100|[from] Spikes
|turn|25
|
|t:|1758333227
|move|p1a: Landorus|Earthquake|p2a: Donphan
|-crit|p2a: Donphan
|-damage|p2a: Donphan|15/100
|move|p2a: Donphan|Rapid Spin|p1a: Landorus
|-damage|p1a: Landorus|83/100
|-boost|p2a: Donphan|spe|1
|-sideend|p2: dahzay|Spikes|[from] move: Rapid Spin|[of] p2a: Donphan
|
|-heal|p2a: Donphan|21/100|[from] item: Leftovers
|upkeep
|turn|26
|-message|dahzay forfeited.
|
|win|fengbingyuan520
|raw|fengbingyuan520's rating: 1275 &rarr; <strong>1301</strong><br />(+26 for winning)
|raw|dahzay's rating: 1288 &rarr; <strong>1262</strong><br />(-26 for losing)
|l|☆dahzay
|player|p2|
