|j|☆aguirre.facu_
|j|☆findmyhair
|t:|1758314433
|gametype|singles
|player|p1|aguirre.facu_|red|1113
|player|p2|findmyhair|acetrainercouple|1155
|gen|9
|tier|[Gen 9] OU
|rated|
|rule|HP Percentage Mod: HP is shown in percentages
|rule|Endless Battle Clause: Forcing endless battles is banned
|rule|Species Clause: Limit one of each Pokémon
|rule|OHKO Clause: OHKO moves are banned
|rule|Evasion Items Clause: Evasion items are banned
|rule|Evasion Moves Clause: Evasion moves are banned
|rule|Evasion Abilities Clause: Evasion abilities are banned
|rule|Sleep Moves Clause: Sleep-inducing moves are banned
|clearpoke
|poke|p1|Garganacl, M|
|poke|p1|Rotom-Wash|
|poke|p1|Gliscor, M|
|poke|p1|Grimmsnarl, M|
|poke|p1|Dragapult, M|
|poke|p1|Rillaboom, M|
|poke|p2|Cresselia, F|
|poke|p2|Slowking-Galar, F|
|poke|p2|Iron Hands|
|poke|p2|Ursaluna, F|
|poke|p2|Crawdaunt, F|
|poke|p2|Klefki, F|
|teampreview
|inactive|Battle timer is ON: inactive players will automatically lose when time's up. (requested by findmyhair)
|inactive|aguirre.facu_ has 120 seconds left.
|
|t:|1758314470
|teamsize|p1|6
|teamsize|p2|6
|start
|switch|p1a: Garganacl|Garganacl, M|100/100
|switch|p2a: Klefki|Klefki, F|100/100
|turn|1
|
|t:|1758314478
|move|p2a: Klefki|Reflect|p2a: Klefki
|-sidestart|p2: findmyhair|Reflect
|move|p1a: Garganacl|Stealth Rock|p2a: Klefki
|-sidestart|p2: findmyhair|move: Stealth Rock
|
|upkeep
|turn|2
|
|t:|1758314486
|move|p2a: Klefki|Light Screen|p2a: Klefki
|-sidestart|p2: findmyhair|move: Light Screen
|move|p1a: Garganacl|Salt Cure|p2a: Klefki
|-resisted|p2a: Klefki
|-damage|p2a: Klefki|97/100
|-start|p2a: Klefki|Salt Cure
|
|-damage|p2a: Klefki|73/100|[from] Salt Cure
|upkeep
|turn|3
|
|t:|1758314496
|move|p2a: Klefki|Spikes|p1a: Garganacl
|-sidestart|p1: aguirre.facu_|Spikes
|move|p1a: Garganacl|Salt Cure|p2a: Klefki
|-resisted|p2a: Klefki
|-damage|p2a: Klefki|70/100
|
|-damage|p2a: Klefki|45/100|[from] Salt Cure
|upkeep
|turn|4
|
|t:|1758314505
|switch|p2a: Slowking|Slowking-Galar, F|100/100
|-damage|p2a: Slowking|88/100|[from] Stealth Rock
|move|p1a: Garganacl|Salt Cure|p2a: Slowking
|-damage|p2a: Slowking|79/100
|-start|p2a: Slowking|Salt Cure
|
|-heal|p2a: Slowking|86/100|[from] item: Black Sludge
|-damage|p2a: Slowking|73/100|[from] Salt Cure
|upkeep
|turn|5
|
|t:|1758314521
|move|p1a: Garganacl|Salt Cure|p2a: Slowking
|-damage|p2a: Slowking|65/100
|move|p2a: Slowking|Trick Room|p2a: Slowking
|-fieldstart|move: Trick Room|[of] p2a: Slowking
|
|-heal|p2a: Slowking|71/100|[from] item: Black Sludge
|-damage|p2a: Slowking|58/100|[from] Salt Cure
|upkeep
|turn|6
|
|t:|1758314533
|move|p2a: Slowking|Nasty Plot|p2a: Slowking
|-boost|p2a: Slowking|spa|2
|move|p1a: Garganacl|Salt Cure|p2a: Slowking
|-damage|p2a: Slowking|50/100
|
|-heal|p2a: Slowking|57/100|[from] item: Black Sludge
|-damage|p2a: Slowking|44/100|[from] Salt Cure
|upkeep
|turn|7
|
|t:|1758314545
|move|p2a: Slowking|Sludge Bomb|p1a: Garganacl
|-resisted|p1a: Garganacl
|-damage|p1a: Garganacl|67/100
|move|p1a: Garganacl|Salt Cure|p2a: Slowking
|-damage|p2a: Slowking|36/100
|
|-heal|p2a: Slowking|42/100|[from] item: Black Sludge
|-heal|p1a: Garganacl|73/100|[from] item: Leftovers
|-damage|p2a: Slowking|29/100|[from] Salt Cure
|upkeep
|turn|8
|
|t:|1758314559
|switch|p2a: Klefki|Klefki, F|45/100
|-damage|p2a: Klefki|39/100|[from] Stealth Rock
|move|p1a: Garganacl|Body Press|p2a: Klefki
|-damage|p2a: Klefki|30/100
|
|-heal|p1a: Garganacl|79/100|[from] item: Leftovers
|-sideend|p2: findmyhair|Reflect
|upkeep
|turn|9
|
|t:|1758314569
|move|p2a: Klefki|Reflect|p2a: Klefki
|-sidestart|p2: findmyhair|Reflect
|move|p1a: Garganacl|Salt Cure|p2a: Klefki
|-resisted|p2a: Klefki
|-crit|p2a: Klefki
|-damage|p2a: Klefki|21/100
|-start|p2a: Klefki|Salt Cure
|
|-heal|p1a: Garganacl|85/100|[from] item: Leftovers
|-damage|p2a: Klefki|0 fnt|[from] Salt Cure
|faint|p2a: Klefki
|-sideend|p2: findmyhair|move: Light Screen
|-fieldend|move: Trick Room
|upkeep
|
|t:|1758314578
|switch|p2a: Slowking|Slowking-Galar, F|63/100
|-damage|p2a: Slowking|50/100|[from] Stealth Rock
|turn|10
|
|t:|1758314585
|move|p1a: Garganacl|Salt Cure|p2a: Slowking
|-damage|p2a: Slowking|42/100
|-start|p2a: Slowking|Salt Cure
|move|p2a: Slowking|Trick Room|p2a: Slowking
|-fieldstart|move: Trick Room|[of] p2a: Slowking
|
|-heal|p2a: Slowking|48/100|[from] item: Black Sludge
|-heal|p1a: Garganacl|91/100|[from] item: Leftovers
|-damage|p2a: Slowking|36/100|[from] Salt Cure
|upkeep
|turn|11
|
|t:|1758314597
|switch|p2a: Crawdaunt|Crawdaunt, F|100/100
|-damage|p2a: Crawdaunt|88/100|[from] Stealth Rock
|move|p1a: Garganacl|Salt Cure|p2a: Crawdaunt
|-damage|p2a: Crawdaunt|79/100
|-start|p2a: Crawdaunt|Salt Cure
|
|-heal|p1a: Garganacl|98/100|[from] item: Leftovers
|-damage|p2a: Crawdaunt|54/100|[from] Salt Cure
|upkeep
|turn|12
|
|t:|1758314610
|-terastallize|p1a: Garganacl|Fairy
|move|p2a: Crawdaunt|Knock Off|p1a: Garganacl
|-resisted|p1a: Garganacl
|-damage|p1a: Garganacl|69/100
|-enditem|p1a: Garganacl|Leftovers|[from] move: Knock Off|[of] p2a: Crawdaunt
|-damage|p2a: Crawdaunt|44/100|[from] item: Life Orb
|move|p1a: Garganacl|Salt Cure|p2a: Crawdaunt
|-damage|p2a: Crawdaunt|36/100
|
|-damage|p2a: Crawdaunt|11/100|[from] Salt Cure
|upkeep
|turn|13
|
|t:|1758314638
|move|p2a: Crawdaunt|Crabhammer|p1a: Garganacl
|-crit|p1a: Garganacl
|-damage|p1a: Garganacl|0 fnt
|faint|p1a: Garganacl
|-damage|p2a: Crawdaunt|1/100|[from] item: Life Orb
|
|-damage|p2a: Crawdaunt|0 fnt|[from] Salt Cure
|faint|p2a: Crawdaunt
|upkeep
|inactive|aguirre.facu_ has 120 seconds left.
|
|t:|1758314651
|switch|p2a: Slowking|Slowking-Galar, F|69/100
|switch|p1a: Grimmsnarl|Grimmsnarl, M|100/100
|-damage|p2a: Slowking|56/100|[from] Stealth Rock
|-damage|p1a: Grimmsnarl|88/100|[from] Spikes
|turn|14
|inactive|aguirre.facu_ has 120 seconds left.
|
|t:|1758314662
|move|p1a: Grimmsnarl|Throat Chop|p2a: Slowking
|-supereffective|p2a: Slowking
|-damage|p2a: Slowking|20/100
|-start|p2a: Slowking|Throat Chop|[silent]
|move|p2a: Slowking|Trick Room|p2a: Slowking
|-fieldend|move: Trick Room
|
|-heal|p2a: Slowking|26/100|[from] item: Black Sludge
|upkeep
|turn|15
|
|t:|1758314670
|switch|p2a: Cresselia|Cresselia, F|100/100
|-damage|p2a: Cresselia|88/100|[from] Stealth Rock
|move|p1a: Grimmsnarl|Light Screen|p1a: Grimmsnarl
|-sidestart|p1: aguirre.facu_|move: Light Screen
|
|upkeep
|turn|16
|
|t:|1758314677
|move|p1a: Grimmsnarl|Throat Chop|p2a: Cresselia
|-supereffective|p2a: Cresselia
|-damage|p2a: Cresselia|68/100
|-start|p2a: Cresselia|Throat Chop|[silent]
|move|p2a: Cresselia|Trick Room|p2a: Cresselia
|-fieldstart|move: Trick Room|[of] p2a: Cresselia
|
|-sideend|p2: findmyhair|Reflect
|upkeep
|turn|17
|
|t:|1758314690
|switch|p2a: Ursaluna|Ursaluna, F|100/100
|-damage|p2a: Ursaluna|94/100|[from] Stealth Rock
|move|p1a: Grimmsnarl|Reflect|p1a: Grimmsnarl
|-sidestart|p1: aguirre.facu_|Reflect
|
|-status|p2a: Ursaluna|brn|[from] item: Flame Orb
|upkeep
|turn|18
|
|t:|1758314705
|move|p2a: Ursaluna|Swords Dance|p2a: Ursaluna
|-boost|p2a: Ursaluna|atk|2
|move|p1a: Grimmsnarl|Throat Chop|p2a: Ursaluna
|-damage|p2a: Ursaluna|70/100 brn
|-start|p2a: Ursaluna|Throat Chop|[silent]
|
|-damage|p2a: Ursaluna|64/100 brn|[from] brn
|upkeep
|turn|19
|
|t:|1758314714
|move|p2a: Ursaluna|Earthquake|p1a: Grimmsnarl
|-damage|p1a: Grimmsnarl|3/100
|move|p1a: Grimmsnarl|Spirit Break|p2a: Ursaluna
|-damage|p2a: Ursaluna|40/100 brn
|-unboost|p2a: Ursaluna|spa|1
|
|-damage|p2a: Ursaluna|33/100 brn|[from] brn
|-end|p2a: Ursaluna|Throat Chop|[silent]
|upkeep
|turn|20
|
|t:|1758314726
|move|p2a: Ursaluna|Facade|p1a: Grimmsnarl
|-damage|p1a: Grimmsnarl|0 fnt
|faint|p1a: Grimmsnarl
|
|-damage|p2a: Ursaluna|27/100 brn|[from] brn
|-fieldend|move: Trick Room
|upkeep
|
|t:|1758314739
|switch|p1a: Rotom|Rotom-Wash|100/100
|turn|21
|
|t:|1758314745
|switch|p2a: Cresselia|Cresselia, F|68/100
|-damage|p2a: Cresselia|56/100|[from] Stealth Rock
|move|p1a: Rotom|Hydro Pump|p2a: Cresselia
|-damage|p2a: Cresselia|28/100
|
|upkeep
|turn|22
|
|t:|1758314756
|move|p1a: Rotom|Volt Switch|p2a: Cresselia
|-damage|p2a: Cresselia|12/100
|
|t:|1758314760
|switch|p1a: Rillaboom|Rillaboom, M|100/100|[from] Volt Switch
|-damage|p1a: Rillaboom|88/100|[from] Spikes
|-fieldstart|move: Grassy Terrain|[from] ability: Grassy Surge|[of] p1a: Rillaboom
|-enditem|p1a: Rillaboom|Grassy Seed
|-boost|p1a: Rillaboom|def|1|[from] item: Grassy Seed
|move|p2a: Cresselia|Trick Room|p2a: Cresselia
|-fieldstart|move: Trick Room|[of] p2a: Cresselia
|
|-heal|p1a: Rillaboom|94/100|[from] Grassy Terrain
|-sideend|p1: aguirre.facu_|move: Light Screen
|upkeep
|turn|23
|
|t:|1758314773
|move|p2a: Cresselia|Lunar Dance|p2a: Cresselia
|faint|p2a: Cresselia
|move|p1a: Rillaboom|Drum Beating|p2: Cresselia|[notarget]
|-fail|p1a: Rillaboom
|
|-heal|p1a: Rillaboom|100/100|[from] Grassy Terrain
|upkeep
|
|t:|1758314793
|switch|p2a: Ursaluna|Ursaluna, F|27/100 brn
|-heal|p2a: Ursaluna|100/100|[from] move: Lunar Dance
|-damage|p2a: Ursaluna|94/100|[from] Stealth Rock
|turn|24
|
|t:|1758314799
|move|p2a: Ursaluna|Protect|p2a: Ursaluna
|-singleturn|p2a: Ursaluna|Protect
|move|p1a: Rillaboom|Drum Beating|p2a: Ursaluna
|-activate|p2a: Ursaluna|move: Protect
|
|-heal|p2a: Ursaluna|100/100|[from] Grassy Terrain
|-sideend|p1: aguirre.facu_|Reflect
|-status|p2a: Ursaluna|brn|[from] item: Flame Orb
|upkeep
|turn|25
|
|t:|1758314812
|-terastallize|p2a: Ursaluna|Ghost
|move|p2a: Ursaluna|Facade|p1a: Rillaboom
|-damage|p1a: Rillaboom|15/100
|move|p1a: Rillaboom|U-turn|p2a: Ursaluna
|-resisted|p2a: Ursaluna
|-crit|p2a: Ursaluna
|-damage|p2a: Ursaluna|88/100 brn
|
|t:|1758314821
|switch|p1a: Rotom|Rotom-Wash|100/100|[from] U-turn
|
|-heal|p2a: Ursaluna|94/100 brn|[from] Grassy Terrain
|-damage|p2a: Ursaluna|88/100 brn|[from] brn
|upkeep
|turn|26
|
|t:|1758314828
|move|p2a: Ursaluna|Facade|p1a: Rotom
|-damage|p1a: Rotom|0 fnt
|faint|p1a: Rotom
|
|-heal|p2a: Ursaluna|94/100 brn|[from] Grassy Terrain
|-damage|p2a: Ursaluna|88/100 brn|[from] brn
|-fieldend|move: Trick Room
|-fieldend|move: Grassy Terrain
|upkeep
|
|t:|1758314841
|switch|p1a: Gliscor|Gliscor, M|100/100
|turn|27
|
|t:|1758314846
|move|p1a: Gliscor|Ice Fang|p2a: Ursaluna
|-damage|p2a: Ursaluna|74/100 brn
|move|p2a: Ursaluna|Swords Dance|p2a: Ursaluna
|-boost|p2a: Ursaluna|atk|2
|
|-damage|p2a: Ursaluna|68/100 brn|[from] brn
|-status|p1a: Gliscor|tox|[from] item: Toxic Orb
|upkeep
|turn|28
|
|t:|1758314860
|move|p1a: Gliscor|Ice Fang|p2a: Ursaluna
|-damage|p2a: Ursaluna|54/100 brn
|move|p2a: Ursaluna|Facade|p1a: Gliscor
|-damage|p1a: Gliscor|0 fnt
|faint|p1a: Gliscor
|
|-damage|p2a: Ursaluna|47/100 brn|[from] brn
|upkeep
|
|t:|1758314869
|switch|p1a: Dragapult|Dragapult, M|100/100
|-damage|p1a: Dragapult|88/100|[from] Spikes
|turn|29
|
|t:|1758314874
|move|p1a: Dragapult|Draco Meteor|p2a: Ursaluna
|-damage|p2a: Ursaluna|0 fnt
|-unboost|p1a: Dragapult|spa|2
|faint|p2a: Ursaluna
|
|upkeep
|
|t:|1758314879
|switch|p2a: Slowking|Slowking-Galar, F|59/100
|-damage|p2a: Slowking|47/100|[from] Stealth Rock
|turn|30
|
|t:|1758314884
|move|p1a: Dragapult|Draco Meteor|p2a: Slowking
|-damage|p2a: Slowking|12/100
|-unboost|p1a: Dragapult|spa|2
|move|p2a: Slowking|Trick Room|p2a: Slowking
|-fieldstart|move: Trick Room|[of] p2a: Slowking
|
|-heal|p2a: Slowking|19/100|[from] item: Black Sludge
|upkeep
|turn|31
|
|t:|1758314894
|move|p2a: Slowking|Fire Blast|p1a: Dragapult
|-resisted|p1a: Dragapult
|-damage|p1a: Dragapult|64/100
|-status|p1a: Dragapult|brn
|move|p1a: Dragapult|Draco Meteor|p2a: Slowking
|-damage|p2a: Slowking|0 fnt
|-unboost|p1a: Dragapult|spa|2
|faint|p2a: Slowking
|
|-damage|p1a: Dragapult|58/100 brn|[from] brn
|upkeep
|
|t:|1758314904
|switch|p2a: Iron Hands|Iron Hands|100/100
|-damage|p2a: Iron Hands|94/100|[from] Stealth Rock
|turn|32
|c|☆findmyhair|gg
|
|t:|1758314910
|move|p2a: Iron Hands|Ice Punch|p1a: Dragapult
|-supereffective|p1a: Dragapult
|-damage|p1a: Dragapult|0 fnt
|faint|p1a: Dragapult
|
|upkeep
|
|t:|1758314917
|switch|p1a: Rillaboom|Rillaboom, M|15/100
|-damage|p1a: Rillaboom|2/100|[from] Spikes
|-fieldstart|move: Grassy Terrain|[from] ability: Grassy Surge|[of] p1a: Rillaboom
|turn|33
|
|t:|1758314923
|move|p2a: Iron Hands|Ice Punch|p1a: Rillaboom
|-supereffective|p1a: Rillaboom
|-damage|p1a: Rillaboom|0 fnt
|faint|p1a: Rillaboom
|
|win|findmyhair
|raw|aguirre.facu_'s rating: 1113 &rarr; <strong>1091</strong><br />(-22 for losing)
|raw|findmyhair's rating: 1155 &rarr; <strong>1177</strong><br />(+22 for winning)
