|j|☆daedro15
|j|☆savage14455
|t:|1758293107
|gametype|singles
|player|p1|daedro15|hilbert|1501
|player|p2|savage14455|170|1517
|gen|9
|tier|[Gen 9] OU
|rated|
|rule|HP Percentage Mod: HP is shown in percentages
|rule|Endless Battle Clause: Forcing endless battles is banned
|rule|Species Clause: Limit one of each Pokémon
|rule|OHKO Clause: OHKO moves are banned
|rule|Evasion Items Clause: Evasion items are banned
|rule|Evasion Moves Clause: Evasion moves are banned
|rule|Evasion Abilities Clause: Evasion abilities are banned
|rule|Sleep Moves Clause: Sleep-inducing moves are banned
|clearpoke
|poke|p1|Ribombee, M|
|poke|p1|Raging Bolt|
|poke|p1|Iron Moth|
|poke|p1|Gholdengo|
|poke|p1|Great Tusk|
|poke|p1|Kingambit, M|
|poke|p2|Zamazenta-*|
|poke|p2|Ninetales-Alola, M|
|poke|p2|Darkrai|
|poke|p2|Ceruledge, F|
|poke|p2|Gliscor, M|
|poke|p2|Hatterene, F|
|teampreview
|
|t:|1758293120
|teamsize|p1|6
|teamsize|p2|6
|start
|switch|p1a: Ribombee|Ribombee, M|100/100
|switch|p2a: Ninetales|Ninetales-Alola, M|100/100
|-weather|Snowscape|[from] ability: Snow Warning|[of] p2a: Ninetales
|turn|1
|
|t:|1758293128
|move|p1a: Ribombee|Sticky Web|p2a: Ninetales
|-sidestart|p2: savage14455|move: Sticky Web
|move|p2a: Ninetales|Aurora Veil|p2a: Ninetales
|-sidestart|p2: savage14455|move: Aurora Veil
|
|-weather|Snowscape|[upkeep]
|upkeep
|turn|2
|
|t:|1758293140
|move|p1a: Ribombee|Moonblast|p2a: Ninetales
|-damage|p2a: Ninetales|81/100
|move|p2a: Ninetales|Encore|p1a: Ribombee
|-start|p1a: Ribombee|Encore
|
|-weather|Snowscape|[upkeep]
|upkeep
|turn|3
|
|t:|1758293144
|switch|p2a: Ceruledge|Ceruledge, F|100/100
|-activate|p2a: Ceruledge|move: Sticky Web
|-unboost|p2a: Ceruledge|spe|1
|move|p1a: Ribombee|Moonblast|p2a: Ceruledge
|-resisted|p2a: Ceruledge
|-damage|p2a: Ceruledge|93/100
|
|-weather|Snowscape|[upkeep]
|upkeep
|turn|4
|
|t:|1758293151
|move|p1a: Ribombee|Moonblast|p2a: Ceruledge
|-resisted|p2a: Ceruledge
|-damage|p2a: Ceruledge|85/100
|move|p2a: Ceruledge|Bulk Up|p2a: Ceruledge
|-boost|p2a: Ceruledge|atk|1
|-boost|p2a: Ceruledge|def|1
|
|-weather|Snowscape|[upkeep]
|upkeep
|turn|5
|
|t:|1758293156
|move|p1a: Ribombee|Moonblast|p2a: Ceruledge
|-resisted|p2a: Ceruledge
|-damage|p2a: Ceruledge|77/100
|move|p2a: Ceruledge|Bulk Up|p2a: Ceruledge
|-boost|p2a: Ceruledge|atk|1
|-boost|p2a: Ceruledge|def|1
|
|-weather|none
|-end|p1a: Ribombee|Encore
|upkeep
|turn|6
|
|t:|1758293162
|move|p1a: Ribombee|Skill Swap|p2a: Ceruledge
|-activate|p1a: Ribombee|move: Skill Swap|Flash Fire|Shield Dust|[of] p2a: Ceruledge
|move|p2a: Ceruledge|Bulk Up|p2a: Ceruledge
|-boost|p2a: Ceruledge|atk|1
|-boost|p2a: Ceruledge|def|1
|
|upkeep
|turn|7
|
|t:|1758293169
|move|p1a: Ribombee|Psychic Noise|p2a: Ceruledge
|-damage|p2a: Ceruledge|68/100
|move|p2a: Ceruledge|Bitter Blade|p1a: Ribombee
|-start|p1a: Ribombee|ability: Flash Fire
|
|upkeep
|turn|8
|
|t:|1758293176
|move|p1a: Ribombee|Moonblast|p2a: Ceruledge
|-resisted|p2a: Ceruledge
|-damage|p2a: Ceruledge|60/100
|move|p2a: Ceruledge|Bulk Up|p2a: Ceruledge
|-boost|p2a: Ceruledge|atk|1
|-boost|p2a: Ceruledge|def|1
|
|-sideend|p2: savage14455|move: Aurora Veil
|upkeep
|turn|9
|
|t:|1758293182
|move|p1a: Ribombee|Moonblast|p2a: Ceruledge
|-resisted|p2a: Ceruledge
|-damage|p2a: Ceruledge|44/100
|move|p2a: Ceruledge|Bulk Up|p2a: Ceruledge
|-boost|p2a: Ceruledge|atk|1
|-boost|p2a: Ceruledge|def|1
|
|upkeep
|turn|10
|
|t:|1758293187
|move|p1a: Ribombee|Psychic Noise|p2a: Ceruledge
|-damage|p2a: Ceruledge|28/100
|move|p2a: Ceruledge|Bulk Up|p2a: Ceruledge
|-boost|p2a: Ceruledge|atk|1
|-boost|p2a: Ceruledge|def|1
|
|upkeep
|turn|11
|
|t:|1758293192
|move|p2a: Ceruledge|Shadow Sneak|p1a: Ribombee
|-enditem|p1a: Ribombee|Focus Sash
|-damage|p1a: Ribombee|1/100
|move|p1a: Ribombee|Moonblast|p2a: Ceruledge
|-resisted|p2a: Ceruledge
|-damage|p2a: Ceruledge|13/100
|
|upkeep
|turn|12
|
|t:|1758293196
|move|p2a: Ceruledge|Shadow Sneak|p1a: Ribombee
|-damage|p1a: Ribombee|0 fnt
|faint|p1a: Ribombee
|
|upkeep
|inactive|Battle timer is ON: inactive players will automatically lose when time's up. (requested by savage14455)
|
|t:|1758293230
|switch|p1a: Kingambit|Kingambit, M|100/100
|-activate|p1a: Kingambit|ability: Supreme Overlord
|-start|p1a: Kingambit|fallen1|[silent]
|-item|p1a: Kingambit|Air Balloon
|turn|13
|
|t:|1758293238
|-terastallize|p2a: Ceruledge|Bug
|move|p1a: Kingambit|Kowtow Cleave|p2a: Ceruledge
|-damage|p2a: Ceruledge|0 fnt
|faint|p2a: Ceruledge
|
|upkeep
|
|t:|1758293242
|switch|p2a: Gliscor|Gliscor, M|100/100
|turn|14
|
|t:|1758293252
|-end|p1a: Kingambit|fallen1|[silent]
|switch|p1a: Gholdengo|Gholdengo|100/100
|-item|p1a: Gholdengo|Air Balloon
|move|p2a: Gliscor|Swords Dance|p2a: Gliscor
|-boost|p2a: Gliscor|atk|2
|
|-status|p2a: Gliscor|tox|[from] item: Toxic Orb
|upkeep
|turn|15
|
|t:|1758293257
|switch|p2a: Zamazenta|Zamazenta|100/100
|-activate|p2a: Zamazenta|move: Sticky Web
|-unboost|p2a: Zamazenta|spe|1
|-ability|p2a: Zamazenta|Dauntless Shield|boost
|-boost|p2a: Zamazenta|def|1
|move|p1a: Gholdengo|Make It Rain|p2a: Zamazenta
|-damage|p2a: Zamazenta|37/100
|-unboost|p1a: Gholdengo|spa|1
|
|upkeep
|turn|16
|
|t:|1758293265
|switch|p1a: Iron Moth|Iron Moth|100/100
|-enditem|p1a: Iron Moth|Booster Energy
|-activate|p1a: Iron Moth|ability: Quark Drive|[fromitem]
|-start|p1a: Iron Moth|quarkdrivespa
|move|p2a: Zamazenta|Crunch|p1a: Iron Moth
|-damage|p1a: Iron Moth|60/100
|-unboost|p1a: Iron Moth|def|1
|
|upkeep
|turn|17
|-message|savage14455 forfeited.
|
|win|daedro15
|raw|daedro15's rating: 1501 &rarr; <strong>1522</strong><br />(+21 for winning)
|raw|savage14455's rating: 1517 &rarr; <strong>1496</strong><br />(-21 for losing)
|l|☆savage14455
|player|p2|
|l|☆daedro15
|player|p1|
