|j|☆Tj Adolf
|j|☆SenseiShuckle
|t:|1758291669
|gametype|singles
|player|p1|Tj Adolf|shadowtriad|1146
|player|p2|SenseiShuckle|steven|1162
|gen|9
|tier|[Gen 9] OU
|rated|
|rule|HP Percentage Mod: HP is shown in percentages
|rule|Endless Battle Clause: Forcing endless battles is banned
|rule|Species Clause: Limit one of each Pokémon
|rule|OHKO Clause: OHKO moves are banned
|rule|Evasion Items Clause: Evasion items are banned
|rule|Evasion Moves Clause: Evasion moves are banned
|rule|Evasion Abilities Clause: Evasion abilities are banned
|rule|Sleep Moves Clause: Sleep-inducing moves are banned
|clearpoke
|poke|p1|Golem-Alola, F|
|poke|p1|Electrode-Hisui|
|poke|p1|Orthworm, F|
|poke|p1|Rotom-Wash|
|poke|p1|Chansey, F|
|poke|p1|Raichu-Alola, M|
|poke|p2|Blaziken, F|
|poke|p2|Garchomp, M|
|poke|p2|Kleavor, M|
|poke|p2|Arbok, M|
|poke|p2|Kingambit, F|
|poke|p2|Torterra, F|
|teampreview
|inactive|Battle timer is ON: inactive players will automatically lose when time's up. (requested by Tj Adolf)
|
|t:|1758291687
|teamsize|p1|6
|teamsize|p2|6
|start
|switch|p1a: Rotom|Rotom-Wash, shiny|100/100
|switch|p2a: Kleavor|Kleavor, M|100/100
|turn|1
|
|t:|1758291698
|move|p1a: Rotom|Hydro Pump|p2a: Kleavor
|-supereffective|p2a: Kleavor
|-damage|p2a: Kleavor|0 fnt
|faint|p2a: Kleavor
|
|upkeep
|
|t:|1758291707
|switch|p2a: Torterra|Torterra, F|100/100
|turn|2
|
|t:|1758291713
|switch|p1a: Orthworm|Orthworm, F, shiny|100/100
|move|p2a: Torterra|Shell Smash|p2a: Torterra
|-unboost|p2a: Torterra|def|1
|-unboost|p2a: Torterra|spd|1
|-boost|p2a: Torterra|atk|2
|-boost|p2a: Torterra|spa|2
|-boost|p2a: Torterra|spe|2
|
|upkeep
|turn|3
|
|t:|1758291723
|move|p2a: Torterra|Earthquake|p1a: Orthworm
|-immune|p1a: Orthworm|[from] ability: Earth Eater
|move|p1a: Orthworm|Coil|p1a: Orthworm
|-boost|p1a: Orthworm|atk|1
|-boost|p1a: Orthworm|def|1
|-boost|p1a: Orthworm|accuracy|1
|
|upkeep
|turn|4
|
|t:|1758291731
|switch|p2a: Blaziken|Blaziken, F|100/100
|move|p1a: Orthworm|Spikes|p2a: Blaziken
|-sidestart|p2: SenseiShuckle|Spikes
|
|upkeep
|turn|5
|
|t:|1758291740
|move|p2a: Blaziken|Focus Energy|p2a: Blaziken
|-start|p2a: Blaziken|move: Focus Energy
|move|p1a: Orthworm|Body Press|p2a: Blaziken
|-damage|p2a: Blaziken|12/100
|
|-ability|p2a: Blaziken|Speed Boost|boost
|-boost|p2a: Blaziken|spe|1
|upkeep
|turn|6
|
|t:|1758291763
|move|p2a: Blaziken|Overheat|p1a: Orthworm
|-supereffective|p1a: Orthworm
|-crit|p1a: Orthworm
|-damage|p1a: Orthworm|0 fnt
|-unboost|p2a: Blaziken|spa|2
|faint|p1a: Orthworm
|
|-ability|p2a: Blaziken|Speed Boost|boost
|-boost|p2a: Blaziken|spe|1
|upkeep
|
|t:|1758291772
|switch|p1a: Chansey|Chansey, F, shiny|100/100
|turn|7
|
|t:|1758291777
|move|p2a: Blaziken|Close Combat|p1a: Chansey
|-supereffective|p1a: Chansey
|-crit|p1a: Chansey
|-damage|p1a: Chansey|0 fnt
|-unboost|p2a: Blaziken|def|1
|-unboost|p2a: Blaziken|spd|1
|faint|p1a: Chansey
|
|-ability|p2a: Blaziken|Speed Boost|boost
|-boost|p2a: Blaziken|spe|1
|upkeep
|
|t:|1758291790
|switch|p1a: Golem|Golem-Alola, F, shiny|100/100
|turn|8
|
|t:|1758291795
|move|p2a: Blaziken|Protect|p2a: Blaziken
|-singleturn|p2a: Blaziken|Protect
|move|p1a: Golem|Body Slam|p2a: Blaziken
|-activate|p2a: Blaziken|move: Protect
|
|-ability|p2a: Blaziken|Speed Boost|boost
|-boost|p2a: Blaziken|spe|1
|upkeep
|turn|9
|
|t:|1758291805
|move|p2a: Blaziken|Close Combat|p1a: Golem
|-supereffective|p1a: Golem
|-crit|p1a: Golem
|-damage|p1a: Golem|0 fnt
|-unboost|p2a: Blaziken|def|1
|-unboost|p2a: Blaziken|spd|1
|faint|p1a: Golem
|
|-ability|p2a: Blaziken|Speed Boost|boost
|-boost|p2a: Blaziken|spe|1
|upkeep
|-message|Tj Adolf forfeited.
|
|win|SenseiShuckle
|raw|Tj Adolf's rating: 1146 &rarr; <strong>1122</strong><br />(-24 for losing)
|raw|SenseiShuckle's rating: 1162 &rarr; <strong>1186</strong><br />(+24 for winning)
|l|☆Tj Adolf
|player|p1|
|l|☆SenseiShuckle
|player|p2|
