|j|‽malk tyme
|j|‽OverTracer
|t:|1758268960
|gametype|singles
|player|p1|malk tyme|169|1593
|player|p2|OverTracer|ninjaboy|1524
|gen|9
|tier|[Gen 9] OU
|rated|
|rule|HP Percentage Mod: HP is shown in percentages
|rule|Endless Battle Clause: Forcing endless battles is banned
|rule|Species Clause: Limit one of each Pokémon
|rule|OHKO Clause: OHKO moves are banned
|rule|Evasion Items Clause: Evasion items are banned
|rule|Evasion Moves Clause: Evasion moves are banned
|rule|Evasion Abilities Clause: Evasion abilities are banned
|rule|Sleep Moves Clause: Sleep-inducing moves are banned
|clearpoke
|poke|p1|Blaziken, F|
|poke|p1|Salamence, F|
|poke|p1|Dondozo, M|
|poke|p1|Meloetta|
|poke|p1|Iron Treads|
|poke|p1|Veluza, F|
|poke|p2|Darkrai|
|poke|p2|Samurott-Hisui, M|
|poke|p2|Latios, M|
|poke|p2|Pecharunt|
|poke|p2|Zamazenta-*|
|poke|p2|Landorus-Therian, M|
|teampreview
|
|t:|1758268976
|teamsize|p1|6
|teamsize|p2|6
|start
|switch|p1a: Veluza|Veluza, F|100/100
|switch|p2a: Landorus|Landorus-Therian, M|100/100
|-ability|p2a: Landorus|Intimidate|boost
|-unboost|p1a: Veluza|atk|1
|turn|1
|
|t:|1758268991
|switch|p2a: Pecharunt|Pecharunt|100/100
|move|p1a: Veluza|Final Gambit|p2a: Pecharunt
|-immune|p2a: Pecharunt
|
|upkeep
|turn|2
|
|t:|1758268999
|switch|p1a: Iron Treads|Iron Treads|100/100
|move|p2a: Pecharunt|Parting Shot|p1a: Iron Treads
|-unboost|p1a: Iron Treads|atk|1
|-unboost|p1a: Iron Treads|spa|1
|
|t:|1758269005
|switch|p2a: Landorus|Landorus-Therian, M|100/100|[from] Parting Shot
|-ability|p2a: Landorus|Intimidate|boost
|-unboost|p1a: Iron Treads|atk|1
|
|upkeep
|turn|3
|j| messy401
|
|t:|1758269137
|move|p1a: Iron Treads|Knock Off|p2a: Landorus
|-damage|p2a: Landorus|89/100
|-damage|p1a: Iron Treads|84/100|[from] item: Rocky Helmet|[of] p2a: Landorus
|-enditem|p2a: Landorus|Rocky Helmet|[from] move: Knock Off|[of] p1a: Iron Treads
|move|p2a: Landorus|Earthquake|p1a: Iron Treads
|-supereffective|p1a: Iron Treads
|-damage|p1a: Iron Treads|18/100
|
|upkeep
|turn|4
|
|t:|1758269145
|move|p1a: Iron Treads|Endeavor|p2a: Landorus
|-damage|p2a: Landorus|18/100
|move|p2a: Landorus|Stealth Rock|p1a: Iron Treads
|-sidestart|p1: malk tyme|move: Stealth Rock
|
|upkeep
|turn|5
|
|t:|1758269152
|move|p1a: Iron Treads|Rapid Spin|p2a: Landorus
|-damage|p2a: Landorus|11/100
|-boost|p1a: Iron Treads|spe|1
|-sideend|p1: malk tyme|Stealth Rock|[from] move: Rapid Spin|[of] p1a: Iron Treads
|move|p2a: Landorus|Earthquake|p1a: Iron Treads
|-supereffective|p1a: Iron Treads
|-damage|p1a: Iron Treads|0 fnt
|faint|p1a: Iron Treads
|-end|p1a: Iron Treads|Quark Drive|[silent]
|
|upkeep
|
|t:|1758269157
|switch|p1a: Veluza|Veluza, F|100/100
|turn|6
|
|t:|1758269163
|switch|p2a: Pecharunt|Pecharunt|100/100
|move|p1a: Veluza|Flip Turn|p2a: Pecharunt
|-damage|p2a: Pecharunt|91/100
|
|t:|1758269170
|switch|p1a: Meloetta|Meloetta|100/100|[from] Flip Turn
|
|upkeep
|turn|7
|
|t:|1758269181
|switch|p2a: Samurott|Samurott-Hisui, M|100/100
|move|p1a: Meloetta|Trick Room|p1a: Meloetta
|-fieldstart|move: Trick Room|[of] p1a: Meloetta
|
|upkeep
|turn|8
|j| Gen9oupipipi
|
|t:|1758269185
|-terastallize|p1a: Meloetta|Fairy
|move|p1a: Meloetta|Tera Blast|p2a: Samurott|[anim] Tera Blast Fairy
|-supereffective|p2a: Samurott
|-damage|p2a: Samurott|25/100
|move|p2a: Samurott|Ceaseless Edge|p1a: Meloetta
|-resisted|p1a: Meloetta
|-damage|p1a: Meloetta|76/100
|-sidestart|p1: malk tyme|Spikes
|
|upkeep
|turn|9
|
|t:|1758269207
|switch|p2a: Pecharunt|Pecharunt|91/100
|move|p1a: Meloetta|Energy Ball|p2a: Pecharunt
|-resisted|p2a: Pecharunt
|-crit|p2a: Pecharunt
|-damage|p2a: Pecharunt|67/100
|-unboost|p2a: Pecharunt|spd|1
|
|upkeep
|turn|10
|
|t:|1758269216
|-terastallize|p2a: Pecharunt|Flying
|move|p1a: Meloetta|Tera Blast|p2a: Pecharunt|[anim] Tera Blast Fairy
|-damage|p2a: Pecharunt|4/100
|move|p2a: Pecharunt|Malignant Chain|p1a: Meloetta
|-supereffective|p1a: Meloetta
|-crit|p1a: Meloetta
|-damage|p1a: Meloetta|11/100
|-status|p1a: Meloetta|tox
|-start|p1a: Meloetta|confusion|[from] ability: Poison Puppeteer|[of] p2a: Pecharunt
|-enditem|p1a: Meloetta|Weakness Policy
|-boost|p1a: Meloetta|atk|2|[from] item: Weakness Policy
|-boost|p1a: Meloetta|spa|2|[from] item: Weakness Policy
|
|-damage|p1a: Meloetta|5/100 tox|[from] psn
|upkeep
|turn|11
|
|t:|1758269231
|-activate|p1a: Meloetta|confusion
|-damage|p1a: Meloetta|0 fnt|[from] confusion
|faint|p1a: Meloetta
|move|p2a: Pecharunt|Recover|p2a: Pecharunt
|-heal|p2a: Pecharunt|54/100
|
|-fieldend|move: Trick Room
|upkeep
|
|t:|1758269241
|switch|p1a: Veluza|Veluza, F|100/100
|-damage|p1a: Veluza|88/100|[from] Spikes
|turn|12
|
|t:|1758269258
|switch|p2a: Landorus|Landorus-Therian, M|11/100
|-ability|p2a: Landorus|Intimidate|boost
|-unboost|p1a: Veluza|atk|1
|move|p1a: Veluza|Final Gambit|p2a: Landorus
|-damage|p2a: Landorus|0 fnt
|faint|p1a: Veluza
|faint|p2a: Landorus
|
|upkeep
|-message|malk tyme forfeited.
|
|win|OverTracer
|raw|malk tyme's rating: 1593 &rarr; <strong>1569</strong><br />(-24 for losing)
|raw|OverTracer's rating: 1524 &rarr; <strong>1548</strong><br />(+24 for winning)
|l|‽malk tyme
|player|p1|
|l|‽OverTracer
|player|p2|
|l| Gen9oupipipi
