|j|☆PkmnMstrBob
|j|☆reallabubumatcha
|t:|1758305672
|gametype|singles
|player|p1|PkmnMstrBob|102|1143
|player|p2|reallabubumatcha|2|1097
|gen|9
|tier|[Gen 9] OU
|rated|
|rule|HP Percentage Mod: HP is shown in percentages
|rule|Endless Battle Clause: Forcing endless battles is banned
|rule|Species Clause: Limit one of each Pokémon
|rule|OHKO Clause: OHKO moves are banned
|rule|Evasion Items Clause: Evasion items are banned
|rule|Evasion Moves Clause: Evasion moves are banned
|rule|Evasion Abilities Clause: Evasion abilities are banned
|rule|Sleep Moves Clause: Sleep-inducing moves are banned
|clearpoke
|poke|p1|Kyurem|
|poke|p1|Gholdengo|
|poke|p1|Skeledirge, M|
|poke|p1|Meowscarada, F|
|poke|p1|Gastrodon, M|
|poke|p1|Azumarill, F|
|poke|p2|Toxapex, M|
|poke|p2|Ting-Lu|
|poke|p2|Alomomola, M|
|poke|p2|Corviknight, M|
|poke|p2|Hatterene, F|
|poke|p2|Glimmora, F|
|teampreview
|
|t:|1758305702
|teamsize|p1|6
|teamsize|p2|6
|start
|switch|p1a: Meowscarada|Meowscarada, F|100/100
|switch|p2a: Toxapex|Toxapex, M|100/100
|turn|1
|c|☆reallabubumatcha|gl hf
|inactive|Battle timer is ON: inactive players will automatically lose when time's up. (requested by reallabubumatcha)
|inactive|PkmnMstrBob has 120 seconds left.
|
|t:|1758305754
|move|p1a: Meowscarada|Knock Off|p2a: Toxapex
|-start|p1a: Meowscarada|typechange|Dark|[from] ability: Protean
|-damage|p2a: Toxapex|46/100
|-enditem|p2a: Toxapex|Shuca Berry|[from] move: Knock Off|[of] p1a: Meowscarada
|move|p2a: Toxapex|Gunk Shot|p1a: Meowscarada
|-damage|p1a: Meowscarada|37/100
|
|upkeep
|turn|2
|inactive|reallabubumatcha has 120 seconds left.
|
|t:|1758305786
|switch|p1a: Gholdengo|Gholdengo|100/100
|switch|p2a: Corviknight|Corviknight, M|100/100
|-ability|p2a: Corviknight|Pressure
|
|upkeep
|turn|3
|inactive|reallabubumatcha has 120 seconds left.
|
|t:|1758305804
|switch|p2a: Ting-Lu|Ting-Lu|100/100
|-ability|p2a: Ting-Lu|Vessel of Ruin
|move|p1a: Gholdengo|Shadow Ball|p2a: Ting-Lu
|-resisted|p2a: Ting-Lu
|-damage|p2a: Ting-Lu|89/100
|
|upkeep
|turn|4
|inactive|reallabubumatcha has 120 seconds left.
|
|t:|1758305816
|-terastallize|p1a: Gholdengo|Flying
|move|p1a: Gholdengo|Shadow Ball|p2a: Ting-Lu
|-resisted|p2a: Ting-Lu
|-damage|p2a: Ting-Lu|76/100
|move|p2a: Ting-Lu|Stealth Rock|p1a: Gholdengo
|-sidestart|p1: PkmnMstrBob|move: Stealth Rock
|
|upkeep
|turn|5
|inactive|reallabubumatcha has 120 seconds left.
|
|t:|1758305832
|move|p1a: Gholdengo|Shadow Ball|p2a: Ting-Lu
|-resisted|p2a: Ting-Lu
|-damage|p2a: Ting-Lu|64/100
|-unboost|p2a: Ting-Lu|spd|1
|move|p2a: Ting-Lu|Ruination|p1a: Gholdengo
|-damage|p1a: Gholdengo|51/100
|
|upkeep
|turn|6
|
|t:|1758305839
|move|p1a: Gholdengo|Shadow Ball|p2a: Ting-Lu
|-resisted|p2a: Ting-Lu
|-damage|p2a: Ting-Lu|45/100
|-unboost|p2a: Ting-Lu|spd|1
|move|p2a: Ting-Lu|Whirlwind|p1a: Gholdengo
|-immune|p1a: Gholdengo|[from] ability: Good as Gold
|
|upkeep
|turn|7
|inactive|reallabubumatcha has 120 seconds left.
|
|t:|1758305847
|switch|p2a: Corviknight|Corviknight, M|100/100
|-ability|p2a: Corviknight|Pressure
|move|p1a: Gholdengo|Shadow Ball|p2a: Corviknight
|-damage|p2a: Corviknight|62/100
|-unboost|p2a: Corviknight|spd|1
|
|upkeep
|turn|8
|inactive|reallabubumatcha has 120 seconds left.
|
|t:|1758305860
|move|p1a: Gholdengo|Shadow Ball|p2a: Corviknight
|-damage|p2a: Corviknight|1/100
|-unboost|p2a: Corviknight|spd|1
|move|p2a: Corviknight|Iron Head|p1a: Gholdengo
|-damage|p1a: Gholdengo|14/100
|
|upkeep
|turn|9
|inactive|reallabubumatcha has 120 seconds left.
|
|t:|1758305871
|move|p1a: Gholdengo|Shadow Ball|p2a: Corviknight
|-damage|p2a: Corviknight|0 fnt
|faint|p2a: Corviknight
|
|upkeep
|inactive|reallabubumatcha has 120 seconds left.
|
|t:|1758305879
|switch|p2a: Glimmora|Glimmora, F|100/100
|turn|10
|inactive|reallabubumatcha has 120 seconds left.
|
|t:|1758305890
|-terastallize|p2a: Glimmora|Flying
|move|p1a: Gholdengo|Shadow Ball|p2a: Glimmora
|-damage|p2a: Glimmora|52/100
|move|p2a: Glimmora|Meteor Beam||[still]
|-prepare|p2a: Glimmora|Meteor Beam
|-boost|p2a: Glimmora|spa|1
|-enditem|p2a: Glimmora|Power Herb
|-anim|p2a: Glimmora|Meteor Beam|p1a: Gholdengo
|-supereffective|p1a: Gholdengo
|-damage|p1a: Gholdengo|0 fnt
|faint|p1a: Gholdengo
|
|upkeep
|
|t:|1758305907
|switch|p1a: Gastrodon|Gastrodon, M|100/100
|-damage|p1a: Gastrodon|94/100|[from] Stealth Rock
|turn|11
|
|t:|1758305917
|move|p2a: Glimmora|Toxic|p1a: Gastrodon
|-status|p1a: Gastrodon|tox
|move|p1a: Gastrodon|Chilling Water|p2a: Glimmora
|-damage|p2a: Glimmora|34/100
|-unboost|p2a: Glimmora|atk|1
|
|-heal|p1a: Gastrodon|100/100 tox|[from] item: Leftovers
|-damage|p1a: Gastrodon|94/100 tox|[from] psn
|upkeep
|turn|12
|
|t:|1758305926
|move|p2a: Glimmora|Sludge Bomb|p1a: Gastrodon
|-resisted|p1a: Gastrodon
|-damage|p1a: Gastrodon|67/100 tox
|move|p1a: Gastrodon|Earth Power|p2a: Glimmora
|-immune|p2a: Glimmora
|
|-heal|p1a: Gastrodon|74/100 tox|[from] item: Leftovers
|-damage|p1a: Gastrodon|61/100 tox|[from] psn
|upkeep
|turn|13
|
|t:|1758305935
|move|p2a: Glimmora|Sludge Bomb|p1a: Gastrodon
|-resisted|p1a: Gastrodon
|-damage|p1a: Gastrodon|38/100 tox
|move|p1a: Gastrodon|Recover|p1a: Gastrodon
|-heal|p1a: Gastrodon|88/100 tox
|
|-heal|p1a: Gastrodon|94/100 tox|[from] item: Leftovers
|-damage|p1a: Gastrodon|76/100 tox|[from] psn
|upkeep
|turn|14
|
|t:|1758305945
|move|p2a: Glimmora|Sludge Bomb|p1a: Gastrodon
|-resisted|p1a: Gastrodon
|-damage|p1a: Gastrodon|49/100 tox
|move|p1a: Gastrodon|Chilling Water|p2a: Glimmora
|-damage|p2a: Glimmora|18/100
|-unboost|p2a: Glimmora|atk|1
|
|-heal|p1a: Gastrodon|55/100 tox|[from] item: Leftovers
|-damage|p1a: Gastrodon|31/100 tox|[from] psn
|upkeep
|turn|15
|
|t:|1758305956
|move|p2a: Glimmora|Sludge Bomb|p1a: Gastrodon
|-resisted|p1a: Gastrodon
|-crit|p1a: Gastrodon
|-damage|p1a: Gastrodon|0 fnt
|faint|p1a: Gastrodon
|
|upkeep
|
|t:|1758305962
|switch|p1a: Azumarill|Azumarill, F|100/100
|-damage|p1a: Azumarill|88/100|[from] Stealth Rock
|turn|16
|
|t:|1758305971
|move|p1a: Azumarill|Aqua Jet|p2a: Glimmora
|-damage|p2a: Glimmora|0 fnt
|faint|p2a: Glimmora
|
|upkeep
|
|t:|1758305978
|switch|p2a: Toxapex|Toxapex, M|46/100
|turn|17
|
|t:|1758305991
|move|p1a: Azumarill|Play Rough|p2a: Toxapex
|-resisted|p2a: Toxapex
|-damage|p2a: Toxapex|22/100
|move|p2a: Toxapex|Gunk Shot|p1a: Azumarill
|-supereffective|p1a: Azumarill
|-damage|p1a: Azumarill|0 fnt
|faint|p1a: Azumarill
|
|upkeep
|
|t:|1758306000
|switch|p1a: Kyurem|Kyurem|100/100
|-ability|p1a: Kyurem|Pressure
|turn|18
|
|t:|1758306012
|move|p1a: Kyurem|Earth Power|p2a: Toxapex
|-supereffective|p2a: Toxapex
|-damage|p2a: Toxapex|0 fnt
|faint|p2a: Toxapex
|
|upkeep
|
|t:|1758306020
|switch|p2a: Hatterene|Hatterene, F|100/100
|turn|19
|
|t:|1758306032
|move|p1a: Kyurem|Freeze-Dry|p2a: Hatterene
|-damage|p2a: Hatterene|66/100
|move|p2a: Hatterene|Trick Room|p2a: Hatterene
|-fieldstart|move: Trick Room|[of] p2a: Hatterene
|
|upkeep
|turn|20
|
|t:|1758306041
|move|p2a: Hatterene|Dazzling Gleam|p1a: Kyurem
|-supereffective|p1a: Kyurem
|-damage|p1a: Kyurem|15/100
|move|p1a: Kyurem|Earth Power|p2a: Hatterene
|-damage|p2a: Hatterene|35/100
|
|upkeep
|turn|21
|
|t:|1758306053
|move|p2a: Hatterene|Dazzling Gleam|p1a: Kyurem
|-supereffective|p1a: Kyurem
|-damage|p1a: Kyurem|0 fnt
|faint|p1a: Kyurem
|
|upkeep
|
|t:|1758306059
|switch|p1a: Meowscarada|Meowscarada, F|37/100
|-damage|p1a: Meowscarada|25/100|[from] Stealth Rock
|turn|22
|
|t:|1758306064
|move|p2a: Hatterene|Dazzling Gleam|p1a: Meowscarada
|-supereffective|p1a: Meowscarada
|-damage|p1a: Meowscarada|0 fnt
|faint|p1a: Meowscarada
|
|upkeep
|
|t:|1758306079
|switch|p1a: Skeledirge|Skeledirge, M|100/100
|-damage|p1a: Skeledirge|76/100|[from] Stealth Rock
|turn|23
|
|t:|1758306087
|move|p2a: Hatterene|Dazzling Gleam|p1a: Skeledirge
|-resisted|p1a: Skeledirge
|-damage|p1a: Skeledirge|59/100
|move|p1a: Skeledirge|Torch Song|p2a: Hatterene
|-damage|p2a: Hatterene|3/100
|-boost|p1a: Skeledirge|spa|1
|
|-heal|p1a: Skeledirge|65/100|[from] item: Leftovers
|-fieldend|move: Trick Room
|upkeep
|turn|24
|
|t:|1758306096
|move|p1a: Skeledirge|Torch Song|p2a: Hatterene
|-damage|p2a: Hatterene|0 fnt
|-boost|p1a: Skeledirge|spa|1
|faint|p2a: Hatterene
|
|-heal|p1a: Skeledirge|71/100|[from] item: Leftovers
|upkeep
|
|t:|1758306102
|switch|p2a: Ting-Lu|Ting-Lu|45/100
|-ability|p2a: Ting-Lu|Vessel of Ruin
|turn|25
|
|t:|1758306109
|move|p1a: Skeledirge|Torch Song|p2a: Ting-Lu
|-damage|p2a: Ting-Lu|7/100
|-boost|p1a: Skeledirge|spa|1
|-enditem|p2a: Ting-Lu|Mirror Herb
|-boost|p2a: Ting-Lu|spa|1|[from] item: Mirror Herb
|move|p2a: Ting-Lu|Earthquake|p1a: Skeledirge
|-supereffective|p1a: Skeledirge
|-damage|p1a: Skeledirge|0 fnt
|faint|p1a: Skeledirge
|
|win|reallabubumatcha
|raw|PkmnMstrBob's rating: 1143 &rarr; <strong>1115</strong><br />(-28 for losing)
|raw|reallabubumatcha's rating: 1097 &rarr; <strong>1126</strong><br />(+29 for winning)
|c|☆reallabubumatcha|gg
