|j|☆ouanebdkd
|j|☆PigeonShooter21
|t:|1758377268
|gametype|singles
|player|p1|ouanebdkd|acetrainercouple|1030
|player|p2|PigeonShooter21|n|1030
|gen|9
|tier|[Gen 9] OU
|rated|
|rule|HP Percentage Mod: HP is shown in percentages
|rule|Endless Battle Clause: Forcing endless battles is banned
|rule|Species Clause: Limit one of each Pokémon
|rule|OHKO Clause: OHKO moves are banned
|rule|Evasion Items Clause: Evasion items are banned
|rule|Evasion Moves Clause: Evasion moves are banned
|rule|Evasion Abilities Clause: Evasion abilities are banned
|rule|Sleep Moves Clause: Sleep-inducing moves are banned
|clearpoke
|poke|p1|Glimmora, F|
|poke|p1|Scizor, M|
|poke|p1|Enamorus, F|
|poke|p1|Rillaboom, M|
|poke|p1|Alomomola, M|
|poke|p1|Zapdos|
|poke|p2|Haxorus, M|
|poke|p2|Excadrill, F|
|poke|p2|Sableye, M|
|poke|p2|Great Tusk|
|poke|p2|Toxapex, M|
|poke|p2|Kilowattrel, M|
|teampreview
|inactive|Battle timer is ON: inactive players will automatically lose when time's up. (requested by ouanebdkd)
|
|t:|1758377279
|teamsize|p1|6
|teamsize|p2|6
|start
|switch|p1a: toupie|Glimmora, F|100/100
|switch|p2a: Sableye|Sableye, M|100/100
|turn|1
|
|t:|1758377287
|move|p2a: Sableye|Will-O-Wisp|p1a: toupie
|-status|p1a: toupie|brn
|move|p1a: toupie|Mortal Spin|p2a: Sableye
|-resisted|p2a: Sableye
|-damage|p2a: Sableye|98/100
|-status|p2a: Sableye|psn
|
|-heal|p2a: Sableye|100/100 psn|[from] item: Leftovers
|-damage|p2a: Sableye|88/100 psn|[from] psn
|-damage|p1a: toupie|94/100 brn|[from] brn
|upkeep
|turn|2
|inactive|PigeonShooter21 has 120 seconds left.
|
|t:|1758377318
|switch|p2a: Excadrill|Excadrill, F, shiny|100/100
|-ability|p2a: Excadrill|Mold Breaker
|move|p1a: toupie|Stealth Rock|p2a: Excadrill
|-sidestart|p2: PigeonShooter21|move: Stealth Rock
|
|-damage|p1a: toupie|88/100 brn|[from] brn
|upkeep
|turn|3
|inactive|PigeonShooter21 has 120 seconds left.
|
|t:|1758377331
|switch|p1a: poisson|Alomomola, M|100/100
|move|p2a: Excadrill|Earthquake|p1a: poisson
|-damage|p1a: poisson|71/100
|
|upkeep
|turn|4
|
|t:|1758377340
|move|p2a: Excadrill|Rapid Spin|p1a: poisson
|-damage|p1a: poisson|62/100
|-boost|p2a: Excadrill|spe|1
|-damage|p2a: Excadrill|84/100|[from] item: Rocky Helmet|[of] p1a: poisson
|-sideend|p2: PigeonShooter21|Stealth Rock|[from] move: Rapid Spin|[of] p2a: Excadrill
|move|p1a: poisson|Scald|p2a: Excadrill
|-supereffective|p2a: Excadrill
|-damage|p2a: Excadrill|47/100
|-status|p2a: Excadrill|brn
|
|-heal|p2a: Excadrill|53/100 brn|[from] item: Leftovers
|-damage|p2a: Excadrill|47/100 brn|[from] brn
|upkeep
|turn|5
|
|t:|1758377351
|switch|p2a: Kilowattrel|Kilowattrel, M|100/100
|move|p1a: poisson|Wish|p1a: poisson
|
|upkeep
|turn|6
|
|t:|1758377364
|move|p1a: poisson|Protect|p1a: poisson
|-singleturn|p1a: poisson|Protect
|move|p2a: Kilowattrel|Thunderbolt|p1a: poisson
|-activate|p1a: poisson|move: Protect
|
|-heal|p1a: poisson|100/100|[from] move: Wish|[wisher] poisson
|upkeep
|turn|7
|
|t:|1758377376
|switch|p1a: l’oiseau élec|Zapdos|100/100
|move|p2a: Kilowattrel|Thunderbolt|p1a: l’oiseau élec
|-damage|p1a: l’oiseau élec|62/100
|-damage|p2a: Kilowattrel|91/100|[from] item: Life Orb
|
|upkeep
|turn|8
|
|t:|1758377384
|move|p2a: Kilowattrel|Thunderbolt|p1a: l’oiseau élec
|-damage|p1a: l’oiseau élec|28/100
|-damage|p2a: Kilowattrel|81/100|[from] item: Life Orb
|move|p1a: l’oiseau élec|Roost|p1a: l’oiseau élec
|-heal|p1a: l’oiseau élec|79/100
|-singleturn|p1a: l’oiseau élec|move: Roost
|
|upkeep
|turn|9
|
|t:|1758377390
|move|p2a: Kilowattrel|Thunderbolt|p1a: l’oiseau élec
|-damage|p1a: l’oiseau élec|45/100
|-damage|p2a: Kilowattrel|71/100|[from] item: Life Orb
|move|p1a: l’oiseau élec|Roost|p1a: l’oiseau élec
|-heal|p1a: l’oiseau élec|95/100
|-singleturn|p1a: l’oiseau élec|move: Roost
|
|upkeep
|turn|10
|
|t:|1758377400
|move|p2a: Kilowattrel|Thunderbolt|p1a: l’oiseau élec
|-damage|p1a: l’oiseau élec|58/100
|-damage|p2a: Kilowattrel|61/100|[from] item: Life Orb
|move|p1a: l’oiseau élec|Roost|p1a: l’oiseau élec
|-heal|p1a: l’oiseau élec|100/100
|-singleturn|p1a: l’oiseau élec|move: Roost
|
|upkeep
|turn|11
|
|t:|1758377407
|move|p2a: Kilowattrel|Roost|p2a: Kilowattrel
|-heal|p2a: Kilowattrel|100/100
|-singleturn|p2a: Kilowattrel|move: Roost
|move|p1a: l’oiseau élec|Hurricane|p2a: Kilowattrel
|-resisted|p2a: Kilowattrel
|-damage|p2a: Kilowattrel|58/100
|
|upkeep
|turn|12
|
|t:|1758377414
|move|p2a: Kilowattrel|Roost|p2a: Kilowattrel
|-heal|p2a: Kilowattrel|100/100
|-singleturn|p2a: Kilowattrel|move: Roost
|move|p1a: l’oiseau élec|Hurricane|p2a: Kilowattrel
|-resisted|p2a: Kilowattrel
|-damage|p2a: Kilowattrel|56/100
|-start|p2a: Kilowattrel|confusion
|
|upkeep
|turn|13
|
|t:|1758377422
|-activate|p2a: Kilowattrel|confusion
|move|p2a: Kilowattrel|Roost|p2a: Kilowattrel
|-heal|p2a: Kilowattrel|100/100
|-singleturn|p2a: Kilowattrel|move: Roost
|move|p1a: l’oiseau élec|Hurricane|p2a: Kilowattrel
|-resisted|p2a: Kilowattrel
|-damage|p2a: Kilowattrel|57/100
|
|upkeep
|turn|14
|
|t:|1758377436
|-activate|p2a: Kilowattrel|confusion
|-damage|p2a: Kilowattrel|47/100|[from] confusion
|move|p1a: l’oiseau élec|Hurricane|p2a: Kilowattrel
|-resisted|p2a: Kilowattrel
|-damage|p2a: Kilowattrel|6/100
|
|upkeep
|turn|15
|
|t:|1758377442
|-activate|p2a: Kilowattrel|confusion
|move|p2a: Kilowattrel|Roost|p2a: Kilowattrel
|-heal|p2a: Kilowattrel|56/100
|-singleturn|p2a: Kilowattrel|move: Roost
|move|p1a: l’oiseau élec|Volt Switch|p2a: Kilowattrel
|-heal|p2a: Kilowattrel|81/100|[from] ability: Volt Absorb|[of] p1a: l’oiseau élec
|
|upkeep
|turn|16
|
|t:|1758377451
|-activate|p2a: Kilowattrel|confusion
|-damage|p2a: Kilowattrel|72/100|[from] confusion
|move|p1a: l’oiseau élec|Hurricane|p2a: Kilowattrel
|-resisted|p2a: Kilowattrel
|-damage|p2a: Kilowattrel|27/100
|
|upkeep
|turn|17
|
|t:|1758377456
|-end|p2a: Kilowattrel|confusion
|move|p2a: Kilowattrel|Roost|p2a: Kilowattrel
|-heal|p2a: Kilowattrel|77/100
|-singleturn|p2a: Kilowattrel|move: Roost
|move|p1a: l’oiseau élec|Hurricane|p2a: Kilowattrel
|-resisted|p2a: Kilowattrel
|-damage|p2a: Kilowattrel|32/100
|-start|p2a: Kilowattrel|confusion
|
|upkeep
|turn|18
|
|t:|1758377465
|-activate|p2a: Kilowattrel|confusion
|move|p2a: Kilowattrel|Roost|p2a: Kilowattrel
|-heal|p2a: Kilowattrel|82/100
|-singleturn|p2a: Kilowattrel|move: Roost
|move|p1a: l’oiseau élec|Hurricane|p2a: Kilowattrel
|-resisted|p2a: Kilowattrel
|-damage|p2a: Kilowattrel|39/100
|
|upkeep
|turn|19
|c|☆PigeonShooter21|JUST MISS 1
|
|t:|1758377477
|-end|p2a: Kilowattrel|confusion
|move|p2a: Kilowattrel|Roost|p2a: Kilowattrel
|-heal|p2a: Kilowattrel|89/100
|-singleturn|p2a: Kilowattrel|move: Roost
|move|p1a: l’oiseau élec|Hurricane|p2a: Kilowattrel
|-resisted|p2a: Kilowattrel
|-damage|p2a: Kilowattrel|50/100
|
|upkeep
|turn|20
|c|☆ouanebdkd|NOOOOH
|
|t:|1758377487
|move|p2a: Kilowattrel|Roost|p2a: Kilowattrel
|-heal|p2a: Kilowattrel|99/100
|-singleturn|p2a: Kilowattrel|move: Roost
|move|p1a: l’oiseau élec|Hurricane|p2a: Kilowattrel
|-resisted|p2a: Kilowattrel
|-damage|p2a: Kilowattrel|61/100
|
|upkeep
|turn|21
|c|☆ouanebdkd|i cant.
|c|☆PigeonShooter21|HOW HAVE YOU HIT  ALL OF THESE
|c|☆ouanebdkd|idk but i love that
|
|t:|1758377508
|move|p2a: Kilowattrel|Thunderbolt|p1a: l’oiseau élec
|-damage|p1a: l’oiseau élec|63/100
|-damage|p2a: Kilowattrel|51/100|[from] item: Life Orb
|move|p1a: l’oiseau élec|Hurricane|p2a: Kilowattrel
|-resisted|p2a: Kilowattrel
|-damage|p2a: Kilowattrel|7/100
|
|upkeep
|turn|22
|c|☆PigeonShooter21|i dont :0
|
|t:|1758377524
|move|p2a: Kilowattrel|Volt Switch|p1a: l’oiseau élec
|-damage|p1a: l’oiseau élec|37/100
|-damage|p2a: Kilowattrel|0 fnt|[from] item: Life Orb
|faint|p2a: Kilowattrel
|move|p1a: l’oiseau élec|Hurricane|p2: Kilowattrel|[notarget]
|-fail|p1a: l’oiseau élec
|
|upkeep
|
|t:|1758377538
|switch|p2a: Toxapex|Toxapex, M|100/100
|turn|23
|
|t:|1758377548
|move|p1a: l’oiseau élec|Roost|p1a: l’oiseau élec
|-heal|p1a: l’oiseau élec|87/100
|-singleturn|p1a: l’oiseau élec|move: Roost
|move|p2a: Toxapex|Toxic Spikes|p1a: l’oiseau élec
|-sidestart|p1: ouanebdkd|move: Toxic Spikes
|
|upkeep
|turn|24
|c|☆ouanebdkd|🥹🥹
|
|t:|1758377568
|move|p1a: l’oiseau élec|Volt Switch|p2a: Toxapex
|-supereffective|p2a: Toxapex
|-damage|p2a: Toxapex|54/100
|
|t:|1758377572
|switch|p1a: toupie|Glimmora, F|88/100 brn|[from] Volt Switch
|-sideend|p1: ouanebdkd|move: Toxic Spikes|[of] p1a: toupie
|move|p2a: Toxapex|Toxic Spikes|p1a: toupie
|-sidestart|p1: ouanebdkd|move: Toxic Spikes
|
|-heal|p2a: Toxapex|60/100|[from] item: Black Sludge
|-damage|p1a: toupie|82/100 brn|[from] brn
|upkeep
|turn|25
|
|t:|1758377579
|move|p2a: Toxapex|Baneful Bunker|p2a: Toxapex
|-singleturn|p2a: Toxapex|move: Protect
|move|p1a: toupie|Stealth Rock|p2a: Toxapex
|-sidestart|p2: PigeonShooter21|move: Stealth Rock
|
|-heal|p2a: Toxapex|66/100|[from] item: Black Sludge
|-damage|p1a: toupie|76/100 brn|[from] brn
|upkeep
|turn|26
|c|☆PigeonShooter21|yk what
|c|☆PigeonShooter21|im impressed you hit all those hurricanes
|inactive|PigeonShooter21 has 120 seconds left.
|c|☆PigeonShooter21|have the win king
|c|☆ouanebdkd|thank u
|-message|PigeonShooter21 forfeited.
|
|win|ouanebdkd
|raw|ouanebdkd's rating: 1030 &rarr; <strong>1066</strong><br />(+36 for winning)
|raw|PigeonShooter21's rating: 1030 &rarr; <strong>1016</strong><br />(-14 for losing)
|l|☆PigeonShooter21
|player|p2|
|c|☆ouanebdkd|THANK U DUDE🙏🏽
