|j|☆DrAlphaStone
|j|☆flygonisdragon
|t:|1758336414
|gametype|singles
|player|p1|DrAlphaStone|karen|1629
|player|p2|flygonisdragon|serena-masters|1663
|gen|9
|tier|[Gen 9] OU
|rated|
|rule|HP Percentage Mod: HP is shown in percentages
|rule|Endless Battle Clause: Forcing endless battles is banned
|rule|Species Clause: Limit one of each Pokémon
|rule|OHKO Clause: OHKO moves are banned
|rule|Evasion Items Clause: Evasion items are banned
|rule|Evasion Moves Clause: Evasion moves are banned
|rule|Evasion Abilities Clause: Evasion abilities are banned
|rule|Sleep Moves Clause: Sleep-inducing moves are banned
|clearpoke
|poke|p1|Dragapult, M|
|poke|p1|Slowking-Galar, M|
|poke|p1|Zamazenta-*|
|poke|p1|Ogerpon-Wellspring, F|
|poke|p1|Rotom-Heat|
|poke|p1|Iron Treads|
|poke|p2|Volcanion|
|poke|p2|Metagross|
|poke|p2|Zamazenta-*|
|poke|p2|Weezing-Galar, M|
|poke|p2|Regidrago|
|poke|p2|Rillaboom, F|
|teampreview
|
|t:|1758336438
|teamsize|p1|6
|teamsize|p2|6
|start
|switch|p1a: Dragapult|Dragapult, M|100/100
|switch|p2a: Metagross|Metagross|100/100
|turn|1
|
|t:|1758336447
|move|p1a: Dragapult|Will-O-Wisp|p2a: Metagross
|-status|p2a: Metagross|brn
|move|p2a: Metagross|Stealth Rock|p1a: Dragapult
|-sidestart|p1: DrAlphaStone|move: Stealth Rock
|
|-damage|p2a: Metagross|94/100 brn|[from] brn
|upkeep
|turn|2
|
|t:|1758336456
|move|p1a: Dragapult|Substitute|p1a: Dragapult
|-start|p1a: Dragapult|Substitute
|-damage|p1a: Dragapult|76/100
|move|p2a: Metagross|Meteor Mash|p1a: Dragapult
|-end|p1a: Dragapult|Substitute
|
|-heal|p1a: Dragapult|82/100|[from] item: Leftovers
|-damage|p2a: Metagross|88/100 brn|[from] brn
|upkeep
|turn|3
|
|t:|1758336461
|move|p1a: Dragapult|Hex|p2a: Metagross
|-supereffective|p2a: Metagross
|-enditem|p2a: Metagross|Kasib Berry|[eat]
|-enditem|p2a: Metagross|Kasib Berry|[weaken]
|-damage|p2a: Metagross|40/100 brn
|move|p2a: Metagross|Meteor Mash|p1a: Dragapult
|-damage|p1a: Dragapult|50/100
|
|-heal|p1a: Dragapult|56/100|[from] item: Leftovers
|-damage|p2a: Metagross|34/100 brn|[from] brn
|upkeep
|turn|4
|
|t:|1758336468
|move|p1a: Dragapult|Hex|p2a: Metagross
|-supereffective|p2a: Metagross
|-damage|p2a: Metagross|0 fnt
|faint|p2a: Metagross
|
|-heal|p1a: Dragapult|62/100|[from] item: Leftovers
|upkeep
|
|t:|1758336489
|switch|p2a: Volcanion|Volcanion|100/100
|turn|5
|
|t:|1758336493
|move|p1a: Dragapult|Substitute|p1a: Dragapult
|-start|p1a: Dragapult|Substitute
|-damage|p1a: Dragapult|37/100
|move|p2a: Volcanion|Steam Eruption|p1a: Dragapult
|-resisted|p1a: Dragapult
|-end|p1a: Dragapult|Substitute
|
|-heal|p1a: Dragapult|43/100|[from] item: Leftovers
|upkeep
|turn|6
|
|t:|1758336498
|switch|p1a: Ogerpon|Ogerpon-Wellspring, F|100/100
|-damage|p1a: Ogerpon|88/100|[from] Stealth Rock
|move|p2a: Volcanion|Steam Eruption|p1a: Ogerpon
|-heal|p1a: Ogerpon|100/100|[from] ability: Water Absorb|[of] p2a: Volcanion
|
|upkeep
|turn|7
|
|t:|1758336503
|switch|p2a: Weezing|Weezing-Galar, M|100/100
|-ability|p2a: Weezing|Neutralizing Gas
|move|p1a: Ogerpon|U-turn|p2a: Weezing
|-resisted|p2a: Weezing
|-damage|p2a: Weezing|96/100
|
|t:|1758336509
|switch|p1a: Slowking|Slowking-Galar, M|100/100|[from] U-turn
|
|upkeep
|turn|8
|inactive|Battle timer is ON: inactive players will automatically lose when time's up. (requested by DrAlphaStone)
|
|t:|1758336585
|move|p2a: Weezing|Will-O-Wisp|p1a: Slowking
|-status|p1a: Slowking|brn
|move|p1a: Slowking|Future Sight|p2a: Weezing
|-start|p1a: Slowking|move: Future Sight
|
|-damage|p1a: Slowking|94/100 brn|[from] brn
|upkeep
|turn|9
|
|t:|1758336612
|-end|p2a: Weezing|ability: Neutralizing Gas
|switch|p2a: Regidrago|Regidrago|100/100
|-prepare|p1a: Slowking|Chilly Reception|[premajor]
|move|p1a: Slowking|Chilly Reception|p1a: Slowking
|-weather|Snowscape
|
|t:|1758336620
|switch|p1a: Iron Treads|Iron Treads|100/100|[from] Chilly Reception
|
|-weather|Snowscape|[upkeep]
|upkeep
|turn|10
|
|t:|1758336629
|move|p1a: Iron Treads|Knock Off|p2a: Regidrago
|-damage|p2a: Regidrago|65/100
|-enditem|p2a: Regidrago|Choice Specs|[from] move: Knock Off|[of] p1a: Iron Treads
|move|p2a: Regidrago|Draco Meteor|p1a: Iron Treads
|-resisted|p1a: Iron Treads
|-damage|p1a: Iron Treads|41/100
|-unboost|p2a: Regidrago|spa|2
|
|-weather|Snowscape|[upkeep]
|-end|p2a: Regidrago|move: Future Sight
|-damage|p2a: Regidrago|15/100
|upkeep
|turn|11
|
|t:|1758336639
|move|p1a: Iron Treads|Rapid Spin|p2a: Regidrago
|-damage|p2a: Regidrago|0 fnt
|-boost|p1a: Iron Treads|spe|1
|-sideend|p1: DrAlphaStone|Stealth Rock|[from] move: Rapid Spin|[of] p1a: Iron Treads
|faint|p2a: Regidrago
|
|-weather|Snowscape|[upkeep]
|upkeep
|
|t:|1758336648
|switch|p2a: Rillaboom|Rillaboom, F|100/100
|-fieldstart|move: Grassy Terrain|[from] ability: Grassy Surge|[of] p2a: Rillaboom
|turn|12
|
|t:|1758336656
|move|p2a: Rillaboom|Grassy Glide|p1a: Iron Treads
|-damage|p1a: Iron Treads|4/100
|move|p1a: Iron Treads|Stealth Rock|p2a: Rillaboom
|-sidestart|p2: flygonisdragon|move: Stealth Rock
|
|-weather|Snowscape|[upkeep]
|-heal|p1a: Iron Treads|10/100|[from] Grassy Terrain
|upkeep
|turn|13
|
|t:|1758336666
|-end|p1a: Iron Treads|Quark Drive|[silent]
|switch|p1a: Rotom|Rotom-Heat|100/100
|move|p2a: Rillaboom|Grassy Glide|p1a: Rotom
|-resisted|p1a: Rotom
|-damage|p1a: Rotom|84/100
|
|-weather|none
|upkeep
|turn|14
|
|t:|1758336677
|move|p1a: Rotom|Will-O-Wisp|p2a: Rillaboom
|-status|p2a: Rillaboom|brn
|move|p2a: Rillaboom|Knock Off|p1a: Rotom
|-damage|p1a: Rotom|66/100
|-enditem|p1a: Rotom|Heavy-Duty Boots|[from] move: Knock Off|[of] p2a: Rillaboom
|
|-damage|p2a: Rillaboom|94/100 brn|[from] brn
|upkeep
|turn|15
|
|t:|1758336683
|switch|p2a: Volcanion|Volcanion|100/100
|-damage|p2a: Volcanion|76/100|[from] Stealth Rock
|move|p1a: Rotom|Pain Split|p2a: Volcanion
|-sethp|p2a: Volcanion|71/100|[from] move: Pain Split|[silent]
|-sethp|p1a: Rotom|70/100|[from] move: Pain Split
|
|-heal|p2a: Volcanion|77/100|[from] Grassy Terrain
|upkeep
|turn|16
|
|t:|1758336687
|move|p1a: Rotom|Volt Switch|p2a: Volcanion
|-supereffective|p2a: Volcanion
|-damage|p2a: Volcanion|18/100
|
|t:|1758336691
|switch|p1a: Slowking|Slowking-Galar, M|100/100 brn|[from] Volt Switch
|move|p2a: Volcanion|Steam Eruption|p1a: Slowking
|-damage|p1a: Slowking|46/100 brn
|
|-heal|p2a: Volcanion|24/100|[from] Grassy Terrain
|-heal|p1a: Slowking|53/100 brn|[from] Grassy Terrain
|-damage|p1a: Slowking|46/100 brn|[from] brn
|upkeep
|turn|17
|
|t:|1758336698
|switch|p2a: Zamazenta|Zamazenta|100/100
|-damage|p2a: Zamazenta|94/100|[from] Stealth Rock
|-ability|p2a: Zamazenta|Dauntless Shield|boost
|-boost|p2a: Zamazenta|def|1
|switch|p1a: Ogerpon|Ogerpon-Wellspring, F|100/100
|
|-heal|p2a: Zamazenta|100/100|[from] Grassy Terrain
|upkeep
|turn|18
|
|t:|1758336706
|move|p2a: Zamazenta|Substitute|p2a: Zamazenta
|-start|p2a: Zamazenta|Substitute
|-damage|p2a: Zamazenta|75/100
|move|p1a: Ogerpon|Encore|p2a: Zamazenta
|-start|p2a: Zamazenta|Encore
|
|-heal|p2a: Zamazenta|82/100|[from] Grassy Terrain
|-heal|p2a: Zamazenta|88/100|[from] item: Leftovers
|upkeep
|turn|19
|
|t:|1758336714
|switch|p2a: Weezing|Weezing-Galar, M|96/100
|-ability|p2a: Weezing|Neutralizing Gas
|move|p1a: Ogerpon|Horn Leech|p2a: Weezing
|-resisted|p2a: Weezing
|-damage|p2a: Weezing|78/100
|
|-heal|p2a: Weezing|84/100|[from] Grassy Terrain
|-fieldend|move: Grassy Terrain
|upkeep
|turn|20
|
|t:|1758336718
|move|p1a: Ogerpon|U-turn|p2a: Weezing
|-resisted|p2a: Weezing
|-damage|p2a: Weezing|80/100
|
|t:|1758336721
|switch|p1a: Slowking|Slowking-Galar, M|80/100 brn|[from] U-turn
|move|p2a: Weezing|Defog|p1a: Slowking
|-unboost|p1a: Slowking|evasion|1
|-sideend|p2: flygonisdragon|Stealth Rock|[from] move: Defog|[of] p2a: Weezing
|
|-damage|p1a: Slowking|74/100 brn|[from] brn
|upkeep
|turn|21
|
|t:|1758336727
|-end|p2a: Weezing|ability: Neutralizing Gas
|switch|p2a: Volcanion|Volcanion|24/100
|-prepare|p1a: Slowking|Chilly Reception|[premajor]
|move|p1a: Slowking|Chilly Reception|p1a: Slowking
|-weather|Snowscape
|
|t:|1758336731
|switch|p1a: Dragapult|Dragapult, M|43/100|[from] Chilly Reception
|
|-weather|Snowscape|[upkeep]
|-heal|p1a: Dragapult|49/100|[from] item: Leftovers
|upkeep
|turn|22
|inactive|flygonisdragon has 120 seconds left.
|inactive|flygonisdragon has 90 seconds left.
|
|t:|1758336797
|move|p1a: Dragapult|Substitute|p1a: Dragapult
|-start|p1a: Dragapult|Substitute
|-damage|p1a: Dragapult|25/100
|move|p2a: Volcanion|Flamethrower|p1a: Dragapult
|-resisted|p1a: Dragapult
|-end|p1a: Dragapult|Substitute
|
|-weather|Snowscape|[upkeep]
|-heal|p1a: Dragapult|31/100|[from] item: Leftovers
|upkeep
|turn|23
|
|t:|1758336803
|move|p1a: Dragapult|Dragon Darts|p2a: Volcanion
|-damage|p2a: Volcanion|6/100
|-anim|p1a: Dragapult|Dragon Darts|p2a: Volcanion
|-damage|p2a: Volcanion|0 fnt
|faint|p2a: Volcanion
|
|-weather|Snowscape|[upkeep]
|-heal|p1a: Dragapult|37/100|[from] item: Leftovers
|upkeep
|inactive|flygonisdragon has 90 seconds left.
|
|t:|1758336814
|switch|p2a: Rillaboom|Rillaboom, F|94/100 brn
|-fieldstart|move: Grassy Terrain|[from] ability: Grassy Surge|[of] p2a: Rillaboom
|turn|24
|
|t:|1758336823
|switch|p1a: Rotom|Rotom-Heat|70/100
|move|p2a: Rillaboom|Knock Off|p1a: Rotom
|-damage|p1a: Rotom|60/100
|
|-weather|Snowscape|[upkeep]
|-heal|p2a: Rillaboom|100/100 brn|[from] Grassy Terrain
|-damage|p2a: Rillaboom|94/100 brn|[from] brn
|upkeep
|turn|25
|j| amefurikoneko
|inactive|flygonisdragon has 90 seconds left.
|l| amefurikoneko
|
|t:|1758336868
|move|p1a: Rotom|Overheat|p2a: Rillaboom
|-supereffective|p2a: Rillaboom
|-damage|p2a: Rillaboom|0 fnt
|-unboost|p1a: Rotom|spa|2
|faint|p2a: Rillaboom
|
|-weather|none
|upkeep
|
|t:|1758336873
|switch|p2a: Zamazenta|Zamazenta|88/100
|turn|26
|
|t:|1758336877
|-terastallize|p2a: Zamazenta|Fire
|move|p2a: Zamazenta|Iron Defense|p2a: Zamazenta
|-boost|p2a: Zamazenta|def|2
|move|p1a: Rotom|Volt Switch|p2a: Zamazenta
|-damage|p2a: Zamazenta|78/100
|
|t:|1758336891
|switch|p1a: Slowking|Slowking-Galar, M|100/100 brn|[from] Volt Switch
|
|-heal|p2a: Zamazenta|84/100|[from] Grassy Terrain
|-heal|p2a: Zamazenta|90/100|[from] item: Leftovers
|-damage|p1a: Slowking|94/100 brn|[from] brn
|upkeep
|turn|27
|
|t:|1758336895
|move|p2a: Zamazenta|Substitute|p2a: Zamazenta
|-start|p2a: Zamazenta|Substitute
|-damage|p2a: Zamazenta|65/100
|move|p1a: Slowking|Sludge Bomb|p2a: Zamazenta
|-crit|p2a: Zamazenta
|-end|p2a: Zamazenta|Substitute
|
|-heal|p2a: Zamazenta|71/100|[from] Grassy Terrain
|-heal|p2a: Zamazenta|78/100|[from] item: Leftovers
|-heal|p1a: Slowking|100/100 brn|[from] Grassy Terrain
|-damage|p1a: Slowking|94/100 brn|[from] brn
|upkeep
|turn|28
|
|t:|1758336899
|move|p2a: Zamazenta|Crunch|p1a: Slowking
|-supereffective|p1a: Slowking
|-damage|p1a: Slowking|50/100 brn
|move|p1a: Slowking|Sludge Bomb|p2a: Zamazenta
|-damage|p2a: Zamazenta|52/100
|-status|p2a: Zamazenta|psn
|
|-heal|p2a: Zamazenta|58/100 psn|[from] Grassy Terrain
|-heal|p2a: Zamazenta|64/100 psn|[from] item: Leftovers
|-heal|p1a: Slowking|56/100 brn|[from] Grassy Terrain
|-damage|p2a: Zamazenta|52/100 psn|[from] psn
|-damage|p1a: Slowking|50/100 brn|[from] brn
|upkeep
|turn|29
|
|t:|1758336907
|move|p2a: Zamazenta|Crunch|p1a: Slowking
|-supereffective|p1a: Slowking
|-damage|p1a: Slowking|3/100 brn
|-prepare|p1a: Slowking|Chilly Reception|[premajor]
|move|p1a: Slowking|Chilly Reception|p1a: Slowking
|-weather|Snowscape
|
|t:|1758336909
|switch|p1a: Dragapult|Dragapult, M|37/100|[from] Chilly Reception
|
|-weather|Snowscape|[upkeep]
|-heal|p1a: Dragapult|43/100|[from] Grassy Terrain
|-heal|p1a: Dragapult|49/100|[from] item: Leftovers
|-heal|p2a: Zamazenta|58/100 psn|[from] Grassy Terrain
|-heal|p2a: Zamazenta|64/100 psn|[from] item: Leftovers
|-damage|p2a: Zamazenta|52/100 psn|[from] psn
|upkeep
|turn|30
|inactive|flygonisdragon has 120 seconds left.
|inactive|flygonisdragon has 90 seconds left.
|inactive|flygonisdragon has 60 seconds left.
|
|t:|1758336992
|move|p1a: Dragapult|Substitute|p1a: Dragapult
|-start|p1a: Dragapult|Substitute
|-damage|p1a: Dragapult|24/100
|move|p2a: Zamazenta|Crunch|p1a: Dragapult
|-supereffective|p1a: Dragapult
|-end|p1a: Dragapult|Substitute
|
|-weather|Snowscape|[upkeep]
|-heal|p1a: Dragapult|30/100|[from] Grassy Terrain
|-heal|p1a: Dragapult|36/100|[from] item: Leftovers
|-heal|p2a: Zamazenta|58/100 psn|[from] Grassy Terrain
|-heal|p2a: Zamazenta|64/100 psn|[from] item: Leftovers
|-damage|p2a: Zamazenta|52/100 psn|[from] psn
|upkeep
|turn|31
|
|t:|1758337000
|move|p1a: Dragapult|Hex|p2a: Zamazenta
|-damage|p2a: Zamazenta|14/100 psn
|move|p2a: Zamazenta|Crunch|p1a: Dragapult
|-supereffective|p1a: Dragapult
|-damage|p1a: Dragapult|0 fnt
|faint|p1a: Dragapult
|
|-weather|Snowscape|[upkeep]
|-heal|p2a: Zamazenta|20/100 psn|[from] Grassy Terrain
|-heal|p2a: Zamazenta|26/100 psn|[from] item: Leftovers
|-damage|p2a: Zamazenta|14/100 psn|[from] psn
|-fieldend|move: Grassy Terrain
|upkeep
|
|t:|1758337004
|switch|p1a: Zamazenta|Zamazenta|100/100
|-ability|p1a: Zamazenta|Dauntless Shield|boost
|-boost|p1a: Zamazenta|def|1
|turn|32
|
|t:|1758337010
|move|p2a: Zamazenta|Body Press|p1a: Zamazenta
|-damage|p1a: Zamazenta|68/100
|move|p1a: Zamazenta|Body Press|p2a: Zamazenta
|-damage|p2a: Zamazenta|0 fnt
|faint|p2a: Zamazenta
|
|-weather|Snowscape|[upkeep]
|-heal|p1a: Zamazenta|74/100|[from] item: Leftovers
|upkeep
|-message|flygonisdragon forfeited.
|
|win|DrAlphaStone
|raw|DrAlphaStone's rating: 1629 &rarr; <strong>1651</strong><br />(+22 for winning)
|raw|flygonisdragon's rating: 1663 &rarr; <strong>1641</strong><br />(-22 for losing)
|l|☆flygonisdragon
|player|p2|
|l|☆DrAlphaStone
|player|p1|
