|j|☆RizzlenDizzle
|j|☆LilSmoke445
|t:|1758255179
|gametype|singles
|player|p1|RizzlenDizzle|2|1329
|player|p2|LilSmoke445|alder|1334
|gen|9
|tier|[Gen 9] OU
|rated|
|rule|HP Percentage Mod: HP is shown in percentages
|rule|Endless Battle Clause: Forcing endless battles is banned
|rule|Species Clause: Limit one of each Pokémon
|rule|OHKO Clause: OHKO moves are banned
|rule|Evasion Items Clause: Evasion items are banned
|rule|Evasion Moves Clause: Evasion moves are banned
|rule|Evasion Abilities Clause: Evasion abilities are banned
|rule|Sleep Moves Clause: Sleep-inducing moves are banned
|clearpoke
|poke|p1|Moltres|
|poke|p1|Tornadus-Therian, M|
|poke|p1|Dragonite, M|
|poke|p1|Slowking-Galar, F|
|poke|p1|Toxapex, M|
|poke|p1|Great Tusk|
|poke|p2|Pecharunt|
|poke|p2|Ogerpon-Wellspring, F|
|poke|p2|Raging Bolt|
|poke|p2|Araquanid, F|
|poke|p2|Walking Wake|
|poke|p2|Pelipper, M|
|teampreview
|inactive|Battle timer is ON: inactive players will automatically lose when time's up. (requested by RizzlenDizzle)
|
|t:|1758255209
|teamsize|p1|6
|teamsize|p2|6
|start
|switch|p1a: Toxapex|Toxapex, M|100/100
|switch|p2a: Spyeder|Araquanid, F|100/100
|turn|1
|
|t:|1758255212
|move|p2a: Spyeder|Sticky Web|p1a: Toxapex
|-sidestart|p1: RizzlenDizzle|move: Sticky Web
|move|p1a: Toxapex|Toxic|p2a: Spyeder
|-status|p2a: Spyeder|tox
|
|-damage|p2a: Spyeder|94/100 tox|[from] psn
|upkeep
|turn|2
|
|t:|1758255222
|switch|p1a: Tornadus|Tornadus-Therian, M|100/100
|move|p2a: Spyeder|Surf|p1a: Tornadus
|-damage|p1a: Tornadus|58/100
|
|-damage|p2a: Spyeder|82/100 tox|[from] psn
|upkeep
|turn|3
|
|t:|1758255226
|switch|p1a: Slowking|Slowking-Galar, F|100/100
|-activate|p1a: Slowking|move: Sticky Web
|-unboost|p1a: Slowking|spe|1
|move|p2a: Spyeder|Surf|p1a: Slowking
|-damage|p1a: Slowking|65/100
|
|-damage|p2a: Spyeder|63/100 tox|[from] psn
|upkeep
|turn|4
|
|t:|1758255231
|switch|p1a: Toxapex|Toxapex, M|100/100
|-activate|p1a: Toxapex|move: Sticky Web
|-unboost|p1a: Toxapex|spe|1
|move|p2a: Spyeder|Surf|p1a: Toxapex
|-resisted|p1a: Toxapex
|-damage|p1a: Toxapex|74/100
|
|-damage|p2a: Spyeder|39/100 tox|[from] psn
|upkeep
|turn|5
|
|t:|1758255234
|move|p1a: Toxapex|Baneful Bunker|p1a: Toxapex
|-singleturn|p1a: Toxapex|move: Protect
|move|p2a: Spyeder|Endeavor|p1a: Toxapex
|-activate|p1a: Toxapex|move: Protect
|
|-damage|p2a: Spyeder|8/100 tox|[from] psn
|upkeep
|turn|6
|-enditem|p2a: Spyeder|Custap Berry|[eat]
|-activate|p2a: Spyeder|item: Custap Berry|[consumed]
|
|t:|1758255241
|switch|p1a: Tornadus|Tornadus-Therian, M|91/100
|move|p2a: Spyeder|Endeavor|p1a: Tornadus
|-damage|p1a: Tornadus|9/100
|
|-damage|p2a: Spyeder|0 fnt|[from] psn
|faint|p2a: Spyeder
|upkeep
|
|t:|1758255261
|switch|p2a: super dumb|Pelipper, M|100/100
|-weather|RainDance|[from] ability: Drizzle|[of] p2a: super dumb
|turn|7
|
|t:|1758255265
|switch|p1a: Toxapex|Toxapex, M|100/100
|-activate|p1a: Toxapex|move: Sticky Web
|-unboost|p1a: Toxapex|spe|1
|move|p2a: super dumb|U-turn|p1a: Toxapex
|-resisted|p1a: Toxapex
|-damage|p1a: Toxapex|97/100
|-damage|p2a: super dumb|84/100|[from] item: Rocky Helmet|[of] p1a: Toxapex
|
|t:|1758255269
|switch|p2a: Pomni|Ogerpon-Wellspring, F|100/100|[from] U-turn
|
|-weather|RainDance|[upkeep]
|upkeep
|turn|8
|
|t:|1758255271
|move|p2a: Pomni|Swords Dance|p2a: Pomni
|-boost|p2a: Pomni|atk|2
|move|p1a: Toxapex|Toxic|p2a: Pomni
|-status|p2a: Pomni|tox
|
|-weather|RainDance|[upkeep]
|-damage|p2a: Pomni|95/100 tox|[from] psn
|upkeep
|turn|9
|
|t:|1758255278
|-terastallize|p2a: Pomni|Water
|detailschange|p2a: Pomni|Ogerpon-Wellspring-Tera, F, tera:Water
|-ability|p2a: Pomni|Embody Aspect (Wellspring)|boost
|-boost|p2a: Pomni|spd|1
|move|p2a: Pomni|Ivy Cudgel|p1a: Toxapex|[anim] Ivy Cudgel Water
|-resisted|p1a: Toxapex
|-damage|p1a: Toxapex|7/100
|move|p1a: Toxapex|Ice Beam|p2a: Pomni
|-resisted|p2a: Pomni
|-damage|p2a: Pomni|87/100 tox
|
|-weather|RainDance|[upkeep]
|-damage|p2a: Pomni|75/100 tox|[from] psn
|upkeep
|turn|10
|
|t:|1758255286
|move|p1a: Toxapex|Baneful Bunker|p1a: Toxapex
|-singleturn|p1a: Toxapex|move: Protect
|move|p2a: Pomni|Swords Dance|p2a: Pomni
|-boost|p2a: Pomni|atk|2
|
|-weather|RainDance|[upkeep]
|-damage|p2a: Pomni|57/100 tox|[from] psn
|upkeep
|turn|11
|
|t:|1758255295
|switch|p1a: Tornadus|Tornadus-Therian, M|42/100
|move|p2a: Pomni|Ivy Cudgel|p1a: Tornadus|[anim] Ivy Cudgel Water
|-damage|p1a: Tornadus|0 fnt
|faint|p1a: Tornadus
|
|-weather|RainDance|[upkeep]
|-damage|p2a: Pomni|33/100 tox|[from] psn
|upkeep
|
|t:|1758255302
|switch|p1a: Great Tusk|Great Tusk|100/100
|turn|12
|
|t:|1758255312
|-end|p1a: Great Tusk|Protosynthesis|[silent]
|switch|p1a: Toxapex|Toxapex, M|40/100
|-activate|p1a: Toxapex|move: Sticky Web
|-unboost|p1a: Toxapex|spe|1
|move|p2a: Pomni|Ivy Cudgel|p1a: Toxapex|[anim] Ivy Cudgel Water
|-resisted|p1a: Toxapex
|-crit|p1a: Toxapex
|-damage|p1a: Toxapex|0 fnt
|faint|p1a: Toxapex
|
|-weather|RainDance|[upkeep]
|-damage|p2a: Pomni|3/100 tox|[from] psn
|upkeep
|
|t:|1758255327
|switch|p1a: Dragonite|Dragonite, M|100/100
|turn|13
|
|t:|1758255330
|move|p1a: Dragonite|Extreme Speed|p2a: Pomni
|-damage|p2a: Pomni|0 fnt
|faint|p2a: Pomni
|detailschange|p2: Pomni|Ogerpon-Wellspring, F|[silent]
|
|-weather|RainDance|[upkeep]
|upkeep
|
|t:|1758255337
|switch|p2a: Overseer|Pecharunt|100/100
|-item|p2a: Overseer|Air Balloon
|turn|14
|
|t:|1758255342
|switch|p1a: Great Tusk|Great Tusk|100/100
|move|p2a: Overseer|Malignant Chain|p1a: Great Tusk
|-resisted|p1a: Great Tusk
|-crit|p1a: Great Tusk
|-damage|p1a: Great Tusk|73/100
|-status|p1a: Great Tusk|tox
|-start|p1a: Great Tusk|confusion|[from] ability: Poison Puppeteer|[of] p2a: Overseer
|
|-weather|none
|-damage|p1a: Great Tusk|67/100 tox|[from] psn
|upkeep
|turn|15
|
|t:|1758255353
|switch|p2a: super dumb|Pelipper, M|84/100
|-weather|RainDance|[from] ability: Drizzle|[of] p2a: super dumb
|-end|p1a: Great Tusk|Protosynthesis|[silent]
|switch|p1a: Slowking|Slowking-Galar, F|98/100
|-activate|p1a: Slowking|move: Sticky Web
|-unboost|p1a: Slowking|spe|1
|
|-weather|RainDance|[upkeep]
|upkeep
|turn|16
|
|t:|1758255357
|move|p2a: super dumb|Knock Off|p1a: Slowking
|-supereffective|p1a: Slowking
|-damage|p1a: Slowking|76/100
|-enditem|p1a: Slowking|Assault Vest|[from] move: Knock Off|[of] p2a: super dumb
|move|p1a: Slowking|Psychic|p2a: super dumb
|-damage|p2a: super dumb|26/100
|
|-weather|RainDance|[upkeep]
|upkeep
|turn|17
|
|t:|1758255360
|move|p2a: super dumb|Hurricane|p1a: Slowking
|-damage|p1a: Slowking|40/100
|move|p1a: Slowking|Psychic|p2a: super dumb
|-damage|p2a: super dumb|0 fnt
|faint|p2a: super dumb
|
|-weather|RainDance|[upkeep]
|upkeep
|
|t:|1758255363
|switch|p2a: Clyde|Walking Wake|100/100
|turn|18
|
|t:|1758255369
|switch|p1a: Great Tusk|Great Tusk|67/100 tox
|move|p2a: Clyde|Dragon Pulse|p1a: Great Tusk
|-damage|p1a: Great Tusk|0 fnt
|faint|p1a: Great Tusk
|-end|p1a: Great Tusk|Protosynthesis|[silent]
|
|-weather|RainDance|[upkeep]
|upkeep
|
|t:|1758255373
|switch|p1a: Dragonite|Dragonite, M|100/100
|turn|19
|
|t:|1758255377
|-terastallize|p1a: Dragonite|Normal
|move|p2a: Clyde|Dragon Pulse|p1a: Dragonite
|-damage|p1a: Dragonite|69/100
|move|p1a: Dragonite|Dragon Dance|p1a: Dragonite
|-boost|p1a: Dragonite|atk|1
|-boost|p1a: Dragonite|spe|1
|
|-weather|RainDance|[upkeep]
|-heal|p1a: Dragonite|75/100|[from] item: Leftovers
|upkeep
|turn|20
|
|t:|1758255383
|move|p1a: Dragonite|Dragon Dance|p1a: Dragonite
|-boost|p1a: Dragonite|atk|1
|-boost|p1a: Dragonite|spe|1
|move|p2a: Clyde|Dragon Pulse|p1a: Dragonite
|-damage|p1a: Dragonite|5/100
|
|-weather|RainDance|[upkeep]
|-heal|p1a: Dragonite|11/100|[from] item: Leftovers
|upkeep
|turn|21
|
|t:|1758255386
|move|p1a: Dragonite|Dragon Claw|p2a: Clyde
|-supereffective|p2a: Clyde
|-damage|p2a: Clyde|0 fnt
|faint|p2a: Clyde
|-end|p2a: Clyde|Protosynthesis|[silent]
|
|-weather|RainDance|[upkeep]
|-heal|p1a: Dragonite|18/100|[from] item: Leftovers
|upkeep
|
|t:|1758255389
|switch|p2a: Overseer|Pecharunt|100/100
|-item|p2a: Overseer|Air Balloon
|turn|22
|
|t:|1758255400
|move|p1a: Dragonite|Dragon Claw|p2a: Overseer
|-damage|p2a: Overseer|60/100
|-enditem|p2a: Overseer|Air Balloon
|move|p2a: Overseer|Malignant Chain|p1a: Dragonite
|-damage|p1a: Dragonite|0 fnt
|faint|p1a: Dragonite
|
|-weather|none
|upkeep
|
|t:|1758255403
|switch|p1a: Slowking|Slowking-Galar, F|74/100
|-activate|p1a: Slowking|move: Sticky Web
|-unboost|p1a: Slowking|spe|1
|turn|23
|
|t:|1758255411
|switch|p1a: Moltres|Moltres|100/100
|move|p2a: Overseer|Recover|p2a: Overseer
|-heal|p2a: Overseer|100/100
|
|upkeep
|turn|24
|
|t:|1758255414
|move|p1a: Moltres|Scorching Sands|p2a: Overseer
|-supereffective|p2a: Overseer
|-damage|p2a: Overseer|60/100
|move|p2a: Overseer|Malignant Chain|p1a: Moltres
|-damage|p1a: Moltres|68/100
|
|upkeep
|turn|25
|
|t:|1758255416
|move|p1a: Moltres|Scorching Sands|p2a: Overseer
|-supereffective|p2a: Overseer
|-damage|p2a: Overseer|19/100
|-status|p2a: Overseer|brn
|move|p2a: Overseer|Recover|p2a: Overseer
|-heal|p2a: Overseer|69/100 brn
|
|-damage|p2a: Overseer|63/100 brn|[from] brn
|upkeep
|turn|26
|inactive|RizzlenDizzle has 120 seconds left.
|
|t:|1758255447
|move|p1a: Moltres|Flamethrower|p2a: Overseer
|-damage|p2a: Overseer|23/100 brn
|move|p2a: Overseer|Malignant Chain|p1a: Moltres
|-damage|p1a: Moltres|36/100
|-status|p1a: Moltres|tox
|-start|p1a: Moltres|confusion|[from] ability: Poison Puppeteer|[of] p2a: Overseer
|
|-damage|p1a: Moltres|29/100 tox|[from] psn
|-damage|p2a: Overseer|17/100 brn|[from] brn
|upkeep
|turn|27
|
|t:|1758255457
|-activate|p1a: Moltres|confusion
|-damage|p1a: Moltres|24/100 tox|[from] confusion
|move|p2a: Overseer|Recover|p2a: Overseer
|-heal|p2a: Overseer|67/100 brn
|
|-damage|p1a: Moltres|12/100 tox|[from] psn
|-damage|p2a: Overseer|61/100 brn|[from] brn
|upkeep
|turn|28
|
|t:|1758255459
|-activate|p1a: Moltres|confusion
|move|p1a: Moltres|Flamethrower|p2a: Overseer
|-damage|p2a: Overseer|25/100 brn
|move|p2a: Overseer|Recover|p2a: Overseer
|-heal|p2a: Overseer|75/100 brn
|
|-damage|p1a: Moltres|0 fnt|[from] psn
|faint|p1a: Moltres
|-damage|p2a: Overseer|69/100 brn|[from] brn
|upkeep
|
|t:|1758255462
|switch|p1a: Slowking|Slowking-Galar, F|100/100
|-activate|p1a: Slowking|move: Sticky Web
|-unboost|p1a: Slowking|spe|1
|turn|29
|
|t:|1758255467
|move|p2a: Overseer|Hex|p1a: Slowking
|-supereffective|p1a: Slowking
|-damage|p1a: Slowking|62/100
|move|p1a: Slowking|Psychic|p2a: Overseer
|-supereffective|p2a: Overseer
|-damage|p2a: Overseer|0 fnt
|faint|p2a: Overseer
|
|upkeep
|
|t:|1758255469
|switch|p2a: Pylon|Raging Bolt|100/100
|-enditem|p2a: Pylon|Booster Energy
|-activate|p2a: Pylon|ability: Protosynthesis|[fromitem]
|-start|p2a: Pylon|protosynthesisspa
|turn|30
|
|t:|1758255472
|move|p2a: Pylon|Dragon Pulse|p1a: Slowking
|-crit|p1a: Slowking
|-damage|p1a: Slowking|0 fnt
|faint|p1a: Slowking
|
|win|LilSmoke445
|raw|RizzlenDizzle's rating: 1329 &rarr; <strong>1309</strong><br />(-20 for losing)
|raw|LilSmoke445's rating: 1334 &rarr; <strong>1354</strong><br />(+20 for winning)
|l|☆LilSmoke445
|player|p2|
|l|☆RizzlenDizzle
|player|p1|
