|j|☆Volga123
|j|☆bigbenjen
|t:|1758289067
|gametype|singles
|player|p1|Volga123|cynthia|1415
|player|p2|bigbenjen|brycenman|1470
|gen|9
|tier|[Gen 9] OU
|rated|
|rule|HP Percentage Mod: HP is shown in percentages
|rule|Endless Battle Clause: Forcing endless battles is banned
|rule|Species Clause: Limit one of each Pokémon
|rule|OHKO Clause: OHKO moves are banned
|rule|Evasion Items Clause: Evasion items are banned
|rule|Evasion Moves Clause: Evasion moves are banned
|rule|Evasion Abilities Clause: Evasion abilities are banned
|rule|Sleep Moves Clause: Sleep-inducing moves are banned
|clearpoke
|poke|p1|Torkoal, F|
|poke|p1|Scovillain, F|
|poke|p1|Walking Wake|
|poke|p1|Arcanine-Hisui, M|
|poke|p1|Great Tusk|
|poke|p1|Grimmsnarl, M|
|poke|p2|Kingambit, F|
|poke|p2|Fezandipiti, M|
|poke|p2|Landorus-Therian, M|
|poke|p2|Raging Bolt|
|poke|p2|Scizor, M|
|poke|p2|Primarina, F|
|teampreview
|
|t:|1758289085
|teamsize|p1|6
|teamsize|p2|6
|start
|switch|p1a: Great Tusk|Great Tusk|100/100
|switch|p2a: Raging Bolt|Raging Bolt|100/100
|turn|1
|
|t:|1758289093
|-end|p2a: Raging Bolt|Protosynthesis|[silent]
|switch|p2a: Primarina|Primarina, F|100/100
|move|p1a: Great Tusk|Knock Off|p2a: Primarina
|-resisted|p2a: Primarina
|-damage|p2a: Primarina|74/100
|-enditem|p2a: Primarina|Heavy-Duty Boots|[from] move: Knock Off|[of] p1a: Great Tusk
|
|upkeep
|turn|2
|
|t:|1758289104
|-end|p1a: Great Tusk|Protosynthesis|[silent]
|switch|p1a: Torkoal|Torkoal, F|100/100
|-weather|SunnyDay|[from] ability: Drought|[of] p1a: Torkoal
|move|p2a: Primarina|Flip Turn|p1a: Torkoal
|-supereffective|p1a: Torkoal
|-damage|p1a: Torkoal|94/100
|
|t:|1758289113
|switch|p2a: Raging Bolt|Raging Bolt|100/100|[from] Flip Turn
|-activate|p2a: Raging Bolt|ability: Protosynthesis
|-start|p2a: Raging Bolt|protosynthesisspa
|
|-weather|SunnyDay|[upkeep]
|upkeep
|turn|3
|
|t:|1758289122
|switch|p1a: Grimmsnarl|Grimmsnarl, M|100/100
|move|p2a: Raging Bolt|Volt Switch|p1a: Grimmsnarl
|-damage|p1a: Grimmsnarl|43/100
|
|t:|1758289126
|-end|p2a: Raging Bolt|Protosynthesis|[silent]
|switch|p2a: Kingambit|Kingambit, F|100/100|[from] Volt Switch
|
|-weather|SunnyDay|[upkeep]
|upkeep
|turn|4
|
|t:|1758289130
|move|p1a: Grimmsnarl|Reflect|p1a: Grimmsnarl
|-sidestart|p1: Volga123|Reflect
|move|p2a: Kingambit|Iron Head|p1a: Grimmsnarl
|-supereffective|p1a: Grimmsnarl
|-damage|p1a: Grimmsnarl|0 fnt
|faint|p1a: Grimmsnarl
|
|-weather|SunnyDay|[upkeep]
|upkeep
|
|t:|1758289135
|switch|p1a: Scovillain|Scovillain, F|100/100
|turn|5
|
|t:|1758289139
|-end|p2a: Kingambit|fallenundefined|[silent]
|switch|p2a: Raging Bolt|Raging Bolt|100/100
|-activate|p2a: Raging Bolt|ability: Protosynthesis
|-start|p2a: Raging Bolt|protosynthesisspa
|move|p1a: Scovillain|Fire Blast|p2a: Raging Bolt
|-resisted|p2a: Raging Bolt
|-damage|p2a: Raging Bolt|53/100
|-damage|p1a: Scovillain|91/100|[from] item: Life Orb
|
|-weather|SunnyDay|[upkeep]
|upkeep
|turn|6
|
|t:|1758289146
|-terastallize|p1a: Scovillain|Fire
|move|p1a: Scovillain|Fire Blast|p2a: Raging Bolt
|-resisted|p2a: Raging Bolt
|-damage|p2a: Raging Bolt|0 fnt
|faint|p2a: Raging Bolt
|-end|p2a: Raging Bolt|Protosynthesis|[silent]
|-damage|p1a: Scovillain|81/100|[from] item: Life Orb
|
|-weather|SunnyDay|[upkeep]
|upkeep
|
|t:|1758289158
|switch|p2a: Fezandipiti|Fezandipiti, M|100/100
|turn|7
|
|t:|1758289160
|move|p1a: Scovillain|Fire Blast|p2a: Fezandipiti
|-damage|p2a: Fezandipiti|2/100
|-damage|p1a: Scovillain|71/100|[from] item: Life Orb
|move|p2a: Fezandipiti|Roost|p2a: Fezandipiti
|-heal|p2a: Fezandipiti|52/100
|-singleturn|p2a: Fezandipiti|move: Roost
|
|-weather|SunnyDay|[upkeep]
|-heal|p2a: Fezandipiti|58/100|[from] item: Leftovers
|upkeep
|turn|8
|
|t:|1758289166
|move|p1a: Scovillain|Fire Blast|p2a: Fezandipiti
|-damage|p2a: Fezandipiti|0 fnt
|faint|p2a: Fezandipiti
|-damage|p1a: Scovillain|61/100|[from] item: Life Orb
|
|-weather|SunnyDay|[upkeep]
|upkeep
|
|t:|1758289180
|switch|p2a: Scizor|Scizor, M|100/100
|turn|9
|
|t:|1758289188
|move|p2a: Scizor|Bullet Punch|p1a: Scovillain
|-resisted|p1a: Scovillain
|-damage|p1a: Scovillain|47/100
|move|p1a: Scovillain|Fire Blast|p2a: Scizor
|-supereffective|p2a: Scizor
|-damage|p2a: Scizor|0 fnt
|faint|p2a: Scizor
|-damage|p1a: Scovillain|37/100|[from] item: Life Orb
|
|-weather|none
|upkeep
|
|t:|1758289193
|switch|p2a: Landorus|Landorus-Therian, M|100/100
|-ability|p2a: Landorus|Intimidate|boost
|-unboost|p1a: Scovillain|atk|1
|turn|10
|
|t:|1758289196
|switch|p1a: Torkoal|Torkoal, F|94/100
|-weather|SunnyDay|[from] ability: Drought|[of] p1a: Torkoal
|move|p2a: Landorus|Earthquake|p1a: Torkoal
|-supereffective|p1a: Torkoal
|-damage|p1a: Torkoal|63/100
|
|-weather|SunnyDay|[upkeep]
|upkeep
|turn|11
|
|t:|1758289203
|move|p2a: Landorus|Earthquake|p1a: Torkoal
|-supereffective|p1a: Torkoal
|-damage|p1a: Torkoal|32/100
|move|p1a: Torkoal|Stealth Rock|p2a: Landorus
|-sidestart|p2: bigbenjen|move: Stealth Rock
|
|-weather|SunnyDay|[upkeep]
|-sideend|p1: Volga123|Reflect
|upkeep
|turn|12
|inactive|Battle timer is ON: inactive players will automatically lose when time's up. (requested by bigbenjen)
|
|t:|1758289206
|move|p2a: Landorus|Earthquake|p1a: Torkoal
|-supereffective|p1a: Torkoal
|-damage|p1a: Torkoal|0 fnt
|faint|p1a: Torkoal
|
|-weather|SunnyDay|[upkeep]
|upkeep
|
|t:|1758289210
|switch|p1a: Walking Wake|Walking Wake|100/100
|-activate|p1a: Walking Wake|ability: Protosynthesis
|-start|p1a: Walking Wake|protosynthesisspe
|turn|13
|
|t:|1758289219
|-end|p1a: Walking Wake|Protosynthesis|[silent]
|switch|p1a: Great Tusk|Great Tusk|100/100
|-activate|p1a: Great Tusk|ability: Protosynthesis
|-start|p1a: Great Tusk|protosynthesisatk
|move|p2a: Landorus|Earthquake|p1a: Great Tusk
|-damage|p1a: Great Tusk|67/100
|
|-weather|SunnyDay|[upkeep]
|-heal|p1a: Great Tusk|73/100|[from] item: Leftovers
|upkeep
|turn|14
|
|t:|1758289224
|move|p2a: Landorus|Earthquake|p1a: Great Tusk
|-damage|p1a: Great Tusk|39/100
|move|p1a: Great Tusk|Ice Spinner|p2a: Landorus
|-supereffective|p2a: Landorus
|-damage|p2a: Landorus|0 fnt
|faint|p2a: Landorus
|
|-weather|SunnyDay|[upkeep]
|-heal|p1a: Great Tusk|46/100|[from] item: Leftovers
|upkeep
|
|t:|1758289227
|switch|p2a: Primarina|Primarina, F|74/100
|-damage|p2a: Primarina|62/100|[from] Stealth Rock
|turn|15
|
|t:|1758289231
|move|p2a: Primarina|Moonblast|p1a: Great Tusk
|-supereffective|p1a: Great Tusk
|-damage|p1a: Great Tusk|0 fnt
|faint|p1a: Great Tusk
|-end|p1a: Great Tusk|Protosynthesis|[silent]
|
|-weather|SunnyDay|[upkeep]
|upkeep
|
|t:|1758289235
|switch|p1a: Arcanine|Arcanine-Hisui, M|100/100
|turn|16
|
|t:|1758289239
|move|p1a: Arcanine|Flare Blitz|p2a: Primarina
|-resisted|p2a: Primarina
|-damage|p2a: Primarina|0 fnt
|faint|p2a: Primarina
|-damage|p1a: Arcanine|91/100|[from] item: Life Orb
|
|-weather|SunnyDay|[upkeep]
|upkeep
|
|t:|1758289241
|switch|p2a: Kingambit|Kingambit, F|100/100
|-damage|p2a: Kingambit|94/100|[from] Stealth Rock
|-activate|p2a: Kingambit|ability: Supreme Overlord
|-start|p2a: Kingambit|fallen5|[silent]
|turn|17
|
|t:|1758289244
|-terastallize|p2a: Kingambit|Dark
|move|p2a: Kingambit|Sucker Punch|p1a: Arcanine
|-damage|p1a: Arcanine|0 fnt
|faint|p1a: Arcanine
|
|-weather|none
|upkeep
|
|t:|1758289250
|switch|p1a: Scovillain|Scovillain, F, tera:Fire|37/100
|turn|18
|
|t:|1758289252
|move|p2a: Kingambit|Sucker Punch||[still]
|-fail|p2a: Kingambit
|move|p1a: Scovillain|Will-O-Wisp|p2a: Kingambit
|-status|p2a: Kingambit|brn
|
|-damage|p2a: Kingambit|88/100 brn|[from] brn
|upkeep
|turn|19
|
|t:|1758289256
|move|p2a: Kingambit|Sucker Punch||[still]
|-fail|p2a: Kingambit
|move|p1a: Scovillain|Leech Seed|p2a: Kingambit
|-start|p2a: Kingambit|move: Leech Seed
|
|-damage|p2a: Kingambit|76/100 brn|[from] Leech Seed|[of] p1a: Scovillain
|-heal|p1a: Scovillain|54/100|[silent]
|-damage|p2a: Kingambit|70/100 brn|[from] brn
|upkeep
|turn|20
|
|t:|1758289259
|move|p1a: Scovillain|Fire Blast|p2a: Kingambit
|-damage|p2a: Kingambit|0 fnt
|faint|p2a: Kingambit
|-end|p2a: Kingambit|fallen5|[silent]
|-damage|p1a: Scovillain|44/100|[from] item: Life Orb
|
|win|Volga123
|raw|Volga123's rating: 1415 &rarr; <strong>1438</strong><br />(+23 for winning)
|raw|bigbenjen's rating: 1470 &rarr; <strong>1447</strong><br />(-23 for losing)
|l|☆bigbenjen
|player|p2|
|l|☆Volga123
|player|p1|
