|badge|p1|bronze|gen9ou|100-6
|uhtml|medal-msg|<div class="broadcast-blue">Curious what those medals under the avatar are? PS now has Ladder Seasons! For more information, check out the <a href="https://www.smogon.com/forums/threads/3740067/">thread on Smogon.</a></div>
|j|☆Mr Tpen
|j|☆alt1234567
|t:|1758318548
|gametype|singles
|player|p1|Mr Tpen|169|1790
|player|p2|alt1234567|102|1742
|gen|9
|tier|[Gen 9] OU
|rated|
|rule|HP Percentage Mod: HP is shown in percentages
|rule|Endless Battle Clause: Forcing endless battles is banned
|rule|Species Clause: Limit one of each Pokémon
|rule|OHKO Clause: OHKO moves are banned
|rule|Evasion Items Clause: Evasion items are banned
|rule|Evasion Moves Clause: Evasion moves are banned
|rule|Evasion Abilities Clause: Evasion abilities are banned
|rule|Sleep Moves Clause: Sleep-inducing moves are banned
|clearpoke
|poke|p1|Enamorus, F|
|poke|p1|Kyurem|
|poke|p1|Landorus-Therian, M|
|poke|p1|Kingambit, F|
|poke|p1|Ogerpon-Wellspring, F|
|poke|p1|Glimmora, F|
|poke|p2|Ribombee, M|
|poke|p2|Gholdengo|
|poke|p2|Kingambit, F|
|poke|p2|Great Tusk|
|poke|p2|Enamorus, F|
|poke|p2|Landorus-Therian, M|
|teampreview
|inactive|Battle timer is ON: inactive players will automatically lose when time's up. (requested by alt1234567)
|
|t:|1758318602
|teamsize|p1|6
|teamsize|p2|6
|start
|switch|p1a: Kyurem|Kyurem|100/100
|switch|p2a: Mosquito|Ribombee, M|100/100
|-ability|p1a: Kyurem|Pressure
|turn|1
|
|t:|1758318604
|move|p1a: Kyurem|Ice Beam|p2a: Mosquito
|-damage|p2a: Mosquito|11/100
|move|p2a: Mosquito|Sticky Web|p1a: Kyurem
|-sidestart|p1: Mr Tpen|move: Sticky Web
|
|upkeep
|turn|2
|inactive|alt1234567 has 120 seconds left.
|
|t:|1758318642
|switch|p1a: Landorus|Landorus-Therian, M|100/100
|-ability|p1a: Landorus|Intimidate|boost
|-unboost|p2a: Mosquito|atk|1
|switch|p2a: Gholdengo|Gholdengo|100/100
|-item|p2a: Gholdengo|Air Balloon
|
|upkeep
|turn|3
|inactive|alt1234567 has 120 seconds left.
|
|t:|1758318648
|move|p1a: Landorus|Smack Down|p2a: Gholdengo
|-resisted|p2a: Gholdengo
|-damage|p2a: Gholdengo|91/100
|-enditem|p2a: Gholdengo|Air Balloon
|move|p2a: Gholdengo|Make It Rain|p1a: Landorus
|-damage|p1a: Landorus|31/100
|-unboost|p2a: Gholdengo|spa|1
|
|upkeep
|turn|4
|
|t:|1758318655
|switch|p2a: Enamorus|Enamorus, F|100/100
|move|p1a: Landorus|Stealth Rock|p2a: Enamorus
|-sidestart|p2: alt1234567|move: Stealth Rock
|
|upkeep
|turn|5
|
|t:|1758318660
|move|p2a: Enamorus|Moonblast|p1a: Landorus
|-damage|p1a: Landorus|0 fnt
|faint|p1a: Landorus
|
|upkeep
|
|t:|1758318661
|switch|p1a: Glimmora|Glimmora, F|100/100
|-activate|p1a: Glimmora|move: Sticky Web
|-unboost|p1a: Glimmora|spe|1
|turn|6
|
|t:|1758318666
|switch|p2a: Gholdengo|Gholdengo|91/100
|-damage|p2a: Gholdengo|85/100|[from] Stealth Rock
|move|p1a: Glimmora|Earth Power|p2a: Gholdengo
|-supereffective|p2a: Gholdengo
|-damage|p2a: Gholdengo|29/100
|
|upkeep
|turn|7
|
|t:|1758318672
|-terastallize|p1a: Glimmora|Ghost
|move|p2a: Gholdengo|Make It Rain|p1a: Glimmora
|-damage|p1a: Glimmora|18/100
|-unboost|p2a: Gholdengo|spa|1
|-enditem|p1a: Glimmora|Red Card|[of] p2a: Gholdengo
|drag|p2a: Kingambit|Kingambit, F|100/100
|-damage|p2a: Kingambit|94/100|[from] Stealth Rock
|move|p1a: Glimmora|Mortal Spin|p2a: Kingambit
|-immune|p2a: Kingambit
|
|upkeep
|turn|8
|
|t:|1758318690
|move|p2a: Kingambit|Kowtow Cleave|p1a: Glimmora
|-supereffective|p1a: Glimmora
|-damage|p1a: Glimmora|0 fnt
|-activate|p1a: Glimmora|ability: Toxic Debris
|-sidestart|p2: alt1234567|move: Toxic Spikes
|faint|p1a: Glimmora
|
|upkeep
|
|t:|1758318692
|switch|p1a: Enamorus|Enamorus, F|100/100
|turn|9
|
|t:|1758318696
|-end|p2a: Kingambit|fallenundefined|[silent]
|switch|p2a: Mosquito|Ribombee, M|11/100
|-damage|p2a: Mosquito|0 fnt|[from] Stealth Rock
|faint|p2a: Mosquito
|move|p1a: Enamorus|Superpower|p2: Mosquito|[notarget]
|-fail|p1a: Enamorus
|
|upkeep
|
|t:|1758318709
|switch|p2a: Enamorus|Enamorus, F|100/100
|-damage|p2a: Enamorus|76/100|[from] Stealth Rock
|turn|10
|
|t:|1758318713
|move|p1a: Enamorus|Moonblast|p2a: Enamorus
|-damage|p2a: Enamorus|0 fnt
|faint|p2a: Enamorus
|
|upkeep
|
|t:|1758318719
|switch|p2a: Landorus|Landorus-Therian, M|100/100
|-damage|p2a: Landorus|88/100|[from] Stealth Rock
|-ability|p2a: Landorus|Intimidate|boost
|-boost|p1a: Enamorus|atk|1
|turn|11
|
|t:|1758318726
|switch|p1a: Ogerpon|Ogerpon-Wellspring, F|100/100
|-activate|p1a: Ogerpon|move: Sticky Web
|-unboost|p1a: Ogerpon|spe|1
|-terastallize|p2a: Landorus|Flying
|move|p2a: Landorus|Tera Blast|p1a: Ogerpon|[anim] Tera Blast Flying
|-supereffective|p1a: Ogerpon
|-damage|p1a: Ogerpon|0 fnt
|faint|p1a: Ogerpon
|
|upkeep
|
|t:|1758318731
|switch|p1a: Kyurem|Kyurem|100/100
|-activate|p1a: Kyurem|move: Sticky Web
|-unboost|p1a: Kyurem|spe|1
|-ability|p1a: Kyurem|Pressure
|turn|12
|
|t:|1758318737
|switch|p2a: Gholdengo|Gholdengo|29/100
|-damage|p2a: Gholdengo|23/100|[from] Stealth Rock
|move|p1a: Kyurem|Earth Power|p2a: Gholdengo
|-supereffective|p2a: Gholdengo
|-damage|p2a: Gholdengo|0 fnt
|faint|p2a: Gholdengo
|
|upkeep
|
|t:|1758318743
|switch|p2a: Landorus|Landorus-Therian, M, tera:Flying|88/100
|-damage|p2a: Landorus|64/100|[from] Stealth Rock
|-ability|p2a: Landorus|Intimidate|boost
|-unboost|p1a: Kyurem|atk|1
|turn|13
|
|t:|1758318749
|switch|p1a: Kingambit|Kingambit, F|100/100
|-activate|p1a: Kingambit|ability: Supreme Overlord
|-start|p1a: Kingambit|fallen3|[silent]
|-item|p1a: Kingambit|Air Balloon
|move|p2a: Landorus|Tera Blast|p1a: Kingambit|[anim] Tera Blast Flying
|-resisted|p1a: Kingambit
|-damage|p1a: Kingambit|54/100
|-enditem|p1a: Kingambit|Air Balloon
|
|upkeep
|turn|14
|
|t:|1758318755
|switch|p2a: Great Tusk|Great Tusk|100/100
|-damage|p2a: Great Tusk|98/100|[from] Stealth Rock
|-status|p2a: Great Tusk|psn
|-enditem|p2a: Great Tusk|Booster Energy
|-activate|p2a: Great Tusk|ability: Protosynthesis|[fromitem]
|-start|p2a: Great Tusk|protosynthesisatk
|move|p1a: Kingambit|Iron Head|p2a: Great Tusk
|-damage|p2a: Great Tusk|60/100 psn
|
|-damage|p2a: Great Tusk|47/100 psn|[from] psn
|upkeep
|turn|15
|
|t:|1758318761
|move|p2a: Great Tusk|Rapid Spin|p1a: Kingambit
|-resisted|p1a: Kingambit
|-damage|p1a: Kingambit|43/100
|-boost|p2a: Great Tusk|spe|1
|-sideend|p2: alt1234567|Toxic Spikes|[from] move: Rapid Spin|[of] p2a: Great Tusk
|-sideend|p2: alt1234567|Stealth Rock|[from] move: Rapid Spin|[of] p2a: Great Tusk
|move|p1a: Kingambit|Iron Head|p2a: Great Tusk
|-damage|p2a: Great Tusk|7/100 psn
|
|-damage|p2a: Great Tusk|0 fnt|[from] psn
|faint|p2a: Great Tusk
|-end|p2a: Great Tusk|Protosynthesis|[silent]
|upkeep
|
|t:|1758318771
|switch|p2a: Landorus|Landorus-Therian, M, tera:Flying|64/100
|-ability|p2a: Landorus|Intimidate|boost
|-unboost|p1a: Kingambit|atk|1
|turn|16
|
|t:|1758318776
|move|p1a: Kingambit|Sucker Punch|p2a: Landorus
|-damage|p2a: Landorus|22/100
|move|p2a: Landorus|Tera Blast|p1a: Kingambit|[anim] Tera Blast Flying
|-resisted|p1a: Kingambit
|-damage|p1a: Kingambit|0 fnt
|faint|p1a: Kingambit
|-end|p1a: Kingambit|fallen3|[silent]
|
|upkeep
|
|t:|1758318780
|switch|p1a: Kyurem|Kyurem|100/100
|-activate|p1a: Kyurem|move: Sticky Web
|-unboost|p1a: Kyurem|spe|1
|-ability|p1a: Kyurem|Pressure
|turn|17
|
|t:|1758318784
|switch|p2a: Kingambit|Kingambit, F|94/100
|-activate|p2a: Kingambit|ability: Supreme Overlord
|-start|p2a: Kingambit|fallen4|[silent]
|move|p1a: Kyurem|Ice Beam|p2a: Kingambit
|-resisted|p2a: Kingambit
|-damage|p2a: Kingambit|65/100
|
|upkeep
|turn|18
|
|t:|1758318799
|move|p1a: Kyurem|Ice Beam|p2a: Kingambit
|-resisted|p2a: Kingambit
|-damage|p2a: Kingambit|36/100
|move|p2a: Kingambit|Swords Dance|p2a: Kingambit
|-boost|p2a: Kingambit|atk|2
|
|upkeep
|turn|19
|
|t:|1758318813
|move|p1a: Kyurem|Ice Beam|p2a: Kingambit
|-resisted|p2a: Kingambit
|-damage|p2a: Kingambit|8/100
|move|p2a: Kingambit|Kowtow Cleave|p1a: Kyurem
|-damage|p1a: Kyurem|0 fnt
|faint|p1a: Kyurem
|
|upkeep
|
|t:|1758318815
|switch|p1a: Enamorus|Enamorus, F|100/100
|turn|20
|
|t:|1758318818
|move|p2a: Kingambit|Sucker Punch|p1a: Enamorus
|-resisted|p1a: Enamorus
|-damage|p1a: Enamorus|0 fnt
|faint|p1a: Enamorus
|
|win|alt1234567
|raw|Mr Tpen's rating: 1790 &rarr; <strong>1767</strong><br />(-23 for losing)
|raw|alt1234567's rating: 1742 &rarr; <strong>1765</strong><br />(+23 for winning)
|l|☆alt1234567
|player|p2|
|l|☆Mr Tpen
|player|p1|
