|j|☆RK Earth 9000
|j|☆FriedAstronauts
|t:|1758305576
|gametype|singles
|player|p1|RK Earth 9000|volkner|1113
|player|p2|FriedAstronauts|marlon|1140
|gen|9
|tier|[Gen 9] OU
|rated|
|rule|HP Percentage Mod: HP is shown in percentages
|rule|Endless Battle Clause: Forcing endless battles is banned
|rule|Species Clause: Limit one of each Pokémon
|rule|OHKO Clause: OHKO moves are banned
|rule|Evasion Items Clause: Evasion items are banned
|rule|Evasion Moves Clause: Evasion moves are banned
|rule|Evasion Abilities Clause: Evasion abilities are banned
|rule|Sleep Moves Clause: Sleep-inducing moves are banned
|clearpoke
|poke|p1|Smeargle, F|
|poke|p1|Iron Boulder|
|poke|p1|Houndoom, F|
|poke|p1|Landorus-Therian, M|
|poke|p1|Salazzle, F|
|poke|p1|Hitmontop, M|
|poke|p2|Araquanid, F|
|poke|p2|Scizor, M|
|poke|p2|Kleavor, M|
|poke|p2|Vespiquen, F|
|poke|p2|Galvantula, F|
|poke|p2|Ribombee, M|
|teampreview
|
|t:|1758305588
|teamsize|p1|6
|teamsize|p2|6
|start
|switch|p1a: Salazzle|Salazzle, F, shiny|100/100
|switch|p2a: Ribombee|Ribombee, M|100/100
|turn|1
|
|t:|1758305596
|move|p1a: Salazzle|Substitute|p1a: Salazzle
|-start|p1a: Salazzle|Substitute
|-damage|p1a: Salazzle|76/100
|move|p2a: Ribombee|Quiver Dance|p2a: Ribombee
|-boost|p2a: Ribombee|spa|1
|-boost|p2a: Ribombee|spd|1
|-boost|p2a: Ribombee|spe|1
|
|-heal|p1a: Salazzle|82/100|[from] item: Leftovers
|upkeep
|turn|2
|
|t:|1758305605
|move|p2a: Ribombee|Stored Power|p1a: Salazzle
|-supereffective|p1a: Salazzle
|-end|p1a: Salazzle|Substitute
|-damage|p2a: Ribombee|91/100|[from] item: Life Orb
|move|p1a: Salazzle|Toxic|p2a: Ribombee
|-status|p2a: Ribombee|tox
|
|-heal|p1a: Salazzle|88/100|[from] item: Leftovers
|-damage|p2a: Ribombee|84/100 tox|[from] psn
|upkeep
|turn|3
|
|t:|1758305616
|switch|p1a: Houndoom|Houndoom, F, shiny|100/100
|move|p2a: Ribombee|Quiver Dance|p2a: Ribombee
|-boost|p2a: Ribombee|spa|1
|-boost|p2a: Ribombee|spd|1
|-boost|p2a: Ribombee|spe|1
|
|-damage|p2a: Ribombee|72/100 tox|[from] psn
|upkeep
|turn|4
|inactive|Battle timer is ON: inactive players will automatically lose when time's up. (requested by FriedAstronauts)
|
|t:|1758305649
|-terastallize|p1a: Houndoom|Grass
|move|p2a: Ribombee|Bug Buzz|p1a: Houndoom
|-supereffective|p1a: Houndoom
|-damage|p1a: Houndoom|0 fnt
|faint|p1a: Houndoom
|-damage|p2a: Ribombee|62/100 tox|[from] item: Life Orb
|
|-damage|p2a: Ribombee|44/100 tox|[from] psn
|upkeep
|
|t:|1758305659
|switch|p1a: Hitmontop|Hitmontop, M, shiny|100/100
|turn|5
|
|t:|1758305662
|move|p1a: Hitmontop|Fake Out|p2a: Ribombee
|-damage|p2a: Ribombee|8/100 tox
|move|p2a: Ribombee|Draining Kiss|p1a: Hitmontop
|-supereffective|p1a: Hitmontop
|-damage|p1a: Hitmontop|4/100
|-heal|p2a: Ribombee|80/100 tox|[from] drain|[of] p1a: Hitmontop
|-damage|p2a: Ribombee|70/100 tox|[from] item: Life Orb
|
|-damage|p2a: Ribombee|46/100 tox|[from] psn
|upkeep
|turn|6
|
|t:|1758305673
|switch|p1a: Salazzle|Salazzle, F, shiny|88/100
|move|p2a: Ribombee|Draining Kiss|p1a: Salazzle
|-resisted|p1a: Salazzle
|-damage|p1a: Salazzle|59/100
|-heal|p2a: Ribombee|68/100 tox|[from] drain|[of] p1a: Salazzle
|-damage|p2a: Ribombee|58/100 tox|[from] item: Life Orb
|
|-heal|p1a: Salazzle|66/100|[from] item: Leftovers
|-damage|p2a: Ribombee|28/100 tox|[from] psn
|upkeep
|turn|7
|
|t:|1758305686
|move|p2a: Ribombee|Stored Power|p1a: Salazzle
|-supereffective|p1a: Salazzle
|-crit|p1a: Salazzle
|-damage|p1a: Salazzle|0 fnt
|faint|p1a: Salazzle
|-damage|p2a: Ribombee|18/100 tox|[from] item: Life Orb
|
|-damage|p2a: Ribombee|0 fnt|[from] psn
|faint|p2a: Ribombee
|upkeep
|
|t:|1758305698
|switch|p1a: Iron Boulder|Iron Boulder|100/100
|switch|p2a: Araquanid|Araquanid, F|100/100
|-enditem|p1a: Iron Boulder|Booster Energy
|-activate|p1a: Iron Boulder|ability: Quark Drive|[fromitem]
|-start|p1a: Iron Boulder|quarkdrivespe
|turn|8
|
|t:|1758305707
|move|p1a: Iron Boulder|Mighty Cleave|p2a: Araquanid
|-supereffective|p2a: Araquanid
|-enditem|p2a: Araquanid|Focus Sash
|-damage|p2a: Araquanid|1/100
|move|p2a: Araquanid|Sticky Web|p1a: Iron Boulder
|-sidestart|p1: RK Earth 9000|move: Sticky Web
|
|upkeep
|turn|9
|
|t:|1758305715
|move|p1a: Iron Boulder|Psycho Cut|p2a: Araquanid
|-damage|p2a: Araquanid|0 fnt
|faint|p2a: Araquanid
|
|upkeep
|
|t:|1758305726
|switch|p2a: Kleavor|Kleavor, M|100/100
|turn|10
|
|t:|1758305729
|move|p1a: Iron Boulder|Mighty Cleave|p2a: Kleavor
|-supereffective|p2a: Kleavor
|-damage|p2a: Kleavor|0 fnt
|faint|p2a: Kleavor
|
|upkeep
|
|t:|1758305735
|switch|p2a: Galvantula|Galvantula, F|100/100
|turn|11
|
|t:|1758305740
|move|p1a: Iron Boulder|Mighty Cleave|p2a: Galvantula
|-supereffective|p2a: Galvantula
|-damage|p2a: Galvantula|0 fnt
|faint|p2a: Galvantula
|
|upkeep
|
|t:|1758305744
|switch|p2a: Scizor|Scizor, M|100/100
|turn|12
|
|t:|1758305751
|move|p1a: Iron Boulder|Mighty Cleave|p2a: Scizor
|-damage|p2a: Scizor|56/100
|move|p2a: Scizor|Trailblaze|p1a: Iron Boulder
|-supereffective|p1a: Iron Boulder
|-damage|p1a: Iron Boulder|2/100
|-boost|p2a: Scizor|spe|1
|-damage|p2a: Scizor|46/100|[from] item: Life Orb
|
|upkeep
|turn|13
|
|t:|1758305761
|move|p2a: Scizor|Bullet Punch|p1a: Iron Boulder
|-supereffective|p1a: Iron Boulder
|-damage|p1a: Iron Boulder|0 fnt
|faint|p1a: Iron Boulder
|-end|p1a: Iron Boulder|Quark Drive|[silent]
|-damage|p2a: Scizor|36/100|[from] item: Life Orb
|
|upkeep
|
|t:|1758305767
|switch|p1a: Smeargle|Smeargle, F, shiny|100/100
|-activate|p1a: Smeargle|move: Sticky Web
|-unboost|p1a: Smeargle|spe|1
|turn|14
|
|t:|1758305777
|move|p2a: Scizor|Close Combat|p1a: Smeargle
|-supereffective|p1a: Smeargle
|-damage|p1a: Smeargle|0 fnt
|-unboost|p2a: Scizor|def|1
|-unboost|p2a: Scizor|spd|1
|faint|p1a: Smeargle
|-damage|p2a: Scizor|26/100|[from] item: Life Orb
|
|upkeep
|
|t:|1758305785
|switch|p1a: Landorus|Landorus-Therian, M, shiny|100/100
|-ability|p1a: Landorus|Intimidate|boost
|-unboost|p2a: Scizor|atk|1
|turn|15
|
|t:|1758305795
|move|p2a: Scizor|Bullet Punch|p1a: Landorus
|-damage|p1a: Landorus|68/100
|-damage|p2a: Scizor|16/100|[from] item: Life Orb
|move|p1a: Landorus|Earth Power|p2a: Scizor
|-damage|p2a: Scizor|0 fnt
|faint|p2a: Scizor
|
|upkeep
|
|t:|1758305799
|switch|p2a: Vespiquen|Vespiquen, F|100/100
|-ability|p2a: Vespiquen|Unnerve
|turn|16
|
|t:|1758305807
|switch|p1a: Hitmontop|Hitmontop, M, shiny|4/100
|-activate|p1a: Hitmontop|move: Sticky Web
|-unboost|p1a: Hitmontop|spe|1
|move|p2a: Vespiquen|Defend Order|p2a: Vespiquen
|-boost|p2a: Vespiquen|def|1
|-boost|p2a: Vespiquen|spd|1
|
|upkeep
|turn|17
|
|t:|1758305815
|move|p1a: Hitmontop|Triple Axel|p2a: Vespiquen
|-supereffective|p2a: Vespiquen
|-damage|p2a: Vespiquen|87/100
|-supereffective|p2a: Vespiquen
|-damage|p2a: Vespiquen|60/100
|-supereffective|p2a: Vespiquen
|-damage|p2a: Vespiquen|27/100
|-hitcount|p2a: Vespiquen|3
|move|p2a: Vespiquen|Defend Order|p2a: Vespiquen
|-boost|p2a: Vespiquen|def|1
|-boost|p2a: Vespiquen|spd|1
|
|-heal|p2a: Vespiquen|33/100|[from] item: Leftovers
|upkeep
|turn|18
|
|t:|1758305827
|move|p1a: Hitmontop|Triple Axel|p2a: Vespiquen
|-supereffective|p2a: Vespiquen
|-damage|p2a: Vespiquen|25/100
|-supereffective|p2a: Vespiquen
|-damage|p2a: Vespiquen|7/100
|-supereffective|p2a: Vespiquen
|-damage|p2a: Vespiquen|0 fnt
|faint|p2a: Vespiquen
|-hitcount|p2: Vespiquen|3
|
|win|RK Earth 9000
|raw|RK Earth 9000's rating: 1113 &rarr; <strong>1140</strong><br />(+27 for winning)
|raw|FriedAstronauts's rating: 1140 &rarr; <strong>1113</strong><br />(-27 for losing)
|c|☆RK Earth 9000|How did you lose that?
|l|☆FriedAstronauts
|player|p2|
|c|☆RK Earth 9000|You were winning
|l|☆RK Earth 9000
|player|p1|
