|j|☆tbw114514
|j|☆saigomm
|t:|1758371299
|gametype|singles
|player|p1|tbw114514|169|
|player|p2|saigomm|mina|
|gen|9
|tier|[Gen 9] OU
|rule|HP Percentage Mod: HP is shown in percentages
|rule|Endless Battle Clause: Forcing endless battles is banned
|rule|Species Clause: Limit one of each Pokémon
|rule|OHKO Clause: OHKO moves are banned
|rule|Evasion Items Clause: Evasion items are banned
|rule|Evasion Moves Clause: Evasion moves are banned
|rule|Evasion Abilities Clause: Evasion abilities are banned
|rule|Sleep Moves Clause: Sleep-inducing moves are banned
|clearpoke
|poke|p1|Charizard, F|
|poke|p1|Whimsicott, M|
|poke|p1|Brute Bonnet|
|poke|p1|Hattrem, F|
|poke|p1|Lilligant-Hisui, F|
|poke|p1|Torkoal, F|
|poke|p2|Excadrill, M|
|poke|p2|Tyranitar, F|
|poke|p2|Serperior, M|
|poke|p2|Rotom-Wash|
|poke|p2|Azumarill, F|
|poke|p2|Mimikyu, F|
|teampreview
|inactive|Battle timer is ON: inactive players will automatically lose when time's up. (requested by saigomm)
|c|☆tbw114514|刺激的来了
|c|☆saigomm|这个是下等马吗 哈哈哈
|inactive|saigomm has 270 seconds left.
|inactive|tbw114514 has 270 seconds left.
|c|☆tbw114514|你是中等马
|c|☆tbw114514|感觉我要输啊
|inactive|saigomm has 240 seconds left.
|inactive|tbw114514 has 240 seconds left.
|c|☆tbw114514|被抓了，坏了，晴天打沙暴一大难题
|
|t:|1758371388
|teamsize|p1|6
|teamsize|p2|6
|start
|switch|p1a: 阳光彩虹小白马|Whimsicott, M|100/100
|switch|p2a: Rotom|Rotom-Wash|100/100
|turn|1
|
|t:|1758371398
|move|p2a: Rotom|Volt Switch|p1a: 阳光彩虹小白马
|-resisted|p1a: 阳光彩虹小白马
|-damage|p1a: 阳光彩虹小白马|72/100
|inactive|saigomm has 270 seconds left.
|j| liuqiu
|c|☆saigomm|一下子不知道你做什么的了
|
|t:|1758371424
|switch|p2a: Serperior|Serperior, M|100/100|[from] Volt Switch
|move|p1a: 阳光彩虹小白马|U-turn|p2a: Serperior
|-supereffective|p2a: Serperior
|-damage|p2a: Serperior|81/100
|c|☆tbw114514|给点力啊阳光彩虹小白马
|c|☆saigomm|我嘞个急速折返啊
|
|t:|1758371441
|switch|p1a: 摇曳摆盒|Lilligant-Hisui, F|100/100|[from] U-turn
|
|-heal|p2a: Serperior|88/100|[from] item: Leftovers
|upkeep
|turn|2
|inactive|saigomm has 270 seconds left.
|
|t:|1758371468
|move|p2a: Serperior|Glare|p1a: 摇曳摆盒
|-status|p1a: 摇曳摆盒|par
|move|p1a: 摇曳摆盒|Triple Axel|p2a: Serperior
|-supereffective|p2a: Serperior
|-damage|p2a: Serperior|67/100
|-supereffective|p2a: Serperior
|-damage|p2a: Serperior|32/100
|-supereffective|p2a: Serperior
|-crit|p2a: Serperior
|-damage|p2a: Serperior|0 fnt
|faint|p2a: Serperior
|-hitcount|p2: Serperior|3
|-damage|p1a: 摇曳摆盒|91/100 par|[from] item: Life Orb
|
|upkeep
|c|☆saigomm|痛死了
|
|t:|1758371486
|switch|p2a: Mimikyu|Mimikyu, F|100/100
|turn|3
|
|t:|1758371497
|switch|p1a: 糖水炖王八|Torkoal, F|100/100
|-weather|SunnyDay|[from] ability: Drought|[of] p1a: 糖水炖王八
|move|p2a: Mimikyu|Substitute|p2a: Mimikyu
|-start|p2a: Mimikyu|Substitute
|-damage|p2a: Mimikyu|76/100
|
|-weather|SunnyDay|[upkeep]
|upkeep
|turn|4
|
|t:|1758371505
|move|p2a: Mimikyu|Curse|p1a: 糖水炖王八
|-start|p1a: 糖水炖王八|Curse|[of] p2a: Mimikyu
|-damage|p2a: Mimikyu|26/100
|-enditem|p2a: Mimikyu|Sitrus Berry|[eat]
|-heal|p2a: Mimikyu|50/100|[from] item: Sitrus Berry
|move|p1a: 糖水炖王八|Lava Plume|p2a: Mimikyu
|-end|p2a: Mimikyu|Substitute
|
|-weather|SunnyDay|[upkeep]
|-damage|p1a: 糖水炖王八|75/100|[from] Curse
|upkeep
|turn|5
|
|t:|1758371513
|switch|p1a: 不合法萝莉|Hattrem, F|100/100
|move|p2a: Mimikyu|Substitute|p2a: Mimikyu
|-start|p2a: Mimikyu|Substitute
|-damage|p2a: Mimikyu|26/100
|
|-weather|SunnyDay|[upkeep]
|upkeep
|turn|6
|
|t:|1758371523
|move|p2a: Mimikyu|Pain Split|p1a: 不合法萝莉
|-sethp|p1a: 不合法萝莉|62/100|[from] move: Pain Split|[silent]
|-sethp|p2a: Mimikyu|70/100|[from] move: Pain Split
|move|p1a: 不合法萝莉|Healing Wish|p1a: 不合法萝莉
|faint|p1a: 不合法萝莉
|
|-weather|SunnyDay|[upkeep]
|upkeep
|
|t:|1758371539
|switch|p1a: 摇曳摆盒|Lilligant-Hisui, F|91/100 par
|-heal|p1a: 摇曳摆盒|100/100|[from] move: Healing Wish
|turn|7
|
|t:|1758371546
|-terastallize|p1a: 摇曳摆盒|Ice
|move|p1a: 摇曳摆盒|Triple Axel|p2a: Mimikyu
|-crit|p2a: Mimikyu
|-end|p2a: Mimikyu|Substitute
|-activate|p2a: Mimikyu|ability: Disguise
|-damage|p2a: Mimikyu|70/100
|detailschange|p2a: Mimikyu|Mimikyu-Busted, F
|-damage|p2a: Mimikyu|58/100|[from] pokemon: Mimikyu-Busted
|-hitcount|p2a: Mimikyu|2
|-damage|p1a: 摇曳摆盒|91/100|[from] item: Life Orb
|move|p2a: Mimikyu|Play Rough|p1a: 摇曳摆盒
|-damage|p1a: 摇曳摆盒|41/100
|
|-weather|SunnyDay|[upkeep]
|upkeep
|turn|8
|inactive|saigomm has 270 seconds left.
|c|☆tbw114514|嘶
|inactive|tbw114514 has 270 seconds left.
|inactive|saigomm has 240 seconds left.
|
|t:|1758371605
|move|p1a: 摇曳摆盒|Solar Blade||[still]
|-prepare|p1a: 摇曳摆盒|Solar Blade
|-anim|p1a: 摇曳摆盒|Solar Blade|p2a: Mimikyu
|-damage|p2a: Mimikyu|0 fnt
|faint|p2a: Mimikyu
|-damage|p1a: 摇曳摆盒|31/100|[from] item: Life Orb
|
|-weather|SunnyDay|[upkeep]
|upkeep
|inactive|saigomm has 240 seconds left.
|
|t:|1758371611
|switch|p2a: Tyranitar|Tyranitar, F|100/100
|-weather|Sandstorm|[from] ability: Sand Stream|[of] p2a: Tyranitar
|turn|9
|inactive|tbw114514 has 270 seconds left.
|
|t:|1758371631
|-terastallize|p2a: Tyranitar|Ghost
|move|p1a: 摇曳摆盒|Triple Axel|p2a: Tyranitar
|-damage|p2a: Tyranitar|89/100
|-damage|p2a: Tyranitar|67/100
|-damage|p2a: Tyranitar|30/100
|-hitcount|p2a: Tyranitar|3
|-damage|p1a: 摇曳摆盒|21/100|[from] item: Life Orb
|move|p2a: Tyranitar|Stealth Rock|p1a: 摇曳摆盒
|-sidestart|p1: tbw114514|move: Stealth Rock
|
|-weather|Sandstorm|[upkeep]
|-damage|p1a: 摇曳摆盒|15/100|[from] Sandstorm
|-damage|p2a: Tyranitar|24/100|[from] Sandstorm
|upkeep
|turn|10
|
|t:|1758371645
|switch|p2a: Rotom|Rotom-Wash|100/100
|move|p1a: 摇曳摆盒|Close Combat|p2a: Rotom
|-damage|p2a: Rotom|11/100
|-unboost|p1a: 摇曳摆盒|def|1
|-unboost|p1a: 摇曳摆盒|spd|1
|-damage|p1a: 摇曳摆盒|5/100|[from] item: Life Orb
|
|-weather|Sandstorm|[upkeep]
|-damage|p2a: Rotom|5/100|[from] Sandstorm
|-damage|p1a: 摇曳摆盒|0 fnt|[from] Sandstorm
|faint|p1a: 摇曳摆盒
|upkeep
|c|☆saigomm|读这么凶吗
|inactive|tbw114514 has 240 seconds left.
|
|t:|1758371676
|switch|p1a: 阳光彩虹小白马|Whimsicott, M|72/100
|-damage|p1a: 阳光彩虹小白马|60/100|[from] Stealth Rock
|turn|11
|
|t:|1758371682
|move|p2a: Rotom|Trick|p1a: 阳光彩虹小白马
|-activate|p2a: Rotom|move: Trick|[of] p1a: 阳光彩虹小白马
|-item|p1a: 阳光彩虹小白马|Choice Scarf|[from] move: Trick
|-item|p2a: Rotom|Choice Specs|[from] move: Trick
|move|p1a: 阳光彩虹小白马|U-turn|p2a: Rotom
|-damage|p2a: Rotom|0 fnt
|faint|p2a: Rotom
|
|t:|1758371691
|switch|p1a: 糖水炖王八|Torkoal, F|75/100|[from] U-turn
|-damage|p1a: 糖水炖王八|50/100|[from] Stealth Rock
|-weather|SunnyDay|[from] ability: Drought|[of] p1a: 糖水炖王八
|
|-weather|SunnyDay|[upkeep]
|upkeep
|
|t:|1758371696
|switch|p2a: Tyranitar|Tyranitar, F, tera:Ghost|24/100
|-weather|Sandstorm|[from] ability: Sand Stream|[of] p2a: Tyranitar
|turn|12
|inactive|saigomm has 270 seconds left.
|
|t:|1758371707
|move|p2a: Tyranitar|Stone Edge|p1a: 糖水炖王八
|-supereffective|p1a: 糖水炖王八
|-damage|p1a: 糖水炖王八|0 fnt
|faint|p1a: 糖水炖王八
|-damage|p2a: Tyranitar|14/100|[from] item: Life Orb
|
|-weather|Sandstorm|[upkeep]
|-damage|p2a: Tyranitar|8/100|[from] Sandstorm
|upkeep
|
|t:|1758371721
|switch|p1a: 阳光彩虹小白马|Whimsicott, M|60/100
|-damage|p1a: 阳光彩虹小白马|48/100|[from] Stealth Rock
|turn|13
|inactive|saigomm has 270 seconds left.
|
|t:|1758371731
|move|p1a: 阳光彩虹小白马|U-turn|p2a: Tyranitar
|-resisted|p2a: Tyranitar
|-damage|p2a: Tyranitar|4/100
|
|t:|1758371734
|switch|p1a: 蘑菇情趣按摩器|Brute Bonnet, shiny|100/100|[from] U-turn
|-damage|p1a: 蘑菇情趣按摩器|88/100|[from] Stealth Rock
|move|p2a: Tyranitar|Knock Off|p1a: 蘑菇情趣按摩器
|-resisted|p1a: 蘑菇情趣按摩器
|-damage|p1a: 蘑菇情趣按摩器|52/100
|-enditem|p1a: 蘑菇情趣按摩器|Life Orb|[from] move: Knock Off|[of] p2a: Tyranitar
|-damage|p2a: Tyranitar|0 fnt|[from] item: Life Orb
|faint|p2a: Tyranitar
|
|-weather|Sandstorm|[upkeep]
|-damage|p1a: 蘑菇情趣按摩器|46/100|[from] Sandstorm
|upkeep
|inactive|saigomm has 270 seconds left.
|c|☆tbw114514|完蛋要输掉了
|c|☆tbw114514|百合仙子尽力了
|
|t:|1758371763
|switch|p2a: Azumarill|Azumarill, F|100/100
|turn|14
|
|t:|1758371770
|move|p1a: 蘑菇情趣按摩器|Bullet Seed|p2a: Azumarill
|-supereffective|p2a: Azumarill
|-damage|p2a: Azumarill|67/100
|-supereffective|p2a: Azumarill
|-damage|p2a: Azumarill|30/100
|-enditem|p2a: Azumarill|Sitrus Berry|[eat]
|-heal|p2a: Azumarill|55/100|[from] item: Sitrus Berry
|-supereffective|p2a: Azumarill
|-damage|p2a: Azumarill|20/100
|-hitcount|p2a: Azumarill|3
|move|p2a: Azumarill|Play Rough|p1a: 蘑菇情趣按摩器|[miss]
|-miss|p2a: Azumarill|p1a: 蘑菇情趣按摩器
|
|-weather|Sandstorm|[upkeep]
|-damage|p1a: 蘑菇情趣按摩器|40/100|[from] Sandstorm
|-damage|p2a: Azumarill|13/100|[from] Sandstorm
|upkeep
|turn|15
|inactive|tbw114514 has 270 seconds left.
|
|t:|1758371781
|move|p2a: Azumarill|Aqua Jet|p1a: 蘑菇情趣按摩器
|-resisted|p1a: 蘑菇情趣按摩器
|-damage|p1a: 蘑菇情趣按摩器|28/100
|move|p1a: 蘑菇情趣按摩器|Bullet Seed|p2a: Azumarill
|-supereffective|p2a: Azumarill
|-damage|p2a: Azumarill|0 fnt
|faint|p2a: Azumarill
|-hitcount|p2: Azumarill|1
|
|-weather|Sandstorm|[upkeep]
|-damage|p1a: 蘑菇情趣按摩器|22/100|[from] Sandstorm
|upkeep
|
|t:|1758371784
|switch|p2a: Excadrill|Excadrill, M|100/100
|-item|p2a: Excadrill|Air Balloon
|turn|16
|inactive|saigomm has 270 seconds left.
|c|☆saigomm|无敌了
|c|☆tbw114514|成败在此一举
|
|t:|1758371816
|move|p2a: Excadrill|Rapid Spin|p1a: 蘑菇情趣按摩器
|-damage|p1a: 蘑菇情趣按摩器|2/100
|-boost|p2a: Excadrill|spe|1
|move|p1a: 蘑菇情趣按摩器|Close Combat|p2a: Excadrill
|-supereffective|p2a: Excadrill
|-damage|p2a: Excadrill|0 fnt
|-unboost|p1a: 蘑菇情趣按摩器|def|1
|-unboost|p1a: 蘑菇情趣按摩器|spd|1
|-enditem|p2a: Excadrill|Air Balloon
|faint|p2a: Excadrill
|
|win|tbw114514
|c|☆saigomm|这能miss
|c|☆saigomm|可以的
|l|☆saigomm
|player|p2|
|l| liuqiu
|c|☆tbw114514|我狗运了
|l|☆tbw114514
|player|p1|
|j|☆saigomm
|player|p2|saigomm|mina|
