|j|☆Voltage fis
|j|☆garlicnaan26
|t:|1758269578
|gametype|singles
|player|p1|Voltage fis|169|1058
|player|p2|garlicnaan26|101|1111
|gen|9
|tier|[Gen 9] OU
|rated|
|rule|HP Percentage Mod: HP is shown in percentages
|rule|Endless Battle Clause: Forcing endless battles is banned
|rule|Species Clause: Limit one of each Pokémon
|rule|OHKO Clause: OHKO moves are banned
|rule|Evasion Items Clause: Evasion items are banned
|rule|Evasion Moves Clause: Evasion moves are banned
|rule|Evasion Abilities Clause: Evasion abilities are banned
|rule|Sleep Moves Clause: Sleep-inducing moves are banned
|clearpoke
|poke|p1|Sandaconda, F|
|poke|p1|Skarmory, F|
|poke|p1|Espeon, M|
|poke|p1|Galvantula, F|
|poke|p1|Toxapex, F|
|poke|p1|Medicham, F|
|poke|p2|Volbeat, M|
|poke|p2|Bronzong|
|poke|p2|Weavile, F|
|poke|p2|Thundurus-Therian, M|
|poke|p2|Iron Moth|
|poke|p2|Raging Bolt|
|teampreview
|
|t:|1758269583
|teamsize|p1|6
|teamsize|p2|6
|start
|switch|p1a: Sandaconda|Sandaconda, F, shiny|100/100
|switch|p2a: Bronzong|Bronzong|100/100
|turn|1
|
|t:|1758269593
|switch|p1a: Skarmory|Skarmory, F|100/100
|move|p2a: Bronzong|Stealth Rock|p1a: Skarmory
|-sidestart|p1: Voltage fis|move: Stealth Rock
|
|upkeep
|turn|2
|
|t:|1758269602
|move|p1a: Skarmory|Spikes|p2a: Bronzong
|-sidestart|p2: garlicnaan26|Spikes
|move|p2a: Bronzong|Psychic Noise|p1a: Skarmory
|-resisted|p1a: Skarmory
|-damage|p1a: Skarmory|91/100
|-start|p1a: Skarmory|move: Heal Block
|
|upkeep
|turn|3
|
|t:|1758269608
|switch|p2a: Weavile|Weavile, F|100/100
|move|p1a: Skarmory|Spikes|p2a: Weavile
|-sidestart|p2: garlicnaan26|Spikes
|
|-end|p1a: Skarmory|move: Heal Block
|upkeep
|turn|4
|
|t:|1758269618
|move|p2a: Weavile|Swords Dance|p2a: Weavile
|-boost|p2a: Weavile|atk|2
|move|p1a: Skarmory|Iron Defense|p1a: Skarmory
|-boost|p1a: Skarmory|def|2
|
|upkeep
|turn|5
|
|t:|1758269622
|move|p2a: Weavile|Triple Axel|p1a: Skarmory
|-damage|p1a: Skarmory|83/100
|-damage|p1a: Skarmory|68/100
|-damage|p1a: Skarmory|43/100
|-hitcount|p1a: Skarmory|3
|move|p1a: Skarmory|Body Press|p2a: Weavile
|-supereffective|p2a: Weavile
|-damage|p2a: Weavile|0 fnt
|faint|p2a: Weavile
|
|upkeep
|
|t:|1758269642
|switch|p2a: Thundurus|Thundurus-Therian, M|100/100
|turn|6
|
|t:|1758269651
|move|p2a: Thundurus|Thunderbolt|p1a: Skarmory
|-supereffective|p1a: Skarmory
|-damage|p1a: Skarmory|0 fnt
|faint|p1a: Skarmory
|
|upkeep
|
|t:|1758269657
|switch|p1a: Sandaconda|Sandaconda, F, shiny|100/100
|-damage|p1a: Sandaconda|94/100|[from] Stealth Rock
|turn|7
|
|t:|1758269663
|switch|p2a: Bronzong|Bronzong|100/100
|move|p1a: Sandaconda|Coil|p1a: Sandaconda
|-boost|p1a: Sandaconda|atk|1
|-boost|p1a: Sandaconda|def|1
|-boost|p1a: Sandaconda|accuracy|1
|
|upkeep
|turn|8
|
|t:|1758269671
|move|p1a: Sandaconda|Coil|p1a: Sandaconda
|-boost|p1a: Sandaconda|atk|1
|-boost|p1a: Sandaconda|def|1
|-boost|p1a: Sandaconda|accuracy|1
|move|p2a: Bronzong|Iron Head|p1a: Sandaconda
|-damage|p1a: Sandaconda|85/100
|
|upkeep
|turn|9
|
|t:|1758269678
|switch|p2a: Iron Moth|Iron Moth|100/100
|-damage|p2a: Iron Moth|84/100|[from] Spikes
|-enditem|p2a: Iron Moth|Booster Energy
|-activate|p2a: Iron Moth|ability: Quark Drive|[fromitem]
|-start|p2a: Iron Moth|quarkdrivespe
|move|p1a: Sandaconda|Rock Blast|p2a: Iron Moth
|-supereffective|p2a: Iron Moth
|-damage|p2a: Iron Moth|37/100
|-supereffective|p2a: Iron Moth
|-damage|p2a: Iron Moth|0 fnt
|faint|p2a: Iron Moth
|-end|p2a: Iron Moth|Quark Drive|[silent]
|-hitcount|p2: Iron Moth|2
|
|upkeep
|
|t:|1758269728
|switch|p2a: Raging Bolt|Raging Bolt|100/100
|turn|10
|
|t:|1758269740
|-terastallize|p2a: Raging Bolt|Fairy
|move|p2a: Raging Bolt|Dragon Pulse|p1a: Sandaconda
|-damage|p1a: Sandaconda|21/100
|move|p1a: Sandaconda|Scale Shot|p2a: Raging Bolt
|-immune|p2a: Raging Bolt
|
|upkeep
|turn|11
|
|t:|1758269750
|move|p2a: Raging Bolt|Dragon Pulse|p1a: Sandaconda
|-damage|p1a: Sandaconda|0 fnt
|faint|p1a: Sandaconda
|
|upkeep
|
|t:|1758269756
|switch|p1a: Galvantula|Galvantula, F, shiny|100/100
|-damage|p1a: Galvantula|76/100|[from] Stealth Rock
|turn|12
|
|t:|1758269761
|move|p1a: Galvantula|Sticky Web|p2a: Raging Bolt
|-sidestart|p2: garlicnaan26|move: Sticky Web
|move|p2a: Raging Bolt|Dragon Pulse|p1a: Galvantula
|-damage|p1a: Galvantula|0 fnt
|faint|p1a: Galvantula
|
|upkeep
|
|t:|1758269767
|switch|p1a: Toxapex|Toxapex, F, shiny|100/100
|-damage|p1a: Toxapex|88/100|[from] Stealth Rock
|turn|13
|
|t:|1758269771
|move|p2a: Raging Bolt|Thunderbolt|p1a: Toxapex
|-supereffective|p1a: Toxapex
|-damage|p1a: Toxapex|4/100
|move|p1a: Toxapex|Sludge Bomb|p2a: Raging Bolt
|-supereffective|p2a: Raging Bolt
|-damage|p2a: Raging Bolt|65/100
|
|-heal|p1a: Toxapex|10/100|[from] item: Leftovers
|upkeep
|turn|14
|
|t:|1758269778
|move|p1a: Toxapex|Baneful Bunker|p1a: Toxapex
|-singleturn|p1a: Toxapex|move: Protect
|move|p2a: Raging Bolt|Thunderbolt|p1a: Toxapex
|-activate|p1a: Toxapex|move: Protect
|
|-heal|p1a: Toxapex|16/100|[from] item: Leftovers
|upkeep
|turn|15
|
|t:|1758269784
|switch|p1a: Medicham|Medicham, F|100/100
|-damage|p1a: Medicham|94/100|[from] Stealth Rock
|move|p2a: Raging Bolt|Thunderbolt|p1a: Medicham
|-damage|p1a: Medicham|30/100
|
|upkeep
|turn|16
|
|t:|1758269795
|move|p1a: Medicham|Bullet Punch|p2a: Raging Bolt
|-supereffective|p2a: Raging Bolt
|-damage|p2a: Raging Bolt|32/100
|move|p2a: Raging Bolt|Thunderclap||[still]
|-fail|p2a: Raging Bolt
|
|upkeep
|turn|17
|
|t:|1758269801
|move|p1a: Medicham|Bullet Punch|p2a: Raging Bolt
|-supereffective|p2a: Raging Bolt
|-damage|p2a: Raging Bolt|0 fnt
|faint|p2a: Raging Bolt
|-end|p2a: Raging Bolt|Protosynthesis|[silent]
|
|upkeep
|c|☆garlicnaan26|why did it fail
|c|☆garlicnaan26|wth
|
|t:|1758269815
|switch|p2a: Thundurus|Thundurus-Therian, M|100/100
|turn|18
|
|t:|1758269831
|move|p1a: Medicham|Bullet Punch|p2a: Thundurus
|-resisted|p2a: Thundurus
|-damage|p2a: Thundurus|88/100
|move|p2a: Thundurus|Thunderbolt|p1a: Medicham
|-damage|p1a: Medicham|0 fnt
|faint|p1a: Medicham
|
|upkeep
|
|t:|1758269836
|switch|p1a: Toxapex|Toxapex, F, shiny|50/100
|-damage|p1a: Toxapex|37/100|[from] Stealth Rock
|turn|19
|
|t:|1758269840
|move|p1a: Toxapex|Baneful Bunker|p1a: Toxapex
|-singleturn|p1a: Toxapex|move: Protect
|move|p2a: Thundurus|Thunderbolt|p1a: Toxapex
|-activate|p1a: Toxapex|move: Protect
|
|-heal|p1a: Toxapex|43/100|[from] item: Leftovers
|upkeep
|turn|20
|
|t:|1758269847
|move|p2a: Thundurus|Thunderbolt|p1a: Toxapex
|-supereffective|p1a: Toxapex
|-damage|p1a: Toxapex|0 fnt
|faint|p1a: Toxapex
|
|upkeep
|
|t:|1758269849
|switch|p1a: Espeon|Espeon, M|100/100
|-damage|p1a: Espeon|88/100|[from] Stealth Rock
|turn|21
|
|t:|1758269857
|-terastallize|p1a: Espeon|Fairy
|move|p1a: Espeon|Calm Mind|p1a: Espeon
|-boost|p1a: Espeon|spa|1
|-boost|p1a: Espeon|spd|1
|move|p2a: Thundurus|Thunderbolt|p1a: Espeon
|-damage|p1a: Espeon|18/100
|-enditem|p1a: Espeon|Sitrus Berry|[eat]
|-heal|p1a: Espeon|43/100|[from] item: Sitrus Berry
|
|upkeep
|turn|22
|
|t:|1758269869
|move|p1a: Espeon|Alluring Voice|p2a: Thundurus
|-damage|p2a: Thundurus|0 fnt
|faint|p2a: Thundurus
|
|upkeep
|
|t:|1758269886
|switch|p2a: Volbeat|Volbeat, M|100/100
|turn|23
|
|t:|1758269899
|move|p2a: Volbeat|Thunder Wave|p1a: Espeon
|move|p1a: Espeon|Thunder Wave|p2a: Volbeat|[from] ability: Magic Bounce
|-status|p2a: Volbeat|par
|move|p1a: Espeon|Alluring Voice|p2a: Volbeat
|-damage|p2a: Volbeat|46/100 par
|
|upkeep
|turn|24
|
|t:|1758269908
|move|p1a: Espeon|Shadow Ball|p2a: Volbeat
|-damage|p2a: Volbeat|10/100 par
|move|p2a: Volbeat|Lunge|p1a: Espeon
|-resisted|p1a: Espeon
|-crit|p1a: Espeon
|-damage|p1a: Espeon|12/100
|-unboost|p1a: Espeon|atk|1
|
|upkeep
|turn|25
|
|t:|1758269920
|move|p2a: Volbeat|Encore|p1a: Espeon
|move|p1a: Espeon|Encore||[from] ability: Magic Bounce|[still]
|-fail|p1a: Espeon
|move|p1a: Espeon|Shadow Ball|p2a: Volbeat
|-damage|p2a: Volbeat|0 fnt
|faint|p2a: Volbeat
|
|upkeep
|
|t:|1758269928
|switch|p2a: Bronzong|Bronzong|100/100
|turn|26
|
|t:|1758269937
|move|p1a: Espeon|Shadow Ball|p2a: Bronzong
|-supereffective|p2a: Bronzong
|-crit|p2a: Bronzong
|-damage|p2a: Bronzong|5/100
|-unboost|p2a: Bronzong|spd|1
|move|p2a: Bronzong|Iron Head|p1a: Espeon
|-supereffective|p1a: Espeon
|-damage|p1a: Espeon|0 fnt
|faint|p1a: Espeon
|
|win|garlicnaan26
|raw|Voltage fis's rating: 1058 &rarr; <strong>1042</strong><br />(-16 for losing)
|raw|garlicnaan26's rating: 1111 &rarr; <strong>1132</strong><br />(+21 for winning)
|c|☆garlicnaan26|ey
|c|☆garlicnaan26|ez
|c|☆garlicnaan26|ez
|c|☆garlicnaan26|ez
|c|☆garlicnaan26|ez
|l|☆garlicnaan26
|player|p2|
|l|☆Voltage fis
|player|p1|
