|j|☆frozenmann
|j|☆Cam oddish
|t:|1758336107
|gametype|singles
|player|p1|frozenmann|shauntal|1430
|player|p2|Cam oddish|crasherwake|1456
|gen|9
|tier|[Gen 9] OU
|rated|
|rule|HP Percentage Mod: HP is shown in percentages
|rule|Endless Battle Clause: Forcing endless battles is banned
|rule|Species Clause: Limit one of each Pokémon
|rule|OHKO Clause: OHKO moves are banned
|rule|Evasion Items Clause: Evasion items are banned
|rule|Evasion Moves Clause: Evasion moves are banned
|rule|Evasion Abilities Clause: Evasion abilities are banned
|rule|Sleep Moves Clause: Sleep-inducing moves are banned
|clearpoke
|poke|p1|Dragonite, F|
|poke|p1|Gholdengo|
|poke|p1|Iron Treads|
|poke|p1|Quaquaval, M|
|poke|p1|Slowking-Galar, M|
|poke|p1|Ting-Lu|
|poke|p2|Reuniclus, M|
|poke|p2|Samurott-Hisui, M|
|poke|p2|Great Tusk|
|poke|p2|Iron Valiant|
|poke|p2|Slowking-Galar, F|
|poke|p2|Gholdengo|
|teampreview
|inactive|Battle timer is ON: inactive players will automatically lose when time's up. (requested by Cam oddish)
|
|t:|1758336121
|teamsize|p1|6
|teamsize|p2|6
|start
|switch|p1a: Iron Treads|Iron Treads|100/100
|switch|p2a: Samurott|Samurott-Hisui, M|100/100
|turn|1
|
|t:|1758336128
|move|p2a: Samurott|Aqua Cutter|p1a: Iron Treads
|-supereffective|p1a: Iron Treads
|-damage|p1a: Iron Treads|10/100
|move|p1a: Iron Treads|Stealth Rock|p2a: Samurott
|-sidestart|p2: Cam oddish|move: Stealth Rock
|
|-heal|p1a: Iron Treads|16/100|[from] item: Leftovers
|upkeep
|turn|2
|
|t:|1758336143
|switch|p2a: Great Tusk|Great Tusk|100/100
|-damage|p2a: Great Tusk|98/100|[from] Stealth Rock
|-end|p1a: Iron Treads|Quark Drive|[silent]
|switch|p1a: Quaquaval|Quaquaval, M|100/100
|
|upkeep
|turn|3
|
|t:|1758336152
|move|p2a: Great Tusk|Rapid Spin|p1a: Quaquaval
|-damage|p1a: Quaquaval|82/100
|-boost|p2a: Great Tusk|spe|1
|-sideend|p2: Cam oddish|Stealth Rock|[from] move: Rapid Spin|[of] p2a: Great Tusk
|move|p1a: Quaquaval|Aqua Step|p2a: Great Tusk
|-supereffective|p2a: Great Tusk
|-damage|p2a: Great Tusk|17/100
|-boost|p1a: Quaquaval|spe|1
|-damage|p1a: Quaquaval|65/100|[from] item: Rocky Helmet|[of] p2a: Great Tusk
|
|upkeep
|turn|4
|
|t:|1758336164
|switch|p1a: Iron Treads|Iron Treads|16/100
|move|p2a: Great Tusk|Headlong Rush|p1a: Iron Treads
|-supereffective|p1a: Iron Treads
|-damage|p1a: Iron Treads|0 fnt
|-unboost|p2a: Great Tusk|def|1
|-unboost|p2a: Great Tusk|spd|1
|faint|p1a: Iron Treads
|-end|p1a: Iron Treads|Quark Drive|[silent]
|
|upkeep
|
|t:|1758336166
|switch|p1a: Quaquaval|Quaquaval, M|65/100
|turn|5
|
|t:|1758336170
|move|p1a: Quaquaval|Aqua Jet|p2a: Great Tusk
|-supereffective|p2a: Great Tusk
|-damage|p2a: Great Tusk|0 fnt
|-damage|p1a: Quaquaval|49/100|[from] item: Rocky Helmet|[of] p2a: Great Tusk
|faint|p2a: Great Tusk
|-end|p2a: Great Tusk|Protosynthesis|[silent]
|-ability|p1a: Quaquaval|Moxie|boost
|-boost|p1a: Quaquaval|atk|1
|
|upkeep
|
|t:|1758336179
|switch|p2a: Reuniclus|Reuniclus, M|100/100
|turn|6
|
|t:|1758336183
|switch|p1a: Gholdengo|Gholdengo|100/100
|move|p2a: Reuniclus|Psyshock|p1a: Gholdengo
|-resisted|p1a: Gholdengo
|-damage|p1a: Gholdengo|74/100
|
|upkeep
|turn|7
|
|t:|1758336191
|switch|p2a: Samurott|Samurott-Hisui, M|100/100
|move|p1a: Gholdengo|Trick|p2a: Samurott
|-activate|p1a: Gholdengo|move: Trick|[of] p2a: Samurott
|-item|p2a: Samurott|Choice Scarf|[from] move: Trick
|-item|p1a: Gholdengo|Choice Scarf|[from] move: Trick
|
|upkeep
|turn|8
|
|t:|1758336203
|-terastallize|p1a: Gholdengo|Fairy
|move|p2a: Samurott|Ceaseless Edge|p1a: Gholdengo
|-resisted|p1a: Gholdengo
|-damage|p1a: Gholdengo|50/100
|-sidestart|p1: frozenmann|Spikes
|move|p1a: Gholdengo|Dazzling Gleam|p2a: Samurott
|-supereffective|p2a: Samurott
|-damage|p2a: Samurott|0 fnt
|faint|p2a: Samurott
|
|upkeep
|
|t:|1758336209
|switch|p2a: Slowking|Slowking-Galar, F|100/100
|turn|9
|
|t:|1758336214
|switch|p1a: Ting-Lu|Ting-Lu, shiny|100/100
|-damage|p1a: Ting-Lu|88/100|[from] Spikes
|-ability|p1a: Ting-Lu|Vessel of Ruin
|move|p2a: Slowking|Sludge Bomb|p1a: Ting-Lu
|-resisted|p1a: Ting-Lu
|-damage|p1a: Ting-Lu|81/100
|-status|p1a: Ting-Lu|psn
|
|-heal|p1a: Ting-Lu|87/100 psn|[from] item: Leftovers
|-damage|p1a: Ting-Lu|75/100 psn|[from] psn
|upkeep
|turn|10
|
|t:|1758336218
|move|p1a: Ting-Lu|Spikes|p2a: Slowking
|-sidestart|p2: Cam oddish|Spikes
|-prepare|p2a: Slowking|Chilly Reception|[premajor]
|move|p2a: Slowking|Chilly Reception|p2a: Slowking
|-weather|Snowscape
|
|t:|1758336224
|switch|p2a: Reuniclus|Reuniclus, M|100/100|[from] Chilly Reception
|
|-weather|Snowscape|[upkeep]
|-heal|p1a: Ting-Lu|81/100 psn|[from] item: Leftovers
|-damage|p1a: Ting-Lu|69/100 psn|[from] psn
|upkeep
|turn|11
|
|t:|1758336228
|move|p1a: Ting-Lu|Ruination|p2a: Reuniclus
|-damage|p2a: Reuniclus|50/100
|move|p2a: Reuniclus|Calm Mind|p2a: Reuniclus
|-boost|p2a: Reuniclus|spa|1
|-boost|p2a: Reuniclus|spd|1
|
|-weather|Snowscape|[upkeep]
|-heal|p1a: Ting-Lu|75/100 psn|[from] item: Leftovers
|-damage|p1a: Ting-Lu|62/100 psn|[from] psn
|upkeep
|turn|12
|
|t:|1758336233
|move|p2a: Reuniclus|Focus Blast|p1a: Ting-Lu
|-supereffective|p1a: Ting-Lu
|-damage|p1a: Ting-Lu|7/100 psn
|move|p1a: Ting-Lu|Whirlwind|p2a: Reuniclus
|drag|p2a: Slowking|Slowking-Galar, F|100/100
|-damage|p2a: Slowking|88/100|[from] Spikes
|
|-weather|Snowscape|[upkeep]
|-heal|p1a: Ting-Lu|13/100 psn|[from] item: Leftovers
|-heal|p2a: Slowking|94/100|[from] item: Leftovers
|-damage|p1a: Ting-Lu|0 fnt|[from] psn
|faint|p1a: Ting-Lu
|upkeep
|
|t:|1758336240
|switch|p1a: Quaquaval|Quaquaval, M|49/100
|-damage|p1a: Quaquaval|36/100|[from] Spikes
|turn|13
|
|t:|1758336248
|move|p1a: Quaquaval|Aqua Step|p2a: Slowking
|-damage|p2a: Slowking|22/100
|-boost|p1a: Quaquaval|spe|1
|move|p2a: Slowking|Thunder Wave|p1a: Quaquaval
|-status|p1a: Quaquaval|par
|
|-weather|Snowscape|[upkeep]
|-heal|p2a: Slowking|28/100|[from] item: Leftovers
|upkeep
|turn|14
|
|t:|1758336256
|switch|p2a: Gholdengo|Gholdengo|100/100
|-item|p2a: Gholdengo|Air Balloon
|move|p1a: Quaquaval|Aqua Step|p2a: Gholdengo
|-damage|p2a: Gholdengo|47/100
|-boost|p1a: Quaquaval|spe|1
|-enditem|p2a: Gholdengo|Air Balloon
|
|-weather|none
|upkeep
|turn|15
|
|t:|1758336273
|move|p1a: Quaquaval|Aqua Step|p2a: Gholdengo
|-damage|p2a: Gholdengo|0 fnt
|-boost|p1a: Quaquaval|spe|1
|faint|p2a: Gholdengo
|-ability|p1a: Quaquaval|Moxie|boost
|-boost|p1a: Quaquaval|atk|1
|
|upkeep
|c|☆frozenmann|the goat
|
|t:|1758336282
|switch|p2a: Iron Valiant|Iron Valiant|100/100
|-damage|p2a: Iron Valiant|88/100|[from] Spikes
|-enditem|p2a: Iron Valiant|Booster Energy
|-activate|p2a: Iron Valiant|ability: Quark Drive|[fromitem]
|-start|p2a: Iron Valiant|quarkdrivespe
|turn|16
|
|t:|1758336288
|move|p2a: Iron Valiant|Thunderbolt|p1a: Quaquaval
|-supereffective|p1a: Quaquaval
|-crit|p1a: Quaquaval
|-damage|p1a: Quaquaval|0 fnt
|faint|p1a: Quaquaval
|
|upkeep
|
|t:|1758336290
|switch|p1a: Slowking|Slowking-Galar, M, shiny|100/100
|-damage|p1a: Slowking|88/100|[from] Spikes
|turn|17
|
|t:|1758336296
|-end|p2a: Iron Valiant|Quark Drive|[silent]
|switch|p2a: Reuniclus|Reuniclus, M|50/100
|move|p1a: Slowking|Sludge Bomb|p2a: Reuniclus
|-damage|p2a: Reuniclus|19/100
|
|upkeep
|turn|18
|
|t:|1758336299
|move|p2a: Reuniclus|Recover|p2a: Reuniclus
|-heal|p2a: Reuniclus|69/100
|move|p1a: Slowking|Sludge Bomb|p2a: Reuniclus
|-damage|p2a: Reuniclus|37/100
|
|upkeep
|turn|19
|
|t:|1758336305
|move|p2a: Reuniclus|Recover|p2a: Reuniclus
|-heal|p2a: Reuniclus|87/100
|-prepare|p1a: Slowking|Chilly Reception|[premajor]
|move|p1a: Slowking|Chilly Reception|p1a: Slowking
|-weather|Snowscape
|
|t:|1758336307
|switch|p1a: Gholdengo|Gholdengo, tera:Fairy|50/100|[from] Chilly Reception
|-damage|p1a: Gholdengo|38/100|[from] Spikes
|
|-weather|Snowscape|[upkeep]
|upkeep
|turn|20
|
|t:|1758336316
|-terastallize|p2a: Reuniclus|Fighting
|move|p1a: Gholdengo|Trick|p2a: Reuniclus
|-activate|p1a: Gholdengo|move: Trick|[of] p2a: Reuniclus
|-item|p2a: Reuniclus|Choice Scarf|[from] move: Trick
|-item|p1a: Gholdengo|Life Orb|[from] move: Trick
|move|p2a: Reuniclus|Psyshock|p1a: Gholdengo
|-damage|p1a: Gholdengo|0 fnt
|faint|p1a: Gholdengo
|
|-weather|Snowscape|[upkeep]
|upkeep
|
|t:|1758336323
|switch|p1a: Slowking|Slowking-Galar, M, shiny|100/100
|-damage|p1a: Slowking|88/100|[from] Spikes
|turn|21
|
|t:|1758336327
|move|p2a: Reuniclus|Psyshock|p1a: Slowking
|-damage|p1a: Slowking|62/100
|move|p1a: Slowking|Future Sight|p2a: Reuniclus
|-start|p1a: Slowking|move: Future Sight
|
|-weather|Snowscape|[upkeep]
|upkeep
|turn|22
|
|t:|1758336333
|move|p2a: Reuniclus|Psyshock|p1a: Slowking
|-damage|p1a: Slowking|39/100
|move|p1a: Slowking|Sludge Bomb|p2a: Reuniclus
|-damage|p2a: Reuniclus|57/100
|
|-weather|Snowscape|[upkeep]
|upkeep
|turn|23
|
|t:|1758336341
|move|p2a: Reuniclus|Psyshock|p1a: Slowking
|-damage|p1a: Slowking|16/100
|-prepare|p1a: Slowking|Chilly Reception|[premajor]
|move|p1a: Slowking|Chilly Reception|p1a: Slowking
|
|t:|1758336343
|switch|p1a: Dragonite|Dragonite, F|100/100|[from] Chilly Reception
|
|-weather|none
|-end|p2a: Reuniclus|move: Future Sight
|-supereffective|p2a: Reuniclus
|-damage|p2a: Reuniclus|0 fnt
|faint|p2a: Reuniclus
|upkeep
|
|t:|1758336349
|switch|p2a: Slowking|Slowking-Galar, F|62/100
|-damage|p2a: Slowking|49/100|[from] Spikes
|turn|24
|
|t:|1758336355
|move|p1a: Dragonite|Earthquake|p2a: Slowking
|-supereffective|p2a: Slowking
|-crit|p2a: Slowking
|-damage|p2a: Slowking|0 fnt
|faint|p2a: Slowking
|
|upkeep
|
|t:|1758336357
|switch|p2a: Iron Valiant|Iron Valiant|88/100
|-damage|p2a: Iron Valiant|76/100|[from] Spikes
|turn|25
|
|t:|1758336361
|move|p2a: Iron Valiant|Moonblast|p1a: Dragonite
|-supereffective|p1a: Dragonite
|-damage|p1a: Dragonite|52/100
|move|p1a: Dragonite|Dragon Dance|p1a: Dragonite
|-boost|p1a: Dragonite|atk|1
|-boost|p1a: Dragonite|spe|1
|
|upkeep
|turn|26
|
|t:|1758336364
|move|p1a: Dragonite|Extreme Speed|p2a: Iron Valiant
|-damage|p2a: Iron Valiant|18/100
|move|p2a: Iron Valiant|Moonblast|p1a: Dragonite
|-supereffective|p1a: Dragonite
|-damage|p1a: Dragonite|0 fnt
|faint|p1a: Dragonite
|
|upkeep
|
|t:|1758336370
|switch|p1a: Slowking|Slowking-Galar, M, shiny|50/100
|-damage|p1a: Slowking|37/100|[from] Spikes
|turn|27
|
|t:|1758336375
|move|p2a: Iron Valiant|Thunderbolt|p1a: Slowking
|-damage|p1a: Slowking|14/100
|move|p1a: Slowking|Sludge Bomb|p2a: Iron Valiant
|-supereffective|p2a: Iron Valiant
|-damage|p2a: Iron Valiant|0 fnt
|faint|p2a: Iron Valiant
|-end|p2a: Iron Valiant|Quark Drive|[silent]
|
|win|frozenmann
|raw|frozenmann's rating: 1430 &rarr; <strong>1451</strong><br />(+21 for winning)
|raw|Cam oddish's rating: 1456 &rarr; <strong>1435</strong><br />(-21 for losing)
|c|☆frozenmann|ggs
|c|☆Cam oddish|Gg
|l|☆Cam oddish
|player|p2|
|l|☆frozenmann
|player|p1|
