|j|☆outofphase44
|j|☆VIVIfrr
|t:|1758341852
|gametype|singles
|player|p1|outofphase44|1|1217
|player|p2|VIVIfrr|hugh|1170
|gen|9
|tier|[Gen 9] OU
|rated|
|rule|HP Percentage Mod: HP is shown in percentages
|rule|Endless Battle Clause: Forcing endless battles is banned
|rule|Species Clause: Limit one of each Pokémon
|rule|OHKO Clause: OHKO moves are banned
|rule|Evasion Items Clause: Evasion items are banned
|rule|Evasion Moves Clause: Evasion moves are banned
|rule|Evasion Abilities Clause: Evasion abilities are banned
|rule|Sleep Moves Clause: Sleep-inducing moves are banned
|clearpoke
|poke|p1|Samurott-Hisui, F|
|poke|p1|Dragapult, F|
|poke|p1|Landorus-Therian, M|
|poke|p1|Magnezone|
|poke|p1|Pecharunt|
|poke|p1|Alomomola, F|
|poke|p2|Ceruledge, M|
|poke|p2|Hawlucha, M|
|poke|p2|Ninetales-Alola, F|
|poke|p2|Skeledirge, F|
|poke|p2|Torkoal, M|
|poke|p2|Corviknight, M|
|teampreview
|j| Terry04
|
|t:|1758341872
|teamsize|p1|6
|teamsize|p2|6
|start
|switch|p1a: Pecharunt|Pecharunt|100/100
|switch|p2a: Ninetales|Ninetales-Alola, F|100/100
|-weather|Snowscape|[from] ability: Snow Warning|[of] p2a: Ninetales
|turn|1
|l| Terry04
|
|t:|1758341887
|move|p2a: Ninetales|Aurora Veil|p2a: Ninetales
|-sidestart|p2: VIVIfrr|move: Aurora Veil
|move|p1a: Pecharunt|Malignant Chain|p2a: Ninetales
|-supereffective|p2a: Ninetales
|-damage|p2a: Ninetales|64/100
|-status|p2a: Ninetales|tox
|-start|p2a: Ninetales|confusion|[from] ability: Poison Puppeteer|[of] p1a: Pecharunt
|
|-weather|Snowscape|[upkeep]
|-damage|p2a: Ninetales|58/100 tox|[from] psn
|upkeep
|turn|2
|
|t:|1758341898
|switch|p2a: Corviknight|Corviknight, M|100/100
|move|p1a: Pecharunt|Parting Shot|p2a: Corviknight
|-ability|p2a: Corviknight|Mirror Armor
|-unboost|p1a: Pecharunt|atk|1
|-ability|p2a: Corviknight|Mirror Armor
|-unboost|p1a: Pecharunt|spa|1
|
|t:|1758341910
|switch|p1a: Magnezone|Magnezone|100/100|[from] Parting Shot
|
|-weather|Snowscape|[upkeep]
|upkeep
|turn|3
|
|t:|1758341935
|move|p2a: Corviknight|Tailwind|p2a: Corviknight
|-sidestart|p2: VIVIfrr|move: Tailwind
|move|p1a: Magnezone|Thunderbolt|p2a: Corviknight
|-supereffective|p2a: Corviknight
|-damage|p2a: Corviknight|48/100
|
|-weather|Snowscape|[upkeep]
|upkeep
|turn|4
|
|t:|1758341947
|move|p2a: Corviknight|Taunt|p1a: Magnezone
|-start|p1a: Magnezone|move: Taunt
|move|p1a: Magnezone|Thunderbolt|p2a: Corviknight
|-supereffective|p2a: Corviknight
|-damage|p2a: Corviknight|0 fnt
|faint|p2a: Corviknight
|
|-weather|Snowscape|[upkeep]
|upkeep
|
|t:|1758341967
|switch|p2a: Ceruledge|Ceruledge, M|100/100
|turn|5
|
|t:|1758341981
|-terastallize|p1a: Magnezone|Ground
|move|p2a: Ceruledge|Swords Dance|p2a: Ceruledge
|-boost|p2a: Ceruledge|atk|2
|move|p1a: Magnezone|Tera Blast|p2a: Ceruledge|[anim] Tera Blast Ground
|-supereffective|p2a: Ceruledge
|-damage|p2a: Ceruledge|47/100
|-enditem|p2a: Ceruledge|Weakness Policy
|-boost|p2a: Ceruledge|atk|2|[from] item: Weakness Policy
|-boost|p2a: Ceruledge|spa|2|[from] item: Weakness Policy
|
|-weather|none
|upkeep
|turn|6
|
|t:|1758341996
|-terastallize|p2a: Ceruledge|Fighting
|move|p2a: Ceruledge|Close Combat|p1a: Magnezone
|-damage|p1a: Magnezone|0 fnt
|-unboost|p2a: Ceruledge|def|1
|-unboost|p2a: Ceruledge|spd|1
|faint|p1a: Magnezone
|
|-sideend|p2: VIVIfrr|move: Tailwind
|upkeep
|
|t:|1758342038
|switch|p1a: Dragapult|Dragapult, F|100/100
|turn|7
|
|t:|1758342048
|move|p2a: Ceruledge|Shadow Sneak|p1a: Dragapult
|-supereffective|p1a: Dragapult
|-damage|p1a: Dragapult|0 fnt
|faint|p1a: Dragapult
|
|upkeep
|
|t:|1758342053
|switch|p1a: Landorus|Landorus-Therian, M|100/100
|-ability|p1a: Landorus|Intimidate|boost
|-unboost|p2a: Ceruledge|atk|1
|turn|8
|
|t:|1758342061
|switch|p2a: Hawlucha|Hawlucha, M|100/100
|move|p1a: Landorus|Earthquake|p2a: Hawlucha
|-immune|p2a: Hawlucha
|
|-sideend|p2: VIVIfrr|move: Aurora Veil
|upkeep
|turn|9
|
|t:|1758342071
|move|p2a: Hawlucha|Swords Dance|p2a: Hawlucha
|-boost|p2a: Hawlucha|atk|2
|move|p1a: Landorus|U-turn|p2a: Hawlucha
|-resisted|p2a: Hawlucha
|-damage|p2a: Hawlucha|92/100
|-enditem|p2a: Hawlucha|Kee Berry|[eat]
|-boost|p2a: Hawlucha|def|1|[from] item: Kee Berry
|
|t:|1758342078
|switch|p1a: Pecharunt|Pecharunt|100/100|[from] U-turn
|
|upkeep
|turn|10
|
|t:|1758342085
|move|p2a: Hawlucha|Throat Chop|p1a: Pecharunt
|-supereffective|p1a: Pecharunt
|-damage|p1a: Pecharunt|46/100
|-start|p1a: Pecharunt|Throat Chop|[silent]
|move|p1a: Pecharunt|Malignant Chain|p2a: Hawlucha
|-damage|p2a: Hawlucha|38/100
|-status|p2a: Hawlucha|tox
|-start|p2a: Hawlucha|confusion|[from] ability: Poison Puppeteer|[of] p1a: Pecharunt
|
|-heal|p1a: Pecharunt|52/100|[from] item: Black Sludge
|-damage|p2a: Hawlucha|32/100 tox|[from] psn
|upkeep
|turn|11
|
|t:|1758342102
|switch|p1a: Landorus|Landorus-Therian, M|100/100
|-ability|p1a: Landorus|Intimidate|boost
|-unboost|p2a: Hawlucha|atk|1
|-activate|p2a: Hawlucha|confusion
|move|p2a: Hawlucha|Throat Chop|p1a: Landorus
|-damage|p1a: Landorus|60/100
|-start|p1a: Landorus|Throat Chop|[silent]
|
|-heal|p1a: Landorus|67/100|[from] item: Leftovers
|-damage|p2a: Hawlucha|20/100 tox|[from] psn
|upkeep
|turn|12
|
|t:|1758342120
|-end|p2a: Hawlucha|confusion
|move|p2a: Hawlucha|Acrobatics|p1a: Landorus
|-damage|p1a: Landorus|0 fnt
|faint|p1a: Landorus
|
|-damage|p2a: Hawlucha|2/100 tox|[from] psn
|upkeep
|
|t:|1758342134
|switch|p1a: Alomomola|Alomomola, F|100/100
|turn|13
|
|t:|1758342141
|move|p2a: Hawlucha|Acrobatics|p1a: Alomomola
|-damage|p1a: Alomomola|59/100
|move|p1a: Alomomola|Wish|p1a: Alomomola
|
|-heal|p1a: Alomomola|65/100|[from] item: Leftovers
|-damage|p2a: Hawlucha|0 fnt|[from] psn
|faint|p2a: Hawlucha
|upkeep
|
|t:|1758342149
|switch|p2a: Torkoal|Torkoal, M|100/100
|-weather|SunnyDay|[from] ability: Drought|[of] p2a: Torkoal
|turn|14
|
|t:|1758342160
|move|p1a: Alomomola|Flip Turn|p2a: Torkoal
|-supereffective|p2a: Torkoal
|-damage|p2a: Torkoal|90/100
|
|t:|1758342163
|switch|p1a: Pecharunt|Pecharunt|52/100|[from] Flip Turn
|move|p2a: Torkoal|Stealth Rock|p1a: Pecharunt
|-sidestart|p1: outofphase44|move: Stealth Rock
|
|-weather|SunnyDay|[upkeep]
|-heal|p1a: Pecharunt|100/100|[from] move: Wish|[wisher] Alomomola
|upkeep
|turn|15
|
|t:|1758342181
|move|p1a: Pecharunt|Toxic|p2a: Torkoal
|-status|p2a: Torkoal|tox
|-start|p2a: Torkoal|confusion|[from] ability: Poison Puppeteer|[of] p1a: Pecharunt
|-activate|p2a: Torkoal|confusion
|-damage|p2a: Torkoal|84/100 tox|[from] confusion
|
|-weather|SunnyDay|[upkeep]
|-damage|p2a: Torkoal|78/100 tox|[from] psn
|upkeep
|turn|16
|
|t:|1758342194
|move|p1a: Pecharunt|Malignant Chain|p2a: Torkoal
|-damage|p2a: Torkoal|49/100 tox
|-end|p2a: Torkoal|confusion
|move|p2a: Torkoal|Will-O-Wisp|p1a: Pecharunt
|-status|p1a: Pecharunt|brn
|
|-weather|SunnyDay|[upkeep]
|-damage|p2a: Torkoal|37/100 tox|[from] psn
|-damage|p1a: Pecharunt|94/100 brn|[from] brn
|upkeep
|turn|17
|
|t:|1758342217
|move|p1a: Pecharunt|Malignant Chain|p2a: Torkoal
|-crit|p2a: Torkoal
|-damage|p2a: Torkoal|0 fnt
|faint|p2a: Torkoal
|
|-weather|SunnyDay|[upkeep]
|-heal|p1a: Pecharunt|100/100 brn|[from] item: Black Sludge
|-damage|p1a: Pecharunt|94/100 brn|[from] brn
|upkeep
|
|t:|1758342225
|switch|p2a: Skeledirge|Skeledirge, F|100/100
|turn|18
|
|t:|1758342243
|switch|p1a: Alomomola|Alomomola, F|99/100
|-damage|p1a: Alomomola|86/100|[from] Stealth Rock
|move|p2a: Skeledirge|Hex|p1a: Alomomola
|-damage|p1a: Alomomola|57/100
|
|-weather|SunnyDay|[upkeep]
|-heal|p1a: Alomomola|64/100|[from] item: Leftovers
|upkeep
|turn|19
|
|t:|1758342253
|move|p2a: Skeledirge|Torch Song|p1a: Alomomola
|-resisted|p1a: Alomomola
|-damage|p1a: Alomomola|34/100
|-boost|p2a: Skeledirge|spa|1
|move|p1a: Alomomola|Chilling Water|p2a: Skeledirge
|-supereffective|p2a: Skeledirge
|-damage|p2a: Skeledirge|93/100
|-unboost|p2a: Skeledirge|atk|1
|
|-weather|SunnyDay|[upkeep]
|-heal|p2a: Skeledirge|99/100|[from] item: Leftovers
|-heal|p1a: Alomomola|40/100|[from] item: Leftovers
|upkeep
|turn|20
|
|t:|1758342268
|move|p2a: Skeledirge|Torch Song|p1a: Alomomola
|-resisted|p1a: Alomomola
|-damage|p1a: Alomomola|0 fnt
|-boost|p2a: Skeledirge|spa|1
|faint|p1a: Alomomola
|
|-weather|SunnyDay|[upkeep]
|-heal|p2a: Skeledirge|100/100|[from] item: Leftovers
|upkeep
|
|t:|1758342275
|switch|p1a: Samurott|Samurott-Hisui, F|100/100
|-damage|p1a: Samurott|88/100|[from] Stealth Rock
|turn|21
|
|t:|1758342280
|move|p1a: Samurott|Ceaseless Edge|p2a: Skeledirge
|-supereffective|p2a: Skeledirge
|-damage|p2a: Skeledirge|25/100
|-sidestart|p2: VIVIfrr|Spikes
|move|p2a: Skeledirge|Alluring Voice|p1a: Samurott
|-supereffective|p1a: Samurott
|-damage|p1a: Samurott|0 fnt
|faint|p1a: Samurott
|
|-weather|none
|-heal|p2a: Skeledirge|31/100|[from] item: Leftovers
|upkeep
|
|t:|1758342289
|switch|p1a: Pecharunt|Pecharunt|94/100 brn
|-damage|p1a: Pecharunt|82/100 brn|[from] Stealth Rock
|turn|22
|
|t:|1758342298
|move|p1a: Pecharunt|Malignant Chain|p2a: Skeledirge
|-resisted|p2a: Skeledirge
|-damage|p2a: Skeledirge|14/100
|-status|p2a: Skeledirge|tox
|-start|p2a: Skeledirge|confusion|[from] ability: Poison Puppeteer|[of] p1a: Pecharunt
|-activate|p2a: Skeledirge|confusion
|-damage|p2a: Skeledirge|11/100 tox|[from] confusion
|
|-heal|p1a: Pecharunt|88/100 brn|[from] item: Black Sludge
|-heal|p2a: Skeledirge|17/100 tox|[from] item: Leftovers
|-damage|p2a: Skeledirge|11/100 tox|[from] psn
|-damage|p1a: Pecharunt|82/100 brn|[from] brn
|upkeep
|turn|23
|
|t:|1758342313
|move|p1a: Pecharunt|Recover|p1a: Pecharunt
|-heal|p1a: Pecharunt|100/100 brn
|-activate|p2a: Skeledirge|confusion
|move|p2a: Skeledirge|Slack Off|p2a: Skeledirge
|-heal|p2a: Skeledirge|61/100 tox
|
|-heal|p2a: Skeledirge|67/100 tox|[from] item: Leftovers
|-damage|p2a: Skeledirge|55/100 tox|[from] psn
|-damage|p1a: Pecharunt|94/100 brn|[from] brn
|upkeep
|turn|24
|
|t:|1758342324
|move|p1a: Pecharunt|Malignant Chain|p2a: Skeledirge
|-resisted|p2a: Skeledirge
|-damage|p2a: Skeledirge|38/100 tox
|-end|p2a: Skeledirge|confusion
|move|p2a: Skeledirge|Slack Off|p2a: Skeledirge
|-heal|p2a: Skeledirge|88/100 tox
|
|-heal|p1a: Pecharunt|100/100 brn|[from] item: Black Sludge
|-heal|p2a: Skeledirge|94/100 tox|[from] item: Leftovers
|-damage|p2a: Skeledirge|76/100 tox|[from] psn
|-damage|p1a: Pecharunt|94/100 brn|[from] brn
|upkeep
|turn|25
|
|t:|1758342339
|move|p1a: Pecharunt|Parting Shot|p2a: Skeledirge
|-unboost|p2a: Skeledirge|atk|1
|-unboost|p2a: Skeledirge|spa|1
|move|p2a: Skeledirge|Hex|p1a: Pecharunt
|-supereffective|p1a: Pecharunt
|-damage|p1a: Pecharunt|0 fnt
|faint|p1a: Pecharunt
|
|win|VIVIfrr
|raw|outofphase44's rating: 1217 &rarr; <strong>1189</strong><br />(-28 for losing)
|raw|VIVIfrr's rating: 1170 &rarr; <strong>1198</strong><br />(+28 for winning)
|l|☆VIVIfrr
|player|p2|
|l|☆outofphase44
|player|p1|
