|j|☆profesor-rudy
|j|☆WhiteSash
|t:|1758251759
|gametype|singles
|player|p1|profesor-rudy|2|1068
|player|p2|WhiteSash|acetrainer-gen4dp|1000
|gen|9
|tier|[Gen 9] OU
|rated|
|rule|HP Percentage Mod: HP is shown in percentages
|rule|Endless Battle Clause: Forcing endless battles is banned
|rule|Species Clause: Limit one of each Pokémon
|rule|OHKO Clause: OHKO moves are banned
|rule|Evasion Items Clause: Evasion items are banned
|rule|Evasion Moves Clause: Evasion moves are banned
|rule|Evasion Abilities Clause: Evasion abilities are banned
|rule|Sleep Moves Clause: Sleep-inducing moves are banned
|clearpoke
|poke|p1|Glastrier|
|poke|p1|Snorlax, M|
|poke|p1|Donphan, L1, M|
|poke|p1|Cresselia, F|
|poke|p1|Pawmot, M|
|poke|p1|Mimikyu, M|
|poke|p2|Rillaboom, M|
|poke|p2|Dragapult, F|
|poke|p2|Cinderace, M|
|poke|p2|Iron Moth|
|poke|p2|Meowscarada, F|
|poke|p2|Goodra-Hisui, M|
|teampreview
|c|☆WhiteSash|glhf
|inactive|Battle timer is ON: inactive players will automatically lose when time's up. (requested by WhiteSash)
|
|t:|1758251776
|teamsize|p1|6
|teamsize|p2|6
|start
|switch|p1a: Donphan|Donphan, L1, M|100/100
|switch|p2a: Goodra|Goodra-Hisui, M|100/100
|turn|1
|
|t:|1758251782
|move|p2a: Goodra|Curse|p2a: Goodra
|-unboost|p2a: Goodra|spe|1
|-boost|p2a: Goodra|atk|1
|-boost|p2a: Goodra|def|1
|move|p1a: Donphan|Endeavor|p2a: Goodra
|-damage|p2a: Goodra|4/100
|
|-heal|p2a: Goodra|10/100|[from] item: Leftovers
|upkeep
|turn|2
|
|t:|1758251795
|move|p1a: Donphan|Knock Off|p2a: Goodra
|-damage|p2a: Goodra|10/100
|-enditem|p2a: Goodra|Leftovers|[from] move: Knock Off|[of] p1a: Donphan
|move|p2a: Goodra|Dragon Tail|p1a: Donphan
|-ability|p1a: Donphan|Sturdy
|-damage|p1a: Donphan|9/100
|drag|p1a: Mimikyu|Mimikyu, M|100/100
|
|upkeep
|turn|3
|
|t:|1758251808
|move|p1a: Mimikyu|Shadow Sneak|p2a: Goodra
|-damage|p2a: Goodra|0 fnt
|faint|p2a: Goodra
|-damage|p1a: Mimikyu|90/100|[from] item: Life Orb
|
|upkeep
|
|t:|1758251813
|switch|p2a: Meowscarada|Meowscarada, F|100/100
|turn|4
|
|t:|1758251818
|move|p2a: Meowscarada|Flower Trick|p1a: Mimikyu
|-start|p2a: Meowscarada|typechange|Grass|[from] ability: Protean
|-activate|p1a: Mimikyu|ability: Disguise
|-damage|p1a: Mimikyu|90/100
|detailschange|p1a: Mimikyu|Mimikyu-Busted, M
|-damage|p1a: Mimikyu|78/100|[from] pokemon: Mimikyu-Busted
|move|p1a: Mimikyu|Trick Room|p1a: Mimikyu
|-fieldstart|move: Trick Room|[of] p1a: Mimikyu
|
|upkeep
|turn|5
|
|t:|1758251828
|move|p1a: Mimikyu|Destiny Bond|p1a: Mimikyu
|-singlemove|p1a: Mimikyu|Destiny Bond
|move|p2a: Meowscarada|Flower Trick|p1a: Mimikyu
|-crit|p1a: Mimikyu
|-damage|p1a: Mimikyu|0 fnt
|faint|p1a: Mimikyu
|-activate|p1a: Mimikyu|move: Destiny Bond
|faint|p2a: Meowscarada
|
|upkeep
|
|t:|1758251846
|switch|p1a: Snorlax|Snorlax, M, shiny|100/100
|switch|p2a: Rillaboom|Rillaboom, M|100/100
|-fieldstart|move: Grassy Terrain|[from] ability: Grassy Surge|[of] p2a: Rillaboom
|turn|6
|
|t:|1758251865
|-terastallize|p1a: Snorlax|Steel
|move|p1a: Snorlax|Curse|p1a: Snorlax
|-unboost|p1a: Snorlax|spe|1
|-boost|p1a: Snorlax|atk|1
|-boost|p1a: Snorlax|def|1
|move|p2a: Rillaboom|Low Kick|p1a: Snorlax
|-supereffective|p1a: Snorlax
|-damage|p1a: Snorlax|59/100
|-damage|p2a: Rillaboom|84/100|[from] item: Rocky Helmet|[of] p1a: Snorlax
|
|-heal|p1a: Snorlax|65/100|[from] Grassy Terrain
|-heal|p2a: Rillaboom|90/100|[from] Grassy Terrain
|upkeep
|turn|7
|inactive|profesor-rudy has 120 seconds left.
|
|t:|1758251883
|move|p1a: Snorlax|Facade|p2a: Rillaboom
|-damage|p2a: Rillaboom|58/100
|move|p2a: Rillaboom|Knock Off|p1a: Snorlax
|-crit|p1a: Snorlax
|-damage|p1a: Snorlax|25/100
|-damage|p2a: Rillaboom|42/100|[from] item: Rocky Helmet|[of] p1a: Snorlax
|-enditem|p1a: Snorlax|Rocky Helmet|[from] move: Knock Off|[of] p2a: Rillaboom
|
|-heal|p1a: Snorlax|31/100|[from] Grassy Terrain
|-heal|p2a: Rillaboom|48/100|[from] Grassy Terrain
|upkeep
|turn|8
|inactive|profesor-rudy has 120 seconds left.
|
|t:|1758251895
|move|p1a: Snorlax|Facade|p2a: Rillaboom
|-damage|p2a: Rillaboom|13/100
|move|p2a: Rillaboom|Low Kick|p1a: Snorlax
|-supereffective|p1a: Snorlax
|-damage|p1a: Snorlax|0 fnt
|faint|p1a: Snorlax
|
|-heal|p2a: Rillaboom|19/100|[from] Grassy Terrain
|-fieldend|move: Trick Room
|upkeep
|inactive|profesor-rudy has 120 seconds left.
|-message|profesor-rudy forfeited.
|
|win|WhiteSash
|raw|profesor-rudy's rating: 1068 &rarr; <strong>1044</strong><br />(-24 for losing)
|raw|WhiteSash's rating: 1000 &rarr; <strong>1048</strong><br />(+48 for winning)
|l|☆profesor-rudy
|player|p1|
