|j|☆btchiness
|j|☆vanoscity
|t:|1758287816
|gametype|singles
|player|p1|btchiness|hugh|1115
|player|p2|vanoscity|unknown|1097
|gen|9
|tier|[Gen 9] OU
|rated|
|rule|HP Percentage Mod: HP is shown in percentages
|rule|Endless Battle Clause: Forcing endless battles is banned
|rule|Species Clause: Limit one of each Pokémon
|rule|OHKO Clause: OHKO moves are banned
|rule|Evasion Items Clause: Evasion items are banned
|rule|Evasion Moves Clause: Evasion moves are banned
|rule|Evasion Abilities Clause: Evasion abilities are banned
|rule|Sleep Moves Clause: Sleep-inducing moves are banned
|clearpoke
|poke|p1|Venomoth, F|
|poke|p1|Corviknight, M|
|poke|p1|Brambleghast, F|
|poke|p1|Enamorus, F|
|poke|p1|Quaquaval, F|
|poke|p1|Clefable, F|
|poke|p2|Infernape, M|
|poke|p2|Gliscor, M|
|poke|p2|Serperior, F|
|poke|p2|Iron Valiant|
|poke|p2|Dragapult, F|
|poke|p2|Greninja-*, M|
|teampreview
|inactive|Battle timer is ON: inactive players will automatically lose when time's up. (requested by vanoscity)
|
|t:|1758287826
|teamsize|p1|6
|teamsize|p2|6
|start
|switch|p1a: Venomoth|Venomoth, F|100/100
|switch|p2a: Dragapult|Dragapult, F|100/100
|turn|1
|
|t:|1758287839
|switch|p1a: Clefable|Clefable, F|100/100
|move|p2a: Dragapult|Dragon Dance|p2a: Dragapult
|-boost|p2a: Dragapult|atk|1
|-boost|p2a: Dragapult|spe|1
|
|upkeep
|turn|2
|
|t:|1758287847
|-terastallize|p2a: Dragapult|Fairy
|move|p2a: Dragapult|Dragon Dance|p2a: Dragapult
|-boost|p2a: Dragapult|atk|1
|-boost|p2a: Dragapult|spe|1
|move|p1a: Clefable|Encore|p2a: Dragapult
|-start|p2a: Dragapult|Encore
|
|upkeep
|turn|3
|
|t:|1758287858
|move|p2a: Dragapult|Dragon Dance|p2a: Dragapult
|-boost|p2a: Dragapult|atk|1
|-boost|p2a: Dragapult|spe|1
|move|p1a: Clefable|Moonblast|p2a: Dragapult
|-damage|p2a: Dragapult|57/100
|-unboost|p2a: Dragapult|spa|1
|
|-heal|p2a: Dragapult|63/100|[from] item: Leftovers
|upkeep
|turn|4
|
|t:|1758287868
|move|p2a: Dragapult|Dragon Dance|p2a: Dragapult
|-boost|p2a: Dragapult|atk|1
|-boost|p2a: Dragapult|spe|1
|move|p1a: Clefable|Moonblast|p2a: Dragapult
|-damage|p2a: Dragapult|16/100
|
|-heal|p2a: Dragapult|22/100|[from] item: Leftovers
|upkeep
|turn|5
|
|t:|1758287876
|move|p2a: Dragapult|Dragon Dance|p2a: Dragapult
|-boost|p2a: Dragapult|atk|1
|-boost|p2a: Dragapult|spe|1
|move|p1a: Clefable|Moonblast|p2a: Dragapult
|-damage|p2a: Dragapult|0 fnt
|faint|p2a: Dragapult
|
|upkeep
|
|t:|1758287879
|switch|p2a: Serperior|Serperior, F|100/100
|turn|6
|
|t:|1758287895
|-terastallize|p1a: Clefable|Fire
|move|p2a: Serperior|Leaf Storm|p1a: Clefable
|-resisted|p1a: Clefable
|-damage|p1a: Clefable|84/100
|-boost|p2a: Serperior|spa|2
|move|p1a: Clefable|Flamethrower|p2a: Serperior
|-supereffective|p2a: Serperior
|-damage|p2a: Serperior|20/100
|
|-heal|p1a: Clefable|90/100|[from] item: Leftovers
|upkeep
|turn|7
|-message|vanoscity forfeited.
|
|win|btchiness
|raw|btchiness's rating: 1115 &rarr; <strong>1139</strong><br />(+24 for winning)
|raw|vanoscity's rating: 1097 &rarr; <strong>1074</strong><br />(-23 for losing)
|l|☆vanoscity
|player|p2|
|l|☆btchiness
|player|p1|
