|j|☆Freaky Freddy
|j|☆Lezhaper
|t:|1758289698
|gametype|singles
|player|p1|Freaky Freddy|169|1181
|player|p2|Lezhaper|265|1117
|gen|9
|tier|[Gen 9] OU
|rated|
|rule|HP Percentage Mod: HP is shown in percentages
|rule|Endless Battle Clause: Forcing endless battles is banned
|rule|Species Clause: Limit one of each Pokémon
|rule|OHKO Clause: OHKO moves are banned
|rule|Evasion Items Clause: Evasion items are banned
|rule|Evasion Moves Clause: Evasion moves are banned
|rule|Evasion Abilities Clause: Evasion abilities are banned
|rule|Sleep Moves Clause: Sleep-inducing moves are banned
|clearpoke
|poke|p1|Samurott-Hisui, M|
|poke|p1|Corviknight, M|
|poke|p1|Chandelure, F|
|poke|p1|Galvantula, M|
|poke|p1|Serperior, M|
|poke|p1|Excadrill, M|
|poke|p2|Falinks|
|poke|p2|Primarina, M|
|poke|p2|Great Tusk|
|poke|p2|Latias, F|
|poke|p2|Clodsire, M|
|poke|p2|Talonflame, M|
|teampreview
|inactive|Battle timer is ON: inactive players will automatically lose when time's up. (requested by Freaky Freddy)
|
|t:|1758289714
|teamsize|p1|6
|teamsize|p2|6
|start
|switch|p1a: Galvantula|Galvantula, M, shiny|100/100
|switch|p2a: Talonflame|Talonflame, M|100/100
|-item|p1a: Galvantula|Air Balloon
|turn|1
|
|t:|1758289724
|move|p2a: Talonflame|Acrobatics|p1a: Galvantula
|-damage|p1a: Galvantula|20/100
|-enditem|p1a: Galvantula|Air Balloon
|move|p1a: Galvantula|Sticky Web|p2a: Talonflame
|-sidestart|p2: Lezhaper|move: Sticky Web
|
|upkeep
|turn|2
|
|t:|1758289731
|move|p2a: Talonflame|Acrobatics|p1a: Galvantula
|-damage|p1a: Galvantula|0 fnt
|faint|p1a: Galvantula
|
|upkeep
|
|t:|1758289746
|switch|p1a: Excadrill|Excadrill, M|100/100
|-ability|p1a: Excadrill|Mold Breaker
|turn|3
|
|t:|1758289751
|move|p2a: Talonflame|Flare Blitz|p1a: Excadrill
|-supereffective|p1a: Excadrill
|-enditem|p1a: Excadrill|Focus Sash
|-damage|p1a: Excadrill|1/100
|-damage|p2a: Talonflame|60/100|[from] Recoil
|move|p1a: Excadrill|Rapid Spin|p2a: Talonflame
|-damage|p2a: Talonflame|33/100
|-boost|p1a: Excadrill|spe|1
|
|upkeep
|turn|4
|
|t:|1758289760
|move|p1a: Excadrill|Iron Head|p2a: Talonflame
|-resisted|p2a: Talonflame
|-damage|p2a: Talonflame|0 fnt
|faint|p2a: Talonflame
|
|upkeep
|
|t:|1758289764
|switch|p2a: Great Tusk|Great Tusk|100/100
|-activate|p2a: Great Tusk|move: Sticky Web
|-unboost|p2a: Great Tusk|spe|1
|-enditem|p2a: Great Tusk|Booster Energy
|-activate|p2a: Great Tusk|ability: Protosynthesis|[fromitem]
|-start|p2a: Great Tusk|protosynthesisatk
|turn|5
|
|t:|1758289768
|move|p1a: Excadrill|Earthquake|p2a: Great Tusk
|-damage|p2a: Great Tusk|63/100
|move|p2a: Great Tusk|Rapid Spin|p1a: Excadrill
|-resisted|p1a: Excadrill
|-damage|p1a: Excadrill|0 fnt
|-boost|p2a: Great Tusk|spe|1
|-sideend|p2: Lezhaper|Sticky Web|[from] move: Rapid Spin|[of] p2a: Great Tusk
|faint|p1a: Excadrill
|
|upkeep
|
|t:|1758289774
|switch|p1a: Serperior|Serperior, M|100/100
|turn|6
|
|t:|1758289777
|move|p1a: Serperior|Leaf Storm|p2a: Great Tusk
|-supereffective|p2a: Great Tusk
|-damage|p2a: Great Tusk|0 fnt
|-boost|p1a: Serperior|spa|2
|faint|p2a: Great Tusk
|-end|p2a: Great Tusk|Protosynthesis|[silent]
|
|upkeep
|
|t:|1758289784
|switch|p2a: Clodsire|Clodsire, M|100/100
|turn|7
|
|t:|1758289794
|-terastallize|p1a: Serperior|Dragon
|move|p1a: Serperior|Glare|p2a: Clodsire
|-status|p2a: Clodsire|par
|move|p2a: Clodsire|Haze|p2a: Clodsire
|-clearallboost
|
|upkeep
|turn|8
|
|t:|1758289801
|switch|p1a: Corviknight|Corviknight, M, shiny|100/100
|move|p2a: Clodsire|Toxic|p1a: Corviknight
|-immune|p1a: Corviknight
|
|upkeep
|turn|9
|
|t:|1758289805
|move|p1a: Corviknight|Bulk Up|p1a: Corviknight
|-boost|p1a: Corviknight|atk|1
|-boost|p1a: Corviknight|def|1
|move|p2a: Clodsire|Stealth Rock|p1a: Corviknight
|-sidestart|p1: Freaky Freddy|move: Stealth Rock
|
|upkeep
|turn|10
|
|t:|1758289810
|move|p1a: Corviknight|Brave Bird|p2a: Clodsire
|-damage|p2a: Clodsire|54/100 par
|-damage|p1a: Corviknight|85/100|[from] Recoil
|move|p2a: Clodsire|Haze|p2a: Clodsire
|-clearallboost
|
|-heal|p2a: Clodsire|60/100 par|[from] item: Leftovers
|upkeep
|turn|11
|
|t:|1758289822
|move|p2a: Clodsire|Protect|p2a: Clodsire
|-singleturn|p2a: Clodsire|Protect
|move|p1a: Corviknight|Bulk Up|p1a: Corviknight
|-boost|p1a: Corviknight|atk|1
|-boost|p1a: Corviknight|def|1
|
|-heal|p2a: Clodsire|66/100 par|[from] item: Leftovers
|upkeep
|turn|12
|
|t:|1758289825
|move|p1a: Corviknight|Brave Bird|p2a: Clodsire
|-damage|p2a: Clodsire|13/100 par
|-damage|p1a: Corviknight|67/100|[from] Recoil
|cant|p2a: Clodsire|par
|
|-heal|p2a: Clodsire|19/100 par|[from] item: Leftovers
|upkeep
|turn|13
|
|t:|1758289832
|move|p2a: Clodsire|Protect|p2a: Clodsire
|-singleturn|p2a: Clodsire|Protect
|move|p1a: Corviknight|Brave Bird|p2a: Clodsire
|-activate|p2a: Clodsire|move: Protect
|
|-heal|p2a: Clodsire|26/100 par|[from] item: Leftovers
|upkeep
|turn|14
|
|t:|1758289836
|move|p1a: Corviknight|Brave Bird|p2a: Clodsire
|-damage|p2a: Clodsire|0 fnt
|faint|p2a: Clodsire
|-damage|p1a: Corviknight|59/100|[from] Recoil
|
|upkeep
|
|t:|1758289840
|switch|p2a: Latias|Latias, F|100/100
|turn|15
|
|t:|1758289844
|move|p2a: Latias|Thunderbolt|p1a: Corviknight
|-supereffective|p1a: Corviknight
|-damage|p1a: Corviknight|20/100
|move|p1a: Corviknight|Roost|p1a: Corviknight
|-heal|p1a: Corviknight|70/100
|-singleturn|p1a: Corviknight|move: Roost
|
|upkeep
|turn|16
|
|t:|1758289856
|move|p2a: Latias|Thunderbolt|p1a: Corviknight
|-supereffective|p1a: Corviknight
|-crit|p1a: Corviknight
|-damage|p1a: Corviknight|8/100
|move|p1a: Corviknight|Roost|p1a: Corviknight
|-heal|p1a: Corviknight|58/100
|-singleturn|p1a: Corviknight|move: Roost
|
|upkeep
|turn|17
|
|t:|1758289864
|move|p2a: Latias|Thunderbolt|p1a: Corviknight
|-supereffective|p1a: Corviknight
|-damage|p1a: Corviknight|23/100
|move|p1a: Corviknight|Brave Bird|p2a: Latias
|-damage|p2a: Latias|36/100
|-damage|p1a: Corviknight|7/100|[from] Recoil
|
|upkeep
|turn|18
|
|t:|1758289868
|move|p2a: Latias|Thunderbolt|p1a: Corviknight
|-supereffective|p1a: Corviknight
|-damage|p1a: Corviknight|0 fnt
|faint|p1a: Corviknight
|
|upkeep
|
|t:|1758289872
|switch|p1a: Samurott|Samurott-Hisui, M, shiny|100/100
|-damage|p1a: Samurott|88/100|[from] Stealth Rock
|turn|19
|
|t:|1758289875
|move|p2a: Latias|Thunderbolt|p1a: Samurott
|-supereffective|p1a: Samurott
|-damage|p1a: Samurott|0 fnt
|faint|p1a: Samurott
|
|upkeep
|
|t:|1758289881
|switch|p1a: Serperior|Serperior, M, tera:Dragon|100/100
|-damage|p1a: Serperior|88/100|[from] Stealth Rock
|turn|20
|
|t:|1758289883
|move|p1a: Serperior|Tera Blast|p2a: Latias|[anim] Tera Blast Dragon
|-supereffective|p2a: Latias
|-damage|p2a: Latias|0 fnt
|faint|p2a: Latias
|
|-heal|p1a: Serperior|94/100|[from] item: Leftovers
|upkeep
|
|t:|1758289887
|switch|p2a: Primarina|Primarina, M|100/100
|turn|21
|
|t:|1758289891
|-terastallize|p2a: Primarina|Fire
|move|p1a: Serperior|Leaf Storm|p2a: Primarina
|-resisted|p2a: Primarina
|-damage|p2a: Primarina|82/100
|-boost|p1a: Serperior|spa|2
|move|p2a: Primarina|Draining Kiss|p1a: Serperior
|-supereffective|p1a: Serperior
|-damage|p1a: Serperior|30/100
|-heal|p2a: Primarina|100/100|[from] drain|[of] p1a: Serperior
|
|-heal|p1a: Serperior|37/100|[from] item: Leftovers
|upkeep
|turn|22
|
|t:|1758289904
|move|p1a: Serperior|Glare|p2a: Primarina
|-status|p2a: Primarina|par
|move|p2a: Primarina|Draining Kiss|p1a: Serperior
|-supereffective|p1a: Serperior
|-damage|p1a: Serperior|0 fnt
|faint|p1a: Serperior
|
|upkeep
|
|t:|1758289907
|switch|p1a: Chandelure|Chandelure, F|100/100
|-damage|p1a: Chandelure|76/100|[from] Stealth Rock
|turn|23
|
|t:|1758289922
|move|p1a: Chandelure|Shadow Ball|p2a: Primarina
|-damage|p2a: Primarina|61/100 par
|cant|p2a: Primarina|par
|
|-heal|p2a: Primarina|67/100 par|[from] item: Leftovers
|upkeep
|turn|24
|
|t:|1758289928
|move|p1a: Chandelure|Shadow Ball|p2a: Primarina
|-damage|p2a: Primarina|33/100 par
|move|p2a: Primarina|Energy Ball|p1a: Chandelure
|-resisted|p1a: Chandelure
|-damage|p1a: Chandelure|53/100
|
|-heal|p2a: Primarina|39/100 par|[from] item: Leftovers
|upkeep
|turn|25
|
|t:|1758289931
|move|p1a: Chandelure|Shadow Ball|p2a: Primarina
|-damage|p2a: Primarina|0 fnt
|faint|p2a: Primarina
|
|upkeep
|
|t:|1758289933
|switch|p2a: Falinks|Falinks|100/100
|turn|26
|
|t:|1758289936
|move|p1a: Chandelure|Shadow Ball|p2a: Falinks
|-damage|p2a: Falinks|13/100
|move|p2a: Falinks|Knock Off|p1a: Chandelure
|-supereffective|p1a: Chandelure
|-damage|p1a: Chandelure|0 fnt
|-enditem|p1a: Chandelure|Choice Scarf|[from] move: Knock Off|[of] p2a: Falinks
|faint|p1a: Chandelure
|
|win|Lezhaper
|raw|Freaky Freddy's rating: 1181 &rarr; <strong>1151</strong><br />(-30 for losing)
|raw|Lezhaper's rating: 1117 &rarr; <strong>1147</strong><br />(+30 for winning)
|l|☆Freaky Freddy
|player|p1|
|l|☆Lezhaper
|player|p2|
