|j|☆xxxpump
|j|☆LovingArtfulPupil
|t:|1758250561
|gametype|singles
|player|p1|xxxpump|1|1108
|player|p2|LovingArtfulPupil|1|1065
|gen|9
|tier|[Gen 9] OU
|rated|
|rule|HP Percentage Mod: HP is shown in percentages
|rule|Endless Battle Clause: Forcing endless battles is banned
|rule|Species Clause: Limit one of each Pokémon
|rule|OHKO Clause: OHKO moves are banned
|rule|Evasion Items Clause: Evasion items are banned
|rule|Evasion Moves Clause: Evasion moves are banned
|rule|Evasion Abilities Clause: Evasion abilities are banned
|rule|Sleep Moves Clause: Sleep-inducing moves are banned
|clearpoke
|poke|p1|Deoxys-Speed|
|poke|p1|Dragonite, M|
|poke|p1|Darkrai|
|poke|p1|Iron Moth|
|poke|p1|Scizor, M|
|poke|p1|Great Tusk|
|poke|p2|Alomomola, M|
|poke|p2|Hoopa-Unbound|
|poke|p2|Cinderace, F|
|poke|p2|Rillaboom, M|
|poke|p2|Great Tusk|
|poke|p2|Iron Valiant|
|teampreview
|inactive|Battle timer is ON: inactive players will automatically lose when time's up. (requested by LovingArtfulPupil)
|inactive|LovingArtfulPupil has 120 seconds left.
|
|t:|1758250604
|teamsize|p1|6
|teamsize|p2|6
|start
|switch|p1a: Deoxys|Deoxys-Speed|100/100
|switch|p2a: Cinderace|Cinderace, F|100/100
|-ability|p1a: Deoxys|Pressure
|turn|1
|
|t:|1758250614
|move|p1a: Deoxys|Stealth Rock|p2a: Cinderace
|-sidestart|p2: LovingArtfulPupil|move: Stealth Rock
|move|p2a: Cinderace|U-turn|p1a: Deoxys
|-start|p2a: Cinderace|typechange|Bug|[from] ability: Libero
|-supereffective|p1a: Deoxys
|-damage|p1a: Deoxys|13/100
|-damage|p2a: Cinderace|84/100|[from] item: Rocky Helmet|[of] p1a: Deoxys
|
|t:|1758250621
|switch|p2a: Great Tusk|Great Tusk|100/100|[from] U-turn
|
|upkeep
|turn|2
|
|t:|1758250628
|move|p1a: Deoxys|Psycho Boost|p2a: Great Tusk
|-supereffective|p2a: Great Tusk
|-damage|p2a: Great Tusk|0 fnt
|-unboost|p1a: Deoxys|spa|2
|faint|p2a: Great Tusk
|-end|p2a: Great Tusk|Protosynthesis|[silent]
|
|upkeep
|
|t:|1758250636
|switch|p2a: Cinderace|Cinderace, F|84/100
|turn|3
|
|t:|1758250639
|move|p1a: Deoxys|Taunt|p2a: Cinderace
|-start|p2a: Cinderace|move: Taunt
|cant|p2a: Cinderace|move: Taunt|Court Change
|
|upkeep
|turn|4
|
|t:|1758250657
|switch|p1a: Great Tusk|Great Tusk|100/100
|-enditem|p1a: Great Tusk|Booster Energy
|-activate|p1a: Great Tusk|ability: Protosynthesis|[fromitem]
|-start|p1a: Great Tusk|protosynthesisspe
|move|p2a: Cinderace|U-turn|p1a: Great Tusk
|-start|p2a: Cinderace|typechange|Bug|[from] ability: Libero
|-resisted|p1a: Great Tusk
|-damage|p1a: Great Tusk|90/100
|
|t:|1758250672
|switch|p2a: Alomomola|Alomomola, M|100/100|[from] U-turn
|-damage|p2a: Alomomola|88/100|[from] Stealth Rock
|
|upkeep
|turn|5
|
|t:|1758250696
|move|p1a: Great Tusk|Headlong Rush|p2a: Alomomola
|-damage|p2a: Alomomola|59/100
|-unboost|p1a: Great Tusk|def|1
|-unboost|p1a: Great Tusk|spd|1
|-damage|p1a: Great Tusk|74/100|[from] item: Rocky Helmet|[of] p2a: Alomomola
|move|p2a: Alomomola|Scald|p1a: Great Tusk
|-supereffective|p1a: Great Tusk
|-damage|p1a: Great Tusk|18/100
|
|upkeep
|turn|6
|
|t:|1758250708
|-end|p1a: Great Tusk|Protosynthesis|[silent]
|switch|p1a: Darkrai|Darkrai|100/100
|move|p2a: Alomomola|Flip Turn|p1a: Darkrai
|-damage|p1a: Darkrai|79/100
|
|t:|1758250717
|switch|p2a: Iron Valiant|Iron Valiant|100/100|[from] Flip Turn
|-damage|p2a: Iron Valiant|94/100|[from] Stealth Rock
|
|upkeep
|turn|7
|
|t:|1758250736
|switch|p1a: Great Tusk|Great Tusk|18/100
|move|p2a: Iron Valiant|Moonblast|p1a: Great Tusk
|-supereffective|p1a: Great Tusk
|-damage|p1a: Great Tusk|0 fnt
|faint|p1a: Great Tusk
|-end|p1a: Great Tusk|Protosynthesis|[silent]
|
|upkeep
|
|t:|1758250741
|switch|p1a: Scizor|Scizor, M|100/100
|turn|8
|
|t:|1758250756
|-end|p2a: Iron Valiant|Quark Drive|[silent]
|switch|p2a: Alomomola|Alomomola, M|93/100
|-damage|p2a: Alomomola|80/100|[from] Stealth Rock
|move|p1a: Scizor|U-turn|p2a: Alomomola
|-damage|p2a: Alomomola|48/100
|-damage|p1a: Scizor|84/100|[from] item: Rocky Helmet|[of] p2a: Alomomola
|
|t:|1758250766
|switch|p1a: Darkrai|Darkrai|79/100|[from] U-turn
|
|upkeep
|turn|9
|
|t:|1758250772
|switch|p2a: Hoopa|Hoopa-Unbound|100/100
|-damage|p2a: Hoopa|88/100|[from] Stealth Rock
|move|p1a: Darkrai|Dark Pulse|p2a: Hoopa
|-damage|p2a: Hoopa|58/100
|-damage|p1a: Darkrai|69/100|[from] item: Life Orb
|
|upkeep
|turn|10
|
|t:|1758250787
|move|p1a: Darkrai|Focus Blast|p2a: Hoopa
|-crit|p2a: Hoopa
|-damage|p2a: Hoopa|14/100
|-damage|p1a: Darkrai|59/100|[from] item: Life Orb
|move|p2a: Hoopa|Drain Punch|p1a: Darkrai
|-supereffective|p1a: Darkrai
|-damage|p1a: Darkrai|0 fnt
|-heal|p2a: Hoopa|37/100|[from] drain|[of] p1a: Darkrai
|faint|p1a: Darkrai
|
|upkeep
|
|t:|1758250801
|switch|p1a: Scizor|Scizor, M|84/100
|turn|11
|
|t:|1758250810
|switch|p2a: Alomomola|Alomomola, M|81/100
|-damage|p2a: Alomomola|69/100|[from] Stealth Rock
|move|p1a: Scizor|U-turn|p2a: Alomomola
|-damage|p2a: Alomomola|38/100
|-damage|p1a: Scizor|68/100|[from] item: Rocky Helmet|[of] p2a: Alomomola
|
|t:|1758250817
|switch|p1a: Dragonite|Dragonite, M|100/100|[from] U-turn
|
|upkeep
|turn|12
|
|t:|1758250826
|move|p1a: Dragonite|Dragon Dance|p1a: Dragonite
|-boost|p1a: Dragonite|atk|1
|-boost|p1a: Dragonite|spe|1
|move|p2a: Alomomola|Flip Turn|p1a: Dragonite
|-resisted|p1a: Dragonite
|-damage|p1a: Dragonite|96/100
|
|t:|1758250834
|switch|p2a: Iron Valiant|Iron Valiant|94/100|[from] Flip Turn
|-damage|p2a: Iron Valiant|88/100|[from] Stealth Rock
|
|upkeep
|turn|13
|inactive|xxxpump has 120 seconds left.
|
|t:|1758250868
|-terastallize|p1a: Dragonite|Ghost
|-terastallize|p2a: Iron Valiant|Fairy
|move|p1a: Dragonite|Tera Blast|p2a: Iron Valiant|[anim] Tera Blast Ghost
|-damage|p2a: Iron Valiant|0 fnt
|faint|p2a: Iron Valiant
|-end|p2a: Iron Valiant|Quark Drive|[silent]
|
|upkeep
|
|t:|1758250879
|switch|p2a: Cinderace|Cinderace, F|84/100
|turn|14
|
|t:|1758250884
|move|p2a: Cinderace|Sucker Punch||[still]
|-fail|p2a: Cinderace
|move|p1a: Dragonite|Dragon Dance|p1a: Dragonite
|-boost|p1a: Dragonite|atk|1
|-boost|p1a: Dragonite|spe|1
|
|upkeep
|turn|15
|
|t:|1758250895
|switch|p1a: Scizor|Scizor, M|68/100
|move|p2a: Cinderace|Court Change|p2a: Cinderace
|-start|p2a: Cinderace|typechange|Normal|[from] ability: Libero
|-swapsideconditions
|-activate|p2a: Cinderace|move: Court Change
|
|upkeep
|turn|16
|
|t:|1758250909
|switch|p2a: Alomomola|Alomomola, M|71/100
|move|p1a: Scizor|Close Combat|p2a: Alomomola
|-damage|p2a: Alomomola|34/100
|-unboost|p1a: Scizor|def|1
|-unboost|p1a: Scizor|spd|1
|-damage|p1a: Scizor|51/100|[from] item: Rocky Helmet|[of] p2a: Alomomola
|
|upkeep
|turn|17
|
|t:|1758250928
|switch|p2a: Rillaboom|Rillaboom, M|100/100
|-fieldstart|move: Grassy Terrain|[from] ability: Grassy Surge|[of] p2a: Rillaboom
|move|p1a: Scizor|Close Combat|p2a: Rillaboom
|-damage|p2a: Rillaboom|22/100
|-unboost|p1a: Scizor|def|1
|-unboost|p1a: Scizor|spd|1
|
|-heal|p2a: Rillaboom|28/100|[from] Grassy Terrain
|-heal|p1a: Scizor|57/100|[from] Grassy Terrain
|upkeep
|turn|18
|
|t:|1758250940
|switch|p1a: Deoxys|Deoxys-Speed|13/100
|-damage|p1a: Deoxys|1/100|[from] Stealth Rock
|-ability|p1a: Deoxys|Pressure
|move|p2a: Rillaboom|Grassy Glide|p1a: Deoxys
|-damage|p1a: Deoxys|0 fnt
|-damage|p2a: Rillaboom|12/100|[from] item: Rocky Helmet|[of] p1a: Deoxys
|faint|p1a: Deoxys
|
|-heal|p2a: Rillaboom|18/100|[from] Grassy Terrain
|upkeep
|inactive|xxxpump has 120 seconds left.
|
|t:|1758250970
|switch|p1a: Scizor|Scizor, M|57/100
|-damage|p1a: Scizor|45/100|[from] Stealth Rock
|turn|19
|
|t:|1758250975
|move|p2a: Rillaboom|Grassy Glide|p1a: Scizor
|-resisted|p1a: Scizor
|-damage|p1a: Scizor|30/100
|move|p1a: Scizor|Bullet Punch|p2a: Rillaboom
|-damage|p2a: Rillaboom|0 fnt
|faint|p2a: Rillaboom
|
|-heal|p1a: Scizor|37/100|[from] Grassy Terrain
|upkeep
|
|t:|1758250985
|switch|p2a: Cinderace|Cinderace, F|84/100
|turn|20
|
|t:|1758250996
|move|p1a: Scizor|Bullet Punch|p2a: Cinderace
|-resisted|p2a: Cinderace
|-damage|p2a: Cinderace|49/100
|move|p2a: Cinderace|U-turn|p1a: Scizor
|-start|p2a: Cinderace|typechange|Bug|[from] ability: Libero
|-resisted|p1a: Scizor
|-damage|p1a: Scizor|19/100
|
|t:|1758251003
|switch|p2a: Alomomola|Alomomola, M|67/100|[from] U-turn
|
|-heal|p1a: Scizor|25/100|[from] Grassy Terrain
|-heal|p2a: Alomomola|74/100|[from] Grassy Terrain
|upkeep
|turn|21
|
|t:|1758251019
|move|p1a: Scizor|Bullet Punch|p2a: Alomomola
|-resisted|p2a: Alomomola
|-damage|p2a: Alomomola|61/100
|-damage|p1a: Scizor|8/100|[from] item: Rocky Helmet|[of] p2a: Alomomola
|move|p2a: Alomomola|Wish|p2a: Alomomola
|
|-heal|p1a: Scizor|14/100|[from] Grassy Terrain
|-heal|p2a: Alomomola|67/100|[from] Grassy Terrain
|-fieldend|move: Grassy Terrain
|upkeep
|turn|22
|
|t:|1758251030
|move|p1a: Scizor|Bullet Punch|p2a: Alomomola
|-resisted|p2a: Alomomola
|-damage|p2a: Alomomola|53/100
|-damage|p1a: Scizor|0 fnt|[from] item: Rocky Helmet|[of] p2a: Alomomola
|faint|p1a: Scizor
|move|p2a: Alomomola|Flip Turn|p1: Scizor|[notarget]
|-fail|p2a: Alomomola
|
|-heal|p2a: Alomomola|100/100|[from] move: Wish|[wisher] Alomomola
|upkeep
|inactive|xxxpump has 120 seconds left.
|
|t:|1758251081
|switch|p1a: Dragonite|Dragonite, M, tera:Ghost|96/100
|-damage|p1a: Dragonite|84/100|[from] Stealth Rock
|turn|23
|
|t:|1758251093
|move|p1a: Dragonite|Dragon Dance|p1a: Dragonite
|-boost|p1a: Dragonite|atk|1
|-boost|p1a: Dragonite|spe|1
|move|p2a: Alomomola|Wish|p2a: Alomomola
|
|upkeep
|turn|24
|
|t:|1758251112
|move|p1a: Dragonite|Dragon Dance|p1a: Dragonite
|-boost|p1a: Dragonite|atk|1
|-boost|p1a: Dragonite|spe|1
|move|p2a: Alomomola|Flip Turn|p1a: Dragonite
|-damage|p1a: Dragonite|66/100
|
|t:|1758251118
|switch|p2a: Cinderace|Cinderace, F|49/100|[from] Flip Turn
|
|-heal|p2a: Cinderace|100/100|[from] move: Wish|[wisher] Alomomola
|upkeep
|turn|25
|
|t:|1758251143
|move|p2a: Cinderace|Sucker Punch|p1a: Dragonite
|-start|p2a: Cinderace|typechange|Dark|[from] ability: Libero
|-supereffective|p1a: Dragonite
|-damage|p1a: Dragonite|0 fnt
|faint|p1a: Dragonite
|
|upkeep
|
|t:|1758251147
|switch|p1a: Iron Moth|Iron Moth|100/100
|-damage|p1a: Iron Moth|76/100|[from] Stealth Rock
|-enditem|p1a: Iron Moth|Booster Energy
|-activate|p1a: Iron Moth|ability: Quark Drive|[fromitem]
|-start|p1a: Iron Moth|quarkdrivespe
|turn|26
|inactive|xxxpump has 120 seconds left.
|
|t:|1758251163
|move|p1a: Iron Moth|Toxic Spikes|p2a: Cinderace
|-sidestart|p2: LovingArtfulPupil|move: Toxic Spikes
|move|p2a: Cinderace|U-turn|p1a: Iron Moth
|-resisted|p1a: Iron Moth
|-damage|p1a: Iron Moth|68/100
|
|t:|1758251173
|switch|p2a: Alomomola|Alomomola, M|100/100|[from] U-turn
|-status|p2a: Alomomola|psn
|
|-damage|p2a: Alomomola|88/100 psn|[from] psn
|upkeep
|turn|27
|inactive|xxxpump has 120 seconds left.
|
|t:|1758251196
|move|p1a: Iron Moth|Sludge Wave|p2a: Alomomola
|-damage|p2a: Alomomola|31/100 psn
|move|p2a: Alomomola|Scald|p1a: Iron Moth
|-supereffective|p1a: Iron Moth
|-damage|p1a: Iron Moth|37/100
|
|-damage|p2a: Alomomola|18/100 psn|[from] psn
|upkeep
|turn|28
|
|t:|1758251209
|move|p1a: Iron Moth|Sludge Wave|p2a: Alomomola
|-damage|p2a: Alomomola|0 fnt
|faint|p2a: Alomomola
|
|upkeep
|
|t:|1758251214
|switch|p2a: Hoopa|Hoopa-Unbound|37/100
|-status|p2a: Hoopa|psn
|turn|29
|
|t:|1758251221
|move|p1a: Iron Moth|Dazzling Gleam|p2a: Hoopa
|-supereffective|p2a: Hoopa
|-damage|p2a: Hoopa|8/100 psn
|move|p2a: Hoopa|Psychic Noise|p1a: Iron Moth
|-supereffective|p1a: Iron Moth
|-damage|p1a: Iron Moth|0 fnt
|faint|p1a: Iron Moth
|-end|p1a: Iron Moth|Quark Drive|[silent]
|
|win|LovingArtfulPupil
|raw|xxxpump's rating: 1108 &rarr; <strong>1080</strong><br />(-28 for losing)
|raw|LovingArtfulPupil's rating: 1065 &rarr; <strong>1099</strong><br />(+34 for winning)
|l|☆xxxpump
|player|p1|
