|j|☆rookie22
|j|☆1shy9
|t:|1758370022
|gametype|singles
|player|p1|rookie22|iris-gen5bw2|1739
|player|p2|1shy9|acetrainerf-gen4|1641
|gen|9
|tier|[Gen 9] OU
|rated|
|rule|HP Percentage Mod: HP is shown in percentages
|rule|Endless Battle Clause: Forcing endless battles is banned
|rule|Species Clause: Limit one of each Pokémon
|rule|OHKO Clause: OHKO moves are banned
|rule|Evasion Items Clause: Evasion items are banned
|rule|Evasion Moves Clause: Evasion moves are banned
|rule|Evasion Abilities Clause: Evasion abilities are banned
|rule|Sleep Moves Clause: Sleep-inducing moves are banned
|clearpoke
|poke|p1|Dragonite, F|
|poke|p1|Meowscarada, M|
|poke|p1|Keldeo|
|poke|p1|Iron Crown|
|poke|p1|Raging Bolt|
|poke|p1|Great Tusk|
|poke|p2|Iron Moth|
|poke|p2|Gholdengo|
|poke|p2|Great Tusk|
|poke|p2|Kyurem|
|poke|p2|Zamazenta-*|
|poke|p2|Dragonite, F|
|teampreview
|inactive|Battle timer is ON: inactive players will automatically lose when time's up. (requested by rookie22)
|
|t:|1758370030
|teamsize|p1|6
|teamsize|p2|6
|start
|switch|p1a: Raging Bolt|Raging Bolt|100/100
|switch|p2a: Kyurem|Kyurem|100/100
|-ability|p2a: Kyurem|Pressure
|turn|1
|
|t:|1758370038
|-end|p1a: Raging Bolt|Protosynthesis|[silent]
|switch|p1a: Bene Gesserit|Iron Crown|100/100
|move|p2a: Kyurem|Icicle Spear|p1a: Bene Gesserit
|-resisted|p1a: Bene Gesserit
|-damage|p1a: Bene Gesserit|94/100
|-resisted|p1a: Bene Gesserit
|-damage|p1a: Bene Gesserit|86/100
|-resisted|p1a: Bene Gesserit
|-damage|p1a: Bene Gesserit|79/100
|-resisted|p1a: Bene Gesserit
|-damage|p1a: Bene Gesserit|72/100
|-hitcount|p1a: Bene Gesserit|4
|
|upkeep
|turn|2
|
|t:|1758370044
|switch|p2a: Gholdengo|Gholdengo|100/100
|-item|p2a: Gholdengo|Air Balloon
|move|p1a: Bene Gesserit|Tachyon Cutter|p2a: Gholdengo
|-resisted|p2a: Gholdengo
|-damage|p2a: Gholdengo|85/100
|-enditem|p2a: Gholdengo|Air Balloon
|-resisted|p2a: Gholdengo
|-damage|p2a: Gholdengo|70/100
|-hitcount|p2a: Gholdengo|2
|
|upkeep
|turn|3
|
|t:|1758370049
|move|p1a: Bene Gesserit|Volt Switch|p2a: Gholdengo
|-damage|p2a: Gholdengo|40/100
|
|t:|1758370055
|-end|p1a: Bene Gesserit|Quark Drive|[silent]
|switch|p1a: Meowscarada|Meowscarada, M|100/100|[from] Volt Switch
|move|p2a: Gholdengo|Shadow Ball|p1a: Meowscarada
|-resisted|p1a: Meowscarada
|-damage|p1a: Meowscarada|62/100
|
|upkeep
|turn|4
|
|t:|1758370061
|switch|p2a: Zamazenta|Zamazenta|100/100
|-ability|p2a: Zamazenta|Dauntless Shield|boost
|-boost|p2a: Zamazenta|def|1
|move|p1a: Meowscarada|Knock Off|p2a: Zamazenta
|-start|p1a: Meowscarada|typechange|Dark|[from] ability: Protean
|-resisted|p2a: Zamazenta
|-damage|p2a: Zamazenta|87/100
|-enditem|p2a: Zamazenta|Leftovers|[from] move: Knock Off|[of] p1a: Meowscarada
|
|upkeep
|turn|5
|
|t:|1758370066
|switch|p1a: Raging Bolt|Raging Bolt|100/100
|move|p2a: Zamazenta|Body Press|p1a: Raging Bolt
|-damage|p1a: Raging Bolt|53/100
|
|-heal|p1a: Raging Bolt|59/100|[from] item: Leftovers
|upkeep
|turn|6
|j| Forever1507
|
|t:|1758370072
|-terastallize|p1a: Raging Bolt|Fairy
|move|p2a: Zamazenta|Body Press|p1a: Raging Bolt
|-resisted|p1a: Raging Bolt
|-damage|p1a: Raging Bolt|36/100
|move|p1a: Raging Bolt|Thunderbolt|p2a: Zamazenta
|-damage|p2a: Zamazenta|38/100
|
|-heal|p1a: Raging Bolt|43/100|[from] item: Leftovers
|upkeep
|turn|7
|
|t:|1758370084
|move|p2a: Zamazenta|Stone Edge|p1a: Raging Bolt
|-damage|p1a: Raging Bolt|15/100
|move|p1a: Raging Bolt|Dragon Pulse|p2a: Zamazenta
|-damage|p2a: Zamazenta|0 fnt
|faint|p2a: Zamazenta
|
|-heal|p1a: Raging Bolt|21/100|[from] item: Leftovers
|upkeep
|
|t:|1758370094
|switch|p2a: Iron Moth|Iron Moth|100/100
|-enditem|p2a: Iron Moth|Booster Energy
|-activate|p2a: Iron Moth|ability: Quark Drive|[fromitem]
|-start|p2a: Iron Moth|quarkdrivespe
|turn|8
|
|t:|1758370103
|-end|p1a: Raging Bolt|Protosynthesis|[silent]
|switch|p1a: MEGA DRAGONITE|Dragonite, F|100/100
|move|p2a: Iron Moth|Fiery Dance|p1a: MEGA DRAGONITE
|-resisted|p1a: MEGA DRAGONITE
|-damage|p1a: MEGA DRAGONITE|90/100
|
|upkeep
|turn|9
|
|t:|1758370107
|move|p2a: Iron Moth|Sludge Wave|p1a: MEGA DRAGONITE
|-damage|p1a: MEGA DRAGONITE|38/100
|-status|p1a: MEGA DRAGONITE|psn
|move|p1a: MEGA DRAGONITE|Earthquake|p2a: Iron Moth
|-supereffective|p2a: Iron Moth
|-damage|p2a: Iron Moth|0 fnt
|faint|p2a: Iron Moth
|-end|p2a: Iron Moth|Quark Drive|[silent]
|
|-damage|p1a: MEGA DRAGONITE|26/100 psn|[from] psn
|upkeep
|
|t:|1758370119
|switch|p2a: Kyurem|Kyurem|100/100
|-ability|p2a: Kyurem|Pressure
|turn|10
|
|t:|1758370137
|move|p2a: Kyurem|Dragon Dance|p2a: Kyurem
|-boost|p2a: Kyurem|atk|1
|-boost|p2a: Kyurem|spe|1
|move|p1a: MEGA DRAGONITE|Earthquake|p2a: Kyurem
|-damage|p2a: Kyurem|68/100
|
|-damage|p1a: MEGA DRAGONITE|14/100 psn|[from] psn
|upkeep
|turn|11
|
|t:|1758370142
|move|p2a: Kyurem|Icicle Spear|p1a: MEGA DRAGONITE
|-supereffective|p1a: MEGA DRAGONITE
|-damage|p1a: MEGA DRAGONITE|0 fnt
|faint|p1a: MEGA DRAGONITE
|-hitcount|p1: MEGA DRAGONITE|1
|
|upkeep
|
|t:|1758370152
|switch|p1a: Bene Gesserit|Iron Crown|72/100
|turn|12
|j| Okeyko
|
|t:|1758370164
|move|p2a: Kyurem|Icicle Spear|p1a: Bene Gesserit
|-resisted|p1a: Bene Gesserit
|-damage|p1a: Bene Gesserit|62/100
|-resisted|p1a: Bene Gesserit
|-damage|p1a: Bene Gesserit|52/100
|-resisted|p1a: Bene Gesserit
|-damage|p1a: Bene Gesserit|41/100
|-resisted|p1a: Bene Gesserit
|-damage|p1a: Bene Gesserit|30/100
|-hitcount|p1a: Bene Gesserit|4
|move|p1a: Bene Gesserit|Psyshock|p2a: Kyurem
|-damage|p2a: Kyurem|29/100
|
|upkeep
|turn|13
|j| Qiiiii
|
|t:|1758370176
|move|p2a: Kyurem|Icicle Spear|p1a: Bene Gesserit
|-resisted|p1a: Bene Gesserit
|-damage|p1a: Bene Gesserit|20/100
|-resisted|p1a: Bene Gesserit
|-damage|p1a: Bene Gesserit|11/100
|-resisted|p1a: Bene Gesserit
|-crit|p1a: Bene Gesserit
|-damage|p1a: Bene Gesserit|0 fnt
|faint|p1a: Bene Gesserit
|-end|p1a: Bene Gesserit|Quark Drive|[silent]
|-hitcount|p1: Bene Gesserit|3
|
|upkeep
|c|☆rookie22|No tera ?
|
|t:|1758370190
|switch|p1a: Lisan Al Gaib|Keldeo|100/100
|turn|14
|
|t:|1758370193
|move|p1a: Lisan Al Gaib|Vacuum Wave|p2a: Kyurem
|-supereffective|p2a: Kyurem
|-damage|p2a: Kyurem|0 fnt
|faint|p2a: Kyurem
|
|upkeep
|
|t:|1758370197
|switch|p2a: Dragonite|Dragonite, F|100/100
|turn|15
|
|t:|1758370199
|switch|p1a: Great Tusk|Great Tusk|100/100
|move|p2a: Dragonite|Dragon Dance|p2a: Dragonite
|-boost|p2a: Dragonite|atk|1
|-boost|p2a: Dragonite|spe|1
|
|upkeep
|turn|16
|
|t:|1758370204
|-terastallize|p2a: Dragonite|Flying
|move|p2a: Dragonite|Tera Blast|p1a: Great Tusk|[anim] Tera Blast Flying
|-supereffective|p1a: Great Tusk
|-damage|p1a: Great Tusk|0 fnt
|faint|p1a: Great Tusk
|-end|p1a: Great Tusk|Protosynthesis|[silent]
|
|upkeep
|c|☆rookie22|my et...
|l| Okeyko
|
|t:|1758370223
|switch|p1a: Lisan Al Gaib|Keldeo|100/100
|turn|17
|
|t:|1758370229
|move|p1a: Lisan Al Gaib|Vacuum Wave|p2a: Dragonite
|-resisted|p2a: Dragonite
|-damage|p2a: Dragonite|92/100
|move|p2a: Dragonite|Dragon Dance|p2a: Dragonite
|-boost|p2a: Dragonite|atk|1
|-boost|p2a: Dragonite|spe|1
|
|upkeep
|turn|18
|
|t:|1758370247
|switch|p1a: Meowscarada|Meowscarada, M|62/100
|move|p2a: Dragonite|Dragon Dance|p2a: Dragonite
|-boost|p2a: Dragonite|atk|1
|-boost|p2a: Dragonite|spe|1
|
|upkeep
|turn|19
|
|t:|1758370254
|move|p2a: Dragonite|Tera Blast|p1a: Meowscarada|[anim] Tera Blast Flying
|-supereffective|p1a: Meowscarada
|-damage|p1a: Meowscarada|0 fnt
|faint|p1a: Meowscarada
|
|upkeep
|
|t:|1758370256
|switch|p1a: Raging Bolt|Raging Bolt, tera:Fairy|21/100
|turn|20
|
|t:|1758370267
|move|p1a: Raging Bolt|Thunderclap||[still]
|-fail|p1a: Raging Bolt
|move|p2a: Dragonite|Roost|p2a: Dragonite
|-heal|p2a: Dragonite|100/100
|-hint|If a Terastallized Pokemon uses Roost, it remains Flying-type.
|
|-heal|p1a: Raging Bolt|27/100|[from] item: Leftovers
|upkeep
|turn|21
|-message|rookie22 forfeited.
|
|win|1shy9
|raw|rookie22's rating: 1739 &rarr; <strong>1714</strong><br />(-25 for losing)
|raw|1shy9's rating: 1641 &rarr; <strong>1666</strong><br />(+25 for winning)
|l|☆rookie22
|player|p1|
|l|☆1shy9
|player|p2|
|l| Qiiiii
