|j|☆TRANTHANHTUNG
|j|☆CountryBoyz
|t:|1758285016
|gametype|singles
|player|p1|TRANTHANHTUNG|2|1395
|player|p2|CountryBoyz|169|1393
|gen|9
|tier|[Gen 9] OU
|rated|
|rule|HP Percentage Mod: HP is shown in percentages
|rule|Endless Battle Clause: Forcing endless battles is banned
|rule|Species Clause: Limit one of each Pokémon
|rule|OHKO Clause: OHKO moves are banned
|rule|Evasion Items Clause: Evasion items are banned
|rule|Evasion Moves Clause: Evasion moves are banned
|rule|Evasion Abilities Clause: Evasion abilities are banned
|rule|Sleep Moves Clause: Sleep-inducing moves are banned
|clearpoke
|poke|p1|Lokix, F|
|poke|p1|Raging Bolt|
|poke|p1|Alomomola, M|
|poke|p1|Hatterene, F|
|poke|p1|Great Tusk|
|poke|p1|Heatran, F|
|poke|p2|Landorus-Therian, M|
|poke|p2|Cloyster, M|
|poke|p2|Raikou|
|poke|p2|Dragonite, M|
|poke|p2|Suicune|
|poke|p2|Skarmory, M|
|teampreview
|inactive|Battle timer is ON: inactive players will automatically lose when time's up. (requested by TRANTHANHTUNG)
|
|t:|1758285034
|teamsize|p1|6
|teamsize|p2|6
|start
|switch|p1a: Great Tusk|Great Tusk|100/100
|switch|p2a: Landorus|Landorus-Therian, M, shiny|100/100
|-ability|p2a: Landorus|Intimidate|boost
|-unboost|p1a: Great Tusk|atk|1
|turn|1
|
|t:|1758285041
|switch|p2a: Suicune|Suicune|100/100
|-ability|p2a: Suicune|Pressure
|move|p1a: Great Tusk|Ice Spinner|p2a: Suicune
|-resisted|p2a: Suicune
|-damage|p2a: Suicune|94/100
|-damage|p1a: Great Tusk|84/100|[from] item: Rocky Helmet|[of] p2a: Suicune
|
|upkeep
|turn|2
|
|t:|1758285057
|-end|p1a: Great Tusk|Protosynthesis|[silent]
|switch|p1a: Raging Bolt|Raging Bolt|100/100
|move|p2a: Suicune|Calm Mind|p2a: Suicune
|-boost|p2a: Suicune|spa|1
|-boost|p2a: Suicune|spd|1
|
|upkeep
|turn|3
|
|t:|1758285061
|move|p1a: Raging Bolt|Volt Switch|p2a: Suicune
|-supereffective|p2a: Suicune
|-damage|p2a: Suicune|66/100
|
|t:|1758285065
|-end|p1a: Raging Bolt|Protosynthesis|[silent]
|switch|p1a: Alomomola|Alomomola, M|100/100|[from] Volt Switch
|move|p2a: Suicune|Mirror Coat|p1a: Alomomola
|-damage|p1a: Alomomola|52/100
|-enditem|p1a: Alomomola|Eject Button
|
|t:|1758285068
|switch|p1a: Lokix|Lokix, F|100/100
|
|upkeep
|turn|4
|
|t:|1758285072
|switch|p2a: Skarmory|Skarmory, M|100/100
|move|p1a: Lokix|U-turn|p2a: Skarmory
|-resisted|p2a: Skarmory
|-damage|p2a: Skarmory|84/100
|-damage|p1a: Lokix|84/100|[from] item: Rocky Helmet|[of] p2a: Skarmory
|
|t:|1758285076
|switch|p1a: Raging Bolt|Raging Bolt|100/100|[from] U-turn
|
|upkeep
|turn|5
|
|t:|1758285085
|switch|p2a: Landorus|Landorus-Therian, M, shiny|100/100
|-ability|p2a: Landorus|Intimidate|boost
|-unboost|p1a: Raging Bolt|atk|1
|-terastallize|p1a: Raging Bolt|Dragon
|move|p1a: Raging Bolt|Draco Meteor|p2a: Landorus
|-damage|p2a: Landorus|0 fnt
|-unboost|p1a: Raging Bolt|spa|2
|faint|p2a: Landorus
|
|upkeep
|
|t:|1758285094
|switch|p2a: Cloyster|Cloyster, M, shiny|100/100
|turn|6
|inactive|TRANTHANHTUNG has 120 seconds left.
|
|t:|1758285134
|-terastallize|p2a: Cloyster|Ground
|move|p1a: Raging Bolt|Draco Meteor|p2a: Cloyster
|-damage|p2a: Cloyster|0 fnt
|-unboost|p1a: Raging Bolt|spa|2
|faint|p2a: Cloyster
|
|upkeep
|
|t:|1758285146
|switch|p2a: Raikou|Raikou, shiny|100/100
|turn|7
|inactive|TRANTHANHTUNG has 120 seconds left.
|c|☆CountryBoyz|Good play I am surprised you didn’t volt switch out
|
|t:|1758285163
|-end|p1a: Raging Bolt|Protosynthesis|[silent]
|switch|p1a: Great Tusk|Great Tusk|84/100
|move|p2a: Raikou|Substitute|p2a: Raikou
|-start|p2a: Raikou|Substitute
|-damage|p2a: Raikou|76/100
|
|-heal|p2a: Raikou|82/100|[from] item: Leftovers
|upkeep
|turn|8
|
|t:|1758285168
|move|p2a: Raikou|Scald|p1a: Great Tusk
|-supereffective|p1a: Great Tusk
|-damage|p1a: Great Tusk|29/100
|-status|p1a: Great Tusk|brn
|move|p1a: Great Tusk|Rapid Spin|p2a: Raikou
|-activate|p2a: Raikou|move: Substitute|[damage]
|-boost|p1a: Great Tusk|spe|1
|
|-heal|p2a: Raikou|88/100|[from] item: Leftovers
|-damage|p1a: Great Tusk|23/100 brn|[from] brn
|upkeep
|turn|9
|
|t:|1758285180
|move|p1a: Great Tusk|Headlong Rush|p2a: Raikou
|-supereffective|p2a: Raikou
|-end|p2a: Raikou|Substitute
|-unboost|p1a: Great Tusk|def|1
|-unboost|p1a: Great Tusk|spd|1
|move|p2a: Raikou|Scald|p1a: Great Tusk
|-supereffective|p1a: Great Tusk
|-damage|p1a: Great Tusk|0 fnt
|faint|p1a: Great Tusk
|-end|p1a: Great Tusk|Protosynthesis|[silent]
|
|-heal|p2a: Raikou|94/100|[from] item: Leftovers
|upkeep
|
|t:|1758285186
|switch|p1a: Raging Bolt|Raging Bolt, tera:Dragon|100/100
|turn|10
|
|t:|1758285190
|switch|p2a: Skarmory|Skarmory, M|84/100
|move|p1a: Raging Bolt|Draco Meteor|p2a: Skarmory
|-resisted|p2a: Skarmory
|-damage|p2a: Skarmory|9/100
|-unboost|p1a: Raging Bolt|spa|2
|
|upkeep
|turn|11
|
|t:|1758285200
|move|p1a: Raging Bolt|Draco Meteor|p2a: Skarmory
|-resisted|p2a: Skarmory
|-damage|p2a: Skarmory|0 fnt
|-unboost|p1a: Raging Bolt|spa|2
|faint|p2a: Skarmory
|
|upkeep
|
|t:|1758285208
|switch|p2a: Dragonite|Dragonite, M, shiny|100/100
|turn|12
|c|☆TRANTHANHTUNG|cloyster was such a threat that I didn't want to risk it
|
|t:|1758285229
|-end|p1a: Raging Bolt|Protosynthesis|[silent]
|switch|p1a: Alomomola|Alomomola, M|85/100
|move|p2a: Dragonite|Earthquake|p1a: Alomomola
|-damage|p1a: Alomomola|50/100
|
|upkeep
|turn|13
|
|t:|1758285236
|move|p2a: Dragonite|Earthquake|p1a: Alomomola
|-damage|p1a: Alomomola|15/100
|move|p1a: Alomomola|Wish|p1a: Alomomola
|
|upkeep
|turn|14
|c|☆CountryBoyz|Yeah you’ve won comfortably
|inactive|TRANTHANHTUNG has 120 seconds left.
|
|t:|1758285265
|switch|p2a: Raikou|Raikou, shiny|94/100
|move|p1a: Alomomola|Protect||[still]
|-fail|p1a: Alomomola
|
|-heal|p1a: Alomomola|65/100|[from] move: Wish|[wisher] Alomomola
|-heal|p2a: Raikou|100/100|[from] item: Leftovers
|upkeep
|turn|15
|
|t:|1758285272
|switch|p1a: Hatterene|Hatterene, F|100/100
|move|p2a: Raikou|Calm Mind|p2a: Raikou
|-boost|p2a: Raikou|spa|1
|-boost|p2a: Raikou|spd|1
|
|upkeep
|turn|16
|
|t:|1758285280
|move|p2a: Raikou|Substitute|p2a: Raikou
|-start|p2a: Raikou|Substitute
|-damage|p2a: Raikou|76/100
|move|p1a: Hatterene|Psychic Noise|p2a: Raikou
|-damage|p2a: Raikou|52/100
|-start|p2a: Raikou|move: Heal Block
|
|upkeep
|turn|17
|
|t:|1758285283
|move|p2a: Raikou|Discharge|p1a: Hatterene
|-damage|p1a: Hatterene|66/100
|move|p1a: Hatterene|Psychic Noise|p2a: Raikou
|-damage|p2a: Raikou|30/100
|
|-end|p2a: Raikou|move: Heal Block
|upkeep
|turn|18
|
|t:|1758285286
|move|p2a: Raikou|Discharge|p1a: Hatterene
|-damage|p1a: Hatterene|36/100
|move|p1a: Hatterene|Psychic Noise|p2a: Raikou
|-damage|p2a: Raikou|5/100
|-start|p2a: Raikou|move: Heal Block
|
|upkeep
|turn|19
|
|t:|1758285291
|move|p2a: Raikou|Discharge|p1a: Hatterene
|-damage|p1a: Hatterene|2/100
|move|p1a: Hatterene|Psychic Noise|p2a: Raikou
|-damage|p2a: Raikou|0 fnt
|faint|p2a: Raikou
|
|upkeep
|
|t:|1758285299
|switch|p2a: Suicune|Suicune|66/100
|-ability|p2a: Suicune|Pressure
|turn|20
|
|t:|1758285301
|move|p2a: Suicune|Scald|p1a: Hatterene
|-damage|p1a: Hatterene|0 fnt
|faint|p1a: Hatterene
|
|upkeep
|
|t:|1758285304
|switch|p1a: Raging Bolt|Raging Bolt, tera:Dragon|100/100
|turn|21
|
|t:|1758285306
|move|p1a: Raging Bolt|Volt Switch|p2a: Suicune
|-supereffective|p2a: Suicune
|-damage|p2a: Suicune|25/100
|
|t:|1758285313
|-end|p1a: Raging Bolt|Protosynthesis|[silent]
|switch|p1a: Lokix|Lokix, F|84/100|[from] Volt Switch
|move|p2a: Suicune|Mirror Coat|p1a: Lokix
|-immune|p1a: Lokix
|
|upkeep
|turn|22
|
|t:|1758285318
|move|p1a: Lokix|U-turn|p2a: Suicune
|-damage|p2a: Suicune|0 fnt
|-damage|p1a: Lokix|68/100|[from] item: Rocky Helmet|[of] p2a: Suicune
|faint|p2a: Suicune
|c|☆CountryBoyz|Wp
|
|t:|1758285322
|switch|p1a: Alomomola|Alomomola, M|98/100|[from] U-turn
|
|upkeep
|
|t:|1758285326
|switch|p2a: Dragonite|Dragonite, M, shiny|100/100
|turn|23
|
|t:|1758285330
|move|p2a: Dragonite|Earthquake|p1a: Alomomola
|-damage|p1a: Alomomola|60/100
|move|p1a: Alomomola|Tickle|p2a: Dragonite
|-unboost|p2a: Dragonite|atk|1
|-unboost|p2a: Dragonite|def|1
|
|upkeep
|turn|24
|-message|CountryBoyz forfeited.
|
|win|TRANTHANHTUNG
|raw|TRANTHANHTUNG's rating: 1413 &rarr; <strong>1432</strong><br />(+19 for winning)
|raw|CountryBoyz's rating: 1393 &rarr; <strong>1374</strong><br />(-19 for losing)
|l|☆TRANTHANHTUNG
|player|p1|
|l|☆CountryBoyz
|player|p2|
