|j|☆AMZK
|j|☆White Boy SZN
|t:|1758290084
|gametype|singles
|player|p1|AMZK|swimmer-gen4dp|1520
|player|p2|White Boy SZN|blue-gen7|1487
|gen|9
|tier|[Gen 9] OU
|rated|
|rule|HP Percentage Mod: HP is shown in percentages
|rule|Endless Battle Clause: Forcing endless battles is banned
|rule|Species Clause: Limit one of each Pokémon
|rule|OHKO Clause: OHKO moves are banned
|rule|Evasion Items Clause: Evasion items are banned
|rule|Evasion Moves Clause: Evasion moves are banned
|rule|Evasion Abilities Clause: Evasion abilities are banned
|rule|Sleep Moves Clause: Sleep-inducing moves are banned
|clearpoke
|poke|p1|Moltres|
|poke|p1|Zamazenta-*|
|poke|p1|Darkrai|
|poke|p1|Hydrapple, M|
|poke|p1|Ting-Lu|
|poke|p1|Tinkaton, F|
|poke|p2|Dragapult, F|
|poke|p2|Dragonite, F|
|poke|p2|Ting-Lu|
|poke|p2|Weezing-Galar, F|
|poke|p2|Iron Crown|
|poke|p2|Zapdos|
|teampreview
|c|☆AMZK|oh ts sample team
|inactive|Battle timer is ON: inactive players will automatically lose when time's up. (requested by AMZK)
|
|t:|1758290127
|teamsize|p1|6
|teamsize|p2|6
|start
|switch|p1a: Hydrapple|Hydrapple, M, shiny|100/100
|switch|p2a: Weezing|Weezing-Galar, F|100/100
|-ability|p2a: Weezing|Neutralizing Gas
|turn|1
|
|t:|1758290137
|move|p2a: Weezing|Toxic Spikes|p1a: Hydrapple
|-sidestart|p1: AMZK|move: Toxic Spikes
|move|p1a: Hydrapple|Nasty Plot|p1a: Hydrapple
|-boost|p1a: Hydrapple|spa|2
|
|upkeep
|turn|2
|
|t:|1758290142
|-end|p2a: Weezing|ability: Neutralizing Gas
|switch|p2a: Iron Crown|Iron Crown|100/100
|move|p1a: Hydrapple|Earth Power|p2a: Iron Crown
|-supereffective|p2a: Iron Crown
|-damage|p2a: Iron Crown|0 fnt
|faint|p2a: Iron Crown
|-end|p2a: Iron Crown|Quark Drive|[silent]
|
|upkeep
|
|t:|1758290154
|switch|p2a: Dragapult|Dragapult, F|100/100
|turn|3
|
|t:|1758290168
|switch|p1a: Tinkaton|Tinkaton, F|100/100
|-ability|p1a: Tinkaton|Mold Breaker
|-item|p1a: Tinkaton|Air Balloon
|move|p2a: Dragapult|U-turn|p1a: Tinkaton
|-resisted|p1a: Tinkaton
|-damage|p1a: Tinkaton|94/100
|-enditem|p1a: Tinkaton|Air Balloon
|
|t:|1758290176
|switch|p2a: Zapdos|Zapdos|100/100|[from] U-turn
|
|upkeep
|turn|4
|
|t:|1758290188
|move|p2a: Zapdos|Heat Wave|p1a: Tinkaton
|-supereffective|p1a: Tinkaton
|-damage|p1a: Tinkaton|40/100
|move|p1a: Tinkaton|Stealth Rock|p2a: Zapdos
|-sidestart|p2: White Boy SZN|move: Stealth Rock
|
|upkeep
|turn|5
|
|t:|1758290197
|switch|p1a: Ting-Lu|Ting-Lu|100/100
|-status|p1a: Ting-Lu|psn
|-ability|p1a: Ting-Lu|Vessel of Ruin
|move|p2a: Zapdos|Heat Wave|p1a: Ting-Lu
|-damage|p1a: Ting-Lu|87/100 psn
|
|-heal|p1a: Ting-Lu|93/100 psn|[from] item: Leftovers
|-damage|p1a: Ting-Lu|80/100 psn|[from] psn
|upkeep
|turn|6
|
|t:|1758290211
|switch|p2a: Ting-Lu|Ting-Lu|100/100
|-damage|p2a: Ting-Lu|94/100|[from] Stealth Rock
|-ability|p2a: Ting-Lu|Vessel of Ruin
|move|p1a: Ting-Lu|Whirlwind|p2a: Ting-Lu
|drag|p2a: Dragapult|Dragapult, F|100/100
|
|-heal|p1a: Ting-Lu|87/100 psn|[from] item: Leftovers
|-damage|p1a: Ting-Lu|74/100 psn|[from] psn
|upkeep
|turn|7
|
|t:|1758290221
|move|p2a: Dragapult|U-turn|p1a: Ting-Lu
|-supereffective|p1a: Ting-Lu
|-damage|p1a: Ting-Lu|50/100 psn
|
|t:|1758290223
|switch|p2a: Ting-Lu|Ting-Lu|94/100|[from] U-turn
|-damage|p2a: Ting-Lu|88/100|[from] Stealth Rock
|-ability|p2a: Ting-Lu|Vessel of Ruin
|move|p1a: Ting-Lu|Spikes|p2a: Ting-Lu
|-sidestart|p2: White Boy SZN|Spikes
|
|-heal|p2a: Ting-Lu|94/100|[from] item: Leftovers
|-heal|p1a: Ting-Lu|57/100 psn|[from] item: Leftovers
|-damage|p1a: Ting-Lu|44/100 psn|[from] psn
|upkeep
|turn|8
|
|t:|1758290233
|move|p2a: Ting-Lu|Stealth Rock|p1a: Ting-Lu
|-sidestart|p1: AMZK|move: Stealth Rock
|move|p1a: Ting-Lu|Spikes|p2a: Ting-Lu
|-sidestart|p2: White Boy SZN|Spikes
|
|-heal|p2a: Ting-Lu|100/100|[from] item: Leftovers
|-heal|p1a: Ting-Lu|50/100 psn|[from] item: Leftovers
|-damage|p1a: Ting-Lu|38/100 psn|[from] psn
|upkeep
|turn|9
|
|t:|1758290239
|move|p2a: Ting-Lu|Earthquake|p1a: Ting-Lu
|-damage|p1a: Ting-Lu|19/100 psn
|move|p1a: Ting-Lu|Spikes|p2a: Ting-Lu
|-sidestart|p2: White Boy SZN|Spikes
|
|-heal|p1a: Ting-Lu|25/100 psn|[from] item: Leftovers
|-damage|p1a: Ting-Lu|13/100 psn|[from] psn
|upkeep
|turn|10
|
|t:|1758290248
|move|p2a: Ting-Lu|Earthquake|p1a: Ting-Lu
|-damage|p1a: Ting-Lu|0 fnt
|faint|p1a: Ting-Lu
|
|upkeep
|
|t:|1758290254
|switch|p1a: Hydrapple|Hydrapple, M, shiny|100/100
|turn|11
|
|t:|1758290261
|move|p1a: Hydrapple|Nasty Plot|p1a: Hydrapple
|-boost|p1a: Hydrapple|spa|2
|move|p2a: Ting-Lu|Whirlwind|p1a: Hydrapple
|drag|p1a: Moltres|Moltres|100/100
|
|upkeep
|turn|12
|
|t:|1758290269
|move|p1a: Moltres|U-turn|p2a: Ting-Lu
|-supereffective|p2a: Ting-Lu
|-damage|p2a: Ting-Lu|86/100
|
|t:|1758290274
|switch|p1a: Hydrapple|Hydrapple, M, shiny|100/100|[from] U-turn
|move|p2a: Ting-Lu|Ruination|p1a: Hydrapple
|-damage|p1a: Hydrapple|50/100
|
|-heal|p2a: Ting-Lu|92/100|[from] item: Leftovers
|upkeep
|turn|13
|
|t:|1758290277
|move|p1a: Hydrapple|Giga Drain|p2a: Ting-Lu
|-supereffective|p2a: Ting-Lu
|-damage|p2a: Ting-Lu|62/100
|-heal|p1a: Hydrapple|69/100|[from] drain|[of] p2a: Ting-Lu
|move|p2a: Ting-Lu|Whirlwind|p1a: Hydrapple
|drag|p1a: Tinkaton|Tinkaton, F|40/100
|-damage|p1a: Tinkaton|34/100|[from] Stealth Rock
|-ability|p1a: Tinkaton|Mold Breaker
|
|-heal|p2a: Ting-Lu|69/100|[from] item: Leftovers
|upkeep
|turn|14
|
|t:|1758290288
|move|p1a: Tinkaton|Gigaton Hammer|p2a: Ting-Lu
|-damage|p2a: Ting-Lu|43/100
|move|p2a: Ting-Lu|Whirlwind|p1a: Tinkaton
|drag|p1a: Zamazenta|Zamazenta|100/100
|-ability|p1a: Zamazenta|Dauntless Shield|boost
|-boost|p1a: Zamazenta|def|1
|
|-heal|p2a: Ting-Lu|49/100|[from] item: Leftovers
|upkeep
|turn|15
|inactive|AMZK has 120 seconds left.
|-message|AMZK forfeited.
|
|win|White Boy SZN
|raw|AMZK's rating: 1520 &rarr; <strong>1498</strong><br />(-22 for losing)
|raw|White Boy SZN's rating: 1487 &rarr; <strong>1509</strong><br />(+22 for winning)
|l|☆AMZK
|player|p1|
|l|☆White Boy SZN
|player|p2|
