|j|☆thetakerofunder
|j|☆duke fronterra
|t:|1758257687
|gametype|singles
|player|p1|thetakerofunder|collector|1231
|player|p2|duke fronterra|2|1284
|gen|9
|tier|[Gen 9] OU
|rated|
|rule|HP Percentage Mod: HP is shown in percentages
|rule|Endless Battle Clause: Forcing endless battles is banned
|rule|Species Clause: Limit one of each Pokémon
|rule|OHKO Clause: OHKO moves are banned
|rule|Evasion Items Clause: Evasion items are banned
|rule|Evasion Moves Clause: Evasion moves are banned
|rule|Evasion Abilities Clause: Evasion abilities are banned
|rule|Sleep Moves Clause: Sleep-inducing moves are banned
|clearpoke
|poke|p1|Gliscor, M|
|poke|p1|Toxapex, M|
|poke|p1|Corviknight, M|
|poke|p1|Blissey, F|
|poke|p1|Weezing-Galar, F|
|poke|p1|Dondozo, F|
|poke|p2|Pelipper, F|
|poke|p2|Hatterene, F|
|poke|p2|Iron Treads|
|poke|p2|Toxicroak, F|
|poke|p2|Barraskewda, F|
|poke|p2|Zapdos|
|teampreview
|inactive|Battle timer is ON: inactive players will automatically lose when time's up. (requested by thetakerofunder)
|c|☆thetakerofunder|pinkacross
|inactive|duke fronterra has 120 seconds left.
|
|t:|1758257722
|teamsize|p1|6
|teamsize|p2|6
|start
|switch|p1a: Weezing|Weezing-Galar, F|100/100
|switch|p2a: Hatterene|Hatterene, F|100/100
|-ability|p1a: Weezing|Neutralizing Gas
|turn|1
|
|t:|1758257735
|move|p1a: Weezing|Sludge Bomb|p2a: Hatterene
|-supereffective|p2a: Hatterene
|-damage|p2a: Hatterene|48/100
|-enditem|p2a: Hatterene|Eject Button
|
|t:|1758257746
|switch|p2a: Zapdos|Zapdos|100/100
|
|upkeep
|turn|2
|
|t:|1758257764
|-end|p1a: Weezing|ability: Neutralizing Gas
|switch|p1a: Blissey|Blissey, F|100/100
|-terastallize|p2a: Zapdos|Flying
|move|p2a: Zapdos|Hurricane|p1a: Blissey
|-damage|p1a: Blissey|66/100
|
|-heal|p1a: Blissey|72/100|[from] item: Leftovers
|upkeep
|turn|3
|
|t:|1758257773
|switch|p2a: Hatterene|Hatterene, F|48/100
|move|p1a: Blissey|Calm Mind|p1a: Blissey
|-boost|p1a: Blissey|spa|1
|-boost|p1a: Blissey|spd|1
|
|-heal|p1a: Blissey|78/100|[from] item: Leftovers
|upkeep
|turn|4
|
|t:|1758257777
|move|p1a: Blissey|Shadow Ball|p2a: Hatterene
|-supereffective|p2a: Hatterene
|-damage|p2a: Hatterene|0 fnt
|faint|p2a: Hatterene
|
|-heal|p1a: Blissey|85/100|[from] item: Leftovers
|upkeep
|
|t:|1758257784
|switch|p2a: Barraskewda|Barraskewda, F|100/100
|turn|5
|
|t:|1758257787
|switch|p1a: Dondozo|Dondozo, F|100/100
|move|p2a: Barraskewda|Flip Turn|p1a: Dondozo
|-resisted|p1a: Dondozo
|-damage|p1a: Dondozo|89/100
|
|t:|1758257791
|switch|p2a: Zapdos|Zapdos, tera:Flying|100/100|[from] Flip Turn
|
|-heal|p1a: Dondozo|96/100|[from] item: Leftovers
|upkeep
|turn|6
|
|t:|1758257810
|switch|p1a: Blissey|Blissey, F|85/100
|move|p2a: Zapdos|Volt Switch|p1a: Blissey
|-damage|p1a: Blissey|66/100
|
|t:|1758257817
|switch|p2a: Iron Treads|Iron Treads|100/100|[from] Volt Switch
|
|-heal|p1a: Blissey|72/100|[from] item: Leftovers
|upkeep
|turn|7
|
|t:|1758257822
|switch|p1a: Gliscor|Gliscor, M|100/100
|move|p2a: Iron Treads|Stealth Rock|p1a: Gliscor
|-sidestart|p1: thetakerofunder|move: Stealth Rock
|
|-status|p1a: Gliscor|tox|[from] item: Toxic Orb
|upkeep
|turn|8
|
|t:|1758257830
|-end|p2a: Iron Treads|Quark Drive|[silent]
|switch|p2a: Pelipper|Pelipper, F|100/100
|-weather|RainDance|[from] ability: Drizzle|[of] p2a: Pelipper
|move|p1a: Gliscor|Protect||[still]
|-fail|p1a: Gliscor
|
|-weather|RainDance|[upkeep]
|upkeep
|turn|9
|
|t:|1758257836
|switch|p1a: Corviknight|Corviknight, M|100/100
|-ability|p1a: Corviknight|Pressure
|switch|p2a: Zapdos|Zapdos, tera:Flying|100/100
|
|-weather|RainDance|[upkeep]
|upkeep
|turn|10
|
|t:|1758257847
|switch|p1a: Gliscor|Gliscor, M|100/100 tox
|-damage|p1a: Gliscor|88/100 tox|[from] Stealth Rock
|move|p2a: Zapdos|Volt Switch|p1a: Gliscor
|-immune|p1a: Gliscor
|
|-weather|RainDance|[upkeep]
|-heal|p1a: Gliscor|100/100 tox|[from] ability: Poison Heal
|upkeep
|turn|11
|
|t:|1758257850
|switch|p2a: Barraskewda|Barraskewda, F|100/100
|move|p1a: Gliscor|Knock Off|p2a: Barraskewda
|-crit|p2a: Barraskewda
|-damage|p2a: Barraskewda|42/100
|-enditem|p2a: Barraskewda|Choice Band|[from] move: Knock Off|[of] p1a: Gliscor
|
|-weather|RainDance|[upkeep]
|upkeep
|turn|12
|
|t:|1758257854
|move|p1a: Gliscor|Protect|p1a: Gliscor
|-singleturn|p1a: Gliscor|Protect
|move|p2a: Barraskewda|Flip Turn|p1a: Gliscor
|-activate|p1a: Gliscor|move: Protect
|
|-weather|RainDance|[upkeep]
|upkeep
|turn|13
|
|t:|1758257861
|switch|p1a: Dondozo|Dondozo, F|96/100
|-damage|p1a: Dondozo|83/100|[from] Stealth Rock
|move|p2a: Barraskewda|Flip Turn|p1a: Dondozo
|-resisted|p1a: Dondozo
|-damage|p1a: Dondozo|72/100
|
|t:|1758257866
|switch|p2a: Zapdos|Zapdos, tera:Flying|100/100|[from] Flip Turn
|
|-weather|RainDance|[upkeep]
|-heal|p1a: Dondozo|78/100|[from] item: Leftovers
|upkeep
|turn|14
|
|t:|1758257878
|switch|p1a: Blissey|Blissey, F|72/100
|-damage|p1a: Blissey|59/100|[from] Stealth Rock
|move|p2a: Zapdos|Volt Switch|p1a: Blissey
|-damage|p1a: Blissey|41/100
|
|t:|1758257882
|switch|p2a: Barraskewda|Barraskewda, F|42/100|[from] Volt Switch
|
|-weather|RainDance|[upkeep]
|-heal|p1a: Blissey|47/100|[from] item: Leftovers
|upkeep
|turn|15
|
|t:|1758257888
|switch|p1a: Corviknight|Corviknight, M|100/100
|-ability|p1a: Corviknight|Pressure
|move|p2a: Barraskewda|Flip Turn|p1a: Corviknight
|-damage|p1a: Corviknight|70/100
|
|t:|1758257892
|switch|p2a: Zapdos|Zapdos, tera:Flying|100/100|[from] Flip Turn
|
|-weather|none
|upkeep
|turn|16
|
|t:|1758257902
|move|p2a: Zapdos|Hurricane|p1a: Corviknight
|-resisted|p1a: Corviknight
|-damage|p1a: Corviknight|14/100
|move|p1a: Corviknight|Defog|p2a: Zapdos
|-unboost|p2a: Zapdos|evasion|1
|-sideend|p1: thetakerofunder|Stealth Rock|[from] move: Defog|[of] p1a: Corviknight
|
|upkeep
|turn|17
|
|t:|1758257919
|switch|p2a: Barraskewda|Barraskewda, F|42/100
|switch|p1a: Gliscor|Gliscor, M|100/100 tox
|
|upkeep
|turn|18
|
|t:|1758257928
|switch|p2a: Pelipper|Pelipper, F|100/100
|-weather|RainDance|[from] ability: Drizzle|[of] p2a: Pelipper
|-terastallize|p1a: Gliscor|Water
|move|p1a: Gliscor|Stealth Rock|p2a: Pelipper
|-sidestart|p2: duke fronterra|move: Stealth Rock
|
|-weather|RainDance|[upkeep]
|upkeep
|turn|19
|
|t:|1758257935
|move|p1a: Gliscor|Knock Off|p2a: Pelipper
|-damage|p2a: Pelipper|76/100
|-enditem|p2a: Pelipper|Damp Rock|[from] move: Knock Off|[of] p1a: Gliscor
|move|p2a: Pelipper|U-turn|p1a: Gliscor
|-damage|p1a: Gliscor|94/100 tox
|
|t:|1758257941
|switch|p2a: Iron Treads|Iron Treads|100/100|[from] U-turn
|-damage|p2a: Iron Treads|98/100|[from] Stealth Rock
|
|-weather|RainDance|[upkeep]
|-heal|p2a: Iron Treads|100/100|[from] item: Leftovers
|-heal|p1a: Gliscor|100/100 tox|[from] ability: Poison Heal
|upkeep
|turn|20
|
|t:|1758257946
|move|p1a: Gliscor|Protect|p1a: Gliscor
|-singleturn|p1a: Gliscor|Protect
|move|p2a: Iron Treads|Stealth Rock|p1a: Gliscor
|-sidestart|p1: thetakerofunder|move: Stealth Rock
|
|-weather|RainDance|[upkeep]
|upkeep
|turn|21
|
|t:|1758257949
|move|p2a: Iron Treads|Rapid Spin|p1a: Gliscor
|-damage|p1a: Gliscor|91/100 tox
|-boost|p2a: Iron Treads|spe|1
|-sideend|p2: duke fronterra|Stealth Rock|[from] move: Rapid Spin|[of] p2a: Iron Treads
|move|p1a: Gliscor|Earthquake|p2a: Iron Treads
|-supereffective|p2a: Iron Treads
|-damage|p2a: Iron Treads|47/100
|
|-weather|RainDance|[upkeep]
|-heal|p2a: Iron Treads|53/100|[from] item: Leftovers
|-heal|p1a: Gliscor|100/100 tox|[from] ability: Poison Heal
|upkeep
|turn|22
|
|t:|1758257952
|move|p2a: Iron Treads|Volt Switch|p1a: Gliscor
|-supereffective|p1a: Gliscor
|-damage|p1a: Gliscor|81/100 tox
|
|t:|1758257954
|-end|p2a: Iron Treads|Quark Drive|[silent]
|switch|p2a: Zapdos|Zapdos, tera:Flying|100/100|[from] Volt Switch
|move|p1a: Gliscor|Earthquake|p2a: Zapdos
|-immune|p2a: Zapdos
|
|-weather|RainDance|[upkeep]
|-heal|p1a: Gliscor|94/100 tox|[from] ability: Poison Heal
|upkeep
|turn|23
|
|t:|1758257962
|move|p1a: Gliscor|Protect|p1a: Gliscor
|-singleturn|p1a: Gliscor|Protect
|move|p2a: Zapdos|Thunder|p1a: Gliscor
|-activate|p1a: Gliscor|move: Protect
|
|-weather|RainDance|[upkeep]
|-heal|p1a: Gliscor|100/100 tox|[from] ability: Poison Heal
|upkeep
|turn|24
|
|t:|1758257976
|switch|p1a: Corviknight|Corviknight, M|14/100
|-ability|p1a: Corviknight|Pressure
|move|p2a: Zapdos|Thunder|p1a: Corviknight
|-supereffective|p1a: Corviknight
|-damage|p1a: Corviknight|0 fnt
|faint|p1a: Corviknight
|
|-weather|RainDance|[upkeep]
|upkeep
|
|t:|1758257978
|switch|p1a: Weezing|Weezing-Galar, F|100/100
|-ability|p1a: Weezing|Neutralizing Gas
|-damage|p1a: Weezing|88/100|[from] Stealth Rock
|turn|25
|
|t:|1758257982
|move|p2a: Zapdos|Thunder|p1a: Weezing
|-damage|p1a: Weezing|0 fnt
|faint|p1a: Weezing
|-end|p1a: Weezing|ability: Neutralizing Gas
|
|-weather|none
|upkeep
|
|t:|1758257990
|switch|p1a: Blissey|Blissey, F|47/100
|-damage|p1a: Blissey|34/100|[from] Stealth Rock
|turn|26
|
|t:|1758257994
|switch|p2a: Barraskewda|Barraskewda, F|42/100
|move|p1a: Blissey|Soft-Boiled|p1a: Blissey
|-heal|p1a: Blissey|85/100
|
|-heal|p1a: Blissey|91/100|[from] item: Leftovers
|upkeep
|turn|27
|
|t:|1758257999
|switch|p1a: Toxapex|Toxapex, M|100/100
|move|p2a: Barraskewda|Flip Turn|p1a: Toxapex
|-resisted|p1a: Toxapex
|-damage|p1a: Toxapex|90/100
|
|t:|1758258001
|switch|p2a: Zapdos|Zapdos, tera:Flying|100/100|[from] Flip Turn
|
|upkeep
|turn|28
|
|t:|1758258007
|switch|p1a: Blissey|Blissey, F|91/100
|-damage|p1a: Blissey|78/100|[from] Stealth Rock
|move|p2a: Zapdos|Volt Switch|p1a: Blissey
|-damage|p1a: Blissey|59/100
|
|t:|1758258010
|switch|p2a: Barraskewda|Barraskewda, F|42/100|[from] Volt Switch
|
|-heal|p1a: Blissey|65/100|[from] item: Leftovers
|upkeep
|turn|29
|
|t:|1758258023
|move|p2a: Barraskewda|Close Combat|p1a: Blissey
|-supereffective|p1a: Blissey
|-damage|p1a: Blissey|0 fnt
|-unboost|p2a: Barraskewda|def|1
|-unboost|p2a: Barraskewda|spd|1
|faint|p1a: Blissey
|
|upkeep
|
|t:|1758258027
|switch|p1a: Toxapex|Toxapex, M|100/100
|turn|30
|c|☆duke fronterra|pinkacross
|
|t:|1758258041
|switch|p2a: Iron Treads|Iron Treads|53/100
|move|p1a: Toxapex|Sludge Bomb|p2a: Iron Treads
|-immune|p2a: Iron Treads
|
|-heal|p2a: Iron Treads|59/100|[from] item: Leftovers
|upkeep
|turn|31
|c|☆thetakerofunder|indeed
|
|t:|1758258050
|switch|p1a: Gliscor|Gliscor, M, tera:Water|100/100 tox
|-damage|p1a: Gliscor|88/100 tox|[from] Stealth Rock
|move|p2a: Iron Treads|Volt Switch|p1a: Gliscor
|-supereffective|p1a: Gliscor
|-damage|p1a: Gliscor|68/100 tox
|
|t:|1758258052
|-end|p2a: Iron Treads|Quark Drive|[silent]
|switch|p2a: Zapdos|Zapdos, tera:Flying|100/100|[from] Volt Switch
|
|-heal|p1a: Gliscor|81/100 tox|[from] ability: Poison Heal
|upkeep
|turn|32
|
|t:|1758258054
|move|p1a: Gliscor|Protect|p1a: Gliscor
|-singleturn|p1a: Gliscor|Protect
|move|p2a: Zapdos|Volt Switch|p1a: Gliscor
|-activate|p1a: Gliscor|move: Protect
|
|-heal|p1a: Gliscor|93/100 tox|[from] ability: Poison Heal
|upkeep
|turn|33
|
|t:|1758258061
|move|p2a: Zapdos|Volt Switch|p1a: Gliscor
|-supereffective|p1a: Gliscor
|-damage|p1a: Gliscor|0 fnt
|faint|p1a: Gliscor
|
|t:|1758258066
|switch|p2a: Pelipper|Pelipper, F|76/100|[from] Volt Switch
|-weather|RainDance|[from] ability: Drizzle|[of] p2a: Pelipper
|
|-weather|RainDance|[upkeep]
|upkeep
|
|t:|1758258071
|switch|p1a: Dondozo|Dondozo, F|78/100
|-damage|p1a: Dondozo|65/100|[from] Stealth Rock
|turn|34
|
|t:|1758258077
|move|p2a: Pelipper|Knock Off|p1a: Dondozo
|-crit|p1a: Dondozo
|-damage|p1a: Dondozo|56/100
|-enditem|p1a: Dondozo|Leftovers|[from] move: Knock Off|[of] p2a: Pelipper
|move|p1a: Dondozo|Curse|p1a: Dondozo
|-unboost|p1a: Dondozo|spe|1
|-boost|p1a: Dondozo|atk|1
|-boost|p1a: Dondozo|def|1
|
|-weather|RainDance|[upkeep]
|upkeep
|turn|35
|
|t:|1758258083
|move|p2a: Pelipper|U-turn|p1a: Dondozo
|-damage|p1a: Dondozo|53/100
|
|t:|1758258086
|switch|p2a: Toxicroak|Toxicroak, F|100/100|[from] U-turn
|move|p1a: Dondozo|Liquidation|p2a: Toxicroak
|-immune|p2a: Toxicroak|[from] ability: Dry Skin
|
|-weather|RainDance|[upkeep]
|upkeep
|turn|36
|
|t:|1758258090
|move|p2a: Toxicroak|Encore|p1a: Dondozo
|-start|p1a: Dondozo|Encore
|move|p1a: Dondozo|Liquidation|p2a: Toxicroak
|-immune|p2a: Toxicroak|[from] ability: Dry Skin
|
|-weather|RainDance|[upkeep]
|upkeep
|turn|37
|
|t:|1758258091
|move|p2a: Toxicroak|Toxic|p1a: Dondozo
|-status|p1a: Dondozo|tox
|move|p1a: Dondozo|Liquidation|p2a: Toxicroak
|-immune|p2a: Toxicroak|[from] ability: Dry Skin
|
|-weather|none
|-damage|p1a: Dondozo|47/100 tox|[from] psn
|upkeep
|turn|38
|
|t:|1758258095
|switch|p1a: Toxapex|Toxapex, M|100/100
|move|p2a: Toxicroak|Knock Off|p1a: Toxapex
|-damage|p1a: Toxapex|86/100
|-enditem|p1a: Toxapex|Heavy-Duty Boots|[from] move: Knock Off|[of] p2a: Toxicroak
|
|upkeep
|turn|39
|
|t:|1758258106
|switch|p2a: Iron Treads|Iron Treads|59/100
|move|p1a: Toxapex|Toxic Spikes|p2a: Iron Treads
|-sidestart|p2: duke fronterra|move: Toxic Spikes
|
|-heal|p2a: Iron Treads|65/100|[from] item: Leftovers
|upkeep
|turn|40
|
|t:|1758258110
|move|p2a: Iron Treads|Earthquake|p1a: Toxapex
|-supereffective|p1a: Toxapex
|-damage|p1a: Toxapex|42/100
|move|p1a: Toxapex|Toxic Spikes|p2a: Iron Treads
|-sidestart|p2: duke fronterra|move: Toxic Spikes
|
|-heal|p2a: Iron Treads|71/100|[from] item: Leftovers
|upkeep
|turn|41
|
|t:|1758258117
|move|p2a: Iron Treads|Volt Switch|p1a: Toxapex
|-supereffective|p1a: Toxapex
|-damage|p1a: Toxapex|23/100
|
|t:|1758258120
|-end|p2a: Iron Treads|Quark Drive|[silent]
|switch|p2a: Toxicroak|Toxicroak, F|100/100|[from] Volt Switch
|-sideend|p2: duke fronterra|move: Toxic Spikes|[of] p2a: Toxicroak
|move|p1a: Toxapex|Recover|p1a: Toxapex
|-heal|p1a: Toxapex|73/100
|
|upkeep
|turn|42
|
|t:|1758258126
|move|p2a: Toxicroak|Encore|p1a: Toxapex
|-start|p1a: Toxapex|Encore
|move|p1a: Toxapex|Recover|p1a: Toxapex
|-heal|p1a: Toxapex|100/100
|
|upkeep
|turn|43
|c|☆thetakerofunder|aight i fold
|c|☆thetakerofunder|farewell lloyd
|-message|thetakerofunder forfeited.
|
|win|duke fronterra
|raw|thetakerofunder's rating: 1231 &rarr; <strong>1210</strong><br />(-21 for losing)
|raw|duke fronterra's rating: 1284 &rarr; <strong>1305</strong><br />(+21 for winning)
|c|☆duke fronterra|g
|l|☆thetakerofunder
|player|p1|
|l|☆duke fronterra
|player|p2|
|j|☆duke fronterra
|player|p2|duke fronterra|2|
|l|☆duke fronterra
|player|p2|
|j|☆duke fronterra
|player|p2|duke fronterra|2|
|l|☆duke fronterra
|player|p2|
