|j|☆squag7824
|j|☆michaelgoalise
|t:|1758288660
|gametype|singles
|player|p1|squag7824|bugcatcher-gen4dp|1703
|player|p2|michaelgoalise|1|1775
|gen|9
|tier|[Gen 9] OU
|rated|
|rule|HP Percentage Mod: HP is shown in percentages
|rule|Endless Battle Clause: Forcing endless battles is banned
|rule|Species Clause: Limit one of each Pokémon
|rule|OHKO Clause: OHKO moves are banned
|rule|Evasion Items Clause: Evasion items are banned
|rule|Evasion Moves Clause: Evasion moves are banned
|rule|Evasion Abilities Clause: Evasion abilities are banned
|rule|Sleep Moves Clause: Sleep-inducing moves are banned
|clearpoke
|poke|p1|Alomomola, M|
|poke|p1|Ting-Lu|
|poke|p1|Great Tusk|
|poke|p1|Raging Bolt|
|poke|p1|Corviknight, F|
|poke|p1|Hatterene, F|
|poke|p2|Empoleon, F|
|poke|p2|Rillaboom, F|
|poke|p2|Raging Bolt|
|poke|p2|Great Tusk|
|poke|p2|Moltres|
|poke|p2|Samurott-Hisui, M|
|teampreview
|inactive|Battle timer is ON: inactive players will automatically lose when time's up. (requested by squag7824)
|inactive|michaelgoalise has 120 seconds left.
|j| iohll
|
|t:|1758288719
|teamsize|p1|6
|teamsize|p2|6
|start
|switch|p1a: Raging Bolt|Raging Bolt|100/100
|switch|p2a: Great Tusk|Great Tusk|100/100
|turn|1
|j| king of spycrabs
|
|t:|1758288748
|-end|p2a: Great Tusk|Protosynthesis|[silent]
|switch|p2a: Empoleon|Empoleon, F|100/100
|-end|p1a: Raging Bolt|Protosynthesis|[silent]
|switch|p1a: Corviknight|Corviknight, F|100/100
|-ability|p1a: Corviknight|Pressure
|
|upkeep
|turn|2
|
|t:|1758288761
|switch|p2a: Great Tusk|Great Tusk|100/100
|move|p1a: Corviknight|Body Press|p2a: Great Tusk
|-damage|p2a: Great Tusk|82/100
|
|upkeep
|turn|3
|inactive|michaelgoalise has 120 seconds left.
|
|t:|1758288777
|move|p2a: Great Tusk|Stealth Rock|p1a: Corviknight
|-sidestart|p1: squag7824|move: Stealth Rock
|move|p1a: Corviknight|Iron Defense|p1a: Corviknight
|-boost|p1a: Corviknight|def|2
|
|upkeep
|turn|4
|
|t:|1758288784
|-end|p2a: Great Tusk|Protosynthesis|[silent]
|switch|p2a: Moltres|Moltres|100/100
|move|p1a: Corviknight|Body Press|p2a: Moltres
|-resisted|p2a: Moltres
|-damage|p2a: Moltres|81/100
|
|upkeep
|turn|5
|
|t:|1758288799
|switch|p2a: Great Tusk|Great Tusk|82/100
|switch|p1a: Ting-Lu|Ting-Lu|100/100
|-damage|p1a: Ting-Lu|94/100|[from] Stealth Rock
|-ability|p1a: Ting-Lu|Vessel of Ruin
|
|-heal|p1a: Ting-Lu|100/100|[from] item: Leftovers
|upkeep
|turn|6
|
|t:|1758288804
|-end|p2a: Great Tusk|Protosynthesis|[silent]
|switch|p2a: Rillaboom|Rillaboom, F|100/100
|-fieldstart|move: Grassy Terrain|[from] ability: Grassy Surge|[of] p2a: Rillaboom
|switch|p1a: Corviknight|Corviknight, F|100/100
|-damage|p1a: Corviknight|88/100|[from] Stealth Rock
|-ability|p1a: Corviknight|Pressure
|
|upkeep
|turn|7
|inactive|michaelgoalise has 120 seconds left.
|
|t:|1758288830
|move|p2a: Rillaboom|Knock Off|p1a: Corviknight
|-damage|p1a: Corviknight|57/100
|-damage|p2a: Rillaboom|84/100|[from] item: Rocky Helmet|[of] p1a: Corviknight
|-enditem|p1a: Corviknight|Rocky Helmet|[from] move: Knock Off|[of] p2a: Rillaboom
|move|p1a: Corviknight|U-turn|p2a: Rillaboom
|-supereffective|p2a: Rillaboom
|-damage|p2a: Rillaboom|53/100
|
|t:|1758288836
|switch|p1a: Raging Bolt|Raging Bolt|100/100|[from] U-turn
|-damage|p1a: Raging Bolt|88/100|[from] Stealth Rock
|
|-heal|p2a: Rillaboom|59/100|[from] Grassy Terrain
|-heal|p1a: Raging Bolt|94/100|[from] Grassy Terrain
|upkeep
|turn|8
|inactive|michaelgoalise has 120 seconds left.
|
|t:|1758288857
|switch|p2a: Empoleon|Empoleon, F|100/100
|move|p1a: Raging Bolt|Draco Meteor|p2a: Empoleon
|-resisted|p2a: Empoleon
|-damage|p2a: Empoleon|63/100
|-unboost|p1a: Raging Bolt|spa|2
|
|-heal|p1a: Raging Bolt|100/100|[from] Grassy Terrain
|-heal|p2a: Empoleon|69/100|[from] Grassy Terrain
|-heal|p2a: Empoleon|75/100|[from] item: Leftovers
|upkeep
|turn|9
|
|t:|1758288884
|-end|p1a: Raging Bolt|Protosynthesis|[silent]
|switch|p1a: Alomomola|Alomomola, M|100/100
|switch|p2a: Moltres|Moltres|81/100
|
|upkeep
|turn|10
|
|t:|1758288890
|move|p2a: Moltres|U-turn|p1a: Alomomola
|-damage|p1a: Alomomola|92/100
|
|t:|1758288898
|switch|p2a: Raging Bolt|Raging Bolt|100/100|[from] U-turn
|move|p1a: Alomomola|Scald|p2a: Raging Bolt
|-resisted|p2a: Raging Bolt
|-damage|p2a: Raging Bolt|95/100
|
|-heal|p2a: Raging Bolt|100/100|[from] Grassy Terrain
|-heal|p1a: Alomomola|99/100|[from] Grassy Terrain
|-fieldend|move: Grassy Terrain
|upkeep
|turn|11
|inactive|michaelgoalise has 90 seconds left.
|
|t:|1758288933
|-end|p2a: Raging Bolt|Protosynthesis|[silent]
|switch|p2a: Rillaboom|Rillaboom, F|59/100
|-fieldstart|move: Grassy Terrain|[from] ability: Grassy Surge|[of] p2a: Rillaboom
|switch|p1a: Ting-Lu|Ting-Lu|100/100
|-damage|p1a: Ting-Lu|94/100|[from] Stealth Rock
|-ability|p1a: Ting-Lu|Vessel of Ruin
|
|-heal|p2a: Rillaboom|65/100|[from] Grassy Terrain
|-heal|p1a: Ting-Lu|100/100|[from] Grassy Terrain
|upkeep
|turn|12
|
|t:|1758288943
|move|p2a: Rillaboom|U-turn|p1a: Ting-Lu
|-supereffective|p1a: Ting-Lu
|-damage|p1a: Ting-Lu|54/100
|
|t:|1758288952
|switch|p2a: Great Tusk|Great Tusk|82/100|[from] U-turn
|move|p1a: Ting-Lu|Spikes|p2a: Great Tusk
|-sidestart|p2: michaelgoalise|Spikes
|
|-heal|p2a: Great Tusk|89/100|[from] Grassy Terrain
|-heal|p1a: Ting-Lu|60/100|[from] Grassy Terrain
|-heal|p1a: Ting-Lu|67/100|[from] item: Leftovers
|upkeep
|turn|13
|inactive|michaelgoalise has 90 seconds left.
|
|t:|1758288980
|switch|p1a: Alomomola|Alomomola, M|100/100
|move|p2a: Great Tusk|Rapid Spin|p1a: Alomomola
|-crit|p1a: Alomomola
|-damage|p1a: Alomomola|86/100
|-boost|p2a: Great Tusk|spe|1
|-sideend|p2: michaelgoalise|Spikes|[from] move: Rapid Spin|[of] p2a: Great Tusk
|
|-heal|p2a: Great Tusk|95/100|[from] Grassy Terrain
|-heal|p1a: Alomomola|92/100|[from] Grassy Terrain
|upkeep
|turn|14
|
|t:|1758288993
|-end|p2a: Great Tusk|Protosynthesis|[silent]
|switch|p2a: Raging Bolt|Raging Bolt|100/100
|move|p1a: Alomomola|Scald|p2a: Raging Bolt
|-resisted|p2a: Raging Bolt
|-damage|p2a: Raging Bolt|94/100
|
|-heal|p2a: Raging Bolt|99/100|[from] Grassy Terrain
|-heal|p2a: Raging Bolt|100/100|[from] item: Leftovers
|-heal|p1a: Alomomola|98/100|[from] Grassy Terrain
|upkeep
|turn|15
|inactive|michaelgoalise has 90 seconds left.
|
|t:|1758289010
|switch|p1a: Ting-Lu|Ting-Lu|67/100
|-damage|p1a: Ting-Lu|60/100|[from] Stealth Rock
|-ability|p1a: Ting-Lu|Vessel of Ruin
|move|p2a: Raging Bolt|Dragon Pulse|p1a: Ting-Lu
|-damage|p1a: Ting-Lu|39/100
|
|-heal|p1a: Ting-Lu|46/100|[from] Grassy Terrain
|-heal|p1a: Ting-Lu|52/100|[from] item: Leftovers
|-fieldend|move: Grassy Terrain
|upkeep
|turn|16
|inactive|michaelgoalise has 90 seconds left.
|
|t:|1758289029
|-end|p2a: Raging Bolt|Protosynthesis|[silent]
|switch|p2a: Rillaboom|Rillaboom, F|65/100
|-fieldstart|move: Grassy Terrain|[from] ability: Grassy Surge|[of] p2a: Rillaboom
|move|p1a: Ting-Lu|Ruination|p2a: Rillaboom
|-damage|p2a: Rillaboom|33/100
|
|-heal|p2a: Rillaboom|39/100|[from] Grassy Terrain
|-heal|p1a: Ting-Lu|58/100|[from] Grassy Terrain
|-heal|p1a: Ting-Lu|64/100|[from] item: Leftovers
|upkeep
|turn|17
|inactive|michaelgoalise has 90 seconds left.
|
|t:|1758289040
|switch|p1a: Corviknight|Corviknight, F|57/100
|-damage|p1a: Corviknight|45/100|[from] Stealth Rock
|-ability|p1a: Corviknight|Pressure
|move|p2a: Rillaboom|Wood Hammer|p1a: Corviknight
|-resisted|p1a: Corviknight
|-damage|p1a: Corviknight|24/100
|-damage|p2a: Rillaboom|32/100|[from] Recoil
|
|-heal|p2a: Rillaboom|38/100|[from] Grassy Terrain
|upkeep
|turn|18
|inactive|michaelgoalise has 90 seconds left.
|
|t:|1758289057
|-terastallize|p2a: Rillaboom|Grass
|move|p2a: Rillaboom|Wood Hammer|p1a: Corviknight
|-resisted|p1a: Corviknight
|-damage|p1a: Corviknight|0 fnt
|faint|p1a: Corviknight
|-damage|p2a: Rillaboom|29/100|[from] Recoil
|
|-heal|p2a: Rillaboom|35/100|[from] Grassy Terrain
|upkeep
|
|t:|1758289064
|switch|p1a: Raging Bolt|Raging Bolt|100/100
|-damage|p1a: Raging Bolt|88/100|[from] Stealth Rock
|turn|19
|
|t:|1758289073
|switch|p2a: Empoleon|Empoleon, F|75/100
|move|p1a: Raging Bolt|Volt Switch|p2a: Empoleon
|-supereffective|p2a: Empoleon
|-crit|p2a: Empoleon
|-damage|p2a: Empoleon|0 fnt
|faint|p2a: Empoleon
|
|t:|1758289080
|-end|p1a: Raging Bolt|Protosynthesis|[silent]
|switch|p1a: Great Tusk|Great Tusk|100/100|[from] Volt Switch
|
|upkeep
|j| Swagboss123456789
|
|t:|1758289088
|switch|p2a: Moltres|Moltres|81/100
|turn|20
|
|t:|1758289101
|-end|p1a: Great Tusk|Protosynthesis|[silent]
|switch|p1a: Hatterene|Hatterene, F|100/100
|-damage|p1a: Hatterene|88/100|[from] Stealth Rock
|move|p2a: Moltres|Flamethrower|p1a: Hatterene
|-damage|p1a: Hatterene|66/100
|
|-heal|p1a: Hatterene|72/100|[from] Grassy Terrain
|-fieldend|move: Grassy Terrain
|upkeep
|turn|21
|inactive|michaelgoalise has 90 seconds left.
|
|t:|1758289124
|move|p1a: Hatterene|Psychic Noise|p2a: Moltres
|-damage|p2a: Moltres|37/100
|-start|p2a: Moltres|move: Heal Block
|move|p2a: Moltres|Roar|p1a: Hatterene
|move|p1a: Hatterene|Roar|p2a: Moltres|[from] ability: Magic Bounce
|drag|p2a: Samurott|Samurott-Hisui, M|100/100
|
|upkeep
|turn|22
|inactive|michaelgoalise has 90 seconds left.
|
|t:|1758289146
|move|p2a: Samurott|Flip Turn|p1a: Hatterene
|-damage|p1a: Hatterene|39/100
|
|t:|1758289149
|switch|p2a: Moltres|Moltres|37/100|[from] Flip Turn
|move|p1a: Hatterene|Draining Kiss|p2a: Moltres
|-resisted|p2a: Moltres
|-damage|p2a: Moltres|24/100
|-heal|p1a: Hatterene|52/100|[from] drain|[of] p2a: Moltres
|
|upkeep
|turn|23
|inactive|michaelgoalise has 90 seconds left.
|
|t:|1758289162
|move|p2a: Moltres|Roost|p2a: Moltres
|-heal|p2a: Moltres|74/100
|-singleturn|p2a: Moltres|move: Roost
|move|p1a: Hatterene|Nuzzle|p2a: Moltres
|-damage|p2a: Moltres|71/100
|-status|p2a: Moltres|par
|-status|p1a: Hatterene|brn|[from] ability: Flame Body|[of] p2a: Moltres
|
|-damage|p1a: Hatterene|46/100 brn|[from] brn
|upkeep
|turn|24
|inactive|michaelgoalise has 90 seconds left.
|
|t:|1758289176
|cant|p2a: Moltres|par
|move|p1a: Hatterene|Draining Kiss|p2a: Moltres
|-resisted|p2a: Moltres
|-damage|p2a: Moltres|57/100 par
|-heal|p1a: Hatterene|58/100 brn|[from] drain|[of] p2a: Moltres
|
|-damage|p1a: Hatterene|52/100 brn|[from] brn
|upkeep
|turn|25
|
|t:|1758289183
|move|p2a: Moltres|Flamethrower|p1a: Hatterene
|-damage|p1a: Hatterene|27/100 brn
|move|p1a: Hatterene|Psychic Noise|p2a: Moltres
|-damage|p2a: Moltres|17/100 par
|-start|p2a: Moltres|move: Heal Block
|
|-damage|p1a: Hatterene|21/100 brn|[from] brn
|upkeep
|turn|26
|
|t:|1758289191
|switch|p1a: Alomomola|Alomomola, M|100/100
|move|p2a: Moltres|Flamethrower|p1a: Alomomola
|-resisted|p1a: Alomomola
|-damage|p1a: Alomomola|77/100
|-status|p1a: Alomomola|brn
|
|-damage|p1a: Alomomola|71/100 brn|[from] brn
|-end|p2a: Moltres|move: Heal Block
|upkeep
|turn|27
|
|t:|1758289200
|switch|p2a: Raging Bolt|Raging Bolt|100/100
|move|p1a: Alomomola|Flip Turn|p2a: Raging Bolt
|-resisted|p2a: Raging Bolt
|-damage|p2a: Raging Bolt|97/100
|
|t:|1758289203
|switch|p1a: Ting-Lu|Ting-Lu|64/100|[from] Flip Turn
|-damage|p1a: Ting-Lu|58/100|[from] Stealth Rock
|-ability|p1a: Ting-Lu|Vessel of Ruin
|
|-heal|p2a: Raging Bolt|100/100|[from] item: Leftovers
|-heal|p1a: Ting-Lu|64/100|[from] item: Leftovers
|upkeep
|turn|28
|inactive|michaelgoalise has 120 seconds left.
|inactive|michaelgoalise has 90 seconds left.
|
|t:|1758289239
|-end|p2a: Raging Bolt|Protosynthesis|[silent]
|switch|p2a: Samurott|Samurott-Hisui, M|100/100
|move|p1a: Ting-Lu|Spikes|p2a: Samurott
|-sidestart|p2: michaelgoalise|Spikes
|
|-heal|p1a: Ting-Lu|71/100|[from] item: Leftovers
|upkeep
|turn|29
|inactive|michaelgoalise has 90 seconds left.
|
|t:|1758289251
|switch|p1a: Alomomola|Alomomola, M|100/100 brn
|move|p2a: Samurott|Flip Turn|p1a: Alomomola
|-resisted|p1a: Alomomola
|-damage|p1a: Alomomola|93/100 brn
|inactive|michaelgoalise has 90 seconds left.
|
|t:|1758289258
|switch|p2a: Raging Bolt|Raging Bolt|100/100|[from] Flip Turn
|-damage|p2a: Raging Bolt|88/100|[from] Spikes
|
|-heal|p2a: Raging Bolt|94/100|[from] item: Leftovers
|-damage|p1a: Alomomola|87/100 brn|[from] brn
|upkeep
|turn|30
|inactive|michaelgoalise has 90 seconds left.
|
|t:|1758289275
|switch|p1a: Ting-Lu|Ting-Lu|71/100
|-damage|p1a: Ting-Lu|64/100|[from] Stealth Rock
|-ability|p1a: Ting-Lu|Vessel of Ruin
|move|p2a: Raging Bolt|Dragon Pulse|p1a: Ting-Lu
|-damage|p1a: Ting-Lu|44/100
|
|-heal|p2a: Raging Bolt|100/100|[from] item: Leftovers
|-heal|p1a: Ting-Lu|50/100|[from] item: Leftovers
|upkeep
|turn|31
|
|t:|1758289282
|-end|p2a: Raging Bolt|Protosynthesis|[silent]
|switch|p2a: Great Tusk|Great Tusk|95/100
|move|p1a: Ting-Lu|Ruination|p2a: Great Tusk
|-damage|p2a: Great Tusk|48/100
|
|-heal|p1a: Ting-Lu|56/100|[from] item: Leftovers
|upkeep
|turn|32
|
|t:|1758289288
|switch|p1a: Alomomola|Alomomola, M|100/100 brn
|move|p2a: Great Tusk|Rapid Spin|p1a: Alomomola
|-damage|p1a: Alomomola|92/100 brn
|-boost|p2a: Great Tusk|spe|1
|-sideend|p2: michaelgoalise|Spikes|[from] move: Rapid Spin|[of] p2a: Great Tusk
|
|-damage|p1a: Alomomola|85/100 brn|[from] brn
|upkeep
|turn|33
|
|t:|1758289293
|-end|p2a: Great Tusk|Protosynthesis|[silent]
|switch|p2a: Raging Bolt|Raging Bolt|100/100
|move|p1a: Alomomola|Wish|p1a: Alomomola
|
|-damage|p1a: Alomomola|79/100 brn|[from] brn
|upkeep
|turn|34
|
|t:|1758289299
|-end|p2a: Raging Bolt|Protosynthesis|[silent]
|switch|p2a: Rillaboom|Rillaboom, F, tera:Grass|35/100
|-fieldstart|move: Grassy Terrain|[from] ability: Grassy Surge|[of] p2a: Rillaboom
|switch|p1a: Ting-Lu|Ting-Lu|56/100
|-damage|p1a: Ting-Lu|50/100|[from] Stealth Rock
|-ability|p1a: Ting-Lu|Vessel of Ruin
|
|-heal|p1a: Ting-Lu|100/100|[from] move: Wish|[wisher] Alomomola
|-heal|p2a: Rillaboom|41/100|[from] Grassy Terrain
|upkeep
|turn|35
|l| Swagboss123456789
|
|t:|1758289328
|-terastallize|p1a: Ting-Lu|Steel
|move|p2a: Rillaboom|U-turn|p1a: Ting-Lu
|-resisted|p1a: Ting-Lu
|-damage|p1a: Ting-Lu|90/100
|inactive|michaelgoalise has 90 seconds left.
|
|t:|1758289374
|switch|p2a: Raging Bolt|Raging Bolt|100/100|[from] U-turn
|move|p1a: Ting-Lu|Ruination|p2a: Raging Bolt
|-damage|p2a: Raging Bolt|51/100
|
|-heal|p2a: Raging Bolt|57/100|[from] Grassy Terrain
|-heal|p2a: Raging Bolt|63/100|[from] item: Leftovers
|-heal|p1a: Ting-Lu|96/100|[from] Grassy Terrain
|-heal|p1a: Ting-Lu|100/100|[from] item: Leftovers
|upkeep
|turn|36
|
|t:|1758289381
|move|p2a: Raging Bolt|Calm Mind|p2a: Raging Bolt
|-boost|p2a: Raging Bolt|spa|1
|-boost|p2a: Raging Bolt|spd|1
|move|p1a: Ting-Lu|Earthquake|p2a: Raging Bolt
|-supereffective|p2a: Raging Bolt
|-damage|p2a: Raging Bolt|32/100
|
|-heal|p2a: Raging Bolt|39/100|[from] Grassy Terrain
|-heal|p2a: Raging Bolt|45/100|[from] item: Leftovers
|upkeep
|turn|37
|
|t:|1758289384
|move|p2a: Raging Bolt|Thunderbolt|p1a: Ting-Lu
|-damage|p1a: Ting-Lu|69/100
|move|p1a: Ting-Lu|Whirlwind|p2a: Raging Bolt
|-end|p2a: Raging Bolt|Protosynthesis|[silent]
|drag|p2a: Rillaboom|Rillaboom, F, tera:Grass|41/100
|
|-heal|p2a: Rillaboom|47/100|[from] Grassy Terrain
|-heal|p1a: Ting-Lu|75/100|[from] Grassy Terrain
|-heal|p1a: Ting-Lu|81/100|[from] item: Leftovers
|upkeep
|turn|38
|inactive|michaelgoalise has 90 seconds left.
|
|t:|1758289394
|move|p2a: Rillaboom|Knock Off|p1a: Ting-Lu
|-damage|p1a: Ting-Lu|50/100
|-enditem|p1a: Ting-Lu|Leftovers|[from] move: Knock Off|[of] p2a: Rillaboom
|move|p1a: Ting-Lu|Ruination|p2a: Rillaboom
|-damage|p2a: Rillaboom|24/100
|
|-heal|p2a: Rillaboom|30/100|[from] Grassy Terrain
|-heal|p1a: Ting-Lu|57/100|[from] Grassy Terrain
|-fieldend|move: Grassy Terrain
|upkeep
|turn|39
|
|t:|1758289402
|switch|p2a: Moltres|Moltres|17/100 par
|move|p1a: Ting-Lu|Spikes|p2a: Moltres
|-sidestart|p2: michaelgoalise|Spikes
|
|upkeep
|turn|40
|
|t:|1758289409
|switch|p1a: Alomomola|Alomomola, M|100/100 brn
|move|p2a: Moltres|Flamethrower|p1a: Alomomola
|-resisted|p1a: Alomomola
|-damage|p1a: Alomomola|79/100 brn
|
|-damage|p1a: Alomomola|73/100 brn|[from] brn
|upkeep
|turn|41
|
|t:|1758289418
|move|p1a: Alomomola|Wish|p1a: Alomomola
|move|p2a: Moltres|U-turn|p1a: Alomomola
|-damage|p1a: Alomomola|66/100 brn
|
|t:|1758289423
|switch|p2a: Raging Bolt|Raging Bolt|45/100|[from] U-turn
|-damage|p2a: Raging Bolt|32/100|[from] Spikes
|
|-heal|p2a: Raging Bolt|39/100|[from] item: Leftovers
|-damage|p1a: Alomomola|60/100 brn|[from] brn
|upkeep
|turn|42
|
|t:|1758289447
|switch|p1a: Ting-Lu|Ting-Lu, tera:Steel|57/100
|-damage|p1a: Ting-Lu|50/100|[from] Stealth Rock
|-ability|p1a: Ting-Lu|Vessel of Ruin
|move|p2a: Raging Bolt|Calm Mind|p2a: Raging Bolt
|-boost|p2a: Raging Bolt|spa|1
|-boost|p2a: Raging Bolt|spd|1
|
|-heal|p1a: Ting-Lu|100/100|[from] move: Wish|[wisher] Alomomola
|-heal|p2a: Raging Bolt|45/100|[from] item: Leftovers
|upkeep
|turn|43
|
|t:|1758289456
|-end|p2a: Raging Bolt|Protosynthesis|[silent]
|switch|p2a: Moltres|Moltres|17/100 par
|move|p1a: Ting-Lu|Earthquake|p2a: Moltres
|-immune|p2a: Moltres
|
|upkeep
|turn|44
|
|t:|1758289462
|switch|p1a: Raging Bolt|Raging Bolt|88/100
|-damage|p1a: Raging Bolt|76/100|[from] Stealth Rock
|cant|p2a: Moltres|par
|
|upkeep
|turn|45
|
|t:|1758289465
|move|p1a: Raging Bolt|Draco Meteor|p2a: Moltres|[miss]
|-miss|p1a: Raging Bolt|p2a: Moltres
|cant|p2a: Moltres|par
|
|upkeep
|turn|46
|
|t:|1758289469
|move|p1a: Raging Bolt|Draco Meteor|p2a: Moltres
|-damage|p2a: Moltres|0 fnt
|-unboost|p1a: Raging Bolt|spa|2
|faint|p2a: Moltres
|
|upkeep
|
|t:|1758289472
|switch|p2a: Great Tusk|Great Tusk|48/100
|turn|47
|
|t:|1758289477
|-end|p1a: Raging Bolt|Protosynthesis|[silent]
|switch|p1a: Alomomola|Alomomola, M|93/100 brn
|move|p2a: Great Tusk|Rapid Spin|p1a: Alomomola
|-damage|p1a: Alomomola|83/100 brn
|-boost|p2a: Great Tusk|spe|1
|-sideend|p2: michaelgoalise|Spikes|[from] move: Rapid Spin|[of] p2a: Great Tusk
|
|-damage|p1a: Alomomola|77/100 brn|[from] brn
|upkeep
|turn|48
|
|t:|1758289484
|-end|p2a: Great Tusk|Protosynthesis|[silent]
|switch|p2a: Rillaboom|Rillaboom, F, tera:Grass|30/100
|-fieldstart|move: Grassy Terrain|[from] ability: Grassy Surge|[of] p2a: Rillaboom
|move|p1a: Alomomola|Scald|p2a: Rillaboom
|-resisted|p2a: Rillaboom
|-damage|p2a: Rillaboom|21/100
|
|-heal|p2a: Rillaboom|27/100|[from] Grassy Terrain
|-heal|p1a: Alomomola|83/100 brn|[from] Grassy Terrain
|-damage|p1a: Alomomola|77/100 brn|[from] brn
|upkeep
|turn|49
|
|t:|1758289490
|switch|p1a: Hatterene|Hatterene, F|21/100 brn
|-damage|p1a: Hatterene|9/100 brn|[from] Stealth Rock
|move|p2a: Rillaboom|U-turn|p1a: Hatterene
|-damage|p1a: Hatterene|0 fnt
|faint|p1a: Hatterene
|
|t:|1758289496
|switch|p2a: Great Tusk|Great Tusk|48/100|[from] U-turn
|
|-heal|p2a: Great Tusk|54/100|[from] Grassy Terrain
|upkeep
|
|t:|1758289500
|switch|p1a: Alomomola|Alomomola, M|100/100 brn
|turn|50
|
|t:|1758289504
|-end|p2a: Great Tusk|Protosynthesis|[silent]
|switch|p2a: Raging Bolt|Raging Bolt|45/100
|move|p1a: Alomomola|Flip Turn|p2a: Raging Bolt
|-resisted|p2a: Raging Bolt
|-damage|p2a: Raging Bolt|41/100
|
|t:|1758289513
|switch|p1a: Ting-Lu|Ting-Lu, tera:Steel|100/100|[from] Flip Turn
|-damage|p1a: Ting-Lu|94/100|[from] Stealth Rock
|-ability|p1a: Ting-Lu|Vessel of Ruin
|
|-heal|p2a: Raging Bolt|47/100|[from] Grassy Terrain
|-heal|p2a: Raging Bolt|53/100|[from] item: Leftovers
|-heal|p1a: Ting-Lu|100/100|[from] Grassy Terrain
|upkeep
|turn|51
|
|t:|1758289533
|-end|p2a: Raging Bolt|Protosynthesis|[silent]
|switch|p2a: Samurott|Samurott-Hisui, M|100/100
|move|p1a: Ting-Lu|Spikes|p2a: Samurott
|-sidestart|p2: michaelgoalise|Spikes
|
|upkeep
|turn|52
|
|t:|1758289544
|move|p2a: Samurott|Sacred Sword|p1a: Ting-Lu
|-supereffective|p1a: Ting-Lu
|-damage|p1a: Ting-Lu|53/100
|move|p1a: Ting-Lu|Ruination|p2a: Samurott
|-damage|p2a: Samurott|51/100
|
|-heal|p2a: Samurott|57/100|[from] Grassy Terrain
|-heal|p1a: Ting-Lu|59/100|[from] Grassy Terrain
|-fieldend|move: Grassy Terrain
|upkeep
|turn|53
|
|t:|1758289555
|switch|p2a: Raging Bolt|Raging Bolt|53/100
|-damage|p2a: Raging Bolt|41/100|[from] Spikes
|switch|p1a: Alomomola|Alomomola, M|100/100 brn
|
|-heal|p2a: Raging Bolt|47/100|[from] item: Leftovers
|-damage|p1a: Alomomola|94/100 brn|[from] brn
|upkeep
|turn|54
|inactive|michaelgoalise has 120 seconds left.
|
|t:|1758289600
|switch|p1a: Ting-Lu|Ting-Lu, tera:Steel|59/100
|-damage|p1a: Ting-Lu|53/100|[from] Stealth Rock
|-ability|p1a: Ting-Lu|Vessel of Ruin
|move|p2a: Raging Bolt|Thunderbolt|p1a: Ting-Lu
|-crit|p1a: Ting-Lu
|-damage|p1a: Ting-Lu|22/100
|
|-heal|p2a: Raging Bolt|53/100|[from] item: Leftovers
|upkeep
|turn|55
|inactive|michaelgoalise has 90 seconds left.
|
|t:|1758289628
|-end|p2a: Raging Bolt|Protosynthesis|[silent]
|switch|p2a: Samurott|Samurott-Hisui, M|57/100
|-damage|p2a: Samurott|44/100|[from] Spikes
|move|p1a: Ting-Lu|Earthquake|p2a: Samurott
|-damage|p2a: Samurott|0 fnt
|faint|p2a: Samurott
|
|upkeep
|
|t:|1758289632
|switch|p2a: Great Tusk|Great Tusk|54/100
|turn|56
|inactive|michaelgoalise has 90 seconds left.
|j| Swagboss123456789
|l| Swagboss123456789
|
|t:|1758289650
|-end|p2a: Great Tusk|Protosynthesis|[silent]
|switch|p2a: Raging Bolt|Raging Bolt|53/100
|-damage|p2a: Raging Bolt|41/100|[from] Spikes
|switch|p1a: Alomomola|Alomomola, M|100/100 brn
|
|-heal|p2a: Raging Bolt|47/100|[from] item: Leftovers
|-damage|p1a: Alomomola|94/100 brn|[from] brn
|upkeep
|turn|57
|
|t:|1758289655
|switch|p1a: Great Tusk|Great Tusk|100/100
|move|p2a: Raging Bolt|Thunderbolt|p1a: Great Tusk
|-immune|p1a: Great Tusk
|
|-heal|p2a: Raging Bolt|53/100|[from] item: Leftovers
|upkeep
|turn|58
|
|t:|1758289665
|-end|p2a: Raging Bolt|Protosynthesis|[silent]
|switch|p2a: Rillaboom|Rillaboom, F, tera:Grass|27/100
|-damage|p2a: Rillaboom|15/100|[from] Spikes
|-fieldstart|move: Grassy Terrain|[from] ability: Grassy Surge|[of] p2a: Rillaboom
|move|p1a: Great Tusk|Knock Off|p2a: Rillaboom
|-crit|p2a: Rillaboom
|-damage|p2a: Rillaboom|0 fnt
|-enditem|p2a: Rillaboom|Choice Band|[from] move: Knock Off|[of] p1a: Great Tusk
|faint|p2a: Rillaboom
|
|upkeep
|
|t:|1758289668
|switch|p2a: Great Tusk|Great Tusk|54/100
|turn|59
|
|t:|1758289671
|move|p1a: Great Tusk|Rapid Spin|p2a: Great Tusk
|-damage|p2a: Great Tusk|43/100
|-boost|p1a: Great Tusk|spe|1
|-sideend|p1: squag7824|Stealth Rock|[from] move: Rapid Spin|[of] p1a: Great Tusk
|move|p2a: Great Tusk|Rapid Spin|p1a: Great Tusk
|-damage|p1a: Great Tusk|88/100
|-boost|p2a: Great Tusk|spe|1
|-sideend|p2: michaelgoalise|Spikes|[from] move: Rapid Spin|[of] p2a: Great Tusk
|
|-heal|p1a: Great Tusk|94/100|[from] Grassy Terrain
|-heal|p2a: Great Tusk|49/100|[from] Grassy Terrain
|upkeep
|turn|60
|
|t:|1758289675
|move|p1a: Great Tusk|Stealth Rock|p2a: Great Tusk
|-sidestart|p2: michaelgoalise|move: Stealth Rock
|move|p2a: Great Tusk|Ice Spinner|p1a: Great Tusk
|-supereffective|p1a: Great Tusk
|-damage|p1a: Great Tusk|55/100
|-fieldend|move: Grassy Terrain
|
|upkeep
|turn|61
|
|t:|1758289683
|-end|p1a: Great Tusk|Protosynthesis|[silent]
|switch|p1a: Alomomola|Alomomola, M|100/100 brn
|move|p2a: Great Tusk|Rapid Spin|p1a: Alomomola
|-damage|p1a: Alomomola|92/100 brn
|-boost|p2a: Great Tusk|spe|1
|-sideend|p2: michaelgoalise|Stealth Rock|[from] move: Rapid Spin|[of] p2a: Great Tusk
|
|-damage|p1a: Alomomola|86/100 brn|[from] brn
|upkeep
|turn|62
|
|t:|1758289687
|-end|p2a: Great Tusk|Protosynthesis|[silent]
|switch|p2a: Raging Bolt|Raging Bolt|53/100
|move|p1a: Alomomola|Flip Turn|p2a: Raging Bolt
|-resisted|p2a: Raging Bolt
|-damage|p2a: Raging Bolt|50/100
|
|t:|1758289688
|switch|p1a: Great Tusk|Great Tusk|55/100|[from] Flip Turn
|
|-heal|p2a: Raging Bolt|56/100|[from] item: Leftovers
|upkeep
|turn|63
|
|t:|1758289692
|move|p1a: Great Tusk|Earthquake|p2a: Raging Bolt
|-supereffective|p2a: Raging Bolt
|-damage|p2a: Raging Bolt|0 fnt
|faint|p2a: Raging Bolt
|-end|p2a: Raging Bolt|Protosynthesis|[silent]
|
|upkeep
|-message|michaelgoalise forfeited.
|
|win|squag7824
|raw|squag7824's rating: 1703 &rarr; <strong>1727</strong><br />(+24 for winning)
|raw|michaelgoalise's rating: 1775 &rarr; <strong>1751</strong><br />(-24 for losing)
|l|☆michaelgoalise
|player|p2|
|l|☆squag7824
|player|p1|
