|badge|p1|bronze|gen9ou|100-6
|uhtml|medal-msg|<div class="broadcast-blue">Curious what those medals under the avatar are? PS now has Ladder Seasons! For more information, check out the <a href="https://www.smogon.com/forums/threads/3740067/">thread on Smogon.</a></div>
|badge|p2|bronze|gen9monotype|100-6
|badge|p2|bronze|gen9ru|100-6
|uhtml|medal-msg|<div class="broadcast-blue">Curious what those medals under the avatar are? PS now has Ladder Seasons! For more information, check out the <a href="https://www.smogon.com/forums/threads/3740067/">thread on Smogon.</a></div>
|j|☆sunny dancing
|j|☆domingo a noite
|t:|1758358659
|gametype|singles
|player|p1|sunny dancing|101|1807
|player|p2|domingo a noite|miku-ice|1754
|gen|9
|tier|[Gen 9] OU
|rated|
|rule|HP Percentage Mod: HP is shown in percentages
|rule|Endless Battle Clause: Forcing endless battles is banned
|rule|Species Clause: Limit one of each Pokémon
|rule|OHKO Clause: OHKO moves are banned
|rule|Evasion Items Clause: Evasion items are banned
|rule|Evasion Moves Clause: Evasion moves are banned
|rule|Evasion Abilities Clause: Evasion abilities are banned
|rule|Sleep Moves Clause: Sleep-inducing moves are banned
|clearpoke
|poke|p1|Ogerpon-Wellspring, F|
|poke|p1|Slowking-Galar, F|
|poke|p1|Great Tusk|
|poke|p1|Moltres|
|poke|p1|Dragapult, F|
|poke|p1|Kingambit, M|
|poke|p2|Araquanid, F|
|poke|p2|Iron Treads|
|poke|p2|Kingambit, M|
|poke|p2|Enamorus, F|
|poke|p2|Iron Valiant|
|poke|p2|Iron Moth|
|teampreview
|inactive|Battle timer is ON: inactive players will automatically lose when time's up. (requested by sunny dancing)
|inactive|domingo a noite has 120 seconds left.
|
|t:|1758358727
|teamsize|p1|6
|teamsize|p2|6
|start
|switch|p1a: Ogerpon|Ogerpon-Wellspring, F|100/100
|switch|p2a: Forest|Iron Valiant|100/100
|-enditem|p2a: Forest|Booster Energy
|-activate|p2a: Forest|ability: Quark Drive|[fromitem]
|-start|p2a: Forest|quarkdrivespa
|turn|1
|
|t:|1758358733
|move|p1a: Ogerpon|Ivy Cudgel|p2a: Forest|[anim] Ivy Cudgel Water
|-damage|p2a: Forest|23/100
|move|p2a: Forest|Moonblast|p1a: Ogerpon
|-damage|p1a: Ogerpon|27/100
|
|upkeep
|turn|2
|
|t:|1758358742
|switch|p1a: Slowking|Slowking-Galar, F|100/100
|move|p2a: Forest|Vacuum Wave|p1a: Slowking
|-resisted|p1a: Slowking
|-damage|p1a: Slowking|97/100
|
|upkeep
|turn|3
|
|t:|1758358749
|-end|p2a: Forest|Quark Drive|[silent]
|switch|p2a: Beaches|Araquanid, F|100/100
|switch|p1a: Ogerpon|Ogerpon-Wellspring, F|27/100
|
|upkeep
|turn|4
|
|t:|1758358756
|move|p1a: Ogerpon|Power Whip|p2a: Beaches
|-damage|p2a: Beaches|30/100
|move|p2a: Beaches|Sticky Web|p1a: Ogerpon
|-sidestart|p1: sunny dancing|move: Sticky Web
|
|upkeep
|turn|5
|
|t:|1758358765
|move|p2a: Beaches|Endure|p2a: Beaches
|-singleturn|p2a: Beaches|move: Endure
|move|p1a: Ogerpon|Ivy Cudgel|p2a: Beaches|[anim] Ivy Cudgel Water
|-resisted|p2a: Beaches
|-damage|p2a: Beaches|1/100
|
|upkeep
|turn|6
|-enditem|p2a: Beaches|Custap Berry|[eat]
|-activate|p2a: Beaches|item: Custap Berry|[consumed]
|
|t:|1758358773
|move|p2a: Beaches|Endeavor|p1a: Ogerpon
|-damage|p1a: Ogerpon|1/100
|move|p1a: Ogerpon|U-turn|p2a: Beaches
|-damage|p2a: Beaches|0 fnt
|faint|p2a: Beaches
|
|t:|1758358782
|switch|p1a: Great Tusk|Great Tusk|100/100|[from] U-turn
|-activate|p1a: Great Tusk|move: Sticky Web
|-unboost|p1a: Great Tusk|spe|1
|
|upkeep
|
|t:|1758358789
|switch|p2a: Magdalene|Iron Moth|100/100
|-enditem|p2a: Magdalene|Booster Energy
|-activate|p2a: Magdalene|ability: Quark Drive|[fromitem]
|-start|p2a: Magdalene|quarkdrivespa
|turn|7
|
|t:|1758358795
|move|p2a: Magdalene|Fiery Dance|p1a: Great Tusk
|-damage|p1a: Great Tusk|19/100
|-boost|p2a: Magdalene|spa|1
|move|p1a: Great Tusk|Headlong Rush|p2a: Magdalene
|-supereffective|p2a: Magdalene
|-damage|p2a: Magdalene|0 fnt
|-unboost|p1a: Great Tusk|def|1
|-unboost|p1a: Great Tusk|spd|1
|faint|p2a: Magdalene
|-end|p2a: Magdalene|Quark Drive|[silent]
|
|upkeep
|
|t:|1758358801
|switch|p2a: 10:36|Iron Treads|100/100
|-enditem|p2a: 10:36|Booster Energy
|-activate|p2a: 10:36|ability: Quark Drive|[fromitem]
|-start|p2a: 10:36|quarkdrivespe
|turn|8
|
|t:|1758358808
|-end|p1a: Great Tusk|Protosynthesis|[silent]
|switch|p1a: Moltres|Moltres|100/100
|move|p2a: 10:36|Earth Power|p1a: Moltres
|-immune|p1a: Moltres
|
|upkeep
|turn|9
|
|t:|1758358814
|move|p2a: 10:36|Stealth Rock|p1a: Moltres
|-sidestart|p1: sunny dancing|move: Stealth Rock
|move|p1a: Moltres|Flamethrower|p2a: 10:36
|-supereffective|p2a: 10:36
|-crit|p2a: 10:36
|-damage|p2a: 10:36|0 fnt
|faint|p2a: 10:36
|-end|p2a: 10:36|Quark Drive|[silent]
|
|upkeep
|
|t:|1758358817
|switch|p2a: Yoshimi|Enamorus, F|100/100
|turn|10
|
|t:|1758358823
|move|p2a: Yoshimi|Moonblast|p1a: Moltres
|-resisted|p1a: Moltres
|-damage|p1a: Moltres|58/100
|move|p1a: Moltres|Flamethrower|p2a: Yoshimi
|-damage|p2a: Yoshimi|44/100
|
|upkeep
|turn|11
|
|t:|1758358832
|-terastallize|p2a: Yoshimi|Fairy
|move|p2a: Yoshimi|Moonblast|p1a: Moltres
|-resisted|p1a: Moltres
|-damage|p1a: Moltres|1/100
|move|p1a: Moltres|Flamethrower|p2a: Yoshimi
|-damage|p2a: Yoshimi|0 fnt
|faint|p2a: Yoshimi
|
|upkeep
|
|t:|1758358835
|switch|p2a: Forest|Iron Valiant|23/100
|turn|12
|
|t:|1758358841
|switch|p1a: Slowking|Slowking-Galar, F|100/100
|-activate|p1a: Slowking|move: Sticky Web
|-unboost|p1a: Slowking|spe|1
|-damage|p1a: Slowking|88/100|[from] Stealth Rock
|move|p2a: Forest|Shadow Ball|p1a: Slowking
|-supereffective|p1a: Slowking
|-damage|p1a: Slowking|58/100
|
|upkeep
|turn|13
|
|t:|1758358848
|move|p2a: Forest|Shadow Ball|p1a: Slowking
|-supereffective|p1a: Slowking
|-damage|p1a: Slowking|26/100
|move|p1a: Slowking|Flamethrower|p2a: Forest
|-damage|p2a: Forest|0 fnt
|faint|p2a: Forest
|-end|p2a: Forest|Quark Drive|[silent]
|
|upkeep
|
|t:|1758358850
|switch|p2a: Everest|Kingambit, M|100/100
|-activate|p2a: Everest|ability: Supreme Overlord
|-start|p2a: Everest|fallen5|[silent]
|-item|p2a: Everest|Air Balloon
|turn|14
|
|t:|1758358856
|switch|p1a: Kingambit|Kingambit, M|100/100
|-activate|p1a: Kingambit|move: Sticky Web
|-unboost|p1a: Kingambit|spe|1
|-damage|p1a: Kingambit|94/100|[from] Stealth Rock
|move|p2a: Everest|Swords Dance|p2a: Everest
|-boost|p2a: Everest|atk|2
|
|-heal|p1a: Kingambit|100/100|[from] item: Leftovers
|upkeep
|turn|15
|
|t:|1758358862
|move|p2a: Everest|Iron Head|p1a: Kingambit
|-resisted|p1a: Kingambit
|-damage|p1a: Kingambit|41/100
|move|p1a: Kingambit|Low Kick|p2a: Everest
|-supereffective|p2a: Everest
|-damage|p2a: Everest|0 fnt
|-enditem|p2a: Everest|Air Balloon
|faint|p2a: Everest
|-end|p2a: Everest|fallen5|[silent]
|
|win|sunny dancing
|raw|sunny dancing's rating: 1807 &rarr; <strong>1824</strong><br />(+17 for winning)
|raw|domingo a noite's rating: 1754 &rarr; <strong>1737</strong><br />(-17 for losing)
|l|☆sunny dancing
|player|p1|
|l|☆domingo a noite
|player|p2|
