|j|☆iivvv
|j|☆I am a chinese.
|t:|1758364072
|gametype|singles
|player|p1|iivvv|clerk|
|player|p2|I am a chinese.|maid|
|gen|9
|tier|[Gen 9] OU
|rule|HP Percentage Mod: HP is shown in percentages
|rule|Endless Battle Clause: Forcing endless battles is banned
|rule|Species Clause: Limit one of each Pokémon
|rule|OHKO Clause: OHKO moves are banned
|rule|Evasion Items Clause: Evasion items are banned
|rule|Evasion Moves Clause: Evasion moves are banned
|rule|Evasion Abilities Clause: Evasion abilities are banned
|rule|Sleep Moves Clause: Sleep-inducing moves are banned
|clearpoke
|poke|p1|Tyranitar, M|
|poke|p1|Excadrill, F|
|poke|p1|Vileplume, M|
|poke|p1|Braviary-Hisui, M|
|poke|p1|Volcanion|
|poke|p1|Fezandipiti, M|
|poke|p2|Porygon-Z|
|poke|p2|Araquanid, F|
|poke|p2|Lokix, M|
|poke|p2|Skeledirge, F|
|poke|p2|Ogerpon-Wellspring, F|
|poke|p2|Dragapult, M|
|teampreview
|
|t:|1758364093
|teamsize|p1|6
|teamsize|p2|6
|start
|switch|p1a: Volcanion|Volcanion|100/100
|switch|p2a: Ogerpon|Ogerpon-Wellspring, F|100/100
|turn|1
|
|t:|1758364106
|move|p2a: Ogerpon|U-turn|p1a: Volcanion
|-resisted|p1a: Volcanion
|-damage|p1a: Volcanion|90/100
|
|t:|1758364113
|switch|p2a: Araquanid|Araquanid, F|100/100|[from] U-turn
|move|p1a: Volcanion|Overheat|p2a: Araquanid
|-damage|p2a: Araquanid|69/100
|-unboost|p1a: Volcanion|spa|2
|
|upkeep
|turn|2
|
|t:|1758364123
|switch|p1a: Braviary|Braviary-Hisui, M|100/100
|move|p2a: Araquanid|Sticky Web|p1a: Braviary
|-sidestart|p1: iivvv|move: Sticky Web
|
|upkeep
|turn|3
|
|t:|1758364139
|move|p1a: Braviary|Hurricane|p2a: Araquanid
|-supereffective|p2a: Araquanid
|-damage|p2a: Araquanid|0 fnt
|faint|p2a: Araquanid
|
|upkeep
|
|t:|1758364148
|switch|p2a: Lokix|Lokix, M|100/100
|turn|4
|
|t:|1758364159
|move|p2a: Lokix|First Impression|p1a: Braviary
|-crit|p1a: Braviary
|-damage|p1a: Braviary|19/100
|move|p1a: Braviary|Heat Wave|p2a: Lokix
|-supereffective|p2a: Lokix
|-damage|p2a: Lokix|0 fnt
|faint|p2a: Lokix
|
|upkeep
|
|t:|1758364175
|switch|p2a: Ogerpon|Ogerpon-Wellspring, F|100/100
|turn|5
|
|t:|1758364183
|move|p1a: Braviary|Vacuum Wave|p2a: Ogerpon
|-damage|p2a: Ogerpon|79/100
|-damage|p1a: Braviary|9/100|[from] item: Life Orb
|move|p2a: Ogerpon|U-turn|p1a: Braviary
|-damage|p1a: Braviary|0 fnt
|faint|p1a: Braviary
|
|t:|1758364193
|switch|p2a: Dragapult|Dragapult, M|100/100|[from] U-turn
|
|upkeep
|
|t:|1758364212
|switch|p1a: Fezandipiti|Fezandipiti, M|100/100
|-activate|p1a: Fezandipiti|move: Sticky Web
|-unboost|p1a: Fezandipiti|spe|1
|turn|6
|
|t:|1758364234
|-terastallize|p2a: Dragapult|Steel
|move|p2a: Dragapult|Substitute|p2a: Dragapult
|-start|p2a: Dragapult|Substitute
|-damage|p2a: Dragapult|76/100
|move|p1a: Fezandipiti|Beat Up|p2a: Dragapult
|-activate|p2a: Dragapult|move: Substitute|[damage]
|-activate|p2a: Dragapult|move: Substitute|[damage]
|-activate|p2a: Dragapult|move: Substitute|[damage]
|-activate|p2a: Dragapult|move: Substitute|[damage]
|-activate|p2a: Dragapult|move: Substitute|[damage]
|-hitcount|p2a: Dragapult|5
|
|-heal|p2a: Dragapult|82/100|[from] item: Leftovers
|upkeep
|turn|7
|
|t:|1758364252
|move|p2a: Dragapult|Dragon Dance|p2a: Dragapult
|-boost|p2a: Dragapult|atk|1
|-boost|p2a: Dragapult|spe|1
|move|p1a: Fezandipiti|U-turn|p2a: Dragapult
|-resisted|p2a: Dragapult
|-end|p2a: Dragapult|Substitute
|
|t:|1758364255
|switch|p1a: Volcanion|Volcanion|90/100|[from] U-turn
|-activate|p1a: Volcanion|move: Sticky Web
|-unboost|p1a: Volcanion|spe|1
|
|-heal|p2a: Dragapult|88/100|[from] item: Leftovers
|upkeep
|turn|8
|
|t:|1758364263
|move|p2a: Dragapult|Dragon Darts|p1a: Volcanion
|-damage|p1a: Volcanion|60/100
|-anim|p2a: Dragapult|Dragon Darts|p1a: Volcanion
|-damage|p1a: Volcanion|31/100
|move|p1a: Volcanion|Overheat|p2a: Dragapult
|-supereffective|p2a: Dragapult
|-damage|p2a: Dragapult|0 fnt
|-unboost|p1a: Volcanion|spa|2
|faint|p2a: Dragapult
|
|upkeep
|
|t:|1758364273
|switch|p2a: Ogerpon|Ogerpon-Wellspring, F|79/100
|turn|9
|
|t:|1758364276
|move|p2a: Ogerpon|Horn Leech|p1a: Volcanion
|-damage|p1a: Volcanion|0 fnt
|-heal|p2a: Ogerpon|95/100|[from] drain|[of] p1a: Volcanion
|faint|p1a: Volcanion
|
|upkeep
|
|t:|1758364287
|switch|p1a: Vileplume|Vileplume, M|100/100
|-activate|p1a: Vileplume|move: Sticky Web
|-unboost|p1a: Vileplume|spe|1
|turn|10
|
|t:|1758364291
|switch|p1a: Tyranitar|Tyranitar, M|100/100
|-activate|p1a: Tyranitar|move: Sticky Web
|-unboost|p1a: Tyranitar|spe|1
|-weather|Sandstorm|[from] ability: Sand Stream|[of] p1a: Tyranitar
|move|p2a: Ogerpon|U-turn|p1a: Tyranitar
|-supereffective|p1a: Tyranitar
|-damage|p1a: Tyranitar|52/100
|
|t:|1758364296
|switch|p2a: Porygon-Z|Porygon-Z|100/100|[from] U-turn
|
|-weather|Sandstorm|[upkeep]
|-damage|p2a: Porygon-Z|94/100|[from] Sandstorm
|upkeep
|turn|11
|
|t:|1758364304
|move|p2a: Porygon-Z|Ice Beam|p1a: Tyranitar
|-damage|p1a: Tyranitar|19/100
|move|p1a: Tyranitar|Stone Edge|p2a: Porygon-Z
|-damage|p2a: Porygon-Z|0 fnt
|faint|p2a: Porygon-Z
|
|-weather|Sandstorm|[upkeep]
|upkeep
|
|t:|1758364309
|switch|p2a: Ogerpon|Ogerpon-Wellspring, F|95/100
|turn|12
|
|t:|1758364319
|switch|p1a: Fezandipiti|Fezandipiti, M|100/100
|-activate|p1a: Fezandipiti|move: Sticky Web
|-unboost|p1a: Fezandipiti|spe|1
|move|p2a: Ogerpon|U-turn|p1a: Fezandipiti
|-resisted|p1a: Fezandipiti
|-damage|p1a: Fezandipiti|93/100
|
|t:|1758364321
|switch|p2a: Skeledirge|Skeledirge, F|100/100|[from] U-turn
|
|-weather|Sandstorm|[upkeep]
|-damage|p2a: Skeledirge|94/100|[from] Sandstorm
|-damage|p1a: Fezandipiti|87/100|[from] Sandstorm
|-heal|p1a: Fezandipiti|93/100|[from] item: Leftovers
|upkeep
|turn|13
|
|t:|1758364325
|move|p2a: Skeledirge|Torch Song|p1a: Fezandipiti
|-damage|p1a: Fezandipiti|73/100
|-boost|p2a: Skeledirge|spa|1
|move|p1a: Fezandipiti|Beat Up|p2a: Skeledirge
|-supereffective|p2a: Skeledirge
|-damage|p2a: Skeledirge|90/100
|-supereffective|p2a: Skeledirge
|-damage|p2a: Skeledirge|83/100
|-supereffective|p2a: Skeledirge
|-damage|p2a: Skeledirge|76/100
|-supereffective|p2a: Skeledirge
|-damage|p2a: Skeledirge|72/100
|-hitcount|p2a: Skeledirge|4
|
|-weather|Sandstorm|[upkeep]
|-damage|p2a: Skeledirge|66/100|[from] Sandstorm
|-damage|p1a: Fezandipiti|67/100|[from] Sandstorm
|-heal|p1a: Fezandipiti|73/100|[from] item: Leftovers
|upkeep
|turn|14
|
|t:|1758364333
|move|p2a: Skeledirge|Torch Song|p1a: Fezandipiti
|-damage|p1a: Fezandipiti|42/100
|-boost|p2a: Skeledirge|spa|1
|move|p1a: Fezandipiti|Beat Up|p2a: Skeledirge
|-supereffective|p2a: Skeledirge
|-damage|p2a: Skeledirge|62/100
|-supereffective|p2a: Skeledirge
|-damage|p2a: Skeledirge|55/100
|-supereffective|p2a: Skeledirge
|-damage|p2a: Skeledirge|50/100
|-supereffective|p2a: Skeledirge
|-damage|p2a: Skeledirge|45/100
|-hitcount|p2a: Skeledirge|4
|
|-weather|none
|-heal|p1a: Fezandipiti|48/100|[from] item: Leftovers
|upkeep
|turn|15
|
|t:|1758364346
|move|p2a: Skeledirge|Earth Power|p1a: Fezandipiti
|-supereffective|p1a: Fezandipiti
|-damage|p1a: Fezandipiti|0 fnt
|faint|p1a: Fezandipiti
|
|upkeep
|
|t:|1758364348
|switch|p1a: Excadrill|Excadrill, F|100/100
|-item|p1a: Excadrill|Air Balloon
|turn|16
|
|t:|1758364354
|switch|p2a: Ogerpon|Ogerpon-Wellspring, F|95/100
|move|p1a: Excadrill|Earthquake|p2a: Ogerpon
|-resisted|p2a: Ogerpon
|-damage|p2a: Ogerpon|60/100
|
|upkeep
|turn|17
|
|t:|1758364361
|-terastallize|p1a: Excadrill|Water
|move|p2a: Ogerpon|Horn Leech|p1a: Excadrill
|-supereffective|p1a: Excadrill
|-damage|p1a: Excadrill|0 fnt
|-heal|p2a: Ogerpon|100/100|[from] drain|[of] p1a: Excadrill
|-enditem|p1a: Excadrill|Air Balloon
|faint|p1a: Excadrill
|
|upkeep
|
|t:|1758364366
|switch|p1a: Vileplume|Vileplume, M|100/100
|-activate|p1a: Vileplume|move: Sticky Web
|-unboost|p1a: Vileplume|spe|1
|turn|18
|
|t:|1758364373
|move|p2a: Ogerpon|U-turn|p1a: Vileplume
|-damage|p1a: Vileplume|81/100
|-damage|p2a: Ogerpon|84/100|[from] item: Rocky Helmet|[of] p1a: Vileplume
|
|t:|1758364375
|switch|p2a: Skeledirge|Skeledirge, F|45/100|[from] U-turn
|move|p1a: Vileplume|Stun Spore|p2a: Skeledirge
|-status|p2a: Skeledirge|par
|
|upkeep
|turn|19
|
|t:|1758364380
|switch|p1a: Tyranitar|Tyranitar, M|19/100
|-activate|p1a: Tyranitar|move: Sticky Web
|-unboost|p1a: Tyranitar|spe|1
|-weather|Sandstorm|[from] ability: Sand Stream|[of] p1a: Tyranitar
|cant|p2a: Skeledirge|par
|
|-weather|Sandstorm|[upkeep]
|-damage|p2a: Skeledirge|39/100 par|[from] Sandstorm
|upkeep
|turn|20
|
|t:|1758364389
|move|p1a: Tyranitar|Knock Off|p2a: Skeledirge
|-supereffective|p2a: Skeledirge
|-damage|p2a: Skeledirge|0 fnt
|-enditem|p2a: Skeledirge|Heavy-Duty Boots|[from] move: Knock Off|[of] p1a: Tyranitar
|faint|p2a: Skeledirge
|
|-weather|Sandstorm|[upkeep]
|upkeep
|
|t:|1758364392
|switch|p2a: Ogerpon|Ogerpon-Wellspring, F|84/100
|turn|21
|
|t:|1758364397
|move|p2a: Ogerpon|Ivy Cudgel|p1a: Tyranitar|[anim] Ivy Cudgel Water
|-supereffective|p1a: Tyranitar
|-damage|p1a: Tyranitar|0 fnt
|faint|p1a: Tyranitar
|
|-weather|Sandstorm|[upkeep]
|-damage|p2a: Ogerpon|78/100|[from] Sandstorm
|upkeep
|
|t:|1758364400
|switch|p1a: Vileplume|Vileplume, M|81/100
|-activate|p1a: Vileplume|move: Sticky Web
|-unboost|p1a: Vileplume|spe|1
|turn|22
|
|t:|1758364404
|move|p2a: Ogerpon|U-turn|p1a: Vileplume
|-damage|p1a: Vileplume|60/100
|-damage|p2a: Ogerpon|61/100|[from] item: Rocky Helmet|[of] p1a: Vileplume
|move|p1a: Vileplume|Sludge Bomb|p2a: Ogerpon
|-supereffective|p2a: Ogerpon
|-damage|p2a: Ogerpon|0 fnt
|faint|p2a: Ogerpon
|
|win|iivvv
