|j|‽solascriptura1521
|j|☆mansonabuluting
|t:|1758373294
|gametype|singles
|player|p1|solascriptura1521|102|1648
|player|p2|mansonabuluting|bellelba|1672
|gen|9
|tier|[Gen 9] OU
|rated|
|rule|HP Percentage Mod: HP is shown in percentages
|rule|Endless Battle Clause: Forcing endless battles is banned
|rule|Species Clause: Limit one of each Pokémon
|rule|OHKO Clause: OHKO moves are banned
|rule|Evasion Items Clause: Evasion items are banned
|rule|Evasion Moves Clause: Evasion moves are banned
|rule|Evasion Abilities Clause: Evasion abilities are banned
|rule|Sleep Moves Clause: Sleep-inducing moves are banned
|clearpoke
|poke|p1|Kyurem|
|poke|p1|Alomomola, M|
|poke|p1|Scizor, F|
|poke|p1|Hatterene, F|
|poke|p1|Kingambit, F|
|poke|p1|Garganacl, M|
|poke|p2|Rillaboom, F|
|poke|p2|Hawlucha, M|
|poke|p2|Thundurus-Therian, M|
|poke|p2|Great Tusk|
|poke|p2|Volcanion|
|poke|p2|Goodra-Hisui, F|
|teampreview
|inactive|Battle timer is ON: inactive players will automatically lose when time's up. (requested by mansonabuluting)
|j| epitap
|
|t:|1758373305
|teamsize|p1|6
|teamsize|p2|6
|start
|switch|p1a: Kyurem|Kyurem|100/100
|switch|p2a: Volcanion|Volcanion|100/100
|-ability|p1a: Kyurem|Pressure
|turn|1
|
|t:|1758373309
|move|p1a: Kyurem|Earth Power|p2a: Volcanion
|-supereffective|p2a: Volcanion
|-damage|p2a: Volcanion|6/100
|move|p2a: Volcanion|Overheat|p1a: Kyurem
|-damage|p1a: Kyurem|3/100
|-unboost|p2a: Volcanion|spa|2
|
|upkeep
|turn|2
|
|t:|1758373318
|switch|p1a: Alomomola|Alomomola, M|100/100
|switch|p2a: Thundurus|Thundurus-Therian, M|100/100
|
|upkeep
|turn|3
|
|t:|1758373322
|move|p1a: Alomomola|Protect|p1a: Alomomola
|-singleturn|p1a: Alomomola|Protect
|move|p2a: Thundurus|Volt Switch|p1a: Alomomola
|-activate|p1a: Alomomola|move: Protect
|
|upkeep
|turn|4
|
|t:|1758373327
|switch|p1a: Hatterene|Hatterene, F|100/100
|move|p2a: Thundurus|Volt Switch|p1a: Hatterene
|-damage|p1a: Hatterene|59/100
|
|t:|1758373330
|switch|p2a: Rillaboom|Rillaboom, F|100/100|[from] Volt Switch
|-fieldstart|move: Grassy Terrain|[from] ability: Grassy Surge|[of] p2a: Rillaboom
|
|-heal|p1a: Hatterene|65/100|[from] Grassy Terrain
|-heal|p1a: Hatterene|71/100|[from] item: Leftovers
|upkeep
|turn|5
|
|t:|1758373336
|switch|p1a: Scizor|Scizor, F|100/100
|move|p2a: Rillaboom|Wood Hammer|p1a: Scizor
|-resisted|p1a: Scizor
|-damage|p1a: Scizor|68/100
|-damage|p2a: Rillaboom|91/100|[from] Recoil
|
|-heal|p2a: Rillaboom|98/100|[from] Grassy Terrain
|-heal|p1a: Scizor|74/100|[from] Grassy Terrain
|upkeep
|turn|6
|
|t:|1758373344
|switch|p2a: Goodra|Goodra-Hisui, F|100/100
|move|p1a: Scizor|U-turn|p2a: Goodra
|-resisted|p2a: Goodra
|-damage|p2a: Goodra|72/100
|-ability|p2a: Goodra|Gooey
|-unboost|p1a: Scizor|spe|1
|
|t:|1758373349
|switch|p1a: Alomomola|Alomomola, M|100/100|[from] U-turn
|
|-heal|p2a: Goodra|78/100|[from] Grassy Terrain
|upkeep
|turn|7
|
|t:|1758373354
|move|p1a: Alomomola|Wish|p1a: Alomomola
|move|p2a: Goodra|Draco Meteor|p1a: Alomomola
|-damage|p1a: Alomomola|19/100
|-unboost|p2a: Goodra|spa|2
|
|-heal|p1a: Alomomola|26/100|[from] Grassy Terrain
|-heal|p1a: Alomomola|32/100|[from] item: Leftovers
|-heal|p2a: Goodra|84/100|[from] Grassy Terrain
|upkeep
|turn|8
|
|t:|1758373360
|move|p1a: Alomomola|Flip Turn|p2a: Goodra
|-resisted|p2a: Goodra
|-damage|p2a: Goodra|77/100
|-ability|p2a: Goodra|Gooey
|-unboost|p1a: Alomomola|spe|1
|
|t:|1758373368
|switch|p1a: Kyurem|Kyurem|3/100|[from] Flip Turn
|-ability|p1a: Kyurem|Pressure
|move|p2a: Goodra|Draco Meteor|p1a: Kyurem
|-supereffective|p1a: Kyurem
|-damage|p1a: Kyurem|0 fnt
|-unboost|p2a: Goodra|spa|2
|faint|p1a: Kyurem
|
|-heal|p2a: Goodra|83/100|[from] Grassy Terrain
|-fieldend|move: Grassy Terrain
|upkeep
|
|t:|1758373376
|switch|p1a: Hatterene|Hatterene, F|71/100
|turn|9
|
|t:|1758373382
|switch|p2a: Rillaboom|Rillaboom, F|98/100
|-fieldstart|move: Grassy Terrain|[from] ability: Grassy Surge|[of] p2a: Rillaboom
|move|p1a: Hatterene|Calm Mind|p1a: Hatterene
|-boost|p1a: Hatterene|spa|1
|-boost|p1a: Hatterene|spd|1
|
|-heal|p2a: Rillaboom|100/100|[from] Grassy Terrain
|-heal|p1a: Hatterene|77/100|[from] Grassy Terrain
|-heal|p1a: Hatterene|83/100|[from] item: Leftovers
|upkeep
|turn|10
|
|t:|1758373390
|move|p2a: Rillaboom|Knock Off|p1a: Hatterene
|-damage|p1a: Hatterene|40/100
|-enditem|p1a: Hatterene|Leftovers|[from] move: Knock Off|[of] p2a: Rillaboom
|move|p1a: Hatterene|Draining Kiss|p2a: Rillaboom
|-damage|p2a: Rillaboom|63/100
|-heal|p1a: Hatterene|76/100|[from] drain|[of] p2a: Rillaboom
|
|-heal|p2a: Rillaboom|69/100|[from] Grassy Terrain
|-heal|p1a: Hatterene|82/100|[from] Grassy Terrain
|upkeep
|turn|11
|
|t:|1758373399
|switch|p2a: Goodra|Goodra-Hisui, F|83/100
|move|p1a: Hatterene|Draining Kiss|p2a: Goodra
|-damage|p2a: Goodra|67/100
|-heal|p1a: Hatterene|95/100|[from] drain|[of] p2a: Goodra
|-ability|p2a: Goodra|Gooey
|-unboost|p1a: Hatterene|spe|1
|
|-heal|p2a: Goodra|73/100|[from] Grassy Terrain
|-heal|p1a: Hatterene|100/100|[from] Grassy Terrain
|upkeep
|turn|12
|
|t:|1758373408
|move|p2a: Goodra|Flash Cannon|p1a: Hatterene
|-supereffective|p1a: Hatterene
|-damage|p1a: Hatterene|48/100
|move|p1a: Hatterene|Mystical Fire|p2a: Goodra
|-damage|p2a: Goodra|59/100
|-unboost|p2a: Goodra|spa|1
|
|-heal|p2a: Goodra|65/100|[from] Grassy Terrain
|-heal|p1a: Hatterene|54/100|[from] Grassy Terrain
|upkeep
|turn|13
|
|t:|1758373413
|move|p2a: Goodra|Flash Cannon|p1a: Hatterene
|-supereffective|p1a: Hatterene
|-damage|p1a: Hatterene|18/100
|move|p1a: Hatterene|Calm Mind|p1a: Hatterene
|-boost|p1a: Hatterene|spa|1
|-boost|p1a: Hatterene|spd|1
|
|-heal|p2a: Goodra|71/100|[from] Grassy Terrain
|-heal|p1a: Hatterene|24/100|[from] Grassy Terrain
|-fieldend|move: Grassy Terrain
|upkeep
|turn|14
|
|t:|1758373417
|-terastallize|p1a: Hatterene|Water
|move|p2a: Goodra|Flash Cannon|p1a: Hatterene
|-resisted|p1a: Hatterene
|-damage|p1a: Hatterene|17/100
|-unboost|p1a: Hatterene|spd|1
|move|p1a: Hatterene|Draining Kiss|p2a: Goodra
|-damage|p2a: Goodra|50/100
|-heal|p1a: Hatterene|34/100|[from] drain|[of] p2a: Goodra
|-ability|p2a: Goodra|Gooey
|-unboost|p1a: Hatterene|spe|1
|
|upkeep
|turn|15
|
|t:|1758373427
|move|p2a: Goodra|Draco Meteor|p1a: Hatterene
|-damage|p1a: Hatterene|4/100
|-unboost|p2a: Goodra|spa|2
|move|p1a: Hatterene|Draining Kiss|p2a: Goodra
|-damage|p2a: Goodra|32/100
|-heal|p1a: Hatterene|19/100|[from] drain|[of] p2a: Goodra
|-ability|p2a: Goodra|Gooey
|-unboost|p1a: Hatterene|spe|1
|
|upkeep
|turn|16
|
|t:|1758373431
|move|p2a: Goodra|Draco Meteor|p1a: Hatterene|[miss]
|-miss|p2a: Goodra|p1a: Hatterene
|move|p1a: Hatterene|Draining Kiss|p2a: Goodra
|-damage|p2a: Goodra|13/100
|-heal|p1a: Hatterene|36/100|[from] drain|[of] p2a: Goodra
|-ability|p2a: Goodra|Gooey
|-unboost|p1a: Hatterene|spe|1
|
|upkeep
|turn|17
|
|t:|1758373435
|move|p2a: Goodra|Draco Meteor|p1a: Hatterene|[miss]
|-miss|p2a: Goodra|p1a: Hatterene
|move|p1a: Hatterene|Draining Kiss|p2a: Goodra
|-damage|p2a: Goodra|0 fnt
|-heal|p1a: Hatterene|46/100|[from] drain|[of] p2a: Goodra
|-ability|p2a: Goodra|Gooey
|-unboost|p1a: Hatterene|spe|1
|faint|p2a: Goodra
|
|upkeep
|
|t:|1758373439
|switch|p2a: Rillaboom|Rillaboom, F|69/100
|-fieldstart|move: Grassy Terrain|[from] ability: Grassy Surge|[of] p2a: Rillaboom
|turn|18
|
|t:|1758373442
|switch|p1a: Scizor|Scizor, F|74/100
|move|p2a: Rillaboom|Wood Hammer|p1a: Scizor
|-resisted|p1a: Scizor
|-damage|p1a: Scizor|39/100
|-damage|p2a: Rillaboom|59/100|[from] Recoil
|
|-heal|p2a: Rillaboom|66/100|[from] Grassy Terrain
|-heal|p1a: Scizor|45/100|[from] Grassy Terrain
|upkeep
|turn|19
|
|t:|1758373448
|switch|p2a: Hawlucha|Hawlucha, M|100/100
|-enditem|p2a: Hawlucha|Grassy Seed
|-boost|p2a: Hawlucha|def|1|[from] item: Grassy Seed
|move|p1a: Scizor|U-turn|p2a: Hawlucha
|-resisted|p2a: Hawlucha
|-damage|p2a: Hawlucha|88/100
|
|t:|1758373460
|switch|p1a: Garganacl|Garganacl, M|100/100|[from] U-turn
|
|upkeep
|turn|20
|
|t:|1758373466
|move|p2a: Hawlucha|Close Combat|p1a: Garganacl
|-supereffective|p1a: Garganacl
|-damage|p1a: Garganacl|45/100
|-unboost|p2a: Hawlucha|def|1
|-unboost|p2a: Hawlucha|spd|1
|move|p1a: Garganacl|Salt Cure|p2a: Hawlucha
|-damage|p2a: Hawlucha|71/100
|-start|p2a: Hawlucha|Salt Cure
|
|-heal|p1a: Garganacl|51/100|[from] Grassy Terrain
|-heal|p1a: Garganacl|57/100|[from] item: Leftovers
|-damage|p2a: Hawlucha|59/100|[from] Salt Cure
|upkeep
|turn|21
|
|t:|1758373471
|move|p1a: Garganacl|Protect|p1a: Garganacl
|-singleturn|p1a: Garganacl|Protect
|move|p2a: Hawlucha|Swords Dance|p2a: Hawlucha
|-boost|p2a: Hawlucha|atk|2
|
|-heal|p1a: Garganacl|64/100|[from] Grassy Terrain
|-heal|p1a: Garganacl|70/100|[from] item: Leftovers
|-damage|p2a: Hawlucha|47/100|[from] Salt Cure
|upkeep
|turn|22
|
|t:|1758373477
|switch|p1a: Alomomola|Alomomola, M|65/100
|move|p2a: Hawlucha|Close Combat|p1a: Alomomola
|-damage|p1a: Alomomola|5/100
|-unboost|p2a: Hawlucha|def|1
|-unboost|p2a: Hawlucha|spd|1
|
|-heal|p1a: Alomomola|12/100|[from] Grassy Terrain
|-heal|p1a: Alomomola|18/100|[from] item: Leftovers
|-damage|p2a: Hawlucha|34/100|[from] Salt Cure
|-fieldend|move: Grassy Terrain
|upkeep
|turn|23
|j| Jinghan Yu
|l| Jinghan Yu
|
|t:|1758373483
|move|p1a: Alomomola|Protect|p1a: Alomomola
|-singleturn|p1a: Alomomola|Protect
|move|p2a: Hawlucha|Close Combat|p1a: Alomomola
|-activate|p1a: Alomomola|move: Protect
|
|-heal|p1a: Alomomola|24/100|[from] item: Leftovers
|-damage|p2a: Hawlucha|22/100|[from] Salt Cure
|upkeep
|turn|24
|
|t:|1758373498
|switch|p1a: Scizor|Scizor, F|45/100
|move|p2a: Hawlucha|Close Combat|p1a: Scizor
|-damage|p1a: Scizor|0 fnt
|-unboost|p2a: Hawlucha|def|1
|-unboost|p2a: Hawlucha|spd|1
|faint|p1a: Scizor
|
|-damage|p2a: Hawlucha|10/100|[from] Salt Cure
|upkeep
|
|t:|1758373500
|switch|p1a: Alomomola|Alomomola, M|57/100
|turn|25
|
|t:|1758373503
|move|p1a: Alomomola|Protect|p1a: Alomomola
|-singleturn|p1a: Alomomola|Protect
|move|p2a: Hawlucha|Close Combat|p1a: Alomomola
|-activate|p1a: Alomomola|move: Protect
|
|-heal|p1a: Alomomola|63/100|[from] item: Leftovers
|-damage|p2a: Hawlucha|0 fnt|[from] Salt Cure
|faint|p2a: Hawlucha
|upkeep
|
|t:|1758373509
|switch|p2a: Thundurus|Thundurus-Therian, M|100/100
|turn|26
|
|t:|1758373516
|switch|p1a: Garganacl|Garganacl, M|70/100
|move|p2a: Thundurus|Volt Switch|p1a: Garganacl
|-damage|p1a: Garganacl|27/100
|
|t:|1758373528
|switch|p2a: Rillaboom|Rillaboom, F|66/100|[from] Volt Switch
|-fieldstart|move: Grassy Terrain|[from] ability: Grassy Surge|[of] p2a: Rillaboom
|
|-heal|p2a: Rillaboom|72/100|[from] Grassy Terrain
|-heal|p1a: Garganacl|33/100|[from] Grassy Terrain
|-heal|p1a: Garganacl|40/100|[from] item: Leftovers
|upkeep
|turn|27
|
|t:|1758373531
|move|p1a: Garganacl|Protect|p1a: Garganacl
|-singleturn|p1a: Garganacl|Protect
|move|p2a: Rillaboom|Wood Hammer|p1a: Garganacl
|-activate|p1a: Garganacl|move: Protect
|
|-heal|p2a: Rillaboom|78/100|[from] Grassy Terrain
|-heal|p1a: Garganacl|46/100|[from] Grassy Terrain
|-heal|p1a: Garganacl|52/100|[from] item: Leftovers
|upkeep
|turn|28
|
|t:|1758373536
|switch|p1a: Kingambit|Kingambit, F|100/100
|-activate|p1a: Kingambit|ability: Supreme Overlord
|-start|p1a: Kingambit|fallen2|[silent]
|move|p2a: Rillaboom|Wood Hammer|p1a: Kingambit
|-resisted|p1a: Kingambit
|-damage|p1a: Kingambit|57/100
|-damage|p2a: Rillaboom|64/100|[from] Recoil
|
|-heal|p2a: Rillaboom|70/100|[from] Grassy Terrain
|-heal|p1a: Kingambit|64/100|[from] Grassy Terrain
|upkeep
|turn|29
|
|t:|1758373545
|switch|p2a: Great Tusk|Great Tusk|100/100
|move|p1a: Kingambit|Iron Head|p2a: Great Tusk
|-damage|p2a: Great Tusk|76/100
|-damage|p1a: Kingambit|47/100|[from] item: Rocky Helmet|[of] p2a: Great Tusk
|
|-heal|p2a: Great Tusk|82/100|[from] Grassy Terrain
|-heal|p1a: Kingambit|53/100|[from] Grassy Terrain
|upkeep
|turn|30
|
|t:|1758373549
|-end|p1a: Kingambit|fallen2|[silent]
|switch|p1a: Alomomola|Alomomola, M|97/100
|move|p2a: Great Tusk|Headlong Rush|p1a: Alomomola
|-damage|p1a: Alomomola|68/100
|-unboost|p2a: Great Tusk|def|1
|-unboost|p2a: Great Tusk|spd|1
|
|-heal|p2a: Great Tusk|88/100|[from] Grassy Terrain
|-heal|p1a: Alomomola|75/100|[from] Grassy Terrain
|-heal|p1a: Alomomola|81/100|[from] item: Leftovers
|-fieldend|move: Grassy Terrain
|upkeep
|turn|31
|
|t:|1758373553
|-end|p2a: Great Tusk|Protosynthesis|[silent]
|switch|p2a: Volcanion|Volcanion|6/100
|move|p1a: Alomomola|Wish|p1a: Alomomola
|
|-heal|p1a: Alomomola|87/100|[from] item: Leftovers
|upkeep
|turn|32
|
|t:|1758373563
|switch|p2a: Rillaboom|Rillaboom, F|70/100
|-fieldstart|move: Grassy Terrain|[from] ability: Grassy Surge|[of] p2a: Rillaboom
|switch|p1a: Hatterene|Hatterene, F, tera:Water|46/100
|
|-heal|p1a: Hatterene|100/100|[from] move: Wish|[wisher] Alomomola
|-heal|p2a: Rillaboom|76/100|[from] Grassy Terrain
|upkeep
|turn|33
|
|t:|1758373568
|switch|p1a: Kingambit|Kingambit, F|53/100
|-activate|p1a: Kingambit|ability: Supreme Overlord
|-start|p1a: Kingambit|fallen2|[silent]
|move|p2a: Rillaboom|Wood Hammer|p1a: Kingambit
|-resisted|p1a: Kingambit
|-damage|p1a: Kingambit|6/100
|-damage|p2a: Rillaboom|61/100|[from] Recoil
|
|-heal|p2a: Rillaboom|67/100|[from] Grassy Terrain
|-heal|p1a: Kingambit|12/100|[from] Grassy Terrain
|upkeep
|turn|34
|
|t:|1758373577
|switch|p2a: Great Tusk|Great Tusk|88/100
|move|p1a: Kingambit|Sucker Punch||[still]
|-fail|p1a: Kingambit
|
|-heal|p2a: Great Tusk|95/100|[from] Grassy Terrain
|-heal|p1a: Kingambit|18/100|[from] Grassy Terrain
|upkeep
|turn|35
|
|t:|1758373583
|-end|p1a: Kingambit|fallen2|[silent]
|switch|p1a: Alomomola|Alomomola, M|100/100
|move|p2a: Great Tusk|Headlong Rush|p1a: Alomomola
|-damage|p1a: Alomomola|70/100
|-unboost|p2a: Great Tusk|def|1
|-unboost|p2a: Great Tusk|spd|1
|
|-heal|p2a: Great Tusk|100/100|[from] Grassy Terrain
|-heal|p1a: Alomomola|76/100|[from] Grassy Terrain
|-heal|p1a: Alomomola|83/100|[from] item: Leftovers
|upkeep
|turn|36
|
|t:|1758373587
|move|p2a: Great Tusk|Stealth Rock|p1a: Alomomola
|-sidestart|p1: solascriptura1521|move: Stealth Rock
|move|p1a: Alomomola|Wish|p1a: Alomomola
|
|-heal|p1a: Alomomola|89/100|[from] Grassy Terrain
|-heal|p1a: Alomomola|95/100|[from] item: Leftovers
|-fieldend|move: Grassy Terrain
|upkeep
|turn|37
|
|t:|1758373592
|-end|p2a: Great Tusk|Protosynthesis|[silent]
|switch|p2a: Rillaboom|Rillaboom, F|67/100
|-fieldstart|move: Grassy Terrain|[from] ability: Grassy Surge|[of] p2a: Rillaboom
|move|p1a: Alomomola|Flip Turn|p2a: Rillaboom
|-resisted|p2a: Rillaboom
|-damage|p2a: Rillaboom|60/100
|
|t:|1758373593
|switch|p1a: Kingambit|Kingambit, F|18/100|[from] Flip Turn
|-damage|p1a: Kingambit|12/100|[from] Stealth Rock
|-activate|p1a: Kingambit|ability: Supreme Overlord
|-start|p1a: Kingambit|fallen2|[silent]
|
|-heal|p1a: Kingambit|78/100|[from] move: Wish|[wisher] Alomomola
|-heal|p2a: Rillaboom|66/100|[from] Grassy Terrain
|-heal|p1a: Kingambit|84/100|[from] Grassy Terrain
|upkeep
|turn|38
|
|t:|1758373600
|move|p2a: Rillaboom|U-turn|p1a: Kingambit
|-damage|p1a: Kingambit|56/100
|
|t:|1758373603
|switch|p2a: Great Tusk|Great Tusk|100/100|[from] U-turn
|move|p1a: Kingambit|Iron Head|p2a: Great Tusk
|-damage|p2a: Great Tusk|72/100
|-damage|p1a: Kingambit|39/100|[from] item: Rocky Helmet|[of] p2a: Great Tusk
|
|-heal|p2a: Great Tusk|78/100|[from] Grassy Terrain
|-heal|p1a: Kingambit|45/100|[from] Grassy Terrain
|upkeep
|turn|39
|
|t:|1758373611
|-end|p1a: Kingambit|fallen2|[silent]
|switch|p1a: Alomomola|Alomomola, M|100/100
|-damage|p1a: Alomomola|88/100|[from] Stealth Rock
|move|p2a: Great Tusk|Headlong Rush|p1a: Alomomola
|-damage|p1a: Alomomola|63/100
|-unboost|p2a: Great Tusk|def|1
|-unboost|p2a: Great Tusk|spd|1
|
|-heal|p2a: Great Tusk|84/100|[from] Grassy Terrain
|-heal|p1a: Alomomola|69/100|[from] Grassy Terrain
|-heal|p1a: Alomomola|75/100|[from] item: Leftovers
|upkeep
|turn|40
|
|t:|1758373618
|-end|p2a: Great Tusk|Protosynthesis|[silent]
|switch|p2a: Thundurus|Thundurus-Therian, M|100/100
|switch|p1a: Hatterene|Hatterene, F, tera:Water|100/100
|-damage|p1a: Hatterene|88/100|[from] Stealth Rock
|
|-heal|p1a: Hatterene|94/100|[from] Grassy Terrain
|upkeep
|turn|41
|
|t:|1758373623
|switch|p1a: Garganacl|Garganacl, M|52/100
|-damage|p1a: Garganacl|40/100|[from] Stealth Rock
|move|p2a: Thundurus|Volt Switch|p1a: Garganacl
|-damage|p1a: Garganacl|0 fnt
|faint|p1a: Garganacl
|
|t:|1758373632
|switch|p2a: Volcanion|Volcanion|6/100|[from] Volt Switch
|
|-heal|p2a: Volcanion|12/100|[from] Grassy Terrain
|-fieldend|move: Grassy Terrain
|upkeep
|
|t:|1758373635
|switch|p1a: Kingambit|Kingambit, F|45/100
|-damage|p1a: Kingambit|39/100|[from] Stealth Rock
|-activate|p1a: Kingambit|ability: Supreme Overlord
|-start|p1a: Kingambit|fallen3|[silent]
|turn|42
|
|t:|1758373640
|move|p1a: Kingambit|Sucker Punch|p2a: Volcanion
|-damage|p2a: Volcanion|0 fnt
|faint|p2a: Volcanion
|
|upkeep
|
|t:|1758373645
|switch|p2a: Great Tusk|Great Tusk|84/100
|turn|43
|
|t:|1758373648
|-end|p1a: Kingambit|fallen3|[silent]
|switch|p1a: Alomomola|Alomomola, M|100/100
|-damage|p1a: Alomomola|88/100|[from] Stealth Rock
|move|p2a: Great Tusk|Headlong Rush|p1a: Alomomola
|-damage|p1a: Alomomola|59/100
|-unboost|p2a: Great Tusk|def|1
|-unboost|p2a: Great Tusk|spd|1
|
|-heal|p1a: Alomomola|66/100|[from] item: Leftovers
|upkeep
|turn|44
|
|t:|1758373654
|-end|p2a: Great Tusk|Protosynthesis|[silent]
|switch|p2a: Rillaboom|Rillaboom, F|66/100
|-fieldstart|move: Grassy Terrain|[from] ability: Grassy Surge|[of] p2a: Rillaboom
|move|p1a: Alomomola|Wish|p1a: Alomomola
|
|-heal|p2a: Rillaboom|72/100|[from] Grassy Terrain
|-heal|p1a: Alomomola|72/100|[from] Grassy Terrain
|-heal|p1a: Alomomola|78/100|[from] item: Leftovers
|upkeep
|turn|45
|
|t:|1758373664
|move|p2a: Rillaboom|Wood Hammer|p1a: Alomomola
|-supereffective|p1a: Alomomola
|-damage|p1a: Alomomola|0 fnt
|faint|p1a: Alomomola
|-damage|p2a: Rillaboom|38/100|[from] Recoil
|
|-heal|p2a: Rillaboom|45/100|[from] Grassy Terrain
|upkeep
|
|t:|1758373667
|switch|p1a: Kingambit|Kingambit, F|39/100
|-damage|p1a: Kingambit|33/100|[from] Stealth Rock
|-activate|p1a: Kingambit|ability: Supreme Overlord
|-start|p1a: Kingambit|fallen4|[silent]
|turn|46
|
|t:|1758373671
|switch|p2a: Great Tusk|Great Tusk|84/100
|move|p1a: Kingambit|Iron Head|p2a: Great Tusk
|-damage|p2a: Great Tusk|52/100
|-damage|p1a: Kingambit|16/100|[from] item: Rocky Helmet|[of] p2a: Great Tusk
|
|-heal|p2a: Great Tusk|58/100|[from] Grassy Terrain
|-heal|p1a: Kingambit|23/100|[from] Grassy Terrain
|upkeep
|turn|47
|
|t:|1758373676
|-end|p1a: Kingambit|fallen4|[silent]
|switch|p1a: Hatterene|Hatterene, F, tera:Water|94/100
|-damage|p1a: Hatterene|82/100|[from] Stealth Rock
|move|p2a: Great Tusk|Headlong Rush|p1a: Hatterene
|-damage|p1a: Hatterene|36/100
|-unboost|p2a: Great Tusk|def|1
|-unboost|p2a: Great Tusk|spd|1
|
|-heal|p2a: Great Tusk|65/100|[from] Grassy Terrain
|-heal|p1a: Hatterene|42/100|[from] Grassy Terrain
|upkeep
|turn|48
|
|t:|1758373682
|move|p2a: Great Tusk|Headlong Rush|p1a: Hatterene
|-damage|p1a: Hatterene|0 fnt
|-unboost|p2a: Great Tusk|def|1
|-unboost|p2a: Great Tusk|spd|1
|faint|p1a: Hatterene
|
|-heal|p2a: Great Tusk|71/100|[from] Grassy Terrain
|-fieldend|move: Grassy Terrain
|upkeep
|-message|solascriptura1521 forfeited.
|
|win|mansonabuluting
|raw|solascriptura1521's rating: 1648 &rarr; <strong>1629</strong><br />(-19 for losing)
|raw|mansonabuluting's rating: 1672 &rarr; <strong>1691</strong><br />(+19 for winning)
|l|‽solascriptura1521
|player|p1|
|l|☆mansonabuluting
|player|p2|
|l| epitap
