|j|☆Crasac
|j|☆iska228
|t:|1758356594
|gametype|singles
|player|p1|Crasac|266|1134
|player|p2|iska228|266|1108
|gen|9
|tier|[Gen 9] OU
|rated|
|rule|HP Percentage Mod: HP is shown in percentages
|rule|Endless Battle Clause: Forcing endless battles is banned
|rule|Species Clause: Limit one of each Pokémon
|rule|OHKO Clause: OHKO moves are banned
|rule|Evasion Items Clause: Evasion items are banned
|rule|Evasion Moves Clause: Evasion moves are banned
|rule|Evasion Abilities Clause: Evasion abilities are banned
|rule|Sleep Moves Clause: Sleep-inducing moves are banned
|clearpoke
|poke|p1|Gholdengo|
|poke|p1|Dragonite, F|
|poke|p1|Samurott-Hisui, M|
|poke|p1|Great Tusk|
|poke|p1|Iron Moth|
|poke|p1|Deoxys-Speed|
|poke|p2|Gliscor, M|
|poke|p2|Cloyster, M|
|poke|p2|Barraskewda, F|
|poke|p2|Appletun, M|
|poke|p2|Jolteon, M|
|poke|p2|Ursaluna, F|
|teampreview
|inactive|Battle timer is ON: inactive players will automatically lose when time's up. (requested by Crasac)
|
|t:|1758356609
|teamsize|p1|6
|teamsize|p2|6
|start
|switch|p1a: Samurott|Samurott-Hisui, M, shiny|100/100
|switch|p2a: Ursaluna|Ursaluna, F|100/100
|turn|1
|
|t:|1758356616
|move|p1a: Samurott|Aqua Cutter|p2a: Ursaluna
|-supereffective|p2a: Ursaluna
|-damage|p2a: Ursaluna|6/100
|move|p2a: Ursaluna|Curse|p2a: Ursaluna
|-unboost|p2a: Ursaluna|spe|1
|-boost|p2a: Ursaluna|atk|1
|-boost|p2a: Ursaluna|def|1
|
|-status|p2a: Ursaluna|brn|[from] item: Flame Orb
|upkeep
|turn|2
|
|t:|1758356626
|move|p1a: Samurott|Aqua Cutter|p2a: Ursaluna
|-supereffective|p2a: Ursaluna
|-damage|p2a: Ursaluna|0 fnt
|faint|p2a: Ursaluna
|
|upkeep
|
|t:|1758356637
|switch|p2a: Appletun|Appletun, M|100/100
|turn|3
|
|t:|1758356645
|switch|p1a: Great Tusk|Great Tusk, shiny|100/100
|-enditem|p1a: Great Tusk|Booster Energy
|-activate|p1a: Great Tusk|ability: Protosynthesis|[fromitem]
|-start|p1a: Great Tusk|protosynthesisspe
|move|p2a: Appletun|Giga Drain|p1a: Great Tusk
|-supereffective|p1a: Great Tusk
|-damage|p1a: Great Tusk|5/100
|
|upkeep
|turn|4
|
|t:|1758356653
|move|p1a: Great Tusk|Stealth Rock|p2a: Appletun
|-sidestart|p2: iska228|move: Stealth Rock
|move|p2a: Appletun|Giga Drain|p1a: Great Tusk
|-supereffective|p1a: Great Tusk
|-damage|p1a: Great Tusk|0 fnt
|faint|p1a: Great Tusk
|-end|p1a: Great Tusk|Protosynthesis|[silent]
|
|upkeep
|
|t:|1758356659
|switch|p1a: Gholdengo|Gholdengo, shiny|100/100
|turn|5
|
|t:|1758356663
|move|p1a: Gholdengo|Nasty Plot|p1a: Gholdengo
|-boost|p1a: Gholdengo|spa|2
|move|p2a: Appletun|Leech Seed|p1a: Gholdengo
|-immune|p1a: Gholdengo|[from] ability: Good as Gold
|
|upkeep
|turn|6
|
|t:|1758356672
|move|p1a: Gholdengo|Nasty Plot|p1a: Gholdengo
|-boost|p1a: Gholdengo|spa|2
|move|p2a: Appletun|Substitute|p2a: Appletun
|-start|p2a: Appletun|Substitute
|-damage|p2a: Appletun|75/100
|
|-heal|p2a: Appletun|82/100|[from] item: Leftovers
|upkeep
|turn|7
|
|t:|1758356679
|move|p1a: Gholdengo|Shadow Ball|p2a: Appletun
|-end|p2a: Appletun|Substitute
|move|p2a: Appletun|Dragon Pulse|p1a: Gholdengo
|-resisted|p1a: Gholdengo
|-crit|p1a: Gholdengo
|-damage|p1a: Gholdengo|73/100
|
|-heal|p2a: Appletun|88/100|[from] item: Leftovers
|upkeep
|turn|8
|
|t:|1758356692
|move|p1a: Gholdengo|Recover|p1a: Gholdengo
|-heal|p1a: Gholdengo|100/100
|move|p2a: Appletun|Dragon Pulse|p1a: Gholdengo
|-resisted|p1a: Gholdengo
|-damage|p1a: Gholdengo|81/100
|
|-heal|p2a: Appletun|94/100|[from] item: Leftovers
|upkeep
|turn|9
|
|t:|1758356698
|move|p1a: Gholdengo|Shadow Ball|p2a: Appletun
|-damage|p2a: Appletun|0 fnt
|faint|p2a: Appletun
|
|upkeep
|
|t:|1758356704
|switch|p2a: Gliscor|Gliscor, M|100/100
|-damage|p2a: Gliscor|88/100|[from] Stealth Rock
|turn|10
|
|t:|1758356711
|-terastallize|p1a: Gholdengo|Water
|move|p2a: Gliscor|Earthquake|p1a: Gholdengo
|-damage|p1a: Gholdengo|50/100
|move|p1a: Gholdengo|Make It Rain|p2a: Gliscor
|-damage|p2a: Gliscor|0 fnt
|-unboost|p1a: Gholdengo|spa|1
|faint|p2a: Gliscor
|
|upkeep
|
|t:|1758356721
|switch|p2a: Jolteon|Jolteon, M|100/100
|-damage|p2a: Jolteon|88/100|[from] Stealth Rock
|turn|11
|
|t:|1758356730
|move|p2a: Jolteon|Thunderbolt|p1a: Gholdengo
|-supereffective|p1a: Gholdengo
|-damage|p1a: Gholdengo|0 fnt
|faint|p1a: Gholdengo
|-damage|p2a: Jolteon|78/100|[from] item: Life Orb
|
|upkeep
|
|t:|1758356732
|switch|p1a: Deoxys|Deoxys-Speed|100/100
|-ability|p1a: Deoxys|Pressure
|turn|12
|
|t:|1758356741
|move|p1a: Deoxys|Psycho Boost|p2a: Jolteon
|-damage|p2a: Jolteon|2/100
|-unboost|p1a: Deoxys|spa|2
|move|p2a: Jolteon|Thunder Wave|p1a: Deoxys
|-status|p1a: Deoxys|par
|
|upkeep
|turn|13
|
|t:|1758356751
|move|p2a: Jolteon|Thunderbolt|p1a: Deoxys
|-damage|p1a: Deoxys|0 fnt
|faint|p1a: Deoxys
|-damage|p2a: Jolteon|0 fnt|[from] item: Life Orb
|faint|p2a: Jolteon
|
|upkeep
|
|t:|1758356758
|switch|p1a: Iron Moth|Iron Moth, shiny|100/100
|switch|p2a: Cloyster|Cloyster, M|100/100
|-damage|p2a: Cloyster|76/100|[from] Stealth Rock
|-enditem|p1a: Iron Moth|Booster Energy
|-activate|p1a: Iron Moth|ability: Quark Drive|[fromitem]
|-start|p1a: Iron Moth|quarkdrivespe
|turn|14
|
|t:|1758356768
|move|p1a: Iron Moth|Fiery Dance|p2a: Cloyster
|-damage|p2a: Cloyster|0 fnt
|-boost|p1a: Iron Moth|spa|1
|faint|p2a: Cloyster
|
|upkeep
|
|t:|1758356774
|switch|p2a: Barraskewda|Barraskewda, F|100/100
|-damage|p2a: Barraskewda|88/100|[from] Stealth Rock
|turn|15
|
|t:|1758356779
|-terastallize|p2a: Barraskewda|Water
|move|p2a: Barraskewda|Aqua Jet|p1a: Iron Moth
|-supereffective|p1a: Iron Moth
|-damage|p1a: Iron Moth|0 fnt
|faint|p1a: Iron Moth
|-end|p1a: Iron Moth|Quark Drive|[silent]
|
|upkeep
|
|t:|1758356785
|switch|p1a: Dragonite|Dragonite, F, shiny|100/100
|turn|16
|
|t:|1758356791
|move|p2a: Barraskewda|Aqua Jet|p1a: Dragonite
|-resisted|p1a: Dragonite
|-damage|p1a: Dragonite|92/100
|move|p1a: Dragonite|Dragon Dance|p1a: Dragonite
|-boost|p1a: Dragonite|atk|1
|-boost|p1a: Dragonite|spe|1
|
|upkeep
|turn|17
|
|t:|1758356798
|move|p1a: Dragonite|Extreme Speed|p2a: Barraskewda
|-damage|p2a: Barraskewda|0 fnt
|faint|p2a: Barraskewda
|
|win|Crasac
|raw|Crasac's rating: 1134 &rarr; <strong>1157</strong><br />(+23 for winning)
|raw|iska228's rating: 1108 &rarr; <strong>1085</strong><br />(-23 for losing)
|l|☆iska228
|player|p2|
|l|☆Crasac
|player|p1|
