|j|☆SValore
|j|☆GentleDnite
|inactive|Battle timer is ON: inactive players will automatically lose when time's up.
|t:|1758329384
|gametype|singles
|player|p1|SValore|miku-ghost|
|player|p2|GentleDnite|miku-ghost|
|gen|9
|tier|[Gen 9] OU
|rated|Tournament battle
|rule|HP Percentage Mod: HP is shown in percentages
|rule|Endless Battle Clause: Forcing endless battles is banned
|rule|Species Clause: Limit one of each Pokémon
|rule|OHKO Clause: OHKO moves are banned
|rule|Evasion Items Clause: Evasion items are banned
|rule|Evasion Moves Clause: Evasion moves are banned
|rule|Evasion Abilities Clause: Evasion abilities are banned
|rule|Sleep Moves Clause: Sleep-inducing moves are banned
|clearpoke
|poke|p1|Dragonite, F|
|poke|p1|Meowscarada, M|
|poke|p1|Slowking, M|
|poke|p1|Great Tusk|
|poke|p1|Kingambit, F|
|poke|p1|Cinderace, M|
|poke|p2|Great Tusk|
|poke|p2|Heatran, M|
|poke|p2|Weavile, M|
|poke|p2|Primarina, M|
|poke|p2|Ogerpon, F|
|poke|p2|Pecharunt|
|teampreview
|j|*Lady Monita ☀
|inactive|GentleDnite also wants the timer to be on.
|c|☆SValore|oh no CA?
|c|☆GentleDnite|Glhf
|c|☆SValore|glh
|c|☆SValore|f
|
|t:|1758329396
|teamsize|p1|6
|teamsize|p2|6
|start
|switch|p1a: Meowscarada|Meowscarada, M, shiny|100/100
|switch|p2a: Heatran|Heatran, M, shiny|100/100
|-item|p2a: Heatran|Air Balloon
|turn|1
|j| Machamppp
|
|t:|1758329416
|move|p1a: Meowscarada|U-turn|p2a: Heatran
|-start|p1a: Meowscarada|typechange|Bug|[from] ability: Protean
|-resisted|p2a: Heatran
|-damage|p2a: Heatran|92/100
|-enditem|p2a: Heatran|Air Balloon
|inactive|SValore has 120 seconds left.
|
|t:|1758329441
|switch|p1a: Stallking|Slowking, M, shiny|100/100|[from] U-turn
|move|p2a: Heatran|Stealth Rock|p1a: Stallking
|-sidestart|p1: SValore|move: Stealth Rock
|
|upkeep
|turn|2
|l| Machamppp
|
|t:|1758329453
|switch|p2a: Forgotten|Ogerpon, F|100/100
|-prepare|p1a: Stallking|Chilly Reception|[premajor]
|move|p1a: Stallking|Chilly Reception|p1a: Stallking
|-weather|Snowscape
|
|t:|1758329457
|switch|p1a: Meowscarada|Meowscarada, M, shiny|100/100|[from] Chilly Reception
|-damage|p1a: Meowscarada|88/100|[from] Stealth Rock
|
|-weather|Snowscape|[upkeep]
|upkeep
|turn|3
|
|t:|1758329465
|switch|p2a: Heatran|Heatran, M, shiny|92/100
|move|p1a: Meowscarada|U-turn|p2a: Heatran
|-start|p1a: Meowscarada|typechange|Bug|[from] ability: Protean
|-resisted|p2a: Heatran
|-damage|p2a: Heatran|84/100
|
|t:|1758329470
|switch|p1a: Great Tusk|Great Tusk, shiny|100/100|[from] U-turn
|-damage|p1a: Great Tusk|97/100|[from] Stealth Rock
|
|-weather|Snowscape|[upkeep]
|upkeep
|turn|4
|
|t:|1758329478
|switch|p2a: Forgotten|Ogerpon, F|100/100
|move|p1a: Great Tusk|Rapid Spin|p2a: Forgotten
|-damage|p2a: Forgotten|81/100
|-boost|p1a: Great Tusk|spe|1
|-sideend|p1: SValore|Stealth Rock|[from] move: Rapid Spin|[of] p1a: Great Tusk
|
|-weather|Snowscape|[upkeep]
|upkeep
|turn|5
|inactive|SValore has 120 seconds left.
|
|t:|1758329517
|switch|p2a: Serene|Primarina, M, shiny|100/100
|move|p1a: Great Tusk|Rapid Spin|p2a: Serene
|-damage|p2a: Serene|84/100
|-boost|p1a: Great Tusk|spe|1
|
|-weather|Snowscape|[upkeep]
|upkeep
|turn|6
|inactive|SValore has 120 seconds left.
|
|t:|1758329526
|-end|p1a: Great Tusk|Protosynthesis|[silent]
|switch|p1a: Stallking|Slowking, M, shiny|100/100
|move|p2a: Serene|Moonblast|p1a: Stallking
|-damage|p1a: Stallking|72/100
|
|-weather|none
|upkeep
|turn|7
|
|t:|1758329530
|move|p2a: Serene|Whirlpool|p1a: Stallking
|-resisted|p1a: Stallking
|-damage|p1a: Stallking|66/100
|-activate|p1a: Stallking|move: Whirlpool|[of] p2a: Serene
|move|p1a: Stallking|Future Sight|p2a: Serene
|-start|p1a: Stallking|move: Future Sight
|
|-damage|p1a: Stallking|54/100|[from] move: Whirlpool|[partiallytrapped]
|upkeep
|turn|8
|
|t:|1758329536
|move|p2a: Serene|Moonblast|p1a: Stallking
|-crit|p1a: Stallking
|-damage|p1a: Stallking|9/100
|-unboost|p1a: Stallking|spa|1
|-prepare|p1a: Stallking|Chilly Reception|[premajor]
|move|p1a: Stallking|Chilly Reception|p1a: Stallking
|-weather|Snowscape
|
|t:|1758329541
|switch|p1a: Meowscarada|Meowscarada, M, shiny|88/100|[from] Chilly Reception
|
|-weather|Snowscape|[upkeep]
|upkeep
|turn|9
|
|t:|1758329547
|switch|p2a: Heatran|Heatran, M, shiny|84/100
|move|p1a: Meowscarada|U-turn|p2a: Heatran
|-start|p1a: Meowscarada|typechange|Bug|[from] ability: Protean
|-resisted|p2a: Heatran
|-damage|p2a: Heatran|77/100
|
|t:|1758329551
|switch|p1a: Great Tusk|Great Tusk, shiny|97/100|[from] U-turn
|
|-weather|Snowscape|[upkeep]
|-end|p2a: Heatran|move: Future Sight
|-resisted|p2a: Heatran
|-damage|p2a: Heatran|55/100
|upkeep
|turn|10
|
|t:|1758329559
|switch|p2a: Great Tusk|Great Tusk, shiny|100/100
|move|p1a: Great Tusk|Stealth Rock|p2a: Great Tusk
|-sidestart|p2: GentleDnite|move: Stealth Rock
|
|-weather|Snowscape|[upkeep]
|upkeep
|turn|11
|
|t:|1758329568
|move|p2a: Great Tusk|Rapid Spin|p1a: Great Tusk
|-damage|p1a: Great Tusk|89/100
|-boost|p2a: Great Tusk|spe|1
|-damage|p2a: Great Tusk|84/100|[from] item: Rocky Helmet|[of] p1a: Great Tusk
|-sideend|p2: GentleDnite|Stealth Rock|[from] move: Rapid Spin|[of] p2a: Great Tusk
|move|p1a: Great Tusk|Earthquake|p2a: Great Tusk
|-damage|p2a: Great Tusk|55/100
|
|-weather|Snowscape|[upkeep]
|upkeep
|turn|12
|inactive|GentleDnite has 120 seconds left.
|l|☆GentleDnite
|inactive|GentleDnite disconnected and has a minute to reconnect!
|player|p2|
|j|☆GentleDnite
|inactive|GentleDnite reconnected and has 100 seconds left.
|player|p2|GentleDnite|miku-ghost|
|inactive|GentleDnite has 90 seconds left.
|
|t:|1758329642
|-end|p2a: Great Tusk|Protosynthesis|[silent]
|switch|p2a: Pecharunt|Pecharunt|100/100
|move|p1a: Great Tusk|Stealth Rock|p2a: Pecharunt
|-sidestart|p2: GentleDnite|move: Stealth Rock
|
|-weather|none
|upkeep
|turn|13
|
|t:|1758329660
|-end|p1a: Great Tusk|Protosynthesis|[silent]
|switch|p1a: Kingambit|Kingambit, F, shiny|100/100
|move|p2a: Pecharunt|Shadow Ball|p1a: Kingambit
|-resisted|p1a: Kingambit
|-damage|p1a: Kingambit|88/100
|-unboost|p1a: Kingambit|spd|1
|
|-heal|p1a: Kingambit|94/100|[from] item: Leftovers
|upkeep
|turn|14
|inactive|GentleDnite has 90 seconds left.
|
|t:|1758329665
|-end|p1a: Kingambit|fallenundefined|[silent]
|switch|p1a: Stallking|Slowking, M, shiny|42/100
|move|p2a: Pecharunt|Parting Shot|p1a: Stallking
|-unboost|p1a: Stallking|atk|1
|-unboost|p1a: Stallking|spa|1
|
|t:|1758329668
|switch|p2a: Forgotten|Ogerpon, F|81/100|[from] Parting Shot
|-damage|p2a: Forgotten|68/100|[from] Stealth Rock
|
|upkeep
|turn|15
|
|t:|1758329677
|switch|p1a: Cinderace|Cinderace, M|100/100
|move|p2a: Forgotten|U-turn|p1a: Cinderace
|-resisted|p1a: Cinderace
|-crit|p1a: Cinderace
|-damage|p1a: Cinderace|70/100
|
|t:|1758329681
|switch|p2a: Great Tusk|Great Tusk, shiny|55/100|[from] U-turn
|
|upkeep
|turn|16
|
|t:|1758329688
|move|p1a: Cinderace|U-turn|p2a: Great Tusk
|-resisted|p2a: Great Tusk
|-damage|p2a: Great Tusk|48/100
|
|t:|1758329689
|switch|p1a: Great Tusk|Great Tusk, shiny|89/100|[from] U-turn
|move|p2a: Great Tusk|Rapid Spin|p1a: Great Tusk
|-damage|p1a: Great Tusk|80/100
|-boost|p2a: Great Tusk|spe|1
|-damage|p2a: Great Tusk|31/100|[from] item: Rocky Helmet|[of] p1a: Great Tusk
|-sideend|p2: GentleDnite|Stealth Rock|[from] move: Rapid Spin|[of] p2a: Great Tusk
|
|upkeep
|turn|17
|
|t:|1758329694
|-end|p2a: Great Tusk|Protosynthesis|[silent]
|switch|p2a: Forgotten|Ogerpon, F|68/100
|move|p1a: Great Tusk|Earthquake|p2a: Forgotten
|-resisted|p2a: Forgotten
|-damage|p2a: Forgotten|42/100
|
|upkeep
|turn|18
|
|t:|1758329712
|-end|p1a: Great Tusk|Protosynthesis|[silent]
|switch|p1a: Cinderace|Cinderace, M|70/100
|move|p2a: Forgotten|Ivy Cudgel|p1a: Cinderace
|-resisted|p1a: Cinderace
|-damage|p1a: Cinderace|23/100
|
|upkeep
|turn|19
|
|t:|1758329725
|switch|p2a: Pecharunt|Pecharunt|100/100
|move|p1a: Cinderace|U-turn|p2a: Pecharunt
|-resisted|p2a: Pecharunt
|-damage|p2a: Pecharunt|98/100
|
|t:|1758329740
|switch|p1a: Stallking|Slowking, M, shiny|76/100|[from] U-turn
|
|upkeep
|turn|20
|
|t:|1758329745
|move|p2a: Pecharunt|Shadow Ball|p1a: Stallking
|-supereffective|p1a: Stallking
|-damage|p1a: Stallking|49/100
|-prepare|p1a: Stallking|Chilly Reception|[premajor]
|move|p1a: Stallking|Chilly Reception|p1a: Stallking
|-weather|Snowscape
|
|t:|1758329751
|switch|p1a: Kingambit|Kingambit, F, shiny|94/100|[from] Chilly Reception
|
|-weather|Snowscape|[upkeep]
|-heal|p1a: Kingambit|99/100|[from] item: Leftovers
|upkeep
|turn|21
|
|t:|1758329760
|move|p2a: Pecharunt|Parting Shot|p1a: Kingambit
|-unboost|p1a: Kingambit|atk|1
|-unboost|p1a: Kingambit|spa|1
|
|t:|1758329772
|switch|p2a: Great Tusk|Great Tusk, shiny|31/100|[from] Parting Shot
|move|p1a: Kingambit|Low Kick|p2a: Great Tusk
|-damage|p2a: Great Tusk|8/100
|
|-weather|Snowscape|[upkeep]
|-heal|p1a: Kingambit|100/100|[from] item: Leftovers
|upkeep
|turn|22
|
|t:|1758329781
|-end|p1a: Kingambit|fallenundefined|[silent]
|switch|p1a: Great Tusk|Great Tusk, shiny|80/100
|move|p2a: Great Tusk|Close Combat|p1a: Great Tusk
|-damage|p1a: Great Tusk|52/100
|-unboost|p2a: Great Tusk|def|1
|-unboost|p2a: Great Tusk|spd|1
|-damage|p2a: Great Tusk|0 fnt|[from] item: Rocky Helmet|[of] p1a: Great Tusk
|faint|p2a: Great Tusk
|-end|p2a: Great Tusk|Protosynthesis|[silent]
|
|-weather|Snowscape|[upkeep]
|upkeep
|
|t:|1758329784
|switch|p2a: Forgotten|Ogerpon, F|42/100
|turn|23
|
|t:|1758329795
|-end|p1a: Great Tusk|Protosynthesis|[silent]
|switch|p1a: Dragonite|Dragonite, F|100/100
|move|p2a: Forgotten|Ivy Cudgel|p1a: Dragonite
|-resisted|p1a: Dragonite
|-damage|p1a: Dragonite|91/100
|
|-weather|Snowscape|[upkeep]
|upkeep
|turn|24
|
|t:|1758329827
|switch|p2a: Pecharunt|Pecharunt|98/100
|-terastallize|p1a: Dragonite|Flying
|move|p1a: Dragonite|Tera Blast|p2a: Pecharunt|[anim] Tera Blast Flying
|-damage|p2a: Pecharunt|54/100
|
|-weather|none
|upkeep
|turn|25
|
|t:|1758329834
|move|p1a: Dragonite|Tera Blast|p2a: Pecharunt|[anim] Tera Blast Flying
|-damage|p2a: Pecharunt|12/100
|move|p2a: Pecharunt|Parting Shot|p1a: Dragonite
|-unboost|p1a: Dragonite|atk|1
|-unboost|p1a: Dragonite|spa|1
|
|t:|1758329841
|switch|p2a: Weavile|Weavile, M, shiny|100/100|[from] Parting Shot
|-ability|p2a: Weavile|Pressure
|
|upkeep
|turn|26
|
|t:|1758329857
|switch|p1a: Stallking|Slowking, M, shiny|82/100
|move|p2a: Weavile|Triple Axel|p1a: Stallking
|-resisted|p1a: Stallking
|-damage|p1a: Stallking|75/100
|-resisted|p1a: Stallking
|-damage|p1a: Stallking|60/100
|-resisted|p1a: Stallking
|-damage|p1a: Stallking|38/100
|-hitcount|p1a: Stallking|3
|
|upkeep
|turn|27
|
|t:|1758329865
|switch|p1a: Great Tusk|Great Tusk, shiny|52/100
|move|p2a: Weavile|Triple Axel|p1a: Great Tusk
|-supereffective|p1a: Great Tusk
|-damage|p1a: Great Tusk|36/100
|-damage|p2a: Weavile|84/100|[from] item: Rocky Helmet|[of] p1a: Great Tusk
|-supereffective|p1a: Great Tusk
|-damage|p1a: Great Tusk|10/100
|-damage|p2a: Weavile|68/100|[from] item: Rocky Helmet|[of] p1a: Great Tusk
|-supereffective|p1a: Great Tusk
|-damage|p1a: Great Tusk|0 fnt
|-damage|p2a: Weavile|51/100|[from] item: Rocky Helmet|[of] p1a: Great Tusk
|faint|p1a: Great Tusk
|-end|p1a: Great Tusk|Protosynthesis|[silent]
|-hitcount|p1: Great Tusk|3
|
|upkeep
|
|t:|1758329884
|switch|p1a: Meowscarada|Meowscarada, M, shiny|88/100
|turn|28
|
|t:|1758329900
|switch|p2a: Pecharunt|Pecharunt|12/100
|move|p1a: Meowscarada|U-turn|p2a: Pecharunt
|-start|p1a: Meowscarada|typechange|Bug|[from] ability: Protean
|-resisted|p2a: Pecharunt
|-damage|p2a: Pecharunt|9/100
|
|t:|1758329913
|switch|p1a: Dragonite|Dragonite, F, tera:Flying|91/100|[from] U-turn
|
|upkeep
|turn|29
|
|t:|1758329928
|move|p1a: Dragonite|Tera Blast|p2a: Pecharunt|[anim] Tera Blast Flying
|-damage|p2a: Pecharunt|0 fnt
|faint|p2a: Pecharunt
|
|upkeep
|
|t:|1758329931
|switch|p2a: Weavile|Weavile, M, shiny|51/100
|-ability|p2a: Weavile|Pressure
|turn|30
|
|t:|1758329939
|switch|p1a: Kingambit|Kingambit, F, shiny|100/100
|-activate|p1a: Kingambit|ability: Supreme Overlord
|-start|p1a: Kingambit|fallen1|[silent]
|move|p2a: Weavile|Low Kick|p1a: Kingambit
|-supereffective|p1a: Kingambit
|-damage|p1a: Kingambit|0 fnt
|faint|p1a: Kingambit
|-end|p1a: Kingambit|fallen1|[silent]
|
|upkeep
|
|t:|1758329943
|switch|p1a: Dragonite|Dragonite, F, tera:Flying|91/100
|turn|31
|
|t:|1758329959
|switch|p2a: Heatran|Heatran, M, shiny|55/100
|move|p1a: Dragonite|Tera Blast|p2a: Heatran|[anim] Tera Blast Flying
|-resisted|p2a: Heatran
|-damage|p2a: Heatran|5/100
|
|upkeep
|turn|32
|
|t:|1758329964
|move|p2a: Heatran|Stealth Rock|p1a: Dragonite
|-sidestart|p1: SValore|move: Stealth Rock
|move|p1a: Dragonite|Tera Blast|p2a: Heatran|[anim] Tera Blast Flying
|-resisted|p2a: Heatran
|-damage|p2a: Heatran|0 fnt
|faint|p2a: Heatran
|
|upkeep
|
|t:|1758329971
|switch|p2a: Weavile|Weavile, M, shiny|51/100
|-ability|p2a: Weavile|Pressure
|turn|33
|
|t:|1758329978
|switch|p1a: Stallking|Slowking, M, shiny|71/100
|move|p2a: Weavile|Triple Axel|p1a: Stallking
|-resisted|p1a: Stallking
|-damage|p1a: Stallking|64/100
|-resisted|p1a: Stallking
|-damage|p1a: Stallking|48/100
|-resisted|p1a: Stallking
|-crit|p1a: Stallking
|-damage|p1a: Stallking|11/100
|-hitcount|p1a: Stallking|3
|
|upkeep
|turn|34
|
|t:|1758329986
|move|p2a: Weavile|Triple Axel|p1a: Stallking
|-resisted|p1a: Stallking
|-damage|p1a: Stallking|3/100
|-resisted|p1a: Stallking
|-damage|p1a: Stallking|0 fnt
|faint|p1a: Stallking
|-hitcount|p1: Stallking|2
|
|upkeep
|
|t:|1758329988
|switch|p1a: Meowscarada|Meowscarada, M, shiny|88/100
|-damage|p1a: Meowscarada|76/100|[from] Stealth Rock
|turn|35
|
|t:|1758330007
|switch|p2a: Serene|Primarina, M, shiny|84/100
|move|p1a: Meowscarada|U-turn|p2a: Serene
|-start|p1a: Meowscarada|typechange|Bug|[from] ability: Protean
|-resisted|p2a: Serene
|-damage|p2a: Serene|62/100
|
|t:|1758330009
|switch|p1a: Cinderace|Cinderace, M|23/100|[from] U-turn
|
|upkeep
|turn|36
|
|t:|1758330021
|move|p1a: Cinderace|Court Change|p1a: Cinderace
|-swapsideconditions
|-activate|p1a: Cinderace|move: Court Change
|move|p2a: Serene|Flip Turn|p1a: Cinderace
|-supereffective|p1a: Cinderace
|-damage|p1a: Cinderace|0 fnt
|faint|p1a: Cinderace
|
|t:|1758330035
|switch|p2a: Forgotten|Ogerpon, F|42/100|[from] Flip Turn
|-damage|p2a: Forgotten|29/100|[from] Stealth Rock
|
|upkeep
|c|☆SValore|ggs
|
|t:|1758330047
|switch|p1a: Meowscarada|Meowscarada, M, shiny|76/100
|turn|37
|
|t:|1758330062
|move|p1a: Meowscarada|U-turn|p2a: Forgotten
|-start|p1a: Meowscarada|typechange|Bug|[from] ability: Protean
|-supereffective|p2a: Forgotten
|-damage|p2a: Forgotten|0 fnt
|faint|p2a: Forgotten
|
|t:|1758330064
|switch|p1a: Dragonite|Dragonite, F, tera:Flying|91/100|[from] U-turn
|
|upkeep
|
|t:|1758330073
|switch|p2a: Serene|Primarina, M, shiny|62/100
|-damage|p2a: Serene|50/100|[from] Stealth Rock
|turn|38
|
|t:|1758330097
|move|p1a: Dragonite|Extreme Speed|p2a: Serene
|-damage|p2a: Serene|0 fnt
|faint|p2a: Serene
|
|upkeep
|
|t:|1758330101
|switch|p2a: Weavile|Weavile, M, shiny|51/100
|-damage|p2a: Weavile|26/100|[from] Stealth Rock
|-ability|p2a: Weavile|Pressure
|turn|39
|
|t:|1758330103
|move|p1a: Dragonite|Extreme Speed|p2a: Weavile
|-damage|p2a: Weavile|0 fnt
|faint|p2a: Weavile
|
|win|SValore
|n|☆SValore|svalore
|n|*Lady Monita ☀|ladymonita
|n|☆GentleDnite|gentlednite
|l|*Lady Monita ☀
