|j|☆ok lets go nege
|j|☆islamichorserace95
|t:|1758264580
|gametype|singles
|player|p1|ok lets go nege|worker|1412
|player|p2|islamichorserace95|janitor|1460
|gen|9
|tier|[Gen 9] OU
|rated|
|rule|HP Percentage Mod: HP is shown in percentages
|rule|Endless Battle Clause: Forcing endless battles is banned
|rule|Species Clause: Limit one of each Pokémon
|rule|OHKO Clause: OHKO moves are banned
|rule|Evasion Items Clause: Evasion items are banned
|rule|Evasion Moves Clause: Evasion moves are banned
|rule|Evasion Abilities Clause: Evasion abilities are banned
|rule|Sleep Moves Clause: Sleep-inducing moves are banned
|clearpoke
|poke|p1|Iron Moth|
|poke|p1|Kingambit, M|
|poke|p1|Iron Valiant|
|poke|p1|Ogerpon-Wellspring, F|
|poke|p1|Landorus-Therian, M|
|poke|p1|Raging Bolt|
|poke|p2|Gengar, F|
|poke|p2|Dragapult, M|
|poke|p2|Iron Treads|
|poke|p2|Okidogi, M|
|poke|p2|Hatterene, F|
|poke|p2|Alomomola, M|
|teampreview
|inactive|Battle timer is ON: inactive players will automatically lose when time's up. (requested by ok lets go nege)
|
|t:|1758264603
|teamsize|p1|6
|teamsize|p2|6
|start
|switch|p1a: Emboté|Landorus-Therian, M|100/100
|switch|p2a: Iron Treads|Iron Treads|100/100
|-ability|p1a: Emboté|Intimidate|boost
|-unboost|p2a: Iron Treads|atk|1
|turn|1
|
|t:|1758264622
|move|p2a: Iron Treads|Stealth Rock|p1a: Emboté
|-sidestart|p1: ok lets go nege|move: Stealth Rock
|move|p1a: Emboté|Stealth Rock|p2a: Iron Treads
|-sidestart|p2: islamichorserace95|move: Stealth Rock
|
|upkeep
|turn|2
|
|t:|1758264625
|move|p2a: Iron Treads|Rapid Spin|p1a: Emboté
|-damage|p1a: Emboté|91/100
|-boost|p2a: Iron Treads|spe|1
|-damage|p2a: Iron Treads|84/100|[from] item: Rocky Helmet|[of] p1a: Emboté
|-sideend|p2: islamichorserace95|Stealth Rock|[from] move: Rapid Spin|[of] p2a: Iron Treads
|move|p1a: Emboté|Earthquake|p2a: Iron Treads
|-supereffective|p2a: Iron Treads
|-damage|p2a: Iron Treads|0 fnt
|faint|p2a: Iron Treads
|-end|p2a: Iron Treads|Quark Drive|[silent]
|
|upkeep
|
|t:|1758264648
|switch|p2a: Good Punch|Okidogi, M|100/100
|turn|3
|
|t:|1758264651
|move|p1a: Emboté|Stealth Rock|p2a: Good Punch
|-sidestart|p2: islamichorserace95|move: Stealth Rock
|move|p2a: Good Punch|Bulk Up|p2a: Good Punch
|-boost|p2a: Good Punch|atk|1
|-boost|p2a: Good Punch|def|1
|
|upkeep
|turn|4
|
|t:|1758264654
|move|p1a: Emboté|U-turn|p2a: Good Punch
|-resisted|p2a: Good Punch
|-damage|p2a: Good Punch|98/100
|
|t:|1758264671
|switch|p1a: Lamite|Iron Moth, shiny|100/100|[from] U-turn
|-damage|p1a: Lamite|76/100|[from] Stealth Rock
|-enditem|p1a: Lamite|Booster Energy
|-activate|p1a: Lamite|ability: Quark Drive|[fromitem]
|-start|p1a: Lamite|quarkdrivespe
|move|p2a: Good Punch|Ice Punch|p1a: Lamite
|-resisted|p1a: Lamite
|-damage|p1a: Lamite|51/100
|-status|p1a: Lamite|frz
|
|-heal|p2a: Good Punch|100/100|[from] item: Leftovers
|upkeep
|turn|5
|
|t:|1758264675
|cant|p1a: Lamite|frz
|move|p2a: Good Punch|Knock Off|p1a: Lamite
|-damage|p1a: Lamite|10/100 frz
|
|upkeep
|turn|6
|
|t:|1758264677
|cant|p1a: Lamite|frz
|move|p2a: Good Punch|Knock Off|p1a: Lamite
|-damage|p1a: Lamite|0 fnt
|faint|p1a: Lamite
|-end|p1a: Lamite|Quark Drive|[silent]
|
|upkeep
|
|t:|1758264695
|switch|p1a: SweepIncoming|Raging Bolt|100/100
|-damage|p1a: SweepIncoming|88/100|[from] Stealth Rock
|-enditem|p1a: SweepIncoming|Booster Energy
|-activate|p1a: SweepIncoming|ability: Protosynthesis|[fromitem]
|-start|p1a: SweepIncoming|protosynthesisspa
|turn|7
|
|t:|1758264699
|move|p1a: SweepIncoming|Calm Mind|p1a: SweepIncoming
|-boost|p1a: SweepIncoming|spa|1
|-boost|p1a: SweepIncoming|spd|1
|move|p2a: Good Punch|Ice Punch|p1a: SweepIncoming
|-supereffective|p1a: SweepIncoming
|-damage|p1a: SweepIncoming|29/100
|-status|p1a: SweepIncoming|tox|[from] ability: Toxic Chain|[of] p2a: Good Punch
|
|-damage|p1a: SweepIncoming|23/100 tox|[from] psn
|upkeep
|turn|8
|
|t:|1758264714
|switch|p2a: Hatterene|Hatterene, F|100/100
|-damage|p2a: Hatterene|88/100|[from] Stealth Rock
|move|p1a: SweepIncoming|Thunderbolt|p2a: Hatterene
|-damage|p2a: Hatterene|27/100
|
|-damage|p1a: SweepIncoming|10/100 tox|[from] psn
|upkeep
|turn|9
|
|t:|1758264719
|move|p1a: SweepIncoming|Thunderbolt|p2a: Hatterene
|-damage|p2a: Hatterene|0 fnt
|faint|p2a: Hatterene
|
|-damage|p1a: SweepIncoming|0 fnt|[from] psn
|faint|p1a: SweepIncoming
|-end|p1a: SweepIncoming|Protosynthesis|[silent]
|upkeep
|
|t:|1758264727
|switch|p1a: Emboté|Landorus-Therian, M|91/100
|switch|p2a: Alomomola|Alomomola, M|100/100
|-damage|p1a: Emboté|78/100|[from] Stealth Rock
|-ability|p1a: Emboté|Intimidate|boost
|-unboost|p2a: Alomomola|atk|1
|turn|10
|
|t:|1758264731
|move|p1a: Emboté|U-turn|p2a: Alomomola
|-damage|p2a: Alomomola|89/100
|
|t:|1758264734
|switch|p1a: Bazouin|Ogerpon-Wellspring, F|100/100|[from] U-turn
|-damage|p1a: Bazouin|88/100|[from] Stealth Rock
|move|p2a: Alomomola|Flip Turn|p1a: Bazouin
|-heal|p1a: Bazouin|100/100|[from] ability: Water Absorb|[of] p2a: Alomomola
|
|upkeep
|turn|11
|
|t:|1758264738
|switch|p2a: Gengar|Gengar, F|100/100
|-damage|p2a: Gengar|88/100|[from] Stealth Rock
|move|p1a: Bazouin|Swords Dance|p1a: Bazouin
|-boost|p1a: Bazouin|atk|2
|
|upkeep
|turn|12
|inactive|ok lets go nege has 120 seconds left.
|
|t:|1758264774
|move|p2a: Gengar|Destiny Bond|p2a: Gengar
|-singlemove|p2a: Gengar|Destiny Bond
|move|p1a: Bazouin|Ivy Cudgel|p2a: Gengar|[anim] Ivy Cudgel Water
|-crit|p2a: Gengar
|-damage|p2a: Gengar|0 fnt
|faint|p2a: Gengar
|-activate|p2a: Gengar|move: Destiny Bond
|faint|p1a: Bazouin
|
|upkeep
|inactive|ok lets go nege has 120 seconds left.
|
|t:|1758264783
|switch|p2a: Alomomola|Alomomola, M|100/100
|switch|p1a: Emboté|Landorus-Therian, M|78/100
|-damage|p1a: Emboté|66/100|[from] Stealth Rock
|-ability|p1a: Emboté|Intimidate|boost
|-unboost|p2a: Alomomola|atk|1
|turn|13
|
|t:|1758264790
|move|p1a: Emboté|Earthquake|p2a: Alomomola
|-damage|p2a: Alomomola|74/100
|move|p2a: Alomomola|Flip Turn|p1a: Emboté
|-supereffective|p1a: Emboté
|-damage|p1a: Emboté|46/100
|-damage|p2a: Alomomola|57/100|[from] item: Rocky Helmet|[of] p1a: Emboté
|
|t:|1758264793
|switch|p2a: Dragapult|Dragapult, M|100/100|[from] Flip Turn
|-damage|p2a: Dragapult|88/100|[from] Stealth Rock
|
|upkeep
|turn|14
|
|t:|1758264798
|move|p2a: Dragapult|Draco Meteor|p1a: Emboté
|-damage|p1a: Emboté|0 fnt
|-unboost|p2a: Dragapult|spa|2
|faint|p1a: Emboté
|
|upkeep
|
|t:|1758264800
|switch|p1a: Khalamite|Iron Valiant, shiny|100/100
|-damage|p1a: Khalamite|94/100|[from] Stealth Rock
|-enditem|p1a: Khalamite|Booster Energy
|-activate|p1a: Khalamite|ability: Quark Drive|[fromitem]
|-start|p1a: Khalamite|quarkdrivespe
|turn|15
|
|t:|1758264804
|switch|p2a: Good Punch|Okidogi, M|100/100
|-damage|p2a: Good Punch|94/100|[from] Stealth Rock
|move|p1a: Khalamite|Knock Off|p2a: Good Punch
|-resisted|p2a: Good Punch
|-damage|p2a: Good Punch|81/100
|-enditem|p2a: Good Punch|Leftovers|[from] move: Knock Off|[of] p1a: Khalamite
|
|upkeep
|turn|16
|
|t:|1758264813
|move|p1a: Khalamite|Moonblast|p2a: Good Punch
|-damage|p2a: Good Punch|52/100
|move|p2a: Good Punch|Ice Punch|p1a: Khalamite
|-damage|p1a: Khalamite|65/100
|
|upkeep
|turn|17
|
|t:|1758264825
|move|p1a: Khalamite|Moonblast|p2a: Good Punch
|-damage|p2a: Good Punch|22/100
|-unboost|p2a: Good Punch|spa|1
|move|p2a: Good Punch|Ice Punch|p1a: Khalamite
|-damage|p1a: Khalamite|36/100
|
|upkeep
|turn|18
|
|t:|1758264829
|move|p1a: Khalamite|Moonblast|p2a: Good Punch
|-damage|p2a: Good Punch|0 fnt
|faint|p2a: Good Punch
|
|upkeep
|
|t:|1758264831
|switch|p2a: Alomomola|Alomomola, M|91/100
|turn|19
|
|t:|1758264861
|move|p1a: Khalamite|Moonblast|p2a: Alomomola
|-damage|p2a: Alomomola|42/100
|move|p2a: Alomomola|Flip Turn|p1a: Khalamite
|-damage|p1a: Khalamite|16/100
|
|t:|1758264864
|switch|p2a: Dragapult|Dragapult, M|88/100|[from] Flip Turn
|-damage|p2a: Dragapult|76/100|[from] Stealth Rock
|
|upkeep
|turn|20
|
|t:|1758264871
|-terastallize|p2a: Dragapult|Ghost
|move|p1a: Khalamite|Moonblast|p2a: Dragapult
|-damage|p2a: Dragapult|21/100
|move|p2a: Dragapult|Flamethrower|p1a: Khalamite
|-damage|p1a: Khalamite|0 fnt
|faint|p1a: Khalamite
|-end|p1a: Khalamite|Quark Drive|[silent]
|
|upkeep
|
|t:|1758264876
|switch|p1a: Steph Curry|Kingambit, M, shiny|100/100
|-damage|p1a: Steph Curry|94/100|[from] Stealth Rock
|-activate|p1a: Steph Curry|ability: Supreme Overlord
|-start|p1a: Steph Curry|fallen5|[silent]
|turn|21
|
|t:|1758264879
|move|p2a: Dragapult|Flamethrower|p1a: Steph Curry
|-supereffective|p1a: Steph Curry
|-damage|p1a: Steph Curry|20/100
|move|p1a: Steph Curry|Swords Dance|p1a: Steph Curry
|-boost|p1a: Steph Curry|atk|2
|
|-heal|p1a: Steph Curry|26/100|[from] item: Leftovers
|upkeep
|turn|22
|
|t:|1758264881
|move|p1a: Steph Curry|Sucker Punch|p2a: Dragapult
|-supereffective|p2a: Dragapult
|-damage|p2a: Dragapult|0 fnt
|faint|p2a: Dragapult
|
|-heal|p1a: Steph Curry|32/100|[from] item: Leftovers
|upkeep
|
|t:|1758264882
|switch|p2a: Alomomola|Alomomola, M|76/100
|turn|23
|
|t:|1758264885
|move|p1a: Steph Curry|Kowtow Cleave|p2a: Alomomola
|-damage|p2a: Alomomola|0 fnt
|faint|p2a: Alomomola
|
|win|ok lets go nege
|raw|ok lets go nege's rating: 1412 &rarr; <strong>1435</strong><br />(+23 for winning)
|raw|islamichorserace95's rating: 1460 &rarr; <strong>1437</strong><br />(-23 for losing)
|l|☆ok lets go nege
|player|p1|
|l|☆islamichorserace95
|player|p2|
