|j|☆bobbydeoliscool
|j|☆Leroswend
|t:|1758254924
|gametype|singles
|player|p1|bobbydeoliscool|265|1376
|player|p2|Leroswend|cynthia-gen4|1410
|gen|9
|tier|[Gen 9] OU
|rated|
|rule|HP Percentage Mod: HP is shown in percentages
|rule|Endless Battle Clause: Forcing endless battles is banned
|rule|Species Clause: Limit one of each Pokémon
|rule|OHKO Clause: OHKO moves are banned
|rule|Evasion Items Clause: Evasion items are banned
|rule|Evasion Moves Clause: Evasion moves are banned
|rule|Evasion Abilities Clause: Evasion abilities are banned
|rule|Sleep Moves Clause: Sleep-inducing moves are banned
|clearpoke
|poke|p1|Moltres|
|poke|p1|Zamazenta-*|
|poke|p1|Darkrai|
|poke|p1|Hydrapple, M|
|poke|p1|Ting-Lu|
|poke|p1|Tinkaton, F|
|poke|p2|Scizor, M|
|poke|p2|Great Tusk|
|poke|p2|Greninja-*, M|
|poke|p2|Garchomp, F|
|poke|p2|Skeledirge, M|
|poke|p2|Iron Valiant|
|teampreview
|inactive|Battle timer is ON: inactive players will automatically lose when time's up. (requested by Leroswend)
|inactive|bobbydeoliscool has 120 seconds left.
|inactive|bobbydeoliscool has 90 seconds left.
|inactive|bobbydeoliscool has 60 seconds left.
|
|t:|1758255016
|teamsize|p1|6
|teamsize|p2|6
|start
|switch|p1a: Darkrai|Darkrai, shiny|100/100
|switch|p2a: Great Tusk|Great Tusk|100/100
|turn|1
|
|t:|1758255042
|move|p1a: Darkrai|Ice Beam|p2a: Great Tusk
|-supereffective|p2a: Great Tusk
|-damage|p2a: Great Tusk|17/100
|move|p2a: Great Tusk|Stealth Rock|p1a: Darkrai
|-sidestart|p1: bobbydeoliscool|move: Stealth Rock
|
|-heal|p2a: Great Tusk|23/100|[from] item: Leftovers
|upkeep
|turn|2
|
|t:|1758255056
|-end|p2a: Great Tusk|Protosynthesis|[silent]
|switch|p2a: Skeledirge|Skeledirge, M|100/100
|move|p1a: Darkrai|Dark Pulse|p2a: Skeledirge
|-supereffective|p2a: Skeledirge
|-crit|p2a: Skeledirge
|-damage|p2a: Skeledirge|0 fnt
|faint|p2a: Skeledirge
|
|upkeep
|
|t:|1758255064
|switch|p2a: Iron Valiant|Iron Valiant|100/100
|-enditem|p2a: Iron Valiant|Booster Energy
|-activate|p2a: Iron Valiant|ability: Quark Drive|[fromitem]
|-start|p2a: Iron Valiant|quarkdrivespe
|turn|3
|
|t:|1758255078
|move|p2a: Iron Valiant|Moonblast|p1a: Darkrai
|-supereffective|p1a: Darkrai
|-damage|p1a: Darkrai|17/100
|move|p1a: Darkrai|Sludge Bomb|p2a: Iron Valiant
|-supereffective|p2a: Iron Valiant
|-damage|p2a: Iron Valiant|0 fnt
|faint|p2a: Iron Valiant
|-end|p2a: Iron Valiant|Quark Drive|[silent]
|
|upkeep
|inactive|Leroswend has 120 seconds left.
|
|t:|1758255091
|switch|p2a: Scizor|Scizor, M|100/100
|turn|4
|inactive|Leroswend has 120 seconds left.
|
|t:|1758255110
|switch|p1a: Moltres|Moltres|100/100
|move|p2a: Scizor|Bullet Punch|p1a: Moltres
|-resisted|p1a: Moltres
|-damage|p1a: Moltres|84/100
|
|upkeep
|turn|5
|
|t:|1758255123
|switch|p2a: Greninja|Greninja, M|100/100
|move|p1a: Moltres|Flamethrower|p2a: Greninja
|-resisted|p2a: Greninja
|-damage|p2a: Greninja|72/100
|
|upkeep
|turn|6
|inactive|Leroswend has 120 seconds left.
|inactive|bobbydeoliscool has 120 seconds left.
|
|t:|1758255160
|switch|p1a: Tinkaton|Tinkaton, F|100/100
|-damage|p1a: Tinkaton|94/100|[from] Stealth Rock
|-ability|p1a: Tinkaton|Mold Breaker
|-item|p1a: Tinkaton|Air Balloon
|move|p2a: Greninja|Surf|p1a: Tinkaton
|-damage|p1a: Tinkaton|47/100
|-enditem|p1a: Tinkaton|Air Balloon
|-damage|p2a: Greninja|62/100|[from] item: Life Orb
|
|upkeep
|turn|7
|inactive|bobbydeoliscool has 120 seconds left.
|inactive|Leroswend has 90 seconds left.
|
|t:|1758255197
|move|p2a: Greninja|Surf|p1a: Tinkaton
|-damage|p1a: Tinkaton|3/100
|-damage|p2a: Greninja|52/100|[from] item: Life Orb
|move|p1a: Tinkaton|Thunder Wave|p2a: Greninja
|-status|p2a: Greninja|par
|
|upkeep
|turn|8
|inactive|bobbydeoliscool has 120 seconds left.
|inactive|Leroswend has 90 seconds left.
|
|t:|1758255215
|move|p1a: Tinkaton|Stealth Rock|p2a: Greninja
|-sidestart|p2: Leroswend|move: Stealth Rock
|move|p2a: Greninja|Surf|p1a: Tinkaton
|-damage|p1a: Tinkaton|0 fnt
|faint|p1a: Tinkaton
|-ability|p2a: Greninja|Battle Bond|boost
|-boost|p2a: Greninja|atk|1
|-boost|p2a: Greninja|spa|1
|-boost|p2a: Greninja|spe|1
|-activate|p2a: Greninja|ability: Battle Bond
|-damage|p2a: Greninja|43/100 par|[from] item: Life Orb
|
|upkeep
|
|t:|1758255232
|switch|p1a: Zamazenta|Zamazenta|100/100
|-ability|p1a: Zamazenta|Dauntless Shield|boost
|-boost|p1a: Zamazenta|def|1
|turn|9
|inactive|Leroswend has 90 seconds left.
|
|t:|1758255251
|move|p1a: Zamazenta|Close Combat|p2a: Greninja
|-supereffective|p2a: Greninja
|-damage|p2a: Greninja|0 fnt
|-unboost|p1a: Zamazenta|def|1
|-unboost|p1a: Zamazenta|spd|1
|faint|p2a: Greninja
|
|upkeep
|inactive|Leroswend has 90 seconds left.
|
|t:|1758255263
|switch|p2a: Garchomp|Garchomp, F|100/100
|-damage|p2a: Garchomp|94/100|[from] Stealth Rock
|turn|10
|inactive|bobbydeoliscool has 120 seconds left.
|
|t:|1758255269
|move|p1a: Zamazenta|Ice Fang|p2a: Garchomp
|-supereffective|p2a: Garchomp
|-damage|p2a: Garchomp|16/100
|-damage|p1a: Zamazenta|88/100|[from] ability: Rough Skin|[of] p2a: Garchomp
|-damage|p1a: Zamazenta|72/100|[from] item: Rocky Helmet|[of] p2a: Garchomp
|move|p2a: Garchomp|Swords Dance|p2a: Garchomp
|-boost|p2a: Garchomp|atk|2
|
|upkeep
|turn|11
|
|t:|1758255282
|-terastallize|p2a: Garchomp|Fire
|move|p1a: Zamazenta|Close Combat|p2a: Garchomp
|-damage|p2a: Garchomp|0 fnt
|-unboost|p1a: Zamazenta|def|1
|-unboost|p1a: Zamazenta|spd|1
|-damage|p1a: Zamazenta|59/100|[from] ability: Rough Skin|[of] p2a: Garchomp
|-damage|p1a: Zamazenta|43/100|[from] item: Rocky Helmet|[of] p2a: Garchomp
|faint|p2a: Garchomp
|
|upkeep
|-message|Leroswend forfeited.
|
|win|bobbydeoliscool
|raw|bobbydeoliscool's rating: 1376 &rarr; <strong>1398</strong><br />(+22 for winning)
|raw|Leroswend's rating: 1410 &rarr; <strong>1388</strong><br />(-22 for losing)
|l|☆Leroswend
|player|p2|
|l|☆bobbydeoliscool
|player|p1|
