|j|☆lerendezvous
|j|☆Obito 2001
|t:|1758375928
|gametype|singles
|player|p1|lerendezvous|101|1783
|player|p2|Obito 2001|blue-gen3two|1748
|gen|9
|tier|[Gen 9] OU
|rated|
|rule|HP Percentage Mod: HP is shown in percentages
|rule|Endless Battle Clause: Forcing endless battles is banned
|rule|Species Clause: Limit one of each Pokémon
|rule|OHKO Clause: OHKO moves are banned
|rule|Evasion Items Clause: Evasion items are banned
|rule|Evasion Moves Clause: Evasion moves are banned
|rule|Evasion Abilities Clause: Evasion abilities are banned
|rule|Sleep Moves Clause: Sleep-inducing moves are banned
|clearpoke
|poke|p1|Ogerpon-Wellspring, F|
|poke|p1|Slowking-Galar, F|
|poke|p1|Great Tusk|
|poke|p1|Moltres|
|poke|p1|Dragapult, F|
|poke|p1|Kingambit, M|
|poke|p2|Iron Crown|
|poke|p2|Heatran, F|
|poke|p2|Great Tusk|
|poke|p2|Rillaboom, F|
|poke|p2|Ogerpon-Wellspring, F|
|poke|p2|Pecharunt|
|teampreview
|inactive|Battle timer is ON: inactive players will automatically lose when time's up. (requested by Obito 2001)
|inactive|lerendezvous also wants the timer to be on.
|
|t:|1758375938
|teamsize|p1|6
|teamsize|p2|6
|start
|switch|p1a: Ogerpon|Ogerpon-Wellspring, F|100/100
|switch|p2a: Mega Donphan|Great Tusk|100/100
|turn|1
|
|t:|1758375946
|-end|p2a: Mega Donphan|Protosynthesis|[silent]
|switch|p2a: Rillaboom|Rillaboom, F|100/100
|-fieldstart|move: Grassy Terrain|[from] ability: Grassy Surge|[of] p2a: Rillaboom
|move|p1a: Ogerpon|Knock Off|p2a: Rillaboom
|-damage|p2a: Rillaboom|64/100
|-enditem|p2a: Rillaboom|Terrain Extender|[from] move: Knock Off|[of] p1a: Ogerpon
|
|-heal|p2a: Rillaboom|70/100|[from] Grassy Terrain
|upkeep
|turn|2
|
|t:|1758375954
|move|p1a: Ogerpon|U-turn|p2a: Rillaboom
|-supereffective|p2a: Rillaboom
|-damage|p2a: Rillaboom|19/100
|
|t:|1758375959
|switch|p1a: Moltres|Moltres|100/100|[from] U-turn
|move|p2a: Rillaboom|Knock Off|p1a: Moltres
|-damage|p1a: Moltres|74/100
|-enditem|p1a: Moltres|Heavy-Duty Boots|[from] move: Knock Off|[of] p2a: Rillaboom
|
|-heal|p2a: Rillaboom|25/100|[from] Grassy Terrain
|upkeep
|turn|3
|
|t:|1758375967
|switch|p2a: Heatran|Heatran, F, shiny|100/100
|move|p1a: Moltres|U-turn|p2a: Heatran
|-resisted|p2a: Heatran
|-damage|p2a: Heatran|97/100
|
|t:|1758375973
|switch|p1a: Ogerpon|Ogerpon-Wellspring, F|100/100|[from] U-turn
|
|-heal|p2a: Heatran|100/100|[from] Grassy Terrain
|upkeep
|turn|4
|
|t:|1758375980
|move|p1a: Ogerpon|Knock Off|p2a: Heatran
|-damage|p2a: Heatran|70/100
|-enditem|p2a: Heatran|Leftovers|[from] move: Knock Off|[of] p1a: Ogerpon
|move|p2a: Heatran|Magma Storm|p1a: Ogerpon
|-damage|p1a: Ogerpon|48/100
|-activate|p1a: Ogerpon|move: Magma Storm|[of] p2a: Heatran
|
|-heal|p1a: Ogerpon|54/100|[from] Grassy Terrain
|-heal|p2a: Heatran|76/100|[from] Grassy Terrain
|-damage|p1a: Ogerpon|41/100|[from] move: Magma Storm|[partiallytrapped]
|upkeep
|turn|5
|
|t:|1758375987
|move|p2a: Heatran|Protect|p2a: Heatran
|-singleturn|p2a: Heatran|Protect
|move|p1a: Ogerpon|Knock Off|p2a: Heatran
|-activate|p2a: Heatran|move: Protect
|
|-heal|p1a: Ogerpon|47/100|[from] Grassy Terrain
|-heal|p2a: Heatran|82/100|[from] Grassy Terrain
|-damage|p1a: Ogerpon|35/100|[from] move: Magma Storm|[partiallytrapped]
|upkeep
|turn|6
|
|t:|1758375991
|switch|p2a: Ban me|Ogerpon-Wellspring, F|100/100
|move|p1a: Ogerpon|Knock Off|p2a: Ban me
|-damage|p2a: Ban me|68/100
|
|-heal|p2a: Ban me|74/100|[from] Grassy Terrain
|-heal|p1a: Ogerpon|41/100|[from] Grassy Terrain
|-end|p1a: Ogerpon|Magma Storm|[partiallytrapped]|[silent]
|upkeep
|turn|7
|
|t:|1758375998
|move|p1a: Ogerpon|Power Whip|p2a: Ban me|[miss]
|-miss|p1a: Ogerpon|p2a: Ban me
|move|p2a: Ban me|U-turn|p1a: Ogerpon
|-supereffective|p1a: Ogerpon
|-damage|p1a: Ogerpon|0 fnt
|faint|p1a: Ogerpon
|
|t:|1758376003
|switch|p2a: Rillaboom|Rillaboom, F|25/100|[from] U-turn
|
|-heal|p2a: Rillaboom|31/100|[from] Grassy Terrain
|upkeep
|
|t:|1758376007
|switch|p1a: Dragapult|Dragapult, F|100/100
|turn|8
|
|t:|1758376011
|switch|p2a: Heatran|Heatran, F, shiny|82/100
|move|p1a: Dragapult|U-turn|p2a: Heatran
|-resisted|p2a: Heatran
|-damage|p2a: Heatran|78/100
|
|t:|1758376016
|switch|p1a: Great Tusk|Great Tusk|100/100|[from] U-turn
|
|-heal|p2a: Heatran|84/100|[from] Grassy Terrain
|-fieldend|move: Grassy Terrain
|upkeep
|turn|9
|
|t:|1758376020
|switch|p2a: Mega Donphan|Great Tusk|100/100
|move|p1a: Great Tusk|Stealth Rock|p2a: Mega Donphan
|-sidestart|p2: Obito 2001|move: Stealth Rock
|
|upkeep
|turn|10
|
|t:|1758376024
|-end|p1a: Great Tusk|Protosynthesis|[silent]
|switch|p1a: Moltres|Moltres|74/100
|move|p2a: Mega Donphan|Stealth Rock|p1a: Moltres
|-sidestart|p1: lerendezvous|move: Stealth Rock
|
|upkeep
|turn|11
|
|t:|1758376027
|-end|p2a: Mega Donphan|Protosynthesis|[silent]
|switch|p2a: Heatran|Heatran, F, shiny|84/100
|-damage|p2a: Heatran|72/100|[from] Stealth Rock
|move|p1a: Moltres|Flamethrower|p2a: Heatran
|-start|p2a: Heatran|ability: Flash Fire
|
|upkeep
|turn|12
|
|t:|1758376031
|move|p1a: Moltres|Roost|p1a: Moltres
|-heal|p1a: Moltres|100/100
|-singleturn|p1a: Moltres|move: Roost
|move|p2a: Heatran|Magma Storm|p1a: Moltres|[miss]
|-miss|p2a: Heatran|p1a: Moltres
|
|upkeep
|turn|13
|
|t:|1758376035
|move|p2a: Heatran|Magma Storm|p1a: Moltres
|-resisted|p1a: Moltres
|-damage|p1a: Moltres|68/100
|-activate|p1a: Moltres|move: Magma Storm|[of] p2a: Heatran
|move|p1a: Moltres|Roar|p2a: Heatran
|-end|p2a: Heatran|ability: Flash Fire|[silent]
|drag|p2a: Rillaboom|Rillaboom, F|31/100
|-damage|p2a: Rillaboom|19/100|[from] Stealth Rock
|-fieldstart|move: Grassy Terrain|[from] ability: Grassy Surge|[of] p2a: Rillaboom
|
|-heal|p2a: Rillaboom|25/100|[from] Grassy Terrain
|-end|p1a: Moltres|Magma Storm|[partiallytrapped]|[silent]
|upkeep
|turn|14
|
|t:|1758376049
|switch|p2a: Heatran|Heatran, F, shiny|72/100
|-damage|p2a: Heatran|60/100|[from] Stealth Rock
|move|p1a: Moltres|Roost|p1a: Moltres
|-heal|p1a: Moltres|100/100
|-singleturn|p1a: Moltres|move: Roost
|
|-heal|p2a: Heatran|66/100|[from] Grassy Terrain
|upkeep
|turn|15
|
|t:|1758376053
|move|p2a: Heatran|Taunt|p1a: Moltres
|-start|p1a: Moltres|move: Taunt
|cant|p1a: Moltres|move: Taunt|Roar
|
|-heal|p2a: Heatran|72/100|[from] Grassy Terrain
|upkeep
|turn|16
|
|t:|1758376057
|move|p1a: Moltres|U-turn|p2a: Heatran
|-resisted|p2a: Heatran
|-damage|p2a: Heatran|69/100
|
|t:|1758376062
|switch|p1a: Great Tusk|Great Tusk|100/100|[from] U-turn
|-damage|p1a: Great Tusk|98/100|[from] Stealth Rock
|move|p2a: Heatran|Magma Storm|p1a: Great Tusk
|-damage|p1a: Great Tusk|38/100
|-activate|p1a: Great Tusk|move: Magma Storm|[of] p2a: Heatran
|
|-heal|p1a: Great Tusk|44/100|[from] Grassy Terrain
|-heal|p2a: Heatran|75/100|[from] Grassy Terrain
|-damage|p1a: Great Tusk|31/100|[from] move: Magma Storm|[partiallytrapped]
|upkeep
|turn|17
|
|t:|1758376066
|move|p2a: Heatran|Protect|p2a: Heatran
|-singleturn|p2a: Heatran|Protect
|move|p1a: Great Tusk|Headlong Rush|p2a: Heatran
|-activate|p2a: Heatran|move: Protect
|
|-heal|p1a: Great Tusk|38/100|[from] Grassy Terrain
|-heal|p2a: Heatran|82/100|[from] Grassy Terrain
|-damage|p1a: Great Tusk|25/100|[from] move: Magma Storm|[partiallytrapped]
|-fieldend|move: Grassy Terrain
|upkeep
|turn|18
|
|t:|1758376074
|-terastallize|p2a: Heatran|Bug
|move|p1a: Great Tusk|Headlong Rush|p2a: Heatran
|-resisted|p2a: Heatran
|-damage|p2a: Heatran|53/100
|-unboost|p1a: Great Tusk|def|1
|-unboost|p1a: Great Tusk|spd|1
|move|p2a: Heatran|Earth Power|p1a: Great Tusk
|-damage|p1a: Great Tusk|0 fnt
|faint|p1a: Great Tusk
|-end|p1a: Great Tusk|Protosynthesis|[silent]
|
|upkeep
|
|t:|1758376080
|switch|p1a: Slowking|Slowking-Galar, F|100/100
|-damage|p1a: Slowking|88/100|[from] Stealth Rock
|turn|19
|
|t:|1758376085
|move|p2a: Heatran|Protect|p2a: Heatran
|-singleturn|p2a: Heatran|Protect
|move|p1a: Slowking|Sludge Bomb|p2a: Heatran
|-activate|p2a: Heatran|move: Protect
|
|upkeep
|turn|20
|
|t:|1758376089
|switch|p2a: Mega Donphan|Great Tusk|100/100
|move|p1a: Slowking|Sludge Bomb|p2a: Mega Donphan
|-resisted|p2a: Mega Donphan
|-damage|p2a: Mega Donphan|70/100
|-status|p2a: Mega Donphan|psn
|
|-damage|p2a: Mega Donphan|58/100 psn|[from] psn
|upkeep
|turn|21
|
|t:|1758376095
|switch|p1a: Moltres|Moltres|100/100
|-damage|p1a: Moltres|51/100|[from] Stealth Rock
|move|p2a: Mega Donphan|Rapid Spin|p1a: Moltres
|-damage|p1a: Moltres|39/100
|-boost|p2a: Mega Donphan|spe|1
|-sideend|p2: Obito 2001|Stealth Rock|[from] move: Rapid Spin|[of] p2a: Mega Donphan
|
|-damage|p2a: Mega Donphan|45/100 psn|[from] psn
|upkeep
|turn|22
|
|t:|1758376100
|-end|p2a: Mega Donphan|Protosynthesis|[silent]
|switch|p2a: Heatran|Heatran, F, shiny, tera:Bug|53/100
|move|p1a: Moltres|Roost|p1a: Moltres
|-heal|p1a: Moltres|89/100
|-singleturn|p1a: Moltres|move: Roost
|
|upkeep
|turn|23
|
|t:|1758376108
|move|p1a: Moltres|U-turn|p2a: Heatran
|-damage|p2a: Heatran|40/100
|
|t:|1758376112
|switch|p1a: Slowking|Slowking-Galar, F|100/100|[from] U-turn
|-damage|p1a: Slowking|88/100|[from] Stealth Rock
|move|p2a: Heatran|Magma Storm|p1a: Slowking
|-damage|p1a: Slowking|66/100
|-activate|p1a: Slowking|move: Magma Storm|[of] p2a: Heatran
|
|-damage|p1a: Slowking|54/100|[from] move: Magma Storm|[partiallytrapped]
|upkeep
|turn|24
|
|t:|1758376117
|move|p2a: Heatran|Protect|p2a: Heatran
|-singleturn|p2a: Heatran|Protect
|move|p1a: Slowking|Sludge Bomb|p2a: Heatran
|-activate|p2a: Heatran|move: Protect
|
|-damage|p1a: Slowking|41/100|[from] move: Magma Storm|[partiallytrapped]
|upkeep
|turn|25
|
|t:|1758376121
|move|p2a: Heatran|Earth Power|p1a: Slowking
|-supereffective|p1a: Slowking
|-damage|p1a: Slowking|16/100
|move|p1a: Slowking|Sludge Bomb|p2a: Heatran
|-damage|p2a: Heatran|13/100
|
|-damage|p1a: Slowking|3/100|[from] move: Magma Storm|[partiallytrapped]
|upkeep
|turn|26
|
|t:|1758376126
|move|p2a: Heatran|Earth Power|p1a: Slowking
|-supereffective|p1a: Slowking
|-crit|p1a: Slowking
|-damage|p1a: Slowking|0 fnt
|faint|p1a: Slowking
|
|upkeep
|
|t:|1758376130
|switch|p1a: Dragapult|Dragapult, F|100/100
|turn|27
|
|t:|1758376134
|move|p2a: Heatran|Protect|p2a: Heatran
|-singleturn|p2a: Heatran|Protect
|move|p1a: Dragapult|Hex|p2a: Heatran
|-activate|p2a: Heatran|move: Protect
|
|upkeep
|turn|28
|
|t:|1758376147
|move|p1a: Dragapult|Hex|p2a: Heatran
|-damage|p2a: Heatran|0 fnt
|faint|p2a: Heatran
|
|upkeep
|
|t:|1758376154
|switch|p2a: Pecharunt|Pecharunt|100/100
|turn|29
|
|t:|1758376158
|move|p1a: Dragapult|Hex|p2a: Pecharunt
|-supereffective|p2a: Pecharunt
|-damage|p2a: Pecharunt|50/100
|move|p2a: Pecharunt|Shadow Ball|p1a: Dragapult
|-supereffective|p1a: Dragapult
|-damage|p1a: Dragapult|30/100
|
|upkeep
|turn|30
|
|t:|1758376164
|move|p1a: Dragapult|Hex|p2a: Pecharunt
|-supereffective|p2a: Pecharunt
|-damage|p2a: Pecharunt|1/100
|move|p2a: Pecharunt|Shadow Ball|p1a: Dragapult
|-supereffective|p1a: Dragapult
|-damage|p1a: Dragapult|0 fnt
|faint|p1a: Dragapult
|
|upkeep
|
|t:|1758376169
|switch|p1a: Kingambit|Kingambit, M|100/100
|-damage|p1a: Kingambit|94/100|[from] Stealth Rock
|-activate|p1a: Kingambit|ability: Supreme Overlord
|-start|p1a: Kingambit|fallen4|[silent]
|turn|31
|
|t:|1758376172
|move|p2a: Pecharunt|Parting Shot|p1a: Kingambit
|-unboost|p1a: Kingambit|atk|1
|-unboost|p1a: Kingambit|spa|1
|
|t:|1758376174
|switch|p2a: Mega Donphan|Great Tusk|45/100 psn|[from] Parting Shot
|move|p1a: Kingambit|Swords Dance|p1a: Kingambit
|-boost|p1a: Kingambit|atk|2
|
|-heal|p1a: Kingambit|100/100|[from] item: Leftovers
|-damage|p2a: Mega Donphan|33/100 psn|[from] psn
|upkeep
|turn|32
|
|t:|1758376178
|-terastallize|p1a: Kingambit|Ghost
|move|p2a: Mega Donphan|Headlong Rush|p1a: Kingambit
|-damage|p1a: Kingambit|50/100
|-unboost|p2a: Mega Donphan|def|1
|-unboost|p2a: Mega Donphan|spd|1
|move|p1a: Kingambit|Swords Dance|p1a: Kingambit
|-boost|p1a: Kingambit|atk|2
|
|-heal|p1a: Kingambit|56/100|[from] item: Leftovers
|-damage|p2a: Mega Donphan|20/100 psn|[from] psn
|upkeep
|turn|33
|
|t:|1758376183
|move|p1a: Kingambit|Sucker Punch|p2a: Mega Donphan
|-resisted|p2a: Mega Donphan
|-damage|p2a: Mega Donphan|0 fnt
|faint|p2a: Mega Donphan
|-end|p2a: Mega Donphan|Protosynthesis|[silent]
|
|-heal|p1a: Kingambit|62/100|[from] item: Leftovers
|upkeep
|
|t:|1758376195
|switch|p2a: Rillaboom|Rillaboom, F|25/100
|-fieldstart|move: Grassy Terrain|[from] ability: Grassy Surge|[of] p2a: Rillaboom
|turn|34
|
|t:|1758376199
|move|p2a: Rillaboom|Grassy Glide|p1a: Kingambit
|-damage|p1a: Kingambit|30/100
|move|p1a: Kingambit|Iron Head|p2a: Rillaboom
|-damage|p2a: Rillaboom|0 fnt
|faint|p2a: Rillaboom
|
|-heal|p1a: Kingambit|36/100|[from] Grassy Terrain
|-heal|p1a: Kingambit|43/100|[from] item: Leftovers
|upkeep
|
|t:|1758376203
|switch|p2a: Ban me|Ogerpon-Wellspring, F|74/100
|turn|35
|
|t:|1758376207
|move|p2a: Ban me|Grassy Glide|p1a: Kingambit
|-damage|p1a: Kingambit|11/100
|move|p1a: Kingambit|Sucker Punch||[still]
|-fail|p1a: Kingambit
|
|-heal|p2a: Ban me|80/100|[from] Grassy Terrain
|-heal|p1a: Kingambit|17/100|[from] Grassy Terrain
|-heal|p1a: Kingambit|23/100|[from] item: Leftovers
|upkeep
|turn|36
|
|t:|1758376211
|-end|p1a: Kingambit|fallen4|[silent]
|switch|p1a: Moltres|Moltres|89/100
|-damage|p1a: Moltres|39/100|[from] Stealth Rock
|move|p2a: Ban me|Grassy Glide|p1a: Moltres
|-resisted|p1a: Moltres
|-damage|p1a: Moltres|33/100
|
|-heal|p2a: Ban me|86/100|[from] Grassy Terrain
|upkeep
|turn|37
|
|t:|1758376215
|move|p2a: Ban me|Ivy Cudgel|p1a: Moltres|[anim] Ivy Cudgel Water
|-supereffective|p1a: Moltres
|-damage|p1a: Moltres|0 fnt
|faint|p1a: Moltres
|
|-heal|p2a: Ban me|92/100|[from] Grassy Terrain
|upkeep
|
|t:|1758376218
|switch|p1a: Kingambit|Kingambit, M, tera:Ghost|23/100
|-damage|p1a: Kingambit|11/100|[from] Stealth Rock
|-activate|p1a: Kingambit|ability: Supreme Overlord
|-start|p1a: Kingambit|fallen5|[silent]
|turn|38
|
|t:|1758376221
|move|p2a: Ban me|Grassy Glide|p1a: Kingambit
|-damage|p1a: Kingambit|0 fnt
|faint|p1a: Kingambit
|-end|p1a: Kingambit|fallen5|[silent]
|
|win|Obito 2001
|raw|lerendezvous's rating: 1783 &rarr; <strong>1761</strong><br />(-22 for losing)
|raw|Obito 2001's rating: 1748 &rarr; <strong>1770</strong><br />(+22 for winning)
|l|☆lerendezvous
|player|p1|
|l|☆Obito 2001
|player|p2|
