|j|☆arhg955
|j|☆wefgrjcnc
|t:|1758344327
|gametype|singles
|player|p1|arhg955|cheren-gen5bw2|1191
|player|p2|wefgrjcnc|lucian|1181
|gen|9
|tier|[Gen 9] OU
|rated|
|rule|HP Percentage Mod: HP is shown in percentages
|rule|Endless Battle Clause: Forcing endless battles is banned
|rule|Species Clause: Limit one of each Pokémon
|rule|OHKO Clause: OHKO moves are banned
|rule|Evasion Items Clause: Evasion items are banned
|rule|Evasion Moves Clause: Evasion moves are banned
|rule|Evasion Abilities Clause: Evasion abilities are banned
|rule|Sleep Moves Clause: Sleep-inducing moves are banned
|clearpoke
|poke|p1|Dragapult, F|
|poke|p1|Iron Moth|
|poke|p1|Meowscarada, F|
|poke|p1|Great Tusk|
|poke|p1|Walking Wake|
|poke|p1|Kingambit, M|
|poke|p2|Talonflame, F|
|poke|p2|Garganacl, F|
|poke|p2|Toxapex, F|
|poke|p2|Clodsire, F|
|poke|p2|Gholdengo|
|poke|p2|Umbreon, M|
|teampreview
|inactive|Battle timer is ON: inactive players will automatically lose when time's up. (requested by arhg955)
|
|t:|1758344341
|teamsize|p1|6
|teamsize|p2|6
|start
|switch|p1a: Iron Moth|Iron Moth|100/100
|switch|p2a: Talonflame|Talonflame, F|100/100
|-enditem|p1a: Iron Moth|Booster Energy
|-activate|p1a: Iron Moth|ability: Quark Drive|[fromitem]
|-start|p1a: Iron Moth|quarkdrivespa
|turn|1
|
|t:|1758344358
|switch|p2a: Clodsire|Clodsire, F|100/100
|move|p1a: Iron Moth|Fiery Dance|p2a: Clodsire
|-damage|p2a: Clodsire|72/100
|
|-heal|p2a: Clodsire|78/100|[from] item: Leftovers
|upkeep
|turn|2
|
|t:|1758344370
|move|p1a: Iron Moth|Fiery Dance|p2a: Clodsire
|-damage|p2a: Clodsire|45/100
|move|p2a: Clodsire|Poison Jab|p1a: Iron Moth
|-resisted|p1a: Iron Moth
|-damage|p1a: Iron Moth|81/100
|
|-heal|p2a: Clodsire|51/100|[from] item: Leftovers
|upkeep
|turn|3
|
|t:|1758344379
|move|p1a: Iron Moth|Energy Ball|p2a: Clodsire
|-damage|p2a: Clodsire|30/100
|move|p2a: Clodsire|Recover|p2a: Clodsire
|-heal|p2a: Clodsire|80/100
|
|-heal|p2a: Clodsire|86/100|[from] item: Leftovers
|upkeep
|turn|4
|
|t:|1758344388
|move|p1a: Iron Moth|U-turn|p2a: Clodsire
|-resisted|p2a: Clodsire
|-damage|p2a: Clodsire|80/100
|
|t:|1758344396
|-end|p1a: Iron Moth|Quark Drive|[silent]
|switch|p1a: Great Tusk|Great Tusk|100/100|[from] U-turn
|move|p2a: Clodsire|Poison Jab|p1a: Great Tusk
|-resisted|p1a: Great Tusk
|-damage|p1a: Great Tusk|93/100
|-status|p1a: Great Tusk|psn
|
|-heal|p1a: Great Tusk|99/100 psn|[from] item: Leftovers
|-heal|p2a: Clodsire|86/100|[from] item: Leftovers
|-damage|p1a: Great Tusk|87/100 psn|[from] psn
|upkeep
|turn|5
|
|t:|1758344411
|move|p2a: Clodsire|Protect|p2a: Clodsire
|-singleturn|p2a: Clodsire|Protect
|move|p1a: Great Tusk|Close Combat|p2a: Clodsire
|-activate|p2a: Clodsire|move: Protect
|
|-heal|p1a: Great Tusk|93/100 psn|[from] item: Leftovers
|-heal|p2a: Clodsire|92/100|[from] item: Leftovers
|-damage|p1a: Great Tusk|81/100 psn|[from] psn
|upkeep
|turn|6
|
|t:|1758344425
|switch|p2a: Talonflame|Talonflame, F|100/100
|move|p1a: Great Tusk|Knock Off|p2a: Talonflame
|-damage|p2a: Talonflame|75/100
|-enditem|p2a: Talonflame|Heavy-Duty Boots|[from] move: Knock Off|[of] p1a: Great Tusk
|
|-heal|p1a: Great Tusk|87/100 psn|[from] item: Leftovers
|-damage|p1a: Great Tusk|75/100 psn|[from] psn
|upkeep
|turn|7
|
|t:|1758344439
|move|p2a: Talonflame|Flamethrower|p1a: Great Tusk
|-damage|p1a: Great Tusk|46/100 psn
|move|p1a: Great Tusk|Close Combat|p2a: Talonflame
|-resisted|p2a: Talonflame
|-damage|p2a: Talonflame|52/100
|-unboost|p1a: Great Tusk|def|1
|-unboost|p1a: Great Tusk|spd|1
|
|-heal|p1a: Great Tusk|52/100 psn|[from] item: Leftovers
|-damage|p1a: Great Tusk|39/100 psn|[from] psn
|upkeep
|turn|8
|
|t:|1758344452
|-end|p1a: Great Tusk|Protosynthesis|[silent]
|switch|p1a: Dragapult|Dragapult, F|100/100
|move|p2a: Talonflame|Roost|p2a: Talonflame
|-heal|p2a: Talonflame|100/100
|-singleturn|p2a: Talonflame|move: Roost
|
|upkeep
|turn|9
|
|t:|1758344462
|switch|p2a: Umbreon|Umbreon, M|100/100
|-terastallize|p1a: Dragapult|Ghost
|move|p1a: Dragapult|Shadow Ball|p2a: Umbreon
|-resisted|p2a: Umbreon
|-damage|p2a: Umbreon|83/100
|
|-heal|p2a: Umbreon|90/100|[from] item: Leftovers
|upkeep
|turn|10
|
|t:|1758344475
|switch|p1a: Iron Moth|Iron Moth|81/100
|move|p2a: Umbreon|Toxic|p1a: Iron Moth
|-immune|p1a: Iron Moth
|
|-heal|p2a: Umbreon|96/100|[from] item: Leftovers
|upkeep
|turn|11
|
|t:|1758344484
|move|p1a: Iron Moth|Energy Ball|p2a: Umbreon
|-damage|p2a: Umbreon|78/100
|move|p2a: Umbreon|Wish|p2a: Umbreon
|
|-heal|p2a: Umbreon|84/100|[from] item: Leftovers
|upkeep
|turn|12
|
|t:|1758344493
|switch|p2a: Garganacl|Garganacl, F|100/100
|move|p1a: Iron Moth|Fiery Dance|p2a: Garganacl
|-resisted|p2a: Garganacl
|-damage|p2a: Garganacl|85/100
|-boost|p1a: Iron Moth|spa|1
|
|-heal|p2a: Garganacl|100/100|[from] move: Wish|[wisher] Umbreon
|upkeep
|turn|13
|
|t:|1758344504
|move|p1a: Iron Moth|Energy Ball|p2a: Garganacl
|-supereffective|p2a: Garganacl
|-damage|p2a: Garganacl|36/100
|-unboost|p2a: Garganacl|spd|1
|move|p2a: Garganacl|Salt Cure|p1a: Iron Moth
|-supereffective|p1a: Iron Moth
|-crit|p1a: Iron Moth
|-damage|p1a: Iron Moth|14/100
|-start|p1a: Iron Moth|Salt Cure
|
|-heal|p2a: Garganacl|42/100|[from] item: Leftovers
|-damage|p1a: Iron Moth|2/100|[from] Salt Cure
|upkeep
|turn|14
|
|t:|1758344516
|move|p2a: Garganacl|Protect|p2a: Garganacl
|-singleturn|p2a: Garganacl|Protect
|move|p1a: Iron Moth|Energy Ball|p2a: Garganacl
|-activate|p2a: Garganacl|move: Protect
|
|-heal|p2a: Garganacl|48/100|[from] item: Leftovers
|-damage|p1a: Iron Moth|0 fnt|[from] Salt Cure
|faint|p1a: Iron Moth
|-end|p1a: Iron Moth|Quark Drive|[silent]
|upkeep
|
|t:|1758344527
|switch|p1a: Meowscarada|Meowscarada, F|100/100
|turn|15
|
|t:|1758344531
|switch|p2a: Talonflame|Talonflame, F|100/100
|move|p1a: Meowscarada|Flower Trick|p2a: Talonflame
|-start|p1a: Meowscarada|typechange|Grass|[from] ability: Protean
|-resisted|p2a: Talonflame
|-crit|p2a: Talonflame
|-damage|p2a: Talonflame|84/100
|
|upkeep
|turn|16
|
|t:|1758344542
|switch|p1a: Walking Wake|Walking Wake|100/100
|-enditem|p1a: Walking Wake|Booster Energy
|-activate|p1a: Walking Wake|ability: Protosynthesis|[fromitem]
|-start|p1a: Walking Wake|protosynthesisspa
|move|p2a: Talonflame|Will-O-Wisp|p1a: Walking Wake
|-status|p1a: Walking Wake|brn
|
|-damage|p1a: Walking Wake|94/100 brn|[from] brn
|upkeep
|turn|17
|
|t:|1758344554
|switch|p2a: Clodsire|Clodsire, F|92/100
|move|p1a: Walking Wake|Hydro Steam|p2a: Clodsire
|-heal|p2a: Clodsire|100/100|[from] ability: Water Absorb|[of] p1a: Walking Wake
|
|-damage|p1a: Walking Wake|88/100 brn|[from] brn
|upkeep
|turn|18
|
|t:|1758344565
|move|p1a: Walking Wake|Flip Turn|p2a: Clodsire
|-immune|p2a: Clodsire|[from] ability: Water Absorb
|move|p2a: Clodsire|Poison Jab|p1a: Walking Wake
|-crit|p1a: Walking Wake
|-damage|p1a: Walking Wake|49/100 brn
|
|-damage|p1a: Walking Wake|43/100 brn|[from] brn
|upkeep
|turn|19
|
|t:|1758344575
|-end|p1a: Walking Wake|Protosynthesis|[silent]
|switch|p1a: Dragapult|Dragapult, F, tera:Ghost|100/100
|move|p2a: Clodsire|Poison Jab|p1a: Dragapult
|-resisted|p1a: Dragapult
|-damage|p1a: Dragapult|85/100
|
|upkeep
|turn|20
|
|t:|1758344584
|move|p1a: Dragapult|Flamethrower|p2a: Clodsire
|-damage|p2a: Clodsire|79/100
|-status|p2a: Clodsire|brn
|move|p2a: Clodsire|Poison Jab|p1a: Dragapult
|-resisted|p1a: Dragapult
|-damage|p1a: Dragapult|77/100
|
|-heal|p2a: Clodsire|85/100 brn|[from] item: Leftovers
|-damage|p2a: Clodsire|79/100 brn|[from] brn
|upkeep
|turn|21
|
|t:|1758344596
|move|p1a: Dragapult|Flamethrower|p2a: Clodsire
|-damage|p2a: Clodsire|60/100 brn
|move|p2a: Clodsire|Poison Jab|p1a: Dragapult
|-resisted|p1a: Dragapult
|-damage|p1a: Dragapult|70/100
|-status|p1a: Dragapult|psn
|
|-heal|p2a: Clodsire|66/100 brn|[from] item: Leftovers
|-damage|p1a: Dragapult|58/100 psn|[from] psn
|-damage|p2a: Clodsire|60/100 brn|[from] brn
|upkeep
|turn|22
|
|t:|1758344609
|switch|p1a: Meowscarada|Meowscarada, F|100/100
|move|p2a: Clodsire|Poison Jab|p1a: Meowscarada
|-supereffective|p1a: Meowscarada
|-damage|p1a: Meowscarada|65/100
|
|-heal|p2a: Clodsire|66/100 brn|[from] item: Leftovers
|-damage|p2a: Clodsire|60/100 brn|[from] brn
|upkeep
|turn|23
|
|t:|1758344620
|switch|p2a: Talonflame|Talonflame, F|84/100
|move|p1a: Meowscarada|Knock Off|p2a: Talonflame
|-start|p1a: Meowscarada|typechange|Dark|[from] ability: Protean
|-damage|p2a: Talonflame|42/100
|
|upkeep
|turn|24
|
|t:|1758344632
|move|p1a: Meowscarada|Knock Off|p2a: Talonflame
|-damage|p2a: Talonflame|0 fnt
|-status|p1a: Meowscarada|brn|[from] ability: Flame Body|[of] p2a: Talonflame
|faint|p2a: Talonflame
|
|-damage|p1a: Meowscarada|59/100 brn|[from] brn
|upkeep
|
|t:|1758344648
|switch|p2a: Umbreon|Umbreon, M|84/100
|turn|25
|
|t:|1758344651
|move|p1a: Meowscarada|Knock Off|p2a: Umbreon
|-resisted|p2a: Umbreon
|-damage|p2a: Umbreon|71/100
|-enditem|p2a: Umbreon|Leftovers|[from] move: Knock Off|[of] p1a: Meowscarada
|move|p2a: Umbreon|Wish|p2a: Umbreon
|
|-damage|p1a: Meowscarada|52/100 brn|[from] brn
|upkeep
|turn|26
|
|t:|1758344661
|switch|p1a: Walking Wake|Walking Wake|43/100 brn
|move|p2a: Umbreon|Foul Play|p1a: Walking Wake
|-damage|p1a: Walking Wake|15/100 brn
|
|-heal|p2a: Umbreon|100/100|[from] move: Wish|[wisher] Umbreon
|-damage|p1a: Walking Wake|8/100 brn|[from] brn
|upkeep
|turn|27
|
|t:|1758344672
|move|p1a: Walking Wake|Draco Meteor|p2a: Umbreon
|-damage|p2a: Umbreon|69/100
|-unboost|p1a: Walking Wake|spa|2
|move|p2a: Umbreon|Wish|p2a: Umbreon
|
|-damage|p1a: Walking Wake|2/100 brn|[from] brn
|upkeep
|turn|28
|
|t:|1758344691
|switch|p2a: Garganacl|Garganacl, F|48/100
|move|p1a: Walking Wake|Hydro Steam|p2a: Garganacl
|-supereffective|p2a: Garganacl
|-damage|p2a: Garganacl|17/100
|
|-heal|p2a: Garganacl|66/100|[from] move: Wish|[wisher] Umbreon
|-heal|p2a: Garganacl|72/100|[from] item: Leftovers
|-damage|p1a: Walking Wake|0 fnt|[from] brn
|faint|p1a: Walking Wake
|-end|p1a: Walking Wake|Protosynthesis|[silent]
|upkeep
|
|t:|1758344704
|switch|p1a: Great Tusk|Great Tusk|39/100 psn
|turn|29
|inactive|wefgrjcnc has 120 seconds left.
|
|t:|1758344756
|-terastallize|p2a: Garganacl|Ghost
|move|p1a: Great Tusk|Close Combat|p2a: Garganacl
|-immune|p2a: Garganacl
|move|p2a: Garganacl|Salt Cure|p1a: Great Tusk
|-resisted|p1a: Great Tusk
|-damage|p1a: Great Tusk|37/100 psn
|-start|p1a: Great Tusk|Salt Cure
|
|-heal|p1a: Great Tusk|44/100 psn|[from] item: Leftovers
|-heal|p2a: Garganacl|78/100|[from] item: Leftovers
|-damage|p1a: Great Tusk|31/100 psn|[from] psn
|-damage|p1a: Great Tusk|19/100 psn|[from] Salt Cure
|upkeep
|turn|30
|
|t:|1758344777
|move|p1a: Great Tusk|Headlong Rush|p2a: Garganacl
|-damage|p2a: Garganacl|47/100
|-unboost|p1a: Great Tusk|def|1
|-unboost|p1a: Great Tusk|spd|1
|move|p2a: Garganacl|Stealth Rock|p1a: Great Tusk
|-sidestart|p1: arhg955|move: Stealth Rock
|
|-heal|p1a: Great Tusk|25/100 psn|[from] item: Leftovers
|-heal|p2a: Garganacl|53/100|[from] item: Leftovers
|-damage|p1a: Great Tusk|12/100 psn|[from] psn
|-damage|p1a: Great Tusk|0 fnt|[from] Salt Cure
|faint|p1a: Great Tusk
|-end|p1a: Great Tusk|Protosynthesis|[silent]
|upkeep
|inactive|arhg955 has 120 seconds left.
|
|t:|1758344809
|switch|p1a: Meowscarada|Meowscarada, F|52/100 brn
|-damage|p1a: Meowscarada|40/100 brn|[from] Stealth Rock
|turn|31
|
|t:|1758344819
|move|p2a: Garganacl|Protect|p2a: Garganacl
|-singleturn|p2a: Garganacl|Protect
|move|p1a: Meowscarada|Triple Axel|p2a: Garganacl
|-start|p1a: Meowscarada|typechange|Ice|[from] ability: Protean
|-activate|p2a: Garganacl|move: Protect
|
|-heal|p2a: Garganacl|59/100|[from] item: Leftovers
|-damage|p1a: Meowscarada|34/100 brn|[from] brn
|upkeep
|turn|32
|inactive|arhg955 has 120 seconds left.
|
|t:|1758344830
|switch|p2a: Toxapex|Toxapex, F|100/100
|move|p1a: Meowscarada|Triple Axel|p2a: Toxapex
|-resisted|p2a: Toxapex
|-damage|p2a: Toxapex|98/100
|-resisted|p2a: Toxapex
|-damage|p2a: Toxapex|94/100
|-resisted|p2a: Toxapex
|-damage|p2a: Toxapex|87/100
|-hitcount|p2a: Toxapex|3
|
|-damage|p1a: Meowscarada|28/100 brn|[from] brn
|upkeep
|turn|33
|inactive|arhg955 has 120 seconds left.
|inactive|wefgrjcnc has 120 seconds left.
|
|t:|1758344859
|move|p1a: Meowscarada|Triple Axel|p2a: Toxapex
|-resisted|p2a: Toxapex
|-damage|p2a: Toxapex|85/100
|-resisted|p2a: Toxapex
|-damage|p2a: Toxapex|80/100
|-resisted|p2a: Toxapex
|-damage|p2a: Toxapex|73/100
|-hitcount|p2a: Toxapex|3
|move|p2a: Toxapex|Infestation|p1a: Meowscarada
|-damage|p1a: Meowscarada|23/100 brn
|-activate|p1a: Meowscarada|move: Infestation|[of] p2a: Toxapex
|
|-damage|p1a: Meowscarada|17/100 brn|[from] brn
|-damage|p1a: Meowscarada|5/100 brn|[from] move: Infestation|[partiallytrapped]
|upkeep
|turn|34
|inactive|wefgrjcnc has 120 seconds left.
|
|t:|1758344880
|move|p1a: Meowscarada|Triple Axel|p2a: Toxapex
|-resisted|p2a: Toxapex
|-damage|p2a: Toxapex|71/100
|-resisted|p2a: Toxapex
|-damage|p2a: Toxapex|66/100
|-resisted|p2a: Toxapex
|-damage|p2a: Toxapex|60/100
|-hitcount|p2a: Toxapex|3
|move|p2a: Toxapex|Recover|p2a: Toxapex
|-heal|p2a: Toxapex|100/100
|
|-damage|p1a: Meowscarada|0 fnt|[from] brn
|faint|p1a: Meowscarada
|upkeep
|inactive|arhg955 has 90 seconds left.
|
|t:|1758344912
|switch|p1a: Dragapult|Dragapult, F, tera:Ghost|58/100 psn
|-damage|p1a: Dragapult|45/100 psn|[from] Stealth Rock
|turn|35
|inactive|wefgrjcnc has 120 seconds left.
|
|t:|1758344921
|move|p1a: Dragapult|Shadow Ball|p2a: Toxapex
|-damage|p2a: Toxapex|52/100
|move|p2a: Toxapex|Infestation|p1a: Dragapult
|-resisted|p1a: Dragapult
|-damage|p1a: Dragapult|43/100 psn
|-activate|p1a: Dragapult|move: Infestation|[of] p2a: Toxapex
|
|-damage|p1a: Dragapult|31/100 psn|[from] psn
|-damage|p1a: Dragapult|19/100 psn|[from] move: Infestation|[partiallytrapped]
|upkeep
|turn|36
|
|t:|1758344931
|move|p1a: Dragapult|Shadow Ball|p2a: Toxapex
|-damage|p2a: Toxapex|0 fnt
|faint|p2a: Toxapex
|
|-damage|p1a: Dragapult|6/100 psn|[from] psn
|-end|p1a: Dragapult|Infestation|[partiallytrapped]|[silent]
|upkeep
|
|t:|1758344942
|switch|p2a: Clodsire|Clodsire, F|60/100 brn
|turn|37
|
|t:|1758344945
|move|p1a: Dragapult|Shadow Ball|p2a: Clodsire
|-damage|p2a: Clodsire|22/100 brn
|move|p2a: Clodsire|Poison Jab|p1a: Dragapult
|-resisted|p1a: Dragapult
|-damage|p1a: Dragapult|0 fnt
|faint|p1a: Dragapult
|
|-heal|p2a: Clodsire|29/100 brn|[from] item: Leftovers
|-damage|p2a: Clodsire|22/100 brn|[from] brn
|upkeep
|inactive|arhg955 has 90 seconds left.
|
|t:|1758344956
|switch|p1a: Kingambit|Kingambit, M|100/100
|-damage|p1a: Kingambit|94/100|[from] Stealth Rock
|-activate|p1a: Kingambit|ability: Supreme Overlord
|-start|p1a: Kingambit|fallen5|[silent]
|turn|38
|
|t:|1758344962
|move|p1a: Kingambit|Kowtow Cleave|p2a: Clodsire
|-damage|p2a: Clodsire|0 fnt
|faint|p2a: Clodsire
|
|upkeep
|
|t:|1758344965
|switch|p2a: Gholdengo|Gholdengo|100/100
|turn|39
|
|t:|1758344974
|move|p2a: Gholdengo|Trick|p1a: Kingambit
|-activate|p2a: Gholdengo|move: Trick|[of] p1a: Kingambit
|-item|p1a: Kingambit|Choice Scarf|[from] move: Trick
|-item|p2a: Gholdengo|Black Glasses|[from] move: Trick
|move|p1a: Kingambit|Kowtow Cleave|p2a: Gholdengo
|-supereffective|p2a: Gholdengo
|-damage|p2a: Gholdengo|0 fnt
|faint|p2a: Gholdengo
|
|upkeep
|
|t:|1758344980
|switch|p2a: Umbreon|Umbreon, M|69/100
|turn|40
|
|t:|1758344985
|move|p1a: Kingambit|Kowtow Cleave|p2a: Umbreon
|-resisted|p2a: Umbreon
|-damage|p2a: Umbreon|39/100
|move|p2a: Umbreon|Foul Play|p1a: Kingambit
|-resisted|p1a: Kingambit
|-damage|p1a: Kingambit|76/100
|
|upkeep
|turn|41
|inactive|arhg955 has 120 seconds left.
|
|t:|1758344993
|move|p1a: Kingambit|Kowtow Cleave|p2a: Umbreon
|-resisted|p2a: Umbreon
|-damage|p2a: Umbreon|9/100
|move|p2a: Umbreon|Wish|p2a: Umbreon
|
|upkeep
|turn|42
|
|t:|1758344999
|move|p2a: Umbreon|Protect|p2a: Umbreon
|-singleturn|p2a: Umbreon|Protect
|move|p1a: Kingambit|Kowtow Cleave|p2a: Umbreon
|-activate|p2a: Umbreon|move: Protect
|
|-heal|p2a: Umbreon|59/100|[from] move: Wish|[wisher] Umbreon
|upkeep
|turn|43
|
|t:|1758345016
|move|p1a: Kingambit|Kowtow Cleave|p2a: Umbreon
|-resisted|p2a: Umbreon
|-damage|p2a: Umbreon|28/100
|move|p2a: Umbreon|Foul Play|p1a: Kingambit
|-resisted|p1a: Kingambit
|-damage|p1a: Kingambit|55/100
|
|upkeep
|turn|44
|
|t:|1758345024
|move|p1a: Kingambit|Kowtow Cleave|p2a: Umbreon
|-resisted|p2a: Umbreon
|-damage|p2a: Umbreon|0 fnt
|faint|p2a: Umbreon
|
|upkeep
|
|t:|1758345026
|switch|p2a: Garganacl|Garganacl, F, tera:Ghost|59/100
|turn|45
|
|t:|1758345033
|move|p1a: Kingambit|Kowtow Cleave|p2a: Garganacl
|-supereffective|p2a: Garganacl
|-damage|p2a: Garganacl|0 fnt
|faint|p2a: Garganacl
|
|win|arhg955
|raw|arhg955's rating: 1191 &rarr; <strong>1215</strong><br />(+24 for winning)
|raw|wefgrjcnc's rating: 1181 &rarr; <strong>1157</strong><br />(-24 for losing)
|c|☆arhg955|Omg gg
|c|☆wefgrjcnc|Gg
|c|☆wefgrjcnc|Shldve went for the focus blast
|l|☆wefgrjcnc
|player|p2|
|j|☆wefgrjcnc
|player|p2|wefgrjcnc|lucian|
|l|☆wefgrjcnc
|player|p2|
|j|☆wefgrjcnc
|player|p2|wefgrjcnc|lucian|
