|j|☆ojjohi
|j|‽XIXINANA
|t:|1758234429
|gametype|singles
|player|p1|ojjohi|lucas-gen4pt|1418
|player|p2|XIXINANA|nate|1368
|gen|9
|tier|[Gen 9] OU
|rated|
|rule|HP Percentage Mod: HP is shown in percentages
|rule|Endless Battle Clause: Forcing endless battles is banned
|rule|Species Clause: Limit one of each Pokémon
|rule|OHKO Clause: OHKO moves are banned
|rule|Evasion Items Clause: Evasion items are banned
|rule|Evasion Moves Clause: Evasion moves are banned
|rule|Evasion Abilities Clause: Evasion abilities are banned
|rule|Sleep Moves Clause: Sleep-inducing moves are banned
|clearpoke
|poke|p1|Garganacl, F|
|poke|p1|Dragapult, F|
|poke|p1|Ogerpon-Wellspring, F|
|poke|p1|Moltres|
|poke|p1|Zamazenta-*|
|poke|p1|Iron Treads|
|poke|p2|Mew|
|poke|p2|Lycanroc-Midnight, F|
|poke|p2|Sinistcha-Masterpiece|
|poke|p2|Polteageist-Antique|
|poke|p2|Typhlosion-Hisui, F|
|poke|p2|Regidrago|
|teampreview
|inactive|Battle timer is ON: inactive players will automatically lose when time's up. (requested by ojjohi)
|
|t:|1758234437
|teamsize|p1|6
|teamsize|p2|6
|start
|switch|p1a: Iron Treads|Iron Treads|100/100
|switch|p2a: Mew|Mew|100/100
|turn|1
|
|t:|1758234443
|move|p2a: Mew|U-turn|p1a: Iron Treads
|-resisted|p1a: Iron Treads
|-damage|p1a: Iron Treads|93/100
|
|t:|1758234446
|switch|p2a: Polteageist|Polteageist-Antique|100/100|[from] U-turn
|move|p1a: Iron Treads|Stealth Rock|p2a: Polteageist
|-sidestart|p2: XIXINANA|move: Stealth Rock
|
|-heal|p1a: Iron Treads|99/100|[from] item: Leftovers
|upkeep
|turn|2
|
|t:|1758234452
|move|p1a: Iron Treads|Knock Off|p2a: Polteageist
|-supereffective|p2a: Polteageist
|-damage|p2a: Polteageist|5/100
|-ability|p2a: Polteageist|Weak Armor|boost
|-unboost|p2a: Polteageist|def|1
|-boost|p2a: Polteageist|spe|2
|-enditem|p2a: Polteageist|Focus Sash|[from] move: Knock Off|[of] p1a: Iron Treads
|move|p2a: Polteageist|Shell Smash|p2a: Polteageist
|-unboost|p2a: Polteageist|def|1
|-unboost|p2a: Polteageist|spd|1
|-boost|p2a: Polteageist|atk|2
|-boost|p2a: Polteageist|spa|2
|-boost|p2a: Polteageist|spe|2
|
|-heal|p1a: Iron Treads|100/100|[from] item: Leftovers
|upkeep
|turn|3
|
|t:|1758234464
|move|p2a: Polteageist|Shadow Ball|p1a: Iron Treads
|-damage|p1a: Iron Treads|30/100
|move|p1a: Iron Treads|Earthquake|p2a: Polteageist
|-damage|p2a: Polteageist|0 fnt
|faint|p2a: Polteageist
|
|-heal|p1a: Iron Treads|36/100|[from] item: Leftovers
|upkeep
|
|t:|1758234473
|switch|p2a: Typhlosion|Typhlosion-Hisui, F|100/100
|-damage|p2a: Typhlosion|76/100|[from] Stealth Rock
|-item|p1a: Iron Treads|Leftovers|[from] ability: Frisk|[of] p2a: Typhlosion
|turn|4
|
|t:|1758234481
|-end|p1a: Iron Treads|Quark Drive|[silent]
|switch|p1a: Garganacl|Garganacl, F|100/100
|move|p2a: Typhlosion|Shadow Ball|p1a: Garganacl
|-damage|p1a: Garganacl|86/100
|
|-heal|p1a: Garganacl|93/100|[from] item: Leftovers
|upkeep
|turn|5
|
|t:|1758234488
|switch|p2a: Mew|Mew|100/100
|-damage|p2a: Mew|88/100|[from] Stealth Rock
|move|p1a: Garganacl|Salt Cure|p2a: Mew
|-damage|p2a: Mew|74/100
|-start|p2a: Mew|Salt Cure
|
|-heal|p1a: Garganacl|99/100|[from] item: Leftovers
|-damage|p2a: Mew|61/100|[from] Salt Cure
|upkeep
|turn|6
|
|t:|1758234496
|switch|p1a: Iron Treads|Iron Treads|36/100
|move|p2a: Mew|Trick|p1a: Iron Treads
|-activate|p2a: Mew|move: Trick|[of] p1a: Iron Treads
|-item|p1a: Iron Treads|Choice Scarf|[from] move: Trick
|-item|p2a: Mew|Leftovers|[from] move: Trick
|
|-heal|p2a: Mew|68/100|[from] item: Leftovers
|-damage|p2a: Mew|55/100|[from] Salt Cure
|upkeep
|turn|7
|
|t:|1758234504
|move|p1a: Iron Treads|Knock Off|p2a: Mew
|-supereffective|p2a: Mew
|-damage|p2a: Mew|6/100
|-enditem|p2a: Mew|Leftovers|[from] move: Knock Off|[of] p1a: Iron Treads
|move|p2a: Mew|Bullet Seed|p1a: Iron Treads
|-crit|p1a: Iron Treads
|-damage|p1a: Iron Treads|27/100
|-damage|p1a: Iron Treads|21/100
|-damage|p1a: Iron Treads|15/100
|-hitcount|p1a: Iron Treads|3
|
|-damage|p2a: Mew|0 fnt|[from] Salt Cure
|faint|p2a: Mew
|upkeep
|
|t:|1758234517
|switch|p2a: Sinistcha|Sinistcha-Masterpiece|100/100
|-damage|p2a: Sinistcha|88/100|[from] Stealth Rock
|turn|8
|
|t:|1758234520
|-terastallize|p2a: Sinistcha|Grass
|move|p1a: Iron Treads|Knock Off|p2a: Sinistcha
|-damage|p2a: Sinistcha|64/100
|-enditem|p2a: Sinistcha|Leftovers|[from] move: Knock Off|[of] p1a: Iron Treads
|move|p2a: Sinistcha|Calm Mind|p2a: Sinistcha
|-boost|p2a: Sinistcha|spa|1
|-boost|p2a: Sinistcha|spd|1
|
|upkeep
|turn|9
|
|t:|1758234528
|-end|p1a: Iron Treads|Quark Drive|[silent]
|switch|p1a: Moltres|Moltres|100/100
|move|p2a: Sinistcha|Calm Mind|p2a: Sinistcha
|-boost|p2a: Sinistcha|spa|1
|-boost|p2a: Sinistcha|spd|1
|
|upkeep
|turn|10
|
|t:|1758234533
|move|p2a: Sinistcha|Shadow Ball|p1a: Moltres
|-damage|p1a: Moltres|28/100
|-unboost|p1a: Moltres|spd|1
|move|p1a: Moltres|Roar|p2a: Sinistcha
|drag|p2a: Typhlosion|Typhlosion-Hisui, F|76/100
|-damage|p2a: Typhlosion|51/100|[from] Stealth Rock
|-item|p1a: Moltres|Heavy-Duty Boots|[from] ability: Frisk|[of] p2a: Typhlosion
|
|upkeep
|turn|11
|
|t:|1758234541
|switch|p1a: Iron Treads|Iron Treads|15/100
|move|p2a: Typhlosion|Focus Blast|p1a: Iron Treads
|-supereffective|p1a: Iron Treads
|-damage|p1a: Iron Treads|0 fnt
|faint|p1a: Iron Treads
|-end|p1a: Iron Treads|Quark Drive|[silent]
|
|upkeep
|
|t:|1758234547
|switch|p1a: Ogerpon|Ogerpon-Wellspring, F|100/100
|turn|12
|
|t:|1758234550
|move|p2a: Typhlosion|Focus Blast|p1a: Ogerpon|[miss]
|-miss|p2a: Typhlosion|p1a: Ogerpon
|move|p1a: Ogerpon|Ivy Cudgel|p2a: Typhlosion|[anim] Ivy Cudgel Water
|-supereffective|p2a: Typhlosion
|-damage|p2a: Typhlosion|0 fnt
|faint|p2a: Typhlosion
|
|upkeep
|
|t:|1758234554
|switch|p2a: Sinistcha|Sinistcha-Masterpiece, tera:Grass|64/100
|-damage|p2a: Sinistcha|51/100|[from] Stealth Rock
|turn|13
|
|t:|1758234564
|switch|p1a: Dragapult|Dragapult, F|100/100
|move|p2a: Sinistcha|Strength Sap|p1a: Dragapult
|-fail|p1a: Dragapult|unboost|[from] ability: Clear Body|[of] p1a: Dragapult
|-heal|p2a: Sinistcha|100/100
|
|upkeep
|turn|14
|
|t:|1758234572
|move|p1a: Dragapult|U-turn|p2a: Sinistcha
|-supereffective|p2a: Sinistcha
|-damage|p2a: Sinistcha|68/100
|
|t:|1758234574
|switch|p1a: Moltres|Moltres|28/100|[from] U-turn
|move|p2a: Sinistcha|Shadow Ball|p1a: Moltres
|-damage|p1a: Moltres|0 fnt
|faint|p1a: Moltres
|
|upkeep
|
|t:|1758234582
|switch|p1a: Garganacl|Garganacl, F|99/100
|turn|15
|
|t:|1758234586
|move|p2a: Sinistcha|Matcha Gotcha|p1a: Garganacl
|-supereffective|p1a: Garganacl
|-damage|p1a: Garganacl|18/100
|-heal|p2a: Sinistcha|100/100|[from] drain|[of] p1a: Garganacl
|move|p1a: Garganacl|Salt Cure|p2a: Sinistcha
|-damage|p2a: Sinistcha|87/100
|-start|p2a: Sinistcha|Salt Cure
|
|-heal|p1a: Garganacl|25/100|[from] item: Leftovers
|-damage|p2a: Sinistcha|75/100|[from] Salt Cure
|upkeep
|turn|16
|
|t:|1758234597
|switch|p1a: Dragapult|Dragapult, F|100/100
|move|p2a: Sinistcha|Matcha Gotcha|p1a: Dragapult
|-resisted|p1a: Dragapult
|-damage|p1a: Dragapult|58/100
|-heal|p2a: Sinistcha|94/100|[from] drain|[of] p1a: Dragapult
|
|-damage|p2a: Sinistcha|82/100|[from] Salt Cure
|upkeep
|turn|17
|
|t:|1758234604
|switch|p2a: Lycanroc|Lycanroc-Midnight, F|100/100
|-damage|p2a: Lycanroc|88/100|[from] Stealth Rock
|-terastallize|p1a: Dragapult|Dragon
|move|p1a: Dragapult|Draco Meteor|p2a: Lycanroc
|-damage|p2a: Lycanroc|0 fnt
|-unboost|p1a: Dragapult|spa|2
|faint|p2a: Lycanroc
|
|upkeep
|
|t:|1758234614
|switch|p2a: Sinistcha|Sinistcha-Masterpiece, tera:Grass|82/100
|-damage|p2a: Sinistcha|69/100|[from] Stealth Rock
|turn|18
|
|t:|1758234619
|switch|p1a: Garganacl|Garganacl, F|25/100
|move|p2a: Sinistcha|Calm Mind|p2a: Sinistcha
|-boost|p2a: Sinistcha|spa|1
|-boost|p2a: Sinistcha|spd|1
|
|-heal|p1a: Garganacl|31/100|[from] item: Leftovers
|upkeep
|turn|19
|
|t:|1758234622
|move|p2a: Sinistcha|Matcha Gotcha|p1a: Garganacl
|-supereffective|p1a: Garganacl
|-damage|p1a: Garganacl|0 fnt
|-heal|p2a: Sinistcha|87/100|[from] drain|[of] p1a: Garganacl
|faint|p1a: Garganacl
|
|upkeep
|
|t:|1758234626
|switch|p1a: Zamazenta|Zamazenta|100/100
|-ability|p1a: Zamazenta|Dauntless Shield|boost
|-boost|p1a: Zamazenta|def|1
|turn|20
|
|t:|1758234630
|move|p1a: Zamazenta|Ice Fang|p2a: Sinistcha
|-supereffective|p2a: Sinistcha
|-damage|p2a: Sinistcha|39/100
|move|p2a: Sinistcha|Strength Sap|p1a: Zamazenta
|-unboost|p1a: Zamazenta|atk|1
|-heal|p2a: Sinistcha|100/100
|
|upkeep
|turn|21
|
|t:|1758234634
|move|p1a: Zamazenta|Ice Fang|p2a: Sinistcha
|-supereffective|p2a: Sinistcha
|-damage|p2a: Sinistcha|71/100
|move|p2a: Sinistcha|Calm Mind|p2a: Sinistcha
|-boost|p2a: Sinistcha|spa|1
|-boost|p2a: Sinistcha|spd|1
|
|upkeep
|turn|22
|
|t:|1758234639
|switch|p1a: Dragapult|Dragapult, F, tera:Dragon|58/100
|move|p2a: Sinistcha|Strength Sap|p1a: Dragapult
|-fail|p1a: Dragapult|unboost|[from] ability: Clear Body|[of] p1a: Dragapult
|-heal|p2a: Sinistcha|100/100
|
|upkeep
|turn|23
|
|t:|1758234644
|move|p1a: Dragapult|Will-O-Wisp|p2a: Sinistcha
|-status|p2a: Sinistcha|brn
|move|p2a: Sinistcha|Shadow Ball|p1a: Dragapult
|-damage|p1a: Dragapult|0 fnt
|faint|p1a: Dragapult
|
|-damage|p2a: Sinistcha|98/100 brn|[from] brn
|upkeep
|
|t:|1758234648
|switch|p1a: Zamazenta|Zamazenta|100/100
|turn|24
|
|t:|1758234650
|move|p1a: Zamazenta|Ice Fang|p2a: Sinistcha
|-supereffective|p2a: Sinistcha
|-damage|p2a: Sinistcha|48/100 brn
|move|p2a: Sinistcha|Strength Sap|p1a: Zamazenta
|-unboost|p1a: Zamazenta|atk|1
|-heal|p2a: Sinistcha|100/100 brn
|
|-damage|p2a: Sinistcha|98/100 brn|[from] brn
|upkeep
|turn|25
|
|t:|1758234655
|switch|p1a: Ogerpon|Ogerpon-Wellspring, F|100/100
|move|p2a: Sinistcha|Matcha Gotcha|p1a: Ogerpon
|-damage|p1a: Ogerpon|0 fnt
|-heal|p2a: Sinistcha|100/100 brn|[from] drain|[of] p1a: Ogerpon
|faint|p1a: Ogerpon
|
|-damage|p2a: Sinistcha|98/100 brn|[from] brn
|upkeep
|
|t:|1758234658
|switch|p1a: Zamazenta|Zamazenta|100/100
|turn|26
|
|t:|1758234659
|move|p1a: Zamazenta|Ice Fang|p2a: Sinistcha
|-supereffective|p2a: Sinistcha
|-damage|p2a: Sinistcha|46/100 brn
|move|p2a: Sinistcha|Strength Sap|p1a: Zamazenta
|-unboost|p1a: Zamazenta|atk|1
|-heal|p2a: Sinistcha|100/100 brn
|
|-damage|p2a: Sinistcha|98/100 brn|[from] brn
|upkeep
|turn|27
|
|t:|1758234663
|move|p1a: Zamazenta|Ice Fang|p2a: Sinistcha
|-supereffective|p2a: Sinistcha
|-damage|p2a: Sinistcha|67/100 brn
|move|p2a: Sinistcha|Matcha Gotcha|p1a: Zamazenta
|-damage|p1a: Zamazenta|0 fnt
|-heal|p2a: Sinistcha|100/100 brn|[from] drain|[of] p1a: Zamazenta
|faint|p1a: Zamazenta
|
|win|XIXINANA
|raw|ojjohi's rating: 1418 &rarr; <strong>1395</strong><br />(-23 for losing)
|raw|XIXINANA's rating: 1368 &rarr; <strong>1391</strong><br />(+23 for winning)
|l|☆ojjohi
|player|p1|
