|j|☆Holy air
|j|☆Oreoinabox
|t:|1758251590
|gametype|singles
|player|p1|Holy air|miku-ground|1569
|player|p2|Oreoinabox|266|1534
|gen|9
|tier|[Gen 9] OU
|rated|
|rule|HP Percentage Mod: HP is shown in percentages
|rule|Endless Battle Clause: Forcing endless battles is banned
|rule|Species Clause: Limit one of each Pokémon
|rule|OHKO Clause: OHKO moves are banned
|rule|Evasion Items Clause: Evasion items are banned
|rule|Evasion Moves Clause: Evasion moves are banned
|rule|Evasion Abilities Clause: Evasion abilities are banned
|rule|Sleep Moves Clause: Sleep-inducing moves are banned
|clearpoke
|poke|p1|Serperior, F|
|poke|p1|Samurott-Hisui, M|
|poke|p1|Kyurem|
|poke|p1|Iron Treads|
|poke|p1|Gholdengo|
|poke|p1|Moltres|
|poke|p2|Iron Thorns|
|poke|p2|Araquanid, F|
|poke|p2|Blastoise, M|
|poke|p2|Corviknight, M|
|poke|p2|Meowscarada, M|
|poke|p2|Great Tusk|
|teampreview
|inactive|Battle timer is ON: inactive players will automatically lose when time's up. (requested by Oreoinabox)
|inactive|Holy air also wants the timer to be on.
|
|t:|1758251606
|teamsize|p1|6
|teamsize|p2|6
|start
|switch|p1a: Serperior|Serperior, F|100/100
|switch|p2a: Araquanid|Araquanid, F|100/100
|turn|1
|
|t:|1758251613
|move|p1a: Serperior|Glare|p2a: Araquanid
|-status|p2a: Araquanid|par
|move|p2a: Araquanid|Leech Life|p1a: Serperior
|-supereffective|p1a: Serperior
|-damage|p1a: Serperior|27/100
|
|-heal|p1a: Serperior|33/100|[from] item: Leftovers
|upkeep
|turn|2
|
|t:|1758251625
|move|p1a: Serperior|Substitute|p1a: Serperior
|-start|p1a: Serperior|Substitute
|-damage|p1a: Serperior|8/100
|move|p2a: Araquanid|Sticky Web|p1a: Serperior
|-sidestart|p1: Holy air|move: Sticky Web
|
|-heal|p1a: Serperior|15/100|[from] item: Leftovers
|upkeep
|turn|3
|
|t:|1758251641
|move|p1a: Serperior|Leech Seed|p2a: Araquanid
|-start|p2a: Araquanid|move: Leech Seed
|move|p2a: Araquanid|Leech Life|p1a: Serperior
|-supereffective|p1a: Serperior
|-end|p1a: Serperior|Substitute
|
|-heal|p1a: Serperior|21/100|[from] item: Leftovers
|-damage|p2a: Araquanid|88/100 par|[from] Leech Seed|[of] p1a: Serperior
|-heal|p1a: Serperior|34/100|[silent]
|upkeep
|turn|4
|
|t:|1758251650
|switch|p2a: Meowscarada|Meowscarada, M|100/100
|move|p1a: Serperior|Substitute|p1a: Serperior
|-start|p1a: Serperior|Substitute
|-damage|p1a: Serperior|9/100
|
|-heal|p1a: Serperior|15/100|[from] item: Leftovers
|upkeep
|turn|5
|
|t:|1758251660
|move|p2a: Meowscarada|Triple Axel|p1a: Serperior
|-start|p2a: Meowscarada|typechange|Ice|[from] ability: Protean
|-supereffective|p1a: Serperior
|-end|p1a: Serperior|Substitute
|-supereffective|p1a: Serperior
|-damage|p1a: Serperior|0 fnt
|faint|p1a: Serperior
|-hitcount|p1: Serperior|2
|
|upkeep
|
|t:|1758251670
|switch|p1a: Moltres|Moltres|100/100
|turn|6
|inactive|Oreoinabox has 120 seconds left.
|
|t:|1758251712
|switch|p2a: Araquanid|Araquanid, F|88/100 par
|move|p1a: Moltres|Will-O-Wisp||[still]
|-fail|p1a: Moltres
|
|upkeep
|turn|7
|
|t:|1758251726
|switch|p1a: Gholdengo|Gholdengo|100/100
|-item|p1a: Gholdengo|Air Balloon
|move|p2a: Araquanid|Liquidation|p1a: Gholdengo
|-damage|p1a: Gholdengo|58/100
|-enditem|p1a: Gholdengo|Air Balloon
|
|upkeep
|turn|8
|inactive|Oreoinabox has 120 seconds left.
|
|t:|1758251760
|move|p1a: Gholdengo|Hex|p2a: Araquanid
|-damage|p2a: Araquanid|41/100 par
|move|p2a: Araquanid|Liquidation|p1a: Gholdengo
|-damage|p1a: Gholdengo|17/100
|
|upkeep
|turn|9
|
|t:|1758251771
|move|p1a: Gholdengo|Recover|p1a: Gholdengo
|-heal|p1a: Gholdengo|67/100
|move|p2a: Araquanid|Liquidation|p1a: Gholdengo
|-damage|p1a: Gholdengo|21/100
|
|upkeep
|turn|10
|
|t:|1758251775
|switch|p2a: Meowscarada|Meowscarada, M|100/100
|move|p1a: Gholdengo|Recover|p1a: Gholdengo
|-heal|p1a: Gholdengo|71/100
|
|upkeep
|turn|11
|
|t:|1758251780
|switch|p1a: Moltres|Moltres|100/100
|move|p2a: Meowscarada|Knock Off|p1a: Moltres
|-start|p2a: Meowscarada|typechange|Dark|[from] ability: Protean
|-damage|p1a: Moltres|45/100
|-status|p2a: Meowscarada|brn|[from] ability: Flame Body|[of] p1a: Moltres
|-enditem|p1a: Moltres|Heavy-Duty Boots|[from] move: Knock Off|[of] p2a: Meowscarada
|
|-damage|p2a: Meowscarada|94/100 brn|[from] brn
|upkeep
|turn|12
|
|t:|1758251788
|switch|p2a: Araquanid|Araquanid, F|41/100 par
|move|p1a: Moltres|Roost|p1a: Moltres
|-heal|p1a: Moltres|95/100
|-singleturn|p1a: Moltres|move: Roost
|
|upkeep
|turn|13
|inactive|Oreoinabox has 120 seconds left.
|
|t:|1758251809
|move|p1a: Moltres|Hurricane|p2a: Araquanid
|-supereffective|p2a: Araquanid
|-crit|p2a: Araquanid
|-damage|p2a: Araquanid|0 fnt
|faint|p2a: Araquanid
|
|upkeep
|
|t:|1758251812
|switch|p2a: Blastoise|Blastoise, M|100/100
|turn|14
|
|t:|1758251824
|move|p2a: Blastoise|Shell Smash|p2a: Blastoise
|-unboost|p2a: Blastoise|def|1
|-unboost|p2a: Blastoise|spd|1
|-boost|p2a: Blastoise|atk|2
|-boost|p2a: Blastoise|spa|2
|-boost|p2a: Blastoise|spe|2
|-enditem|p2a: Blastoise|White Herb
|-clearnegativeboost|p2a: Blastoise|[silent]
|move|p1a: Moltres|Hurricane|p2a: Blastoise|[miss]
|-miss|p1a: Moltres|p2a: Blastoise
|
|upkeep
|turn|15
|inactive|Holy air has 120 seconds left.
|
|t:|1758251861
|-terastallize|p1a: Moltres|Grass
|move|p2a: Blastoise|Surf|p1a: Moltres
|-resisted|p1a: Moltres
|-damage|p1a: Moltres|58/100
|move|p1a: Moltres|Hurricane|p2a: Blastoise|[miss]
|-miss|p1a: Moltres|p2a: Blastoise
|
|upkeep
|turn|16
|inactive|Holy air has 120 seconds left.
|
|t:|1758251868
|move|p2a: Blastoise|Ice Beam|p1a: Moltres
|-supereffective|p1a: Moltres
|-damage|p1a: Moltres|0 fnt
|faint|p1a: Moltres
|
|upkeep
|
|t:|1758251871
|switch|p1a: Samurott|Samurott-Hisui, M|100/100
|turn|17
|
|t:|1758251874
|-terastallize|p2a: Blastoise|Fighting
|move|p2a: Blastoise|Aura Sphere|p1a: Samurott
|-supereffective|p1a: Samurott
|-damage|p1a: Samurott|0 fnt
|faint|p1a: Samurott
|
|upkeep
|
|t:|1758251879
|switch|p1a: Gholdengo|Gholdengo|71/100
|-activate|p1a: Gholdengo|move: Sticky Web
|-unboost|p1a: Gholdengo|spe|1
|turn|18
|
|t:|1758251883
|move|p2a: Blastoise|Surf|p1a: Gholdengo
|-damage|p1a: Gholdengo|0 fnt
|faint|p1a: Gholdengo
|
|upkeep
|-message|Holy air forfeited.
|
|win|Oreoinabox
|raw|Holy air's rating: 1569 &rarr; <strong>1547</strong><br />(-22 for losing)
|raw|Oreoinabox's rating: 1534 &rarr; <strong>1556</strong><br />(+22 for winning)
|l|☆Holy air
|player|p1|
|l|☆Oreoinabox
|player|p2|
