|j|☆SMM Metagross
|j|☆slowbro named paul
|t:|1758271800
|gametype|singles
|player|p1|SMM Metagross|hilbert|1480
|player|p2|slowbro named paul|skierf|1427
|gen|9
|tier|[Gen 9] OU
|rated|
|rule|HP Percentage Mod: HP is shown in percentages
|rule|Endless Battle Clause: Forcing endless battles is banned
|rule|Species Clause: Limit one of each Pokémon
|rule|OHKO Clause: OHKO moves are banned
|rule|Evasion Items Clause: Evasion items are banned
|rule|Evasion Moves Clause: Evasion moves are banned
|rule|Evasion Abilities Clause: Evasion abilities are banned
|rule|Sleep Moves Clause: Sleep-inducing moves are banned
|clearpoke
|poke|p1|Greninja-*, M|
|poke|p1|Great Tusk|
|poke|p1|Ceruledge, M|
|poke|p1|Raging Bolt|
|poke|p1|Kyurem|
|poke|p1|Kingambit, M|
|poke|p2|Ogerpon, F|
|poke|p2|Clefable, F|
|poke|p2|Reuniclus, F|
|poke|p2|Umbreon, F|
|poke|p2|Zamazenta-*|
|poke|p2|Iron Moth|
|teampreview
|inactive|Battle timer is ON: inactive players will automatically lose when time's up. (requested by slowbro named paul)
|inactive|SMM Metagross also wants the timer to be on.
|
|t:|1758271809
|teamsize|p1|6
|teamsize|p2|6
|start
|switch|p1a: Kyurem|Kyurem|100/100
|switch|p2a: Umbreon|Umbreon, F|100/100
|-ability|p1a: Kyurem|Pressure
|turn|1
|
|t:|1758271814
|move|p1a: Kyurem|Substitute|p1a: Kyurem
|-start|p1a: Kyurem|Substitute
|-damage|p1a: Kyurem|76/100
|move|p2a: Umbreon|Toxic||[still]
|-fail|p2a: Umbreon
|
|upkeep
|turn|2
|
|t:|1758271818
|move|p1a: Kyurem|Dragon Dance|p1a: Kyurem
|-boost|p1a: Kyurem|atk|1
|-boost|p1a: Kyurem|spe|1
|move|p2a: Umbreon|Foul Play|p1a: Kyurem
|-end|p1a: Kyurem|Substitute
|
|upkeep
|turn|3
|
|t:|1758271823
|move|p1a: Kyurem|Icicle Spear|p2a: Umbreon
|-damage|p2a: Umbreon|82/100
|-damage|p2a: Umbreon|66/100
|-damage|p2a: Umbreon|50/100
|-damage|p2a: Umbreon|32/100
|-damage|p2a: Umbreon|14/100
|-hitcount|p2a: Umbreon|5
|move|p2a: Umbreon|Foul Play|p1a: Kyurem
|-damage|p1a: Kyurem|1/100
|
|-heal|p2a: Umbreon|20/100|[from] item: Leftovers
|upkeep
|turn|4
|
|t:|1758271829
|switch|p2a: Clefable|Clefable, F|100/100
|move|p1a: Kyurem|Scale Shot|p2a: Clefable
|-immune|p2a: Clefable
|
|upkeep
|turn|5
|
|t:|1758271832
|move|p1a: Kyurem|Icicle Spear|p2a: Clefable
|-damage|p2a: Clefable|90/100
|-damage|p2a: Clefable|80/100
|-damage|p2a: Clefable|70/100
|-damage|p2a: Clefable|59/100
|-damage|p2a: Clefable|46/100
|-hitcount|p2a: Clefable|5
|move|p2a: Clefable|Moonblast|p1a: Kyurem
|-supereffective|p1a: Kyurem
|-damage|p1a: Kyurem|0 fnt
|faint|p1a: Kyurem
|-damage|p2a: Clefable|37/100|[from] item: Life Orb
|
|upkeep
|
|t:|1758271847
|switch|p1a: Ceruledge|Ceruledge, M|100/100
|turn|6
|
|t:|1758271849
|switch|p2a: Ogerpon|Ogerpon, F|100/100
|move|p1a: Ceruledge|Swords Dance|p1a: Ceruledge
|-boost|p1a: Ceruledge|atk|2
|
|upkeep
|turn|7
|
|t:|1758271852
|move|p2a: Ogerpon|Encore|p1a: Ceruledge
|-start|p1a: Ceruledge|Encore
|move|p1a: Ceruledge|Swords Dance|p1a: Ceruledge
|-boost|p1a: Ceruledge|atk|2
|
|upkeep
|turn|8
|
|t:|1758271860
|switch|p1a: Kingambit|Kingambit, M|100/100
|-activate|p1a: Kingambit|ability: Supreme Overlord
|-start|p1a: Kingambit|fallen1|[silent]
|move|p2a: Ogerpon|Swords Dance|p2a: Ogerpon
|-boost|p2a: Ogerpon|atk|2
|
|upkeep
|turn|9
|
|t:|1758271863
|move|p2a: Ogerpon|Knock Off|p1a: Kingambit
|-resisted|p1a: Kingambit
|-damage|p1a: Kingambit|68/100
|-enditem|p1a: Kingambit|Black Glasses|[from] move: Knock Off|[of] p2a: Ogerpon
|-damage|p2a: Ogerpon|91/100|[from] item: Life Orb
|move|p1a: Kingambit|Swords Dance|p1a: Kingambit
|-boost|p1a: Kingambit|atk|2
|
|upkeep
|turn|10
|
|t:|1758271868
|move|p2a: Ogerpon|Encore|p1a: Kingambit
|-start|p1a: Kingambit|Encore
|move|p1a: Kingambit|Swords Dance|p1a: Kingambit
|-boost|p1a: Kingambit|atk|2
|
|upkeep
|turn|11
|
|t:|1758271874
|-end|p1a: Kingambit|fallen1|[silent]
|switch|p1a: Ceruledge|Ceruledge, M|100/100
|move|p2a: Ogerpon|Swords Dance|p2a: Ogerpon
|-boost|p2a: Ogerpon|atk|2
|
|upkeep
|turn|12
|
|t:|1758271879
|move|p2a: Ogerpon|Knock Off|p1a: Ceruledge
|-supereffective|p1a: Ceruledge
|-enditem|p1a: Ceruledge|Focus Sash
|-damage|p1a: Ceruledge|1/100
|-ability|p1a: Ceruledge|Weak Armor|boost
|-unboost|p1a: Ceruledge|def|1
|-boost|p1a: Ceruledge|spe|2
|-damage|p2a: Ogerpon|81/100|[from] item: Life Orb
|move|p1a: Ceruledge|Bitter Blade|p2a: Ogerpon
|-supereffective|p2a: Ogerpon
|-damage|p2a: Ogerpon|0 fnt
|-heal|p1a: Ceruledge|42/100|[from] drain|[of] p2a: Ogerpon
|faint|p2a: Ogerpon
|
|upkeep
|
|t:|1758271886
|switch|p2a: Iron Moth|Iron Moth|100/100
|turn|13
|
|t:|1758271890
|move|p1a: Ceruledge|Swords Dance|p1a: Ceruledge
|-boost|p1a: Ceruledge|atk|2
|move|p2a: Iron Moth|Discharge|p1a: Ceruledge
|-damage|p1a: Ceruledge|3/100
|
|upkeep
|turn|14
|
|t:|1758271893
|move|p1a: Ceruledge|Shadow Sneak|p2a: Iron Moth
|-damage|p2a: Iron Moth|33/100
|move|p2a: Iron Moth|Discharge|p1a: Ceruledge
|-damage|p1a: Ceruledge|0 fnt
|faint|p1a: Ceruledge
|
|upkeep
|
|t:|1758271897
|switch|p1a: Raging Bolt|Raging Bolt|100/100
|-enditem|p1a: Raging Bolt|Booster Energy
|-activate|p1a: Raging Bolt|ability: Protosynthesis|[fromitem]
|-start|p1a: Raging Bolt|protosynthesisspa
|turn|15
|
|t:|1758271901
|-end|p2a: Iron Moth|Quark Drive|[silent]
|switch|p2a: Clefable|Clefable, F|37/100
|move|p1a: Raging Bolt|Calm Mind|p1a: Raging Bolt
|-boost|p1a: Raging Bolt|spa|1
|-boost|p1a: Raging Bolt|spd|1
|
|upkeep
|turn|16
|inactive|SMM Metagross has 120 seconds left.
|
|t:|1758271938
|move|p1a: Raging Bolt|Thunderbolt|p2a: Clefable
|-damage|p2a: Clefable|0 fnt
|faint|p2a: Clefable
|
|upkeep
|
|t:|1758271942
|switch|p2a: Zamazenta|Zamazenta|100/100
|-ability|p2a: Zamazenta|Dauntless Shield|boost
|-boost|p2a: Zamazenta|def|1
|turn|17
|inactive|SMM Metagross has 120 seconds left.
|
|t:|1758271969
|-terastallize|p2a: Zamazenta|Fighting
|-terastallize|p1a: Raging Bolt|Electric
|move|p2a: Zamazenta|Body Press|p1a: Raging Bolt
|-damage|p1a: Raging Bolt|38/100
|move|p1a: Raging Bolt|Thunderbolt|p2a: Zamazenta
|-damage|p2a: Zamazenta|0 fnt
|faint|p2a: Zamazenta
|
|upkeep
|
|t:|1758271977
|switch|p2a: Iron Moth|Iron Moth|33/100
|turn|18
|
|t:|1758271981
|move|p1a: Raging Bolt|Thunderclap|p2a: Iron Moth
|-damage|p2a: Iron Moth|0 fnt
|faint|p2a: Iron Moth
|-end|p2a: Iron Moth|Quark Drive|[silent]
|
|upkeep
|
|t:|1758271984
|switch|p2a: Reuniclus|Reuniclus, F|100/100
|turn|19
|
|t:|1758271987
|move|p1a: Raging Bolt|Thunderbolt|p2a: Reuniclus
|-damage|p2a: Reuniclus|0 fnt
|faint|p2a: Reuniclus
|
|upkeep
|-message|slowbro named paul forfeited.
|
|win|SMM Metagross
|raw|SMM Metagross's rating: 1480 &rarr; <strong>1497</strong><br />(+17 for winning)
|raw|slowbro named paul's rating: 1427 &rarr; <strong>1410</strong><br />(-17 for losing)
|l|☆slowbro named paul
|player|p2|
|l|☆SMM Metagross
|player|p1|
