|j|☆Magcla
|j|☆aquagoboom
|t:|1758260300
|gametype|singles
|player|p1|Magcla|may-masters2|1566
|player|p2|aquagoboom|265|1526
|gen|9
|tier|[Gen 9] OU
|rated|
|rule|HP Percentage Mod: HP is shown in percentages
|rule|Endless Battle Clause: Forcing endless battles is banned
|rule|Species Clause: Limit one of each Pokémon
|rule|OHKO Clause: OHKO moves are banned
|rule|Evasion Items Clause: Evasion items are banned
|rule|Evasion Moves Clause: Evasion moves are banned
|rule|Evasion Abilities Clause: Evasion abilities are banned
|rule|Sleep Moves Clause: Sleep-inducing moves are banned
|clearpoke
|poke|p1|Dragapult, M|
|poke|p1|Glimmora, M|
|poke|p1|Comfey, M|
|poke|p1|Kingambit, M|
|poke|p1|Ogerpon-Wellspring, F|
|poke|p1|Blaziken, M|
|poke|p2|Great Tusk|
|poke|p2|Heatran, M|
|poke|p2|Weavile, M|
|poke|p2|Primarina, M|
|poke|p2|Ogerpon, F|
|poke|p2|Pecharunt|
|teampreview
|
|t:|1758260305
|teamsize|p1|6
|teamsize|p2|6
|start
|switch|p1a: Ogerpon|Ogerpon-Wellspring, F|100/100
|switch|p2a: Chaos|Heatran, M, shiny|100/100
|-item|p2a: Chaos|Air Balloon
|turn|1
|
|t:|1758260308
|switch|p2a: Overseer|Pecharunt|100/100
|move|p1a: Ogerpon|Ivy Cudgel|p2a: Overseer|[anim] Ivy Cudgel Water
|-damage|p2a: Overseer|70/100
|
|upkeep
|turn|2
|
|t:|1758260314
|move|p1a: Ogerpon|U-turn|p2a: Overseer
|-resisted|p2a: Overseer
|-damage|p2a: Overseer|67/100
|-damage|p1a: Ogerpon|84/100|[from] item: Rocky Helmet|[of] p2a: Overseer
|
|t:|1758260316
|switch|p1a: Kingambit|Kingambit, M, shiny|100/100|[from] U-turn
|move|p2a: Overseer|Parting Shot|p1a: Kingambit
|-unboost|p1a: Kingambit|atk|1
|-unboost|p1a: Kingambit|spa|1
|
|t:|1758260321
|switch|p2a: Chaos|Heatran, M, shiny|100/100|[from] Parting Shot
|-item|p2a: Chaos|Air Balloon
|
|upkeep
|turn|3
|inactive|Battle timer is ON: inactive players will automatically lose when time's up. (requested by aquagoboom)
|
|t:|1758260330
|-end|p1a: Kingambit|fallenundefined|[silent]
|switch|p1a: Glimmora|Glimmora, M, shiny|100/100
|move|p2a: Chaos|Magma Storm|p1a: Glimmora
|-resisted|p1a: Glimmora
|-damage|p1a: Glimmora|74/100
|-activate|p1a: Glimmora|move: Magma Storm|[of] p2a: Chaos
|-enditem|p1a: Glimmora|Red Card|[of] p2a: Chaos
|drag|p2a: Anonymous|Ogerpon, F|100/100
|
|-end|p1a: Glimmora|Magma Storm|[partiallytrapped]|[silent]
|upkeep
|turn|4
|
|t:|1758260346
|-terastallize|p2a: Anonymous|Grass
|detailschange|p2a: Anonymous|Ogerpon-Teal-Tera, F, tera:Grass
|-ability|p2a: Anonymous|Embody Aspect (Teal)|boost
|-boost|p2a: Anonymous|spe|1
|move|p2a: Anonymous|Ivy Cudgel|p1a: Glimmora
|-damage|p1a: Glimmora|0 fnt
|-activate|p1a: Glimmora|ability: Toxic Debris
|-sidestart|p2: aquagoboom|move: Toxic Spikes
|faint|p1a: Glimmora
|
|upkeep
|
|t:|1758260355
|switch|p1a: Kingambit|Kingambit, M, shiny|100/100
|-activate|p1a: Kingambit|ability: Supreme Overlord
|-start|p1a: Kingambit|fallen1|[silent]
|turn|5
|
|t:|1758260360
|switch|p2a: Overseer|Pecharunt|67/100
|-sideend|p2: aquagoboom|move: Toxic Spikes|[of] p2a: Overseer
|move|p1a: Kingambit|Kowtow Cleave|p2a: Overseer
|-supereffective|p2a: Overseer
|-damage|p2a: Overseer|12/100
|-damage|p1a: Kingambit|84/100|[from] item: Rocky Helmet|[of] p2a: Overseer
|
|-heal|p1a: Kingambit|90/100|[from] item: Leftovers
|upkeep
|turn|6
|
|t:|1758260366
|switch|p2a: Behemoth|Great Tusk, shiny|100/100
|move|p1a: Kingambit|Swords Dance|p1a: Kingambit
|-boost|p1a: Kingambit|atk|2
|
|-heal|p1a: Kingambit|96/100|[from] item: Leftovers
|upkeep
|turn|7
|
|t:|1758260381
|-terastallize|p1a: Kingambit|Ghost
|move|p2a: Behemoth|Headlong Rush|p1a: Kingambit
|-damage|p1a: Kingambit|53/100
|-unboost|p2a: Behemoth|def|1
|-unboost|p2a: Behemoth|spd|1
|move|p1a: Kingambit|Iron Head|p2a: Behemoth
|-damage|p2a: Behemoth|0 fnt
|faint|p2a: Behemoth
|-end|p2a: Behemoth|Protosynthesis|[silent]
|
|-heal|p1a: Kingambit|59/100|[from] item: Leftovers
|upkeep
|
|t:|1758260392
|switch|p2a: Overseer|Pecharunt|12/100
|turn|8
|
|t:|1758260395
|move|p1a: Kingambit|Sucker Punch||[still]
|-fail|p1a: Kingambit
|move|p2a: Overseer|Recover|p2a: Overseer
|-heal|p2a: Overseer|62/100
|
|-heal|p1a: Kingambit|66/100|[from] item: Leftovers
|upkeep
|turn|9
|
|t:|1758260403
|move|p2a: Overseer|Shadow Ball|p1a: Kingambit
|-supereffective|p1a: Kingambit
|-damage|p1a: Kingambit|14/100
|-unboost|p1a: Kingambit|spd|1
|move|p1a: Kingambit|Kowtow Cleave|p2a: Overseer
|-supereffective|p2a: Overseer
|-damage|p2a: Overseer|0 fnt
|-damage|p1a: Kingambit|0 fnt|[from] item: Rocky Helmet|[of] p2a: Overseer
|faint|p2a: Overseer
|faint|p1a: Kingambit
|-end|p1a: Kingambit|fallen1|[silent]
|
|upkeep
|
|t:|1758260424
|switch|p2a: Anonymous|Ogerpon-Teal-Tera, F, tera:Grass|100/100
|switch|p1a: Comfey|Comfey, M, shiny|100/100
|-ability|p2a: Anonymous|Embody Aspect (Teal)|boost
|-boost|p2a: Anonymous|spe|1
|turn|10
|
|t:|1758260432
|move|p1a: Comfey|Draining Kiss|p2a: Anonymous
|-damage|p2a: Anonymous|70/100
|-damage|p1a: Comfey|91/100|[from] item: Life Orb
|move|p2a: Anonymous|Ivy Cudgel|p1a: Comfey
|-damage|p1a: Comfey|0 fnt
|faint|p1a: Comfey
|
|upkeep
|
|t:|1758260443
|switch|p1a: Dragapult|Dragapult, M, shiny|100/100
|turn|11
|
|t:|1758260446
|switch|p2a: Celestine|Primarina, M, shiny|100/100
|move|p1a: Dragapult|Draco Meteor|p2a: Celestine
|-immune|p2a: Celestine
|
|upkeep
|turn|12
|
|t:|1758260449
|move|p1a: Dragapult|Shadow Ball|p2a: Celestine
|-damage|p2a: Celestine|78/100
|-damage|p1a: Dragapult|91/100|[from] item: Life Orb
|move|p2a: Celestine|Moonblast|p1a: Dragapult
|-supereffective|p1a: Dragapult
|-damage|p1a: Dragapult|0 fnt
|faint|p1a: Dragapult
|
|upkeep
|
|t:|1758260454
|switch|p1a: Ogerpon|Ogerpon-Wellspring, F|84/100
|turn|13
|
|t:|1758260466
|switch|p2a: Bandit|Weavile, M, shiny|100/100
|-ability|p2a: Bandit|Pressure
|move|p1a: Ogerpon|Ivy Cudgel|p2a: Bandit|[anim] Ivy Cudgel Water
|-damage|p2a: Bandit|0 fnt
|faint|p2a: Bandit
|
|upkeep
|
|t:|1758260470
|switch|p2a: Anonymous|Ogerpon-Teal-Tera, F, tera:Grass|70/100
|-ability|p2a: Anonymous|Embody Aspect (Teal)|boost
|-boost|p2a: Anonymous|spe|1
|turn|14
|
|t:|1758260473
|move|p2a: Anonymous|U-turn|p1a: Ogerpon
|-supereffective|p1a: Ogerpon
|-damage|p1a: Ogerpon|0 fnt
|faint|p1a: Ogerpon
|
|t:|1758260477
|switch|p2a: Celestine|Primarina, M, shiny|78/100|[from] U-turn
|
|upkeep
|
|t:|1758260479
|switch|p1a: Blaziken|Blaziken, M, shiny|100/100
|turn|15
|
|t:|1758260483
|move|p1a: Blaziken|Knock Off|p2a: Celestine
|-resisted|p2a: Celestine
|-damage|p2a: Celestine|50/100
|-enditem|p2a: Celestine|Assault Vest|[from] move: Knock Off|[of] p1a: Blaziken
|-damage|p1a: Blaziken|91/100|[from] item: Life Orb
|move|p2a: Celestine|Psychic Noise|p1a: Blaziken
|-supereffective|p1a: Blaziken
|-damage|p1a: Blaziken|0 fnt
|faint|p1a: Blaziken
|
|win|aquagoboom
|raw|Magcla's rating: 1566 &rarr; <strong>1544</strong><br />(-22 for losing)
|raw|aquagoboom's rating: 1526 &rarr; <strong>1548</strong><br />(+22 for winning)
|l|☆Magcla
|player|p1|
|c|☆aquagoboom|Gg
|l|☆aquagoboom
|player|p2|
