|j|☆Iamlpdo
|j|☆teikavideo
|t:|1758371075
|gametype|singles
|player|p1|Iamlpdo|2|1323
|player|p2|teikavideo|266|1323
|gen|9
|tier|[Gen 9] OU
|rated|
|rule|HP Percentage Mod: HP is shown in percentages
|rule|Endless Battle Clause: Forcing endless battles is banned
|rule|Species Clause: Limit one of each Pokémon
|rule|OHKO Clause: OHKO moves are banned
|rule|Evasion Items Clause: Evasion items are banned
|rule|Evasion Moves Clause: Evasion moves are banned
|rule|Evasion Abilities Clause: Evasion abilities are banned
|rule|Sleep Moves Clause: Sleep-inducing moves are banned
|clearpoke
|poke|p1|Cinderace, F|
|poke|p1|Great Tusk|
|poke|p1|Glimmora, M|
|poke|p1|Corviknight, F|
|poke|p1|Primarina, F|
|poke|p1|Ting-Lu|
|poke|p2|Slowking-Galar, M|
|poke|p2|Dragonite, M|
|poke|p2|Flamigo, M|
|poke|p2|Armarouge, M|
|poke|p2|Hatterene, F|
|poke|p2|Quaquaval, F|
|teampreview
|
|t:|1758371084
|teamsize|p1|6
|teamsize|p2|6
|start
|switch|p1a: Ting-Lu|Ting-Lu|100/100
|switch|p2a: Slowking|Slowking-Galar, M|100/100
|-ability|p1a: Ting-Lu|Vessel of Ruin
|turn|1
|
|t:|1758371093
|switch|p2a: Hatterene|Hatterene, F|100/100
|move|p1a: Ting-Lu|Stealth Rock|p2a: Hatterene
|move|p2a: Hatterene|Stealth Rock|p1a: Ting-Lu|[from] ability: Magic Bounce
|-sidestart|p1: Iamlpdo|move: Stealth Rock
|
|upkeep
|turn|2
|
|t:|1758371106
|switch|p1a: Corviknight|Corviknight, F|100/100
|-damage|p1a: Corviknight|88/100|[from] Stealth Rock
|move|p2a: Hatterene|Dazzling Gleam|p1a: Corviknight
|-resisted|p1a: Corviknight
|-damage|p1a: Corviknight|76/100
|
|upkeep
|turn|3
|
|t:|1758371114
|move|p1a: Corviknight|Defog|p2a: Hatterene
|move|p2a: Hatterene|Defog|p1a: Corviknight|[from] ability: Magic Bounce
|-ability|p1a: Corviknight|Mirror Armor
|-unboost|p2a: Hatterene|evasion|1
|-sideend|p1: Iamlpdo|Stealth Rock|[from] move: Defog|[of] p2a: Hatterene
|move|p2a: Hatterene|Nuzzle|p1a: Corviknight
|-supereffective|p1a: Corviknight
|-damage|p1a: Corviknight|70/100
|-status|p1a: Corviknight|par
|-damage|p2a: Hatterene|84/100|[from] item: Rocky Helmet|[of] p1a: Corviknight
|
|upkeep
|turn|4
|
|t:|1758371129
|move|p2a: Hatterene|Psychic Noise|p1a: Corviknight
|-resisted|p1a: Corviknight
|-damage|p1a: Corviknight|57/100 par
|-start|p1a: Corviknight|move: Heal Block
|move|p1a: Corviknight|Iron Head|p2a: Hatterene
|-supereffective|p2a: Hatterene
|-damage|p2a: Hatterene|39/100
|
|upkeep
|turn|5
|
|t:|1758371142
|switch|p2a: Armarouge|Armarouge, M|100/100
|move|p1a: Corviknight|Iron Head|p2a: Armarouge
|-resisted|p2a: Armarouge
|-damage|p2a: Armarouge|87/100
|-ability|p2a: Armarouge|Weak Armor|boost
|-unboost|p2a: Armarouge|def|1
|-boost|p2a: Armarouge|spe|2
|
|-end|p1a: Corviknight|move: Heal Block
|upkeep
|turn|6
|
|t:|1758371153
|switch|p1a: Ting-Lu|Ting-Lu|100/100
|-ability|p1a: Ting-Lu|Vessel of Ruin
|move|p2a: Armarouge|Armor Cannon|p1a: Ting-Lu
|-damage|p1a: Ting-Lu|65/100
|-unboost|p2a: Armarouge|def|1
|-unboost|p2a: Armarouge|spd|1
|
|-heal|p1a: Ting-Lu|71/100|[from] item: Leftovers
|upkeep
|turn|7
|
|t:|1758371174
|move|p2a: Armarouge|Endure|p2a: Armarouge
|-singleturn|p2a: Armarouge|move: Endure
|move|p1a: Ting-Lu|Earthquake|p2a: Armarouge
|-supereffective|p2a: Armarouge
|-activate|p2a: Armarouge|move: Endure
|-damage|p2a: Armarouge|1/100
|-ability|p2a: Armarouge|Weak Armor|boost
|-unboost|p2a: Armarouge|def|1
|-boost|p2a: Armarouge|spe|2
|-enditem|p2a: Armarouge|Weakness Policy
|-boost|p2a: Armarouge|atk|2|[from] item: Weakness Policy
|-boost|p2a: Armarouge|spa|2|[from] item: Weakness Policy
|
|-heal|p1a: Ting-Lu|77/100|[from] item: Leftovers
|upkeep
|turn|8
|
|t:|1758371189
|move|p2a: Armarouge|Destiny Bond|p2a: Armarouge
|-singlemove|p2a: Armarouge|Destiny Bond
|move|p1a: Ting-Lu|Whirlwind|p2a: Armarouge
|drag|p2a: Slowking|Slowking-Galar, M|100/100
|
|-heal|p1a: Ting-Lu|83/100|[from] item: Leftovers
|upkeep
|turn|9
|
|t:|1758371199
|switch|p2a: Hatterene|Hatterene, F|39/100
|move|p1a: Ting-Lu|Earthquake|p2a: Hatterene
|-damage|p2a: Hatterene|2/100
|
|-heal|p1a: Ting-Lu|90/100|[from] item: Leftovers
|upkeep
|turn|10
|c|☆Iamlpdo|Bruh bulky af
|-enditem|p2a: Hatterene|Custap Berry|[eat]
|-activate|p2a: Hatterene|item: Custap Berry|[consumed]
|
|t:|1758371217
|move|p2a: Hatterene|Healing Wish|p2a: Hatterene
|faint|p2a: Hatterene
|move|p1a: Ting-Lu|Earthquake|p2: Hatterene|[notarget]
|-fail|p1a: Ting-Lu
|
|-heal|p1a: Ting-Lu|96/100|[from] item: Leftovers
|upkeep
|
|t:|1758371227
|switch|p2a: Slowking supp|Quaquaval, F|100/100
|turn|11
|
|t:|1758371245
|-terastallize|p2a: Slowking supp|Fighting
|move|p2a: Slowking supp|Close Combat|p1a: Ting-Lu
|-supereffective|p1a: Ting-Lu
|-damage|p1a: Ting-Lu|0 fnt
|-unboost|p2a: Slowking supp|def|1
|-unboost|p2a: Slowking supp|spd|1
|faint|p1a: Ting-Lu
|-ability|p2a: Slowking supp|Moxie|boost
|-boost|p2a: Slowking supp|atk|1
|
|upkeep
|
|t:|1758371263
|switch|p1a: Primarina|Primarina, F|100/100
|turn|12
|inactive|Battle timer is ON: inactive players will automatically lose when time's up. (requested by teikavideo)
|
|t:|1758371272
|switch|p2a: Slowking|Slowking-Galar, M|100/100
|move|p1a: Primarina|Hyper Voice|p2a: Slowking
|-damage|p2a: Slowking|73/100
|-enditem|p1a: Primarina|Throat Spray
|-boost|p1a: Primarina|spa|1|[from] item: Throat Spray
|
|upkeep
|turn|13
|inactive|Iamlpdo has 120 seconds left.
|
|t:|1758371303
|move|p1a: Primarina|Hyper Voice|p2a: Slowking
|-damage|p2a: Slowking|31/100
|move|p2a: Slowking|Future Sight|p1a: Primarina
|-start|p2a: Slowking|move: Future Sight
|
|upkeep
|turn|14
|
|t:|1758371322
|move|p1a: Primarina|Hyper Voice|p2a: Slowking
|-damage|p2a: Slowking|0 fnt
|faint|p2a: Slowking
|
|upkeep
|inactive|teikavideo has 120 seconds left.
|
|t:|1758371348
|switch|p2a: Flamigo|Flamigo, M|100/100
|turn|15
|
|t:|1758371357
|move|p2a: Flamigo|Brave Bird|p1a: Primarina
|-damage|p1a: Primarina|35/100
|-damage|p2a: Flamigo|75/100|[from] Recoil
|move|p1a: Primarina|Draining Kiss|p2a: Flamigo
|-supereffective|p2a: Flamigo
|-damage|p2a: Flamigo|0 fnt
|-heal|p1a: Primarina|81/100|[from] drain|[of] p2a: Flamigo
|faint|p2a: Flamigo
|
|-end|p1a: Primarina|move: Future Sight
|-damage|p1a: Primarina|47/100
|upkeep
|inactive|teikavideo has 120 seconds left.
|
|t:|1758371389
|switch|p2a: Armarouge|Armarouge, M|1/100
|-heal|p2a: Armarouge|100/100|[from] move: Healing Wish
|turn|16
|
|t:|1758371395
|move|p2a: Armarouge|Destiny Bond|p2a: Armarouge
|-singlemove|p2a: Armarouge|Destiny Bond
|move|p1a: Primarina|Hyper Voice|p2a: Armarouge
|-supereffective|p2a: Armarouge
|-damage|p2a: Armarouge|0 fnt
|faint|p2a: Armarouge
|-activate|p2a: Armarouge|move: Destiny Bond
|faint|p1a: Primarina
|
|upkeep
|
|t:|1758371412
|switch|p2a: Slowking supp|Quaquaval, F, tera:Fighting|100/100
|switch|p1a: Glimmora|Glimmora, M|100/100
|turn|17
|
|t:|1758371425
|switch|p1a: Great Tusk|Great Tusk|100/100
|move|p2a: Slowking supp|Aqua Step|p1a: Great Tusk
|-supereffective|p1a: Great Tusk
|-damage|p1a: Great Tusk|12/100
|-boost|p2a: Slowking supp|spe|1
|
|upkeep
|turn|18
|
|t:|1758371435
|move|p2a: Slowking supp|Aqua Step|p1a: Great Tusk
|-supereffective|p1a: Great Tusk
|-damage|p1a: Great Tusk|0 fnt
|-boost|p2a: Slowking supp|spe|1
|faint|p1a: Great Tusk
|-end|p1a: Great Tusk|Protosynthesis|[silent]
|-ability|p2a: Slowking supp|Moxie|boost
|-boost|p2a: Slowking supp|atk|1
|
|upkeep
|
|t:|1758371443
|switch|p1a: Corviknight|Corviknight, F|57/100 par
|turn|19
|inactive|teikavideo has 120 seconds left.
|
|t:|1758371453
|move|p2a: Slowking supp|Aqua Step|p1a: Corviknight
|-damage|p1a: Corviknight|0 fnt
|-boost|p2a: Slowking supp|spe|1
|-damage|p2a: Slowking supp|84/100|[from] item: Rocky Helmet|[of] p1a: Corviknight
|faint|p1a: Corviknight
|-ability|p2a: Slowking supp|Moxie|boost
|-boost|p2a: Slowking supp|atk|1
|
|upkeep
|
|t:|1758371469
|switch|p1a: Glimmora|Glimmora, M|100/100
|turn|20
|
|t:|1758371473
|-terastallize|p1a: Glimmora|Grass
|move|p2a: Slowking supp|Aqua Step|p1a: Glimmora
|-resisted|p1a: Glimmora
|-damage|p1a: Glimmora|20/100
|-boost|p2a: Slowking supp|spe|1
|move|p1a: Glimmora|Sludge Bomb|p2a: Slowking supp
|-damage|p2a: Slowking supp|17/100
|-status|p2a: Slowking supp|psn
|
|-damage|p2a: Slowking supp|5/100 psn|[from] psn
|upkeep
|turn|21
|
|t:|1758371495
|move|p2a: Slowking supp|Aqua Step|p1a: Glimmora
|-resisted|p1a: Glimmora
|-damage|p1a: Glimmora|0 fnt
|-boost|p2a: Slowking supp|spe|1
|faint|p1a: Glimmora
|-ability|p2a: Slowking supp|Moxie|boost
|-boost|p2a: Slowking supp|atk|1
|
|-damage|p2a: Slowking supp|0 fnt|[from] psn
|faint|p2a: Slowking supp
|upkeep
|c|☆Iamlpdo|I think I lose
|
|t:|1758371505
|switch|p1a: Cinderace|Cinderace, F|100/100
|switch|p2a: Dragonite|Dragonite, M|100/100
|-item|p1a: Cinderace|Air Balloon
|turn|22
|
|t:|1758371517
|move|p2a: Dragonite|Extreme Speed|p1a: Cinderace
|-damage|p1a: Cinderace|60/100
|-enditem|p1a: Cinderace|Air Balloon
|move|p1a: Cinderace|Pyro Ball|p2a: Dragonite
|-resisted|p2a: Dragonite
|-damage|p2a: Dragonite|89/100
|
|upkeep
|turn|23
|
|t:|1758371525
|move|p1a: Cinderace|Acrobatics|p2a: Dragonite
|-start|p1a: Cinderace|typechange|Flying|[from] ability: Libero
|-damage|p2a: Dragonite|40/100
|move|p2a: Dragonite|Earthquake|p1a: Cinderace
|-immune|p1a: Cinderace
|
|upkeep
|turn|24
|c|☆teikavideo|wooow
|c|☆teikavideo|gg
|c|☆teikavideo|super nice set
|
|t:|1758371547
|move|p1a: Cinderace|Acrobatics|p2a: Dragonite
|-damage|p2a: Dragonite|0 fnt
|faint|p2a: Dragonite
|
|win|Iamlpdo
|raw|Iamlpdo's rating: 1323 &rarr; <strong>1343</strong><br />(+20 for winning)
|raw|teikavideo's rating: 1323 &rarr; <strong>1303</strong><br />(-20 for losing)
|c|☆Iamlpdo|OMFG I THOUGHT I LOST
|c|☆teikavideo|amazing
|c|☆Iamlpdo|GG
|c|☆teikavideo|hahah
|c|☆teikavideo|would you share
|c|☆teikavideo|t
|c|☆Iamlpdo|Great gsme
|c|☆teikavideo|the paste
|c|☆teikavideo|of the bunny
|c|☆teikavideo|you too mate
|c|☆Iamlpdo|Hold on
|c|☆teikavideo|well the team is interesting all
|c|☆teikavideo|that primarina is interesting too
|c|☆Iamlpdo|I can copy and paste the team for you
|c|☆teikavideo|ty mate
|c|☆teikavideo|do you have more interesting picks or pokes
|c|☆Iamlpdo|I lost a lot of my teams sadly so I’m rebuilding them slowly but I come up with random stuff from time to time
|c|☆teikavideo|the cinderace set is super interesting for sure
|c|☆teikavideo|and counter some dragonite sets
|l|☆Iamlpdo
|player|p1|
|j|☆Iamlpdo
|player|p1|Iamlpdo|2|
|c|☆teikavideo|that glimora have corrosion right
|c|☆teikavideo|did you leave?
|c|☆teikavideo|the paste? :(
|c|☆Iamlpdo|Im here
|c|☆Iamlpdo|Im on a phone so it’s kinda hard lol
|c|☆teikavideo|aaah ok np
|c|☆Iamlpdo|It won’t let me send it but I can tell you the set
|c|☆teikavideo|its ok
|c|☆Iamlpdo|It’s a jolly cinderace with 252 in attack and speed and 4 in Spdef
|c|☆teikavideo|moves and tera?
|c|☆Iamlpdo|Court change, pyro ball, acrobatics, and high jump kick
|c|☆teikavideo|super interesting set
|c|☆teikavideo|im thinking about making some changes
|c|☆Iamlpdo|I keep it Tera fire because it’s libero so i try to avoid using Tera on it unless I REALLY need the fire damage
|c|☆teikavideo|as u have balloon but still eat 25 from rocks each time you enter the field
|c|☆Iamlpdo|but I have a defogger
|c|☆teikavideo|yeah thats true but you can use that damage recoil
|c|☆Iamlpdo|court change is for back up/spikes/toxic spikes
|c|☆teikavideo|to put reversal on him
|c|☆teikavideo|so
|c|☆Iamlpdo|hmmmm never thought of that I might test it
|c|☆teikavideo|if he enteres 4 times into the field
|c|☆teikavideo|you would do thousand of damage
