|j|☆saint246
|j|☆zaheen2012r
|t:|1758275898
|gametype|singles
|player|p1|saint246|2|1093
|player|p2|zaheen2012r|265|1059
|gen|9
|tier|[Gen 9] OU
|rated|
|rule|HP Percentage Mod: HP is shown in percentages
|rule|Endless Battle Clause: Forcing endless battles is banned
|rule|Species Clause: Limit one of each Pokémon
|rule|OHKO Clause: OHKO moves are banned
|rule|Evasion Items Clause: Evasion items are banned
|rule|Evasion Moves Clause: Evasion moves are banned
|rule|Evasion Abilities Clause: Evasion abilities are banned
|rule|Sleep Moves Clause: Sleep-inducing moves are banned
|clearpoke
|poke|p1|Grimmsnarl, M|
|poke|p1|Zoroark-Hisui, F|
|poke|p1|Iron Treads|
|poke|p1|Greninja-*, M|
|poke|p1|Scream Tail|
|poke|p1|Galvantula, M|
|poke|p2|Scizor, M|
|poke|p2|Vivillon-Pokeball, F|
|poke|p2|Arbok, F|
|poke|p2|Diancie|
|poke|p2|Heatran, M|
|poke|p2|Conkeldurr, M|
|teampreview
|inactive|Battle timer is ON: inactive players will automatically lose when time's up. (requested by zaheen2012r)
|inactive|saint246 has 120 seconds left.
|
|t:|1758275953
|teamsize|p1|6
|teamsize|p2|6
|start
|switch|p1a: Galvantula|Galvantula, M|100/100
|switch|p2a: Diancie|Diancie|100/100
|turn|1
|
|t:|1758275976
|move|p1a: Galvantula|Thunder|p2a: Diancie
|-damage|p2a: Diancie|60/100
|-status|p2a: Diancie|par
|cant|p2a: Diancie|par
|
|upkeep
|turn|2
|
|t:|1758275984
|move|p1a: Galvantula|Energy Ball|p2a: Diancie
|-supereffective|p2a: Diancie
|-damage|p2a: Diancie|20/100 par
|move|p2a: Diancie|Meteor Beam||[still]
|-prepare|p2a: Diancie|Meteor Beam
|-boost|p2a: Diancie|spa|1
|-enditem|p2a: Diancie|Power Herb
|-anim|p2a: Diancie|Meteor Beam|p1a: Galvantula
|-supereffective|p1a: Galvantula
|-enditem|p1a: Galvantula|Focus Sash
|-damage|p1a: Galvantula|1/100
|
|upkeep
|turn|3
|
|t:|1758275996
|move|p1a: Galvantula|Sticky Web|p2a: Diancie
|-sidestart|p2: zaheen2012r|move: Sticky Web
|move|p2a: Diancie|Draining Kiss|p1a: Galvantula
|-damage|p1a: Galvantula|0 fnt
|-heal|p2a: Diancie|21/100 par|[from] drain|[of] p1a: Galvantula
|faint|p1a: Galvantula
|
|upkeep
|
|t:|1758276002
|switch|p1a: Greninja|Greninja, M|100/100
|turn|4
|
|t:|1758276008
|move|p1a: Greninja|Surf|p2a: Diancie
|-supereffective|p2a: Diancie
|-damage|p2a: Diancie|0 fnt
|faint|p2a: Diancie
|-ability|p1a: Greninja|Battle Bond|boost
|-boost|p1a: Greninja|atk|1
|-boost|p1a: Greninja|spa|1
|-boost|p1a: Greninja|spe|1
|-activate|p1a: Greninja|ability: Battle Bond
|-damage|p1a: Greninja|91/100|[from] item: Life Orb
|
|upkeep
|
|t:|1758276024
|switch|p2a: Conkeldurr|Conkeldurr, M|100/100
|-activate|p2a: Conkeldurr|move: Sticky Web
|-unboost|p2a: Conkeldurr|spe|1
|turn|5
|
|t:|1758276030
|-terastallize|p1a: Greninja|Poison
|move|p1a: Greninja|Sludge Wave|p2a: Conkeldurr
|-damage|p2a: Conkeldurr|0 fnt
|faint|p2a: Conkeldurr
|-damage|p1a: Greninja|81/100|[from] item: Life Orb
|
|upkeep
|
|t:|1758276039
|switch|p2a: Vivillon|Vivillon-Pokeball, F|100/100
|turn|6
|
|t:|1758276043
|move|p1a: Greninja|Ice Beam|p2a: Vivillon
|-supereffective|p2a: Vivillon
|-enditem|p2a: Vivillon|Focus Sash
|-damage|p2a: Vivillon|1/100
|-damage|p1a: Greninja|71/100|[from] item: Life Orb
|move|p2a: Vivillon|Quiver Dance|p2a: Vivillon
|-boost|p2a: Vivillon|spa|1
|-boost|p2a: Vivillon|spd|1
|-boost|p2a: Vivillon|spe|1
|
|upkeep
|turn|7
|
|t:|1758276056
|move|p1a: Greninja|Surf|p2a: Vivillon
|-damage|p2a: Vivillon|0 fnt
|faint|p2a: Vivillon
|-damage|p1a: Greninja|61/100|[from] item: Life Orb
|
|upkeep
|
|t:|1758276063
|switch|p2a: Scizor|Scizor, M|100/100
|-activate|p2a: Scizor|move: Sticky Web
|-unboost|p2a: Scizor|spe|1
|turn|8
|
|t:|1758276069
|switch|p1a: Iron Treads|Iron Treads|100/100
|-enditem|p1a: Iron Treads|Booster Energy
|-activate|p1a: Iron Treads|ability: Quark Drive|[fromitem]
|-start|p1a: Iron Treads|quarkdrivespe
|move|p2a: Scizor|Bullet Punch|p1a: Iron Treads
|-resisted|p1a: Iron Treads
|-damage|p1a: Iron Treads|81/100
|
|upkeep
|turn|9
|
|t:|1758276080
|move|p1a: Iron Treads|Earthquake|p2a: Scizor
|-damage|p2a: Scizor|55/100
|move|p2a: Scizor|Swords Dance|p2a: Scizor
|-boost|p2a: Scizor|atk|2
|
|upkeep
|turn|10
|
|t:|1758276089
|-terastallize|p2a: Scizor|Bug
|move|p1a: Iron Treads|Earthquake|p2a: Scizor
|-resisted|p2a: Scizor
|-damage|p2a: Scizor|30/100
|move|p2a: Scizor|Swords Dance|p2a: Scizor
|-boost|p2a: Scizor|atk|2
|
|upkeep
|turn|11
|
|t:|1758276099
|move|p2a: Scizor|Bullet Punch|p1a: Iron Treads
|-resisted|p1a: Iron Treads
|-damage|p1a: Iron Treads|21/100
|move|p1a: Iron Treads|Ice Spinner|p2a: Scizor
|-damage|p2a: Scizor|4/100
|
|upkeep
|turn|12
|
|t:|1758276106
|move|p2a: Scizor|Bullet Punch|p1a: Iron Treads
|-resisted|p1a: Iron Treads
|-damage|p1a: Iron Treads|0 fnt
|faint|p1a: Iron Treads
|-end|p1a: Iron Treads|Quark Drive|[silent]
|
|upkeep
|
|t:|1758276111
|switch|p1a: Scream Tail|Scream Tail|100/100
|turn|13
|
|t:|1758276119
|move|p2a: Scizor|Bullet Punch|p1a: Scream Tail
|-supereffective|p1a: Scream Tail
|-damage|p1a: Scream Tail|0 fnt
|faint|p1a: Scream Tail
|-end|p1a: Scream Tail|Protosynthesis|[silent]
|
|upkeep
|-message|saint246 forfeited.
|
|win|zaheen2012r
|raw|saint246's rating: 1093 &rarr; <strong>1067</strong><br />(-26 for losing)
|raw|zaheen2012r's rating: 1059 &rarr; <strong>1093</strong><br />(+34 for winning)
|l|☆saint246
|player|p1|
|l|☆zaheen2012r
|player|p2|
