|j|☆A Regular Plumbus
|j|☆thepetrey
|t:|1758367742
|gametype|singles
|player|p1|A Regular Plumbus|baker|1483
|player|p2|thepetrey|266|1459
|gen|9
|tier|[Gen 9] OU
|rated|
|rule|HP Percentage Mod: HP is shown in percentages
|rule|Endless Battle Clause: Forcing endless battles is banned
|rule|Species Clause: Limit one of each Pokémon
|rule|OHKO Clause: OHKO moves are banned
|rule|Evasion Items Clause: Evasion items are banned
|rule|Evasion Moves Clause: Evasion moves are banned
|rule|Evasion Abilities Clause: Evasion abilities are banned
|rule|Sleep Moves Clause: Sleep-inducing moves are banned
|clearpoke
|poke|p1|Chesnaught, F|
|poke|p1|Armarouge, M|
|poke|p1|Thundurus-Therian, M|
|poke|p1|Tentacruel, M|
|poke|p1|Tornadus-Therian, M|
|poke|p1|Garganacl, M|
|poke|p2|Weavile, M|
|poke|p2|Cinderace, F|
|poke|p2|Primarina, M|
|poke|p2|Dragonite, M|
|poke|p2|Iron Treads|
|poke|p2|Slowking-Galar, M|
|teampreview
|inactive|Battle timer is ON: inactive players will automatically lose when time's up. (requested by A Regular Plumbus)
|
|t:|1758367768
|teamsize|p1|6
|teamsize|p2|6
|start
|switch|p1a: Garganacl|Garganacl, M|100/100
|switch|p2a: Cinderace|Cinderace, F|100/100
|turn|1
|
|t:|1758367773
|move|p2a: Cinderace|U-turn|p1a: Garganacl
|-start|p2a: Cinderace|typechange|Bug|[from] ability: Libero
|-damage|p1a: Garganacl|84/100
|
|t:|1758367780
|switch|p2a: Slowking|Slowking-Galar, M|100/100|[from] U-turn
|move|p1a: Garganacl|Salt Cure|p2a: Slowking
|-damage|p2a: Slowking|90/100
|-start|p2a: Slowking|Salt Cure
|
|-heal|p1a: Garganacl|90/100|[from] item: Leftovers
|-heal|p2a: Slowking|96/100|[from] item: Black Sludge
|-damage|p2a: Slowking|84/100|[from] Salt Cure
|upkeep
|turn|2
|
|t:|1758367788
|move|p1a: Garganacl|Stealth Rock|p2a: Slowking
|-sidestart|p2: thepetrey|move: Stealth Rock
|move|p2a: Slowking|Future Sight|p1a: Garganacl
|-start|p2a: Slowking|move: Future Sight
|
|-heal|p1a: Garganacl|96/100|[from] item: Leftovers
|-heal|p2a: Slowking|90/100|[from] item: Black Sludge
|-damage|p2a: Slowking|78/100|[from] Salt Cure
|upkeep
|turn|3
|
|t:|1758367801
|move|p1a: Garganacl|Salt Cure|p2a: Slowking
|-damage|p2a: Slowking|67/100
|-prepare|p2a: Slowking|Chilly Reception|[premajor]
|move|p2a: Slowking|Chilly Reception|p2a: Slowking
|-weather|Snowscape
|
|t:|1758367804
|switch|p2a: Primarina|Primarina, M|100/100|[from] Chilly Reception
|-damage|p2a: Primarina|88/100|[from] Stealth Rock
|
|-weather|Snowscape|[upkeep]
|-heal|p2a: Primarina|94/100|[from] item: Leftovers
|-heal|p1a: Garganacl|100/100|[from] item: Leftovers
|upkeep
|turn|4
|
|t:|1758367813
|move|p1a: Garganacl|Protect|p1a: Garganacl
|-singleturn|p1a: Garganacl|Protect
|move|p2a: Primarina|Substitute|p2a: Primarina
|-start|p2a: Primarina|Substitute
|-damage|p2a: Primarina|69/100
|
|-weather|Snowscape|[upkeep]
|-end|p1a: Garganacl|move: Future Sight
|-damage|p1a: Garganacl|72/100
|-heal|p2a: Primarina|75/100|[from] item: Leftovers
|-heal|p1a: Garganacl|78/100|[from] item: Leftovers
|upkeep
|turn|5
|
|t:|1758367817
|switch|p1a: Tentacruel|Tentacruel, M|100/100
|move|p2a: Primarina|Calm Mind|p2a: Primarina
|-boost|p2a: Primarina|spa|1
|-boost|p2a: Primarina|spd|1
|
|-weather|Snowscape|[upkeep]
|-heal|p2a: Primarina|81/100|[from] item: Leftovers
|upkeep
|turn|6
|
|t:|1758367825
|move|p1a: Tentacruel|Sludge Bomb|p2a: Primarina
|-supereffective|p2a: Primarina
|-end|p2a: Primarina|Substitute
|move|p2a: Primarina|Calm Mind|p2a: Primarina
|-boost|p2a: Primarina|spa|1
|-boost|p2a: Primarina|spd|1
|
|-weather|Snowscape|[upkeep]
|-heal|p2a: Primarina|88/100|[from] item: Leftovers
|upkeep
|turn|7
|
|t:|1758367838
|-terastallize|p2a: Primarina|Poison
|move|p1a: Tentacruel|Sludge Bomb|p2a: Primarina
|-resisted|p2a: Primarina
|-damage|p2a: Primarina|82/100
|move|p2a: Primarina|Calm Mind|p2a: Primarina
|-boost|p2a: Primarina|spa|1
|-boost|p2a: Primarina|spd|1
|
|-weather|none
|-heal|p2a: Primarina|88/100|[from] item: Leftovers
|upkeep
|turn|8
|
|t:|1758367840
|move|p1a: Tentacruel|Flip Turn|p2a: Primarina
|-damage|p2a: Primarina|71/100
|
|t:|1758367846
|switch|p1a: Tornadus|Tornadus-Therian, M|100/100|[from] Flip Turn
|move|p2a: Primarina|Substitute|p2a: Primarina
|-start|p2a: Primarina|Substitute
|-damage|p2a: Primarina|46/100
|
|-heal|p2a: Primarina|52/100|[from] item: Leftovers
|upkeep
|turn|9
|
|t:|1758367853
|move|p1a: Tornadus|Bleakwind Storm|p2a: Primarina
|-activate|p2a: Primarina|move: Substitute|[damage]
|move|p2a: Primarina|Moonblast|p1a: Tornadus
|-damage|p1a: Tornadus|0 fnt
|faint|p1a: Tornadus
|
|-heal|p2a: Primarina|58/100|[from] item: Leftovers
|upkeep
|
|t:|1758367865
|switch|p1a: Thundurus|Thundurus-Therian, M, shiny|100/100
|turn|10
|
|t:|1758367869
|move|p1a: Thundurus|Thunderbolt|p2a: Primarina
|-end|p2a: Primarina|Substitute
|move|p2a: Primarina|Moonblast|p1a: Thundurus
|-damage|p1a: Thundurus|0 fnt
|faint|p1a: Thundurus
|
|-heal|p2a: Primarina|64/100|[from] item: Leftovers
|upkeep
|
|t:|1758367877
|switch|p1a: Armarouge|Armarouge, M|100/100
|turn|11
|
|t:|1758367883
|-terastallize|p1a: Armarouge|Bug
|move|p1a: Armarouge|Calm Mind|p1a: Armarouge
|-boost|p1a: Armarouge|spa|1
|-boost|p1a: Armarouge|spd|1
|move|p2a: Primarina|Surf|p1a: Armarouge
|-damage|p1a: Armarouge|15/100
|
|-heal|p1a: Armarouge|21/100|[from] item: Leftovers
|-heal|p2a: Primarina|70/100|[from] item: Leftovers
|upkeep
|turn|12
|
|t:|1758367889
|move|p1a: Armarouge|Stored Power|p2a: Primarina
|-supereffective|p2a: Primarina
|-damage|p2a: Primarina|47/100
|move|p2a: Primarina|Surf|p1a: Armarouge
|-damage|p1a: Armarouge|0 fnt
|faint|p1a: Armarouge
|
|-heal|p2a: Primarina|53/100|[from] item: Leftovers
|upkeep
|-message|A Regular Plumbus forfeited.
|
|win|thepetrey
|raw|A Regular Plumbus's rating: 1483 &rarr; <strong>1462</strong><br />(-21 for losing)
|raw|thepetrey's rating: 1459 &rarr; <strong>1480</strong><br />(+21 for winning)
|l|☆A Regular Plumbus
|player|p1|
|l|☆thepetrey
|player|p2|
