|j|☆tpz blaze
|j|☆CrystallizedGarden
|t:|1758231618
|gametype|singles
|player|p1|tpz blaze|170|1047
|player|p2|CrystallizedGarden|skyla|1068
|gen|9
|tier|[Gen 9] OU
|rated|
|rule|HP Percentage Mod: HP is shown in percentages
|rule|Endless Battle Clause: Forcing endless battles is banned
|rule|Species Clause: Limit one of each Pokémon
|rule|OHKO Clause: OHKO moves are banned
|rule|Evasion Items Clause: Evasion items are banned
|rule|Evasion Moves Clause: Evasion moves are banned
|rule|Evasion Abilities Clause: Evasion abilities are banned
|rule|Sleep Moves Clause: Sleep-inducing moves are banned
|clearpoke
|poke|p1|Breloom, M|
|poke|p1|Dragapult, F|
|poke|p1|Maushold-Four|
|poke|p1|Ursaluna, M|
|poke|p1|Gardevoir, F|
|poke|p1|Glimmora, F|
|poke|p2|Perrserker, M|
|poke|p2|Slowbro-Galar, M|
|poke|p2|Beartic, M|
|poke|p2|Avalugg-Hisui, M|
|poke|p2|Blastoise, M|
|poke|p2|Clodsire, F|
|teampreview
|
|t:|1758231635
|teamsize|p1|6
|teamsize|p2|6
|start
|switch|p1a: Glimmora|Glimmora, F|100/100
|switch|p2a: Avalugg|Avalugg-Hisui, M|100/100
|turn|1
|
|t:|1758231644
|move|p1a: Glimmora|Acid Armor|p1a: Glimmora
|-boost|p1a: Glimmora|def|2
|move|p2a: Avalugg|Body Press|p1a: Glimmora
|-damage|p1a: Glimmora|85/100
|-activate|p1a: Glimmora|ability: Toxic Debris
|-sidestart|p2: CrystallizedGarden|move: Toxic Spikes
|
|upkeep
|turn|2
|
|t:|1758231653
|switch|p2a: Blastoise|Blastoise, M|100/100
|-status|p2a: Blastoise|psn
|move|p1a: Glimmora|Acid Armor|p1a: Glimmora
|-boost|p1a: Glimmora|def|2
|
|-damage|p2a: Blastoise|88/100 psn|[from] psn
|upkeep
|turn|3
|
|t:|1758231667
|move|p2a: Blastoise|Shell Smash|p2a: Blastoise
|-unboost|p2a: Blastoise|def|1
|-unboost|p2a: Blastoise|spd|1
|-boost|p2a: Blastoise|atk|2
|-boost|p2a: Blastoise|spa|2
|-boost|p2a: Blastoise|spe|2
|-enditem|p2a: Blastoise|White Herb
|-clearnegativeboost|p2a: Blastoise|[silent]
|move|p1a: Glimmora|Light Screen|p1a: Glimmora
|-sidestart|p1: tpz blaze|move: Light Screen
|
|-damage|p2a: Blastoise|76/100 psn|[from] psn
|upkeep
|turn|4
|
|t:|1758231676
|switch|p1a: Breloom|Breloom, M|100/100
|move|p2a: Blastoise|Surf|p1a: Breloom
|-resisted|p1a: Breloom
|-damage|p1a: Breloom|68/100
|
|-damage|p2a: Blastoise|63/100 psn|[from] psn
|-status|p1a: Breloom|tox|[from] item: Toxic Orb
|upkeep
|turn|5
|
|t:|1758231682
|-terastallize|p2a: Blastoise|Electric
|move|p2a: Blastoise|Ice Beam|p1a: Breloom
|-supereffective|p1a: Breloom
|-damage|p1a: Breloom|0 fnt
|faint|p1a: Breloom
|
|-damage|p2a: Blastoise|51/100 psn|[from] psn
|upkeep
|
|t:|1758231686
|switch|p1a: Ursaluna|Ursaluna, M|100/100
|turn|6
|
|t:|1758231692
|move|p2a: Blastoise|Surf|p1a: Ursaluna
|-supereffective|p1a: Ursaluna
|-damage|p1a: Ursaluna|34/100
|move|p1a: Ursaluna|Headlong Rush|p2a: Blastoise
|-supereffective|p2a: Blastoise
|-damage|p2a: Blastoise|0 fnt
|-unboost|p1a: Ursaluna|def|1
|-unboost|p1a: Ursaluna|spd|1
|faint|p2a: Blastoise
|
|-status|p1a: Ursaluna|brn|[from] item: Flame Orb
|upkeep
|
|t:|1758231701
|switch|p2a: Avalugg|Avalugg-Hisui, M|100/100
|-status|p2a: Avalugg|psn
|turn|7
|
|t:|1758231707
|switch|p1a: Glimmora|Glimmora, F|85/100
|move|p2a: Avalugg|Rapid Spin|p1a: Glimmora
|-resisted|p1a: Glimmora
|-damage|p1a: Glimmora|75/100
|-boost|p2a: Avalugg|spe|1
|-activate|p1a: Glimmora|ability: Toxic Debris
|-sidestart|p2: CrystallizedGarden|move: Toxic Spikes
|-sideend|p2: CrystallizedGarden|Toxic Spikes|[from] move: Rapid Spin|[of] p2a: Avalugg
|
|-damage|p2a: Avalugg|88/100 psn|[from] psn
|-sideend|p1: tpz blaze|move: Light Screen
|upkeep
|turn|8
|
|t:|1758231720
|switch|p2a: Beartic|Beartic, M, shiny|100/100
|move|p1a: Glimmora|Acid Armor|p1a: Glimmora
|-boost|p1a: Glimmora|def|2
|
|upkeep
|turn|9
|
|t:|1758231729
|move|p1a: Glimmora|Power Gem|p2a: Beartic
|-supereffective|p2a: Beartic
|-damage|p2a: Beartic|18/100
|move|p2a: Beartic|Earthquake|p1a: Glimmora
|-supereffective|p1a: Glimmora
|-damage|p1a: Glimmora|0 fnt
|-activate|p1a: Glimmora|ability: Toxic Debris
|-sidestart|p2: CrystallizedGarden|move: Toxic Spikes
|faint|p1a: Glimmora
|-damage|p2a: Beartic|8/100|[from] item: Life Orb
|
|upkeep
|
|t:|1758231739
|switch|p1a: Maushold|Maushold-Four|100/100
|turn|10
|
|t:|1758231743
|move|p1a: Maushold|Bullet Seed|p2a: Beartic
|-damage|p2a: Beartic|0 fnt
|faint|p2a: Beartic
|-hitcount|p2: Beartic|1
|
|upkeep
|
|t:|1758231750
|switch|p2a: Perrserker|Perrserker, M, shiny|100/100
|turn|11
|
|t:|1758231760
|move|p1a: Maushold|Bullet Seed|p2a: Perrserker
|-resisted|p2a: Perrserker
|-damage|p2a: Perrserker|96/100
|-resisted|p2a: Perrserker
|-damage|p2a: Perrserker|91/100
|-resisted|p2a: Perrserker
|-damage|p2a: Perrserker|87/100
|-resisted|p2a: Perrserker
|-damage|p2a: Perrserker|83/100
|-hitcount|p2a: Perrserker|4
|move|p2a: Perrserker|Knock Off|p1a: Maushold
|-crit|p1a: Maushold
|-damage|p1a: Maushold|0 fnt
|-enditem|p1a: Maushold|Loaded Dice|[from] move: Knock Off|[of] p2a: Perrserker
|faint|p1a: Maushold
|
|-heal|p2a: Perrserker|89/100|[from] item: Leftovers
|upkeep
|
|t:|1758231763
|switch|p1a: Dragapult|Dragapult, F|100/100
|turn|12
|
|t:|1758231778
|move|p1a: Dragapult|Dragon Dance|p1a: Dragapult
|-boost|p1a: Dragapult|atk|1
|-boost|p1a: Dragapult|spe|1
|move|p2a: Perrserker|Knock Off|p1a: Dragapult
|-supereffective|p1a: Dragapult
|-damage|p1a: Dragapult|19/100
|
|-heal|p2a: Perrserker|95/100|[from] item: Leftovers
|upkeep
|turn|13
|
|t:|1758231792
|move|p1a: Dragapult|Shadow Ball|p2a: Perrserker
|-damage|p2a: Perrserker|52/100
|move|p2a: Perrserker|Knock Off|p1a: Dragapult
|-supereffective|p1a: Dragapult
|-damage|p1a: Dragapult|0 fnt
|faint|p1a: Dragapult
|
|-heal|p2a: Perrserker|58/100|[from] item: Leftovers
|upkeep
|
|t:|1758231795
|switch|p1a: Gardevoir|Gardevoir, F|100/100
|-ability|p1a: Gardevoir|Tough Claws|Trace|[from] ability: Trace|[of] p2a: Perrserker
|turn|14
|
|t:|1758231807
|move|p1a: Gardevoir|Healing Wish|p1a: Gardevoir
|faint|p1a: Gardevoir
|move|p2a: Perrserker|Iron Head|p1: Gardevoir|[notarget]
|-fail|p2a: Perrserker
|
|-heal|p2a: Perrserker|64/100|[from] item: Leftovers
|upkeep
|
|t:|1758231809
|switch|p1a: Ursaluna|Ursaluna, M|34/100 brn
|-heal|p1a: Ursaluna|100/100|[from] move: Healing Wish
|turn|15
|
|t:|1758231819
|move|p1a: Ursaluna|Swords Dance|p1a: Ursaluna
|-boost|p1a: Ursaluna|atk|2
|move|p2a: Perrserker|Knock Off|p1a: Ursaluna
|-damage|p1a: Ursaluna|71/100
|-enditem|p1a: Ursaluna|Flame Orb|[from] move: Knock Off|[of] p2a: Perrserker
|
|-heal|p2a: Perrserker|70/100|[from] item: Leftovers
|upkeep
|turn|16
|
|t:|1758231831
|move|p2a: Perrserker|Iron Head|p1a: Ursaluna
|-damage|p1a: Ursaluna|36/100
|cant|p1a: Ursaluna|flinch
|
|-heal|p2a: Perrserker|76/100|[from] item: Leftovers
|upkeep
|turn|17
|
|t:|1758231836
|move|p1a: Ursaluna|Headlong Rush|p2a: Perrserker
|-supereffective|p2a: Perrserker
|-damage|p2a: Perrserker|0 fnt
|-unboost|p1a: Ursaluna|def|1
|-unboost|p1a: Ursaluna|spd|1
|faint|p2a: Perrserker
|
|upkeep
|
|t:|1758231847
|switch|p2a: Avalugg|Avalugg-Hisui, M|88/100 psn
|turn|18
|
|t:|1758231851
|move|p2a: Avalugg|Body Press|p1a: Ursaluna
|-supereffective|p1a: Ursaluna
|-damage|p1a: Ursaluna|0 fnt
|faint|p1a: Ursaluna
|
|win|CrystallizedGarden
|raw|tpz blaze's rating: 1047 &rarr; <strong>1031</strong><br />(-16 for losing)
|raw|CrystallizedGarden's rating: 1068 &rarr; <strong>1096</strong><br />(+28 for winning)
|l|☆tpz blaze
|player|p1|
