|j|☆Sack o Rice
|j|☆jinu55
|t:|1758234117
|gametype|singles
|player|p1|Sack o Rice|lucas|1096
|player|p2|jinu55|byron|1139
|gen|9
|tier|[Gen 9] OU
|rated|
|rule|HP Percentage Mod: HP is shown in percentages
|rule|Endless Battle Clause: Forcing endless battles is banned
|rule|Species Clause: Limit one of each Pokémon
|rule|OHKO Clause: OHKO moves are banned
|rule|Evasion Items Clause: Evasion items are banned
|rule|Evasion Moves Clause: Evasion moves are banned
|rule|Evasion Abilities Clause: Evasion abilities are banned
|rule|Sleep Moves Clause: Sleep-inducing moves are banned
|clearpoke
|poke|p1|Azumarill, M|
|poke|p1|Hitmonlee, M|
|poke|p1|Lucario, M|
|poke|p1|Oinkologne, M|
|poke|p1|Slaking, M|
|poke|p1|Greninja-*, M|
|poke|p2|Hitmonlee, M|
|poke|p2|Cloyster, F|
|poke|p2|Breloom, M|
|poke|p2|Raichu, M|
|poke|p2|Swampert, M|
|poke|p2|Zamazenta-*|
|teampreview
|inactive|Battle timer is ON: inactive players will automatically lose when time's up. (requested by jinu55)
|inactive|Sack o Rice also wants the timer to be on.
|
|t:|1758234138
|teamsize|p1|6
|teamsize|p2|6
|start
|switch|p1a: Here’s the Kicker|Hitmonlee, M|100/100
|switch|p2a: Cloyster|Cloyster, F|100/100
|turn|1
|inactive|jinu55 has 120 seconds left.
|
|t:|1758234184
|move|p1a: Here’s the Kicker|Fling|p2a: Cloyster
|-damage|p2a: Cloyster|61/100
|-enditem|p1a: Here’s the Kicker|Big Nugget|[from] move: Fling
|move|p2a: Cloyster|Shell Smash|p2a: Cloyster
|-unboost|p2a: Cloyster|def|1
|-unboost|p2a: Cloyster|spd|1
|-boost|p2a: Cloyster|atk|2
|-boost|p2a: Cloyster|spa|2
|-boost|p2a: Cloyster|spe|2
|-enditem|p2a: Cloyster|White Herb
|-clearnegativeboost|p2a: Cloyster|[silent]
|
|upkeep
|turn|2
|
|t:|1758234200
|move|p1a: Here’s the Kicker|Close Combat|p2a: Cloyster
|-supereffective|p2a: Cloyster
|-damage|p2a: Cloyster|0 fnt
|-unboost|p1a: Here’s the Kicker|def|1
|-unboost|p1a: Here’s the Kicker|spd|1
|faint|p2a: Cloyster
|
|upkeep
|c|☆Sack o Rice|Gg
|c|☆Sack o Rice|Wait no
|
|t:|1758234219
|switch|p2a: Zamazenta|Zamazenta|100/100
|-ability|p2a: Zamazenta|Dauntless Shield|boost
|-boost|p2a: Zamazenta|def|1
|turn|3
|
|t:|1758234227
|move|p1a: Here’s the Kicker|Close Combat|p2a: Zamazenta
|-damage|p2a: Zamazenta|72/100
|-unboost|p1a: Here’s the Kicker|def|1
|-unboost|p1a: Here’s the Kicker|spd|1
|move|p2a: Zamazenta|Iron Defense|p2a: Zamazenta
|-boost|p2a: Zamazenta|def|2
|
|-heal|p2a: Zamazenta|78/100|[from] item: Leftovers
|upkeep
|turn|4
|
|t:|1758234251
|move|p1a: Here’s the Kicker|Earthquake|p2a: Zamazenta
|-damage|p2a: Zamazenta|68/100
|move|p2a: Zamazenta|Iron Defense|p2a: Zamazenta
|-boost|p2a: Zamazenta|def|2
|
|-heal|p2a: Zamazenta|74/100|[from] item: Leftovers
|upkeep
|turn|5
|
|t:|1758234257
|switch|p1a: Peppa Pig|Oinkologne, M, shiny|100/100
|move|p2a: Zamazenta|Iron Defense|p2a: Zamazenta
|-boost|p2a: Zamazenta|def|1
|
|-heal|p2a: Zamazenta|80/100|[from] item: Leftovers
|upkeep
|turn|6
|
|t:|1758234266
|move|p2a: Zamazenta|Body Press|p1a: Peppa Pig
|-supereffective|p1a: Peppa Pig
|-damage|p1a: Peppa Pig|0 fnt
|-ability|p2a: Zamazenta|Lingering Aroma|Dauntless Shield|[from] ability: Lingering Aroma|[of] p1a: Peppa Pig
|-activate|p1a: Peppa Pig|ability: Lingering Aroma|Dauntless Shield|[of] p2a: Zamazenta
|faint|p1a: Peppa Pig
|
|-heal|p2a: Zamazenta|87/100|[from] item: Leftovers
|upkeep
|
|t:|1758234272
|switch|p1a: The Loaf|Slaking, M|100/100
|turn|7
|
|t:|1758234280
|move|p2a: Zamazenta|Body Press|p1a: The Loaf
|-supereffective|p1a: The Loaf
|-damage|p1a: The Loaf|0 fnt
|faint|p1a: The Loaf
|
|-heal|p2a: Zamazenta|93/100|[from] item: Leftovers
|upkeep
|
|t:|1758234286
|switch|p1a: Blue|Azumarill, M|100/100
|turn|8
|
|t:|1758234293
|-terastallize|p2a: Zamazenta|Steel
|move|p2a: Zamazenta|Body Press|p1a: Blue
|-resisted|p1a: Blue
|-damage|p1a: Blue|11/100
|-enditem|p1a: Blue|Sitrus Berry|[eat]
|-heal|p1a: Blue|36/100|[from] item: Sitrus Berry
|move|p1a: Blue|Play Rough|p2a: Zamazenta|[miss]
|-miss|p1a: Blue|p2a: Zamazenta
|
|-heal|p2a: Zamazenta|99/100|[from] item: Leftovers
|upkeep
|turn|9
|
|t:|1758234300
|move|p2a: Zamazenta|Body Press|p1a: Blue
|-resisted|p1a: Blue
|-damage|p1a: Blue|0 fnt
|faint|p1a: Blue
|
|-heal|p2a: Zamazenta|100/100|[from] item: Leftovers
|upkeep
|
|t:|1758234304
|switch|p1a: Iron Fist|Lucario, M|100/100
|turn|10
|
|t:|1758234310
|move|p2a: Zamazenta|Body Press|p1a: Iron Fist
|-supereffective|p1a: Iron Fist
|-damage|p1a: Iron Fist|0 fnt
|faint|p1a: Iron Fist
|
|upkeep
|
|t:|1758234319
|switch|p1a: Here’s the Kicker|Hitmonlee, M|100/100
|turn|11
|
|t:|1758234326
|-terastallize|p1a: Here’s the Kicker|Fighting
|move|p2a: Zamazenta|Body Press|p1a: Here’s the Kicker
|-damage|p1a: Here’s the Kicker|0 fnt
|faint|p1a: Here’s the Kicker
|
|upkeep
|
|t:|1758234330
|switch|p1a: Tight Ninja|Greninja, M|100/100
|turn|12
|
|t:|1758234333
|move|p1a: Tight Ninja|Water Shuriken|p2a: Zamazenta
|-damage|p2a: Zamazenta|94/100
|-damage|p2a: Zamazenta|87/100
|-damage|p2a: Zamazenta|80/100
|-damage|p2a: Zamazenta|72/100
|-hitcount|p2a: Zamazenta|4
|move|p2a: Zamazenta|Body Press|p1a: Tight Ninja
|-supereffective|p1a: Tight Ninja
|-damage|p1a: Tight Ninja|0 fnt
|faint|p1a: Tight Ninja
|
|win|jinu55
|raw|Sack o Rice's rating: 1096 &rarr; <strong>1075</strong><br />(-21 for losing)
|raw|jinu55's rating: 1139 &rarr; <strong>1161</strong><br />(+22 for winning)
|l|☆Sack o Rice
|player|p1|
|l|☆jinu55
|player|p2|
