|j|☆Fvll3n
|j|☆risky dicky
|t:|1758341462
|gametype|singles
|player|p1|Fvll3n|266|1094
|player|p2|risky dicky|1|1080
|gen|9
|tier|[Gen 9] OU
|rated|
|rule|HP Percentage Mod: HP is shown in percentages
|rule|Endless Battle Clause: Forcing endless battles is banned
|rule|Species Clause: Limit one of each Pokémon
|rule|OHKO Clause: OHKO moves are banned
|rule|Evasion Items Clause: Evasion items are banned
|rule|Evasion Moves Clause: Evasion moves are banned
|rule|Evasion Abilities Clause: Evasion abilities are banned
|rule|Sleep Moves Clause: Sleep-inducing moves are banned
|clearpoke
|poke|p1|Pelipper, F|
|poke|p1|Hatterene, F|
|poke|p1|Iron Treads|
|poke|p1|Toxicroak, F|
|poke|p1|Barraskewda, F|
|poke|p1|Zapdos|
|poke|p2|Charizard, F|
|poke|p2|Pikachu, F|
|poke|p2|Squirtle, M|
|poke|p2|Bulbasaur, F|
|poke|p2|Lapras, F|
|poke|p2|Snorlax, M|
|teampreview
|
|t:|1758341472
|teamsize|p1|6
|teamsize|p2|6
|start
|switch|p1a: Pelipper|Pelipper, F|100/100
|switch|p2a: Squirtle|Squirtle, M|100/100
|-weather|RainDance|[from] ability: Drizzle|[of] p1a: Pelipper
|turn|1
|
|t:|1758341486
|move|p2a: Squirtle|Shell Smash|p2a: Squirtle
|-unboost|p2a: Squirtle|def|1
|-unboost|p2a: Squirtle|spd|1
|-boost|p2a: Squirtle|atk|2
|-boost|p2a: Squirtle|spa|2
|-boost|p2a: Squirtle|spe|2
|move|p1a: Pelipper|U-turn|p2a: Squirtle
|-damage|p2a: Squirtle|69/100
|
|t:|1758341495
|switch|p1a: Barraskewda|Barraskewda, F|100/100|[from] U-turn
|
|-weather|RainDance|[upkeep]
|upkeep
|turn|2
|
|t:|1758341514
|move|p2a: Squirtle|Aqua Jet|p1a: Barraskewda
|-resisted|p1a: Barraskewda
|-damage|p1a: Barraskewda|64/100
|move|p1a: Barraskewda|Liquidation|p2a: Squirtle
|-resisted|p2a: Squirtle
|-damage|p2a: Squirtle|0 fnt
|faint|p2a: Squirtle
|
|-weather|RainDance|[upkeep]
|upkeep
|
|t:|1758341524
|switch|p2a: Bulbasaur|Bulbasaur, F|100/100
|turn|3
|
|t:|1758341529
|move|p1a: Barraskewda|Liquidation|p2a: Bulbasaur
|-resisted|p2a: Bulbasaur
|-damage|p2a: Bulbasaur|49/100
|-unboost|p2a: Bulbasaur|def|1
|move|p2a: Bulbasaur|Leech Seed|p1a: Barraskewda
|-start|p1a: Barraskewda|move: Leech Seed
|
|-weather|RainDance|[upkeep]
|-damage|p1a: Barraskewda|52/100|[from] Leech Seed|[of] p2a: Bulbasaur
|-heal|p2a: Bulbasaur|63/100|[silent]
|upkeep
|turn|4
|
|t:|1758341540
|move|p2a: Bulbasaur|Protect|p2a: Bulbasaur
|-singleturn|p2a: Bulbasaur|Protect
|move|p1a: Barraskewda|Liquidation|p2a: Bulbasaur
|-activate|p2a: Bulbasaur|move: Protect
|
|-weather|RainDance|[upkeep]
|-damage|p1a: Barraskewda|40/100|[from] Leech Seed|[of] p2a: Bulbasaur
|-heal|p2a: Bulbasaur|76/100|[silent]
|upkeep
|turn|5
|
|t:|1758341552
|switch|p2a: Lapras|Lapras, F|100/100
|move|p1a: Barraskewda|Liquidation|p2a: Lapras
|-immune|p2a: Lapras|[from] ability: Water Absorb
|
|-weather|RainDance|[upkeep]
|-damage|p1a: Barraskewda|28/100|[from] Leech Seed|[of] p2a: Lapras
|upkeep
|turn|6
|
|t:|1758341566
|switch|p1a: Zapdos|Zapdos|100/100
|move|p2a: Lapras|Protect||[still]
|-fail|p2a: Lapras
|
|-weather|RainDance|[upkeep]
|upkeep
|turn|7
|
|t:|1758341574
|switch|p2a: Pikachu|Pikachu, F|100/100
|move|p1a: Zapdos|Thunder|p2a: Pikachu
|-ability|p2a: Pikachu|Lightning Rod|boost
|-boost|p2a: Pikachu|spa|1
|
|-weather|RainDance|[upkeep]
|upkeep
|turn|8
|
|t:|1758341587
|switch|p1a: Iron Treads|Iron Treads|100/100
|-terastallize|p2a: Pikachu|Water
|move|p2a: Pikachu|Agility|p2a: Pikachu
|-boost|p2a: Pikachu|spe|2
|
|-weather|none
|upkeep
|turn|9
|
|t:|1758341599
|move|p2a: Pikachu|Surf|p1a: Iron Treads
|-supereffective|p1a: Iron Treads
|-damage|p1a: Iron Treads|0 fnt
|faint|p1a: Iron Treads
|-end|p1a: Iron Treads|Quark Drive|[silent]
|
|upkeep
|
|t:|1758341605
|switch|p1a: Pelipper|Pelipper, F|100/100
|-weather|RainDance|[from] ability: Drizzle|[of] p1a: Pelipper
|turn|10
|
|t:|1758341611
|move|p2a: Pikachu|Agility|p2a: Pikachu
|-boost|p2a: Pikachu|spe|2
|move|p1a: Pelipper|U-turn|p2a: Pikachu
|-damage|p2a: Pikachu|72/100
|
|t:|1758341619
|switch|p1a: Zapdos|Zapdos|100/100|[from] U-turn
|
|-weather|RainDance|[upkeep]
|upkeep
|turn|11
|
|t:|1758341627
|move|p2a: Pikachu|Surf|p1a: Zapdos
|-damage|p1a: Zapdos|0 fnt
|faint|p1a: Zapdos
|
|-weather|RainDance|[upkeep]
|upkeep
|
|t:|1758341639
|switch|p1a: Barraskewda|Barraskewda, F|28/100
|turn|12
|
|t:|1758341649
|move|p1a: Barraskewda|Aqua Jet|p2a: Pikachu
|-resisted|p2a: Pikachu
|-damage|p2a: Pikachu|0 fnt
|faint|p2a: Pikachu
|
|-weather|RainDance|[upkeep]
|upkeep
|inactive|Battle timer is ON: inactive players will automatically lose when time's up. (requested by risky dicky)
|
|t:|1758341656
|switch|p2a: Bulbasaur|Bulbasaur, F|76/100
|turn|13
|
|t:|1758341660
|move|p1a: Barraskewda|Aqua Jet|p2a: Bulbasaur
|-resisted|p2a: Bulbasaur
|-damage|p2a: Bulbasaur|49/100
|move|p2a: Bulbasaur|Leech Seed|p1a: Barraskewda
|-start|p1a: Barraskewda|move: Leech Seed
|
|-weather|RainDance|[upkeep]
|-damage|p1a: Barraskewda|16/100|[from] Leech Seed|[of] p2a: Bulbasaur
|-heal|p2a: Bulbasaur|63/100|[silent]
|upkeep
|turn|14
|l|☆risky dicky
|inactive|risky dicky disconnected and has a minute to reconnect!
|player|p2|
|j|☆risky dicky
|inactive|risky dicky reconnected and has 110 seconds left.
|player|p2|risky dicky|1|
|
|t:|1758341711
|switch|p1a: Toxicroak|Toxicroak, F|100/100
|move|p2a: Bulbasaur|Substitute|p2a: Bulbasaur
|-start|p2a: Bulbasaur|Substitute
|-damage|p2a: Bulbasaur|38/100
|
|-weather|RainDance|[upkeep]
|upkeep
|turn|15
|
|t:|1758341731
|move|p1a: Toxicroak|Drain Punch|p2a: Bulbasaur
|-resisted|p2a: Bulbasaur
|-activate|p2a: Bulbasaur|move: Substitute|[damage]
|move|p2a: Bulbasaur|Leech Seed|p1a: Toxicroak
|-start|p1a: Toxicroak|move: Leech Seed
|
|-weather|RainDance|[upkeep]
|-damage|p1a: Toxicroak|88/100|[from] Leech Seed|[of] p2a: Bulbasaur
|-heal|p2a: Bulbasaur|57/100|[silent]
|upkeep
|turn|16
|
|t:|1758341743
|switch|p1a: Pelipper|Pelipper, F|100/100
|move|p2a: Bulbasaur|Protect||[still]
|-fail|p2a: Bulbasaur
|
|-weather|RainDance|[upkeep]
|upkeep
|turn|17
|
|t:|1758341750
|move|p2a: Bulbasaur|Leech Seed|p1a: Pelipper
|-start|p1a: Pelipper|move: Leech Seed
|move|p1a: Pelipper|Hurricane|p2a: Bulbasaur
|-supereffective|p2a: Bulbasaur
|-end|p2a: Bulbasaur|Substitute
|
|-weather|none
|-damage|p1a: Pelipper|88/100|[from] Leech Seed|[of] p2a: Bulbasaur
|-heal|p2a: Bulbasaur|75/100|[silent]
|upkeep
|turn|18
|inactive|risky dicky has 120 seconds left.
|inactive|risky dicky has 90 seconds left.
|
|t:|1758341786
|move|p2a: Bulbasaur|Protect|p2a: Bulbasaur
|-singleturn|p2a: Bulbasaur|Protect
|move|p1a: Pelipper|Hurricane|p2a: Bulbasaur
|-activate|p2a: Bulbasaur|move: Protect
|
|-damage|p1a: Pelipper|76/100|[from] Leech Seed|[of] p2a: Bulbasaur
|-heal|p2a: Bulbasaur|92/100|[silent]
|upkeep
|turn|19
|l|☆risky dicky
|inactive|risky dicky disconnected and has a minute to reconnect!
|player|p2|
|j|☆risky dicky
|inactive|risky dicky reconnected and has 90 seconds left.
|player|p2|risky dicky|1|
|
|t:|1758341805
|move|p2a: Bulbasaur|Substitute|p2a: Bulbasaur
|-start|p2a: Bulbasaur|Substitute
|-damage|p2a: Bulbasaur|67/100
|move|p1a: Pelipper|Hurricane|p2a: Bulbasaur
|-supereffective|p2a: Bulbasaur
|-end|p2a: Bulbasaur|Substitute
|
|-damage|p1a: Pelipper|63/100|[from] Leech Seed|[of] p2a: Bulbasaur
|-heal|p2a: Bulbasaur|84/100|[silent]
|upkeep
|turn|20
|inactive|risky dicky has 90 seconds left.
|
|t:|1758341816
|move|p2a: Bulbasaur|Protect|p2a: Bulbasaur
|-singleturn|p2a: Bulbasaur|Protect
|move|p1a: Pelipper|Hurricane|p2a: Bulbasaur
|-activate|p2a: Bulbasaur|move: Protect
|
|-damage|p1a: Pelipper|51/100|[from] Leech Seed|[of] p2a: Bulbasaur
|-heal|p2a: Bulbasaur|100/100|[silent]
|upkeep
|turn|21
|
|t:|1758341824
|move|p2a: Bulbasaur|Toxic|p1a: Pelipper
|-status|p1a: Pelipper|tox
|move|p1a: Pelipper|Hurricane|p2a: Bulbasaur
|-supereffective|p2a: Bulbasaur
|-damage|p2a: Bulbasaur|23/100
|-start|p2a: Bulbasaur|confusion
|
|-damage|p1a: Pelipper|39/100 tox|[from] Leech Seed|[of] p2a: Bulbasaur
|-heal|p2a: Bulbasaur|40/100|[silent]
|-damage|p1a: Pelipper|32/100 tox|[from] psn
|upkeep
|turn|22
|
|t:|1758341836
|-activate|p2a: Bulbasaur|confusion
|-damage|p2a: Bulbasaur|33/100|[from] confusion
|move|p1a: Pelipper|Roost|p1a: Pelipper
|-heal|p1a: Pelipper|83/100 tox
|-singleturn|p1a: Pelipper|move: Roost
|
|-damage|p1a: Pelipper|70/100 tox|[from] Leech Seed|[of] p2a: Bulbasaur
|-heal|p2a: Bulbasaur|50/100|[silent]
|-damage|p1a: Pelipper|58/100 tox|[from] psn
|upkeep
|turn|23
|
|t:|1758341847
|-activate|p2a: Bulbasaur|confusion
|move|p2a: Bulbasaur|Protect|p2a: Bulbasaur
|-singleturn|p2a: Bulbasaur|Protect
|move|p1a: Pelipper|Roost|p1a: Pelipper
|-heal|p1a: Pelipper|100/100 tox
|-singleturn|p1a: Pelipper|move: Roost
|
|-damage|p1a: Pelipper|88/100 tox|[from] Leech Seed|[of] p2a: Bulbasaur
|-heal|p2a: Bulbasaur|67/100|[silent]
|-damage|p1a: Pelipper|70/100 tox|[from] psn
|upkeep
|turn|24
|inactive|risky dicky has 90 seconds left.
|l|☆risky dicky
|inactive|risky dicky disconnected and has a minute to reconnect!
|player|p2|
|j|☆risky dicky
|inactive|risky dicky reconnected and has 65 seconds left.
|player|p2|risky dicky|1|
|inactive|risky dicky has 60 seconds left.
|
|t:|1758341894
|-activate|p2a: Bulbasaur|confusion
|move|p2a: Bulbasaur|Substitute|p2a: Bulbasaur
|-start|p2a: Bulbasaur|Substitute
|-damage|p2a: Bulbasaur|42/100
|move|p1a: Pelipper|Hurricane|p2a: Bulbasaur|[miss]
|-miss|p1a: Pelipper|p2a: Bulbasaur
|
|-damage|p1a: Pelipper|57/100 tox|[from] Leech Seed|[of] p2a: Bulbasaur
|-heal|p2a: Bulbasaur|60/100|[silent]
|-damage|p1a: Pelipper|32/100 tox|[from] psn
|upkeep
|turn|25
|inactive|risky dicky has 60 seconds left.
|
|t:|1758341905
|-end|p2a: Bulbasaur|confusion
|move|p2a: Bulbasaur|Protect|p2a: Bulbasaur
|-singleturn|p2a: Bulbasaur|Protect
|move|p1a: Pelipper|Hurricane|p2a: Bulbasaur
|-activate|p2a: Bulbasaur|move: Protect
|
|-damage|p1a: Pelipper|20/100 tox|[from] Leech Seed|[of] p2a: Bulbasaur
|-heal|p2a: Bulbasaur|77/100|[silent]
|-damage|p1a: Pelipper|0 fnt|[from] psn
|faint|p1a: Pelipper
|upkeep
|
|t:|1758341926
|switch|p1a: Hatterene|Hatterene, F|100/100
|turn|26
|
|t:|1758341935
|switch|p2a: Snorlax|Snorlax, M|100/100
|move|p1a: Hatterene|Psychic Noise|p2a: Snorlax
|-damage|p2a: Snorlax|78/100
|-start|p2a: Snorlax|move: Heal Block
|
|upkeep
|turn|27
|l|☆risky dicky
|inactive|risky dicky disconnected and has a minute to reconnect!
|player|p2|
|j|☆risky dicky
|inactive|risky dicky reconnected and has 50 seconds left.
|player|p2|risky dicky|1|
|
|t:|1758341968
|move|p1a: Hatterene|Nuzzle|p2a: Snorlax
|-damage|p2a: Snorlax|74/100
|-status|p2a: Snorlax|par
|move|p2a: Snorlax|Heavy Slam|p1a: Hatterene
|-supereffective|p1a: Hatterene
|-damage|p1a: Hatterene|25/100
|-enditem|p1a: Hatterene|Eject Button
|
|t:|1758341978
|switch|p1a: Toxicroak|Toxicroak, F|88/100
|
|-end|p2a: Snorlax|move: Heal Block
|upkeep
|turn|28
|inactive|risky dicky has 60 seconds left.
|
|t:|1758341985
|move|p1a: Toxicroak|Toxic||[still]
|-fail|p1a: Toxicroak
|move|p2a: Snorlax|Rest|p2a: Snorlax
|-status|p2a: Snorlax|slp|[from] move: Rest
|-heal|p2a: Snorlax|100/100 slp|[silent]
|
|upkeep
|turn|29
|
|t:|1758341993
|move|p1a: Toxicroak|Toxic||[still]
|-fail|p1a: Toxicroak
|cant|p2a: Snorlax|slp
|move|p2a: Snorlax|Sleep Talk|p2a: Snorlax
|move|p2a: Snorlax|Rest||[from] move: Sleep Talk|[still]
|-fail|p2a: Snorlax
|
|upkeep
|turn|30
|
|t:|1758342002
|move|p1a: Toxicroak|Drain Punch|p2a: Snorlax
|-supereffective|p2a: Snorlax
|-damage|p2a: Snorlax|62/100 slp
|-heal|p1a: Toxicroak|100/100|[from] drain|[of] p2a: Snorlax
|cant|p2a: Snorlax|slp
|move|p2a: Snorlax|Sleep Talk|p2a: Snorlax
|move|p2a: Snorlax|Heavy Slam|p1a: Toxicroak|[from] move: Sleep Talk
|-damage|p1a: Toxicroak|61/100
|-damage|p2a: Snorlax|46/100 slp|[from] item: Rocky Helmet|[of] p1a: Toxicroak
|-enditem|p2a: Snorlax|Sitrus Berry|[eat]
|-heal|p2a: Snorlax|71/100 slp|[from] item: Sitrus Berry
|
|upkeep
|turn|31
|
|t:|1758342021
|move|p1a: Toxicroak|Drain Punch|p2a: Snorlax
|-supereffective|p2a: Snorlax
|-damage|p2a: Snorlax|29/100 slp
|-heal|p1a: Toxicroak|87/100|[from] drain|[of] p2a: Snorlax
|-curestatus|p2a: Snorlax|slp|[msg]
|move|p2a: Snorlax|Curse|p2a: Snorlax
|-unboost|p2a: Snorlax|spe|1
|-boost|p2a: Snorlax|atk|1
|-boost|p2a: Snorlax|def|1
|
|upkeep
|turn|32
|
|t:|1758342031
|move|p1a: Toxicroak|Drain Punch|p2a: Snorlax
|-supereffective|p2a: Snorlax
|-damage|p2a: Snorlax|0 fnt
|-heal|p1a: Toxicroak|100/100|[from] drain|[of] p2a: Snorlax
|faint|p2a: Snorlax
|
|upkeep
|
|t:|1758342038
|switch|p2a: Charizard|Charizard, F|100/100
|turn|33
|
|t:|1758342045
|move|p2a: Charizard|Air Slash|p1a: Toxicroak
|-supereffective|p1a: Toxicroak
|-damage|p1a: Toxicroak|14/100
|move|p1a: Toxicroak|Toxic|p2a: Charizard
|-status|p2a: Charizard|tox
|
|-damage|p2a: Charizard|94/100 tox|[from] psn
|upkeep
|turn|34
|
|t:|1758342056
|move|p2a: Charizard|Air Slash|p1a: Toxicroak
|-supereffective|p1a: Toxicroak
|-damage|p1a: Toxicroak|0 fnt
|faint|p1a: Toxicroak
|
|-damage|p2a: Charizard|82/100 tox|[from] psn
|upkeep
|
|t:|1758342064
|switch|p1a: Barraskewda|Barraskewda, F|16/100
|turn|35
|
|t:|1758342078
|move|p2a: Charizard|Air Slash|p1a: Barraskewda
|-damage|p1a: Barraskewda|0 fnt
|faint|p1a: Barraskewda
|
|-damage|p2a: Charizard|64/100 tox|[from] psn
|upkeep
|
|t:|1758342084
|switch|p1a: Hatterene|Hatterene, F|25/100
|turn|36
|
|t:|1758342090
|move|p2a: Charizard|Air Slash|p1a: Hatterene
|-damage|p1a: Hatterene|0 fnt
|faint|p1a: Hatterene
|
|win|risky dicky
|raw|Fvll3n's rating: 1094 &rarr; <strong>1069</strong><br />(-25 for losing)
|raw|risky dicky's rating: 1080 &rarr; <strong>1109</strong><br />(+29 for winning)
|l|☆Fvll3n
|player|p1|
