|j|☆AZ's Return
|j|☆AntonioG14
|t:|1758303955
|gametype|singles
|player|p1|AZ's Return|2|1368
|player|p2|AntonioG14|266|1376
|gen|9
|tier|[Gen 9] OU
|rated|
|rule|HP Percentage Mod: HP is shown in percentages
|rule|Endless Battle Clause: Forcing endless battles is banned
|rule|Species Clause: Limit one of each Pokémon
|rule|OHKO Clause: OHKO moves are banned
|rule|Evasion Items Clause: Evasion items are banned
|rule|Evasion Moves Clause: Evasion moves are banned
|rule|Evasion Abilities Clause: Evasion abilities are banned
|rule|Sleep Moves Clause: Sleep-inducing moves are banned
|clearpoke
|poke|p1|Alomomola, F|
|poke|p1|Gholdengo|
|poke|p1|Weezing-Galar, F|
|poke|p1|Great Tusk|
|poke|p1|Dragonite, M|
|poke|p1|Latios, M|
|poke|p2|Raging Bolt|
|poke|p2|Landorus-Therian, M|
|poke|p2|Quaquaval, F|
|poke|p2|Incineroar, M|
|poke|p2|Amoonguss, M|
|poke|p2|Slowbro, M|
|teampreview
|inactive|Battle timer is ON: inactive players will automatically lose when time's up. (requested by AntonioG14)
|
|t:|1758303967
|teamsize|p1|6
|teamsize|p2|6
|start
|switch|p1a: Alomomola|Alomomola, F|100/100
|switch|p2a: Incineroar|Incineroar, M|100/100
|-ability|p2a: Incineroar|Intimidate|boost
|-unboost|p1a: Alomomola|atk|1
|turn|1
|
|t:|1758303975
|move|p2a: Incineroar|Knock Off|p1a: Alomomola
|-damage|p1a: Alomomola|71/100
|-enditem|p1a: Alomomola|Assault Vest|[from] move: Knock Off|[of] p2a: Incineroar
|move|p1a: Alomomola|Flip Turn|p2a: Incineroar
|-supereffective|p2a: Incineroar
|-damage|p2a: Incineroar|82/100
|
|t:|1758303989
|switch|p1a: Weezing|Weezing-Galar, F|100/100|[from] Flip Turn
|-ability|p1a: Weezing|Neutralizing Gas
|
|upkeep
|turn|2
|
|t:|1758303995
|move|p1a: Weezing|Sludge Bomb|p2a: Incineroar
|-damage|p2a: Incineroar|64/100
|-status|p2a: Incineroar|psn
|move|p2a: Incineroar|Knock Off|p1a: Weezing
|-resisted|p1a: Weezing
|-damage|p1a: Weezing|89/100
|-enditem|p1a: Weezing|Heavy-Duty Boots|[from] move: Knock Off|[of] p2a: Incineroar
|
|-damage|p2a: Incineroar|52/100 psn|[from] psn
|upkeep
|turn|3
|
|t:|1758304008
|move|p1a: Weezing|Sludge Bomb|p2a: Incineroar
|-damage|p2a: Incineroar|32/100 psn
|move|p2a: Incineroar|Parting Shot|p1a: Weezing
|-unboost|p1a: Weezing|atk|1
|-unboost|p1a: Weezing|spa|1
|
|t:|1758304015
|switch|p2a: Slowbro|Slowbro, M|100/100|[from] Parting Shot
|
|upkeep
|turn|4
|
|t:|1758304022
|move|p1a: Weezing|Sludge Bomb|p2a: Slowbro
|-damage|p2a: Slowbro|83/100
|-status|p2a: Slowbro|psn
|move|p2a: Slowbro|Psychic|p1a: Weezing
|-supereffective|p1a: Weezing
|-damage|p1a: Weezing|6/100
|
|-heal|p2a: Slowbro|89/100 psn|[from] item: Leftovers
|-damage|p2a: Slowbro|77/100 psn|[from] psn
|upkeep
|turn|5
|
|t:|1758304033
|-end|p1a: Weezing|ability: Neutralizing Gas
|switch|p1a: Alomomola|Alomomola, F|100/100
|move|p2a: Slowbro|Scald|p1a: Alomomola
|-resisted|p1a: Alomomola
|-crit|p1a: Alomomola
|-damage|p1a: Alomomola|86/100
|
|-heal|p2a: Slowbro|83/100 psn|[from] item: Leftovers
|-damage|p2a: Slowbro|70/100 psn|[from] psn
|upkeep
|turn|6
|
|t:|1758304045
|switch|p2a: Incineroar|Incineroar, M|32/100 psn
|-ability|p2a: Incineroar|Intimidate|boost
|-unboost|p1a: Alomomola|atk|1
|move|p1a: Alomomola|Flip Turn|p2a: Incineroar
|-supereffective|p2a: Incineroar
|-damage|p2a: Incineroar|11/100 psn
|
|t:|1758304057
|switch|p1a: Dragonite|Dragonite, M|100/100|[from] Flip Turn
|
|-damage|p2a: Incineroar|0 fnt|[from] psn
|faint|p2a: Incineroar
|upkeep
|
|t:|1758304064
|switch|p2a: Landorus|Landorus-Therian, M|100/100
|-ability|p2a: Landorus|Intimidate|boost
|-unboost|p1a: Dragonite|atk|1
|turn|7
|
|t:|1758304072
|switch|p1a: Great Tusk|Great Tusk|100/100
|move|p2a: Landorus|Outrage|p1a: Great Tusk
|-damage|p1a: Great Tusk|70/100
|-damage|p2a: Landorus|84/100|[from] item: Rocky Helmet|[of] p1a: Great Tusk
|
|upkeep
|turn|8
|
|t:|1758304077
|move|p2a: Landorus|Outrage|p1a: Great Tusk|[from] lockedmove
|-damage|p1a: Great Tusk|37/100
|-damage|p2a: Landorus|67/100|[from] item: Rocky Helmet|[of] p1a: Great Tusk
|move|p1a: Great Tusk|Ice Spinner|p2a: Landorus
|-supereffective|p2a: Landorus
|-damage|p2a: Landorus|0 fnt
|faint|p2a: Landorus
|
|upkeep
|
|t:|1758304086
|switch|p2a: Quaquaval|Quaquaval, F|100/100
|turn|9
|
|t:|1758304097
|move|p1a: Great Tusk|Headlong Rush|p2a: Quaquaval
|-damage|p2a: Quaquaval|19/100
|-unboost|p1a: Great Tusk|def|1
|-unboost|p1a: Great Tusk|spd|1
|move|p2a: Quaquaval|Aqua Step|p1a: Great Tusk
|-supereffective|p1a: Great Tusk
|-damage|p1a: Great Tusk|0 fnt
|-boost|p2a: Quaquaval|spe|1
|-damage|p2a: Quaquaval|3/100|[from] item: Rocky Helmet|[of] p1a: Great Tusk
|faint|p1a: Great Tusk
|-end|p1a: Great Tusk|Protosynthesis|[silent]
|-ability|p2a: Quaquaval|Moxie|boost
|-boost|p2a: Quaquaval|atk|1
|
|upkeep
|
|t:|1758304101
|switch|p1a: Dragonite|Dragonite, M|100/100
|turn|10
|
|t:|1758304106
|move|p1a: Dragonite|Extreme Speed|p2a: Quaquaval
|-damage|p2a: Quaquaval|0 fnt
|faint|p2a: Quaquaval
|
|upkeep
|
|t:|1758304112
|switch|p2a: Raging Bolt|Raging Bolt|100/100
|-enditem|p2a: Raging Bolt|Booster Energy
|-activate|p2a: Raging Bolt|ability: Protosynthesis|[fromitem]
|-start|p2a: Raging Bolt|protosynthesisspa
|turn|11
|
|t:|1758304137
|-terastallize|p1a: Dragonite|Normal
|-terastallize|p2a: Raging Bolt|Electric
|move|p2a: Raging Bolt|Thunderbolt|p1a: Dragonite
|-damage|p1a: Dragonite|58/100
|move|p1a: Dragonite|Dragon Tail|p2a: Raging Bolt
|-damage|p2a: Raging Bolt|73/100
|-end|p2a: Raging Bolt|Protosynthesis|[silent]
|drag|p2a: Amoonguss|Amoonguss, M|100/100
|
|upkeep
|turn|12
|inactive|AZ's Return has 120 seconds left.
|
|t:|1758304155
|move|p1a: Dragonite|Roost|p1a: Dragonite
|-heal|p1a: Dragonite|100/100
|move|p2a: Amoonguss|Toxic|p1a: Dragonite
|-status|p1a: Dragonite|tox
|
|-damage|p1a: Dragonite|94/100 tox|[from] psn
|upkeep
|turn|13
|
|t:|1758304164
|switch|p1a: Gholdengo|Gholdengo|100/100
|move|p2a: Amoonguss|Giga Drain|p1a: Gholdengo
|-resisted|p1a: Gholdengo
|-damage|p1a: Gholdengo|88/100
|
|upkeep
|turn|14
|
|t:|1758304169
|switch|p2a: Slowbro|Slowbro, M|100/100 psn
|move|p1a: Gholdengo|Trick|p2a: Slowbro
|-activate|p1a: Gholdengo|move: Trick|[of] p2a: Slowbro
|-item|p2a: Slowbro|Choice Scarf|[from] move: Trick
|-item|p1a: Gholdengo|Leftovers|[from] move: Trick
|
|-heal|p1a: Gholdengo|94/100|[from] item: Leftovers
|-damage|p2a: Slowbro|88/100 psn|[from] psn
|upkeep
|turn|15
|
|t:|1758304179
|move|p1a: Gholdengo|Shadow Ball|p2a: Slowbro
|-supereffective|p2a: Slowbro
|-damage|p2a: Slowbro|0 fnt
|faint|p2a: Slowbro
|
|-heal|p1a: Gholdengo|99/100|[from] item: Leftovers
|upkeep
|
|t:|1758304186
|switch|p2a: Raging Bolt|Raging Bolt, tera:Electric|73/100
|turn|16
|
|t:|1758304191
|move|p1a: Gholdengo|Shadow Ball|p2a: Raging Bolt
|-damage|p2a: Raging Bolt|40/100
|move|p2a: Raging Bolt|Thunderbolt|p1a: Gholdengo
|-damage|p1a: Gholdengo|12/100
|
|-heal|p1a: Gholdengo|18/100|[from] item: Leftovers
|upkeep
|turn|17
|
|t:|1758304199
|move|p2a: Raging Bolt|Thunderclap||[still]
|-fail|p2a: Raging Bolt
|move|p1a: Gholdengo|Recover|p1a: Gholdengo
|-heal|p1a: Gholdengo|68/100
|
|-heal|p1a: Gholdengo|74/100|[from] item: Leftovers
|upkeep
|turn|18
|
|t:|1758304203
|move|p1a: Gholdengo|Shadow Ball|p2a: Raging Bolt
|-damage|p2a: Raging Bolt|3/100
|move|p2a: Raging Bolt|Thunderbolt|p1a: Gholdengo
|-damage|p1a: Gholdengo|0 fnt
|faint|p1a: Gholdengo
|
|upkeep
|
|t:|1758304213
|switch|p1a: Dragonite|Dragonite, M, tera:Normal|94/100 tox
|turn|19
|
|t:|1758304218
|-end|p2a: Raging Bolt|Protosynthesis|[silent]
|switch|p2a: Amoonguss|Amoonguss, M|100/100
|move|p1a: Dragonite|Extreme Speed|p2a: Amoonguss
|-damage|p2a: Amoonguss|53/100
|
|-heal|p2a: Amoonguss|59/100|[from] item: Black Sludge
|-damage|p1a: Dragonite|88/100 tox|[from] psn
|upkeep
|turn|20
|
|t:|1758304227
|move|p1a: Dragonite|Extreme Speed|p2a: Amoonguss
|-damage|p2a: Amoonguss|14/100
|move|p2a: Amoonguss|Giga Drain|p1a: Dragonite
|-damage|p1a: Dragonite|68/100 tox
|-heal|p2a: Amoonguss|23/100|[from] drain|[of] p1a: Dragonite
|
|-heal|p2a: Amoonguss|29/100|[from] item: Black Sludge
|-damage|p1a: Dragonite|56/100 tox|[from] psn
|upkeep
|turn|21
|
|t:|1758304237
|move|p2a: Amoonguss|Protect|p2a: Amoonguss
|-singleturn|p2a: Amoonguss|Protect
|move|p1a: Dragonite|Extreme Speed|p2a: Amoonguss
|-activate|p2a: Amoonguss|move: Protect
|
|-heal|p2a: Amoonguss|35/100|[from] item: Black Sludge
|-damage|p1a: Dragonite|37/100 tox|[from] psn
|upkeep
|turn|22
|
|t:|1758304248
|move|p2a: Amoonguss|Protect||[still]
|-fail|p2a: Amoonguss
|move|p1a: Dragonite|Extreme Speed|p2a: Amoonguss
|-damage|p2a: Amoonguss|0 fnt
|faint|p2a: Amoonguss
|
|-damage|p1a: Dragonite|12/100 tox|[from] psn
|upkeep
|
|t:|1758304257
|switch|p2a: Raging Bolt|Raging Bolt, tera:Electric|3/100
|turn|23
|
|t:|1758304261
|move|p1a: Dragonite|Extreme Speed|p2a: Raging Bolt
|-damage|p2a: Raging Bolt|0 fnt
|faint|p2a: Raging Bolt
|-end|p2a: Raging Bolt|Protosynthesis|[silent]
|
|win|AZ's Return
|raw|AZ&apos;s Return's rating: 1368 &rarr; <strong>1388</strong><br />(+20 for winning)
|raw|AntonioG14's rating: 1376 &rarr; <strong>1356</strong><br />(-20 for losing)
|l|☆AntonioG14
|player|p2|
|l|☆AZ's Return
|player|p1|
