|j|☆PjSand
|j|☆Trumpismessiah
|t:|1758300333
|gametype|singles
|player|p1|PjSand|169|1405
|player|p2|Trumpismessiah|265|1449
|gen|9
|tier|[Gen 9] OU
|rated|
|rule|HP Percentage Mod: HP is shown in percentages
|rule|Endless Battle Clause: Forcing endless battles is banned
|rule|Species Clause: Limit one of each Pokémon
|rule|OHKO Clause: OHKO moves are banned
|rule|Evasion Items Clause: Evasion items are banned
|rule|Evasion Moves Clause: Evasion moves are banned
|rule|Evasion Abilities Clause: Evasion abilities are banned
|rule|Sleep Moves Clause: Sleep-inducing moves are banned
|clearpoke
|poke|p1|Ninetales, F|
|poke|p1|Ceruledge, M|
|poke|p1|Venusaur, F|
|poke|p1|Hatterene, F|
|poke|p1|Great Tusk|
|poke|p1|Walking Wake|
|poke|p2|Gengar, M|
|poke|p2|Moltres|
|poke|p2|Vileplume, F|
|poke|p2|Vaporeon, F|
|poke|p2|Sandslash-Alola, M|
|poke|p2|Tauros, M|
|teampreview
|inactive|Battle timer is ON: inactive players will automatically lose when time's up. (requested by PjSand)
|
|t:|1758300355
|teamsize|p1|6
|teamsize|p2|6
|start
|switch|p1a: Kurama Chakra Mode|Ninetales, F|100/100
|switch|p2a: Gengar|Gengar, M|100/100
|-weather|SunnyDay|[from] ability: Drought|[of] p1a: Kurama Chakra Mode
|turn|1
|
|t:|1758300377
|switch|p1a: Die w A Smile|Hatterene, F|100/100
|move|p2a: Gengar|Shadow Ball|p1a: Die w A Smile
|-supereffective|p1a: Die w A Smile
|-damage|p1a: Die w A Smile|21/100
|-enditem|p1a: Die w A Smile|Eject Button
|
|t:|1758300383
|switch|p1a: Dubya|Walking Wake|100/100
|-activate|p1a: Dubya|ability: Protosynthesis
|-start|p1a: Dubya|protosynthesisspa
|
|-weather|SunnyDay|[upkeep]
|upkeep
|turn|2
|
|t:|1758300395
|move|p2a: Gengar|Sludge Wave|p1a: Dubya
|-damage|p1a: Dubya|39/100
|move|p1a: Dubya|Draco Meteor|p2a: Gengar
|-enditem|p2a: Gengar|Focus Sash
|-damage|p2a: Gengar|1/100
|-unboost|p1a: Dubya|spa|2
|-start|p1a: Dubya|Disable|Draco Meteor|[from] ability: Cursed Body|[of] p2a: Gengar
|
|-weather|SunnyDay|[upkeep]
|upkeep
|turn|3
|
|t:|1758300401
|-end|p1a: Dubya|Protosynthesis|[silent]
|switch|p1a: Die w A Smile|Hatterene, F|21/100
|move|p2a: Gengar|Shadow Ball|p1a: Die w A Smile
|-supereffective|p1a: Die w A Smile
|-damage|p1a: Die w A Smile|0 fnt
|faint|p1a: Die w A Smile
|
|-weather|SunnyDay|[upkeep]
|upkeep
|
|t:|1758300409
|switch|p1a: Lynrd Spynrd|Great Tusk|100/100
|-activate|p1a: Lynrd Spynrd|ability: Protosynthesis
|-start|p1a: Lynrd Spynrd|protosynthesisspe
|turn|4
|
|t:|1758300414
|move|p1a: Lynrd Spynrd|Ice Spinner|p2a: Gengar
|-damage|p2a: Gengar|0 fnt
|faint|p2a: Gengar
|
|-weather|SunnyDay|[upkeep]
|upkeep
|
|t:|1758300420
|switch|p2a: Moltres|Moltres|100/100
|turn|5
|
|t:|1758300423
|move|p1a: Lynrd Spynrd|Stealth Rock|p2a: Moltres
|-sidestart|p2: Trumpismessiah|move: Stealth Rock
|move|p2a: Moltres|Flamethrower|p1a: Lynrd Spynrd
|-damage|p1a: Lynrd Spynrd|29/100
|-status|p1a: Lynrd Spynrd|brn
|
|-weather|SunnyDay|[upkeep]
|-damage|p1a: Lynrd Spynrd|22/100 brn|[from] brn
|upkeep
|turn|6
|
|t:|1758300433
|move|p1a: Lynrd Spynrd|Ice Spinner|p2a: Moltres
|-damage|p2a: Moltres|92/100
|move|p2a: Moltres|Flamethrower|p1a: Lynrd Spynrd
|-damage|p1a: Lynrd Spynrd|0 fnt
|faint|p1a: Lynrd Spynrd
|-end|p1a: Lynrd Spynrd|Protosynthesis|[silent]
|
|-weather|SunnyDay|[upkeep]
|upkeep
|
|t:|1758300437
|switch|p1a: Dubya|Walking Wake|39/100
|-activate|p1a: Dubya|ability: Protosynthesis
|-start|p1a: Dubya|protosynthesisspa
|turn|7
|
|t:|1758300443
|move|p1a: Dubya|Draco Meteor|p2a: Moltres
|-crit|p2a: Moltres
|-damage|p2a: Moltres|0 fnt
|-unboost|p1a: Dubya|spa|2
|faint|p2a: Moltres
|
|-weather|SunnyDay|[upkeep]
|upkeep
|
|t:|1758300447
|switch|p2a: Sandslash|Sandslash-Alola, M|100/100
|-damage|p2a: Sandslash|88/100|[from] Stealth Rock
|turn|8
|
|t:|1758300450
|-end|p1a: Dubya|Protosynthesis|[silent]
|switch|p1a: Slayboi Carti|Ceruledge, M|100/100
|move|p2a: Sandslash|Earthquake|p1a: Slayboi Carti
|-supereffective|p1a: Slayboi Carti
|-damage|p1a: Slayboi Carti|5/100
|-ability|p1a: Slayboi Carti|Weak Armor|boost
|-unboost|p1a: Slayboi Carti|def|1
|-boost|p1a: Slayboi Carti|spe|2
|
|-weather|none
|upkeep
|turn|9
|
|t:|1758300457
|switch|p1a: Kurama Chakra Mode|Ninetales, F|100/100
|-weather|SunnyDay|[from] ability: Drought|[of] p1a: Kurama Chakra Mode
|move|p2a: Sandslash|Ice Shard|p1a: Kurama Chakra Mode
|-resisted|p1a: Kurama Chakra Mode
|-damage|p1a: Kurama Chakra Mode|88/100
|
|-weather|SunnyDay|[upkeep]
|upkeep
|turn|10
|
|t:|1758300470
|switch|p2a: Vaporeon|Vaporeon, F|100/100
|-damage|p2a: Vaporeon|88/100|[from] Stealth Rock
|move|p1a: Kurama Chakra Mode|Healing Wish|p1a: Kurama Chakra Mode
|faint|p1a: Kurama Chakra Mode
|
|-weather|SunnyDay|[upkeep]
|-heal|p2a: Vaporeon|94/100|[from] item: Leftovers
|upkeep
|
|t:|1758300471
|switch|p1a: Dubya|Walking Wake|39/100
|-heal|p1a: Dubya|100/100|[from] move: Healing Wish
|-activate|p1a: Dubya|ability: Protosynthesis
|-start|p1a: Dubya|protosynthesisspa
|turn|11
|
|t:|1758300474
|move|p2a: Vaporeon|Protect|p2a: Vaporeon
|-singleturn|p2a: Vaporeon|Protect
|move|p1a: Dubya|Draco Meteor|p2a: Vaporeon
|-activate|p2a: Vaporeon|move: Protect
|
|-weather|SunnyDay|[upkeep]
|-heal|p2a: Vaporeon|100/100|[from] item: Leftovers
|upkeep
|turn|12
|
|t:|1758300479
|move|p1a: Dubya|Draco Meteor|p2a: Vaporeon|[miss]
|-miss|p1a: Dubya|p2a: Vaporeon
|move|p2a: Vaporeon|Wish|p2a: Vaporeon
|
|-weather|SunnyDay|[upkeep]
|upkeep
|turn|13
|
|t:|1758300488
|move|p1a: Dubya|Draco Meteor|p2a: Vaporeon
|-damage|p2a: Vaporeon|18/100
|-unboost|p1a: Dubya|spa|2
|move|p2a: Vaporeon|Shadow Ball|p1a: Dubya
|-damage|p1a: Dubya|77/100
|
|-weather|SunnyDay|[upkeep]
|-heal|p2a: Vaporeon|68/100|[from] move: Wish|[wisher] Vaporeon
|-heal|p2a: Vaporeon|74/100|[from] item: Leftovers
|upkeep
|turn|14
|
|t:|1758300493
|-end|p1a: Dubya|Protosynthesis|[silent]
|switch|p1a: Slayboi Carti|Ceruledge, M|5/100
|move|p2a: Vaporeon|Wish|p2a: Vaporeon
|
|-weather|SunnyDay|[upkeep]
|-heal|p2a: Vaporeon|80/100|[from] item: Leftovers
|upkeep
|turn|15
|
|t:|1758300498
|move|p1a: Slayboi Carti|Solar Blade||[still]
|-prepare|p1a: Slayboi Carti|Solar Blade
|-anim|p1a: Slayboi Carti|Solar Blade|p2a: Vaporeon
|-supereffective|p2a: Vaporeon
|-damage|p2a: Vaporeon|0 fnt
|faint|p2a: Vaporeon
|
|-weather|SunnyDay|[upkeep]
|upkeep
|
|t:|1758300513
|switch|p2a: Vileplume|Vileplume, F|100/100
|-damage|p2a: Vileplume|88/100|[from] Stealth Rock
|turn|16
|
|t:|1758300518
|move|p1a: Slayboi Carti|Bitter Blade|p2a: Vileplume
|-supereffective|p2a: Vileplume
|-damage|p2a: Vileplume|0 fnt
|-heal|p1a: Slayboi Carti|58/100|[from] drain|[of] p2a: Vileplume
|-damage|p1a: Slayboi Carti|42/100|[from] item: Rocky Helmet|[of] p2a: Vileplume
|faint|p2a: Vileplume
|
|-weather|none
|upkeep
|
|t:|1758300527
|switch|p2a: Tauros|Tauros, M|100/100
|-damage|p2a: Tauros|88/100|[from] Stealth Rock
|turn|17
|
|t:|1758300531
|switch|p1a: Dubya|Walking Wake|77/100
|move|p2a: Tauros|Throat Chop|p1a: Dubya
|-damage|p1a: Dubya|29/100
|
|upkeep
|turn|18
|
|t:|1758300539
|move|p2a: Tauros|Body Slam|p1a: Dubya
|-damage|p1a: Dubya|0 fnt
|faint|p1a: Dubya
|-end|p1a: Dubya|Protosynthesis|[silent]
|
|upkeep
|
|t:|1758300542
|switch|p1a: Venu Vidi Vici|Venusaur, F|100/100
|turn|19
|
|t:|1758300553
|-terastallize|p2a: Tauros|Normal
|move|p2a: Tauros|Body Slam|p1a: Venu Vidi Vici
|-damage|p1a: Venu Vidi Vici|0 fnt
|faint|p1a: Venu Vidi Vici
|
|upkeep
|
|t:|1758300558
|switch|p1a: Slayboi Carti|Ceruledge, M|42/100
|turn|20
|
|t:|1758300560
|-terastallize|p1a: Slayboi Carti|Fairy
|move|p2a: Tauros|Throat Chop|p1a: Slayboi Carti
|-resisted|p1a: Slayboi Carti
|-damage|p1a: Slayboi Carti|13/100
|-ability|p1a: Slayboi Carti|Weak Armor|boost
|-unboost|p1a: Slayboi Carti|def|1
|-boost|p1a: Slayboi Carti|spe|2
|move|p1a: Slayboi Carti|Swords Dance|p1a: Slayboi Carti
|-boost|p1a: Slayboi Carti|atk|2
|
|upkeep
|turn|21
|
|t:|1758300566
|move|p1a: Slayboi Carti|Bitter Blade|p2a: Tauros
|-damage|p2a: Tauros|0 fnt
|-heal|p1a: Slayboi Carti|57/100|[from] drain|[of] p2a: Tauros
|faint|p2a: Tauros
|
|upkeep
|
|t:|1758300567
|switch|p2a: Sandslash|Sandslash-Alola, M|88/100
|-damage|p2a: Sandslash|76/100|[from] Stealth Rock
|turn|22
|
|t:|1758300570
|move|p2a: Sandslash|Ice Shard|p1a: Slayboi Carti
|-damage|p1a: Slayboi Carti|19/100
|-ability|p1a: Slayboi Carti|Weak Armor|boost
|-unboost|p1a: Slayboi Carti|def|1
|-boost|p1a: Slayboi Carti|spe|2
|move|p1a: Slayboi Carti|Bitter Blade|p2a: Sandslash
|-supereffective|p2a: Sandslash
|-damage|p2a: Sandslash|0 fnt
|-heal|p1a: Slayboi Carti|64/100|[from] drain|[of] p2a: Sandslash
|faint|p2a: Sandslash
|
|win|PjSand
|raw|PjSand's rating: 1405 &rarr; <strong>1428</strong><br />(+23 for winning)
|raw|Trumpismessiah's rating: 1449 &rarr; <strong>1426</strong><br />(-23 for losing)
|l|☆Trumpismessiah
|player|p2|
|l|☆PjSand
|player|p1|
