|j|☆Obito 2001
|j|☆CherylBush
|t:|1758315795
|gametype|singles
|player|p1|Obito 2001|blue-gen3two|1678
|player|p2|CherylBush|mallow-masters|1632
|gen|9
|tier|[Gen 9] OU
|rated|
|rule|HP Percentage Mod: HP is shown in percentages
|rule|Endless Battle Clause: Forcing endless battles is banned
|rule|Species Clause: Limit one of each Pokémon
|rule|OHKO Clause: OHKO moves are banned
|rule|Evasion Items Clause: Evasion items are banned
|rule|Evasion Moves Clause: Evasion moves are banned
|rule|Evasion Abilities Clause: Evasion abilities are banned
|rule|Sleep Moves Clause: Sleep-inducing moves are banned
|clearpoke
|poke|p1|Hoopa-Unbound|
|poke|p1|Arcanine-Hisui, F|
|poke|p1|Weezing-Galar, F|
|poke|p1|Snorlax, M|
|poke|p1|Deoxys-Speed|
|poke|p1|Gholdengo|
|poke|p2|Landorus-Therian, M|
|poke|p2|Skeledirge, M|
|poke|p2|Skarmory, M|
|poke|p2|Hydrapple, M|
|poke|p2|Samurott-Hisui, M|
|poke|p2|Fezandipiti, M|
|teampreview
|inactive|Battle timer is ON: inactive players will automatically lose when time's up. (requested by Obito 2001)
|
|t:|1758315821
|teamsize|p1|6
|teamsize|p2|6
|start
|switch|p1a: Arcanine|Arcanine-Hisui, F|100/100
|switch|p2a: Samurott|Samurott-Hisui, M, shiny|100/100
|turn|1
|
|t:|1758315828
|move|p1a: Arcanine|Head Smash|p2a: Samurott
|-damage|p2a: Samurott|0 fnt
|faint|p2a: Samurott
|
|upkeep
|
|t:|1758315831
|switch|p2a: Leviathan|Hydrapple, M, shiny|100/100
|turn|2
|
|t:|1758315836
|switch|p1a: Snorlax|Snorlax, M, shiny|100/100
|move|p2a: Leviathan|Earth Power|p1a: Snorlax
|-damage|p1a: Snorlax|84/100
|
|upkeep
|turn|3
|
|t:|1758315840
|move|p2a: Leviathan|Nasty Plot|p2a: Leviathan
|-boost|p2a: Leviathan|spa|2
|move|p1a: Snorlax|Curse|p1a: Snorlax
|-unboost|p1a: Snorlax|spe|1
|-boost|p1a: Snorlax|atk|1
|-boost|p1a: Snorlax|def|1
|
|upkeep
|turn|4
|
|t:|1758315844
|move|p2a: Leviathan|Fickle Beam|p1a: Snorlax|[anim] Fickle Beam All Out
|-activate|p2a: Leviathan|move: Fickle Beam
|-damage|p1a: Snorlax|3/100
|move|p1a: Snorlax|Ice Punch|p2a: Leviathan
|-supereffective|p2a: Leviathan
|-damage|p2a: Leviathan|11/100
|
|upkeep
|turn|5
|-enditem|p1a: Snorlax|Custap Berry|[eat]
|-activate|p1a: Snorlax|item: Custap Berry|[consumed]
|
|t:|1758315851
|move|p1a: Snorlax|Ice Punch|p2a: Leviathan
|-supereffective|p2a: Leviathan
|-damage|p2a: Leviathan|0 fnt
|faint|p2a: Leviathan
|
|upkeep
|
|t:|1758315856
|switch|p2a: Landorus|Landorus-Therian, M, shiny|100/100
|-ability|p2a: Landorus|Intimidate|boost
|-unboost|p1a: Snorlax|atk|1
|turn|6
|
|t:|1758315861
|move|p2a: Landorus|U-turn|p1a: Snorlax
|-damage|p1a: Snorlax|0 fnt
|faint|p1a: Snorlax
|
|t:|1758315872
|switch|p2a: Fez Boi|Fezandipiti, M|100/100|[from] U-turn
|
|upkeep
|
|t:|1758315875
|switch|p1a: Gholdengo|Gholdengo|100/100
|turn|7
|
|t:|1758315881
|-terastallize|p2a: Fez Boi|Water
|move|p1a: Gholdengo|Make It Rain|p2a: Fez Boi
|-resisted|p2a: Fez Boi
|-damage|p2a: Fez Boi|70/100
|-unboost|p1a: Gholdengo|spa|1
|move|p2a: Fez Boi|Calm Mind|p2a: Fez Boi
|-boost|p2a: Fez Boi|spa|1
|-boost|p2a: Fez Boi|spd|1
|
|upkeep
|turn|8
|
|t:|1758315886
|switch|p1a: Arcanine|Arcanine-Hisui, F|100/100
|move|p2a: Fez Boi|Moonblast|p1a: Arcanine
|-resisted|p1a: Arcanine
|-crit|p1a: Arcanine
|-damage|p1a: Arcanine|65/100
|
|upkeep
|turn|9
|
|t:|1758315890
|switch|p2a: Landorus|Landorus-Therian, M, shiny|100/100
|-ability|p2a: Landorus|Intimidate|boost
|-unboost|p1a: Arcanine|atk|1
|move|p1a: Arcanine|Head Smash|p2a: Landorus
|-damage|p2a: Landorus|17/100
|
|upkeep
|turn|10
|
|t:|1758315895
|switch|p1a: Deoxys|Deoxys-Speed, shiny|100/100
|-ability|p1a: Deoxys|Pressure
|move|p2a: Landorus|U-turn|p1a: Deoxys
|-supereffective|p1a: Deoxys
|-damage|p1a: Deoxys|33/100
|
|t:|1758315900
|switch|p2a: Skarmory|Skarmory, M, shiny|100/100|[from] U-turn
|
|upkeep
|turn|11
|
|t:|1758315903
|move|p1a: Deoxys|Taunt|p2a: Skarmory
|-start|p2a: Skarmory|move: Taunt
|cant|p2a: Skarmory|move: Taunt|Stealth Rock
|
|upkeep
|turn|12
|
|t:|1758315905
|move|p1a: Deoxys|Reflect|p1a: Deoxys
|-sidestart|p1: Obito 2001|Reflect
|move|p2a: Skarmory|Brave Bird|p1a: Deoxys
|-damage|p1a: Deoxys|11/100
|-damage|p2a: Skarmory|94/100|[from] Recoil
|
|upkeep
|turn|13
|
|t:|1758315910
|switch|p2a: Skeledirge|Skeledirge, M, shiny|100/100
|move|p1a: Deoxys|Light Screen|p1a: Deoxys
|-sidestart|p1: Obito 2001|move: Light Screen
|
|upkeep
|turn|14
|
|t:|1758315912
|move|p1a: Deoxys|Psycho Boost|p2a: Skeledirge|[miss]
|-miss|p1a: Deoxys|p2a: Skeledirge
|move|p2a: Skeledirge|Torch Song|p1a: Deoxys
|-damage|p1a: Deoxys|0 fnt
|-boost|p2a: Skeledirge|spa|1
|faint|p1a: Deoxys
|
|upkeep
|
|t:|1758315916
|switch|p1a: Arcanine|Arcanine-Hisui, F|65/100
|turn|15
|
|t:|1758315918
|move|p1a: Arcanine|Head Smash|p2a: Skeledirge
|-supereffective|p2a: Skeledirge
|-damage|p2a: Skeledirge|0 fnt
|faint|p2a: Skeledirge
|
|upkeep
|
|t:|1758315920
|switch|p2a: Landorus|Landorus-Therian, M, shiny|17/100
|-ability|p2a: Landorus|Intimidate|boost
|-unboost|p1a: Arcanine|atk|1
|turn|16
|
|t:|1758315926
|switch|p1a: Fk hazard noobs|Weezing-Galar, F|100/100
|-ability|p1a: Fk hazard noobs|Neutralizing Gas
|move|p2a: Landorus|Earthquake|p1a: Fk hazard noobs
|-supereffective|p1a: Fk hazard noobs
|-damage|p1a: Fk hazard noobs|66/100
|
|upkeep
|turn|17
|
|t:|1758315936
|switch|p2a: Fez Boi|Fezandipiti, M, tera:Water|70/100
|move|p1a: Fk hazard noobs|Will-O-Wisp|p2a: Fez Boi
|-status|p2a: Fez Boi|brn
|
|-damage|p2a: Fez Boi|64/100 brn|[from] brn
|upkeep
|turn|18
|
|t:|1758315942
|-end|p1a: Fk hazard noobs|ability: Neutralizing Gas
|switch|p1a: Arcanine|Arcanine-Hisui, F|65/100
|move|p2a: Fez Boi|Moonblast|p1a: Arcanine
|-resisted|p1a: Arcanine
|-damage|p1a: Arcanine|58/100
|-unboost|p1a: Arcanine|spa|1
|
|-damage|p2a: Fez Boi|58/100 brn|[from] brn
|upkeep
|turn|19
|
|t:|1758315949
|switch|p2a: Skarmory|Skarmory, M, shiny|94/100
|move|p1a: Arcanine|Head Smash|p2a: Skarmory
|-damage|p2a: Skarmory|36/100
|-damage|p1a: Arcanine|41/100|[from] item: Rocky Helmet|[of] p2a: Skarmory
|
|-sideend|p1: Obito 2001|Reflect
|upkeep
|turn|20
|
|t:|1758315953
|move|p1a: Arcanine|Head Smash|p2a: Skarmory
|-damage|p2a: Skarmory|0 fnt
|-damage|p1a: Arcanine|25/100|[from] item: Rocky Helmet|[of] p2a: Skarmory
|faint|p2a: Skarmory
|
|-sideend|p1: Obito 2001|move: Light Screen
|upkeep
|
|t:|1758315956
|switch|p2a: Landorus|Landorus-Therian, M, shiny|17/100
|-ability|p2a: Landorus|Intimidate|boost
|-unboost|p1a: Arcanine|atk|1
|turn|21
|
|t:|1758315961
|switch|p1a: Fk hazard noobs|Weezing-Galar, F|66/100
|-ability|p1a: Fk hazard noobs|Neutralizing Gas
|move|p2a: Landorus|Earthquake|p1a: Fk hazard noobs
|-supereffective|p1a: Fk hazard noobs
|-damage|p1a: Fk hazard noobs|0 fnt
|faint|p1a: Fk hazard noobs
|-end|p1a: Fk hazard noobs|ability: Neutralizing Gas
|
|upkeep
|
|t:|1758315966
|switch|p1a: Arcanine|Arcanine-Hisui, F|25/100
|turn|22
|
|t:|1758315970
|-terastallize|p1a: Arcanine|Normal
|move|p1a: Arcanine|Extreme Speed|p2a: Landorus
|-damage|p2a: Landorus|0 fnt
|faint|p2a: Landorus
|
|upkeep
|
|t:|1758315971
|switch|p2a: Fez Boi|Fezandipiti, M, tera:Water|58/100 brn
|turn|23
|
|t:|1758315972
|move|p1a: Arcanine|Extreme Speed|p2a: Fez Boi
|-damage|p2a: Fez Boi|0 fnt
|faint|p2a: Fez Boi
|
|win|Obito 2001
|raw|Obito 2001's rating: 1678 &rarr; <strong>1695</strong><br />(+17 for winning)
|raw|CherylBush's rating: 1632 &rarr; <strong>1615</strong><br />(-17 for losing)
|l|☆Obito 2001
|player|p1|
|c|☆CherylBush|look at ur team
|c|☆CherylBush|look at it
|l|☆CherylBush
|player|p2|
