|j|☆Floop Noopulus
|j|☆will1994
|t:|1758315740
|gametype|singles
|player|p1|Floop Noopulus|veteran|1533
|player|p2|will1994|red|1583
|gen|9
|tier|[Gen 9] OU
|rated|
|rule|HP Percentage Mod: HP is shown in percentages
|rule|Endless Battle Clause: Forcing endless battles is banned
|rule|Species Clause: Limit one of each Pokémon
|rule|OHKO Clause: OHKO moves are banned
|rule|Evasion Items Clause: Evasion items are banned
|rule|Evasion Moves Clause: Evasion moves are banned
|rule|Evasion Abilities Clause: Evasion abilities are banned
|rule|Sleep Moves Clause: Sleep-inducing moves are banned
|clearpoke
|poke|p1|Sandy Shocks|
|poke|p1|Torkoal, M|
|poke|p1|Raging Bolt|
|poke|p1|Great Tusk|
|poke|p1|Hatterene, F|
|poke|p1|Slither Wing|
|poke|p2|Rillaboom, M|
|poke|p2|Charizard, M|
|poke|p2|Corviknight, M|
|poke|p2|Kleavor, M|
|poke|p2|Clodsire, F|
|poke|p2|Samurott-Hisui, F|
|teampreview
|inactive|Battle timer is ON: inactive players will automatically lose when time's up. (requested by Floop Noopulus)
|
|t:|1758315758
|teamsize|p1|6
|teamsize|p2|6
|start
|switch|p1a: Torkoal|Torkoal, M|100/100
|switch|p2a: Kleavor|Kleavor, M|100/100
|-weather|SunnyDay|[from] ability: Drought|[of] p1a: Torkoal
|turn|1
|
|t:|1758315774
|switch|p1a: Slither Wing|Slither Wing|100/100
|-activate|p1a: Slither Wing|ability: Protosynthesis
|-start|p1a: Slither Wing|protosynthesisatk
|move|p2a: Kleavor|Stone Axe|p1a: Slither Wing
|-damage|p1a: Slither Wing|44/100
|-sidestart|p1: Floop Noopulus|move: Stealth Rock
|
|-weather|SunnyDay|[upkeep]
|upkeep
|turn|2
|
|t:|1758315780
|move|p2a: Kleavor|Stone Axe|p1a: Slither Wing
|-damage|p1a: Slither Wing|0 fnt
|faint|p1a: Slither Wing
|-end|p1a: Slither Wing|Protosynthesis|[silent]
|
|-weather|SunnyDay|[upkeep]
|upkeep
|
|t:|1758315787
|switch|p1a: Great Tusk|Great Tusk|100/100
|-activate|p1a: Great Tusk|ability: Protosynthesis
|-start|p1a: Great Tusk|protosynthesisatk
|turn|3
|
|t:|1758315794
|switch|p2a: Corviknight|Corviknight, M|100/100
|-ability|p2a: Corviknight|Pressure
|move|p1a: Great Tusk|Rapid Spin|p2a: Corviknight
|-resisted|p2a: Corviknight
|-damage|p2a: Corviknight|94/100
|-boost|p1a: Great Tusk|spe|1
|-damage|p1a: Great Tusk|84/100|[from] item: Rocky Helmet|[of] p2a: Corviknight
|-sideend|p1: Floop Noopulus|Stealth Rock|[from] move: Rapid Spin|[of] p1a: Great Tusk
|
|-weather|SunnyDay|[upkeep]
|upkeep
|turn|4
|
|t:|1758315799
|-end|p1a: Great Tusk|Protosynthesis|[silent]
|switch|p1a: Sandy Shocks|Sandy Shocks|100/100
|-activate|p1a: Sandy Shocks|ability: Protosynthesis
|-start|p1a: Sandy Shocks|protosynthesisspa
|move|p2a: Corviknight|Brave Bird|p1a: Sandy Shocks
|-resisted|p1a: Sandy Shocks
|-damage|p1a: Sandy Shocks|80/100
|-damage|p2a: Corviknight|88/100|[from] Recoil
|
|-weather|SunnyDay|[upkeep]
|upkeep
|turn|5
|
|t:|1758315802
|switch|p2a: Clodsire|Clodsire, F|100/100
|move|p1a: Sandy Shocks|Earth Power|p2a: Clodsire
|-supereffective|p2a: Clodsire
|-damage|p2a: Clodsire|11/100
|-unboost|p2a: Clodsire|spd|1
|
|-weather|SunnyDay|[upkeep]
|-heal|p2a: Clodsire|17/100|[from] item: Leftovers
|upkeep
|turn|6
|inactive|will1994 has 120 seconds left.
|
|t:|1758315836
|-end|p1a: Sandy Shocks|Protosynthesis|[silent]
|switch|p1a: Raging Bolt|Raging Bolt|100/100
|-activate|p1a: Raging Bolt|ability: Protosynthesis
|-start|p1a: Raging Bolt|protosynthesisspa
|switch|p2a: Samurott|Samurott-Hisui, F|100/100
|
|-weather|SunnyDay|[upkeep]
|upkeep
|turn|7
|
|t:|1758315844
|-terastallize|p2a: Samurott|Fairy
|move|p1a: Raging Bolt|Thunderclap|p2a: Samurott
|-damage|p2a: Samurott|71/100
|move|p2a: Samurott|Ceaseless Edge|p1a: Raging Bolt
|-damage|p1a: Raging Bolt|67/100
|-sidestart|p1: Floop Noopulus|Spikes
|
|-weather|SunnyDay|[upkeep]
|upkeep
|turn|8
|
|t:|1758315858
|switch|p2a: Clodsire|Clodsire, F|17/100
|move|p1a: Raging Bolt|Weather Ball|p2a: Clodsire
|-damage|p2a: Clodsire|0 fnt
|faint|p2a: Clodsire
|
|-weather|none
|-end|p1a: Raging Bolt|Protosynthesis
|upkeep
|
|t:|1758315866
|switch|p2a: Samurott|Samurott-Hisui, F, tera:Fairy|71/100
|turn|9
|
|t:|1758315870
|move|p1a: Raging Bolt|Volt Switch|p2a: Samurott
|-damage|p2a: Samurott|47/100
|
|t:|1758315872
|-end|p1a: Raging Bolt|Protosynthesis|[silent]
|switch|p1a: Torkoal|Torkoal, M|100/100|[from] Volt Switch
|-damage|p1a: Torkoal|88/100|[from] Spikes
|-weather|SunnyDay|[from] ability: Drought|[of] p1a: Torkoal
|move|p2a: Samurott|Ceaseless Edge|p1a: Torkoal
|-crit|p1a: Torkoal
|-damage|p1a: Torkoal|56/100
|-sidestart|p1: Floop Noopulus|Spikes
|
|-weather|SunnyDay|[upkeep]
|upkeep
|turn|10
|
|t:|1758315881
|switch|p2a: Kleavor|Kleavor, M|100/100
|move|p1a: Torkoal|Rapid Spin|p2a: Kleavor
|-resisted|p2a: Kleavor
|-damage|p2a: Kleavor|95/100
|-boost|p1a: Torkoal|spe|1
|-sideend|p1: Floop Noopulus|Spikes|[from] move: Rapid Spin|[of] p1a: Torkoal
|
|-weather|SunnyDay|[upkeep]
|upkeep
|turn|11
|
|t:|1758315883
|switch|p1a: Hatterene|Hatterene, F|100/100
|move|p2a: Kleavor|Stone Axe|p1a: Hatterene
|-damage|p1a: Hatterene|57/100
|-sidestart|p1: Floop Noopulus|move: Stealth Rock
|-enditem|p1a: Hatterene|Eject Button
|
|t:|1758315886
|switch|p1a: Great Tusk|Great Tusk|84/100
|-activate|p1a: Great Tusk|ability: Protosynthesis
|-start|p1a: Great Tusk|protosynthesisatk
|
|-weather|SunnyDay|[upkeep]
|upkeep
|turn|12
|
|t:|1758315891
|switch|p2a: Corviknight|Corviknight, M|88/100
|-ability|p2a: Corviknight|Pressure
|move|p1a: Great Tusk|Rapid Spin|p2a: Corviknight
|-resisted|p2a: Corviknight
|-damage|p2a: Corviknight|81/100
|-boost|p1a: Great Tusk|spe|1
|-damage|p1a: Great Tusk|68/100|[from] item: Rocky Helmet|[of] p2a: Corviknight
|-sideend|p1: Floop Noopulus|Stealth Rock|[from] move: Rapid Spin|[of] p1a: Great Tusk
|
|-weather|SunnyDay|[upkeep]
|upkeep
|turn|13
|
|t:|1758315896
|-terastallize|p1a: Great Tusk|Fire
|move|p1a: Great Tusk|Temper Flare|p2a: Corviknight
|-supereffective|p2a: Corviknight
|-damage|p2a: Corviknight|0 fnt
|-damage|p1a: Great Tusk|51/100|[from] item: Rocky Helmet|[of] p2a: Corviknight
|faint|p2a: Corviknight
|
|-weather|SunnyDay|[upkeep]
|upkeep
|
|t:|1758315907
|switch|p2a: Kleavor|Kleavor, M|95/100
|turn|14
|
|t:|1758315915
|move|p1a: Great Tusk|Temper Flare|p2a: Kleavor
|-damage|p2a: Kleavor|0 fnt
|faint|p2a: Kleavor
|
|-weather|SunnyDay|[upkeep]
|upkeep
|
|t:|1758315919
|switch|p2a: Charizard|Charizard, M|100/100
|turn|15
|
|t:|1758315927
|-end|p1a: Great Tusk|Protosynthesis|[silent]
|switch|p1a: Raging Bolt|Raging Bolt|67/100
|-activate|p1a: Raging Bolt|ability: Protosynthesis
|-start|p1a: Raging Bolt|protosynthesisspa
|move|p2a: Charizard|Scorching Sands|p1a: Raging Bolt
|-supereffective|p1a: Raging Bolt
|-damage|p1a: Raging Bolt|5/100
|
|-weather|SunnyDay|[upkeep]
|-damage|p2a: Charizard|88/100|[from] ability: Solar Power|[of] p2a: Charizard
|upkeep
|turn|16
|
|t:|1758315939
|switch|p2a: Rillaboom|Rillaboom, M|100/100
|-fieldstart|move: Grassy Terrain|[from] ability: Grassy Surge|[of] p2a: Rillaboom
|move|p1a: Raging Bolt|Volt Switch|p2a: Rillaboom
|-resisted|p2a: Rillaboom
|-damage|p2a: Rillaboom|65/100
|
|t:|1758315943
|-end|p1a: Raging Bolt|Protosynthesis|[silent]
|switch|p1a: Great Tusk|Great Tusk, tera:Fire|51/100|[from] Volt Switch
|-activate|p1a: Great Tusk|ability: Protosynthesis
|-start|p1a: Great Tusk|protosynthesisatk
|
|-weather|none
|-end|p1a: Great Tusk|Protosynthesis
|-heal|p1a: Great Tusk|57/100|[from] Grassy Terrain
|-heal|p2a: Rillaboom|71/100|[from] Grassy Terrain
|upkeep
|turn|17
|
|t:|1758315954
|switch|p2a: Charizard|Charizard, M|88/100
|move|p1a: Great Tusk|Rapid Spin|p2a: Charizard
|-damage|p2a: Charizard|64/100
|-boost|p1a: Great Tusk|spe|1
|
|-heal|p1a: Great Tusk|64/100|[from] Grassy Terrain
|upkeep
|turn|18
|
|t:|1758315961
|-end|p1a: Great Tusk|Protosynthesis|[silent]
|switch|p1a: Torkoal|Torkoal, M|56/100
|-weather|SunnyDay|[from] ability: Drought|[of] p1a: Torkoal
|move|p2a: Charizard|Scorching Sands|p1a: Torkoal
|-supereffective|p1a: Torkoal
|-damage|p1a: Torkoal|0 fnt
|faint|p1a: Torkoal
|
|-weather|SunnyDay|[upkeep]
|-damage|p2a: Charizard|52/100|[from] ability: Solar Power|[of] p2a: Charizard
|upkeep
|
|t:|1758315963
|switch|p1a: Sandy Shocks|Sandy Shocks|80/100
|-activate|p1a: Sandy Shocks|ability: Protosynthesis
|-start|p1a: Sandy Shocks|protosynthesisspa
|turn|19
|
|t:|1758315973
|switch|p2a: Samurott|Samurott-Hisui, F, tera:Fairy|47/100
|move|p1a: Sandy Shocks|Volt Switch|p2a: Samurott
|-damage|p2a: Samurott|16/100
|
|t:|1758315977
|-end|p1a: Sandy Shocks|Protosynthesis|[silent]
|switch|p1a: Great Tusk|Great Tusk, tera:Fire|64/100|[from] Volt Switch
|-activate|p1a: Great Tusk|ability: Protosynthesis
|-start|p1a: Great Tusk|protosynthesisatk
|
|-weather|SunnyDay|[upkeep]
|-heal|p1a: Great Tusk|70/100|[from] Grassy Terrain
|-heal|p2a: Samurott|22/100|[from] Grassy Terrain
|upkeep
|turn|20
|
|t:|1758315986
|move|p2a: Samurott|Sucker Punch|p1a: Great Tusk
|-damage|p1a: Great Tusk|52/100
|move|p1a: Great Tusk|Ice Spinner|p2a: Samurott
|-damage|p2a: Samurott|0 fnt
|-fieldend|move: Grassy Terrain
|faint|p2a: Samurott
|
|-weather|SunnyDay|[upkeep]
|upkeep
|
|t:|1758315990
|switch|p2a: Charizard|Charizard, M|52/100
|turn|21
|
|t:|1758315997
|-end|p1a: Great Tusk|Protosynthesis|[silent]
|switch|p1a: Raging Bolt|Raging Bolt|5/100
|-activate|p1a: Raging Bolt|ability: Protosynthesis
|-start|p1a: Raging Bolt|protosynthesisspa
|move|p2a: Charizard|Scorching Sands|p1a: Raging Bolt
|-supereffective|p1a: Raging Bolt
|-damage|p1a: Raging Bolt|0 fnt
|faint|p1a: Raging Bolt
|-end|p1a: Raging Bolt|Protosynthesis|[silent]
|
|-weather|SunnyDay|[upkeep]
|-damage|p2a: Charizard|39/100|[from] ability: Solar Power|[of] p2a: Charizard
|upkeep
|
|t:|1758315999
|switch|p1a: Sandy Shocks|Sandy Shocks|80/100
|-activate|p1a: Sandy Shocks|ability: Protosynthesis
|-start|p1a: Sandy Shocks|protosynthesisspa
|turn|22
|
|t:|1758316007
|switch|p2a: Rillaboom|Rillaboom, M|71/100
|-fieldstart|move: Grassy Terrain|[from] ability: Grassy Surge|[of] p2a: Rillaboom
|move|p1a: Sandy Shocks|Volt Switch|p2a: Rillaboom
|-resisted|p2a: Rillaboom
|-damage|p2a: Rillaboom|36/100
|
|t:|1758316009
|-end|p1a: Sandy Shocks|Protosynthesis|[silent]
|switch|p1a: Great Tusk|Great Tusk, tera:Fire|52/100|[from] Volt Switch
|-activate|p1a: Great Tusk|ability: Protosynthesis
|-start|p1a: Great Tusk|protosynthesisatk
|
|-weather|SunnyDay|[upkeep]
|-heal|p1a: Great Tusk|58/100|[from] Grassy Terrain
|-heal|p2a: Rillaboom|42/100|[from] Grassy Terrain
|upkeep
|turn|23
|
|t:|1758316028
|move|p2a: Rillaboom|Grassy Glide|p1a: Great Tusk
|-resisted|p1a: Great Tusk
|-damage|p1a: Great Tusk|38/100
|move|p1a: Great Tusk|Temper Flare|p2a: Rillaboom
|-supereffective|p2a: Rillaboom
|-damage|p2a: Rillaboom|0 fnt
|faint|p2a: Rillaboom
|
|-weather|SunnyDay|[upkeep]
|-heal|p1a: Great Tusk|44/100|[from] Grassy Terrain
|upkeep
|-message|will1994 forfeited.
|
|win|Floop Noopulus
|raw|Floop Noopulus's rating: 1533 &rarr; <strong>1556</strong><br />(+23 for winning)
|raw|will1994's rating: 1583 &rarr; <strong>1560</strong><br />(-23 for losing)
|l|☆will1994
|player|p2|
|l|☆Floop Noopulus
|player|p1|
