|j|☆killermjh
|j|☆D4N94800
|t:|1758287422
|gametype|singles
|player|p1|killermjh|drayden|1136
|player|p2|D4N94800|pokemonrangerf-gen4|1078
|gen|9
|tier|[Gen 9] OU
|rated|
|rule|HP Percentage Mod: HP is shown in percentages
|rule|Endless Battle Clause: Forcing endless battles is banned
|rule|Species Clause: Limit one of each Pokémon
|rule|OHKO Clause: OHKO moves are banned
|rule|Evasion Items Clause: Evasion items are banned
|rule|Evasion Moves Clause: Evasion moves are banned
|rule|Evasion Abilities Clause: Evasion abilities are banned
|rule|Sleep Moves Clause: Sleep-inducing moves are banned
|clearpoke
|poke|p1|Great Tusk|
|poke|p1|Rillaboom, F|
|poke|p1|Kyurem|
|poke|p1|Raging Bolt|
|poke|p1|Iron Boulder|
|poke|p1|Incineroar, F|
|poke|p2|Cinderace, F|
|poke|p2|Landorus-Therian, M|
|poke|p2|Araquanid, F|
|poke|p2|Samurott-Hisui, M|
|poke|p2|Toxicroak, M|
|poke|p2|Clefable, F|
|teampreview
|inactive|Battle timer is ON: inactive players will automatically lose when time's up. (requested by killermjh)
|inactive|D4N94800 has 120 seconds left.
|inactive|D4N94800 has 90 seconds left.
|inactive|D4N94800 has 60 seconds left.
|
|t:|1758287582
|teamsize|p1|6
|teamsize|p2|6
|start
|switch|p1a: Raging Bolt|Raging Bolt|100/100
|switch|p2a: SpiderMommy|Araquanid, F, shiny|100/100
|-enditem|p1a: Raging Bolt|Booster Energy
|-activate|p1a: Raging Bolt|ability: Protosynthesis|[fromitem]
|-start|p1a: Raging Bolt|protosynthesisspa
|turn|1
|
|t:|1758287593
|move|p1a: Raging Bolt|Volt Switch|p2a: SpiderMommy
|-supereffective|p2a: SpiderMommy
|-damage|p2a: SpiderMommy|51/100
|
|t:|1758287598
|-end|p1a: Raging Bolt|Protosynthesis|[silent]
|switch|p1a: Rillaboom|Rillaboom, F|100/100|[from] Volt Switch
|-fieldstart|move: Grassy Terrain|[from] ability: Grassy Surge|[of] p1a: Rillaboom
|-enditem|p1a: Rillaboom|Grassy Seed
|-boost|p1a: Rillaboom|def|1|[from] item: Grassy Seed
|move|p2a: SpiderMommy|Sticky Web|p1a: Rillaboom
|-sidestart|p1: killermjh|move: Sticky Web
|
|-heal|p2a: SpiderMommy|57/100|[from] Grassy Terrain
|upkeep
|turn|2
|
|t:|1758287607
|move|p1a: Rillaboom|Acrobatics|p2a: SpiderMommy
|-supereffective|p2a: SpiderMommy
|-damage|p2a: SpiderMommy|0 fnt
|faint|p2a: SpiderMommy
|
|upkeep
|
|t:|1758287613
|switch|p2a: Clefable|Clefable, F, shiny|100/100
|turn|3
|
|t:|1758287616
|move|p1a: Rillaboom|Knock Off|p2a: Clefable
|-resisted|p2a: Clefable
|-damage|p2a: Clefable|84/100
|move|p2a: Clefable|Trick|p1a: Rillaboom
|-activate|p2a: Clefable|move: Trick|[of] p1a: Rillaboom
|-enditem|p1a: Rillaboom|Sticky Barb|[silent]|[from] move: Trick
|-item|p2a: Clefable|Sticky Barb|[from] move: Trick
|
|-heal|p2a: Clefable|90/100|[from] Grassy Terrain
|upkeep
|turn|4
|
|t:|1758287636
|move|p1a: Rillaboom|Grassy Glide|p2a: Clefable
|-damage|p2a: Clefable|56/100
|move|p2a: Clefable|Trick|p1a: Rillaboom
|-activate|p2a: Clefable|move: Trick|[of] p1a: Rillaboom
|-enditem|p1a: Rillaboom|Sticky Barb|[silent]|[from] move: Trick
|-item|p2a: Clefable|Sticky Barb|[from] move: Trick
|
|-heal|p2a: Clefable|62/100|[from] Grassy Terrain
|upkeep
|turn|5
|
|t:|1758287644
|move|p1a: Rillaboom|Grassy Glide|p2a: Clefable
|-damage|p2a: Clefable|22/100
|move|p2a: Clefable|Trick|p1a: Rillaboom
|-activate|p2a: Clefable|move: Trick|[of] p1a: Rillaboom
|-enditem|p1a: Rillaboom|Sticky Barb|[silent]|[from] move: Trick
|-item|p2a: Clefable|Sticky Barb|[from] move: Trick
|
|-heal|p2a: Clefable|28/100|[from] Grassy Terrain
|-fieldend|move: Grassy Terrain
|upkeep
|turn|6
|
|t:|1758287656
|move|p1a: Rillaboom|Grassy Glide|p2a: Clefable
|-damage|p2a: Clefable|1/100
|move|p2a: Clefable|Thunder Wave|p1a: Rillaboom
|-status|p1a: Rillaboom|par
|
|-damage|p1a: Rillaboom|88/100 par|[from] item: Sticky Barb
|upkeep
|turn|7
|
|t:|1758287665
|move|p2a: Clefable|Trick|p1a: Rillaboom
|-activate|p2a: Clefable|move: Trick|[of] p1a: Rillaboom
|-enditem|p1a: Rillaboom|Sticky Barb|[silent]|[from] move: Trick
|-item|p2a: Clefable|Sticky Barb|[from] move: Trick
|move|p1a: Rillaboom|U-turn|p2a: Clefable
|-resisted|p2a: Clefable
|-damage|p2a: Clefable|0 fnt
|faint|p2a: Clefable
|
|t:|1758287677
|switch|p1a: Incineroar|Incineroar, F|100/100|[from] U-turn
|
|upkeep
|
|t:|1758287683
|switch|p2a: Imane|Cinderace, F, shiny|100/100
|turn|8
|
|t:|1758287687
|-terastallize|p2a: Imane|Stellar
|move|p2a: Imane|Pyro Ball|p1a: Incineroar
|-resisted|p1a: Incineroar
|-damage|p1a: Incineroar|44/100
|move|p1a: Incineroar|Parting Shot|p2a: Imane
|-unboost|p2a: Imane|atk|1
|-unboost|p2a: Imane|spa|1
|
|t:|1758287703
|switch|p1a: Iron Boulder|Iron Boulder|100/100|[from] Parting Shot
|-activate|p1a: Iron Boulder|move: Sticky Web
|-unboost|p1a: Iron Boulder|spe|1
|-enditem|p1a: Iron Boulder|Booster Energy
|-activate|p1a: Iron Boulder|ability: Quark Drive|[fromitem]
|-start|p1a: Iron Boulder|quarkdriveatk
|
|upkeep
|turn|9
|inactive|D4N94800 has 120 seconds left.
|inactive|D4N94800 has 90 seconds left.
|inactive|D4N94800 has 60 seconds left.
|inactive|D4N94800 has 30 seconds left.
|inactive|D4N94800 has 20 seconds left.
|inactive|D4N94800 has 15 seconds left.
|inactive|D4N94800 has 10 seconds left.
|inactive|D4N94800 has 5 seconds left.
|-message|D4N94800 lost due to inactivity.
|
|win|killermjh
|raw|killermjh's rating: 1136 &rarr; <strong>1157</strong><br />(+21 for winning)
|raw|D4N94800's rating: 1078 &rarr; <strong>1060</strong><br />(-18 for losing)
