|j|☆benihanaflip
|j|☆Dupzer
|t:|1758355398
|gametype|singles
|player|p1|benihanaflip|ash-kalos|1174
|player|p2|Dupzer|266|1108
|gen|9
|tier|[Gen 9] OU
|rated|
|rule|HP Percentage Mod: HP is shown in percentages
|rule|Endless Battle Clause: Forcing endless battles is banned
|rule|Species Clause: Limit one of each Pokémon
|rule|OHKO Clause: OHKO moves are banned
|rule|Evasion Items Clause: Evasion items are banned
|rule|Evasion Moves Clause: Evasion moves are banned
|rule|Evasion Abilities Clause: Evasion abilities are banned
|rule|Sleep Moves Clause: Sleep-inducing moves are banned
|clearpoke
|poke|p1|Great Tusk|
|poke|p1|Zapdos|
|poke|p1|Meowscarada, F|
|poke|p1|Kingambit, M|
|poke|p1|Dragapult, M|
|poke|p1|Clefable, F|
|poke|p2|Tyranitar, M|
|poke|p2|Dragonite, M|
|poke|p2|Scizor, M|
|poke|p2|Gengar, F|
|poke|p2|Suicune|
|poke|p2|Sandy Shocks|
|teampreview
|
|t:|1758355410
|teamsize|p1|6
|teamsize|p2|6
|start
|switch|p1a: Clefable|Clefable, F|100/100
|switch|p2a: Sandy Shocks|Sandy Shocks|100/100
|-enditem|p2a: Sandy Shocks|Booster Energy
|-activate|p2a: Sandy Shocks|ability: Protosynthesis|[fromitem]
|-start|p2a: Sandy Shocks|protosynthesisspe
|turn|1
|inactive|Battle timer is ON: inactive players will automatically lose when time's up. (requested by benihanaflip)
|
|t:|1758355420
|move|p2a: Sandy Shocks|Stealth Rock|p1a: Clefable
|-sidestart|p1: benihanaflip|move: Stealth Rock
|move|p1a: Clefable|Stealth Rock|p2a: Sandy Shocks
|-sidestart|p2: Dupzer|move: Stealth Rock
|
|upkeep
|turn|2
|
|t:|1758355429
|switch|p1a: Zapdos|Zapdos|100/100
|move|p2a: Sandy Shocks|Thunderbolt|p1a: Zapdos
|-damage|p1a: Zapdos|60/100
|
|upkeep
|turn|3
|
|t:|1758355436
|move|p2a: Sandy Shocks|Thunderbolt|p1a: Zapdos
|-damage|p1a: Zapdos|15/100
|move|p1a: Zapdos|Roost|p1a: Zapdos
|-heal|p1a: Zapdos|65/100
|-singleturn|p1a: Zapdos|move: Roost
|
|upkeep
|turn|4
|
|t:|1758355451
|switch|p1a: Great Tusk|Great Tusk|100/100
|move|p2a: Sandy Shocks|Volt Switch|p1a: Great Tusk
|-immune|p1a: Great Tusk
|
|upkeep
|turn|5
|
|t:|1758355459
|-end|p2a: Sandy Shocks|Protosynthesis|[silent]
|switch|p2a: Dragonite|Dragonite, M|100/100
|move|p1a: Great Tusk|Headlong Rush|p2a: Dragonite
|-immune|p2a: Dragonite
|
|upkeep
|turn|6
|
|t:|1758355468
|move|p1a: Great Tusk|Rapid Spin|p2a: Dragonite
|-damage|p2a: Dragonite|91/100
|-boost|p1a: Great Tusk|spe|1
|-sideend|p1: benihanaflip|Stealth Rock|[from] move: Rapid Spin|[of] p1a: Great Tusk
|move|p2a: Dragonite|Dragon Dance|p2a: Dragonite
|-boost|p2a: Dragonite|atk|1
|-boost|p2a: Dragonite|spe|1
|
|upkeep
|turn|7
|
|t:|1758355477
|move|p1a: Great Tusk|Ice Spinner|p2a: Dragonite
|-supereffective|p2a: Dragonite
|-damage|p2a: Dragonite|0 fnt
|faint|p2a: Dragonite
|
|upkeep
|
|t:|1758355488
|switch|p2a: Suicune|Suicune|100/100
|-damage|p2a: Suicune|88/100|[from] Stealth Rock
|-ability|p2a: Suicune|Pressure
|turn|8
|
|t:|1758355498
|-end|p1a: Great Tusk|Protosynthesis|[silent]
|switch|p1a: Meowscarada|Meowscarada, F|100/100
|move|p2a: Suicune|Calm Mind|p2a: Suicune
|-boost|p2a: Suicune|spa|1
|-boost|p2a: Suicune|spd|1
|
|-heal|p2a: Suicune|94/100|[from] item: Leftovers
|upkeep
|turn|9
|
|t:|1758355508
|move|p2a: Suicune|Protect|p2a: Suicune
|-singleturn|p2a: Suicune|Protect
|move|p1a: Meowscarada|Flower Trick|p2a: Suicune
|-start|p1a: Meowscarada|typechange|Grass|[from] ability: Protean
|-activate|p2a: Suicune|move: Protect
|
|-heal|p2a: Suicune|100/100|[from] item: Leftovers
|upkeep
|turn|10
|
|t:|1758355519
|switch|p2a: Gengar|Gengar, F|100/100
|-damage|p2a: Gengar|88/100|[from] Stealth Rock
|move|p1a: Meowscarada|Flower Trick|p2a: Gengar
|-resisted|p2a: Gengar
|-crit|p2a: Gengar
|-damage|p2a: Gengar|16/100
|-start|p1a: Meowscarada|Disable|Flower Trick|[from] ability: Cursed Body|[of] p2a: Gengar
|
|upkeep
|turn|11
|
|t:|1758355532
|switch|p1a: Kingambit|Kingambit, M|100/100
|-item|p1a: Kingambit|Air Balloon
|move|p2a: Gengar|Sludge Bomb|p1a: Kingambit
|-immune|p1a: Kingambit
|
|upkeep
|turn|12
|
|t:|1758355543
|move|p2a: Gengar|Sludge Bomb|p1a: Kingambit
|-immune|p1a: Kingambit
|move|p1a: Kingambit|Swords Dance|p1a: Kingambit
|-boost|p1a: Kingambit|atk|2
|
|upkeep
|turn|13
|
|t:|1758355552
|move|p2a: Gengar|Sludge Bomb|p1a: Kingambit
|-immune|p1a: Kingambit
|move|p1a: Kingambit|Swords Dance|p1a: Kingambit
|-boost|p1a: Kingambit|atk|2
|
|upkeep
|turn|14
|
|t:|1758355565
|move|p2a: Gengar|Sludge Bomb|p1a: Kingambit
|-immune|p1a: Kingambit
|move|p1a: Kingambit|Swords Dance|p1a: Kingambit
|-boost|p1a: Kingambit|atk|2
|
|upkeep
|turn|15
|
|t:|1758355572
|move|p2a: Gengar|Sludge Bomb|p1a: Kingambit
|-immune|p1a: Kingambit
|move|p1a: Kingambit|Kowtow Cleave|p2a: Gengar
|-supereffective|p2a: Gengar
|-damage|p2a: Gengar|0 fnt
|faint|p2a: Gengar
|
|upkeep
|
|t:|1758355584
|switch|p2a: Sandy Shocks|Sandy Shocks|100/100
|-damage|p2a: Sandy Shocks|94/100|[from] Stealth Rock
|turn|16
|
|t:|1758355593
|move|p2a: Sandy Shocks|Thunderbolt|p1a: Kingambit
|-damage|p1a: Kingambit|50/100
|-enditem|p1a: Kingambit|Air Balloon
|move|p1a: Kingambit|Kowtow Cleave|p2a: Sandy Shocks
|-damage|p2a: Sandy Shocks|0 fnt
|faint|p2a: Sandy Shocks
|-end|p2a: Sandy Shocks|Protosynthesis|[silent]
|
|upkeep
|
|t:|1758355603
|switch|p2a: Tyranitar|Tyranitar, M|100/100
|-damage|p2a: Tyranitar|88/100|[from] Stealth Rock
|-weather|Sandstorm|[from] ability: Sand Stream|[of] p2a: Tyranitar
|turn|17
|
|t:|1758355612
|move|p2a: Tyranitar|Earthquake|p1a: Kingambit
|-supereffective|p1a: Kingambit
|-damage|p1a: Kingambit|0 fnt
|faint|p1a: Kingambit
|-end|p1a: Kingambit|fallenundefined|[silent]
|
|-weather|Sandstorm|[upkeep]
|upkeep
|
|t:|1758355621
|switch|p1a: Great Tusk|Great Tusk|100/100
|turn|18
|
|t:|1758355628
|-terastallize|p2a: Tyranitar|Flying
|move|p1a: Great Tusk|Headlong Rush|p2a: Tyranitar
|-immune|p2a: Tyranitar
|move|p2a: Tyranitar|Dragon Dance|p2a: Tyranitar
|-boost|p2a: Tyranitar|atk|1
|-boost|p2a: Tyranitar|spe|1
|
|-weather|Sandstorm|[upkeep]
|-damage|p2a: Tyranitar|82/100|[from] Sandstorm
|upkeep
|turn|19
|
|t:|1758355638
|move|p2a: Tyranitar|Dragon Dance|p2a: Tyranitar
|-boost|p2a: Tyranitar|atk|1
|-boost|p2a: Tyranitar|spe|1
|move|p1a: Great Tusk|Ice Spinner|p2a: Tyranitar
|-supereffective|p2a: Tyranitar
|-damage|p2a: Tyranitar|30/100
|
|-weather|Sandstorm|[upkeep]
|-damage|p2a: Tyranitar|24/100|[from] Sandstorm
|upkeep
|turn|20
|
|t:|1758355656
|move|p2a: Tyranitar|Earthquake|p1a: Great Tusk
|-damage|p1a: Great Tusk|43/100
|move|p1a: Great Tusk|Ice Spinner|p2a: Tyranitar
|-supereffective|p2a: Tyranitar
|-damage|p2a: Tyranitar|0 fnt
|faint|p2a: Tyranitar
|
|-weather|Sandstorm|[upkeep]
|upkeep
|
|t:|1758355665
|switch|p2a: Suicune|Suicune|100/100
|-damage|p2a: Suicune|88/100|[from] Stealth Rock
|-ability|p2a: Suicune|Pressure
|turn|21
|
|t:|1758355677
|move|p1a: Great Tusk|Headlong Rush|p2a: Suicune
|-damage|p2a: Suicune|41/100
|-unboost|p1a: Great Tusk|def|1
|-unboost|p1a: Great Tusk|spd|1
|move|p2a: Suicune|Scald|p1a: Great Tusk
|-supereffective|p1a: Great Tusk
|-damage|p1a: Great Tusk|0 fnt
|faint|p1a: Great Tusk
|-end|p1a: Great Tusk|Protosynthesis|[silent]
|
|-weather|none
|-heal|p2a: Suicune|48/100|[from] item: Leftovers
|upkeep
|
|t:|1758355685
|switch|p1a: Meowscarada|Meowscarada, F|100/100
|turn|22
|
|t:|1758355691
|switch|p2a: Scizor|Scizor, M|100/100
|-damage|p2a: Scizor|88/100|[from] Stealth Rock
|move|p1a: Meowscarada|Knock Off|p2a: Scizor
|-start|p1a: Meowscarada|typechange|Dark|[from] ability: Protean
|-damage|p2a: Scizor|2/100
|-enditem|p2a: Scizor|Life Orb|[from] move: Knock Off|[of] p1a: Meowscarada
|
|upkeep
|turn|23
|
|t:|1758355701
|move|p1a: Meowscarada|Knock Off|p2a: Scizor
|-damage|p2a: Scizor|0 fnt
|faint|p2a: Scizor
|
|upkeep
|
|t:|1758355708
|switch|p2a: Suicune|Suicune|48/100
|-damage|p2a: Suicune|35/100|[from] Stealth Rock
|-ability|p2a: Suicune|Pressure
|turn|24
|
|t:|1758355722
|move|p1a: Meowscarada|Knock Off|p2a: Suicune
|-damage|p2a: Suicune|0 fnt
|-enditem|p2a: Suicune|Leftovers|[from] move: Knock Off|[of] p1a: Meowscarada
|faint|p2a: Suicune
|
|win|benihanaflip
|raw|benihanaflip's rating: 1174 &rarr; <strong>1194</strong><br />(+20 for winning)
|raw|Dupzer's rating: 1108 &rarr; <strong>1088</strong><br />(-20 for losing)
|l|☆Dupzer
|player|p2|
|l|☆benihanaflip
|player|p1|
