|j|☆owlbearmancer
|j|☆duke fronterra
|t:|1758255532
|gametype|singles
|player|p1|owlbearmancer|1|1207
|player|p2|duke fronterra|2|1265
|gen|9
|tier|[Gen 9] OU
|rated|
|rule|HP Percentage Mod: HP is shown in percentages
|rule|Endless Battle Clause: Forcing endless battles is banned
|rule|Species Clause: Limit one of each Pokémon
|rule|OHKO Clause: OHKO moves are banned
|rule|Evasion Items Clause: Evasion items are banned
|rule|Evasion Moves Clause: Evasion moves are banned
|rule|Evasion Abilities Clause: Evasion abilities are banned
|rule|Sleep Moves Clause: Sleep-inducing moves are banned
|clearpoke
|poke|p1|Dragonite, F|
|poke|p1|Iron Crown|
|poke|p1|Hatterene, F|
|poke|p1|Garganacl, F|
|poke|p1|Moltres|
|poke|p1|Tentacruel, M|
|poke|p2|Pelipper, F|
|poke|p2|Hatterene, F|
|poke|p2|Iron Treads|
|poke|p2|Toxicroak, F|
|poke|p2|Barraskewda, F|
|poke|p2|Zapdos|
|teampreview
|l|☆duke fronterra
|player|p2|
|j|☆duke fronterra
|player|p2|duke fronterra|2|
|
|t:|1758255571
|teamsize|p1|6
|teamsize|p2|6
|start
|switch|p1a: Iron Crown|Iron Crown|100/100
|switch|p2a: Zapdos|Zapdos|100/100
|turn|1
|c|☆duke fronterra|no ground type?
|c|☆owlbearmancer|oop :x
|
|t:|1758255624
|move|p1a: Iron Crown|Volt Switch|p2a: Zapdos
|-damage|p2a: Zapdos|69/100
|
|t:|1758255631
|-end|p1a: Iron Crown|Quark Drive|[silent]
|switch|p1a: Hatterene|Hatterene, F|100/100|[from] Volt Switch
|move|p2a: Zapdos|Volt Switch|p1a: Hatterene
|-damage|p1a: Hatterene|54/100
|
|t:|1758255640
|switch|p2a: Barraskewda|Barraskewda, F|100/100|[from] Volt Switch
|
|-heal|p1a: Hatterene|60/100|[from] item: Leftovers
|upkeep
|turn|2
|
|t:|1758255651
|switch|p1a: Tentacruel|Tentacruel, M|100/100
|move|p2a: Barraskewda|Flip Turn|p1a: Tentacruel
|-resisted|p1a: Tentacruel
|-damage|p1a: Tentacruel|59/100
|
|t:|1758255655
|switch|p2a: Zapdos|Zapdos|69/100|[from] Flip Turn
|
|upkeep
|turn|3
|
|t:|1758255663
|move|p1a: Tentacruel|Flip Turn|p2a: Zapdos
|-damage|p2a: Zapdos|52/100
|
|t:|1758255670
|switch|p1a: Garganacl|Garganacl, F|100/100|[from] Flip Turn
|move|p2a: Zapdos|Volt Switch|p1a: Garganacl
|-damage|p1a: Garganacl|60/100
|
|t:|1758255677
|switch|p2a: Barraskewda|Barraskewda, F|100/100|[from] Volt Switch
|
|-heal|p1a: Garganacl|66/100|[from] item: Leftovers
|upkeep
|turn|4
|
|t:|1758255686
|move|p1a: Garganacl|Protect|p1a: Garganacl
|-singleturn|p1a: Garganacl|Protect
|move|p2a: Barraskewda|Flip Turn|p1a: Garganacl
|-activate|p1a: Garganacl|move: Protect
|
|-heal|p1a: Garganacl|72/100|[from] item: Leftovers
|upkeep
|turn|5
|
|t:|1758255699
|move|p2a: Barraskewda|Flip Turn|p1a: Garganacl
|-supereffective|p1a: Garganacl
|-damage|p1a: Garganacl|18/100
|
|t:|1758255703
|switch|p2a: Toxicroak|Toxicroak, F|100/100|[from] Flip Turn
|move|p1a: Garganacl|Stealth Rock|p2a: Toxicroak
|-sidestart|p2: duke fronterra|move: Stealth Rock
|
|-heal|p1a: Garganacl|24/100|[from] item: Leftovers
|upkeep
|turn|6
|
|t:|1758255711
|move|p1a: Garganacl|Protect|p1a: Garganacl
|-singleturn|p1a: Garganacl|Protect
|move|p2a: Toxicroak|Drain Punch|p1a: Garganacl
|-activate|p1a: Garganacl|move: Protect
|
|-heal|p1a: Garganacl|30/100|[from] item: Leftovers
|upkeep
|turn|7
|
|t:|1758255723
|switch|p1a: Tentacruel|Tentacruel, M|59/100
|move|p2a: Toxicroak|Knock Off|p1a: Tentacruel
|-damage|p1a: Tentacruel|21/100
|-enditem|p1a: Tentacruel|Choice Scarf|[from] move: Knock Off|[of] p2a: Toxicroak
|
|upkeep
|turn|8
|
|t:|1758255737
|switch|p2a: Iron Treads|Iron Treads|100/100
|-damage|p2a: Iron Treads|98/100|[from] Stealth Rock
|move|p1a: Tentacruel|Sludge Wave|p2a: Iron Treads
|-immune|p2a: Iron Treads
|
|-heal|p2a: Iron Treads|100/100|[from] item: Leftovers
|upkeep
|turn|9
|
|t:|1758255748
|move|p1a: Tentacruel|Flip Turn|p2a: Iron Treads
|-supereffective|p2a: Iron Treads
|-damage|p2a: Iron Treads|78/100
|
|t:|1758255757
|switch|p1a: Dragonite|Dragonite, F, shiny|100/100|[from] Flip Turn
|move|p2a: Iron Treads|Rapid Spin|p1a: Dragonite
|-damage|p1a: Dragonite|94/100
|-boost|p2a: Iron Treads|spe|1
|-sideend|p2: duke fronterra|Stealth Rock|[from] move: Rapid Spin|[of] p2a: Iron Treads
|
|-heal|p2a: Iron Treads|84/100|[from] item: Leftovers
|upkeep
|turn|10
|
|t:|1758255769
|-terastallize|p1a: Dragonite|Ground
|move|p2a: Iron Treads|Volt Switch|p1a: Dragonite
|-immune|p1a: Dragonite
|move|p1a: Dragonite|Dragon Dance|p1a: Dragonite
|-boost|p1a: Dragonite|atk|1
|-boost|p1a: Dragonite|spe|1
|
|-heal|p2a: Iron Treads|90/100|[from] item: Leftovers
|upkeep
|turn|11
|
|t:|1758255782
|-end|p2a: Iron Treads|Quark Drive|[silent]
|switch|p2a: Toxicroak|Toxicroak, F|100/100
|move|p1a: Dragonite|Earthquake|p2a: Toxicroak
|-supereffective|p2a: Toxicroak
|-damage|p2a: Toxicroak|0 fnt
|faint|p2a: Toxicroak
|
|upkeep
|
|t:|1758255790
|switch|p2a: Pelipper|Pelipper, F|100/100
|-weather|RainDance|[from] ability: Drizzle|[of] p2a: Pelipper
|turn|12
|
|t:|1758255799
|switch|p1a: Iron Crown|Iron Crown|100/100
|move|p2a: Pelipper|U-turn|p1a: Iron Crown
|-damage|p1a: Iron Crown|90/100
|
|t:|1758255802
|switch|p2a: Barraskewda|Barraskewda, F|100/100|[from] U-turn
|
|-weather|RainDance|[upkeep]
|upkeep
|turn|13
|
|t:|1758255810
|-terastallize|p2a: Barraskewda|Water
|move|p2a: Barraskewda|Liquidation|p1a: Iron Crown
|-damage|p1a: Iron Crown|0 fnt
|faint|p1a: Iron Crown
|-end|p1a: Iron Crown|Quark Drive|[silent]
|
|-weather|RainDance|[upkeep]
|upkeep
|c|☆duke fronterra|i believe this might be the angle
|
|t:|1758255835
|switch|p1a: Garganacl|Garganacl, F|30/100
|turn|14
|
|t:|1758255840
|move|p1a: Garganacl|Protect|p1a: Garganacl
|-singleturn|p1a: Garganacl|Protect
|move|p2a: Barraskewda|Liquidation|p1a: Garganacl
|-activate|p1a: Garganacl|move: Protect
|
|-weather|RainDance|[upkeep]
|-heal|p1a: Garganacl|37/100|[from] item: Leftovers
|upkeep
|turn|15
|
|t:|1758255852
|switch|p1a: Tentacruel|Tentacruel, M|21/100
|move|p2a: Barraskewda|Liquidation|p1a: Tentacruel
|-resisted|p1a: Tentacruel
|-damage|p1a: Tentacruel|0 fnt
|faint|p1a: Tentacruel
|
|-weather|RainDance|[upkeep]
|upkeep
|
|t:|1758255861
|switch|p1a: Garganacl|Garganacl, F|37/100
|turn|16
|
|t:|1758255866
|move|p1a: Garganacl|Protect|p1a: Garganacl
|-singleturn|p1a: Garganacl|Protect
|move|p2a: Barraskewda|Liquidation|p1a: Garganacl
|-activate|p1a: Garganacl|move: Protect
|
|-weather|RainDance|[upkeep]
|-heal|p1a: Garganacl|43/100|[from] item: Leftovers
|upkeep
|turn|17
|
|t:|1758255881
|switch|p1a: Hatterene|Hatterene, F|60/100
|move|p2a: Barraskewda|Liquidation|p1a: Hatterene
|-damage|p1a: Hatterene|0 fnt
|faint|p1a: Hatterene
|
|-weather|RainDance|[upkeep]
|upkeep
|
|t:|1758255890
|switch|p1a: Garganacl|Garganacl, F|43/100
|turn|18
|c|☆duke fronterra|the problem is you don’t have a faster mob outside of rain either
|
|t:|1758255895
|move|p1a: Garganacl|Protect|p1a: Garganacl
|-singleturn|p1a: Garganacl|Protect
|move|p2a: Barraskewda|Liquidation|p1a: Garganacl
|-activate|p1a: Garganacl|move: Protect
|
|-weather|RainDance|[upkeep]
|-heal|p1a: Garganacl|49/100|[from] item: Leftovers
|upkeep
|turn|19
|
|t:|1758255904
|move|p1a: Garganacl|Protect||[still]
|-fail|p1a: Garganacl
|move|p2a: Barraskewda|Liquidation|p1a: Garganacl
|-supereffective|p1a: Garganacl
|-crit|p1a: Garganacl
|-damage|p1a: Garganacl|0 fnt
|faint|p1a: Garganacl
|
|-weather|none
|upkeep
|c|☆duke fronterra|e speed crit?
|
|t:|1758255911
|switch|p1a: Dragonite|Dragonite, F, shiny, tera:Ground|94/100
|turn|20
|
|t:|1758255919
|move|p1a: Dragonite|Extreme Speed|p2a: Barraskewda
|-damage|p2a: Barraskewda|39/100
|move|p2a: Barraskewda|Liquidation|p1a: Dragonite
|-supereffective|p1a: Dragonite
|-damage|p1a: Dragonite|0 fnt
|faint|p1a: Dragonite
|
|upkeep
|c|☆owlbearmancer|nah
|c|☆duke fronterra|gg
|c|☆owlbearmancer|gg
|-message|owlbearmancer forfeited.
|
|win|duke fronterra
|raw|owlbearmancer's rating: 1207 &rarr; <strong>1186</strong><br />(-21 for losing)
|raw|duke fronterra's rating: 1265 &rarr; <strong>1286</strong><br />(+21 for winning)
|l|☆owlbearmancer
|player|p1|
|l|☆duke fronterra
|player|p2|
