|j|☆Labooble
|j|☆MegaEuler
|t:|1758372023
|gametype|singles
|player|p1|Labooble|266|1529
|player|p2|MegaEuler|266|1610
|gen|9
|tier|[Gen 9] OU
|rated|
|rule|HP Percentage Mod: HP is shown in percentages
|rule|Endless Battle Clause: Forcing endless battles is banned
|rule|Species Clause: Limit one of each Pokémon
|rule|OHKO Clause: OHKO moves are banned
|rule|Evasion Items Clause: Evasion items are banned
|rule|Evasion Moves Clause: Evasion moves are banned
|rule|Evasion Abilities Clause: Evasion abilities are banned
|rule|Sleep Moves Clause: Sleep-inducing moves are banned
|clearpoke
|poke|p1|Toxapex, F|
|poke|p1|Fezandipiti, M|
|poke|p1|Moltres|
|poke|p1|Kyurem|
|poke|p1|Dragapult, M|
|poke|p1|Primarina, F|
|poke|p2|Great Tusk|
|poke|p2|Rillaboom, F|
|poke|p2|Gholdengo|
|poke|p2|Slowbro, F|
|poke|p2|Heatran, F|
|poke|p2|Darkrai|
|teampreview
|inactive|Battle timer is ON: inactive players will automatically lose when time's up. (requested by MegaEuler)
|
|t:|1758372037
|teamsize|p1|6
|teamsize|p2|6
|start
|switch|p1a: Fezandipiti|Fezandipiti, M|100/100
|switch|p2a: Gholdengo|Gholdengo|100/100
|turn|1
|
|t:|1758372042
|move|p2a: Gholdengo|Make It Rain|p1a: Fezandipiti
|-supereffective|p1a: Fezandipiti
|-damage|p1a: Fezandipiti|56/100
|-unboost|p2a: Gholdengo|spa|1
|move|p1a: Fezandipiti|Beat Up|p2a: Gholdengo
|-supereffective|p2a: Gholdengo
|-damage|p2a: Gholdengo|93/100
|-supereffective|p2a: Gholdengo
|-damage|p2a: Gholdengo|88/100
|-supereffective|p2a: Gholdengo
|-damage|p2a: Gholdengo|80/100
|-supereffective|p2a: Gholdengo
|-damage|p2a: Gholdengo|70/100
|-supereffective|p2a: Gholdengo
|-damage|p2a: Gholdengo|61/100
|-supereffective|p2a: Gholdengo
|-damage|p2a: Gholdengo|55/100
|-hitcount|p2a: Gholdengo|6
|
|upkeep
|turn|2
|
|t:|1758372062
|move|p2a: Gholdengo|Make It Rain|p1a: Fezandipiti
|-supereffective|p1a: Fezandipiti
|-damage|p1a: Fezandipiti|26/100
|-unboost|p2a: Gholdengo|spa|1
|move|p1a: Fezandipiti|Beat Up|p2a: Gholdengo
|-supereffective|p2a: Gholdengo
|-damage|p2a: Gholdengo|47/100
|-supereffective|p2a: Gholdengo
|-damage|p2a: Gholdengo|41/100
|-supereffective|p2a: Gholdengo
|-damage|p2a: Gholdengo|33/100
|-supereffective|p2a: Gholdengo
|-damage|p2a: Gholdengo|24/100
|-supereffective|p2a: Gholdengo
|-damage|p2a: Gholdengo|16/100
|-supereffective|p2a: Gholdengo
|-damage|p2a: Gholdengo|10/100
|-hitcount|p2a: Gholdengo|6
|
|upkeep
|turn|3
|
|t:|1758372077
|switch|p2a: Slowbro|Slowbro, F|100/100
|switch|p1a: Moltres|Moltres|100/100
|
|upkeep
|turn|4
|
|t:|1758372090
|move|p1a: Moltres|Hurricane|p2a: Slowbro
|-damage|p2a: Slowbro|36/100
|move|p2a: Slowbro|Trick Room|p2a: Slowbro
|-fieldstart|move: Trick Room|[of] p2a: Slowbro
|
|upkeep
|turn|5
|
|t:|1758372096
|move|p2a: Slowbro|Slack Off|p2a: Slowbro
|-heal|p2a: Slowbro|86/100
|move|p1a: Moltres|U-turn|p2a: Slowbro
|-supereffective|p2a: Slowbro
|-crit|p2a: Slowbro
|-damage|p2a: Slowbro|58/100
|-damage|p1a: Moltres|84/100|[from] item: Rocky Helmet|[of] p2a: Slowbro
|
|t:|1758372101
|switch|p1a: Toxapex|Toxapex, F|100/100|[from] U-turn
|
|upkeep
|turn|6
|
|t:|1758372110
|move|p2a: Slowbro|Psyshock|p1a: Toxapex
|-supereffective|p1a: Toxapex
|-damage|p1a: Toxapex|65/100
|move|p1a: Toxapex|Surf|p2a: Slowbro
|-resisted|p2a: Slowbro
|-damage|p2a: Slowbro|49/100
|
|upkeep
|turn|7
|
|t:|1758372124
|move|p2a: Slowbro|Scald|p1a: Toxapex
|-resisted|p1a: Toxapex
|-damage|p1a: Toxapex|54/100
|move|p1a: Toxapex|Toxic|p2a: Slowbro
|-status|p2a: Slowbro|tox
|
|-damage|p2a: Slowbro|43/100 tox|[from] psn
|upkeep
|turn|8
|
|t:|1758372132
|move|p2a: Slowbro|Slack Off|p2a: Slowbro
|-heal|p2a: Slowbro|93/100 tox
|move|p1a: Toxapex|Recover|p1a: Toxapex
|-heal|p1a: Toxapex|100/100
|
|-damage|p2a: Slowbro|80/100 tox|[from] psn
|-fieldend|move: Trick Room
|upkeep
|turn|9
|
|t:|1758372139
|move|p1a: Toxapex|Surf|p2a: Slowbro
|-resisted|p2a: Slowbro
|-damage|p2a: Slowbro|71/100 tox
|move|p2a: Slowbro|Scald|p1a: Toxapex
|-resisted|p1a: Toxapex
|-damage|p1a: Toxapex|90/100
|
|-damage|p2a: Slowbro|53/100 tox|[from] psn
|upkeep
|turn|10
|
|t:|1758372148
|switch|p1a: Moltres|Moltres|84/100
|move|p2a: Slowbro|Scald|p1a: Moltres
|-supereffective|p1a: Moltres
|-damage|p1a: Moltres|24/100
|
|-damage|p2a: Slowbro|29/100 tox|[from] psn
|upkeep
|turn|11
|
|t:|1758372156
|switch|p2a: Heatran|Heatran, F|100/100
|move|p1a: Moltres|Scorching Sands|p2a: Heatran
|-supereffective|p2a: Heatran
|-damage|p2a: Heatran|40/100
|
|-heal|p2a: Heatran|47/100|[from] item: Leftovers
|upkeep
|turn|12
|
|t:|1758372171
|move|p2a: Heatran|Protect|p2a: Heatran
|-singleturn|p2a: Heatran|Protect
|move|p1a: Moltres|Scorching Sands|p2a: Heatran
|-activate|p2a: Heatran|move: Protect
|
|-heal|p2a: Heatran|53/100|[from] item: Leftovers
|upkeep
|turn|13
|
|t:|1758372187
|-terastallize|p2a: Heatran|Flying
|move|p1a: Moltres|Scorching Sands|p2a: Heatran
|-immune|p2a: Heatran
|move|p2a: Heatran|Stealth Rock|p1a: Moltres
|-sidestart|p1: Labooble|move: Stealth Rock
|
|-heal|p2a: Heatran|59/100|[from] item: Leftovers
|upkeep
|turn|14
|
|t:|1758372199
|switch|p1a: Kyurem|Kyurem|100/100
|-ability|p1a: Kyurem|Pressure
|move|p2a: Heatran|Magma Storm|p1a: Kyurem
|-damage|p1a: Kyurem|63/100
|-activate|p1a: Kyurem|move: Magma Storm|[of] p2a: Heatran
|
|-heal|p2a: Heatran|65/100|[from] item: Leftovers
|-damage|p1a: Kyurem|51/100|[from] move: Magma Storm|[partiallytrapped]
|upkeep
|turn|15
|
|t:|1758372209
|move|p2a: Heatran|Protect|p2a: Heatran
|-singleturn|p2a: Heatran|Protect
|move|p1a: Kyurem|Freeze-Dry|p2a: Heatran
|-activate|p2a: Heatran|move: Protect
|
|-heal|p2a: Heatran|71/100|[from] item: Leftovers
|-damage|p1a: Kyurem|38/100|[from] move: Magma Storm|[partiallytrapped]
|upkeep
|turn|16
|inactive|MegaEuler has 120 seconds left.
|
|t:|1758372248
|switch|p2a: Darkrai|Darkrai|100/100
|move|p1a: Kyurem|Freeze-Dry|p2a: Darkrai
|-damage|p2a: Darkrai|54/100
|
|-end|p1a: Kyurem|Magma Storm|[partiallytrapped]|[silent]
|upkeep
|turn|17
|inactive|MegaEuler has 120 seconds left.
|
|t:|1758372256
|switch|p1a: Toxapex|Toxapex, F|100/100
|-damage|p1a: Toxapex|88/100|[from] Stealth Rock
|move|p2a: Darkrai|Dark Pulse|p1a: Toxapex
|-damage|p1a: Toxapex|53/100
|
|upkeep
|turn|18
|inactive|MegaEuler has 120 seconds left.
|
|t:|1758372268
|switch|p2a: Slowbro|Slowbro, F|62/100 tox
|move|p1a: Toxapex|Recover|p1a: Toxapex
|-heal|p1a: Toxapex|100/100
|
|-damage|p2a: Slowbro|56/100 tox|[from] psn
|upkeep
|turn|19
|
|t:|1758372277
|switch|p1a: Primarina|Primarina, F|100/100
|-damage|p1a: Primarina|88/100|[from] Stealth Rock
|move|p2a: Slowbro|Scald|p1a: Primarina
|-resisted|p1a: Primarina
|-damage|p1a: Primarina|77/100
|
|-heal|p1a: Primarina|83/100|[from] item: Leftovers
|-damage|p2a: Slowbro|44/100 tox|[from] psn
|upkeep
|turn|20
|
|t:|1758372289
|switch|p2a: Rillaboom|Rillaboom, F|100/100
|-fieldstart|move: Grassy Terrain|[from] ability: Grassy Surge|[of] p2a: Rillaboom
|move|p1a: Primarina|Calm Mind|p1a: Primarina
|-boost|p1a: Primarina|spa|1
|-boost|p1a: Primarina|spd|1
|
|-heal|p1a: Primarina|89/100|[from] Grassy Terrain
|-heal|p1a: Primarina|95/100|[from] item: Leftovers
|upkeep
|turn|21
|
|t:|1758372298
|switch|p1a: Moltres|Moltres|24/100
|move|p2a: Rillaboom|Knock Off|p1a: Moltres
|-damage|p1a: Moltres|0 fnt
|-status|p2a: Rillaboom|brn|[from] ability: Flame Body|[of] p1a: Moltres
|-enditem|p1a: Moltres|Heavy-Duty Boots|[from] move: Knock Off|[of] p2a: Rillaboom
|faint|p1a: Moltres
|
|-damage|p2a: Rillaboom|94/100 brn|[from] brn
|upkeep
|
|t:|1758372309
|switch|p1a: Fezandipiti|Fezandipiti, M|26/100
|-damage|p1a: Fezandipiti|13/100|[from] Stealth Rock
|turn|22
|
|t:|1758372322
|move|p2a: Rillaboom|Grassy Glide|p1a: Fezandipiti
|-resisted|p1a: Fezandipiti
|-damage|p1a: Fezandipiti|0 fnt
|faint|p1a: Fezandipiti
|
|-heal|p2a: Rillaboom|100/100 brn|[from] Grassy Terrain
|-damage|p2a: Rillaboom|94/100 brn|[from] brn
|upkeep
|
|t:|1758372331
|switch|p1a: Kyurem|Kyurem|38/100
|-ability|p1a: Kyurem|Pressure
|turn|23
|
|t:|1758372354
|move|p2a: Rillaboom|Grassy Glide|p1a: Kyurem
|-resisted|p1a: Kyurem
|-damage|p1a: Kyurem|26/100
|move|p1a: Kyurem|Freeze-Dry|p2a: Rillaboom
|-supereffective|p2a: Rillaboom
|-damage|p2a: Rillaboom|22/100 brn
|
|-heal|p1a: Kyurem|32/100|[from] Grassy Terrain
|-heal|p2a: Rillaboom|28/100 brn|[from] Grassy Terrain
|-damage|p2a: Rillaboom|22/100 brn|[from] brn
|upkeep
|turn|24
|
|t:|1758372365
|move|p2a: Rillaboom|Grassy Glide|p1a: Kyurem
|-resisted|p1a: Kyurem
|-damage|p1a: Kyurem|21/100
|move|p1a: Kyurem|Freeze-Dry|p2a: Rillaboom
|-supereffective|p2a: Rillaboom
|-damage|p2a: Rillaboom|0 fnt
|faint|p2a: Rillaboom
|
|-heal|p1a: Kyurem|27/100|[from] Grassy Terrain
|-fieldend|move: Grassy Terrain
|upkeep
|
|t:|1758372376
|switch|p2a: Darkrai|Darkrai|54/100
|turn|25
|
|t:|1758372384
|switch|p1a: Toxapex|Toxapex, F|100/100
|-damage|p1a: Toxapex|88/100|[from] Stealth Rock
|move|p2a: Darkrai|Sludge Bomb|p1a: Toxapex
|-resisted|p1a: Toxapex
|-damage|p1a: Toxapex|74/100
|
|upkeep
|turn|26
|
|t:|1758372393
|switch|p2a: Slowbro|Slowbro, F|77/100 tox
|switch|p1a: Kyurem|Kyurem|27/100
|-ability|p1a: Kyurem|Pressure
|
|-damage|p2a: Slowbro|71/100 tox|[from] psn
|upkeep
|turn|27
|
|t:|1758372402
|move|p1a: Kyurem|Freeze-Dry|p2a: Slowbro
|-supereffective|p2a: Slowbro
|-damage|p2a: Slowbro|0 fnt
|faint|p2a: Slowbro
|
|upkeep
|
|t:|1758372407
|switch|p2a: Darkrai|Darkrai|54/100
|turn|28
|
|t:|1758372414
|switch|p1a: Toxapex|Toxapex, F|100/100
|-damage|p1a: Toxapex|88/100|[from] Stealth Rock
|move|p2a: Darkrai|Nasty Plot|p2a: Darkrai
|-boost|p2a: Darkrai|spa|2
|
|upkeep
|turn|29
|
|t:|1758372421
|move|p2a: Darkrai|Dark Pulse|p1a: Toxapex
|-damage|p1a: Toxapex|11/100
|move|p1a: Toxapex|Haze|p1a: Toxapex
|-clearallboost
|
|upkeep
|turn|30
|
|t:|1758372427
|move|p2a: Darkrai|Dark Pulse|p1a: Toxapex
|-damage|p1a: Toxapex|0 fnt
|faint|p1a: Toxapex
|
|upkeep
|
|t:|1758372429
|switch|p1a: Dragapult|Dragapult, M|100/100
|-damage|p1a: Dragapult|88/100|[from] Stealth Rock
|turn|31
|
|t:|1758372442
|switch|p2a: Great Tusk|Great Tusk|100/100
|move|p1a: Dragapult|Dragon Darts|p2a: Great Tusk
|-damage|p2a: Great Tusk|79/100
|-anim|p1a: Dragapult|Dragon Darts|p2a: Great Tusk
|-damage|p2a: Great Tusk|61/100
|
|upkeep
|turn|32
|
|t:|1758372455
|switch|p1a: Kyurem|Kyurem|27/100
|-ability|p1a: Kyurem|Pressure
|move|p2a: Great Tusk|High Horsepower|p1a: Kyurem
|-damage|p1a: Kyurem|0 fnt
|faint|p1a: Kyurem
|
|upkeep
|
|t:|1758372459
|switch|p1a: Primarina|Primarina, F|95/100
|-damage|p1a: Primarina|82/100|[from] Stealth Rock
|turn|33
|
|t:|1758372468
|move|p2a: Great Tusk|High Horsepower|p1a: Primarina|[miss]
|-miss|p2a: Great Tusk|p1a: Primarina
|move|p1a: Primarina|Psychic Noise|p2a: Great Tusk
|-supereffective|p2a: Great Tusk
|-damage|p2a: Great Tusk|0 fnt
|faint|p2a: Great Tusk
|-end|p2a: Great Tusk|Protosynthesis|[silent]
|
|-heal|p1a: Primarina|88/100|[from] item: Leftovers
|upkeep
|
|t:|1758372478
|switch|p2a: Darkrai|Darkrai|54/100
|turn|34
|
|t:|1758372482
|move|p2a: Darkrai|Sludge Bomb|p1a: Primarina
|-supereffective|p1a: Primarina
|-damage|p1a: Primarina|37/100
|-status|p1a: Primarina|psn
|move|p1a: Primarina|Draining Kiss|p2a: Darkrai
|-supereffective|p2a: Darkrai
|-damage|p2a: Darkrai|0 fnt
|-heal|p1a: Primarina|68/100 psn|[from] drain|[of] p2a: Darkrai
|faint|p2a: Darkrai
|
|-heal|p1a: Primarina|74/100 psn|[from] item: Leftovers
|-damage|p1a: Primarina|61/100 psn|[from] psn
|upkeep
|
|t:|1758372504
|switch|p2a: Gholdengo|Gholdengo|10/100
|turn|35
|
|t:|1758372511
|move|p2a: Gholdengo|Make It Rain|p1a: Primarina
|-damage|p1a: Primarina|5/100 psn
|-unboost|p2a: Gholdengo|spa|1
|move|p1a: Primarina|Psychic Noise|p2a: Gholdengo
|-damage|p2a: Gholdengo|0 fnt
|faint|p2a: Gholdengo
|
|-heal|p1a: Primarina|11/100 psn|[from] item: Leftovers
|-damage|p1a: Primarina|0 fnt|[from] psn
|faint|p1a: Primarina
|upkeep
|
|t:|1758372522
|switch|p2a: Heatran|Heatran, F, tera:Flying|71/100
|switch|p1a: Dragapult|Dragapult, M|88/100
|-damage|p1a: Dragapult|76/100|[from] Stealth Rock
|turn|36
|
|t:|1758372529
|-terastallize|p1a: Dragapult|Dragon
|move|p1a: Dragapult|Dragon Darts|p2a: Heatran
|-damage|p2a: Heatran|41/100
|-anim|p1a: Dragapult|Dragon Darts|p2a: Heatran
|-damage|p2a: Heatran|10/100
|move|p2a: Heatran|Magma Storm|p1a: Dragapult
|-resisted|p1a: Dragapult
|-damage|p1a: Dragapult|46/100
|-activate|p1a: Dragapult|move: Magma Storm|[of] p2a: Heatran
|
|-heal|p2a: Heatran|17/100|[from] item: Leftovers
|-damage|p1a: Dragapult|34/100|[from] move: Magma Storm|[partiallytrapped]
|upkeep
|turn|37
|
|t:|1758372541
|move|p2a: Heatran|Protect|p2a: Heatran
|-singleturn|p2a: Heatran|Protect
|move|p1a: Dragapult|Dragon Darts|p2a: Heatran
|-activate|p2a: Heatran|move: Protect
|
|-heal|p2a: Heatran|23/100|[from] item: Leftovers
|-damage|p1a: Dragapult|22/100|[from] move: Magma Storm|[partiallytrapped]
|upkeep
|turn|38
|
|t:|1758372549
|move|p2a: Heatran|Protect||[still]
|-fail|p2a: Heatran
|move|p1a: Dragapult|Dragon Darts|p2a: Heatran
|-damage|p2a: Heatran|0 fnt
|faint|p2a: Heatran
|
|win|Labooble
|raw|Labooble's rating: 1529 &rarr; <strong>1554</strong><br />(+25 for winning)
|raw|MegaEuler's rating: 1610 &rarr; <strong>1585</strong><br />(-25 for losing)
|l|☆Labooble
|player|p1|
|l|☆MegaEuler
|player|p2|
