|j|☆nyamai
|j|☆Yothas
|t:|1758309729
|gametype|singles
|player|p1|nyamai|swimmer|1274
|player|p2|Yothas|2|1293
|gen|9
|tier|[Gen 9] OU
|rated|
|rule|HP Percentage Mod: HP is shown in percentages
|rule|Endless Battle Clause: Forcing endless battles is banned
|rule|Species Clause: Limit one of each Pokémon
|rule|OHKO Clause: OHKO moves are banned
|rule|Evasion Items Clause: Evasion items are banned
|rule|Evasion Moves Clause: Evasion moves are banned
|rule|Evasion Abilities Clause: Evasion abilities are banned
|rule|Sleep Moves Clause: Sleep-inducing moves are banned
|clearpoke
|poke|p1|Kyurem|
|poke|p1|Scizor, M|
|poke|p1|Great Tusk|
|poke|p1|Heatran, F|
|poke|p1|Rillaboom, F|
|poke|p1|Primarina, F|
|poke|p2|Slaking, M|
|poke|p2|Clodsire, F|
|poke|p2|Clefable, M|
|poke|p2|Medicham, M|
|poke|p2|Landorus-Therian, M|
|poke|p2|Blastoise, M|
|teampreview
|inactive|Battle timer is ON: inactive players will automatically lose when time's up. (requested by Yothas)
|inactive|nyamai also wants the timer to be on.
|c|☆nyamai|huh
|c|☆nyamai|cool team, good luck!!!!
|
|t:|1758309756
|teamsize|p1|6
|teamsize|p2|6
|start
|switch|p1a: Sapo|Heatran, F|100/100
|switch|p2a: Landorus|Landorus-Therian, M|100/100
|-ability|p2a: Landorus|Intimidate|boost
|-unboost|p1a: Sapo|atk|1
|turn|1
|
|t:|1758309762
|-terastallize|p1a: Sapo|Bug
|move|p2a: Landorus|Earth Power|p1a: Sapo
|-resisted|p1a: Sapo
|-damage|p1a: Sapo|85/100
|-damage|p2a: Landorus|90/100|[from] item: Life Orb
|move|p1a: Sapo|Magma Storm|p2a: Landorus
|-damage|p2a: Landorus|37/100
|-activate|p2a: Landorus|move: Magma Storm|[of] p1a: Sapo
|
|-heal|p1a: Sapo|91/100|[from] item: Leftovers
|-damage|p2a: Landorus|25/100|[from] move: Magma Storm|[partiallytrapped]
|upkeep
|turn|2
|
|t:|1758309771
|move|p2a: Landorus|Psychic|p1a: Sapo
|-damage|p1a: Sapo|70/100
|-damage|p2a: Landorus|15/100|[from] item: Life Orb
|move|p1a: Sapo|Magma Storm|p2a: Landorus
|-damage|p2a: Landorus|0 fnt
|faint|p2a: Landorus
|
|-heal|p1a: Sapo|76/100|[from] item: Leftovers
|upkeep
|
|t:|1758309777
|switch|p2a: Slaking|Slaking, M|100/100
|turn|3
|
|t:|1758309786
|move|p2a: Slaking|Giga Impact|p1a: Sapo
|-damage|p1a: Sapo|0 fnt
|-mustrecharge|p2a: Slaking
|faint|p1a: Sapo
|
|upkeep
|
|t:|1758309791
|switch|p1a: Derechos Trans|Primarina, F|100/100
|turn|4
|
|t:|1758309794
|cant|p2a: Slaking|recharge
|move|p1a: Derechos Trans|Substitute|p1a: Derechos Trans
|-start|p1a: Derechos Trans|Substitute
|-damage|p1a: Derechos Trans|75/100
|
|-heal|p1a: Derechos Trans|82/100|[from] item: Leftovers
|upkeep
|turn|5
|
|t:|1758309798
|switch|p2a: Clodsire|Clodsire, F|100/100
|move|p1a: Derechos Trans|Calm Mind|p1a: Derechos Trans
|-boost|p1a: Derechos Trans|spa|1
|-boost|p1a: Derechos Trans|spd|1
|
|-heal|p1a: Derechos Trans|88/100|[from] item: Leftovers
|upkeep
|turn|6
|
|t:|1758309807
|move|p1a: Derechos Trans|Psychic Noise|p2a: Clodsire
|-supereffective|p2a: Clodsire
|-damage|p2a: Clodsire|66/100
|-start|p2a: Clodsire|move: Heal Block
|move|p2a: Clodsire|Earthquake|p1a: Derechos Trans
|-activate|p1a: Derechos Trans|move: Substitute|[damage]
|
|-heal|p1a: Derechos Trans|94/100|[from] item: Leftovers
|upkeep
|turn|7
|
|t:|1758309818
|switch|p2a: Blastoise|Blastoise, M, shiny|100/100
|move|p1a: Derechos Trans|Calm Mind|p1a: Derechos Trans
|-boost|p1a: Derechos Trans|spa|1
|-boost|p1a: Derechos Trans|spd|1
|
|-heal|p1a: Derechos Trans|99/100|[from] item: Leftovers
|upkeep
|turn|8
|
|t:|1758309823
|move|p2a: Blastoise|Flip Turn|p1a: Derechos Trans
|-resisted|p1a: Derechos Trans
|-end|p1a: Derechos Trans|Substitute
|
|t:|1758309830
|switch|p2a: Clodsire|Clodsire, F|66/100|[from] Flip Turn
|move|p1a: Derechos Trans|Draining Kiss|p2a: Clodsire
|-resisted|p2a: Clodsire
|-damage|p2a: Clodsire|60/100
|-heal|p1a: Derechos Trans|100/100|[from] drain|[of] p2a: Clodsire
|
|-heal|p2a: Clodsire|66/100|[from] item: Leftovers
|upkeep
|turn|9
|
|t:|1758309837
|switch|p2a: Clefable|Clefable, M|100/100
|move|p1a: Derechos Trans|Substitute|p1a: Derechos Trans
|-start|p1a: Derechos Trans|Substitute
|-damage|p1a: Derechos Trans|75/100
|
|-heal|p1a: Derechos Trans|82/100|[from] item: Leftovers
|upkeep
|turn|10
|
|t:|1758309844
|move|p1a: Derechos Trans|Psychic Noise|p2a: Clefable
|-damage|p2a: Clefable|72/100
|-start|p2a: Clefable|move: Heal Block
|move|p2a: Clefable|Moonblast|p1a: Derechos Trans
|-end|p1a: Derechos Trans|Substitute
|
|-heal|p1a: Derechos Trans|88/100|[from] item: Leftovers
|upkeep
|turn|11
|
|t:|1758309852
|switch|p1a: Noscor|Scizor, M|100/100
|move|p2a: Clefable|Thunder Wave|p1a: Noscor
|-status|p1a: Noscor|par
|
|-end|p2a: Clefable|move: Heal Block
|upkeep
|turn|12
|
|t:|1758309857
|switch|p2a: Blastoise|Blastoise, M, shiny|100/100
|move|p1a: Noscor|Bullet Punch|p2a: Blastoise
|-resisted|p2a: Blastoise
|-damage|p2a: Blastoise|81/100
|
|-heal|p2a: Blastoise|87/100|[from] item: Leftovers
|upkeep
|turn|13
|
|t:|1758309862
|switch|p1a: Chango qliao|Rillaboom, F|100/100
|-fieldstart|move: Grassy Terrain|[from] ability: Grassy Surge|[of] p1a: Chango qliao
|move|p2a: Blastoise|Flip Turn|p1a: Chango qliao
|-resisted|p1a: Chango qliao
|-damage|p1a: Chango qliao|91/100
|
|t:|1758309873
|switch|p2a: Clefable|Clefable, M|72/100|[from] Flip Turn
|
|-heal|p1a: Chango qliao|97/100|[from] Grassy Terrain
|-heal|p2a: Clefable|78/100|[from] Grassy Terrain
|-heal|p2a: Clefable|84/100|[from] item: Leftovers
|upkeep
|turn|14
|
|t:|1758309884
|move|p1a: Chango qliao|Knock Off|p2a: Clefable
|-resisted|p2a: Clefable
|-damage|p2a: Clefable|73/100
|-enditem|p2a: Clefable|Leftovers|[from] move: Knock Off|[of] p1a: Chango qliao
|move|p2a: Clefable|Stealth Rock|p1a: Chango qliao
|-sidestart|p1: nyamai|move: Stealth Rock
|
|-heal|p1a: Chango qliao|100/100|[from] Grassy Terrain
|-heal|p2a: Clefable|79/100|[from] Grassy Terrain
|upkeep
|turn|15
|
|t:|1758309892
|move|p1a: Chango qliao|Grassy Glide|p2a: Clefable
|-damage|p2a: Clefable|53/100
|move|p2a: Clefable|Moonblast|p1a: Chango qliao
|-damage|p1a: Chango qliao|57/100
|
|-heal|p1a: Chango qliao|63/100|[from] Grassy Terrain
|-heal|p2a: Clefable|59/100|[from] Grassy Terrain
|upkeep
|turn|16
|
|t:|1758309897
|move|p1a: Chango qliao|U-turn|p2a: Clefable
|-resisted|p2a: Clefable
|-damage|p2a: Clefable|49/100
|
|t:|1758309900
|switch|p1a: Noscor|Scizor, M|100/100 par|[from] U-turn
|-damage|p1a: Noscor|88/100 par|[from] Stealth Rock
|move|p2a: Clefable|Moonlight|p2a: Clefable
|-heal|p2a: Clefable|99/100
|
|-heal|p2a: Clefable|100/100|[from] Grassy Terrain
|-heal|p1a: Noscor|94/100 par|[from] Grassy Terrain
|upkeep
|turn|17
|
|t:|1758309909
|switch|p2a: Blastoise|Blastoise, M, shiny|87/100
|move|p1a: Noscor|Close Combat|p2a: Blastoise
|-damage|p2a: Blastoise|38/100
|-unboost|p1a: Noscor|def|1
|-unboost|p1a: Noscor|spd|1
|
|-heal|p2a: Blastoise|45/100|[from] Grassy Terrain
|-heal|p2a: Blastoise|51/100|[from] item: Leftovers
|-heal|p1a: Noscor|100/100 par|[from] Grassy Terrain
|-fieldend|move: Grassy Terrain
|upkeep
|turn|18
|
|t:|1758309917
|switch|p2a: Clodsire|Clodsire, F|66/100
|switch|p1a: OldssenWolf|Great Tusk|100/100
|
|-heal|p2a: Clodsire|72/100|[from] item: Leftovers
|upkeep
|turn|19
|
|t:|1758309921
|move|p1a: OldssenWolf|Rapid Spin|p2a: Clodsire
|-damage|p2a: Clodsire|53/100
|-boost|p1a: OldssenWolf|spe|1
|-sideend|p1: nyamai|Stealth Rock|[from] move: Rapid Spin|[of] p1a: OldssenWolf
|move|p2a: Clodsire|Toxic|p1a: OldssenWolf
|-status|p1a: OldssenWolf|tox
|
|-heal|p2a: Clodsire|60/100|[from] item: Leftovers
|-damage|p1a: OldssenWolf|94/100 tox|[from] psn
|upkeep
|turn|20
|
|t:|1758309925
|switch|p2a: Clefable|Clefable, M|100/100
|move|p1a: OldssenWolf|Stealth Rock|p2a: Clefable
|-sidestart|p2: Yothas|move: Stealth Rock
|
|-damage|p1a: OldssenWolf|82/100 tox|[from] psn
|upkeep
|turn|21
|
|t:|1758309930
|move|p1a: OldssenWolf|Headlong Rush|p2a: Clefable
|-damage|p2a: Clefable|52/100
|-unboost|p1a: OldssenWolf|def|1
|-unboost|p1a: OldssenWolf|spd|1
|move|p2a: Clefable|Stealth Rock|p1a: OldssenWolf
|-sidestart|p1: nyamai|move: Stealth Rock
|
|-damage|p1a: OldssenWolf|63/100 tox|[from] psn
|upkeep
|turn|22
|
|t:|1758309936
|move|p1a: OldssenWolf|Rapid Spin|p2a: Clefable
|-damage|p2a: Clefable|39/100
|-boost|p1a: OldssenWolf|spe|1
|-sideend|p1: nyamai|Stealth Rock|[from] move: Rapid Spin|[of] p1a: OldssenWolf
|move|p2a: Clefable|Moonlight|p2a: Clefable
|-heal|p2a: Clefable|89/100
|
|-damage|p1a: OldssenWolf|39/100 tox|[from] psn
|upkeep
|turn|23
|
|t:|1758309942
|move|p1a: OldssenWolf|Headlong Rush|p2a: Clefable
|-damage|p2a: Clefable|44/100
|-unboost|p1a: OldssenWolf|def|1
|-unboost|p1a: OldssenWolf|spd|1
|move|p2a: Clefable|Moonlight|p2a: Clefable
|-heal|p2a: Clefable|94/100
|
|-damage|p1a: OldssenWolf|8/100 tox|[from] psn
|upkeep
|turn|24
|
|t:|1758309954
|-end|p1a: OldssenWolf|Protosynthesis|[silent]
|switch|p1a: Noscor|Scizor, M|100/100 par
|move|p2a: Clefable|Stealth Rock|p1a: Noscor
|-sidestart|p1: nyamai|move: Stealth Rock
|
|upkeep
|turn|25
|
|t:|1758309961
|switch|p2a: Blastoise|Blastoise, M, shiny|51/100
|-damage|p2a: Blastoise|38/100|[from] Stealth Rock
|move|p1a: Noscor|Bullet Punch|p2a: Blastoise
|-resisted|p2a: Blastoise
|-damage|p2a: Blastoise|17/100
|
|-heal|p2a: Blastoise|23/100|[from] item: Leftovers
|upkeep
|turn|26
|
|t:|1758309965
|switch|p1a: Chango qliao|Rillaboom, F|63/100
|-fieldstart|move: Grassy Terrain|[from] ability: Grassy Surge|[of] p1a: Chango qliao
|move|p2a: Blastoise|Rapid Spin|p1a: Chango qliao
|-damage|p1a: Chango qliao|54/100
|-boost|p2a: Blastoise|spe|1
|-sideend|p2: Yothas|Stealth Rock|[from] move: Rapid Spin|[of] p2a: Blastoise
|
|-heal|p1a: Chango qliao|60/100|[from] Grassy Terrain
|-heal|p2a: Blastoise|30/100|[from] Grassy Terrain
|-heal|p2a: Blastoise|36/100|[from] item: Leftovers
|upkeep
|turn|27
|
|t:|1758309976
|switch|p2a: Clefable|Clefable, M|94/100
|move|p1a: Chango qliao|Grassy Glide|p2a: Clefable
|-crit|p2a: Clefable
|-damage|p2a: Clefable|52/100
|
|-heal|p1a: Chango qliao|66/100|[from] Grassy Terrain
|-heal|p2a: Clefable|58/100|[from] Grassy Terrain
|upkeep
|turn|28
|
|t:|1758309982
|switch|p1a: Noscor|Scizor, M|100/100 par
|-damage|p1a: Noscor|88/100 par|[from] Stealth Rock
|move|p2a: Clefable|Moonlight|p2a: Clefable
|-heal|p2a: Clefable|100/100
|
|-heal|p1a: Noscor|94/100 par|[from] Grassy Terrain
|upkeep
|turn|29
|
|t:|1758309991
|switch|p2a: Slaking|Slaking, M|100/100
|cant|p1a: Noscor|par
|
|-heal|p1a: Noscor|100/100 par|[from] Grassy Terrain
|upkeep
|turn|30
|
|t:|1758309997
|move|p2a: Slaking|Knock Off|p1a: Noscor
|-damage|p1a: Noscor|26/100 par
|-enditem|p1a: Noscor|Choice Band|[from] move: Knock Off|[of] p2a: Slaking
|move|p1a: Noscor|Knock Off|p2a: Slaking
|-damage|p2a: Slaking|74/100
|-enditem|p2a: Slaking|Choice Band|[from] move: Knock Off|[of] p1a: Noscor
|
|-heal|p2a: Slaking|80/100|[from] Grassy Terrain
|-heal|p1a: Noscor|32/100 par|[from] Grassy Terrain
|-fieldend|move: Grassy Terrain
|upkeep
|turn|31
|
|t:|1758310007
|switch|p2a: Blastoise|Blastoise, M, shiny|36/100
|switch|p1a: Derechos Trans|Primarina, F|88/100
|-damage|p1a: Derechos Trans|75/100|[from] Stealth Rock
|
|-heal|p2a: Blastoise|42/100|[from] item: Leftovers
|-heal|p1a: Derechos Trans|81/100|[from] item: Leftovers
|upkeep
|turn|32
|c|☆nyamai|excuse me
|inactive|nyamai has 120 seconds left.
|c|☆nyamai|you can switch after atacking w the king???
|c|☆nyamai|thats cool
|
|t:|1758310048
|move|p2a: Blastoise|Flip Turn|p1a: Derechos Trans
|-resisted|p1a: Derechos Trans
|-damage|p1a: Derechos Trans|75/100
|
|t:|1758310052
|switch|p2a: Clefable|Clefable, M|100/100|[from] Flip Turn
|move|p1a: Derechos Trans|Calm Mind|p1a: Derechos Trans
|-boost|p1a: Derechos Trans|spa|1
|-boost|p1a: Derechos Trans|spd|1
|
|-heal|p1a: Derechos Trans|81/100|[from] item: Leftovers
|upkeep
|turn|33
|inactive|nyamai has 120 seconds left.
|
|t:|1758310060
|move|p2a: Clefable|Moonblast|p1a: Derechos Trans
|-damage|p1a: Derechos Trans|55/100
|move|p1a: Derechos Trans|Substitute|p1a: Derechos Trans
|-start|p1a: Derechos Trans|Substitute
|-damage|p1a: Derechos Trans|30/100
|
|-heal|p1a: Derechos Trans|36/100|[from] item: Leftovers
|upkeep
|turn|34
|
|t:|1758310068
|move|p2a: Clefable|Moonblast|p1a: Derechos Trans
|-end|p1a: Derechos Trans|Substitute
|move|p1a: Derechos Trans|Draining Kiss|p2a: Clefable
|-damage|p2a: Clefable|80/100
|-heal|p1a: Derechos Trans|53/100|[from] drain|[of] p2a: Clefable
|
|-heal|p1a: Derechos Trans|59/100|[from] item: Leftovers
|upkeep
|turn|35
|
|t:|1758310078
|switch|p1a: Chango qliao|Rillaboom, F|66/100
|-fieldstart|move: Grassy Terrain|[from] ability: Grassy Surge|[of] p1a: Chango qliao
|move|p2a: Clefable|Moonblast|p1a: Chango qliao
|-damage|p1a: Chango qliao|22/100
|
|-heal|p1a: Chango qliao|28/100|[from] Grassy Terrain
|-heal|p2a: Clefable|86/100|[from] Grassy Terrain
|upkeep
|turn|36
|
|t:|1758310086
|move|p1a: Chango qliao|U-turn|p2a: Clefable
|-resisted|p2a: Clefable
|-damage|p2a: Clefable|77/100
|
|t:|1758310097
|switch|p1a: Noscor|Scizor, M|32/100 par|[from] U-turn
|-damage|p1a: Noscor|20/100 par|[from] Stealth Rock
|move|p2a: Clefable|Moonblast|p1a: Noscor
|-resisted|p1a: Noscor
|-damage|p1a: Noscor|0 fnt
|faint|p1a: Noscor
|
|-heal|p2a: Clefable|83/100|[from] Grassy Terrain
|upkeep
|
|t:|1758310103
|switch|p1a: OldssenWolf|Great Tusk|8/100 tox
|turn|37
|
|t:|1758310107
|move|p1a: OldssenWolf|Headlong Rush|p2a: Clefable
|-damage|p2a: Clefable|31/100
|-unboost|p1a: OldssenWolf|def|1
|-unboost|p1a: OldssenWolf|spd|1
|move|p2a: Clefable|Stealth Rock||[still]
|-fail|p2a: Clefable
|
|-heal|p1a: OldssenWolf|14/100 tox|[from] Grassy Terrain
|-heal|p2a: Clefable|38/100|[from] Grassy Terrain
|-damage|p1a: OldssenWolf|8/100 tox|[from] psn
|upkeep
|turn|38
|
|t:|1758310118
|switch|p2a: Blastoise|Blastoise, M, shiny|42/100
|move|p1a: OldssenWolf|Headlong Rush|p2a: Blastoise
|-damage|p2a: Blastoise|0 fnt
|-unboost|p1a: OldssenWolf|def|1
|-unboost|p1a: OldssenWolf|spd|1
|faint|p2a: Blastoise
|
|-heal|p1a: OldssenWolf|14/100 tox|[from] Grassy Terrain
|-damage|p1a: OldssenWolf|1/100 tox|[from] psn
|upkeep
|
|t:|1758310124
|switch|p2a: Medicham|Medicham, M, shiny|100/100
|turn|39
|
|t:|1758310130
|-end|p1a: OldssenWolf|Protosynthesis|[silent]
|switch|p1a: Derechos Trans|Primarina, F|59/100
|-damage|p1a: Derechos Trans|47/100|[from] Stealth Rock
|move|p2a: Medicham|Poison Jab|p1a: Derechos Trans
|-supereffective|p1a: Derechos Trans
|-damage|p1a: Derechos Trans|0 fnt
|faint|p1a: Derechos Trans
|
|-fieldend|move: Grassy Terrain
|upkeep
|
|t:|1758310139
|switch|p1a: Chango qliao|Rillaboom, F|28/100
|-fieldstart|move: Grassy Terrain|[from] ability: Grassy Surge|[of] p1a: Chango qliao
|turn|40
|
|t:|1758310144
|move|p1a: Chango qliao|Grassy Glide|p2a: Medicham
|-damage|p2a: Medicham|36/100
|move|p2a: Medicham|Poison Jab|p1a: Chango qliao
|-supereffective|p1a: Chango qliao
|-damage|p1a: Chango qliao|0 fnt
|faint|p1a: Chango qliao
|
|-heal|p2a: Medicham|42/100|[from] Grassy Terrain
|upkeep
|
|t:|1758310151
|switch|p1a: OldssenWolf|Great Tusk|1/100 tox
|turn|41
|
|t:|1758310155
|switch|p2a: Clefable|Clefable, M|38/100
|move|p1a: OldssenWolf|Rapid Spin|p2a: Clefable
|-damage|p2a: Clefable|24/100
|-boost|p1a: OldssenWolf|spe|1
|-sideend|p1: nyamai|Stealth Rock|[from] move: Rapid Spin|[of] p1a: OldssenWolf
|
|-heal|p1a: OldssenWolf|8/100 tox|[from] Grassy Terrain
|-heal|p2a: Clefable|30/100|[from] Grassy Terrain
|-damage|p1a: OldssenWolf|1/100 tox|[from] psn
|upkeep
|turn|42
|
|t:|1758310163
|switch|p2a: Clodsire|Clodsire, F|60/100
|move|p1a: OldssenWolf|Headlong Rush|p2a: Clodsire
|-supereffective|p2a: Clodsire
|-damage|p2a: Clodsire|0 fnt
|-unboost|p1a: OldssenWolf|def|1
|-unboost|p1a: OldssenWolf|spd|1
|faint|p2a: Clodsire
|
|-heal|p1a: OldssenWolf|8/100 tox|[from] Grassy Terrain
|-damage|p1a: OldssenWolf|0 fnt|[from] psn
|faint|p1a: OldssenWolf
|-end|p1a: OldssenWolf|Protosynthesis|[silent]
|upkeep
|
|t:|1758310174
|switch|p1a: EdgeLord|Kyurem|100/100
|switch|p2a: Medicham|Medicham, M, shiny|42/100
|-ability|p1a: EdgeLord|Pressure
|turn|43
|
|t:|1758310178
|move|p1a: EdgeLord|Ice Beam|p2a: Medicham
|-damage|p2a: Medicham|0 fnt
|faint|p2a: Medicham
|
|upkeep
|
|t:|1758310181
|switch|p2a: Slaking|Slaking, M|80/100
|turn|44
|
|t:|1758310183
|-terastallize|p2a: Slaking|Normal
|move|p1a: EdgeLord|Ice Beam|p2a: Slaking
|-damage|p2a: Slaking|31/100
|move|p2a: Slaking|Giga Impact|p1a: EdgeLord
|-damage|p1a: EdgeLord|0 fnt
|-mustrecharge|p2a: Slaking
|faint|p1a: EdgeLord
|
|win|Yothas
|raw|nyamai's rating: 1274 &rarr; <strong>1250</strong><br />(-24 for losing)
|raw|Yothas's rating: 1293 &rarr; <strong>1317</strong><br />(+24 for winning)
|c|☆nyamai|wow
|c|☆nyamai|GGGGGG
|c|☆nyamai|that was awesome
|l|☆Yothas
|player|p2|
|l|☆nyamai
|player|p1|
