|j|☆Vint4g3_
|j|☆Shoko_Akoo
|t:|1758373867
|gametype|singles
|player|p1|Vint4g3_|169|1132
|player|p2|Shoko_Akoo|benga|1107
|gen|9
|tier|[Gen 9] OU
|rated|
|rule|HP Percentage Mod: HP is shown in percentages
|rule|Endless Battle Clause: Forcing endless battles is banned
|rule|Species Clause: Limit one of each Pokémon
|rule|OHKO Clause: OHKO moves are banned
|rule|Evasion Items Clause: Evasion items are banned
|rule|Evasion Moves Clause: Evasion moves are banned
|rule|Evasion Abilities Clause: Evasion abilities are banned
|rule|Sleep Moves Clause: Sleep-inducing moves are banned
|clearpoke
|poke|p1|Froslass, F|
|poke|p1|Darkrai|
|poke|p1|Landorus-Therian, M|
|poke|p1|Iron Valiant|
|poke|p1|Primarina, M|
|poke|p1|Iron Moth|
|poke|p2|Ceruledge, F|
|poke|p2|Meowscarada, M|
|poke|p2|Conkeldurr, F|
|poke|p2|Toxtricity-Low-Key, F|
|poke|p2|Empoleon, M|
|poke|p2|Cinderace, F|
|teampreview
|
|t:|1758373878
|teamsize|p1|6
|teamsize|p2|6
|start
|switch|p1a: Froslass|Froslass, F|100/100
|switch|p2a: Maskara|Meowscarada, M, shiny|100/100
|turn|1
|
|t:|1758373906
|-terastallize|p1a: Froslass|Ice
|move|p2a: Maskara|Play Rough|p1a: Froslass
|-start|p2a: Maskara|typechange|Fairy|[from] ability: Protean
|-damage|p1a: Froslass|37/100
|move|p1a: Froslass|Spikes|p2a: Maskara
|-sidestart|p2: Shoko_Akoo|Spikes
|
|upkeep
|turn|2
|
|t:|1758373929
|move|p1a: Froslass|Ice Shard|p2a: Maskara
|-damage|p2a: Maskara|80/100
|move|p2a: Maskara|Flower Trick|p1a: Froslass
|-crit|p1a: Froslass
|-damage|p1a: Froslass|0 fnt
|faint|p1a: Froslass
|
|-heal|p2a: Maskara|86/100|[from] item: Leftovers
|upkeep
|
|t:|1758373950
|switch|p1a: Iron Moth|Iron Moth|100/100
|-enditem|p1a: Iron Moth|Booster Energy
|-activate|p1a: Iron Moth|ability: Quark Drive|[fromitem]
|-start|p1a: Iron Moth|quarkdrivespe
|turn|3
|
|t:|1758373970
|switch|p2a: Regnal|Empoleon, M|100/100
|move|p1a: Iron Moth|Fiery Dance|p2a: Regnal
|-damage|p2a: Regnal|66/100
|-boost|p1a: Iron Moth|spa|1
|
|upkeep
|turn|4
|
|t:|1758373979
|move|p1a: Iron Moth|Discharge|p2a: Regnal
|-supereffective|p2a: Regnal
|-crit|p2a: Regnal
|-damage|p2a: Regnal|0 fnt
|faint|p2a: Regnal
|
|upkeep
|
|t:|1758374008
|switch|p2a: Vulcan|Cinderace, F, shiny|100/100
|-damage|p2a: Vulcan|88/100|[from] Spikes
|turn|5
|
|t:|1758374018
|move|p1a: Iron Moth|Discharge|p2a: Vulcan
|-damage|p2a: Vulcan|33/100
|-status|p2a: Vulcan|par
|move|p2a: Vulcan|Acrobatics|p1a: Iron Moth
|-start|p2a: Vulcan|typechange|Flying|[from] ability: Libero
|-damage|p1a: Iron Moth|43/100
|-damage|p2a: Vulcan|23/100 par|[from] item: Life Orb
|
|upkeep
|turn|6
|
|t:|1758374039
|move|p2a: Vulcan|Sucker Punch|p1a: Iron Moth
|-damage|p1a: Iron Moth|0 fnt
|faint|p1a: Iron Moth
|-end|p1a: Iron Moth|Quark Drive|[silent]
|-damage|p2a: Vulcan|13/100 par|[from] item: Life Orb
|
|upkeep
|
|t:|1758374045
|switch|p1a: Primarina|Primarina, M|100/100
|turn|7
|
|t:|1758374051
|move|p1a: Primarina|Moonblast|p2a: Vulcan
|-damage|p2a: Vulcan|0 fnt
|faint|p2a: Vulcan
|
|upkeep
|
|t:|1758374056
|switch|p2a: Distort|Toxtricity-Low-Key, F, shiny|100/100
|-damage|p2a: Distort|88/100|[from] Spikes
|turn|8
|
|t:|1758374072
|switch|p1a: Landorus|Landorus-Therian, M|100/100
|-ability|p1a: Landorus|Intimidate|boost
|-unboost|p2a: Distort|atk|1
|move|p2a: Distort|Boomburst|p1a: Landorus
|-damage|p1a: Landorus|0 fnt
|faint|p1a: Landorus
|
|upkeep
|c|☆Shoko_Akoo|Predictable
|
|t:|1758374096
|switch|p1a: Darkrai|Darkrai|100/100
|turn|9
|
|t:|1758374105
|move|p1a: Darkrai|Dark Pulse|p2a: Distort
|-damage|p2a: Distort|25/100
|move|p2a: Distort|Boomburst|p1a: Darkrai
|-damage|p1a: Darkrai|0 fnt
|faint|p1a: Darkrai
|
|upkeep
|c|☆Vint4g3_|yeah
|
|t:|1758374115
|switch|p1a: Iron Valiant|Iron Valiant|100/100
|-enditem|p1a: Iron Valiant|Booster Energy
|-activate|p1a: Iron Valiant|ability: Quark Drive|[fromitem]
|-start|p1a: Iron Valiant|quarkdrivespe
|turn|10
|
|t:|1758374124
|move|p1a: Iron Valiant|Shadow Ball|p2a: Distort
|-damage|p2a: Distort|0 fnt
|faint|p2a: Distort
|
|upkeep
|
|t:|1758374151
|switch|p2a: Revanat|Ceruledge, F, shiny|100/100
|-damage|p2a: Revanat|88/100|[from] Spikes
|turn|11
|
|t:|1758374157
|move|p1a: Iron Valiant|Shadow Ball|p2a: Revanat
|-supereffective|p2a: Revanat
|-damage|p2a: Revanat|28/100
|move|p2a: Revanat|Bitter Blade|p1a: Iron Valiant
|-damage|p1a: Iron Valiant|35/100
|-heal|p2a: Revanat|60/100|[from] drain|[of] p1a: Iron Valiant
|
|upkeep
|turn|12
|
|t:|1758374167
|move|p1a: Iron Valiant|Shadow Ball|p2a: Revanat
|-supereffective|p2a: Revanat
|-damage|p2a: Revanat|3/100
|move|p2a: Revanat|Bitter Blade|p1a: Iron Valiant
|-damage|p1a: Iron Valiant|0 fnt
|-heal|p2a: Revanat|20/100|[from] drain|[of] p1a: Iron Valiant
|faint|p1a: Iron Valiant
|-end|p1a: Iron Valiant|Quark Drive|[silent]
|
|upkeep
|
|t:|1758374173
|switch|p1a: Primarina|Primarina, M|100/100
|turn|13
|
|t:|1758374181
|move|p2a: Revanat|Poltergeist|p1a: Primarina
|-activate|p1a: Primarina|move: Poltergeist|Heavy-Duty Boots
|-damage|p1a: Primarina|25/100
|move|p1a: Primarina|Sparkling Aria|p2a: Revanat
|-supereffective|p2a: Revanat
|-damage|p2a: Revanat|0 fnt
|faint|p2a: Revanat
|
|upkeep
|
|t:|1758374189
|switch|p2a: Maskara|Meowscarada, M, shiny|86/100
|-damage|p2a: Maskara|74/100|[from] Spikes
|turn|14
|
|t:|1758374193
|move|p2a: Maskara|Flower Trick|p1a: Primarina
|-start|p2a: Maskara|typechange|Grass|[from] ability: Protean
|-supereffective|p1a: Primarina
|-crit|p1a: Primarina
|-damage|p1a: Primarina|0 fnt
|faint|p1a: Primarina
|
|win|Shoko_Akoo
|raw|Vint4g3_'s rating: 1132 &rarr; <strong>1107</strong><br />(-25 for losing)
|raw|Shoko_Akoo's rating: 1129 &rarr; <strong>1154</strong><br />(+25 for winning)
|l|☆Vint4g3_
|player|p1|
|l|☆Shoko_Akoo
|player|p2|
