|j|☆LolaLulu
|j|☆RiaSingh2121
|t:|1758232866
|gametype|singles
|player|p1|LolaLulu|dahlia|1265
|player|p2|RiaSingh2121|1|1221
|gen|9
|tier|[Gen 9] OU
|rated|
|rule|HP Percentage Mod: HP is shown in percentages
|rule|Endless Battle Clause: Forcing endless battles is banned
|rule|Species Clause: Limit one of each Pokémon
|rule|OHKO Clause: OHKO moves are banned
|rule|Evasion Items Clause: Evasion items are banned
|rule|Evasion Moves Clause: Evasion moves are banned
|rule|Evasion Abilities Clause: Evasion abilities are banned
|rule|Sleep Moves Clause: Sleep-inducing moves are banned
|clearpoke
|poke|p1|Decidueye-Hisui, F|
|poke|p1|Dragonite, F|
|poke|p1|Iron Moth|
|poke|p1|Gholdengo|
|poke|p1|Garchomp, M|
|poke|p1|Primarina, M|
|poke|p2|Hatterene, F|
|poke|p2|Torkoal, F|
|poke|p2|Corviknight, M|
|poke|p2|Ursaluna, F|
|poke|p2|Hattrem, F|
|poke|p2|Iron Hands|
|teampreview
|
|t:|1758232875
|teamsize|p1|6
|teamsize|p2|6
|start
|switch|p1a: Garchomp|Garchomp, M|100/100
|switch|p2a: Hattrem|Hattrem, F|100/100
|turn|1
|
|t:|1758232888
|move|p1a: Garchomp|Earthquake|p2a: Hattrem
|-damage|p2a: Hattrem|33/100
|move|p2a: Hattrem|Trick Room|p2a: Hattrem
|-fieldstart|move: Trick Room|[of] p2a: Hattrem
|
|upkeep
|turn|2
|
|t:|1758232895
|move|p2a: Hattrem|Healing Wish|p2a: Hattrem
|faint|p2a: Hattrem
|move|p1a: Garchomp|Earthquake|p2: Hattrem|[notarget]
|-fail|p1a: Garchomp
|
|upkeep
|
|t:|1758232909
|switch|p2a: Ursaluna|Ursaluna, F|100/100
|turn|3
|
|t:|1758232913
|move|p2a: Ursaluna|Swords Dance|p2a: Ursaluna
|-boost|p2a: Ursaluna|atk|2
|move|p1a: Garchomp|Stealth Rock|p2a: Ursaluna
|-sidestart|p2: RiaSingh2121|move: Stealth Rock
|
|-status|p2a: Ursaluna|brn|[from] item: Flame Orb
|upkeep
|turn|4
|
|t:|1758232923
|move|p2a: Ursaluna|Facade|p1a: Garchomp
|-damage|p1a: Garchomp|0 fnt
|-damage|p2a: Ursaluna|88/100 brn|[from] ability: Rough Skin|[of] p1a: Garchomp
|-damage|p2a: Ursaluna|72/100 brn|[from] item: Rocky Helmet|[of] p1a: Garchomp
|faint|p1a: Garchomp
|
|-damage|p2a: Ursaluna|66/100 brn|[from] brn
|upkeep
|
|t:|1758232937
|switch|p1a: Dragonite|Dragonite, F|100/100
|turn|5
|
|t:|1758232944
|move|p2a: Ursaluna|Facade|p1a: Dragonite
|-damage|p1a: Dragonite|0 fnt
|faint|p1a: Dragonite
|
|-damage|p2a: Ursaluna|59/100 brn|[from] brn
|-fieldend|move: Trick Room
|upkeep
|
|t:|1758232956
|switch|p1a: Decidueye|Decidueye-Hisui, F|100/100
|turn|6
|
|t:|1758233019
|switch|p2a: Corviknight|Corviknight, M|100/100
|-damage|p2a: Corviknight|88/100|[from] Stealth Rock
|move|p1a: Decidueye|Triple Arrows|p2a: Corviknight
|-damage|p2a: Corviknight|59/100
|-ability|p2a: Corviknight|Mirror Armor
|-unboost|p1a: Decidueye|def|1
|
|upkeep
|turn|7
|
|t:|1758233030
|switch|p1a: Gholdengo|Gholdengo|100/100
|-item|p1a: Gholdengo|Air Balloon
|move|p2a: Corviknight|Defog|p1a: Gholdengo
|-immune|p1a: Gholdengo|[from] ability: Good as Gold
|
|upkeep
|turn|8
|
|t:|1758233042
|move|p1a: Gholdengo|Hex|p2a: Corviknight
|-damage|p2a: Corviknight|33/100
|move|p2a: Corviknight|U-turn|p1a: Gholdengo
|-resisted|p1a: Gholdengo
|-damage|p1a: Gholdengo|98/100
|-enditem|p1a: Gholdengo|Air Balloon
|
|t:|1758233049
|switch|p2a: Iron Hands|Iron Hands|100/100|[from] U-turn
|-damage|p2a: Iron Hands|94/100|[from] Stealth Rock
|
|upkeep
|turn|9
|
|t:|1758233056
|move|p1a: Gholdengo|Hex|p2a: Iron Hands
|-damage|p2a: Iron Hands|78/100
|move|p2a: Iron Hands|Earthquake|p1a: Gholdengo
|-supereffective|p1a: Gholdengo
|-damage|p1a: Gholdengo|50/100
|
|upkeep
|turn|10
|
|t:|1758233067
|move|p1a: Gholdengo|Recover|p1a: Gholdengo
|-heal|p1a: Gholdengo|99/100
|move|p2a: Iron Hands|Thunder Punch|p1a: Gholdengo
|-damage|p1a: Gholdengo|73/100
|
|upkeep
|turn|11
|
|t:|1758233079
|move|p1a: Gholdengo|Hex|p2a: Iron Hands
|-damage|p2a: Iron Hands|64/100
|move|p2a: Iron Hands|Earthquake|p1a: Gholdengo
|-supereffective|p1a: Gholdengo
|-damage|p1a: Gholdengo|29/100
|
|upkeep
|turn|12
|
|t:|1758233086
|move|p1a: Gholdengo|Recover|p1a: Gholdengo
|-heal|p1a: Gholdengo|79/100
|move|p2a: Iron Hands|Thunder Punch|p1a: Gholdengo
|-damage|p1a: Gholdengo|52/100
|
|upkeep
|turn|13
|
|t:|1758233093
|move|p1a: Gholdengo|Hex|p2a: Iron Hands
|-damage|p2a: Iron Hands|48/100
|move|p2a: Iron Hands|Earthquake|p1a: Gholdengo
|-supereffective|p1a: Gholdengo
|-damage|p1a: Gholdengo|7/100
|
|upkeep
|turn|14
|
|t:|1758233101
|move|p1a: Gholdengo|Recover|p1a: Gholdengo
|-heal|p1a: Gholdengo|57/100
|move|p2a: Iron Hands|Thunder Punch|p1a: Gholdengo
|-damage|p1a: Gholdengo|30/100
|
|upkeep
|turn|15
|
|t:|1758233108
|move|p1a: Gholdengo|Recover|p1a: Gholdengo
|-heal|p1a: Gholdengo|80/100
|move|p2a: Iron Hands|Earthquake|p1a: Gholdengo
|-supereffective|p1a: Gholdengo
|-damage|p1a: Gholdengo|31/100
|
|upkeep
|turn|16
|
|t:|1758233115
|move|p1a: Gholdengo|Recover|p1a: Gholdengo
|-heal|p1a: Gholdengo|81/100
|move|p2a: Iron Hands|Thunder Punch|p1a: Gholdengo
|-damage|p1a: Gholdengo|53/100
|
|upkeep
|turn|17
|
|t:|1758233122
|move|p1a: Gholdengo|Hex|p2a: Iron Hands
|-damage|p2a: Iron Hands|33/100
|move|p2a: Iron Hands|Earthquake|p1a: Gholdengo
|-supereffective|p1a: Gholdengo
|-damage|p1a: Gholdengo|7/100
|
|upkeep
|turn|18
|
|t:|1758233129
|move|p1a: Gholdengo|Recover|p1a: Gholdengo
|-heal|p1a: Gholdengo|57/100
|move|p2a: Iron Hands|Thunder Punch|p1a: Gholdengo
|-damage|p1a: Gholdengo|29/100
|
|upkeep
|turn|19
|
|t:|1758233142
|move|p1a: Gholdengo|Recover|p1a: Gholdengo
|-heal|p1a: Gholdengo|79/100
|move|p2a: Iron Hands|Earthquake|p1a: Gholdengo
|-supereffective|p1a: Gholdengo
|-damage|p1a: Gholdengo|35/100
|
|upkeep
|turn|20
|
|t:|1758233148
|move|p1a: Gholdengo|Recover|p1a: Gholdengo
|-heal|p1a: Gholdengo|85/100
|move|p2a: Iron Hands|Thunder Punch|p1a: Gholdengo
|-damage|p1a: Gholdengo|57/100
|
|upkeep
|turn|21
|
|t:|1758233163
|-end|p2a: Iron Hands|Quark Drive|[silent]
|switch|p2a: Torkoal|Torkoal, F|100/100
|-weather|SunnyDay|[from] ability: Drought|[of] p2a: Torkoal
|move|p1a: Gholdengo|Hex|p2a: Torkoal
|-crit|p2a: Torkoal
|-damage|p2a: Torkoal|44/100
|
|-weather|SunnyDay|[upkeep]
|upkeep
|turn|22
|
|t:|1758233167
|move|p1a: Gholdengo|Hex|p2a: Torkoal
|-damage|p2a: Torkoal|9/100
|move|p2a: Torkoal|Lava Plume|p1a: Gholdengo
|-supereffective|p1a: Gholdengo
|-damage|p1a: Gholdengo|0 fnt
|faint|p1a: Gholdengo
|
|-weather|SunnyDay|[upkeep]
|upkeep
|
|t:|1758233177
|switch|p1a: Iron Moth|Iron Moth|100/100
|-enditem|p1a: Iron Moth|Booster Energy
|-activate|p1a: Iron Moth|ability: Quark Drive|[fromitem]
|-start|p1a: Iron Moth|quarkdrivespe
|turn|23
|
|t:|1758233188
|move|p1a: Iron Moth|Fiery Dance|p2a: Torkoal
|-resisted|p2a: Torkoal
|-damage|p2a: Torkoal|0 fnt
|faint|p2a: Torkoal
|
|-weather|SunnyDay|[upkeep]
|upkeep
|
|t:|1758233191
|switch|p2a: Iron Hands|Iron Hands|33/100
|-heal|p2a: Iron Hands|100/100|[from] move: Healing Wish
|-damage|p2a: Iron Hands|94/100|[from] Stealth Rock
|turn|24
|
|t:|1758233205
|-terastallize|p1a: Iron Moth|Fairy
|move|p1a: Iron Moth|Dazzling Gleam|p2a: Iron Hands
|-supereffective|p2a: Iron Hands
|-damage|p2a: Iron Hands|46/100
|move|p2a: Iron Hands|Earthquake|p1a: Iron Moth
|-damage|p1a: Iron Moth|55/100
|
|-weather|SunnyDay|[upkeep]
|upkeep
|turn|25
|
|t:|1758233216
|move|p1a: Iron Moth|Fiery Dance|p2a: Iron Hands
|-damage|p2a: Iron Hands|11/100
|move|p2a: Iron Hands|Thunder Punch|p1a: Iron Moth
|-damage|p1a: Iron Moth|0 fnt
|faint|p1a: Iron Moth
|-end|p1a: Iron Moth|Quark Drive|[silent]
|
|-weather|none
|upkeep
|
|t:|1758233229
|switch|p1a: Primarina|Primarina, M|100/100
|turn|26
|
|t:|1758233233
|move|p1a: Primarina|Psychic Noise|p2a: Iron Hands
|-supereffective|p2a: Iron Hands
|-crit|p2a: Iron Hands
|-damage|p2a: Iron Hands|0 fnt
|faint|p2a: Iron Hands
|-end|p2a: Iron Hands|Quark Drive|[silent]
|
|upkeep
|
|t:|1758233237
|switch|p2a: Hatterene|Hatterene, F|100/100
|-damage|p2a: Hatterene|88/100|[from] Stealth Rock
|turn|27
|
|t:|1758233242
|move|p1a: Primarina|Flip Turn|p2a: Hatterene
|-damage|p2a: Hatterene|72/100
|
|t:|1758233245
|switch|p1a: Decidueye|Decidueye-Hisui, F|100/100|[from] Flip Turn
|move|p2a: Hatterene|Trick Room|p2a: Hatterene
|-fieldstart|move: Trick Room|[of] p2a: Hatterene
|
|upkeep
|turn|28
|
|t:|1758233259
|move|p2a: Hatterene|Draining Kiss|p1a: Decidueye
|-supereffective|p1a: Decidueye
|-damage|p1a: Decidueye|34/100
|-heal|p2a: Hatterene|100/100|[from] drain|[of] p1a: Decidueye
|move|p1a: Decidueye|Leaf Blade|p2a: Hatterene
|-damage|p2a: Hatterene|49/100
|
|upkeep
|turn|29
|
|t:|1758233266
|move|p2a: Hatterene|Draining Kiss|p1a: Decidueye
|-supereffective|p1a: Decidueye
|-damage|p1a: Decidueye|0 fnt
|-heal|p2a: Hatterene|75/100|[from] drain|[of] p1a: Decidueye
|faint|p1a: Decidueye
|
|upkeep
|
|t:|1758233268
|switch|p1a: Primarina|Primarina, M|100/100
|turn|30
|
|t:|1758233276
|move|p2a: Hatterene|Draining Kiss|p1a: Primarina
|-damage|p1a: Primarina|83/100
|-heal|p2a: Hatterene|88/100|[from] drain|[of] p1a: Primarina
|move|p1a: Primarina|Surf|p2a: Hatterene
|-damage|p2a: Hatterene|35/100
|
|upkeep
|turn|31
|
|t:|1758233279
|move|p2a: Hatterene|Draining Kiss|p1a: Primarina
|-damage|p1a: Primarina|64/100
|-heal|p2a: Hatterene|50/100|[from] drain|[of] p1a: Primarina
|move|p1a: Primarina|Surf|p2a: Hatterene
|-damage|p2a: Hatterene|0 fnt
|faint|p2a: Hatterene
|
|-fieldend|move: Trick Room
|upkeep
|-message|RiaSingh2121 forfeited.
|
|win|LolaLulu
|raw|LolaLulu's rating: 1265 &rarr; <strong>1287</strong><br />(+22 for winning)
|raw|RiaSingh2121's rating: 1221 &rarr; <strong>1199</strong><br />(-22 for losing)
|l|☆RiaSingh2121
|player|p2|
|l|☆LolaLulu
|player|p1|
