|j|☆sumi_random2
|j|☆bibi567
|t:|1758360018
|gametype|singles
|player|p1|sumi_random2|lana-masters|1436
|player|p2|bibi567|preschooler|1422
|gen|9
|tier|[Gen 9] OU
|rated|
|rule|HP Percentage Mod: HP is shown in percentages
|rule|Endless Battle Clause: Forcing endless battles is banned
|rule|Species Clause: Limit one of each Pokémon
|rule|OHKO Clause: OHKO moves are banned
|rule|Evasion Items Clause: Evasion items are banned
|rule|Evasion Moves Clause: Evasion moves are banned
|rule|Evasion Abilities Clause: Evasion abilities are banned
|rule|Sleep Moves Clause: Sleep-inducing moves are banned
|clearpoke
|poke|p1|Samurott-Hisui, F|
|poke|p1|Great Tusk|
|poke|p1|Volcanion|
|poke|p1|Hydrapple, M|
|poke|p1|Gholdengo|
|poke|p1|Landorus-Therian, M|
|poke|p2|Deoxys-Speed|
|poke|p2|Araquanid, F|
|poke|p2|Great Tusk|
|poke|p2|Gholdengo|
|poke|p2|Enamorus, F|
|poke|p2|Iron Moth|
|teampreview
|
|t:|1758360042
|teamsize|p1|6
|teamsize|p2|6
|start
|switch|p1a: Gholdengo|Gholdengo|100/100
|switch|p2a: Chemin d'or|Araquanid, F|100/100
|-item|p1a: Gholdengo|Air Balloon
|turn|1
|
|t:|1758360048
|move|p1a: Gholdengo|Thunder Wave|p2a: Chemin d'or
|-status|p2a: Chemin d'or|par
|move|p2a: Chemin d'or|Sticky Web|p1a: Gholdengo
|-sidestart|p1: sumi_random2|move: Sticky Web
|
|upkeep
|turn|2
|
|t:|1758360054
|move|p1a: Gholdengo|Hex|p2a: Chemin d'or
|-damage|p2a: Chemin d'or|53/100 par
|-enditem|p2a: Chemin d'or|Red Card|[of] p1a: Gholdengo
|drag|p1a: Great Tusk|Great Tusk|100/100
|-activate|p1a: Great Tusk|move: Sticky Web
|-unboost|p1a: Great Tusk|spe|1
|cant|p2a: Chemin d'or|par
|
|upkeep
|turn|3
|
|t:|1758360090
|switch|p2a: Millionaire|Gholdengo|100/100
|-item|p2a: Millionaire|Air Balloon
|-terastallize|p1a: Great Tusk|Steel
|move|p1a: Great Tusk|Rapid Spin|p2a: Millionaire
|-immune|p2a: Millionaire
|
|upkeep
|turn|4
|
|t:|1758360100
|move|p2a: Millionaire|Focus Blast|p1a: Great Tusk
|-supereffective|p1a: Great Tusk
|-damage|p1a: Great Tusk|0 fnt
|faint|p1a: Great Tusk
|-end|p1a: Great Tusk|Protosynthesis|[silent]
|
|upkeep
|
|t:|1758360109
|switch|p1a: Samurott|Samurott-Hisui, F|100/100
|turn|5
|
|t:|1758360118
|switch|p2a: Escorte|Enamorus, F|100/100
|move|p1a: Samurott|Ceaseless Edge|p2a: Escorte
|-resisted|p2a: Escorte
|-damage|p2a: Escorte|62/100
|-sidestart|p2: bibi567|Spikes
|
|upkeep
|turn|6
|
|t:|1758360137
|switch|p1a: Gholdengo|Gholdengo|100/100
|-item|p1a: Gholdengo|Air Balloon
|move|p2a: Escorte|Draining Kiss|p1a: Gholdengo
|-resisted|p1a: Gholdengo
|-damage|p1a: Gholdengo|86/100
|-heal|p2a: Escorte|76/100|[from] drain|[of] p1a: Gholdengo
|-enditem|p1a: Gholdengo|Air Balloon
|-damage|p2a: Escorte|66/100|[from] item: Life Orb
|
|upkeep
|turn|7
|
|t:|1758360151
|switch|p2a: Chemin d'or|Araquanid, F|53/100 par
|-damage|p2a: Chemin d'or|40/100 par|[from] Spikes
|move|p1a: Gholdengo|Make It Rain|p2a: Chemin d'or
|-resisted|p2a: Chemin d'or
|-damage|p2a: Chemin d'or|18/100 par
|-unboost|p1a: Gholdengo|spa|1
|
|upkeep
|turn|8
|
|t:|1758360160
|move|p1a: Gholdengo|Hex|p2a: Chemin d'or
|-damage|p2a: Chemin d'or|0 fnt
|faint|p2a: Chemin d'or
|
|upkeep
|
|t:|1758360168
|switch|p2a: Ciao|Iron Moth|100/100
|-damage|p2a: Ciao|88/100|[from] Spikes
|-enditem|p2a: Ciao|Booster Energy
|-activate|p2a: Ciao|ability: Quark Drive|[fromitem]
|-start|p2a: Ciao|quarkdrivespa
|turn|9
|
|t:|1758360193
|switch|p1a: Volcanion|Volcanion|100/100
|move|p2a: Ciao|Fiery Dance|p1a: Volcanion
|-resisted|p1a: Volcanion
|-damage|p1a: Volcanion|84/100
|-boost|p2a: Ciao|spa|1
|
|upkeep
|turn|10
|
|t:|1758360204
|-terastallize|p2a: Ciao|Grass
|move|p2a: Ciao|Energy Ball|p1a: Volcanion
|-damage|p1a: Volcanion|0 fnt
|faint|p1a: Volcanion
|
|upkeep
|
|t:|1758360212
|switch|p1a: Landorus|Landorus-Therian, M|100/100
|-ability|p1a: Landorus|Intimidate|boost
|-unboost|p2a: Ciao|atk|1
|turn|11
|
|t:|1758360220
|move|p1a: Landorus|U-turn|p2a: Ciao
|-supereffective|p2a: Ciao
|-damage|p2a: Ciao|0 fnt
|faint|p2a: Ciao
|-end|p2a: Ciao|Quark Drive|[silent]
|
|t:|1758360235
|switch|p1a: Samurott|Samurott-Hisui, F|100/100|[from] U-turn
|
|upkeep
|
|t:|1758360240
|switch|p2a: Escorte|Enamorus, F|66/100
|turn|12
|
|t:|1758360259
|move|p2a: Escorte|Draining Kiss|p1a: Samurott
|-supereffective|p1a: Samurott
|-damage|p1a: Samurott|2/100
|-heal|p2a: Escorte|100/100|[from] drain|[of] p1a: Samurott
|-damage|p2a: Escorte|91/100|[from] item: Life Orb
|move|p1a: Samurott|Ceaseless Edge|p2a: Escorte
|-resisted|p2a: Escorte
|-damage|p2a: Escorte|52/100
|-sidestart|p2: bibi567|Spikes
|
|upkeep
|turn|13
|
|t:|1758360269
|switch|p1a: Gholdengo|Gholdengo|86/100
|-activate|p1a: Gholdengo|move: Sticky Web
|-unboost|p1a: Gholdengo|spe|1
|move|p2a: Escorte|Draining Kiss|p1a: Gholdengo
|-resisted|p1a: Gholdengo
|-damage|p1a: Gholdengo|73/100
|-heal|p2a: Escorte|65/100|[from] drain|[of] p1a: Gholdengo
|-damage|p2a: Escorte|56/100|[from] item: Life Orb
|
|upkeep
|turn|14
|
|t:|1758360283
|move|p2a: Escorte|Earth Power|p1a: Gholdengo
|-supereffective|p1a: Gholdengo
|-damage|p1a: Gholdengo|13/100
|-damage|p2a: Escorte|46/100|[from] item: Life Orb
|move|p1a: Gholdengo|Hex|p2a: Escorte
|-damage|p2a: Escorte|2/100
|
|upkeep
|turn|15
|
|t:|1758360308
|move|p2a: Escorte|Healing Wish|p2a: Escorte
|faint|p2a: Escorte
|move|p1a: Gholdengo|Thunder Wave|p2: Escorte|[notarget]
|-fail|p1a: Gholdengo
|
|upkeep
|
|t:|1758360323
|switch|p2a: Laboratoire|Deoxys-Speed|100/100
|-damage|p2a: Laboratoire|84/100|[from] Spikes
|-ability|p2a: Laboratoire|Pressure
|turn|16
|
|t:|1758360331
|move|p2a: Laboratoire|Dark Pulse|p1a: Gholdengo
|-supereffective|p1a: Gholdengo
|-damage|p1a: Gholdengo|0 fnt
|faint|p1a: Gholdengo
|-damage|p2a: Laboratoire|74/100|[from] item: Life Orb
|
|upkeep
|
|t:|1758360351
|switch|p1a: Samurott|Samurott-Hisui, F|2/100
|turn|17
|
|t:|1758360360
|move|p1a: Samurott|Aqua Jet|p2a: Laboratoire
|-damage|p2a: Laboratoire|49/100
|move|p2a: Laboratoire|Dark Pulse|p1a: Samurott
|-resisted|p1a: Samurott
|-damage|p1a: Samurott|0 fnt
|faint|p1a: Samurott
|-damage|p2a: Laboratoire|39/100|[from] item: Life Orb
|
|upkeep
|
|t:|1758360370
|switch|p1a: Landorus|Landorus-Therian, M|100/100
|-ability|p1a: Landorus|Intimidate|boost
|-unboost|p2a: Laboratoire|atk|1
|turn|18
|
|t:|1758360377
|switch|p2a: Rude Boy|Great Tusk|100/100
|-damage|p2a: Rude Boy|84/100|[from] Spikes
|-enditem|p2a: Rude Boy|Booster Energy
|-activate|p2a: Rude Boy|ability: Protosynthesis|[fromitem]
|-start|p2a: Rude Boy|protosynthesisatk
|move|p1a: Landorus|U-turn|p2a: Rude Boy
|-resisted|p2a: Rude Boy
|-damage|p2a: Rude Boy|75/100
|
|t:|1758360384
|switch|p1a: Hydrapple|Hydrapple, M|100/100|[from] U-turn
|-activate|p1a: Hydrapple|move: Sticky Web
|-unboost|p1a: Hydrapple|spe|1
|
|upkeep
|turn|19
|
|t:|1758360390
|move|p2a: Rude Boy|Ice Spinner|p1a: Hydrapple
|-supereffective|p1a: Hydrapple
|-damage|p1a: Hydrapple|24/100
|-damage|p2a: Rude Boy|58/100|[from] item: Rocky Helmet|[of] p1a: Hydrapple
|move|p1a: Hydrapple|Giga Drain|p2a: Rude Boy
|-supereffective|p2a: Rude Boy
|-damage|p2a: Rude Boy|0 fnt
|-heal|p1a: Hydrapple|51/100|[from] drain|[of] p2a: Rude Boy
|faint|p2a: Rude Boy
|-end|p2a: Rude Boy|Protosynthesis|[silent]
|
|upkeep
|
|t:|1758360402
|switch|p2a: Millionaire|Gholdengo|100/100
|-item|p2a: Millionaire|Air Balloon
|turn|20
|
|t:|1758360439
|switch|p2a: Laboratoire|Deoxys-Speed|39/100
|-heal|p2a: Laboratoire|100/100|[from] move: Healing Wish
|-damage|p2a: Laboratoire|84/100|[from] Spikes
|-ability|p2a: Laboratoire|Pressure
|switch|p1a: Landorus|Landorus-Therian, M|100/100
|-ability|p1a: Landorus|Intimidate|boost
|-unboost|p2a: Laboratoire|atk|1
|
|upkeep
|turn|21
|
|t:|1758360451
|move|p1a: Landorus|U-turn|p2a: Laboratoire
|-supereffective|p2a: Laboratoire
|-damage|p2a: Laboratoire|6/100
|
|t:|1758360454
|switch|p1a: Hydrapple|Hydrapple, M|84/100|[from] U-turn
|-activate|p1a: Hydrapple|move: Sticky Web
|-unboost|p1a: Hydrapple|spe|1
|move|p2a: Laboratoire|Psycho Boost|p1a: Hydrapple
|-damage|p1a: Hydrapple|9/100
|-unboost|p2a: Laboratoire|spa|2
|-damage|p2a: Laboratoire|0 fnt|[from] item: Life Orb
|faint|p2a: Laboratoire
|
|upkeep
|
|t:|1758360459
|switch|p2a: Millionaire|Gholdengo|100/100
|-item|p2a: Millionaire|Air Balloon
|turn|22
|
|t:|1758360467
|switch|p1a: Landorus|Landorus-Therian, M|100/100
|-ability|p1a: Landorus|Intimidate|boost
|-unboost|p2a: Millionaire|atk|1
|move|p2a: Millionaire|Shadow Ball|p1a: Landorus
|-damage|p1a: Landorus|42/100
|
|upkeep
|turn|23
|
|t:|1758360475
|move|p1a: Landorus|U-turn|p2a: Millionaire
|-resisted|p2a: Millionaire
|-damage|p2a: Millionaire|94/100
|-enditem|p2a: Millionaire|Air Balloon
|
|t:|1758360480
|switch|p1a: Hydrapple|Hydrapple, M|42/100|[from] U-turn
|-activate|p1a: Hydrapple|move: Sticky Web
|-unboost|p1a: Hydrapple|spe|1
|move|p2a: Millionaire|Shadow Ball|p1a: Hydrapple
|-damage|p1a: Hydrapple|0 fnt
|faint|p1a: Hydrapple
|
|upkeep
|
|t:|1758360486
|switch|p1a: Landorus|Landorus-Therian, M|42/100
|-ability|p1a: Landorus|Intimidate|boost
|-unboost|p2a: Millionaire|atk|1
|turn|24
|
|t:|1758360489
|move|p1a: Landorus|Earthquake|p2a: Millionaire
|-supereffective|p2a: Millionaire
|-crit|p2a: Millionaire
|-damage|p2a: Millionaire|0 fnt
|faint|p2a: Millionaire
|
|win|sumi_random2
|raw|sumi_random2's rating: 1436 &rarr; <strong>1455</strong><br />(+19 for winning)
|raw|bibi567's rating: 1422 &rarr; <strong>1403</strong><br />(-19 for losing)
|l|☆bibi567
|player|p2|
