|j|☆Dylan1234
|j|☆saeyouwontletgo
|t:|1758266140
|gametype|singles
|player|p1|Dylan1234|2|1647
|player|p2|saeyouwontletgo|102|1746
|gen|9
|tier|[Gen 9] OU
|rated|
|rule|HP Percentage Mod: HP is shown in percentages
|rule|Endless Battle Clause: Forcing endless battles is banned
|rule|Species Clause: Limit one of each Pokémon
|rule|OHKO Clause: OHKO moves are banned
|rule|Evasion Items Clause: Evasion items are banned
|rule|Evasion Moves Clause: Evasion moves are banned
|rule|Evasion Abilities Clause: Evasion abilities are banned
|rule|Sleep Moves Clause: Sleep-inducing moves are banned
|clearpoke
|poke|p1|Moltres|
|poke|p1|Garganacl, M|
|poke|p1|Weezing-Galar, F|
|poke|p1|Garchomp, F|
|poke|p1|Primarina, M|
|poke|p1|Meowscarada, F|
|poke|p2|Pecharunt|
|poke|p2|Great Tusk|
|poke|p2|Ogerpon-Wellspring, F|
|poke|p2|Iron Crown|
|poke|p2|Landorus-Therian, M|
|poke|p2|Samurott-Hisui, F|
|teampreview
|inactive|Battle timer is ON: inactive players will automatically lose when time's up. (requested by Dylan1234)
|j| wgw2333
|
|t:|1758266170
|teamsize|p1|6
|teamsize|p2|6
|start
|switch|p1a: Meowscarada|Meowscarada, F|100/100
|switch|p2a: Ogerpon|Ogerpon-Wellspring, F|100/100
|turn|1
|
|t:|1758266177
|switch|p2a: Pecharunt|Pecharunt|100/100
|move|p1a: Meowscarada|U-turn|p2a: Pecharunt
|-start|p1a: Meowscarada|typechange|Bug|[from] ability: Protean
|-resisted|p2a: Pecharunt
|-damage|p2a: Pecharunt|97/100
|-damage|p1a: Meowscarada|84/100|[from] item: Rocky Helmet|[of] p2a: Pecharunt
|
|t:|1758266189
|switch|p1a: Garganacl|Garganacl, M|100/100|[from] U-turn
|
|upkeep
|turn|2
|
|t:|1758266198
|move|p2a: Pecharunt|Parting Shot|p1a: Garganacl
|-unboost|p1a: Garganacl|atk|1
|-unboost|p1a: Garganacl|spa|1
|
|t:|1758266203
|switch|p2a: Great Tusk|Great Tusk|100/100|[from] Parting Shot
|-enditem|p2a: Great Tusk|Booster Energy
|-activate|p2a: Great Tusk|ability: Protosynthesis|[fromitem]
|-start|p2a: Great Tusk|protosynthesisspe
|move|p1a: Garganacl|Salt Cure|p2a: Great Tusk
|-resisted|p2a: Great Tusk
|-damage|p2a: Great Tusk|99/100
|-start|p2a: Great Tusk|Salt Cure
|
|-damage|p2a: Great Tusk|87/100|[from] Salt Cure
|upkeep
|turn|3
|
|t:|1758266216
|switch|p1a: Weezing|Weezing-Galar, F|100/100
|move|p2a: Great Tusk|Stealth Rock|p1a: Weezing
|-sidestart|p1: Dylan1234|move: Stealth Rock
|
|-damage|p2a: Great Tusk|74/100|[from] Salt Cure
|upkeep
|turn|4
|
|t:|1758266221
|-end|p2a: Great Tusk|Protosynthesis|[silent]
|switch|p2a: Iron Crown|Iron Crown|100/100
|move|p1a: Weezing|Will-O-Wisp|p2a: Iron Crown
|-status|p2a: Iron Crown|brn
|
|-damage|p2a: Iron Crown|94/100 brn|[from] brn
|upkeep
|turn|5
|
|t:|1758266229
|switch|p1a: Primarina|Primarina, M|100/100
|-damage|p1a: Primarina|88/100|[from] Stealth Rock
|-terastallize|p2a: Iron Crown|Steel
|move|p2a: Iron Crown|Tachyon Cutter|p1a: Primarina
|-damage|p1a: Primarina|58/100
|-damage|p1a: Primarina|26/100
|-hitcount|p1a: Primarina|2
|
|-damage|p2a: Iron Crown|88/100 brn|[from] brn
|upkeep
|turn|6
|
|t:|1758266238
|move|p2a: Iron Crown|Tachyon Cutter|p1a: Primarina
|-damage|p1a: Primarina|0 fnt
|faint|p1a: Primarina
|-hitcount|p1: Primarina|1
|
|-damage|p2a: Iron Crown|82/100 brn|[from] brn
|upkeep
|
|t:|1758266251
|switch|p1a: Moltres|Moltres|100/100
|turn|7
|
|t:|1758266256
|-end|p2a: Iron Crown|Quark Drive|[silent]
|switch|p2a: Samurott|Samurott-Hisui, F|100/100
|move|p1a: Moltres|Flamethrower|p2a: Samurott
|-resisted|p2a: Samurott
|-damage|p2a: Samurott|83/100
|
|upkeep
|turn|8
|
|t:|1758266259
|switch|p1a: Meowscarada|Meowscarada, F|84/100
|-damage|p1a: Meowscarada|72/100|[from] Stealth Rock
|move|p2a: Samurott|Ceaseless Edge|p1a: Meowscarada
|-resisted|p1a: Meowscarada
|-damage|p1a: Meowscarada|35/100
|-sidestart|p1: Dylan1234|Spikes
|
|upkeep
|turn|9
|
|t:|1758266267
|switch|p2a: Pecharunt|Pecharunt|97/100
|move|p1a: Meowscarada|Flower Trick|p2a: Pecharunt
|-start|p1a: Meowscarada|typechange|Grass|[from] ability: Protean
|-resisted|p2a: Pecharunt
|-crit|p2a: Pecharunt
|-damage|p2a: Pecharunt|87/100
|
|upkeep
|turn|10
|
|t:|1758266271
|switch|p1a: Weezing|Weezing-Galar, F|100/100
|move|p2a: Pecharunt|Malignant Chain|p1a: Weezing
|-damage|p1a: Weezing|59/100
|
|upkeep
|turn|11
|
|t:|1758266278
|move|p2a: Pecharunt|Parting Shot|p1a: Weezing
|-unboost|p1a: Weezing|atk|1
|-unboost|p1a: Weezing|spa|1
|
|t:|1758266280
|switch|p2a: Iron Crown|Iron Crown, tera:Steel|82/100 brn|[from] Parting Shot
|move|p1a: Weezing|Defog|p2a: Iron Crown
|-unboost|p2a: Iron Crown|evasion|1
|-sideend|p1: Dylan1234|Spikes|[from] move: Defog|[of] p1a: Weezing
|-sideend|p1: Dylan1234|Stealth Rock|[from] move: Defog|[of] p1a: Weezing
|
|-damage|p2a: Iron Crown|76/100 brn|[from] brn
|upkeep
|turn|12
|
|t:|1758266286
|switch|p1a: Moltres|Moltres|100/100
|move|p2a: Iron Crown|Volt Switch|p1a: Moltres
|-supereffective|p1a: Moltres
|-damage|p1a: Moltres|34/100
|
|t:|1758266289
|-end|p2a: Iron Crown|Quark Drive|[silent]
|switch|p2a: Samurott|Samurott-Hisui, F|83/100|[from] Volt Switch
|
|upkeep
|turn|13
|
|t:|1758266293
|move|p2a: Samurott|Flip Turn|p1a: Moltres
|-supereffective|p1a: Moltres
|-damage|p1a: Moltres|0 fnt
|faint|p1a: Moltres
|
|t:|1758266301
|switch|p2a: Ogerpon|Ogerpon-Wellspring, F|100/100|[from] Flip Turn
|
|upkeep
|
|t:|1758266305
|switch|p1a: Meowscarada|Meowscarada, F|35/100
|turn|14
|
|t:|1758266314
|switch|p2a: Pecharunt|Pecharunt|87/100
|move|p1a: Meowscarada|Knock Off|p2a: Pecharunt
|-start|p1a: Meowscarada|typechange|Dark|[from] ability: Protean
|-supereffective|p2a: Pecharunt
|-damage|p2a: Pecharunt|43/100
|-damage|p1a: Meowscarada|19/100|[from] item: Rocky Helmet|[of] p2a: Pecharunt
|-enditem|p2a: Pecharunt|Rocky Helmet|[from] move: Knock Off|[of] p1a: Meowscarada
|
|upkeep
|turn|15
|
|t:|1758266326
|switch|p1a: Garganacl|Garganacl, M|100/100
|move|p2a: Pecharunt|Recover|p2a: Pecharunt
|-heal|p2a: Pecharunt|93/100
|
|upkeep
|turn|16
|
|t:|1758266330
|move|p2a: Pecharunt|Parting Shot|p1a: Garganacl
|-unboost|p1a: Garganacl|atk|1
|-unboost|p1a: Garganacl|spa|1
|
|t:|1758266332
|switch|p2a: Great Tusk|Great Tusk|74/100|[from] Parting Shot
|move|p1a: Garganacl|Stealth Rock|p2a: Great Tusk
|-sidestart|p2: saeyouwontletgo|move: Stealth Rock
|
|upkeep
|turn|17
|
|t:|1758266339
|switch|p1a: Garchomp|Garchomp, F|100/100
|move|p2a: Great Tusk|Stealth Rock|p1a: Garchomp
|-sidestart|p1: Dylan1234|move: Stealth Rock
|
|upkeep
|turn|18
|
|t:|1758266348
|move|p1a: Garchomp|Swords Dance|p1a: Garchomp
|-boost|p1a: Garchomp|atk|2
|move|p2a: Great Tusk|Rapid Spin|p1a: Garchomp
|-damage|p1a: Garchomp|86/100
|-boost|p2a: Great Tusk|spe|1
|-damage|p2a: Great Tusk|62/100|[from] ability: Rough Skin|[of] p1a: Garchomp
|-sideend|p2: saeyouwontletgo|Stealth Rock|[from] move: Rapid Spin|[of] p2a: Great Tusk
|
|upkeep
|turn|19
|
|t:|1758266358
|-terastallize|p1a: Garchomp|Fire
|move|p2a: Great Tusk|Headlong Rush|p1a: Garchomp
|-supereffective|p1a: Garchomp
|-crit|p1a: Garchomp
|-damage|p1a: Garchomp|0 fnt
|-unboost|p2a: Great Tusk|def|1
|-unboost|p2a: Great Tusk|spd|1
|-damage|p2a: Great Tusk|49/100|[from] ability: Rough Skin|[of] p1a: Garchomp
|faint|p1a: Garchomp
|
|upkeep
|-message|Dylan1234 forfeited.
|
|win|saeyouwontletgo
|raw|Dylan1234's rating: 1647 &rarr; <strong>1633</strong><br />(-14 for losing)
|raw|saeyouwontletgo's rating: 1746 &rarr; <strong>1760</strong><br />(+14 for winning)
|l|☆Dylan1234
|player|p1|
|l|☆saeyouwontletgo
|player|p2|
