|j|☆zfr Tiger8542
|j|☆Neo_Yuji
|t:|1758266062
|gametype|singles
|player|p1|zfr Tiger8542|red|1146
|player|p2|Neo_Yuji|pokemaniac|1126
|gen|9
|tier|[Gen 9] OU
|rated|
|rule|HP Percentage Mod: HP is shown in percentages
|rule|Endless Battle Clause: Forcing endless battles is banned
|rule|Species Clause: Limit one of each Pokémon
|rule|OHKO Clause: OHKO moves are banned
|rule|Evasion Items Clause: Evasion items are banned
|rule|Evasion Moves Clause: Evasion moves are banned
|rule|Evasion Abilities Clause: Evasion abilities are banned
|rule|Sleep Moves Clause: Sleep-inducing moves are banned
|clearpoke
|poke|p1|Landorus-Therian, M|
|poke|p1|Gholdengo|
|poke|p1|Samurott-Hisui, M|
|poke|p1|Zamazenta-*|
|poke|p1|Scizor, M|
|poke|p1|Dragapult, F|
|poke|p2|Iron Valiant|
|poke|p2|Masquerain, M|
|poke|p2|Hoopa-Unbound|
|poke|p2|Glimmora, F|
|poke|p2|Blaziken, M|
|poke|p2|Espeon, F|
|teampreview
|inactive|Battle timer is ON: inactive players will automatically lose when time's up. (requested by Neo_Yuji)
|
|t:|1758266072
|teamsize|p1|6
|teamsize|p2|6
|start
|switch|p1a: Landorus|Landorus-Therian, M|100/100
|switch|p2a: Glimmora|Glimmora, F, shiny|100/100
|-ability|p1a: Landorus|Intimidate|boost
|-unboost|p2a: Glimmora|atk|1
|turn|1
|
|t:|1758266081
|move|p2a: Glimmora|Stealth Rock|p1a: Landorus
|-sidestart|p1: zfr Tiger8542|move: Stealth Rock
|move|p1a: Landorus|Stealth Rock|p2a: Glimmora
|-sidestart|p2: Neo_Yuji|move: Stealth Rock
|
|upkeep
|turn|2
|
|t:|1758266094
|move|p2a: Glimmora|Power Gem|p1a: Landorus
|-damage|p1a: Landorus|59/100
|move|p1a: Landorus|Taunt|p2a: Glimmora
|-start|p2a: Glimmora|move: Taunt
|
|upkeep
|turn|3
|
|t:|1758266105
|switch|p1a: Zamazenta|Zamazenta|100/100
|-damage|p1a: Zamazenta|94/100|[from] Stealth Rock
|-ability|p1a: Zamazenta|Dauntless Shield|boost
|-boost|p1a: Zamazenta|def|1
|move|p2a: Glimmora|Power Gem|p1a: Zamazenta
|-resisted|p1a: Zamazenta
|-damage|p1a: Zamazenta|79/100
|
|-heal|p1a: Zamazenta|86/100|[from] item: Leftovers
|upkeep
|turn|4
|
|t:|1758266117
|move|p1a: Zamazenta|Iron Defense|p1a: Zamazenta
|-boost|p1a: Zamazenta|def|2
|move|p2a: Glimmora|Mortal Spin|p1a: Zamazenta
|-damage|p1a: Zamazenta|84/100
|-status|p1a: Zamazenta|psn
|-sideend|p2: Neo_Yuji|Stealth Rock|[from] move: Mortal Spin|[of] p2a: Glimmora
|
|-heal|p1a: Zamazenta|90/100 psn|[from] item: Leftovers
|-damage|p1a: Zamazenta|78/100 psn|[from] psn
|upkeep
|turn|5
|
|t:|1758266127
|move|p2a: Glimmora|Sludge Wave|p1a: Zamazenta
|-damage|p1a: Zamazenta|39/100 psn
|move|p1a: Zamazenta|Roar|p2a: Glimmora
|drag|p2a: Masquerain|Masquerain, M, shiny|100/100
|-ability|p2a: Masquerain|Intimidate|boost
|-unboost|p1a: Zamazenta|atk|1
|
|-heal|p1a: Zamazenta|45/100 psn|[from] item: Leftovers
|-damage|p1a: Zamazenta|33/100 psn|[from] psn
|upkeep
|turn|6
|
|t:|1758266140
|move|p1a: Zamazenta|Body Press|p2a: Masquerain
|-resisted|p2a: Masquerain
|-damage|p2a: Masquerain|69/100
|move|p2a: Masquerain|Sticky Web|p1a: Zamazenta
|-sidestart|p1: zfr Tiger8542|move: Sticky Web
|
|-heal|p1a: Zamazenta|39/100 psn|[from] item: Leftovers
|-damage|p1a: Zamazenta|27/100 psn|[from] psn
|upkeep
|turn|7
|-message|zfr Tiger8542 forfeited.
|
|win|Neo_Yuji
|raw|zfr Tiger8542's rating: 1146 &rarr; <strong>1120</strong><br />(-26 for losing)
|raw|Neo_Yuji's rating: 1126 &rarr; <strong>1152</strong><br />(+26 for winning)
|l|☆zfr Tiger8542
|player|p1|
|l|☆Neo_Yuji
|player|p2|
