|j|☆frozenmoon77
|j|☆suifenli
|t:|1758256699
|gametype|singles
|player|p1|frozenmoon77|2|1481
|player|p2|suifenli|n|1506
|gen|9
|tier|[Gen 9] OU
|rated|
|rule|HP Percentage Mod: HP is shown in percentages
|rule|Endless Battle Clause: Forcing endless battles is banned
|rule|Species Clause: Limit one of each Pokémon
|rule|OHKO Clause: OHKO moves are banned
|rule|Evasion Items Clause: Evasion items are banned
|rule|Evasion Moves Clause: Evasion moves are banned
|rule|Evasion Abilities Clause: Evasion abilities are banned
|rule|Sleep Moves Clause: Sleep-inducing moves are banned
|clearpoke
|poke|p1|Fezandipiti, M|
|poke|p1|Chesnaught, M|
|poke|p1|Gholdengo|
|poke|p1|Weezing-Galar, M|
|poke|p1|Heatran, M|
|poke|p1|Hydreigon, M|
|poke|p2|Zamazenta-*|
|poke|p2|Sableye, M|
|poke|p2|Bellossom, M|
|poke|p2|Enamorus, F|
|poke|p2|Garganacl, F|
|poke|p2|Latias, F|
|teampreview
|inactive|Battle timer is ON: inactive players will automatically lose when time's up. (requested by frozenmoon77)
|inactive|suifenli also wants the timer to be on.
|
|t:|1758256711
|teamsize|p1|6
|teamsize|p2|6
|start
|switch|p1a: Gholdengo|Gholdengo|100/100
|switch|p2a: Latias|Latias, F|100/100
|turn|1
|
|t:|1758256719
|move|p1a: Gholdengo|Shadow Ball|p2a: Latias
|-supereffective|p2a: Latias
|-damage|p2a: Latias|33/100
|-enditem|p2a: Latias|Weakness Policy
|-boost|p2a: Latias|atk|2|[from] item: Weakness Policy
|-boost|p2a: Latias|spa|2|[from] item: Weakness Policy
|move|p2a: Latias|Calm Mind|p2a: Latias
|-boost|p2a: Latias|spa|1
|-boost|p2a: Latias|spd|1
|
|upkeep
|turn|2
|
|t:|1758256736
|-terastallize|p2a: Latias|Fairy
|move|p1a: Gholdengo|Shadow Ball|p2a: Latias
|-damage|p2a: Latias|11/100
|-unboost|p2a: Latias|spd|1
|move|p2a: Latias|Draining Kiss|p1a: Gholdengo
|-resisted|p1a: Gholdengo
|-crit|p1a: Gholdengo
|-damage|p1a: Gholdengo|53/100
|-heal|p2a: Latias|42/100|[from] drain|[of] p1a: Gholdengo
|
|upkeep
|turn|3
|inactive|frozenmoon77 has 120 seconds left.
|
|t:|1758256771
|switch|p1a: Fezandipiti|Fezandipiti, M|100/100
|move|p2a: Latias|Calm Mind|p2a: Latias
|-boost|p2a: Latias|spa|1
|-boost|p2a: Latias|spd|1
|
|upkeep
|turn|4
|inactive|frozenmoon77 has 120 seconds left.
|
|t:|1758256782
|move|p2a: Latias|Agility|p2a: Latias
|-boost|p2a: Latias|spe|2
|move|p1a: Fezandipiti|Sludge Bomb|p2a: Latias
|-supereffective|p2a: Latias
|-damage|p2a: Latias|17/100
|-status|p2a: Latias|psn
|
|-damage|p2a: Latias|5/100 psn|[from] psn
|upkeep
|turn|5
|
|t:|1758256795
|switch|p1a: Hydreigon|Hydreigon, M|100/100
|move|p2a: Latias|Draining Kiss|p1a: Hydreigon
|-supereffective|p1a: Hydreigon
|-damage|p1a: Hydreigon|0 fnt
|-heal|p2a: Latias|72/100 psn|[from] drain|[of] p1a: Hydreigon
|faint|p1a: Hydreigon
|
|-damage|p2a: Latias|59/100 psn|[from] psn
|upkeep
|
|t:|1758256804
|switch|p1a: Heatran|Heatran, M|100/100
|turn|6
|
|t:|1758256815
|move|p2a: Latias|Stored Power|p1a: Heatran
|-resisted|p1a: Heatran
|-damage|p1a: Heatran|32/100
|move|p1a: Heatran|Stealth Rock|p2a: Latias
|-sidestart|p2: suifenli|move: Stealth Rock
|
|-heal|p1a: Heatran|38/100|[from] item: Leftovers
|-damage|p2a: Latias|47/100 psn|[from] psn
|upkeep
|turn|7
|
|t:|1758256828
|move|p2a: Latias|Stored Power|p1a: Heatran
|-resisted|p1a: Heatran
|-damage|p1a: Heatran|0 fnt
|faint|p1a: Heatran
|
|-damage|p2a: Latias|35/100 psn|[from] psn
|upkeep
|inactive|frozenmoon77 has 120 seconds left.
|
|t:|1758256862
|switch|p1a: Fezandipiti|Fezandipiti, M|100/100
|turn|8
|
|t:|1758256882
|move|p2a: Latias|Stored Power|p1a: Fezandipiti
|-supereffective|p1a: Fezandipiti
|-damage|p1a: Fezandipiti|0 fnt
|faint|p1a: Fezandipiti
|
|-damage|p2a: Latias|22/100 psn|[from] psn
|upkeep
|
|t:|1758256889
|switch|p1a: Gholdengo|Gholdengo|53/100
|turn|9
|
|t:|1758256894
|move|p2a: Latias|Draining Kiss|p1a: Gholdengo
|-resisted|p1a: Gholdengo
|-damage|p1a: Gholdengo|11/100
|-heal|p2a: Latias|49/100 psn|[from] drain|[of] p1a: Gholdengo
|move|p1a: Gholdengo|Make It Rain|p2a: Latias
|-supereffective|p2a: Latias
|-damage|p2a: Latias|0 fnt
|-unboost|p1a: Gholdengo|spa|1
|faint|p2a: Latias
|
|upkeep
|
|t:|1758256907
|switch|p2a: Enamorus|Enamorus, F|100/100
|-damage|p2a: Enamorus|76/100|[from] Stealth Rock
|turn|10
|
|t:|1758256911
|move|p1a: Gholdengo|Make It Rain|p2a: Enamorus
|-supereffective|p2a: Enamorus
|-damage|p2a: Enamorus|0 fnt
|-unboost|p1a: Gholdengo|spa|1
|faint|p2a: Enamorus
|
|upkeep
|
|t:|1758256917
|switch|p2a: Zamazenta|Zamazenta|100/100
|-damage|p2a: Zamazenta|94/100|[from] Stealth Rock
|-ability|p2a: Zamazenta|Dauntless Shield|boost
|-boost|p2a: Zamazenta|def|1
|turn|11
|
|t:|1758256923
|switch|p1a: Weezing|Weezing-Galar, M|100/100
|-ability|p1a: Weezing|Neutralizing Gas
|move|p2a: Zamazenta|Substitute|p2a: Zamazenta
|-start|p2a: Zamazenta|Substitute
|-damage|p2a: Zamazenta|69/100
|
|-heal|p2a: Zamazenta|76/100|[from] item: Leftovers
|upkeep
|turn|12
|
|t:|1758256932
|move|p2a: Zamazenta|Snarl|p1a: Weezing|[miss]
|-miss|p2a: Zamazenta|p1a: Weezing
|move|p1a: Weezing|Strange Steam|p2a: Zamazenta
|-supereffective|p2a: Zamazenta
|-crit|p2a: Zamazenta
|-end|p2a: Zamazenta|Substitute
|
|-heal|p2a: Zamazenta|82/100|[from] item: Leftovers
|upkeep
|turn|13
|
|t:|1758256941
|move|p2a: Zamazenta|Snarl|p1a: Weezing
|-resisted|p1a: Weezing
|-damage|p1a: Weezing|93/100
|-unboost|p1a: Weezing|spa|1
|move|p1a: Weezing|Strange Steam|p2a: Zamazenta
|-supereffective|p2a: Zamazenta
|-damage|p2a: Zamazenta|55/100
|
|-heal|p2a: Zamazenta|61/100|[from] item: Leftovers
|upkeep
|turn|14
|
|t:|1758256949
|move|p2a: Zamazenta|Substitute|p2a: Zamazenta
|-start|p2a: Zamazenta|Substitute
|-damage|p2a: Zamazenta|36/100
|move|p1a: Weezing|Will-O-Wisp|p2a: Zamazenta|[miss]
|-miss|p1a: Weezing|p2a: Zamazenta
|
|-heal|p2a: Zamazenta|43/100|[from] item: Leftovers
|upkeep
|turn|15
|
|t:|1758256957
|-end|p1a: Weezing|ability: Neutralizing Gas
|switch|p1a: Chesnaught|Chesnaught, M|100/100
|move|p2a: Zamazenta|Snarl|p1a: Chesnaught
|-resisted|p1a: Chesnaught
|-damage|p1a: Chesnaught|94/100
|-unboost|p1a: Chesnaught|spa|1
|
|-heal|p2a: Zamazenta|49/100|[from] item: Leftovers
|upkeep
|turn|16
|
|t:|1758256967
|move|p2a: Zamazenta|Iron Defense|p2a: Zamazenta
|-boost|p2a: Zamazenta|def|2
|move|p1a: Chesnaught|Iron Defense|p1a: Chesnaught
|-boost|p1a: Chesnaught|def|2
|
|-heal|p2a: Zamazenta|55/100|[from] item: Leftovers
|upkeep
|turn|17
|
|t:|1758256982
|-terastallize|p1a: Chesnaught|Ghost
|move|p2a: Zamazenta|Body Press|p1a: Chesnaught
|-immune|p1a: Chesnaught
|move|p1a: Chesnaught|Iron Defense|p1a: Chesnaught
|-boost|p1a: Chesnaught|def|2
|
|-heal|p2a: Zamazenta|61/100|[from] item: Leftovers
|upkeep
|turn|18
|
|t:|1758256991
|move|p2a: Zamazenta|Iron Defense|p2a: Zamazenta
|-boost|p2a: Zamazenta|def|2
|move|p1a: Chesnaught|Body Press|p2a: Zamazenta
|-end|p2a: Zamazenta|Substitute
|
|-heal|p2a: Zamazenta|67/100|[from] item: Leftovers
|upkeep
|turn|19
|
|t:|1758256999
|move|p2a: Zamazenta|Substitute|p2a: Zamazenta
|-start|p2a: Zamazenta|Substitute
|-damage|p2a: Zamazenta|42/100
|move|p1a: Chesnaught|Iron Defense|p1a: Chesnaught
|-boost|p1a: Chesnaught|def|2
|
|-heal|p2a: Zamazenta|48/100|[from] item: Leftovers
|upkeep
|turn|20
|
|t:|1758257006
|move|p2a: Zamazenta|Iron Defense|p2a: Zamazenta
|-boost|p2a: Zamazenta|def|1
|move|p1a: Chesnaught|Body Press|p2a: Zamazenta
|-end|p2a: Zamazenta|Substitute
|
|-heal|p2a: Zamazenta|55/100|[from] item: Leftovers
|upkeep
|turn|21
|
|t:|1758257013
|move|p2a: Zamazenta|Snarl|p1a: Chesnaught
|-supereffective|p1a: Chesnaught
|-damage|p1a: Chesnaught|69/100
|-unboost|p1a: Chesnaught|spa|1
|move|p1a: Chesnaught|Body Press|p2a: Zamazenta
|-damage|p2a: Zamazenta|18/100
|
|-heal|p2a: Zamazenta|24/100|[from] item: Leftovers
|upkeep
|turn|22
|
|t:|1758257022
|move|p2a: Zamazenta|Snarl|p1a: Chesnaught
|-supereffective|p1a: Chesnaught
|-damage|p1a: Chesnaught|44/100
|-unboost|p1a: Chesnaught|spa|1
|move|p1a: Chesnaught|Leech Seed|p2a: Zamazenta
|-start|p2a: Zamazenta|move: Leech Seed
|
|-heal|p2a: Zamazenta|31/100|[from] item: Leftovers
|-damage|p2a: Zamazenta|18/100|[from] Leech Seed|[of] p1a: Chesnaught
|-heal|p1a: Chesnaught|54/100|[silent]
|upkeep
|turn|23
|
|t:|1758257034
|move|p2a: Zamazenta|Snarl|p1a: Chesnaught
|-supereffective|p1a: Chesnaught
|-damage|p1a: Chesnaught|28/100
|-unboost|p1a: Chesnaught|spa|1
|move|p1a: Chesnaught|Knock Off|p2a: Zamazenta
|-resisted|p2a: Zamazenta
|-damage|p2a: Zamazenta|16/100
|-enditem|p2a: Zamazenta|Leftovers|[from] move: Knock Off|[of] p1a: Chesnaught
|
|-damage|p2a: Zamazenta|4/100|[from] Leech Seed|[of] p1a: Chesnaught
|-heal|p1a: Chesnaught|39/100|[silent]
|upkeep
|turn|24
|
|t:|1758257046
|move|p2a: Zamazenta|Snarl|p1a: Chesnaught|[miss]
|-miss|p2a: Zamazenta|p1a: Chesnaught
|move|p1a: Chesnaught|Knock Off|p2a: Zamazenta
|-resisted|p2a: Zamazenta
|-damage|p2a: Zamazenta|2/100
|
|-damage|p2a: Zamazenta|0 fnt|[from] Leech Seed|[of] p1a: Chesnaught
|-heal|p1a: Chesnaught|40/100|[silent]
|faint|p2a: Zamazenta
|upkeep
|
|t:|1758257057
|switch|p2a: Sableye|Sableye, M|100/100
|-damage|p2a: Sableye|88/100|[from] Stealth Rock
|turn|25
|
|t:|1758257062
|move|p2a: Sableye|Encore|p1a: Chesnaught
|-start|p1a: Chesnaught|Encore
|move|p1a: Chesnaught|Knock Off|p2a: Sableye
|-crit|p2a: Sableye
|-damage|p2a: Sableye|38/100
|-enditem|p2a: Sableye|Focus Sash|[from] move: Knock Off|[of] p1a: Chesnaught
|
|upkeep
|turn|26
|
|t:|1758257071
|switch|p1a: Weezing|Weezing-Galar, M|93/100
|-ability|p1a: Weezing|Neutralizing Gas
|move|p2a: Sableye|Reflect|p2a: Sableye
|-sidestart|p2: suifenli|Reflect
|
|upkeep
|turn|27
|
|t:|1758257081
|move|p1a: Weezing|Strange Steam|p2a: Sableye|[miss]
|-miss|p1a: Weezing|p2a: Sableye
|move|p2a: Sableye|Metal Burst||[still]
|-fail|p2a: Sableye
|
|upkeep
|turn|28
|
|t:|1758257088
|move|p1a: Weezing|Strange Steam|p2a: Sableye
|-supereffective|p2a: Sableye
|-damage|p2a: Sableye|0 fnt
|faint|p2a: Sableye
|
|upkeep
|
|t:|1758257092
|switch|p2a: Garganacl|Garganacl, F|100/100
|-damage|p2a: Garganacl|88/100|[from] Stealth Rock
|turn|29
|
|t:|1758257098
|move|p1a: Weezing|Will-O-Wisp|p2a: Garganacl
|-status|p2a: Garganacl|brn
|move|p2a: Garganacl|Iron Defense|p2a: Garganacl
|-boost|p2a: Garganacl|def|2
|
|-damage|p2a: Garganacl|82/100 brn|[from] brn
|upkeep
|turn|30
|
|t:|1758257108
|move|p1a: Weezing|Strange Steam|p2a: Garganacl
|-damage|p2a: Garganacl|65/100 brn
|move|p2a: Garganacl|Salt Cure|p1a: Weezing
|-damage|p1a: Weezing|89/100
|-start|p1a: Weezing|Salt Cure
|
|-damage|p2a: Garganacl|58/100 brn|[from] brn
|-damage|p1a: Weezing|77/100|[from] Salt Cure
|-sideend|p2: suifenli|Reflect
|upkeep
|turn|31
|
|t:|1758257117
|-end|p1a: Weezing|ability: Neutralizing Gas
|switch|p1a: Gholdengo|Gholdengo|11/100
|move|p2a: Garganacl|Iron Defense|p2a: Garganacl
|-boost|p2a: Garganacl|def|2
|
|-damage|p2a: Garganacl|52/100 brn|[from] brn
|upkeep
|turn|32
|
|t:|1758257124
|move|p1a: Gholdengo|Trick|p2a: Garganacl
|-activate|p1a: Gholdengo|move: Trick|[of] p2a: Garganacl
|-item|p2a: Garganacl|Choice Scarf|[from] move: Trick
|-item|p1a: Gholdengo|Covert Cloak|[from] move: Trick
|move|p2a: Garganacl|Recover|p2a: Garganacl
|-heal|p2a: Garganacl|100/100 brn
|
|-damage|p2a: Garganacl|94/100 brn|[from] brn
|upkeep
|turn|33
|
|t:|1758257130
|move|p1a: Gholdengo|Nasty Plot|p1a: Gholdengo
|-boost|p1a: Gholdengo|spa|2
|move|p2a: Garganacl|Recover|p2a: Garganacl
|-heal|p2a: Garganacl|100/100 brn
|
|-damage|p2a: Garganacl|94/100 brn|[from] brn
|upkeep
|turn|34
|
|t:|1758257138
|switch|p2a: Bellossom|Bellossom, M|100/100
|-damage|p2a: Bellossom|88/100|[from] Stealth Rock
|move|p1a: Gholdengo|Nasty Plot|p1a: Gholdengo
|-boost|p1a: Gholdengo|spa|2
|
|upkeep
|turn|35
|
|t:|1758257144
|move|p1a: Gholdengo|Shadow Ball|p2a: Bellossom
|-damage|p2a: Bellossom|0 fnt
|faint|p2a: Bellossom
|
|upkeep
|
|t:|1758257147
|switch|p2a: Garganacl|Garganacl, F|94/100 brn
|-damage|p2a: Garganacl|82/100 brn|[from] Stealth Rock
|turn|36
|c|☆frozenmoon77|GG
|
|t:|1758257151
|move|p1a: Gholdengo|Make It Rain|p2a: Garganacl
|-supereffective|p2a: Garganacl
|-damage|p2a: Garganacl|0 fnt
|-unboost|p1a: Gholdengo|spa|1
|faint|p2a: Garganacl
|
|win|frozenmoon77
|raw|frozenmoon77's rating: 1481 &rarr; <strong>1502</strong><br />(+21 for winning)
|raw|suifenli's rating: 1506 &rarr; <strong>1485</strong><br />(-21 for losing)
|l|☆suifenli
|player|p2|
