|j|☆tbw114514
|j|☆Trumpismessiah
|t:|1758348967
|gametype|singles
|player|p1|tbw114514|1|1425
|player|p2|Trumpismessiah|1|1469
|gen|9
|tier|[Gen 9] OU
|rated|
|rule|HP Percentage Mod: HP is shown in percentages
|rule|Endless Battle Clause: Forcing endless battles is banned
|rule|Species Clause: Limit one of each Pokémon
|rule|OHKO Clause: OHKO moves are banned
|rule|Evasion Items Clause: Evasion items are banned
|rule|Evasion Moves Clause: Evasion moves are banned
|rule|Evasion Abilities Clause: Evasion abilities are banned
|rule|Sleep Moves Clause: Sleep-inducing moves are banned
|clearpoke
|poke|p1|Glimmora, F|
|poke|p1|Iron Treads|
|poke|p1|Polteageist-Antique|
|poke|p1|Raging Bolt|
|poke|p1|Dragonite, M|
|poke|p1|Zamazenta-*|
|poke|p2|Porygon2|
|poke|p2|Cinderace, M|
|poke|p2|Iron Hands|
|poke|p2|Dondozo, M|
|poke|p2|Dragapult, M|
|poke|p2|Necrozma|
|teampreview
|
|t:|1758348982
|teamsize|p1|6
|teamsize|p2|6
|start
|switch|p1a: 昏睡红茶|Polteageist-Antique|100/100
|switch|p2a: Porygon2|Porygon2, shiny|100/100
|turn|1
|
|t:|1758348985
|move|p1a: 昏睡红茶|Shell Smash|p1a: 昏睡红茶
|-unboost|p1a: 昏睡红茶|def|1
|-unboost|p1a: 昏睡红茶|spd|1
|-boost|p1a: 昏睡红茶|atk|2
|-boost|p1a: 昏睡红茶|spa|2
|-boost|p1a: 昏睡红茶|spe|2
|move|p2a: Porygon2|Shadow Ball|p1a: 昏睡红茶
|-supereffective|p1a: 昏睡红茶
|-enditem|p1a: 昏睡红茶|Focus Sash
|-damage|p1a: 昏睡红茶|1/100
|
|upkeep
|turn|2
|inactive|Battle timer is ON: inactive players will automatically lose when time's up. (requested by Trumpismessiah)
|
|t:|1758348993
|-terastallize|p1a: 昏睡红茶|Fighting
|move|p1a: 昏睡红茶|Tera Blast|p2a: Porygon2|[anim] Tera Blast Fighting
|-supereffective|p2a: Porygon2
|-crit|p2a: Porygon2
|-damage|p2a: Porygon2|0 fnt
|faint|p2a: Porygon2
|
|upkeep
|
|t:|1758348996
|switch|p2a: Dragapult|Dragapult, M|100/100
|turn|3
|
|t:|1758349007
|move|p2a: Dragapult|Quick Attack|p1a: 昏睡红茶
|-damage|p1a: 昏睡红茶|0 fnt
|faint|p1a: 昏睡红茶
|
|upkeep
|
|t:|1758349016
|switch|p1a: 长脖奶龙|Raging Bolt|100/100
|-enditem|p1a: 长脖奶龙|Booster Energy
|-activate|p1a: 长脖奶龙|ability: Protosynthesis|[fromitem]
|-start|p1a: 长脖奶龙|protosynthesisspa
|turn|4
|
|t:|1758349022
|switch|p2a: Iron Hands|Iron Hands|100/100
|move|p1a: 长脖奶龙|Calm Mind|p1a: 长脖奶龙
|-boost|p1a: 长脖奶龙|spa|1
|-boost|p1a: 长脖奶龙|spd|1
|
|upkeep
|turn|5
|
|t:|1758349026
|move|p1a: 长脖奶龙|Dragon Pulse|p2a: Iron Hands
|-damage|p2a: Iron Hands|11/100
|move|p2a: Iron Hands|Ice Punch|p1a: 长脖奶龙
|-supereffective|p1a: 长脖奶龙
|-damage|p1a: 长脖奶龙|41/100
|
|upkeep
|turn|6
|-activate|p2a: Iron Hands|item: Quick Claw
|
|t:|1758349034
|move|p2a: Iron Hands|Ice Punch|p1a: 长脖奶龙
|-supereffective|p1a: 长脖奶龙
|-damage|p1a: 长脖奶龙|0 fnt
|faint|p1a: 长脖奶龙
|-end|p1a: 长脖奶龙|Protosynthesis|[silent]
|
|upkeep
|c|☆tbw114514|？
|c|☆tbw114514|quick claw is banned？
|inactive|tbw114514 has 120 seconds left.
|
|t:|1758349065
|switch|p1a: 宁芙のβ|Glimmora, F|100/100
|turn|7
|-activate|p2a: Iron Hands|item: Quick Claw
|
|t:|1758349072
|move|p2a: Iron Hands|Drain Punch|p1a: 宁芙のβ
|-damage|p1a: 宁芙のβ|44/100
|-heal|p2a: Iron Hands|28/100|[from] drain|[of] p1a: 宁芙のβ
|-activate|p1a: 宁芙のβ|ability: Toxic Debris
|-sidestart|p2: Trumpismessiah|move: Toxic Spikes
|move|p1a: 宁芙のβ|Power Gem|p2a: Iron Hands
|-resisted|p2a: Iron Hands
|-damage|p2a: Iron Hands|9/100
|
|upkeep
|turn|8
|-activate|p2a: Iron Hands|item: Quick Claw
|
|t:|1758349082
|move|p2a: Iron Hands|Drain Punch|p1a: 宁芙のβ
|-damage|p1a: 宁芙のβ|0 fnt
|-heal|p2a: Iron Hands|23/100|[from] drain|[of] p1a: 宁芙のβ
|-activate|p1a: 宁芙のβ|ability: Toxic Debris
|-sidestart|p2: Trumpismessiah|move: Toxic Spikes
|faint|p1a: 宁芙のβ
|
|upkeep
|
|t:|1758349088
|switch|p1a: 我才是奶龙|Dragonite, M|100/100
|turn|9
|-activate|p2a: Iron Hands|item: Quick Claw
|
|t:|1758349092
|move|p2a: Iron Hands|Ice Punch|p1a: 我才是奶龙
|-supereffective|p1a: 我才是奶龙
|-damage|p1a: 我才是奶龙|39/100
|move|p1a: 我才是奶龙|Earthquake|p2a: Iron Hands
|-supereffective|p2a: Iron Hands
|-damage|p2a: Iron Hands|0 fnt
|faint|p2a: Iron Hands
|-end|p2a: Iron Hands|Quark Drive|[silent]
|
|upkeep
|c|☆tbw114514|？？？？
|
|t:|1758349105
|switch|p2a: Cinderace|Cinderace, M|100/100
|-status|p2a: Cinderace|tox
|turn|10
|c|☆tbw114514|what's up
|
|t:|1758349110
|move|p2a: Cinderace|Court Change|p2a: Cinderace
|-start|p2a: Cinderace|typechange|Normal|[from] ability: Libero
|-swapsideconditions
|-activate|p2a: Cinderace|move: Court Change
|move|p1a: 我才是奶龙|Earthquake|p2a: Cinderace
|-damage|p2a: Cinderace|16/100 tox
|
|-damage|p2a: Cinderace|10/100 tox|[from] psn
|upkeep
|turn|11
|
|t:|1758349113
|move|p2a: Cinderace|Sucker Punch|p1a: 我才是奶龙
|-damage|p1a: 我才是奶龙|17/100
|move|p1a: 我才是奶龙|Earthquake|p2a: Cinderace
|-damage|p2a: Cinderace|0 fnt
|faint|p2a: Cinderace
|
|upkeep
|
|t:|1758349117
|switch|p2a: Dragapult|Dragapult, M|100/100
|turn|12
|
|t:|1758349120
|switch|p1a: 铁大鸡|Iron Treads|100/100
|-enditem|p1a: 铁大鸡|Booster Energy
|-activate|p1a: 铁大鸡|ability: Quark Drive|[fromitem]
|-start|p1a: 铁大鸡|quarkdrivespe
|move|p2a: Dragapult|Dragon Darts|p1a: 铁大鸡
|-resisted|p1a: 铁大鸡
|-damage|p1a: 铁大鸡|85/100
|-anim|p2a: Dragapult|Dragon Darts|p1a: 铁大鸡
|-resisted|p1a: 铁大鸡
|-damage|p1a: 铁大鸡|70/100
|
|upkeep
|turn|13
|
|t:|1758349128
|move|p1a: 铁大鸡|Rapid Spin|p2a: Dragapult
|-immune|p2a: Dragapult
|move|p2a: Dragapult|Dragon Darts|p1a: 铁大鸡
|-resisted|p1a: 铁大鸡
|-damage|p1a: 铁大鸡|55/100
|-anim|p2a: Dragapult|Dragon Darts|p1a: 铁大鸡
|-resisted|p1a: 铁大鸡
|-damage|p1a: 铁大鸡|40/100
|
|upkeep
|turn|14
|
|t:|1758349138
|move|p1a: 铁大鸡|Rapid Spin|p2a: Dragapult
|-immune|p2a: Dragapult
|move|p2a: Dragapult|Dragon Darts|p1a: 铁大鸡
|-resisted|p1a: 铁大鸡
|-damage|p1a: 铁大鸡|25/100
|-anim|p2a: Dragapult|Dragon Darts|p1a: 铁大鸡
|-resisted|p1a: 铁大鸡
|-damage|p1a: 铁大鸡|9/100
|
|upkeep
|turn|15
|
|t:|1758349142
|move|p1a: 铁大鸡|Knock Off|p2a: Dragapult
|-supereffective|p2a: Dragapult
|-damage|p2a: Dragapult|34/100
|-enditem|p2a: Dragapult|Choice Band|[from] move: Knock Off|[of] p1a: 铁大鸡
|move|p2a: Dragapult|Dragon Darts|p1a: 铁大鸡
|-resisted|p1a: 铁大鸡
|-damage|p1a: 铁大鸡|0 fnt
|faint|p1a: 铁大鸡
|-end|p1a: 铁大鸡|Quark Drive|[silent]
|
|upkeep
|
|t:|1758349148
|switch|p1a: 我才是奶龙|Dragonite, M|17/100
|turn|16
|-message|tbw114514 forfeited.
|
|win|Trumpismessiah
|raw|tbw114514's rating: 1425 &rarr; <strong>1408</strong><br />(-17 for losing)
|raw|Trumpismessiah's rating: 1469 &rarr; <strong>1486</strong><br />(+17 for winning)
|l|☆tbw114514
|player|p1|
|l|☆Trumpismessiah
|player|p2|
