|j|‽CilenTreeco
|j|☆marisa_fumo_gaming
|t:|1758256373
|gametype|singles
|player|p1|CilenTreeco|265|1271
|player|p2|marisa_fumo_gaming|2|1305
|gen|9
|tier|[Gen 9] OU
|rated|
|rule|HP Percentage Mod: HP is shown in percentages
|rule|Endless Battle Clause: Forcing endless battles is banned
|rule|Species Clause: Limit one of each Pokémon
|rule|OHKO Clause: OHKO moves are banned
|rule|Evasion Items Clause: Evasion items are banned
|rule|Evasion Moves Clause: Evasion moves are banned
|rule|Evasion Abilities Clause: Evasion abilities are banned
|rule|Sleep Moves Clause: Sleep-inducing moves are banned
|clearpoke
|poke|p1|Gholdengo|
|poke|p1|Quaquaval, F|
|poke|p1|Armarouge, M|
|poke|p1|Goodra-Hisui, F|
|poke|p1|Toxicroak, M|
|poke|p1|Mamoswine, M|
|poke|p2|Electivire, M|
|poke|p2|Dragapult, M|
|poke|p2|Scizor, F|
|poke|p2|Ogerpon-Wellspring, F|
|poke|p2|Enamorus, F|
|poke|p2|Cinderace, M|
|teampreview
|
|t:|1758256392
|teamsize|p1|6
|teamsize|p2|6
|start
|switch|p1a: Mamoswine|Mamoswine, M|100/100
|switch|p2a: Dragapult|Dragapult, M|100/100
|turn|1
|
|t:|1758256397
|move|p2a: Dragapult|Draco Meteor|p1a: Mamoswine
|-damage|p1a: Mamoswine|0 fnt
|-unboost|p2a: Dragapult|spa|2
|faint|p1a: Mamoswine
|
|upkeep
|
|t:|1758256410
|switch|p1a: Quaquaval|Quaquaval, F|100/100
|turn|2
|
|t:|1758256415
|switch|p2a: Ogerpon|Ogerpon-Wellspring, F|100/100
|move|p1a: Quaquaval|Close Combat|p2a: Ogerpon
|-damage|p2a: Ogerpon|10/100
|-unboost|p1a: Quaquaval|def|1
|-unboost|p1a: Quaquaval|spd|1
|
|upkeep
|turn|3
|
|t:|1758256426
|move|p2a: Ogerpon|Horn Leech|p1a: Quaquaval
|-supereffective|p1a: Quaquaval
|-damage|p1a: Quaquaval|0 fnt
|-heal|p2a: Ogerpon|62/100|[from] drain|[of] p1a: Quaquaval
|faint|p1a: Quaquaval
|
|upkeep
|
|t:|1758256431
|switch|p1a: Toxicroak|Toxicroak, M|100/100
|turn|4
|
|t:|1758256434
|move|p2a: Ogerpon|Ivy Cudgel|p1a: Toxicroak|[anim] Ivy Cudgel Water
|-immune|p1a: Toxicroak|[from] ability: Dry Skin
|move|p1a: Toxicroak|Swords Dance|p1a: Toxicroak
|-boost|p1a: Toxicroak|atk|2
|
|upkeep
|turn|5
|
|t:|1758256446
|move|p2a: Ogerpon|U-turn|p1a: Toxicroak
|-resisted|p1a: Toxicroak
|-damage|p1a: Toxicroak|89/100
|
|t:|1758256449
|switch|p2a: Scizor|Scizor, F|100/100|[from] U-turn
|move|p1a: Toxicroak|Close Combat|p2a: Scizor
|-damage|p2a: Scizor|0 fnt
|-unboost|p1a: Toxicroak|def|1
|-unboost|p1a: Toxicroak|spd|1
|faint|p2a: Scizor
|
|upkeep
|
|t:|1758256456
|switch|p2a: Enamorus|Enamorus, F|100/100
|turn|6
|
|t:|1758256466
|switch|p1a: Goodra|Goodra-Hisui, F|100/100
|move|p2a: Enamorus|Moonblast|p1a: Goodra
|-damage|p1a: Goodra|79/100
|
|upkeep
|turn|7
|
|t:|1758256473
|switch|p2a: Electivire|Electivire, M|100/100
|move|p1a: Goodra|Heavy Slam|p2a: Electivire
|-resisted|p2a: Electivire
|-damage|p2a: Electivire|81/100
|
|upkeep
|turn|8
|
|t:|1758256481
|move|p2a: Electivire|Volt Switch|p1a: Goodra
|-resisted|p1a: Goodra
|-crit|p1a: Goodra
|-damage|p1a: Goodra|73/100
|
|t:|1758256485
|switch|p2a: Dragapult|Dragapult, M|100/100|[from] Volt Switch
|move|p1a: Goodra|Dragon Tail|p2a: Dragapult
|-supereffective|p2a: Dragapult
|-damage|p2a: Dragapult|34/100
|drag|p2a: Ogerpon|Ogerpon-Wellspring, F|62/100
|
|upkeep
|turn|9
|
|t:|1758256499
|switch|p1a: Armarouge|Armarouge, M, shiny|100/100
|move|p2a: Ogerpon|U-turn|p1a: Armarouge
|-damage|p1a: Armarouge|70/100
|-ability|p1a: Armarouge|Weak Armor|boost
|-unboost|p1a: Armarouge|def|1
|-boost|p1a: Armarouge|spe|2
|
|t:|1758256504
|switch|p2a: Cinderace|Cinderace, M|100/100|[from] U-turn
|
|upkeep
|turn|10
|
|t:|1758256507
|move|p2a: Cinderace|Sucker Punch|p1a: Armarouge
|-start|p2a: Cinderace|typechange|Dark|[from] ability: Libero
|-supereffective|p1a: Armarouge
|-damage|p1a: Armarouge|0 fnt
|faint|p1a: Armarouge
|
|upkeep
|
|t:|1758256512
|switch|p1a: Toxicroak|Toxicroak, M|89/100
|turn|11
|
|t:|1758256523
|move|p2a: Cinderace|Pyro Ball|p1a: Toxicroak
|-damage|p1a: Toxicroak|10/100
|move|p1a: Toxicroak|Swords Dance|p1a: Toxicroak
|-boost|p1a: Toxicroak|atk|2
|
|upkeep
|turn|12
|
|t:|1758256529
|move|p2a: Cinderace|Sucker Punch|p1a: Toxicroak
|-resisted|p1a: Toxicroak
|-damage|p1a: Toxicroak|0 fnt
|faint|p1a: Toxicroak
|
|upkeep
|-message|CilenTreeco forfeited.
|
|win|marisa_fumo_gaming
|raw|CilenTreeco's rating: 1271 &rarr; <strong>1248</strong><br />(-23 for losing)
|raw|marisa_fumo_gaming's rating: 1305 &rarr; <strong>1323</strong><br />(+18 for winning)
|l|‽CilenTreeco
|player|p1|
|l|☆marisa_fumo_gaming
|player|p2|
