|j|☆Jon Mateo
|j|☆LonelySxNner
|t:|1758276640
|gametype|singles
|player|p1|Jon Mateo|169|1331
|player|p2|LonelySxNner|picnicker|1366
|gen|9
|tier|[Gen 9] OU
|rated|
|rule|HP Percentage Mod: HP is shown in percentages
|rule|Endless Battle Clause: Forcing endless battles is banned
|rule|Species Clause: Limit one of each Pokémon
|rule|OHKO Clause: OHKO moves are banned
|rule|Evasion Items Clause: Evasion items are banned
|rule|Evasion Moves Clause: Evasion moves are banned
|rule|Evasion Abilities Clause: Evasion abilities are banned
|rule|Sleep Moves Clause: Sleep-inducing moves are banned
|clearpoke
|poke|p1|Ceruledge, M|
|poke|p1|Lokix, M|
|poke|p1|Quaquaval, F|
|poke|p1|Gardevoir, F|
|poke|p1|Garchomp, F|
|poke|p1|Rotom-Frost|
|poke|p2|Meloetta|
|poke|p2|Garchomp, M|
|poke|p2|Ceruledge, F|
|poke|p2|Grimmsnarl, M|
|poke|p2|Greninja-*, M|
|poke|p2|Cinderace, M|
|teampreview
|inactive|Battle timer is ON: inactive players will automatically lose when time's up. (requested by LonelySxNner)
|inactive|Jon Mateo has 120 seconds left.
|
|t:|1758276718
|teamsize|p1|6
|teamsize|p2|6
|start
|switch|p1a: Rotom|Rotom-Frost|100/100
|switch|p2a: Garchomp|Garchomp, M|100/100
|turn|1
|
|t:|1758276737
|switch|p2a: Greninja|Greninja, M|100/100
|move|p1a: Rotom|Blizzard|p2a: Greninja
|-resisted|p2a: Greninja
|-damage|p2a: Greninja|65/100
|
|upkeep
|turn|2
|
|t:|1758276744
|switch|p1a: Lokix|Lokix, M|100/100
|move|p2a: Greninja|Switcheroo|p1a: Lokix
|-activate|p2a: Greninja|move: Trick|[of] p1a: Lokix
|-item|p1a: Lokix|Choice Specs|[from] move: Switcheroo
|-item|p2a: Greninja|Sitrus Berry|[from] move: Switcheroo
|
|upkeep
|turn|3
|
|t:|1758276764
|switch|p2a: Garchomp|Garchomp, M|100/100
|move|p1a: Lokix|U-turn|p2a: Garchomp
|-damage|p2a: Garchomp|72/100
|-damage|p1a: Lokix|88/100|[from] ability: Rough Skin|[of] p2a: Garchomp
|
|t:|1758276774
|switch|p1a: Rotom|Rotom-Frost|100/100|[from] U-turn
|
|upkeep
|turn|4
|inactive|LonelySxNner has 120 seconds left.
|
|t:|1758276813
|switch|p2a: Greninja|Greninja, M|65/100
|move|p1a: Rotom|Volt Switch|p2a: Greninja
|-supereffective|p2a: Greninja
|-damage|p2a: Greninja|0 fnt
|faint|p2a: Greninja
|inactive|Jon Mateo has 120 seconds left.
|inactive|Jon Mateo has 90 seconds left.
|inactive|Jon Mateo has 60 seconds left.
|
|t:|1758276927
|switch|p1a: Quaquaval|Quaquaval, F|100/100|[from] Volt Switch
|
|upkeep
|inactive|LonelySxNner has 120 seconds left.
|inactive|LonelySxNner has 90 seconds left.
|
|t:|1758276973
|switch|p2a: Grimmsnarl|Grimmsnarl, M|100/100
|turn|5
|inactive|Jon Mateo has 30 seconds left.
|
|t:|1758277012
|move|p2a: Grimmsnarl|Reflect|p2a: Grimmsnarl
|-sidestart|p2: LonelySxNner|Reflect
|move|p1a: Quaquaval|U-turn|p2a: Grimmsnarl
|-damage|p2a: Grimmsnarl|80/100
|inactive|Jon Mateo has 30 seconds left this turn.
|
|t:|1758277015
|switch|p1a: Gardevoir|Gardevoir, F|100/100|[from] U-turn
|
|upkeep
|turn|6
|inactive|LonelySxNner has 90 seconds left.
|
|t:|1758277049
|move|p2a: Grimmsnarl|Light Screen|p2a: Grimmsnarl
|-sidestart|p2: LonelySxNner|move: Light Screen
|move|p1a: Gardevoir|Trick|p2a: Grimmsnarl
|-activate|p1a: Gardevoir|move: Trick|[of] p2a: Grimmsnarl
|-item|p2a: Grimmsnarl|Choice Scarf|[from] move: Trick
|-item|p1a: Gardevoir|Light Clay|[from] move: Trick
|
|upkeep
|turn|7
|inactive|Jon Mateo has 30 seconds left.
|
|t:|1758277078
|move|p2a: Grimmsnarl|Parting Shot|p1a: Gardevoir
|-unboost|p1a: Gardevoir|atk|1
|-unboost|p1a: Gardevoir|spa|1
|
|t:|1758277106
|switch|p2a: Best girl|Meloetta, shiny|100/100|[from] Parting Shot
|move|p1a: Gardevoir|Moonblast|p2a: Best girl
|-damage|p2a: Best girl|86/100
|
|upkeep
|turn|8
|inactive|Jon Mateo has 30 seconds left.
|
|t:|1758277122
|move|p2a: Best girl|Relic Song|p1a: Gardevoir
|-damage|p1a: Gardevoir|59/100
|-formechange|p2a: Best girl|Meloetta-Pirouette|[msg]
|-enditem|p2a: Best girl|Throat Spray
|-boost|p2a: Best girl|spa|1|[from] item: Throat Spray
|move|p1a: Gardevoir|Mystical Fire|p2a: Best girl
|-damage|p2a: Best girl|74/100
|-unboost|p2a: Best girl|spa|1
|
|upkeep
|turn|9
|inactive|Jon Mateo has 30 seconds left.
|
|t:|1758277133
|move|p2a: Best girl|Relic Song|p1a: Gardevoir
|-damage|p1a: Gardevoir|32/100
|-formechange|p2a: Best girl|Meloetta|[msg]
|move|p1a: Gardevoir|Moonblast|p2a: Best girl
|-damage|p2a: Best girl|61/100
|
|upkeep
|turn|10
|
|t:|1758277140
|move|p2a: Best girl|Hyper Voice|p1a: Gardevoir
|-damage|p1a: Gardevoir|0 fnt
|faint|p1a: Gardevoir
|
|upkeep
|
|t:|1758277143
|switch|p1a: Lokix|Lokix, M|88/100
|turn|11
|
|t:|1758277145
|move|p2a: Best girl|Hyper Voice|p1a: Lokix
|-damage|p1a: Lokix|16/100
|move|p1a: Lokix|U-turn|p2a: Best girl
|-supereffective|p2a: Best girl
|-damage|p2a: Best girl|20/100
|
|t:|1758277154
|switch|p1a: Quaquaval|Quaquaval, F|100/100|[from] U-turn
|
|upkeep
|turn|12
|
|t:|1758277159
|-terastallize|p1a: Quaquaval|Water
|move|p2a: Best girl|Psychic|p1a: Quaquaval
|-damage|p1a: Quaquaval|47/100
|move|p1a: Quaquaval|Aqua Step|p2a: Best girl
|-damage|p2a: Best girl|0 fnt
|-boost|p1a: Quaquaval|spe|1
|faint|p2a: Best girl
|-ability|p1a: Quaquaval|Moxie|boost
|-boost|p1a: Quaquaval|atk|1
|
|-sideend|p2: LonelySxNner|Reflect
|upkeep
|
|t:|1758277168
|switch|p2a: Grimmsnarl|Grimmsnarl, M|80/100
|turn|13
|inactive|Jon Mateo has 60 seconds left.
|l|☆LonelySxNner
|inactive|LonelySxNner disconnected and has a minute to reconnect!
|player|p2|
|j|☆LonelySxNner
|inactive|LonelySxNner reconnected.
|player|p2|LonelySxNner|picnicker|
|
|t:|1758277209
|move|p2a: Grimmsnarl|Reflect|p2a: Grimmsnarl
|-sidestart|p2: LonelySxNner|Reflect
|move|p1a: Quaquaval|Aqua Step|p2a: Grimmsnarl
|-damage|p2a: Grimmsnarl|19/100
|-boost|p1a: Quaquaval|spe|1
|
|-sideend|p2: LonelySxNner|move: Light Screen
|upkeep
|turn|14
|
|t:|1758277213
|switch|p2a: Cinderace|Cinderace, M|100/100
|move|p1a: Quaquaval|Aqua Step|p2a: Cinderace
|-supereffective|p2a: Cinderace
|-damage|p2a: Cinderace|0 fnt
|-boost|p1a: Quaquaval|spe|1
|faint|p2a: Cinderace
|-ability|p1a: Quaquaval|Moxie|boost
|-boost|p1a: Quaquaval|atk|1
|
|upkeep
|
|t:|1758277217
|switch|p2a: Garchomp|Garchomp, M|72/100
|turn|15
|
|t:|1758277223
|move|p1a: Quaquaval|Aqua Step|p2a: Garchomp
|-damage|p2a: Garchomp|0 fnt
|-boost|p1a: Quaquaval|spe|1
|-damage|p1a: Quaquaval|34/100|[from] ability: Rough Skin|[of] p2a: Garchomp
|faint|p2a: Garchomp
|-ability|p1a: Quaquaval|Moxie|boost
|-boost|p1a: Quaquaval|atk|1
|
|upkeep
|-message|LonelySxNner forfeited.
|
|win|Jon Mateo
|raw|Jon Mateo's rating: 1331 &rarr; <strong>1353</strong><br />(+22 for winning)
|raw|LonelySxNner's rating: 1368 &rarr; <strong>1346</strong><br />(-22 for losing)
|l|☆LonelySxNner
|player|p2|
|l|☆Jon Mateo
|player|p1|
