|j|☆AlolanskiMarowak
|j|☆Jinghan Yu
|t:|1758353162
|gametype|singles
|player|p1|AlolanskiMarowak|unknown|1103
|player|p2|Jinghan Yu|nate|1132
|gen|9
|tier|[Gen 9] OU
|rated|
|rule|HP Percentage Mod: HP is shown in percentages
|rule|Endless Battle Clause: Forcing endless battles is banned
|rule|Species Clause: Limit one of each Pokémon
|rule|OHKO Clause: OHKO moves are banned
|rule|Evasion Items Clause: Evasion items are banned
|rule|Evasion Moves Clause: Evasion moves are banned
|rule|Evasion Abilities Clause: Evasion abilities are banned
|rule|Sleep Moves Clause: Sleep-inducing moves are banned
|clearpoke
|poke|p1|Reuniclus, F|
|poke|p1|Barraskewda, F|
|poke|p1|Vikavolt, F|
|poke|p1|Incineroar, M|
|poke|p1|Haunter, F|
|poke|p1|Porygon-Z|
|poke|p2|Scizor, M|
|poke|p2|Tyranitar, M|
|poke|p2|Garchomp, M|
|poke|p2|Gyarados, M|
|poke|p2|Gengar, M|
|poke|p2|Excadrill, M|
|teampreview
|inactive|Battle timer is ON: inactive players will automatically lose when time's up. (requested by AlolanskiMarowak)
|
|t:|1758353170
|teamsize|p1|6
|teamsize|p2|6
|start
|switch|p1a: Haunter|Haunter, F|100/100
|switch|p2a: Timothy|Tyranitar, M|100/100
|-weather|Sandstorm|[from] ability: Sand Stream|[of] p2a: Timothy
|turn|1
|
|t:|1758353174
|move|p1a: Haunter|Will-O-Wisp|p2a: Timothy
|-status|p2a: Timothy|brn
|move|p2a: Timothy|Stealth Rock|p1a: Haunter
|-sidestart|p1: AlolanskiMarowak|move: Stealth Rock
|
|-weather|Sandstorm|[upkeep]
|-damage|p1a: Haunter|94/100|[from] Sandstorm
|-damage|p2a: Timothy|95/100 brn|[from] brn
|upkeep
|turn|2
|
|t:|1758353180
|switch|p1a: Reuniclus|Reuniclus, F, shiny|100/100
|move|p2a: Timothy|Dragon Tail|p1a: Reuniclus
|-damage|p1a: Reuniclus|88/100
|drag|p1a: Vikavolt|Vikavolt, F|100/100
|-damage|p1a: Vikavolt|76/100|[from] Stealth Rock
|
|-weather|Sandstorm|[upkeep]
|-damage|p1a: Vikavolt|70/100|[from] Sandstorm
|-heal|p1a: Vikavolt|76/100|[from] item: Leftovers
|-damage|p2a: Timothy|89/100 brn|[from] brn
|upkeep
|turn|3
|
|t:|1758353184
|move|p2a: Timothy|Rock Slide|p1a: Vikavolt|[miss]
|-miss|p2a: Timothy|p1a: Vikavolt
|move|p1a: Vikavolt|Bug Buzz|p2a: Timothy
|-supereffective|p2a: Timothy
|-damage|p2a: Timothy|18/100 brn
|
|-weather|Sandstorm|[upkeep]
|-damage|p1a: Vikavolt|70/100|[from] Sandstorm
|-heal|p1a: Vikavolt|76/100|[from] item: Leftovers
|-damage|p2a: Timothy|12/100 brn|[from] brn
|upkeep
|turn|4
|
|t:|1758353190
|switch|p2a: Osten|Gyarados, M, shiny|100/100
|-ability|p2a: Osten|Intimidate|boost
|-unboost|p1a: Vikavolt|atk|1
|move|p1a: Vikavolt|Agility|p1a: Vikavolt
|-boost|p1a: Vikavolt|spe|2
|
|-weather|Sandstorm|[upkeep]
|-damage|p1a: Vikavolt|70/100|[from] Sandstorm
|-damage|p2a: Osten|94/100|[from] Sandstorm
|-heal|p1a: Vikavolt|76/100|[from] item: Leftovers
|-heal|p2a: Osten|100/100|[from] item: Leftovers
|upkeep
|turn|5
|
|t:|1758353194
|switch|p2a: Mangus|Garchomp, M, shiny|100/100
|move|p1a: Vikavolt|Thunderbolt|p2a: Mangus
|-immune|p2a: Mangus
|
|-weather|Sandstorm|[upkeep]
|-damage|p1a: Vikavolt|70/100|[from] Sandstorm
|-heal|p1a: Vikavolt|76/100|[from] item: Leftovers
|upkeep
|turn|6
|
|t:|1758353200
|-terastallize|p1a: Vikavolt|Ice
|move|p1a: Vikavolt|Tera Blast|p2a: Mangus|[anim] Tera Blast Ice
|-supereffective|p2a: Mangus
|-damage|p2a: Mangus|0 fnt
|faint|p2a: Mangus
|
|-weather|Sandstorm|[upkeep]
|-damage|p1a: Vikavolt|70/100|[from] Sandstorm
|-heal|p1a: Vikavolt|76/100|[from] item: Leftovers
|upkeep
|
|t:|1758353204
|switch|p2a: Boden|Scizor, M, shiny|100/100
|turn|7
|
|t:|1758353207
|move|p1a: Vikavolt|Thunderbolt|p2a: Boden
|-damage|p2a: Boden|28/100
|move|p2a: Boden|Swords Dance|p2a: Boden
|-boost|p2a: Boden|atk|2
|
|-weather|Sandstorm|[upkeep]
|-damage|p1a: Vikavolt|70/100|[from] Sandstorm
|-heal|p1a: Vikavolt|76/100|[from] item: Leftovers
|upkeep
|turn|8
|
|t:|1758353212
|move|p2a: Boden|Bullet Punch|p1a: Vikavolt
|-supereffective|p1a: Vikavolt
|-crit|p1a: Vikavolt
|-damage|p1a: Vikavolt|0 fnt
|faint|p1a: Vikavolt
|
|-weather|none
|upkeep
|
|t:|1758353217
|switch|p1a: Incineroar|Incineroar, M|100/100
|-damage|p1a: Incineroar|76/100|[from] Stealth Rock
|-ability|p1a: Incineroar|Intimidate|boost
|-unboost|p2a: Boden|atk|1
|turn|9
|
|t:|1758353219
|move|p2a: Boden|Brick Break|p1a: Incineroar
|-supereffective|p1a: Incineroar
|-damage|p1a: Incineroar|0 fnt
|-damage|p2a: Boden|11/100|[from] item: Rocky Helmet|[of] p1a: Incineroar
|faint|p1a: Incineroar
|
|upkeep
|
|t:|1758353227
|switch|p1a: Reuniclus|Reuniclus, F, shiny|88/100
|turn|10
|
|t:|1758353231
|move|p2a: Boden|Bullet Punch|p1a: Reuniclus
|-damage|p1a: Reuniclus|22/100
|move|p1a: Reuniclus|Psychic|p2a: Boden
|-resisted|p2a: Boden
|-damage|p2a: Boden|0 fnt
|faint|p2a: Boden
|
|upkeep
|
|t:|1758353238
|switch|p2a: Nasim|Gengar, M|100/100
|turn|11
|
|t:|1758353242
|move|p2a: Nasim|Hex|p1a: Reuniclus
|-supereffective|p1a: Reuniclus
|-damage|p1a: Reuniclus|0 fnt
|faint|p1a: Reuniclus
|
|upkeep
|
|t:|1758353245
|switch|p1a: Porygon-Z|Porygon-Z|100/100
|-damage|p1a: Porygon-Z|88/100|[from] Stealth Rock
|turn|12
|
|t:|1758353249
|move|p2a: Nasim|Nasty Plot|p2a: Nasim
|-boost|p2a: Nasim|spa|2
|move|p1a: Porygon-Z|Psyshock|p2a: Nasim
|-supereffective|p2a: Nasim
|-damage|p2a: Nasim|0 fnt
|faint|p2a: Nasim
|
|upkeep
|
|t:|1758353257
|switch|p2a: Osten|Gyarados, M, shiny|100/100
|-ability|p2a: Osten|Intimidate|boost
|-unboost|p1a: Porygon-Z|atk|1
|turn|13
|
|t:|1758353261
|-terastallize|p2a: Osten|Flying
|move|p1a: Porygon-Z|Tera Blast|p2a: Osten
|-damage|p2a: Osten|26/100
|move|p2a: Osten|Dragon Dance|p2a: Osten
|-boost|p2a: Osten|atk|1
|-boost|p2a: Osten|spe|1
|
|-heal|p2a: Osten|32/100|[from] item: Leftovers
|upkeep
|turn|14
|
|t:|1758353269
|move|p2a: Osten|Tera Blast|p1a: Porygon-Z|[anim] Tera Blast Flying
|-damage|p1a: Porygon-Z|0 fnt
|faint|p1a: Porygon-Z
|
|-heal|p2a: Osten|38/100|[from] item: Leftovers
|upkeep
|
|t:|1758353271
|switch|p1a: Barraskewda|Barraskewda, F|100/100
|-damage|p1a: Barraskewda|88/100|[from] Stealth Rock
|turn|15
|
|t:|1758353277
|move|p2a: Osten|Tera Blast|p1a: Barraskewda|[anim] Tera Blast Flying
|-damage|p1a: Barraskewda|0 fnt
|faint|p1a: Barraskewda
|
|-heal|p2a: Osten|44/100|[from] item: Leftovers
|upkeep
|
|t:|1758353279
|switch|p1a: Haunter|Haunter, F|94/100
|-damage|p1a: Haunter|82/100|[from] Stealth Rock
|turn|16
|
|t:|1758353282
|move|p2a: Osten|Waterfall|p1a: Haunter
|-damage|p1a: Haunter|0 fnt
|faint|p1a: Haunter
|
|win|Jinghan Yu
|raw|AlolanskiMarowak's rating: 1103 &rarr; <strong>1080</strong><br />(-23 for losing)
|raw|Jinghan Yu's rating: 1132 &rarr; <strong>1155</strong><br />(+23 for winning)
|l|☆AlolanskiMarowak
|player|p1|
|l|☆Jinghan Yu
|player|p2|
