|j|☆IASFAATG
|j|☆fmaisfa
|t:|1758360613
|gametype|singles
|player|p1|IASFAATG|scientist-gen4dp|1075
|player|p2|fmaisfa|102|1040
|gen|9
|tier|[Gen 9] OU
|rated|
|rule|HP Percentage Mod: HP is shown in percentages
|rule|Endless Battle Clause: Forcing endless battles is banned
|rule|Species Clause: Limit one of each Pokémon
|rule|OHKO Clause: OHKO moves are banned
|rule|Evasion Items Clause: Evasion items are banned
|rule|Evasion Moves Clause: Evasion moves are banned
|rule|Evasion Abilities Clause: Evasion abilities are banned
|rule|Sleep Moves Clause: Sleep-inducing moves are banned
|clearpoke
|poke|p1|Electrode-Hisui|
|poke|p1|Gallade, M|
|poke|p1|Slowking-Galar, F|
|poke|p1|Alomomola, M|
|poke|p1|Great Tusk|
|poke|p1|Landorus-Therian, M|
|poke|p2|Iron Crown|
|poke|p2|Moltres|
|poke|p2|Glimmora, M|
|poke|p2|Alomomola, F|
|poke|p2|Meowscarada, F|
|poke|p2|Pincurchin, F|
|teampreview
|inactive|Battle timer is ON: inactive players will automatically lose when time's up. (requested by fmaisfa)
|
|t:|1758360621
|teamsize|p1|6
|teamsize|p2|6
|start
|switch|p1a: Slowking|Slowking-Galar, F|100/100
|switch|p2a: Liko-UUBL|Meowscarada, F|100/100
|turn|1
|
|t:|1758360632
|switch|p1a: Alomomola|Alomomola, M, shiny|100/100
|move|p2a: Liko-UUBL|U-turn|p1a: Alomomola
|-start|p2a: Liko-UUBL|typechange|Bug|[from] ability: Protean
|-damage|p1a: Alomomola|73/100
|
|t:|1758360638
|switch|p2a: Wolt-ZU|Pincurchin, F|100/100|[from] U-turn
|-fieldstart|move: Electric Terrain|[from] ability: Electric Surge|[of] p2a: Wolt-ZU
|
|upkeep
|turn|2
|
|t:|1758360646
|switch|p1a: Slowking|Slowking-Galar, F|100/100
|move|p2a: Wolt-ZU|Spikes|p1a: Slowking
|-sidestart|p1: IASFAATG|Spikes
|
|upkeep
|turn|3
|
|t:|1758360652
|move|p2a: Wolt-ZU|Spikes|p1a: Slowking
|-sidestart|p1: IASFAATG|Spikes
|move|p1a: Slowking|Future Sight|p2a: Wolt-ZU
|-start|p1a: Slowking|move: Future Sight
|
|upkeep
|turn|4
|
|t:|1758360657
|move|p2a: Wolt-ZU|Spikes|p1a: Slowking
|-sidestart|p1: IASFAATG|Spikes
|-prepare|p1a: Slowking|Chilly Reception|[premajor]
|move|p1a: Slowking|Chilly Reception|p1a: Slowking
|-weather|Snowscape
|
|t:|1758360662
|switch|p1a: Great Tusk|Great Tusk|100/100|[from] Chilly Reception
|
|-weather|Snowscape|[upkeep]
|upkeep
|turn|5
|
|t:|1758360670
|move|p1a: Great Tusk|Rapid Spin|p2a: Wolt-ZU
|-damage|p2a: Wolt-ZU|85/100
|-boost|p1a: Great Tusk|spe|1
|-sideend|p1: IASFAATG|Spikes|[from] move: Rapid Spin|[of] p1a: Great Tusk
|move|p2a: Wolt-ZU|Toxic Spikes|p1a: Great Tusk
|-sidestart|p1: IASFAATG|move: Toxic Spikes
|
|-weather|Snowscape|[upkeep]
|-end|p2a: Wolt-ZU|move: Future Sight
|-damage|p2a: Wolt-ZU|32/100
|upkeep
|turn|6
|
|t:|1758360680
|move|p1a: Great Tusk|Rapid Spin|p2a: Wolt-ZU
|-damage|p2a: Wolt-ZU|17/100
|-boost|p1a: Great Tusk|spe|1
|-sideend|p1: IASFAATG|Toxic Spikes|[from] move: Rapid Spin|[of] p1a: Great Tusk
|move|p2a: Wolt-ZU|Recover|p2a: Wolt-ZU
|-heal|p2a: Wolt-ZU|67/100
|
|-weather|Snowscape|[upkeep]
|upkeep
|turn|7
|
|t:|1758360689
|switch|p2a: HotWing-OU|Moltres|100/100
|move|p1a: Great Tusk|Headlong Rush|p2a: HotWing-OU
|-immune|p2a: HotWing-OU
|
|-weather|Snowscape|[upkeep]
|upkeep
|turn|8
|
|t:|1758360697
|move|p1a: Great Tusk|Head Smash|p2a: HotWing-OU
|-supereffective|p2a: HotWing-OU
|-damage|p2a: HotWing-OU|0 fnt
|-status|p1a: Great Tusk|brn|[from] ability: Flame Body|[of] p2a: HotWing-OU
|faint|p2a: HotWing-OU
|-damage|p1a: Great Tusk|49/100 brn|[from] Recoil
|
|-weather|none
|-damage|p1a: Great Tusk|43/100 brn|[from] brn
|-fieldend|move: Electric Terrain
|upkeep
|
|t:|1758360709
|switch|p2a: Liko-UUBL|Meowscarada, F|100/100
|turn|9
|
|t:|1758360718
|switch|p2a: Nurse-OU|Alomomola, F, shiny|100/100
|move|p1a: Great Tusk|Ice Spinner|p2a: Nurse-OU
|-resisted|p2a: Nurse-OU
|-damage|p2a: Nurse-OU|97/100
|-damage|p1a: Great Tusk|26/100 brn|[from] item: Rocky Helmet|[of] p2a: Nurse-OU
|
|-damage|p1a: Great Tusk|20/100 brn|[from] brn
|upkeep
|turn|10
|
|t:|1758360728
|-end|p1a: Great Tusk|Protosynthesis|[silent]
|switch|p1a: Electrode|Electrode-Hisui, shiny|100/100
|move|p2a: Nurse-OU|Flip Turn|p1a: Electrode
|-resisted|p1a: Electrode
|-damage|p1a: Electrode|87/100
|
|t:|1758360738
|switch|p2a: Hazard-OU|Glimmora, M|100/100|[from] Flip Turn
|
|upkeep
|turn|11
|
|t:|1758360744
|move|p1a: Electrode|Volt Switch|p2a: Hazard-OU
|-damage|p2a: Hazard-OU|59/100
|
|t:|1758360748
|switch|p1a: Great Tusk|Great Tusk|20/100 brn|[from] Volt Switch
|move|p2a: Hazard-OU|Substitute|p2a: Hazard-OU
|-start|p2a: Hazard-OU|Substitute
|-damage|p2a: Hazard-OU|34/100
|
|-damage|p1a: Great Tusk|14/100 brn|[from] brn
|upkeep
|turn|12
|
|t:|1758360764
|move|p1a: Great Tusk|Headlong Rush|p2a: Hazard-OU
|-supereffective|p2a: Hazard-OU
|-end|p2a: Hazard-OU|Substitute
|-unboost|p1a: Great Tusk|def|1
|-unboost|p1a: Great Tusk|spd|1
|move|p2a: Hazard-OU|Mortal Spin|p1a: Great Tusk
|-resisted|p1a: Great Tusk
|-damage|p1a: Great Tusk|10/100 brn
|
|-damage|p1a: Great Tusk|4/100 brn|[from] brn
|upkeep
|turn|13
|
|t:|1758360776
|switch|p2a: Nurse-OU|Alomomola, F, shiny|100/100
|move|p1a: Great Tusk|Headlong Rush|p2a: Nurse-OU
|-damage|p2a: Nurse-OU|85/100
|-unboost|p1a: Great Tusk|def|1
|-unboost|p1a: Great Tusk|spd|1
|-damage|p1a: Great Tusk|0 fnt|[from] item: Rocky Helmet|[of] p2a: Nurse-OU
|faint|p1a: Great Tusk
|-end|p1a: Great Tusk|Protosynthesis|[silent]
|
|upkeep
|
|t:|1758360788
|switch|p1a: Electrode|Electrode-Hisui, shiny|87/100
|turn|14
|
|t:|1758360791
|move|p1a: Electrode|Volt Switch|p2a: Nurse-OU
|-supereffective|p2a: Nurse-OU
|-damage|p2a: Nurse-OU|0 fnt
|faint|p2a: Nurse-OU
|
|t:|1758360797
|switch|p1a: Alomomola|Alomomola, M, shiny|100/100|[from] Volt Switch
|
|upkeep
|
|t:|1758360800
|switch|p2a: Liko-UUBL|Meowscarada, F|100/100
|turn|15
|
|t:|1758360806
|switch|p1a: Slowking|Slowking-Galar, F|100/100
|move|p2a: Liko-UUBL|Flower Trick|p1a: Slowking
|-start|p2a: Liko-UUBL|typechange|Grass|[from] ability: Protean
|-resisted|p1a: Slowking
|-crit|p1a: Slowking
|-damage|p1a: Slowking|59/100
|
|upkeep
|turn|16
|
|t:|1758360817
|switch|p2a: Wolt-ZU|Pincurchin, F|67/100
|-fieldstart|move: Electric Terrain|[from] ability: Electric Surge|[of] p2a: Wolt-ZU
|-prepare|p1a: Slowking|Chilly Reception|[premajor]
|move|p1a: Slowking|Chilly Reception|p1a: Slowking
|-weather|Snowscape
|
|t:|1758360827
|switch|p1a: Gallade|Gallade, M, shiny|100/100|[from] Chilly Reception
|
|-weather|Snowscape|[upkeep]
|upkeep
|turn|17
|inactive|IASFAATG has 120 seconds left.
|
|t:|1758360867
|move|p1a: Gallade|Psycho Cut|p2a: Wolt-ZU
|-damage|p2a: Wolt-ZU|0 fnt
|faint|p2a: Wolt-ZU
|
|-weather|Snowscape|[upkeep]
|upkeep
|
|t:|1758360872
|switch|p2a: Tacyon-OU|Iron Crown|100/100
|-activate|p2a: Tacyon-OU|ability: Quark Drive
|-start|p2a: Tacyon-OU|quarkdrivespa
|turn|18
|inactive|IASFAATG has 120 seconds left.
|
|t:|1758360896
|-terastallize|p2a: Tacyon-OU|Fairy
|move|p2a: Tacyon-OU|Psychic Noise|p1a: Gallade
|-damage|p1a: Gallade|45/100
|-start|p1a: Gallade|move: Heal Block
|move|p1a: Gallade|Psycho Cut|p2a: Tacyon-OU
|-damage|p2a: Tacyon-OU|9/100
|
|-weather|Snowscape|[upkeep]
|upkeep
|turn|19
|
|t:|1758360907
|move|p2a: Tacyon-OU|Psychic Noise|p1a: Gallade
|-damage|p1a: Gallade|0 fnt
|faint|p1a: Gallade
|
|-weather|Snowscape|[upkeep]
|upkeep
|
|t:|1758360914
|switch|p1a: Slowking|Slowking-Galar, F|93/100
|turn|20
|
|t:|1758360922
|move|p2a: Tacyon-OU|Psychic Noise|p1a: Slowking
|-damage|p1a: Slowking|66/100
|-start|p1a: Slowking|move: Heal Block
|move|p1a: Slowking|Sludge Bomb|p2a: Tacyon-OU
|-supereffective|p2a: Tacyon-OU
|-damage|p2a: Tacyon-OU|0 fnt
|faint|p2a: Tacyon-OU
|-end|p2a: Tacyon-OU|Quark Drive|[silent]
|
|-weather|none
|upkeep
|-message|fmaisfa forfeited.
|
|win|IASFAATG
|raw|IASFAATG's rating: 1075 &rarr; <strong>1101</strong><br />(+26 for winning)
|raw|fmaisfa's rating: 1040 &rarr; <strong>1026</strong><br />(-14 for losing)
|l|☆fmaisfa
|player|p2|
|l|☆IASFAATG
|player|p1|
|j|☆IASFAATG
|player|p1|IASFAATG|scientist-gen4dp|
