|j|☆PossiblyJay
|j|☆capitolg
|t:|1758244345
|gametype|singles
|player|p1|PossiblyJay|170|1199
|player|p2|capitolg|bellelba|1166
|gen|9
|tier|[Gen 9] OU
|rated|
|rule|HP Percentage Mod: HP is shown in percentages
|rule|Endless Battle Clause: Forcing endless battles is banned
|rule|Species Clause: Limit one of each Pokémon
|rule|OHKO Clause: OHKO moves are banned
|rule|Evasion Items Clause: Evasion items are banned
|rule|Evasion Moves Clause: Evasion moves are banned
|rule|Evasion Abilities Clause: Evasion abilities are banned
|rule|Sleep Moves Clause: Sleep-inducing moves are banned
|clearpoke
|poke|p1|Samurott, M|
|poke|p1|Garganacl, F|
|poke|p1|Oricorio, F|
|poke|p1|Ampharos, F|
|poke|p1|Lokix, F|
|poke|p1|Gallade, M|
|poke|p2|Masquerain, F|
|poke|p2|Articuno-Galar|
|poke|p2|Smeargle, M|
|poke|p2|Empoleon, F|
|poke|p2|Passimian, F|
|poke|p2|Chandelure, F|
|teampreview
|inactive|Battle timer is ON: inactive players will automatically lose when time's up. (requested by PossiblyJay)
|
|t:|1758244351
|teamsize|p1|6
|teamsize|p2|6
|start
|switch|p1a: marbles|Ampharos, F, shiny|100/100
|switch|p2a: Masquerain|Masquerain, F|100/100
|-ability|p2a: Masquerain|Intimidate|boost
|-unboost|p1a: marbles|atk|1
|turn|1
|
|t:|1758244356
|move|p2a: Masquerain|Sticky Web|p1a: marbles
|-sidestart|p1: PossiblyJay|move: Sticky Web
|move|p1a: marbles|Cotton Guard|p1a: marbles
|-boost|p1a: marbles|def|3
|
|upkeep
|turn|2
|
|t:|1758244362
|move|p2a: Masquerain|Bug Buzz|p1a: marbles
|-damage|p1a: marbles|58/100
|move|p1a: marbles|Cotton Guard|p1a: marbles
|-boost|p1a: marbles|def|3
|
|-heal|p1a: marbles|64/100|[from] item: Leftovers
|upkeep
|turn|3
|
|t:|1758244365
|move|p1a: marbles|Volt Switch|p2a: Masquerain
|-supereffective|p2a: Masquerain
|-damage|p2a: Masquerain|18/100
|
|t:|1758244371
|switch|p1a: valerie|Oricorio, F, shiny|100/100|[from] Volt Switch
|move|p2a: Masquerain|Whirlwind|p1a: valerie
|drag|p1a: marbles|Ampharos, F, shiny|64/100
|-activate|p1a: marbles|move: Sticky Web
|-unboost|p1a: marbles|spe|1
|
|-heal|p1a: marbles|70/100|[from] item: Leftovers
|upkeep
|turn|4
|
|t:|1758244373
|move|p2a: Masquerain|Bug Buzz|p1a: marbles
|-damage|p1a: marbles|27/100
|-unboost|p1a: marbles|spd|1
|move|p1a: marbles|Volt Switch|p2a: Masquerain
|-supereffective|p2a: Masquerain
|-damage|p2a: Masquerain|0 fnt
|faint|p2a: Masquerain
|
|t:|1758244377
|switch|p1a: valerie|Oricorio, F, shiny|100/100|[from] Volt Switch
|
|upkeep
|
|t:|1758244379
|switch|p2a: Smeargle|Smeargle, M|100/100
|turn|5
|
|t:|1758244385
|move|p1a: valerie|Defog|p2a: Smeargle
|-unboost|p2a: Smeargle|evasion|1
|-sideend|p1: PossiblyJay|Sticky Web|[from] move: Defog|[of] p1a: valerie
|move|p2a: Smeargle|Trick Room|p2a: Smeargle
|-fieldstart|move: Trick Room|[of] p2a: Smeargle
|
|upkeep
|turn|6
|
|t:|1758244391
|switch|p1a: rockelle|Garganacl, F, shiny|100/100
|move|p2a: Smeargle|Taunt|p1a: rockelle
|-start|p1a: rockelle|move: Taunt
|
|upkeep
|turn|7
|-message|capitolg forfeited.
|
|win|PossiblyJay
|raw|PossiblyJay's rating: 1199 &rarr; <strong>1222</strong><br />(+23 for winning)
|raw|capitolg's rating: 1166 &rarr; <strong>1143</strong><br />(-23 for losing)
|l|☆capitolg
|player|p2|
|l|☆PossiblyJay
|player|p1|
