|j|☆Monsieur Calixto
|j|☆AbrahamCA
|t:|1758317708
|gametype|singles
|player|p1|Monsieur Calixto|gentleman-gen4|1194
|player|p2|AbrahamCA|266|1237
|gen|9
|tier|[Gen 9] OU
|rated|
|rule|HP Percentage Mod: HP is shown in percentages
|rule|Endless Battle Clause: Forcing endless battles is banned
|rule|Species Clause: Limit one of each Pokémon
|rule|OHKO Clause: OHKO moves are banned
|rule|Evasion Items Clause: Evasion items are banned
|rule|Evasion Moves Clause: Evasion moves are banned
|rule|Evasion Abilities Clause: Evasion abilities are banned
|rule|Sleep Moves Clause: Sleep-inducing moves are banned
|clearpoke
|poke|p1|Goodra-Hisui, F|
|poke|p1|Rampardos, M|
|poke|p1|Slither Wing|
|poke|p1|Mamoswine, M|
|poke|p1|Espeon, F|
|poke|p1|Blastoise, M|
|poke|p2|Glimmora, F|
|poke|p2|Cinderace, M|
|poke|p2|Kingambit, M|
|poke|p2|Corviknight, M|
|poke|p2|Slowking-Galar, F|
|poke|p2|Kyurem|
|teampreview
|
|t:|1758317719
|teamsize|p1|6
|teamsize|p2|6
|start
|switch|p1a: Buri|Mamoswine, M|100/100
|switch|p2a: Cinderace|Cinderace, M|100/100
|turn|1
|
|t:|1758317741
|move|p2a: Cinderace|U-turn|p1a: Buri
|-start|p2a: Cinderace|typechange|Bug|[from] ability: Libero
|-crit|p1a: Buri
|-damage|p1a: Buri|17/100
|
|t:|1758317747
|switch|p2a: Glimmora|Glimmora, F, shiny|100/100|[from] U-turn
|move|p1a: Buri|Earthquake|p2a: Glimmora
|-supereffective|p2a: Glimmora
|-enditem|p2a: Glimmora|Focus Sash
|-damage|p2a: Glimmora|1/100
|-activate|p2a: Glimmora|ability: Toxic Debris
|-sidestart|p1: Monsieur Calixto|move: Toxic Spikes
|
|upkeep
|turn|2
|
|t:|1758317758
|move|p1a: Buri|Ice Shard|p2a: Glimmora
|-damage|p2a: Glimmora|0 fnt
|-activate|p2a: Glimmora|ability: Toxic Debris
|-sidestart|p1: Monsieur Calixto|move: Toxic Spikes
|faint|p2a: Glimmora
|
|upkeep
|
|t:|1758317762
|switch|p2a: Cinderace|Cinderace, M|100/100
|turn|3
|
|t:|1758317767
|move|p1a: Buri|Ice Shard|p2a: Cinderace
|-resisted|p2a: Cinderace
|-damage|p2a: Cinderace|83/100
|move|p2a: Cinderace|U-turn|p1a: Buri
|-start|p2a: Cinderace|typechange|Bug|[from] ability: Libero
|-damage|p1a: Buri|0 fnt
|faint|p1a: Buri
|
|t:|1758317774
|switch|p2a: Corviknight|Corviknight, M, shiny|100/100|[from] U-turn
|
|upkeep
|
|t:|1758317779
|switch|p1a: Baylene|Goodra-Hisui, F|100/100
|turn|4
|
|t:|1758317783
|move|p2a: Corviknight|Body Press|p1a: Baylene
|-supereffective|p1a: Baylene
|-damage|p1a: Baylene|47/100
|-ability|p1a: Baylene|Gooey
|-ability|p2a: Corviknight|Mirror Armor
|-unboost|p1a: Baylene|spe|1
|-enditem|p1a: Baylene|Sitrus Berry|[eat]
|-heal|p1a: Baylene|72/100|[from] item: Sitrus Berry
|move|p1a: Baylene|Fire Blast|p2a: Corviknight
|-supereffective|p2a: Corviknight
|-damage|p2a: Corviknight|21/100
|-status|p2a: Corviknight|brn
|
|-damage|p2a: Corviknight|15/100 brn|[from] brn
|upkeep
|turn|5
|
|t:|1758317801
|move|p2a: Corviknight|Body Press|p1a: Baylene
|-supereffective|p1a: Baylene
|-damage|p1a: Baylene|46/100
|-ability|p1a: Baylene|Gooey
|-ability|p2a: Corviknight|Mirror Armor
|-unboost|p1a: Baylene|spe|1
|move|p1a: Baylene|Thunderbolt|p2a: Corviknight
|-supereffective|p2a: Corviknight
|-damage|p2a: Corviknight|0 fnt
|faint|p2a: Corviknight
|
|upkeep
|
|t:|1758317809
|switch|p2a: Kingambit|Kingambit, M, shiny|100/100
|-activate|p2a: Kingambit|ability: Supreme Overlord
|-start|p2a: Kingambit|fallen2|[silent]
|turn|6
|
|t:|1758317816
|move|p2a: Kingambit|Low Kick|p1a: Baylene
|-supereffective|p1a: Baylene
|-damage|p1a: Baylene|0 fnt
|-ability|p1a: Baylene|Gooey
|-unboost|p2a: Kingambit|spe|1
|faint|p1a: Baylene
|
|upkeep
|
|t:|1758317824
|switch|p1a: Rambi|Rampardos, M|100/100
|-status|p1a: Rambi|tox
|turn|7
|
|t:|1758317838
|-terastallize|p2a: Kingambit|Flying
|move|p1a: Rambi|Fire Punch|p2a: Kingambit
|-damage|p2a: Kingambit|62/100
|move|p2a: Kingambit|Low Kick|p1a: Rambi
|-supereffective|p1a: Rambi
|-damage|p1a: Rambi|0 fnt
|faint|p1a: Rambi
|
|upkeep
|
|t:|1758317858
|switch|p1a: Bankivoide|Slither Wing|100/100
|-status|p1a: Bankivoide|tox
|-enditem|p1a: Bankivoide|Booster Energy
|-activate|p1a: Bankivoide|ability: Protosynthesis|[fromitem]
|-start|p1a: Bankivoide|protosynthesisatk
|turn|8
|
|t:|1758317881
|move|p1a: Bankivoide|Flame Charge|p2a: Kingambit
|-damage|p2a: Kingambit|45/100
|-boost|p1a: Bankivoide|spe|1
|move|p2a: Kingambit|Kowtow Cleave|p1a: Bankivoide
|-resisted|p1a: Bankivoide
|-damage|p1a: Bankivoide|59/100 tox
|
|-damage|p1a: Bankivoide|53/100 tox|[from] psn
|upkeep
|turn|9
|
|t:|1758317893
|move|p1a: Bankivoide|Acrobatics|p2a: Kingambit
|-damage|p2a: Kingambit|8/100
|move|p2a: Kingambit|Iron Head|p1a: Bankivoide
|-damage|p1a: Bankivoide|0 fnt
|faint|p1a: Bankivoide
|-end|p1a: Bankivoide|Protosynthesis|[silent]
|
|upkeep
|
|t:|1758317900
|switch|p1a: Hera|Espeon, F|100/100
|-status|p1a: Hera|tox
|turn|10
|
|t:|1758317906
|-terastallize|p1a: Hera|Fairy
|move|p2a: Kingambit|Sucker Punch|p1a: Hera
|-resisted|p1a: Hera
|-damage|p1a: Hera|57/100 tox
|move|p1a: Hera|Alluring Voice|p2a: Kingambit
|-damage|p2a: Kingambit|0 fnt
|faint|p2a: Kingambit
|-end|p2a: Kingambit|fallen2|[silent]
|-enditem|p1a: Hera|Throat Spray
|-boost|p1a: Hera|spa|1|[from] item: Throat Spray
|
|-damage|p1a: Hera|51/100 tox|[from] psn
|upkeep
|
|t:|1758317916
|switch|p2a: Cinderace|Cinderace, M|83/100
|turn|11
|
|t:|1758317921
|move|p2a: Cinderace|U-turn|p1a: Hera
|-start|p2a: Cinderace|typechange|Bug|[from] ability: Libero
|-resisted|p1a: Hera
|-crit|p1a: Hera
|-damage|p1a: Hera|0 fnt
|faint|p1a: Hera
|
|t:|1758317929
|switch|p2a: Slowking|Slowking-Galar, F|100/100|[from] U-turn
|
|upkeep
|-message|Monsieur Calixto forfeited.
|
|win|AbrahamCA
|raw|Monsieur Calixto's rating: 1194 &rarr; <strong>1172</strong><br />(-22 for losing)
|raw|AbrahamCA's rating: 1237 &rarr; <strong>1259</strong><br />(+22 for winning)
|l|☆Monsieur Calixto
|player|p1|
|l|☆AbrahamCA
|player|p2|
