|j|☆lorped
|j|☆codemelo
|t:|1758298575
|gametype|singles
|player|p1|lorped|170|1144
|player|p2|codemelo|falkner|1136
|gen|9
|tier|[Gen 9] OU
|rated|
|rule|HP Percentage Mod: HP is shown in percentages
|rule|Endless Battle Clause: Forcing endless battles is banned
|rule|Species Clause: Limit one of each Pokémon
|rule|OHKO Clause: OHKO moves are banned
|rule|Evasion Items Clause: Evasion items are banned
|rule|Evasion Moves Clause: Evasion moves are banned
|rule|Evasion Abilities Clause: Evasion abilities are banned
|rule|Sleep Moves Clause: Sleep-inducing moves are banned
|clearpoke
|poke|p1|Leavanny, M|
|poke|p1|Ceruledge, F|
|poke|p1|Iron Hands|
|poke|p1|Sinistcha|
|poke|p1|Altaria, M|
|poke|p1|Mamoswine, M|
|poke|p2|Great Tusk|
|poke|p2|Iron Valiant|
|poke|p2|Dragonite, F|
|poke|p2|Kingambit, F|
|poke|p2|Rotom-Wash|
|poke|p2|Gholdengo|
|teampreview
|inactive|Battle timer is ON: inactive players will automatically lose when time's up. (requested by codemelo)
|
|t:|1758298595
|teamsize|p1|6
|teamsize|p2|6
|start
|switch|p1a: Leavanny|Leavanny, M|100/100
|switch|p2a: Great Tusk|Great Tusk|100/100
|turn|1
|
|t:|1758298606
|move|p1a: Leavanny|Leaf Blade|p2a: Great Tusk
|-supereffective|p2a: Great Tusk
|-damage|p2a: Great Tusk|64/100
|move|p2a: Great Tusk|Stealth Rock|p1a: Leavanny
|-sidestart|p1: lorped|move: Stealth Rock
|
|-heal|p2a: Great Tusk|70/100|[from] item: Leftovers
|upkeep
|turn|2
|
|t:|1758298614
|-end|p2a: Great Tusk|Protosynthesis|[silent]
|switch|p2a: Dragonite|Dragonite, F|100/100
|move|p1a: Leavanny|Leaf Blade|p2a: Dragonite
|-resisted|p2a: Dragonite
|-damage|p2a: Dragonite|95/100
|
|upkeep
|turn|3
|
|t:|1758298633
|switch|p1a: Mamoswine|Mamoswine, M|100/100
|-damage|p1a: Mamoswine|88/100|[from] Stealth Rock
|move|p2a: Dragonite|Dragon Dance|p2a: Dragonite
|-boost|p2a: Dragonite|atk|1
|-boost|p2a: Dragonite|spe|1
|
|upkeep
|turn|4
|
|t:|1758298644
|-terastallize|p1a: Mamoswine|Steel
|move|p2a: Dragonite|Fire Punch|p1a: Mamoswine
|-supereffective|p1a: Mamoswine
|-damage|p1a: Mamoswine|40/100
|move|p1a: Mamoswine|Icicle Crash|p2a: Dragonite|[miss]
|-miss|p1a: Mamoswine|p2a: Dragonite
|
|upkeep
|turn|5
|
|t:|1758298655
|move|p2a: Dragonite|Fire Punch|p1a: Mamoswine
|-supereffective|p1a: Mamoswine
|-crit|p1a: Mamoswine
|-damage|p1a: Mamoswine|0 fnt
|faint|p1a: Mamoswine
|
|upkeep
|
|t:|1758298662
|switch|p1a: Iron Hands|Iron Hands|100/100
|-damage|p1a: Iron Hands|94/100|[from] Stealth Rock
|-enditem|p1a: Iron Hands|Booster Energy
|-activate|p1a: Iron Hands|ability: Quark Drive|[fromitem]
|-start|p1a: Iron Hands|quarkdriveatk
|turn|6
|
|t:|1758298681
|-terastallize|p2a: Dragonite|Normal
|move|p1a: Iron Hands|Fake Out|p2a: Dragonite
|-damage|p2a: Dragonite|73/100
|cant|p2a: Dragonite|flinch
|
|upkeep
|turn|7
|
|t:|1758298688
|move|p2a: Dragonite|Earthquake|p1a: Iron Hands
|-supereffective|p1a: Iron Hands
|-damage|p1a: Iron Hands|21/100
|move|p1a: Iron Hands|Drain Punch|p2a: Dragonite
|-supereffective|p2a: Dragonite
|-damage|p2a: Dragonite|0 fnt
|-heal|p1a: Iron Hands|44/100|[from] drain|[of] p2a: Dragonite
|faint|p2a: Dragonite
|
|upkeep
|
|t:|1758298702
|switch|p2a: Great Tusk|Great Tusk|70/100
|turn|8
|
|t:|1758298706
|-end|p1a: Iron Hands|Quark Drive|[silent]
|switch|p1a: Altaria|Altaria, M|100/100
|-damage|p1a: Altaria|76/100|[from] Stealth Rock
|-ability|p1a: Altaria|Cloud Nine
|move|p2a: Great Tusk|Earthquake|p1a: Altaria
|-immune|p1a: Altaria
|
|-heal|p2a: Great Tusk|77/100|[from] item: Leftovers
|upkeep
|turn|9
|
|t:|1758298716
|move|p1a: Altaria|Dragon Dance|p1a: Altaria
|-boost|p1a: Altaria|atk|1
|-boost|p1a: Altaria|spe|1
|move|p2a: Great Tusk|Knock Off|p1a: Altaria
|-damage|p1a: Altaria|41/100
|-enditem|p1a: Altaria|Weakness Policy|[from] move: Knock Off|[of] p2a: Great Tusk
|
|-heal|p2a: Great Tusk|83/100|[from] item: Leftovers
|upkeep
|turn|10
|
|t:|1758298725
|move|p1a: Altaria|Dragon Dance|p1a: Altaria
|-boost|p1a: Altaria|atk|1
|-boost|p1a: Altaria|spe|1
|move|p2a: Great Tusk|Knock Off|p1a: Altaria
|-damage|p1a: Altaria|15/100
|
|-heal|p2a: Great Tusk|89/100|[from] item: Leftovers
|upkeep
|turn|11
|
|t:|1758298733
|move|p1a: Altaria|Acrobatics|p2a: Great Tusk
|-supereffective|p2a: Great Tusk
|-crit|p2a: Great Tusk
|-damage|p2a: Great Tusk|0 fnt
|faint|p2a: Great Tusk
|-end|p2a: Great Tusk|Protosynthesis|[silent]
|
|upkeep
|
|t:|1758298739
|switch|p2a: Iron Valiant|Iron Valiant|100/100
|turn|12
|
|t:|1758298742
|move|p2a: Iron Valiant|Moonblast|p1a: Altaria
|-supereffective|p1a: Altaria
|-damage|p1a: Altaria|0 fnt
|faint|p1a: Altaria
|
|upkeep
|
|t:|1758298762
|switch|p1a: Leavanny|Leavanny, M|100/100
|-damage|p1a: Leavanny|76/100|[from] Stealth Rock
|turn|13
|
|t:|1758298775
|move|p2a: Iron Valiant|Moonblast|p1a: Leavanny
|-damage|p1a: Leavanny|7/100
|move|p1a: Leavanny|Switcheroo|p2a: Iron Valiant
|-activate|p1a: Leavanny|move: Trick|[of] p2a: Iron Valiant
|-item|p2a: Iron Valiant|Choice Scarf|[from] move: Switcheroo
|-item|p1a: Leavanny|Choice Scarf|[from] move: Switcheroo
|
|upkeep
|turn|14
|
|t:|1758298786
|move|p2a: Iron Valiant|Moonblast|p1a: Leavanny
|-damage|p1a: Leavanny|0 fnt
|faint|p1a: Leavanny
|
|upkeep
|
|t:|1758298793
|switch|p1a: Ceruledge|Ceruledge, F|100/100
|-damage|p1a: Ceruledge|76/100|[from] Stealth Rock
|-item|p1a: Ceruledge|Air Balloon
|turn|15
|c|☆codemelo|I already have the choice scarf
|
|t:|1758298805
|move|p2a: Iron Valiant|Moonblast|p1a: Ceruledge
|-resisted|p1a: Ceruledge
|-damage|p1a: Ceruledge|49/100
|-unboost|p1a: Ceruledge|spa|1
|-enditem|p1a: Ceruledge|Air Balloon
|move|p1a: Ceruledge|Swords Dance|p1a: Ceruledge
|-boost|p1a: Ceruledge|atk|2
|
|upkeep
|turn|16
|
|t:|1758298814
|-end|p2a: Iron Valiant|Quark Drive|[silent]
|switch|p2a: Gholdengo|Gholdengo|100/100
|move|p1a: Ceruledge|Bitter Blade|p2a: Gholdengo
|-supereffective|p2a: Gholdengo
|-damage|p2a: Gholdengo|0 fnt
|-heal|p1a: Ceruledge|100/100|[from] drain|[of] p2a: Gholdengo
|faint|p2a: Gholdengo
|
|upkeep
|
|t:|1758298829
|switch|p2a: Iron Valiant|Iron Valiant|100/100
|turn|17
|
|t:|1758298838
|move|p2a: Iron Valiant|Thunderbolt|p1a: Ceruledge
|-damage|p1a: Ceruledge|63/100
|move|p1a: Ceruledge|Bitter Blade|p2a: Iron Valiant
|-damage|p2a: Iron Valiant|0 fnt
|-heal|p1a: Ceruledge|100/100|[from] drain|[of] p2a: Iron Valiant
|faint|p2a: Iron Valiant
|-end|p2a: Iron Valiant|Quark Drive|[silent]
|
|upkeep
|
|t:|1758298846
|switch|p2a: Kingambit|Kingambit, F|100/100
|-activate|p2a: Kingambit|ability: Supreme Overlord
|-start|p2a: Kingambit|fallen4|[silent]
|turn|18
|
|t:|1758298851
|move|p2a: Kingambit|Sucker Punch||[still]
|-fail|p2a: Kingambit
|move|p1a: Ceruledge|Will-O-Wisp|p2a: Kingambit
|-status|p2a: Kingambit|brn
|
|-damage|p2a: Kingambit|94/100 brn|[from] brn
|upkeep
|turn|19
|
|t:|1758298859
|move|p2a: Kingambit|Sucker Punch|p1a: Ceruledge
|-supereffective|p1a: Ceruledge
|-damage|p1a: Ceruledge|5/100
|move|p1a: Ceruledge|Bitter Blade|p2a: Kingambit
|-supereffective|p2a: Kingambit
|-damage|p2a: Kingambit|0 fnt
|-heal|p1a: Ceruledge|71/100|[from] drain|[of] p2a: Kingambit
|faint|p2a: Kingambit
|-end|p2a: Kingambit|fallen4|[silent]
|
|upkeep
|c|☆codemelo|gg
|-message|codemelo forfeited.
|
|win|lorped
|raw|lorped's rating: 1144 &rarr; <strong>1168</strong><br />(+24 for winning)
|raw|codemelo's rating: 1136 &rarr; <strong>1112</strong><br />(-24 for losing)
|l|☆codemelo
|player|p2|
|l|☆lorped
|player|p1|
