|j|☆hey_rain_maker
|j|☆10thPlanett
|t:|1758289859
|gametype|singles
|player|p1|hey_rain_maker|caitlin|1589
|player|p2|10thPlanett|alder|1773
|gen|9
|tier|[Gen 9] OU
|rated|
|rule|HP Percentage Mod: HP is shown in percentages
|rule|Endless Battle Clause: Forcing endless battles is banned
|rule|Species Clause: Limit one of each Pokémon
|rule|OHKO Clause: OHKO moves are banned
|rule|Evasion Items Clause: Evasion items are banned
|rule|Evasion Moves Clause: Evasion moves are banned
|rule|Evasion Abilities Clause: Evasion abilities are banned
|rule|Sleep Moves Clause: Sleep-inducing moves are banned
|clearpoke
|poke|p1|Samurott-Hisui, M|
|poke|p1|Darkrai|
|poke|p1|Gliscor, F|
|poke|p1|Cinderace, F|
|poke|p1|Raging Bolt|
|poke|p1|Ogerpon-Wellspring, F|
|poke|p2|Dragonite, F|
|poke|p2|Zamazenta-*|
|poke|p2|Araquanid, F|
|poke|p2|Iron Treads|
|poke|p2|Zapdos|
|poke|p2|Glimmora, M|
|teampreview
|inactive|Battle timer is ON: inactive players will automatically lose when time's up. (requested by hey_rain_maker)
|
|t:|1758289864
|teamsize|p1|6
|teamsize|p2|6
|start
|switch|p1a: Darkrai|Darkrai|100/100
|switch|p2a: Glimmora|Glimmora, M|100/100
|turn|1
|
|t:|1758289880
|switch|p2a: Araquanid|Araquanid, F, shiny|100/100
|move|p1a: Darkrai|Dark Pulse|p2a: Araquanid
|-damage|p2a: Araquanid|47/100
|
|upkeep
|turn|2
|
|t:|1758289889
|move|p2a: Araquanid|Endure|p2a: Araquanid
|-singleturn|p2a: Araquanid|move: Endure
|move|p1a: Darkrai|Dark Pulse|p2a: Araquanid
|-activate|p2a: Araquanid|move: Endure
|-damage|p2a: Araquanid|1/100
|
|upkeep
|turn|3
|-enditem|p2a: Araquanid|Custap Berry|[eat]
|-activate|p2a: Araquanid|item: Custap Berry|[consumed]
|
|t:|1758289900
|move|p2a: Araquanid|Endeavor|p1a: Darkrai
|-damage|p1a: Darkrai|1/100
|move|p1a: Darkrai|Dark Pulse|p2a: Araquanid
|-damage|p2a: Araquanid|0 fnt
|faint|p2a: Araquanid
|
|upkeep
|inactive|10thPlanett has 120 seconds left.
|
|t:|1758289932
|switch|p2a: Dragonite|Dragonite, F, shiny|100/100
|turn|4
|inactive|10thPlanett has 120 seconds left.
|
|t:|1758289938
|switch|p1a: Gliscor|Gliscor, F|100/100
|move|p2a: Dragonite|Extreme Speed|p1a: Gliscor
|-damage|p1a: Gliscor|74/100
|
|-status|p1a: Gliscor|tox|[from] item: Toxic Orb
|upkeep
|turn|5
|inactive|10thPlanett has 120 seconds left.
|
|t:|1758289965
|-terastallize|p2a: Dragonite|Normal
|move|p2a: Dragonite|Extreme Speed|p1a: Gliscor
|-damage|p1a: Gliscor|32/100 tox
|move|p1a: Gliscor|Toxic|p2a: Dragonite|[miss]
|-miss|p1a: Gliscor|p2a: Dragonite
|
|-heal|p1a: Gliscor|44/100 tox|[from] ability: Poison Heal
|upkeep
|turn|6
|j| Nikator98
|
|t:|1758289976
|switch|p2a: Iron Treads|Iron Treads|100/100
|-enditem|p2a: Iron Treads|Booster Energy
|-activate|p2a: Iron Treads|ability: Quark Drive|[fromitem]
|-start|p2a: Iron Treads|quarkdrivespe
|move|p1a: Gliscor|Toxic|p2a: Iron Treads
|-immune|p2a: Iron Treads
|
|-heal|p1a: Gliscor|57/100 tox|[from] ability: Poison Heal
|upkeep
|turn|7
|l| Nikator98
|
|t:|1758289986
|switch|p1a: Ogerpon|Ogerpon-Wellspring, F|100/100
|move|p2a: Iron Treads|Ice Spinner|p1a: Ogerpon
|-damage|p1a: Ogerpon|73/100
|
|upkeep
|turn|8
|
|t:|1758290005
|-end|p2a: Iron Treads|Quark Drive|[silent]
|switch|p2a: Dragonite|Dragonite, F, shiny, tera:Normal|100/100
|move|p1a: Ogerpon|Ivy Cudgel|p2a: Dragonite|[anim] Ivy Cudgel Water
|-crit|p2a: Dragonite
|-damage|p2a: Dragonite|65/100
|
|upkeep
|turn|9
|l|☆hey_rain_maker
|inactive|hey_rain_maker disconnected and has a minute to reconnect!
|player|p1|
|j|☆hey_rain_maker
|inactive|hey_rain_maker reconnected and has 135 seconds left.
|player|p1|hey_rain_maker|caitlin|
|
|t:|1758290023
|switch|p1a: Darkrai|Darkrai|1/100
|move|p2a: Dragonite|Extreme Speed|p1a: Darkrai
|-damage|p1a: Darkrai|0 fnt
|faint|p1a: Darkrai
|
|upkeep
|
|t:|1758290028
|switch|p1a: Gliscor|Gliscor, F|57/100 tox
|turn|10
|
|t:|1758290035
|move|p2a: Dragonite|Extreme Speed|p1a: Gliscor
|-damage|p1a: Gliscor|14/100 tox
|move|p1a: Gliscor|Knock Off|p2a: Dragonite
|-damage|p2a: Dragonite|45/100
|-enditem|p2a: Dragonite|Choice Band|[from] move: Knock Off|[of] p1a: Gliscor
|
|-heal|p1a: Gliscor|27/100 tox|[from] ability: Poison Heal
|upkeep
|turn|11
|inactive|10thPlanett has 120 seconds left.
|
|t:|1758290046
|move|p1a: Gliscor|Toxic|p2a: Dragonite
|-status|p2a: Dragonite|tox
|move|p2a: Dragonite|Outrage|p1a: Gliscor
|-damage|p1a: Gliscor|0 fnt
|faint|p1a: Gliscor
|
|-damage|p2a: Dragonite|39/100 tox|[from] psn
|upkeep
|
|t:|1758290052
|switch|p1a: Samurott|Samurott-Hisui, M|100/100
|turn|12
|
|t:|1758290058
|move|p1a: Samurott|Ceaseless Edge|p2a: Dragonite
|-crit|p2a: Dragonite
|-damage|p2a: Dragonite|0 fnt
|-sidestart|p2: 10thPlanett|Spikes
|faint|p2a: Dragonite
|
|upkeep
|inactive|10thPlanett has 120 seconds left.
|
|t:|1758290072
|switch|p2a: Zapdos|Zapdos|100/100
|turn|13
|
|t:|1758290075
|move|p2a: Zapdos|Thunderbolt|p1a: Samurott
|-supereffective|p1a: Samurott
|-damage|p1a: Samurott|50/100
|move|p1a: Samurott|Ceaseless Edge|p2a: Zapdos
|-damage|p2a: Zapdos|75/100
|-sidestart|p2: 10thPlanett|Spikes
|
|upkeep
|turn|14
|
|t:|1758290083
|move|p2a: Zapdos|Thunderbolt|p1a: Samurott
|-supereffective|p1a: Samurott
|-damage|p1a: Samurott|3/100
|move|p1a: Samurott|Ceaseless Edge|p2a: Zapdos
|-damage|p2a: Zapdos|47/100
|-status|p1a: Samurott|par|[from] ability: Static|[of] p2a: Zapdos
|-sidestart|p2: 10thPlanett|Spikes
|
|upkeep
|turn|15
|
|t:|1758290092
|move|p2a: Zapdos|Roost|p2a: Zapdos
|-heal|p2a: Zapdos|97/100
|-singleturn|p2a: Zapdos|move: Roost
|cant|p1a: Samurott|par
|
|upkeep
|turn|16
|
|t:|1758290098
|move|p1a: Samurott|Sucker Punch|p2a: Zapdos
|-damage|p2a: Zapdos|75/100
|move|p2a: Zapdos|Thunderbolt|p1a: Samurott
|-supereffective|p1a: Samurott
|-damage|p1a: Samurott|0 fnt
|faint|p1a: Samurott
|
|upkeep
|
|t:|1758290100
|switch|p1a: Raging Bolt|Raging Bolt|100/100
|turn|17
|
|t:|1758290109
|switch|p2a: Iron Treads|Iron Treads|100/100
|-damage|p2a: Iron Treads|76/100|[from] Spikes
|move|p1a: Raging Bolt|Dragon Tail|p2a: Iron Treads
|-resisted|p2a: Iron Treads
|-damage|p2a: Iron Treads|69/100
|-end|p2a: Iron Treads|Quark Drive|[silent]
|drag|p2a: Zamazenta|Zamazenta|100/100
|-damage|p2a: Zamazenta|76/100|[from] Spikes
|-ability|p2a: Zamazenta|Dauntless Shield|boost
|-boost|p2a: Zamazenta|def|1
|
|upkeep
|turn|18
|
|t:|1758290121
|move|p2a: Zamazenta|Close Combat|p1a: Raging Bolt
|-damage|p1a: Raging Bolt|55/100
|-unboost|p2a: Zamazenta|def|1
|-unboost|p2a: Zamazenta|spd|1
|move|p1a: Raging Bolt|Thunderbolt|p2a: Zamazenta
|-damage|p2a: Zamazenta|22/100
|
|upkeep
|turn|19
|
|t:|1758290129
|move|p2a: Zamazenta|Close Combat|p1a: Raging Bolt
|-damage|p1a: Raging Bolt|3/100
|-unboost|p2a: Zamazenta|def|1
|-unboost|p2a: Zamazenta|spd|1
|move|p1a: Raging Bolt|Dragon Tail|p2a: Zamazenta
|-damage|p2a: Zamazenta|3/100
|drag|p2a: Glimmora|Glimmora, M|100/100
|-damage|p2a: Glimmora|76/100|[from] Spikes
|
|upkeep
|turn|20
|
|t:|1758290142
|move|p2a: Glimmora|Power Gem|p1a: Raging Bolt
|-damage|p1a: Raging Bolt|0 fnt
|faint|p1a: Raging Bolt
|-end|p1a: Raging Bolt|Protosynthesis|[silent]
|
|upkeep
|
|t:|1758290145
|switch|p1a: Ogerpon|Ogerpon-Wellspring, F|73/100
|turn|21
|
|t:|1758290158
|switch|p2a: Zapdos|Zapdos|75/100
|-terastallize|p1a: Ogerpon|Water
|detailschange|p1a: Ogerpon|Ogerpon-Wellspring-Tera, F, tera:Water
|-ability|p1a: Ogerpon|Embody Aspect (Wellspring)|boost
|-boost|p1a: Ogerpon|spd|1
|move|p1a: Ogerpon|Substitute|p1a: Ogerpon
|-start|p1a: Ogerpon|Substitute
|-damage|p1a: Ogerpon|48/100
|
|upkeep
|turn|22
|
|t:|1758290168
|move|p1a: Ogerpon|Ivy Cudgel|p2a: Zapdos|[anim] Ivy Cudgel Water
|-crit|p2a: Zapdos
|-damage|p2a: Zapdos|9/100
|move|p2a: Zapdos|Thunderbolt|p1a: Ogerpon
|-supereffective|p1a: Ogerpon
|-crit|p1a: Ogerpon
|-end|p1a: Ogerpon|Substitute
|
|upkeep
|turn|23
|l|☆hey_rain_maker
|inactive|hey_rain_maker disconnected and has a minute to reconnect!
|player|p1|
|j|☆hey_rain_maker
|inactive|hey_rain_maker reconnected and has 120 seconds left.
|player|p1|hey_rain_maker|caitlin|
|
|t:|1758290204
|move|p1a: Ogerpon|Ivy Cudgel|p2a: Zapdos|[anim] Ivy Cudgel Water
|-damage|p2a: Zapdos|0 fnt
|faint|p2a: Zapdos
|
|upkeep
|
|t:|1758290214
|switch|p2a: Glimmora|Glimmora, M|76/100
|-damage|p2a: Glimmora|51/100|[from] Spikes
|turn|24
|
|t:|1758290218
|move|p2a: Glimmora|Sludge Wave|p1a: Ogerpon
|-damage|p1a: Ogerpon|16/100
|move|p1a: Ogerpon|Horn Leech|p2a: Glimmora
|-damage|p2a: Glimmora|11/100
|-heal|p1a: Ogerpon|33/100|[from] drain|[of] p2a: Glimmora
|-activate|p2a: Glimmora|ability: Toxic Debris
|-sidestart|p1: hey_rain_maker|move: Toxic Spikes
|
|upkeep
|turn|25
|
|t:|1758290233
|move|p2a: Glimmora|Sludge Wave|p1a: Ogerpon
|-crit|p1a: Ogerpon
|-damage|p1a: Ogerpon|0 fnt
|faint|p1a: Ogerpon
|detailschange|p1: Ogerpon|Ogerpon-Wellspring, F|[silent]
|
|upkeep
|
|t:|1758290235
|switch|p1a: Cinderace|Cinderace, F|100/100
|turn|26
|-message|hey_rain_maker forfeited.
|
|win|10thPlanett
|raw|hey_rain_maker's rating: 1589 &rarr; <strong>1579</strong><br />(-10 for losing)
|raw|10thPlanett's rating: 1773 &rarr; <strong>1783</strong><br />(+10 for winning)
|l|☆hey_rain_maker
|player|p1|
|l|☆10thPlanett
|player|p2|
