|j|☆pokelamic
|j|☆redmilk
|t:|1758293311
|gametype|singles
|player|p1|pokelamic|102|1138
|player|p2|redmilk|rosa-masters3|1211
|gen|9
|tier|[Gen 9] OU
|rated|
|rule|HP Percentage Mod: HP is shown in percentages
|rule|Endless Battle Clause: Forcing endless battles is banned
|rule|Species Clause: Limit one of each Pokémon
|rule|OHKO Clause: OHKO moves are banned
|rule|Evasion Items Clause: Evasion items are banned
|rule|Evasion Moves Clause: Evasion moves are banned
|rule|Evasion Abilities Clause: Evasion abilities are banned
|rule|Sleep Moves Clause: Sleep-inducing moves are banned
|clearpoke
|poke|p1|Dragonite, F|
|poke|p1|Lurantis, F|
|poke|p1|Squawkabilly-White, F|
|poke|p1|Arboliva, F|
|poke|p1|Toxapex, F|
|poke|p1|Kingambit, F|
|poke|p2|Moltres|
|poke|p2|Weavile, M|
|poke|p2|Iron Treads|
|poke|p2|Iron Crown|
|poke|p2|Samurott-Hisui, F|
|poke|p2|Kommo-o, F|
|teampreview
|inactive|Battle timer is ON: inactive players will automatically lose when time's up. (requested by pokelamic)
|
|t:|1758293338
|teamsize|p1|6
|teamsize|p2|6
|start
|switch|p1a: Dragonite|Dragonite, F|100/100
|switch|p2a: Weavile|Weavile, M|100/100
|-ability|p2a: Weavile|Pressure
|turn|1
|inactiveoff|Battle timer is now OFF.
|
|t:|1758293349
|-terastallize|p1a: Dragonite|Fairy
|move|p2a: Weavile|Swords Dance|p2a: Weavile
|-boost|p2a: Weavile|atk|2
|move|p1a: Dragonite|Dragon Dance|p1a: Dragonite
|-boost|p1a: Dragonite|atk|1
|-boost|p1a: Dragonite|spe|1
|
|upkeep
|turn|2
|
|t:|1758293357
|-terastallize|p2a: Weavile|Ghost
|move|p1a: Dragonite|Encore|p2a: Weavile
|-start|p2a: Weavile|Encore
|move|p2a: Weavile|Swords Dance|p2a: Weavile
|-boost|p2a: Weavile|atk|2
|
|upkeep
|turn|3
|
|t:|1758293364
|switch|p2a: Moltres|Moltres|100/100
|move|p1a: Dragonite|Dragon Dance|p1a: Dragonite
|-boost|p1a: Dragonite|atk|1
|-boost|p1a: Dragonite|spe|1
|
|upkeep
|turn|4
|
|t:|1758293369
|move|p1a: Dragonite|Dragon Claw|p2a: Moltres
|-damage|p2a: Moltres|29/100
|-status|p1a: Dragonite|brn|[from] ability: Flame Body|[of] p2a: Moltres
|move|p2a: Moltres|Will-O-Wisp|p1a: Dragonite
|-fail|p1a: Dragonite|brn
|
|-damage|p1a: Dragonite|94/100 brn|[from] brn
|upkeep
|turn|5
|
|t:|1758293379
|move|p1a: Dragonite|Dragon Claw|p2a: Moltres
|-damage|p2a: Moltres|0 fnt
|faint|p2a: Moltres
|
|-heal|p1a: Dragonite|100/100 brn|[from] item: Leftovers
|-damage|p1a: Dragonite|94/100 brn|[from] brn
|upkeep
|
|t:|1758293392
|switch|p2a: Iron Crown|Iron Crown|100/100
|turn|6
|
|t:|1758293397
|move|p1a: Dragonite|Dragon Claw|p2a: Iron Crown
|-resisted|p2a: Iron Crown
|-damage|p2a: Iron Crown|81/100
|move|p2a: Iron Crown|Tachyon Cutter|p1a: Dragonite
|-supereffective|p1a: Dragonite
|-damage|p1a: Dragonite|53/100 brn
|-supereffective|p1a: Dragonite
|-damage|p1a: Dragonite|9/100 brn
|-hitcount|p1a: Dragonite|2
|
|-heal|p1a: Dragonite|15/100 brn|[from] item: Leftovers
|-damage|p1a: Dragonite|9/100 brn|[from] brn
|upkeep
|turn|7
|
|t:|1758293411
|move|p1a: Dragonite|Extreme Speed|p2a: Iron Crown
|-resisted|p2a: Iron Crown
|-damage|p2a: Iron Crown|69/100
|move|p2a: Iron Crown|Focus Blast|p1a: Dragonite
|-resisted|p1a: Dragonite
|-damage|p1a: Dragonite|0 fnt
|faint|p1a: Dragonite
|
|upkeep
|
|t:|1758293432
|switch|p1a: Squawkabilly|Squawkabilly-White, F|100/100
|-ability|p1a: Squawkabilly|Intimidate|boost
|-unboost|p2a: Iron Crown|atk|1
|turn|8
|
|t:|1758293443
|move|p2a: Iron Crown|Tachyon Cutter|p1a: Squawkabilly
|-damage|p1a: Squawkabilly|54/100
|-damage|p1a: Squawkabilly|6/100
|-hitcount|p1a: Squawkabilly|2
|move|p1a: Squawkabilly|Facade|p2a: Iron Crown
|-resisted|p2a: Iron Crown
|-damage|p2a: Iron Crown|52/100
|
|-status|p1a: Squawkabilly|brn|[from] item: Flame Orb
|upkeep
|turn|9
|
|t:|1758293456
|move|p2a: Iron Crown|Calm Mind|p2a: Iron Crown
|-boost|p2a: Iron Crown|spa|1
|-boost|p2a: Iron Crown|spd|1
|move|p1a: Squawkabilly|Facade|p2a: Iron Crown
|-resisted|p2a: Iron Crown
|-damage|p2a: Iron Crown|20/100
|
|-damage|p1a: Squawkabilly|0 fnt|[from] brn
|faint|p1a: Squawkabilly
|upkeep
|
|t:|1758293476
|switch|p1a: Kingambit|Kingambit, F, shiny|100/100
|-activate|p1a: Kingambit|ability: Supreme Overlord
|-start|p1a: Kingambit|fallen2|[silent]
|turn|10
|
|t:|1758293482
|move|p1a: Kingambit|Sucker Punch||[still]
|-fail|p1a: Kingambit
|move|p2a: Iron Crown|Calm Mind|p2a: Iron Crown
|-boost|p2a: Iron Crown|spa|1
|-boost|p2a: Iron Crown|spd|1
|
|upkeep
|turn|11
|
|t:|1758293488
|move|p1a: Kingambit|Sucker Punch|p2a: Iron Crown
|-supereffective|p2a: Iron Crown
|-enditem|p2a: Iron Crown|Colbur Berry|[eat]
|-enditem|p2a: Iron Crown|Colbur Berry|[weaken]
|-damage|p2a: Iron Crown|0 fnt
|faint|p2a: Iron Crown
|-end|p2a: Iron Crown|Quark Drive|[silent]
|
|upkeep
|
|t:|1758293492
|switch|p2a: Kommo-o|Kommo-o, F|100/100
|turn|12
|
|t:|1758293504
|-end|p1a: Kingambit|fallen2|[silent]
|switch|p1a: Toxapex|Toxapex, F|100/100
|move|p2a: Kommo-o|Clangorous Soul|p2a: Kommo-o
|-boost|p2a: Kommo-o|atk|1
|-boost|p2a: Kommo-o|def|1
|-boost|p2a: Kommo-o|spa|1
|-boost|p2a: Kommo-o|spd|1
|-boost|p2a: Kommo-o|spe|1
|-damage|p2a: Kommo-o|68/100
|-enditem|p2a: Kommo-o|Throat Spray
|-boost|p2a: Kommo-o|spa|1|[from] item: Throat Spray
|
|upkeep
|turn|13
|
|t:|1758293528
|move|p2a: Kommo-o|Boomburst|p1a: Toxapex
|-damage|p1a: Toxapex|32/100
|move|p1a: Toxapex|Toxic|p2a: Kommo-o
|-status|p2a: Kommo-o|tox
|
|-heal|p1a: Toxapex|39/100|[from] item: Leftovers
|-damage|p2a: Kommo-o|61/100 tox|[from] psn
|upkeep
|turn|14
|
|t:|1758293538
|move|p2a: Kommo-o|Aura Sphere|p1a: Toxapex
|-resisted|p1a: Toxapex
|-damage|p1a: Toxapex|9/100
|move|p1a: Toxapex|Bite|p2a: Kommo-o
|-resisted|p2a: Kommo-o
|-damage|p2a: Kommo-o|58/100 tox
|
|-heal|p1a: Toxapex|15/100|[from] item: Leftovers
|-damage|p2a: Kommo-o|46/100 tox|[from] psn
|upkeep
|turn|15
|
|t:|1758293547
|move|p2a: Kommo-o|Flamethrower|p1a: Toxapex
|-resisted|p1a: Toxapex
|-damage|p1a: Toxapex|0 fnt
|faint|p1a: Toxapex
|
|-damage|p2a: Kommo-o|27/100 tox|[from] psn
|upkeep
|
|t:|1758293553
|switch|p1a: Arboliva|Arboliva, F|100/100
|turn|16
|
|t:|1758293561
|move|p1a: Arboliva|Protect|p1a: Arboliva
|-singleturn|p1a: Arboliva|Protect
|move|p2a: Kommo-o|Aura Sphere|p1a: Arboliva
|-activate|p1a: Arboliva|move: Protect
|
|-damage|p2a: Kommo-o|3/100 tox|[from] psn
|upkeep
|turn|17
|
|t:|1758293576
|move|p2a: Kommo-o|Flamethrower|p1a: Arboliva
|-supereffective|p1a: Arboliva
|-damage|p1a: Arboliva|32/100
|-enditem|p1a: Arboliva|Sitrus Berry|[eat]
|-heal|p1a: Arboliva|57/100|[from] item: Sitrus Berry
|move|p1a: Arboliva|Earth Power|p2a: Kommo-o
|-damage|p2a: Kommo-o|0 fnt
|faint|p2a: Kommo-o
|
|upkeep
|
|t:|1758293583
|switch|p2a: Weavile|Weavile, M, tera:Ghost|100/100
|-ability|p2a: Weavile|Pressure
|turn|18
|
|t:|1758293594
|move|p2a: Weavile|Swords Dance|p2a: Weavile
|-boost|p2a: Weavile|atk|2
|move|p1a: Arboliva|Leech Seed|p2a: Weavile
|-start|p2a: Weavile|move: Leech Seed
|
|-damage|p2a: Weavile|88/100|[from] Leech Seed|[of] p1a: Arboliva
|-heal|p1a: Arboliva|67/100|[silent]
|-item|p1a: Arboliva|Sitrus Berry|[from] ability: Harvest
|upkeep
|turn|19
|
|t:|1758293604
|move|p1a: Arboliva|Protect|p1a: Arboliva
|-singleturn|p1a: Arboliva|Protect
|move|p2a: Weavile|Triple Axel|p1a: Arboliva
|-activate|p1a: Arboliva|move: Protect
|
|-damage|p2a: Weavile|76/100|[from] Leech Seed|[of] p1a: Arboliva
|-heal|p1a: Arboliva|77/100|[silent]
|upkeep
|turn|20
|
|t:|1758293615
|move|p2a: Weavile|Triple Axel|p1a: Arboliva
|-supereffective|p1a: Arboliva
|-damage|p1a: Arboliva|34/100
|-enditem|p1a: Arboliva|Sitrus Berry|[eat]
|-heal|p1a: Arboliva|59/100|[from] item: Sitrus Berry
|-supereffective|p1a: Arboliva
|-damage|p1a: Arboliva|0 fnt
|faint|p1a: Arboliva
|-hitcount|p1: Arboliva|2
|
|upkeep
|
|t:|1758293623
|switch|p1a: Lurantis|Lurantis, F, shiny|100/100
|turn|21
|
|t:|1758293636
|move|p2a: Weavile|Knock Off|p1a: Lurantis
|-damage|p1a: Lurantis|0 fnt
|-enditem|p1a: Lurantis|Leftovers|[from] move: Knock Off|[of] p2a: Weavile
|faint|p1a: Lurantis
|
|upkeep
|
|t:|1758293642
|switch|p1a: Kingambit|Kingambit, F, shiny|100/100
|-activate|p1a: Kingambit|ability: Supreme Overlord
|-start|p1a: Kingambit|fallen5|[silent]
|turn|22
|
|t:|1758293658
|move|p2a: Weavile|Upper Hand||[still]
|-fail|p2a: Weavile
|move|p1a: Kingambit|Kowtow Cleave|p2a: Weavile
|-supereffective|p2a: Weavile
|-damage|p2a: Weavile|0 fnt
|faint|p2a: Weavile
|
|upkeep
|
|t:|1758293662
|switch|p2a: Iron Treads|Iron Treads|100/100
|turn|23
|
|t:|1758293669
|move|p2a: Iron Treads|Earthquake|p1a: Kingambit
|-supereffective|p1a: Kingambit
|-damage|p1a: Kingambit|29/100
|move|p1a: Kingambit|Kowtow Cleave|p2a: Iron Treads
|-damage|p2a: Iron Treads|35/100
|
|upkeep
|turn|24
|
|t:|1758293675
|move|p1a: Kingambit|Sucker Punch|p2a: Iron Treads
|-damage|p2a: Iron Treads|0 fnt
|faint|p2a: Iron Treads
|-end|p2a: Iron Treads|Quark Drive|[silent]
|
|upkeep
|
|t:|1758293690
|switch|p2a: Samurott|Samurott-Hisui, F|100/100
|turn|25
|
|t:|1758293694
|move|p1a: Kingambit|Sucker Punch|p2a: Samurott
|-resisted|p2a: Samurott
|-damage|p2a: Samurott|62/100
|move|p2a: Samurott|Aqua Cutter|p1a: Kingambit
|-damage|p1a: Kingambit|0 fnt
|faint|p1a: Kingambit
|-end|p1a: Kingambit|fallen5|[silent]
|-damage|p2a: Samurott|52/100|[from] item: Life Orb
|
|win|redmilk
|raw|pokelamic's rating: 1138 &rarr; <strong>1118</strong><br />(-20 for losing)
|raw|redmilk's rating: 1211 &rarr; <strong>1231</strong><br />(+20 for winning)
|l|☆redmilk
|player|p2|
|l|☆pokelamic
|player|p1|
