|j|☆presin2
|j|☆mechamakachino
|t:|1758263240
|gametype|singles
|player|p1|presin2|pokemaniac|1432
|player|p2|mechamakachino|170|1431
|gen|9
|tier|[Gen 9] OU
|rated|
|rule|HP Percentage Mod: HP is shown in percentages
|rule|Endless Battle Clause: Forcing endless battles is banned
|rule|Species Clause: Limit one of each Pokémon
|rule|OHKO Clause: OHKO moves are banned
|rule|Evasion Items Clause: Evasion items are banned
|rule|Evasion Moves Clause: Evasion moves are banned
|rule|Evasion Abilities Clause: Evasion abilities are banned
|rule|Sleep Moves Clause: Sleep-inducing moves are banned
|clearpoke
|poke|p1|Iron Crown|
|poke|p1|Samurott-Hisui, F|
|poke|p1|Zapdos|
|poke|p1|Dragapult, M|
|poke|p1|Great Tusk|
|poke|p1|Iron Boulder|
|poke|p2|Skarmory, M|
|poke|p2|Ting-Lu|
|poke|p2|Zamazenta-*|
|poke|p2|Pecharunt|
|poke|p2|Clefable, M|
|poke|p2|Walking Wake|
|teampreview
|inactive|Battle timer is ON: inactive players will automatically lose when time's up. (requested by presin2)
|
|t:|1758263243
|teamsize|p1|6
|teamsize|p2|6
|start
|switch|p1a: Hurikan|Zapdos|100/100
|switch|p2a: Beat It|Zamazenta|100/100
|-ability|p2a: Beat It|Dauntless Shield|boost
|-boost|p2a: Beat It|def|1
|turn|1
|
|t:|1758263246
|switch|p2a: Rock With You|Ting-Lu|100/100
|-ability|p2a: Rock With You|Vessel of Ruin
|move|p1a: Hurikan|Hurricane|p2a: Rock With You
|-damage|p2a: Rock With You|81/100
|
|-heal|p2a: Rock With You|87/100|[from] item: Leftovers
|upkeep
|turn|2
|
|t:|1758263248
|move|p1a: Hurikan|U-turn|p2a: Rock With You
|-supereffective|p2a: Rock With You
|-damage|p2a: Rock With You|73/100
|
|t:|1758263252
|switch|p1a: Everytime We Touch|Samurott-Hisui, F|100/100|[from] U-turn
|move|p2a: Rock With You|Stealth Rock|p1a: Everytime We Touch
|-sidestart|p1: presin2|move: Stealth Rock
|
|-heal|p2a: Rock With You|79/100|[from] item: Leftovers
|upkeep
|turn|3
|
|t:|1758263257
|switch|p2a: Smooth Criminal|Skarmory, M|100/100
|move|p1a: Everytime We Touch|Razor Shell|p2a: Smooth Criminal
|-damage|p2a: Smooth Criminal|68/100
|-damage|p1a: Everytime We Touch|84/100|[from] item: Rocky Helmet|[of] p2a: Smooth Criminal
|
|upkeep
|turn|4
|
|t:|1758263260
|move|p1a: Everytime We Touch|Razor Shell|p2a: Smooth Criminal
|-damage|p2a: Smooth Criminal|40/100
|-unboost|p2a: Smooth Criminal|def|1
|-damage|p1a: Everytime We Touch|67/100|[from] item: Rocky Helmet|[of] p2a: Smooth Criminal
|move|p2a: Smooth Criminal|Roost|p2a: Smooth Criminal
|-heal|p2a: Smooth Criminal|90/100
|-singleturn|p2a: Smooth Criminal|move: Roost
|
|upkeep
|turn|5
|
|t:|1758263263
|switch|p2a: Thriller|Walking Wake|100/100
|move|p1a: Everytime We Touch|Razor Shell|p2a: Thriller
|-resisted|p2a: Thriller
|-damage|p2a: Thriller|87/100
|
|upkeep
|turn|6
|
|t:|1758263266
|switch|p1a: Mindreader|Iron Crown|100/100
|-damage|p1a: Mindreader|94/100|[from] Stealth Rock
|move|p2a: Thriller|Draco Meteor|p1a: Mindreader
|-resisted|p1a: Mindreader
|-damage|p1a: Mindreader|62/100
|-unboost|p2a: Thriller|spa|2
|
|upkeep
|turn|7
|
|t:|1758263277
|move|p2a: Thriller|Knock Off|p1a: Mindreader
|-supereffective|p1a: Mindreader
|-damage|p1a: Mindreader|25/100
|-enditem|p1a: Mindreader|Choice Specs|[from] move: Knock Off|[of] p2a: Thriller
|move|p1a: Mindreader|Focus Blast|p2a: Thriller|[miss]
|-miss|p1a: Mindreader|p2a: Thriller
|
|upkeep
|turn|8
|
|t:|1758263285
|-end|p1a: Mindreader|Quark Drive|[silent]
|switch|p1a: Everytime We Touch|Samurott-Hisui, F|67/100
|-damage|p1a: Everytime We Touch|55/100|[from] Stealth Rock
|move|p2a: Thriller|Surf|p1a: Everytime We Touch
|-resisted|p1a: Everytime We Touch
|-damage|p1a: Everytime We Touch|38/100
|
|upkeep
|turn|9
|
|t:|1758263288
|move|p1a: Everytime We Touch|Ceaseless Edge|p2a: Thriller
|-damage|p2a: Thriller|36/100
|-sidestart|p2: mechamakachino|Spikes
|move|p2a: Thriller|Draco Meteor|p1a: Everytime We Touch
|-damage|p1a: Everytime We Touch|0 fnt
|-unboost|p2a: Thriller|spa|2
|faint|p1a: Everytime We Touch
|
|upkeep
|
|t:|1758263291
|switch|p1a: Parasite|Dragapult, M|100/100
|-damage|p1a: Parasite|88/100|[from] Stealth Rock
|turn|10
|
|t:|1758263295
|-end|p2a: Thriller|Protosynthesis|[silent]
|switch|p2a: Moonwalker|Clefable, M|100/100
|move|p1a: Parasite|U-turn|p2a: Moonwalker
|-resisted|p2a: Moonwalker
|-damage|p2a: Moonwalker|87/100
|
|t:|1758263298
|switch|p1a: Mindreader|Iron Crown|25/100|[from] U-turn
|-damage|p1a: Mindreader|19/100|[from] Stealth Rock
|
|-heal|p2a: Moonwalker|93/100|[from] item: Leftovers
|upkeep
|turn|11
|
|t:|1758263303
|switch|p2a: Rock With You|Ting-Lu|79/100
|-damage|p2a: Rock With You|67/100|[from] Spikes
|-ability|p2a: Rock With You|Vessel of Ruin
|move|p1a: Mindreader|Tachyon Cutter|p2a: Rock With You
|-damage|p2a: Rock With You|57/100
|-damage|p2a: Rock With You|46/100
|-hitcount|p2a: Rock With You|2
|
|-heal|p2a: Rock With You|53/100|[from] item: Leftovers
|upkeep
|turn|12
|
|t:|1758263306
|move|p1a: Mindreader|Focus Blast|p2a: Rock With You
|-supereffective|p2a: Rock With You
|-damage|p2a: Rock With You|18/100
|move|p2a: Rock With You|Stealth Rock||[still]
|-fail|p2a: Rock With You
|
|-heal|p2a: Rock With You|24/100|[from] item: Leftovers
|upkeep
|turn|13
|
|t:|1758263312
|move|p1a: Mindreader|Focus Blast|p2a: Rock With You|[miss]
|-miss|p1a: Mindreader|p2a: Rock With You
|move|p2a: Rock With You|Earthquake|p1a: Mindreader
|-supereffective|p1a: Mindreader
|-damage|p1a: Mindreader|0 fnt
|faint|p1a: Mindreader
|-end|p1a: Mindreader|Quark Drive|[silent]
|
|-heal|p2a: Rock With You|30/100|[from] item: Leftovers
|upkeep
|
|t:|1758263322
|switch|p1a: Parasite|Dragapult, M|88/100
|-damage|p1a: Parasite|76/100|[from] Stealth Rock
|turn|14
|
|t:|1758263326
|move|p1a: Parasite|U-turn|p2a: Rock With You
|-supereffective|p2a: Rock With You
|-damage|p2a: Rock With You|0 fnt
|faint|p2a: Rock With You
|
|t:|1758263328
|switch|p1a: Hurikan|Zapdos|100/100|[from] U-turn
|
|upkeep
|
|t:|1758263331
|switch|p2a: Moonwalker|Clefable, M|93/100
|turn|15
|
|t:|1758263334
|move|p1a: Hurikan|Discharge|p2a: Moonwalker
|-damage|p2a: Moonwalker|63/100
|-status|p2a: Moonwalker|par
|move|p2a: Moonwalker|Knock Off|p1a: Hurikan
|-damage|p1a: Hurikan|90/100
|-enditem|p1a: Hurikan|Heavy-Duty Boots|[from] move: Knock Off|[of] p2a: Moonwalker
|
|-heal|p2a: Moonwalker|69/100 par|[from] item: Leftovers
|upkeep
|turn|16
|
|t:|1758263342
|move|p1a: Hurikan|Hurricane|p2a: Moonwalker
|-damage|p2a: Moonwalker|23/100 par
|move|p2a: Moonwalker|Moonlight|p2a: Moonwalker
|-heal|p2a: Moonwalker|73/100 par
|
|-heal|p2a: Moonwalker|79/100 par|[from] item: Leftovers
|upkeep
|turn|17
|
|t:|1758263347
|move|p1a: Hurikan|Hurricane|p2a: Moonwalker|[miss]
|-miss|p1a: Hurikan|p2a: Moonwalker
|move|p2a: Moonwalker|Moonblast|p1a: Hurikan
|-damage|p1a: Hurikan|62/100
|
|-heal|p2a: Moonwalker|85/100 par|[from] item: Leftovers
|upkeep
|turn|18
|
|t:|1758263350
|move|p1a: Hurikan|Roost|p1a: Hurikan
|-heal|p1a: Hurikan|100/100
|-singleturn|p1a: Hurikan|move: Roost
|move|p2a: Moonwalker|Calm Mind|p2a: Moonwalker
|-boost|p2a: Moonwalker|spa|1
|-boost|p2a: Moonwalker|spd|1
|
|-heal|p2a: Moonwalker|91/100 par|[from] item: Leftovers
|upkeep
|turn|19
|
|t:|1758263352
|move|p1a: Hurikan|Hurricane|p2a: Moonwalker
|-crit|p2a: Moonwalker
|-damage|p2a: Moonwalker|26/100 par
|move|p2a: Moonwalker|Moonblast|p1a: Hurikan
|-damage|p1a: Hurikan|55/100
|
|-heal|p2a: Moonwalker|32/100 par|[from] item: Leftovers
|upkeep
|turn|20
|
|t:|1758263356
|move|p1a: Hurikan|Hurricane|p2a: Moonwalker|[miss]
|-miss|p1a: Hurikan|p2a: Moonwalker
|move|p2a: Moonwalker|Moonlight|p2a: Moonwalker
|-heal|p2a: Moonwalker|82/100 par
|
|-heal|p2a: Moonwalker|88/100 par|[from] item: Leftovers
|upkeep
|turn|21
|
|t:|1758263358
|move|p1a: Hurikan|Roost|p1a: Hurikan
|-heal|p1a: Hurikan|100/100
|-singleturn|p1a: Hurikan|move: Roost
|move|p2a: Moonwalker|Calm Mind|p2a: Moonwalker
|-boost|p2a: Moonwalker|spa|1
|-boost|p2a: Moonwalker|spd|1
|
|-heal|p2a: Moonwalker|94/100 par|[from] item: Leftovers
|upkeep
|turn|22
|
|t:|1758263363
|move|p1a: Hurikan|U-turn|p2a: Moonwalker
|-resisted|p2a: Moonwalker
|-damage|p2a: Moonwalker|90/100 par
|
|t:|1758263367
|switch|p1a: Revery|Iron Boulder|100/100|[from] U-turn
|-damage|p1a: Revery|88/100|[from] Stealth Rock
|-enditem|p1a: Revery|Booster Energy
|-activate|p1a: Revery|ability: Quark Drive|[fromitem]
|-start|p1a: Revery|quarkdrivespe
|move|p2a: Moonwalker|Moonblast|p1a: Revery
|-damage|p1a: Revery|26/100
|-unboost|p1a: Revery|spa|1
|
|-heal|p2a: Moonwalker|96/100 par|[from] item: Leftovers
|upkeep
|turn|23
|
|t:|1758263375
|switch|p2a: Smooth Criminal|Skarmory, M|90/100
|move|p1a: Revery|Mighty Cleave|p2a: Smooth Criminal
|-damage|p2a: Smooth Criminal|63/100
|-damage|p1a: Revery|10/100|[from] item: Rocky Helmet|[of] p2a: Smooth Criminal
|
|upkeep
|turn|24
|
|t:|1758263379
|move|p1a: Revery|Mighty Cleave|p2a: Smooth Criminal
|-damage|p2a: Smooth Criminal|35/100
|-damage|p1a: Revery|0 fnt|[from] item: Rocky Helmet|[of] p2a: Smooth Criminal
|faint|p1a: Revery
|-end|p1a: Revery|Quark Drive|[silent]
|move|p2a: Smooth Criminal|Roost|p2a: Smooth Criminal
|-heal|p2a: Smooth Criminal|85/100
|-singleturn|p2a: Smooth Criminal|move: Roost
|
|upkeep
|
|t:|1758263383
|switch|p1a: Hurikan|Zapdos|100/100
|-damage|p1a: Hurikan|76/100|[from] Stealth Rock
|turn|25
|
|t:|1758263386
|switch|p2a: Moonwalker|Clefable, M|96/100 par
|move|p1a: Hurikan|Discharge|p2a: Moonwalker
|-damage|p2a: Moonwalker|64/100 par
|
|-heal|p2a: Moonwalker|70/100 par|[from] item: Leftovers
|upkeep
|turn|26
|
|t:|1758263388
|move|p1a: Hurikan|Hurricane|p2a: Moonwalker
|-damage|p2a: Moonwalker|28/100 par
|move|p2a: Moonwalker|Calm Mind|p2a: Moonwalker
|-boost|p2a: Moonwalker|spa|1
|-boost|p2a: Moonwalker|spd|1
|
|-heal|p2a: Moonwalker|34/100 par|[from] item: Leftovers
|upkeep
|turn|27
|
|t:|1758263392
|move|p1a: Hurikan|Hurricane|p2a: Moonwalker
|-damage|p2a: Moonwalker|3/100 par
|move|p2a: Moonwalker|Moonlight|p2a: Moonwalker
|-heal|p2a: Moonwalker|53/100 par
|
|-heal|p2a: Moonwalker|59/100 par|[from] item: Leftovers
|upkeep
|turn|28
|
|t:|1758263396
|move|p1a: Hurikan|Hurricane|p2a: Moonwalker
|-damage|p2a: Moonwalker|31/100 par
|move|p2a: Moonwalker|Moonblast|p1a: Hurikan
|-damage|p1a: Hurikan|34/100
|
|-heal|p2a: Moonwalker|38/100 par|[from] item: Leftovers
|upkeep
|turn|29
|
|t:|1758263401
|move|p1a: Hurikan|Hurricane|p2a: Moonwalker
|-damage|p2a: Moonwalker|7/100 par
|move|p2a: Moonwalker|Moonlight|p2a: Moonwalker
|-heal|p2a: Moonwalker|57/100 par
|
|-heal|p2a: Moonwalker|63/100 par|[from] item: Leftovers
|upkeep
|turn|30
|
|t:|1758263405
|move|p1a: Hurikan|Roost|p1a: Hurikan
|-heal|p1a: Hurikan|84/100
|-singleturn|p1a: Hurikan|move: Roost
|cant|p2a: Moonwalker|par
|
|-heal|p2a: Moonwalker|69/100 par|[from] item: Leftovers
|upkeep
|turn|31
|
|t:|1758263410
|move|p1a: Hurikan|Hurricane|p2a: Moonwalker|[miss]
|-miss|p1a: Hurikan|p2a: Moonwalker
|move|p2a: Moonwalker|Moonlight|p2a: Moonwalker
|-heal|p2a: Moonwalker|100/100 par
|
|upkeep
|turn|32
|
|t:|1758263415
|move|p1a: Hurikan|Hurricane|p2a: Moonwalker
|-damage|p2a: Moonwalker|71/100 par
|move|p2a: Moonwalker|Calm Mind|p2a: Moonwalker
|-boost|p2a: Moonwalker|spa|1
|-boost|p2a: Moonwalker|spd|1
|
|-heal|p2a: Moonwalker|77/100 par|[from] item: Leftovers
|upkeep
|turn|33
|
|t:|1758263417
|move|p1a: Hurikan|Hurricane|p2a: Moonwalker
|-damage|p2a: Moonwalker|55/100 par
|-start|p2a: Moonwalker|confusion
|-activate|p2a: Moonwalker|confusion
|move|p2a: Moonwalker|Moonblast|p1a: Hurikan
|-damage|p1a: Hurikan|23/100
|
|-heal|p2a: Moonwalker|61/100 par|[from] item: Leftovers
|upkeep
|turn|34
|
|t:|1758263420
|move|p1a: Hurikan|U-turn|p2a: Moonwalker
|-resisted|p2a: Moonwalker
|-damage|p2a: Moonwalker|56/100 par
|
|t:|1758263426
|switch|p1a: Parasite|Dragapult, M|76/100|[from] U-turn
|-damage|p1a: Parasite|64/100|[from] Stealth Rock
|-end|p2a: Moonwalker|confusion
|move|p2a: Moonwalker|Moonblast|p1a: Parasite
|-supereffective|p1a: Parasite
|-damage|p1a: Parasite|0 fnt
|faint|p1a: Parasite
|
|-heal|p2a: Moonwalker|62/100 par|[from] item: Leftovers
|upkeep
|-message|presin2 forfeited.
|
|win|mechamakachino
|raw|presin2's rating: 1432 &rarr; <strong>1412</strong><br />(-20 for losing)
|raw|mechamakachino's rating: 1431 &rarr; <strong>1451</strong><br />(+20 for winning)
|l|☆presin2
|player|p1|
|l|☆mechamakachino
|player|p2|
