|j|☆klefki_did_it
|j|‽Moosehey
|t:|1758302094
|gametype|singles
|player|p1|klefki_did_it|pokemonbreeder-gen4|1294
|player|p2|Moosehey|265|1262
|gen|9
|tier|[Gen 9] OU
|rated|
|rule|HP Percentage Mod: HP is shown in percentages
|rule|Endless Battle Clause: Forcing endless battles is banned
|rule|Species Clause: Limit one of each Pokémon
|rule|OHKO Clause: OHKO moves are banned
|rule|Evasion Items Clause: Evasion items are banned
|rule|Evasion Moves Clause: Evasion moves are banned
|rule|Evasion Abilities Clause: Evasion abilities are banned
|rule|Sleep Moves Clause: Sleep-inducing moves are banned
|clearpoke
|poke|p1|Staraptor, M|
|poke|p1|Kingambit, M|
|poke|p1|Emboar, M|
|poke|p1|Thundurus, M|
|poke|p1|Basculegion, M|
|poke|p1|Rhyperior, M|
|poke|p2|Jolteon, F|
|poke|p2|Ceruledge, M|
|poke|p2|Incineroar, M|
|poke|p2|Alomomola, M|
|poke|p2|Cinderace, F|
|poke|p2|Meowscarada, M|
|teampreview
|inactive|Battle timer is ON: inactive players will automatically lose when time's up. (requested by klefki_did_it)
|
|t:|1758302115
|teamsize|p1|6
|teamsize|p2|6
|start
|switch|p1a: Emboar|Emboar, M, shiny|100/100
|switch|p2a: Jolteon|Jolteon, F|100/100
|turn|1
|
|t:|1758302123
|move|p2a: Jolteon|Volt Switch|p1a: Emboar
|-damage|p1a: Emboar|65/100
|
|t:|1758302126
|switch|p2a: Ceruledge|Ceruledge, M|100/100|[from] Volt Switch
|move|p1a: Emboar|Flare Blitz|p2a: Ceruledge
|-resisted|p2a: Ceruledge
|-damage|p2a: Ceruledge|23/100
|-ability|p2a: Ceruledge|Weak Armor|boost
|-unboost|p2a: Ceruledge|def|1
|-boost|p2a: Ceruledge|spe|2
|-damage|p1a: Emboar|47/100|[from] Recoil
|
|upkeep
|turn|2
|
|t:|1758302144
|move|p2a: Ceruledge|Bitter Blade|p1a: Emboar
|-resisted|p1a: Emboar
|-damage|p1a: Emboar|23/100
|-heal|p2a: Ceruledge|41/100|[from] drain|[of] p1a: Emboar
|move|p1a: Emboar|Flare Blitz|p2a: Ceruledge
|-resisted|p2a: Ceruledge
|-crit|p2a: Ceruledge
|-damage|p2a: Ceruledge|0 fnt
|faint|p2a: Ceruledge
|-damage|p1a: Emboar|14/100|[from] Recoil
|
|upkeep
|
|t:|1758302158
|switch|p2a: Jolteon|Jolteon, F|100/100
|turn|3
|
|t:|1758302168
|switch|p1a: Rhyperior|Rhyperior, M|100/100
|move|p2a: Jolteon|Shadow Ball|p1a: Rhyperior
|-damage|p1a: Rhyperior|81/100
|
|-status|p2a: Jolteon|brn|[from] item: Flame Orb
|upkeep
|turn|4
|
|t:|1758302183
|-terastallize|p2a: Jolteon|Ice
|move|p2a: Jolteon|Tera Blast|p1a: Rhyperior|[anim] Tera Blast Ice
|-supereffective|p1a: Rhyperior
|-damage|p1a: Rhyperior|32/100
|move|p1a: Rhyperior|Megahorn|p2a: Jolteon|[miss]
|-miss|p1a: Rhyperior|p2a: Jolteon
|
|-damage|p2a: Jolteon|95/100 brn|[from] brn
|upkeep
|turn|5
|
|t:|1758302196
|switch|p1a: Emboar|Emboar, M, shiny|14/100
|move|p2a: Jolteon|Tera Blast|p1a: Emboar|[anim] Tera Blast Ice
|-resisted|p1a: Emboar
|-damage|p1a: Emboar|0 fnt
|faint|p1a: Emboar
|
|-damage|p2a: Jolteon|89/100 brn|[from] brn
|upkeep
|
|t:|1758302198
|switch|p1a: Basculegion|Basculegion, M|100/100
|turn|6
|
|t:|1758302213
|move|p2a: Jolteon|Thunderbolt|p1a: Basculegion
|-supereffective|p1a: Basculegion
|-damage|p1a: Basculegion|1/100
|move|p1a: Basculegion|Wave Crash|p2a: Jolteon
|-damage|p2a: Jolteon|0 fnt
|faint|p2a: Jolteon
|-damage|p1a: Basculegion|0 fnt|[from] Recoil
|faint|p1a: Basculegion
|
|upkeep
|
|t:|1758302228
|switch|p2a: Incineroar|Incineroar, M|100/100
|switch|p1a: Staraptor|Staraptor, M|100/100
|-ability|p2a: Incineroar|Intimidate|boost
|-unboost|p1a: Staraptor|atk|1
|turn|7
|
|t:|1758302234
|move|p1a: Staraptor|Final Gambit|p2a: Incineroar
|-damage|p2a: Incineroar|3/100
|faint|p1a: Staraptor
|move|p2a: Incineroar|U-turn|p1: Staraptor|[notarget]
|-fail|p2a: Incineroar
|
|upkeep
|
|t:|1758302249
|switch|p1a: Thundurus|Thundurus, M|100/100
|turn|8
|
|t:|1758302255
|move|p1a: Thundurus|Fly||[still]
|-prepare|p1a: Thundurus|Fly
|move|p2a: Incineroar|Knock Off|p1a: Thundurus|[miss]
|-miss|p2a: Incineroar|p1a: Thundurus
|
|upkeep
|turn|9
|
|t:|1758302261
|switch|p2a: Alomomola|Alomomola, M, shiny|100/100
|move|p1a: Thundurus|Fly|p2a: Alomomola|[from] lockedmove
|-damage|p2a: Alomomola|69/100
|-damage|p1a: Thundurus|84/100|[from] item: Rocky Helmet|[of] p2a: Alomomola
|
|upkeep
|turn|10
|
|t:|1758302268
|switch|p1a: Rhyperior|Rhyperior, M|32/100
|move|p2a: Alomomola|Wish|p2a: Alomomola
|
|upkeep
|turn|11
|
|t:|1758302276
|move|p2a: Alomomola|Whirlpool|p1a: Rhyperior
|-supereffective|p1a: Rhyperior
|-damage|p1a: Rhyperior|17/100
|-activate|p1a: Rhyperior|move: Whirlpool|[of] p2a: Alomomola
|move|p1a: Rhyperior|Earthquake|p2a: Alomomola
|-damage|p2a: Alomomola|35/100
|
|-heal|p2a: Alomomola|85/100|[from] move: Wish|[wisher] Alomomola
|-damage|p1a: Rhyperior|5/100|[from] move: Whirlpool|[partiallytrapped]
|upkeep
|turn|12
|
|t:|1758302288
|move|p2a: Alomomola|Wish|p2a: Alomomola
|move|p1a: Rhyperior|Megahorn|p2a: Alomomola
|-damage|p2a: Alomomola|58/100
|-damage|p1a: Rhyperior|0 fnt|[from] item: Rocky Helmet|[of] p2a: Alomomola
|faint|p1a: Rhyperior
|
|upkeep
|
|t:|1758302299
|switch|p1a: Kingambit|Kingambit, M|100/100
|-activate|p1a: Kingambit|ability: Supreme Overlord
|-start|p1a: Kingambit|fallen4|[silent]
|turn|13
|
|t:|1758302309
|move|p2a: Alomomola|Protect|p2a: Alomomola
|-singleturn|p2a: Alomomola|Protect
|move|p1a: Kingambit|Substitute|p1a: Kingambit
|-start|p1a: Kingambit|Substitute
|-damage|p1a: Kingambit|75/100
|
|-heal|p2a: Alomomola|100/100|[from] move: Wish|[wisher] Alomomola
|-heal|p1a: Kingambit|82/100|[from] item: Leftovers
|upkeep
|turn|14
|
|t:|1758302319
|move|p2a: Alomomola|Flip Turn|p1a: Kingambit
|-activate|p1a: Kingambit|move: Substitute|[damage]
|
|t:|1758302323
|switch|p2a: Incineroar|Incineroar, M|3/100|[from] Flip Turn
|-ability|p2a: Incineroar|Intimidate|boost
|-immune|p1a: Kingambit
|move|p1a: Kingambit|Swords Dance|p1a: Kingambit
|-boost|p1a: Kingambit|atk|2
|
|-heal|p1a: Kingambit|88/100|[from] item: Leftovers
|upkeep
|turn|15
|
|t:|1758302340
|move|p2a: Incineroar|Flare Blitz|p1a: Kingambit
|-supereffective|p1a: Kingambit
|-end|p1a: Kingambit|Substitute
|-damage|p2a: Incineroar|0 fnt|[from] Recoil|[of] p1a: Kingambit
|faint|p2a: Incineroar
|move|p1a: Kingambit|Iron Head|p2: Incineroar|[notarget]
|-fail|p1a: Kingambit
|
|-heal|p1a: Kingambit|94/100|[from] item: Leftovers
|upkeep
|
|t:|1758302351
|switch|p2a: Meowscarada|Meowscarada, M|100/100
|turn|16
|
|t:|1758302357
|-terastallize|p1a: Kingambit|Fairy
|move|p2a: Meowscarada|Sucker Punch|p1a: Kingambit
|-start|p2a: Meowscarada|typechange|Dark|[from] ability: Protean
|-resisted|p1a: Kingambit
|-damage|p1a: Kingambit|83/100
|move|p1a: Kingambit|Iron Head|p2a: Meowscarada
|-damage|p2a: Meowscarada|0 fnt
|faint|p2a: Meowscarada
|
|-heal|p1a: Kingambit|89/100|[from] item: Leftovers
|upkeep
|
|t:|1758302370
|switch|p2a: Alomomola|Alomomola, M, shiny|100/100
|turn|17
|
|t:|1758302373
|move|p2a: Alomomola|Whirlpool|p1a: Kingambit|[miss]
|-miss|p2a: Alomomola|p1a: Kingambit
|move|p1a: Kingambit|Substitute|p1a: Kingambit
|-start|p1a: Kingambit|Substitute
|-damage|p1a: Kingambit|64/100
|
|-heal|p1a: Kingambit|70/100|[from] item: Leftovers
|upkeep
|turn|18
|
|t:|1758302382
|move|p2a: Alomomola|Whirlpool|p1a: Kingambit
|-activate|p1a: Kingambit|move: Substitute|[damage]
|move|p1a: Kingambit|Swords Dance|p1a: Kingambit
|-boost|p1a: Kingambit|atk|2
|
|-heal|p1a: Kingambit|76/100|[from] item: Leftovers
|upkeep
|turn|19
|
|t:|1758302391
|move|p2a: Alomomola|Whirlpool|p1a: Kingambit
|-activate|p1a: Kingambit|move: Substitute|[damage]
|move|p1a: Kingambit|Iron Head|p2a: Alomomola
|-resisted|p2a: Alomomola
|-crit|p2a: Alomomola
|-damage|p2a: Alomomola|28/100
|-damage|p1a: Kingambit|60/100|[from] item: Rocky Helmet|[of] p2a: Alomomola
|
|-heal|p1a: Kingambit|66/100|[from] item: Leftovers
|upkeep
|turn|20
|
|t:|1758302402
|move|p1a: Kingambit|Sucker Punch|p2a: Alomomola
|-damage|p2a: Alomomola|0 fnt
|-damage|p1a: Kingambit|49/100|[from] item: Rocky Helmet|[of] p2a: Alomomola
|faint|p2a: Alomomola
|
|-heal|p1a: Kingambit|55/100|[from] item: Leftovers
|upkeep
|-message|Moosehey forfeited.
|
|win|klefki_did_it
|raw|klefki_did_it's rating: 1294 &rarr; <strong>1317</strong><br />(+23 for winning)
|raw|Moosehey's rating: 1262 &rarr; <strong>1239</strong><br />(-23 for losing)
|l|‽Moosehey
|player|p2|
|l|☆klefki_did_it
|player|p1|
