|j|☆MyXoo
|j|☆thqrun
|t:|1758319847
|gametype|singles
|player|p1|MyXoo|bea|1390
|player|p2|thqrun|266|1359
|gen|9
|tier|[Gen 9] OU
|rated|
|rule|HP Percentage Mod: HP is shown in percentages
|rule|Endless Battle Clause: Forcing endless battles is banned
|rule|Species Clause: Limit one of each Pokémon
|rule|OHKO Clause: OHKO moves are banned
|rule|Evasion Items Clause: Evasion items are banned
|rule|Evasion Moves Clause: Evasion moves are banned
|rule|Evasion Abilities Clause: Evasion abilities are banned
|rule|Sleep Moves Clause: Sleep-inducing moves are banned
|clearpoke
|poke|p1|Samurott-Hisui, M|
|poke|p1|Scizor, M|
|poke|p1|Dragapult, F|
|poke|p1|Kingambit, F|
|poke|p1|Landorus-Therian, M|
|poke|p1|Iron Valiant|
|poke|p2|Regice|
|poke|p2|Slowking-Galar, M|
|poke|p2|Gliscor, F|
|poke|p2|Clefable, F|
|poke|p2|Amoonguss, M|
|poke|p2|Corviknight, M|
|teampreview
|
|t:|1758319858
|teamsize|p1|6
|teamsize|p2|6
|start
|switch|p1a: Samurott|Samurott-Hisui, M|100/100
|switch|p2a: Gliscor|Gliscor, F, shiny|100/100
|turn|1
|inactive|Battle timer is ON: inactive players will automatically lose when time's up. (requested by thqrun)
|
|t:|1758319871
|move|p2a: Gliscor|Protect|p2a: Gliscor
|-singleturn|p2a: Gliscor|Protect
|move|p1a: Samurott|Knock Off|p2a: Gliscor
|-activate|p2a: Gliscor|move: Protect
|
|-status|p2a: Gliscor|tox|[from] item: Toxic Orb
|upkeep
|turn|2
|
|t:|1758319880
|move|p1a: Samurott|Razor Shell|p2a: Gliscor
|-supereffective|p2a: Gliscor
|-damage|p2a: Gliscor|22/100 tox
|move|p2a: Gliscor|Knock Off|p1a: Samurott
|-resisted|p1a: Samurott
|-damage|p1a: Samurott|85/100
|-enditem|p1a: Samurott|Focus Sash|[from] move: Knock Off|[of] p2a: Gliscor
|
|-heal|p2a: Gliscor|35/100 tox|[from] ability: Poison Heal
|upkeep
|turn|3
|
|t:|1758319891
|move|p2a: Gliscor|Protect|p2a: Gliscor
|-singleturn|p2a: Gliscor|Protect
|move|p1a: Samurott|Ceaseless Edge|p2a: Gliscor
|-activate|p2a: Gliscor|move: Protect
|
|-heal|p2a: Gliscor|47/100 tox|[from] ability: Poison Heal
|upkeep
|turn|4
|
|t:|1758319903
|switch|p2a: Clefable|Clefable, F|100/100
|move|p1a: Samurott|Ceaseless Edge|p2a: Clefable
|-resisted|p2a: Clefable
|-damage|p2a: Clefable|84/100
|-sidestart|p2: thqrun|Spikes
|
|-damage|p1a: Samurott|72/100|[from] item: Sticky Barb
|upkeep
|turn|5
|
|t:|1758319920
|switch|p1a: Scizor|Scizor, M|100/100
|move|p2a: Clefable|Stealth Rock|p1a: Scizor
|-sidestart|p1: MyXoo|move: Stealth Rock
|
|upkeep
|turn|6
|
|t:|1758319930
|switch|p2a: Corviknight|Corviknight, M|100/100
|-ability|p2a: Corviknight|Pressure
|move|p1a: Scizor|Swords Dance|p1a: Scizor
|-boost|p1a: Scizor|atk|2
|
|upkeep
|turn|7
|
|t:|1758319942
|move|p1a: Scizor|Swords Dance|p1a: Scizor
|-boost|p1a: Scizor|atk|2
|move|p2a: Corviknight|Iron Defense|p2a: Corviknight
|-boost|p2a: Corviknight|def|2
|
|upkeep
|turn|8
|
|t:|1758319950
|move|p1a: Scizor|Close Combat|p2a: Corviknight
|-damage|p2a: Corviknight|38/100
|-unboost|p1a: Scizor|def|1
|-unboost|p1a: Scizor|spd|1
|-damage|p1a: Scizor|84/100|[from] item: Rocky Helmet|[of] p2a: Corviknight
|-damage|p1a: Scizor|74/100|[from] item: Life Orb
|move|p2a: Corviknight|Iron Defense|p2a: Corviknight
|-boost|p2a: Corviknight|def|2
|
|upkeep
|turn|9
|
|t:|1758319968
|move|p1a: Scizor|Bullet Punch|p2a: Corviknight
|-resisted|p2a: Corviknight
|-damage|p2a: Corviknight|23/100
|-damage|p1a: Scizor|58/100|[from] item: Rocky Helmet|[of] p2a: Corviknight
|-damage|p1a: Scizor|48/100|[from] item: Life Orb
|move|p2a: Corviknight|Roost|p2a: Corviknight
|-heal|p2a: Corviknight|73/100
|-singleturn|p2a: Corviknight|move: Roost
|
|upkeep
|turn|10
|l|☆thqrun
|inactive|thqrun disconnected and has a minute to reconnect!
|player|p2|
|j|☆thqrun
|inactive|thqrun reconnected and has 125 seconds left.
|player|p2|thqrun|266|
|inactive|thqrun has 120 seconds left.
|
|t:|1758320003
|switch|p1a: Dragapult|Dragapult, F|100/100
|-damage|p1a: Dragapult|88/100|[from] Stealth Rock
|move|p2a: Corviknight|Body Press|p1a: Dragapult
|-immune|p1a: Dragapult
|
|upkeep
|turn|11
|inactive|MyXoo has 120 seconds left.
|
|t:|1758320023
|switch|p2a: Clefable|Clefable, F|84/100
|move|p1a: Dragapult|Shadow Ball|p2a: Clefable
|-damage|p2a: Clefable|25/100
|
|upkeep
|turn|12
|
|t:|1758320033
|switch|p2a: Regice|Regice, shiny|100/100
|move|p1a: Dragapult|Shadow Ball|p2a: Regice
|-damage|p2a: Regice|73/100
|
|upkeep
|turn|13
|
|t:|1758320046
|switch|p1a: Scizor|Scizor, M|48/100
|-damage|p1a: Scizor|35/100|[from] Stealth Rock
|move|p2a: Regice|Ice Beam|p1a: Scizor
|-resisted|p1a: Scizor
|-crit|p1a: Scizor
|-damage|p1a: Scizor|4/100
|
|upkeep
|turn|14
|
|t:|1758320055
|switch|p2a: Corviknight|Corviknight, M|73/100
|-ability|p2a: Corviknight|Pressure
|move|p1a: Scizor|Bullet Punch|p2a: Corviknight
|-resisted|p2a: Corviknight
|-damage|p2a: Corviknight|57/100
|-damage|p1a: Scizor|0 fnt|[from] item: Rocky Helmet|[of] p2a: Corviknight
|faint|p1a: Scizor
|
|upkeep
|inactive|MyXoo has 120 seconds left.
|
|t:|1758320076
|switch|p1a: Samurott|Samurott-Hisui, M|72/100
|-damage|p1a: Samurott|60/100|[from] Stealth Rock
|turn|15
|inactive|MyXoo has 120 seconds left.
|
|t:|1758320082
|move|p1a: Samurott|Knock Off|p2a: Corviknight
|-damage|p2a: Corviknight|26/100
|-damage|p1a: Samurott|43/100|[from] item: Rocky Helmet|[of] p2a: Corviknight
|-enditem|p2a: Corviknight|Rocky Helmet|[from] move: Knock Off|[of] p1a: Samurott
|move|p2a: Corviknight|Body Press|p1a: Samurott
|-supereffective|p1a: Samurott
|-damage|p1a: Samurott|0 fnt
|faint|p1a: Samurott
|
|-damage|p2a: Corviknight|14/100|[from] item: Sticky Barb
|upkeep
|inactive|MyXoo has 120 seconds left.
|
|t:|1758320100
|switch|p1a: Landorus|Landorus-Therian, M|100/100
|-damage|p1a: Landorus|88/100|[from] Stealth Rock
|-ability|p1a: Landorus|Intimidate|boost
|-unboost|p2a: Corviknight|atk|1
|turn|16
|
|t:|1758320110
|switch|p2a: Gliscor|Gliscor, F, shiny|47/100 tox
|move|p1a: Landorus|U-turn|p2a: Gliscor
|-resisted|p2a: Gliscor
|-damage|p2a: Gliscor|36/100 tox
|
|t:|1758320130
|switch|p1a: Kingambit|Kingambit, F|100/100|[from] U-turn
|-damage|p1a: Kingambit|94/100|[from] Stealth Rock
|-activate|p1a: Kingambit|ability: Supreme Overlord
|-start|p1a: Kingambit|fallen2|[silent]
|
|-heal|p1a: Kingambit|100/100|[from] item: Leftovers
|-heal|p2a: Gliscor|49/100 tox|[from] ability: Poison Heal
|upkeep
|turn|17
|
|t:|1758320145
|-terastallize|p2a: Gliscor|Dark
|move|p2a: Gliscor|Earthquake|p1a: Kingambit
|-supereffective|p1a: Kingambit
|-damage|p1a: Kingambit|52/100
|move|p1a: Kingambit|Swords Dance|p1a: Kingambit
|-boost|p1a: Kingambit|atk|2
|
|-heal|p1a: Kingambit|58/100|[from] item: Leftovers
|-heal|p2a: Gliscor|61/100 tox|[from] ability: Poison Heal
|upkeep
|turn|18
|
|t:|1758320160
|-terastallize|p1a: Kingambit|Fairy
|move|p2a: Gliscor|Earthquake|p1a: Kingambit
|-damage|p1a: Kingambit|34/100
|move|p1a: Kingambit|Tera Blast|p2a: Gliscor|[anim] Tera Blast Fairy
|-supereffective|p2a: Gliscor
|-damage|p2a: Gliscor|0 fnt
|faint|p2a: Gliscor
|
|-heal|p1a: Kingambit|40/100|[from] item: Leftovers
|upkeep
|
|t:|1758320174
|switch|p2a: Amoonguss|Amoonguss, M, shiny|100/100
|turn|19
|
|t:|1758320183
|move|p1a: Kingambit|Kowtow Cleave|p2a: Amoonguss
|-damage|p2a: Amoonguss|20/100
|move|p2a: Amoonguss|Clear Smog|p1a: Kingambit
|-supereffective|p1a: Kingambit
|-damage|p1a: Kingambit|9/100
|-clearboost|p1a: Kingambit
|
|-heal|p1a: Kingambit|15/100|[from] item: Leftovers
|upkeep
|turn|20
|
|t:|1758320199
|switch|p2a: Clefable|Clefable, F|25/100
|move|p1a: Kingambit|Kowtow Cleave|p2a: Clefable
|-resisted|p2a: Clefable
|-damage|p2a: Clefable|3/100
|
|-heal|p1a: Kingambit|22/100|[from] item: Leftovers
|upkeep
|turn|21
|
|t:|1758320209
|move|p1a: Kingambit|Sucker Punch|p2a: Clefable
|-resisted|p2a: Clefable
|-damage|p2a: Clefable|0 fnt
|faint|p2a: Clefable
|
|-heal|p1a: Kingambit|28/100|[from] item: Leftovers
|upkeep
|
|t:|1758320217
|switch|p2a: Amoonguss|Amoonguss, M, shiny|54/100
|turn|22
|inactive|MyXoo has 120 seconds left.
|
|t:|1758320230
|-end|p1a: Kingambit|fallen2|[silent]
|switch|p1a: Dragapult|Dragapult, F|88/100
|-damage|p1a: Dragapult|76/100|[from] Stealth Rock
|move|p2a: Amoonguss|Clear Smog|p1a: Dragapult
|-resisted|p1a: Dragapult
|-damage|p1a: Dragapult|65/100
|-clearboost|p1a: Dragapult
|
|upkeep
|turn|23
|inactive|MyXoo has 120 seconds left.
|
|t:|1758320254
|switch|p2a: Corviknight|Corviknight, M|14/100
|-ability|p2a: Corviknight|Pressure
|move|p1a: Dragapult|Shadow Ball|p2a: Corviknight
|-damage|p2a: Corviknight|0 fnt
|faint|p2a: Corviknight
|
|upkeep
|
|t:|1758320264
|switch|p2a: Regice|Regice, shiny|73/100
|turn|24
|inactive|MyXoo has 120 seconds left.
|
|t:|1758320280
|move|p1a: Dragapult|Shadow Ball|p2a: Regice
|-damage|p2a: Regice|44/100
|move|p2a: Regice|Ice Beam|p1a: Dragapult
|-supereffective|p1a: Dragapult
|-damage|p1a: Dragapult|0 fnt
|faint|p1a: Dragapult
|
|upkeep
|
|t:|1758320294
|switch|p1a: Kingambit|Kingambit, F, tera:Fairy|28/100
|-damage|p1a: Kingambit|15/100|[from] Stealth Rock
|-activate|p1a: Kingambit|ability: Supreme Overlord
|-start|p1a: Kingambit|fallen3|[silent]
|turn|25
|
|t:|1758320310
|switch|p2a: Amoonguss|Amoonguss, M, shiny|87/100
|move|p1a: Kingambit|Swords Dance|p1a: Kingambit
|-boost|p1a: Kingambit|atk|2
|
|-heal|p1a: Kingambit|21/100|[from] item: Leftovers
|upkeep
|turn|26
|
|t:|1758320318
|move|p1a: Kingambit|Kowtow Cleave|p2a: Amoonguss
|-damage|p2a: Amoonguss|1/100
|move|p2a: Amoonguss|Clear Smog|p1a: Kingambit
|-supereffective|p1a: Kingambit
|-damage|p1a: Kingambit|0 fnt
|-clearboost|p1a: Kingambit
|faint|p1a: Kingambit
|-end|p1a: Kingambit|fallen3|[silent]
|
|upkeep
|c|☆MyXoo|bruh
|
|t:|1758320327
|switch|p1a: Landorus|Landorus-Therian, M|88/100
|-damage|p1a: Landorus|76/100|[from] Stealth Rock
|-ability|p1a: Landorus|Intimidate|boost
|-unboost|p2a: Amoonguss|atk|1
|turn|27
|
|t:|1758320341
|move|p1a: Landorus|Earthquake|p2a: Amoonguss
|-damage|p2a: Amoonguss|0 fnt
|faint|p2a: Amoonguss
|
|upkeep
|
|t:|1758320346
|switch|p2a: Regice|Regice, shiny|44/100
|turn|28
|
|t:|1758320351
|move|p1a: Landorus|Earthquake|p2a: Regice
|-damage|p2a: Regice|0 fnt
|faint|p2a: Regice
|
|upkeep
|-message|thqrun forfeited.
|
|win|MyXoo
|raw|MyXoo's rating: 1390 &rarr; <strong>1408</strong><br />(+18 for winning)
|raw|thqrun's rating: 1359 &rarr; <strong>1341</strong><br />(-18 for losing)
