|j|☆manambintsoa
|j|☆ICElIED
|t:|1758298398
|gametype|singles
|player|p1|manambintsoa|burglar|1413
|player|p2|ICElIED|steven|1370
|gen|9
|tier|[Gen 9] OU
|rated|
|rule|HP Percentage Mod: HP is shown in percentages
|rule|Endless Battle Clause: Forcing endless battles is banned
|rule|Species Clause: Limit one of each Pokémon
|rule|OHKO Clause: OHKO moves are banned
|rule|Evasion Items Clause: Evasion items are banned
|rule|Evasion Moves Clause: Evasion moves are banned
|rule|Evasion Abilities Clause: Evasion abilities are banned
|rule|Sleep Moves Clause: Sleep-inducing moves are banned
|clearpoke
|poke|p1|Zapdos|
|poke|p1|Slowking-Galar, M|
|poke|p1|Dragonite, F|
|poke|p1|Samurott-Hisui, F|
|poke|p1|Iron Treads|
|poke|p1|Tauros-Paldea-Aqua, M|
|poke|p2|Samurott-Hisui, M|
|poke|p2|Meloetta|
|poke|p2|Hydrapple, F|
|poke|p2|Gyarados, F|
|poke|p2|Iron Treads|
|poke|p2|Ceruledge, F|
|teampreview
|
|t:|1758298423
|teamsize|p1|6
|teamsize|p2|6
|start
|switch|p1a: Samurott|Samurott-Hisui, F, shiny|100/100
|switch|p2a: Samurott|Samurott-Hisui, M|100/100
|turn|1
|
|t:|1758298435
|move|p1a: Samurott|Flip Turn|p2a: Samurott
|-resisted|p2a: Samurott
|-damage|p2a: Samurott|85/100
|
|t:|1758298440
|switch|p1a: Zapdos|Zapdos|100/100|[from] Flip Turn
|move|p2a: Samurott|Sacred Sword|p1a: Zapdos
|-resisted|p1a: Zapdos
|-damage|p1a: Zapdos|80/100
|
|upkeep
|turn|2
|
|t:|1758298451
|switch|p2a: Iron Treads|Iron Treads|100/100
|-enditem|p2a: Iron Treads|Booster Energy
|-activate|p2a: Iron Treads|ability: Quark Drive|[fromitem]
|-start|p2a: Iron Treads|quarkdriveatk
|move|p1a: Zapdos|U-turn|p2a: Iron Treads
|-resisted|p2a: Iron Treads
|-damage|p2a: Iron Treads|95/100
|
|t:|1758298470
|switch|p1a: Tauros|Tauros-Paldea-Aqua, M|100/100|[from] U-turn
|-ability|p1a: Tauros|Intimidate|boost
|-unboost|p2a: Iron Treads|atk|1
|
|upkeep
|turn|3
|
|t:|1758298481
|move|p2a: Iron Treads|Supercell Slam|p1a: Tauros
|-supereffective|p1a: Tauros
|-damage|p1a: Tauros|59/100
|move|p1a: Tauros|Bulk Up|p1a: Tauros
|-boost|p1a: Tauros|atk|1
|-boost|p1a: Tauros|def|1
|
|-heal|p1a: Tauros|65/100|[from] item: Leftovers
|upkeep
|turn|4
|
|t:|1758298495
|-end|p2a: Iron Treads|Quark Drive|[silent]
|switch|p2a: Hydrapple|Hydrapple, F|100/100
|move|p1a: Tauros|Trailblaze|p2a: Hydrapple
|-resisted|p2a: Hydrapple
|-damage|p2a: Hydrapple|98/100
|-boost|p1a: Tauros|spe|1
|
|-heal|p1a: Tauros|71/100|[from] item: Leftovers
|upkeep
|turn|5
|
|t:|1758298504
|switch|p1a: Slowking|Slowking-Galar, M|100/100
|move|p2a: Hydrapple|Giga Drain|p1a: Slowking
|-resisted|p1a: Slowking
|-damage|p1a: Slowking|92/100
|-heal|p2a: Hydrapple|100/100|[from] drain|[of] p1a: Slowking
|
|upkeep
|turn|6
|
|t:|1758298513
|switch|p2a: Iron Treads|Iron Treads|95/100
|move|p1a: Slowking|Ice Beam|p2a: Iron Treads
|-damage|p2a: Iron Treads|54/100
|
|upkeep
|turn|7
|
|t:|1758298521
|move|p2a: Iron Treads|Stealth Rock|p1a: Slowking
|-sidestart|p1: manambintsoa|move: Stealth Rock
|move|p1a: Slowking|Flamethrower|p2a: Iron Treads
|-supereffective|p2a: Iron Treads
|-damage|p2a: Iron Treads|0 fnt
|faint|p2a: Iron Treads
|-end|p2a: Iron Treads|Quark Drive|[silent]
|
|upkeep
|
|t:|1758298529
|switch|p2a: Samurott|Samurott-Hisui, M|85/100
|turn|8
|
|t:|1758298544
|switch|p1a: Samurott|Samurott-Hisui, F, shiny|100/100
|-damage|p1a: Samurott|88/100|[from] Stealth Rock
|move|p2a: Samurott|Ceaseless Edge|p1a: Samurott
|-resisted|p1a: Samurott
|-damage|p1a: Samurott|56/100
|-sidestart|p1: manambintsoa|Spikes
|
|upkeep
|turn|9
|
|t:|1758298563
|switch|p2a: Gyarados|Gyarados, F|100/100
|move|p1a: Samurott|Ceaseless Edge|p2a: Gyarados
|-crit|p2a: Gyarados
|-damage|p2a: Gyarados|20/100
|-sidestart|p2: ICElIED|Spikes
|
|upkeep
|turn|10
|
|t:|1758298570
|move|p1a: Samurott|Ceaseless Edge|p2a: Gyarados
|-damage|p2a: Gyarados|0 fnt
|-sidestart|p2: ICElIED|Spikes
|faint|p2a: Gyarados
|
|upkeep
|
|t:|1758298575
|switch|p2a: Samurott|Samurott-Hisui, M|85/100
|turn|11
|
|t:|1758298595
|switch|p1a: Zapdos|Zapdos|80/100
|move|p2a: Samurott|Ceaseless Edge|p1a: Zapdos
|-damage|p1a: Zapdos|33/100
|-sidestart|p1: manambintsoa|Spikes
|
|upkeep
|turn|12
|
|t:|1758298603
|move|p2a: Samurott|Sucker Punch|p1a: Zapdos
|-crit|p1a: Zapdos
|-damage|p1a: Zapdos|0 fnt
|faint|p1a: Zapdos
|
|upkeep
|
|t:|1758298621
|switch|p1a: Iron Treads|Iron Treads|100/100
|-damage|p1a: Iron Treads|97/100|[from] Stealth Rock
|-damage|p1a: Iron Treads|81/100|[from] Spikes
|turn|13
|
|t:|1758298631
|move|p1a: Iron Treads|Rapid Spin|p2a: Samurott
|-damage|p2a: Samurott|69/100
|-boost|p1a: Iron Treads|spe|1
|-sideend|p1: manambintsoa|Spikes|[from] move: Rapid Spin|[of] p1a: Iron Treads
|-sideend|p1: manambintsoa|Stealth Rock|[from] move: Rapid Spin|[of] p1a: Iron Treads
|move|p2a: Samurott|Aqua Cutter|p1a: Iron Treads
|-supereffective|p1a: Iron Treads
|-damage|p1a: Iron Treads|0 fnt
|faint|p1a: Iron Treads
|-end|p1a: Iron Treads|Quark Drive|[silent]
|
|upkeep
|
|t:|1758298643
|switch|p1a: Dragonite|Dragonite, F|100/100
|turn|14
|
|t:|1758298648
|switch|p2a: Hydrapple|Hydrapple, F|100/100
|move|p1a: Dragonite|Dragon Dance|p1a: Dragonite
|-boost|p1a: Dragonite|atk|1
|-boost|p1a: Dragonite|spe|1
|
|upkeep
|turn|15
|
|t:|1758298663
|-terastallize|p2a: Hydrapple|Fairy
|move|p1a: Dragonite|Ice Spinner|p2a: Hydrapple
|-damage|p2a: Hydrapple|72/100
|move|p2a: Hydrapple|Nasty Plot|p2a: Hydrapple
|-boost|p2a: Hydrapple|spa|2
|
|upkeep
|turn|16
|
|t:|1758298675
|-terastallize|p1a: Dragonite|Normal
|move|p1a: Dragonite|Extreme Speed|p2a: Hydrapple
|-damage|p2a: Hydrapple|32/100
|move|p2a: Hydrapple|Fickle Beam|p1a: Dragonite
|-damage|p1a: Dragonite|67/100
|
|upkeep
|turn|17
|
|t:|1758298690
|switch|p2a: Ceruledge|Ceruledge, F|100/100
|move|p1a: Dragonite|Extreme Speed|p2a: Ceruledge
|-immune|p2a: Ceruledge
|
|upkeep
|turn|18
|
|t:|1758298699
|move|p1a: Dragonite|Earthquake|p2a: Ceruledge
|-supereffective|p2a: Ceruledge
|-damage|p2a: Ceruledge|0 fnt
|faint|p2a: Ceruledge
|
|upkeep
|
|t:|1758298702
|switch|p2a: Hydrapple|Hydrapple, F, tera:Fairy|65/100
|turn|19
|
|t:|1758298715
|switch|p1a: Slowking|Slowking-Galar, M|100/100
|move|p2a: Hydrapple|Giga Drain|p1a: Slowking
|-resisted|p1a: Slowking
|-damage|p1a: Slowking|92/100
|-heal|p2a: Hydrapple|69/100|[from] drain|[of] p1a: Slowking
|
|upkeep
|turn|20
|
|t:|1758298729
|switch|p2a: Samurott|Samurott-Hisui, M|69/100
|move|p1a: Slowking|Sludge Bomb|p2a: Samurott
|-damage|p2a: Samurott|7/100
|
|upkeep
|turn|21
|
|t:|1758298738
|switch|p1a: Tauros|Tauros-Paldea-Aqua, M|71/100
|-ability|p1a: Tauros|Intimidate|boost
|-unboost|p2a: Samurott|atk|1
|move|p2a: Samurott|Ceaseless Edge|p1a: Tauros
|-resisted|p1a: Tauros
|-damage|p1a: Tauros|59/100
|-sidestart|p1: manambintsoa|Spikes
|
|-heal|p1a: Tauros|65/100|[from] item: Leftovers
|upkeep
|turn|22
|
|t:|1758298749
|move|p1a: Tauros|Trailblaze|p2a: Samurott
|-supereffective|p2a: Samurott
|-damage|p2a: Samurott|0 fnt
|-boost|p1a: Tauros|spe|1
|faint|p2a: Samurott
|
|-heal|p1a: Tauros|71/100|[from] item: Leftovers
|upkeep
|
|t:|1758298755
|switch|p2a: Hydrapple|Hydrapple, F, tera:Fairy|100/100
|turn|23
|
|t:|1758298767
|switch|p1a: Slowking|Slowking-Galar, M|100/100
|-damage|p1a: Slowking|88/100|[from] Spikes
|move|p2a: Hydrapple|Nasty Plot|p2a: Hydrapple
|-boost|p2a: Hydrapple|spa|2
|
|upkeep
|turn|24
|
|t:|1758298773
|move|p2a: Hydrapple|Earth Power|p1a: Slowking
|-supereffective|p1a: Slowking
|-damage|p1a: Slowking|41/100
|move|p1a: Slowking|Sludge Bomb|p2a: Hydrapple
|-supereffective|p2a: Hydrapple
|-damage|p2a: Hydrapple|2/100
|
|upkeep
|turn|25
|
|t:|1758298785
|move|p2a: Hydrapple|Earth Power|p1a: Slowking
|-supereffective|p1a: Slowking
|-damage|p1a: Slowking|0 fnt
|faint|p1a: Slowking
|
|upkeep
|
|t:|1758298790
|switch|p1a: Dragonite|Dragonite, F, tera:Normal|67/100
|turn|26
|
|t:|1758298796
|move|p1a: Dragonite|Extreme Speed|p2a: Hydrapple
|-damage|p2a: Hydrapple|0 fnt
|faint|p2a: Hydrapple
|
|upkeep
|
|t:|1758298798
|switch|p2a: Meloetta|Meloetta|100/100
|-damage|p2a: Meloetta|84/100|[from] Spikes
|turn|27
|
|t:|1758298806
|move|p1a: Dragonite|Extreme Speed|p2a: Meloetta
|-damage|p2a: Meloetta|22/100
|move|p2a: Meloetta|Hyper Voice|p1a: Dragonite
|-damage|p1a: Dragonite|18/100
|
|upkeep
|turn|28
|
|t:|1758298812
|move|p1a: Dragonite|Extreme Speed|p2a: Meloetta
|-damage|p2a: Meloetta|0 fnt
|faint|p2a: Meloetta
|
|win|manambintsoa
|raw|manambintsoa's rating: 1413 &rarr; <strong>1431</strong><br />(+18 for winning)
|raw|ICElIED's rating: 1370 &rarr; <strong>1352</strong><br />(-18 for losing)
|l|☆ICElIED
|player|p2|
