|j|☆bladesatoshix
|j|☆panzershock
|t:|1758355948
|gametype|singles
|player|p1|bladesatoshix|drayden|1244
|player|p2|panzershock|2|1226
|gen|9
|tier|[Gen 9] OU
|rated|
|rule|HP Percentage Mod: HP is shown in percentages
|rule|Endless Battle Clause: Forcing endless battles is banned
|rule|Species Clause: Limit one of each Pokémon
|rule|OHKO Clause: OHKO moves are banned
|rule|Evasion Items Clause: Evasion items are banned
|rule|Evasion Moves Clause: Evasion moves are banned
|rule|Evasion Abilities Clause: Evasion abilities are banned
|rule|Sleep Moves Clause: Sleep-inducing moves are banned
|clearpoke
|poke|p1|Swampert, M|
|poke|p1|Clefable, F|
|poke|p1|Ogerpon-Cornerstone, F|
|poke|p1|Lokix, M|
|poke|p1|Weezing-Galar, F|
|poke|p1|Gholdengo|
|poke|p2|Toucannon, F|
|poke|p2|Flapple, F|
|poke|p2|Ditto|
|poke|p2|Metagross|
|poke|p2|Yanmega, F|
|poke|p2|Cinccino, F|
|teampreview
|inactive|Battle timer is ON: inactive players will automatically lose when time's up. (requested by bladesatoshix)
|
|t:|1758355956
|teamsize|p1|6
|teamsize|p2|6
|start
|switch|p1a: issho|Swampert, M|100/100
|switch|p2a: Toucannon|Toucannon, F|100/100
|turn|1
|c|☆bladesatoshix|glhf :(
|c|☆bladesatoshix|*:)
|
|t:|1758355968
|-singleturn|p2a: Toucannon|move: Beak Blast
|move|p1a: issho|Stealth Rock|p2a: Toucannon
|-sidestart|p2: panzershock|move: Stealth Rock
|move|p2a: Toucannon|Beak Blast|p1a: issho
|-damage|p1a: issho|41/100
|-damage|p2a: Toucannon|91/100|[from] item: Life Orb
|
|-heal|p1a: issho|48/100|[from] item: Leftovers
|upkeep
|turn|2
|
|t:|1758355981
|-singleturn|p2a: Toucannon|move: Beak Blast
|move|p1a: issho|Knock Off|p2a: Toucannon
|-damage|p2a: Toucannon|64/100
|-status|p1a: issho|brn
|-enditem|p2a: Toucannon|Life Orb|[from] move: Knock Off|[of] p1a: issho
|move|p2a: Toucannon|Beak Blast|p1a: issho
|-damage|p1a: issho|0 fnt
|faint|p1a: issho
|
|upkeep
|
|t:|1758355993
|switch|p1a: hikaru|Ogerpon-Cornerstone, F|100/100
|turn|3
|
|t:|1758355998
|switch|p2a: Metagross|Metagross|100/100
|-damage|p2a: Metagross|94/100|[from] Stealth Rock
|move|p1a: hikaru|Ivy Cudgel|p2a: Metagross|[anim] Ivy Cudgel Rock
|-resisted|p2a: Metagross
|-damage|p2a: Metagross|74/100
|
|upkeep
|turn|4
|c|☆bladesatoshix|cool team very unique!
|
|t:|1758356007
|switch|p1a: chocho|Gholdengo|100/100
|-item|p1a: chocho|Air Balloon
|move|p2a: Metagross|Earthquake|p1a: chocho
|-immune|p1a: chocho
|
|upkeep
|turn|5
|
|t:|1758356015
|move|p1a: chocho|Shadow Ball|p2a: Metagross
|-supereffective|p2a: Metagross
|-damage|p2a: Metagross|9/100
|move|p2a: Metagross|Psychic Fangs|p1a: chocho
|-resisted|p1a: chocho
|-damage|p1a: chocho|78/100
|-enditem|p1a: chocho|Air Balloon
|
|upkeep
|turn|6
|
|t:|1758356025
|switch|p2a: Toucannon|Toucannon, F|64/100
|-damage|p2a: Toucannon|39/100|[from] Stealth Rock
|move|p1a: chocho|Shadow Ball|p2a: Toucannon
|-immune|p2a: Toucannon
|
|upkeep
|turn|7
|
|t:|1758356029
|move|p1a: chocho|Make It Rain|p2a: Toucannon
|-damage|p2a: Toucannon|0 fnt
|-unboost|p1a: chocho|spa|1
|faint|p2a: Toucannon
|
|upkeep
|
|t:|1758356039
|switch|p2a: Cinccino|Cinccino, F|100/100
|-damage|p2a: Cinccino|88/100|[from] Stealth Rock
|turn|8
|
|t:|1758356050
|switch|p1a: akane|Clefable, F|100/100
|move|p2a: Cinccino|Tidy Up|p2a: Cinccino
|-sideend|p2: panzershock|Stealth Rock
|-activate|p2a: Cinccino|move: Tidy Up
|-boost|p2a: Cinccino|atk|1
|-boost|p2a: Cinccino|spe|1
|
|upkeep
|turn|9
|
|t:|1758356060
|move|p2a: Cinccino|Triple Axel|p1a: akane
|-damage|p1a: akane|94/100
|-damage|p1a: akane|82/100
|-damage|p1a: akane|63/100
|-hitcount|p1a: akane|3
|move|p1a: akane|Wish|p1a: akane
|
|-heal|p1a: akane|69/100|[from] item: Leftovers
|upkeep
|turn|10
|
|t:|1758356072
|move|p2a: Cinccino|Triple Axel|p1a: akane
|-damage|p1a: akane|63/100
|-damage|p1a: akane|50/100
|-damage|p1a: akane|29/100
|-hitcount|p1a: akane|3
|move|p1a: akane|Calm Mind|p1a: akane
|-boost|p1a: akane|spa|1
|-boost|p1a: akane|spd|1
|
|-heal|p1a: akane|79/100|[from] move: Wish|[wisher] akane
|-heal|p1a: akane|85/100|[from] item: Leftovers
|upkeep
|turn|11
|
|t:|1758356082
|switch|p2a: Flapple|Flapple, F|100/100
|move|p1a: akane|Moonblast|p2a: Flapple
|-supereffective|p2a: Flapple
|-enditem|p2a: Flapple|Focus Sash
|-damage|p2a: Flapple|1/100
|
|-heal|p1a: akane|91/100|[from] item: Leftovers
|upkeep
|turn|12
|
|t:|1758356089
|-terastallize|p2a: Flapple|Grass
|move|p2a: Flapple|Grav Apple|p1a: akane
|-damage|p1a: akane|24/100
|-unboost|p1a: akane|def|1
|move|p1a: akane|Moonblast|p2a: Flapple
|-damage|p2a: Flapple|0 fnt
|faint|p2a: Flapple
|
|-heal|p1a: akane|30/100|[from] item: Leftovers
|upkeep
|c|☆bladesatoshix|sending out a dragon vs a fairy was unexpected
|
|t:|1758356103
|switch|p2a: Ditto|Ditto|100/100
|-transform|p2a: Ditto|p1a: akane|[from] ability: Imposter
|turn|13
|
|t:|1758356108
|move|p1a: akane|Protect|p1a: akane
|-singleturn|p1a: akane|Protect
|move|p2a: Ditto|Moonblast|p1a: akane
|-activate|p1a: akane|move: Protect
|
|-heal|p1a: akane|36/100|[from] item: Leftovers
|upkeep
|turn|14
|
|t:|1758356114
|move|p1a: akane|Wish|p1a: akane
|move|p2a: Ditto|Moonblast|p1a: akane
|-damage|p1a: akane|4/100
|
|-heal|p1a: akane|10/100|[from] item: Leftovers
|upkeep
|turn|15
|
|t:|1758356126
|switch|p2a: Metagross|Metagross|9/100
|move|p1a: akane|Protect||[still]
|-fail|p1a: akane
|
|-heal|p1a: akane|60/100|[from] move: Wish|[wisher] akane
|-heal|p1a: akane|66/100|[from] item: Leftovers
|upkeep
|turn|16
|
|t:|1758356134
|switch|p1a: chocho|Gholdengo|78/100
|move|p2a: Metagross|Bullet Punch|p1a: chocho
|-resisted|p1a: chocho
|-damage|p1a: chocho|66/100
|
|upkeep
|turn|17
|
|t:|1758356147
|switch|p2a: Cinccino|Cinccino, F|88/100
|move|p1a: chocho|Make It Rain|p2a: Cinccino
|-damage|p2a: Cinccino|0 fnt
|-unboost|p1a: chocho|spa|1
|faint|p2a: Cinccino
|
|upkeep
|
|t:|1758356152
|switch|p2a: Yanmega|Yanmega, F|100/100
|turn|18
|
|t:|1758356162
|switch|p1a: shiguma|Weezing-Galar, F, shiny|100/100
|-ability|p1a: shiguma|Neutralizing Gas
|move|p2a: Yanmega|Air Slash|p1a: shiguma
|-damage|p1a: shiguma|71/100
|
|upkeep
|turn|19
|
|t:|1758356172
|move|p2a: Yanmega|Air Slash|p1a: shiguma
|-damage|p1a: shiguma|46/100
|move|p1a: shiguma|Strange Steam|p2a: Yanmega
|-damage|p2a: Yanmega|60/100
|
|-heal|p2a: Yanmega|66/100|[from] item: Leftovers
|upkeep
|turn|20
|c|☆bladesatoshix|oh not speed boost?
|
|t:|1758356183
|move|p2a: Yanmega|Air Slash|p1a: shiguma
|-damage|p1a: shiguma|21/100
|move|p1a: shiguma|Strange Steam|p2a: Yanmega
|-damage|p2a: Yanmega|24/100
|
|-heal|p2a: Yanmega|30/100|[from] item: Leftovers
|upkeep
|turn|21
|
|t:|1758356192
|move|p2a: Yanmega|Air Slash|p1a: shiguma
|-crit|p1a: shiguma
|-damage|p1a: shiguma|0 fnt
|faint|p1a: shiguma
|-end|p1a: shiguma|ability: Neutralizing Gas
|
|-heal|p2a: Yanmega|36/100|[from] item: Leftovers
|upkeep
|
|t:|1758356196
|switch|p1a: karashi|Lokix, M, shiny|100/100
|turn|22
|
|t:|1758356204
|move|p1a: karashi|First Impression|p2a: Yanmega
|-resisted|p2a: Yanmega
|-damage|p2a: Yanmega|0 fnt
|faint|p2a: Yanmega
|
|upkeep
|
|t:|1758356209
|switch|p2a: Ditto|Ditto|100/100
|-transform|p2a: Ditto|p1a: karashi|[from] ability: Imposter
|turn|23
|
|t:|1758356218
|switch|p1a: akane|Clefable, F|66/100
|move|p2a: Ditto|U-turn|p1a: akane
|-resisted|p1a: akane
|-damage|p1a: akane|39/100
|
|t:|1758356223
|switch|p2a: Metagross|Metagross|9/100|[from] U-turn
|
|-heal|p1a: akane|45/100|[from] item: Leftovers
|upkeep
|turn|24
|
|t:|1758356227
|switch|p1a: chocho|Gholdengo|66/100
|move|p2a: Metagross|Earthquake|p1a: chocho
|-supereffective|p1a: chocho
|-damage|p1a: chocho|0 fnt
|faint|p1a: chocho
|
|upkeep
|
|t:|1758356229
|switch|p1a: karashi|Lokix, M, shiny|100/100
|turn|25
|
|t:|1758356237
|move|p1a: karashi|First Impression|p2a: Metagross
|-damage|p2a: Metagross|0 fnt
|faint|p2a: Metagross
|
|upkeep
|
|t:|1758356239
|switch|p2a: Ditto|Ditto|100/100
|-transform|p2a: Ditto|p1a: karashi|[from] ability: Imposter
|turn|26
|
|t:|1758356247
|switch|p1a: akane|Clefable, F|45/100
|move|p2a: Ditto|First Impression|p1a: akane
|-resisted|p1a: akane
|-damage|p1a: akane|10/100
|
|-heal|p1a: akane|16/100|[from] item: Leftovers
|upkeep
|turn|27
|c|☆bladesatoshix|gg
|
|t:|1758356256
|move|p2a: Ditto|Knock Off|p1a: akane
|-resisted|p1a: akane
|-damage|p1a: akane|0 fnt
|-enditem|p1a: akane|Leftovers|[from] move: Knock Off|[of] p2a: Ditto
|faint|p1a: akane
|
|upkeep
|
|t:|1758356258
|switch|p1a: karashi|Lokix, M, shiny|100/100
|turn|28
|
|t:|1758356264
|-terastallize|p1a: karashi|Bug
|move|p1a: karashi|First Impression|p2a: Ditto
|-supereffective|p2a: Ditto
|-damage|p2a: Ditto|0 fnt
|faint|p2a: Ditto
|
|win|bladesatoshix
|raw|bladesatoshix's rating: 1244 &rarr; <strong>1268</strong><br />(+24 for winning)
|raw|panzershock's rating: 1226 &rarr; <strong>1202</strong><br />(-24 for losing)
|l|☆panzershock
|player|p2|
|l|☆bladesatoshix
|player|p1|
