|j|☆larplegion
|j|☆SittinGamer
|t:|1758251392
|gametype|singles
|player|p1|larplegion|170|1651
|player|p2|SittinGamer|dawn-gen4pt|1701
|gen|9
|tier|[Gen 9] OU
|rated|
|rule|HP Percentage Mod: HP is shown in percentages
|rule|Endless Battle Clause: Forcing endless battles is banned
|rule|Species Clause: Limit one of each Pokémon
|rule|OHKO Clause: OHKO moves are banned
|rule|Evasion Items Clause: Evasion items are banned
|rule|Evasion Moves Clause: Evasion moves are banned
|rule|Evasion Abilities Clause: Evasion abilities are banned
|rule|Sleep Moves Clause: Sleep-inducing moves are banned
|clearpoke
|poke|p1|Arcanine-Hisui, M|
|poke|p1|Rillaboom, M|
|poke|p1|Hatterene, F|
|poke|p1|Gholdengo|
|poke|p1|Zamazenta-*|
|poke|p1|Hydreigon, M|
|poke|p2|Infernape, M|
|poke|p2|Ogerpon-Wellspring, F|
|poke|p2|Gholdengo|
|poke|p2|Hatterene, F|
|poke|p2|Great Tusk|
|poke|p2|Zamazenta-*|
|teampreview
|
|t:|1758251403
|teamsize|p1|6
|teamsize|p2|6
|start
|switch|p1a: Kong|Rillaboom, M, shiny|100/100
|switch|p2a: Infernape|Infernape, M|100/100
|-fieldstart|move: Grassy Terrain|[from] ability: Grassy Surge|[of] p1a: Kong
|turn|1
|
|t:|1758251419
|switch|p1a: Lacey Evans|Hatterene, F, shiny|100/100
|move|p2a: Infernape|Overheat|p1a: Lacey Evans
|-damage|p1a: Lacey Evans|34/100
|-unboost|p2a: Infernape|spa|2
|
|-heal|p1a: Lacey Evans|40/100|[from] Grassy Terrain
|upkeep
|turn|2
|
|t:|1758251431
|move|p2a: Infernape|Overheat|p1a: Lacey Evans
|-crit|p1a: Lacey Evans
|-damage|p1a: Lacey Evans|0 fnt
|-unboost|p2a: Infernape|spa|2
|faint|p1a: Lacey Evans
|
|upkeep
|c|☆larplegion|alr
|
|t:|1758251446
|switch|p1a: Kong|Rillaboom, M, shiny|100/100
|turn|3
|
|t:|1758251450
|move|p2a: Infernape|Stealth Rock|p1a: Kong
|-sidestart|p1: larplegion|move: Stealth Rock
|move|p1a: Kong|High Horsepower|p2a: Infernape
|-supereffective|p2a: Infernape
|-enditem|p2a: Infernape|Focus Sash
|-damage|p2a: Infernape|1/100
|
|-heal|p2a: Infernape|7/100|[from] Grassy Terrain
|upkeep
|turn|4
|
|t:|1758251458
|switch|p2a: Zamazenta|Zamazenta|100/100
|-ability|p2a: Zamazenta|Dauntless Shield|boost
|-boost|p2a: Zamazenta|def|1
|move|p1a: Kong|Grassy Glide|p2a: Zamazenta
|-damage|p2a: Zamazenta|82/100
|
|-heal|p2a: Zamazenta|88/100|[from] Grassy Terrain
|-heal|p2a: Zamazenta|94/100|[from] item: Leftovers
|upkeep
|turn|5
|
|t:|1758251461
|move|p2a: Zamazenta|Iron Defense|p2a: Zamazenta
|-boost|p2a: Zamazenta|def|2
|move|p1a: Kong|U-turn|p2a: Zamazenta
|-resisted|p2a: Zamazenta
|-damage|p2a: Zamazenta|90/100
|
|t:|1758251465
|switch|p1a: Spirit Rush|Gholdengo, shiny|100/100|[from] U-turn
|-damage|p1a: Spirit Rush|94/100|[from] Stealth Rock
|
|-heal|p2a: Zamazenta|97/100|[from] Grassy Terrain
|-heal|p2a: Zamazenta|100/100|[from] item: Leftovers
|-heal|p1a: Spirit Rush|100/100|[from] Grassy Terrain
|-fieldend|move: Grassy Terrain
|upkeep
|turn|6
|
|t:|1758251467
|move|p2a: Zamazenta|Crunch|p1a: Spirit Rush
|-supereffective|p1a: Spirit Rush
|-damage|p1a: Spirit Rush|52/100
|move|p1a: Spirit Rush|Make It Rain|p2a: Zamazenta
|-damage|p2a: Zamazenta|34/100
|-unboost|p1a: Spirit Rush|spa|1
|
|-heal|p2a: Zamazenta|40/100|[from] item: Leftovers
|upkeep
|turn|7
|
|t:|1758251471
|move|p2a: Zamazenta|Crunch|p1a: Spirit Rush
|-supereffective|p1a: Spirit Rush
|-damage|p1a: Spirit Rush|1/100
|move|p1a: Spirit Rush|Make It Rain|p2a: Zamazenta
|-damage|p2a: Zamazenta|0 fnt
|-unboost|p1a: Spirit Rush|spa|1
|faint|p2a: Zamazenta
|
|upkeep
|
|t:|1758251476
|switch|p2a: Great Tusk|Great Tusk|100/100
|-enditem|p2a: Great Tusk|Booster Energy
|-activate|p2a: Great Tusk|ability: Protosynthesis|[fromitem]
|-start|p2a: Great Tusk|protosynthesisatk
|turn|8
|
|t:|1758251479
|move|p2a: Great Tusk|Ice Spinner|p1a: Spirit Rush
|-resisted|p1a: Spirit Rush
|-damage|p1a: Spirit Rush|0 fnt
|faint|p1a: Spirit Rush
|
|upkeep
|
|t:|1758251482
|switch|p1a: Hybrid|Hydreigon, M, shiny|100/100
|-damage|p1a: Hybrid|88/100|[from] Stealth Rock
|turn|9
|
|t:|1758251487
|move|p1a: Hybrid|Draco Meteor|p2a: Great Tusk
|-damage|p2a: Great Tusk|0 fnt
|-unboost|p1a: Hybrid|spa|2
|faint|p2a: Great Tusk
|-end|p2a: Great Tusk|Protosynthesis|[silent]
|-enditem|p1a: Hybrid|Eject Pack
|
|t:|1758251495
|switch|p1a: Kong|Rillaboom, M, shiny|100/100
|-damage|p1a: Kong|88/100|[from] Stealth Rock
|-fieldstart|move: Grassy Terrain|[from] ability: Grassy Surge|[of] p1a: Kong
|
|-heal|p1a: Kong|94/100|[from] Grassy Terrain
|upkeep
|
|t:|1758251507
|switch|p2a: Gholdengo|Gholdengo|100/100
|turn|10
|
|t:|1758251514
|move|p2a: Gholdengo|Shadow Ball|p1a: Kong
|-damage|p1a: Kong|56/100
|-unboost|p1a: Kong|spd|1
|move|p1a: Kong|Knock Off|p2a: Gholdengo
|-supereffective|p2a: Gholdengo
|-damage|p2a: Gholdengo|25/100
|-enditem|p2a: Gholdengo|Choice Scarf|[from] move: Knock Off|[of] p1a: Kong
|
|-heal|p1a: Kong|62/100|[from] Grassy Terrain
|-heal|p2a: Gholdengo|31/100|[from] Grassy Terrain
|upkeep
|turn|11
|
|t:|1758251520
|move|p1a: Kong|Knock Off|p2a: Gholdengo
|-supereffective|p2a: Gholdengo
|-damage|p2a: Gholdengo|0 fnt
|faint|p2a: Gholdengo
|
|-heal|p1a: Kong|69/100|[from] Grassy Terrain
|upkeep
|
|t:|1758251524
|switch|p2a: Hatterene|Hatterene, F|100/100
|turn|12
|
|t:|1758251527
|move|p1a: Kong|U-turn|p2a: Hatterene
|-damage|p2a: Hatterene|78/100
|
|t:|1758251528
|switch|p1a: Obsidian|Arcanine-Hisui, M, shiny|100/100|[from] U-turn
|-damage|p1a: Obsidian|76/100|[from] Stealth Rock
|move|p2a: Hatterene|Draining Kiss|p1a: Obsidian
|-resisted|p1a: Obsidian
|-damage|p1a: Obsidian|60/100
|-heal|p2a: Hatterene|92/100|[from] drain|[of] p1a: Obsidian
|
|-heal|p1a: Obsidian|66/100|[from] Grassy Terrain
|-heal|p2a: Hatterene|98/100|[from] Grassy Terrain
|upkeep
|turn|13
|
|t:|1758251532
|move|p1a: Obsidian|Head Smash|p2a: Hatterene
|-damage|p2a: Hatterene|4/100
|move|p2a: Hatterene|Nuzzle|p1a: Obsidian
|-damage|p1a: Obsidian|61/100
|-status|p1a: Obsidian|par
|
|-heal|p1a: Obsidian|67/100 par|[from] Grassy Terrain
|-heal|p2a: Hatterene|11/100|[from] Grassy Terrain
|-fieldend|move: Grassy Terrain
|upkeep
|turn|14
|j| buluofen
|
|t:|1758251538
|move|p1a: Obsidian|Head Smash|p2a: Hatterene
|-damage|p2a: Hatterene|0 fnt
|faint|p2a: Hatterene
|
|upkeep
|
|t:|1758251540
|switch|p2a: Ogerpon|Ogerpon-Wellspring, F|100/100
|turn|15
|
|t:|1758251546
|switch|p1a: Hybrid|Hydreigon, M, shiny|88/100
|-damage|p1a: Hybrid|76/100|[from] Stealth Rock
|move|p2a: Ogerpon|Ivy Cudgel|p1a: Hybrid|[anim] Ivy Cudgel Water
|-resisted|p1a: Hybrid
|-damage|p1a: Hybrid|39/100
|
|upkeep
|turn|16
|
|t:|1758251552
|move|p1a: Hybrid|Draco Meteor|p2a: Ogerpon
|-damage|p2a: Ogerpon|18/100
|-unboost|p1a: Hybrid|spa|2
|move|p2a: Ogerpon|Ivy Cudgel|p1a: Hybrid|[anim] Ivy Cudgel Water
|-resisted|p1a: Hybrid
|-damage|p1a: Hybrid|5/100
|
|upkeep
|turn|17
|
|t:|1758251556
|move|p1a: Hybrid|Stealth Rock|p2a: Ogerpon
|-sidestart|p2: SittinGamer|move: Stealth Rock
|move|p2a: Ogerpon|Knock Off|p1a: Hybrid
|-resisted|p1a: Hybrid
|-damage|p1a: Hybrid|0 fnt
|faint|p1a: Hybrid
|
|upkeep
|
|t:|1758251559
|switch|p1a: Kong|Rillaboom, M, shiny|69/100
|-damage|p1a: Kong|56/100|[from] Stealth Rock
|-fieldstart|move: Grassy Terrain|[from] ability: Grassy Surge|[of] p1a: Kong
|turn|18
|-message|SittinGamer forfeited.
|
|win|larplegion
|raw|larplegion's rating: 1651 &rarr; <strong>1674</strong><br />(+23 for winning)
|raw|SittinGamer's rating: 1701 &rarr; <strong>1678</strong><br />(-23 for losing)
|l|☆SittinGamer
|player|p2|
|l| buluofen
