|j|☆Obotwinkletoes
|j|☆U_Quokka
|t:|1758345086
|gametype|singles
|player|p1|Obotwinkletoes|2|1370
|player|p2|U_Quokka|waiter-gen4dp|1340
|gen|9
|tier|[Gen 9] OU
|rated|
|rule|HP Percentage Mod: HP is shown in percentages
|rule|Endless Battle Clause: Forcing endless battles is banned
|rule|Species Clause: Limit one of each Pokémon
|rule|OHKO Clause: OHKO moves are banned
|rule|Evasion Items Clause: Evasion items are banned
|rule|Evasion Moves Clause: Evasion moves are banned
|rule|Evasion Abilities Clause: Evasion abilities are banned
|rule|Sleep Moves Clause: Sleep-inducing moves are banned
|clearpoke
|poke|p1|Thundurus, M|
|poke|p1|Slowking-Galar, M|
|poke|p1|Gyarados, M|
|poke|p1|Donphan, F|
|poke|p1|Diancie|
|poke|p1|Metagross|
|poke|p2|Iron Crown|
|poke|p2|Meowscarada, F|
|poke|p2|Great Tusk|
|poke|p2|Pecharunt|
|poke|p2|Ting-Lu|
|poke|p2|Iron Valiant|
|teampreview
|inactive|Battle timer is ON: inactive players will automatically lose when time's up. (requested by Obotwinkletoes)
|inactive|Obotwinkletoes has 120 seconds left.
|inactive|U_Quokka has 120 seconds left.
|
|t:|1758345141
|teamsize|p1|6
|teamsize|p2|6
|start
|switch|p1a: Metagross|Metagross, shiny|100/100
|switch|p2a: Iron Crown|Iron Crown|100/100
|turn|1
|
|t:|1758345150
|move|p2a: Iron Crown|Volt Switch|p1a: Metagross
|-damage|p1a: Metagross|60/100
|
|t:|1758345161
|-end|p2a: Iron Crown|Quark Drive|[silent]
|switch|p2a: Great Tusk|Great Tusk|100/100|[from] Volt Switch
|move|p1a: Metagross|Knock Off|p2a: Great Tusk
|-resisted|p2a: Great Tusk
|-damage|p2a: Great Tusk|89/100
|-enditem|p2a: Great Tusk|Leftovers|[from] move: Knock Off|[of] p1a: Metagross
|
|upkeep
|turn|2
|
|t:|1758345180
|-end|p2a: Great Tusk|Protosynthesis|[silent]
|switch|p2a: Iron Crown|Iron Crown|100/100
|switch|p1a: Gyarados|Gyarados, M, shiny|100/100
|
|upkeep
|turn|3
|
|t:|1758345198
|switch|p1a: Metagross|Metagross, shiny|60/100
|move|p2a: Iron Crown|Psychic Noise|p1a: Metagross
|-resisted|p1a: Metagross
|-damage|p1a: Metagross|44/100
|-start|p1a: Metagross|move: Heal Block
|
|upkeep
|turn|4
|
|t:|1758345210
|-end|p2a: Iron Crown|Quark Drive|[silent]
|switch|p2a: Ting-Lu|Ting-Lu|100/100
|-ability|p2a: Ting-Lu|Vessel of Ruin
|move|p1a: Metagross|Psychic Fangs|p2a: Ting-Lu
|-immune|p2a: Ting-Lu
|
|-end|p1a: Metagross|move: Heal Block
|upkeep
|turn|5
|
|t:|1758345221
|move|p1a: Metagross|Knock Off|p2a: Ting-Lu
|-resisted|p2a: Ting-Lu
|-damage|p2a: Ting-Lu|90/100
|-enditem|p2a: Ting-Lu|Leftovers|[from] move: Knock Off|[of] p1a: Metagross
|move|p2a: Ting-Lu|Stealth Rock|p1a: Metagross
|-sidestart|p1: Obotwinkletoes|move: Stealth Rock
|
|upkeep
|turn|6
|
|t:|1758345231
|move|p1a: Metagross|Trailblaze|p2a: Ting-Lu
|-supereffective|p2a: Ting-Lu
|-damage|p2a: Ting-Lu|70/100
|-boost|p1a: Metagross|spe|1
|move|p2a: Ting-Lu|Whirlwind|p1a: Metagross
|drag|p1a: Thundurus|Thundurus, M, shiny|100/100
|-damage|p1a: Thundurus|75/100|[from] Stealth Rock
|
|upkeep
|turn|7
|
|t:|1758345241
|move|p1a: Thundurus|Grass Knot|p2a: Ting-Lu
|-supereffective|p2a: Ting-Lu
|-damage|p2a: Ting-Lu|29/100
|-damage|p1a: Thundurus|65/100|[from] item: Life Orb
|move|p2a: Ting-Lu|Whirlwind|p1a: Thundurus
|drag|p1a: Metagross|Metagross, shiny|44/100
|-damage|p1a: Metagross|38/100|[from] Stealth Rock
|
|upkeep
|turn|8
|
|t:|1758345251
|move|p1a: Metagross|Trailblaze|p2a: Ting-Lu
|-supereffective|p2a: Ting-Lu
|-damage|p2a: Ting-Lu|7/100
|-boost|p1a: Metagross|spe|1
|move|p2a: Ting-Lu|Earthquake|p1a: Metagross
|-supereffective|p1a: Metagross
|-damage|p1a: Metagross|0 fnt
|faint|p1a: Metagross
|
|upkeep
|
|t:|1758345262
|switch|p1a: Donphan|Donphan, F|100/100
|-damage|p1a: Donphan|94/100|[from] Stealth Rock
|turn|9
|
|t:|1758345269
|switch|p2a: Pecharunt|Pecharunt|100/100
|move|p1a: Donphan|Earthquake|p2a: Pecharunt
|-supereffective|p2a: Pecharunt
|-damage|p2a: Pecharunt|45/100
|
|upkeep
|turn|10
|
|t:|1758345276
|move|p2a: Pecharunt|Parting Shot|p1a: Donphan
|-unboost|p1a: Donphan|atk|1
|-unboost|p1a: Donphan|spa|1
|
|t:|1758345290
|switch|p2a: Meowscarada|Meowscarada, F|100/100|[from] Parting Shot
|move|p1a: Donphan|Earthquake|p2a: Meowscarada
|-resisted|p2a: Meowscarada
|-damage|p2a: Meowscarada|71/100
|
|upkeep
|turn|11
|inactive|Obotwinkletoes has 120 seconds left.
|
|t:|1758345328
|switch|p1a: Slowking|Slowking-Galar, M, shiny|100/100
|-damage|p1a: Slowking|88/100|[from] Stealth Rock
|-terastallize|p2a: Meowscarada|Grass
|move|p2a: Meowscarada|Flower Trick|p1a: Slowking
|-resisted|p1a: Slowking
|-crit|p1a: Slowking
|-damage|p1a: Slowking|34/100
|
|-heal|p1a: Slowking|40/100|[from] item: Leftovers
|upkeep
|turn|12
|inactive|Obotwinkletoes has 120 seconds left.
|
|t:|1758345342
|move|p2a: Meowscarada|Flower Trick|p1a: Slowking
|-resisted|p1a: Slowking
|-crit|p1a: Slowking
|-damage|p1a: Slowking|0 fnt
|faint|p1a: Slowking
|
|upkeep
|
|t:|1758345364
|switch|p1a: Gyarados|Gyarados, M, shiny|100/100
|-damage|p1a: Gyarados|76/100|[from] Stealth Rock
|turn|13
|
|t:|1758345373
|move|p2a: Meowscarada|Flower Trick|p1a: Gyarados
|-crit|p1a: Gyarados
|-damage|p1a: Gyarados|0 fnt
|faint|p1a: Gyarados
|
|upkeep
|
|t:|1758345382
|switch|p1a: Diancie|Diancie, shiny|100/100
|-damage|p1a: Diancie|88/100|[from] Stealth Rock
|turn|14
|
|t:|1758345389
|-terastallize|p1a: Diancie|Fairy
|move|p2a: Meowscarada|Flower Trick|p1a: Diancie
|-crit|p1a: Diancie
|-damage|p1a: Diancie|23/100
|move|p1a: Diancie|Draining Kiss|p2a: Meowscarada
|-damage|p2a: Meowscarada|25/100
|-heal|p1a: Diancie|56/100|[from] drain|[of] p2a: Meowscarada
|
|-heal|p1a: Diancie|63/100|[from] item: Leftovers
|upkeep
|turn|15
|
|t:|1758345401
|move|p2a: Meowscarada|Flower Trick|p1a: Diancie
|-crit|p1a: Diancie
|-damage|p1a: Diancie|1/100
|move|p1a: Diancie|Draining Kiss|p2a: Meowscarada
|-damage|p2a: Meowscarada|0 fnt
|-heal|p1a: Diancie|19/100|[from] drain|[of] p2a: Meowscarada
|faint|p2a: Meowscarada
|
|-heal|p1a: Diancie|25/100|[from] item: Leftovers
|upkeep
|
|t:|1758345408
|switch|p2a: Iron Crown|Iron Crown|100/100
|turn|16
|inactive|Obotwinkletoes has 120 seconds left.
|
|t:|1758345420
|move|p2a: Iron Crown|Tachyon Cutter|p1a: Diancie
|-supereffective|p1a: Diancie
|-damage|p1a: Diancie|0 fnt
|faint|p1a: Diancie
|-hitcount|p1: Diancie|1
|
|upkeep
|
|t:|1758345427
|switch|p1a: Donphan|Donphan, F|94/100
|-damage|p1a: Donphan|88/100|[from] Stealth Rock
|turn|17
|
|t:|1758345431
|move|p2a: Iron Crown|Tachyon Cutter|p1a: Donphan
|-damage|p1a: Donphan|33/100
|-damage|p1a: Donphan|0 fnt
|faint|p1a: Donphan
|-hitcount|p1: Donphan|2
|
|upkeep
|
|t:|1758345437
|switch|p1a: Thundurus|Thundurus, M, shiny|65/100
|-damage|p1a: Thundurus|40/100|[from] Stealth Rock
|turn|18
|
|t:|1758345441
|move|p1a: Thundurus|Thunderbolt|p2a: Iron Crown
|-damage|p2a: Iron Crown|38/100
|-damage|p1a: Thundurus|30/100|[from] item: Life Orb
|move|p2a: Iron Crown|Tachyon Cutter|p1a: Thundurus
|-resisted|p1a: Thundurus
|-crit|p1a: Thundurus
|-damage|p1a: Thundurus|0 fnt
|faint|p1a: Thundurus
|-hitcount|p1: Thundurus|1
|
|win|U_Quokka
|raw|Obotwinkletoes's rating: 1370 &rarr; <strong>1348</strong><br />(-22 for losing)
|raw|U_Quokka's rating: 1340 &rarr; <strong>1362</strong><br />(+22 for winning)
|l|☆U_Quokka
|player|p2|
|l|☆Obotwinkletoes
|player|p1|
