|j|☆peefan53
|j|☆KingWhacka
|t:|1758345302
|gametype|singles
|player|p1|peefan53|smasher|1487
|player|p2|KingWhacka|2|1497
|gen|9
|tier|[Gen 9] OU
|rated|
|rule|HP Percentage Mod: HP is shown in percentages
|rule|Endless Battle Clause: Forcing endless battles is banned
|rule|Species Clause: Limit one of each Pokémon
|rule|OHKO Clause: OHKO moves are banned
|rule|Evasion Items Clause: Evasion items are banned
|rule|Evasion Moves Clause: Evasion moves are banned
|rule|Evasion Abilities Clause: Evasion abilities are banned
|rule|Sleep Moves Clause: Sleep-inducing moves are banned
|clearpoke
|poke|p1|Garganacl, F|
|poke|p1|Dragapult, F|
|poke|p1|Ogerpon-Wellspring, F|
|poke|p1|Moltres|
|poke|p1|Malamar, F|
|poke|p1|Iron Treads|
|poke|p2|Weavile, F|
|poke|p2|Great Tusk|
|poke|p2|Primarina, M|
|poke|p2|Dragapult, M|
|poke|p2|Ting-Lu|
|poke|p2|Moltres|
|teampreview
|
|t:|1758345310
|teamsize|p1|6
|teamsize|p2|6
|start
|switch|p1a: MalaMarge|Malamar, F|100/100
|switch|p2a: Weavile|Weavile, F, shiny|100/100
|-ability|p2a: Weavile|Pressure
|turn|1
|
|t:|1758345318
|move|p2a: Weavile|Triple Axel|p1a: MalaMarge
|-damage|p1a: MalaMarge|84/100
|-damage|p1a: MalaMarge|51/100
|-damage|p1a: MalaMarge|6/100
|-hitcount|p1a: MalaMarge|3
|move|p1a: MalaMarge|Knock Off|p2a: Weavile
|-resisted|p2a: Weavile
|-damage|p2a: Weavile|65/100
|-enditem|p2a: Weavile|Choice Band|[from] move: Knock Off|[of] p1a: MalaMarge
|
|upkeep
|turn|2
|
|t:|1758345327
|switch|p1a: MoltLisa|Moltres|100/100
|move|p2a: Weavile|Knock Off|p1a: MoltLisa
|-damage|p1a: MoltLisa|63/100
|-status|p2a: Weavile|brn|[from] ability: Flame Body|[of] p1a: MoltLisa
|-enditem|p1a: MoltLisa|Heavy-Duty Boots|[from] move: Knock Off|[of] p2a: Weavile
|
|-damage|p2a: Weavile|59/100 brn|[from] brn
|upkeep
|turn|3
|
|t:|1758345333
|move|p2a: Weavile|Triple Axel|p1a: MoltLisa
|-crit|p1a: MoltLisa
|-damage|p1a: MoltLisa|57/100
|-damage|p1a: MoltLisa|49/100
|-damage|p1a: MoltLisa|37/100
|-hitcount|p1a: MoltLisa|3
|move|p1a: MoltLisa|Roost|p1a: MoltLisa
|-heal|p1a: MoltLisa|87/100
|-singleturn|p1a: MoltLisa|move: Roost
|
|-damage|p2a: Weavile|52/100 brn|[from] brn
|upkeep
|turn|4
|
|t:|1758345342
|switch|p2a: Primarina|Primarina, M|100/100
|move|p1a: MoltLisa|Roar|p2a: Primarina
|drag|p2a: Ting-Lu|Ting-Lu|100/100
|-ability|p2a: Ting-Lu|Vessel of Ruin
|
|upkeep
|turn|5
|
|t:|1758345346
|switch|p1a: MalaMarge|Malamar, F|6/100
|move|p2a: Ting-Lu|Stealth Rock|p1a: MalaMarge
|-sidestart|p1: peefan53|move: Stealth Rock
|
|upkeep
|turn|6
|
|t:|1758345351
|move|p1a: MalaMarge|Rest|p1a: MalaMarge
|-status|p1a: MalaMarge|slp|[from] move: Rest
|-heal|p1a: MalaMarge|100/100 slp|[silent]
|-enditem|p1a: MalaMarge|Chesto Berry|[eat]
|-curestatus|p1a: MalaMarge|slp|[msg]
|move|p2a: Ting-Lu|Earthquake|p1a: MalaMarge
|-damage|p1a: MalaMarge|58/100
|
|upkeep
|turn|7
|
|t:|1758345357
|move|p1a: MalaMarge|Superpower|p2a: Ting-Lu
|-supereffective|p2a: Ting-Lu
|-damage|p2a: Ting-Lu|68/100
|-boost|p1a: MalaMarge|atk|1
|-boost|p1a: MalaMarge|def|1
|move|p2a: Ting-Lu|Whirlwind|p1a: MalaMarge
|drag|p1a: Ogerpon-Simpson|Ogerpon-Wellspring, F|100/100
|-damage|p1a: Ogerpon-Simpson|88/100|[from] Stealth Rock
|
|-heal|p2a: Ting-Lu|74/100|[from] item: Leftovers
|upkeep
|turn|8
|
|t:|1758345361
|switch|p2a: Weavile|Weavile, F, shiny|52/100 brn
|-ability|p2a: Weavile|Pressure
|move|p1a: Ogerpon-Simpson|Ivy Cudgel|p2a: Weavile|[anim] Ivy Cudgel Water
|-damage|p2a: Weavile|0 fnt
|faint|p2a: Weavile
|
|upkeep
|
|t:|1758345366
|switch|p2a: Dragapult|Dragapult, M|100/100
|turn|9
|inactive|Battle timer is ON: inactive players will automatically lose when time's up. (requested by peefan53)
|
|t:|1758345372
|switch|p1a: MalaMarge|Malamar, F|58/100
|-damage|p1a: MalaMarge|46/100|[from] Stealth Rock
|move|p2a: Dragapult|Draco Meteor|p1a: MalaMarge
|-damage|p1a: MalaMarge|0 fnt
|-unboost|p2a: Dragapult|spa|2
|faint|p1a: MalaMarge
|
|upkeep
|
|t:|1758345376
|switch|p1a: Homernacl|Garganacl, F|100/100
|-damage|p1a: Homernacl|88/100|[from] Stealth Rock
|turn|10
|
|t:|1758345384
|switch|p2a: Great Tusk|Great Tusk|100/100
|switch|p1a: Ogerpon-Simpson|Ogerpon-Wellspring, F|88/100
|-damage|p1a: Ogerpon-Simpson|76/100|[from] Stealth Rock
|
|upkeep
|turn|11
|
|t:|1758345392
|-end|p2a: Great Tusk|Protosynthesis|[silent]
|switch|p2a: Dragapult|Dragapult, M|100/100
|move|p1a: Ogerpon-Simpson|Trailblaze|p2a: Dragapult
|-resisted|p2a: Dragapult
|-damage|p2a: Dragapult|82/100
|-boost|p1a: Ogerpon-Simpson|spe|1
|
|upkeep
|turn|12
|
|t:|1758345400
|move|p1a: Ogerpon-Simpson|Synthesis|p1a: Ogerpon-Simpson
|-heal|p1a: Ogerpon-Simpson|100/100
|move|p2a: Dragapult|U-turn|p1a: Ogerpon-Simpson
|-supereffective|p1a: Ogerpon-Simpson
|-damage|p1a: Ogerpon-Simpson|64/100
|
|t:|1758345418
|switch|p2a: Ting-Lu|Ting-Lu|74/100|[from] U-turn
|-ability|p2a: Ting-Lu|Vessel of Ruin
|
|-heal|p2a: Ting-Lu|81/100|[from] item: Leftovers
|upkeep
|turn|13
|
|t:|1758345424
|-terastallize|p2a: Ting-Lu|Poison
|move|p1a: Ogerpon-Simpson|Ivy Cudgel|p2a: Ting-Lu|[anim] Ivy Cudgel Water
|-damage|p2a: Ting-Lu|52/100
|move|p2a: Ting-Lu|Whirlwind|p1a: Ogerpon-Simpson
|drag|p1a: Maggie-pult|Dragapult, F|100/100
|
|-heal|p2a: Ting-Lu|58/100|[from] item: Leftovers
|upkeep
|turn|14
|
|t:|1758345436
|move|p1a: Maggie-pult|Will-O-Wisp|p2a: Ting-Lu
|-status|p2a: Ting-Lu|brn
|move|p2a: Ting-Lu|Earthquake|p1a: Maggie-pult
|-crit|p1a: Maggie-pult
|-damage|p1a: Maggie-pult|61/100
|
|-heal|p2a: Ting-Lu|64/100 brn|[from] item: Leftovers
|-damage|p2a: Ting-Lu|58/100 brn|[from] brn
|upkeep
|turn|15
|
|t:|1758345439
|move|p1a: Maggie-pult|Hex|p2a: Ting-Lu
|-damage|p2a: Ting-Lu|32/100 brn
|move|p2a: Ting-Lu|Spikes|p1a: Maggie-pult
|-sidestart|p1: peefan53|Spikes
|
|-heal|p2a: Ting-Lu|39/100 brn|[from] item: Leftovers
|-damage|p2a: Ting-Lu|32/100 brn|[from] brn
|upkeep
|turn|16
|
|t:|1758345441
|move|p1a: Maggie-pult|Hex|p2a: Ting-Lu
|-damage|p2a: Ting-Lu|9/100 brn
|move|p2a: Ting-Lu|Spikes|p1a: Maggie-pult
|-sidestart|p1: peefan53|Spikes
|
|-heal|p2a: Ting-Lu|15/100 brn|[from] item: Leftovers
|-damage|p2a: Ting-Lu|9/100 brn|[from] brn
|upkeep
|turn|17
|
|t:|1758345444
|move|p1a: Maggie-pult|Hex|p2a: Ting-Lu
|-damage|p2a: Ting-Lu|0 fnt
|faint|p2a: Ting-Lu
|
|upkeep
|
|t:|1758345445
|switch|p2a: Primarina|Primarina, M|100/100
|turn|18
|
|t:|1758345449
|move|p1a: Maggie-pult|Will-O-Wisp|p2a: Primarina
|-status|p2a: Primarina|brn
|move|p2a: Primarina|Moonblast|p1a: Maggie-pult
|-supereffective|p1a: Maggie-pult
|-damage|p1a: Maggie-pult|0 fnt
|faint|p1a: Maggie-pult
|
|-damage|p2a: Primarina|94/100 brn|[from] brn
|upkeep
|
|t:|1758345454
|switch|p1a: Iron Bart|Iron Treads|100/100
|-damage|p1a: Iron Bart|98/100|[from] Stealth Rock
|-damage|p1a: Iron Bart|81/100|[from] Spikes
|turn|19
|
|t:|1758345458
|switch|p2a: Dragapult|Dragapult, M|82/100
|move|p1a: Iron Bart|Rapid Spin|p2a: Dragapult
|-immune|p2a: Dragapult
|
|-heal|p1a: Iron Bart|87/100|[from] item: Leftovers
|upkeep
|turn|20
|
|t:|1758345469
|move|p2a: Dragapult|Flamethrower|p1a: Iron Bart
|-supereffective|p1a: Iron Bart
|-damage|p1a: Iron Bart|28/100
|move|p1a: Iron Bart|Knock Off|p2a: Dragapult
|-supereffective|p2a: Dragapult
|-damage|p2a: Dragapult|15/100
|-enditem|p2a: Dragapult|Choice Specs|[from] move: Knock Off|[of] p1a: Iron Bart
|
|-heal|p1a: Iron Bart|34/100|[from] item: Leftovers
|upkeep
|turn|21
|
|t:|1758345475
|-end|p1a: Iron Bart|Quark Drive|[silent]
|switch|p1a: Homernacl|Garganacl, F|88/100
|-damage|p1a: Homernacl|76/100|[from] Stealth Rock
|-damage|p1a: Homernacl|59/100|[from] Spikes
|move|p2a: Dragapult|Flamethrower|p1a: Homernacl
|-resisted|p1a: Homernacl
|-crit|p1a: Homernacl
|-damage|p1a: Homernacl|46/100
|
|-heal|p1a: Homernacl|52/100|[from] item: Leftovers
|upkeep
|turn|22
|
|t:|1758345483
|move|p2a: Dragapult|U-turn|p1a: Homernacl
|-damage|p1a: Homernacl|41/100
|
|t:|1758345485
|switch|p2a: Great Tusk|Great Tusk|100/100|[from] U-turn
|move|p1a: Homernacl|Iron Defense|p1a: Homernacl
|-boost|p1a: Homernacl|def|2
|
|-heal|p1a: Homernacl|47/100|[from] item: Leftovers
|upkeep
|turn|23
|
|t:|1758345491
|move|p2a: Great Tusk|Headlong Rush|p1a: Homernacl
|-supereffective|p1a: Homernacl
|-damage|p1a: Homernacl|5/100
|-unboost|p2a: Great Tusk|def|1
|-unboost|p2a: Great Tusk|spd|1
|move|p1a: Homernacl|Recover|p1a: Homernacl
|-heal|p1a: Homernacl|56/100
|
|-heal|p1a: Homernacl|62/100|[from] item: Leftovers
|upkeep
|turn|24
|
|t:|1758345496
|-end|p2a: Great Tusk|Protosynthesis|[silent]
|switch|p2a: Primarina|Primarina, M|94/100 brn
|move|p1a: Homernacl|Recover|p1a: Homernacl
|-heal|p1a: Homernacl|100/100
|
|-damage|p2a: Primarina|88/100 brn|[from] brn
|upkeep
|turn|25
|
|t:|1758345499
|-terastallize|p1a: Homernacl|Electric
|move|p2a: Primarina|Surf|p1a: Homernacl
|-damage|p1a: Homernacl|68/100
|move|p1a: Homernacl|Iron Defense|p1a: Homernacl
|-boost|p1a: Homernacl|def|2
|
|-heal|p1a: Homernacl|74/100|[from] item: Leftovers
|-damage|p2a: Primarina|82/100 brn|[from] brn
|upkeep
|turn|26
|
|t:|1758345504
|move|p2a: Primarina|Psychic Noise|p1a: Homernacl
|-damage|p1a: Homernacl|56/100
|-start|p1a: Homernacl|move: Heal Block
|move|p1a: Homernacl|Salt Cure|p2a: Primarina
|-damage|p2a: Primarina|64/100 brn
|-start|p2a: Primarina|Salt Cure
|
|-damage|p2a: Primarina|58/100 brn|[from] brn
|-damage|p2a: Primarina|33/100 brn|[from] Salt Cure
|upkeep
|turn|27
|
|t:|1758345511
|move|p2a: Primarina|Moonblast|p1a: Homernacl
|-damage|p1a: Homernacl|20/100
|move|p1a: Homernacl|Iron Defense|p1a: Homernacl
|-boost|p1a: Homernacl|def|2
|
|-damage|p2a: Primarina|26/100 brn|[from] brn
|-damage|p2a: Primarina|1/100 brn|[from] Salt Cure
|-end|p1a: Homernacl|move: Heal Block
|upkeep
|turn|28
|
|t:|1758345528
|switch|p1a: MoltLisa|Moltres|87/100
|-damage|p1a: MoltLisa|37/100|[from] Stealth Rock
|move|p2a: Primarina|Moonblast|p1a: MoltLisa
|-resisted|p1a: MoltLisa
|-damage|p1a: MoltLisa|14/100
|
|-damage|p2a: Primarina|0 fnt|[from] brn
|faint|p2a: Primarina
|upkeep
|
|t:|1758345535
|switch|p2a: Dragapult|Dragapult, M|15/100
|turn|29
|
|t:|1758345538
|move|p2a: Dragapult|Shadow Ball|p1a: MoltLisa
|-damage|p1a: MoltLisa|0 fnt
|faint|p1a: MoltLisa
|
|upkeep
|
|t:|1758345543
|switch|p1a: Ogerpon-Simpson|Ogerpon-Wellspring, F|64/100
|-damage|p1a: Ogerpon-Simpson|51/100|[from] Stealth Rock
|-damage|p1a: Ogerpon-Simpson|35/100|[from] Spikes
|turn|30
|
|t:|1758345549
|move|p2a: Dragapult|Shadow Ball|p1a: Ogerpon-Simpson
|-damage|p1a: Ogerpon-Simpson|0 fnt
|faint|p1a: Ogerpon-Simpson
|
|upkeep
|
|t:|1758345551
|switch|p1a: Iron Bart|Iron Treads|34/100
|-damage|p1a: Iron Bart|31/100|[from] Stealth Rock
|-damage|p1a: Iron Bart|15/100|[from] Spikes
|turn|31
|
|t:|1758345553
|move|p2a: Dragapult|Shadow Ball|p1a: Iron Bart
|-damage|p1a: Iron Bart|0 fnt
|faint|p1a: Iron Bart
|-end|p1a: Iron Bart|Quark Drive|[silent]
|
|upkeep
|-message|peefan53 forfeited.
|
|win|KingWhacka
|raw|peefan53's rating: 1487 &rarr; <strong>1468</strong><br />(-19 for losing)
|raw|KingWhacka's rating: 1497 &rarr; <strong>1516</strong><br />(+19 for winning)
|l|☆peefan53
|player|p1|
|l|☆KingWhacka
|player|p2|
