|j|☆fivetomatoes
|j|☆sumi_random2
|t:|1758298764
|gametype|singles
|player|p1|fivetomatoes|170|1410
|player|p2|sumi_random2|lana-masters|1475
|gen|9
|tier|[Gen 9] OU
|rated|
|rule|HP Percentage Mod: HP is shown in percentages
|rule|Endless Battle Clause: Forcing endless battles is banned
|rule|Species Clause: Limit one of each Pokémon
|rule|OHKO Clause: OHKO moves are banned
|rule|Evasion Items Clause: Evasion items are banned
|rule|Evasion Moves Clause: Evasion moves are banned
|rule|Evasion Abilities Clause: Evasion abilities are banned
|rule|Sleep Moves Clause: Sleep-inducing moves are banned
|clearpoke
|poke|p1|Rotom-Wash|
|poke|p1|Rillaboom, M|
|poke|p1|Glimmora, M|
|poke|p1|Garganacl, M|
|poke|p1|Dragapult, M|
|poke|p1|Greninja-*, M|
|poke|p2|Samurott-Hisui, F|
|poke|p2|Cinccino, F|
|poke|p2|Volcanion|
|poke|p2|Hydrapple, F|
|poke|p2|Gholdengo|
|poke|p2|Landorus-Therian, M|
|teampreview
|inactive|Battle timer is ON: inactive players will automatically lose when time's up. (requested by fivetomatoes)
|
|t:|1758298787
|teamsize|p1|6
|teamsize|p2|6
|start
|switch|p1a: Rotom|Rotom-Wash|100/100
|switch|p2a: Volcanion|Volcanion|100/100
|turn|1
|
|t:|1758298796
|switch|p2a: Landorus|Landorus-Therian, M|100/100
|-ability|p2a: Landorus|Intimidate|boost
|-unboost|p1a: Rotom|atk|1
|move|p1a: Rotom|Trick|p2a: Landorus
|-activate|p1a: Rotom|move: Trick|[of] p2a: Landorus
|-item|p2a: Landorus|Choice Scarf|[from] move: Trick
|-item|p1a: Rotom|Choice Scarf|[from] move: Trick
|
|upkeep
|turn|2
|
|t:|1758298814
|move|p2a: Landorus|U-turn|p1a: Rotom
|-damage|p1a: Rotom|68/100
|
|t:|1758298818
|switch|p2a: Volcanion|Volcanion|100/100|[from] U-turn
|move|p1a: Rotom|Volt Switch|p2a: Volcanion
|-supereffective|p2a: Volcanion
|-damage|p2a: Volcanion|34/100
|
|t:|1758298824
|switch|p1a: Dragapult|Dragapult, M|100/100|[from] Volt Switch
|
|upkeep
|turn|3
|inactive|sumi_random2 has 120 seconds left.
|
|t:|1758298864
|switch|p2a: Gholdengo|Gholdengo|100/100
|-item|p2a: Gholdengo|Air Balloon
|move|p1a: Dragapult|Substitute|p1a: Dragapult
|-start|p1a: Dragapult|Substitute
|-damage|p1a: Dragapult|76/100
|
|-heal|p1a: Dragapult|82/100|[from] item: Leftovers
|upkeep
|turn|4
|
|t:|1758298880
|-terastallize|p2a: Gholdengo|Flying
|move|p1a: Dragapult|Hex|p2a: Gholdengo
|-damage|p2a: Gholdengo|84/100
|-enditem|p2a: Gholdengo|Air Balloon
|move|p2a: Gholdengo|Hex|p1a: Dragapult
|-supereffective|p1a: Dragapult
|-end|p1a: Dragapult|Substitute
|
|-heal|p1a: Dragapult|88/100|[from] item: Leftovers
|upkeep
|turn|5
|inactive|fivetomatoes has 120 seconds left.
|inactive|fivetomatoes has 90 seconds left.
|
|t:|1758298954
|switch|p1a: Rotom|Rotom-Wash|68/100
|move|p2a: Gholdengo|Thunder Wave|p1a: Rotom
|-immune|p1a: Rotom
|
|upkeep
|turn|6
|
|t:|1758298978
|switch|p2a: Volcanion|Volcanion|34/100
|move|p1a: Rotom|Volt Switch|p2a: Volcanion
|-supereffective|p2a: Volcanion
|-damage|p2a: Volcanion|0 fnt
|faint|p2a: Volcanion
|inactive|fivetomatoes has 60 seconds left.
|
|t:|1758299004
|switch|p1a: Rillaboom|Rillaboom, M|100/100|[from] Volt Switch
|-fieldstart|move: Grassy Terrain|[from] ability: Grassy Surge|[of] p1a: Rillaboom
|
|upkeep
|inactive|sumi_random2 has 90 seconds left.
|
|t:|1758299021
|switch|p2a: Gholdengo|Gholdengo, tera:Flying|84/100
|turn|7
|inactive|sumi_random2 has 90 seconds left.
|inactive|fivetomatoes has 60 seconds left.
|
|t:|1758299048
|switch|p2a: Cinccino|Cinccino, F|100/100
|switch|p1a: Rotom|Rotom-Wash|68/100
|
|upkeep
|turn|8
|
|t:|1758299056
|move|p1a: Rotom|Trick|p2a: Cinccino
|-activate|p1a: Rotom|move: Trick|[of] p2a: Cinccino
|-item|p2a: Cinccino|Choice Scarf|[from] move: Trick
|-item|p1a: Rotom|Loaded Dice|[from] move: Trick
|move|p2a: Cinccino|Bullet Seed|p1a: Rotom
|-supereffective|p1a: Rotom
|-damage|p1a: Rotom|31/100
|-supereffective|p1a: Rotom
|-damage|p1a: Rotom|0 fnt
|faint|p1a: Rotom
|-hitcount|p1: Rotom|2
|
|upkeep
|
|t:|1758299066
|switch|p1a: Rillaboom|Rillaboom, M|100/100
|turn|9
|inactive|fivetomatoes has 60 seconds left.
|
|t:|1758299074
|switch|p2a: Gholdengo|Gholdengo, tera:Flying|84/100
|move|p1a: Rillaboom|Wood Hammer|p2a: Gholdengo
|-resisted|p2a: Gholdengo
|-damage|p2a: Gholdengo|35/100
|-damage|p1a: Rillaboom|83/100|[from] Recoil
|-damage|p1a: Rillaboom|73/100|[from] item: Life Orb
|
|-heal|p1a: Rillaboom|79/100|[from] Grassy Terrain
|upkeep
|turn|10
|inactive|fivetomatoes has 60 seconds left.
|
|t:|1758299087
|switch|p2a: Hydrapple|Hydrapple, F|100/100
|move|p1a: Rillaboom|Wood Hammer|p2a: Hydrapple
|-resisted|p2a: Hydrapple
|-damage|p2a: Hydrapple|86/100
|-damage|p1a: Rillaboom|62/100|[from] item: Rocky Helmet|[of] p2a: Hydrapple
|-damage|p1a: Rillaboom|57/100|[from] Recoil
|-damage|p1a: Rillaboom|47/100|[from] item: Life Orb
|
|-heal|p1a: Rillaboom|53/100|[from] Grassy Terrain
|-heal|p2a: Hydrapple|92/100|[from] Grassy Terrain
|-fieldend|move: Grassy Terrain
|upkeep
|turn|11
|
|t:|1758299100
|switch|p1a: Dragapult|Dragapult, M|88/100
|move|p2a: Hydrapple|Fickle Beam|p1a: Dragapult
|-supereffective|p1a: Dragapult
|-crit|p1a: Dragapult
|-damage|p1a: Dragapult|0 fnt
|faint|p1a: Dragapult
|
|upkeep
|
|t:|1758299108
|switch|p1a: Glimmora|Glimmora, M|100/100
|turn|12
|
|t:|1758299115
|move|p1a: Glimmora|Stealth Rock|p2a: Hydrapple
|-sidestart|p2: sumi_random2|move: Stealth Rock
|move|p2a: Hydrapple|Earth Power|p1a: Glimmora
|-supereffective|p1a: Glimmora
|-damage|p1a: Glimmora|0 fnt
|faint|p1a: Glimmora
|
|upkeep
|-message|fivetomatoes forfeited.
|
|win|sumi_random2
|raw|fivetomatoes's rating: 1410 &rarr; <strong>1394</strong><br />(-16 for losing)
|raw|sumi_random2's rating: 1475 &rarr; <strong>1491</strong><br />(+16 for winning)
|l|☆fivetomatoes
|player|p1|
|l|☆sumi_random2
|player|p2|
