|j|☆RumoDandelion
|j|☆noslen9385
|t:|1758260642
|gametype|singles
|player|p1|RumoDandelion|psychic|1398
|player|p2|noslen9385|1|1343
|gen|9
|tier|[Gen 9] OU
|rated|
|rule|HP Percentage Mod: HP is shown in percentages
|rule|Endless Battle Clause: Forcing endless battles is banned
|rule|Species Clause: Limit one of each Pokémon
|rule|OHKO Clause: OHKO moves are banned
|rule|Evasion Items Clause: Evasion items are banned
|rule|Evasion Moves Clause: Evasion moves are banned
|rule|Evasion Abilities Clause: Evasion abilities are banned
|rule|Sleep Moves Clause: Sleep-inducing moves are banned
|clearpoke
|poke|p1|Skarmory, F|
|poke|p1|Ting-Lu|
|poke|p1|Zamazenta-*|
|poke|p1|Pecharunt|
|poke|p1|Clefable, F|
|poke|p1|Walking Wake|
|poke|p2|Great Tusk|
|poke|p2|Iron Moth|
|poke|p2|Dragonite, F|
|poke|p2|Rotom-Wash|
|poke|p2|Clefable, F|
|poke|p2|Zamazenta-*|
|teampreview
|inactive|Battle timer is ON: inactive players will automatically lose when time's up. (requested by RumoDandelion)
|
|t:|1758260651
|teamsize|p1|6
|teamsize|p2|6
|start
|switch|p1a: cat?|Walking Wake|100/100
|switch|p2a: Rotom|Rotom-Wash, shiny|100/100
|turn|1
|
|t:|1758260660
|move|p1a: cat?|Flip Turn|p2a: Rotom
|-resisted|p2a: Rotom
|-damage|p2a: Rotom|92/100
|
|t:|1758260662
|-end|p1a: cat?|Protosynthesis|[silent]
|switch|p1a: moo|Ting-Lu|100/100|[from] Flip Turn
|-ability|p1a: moo|Vessel of Ruin
|move|p2a: Rotom|Thunderbolt|p1a: moo
|-immune|p1a: moo
|
|-heal|p2a: Rotom|98/100|[from] item: Leftovers
|upkeep
|turn|2
|
|t:|1758260670
|switch|p1a: blob|Clefable, F|100/100
|move|p2a: Rotom|Hydro Pump|p1a: blob|[miss]
|-miss|p2a: Rotom|p1a: blob
|
|-heal|p2a: Rotom|100/100|[from] item: Leftovers
|upkeep
|turn|3
|
|t:|1758260676
|move|p2a: Rotom|Will-O-Wisp|p1a: blob
|-status|p1a: blob|brn
|move|p1a: blob|Knock Off|p2a: Rotom
|-damage|p2a: Rotom|92/100
|-enditem|p2a: Rotom|Leftovers|[from] move: Knock Off|[of] p1a: blob
|
|upkeep
|turn|4
|
|t:|1758260691
|move|p2a: Rotom|Volt Switch|p1a: blob
|-damage|p1a: blob|71/100 brn
|
|t:|1758260699
|switch|p2a: Great Tusk|Great Tusk|100/100|[from] Volt Switch
|-enditem|p2a: Great Tusk|Booster Energy
|-activate|p2a: Great Tusk|ability: Protosynthesis|[fromitem]
|-start|p2a: Great Tusk|protosynthesisatk
|move|p1a: blob|Moonblast|p2a: Great Tusk
|-supereffective|p2a: Great Tusk
|-damage|p2a: Great Tusk|10/100
|-unboost|p2a: Great Tusk|spa|1
|
|-heal|p1a: blob|77/100 brn|[from] item: Leftovers
|upkeep
|turn|5
|
|t:|1758260704
|switch|p1a: birb|Skarmory, F|100/100
|-terastallize|p2a: Great Tusk|Ground
|move|p2a: Great Tusk|Headlong Rush|p1a: birb
|-immune|p1a: birb
|
|upkeep
|turn|6
|
|t:|1758260717
|move|p2a: Great Tusk|Ice Spinner|p1a: birb
|-damage|p1a: birb|78/100
|-damage|p2a: Great Tusk|0 fnt|[from] item: Rocky Helmet|[of] p1a: birb
|faint|p2a: Great Tusk
|-end|p2a: Great Tusk|Protosynthesis|[silent]
|move|p1a: birb|Spikes|p2: Great Tusk
|-sidestart|p2: noslen9385|Spikes
|
|upkeep
|
|t:|1758260719
|switch|p2a: Rotom|Rotom-Wash, shiny|92/100
|turn|7
|
|t:|1758260723
|switch|p1a: moo|Ting-Lu|100/100
|-ability|p1a: moo|Vessel of Ruin
|move|p2a: Rotom|Hydro Pump|p1a: moo|[miss]
|-miss|p2a: Rotom|p1a: moo
|
|upkeep
|turn|8
|l|☆noslen9385
|inactive|noslen9385 disconnected and has a minute to reconnect!
|player|p2|
|inactive|noslen9385 has 30 seconds to reconnect!
|inactive|noslen9385 has 20 seconds to reconnect!
|inactive|noslen9385 has 15 seconds to reconnect!
|inactive|noslen9385 has 10 seconds to reconnect!
|inactive|noslen9385 has 5 seconds to reconnect!
|-message|noslen9385 lost due to inactivity.
|
|win|RumoDandelion
|raw|RumoDandelion's rating: 1398 &rarr; <strong>1415</strong><br />(+17 for winning)
|raw|noslen9385's rating: 1343 &rarr; <strong>1326</strong><br />(-17 for losing)
|l|☆RumoDandelion
|player|p1|
