|j|☆DontMissMantine
|j|☆CherylBush
|t:|1758244164
|gametype|singles
|player|p1|DontMissMantine|lucas|1520
|player|p2|CherylBush|mallow-masters|1541
|gen|9
|tier|[Gen 9] OU
|rated|
|rule|HP Percentage Mod: HP is shown in percentages
|rule|Endless Battle Clause: Forcing endless battles is banned
|rule|Species Clause: Limit one of each Pokémon
|rule|OHKO Clause: OHKO moves are banned
|rule|Evasion Items Clause: Evasion items are banned
|rule|Evasion Moves Clause: Evasion moves are banned
|rule|Evasion Abilities Clause: Evasion abilities are banned
|rule|Sleep Moves Clause: Sleep-inducing moves are banned
|clearpoke
|poke|p1|Pelipper, F|
|poke|p1|Beartic, M|
|poke|p1|Barraskewda, M|
|poke|p1|Ogerpon-Wellspring, F|
|poke|p1|Zapdos|
|poke|p1|Hatterene, F|
|poke|p2|Landorus-Therian, M|
|poke|p2|Skeledirge, M|
|poke|p2|Skarmory, M|
|poke|p2|Hydrapple, M|
|poke|p2|Samurott-Hisui, M|
|poke|p2|Fezandipiti, M|
|teampreview
|inactive|Battle timer is ON: inactive players will automatically lose when time's up. (requested by DontMissMantine)
|
|t:|1758244183
|teamsize|p1|6
|teamsize|p2|6
|start
|switch|p1a: Pelipper|Pelipper, F|100/100
|switch|p2a: Samurott|Samurott-Hisui, M, shiny|100/100
|-weather|RainDance|[from] ability: Drizzle|[of] p1a: Pelipper
|turn|1
|
|t:|1758244190
|move|p2a: Samurott|Ceaseless Edge|p1a: Pelipper
|-damage|p1a: Pelipper|63/100
|-sidestart|p1: DontMissMantine|Spikes
|move|p1a: Pelipper|U-turn|p2a: Samurott
|-supereffective|p2a: Samurott
|-damage|p2a: Samurott|76/100
|
|t:|1758244196
|switch|p1a: Beartic|Beartic, M|100/100|[from] U-turn
|-damage|p1a: Beartic|88/100|[from] Spikes
|
|-weather|RainDance|[upkeep]
|upkeep
|turn|2
|
|t:|1758244203
|switch|p2a: Skeledirge|Skeledirge, M, shiny|100/100
|-terastallize|p1a: Beartic|Electric
|move|p1a: Beartic|Tera Blast|p2a: Skeledirge|[anim] Tera Blast Electric
|-damage|p2a: Skeledirge|68/100
|
|-weather|RainDance|[upkeep]
|upkeep
|turn|3
|
|t:|1758244216
|switch|p1a: Zapdos|Zapdos|100/100
|switch|p2a: Samurott|Samurott-Hisui, M, shiny|76/100
|
|-weather|RainDance|[upkeep]
|upkeep
|turn|4
|
|t:|1758244225
|switch|p2a: Fez Boi|Fezandipiti, M|100/100
|move|p1a: Zapdos|Hurricane|p2a: Fez Boi
|-damage|p2a: Fez Boi|70/100
|
|-weather|RainDance|[upkeep]
|upkeep
|turn|5
|
|t:|1758244233
|move|p1a: Zapdos|Volt Switch|p2a: Fez Boi
|-damage|p2a: Fez Boi|51/100
|
|t:|1758244244
|switch|p1a: Barraskewda|Barraskewda, M|100/100|[from] Volt Switch
|-damage|p1a: Barraskewda|88/100|[from] Spikes
|move|p2a: Fez Boi|Moonblast|p1a: Barraskewda
|-damage|p1a: Barraskewda|34/100
|-unboost|p1a: Barraskewda|spa|1
|
|-weather|RainDance|[upkeep]
|upkeep
|turn|6
|
|t:|1758244255
|switch|p2a: Leviathan|Hydrapple, M, shiny|100/100
|move|p1a: Barraskewda|Flip Turn|p2a: Leviathan
|-resisted|p2a: Leviathan
|-damage|p2a: Leviathan|92/100
|
|t:|1758244260
|switch|p1a: Beartic|Beartic, M, tera:Electric|88/100|[from] Flip Turn
|-damage|p1a: Beartic|76/100|[from] Spikes
|
|-weather|RainDance|[upkeep]
|upkeep
|turn|7
|
|t:|1758244267
|switch|p2a: Skeledirge|Skeledirge, M, shiny|68/100
|move|p1a: Beartic|Icicle Spear|p2a: Skeledirge
|-resisted|p2a: Skeledirge
|-damage|p2a: Skeledirge|64/100
|-resisted|p2a: Skeledirge
|-damage|p2a: Skeledirge|58/100
|-resisted|p2a: Skeledirge
|-damage|p2a: Skeledirge|53/100
|-resisted|p2a: Skeledirge
|-damage|p2a: Skeledirge|48/100
|-hitcount|p2a: Skeledirge|4
|
|-weather|RainDance|[upkeep]
|upkeep
|turn|8
|
|t:|1758244279
|move|p1a: Beartic|Earthquake|p2a: Skeledirge
|-supereffective|p2a: Skeledirge
|-damage|p2a: Skeledirge|0 fnt
|faint|p2a: Skeledirge
|
|-weather|none
|upkeep
|
|t:|1758244293
|switch|p2a: Samurott|Samurott-Hisui, M, shiny|76/100
|turn|9
|
|t:|1758244298
|switch|p1a: Hatterene|Hatterene, F|100/100
|-damage|p1a: Hatterene|88/100|[from] Spikes
|move|p2a: Samurott|Flip Turn|p1a: Hatterene
|-damage|p1a: Hatterene|66/100
|-enditem|p1a: Hatterene|Eject Button
|
|t:|1758244305
|switch|p1a: Pelipper|Pelipper, F|63/100
|-weather|RainDance|[from] ability: Drizzle|[of] p1a: Pelipper
|
|-weather|RainDance|[upkeep]
|upkeep
|turn|10
|
|t:|1758244312
|move|p2a: Samurott|Ceaseless Edge|p1a: Pelipper
|-damage|p1a: Pelipper|23/100
|-sidestart|p1: DontMissMantine|Spikes
|move|p1a: Pelipper|U-turn|p2a: Samurott
|-supereffective|p2a: Samurott
|-damage|p2a: Samurott|54/100
|
|t:|1758244322
|switch|p1a: Beartic|Beartic, M, tera:Electric|76/100|[from] U-turn
|-damage|p1a: Beartic|59/100|[from] Spikes
|
|-weather|RainDance|[upkeep]
|upkeep
|turn|11
|
|t:|1758244331
|switch|p2a: Landorus|Landorus-Therian, M, shiny|100/100
|-ability|p2a: Landorus|Intimidate|boost
|-unboost|p1a: Beartic|atk|1
|move|p1a: Beartic|Tera Blast|p2a: Landorus|[anim] Tera Blast Electric
|-immune|p2a: Landorus
|
|-weather|RainDance|[upkeep]
|upkeep
|turn|12
|
|t:|1758244340
|switch|p2a: Skarmory|Skarmory, M, shiny|100/100
|switch|p1a: Zapdos|Zapdos|100/100
|
|-weather|RainDance|[upkeep]
|upkeep
|turn|13
|
|t:|1758244348
|switch|p2a: Landorus|Landorus-Therian, M, shiny|100/100
|-ability|p2a: Landorus|Intimidate|boost
|-unboost|p1a: Zapdos|atk|1
|move|p1a: Zapdos|Thunder|p2a: Landorus
|-immune|p2a: Landorus
|
|-weather|RainDance|[upkeep]
|upkeep
|turn|14
|
|t:|1758244357
|move|p2a: Landorus|Stone Edge|p1a: Zapdos
|-supereffective|p1a: Zapdos
|-damage|p1a: Zapdos|2/100
|move|p1a: Zapdos|Weather Ball|p2a: Landorus
|-supereffective|p2a: Landorus
|-damage|p2a: Landorus|0 fnt
|faint|p2a: Landorus
|
|-weather|RainDance|[upkeep]
|upkeep
|
|t:|1758244365
|switch|p2a: Samurott|Samurott-Hisui, M, shiny|54/100
|turn|15
|
|t:|1758244369
|switch|p1a: Ogerpon|Ogerpon-Wellspring, F|100/100
|-damage|p1a: Ogerpon|84/100|[from] Spikes
|move|p2a: Samurott|Sucker Punch||[still]
|-fail|p2a: Samurott
|
|-weather|RainDance|[upkeep]
|upkeep
|turn|16
|
|t:|1758244377
|switch|p2a: Leviathan|Hydrapple, M, shiny|100/100
|move|p1a: Ogerpon|Play Rough|p2a: Leviathan
|-supereffective|p2a: Leviathan
|-crit|p2a: Leviathan
|-damage|p2a: Leviathan|37/100
|
|-weather|none
|upkeep
|turn|17
|
|t:|1758244386
|switch|p2a: Skarmory|Skarmory, M, shiny|100/100
|move|p1a: Ogerpon|Play Rough|p2a: Skarmory
|-resisted|p2a: Skarmory
|-damage|p2a: Skarmory|90/100
|-damage|p1a: Ogerpon|67/100|[from] item: Rocky Helmet|[of] p2a: Skarmory
|
|upkeep
|turn|18
|
|t:|1758244395
|switch|p1a: Pelipper|Pelipper, F|23/100
|-weather|RainDance|[from] ability: Drizzle|[of] p1a: Pelipper
|move|p2a: Skarmory|Brave Bird|p1a: Pelipper
|-damage|p1a: Pelipper|0 fnt
|faint|p1a: Pelipper
|-damage|p2a: Skarmory|82/100|[from] Recoil
|
|-weather|RainDance|[upkeep]
|upkeep
|
|t:|1758244405
|switch|p1a: Zapdos|Zapdos|2/100
|turn|19
|
|t:|1758244431
|-terastallize|p2a: Skarmory|Fighting
|move|p1a: Zapdos|Thunder|p2a: Skarmory
|-damage|p2a: Skarmory|11/100
|move|p2a: Skarmory|Body Press|p1a: Zapdos
|-resisted|p1a: Zapdos
|-damage|p1a: Zapdos|0 fnt
|faint|p1a: Zapdos
|
|-weather|RainDance|[upkeep]
|upkeep
|
|t:|1758244443
|switch|p1a: Beartic|Beartic, M, tera:Electric|59/100
|-damage|p1a: Beartic|42/100|[from] Spikes
|turn|20
|
|t:|1758244450
|move|p1a: Beartic|Icicle Spear|p2a: Skarmory
|-damage|p2a: Skarmory|3/100
|-damage|p2a: Skarmory|0 fnt
|faint|p2a: Skarmory
|-hitcount|p2: Skarmory|2
|
|-weather|RainDance|[upkeep]
|upkeep
|
|t:|1758244452
|switch|p2a: Samurott|Samurott-Hisui, M, shiny|54/100
|turn|21
|
|t:|1758244463
|switch|p1a: Barraskewda|Barraskewda, M|34/100
|-damage|p1a: Barraskewda|17/100|[from] Spikes
|move|p2a: Samurott|Sucker Punch||[still]
|-fail|p2a: Samurott
|
|-weather|RainDance|[upkeep]
|upkeep
|turn|22
|
|t:|1758244471
|switch|p2a: Leviathan|Hydrapple, M, shiny|71/100
|move|p1a: Barraskewda|Close Combat|p2a: Leviathan
|-damage|p2a: Leviathan|42/100
|-unboost|p1a: Barraskewda|def|1
|-unboost|p1a: Barraskewda|spd|1
|
|-weather|RainDance|[upkeep]
|upkeep
|turn|23
|
|t:|1758244480
|move|p1a: Barraskewda|Poison Jab|p2a: Leviathan
|-supereffective|p2a: Leviathan
|-damage|p2a: Leviathan|3/100
|-status|p2a: Leviathan|psn
|move|p2a: Leviathan|Giga Drain|p1a: Barraskewda
|-supereffective|p1a: Barraskewda
|-damage|p1a: Barraskewda|0 fnt
|-heal|p2a: Leviathan|8/100 psn|[from] drain|[of] p1a: Barraskewda
|faint|p1a: Barraskewda
|
|-weather|RainDance|[upkeep]
|-damage|p2a: Leviathan|0 fnt|[from] psn
|faint|p2a: Leviathan
|upkeep
|
|t:|1758244502
|switch|p1a: Ogerpon|Ogerpon-Wellspring, F|67/100
|switch|p2a: Samurott|Samurott-Hisui, M, shiny|54/100
|-damage|p1a: Ogerpon|51/100|[from] Spikes
|turn|24
|
|t:|1758244515
|move|p2a: Samurott|Sucker Punch||[still]
|-fail|p2a: Samurott
|move|p1a: Ogerpon|Encore|p2a: Samurott
|-start|p2a: Samurott|Encore
|
|-weather|RainDance|[upkeep]
|upkeep
|turn|25
|
|t:|1758244522
|switch|p1a: Hatterene|Hatterene, F|66/100
|-damage|p1a: Hatterene|49/100|[from] Spikes
|move|p2a: Samurott|Sucker Punch||[still]
|-fail|p2a: Samurott
|
|-weather|none
|upkeep
|turn|26
|
|t:|1758244530
|switch|p2a: Fez Boi|Fezandipiti, M|51/100
|move|p1a: Hatterene|Healing Wish|p1a: Hatterene
|faint|p1a: Hatterene
|
|upkeep
|
|t:|1758244537
|switch|p1a: Beartic|Beartic, M, tera:Electric|42/100
|-heal|p1a: Beartic|100/100|[from] move: Healing Wish
|-damage|p1a: Beartic|84/100|[from] Spikes
|turn|27
|
|t:|1758244542
|move|p2a: Fez Boi|Moonblast|p1a: Beartic
|-damage|p1a: Beartic|53/100
|-unboost|p1a: Beartic|spa|1
|-status|p1a: Beartic|tox|[from] ability: Toxic Chain|[of] p2a: Fez Boi
|move|p1a: Beartic|Earthquake|p2a: Fez Boi
|-supereffective|p2a: Fez Boi
|-damage|p2a: Fez Boi|0 fnt
|faint|p2a: Fez Boi
|
|-damage|p1a: Beartic|47/100 tox|[from] psn
|upkeep
|
|t:|1758244546
|switch|p2a: Samurott|Samurott-Hisui, M, shiny|54/100
|turn|28
|
|t:|1758244556
|move|p2a: Samurott|Knock Off|p1a: Beartic
|-damage|p1a: Beartic|0 fnt
|-enditem|p1a: Beartic|Loaded Dice|[from] move: Knock Off|[of] p2a: Samurott
|faint|p1a: Beartic
|
|upkeep
|
|t:|1758244562
|switch|p1a: Ogerpon|Ogerpon-Wellspring, F|51/100
|-damage|p1a: Ogerpon|34/100|[from] Spikes
|turn|29
|inactive|DontMissMantine has 120 seconds left.
|
|t:|1758244598
|move|p1a: Ogerpon|Encore|p2a: Samurott
|-start|p2a: Samurott|Encore
|move|p2a: Samurott|Knock Off|p1a: Ogerpon
|-damage|p1a: Ogerpon|0 fnt
|faint|p1a: Ogerpon
|
|win|CherylBush
|raw|DontMissMantine's rating: 1520 &rarr; <strong>1501</strong><br />(-19 for losing)
|raw|CherylBush's rating: 1541 &rarr; <strong>1560</strong><br />(+19 for winning)
|c|☆DontMissMantine|Gg
|c|☆CherylBush|gg
|l|☆CherylBush
|player|p2|
|l|☆DontMissMantine
|player|p1|
