|j|☆sdor16
|j|☆Chrille-1
|t:|1758293741
|gametype|singles
|player|p1|sdor16|170|1508
|player|p2|Chrille-1|morty|1521
|gen|9
|tier|[Gen 9] OU
|rated|
|rule|HP Percentage Mod: HP is shown in percentages
|rule|Endless Battle Clause: Forcing endless battles is banned
|rule|Species Clause: Limit one of each Pokémon
|rule|OHKO Clause: OHKO moves are banned
|rule|Evasion Items Clause: Evasion items are banned
|rule|Evasion Moves Clause: Evasion moves are banned
|rule|Evasion Abilities Clause: Evasion abilities are banned
|rule|Sleep Moves Clause: Sleep-inducing moves are banned
|clearpoke
|poke|p1|Deoxys-Speed|
|poke|p1|Garchomp, M|
|poke|p1|Quaquaval, M|
|poke|p1|Hydrapple, F|
|poke|p1|Iron Treads|
|poke|p1|Kingambit, M|
|poke|p2|Moltres|
|poke|p2|Great Tusk|
|poke|p2|Slowking-Galar, F|
|poke|p2|Kingambit, M|
|poke|p2|Dragapult, M|
|poke|p2|Ogerpon-Wellspring, F|
|teampreview
|inactive|Battle timer is ON: inactive players will automatically lose when time's up. (requested by Chrille-1)
|
|t:|1758293752
|teamsize|p1|6
|teamsize|p2|6
|start
|switch|p1a: Deoxys|Deoxys-Speed, shiny|100/100
|switch|p2a: Mustang|Ogerpon-Wellspring, F|100/100
|-ability|p1a: Deoxys|Pressure
|turn|1
|
|t:|1758293757
|move|p1a: Deoxys|Psycho Boost|p2a: Mustang
|-damage|p2a: Mustang|30/100
|-unboost|p1a: Deoxys|spa|2
|move|p2a: Mustang|Ivy Cudgel|p1a: Deoxys|[anim] Ivy Cudgel Water
|-damage|p1a: Deoxys|3/100
|
|upkeep
|turn|2
|
|t:|1758293765
|switch|p1a: Garchomp|Garchomp, M|100/100
|switch|p2a: Viper|Kingambit, M|100/100
|
|upkeep
|turn|3
|
|t:|1758293770
|-end|p2a: Viper|fallenundefined|[silent]
|switch|p2a: Chager|Great Tusk|100/100
|move|p1a: Garchomp|Stealth Rock|p2a: Chager
|-sidestart|p2: Chrille-1|move: Stealth Rock
|
|upkeep
|turn|4
|
|t:|1758293781
|move|p1a: Garchomp|Spikes|p2a: Chager
|-sidestart|p2: Chrille-1|Spikes
|move|p2a: Chager|Stealth Rock|p1a: Garchomp
|-sidestart|p1: sdor16|move: Stealth Rock
|
|upkeep
|turn|5
|
|t:|1758293786
|move|p2a: Chager|Rapid Spin|p1a: Garchomp
|-damage|p1a: Garchomp|91/100
|-boost|p2a: Chager|spe|1
|-damage|p2a: Chager|88/100|[from] ability: Rough Skin|[of] p1a: Garchomp
|-damage|p2a: Chager|71/100|[from] item: Rocky Helmet|[of] p1a: Garchomp
|-sideend|p2: Chrille-1|Spikes|[from] move: Rapid Spin|[of] p2a: Chager
|-sideend|p2: Chrille-1|Stealth Rock|[from] move: Rapid Spin|[of] p2a: Chager
|move|p1a: Garchomp|Dragon Tail|p2a: Chager
|-damage|p2a: Chager|60/100
|-damage|p1a: Garchomp|74/100|[from] item: Rocky Helmet|[of] p2a: Chager
|-end|p2a: Chager|Protosynthesis|[silent]
|drag|p2a: Mustang|Ogerpon-Wellspring, F|30/100
|
|upkeep
|turn|6
|
|t:|1758293790
|move|p2a: Mustang|Play Rough|p1a: Garchomp
|-supereffective|p1a: Garchomp
|-damage|p1a: Garchomp|29/100
|-damage|p2a: Mustang|18/100|[from] ability: Rough Skin|[of] p1a: Garchomp
|-damage|p2a: Mustang|1/100|[from] item: Rocky Helmet|[of] p1a: Garchomp
|move|p1a: Garchomp|Stealth Rock|p2a: Mustang
|-sidestart|p2: Chrille-1|move: Stealth Rock
|
|upkeep
|turn|7
|
|t:|1758293799
|move|p2a: Mustang|Play Rough|p1a: Garchomp
|-supereffective|p1a: Garchomp
|-damage|p1a: Garchomp|0 fnt
|-damage|p2a: Mustang|0 fnt|[from] ability: Rough Skin|[of] p1a: Garchomp
|faint|p1a: Garchomp
|faint|p2a: Mustang
|
|upkeep
|
|t:|1758293807
|switch|p2a: Chager|Great Tusk|60/100
|switch|p1a: Iron Treads|Iron Treads|100/100
|-damage|p1a: Iron Treads|98/100|[from] Stealth Rock
|-damage|p2a: Chager|57/100|[from] Stealth Rock
|turn|8
|
|t:|1758293814
|move|p1a: Iron Treads|Rapid Spin|p2a: Chager
|-damage|p2a: Chager|51/100
|-boost|p1a: Iron Treads|spe|1
|-damage|p1a: Iron Treads|81/100|[from] item: Rocky Helmet|[of] p2a: Chager
|-sideend|p1: sdor16|Stealth Rock|[from] move: Rapid Spin|[of] p1a: Iron Treads
|move|p2a: Chager|Body Press|p1a: Iron Treads
|-supereffective|p1a: Iron Treads
|-damage|p1a: Iron Treads|16/100
|
|-heal|p1a: Iron Treads|22/100|[from] item: Leftovers
|upkeep
|turn|9
|
|t:|1758293824
|move|p1a: Iron Treads|Knock Off|p2a: Chager
|-resisted|p2a: Chager
|-damage|p2a: Chager|46/100
|-damage|p1a: Iron Treads|6/100|[from] item: Rocky Helmet|[of] p2a: Chager
|-enditem|p2a: Chager|Rocky Helmet|[from] move: Knock Off|[of] p1a: Iron Treads
|move|p2a: Chager|Stealth Rock|p1a: Iron Treads
|-sidestart|p1: sdor16|move: Stealth Rock
|
|-heal|p1a: Iron Treads|12/100|[from] item: Leftovers
|upkeep
|turn|10
|
|t:|1758293831
|move|p1a: Iron Treads|Rapid Spin|p2a: Chager
|-damage|p2a: Chager|39/100
|-boost|p1a: Iron Treads|spe|1
|-sideend|p1: sdor16|Stealth Rock|[from] move: Rapid Spin|[of] p1a: Iron Treads
|move|p2a: Chager|Body Press|p1a: Iron Treads
|-supereffective|p1a: Iron Treads
|-damage|p1a: Iron Treads|0 fnt
|faint|p1a: Iron Treads
|-end|p1a: Iron Treads|Quark Drive|[silent]
|
|upkeep
|
|t:|1758293835
|switch|p1a: Deoxys|Deoxys-Speed, shiny|3/100
|-ability|p1a: Deoxys|Pressure
|turn|11
|
|t:|1758293841
|-end|p2a: Chager|Protosynthesis|[silent]
|switch|p2a: FierBird|Moltres|100/100
|move|p1a: Deoxys|Ice Beam|p2a: FierBird
|-damage|p2a: FierBird|77/100
|-status|p2a: FierBird|frz
|
|upkeep
|turn|12
|
|t:|1758293844
|move|p1a: Deoxys|Thunderbolt|p2a: FierBird
|-supereffective|p2a: FierBird
|-damage|p2a: FierBird|17/100 frz
|cant|p2a: FierBird|frz
|
|upkeep
|turn|13
|
|t:|1758293851
|move|p1a: Deoxys|Ice Beam|p2a: FierBird
|-damage|p2a: FierBird|0 fnt
|faint|p2a: FierBird
|
|upkeep
|c|☆sdor16|myb
|
|t:|1758293855
|switch|p2a: Viper|Kingambit, M|100/100
|-damage|p2a: Viper|94/100|[from] Stealth Rock
|-activate|p2a: Viper|ability: Supreme Overlord
|-start|p2a: Viper|fallen2|[silent]
|turn|14
|
|t:|1758293868
|move|p2a: Viper|Sucker Punch|p1a: Deoxys
|-supereffective|p1a: Deoxys
|-damage|p1a: Deoxys|0 fnt
|faint|p1a: Deoxys
|
|-heal|p2a: Viper|100/100|[from] item: Leftovers
|upkeep
|
|t:|1758293875
|switch|p1a: Quaquaval|Quaquaval, M|100/100
|turn|15
|
|t:|1758293882
|-end|p2a: Viper|fallen2|[silent]
|switch|p2a: Supra|Slowking-Galar, F|100/100
|-damage|p2a: Supra|88/100|[from] Stealth Rock
|move|p1a: Quaquaval|Aqua Step|p2a: Supra
|-damage|p2a: Supra|16/100
|-boost|p1a: Quaquaval|spe|1
|
|upkeep
|turn|16
|
|t:|1758293887
|move|p1a: Quaquaval|Aqua Step|p2a: Supra
|-damage|p2a: Supra|0 fnt
|-boost|p1a: Quaquaval|spe|1
|faint|p2a: Supra
|-ability|p1a: Quaquaval|Moxie|boost
|-boost|p1a: Quaquaval|atk|1
|
|upkeep
|
|t:|1758293890
|switch|p2a: Helcat|Dragapult, M, shiny|100/100
|-damage|p2a: Helcat|88/100|[from] Stealth Rock
|turn|17
|
|t:|1758293895
|-terastallize|p1a: Quaquaval|Water
|-terastallize|p2a: Helcat|Fairy
|move|p1a: Quaquaval|Aqua Step|p2a: Helcat
|-damage|p2a: Helcat|0 fnt
|-boost|p1a: Quaquaval|spe|1
|faint|p2a: Helcat
|-ability|p1a: Quaquaval|Moxie|boost
|-boost|p1a: Quaquaval|atk|1
|
|upkeep
|-message|Chrille-1 forfeited.
|
|win|sdor16
|raw|sdor16's rating: 1508 &rarr; <strong>1529</strong><br />(+21 for winning)
|raw|Chrille-1's rating: 1521 &rarr; <strong>1500</strong><br />(-21 for losing)
|l|☆Chrille-1
|player|p2|
|l|☆sdor16
|player|p1|
