|j|☆javiconb
|j|☆Garg749494
|t:|1758302207
|gametype|singles
|player|p1|javiconb|1|1214
|player|p2|Garg749494|170|1175
|gen|9
|tier|[Gen 9] OU
|rated|
|rule|HP Percentage Mod: HP is shown in percentages
|rule|Endless Battle Clause: Forcing endless battles is banned
|rule|Species Clause: Limit one of each Pokémon
|rule|OHKO Clause: OHKO moves are banned
|rule|Evasion Items Clause: Evasion items are banned
|rule|Evasion Moves Clause: Evasion moves are banned
|rule|Evasion Abilities Clause: Evasion abilities are banned
|rule|Sleep Moves Clause: Sleep-inducing moves are banned
|clearpoke
|poke|p1|Glastrier|
|poke|p1|Diancie|
|poke|p1|Cresselia, F|
|poke|p1|Hatterene, F|
|poke|p1|Slowking, M|
|poke|p1|Ursaluna, M|
|poke|p2|Sneasel-Hisui, F|
|poke|p2|Araquanid, F|
|poke|p2|Great Tusk|
|poke|p2|Persian-Alola, F|
|poke|p2|Kilowattrel, M|
|poke|p2|Armarouge, F|
|teampreview
|
|t:|1758302261
|teamsize|p1|6
|teamsize|p2|6
|start
|switch|p1a: Diancie|Diancie|100/100
|switch|p2a: Persian|Persian-Alola, F|100/100
|turn|1
|inactive|Battle timer is ON: inactive players will automatically lose when time's up. (requested by Garg749494)
|
|t:|1758302267
|move|p2a: Persian|Fake Out|p1a: Diancie
|-resisted|p1a: Diancie
|-damage|p1a: Diancie|97/100
|cant|p1a: Diancie|flinch
|
|upkeep
|turn|2
|
|t:|1758302270
|move|p2a: Persian|Parting Shot|p1a: Diancie
|-fail|p1a: Diancie|unboost|[from] ability: Clear Body|[of] p1a: Diancie
|move|p1a: Diancie|Trick Room|p1a: Diancie
|-fieldstart|move: Trick Room|[of] p1a: Diancie
|
|upkeep
|turn|3
|
|t:|1758302279
|switch|p2a: Sneasel|Sneasel-Hisui, F|100/100
|move|p1a: Diancie|Moonblast|p2a: Sneasel
|-damage|p2a: Sneasel|50/100
|-unboost|p2a: Sneasel|spa|1
|
|upkeep
|turn|4
|
|t:|1758302288
|move|p1a: Diancie|Moonblast|p2a: Sneasel
|-damage|p2a: Sneasel|2/100
|-unboost|p2a: Sneasel|spa|1
|move|p2a: Sneasel|Trailblaze|p1a: Diancie
|-supereffective|p1a: Diancie
|-damage|p1a: Diancie|75/100
|-boost|p2a: Sneasel|spe|1
|
|upkeep
|turn|5
|
|t:|1758302296
|move|p1a: Diancie|Moonblast|p2a: Sneasel
|-damage|p2a: Sneasel|0 fnt
|faint|p2a: Sneasel
|
|upkeep
|
|t:|1758302299
|switch|p2a: Persian|Persian-Alola, F|100/100
|turn|6
|
|t:|1758302306
|switch|p1a: Hatterene|Hatterene, F|100/100
|move|p2a: Persian|Fake Out|p1a: Hatterene
|-damage|p1a: Hatterene|91/100
|
|-fieldend|move: Trick Room
|upkeep
|turn|7
|
|t:|1758302313
|switch|p2a: Kilowattrel|Kilowattrel, M|100/100
|move|p1a: Hatterene|Trick Room|p1a: Hatterene
|-fieldstart|move: Trick Room|[of] p1a: Hatterene
|
|upkeep
|turn|8
|
|t:|1758302333
|move|p1a: Hatterene|Dazzling Gleam|p2a: Kilowattrel
|-damage|p2a: Kilowattrel|8/100
|move|p2a: Kilowattrel|Thunderbolt|p1a: Hatterene
|-damage|p1a: Hatterene|47/100
|
|upkeep
|turn|9
|
|t:|1758302338
|move|p1a: Hatterene|Psychic Noise|p2a: Kilowattrel
|-damage|p2a: Kilowattrel|0 fnt
|faint|p2a: Kilowattrel
|
|upkeep
|
|t:|1758302341
|switch|p2a: Araquanid|Araquanid, F|100/100
|turn|10
|
|t:|1758302347
|move|p1a: Hatterene|Psychic Noise|p2a: Araquanid
|-damage|p2a: Araquanid|68/100
|move|p2a: Araquanid|Liquidation|p1a: Hatterene
|-crit|p1a: Hatterene
|-damage|p1a: Hatterene|0 fnt
|faint|p1a: Hatterene
|
|upkeep
|
|t:|1758302376
|switch|p1a: Diancie|Diancie|75/100
|turn|11
|
|t:|1758302378
|move|p1a: Diancie|Power Gem|p2a: Araquanid
|-supereffective|p2a: Araquanid
|-damage|p2a: Araquanid|4/100
|move|p2a: Araquanid|Liquidation|p1a: Diancie
|-supereffective|p1a: Diancie
|-damage|p1a: Diancie|0 fnt
|faint|p1a: Diancie
|
|-fieldend|move: Trick Room
|upkeep
|inactive|javiconb has 120 seconds left.
|
|t:|1758302405
|switch|p1a: Glastrier|Glastrier|100/100
|turn|12
|
|t:|1758302409
|move|p2a: Araquanid|Lunge|p1a: Glastrier
|-damage|p1a: Glastrier|81/100
|-unboost|p1a: Glastrier|atk|1
|move|p1a: Glastrier|High Horsepower|p2a: Araquanid
|-resisted|p2a: Araquanid
|-damage|p2a: Araquanid|0 fnt
|faint|p2a: Araquanid
|-ability|p1a: Glastrier|Chilling Neigh|boost
|-boost|p1a: Glastrier|atk|1
|
|-heal|p1a: Glastrier|87/100|[from] item: Leftovers
|upkeep
|
|t:|1758302415
|switch|p2a: Armarouge|Armarouge, F|100/100
|turn|13
|
|t:|1758302422
|switch|p1a: Slowking|Slowking, M|100/100
|move|p2a: Armarouge|Armor Cannon|p1a: Slowking
|-resisted|p1a: Slowking
|-damage|p1a: Slowking|78/100
|-unboost|p2a: Armarouge|def|1
|-unboost|p2a: Armarouge|spd|1
|
|upkeep
|turn|14
|
|t:|1758302430
|switch|p2a: Persian|Persian-Alola, F|100/100
|move|p1a: Slowking|Trick Room|p1a: Slowking
|-fieldstart|move: Trick Room|[of] p1a: Slowking
|
|upkeep
|turn|15
|
|t:|1758302437
|move|p2a: Persian|Knock Off|p1a: Slowking
|-supereffective|p1a: Slowking
|-damage|p1a: Slowking|29/100
|-enditem|p1a: Slowking|Lagging Tail|[from] move: Knock Off|[of] p2a: Persian
|move|p1a: Slowking|Scald|p2a: Persian
|-crit|p2a: Persian
|-damage|p2a: Persian|29/100
|-status|p2a: Persian|brn
|
|-heal|p2a: Persian|35/100 brn|[from] item: Leftovers
|-damage|p2a: Persian|29/100 brn|[from] brn
|upkeep
|turn|16
|
|t:|1758302446
|-prepare|p1a: Slowking|Chilly Reception|[premajor]
|move|p1a: Slowking|Chilly Reception|p1a: Slowking
|-weather|Snowscape
|
|t:|1758302457
|switch|p1a: Glastrier|Glastrier|87/100|[from] Chilly Reception
|move|p2a: Persian|Parting Shot|p1a: Glastrier
|-unboost|p1a: Glastrier|atk|1
|-unboost|p1a: Glastrier|spa|1
|inactive|Garg749494 has 120 seconds left.
|
|t:|1758302487
|switch|p2a: Armarouge|Armarouge, F|100/100|[from] Parting Shot
|
|-weather|Snowscape|[upkeep]
|-heal|p1a: Glastrier|93/100|[from] item: Leftovers
|upkeep
|turn|17
|
|t:|1758302503
|move|p1a: Glastrier|High Horsepower|p2a: Armarouge
|-supereffective|p2a: Armarouge
|-damage|p2a: Armarouge|49/100
|-ability|p2a: Armarouge|Weak Armor|boost
|-unboost|p2a: Armarouge|def|1
|-boost|p2a: Armarouge|spe|2
|move|p2a: Armarouge|Calm Mind|p2a: Armarouge
|-boost|p2a: Armarouge|spa|1
|-boost|p2a: Armarouge|spd|1
|
|-weather|Snowscape|[upkeep]
|-heal|p1a: Glastrier|99/100|[from] item: Leftovers
|upkeep
|turn|18
|
|t:|1758302512
|move|p1a: Glastrier|High Horsepower|p2a: Armarouge
|-supereffective|p2a: Armarouge
|-damage|p2a: Armarouge|0 fnt
|faint|p2a: Armarouge
|-ability|p1a: Glastrier|Chilling Neigh|boost
|-boost|p1a: Glastrier|atk|1
|
|-weather|Snowscape|[upkeep]
|-heal|p1a: Glastrier|100/100|[from] item: Leftovers
|-fieldend|move: Trick Room
|upkeep
|
|t:|1758302514
|switch|p2a: Great Tusk|Great Tusk|100/100
|turn|19
|
|t:|1758302521
|switch|p1a: Cresselia|Cresselia, F|100/100
|move|p2a: Great Tusk|Close Combat|p1a: Cresselia
|-resisted|p1a: Cresselia
|-damage|p1a: Cresselia|80/100
|-unboost|p2a: Great Tusk|def|1
|-unboost|p2a: Great Tusk|spd|1
|-damage|p2a: Great Tusk|84/100|[from] item: Rocky Helmet|[of] p1a: Cresselia
|
|-weather|Snowscape|[upkeep]
|upkeep
|turn|20
|-message|Garg749494 forfeited.
|
|win|javiconb
|raw|javiconb's rating: 1214 &rarr; <strong>1236</strong><br />(+22 for winning)
|raw|Garg749494's rating: 1175 &rarr; <strong>1153</strong><br />(-22 for losing)
|l|☆Garg749494
|player|p2|
|l|☆javiconb
|player|p1|
