|j|☆Palafinnieon
|j|☆NormalDude1989
|t:|1758295741
|gametype|singles
|player|p1|Palafinnieon|grimsley|1517
|player|p2|NormalDude1989|emmet|1533
|gen|9
|tier|[Gen 9] OU
|rated|
|rule|HP Percentage Mod: HP is shown in percentages
|rule|Endless Battle Clause: Forcing endless battles is banned
|rule|Species Clause: Limit one of each Pokémon
|rule|OHKO Clause: OHKO moves are banned
|rule|Evasion Items Clause: Evasion items are banned
|rule|Evasion Moves Clause: Evasion moves are banned
|rule|Evasion Abilities Clause: Evasion abilities are banned
|rule|Sleep Moves Clause: Sleep-inducing moves are banned
|clearpoke
|poke|p1|Araquanid, F|
|poke|p1|Gholdengo|
|poke|p1|Florges, F|
|poke|p1|Zapdos-Galar|
|poke|p1|Iron Boulder|
|poke|p1|Landorus-Therian, M|
|poke|p2|Kingambit, M|
|poke|p2|Hatterene, F|
|poke|p2|Ogerpon-Wellspring, F|
|poke|p2|Great Tusk|
|poke|p2|Latios, M|
|poke|p2|Zapdos|
|teampreview
|
|t:|1758295767
|teamsize|p1|6
|teamsize|p2|6
|start
|switch|p1a: Itsy Bitsy|Araquanid, F|100/100
|switch|p2a: Minerva|Hatterene, F|100/100
|turn|1
|
|t:|1758295779
|switch|p1a: My Foot Your Face|Zapdos-Galar, shiny|100/100
|move|p2a: Minerva|Nuzzle|p1a: My Foot Your Face
|-supereffective|p1a: My Foot Your Face
|-damage|p1a: My Foot Your Face|91/100
|-status|p1a: My Foot Your Face|par
|
|-heal|p1a: My Foot Your Face|97/100 par|[from] item: Leftovers
|upkeep
|turn|2
|
|t:|1758295787
|move|p1a: My Foot Your Face|Brave Bird|p2a: Minerva
|-damage|p2a: Minerva|37/100
|-damage|p1a: My Foot Your Face|77/100 par|[from] Recoil
|move|p2a: Minerva|Draining Kiss|p1a: My Foot Your Face
|-supereffective|p1a: My Foot Your Face
|-damage|p1a: My Foot Your Face|11/100 par
|-heal|p2a: Minerva|87/100|[from] drain|[of] p1a: My Foot Your Face
|
|-heal|p1a: My Foot Your Face|18/100 par|[from] item: Leftovers
|upkeep
|turn|3
|
|t:|1758295814
|switch|p2a: Morpho|Zapdos|100/100
|move|p1a: My Foot Your Face|Brave Bird|p2a: Morpho
|-resisted|p2a: Morpho
|-damage|p2a: Morpho|78/100
|-damage|p1a: My Foot Your Face|1/100 par|[from] item: Rocky Helmet|[of] p2a: Morpho
|-damage|p1a: My Foot Your Face|0 fnt|[from] Recoil
|faint|p1a: My Foot Your Face
|
|upkeep
|
|t:|1758295820
|switch|p1a: Nymph|Florges, F|100/100
|turn|4
|
|t:|1758295825
|move|p1a: Nymph|Calm Mind|p1a: Nymph
|-boost|p1a: Nymph|spa|1
|-boost|p1a: Nymph|spd|1
|move|p2a: Morpho|Volt Switch|p1a: Nymph
|-damage|p1a: Nymph|89/100
|
|t:|1758295832
|switch|p2a: Muramasa|Kingambit, M|100/100|[from] Volt Switch
|
|-heal|p1a: Nymph|95/100|[from] item: Leftovers
|upkeep
|turn|5
|
|t:|1758295838
|move|p1a: Nymph|Moonblast|p2a: Muramasa
|-damage|p2a: Muramasa|49/100
|move|p2a: Muramasa|Iron Head|p1a: Nymph
|-supereffective|p1a: Nymph
|-damage|p1a: Nymph|0 fnt
|faint|p1a: Nymph
|
|-heal|p2a: Muramasa|55/100|[from] item: Leftovers
|upkeep
|
|t:|1758295841
|switch|p1a: Landorus|Landorus-Therian, M|100/100
|-ability|p1a: Landorus|Intimidate|boost
|-unboost|p2a: Muramasa|atk|1
|turn|6
|
|t:|1758295850
|-end|p2a: Muramasa|fallenundefined|[silent]
|switch|p2a: Ivan|Great Tusk|100/100
|move|p1a: Landorus|Earthquake|p2a: Ivan
|-damage|p2a: Ivan|46/100
|-damage|p1a: Landorus|91/100|[from] item: Life Orb
|
|-heal|p2a: Ivan|52/100|[from] item: Leftovers
|upkeep
|turn|7
|
|t:|1758295859
|move|p1a: Landorus|Grass Knot|p2a: Ivan
|-supereffective|p2a: Ivan
|-damage|p2a: Ivan|0 fnt
|faint|p2a: Ivan
|-end|p2a: Ivan|Protosynthesis|[silent]
|-damage|p1a: Landorus|81/100|[from] item: Life Orb
|
|upkeep
|
|t:|1758295864
|switch|p2a: Carly Beth|Ogerpon-Wellspring, F|100/100
|turn|8
|
|t:|1758295881
|move|p2a: Carly Beth|Wood Hammer|p1a: Landorus
|-damage|p1a: Landorus|0 fnt
|faint|p1a: Landorus
|-damage|p2a: Carly Beth|72/100|[from] Recoil
|
|upkeep
|
|t:|1758295915
|switch|p1a: ROCK MAN|Iron Boulder|100/100
|-enditem|p1a: ROCK MAN|Booster Energy
|-activate|p1a: ROCK MAN|ability: Quark Drive|[fromitem]
|-start|p1a: ROCK MAN|quarkdrivespe
|turn|9
|
|t:|1758295925
|-terastallize|p1a: ROCK MAN|Fighting
|move|p1a: ROCK MAN|Close Combat|p2a: Carly Beth
|-damage|p2a: Carly Beth|0 fnt
|-unboost|p1a: ROCK MAN|def|1
|-unboost|p1a: ROCK MAN|spd|1
|faint|p2a: Carly Beth
|
|upkeep
|
|t:|1758295935
|switch|p2a: Azure|Latios, M|100/100
|turn|10
|
|t:|1758295940
|-end|p1a: ROCK MAN|Quark Drive|[silent]
|switch|p1a: Itsy Bitsy|Araquanid, F|100/100
|move|p2a: Azure|Luster Purge|p1a: Itsy Bitsy
|-damage|p1a: Itsy Bitsy|54/100
|-unboost|p1a: Itsy Bitsy|spd|1
|
|upkeep
|turn|11
|
|t:|1758295947
|move|p1a: Itsy Bitsy|Endure|p1a: Itsy Bitsy
|-singleturn|p1a: Itsy Bitsy|move: Endure
|move|p2a: Azure|Luster Purge|p1a: Itsy Bitsy
|-activate|p1a: Itsy Bitsy|move: Endure
|-damage|p1a: Itsy Bitsy|1/100
|
|upkeep
|turn|12
|-enditem|p1a: Itsy Bitsy|Custap Berry|[eat]
|-activate|p1a: Itsy Bitsy|item: Custap Berry|[consumed]
|
|t:|1758295958
|switch|p2a: Minerva|Hatterene, F|87/100
|move|p1a: Itsy Bitsy|Endeavor|p2a: Minerva
|-damage|p2a: Minerva|1/100
|
|upkeep
|turn|13
|
|t:|1758295967
|move|p1a: Itsy Bitsy|Surf|p2a: Minerva
|-damage|p2a: Minerva|0 fnt
|faint|p2a: Minerva
|
|upkeep
|
|t:|1758295977
|switch|p2a: Morpho|Zapdos|78/100
|turn|14
|
|t:|1758295985
|move|p2a: Morpho|Volt Switch|p1a: Itsy Bitsy
|-supereffective|p1a: Itsy Bitsy
|-damage|p1a: Itsy Bitsy|0 fnt
|faint|p1a: Itsy Bitsy
|
|t:|1758295997
|switch|p2a: Azure|Latios, M|100/100|[from] Volt Switch
|
|upkeep
|
|t:|1758296000
|switch|p1a: MLM Enjoyer|Gholdengo|100/100
|-item|p1a: MLM Enjoyer|Air Balloon
|turn|15
|
|t:|1758296006
|switch|p2a: Morpho|Zapdos|78/100
|move|p1a: MLM Enjoyer|Shadow Ball|p2a: Morpho
|-damage|p2a: Morpho|30/100
|
|upkeep
|turn|16
|
|t:|1758296011
|move|p1a: MLM Enjoyer|Shadow Ball|p2a: Morpho
|-damage|p2a: Morpho|0 fnt
|faint|p2a: Morpho
|
|upkeep
|
|t:|1758296015
|switch|p2a: Muramasa|Kingambit, M|55/100
|-activate|p2a: Muramasa|ability: Supreme Overlord
|-start|p2a: Muramasa|fallen4|[silent]
|turn|17
|
|t:|1758296027
|switch|p1a: ROCK MAN|Iron Boulder, tera:Fighting|100/100
|-terastallize|p2a: Muramasa|Water
|move|p2a: Muramasa|Swords Dance|p2a: Muramasa
|-boost|p2a: Muramasa|atk|2
|
|-heal|p2a: Muramasa|61/100|[from] item: Leftovers
|upkeep
|turn|18
|
|t:|1758296037
|move|p1a: ROCK MAN|Close Combat|p2a: Muramasa
|-damage|p2a: Muramasa|20/100
|-unboost|p1a: ROCK MAN|def|1
|-unboost|p1a: ROCK MAN|spd|1
|move|p2a: Muramasa|Iron Head|p1a: ROCK MAN
|-damage|p1a: ROCK MAN|0 fnt
|faint|p1a: ROCK MAN
|-end|p1a: ROCK MAN|Quark Drive|[silent]
|
|-heal|p2a: Muramasa|26/100|[from] item: Leftovers
|upkeep
|
|t:|1758296041
|switch|p1a: MLM Enjoyer|Gholdengo|100/100
|-item|p1a: MLM Enjoyer|Air Balloon
|turn|19
|
|t:|1758296045
|move|p2a: Muramasa|Sucker Punch||[still]
|-fail|p2a: Muramasa
|move|p1a: MLM Enjoyer|Nasty Plot|p1a: MLM Enjoyer
|-boost|p1a: MLM Enjoyer|spa|2
|
|-heal|p2a: Muramasa|32/100|[from] item: Leftovers
|upkeep
|turn|20
|
|t:|1758296050
|move|p2a: Muramasa|Sucker Punch|p1a: MLM Enjoyer
|-supereffective|p1a: MLM Enjoyer
|-damage|p1a: MLM Enjoyer|0 fnt
|-enditem|p1a: MLM Enjoyer|Air Balloon
|faint|p1a: MLM Enjoyer
|
|win|NormalDude1989
|raw|Palafinnieon's rating: 1517 &rarr; <strong>1498</strong><br />(-19 for losing)
|raw|NormalDude1989's rating: 1533 &rarr; <strong>1552</strong><br />(+19 for winning)
|l|☆Palafinnieon
|player|p1|
|l|☆NormalDude1989
|player|p2|
