|j|☆Nultiprise
|j|☆KuroNoTamashi
|t:|1758375675
|gametype|singles
|player|p1|Nultiprise|preschooler|1516
|player|p2|KuroNoTamashi|1|1501
|gen|9
|tier|[Gen 9] OU
|rated|
|rule|HP Percentage Mod: HP is shown in percentages
|rule|Endless Battle Clause: Forcing endless battles is banned
|rule|Species Clause: Limit one of each Pokémon
|rule|OHKO Clause: OHKO moves are banned
|rule|Evasion Items Clause: Evasion items are banned
|rule|Evasion Moves Clause: Evasion moves are banned
|rule|Evasion Abilities Clause: Evasion abilities are banned
|rule|Sleep Moves Clause: Sleep-inducing moves are banned
|clearpoke
|poke|p1|Greninja-*, M|
|poke|p1|Zoroark-Hisui, M|
|poke|p1|Great Tusk|
|poke|p1|Deoxys-Speed|
|poke|p1|Yanmega, M|
|poke|p1|Mimikyu, M|
|poke|p2|Kyurem|
|poke|p2|Heatran, M|
|poke|p2|Cinderace, F|
|poke|p2|Slowking-Galar, F|
|poke|p2|Great Tusk|
|poke|p2|Latios, M|
|teampreview
|
|t:|1758375686
|teamsize|p1|6
|teamsize|p2|6
|start
|switch|p1a: Deoxys|Deoxys-Speed|100/100
|switch|p2a: Cinderace|Cinderace, F|100/100
|-ability|p1a: Deoxys|Pressure
|turn|1
|
|t:|1758375689
|move|p2a: Cinderace|U-turn|p1a: Deoxys
|-start|p2a: Cinderace|typechange|Bug|[from] ability: Libero
|-supereffective|p1a: Deoxys
|-enditem|p1a: Deoxys|Focus Sash
|-damage|p1a: Deoxys|1/100
|
|t:|1758375694
|switch|p2a: Heatran|Heatran, M|100/100|[from] U-turn
|move|p1a: Deoxys|Counter|p2a: Heatran
|-damage|p2a: Heatran|0 fnt
|faint|p2a: Heatran
|
|upkeep
|
|t:|1758375699
|switch|p2a: Latios|Latios, M|100/100
|turn|2
|
|t:|1758375701
|move|p2a: Latios|Flip Turn|p1a: Deoxys
|-crit|p1a: Deoxys
|-damage|p1a: Deoxys|0 fnt
|faint|p1a: Deoxys
|
|t:|1758375704
|switch|p2a: Slowking|Slowking-Galar, F, shiny|100/100|[from] Flip Turn
|
|upkeep
|
|t:|1758375708
|switch|p1a: Quoi ?|Greninja, M|100/100
|turn|3
|
|t:|1758375710
|move|p1a: Quoi ?|Shadow Ball|p2a: Slowking
|-supereffective|p2a: Slowking
|-damage|p2a: Slowking|49/100
|-damage|p1a: Quoi ?|91/100|[from] item: Life Orb
|move|p2a: Slowking|Sludge Bomb|p1a: Quoi ?
|-resisted|p1a: Quoi ?
|-damage|p1a: Quoi ?|43/100
|replace|p1a: Feur|Zoroark-Hisui, M
|-end|p1a: Feur|Illusion
|
|upkeep
|turn|4
|
|t:|1758375720
|switch|p2a: Cinderace|Cinderace, F|100/100
|move|p1a: Feur|Shadow Ball|p2a: Cinderace
|-damage|p2a: Cinderace|29/100
|-unboost|p2a: Cinderace|spd|1
|-damage|p1a: Feur|33/100|[from] item: Life Orb
|
|upkeep
|turn|5
|
|t:|1758375723
|move|p2a: Cinderace|Pyro Ball|p1a: Feur
|-damage|p1a: Feur|0 fnt
|faint|p1a: Feur
|
|upkeep
|
|t:|1758375725
|switch|p1a: Yanmega|Yanmega, M|100/100
|turn|6
|
|t:|1758375727
|move|p1a: Yanmega|Protect|p1a: Yanmega
|-singleturn|p1a: Yanmega|Protect
|move|p2a: Cinderace|Pyro Ball|p1a: Yanmega
|-activate|p1a: Yanmega|move: Protect
|
|-ability|p1a: Yanmega|Speed Boost|boost
|-boost|p1a: Yanmega|spe|1
|upkeep
|turn|7
|
|t:|1758375729
|move|p1a: Yanmega|Bug Buzz|p2a: Cinderace
|-resisted|p2a: Cinderace
|-damage|p2a: Cinderace|0 fnt
|faint|p2a: Cinderace
|-enditem|p1a: Yanmega|Throat Spray
|-boost|p1a: Yanmega|spa|1|[from] item: Throat Spray
|
|-ability|p1a: Yanmega|Speed Boost|boost
|-boost|p1a: Yanmega|spe|1
|upkeep
|
|t:|1758375732
|switch|p2a: Slowking|Slowking-Galar, F, shiny|82/100
|turn|8
|
|t:|1758375737
|move|p1a: Yanmega|Bug Buzz|p2a: Slowking
|-damage|p2a: Slowking|52/100
|move|p2a: Slowking|Sludge Bomb|p1a: Yanmega
|-damage|p1a: Yanmega|27/100
|
|-ability|p1a: Yanmega|Speed Boost|boost
|-boost|p1a: Yanmega|spe|1
|upkeep
|turn|9
|
|t:|1758375740
|move|p1a: Yanmega|Air Slash|p2a: Slowking
|-damage|p2a: Slowking|27/100
|move|p2a: Slowking|Sludge Bomb|p1a: Yanmega
|-damage|p1a: Yanmega|0 fnt
|faint|p1a: Yanmega
|
|upkeep
|
|t:|1758375743
|switch|p1a: Quoi ?|Greninja, M|100/100
|turn|10
|
|t:|1758375748
|move|p1a: Quoi ?|Dark Pulse|p2a: Slowking
|-supereffective|p2a: Slowking
|-damage|p2a: Slowking|0 fnt
|faint|p2a: Slowking
|-ability|p1a: Quoi ?|Battle Bond|boost
|-boost|p1a: Quoi ?|atk|1
|-boost|p1a: Quoi ?|spa|1
|-boost|p1a: Quoi ?|spe|1
|-activate|p1a: Quoi ?|ability: Battle Bond
|
|upkeep
|
|t:|1758375753
|switch|p2a: Kyurem|Kyurem|100/100
|-ability|p2a: Kyurem|Pressure
|turn|11
|
|t:|1758375756
|move|p1a: Quoi ?|Dark Pulse|p2a: Kyurem
|-damage|p2a: Kyurem|48/100
|move|p2a: Kyurem|Freeze-Dry|p1a: Quoi ?
|-supereffective|p1a: Quoi ?
|-enditem|p1a: Quoi ?|Focus Sash
|-damage|p1a: Quoi ?|1/100
|
|upkeep
|turn|12
|
|t:|1758375762
|move|p1a: Quoi ?|Dark Pulse|p2a: Kyurem
|-damage|p2a: Kyurem|0 fnt
|faint|p2a: Kyurem
|
|upkeep
|
|t:|1758375764
|switch|p2a: Latios|Latios, M|100/100
|turn|13
|
|t:|1758375766
|move|p1a: Quoi ?|Ice Beam|p2a: Latios
|-supereffective|p2a: Latios
|-damage|p2a: Latios|20/100
|move|p2a: Latios|Flip Turn|p1a: Quoi ?
|-resisted|p1a: Quoi ?
|-damage|p1a: Quoi ?|0 fnt
|faint|p1a: Quoi ?
|
|t:|1758375770
|switch|p2a: Great Tusk|Great Tusk|100/100|[from] Flip Turn
|-enditem|p2a: Great Tusk|Booster Energy
|-activate|p2a: Great Tusk|ability: Protosynthesis|[fromitem]
|-start|p2a: Great Tusk|protosynthesisspe
|
|upkeep
|
|t:|1758375773
|switch|p1a: Mimikyu|Mimikyu, M|100/100
|turn|14
|
|t:|1758375776
|-terastallize|p2a: Great Tusk|Fairy
|-terastallize|p1a: Mimikyu|Fairy
|move|p2a: Great Tusk|Bulk Up|p2a: Great Tusk
|-boost|p2a: Great Tusk|atk|1
|-boost|p2a: Great Tusk|def|1
|move|p1a: Mimikyu|Play Rough|p2a: Great Tusk
|-damage|p2a: Great Tusk|73/100
|-damage|p1a: Mimikyu|91/100|[from] item: Life Orb
|
|upkeep
|turn|15
|
|t:|1758375781
|move|p2a: Great Tusk|Bulk Up|p2a: Great Tusk
|-boost|p2a: Great Tusk|atk|1
|-boost|p2a: Great Tusk|def|1
|move|p1a: Mimikyu|Play Rough|p2a: Great Tusk
|-damage|p2a: Great Tusk|54/100
|-damage|p1a: Mimikyu|81/100|[from] item: Life Orb
|
|upkeep
|turn|16
|
|t:|1758375783
|move|p2a: Great Tusk|Earthquake|p1a: Mimikyu
|-activate|p1a: Mimikyu|ability: Disguise
|-damage|p1a: Mimikyu|81/100
|detailschange|p1a: Mimikyu|Mimikyu-Busted, M, tera:Fairy
|-damage|p1a: Mimikyu|68/100|[from] pokemon: Mimikyu-Busted
|move|p1a: Mimikyu|Play Rough|p2a: Great Tusk
|-damage|p2a: Great Tusk|35/100
|-damage|p1a: Mimikyu|58/100|[from] item: Life Orb
|
|upkeep
|turn|17
|
|t:|1758375786
|move|p2a: Great Tusk|Earthquake|p1a: Mimikyu
|-damage|p1a: Mimikyu|0 fnt
|faint|p1a: Mimikyu
|
|upkeep
|
|t:|1758375787
|switch|p1a: Great Tusk|Great Tusk|100/100
|-enditem|p1a: Great Tusk|Booster Energy
|-activate|p1a: Great Tusk|ability: Protosynthesis|[fromitem]
|-start|p1a: Great Tusk|protosynthesisspe
|turn|18
|
|t:|1758375790
|move|p1a: Great Tusk|Rapid Spin|p2a: Great Tusk
|-damage|p2a: Great Tusk|30/100
|-boost|p1a: Great Tusk|spe|1
|move|p2a: Great Tusk|Bulk Up|p2a: Great Tusk
|-boost|p2a: Great Tusk|atk|1
|-boost|p2a: Great Tusk|def|1
|
|upkeep
|turn|19
|
|t:|1758375793
|move|p1a: Great Tusk|Bulk Up|p1a: Great Tusk
|-boost|p1a: Great Tusk|atk|1
|-boost|p1a: Great Tusk|def|1
|move|p2a: Great Tusk|Earthquake|p1a: Great Tusk
|-damage|p1a: Great Tusk|58/100
|
|upkeep
|turn|20
|
|t:|1758375795
|move|p1a: Great Tusk|Bulk Up|p1a: Great Tusk
|-boost|p1a: Great Tusk|atk|1
|-boost|p1a: Great Tusk|def|1
|move|p2a: Great Tusk|Earthquake|p1a: Great Tusk
|-damage|p1a: Great Tusk|25/100
|
|upkeep
|turn|21
|
|t:|1758375797
|move|p1a: Great Tusk|Headlong Rush|p2a: Great Tusk
|-damage|p2a: Great Tusk|5/100
|-unboost|p1a: Great Tusk|def|1
|-unboost|p1a: Great Tusk|spd|1
|move|p2a: Great Tusk|Earthquake|p1a: Great Tusk
|-crit|p1a: Great Tusk
|-damage|p1a: Great Tusk|0 fnt
|faint|p1a: Great Tusk
|-end|p1a: Great Tusk|Protosynthesis|[silent]
|
|win|KuroNoTamashi
|raw|Nultiprise's rating: 1516 &rarr; <strong>1495</strong><br />(-21 for losing)
|raw|KuroNoTamashi's rating: 1501 &rarr; <strong>1522</strong><br />(+21 for winning)
|l|☆Nultiprise
|player|p1|
|l|☆KuroNoTamashi
|player|p2|
