|j|☆Tom5283
|j|☆acerrillo6970
|t:|1758264090
|gametype|singles
|player|p1|Tom5283|hilbert|1130
|player|p2|acerrillo6970|101|1164
|gen|9
|tier|[Gen 9] OU
|rated|
|rule|HP Percentage Mod: HP is shown in percentages
|rule|Endless Battle Clause: Forcing endless battles is banned
|rule|Species Clause: Limit one of each Pokémon
|rule|OHKO Clause: OHKO moves are banned
|rule|Evasion Items Clause: Evasion items are banned
|rule|Evasion Moves Clause: Evasion moves are banned
|rule|Evasion Abilities Clause: Evasion abilities are banned
|rule|Sleep Moves Clause: Sleep-inducing moves are banned
|clearpoke
|poke|p1|Lucario, M|
|poke|p1|Hydreigon, M|
|poke|p1|Dondozo, M|
|poke|p1|Delphox, F|
|poke|p1|Decidueye, M|
|poke|p1|Minior-Orange|
|poke|p2|Comfey, M|
|poke|p2|Flamigo, F|
|poke|p2|Tentacruel, F|
|poke|p2|Venusaur, M|
|poke|p2|Garchomp, F|
|poke|p2|Weavile, F|
|teampreview
|inactive|Battle timer is ON: inactive players will automatically lose when time's up. (requested by Tom5283)
|
|t:|1758264105
|teamsize|p1|6
|teamsize|p2|6
|start
|switch|p1a: Twilight|Delphox, F, shiny|100/100
|switch|p2a: Weavile|Weavile, F|100/100
|turn|1
|
|t:|1758264124
|switch|p1a: Namazu|Dondozo, M|100/100
|move|p2a: Weavile|Swords Dance|p2a: Weavile
|-boost|p2a: Weavile|atk|2
|
|upkeep
|turn|2
|
|t:|1758264135
|move|p2a: Weavile|Knock Off|p1a: Namazu
|-damage|p1a: Namazu|75/100
|-damage|p2a: Weavile|84/100|[from] item: Rocky Helmet|[of] p1a: Namazu
|-enditem|p1a: Namazu|Rocky Helmet|[from] move: Knock Off|[of] p2a: Weavile
|move|p1a: Namazu|Earthquake|p2a: Weavile
|-damage|p2a: Weavile|34/100
|
|upkeep
|turn|3
|
|t:|1758264144
|switch|p2a: Venusaur|Venusaur, M|100/100
|move|p1a: Namazu|Rest|p1a: Namazu
|-status|p1a: Namazu|slp|[from] move: Rest
|-heal|p1a: Namazu|100/100 slp|[silent]
|
|upkeep
|turn|4
|
|t:|1758264169
|switch|p1a: Twilight|Delphox, F, shiny|100/100
|move|p2a: Venusaur|Leech Seed|p1a: Twilight
|-start|p1a: Twilight|move: Leech Seed
|
|-damage|p1a: Twilight|88/100|[from] Leech Seed|[of] p2a: Venusaur
|upkeep
|turn|5
|
|t:|1758264177
|switch|p2a: Tentacruel|Tentacruel, F|100/100
|move|p1a: Twilight|Psychic Noise|p2a: Tentacruel
|-supereffective|p2a: Tentacruel
|-damage|p2a: Tentacruel|46/100
|-start|p2a: Tentacruel|move: Heal Block
|-item|p1a: Twilight|Black Sludge|[from] ability: Magician|[of] p2a: Tentacruel
|
|-damage|p1a: Twilight|76/100|[from] item: Black Sludge
|-damage|p1a: Twilight|63/100|[from] Leech Seed|[of] p2a: Tentacruel
|upkeep
|turn|6
|
|t:|1758264197
|move|p1a: Twilight|Psychic Noise|p2a: Tentacruel
|-supereffective|p2a: Tentacruel
|-damage|p2a: Tentacruel|0 fnt
|faint|p2a: Tentacruel
|
|-damage|p1a: Twilight|51/100|[from] item: Black Sludge
|upkeep
|
|t:|1758264208
|switch|p2a: Flamigo|Flamigo, F|100/100
|turn|7
|
|t:|1758264211
|move|p2a: Flamigo|Liquidation|p1a: Twilight
|-supereffective|p1a: Twilight
|-damage|p1a: Twilight|0 fnt
|faint|p1a: Twilight
|
|upkeep
|
|t:|1758264223
|switch|p1a: Namazu|Dondozo, M|100/100 slp
|turn|8
|
|t:|1758264228
|switch|p2a: Venusaur|Venusaur, M|100/100
|cant|p1a: Namazu|slp
|move|p1a: Namazu|Sleep Talk|p1a: Namazu
|move|p1a: Namazu|Rest||[from] move: Sleep Talk|[still]
|-fail|p1a: Namazu
|
|upkeep
|turn|9
|
|t:|1758264248
|switch|p1a: Robin Hood|Decidueye, M|100/100
|move|p2a: Venusaur|Sludge Bomb|p1a: Robin Hood
|-damage|p1a: Robin Hood|64/100
|
|-heal|p1a: Robin Hood|70/100|[from] item: Leftovers
|upkeep
|turn|10
|
|t:|1758264258
|move|p2a: Venusaur|Sludge Bomb|p1a: Robin Hood
|-damage|p1a: Robin Hood|34/100
|move|p1a: Robin Hood|Shadow Ball|p2a: Venusaur
|-damage|p2a: Venusaur|73/100
|
|-heal|p2a: Venusaur|79/100|[from] item: Leftovers
|-heal|p1a: Robin Hood|40/100|[from] item: Leftovers
|upkeep
|turn|11
|
|t:|1758264268
|switch|p2a: Garchomp|Garchomp, F|100/100
|move|p1a: Robin Hood|Giga Drain|p2a: Garchomp
|-damage|p2a: Garchomp|81/100
|-heal|p1a: Robin Hood|53/100|[from] drain|[of] p2a: Garchomp
|
|-heal|p1a: Robin Hood|59/100|[from] item: Leftovers
|upkeep
|turn|12
|
|t:|1758264278
|move|p1a: Robin Hood|Shadow Ball|p2a: Garchomp
|-damage|p2a: Garchomp|60/100
|move|p2a: Garchomp|Dragon Tail|p1a: Robin Hood
|-damage|p1a: Robin Hood|38/100
|drag|p1a: Namazu|Dondozo, M|100/100 slp
|
|upkeep
|turn|13
|
|t:|1758264286
|switch|p2a: Flamigo|Flamigo, F|100/100
|cant|p1a: Namazu|slp
|move|p1a: Namazu|Sleep Talk|p1a: Namazu
|move|p1a: Namazu|Avalanche|p2a: Flamigo|[from] move: Sleep Talk
|-supereffective|p2a: Flamigo
|-damage|p2a: Flamigo|49/100
|
|upkeep
|turn|14
|
|t:|1758264300
|move|p2a: Flamigo|U-turn|p1a: Namazu
|-damage|p1a: Namazu|88/100 slp
|
|t:|1758264305
|switch|p2a: Venusaur|Venusaur, M|79/100|[from] U-turn
|-curestatus|p1a: Namazu|slp|[msg]
|move|p1a: Namazu|Avalanche|p2a: Venusaur
|-supereffective|p2a: Venusaur
|-damage|p2a: Venusaur|43/100
|
|-heal|p2a: Venusaur|49/100|[from] item: Leftovers
|upkeep
|turn|15
|
|t:|1758264317
|switch|p1a: Robin Hood|Decidueye, M|38/100
|move|p2a: Venusaur|Leech Seed|p1a: Robin Hood
|-immune|p1a: Robin Hood
|
|-heal|p2a: Venusaur|55/100|[from] item: Leftovers
|-heal|p1a: Robin Hood|44/100|[from] item: Leftovers
|upkeep
|turn|16
|
|t:|1758264326
|move|p2a: Venusaur|Sludge Bomb|p1a: Robin Hood
|-damage|p1a: Robin Hood|9/100
|move|p1a: Robin Hood|Shadow Ball|p2a: Venusaur
|-damage|p2a: Venusaur|27/100
|-unboost|p2a: Venusaur|spd|1
|
|-heal|p2a: Venusaur|34/100|[from] item: Leftovers
|-heal|p1a: Robin Hood|16/100|[from] item: Leftovers
|upkeep
|turn|17
|
|t:|1758264340
|move|p2a: Venusaur|Sludge Bomb|p1a: Robin Hood
|-crit|p1a: Robin Hood
|-damage|p1a: Robin Hood|0 fnt
|faint|p1a: Robin Hood
|
|-heal|p2a: Venusaur|40/100|[from] item: Leftovers
|upkeep
|
|t:|1758264356
|switch|p1a: Chicxulub|Minior-Orange|100/100
|-formechange|p1a: Chicxulub|Minior-Meteor||[from] ability: Shields Down
|turn|18
|
|t:|1758264364
|move|p1a: Chicxulub|Substitute|p1a: Chicxulub
|-start|p1a: Chicxulub|Substitute
|-damage|p1a: Chicxulub|75/100
|move|p2a: Venusaur|Leech Seed||[still]
|-fail|p2a: Venusaur
|
|-heal|p2a: Venusaur|46/100|[from] item: Leftovers
|upkeep
|turn|19
|
|t:|1758264372
|move|p1a: Chicxulub|Shell Smash|p1a: Chicxulub
|-unboost|p1a: Chicxulub|def|1
|-unboost|p1a: Chicxulub|spd|1
|-boost|p1a: Chicxulub|atk|2
|-boost|p1a: Chicxulub|spa|2
|-boost|p1a: Chicxulub|spe|2
|move|p2a: Venusaur|Sludge Bomb|p1a: Chicxulub
|-resisted|p1a: Chicxulub
|-end|p1a: Chicxulub|Substitute
|
|-heal|p2a: Venusaur|52/100|[from] item: Leftovers
|upkeep
|turn|20
|
|t:|1758264386
|move|p1a: Chicxulub|Iron Head|p2a: Venusaur
|-damage|p2a: Venusaur|30/100
|move|p2a: Venusaur|Sludge Bomb|p1a: Chicxulub
|-resisted|p1a: Chicxulub
|-damage|p1a: Chicxulub|45/100
|-enditem|p1a: Chicxulub|Sitrus Berry|[eat]
|-heal|p1a: Chicxulub|70/100|[from] item: Sitrus Berry
|
|-heal|p2a: Venusaur|36/100|[from] item: Leftovers
|upkeep
|turn|21
|
|t:|1758264396
|move|p1a: Chicxulub|Rock Slide|p2a: Venusaur
|-damage|p2a: Venusaur|5/100
|move|p2a: Venusaur|Sludge Bomb|p1a: Chicxulub
|-resisted|p1a: Chicxulub
|-damage|p1a: Chicxulub|42/100
|
|-heal|p2a: Venusaur|11/100|[from] item: Leftovers
|-formechange|p1a: Chicxulub|Minior-Orange||[from] ability: Shields Down
|upkeep
|turn|22
|
|t:|1758264409
|move|p1a: Chicxulub|Rock Slide|p2a: Venusaur
|-crit|p2a: Venusaur
|-damage|p2a: Venusaur|0 fnt
|faint|p2a: Venusaur
|
|upkeep
|
|t:|1758264418
|switch|p2a: Weavile|Weavile, F|34/100
|turn|23
|
|t:|1758264422
|move|p2a: Weavile|Ice Shard|p1a: Chicxulub
|-supereffective|p1a: Chicxulub
|-damage|p1a: Chicxulub|0 fnt
|faint|p1a: Chicxulub
|
|upkeep
|
|t:|1758264429
|switch|p1a: Namazu|Dondozo, M|88/100
|turn|24
|
|t:|1758264434
|switch|p2a: Garchomp|Garchomp, F|60/100
|move|p1a: Namazu|Earthquake|p2a: Garchomp
|-crit|p2a: Garchomp
|-damage|p2a: Garchomp|28/100
|
|upkeep
|turn|25
|
|t:|1758264446
|move|p2a: Garchomp|Rest|p2a: Garchomp
|-status|p2a: Garchomp|slp|[from] move: Rest
|-heal|p2a: Garchomp|100/100 slp|[silent]
|move|p1a: Namazu|Avalanche|p2a: Garchomp
|-supereffective|p2a: Garchomp
|-damage|p2a: Garchomp|47/100 slp
|-damage|p1a: Namazu|75/100|[from] ability: Rough Skin|[of] p2a: Garchomp
|-damage|p1a: Namazu|59/100|[from] item: Rocky Helmet|[of] p2a: Garchomp
|
|upkeep
|turn|26
|
|t:|1758264458
|-terastallize|p2a: Garchomp|Steel
|move|p1a: Namazu|Rest|p1a: Namazu
|-status|p1a: Namazu|slp|[from] move: Rest
|-heal|p1a: Namazu|100/100 slp|[silent]
|cant|p2a: Garchomp|slp
|
|upkeep
|turn|27
|
|t:|1758264467
|cant|p1a: Namazu|slp
|move|p1a: Namazu|Sleep Talk|p1a: Namazu
|move|p1a: Namazu|Rest||[from] move: Sleep Talk|[still]
|-fail|p1a: Namazu
|cant|p2a: Garchomp|slp
|
|upkeep
|turn|28
|
|t:|1758264476
|cant|p1a: Namazu|slp
|move|p1a: Namazu|Sleep Talk|p1a: Namazu
|move|p1a: Namazu|Earthquake|p2a: Garchomp|[from] move: Sleep Talk
|-supereffective|p2a: Garchomp
|-damage|p2a: Garchomp|7/100 slp
|-curestatus|p2a: Garchomp|slp|[msg]
|move|p2a: Garchomp|Dragon Tail|p1a: Namazu
|-damage|p1a: Namazu|87/100 slp
|drag|p1a: David|Lucario, M|100/100
|
|upkeep
|turn|29
|
|t:|1758264489
|switch|p2a: Flamigo|Flamigo, F|49/100
|move|p1a: David|Extreme Speed|p2a: Flamigo
|-damage|p2a: Flamigo|17/100
|
|upkeep
|turn|30
|
|t:|1758264496
|move|p1a: David|Extreme Speed|p2a: Flamigo
|-damage|p2a: Flamigo|0 fnt
|faint|p2a: Flamigo
|
|upkeep
|
|t:|1758264501
|switch|p2a: Weavile|Weavile, F|34/100
|turn|31
|
|t:|1758264509
|move|p2a: Weavile|Ice Shard|p1a: David
|-resisted|p1a: David
|-crit|p1a: David
|-damage|p1a: David|76/100
|move|p1a: David|Close Combat|p2a: Weavile
|-supereffective|p2a: Weavile
|-damage|p2a: Weavile|0 fnt
|-unboost|p1a: David|def|1
|-unboost|p1a: David|spd|1
|faint|p2a: Weavile
|
|upkeep
|
|t:|1758264513
|switch|p2a: Comfey|Comfey, M|100/100
|turn|32
|
|t:|1758264523
|move|p2a: Comfey|Draining Kiss|p1a: David
|-damage|p1a: David|19/100
|move|p1a: David|Meteor Mash|p2a: Comfey
|-supereffective|p2a: Comfey
|-damage|p2a: Comfey|2/100
|-boost|p1a: David|atk|1
|
|upkeep
|turn|33
|
|t:|1758264531
|move|p2a: Comfey|Draining Kiss|p1a: David
|-damage|p1a: David|0 fnt
|-heal|p2a: Comfey|16/100|[from] drain|[of] p1a: David
|faint|p1a: David
|
|upkeep
|
|t:|1758264541
|switch|p1a: Namazu|Dondozo, M|87/100 slp
|turn|34
|
|t:|1758264551
|move|p2a: Comfey|Giga Drain|p1a: Namazu
|-supereffective|p1a: Namazu
|-damage|p1a: Namazu|44/100 slp
|-heal|p2a: Comfey|51/100|[from] drain|[of] p1a: Namazu
|-curestatus|p1a: Namazu|slp|[msg]
|move|p1a: Namazu|Avalanche|p2a: Comfey
|-damage|p2a: Comfey|10/100
|
|upkeep
|turn|35
|
|t:|1758264560
|move|p2a: Comfey|Giga Drain|p1a: Namazu
|-supereffective|p1a: Namazu
|-damage|p1a: Namazu|0 fnt
|-heal|p2a: Comfey|45/100|[from] drain|[of] p1a: Namazu
|faint|p1a: Namazu
|
|upkeep
|
|t:|1758264567
|switch|p1a: Ghidorah|Hydreigon, M|100/100
|turn|36
|-activate|p1a: Ghidorah|item: Quick Claw
|
|t:|1758264571
|-terastallize|p1a: Ghidorah|Steel
|move|p2a: Comfey|Draining Kiss|p1a: Ghidorah
|-resisted|p1a: Ghidorah
|-damage|p1a: Ghidorah|87/100
|-heal|p2a: Comfey|60/100|[from] drain|[of] p1a: Ghidorah
|move|p1a: Ghidorah|Flash Cannon|p2a: Comfey
|-supereffective|p2a: Comfey
|-damage|p2a: Comfey|0 fnt
|faint|p2a: Comfey
|
|upkeep
|
|t:|1758264577
|switch|p2a: Garchomp|Garchomp, F, tera:Steel|7/100
|turn|37
|
|t:|1758264586
|move|p2a: Garchomp|Rest|p2a: Garchomp
|-status|p2a: Garchomp|slp|[from] move: Rest
|-heal|p2a: Garchomp|100/100 slp|[silent]
|move|p1a: Ghidorah|Flamethrower|p2a: Garchomp
|-supereffective|p2a: Garchomp
|-damage|p2a: Garchomp|53/100 slp
|
|upkeep
|turn|38
|-message|acerrillo6970 forfeited.
|
|win|Tom5283
|raw|Tom5283's rating: 1130 &rarr; <strong>1157</strong><br />(+27 for winning)
|raw|acerrillo6970's rating: 1164 &rarr; <strong>1137</strong><br />(-27 for losing)
|l|☆acerrillo6970
|player|p2|
|l|☆Tom5283
|player|p1|
