|j|☆Kidday
|j|☆pepper f
|t:|1758253509
|gametype|singles
|player|p1|Kidday|101|1197
|player|p2|pepper f|blackbelt-gen4dp|1177
|gen|9
|tier|[Gen 9] OU
|rated|
|rule|HP Percentage Mod: HP is shown in percentages
|rule|Endless Battle Clause: Forcing endless battles is banned
|rule|Species Clause: Limit one of each Pokémon
|rule|OHKO Clause: OHKO moves are banned
|rule|Evasion Items Clause: Evasion items are banned
|rule|Evasion Moves Clause: Evasion moves are banned
|rule|Evasion Abilities Clause: Evasion abilities are banned
|rule|Sleep Moves Clause: Sleep-inducing moves are banned
|clearpoke
|poke|p1|Blastoise, M|
|poke|p1|Toxtricity-Low-Key, M|
|poke|p1|Golurk|
|poke|p1|Kingambit, M|
|poke|p1|Magmortar, M|
|poke|p1|Grimmsnarl, M|
|poke|p2|Primeape, M|
|poke|p2|Conkeldurr, M|
|poke|p2|Talonflame, F|
|poke|p2|Meowscarada, F|
|poke|p2|Corviknight, M|
|poke|p2|Gastrodon-East, M|
|teampreview
|
|t:|1758253540
|teamsize|p1|6
|teamsize|p2|6
|start
|switch|p1a: Grimmi|Grimmsnarl, M, shiny|100/100
|switch|p2a: Talonflame|Talonflame, F|100/100
|turn|1
|c|☆Kidday|🕺🏾
|
|t:|1758253548
|move|p1a: Grimmi|Reflect|p1a: Grimmi
|-sidestart|p1: Kidday|Reflect
|move|p2a: Talonflame|Will-O-Wisp|p1a: Grimmi
|-status|p1a: Grimmi|brn
|
|-damage|p1a: Grimmi|94/100 brn|[from] brn
|upkeep
|turn|2
|
|t:|1758253555
|switch|p2a: Primeape|Primeape, M|100/100
|move|p1a: Grimmi|Light Screen|p1a: Grimmi
|-sidestart|p1: Kidday|move: Light Screen
|
|-damage|p1a: Grimmi|88/100 brn|[from] brn
|upkeep
|turn|3
|
|t:|1758253561
|move|p2a: Primeape|Bulk Up|p2a: Primeape
|-boost|p2a: Primeape|atk|1
|-boost|p2a: Primeape|def|1
|move|p1a: Grimmi|Spirit Break|p2a: Primeape
|-supereffective|p2a: Primeape
|-damage|p2a: Primeape|80/100
|-unboost|p2a: Primeape|spa|1
|-ability|p2a: Primeape|Defiant|boost
|-boost|p2a: Primeape|atk|2
|
|-damage|p1a: Grimmi|82/100 brn|[from] brn
|upkeep
|turn|4
|
|t:|1758253574
|switch|p1a: Ruby|Magmortar, M, shiny|100/100
|move|p2a: Primeape|Bulk Up|p2a: Primeape
|-boost|p2a: Primeape|atk|1
|-boost|p2a: Primeape|def|1
|
|upkeep
|turn|5
|
|t:|1758253583
|move|p2a: Primeape|Bulk Up|p2a: Primeape
|-boost|p2a: Primeape|atk|1
|-boost|p2a: Primeape|def|1
|move|p1a: Ruby|Psychic|p2a: Primeape
|-supereffective|p2a: Primeape
|-damage|p2a: Primeape|42/100
|
|upkeep
|turn|6
|
|t:|1758253603
|-terastallize|p2a: Primeape|Ghost
|move|p2a: Primeape|Rage Fist|p1a: Ruby
|-damage|p1a: Ruby|0 fnt
|faint|p1a: Ruby
|
|upkeep
|
|t:|1758253624
|switch|p1a: Toxic💜|Toxtricity-Low-Key, M|100/100
|turn|7
|
|t:|1758253634
|-terastallize|p1a: Toxic💜|Normal
|move|p2a: Primeape|Rage Fist|p1a: Toxic💜
|-immune|p1a: Toxic💜
|move|p1a: Toxic💜|Overdrive|p2a: Primeape
|-damage|p2a: Primeape|12/100
|-enditem|p1a: Toxic💜|Throat Spray
|-boost|p1a: Toxic💜|spa|1|[from] item: Throat Spray
|
|upkeep
|turn|8
|
|t:|1758253650
|move|p2a: Primeape|Drain Punch|p1a: Toxic💜
|-supereffective|p1a: Toxic💜
|-damage|p1a: Toxic💜|0 fnt
|-heal|p2a: Primeape|65/100|[from] drain|[of] p1a: Toxic💜
|faint|p1a: Toxic💜
|
|-sideend|p1: Kidday|Reflect
|upkeep
|
|t:|1758253661
|switch|p1a: Grimmi|Grimmsnarl, M, shiny|82/100 brn
|turn|9
|
|t:|1758253664
|move|p1a: Grimmi|Reflect|p1a: Grimmi
|-sidestart|p1: Kidday|Reflect
|move|p2a: Primeape|Drain Punch|p1a: Grimmi
|-damage|p1a: Grimmi|38/100 brn
|-heal|p2a: Primeape|91/100|[from] drain|[of] p1a: Grimmi
|
|-damage|p1a: Grimmi|31/100 brn|[from] brn
|-sideend|p1: Kidday|move: Light Screen
|upkeep
|turn|10
|
|t:|1758253674
|switch|p1a: Saitama|Golurk, shiny|100/100
|move|p2a: Primeape|Drain Punch|p1a: Saitama
|-immune|p1a: Saitama
|
|upkeep
|turn|11
|
|t:|1758253680
|move|p2a: Primeape|Rage Fist|p1a: Saitama
|-supereffective|p1a: Saitama
|-damage|p1a: Saitama|0 fnt
|faint|p1a: Saitama
|
|upkeep
|
|t:|1758253684
|switch|p1a: BigBlue 💙|Blastoise, M, shiny|100/100
|turn|12
|
|t:|1758253687
|move|p2a: Primeape|Drain Punch|p1a: BigBlue 💙
|-damage|p1a: BigBlue 💙|54/100
|-heal|p2a: Primeape|100/100|[from] drain|[of] p1a: BigBlue 💙
|move|p1a: BigBlue 💙|Shell Smash|p1a: BigBlue 💙
|-unboost|p1a: BigBlue 💙|def|1
|-unboost|p1a: BigBlue 💙|spd|1
|-boost|p1a: BigBlue 💙|atk|2
|-boost|p1a: BigBlue 💙|spa|2
|-boost|p1a: BigBlue 💙|spe|2
|-enditem|p1a: BigBlue 💙|White Herb
|-clearnegativeboost|p1a: BigBlue 💙|[silent]
|
|upkeep
|turn|13
|
|t:|1758253698
|move|p1a: BigBlue 💙|Surf|p2a: Primeape
|-damage|p2a: Primeape|57/100
|move|p2a: Primeape|Drain Punch|p1a: BigBlue 💙
|-damage|p1a: BigBlue 💙|13/100
|-heal|p2a: Primeape|79/100|[from] drain|[of] p1a: BigBlue 💙
|
|upkeep
|turn|14
|
|t:|1758253706
|move|p1a: BigBlue 💙|Surf|p2a: Primeape
|-damage|p2a: Primeape|14/100
|move|p2a: Primeape|Drain Punch|p1a: BigBlue 💙
|-damage|p1a: BigBlue 💙|0 fnt
|-heal|p2a: Primeape|21/100|[from] drain|[of] p1a: BigBlue 💙
|faint|p1a: BigBlue 💙
|
|upkeep
|
|t:|1758253713
|switch|p1a: DisBiSharp|Kingambit, M, shiny|100/100
|-activate|p1a: DisBiSharp|ability: Supreme Overlord
|-start|p1a: DisBiSharp|fallen4|[silent]
|turn|15
|
|t:|1758253717
|move|p1a: DisBiSharp|Sucker Punch|p2a: Primeape
|-supereffective|p2a: Primeape
|-damage|p2a: Primeape|0 fnt
|faint|p2a: Primeape
|
|upkeep
|
|t:|1758253721
|switch|p2a: Conkeldurr|Conkeldurr, M|100/100
|turn|16
|
|t:|1758253724
|-end|p1a: DisBiSharp|fallen4|[silent]
|switch|p1a: Grimmi|Grimmsnarl, M, shiny|31/100 brn
|move|p2a: Conkeldurr|Drain Punch|p1a: Grimmi
|-damage|p1a: Grimmi|11/100 brn
|
|-damage|p1a: Grimmi|5/100 brn|[from] brn
|-sideend|p1: Kidday|Reflect
|-status|p2a: Conkeldurr|brn|[from] item: Flame Orb
|upkeep
|turn|17
|
|t:|1758253732
|move|p1a: Grimmi|Reflect|p1a: Grimmi
|-sidestart|p1: Kidday|Reflect
|move|p2a: Conkeldurr|Mach Punch|p1a: Grimmi
|-damage|p1a: Grimmi|0 fnt
|faint|p1a: Grimmi
|
|-damage|p2a: Conkeldurr|94/100 brn|[from] brn
|upkeep
|
|t:|1758253736
|switch|p1a: DisBiSharp|Kingambit, M, shiny|100/100
|-activate|p1a: DisBiSharp|ability: Supreme Overlord
|-start|p1a: DisBiSharp|fallen5|[silent]
|turn|18
|
|t:|1758253742
|move|p1a: DisBiSharp|Iron Head|p2a: Conkeldurr
|-damage|p2a: Conkeldurr|32/100 brn
|move|p2a: Conkeldurr|Drain Punch|p1a: DisBiSharp
|-supereffective|p1a: DisBiSharp
|-damage|p1a: DisBiSharp|10/100
|-heal|p2a: Conkeldurr|76/100 brn|[from] drain|[of] p1a: DisBiSharp
|-enditem|p1a: DisBiSharp|Weakness Policy
|-boost|p1a: DisBiSharp|atk|2|[from] item: Weakness Policy
|-boost|p1a: DisBiSharp|spa|2|[from] item: Weakness Policy
|
|-damage|p2a: Conkeldurr|70/100 brn|[from] brn
|upkeep
|turn|19
|
|t:|1758253752
|move|p1a: DisBiSharp|Sucker Punch|p2a: Conkeldurr
|-resisted|p2a: Conkeldurr
|-damage|p2a: Conkeldurr|14/100 brn
|move|p2a: Conkeldurr|Mach Punch|p1a: DisBiSharp
|-supereffective|p1a: DisBiSharp
|-damage|p1a: DisBiSharp|0 fnt
|faint|p1a: DisBiSharp
|-end|p1a: DisBiSharp|fallen5|[silent]
|
|win|pepper f
|raw|Kidday's rating: 1197 &rarr; <strong>1171</strong><br />(-26 for losing)
|raw|pepper f's rating: 1177 &rarr; <strong>1203</strong><br />(+26 for winning)
|c|☆pepper f|wow
