|j|☆toumingmanga
|j|☆oreoinabox
|t:|1758343758
|gametype|singles
|player|p1|toumingmanga|rosa|1257
|player|p2|oreoinabox|170|1358
|gen|9
|tier|[Gen 9] OU
|rated|
|rule|HP Percentage Mod: HP is shown in percentages
|rule|Endless Battle Clause: Forcing endless battles is banned
|rule|Species Clause: Limit one of each Pokémon
|rule|OHKO Clause: OHKO moves are banned
|rule|Evasion Items Clause: Evasion items are banned
|rule|Evasion Moves Clause: Evasion moves are banned
|rule|Evasion Abilities Clause: Evasion abilities are banned
|rule|Sleep Moves Clause: Sleep-inducing moves are banned
|clearpoke
|poke|p1|Samurott-Hisui, M|
|poke|p1|Cinccino, F|
|poke|p1|Ninetales-Alola, F|
|poke|p1|Thwackey, M|
|poke|p1|Skeledirge, F|
|poke|p1|Clodsire, M|
|poke|p2|Ceruledge, F|
|poke|p2|Kyurem|
|poke|p2|Meowscarada, F|
|poke|p2|Cinderace, M|
|poke|p2|Dragonite, F|
|poke|p2|Zamazenta-*|
|teampreview
|inactive|Battle timer is ON: inactive players will automatically lose when time's up. (requested by oreoinabox)
|
|t:|1758343786
|teamsize|p1|6
|teamsize|p2|6
|start
|switch|p1a: Ninetales|Ninetales-Alola, F|100/100
|switch|p2a: Meowscarada|Meowscarada, F|100/100
|-weather|Snowscape|[from] ability: Snow Warning|[of] p1a: Ninetales
|turn|1
|
|t:|1758343794
|move|p2a: Meowscarada|U-turn|p1a: Ninetales
|-start|p2a: Meowscarada|typechange|Bug|[from] ability: Protean
|-resisted|p1a: Ninetales
|-damage|p1a: Ninetales|87/100
|
|t:|1758343796
|switch|p2a: Cinderace|Cinderace, M|100/100|[from] U-turn
|move|p1a: Ninetales|Blizzard|p2a: Cinderace
|-resisted|p2a: Cinderace
|-damage|p2a: Cinderace|79/100
|
|-weather|Snowscape|[upkeep]
|upkeep
|turn|2
|
|t:|1758343826
|switch|p1a: Skeledirge|Skeledirge, F|100/100
|move|p2a: Cinderace|Pyro Ball|p1a: Skeledirge
|-resisted|p1a: Skeledirge
|-damage|p1a: Skeledirge|72/100
|
|-weather|Snowscape|[upkeep]
|upkeep
|turn|3
|
|t:|1758343837
|move|p1a: Skeledirge|Earth Power|p2a: Cinderace
|-supereffective|p2a: Cinderace
|-damage|p2a: Cinderace|6/100
|move|p2a: Cinderace|U-turn|p1a: Skeledirge
|-start|p2a: Cinderace|typechange|Bug|[from] ability: Libero
|-resisted|p1a: Skeledirge
|-damage|p1a: Skeledirge|64/100
|
|t:|1758343845
|switch|p2a: Ceruledge|Ceruledge, F|100/100|[from] U-turn
|-item|p2a: Ceruledge|Air Balloon
|
|-weather|Snowscape|[upkeep]
|upkeep
|turn|4
|inactive|toumingmanga has 120 seconds left.
|
|t:|1758343865
|switch|p1a: Samurott|Samurott-Hisui, M|100/100
|-terastallize|p2a: Ceruledge|Ground
|move|p2a: Ceruledge|Swords Dance|p2a: Ceruledge
|-boost|p2a: Ceruledge|atk|2
|
|-weather|Snowscape|[upkeep]
|upkeep
|turn|5
|inactive|toumingmanga has 120 seconds left.
|
|t:|1758343877
|move|p1a: Samurott|Razor Shell|p2a: Ceruledge
|-supereffective|p2a: Ceruledge
|-damage|p2a: Ceruledge|0 fnt
|-enditem|p2a: Ceruledge|Air Balloon
|faint|p2a: Ceruledge
|
|-weather|none
|upkeep
|
|t:|1758343881
|switch|p2a: Meowscarada|Meowscarada, F|100/100
|turn|6
|inactive|toumingmanga has 120 seconds left.
|
|t:|1758343899
|switch|p1a: Ninetales|Ninetales-Alola, F|87/100
|-weather|Snowscape|[from] ability: Snow Warning|[of] p1a: Ninetales
|move|p2a: Meowscarada|U-turn|p1a: Ninetales
|-start|p2a: Meowscarada|typechange|Bug|[from] ability: Protean
|-resisted|p1a: Ninetales
|-damage|p1a: Ninetales|73/100
|
|t:|1758343904
|switch|p2a: Cinderace|Cinderace, M|6/100|[from] U-turn
|
|-weather|Snowscape|[upkeep]
|upkeep
|turn|7
|inactive|toumingmanga has 120 seconds left.
|
|t:|1758343924
|switch|p1a: Skeledirge|Skeledirge, F|64/100
|move|p2a: Cinderace|Pyro Ball|p1a: Skeledirge
|-resisted|p1a: Skeledirge
|-damage|p1a: Skeledirge|38/100
|
|-weather|Snowscape|[upkeep]
|upkeep
|turn|8
|inactive|toumingmanga has 120 seconds left.
|
|t:|1758343936
|move|p2a: Cinderace|Sucker Punch|p1a: Skeledirge
|-start|p2a: Cinderace|typechange|Dark|[from] ability: Libero
|-supereffective|p1a: Skeledirge
|-damage|p1a: Skeledirge|0 fnt
|faint|p1a: Skeledirge
|
|-weather|Snowscape|[upkeep]
|upkeep
|inactive|toumingmanga has 120 seconds left.
|
|t:|1758343965
|switch|p1a: Samurott|Samurott-Hisui, M|100/100
|turn|9
|
|t:|1758343971
|move|p1a: Samurott|Aqua Jet|p2a: Cinderace
|-damage|p2a: Cinderace|0 fnt
|faint|p2a: Cinderace
|
|-weather|Snowscape|[upkeep]
|upkeep
|
|t:|1758343974
|switch|p2a: Meowscarada|Meowscarada, F|100/100
|turn|10
|inactive|toumingmanga has 120 seconds left.
|
|t:|1758343986
|switch|p1a: Ninetales|Ninetales-Alola, F|73/100
|move|p2a: Meowscarada|Flower Trick|p1a: Ninetales
|-start|p2a: Meowscarada|typechange|Grass|[from] ability: Protean
|-crit|p1a: Ninetales
|-damage|p1a: Ninetales|33/100
|
|-weather|none
|upkeep
|turn|11
|inactive|toumingmanga has 120 seconds left.
|
|t:|1758344008
|switch|p1a: Clodsire|Clodsire, M|100/100
|move|p2a: Meowscarada|Flower Trick|p1a: Clodsire
|-crit|p1a: Clodsire
|-damage|p1a: Clodsire|47/100
|
|-heal|p1a: Clodsire|53/100|[from] item: Leftovers
|upkeep
|turn|12
|
|t:|1758344022
|-terastallize|p1a: Clodsire|Steel
|move|p2a: Meowscarada|Flower Trick|p1a: Clodsire
|-resisted|p1a: Clodsire
|-crit|p1a: Clodsire
|-damage|p1a: Clodsire|27/100
|move|p1a: Clodsire|Recover|p1a: Clodsire
|-heal|p1a: Clodsire|77/100
|
|-heal|p1a: Clodsire|83/100|[from] item: Leftovers
|upkeep
|turn|13
|
|t:|1758344036
|switch|p2a: Zamazenta|Zamazenta|100/100
|-ability|p2a: Zamazenta|Dauntless Shield|boost
|-boost|p2a: Zamazenta|def|1
|move|p1a: Clodsire|Toxic|p2a: Zamazenta
|-status|p2a: Zamazenta|tox
|
|-heal|p1a: Clodsire|90/100|[from] item: Leftovers
|-damage|p2a: Zamazenta|94/100 tox|[from] psn
|upkeep
|turn|14
|
|t:|1758344057
|switch|p1a: Thwackey|Thwackey, M|100/100
|-fieldstart|move: Grassy Terrain|[from] ability: Grassy Surge|[of] p1a: Thwackey
|move|p2a: Zamazenta|Iron Defense|p2a: Zamazenta
|-boost|p2a: Zamazenta|def|2
|
|-heal|p2a: Zamazenta|100/100 tox|[from] Grassy Terrain
|-damage|p2a: Zamazenta|88/100 tox|[from] psn
|upkeep
|turn|15
|
|t:|1758344069
|move|p2a: Zamazenta|Iron Defense|p2a: Zamazenta
|-boost|p2a: Zamazenta|def|2
|move|p1a: Thwackey|Leech Seed|p2a: Zamazenta
|-start|p2a: Zamazenta|move: Leech Seed
|
|-heal|p2a: Zamazenta|94/100 tox|[from] Grassy Terrain
|-heal|p2a: Zamazenta|100/100 tox|[from] item: Leftovers
|-damage|p2a: Zamazenta|88/100 tox|[from] Leech Seed|[of] p1a: Thwackey
|-damage|p2a: Zamazenta|70/100 tox|[from] psn
|upkeep
|turn|16
|
|t:|1758344083
|move|p2a: Zamazenta|Body Press|p1a: Thwackey
|-damage|p1a: Thwackey|38/100
|move|p1a: Thwackey|Knock Off|p2a: Zamazenta
|-resisted|p2a: Zamazenta
|-damage|p2a: Zamazenta|68/100 tox
|-enditem|p2a: Zamazenta|Leftovers|[from] move: Knock Off|[of] p1a: Thwackey
|
|-heal|p2a: Zamazenta|74/100 tox|[from] Grassy Terrain
|-heal|p1a: Thwackey|44/100|[from] Grassy Terrain
|-damage|p2a: Zamazenta|61/100 tox|[from] Leech Seed|[of] p1a: Thwackey
|-heal|p1a: Thwackey|58/100|[silent]
|-damage|p2a: Zamazenta|37/100 tox|[from] psn
|upkeep
|turn|17
|inactive|toumingmanga has 90 seconds left.
|
|t:|1758344106
|move|p1a: Thwackey|Grassy Glide|p2a: Zamazenta
|-damage|p2a: Zamazenta|32/100 tox
|move|p2a: Zamazenta|Body Press|p1a: Thwackey
|-damage|p1a: Thwackey|0 fnt
|faint|p1a: Thwackey
|
|-heal|p2a: Zamazenta|38/100 tox|[from] Grassy Terrain
|-damage|p2a: Zamazenta|7/100 tox|[from] psn
|upkeep
|
|t:|1758344126
|switch|p1a: Samurott|Samurott-Hisui, M|100/100
|turn|18
|
|t:|1758344129
|move|p1a: Samurott|Aqua Jet|p2a: Zamazenta
|-damage|p2a: Zamazenta|2/100 tox
|move|p2a: Zamazenta|Body Press|p1a: Samurott
|-supereffective|p1a: Samurott
|-damage|p1a: Samurott|0 fnt
|faint|p1a: Samurott
|
|-heal|p2a: Zamazenta|8/100 tox|[from] Grassy Terrain
|-damage|p2a: Zamazenta|0 fnt|[from] psn
|faint|p2a: Zamazenta
|-fieldend|move: Grassy Terrain
|upkeep
|
|t:|1758344149
|switch|p2a: Meowscarada|Meowscarada, F|100/100
|switch|p1a: Ninetales|Ninetales-Alola, F|33/100
|-weather|Snowscape|[from] ability: Snow Warning|[of] p1a: Ninetales
|turn|19
|
|t:|1758344166
|switch|p1a: Clodsire|Clodsire, M, tera:Steel|90/100
|move|p2a: Meowscarada|Flower Trick|p1a: Clodsire
|-start|p2a: Meowscarada|typechange|Grass|[from] ability: Protean
|-resisted|p1a: Clodsire
|-crit|p1a: Clodsire
|-damage|p1a: Clodsire|65/100
|
|-weather|Snowscape|[upkeep]
|-heal|p1a: Clodsire|71/100|[from] item: Leftovers
|upkeep
|turn|20
|
|t:|1758344178
|switch|p2a: Dragonite|Dragonite, F|100/100
|move|p1a: Clodsire|Toxic|p2a: Dragonite
|-status|p2a: Dragonite|tox
|
|-weather|Snowscape|[upkeep]
|-heal|p1a: Clodsire|77/100|[from] item: Leftovers
|-damage|p2a: Dragonite|94/100 tox|[from] psn
|upkeep
|turn|21
|
|t:|1758344192
|move|p2a: Dragonite|Earthquake|p1a: Clodsire
|-supereffective|p1a: Clodsire
|-damage|p1a: Clodsire|0 fnt
|faint|p1a: Clodsire
|
|-weather|Snowscape|[upkeep]
|-damage|p2a: Dragonite|82/100 tox|[from] psn
|upkeep
|
|t:|1758344200
|switch|p1a: Cinccino|Cinccino, F|100/100
|turn|22
|
|t:|1758344205
|move|p1a: Cinccino|Tidy Up|p1a: Cinccino
|-boost|p1a: Cinccino|atk|1
|-boost|p1a: Cinccino|spe|1
|move|p2a: Dragonite|Earthquake|p1a: Cinccino
|-damage|p1a: Cinccino|3/100
|
|-weather|Snowscape|[upkeep]
|-damage|p2a: Dragonite|63/100 tox|[from] psn
|upkeep
|turn|23
|
|t:|1758344221
|move|p1a: Cinccino|Rock Blast|p2a: Dragonite
|-supereffective|p2a: Dragonite
|-damage|p2a: Dragonite|26/100 tox
|-supereffective|p2a: Dragonite
|-damage|p2a: Dragonite|0 fnt
|faint|p2a: Dragonite
|-hitcount|p2: Dragonite|2
|
|-weather|none
|upkeep
|
|t:|1758344227
|switch|p2a: Kyurem|Kyurem|100/100
|-ability|p2a: Kyurem|Pressure
|turn|24
|
|t:|1758344235
|move|p1a: Cinccino|Rock Blast|p2a: Kyurem
|-supereffective|p2a: Kyurem
|-damage|p2a: Kyurem|62/100
|-supereffective|p2a: Kyurem
|-damage|p2a: Kyurem|24/100
|-supereffective|p2a: Kyurem
|-crit|p2a: Kyurem
|-damage|p2a: Kyurem|0 fnt
|faint|p2a: Kyurem
|-hitcount|p2: Kyurem|3
|
|upkeep
|
|t:|1758344237
|switch|p2a: Meowscarada|Meowscarada, F|100/100
|turn|25
|
|t:|1758344246
|move|p1a: Cinccino|Triple Axel|p2a: Meowscarada
|-supereffective|p2a: Meowscarada
|-damage|p2a: Meowscarada|57/100
|-supereffective|p2a: Meowscarada
|-damage|p2a: Meowscarada|0 fnt
|faint|p2a: Meowscarada
|-hitcount|p2: Meowscarada|2
|
|win|toumingmanga
|raw|toumingmanga's rating: 1257 &rarr; <strong>1289</strong><br />(+32 for winning)
|raw|oreoinabox's rating: 1358 &rarr; <strong>1332</strong><br />(-26 for losing)
|l|☆oreoinabox
|player|p2|
|c|☆toumingmanga|ggwp
