|j|☆kemious
|j|☆daedro15
|t:|1758292782
|gametype|singles
|player|p1|kemious|266|1473
|player|p2|daedro15|hilbert|1481
|gen|9
|tier|[Gen 9] OU
|rated|
|rule|HP Percentage Mod: HP is shown in percentages
|rule|Endless Battle Clause: Forcing endless battles is banned
|rule|Species Clause: Limit one of each Pokémon
|rule|OHKO Clause: OHKO moves are banned
|rule|Evasion Items Clause: Evasion items are banned
|rule|Evasion Moves Clause: Evasion moves are banned
|rule|Evasion Abilities Clause: Evasion abilities are banned
|rule|Sleep Moves Clause: Sleep-inducing moves are banned
|clearpoke
|poke|p1|Chesnaught, M|
|poke|p1|Gastrodon, F|
|poke|p1|Kilowattrel, M|
|poke|p1|Glimmora, F|
|poke|p1|Ceruledge, M|
|poke|p1|Goodra-Hisui, F|
|poke|p2|Ribombee, M|
|poke|p2|Raging Bolt|
|poke|p2|Iron Moth|
|poke|p2|Gholdengo|
|poke|p2|Great Tusk|
|poke|p2|Kingambit, F|
|teampreview
|
|t:|1758292826
|teamsize|p1|6
|teamsize|p2|6
|start
|switch|p1a: Goodra|Goodra-Hisui, F|100/100
|switch|p2a: Ribombee|Ribombee, M|100/100
|turn|1
|
|t:|1758292832
|move|p2a: Ribombee|Sticky Web|p1a: Goodra
|-sidestart|p1: kemious|move: Sticky Web
|move|p1a: Goodra|Flash Cannon|p2a: Ribombee
|-supereffective|p2a: Ribombee
|-enditem|p2a: Ribombee|Focus Sash
|-damage|p2a: Ribombee|1/100
|
|upkeep
|turn|2
|
|t:|1758292839
|move|p2a: Ribombee|Skill Swap|p1a: Goodra
|-activate|p2a: Ribombee|move: Skill Swap|Sap Sipper|Shield Dust|[of] p1a: Goodra
|move|p1a: Goodra|Ice Beam|p2a: Ribombee
|-damage|p2a: Ribombee|0 fnt
|faint|p2a: Ribombee
|
|upkeep
|
|t:|1758292845
|switch|p2a: Great Tusk|Great Tusk|100/100
|turn|3
|
|t:|1758292863
|switch|p1a: Kilowattrel|Kilowattrel, M, shiny|100/100
|move|p2a: Great Tusk|Rapid Spin|p1a: Kilowattrel
|-damage|p1a: Kilowattrel|63/100
|-boost|p2a: Great Tusk|spe|1
|
|upkeep
|turn|4
|
|t:|1758292871
|switch|p1a: Glimmora|Glimmora, F|100/100
|-activate|p1a: Glimmora|move: Sticky Web
|-unboost|p1a: Glimmora|spe|1
|move|p2a: Great Tusk|Close Combat|p1a: Glimmora
|-crit|p1a: Glimmora
|-damage|p1a: Glimmora|21/100
|-unboost|p2a: Great Tusk|def|1
|-unboost|p2a: Great Tusk|spd|1
|-activate|p1a: Glimmora|ability: Toxic Debris
|-sidestart|p2: daedro15|move: Toxic Spikes
|-enditem|p1a: Glimmora|Red Card|[of] p2a: Great Tusk
|-end|p2a: Great Tusk|Protosynthesis|[silent]
|drag|p2a: Kingambit|Kingambit, F|100/100
|-activate|p2a: Kingambit|ability: Supreme Overlord
|-start|p2a: Kingambit|fallen1|[silent]
|-item|p2a: Kingambit|Air Balloon
|
|upkeep
|turn|5
|
|t:|1758292886
|switch|p1a: Chesnaught|Chesnaught, M|100/100
|-activate|p1a: Chesnaught|move: Sticky Web
|-unboost|p1a: Chesnaught|spe|1
|move|p2a: Kingambit|Kowtow Cleave|p1a: Chesnaught
|-resisted|p1a: Chesnaught
|-damage|p1a: Chesnaught|86/100
|
|-heal|p1a: Chesnaught|92/100|[from] item: Leftovers
|upkeep
|turn|6
|
|t:|1758292892
|-end|p2a: Kingambit|fallen1|[silent]
|switch|p2a: Iron Moth|Iron Moth|100/100
|-sideend|p2: daedro15|move: Toxic Spikes|[of] p2a: Iron Moth
|-enditem|p2a: Iron Moth|Booster Energy
|-activate|p2a: Iron Moth|ability: Quark Drive|[fromitem]
|-start|p2a: Iron Moth|quarkdrivespa
|move|p1a: Chesnaught|Knock Off|p2a: Iron Moth
|-damage|p2a: Iron Moth|73/100
|
|-heal|p1a: Chesnaught|98/100|[from] item: Leftovers
|upkeep
|turn|7
|
|t:|1758292899
|switch|p1a: Ceruledge|Ceruledge, M|100/100
|move|p2a: Iron Moth|Fiery Dance|p1a: Ceruledge
|-start|p1a: Ceruledge|ability: Flash Fire
|
|upkeep
|turn|8
|
|t:|1758292916
|move|p2a: Iron Moth|Sludge Wave|p1a: Ceruledge
|-resisted|p1a: Ceruledge
|-damage|p1a: Ceruledge|60/100
|move|p1a: Ceruledge|Bitter Blade|p2a: Iron Moth
|-resisted|p2a: Iron Moth
|-damage|p2a: Iron Moth|12/100
|-heal|p1a: Ceruledge|92/100|[from] drain|[of] p2a: Iron Moth
|
|upkeep
|turn|9
|
|t:|1758292923
|-end|p2a: Iron Moth|Quark Drive|[silent]
|switch|p2a: Raging Bolt|Raging Bolt|100/100
|move|p1a: Ceruledge|Shadow Sneak|p2a: Raging Bolt
|-damage|p2a: Raging Bolt|80/100
|
|upkeep
|turn|10
|
|t:|1758292933
|-end|p1a: Ceruledge|ability: Flash Fire|[silent]
|switch|p1a: Goodra|Goodra-Hisui, F|100/100
|-activate|p1a: Goodra|move: Sticky Web
|-unboost|p1a: Goodra|spe|1
|move|p2a: Raging Bolt|Sunny Day|p2a: Raging Bolt
|-weather|SunnyDay
|-activate|p2a: Raging Bolt|ability: Protosynthesis
|-start|p2a: Raging Bolt|protosynthesisspa
|
|-weather|SunnyDay|[upkeep]
|upkeep
|turn|11
|
|t:|1758292937
|move|p2a: Raging Bolt|Weather Ball|p1a: Goodra
|-damage|p1a: Goodra|71/100
|move|p1a: Goodra|Dragon Tail|p2a: Raging Bolt
|-supereffective|p2a: Raging Bolt
|-crit|p2a: Raging Bolt
|-damage|p2a: Raging Bolt|17/100
|-end|p2a: Raging Bolt|Protosynthesis|[silent]
|drag|p2a: Gholdengo|Gholdengo|100/100
|-item|p2a: Gholdengo|Air Balloon
|
|-weather|SunnyDay|[upkeep]
|upkeep
|turn|12
|
|t:|1758292945
|switch|p2a: Great Tusk|Great Tusk|100/100
|-activate|p2a: Great Tusk|ability: Protosynthesis
|-start|p2a: Great Tusk|protosynthesisatk
|move|p1a: Goodra|Knock Off|p2a: Great Tusk
|-resisted|p2a: Great Tusk
|-damage|p2a: Great Tusk|93/100
|-enditem|p2a: Great Tusk|Leftovers|[from] move: Knock Off|[of] p1a: Goodra
|
|-weather|SunnyDay|[upkeep]
|upkeep
|turn|13
|
|t:|1758292954
|move|p2a: Great Tusk|Headlong Rush|p1a: Goodra
|-supereffective|p1a: Goodra
|-damage|p1a: Goodra|0 fnt
|-unboost|p2a: Great Tusk|def|1
|-unboost|p2a: Great Tusk|spd|1
|faint|p1a: Goodra
|
|-weather|SunnyDay|[upkeep]
|upkeep
|
|t:|1758292957
|switch|p1a: Kilowattrel|Kilowattrel, M, shiny|63/100
|turn|14
|
|t:|1758292960
|-end|p2a: Great Tusk|Protosynthesis|[silent]
|switch|p2a: Raging Bolt|Raging Bolt|17/100
|-activate|p2a: Raging Bolt|ability: Protosynthesis
|-start|p2a: Raging Bolt|protosynthesisspa
|move|p1a: Kilowattrel|Air Slash|p2a: Raging Bolt
|-resisted|p2a: Raging Bolt
|-damage|p2a: Raging Bolt|2/100
|
|-weather|SunnyDay|[upkeep]
|upkeep
|turn|15
|
|t:|1758292967
|move|p1a: Kilowattrel|Discharge|p2a: Raging Bolt
|-resisted|p2a: Raging Bolt
|-damage|p2a: Raging Bolt|0 fnt
|faint|p2a: Raging Bolt
|-end|p2a: Raging Bolt|Protosynthesis|[silent]
|
|-weather|SunnyDay|[upkeep]
|upkeep
|
|t:|1758292973
|switch|p2a: Kingambit|Kingambit, F|100/100
|-activate|p2a: Kingambit|ability: Supreme Overlord
|-start|p2a: Kingambit|fallen2|[silent]
|-item|p2a: Kingambit|Air Balloon
|turn|16
|
|t:|1758292977
|move|p2a: Kingambit|Sucker Punch|p1a: Kilowattrel
|-damage|p1a: Kilowattrel|0 fnt
|faint|p1a: Kilowattrel
|
|-weather|SunnyDay|[upkeep]
|upkeep
|
|t:|1758292986
|switch|p1a: Chesnaught|Chesnaught, M|98/100
|-activate|p1a: Chesnaught|move: Sticky Web
|-unboost|p1a: Chesnaught|spe|1
|turn|17
|
|t:|1758292992
|-terastallize|p2a: Kingambit|Fire
|move|p2a: Kingambit|Swords Dance|p2a: Kingambit
|-boost|p2a: Kingambit|atk|2
|move|p1a: Chesnaught|Body Press|p2a: Kingambit
|-damage|p2a: Kingambit|61/100
|-enditem|p2a: Kingambit|Air Balloon
|
|-weather|none
|-heal|p1a: Chesnaught|100/100|[from] item: Leftovers
|upkeep
|turn|18
|
|t:|1758293001
|move|p2a: Kingambit|Tera Blast|p1a: Chesnaught|[anim] Tera Blast Fire
|-supereffective|p1a: Chesnaught
|-crit|p1a: Chesnaught
|-damage|p1a: Chesnaught|0 fnt
|faint|p1a: Chesnaught
|
|upkeep
|
|t:|1758293008
|switch|p1a: Ceruledge|Ceruledge, M|92/100
|turn|19
|
|t:|1758293010
|move|p2a: Kingambit|Sucker Punch||[still]
|-fail|p2a: Kingambit
|move|p1a: Ceruledge|Swords Dance|p1a: Ceruledge
|-boost|p1a: Ceruledge|atk|2
|
|upkeep
|turn|20
|
|t:|1758293015
|move|p2a: Kingambit|Sucker Punch||[still]
|-fail|p2a: Kingambit
|move|p1a: Ceruledge|Swords Dance|p1a: Ceruledge
|-boost|p1a: Ceruledge|atk|2
|
|upkeep
|turn|21
|
|t:|1758293019
|-terastallize|p1a: Ceruledge|Grass
|move|p2a: Kingambit|Sucker Punch|p1a: Ceruledge
|-damage|p1a: Ceruledge|2/100
|move|p1a: Ceruledge|Shadow Sneak|p2a: Kingambit
|-damage|p2a: Kingambit|5/100
|
|upkeep
|turn|22
|
|t:|1758293033
|move|p2a: Kingambit|Kowtow Cleave|p1a: Ceruledge
|-damage|p1a: Ceruledge|0 fnt
|faint|p1a: Ceruledge
|
|upkeep
|
|t:|1758293036
|switch|p1a: Glimmora|Glimmora, F|21/100
|-activate|p1a: Glimmora|move: Sticky Web
|-unboost|p1a: Glimmora|spe|1
|turn|23
|
|t:|1758293040
|move|p2a: Kingambit|Tera Blast|p1a: Glimmora|[anim] Tera Blast Fire
|-resisted|p1a: Glimmora
|-damage|p1a: Glimmora|0 fnt
|-activate|p1a: Glimmora|ability: Toxic Debris
|-sidestart|p2: daedro15|move: Toxic Spikes
|faint|p1a: Glimmora
|
|upkeep
|-message|kemious forfeited.
|
|win|daedro15
|raw|kemious's rating: 1473 &rarr; <strong>1453</strong><br />(-20 for losing)
|raw|daedro15's rating: 1481 &rarr; <strong>1501</strong><br />(+20 for winning)
|l|☆kemious
|player|p1|
|l|☆daedro15
|player|p2|
