|j|☆Qhs3711
|j|☆Jnkproductions
|t:|1758329363
|gametype|singles
|player|p1|Qhs3711|169|1045
|player|p2|Jnkproductions|nate|1093
|gen|9
|tier|[Gen 9] OU
|rated|
|rule|HP Percentage Mod: HP is shown in percentages
|rule|Endless Battle Clause: Forcing endless battles is banned
|rule|Species Clause: Limit one of each Pokémon
|rule|OHKO Clause: OHKO moves are banned
|rule|Evasion Items Clause: Evasion items are banned
|rule|Evasion Moves Clause: Evasion moves are banned
|rule|Evasion Abilities Clause: Evasion abilities are banned
|rule|Sleep Moves Clause: Sleep-inducing moves are banned
|clearpoke
|poke|p1|Dondozo, F|
|poke|p1|Blissey, F|
|poke|p1|Corviknight, F|
|poke|p1|Weezing-Galar, F|
|poke|p1|Gliscor, F|
|poke|p1|Toxapex, M|
|poke|p2|Umbreon, M|
|poke|p2|Gholdengo|
|poke|p2|Rillaboom, F|
|poke|p2|Glimmora, F|
|poke|p2|Great Tusk|
|poke|p2|Zapdos|
|teampreview
|inactive|Battle timer is ON: inactive players will automatically lose when time's up. (requested by Qhs3711)
|
|t:|1758329381
|teamsize|p1|6
|teamsize|p2|6
|start
|switch|p1a: Toxapex|Toxapex, M|100/100
|switch|p2a: Rillaboom|Rillaboom, F, shiny|100/100
|-fieldstart|move: Grassy Terrain|[from] ability: Grassy Surge|[of] p2a: Rillaboom
|turn|1
|
|t:|1758329394
|move|p2a: Rillaboom|Grassy Glide|p1a: Toxapex
|-damage|p1a: Toxapex|49/100
|move|p1a: Toxapex|Toxic Spikes|p2a: Rillaboom
|-sidestart|p2: Jnkproductions|move: Toxic Spikes
|
|-heal|p1a: Toxapex|55/100|[from] Grassy Terrain
|-heal|p1a: Toxapex|62/100|[from] item: Leftovers
|upkeep
|turn|2
|c|☆Jnkproductions|Nate and Hilbert
|
|t:|1758329406
|move|p2a: Rillaboom|Grassy Glide|p1a: Toxapex
|-damage|p1a: Toxapex|13/100
|move|p1a: Toxapex|Toxic|p2a: Rillaboom
|-status|p2a: Rillaboom|tox
|
|-heal|p1a: Toxapex|19/100|[from] Grassy Terrain
|-heal|p1a: Toxapex|25/100|[from] item: Leftovers
|-damage|p2a: Rillaboom|94/100 tox|[from] psn
|upkeep
|turn|3
|
|t:|1758329426
|switch|p1a: Gliscor|Gliscor, F|100/100
|move|p2a: Rillaboom|Grassy Glide|p1a: Gliscor
|-damage|p1a: Gliscor|55/100
|
|-heal|p2a: Rillaboom|100/100 tox|[from] Grassy Terrain
|-damage|p2a: Rillaboom|88/100 tox|[from] psn
|-status|p1a: Gliscor|tox|[from] item: Toxic Orb
|upkeep
|turn|4
|inactive|Qhs3711 has 120 seconds left.
|
|t:|1758329447
|move|p2a: Rillaboom|Grassy Glide|p1a: Gliscor
|-damage|p1a: Gliscor|7/100 tox
|move|p1a: Gliscor|Knock Off|p2a: Rillaboom
|-damage|p2a: Rillaboom|68/100 tox
|-enditem|p2a: Rillaboom|Choice Band|[from] move: Knock Off|[of] p1a: Gliscor
|
|-heal|p2a: Rillaboom|75/100 tox|[from] Grassy Terrain
|-heal|p1a: Gliscor|19/100 tox|[from] ability: Poison Heal
|-damage|p2a: Rillaboom|56/100 tox|[from] psn
|upkeep
|turn|5
|
|t:|1758329457
|move|p1a: Gliscor|Protect|p1a: Gliscor
|-singleturn|p1a: Gliscor|Protect
|move|p2a: Rillaboom|Wood Hammer|p1a: Gliscor
|-activate|p1a: Gliscor|move: Protect
|
|-heal|p2a: Rillaboom|62/100 tox|[from] Grassy Terrain
|-heal|p1a: Gliscor|32/100 tox|[from] ability: Poison Heal
|-damage|p2a: Rillaboom|37/100 tox|[from] psn
|-fieldend|move: Grassy Terrain
|upkeep
|turn|6
|inactive|Qhs3711 has 120 seconds left.
|
|t:|1758329472
|move|p1a: Gliscor|Protect||[still]
|-fail|p1a: Gliscor
|move|p2a: Rillaboom|Grassy Glide|p1a: Gliscor
|-damage|p1a: Gliscor|5/100 tox
|
|-heal|p1a: Gliscor|18/100 tox|[from] ability: Poison Heal
|-damage|p2a: Rillaboom|6/100 tox|[from] psn
|upkeep
|turn|7
|
|t:|1758329482
|move|p1a: Gliscor|Protect|p1a: Gliscor
|-singleturn|p1a: Gliscor|Protect
|move|p2a: Rillaboom|Wood Hammer|p1a: Gliscor
|-activate|p1a: Gliscor|move: Protect
|
|-heal|p1a: Gliscor|30/100 tox|[from] ability: Poison Heal
|-damage|p2a: Rillaboom|0 fnt|[from] psn
|faint|p2a: Rillaboom
|upkeep
|
|t:|1758329499
|switch|p2a: Great Tusk|Great Tusk|100/100
|-status|p2a: Great Tusk|psn
|turn|8
|
|t:|1758329515
|move|p2a: Great Tusk|Ice Spinner|p1a: Gliscor
|-supereffective|p1a: Gliscor
|-damage|p1a: Gliscor|0 fnt
|faint|p1a: Gliscor
|
|-damage|p2a: Great Tusk|88/100 psn|[from] psn
|upkeep
|
|t:|1758329522
|switch|p1a: Blissey|Blissey, F|100/100
|turn|9
|
|t:|1758329530
|move|p2a: Great Tusk|Close Combat|p1a: Blissey
|-supereffective|p1a: Blissey
|-damage|p1a: Blissey|0 fnt
|-unboost|p2a: Great Tusk|def|1
|-unboost|p2a: Great Tusk|spd|1
|faint|p1a: Blissey
|
|-damage|p2a: Great Tusk|76/100 psn|[from] psn
|upkeep
|
|t:|1758329538
|switch|p1a: Weezing|Weezing-Galar, F|100/100
|-ability|p1a: Weezing|Neutralizing Gas
|turn|10
|
|t:|1758329554
|move|p2a: Great Tusk|Headlong Rush|p1a: Weezing
|-supereffective|p1a: Weezing
|-damage|p1a: Weezing|11/100
|-unboost|p2a: Great Tusk|def|1
|-unboost|p2a: Great Tusk|spd|1
|move|p1a: Weezing|Strange Steam|p2a: Great Tusk
|-supereffective|p2a: Great Tusk
|-damage|p2a: Great Tusk|0 fnt
|faint|p2a: Great Tusk
|-end|p2a: Great Tusk|Protosynthesis|[silent]
|
|upkeep
|
|t:|1758329569
|switch|p2a: Zapdos|Zapdos, shiny|100/100
|turn|11
|inactive|Qhs3711 has 120 seconds left.
|
|t:|1758329594
|move|p2a: Zapdos|Volt Switch|p1a: Weezing
|-damage|p1a: Weezing|0 fnt
|faint|p1a: Weezing
|-end|p1a: Weezing|ability: Neutralizing Gas
|
|t:|1758329607
|switch|p2a: Glimmora|Glimmora, F, shiny|100/100|[from] Volt Switch
|-sideend|p2: Jnkproductions|move: Toxic Spikes|[of] p2a: Glimmora
|
|upkeep
|inactive|Qhs3711 has 120 seconds left.
|
|t:|1758329614
|switch|p1a: Toxapex|Toxapex, M|59/100
|turn|12
|inactive|Qhs3711 has 120 seconds left.
|
|t:|1758329624
|move|p2a: Glimmora|Spikes|p1a: Toxapex
|-sidestart|p1: Qhs3711|Spikes
|move|p1a: Toxapex|Recover|p1a: Toxapex
|-heal|p1a: Toxapex|100/100
|
|upkeep
|turn|13
|
|t:|1758329630
|switch|p1a: Corviknight|Corviknight, F|100/100
|-ability|p1a: Corviknight|Pressure
|move|p2a: Glimmora|Stealth Rock|p1a: Corviknight
|-sidestart|p1: Qhs3711|move: Stealth Rock
|
|upkeep
|turn|14
|
|t:|1758329646
|switch|p2a: Zapdos|Zapdos, shiny|100/100
|-terastallize|p1a: Corviknight|Fighting
|move|p1a: Corviknight|Body Press|p2a: Zapdos
|-resisted|p2a: Zapdos
|-damage|p2a: Zapdos|86/100
|
|upkeep
|turn|15
|
|t:|1758329659
|move|p2a: Zapdos|Hurricane|p1a: Corviknight
|-supereffective|p1a: Corviknight
|-damage|p1a: Corviknight|4/100
|-start|p1a: Corviknight|confusion
|-activate|p1a: Corviknight|confusion
|move|p1a: Corviknight|Iron Defense|p1a: Corviknight
|-boost|p1a: Corviknight|def|2
|
|-heal|p1a: Corviknight|10/100|[from] item: Leftovers
|upkeep
|turn|16
|
|t:|1758329668
|move|p2a: Zapdos|Hurricane|p1a: Corviknight|[miss]
|-miss|p2a: Zapdos|p1a: Corviknight
|-end|p1a: Corviknight|confusion
|move|p1a: Corviknight|Roost|p1a: Corviknight
|-heal|p1a: Corviknight|60/100
|
|-heal|p1a: Corviknight|66/100|[from] item: Leftovers
|upkeep
|turn|17
|-message|Qhs3711 forfeited.
|
|win|Jnkproductions
|raw|Qhs3711's rating: 1045 &rarr; <strong>1031</strong><br />(-14 for losing)
|raw|Jnkproductions's rating: 1093 &rarr; <strong>1115</strong><br />(+22 for winning)
|l|☆Qhs3711
|player|p1|
