|j|☆klefki_did_it
|j|☆omenkiller rollo
|t:|1758301256
|gametype|singles
|player|p1|klefki_did_it|pokemonbreeder-gen4|1312
|player|p2|omenkiller rollo|policeman-gen4|1350
|gen|9
|tier|[Gen 9] OU
|rated|
|rule|HP Percentage Mod: HP is shown in percentages
|rule|Endless Battle Clause: Forcing endless battles is banned
|rule|Species Clause: Limit one of each Pokémon
|rule|OHKO Clause: OHKO moves are banned
|rule|Evasion Items Clause: Evasion items are banned
|rule|Evasion Moves Clause: Evasion moves are banned
|rule|Evasion Abilities Clause: Evasion abilities are banned
|rule|Sleep Moves Clause: Sleep-inducing moves are banned
|clearpoke
|poke|p1|Staraptor, F|
|poke|p1|Kingambit, M|
|poke|p1|Emboar, F|
|poke|p1|Thundurus, M|
|poke|p1|Basculegion, M|
|poke|p1|Rhyperior, F|
|poke|p2|Slowking-Galar, F|
|poke|p2|Great Tusk|
|poke|p2|Weavile, F|
|poke|p2|Ogerpon-Wellspring, F|
|poke|p2|Corviknight, M|
|poke|p2|Dragapult, M|
|teampreview
|inactive|Battle timer is ON: inactive players will automatically lose when time's up. (requested by omenkiller rollo)
|inactive|klefki_did_it also wants the timer to be on.
|
|t:|1758301269
|teamsize|p1|6
|teamsize|p2|6
|start
|switch|p1a: Emboar|Emboar, F, shiny|100/100
|switch|p2a: Ogerpon|Ogerpon-Wellspring, F|100/100
|turn|1
|
|t:|1758301287
|-terastallize|p1a: Emboar|Dark
|move|p1a: Emboar|Sucker Punch|p2a: Ogerpon
|-damage|p2a: Ogerpon|31/100
|move|p2a: Ogerpon|Ivy Cudgel|p1a: Emboar|[anim] Ivy Cudgel Water
|-crit|p1a: Emboar
|-damage|p1a: Emboar|0 fnt
|faint|p1a: Emboar
|
|upkeep
|
|t:|1758301300
|switch|p1a: Thundurus|Thundurus, M|100/100
|turn|2
|
|t:|1758301304
|switch|p2a: Slowking|Slowking-Galar, F|100/100
|move|p1a: Thundurus|Knock Off|p2a: Slowking
|-supereffective|p2a: Slowking
|-damage|p2a: Slowking|4/100
|-enditem|p2a: Slowking|Heavy-Duty Boots|[from] move: Knock Off|[of] p1a: Thundurus
|
|upkeep
|turn|3
|
|t:|1758301313
|move|p1a: Thundurus|Knock Off|p2a: Slowking
|-supereffective|p2a: Slowking
|-damage|p2a: Slowking|0 fnt
|faint|p2a: Slowking
|
|upkeep
|
|t:|1758301318
|switch|p2a: Weavile|Weavile, F|100/100
|-ability|p2a: Weavile|Pressure
|turn|4
|
|t:|1758301323
|switch|p1a: Basculegion|Basculegion, M|100/100
|move|p2a: Weavile|Triple Axel|p1a: Basculegion
|-resisted|p1a: Basculegion
|-damage|p1a: Basculegion|94/100
|-resisted|p1a: Basculegion
|-damage|p1a: Basculegion|81/100
|-resisted|p1a: Basculegion
|-damage|p1a: Basculegion|62/100
|-hitcount|p1a: Basculegion|3
|
|upkeep
|turn|5
|
|t:|1758301329
|move|p1a: Basculegion|Wave Crash|p2a: Weavile
|-damage|p2a: Weavile|0 fnt
|faint|p2a: Weavile
|-damage|p1a: Basculegion|37/100|[from] Recoil
|
|upkeep
|
|t:|1758301334
|switch|p2a: Ogerpon|Ogerpon-Wellspring, F|31/100
|turn|6
|
|t:|1758301342
|switch|p1a: Rhyperior|Rhyperior, F|100/100
|move|p2a: Ogerpon|Ivy Cudgel|p1a: Rhyperior|[anim] Ivy Cudgel Water
|-supereffective|p1a: Rhyperior
|-damage|p1a: Rhyperior|0 fnt
|faint|p1a: Rhyperior
|
|upkeep
|
|t:|1758301345
|switch|p1a: Staraptor|Staraptor, F|100/100
|turn|7
|
|t:|1758301352
|switch|p2a: Corviknight|Corviknight, M|100/100
|-ability|p2a: Corviknight|Pressure
|move|p1a: Staraptor|U-turn|p2a: Corviknight
|-resisted|p2a: Corviknight
|-damage|p2a: Corviknight|98/100
|-damage|p1a: Staraptor|84/100|[from] item: Rocky Helmet|[of] p2a: Corviknight
|
|t:|1758301374
|switch|p1a: Thundurus|Thundurus, M|100/100|[from] U-turn
|
|upkeep
|turn|8
|
|t:|1758301386
|switch|p2a: Great Tusk|Great Tusk|100/100
|move|p1a: Thundurus|Knock Off|p2a: Great Tusk
|-resisted|p2a: Great Tusk
|-damage|p2a: Great Tusk|83/100
|-enditem|p2a: Great Tusk|Leftovers|[from] move: Knock Off|[of] p1a: Thundurus
|
|upkeep
|turn|9
|
|t:|1758301392
|switch|p1a: Basculegion|Basculegion, M|37/100
|move|p2a: Great Tusk|Rapid Spin|p1a: Basculegion
|-immune|p1a: Basculegion
|
|upkeep
|turn|10
|
|t:|1758301398
|-end|p2a: Great Tusk|Protosynthesis|[silent]
|switch|p2a: Ogerpon|Ogerpon-Wellspring, F|31/100
|move|p1a: Basculegion|Psychic Fangs|p2a: Ogerpon
|-crit|p2a: Ogerpon
|-damage|p2a: Ogerpon|0 fnt
|faint|p2a: Ogerpon
|
|upkeep
|
|t:|1758301402
|switch|p2a: Corviknight|Corviknight, M|98/100
|-ability|p2a: Corviknight|Pressure
|turn|11
|
|t:|1758301405
|move|p1a: Basculegion|Psychic Fangs|p2a: Corviknight
|-resisted|p2a: Corviknight
|-damage|p2a: Corviknight|89/100
|-damage|p1a: Basculegion|21/100|[from] item: Rocky Helmet|[of] p2a: Corviknight
|move|p2a: Corviknight|U-turn|p1a: Basculegion
|-resisted|p1a: Basculegion
|-damage|p1a: Basculegion|11/100
|
|t:|1758301410
|switch|p2a: Dragapult|Dragapult, M|100/100|[from] U-turn
|
|upkeep
|turn|12
|
|t:|1758301412
|switch|p2a: Corviknight|Corviknight, M|89/100
|-ability|p2a: Corviknight|Pressure
|move|p1a: Basculegion|Psychic Fangs|p2a: Corviknight
|-resisted|p2a: Corviknight
|-damage|p2a: Corviknight|82/100
|-damage|p1a: Basculegion|0 fnt|[from] item: Rocky Helmet|[of] p2a: Corviknight
|faint|p1a: Basculegion
|
|upkeep
|
|t:|1758301424
|switch|p1a: Staraptor|Staraptor, F|84/100
|turn|13
|
|t:|1758301428
|move|p1a: Staraptor|Final Gambit|p2a: Corviknight
|-damage|p2a: Corviknight|4/100
|faint|p1a: Staraptor
|move|p2a: Corviknight|Roost|p2a: Corviknight
|-heal|p2a: Corviknight|54/100
|-singleturn|p2a: Corviknight|move: Roost
|
|upkeep
|
|t:|1758301441
|switch|p1a: Kingambit|Kingambit, M|100/100
|-activate|p1a: Kingambit|ability: Supreme Overlord
|-start|p1a: Kingambit|fallen4|[silent]
|turn|14
|
|t:|1758301445
|move|p2a: Corviknight|Body Press|p1a: Kingambit
|-supereffective|p1a: Kingambit
|-damage|p1a: Kingambit|21/100
|move|p1a: Kingambit|Substitute|p1a: Kingambit
|-fail|p1a: Kingambit|move: Substitute|[weak]
|
|-heal|p1a: Kingambit|27/100|[from] item: Leftovers
|upkeep
|turn|15
|
|t:|1758301450
|move|p1a: Kingambit|Sucker Punch|p2a: Corviknight
|-damage|p2a: Corviknight|18/100
|-damage|p1a: Kingambit|11/100|[from] item: Rocky Helmet|[of] p2a: Corviknight
|move|p2a: Corviknight|Body Press|p1a: Kingambit
|-supereffective|p1a: Kingambit
|-crit|p1a: Kingambit
|-damage|p1a: Kingambit|0 fnt
|faint|p1a: Kingambit
|-end|p1a: Kingambit|fallen4|[silent]
|
|upkeep
|
|t:|1758301452
|switch|p1a: Thundurus|Thundurus, M|100/100
|turn|16
|
|t:|1758301456
|move|p1a: Thundurus|Fly||[still]
|-prepare|p1a: Thundurus|Fly
|move|p2a: Corviknight|Roost|p2a: Corviknight
|-heal|p2a: Corviknight|68/100
|-singleturn|p2a: Corviknight|move: Roost
|
|upkeep
|turn|17
|
|t:|1758301460
|move|p1a: Thundurus|Fly|p2a: Corviknight|[from] lockedmove
|-resisted|p2a: Corviknight
|-damage|p2a: Corviknight|49/100
|-damage|p1a: Thundurus|84/100|[from] item: Rocky Helmet|[of] p2a: Corviknight
|move|p2a: Corviknight|Roost|p2a: Corviknight
|-heal|p2a: Corviknight|99/100
|-singleturn|p2a: Corviknight|move: Roost
|
|upkeep
|turn|18
|-message|klefki_did_it forfeited.
|
|win|omenkiller rollo
|raw|klefki_did_it's rating: 1312 &rarr; <strong>1294</strong><br />(-18 for losing)
|raw|omenkiller rollo's rating: 1350 &rarr; <strong>1368</strong><br />(+18 for winning)
|l|☆klefki_did_it
|player|p1|
|l|☆omenkiller rollo
|player|p2|
