|j|☆I am a chinese.
|j|☆iivvv
|t:|1758368131
|gametype|singles
|player|p1|I am a chinese.|maid|
|player|p2|iivvv|clerk|
|gen|9
|tier|[Gen 9] OU
|rule|HP Percentage Mod: HP is shown in percentages
|rule|Endless Battle Clause: Forcing endless battles is banned
|rule|Species Clause: Limit one of each Pokémon
|rule|OHKO Clause: OHKO moves are banned
|rule|Evasion Items Clause: Evasion items are banned
|rule|Evasion Moves Clause: Evasion moves are banned
|rule|Evasion Abilities Clause: Evasion abilities are banned
|rule|Sleep Moves Clause: Sleep-inducing moves are banned
|clearpoke
|poke|p1|Porygon-Z|
|poke|p1|Araquanid, M|
|poke|p1|Lokix, F|
|poke|p1|Skeledirge, M|
|poke|p1|Ogerpon-Wellspring, F|
|poke|p1|Dragapult, F|
|poke|p2|Zamazenta-*|
|poke|p2|Clodsire, M|
|poke|p2|Gholdengo|
|poke|p2|Kingambit, F|
|poke|p2|Talonflame, M|
|poke|p2|Ogerpon-Wellspring, F|
|teampreview
|
|t:|1758368140
|teamsize|p1|6
|teamsize|p2|6
|start
|switch|p1a: Skeledirge|Skeledirge, M|100/100
|switch|p2a: Clodsire|Clodsire, M|100/100
|turn|1
|
|t:|1758368147
|move|p1a: Skeledirge|Will-O-Wisp|p2a: Clodsire
|-status|p2a: Clodsire|brn
|move|p2a: Clodsire|Stealth Rock|p1a: Skeledirge
|-sidestart|p1: I am a chinese.|move: Stealth Rock
|
|-damage|p2a: Clodsire|94/100 brn|[from] brn
|upkeep
|turn|2
|
|t:|1758368152
|move|p1a: Skeledirge|Torch Song|p2a: Clodsire
|-damage|p2a: Clodsire|75/100 brn
|-boost|p1a: Skeledirge|spa|1
|move|p2a: Clodsire|Toxic|p1a: Skeledirge
|-status|p1a: Skeledirge|tox
|
|-heal|p2a: Clodsire|81/100 brn|[from] item: Leftovers
|-damage|p1a: Skeledirge|94/100 tox|[from] psn
|-damage|p2a: Clodsire|75/100 brn|[from] brn
|upkeep
|turn|3
|
|t:|1758368156
|move|p1a: Skeledirge|Torch Song|p2a: Clodsire
|-damage|p2a: Clodsire|47/100 brn
|-boost|p1a: Skeledirge|spa|1
|move|p2a: Clodsire|Earthquake|p1a: Skeledirge
|-supereffective|p1a: Skeledirge
|-crit|p1a: Skeledirge
|-damage|p1a: Skeledirge|65/100 tox
|
|-heal|p2a: Clodsire|53/100 brn|[from] item: Leftovers
|-damage|p1a: Skeledirge|53/100 tox|[from] psn
|-damage|p2a: Clodsire|47/100 brn|[from] brn
|upkeep
|turn|4
|
|t:|1758368164
|switch|p2a: Talonflame|Talonflame, M|100/100
|move|p1a: Skeledirge|Torch Song|p2a: Talonflame
|-resisted|p2a: Talonflame
|-damage|p2a: Talonflame|50/100
|-boost|p1a: Skeledirge|spa|1
|
|-damage|p1a: Skeledirge|35/100 tox|[from] psn
|upkeep
|turn|5
|
|t:|1758368176
|move|p2a: Talonflame|Roost|p2a: Talonflame
|-heal|p2a: Talonflame|99/100
|-singleturn|p2a: Talonflame|move: Roost
|move|p1a: Skeledirge|Torch Song|p2a: Talonflame
|-resisted|p2a: Talonflame
|-damage|p2a: Talonflame|36/100
|-boost|p1a: Skeledirge|spa|1
|
|-damage|p1a: Skeledirge|11/100 tox|[from] psn
|upkeep
|turn|6
|
|t:|1758368186
|move|p2a: Talonflame|Roost|p2a: Talonflame
|-heal|p2a: Talonflame|86/100
|-singleturn|p2a: Talonflame|move: Roost
|move|p1a: Skeledirge|Torch Song|p2a: Talonflame
|-resisted|p2a: Talonflame
|-damage|p2a: Talonflame|13/100
|-boost|p1a: Skeledirge|spa|1
|
|-damage|p1a: Skeledirge|0 fnt|[from] psn
|faint|p1a: Skeledirge
|upkeep
|
|t:|1758368198
|switch|p1a: Lokix|Lokix, F|100/100
|turn|7
|
|t:|1758368205
|move|p2a: Talonflame|Roost|p2a: Talonflame
|-heal|p2a: Talonflame|63/100
|-singleturn|p2a: Talonflame|move: Roost
|move|p1a: Lokix|Knock Off|p2a: Talonflame
|-damage|p2a: Talonflame|14/100
|-enditem|p2a: Talonflame|Heavy-Duty Boots|[from] move: Knock Off|[of] p1a: Lokix
|
|upkeep
|turn|8
|
|t:|1758368212
|move|p2a: Talonflame|Roost|p2a: Talonflame
|-heal|p2a: Talonflame|64/100
|-singleturn|p2a: Talonflame|move: Roost
|move|p1a: Lokix|U-turn|p2a: Talonflame
|-resisted|p2a: Talonflame
|-damage|p2a: Talonflame|26/100
|
|t:|1758368214
|switch|p1a: Ogerpon|Ogerpon-Wellspring, F|100/100|[from] U-turn
|-damage|p1a: Ogerpon|88/100|[from] Stealth Rock
|
|upkeep
|turn|9
|
|t:|1758368220
|move|p2a: Talonflame|Hurricane|p1a: Ogerpon|[miss]
|-miss|p2a: Talonflame|p1a: Ogerpon
|move|p1a: Ogerpon|Horn Leech|p2a: Talonflame
|-resisted|p2a: Talonflame
|-damage|p2a: Talonflame|14/100
|-heal|p1a: Ogerpon|95/100|[from] drain|[of] p2a: Talonflame
|
|upkeep
|turn|10
|
|t:|1758368229
|-terastallize|p1a: Ogerpon|Water
|detailschange|p1a: Ogerpon|Ogerpon-Wellspring-Tera, F, tera:Water
|-ability|p1a: Ogerpon|Embody Aspect (Wellspring)|boost
|-boost|p1a: Ogerpon|spd|1
|move|p2a: Talonflame|Hurricane|p1a: Ogerpon
|-damage|p1a: Ogerpon|71/100
|move|p1a: Ogerpon|U-turn|p2a: Talonflame
|-resisted|p2a: Talonflame
|-damage|p2a: Talonflame|7/100
|-status|p1a: Ogerpon|brn|[from] ability: Flame Body|[of] p2a: Talonflame
|
|t:|1758368238
|switch|p1a: Dragapult|Dragapult, F|100/100|[from] U-turn
|-damage|p1a: Dragapult|88/100|[from] Stealth Rock
|
|-heal|p1a: Dragapult|94/100|[from] item: Leftovers
|upkeep
|turn|11
|
|t:|1758368242
|switch|p2a: Kingambit|Kingambit, F|100/100
|move|p1a: Dragapult|Dragon Darts|p2a: Kingambit
|-resisted|p2a: Kingambit
|-damage|p2a: Kingambit|90/100
|-anim|p1a: Dragapult|Dragon Darts|p2a: Kingambit
|-resisted|p2a: Kingambit
|-damage|p2a: Kingambit|81/100
|
|-heal|p1a: Dragapult|99/100|[from] item: Leftovers
|upkeep
|turn|12
|-message|I am a chinese. forfeited.
|
|win|iivvv
|l|☆I am a chinese.
|player|p1|
