|j|☆VeilWalker
|j|☆mantikarp2.0
|t:|1758271939
|gametype|singles
|player|p1|VeilWalker|sonia-masters|1549
|player|p2|mantikarp2.0|266|1561
|gen|9
|tier|[Gen 9] OU
|rated|
|rule|HP Percentage Mod: HP is shown in percentages
|rule|Endless Battle Clause: Forcing endless battles is banned
|rule|Species Clause: Limit one of each Pokémon
|rule|OHKO Clause: OHKO moves are banned
|rule|Evasion Items Clause: Evasion items are banned
|rule|Evasion Moves Clause: Evasion moves are banned
|rule|Evasion Abilities Clause: Evasion abilities are banned
|rule|Sleep Moves Clause: Sleep-inducing moves are banned
|clearpoke
|poke|p1|Samurott-Hisui, M|
|poke|p1|Great Tusk|
|poke|p1|Volcanion|
|poke|p1|Hydrapple, F|
|poke|p1|Gholdengo|
|poke|p1|Landorus-Therian, M|
|poke|p2|Ribombee, M|
|poke|p2|Gholdengo|
|poke|p2|Great Tusk|
|poke|p2|Raging Bolt|
|poke|p2|Ogerpon-Cornerstone, F|
|poke|p2|Ceruledge, F|
|teampreview
|inactive|Battle timer is ON: inactive players will automatically lose when time's up. (requested by VeilWalker)
|inactive|VeilWalker has 120 seconds left.
|inactive|VeilWalker has 90 seconds left.
|
|t:|1758272017
|teamsize|p1|6
|teamsize|p2|6
|start
|switch|p1a: Erupting Star|Volcanion|100/100
|switch|p2a: NEW DROP|Ribombee, M, shiny|100/100
|turn|1
|
|t:|1758272036
|move|p2a: NEW DROP|Sticky Web|p1a: Erupting Star
|-sidestart|p1: VeilWalker|move: Sticky Web
|move|p1a: Erupting Star|Sludge Bomb|p2a: NEW DROP
|-supereffective|p2a: NEW DROP
|-enditem|p2a: NEW DROP|Focus Sash
|-damage|p2a: NEW DROP|1/100
|
|upkeep
|turn|2
|
|t:|1758272061
|move|p2a: NEW DROP|Moonblast|p1a: Erupting Star
|-resisted|p1a: Erupting Star
|-damage|p1a: Erupting Star|80/100
|move|p1a: Erupting Star|Flamethrower|p2a: NEW DROP
|-supereffective|p2a: NEW DROP
|-damage|p2a: NEW DROP|0 fnt
|faint|p2a: NEW DROP
|
|upkeep
|
|t:|1758272067
|switch|p2a: GREAT NECK|Raging Bolt|100/100
|-enditem|p2a: GREAT NECK|Booster Energy
|-activate|p2a: GREAT NECK|ability: Protosynthesis|[fromitem]
|-start|p2a: GREAT NECK|protosynthesisspa
|turn|3
|
|t:|1758272082
|switch|p1a: Great Mustache|Landorus-Therian, M|100/100
|-ability|p1a: Great Mustache|Intimidate|boost
|-unboost|p2a: GREAT NECK|atk|1
|move|p2a: GREAT NECK|Calm Mind|p2a: GREAT NECK
|-boost|p2a: GREAT NECK|spa|1
|-boost|p2a: GREAT NECK|spd|1
|
|upkeep
|turn|4
|
|t:|1758272087
|-terastallize|p2a: GREAT NECK|Bug
|move|p1a: Great Mustache|Earthquake|p2a: GREAT NECK
|-resisted|p2a: GREAT NECK
|-damage|p2a: GREAT NECK|74/100
|move|p2a: GREAT NECK|Dragon Pulse|p1a: Great Mustache
|-damage|p1a: Great Mustache|0 fnt
|faint|p1a: Great Mustache
|
|upkeep
|inactive|VeilWalker has 120 seconds left.
|
|t:|1758272129
|switch|p1a: King Tusk|Great Tusk|100/100
|turn|5
|j| wgw2333
|inactive|VeilWalker has 90 seconds left.
|
|t:|1758272162
|-terastallize|p1a: King Tusk|Fairy
|move|p1a: King Tusk|Rapid Spin|p2a: GREAT NECK
|-crit|p2a: GREAT NECK
|-damage|p2a: GREAT NECK|49/100
|-boost|p1a: King Tusk|spe|1
|-sideend|p1: VeilWalker|Sticky Web|[from] move: Rapid Spin|[of] p1a: King Tusk
|move|p2a: GREAT NECK|Dragon Pulse|p1a: King Tusk
|-immune|p1a: King Tusk
|
|upkeep
|turn|6
|inactive|VeilWalker has 90 seconds left.
|
|t:|1758272177
|move|p2a: GREAT NECK|Thunderclap||[still]
|-fail|p2a: GREAT NECK
|move|p1a: King Tusk|Stealth Rock|p2a: GREAT NECK
|-sidestart|p2: mantikarp2.0|move: Stealth Rock
|
|upkeep
|turn|7
|inactive|VeilWalker has 90 seconds left.
|inactive|VeilWalker has 60 seconds left.
|
|t:|1758272215
|-end|p1a: King Tusk|Protosynthesis|[silent]
|switch|p1a: Erupting Star|Volcanion|80/100
|move|p2a: GREAT NECK|Thunderbolt|p1a: Erupting Star
|-supereffective|p1a: Erupting Star
|-damage|p1a: Erupting Star|0 fnt
|faint|p1a: Erupting Star
|
|upkeep
|inactive|VeilWalker has 60 seconds left.
|
|t:|1758272224
|switch|p1a: Heart of Ghold|Gholdengo|100/100
|-item|p1a: Heart of Ghold|Air Balloon
|turn|8
|inactive|VeilWalker has 60 seconds left.
|
|t:|1758272238
|move|p2a: GREAT NECK|Thunderclap|p1a: Heart of Ghold
|-damage|p1a: Heart of Ghold|17/100
|-enditem|p1a: Heart of Ghold|Air Balloon
|move|p1a: Heart of Ghold|Make It Rain|p2a: GREAT NECK
|-damage|p2a: GREAT NECK|10/100
|-unboost|p1a: Heart of Ghold|spa|1
|
|upkeep
|turn|9
|j| wyjmjl
|
|t:|1758272249
|move|p2a: GREAT NECK|Thunderclap|p1a: Heart of Ghold
|-damage|p1a: Heart of Ghold|0 fnt
|faint|p1a: Heart of Ghold
|
|upkeep
|inactive|VeilWalker has 60 seconds left.
|
|t:|1758272267
|switch|p1a: King Tusk|Great Tusk, tera:Fairy|100/100
|turn|10
|
|t:|1758272272
|move|p2a: GREAT NECK|Thunderclap||[still]
|-fail|p2a: GREAT NECK
|move|p1a: King Tusk|Stealth Rock||[still]
|-fail|p1a: King Tusk
|
|upkeep
|turn|11
|
|t:|1758272277
|move|p2a: GREAT NECK|Thunderclap|p1a: King Tusk
|-damage|p1a: King Tusk|0 fnt
|faint|p1a: King Tusk
|-end|p1a: King Tusk|Protosynthesis|[silent]
|
|upkeep
|
|t:|1758272282
|switch|p1a: The Last Ronin|Samurott-Hisui, M|100/100
|turn|12
|
|t:|1758272287
|move|p2a: GREAT NECK|Thunderclap|p1a: The Last Ronin
|-supereffective|p1a: The Last Ronin
|-damage|p1a: The Last Ronin|0 fnt
|faint|p1a: The Last Ronin
|
|upkeep
|-message|VeilWalker forfeited.
|
|win|mantikarp2.0
|raw|VeilWalker's rating: 1549 &rarr; <strong>1530</strong><br />(-19 for losing)
|raw|mantikarp2.0's rating: 1561 &rarr; <strong>1580</strong><br />(+19 for winning)
|l|☆VeilWalker
|player|p1|
|l|☆mantikarp2.0
|player|p2|
|l| wyjmjl
|l| wgw2333
