|j|☆megaYama
|j|☆SirQTheFirst
|t:|1758336731
|gametype|singles
|player|p1|megaYama|ghetsis-gen5bw|1166
|player|p2|SirQTheFirst|giovanni|1108
|gen|9
|tier|[Gen 9] OU
|rated|
|rule|HP Percentage Mod: HP is shown in percentages
|rule|Endless Battle Clause: Forcing endless battles is banned
|rule|Species Clause: Limit one of each Pokémon
|rule|OHKO Clause: OHKO moves are banned
|rule|Evasion Items Clause: Evasion items are banned
|rule|Evasion Moves Clause: Evasion moves are banned
|rule|Evasion Abilities Clause: Evasion abilities are banned
|rule|Sleep Moves Clause: Sleep-inducing moves are banned
|clearpoke
|poke|p1|Quaquaval, M|
|poke|p1|Pelipper, M|
|poke|p1|Iron Treads|
|poke|p1|Zapdos|
|poke|p1|Ting-Lu|
|poke|p1|Ogerpon-Wellspring, F|
|poke|p2|Sneasel, M|
|poke|p2|Haunter, M|
|poke|p2|Scyther, M|
|poke|p2|Gligar, F|
|poke|p2|Gurdurr, F|
|poke|p2|Thwackey, F|
|teampreview
|inactive|Battle timer is ON: inactive players will automatically lose when time's up. (requested by SirQTheFirst)
|
|t:|1758336740
|teamsize|p1|6
|teamsize|p2|6
|start
|switch|p1a: Pelipper|Pelipper, M|100/100
|switch|p2a: Scyther|Scyther, M|100/100
|-weather|RainDance|[from] ability: Drizzle|[of] p1a: Pelipper
|turn|1
|
|t:|1758336757
|move|p2a: Scyther|Swords Dance|p2a: Scyther
|-boost|p2a: Scyther|atk|2
|move|p1a: Pelipper|Hurricane|p2a: Scyther
|-supereffective|p2a: Scyther
|-damage|p2a: Scyther|0 fnt
|faint|p2a: Scyther
|
|-weather|RainDance|[upkeep]
|upkeep
|
|t:|1758336766
|switch|p2a: Haunter|Haunter, M|100/100
|turn|2
|
|t:|1758336772
|move|p2a: Haunter|Shadow Ball|p1a: Pelipper
|-damage|p1a: Pelipper|15/100
|move|p1a: Pelipper|Hurricane|p2a: Haunter
|-damage|p2a: Haunter|10/100
|
|-weather|RainDance|[upkeep]
|upkeep
|turn|3
|
|t:|1758336778
|switch|p1a: Ting-Lu|Ting-Lu|100/100
|-ability|p1a: Ting-Lu|Vessel of Ruin
|move|p2a: Haunter|Shadow Ball|p1a: Ting-Lu
|-resisted|p1a: Ting-Lu
|-damage|p1a: Ting-Lu|88/100
|
|-weather|RainDance|[upkeep]
|-heal|p1a: Ting-Lu|94/100|[from] item: Leftovers
|upkeep
|turn|4
|
|t:|1758336787
|move|p2a: Haunter|Shadow Ball|p1a: Ting-Lu
|-resisted|p1a: Ting-Lu
|-damage|p1a: Ting-Lu|82/100
|move|p1a: Ting-Lu|Spikes|p2a: Haunter
|-sidestart|p2: SirQTheFirst|Spikes
|
|-weather|RainDance|[upkeep]
|-heal|p1a: Ting-Lu|88/100|[from] item: Leftovers
|upkeep
|turn|5
|
|t:|1758336798
|move|p2a: Haunter|Shadow Ball|p1a: Ting-Lu
|-resisted|p1a: Ting-Lu
|-damage|p1a: Ting-Lu|77/100
|-unboost|p1a: Ting-Lu|spd|1
|move|p1a: Ting-Lu|Spikes|p2a: Haunter
|-sidestart|p2: SirQTheFirst|Spikes
|
|-weather|RainDance|[upkeep]
|-heal|p1a: Ting-Lu|84/100|[from] item: Leftovers
|upkeep
|turn|6
|
|t:|1758336803
|move|p2a: Haunter|Shadow Ball|p1a: Ting-Lu
|-resisted|p1a: Ting-Lu
|-damage|p1a: Ting-Lu|66/100
|move|p1a: Ting-Lu|Spikes|p2a: Haunter
|-sidestart|p2: SirQTheFirst|Spikes
|
|-weather|RainDance|[upkeep]
|-heal|p1a: Ting-Lu|73/100|[from] item: Leftovers
|upkeep
|turn|7
|
|t:|1758336805
|move|p2a: Haunter|Shadow Ball|p1a: Ting-Lu
|-resisted|p1a: Ting-Lu
|-damage|p1a: Ting-Lu|53/100
|move|p1a: Ting-Lu|Whirlwind|p2a: Haunter
|drag|p2a: Gligar|Gligar, F, shiny|100/100
|
|-weather|RainDance|[upkeep]
|-heal|p1a: Ting-Lu|60/100|[from] item: Leftovers
|upkeep
|turn|8
|
|t:|1758336826
|switch|p1a: Zapdos|Zapdos|100/100
|move|p2a: Gligar|Knock Off|p1a: Zapdos
|-damage|p1a: Zapdos|81/100
|-status|p2a: Gligar|par|[from] ability: Static|[of] p1a: Zapdos
|-enditem|p1a: Zapdos|Heavy-Duty Boots|[from] move: Knock Off|[of] p2a: Gligar
|
|-weather|none
|upkeep
|turn|9
|
|t:|1758336834
|move|p1a: Zapdos|U-turn|p2a: Gligar
|-resisted|p2a: Gligar
|-damage|p2a: Gligar|97/100 par
|
|t:|1758336845
|switch|p1a: Pelipper|Pelipper, M|15/100|[from] U-turn
|-weather|RainDance|[from] ability: Drizzle|[of] p1a: Pelipper
|cant|p2a: Gligar|par
|
|-weather|RainDance|[upkeep]
|upkeep
|turn|10
|
|t:|1758336863
|move|p1a: Pelipper|U-turn|p2a: Gligar
|-resisted|p2a: Gligar
|-damage|p2a: Gligar|95/100 par
|
|t:|1758336865
|switch|p1a: Quaquaval|Quaquaval, M|100/100|[from] U-turn
|move|p2a: Gligar|Knock Off|p1a: Quaquaval
|-resisted|p1a: Quaquaval
|-damage|p1a: Quaquaval|90/100
|-enditem|p1a: Quaquaval|Choice Band|[from] move: Knock Off|[of] p2a: Gligar
|
|-weather|RainDance|[upkeep]
|upkeep
|turn|11
|
|t:|1758336871
|move|p1a: Quaquaval|Aqua Step|p2a: Gligar
|-supereffective|p2a: Gligar
|-damage|p2a: Gligar|28/100 par
|-boost|p1a: Quaquaval|spe|1
|move|p2a: Gligar|Spikes|p1a: Quaquaval
|-sidestart|p1: megaYama|Spikes
|
|-weather|RainDance|[upkeep]
|upkeep
|turn|12
|
|t:|1758336877
|move|p1a: Quaquaval|Aqua Step|p2a: Gligar
|-supereffective|p2a: Gligar
|-damage|p2a: Gligar|0 fnt
|-boost|p1a: Quaquaval|spe|1
|faint|p2a: Gligar
|-ability|p1a: Quaquaval|Moxie|boost
|-boost|p1a: Quaquaval|atk|1
|
|-weather|RainDance|[upkeep]
|upkeep
|
|t:|1758336881
|switch|p2a: Haunter|Haunter, M|10/100
|turn|13
|
|t:|1758336886
|move|p1a: Quaquaval|Aqua Jet|p2a: Haunter
|-damage|p2a: Haunter|0 fnt
|faint|p2a: Haunter
|-ability|p1a: Quaquaval|Moxie|boost
|-boost|p1a: Quaquaval|atk|1
|
|-weather|RainDance|[upkeep]
|upkeep
|
|t:|1758336888
|switch|p2a: Thwackey|Thwackey, F|100/100
|-damage|p2a: Thwackey|76/100|[from] Spikes
|-fieldstart|move: Grassy Terrain|[from] ability: Grassy Surge|[of] p2a: Thwackey
|turn|14
|inactive|megaYama has 120 seconds left.
|
|t:|1758336930
|move|p1a: Quaquaval|Close Combat|p2a: Thwackey
|-damage|p2a: Thwackey|0 fnt
|-unboost|p1a: Quaquaval|def|1
|-unboost|p1a: Quaquaval|spd|1
|faint|p2a: Thwackey
|-ability|p1a: Quaquaval|Moxie|boost
|-boost|p1a: Quaquaval|atk|1
|
|-weather|RainDance|[upkeep]
|-heal|p1a: Quaquaval|96/100|[from] Grassy Terrain
|upkeep
|
|t:|1758336935
|switch|p2a: Sneasel|Sneasel, M|100/100
|-damage|p2a: Sneasel|76/100|[from] Spikes
|turn|15
|inactive|megaYama has 120 seconds left.
|
|t:|1758336943
|move|p1a: Quaquaval|Aqua Jet|p2a: Sneasel
|-damage|p2a: Sneasel|0 fnt
|faint|p2a: Sneasel
|-ability|p1a: Quaquaval|Moxie|boost
|-boost|p1a: Quaquaval|atk|1
|
|-weather|RainDance|[upkeep]
|-heal|p1a: Quaquaval|100/100|[from] Grassy Terrain
|upkeep
|c|☆SirQTheFirst|gg
|
|t:|1758336949
|switch|p2a: Gurdurr|Gurdurr, F|100/100
|-damage|p2a: Gurdurr|76/100|[from] Spikes
|turn|16
|
|t:|1758336956
|move|p2a: Gurdurr|Mach Punch|p1a: Quaquaval
|-damage|p1a: Quaquaval|67/100
|move|p1a: Quaquaval|Close Combat|p2a: Gurdurr
|-crit|p2a: Gurdurr
|-damage|p2a: Gurdurr|0 fnt
|-unboost|p1a: Quaquaval|def|1
|-unboost|p1a: Quaquaval|spd|1
|faint|p2a: Gurdurr
|
|win|megaYama
|raw|megaYama's rating: 1189 &rarr; <strong>1208</strong><br />(+19 for winning)
|raw|SirQTheFirst's rating: 1108 &rarr; <strong>1089</strong><br />(-19 for losing)
|l|☆megaYama
|player|p1|
|l|☆SirQTheFirst
|player|p2|
