|j|☆UltraDJames
|j|☆Squallskip
|t:|1758298279
|gametype|singles
|player|p1|UltraDJames|falkner|1346
|player|p2|Squallskip|brycen|1361
|gen|9
|tier|[Gen 9] OU
|rated|
|rule|HP Percentage Mod: HP is shown in percentages
|rule|Endless Battle Clause: Forcing endless battles is banned
|rule|Species Clause: Limit one of each Pokémon
|rule|OHKO Clause: OHKO moves are banned
|rule|Evasion Items Clause: Evasion items are banned
|rule|Evasion Moves Clause: Evasion moves are banned
|rule|Evasion Abilities Clause: Evasion abilities are banned
|rule|Sleep Moves Clause: Sleep-inducing moves are banned
|clearpoke
|poke|p1|Entei|
|poke|p1|Corviknight, F|
|poke|p1|Glimmora, F|
|poke|p1|Cinccino, M|
|poke|p1|Quagsire, M|
|poke|p1|Deoxys-Defense|
|poke|p2|Excadrill, F|
|poke|p2|Tyranitar, F|
|poke|p2|Ogerpon-Wellspring, F|
|poke|p2|Tornadus-Therian, M|
|poke|p2|Heatran, F|
|poke|p2|Zamazenta-*|
|teampreview
|inactive|Battle timer is ON: inactive players will automatically lose when time's up. (requested by UltraDJames)
|c|☆UltraDJames|gl
|c|☆Squallskip|What is this team
|c|☆Squallskip|Hang on
|c|☆UltraDJames|the best
|c|☆Squallskip|Probably
|inactive|Squallskip has 120 seconds left.
|c|☆UltraDJames|one that isnt a copy paste
|c|☆Squallskip|My team is not a copy pasted sample team
|inactive|Squallskip has 90 seconds left.
|c|☆UltraDJames|then im interested
|c|☆Squallskip|But I did like only changed 2 pokemon
|c|☆Squallskip|I wanted Torn Sand
|c|☆Squallskip|But it turned out someone made a torn sand UU only team and got to number 1
|inactive|Squallskip has 60 seconds left.
|c|☆Squallskip|So I replaced Keldeo and Hydrapple
|c|☆UltraDJames|alr then
|inactive|Squallskip has 30 seconds left.
|inactive|UltraDJames has 120 seconds left.
|inactive|Squallskip has 20 seconds left.
|inactive|Squallskip has 15 seconds left.
|
|t:|1758298416
|teamsize|p1|6
|teamsize|p2|6
|start
|switch|p1a: Glimmora|Glimmora, F|100/100
|switch|p2a: I am sorry|Ogerpon-Wellspring, F|100/100
|turn|1
|
|t:|1758298426
|move|p2a: I am sorry|Ivy Cudgel|p1a: Glimmora|[anim] Ivy Cudgel Water
|-supereffective|p1a: Glimmora
|-enditem|p1a: Glimmora|Focus Sash
|-damage|p1a: Glimmora|1/100
|-activate|p1a: Glimmora|ability: Toxic Debris
|-sidestart|p2: Squallskip|move: Toxic Spikes
|move|p1a: Glimmora|Sludge Bomb|p2a: I am sorry
|-supereffective|p2a: I am sorry
|-damage|p2a: I am sorry|0 fnt
|faint|p2a: I am sorry
|
|upkeep
|c|☆UltraDJames|lol
|c|☆Squallskip|Haha
|inactive|Squallskip has 60 seconds left.
|c|☆Squallskip|I don't know what like 4 of the pokemon do
|c|☆UltraDJames|its always the trap glimora
|
|t:|1758298458
|switch|p2a: Tyranitar|Tyranitar, F|100/100
|-status|p2a: Tyranitar|psn
|-weather|Sandstorm|[from] ability: Sand Stream|[of] p2a: Tyranitar
|turn|2
|c|☆UltraDJames|real?
|inactive|Squallskip has 60 seconds left.
|
|t:|1758298469
|move|p1a: Glimmora|Energy Ball|p2a: Tyranitar
|-supereffective|p2a: Tyranitar
|-damage|p2a: Tyranitar|58/100 psn
|move|p2a: Tyranitar|Stone Edge|p1a: Glimmora|[miss]
|-miss|p2a: Tyranitar|p1a: Glimmora
|
|-weather|Sandstorm|[upkeep]
|-damage|p2a: Tyranitar|46/100 psn|[from] psn
|upkeep
|turn|3
|inactive|Squallskip has 60 seconds left.
|c|☆Squallskip|I don't see many Glimmora honestly
|
|t:|1758298490
|switch|p2a: Heatran|Heatran, F|100/100
|move|p1a: Glimmora|Stealth Rock|p2a: Heatran
|-sidestart|p2: Squallskip|move: Stealth Rock
|
|-weather|Sandstorm|[upkeep]
|upkeep
|turn|4
|
|t:|1758298506
|move|p1a: Glimmora|Power Gem|p2a: Heatran
|-damage|p2a: Heatran|72/100
|move|p2a: Heatran|Stealth Rock|p1a: Glimmora
|-sidestart|p1: UltraDJames|move: Stealth Rock
|
|-weather|Sandstorm|[upkeep]
|-heal|p2a: Heatran|78/100|[from] item: Leftovers
|upkeep
|turn|5
|
|t:|1758298514
|move|p1a: Glimmora|Power Gem|p2a: Heatran
|-damage|p2a: Heatran|51/100
|move|p2a: Heatran|Earth Power|p1a: Glimmora
|-supereffective|p1a: Glimmora
|-damage|p1a: Glimmora|0 fnt
|faint|p1a: Glimmora
|
|-weather|Sandstorm|[upkeep]
|-heal|p2a: Heatran|57/100|[from] item: Leftovers
|upkeep
|
|t:|1758298516
|switch|p1a: Quagsire|Quagsire, M|100/100
|-damage|p1a: Quagsire|94/100|[from] Stealth Rock
|turn|6
|inactive|Squallskip has 60 seconds left.
|
|t:|1758298536
|switch|p2a: Excadrill|Excadrill, F|100/100
|-damage|p2a: Excadrill|97/100|[from] Stealth Rock
|-item|p2a: Excadrill|Air Balloon
|move|p1a: Quagsire|Stockpile|p1a: Quagsire
|-start|p1a: Quagsire|stockpile1
|-boost|p1a: Quagsire|def|1
|-boost|p1a: Quagsire|spd|1
|
|-weather|none
|-heal|p1a: Quagsire|100/100|[from] item: Leftovers
|upkeep
|turn|7
|inactive|Squallskip has 60 seconds left.
|
|t:|1758298555
|switch|p1a: Corviknight|Corviknight, F|100/100
|-damage|p1a: Corviknight|88/100|[from] Stealth Rock
|move|p2a: Excadrill|Rapid Spin|p1a: Corviknight
|-resisted|p1a: Corviknight
|-damage|p1a: Corviknight|80/100
|-boost|p2a: Excadrill|spe|1
|-sideend|p2: Squallskip|Toxic Spikes|[from] move: Rapid Spin|[of] p2a: Excadrill
|-sideend|p2: Squallskip|Stealth Rock|[from] move: Rapid Spin|[of] p2a: Excadrill
|
|-heal|p1a: Corviknight|86/100|[from] item: Leftovers
|upkeep
|turn|8
|inactive|Squallskip has 60 seconds left.
|inactive|UltraDJames has 120 seconds left.
|
|t:|1758298592
|switch|p2a: Tornadus|Tornadus-Therian, M|100/100
|move|p1a: Corviknight|Power Trip|p2a: Tornadus
|-damage|p2a: Tornadus|96/100
|
|-heal|p1a: Corviknight|92/100|[from] item: Leftovers
|upkeep
|turn|9
|inactive|UltraDJames has 120 seconds left.
|
|t:|1758298599
|switch|p1a: Quagsire|Quagsire, M|100/100
|-damage|p1a: Quagsire|94/100|[from] Stealth Rock
|move|p2a: Tornadus|Knock Off|p1a: Quagsire
|-damage|p1a: Quagsire|80/100
|-enditem|p1a: Quagsire|Leftovers|[from] move: Knock Off|[of] p2a: Tornadus
|
|upkeep
|turn|10
|
|t:|1758298602
|switch|p2a: Excadrill|Excadrill, F|97/100
|-item|p2a: Excadrill|Air Balloon
|move|p1a: Quagsire|Toxic|p2a: Excadrill
|-immune|p2a: Excadrill
|
|upkeep
|turn|11
|
|t:|1758298617
|switch|p1a: Corviknight|Corviknight, F|92/100
|-damage|p1a: Corviknight|80/100|[from] Stealth Rock
|move|p2a: Excadrill|Iron Head|p1a: Corviknight
|-resisted|p1a: Corviknight
|-damage|p1a: Corviknight|62/100
|
|-heal|p1a: Corviknight|68/100|[from] item: Leftovers
|upkeep
|turn|12
|
|t:|1758298627
|switch|p2a: Tornadus|Tornadus-Therian, M|100/100
|move|p1a: Corviknight|Bulk Up|p1a: Corviknight
|-boost|p1a: Corviknight|atk|1
|-boost|p1a: Corviknight|def|1
|
|-heal|p1a: Corviknight|74/100|[from] item: Leftovers
|upkeep
|turn|13
|
|t:|1758298647
|move|p2a: Tornadus|Heat Wave|p1a: Corviknight
|-supereffective|p1a: Corviknight
|-damage|p1a: Corviknight|44/100
|move|p1a: Corviknight|Agility|p1a: Corviknight
|-boost|p1a: Corviknight|spe|2
|
|-heal|p1a: Corviknight|50/100|[from] item: Leftovers
|upkeep
|turn|14
|
|t:|1758298655
|move|p2a: Tornadus|Heat Wave|p1a: Corviknight
|-supereffective|p1a: Corviknight
|-damage|p1a: Corviknight|16/100
|move|p1a: Corviknight|Roost|p1a: Corviknight
|-heal|p1a: Corviknight|66/100
|-singleturn|p1a: Corviknight|move: Roost
|
|-heal|p1a: Corviknight|72/100|[from] item: Leftovers
|upkeep
|turn|15
|
|t:|1758298666
|switch|p1a: Deoxys|Deoxys-Defense|100/100
|-damage|p1a: Deoxys|88/100|[from] Stealth Rock
|-ability|p1a: Deoxys|Pressure
|move|p2a: Tornadus|Heat Wave|p1a: Deoxys
|-damage|p1a: Deoxys|73/100
|
|upkeep
|turn|16
|
|t:|1758298683
|move|p2a: Tornadus|U-turn|p1a: Deoxys
|-supereffective|p1a: Deoxys
|-damage|p1a: Deoxys|44/100
|
|t:|1758298687
|switch|p2a: Tyranitar|Tyranitar, F|46/100 psn|[from] U-turn
|-weather|Sandstorm|[from] ability: Sand Stream|[of] p2a: Tyranitar
|move|p1a: Deoxys|Thunderbolt|p2a: Tyranitar
|-damage|p2a: Tyranitar|33/100 psn
|
|-weather|Sandstorm|[upkeep]
|-damage|p1a: Deoxys|38/100|[from] Sandstorm
|-damage|p2a: Tyranitar|20/100 psn|[from] psn
|upkeep
|turn|17
|inactive|UltraDJames has 120 seconds left.
|
|t:|1758298712
|switch|p1a: Quagsire|Quagsire, M|80/100
|-damage|p1a: Quagsire|74/100|[from] Stealth Rock
|move|p2a: Tyranitar|Stone Edge|p1a: Quagsire
|-resisted|p1a: Quagsire
|-damage|p1a: Quagsire|42/100
|
|-weather|Sandstorm|[upkeep]
|-damage|p2a: Tyranitar|8/100 psn|[from] psn
|upkeep
|turn|18
|
|t:|1758298726
|move|p2a: Tyranitar|Stone Edge|p1a: Quagsire|[miss]
|-miss|p2a: Tyranitar|p1a: Quagsire
|move|p1a: Quagsire|Rest|p1a: Quagsire
|-status|p1a: Quagsire|slp|[from] move: Rest
|-heal|p1a: Quagsire|100/100 slp|[silent]
|
|-weather|Sandstorm|[upkeep]
|-damage|p2a: Tyranitar|0 fnt|[from] psn
|faint|p2a: Tyranitar
|upkeep
|inactive|Squallskip has 60 seconds left.
|
|t:|1758298747
|switch|p2a: Excadrill|Excadrill, F|97/100
|-item|p2a: Excadrill|Air Balloon
|turn|19
|inactive|Squallskip has 60 seconds left.
|
|t:|1758298755
|switch|p2a: Heatran|Heatran, F|57/100
|cant|p1a: Quagsire|slp
|
|-weather|Sandstorm|[upkeep]
|-heal|p2a: Heatran|63/100|[from] item: Leftovers
|upkeep
|turn|20
|
|t:|1758298764
|move|p2a: Heatran|Magma Storm|p1a: Quagsire
|-resisted|p1a: Quagsire
|-damage|p1a: Quagsire|75/100 slp
|-activate|p1a: Quagsire|move: Magma Storm|[of] p2a: Heatran
|cant|p1a: Quagsire|slp
|
|-weather|none
|-heal|p2a: Heatran|70/100|[from] item: Leftovers
|-damage|p1a: Quagsire|63/100 slp|[from] move: Magma Storm|[partiallytrapped]
|upkeep
|turn|21
|
|t:|1758298776
|switch|p2a: Excadrill|Excadrill, F|97/100
|-item|p2a: Excadrill|Air Balloon
|-curestatus|p1a: Quagsire|slp|[msg]
|move|p1a: Quagsire|Earthquake|p2a: Excadrill
|-immune|p2a: Excadrill
|
|-end|p1a: Quagsire|Magma Storm|[partiallytrapped]|[silent]
|upkeep
|turn|22
|
|t:|1758298785
|move|p2a: Excadrill|Iron Head|p1a: Quagsire
|-resisted|p1a: Quagsire
|-damage|p1a: Quagsire|47/100
|move|p1a: Quagsire|Stockpile|p1a: Quagsire
|-start|p1a: Quagsire|stockpile1
|-boost|p1a: Quagsire|def|1
|-boost|p1a: Quagsire|spd|1
|
|upkeep
|turn|23
|
|t:|1758298794
|move|p2a: Excadrill|Iron Head|p1a: Quagsire
|-resisted|p1a: Quagsire
|-damage|p1a: Quagsire|37/100
|move|p1a: Quagsire|Stockpile|p1a: Quagsire
|-start|p1a: Quagsire|stockpile2
|-boost|p1a: Quagsire|def|1
|-boost|p1a: Quagsire|spd|1
|
|upkeep
|turn|24
|
|t:|1758298799
|move|p2a: Excadrill|Earthquake|p1a: Quagsire
|-damage|p1a: Quagsire|19/100
|move|p1a: Quagsire|Stockpile|p1a: Quagsire
|-start|p1a: Quagsire|stockpile3
|-boost|p1a: Quagsire|def|1
|-boost|p1a: Quagsire|spd|1
|
|upkeep
|turn|25
|inactive|Squallskip has 90 seconds left.
|
|t:|1758298808
|move|p2a: Excadrill|Swords Dance|p2a: Excadrill
|-boost|p2a: Excadrill|atk|2
|move|p1a: Quagsire|Rest|p1a: Quagsire
|-status|p1a: Quagsire|slp|[from] move: Rest
|-heal|p1a: Quagsire|100/100 slp|[silent]
|
|upkeep
|turn|26
|
|t:|1758298815
|move|p2a: Excadrill|Swords Dance|p2a: Excadrill
|-boost|p2a: Excadrill|atk|2
|cant|p1a: Quagsire|slp
|
|upkeep
|turn|27
|
|t:|1758298825
|move|p2a: Excadrill|Earthquake|p1a: Quagsire
|-damage|p1a: Quagsire|85/100 slp
|cant|p1a: Quagsire|slp
|
|upkeep
|turn|28
|c|☆Squallskip|Is this really going to be a PP war
|
|t:|1758298838
|move|p2a: Excadrill|Rapid Spin|p1a: Quagsire
|-damage|p1a: Quagsire|80/100 slp
|-boost|p2a: Excadrill|spe|1
|-curestatus|p1a: Quagsire|slp|[msg]
|move|p1a: Quagsire|Stockpile||[still]
|-fail|p1a: Quagsire
|
|upkeep
|turn|29
|
|t:|1758298842
|move|p2a: Excadrill|Rapid Spin|p1a: Quagsire
|-damage|p1a: Quagsire|75/100
|-boost|p2a: Excadrill|spe|1
|move|p1a: Quagsire|Stockpile||[still]
|-fail|p1a: Quagsire
|
|upkeep
|turn|30
|c|☆UltraDJames|eh
|
|t:|1758298846
|move|p2a: Excadrill|Swords Dance|p2a: Excadrill
|-boost|p2a: Excadrill|atk|2
|move|p1a: Quagsire|Stockpile||[still]
|-fail|p1a: Quagsire
|
|upkeep
|turn|31
|c|☆UltraDJames|i lost anyway
|c|☆UltraDJames|i cant beat zama
|inactive|UltraDJames has 120 seconds left.
|
|t:|1758298889
|switch|p1a: Corviknight|Corviknight, F|72/100
|-damage|p1a: Corviknight|60/100|[from] Stealth Rock
|move|p2a: Excadrill|Rapid Spin|p1a: Corviknight
|-resisted|p1a: Corviknight
|-damage|p1a: Corviknight|29/100
|-boost|p2a: Excadrill|spe|1
|
|-heal|p1a: Corviknight|36/100|[from] item: Leftovers
|upkeep
|turn|32
|c|☆Squallskip|Oh right your Corv doesn't have Brave Bird
|c|☆UltraDJames|nup
|
|t:|1758298901
|move|p2a: Excadrill|Iron Head|p1a: Corviknight
|-resisted|p1a: Corviknight
|-damage|p1a: Corviknight|0 fnt
|faint|p1a: Corviknight
|
|upkeep
|
|t:|1758298912
|switch|p1a: Entei|Entei|100/100
|-damage|p1a: Entei|76/100|[from] Stealth Rock
|turn|33
|
|t:|1758298919
|move|p1a: Entei|Extreme Speed|p2a: Excadrill
|-resisted|p2a: Excadrill
|-damage|p2a: Excadrill|78/100
|-enditem|p2a: Excadrill|Air Balloon
|move|p2a: Excadrill|Earthquake|p1a: Entei
|-supereffective|p1a: Entei
|-damage|p1a: Entei|0 fnt
|faint|p1a: Entei
|
|upkeep
|
|t:|1758298922
|switch|p1a: Quagsire|Quagsire, M|75/100
|-damage|p1a: Quagsire|69/100|[from] Stealth Rock
|turn|34
|
|t:|1758298937
|move|p2a: Excadrill|Earthquake|p1a: Quagsire
|-damage|p1a: Quagsire|33/100
|move|p1a: Quagsire|Stockpile|p1a: Quagsire
|-start|p1a: Quagsire|stockpile1
|-boost|p1a: Quagsire|def|1
|-boost|p1a: Quagsire|spd|1
|
|upkeep
|turn|35
|
|t:|1758298943
|move|p2a: Excadrill|Earthquake|p1a: Quagsire
|-damage|p1a: Quagsire|7/100
|move|p1a: Quagsire|Rest|p1a: Quagsire
|-status|p1a: Quagsire|slp|[from] move: Rest
|-heal|p1a: Quagsire|100/100 slp|[silent]
|
|upkeep
|turn|36
|
|t:|1758298967
|switch|p2a: Tornadus|Tornadus-Therian, M|100/100
|cant|p1a: Quagsire|slp
|
|upkeep
|turn|37
|
|t:|1758298978
|move|p2a: Tornadus|Bleakwind Storm|p1a: Quagsire
|-damage|p1a: Quagsire|69/100 slp
|cant|p1a: Quagsire|slp
|
|upkeep
|turn|38
|c|☆UltraDJames|whirlwind?
|c|☆Squallskip|Nah I don't really have anything for the Quagsire
|c|☆UltraDJames|even better
|c|☆UltraDJames|yup
|inactive|Squallskip has 120 seconds left.
|c|☆UltraDJames|ogerpon was the real kicker
|
|t:|1758299019
|move|p2a: Tornadus|Bleakwind Storm|p1a: Quagsire
|-damage|p1a: Quagsire|36/100 slp
|-curestatus|p1a: Quagsire|slp|[msg]
|move|p1a: Quagsire|Stockpile|p1a: Quagsire
|-start|p1a: Quagsire|stockpile2
|-boost|p1a: Quagsire|def|1
|-boost|p1a: Quagsire|spd|1
|
|upkeep
|turn|39
|
|t:|1758299024
|move|p2a: Tornadus|Bleakwind Storm|p1a: Quagsire
|-damage|p1a: Quagsire|13/100
|move|p1a: Quagsire|Rest|p1a: Quagsire
|-status|p1a: Quagsire|slp|[from] move: Rest
|-heal|p1a: Quagsire|100/100 slp|[silent]
|
|upkeep
|turn|40
|
|t:|1758299030
|move|p2a: Tornadus|Bleakwind Storm|p1a: Quagsire|[miss]
|-miss|p2a: Tornadus|p1a: Quagsire
|cant|p1a: Quagsire|slp
|
|upkeep
|turn|41
|
|t:|1758299032
|move|p2a: Tornadus|Bleakwind Storm|p1a: Quagsire|[miss]
|-miss|p2a: Tornadus|p1a: Quagsire
|cant|p1a: Quagsire|slp
|
|upkeep
|turn|42
|
|t:|1758299034
|move|p2a: Tornadus|Bleakwind Storm|p1a: Quagsire
|-damage|p1a: Quagsire|77/100 slp
|-curestatus|p1a: Quagsire|slp|[msg]
|move|p1a: Quagsire|Stockpile|p1a: Quagsire
|-start|p1a: Quagsire|stockpile3
|-boost|p1a: Quagsire|def|1
|-boost|p1a: Quagsire|spd|1
|
|upkeep
|turn|43
|
|t:|1758299036
|move|p2a: Tornadus|Bleakwind Storm|p1a: Quagsire
|-damage|p1a: Quagsire|58/100
|move|p1a: Quagsire|Toxic|p2a: Tornadus
|-status|p2a: Tornadus|tox
|
|-damage|p2a: Tornadus|94/100 tox|[from] psn
|upkeep
|turn|44
|
|t:|1758299041
|move|p2a: Tornadus|Bleakwind Storm|p1a: Quagsire
|-damage|p1a: Quagsire|41/100
|move|p1a: Quagsire|Stockpile||[still]
|-fail|p1a: Quagsire
|
|-damage|p2a: Tornadus|82/100 tox|[from] psn
|upkeep
|turn|45
|
|t:|1758299044
|move|p2a: Tornadus|Bleakwind Storm|p1a: Quagsire
|-damage|p1a: Quagsire|23/100
|-unboost|p1a: Quagsire|spe|1
|move|p1a: Quagsire|Stockpile||[still]
|-fail|p1a: Quagsire
|
|-damage|p2a: Tornadus|64/100 tox|[from] psn
|upkeep
|turn|46
|
|t:|1758299047
|move|p2a: Tornadus|Bleakwind Storm|p1a: Quagsire
|-damage|p1a: Quagsire|6/100
|move|p1a: Quagsire|Rest|p1a: Quagsire
|-status|p1a: Quagsire|slp|[from] move: Rest
|-heal|p1a: Quagsire|100/100 slp|[silent]
|
|-damage|p2a: Tornadus|40/100 tox|[from] psn
|upkeep
|turn|47
|
|t:|1758299052
|move|p2a: Tornadus|Bleakwind Storm|p1a: Quagsire
|-damage|p1a: Quagsire|81/100 slp
|cant|p1a: Quagsire|slp
|
|-damage|p2a: Tornadus|9/100 tox|[from] psn
|upkeep
|turn|48
|
|t:|1758299056
|move|p2a: Tornadus|Bleakwind Storm|p1a: Quagsire
|-damage|p1a: Quagsire|63/100 slp
|cant|p1a: Quagsire|slp
|
|-damage|p2a: Tornadus|0 fnt|[from] psn
|faint|p2a: Tornadus
|upkeep
|
|t:|1758299072
|switch|p2a: Heatran|Heatran, F|70/100
|turn|49
|c|☆Squallskip|Now I know IG Entei has Extreme speed
|c|☆Squallskip|That might have helped
|
|t:|1758299086
|move|p2a: Heatran|Magma Storm|p1a: Quagsire
|-resisted|p1a: Quagsire
|-damage|p1a: Quagsire|52/100 slp
|-activate|p1a: Quagsire|move: Magma Storm|[of] p2a: Heatran
|-curestatus|p1a: Quagsire|slp|[msg]
|move|p1a: Quagsire|Earthquake|p2a: Heatran
|-supereffective|p2a: Heatran
|-damage|p2a: Heatran|0 fnt
|faint|p2a: Heatran
|
|-end|p1a: Quagsire|Magma Storm|[partiallytrapped]|[silent]
|upkeep
|c|☆UltraDJames|yh
|c|☆UltraDJames|it was terra normal with swagger and mirror herb
|
|t:|1758299101
|switch|p2a: Zamazenta|Zamazenta|100/100
|-ability|p2a: Zamazenta|Dauntless Shield|boost
|-boost|p2a: Zamazenta|def|1
|turn|50
|c|☆Squallskip|Got it
|
|t:|1758299117
|move|p2a: Zamazenta|Close Combat|p1a: Quagsire
|-damage|p1a: Quagsire|37/100
|-unboost|p2a: Zamazenta|def|1
|-unboost|p2a: Zamazenta|spd|1
|move|p1a: Quagsire|Rest|p1a: Quagsire
|-status|p1a: Quagsire|slp|[from] move: Rest
|-heal|p1a: Quagsire|100/100 slp|[silent]
|
|upkeep
|turn|51
|
|t:|1758299121
|move|p2a: Zamazenta|Close Combat|p1a: Quagsire
|-damage|p1a: Quagsire|83/100 slp
|-unboost|p2a: Zamazenta|def|1
|-unboost|p2a: Zamazenta|spd|1
|cant|p1a: Quagsire|slp
|
|upkeep
|turn|52
|
|t:|1758299124
|move|p2a: Zamazenta|Close Combat|p1a: Quagsire
|-damage|p1a: Quagsire|66/100 slp
|-unboost|p2a: Zamazenta|def|1
|-unboost|p2a: Zamazenta|spd|1
|cant|p1a: Quagsire|slp
|
|upkeep
|turn|53
|
|t:|1758299127
|move|p2a: Zamazenta|Close Combat|p1a: Quagsire
|-damage|p1a: Quagsire|48/100 slp
|-unboost|p2a: Zamazenta|def|1
|-unboost|p2a: Zamazenta|spd|1
|-curestatus|p1a: Quagsire|slp|[msg]
|move|p1a: Quagsire|Toxic|p2a: Zamazenta
|-status|p2a: Zamazenta|tox
|
|-damage|p2a: Zamazenta|94/100 tox|[from] psn
|upkeep
|turn|54
|c|☆Squallskip|Just EQ
|
|t:|1758299133
|move|p2a: Zamazenta|Close Combat|p1a: Quagsire
|-damage|p1a: Quagsire|32/100
|-unboost|p2a: Zamazenta|def|1
|-unboost|p2a: Zamazenta|spd|1
|move|p1a: Quagsire|Rest|p1a: Quagsire
|-status|p1a: Quagsire|slp|[from] move: Rest
|-heal|p1a: Quagsire|100/100 slp|[silent]
|
|-damage|p2a: Zamazenta|82/100 tox|[from] psn
|upkeep
|turn|55
|c|☆UltraDJames|cant be sure with crits
|
|t:|1758299143
|move|p2a: Zamazenta|Close Combat|p1a: Quagsire
|-crit|p1a: Quagsire
|-damage|p1a: Quagsire|38/100 slp
|-unboost|p2a: Zamazenta|def|1
|-unboost|p2a: Zamazenta|spd|1
|cant|p1a: Quagsire|slp
|
|-damage|p2a: Zamazenta|64/100 tox|[from] psn
|upkeep
|turn|56
|c|☆UltraDJames|damn see
|
|t:|1758299151
|move|p2a: Zamazenta|Close Combat|p1a: Quagsire
|-damage|p1a: Quagsire|21/100 slp
|-unboost|p2a: Zamazenta|def|1
|cant|p1a: Quagsire|slp
|
|-damage|p2a: Zamazenta|39/100 tox|[from] psn
|upkeep
|turn|57
|
|t:|1758299154
|switch|p2a: Excadrill|Excadrill, F|78/100
|-curestatus|p1a: Quagsire|slp|[msg]
|move|p1a: Quagsire|Rest|p1a: Quagsire
|-status|p1a: Quagsire|slp|[from] move: Rest
|-heal|p1a: Quagsire|100/100 slp|[silent]
|
|upkeep
|turn|58
|
|t:|1758299170
|-terastallize|p2a: Excadrill|Ghost
|move|p2a: Excadrill|Earthquake|p1a: Quagsire
|-damage|p1a: Quagsire|86/100 slp
|cant|p1a: Quagsire|slp
|
|upkeep
|turn|59
|
|t:|1758299173
|move|p2a: Excadrill|Earthquake|p1a: Quagsire
|-damage|p1a: Quagsire|70/100 slp
|cant|p1a: Quagsire|slp
|
|upkeep
|turn|60
|
|t:|1758299177
|move|p2a: Excadrill|Earthquake|p1a: Quagsire
|-damage|p1a: Quagsire|54/100 slp
|-curestatus|p1a: Quagsire|slp|[msg]
|move|p1a: Quagsire|Toxic|p2a: Excadrill
|-status|p2a: Excadrill|tox
|
|-damage|p2a: Excadrill|72/100 tox|[from] psn
|upkeep
|turn|61
|
|t:|1758299181
|move|p2a: Excadrill|Iron Head|p1a: Quagsire
|-resisted|p1a: Quagsire
|-damage|p1a: Quagsire|48/100
|move|p1a: Quagsire|Earthquake|p2a: Excadrill
|-damage|p2a: Excadrill|27/100 tox
|
|-damage|p2a: Excadrill|14/100 tox|[from] psn
|upkeep
|turn|62
|
|t:|1758299186
|move|p2a: Excadrill|Iron Head|p1a: Quagsire
|-resisted|p1a: Quagsire
|-damage|p1a: Quagsire|42/100
|move|p1a: Quagsire|Earthquake|p2a: Excadrill
|-crit|p2a: Excadrill
|-damage|p2a: Excadrill|0 fnt
|faint|p2a: Excadrill
|
|upkeep
|
|t:|1758299188
|switch|p2a: Zamazenta|Zamazenta|39/100 tox
|turn|63
|
|t:|1758299190
|move|p2a: Zamazenta|Close Combat|p1a: Quagsire
|-damage|p1a: Quagsire|27/100
|-unboost|p2a: Zamazenta|def|1
|-unboost|p2a: Zamazenta|spd|1
|move|p1a: Quagsire|Earthquake|p2a: Zamazenta
|-damage|p2a: Zamazenta|8/100 tox
|
|-damage|p2a: Zamazenta|2/100 tox|[from] psn
|upkeep
|turn|64
|c|☆Squallskip|GG
|c|☆UltraDJames|ggs
|
|t:|1758299195
|move|p2a: Zamazenta|Crunch|p1a: Quagsire
|-damage|p1a: Quagsire|20/100
|move|p1a: Quagsire|Earthquake|p2a: Zamazenta
|-damage|p2a: Zamazenta|0 fnt
|faint|p2a: Zamazenta
|
|win|UltraDJames
|raw|UltraDJames's rating: 1346 &rarr; <strong>1367</strong><br />(+21 for winning)
|raw|Squallskip's rating: 1361 &rarr; <strong>1340</strong><br />(-21 for losing)
|c|☆Squallskip|What did the Minccino do
|c|☆Squallskip|My guess was Tidy Up
|c|☆UltraDJames|loaded dice with multi hits
|c|☆UltraDJames|bullet seed, rock blast, triple axel and knock off
|c|☆Squallskip|That makes sense
|c|☆Squallskip|Well, that must have been a fun team for you
|c|☆UltraDJames|tidy up would work but i like type coverage
|c|☆UltraDJames|yeah and if mawile was in gen 9 it would be the best
|c|☆Squallskip|Well, good luck! I hope you find success with that team
|c|☆UltraDJames|thanks man
|l|☆Squallskip
|player|p2|
|l|☆UltraDJames
|player|p1|
