|j|☆GFYSYDAR
|j|☆geobamsket
|t:|1758320510
|gametype|singles
|player|p1|GFYSYDAR|scientist-gen4dp|1390
|player|p2|geobamsket|265|1339
|gen|9
|tier|[Gen 9] OU
|rated|
|rule|HP Percentage Mod: HP is shown in percentages
|rule|Endless Battle Clause: Forcing endless battles is banned
|rule|Species Clause: Limit one of each Pokémon
|rule|OHKO Clause: OHKO moves are banned
|rule|Evasion Items Clause: Evasion items are banned
|rule|Evasion Moves Clause: Evasion moves are banned
|rule|Evasion Abilities Clause: Evasion abilities are banned
|rule|Sleep Moves Clause: Sleep-inducing moves are banned
|clearpoke
|poke|p1|Electrode-Hisui|
|poke|p1|Gallade, M|
|poke|p1|Slowking-Galar, F|
|poke|p1|Alomomola, M|
|poke|p1|Great Tusk|
|poke|p1|Landorus-Therian, M|
|poke|p2|Zamazenta-*|
|poke|p2|Ogerpon-Wellspring, F|
|poke|p2|Slowking-Galar, F|
|poke|p2|Corviknight, F|
|poke|p2|Heatran, M|
|poke|p2|Darkrai|
|teampreview
|inactive|Battle timer is ON: inactive players will automatically lose when time's up. (requested by geobamsket)
|
|t:|1758320525
|teamsize|p1|6
|teamsize|p2|6
|start
|switch|p1a: Gallade|Gallade, M, shiny|100/100
|switch|p2a: Darkrai|Darkrai|100/100
|turn|1
|
|t:|1758320532
|switch|p2a: Corviknight|Corviknight, F|100/100
|move|p1a: Gallade|Sacred Sword|p2a: Corviknight
|-damage|p2a: Corviknight|40/100
|-damage|p1a: Gallade|84/100|[from] item: Rocky Helmet|[of] p2a: Corviknight
|
|upkeep
|turn|2
|
|t:|1758320544
|switch|p2a: Slowking|Slowking-Galar, F|100/100
|move|p1a: Gallade|Sacred Sword|p2a: Slowking
|-resisted|p2a: Slowking
|-damage|p2a: Slowking|74/100
|
|upkeep
|turn|3
|
|t:|1758320553
|switch|p1a: Great Tusk|Great Tusk|100/100
|move|p2a: Slowking|Future Sight|p1a: Great Tusk
|-start|p2a: Slowking|move: Future Sight
|
|upkeep
|turn|4
|
|t:|1758320559
|switch|p2a: Corviknight|Corviknight, F|40/100
|move|p1a: Great Tusk|Head Smash|p2a: Corviknight|[miss]
|-miss|p1a: Great Tusk|p2a: Corviknight
|
|upkeep
|turn|5
|
|t:|1758320566
|-end|p1a: Great Tusk|Protosynthesis|[silent]
|switch|p1a: Slowking|Slowking-Galar, F|100/100
|move|p2a: Corviknight|Roost|p2a: Corviknight
|-heal|p2a: Corviknight|90/100
|-singleturn|p2a: Corviknight|move: Roost
|
|-end|p1a: Slowking|move: Future Sight
|-damage|p1a: Slowking|74/100
|upkeep
|turn|6
|
|t:|1758320576
|move|p2a: Corviknight|U-turn|p1a: Slowking
|-crit|p1a: Slowking
|-damage|p1a: Slowking|53/100
|
|t:|1758320580
|switch|p2a: Slowking|Slowking-Galar, F|100/100|[from] U-turn
|-prepare|p1a: Slowking|Chilly Reception|[premajor]
|move|p1a: Slowking|Chilly Reception|p1a: Slowking
|-weather|Snowscape
|
|t:|1758320586
|switch|p1a: Gallade|Gallade, M, shiny|84/100|[from] Chilly Reception
|
|-weather|Snowscape|[upkeep]
|upkeep
|turn|7
|
|t:|1758320592
|switch|p2a: Corviknight|Corviknight, F|90/100
|move|p1a: Gallade|Knock Off|p2a: Corviknight
|-damage|p2a: Corviknight|60/100
|-damage|p1a: Gallade|67/100|[from] item: Rocky Helmet|[of] p2a: Corviknight
|-enditem|p2a: Corviknight|Rocky Helmet|[from] move: Knock Off|[of] p1a: Gallade
|
|-weather|Snowscape|[upkeep]
|upkeep
|turn|8
|
|t:|1758320602
|switch|p1a: Electrode|Electrode-Hisui, shiny|100/100
|move|p2a: Corviknight|Roost|p2a: Corviknight
|-heal|p2a: Corviknight|100/100
|-singleturn|p2a: Corviknight|move: Roost
|
|-weather|Snowscape|[upkeep]
|upkeep
|turn|9
|
|t:|1758320613
|switch|p2a: Slowking|Slowking-Galar, F|100/100
|move|p1a: Electrode|Volt Switch|p2a: Slowking
|-damage|p2a: Slowking|79/100
|
|t:|1758320621
|switch|p1a: Gallade|Gallade, M, shiny|67/100|[from] Volt Switch
|
|-weather|Snowscape|[upkeep]
|upkeep
|turn|10
|
|t:|1758320628
|move|p1a: Gallade|Sacred Sword|p2a: Slowking
|-resisted|p2a: Slowking
|-damage|p2a: Slowking|53/100
|-prepare|p2a: Slowking|Chilly Reception|[premajor]
|move|p2a: Slowking|Chilly Reception|p2a: Slowking
|
|t:|1758320641
|switch|p2a: Ogerpon|Ogerpon-Wellspring, F|100/100|[from] Chilly Reception
|
|-weather|none
|upkeep
|turn|11
|
|t:|1758320648
|switch|p1a: Landorus|Landorus-Therian, M|100/100
|-ability|p1a: Landorus|Intimidate|boost
|-unboost|p2a: Ogerpon|atk|1
|move|p2a: Ogerpon|Ivy Cudgel|p1a: Landorus|[anim] Ivy Cudgel Water
|-supereffective|p1a: Landorus
|-damage|p1a: Landorus|48/100
|
|upkeep
|turn|12
|
|t:|1758320658
|switch|p1a: Alomomola|Alomomola, M, shiny|100/100
|move|p2a: Ogerpon|Ivy Cudgel|p1a: Alomomola|[anim] Ivy Cudgel Water
|-resisted|p1a: Alomomola
|-damage|p1a: Alomomola|90/100
|
|upkeep
|turn|13
|
|t:|1758320665
|move|p2a: Ogerpon|Knock Off|p1a: Alomomola
|-crit|p1a: Alomomola
|-damage|p1a: Alomomola|61/100
|-enditem|p1a: Alomomola|Heavy-Duty Boots|[from] move: Knock Off|[of] p2a: Ogerpon
|move|p1a: Alomomola|Body Slam|p2a: Ogerpon
|-damage|p2a: Ogerpon|80/100
|
|upkeep
|turn|14
|
|t:|1758320676
|switch|p2a: Corviknight|Corviknight, F|100/100
|move|p1a: Alomomola|Body Slam|p2a: Corviknight
|-resisted|p2a: Corviknight
|-damage|p2a: Corviknight|95/100
|
|upkeep
|turn|15
|
|t:|1758320684
|move|p2a: Corviknight|U-turn|p1a: Alomomola
|-crit|p1a: Alomomola
|-damage|p1a: Alomomola|50/100
|
|t:|1758320686
|switch|p2a: Ogerpon|Ogerpon-Wellspring, F|80/100|[from] U-turn
|move|p1a: Alomomola|Wish|p1a: Alomomola
|
|upkeep
|turn|16
|
|t:|1758320693
|switch|p1a: Landorus|Landorus-Therian, M|48/100
|-ability|p1a: Landorus|Intimidate|boost
|-unboost|p2a: Ogerpon|atk|1
|move|p2a: Ogerpon|Power Whip|p1a: Landorus
|-damage|p1a: Landorus|15/100
|-damage|p2a: Ogerpon|63/100|[from] item: Rocky Helmet|[of] p1a: Landorus
|
|-heal|p1a: Landorus|87/100|[from] move: Wish|[wisher] Alomomola
|upkeep
|turn|17
|
|t:|1758320706
|switch|p2a: Corviknight|Corviknight, F|95/100
|move|p1a: Landorus|Stealth Rock|p2a: Corviknight
|-sidestart|p2: geobamsket|move: Stealth Rock
|
|upkeep
|turn|18
|
|t:|1758320712
|move|p1a: Landorus|Taunt|p2a: Corviknight
|-start|p2a: Corviknight|move: Taunt
|cant|p2a: Corviknight|move: Taunt|Defog
|
|upkeep
|turn|19
|
|t:|1758320722
|move|p1a: Landorus|Stealth Rock||[still]
|-fail|p1a: Landorus
|move|p2a: Corviknight|U-turn|p1a: Landorus
|-resisted|p1a: Landorus
|-damage|p1a: Landorus|82/100
|-damage|p2a: Corviknight|79/100|[from] item: Rocky Helmet|[of] p1a: Landorus
|
|t:|1758320728
|switch|p2a: Darkrai|Darkrai|100/100|[from] U-turn
|-damage|p2a: Darkrai|88/100|[from] Stealth Rock
|
|upkeep
|turn|20
|
|t:|1758320737
|switch|p1a: Slowking|Slowking-Galar, F|86/100
|move|p2a: Darkrai|Dark Pulse|p1a: Slowking
|-supereffective|p1a: Slowking
|-damage|p1a: Slowking|16/100
|
|upkeep
|turn|21
|
|t:|1758320744
|switch|p1a: Great Tusk|Great Tusk|100/100
|move|p2a: Darkrai|Dark Pulse|p1a: Great Tusk
|-resisted|p1a: Great Tusk
|-damage|p1a: Great Tusk|49/100
|
|upkeep
|turn|22
|
|t:|1758320752
|move|p2a: Darkrai|Dark Pulse|p1a: Great Tusk
|-resisted|p1a: Great Tusk
|-damage|p1a: Great Tusk|5/100
|move|p1a: Great Tusk|Headlong Rush|p2a: Darkrai
|-damage|p2a: Darkrai|0 fnt
|-unboost|p1a: Great Tusk|def|1
|-unboost|p1a: Great Tusk|spd|1
|faint|p2a: Darkrai
|
|upkeep
|
|t:|1758320762
|switch|p2a: Ogerpon|Ogerpon-Wellspring, F|63/100
|-damage|p2a: Ogerpon|51/100|[from] Stealth Rock
|turn|23
|
|t:|1758320772
|-end|p1a: Great Tusk|Protosynthesis|[silent]
|switch|p1a: Alomomola|Alomomola, M, shiny|84/100
|move|p2a: Ogerpon|Ivy Cudgel|p1a: Alomomola|[anim] Ivy Cudgel Water
|-resisted|p1a: Alomomola
|-damage|p1a: Alomomola|67/100
|
|upkeep
|turn|24
|
|t:|1758320780
|switch|p1a: Landorus|Landorus-Therian, M|82/100
|-ability|p1a: Landorus|Intimidate|boost
|-unboost|p2a: Ogerpon|atk|1
|move|p2a: Ogerpon|Power Whip|p1a: Landorus
|-damage|p1a: Landorus|48/100
|-damage|p2a: Ogerpon|34/100|[from] item: Rocky Helmet|[of] p1a: Landorus
|
|upkeep
|turn|25
|
|t:|1758320792
|switch|p1a: Electrode|Electrode-Hisui, shiny|100/100
|move|p2a: Ogerpon|Power Whip|p1a: Electrode|[miss]
|-miss|p2a: Ogerpon|p1a: Electrode
|
|upkeep
|turn|26
|
|t:|1758320799
|switch|p2a: Slowking|Slowking-Galar, F|86/100
|move|p1a: Electrode|Volt Switch|p2a: Slowking
|-damage|p2a: Slowking|63/100
|
|t:|1758320805
|switch|p1a: Gallade|Gallade, M, shiny|67/100|[from] Volt Switch
|
|upkeep
|turn|27
|
|t:|1758320822
|switch|p2a: Ogerpon|Ogerpon-Wellspring, F|34/100
|-damage|p2a: Ogerpon|22/100|[from] Stealth Rock
|move|p1a: Gallade|Sacred Sword|p2a: Ogerpon
|-damage|p2a: Ogerpon|0 fnt
|faint|p2a: Ogerpon
|
|upkeep
|inactive|geobamsket has 120 seconds left.
|
|t:|1758320843
|switch|p2a: Corviknight|Corviknight, F|79/100
|-damage|p2a: Corviknight|67/100|[from] Stealth Rock
|turn|28
|
|t:|1758320847
|move|p1a: Gallade|Sacred Sword|p2a: Corviknight
|-damage|p2a: Corviknight|4/100
|move|p2a: Corviknight|Brave Bird|p1a: Gallade
|-supereffective|p1a: Gallade
|-damage|p1a: Gallade|0 fnt
|faint|p1a: Gallade
|-damage|p2a: Corviknight|0 fnt|[from] Recoil
|faint|p2a: Corviknight
|
|upkeep
|
|t:|1758320862
|switch|p1a: Slowking|Slowking-Galar, F|49/100
|switch|p2a: Heatran|Heatran, M|100/100
|-damage|p2a: Heatran|88/100|[from] Stealth Rock
|-item|p2a: Heatran|Air Balloon
|turn|29
|
|t:|1758320872
|switch|p1a: Alomomola|Alomomola, M, shiny|99/100
|move|p2a: Heatran|Magma Storm|p1a: Alomomola
|-resisted|p1a: Alomomola
|-damage|p1a: Alomomola|71/100
|-activate|p1a: Alomomola|move: Magma Storm|[of] p2a: Heatran
|
|-damage|p1a: Alomomola|59/100|[from] move: Magma Storm|[partiallytrapped]
|upkeep
|turn|30
|
|t:|1758320881
|move|p2a: Heatran|Stealth Rock|p1a: Alomomola
|-sidestart|p1: GFYSYDAR|move: Stealth Rock
|move|p1a: Alomomola|Flip Turn|p2a: Heatran
|-supereffective|p2a: Heatran
|-damage|p2a: Heatran|57/100
|-enditem|p2a: Heatran|Air Balloon
|
|t:|1758320889
|switch|p1a: Great Tusk|Great Tusk|5/100|[from] Flip Turn
|
|upkeep
|turn|31
|
|t:|1758320901
|move|p1a: Great Tusk|Headlong Rush|p2a: Heatran
|-supereffective|p2a: Heatran
|-damage|p2a: Heatran|0 fnt
|-unboost|p1a: Great Tusk|def|1
|-unboost|p1a: Great Tusk|spd|1
|faint|p2a: Heatran
|
|upkeep
|
|t:|1758320907
|switch|p2a: Zamazenta|Zamazenta|100/100
|-damage|p2a: Zamazenta|94/100|[from] Stealth Rock
|-ability|p2a: Zamazenta|Dauntless Shield|boost
|-boost|p2a: Zamazenta|def|1
|turn|32
|
|t:|1758320915
|-end|p1a: Great Tusk|Protosynthesis|[silent]
|switch|p1a: Slowking|Slowking-Galar, F|83/100
|move|p2a: Zamazenta|Iron Defense|p2a: Zamazenta
|-boost|p2a: Zamazenta|def|2
|
|-heal|p2a: Zamazenta|100/100|[from] item: Leftovers
|upkeep
|turn|33
|
|t:|1758320923
|-terastallize|p2a: Zamazenta|Steel
|move|p2a: Zamazenta|Substitute|p2a: Zamazenta
|-start|p2a: Zamazenta|Substitute
|-damage|p2a: Zamazenta|76/100
|move|p1a: Slowking|Future Sight|p2a: Zamazenta
|-start|p1a: Slowking|move: Future Sight
|
|-heal|p2a: Zamazenta|82/100|[from] item: Leftovers
|upkeep
|turn|34
|
|t:|1758320932
|move|p2a: Zamazenta|Crunch|p1a: Slowking
|-supereffective|p1a: Slowking
|-damage|p1a: Slowking|35/100
|-prepare|p1a: Slowking|Chilly Reception|[premajor]
|move|p1a: Slowking|Chilly Reception|p1a: Slowking
|-weather|Snowscape
|
|t:|1758320942
|switch|p1a: Electrode|Electrode-Hisui, shiny|100/100|[from] Chilly Reception
|-damage|p1a: Electrode|88/100|[from] Stealth Rock
|
|-weather|Snowscape|[upkeep]
|-heal|p2a: Zamazenta|88/100|[from] item: Leftovers
|upkeep
|turn|35
|
|t:|1758320950
|move|p1a: Electrode|Volt Switch|p2a: Zamazenta
|-end|p2a: Zamazenta|Substitute
|
|t:|1758320953
|switch|p1a: Landorus|Landorus-Therian, M|48/100|[from] Volt Switch
|-damage|p1a: Landorus|36/100|[from] Stealth Rock
|-ability|p1a: Landorus|Intimidate|boost
|-unboost|p2a: Zamazenta|atk|1
|move|p2a: Zamazenta|Body Press|p1a: Landorus
|-resisted|p1a: Landorus
|-damage|p1a: Landorus|9/100
|-damage|p2a: Zamazenta|72/100|[from] item: Rocky Helmet|[of] p1a: Landorus
|
|-weather|Snowscape|[upkeep]
|-end|p2a: Zamazenta|move: Future Sight
|-resisted|p2a: Zamazenta
|-damage|p2a: Zamazenta|55/100
|-heal|p2a: Zamazenta|61/100|[from] item: Leftovers
|upkeep
|turn|36
|
|t:|1758320969
|move|p2a: Zamazenta|Crunch|p1a: Landorus
|-damage|p1a: Landorus|0 fnt
|-damage|p2a: Zamazenta|45/100|[from] item: Rocky Helmet|[of] p1a: Landorus
|faint|p1a: Landorus
|
|-weather|Snowscape|[upkeep]
|-heal|p2a: Zamazenta|51/100|[from] item: Leftovers
|upkeep
|
|t:|1758320979
|switch|p1a: Electrode|Electrode-Hisui, shiny|88/100
|-damage|p1a: Electrode|76/100|[from] Stealth Rock
|turn|37
|
|t:|1758320990
|move|p1a: Electrode|Volt Switch|p2a: Zamazenta
|-damage|p2a: Zamazenta|21/100
|
|t:|1758320995
|switch|p1a: Alomomola|Alomomola, M, shiny|92/100|[from] Volt Switch
|-damage|p1a: Alomomola|80/100|[from] Stealth Rock
|move|p2a: Zamazenta|Body Press|p1a: Alomomola
|-damage|p1a: Alomomola|39/100
|
|-weather|Snowscape|[upkeep]
|-heal|p2a: Zamazenta|27/100|[from] item: Leftovers
|upkeep
|turn|38
|
|t:|1758321006
|switch|p1a: Slowking|Slowking-Galar, F|68/100
|move|p2a: Zamazenta|Body Press|p1a: Slowking
|-resisted|p1a: Slowking
|-damage|p1a: Slowking|48/100
|
|-weather|none
|-heal|p2a: Zamazenta|33/100|[from] item: Leftovers
|upkeep
|turn|39
|
|t:|1758321017
|move|p2a: Zamazenta|Substitute|p2a: Zamazenta
|-start|p2a: Zamazenta|Substitute
|-damage|p2a: Zamazenta|9/100
|-prepare|p1a: Slowking|Chilly Reception|[premajor]
|move|p1a: Slowking|Chilly Reception|p1a: Slowking
|-weather|Snowscape
|
|t:|1758321023
|switch|p1a: Electrode|Electrode-Hisui, shiny|76/100|[from] Chilly Reception
|-damage|p1a: Electrode|64/100|[from] Stealth Rock
|
|-weather|Snowscape|[upkeep]
|-heal|p2a: Zamazenta|15/100|[from] item: Leftovers
|upkeep
|turn|40
|
|t:|1758321040
|move|p1a: Electrode|Volt Switch|p2a: Zamazenta
|-end|p2a: Zamazenta|Substitute
|
|t:|1758321045
|switch|p1a: Slowking|Slowking-Galar, F|81/100|[from] Volt Switch
|move|p2a: Zamazenta|Body Press|p1a: Slowking
|-resisted|p1a: Slowking
|-damage|p1a: Slowking|62/100
|
|-weather|Snowscape|[upkeep]
|-heal|p2a: Zamazenta|21/100|[from] item: Leftovers
|upkeep
|turn|41
|
|t:|1758321056
|move|p2a: Zamazenta|Crunch|p1a: Slowking
|-supereffective|p1a: Slowking
|-damage|p1a: Slowking|32/100
|-prepare|p1a: Slowking|Chilly Reception|[premajor]
|move|p1a: Slowking|Chilly Reception|p1a: Slowking
|c|☆GFYSYDAR|Gg
|
|t:|1758321065
|switch|p1a: Electrode|Electrode-Hisui, shiny|64/100|[from] Chilly Reception
|-damage|p1a: Electrode|52/100|[from] Stealth Rock
|
|-weather|Snowscape|[upkeep]
|-heal|p2a: Zamazenta|27/100|[from] item: Leftovers
|upkeep
|turn|42
|
|t:|1758321077
|switch|p2a: Slowking|Slowking-Galar, F|96/100
|move|p1a: Electrode|Volt Switch|p2a: Slowking
|-damage|p2a: Slowking|71/100
|
|t:|1758321083
|switch|p1a: Great Tusk|Great Tusk|5/100|[from] Volt Switch
|
|-weather|Snowscape|[upkeep]
|upkeep
|turn|43
|
|t:|1758321090
|move|p1a: Great Tusk|Headlong Rush|p2a: Slowking
|-supereffective|p2a: Slowking
|-damage|p2a: Slowking|0 fnt
|-unboost|p1a: Great Tusk|def|1
|-unboost|p1a: Great Tusk|spd|1
|faint|p2a: Slowking
|
|-weather|none
|upkeep
|c|☆geobamsket|gg
|-message|geobamsket forfeited.
|
|win|GFYSYDAR
|raw|GFYSYDAR's rating: 1390 &rarr; <strong>1407</strong><br />(+17 for winning)
|raw|geobamsket's rating: 1339 &rarr; <strong>1322</strong><br />(-17 for losing)
|l|☆geobamsket
|player|p2|
