|j|☆PoemOfBragi
|j|☆CFMathMaster
|t:|1758303223
|gametype|singles
|player|p1|PoemOfBragi|102|1346
|player|p2|CFMathMaster|pilot|1346
|gen|9
|tier|[Gen 9] OU
|rated|
|rule|HP Percentage Mod: HP is shown in percentages
|rule|Endless Battle Clause: Forcing endless battles is banned
|rule|Species Clause: Limit one of each Pokémon
|rule|OHKO Clause: OHKO moves are banned
|rule|Evasion Items Clause: Evasion items are banned
|rule|Evasion Moves Clause: Evasion moves are banned
|rule|Evasion Abilities Clause: Evasion abilities are banned
|rule|Sleep Moves Clause: Sleep-inducing moves are banned
|clearpoke
|poke|p1|Torkoal, F|
|poke|p1|Trevenant, M|
|poke|p1|Walking Wake|
|poke|p1|Raging Bolt|
|poke|p1|Great Tusk|
|poke|p1|Venusaur, F|
|poke|p2|Tinkaton, F|
|poke|p2|Samurott-Hisui, F|
|poke|p2|Gholdengo|
|poke|p2|Scizor, F|
|poke|p2|Dragonite, M|
|poke|p2|Iron Valiant|
|teampreview
|inactive|Battle timer is ON: inactive players will automatically lose when time's up. (requested by PoemOfBragi)
|
|t:|1758303230
|teamsize|p1|6
|teamsize|p2|6
|start
|switch|p1a: Torkoal|Torkoal, F|100/100
|switch|p2a: Samurott|Samurott-Hisui, F|100/100
|-weather|SunnyDay|[from] ability: Drought|[of] p1a: Torkoal
|turn|1
|
|t:|1758303233
|move|p2a: Samurott|Ceaseless Edge|p1a: Torkoal
|-damage|p1a: Torkoal|77/100
|-sidestart|p1: PoemOfBragi|Spikes
|move|p1a: Torkoal|Will-O-Wisp|p2a: Samurott
|-status|p2a: Samurott|brn
|
|-weather|SunnyDay|[upkeep]
|-damage|p2a: Samurott|94/100 brn|[from] brn
|upkeep
|turn|2
|
|t:|1758303239
|switch|p1a: Great Tusk|Great Tusk|100/100
|-activate|p1a: Great Tusk|ability: Protosynthesis
|-start|p1a: Great Tusk|protosynthesisatk
|move|p2a: Samurott|Ceaseless Edge|p1a: Great Tusk
|-resisted|p1a: Great Tusk
|-damage|p1a: Great Tusk|92/100
|-sidestart|p1: PoemOfBragi|Spikes
|
|-weather|SunnyDay|[upkeep]
|-damage|p2a: Samurott|88/100 brn|[from] brn
|upkeep
|turn|3
|
|t:|1758303257
|switch|p2a: Gholdengo|Gholdengo|100/100
|-item|p2a: Gholdengo|Air Balloon
|move|p1a: Great Tusk|Rapid Spin|p2a: Gholdengo
|-immune|p2a: Gholdengo
|
|-weather|SunnyDay|[upkeep]
|upkeep
|turn|4
|
|t:|1758303275
|-terastallize|p2a: Gholdengo|Fairy
|move|p1a: Great Tusk|Ice Spinner|p2a: Gholdengo
|-damage|p2a: Gholdengo|60/100
|-enditem|p2a: Gholdengo|Air Balloon
|move|p2a: Gholdengo|Dazzling Gleam|p1a: Great Tusk
|-supereffective|p1a: Great Tusk
|-damage|p1a: Great Tusk|0 fnt
|faint|p1a: Great Tusk
|-end|p1a: Great Tusk|Protosynthesis|[silent]
|
|-weather|SunnyDay|[upkeep]
|upkeep
|
|t:|1758303290
|switch|p1a: Venusaur|Venusaur, F|100/100
|-damage|p1a: Venusaur|84/100|[from] Spikes
|turn|5
|
|t:|1758303295
|move|p1a: Venusaur|Growth|p1a: Venusaur
|-boost|p1a: Venusaur|atk|2
|-boost|p1a: Venusaur|spa|2
|move|p2a: Gholdengo|Make It Rain|p1a: Venusaur
|-damage|p1a: Venusaur|13/100
|-unboost|p2a: Gholdengo|spa|1
|
|-weather|SunnyDay|[upkeep]
|upkeep
|turn|6
|
|t:|1758303310
|move|p1a: Venusaur|Giga Drain|p2a: Gholdengo
|-damage|p2a: Gholdengo|0 fnt
|-heal|p1a: Venusaur|45/100|[from] drain|[of] p2a: Gholdengo
|faint|p2a: Gholdengo
|-damage|p1a: Venusaur|35/100|[from] item: Life Orb
|
|-weather|SunnyDay|[upkeep]
|upkeep
|
|t:|1758303319
|switch|p2a: Dragonite|Dragonite, M|100/100
|turn|7
|
|t:|1758303339
|move|p1a: Venusaur|Sludge Bomb|p2a: Dragonite
|-damage|p2a: Dragonite|48/100
|-status|p2a: Dragonite|psn
|-damage|p1a: Venusaur|25/100|[from] item: Life Orb
|move|p2a: Dragonite|Dragon Dance|p2a: Dragonite
|-boost|p2a: Dragonite|atk|1
|-boost|p2a: Dragonite|spe|1
|
|-weather|SunnyDay|[upkeep]
|-damage|p2a: Dragonite|35/100 psn|[from] psn
|upkeep
|turn|8
|
|t:|1758303344
|move|p2a: Dragonite|Extreme Speed|p1a: Venusaur
|-damage|p1a: Venusaur|0 fnt
|faint|p1a: Venusaur
|
|-weather|none
|-damage|p2a: Dragonite|23/100 psn|[from] psn
|upkeep
|
|t:|1758303346
|switch|p1a: Torkoal|Torkoal, F|77/100
|-damage|p1a: Torkoal|61/100|[from] Spikes
|-weather|SunnyDay|[from] ability: Drought|[of] p1a: Torkoal
|turn|9
|
|t:|1758303350
|move|p2a: Dragonite|Earthquake|p1a: Torkoal
|-supereffective|p1a: Torkoal
|-damage|p1a: Torkoal|0 fnt
|faint|p1a: Torkoal
|
|-weather|SunnyDay|[upkeep]
|-damage|p2a: Dragonite|11/100 psn|[from] psn
|upkeep
|
|t:|1758303354
|switch|p1a: Trevenant|Trevenant, M|100/100
|-damage|p1a: Trevenant|84/100|[from] Spikes
|turn|10
|
|t:|1758303361
|move|p2a: Dragonite|Ice Spinner|p1a: Trevenant
|-supereffective|p1a: Trevenant
|-damage|p1a: Trevenant|0 fnt
|faint|p1a: Trevenant
|
|-weather|SunnyDay|[upkeep]
|-damage|p2a: Dragonite|0 fnt|[from] psn
|faint|p2a: Dragonite
|upkeep
|
|t:|1758303375
|switch|p2a: Samurott|Samurott-Hisui, F|88/100 brn
|switch|p1a: Walking Wake|Walking Wake|100/100
|-damage|p1a: Walking Wake|84/100|[from] Spikes
|-activate|p1a: Walking Wake|ability: Protosynthesis
|-start|p1a: Walking Wake|protosynthesisspe
|turn|11
|inactive|PoemOfBragi has 120 seconds left.
|
|t:|1758303421
|switch|p2a: Scizor|Scizor, F|100/100
|move|p1a: Walking Wake|Hydro Steam|p2a: Scizor
|-damage|p2a: Scizor|0 fnt
|faint|p2a: Scizor
|
|-weather|SunnyDay|[upkeep]
|upkeep
|
|t:|1758303429
|switch|p2a: Samurott|Samurott-Hisui, F|88/100 brn
|turn|12
|
|t:|1758303445
|move|p1a: Walking Wake|Hydro Steam|p2a: Samurott
|-resisted|p2a: Samurott
|-damage|p2a: Samurott|25/100 brn
|move|p2a: Samurott|Ceaseless Edge|p1a: Walking Wake
|-damage|p1a: Walking Wake|58/100
|-sidestart|p1: PoemOfBragi|Spikes
|
|-weather|SunnyDay|[upkeep]
|-damage|p2a: Samurott|19/100 brn|[from] brn
|upkeep
|turn|13
|
|t:|1758303456
|move|p1a: Walking Wake|Hydro Steam|p2a: Samurott
|-resisted|p2a: Samurott
|-damage|p2a: Samurott|0 fnt
|faint|p2a: Samurott
|
|-weather|SunnyDay|[upkeep]
|upkeep
|
|t:|1758303464
|switch|p2a: Tinkaton|Tinkaton, F|100/100
|-item|p2a: Tinkaton|Air Balloon
|turn|14
|
|t:|1758303467
|move|p1a: Walking Wake|Hydro Steam|p2a: Tinkaton
|-damage|p2a: Tinkaton|23/100
|-enditem|p2a: Tinkaton|Air Balloon
|move|p2a: Tinkaton|Thunder Wave|p1a: Walking Wake|[miss]
|-miss|p2a: Tinkaton|p1a: Walking Wake
|
|-weather|SunnyDay|[upkeep]
|upkeep
|turn|15
|
|t:|1758303482
|move|p1a: Walking Wake|Hydro Steam|p2a: Tinkaton
|-damage|p2a: Tinkaton|0 fnt
|faint|p2a: Tinkaton
|
|-weather|SunnyDay|[upkeep]
|upkeep
|
|t:|1758303484
|switch|p2a: Iron Valiant|Iron Valiant|100/100
|turn|16
|
|t:|1758303490
|move|p1a: Walking Wake|Hydro Steam|p2a: Iron Valiant
|-damage|p2a: Iron Valiant|0 fnt
|faint|p2a: Iron Valiant
|-end|p2a: Iron Valiant|Quark Drive|[silent]
|
|win|PoemOfBragi
|raw|PoemOfBragi's rating: 1346 &rarr; <strong>1366</strong><br />(+20 for winning)
|raw|CFMathMaster's rating: 1346 &rarr; <strong>1326</strong><br />(-20 for losing)
|l|☆PoemOfBragi
|player|p1|
|l|☆CFMathMaster
|player|p2|
