|j|☆RapidFireScarf
|j|☆kwas1k
|inactive|Battle timer is ON: inactive players will automatically lose when time's up.
|t:|1758358799
|gametype|singles
|player|p1|RapidFireScarf|volkner-masters|
|player|p2|kwas1k|ethan|
|gen|9
|tier|[Gen 9] OU
|rated|Tournament battle
|rule|HP Percentage Mod: HP is shown in percentages
|rule|Endless Battle Clause: Forcing endless battles is banned
|rule|Species Clause: Limit one of each Pokémon
|rule|OHKO Clause: OHKO moves are banned
|rule|Evasion Items Clause: Evasion items are banned
|rule|Evasion Moves Clause: Evasion moves are banned
|rule|Evasion Abilities Clause: Evasion abilities are banned
|rule|Sleep Moves Clause: Sleep-inducing moves are banned
|clearpoke
|poke|p1|Kingambit, F|
|poke|p1|Deoxys-Speed|
|poke|p1|Great Tusk|
|poke|p1|Dragonite, F|
|poke|p1|Iron Moth|
|poke|p1|Primarina, F|
|poke|p2|Weavile, F|
|poke|p2|Araquanid, F|
|poke|p2|Raging Bolt|
|poke|p2|Great Tusk|
|poke|p2|Skeledirge, M|
|poke|p2|Pecharunt|
|teampreview
|j|*Lady Monita ☀
|
|t:|1758358821
|teamsize|p1|6
|teamsize|p2|6
|start
|switch|p1a: Moebius|Deoxys-Speed|100/100
|switch|p2a: Greet Tusk|Great Tusk|100/100
|-ability|p1a: Moebius|Pressure
|turn|1
|
|t:|1758358832
|-terastallize|p2a: Greet Tusk|Steel
|move|p1a: Moebius|Nasty Plot|p1a: Moebius
|-boost|p1a: Moebius|spa|2
|move|p2a: Greet Tusk|Headlong Rush|p1a: Moebius
|-damage|p1a: Moebius|0 fnt
|-unboost|p2a: Greet Tusk|def|1
|-unboost|p2a: Greet Tusk|spd|1
|faint|p1a: Moebius
|
|upkeep
|c|☆kwas1k|XD
|
|t:|1758358841
|switch|p1a: Anomaly|Great Tusk|100/100
|-enditem|p1a: Anomaly|Booster Energy
|-activate|p1a: Anomaly|ability: Protosynthesis|[fromitem]
|-start|p1a: Anomaly|protosynthesisatk
|turn|2
|
|t:|1758358847
|-end|p2a: Greet Tusk|Protosynthesis|[silent]
|switch|p2a: Araquanid|Araquanid, F|100/100
|move|p1a: Anomaly|Headlong Rush|p2a: Araquanid
|-resisted|p2a: Araquanid
|-damage|p2a: Araquanid|60/100
|-unboost|p1a: Anomaly|def|1
|-unboost|p1a: Anomaly|spd|1
|
|upkeep
|turn|3
|c|☆RapidFireScarf|I shouldve killed it
|inactive|RapidFireScarf has 120 seconds left.
|
|t:|1758358877
|move|p1a: Anomaly|Headlong Rush|p2a: Araquanid
|-resisted|p2a: Araquanid
|-damage|p2a: Araquanid|20/100
|-unboost|p1a: Anomaly|def|1
|-unboost|p1a: Anomaly|spd|1
|move|p2a: Araquanid|Substitute|p2a: Araquanid
|-fail|p2a: Araquanid|move: Substitute|[weak]
|
|upkeep
|turn|4
|
|t:|1758358896
|move|p1a: Anomaly|Headlong Rush|p2a: Araquanid
|-resisted|p2a: Araquanid
|-damage|p2a: Araquanid|0 fnt
|-unboost|p1a: Anomaly|def|1
|-unboost|p1a: Anomaly|spd|1
|faint|p2a: Araquanid
|
|upkeep
|c|☆kwas1k|i can say the same now
|inactive|kwas1k has 120 seconds left.
|
|t:|1758358922
|switch|p2a: Weagile|Weavile, F|100/100
|-ability|p2a: Weagile|Pressure
|turn|5
|inactive|kwas1k has 120 seconds left.
|
|t:|1758358931
|-terastallize|p1a: Anomaly|Steel
|move|p2a: Weagile|Ice Spinner|p1a: Anomaly
|-resisted|p1a: Anomaly
|-damage|p1a: Anomaly|42/100
|move|p1a: Anomaly|Close Combat|p2a: Weagile
|-supereffective|p2a: Weagile
|-damage|p2a: Weagile|0 fnt
|-unboost|p1a: Anomaly|def|1
|-unboost|p1a: Anomaly|spd|1
|faint|p2a: Weagile
|
|upkeep
|inactive|kwas1k has 120 seconds left.
|
|t:|1758358937
|switch|p2a: Skeldurge|Skeledirge, M|100/100
|turn|6
|
|t:|1758358943
|move|p1a: Anomaly|Headlong Rush|p2a: Skeldurge
|-supereffective|p2a: Skeldurge
|-damage|p2a: Skeldurge|0 fnt
|-unboost|p1a: Anomaly|def|1
|-unboost|p1a: Anomaly|spd|1
|faint|p2a: Skeldurge
|
|upkeep
|inactive|kwas1k has 120 seconds left.
|
|t:|1758358954
|switch|p2a: aging Bolt|Raging Bolt|100/100
|-enditem|p2a: aging Bolt|Booster Energy
|-activate|p2a: aging Bolt|ability: Protosynthesis|[fromitem]
|-start|p2a: aging Bolt|protosynthesisspa
|turn|7
|
|t:|1758358958
|move|p2a: aging Bolt|Thunderclap|p1a: Anomaly
|-damage|p1a: Anomaly|0 fnt
|faint|p1a: Anomaly
|-end|p1a: Anomaly|Protosynthesis|[silent]
|
|upkeep
|j| Albrtix
|
|t:|1758358966
|switch|p1a: Yoshi|Dragonite, F, shiny|100/100
|turn|8
|
|t:|1758358971
|move|p1a: Yoshi|Outrage|p2a: aging Bolt
|-supereffective|p2a: aging Bolt
|-damage|p2a: aging Bolt|0 fnt
|faint|p2a: aging Bolt
|-end|p2a: aging Bolt|Protosynthesis|[silent]
|
|upkeep
|
|t:|1758358976
|switch|p2a: Perchurant|Pecharunt|100/100
|turn|9
|
|t:|1758358983
|move|p1a: Yoshi|Outrage|p2a: Perchurant|[from] lockedmove
|-damage|p2a: Perchurant|39/100
|-damage|p1a: Yoshi|84/100|[from] item: Rocky Helmet|[of] p2a: Perchurant
|move|p2a: Perchurant|Parting Shot|p1a: Yoshi
|-unboost|p1a: Yoshi|atk|1
|-unboost|p1a: Yoshi|spa|1
|
|t:|1758358990
|switch|p2a: Greet Tusk|Great Tusk, tera:Steel|100/100|[from] Parting Shot
|
|upkeep
|turn|10
|
|t:|1758358993
|move|p1a: Yoshi|Outrage|p2a: Greet Tusk|[from] lockedmove
|-resisted|p2a: Greet Tusk
|-damage|p2a: Greet Tusk|80/100
|-start|p1a: Yoshi|confusion|[fatigue]
|move|p2a: Greet Tusk|Rapid Spin|p1a: Yoshi
|-damage|p1a: Yoshi|65/100
|-boost|p2a: Greet Tusk|spe|1
|
|upkeep
|turn|11
|
|t:|1758359004
|switch|p1a: Siren|Primarina, F|100/100
|move|p2a: Greet Tusk|Rapid Spin|p1a: Siren
|-damage|p1a: Siren|75/100
|-boost|p2a: Greet Tusk|spe|1
|
|upkeep
|turn|12
|
|t:|1758359009
|move|p2a: Greet Tusk|Iron Head|p1a: Siren
|-damage|p1a: Siren|10/100
|cant|p1a: Siren|flinch
|
|upkeep
|turn|13
|
|t:|1758359014
|move|p2a: Greet Tusk|Iron Head|p1a: Siren
|-damage|p1a: Siren|0 fnt
|faint|p1a: Siren
|
|upkeep
|
|t:|1758359016
|switch|p1a: Anomаly|Iron Moth|100/100
|-enditem|p1a: Anomаly|Booster Energy
|-activate|p1a: Anomаly|ability: Quark Drive|[fromitem]
|-start|p1a: Anomаly|quarkdrivespe
|turn|14
|
|t:|1758359025
|move|p1a: Anomаly|Fiery Dance|p2a: Greet Tusk
|-supereffective|p2a: Greet Tusk
|-damage|p2a: Greet Tusk|13/100
|-boost|p1a: Anomаly|spa|1
|move|p2a: Greet Tusk|Headlong Rush|p1a: Anomаly
|-supereffective|p1a: Anomаly
|-damage|p1a: Anomаly|0 fnt
|-unboost|p2a: Greet Tusk|def|1
|-unboost|p2a: Greet Tusk|spd|1
|faint|p1a: Anomаly
|-end|p1a: Anomаly|Quark Drive|[silent]
|
|upkeep
|
|t:|1758359030
|switch|p1a: Yoshi|Dragonite, F, shiny|65/100
|turn|15
|
|t:|1758359035
|move|p1a: Yoshi|Extreme Speed|p2a: Greet Tusk
|-resisted|p2a: Greet Tusk
|-damage|p2a: Greet Tusk|0 fnt
|faint|p2a: Greet Tusk
|-end|p2a: Greet Tusk|Protosynthesis|[silent]
|
|upkeep
|
|t:|1758359039
|switch|p2a: Perchurant|Pecharunt|39/100
|turn|16
|c|☆kwas1k|gg i fumbled hard
|
|t:|1758359049
|switch|p1a: Meruem|Kingambit, F|100/100
|-activate|p1a: Meruem|ability: Supreme Overlord
|-start|p1a: Meruem|fallen4|[silent]
|move|p2a: Perchurant|Recover|p2a: Perchurant
|-heal|p2a: Perchurant|89/100
|
|upkeep
|turn|17
|
|t:|1758359056
|move|p2a: Perchurant|Parting Shot|p1a: Meruem
|-unboost|p1a: Meruem|atk|1
|-unboost|p1a: Meruem|spa|1
|move|p1a: Meruem|Swords Dance|p1a: Meruem
|-boost|p1a: Meruem|atk|2
|
|upkeep
|turn|18
|
|t:|1758359062
|move|p2a: Perchurant|Hex|p1a: Meruem
|-resisted|p1a: Meruem
|-damage|p1a: Meruem|86/100
|move|p1a: Meruem|Kowtow Cleave|p2a: Perchurant
|-supereffective|p2a: Perchurant
|-damage|p2a: Perchurant|0 fnt
|-damage|p1a: Meruem|69/100|[from] item: Rocky Helmet|[of] p2a: Perchurant
|faint|p2a: Perchurant
|
|win|RapidFireScarf
|n|☆RapidFireScarf|rapidfirescarf
|n|☆kwas1k|kwas1k
|n|*Lady Monita ☀|ladymonita
|n| Albrtix|albrtix
|l|*Lady Monita ☀
|c|☆RapidFireScarf|Gg
|l|☆RapidFireScarf
|player|p1|
|l|☆kwas1k
|player|p2|
