|j|☆sam bjiku kaiju
|j|☆Dwagone
|inactive|Battle timer is ON: inactive players will automatically lose when time's up.
|t:|1758311135
|gametype|singles
|player|p1|sam bjiku kaiju|101|
|player|p2|Dwagone|lucas-gen4pt|
|gen|9
|tier|[Gen 9] OU
|rated|Tournament battle
|rule|HP Percentage Mod: HP is shown in percentages
|rule|Endless Battle Clause: Forcing endless battles is banned
|rule|Species Clause: Limit one of each Pokémon
|rule|OHKO Clause: OHKO moves are banned
|rule|Evasion Items Clause: Evasion items are banned
|rule|Evasion Moves Clause: Evasion moves are banned
|rule|Evasion Abilities Clause: Evasion abilities are banned
|rule|Sleep Moves Clause: Sleep-inducing moves are banned
|clearpoke
|poke|p1|Latios, M|
|poke|p1|Weezing-Galar, F|
|poke|p1|Alomomola, F|
|poke|p1|Dragonite, F|
|poke|p1|Gholdengo|
|poke|p1|Great Tusk|
|poke|p2|Araquanid, F|
|poke|p2|Gholdengo|
|poke|p2|Iron Treads|
|poke|p2|Raging Bolt|
|poke|p2|Iron Valiant|
|poke|p2|Dragonite, M|
|teampreview
|j|*Lady Monita ☀
|inactive|Dwagone also wants the timer to be on.
|
|t:|1758311138
|teamsize|p1|6
|teamsize|p2|6
|start
|switch|p1a: Weezing|Weezing-Galar, F|100/100
|switch|p2a: Araquanid|Araquanid, F|100/100
|-ability|p1a: Weezing|Neutralizing Gas
|turn|1
|
|t:|1758311140
|move|p1a: Weezing|Will-O-Wisp|p2a: Araquanid|[miss]
|-miss|p1a: Weezing|p2a: Araquanid
|move|p2a: Araquanid|Surf|p1a: Weezing
|-damage|p1a: Weezing|63/100
|
|upkeep
|turn|2
|
|t:|1758311147
|move|p1a: Weezing|Will-O-Wisp|p2a: Araquanid
|-status|p2a: Araquanid|brn
|move|p2a: Araquanid|Surf|p1a: Weezing
|-damage|p1a: Weezing|26/100
|
|-damage|p2a: Araquanid|94/100 brn|[from] brn
|upkeep
|turn|3
|
|t:|1758311153
|move|p1a: Weezing|Pain Split|p2a: Araquanid
|-sethp|p2a: Araquanid|60/100 brn|[from] move: Pain Split|[silent]
|-sethp|p1a: Weezing|61/100|[from] move: Pain Split
|move|p2a: Araquanid|Sticky Web|p1a: Weezing
|-sidestart|p1: sam bjiku kaiju|move: Sticky Web
|
|-damage|p2a: Araquanid|54/100 brn|[from] brn
|upkeep
|turn|4
|
|t:|1758311156
|move|p1a: Weezing|Defog|p2a: Araquanid
|-unboost|p2a: Araquanid|evasion|1
|-sideend|p1: sam bjiku kaiju|Sticky Web|[from] move: Defog|[of] p1a: Weezing
|move|p2a: Araquanid|Surf|p1a: Weezing
|-damage|p1a: Weezing|21/100
|
|-damage|p2a: Araquanid|47/100 brn|[from] brn
|upkeep
|turn|5
|
|t:|1758311162
|-end|p1a: Weezing|ability: Neutralizing Gas
|switch|p1a: Latios|Latios, M|100/100
|-activate|p2a: Araquanid|ability: Water Bubble
|-curestatus|p2a: Araquanid|brn|[msg]
|move|p2a: Araquanid|Sticky Web|p1a: Latios
|-sidestart|p1: sam bjiku kaiju|move: Sticky Web
|
|upkeep
|turn|6
|
|t:|1758311167
|move|p1a: Latios|Draco Meteor|p2a: Araquanid
|-damage|p2a: Araquanid|0 fnt
|-unboost|p1a: Latios|spa|2
|faint|p2a: Araquanid
|
|upkeep
|j| Albrtix
|
|t:|1758311184
|switch|p2a: Gholdengo|Gholdengo|100/100
|-item|p2a: Gholdengo|Air Balloon
|turn|7
|
|t:|1758311190
|switch|p1a: Alomomola|Alomomola, F|100/100
|-activate|p1a: Alomomola|move: Sticky Web
|-unboost|p1a: Alomomola|spe|1
|move|p2a: Gholdengo|Nasty Plot|p2a: Gholdengo
|-boost|p2a: Gholdengo|spa|2
|
|upkeep
|turn|8
|
|t:|1758311195
|move|p2a: Gholdengo|Nasty Plot|p2a: Gholdengo
|-boost|p2a: Gholdengo|spa|2
|move|p1a: Alomomola|Mirror Coat||[still]
|-fail|p1a: Alomomola
|
|upkeep
|turn|9
|
|t:|1758311199
|move|p2a: Gholdengo|Nasty Plot|p2a: Gholdengo
|-boost|p2a: Gholdengo|spa|2
|move|p1a: Alomomola|Flip Turn|p2a: Gholdengo
|-damage|p2a: Gholdengo|83/100
|-enditem|p2a: Gholdengo|Air Balloon
|
|t:|1758311201
|switch|p1a: Great Tusk|Great Tusk|100/100|[from] Flip Turn
|
|upkeep
|turn|10
|
|t:|1758311224
|move|p1a: Great Tusk|Headlong Rush|p2a: Gholdengo
|-supereffective|p2a: Gholdengo
|-damage|p2a: Gholdengo|0 fnt
|-unboost|p1a: Great Tusk|def|1
|-unboost|p1a: Great Tusk|spd|1
|faint|p2a: Gholdengo
|
|upkeep
|
|t:|1758311226
|switch|p2a: Iron Valiant|Iron Valiant|100/100
|-enditem|p2a: Iron Valiant|Booster Energy
|-activate|p2a: Iron Valiant|ability: Quark Drive|[fromitem]
|-start|p2a: Iron Valiant|quarkdrivespa
|turn|11
|
|t:|1758311233
|-end|p1a: Great Tusk|Protosynthesis|[silent]
|switch|p1a: Alomomola|Alomomola, F|100/100
|-activate|p1a: Alomomola|move: Sticky Web
|-unboost|p1a: Alomomola|spe|1
|move|p2a: Iron Valiant|Calm Mind|p2a: Iron Valiant
|-boost|p2a: Iron Valiant|spa|1
|-boost|p2a: Iron Valiant|spd|1
|
|upkeep
|turn|12
|
|t:|1758311238
|move|p2a: Iron Valiant|Moonblast|p1a: Alomomola
|-damage|p1a: Alomomola|55/100
|move|p1a: Alomomola|Body Slam|p2a: Iron Valiant
|-damage|p2a: Iron Valiant|81/100
|
|upkeep
|turn|13
|
|t:|1758311242
|move|p2a: Iron Valiant|Calm Mind|p2a: Iron Valiant
|-boost|p2a: Iron Valiant|spa|1
|-boost|p2a: Iron Valiant|spd|1
|move|p1a: Alomomola|Mirror Coat||[still]
|-fail|p1a: Alomomola
|
|upkeep
|turn|14
|
|t:|1758311247
|switch|p1a: Weezing|Weezing-Galar, F|21/100
|-ability|p1a: Weezing|Neutralizing Gas
|move|p2a: Iron Valiant|Moonblast|p1a: Weezing
|-resisted|p1a: Weezing
|-damage|p1a: Weezing|0 fnt
|faint|p1a: Weezing
|-end|p1a: Weezing|ability: Neutralizing Gas
|
|upkeep
|
|t:|1758311249
|switch|p1a: Alomomola|Alomomola, F|89/100
|-activate|p1a: Alomomola|move: Sticky Web
|-unboost|p1a: Alomomola|spe|1
|turn|15
|
|t:|1758311261
|move|p2a: Iron Valiant|Calm Mind|p2a: Iron Valiant
|-boost|p2a: Iron Valiant|spa|1
|-boost|p2a: Iron Valiant|spd|1
|move|p1a: Alomomola|Body Slam|p2a: Iron Valiant
|-damage|p2a: Iron Valiant|60/100
|
|upkeep
|turn|16
|
|t:|1758311265
|move|p2a: Iron Valiant|Calm Mind|p2a: Iron Valiant
|-boost|p2a: Iron Valiant|spa|1
|-boost|p2a: Iron Valiant|spd|1
|move|p1a: Alomomola|Mirror Coat||[still]
|-fail|p1a: Alomomola
|
|upkeep
|turn|17
|
|t:|1758311268
|move|p2a: Iron Valiant|Moonblast|p1a: Alomomola
|-damage|p1a: Alomomola|0 fnt
|faint|p1a: Alomomola
|
|upkeep
|
|t:|1758311272
|switch|p1a: Dragonite|Dragonite, F|100/100
|turn|18
|
|t:|1758311276
|-terastallize|p1a: Dragonite|Normal
|move|p1a: Dragonite|Extreme Speed|p2a: Iron Valiant
|-damage|p2a: Iron Valiant|0 fnt
|faint|p2a: Iron Valiant
|-end|p2a: Iron Valiant|Quark Drive|[silent]
|
|upkeep
|
|t:|1758311299
|switch|p2a: Dragonite|Dragonite, M|100/100
|turn|19
|
|t:|1758311305
|move|p2a: Dragonite|Scale Shot|p1a: Dragonite
|-damage|p1a: Dragonite|93/100
|-damage|p1a: Dragonite|80/100
|-damage|p1a: Dragonite|67/100
|-damage|p1a: Dragonite|54/100
|-damage|p1a: Dragonite|39/100
|-hitcount|p1a: Dragonite|5
|-unboost|p2a: Dragonite|def|1
|-boost|p2a: Dragonite|spe|1
|move|p1a: Dragonite|Dragon Tail|p2a: Dragonite
|-supereffective|p2a: Dragonite
|-damage|p2a: Dragonite|46/100
|drag|p2a: Iron Treads|Iron Treads|100/100
|-enditem|p2a: Iron Treads|Booster Energy
|-activate|p2a: Iron Treads|ability: Quark Drive|[fromitem]
|-start|p2a: Iron Treads|quarkdriveatk
|
|upkeep
|turn|20
|
|t:|1758311316
|switch|p1a: Great Tusk|Great Tusk|100/100
|move|p2a: Iron Treads|Earthquake|p1a: Great Tusk
|-damage|p1a: Great Tusk|53/100
|
|upkeep
|turn|21
|
|t:|1758311322
|-terastallize|p2a: Iron Treads|Ghost
|move|p2a: Iron Treads|Rapid Spin|p1a: Great Tusk
|-damage|p1a: Great Tusk|37/100
|-boost|p2a: Iron Treads|spe|1
|move|p1a: Great Tusk|Rapid Spin|p2a: Iron Treads
|-immune|p2a: Iron Treads
|
|upkeep
|turn|22
|
|t:|1758311326
|move|p2a: Iron Treads|Earthquake|p1a: Great Tusk
|-damage|p1a: Great Tusk|0 fnt
|faint|p1a: Great Tusk
|-end|p1a: Great Tusk|Protosynthesis|[silent]
|
|upkeep
|
|t:|1758311333
|switch|p1a: Latios|Latios, M|100/100
|turn|23
|
|t:|1758311337
|move|p2a: Iron Treads|Ice Spinner|p1a: Latios
|-supereffective|p1a: Latios
|-damage|p1a: Latios|0 fnt
|faint|p1a: Latios
|
|upkeep
|
|t:|1758311339
|switch|p1a: Gholdengo|Gholdengo|100/100
|-activate|p1a: Gholdengo|move: Sticky Web
|-unboost|p1a: Gholdengo|spe|1
|turn|24
|
|t:|1758311341
|move|p2a: Iron Treads|Earthquake|p1a: Gholdengo
|-supereffective|p1a: Gholdengo
|-damage|p1a: Gholdengo|0 fnt
|faint|p1a: Gholdengo
|
|upkeep
|
|t:|1758311343
|switch|p1a: Dragonite|Dragonite, F, tera:Normal|39/100
|turn|25
|
|t:|1758311347
|move|p2a: Iron Treads|Earthquake|p1a: Dragonite
|-damage|p1a: Dragonite|0 fnt
|faint|p1a: Dragonite
|
|win|Dwagone
|n|☆sam bjiku kaiju|sambjikukaiju
|n|☆Dwagone|dwagone
|n|*Lady Monita ☀|ladymonita
|n| Albrtix|albrtix
|l|*Lady Monita ☀
|l|☆sam bjiku kaiju
|player|p1|
|l|☆Dwagone
|player|p2|
