|j|☆sanmedina
|j|☆sekaisenpai
|t:|1758289499
|gametype|singles
|player|p1|sanmedina|ltsurge-gen2|1169
|player|p2|sekaisenpai|gentleman-gen4|1180
|gen|9
|tier|[Gen 9] OU
|rated|
|rule|HP Percentage Mod: HP is shown in percentages
|rule|Endless Battle Clause: Forcing endless battles is banned
|rule|Species Clause: Limit one of each Pokémon
|rule|OHKO Clause: OHKO moves are banned
|rule|Evasion Items Clause: Evasion items are banned
|rule|Evasion Moves Clause: Evasion moves are banned
|rule|Evasion Abilities Clause: Evasion abilities are banned
|rule|Sleep Moves Clause: Sleep-inducing moves are banned
|clearpoke
|poke|p1|Glimmora, F|
|poke|p1|Ogerpon-Wellspring, F|
|poke|p1|Hatterene, F|
|poke|p1|Iron Moth|
|poke|p1|Dragonite, F|
|poke|p1|Kingambit, F|
|poke|p2|Sinistcha-Masterpiece|
|poke|p2|Sylveon, M|
|poke|p2|Krookodile, F|
|poke|p2|Arcanine-Hisui, F|
|poke|p2|Greninja-*, F|
|poke|p2|Maushold-Four|
|teampreview
|inactive|Battle timer is ON: inactive players will automatically lose when time's up. (requested by sanmedina)
|
|t:|1758289527
|teamsize|p1|6
|teamsize|p2|6
|start
|switch|p1a: Glimmora|Glimmora, F|100/100
|switch|p2a: Greninja|Greninja, F|100/100
|turn|1
|
|t:|1758289542
|move|p2a: Greninja|Surf|p1a: Glimmora
|-start|p2a: Greninja|typechange|Water|[from] ability: Protean
|-supereffective|p1a: Glimmora
|-enditem|p1a: Glimmora|Focus Sash
|-damage|p1a: Glimmora|1/100
|move|p1a: Glimmora|Stealth Rock|p2a: Greninja
|-sidestart|p2: sekaisenpai|move: Stealth Rock
|
|upkeep
|turn|2
|
|t:|1758289566
|move|p2a: Greninja|Surf|p1a: Glimmora
|-supereffective|p1a: Glimmora
|-damage|p1a: Glimmora|0 fnt
|faint|p1a: Glimmora
|
|upkeep
|
|t:|1758289571
|switch|p1a: Ogerpon|Ogerpon-Wellspring, F|100/100
|turn|3
|
|t:|1758289577
|switch|p2a: Sinistcha|Sinistcha-Masterpiece|100/100
|-damage|p2a: Sinistcha|88/100|[from] Stealth Rock
|move|p1a: Ogerpon|Horn Leech|p2a: Sinistcha
|-resisted|p2a: Sinistcha
|-damage|p2a: Sinistcha|68/100
|-damage|p1a: Ogerpon|84/100|[from] item: Rocky Helmet|[of] p2a: Sinistcha
|
|upkeep
|turn|4
|
|t:|1758289590
|move|p1a: Ogerpon|U-turn|p2a: Sinistcha
|-damage|p2a: Sinistcha|42/100
|-damage|p1a: Ogerpon|67/100|[from] item: Rocky Helmet|[of] p2a: Sinistcha
|
|t:|1758289602
|switch|p1a: Kingambit|Kingambit, F|100/100|[from] U-turn
|-activate|p1a: Kingambit|ability: Supreme Overlord
|-start|p1a: Kingambit|fallen1|[silent]
|move|p2a: Sinistcha|Strength Sap|p1a: Kingambit
|-unboost|p1a: Kingambit|atk|1
|-heal|p2a: Sinistcha|100/100
|
|upkeep
|turn|5
|
|t:|1758289613
|move|p1a: Kingambit|Swords Dance|p1a: Kingambit
|-boost|p1a: Kingambit|atk|2
|move|p2a: Sinistcha|Strength Sap|p1a: Kingambit
|-unboost|p1a: Kingambit|atk|1
|
|upkeep
|turn|6
|
|t:|1758289621
|move|p1a: Kingambit|Kowtow Cleave|p2a: Sinistcha
|-supereffective|p2a: Sinistcha
|-damage|p2a: Sinistcha|0 fnt
|-damage|p1a: Kingambit|84/100|[from] item: Rocky Helmet|[of] p2a: Sinistcha
|faint|p2a: Sinistcha
|
|upkeep
|
|t:|1758289629
|switch|p2a: Krookodile|Krookodile, F|100/100
|-damage|p2a: Krookodile|94/100|[from] Stealth Rock
|-ability|p2a: Krookodile|Intimidate|boost
|-unboost|p1a: Kingambit|atk|1
|turn|7
|
|t:|1758289648
|-end|p1a: Kingambit|fallen1|[silent]
|switch|p1a: Dragonite|Dragonite, F|100/100
|move|p2a: Krookodile|Knock Off|p1a: Dragonite
|-damage|p1a: Dragonite|62/100
|-enditem|p1a: Dragonite|Lum Berry|[from] move: Knock Off|[of] p2a: Krookodile
|-damage|p2a: Krookodile|85/100|[from] item: Life Orb
|
|upkeep
|turn|8
|
|t:|1758289665
|move|p1a: Dragonite|Encore|p2a: Krookodile
|-start|p2a: Krookodile|Encore
|move|p2a: Krookodile|Knock Off|p1a: Dragonite
|-damage|p1a: Dragonite|11/100
|-damage|p2a: Krookodile|75/100|[from] item: Life Orb
|
|upkeep
|turn|9
|
|t:|1758289672
|move|p1a: Dragonite|Ice Spinner|p2a: Krookodile
|-supereffective|p2a: Krookodile
|-damage|p2a: Krookodile|14/100
|move|p2a: Krookodile|Knock Off|p1a: Dragonite
|-damage|p1a: Dragonite|0 fnt
|faint|p1a: Dragonite
|-damage|p2a: Krookodile|4/100|[from] item: Life Orb
|
|upkeep
|
|t:|1758289683
|switch|p1a: Ogerpon|Ogerpon-Wellspring, F|67/100
|turn|10
|
|t:|1758289694
|move|p1a: Ogerpon|Horn Leech|p2a: Krookodile
|-supereffective|p2a: Krookodile
|-damage|p2a: Krookodile|0 fnt
|-heal|p1a: Ogerpon|70/100|[from] drain|[of] p2a: Krookodile
|faint|p2a: Krookodile
|
|upkeep
|
|t:|1758289705
|switch|p2a: Greninja|Greninja, F|100/100
|-damage|p2a: Greninja|88/100|[from] Stealth Rock
|turn|11
|
|t:|1758289716
|move|p2a: Greninja|Dark Pulse|p1a: Ogerpon
|-start|p2a: Greninja|typechange|Dark|[from] ability: Protean
|-damage|p1a: Ogerpon|7/100
|move|p1a: Ogerpon|Horn Leech|p2a: Greninja
|-damage|p2a: Greninja|21/100
|-heal|p1a: Ogerpon|39/100|[from] drain|[of] p2a: Greninja
|
|upkeep
|turn|12
|
|t:|1758289743
|switch|p2a: Arcanine|Arcanine-Hisui, F|100/100
|-damage|p2a: Arcanine|75/100|[from] Stealth Rock
|-terastallize|p1a: Ogerpon|Water
|detailschange|p1a: Ogerpon|Ogerpon-Wellspring-Tera, F, tera:Water
|-ability|p1a: Ogerpon|Embody Aspect (Wellspring)|boost
|-boost|p1a: Ogerpon|spd|1
|move|p1a: Ogerpon|Horn Leech|p2a: Arcanine
|-damage|p2a: Arcanine|22/100
|-heal|p1a: Ogerpon|69/100|[from] drain|[of] p2a: Arcanine
|
|upkeep
|turn|13
|inactive|sanmedina has 120 seconds left.
|
|t:|1758289759
|-terastallize|p2a: Arcanine|Normal
|move|p2a: Arcanine|Extreme Speed|p1a: Ogerpon
|-damage|p1a: Ogerpon|0 fnt
|faint|p1a: Ogerpon
|detailschange|p1: Ogerpon|Ogerpon-Wellspring, F|[silent]
|
|upkeep
|inactive|sanmedina has 120 seconds left.
|
|t:|1758289775
|switch|p1a: Hatterene|Hatterene, F|100/100
|turn|14
|
|t:|1758289781
|move|p2a: Arcanine|Extreme Speed|p1a: Hatterene
|-damage|p1a: Hatterene|50/100
|move|p1a: Hatterene|Draining Kiss|p2a: Arcanine
|-damage|p2a: Arcanine|0 fnt
|-heal|p1a: Hatterene|67/100|[from] drain|[of] p2a: Arcanine
|faint|p2a: Arcanine
|
|-heal|p1a: Hatterene|73/100|[from] item: Leftovers
|upkeep
|
|t:|1758289800
|switch|p2a: Sylveon|Sylveon, M|100/100
|-damage|p2a: Sylveon|88/100|[from] Stealth Rock
|turn|15
|
|t:|1758289810
|move|p2a: Sylveon|Shadow Ball|p1a: Hatterene
|-supereffective|p1a: Hatterene
|-damage|p1a: Hatterene|11/100
|move|p1a: Hatterene|Calm Mind|p1a: Hatterene
|-boost|p1a: Hatterene|spa|1
|-boost|p1a: Hatterene|spd|1
|
|-heal|p2a: Sylveon|94/100|[from] item: Leftovers
|-heal|p1a: Hatterene|17/100|[from] item: Leftovers
|upkeep
|turn|16
|
|t:|1758289833
|switch|p1a: Kingambit|Kingambit, F|84/100
|-activate|p1a: Kingambit|ability: Supreme Overlord
|-start|p1a: Kingambit|fallen3|[silent]
|move|p2a: Sylveon|Hyper Voice|p1a: Kingambit
|-damage|p1a: Kingambit|27/100
|
|-heal|p2a: Sylveon|99/100|[from] item: Leftovers
|upkeep
|turn|17
|
|t:|1758289843
|move|p1a: Kingambit|Sucker Punch|p2a: Sylveon
|-resisted|p2a: Sylveon
|-damage|p2a: Sylveon|59/100
|move|p2a: Sylveon|Hyper Voice|p1a: Kingambit
|-damage|p1a: Kingambit|0 fnt
|faint|p1a: Kingambit
|-end|p1a: Kingambit|fallen3|[silent]
|
|-heal|p2a: Sylveon|65/100|[from] item: Leftovers
|upkeep
|
|t:|1758289851
|switch|p1a: Iron Moth|Iron Moth|100/100
|-enditem|p1a: Iron Moth|Booster Energy
|-activate|p1a: Iron Moth|ability: Quark Drive|[fromitem]
|-start|p1a: Iron Moth|quarkdrivespe
|turn|18
|
|t:|1758289858
|move|p1a: Iron Moth|Fiery Dance|p2a: Sylveon
|-damage|p2a: Sylveon|38/100
|-boost|p1a: Iron Moth|spa|1
|move|p2a: Sylveon|Psychic|p1a: Iron Moth
|-supereffective|p1a: Iron Moth
|-damage|p1a: Iron Moth|41/100
|
|-heal|p2a: Sylveon|44/100|[from] item: Leftovers
|upkeep
|turn|19
|
|t:|1758289867
|move|p1a: Iron Moth|Sludge Wave|p2a: Sylveon
|-supereffective|p2a: Sylveon
|-damage|p2a: Sylveon|0 fnt
|faint|p2a: Sylveon
|
|upkeep
|
|t:|1758289873
|switch|p2a: Greninja|Greninja, F|21/100
|-damage|p2a: Greninja|9/100|[from] Stealth Rock
|turn|20
|
|t:|1758289880
|move|p1a: Iron Moth|Fiery Dance|p2a: Greninja
|-resisted|p2a: Greninja
|-damage|p2a: Greninja|0 fnt
|faint|p2a: Greninja
|
|upkeep
|
|t:|1758289887
|switch|p2a: Maushold|Maushold-Four|100/100
|-damage|p2a: Maushold|88/100|[from] Stealth Rock
|turn|21
|
|t:|1758289892
|move|p1a: Iron Moth|Sludge Wave|p2a: Maushold
|-damage|p2a: Maushold|0 fnt
|faint|p2a: Maushold
|
|win|sanmedina
|raw|sanmedina's rating: 1169 &rarr; <strong>1195</strong><br />(+26 for winning)
|raw|sekaisenpai's rating: 1180 &rarr; <strong>1154</strong><br />(-26 for losing)
|c|☆sanmedina|gg
|l|☆sekaisenpai
|player|p2|
