|j|☆NewNewNwAcc
|j|☆Lord Spink
|t:|1758256352
|gametype|singles
|player|p1|NewNewNwAcc|blackbelt-gen4dp|1288
|player|p2|Lord Spink|2|1272
|gen|9
|tier|[Gen 9] OU
|rated|
|rule|HP Percentage Mod: HP is shown in percentages
|rule|Endless Battle Clause: Forcing endless battles is banned
|rule|Species Clause: Limit one of each Pokémon
|rule|OHKO Clause: OHKO moves are banned
|rule|Evasion Items Clause: Evasion items are banned
|rule|Evasion Moves Clause: Evasion moves are banned
|rule|Evasion Abilities Clause: Evasion abilities are banned
|rule|Sleep Moves Clause: Sleep-inducing moves are banned
|clearpoke
|poke|p1|Darkrai|
|poke|p1|Dondozo, M|
|poke|p1|Clodsire, M|
|poke|p1|Skarmory, M|
|poke|p1|Slowking-Galar, M|
|poke|p1|Gliscor, M|
|poke|p2|Samurott-Hisui, M|
|poke|p2|Arcanine, M|
|poke|p2|Hatterene, F|
|poke|p2|Glimmora, F|
|poke|p2|Forretress, F|
|poke|p2|Porygon-Z|
|teampreview
|inactive|Battle timer is ON: inactive players will automatically lose when time's up. (requested by Lord Spink)
|
|t:|1758256372
|teamsize|p1|6
|teamsize|p2|6
|start
|switch|p1a: Dondozo|Dondozo, M|100/100
|switch|p2a: Big Hermoine|Hatterene, F|100/100
|turn|1
|
|t:|1758256385
|switch|p1a: Slowking|Slowking-Galar, M, shiny|100/100
|move|p2a: Big Hermoine|Future Sight|p1a: Slowking
|-start|p2a: Big Hermoine|move: Future Sight
|
|upkeep
|turn|2
|
|t:|1758256394
|switch|p2a: Big Francesca|Forretress, F|100/100
|-prepare|p1a: Slowking|Chilly Reception|[premajor]
|move|p1a: Slowking|Chilly Reception|p1a: Slowking
|-weather|Snowscape
|
|t:|1758256405
|switch|p1a: Gliscor|Gliscor, M|100/100|[from] Chilly Reception
|
|-weather|Snowscape|[upkeep]
|-status|p1a: Gliscor|tox|[from] item: Toxic Orb
|upkeep
|turn|3
|
|t:|1758256412
|move|p1a: Gliscor|Protect|p1a: Gliscor
|-singleturn|p1a: Gliscor|Protect
|move|p2a: Big Francesca|Stealth Rock|p1a: Gliscor
|-sidestart|p1: NewNewNwAcc|move: Stealth Rock
|
|-weather|Snowscape|[upkeep]
|-end|p1a: Gliscor|move: Future Sight
|-crit|p1a: Gliscor
|-damage|p1a: Gliscor|2/100 tox
|-heal|p1a: Gliscor|15/100 tox|[from] ability: Poison Heal
|upkeep
|turn|4
|
|t:|1758256431
|switch|p2a: Big Samuel|Samurott-Hisui, M|100/100
|move|p1a: Gliscor|Spikes|p2a: Big Samuel
|-sidestart|p2: Lord Spink|Spikes
|
|-weather|Snowscape|[upkeep]
|-heal|p1a: Gliscor|27/100 tox|[from] ability: Poison Heal
|upkeep
|turn|5
|
|t:|1758256439
|move|p1a: Gliscor|Protect|p1a: Gliscor
|-singleturn|p1a: Gliscor|Protect
|move|p2a: Big Samuel|Ceaseless Edge|p1a: Gliscor
|-activate|p1a: Gliscor|move: Protect
|
|-weather|Snowscape|[upkeep]
|-heal|p1a: Gliscor|40/100 tox|[from] ability: Poison Heal
|upkeep
|turn|6
|
|t:|1758256449
|switch|p1a: Skarmory|Skarmory, M|100/100
|-damage|p1a: Skarmory|88/100|[from] Stealth Rock
|move|p2a: Big Samuel|Aqua Cutter|p1a: Skarmory
|-damage|p1a: Skarmory|59/100
|
|-weather|none
|upkeep
|turn|7
|
|t:|1758256459
|switch|p2a: Big Francesca|Forretress, F|100/100
|-damage|p2a: Big Francesca|88/100|[from] Spikes
|move|p1a: Skarmory|Roost|p1a: Skarmory
|-heal|p1a: Skarmory|100/100
|-singleturn|p1a: Skarmory|move: Roost
|
|upkeep
|turn|8
|
|t:|1758256467
|move|p1a: Skarmory|Spikes|p2a: Big Francesca
|-sidestart|p2: Lord Spink|Spikes
|move|p2a: Big Francesca|Rapid Spin|p1a: Skarmory
|-resisted|p1a: Skarmory
|-damage|p1a: Skarmory|98/100
|-boost|p2a: Big Francesca|spe|1
|-damage|p2a: Big Francesca|71/100|[from] item: Rocky Helmet|[of] p1a: Skarmory
|-sideend|p2: Lord Spink|Spikes|[from] move: Rapid Spin|[of] p2a: Big Francesca
|
|upkeep
|turn|9
|
|t:|1758256475
|move|p1a: Skarmory|Spikes|p2a: Big Francesca
|-sidestart|p2: Lord Spink|Spikes
|move|p2a: Big Francesca|Thunder Wave|p1a: Skarmory
|-status|p1a: Skarmory|par
|
|upkeep
|turn|10
|
|t:|1758256484
|move|p2a: Big Francesca|Volt Switch|p1a: Skarmory
|-supereffective|p1a: Skarmory
|-damage|p1a: Skarmory|68/100 par
|
|t:|1758256488
|switch|p2a: Big Samuel|Samurott-Hisui, M|100/100|[from] Volt Switch
|-damage|p2a: Big Samuel|88/100|[from] Spikes
|move|p1a: Skarmory|Spikes|p2a: Big Samuel
|-sidestart|p2: Lord Spink|Spikes
|
|upkeep
|turn|11
|
|t:|1758256495
|move|p2a: Big Samuel|Ceaseless Edge|p1a: Skarmory
|-damage|p1a: Skarmory|39/100 par
|-damage|p2a: Big Samuel|72/100|[from] item: Rocky Helmet|[of] p1a: Skarmory
|-sidestart|p1: NewNewNwAcc|Spikes
|move|p1a: Skarmory|Roost|p1a: Skarmory
|-heal|p1a: Skarmory|89/100 par
|-singleturn|p1a: Skarmory|move: Roost
|
|upkeep
|turn|12
|
|t:|1758256503
|move|p2a: Big Samuel|Ceaseless Edge|p1a: Skarmory
|-crit|p1a: Skarmory
|-damage|p1a: Skarmory|50/100 par
|-damage|p2a: Big Samuel|55/100|[from] item: Rocky Helmet|[of] p1a: Skarmory
|-sidestart|p1: NewNewNwAcc|Spikes
|move|p1a: Skarmory|Whirlwind|p2a: Big Samuel
|drag|p2a: Big Polydipsia|Porygon-Z|100/100
|-damage|p2a: Big Polydipsia|84/100|[from] Spikes
|
|upkeep
|turn|13
|
|t:|1758256518
|switch|p1a: Slowking|Slowking-Galar, M, shiny|100/100
|move|p2a: Big Polydipsia|Ice Beam|p1a: Slowking
|-damage|p1a: Slowking|80/100
|
|upkeep
|turn|14
|
|t:|1758256525
|switch|p2a: Big Francesca|Forretress, F|71/100
|-damage|p2a: Big Francesca|55/100|[from] Spikes
|-prepare|p1a: Slowking|Chilly Reception|[premajor]
|move|p1a: Slowking|Chilly Reception|p1a: Slowking
|-weather|Snowscape
|
|t:|1758256537
|switch|p1a: Darkrai|Darkrai|100/100|[from] Chilly Reception
|
|-weather|Snowscape|[upkeep]
|upkeep
|turn|15
|
|t:|1758256545
|move|p1a: Darkrai|Dark Pulse|p2a: Big Francesca
|-damage|p2a: Big Francesca|0 fnt
|faint|p2a: Big Francesca
|
|-weather|Snowscape|[upkeep]
|upkeep
|
|t:|1758256551
|switch|p2a: Big Polydipsia|Porygon-Z|84/100
|-damage|p2a: Big Polydipsia|68/100|[from] Spikes
|turn|16
|
|t:|1758256561
|switch|p1a: Slowking|Slowking-Galar, M, shiny|100/100
|-terastallize|p2a: Big Polydipsia|Fairy
|move|p2a: Big Polydipsia|Tera Blast|p1a: Slowking|[anim] Tera Blast Fairy
|-resisted|p1a: Slowking
|-damage|p1a: Slowking|85/100
|
|-weather|Snowscape|[upkeep]
|upkeep
|turn|17
|
|t:|1758256571
|switch|p2a: Big Gemma|Glimmora, F|100/100
|-damage|p2a: Big Gemma|84/100|[from] Spikes
|-prepare|p1a: Slowking|Chilly Reception|[premajor]
|move|p1a: Slowking|Chilly Reception|p1a: Slowking
|
|t:|1758256594
|switch|p1a: Clodsire|Clodsire, M|100/100|[from] Chilly Reception
|
|-weather|Snowscape|[upkeep]
|upkeep
|turn|18
|
|t:|1758256603
|move|p2a: Big Gemma|Earth Power|p1a: Clodsire
|-supereffective|p1a: Clodsire
|-damage|p1a: Clodsire|48/100
|move|p1a: Clodsire|Earthquake|p2a: Big Gemma
|-supereffective|p2a: Big Gemma
|-damage|p2a: Big Gemma|0 fnt
|-activate|p2a: Big Gemma|ability: Toxic Debris
|-sidestart|p1: NewNewNwAcc|move: Toxic Spikes
|faint|p2a: Big Gemma
|
|-weather|none
|upkeep
|
|t:|1758256626
|switch|p2a: Big Hermoine|Hatterene, F|100/100
|-damage|p2a: Big Hermoine|84/100|[from] Spikes
|turn|19
|
|t:|1758256637
|move|p2a: Big Hermoine|Future Sight|p1a: Clodsire
|-start|p2a: Big Hermoine|move: Future Sight
|move|p1a: Clodsire|Amnesia|p1a: Clodsire
|-boost|p1a: Clodsire|spd|2
|
|upkeep
|turn|20
|
|t:|1758256642
|switch|p2a: Big Samuel|Samurott-Hisui, M|55/100
|-damage|p2a: Big Samuel|39/100|[from] Spikes
|move|p1a: Clodsire|Recover|p1a: Clodsire
|-heal|p1a: Clodsire|98/100
|
|upkeep
|turn|21
|
|t:|1758256667
|switch|p1a: Skarmory|Skarmory, M|50/100 par
|-damage|p1a: Skarmory|38/100 par|[from] Stealth Rock
|move|p2a: Big Samuel|Sacred Sword|p1a: Skarmory
|-damage|p1a: Skarmory|15/100 par
|-damage|p2a: Big Samuel|22/100|[from] item: Rocky Helmet|[of] p1a: Skarmory
|
|-end|p1a: Skarmory|move: Future Sight
|-resisted|p1a: Skarmory
|-damage|p1a: Skarmory|0 fnt
|faint|p1a: Skarmory
|upkeep
|inactive|NewNewNwAcc has 120 seconds left.
|inactive|NewNewNwAcc has 90 seconds left.
|inactive|NewNewNwAcc has 60 seconds left.
|
|t:|1758256761
|switch|p1a: Darkrai|Darkrai|100/100
|turn|22
|
|t:|1758256774
|move|p1a: Darkrai|Dark Pulse|p2a: Big Samuel
|-resisted|p2a: Big Samuel
|-damage|p2a: Big Samuel|0 fnt
|faint|p2a: Big Samuel
|
|upkeep
|
|t:|1758256784
|switch|p2a: Big Polydipsia|Porygon-Z, tera:Fairy|68/100
|-damage|p2a: Big Polydipsia|51/100|[from] Spikes
|turn|23
|
|t:|1758256790
|switch|p1a: Clodsire|Clodsire, M|98/100
|-sideend|p1: NewNewNwAcc|move: Toxic Spikes|[of] p1a: Clodsire
|move|p2a: Big Polydipsia|Tera Blast|p1a: Clodsire|[anim] Tera Blast Fairy
|-resisted|p1a: Clodsire
|-damage|p1a: Clodsire|83/100
|
|upkeep
|turn|24
|inactive|NewNewNwAcc has 60 seconds left.
|
|t:|1758256799
|switch|p2a: Big Hermoine|Hatterene, F|84/100
|-damage|p2a: Big Hermoine|67/100|[from] Spikes
|move|p1a: Clodsire|Earthquake|p2a: Big Hermoine
|-damage|p2a: Big Hermoine|35/100
|
|upkeep
|turn|25
|
|t:|1758256811
|move|p2a: Big Hermoine|Future Sight|p1a: Clodsire
|-start|p2a: Big Hermoine|move: Future Sight
|move|p1a: Clodsire|Earthquake|p2a: Big Hermoine
|-damage|p2a: Big Hermoine|2/100
|
|upkeep
|turn|26
|
|t:|1758256818
|move|p2a: Big Hermoine|Giga Drain|p1a: Clodsire
|-damage|p1a: Clodsire|68/100
|-heal|p2a: Big Hermoine|13/100|[from] drain|[of] p1a: Clodsire
|move|p1a: Clodsire|Earthquake|p2a: Big Hermoine
|-damage|p2a: Big Hermoine|0 fnt
|faint|p2a: Big Hermoine
|
|upkeep
|
|t:|1758256834
|switch|p2a: Big Archibald|Arcanine, M|100/100
|-damage|p2a: Big Archibald|84/100|[from] Spikes
|-ability|p2a: Big Archibald|Intimidate|boost
|-unboost|p1a: Clodsire|atk|1
|turn|27
|
|t:|1758256843
|switch|p1a: Dondozo|Dondozo, M|100/100
|move|p2a: Big Archibald|Wild Charge|p1a: Dondozo
|-supereffective|p1a: Dondozo
|-damage|p1a: Dondozo|62/100
|-damage|p2a: Big Archibald|71/100|[from] Recoil
|
|-end|p1a: Dondozo|move: Future Sight
|-damage|p1a: Dondozo|0 fnt
|faint|p1a: Dondozo
|upkeep
|
|t:|1758256872
|switch|p1a: Gliscor|Gliscor, M|40/100 tox
|-damage|p1a: Gliscor|27/100 tox|[from] Stealth Rock
|turn|28
|
|t:|1758256877
|switch|p2a: Big Polydipsia|Porygon-Z, tera:Fairy|51/100
|-damage|p2a: Big Polydipsia|35/100|[from] Spikes
|move|p1a: Gliscor|Protect||[still]
|-fail|p1a: Gliscor
|
|-heal|p1a: Gliscor|40/100 tox|[from] ability: Poison Heal
|upkeep
|turn|29
|
|t:|1758256885
|switch|p1a: Slowking|Slowking-Galar, M, shiny|100/100
|move|p2a: Big Polydipsia|Ice Beam|p1a: Slowking
|-crit|p1a: Slowking
|-damage|p1a: Slowking|73/100
|
|upkeep
|turn|30
|
|t:|1758256893
|move|p2a: Big Polydipsia|Ice Beam|p1a: Slowking
|-damage|p1a: Slowking|54/100
|-prepare|p1a: Slowking|Chilly Reception|[premajor]
|move|p1a: Slowking|Chilly Reception|p1a: Slowking
|-weather|Snowscape
|
|t:|1758256908
|switch|p1a: Darkrai|Darkrai|100/100|[from] Chilly Reception
|
|-weather|Snowscape|[upkeep]
|upkeep
|turn|31
|
|t:|1758256912
|move|p2a: Big Polydipsia|Ice Beam|p1a: Darkrai
|-crit|p1a: Darkrai
|-damage|p1a: Darkrai|41/100
|move|p1a: Darkrai|Sludge Bomb|p2a: Big Polydipsia
|-supereffective|p2a: Big Polydipsia
|-damage|p2a: Big Polydipsia|0 fnt
|faint|p2a: Big Polydipsia
|
|-weather|Snowscape|[upkeep]
|upkeep
|
|t:|1758256920
|switch|p2a: Big Archibald|Arcanine, M|71/100
|-damage|p2a: Big Archibald|54/100|[from] Spikes
|-ability|p2a: Big Archibald|Intimidate|boost
|-unboost|p1a: Darkrai|atk|1
|turn|32
|
|t:|1758256929
|-terastallize|p1a: Darkrai|Dark
|move|p2a: Big Archibald|Extreme Speed|p1a: Darkrai
|-crit|p1a: Darkrai
|-damage|p1a: Darkrai|0 fnt
|faint|p1a: Darkrai
|
|-weather|Snowscape|[upkeep]
|upkeep
|inactive|NewNewNwAcc has 90 seconds left.
|
|t:|1758256964
|switch|p1a: Slowking|Slowking-Galar, M, shiny|87/100
|turn|33
|
|t:|1758256968
|move|p2a: Big Archibald|Extreme Speed|p1a: Slowking
|-damage|p1a: Slowking|43/100
|move|p1a: Slowking|Thunder Wave|p2a: Big Archibald
|-status|p2a: Big Archibald|par
|
|-weather|Snowscape|[upkeep]
|upkeep
|turn|34
|
|t:|1758256977
|move|p2a: Big Archibald|Extreme Speed|p1a: Slowking
|-damage|p1a: Slowking|0 fnt
|faint|p1a: Slowking
|
|-weather|none
|upkeep
|
|t:|1758256983
|switch|p1a: Clodsire|Clodsire, M|68/100
|turn|35
|inactive|NewNewNwAcc has 90 seconds left.
|
|t:|1758256990
|move|p2a: Big Archibald|Extreme Speed|p1a: Clodsire
|-damage|p1a: Clodsire|23/100
|move|p1a: Clodsire|Recover|p1a: Clodsire
|-heal|p1a: Clodsire|73/100
|
|upkeep
|turn|36
|
|t:|1758256995
|move|p2a: Big Archibald|Extreme Speed|p1a: Clodsire
|-damage|p1a: Clodsire|25/100
|move|p1a: Clodsire|Earthquake|p2a: Big Archibald
|-supereffective|p2a: Big Archibald
|-crit|p2a: Big Archibald
|-damage|p2a: Big Archibald|0 fnt
|faint|p2a: Big Archibald
|
|win|NewNewNwAcc
|raw|NewNewNwAcc's rating: 1288 &rarr; <strong>1312</strong><br />(+24 for winning)
|raw|Lord Spink's rating: 1272 &rarr; <strong>1248</strong><br />(-24 for losing)
|l|☆Lord Spink
|player|p2|
