|j|☆Aggrhy
|j|☆Aimen92
|t:|1758309605
|gametype|singles
|player|p1|Aggrhy|red-masters|1380
|player|p2|Aimen92|101|1360
|gen|9
|tier|[Gen 9] OU
|rated|
|rule|HP Percentage Mod: HP is shown in percentages
|rule|Endless Battle Clause: Forcing endless battles is banned
|rule|Species Clause: Limit one of each Pokémon
|rule|OHKO Clause: OHKO moves are banned
|rule|Evasion Items Clause: Evasion items are banned
|rule|Evasion Moves Clause: Evasion moves are banned
|rule|Evasion Abilities Clause: Evasion abilities are banned
|rule|Sleep Moves Clause: Sleep-inducing moves are banned
|clearpoke
|poke|p1|Pikachu, M|
|poke|p1|Lokix, M|
|poke|p1|Fezandipiti, M|
|poke|p1|Blastoise, F|
|poke|p1|Flygon, F|
|poke|p1|Vikavolt, F|
|poke|p2|Araquanid, M|
|poke|p2|Ceruledge, F|
|poke|p2|Dragonite, M|
|poke|p2|Great Tusk|
|poke|p2|Garganacl, F|
|poke|p2|Toxapex, M|
|teampreview
|inactive|Battle timer is ON: inactive players will automatically lose when time's up. (requested by Aggrhy)
|
|t:|1758309616
|teamsize|p1|6
|teamsize|p2|6
|start
|switch|p1a: Vikavolt|Vikavolt, F|100/100
|switch|p2a: Araquanid|Araquanid, M, shiny|100/100
|turn|1
|
|t:|1758309631
|move|p1a: Vikavolt|Sticky Web|p2a: Araquanid
|-sidestart|p2: Aimen92|move: Sticky Web
|move|p2a: Araquanid|Sticky Web|p1a: Vikavolt
|-sidestart|p1: Aggrhy|move: Sticky Web
|
|upkeep
|turn|2
|
|t:|1758309639
|move|p1a: Vikavolt|Thunderbolt|p2a: Araquanid
|-supereffective|p2a: Araquanid
|-damage|p2a: Araquanid|19/100
|move|p2a: Araquanid|Surf|p1a: Vikavolt
|-damage|p1a: Vikavolt|51/100
|
|upkeep
|turn|3
|
|t:|1758309649
|switch|p2a: Great Tusk|Great Tusk|100/100
|-activate|p2a: Great Tusk|move: Sticky Web
|-unboost|p2a: Great Tusk|spe|1
|-enditem|p2a: Great Tusk|Booster Energy
|-activate|p2a: Great Tusk|ability: Protosynthesis|[fromitem]
|-start|p2a: Great Tusk|protosynthesisatk
|move|p1a: Vikavolt|Thunderbolt|p2a: Great Tusk
|-immune|p2a: Great Tusk
|
|upkeep
|turn|4
|
|t:|1758309667
|move|p2a: Great Tusk|Rapid Spin|p1a: Vikavolt
|-damage|p1a: Vikavolt|31/100
|-boost|p2a: Great Tusk|spe|1
|-damage|p2a: Great Tusk|84/100|[from] item: Rocky Helmet|[of] p1a: Vikavolt
|-sideend|p2: Aimen92|Sticky Web|[from] move: Rapid Spin|[of] p2a: Great Tusk
|move|p1a: Vikavolt|Energy Ball|p2a: Great Tusk
|-supereffective|p2a: Great Tusk
|-crit|p2a: Great Tusk
|-damage|p2a: Great Tusk|0 fnt
|faint|p2a: Great Tusk
|-end|p2a: Great Tusk|Protosynthesis|[silent]
|
|upkeep
|l|☆Aimen92
|inactive|Aimen92 disconnected and has a minute to reconnect!
|player|p2|
|j|☆Aimen92
|inactive|Aimen92 reconnected and has 125 seconds left.
|player|p2|Aimen92|101|
|inactive|Aimen92 has 120 seconds left.
|
|t:|1758309709
|switch|p2a: Ceruledge|Ceruledge, F|100/100
|turn|5
|
|t:|1758309713
|move|p2a: Ceruledge|Swords Dance|p2a: Ceruledge
|-boost|p2a: Ceruledge|atk|2
|move|p1a: Vikavolt|Thunderbolt|p2a: Ceruledge
|-damage|p2a: Ceruledge|46/100
|
|upkeep
|turn|6
|
|t:|1758309721
|switch|p1a: Blastoise|Blastoise, F|100/100
|-activate|p1a: Blastoise|move: Sticky Web
|-unboost|p1a: Blastoise|spe|1
|move|p2a: Ceruledge|Bitter Blade|p1a: Blastoise
|-resisted|p1a: Blastoise
|-damage|p1a: Blastoise|68/100
|-heal|p2a: Ceruledge|66/100|[from] drain|[of] p1a: Blastoise
|
|-heal|p1a: Blastoise|74/100|[from] item: Leftovers
|upkeep
|turn|7
|inactive|Aimen92 has 120 seconds left.
|
|t:|1758309733
|move|p2a: Ceruledge|Poltergeist|p1a: Blastoise
|-activate|p1a: Blastoise|move: Poltergeist|Leftovers
|-damage|p1a: Blastoise|4/100
|move|p1a: Blastoise|Flip Turn|p2a: Ceruledge
|-supereffective|p2a: Ceruledge
|-damage|p2a: Ceruledge|0 fnt
|faint|p2a: Ceruledge
|
|t:|1758309743
|switch|p1a: Vikavolt|Vikavolt, F|31/100|[from] Flip Turn
|
|upkeep
|inactive|Aimen92 has 120 seconds left.
|
|t:|1758309756
|switch|p2a: Dragonite|Dragonite, M|100/100
|turn|8
|
|t:|1758309761
|move|p2a: Dragonite|Scale Shot|p1a: Vikavolt
|-damage|p1a: Vikavolt|18/100
|-damage|p1a: Vikavolt|5/100
|-damage|p1a: Vikavolt|0 fnt
|faint|p1a: Vikavolt
|-hitcount|p1: Vikavolt|3
|-unboost|p2a: Dragonite|def|1
|-boost|p2a: Dragonite|spe|1
|
|upkeep
|
|t:|1758309774
|switch|p1a: Fezandipiti|Fezandipiti, M|100/100
|-activate|p1a: Fezandipiti|move: Sticky Web
|-unboost|p1a: Fezandipiti|spe|1
|turn|9
|
|t:|1758309789
|move|p2a: Dragonite|Extreme Speed|p1a: Fezandipiti
|-damage|p1a: Fezandipiti|68/100
|move|p1a: Fezandipiti|Moonblast|p2a: Dragonite
|-supereffective|p2a: Dragonite
|-damage|p2a: Dragonite|74/100
|-unboost|p2a: Dragonite|spa|1
|
|-heal|p1a: Fezandipiti|74/100|[from] item: Leftovers
|upkeep
|turn|10
|
|t:|1758309800
|move|p2a: Dragonite|Dragon Dance|p2a: Dragonite
|-boost|p2a: Dragonite|atk|1
|-boost|p2a: Dragonite|spe|1
|move|p1a: Fezandipiti|Moonblast|p2a: Dragonite
|-supereffective|p2a: Dragonite
|-damage|p2a: Dragonite|22/100
|
|-heal|p1a: Fezandipiti|80/100|[from] item: Leftovers
|upkeep
|turn|11
|
|t:|1758309809
|move|p2a: Dragonite|Extreme Speed|p1a: Fezandipiti
|-damage|p1a: Fezandipiti|30/100
|move|p1a: Fezandipiti|Moonblast|p2a: Dragonite
|-supereffective|p2a: Dragonite
|-damage|p2a: Dragonite|0 fnt
|faint|p2a: Dragonite
|
|-heal|p1a: Fezandipiti|36/100|[from] item: Leftovers
|upkeep
|
|t:|1758309824
|switch|p2a: Garganacl|Garganacl, F|100/100
|turn|12
|
|t:|1758309834
|switch|p1a: Blastoise|Blastoise, F|4/100
|-activate|p1a: Blastoise|move: Sticky Web
|-unboost|p1a: Blastoise|spe|1
|move|p2a: Garganacl|Salt Cure|p1a: Blastoise
|-damage|p1a: Blastoise|0 fnt
|faint|p1a: Blastoise
|
|upkeep
|
|t:|1758309848
|switch|p1a: Flygon|Flygon, F|100/100
|turn|13
|
|t:|1758309872
|move|p1a: Flygon|Earthquake|p2a: Garganacl
|-supereffective|p2a: Garganacl
|-damage|p2a: Garganacl|17/100
|-damage|p1a: Flygon|91/100|[from] item: Life Orb
|move|p2a: Garganacl|Salt Cure|p1a: Flygon
|-resisted|p1a: Flygon
|-damage|p1a: Flygon|81/100
|-start|p1a: Flygon|Salt Cure
|
|-heal|p2a: Garganacl|23/100|[from] item: Leftovers
|-damage|p1a: Flygon|69/100|[from] Salt Cure
|upkeep
|turn|14
|
|t:|1758309884
|-terastallize|p2a: Garganacl|Flying
|move|p1a: Flygon|Outrage|p2a: Garganacl
|-damage|p2a: Garganacl|0 fnt
|faint|p2a: Garganacl
|-damage|p1a: Flygon|59/100|[from] item: Life Orb
|
|-damage|p1a: Flygon|47/100|[from] Salt Cure
|upkeep
|
|t:|1758309895
|switch|p2a: Toxapex|Toxapex, M|100/100
|turn|15
|
|t:|1758309904
|move|p1a: Flygon|Outrage|p2a: Toxapex|[from] lockedmove
|-damage|p2a: Toxapex|56/100
|-damage|p1a: Flygon|37/100|[from] item: Life Orb
|move|p2a: Toxapex|Recover|p2a: Toxapex
|-heal|p2a: Toxapex|100/100
|
|-damage|p1a: Flygon|25/100|[from] Salt Cure
|upkeep
|turn|16
|
|t:|1758309913
|move|p2a: Toxapex|Baneful Bunker|p2a: Toxapex
|-singleturn|p2a: Toxapex|move: Protect
|move|p1a: Flygon|Outrage|p2a: Toxapex|[from] lockedmove
|-activate|p2a: Toxapex|move: Protect
|-status|p1a: Flygon|psn
|-start|p1a: Flygon|confusion|[fatigue]
|
|-damage|p1a: Flygon|12/100 psn|[from] psn
|-damage|p1a: Flygon|0 fnt|[from] Salt Cure
|faint|p1a: Flygon
|upkeep
|
|t:|1758309925
|switch|p1a: Pikachu|Pikachu, M|100/100
|-activate|p1a: Pikachu|move: Sticky Web
|-unboost|p1a: Pikachu|spe|1
|turn|17
|
|t:|1758309938
|move|p1a: Pikachu|Substitute|p1a: Pikachu
|-start|p1a: Pikachu|Substitute
|-damage|p1a: Pikachu|75/100
|move|p2a: Toxapex|Recover||[still]
|-fail|p2a: Toxapex|heal
|
|upkeep
|turn|18
|
|t:|1758309945
|move|p1a: Pikachu|Thunderbolt|p2a: Toxapex
|-supereffective|p2a: Toxapex
|-damage|p2a: Toxapex|21/100
|move|p2a: Toxapex|Infestation|p1a: Pikachu
|-activate|p1a: Pikachu|move: Substitute|[damage]
|
|-heal|p2a: Toxapex|27/100|[from] item: Leftovers
|upkeep
|turn|19
|
|t:|1758309953
|move|p2a: Toxapex|Baneful Bunker|p2a: Toxapex
|-singleturn|p2a: Toxapex|move: Protect
|move|p1a: Pikachu|Thunderbolt|p2a: Toxapex
|-activate|p2a: Toxapex|move: Protect
|
|-heal|p2a: Toxapex|33/100|[from] item: Leftovers
|upkeep
|turn|20
|
|t:|1758309962
|switch|p2a: Araquanid|Araquanid, M, shiny|19/100
|move|p1a: Pikachu|Thunderbolt|p2a: Araquanid
|-supereffective|p2a: Araquanid
|-damage|p2a: Araquanid|0 fnt
|faint|p2a: Araquanid
|
|upkeep
|
|t:|1758309970
|switch|p2a: Toxapex|Toxapex, M|67/100
|turn|21
|
|t:|1758309974
|move|p2a: Toxapex|Baneful Bunker|p2a: Toxapex
|-singleturn|p2a: Toxapex|move: Protect
|move|p1a: Pikachu|Thunderbolt|p2a: Toxapex
|-activate|p2a: Toxapex|move: Protect
|
|-heal|p2a: Toxapex|72/100|[from] item: Leftovers
|upkeep
|turn|22
|
|t:|1758309983
|move|p1a: Pikachu|Thunderbolt|p2a: Toxapex
|-supereffective|p2a: Toxapex
|-damage|p2a: Toxapex|0 fnt
|faint|p2a: Toxapex
|
|win|Aggrhy
|raw|Aggrhy's rating: 1380 &rarr; <strong>1399</strong><br />(+19 for winning)
|raw|Aimen92's rating: 1360 &rarr; <strong>1341</strong><br />(-19 for losing)
|l|☆Aimen92
|player|p2|
|l|☆Aggrhy
|player|p1|
