|j|☆Pokenmaster2006
|j|☆wotan888
|t:|1758301785
|gametype|singles
|player|p1|Pokenmaster2006|dancer|1149
|player|p2|wotan888|2|1124
|gen|9
|tier|[Gen 9] OU
|rated|
|rule|HP Percentage Mod: HP is shown in percentages
|rule|Endless Battle Clause: Forcing endless battles is banned
|rule|Species Clause: Limit one of each Pokémon
|rule|OHKO Clause: OHKO moves are banned
|rule|Evasion Items Clause: Evasion items are banned
|rule|Evasion Moves Clause: Evasion moves are banned
|rule|Evasion Abilities Clause: Evasion abilities are banned
|rule|Sleep Moves Clause: Sleep-inducing moves are banned
|clearpoke
|poke|p1|Skeledirge, M|
|poke|p1|Slowking-Galar, M|
|poke|p1|Enamorus, F|
|poke|p1|Great Tusk|
|poke|p1|Ursaluna, M|
|poke|p1|Grimmsnarl, M|
|poke|p2|Rotom-Mow|
|poke|p2|Diancie|
|poke|p2|Pecharunt|
|poke|p2|Quaquaval, M|
|poke|p2|Tornadus-Therian, M|
|poke|p2|Krookodile, F|
|teampreview
|
|t:|1758301801
|teamsize|p1|6
|teamsize|p2|6
|start
|switch|p1a: Slowking|Slowking-Galar, M|100/100
|switch|p2a: Rotom|Rotom-Mow|100/100
|turn|1
|
|t:|1758301812
|move|p2a: Rotom|Volt Switch|p1a: Slowking
|-damage|p1a: Slowking|79/100
|
|t:|1758301818
|switch|p2a: Quaquaval|Quaquaval, M|100/100|[from] Volt Switch
|-prepare|p1a: Slowking|Chilly Reception|[premajor]
|move|p1a: Slowking|Chilly Reception|p1a: Slowking
|-weather|Snowscape
|
|t:|1758301826
|switch|p1a: Grimmsnarl|Grimmsnarl, M|100/100|[from] Chilly Reception
|
|-weather|Snowscape|[upkeep]
|upkeep
|turn|2
|
|t:|1758301840
|move|p1a: Grimmsnarl|Reflect|p1a: Grimmsnarl
|-sidestart|p1: Pokenmaster2006|Reflect
|move|p2a: Quaquaval|Flip Turn|p1a: Grimmsnarl
|-damage|p1a: Grimmsnarl|84/100
|
|t:|1758301850
|switch|p2a: Diancie|Diancie|100/100|[from] Flip Turn
|
|-weather|Snowscape|[upkeep]
|upkeep
|turn|3
|
|t:|1758301858
|switch|p1a: Skeledirge|Skeledirge, M|100/100
|move|p2a: Diancie|Calm Mind|p2a: Diancie
|-boost|p2a: Diancie|spa|1
|-boost|p2a: Diancie|spd|1
|
|-weather|Snowscape|[upkeep]
|upkeep
|turn|4
|
|t:|1758301875
|move|p1a: Skeledirge|Slack Off||[still]
|-fail|p1a: Skeledirge|heal
|move|p2a: Diancie|Earth Power|p1a: Skeledirge
|-supereffective|p1a: Skeledirge
|-damage|p1a: Skeledirge|60/100
|-enditem|p1a: Skeledirge|Weakness Policy
|-boost|p1a: Skeledirge|atk|2|[from] item: Weakness Policy
|-boost|p1a: Skeledirge|spa|2|[from] item: Weakness Policy
|
|-weather|Snowscape|[upkeep]
|upkeep
|turn|5
|
|t:|1758301889
|-terastallize|p1a: Skeledirge|Dragon
|move|p1a: Skeledirge|Slack Off|p1a: Skeledirge
|-heal|p1a: Skeledirge|100/100
|move|p2a: Diancie|Earth Power|p1a: Skeledirge
|-damage|p1a: Skeledirge|82/100
|
|-weather|none
|upkeep
|turn|6
|
|t:|1758301943
|move|p1a: Skeledirge|Shadow Ball|p2a: Diancie
|-damage|p2a: Diancie|48/100
|move|p2a: Diancie|Earth Power|p1a: Skeledirge
|-damage|p1a: Skeledirge|63/100
|
|-heal|p2a: Diancie|55/100|[from] item: Leftovers
|upkeep
|turn|7
|
|t:|1758301954
|move|p1a: Skeledirge|Torch Song|p2a: Diancie
|-resisted|p2a: Diancie
|-damage|p2a: Diancie|30/100
|-boost|p1a: Skeledirge|spa|1
|move|p2a: Diancie|Moonblast|p1a: Skeledirge
|-supereffective|p1a: Skeledirge
|-damage|p1a: Skeledirge|0 fnt
|faint|p1a: Skeledirge
|
|-heal|p2a: Diancie|36/100|[from] item: Leftovers
|upkeep
|
|t:|1758301972
|switch|p1a: Ursaluna|Ursaluna, M|100/100
|turn|8
|l|☆wotan888
|player|p2|
|-message|Pokenmaster2006 forfeited.
|
|win|wotan888
|raw|Pokenmaster2006's rating: 1149 &rarr; <strong>1122</strong><br />(-27 for losing)
|raw|wotan888's rating: 1124 &rarr; <strong>1151</strong><br />(+27 for winning)
|l|☆Pokenmaster2006
|player|p1|
