|j|☆lord shiddenfards
|j|☆omari p
|t:|1758260938
|gametype|singles
|player|p1|lord shiddenfards|rood|1611
|player|p2|omari p|pokemonrangerf|1876
|gen|9
|tier|[Gen 9] OU
|rated|
|rule|HP Percentage Mod: HP is shown in percentages
|rule|Endless Battle Clause: Forcing endless battles is banned
|rule|Species Clause: Limit one of each Pokémon
|rule|OHKO Clause: OHKO moves are banned
|rule|Evasion Items Clause: Evasion items are banned
|rule|Evasion Moves Clause: Evasion moves are banned
|rule|Evasion Abilities Clause: Evasion abilities are banned
|rule|Sleep Moves Clause: Sleep-inducing moves are banned
|clearpoke
|poke|p1|Ninetales, M|
|poke|p1|Great Tusk|
|poke|p1|Slither Wing|
|poke|p1|Raging Bolt|
|poke|p1|Iron Moth|
|poke|p1|Alomomola, M|
|poke|p2|Cinderace, M|
|poke|p2|Volcanion|
|poke|p2|Torkoal, M|
|poke|p2|Mandibuzz, F|
|poke|p2|Great Tusk|
|poke|p2|Fezandipiti, M|
|teampreview
|inactive|Battle timer is ON: inactive players will automatically lose when time's up. (requested by lord shiddenfards)
|
|t:|1758260978
|teamsize|p1|6
|teamsize|p2|6
|start
|switch|p1a: Raging Bolt|Raging Bolt|100/100
|switch|p2a: Haku|Great Tusk, shiny|100/100
|turn|1
|
|t:|1758261008
|-end|p2a: Haku|Protosynthesis|[silent]
|switch|p2a: Chihiro|Fezandipiti, M|100/100
|-end|p1a: Raging Bolt|Protosynthesis|[silent]
|switch|p1a: Alomomola|Alomomola, M|100/100
|
|upkeep
|turn|2
|
|t:|1758261020
|move|p2a: Chihiro|Sludge Bomb|p1a: Alomomola
|-damage|p1a: Alomomola|70/100
|-status|p1a: Alomomola|tox|[from] ability: Toxic Chain|[of] p2a: Chihiro
|-enditem|p1a: Alomomola|Eject Button
|
|t:|1758261027
|switch|p1a: Ninetales|Ninetales, M|100/100
|-weather|SunnyDay|[from] ability: Drought|[of] p1a: Ninetales
|
|-weather|SunnyDay|[upkeep]
|upkeep
|turn|3
|
|t:|1758261030
|switch|p2a: Cinderace|Cinderace, M|100/100
|move|p1a: Ninetales|Scorching Sands|p2a: Cinderace
|-supereffective|p2a: Cinderace
|-damage|p2a: Cinderace|8/100
|
|-weather|SunnyDay|[upkeep]
|upkeep
|turn|4
|
|t:|1758261036
|switch|p1a: Alomomola|Alomomola, M|100/100 tox
|move|p2a: Cinderace|Pyro Ball|p1a: Alomomola
|-resisted|p1a: Alomomola
|-damage|p1a: Alomomola|62/100 tox
|
|-weather|SunnyDay|[upkeep]
|-damage|p1a: Alomomola|56/100 tox|[from] psn
|upkeep
|turn|5
|
|t:|1758261040
|move|p2a: Cinderace|Pyro Ball|p1a: Alomomola|[miss]
|-miss|p2a: Cinderace|p1a: Alomomola
|move|p1a: Alomomola|Flip Turn|p2a: Cinderace
|-supereffective|p2a: Cinderace
|-crit|p2a: Cinderace
|-damage|p2a: Cinderace|0 fnt
|faint|p2a: Cinderace
|
|t:|1758261055
|switch|p1a: Slither Wing|Slither Wing|100/100|[from] Flip Turn
|-activate|p1a: Slither Wing|ability: Protosynthesis
|-start|p1a: Slither Wing|protosynthesisatk
|
|-weather|SunnyDay|[upkeep]
|upkeep
|
|t:|1758261062
|switch|p2a: Chihiro|Fezandipiti, M|100/100
|turn|6
|
|t:|1758261070
|move|p1a: Slither Wing|Earthquake|p2a: Chihiro
|-supereffective|p2a: Chihiro
|-damage|p2a: Chihiro|0 fnt
|faint|p2a: Chihiro
|
|-weather|none
|-end|p1a: Slither Wing|Protosynthesis
|upkeep
|
|t:|1758261073
|switch|p2a: Volcanion|Volcanion|100/100
|turn|7
|
|t:|1758261083
|-end|p1a: Slither Wing|Protosynthesis|[silent]
|switch|p1a: Raging Bolt|Raging Bolt|100/100
|move|p2a: Volcanion|Earth Power|p1a: Raging Bolt
|-supereffective|p1a: Raging Bolt
|-damage|p1a: Raging Bolt|46/100
|
|upkeep
|turn|8
|
|t:|1758261092
|-terastallize|p2a: Volcanion|Ground
|-terastallize|p1a: Raging Bolt|Fairy
|move|p2a: Volcanion|Earth Power|p1a: Raging Bolt
|-damage|p1a: Raging Bolt|2/100
|move|p1a: Raging Bolt|Volt Switch|p2a: Volcanion
|-immune|p2a: Volcanion
|
|upkeep
|turn|9
|
|t:|1758261110
|-end|p1a: Raging Bolt|Protosynthesis|[silent]
|switch|p1a: Great Tusk|Great Tusk|100/100
|move|p2a: Volcanion|Earth Power|p1a: Great Tusk
|-damage|p1a: Great Tusk|0 fnt
|faint|p1a: Great Tusk
|-end|p1a: Great Tusk|Protosynthesis|[silent]
|
|upkeep
|
|t:|1758261122
|switch|p1a: Ninetales|Ninetales, M|100/100
|-weather|SunnyDay|[from] ability: Drought|[of] p1a: Ninetales
|turn|10
|
|t:|1758261128
|switch|p2a: Torkoal|Torkoal, M, shiny|100/100
|move|p1a: Ninetales|Overheat|p2a: Torkoal
|-resisted|p2a: Torkoal
|-damage|p2a: Torkoal|29/100
|-unboost|p1a: Ninetales|spa|2
|
|-weather|SunnyDay|[upkeep]
|upkeep
|turn|11
|
|t:|1758261134
|switch|p1a: Alomomola|Alomomola, M|89/100 tox
|move|p2a: Torkoal|Stealth Rock|p1a: Alomomola
|-sidestart|p1: lord shiddenfards|move: Stealth Rock
|
|-weather|SunnyDay|[upkeep]
|-damage|p1a: Alomomola|83/100 tox|[from] psn
|upkeep
|turn|12
|
|t:|1758261137
|switch|p2a: Volcanion|Volcanion, tera:Ground|100/100
|move|p1a: Alomomola|Wish|p1a: Alomomola
|
|-weather|SunnyDay|[upkeep]
|-damage|p1a: Alomomola|71/100 tox|[from] psn
|upkeep
|turn|13
|
|t:|1758261145
|switch|p1a: Slither Wing|Slither Wing|100/100
|-damage|p1a: Slither Wing|88/100|[from] Stealth Rock
|-activate|p1a: Slither Wing|ability: Protosynthesis
|-start|p1a: Slither Wing|protosynthesisatk
|move|p2a: Volcanion|Earth Power|p1a: Slither Wing
|-resisted|p1a: Slither Wing
|-damage|p1a: Slither Wing|46/100
|
|-weather|SunnyDay|[upkeep]
|-heal|p1a: Slither Wing|100/100|[from] move: Wish|[wisher] Alomomola
|upkeep
|turn|14
|
|t:|1758261150
|switch|p2a: Omari P Bird|Mandibuzz, F, shiny|100/100
|move|p1a: Slither Wing|U-turn|p2a: Omari P Bird
|-damage|p2a: Omari P Bird|50/100
|-damage|p1a: Slither Wing|84/100|[from] item: Rocky Helmet|[of] p2a: Omari P Bird
|
|t:|1758261165
|-end|p1a: Slither Wing|Protosynthesis|[silent]
|switch|p1a: Iron Moth|Iron Moth|100/100|[from] U-turn
|-damage|p1a: Iron Moth|76/100|[from] Stealth Rock
|-enditem|p1a: Iron Moth|Booster Energy
|-activate|p1a: Iron Moth|ability: Quark Drive|[fromitem]
|-start|p1a: Iron Moth|quarkdrivespe
|
|-weather|none
|upkeep
|turn|15
|
|t:|1758261168
|switch|p2a: Volcanion|Volcanion, tera:Ground|100/100
|move|p1a: Iron Moth|Fiery Dance|p2a: Volcanion
|-damage|p2a: Volcanion|54/100
|
|upkeep
|turn|16
|
|t:|1758261179
|move|p1a: Iron Moth|Fiery Dance|p2a: Volcanion
|-damage|p2a: Volcanion|4/100
|-boost|p1a: Iron Moth|spa|1
|move|p2a: Volcanion|Earth Power|p1a: Iron Moth
|-supereffective|p1a: Iron Moth
|-damage|p1a: Iron Moth|0 fnt
|faint|p1a: Iron Moth
|-end|p1a: Iron Moth|Quark Drive|[silent]
|
|upkeep
|j| jscufy
|
|t:|1758261192
|switch|p1a: Slither Wing|Slither Wing|84/100
|-damage|p1a: Slither Wing|72/100|[from] Stealth Rock
|turn|17
|l| jscufy
|
|t:|1758261211
|switch|p2a: Omari P Bird|Mandibuzz, F, shiny|50/100
|move|p1a: Slither Wing|First Impression|p2a: Omari P Bird
|-damage|p2a: Omari P Bird|2/100
|-damage|p1a: Slither Wing|55/100|[from] item: Rocky Helmet|[of] p2a: Omari P Bird
|
|upkeep
|turn|18
|
|t:|1758261220
|-end|p1a: Slither Wing|Protosynthesis|[silent]
|switch|p1a: Alomomola|Alomomola, M|100/100 tox
|-damage|p1a: Alomomola|88/100 tox|[from] Stealth Rock
|move|p2a: Omari P Bird|Roost|p2a: Omari P Bird
|-heal|p2a: Omari P Bird|52/100
|-singleturn|p2a: Omari P Bird|move: Roost
|
|-damage|p1a: Alomomola|82/100 tox|[from] psn
|upkeep
|turn|19
|
|t:|1758261226
|switch|p2a: Volcanion|Volcanion, tera:Ground|4/100
|move|p1a: Alomomola|Wish|p1a: Alomomola
|
|-damage|p1a: Alomomola|70/100 tox|[from] psn
|upkeep
|turn|20
|
|t:|1758261230
|switch|p1a: Slither Wing|Slither Wing|55/100
|-damage|p1a: Slither Wing|43/100|[from] Stealth Rock
|move|p2a: Volcanion|Fire Blast|p1a: Slither Wing|[miss]
|-miss|p2a: Volcanion|p1a: Slither Wing
|
|-heal|p1a: Slither Wing|100/100|[from] move: Wish|[wisher] Alomomola
|upkeep
|turn|21
|
|t:|1758261237
|switch|p2a: Torkoal|Torkoal, M, shiny|29/100
|-weather|SunnyDay|[from] ability: Drought|[of] p2a: Torkoal
|-activate|p1a: Slither Wing|ability: Protosynthesis
|-start|p1a: Slither Wing|protosynthesisatk
|move|p1a: Slither Wing|U-turn|p2a: Torkoal
|-resisted|p2a: Torkoal
|-crit|p2a: Torkoal
|-damage|p2a: Torkoal|0 fnt
|faint|p2a: Torkoal
|
|t:|1758261244
|-end|p1a: Slither Wing|Protosynthesis|[silent]
|switch|p1a: Alomomola|Alomomola, M|100/100 tox|[from] U-turn
|-damage|p1a: Alomomola|88/100 tox|[from] Stealth Rock
|
|-weather|SunnyDay|[upkeep]
|-damage|p1a: Alomomola|82/100 tox|[from] psn
|upkeep
|
|t:|1758261248
|switch|p2a: Volcanion|Volcanion, tera:Ground|4/100
|turn|22
|
|t:|1758261260
|move|p2a: Volcanion|Fire Blast|p1a: Alomomola
|-resisted|p1a: Alomomola
|-damage|p1a: Alomomola|28/100 tox
|move|p1a: Alomomola|Wish|p1a: Alomomola
|
|-weather|SunnyDay|[upkeep]
|-damage|p1a: Alomomola|16/100 tox|[from] psn
|upkeep
|turn|23
|
|t:|1758261270
|switch|p1a: Ninetales|Ninetales, M|100/100
|-damage|p1a: Ninetales|76/100|[from] Stealth Rock
|move|p2a: Volcanion|Fire Blast|p1a: Ninetales|[miss]
|-miss|p2a: Volcanion|p1a: Ninetales
|
|-weather|SunnyDay|[upkeep]
|-heal|p1a: Ninetales|100/100|[from] move: Wish|[wisher] Alomomola
|upkeep
|turn|24
|c|☆omari p|really
|
|t:|1758261280
|move|p1a: Ninetales|Weather Ball|p2a: Volcanion
|-damage|p2a: Volcanion|0 fnt
|faint|p2a: Volcanion
|
|-weather|SunnyDay|[upkeep]
|upkeep
|
|t:|1758261282
|switch|p2a: Haku|Great Tusk, shiny|100/100
|-activate|p2a: Haku|ability: Protosynthesis
|-start|p2a: Haku|protosynthesisatk
|turn|25
|
|t:|1758261285
|move|p2a: Haku|Headlong Rush|p1a: Ninetales
|-supereffective|p1a: Ninetales
|-crit|p1a: Ninetales
|-damage|p1a: Ninetales|0 fnt
|-unboost|p2a: Haku|def|1
|-unboost|p2a: Haku|spd|1
|faint|p1a: Ninetales
|
|-weather|SunnyDay|[upkeep]
|upkeep
|
|t:|1758261295
|switch|p1a: Alomomola|Alomomola, M|49/100 tox
|-damage|p1a: Alomomola|37/100 tox|[from] Stealth Rock
|turn|26
|
|t:|1758261299
|-end|p2a: Haku|Protosynthesis|[silent]
|switch|p2a: Omari P Bird|Mandibuzz, F, shiny|52/100
|switch|p1a: Slither Wing|Slither Wing|100/100
|-damage|p1a: Slither Wing|88/100|[from] Stealth Rock
|-activate|p1a: Slither Wing|ability: Protosynthesis
|-start|p1a: Slither Wing|protosynthesisatk
|
|-weather|SunnyDay|[upkeep]
|upkeep
|turn|27
|
|t:|1758261305
|move|p1a: Slither Wing|U-turn|p2a: Omari P Bird
|-damage|p2a: Omari P Bird|6/100
|-damage|p1a: Slither Wing|72/100|[from] item: Rocky Helmet|[of] p2a: Omari P Bird
|
|t:|1758261308
|-end|p1a: Slither Wing|Protosynthesis|[silent]
|switch|p1a: Alomomola|Alomomola, M|70/100 tox|[from] U-turn
|-damage|p1a: Alomomola|58/100 tox|[from] Stealth Rock
|move|p2a: Omari P Bird|Roost|p2a: Omari P Bird
|-heal|p2a: Omari P Bird|56/100
|-singleturn|p2a: Omari P Bird|move: Roost
|
|-weather|SunnyDay|[upkeep]
|-damage|p1a: Alomomola|52/100 tox|[from] psn
|upkeep
|turn|28
|
|t:|1758261311
|move|p2a: Omari P Bird|Roost|p2a: Omari P Bird
|-heal|p2a: Omari P Bird|100/100
|-singleturn|p2a: Omari P Bird|move: Roost
|move|p1a: Alomomola|Healing Wish|p1a: Alomomola
|faint|p1a: Alomomola
|
|-weather|none
|upkeep
|
|t:|1758261314
|switch|p1a: Raging Bolt|Raging Bolt, tera:Fairy|2/100
|-heal|p1a: Raging Bolt|100/100|[from] move: Healing Wish
|-damage|p1a: Raging Bolt|88/100|[from] Stealth Rock
|turn|29
|
|t:|1758261323
|switch|p2a: Haku|Great Tusk, shiny|100/100
|move|p1a: Raging Bolt|Volt Switch|p2a: Haku
|-immune|p2a: Haku
|
|upkeep
|turn|30
|
|t:|1758261329
|move|p2a: Haku|Headlong Rush|p1a: Raging Bolt
|-damage|p1a: Raging Bolt|28/100
|-unboost|p2a: Haku|def|1
|-unboost|p2a: Haku|spd|1
|move|p1a: Raging Bolt|Draco Meteor|p2a: Haku
|-damage|p2a: Haku|0 fnt
|-unboost|p1a: Raging Bolt|spa|2
|faint|p2a: Haku
|-end|p2a: Haku|Protosynthesis|[silent]
|
|upkeep
|
|t:|1758261332
|switch|p2a: Omari P Bird|Mandibuzz, F, shiny|100/100
|turn|31
|
|t:|1758261337
|move|p2a: Omari P Bird|Foul Play|p1a: Raging Bolt
|-resisted|p1a: Raging Bolt
|-damage|p1a: Raging Bolt|20/100
|move|p1a: Raging Bolt|Volt Switch|p2a: Omari P Bird
|-supereffective|p2a: Omari P Bird
|-damage|p2a: Omari P Bird|64/100
|
|t:|1758261344
|-end|p1a: Raging Bolt|Protosynthesis|[silent]
|switch|p1a: Slither Wing|Slither Wing|72/100|[from] Volt Switch
|-damage|p1a: Slither Wing|60/100|[from] Stealth Rock
|
|upkeep
|turn|32
|
|t:|1758261351
|move|p1a: Slither Wing|Close Combat|p2a: Omari P Bird
|-damage|p2a: Omari P Bird|6/100
|-unboost|p1a: Slither Wing|def|1
|-unboost|p1a: Slither Wing|spd|1
|-damage|p1a: Slither Wing|43/100|[from] item: Rocky Helmet|[of] p2a: Omari P Bird
|move|p2a: Omari P Bird|Roost|p2a: Omari P Bird
|-heal|p2a: Omari P Bird|56/100
|-singleturn|p2a: Omari P Bird|move: Roost
|
|upkeep
|turn|33
|
|t:|1758261354
|move|p1a: Slither Wing|Close Combat|p2a: Omari P Bird
|-damage|p2a: Omari P Bird|0 fnt
|-unboost|p1a: Slither Wing|def|1
|-unboost|p1a: Slither Wing|spd|1
|-damage|p1a: Slither Wing|27/100|[from] item: Rocky Helmet|[of] p2a: Omari P Bird
|faint|p2a: Omari P Bird
|
|win|lord shiddenfards
|raw|lord shiddenfards's rating: 1611 &rarr; <strong>1644</strong><br />(+33 for winning)
|raw|omari p's rating: 1876 &rarr; <strong>1843</strong><br />(-33 for losing)
|l|☆omari p
|player|p2|
|l|☆lord shiddenfards
|player|p1|
