|j|☆Elcar Casas
|j|☆DankieDanko
|t:|1758334735
|gametype|singles
|player|p1|Elcar Casas|red-gen7|1209
|player|p2|DankieDanko|medium|1151
|gen|9
|tier|[Gen 9] OU
|rated|
|rule|HP Percentage Mod: HP is shown in percentages
|rule|Endless Battle Clause: Forcing endless battles is banned
|rule|Species Clause: Limit one of each Pokémon
|rule|OHKO Clause: OHKO moves are banned
|rule|Evasion Items Clause: Evasion items are banned
|rule|Evasion Moves Clause: Evasion moves are banned
|rule|Evasion Abilities Clause: Evasion abilities are banned
|rule|Sleep Moves Clause: Sleep-inducing moves are banned
|clearpoke
|poke|p1|Umbreon, M|
|poke|p1|Quaquaval, F|
|poke|p1|Meowscarada, M|
|poke|p1|Cinderace, M|
|poke|p1|Blaziken, M|
|poke|p1|Primarina, F|
|poke|p2|Metagross|
|poke|p2|Rillaboom, M|
|poke|p2|Ninetales, F|
|poke|p2|Victreebel, F|
|poke|p2|Kingambit, M|
|poke|p2|Cloyster, F|
|teampreview
|
|t:|1758334741
|teamsize|p1|6
|teamsize|p2|6
|start
|switch|p1a: Fuma Thurman|Meowscarada, M, shiny|100/100
|switch|p2a: Rillaboom|Rillaboom, M|100/100
|-fieldstart|move: Grassy Terrain|[from] ability: Grassy Surge|[of] p2a: Rillaboom
|turn|1
|
|t:|1758334751
|switch|p2a: Metagross|Metagross, shiny|100/100
|-enditem|p2a: Metagross|Grassy Seed
|-boost|p2a: Metagross|def|1|[from] item: Grassy Seed
|move|p1a: Fuma Thurman|U-turn|p2a: Metagross
|-start|p1a: Fuma Thurman|typechange|Bug|[from] ability: Protean
|-damage|p2a: Metagross|82/100
|
|t:|1758334760
|switch|p1a: Kiko Matamuros|Blaziken, M, shiny|100/100|[from] U-turn
|
|-heal|p2a: Metagross|88/100|[from] Grassy Terrain
|upkeep
|turn|2
|
|t:|1758334776
|move|p1a: Kiko Matamuros|Protect|p1a: Kiko Matamuros
|-singleturn|p1a: Kiko Matamuros|Protect
|move|p2a: Metagross|Iron Defense|p2a: Metagross
|-boost|p2a: Metagross|def|2
|
|-heal|p2a: Metagross|94/100|[from] Grassy Terrain
|-ability|p1a: Kiko Matamuros|Speed Boost|boost
|-boost|p1a: Kiko Matamuros|spe|1
|upkeep
|turn|3
|
|t:|1758334781
|move|p1a: Kiko Matamuros|Swords Dance|p1a: Kiko Matamuros
|-boost|p1a: Kiko Matamuros|atk|2
|move|p2a: Metagross|Iron Defense|p2a: Metagross
|-boost|p2a: Metagross|def|2
|
|-heal|p2a: Metagross|99/100|[from] Grassy Terrain
|-ability|p1a: Kiko Matamuros|Speed Boost|boost
|-boost|p1a: Kiko Matamuros|spe|1
|upkeep
|turn|4
|
|t:|1758334789
|move|p1a: Kiko Matamuros|Swords Dance|p1a: Kiko Matamuros
|-boost|p1a: Kiko Matamuros|atk|2
|move|p2a: Metagross|Body Press|p1a: Kiko Matamuros
|-damage|p1a: Kiko Matamuros|0 fnt
|faint|p1a: Kiko Matamuros
|
|-heal|p2a: Metagross|100/100|[from] Grassy Terrain
|upkeep
|
|t:|1758334797
|switch|p1a: Cindedine Cidane|Cinderace, M, shiny|100/100
|turn|5
|
|t:|1758334802
|move|p1a: Cindedine Cidane|Pyro Ball|p2a: Metagross
|-supereffective|p2a: Metagross
|-damage|p2a: Metagross|81/100
|move|p2a: Metagross|Body Press|p1a: Cindedine Cidane
|-damage|p1a: Cindedine Cidane|0 fnt
|faint|p1a: Cindedine Cidane
|
|-heal|p2a: Metagross|87/100|[from] Grassy Terrain
|-fieldend|move: Grassy Terrain
|upkeep
|
|t:|1758334807
|switch|p1a: Beyoncé Floatless|Primarina, F, shiny|100/100
|turn|6
|
|t:|1758334811
|move|p2a: Metagross|Trailblaze|p1a: Beyoncé Floatless
|-supereffective|p1a: Beyoncé Floatless
|-damage|p1a: Beyoncé Floatless|57/100
|-boost|p2a: Metagross|spe|1
|move|p1a: Beyoncé Floatless|Hyper Voice|p2a: Metagross
|-damage|p2a: Metagross|31/100
|
|upkeep
|turn|7
|
|t:|1758334818
|move|p2a: Metagross|Bullet Punch|p1a: Beyoncé Floatless
|-damage|p1a: Beyoncé Floatless|33/100
|move|p1a: Beyoncé Floatless|Hyper Voice|p2a: Metagross
|-damage|p2a: Metagross|0 fnt
|faint|p2a: Metagross
|
|upkeep
|
|t:|1758334821
|switch|p2a: Rillaboom|Rillaboom, M|100/100
|-fieldstart|move: Grassy Terrain|[from] ability: Grassy Surge|[of] p2a: Rillaboom
|turn|8
|
|t:|1758334838
|switch|p2a: Ninetales|Ninetales, F, shiny|100/100
|-weather|SunnyDay|[from] ability: Drought|[of] p2a: Ninetales
|move|p1a: Beyoncé Floatless|Moonblast|p2a: Ninetales
|-resisted|p2a: Ninetales
|-damage|p2a: Ninetales|68/100
|
|-weather|SunnyDay|[upkeep]
|-heal|p2a: Ninetales|74/100|[from] Grassy Terrain
|-heal|p1a: Beyoncé Floatless|39/100|[from] Grassy Terrain
|upkeep
|turn|9
|
|t:|1758334847
|move|p2a: Ninetales|Energy Ball|p1a: Beyoncé Floatless
|-supereffective|p1a: Beyoncé Floatless
|-damage|p1a: Beyoncé Floatless|0 fnt
|faint|p1a: Beyoncé Floatless
|
|-weather|SunnyDay|[upkeep]
|-heal|p2a: Ninetales|80/100|[from] Grassy Terrain
|upkeep
|
|t:|1758334857
|switch|p1a: Z|Umbreon, M|100/100
|turn|10
|
|t:|1758334863
|move|p2a: Ninetales|Flamethrower|p1a: Z
|-damage|p1a: Z|68/100
|-status|p1a: Z|brn
|-activate|p1a: Z|ability: Synchronize
|-immune|p2a: Ninetales
|move|p1a: Z|Toxic|p2a: Ninetales
|-status|p2a: Ninetales|tox
|
|-weather|SunnyDay|[upkeep]
|-heal|p2a: Ninetales|86/100 tox|[from] Grassy Terrain
|-heal|p1a: Z|74/100 brn|[from] Grassy Terrain
|-heal|p1a: Z|81/100 brn|[from] item: Leftovers
|-damage|p2a: Ninetales|80/100 tox|[from] psn
|-damage|p1a: Z|74/100 brn|[from] brn
|upkeep
|turn|11
|
|t:|1758334883
|switch|p2a: Rillaboom|Rillaboom, M|100/100
|move|p1a: Z|Wish|p1a: Z
|
|-weather|SunnyDay|[upkeep]
|-heal|p1a: Z|81/100 brn|[from] Grassy Terrain
|-heal|p1a: Z|87/100 brn|[from] item: Leftovers
|-damage|p1a: Z|81/100 brn|[from] brn
|upkeep
|turn|12
|
|t:|1758334896
|move|p2a: Rillaboom|Wood Hammer|p1a: Z
|-damage|p1a: Z|26/100 brn
|-damage|p2a: Rillaboom|80/100|[from] Recoil
|move|p1a: Z|Toxic|p2a: Rillaboom|[miss]
|-miss|p1a: Z|p2a: Rillaboom
|
|-weather|none
|-heal|p1a: Z|76/100 brn|[from] move: Wish|[wisher] Z
|-heal|p2a: Rillaboom|86/100|[from] Grassy Terrain
|-heal|p1a: Z|82/100 brn|[from] Grassy Terrain
|-heal|p1a: Z|88/100 brn|[from] item: Leftovers
|-damage|p1a: Z|82/100 brn|[from] brn
|-fieldend|move: Grassy Terrain
|upkeep
|turn|13
|
|t:|1758334910
|switch|p2a: Ninetales|Ninetales, F, shiny|80/100 tox
|-weather|SunnyDay|[from] ability: Drought|[of] p2a: Ninetales
|move|p1a: Z|Toxic|p2a: Ninetales|[miss]
|-miss|p1a: Z|p2a: Ninetales
|
|-weather|SunnyDay|[upkeep]
|-heal|p1a: Z|88/100 brn|[from] item: Leftovers
|-damage|p2a: Ninetales|74/100 tox|[from] psn
|-damage|p1a: Z|82/100 brn|[from] brn
|upkeep
|turn|14
|
|t:|1758334917
|move|p2a: Ninetales|Memento|p1a: Z
|-unboost|p1a: Z|atk|2
|-unboost|p1a: Z|spa|2
|faint|p2a: Ninetales
|move|p1a: Z|Wish|p1a: Z
|
|-weather|SunnyDay|[upkeep]
|-heal|p1a: Z|88/100 brn|[from] item: Leftovers
|-damage|p1a: Z|82/100 brn|[from] brn
|upkeep
|
|t:|1758334924
|switch|p2a: Victreebel|Victreebel, F|100/100
|turn|15
|
|t:|1758334935
|move|p2a: Victreebel|Sludge Wave|p1a: Z
|-damage|p1a: Z|52/100 brn
|move|p1a: Z|Foul Play|p2a: Victreebel
|-damage|p2a: Victreebel|81/100
|
|-weather|SunnyDay|[upkeep]
|-heal|p1a: Z|100/100 brn|[from] move: Wish|[wisher] Z
|-heal|p2a: Victreebel|87/100|[from] item: Leftovers
|-damage|p1a: Z|94/100 brn|[from] brn
|upkeep
|turn|16
|
|t:|1758334952
|-terastallize|p2a: Victreebel|Fire
|move|p2a: Victreebel|Weather Ball|p1a: Z
|-damage|p1a: Z|45/100 brn
|move|p1a: Z|Foul Play|p2a: Victreebel
|-damage|p2a: Victreebel|67/100
|
|-weather|SunnyDay|[upkeep]
|-heal|p2a: Victreebel|73/100|[from] item: Leftovers
|-heal|p1a: Z|51/100 brn|[from] item: Leftovers
|-damage|p1a: Z|45/100 brn|[from] brn
|upkeep
|turn|17
|
|t:|1758334960
|move|p2a: Victreebel|Weather Ball|p1a: Z
|-damage|p1a: Z|0 fnt
|faint|p1a: Z
|
|-weather|none
|-heal|p2a: Victreebel|79/100|[from] item: Leftovers
|upkeep
|
|t:|1758334964
|switch|p1a: Elsa Pataso|Quaquaval, F, shiny|100/100
|turn|18
|
|t:|1758334968
|move|p1a: Elsa Pataso|Aqua Step|p2a: Victreebel
|-supereffective|p2a: Victreebel
|-damage|p2a: Victreebel|0 fnt
|-boost|p1a: Elsa Pataso|spe|1
|faint|p2a: Victreebel
|-ability|p1a: Elsa Pataso|Moxie|boost
|-boost|p1a: Elsa Pataso|atk|1
|
|upkeep
|inactive|Battle timer is ON: inactive players will automatically lose when time's up. (requested by Elcar Casas)
|
|t:|1758334972
|switch|p2a: Rillaboom|Rillaboom, M|86/100
|-fieldstart|move: Grassy Terrain|[from] ability: Grassy Surge|[of] p2a: Rillaboom
|turn|19
|
|t:|1758334978
|-terastallize|p1a: Elsa Pataso|Water
|move|p2a: Rillaboom|Grassy Glide|p1a: Elsa Pataso
|-supereffective|p1a: Elsa Pataso
|-damage|p1a: Elsa Pataso|12/100
|move|p1a: Elsa Pataso|Close Combat|p2a: Rillaboom
|-damage|p2a: Rillaboom|0 fnt
|-unboost|p1a: Elsa Pataso|def|1
|-unboost|p1a: Elsa Pataso|spd|1
|faint|p2a: Rillaboom
|-ability|p1a: Elsa Pataso|Moxie|boost
|-boost|p1a: Elsa Pataso|atk|1
|
|-heal|p1a: Elsa Pataso|18/100|[from] Grassy Terrain
|upkeep
|
|t:|1758334992
|switch|p2a: Kingambit|Kingambit, M|100/100
|-activate|p2a: Kingambit|ability: Supreme Overlord
|-start|p2a: Kingambit|fallen4|[silent]
|turn|20
|
|t:|1758334996
|move|p2a: Kingambit|Sucker Punch|p1a: Elsa Pataso
|-damage|p1a: Elsa Pataso|0 fnt
|faint|p1a: Elsa Pataso
|
|upkeep
|
|t:|1758334998
|switch|p1a: Fuma Thurman|Meowscarada, M, shiny|100/100
|turn|21
|
|t:|1758335000
|move|p2a: Kingambit|Sucker Punch|p1a: Fuma Thurman
|-resisted|p1a: Fuma Thurman
|-damage|p1a: Fuma Thurman|30/100
|move|p1a: Fuma Thurman|Flower Trick|p2a: Kingambit
|-start|p1a: Fuma Thurman|typechange|Grass|[from] ability: Protean
|-resisted|p2a: Kingambit
|-crit|p2a: Kingambit
|-damage|p2a: Kingambit|66/100
|
|-heal|p1a: Fuma Thurman|36/100|[from] Grassy Terrain
|-heal|p2a: Kingambit|72/100|[from] Grassy Terrain
|upkeep
|turn|22
|
|t:|1758335002
|move|p2a: Kingambit|Sucker Punch|p1a: Fuma Thurman
|-damage|p1a: Fuma Thurman|0 fnt
|faint|p1a: Fuma Thurman
|
|win|DankieDanko
|raw|Elcar Casas's rating: 1209 &rarr; <strong>1180</strong><br />(-29 for losing)
|raw|DankieDanko's rating: 1151 &rarr; <strong>1180</strong><br />(+29 for winning)
|l|☆Elcar Casas
|player|p1|
|c|☆DankieDanko|Gg
|l|☆DankieDanko
|player|p2|
