|j|‽empire on CD
|j|☆hamoodhabibihamood
|t:|1758257647
|gametype|singles
|player|p1|empire on CD|gambler|1105
|player|p2|hamoodhabibihamood|266|1167
|gen|9
|tier|[Gen 9] OU
|rated|
|rule|HP Percentage Mod: HP is shown in percentages
|rule|Endless Battle Clause: Forcing endless battles is banned
|rule|Species Clause: Limit one of each Pokémon
|rule|OHKO Clause: OHKO moves are banned
|rule|Evasion Items Clause: Evasion items are banned
|rule|Evasion Moves Clause: Evasion moves are banned
|rule|Evasion Abilities Clause: Evasion abilities are banned
|rule|Sleep Moves Clause: Sleep-inducing moves are banned
|clearpoke
|poke|p1|Skuntank, F|
|poke|p1|Breloom, F|
|poke|p1|Sinistcha-Masterpiece|
|poke|p1|Gengar, M|
|poke|p1|Scizor, M|
|poke|p1|Iron Hands|
|poke|p2|Dondozo, F|
|poke|p2|Blissey, F|
|poke|p2|Kingambit, M|
|poke|p2|Raging Bolt|
|poke|p2|Kyurem|
|poke|p2|Pecharunt|
|teampreview
|inactive|Battle timer is ON: inactive players will automatically lose when time's up. (requested by hamoodhabibihamood)
|inactive|empire on CD also wants the timer to be on.
|
|t:|1758257674
|teamsize|p1|6
|teamsize|p2|6
|start
|switch|p1a: Skuntank|Skuntank, F, shiny|100/100
|switch|p2a: Raging Bolt|Raging Bolt|100/100
|turn|1
|
|t:|1758257679
|-terastallize|p2a: Raging Bolt|Electric
|move|p1a: Skuntank|Crunch|p2a: Raging Bolt
|-damage|p2a: Raging Bolt|75/100
|move|p2a: Raging Bolt|Volt Switch|p1a: Skuntank
|-damage|p1a: Skuntank|12/100
|
|t:|1758257688
|-end|p2a: Raging Bolt|Protosynthesis|[silent]
|switch|p2a: Dondozo|Dondozo, F|100/100|[from] Volt Switch
|
|upkeep
|turn|2
|
|t:|1758257697
|switch|p1a: Sinistcha|Sinistcha-Masterpiece|100/100
|move|p2a: Dondozo|Curse|p2a: Dondozo
|-unboost|p2a: Dondozo|spe|1
|-boost|p2a: Dondozo|atk|1
|-boost|p2a: Dondozo|def|1
|
|upkeep
|turn|3
|
|t:|1758257704
|switch|p2a: Blissey|Blissey, F|100/100
|move|p1a: Sinistcha|Stun Spore|p2a: Blissey|[miss]
|-miss|p1a: Sinistcha|p2a: Blissey
|-enditem|p1a: Sinistcha|Blunder Policy
|-boost|p1a: Sinistcha|spe|2
|
|upkeep
|turn|4
|
|t:|1758257711
|move|p1a: Sinistcha|Matcha Gotcha|p2a: Blissey
|-damage|p2a: Blissey|87/100
|-status|p2a: Blissey|brn
|move|p2a: Blissey|Thunder Wave|p1a: Sinistcha
|-status|p1a: Sinistcha|par
|
|-heal|p2a: Blissey|93/100 brn|[from] item: Leftovers
|-damage|p2a: Blissey|87/100 brn|[from] brn
|upkeep
|turn|5
|
|t:|1758257721
|switch|p1a: Iron Hands|Iron Hands|100/100
|-enditem|p1a: Iron Hands|Booster Energy
|-activate|p1a: Iron Hands|ability: Quark Drive|[fromitem]
|-start|p1a: Iron Hands|quarkdriveatk
|move|p2a: Blissey|Stealth Rock|p1a: Iron Hands
|-sidestart|p1: empire on CD|move: Stealth Rock
|
|-heal|p2a: Blissey|93/100 brn|[from] item: Leftovers
|-damage|p2a: Blissey|87/100 brn|[from] brn
|upkeep
|turn|6
|
|t:|1758257729
|-curestatus|p2a: Blissey|brn|[from] ability: Natural Cure
|switch|p2a: Dondozo|Dondozo, F|100/100
|move|p1a: Iron Hands|Drain Punch|p2a: Dondozo
|-damage|p2a: Dondozo|72/100
|
|upkeep
|turn|7
|
|t:|1758257739
|move|p1a: Iron Hands|Thunder Punch|p2a: Dondozo
|-supereffective|p2a: Dondozo
|-damage|p2a: Dondozo|18/100
|-status|p2a: Dondozo|par
|move|p2a: Dondozo|Rest|p2a: Dondozo
|-status|p2a: Dondozo|slp|[from] move: Rest
|-heal|p2a: Dondozo|100/100 slp|[silent]
|-enditem|p2a: Dondozo|Chesto Berry|[eat]
|-curestatus|p2a: Dondozo|slp|[msg]
|
|upkeep
|turn|8
|
|t:|1758257748
|move|p1a: Iron Hands|Thunder Punch|p2a: Dondozo
|-supereffective|p2a: Dondozo
|-damage|p2a: Dondozo|50/100
|move|p2a: Dondozo|Curse|p2a: Dondozo
|-unboost|p2a: Dondozo|spe|1
|-boost|p2a: Dondozo|atk|1
|-boost|p2a: Dondozo|def|1
|
|upkeep
|turn|9
|
|t:|1758257755
|move|p1a: Iron Hands|Thunder Punch|p2a: Dondozo
|-supereffective|p2a: Dondozo
|-damage|p2a: Dondozo|17/100
|move|p2a: Dondozo|Rest|p2a: Dondozo
|-status|p2a: Dondozo|slp|[from] move: Rest
|-heal|p2a: Dondozo|100/100 slp|[silent]
|
|upkeep
|turn|10
|
|t:|1758257761
|move|p1a: Iron Hands|Thunder Punch|p2a: Dondozo
|-supereffective|p2a: Dondozo
|-damage|p2a: Dondozo|68/100 slp
|cant|p2a: Dondozo|slp
|
|upkeep
|turn|11
|
|t:|1758257766
|move|p1a: Iron Hands|Thunder Punch|p2a: Dondozo
|-supereffective|p2a: Dondozo
|-damage|p2a: Dondozo|34/100 slp
|cant|p2a: Dondozo|slp
|
|upkeep
|turn|12
|
|t:|1758257771
|move|p1a: Iron Hands|Thunder Punch|p2a: Dondozo
|-supereffective|p2a: Dondozo
|-damage|p2a: Dondozo|0 fnt
|faint|p2a: Dondozo
|
|upkeep
|
|t:|1758257784
|switch|p2a: Kyurem|Kyurem|100/100
|-ability|p2a: Kyurem|Pressure
|turn|13
|
|t:|1758257788
|move|p1a: Iron Hands|Drain Punch|p2a: Kyurem
|-supereffective|p2a: Kyurem
|-damage|p2a: Kyurem|0 fnt
|faint|p2a: Kyurem
|
|upkeep
|
|t:|1758257799
|switch|p2a: Pecharunt|Pecharunt|100/100
|turn|14
|
|t:|1758257802
|-terastallize|p1a: Iron Hands|Steel
|move|p2a: Pecharunt|Malignant Chain|p1a: Iron Hands
|-immune|p1a: Iron Hands
|move|p1a: Iron Hands|Thunder Punch|p2a: Pecharunt
|-damage|p2a: Pecharunt|62/100
|
|-heal|p2a: Pecharunt|68/100|[from] item: Leftovers
|upkeep
|turn|15
|
|t:|1758257812
|move|p2a: Pecharunt|Shadow Ball|p1a: Iron Hands
|-damage|p1a: Iron Hands|71/100
|move|p1a: Iron Hands|Iron Head|p2a: Pecharunt
|-damage|p2a: Pecharunt|30/100
|
|-heal|p2a: Pecharunt|36/100|[from] item: Leftovers
|upkeep
|turn|16
|
|t:|1758257821
|move|p2a: Pecharunt|Shadow Ball|p1a: Iron Hands
|-damage|p1a: Iron Hands|38/100
|-unboost|p1a: Iron Hands|spd|1
|move|p1a: Iron Hands|Thunder Punch|p2a: Pecharunt
|-damage|p2a: Pecharunt|0 fnt
|faint|p2a: Pecharunt
|
|upkeep
|
|t:|1758257827
|switch|p2a: Raging Bolt|Raging Bolt, tera:Electric|75/100
|turn|17
|
|t:|1758257844
|-end|p1a: Iron Hands|Quark Drive|[silent]
|switch|p1a: Skuntank|Skuntank, F, shiny|12/100
|-damage|p1a: Skuntank|0 fnt|[from] Stealth Rock
|faint|p1a: Skuntank
|move|p2a: Raging Bolt|Thunderclap|p1: Skuntank|[notarget]
|-fail|p2a: Raging Bolt
|
|upkeep
|
|t:|1758257850
|switch|p1a: Scizor|Scizor, M|100/100
|-damage|p1a: Scizor|88/100|[from] Stealth Rock
|turn|18
|
|t:|1758257857
|move|p2a: Raging Bolt|Thunderclap||[still]
|-fail|p2a: Raging Bolt
|move|p1a: Scizor|Swords Dance|p1a: Scizor
|-boost|p1a: Scizor|atk|2
|
|upkeep
|turn|19
|
|t:|1758257862
|move|p2a: Raging Bolt|Thunderclap|p1a: Scizor
|-damage|p1a: Scizor|0 fnt
|faint|p1a: Scizor
|
|upkeep
|
|t:|1758257876
|switch|p1a: Iron Hands|Iron Hands, tera:Steel|38/100
|-damage|p1a: Iron Hands|31/100|[from] Stealth Rock
|turn|20
|inactive|hamoodhabibihamood has 120 seconds left.
|
|t:|1758257907
|move|p1a: Iron Hands|Fake Out|p2a: Raging Bolt
|-damage|p2a: Raging Bolt|62/100
|cant|p2a: Raging Bolt|flinch
|
|upkeep
|turn|21
|
|t:|1758257914
|-end|p1a: Iron Hands|Quark Drive|[silent]
|switch|p1a: Gengar|Gengar, M|100/100
|-damage|p1a: Gengar|88/100|[from] Stealth Rock
|move|p2a: Raging Bolt|Thunderclap||[still]
|-fail|p2a: Raging Bolt
|
|upkeep
|turn|22
|
|t:|1758257921
|-end|p2a: Raging Bolt|Protosynthesis|[silent]
|switch|p2a: Kingambit|Kingambit, M|100/100
|-activate|p2a: Kingambit|ability: Supreme Overlord
|-start|p2a: Kingambit|fallen3|[silent]
|move|p1a: Gengar|Destiny Bond|p1a: Gengar
|-singlemove|p1a: Gengar|Destiny Bond
|
|upkeep
|turn|23
|inactive|hamoodhabibihamood has 120 seconds left.
|inactive|hamoodhabibihamood has 90 seconds left.
|
|t:|1758257976
|switch|p1a: Iron Hands|Iron Hands, tera:Steel|31/100
|-damage|p1a: Iron Hands|25/100|[from] Stealth Rock
|move|p2a: Kingambit|Iron Head|p1a: Iron Hands
|-resisted|p1a: Iron Hands
|-damage|p1a: Iron Hands|5/100
|
|upkeep
|turn|24
|
|t:|1758257983
|move|p1a: Iron Hands|Fake Out|p2a: Kingambit
|-resisted|p2a: Kingambit
|-damage|p2a: Kingambit|95/100
|cant|p2a: Kingambit|flinch
|
|upkeep
|turn|25
|
|t:|1758257987
|move|p2a: Kingambit|Sucker Punch|p1a: Iron Hands
|-damage|p1a: Iron Hands|0 fnt
|faint|p1a: Iron Hands
|-end|p1a: Iron Hands|Quark Drive|[silent]
|
|upkeep
|
|t:|1758257992
|switch|p1a: Breloom|Breloom, F|100/100
|-damage|p1a: Breloom|94/100|[from] Stealth Rock
|turn|26
|inactive|hamoodhabibihamood has 120 seconds left.
|
|t:|1758257997
|-end|p2a: Kingambit|fallen3|[silent]
|switch|p2a: Blissey|Blissey, F|87/100
|move|p1a: Breloom|Mach Punch|p2a: Blissey
|-supereffective|p2a: Blissey
|-damage|p2a: Blissey|14/100
|-damage|p1a: Breloom|84/100|[from] item: Life Orb
|
|-heal|p2a: Blissey|20/100|[from] item: Leftovers
|upkeep
|turn|27
|
|t:|1758258006
|move|p1a: Breloom|Bullet Seed|p2a: Blissey
|-damage|p2a: Blissey|0 fnt
|faint|p2a: Blissey
|-hitcount|p2: Blissey|1
|-damage|p1a: Breloom|74/100|[from] item: Life Orb
|
|upkeep
|inactive|hamoodhabibihamood has 120 seconds left.
|
|t:|1758258025
|switch|p2a: Raging Bolt|Raging Bolt, tera:Electric|62/100
|turn|28
|
|t:|1758258027
|move|p1a: Breloom|Mach Punch|p2a: Raging Bolt
|-damage|p2a: Raging Bolt|24/100
|-damage|p1a: Breloom|64/100|[from] item: Life Orb
|move|p2a: Raging Bolt|Draco Meteor|p1a: Breloom
|-damage|p1a: Breloom|0 fnt
|-unboost|p2a: Raging Bolt|spa|2
|faint|p1a: Breloom
|
|upkeep
|
|t:|1758258043
|switch|p1a: Sinistcha|Sinistcha-Masterpiece|100/100 par
|-damage|p1a: Sinistcha|88/100 par|[from] Stealth Rock
|turn|29
|inactive|hamoodhabibihamood has 120 seconds left.
|inactive|hamoodhabibihamood has 90 seconds left.
|
|t:|1758258118
|move|p2a: Raging Bolt|Draco Meteor|p1a: Sinistcha
|-damage|p1a: Sinistcha|8/100 par
|-unboost|p2a: Raging Bolt|spa|2
|move|p1a: Sinistcha|Matcha Gotcha|p2a: Raging Bolt
|-damage|p2a: Raging Bolt|0 fnt
|-heal|p1a: Sinistcha|27/100 par|[from] drain|[of] p2a: Raging Bolt
|faint|p2a: Raging Bolt
|-end|p2a: Raging Bolt|Protosynthesis|[silent]
|
|upkeep
|
|t:|1758258123
|switch|p2a: Kingambit|Kingambit, M|95/100
|-activate|p2a: Kingambit|ability: Supreme Overlord
|-start|p2a: Kingambit|fallen5|[silent]
|turn|30
|c|☆hamoodhabibihamood|ggez
|
|t:|1758258130
|move|p2a: Kingambit|Kowtow Cleave|p1a: Sinistcha
|-supereffective|p1a: Sinistcha
|-damage|p1a: Sinistcha|0 fnt
|faint|p1a: Sinistcha
|
|upkeep
|
|t:|1758258136
|switch|p1a: Gengar|Gengar, M|88/100
|-damage|p1a: Gengar|76/100|[from] Stealth Rock
|turn|31
|inactive|hamoodhabibihamood has 90 seconds left.
|inactive|hamoodhabibihamood has 60 seconds left.
|inactive|hamoodhabibihamood has 30 seconds left.
|inactive|hamoodhabibihamood has 20 seconds left.
|inactive|hamoodhabibihamood has 15 seconds left.
|inactive|hamoodhabibihamood has 10 seconds left.
|inactive|hamoodhabibihamood has 5 seconds left.
|-message|hamoodhabibihamood lost due to inactivity.
|
|win|empire on CD
|raw|empire on CD's rating: 1105 &rarr; <strong>1132</strong><br />(+27 for winning)
|raw|hamoodhabibihamood's rating: 1139 &rarr; <strong>1112</strong><br />(-27 for losing)
|l|‽empire on CD
|player|p1|
