|j|☆SML Shrek
|j|☆Rising Ursaring
|t:|1758305598
|gametype|singles
|player|p1|SML Shrek|hiker-gen4|1465
|player|p2|Rising Ursaring|169|1519
|gen|9
|tier|[Gen 9] OU
|rated|
|rule|HP Percentage Mod: HP is shown in percentages
|rule|Endless Battle Clause: Forcing endless battles is banned
|rule|Species Clause: Limit one of each Pokémon
|rule|OHKO Clause: OHKO moves are banned
|rule|Evasion Items Clause: Evasion items are banned
|rule|Evasion Moves Clause: Evasion moves are banned
|rule|Evasion Abilities Clause: Evasion abilities are banned
|rule|Sleep Moves Clause: Sleep-inducing moves are banned
|clearpoke
|poke|p1|Ribombee, F|
|poke|p1|Cinderace, F|
|poke|p1|Quaquaval, M|
|poke|p1|Gholdengo|
|poke|p1|Sinistcha|
|poke|p1|Ting-Lu|
|poke|p2|Sinistcha|
|poke|p2|Slowking-Galar, F|
|poke|p2|Great Tusk|
|poke|p2|Clefable, F|
|poke|p2|Gholdengo|
|poke|p2|Landorus-Therian, M|
|teampreview
|inactive|Battle timer is ON: inactive players will automatically lose when time's up. (requested by Rising Ursaring)
|
|t:|1758305608
|teamsize|p1|6
|teamsize|p2|6
|start
|switch|p1a: Ribombee|Ribombee, F|100/100
|switch|p2a: Landorus|Landorus-Therian, M|100/100
|-ability|p2a: Landorus|Intimidate|boost
|-unboost|p1a: Ribombee|atk|1
|turn|1
|
|t:|1758305618
|move|p2a: Landorus|U-turn|p1a: Ribombee
|-resisted|p1a: Ribombee
|-damage|p1a: Ribombee|80/100
|
|t:|1758305640
|switch|p2a: Slowking|Slowking-Galar, F|100/100|[from] U-turn
|move|p1a: Ribombee|Stun Spore|p2a: Slowking
|-status|p2a: Slowking|par
|
|upkeep
|turn|2
|
|t:|1758305647
|move|p1a: Ribombee|Sticky Web|p2a: Slowking
|-sidestart|p2: Rising Ursaring|move: Sticky Web
|move|p2a: Slowking|Future Sight|p1a: Ribombee
|-start|p2a: Slowking|move: Future Sight
|
|upkeep
|turn|3
|
|t:|1758305650
|switch|p1a: Ting-Lu|Ting-Lu|100/100
|-ability|p1a: Ting-Lu|Vessel of Ruin
|-prepare|p2a: Slowking|Chilly Reception|[premajor]
|cant|p2a: Slowking|par
|
|upkeep
|turn|4
|
|t:|1758305657
|switch|p2a: Great Tusk|Great Tusk|100/100
|-activate|p2a: Great Tusk|move: Sticky Web
|-unboost|p2a: Great Tusk|spe|1
|move|p1a: Ting-Lu|Stealth Rock|p2a: Great Tusk
|-sidestart|p2: Rising Ursaring|move: Stealth Rock
|
|-end|p1a: Ting-Lu|move: Future Sight
|-immune|p1a: Ting-Lu
|upkeep
|turn|5
|
|t:|1758305666
|-terastallize|p1a: Ting-Lu|Ghost
|move|p2a: Great Tusk|Ice Spinner|p1a: Ting-Lu
|-damage|p1a: Ting-Lu|87/100
|move|p1a: Ting-Lu|Spikes|p2a: Great Tusk
|-sidestart|p2: Rising Ursaring|Spikes
|
|-heal|p1a: Ting-Lu|93/100|[from] item: Leftovers
|upkeep
|turn|6
|
|t:|1758305673
|move|p2a: Great Tusk|Bulk Up|p2a: Great Tusk
|-boost|p2a: Great Tusk|atk|1
|-boost|p2a: Great Tusk|def|1
|move|p1a: Ting-Lu|Spikes|p2a: Great Tusk
|-sidestart|p2: Rising Ursaring|Spikes
|
|-heal|p1a: Ting-Lu|99/100|[from] item: Leftovers
|upkeep
|turn|7
|
|t:|1758305682
|move|p2a: Great Tusk|Bulk Up|p2a: Great Tusk
|-boost|p2a: Great Tusk|atk|1
|-boost|p2a: Great Tusk|def|1
|move|p1a: Ting-Lu|Spikes|p2a: Great Tusk
|-sidestart|p2: Rising Ursaring|Spikes
|
|-heal|p1a: Ting-Lu|100/100|[from] item: Leftovers
|upkeep
|turn|8
|
|t:|1758305689
|move|p2a: Great Tusk|Headlong Rush|p1a: Ting-Lu
|-damage|p1a: Ting-Lu|41/100
|-unboost|p2a: Great Tusk|def|1
|-unboost|p2a: Great Tusk|spd|1
|move|p1a: Ting-Lu|Whirlwind|p2a: Great Tusk
|-end|p2a: Great Tusk|Protosynthesis|[silent]
|drag|p2a: Sinistcha|Sinistcha|100/100
|-activate|p2a: Sinistcha|move: Sticky Web
|-unboost|p2a: Sinistcha|spe|1
|-damage|p2a: Sinistcha|88/100|[from] Stealth Rock
|-damage|p2a: Sinistcha|63/100|[from] Spikes
|
|-heal|p1a: Ting-Lu|47/100|[from] item: Leftovers
|-heal|p2a: Sinistcha|69/100|[from] item: Leftovers
|upkeep
|turn|9
|
|t:|1758305705
|switch|p1a: Ribombee|Ribombee, F|80/100
|move|p2a: Sinistcha|Shadow Ball|p1a: Ribombee
|-damage|p1a: Ribombee|33/100
|
|-heal|p2a: Sinistcha|75/100|[from] item: Leftovers
|upkeep
|turn|10
|
|t:|1758305720
|switch|p2a: Slowking|Slowking-Galar, F|100/100 par
|move|p1a: Ribombee|Moonblast|p2a: Slowking
|-resisted|p2a: Slowking
|-damage|p2a: Slowking|91/100 par
|
|upkeep
|turn|11
|
|t:|1758305731
|switch|p1a: Ting-Lu|Ting-Lu, tera:Ghost|47/100
|-ability|p1a: Ting-Lu|Vessel of Ruin
|cant|p2a: Slowking|par
|
|-heal|p1a: Ting-Lu|53/100|[from] item: Leftovers
|upkeep
|turn|12
|
|t:|1758305739
|cant|p2a: Slowking|par
|move|p1a: Ting-Lu|Whirlwind|p2a: Slowking
|drag|p2a: Sinistcha|Sinistcha|75/100
|-activate|p2a: Sinistcha|move: Sticky Web
|-unboost|p2a: Sinistcha|spe|1
|-damage|p2a: Sinistcha|63/100|[from] Stealth Rock
|-damage|p2a: Sinistcha|38/100|[from] Spikes
|
|-heal|p1a: Ting-Lu|59/100|[from] item: Leftovers
|-heal|p2a: Sinistcha|44/100|[from] item: Leftovers
|upkeep
|turn|13
|c|☆Rising Ursaring|lol
|
|t:|1758305748
|move|p2a: Sinistcha|Strength Sap|p1a: Ting-Lu
|-unboost|p1a: Ting-Lu|atk|1
|-heal|p2a: Sinistcha|100/100
|move|p1a: Ting-Lu|Whirlwind|p2a: Sinistcha
|drag|p2a: Gholdengo|Gholdengo|100/100
|-activate|p2a: Gholdengo|move: Sticky Web
|-unboost|p2a: Gholdengo|spe|1
|-damage|p2a: Gholdengo|94/100|[from] Stealth Rock
|-damage|p2a: Gholdengo|70/100|[from] Spikes
|
|-heal|p2a: Gholdengo|76/100|[from] item: Leftovers
|-heal|p1a: Ting-Lu|66/100|[from] item: Leftovers
|upkeep
|turn|14
|
|t:|1758305767
|-terastallize|p2a: Gholdengo|Fairy
|move|p2a: Gholdengo|Nasty Plot|p2a: Gholdengo
|-boost|p2a: Gholdengo|spa|2
|move|p1a: Ting-Lu|Whirlwind|p2a: Gholdengo
|-immune|p2a: Gholdengo|[from] ability: Good as Gold
|
|-heal|p2a: Gholdengo|82/100|[from] item: Leftovers
|-heal|p1a: Ting-Lu|72/100|[from] item: Leftovers
|upkeep
|turn|15
|c|☆SML Shrek|fuck
|
|t:|1758305779
|move|p2a: Gholdengo|Shadow Ball|p1a: Ting-Lu
|-supereffective|p1a: Ting-Lu
|-damage|p1a: Ting-Lu|6/100
|move|p1a: Ting-Lu|Ruination|p2a: Gholdengo
|-damage|p2a: Gholdengo|41/100
|
|-heal|p2a: Gholdengo|47/100|[from] item: Leftovers
|-heal|p1a: Ting-Lu|12/100|[from] item: Leftovers
|upkeep
|turn|16
|c|☆SML Shrek|Yeah, I haven't slept all night
|
|t:|1758305795
|move|p2a: Gholdengo|Shadow Ball|p1a: Ting-Lu
|-supereffective|p1a: Ting-Lu
|-damage|p1a: Ting-Lu|0 fnt
|faint|p1a: Ting-Lu
|
|-heal|p2a: Gholdengo|53/100|[from] item: Leftovers
|upkeep
|c|☆Rising Ursaring|it's all good lol
|c|☆Rising Ursaring|believe it or not
|
|t:|1758305805
|switch|p1a: Gholdengo|Gholdengo|100/100
|-item|p1a: Gholdengo|Air Balloon
|turn|17
|c|☆Rising Ursaring|I only just found out whirlwind doesnt effect gholdengo
|c|☆Rising Ursaring|lmao
|
|t:|1758305827
|switch|p2a: Clefable|Clefable, F|100/100
|-activate|p2a: Clefable|move: Sticky Web
|-unboost|p2a: Clefable|spe|1
|move|p1a: Gholdengo|Make It Rain|p2a: Clefable
|-supereffective|p2a: Clefable
|-damage|p2a: Clefable|0 fnt
|-unboost|p1a: Gholdengo|spa|1
|faint|p2a: Clefable
|
|upkeep
|
|t:|1758305830
|switch|p2a: Landorus|Landorus-Therian, M|100/100
|-damage|p2a: Landorus|88/100|[from] Stealth Rock
|-ability|p2a: Landorus|Intimidate|boost
|-unboost|p1a: Gholdengo|atk|1
|turn|18
|
|t:|1758305842
|switch|p1a: Ribombee|Ribombee, F|33/100
|move|p2a: Landorus|U-turn|p1a: Ribombee
|-resisted|p1a: Ribombee
|-damage|p1a: Ribombee|12/100
|
|t:|1758305859
|switch|p2a: Great Tusk|Great Tusk|100/100|[from] U-turn
|-activate|p2a: Great Tusk|move: Sticky Web
|-unboost|p2a: Great Tusk|spe|1
|-damage|p2a: Great Tusk|98/100|[from] Stealth Rock
|-damage|p2a: Great Tusk|73/100|[from] Spikes
|
|-heal|p2a: Great Tusk|79/100|[from] item: Leftovers
|upkeep
|turn|19
|
|t:|1758305867
|switch|p1a: Sinistcha|Sinistcha|100/100
|move|p2a: Great Tusk|Rapid Spin|p1a: Sinistcha
|-immune|p1a: Sinistcha
|
|-heal|p2a: Great Tusk|85/100|[from] item: Leftovers
|upkeep
|turn|20
|
|t:|1758305874
|-end|p2a: Great Tusk|Protosynthesis|[silent]
|switch|p2a: Sinistcha|Sinistcha|100/100
|-activate|p2a: Sinistcha|move: Sticky Web
|-unboost|p2a: Sinistcha|spe|1
|-damage|p2a: Sinistcha|88/100|[from] Stealth Rock
|-damage|p2a: Sinistcha|63/100|[from] Spikes
|move|p1a: Sinistcha|Calm Mind|p1a: Sinistcha
|-boost|p1a: Sinistcha|spa|1
|-boost|p1a: Sinistcha|spd|1
|
|-heal|p2a: Sinistcha|69/100|[from] item: Leftovers
|upkeep
|turn|21
|n|!Rising Ursaring|risingursaring
|inactive|Rising Ursaring has 120 seconds left.
|
|t:|1758305923
|move|p1a: Sinistcha|Hex|p2a: Sinistcha
|-supereffective|p2a: Sinistcha
|-damage|p2a: Sinistcha|0 fnt
|faint|p2a: Sinistcha
|
|upkeep
|
|t:|1758305933
|switch|p2a: Gholdengo|Gholdengo, tera:Fairy|53/100
|-activate|p2a: Gholdengo|move: Sticky Web
|-unboost|p2a: Gholdengo|spe|1
|-damage|p2a: Gholdengo|41/100|[from] Stealth Rock
|-damage|p2a: Gholdengo|16/100|[from] Spikes
|turn|22
|
|t:|1758305943
|move|p1a: Sinistcha|Hex|p2a: Gholdengo
|-damage|p2a: Gholdengo|0 fnt
|faint|p2a: Gholdengo
|
|upkeep
|
|t:|1758305954
|switch|p2a: Landorus|Landorus-Therian, M|88/100
|-damage|p2a: Landorus|76/100|[from] Stealth Rock
|-ability|p2a: Landorus|Intimidate|boost
|-unboost|p1a: Sinistcha|atk|1
|turn|23
|
|t:|1758305962
|move|p2a: Landorus|U-turn|p1a: Sinistcha
|-damage|p1a: Sinistcha|81/100
|
|t:|1758305966
|switch|p2a: Slowking|Slowking-Galar, F|100/100 par|[from] U-turn
|move|p1a: Sinistcha|Stun Spore|p2a: Slowking
|-fail|p2a: Slowking|par
|
|-heal|p1a: Sinistcha|87/100|[from] item: Leftovers
|upkeep
|turn|24
|
|t:|1758305976
|move|p1a: Sinistcha|Hex|p2a: Slowking
|-supereffective|p2a: Slowking
|-damage|p2a: Slowking|15/100 par
|move|p2a: Slowking|Future Sight|p1a: Sinistcha
|-start|p2a: Slowking|move: Future Sight
|
|-heal|p1a: Sinistcha|93/100|[from] item: Leftovers
|upkeep
|turn|25
|
|t:|1758305982
|move|p1a: Sinistcha|Calm Mind|p1a: Sinistcha
|-boost|p1a: Sinistcha|spa|1
|-boost|p1a: Sinistcha|spd|1
|cant|p2a: Slowking|par
|
|-heal|p1a: Sinistcha|99/100|[from] item: Leftovers
|upkeep
|turn|26
|
|t:|1758305989
|move|p1a: Sinistcha|Hex|p2a: Slowking
|-supereffective|p2a: Slowking
|-damage|p2a: Slowking|0 fnt
|faint|p2a: Slowking
|
|-end|p1a: Sinistcha|move: Future Sight
|-damage|p1a: Sinistcha|74/100
|-heal|p1a: Sinistcha|80/100|[from] item: Leftovers
|upkeep
|
|t:|1758305998
|switch|p2a: Great Tusk|Great Tusk|85/100
|-activate|p2a: Great Tusk|move: Sticky Web
|-unboost|p2a: Great Tusk|spe|1
|-damage|p2a: Great Tusk|82/100|[from] Stealth Rock
|-damage|p2a: Great Tusk|57/100|[from] Spikes
|turn|27
|
|t:|1758306007
|move|p1a: Sinistcha|Strength Sap|p2a: Great Tusk
|-unboost|p2a: Great Tusk|atk|1
|-heal|p1a: Sinistcha|100/100
|move|p2a: Great Tusk|Ice Spinner|p1a: Sinistcha
|-supereffective|p1a: Sinistcha
|-damage|p1a: Sinistcha|77/100
|
|-heal|p2a: Great Tusk|63/100|[from] item: Leftovers
|-heal|p1a: Sinistcha|83/100|[from] item: Leftovers
|upkeep
|turn|28
|
|t:|1758306016
|move|p1a: Sinistcha|Hex|p2a: Great Tusk
|-damage|p2a: Great Tusk|0 fnt
|faint|p2a: Great Tusk
|-end|p2a: Great Tusk|Protosynthesis|[silent]
|
|-heal|p1a: Sinistcha|90/100|[from] item: Leftovers
|upkeep
|
|t:|1758306028
|switch|p2a: Landorus|Landorus-Therian, M|76/100
|-damage|p2a: Landorus|64/100|[from] Stealth Rock
|-ability|p2a: Landorus|Intimidate|boost
|-unboost|p1a: Sinistcha|atk|1
|turn|29
|
|t:|1758306038
|move|p2a: Landorus|Earthquake|p1a: Sinistcha
|-resisted|p1a: Sinistcha
|-damage|p1a: Sinistcha|68/100
|move|p1a: Sinistcha|Hex|p2a: Landorus
|-damage|p2a: Landorus|0 fnt
|faint|p2a: Landorus
|
|win|SML Shrek
