|j|‽tasty sardine 408
|j|☆Truffle buddah
|t:|1758258904
|gametype|singles
|player|p1|tasty sardine 408|harlequin|1633
|player|p2|Truffle buddah|li|1669
|gen|9
|tier|[Gen 9] OU
|rated|
|rule|HP Percentage Mod: HP is shown in percentages
|rule|Endless Battle Clause: Forcing endless battles is banned
|rule|Species Clause: Limit one of each Pokémon
|rule|OHKO Clause: OHKO moves are banned
|rule|Evasion Items Clause: Evasion items are banned
|rule|Evasion Moves Clause: Evasion moves are banned
|rule|Evasion Abilities Clause: Evasion abilities are banned
|rule|Sleep Moves Clause: Sleep-inducing moves are banned
|clearpoke
|poke|p1|Umbreon, F|
|poke|p1|Serperior, M|
|poke|p1|Cresselia, F|
|poke|p1|Revavroom, M|
|poke|p1|Skeledirge, F|
|poke|p1|Manaphy|
|poke|p2|Hydrapple, M|
|poke|p2|Hatterene, F|
|poke|p2|Iron Hands|
|poke|p2|Diancie|
|poke|p2|Scizor, M|
|poke|p2|Dragonite, F|
|teampreview
|inactive|Battle timer is ON: inactive players will automatically lose when time's up. (requested by tasty sardine 408)
|
|t:|1758258934
|teamsize|p1|6
|teamsize|p2|6
|start
|switch|p1a: Serperior|Serperior, M, shiny|100/100
|switch|p2a: Scizor|Scizor, M|100/100
|turn|1
|
|t:|1758258938
|-terastallize|p1a: Serperior|Electric
|move|p1a: Serperior|Glare|p2a: Scizor
|-status|p2a: Scizor|par
|move|p2a: Scizor|U-turn|p1a: Serperior
|-damage|p1a: Serperior|57/100
|
|t:|1758258943
|switch|p2a: Iron Hands|Iron Hands|100/100|[from] U-turn
|
|-heal|p1a: Serperior|63/100|[from] item: Leftovers
|upkeep
|turn|2
|
|t:|1758258947
|move|p1a: Serperior|Leaf Storm|p2a: Iron Hands
|-damage|p2a: Iron Hands|70/100
|-boost|p1a: Serperior|spa|2
|move|p2a: Iron Hands|Swords Dance|p2a: Iron Hands
|-boost|p2a: Iron Hands|atk|2
|
|-heal|p1a: Serperior|70/100|[from] item: Leftovers
|-heal|p2a: Iron Hands|76/100|[from] item: Leftovers
|upkeep
|turn|3
|
|t:|1758258952
|switch|p1a: Skeledirge|Skeledirge, F, shiny|100/100
|move|p2a: Iron Hands|Drain Punch|p1a: Skeledirge
|-immune|p1a: Skeledirge
|
|-heal|p2a: Iron Hands|82/100|[from] item: Leftovers
|upkeep
|turn|4
|
|t:|1758258956
|-end|p2a: Iron Hands|Quark Drive|[silent]
|switch|p2a: Diancie|Diancie|100/100
|move|p1a: Skeledirge|Will-O-Wisp|p2a: Diancie
|-status|p2a: Diancie|brn
|
|-damage|p2a: Diancie|95/100 brn|[from] brn
|upkeep
|turn|5
|
|t:|1758258962
|move|p1a: Skeledirge|Hex|p2a: Diancie
|-damage|p2a: Diancie|56/100 brn
|move|p2a: Diancie|Trick Room|p2a: Diancie
|-fieldstart|move: Trick Room|[of] p2a: Diancie
|
|-damage|p2a: Diancie|50/100 brn|[from] brn
|upkeep
|turn|6
|
|t:|1758258975
|move|p2a: Diancie|Meteor Beam||[still]
|-prepare|p2a: Diancie|Meteor Beam
|-boost|p2a: Diancie|spa|1
|-enditem|p2a: Diancie|Power Herb
|-anim|p2a: Diancie|Meteor Beam|p1a: Skeledirge
|-supereffective|p1a: Skeledirge
|-damage|p1a: Skeledirge|17/100
|move|p1a: Skeledirge|Torch Song|p2a: Diancie
|-resisted|p2a: Diancie
|-damage|p2a: Diancie|39/100 brn
|-boost|p1a: Skeledirge|spa|1
|
|-damage|p2a: Diancie|33/100 brn|[from] brn
|upkeep
|turn|7
|
|t:|1758258979
|move|p2a: Diancie|Moonblast|p1a: Skeledirge
|-resisted|p1a: Skeledirge
|-damage|p1a: Skeledirge|0 fnt
|faint|p1a: Skeledirge
|
|-damage|p2a: Diancie|27/100 brn|[from] brn
|upkeep
|
|t:|1758258984
|switch|p1a: Revavroom|Revavroom, M, shiny|100/100
|-item|p1a: Revavroom|Air Balloon
|turn|8
|
|t:|1758258990
|move|p2a: Diancie|Moonblast|p1a: Revavroom
|-resisted|p1a: Revavroom
|-damage|p1a: Revavroom|80/100
|-unboost|p1a: Revavroom|spa|1
|-enditem|p1a: Revavroom|Air Balloon
|move|p1a: Revavroom|Iron Head|p2a: Diancie
|-supereffective|p2a: Diancie
|-damage|p2a: Diancie|0 fnt
|faint|p2a: Diancie
|
|upkeep
|
|t:|1758258999
|switch|p2a: Iron Hands|Iron Hands|82/100
|turn|9
|
|t:|1758259005
|move|p2a: Iron Hands|Swords Dance|p2a: Iron Hands
|-boost|p2a: Iron Hands|atk|2
|move|p1a: Revavroom|Shift Gear|p1a: Revavroom
|-boost|p1a: Revavroom|spe|2
|-boost|p1a: Revavroom|atk|1
|
|-heal|p2a: Iron Hands|88/100|[from] item: Leftovers
|-fieldend|move: Trick Room
|upkeep
|turn|10
|
|t:|1758259009
|move|p1a: Revavroom|High Horsepower|p2a: Iron Hands
|-supereffective|p2a: Iron Hands
|-damage|p2a: Iron Hands|17/100
|move|p2a: Iron Hands|Drain Punch|p1a: Revavroom
|-damage|p1a: Revavroom|0 fnt
|-heal|p2a: Iron Hands|48/100|[from] drain|[of] p1a: Revavroom
|faint|p1a: Revavroom
|
|-heal|p2a: Iron Hands|54/100|[from] item: Leftovers
|upkeep
|
|t:|1758259016
|switch|p1a: Cresselia|Cresselia, F, shiny|100/100
|turn|11
|
|t:|1758259024
|-terastallize|p2a: Iron Hands|Steel
|move|p1a: Cresselia|Moonblast|p2a: Iron Hands
|-resisted|p2a: Iron Hands
|-damage|p2a: Iron Hands|47/100
|-unboost|p2a: Iron Hands|spa|1
|move|p2a: Iron Hands|Drain Punch|p1a: Cresselia
|-resisted|p1a: Cresselia
|-damage|p1a: Cresselia|76/100
|-heal|p2a: Iron Hands|58/100|[from] drain|[of] p1a: Cresselia
|
|-heal|p1a: Cresselia|82/100|[from] item: Leftovers
|-heal|p2a: Iron Hands|64/100|[from] item: Leftovers
|upkeep
|turn|12
|
|t:|1758259033
|move|p1a: Cresselia|Calm Mind|p1a: Cresselia
|-boost|p1a: Cresselia|spa|1
|-boost|p1a: Cresselia|spd|1
|move|p2a: Iron Hands|Swords Dance|p2a: Iron Hands
|-boost|p2a: Iron Hands|atk|2
|
|-heal|p1a: Cresselia|88/100|[from] item: Leftovers
|-heal|p2a: Iron Hands|70/100|[from] item: Leftovers
|upkeep
|turn|13
|
|t:|1758259042
|move|p1a: Cresselia|Calm Mind|p1a: Cresselia
|-boost|p1a: Cresselia|spa|1
|-boost|p1a: Cresselia|spd|1
|move|p2a: Iron Hands|Drain Punch|p1a: Cresselia
|-resisted|p1a: Cresselia
|-damage|p1a: Cresselia|50/100
|-heal|p2a: Iron Hands|88/100|[from] drain|[of] p1a: Cresselia
|
|-heal|p1a: Cresselia|57/100|[from] item: Leftovers
|-heal|p2a: Iron Hands|94/100|[from] item: Leftovers
|upkeep
|turn|14
|
|t:|1758259049
|move|p1a: Cresselia|Calm Mind|p1a: Cresselia
|-boost|p1a: Cresselia|spa|1
|-boost|p1a: Cresselia|spd|1
|move|p2a: Iron Hands|Drain Punch|p1a: Cresselia
|-resisted|p1a: Cresselia
|-damage|p1a: Cresselia|21/100
|-heal|p2a: Iron Hands|100/100|[from] drain|[of] p1a: Cresselia
|
|-heal|p1a: Cresselia|27/100|[from] item: Leftovers
|upkeep
|turn|15
|
|t:|1758259052
|move|p1a: Cresselia|Moonlight|p1a: Cresselia
|-heal|p1a: Cresselia|77/100
|move|p2a: Iron Hands|Drain Punch|p1a: Cresselia
|-resisted|p1a: Cresselia
|-damage|p1a: Cresselia|40/100
|
|-heal|p1a: Cresselia|46/100|[from] item: Leftovers
|upkeep
|turn|16
|
|t:|1758259056
|move|p1a: Cresselia|Moonlight|p1a: Cresselia
|-heal|p1a: Cresselia|96/100
|move|p2a: Iron Hands|Wild Charge|p1a: Cresselia
|-damage|p1a: Cresselia|6/100
|-damage|p2a: Iron Hands|79/100|[from] Recoil
|
|-heal|p1a: Cresselia|12/100|[from] item: Leftovers
|-heal|p2a: Iron Hands|85/100|[from] item: Leftovers
|upkeep
|turn|17
|
|t:|1758259061
|move|p1a: Cresselia|Stored Power|p2a: Iron Hands
|-resisted|p2a: Iron Hands
|-damage|p2a: Iron Hands|50/100
|move|p2a: Iron Hands|Wild Charge|p1a: Cresselia
|-damage|p1a: Cresselia|0 fnt
|faint|p1a: Cresselia
|-damage|p2a: Iron Hands|48/100|[from] Recoil
|
|-heal|p2a: Iron Hands|54/100|[from] item: Leftovers
|upkeep
|
|t:|1758259065
|switch|p1a: Umbreon|Umbreon, F, shiny|100/100
|turn|18
|
|t:|1758259068
|move|p1a: Umbreon|Foul Play|p2a: Iron Hands
|-damage|p2a: Iron Hands|0 fnt
|faint|p2a: Iron Hands
|-end|p2a: Iron Hands|Quark Drive|[silent]
|
|upkeep
|
|t:|1758259072
|switch|p2a: Scizor|Scizor, M|100/100 par
|turn|19
|
|t:|1758259074
|move|p1a: Umbreon|Foul Play|p2a: Scizor
|-damage|p2a: Scizor|51/100 par
|move|p2a: Scizor|U-turn|p1a: Umbreon
|-supereffective|p1a: Umbreon
|-damage|p1a: Umbreon|46/100
|
|t:|1758259078
|switch|p2a: Dragonite|Dragonite, F|100/100|[from] U-turn
|
|-heal|p1a: Umbreon|52/100|[from] item: Leftovers
|upkeep
|turn|20
|
|t:|1758259083
|move|p2a: Dragonite|Dragon Dance|p2a: Dragonite
|-boost|p2a: Dragonite|atk|1
|-boost|p2a: Dragonite|spe|1
|move|p1a: Umbreon|Toxic|p2a: Dragonite
|-status|p2a: Dragonite|tox
|
|-heal|p1a: Umbreon|58/100|[from] item: Leftovers
|-damage|p2a: Dragonite|94/100 tox|[from] psn
|upkeep
|turn|21
|
|t:|1758259088
|move|p1a: Umbreon|Protect|p1a: Umbreon
|-singleturn|p1a: Umbreon|Protect
|move|p2a: Dragonite|Scale Shot|p1a: Umbreon
|-activate|p1a: Umbreon|move: Protect
|
|-heal|p1a: Umbreon|64/100|[from] item: Leftovers
|-damage|p2a: Dragonite|82/100 tox|[from] psn
|upkeep
|turn|22
|
|t:|1758259090
|move|p2a: Dragonite|Scale Shot|p1a: Umbreon
|-damage|p1a: Umbreon|48/100
|-damage|p1a: Umbreon|34/100
|-damage|p1a: Umbreon|19/100
|-damage|p1a: Umbreon|3/100
|-damage|p1a: Umbreon|0 fnt
|faint|p1a: Umbreon
|-hitcount|p1: Umbreon|5
|-unboost|p2a: Dragonite|def|1
|-boost|p2a: Dragonite|spe|1
|
|-damage|p2a: Dragonite|63/100 tox|[from] psn
|upkeep
|
|t:|1758259094
|switch|p1a: Manaphy|Manaphy, shiny|100/100
|turn|23
|
|t:|1758259098
|move|p2a: Dragonite|Scale Shot|p1a: Manaphy
|-damage|p1a: Manaphy|84/100
|-damage|p1a: Manaphy|65/100
|-damage|p1a: Manaphy|47/100
|-damage|p1a: Manaphy|29/100
|-hitcount|p1a: Manaphy|4
|-unboost|p2a: Dragonite|def|1
|-boost|p2a: Dragonite|spe|1
|move|p1a: Manaphy|Acid Armor|p1a: Manaphy
|-boost|p1a: Manaphy|def|2
|
|-heal|p1a: Manaphy|35/100|[from] item: Leftovers
|-damage|p2a: Dragonite|39/100 tox|[from] psn
|upkeep
|turn|24
|
|t:|1758259103
|move|p2a: Dragonite|Scale Shot|p1a: Manaphy
|-damage|p1a: Manaphy|26/100
|-damage|p1a: Manaphy|18/100
|-damage|p1a: Manaphy|8/100
|-damage|p1a: Manaphy|0 fnt
|faint|p1a: Manaphy
|-hitcount|p1: Manaphy|4
|-unboost|p2a: Dragonite|def|1
|-boost|p2a: Dragonite|spe|1
|
|-damage|p2a: Dragonite|8/100 tox|[from] psn
|upkeep
|
|t:|1758259105
|switch|p1a: Serperior|Serperior, M, shiny, tera:Electric|70/100
|turn|25
|
|t:|1758259109
|move|p2a: Dragonite|Fire Punch|p1a: Serperior
|-damage|p1a: Serperior|28/100
|move|p1a: Serperior|Leaf Storm|p2a: Dragonite
|-resisted|p2a: Dragonite
|-damage|p2a: Dragonite|0 fnt
|-boost|p1a: Serperior|spa|2
|faint|p2a: Dragonite
|
|-heal|p1a: Serperior|35/100|[from] item: Leftovers
|upkeep
|
|t:|1758259117
|switch|p2a: Hydrapple|Hydrapple, M|100/100
|turn|26
|j| wgw2333
|
|t:|1758259120
|move|p1a: Serperior|Synthesis|p1a: Serperior
|-heal|p1a: Serperior|85/100
|move|p2a: Hydrapple|Earth Power|p1a: Serperior
|-supereffective|p1a: Serperior
|-damage|p1a: Serperior|32/100
|
|-heal|p1a: Serperior|38/100|[from] item: Leftovers
|upkeep
|turn|27
|
|t:|1758259123
|move|p1a: Serperior|Synthesis|p1a: Serperior
|-heal|p1a: Serperior|88/100
|move|p2a: Hydrapple|Earth Power|p1a: Serperior
|-supereffective|p1a: Serperior
|-damage|p1a: Serperior|39/100
|
|-heal|p1a: Serperior|45/100|[from] item: Leftovers
|upkeep
|turn|28
|
|t:|1758259126
|move|p1a: Serperior|Synthesis|p1a: Serperior
|-heal|p1a: Serperior|95/100
|move|p2a: Hydrapple|Nasty Plot|p2a: Hydrapple
|-boost|p2a: Hydrapple|spa|2
|
|-heal|p1a: Serperior|100/100|[from] item: Leftovers
|upkeep
|turn|29
|
|t:|1758259129
|move|p1a: Serperior|Glare|p2a: Hydrapple
|-status|p2a: Hydrapple|par
|move|p2a: Hydrapple|Earth Power|p1a: Serperior
|-supereffective|p1a: Serperior
|-damage|p1a: Serperior|5/100
|
|-heal|p1a: Serperior|11/100|[from] item: Leftovers
|upkeep
|turn|30
|
|t:|1758259132
|move|p1a: Serperior|Synthesis|p1a: Serperior
|-heal|p1a: Serperior|61/100
|move|p2a: Hydrapple|Earth Power|p1a: Serperior
|-supereffective|p1a: Serperior
|-damage|p1a: Serperior|0 fnt
|faint|p1a: Serperior
|
|win|Truffle buddah
|raw|tasty sardine 408's rating: 1633 &rarr; <strong>1615</strong><br />(-18 for losing)
|raw|Truffle buddah's rating: 1669 &rarr; <strong>1687</strong><br />(+18 for winning)
|l|‽tasty sardine 408
|player|p1|
|l|☆Truffle buddah
|player|p2|
