|j|☆jinu55
|j|☆oreowithinabox
|t:|1758237107
|gametype|singles
|player|p1|jinu55|byron|1229
|player|p2|oreowithinabox|266|1213
|gen|9
|tier|[Gen 9] OU
|rated|
|rule|HP Percentage Mod: HP is shown in percentages
|rule|Endless Battle Clause: Forcing endless battles is banned
|rule|Species Clause: Limit one of each Pokémon
|rule|OHKO Clause: OHKO moves are banned
|rule|Evasion Items Clause: Evasion items are banned
|rule|Evasion Moves Clause: Evasion moves are banned
|rule|Evasion Abilities Clause: Evasion abilities are banned
|rule|Sleep Moves Clause: Sleep-inducing moves are banned
|clearpoke
|poke|p1|Hitmonlee, M|
|poke|p1|Cloyster, M|
|poke|p1|Lycanroc-Dusk, F|
|poke|p1|Victreebel, M|
|poke|p1|Swampert, F|
|poke|p1|Zamazenta-*|
|poke|p2|Iron Thorns|
|poke|p2|Tyranitar, F|
|poke|p2|Rillaboom, F|
|poke|p2|Salamence, M|
|poke|p2|Meowscarada, F|
|poke|p2|Iron Valiant|
|teampreview
|inactive|Battle timer is ON: inactive players will automatically lose when time's up. (requested by oreowithinabox)
|inactive|jinu55 also wants the timer to be on.
|inactive|jinu55 has 120 seconds left.
|
|t:|1758237147
|teamsize|p1|6
|teamsize|p2|6
|start
|switch|p1a: Cloyster|Cloyster, M|100/100
|switch|p2a: Meowscarada|Meowscarada, F|100/100
|turn|1
|
|t:|1758237156
|move|p2a: Meowscarada|Flower Trick|p1a: Cloyster
|-start|p2a: Meowscarada|typechange|Grass|[from] ability: Protean
|-supereffective|p1a: Cloyster
|-crit|p1a: Cloyster
|-damage|p1a: Cloyster|0 fnt
|faint|p1a: Cloyster
|
|upkeep
|
|t:|1758237164
|switch|p1a: Hitmonlee|Hitmonlee, M|100/100
|turn|2
|
|t:|1758237178
|switch|p2a: Salamence|Salamence, M|100/100
|move|p1a: Hitmonlee|High Jump Kick|p2a: Salamence
|-resisted|p2a: Salamence
|-damage|p2a: Salamence|28/100
|
|upkeep
|turn|3
|
|t:|1758237186
|move|p1a: Hitmonlee|High Jump Kick|p2a: Salamence
|-resisted|p2a: Salamence
|-damage|p2a: Salamence|0 fnt
|faint|p2a: Salamence
|
|upkeep
|
|t:|1758237191
|switch|p2a: Meowscarada|Meowscarada, F|100/100
|turn|4
|
|t:|1758237193
|move|p2a: Meowscarada|Flower Trick|p1a: Hitmonlee
|-start|p2a: Meowscarada|typechange|Grass|[from] ability: Protean
|-crit|p1a: Hitmonlee
|-damage|p1a: Hitmonlee|0 fnt
|faint|p1a: Hitmonlee
|
|upkeep
|
|t:|1758237202
|switch|p1a: Victreebel|Victreebel, M|100/100
|turn|5
|
|t:|1758237206
|switch|p2a: Tyranitar|Tyranitar, F|100/100
|-weather|Sandstorm|[from] ability: Sand Stream|[of] p2a: Tyranitar
|move|p1a: Victreebel|Poison Jab|p2a: Tyranitar
|-resisted|p2a: Tyranitar
|-damage|p2a: Tyranitar|84/100
|
|-weather|Sandstorm|[upkeep]
|-damage|p1a: Victreebel|95/100|[from] Sandstorm
|upkeep
|turn|6
|
|t:|1758237208
|move|p2a: Tyranitar|Ice Punch|p1a: Victreebel
|-supereffective|p1a: Victreebel
|-damage|p1a: Victreebel|15/100
|-enditem|p1a: Victreebel|Salac Berry|[eat]
|-boost|p1a: Victreebel|spe|1|[from] item: Salac Berry
|move|p1a: Victreebel|Strength Sap|p2a: Tyranitar
|-unboost|p2a: Tyranitar|atk|1
|-heal|p1a: Victreebel|100/100
|
|-weather|Sandstorm|[upkeep]
|-damage|p1a: Victreebel|95/100|[from] Sandstorm
|upkeep
|turn|7
|
|t:|1758237214
|switch|p2a: Iron Valiant|Iron Valiant|100/100
|move|p1a: Victreebel|Leaf Blade|p2a: Iron Valiant
|-damage|p2a: Iron Valiant|48/100
|
|-weather|Sandstorm|[upkeep]
|-damage|p1a: Victreebel|89/100|[from] Sandstorm
|-damage|p2a: Iron Valiant|42/100|[from] Sandstorm
|upkeep
|turn|8
|
|t:|1758237221
|move|p1a: Victreebel|Leaf Blade|p2a: Iron Valiant
|-crit|p2a: Iron Valiant
|-damage|p2a: Iron Valiant|0 fnt
|faint|p2a: Iron Valiant
|-end|p2a: Iron Valiant|Quark Drive|[silent]
|
|-weather|Sandstorm|[upkeep]
|-damage|p1a: Victreebel|83/100|[from] Sandstorm
|upkeep
|
|t:|1758237232
|switch|p2a: Iron Thorns|Iron Thorns|100/100
|-enditem|p2a: Iron Thorns|Booster Energy
|-activate|p2a: Iron Thorns|ability: Quark Drive|[fromitem]
|-start|p2a: Iron Thorns|quarkdriveatk
|turn|9
|
|t:|1758237242
|-terastallize|p2a: Iron Thorns|Flying
|move|p1a: Victreebel|Strength Sap|p2a: Iron Thorns
|-unboost|p2a: Iron Thorns|atk|1
|-heal|p1a: Victreebel|100/100
|move|p2a: Iron Thorns|Dragon Dance|p2a: Iron Thorns
|-boost|p2a: Iron Thorns|atk|1
|-boost|p2a: Iron Thorns|spe|1
|
|-weather|none
|upkeep
|turn|10
|
|t:|1758237250
|move|p1a: Victreebel|Encore|p2a: Iron Thorns
|-start|p2a: Iron Thorns|Encore
|move|p2a: Iron Thorns|Dragon Dance|p2a: Iron Thorns
|-boost|p2a: Iron Thorns|atk|1
|-boost|p2a: Iron Thorns|spe|1
|
|upkeep
|turn|11
|
|t:|1758237254
|move|p2a: Iron Thorns|Dragon Dance|p2a: Iron Thorns
|-boost|p2a: Iron Thorns|atk|1
|-boost|p2a: Iron Thorns|spe|1
|move|p1a: Victreebel|Poison Jab|p2a: Iron Thorns
|-damage|p2a: Iron Thorns|66/100
|
|upkeep
|turn|12
|
|t:|1758237259
|move|p2a: Iron Thorns|Dragon Dance|p2a: Iron Thorns
|-boost|p2a: Iron Thorns|atk|1
|-boost|p2a: Iron Thorns|spe|1
|move|p1a: Victreebel|Poison Jab|p2a: Iron Thorns
|-damage|p2a: Iron Thorns|33/100
|
|-end|p2a: Iron Thorns|Encore
|upkeep
|turn|13
|
|t:|1758237263
|move|p2a: Iron Thorns|Ice Punch|p1a: Victreebel
|-supereffective|p1a: Victreebel
|-damage|p1a: Victreebel|0 fnt
|faint|p1a: Victreebel
|
|upkeep
|
|t:|1758237265
|switch|p1a: Lycanroc|Lycanroc-Dusk, F|100/100
|turn|14
|
|t:|1758237276
|move|p1a: Lycanroc|Accelerock|p2a: Iron Thorns
|-supereffective|p2a: Iron Thorns
|-damage|p2a: Iron Thorns|0 fnt
|faint|p2a: Iron Thorns
|-end|p2a: Iron Thorns|Quark Drive|[silent]
|
|upkeep
|
|t:|1758237278
|switch|p2a: Rillaboom|Rillaboom, F|100/100
|-fieldstart|move: Grassy Terrain|[from] ability: Grassy Surge|[of] p2a: Rillaboom
|turn|15
|
|t:|1758237291
|switch|p1a: Zamazenta|Zamazenta|100/100
|-ability|p1a: Zamazenta|Dauntless Shield|boost
|-boost|p1a: Zamazenta|def|1
|move|p2a: Rillaboom|Wood Hammer|p1a: Zamazenta
|-damage|p1a: Zamazenta|38/100
|-damage|p2a: Rillaboom|81/100|[from] Recoil
|
|-heal|p1a: Zamazenta|44/100|[from] Grassy Terrain
|-heal|p1a: Zamazenta|50/100|[from] item: Leftovers
|-heal|p2a: Rillaboom|87/100|[from] Grassy Terrain
|upkeep
|turn|16
|
|t:|1758237295
|-terastallize|p1a: Zamazenta|Steel
|move|p1a: Zamazenta|Iron Defense|p1a: Zamazenta
|-boost|p1a: Zamazenta|def|2
|move|p2a: Rillaboom|Wood Hammer|p1a: Zamazenta
|-resisted|p1a: Zamazenta
|-damage|p1a: Zamazenta|32/100
|-damage|p2a: Rillaboom|81/100|[from] Recoil
|
|-heal|p1a: Zamazenta|39/100|[from] Grassy Terrain
|-heal|p1a: Zamazenta|45/100|[from] item: Leftovers
|-heal|p2a: Rillaboom|88/100|[from] Grassy Terrain
|upkeep
|turn|17
|
|t:|1758237300
|switch|p2a: Meowscarada|Meowscarada, F|100/100
|move|p1a: Zamazenta|Body Press|p2a: Meowscarada
|-supereffective|p2a: Meowscarada
|-damage|p2a: Meowscarada|0 fnt
|faint|p2a: Meowscarada
|
|-heal|p1a: Zamazenta|51/100|[from] Grassy Terrain
|-heal|p1a: Zamazenta|57/100|[from] item: Leftovers
|upkeep
|-message|oreowithinabox forfeited.
|
|win|jinu55
|raw|jinu55's rating: 1229 &rarr; <strong>1253</strong><br />(+24 for winning)
|raw|oreowithinabox's rating: 1213 &rarr; <strong>1189</strong><br />(-24 for losing)
|l|☆oreowithinabox
|player|p2|
|l|☆jinu55
|player|p1|
