|j|☆Moi Mizu
|j|☆Sksupreme
|t:|1758255897
|gametype|singles
|player|p1|Moi Mizu|colress|1303
|player|p2|Sksupreme|102|1221
|gen|9
|tier|[Gen 9] OU
|rated|
|rule|HP Percentage Mod: HP is shown in percentages
|rule|Endless Battle Clause: Forcing endless battles is banned
|rule|Species Clause: Limit one of each Pokémon
|rule|OHKO Clause: OHKO moves are banned
|rule|Evasion Items Clause: Evasion items are banned
|rule|Evasion Moves Clause: Evasion moves are banned
|rule|Evasion Abilities Clause: Evasion abilities are banned
|rule|Sleep Moves Clause: Sleep-inducing moves are banned
|clearpoke
|poke|p1|Iron Moth|
|poke|p1|Slowking-Galar, F|
|poke|p1|Dragonite, M|
|poke|p1|Kingambit, F|
|poke|p1|Quaquaval, M|
|poke|p1|Landorus-Therian, M|
|poke|p2|Bisharp, M|
|poke|p2|Mandibuzz, F|
|poke|p2|Alomomola, M|
|poke|p2|Serperior, M|
|poke|p2|Conkeldurr, M|
|poke|p2|Kyurem|
|teampreview
|inactive|Battle timer is ON: inactive players will automatically lose when time's up. (requested by Sksupreme)
|
|t:|1758255922
|teamsize|p1|6
|teamsize|p2|6
|start
|switch|p1a: Quaquaval|Quaquaval, M|100/100
|switch|p2a: Kyurem|Kyurem, shiny|100/100
|-ability|p2a: Kyurem|Pressure
|turn|1
|
|t:|1758255935
|move|p1a: Quaquaval|Aqua Step|p2a: Kyurem
|-resisted|p2a: Kyurem
|-damage|p2a: Kyurem|84/100
|-boost|p1a: Quaquaval|spe|1
|move|p2a: Kyurem|Scale Shot|p1a: Quaquaval
|-damage|p1a: Quaquaval|82/100
|-damage|p1a: Quaquaval|63/100
|-damage|p1a: Quaquaval|42/100
|-damage|p1a: Quaquaval|24/100
|-damage|p1a: Quaquaval|6/100
|-hitcount|p1a: Quaquaval|5
|-unboost|p2a: Kyurem|def|1
|-boost|p2a: Kyurem|spe|1
|
|upkeep
|turn|2
|
|t:|1758255954
|switch|p2a: Mandibuzz|Mandibuzz, F, shiny|100/100
|move|p1a: Quaquaval|Close Combat|p2a: Mandibuzz
|-damage|p2a: Mandibuzz|60/100
|-unboost|p1a: Quaquaval|def|1
|-unboost|p1a: Quaquaval|spd|1
|-damage|p1a: Quaquaval|0 fnt|[from] item: Rocky Helmet|[of] p2a: Mandibuzz
|faint|p1a: Quaquaval
|
|upkeep
|
|t:|1758255965
|switch|p1a: Dragonite|Dragonite, M|100/100
|turn|3
|
|t:|1758255975
|move|p1a: Dragonite|Dragon Dance|p1a: Dragonite
|-boost|p1a: Dragonite|atk|1
|-boost|p1a: Dragonite|spe|1
|move|p2a: Mandibuzz|Roost|p2a: Mandibuzz
|-heal|p2a: Mandibuzz|100/100
|-singleturn|p2a: Mandibuzz|move: Roost
|
|upkeep
|turn|4
|
|t:|1758255984
|move|p1a: Dragonite|Ice Spinner|p2a: Mandibuzz
|-supereffective|p2a: Mandibuzz
|-damage|p2a: Mandibuzz|44/100
|-damage|p1a: Dragonite|84/100|[from] item: Rocky Helmet|[of] p2a: Mandibuzz
|move|p2a: Mandibuzz|Toxic|p1a: Dragonite|[miss]
|-miss|p2a: Mandibuzz|p1a: Dragonite
|
|upkeep
|turn|5
|
|t:|1758255994
|-terastallize|p2a: Mandibuzz|Steel
|move|p1a: Dragonite|Ice Spinner|p2a: Mandibuzz
|-resisted|p2a: Mandibuzz
|-damage|p2a: Mandibuzz|28/100
|-damage|p1a: Dragonite|68/100|[from] item: Rocky Helmet|[of] p2a: Mandibuzz
|move|p2a: Mandibuzz|Roost|p2a: Mandibuzz
|-heal|p2a: Mandibuzz|78/100
|
|upkeep
|turn|6
|
|t:|1758256004
|move|p1a: Dragonite|Earthquake|p2a: Mandibuzz
|-supereffective|p2a: Mandibuzz
|-damage|p2a: Mandibuzz|3/100
|move|p2a: Mandibuzz|Foul Play|p1a: Dragonite
|-damage|p1a: Dragonite|0 fnt
|faint|p1a: Dragonite
|
|upkeep
|
|t:|1758256013
|switch|p1a: Iron Moth|Iron Moth|100/100
|turn|7
|
|t:|1758256021
|switch|p2a: Alomomola|Alomomola, M, shiny|100/100
|move|p1a: Iron Moth|Energy Ball|p2a: Alomomola
|-supereffective|p2a: Alomomola
|-damage|p2a: Alomomola|23/100
|
|-heal|p2a: Alomomola|29/100|[from] item: Leftovers
|upkeep
|turn|8
|inactive|Sksupreme has 120 seconds left.
|
|t:|1758256053
|switch|p2a: Conkeldurr|Conkeldurr, M, shiny|100/100
|move|p1a: Iron Moth|Energy Ball|p2a: Conkeldurr
|-crit|p2a: Conkeldurr
|-damage|p2a: Conkeldurr|21/100
|
|-status|p2a: Conkeldurr|brn|[from] item: Flame Orb
|upkeep
|turn|9
|inactive|Sksupreme has 120 seconds left.
|
|t:|1758256065
|move|p1a: Iron Moth|Energy Ball|p2a: Conkeldurr
|-damage|p2a: Conkeldurr|0 fnt
|faint|p2a: Conkeldurr
|
|upkeep
|inactive|Sksupreme has 120 seconds left.
|
|t:|1758256073
|switch|p2a: Kyurem|Kyurem, shiny|84/100
|-ability|p2a: Kyurem|Pressure
|turn|10
|
|t:|1758256078
|-end|p1a: Iron Moth|Quark Drive|[silent]
|switch|p1a: Slowking|Slowking-Galar, F|100/100
|move|p2a: Kyurem|Dragon Dance|p2a: Kyurem
|-boost|p2a: Kyurem|atk|1
|-boost|p2a: Kyurem|spe|1
|
|upkeep
|turn|11
|
|t:|1758256089
|move|p2a: Kyurem|Shadow Claw|p1a: Slowking
|-supereffective|p1a: Slowking
|-crit|p1a: Slowking
|-damage|p1a: Slowking|0 fnt
|faint|p1a: Slowking
|
|upkeep
|
|t:|1758256104
|switch|p1a: Landorus|Landorus-Therian, M|100/100
|-ability|p1a: Landorus|Intimidate|boost
|-unboost|p2a: Kyurem|atk|1
|turn|12
|
|t:|1758256115
|switch|p2a: Alomomola|Alomomola, M, shiny|62/100
|move|p1a: Landorus|Stealth Rock|p2a: Alomomola
|-sidestart|p2: Sksupreme|move: Stealth Rock
|
|-heal|p2a: Alomomola|68/100|[from] item: Leftovers
|upkeep
|turn|13
|
|t:|1758256123
|move|p1a: Landorus|Taunt|p2a: Alomomola
|-start|p2a: Alomomola|move: Taunt
|cant|p2a: Alomomola|move: Taunt|Wish
|
|-heal|p2a: Alomomola|74/100|[from] item: Leftovers
|upkeep
|turn|14
|
|t:|1758256130
|move|p1a: Landorus|Earth Power|p2a: Alomomola
|-damage|p2a: Alomomola|50/100
|move|p2a: Alomomola|Scald|p1a: Landorus
|-supereffective|p1a: Landorus
|-damage|p1a: Landorus|69/100
|
|-heal|p2a: Alomomola|56/100|[from] item: Leftovers
|upkeep
|turn|15
|
|t:|1758256141
|move|p1a: Landorus|Earth Power|p2a: Alomomola
|-damage|p2a: Alomomola|32/100
|move|p2a: Alomomola|Scald|p1a: Landorus
|-supereffective|p1a: Landorus
|-damage|p1a: Landorus|38/100
|
|-heal|p2a: Alomomola|38/100|[from] item: Leftovers
|-end|p2a: Alomomola|move: Taunt
|upkeep
|turn|16
|
|t:|1758256151
|move|p1a: Landorus|Taunt|p2a: Alomomola
|-start|p2a: Alomomola|move: Taunt
|move|p2a: Alomomola|Mirror Coat||[still]
|-fail|p2a: Alomomola
|
|-heal|p2a: Alomomola|45/100|[from] item: Leftovers
|upkeep
|turn|17
|
|t:|1758256160
|move|p1a: Landorus|Earth Power|p2a: Alomomola
|-damage|p2a: Alomomola|18/100
|move|p2a: Alomomola|Scald|p1a: Landorus
|-supereffective|p1a: Landorus
|-damage|p1a: Landorus|11/100
|
|-heal|p2a: Alomomola|24/100|[from] item: Leftovers
|upkeep
|turn|18
|
|t:|1758256171
|switch|p2a: Mandibuzz|Mandibuzz, F, shiny, tera:Steel|3/100
|-damage|p2a: Mandibuzz|0 fnt|[from] Stealth Rock
|faint|p2a: Mandibuzz
|move|p1a: Landorus|Earth Power|p2: Mandibuzz|[notarget]
|-fail|p1a: Landorus
|
|upkeep
|
|t:|1758256181
|switch|p2a: Serperior|Serperior, M, shiny|100/100
|-damage|p2a: Serperior|88/100|[from] Stealth Rock
|turn|19
|
|t:|1758256187
|move|p2a: Serperior|Leaf Storm|p1a: Landorus
|-damage|p1a: Landorus|0 fnt
|-boost|p2a: Serperior|spa|2
|faint|p1a: Landorus
|
|upkeep
|
|t:|1758256205
|switch|p1a: Iron Moth|Iron Moth|100/100
|turn|20
|
|t:|1758256210
|move|p1a: Iron Moth|Sludge Wave|p2a: Serperior
|-supereffective|p2a: Serperior
|-damage|p2a: Serperior|0 fnt
|faint|p2a: Serperior
|
|upkeep
|
|t:|1758256216
|switch|p2a: Bisharp|Bisharp, M, shiny|100/100
|-damage|p2a: Bisharp|95/100|[from] Stealth Rock
|turn|21
|
|t:|1758256225
|-end|p1a: Iron Moth|Quark Drive|[silent]
|switch|p1a: Kingambit|Kingambit, F|100/100
|-activate|p1a: Kingambit|ability: Supreme Overlord
|-start|p1a: Kingambit|fallen4|[silent]
|move|p2a: Bisharp|Swords Dance|p2a: Bisharp
|-boost|p2a: Bisharp|atk|2
|
|upkeep
|turn|22
|
|t:|1758256234
|-end|p1a: Kingambit|fallen4|[silent]
|switch|p1a: Iron Moth|Iron Moth|100/100
|move|p2a: Bisharp|Iron Head|p1a: Iron Moth
|-resisted|p1a: Iron Moth
|-damage|p1a: Iron Moth|34/100
|
|upkeep
|turn|23
|
|t:|1758256245
|move|p2a: Bisharp|Sucker Punch|p1a: Iron Moth
|-damage|p1a: Iron Moth|0 fnt
|faint|p1a: Iron Moth
|-end|p1a: Iron Moth|Quark Drive|[silent]
|
|upkeep
|-message|Moi Mizu forfeited.
|
|win|Sksupreme
|raw|Moi Mizu's rating: 1303 &rarr; <strong>1278</strong><br />(-25 for losing)
|raw|Sksupreme's rating: 1221 &rarr; <strong>1252</strong><br />(+31 for winning)
|l|☆Moi Mizu
|player|p1|
|l|☆Sksupreme
|player|p2|
