|j|☆HyperHHH
|j|☆Alethino
|t:|1758347679
|gametype|singles
|player|p1|HyperHHH|fisherman-gen2jp|1660
|player|p2|Alethino|170|1702
|gen|9
|tier|[Gen 9] OU
|rated|
|rule|HP Percentage Mod: HP is shown in percentages
|rule|Endless Battle Clause: Forcing endless battles is banned
|rule|Species Clause: Limit one of each Pokémon
|rule|OHKO Clause: OHKO moves are banned
|rule|Evasion Items Clause: Evasion items are banned
|rule|Evasion Moves Clause: Evasion moves are banned
|rule|Evasion Abilities Clause: Evasion abilities are banned
|rule|Sleep Moves Clause: Sleep-inducing moves are banned
|clearpoke
|poke|p1|Kingambit, F|
|poke|p1|Kyurem|
|poke|p1|Samurott-Hisui, M|
|poke|p1|Iron Valiant|
|poke|p1|Landorus-Therian, M|
|poke|p1|Iron Moth|
|poke|p2|Serperior, F|
|poke|p2|Primarina, M|
|poke|p2|Iron Treads|
|poke|p2|Zamazenta-*|
|poke|p2|Pecharunt|
|poke|p2|Rillaboom, F|
|teampreview
|inactive|Battle timer is ON: inactive players will automatically lose when time's up. (requested by HyperHHH)
|
|t:|1758347690
|teamsize|p1|6
|teamsize|p2|6
|start
|switch|p1a: Samurott|Samurott-Hisui, M|100/100
|switch|p2a: Rillaboom|Rillaboom, F|100/100
|-fieldstart|move: Grassy Terrain|[from] ability: Grassy Surge|[of] p2a: Rillaboom
|turn|1
|
|t:|1758347695
|move|p2a: Rillaboom|Wood Hammer|p1a: Samurott
|-supereffective|p1a: Samurott
|-enditem|p1a: Samurott|Focus Sash
|-damage|p1a: Samurott|1/100
|-damage|p2a: Rillaboom|69/100|[from] Recoil
|move|p1a: Samurott|Ceaseless Edge|p2a: Rillaboom
|-damage|p2a: Rillaboom|18/100
|-sidestart|p2: Alethino|Spikes
|
|-heal|p2a: Rillaboom|24/100|[from] Grassy Terrain
|-heal|p1a: Samurott|7/100|[from] Grassy Terrain
|upkeep
|turn|2
|
|t:|1758347701
|switch|p2a: Iron Treads|Iron Treads|100/100
|-damage|p2a: Iron Treads|88/100|[from] Spikes
|move|p1a: Samurott|Sucker Punch||[still]
|-fail|p1a: Samurott
|
|-heal|p2a: Iron Treads|94/100|[from] Grassy Terrain
|-heal|p1a: Samurott|13/100|[from] Grassy Terrain
|upkeep
|turn|3
|
|t:|1758347710
|-terastallize|p1a: Samurott|Ghost
|move|p2a: Iron Treads|Rapid Spin|p1a: Samurott
|-immune|p1a: Samurott
|move|p1a: Samurott|Razor Shell|p2a: Iron Treads
|-supereffective|p2a: Iron Treads
|-damage|p2a: Iron Treads|4/100
|
|-heal|p2a: Iron Treads|10/100|[from] Grassy Terrain
|-heal|p1a: Samurott|20/100|[from] Grassy Terrain
|upkeep
|turn|4
|
|t:|1758347719
|move|p1a: Samurott|Sucker Punch|p2a: Iron Treads
|-damage|p2a: Iron Treads|0 fnt
|faint|p2a: Iron Treads
|-end|p2a: Iron Treads|Quark Drive|[silent]
|
|-heal|p1a: Samurott|26/100|[from] Grassy Terrain
|upkeep
|
|t:|1758347723
|switch|p2a: Rillaboom|Rillaboom, F|24/100
|-damage|p2a: Rillaboom|12/100|[from] Spikes
|turn|5
|
|t:|1758347725
|switch|p1a: Iron Moth|Iron Moth|100/100
|-enditem|p1a: Iron Moth|Booster Energy
|-activate|p1a: Iron Moth|ability: Quark Drive|[fromitem]
|-start|p1a: Iron Moth|quarkdrivespe
|move|p2a: Rillaboom|Grassy Glide|p1a: Iron Moth
|-resisted|p1a: Iron Moth
|-damage|p1a: Iron Moth|82/100
|
|-heal|p1a: Iron Moth|88/100|[from] Grassy Terrain
|-heal|p2a: Rillaboom|18/100|[from] Grassy Terrain
|-fieldend|move: Grassy Terrain
|upkeep
|turn|6
|
|t:|1758347732
|switch|p2a: Primarina|Primarina, M|100/100
|-damage|p2a: Primarina|88/100|[from] Spikes
|move|p1a: Iron Moth|Fiery Dance|p2a: Primarina
|-resisted|p2a: Primarina
|-damage|p2a: Primarina|76/100
|-boost|p1a: Iron Moth|spa|1
|
|upkeep
|turn|7
|
|t:|1758347753
|-terastallize|p2a: Primarina|Poison
|move|p1a: Iron Moth|Sludge Wave|p2a: Primarina
|-resisted|p2a: Primarina
|-damage|p2a: Primarina|54/100
|move|p2a: Primarina|Surf|p1a: Iron Moth
|-supereffective|p1a: Iron Moth
|-damage|p1a: Iron Moth|0 fnt
|faint|p1a: Iron Moth
|-end|p1a: Iron Moth|Quark Drive|[silent]
|
|upkeep
|
|t:|1758347777
|switch|p1a: Samurott|Samurott-Hisui, M, tera:Ghost|26/100
|turn|8
|
|t:|1758347782
|switch|p2a: Pecharunt|Pecharunt|100/100
|-damage|p2a: Pecharunt|88/100|[from] Spikes
|move|p1a: Samurott|Knock Off|p2a: Pecharunt
|-supereffective|p2a: Pecharunt
|-damage|p2a: Pecharunt|34/100
|-damage|p1a: Samurott|9/100|[from] item: Rocky Helmet|[of] p2a: Pecharunt
|-enditem|p2a: Pecharunt|Rocky Helmet|[from] move: Knock Off|[of] p1a: Samurott
|
|upkeep
|turn|9
|
|t:|1758347790
|move|p2a: Pecharunt|Recover|p2a: Pecharunt
|-heal|p2a: Pecharunt|84/100
|move|p1a: Samurott|Ceaseless Edge|p2a: Pecharunt
|-supereffective|p2a: Pecharunt
|-damage|p2a: Pecharunt|21/100
|-sidestart|p2: Alethino|Spikes
|
|upkeep
|turn|10
|
|t:|1758347796
|move|p1a: Samurott|Sucker Punch||[still]
|-fail|p1a: Samurott
|move|p2a: Pecharunt|Recover|p2a: Pecharunt
|-heal|p2a: Pecharunt|71/100
|
|upkeep
|turn|11
|
|t:|1758347801
|move|p2a: Pecharunt|Shadow Ball|p1a: Samurott
|-supereffective|p1a: Samurott
|-damage|p1a: Samurott|0 fnt
|faint|p1a: Samurott
|
|upkeep
|
|t:|1758347808
|switch|p1a: Kyurem|Kyurem|100/100
|-ability|p1a: Kyurem|Pressure
|turn|12
|
|t:|1758347811
|move|p1a: Kyurem|Earth Power|p2a: Pecharunt
|-supereffective|p2a: Pecharunt
|-damage|p2a: Pecharunt|12/100
|move|p2a: Pecharunt|Malignant Chain|p1a: Kyurem
|-damage|p1a: Kyurem|67/100
|
|upkeep
|turn|13
|
|t:|1758347820
|move|p1a: Kyurem|Freeze-Dry|p2a: Pecharunt
|-damage|p2a: Pecharunt|0 fnt
|faint|p2a: Pecharunt
|
|upkeep
|
|t:|1758347848
|switch|p2a: Serperior|Serperior, F|100/100
|-damage|p2a: Serperior|84/100|[from] Spikes
|turn|14
|
|t:|1758347855
|move|p2a: Serperior|Glare|p1a: Kyurem
|-status|p1a: Kyurem|par
|move|p1a: Kyurem|Icicle Spear|p2a: Serperior
|-supereffective|p2a: Serperior
|-damage|p2a: Serperior|53/100
|-supereffective|p2a: Serperior
|-damage|p2a: Serperior|24/100
|-supereffective|p2a: Serperior
|-damage|p2a: Serperior|0 fnt
|faint|p2a: Serperior
|-hitcount|p2: Serperior|3
|
|upkeep
|
|t:|1758347859
|switch|p2a: Primarina|Primarina, M, tera:Poison|54/100
|-damage|p2a: Primarina|38/100|[from] Spikes
|turn|15
|
|t:|1758347873
|switch|p1a: Landorus|Landorus-Therian, M|100/100
|-ability|p1a: Landorus|Intimidate|boost
|-unboost|p2a: Primarina|atk|1
|move|p2a: Primarina|Moonblast|p1a: Landorus
|-damage|p1a: Landorus|35/100
|-unboost|p1a: Landorus|spa|1
|
|upkeep
|turn|16
|
|t:|1758347877
|switch|p2a: Rillaboom|Rillaboom, F|18/100
|-damage|p2a: Rillaboom|2/100|[from] Spikes
|-fieldstart|move: Grassy Terrain|[from] ability: Grassy Surge|[of] p2a: Rillaboom
|move|p1a: Landorus|Earthquake|p2a: Rillaboom
|-resisted|p2a: Rillaboom
|-damage|p2a: Rillaboom|0 fnt
|faint|p2a: Rillaboom
|
|upkeep
|
|t:|1758347884
|switch|p2a: Zamazenta|Zamazenta|100/100
|-damage|p2a: Zamazenta|84/100|[from] Spikes
|-ability|p2a: Zamazenta|Dauntless Shield|boost
|-boost|p2a: Zamazenta|def|1
|turn|17
|j| wgw2333
|
|t:|1758347906
|switch|p1a: Kyurem|Kyurem|67/100 par
|-ability|p1a: Kyurem|Pressure
|move|p2a: Zamazenta|Iron Defense|p2a: Zamazenta
|-boost|p2a: Zamazenta|def|2
|
|-heal|p2a: Zamazenta|90/100|[from] Grassy Terrain
|-heal|p2a: Zamazenta|96/100|[from] item: Leftovers
|-heal|p1a: Kyurem|73/100 par|[from] Grassy Terrain
|upkeep
|turn|18
|
|t:|1758347909
|switch|p1a: Iron Valiant|Iron Valiant|100/100
|-enditem|p1a: Iron Valiant|Booster Energy
|-activate|p1a: Iron Valiant|ability: Quark Drive|[fromitem]
|-start|p1a: Iron Valiant|quarkdrivespa
|move|p2a: Zamazenta|Body Press|p1a: Iron Valiant
|-resisted|p1a: Iron Valiant
|-damage|p1a: Iron Valiant|43/100
|
|-heal|p2a: Zamazenta|100/100|[from] Grassy Terrain
|-heal|p1a: Iron Valiant|49/100|[from] Grassy Terrain
|upkeep
|turn|19
|
|t:|1758347917
|move|p2a: Zamazenta|Heavy Slam|p1a: Iron Valiant
|-supereffective|p1a: Iron Valiant
|-damage|p1a: Iron Valiant|0 fnt
|faint|p1a: Iron Valiant
|-end|p1a: Iron Valiant|Quark Drive|[silent]
|
|upkeep
|
|t:|1758347923
|switch|p1a: Landorus|Landorus-Therian, M|35/100
|-ability|p1a: Landorus|Intimidate|boost
|-unboost|p2a: Zamazenta|atk|1
|turn|20
|
|t:|1758347926
|move|p2a: Zamazenta|Iron Defense|p2a: Zamazenta
|-boost|p2a: Zamazenta|def|2
|move|p1a: Landorus|Earthquake|p2a: Zamazenta
|-damage|p2a: Zamazenta|94/100
|
|-heal|p2a: Zamazenta|100/100|[from] Grassy Terrain
|-fieldend|move: Grassy Terrain
|upkeep
|turn|21
|
|t:|1758347929
|move|p2a: Zamazenta|Body Press|p1a: Landorus
|-resisted|p1a: Landorus
|-damage|p1a: Landorus|0 fnt
|-damage|p2a: Zamazenta|84/100|[from] item: Rocky Helmet|[of] p1a: Landorus
|faint|p1a: Landorus
|
|-heal|p2a: Zamazenta|90/100|[from] item: Leftovers
|upkeep
|-message|HyperHHH forfeited.
|
|win|Alethino
|raw|HyperHHH's rating: 1660 &rarr; <strong>1642</strong><br />(-18 for losing)
|raw|Alethino's rating: 1702 &rarr; <strong>1720</strong><br />(+18 for winning)
|l|☆HyperHHH
|player|p1|
|l|☆Alethino
|player|p2|
|l| wgw2333
