|badge|p2|bronze|gen9ou|100-6
|uhtml|medal-msg|<div class="broadcast-blue">Curious what those medals under the avatar are? PS now has Ladder Seasons! For more information, check out the <a href="https://www.smogon.com/forums/threads/3740067/">thread on Smogon.</a></div>
|j|☆lerendezvous
|j|☆jamel1
|t:|1758363202
|gametype|singles
|player|p1|lerendezvous|101|1716
|player|p2|jamel1|cyrus|1853
|gen|9
|tier|[Gen 9] OU
|rated|
|rule|HP Percentage Mod: HP is shown in percentages
|rule|Endless Battle Clause: Forcing endless battles is banned
|rule|Species Clause: Limit one of each Pokémon
|rule|OHKO Clause: OHKO moves are banned
|rule|Evasion Items Clause: Evasion items are banned
|rule|Evasion Moves Clause: Evasion moves are banned
|rule|Evasion Abilities Clause: Evasion abilities are banned
|rule|Sleep Moves Clause: Sleep-inducing moves are banned
|clearpoke
|poke|p1|Ogerpon-Wellspring, F|
|poke|p1|Slowking-Galar, M|
|poke|p1|Great Tusk|
|poke|p1|Moltres|
|poke|p1|Dragapult, F|
|poke|p1|Kingambit, M|
|poke|p2|Sandaconda, M|
|poke|p2|Deoxys-Defense|
|poke|p2|Gyarados, F|
|poke|p2|Maushold|
|poke|p2|Serperior, M|
|poke|p2|Kommo-o, M|
|teampreview
|
|t:|1758363209
|teamsize|p1|6
|teamsize|p2|6
|start
|switch|p1a: Slowking|Slowking-Galar, M|100/100
|switch|p2a: Sandaconda|Sandaconda, M|100/100
|turn|1
|inactive|Battle timer is ON: inactive players will automatically lose when time's up. (requested by lerendezvous)
|
|t:|1758363214
|move|p2a: Sandaconda|Glare|p1a: Slowking
|-status|p1a: Slowking|par
|move|p1a: Slowking|Ice Beam|p2a: Sandaconda
|-supereffective|p2a: Sandaconda
|-damage|p2a: Sandaconda|9/100
|
|upkeep
|turn|2
|
|t:|1758363221
|switch|p1a: Moltres|Moltres|100/100
|move|p2a: Sandaconda|Stealth Rock|p1a: Moltres
|-sidestart|p1: lerendezvous|move: Stealth Rock
|
|upkeep
|turn|3
|
|t:|1758363226
|move|p2a: Sandaconda|Glare|p1a: Moltres
|-status|p1a: Moltres|par
|cant|p1a: Moltres|par
|
|upkeep
|turn|4
|
|t:|1758363230
|switch|p1a: Dragapult|Dragapult, F|100/100
|move|p2a: Sandaconda|Iron Head|p1a: Dragapult
|-damage|p1a: Dragapult|65/100
|
|upkeep
|turn|5
|
|t:|1758363236
|move|p1a: Dragapult|Dragon Darts|p2a: Sandaconda
|-damage|p2a: Sandaconda|0 fnt
|faint|p2a: Sandaconda
|
|upkeep
|
|t:|1758363237
|switch|p2a: Serperior|Serperior, M, shiny|100/100
|turn|6
|
|t:|1758363242
|move|p1a: Dragapult|Dragon Darts|p2a: Serperior
|-damage|p2a: Serperior|73/100
|-anim|p1a: Dragapult|Dragon Darts|p2a: Serperior
|-crit|p2a: Serperior
|-damage|p2a: Serperior|34/100
|move|p2a: Serperior|Reflect|p2a: Serperior
|-sidestart|p2: jamel1|Reflect
|
|upkeep
|turn|7
|
|t:|1758363249
|move|p1a: Dragapult|Dragon Darts|p2a: Serperior
|-damage|p2a: Serperior|7/100
|-anim|p1a: Dragapult|Dragon Darts|p2a: Serperior
|-damage|p2a: Serperior|0 fnt
|faint|p2a: Serperior
|
|upkeep
|
|t:|1758363253
|switch|p2a: Gyarados|Gyarados, F, shiny|100/100
|turn|8
|j| l888778
|
|t:|1758363258
|move|p1a: Dragapult|Will-O-Wisp|p2a: Gyarados
|-status|p2a: Gyarados|brn
|move|p2a: Gyarados|Dragon Dance|p2a: Gyarados
|-boost|p2a: Gyarados|atk|1
|-boost|p2a: Gyarados|spe|1
|
|-damage|p2a: Gyarados|94/100 brn|[from] brn
|upkeep
|turn|9
|
|t:|1758363262
|move|p2a: Gyarados|Earthquake|p1a: Dragapult
|-crit|p1a: Dragapult
|-damage|p1a: Dragapult|14/100
|move|p1a: Dragapult|Hex|p2a: Gyarados
|-damage|p2a: Gyarados|35/100 brn
|
|-heal|p2a: Gyarados|41/100 brn|[from] item: Leftovers
|-damage|p2a: Gyarados|35/100 brn|[from] brn
|upkeep
|turn|10
|
|t:|1758363271
|switch|p1a: Great Tusk|Great Tusk|100/100
|-damage|p1a: Great Tusk|98/100|[from] Stealth Rock
|move|p2a: Gyarados|Earthquake|p1a: Great Tusk
|-damage|p1a: Great Tusk|79/100
|
|-heal|p2a: Gyarados|41/100 brn|[from] item: Leftovers
|-damage|p2a: Gyarados|35/100 brn|[from] brn
|upkeep
|turn|11
|
|t:|1758363276
|switch|p2a: Kommo-o|Kommo-o, M|100/100
|move|p1a: Great Tusk|Rapid Spin|p2a: Kommo-o
|-damage|p2a: Kommo-o|92/100
|-boost|p1a: Great Tusk|spe|1
|-sideend|p1: lerendezvous|Stealth Rock|[from] move: Rapid Spin|[of] p1a: Great Tusk
|
|upkeep
|turn|12
|
|t:|1758363285
|-end|p1a: Great Tusk|Protosynthesis|[silent]
|switch|p1a: Slowking|Slowking-Galar, M|100/100 par
|move|p2a: Kommo-o|Substitute|p2a: Kommo-o
|-start|p2a: Kommo-o|Substitute
|-damage|p2a: Kommo-o|67/100
|
|upkeep
|turn|13
|
|t:|1758363292
|switch|p1a: Dragapult|Dragapult, F|14/100
|-terastallize|p2a: Kommo-o|Steel
|move|p2a: Kommo-o|Belly Drum|p2a: Kommo-o
|-damage|p2a: Kommo-o|17/100
|-setboost|p2a: Kommo-o|atk|6|[from] move: Belly Drum
|-enditem|p2a: Kommo-o|Salac Berry|[eat]
|-boost|p2a: Kommo-o|spe|1|[from] item: Salac Berry
|
|-sideend|p2: jamel1|Reflect
|upkeep
|turn|14
|
|t:|1758363296
|-terastallize|p1a: Dragapult|Fairy
|move|p1a: Dragapult|Dragon Darts|p2a: Kommo-o
|-resisted|p2a: Kommo-o
|-damage|p2a: Kommo-o|6/100
|-anim|p1a: Dragapult|Dragon Darts|p2a: Kommo-o
|-resisted|p2a: Kommo-o
|-damage|p2a: Kommo-o|0 fnt
|faint|p2a: Kommo-o
|
|upkeep
|
|t:|1758363302
|switch|p2a: Maushold|Maushold|100/100
|turn|15
|
|t:|1758363306
|move|p1a: Dragapult|U-turn|p2a: Maushold
|-damage|p2a: Maushold|79/100
|
|t:|1758363315
|switch|p1a: Kingambit|Kingambit, M|100/100|[from] U-turn
|move|p2a: Maushold|Population Bomb|p1a: Kingambit
|-resisted|p1a: Kingambit
|-damage|p1a: Kingambit|96/100
|-hitcount|p1a: Kingambit|1
|
|-heal|p1a: Kingambit|100/100|[from] item: Leftovers
|upkeep
|turn|16
|
|t:|1758363319
|move|p2a: Maushold|Thunder Wave|p1a: Kingambit
|-status|p1a: Kingambit|par
|move|p1a: Kingambit|Iron Head|p2a: Maushold
|-damage|p2a: Maushold|34/100
|
|upkeep
|turn|17
|
|t:|1758363324
|move|p2a: Maushold|Population Bomb|p1a: Kingambit
|-resisted|p1a: Kingambit
|-damage|p1a: Kingambit|96/100 par
|-resisted|p1a: Kingambit
|-damage|p1a: Kingambit|92/100 par
|-resisted|p1a: Kingambit
|-damage|p1a: Kingambit|88/100 par
|-resisted|p1a: Kingambit
|-damage|p1a: Kingambit|84/100 par
|-resisted|p1a: Kingambit
|-damage|p1a: Kingambit|80/100 par
|-resisted|p1a: Kingambit
|-damage|p1a: Kingambit|76/100 par
|-resisted|p1a: Kingambit
|-crit|p1a: Kingambit
|-damage|p1a: Kingambit|70/100 par
|-resisted|p1a: Kingambit
|-damage|p1a: Kingambit|65/100 par
|-resisted|p1a: Kingambit
|-damage|p1a: Kingambit|61/100 par
|-resisted|p1a: Kingambit
|-damage|p1a: Kingambit|57/100 par
|-hitcount|p1a: Kingambit|10
|move|p1a: Kingambit|Iron Head|p2a: Maushold
|-damage|p2a: Maushold|0 fnt
|faint|p2a: Maushold
|
|-heal|p1a: Kingambit|63/100 par|[from] item: Leftovers
|upkeep
|
|t:|1758363327
|switch|p2a: Gyarados|Gyarados, F, shiny|35/100 brn
|turn|18
|
|t:|1758363331
|cant|p1a: Kingambit|par
|move|p2a: Gyarados|Earthquake|p1a: Kingambit
|-supereffective|p1a: Kingambit
|-damage|p1a: Kingambit|38/100 par
|
|-heal|p2a: Gyarados|41/100 brn|[from] item: Leftovers
|-heal|p1a: Kingambit|44/100 par|[from] item: Leftovers
|-damage|p2a: Gyarados|35/100 brn|[from] brn
|upkeep
|turn|19
|
|t:|1758363337
|move|p1a: Kingambit|Sucker Punch|p2a: Gyarados
|-damage|p2a: Gyarados|0 fnt
|faint|p2a: Gyarados
|
|-heal|p1a: Kingambit|50/100 par|[from] item: Leftovers
|upkeep
|
|t:|1758363339
|switch|p2a: Deoxys|Deoxys-Defense|100/100
|-ability|p2a: Deoxys|Pressure
|turn|20
|
|t:|1758363343
|move|p2a: Deoxys|Cosmic Power|p2a: Deoxys
|-boost|p2a: Deoxys|def|1
|-boost|p2a: Deoxys|spd|1
|cant|p1a: Kingambit|par
|
|-heal|p1a: Kingambit|56/100 par|[from] item: Leftovers
|upkeep
|turn|21
|
|t:|1758363348
|move|p2a: Deoxys|Cosmic Power|p2a: Deoxys
|-boost|p2a: Deoxys|def|1
|-boost|p2a: Deoxys|spd|1
|cant|p1a: Kingambit|par
|
|-heal|p1a: Kingambit|62/100 par|[from] item: Leftovers
|upkeep
|turn|22
|
|t:|1758363352
|move|p2a: Deoxys|Cosmic Power|p2a: Deoxys
|-boost|p2a: Deoxys|def|1
|-boost|p2a: Deoxys|spd|1
|cant|p1a: Kingambit|par
|
|-heal|p1a: Kingambit|69/100 par|[from] item: Leftovers
|upkeep
|turn|23
|
|t:|1758363357
|move|p2a: Deoxys|Cosmic Power|p2a: Deoxys
|-boost|p2a: Deoxys|def|1
|-boost|p2a: Deoxys|spd|1
|move|p1a: Kingambit|Swords Dance|p1a: Kingambit
|-boost|p1a: Kingambit|atk|2
|
|-heal|p1a: Kingambit|75/100 par|[from] item: Leftovers
|upkeep
|turn|24
|
|t:|1758363362
|move|p1a: Kingambit|Sucker Punch|p2a: Deoxys
|-supereffective|p2a: Deoxys
|-damage|p2a: Deoxys|69/100
|-enditem|p2a: Deoxys|Weakness Policy
|-boost|p2a: Deoxys|atk|2|[from] item: Weakness Policy
|-boost|p2a: Deoxys|spa|2|[from] item: Weakness Policy
|move|p2a: Deoxys|Low Kick|p1a: Kingambit
|-supereffective|p1a: Kingambit
|-damage|p1a: Kingambit|0 fnt
|faint|p1a: Kingambit
|-end|p1a: Kingambit|fallenundefined|[silent]
|
|upkeep
|
|t:|1758363368
|switch|p1a: Ogerpon|Ogerpon-Wellspring, F|100/100
|turn|25
|
|t:|1758363373
|move|p1a: Ogerpon|Ivy Cudgel|p2a: Deoxys|[anim] Ivy Cudgel Water
|-damage|p2a: Deoxys|57/100
|move|p2a: Deoxys|Stored Power|p1a: Ogerpon
|-crit|p1a: Ogerpon
|-damage|p1a: Ogerpon|0 fnt
|faint|p1a: Ogerpon
|
|upkeep
|
|t:|1758363379
|switch|p1a: Dragapult|Dragapult, F, tera:Fairy|14/100
|turn|26
|
|t:|1758363384
|move|p1a: Dragapult|Hex|p2a: Deoxys
|-supereffective|p2a: Deoxys
|-crit|p2a: Deoxys
|-damage|p2a: Deoxys|7/100
|move|p2a: Deoxys|Recover|p2a: Deoxys
|-heal|p2a: Deoxys|57/100
|
|upkeep
|turn|27
|
|t:|1758363389
|move|p1a: Dragapult|Hex|p2a: Deoxys
|-supereffective|p2a: Deoxys
|-damage|p2a: Deoxys|44/100
|move|p2a: Deoxys|Recover|p2a: Deoxys
|-heal|p2a: Deoxys|94/100
|
|upkeep
|turn|28
|c| l888778|WHAT IS THAT DEOXYS
|
|t:|1758363394
|move|p1a: Dragapult|Will-O-Wisp|p2a: Deoxys|[miss]
|-miss|p1a: Dragapult|p2a: Deoxys
|move|p2a: Deoxys|Stored Power|p1a: Dragapult
|-damage|p1a: Dragapult|0 fnt
|faint|p1a: Dragapult
|
|upkeep
|
|t:|1758363399
|switch|p1a: Slowking|Slowking-Galar, M|100/100 par
|turn|29
|
|t:|1758363404
|move|p2a: Deoxys|Stored Power|p1a: Slowking
|-damage|p1a: Slowking|28/100 par
|move|p1a: Slowking|Ice Beam|p2a: Deoxys
|-damage|p2a: Deoxys|87/100
|
|upkeep
|turn|30
|
|t:|1758363409
|switch|p1a: Great Tusk|Great Tusk|79/100
|move|p2a: Deoxys|Stored Power|p1a: Great Tusk
|-supereffective|p1a: Great Tusk
|-damage|p1a: Great Tusk|0 fnt
|faint|p1a: Great Tusk
|-end|p1a: Great Tusk|Protosynthesis|[silent]
|
|upkeep
|
|t:|1758363413
|switch|p1a: Slowking|Slowking-Galar, M|61/100 par
|turn|31
|
|t:|1758363418
|switch|p1a: Moltres|Moltres|100/100 par
|move|p2a: Deoxys|Stored Power|p1a: Moltres
|-crit|p1a: Moltres
|-damage|p1a: Moltres|0 fnt
|faint|p1a: Moltres
|
|upkeep
|
|t:|1758363422
|switch|p1a: Slowking|Slowking-Galar, M|94/100 par
|turn|32
|
|t:|1758363426
|move|p2a: Deoxys|Stored Power|p1a: Slowking
|-damage|p1a: Slowking|22/100 par
|move|p1a: Slowking|Ice Beam|p2a: Deoxys
|-damage|p2a: Deoxys|81/100
|
|upkeep
|turn|33
|
|t:|1758363431
|move|p2a: Deoxys|Stored Power|p1a: Slowking
|-damage|p1a: Slowking|0 fnt
|faint|p1a: Slowking
|
|win|jamel1
|raw|lerendezvous's rating: 1716 &rarr; <strong>1704</strong><br />(-12 for losing)
|raw|jamel1's rating: 1853 &rarr; <strong>1865</strong><br />(+12 for winning)
|l|☆lerendezvous
|player|p1|
|l| l888778
|l|☆jamel1
|player|p2|
