|j|☆o monstro01
|j|☆Palafinnieon
|t:|1758298039
|gametype|singles
|player|p1|o monstro01|clay|1601
|player|p2|Palafinnieon|grimsley|1553
|gen|9
|tier|[Gen 9] OU
|rated|
|rule|HP Percentage Mod: HP is shown in percentages
|rule|Endless Battle Clause: Forcing endless battles is banned
|rule|Species Clause: Limit one of each Pokémon
|rule|OHKO Clause: OHKO moves are banned
|rule|Evasion Items Clause: Evasion items are banned
|rule|Evasion Moves Clause: Evasion moves are banned
|rule|Evasion Abilities Clause: Evasion abilities are banned
|rule|Sleep Moves Clause: Sleep-inducing moves are banned
|clearpoke
|poke|p1|Dragonite, F|
|poke|p1|Great Tusk|
|poke|p1|Iron Moth|
|poke|p1|Ogerpon-Wellspring, F|
|poke|p1|Iron Valiant|
|poke|p1|Scizor, M|
|poke|p2|Araquanid, M|
|poke|p2|Gholdengo|
|poke|p2|Zarude|
|poke|p2|Zapdos-Galar|
|poke|p2|Iron Boulder|
|poke|p2|Landorus-Therian, M|
|teampreview
|
|t:|1758298052
|teamsize|p1|6
|teamsize|p2|6
|start
|switch|p1a: Iron Valiant|Iron Valiant|100/100
|switch|p2a: Itsy Bitsy|Araquanid, M|100/100
|-enditem|p1a: Iron Valiant|Booster Energy
|-activate|p1a: Iron Valiant|ability: Quark Drive|[fromitem]
|-start|p1a: Iron Valiant|quarkdrivespe
|turn|1
|
|t:|1758298064
|move|p1a: Iron Valiant|Knock Off|p2a: Itsy Bitsy
|-damage|p2a: Itsy Bitsy|65/100
|-enditem|p2a: Itsy Bitsy|Custap Berry|[from] move: Knock Off|[of] p1a: Iron Valiant
|move|p2a: Itsy Bitsy|Surf|p1a: Iron Valiant
|-damage|p1a: Iron Valiant|0 fnt
|faint|p1a: Iron Valiant
|-end|p1a: Iron Valiant|Quark Drive|[silent]
|
|upkeep
|
|t:|1758298073
|switch|p1a: Ogerpon|Ogerpon-Wellspring, F|100/100
|turn|2
|
|t:|1758298107
|switch|p2a: Zarude|Zarude|100/100
|move|p1a: Ogerpon|Swords Dance|p1a: Ogerpon
|-boost|p1a: Ogerpon|atk|2
|
|upkeep
|turn|3
|
|t:|1758298117
|move|p1a: Ogerpon|U-turn|p2a: Zarude
|-supereffective|p2a: Zarude
|-damage|p2a: Zarude|0 fnt
|faint|p2a: Zarude
|
|t:|1758298125
|switch|p1a: Scizor|Scizor, M|100/100|[from] U-turn
|
|upkeep
|
|t:|1758298132
|switch|p2a: Landorus|Landorus-Therian, M|100/100
|-ability|p2a: Landorus|Intimidate|boost
|-unboost|p1a: Scizor|atk|1
|turn|4
|
|t:|1758298136
|switch|p1a: Great Tusk|Great Tusk|100/100
|move|p2a: Landorus|Stealth Rock|p1a: Great Tusk
|-sidestart|p1: o monstro01|move: Stealth Rock
|
|upkeep
|turn|5
|
|t:|1758298159
|move|p2a: Landorus|Grass Knot|p1a: Great Tusk
|-supereffective|p1a: Great Tusk
|-damage|p1a: Great Tusk|0 fnt
|-damage|p2a: Landorus|84/100|[from] item: Rocky Helmet|[of] p1a: Great Tusk
|faint|p1a: Great Tusk
|-end|p1a: Great Tusk|Protosynthesis|[silent]
|-damage|p2a: Landorus|74/100|[from] item: Life Orb
|
|upkeep
|
|t:|1758298166
|switch|p1a: Ogerpon|Ogerpon-Wellspring, F|100/100
|-damage|p1a: Ogerpon|88/100|[from] Stealth Rock
|turn|6
|
|t:|1758298178
|move|p1a: Ogerpon|Ivy Cudgel|p2a: Landorus|[anim] Ivy Cudgel Water
|-supereffective|p2a: Landorus
|-damage|p2a: Landorus|0 fnt
|faint|p2a: Landorus
|
|upkeep
|
|t:|1758298180
|switch|p2a: My Foot Your Face|Zapdos-Galar, shiny|100/100
|turn|7
|
|t:|1758298192
|-terastallize|p1a: Ogerpon|Water
|detailschange|p1a: Ogerpon|Ogerpon-Wellspring-Tera, F, tera:Water
|-ability|p1a: Ogerpon|Embody Aspect (Wellspring)|boost
|-boost|p1a: Ogerpon|spd|1
|move|p1a: Ogerpon|Ivy Cudgel|p2a: My Foot Your Face|[anim] Ivy Cudgel Water
|-damage|p2a: My Foot Your Face|5/100
|move|p2a: My Foot Your Face|Brave Bird|p1a: Ogerpon
|-damage|p1a: Ogerpon|9/100
|-damage|p2a: My Foot Your Face|0 fnt|[from] Recoil
|faint|p2a: My Foot Your Face
|
|upkeep
|
|t:|1758298219
|switch|p2a: ROCK MAN|Iron Boulder|100/100
|-enditem|p2a: ROCK MAN|Booster Energy
|-activate|p2a: ROCK MAN|ability: Quark Drive|[fromitem]
|-start|p2a: ROCK MAN|quarkdrivespe
|turn|8
|
|t:|1758298225
|move|p2a: ROCK MAN|Mighty Cleave|p1a: Ogerpon
|-damage|p1a: Ogerpon|0 fnt
|faint|p1a: Ogerpon
|detailschange|p1: Ogerpon|Ogerpon-Wellspring, F|[silent]
|
|upkeep
|
|t:|1758298231
|switch|p1a: Scizor|Scizor, M|100/100
|-damage|p1a: Scizor|88/100|[from] Stealth Rock
|turn|9
|
|t:|1758298245
|move|p1a: Scizor|Bullet Punch|p2a: ROCK MAN
|-supereffective|p2a: ROCK MAN
|-damage|p2a: ROCK MAN|14/100
|move|p2a: ROCK MAN|Mighty Cleave|p1a: Scizor
|-damage|p1a: Scizor|41/100
|
|-heal|p1a: Scizor|47/100|[from] item: Leftovers
|upkeep
|turn|10
|
|t:|1758298254
|move|p1a: Scizor|Bullet Punch|p2a: ROCK MAN
|-supereffective|p2a: ROCK MAN
|-damage|p2a: ROCK MAN|0 fnt
|faint|p2a: ROCK MAN
|-end|p2a: ROCK MAN|Quark Drive|[silent]
|
|-heal|p1a: Scizor|53/100|[from] item: Leftovers
|upkeep
|
|t:|1758298256
|switch|p2a: MLM Enjoyer|Gholdengo|100/100
|-item|p2a: MLM Enjoyer|Air Balloon
|turn|11
|
|t:|1758298266
|move|p1a: Scizor|Bullet Punch|p2a: MLM Enjoyer
|-resisted|p2a: MLM Enjoyer
|-damage|p2a: MLM Enjoyer|80/100
|-enditem|p2a: MLM Enjoyer|Air Balloon
|move|p2a: MLM Enjoyer|Shadow Ball|p1a: Scizor
|-damage|p1a: Scizor|0 fnt
|faint|p1a: Scizor
|
|upkeep
|
|t:|1758298277
|switch|p1a: Dragonite|Dragonite, F|100/100
|turn|12
|
|t:|1758298281
|switch|p2a: Itsy Bitsy|Araquanid, M|65/100
|move|p1a: Dragonite|Dragon Dance|p1a: Dragonite
|-boost|p1a: Dragonite|atk|1
|-boost|p1a: Dragonite|spe|1
|
|upkeep
|turn|13
|
|t:|1758298289
|-terastallize|p2a: Itsy Bitsy|Ghost
|move|p1a: Dragonite|Extreme Speed|p2a: Itsy Bitsy
|-immune|p2a: Itsy Bitsy
|move|p2a: Itsy Bitsy|Endeavor|p1a: Dragonite
|-damage|p1a: Dragonite|68/100
|
|upkeep
|turn|14
|
|t:|1758298298
|move|p1a: Dragonite|Earthquake|p2a: Itsy Bitsy
|-damage|p2a: Itsy Bitsy|6/100
|move|p2a: Itsy Bitsy|Surf|p1a: Dragonite
|-resisted|p1a: Dragonite
|-damage|p1a: Dragonite|38/100
|
|upkeep
|turn|15
|-message|Palafinnieon forfeited.
|
|win|o monstro01
|raw|o monstro01's rating: 1601 &rarr; <strong>1618</strong><br />(+17 for winning)
|raw|Palafinnieon's rating: 1553 &rarr; <strong>1536</strong><br />(-17 for losing)
|l|☆Palafinnieon
|player|p2|
|l|☆o monstro01
|player|p1|
