|j|☆James1715
|j|☆loneslopeman
|t:|1758341675
|gametype|singles
|player|p1|James1715|unknown|1206
|player|p2|loneslopeman|2|1202
|gen|9
|tier|[Gen 9] OU
|rated|
|rule|HP Percentage Mod: HP is shown in percentages
|rule|Endless Battle Clause: Forcing endless battles is banned
|rule|Species Clause: Limit one of each Pokémon
|rule|OHKO Clause: OHKO moves are banned
|rule|Evasion Items Clause: Evasion items are banned
|rule|Evasion Moves Clause: Evasion moves are banned
|rule|Evasion Abilities Clause: Evasion abilities are banned
|rule|Sleep Moves Clause: Sleep-inducing moves are banned
|clearpoke
|poke|p1|Raging Bolt|
|poke|p1|Cinderace, M|
|poke|p1|Greninja-*, M|
|poke|p1|Lokix, F|
|poke|p1|Kingambit, M|
|poke|p1|Haxorus, M|
|poke|p2|Zarude-Dada|
|poke|p2|Torkoal, F|
|poke|p2|Scream Tail|
|poke|p2|Great Tusk|
|poke|p2|Zamazenta-*|
|poke|p2|Walking Wake|
|teampreview
|
|t:|1758341693
|teamsize|p1|6
|teamsize|p2|6
|start
|switch|p1a: Haxorus|Haxorus, M, shiny|100/100
|switch|p2a: Torkoal|Torkoal, F|100/100
|-ability|p1a: Haxorus|Mold Breaker
|-weather|SunnyDay|[from] ability: Drought|[of] p2a: Torkoal
|turn|1
|
|t:|1758341708
|move|p1a: Haxorus|Swords Dance|p1a: Haxorus
|-boost|p1a: Haxorus|atk|2
|move|p2a: Torkoal|Stealth Rock|p1a: Haxorus
|-sidestart|p1: James1715|move: Stealth Rock
|
|-weather|SunnyDay|[upkeep]
|upkeep
|turn|2
|
|t:|1758341717
|switch|p2a: Scream Tail|Scream Tail|100/100
|-activate|p2a: Scream Tail|ability: Protosynthesis
|-start|p2a: Scream Tail|protosynthesisspd
|move|p1a: Haxorus|Scale Shot|p2a: Scream Tail
|-immune|p2a: Scream Tail
|
|-weather|SunnyDay|[upkeep]
|upkeep
|turn|3
|
|t:|1758341727
|-terastallize|p1a: Haxorus|Steel
|move|p1a: Haxorus|Iron Head|p2a: Scream Tail
|-supereffective|p2a: Scream Tail
|-damage|p2a: Scream Tail|0 fnt
|faint|p2a: Scream Tail
|-end|p2a: Scream Tail|Protosynthesis|[silent]
|
|-weather|SunnyDay|[upkeep]
|upkeep
|
|t:|1758341732
|switch|p2a: Zamazenta|Zamazenta|100/100
|-ability|p2a: Zamazenta|Dauntless Shield|boost
|-boost|p2a: Zamazenta|def|1
|turn|4
|
|t:|1758341738
|move|p2a: Zamazenta|Body Press|p1a: Haxorus
|-supereffective|p1a: Haxorus
|-damage|p1a: Haxorus|0 fnt
|faint|p1a: Haxorus
|
|-weather|SunnyDay|[upkeep]
|upkeep
|
|t:|1758341748
|switch|p1a: Cinderace|Cinderace, M|100/100
|turn|5
|
|t:|1758341755
|move|p1a: Cinderace|Pyro Ball|p2a: Zamazenta
|-damage|p2a: Zamazenta|56/100
|move|p2a: Zamazenta|Body Press|p1a: Cinderace
|-damage|p1a: Cinderace|14/100
|
|-weather|SunnyDay|[upkeep]
|-heal|p2a: Zamazenta|63/100|[from] item: Leftovers
|upkeep
|turn|6
|
|t:|1758341765
|switch|p2a: Walking Wake|Walking Wake|100/100
|-activate|p2a: Walking Wake|ability: Protosynthesis
|-start|p2a: Walking Wake|protosynthesisspe
|move|p1a: Cinderace|Court Change|p1a: Cinderace
|-start|p1a: Cinderace|typechange|Normal|[from] ability: Libero
|-swapsideconditions
|-activate|p1a: Cinderace|move: Court Change
|
|-weather|SunnyDay|[upkeep]
|upkeep
|turn|7
|
|t:|1758341776
|move|p1a: Cinderace|Sucker Punch|p2a: Walking Wake
|-damage|p2a: Walking Wake|75/100
|move|p2a: Walking Wake|Hydro Steam|p1a: Cinderace
|-damage|p1a: Cinderace|0 fnt
|faint|p1a: Cinderace
|-damage|p2a: Walking Wake|66/100|[from] item: Life Orb
|
|-weather|SunnyDay|[upkeep]
|upkeep
|
|t:|1758341786
|switch|p1a: Lokix|Lokix, F|100/100
|turn|8
|
|t:|1758341794
|move|p1a: Lokix|First Impression|p2a: Walking Wake
|-damage|p2a: Walking Wake|19/100
|move|p2a: Walking Wake|Hydro Steam|p1a: Lokix
|-damage|p1a: Lokix|0 fnt
|faint|p1a: Lokix
|-damage|p2a: Walking Wake|9/100|[from] item: Life Orb
|
|-weather|none
|-end|p2a: Walking Wake|Protosynthesis
|upkeep
|
|t:|1758341805
|switch|p1a: Greninja|Greninja, M|100/100
|turn|9
|
|t:|1758341813
|-end|p2a: Walking Wake|Protosynthesis|[silent]
|switch|p2a: Zarude|Zarude-Dada|100/100
|-damage|p2a: Zarude|88/100|[from] Stealth Rock
|move|p1a: Greninja|Water Shuriken|p2a: Zarude
|-resisted|p2a: Zarude
|-damage|p2a: Zarude|85/100
|-resisted|p2a: Zarude
|-damage|p2a: Zarude|81/100
|-resisted|p2a: Zarude
|-damage|p2a: Zarude|78/100
|-resisted|p2a: Zarude
|-damage|p2a: Zarude|75/100
|-hitcount|p2a: Zarude|4
|
|-heal|p2a: Zarude|81/100|[from] item: Leftovers
|upkeep
|turn|10
|
|t:|1758341827
|move|p1a: Greninja|Ice Beam|p2a: Zarude
|-supereffective|p2a: Zarude
|-damage|p2a: Zarude|24/100
|move|p2a: Zarude|Petal Blizzard|p1a: Greninja
|-supereffective|p1a: Greninja
|-damage|p1a: Greninja|0 fnt
|faint|p1a: Greninja
|
|-heal|p2a: Zarude|30/100|[from] item: Leftovers
|upkeep
|
|t:|1758341838
|switch|p1a: Raging Bolt|Raging Bolt|100/100
|-enditem|p1a: Raging Bolt|Booster Energy
|-activate|p1a: Raging Bolt|ability: Protosynthesis|[fromitem]
|-start|p1a: Raging Bolt|protosynthesisspa
|turn|11
|
|t:|1758341845
|switch|p2a: Torkoal|Torkoal, F|100/100
|-damage|p2a: Torkoal|76/100|[from] Stealth Rock
|-weather|SunnyDay|[from] ability: Drought|[of] p2a: Torkoal
|move|p1a: Raging Bolt|Thunderbolt|p2a: Torkoal
|-damage|p2a: Torkoal|0 fnt
|faint|p2a: Torkoal
|
|-weather|SunnyDay|[upkeep]
|upkeep
|
|t:|1758341851
|switch|p2a: Great Tusk|Great Tusk|100/100
|-damage|p2a: Great Tusk|98/100|[from] Stealth Rock
|-activate|p2a: Great Tusk|ability: Protosynthesis
|-start|p2a: Great Tusk|protosynthesisatk
|turn|12
|
|t:|1758341862
|move|p1a: Raging Bolt|Dragon Pulse|p2a: Great Tusk
|-damage|p2a: Great Tusk|41/100
|move|p2a: Great Tusk|Earthquake|p1a: Raging Bolt
|-supereffective|p1a: Raging Bolt
|-damage|p1a: Raging Bolt|0 fnt
|faint|p1a: Raging Bolt
|-end|p1a: Raging Bolt|Protosynthesis|[silent]
|
|-weather|SunnyDay|[upkeep]
|upkeep
|
|t:|1758341872
|switch|p1a: Kingambit|Kingambit, M|100/100
|-activate|p1a: Kingambit|ability: Supreme Overlord
|-start|p1a: Kingambit|fallen5|[silent]
|turn|13
|
|t:|1758341876
|move|p1a: Kingambit|Sucker Punch|p2a: Great Tusk
|-resisted|p2a: Great Tusk
|-damage|p2a: Great Tusk|21/100
|move|p2a: Great Tusk|Earthquake|p1a: Kingambit
|-supereffective|p1a: Kingambit
|-damage|p1a: Kingambit|0 fnt
|faint|p1a: Kingambit
|-end|p1a: Kingambit|fallen5|[silent]
|
|win|loneslopeman
|raw|James1715's rating: 1206 &rarr; <strong>1181</strong><br />(-25 for losing)
|raw|loneslopeman's rating: 1202 &rarr; <strong>1227</strong><br />(+25 for winning)
|l|☆loneslopeman
|player|p2|
|l|☆James1715
|player|p1|
