|j|☆runningdan
|j|☆Enchidio
|t:|1758337571
|gametype|singles
|player|p1|runningdan|102|1281
|player|p2|Enchidio|gambler|1347
|gen|9
|tier|[Gen 9] OU
|rated|
|rule|HP Percentage Mod: HP is shown in percentages
|rule|Endless Battle Clause: Forcing endless battles is banned
|rule|Species Clause: Limit one of each Pokémon
|rule|OHKO Clause: OHKO moves are banned
|rule|Evasion Items Clause: Evasion items are banned
|rule|Evasion Moves Clause: Evasion moves are banned
|rule|Evasion Abilities Clause: Evasion abilities are banned
|rule|Sleep Moves Clause: Sleep-inducing moves are banned
|clearpoke
|poke|p1|Malamar, F|
|poke|p1|Hatterene, F|
|poke|p1|Ursaluna, F|
|poke|p1|Torkoal, M|
|poke|p1|Cresselia, F|
|poke|p1|Porygon2|
|poke|p2|Gliscor, M|
|poke|p2|Weezing-Galar, M|
|poke|p2|Corviknight, F|
|poke|p2|Ting-Lu|
|poke|p2|Alomomola, F|
|poke|p2|Kyurem|
|teampreview
|inactive|Battle timer is ON: inactive players will automatically lose when time's up. (requested by runningdan)
|c|☆Enchidio|glhf
|c|☆runningdan|u2
|
|t:|1758337589
|teamsize|p1|6
|teamsize|p2|6
|start
|switch|p1a: Porygon2|Porygon2|100/100
|switch|p2a: shwt like a melody|Gliscor, M|100/100
|-ability|p1a: Porygon2|Download|boost
|-boost|p1a: Porygon2|spa|1
|turn|1
|
|t:|1758337600
|switch|p2a: hey now...|Corviknight, F|100/100
|-ability|p2a: hey now...|Pressure
|move|p1a: Porygon2|Trick Room|p1a: Porygon2
|-fieldstart|move: Trick Room|[of] p1a: Porygon2
|
|upkeep
|turn|2
|
|t:|1758337610
|move|p1a: Porygon2|Ice Beam|p2a: hey now...
|-damage|p2a: hey now...|58/100
|move|p2a: hey now...|U-turn|p1a: Porygon2
|-damage|p1a: Porygon2|91/100
|
|t:|1758337618
|switch|p2a: laufey|Alomomola, F|100/100|[from] U-turn
|
|upkeep
|turn|3
|
|t:|1758337622
|move|p2a: laufey|Flip Turn|p1a: Porygon2
|-damage|p1a: Porygon2|80/100
|
|t:|1758337626
|switch|p2a: Baki from Baki|Ting-Lu|100/100|[from] Flip Turn
|-ability|p2a: Baki from Baki|Vessel of Ruin
|move|p1a: Porygon2|Tri Attack|p2a: Baki from Baki
|-damage|p2a: Baki from Baki|77/100
|
|-heal|p2a: Baki from Baki|83/100|[from] item: Leftovers
|upkeep
|turn|4
|
|t:|1758337634
|switch|p1a: Hatterene|Hatterene, F|100/100
|move|p2a: Baki from Baki|Ruination|p1a: Hatterene
|-damage|p1a: Hatterene|50/100
|
|-heal|p2a: Baki from Baki|90/100|[from] item: Leftovers
|upkeep
|turn|5
|
|t:|1758337642
|move|p1a: Hatterene|Draining Kiss|p2a: Baki from Baki
|-supereffective|p2a: Baki from Baki
|-damage|p2a: Baki from Baki|66/100
|-heal|p1a: Hatterene|79/100|[from] drain|[of] p2a: Baki from Baki
|move|p2a: Baki from Baki|Earthquake|p1a: Hatterene
|-damage|p1a: Hatterene|34/100
|
|-heal|p2a: Baki from Baki|72/100|[from] item: Leftovers
|-fieldend|move: Trick Room
|upkeep
|turn|6
|
|t:|1758337661
|switch|p1a: Porygon2|Porygon2|80/100
|-ability|p1a: Porygon2|Download|boost
|-boost|p1a: Porygon2|spa|1
|move|p2a: Baki from Baki|Whirlwind|p1a: Porygon2
|drag|p1a: Cresselia|Cresselia, F|100/100
|
|-heal|p2a: Baki from Baki|79/100|[from] item: Leftovers
|upkeep
|turn|7
|
|t:|1758337670
|move|p2a: Baki from Baki|Stealth Rock|p1a: Cresselia
|-sidestart|p1: runningdan|move: Stealth Rock
|move|p1a: Cresselia|Trick Room|p1a: Cresselia
|-fieldstart|move: Trick Room|[of] p1a: Cresselia
|
|-heal|p2a: Baki from Baki|85/100|[from] item: Leftovers
|upkeep
|turn|8
|
|t:|1758337680
|switch|p2a: shwt like a melody|Gliscor, M|100/100
|switch|p1a: Porygon2|Porygon2|80/100
|-damage|p1a: Porygon2|67/100|[from] Stealth Rock
|-ability|p1a: Porygon2|Download|boost
|-boost|p1a: Porygon2|spa|1
|
|-status|p2a: shwt like a melody|tox|[from] item: Toxic Orb
|upkeep
|turn|9
|
|t:|1758337698
|move|p2a: shwt like a melody|Protect|p2a: shwt like a melody
|-singleturn|p2a: shwt like a melody|Protect
|move|p1a: Porygon2|Ice Beam|p2a: shwt like a melody
|-activate|p2a: shwt like a melody|move: Protect
|
|upkeep
|turn|10
|
|t:|1758337702
|switch|p2a: lebron james|Kyurem|100/100
|-ability|p2a: lebron james|Pressure
|move|p1a: Porygon2|Tri Attack|p2a: lebron james
|-damage|p2a: lebron james|45/100
|
|upkeep
|turn|11
|
|t:|1758337709
|switch|p2a: Baki from Baki|Ting-Lu|85/100
|-ability|p2a: Baki from Baki|Vessel of Ruin
|move|p1a: Porygon2|Tri Attack|p2a: Baki from Baki
|-damage|p2a: Baki from Baki|59/100
|
|-heal|p2a: Baki from Baki|65/100|[from] item: Leftovers
|-fieldend|move: Trick Room
|upkeep
|turn|12
|inactive|Enchidio has 120 seconds left.
|
|t:|1758337744
|move|p1a: Porygon2|Ice Beam|p2a: Baki from Baki
|-supereffective|p2a: Baki from Baki
|-damage|p2a: Baki from Baki|29/100
|move|p2a: Baki from Baki|Ruination|p1a: Porygon2
|-damage|p1a: Porygon2|34/100
|
|-heal|p2a: Baki from Baki|36/100|[from] item: Leftovers
|upkeep
|turn|13
|
|t:|1758337750
|switch|p2a: laufey|Alomomola, F|100/100
|move|p1a: Porygon2|Ice Beam|p2a: laufey
|-resisted|p2a: laufey
|-damage|p2a: laufey|80/100
|
|upkeep
|turn|14
|
|t:|1758337756
|switch|p2a: shwt like a melody|Gliscor, M|100/100 tox
|move|p1a: Porygon2|Tri Attack|p2a: shwt like a melody
|-crit|p2a: shwt like a melody
|-damage|p2a: shwt like a melody|18/100 tox
|
|-heal|p2a: shwt like a melody|31/100 tox|[from] ability: Poison Heal
|upkeep
|turn|15
|
|t:|1758337765
|move|p2a: shwt like a melody|Protect|p2a: shwt like a melody
|-singleturn|p2a: shwt like a melody|Protect
|move|p1a: Porygon2|Trick Room|p1a: Porygon2
|-fieldstart|move: Trick Room|[of] p1a: Porygon2
|
|-heal|p2a: shwt like a melody|43/100 tox|[from] ability: Poison Heal
|upkeep
|turn|16
|
|t:|1758337770
|switch|p2a: GENTLEMAN by PSY|Weezing-Galar, M|100/100
|-ability|p2a: GENTLEMAN by PSY|Neutralizing Gas
|move|p1a: Porygon2|Tri Attack|p2a: GENTLEMAN by PSY
|-damage|p2a: GENTLEMAN by PSY|25/100
|
|upkeep
|turn|17
|
|t:|1758337777
|move|p1a: Porygon2|Tri Attack|p2a: GENTLEMAN by PSY
|-damage|p2a: GENTLEMAN by PSY|0 fnt
|faint|p2a: GENTLEMAN by PSY
|-end|p2a: GENTLEMAN by PSY|ability: Neutralizing Gas
|
|upkeep
|
|t:|1758337806
|switch|p2a: laufey|Alomomola, F|100/100
|turn|18
|
|t:|1758337814
|switch|p1a: Malamar|Malamar, F|100/100
|-damage|p1a: Malamar|88/100|[from] Stealth Rock
|-enditem|p1a: Malamar|Room Service
|-boost|p1a: Malamar|spe|1|[from] item: Room Service
|move|p2a: laufey|Protect||[still]
|-fail|p2a: laufey
|
|upkeep
|turn|19
|
|t:|1758337825
|move|p2a: laufey|Protect|p2a: laufey
|-singleturn|p2a: laufey|Protect
|move|p1a: Malamar|Superpower|p2a: laufey
|-activate|p2a: laufey|move: Protect
|
|-fieldend|move: Trick Room
|upkeep
|turn|20
|
|t:|1758337828
|move|p1a: Malamar|Superpower|p2a: laufey
|-damage|p2a: laufey|80/100
|-boost|p1a: Malamar|atk|1
|-boost|p1a: Malamar|def|1
|move|p2a: laufey|Flip Turn|p1a: Malamar
|-damage|p1a: Malamar|75/100
|
|t:|1758337830
|switch|p2a: shwt like a melody|Gliscor, M|43/100 tox|[from] Flip Turn
|
|-heal|p2a: shwt like a melody|56/100 tox|[from] ability: Poison Heal
|upkeep
|turn|21
|
|t:|1758337838
|move|p2a: shwt like a melody|Protect|p2a: shwt like a melody
|-singleturn|p2a: shwt like a melody|Protect
|move|p1a: Malamar|Knock Off|p2a: shwt like a melody
|-activate|p2a: shwt like a melody|move: Protect
|
|-heal|p2a: shwt like a melody|68/100 tox|[from] ability: Poison Heal
|upkeep
|turn|22
|
|t:|1758337842
|move|p1a: Malamar|Knock Off|p2a: shwt like a melody
|-damage|p2a: shwt like a melody|22/100 tox
|-enditem|p2a: shwt like a melody|Toxic Orb|[from] move: Knock Off|[of] p1a: Malamar
|move|p2a: shwt like a melody|Toxic|p1a: Malamar
|-status|p1a: Malamar|tox
|
|-damage|p1a: Malamar|69/100 tox|[from] psn
|-heal|p2a: shwt like a melody|34/100 tox|[from] ability: Poison Heal
|upkeep
|turn|23
|
|t:|1758337850
|move|p2a: shwt like a melody|Protect|p2a: shwt like a melody
|-singleturn|p2a: shwt like a melody|Protect
|move|p1a: Malamar|Psycho Cut|p2a: shwt like a melody
|-activate|p2a: shwt like a melody|move: Protect
|
|-damage|p1a: Malamar|56/100 tox|[from] psn
|-heal|p2a: shwt like a melody|47/100 tox|[from] ability: Poison Heal
|upkeep
|turn|24
|
|t:|1758337866
|move|p1a: Malamar|Superpower|p2a: shwt like a melody
|-resisted|p2a: shwt like a melody
|-damage|p2a: shwt like a melody|26/100 tox
|-boost|p1a: Malamar|atk|1
|-boost|p1a: Malamar|def|1
|move|p2a: shwt like a melody|Spikes|p1a: Malamar
|-sidestart|p1: runningdan|Spikes
|
|-damage|p1a: Malamar|38/100 tox|[from] psn
|-heal|p2a: shwt like a melody|38/100 tox|[from] ability: Poison Heal
|upkeep
|turn|25
|
|t:|1758337874
|move|p2a: shwt like a melody|Protect|p2a: shwt like a melody
|-singleturn|p2a: shwt like a melody|Protect
|move|p1a: Malamar|Psycho Cut|p2a: shwt like a melody
|-activate|p2a: shwt like a melody|move: Protect
|
|-damage|p1a: Malamar|14/100 tox|[from] psn
|-heal|p2a: shwt like a melody|51/100 tox|[from] ability: Poison Heal
|upkeep
|turn|26
|
|t:|1758337878
|switch|p2a: hey now...|Corviknight, F|58/100
|-ability|p2a: hey now...|Pressure
|move|p1a: Malamar|Psycho Cut|p2a: hey now...
|-resisted|p2a: hey now...
|-damage|p2a: hey now...|39/100
|
|-damage|p1a: Malamar|0 fnt|[from] psn
|faint|p1a: Malamar
|upkeep
|
|t:|1758337896
|switch|p1a: Cresselia|Cresselia, F|100/100
|-damage|p1a: Cresselia|88/100|[from] Stealth Rock
|turn|27
|
|t:|1758337901
|move|p2a: hey now...|U-turn|p1a: Cresselia
|-supereffective|p1a: Cresselia
|-damage|p1a: Cresselia|69/100
|
|t:|1758337904
|switch|p2a: shwt like a melody|Gliscor, M|51/100 tox|[from] U-turn
|move|p1a: Cresselia|Trick Room|p1a: Cresselia
|-fieldstart|move: Trick Room|[of] p1a: Cresselia
|
|-heal|p1a: Cresselia|75/100|[from] item: Leftovers
|-heal|p2a: shwt like a melody|63/100 tox|[from] ability: Poison Heal
|upkeep
|turn|28
|
|t:|1758337910
|switch|p1a: Hatterene|Hatterene, F|34/100
|move|p2a: shwt like a melody|Spikes|p1a: Hatterene
|move|p1a: Hatterene|Spikes|p2a: shwt like a melody|[from] ability: Magic Bounce
|-sidestart|p2: Enchidio|Spikes
|
|-heal|p2a: shwt like a melody|76/100 tox|[from] ability: Poison Heal
|upkeep
|turn|29
|
|t:|1758337920
|move|p1a: Hatterene|Healing Wish|p1a: Hatterene
|faint|p1a: Hatterene
|move|p2a: shwt like a melody|Knock Off|p1: Hatterene|[notarget]
|-fail|p2a: shwt like a melody
|
|-heal|p2a: shwt like a melody|88/100 tox|[from] ability: Poison Heal
|upkeep
|
|t:|1758337925
|switch|p1a: Porygon2|Porygon2|34/100
|-heal|p1a: Porygon2|100/100|[from] move: Healing Wish
|-damage|p1a: Porygon2|88/100|[from] Stealth Rock
|-damage|p1a: Porygon2|76/100|[from] Spikes
|-ability|p1a: Porygon2|Download|boost
|-boost|p1a: Porygon2|spa|1
|turn|30
|
|t:|1758337931
|move|p2a: shwt like a melody|Protect|p2a: shwt like a melody
|-singleturn|p2a: shwt like a melody|Protect
|move|p1a: Porygon2|Ice Beam|p2a: shwt like a melody
|-activate|p2a: shwt like a melody|move: Protect
|
|-heal|p2a: shwt like a melody|100/100 tox|[from] ability: Poison Heal
|upkeep
|turn|31
|
|t:|1758337939
|switch|p2a: lebron james|Kyurem|45/100
|-ability|p2a: lebron james|Pressure
|move|p1a: Porygon2|Tri Attack|p2a: lebron james
|-damage|p2a: lebron james|0 fnt
|faint|p2a: lebron james
|
|-fieldend|move: Trick Room
|upkeep
|
|t:|1758337946
|switch|p2a: hey now...|Corviknight, F|39/100
|-ability|p2a: hey now...|Pressure
|turn|32
|
|t:|1758337952
|move|p2a: hey now...|Roost|p2a: hey now...
|-heal|p2a: hey now...|89/100
|-singleturn|p2a: hey now...|move: Roost
|move|p1a: Porygon2|Trick Room|p1a: Porygon2
|-fieldstart|move: Trick Room|[of] p1a: Porygon2
|
|upkeep
|turn|33
|
|t:|1758337959
|move|p1a: Porygon2|Ice Beam|p2a: hey now...
|-damage|p2a: hey now...|46/100
|move|p2a: hey now...|Roost|p2a: hey now...
|-heal|p2a: hey now...|96/100
|-singleturn|p2a: hey now...|move: Roost
|
|upkeep
|turn|34
|
|t:|1758337964
|move|p1a: Porygon2|Ice Beam|p2a: hey now...
|-damage|p2a: hey now...|56/100
|move|p2a: hey now...|Body Press|p1a: Porygon2
|-supereffective|p1a: Porygon2
|-damage|p1a: Porygon2|42/100
|
|upkeep
|turn|35
|
|t:|1758337973
|move|p1a: Porygon2|Ice Beam|p2a: hey now...
|-damage|p2a: hey now...|17/100
|move|p2a: hey now...|Roost|p2a: hey now...
|-heal|p2a: hey now...|67/100
|-singleturn|p2a: hey now...|move: Roost
|
|upkeep
|turn|36
|
|t:|1758337983
|move|p1a: Porygon2|Ice Beam|p2a: hey now...
|-damage|p2a: hey now...|27/100
|move|p2a: hey now...|Roost|p2a: hey now...
|-heal|p2a: hey now...|77/100
|-singleturn|p2a: hey now...|move: Roost
|
|-fieldend|move: Trick Room
|upkeep
|turn|37
|
|t:|1758337992
|move|p2a: hey now...|Body Press|p1a: Porygon2
|-supereffective|p1a: Porygon2
|-damage|p1a: Porygon2|9/100
|move|p1a: Porygon2|Trick Room|p1a: Porygon2
|-fieldstart|move: Trick Room|[of] p1a: Porygon2
|
|upkeep
|turn|38
|
|t:|1758337998
|switch|p1a: Torkoal|Torkoal, M|100/100
|-damage|p1a: Torkoal|76/100|[from] Stealth Rock
|-damage|p1a: Torkoal|63/100|[from] Spikes
|-weather|SunnyDay|[from] ability: Drought|[of] p1a: Torkoal
|move|p2a: hey now...|Roost|p2a: hey now...
|-heal|p2a: hey now...|100/100
|-singleturn|p2a: hey now...|move: Roost
|
|-weather|SunnyDay|[upkeep]
|upkeep
|turn|39
|
|t:|1758338022
|switch|p2a: shwt like a melody|Gliscor, M|100/100 tox
|move|p1a: Torkoal|Solar Beam||[still]
|-prepare|p1a: Torkoal|Solar Beam
|-anim|p1a: Torkoal|Solar Beam|p2a: shwt like a melody
|-damage|p2a: shwt like a melody|57/100 tox
|
|-weather|SunnyDay|[upkeep]
|-heal|p2a: shwt like a melody|70/100 tox|[from] ability: Poison Heal
|upkeep
|turn|40
|
|t:|1758338032
|switch|p1a: Cresselia|Cresselia, F|75/100
|-damage|p1a: Cresselia|62/100|[from] Stealth Rock
|switch|p2a: laufey|Alomomola, F|100/100
|
|-weather|SunnyDay|[upkeep]
|-heal|p1a: Cresselia|68/100|[from] item: Leftovers
|upkeep
|turn|41
|
|t:|1758338052
|move|p2a: laufey|Wish|p2a: laufey
|move|p1a: Cresselia|Lunar Dance|p1a: Cresselia
|faint|p1a: Cresselia
|
|-weather|SunnyDay|[upkeep]
|-fieldend|move: Trick Room
|upkeep
|
|t:|1758338057
|switch|p1a: Porygon2|Porygon2|9/100
|-heal|p1a: Porygon2|100/100|[from] move: Lunar Dance
|-damage|p1a: Porygon2|88/100|[from] Stealth Rock
|-damage|p1a: Porygon2|76/100|[from] Spikes
|-ability|p1a: Porygon2|Download|boost
|-boost|p1a: Porygon2|spa|1
|turn|42
|
|t:|1758338065
|move|p1a: Porygon2|Tri Attack|p2a: laufey
|-damage|p2a: laufey|49/100
|move|p2a: laufey|Flip Turn|p1a: Porygon2
|-damage|p1a: Porygon2|70/100
|
|t:|1758338067
|switch|p2a: Baki from Baki|Ting-Lu|36/100|[from] Flip Turn
|-damage|p2a: Baki from Baki|23/100|[from] Spikes
|-ability|p2a: Baki from Baki|Vessel of Ruin
|
|-weather|none
|-heal|p2a: Baki from Baki|69/100|[from] move: Wish|[wisher] laufey
|-heal|p2a: Baki from Baki|75/100|[from] item: Leftovers
|upkeep
|turn|43
|
|t:|1758338076
|switch|p2a: hey now...|Corviknight, F|100/100
|-ability|p2a: hey now...|Pressure
|move|p1a: Porygon2|Ice Beam|p2a: hey now...
|-damage|p2a: hey now...|57/100
|
|upkeep
|turn|44
|
|t:|1758338085
|-terastallize|p1a: Porygon2|Ghost
|move|p2a: hey now...|Roost|p2a: hey now...
|-heal|p2a: hey now...|100/100
|-singleturn|p2a: hey now...|move: Roost
|move|p1a: Porygon2|Shadow Ball|p2a: hey now...
|-damage|p2a: hey now...|45/100
|-unboost|p2a: hey now...|spd|1
|
|upkeep
|turn|45
|
|t:|1758338097
|switch|p2a: laufey|Alomomola, F|83/100
|move|p1a: Porygon2|Ice Beam|p2a: laufey
|-resisted|p2a: laufey
|-damage|p2a: laufey|62/100
|
|upkeep
|turn|46
|
|t:|1758338105
|move|p2a: laufey|Protect|p2a: laufey
|-singleturn|p2a: laufey|Protect
|move|p1a: Porygon2|Tri Attack|p2a: laufey
|-activate|p2a: laufey|move: Protect
|
|upkeep
|turn|47
|
|t:|1758338111
|move|p1a: Porygon2|Tri Attack|p2a: laufey
|-damage|p2a: laufey|7/100
|move|p2a: laufey|Wish|p2a: laufey
|
|upkeep
|turn|48
|
|t:|1758338123
|switch|p2a: Baki from Baki|Ting-Lu|75/100
|-damage|p2a: Baki from Baki|63/100|[from] Spikes
|-ability|p2a: Baki from Baki|Vessel of Ruin
|move|p1a: Porygon2|Shadow Ball|p2a: Baki from Baki
|-resisted|p2a: Baki from Baki
|-damage|p2a: Baki from Baki|51/100
|
|-heal|p2a: Baki from Baki|97/100|[from] move: Wish|[wisher] laufey
|-heal|p2a: Baki from Baki|100/100|[from] item: Leftovers
|upkeep
|turn|49
|
|t:|1758338133
|switch|p1a: Torkoal|Torkoal, M|63/100
|-damage|p1a: Torkoal|39/100|[from] Stealth Rock
|-damage|p1a: Torkoal|26/100|[from] Spikes
|-weather|SunnyDay|[from] ability: Drought|[of] p1a: Torkoal
|move|p2a: Baki from Baki|Whirlwind|p1a: Torkoal
|drag|p1a: Ursaluna|Ursaluna, F|100/100
|-damage|p1a: Ursaluna|94/100|[from] Stealth Rock
|-damage|p1a: Ursaluna|82/100|[from] Spikes
|
|-weather|SunnyDay|[upkeep]
|-status|p1a: Ursaluna|brn|[from] item: Flame Orb
|upkeep
|turn|50
|
|t:|1758338142
|move|p2a: Baki from Baki|Ruination|p1a: Ursaluna
|-damage|p1a: Ursaluna|41/100 brn
|move|p1a: Ursaluna|Swords Dance|p1a: Ursaluna
|-boost|p1a: Ursaluna|atk|2
|
|-weather|SunnyDay|[upkeep]
|-damage|p1a: Ursaluna|35/100 brn|[from] brn
|upkeep
|turn|51
|
|t:|1758338146
|move|p2a: Baki from Baki|Earthquake|p1a: Ursaluna
|-damage|p1a: Ursaluna|9/100 brn
|move|p1a: Ursaluna|Facade|p2a: Baki from Baki
|-damage|p2a: Baki from Baki|0 fnt
|faint|p2a: Baki from Baki
|
|-weather|SunnyDay|[upkeep]
|-damage|p1a: Ursaluna|2/100 brn|[from] brn
|upkeep
|
|t:|1758338150
|switch|p2a: shwt like a melody|Gliscor, M|70/100 tox
|turn|52
|
|t:|1758338152
|move|p2a: shwt like a melody|Knock Off|p1a: Ursaluna
|-damage|p1a: Ursaluna|0 fnt
|-enditem|p1a: Ursaluna|Flame Orb|[from] move: Knock Off|[of] p2a: shwt like a melody
|faint|p1a: Ursaluna
|
|-weather|SunnyDay|[upkeep]
|-heal|p2a: shwt like a melody|82/100 tox|[from] ability: Poison Heal
|upkeep
|
|t:|1758338155
|switch|p1a: Porygon2|Porygon2, tera:Ghost|70/100
|-damage|p1a: Porygon2|58/100|[from] Stealth Rock
|-damage|p1a: Porygon2|45/100|[from] Spikes
|-ability|p1a: Porygon2|Download|boost
|-boost|p1a: Porygon2|spa|1
|turn|53
|
|t:|1758338160
|-terastallize|p2a: shwt like a melody|Water
|move|p2a: shwt like a melody|Toxic|p1a: Porygon2
|-status|p1a: Porygon2|tox
|move|p1a: Porygon2|Trick Room|p1a: Porygon2
|-fieldstart|move: Trick Room|[of] p1a: Porygon2
|
|-weather|none
|-damage|p1a: Porygon2|39/100 tox|[from] psn
|-heal|p2a: shwt like a melody|95/100 tox|[from] ability: Poison Heal
|upkeep
|turn|54
|
|t:|1758338166
|move|p2a: shwt like a melody|Protect|p2a: shwt like a melody
|-singleturn|p2a: shwt like a melody|Protect
|move|p1a: Porygon2|Tri Attack|p2a: shwt like a melody
|-activate|p2a: shwt like a melody|move: Protect
|
|-damage|p1a: Porygon2|27/100 tox|[from] psn
|-heal|p2a: shwt like a melody|100/100 tox|[from] ability: Poison Heal
|upkeep
|turn|55
|
|t:|1758338169
|move|p1a: Porygon2|Tri Attack|p2a: shwt like a melody
|-damage|p2a: shwt like a melody|49/100 tox
|move|p2a: shwt like a melody|Knock Off|p1a: Porygon2
|-supereffective|p1a: Porygon2
|-damage|p1a: Porygon2|0 fnt
|-enditem|p1a: Porygon2|Eviolite|[from] move: Knock Off|[of] p2a: shwt like a melody
|faint|p1a: Porygon2
|
|-heal|p2a: shwt like a melody|61/100 tox|[from] ability: Poison Heal
|upkeep
|c|☆Enchidio|gg
|c|☆runningdan|not one second effect with all those beams and tri attacks
|c|☆runningdan|super cool
|inactive|runningdan has 120 seconds left.
|c|☆Enchidio|real
|c|☆runningdan|gs
|-message|runningdan forfeited.
|
|win|Enchidio
|raw|runningdan's rating: 1281 &rarr; <strong>1261</strong><br />(-20 for losing)
|raw|Enchidio's rating: 1347 &rarr; <strong>1363</strong><br />(+16 for winning)
|l|☆runningdan
|player|p1|
