|j|☆Net0zinho
|j|☆Sodomylover01
|t:|1758238068
|gametype|singles
|player|p1|Net0zinho|candice|1066
|player|p2|Sodomylover01|cynthia-gen4|1045
|gen|9
|tier|[Gen 9] OU
|rated|
|rule|HP Percentage Mod: HP is shown in percentages
|rule|Endless Battle Clause: Forcing endless battles is banned
|rule|Species Clause: Limit one of each Pokémon
|rule|OHKO Clause: OHKO moves are banned
|rule|Evasion Items Clause: Evasion items are banned
|rule|Evasion Moves Clause: Evasion moves are banned
|rule|Evasion Abilities Clause: Evasion abilities are banned
|rule|Sleep Moves Clause: Sleep-inducing moves are banned
|clearpoke
|poke|p1|Falinks|
|poke|p1|Zoroark-Hisui, F|
|poke|p1|Araquanid, F|
|poke|p1|Kingambit, M|
|poke|p1|Garganacl, F|
|poke|p1|Maushold-Four|
|poke|p2|Hydrapple, F|
|poke|p2|Tinkaton, F|
|poke|p2|Moltres|
|poke|p2|Rotom-Wash|
|poke|p2|Great Tusk|
|poke|p2|Darkrai|
|teampreview
|c|☆Sodomylover01|Glhf!
|inactive|Battle timer is ON: inactive players will automatically lose when time's up. (requested by Sodomylover01)
|
|t:|1758238084
|teamsize|p1|6
|teamsize|p2|6
|start
|switch|p1a: Falinks|Falinks|100/100
|switch|p2a: Rotom|Rotom-Wash|100/100
|turn|1
|
|t:|1758238092
|move|p2a: Rotom|Volt Switch|p1a: Falinks
|-damage|p1a: Falinks|54/100
|
|t:|1758238100
|switch|p2a: Great Tusk|Great Tusk|100/100|[from] Volt Switch
|move|p1a: Falinks|No Retreat|p1a: Falinks
|-boost|p1a: Falinks|atk|1
|-boost|p1a: Falinks|def|1
|-boost|p1a: Falinks|spa|1
|-boost|p1a: Falinks|spd|1
|-boost|p1a: Falinks|spe|1
|-start|p1a: Falinks|move: No Retreat
|
|upkeep
|turn|2
|
|t:|1758238112
|move|p2a: Great Tusk|Rapid Spin|p1a: Falinks
|-damage|p1a: Falinks|42/100
|-boost|p2a: Great Tusk|spe|1
|move|p1a: Falinks|Brick Break|p2a: Great Tusk
|-damage|p2a: Great Tusk|53/100
|-damage|p1a: Falinks|32/100|[from] item: Life Orb
|
|upkeep
|turn|3
|
|t:|1758238123
|move|p2a: Great Tusk|Ice Spinner|p1a: Falinks
|-damage|p1a: Falinks|14/100
|move|p1a: Falinks|Brick Break|p2a: Great Tusk
|-damage|p2a: Great Tusk|2/100
|-damage|p1a: Falinks|4/100|[from] item: Life Orb
|
|upkeep
|turn|4
|
|t:|1758238131
|move|p2a: Great Tusk|Headlong Rush|p1a: Falinks
|-damage|p1a: Falinks|0 fnt
|-unboost|p2a: Great Tusk|def|1
|-unboost|p2a: Great Tusk|spd|1
|faint|p1a: Falinks
|
|upkeep
|
|t:|1758238140
|switch|p1a: Araquanid|Araquanid, F|100/100
|turn|5
|
|t:|1758238143
|move|p2a: Great Tusk|Headlong Rush|p1a: Araquanid
|-resisted|p1a: Araquanid
|-damage|p1a: Araquanid|68/100
|-unboost|p2a: Great Tusk|def|1
|-unboost|p2a: Great Tusk|spd|1
|move|p1a: Araquanid|Infestation|p2a: Great Tusk
|-resisted|p2a: Great Tusk
|-damage|p2a: Great Tusk|0 fnt
|faint|p2a: Great Tusk
|-end|p2a: Great Tusk|Protosynthesis|[silent]
|
|-heal|p1a: Araquanid|74/100|[from] item: Leftovers
|upkeep
|
|t:|1758238147
|switch|p2a: Rotom|Rotom-Wash|100/100
|turn|6
|
|t:|1758238155
|switch|p1a: Garganacl|Garganacl, F|100/100
|move|p2a: Rotom|Volt Switch|p1a: Garganacl
|-damage|p1a: Garganacl|79/100
|
|t:|1758238164
|switch|p2a: Hydrapple|Hydrapple, F|100/100|[from] Volt Switch
|
|-heal|p1a: Garganacl|85/100|[from] item: Leftovers
|upkeep
|turn|7
|
|t:|1758238169
|move|p2a: Hydrapple|Nasty Plot|p2a: Hydrapple
|-boost|p2a: Hydrapple|spa|2
|move|p1a: Garganacl|Salt Cure|p2a: Hydrapple
|-damage|p2a: Hydrapple|89/100
|-start|p2a: Hydrapple|Salt Cure
|
|-heal|p1a: Garganacl|91/100|[from] item: Leftovers
|-damage|p2a: Hydrapple|76/100|[from] Salt Cure
|upkeep
|turn|8
|
|t:|1758238192
|move|p2a: Hydrapple|Leaf Storm|p1a: Garganacl
|-supereffective|p1a: Garganacl
|-damage|p1a: Garganacl|0 fnt
|-unboost|p2a: Hydrapple|spa|2
|faint|p1a: Garganacl
|
|-damage|p2a: Hydrapple|64/100|[from] Salt Cure
|upkeep
|
|t:|1758238204
|switch|p1a: Kingambit|Kingambit, M|100/100
|-activate|p1a: Kingambit|ability: Supreme Overlord
|-start|p1a: Kingambit|fallen2|[silent]
|turn|9
|
|t:|1758238211
|move|p2a: Hydrapple|Earth Power|p1a: Kingambit
|-supereffective|p1a: Kingambit
|-damage|p1a: Kingambit|32/100
|move|p1a: Kingambit|Iron Head|p2a: Hydrapple
|-damage|p2a: Hydrapple|5/100
|-damage|p1a: Kingambit|22/100|[from] item: Life Orb
|
|-damage|p2a: Hydrapple|0 fnt|[from] Salt Cure
|faint|p2a: Hydrapple
|upkeep
|
|t:|1758238221
|switch|p2a: Rotom|Rotom-Wash|100/100
|turn|10
|
|t:|1758238235
|-end|p1a: Kingambit|fallen2|[silent]
|switch|p1a: Araquanid|Araquanid, F|100/100
|move|p2a: Rotom|Volt Switch|p1a: Araquanid
|-damage|p1a: Araquanid|52/100
|replace|p1a: Zoroark|Zoroark-Hisui, F
|-end|p1a: Zoroark|Illusion
|
|t:|1758238241
|switch|p2a: Darkrai|Darkrai|100/100|[from] Volt Switch
|
|upkeep
|turn|11
|
|t:|1758238249
|move|p2a: Darkrai|Dark Pulse|p1a: Zoroark
|-supereffective|p1a: Zoroark
|-damage|p1a: Zoroark|0 fnt
|faint|p1a: Zoroark
|
|upkeep
|
|t:|1758238254
|switch|p1a: Maushold|Maushold-Four|100/100
|turn|12
|
|t:|1758238259
|-terastallize|p2a: Darkrai|Ghost
|move|p2a: Darkrai|Thunder Wave|p1a: Maushold
|-status|p1a: Maushold|par
|move|p1a: Maushold|Population Bomb|p2a: Darkrai
|-immune|p2a: Darkrai
|
|upkeep
|turn|13
|
|t:|1758238268
|move|p2a: Darkrai|Dark Pulse|p1a: Maushold
|-crit|p1a: Maushold
|-damage|p1a: Maushold|24/100 par
|move|p1a: Maushold|U-turn|p2a: Darkrai
|-resisted|p2a: Darkrai
|-damage|p2a: Darkrai|89/100
|-damage|p1a: Maushold|14/100 par|[from] item: Life Orb
|
|t:|1758238276
|switch|p1a: Kingambit|Kingambit, M|22/100|[from] U-turn
|-activate|p1a: Kingambit|ability: Supreme Overlord
|-start|p1a: Kingambit|fallen3|[silent]
|
|-heal|p2a: Darkrai|95/100|[from] item: Leftovers
|upkeep
|turn|14
|
|t:|1758238282
|switch|p2a: Moltres|Moltres|100/100
|move|p1a: Kingambit|Kowtow Cleave|p2a: Moltres
|-damage|p2a: Moltres|18/100
|-damage|p1a: Kingambit|12/100|[from] item: Life Orb
|
|upkeep
|turn|15
|
|t:|1758238290
|-end|p1a: Kingambit|fallen3|[silent]
|switch|p1a: Araquanid|Araquanid, F|74/100
|move|p2a: Moltres|Roost|p2a: Moltres
|-heal|p2a: Moltres|68/100
|-singleturn|p2a: Moltres|move: Roost
|
|-heal|p1a: Araquanid|80/100|[from] item: Leftovers
|upkeep
|turn|16
|
|t:|1758238297
|move|p2a: Moltres|U-turn|p1a: Araquanid
|-damage|p1a: Araquanid|66/100
|
|t:|1758238298
|switch|p2a: Rotom|Rotom-Wash|100/100|[from] U-turn
|move|p1a: Araquanid|Liquidation|p2a: Rotom
|-resisted|p2a: Rotom
|-damage|p2a: Rotom|82/100
|-damage|p1a: Araquanid|49/100|[from] item: Rocky Helmet|[of] p2a: Rotom
|
|-heal|p1a: Araquanid|55/100|[from] item: Leftovers
|upkeep
|turn|17
|
|t:|1758238307
|move|p2a: Rotom|Volt Switch|p1a: Araquanid
|-supereffective|p1a: Araquanid
|-damage|p1a: Araquanid|22/100
|
|t:|1758238309
|switch|p2a: Darkrai|Darkrai, tera:Ghost|95/100|[from] Volt Switch
|move|p1a: Araquanid|Infestation|p2a: Darkrai
|-resisted|p2a: Darkrai
|-damage|p2a: Darkrai|93/100
|-activate|p2a: Darkrai|move: Infestation|[of] p1a: Araquanid
|
|-heal|p2a: Darkrai|99/100|[from] item: Leftovers
|-heal|p1a: Araquanid|28/100|[from] item: Leftovers
|-damage|p2a: Darkrai|86/100|[from] move: Infestation|[partiallytrapped]
|upkeep
|turn|18
|
|t:|1758238320
|move|p2a: Darkrai|Dark Pulse|p1a: Araquanid
|-damage|p1a: Araquanid|1/100
|cant|p1a: Araquanid|flinch
|
|-heal|p2a: Darkrai|92/100|[from] item: Leftovers
|-heal|p1a: Araquanid|7/100|[from] item: Leftovers
|-damage|p2a: Darkrai|80/100|[from] move: Infestation|[partiallytrapped]
|upkeep
|turn|19
|
|t:|1758238329
|move|p2a: Darkrai|Dark Pulse|p1a: Araquanid
|-damage|p1a: Araquanid|0 fnt
|faint|p1a: Araquanid
|
|-heal|p2a: Darkrai|86/100|[from] item: Leftovers
|-end|p2a: Darkrai|Infestation|[partiallytrapped]|[silent]
|upkeep
|
|t:|1758238334
|switch|p1a: Kingambit|Kingambit, M|12/100
|-activate|p1a: Kingambit|ability: Supreme Overlord
|-start|p1a: Kingambit|fallen4|[silent]
|turn|20
|
|t:|1758238341
|switch|p2a: Tinkaton|Tinkaton, F|100/100
|-ability|p2a: Tinkaton|Mold Breaker
|move|p1a: Kingambit|Kowtow Cleave|p2a: Tinkaton
|-resisted|p2a: Tinkaton
|-damage|p2a: Tinkaton|52/100
|-damage|p1a: Kingambit|2/100|[from] item: Life Orb
|
|-heal|p2a: Tinkaton|58/100|[from] item: Leftovers
|upkeep
|turn|21
|
|t:|1758238353
|move|p2a: Tinkaton|Knock Off|p1a: Kingambit
|-resisted|p1a: Kingambit
|-crit|p1a: Kingambit
|-damage|p1a: Kingambit|0 fnt
|-enditem|p1a: Kingambit|Life Orb|[from] move: Knock Off|[of] p2a: Tinkaton
|faint|p1a: Kingambit
|-end|p1a: Kingambit|fallen4|[silent]
|
|-heal|p2a: Tinkaton|64/100|[from] item: Leftovers
|upkeep
|
|t:|1758238356
|switch|p1a: Maushold|Maushold-Four|14/100 par
|turn|22
|
|t:|1758238367
|move|p2a: Tinkaton|Gigaton Hammer|p1a: Maushold
|-damage|p1a: Maushold|0 fnt
|faint|p1a: Maushold
|
|win|Sodomylover01
|raw|Net0zinho's rating: 1066 &rarr; <strong>1045</strong><br />(-21 for losing)
|raw|Sodomylover01's rating: 1045 &rarr; <strong>1080</strong><br />(+35 for winning)
|l|☆Sodomylover01
|player|p2|
|l|☆Net0zinho
|player|p1|
|j|☆Sodomylover01
|player|p2|Sodomylover01|cynthia-gen4|
