|j|☆Yanea
|j|☆FunTeamsAgain
|t:|1758359118
|gametype|singles
|player|p1|Yanea|102|1323
|player|p2|FunTeamsAgain|brock|1336
|gen|9
|tier|[Gen 9] OU
|rated|
|rule|HP Percentage Mod: HP is shown in percentages
|rule|Endless Battle Clause: Forcing endless battles is banned
|rule|Species Clause: Limit one of each Pokémon
|rule|OHKO Clause: OHKO moves are banned
|rule|Evasion Items Clause: Evasion items are banned
|rule|Evasion Moves Clause: Evasion moves are banned
|rule|Evasion Abilities Clause: Evasion abilities are banned
|rule|Sleep Moves Clause: Sleep-inducing moves are banned
|clearpoke
|poke|p1|Goodra-Hisui, F|
|poke|p1|Great Tusk|
|poke|p1|Zapdos|
|poke|p1|Kingambit, M|
|poke|p1|Ogerpon-Wellspring, F|
|poke|p1|Enamorus, F|
|poke|p2|Ninetales-Alola, F|
|poke|p2|Samurott-Hisui, F|
|poke|p2|Gholdengo|
|poke|p2|Chandelure, F|
|poke|p2|Frosmoth, F|
|poke|p2|Quaquaval, M|
|teampreview
|inactive|Battle timer is ON: inactive players will automatically lose when time's up. (requested by Yanea)
|
|t:|1758359131
|teamsize|p1|6
|teamsize|p2|6
|start
|switch|p1a: Zapdos|Zapdos|100/100
|switch|p2a: Ninetales|Ninetales-Alola, F, shiny|100/100
|-weather|Snowscape|[from] ability: Snow Warning|[of] p2a: Ninetales
|turn|1
|
|t:|1758359137
|move|p2a: Ninetales|Aurora Veil|p2a: Ninetales
|-sidestart|p2: FunTeamsAgain|move: Aurora Veil
|move|p1a: Zapdos|U-turn|p2a: Ninetales
|-resisted|p2a: Ninetales
|-crit|p2a: Ninetales
|-damage|p2a: Ninetales|90/100
|
|t:|1758359142
|switch|p1a: Goodra|Goodra-Hisui, F|100/100|[from] U-turn
|
|-weather|Snowscape|[upkeep]
|upkeep
|turn|2
|
|t:|1758359149
|move|p2a: Ninetales|Blizzard|p1a: Goodra
|-damage|p1a: Goodra|86/100
|move|p1a: Goodra|Dragon Tail|p2a: Ninetales
|-immune|p2a: Ninetales
|
|-weather|Snowscape|[upkeep]
|upkeep
|turn|3
|
|t:|1758359158
|move|p2a: Ninetales|Blizzard|p1a: Goodra
|-damage|p1a: Goodra|73/100
|-status|p1a: Goodra|frz
|cant|p1a: Goodra|frz
|
|-weather|Snowscape|[upkeep]
|upkeep
|turn|4
|inactive|FunTeamsAgain has 120 seconds left.
|
|t:|1758359191
|switch|p2a: Samurott|Samurott-Hisui, F|100/100
|-curestatus|p1a: Goodra|frz|[msg]
|move|p1a: Goodra|Knock Off|p2a: Samurott
|-resisted|p2a: Samurott
|-damage|p2a: Samurott|94/100
|-enditem|p2a: Samurott|Choice Scarf|[from] move: Knock Off|[of] p1a: Goodra
|
|-weather|Snowscape|[upkeep]
|upkeep
|turn|5
|inactive|FunTeamsAgain has 120 seconds left.
|
|t:|1758359205
|switch|p1a: Zapdos|Zapdos|100/100
|move|p2a: Samurott|Ceaseless Edge|p1a: Zapdos
|-damage|p1a: Zapdos|49/100
|-sidestart|p1: Yanea|Spikes
|
|-weather|none
|upkeep
|turn|6
|inactive|FunTeamsAgain has 120 seconds left.
|
|t:|1758359234
|move|p1a: Zapdos|Roost|p1a: Zapdos
|-heal|p1a: Zapdos|99/100
|-singleturn|p1a: Zapdos|move: Roost
|move|p2a: Samurott|Ceaseless Edge|p1a: Zapdos
|-damage|p1a: Zapdos|50/100
|-sidestart|p1: Yanea|Spikes
|
|upkeep
|turn|7
|
|t:|1758359249
|switch|p2a: Ninetales|Ninetales-Alola, F, shiny|90/100
|-weather|Snowscape|[from] ability: Snow Warning|[of] p2a: Ninetales
|move|p1a: Zapdos|Roost|p1a: Zapdos
|-heal|p1a: Zapdos|99/100
|-singleturn|p1a: Zapdos|move: Roost
|
|-weather|Snowscape|[upkeep]
|upkeep
|turn|8
|
|t:|1758359257
|switch|p1a: Kingambit|Kingambit, M|100/100
|-damage|p1a: Kingambit|84/100|[from] Spikes
|move|p2a: Ninetales|Blizzard|p1a: Kingambit
|-resisted|p1a: Kingambit
|-damage|p1a: Kingambit|65/100
|
|-weather|Snowscape|[upkeep]
|-heal|p1a: Kingambit|71/100|[from] item: Leftovers
|-sideend|p2: FunTeamsAgain|move: Aurora Veil
|upkeep
|turn|9
|
|t:|1758359284
|move|p2a: Ninetales|Aurora Veil|p2a: Ninetales
|-sidestart|p2: FunTeamsAgain|move: Aurora Veil
|move|p1a: Kingambit|Iron Head|p2a: Ninetales
|-supereffective|p2a: Ninetales
|-damage|p2a: Ninetales|2/100
|
|-weather|Snowscape|[upkeep]
|-heal|p1a: Kingambit|77/100|[from] item: Leftovers
|upkeep
|turn|10
|
|t:|1758359297
|move|p2a: Ninetales|Encore|p1a: Kingambit
|-start|p1a: Kingambit|Encore
|move|p1a: Kingambit|Iron Head|p2a: Ninetales
|-supereffective|p2a: Ninetales
|-damage|p2a: Ninetales|0 fnt
|faint|p2a: Ninetales
|
|-weather|Snowscape|[upkeep]
|-heal|p1a: Kingambit|83/100|[from] item: Leftovers
|upkeep
|inactive|FunTeamsAgain has 90 seconds left.
|
|t:|1758359336
|switch|p2a: Frosmoth|Frosmoth, F|100/100
|turn|11
|
|t:|1758359341
|-end|p1a: Kingambit|fallenundefined|[silent]
|switch|p1a: Goodra|Goodra-Hisui, F|73/100
|-damage|p1a: Goodra|56/100|[from] Spikes
|-terastallize|p2a: Frosmoth|Water
|move|p2a: Frosmoth|Infestation|p1a: Goodra
|-resisted|p1a: Goodra
|-damage|p1a: Goodra|55/100
|-activate|p1a: Goodra|move: Infestation|[of] p2a: Frosmoth
|
|-weather|none
|-damage|p1a: Goodra|42/100|[from] move: Infestation|[partiallytrapped]
|upkeep
|turn|12
|
|t:|1758359355
|move|p2a: Frosmoth|Quiver Dance|p2a: Frosmoth
|-boost|p2a: Frosmoth|spa|1
|-boost|p2a: Frosmoth|spd|1
|-boost|p2a: Frosmoth|spe|1
|move|p1a: Goodra|Dragon Tail|p2a: Frosmoth
|-damage|p2a: Frosmoth|90/100
|drag|p2a: Chandelure|Chandelure, F|100/100
|
|-end|p1a: Goodra|Infestation|[partiallytrapped]|[silent]
|upkeep
|turn|13
|
|t:|1758359362
|move|p2a: Chandelure|Inferno|p1a: Goodra|[miss]
|-miss|p2a: Chandelure|p1a: Goodra
|-enditem|p2a: Chandelure|Blunder Policy
|-boost|p2a: Chandelure|spe|2
|move|p1a: Goodra|Knock Off|p2a: Chandelure
|-supereffective|p2a: Chandelure
|-damage|p2a: Chandelure|79/100
|
|upkeep
|turn|14
|
|t:|1758359374
|move|p2a: Chandelure|Inferno|p1a: Goodra|[miss]
|-miss|p2a: Chandelure|p1a: Goodra
|move|p1a: Goodra|Dragon Tail|p2a: Chandelure
|-damage|p2a: Chandelure|64/100
|drag|p2a: Gholdengo|Gholdengo|100/100
|
|upkeep
|turn|15
|inactive|FunTeamsAgain has 90 seconds left.
|
|t:|1758359387
|move|p2a: Gholdengo|Nasty Plot|p2a: Gholdengo
|-boost|p2a: Gholdengo|spa|2
|move|p1a: Goodra|Knock Off|p2a: Gholdengo
|-supereffective|p2a: Gholdengo
|-damage|p2a: Gholdengo|74/100
|-enditem|p2a: Gholdengo|Metal Coat|[from] move: Knock Off|[of] p1a: Goodra
|
|upkeep
|turn|16
|inactive|FunTeamsAgain has 90 seconds left.
|
|t:|1758359406
|move|p2a: Gholdengo|Shadow Ball|p1a: Goodra
|-damage|p1a: Goodra|11/100
|-unboost|p1a: Goodra|spd|1
|move|p1a: Goodra|Dragon Tail|p2a: Gholdengo|[miss]
|-miss|p1a: Goodra|p2a: Gholdengo
|
|-sideend|p2: FunTeamsAgain|move: Aurora Veil
|upkeep
|turn|17
|inactive|FunTeamsAgain has 90 seconds left.
|
|t:|1758359418
|switch|p1a: Kingambit|Kingambit, M|83/100
|-damage|p1a: Kingambit|67/100|[from] Spikes
|move|p2a: Gholdengo|Shadow Ball|p1a: Kingambit
|-resisted|p1a: Kingambit
|-damage|p1a: Kingambit|23/100
|
|-heal|p1a: Kingambit|29/100|[from] item: Leftovers
|upkeep
|turn|18
|inactive|FunTeamsAgain has 90 seconds left.
|
|t:|1758359435
|move|p1a: Kingambit|Sucker Punch|p2a: Gholdengo
|-supereffective|p2a: Gholdengo
|-damage|p2a: Gholdengo|0 fnt
|faint|p2a: Gholdengo
|
|-heal|p1a: Kingambit|35/100|[from] item: Leftovers
|upkeep
|inactive|FunTeamsAgain has 60 seconds left.
|
|t:|1758359464
|switch|p2a: Frosmoth|Frosmoth, F, tera:Water|90/100
|turn|19
|
|t:|1758359470
|move|p2a: Frosmoth|Infestation|p1a: Kingambit
|-crit|p1a: Kingambit
|-damage|p1a: Kingambit|23/100
|-activate|p1a: Kingambit|move: Infestation|[of] p2a: Frosmoth
|move|p1a: Kingambit|Kowtow Cleave|p2a: Frosmoth
|-damage|p2a: Frosmoth|41/100
|
|-heal|p2a: Frosmoth|47/100|[from] item: Leftovers
|-heal|p1a: Kingambit|29/100|[from] item: Leftovers
|-damage|p1a: Kingambit|16/100|[from] move: Infestation|[partiallytrapped]
|upkeep
|turn|20
|
|t:|1758359482
|move|p2a: Frosmoth|Quiver Dance|p2a: Frosmoth
|-boost|p2a: Frosmoth|spa|1
|-boost|p2a: Frosmoth|spd|1
|-boost|p2a: Frosmoth|spe|1
|move|p1a: Kingambit|Kowtow Cleave|p2a: Frosmoth
|-damage|p2a: Frosmoth|0 fnt
|faint|p2a: Frosmoth
|
|-heal|p1a: Kingambit|23/100|[from] item: Leftovers
|-end|p1a: Kingambit|Infestation|[partiallytrapped]|[silent]
|upkeep
|
|t:|1758359487
|switch|p2a: Samurott|Samurott-Hisui, F|94/100
|turn|21
|
|t:|1758359496
|-end|p1a: Kingambit|fallenundefined|[silent]
|switch|p1a: Zapdos|Zapdos|99/100
|move|p2a: Samurott|Knock Off|p1a: Zapdos
|-damage|p1a: Zapdos|52/100
|-status|p2a: Samurott|par|[from] ability: Static|[of] p1a: Zapdos
|-enditem|p1a: Zapdos|Heavy-Duty Boots|[from] move: Knock Off|[of] p2a: Samurott
|
|upkeep
|turn|22
|
|t:|1758359506
|move|p1a: Zapdos|Discharge|p2a: Samurott
|-supereffective|p2a: Samurott
|-damage|p2a: Samurott|0 fnt
|faint|p2a: Samurott
|
|upkeep
|
|t:|1758359512
|switch|p2a: Chandelure|Chandelure, F|64/100
|turn|23
|inactive|FunTeamsAgain has 90 seconds left.
|
|t:|1758359519
|move|p1a: Zapdos|U-turn|p2a: Chandelure
|-resisted|p2a: Chandelure
|-damage|p2a: Chandelure|60/100
|
|t:|1758359527
|switch|p1a: Goodra|Goodra-Hisui, F|11/100|[from] U-turn
|-damage|p1a: Goodra|0 fnt|[from] Spikes
|faint|p1a: Goodra
|move|p2a: Chandelure|Inferno|p1: Goodra|[notarget]
|-fail|p2a: Chandelure
|
|upkeep
|
|t:|1758359547
|switch|p1a: Ogerpon|Ogerpon-Wellspring, F|100/100
|-damage|p1a: Ogerpon|84/100|[from] Spikes
|turn|24
|
|t:|1758359556
|move|p1a: Ogerpon|Ivy Cudgel|p2a: Chandelure|[anim] Ivy Cudgel Water
|-supereffective|p2a: Chandelure
|-damage|p2a: Chandelure|0 fnt
|faint|p2a: Chandelure
|
|upkeep
|
|t:|1758359558
|switch|p2a: Quaquaval|Quaquaval, M|100/100
|turn|25
|
|t:|1758359564
|move|p1a: Ogerpon|Horn Leech|p2a: Quaquaval
|-supereffective|p2a: Quaquaval
|-damage|p2a: Quaquaval|0 fnt
|-heal|p1a: Ogerpon|100/100|[from] drain|[of] p2a: Quaquaval
|faint|p2a: Quaquaval
|
|win|Yanea
|raw|Yanea's rating: 1323 &rarr; <strong>1344</strong><br />(+21 for winning)
|raw|FunTeamsAgain's rating: 1336 &rarr; <strong>1315</strong><br />(-21 for losing)
|l|☆FunTeamsAgain
|player|p2|
|l|☆Yanea
|player|p1|
