|j|☆hehe moon
|j|☆High Mighty Weasel
|t:|1758231131
|gametype|singles
|player|p1|hehe moon|cheryl|1587
|player|p2|High Mighty Weasel|cheryl|1592
|gen|9
|tier|[Gen 9] OU
|rated|
|rule|HP Percentage Mod: HP is shown in percentages
|rule|Endless Battle Clause: Forcing endless battles is banned
|rule|Species Clause: Limit one of each Pokémon
|rule|OHKO Clause: OHKO moves are banned
|rule|Evasion Items Clause: Evasion items are banned
|rule|Evasion Moves Clause: Evasion moves are banned
|rule|Evasion Abilities Clause: Evasion abilities are banned
|rule|Sleep Moves Clause: Sleep-inducing moves are banned
|clearpoke
|poke|p1|Iron Boulder|
|poke|p1|Raging Bolt|
|poke|p1|Gliscor, F|
|poke|p1|Weezing-Galar, M|
|poke|p1|Empoleon, F|
|poke|p1|Cinderace, M|
|poke|p2|Pelipper, F|
|poke|p2|Hatterene, F|
|poke|p2|Iron Treads|
|poke|p2|Toxicroak, F|
|poke|p2|Barraskewda, F|
|poke|p2|Zapdos|
|teampreview
|inactive|Battle timer is ON: inactive players will automatically lose when time's up. (requested by hehe moon)
|
|t:|1758231153
|teamsize|p1|6
|teamsize|p2|6
|start
|switch|p1a: Like rollercoaster|Cinderace, M|100/100
|switch|p2a: Pelipper|Pelipper, F|100/100
|-weather|RainDance|[from] ability: Drizzle|[of] p2a: Pelipper
|turn|1
|
|t:|1758231166
|move|p1a: Like rollercoaster|U-turn|p2a: Pelipper
|-start|p1a: Like rollercoaster|typechange|Bug|[from] ability: Libero
|-resisted|p2a: Pelipper
|-damage|p2a: Pelipper|75/100
|
|t:|1758231168
|switch|p1a: Slave I wanna be|Raging Bolt|100/100|[from] U-turn
|move|p2a: Pelipper|U-turn|p1a: Slave I wanna be
|-damage|p1a: Slave I wanna be|93/100
|
|t:|1758231181
|switch|p2a: Iron Treads|Iron Treads|100/100|[from] U-turn
|
|-weather|RainDance|[upkeep]
|-heal|p1a: Slave I wanna be|99/100|[from] item: Leftovers
|upkeep
|turn|2
|
|t:|1758231202
|-end|p1a: Slave I wanna be|Protosynthesis|[silent]
|switch|p1a: Your master|Gliscor, F|100/100
|move|p2a: Iron Treads|Stealth Rock|p1a: Your master
|-sidestart|p1: hehe moon|move: Stealth Rock
|
|-weather|RainDance|[upkeep]
|-status|p1a: Your master|tox|[from] item: Toxic Orb
|upkeep
|turn|3
|
|t:|1758231217
|-end|p2a: Iron Treads|Quark Drive|[silent]
|switch|p2a: Hatterene|Hatterene, F|100/100
|move|p1a: Your master|Toxic|p2a: Hatterene
|move|p2a: Hatterene|Toxic|p1a: Your master|[from] ability: Magic Bounce
|-fail|p1a: Your master|tox
|
|-weather|RainDance|[upkeep]
|upkeep
|turn|4
|
|t:|1758231236
|switch|p2a: Zapdos|Zapdos|100/100
|move|p1a: Your master|Knock Off|p2a: Zapdos
|-damage|p2a: Zapdos|77/100
|-enditem|p2a: Zapdos|Choice Specs|[from] move: Knock Off|[of] p1a: Your master
|
|-weather|RainDance|[upkeep]
|upkeep
|turn|5
|
|t:|1758231241
|move|p2a: Zapdos|Hurricane|p1a: Your master
|-damage|p1a: Your master|28/100 tox
|move|p1a: Your master|Toxic|p2a: Zapdos
|-status|p2a: Zapdos|tox
|
|-weather|RainDance|[upkeep]
|-damage|p2a: Zapdos|70/100 tox|[from] psn
|-heal|p1a: Your master|41/100 tox|[from] ability: Poison Heal
|upkeep
|turn|6
|
|t:|1758231256
|move|p1a: Your master|Protect|p1a: Your master
|-singleturn|p1a: Your master|Protect
|move|p2a: Zapdos|Weather Ball|p1a: Your master
|-activate|p1a: Your master|move: Protect
|
|-weather|RainDance|[upkeep]
|-damage|p2a: Zapdos|58/100 tox|[from] psn
|-heal|p1a: Your master|53/100 tox|[from] ability: Poison Heal
|upkeep
|turn|7
|
|t:|1758231260
|switch|p1a: Heartbeat run|Empoleon, F|100/100
|-damage|p1a: Heartbeat run|94/100|[from] Stealth Rock
|move|p2a: Zapdos|Hurricane|p1a: Heartbeat run
|-resisted|p1a: Heartbeat run
|-damage|p1a: Heartbeat run|77/100
|
|-weather|RainDance|[upkeep]
|-heal|p1a: Heartbeat run|83/100|[from] item: Leftovers
|-damage|p2a: Zapdos|39/100 tox|[from] psn
|upkeep
|turn|8
|
|t:|1758231268
|switch|p2a: Hatterene|Hatterene, F|100/100
|move|p1a: Heartbeat run|Stealth Rock|p2a: Hatterene
|move|p2a: Hatterene|Stealth Rock||[from] ability: Magic Bounce|[still]
|-fail|p2a: Hatterene
|
|-weather|none
|-heal|p1a: Heartbeat run|89/100|[from] item: Leftovers
|upkeep
|turn|9
|
|t:|1758231273
|switch|p2a: Pelipper|Pelipper, F|75/100
|-weather|RainDance|[from] ability: Drizzle|[of] p2a: Pelipper
|move|p1a: Heartbeat run|Flash Cannon|p2a: Pelipper
|-resisted|p2a: Pelipper
|-damage|p2a: Pelipper|62/100
|
|-weather|RainDance|[upkeep]
|-heal|p1a: Heartbeat run|96/100|[from] item: Leftovers
|upkeep
|turn|10
|
|t:|1758231276
|switch|p2a: Hatterene|Hatterene, F|100/100
|move|p1a: Heartbeat run|Surf|p2a: Hatterene
|-damage|p2a: Hatterene|50/100
|-enditem|p2a: Hatterene|Eject Button
|
|t:|1758231292
|switch|p2a: Zapdos|Zapdos|39/100 tox
|
|-weather|RainDance|[upkeep]
|-heal|p1a: Heartbeat run|100/100|[from] item: Leftovers
|-damage|p2a: Zapdos|33/100 tox|[from] psn
|upkeep
|turn|11
|
|t:|1758231305
|move|p2a: Zapdos|Hurricane|p1a: Heartbeat run
|-resisted|p1a: Heartbeat run
|-damage|p1a: Heartbeat run|84/100
|move|p1a: Heartbeat run|Surf|p2a: Zapdos
|-damage|p2a: Zapdos|0 fnt
|faint|p2a: Zapdos
|
|-weather|RainDance|[upkeep]
|-heal|p1a: Heartbeat run|90/100|[from] item: Leftovers
|upkeep
|
|t:|1758231313
|switch|p2a: Barraskewda|Barraskewda, F|100/100
|turn|12
|
|t:|1758231316
|move|p2a: Barraskewda|Close Combat|p1a: Heartbeat run
|-supereffective|p1a: Heartbeat run
|-damage|p1a: Heartbeat run|0 fnt
|-unboost|p2a: Barraskewda|def|1
|-unboost|p2a: Barraskewda|spd|1
|faint|p1a: Heartbeat run
|
|-weather|RainDance|[upkeep]
|upkeep
|
|t:|1758231318
|switch|p1a: Your master|Gliscor, F|53/100 tox
|-damage|p1a: Your master|41/100 tox|[from] Stealth Rock
|turn|13
|
|t:|1758231322
|switch|p2a: Hatterene|Hatterene, F|50/100
|move|p1a: Your master|Protect||[still]
|-fail|p1a: Your master
|
|-weather|RainDance|[upkeep]
|-heal|p1a: Your master|53/100 tox|[from] ability: Poison Heal
|upkeep
|turn|14
|
|t:|1758231329
|move|p1a: Your master|Earthquake|p2a: Hatterene
|-damage|p2a: Hatterene|21/100
|move|p2a: Hatterene|Healing Wish|p2a: Hatterene
|faint|p2a: Hatterene
|
|-weather|RainDance|[upkeep]
|-heal|p1a: Your master|66/100 tox|[from] ability: Poison Heal
|upkeep
|j| oRinNeGa7V1
|
|t:|1758231334
|switch|p2a: Barraskewda|Barraskewda, F|100/100
|turn|15
|
|t:|1758231342
|move|p1a: Your master|Protect|p1a: Your master
|-singleturn|p1a: Your master|Protect
|move|p2a: Barraskewda|Liquidation|p1a: Your master
|-activate|p1a: Your master|move: Protect
|
|-weather|RainDance|[upkeep]
|-heal|p1a: Your master|78/100 tox|[from] ability: Poison Heal
|upkeep
|turn|16
|
|t:|1758231349
|-terastallize|p2a: Barraskewda|Water
|-terastallize|p1a: Your master|Water
|move|p2a: Barraskewda|Liquidation|p1a: Your master
|-resisted|p1a: Your master
|-damage|p1a: Your master|34/100 tox
|move|p1a: Your master|Earthquake|p2a: Barraskewda
|-damage|p2a: Barraskewda|36/100
|
|-weather|none
|-heal|p1a: Your master|47/100 tox|[from] ability: Poison Heal
|upkeep
|turn|17
|
|t:|1758231361
|switch|p2a: Pelipper|Pelipper, F|62/100
|-heal|p2a: Pelipper|100/100|[from] move: Healing Wish
|-weather|RainDance|[from] ability: Drizzle|[of] p2a: Pelipper
|move|p1a: Your master|Protect||[still]
|-fail|p1a: Your master
|
|-weather|RainDance|[upkeep]
|-heal|p1a: Your master|59/100 tox|[from] ability: Poison Heal
|upkeep
|turn|18
|
|t:|1758231373
|move|p1a: Your master|Toxic|p2a: Pelipper
|-status|p2a: Pelipper|tox
|move|p2a: Pelipper|Hurricane|p1a: Your master
|-damage|p1a: Your master|15/100 tox
|
|-weather|RainDance|[upkeep]
|-heal|p1a: Your master|27/100 tox|[from] ability: Poison Heal
|-damage|p2a: Pelipper|94/100 tox|[from] psn
|upkeep
|turn|19
|
|t:|1758231379
|move|p1a: Your master|Protect|p1a: Your master
|-singleturn|p1a: Your master|Protect
|move|p2a: Pelipper|Hurricane|p1a: Your master
|-activate|p1a: Your master|move: Protect
|
|-weather|RainDance|[upkeep]
|-heal|p1a: Your master|39/100 tox|[from] ability: Poison Heal
|-damage|p2a: Pelipper|82/100 tox|[from] psn
|upkeep
|turn|20
|
|t:|1758231382
|switch|p1a: Slave I wanna be|Raging Bolt|99/100
|-damage|p1a: Slave I wanna be|87/100|[from] Stealth Rock
|move|p2a: Pelipper|Hurricane|p1a: Slave I wanna be
|-resisted|p1a: Slave I wanna be
|-damage|p1a: Slave I wanna be|73/100
|
|-weather|RainDance|[upkeep]
|-heal|p1a: Slave I wanna be|80/100|[from] item: Leftovers
|-damage|p2a: Pelipper|63/100 tox|[from] psn
|upkeep
|turn|21
|
|t:|1758231388
|switch|p2a: Iron Treads|Iron Treads|100/100
|move|p1a: Slave I wanna be|Dragon Pulse|p2a: Iron Treads
|-resisted|p2a: Iron Treads
|-damage|p2a: Iron Treads|83/100
|
|-weather|RainDance|[upkeep]
|-heal|p2a: Iron Treads|89/100|[from] item: Leftovers
|-heal|p1a: Slave I wanna be|86/100|[from] item: Leftovers
|upkeep
|turn|22
|
|t:|1758231403
|-end|p2a: Iron Treads|Quark Drive|[silent]
|switch|p2a: Barraskewda|Barraskewda, F, tera:Water|36/100
|-end|p1a: Slave I wanna be|Protosynthesis|[silent]
|switch|p1a: Your master|Gliscor, F, tera:Water|39/100 tox
|-damage|p1a: Your master|27/100 tox|[from] Stealth Rock
|
|-weather|RainDance|[upkeep]
|-heal|p1a: Your master|39/100 tox|[from] ability: Poison Heal
|upkeep
|turn|23
|
|t:|1758231409
|move|p1a: Your master|Protect|p1a: Your master
|-singleturn|p1a: Your master|Protect
|move|p2a: Barraskewda|Close Combat|p1a: Your master
|-activate|p1a: Your master|move: Protect
|
|-weather|RainDance|[upkeep]
|-heal|p1a: Your master|52/100 tox|[from] ability: Poison Heal
|upkeep
|turn|24
|
|t:|1758231412
|move|p2a: Barraskewda|Close Combat|p1a: Your master
|-damage|p1a: Your master|15/100 tox
|-unboost|p2a: Barraskewda|def|1
|-unboost|p2a: Barraskewda|spd|1
|move|p1a: Your master|Earthquake|p2a: Barraskewda
|-damage|p2a: Barraskewda|0 fnt
|faint|p2a: Barraskewda
|
|-weather|none
|-heal|p1a: Your master|27/100 tox|[from] ability: Poison Heal
|upkeep
|
|t:|1758231423
|switch|p2a: Iron Treads|Iron Treads|89/100
|turn|25
|
|t:|1758231427
|move|p1a: Your master|Protect|p1a: Your master
|-singleturn|p1a: Your master|Protect
|move|p2a: Iron Treads|Earthquake|p1a: Your master
|-activate|p1a: Your master|move: Protect
|
|-heal|p2a: Iron Treads|95/100|[from] item: Leftovers
|-heal|p1a: Your master|40/100 tox|[from] ability: Poison Heal
|upkeep
|turn|26
|
|t:|1758231429
|move|p2a: Iron Treads|Earthquake|p1a: Your master
|-damage|p1a: Your master|18/100 tox
|move|p1a: Your master|Earthquake|p2a: Iron Treads
|-supereffective|p2a: Iron Treads
|-damage|p2a: Iron Treads|48/100
|
|-heal|p2a: Iron Treads|54/100|[from] item: Leftovers
|-heal|p1a: Your master|31/100 tox|[from] ability: Poison Heal
|upkeep
|turn|27
|-message|High Mighty Weasel forfeited.
|
|win|hehe moon
|raw|hehe moon's rating: 1587 &rarr; <strong>1607</strong><br />(+20 for winning)
|raw|High Mighty Weasel's rating: 1592 &rarr; <strong>1572</strong><br />(-20 for losing)
|l|☆High Mighty Weasel
|player|p2|
|l|☆hehe moon
|player|p1|
|l| oRinNeGa7V1
