|j|☆Rising Ursaring
|j|☆ToLLi
|t:|1758341984
|gametype|singles
|player|p1|Rising Ursaring|265|1549
|player|p2|ToLLi|blue|1565
|gen|9
|tier|[Gen 9] OU
|rated|
|rule|HP Percentage Mod: HP is shown in percentages
|rule|Endless Battle Clause: Forcing endless battles is banned
|rule|Species Clause: Limit one of each Pokémon
|rule|OHKO Clause: OHKO moves are banned
|rule|Evasion Items Clause: Evasion items are banned
|rule|Evasion Moves Clause: Evasion moves are banned
|rule|Evasion Abilities Clause: Evasion abilities are banned
|rule|Sleep Moves Clause: Sleep-inducing moves are banned
|clearpoke
|poke|p1|Sinistcha|
|poke|p1|Slowking-Galar, M|
|poke|p1|Hatterene, F|
|poke|p1|Great Tusk|
|poke|p1|Gholdengo|
|poke|p1|Landorus-Therian, M|
|poke|p2|Raging Bolt|
|poke|p2|Weezing-Galar, M|
|poke|p2|Landorus-Therian, M|
|poke|p2|Ceruledge, M|
|poke|p2|Ogerpon-Wellspring, F|
|poke|p2|Moltres-Galar|
|teampreview
|inactive|Battle timer is ON: inactive players will automatically lose when time's up. (requested by Rising Ursaring)
|
|t:|1758341993
|teamsize|p1|6
|teamsize|p2|6
|start
|switch|p1a: Landorus|Landorus-Therian, M|100/100
|switch|p2a: Landorus|Landorus-Therian, M|100/100
|-ability|p2a: Landorus|Intimidate|boost
|-unboost|p1a: Landorus|atk|1
|-ability|p1a: Landorus|Intimidate|boost
|-unboost|p2a: Landorus|atk|1
|turn|1
|
|t:|1758342004
|-terastallize|p1a: Landorus|Ice
|-terastallize|p2a: Landorus|Ice
|move|p2a: Landorus|Tera Blast|p1a: Landorus|[anim] Tera Blast Ice
|-resisted|p1a: Landorus
|-damage|p1a: Landorus|84/100
|move|p1a: Landorus|Tera Blast|p2a: Landorus|[anim] Tera Blast Ice
|-resisted|p2a: Landorus
|-damage|p2a: Landorus|84/100
|
|upkeep
|turn|2
|c|☆Rising Ursaring|Omg!
|c|☆ToLLi|ahhaha
|c|☆Rising Ursaring|My strat is being spread
|c|☆Rising Ursaring|I've been running this for the last 2 days hahaha
|c|☆Rising Ursaring|Caught so many people off guard
|inactive|Rising Ursaring has 120 seconds left.
|inactive|ToLLi has 120 seconds left.
|c|☆ToLLi|same lol
|c|☆Rising Ursaring|You're the first I've seen use it as well
|
|t:|1758342046
|switch|p1a: Hatterene|Hatterene, F|100/100
|switch|p2a: Ogerpon|Ogerpon-Wellspring, F|100/100
|
|upkeep
|turn|3
|inactive|ToLLi has 120 seconds left.
|
|t:|1758342058
|move|p2a: Ogerpon|Swords Dance|p2a: Ogerpon
|-boost|p2a: Ogerpon|atk|2
|move|p1a: Hatterene|Nuzzle|p2a: Ogerpon
|-damage|p2a: Ogerpon|96/100
|-status|p2a: Ogerpon|par
|
|upkeep
|turn|4
|inactive|ToLLi has 120 seconds left.
|
|t:|1758342067
|switch|p1a: Sinistcha|Sinistcha|100/100
|cant|p2a: Ogerpon|par
|
|upkeep
|turn|5
|inactive|Rising Ursaring has 120 seconds left.
|inactive|Rising Ursaring has 90 seconds left.
|inactive|Rising Ursaring has 60 seconds left.
|inactive|Rising Ursaring has 30 seconds left.
|
|t:|1758342181
|switch|p2a: Moltres|Moltres-Galar, shiny|100/100
|move|p1a: Sinistcha|Strength Sap|p2a: Moltres
|-unboost|p2a: Moltres|atk|1
|
|upkeep
|turn|6
|inactive|Rising Ursaring has 30 seconds left.
|inactive|Rising Ursaring has 20 seconds left.
|inactive|Rising Ursaring has 15 seconds left.
|inactive|Rising Ursaring has 10 seconds left.
|
|t:|1758342210
|switch|p1a: Hatterene|Hatterene, F|100/100
|move|p2a: Moltres|Agility|p2a: Moltres
|-boost|p2a: Moltres|spe|2
|
|upkeep
|turn|7
|inactive|Rising Ursaring has 20 seconds left this turn.
|
|t:|1758342224
|switch|p2a: Landorus|Landorus-Therian, M, tera:Ice|84/100
|-ability|p2a: Landorus|Intimidate|boost
|-unboost|p1a: Hatterene|atk|1
|move|p1a: Hatterene|Nuzzle|p2a: Landorus
|-damage|p2a: Landorus|82/100
|-status|p2a: Landorus|par
|
|upkeep
|turn|8
|inactive|Rising Ursaring has 30 seconds left this turn.
|inactive|Rising Ursaring has 20 seconds left.
|inactive|Rising Ursaring has 15 seconds left.
|inactive|Rising Ursaring has 10 seconds left.
|
|t:|1758342246
|switch|p1a: Landorus|Landorus-Therian, M, tera:Ice|84/100
|-ability|p1a: Landorus|Intimidate|boost
|-unboost|p2a: Landorus|atk|1
|move|p2a: Landorus|U-turn|p1a: Landorus
|-damage|p1a: Landorus|64/100
|inactive|ToLLi has 120 seconds left.
|
|t:|1758342262
|switch|p2a: Ceruledge|Ceruledge, M, shiny|100/100|[from] U-turn
|
|upkeep
|turn|9
|inactive|Rising Ursaring has 25 seconds left this turn.
|
|t:|1758342266
|move|p1a: Landorus|U-turn|p2a: Ceruledge
|-resisted|p2a: Ceruledge
|-damage|p2a: Ceruledge|91/100
|-ability|p2a: Ceruledge|Weak Armor|boost
|-unboost|p2a: Ceruledge|def|1
|-boost|p2a: Ceruledge|spe|2
|inactive|Rising Ursaring has 30 seconds left this turn.
|
|t:|1758342269
|switch|p1a: Great Tusk|Great Tusk|100/100|[from] U-turn
|move|p2a: Ceruledge|Swords Dance|p2a: Ceruledge
|-boost|p2a: Ceruledge|atk|2
|
|upkeep
|turn|10
|
|t:|1758342280
|move|p2a: Ceruledge|Bitter Blade|p1a: Great Tusk
|-damage|p1a: Great Tusk|37/100
|-heal|p2a: Ceruledge|100/100|[from] drain|[of] p1a: Great Tusk
|move|p1a: Great Tusk|Ice Spinner|p2a: Ceruledge
|-resisted|p2a: Ceruledge
|-damage|p2a: Ceruledge|74/100
|-ability|p2a: Ceruledge|Weak Armor|boost
|-unboost|p2a: Ceruledge|def|1
|-boost|p2a: Ceruledge|spe|2
|
|-heal|p1a: Great Tusk|43/100|[from] item: Leftovers
|upkeep
|turn|11
|
|t:|1758342292
|move|p2a: Ceruledge|Bitter Blade|p1a: Great Tusk
|-damage|p1a: Great Tusk|0 fnt
|-heal|p2a: Ceruledge|100/100|[from] drain|[of] p1a: Great Tusk
|faint|p1a: Great Tusk
|-end|p1a: Great Tusk|Protosynthesis|[silent]
|
|upkeep
|
|t:|1758342294
|switch|p1a: Sinistcha|Sinistcha|100/100
|turn|12
|
|t:|1758342303
|move|p2a: Ceruledge|Bitter Blade|p1a: Sinistcha
|-supereffective|p1a: Sinistcha
|-damage|p1a: Sinistcha|32/100
|move|p1a: Sinistcha|Strength Sap|p2a: Ceruledge
|-unboost|p2a: Ceruledge|atk|1
|-heal|p1a: Sinistcha|100/100
|
|upkeep
|turn|13
|
|t:|1758342314
|move|p2a: Ceruledge|Poltergeist|p1a: Sinistcha
|-activate|p1a: Sinistcha|move: Poltergeist|Leftovers
|-supereffective|p1a: Sinistcha
|-damage|p1a: Sinistcha|0 fnt
|faint|p1a: Sinistcha
|
|upkeep
|
|t:|1758342323
|switch|p1a: Landorus|Landorus-Therian, M, tera:Ice|64/100
|-ability|p1a: Landorus|Intimidate|boost
|-unboost|p2a: Ceruledge|atk|1
|turn|14
|-message|Rising Ursaring forfeited.
|
|win|ToLLi
|raw|Rising Ursaring's rating: 1549 &rarr; <strong>1530</strong><br />(-19 for losing)
|raw|ToLLi's rating: 1565 &rarr; <strong>1584</strong><br />(+19 for winning)
|l|☆Rising Ursaring
|player|p1|
|c|☆ToLLi|gg
|l|☆ToLLi
|player|p2|
