|j|☆scorbunny11
|j|☆0ne5quared
|t:|1758361082
|gametype|singles
|player|p1|scorbunny11|dawn|1256
|player|p2|0ne5quared|waiter-gen4dp|1267
|gen|9
|tier|[Gen 9] OU
|rated|
|rule|HP Percentage Mod: HP is shown in percentages
|rule|Endless Battle Clause: Forcing endless battles is banned
|rule|Species Clause: Limit one of each Pokémon
|rule|OHKO Clause: OHKO moves are banned
|rule|Evasion Items Clause: Evasion items are banned
|rule|Evasion Moves Clause: Evasion moves are banned
|rule|Evasion Abilities Clause: Evasion abilities are banned
|rule|Sleep Moves Clause: Sleep-inducing moves are banned
|clearpoke
|poke|p1|Cinderace, M|
|poke|p1|Hydreigon, M|
|poke|p1|Great Tusk|
|poke|p1|Gastrodon-East, F|
|poke|p1|Meowstic, M|
|poke|p1|Kilowattrel, F|
|poke|p2|Araquanid, M|
|poke|p2|Pecharunt|
|poke|p2|Great Tusk|
|poke|p2|Raging Bolt|
|poke|p2|Kingambit, F|
|poke|p2|Kyurem|
|teampreview
|inactive|Battle timer is ON: inactive players will automatically lose when time's up. (requested by scorbunny11)
|
|t:|1758361093
|teamsize|p1|6
|teamsize|p2|6
|start
|switch|p1a: Kilowattrel|Kilowattrel, F|100/100
|switch|p2a: Araquanid|Araquanid, M|100/100
|turn|1
|
|t:|1758361112
|switch|p2a: Raging Bolt|Raging Bolt|100/100
|move|p1a: Kilowattrel|Air Slash|p2a: Raging Bolt
|-resisted|p2a: Raging Bolt
|-crit|p2a: Raging Bolt
|-damage|p2a: Raging Bolt|77/100
|
|upkeep
|turn|2
|
|t:|1758361124
|move|p1a: Kilowattrel|Volt Switch|p2a: Raging Bolt
|-resisted|p2a: Raging Bolt
|-damage|p2a: Raging Bolt|69/100
|
|t:|1758361127
|switch|p1a: Gastrodon|Gastrodon-East, F|100/100|[from] Volt Switch
|move|p2a: Raging Bolt|Dragon Pulse|p1a: Gastrodon
|-damage|p1a: Gastrodon|70/100
|
|-heal|p1a: Gastrodon|76/100|[from] item: Leftovers
|upkeep
|turn|3
|
|t:|1758361134
|-end|p2a: Raging Bolt|Protosynthesis|[silent]
|switch|p2a: Araquanid|Araquanid, M|100/100
|move|p1a: Gastrodon|Earth Power|p2a: Araquanid
|-resisted|p2a: Araquanid
|-damage|p2a: Araquanid|91/100
|
|-heal|p1a: Gastrodon|82/100|[from] item: Leftovers
|upkeep
|turn|4
|
|t:|1758361139
|switch|p1a: Kilowattrel|Kilowattrel, F|100/100
|move|p2a: Araquanid|Sticky Web|p1a: Kilowattrel
|-sidestart|p1: scorbunny11|move: Sticky Web
|
|upkeep
|turn|5
|
|t:|1758361144
|switch|p2a: Raging Bolt|Raging Bolt|69/100
|move|p1a: Kilowattrel|Air Slash|p2a: Raging Bolt
|-resisted|p2a: Raging Bolt
|-damage|p2a: Raging Bolt|53/100
|
|upkeep
|turn|6
|
|t:|1758361156
|move|p1a: Kilowattrel|Volt Switch|p2a: Raging Bolt
|-resisted|p2a: Raging Bolt
|-damage|p2a: Raging Bolt|45/100
|
|t:|1758361159
|switch|p1a: Gastrodon|Gastrodon-East, F|82/100|[from] Volt Switch
|-activate|p1a: Gastrodon|move: Sticky Web
|-unboost|p1a: Gastrodon|spe|1
|move|p2a: Raging Bolt|Dragon Pulse|p1a: Gastrodon
|-damage|p1a: Gastrodon|47/100
|
|-heal|p1a: Gastrodon|54/100|[from] item: Leftovers
|upkeep
|turn|7
|
|t:|1758361171
|-end|p2a: Raging Bolt|Protosynthesis|[silent]
|switch|p2a: Kyurem|Kyurem|100/100
|-ability|p2a: Kyurem|Pressure
|move|p1a: Gastrodon|Recover|p1a: Gastrodon
|-heal|p1a: Gastrodon|100/100
|
|upkeep
|turn|8
|
|t:|1758361180
|-terastallize|p1a: Gastrodon|Fire
|move|p2a: Kyurem|Freeze-Dry|p1a: Gastrodon
|-resisted|p1a: Gastrodon
|-damage|p1a: Gastrodon|88/100
|move|p1a: Gastrodon|Earth Power|p2a: Kyurem
|-damage|p2a: Kyurem|71/100
|
|-heal|p1a: Gastrodon|94/100|[from] item: Leftovers
|upkeep
|turn|9
|
|t:|1758361190
|switch|p1a: Hydreigon|Hydreigon, M|100/100
|move|p2a: Kyurem|Earth Power|p1a: Hydreigon
|-immune|p1a: Hydreigon|[from] ability: Levitate
|
|upkeep
|turn|10
|
|t:|1758361210
|switch|p2a: Kingambit|Kingambit, F|100/100
|move|p1a: Hydreigon|Flash Cannon|p2a: Kingambit
|-resisted|p2a: Kingambit
|-damage|p2a: Kingambit|82/100
|-damage|p1a: Hydreigon|91/100|[from] item: Life Orb
|
|upkeep
|turn|11
|
|t:|1758361220
|move|p1a: Hydreigon|U-turn|p2a: Kingambit
|-damage|p2a: Kingambit|65/100
|-damage|p1a: Hydreigon|81/100|[from] item: Life Orb
|
|t:|1758361223
|switch|p1a: Great Tusk|Great Tusk|100/100|[from] U-turn
|-activate|p1a: Great Tusk|move: Sticky Web
|-unboost|p1a: Great Tusk|spe|1
|move|p2a: Kingambit|Iron Head|p1a: Great Tusk
|-damage|p1a: Great Tusk|72/100
|-damage|p2a: Kingambit|48/100|[from] item: Rocky Helmet|[of] p1a: Great Tusk
|
|upkeep
|turn|12
|
|t:|1758361246
|-end|p2a: Kingambit|fallenundefined|[silent]
|switch|p2a: Pecharunt|Pecharunt|100/100
|move|p1a: Great Tusk|Earthquake|p2a: Pecharunt
|-supereffective|p2a: Pecharunt
|-damage|p2a: Pecharunt|55/100
|
|upkeep
|turn|13
|
|t:|1758361260
|move|p2a: Pecharunt|Parting Shot|p1a: Great Tusk
|-unboost|p1a: Great Tusk|atk|1
|-unboost|p1a: Great Tusk|spa|1
|
|t:|1758361263
|switch|p2a: Araquanid|Araquanid, M|91/100|[from] Parting Shot
|move|p1a: Great Tusk|Earthquake|p2a: Araquanid
|-resisted|p2a: Araquanid
|-damage|p2a: Araquanid|73/100
|
|upkeep
|turn|14
|
|t:|1758361266
|move|p1a: Great Tusk|Rapid Spin|p2a: Araquanid
|-damage|p2a: Araquanid|61/100
|-boost|p1a: Great Tusk|spe|1
|-sideend|p1: scorbunny11|Sticky Web|[from] move: Rapid Spin|[of] p1a: Great Tusk
|move|p2a: Araquanid|Liquidation|p1a: Great Tusk
|-supereffective|p1a: Great Tusk
|-damage|p1a: Great Tusk|27/100
|-damage|p2a: Araquanid|44/100|[from] item: Rocky Helmet|[of] p1a: Great Tusk
|
|upkeep
|turn|15
|
|t:|1758361279
|move|p1a: Great Tusk|Earthquake|p2a: Araquanid
|-resisted|p2a: Araquanid
|-damage|p2a: Araquanid|26/100
|move|p2a: Araquanid|Sticky Web|p1a: Great Tusk
|-sidestart|p1: scorbunny11|move: Sticky Web
|
|upkeep
|turn|16
|
|t:|1758361293
|switch|p2a: Pecharunt|Pecharunt|55/100
|move|p1a: Great Tusk|Earthquake|p2a: Pecharunt
|-supereffective|p2a: Pecharunt
|-damage|p2a: Pecharunt|22/100
|
|upkeep
|turn|17
|
|t:|1758361300
|move|p2a: Pecharunt|Shadow Ball|p1a: Great Tusk
|-damage|p1a: Great Tusk|0 fnt
|faint|p1a: Great Tusk
|-end|p1a: Great Tusk|Protosynthesis|[silent]
|
|upkeep
|
|t:|1758361304
|switch|p1a: Cinderace|Cinderace, M|100/100
|turn|18
|
|t:|1758361316
|move|p1a: Cinderace|Pyro Ball|p2a: Pecharunt
|-damage|p2a: Pecharunt|0 fnt
|faint|p2a: Pecharunt
|
|upkeep
|
|t:|1758361320
|switch|p2a: Araquanid|Araquanid, M|26/100
|turn|19
|
|t:|1758361323
|move|p1a: Cinderace|Pyro Ball|p2a: Araquanid
|-damage|p2a: Araquanid|0 fnt
|faint|p2a: Araquanid
|
|upkeep
|
|t:|1758361333
|switch|p2a: Great Tusk|Great Tusk|100/100
|turn|20
|
|t:|1758361344
|move|p1a: Cinderace|U-turn|p2a: Great Tusk
|-start|p1a: Cinderace|typechange|Bug|[from] ability: Libero
|-resisted|p2a: Great Tusk
|-damage|p2a: Great Tusk|89/100
|
|t:|1758361351
|switch|p1a: Meowstic|Meowstic, M|100/100|[from] U-turn
|-activate|p1a: Meowstic|move: Sticky Web
|-unboost|p1a: Meowstic|spe|1
|move|p2a: Great Tusk|Rapid Spin|p1a: Meowstic
|-damage|p1a: Meowstic|80/100
|-boost|p2a: Great Tusk|spe|1
|
|upkeep
|turn|21
|
|t:|1758361358
|move|p1a: Meowstic|Reflect|p1a: Meowstic
|-sidestart|p1: scorbunny11|Reflect
|move|p2a: Great Tusk|Headlong Rush|p1a: Meowstic
|-damage|p1a: Meowstic|39/100
|-unboost|p2a: Great Tusk|def|1
|-unboost|p2a: Great Tusk|spd|1
|
|upkeep
|turn|22
|
|t:|1758361367
|move|p2a: Great Tusk|Headlong Rush|p1a: Meowstic
|-damage|p1a: Meowstic|0 fnt
|-unboost|p2a: Great Tusk|def|1
|-unboost|p2a: Great Tusk|spd|1
|faint|p1a: Meowstic
|
|upkeep
|
|t:|1758361371
|switch|p1a: Kilowattrel|Kilowattrel, F|100/100
|turn|23
|
|t:|1758361374
|-end|p2a: Great Tusk|Protosynthesis|[silent]
|switch|p2a: Raging Bolt|Raging Bolt|45/100
|move|p1a: Kilowattrel|Air Slash|p2a: Raging Bolt
|-resisted|p2a: Raging Bolt
|-damage|p2a: Raging Bolt|30/100
|
|upkeep
|turn|24
|
|t:|1758361381
|move|p1a: Kilowattrel|Volt Switch|p2a: Raging Bolt
|-resisted|p2a: Raging Bolt
|-damage|p2a: Raging Bolt|22/100
|
|t:|1758361384
|switch|p1a: Gastrodon|Gastrodon-East, F, tera:Fire|94/100|[from] Volt Switch
|-activate|p1a: Gastrodon|move: Sticky Web
|-unboost|p1a: Gastrodon|spe|1
|move|p2a: Raging Bolt|Dragon Pulse|p1a: Gastrodon
|-damage|p1a: Gastrodon|61/100
|
|-heal|p1a: Gastrodon|67/100|[from] item: Leftovers
|upkeep
|turn|25
|
|t:|1758361390
|-end|p2a: Raging Bolt|Protosynthesis|[silent]
|switch|p2a: Great Tusk|Great Tusk|89/100
|move|p1a: Gastrodon|Earth Power|p2a: Great Tusk
|-damage|p2a: Great Tusk|44/100
|
|-heal|p1a: Gastrodon|73/100|[from] item: Leftovers
|upkeep
|turn|26
|
|t:|1758361399
|switch|p1a: Hydreigon|Hydreigon, M|81/100
|move|p2a: Great Tusk|Ice Spinner|p1a: Hydreigon
|-supereffective|p1a: Hydreigon
|-damage|p1a: Hydreigon|48/100
|
|upkeep
|turn|27
|
|t:|1758361408
|move|p1a: Hydreigon|Dark Pulse|p2a: Great Tusk
|-resisted|p2a: Great Tusk
|-damage|p2a: Great Tusk|6/100
|-damage|p1a: Hydreigon|39/100|[from] item: Life Orb
|move|p2a: Great Tusk|Ice Spinner|p1a: Hydreigon
|-supereffective|p1a: Hydreigon
|-damage|p1a: Hydreigon|7/100
|
|upkeep
|turn|28
|
|t:|1758361421
|move|p1a: Hydreigon|U-turn|p2a: Great Tusk
|-resisted|p2a: Great Tusk
|-damage|p2a: Great Tusk|0 fnt
|faint|p2a: Great Tusk
|-end|p2a: Great Tusk|Protosynthesis|[silent]
|-damage|p1a: Hydreigon|0 fnt|[from] item: Life Orb
|faint|p1a: Hydreigon
|
|-sideend|p1: scorbunny11|Reflect
|upkeep
|
|t:|1758361440
|switch|p1a: Kilowattrel|Kilowattrel, F|100/100
|switch|p2a: Raging Bolt|Raging Bolt|22/100
|turn|29
|
|t:|1758361447
|move|p1a: Kilowattrel|Volt Switch|p2a: Raging Bolt
|-resisted|p2a: Raging Bolt
|-damage|p2a: Raging Bolt|13/100
|
|t:|1758361450
|switch|p1a: Gastrodon|Gastrodon-East, F, tera:Fire|73/100|[from] Volt Switch
|-activate|p1a: Gastrodon|move: Sticky Web
|-unboost|p1a: Gastrodon|spe|1
|move|p2a: Raging Bolt|Dragon Pulse|p1a: Gastrodon
|-damage|p1a: Gastrodon|42/100
|
|-heal|p1a: Gastrodon|48/100|[from] item: Leftovers
|upkeep
|turn|30
|
|t:|1758361457
|move|p2a: Raging Bolt|Dragon Pulse|p1a: Gastrodon
|-damage|p1a: Gastrodon|14/100
|move|p1a: Gastrodon|Recover|p1a: Gastrodon
|-heal|p1a: Gastrodon|64/100
|
|-heal|p1a: Gastrodon|70/100|[from] item: Leftovers
|upkeep
|turn|31
|
|t:|1758361462
|move|p2a: Raging Bolt|Dragon Pulse|p1a: Gastrodon
|-damage|p1a: Gastrodon|39/100
|move|p1a: Gastrodon|Recover|p1a: Gastrodon
|-heal|p1a: Gastrodon|89/100
|
|-heal|p1a: Gastrodon|96/100|[from] item: Leftovers
|upkeep
|turn|32
|
|t:|1758361466
|move|p2a: Raging Bolt|Dragon Pulse|p1a: Gastrodon
|-damage|p1a: Gastrodon|62/100
|move|p1a: Gastrodon|Earth Power|p2a: Raging Bolt
|-supereffective|p2a: Raging Bolt
|-damage|p2a: Raging Bolt|0 fnt
|faint|p2a: Raging Bolt
|-end|p2a: Raging Bolt|Protosynthesis|[silent]
|
|-heal|p1a: Gastrodon|68/100|[from] item: Leftovers
|upkeep
|
|t:|1758361475
|switch|p2a: Kingambit|Kingambit, F|48/100
|-activate|p2a: Kingambit|ability: Supreme Overlord
|-start|p2a: Kingambit|fallen4|[silent]
|turn|33
|
|t:|1758361480
|move|p2a: Kingambit|Kowtow Cleave|p1a: Gastrodon
|-damage|p1a: Gastrodon|0 fnt
|faint|p1a: Gastrodon
|
|upkeep
|
|t:|1758361485
|switch|p1a: Cinderace|Cinderace, M|100/100
|turn|34
|
|t:|1758361497
|move|p2a: Kingambit|Sucker Punch|p1a: Cinderace
|-damage|p1a: Cinderace|16/100
|move|p1a: Cinderace|Pyro Ball|p2a: Kingambit
|-supereffective|p2a: Kingambit
|-damage|p2a: Kingambit|0 fnt
|faint|p2a: Kingambit
|-end|p2a: Kingambit|fallen4|[silent]
|
|upkeep
|
|t:|1758361501
|switch|p2a: Kyurem|Kyurem|71/100
|-ability|p2a: Kyurem|Pressure
|turn|35
|
|t:|1758361507
|-terastallize|p2a: Kyurem|Dragon
|move|p1a: Cinderace|High Jump Kick|p2a: Kyurem
|-start|p1a: Cinderace|typechange|Fighting|[from] ability: Libero
|-damage|p2a: Kyurem|15/100
|move|p2a: Kyurem|Ice Beam|p1a: Cinderace
|-damage|p1a: Cinderace|0 fnt
|faint|p1a: Cinderace
|
|upkeep
|
|t:|1758361515
|switch|p1a: Kilowattrel|Kilowattrel, F|100/100
|turn|36
|
|t:|1758361518
|move|p1a: Kilowattrel|Air Slash|p2a: Kyurem
|-damage|p2a: Kyurem|0 fnt
|faint|p2a: Kyurem
|
|win|scorbunny11
|raw|scorbunny11's rating: 1256 &rarr; <strong>1282</strong><br />(+26 for winning)
|raw|0ne5quared's rating: 1267 &rarr; <strong>1241</strong><br />(-26 for losing)
|l|☆scorbunny11
|player|p1|
|l|☆0ne5quared
|player|p2|
