|j|☆powerfull_rock
|j|☆iacidicowl
|t:|1758286960
|gametype|singles
|player|p1|powerfull_rock|blackbelt|1706
|player|p2|iacidicowl|dahlia|1696
|gen|9
|tier|[Gen 9] OU
|rated|
|rule|HP Percentage Mod: HP is shown in percentages
|rule|Endless Battle Clause: Forcing endless battles is banned
|rule|Species Clause: Limit one of each Pokémon
|rule|OHKO Clause: OHKO moves are banned
|rule|Evasion Items Clause: Evasion items are banned
|rule|Evasion Moves Clause: Evasion moves are banned
|rule|Evasion Abilities Clause: Evasion abilities are banned
|rule|Sleep Moves Clause: Sleep-inducing moves are banned
|clearpoke
|poke|p1|Clodsire, M|
|poke|p1|Conkeldurr, M|
|poke|p1|Enamorus, F|
|poke|p1|Ceruledge, F|
|poke|p1|Skarmory, M|
|poke|p1|Sinistcha|
|poke|p2|Gliscor, F|
|poke|p2|Glimmora, M|
|poke|p2|Gholdengo|
|poke|p2|Zamazenta-*|
|poke|p2|Iron Valiant|
|poke|p2|Amoonguss, F|
|teampreview
|
|t:|1758286992
|teamsize|p1|6
|teamsize|p2|6
|start
|switch|p1a: Wide Shoulder|Conkeldurr, M, shiny|100/100
|switch|p2a: Gholdengo|Gholdengo|100/100
|turn|1
|inactive|Battle timer is ON: inactive players will automatically lose when time's up. (requested by powerfull_rock)
|
|t:|1758286997
|move|p2a: Gholdengo|Make It Rain|p1a: Wide Shoulder
|-damage|p1a: Wide Shoulder|61/100
|-unboost|p2a: Gholdengo|spa|1
|move|p1a: Wide Shoulder|Knock Off|p2a: Gholdengo
|-supereffective|p2a: Gholdengo
|-damage|p2a: Gholdengo|34/100
|-enditem|p2a: Gholdengo|Choice Scarf|[from] move: Knock Off|[of] p1a: Wide Shoulder
|
|upkeep
|turn|2
|
|t:|1758287010
|switch|p2a: Amoonguss|Amoonguss, F|100/100
|move|p1a: Wide Shoulder|Knock Off|p2a: Amoonguss
|-damage|p2a: Amoonguss|77/100
|-damage|p1a: Wide Shoulder|45/100|[from] item: Rocky Helmet|[of] p2a: Amoonguss
|-enditem|p2a: Amoonguss|Rocky Helmet|[from] move: Knock Off|[of] p1a: Wide Shoulder
|
|upkeep
|turn|3
|
|t:|1758287022
|switch|p1a: Metal Wing|Skarmory, M|100/100
|move|p2a: Amoonguss|Sludge Bomb|p1a: Metal Wing
|-immune|p1a: Metal Wing
|
|upkeep
|turn|4
|
|t:|1758287025
|move|p1a: Metal Wing|Spikes|p2a: Amoonguss
|-sidestart|p2: iacidicowl|Spikes
|move|p2a: Amoonguss|Stun Spore|p1a: Metal Wing
|-status|p1a: Metal Wing|par
|
|upkeep
|turn|5
|
|t:|1758287031
|switch|p2a: Gliscor|Gliscor, F|100/100
|cant|p1a: Metal Wing|par
|
|-status|p2a: Gliscor|tox|[from] item: Toxic Orb
|upkeep
|turn|6
|
|t:|1758287039
|move|p2a: Gliscor|Swords Dance|p2a: Gliscor
|-boost|p2a: Gliscor|atk|2
|move|p1a: Metal Wing|Spikes|p2a: Gliscor
|-sidestart|p2: iacidicowl|Spikes
|
|upkeep
|turn|7
|
|t:|1758287043
|move|p2a: Gliscor|Knock Off|p1a: Metal Wing
|-damage|p1a: Metal Wing|73/100 par
|-enditem|p1a: Metal Wing|Leftovers|[from] move: Knock Off|[of] p2a: Gliscor
|move|p1a: Metal Wing|Whirlwind|p2a: Gliscor
|drag|p2a: Zamazenta|Zamazenta|100/100
|-damage|p2a: Zamazenta|84/100|[from] Spikes
|-ability|p2a: Zamazenta|Dauntless Shield|boost
|-boost|p2a: Zamazenta|def|1
|
|upkeep
|turn|8
|
|t:|1758287050
|move|p2a: Zamazenta|Close Combat|p1a: Metal Wing
|-damage|p1a: Metal Wing|15/100 par
|-unboost|p2a: Zamazenta|def|1
|-unboost|p2a: Zamazenta|spd|1
|cant|p1a: Metal Wing|par
|
|upkeep
|turn|9
|
|t:|1758287057
|switch|p1a: Broken Vessel|Sinistcha, shiny|100/100
|move|p2a: Zamazenta|Close Combat|p1a: Broken Vessel
|-immune|p1a: Broken Vessel
|
|upkeep
|turn|10
|
|t:|1758287065
|switch|p2a: Gliscor|Gliscor, F|100/100 tox
|move|p1a: Broken Vessel|Matcha Gotcha|p2a: Gliscor
|-damage|p2a: Gliscor|75/100 tox
|
|-heal|p2a: Gliscor|87/100 tox|[from] ability: Poison Heal
|upkeep
|turn|11
|
|t:|1758287068
|move|p2a: Gliscor|Swords Dance|p2a: Gliscor
|-boost|p2a: Gliscor|atk|2
|move|p1a: Broken Vessel|Iron Defense|p1a: Broken Vessel
|-boost|p1a: Broken Vessel|def|2
|
|-heal|p2a: Gliscor|99/100 tox|[from] ability: Poison Heal
|upkeep
|turn|12
|
|t:|1758287074
|move|p2a: Gliscor|Swords Dance|p2a: Gliscor
|-boost|p2a: Gliscor|atk|2
|move|p1a: Broken Vessel|Iron Defense|p1a: Broken Vessel
|-boost|p1a: Broken Vessel|def|2
|
|-heal|p2a: Gliscor|100/100 tox|[from] ability: Poison Heal
|upkeep
|turn|13
|
|t:|1758287078
|move|p2a: Gliscor|Swords Dance|p2a: Gliscor
|-boost|p2a: Gliscor|atk|2
|move|p1a: Broken Vessel|Iron Defense|p1a: Broken Vessel
|-boost|p1a: Broken Vessel|def|2
|
|upkeep
|turn|14
|
|t:|1758287080
|move|p2a: Gliscor|Knock Off|p1a: Broken Vessel
|-supereffective|p1a: Broken Vessel
|-damage|p1a: Broken Vessel|70/100
|-enditem|p1a: Broken Vessel|Heavy-Duty Boots|[from] move: Knock Off|[of] p2a: Gliscor
|move|p1a: Broken Vessel|Shadow Ball|p2a: Gliscor
|-damage|p2a: Gliscor|75/100 tox
|
|-heal|p2a: Gliscor|87/100 tox|[from] ability: Poison Heal
|upkeep
|turn|15
|
|t:|1758287087
|move|p2a: Gliscor|Knock Off|p1a: Broken Vessel
|-supereffective|p1a: Broken Vessel
|-damage|p1a: Broken Vessel|49/100
|move|p1a: Broken Vessel|Matcha Gotcha|p2a: Gliscor
|-damage|p2a: Gliscor|62/100 tox
|-heal|p1a: Broken Vessel|62/100|[from] drain|[of] p2a: Gliscor
|
|-heal|p2a: Gliscor|75/100 tox|[from] ability: Poison Heal
|upkeep
|turn|16
|
|t:|1758287090
|move|p2a: Gliscor|Knock Off|p1a: Broken Vessel
|-supereffective|p1a: Broken Vessel
|-damage|p1a: Broken Vessel|39/100
|move|p1a: Broken Vessel|Strength Sap|p2a: Gliscor
|-unboost|p2a: Gliscor|atk|1
|-heal|p1a: Broken Vessel|100/100
|
|-heal|p2a: Gliscor|87/100 tox|[from] ability: Poison Heal
|upkeep
|turn|17
|
|t:|1758287092
|move|p2a: Gliscor|Knock Off|p1a: Broken Vessel
|-supereffective|p1a: Broken Vessel
|-damage|p1a: Broken Vessel|83/100
|move|p1a: Broken Vessel|Shadow Ball|p2a: Gliscor
|-damage|p2a: Gliscor|62/100 tox
|
|-heal|p2a: Gliscor|74/100 tox|[from] ability: Poison Heal
|upkeep
|turn|18
|
|t:|1758287095
|move|p2a: Gliscor|Knock Off|p1a: Broken Vessel
|-supereffective|p1a: Broken Vessel
|-damage|p1a: Broken Vessel|63/100
|move|p1a: Broken Vessel|Shadow Ball|p2a: Gliscor
|-damage|p2a: Gliscor|47/100 tox
|
|-heal|p2a: Gliscor|59/100 tox|[from] ability: Poison Heal
|upkeep
|turn|19
|
|t:|1758287097
|move|p2a: Gliscor|Protect|p2a: Gliscor
|-singleturn|p2a: Gliscor|Protect
|move|p1a: Broken Vessel|Strength Sap|p2a: Gliscor
|-activate|p2a: Gliscor|move: Protect
|
|-heal|p2a: Gliscor|72/100 tox|[from] ability: Poison Heal
|upkeep
|turn|20
|
|t:|1758287100
|move|p2a: Gliscor|Knock Off|p1a: Broken Vessel
|-supereffective|p1a: Broken Vessel
|-damage|p1a: Broken Vessel|44/100
|move|p1a: Broken Vessel|Strength Sap|p2a: Gliscor
|-unboost|p2a: Gliscor|atk|1
|-heal|p1a: Broken Vessel|100/100
|
|-heal|p2a: Gliscor|84/100 tox|[from] ability: Poison Heal
|upkeep
|turn|21
|
|t:|1758287106
|move|p2a: Gliscor|Protect|p2a: Gliscor
|-singleturn|p2a: Gliscor|Protect
|move|p1a: Broken Vessel|Shadow Ball|p2a: Gliscor
|-activate|p2a: Gliscor|move: Protect
|
|-heal|p2a: Gliscor|97/100 tox|[from] ability: Poison Heal
|upkeep
|turn|22
|
|t:|1758287109
|move|p2a: Gliscor|Swords Dance|p2a: Gliscor
|-boost|p2a: Gliscor|atk|2
|move|p1a: Broken Vessel|Shadow Ball|p2a: Gliscor
|-crit|p2a: Gliscor
|-damage|p2a: Gliscor|54/100 tox
|
|-heal|p2a: Gliscor|66/100 tox|[from] ability: Poison Heal
|upkeep
|turn|23
|
|t:|1758287113
|move|p2a: Gliscor|Protect|p2a: Gliscor
|-singleturn|p2a: Gliscor|Protect
|move|p1a: Broken Vessel|Iron Defense|p1a: Broken Vessel
|-boost|p1a: Broken Vessel|def|0
|
|-heal|p2a: Gliscor|79/100 tox|[from] ability: Poison Heal
|upkeep
|turn|24
|
|t:|1758287116
|move|p2a: Gliscor|Knock Off|p1a: Broken Vessel
|-supereffective|p1a: Broken Vessel
|-damage|p1a: Broken Vessel|77/100
|move|p1a: Broken Vessel|Shadow Ball|p2a: Gliscor
|-damage|p2a: Gliscor|52/100 tox
|
|-heal|p2a: Gliscor|65/100 tox|[from] ability: Poison Heal
|upkeep
|turn|25
|
|t:|1758287121
|move|p2a: Gliscor|Knock Off|p1a: Broken Vessel
|-supereffective|p1a: Broken Vessel
|-damage|p1a: Broken Vessel|56/100
|move|p1a: Broken Vessel|Iron Defense|p1a: Broken Vessel
|-boost|p1a: Broken Vessel|def|0
|
|-heal|p2a: Gliscor|77/100 tox|[from] ability: Poison Heal
|upkeep
|turn|26
|
|t:|1758287126
|move|p2a: Gliscor|Knock Off|p1a: Broken Vessel
|-supereffective|p1a: Broken Vessel
|-damage|p1a: Broken Vessel|32/100
|move|p1a: Broken Vessel|Iron Defense|p1a: Broken Vessel
|-boost|p1a: Broken Vessel|def|0
|
|-heal|p2a: Gliscor|90/100 tox|[from] ability: Poison Heal
|upkeep
|turn|27
|
|t:|1758287131
|move|p2a: Gliscor|Protect|p2a: Gliscor
|-singleturn|p2a: Gliscor|Protect
|move|p1a: Broken Vessel|Strength Sap|p2a: Gliscor
|-activate|p2a: Gliscor|move: Protect
|
|-heal|p2a: Gliscor|100/100 tox|[from] ability: Poison Heal
|upkeep
|turn|28
|
|t:|1758287133
|move|p2a: Gliscor|Knock Off|p1a: Broken Vessel
|-supereffective|p1a: Broken Vessel
|-damage|p1a: Broken Vessel|11/100
|move|p1a: Broken Vessel|Shadow Ball|p2a: Gliscor
|-damage|p2a: Gliscor|75/100 tox
|
|-heal|p2a: Gliscor|88/100 tox|[from] ability: Poison Heal
|upkeep
|turn|29
|
|t:|1758287137
|move|p2a: Gliscor|Knock Off|p1a: Broken Vessel
|-supereffective|p1a: Broken Vessel
|-damage|p1a: Broken Vessel|0 fnt
|faint|p1a: Broken Vessel
|
|-heal|p2a: Gliscor|100/100 tox|[from] ability: Poison Heal
|upkeep
|
|t:|1758287143
|switch|p1a: Love Snake|Enamorus, F|100/100
|turn|30
|
|t:|1758287151
|move|p1a: Love Snake|Substitute|p1a: Love Snake
|-start|p1a: Love Snake|Substitute
|-damage|p1a: Love Snake|76/100
|move|p2a: Gliscor|Facade|p1a: Love Snake
|-crit|p1a: Love Snake
|-end|p1a: Love Snake|Substitute
|
|-heal|p1a: Love Snake|82/100|[from] item: Leftovers
|upkeep
|turn|31
|
|t:|1758287161
|move|p1a: Love Snake|Moonblast|p2a: Gliscor
|-damage|p2a: Gliscor|57/100 tox
|-unboost|p2a: Gliscor|spa|1
|move|p2a: Gliscor|Facade|p1a: Love Snake
|-damage|p1a: Love Snake|0 fnt
|faint|p1a: Love Snake
|
|-heal|p2a: Gliscor|70/100 tox|[from] ability: Poison Heal
|upkeep
|
|t:|1758287164
|switch|p1a: Clean Edge|Ceruledge, F|100/100
|turn|32
|
|t:|1758287181
|-terastallize|p1a: Clean Edge|Bug
|move|p1a: Clean Edge|Bitter Blade|p2a: Gliscor
|-damage|p2a: Gliscor|42/100 tox
|move|p2a: Gliscor|Knock Off|p1a: Clean Edge
|-damage|p1a: Clean Edge|4/100
|-enditem|p1a: Clean Edge|Heavy-Duty Boots|[from] move: Knock Off|[of] p2a: Gliscor
|
|-heal|p2a: Gliscor|54/100 tox|[from] ability: Poison Heal
|upkeep
|turn|33
|
|t:|1758287191
|move|p1a: Clean Edge|Bitter Blade|p2a: Gliscor
|-damage|p2a: Gliscor|22/100 tox
|-heal|p1a: Clean Edge|21/100|[from] drain|[of] p2a: Gliscor
|move|p2a: Gliscor|Knock Off|p1a: Clean Edge
|-damage|p1a: Clean Edge|0 fnt
|faint|p1a: Clean Edge
|
|-heal|p2a: Gliscor|34/100 tox|[from] ability: Poison Heal
|upkeep
|-message|powerfull_rock forfeited.
|
|win|iacidicowl
|raw|powerfull_rock's rating: 1706 &rarr; <strong>1685</strong><br />(-21 for losing)
|raw|iacidicowl's rating: 1696 &rarr; <strong>1717</strong><br />(+21 for winning)
|l|☆powerfull_rock
|player|p1|
|l|☆iacidicowl
|player|p2|
