|j|☆slowbro named paul
|j|☆wander36
|t:|1758292497
|gametype|singles
|player|p1|slowbro named paul|skierf|1300
|player|p2|wander36|169|1248
|gen|9
|tier|[Gen 9] OU
|rated|
|rule|HP Percentage Mod: HP is shown in percentages
|rule|Endless Battle Clause: Forcing endless battles is banned
|rule|Species Clause: Limit one of each Pokémon
|rule|OHKO Clause: OHKO moves are banned
|rule|Evasion Items Clause: Evasion items are banned
|rule|Evasion Moves Clause: Evasion moves are banned
|rule|Evasion Abilities Clause: Evasion abilities are banned
|rule|Sleep Moves Clause: Sleep-inducing moves are banned
|clearpoke
|poke|p1|Mew|
|poke|p1|Samurott-Hisui, F|
|poke|p1|Ceruledge, F|
|poke|p1|Porygon-Z|
|poke|p1|Glimmora, F|
|poke|p1|Sandy Shocks|
|poke|p2|Forretress, M|
|poke|p2|Galvantula, F|
|poke|p2|Hitmontop, M|
|poke|p2|Pelipper, M|
|poke|p2|Quaquaval, F|
|poke|p2|Gliscor, M|
|teampreview
|inactive|Battle timer is ON: inactive players will automatically lose when time's up. (requested by slowbro named paul)
|
|t:|1758292510
|teamsize|p1|6
|teamsize|p2|6
|start
|switch|p1a: Gnarwotter|Samurott-Hisui, F|100/100
|switch|p2a: Gliscor|Gliscor, M|100/100
|turn|1
|
|t:|1758292515
|move|p2a: Gliscor|Protect|p2a: Gliscor
|-singleturn|p2a: Gliscor|Protect
|move|p1a: Gnarwotter|Ceaseless Edge|p2a: Gliscor
|-activate|p2a: Gliscor|move: Protect
|
|-status|p2a: Gliscor|tox|[from] item: Toxic Orb
|upkeep
|turn|2
|
|t:|1758292525
|move|p1a: Gnarwotter|Ceaseless Edge|p2a: Gliscor
|-damage|p2a: Gliscor|52/100 tox
|-sidestart|p2: wander36|Spikes
|move|p2a: Gliscor|Toxic|p1a: Gnarwotter|[miss]
|-miss|p2a: Gliscor|p1a: Gnarwotter
|
|-heal|p2a: Gliscor|64/100 tox|[from] ability: Poison Heal
|upkeep
|turn|3
|
|t:|1758292537
|switch|p1a: hazard setting guy|Glimmora, F|100/100
|move|p2a: Gliscor|Protect||[still]
|-fail|p2a: Gliscor
|
|-heal|p2a: Gliscor|77/100 tox|[from] ability: Poison Heal
|upkeep
|turn|4
|
|t:|1758292543
|move|p1a: hazard setting guy|Power Gem|p2a: Gliscor
|-damage|p2a: Gliscor|15/100 tox
|move|p2a: Gliscor|Knock Off|p1a: hazard setting guy
|-damage|p1a: hazard setting guy|75/100
|-activate|p1a: hazard setting guy|ability: Toxic Debris
|-sidestart|p2: wander36|move: Toxic Spikes
|-enditem|p1a: hazard setting guy|Choice Specs|[from] move: Knock Off|[of] p2a: Gliscor
|
|-heal|p2a: Gliscor|28/100 tox|[from] ability: Poison Heal
|upkeep
|turn|5
|
|t:|1758292554
|move|p2a: Gliscor|Protect|p2a: Gliscor
|-singleturn|p2a: Gliscor|Protect
|move|p1a: hazard setting guy|Power Gem|p2a: Gliscor
|-activate|p2a: Gliscor|move: Protect
|
|-heal|p2a: Gliscor|40/100 tox|[from] ability: Poison Heal
|upkeep
|turn|6
|
|t:|1758292569
|switch|p2a: Forretress|Forretress, M, shiny|100/100
|-damage|p2a: Forretress|88/100|[from] Spikes
|move|p1a: hazard setting guy|Power Gem|p2a: Forretress
|-damage|p2a: Forretress|29/100
|
|upkeep
|turn|7
|-message|wander36 forfeited.
|
|win|slowbro named paul
|raw|slowbro named paul's rating: 1300 &rarr; <strong>1321</strong><br />(+21 for winning)
|raw|wander36's rating: 1248 &rarr; <strong>1227</strong><br />(-21 for losing)
|l|☆wander36
|player|p2|
