|j|☆ICElIED
|j|☆underm1nd
|t:|1758282898
|gametype|singles
|player|p1|ICElIED|steven|1377
|player|p2|underm1nd|101|1419
|gen|9
|tier|[Gen 9] OU
|rated|
|rule|HP Percentage Mod: HP is shown in percentages
|rule|Endless Battle Clause: Forcing endless battles is banned
|rule|Species Clause: Limit one of each Pokémon
|rule|OHKO Clause: OHKO moves are banned
|rule|Evasion Items Clause: Evasion items are banned
|rule|Evasion Moves Clause: Evasion moves are banned
|rule|Evasion Abilities Clause: Evasion abilities are banned
|rule|Sleep Moves Clause: Sleep-inducing moves are banned
|clearpoke
|poke|p1|Samurott-Hisui, F|
|poke|p1|Clodsire, M|
|poke|p1|Meloetta|
|poke|p1|Ceruledge, F|
|poke|p1|Hydrapple, M|
|poke|p1|Comfey, F|
|poke|p2|Meowscarada, M|
|poke|p2|Dragapult, M|
|poke|p2|Slowking-Galar, M|
|poke|p2|Landorus-Therian, M|
|poke|p2|Darkrai|
|poke|p2|Kingambit, M|
|teampreview
|
|t:|1758282923
|teamsize|p1|6
|teamsize|p2|6
|start
|switch|p1a: Comfey|Comfey, F|100/100
|switch|p2a: Meowscarada|Meowscarada, M|100/100
|turn|1
|
|t:|1758282938
|switch|p2a: Slowking|Slowking-Galar, M|100/100
|move|p1a: Comfey|Draining Kiss|p2a: Slowking
|-resisted|p2a: Slowking
|-damage|p2a: Slowking|95/100
|
|upkeep
|turn|2
|
|t:|1758282950
|switch|p1a: Clodsire|Clodsire, M|100/100
|move|p2a: Slowking|Thunder Wave|p1a: Clodsire
|-immune|p1a: Clodsire
|
|upkeep
|turn|3
|
|t:|1758282960
|switch|p2a: Landorus|Landorus-Therian, M|100/100
|-ability|p2a: Landorus|Intimidate|boost
|-unboost|p1a: Clodsire|atk|1
|move|p1a: Clodsire|Stealth Rock|p2a: Landorus
|-sidestart|p2: underm1nd|move: Stealth Rock
|
|upkeep
|turn|4
|
|t:|1758282968
|switch|p1a: Hydrapple|Hydrapple, M|100/100
|move|p2a: Landorus|Stealth Rock|p1a: Hydrapple
|-sidestart|p1: ICElIED|move: Stealth Rock
|
|upkeep
|turn|5
|
|t:|1758282987
|move|p2a: Landorus|Taunt|p1a: Hydrapple
|-start|p1a: Hydrapple|move: Taunt
|move|p1a: Hydrapple|Fickle Beam|p2a: Landorus
|-damage|p2a: Landorus|68/100
|
|upkeep
|turn|6
|
|t:|1758282992
|move|p2a: Landorus|U-turn|p1a: Hydrapple
|-supereffective|p1a: Hydrapple
|-damage|p1a: Hydrapple|75/100
|
|t:|1758282996
|switch|p2a: Slowking|Slowking-Galar, M|100/100|[from] U-turn
|move|p1a: Hydrapple|Fickle Beam|p2a: Slowking
|-damage|p2a: Slowking|82/100
|
|upkeep
|turn|7
|
|t:|1758283004
|switch|p1a: Samurott|Samurott-Hisui, F|100/100
|-damage|p1a: Samurott|88/100|[from] Stealth Rock
|-prepare|p2a: Slowking|Chilly Reception|[premajor]
|move|p2a: Slowking|Chilly Reception|p2a: Slowking
|-weather|Snowscape
|
|t:|1758283012
|switch|p2a: Meowscarada|Meowscarada, M|100/100|[from] Chilly Reception
|
|-weather|Snowscape|[upkeep]
|upkeep
|turn|8
|
|t:|1758283024
|switch|p1a: Hydrapple|Hydrapple, M|100/100
|move|p2a: Meowscarada|U-turn|p1a: Hydrapple
|-start|p2a: Meowscarada|typechange|Bug|[from] ability: Protean
|-supereffective|p1a: Hydrapple
|-damage|p1a: Hydrapple|64/100
|
|t:|1758283062
|switch|p2a: Slowking|Slowking-Galar, M|100/100|[from] U-turn
|
|-weather|Snowscape|[upkeep]
|upkeep
|turn|9
|
|t:|1758283079
|switch|p1a: Meloetta|Meloetta|100/100
|-damage|p1a: Meloetta|88/100|[from] Stealth Rock
|move|p2a: Slowking|Psychic Noise|p1a: Meloetta
|-resisted|p1a: Meloetta
|-damage|p1a: Meloetta|81/100
|-start|p1a: Meloetta|move: Heal Block
|
|-weather|Snowscape|[upkeep]
|upkeep
|turn|10
|
|t:|1758283095
|move|p1a: Meloetta|Shadow Ball|p2a: Slowking
|-supereffective|p2a: Slowking
|-damage|p2a: Slowking|68/100
|move|p2a: Slowking|Thunder Wave|p1a: Meloetta
|-status|p1a: Meloetta|par
|
|-weather|Snowscape|[upkeep]
|-end|p1a: Meloetta|move: Heal Block
|upkeep
|turn|11
|
|t:|1758283103
|move|p1a: Meloetta|Hyper Voice|p2a: Slowking
|-damage|p2a: Slowking|40/100
|-prepare|p2a: Slowking|Chilly Reception|[premajor]
|move|p2a: Slowking|Chilly Reception|p2a: Slowking
|
|t:|1758283119
|switch|p2a: Meowscarada|Meowscarada, M|100/100|[from] Chilly Reception
|
|-weather|none
|upkeep
|turn|12
|
|t:|1758283129
|-terastallize|p1a: Meloetta|Fairy
|move|p2a: Meowscarada|Spikes|p1a: Meloetta
|-start|p2a: Meowscarada|typechange|Ground|[from] ability: Protean
|-sidestart|p1: ICElIED|Spikes
|move|p1a: Meloetta|Alluring Voice|p2a: Meowscarada
|-damage|p2a: Meowscarada|41/100
|
|upkeep
|turn|13
|
|t:|1758283142
|move|p2a: Meowscarada|U-turn|p1a: Meloetta
|-resisted|p1a: Meloetta
|-damage|p1a: Meloetta|69/100 par
|
|t:|1758283147
|switch|p2a: Slowking|Slowking-Galar, M|73/100|[from] U-turn
|move|p1a: Meloetta|Shadow Ball|p2a: Slowking
|-supereffective|p2a: Slowking
|-damage|p2a: Slowking|43/100
|
|upkeep
|turn|14
|
|t:|1758283162
|move|p1a: Meloetta|Shadow Ball|p2a: Slowking
|-supereffective|p2a: Slowking
|-damage|p2a: Slowking|12/100
|-unboost|p2a: Slowking|spd|1
|-prepare|p2a: Slowking|Chilly Reception|[premajor]
|move|p2a: Slowking|Chilly Reception|p2a: Slowking
|-weather|Snowscape
|
|t:|1758283210
|switch|p2a: Landorus|Landorus-Therian, M|68/100|[from] Chilly Reception
|-damage|p2a: Landorus|55/100|[from] Stealth Rock
|-ability|p2a: Landorus|Intimidate|boost
|-unboost|p1a: Meloetta|atk|1
|
|-weather|Snowscape|[upkeep]
|upkeep
|turn|15
|
|t:|1758283220
|move|p2a: Landorus|Earthquake|p1a: Meloetta
|-damage|p1a: Meloetta|8/100 par
|move|p1a: Meloetta|Hyper Voice|p2a: Landorus
|-crit|p2a: Landorus
|-damage|p2a: Landorus|0 fnt
|faint|p2a: Landorus
|
|-weather|Snowscape|[upkeep]
|upkeep
|
|t:|1758283239
|switch|p2a: Meowscarada|Meowscarada, M|41/100
|turn|16
|
|t:|1758283242
|move|p2a: Meowscarada|U-turn|p1a: Meloetta
|-start|p2a: Meowscarada|typechange|Bug|[from] ability: Protean
|-resisted|p1a: Meloetta
|-damage|p1a: Meloetta|0 fnt
|faint|p1a: Meloetta
|
|t:|1758283246
|switch|p2a: Dragapult|Dragapult, M|100/100|[from] U-turn
|
|-weather|Snowscape|[upkeep]
|upkeep
|
|t:|1758283250
|switch|p1a: Comfey|Comfey, F|100/100
|-damage|p1a: Comfey|88/100|[from] Stealth Rock
|-damage|p1a: Comfey|76/100|[from] Spikes
|turn|17
|
|t:|1758283267
|switch|p2a: Slowking|Slowking-Galar, M|45/100
|move|p1a: Comfey|Draining Kiss|p2a: Slowking
|-resisted|p2a: Slowking
|-damage|p2a: Slowking|40/100
|-heal|p1a: Comfey|81/100|[from] drain|[of] p2a: Slowking
|
|-weather|Snowscape|[upkeep]
|-heal|p1a: Comfey|87/100|[from] item: Leftovers
|upkeep
|turn|18
|
|t:|1758283275
|move|p1a: Comfey|Calm Mind|p1a: Comfey
|-boost|p1a: Comfey|spa|1
|-boost|p1a: Comfey|spd|1
|-prepare|p2a: Slowking|Chilly Reception|[premajor]
|move|p2a: Slowking|Chilly Reception|p2a: Slowking
|
|t:|1758283301
|switch|p2a: Kingambit|Kingambit, M|100/100|[from] Chilly Reception
|-activate|p2a: Kingambit|ability: Supreme Overlord
|-start|p2a: Kingambit|fallen1|[silent]
|
|-weather|none
|-heal|p1a: Comfey|93/100|[from] item: Leftovers
|upkeep
|turn|19
|
|t:|1758283316
|switch|p1a: Ceruledge|Ceruledge, F|100/100
|move|p2a: Kingambit|Iron Head|p1a: Ceruledge
|-resisted|p1a: Ceruledge
|-damage|p1a: Ceruledge|67/100
|
|upkeep
|turn|20
|
|t:|1758283340
|move|p2a: Kingambit|Sucker Punch||[still]
|-fail|p2a: Kingambit
|move|p1a: Ceruledge|Bulk Up|p1a: Ceruledge
|-boost|p1a: Ceruledge|atk|1
|-boost|p1a: Ceruledge|def|1
|
|upkeep
|turn|21
|
|t:|1758283343
|move|p2a: Kingambit|Sucker Punch|p1a: Ceruledge
|-supereffective|p1a: Ceruledge
|-damage|p1a: Ceruledge|0 fnt
|faint|p1a: Ceruledge
|
|upkeep
|
|t:|1758283346
|switch|p1a: Samurott|Samurott-Hisui, F|88/100
|-damage|p1a: Samurott|76/100|[from] Stealth Rock
|-damage|p1a: Samurott|63/100|[from] Spikes
|turn|22
|
|t:|1758283374
|-end|p2a: Kingambit|fallen1|[silent]
|switch|p2a: Meowscarada|Meowscarada, M|41/100
|move|p1a: Samurott|Sacred Sword|p2a: Meowscarada
|-supereffective|p2a: Meowscarada
|-damage|p2a: Meowscarada|0 fnt
|faint|p2a: Meowscarada
|
|upkeep
|
|t:|1758283436
|switch|p2a: Darkrai|Darkrai|100/100
|turn|23
|
|t:|1758283441
|switch|p1a: Clodsire|Clodsire, M|100/100
|-damage|p1a: Clodsire|94/100|[from] Stealth Rock
|-damage|p1a: Clodsire|82/100|[from] Spikes
|-terastallize|p2a: Darkrai|Poison
|move|p2a: Darkrai|Sludge Bomb|p1a: Clodsire
|-resisted|p1a: Clodsire
|-damage|p1a: Clodsire|76/100
|
|-heal|p1a: Clodsire|82/100|[from] item: Black Sludge
|upkeep
|turn|24
|
|t:|1758283472
|switch|p2a: Dragapult|Dragapult, M|100/100
|move|p1a: Clodsire|Earthquake|p2a: Dragapult
|-damage|p2a: Dragapult|65/100
|
|-heal|p1a: Clodsire|88/100|[from] item: Black Sludge
|upkeep
|turn|25
|
|t:|1758283482
|move|p2a: Dragapult|Dragon Darts|p1a: Clodsire
|-damage|p1a: Clodsire|65/100
|-anim|p2a: Dragapult|Dragon Darts|p1a: Clodsire
|-damage|p1a: Clodsire|39/100
|move|p1a: Clodsire|Toxic|p2a: Dragapult
|-status|p2a: Dragapult|tox
|
|-heal|p1a: Clodsire|45/100|[from] item: Black Sludge
|-damage|p2a: Dragapult|59/100 tox|[from] psn
|upkeep
|turn|26
|
|t:|1758283496
|move|p2a: Dragapult|Will-O-Wisp|p1a: Clodsire
|-status|p1a: Clodsire|brn
|move|p1a: Clodsire|Recover|p1a: Clodsire
|-heal|p1a: Clodsire|95/100 brn
|
|-heal|p1a: Clodsire|100/100 brn|[from] item: Black Sludge
|-damage|p2a: Dragapult|47/100 tox|[from] psn
|-damage|p1a: Clodsire|94/100 brn|[from] brn
|upkeep
|turn|27
|
|t:|1758283502
|move|p2a: Dragapult|Dragon Darts|p1a: Clodsire
|-damage|p1a: Clodsire|72/100 brn
|-anim|p2a: Dragapult|Dragon Darts|p1a: Clodsire
|-damage|p1a: Clodsire|48/100 brn
|move|p1a: Clodsire|Earthquake|p2a: Dragapult
|-damage|p2a: Dragapult|27/100 tox
|
|-heal|p1a: Clodsire|54/100 brn|[from] item: Black Sludge
|-damage|p2a: Dragapult|9/100 tox|[from] psn
|-damage|p1a: Clodsire|48/100 brn|[from] brn
|upkeep
|turn|28
|
|t:|1758283508
|move|p2a: Dragapult|U-turn|p1a: Clodsire
|-resisted|p1a: Clodsire
|-damage|p1a: Clodsire|36/100 brn
|
|t:|1758283516
|switch|p2a: Slowking|Slowking-Galar, M|73/100|[from] U-turn
|move|p1a: Clodsire|Recover|p1a: Clodsire
|-heal|p1a: Clodsire|86/100 brn
|
|-heal|p1a: Clodsire|93/100 brn|[from] item: Black Sludge
|-damage|p1a: Clodsire|86/100 brn|[from] brn
|upkeep
|turn|29
|
|t:|1758283523
|move|p2a: Slowking|Psychic Noise|p1a: Clodsire
|-supereffective|p1a: Clodsire
|-damage|p1a: Clodsire|58/100 brn
|-start|p1a: Clodsire|move: Heal Block
|move|p1a: Clodsire|Earthquake|p2a: Slowking
|-supereffective|p2a: Slowking
|-damage|p2a: Slowking|46/100
|
|-damage|p1a: Clodsire|51/100 brn|[from] brn
|upkeep
|turn|30
|
|t:|1758283527
|-prepare|p2a: Slowking|Chilly Reception|[premajor]
|move|p2a: Slowking|Chilly Reception|p2a: Slowking
|-weather|Snowscape
|
|t:|1758283547
|switch|p2a: Dragapult|Dragapult, M|9/100 tox|[from] Chilly Reception
|move|p1a: Clodsire|Earthquake|p2a: Dragapult
|-damage|p2a: Dragapult|0 fnt
|faint|p2a: Dragapult
|
|-weather|Snowscape|[upkeep]
|-damage|p1a: Clodsire|45/100 brn|[from] brn
|-end|p1a: Clodsire|move: Heal Block
|upkeep
|
|t:|1758283563
|switch|p2a: Kingambit|Kingambit, M|100/100
|-activate|p2a: Kingambit|ability: Supreme Overlord
|-start|p2a: Kingambit|fallen3|[silent]
|turn|31
|
|t:|1758283576
|switch|p1a: Hydrapple|Hydrapple, M|97/100
|move|p2a: Kingambit|Iron Head|p1a: Hydrapple
|-damage|p1a: Hydrapple|61/100
|
|-weather|Snowscape|[upkeep]
|upkeep
|turn|32
|
|t:|1758283594
|move|p2a: Kingambit|Swords Dance|p2a: Kingambit
|-boost|p2a: Kingambit|atk|2
|move|p1a: Hydrapple|Earth Power|p2a: Kingambit
|-supereffective|p2a: Kingambit
|-damage|p2a: Kingambit|41/100
|
|-weather|Snowscape|[upkeep]
|upkeep
|turn|33
|
|t:|1758283605
|switch|p1a: Clodsire|Clodsire, M|45/100 brn
|-damage|p1a: Clodsire|39/100 brn|[from] Stealth Rock
|-damage|p1a: Clodsire|26/100 brn|[from] Spikes
|move|p2a: Kingambit|Iron Head|p1a: Clodsire
|-damage|p1a: Clodsire|0 fnt
|faint|p1a: Clodsire
|
|-weather|Snowscape|[upkeep]
|upkeep
|
|t:|1758283616
|switch|p1a: Hydrapple|Hydrapple, M|94/100
|turn|34
|
|t:|1758283629
|move|p2a: Kingambit|Kowtow Cleave|p1a: Hydrapple
|-damage|p1a: Hydrapple|20/100
|move|p1a: Hydrapple|Earth Power|p2a: Kingambit
|-supereffective|p2a: Kingambit
|-damage|p2a: Kingambit|0 fnt
|faint|p2a: Kingambit
|-end|p2a: Kingambit|fallen3|[silent]
|
|-weather|none
|upkeep
|
|t:|1758283633
|switch|p2a: Darkrai|Darkrai, tera:Poison|100/100
|turn|35
|
|t:|1758283641
|move|p2a: Darkrai|Sludge Bomb|p1a: Hydrapple
|-supereffective|p1a: Hydrapple
|-damage|p1a: Hydrapple|0 fnt
|faint|p1a: Hydrapple
|
|upkeep
|
|t:|1758283661
|switch|p1a: Comfey|Comfey, F|93/100
|-damage|p1a: Comfey|81/100|[from] Stealth Rock
|-damage|p1a: Comfey|68/100|[from] Spikes
|turn|36
|
|t:|1758283669
|move|p2a: Darkrai|Sludge Bomb|p1a: Comfey
|-supereffective|p1a: Comfey
|-damage|p1a: Comfey|0 fnt
|faint|p1a: Comfey
|
|upkeep
|
|t:|1758283672
|switch|p1a: Samurott|Samurott-Hisui, F|63/100
|-damage|p1a: Samurott|51/100|[from] Stealth Rock
|-damage|p1a: Samurott|38/100|[from] Spikes
|turn|37
|
|t:|1758283678
|move|p2a: Darkrai|Sludge Bomb|p1a: Samurott
|-damage|p1a: Samurott|0 fnt
|faint|p1a: Samurott
|
|win|underm1nd
|raw|ICElIED's rating: 1377 &rarr; <strong>1359</strong><br />(-18 for losing)
|raw|underm1nd's rating: 1419 &rarr; <strong>1437</strong><br />(+18 for winning)
|l|☆ICElIED
|player|p1|
|c|☆underm1nd|gg
|l|☆underm1nd
|player|p2|
