|j|☆Lance a champion
|j|☆MyXoo
|t:|1758309371
|gametype|singles
|player|p1|Lance a champion|265|1117
|player|p2|MyXoo|bea|1181
|gen|9
|tier|[Gen 9] OU
|rated|
|rule|HP Percentage Mod: HP is shown in percentages
|rule|Endless Battle Clause: Forcing endless battles is banned
|rule|Species Clause: Limit one of each Pokémon
|rule|OHKO Clause: OHKO moves are banned
|rule|Evasion Items Clause: Evasion items are banned
|rule|Evasion Moves Clause: Evasion moves are banned
|rule|Evasion Abilities Clause: Evasion abilities are banned
|rule|Sleep Moves Clause: Sleep-inducing moves are banned
|clearpoke
|poke|p1|Typhlosion, M|
|poke|p1|Tauros-Paldea-Blaze, M|
|poke|p1|Incineroar, M|
|poke|p1|Coalossal, M|
|poke|p1|Rotom-Heat|
|poke|p1|Volcanion|
|poke|p2|Samurott-Hisui, M|
|poke|p2|Scizor, F|
|poke|p2|Dragapult, F|
|poke|p2|Kingambit, M|
|poke|p2|Landorus-Therian, M|
|poke|p2|Primarina, M|
|teampreview
|inactive|Battle timer is ON: inactive players will automatically lose when time's up. (requested by Lance a champion)
|
|t:|1758309398
|teamsize|p1|6
|teamsize|p2|6
|start
|switch|p1a: Rotom|Rotom-Heat|100/100
|switch|p2a: Samurott|Samurott-Hisui, M|100/100
|turn|1
|
|t:|1758309421
|move|p2a: Samurott|Razor Shell|p1a: Rotom
|-supereffective|p1a: Rotom
|-damage|p1a: Rotom|0 fnt
|faint|p1a: Rotom
|
|upkeep
|
|t:|1758309432
|switch|p1a: Incineroar|Incineroar, M|100/100
|-ability|p1a: Incineroar|Intimidate|boost
|-unboost|p2a: Samurott|atk|1
|turn|2
|
|t:|1758309444
|move|p1a: Incineroar|Fake Out|p2a: Samurott
|-damage|p2a: Samurott|83/100
|cant|p2a: Samurott|flinch
|
|upkeep
|turn|3
|
|t:|1758309454
|switch|p1a: Volcanion|Volcanion|100/100
|move|p2a: Samurott|Knock Off|p1a: Volcanion
|-damage|p1a: Volcanion|70/100
|-enditem|p1a: Volcanion|Assault Vest|[from] move: Knock Off|[of] p2a: Samurott
|
|upkeep
|turn|4
|
|t:|1758309467
|switch|p1a: Incineroar|Incineroar, M|100/100
|-ability|p1a: Incineroar|Intimidate|boost
|-unboost|p2a: Samurott|atk|1
|move|p2a: Samurott|Ceaseless Edge|p1a: Incineroar
|-resisted|p1a: Incineroar
|-damage|p1a: Incineroar|93/100
|-sidestart|p1: Lance a champion|Spikes
|
|-heal|p1a: Incineroar|99/100|[from] item: Leftovers
|upkeep
|turn|5
|
|t:|1758309480
|move|p1a: Incineroar|Fake Out|p2a: Samurott
|-damage|p2a: Samurott|65/100
|cant|p2a: Samurott|flinch
|
|-heal|p1a: Incineroar|100/100|[from] item: Leftovers
|upkeep
|turn|6
|
|t:|1758309488
|move|p2a: Samurott|Knock Off|p1a: Incineroar
|-resisted|p1a: Incineroar
|-damage|p1a: Incineroar|93/100
|-enditem|p1a: Incineroar|Leftovers|[from] move: Knock Off|[of] p2a: Samurott
|move|p1a: Incineroar|Knock Off|p2a: Samurott
|-resisted|p2a: Samurott
|-damage|p2a: Samurott|32/100
|-enditem|p2a: Samurott|Focus Sash|[from] move: Knock Off|[of] p1a: Incineroar
|
|upkeep
|turn|7
|
|t:|1758309497
|move|p2a: Samurott|Ceaseless Edge|p1a: Incineroar|[miss]
|-miss|p2a: Samurott|p1a: Incineroar
|move|p1a: Incineroar|Drain Punch|p2a: Samurott
|-supereffective|p2a: Samurott
|-damage|p2a: Samurott|0 fnt
|-heal|p1a: Incineroar|100/100|[from] drain|[of] p2a: Samurott
|faint|p2a: Samurott
|
|upkeep
|
|t:|1758309517
|switch|p2a: Scizor|Scizor, F|100/100
|turn|8
|
|t:|1758309525
|move|p2a: Scizor|Close Combat|p1a: Incineroar
|-supereffective|p1a: Incineroar
|-damage|p1a: Incineroar|16/100
|-unboost|p2a: Scizor|def|1
|-unboost|p2a: Scizor|spd|1
|-damage|p2a: Scizor|91/100|[from] item: Life Orb
|move|p1a: Incineroar|Knock Off|p2a: Scizor
|-damage|p2a: Scizor|17/100
|-enditem|p2a: Scizor|Life Orb|[from] move: Knock Off|[of] p1a: Incineroar
|
|upkeep
|turn|9
|
|t:|1758309544
|switch|p1a: Tauros|Tauros-Paldea-Blaze, M|100/100
|-damage|p1a: Tauros|88/100|[from] Spikes
|move|p2a: Scizor|Bullet Punch|p1a: Tauros
|-resisted|p1a: Tauros
|-damage|p1a: Tauros|73/100
|
|upkeep
|turn|10
|
|t:|1758309557
|move|p2a: Scizor|Bullet Punch|p1a: Tauros
|-resisted|p1a: Tauros
|-damage|p1a: Tauros|57/100
|move|p1a: Tauros|Bulk Up|p1a: Tauros
|-boost|p1a: Tauros|atk|1
|-boost|p1a: Tauros|def|1
|
|upkeep
|turn|11
|
|t:|1758309572
|move|p1a: Tauros|Close Combat|p2a: Scizor
|-damage|p2a: Scizor|0 fnt
|-unboost|p1a: Tauros|def|1
|-unboost|p1a: Tauros|spd|1
|faint|p2a: Scizor
|
|upkeep
|
|t:|1758309588
|switch|p2a: Dragapult|Dragapult, F|100/100
|turn|12
|
|t:|1758309618
|move|p2a: Dragapult|Draco Meteor|p1a: Tauros
|-damage|p1a: Tauros|0 fnt
|-unboost|p2a: Dragapult|spa|2
|faint|p1a: Tauros
|
|upkeep
|inactive|Lance a champion has 120 seconds left.
|
|t:|1758309635
|switch|p1a: Coalossal|Coalossal, M|100/100
|-damage|p1a: Coalossal|88/100|[from] Spikes
|turn|13
|inactive|Lance a champion has 120 seconds left.
|
|t:|1758309643
|switch|p2a: Primarina|Primarina, M|100/100
|move|p1a: Coalossal|Stealth Rock|p2a: Primarina
|-sidestart|p2: MyXoo|move: Stealth Rock
|
|-heal|p1a: Coalossal|94/100|[from] item: Leftovers
|upkeep
|turn|14
|
|t:|1758309651
|move|p2a: Primarina|Calm Mind|p2a: Primarina
|-boost|p2a: Primarina|spa|1
|-boost|p2a: Primarina|spd|1
|move|p1a: Coalossal|Tar Shot|p2a: Primarina
|-unboost|p2a: Primarina|spe|1
|-start|p2a: Primarina|Tar Shot
|
|-heal|p1a: Coalossal|99/100|[from] item: Leftovers
|upkeep
|turn|15
|inactive|Lance a champion has 120 seconds left.
|
|t:|1758309673
|switch|p1a: Volcanion|Volcanion|70/100
|-damage|p1a: Volcanion|58/100|[from] Spikes
|move|p2a: Primarina|Psychic Noise|p1a: Volcanion
|-heal|p1a: Volcanion|83/100|[from] ability: Water Absorb|[of] p2a: Primarina
|
|upkeep
|turn|16
|inactive|Lance a champion has 120 seconds left.
|
|t:|1758309694
|switch|p2a: Dragapult|Dragapult, F|100/100
|-damage|p2a: Dragapult|88/100|[from] Stealth Rock
|move|p1a: Volcanion|Flamethrower|p2a: Dragapult
|-resisted|p2a: Dragapult
|-damage|p2a: Dragapult|55/100
|
|upkeep
|turn|17
|inactive|Lance a champion has 120 seconds left.
|
|t:|1758309708
|switch|p1a: Coalossal|Coalossal, M|99/100
|-damage|p1a: Coalossal|88/100|[from] Spikes
|move|p2a: Dragapult|Draco Meteor|p1a: Coalossal
|-damage|p1a: Coalossal|20/100
|-unboost|p2a: Dragapult|spa|2
|
|-heal|p1a: Coalossal|26/100|[from] item: Leftovers
|upkeep
|turn|18
|inactive|Lance a champion has 120 seconds left.
|
|t:|1758309724
|move|p2a: Dragapult|Draco Meteor|p1a: Coalossal
|-damage|p1a: Coalossal|0 fnt
|-unboost|p2a: Dragapult|spa|2
|faint|p1a: Coalossal
|
|upkeep
|inactive|Lance a champion has 90 seconds left.
|
|t:|1758309776
|switch|p1a: Typhlosion|Typhlosion, M|100/100
|-damage|p1a: Typhlosion|88/100|[from] Spikes
|turn|19
|
|t:|1758309787
|switch|p2a: Landorus|Landorus-Therian, M|100/100
|-damage|p2a: Landorus|88/100|[from] Stealth Rock
|-ability|p2a: Landorus|Intimidate|boost
|-unboost|p1a: Typhlosion|atk|1
|-terastallize|p1a: Typhlosion|Grass
|move|p1a: Typhlosion|Tera Blast|p2a: Landorus|[anim] Tera Blast Grass
|-damage|p2a: Landorus|36/100
|
|upkeep
|turn|20
|inactive|MyXoo has 120 seconds left.
|
|t:|1758309830
|switch|p2a: Primarina|Primarina, M|100/100
|-damage|p2a: Primarina|88/100|[from] Stealth Rock
|move|p1a: Typhlosion|Tera Blast|p2a: Primarina|[anim] Tera Blast Grass
|-supereffective|p2a: Primarina
|-damage|p2a: Primarina|24/100
|
|-heal|p2a: Primarina|30/100|[from] item: Leftovers
|upkeep
|turn|21
|
|t:|1758309853
|switch|p2a: Kingambit|Kingambit, M|100/100
|-damage|p2a: Kingambit|94/100|[from] Stealth Rock
|-activate|p2a: Kingambit|ability: Supreme Overlord
|-start|p2a: Kingambit|fallen2|[silent]
|move|p1a: Typhlosion|Tera Blast|p2a: Kingambit|[anim] Tera Blast Grass
|-resisted|p2a: Kingambit
|-damage|p2a: Kingambit|73/100
|
|-heal|p2a: Kingambit|79/100|[from] item: Leftovers
|upkeep
|turn|22
|inactive|MyXoo has 90 seconds left.
|
|t:|1758309877
|switch|p1a: Incineroar|Incineroar, M|16/100
|-damage|p1a: Incineroar|4/100|[from] Spikes
|-ability|p1a: Incineroar|Intimidate|boost
|-unboost|p2a: Kingambit|atk|1
|-terastallize|p2a: Kingambit|Fairy
|move|p2a: Kingambit|Kowtow Cleave|p1a: Incineroar
|-resisted|p1a: Incineroar
|-damage|p1a: Incineroar|0 fnt
|faint|p1a: Incineroar
|
|-heal|p2a: Kingambit|85/100|[from] item: Leftovers
|upkeep
|
|t:|1758309891
|switch|p1a: Volcanion|Volcanion|83/100
|-damage|p1a: Volcanion|71/100|[from] Spikes
|turn|23
|
|t:|1758309903
|move|p1a: Volcanion|Sludge Bomb|p2a: Kingambit
|-supereffective|p2a: Kingambit
|-damage|p2a: Kingambit|22/100
|-status|p2a: Kingambit|psn
|move|p2a: Kingambit|Kowtow Cleave|p1a: Volcanion
|-damage|p1a: Volcanion|31/100
|
|-heal|p2a: Kingambit|28/100 psn|[from] item: Leftovers
|-damage|p2a: Kingambit|15/100 psn|[from] psn
|upkeep
|turn|24
|
|t:|1758309924
|switch|p1a: Typhlosion|Typhlosion, M, tera:Grass|88/100
|-damage|p1a: Typhlosion|76/100|[from] Spikes
|move|p2a: Kingambit|Sucker Punch||[still]
|-fail|p2a: Kingambit
|
|-heal|p2a: Kingambit|22/100 psn|[from] item: Leftovers
|-damage|p2a: Kingambit|9/100 psn|[from] psn
|upkeep
|turn|25
|
|t:|1758309934
|switch|p1a: Volcanion|Volcanion|31/100
|-damage|p1a: Volcanion|18/100|[from] Spikes
|move|p2a: Kingambit|Sucker Punch||[still]
|-fail|p2a: Kingambit
|
|-heal|p2a: Kingambit|15/100 psn|[from] item: Leftovers
|-damage|p2a: Kingambit|3/100 psn|[from] psn
|upkeep
|turn|26
|
|t:|1758309946
|move|p1a: Volcanion|Sludge Bomb|p2a: Kingambit
|-supereffective|p2a: Kingambit
|-damage|p2a: Kingambit|0 fnt
|faint|p2a: Kingambit
|-end|p2a: Kingambit|fallen2|[silent]
|
|upkeep
|inactive|MyXoo has 90 seconds left.
|
|t:|1758309962
|switch|p2a: Dragapult|Dragapult, F|55/100
|-damage|p2a: Dragapult|43/100|[from] Stealth Rock
|turn|27
|
|t:|1758309976
|move|p2a: Dragapult|Shadow Ball|p1a: Volcanion
|-damage|p1a: Volcanion|0 fnt
|faint|p1a: Volcanion
|
|upkeep
|
|t:|1758309982
|switch|p1a: Typhlosion|Typhlosion, M, tera:Grass|76/100
|-damage|p1a: Typhlosion|63/100|[from] Spikes
|turn|28
|inactive|Lance a champion has 60 seconds left.
|
|t:|1758310012
|move|p1a: Typhlosion|Shadow Ball|p2a: Dragapult
|-supereffective|p2a: Dragapult
|-damage|p2a: Dragapult|0 fnt
|faint|p2a: Dragapult
|
|upkeep
|
|t:|1758310029
|switch|p2a: Primarina|Primarina, M|30/100
|-damage|p2a: Primarina|18/100|[from] Stealth Rock
|turn|29
|
|t:|1758310034
|move|p1a: Typhlosion|Shadow Ball|p2a: Primarina
|-damage|p2a: Primarina|0 fnt
|faint|p2a: Primarina
|
|upkeep
|
|t:|1758310039
|switch|p2a: Landorus|Landorus-Therian, M|36/100
|-damage|p2a: Landorus|23/100|[from] Stealth Rock
|-ability|p2a: Landorus|Intimidate|boost
|-unboost|p1a: Typhlosion|atk|1
|turn|30
|
|t:|1758310044
|move|p2a: Landorus|U-turn|p1a: Typhlosion
|-supereffective|p1a: Typhlosion
|-damage|p1a: Typhlosion|0 fnt
|faint|p1a: Typhlosion
|
|win|MyXoo
|raw|Lance a champion's rating: 1117 &rarr; <strong>1097</strong><br />(-20 for losing)
|raw|MyXoo's rating: 1181 &rarr; <strong>1201</strong><br />(+20 for winning)
