|j|☆qiuxuya
|j|☆Nicerioknight
|t:|1758318728
|gametype|singles
|player|p1|qiuxuya|n|1242
|player|p2|Nicerioknight|bellelba|1237
|gen|9
|tier|[Gen 9] OU
|rated|
|rule|HP Percentage Mod: HP is shown in percentages
|rule|Endless Battle Clause: Forcing endless battles is banned
|rule|Species Clause: Limit one of each Pokémon
|rule|OHKO Clause: OHKO moves are banned
|rule|Evasion Items Clause: Evasion items are banned
|rule|Evasion Moves Clause: Evasion moves are banned
|rule|Evasion Abilities Clause: Evasion abilities are banned
|rule|Sleep Moves Clause: Sleep-inducing moves are banned
|clearpoke
|poke|p1|Torkoal, F|
|poke|p1|Scovillain, M|
|poke|p1|Hatterene, F|
|poke|p1|Charizard, M|
|poke|p1|Brute Bonnet|
|poke|p1|Whimsicott, F|
|poke|p2|Corviknight, M|
|poke|p2|Alomomola, F|
|poke|p2|Blissey, F|
|poke|p2|Deoxys-Speed|
|poke|p2|Scizor, F|
|poke|p2|Garganacl, M|
|teampreview
|
|t:|1758318736
|teamsize|p1|6
|teamsize|p2|6
|start
|switch|p1a: Torkoal|Torkoal, F|100/100
|switch|p2a: Blissey|Blissey, F|100/100
|-weather|SunnyDay|[from] ability: Drought|[of] p1a: Torkoal
|turn|1
|
|t:|1758318744
|move|p2a: Blissey|Thunder Wave|p1a: Torkoal
|-status|p1a: Torkoal|par
|move|p1a: Torkoal|Body Press|p2a: Blissey
|-supereffective|p2a: Blissey
|-damage|p2a: Blissey|41/100
|
|-weather|SunnyDay|[upkeep]
|-heal|p2a: Blissey|47/100|[from] item: Leftovers
|upkeep
|turn|2
|c|☆Nicerioknight|!data torkoal
|raw|<div class="message"><ul class="utilichart"><li class="result"><span class="col numcol">ZU</span> <span class="col iconcol"><psicon pokemon="torkoal"/></span> <span class="col pokemonnamecol" style="white-space:nowrap"><a href="https://dex.pokemonshowdown.com/pokemon/torkoal" target="_blank">Torkoal</a></span> <span class="col typecol"><img src="https://play.pokemonshowdown.com/sprites/types/Fire.png" alt="Fire" height="14" width="32"></span> <span style="float:left;min-height:26px"><span class="col twoabilitycol">White Smoke<br />Drought</span><span class="col abilitycol"><em>Shell Armor</em></span></span><span style="float:left;min-height:26px"><span class="col statcol"><em>HP</em><br />70</span> <span class="col statcol"><em>Atk</em><br />85</span> <span class="col statcol"><em>Def</em><br />140</span> <span class="col statcol"><em>SpA</em><br />85</span> <span class="col statcol"><em>SpD</em><br />70</span> <span class="col statcol"><em>Spe</em><br />20</span> <span class="col bstcol"><em>BST<br />470</em></span> </span></li><li style="clear:both"></li></ul></div>

|c|☆Nicerioknight|Excuse me?!
|c|☆Nicerioknight|B-press
|
|t:|1758318757
|switch|p1a: Hatterene|Hatterene, F|100/100
|move|p2a: Blissey|Soft-Boiled|p2a: Blissey
|-heal|p2a: Blissey|97/100
|
|-weather|SunnyDay|[upkeep]
|-heal|p2a: Blissey|100/100|[from] item: Leftovers
|upkeep
|turn|3
|c|☆Nicerioknight|Hatt
|
|t:|1758318769
|move|p2a: Blissey|Shadow Ball|p1a: Hatterene
|-supereffective|p1a: Hatterene
|-damage|p1a: Hatterene|71/100
|-enditem|p1a: Hatterene|Eject Button
|c|☆Nicerioknight|More like
|c|☆Nicerioknight|Oh dang
|
|t:|1758318774
|switch|p1a: Brute Bonnet|Brute Bonnet|100/100
|-activate|p1a: Brute Bonnet|ability: Protosynthesis
|-start|p1a: Brute Bonnet|protosynthesisatk
|
|-weather|SunnyDay|[upkeep]
|upkeep
|turn|4
|
|t:|1758318798
|switch|p2a: Corviknight|Corviknight, M, shiny|100/100
|-ability|p2a: Corviknight|Pressure
|move|p1a: Brute Bonnet|Close Combat|p2a: Corviknight
|-damage|p2a: Corviknight|37/100
|-unboost|p1a: Brute Bonnet|def|1
|-unboost|p1a: Brute Bonnet|spd|1
|-damage|p1a: Brute Bonnet|91/100|[from] item: Life Orb
|
|-weather|SunnyDay|[upkeep]
|-heal|p2a: Corviknight|44/100|[from] item: Leftovers
|upkeep
|turn|5
|
|t:|1758318812
|move|p1a: Brute Bonnet|Close Combat|p2a: Corviknight
|-damage|p2a: Corviknight|0 fnt
|-unboost|p1a: Brute Bonnet|def|1
|-unboost|p1a: Brute Bonnet|spd|1
|faint|p2a: Corviknight
|-damage|p1a: Brute Bonnet|81/100|[from] item: Life Orb
|
|-weather|SunnyDay|[upkeep]
|upkeep
|
|t:|1758318814
|switch|p2a: Scizor|Scizor, F|100/100
|turn|6
|
|t:|1758318835
|-end|p1a: Brute Bonnet|Protosynthesis|[silent]
|switch|p1a: Hatterene|Hatterene, F|71/100
|move|p2a: Scizor|Bullet Punch|p1a: Hatterene
|-supereffective|p1a: Hatterene
|-damage|p1a: Hatterene|12/100
|
|-weather|SunnyDay|[upkeep]
|upkeep
|turn|7
|
|t:|1758318847
|move|p2a: Scizor|Bullet Punch|p1a: Hatterene
|-supereffective|p1a: Hatterene
|-damage|p1a: Hatterene|0 fnt
|faint|p1a: Hatterene
|
|-weather|SunnyDay|[upkeep]
|upkeep
|
|t:|1758318857
|switch|p1a: Charizard|Charizard, M|100/100
|turn|8
|
|t:|1758318862
|switch|p2a: Blissey|Blissey, F|100/100
|move|p1a: Charizard|Overheat|p2a: Blissey
|-damage|p2a: Blissey|30/100
|-unboost|p1a: Charizard|spa|2
|
|-weather|none
|-heal|p2a: Blissey|36/100|[from] item: Leftovers
|upkeep
|turn|9
|
|t:|1758318872
|switch|p1a: Torkoal|Torkoal, F|100/100 par
|-weather|SunnyDay|[from] ability: Drought|[of] p1a: Torkoal
|move|p2a: Blissey|Soft-Boiled|p2a: Blissey
|-heal|p2a: Blissey|86/100
|
|-weather|SunnyDay|[upkeep]
|-heal|p2a: Blissey|92/100|[from] item: Leftovers
|upkeep
|turn|10
|
|t:|1758318884
|move|p2a: Blissey|Seismic Toss|p1a: Torkoal
|-damage|p1a: Torkoal|71/100 par
|move|p1a: Torkoal|Stealth Rock|p2a: Blissey
|-sidestart|p2: Nicerioknight|move: Stealth Rock
|
|-weather|SunnyDay|[upkeep]
|-heal|p2a: Blissey|98/100|[from] item: Leftovers
|upkeep
|turn|11
|inactive|Battle timer is ON: inactive players will automatically lose when time's up. (requested by Nicerioknight)
|
|t:|1758318908
|move|p2a: Blissey|Shadow Ball|p1a: Torkoal
|-damage|p1a: Torkoal|53/100 par
|move|p1a: Torkoal|Body Press|p2a: Blissey
|-supereffective|p2a: Blissey
|-damage|p2a: Blissey|47/100
|
|-weather|SunnyDay|[upkeep]
|-heal|p2a: Blissey|53/100|[from] item: Leftovers
|upkeep
|turn|12
|
|t:|1758318918
|switch|p2a: Alomomola|Alomomola, F, shiny|100/100
|switch|p1a: Brute Bonnet|Brute Bonnet|81/100
|-activate|p1a: Brute Bonnet|ability: Protosynthesis
|-start|p1a: Brute Bonnet|protosynthesisatk
|
|-weather|SunnyDay|[upkeep]
|upkeep
|turn|13
|
|t:|1758318928
|move|p2a: Alomomola|Protect|p2a: Alomomola
|-singleturn|p2a: Alomomola|Protect
|move|p1a: Brute Bonnet|Growth|p1a: Brute Bonnet
|-boost|p1a: Brute Bonnet|atk|2
|-boost|p1a: Brute Bonnet|spa|2
|
|-weather|SunnyDay|[upkeep]
|upkeep
|turn|14
|
|t:|1758318936
|-terastallize|p2a: Alomomola|Dragon
|move|p1a: Brute Bonnet|Bullet Seed|p2a: Alomomola
|-resisted|p2a: Alomomola
|-damage|p2a: Alomomola|88/100
|-resisted|p2a: Alomomola
|-damage|p2a: Alomomola|75/100
|-resisted|p2a: Alomomola
|-damage|p2a: Alomomola|62/100
|-hitcount|p2a: Alomomola|3
|-damage|p1a: Brute Bonnet|71/100|[from] item: Life Orb
|move|p2a: Alomomola|Flip Turn|p1a: Brute Bonnet
|-resisted|p1a: Brute Bonnet
|-damage|p1a: Brute Bonnet|67/100
|
|t:|1758318958
|switch|p2a: Deoxys|Deoxys-Speed|100/100|[from] Flip Turn
|-damage|p2a: Deoxys|88/100|[from] Stealth Rock
|-ability|p2a: Deoxys|Pressure
|
|-weather|SunnyDay|[upkeep]
|upkeep
|turn|15
|
|t:|1758318968
|move|p1a: Brute Bonnet|Sucker Punch||[still]
|-fail|p1a: Brute Bonnet
|move|p2a: Deoxys|Reflect|p2a: Deoxys
|-sidestart|p2: Nicerioknight|Reflect
|
|-weather|SunnyDay|[upkeep]
|upkeep
|turn|16
|
|t:|1758318975
|move|p2a: Deoxys|Stealth Rock|p1a: Brute Bonnet
|-sidestart|p1: qiuxuya|move: Stealth Rock
|move|p1a: Brute Bonnet|Growth|p1a: Brute Bonnet
|-boost|p1a: Brute Bonnet|atk|2
|-boost|p1a: Brute Bonnet|spa|2
|
|-weather|none
|-end|p1a: Brute Bonnet|Protosynthesis
|upkeep
|turn|17
|
|t:|1758318983
|move|p1a: Brute Bonnet|Sucker Punch||[still]
|-fail|p1a: Brute Bonnet
|move|p2a: Deoxys|Taunt|p1a: Brute Bonnet
|-start|p1a: Brute Bonnet|move: Taunt
|
|upkeep
|turn|18
|
|t:|1758319004
|switch|p2a: Alomomola|Alomomola, F, shiny, tera:Dragon|95/100
|move|p1a: Brute Bonnet|Close Combat|p2a: Alomomola
|-damage|p2a: Alomomola|48/100
|-unboost|p1a: Brute Bonnet|def|1
|-unboost|p1a: Brute Bonnet|spd|1
|-damage|p1a: Brute Bonnet|57/100|[from] item: Life Orb
|
|upkeep
|turn|19
|
|t:|1758319019
|-end|p1a: Brute Bonnet|Protosynthesis|[silent]
|switch|p1a: Torkoal|Torkoal, F|53/100 par
|-damage|p1a: Torkoal|28/100 par|[from] Stealth Rock
|-weather|SunnyDay|[from] ability: Drought|[of] p1a: Torkoal
|move|p2a: Alomomola|Flip Turn|p1a: Torkoal
|-supereffective|p1a: Torkoal
|-damage|p1a: Torkoal|20/100 par
|
|t:|1758319029
|switch|p2a: Blissey|Blissey, F|53/100|[from] Flip Turn
|-damage|p2a: Blissey|41/100|[from] Stealth Rock
|
|-weather|SunnyDay|[upkeep]
|-heal|p2a: Blissey|47/100|[from] item: Leftovers
|-sideend|p2: Nicerioknight|Reflect
|upkeep
|turn|20
|
|t:|1758319039
|switch|p1a: Brute Bonnet|Brute Bonnet|57/100
|-damage|p1a: Brute Bonnet|44/100|[from] Stealth Rock
|-activate|p1a: Brute Bonnet|ability: Protosynthesis
|-start|p1a: Brute Bonnet|protosynthesisatk
|move|p2a: Blissey|Seismic Toss|p1a: Brute Bonnet
|-damage|p1a: Brute Bonnet|17/100
|
|-weather|SunnyDay|[upkeep]
|-heal|p2a: Blissey|53/100|[from] item: Leftovers
|upkeep
|turn|21
|
|t:|1758319051
|switch|p2a: Alomomola|Alomomola, F, shiny, tera:Dragon|81/100
|move|p1a: Brute Bonnet|Close Combat|p2a: Alomomola
|-damage|p2a: Alomomola|39/100
|-unboost|p1a: Brute Bonnet|def|1
|-unboost|p1a: Brute Bonnet|spd|1
|-damage|p1a: Brute Bonnet|7/100|[from] item: Life Orb
|
|-weather|SunnyDay|[upkeep]
|upkeep
|turn|22
|
|t:|1758319080
|switch|p2a: Deoxys|Deoxys-Speed|88/100
|-damage|p2a: Deoxys|76/100|[from] Stealth Rock
|-ability|p2a: Deoxys|Pressure
|move|p1a: Brute Bonnet|Sucker Punch||[still]
|-fail|p1a: Brute Bonnet
|
|-weather|SunnyDay|[upkeep]
|upkeep
|turn|23
|inactive|qiuxuya has 120 seconds left.
|
|t:|1758319098
|move|p2a: Deoxys|Taunt|p1a: Brute Bonnet
|-start|p1a: Brute Bonnet|move: Taunt
|move|p1a: Brute Bonnet|Close Combat|p2a: Deoxys
|-resisted|p2a: Deoxys
|-damage|p2a: Deoxys|31/100
|-unboost|p1a: Brute Bonnet|def|1
|-unboost|p1a: Brute Bonnet|spd|1
|-damage|p1a: Brute Bonnet|0 fnt|[from] item: Life Orb
|faint|p1a: Brute Bonnet
|-end|p1a: Brute Bonnet|Protosynthesis|[silent]
|
|-weather|SunnyDay|[upkeep]
|upkeep
|inactive|qiuxuya has 120 seconds left.
|
|t:|1758319110
|switch|p1a: Whimsicott|Whimsicott, F|100/100
|-damage|p1a: Whimsicott|88/100|[from] Stealth Rock
|turn|24
|inactive|qiuxuya has 120 seconds left.
|
|t:|1758319117
|move|p1a: Whimsicott|Moonblast|p2a: Deoxys
|-damage|p2a: Deoxys|0 fnt
|faint|p2a: Deoxys
|
|-weather|SunnyDay|[upkeep]
|upkeep
|c|☆Nicerioknight|Clorophil insane
|
|t:|1758319133
|switch|p2a: Blissey|Blissey, F|53/100
|-damage|p2a: Blissey|41/100|[from] Stealth Rock
|turn|25
|
|t:|1758319145
|switch|p1a: Scovillain|Scovillain, M|100/100
|-damage|p1a: Scovillain|76/100|[from] Stealth Rock
|move|p2a: Blissey|Soft-Boiled|p2a: Blissey
|-heal|p2a: Blissey|91/100
|
|-weather|SunnyDay|[upkeep]
|-heal|p2a: Blissey|97/100|[from] item: Leftovers
|upkeep
|turn|26
|
|t:|1758319155
|move|p1a: Scovillain|Fire Blast|p2a: Blissey|[miss]
|-miss|p1a: Scovillain|p2a: Blissey
|move|p2a: Blissey|Thunder Wave|p1a: Scovillain
|-status|p1a: Scovillain|par
|
|-weather|none
|-heal|p2a: Blissey|100/100|[from] item: Leftovers
|upkeep
|turn|27
|c|☆Nicerioknight|!data scolivilan
|error|'scolivilan' doesn't match any Pokémon, item, move, ability or nature. (Check your spelling?)
|c|☆Nicerioknight|!data scovillain
|raw|<div class="message"><ul class="utilichart"><li class="result"><span class="col numcol">ZU</span> <span class="col iconcol"><psicon pokemon="scovillain"/></span> <span class="col pokemonnamecol" style="white-space:nowrap"><a href="https://dex.pokemonshowdown.com/pokemon/scovillain" target="_blank">Scovillain</a></span> <span class="col typecol"><img src="https://play.pokemonshowdown.com/sprites/types/Grass.png" alt="Grass" height="14" width="32"><img src="https://play.pokemonshowdown.com/sprites/types/Fire.png" alt="Fire" height="14" width="32"></span> <span style="float:left;min-height:26px"><span class="col twoabilitycol">Chlorophyll<br />Insomnia</span><span class="col abilitycol"><em>Moody</em></span></span><span style="float:left;min-height:26px"><span class="col statcol"><em>HP</em><br />65</span> <span class="col statcol"><em>Atk</em><br />108</span> <span class="col statcol"><em>Def</em><br />65</span> <span class="col statcol"><em>SpA</em><br />108</span> <span class="col statcol"><em>SpD</em><br />65</span> <span class="col statcol"><em>Spe</em><br />75</span> <span class="col bstcol"><em>BST<br />486</em></span> </span></li><li style="clear:both"></li></ul></div>

|inactive|Nicerioknight has 120 seconds left.
|
|t:|1758319186
|move|p2a: Blissey|Seismic Toss|p1a: Scovillain
|-damage|p1a: Scovillain|39/100 par
|cant|p1a: Scovillain|par
|
|upkeep
|turn|28
|
|t:|1758319192
|move|p2a: Blissey|Seismic Toss|p1a: Scovillain
|-damage|p1a: Scovillain|2/100 par
|move|p1a: Scovillain|Stomping Tantrum|p2a: Blissey
|-damage|p2a: Blissey|61/100
|-damage|p1a: Scovillain|0 fnt|[from] item: Life Orb
|faint|p1a: Scovillain
|
|-heal|p2a: Blissey|67/100|[from] item: Leftovers
|upkeep
|-message|qiuxuya forfeited.
|
|win|Nicerioknight
|raw|qiuxuya's rating: 1242 &rarr; <strong>1217</strong><br />(-25 for losing)
|raw|Nicerioknight's rating: 1237 &rarr; <strong>1262</strong><br />(+25 for winning)
|l|☆qiuxuya
|player|p1|
