|j|☆zerodz
|j|☆benjiibruh
|t:|1758326517
|gametype|singles
|player|p1|zerodz|rocker-gen3|1508
|player|p2|benjiibruh|102|1595
|gen|9
|tier|[Gen 9] OU
|rated|
|rule|HP Percentage Mod: HP is shown in percentages
|rule|Endless Battle Clause: Forcing endless battles is banned
|rule|Species Clause: Limit one of each Pokémon
|rule|OHKO Clause: OHKO moves are banned
|rule|Evasion Items Clause: Evasion items are banned
|rule|Evasion Moves Clause: Evasion moves are banned
|rule|Evasion Abilities Clause: Evasion abilities are banned
|rule|Sleep Moves Clause: Sleep-inducing moves are banned
|clearpoke
|poke|p1|Zapdos|
|poke|p1|Great Tusk|
|poke|p1|Dragapult, F|
|poke|p1|Slowking-Galar, F|
|poke|p1|Kingambit, M|
|poke|p1|Zamazenta-*|
|poke|p2|Gholdengo|
|poke|p2|Ceruledge, F|
|poke|p2|Enamorus, F|
|poke|p2|Ribombee, F|
|poke|p2|Quaquaval, F|
|poke|p2|Iron Treads|
|teampreview
|
|t:|1758326537
|teamsize|p1|6
|teamsize|p2|6
|start
|switch|p1a: Slowking|Slowking-Galar, F|100/100
|switch|p2a: Ribombee|Ribombee, F|100/100
|turn|1
|
|t:|1758326543
|move|p2a: Ribombee|Sticky Web|p1a: Slowking
|-sidestart|p1: zerodz|move: Sticky Web
|move|p1a: Slowking|Sludge Bomb|p2a: Ribombee
|-supereffective|p2a: Ribombee
|-enditem|p2a: Ribombee|Focus Sash
|-damage|p2a: Ribombee|1/100
|
|upkeep
|turn|2
|
|t:|1758326551
|move|p2a: Ribombee|Stun Spore|p1a: Slowking|[miss]
|-miss|p2a: Ribombee|p1a: Slowking
|move|p1a: Slowking|Sludge Bomb|p2a: Ribombee
|-supereffective|p2a: Ribombee
|-damage|p2a: Ribombee|0 fnt
|faint|p2a: Ribombee
|
|upkeep
|
|t:|1758326560
|switch|p2a: Iron Treads|Iron Treads, shiny|100/100
|-enditem|p2a: Iron Treads|Booster Energy
|-activate|p2a: Iron Treads|ability: Quark Drive|[fromitem]
|-start|p2a: Iron Treads|quarkdriveatk
|turn|3
|
|t:|1758326565
|switch|p1a: Great Tusk|Great Tusk|100/100
|move|p2a: Iron Treads|Earthquake|p1a: Great Tusk
|-damage|p1a: Great Tusk|59/100
|
|upkeep
|turn|4
|
|t:|1758326574
|-end|p2a: Iron Treads|Quark Drive|[silent]
|switch|p2a: Gholdengo|Gholdengo|100/100
|-item|p2a: Gholdengo|Air Balloon
|move|p1a: Great Tusk|Knock Off|p2a: Gholdengo
|-supereffective|p2a: Gholdengo
|-damage|p2a: Gholdengo|31/100
|-enditem|p2a: Gholdengo|Air Balloon
|
|upkeep
|turn|5
|
|t:|1758326583
|move|p1a: Great Tusk|Knock Off|p2a: Gholdengo
|-supereffective|p2a: Gholdengo
|-damage|p2a: Gholdengo|0 fnt
|faint|p2a: Gholdengo
|
|upkeep
|
|t:|1758326588
|switch|p2a: Quaquaval|Quaquaval, F|100/100
|turn|6
|
|t:|1758326595
|-end|p1a: Great Tusk|Protosynthesis|[silent]
|switch|p1a: Zapdos|Zapdos|100/100
|move|p2a: Quaquaval|Aqua Step|p1a: Zapdos
|-damage|p1a: Zapdos|70/100
|-boost|p2a: Quaquaval|spe|1
|
|upkeep
|turn|7
|
|t:|1758326603
|switch|p2a: Iron Treads|Iron Treads, shiny|100/100
|move|p1a: Zapdos|Roost|p1a: Zapdos
|-heal|p1a: Zapdos|100/100
|-singleturn|p1a: Zapdos|move: Roost
|
|upkeep
|turn|8
|
|t:|1758326614
|switch|p1a: Kingambit|Kingambit, M|100/100
|-activate|p1a: Kingambit|move: Sticky Web
|-unboost|p1a: Kingambit|spe|1
|move|p2a: Iron Treads|Ice Spinner|p1a: Kingambit
|-resisted|p1a: Kingambit
|-damage|p1a: Kingambit|90/100
|
|upkeep
|turn|9
|
|t:|1758326623
|move|p2a: Iron Treads|Earthquake|p1a: Kingambit
|-supereffective|p1a: Kingambit
|-damage|p1a: Kingambit|18/100
|move|p1a: Kingambit|Low Kick|p2a: Iron Treads
|-supereffective|p2a: Iron Treads
|-damage|p2a: Iron Treads|32/100
|
|upkeep
|turn|10
|
|t:|1758326630
|move|p2a: Iron Treads|Earthquake|p1a: Kingambit
|-supereffective|p1a: Kingambit
|-damage|p1a: Kingambit|0 fnt
|faint|p1a: Kingambit
|-end|p1a: Kingambit|fallenundefined|[silent]
|
|upkeep
|
|t:|1758326633
|switch|p1a: Great Tusk|Great Tusk|59/100
|turn|11
|
|t:|1758326663
|move|p1a: Great Tusk|Stealth Rock|p2a: Iron Treads
|-sidestart|p2: benjiibruh|move: Stealth Rock
|move|p2a: Iron Treads|Ice Spinner|p1a: Great Tusk
|-supereffective|p1a: Great Tusk
|-damage|p1a: Great Tusk|21/100
|
|upkeep
|turn|12
|
|t:|1758326670
|move|p1a: Great Tusk|Rapid Spin|p2a: Iron Treads
|-resisted|p2a: Iron Treads
|-damage|p2a: Iron Treads|27/100
|-boost|p1a: Great Tusk|spe|1
|-sideend|p1: zerodz|Sticky Web|[from] move: Rapid Spin|[of] p1a: Great Tusk
|move|p2a: Iron Treads|Rapid Spin|p1a: Great Tusk
|-damage|p1a: Great Tusk|11/100
|-boost|p2a: Iron Treads|spe|1
|-sideend|p2: benjiibruh|Stealth Rock|[from] move: Rapid Spin|[of] p2a: Iron Treads
|
|upkeep
|turn|13
|
|t:|1758326681
|move|p1a: Great Tusk|Headlong Rush|p2a: Iron Treads
|-supereffective|p2a: Iron Treads
|-damage|p2a: Iron Treads|0 fnt
|-unboost|p1a: Great Tusk|def|1
|-unboost|p1a: Great Tusk|spd|1
|faint|p2a: Iron Treads
|-end|p2a: Iron Treads|Quark Drive|[silent]
|
|upkeep
|
|t:|1758326689
|switch|p2a: Ceruledge|Ceruledge, F|100/100
|turn|14
|
|t:|1758326694
|move|p2a: Ceruledge|Shadow Sneak|p1a: Great Tusk
|-damage|p1a: Great Tusk|0 fnt
|faint|p1a: Great Tusk
|-end|p1a: Great Tusk|Protosynthesis|[silent]
|
|upkeep
|
|t:|1758326719
|switch|p1a: Dragapult|Dragapult, F, shiny|100/100
|turn|15
|
|t:|1758326729
|move|p2a: Ceruledge|Shadow Sneak|p1a: Dragapult
|-supereffective|p1a: Dragapult
|-damage|p1a: Dragapult|34/100
|move|p1a: Dragapult|Dragon Darts|p2a: Ceruledge
|-damage|p2a: Ceruledge|52/100
|-ability|p2a: Ceruledge|Weak Armor|boost
|-unboost|p2a: Ceruledge|def|1
|-boost|p2a: Ceruledge|spe|2
|-anim|p1a: Dragapult|Dragon Darts|p2a: Ceruledge
|-damage|p2a: Ceruledge|0 fnt
|faint|p2a: Ceruledge
|
|upkeep
|
|t:|1758326741
|switch|p2a: Enamorus|Enamorus, F|100/100
|turn|16
|
|t:|1758326748
|switch|p1a: Slowking|Slowking-Galar, F|100/100
|move|p2a: Enamorus|Earth Power|p1a: Slowking
|-supereffective|p1a: Slowking
|-damage|p1a: Slowking|57/100
|
|upkeep
|turn|17
|
|t:|1758326761
|switch|p1a: Zapdos|Zapdos|100/100
|-terastallize|p2a: Enamorus|Ground
|move|p2a: Enamorus|Earth Power|p1a: Zapdos
|-immune|p1a: Zapdos
|
|upkeep
|turn|18
|
|t:|1758326769
|move|p2a: Enamorus|Moonblast|p1a: Zapdos
|-damage|p1a: Zapdos|41/100
|-unboost|p1a: Zapdos|spa|1
|move|p1a: Zapdos|Volt Switch|p2a: Enamorus
|-immune|p2a: Enamorus
|
|upkeep
|turn|19
|
|t:|1758326813
|move|p2a: Enamorus|Moonblast|p1a: Zapdos
|-damage|p1a: Zapdos|0 fnt
|faint|p1a: Zapdos
|
|upkeep
|
|t:|1758326815
|switch|p1a: Dragapult|Dragapult, F, shiny|34/100
|turn|20
|
|t:|1758326830
|-terastallize|p1a: Dragapult|Ghost
|move|p1a: Dragapult|Tera Blast|p2a: Enamorus|[anim] Tera Blast Ghost
|-damage|p2a: Enamorus|0 fnt
|faint|p2a: Enamorus
|
|upkeep
|
|t:|1758326837
|switch|p2a: Quaquaval|Quaquaval, F|100/100
|turn|21
|
|t:|1758326843
|move|p1a: Dragapult|Tera Blast|p2a: Quaquaval|[anim] Tera Blast Ghost
|-damage|p2a: Quaquaval|0 fnt
|faint|p2a: Quaquaval
|
|win|zerodz
|raw|zerodz's rating: 1508 &rarr; <strong>1533</strong><br />(+25 for winning)
|raw|benjiibruh's rating: 1595 &rarr; <strong>1570</strong><br />(-25 for losing)
|l|☆benjiibruh
|player|p2|
