|j|☆CherylBush
|j|☆carloss prates
|t:|1758266442
|gametype|singles
|player|p1|CherylBush|mallow-masters|1576
|player|p2|carloss prates|bruno|1585
|gen|9
|tier|[Gen 9] OU
|rated|
|rule|HP Percentage Mod: HP is shown in percentages
|rule|Endless Battle Clause: Forcing endless battles is banned
|rule|Species Clause: Limit one of each Pokémon
|rule|OHKO Clause: OHKO moves are banned
|rule|Evasion Items Clause: Evasion items are banned
|rule|Evasion Moves Clause: Evasion moves are banned
|rule|Evasion Abilities Clause: Evasion abilities are banned
|rule|Sleep Moves Clause: Sleep-inducing moves are banned
|clearpoke
|poke|p1|Landorus-Therian, M|
|poke|p1|Skeledirge, M|
|poke|p1|Skarmory, M|
|poke|p1|Hydrapple, M|
|poke|p1|Samurott-Hisui, M|
|poke|p1|Fezandipiti, M|
|poke|p2|Ninetales-Alola, F|
|poke|p2|Dondozo, M|
|poke|p2|Iron Treads|
|poke|p2|Kyurem|
|poke|p2|Comfey, F|
|poke|p2|Polteageist|
|teampreview
|
|t:|1758266523
|teamsize|p1|6
|teamsize|p2|6
|start
|switch|p1a: Fez Boi|Fezandipiti, M|100/100
|switch|p2a: Kyurem|Kyurem|100/100
|-ability|p2a: Kyurem|Pressure
|turn|1
|
|t:|1758266529
|move|p2a: Kyurem|Earth Power|p1a: Fez Boi
|-supereffective|p1a: Fez Boi
|-damage|p1a: Fez Boi|67/100
|move|p1a: Fez Boi|Moonblast|p2a: Kyurem
|-supereffective|p2a: Kyurem
|-damage|p2a: Kyurem|58/100
|-unboost|p2a: Kyurem|spa|1
|
|upkeep
|turn|2
|inactive|Battle timer is ON: inactive players will automatically lose when time's up. (requested by carloss prates)
|
|t:|1758266540
|switch|p2a: Iron Treads|Iron Treads|100/100
|-enditem|p2a: Iron Treads|Booster Energy
|-activate|p2a: Iron Treads|ability: Quark Drive|[fromitem]
|-start|p2a: Iron Treads|quarkdrivespe
|move|p1a: Fez Boi|Roost|p1a: Fez Boi
|-heal|p1a: Fez Boi|100/100
|-singleturn|p1a: Fez Boi|move: Roost
|
|upkeep
|turn|3
|
|t:|1758266550
|switch|p1a: Skarmory|Skarmory, M, shiny|100/100
|move|p2a: Iron Treads|Stealth Rock|p1a: Skarmory
|-sidestart|p1: CherylBush|move: Stealth Rock
|
|upkeep
|turn|4
|
|t:|1758266558
|-end|p2a: Iron Treads|Quark Drive|[silent]
|switch|p2a: Ninetales|Ninetales-Alola, F|100/100
|-weather|Snowscape|[from] ability: Snow Warning|[of] p2a: Ninetales
|move|p1a: Skarmory|Stealth Rock|p2a: Ninetales
|-sidestart|p2: carloss prates|move: Stealth Rock
|
|-weather|Snowscape|[upkeep]
|upkeep
|turn|5
|
|t:|1758266565
|switch|p1a: Fez Boi|Fezandipiti, M|100/100
|move|p2a: Ninetales|Encore||[still]
|-fail|p2a: Ninetales
|
|-weather|Snowscape|[upkeep]
|upkeep
|turn|6
|
|t:|1758266568
|switch|p2a: Iron Treads|Iron Treads|100/100
|-damage|p2a: Iron Treads|97/100|[from] Stealth Rock
|move|p1a: Fez Boi|Moonblast|p2a: Iron Treads
|-resisted|p2a: Iron Treads
|-crit|p2a: Iron Treads
|-damage|p2a: Iron Treads|72/100
|
|-weather|Snowscape|[upkeep]
|upkeep
|turn|7
|
|t:|1758266573
|switch|p1a: Skarmory|Skarmory, M, shiny|100/100
|-damage|p1a: Skarmory|88/100|[from] Stealth Rock
|move|p2a: Iron Treads|Rapid Spin|p1a: Skarmory
|-resisted|p1a: Skarmory
|-damage|p1a: Skarmory|85/100
|-boost|p2a: Iron Treads|spe|1
|-damage|p2a: Iron Treads|55/100|[from] item: Rocky Helmet|[of] p1a: Skarmory
|-sideend|p2: carloss prates|Stealth Rock|[from] move: Rapid Spin|[of] p2a: Iron Treads
|
|-weather|Snowscape|[upkeep]
|upkeep
|turn|8
|
|t:|1758266576
|-end|p2a: Iron Treads|Quark Drive|[silent]
|switch|p2a: Ninetales|Ninetales-Alola, F|100/100
|move|p1a: Skarmory|Stealth Rock|p2a: Ninetales
|-sidestart|p2: carloss prates|move: Stealth Rock
|
|-weather|none
|upkeep
|turn|9
|
|t:|1758266581
|switch|p2a: Iron Treads|Iron Treads|55/100
|-damage|p2a: Iron Treads|52/100|[from] Stealth Rock
|switch|p1a: Fez Boi|Fezandipiti, M|100/100
|
|upkeep
|turn|10
|
|t:|1758266583
|switch|p1a: Skarmory|Skarmory, M, shiny|85/100
|-damage|p1a: Skarmory|73/100|[from] Stealth Rock
|move|p2a: Iron Treads|Rapid Spin|p1a: Skarmory
|-resisted|p1a: Skarmory
|-damage|p1a: Skarmory|70/100
|-boost|p2a: Iron Treads|spe|1
|-damage|p2a: Iron Treads|36/100|[from] item: Rocky Helmet|[of] p1a: Skarmory
|-sideend|p2: carloss prates|Stealth Rock|[from] move: Rapid Spin|[of] p2a: Iron Treads
|
|upkeep
|turn|11
|
|t:|1758266585
|-end|p2a: Iron Treads|Quark Drive|[silent]
|switch|p2a: Ninetales|Ninetales-Alola, F|100/100
|-weather|Snowscape|[from] ability: Snow Warning|[of] p2a: Ninetales
|move|p1a: Skarmory|Stealth Rock|p2a: Ninetales
|-sidestart|p2: carloss prates|move: Stealth Rock
|
|-weather|Snowscape|[upkeep]
|upkeep
|turn|12
|
|t:|1758266588
|switch|p1a: Fez Boi|Fezandipiti, M|100/100
|move|p2a: Ninetales|Aurora Veil|p2a: Ninetales
|-sidestart|p2: carloss prates|move: Aurora Veil
|
|-weather|Snowscape|[upkeep]
|upkeep
|turn|13
|
|t:|1758266602
|switch|p2a: Iron Treads|Iron Treads|36/100
|-damage|p2a: Iron Treads|33/100|[from] Stealth Rock
|move|p1a: Fez Boi|Moonblast|p2a: Iron Treads
|-resisted|p2a: Iron Treads
|-damage|p2a: Iron Treads|24/100
|
|-weather|Snowscape|[upkeep]
|upkeep
|turn|14
|
|t:|1758266610
|switch|p1a: Skarmory|Skarmory, M, shiny|70/100
|-damage|p1a: Skarmory|57/100|[from] Stealth Rock
|move|p2a: Iron Treads|Rapid Spin|p1a: Skarmory
|-resisted|p1a: Skarmory
|-damage|p1a: Skarmory|54/100
|-boost|p2a: Iron Treads|spe|1
|-damage|p2a: Iron Treads|8/100|[from] item: Rocky Helmet|[of] p1a: Skarmory
|-sideend|p2: carloss prates|Stealth Rock|[from] move: Rapid Spin|[of] p2a: Iron Treads
|
|-weather|Snowscape|[upkeep]
|upkeep
|turn|15
|
|t:|1758266621
|-end|p2a: Iron Treads|Quark Drive|[silent]
|switch|p2a: Polteageist|Polteageist|100/100
|move|p1a: Skarmory|Stealth Rock|p2a: Polteageist
|-sidestart|p2: carloss prates|move: Stealth Rock
|
|-weather|none
|upkeep
|turn|16
|
|t:|1758266649
|switch|p1a: Samurott|Samurott-Hisui, M, shiny|100/100
|move|p2a: Polteageist|Shadow Ball|p1a: Samurott
|-resisted|p1a: Samurott
|-damage|p1a: Samurott|74/100
|
|upkeep
|turn|17
|
|t:|1758266667
|switch|p2a: Comfey|Comfey, F|100/100
|-damage|p2a: Comfey|88/100|[from] Stealth Rock
|move|p1a: Samurott|Knock Off|p2a: Comfey
|-resisted|p2a: Comfey
|-damage|p2a: Comfey|73/100
|-enditem|p2a: Comfey|Kee Berry|[from] move: Knock Off|[of] p1a: Samurott
|
|upkeep
|turn|18
|
|t:|1758266682
|switch|p1a: Skeledirge|Skeledirge, M, shiny|100/100
|move|p2a: Comfey|Calm Mind|p2a: Comfey
|-boost|p2a: Comfey|spa|1
|-boost|p2a: Comfey|spd|1
|
|upkeep
|turn|19
|
|t:|1758266689
|switch|p2a: Dondozo|Dondozo, M|100/100
|-damage|p2a: Dondozo|88/100|[from] Stealth Rock
|move|p1a: Skeledirge|Torch Song|p2a: Dondozo
|-resisted|p2a: Dondozo
|-damage|p2a: Dondozo|83/100
|-boost|p1a: Skeledirge|spa|1
|
|-heal|p2a: Dondozo|89/100|[from] item: Leftovers
|-sideend|p2: carloss prates|move: Aurora Veil
|upkeep
|turn|20
|
|t:|1758266700
|switch|p1a: Samurott|Samurott-Hisui, M, shiny|74/100
|switch|p2a: Iron Treads|Iron Treads|8/100
|-damage|p2a: Iron Treads|5/100|[from] Stealth Rock
|
|upkeep
|turn|21
|
|t:|1758266706
|-end|p2a: Iron Treads|Quark Drive|[silent]
|switch|p2a: Dondozo|Dondozo, M|89/100
|-damage|p2a: Dondozo|77/100|[from] Stealth Rock
|move|p1a: Samurott|Ceaseless Edge|p2a: Dondozo
|-damage|p2a: Dondozo|49/100
|-sidestart|p2: carloss prates|Spikes
|
|-heal|p2a: Dondozo|55/100|[from] item: Leftovers
|upkeep
|turn|22
|
|t:|1758266711
|move|p1a: Samurott|Knock Off|p2a: Dondozo
|-damage|p2a: Dondozo|28/100
|-enditem|p2a: Dondozo|Leftovers|[from] move: Knock Off|[of] p1a: Samurott
|move|p2a: Dondozo|Curse|p2a: Dondozo
|-unboost|p2a: Dondozo|spe|1
|-boost|p2a: Dondozo|atk|1
|-boost|p2a: Dondozo|def|1
|
|upkeep
|turn|23
|
|t:|1758266717
|move|p1a: Samurott|Flip Turn|p2a: Dondozo
|-resisted|p2a: Dondozo
|-damage|p2a: Dondozo|22/100
|
|t:|1758266722
|switch|p1a: Fez Boi|Fezandipiti, M|100/100|[from] Flip Turn
|move|p2a: Dondozo|Rest|p2a: Dondozo
|-status|p2a: Dondozo|slp|[from] move: Rest
|-heal|p2a: Dondozo|100/100 slp|[silent]
|
|upkeep
|turn|24
|
|t:|1758266740
|-terastallize|p1a: Fez Boi|Water
|move|p1a: Fez Boi|Moonblast|p2a: Dondozo
|-damage|p2a: Dondozo|84/100 slp
|cant|p2a: Dondozo|slp
|
|upkeep
|turn|25
|
|t:|1758266745
|move|p1a: Fez Boi|Moonblast|p2a: Dondozo
|-damage|p2a: Dondozo|70/100 slp
|cant|p2a: Dondozo|slp
|
|upkeep
|turn|26
|
|t:|1758266747
|move|p1a: Fez Boi|Moonblast|p2a: Dondozo
|-crit|p2a: Dondozo
|-damage|p2a: Dondozo|45/100 slp
|-unboost|p2a: Dondozo|spa|1
|-curestatus|p2a: Dondozo|slp|[msg]
|move|p2a: Dondozo|Avalanche|p1a: Fez Boi
|-resisted|p1a: Fez Boi
|-damage|p1a: Fez Boi|78/100
|
|upkeep
|turn|27
|
|t:|1758266751
|move|p1a: Fez Boi|Calm Mind|p1a: Fez Boi
|-boost|p1a: Fez Boi|spa|1
|-boost|p1a: Fez Boi|spd|1
|move|p2a: Dondozo|Rest|p2a: Dondozo
|-status|p2a: Dondozo|slp|[from] move: Rest
|-heal|p2a: Dondozo|100/100 slp|[silent]
|
|upkeep
|turn|28
|
|t:|1758266753
|move|p1a: Fez Boi|Moonblast|p2a: Dondozo
|-damage|p2a: Dondozo|84/100 slp
|cant|p2a: Dondozo|slp
|
|upkeep
|turn|29
|
|t:|1758266755
|move|p1a: Fez Boi|Moonblast|p2a: Dondozo
|-damage|p2a: Dondozo|68/100 slp
|cant|p2a: Dondozo|slp
|
|upkeep
|turn|30
|
|t:|1758266758
|move|p1a: Fez Boi|Moonblast|p2a: Dondozo
|-damage|p2a: Dondozo|53/100 slp
|-curestatus|p2a: Dondozo|slp|[msg]
|move|p2a: Dondozo|Curse|p2a: Dondozo
|-unboost|p2a: Dondozo|spe|1
|-boost|p2a: Dondozo|atk|1
|-boost|p2a: Dondozo|def|1
|
|upkeep
|turn|31
|
|t:|1758266761
|move|p1a: Fez Boi|Moonblast|p2a: Dondozo
|-damage|p2a: Dondozo|38/100
|-unboost|p2a: Dondozo|spa|1
|-status|p2a: Dondozo|tox|[from] ability: Toxic Chain|[of] p1a: Fez Boi
|move|p2a: Dondozo|Rest|p2a: Dondozo
|-status|p2a: Dondozo|slp|[from] move: Rest
|-heal|p2a: Dondozo|100/100 slp|[silent]
|
|upkeep
|turn|32
|
|t:|1758266768
|switch|p1a: Leviathan|Hydrapple, M, shiny|100/100
|cant|p2a: Dondozo|slp
|
|upkeep
|turn|33
|
|t:|1758266781
|switch|p2a: Kyurem|Kyurem|58/100
|-damage|p2a: Kyurem|33/100|[from] Stealth Rock
|-damage|p2a: Kyurem|20/100|[from] Spikes
|-ability|p2a: Kyurem|Pressure
|move|p1a: Leviathan|Giga Drain|p2a: Kyurem
|-resisted|p2a: Kyurem
|-damage|p2a: Kyurem|5/100
|
|upkeep
|turn|34
|
|t:|1758266791
|switch|p1a: Skeledirge|Skeledirge, M, shiny|100/100
|move|p2a: Kyurem|Freeze-Dry|p1a: Skeledirge
|-resisted|p1a: Skeledirge
|-damage|p1a: Skeledirge|86/100
|
|upkeep
|turn|35
|
|t:|1758266794
|move|p2a: Kyurem|Earth Power|p1a: Skeledirge
|-supereffective|p1a: Skeledirge
|-damage|p1a: Skeledirge|38/100
|-unboost|p1a: Skeledirge|spd|1
|move|p1a: Skeledirge|Torch Song|p2a: Kyurem
|-damage|p2a: Kyurem|0 fnt
|-boost|p1a: Skeledirge|spa|1
|faint|p2a: Kyurem
|
|upkeep
|
|t:|1758266797
|switch|p2a: Iron Treads|Iron Treads|5/100
|-damage|p2a: Iron Treads|1/100|[from] Stealth Rock
|-damage|p2a: Iron Treads|0 fnt|[from] Spikes
|faint|p2a: Iron Treads
|-end|p2a: Iron Treads|Quark Drive|[silent]
|
|t:|1758266802
|switch|p2a: Dondozo|Dondozo, M|100/100 slp
|-damage|p2a: Dondozo|88/100 slp|[from] Stealth Rock
|-damage|p2a: Dondozo|75/100 slp|[from] Spikes
|turn|36
|
|t:|1758266807
|switch|p1a: Fez Boi|Fezandipiti, M, tera:Water|78/100
|cant|p2a: Dondozo|slp
|
|upkeep
|turn|37
|
|t:|1758266811
|move|p1a: Fez Boi|Moonblast|p2a: Dondozo
|-damage|p2a: Dondozo|59/100 slp
|-curestatus|p2a: Dondozo|slp|[msg]
|move|p2a: Dondozo|Curse|p2a: Dondozo
|-unboost|p2a: Dondozo|spe|1
|-boost|p2a: Dondozo|atk|1
|-boost|p2a: Dondozo|def|1
|
|upkeep
|turn|38
|
|t:|1758266814
|move|p1a: Fez Boi|Moonblast|p2a: Dondozo
|-damage|p2a: Dondozo|45/100
|-status|p2a: Dondozo|tox|[from] ability: Toxic Chain|[of] p1a: Fez Boi
|move|p2a: Dondozo|Avalanche|p1a: Fez Boi
|-resisted|p1a: Fez Boi
|-damage|p1a: Fez Boi|55/100
|
|-damage|p2a: Dondozo|38/100 tox|[from] psn
|upkeep
|turn|39
|
|t:|1758266819
|move|p1a: Fez Boi|Roost|p1a: Fez Boi
|-heal|p1a: Fez Boi|100/100
|move|p2a: Dondozo|Rest|p2a: Dondozo
|-status|p2a: Dondozo|slp|[from] move: Rest
|-heal|p2a: Dondozo|100/100 slp|[silent]
|
|upkeep
|turn|40
|
|t:|1758266821
|switch|p1a: Leviathan|Hydrapple, M, shiny|100/100
|cant|p2a: Dondozo|slp
|
|upkeep
|turn|41
|
|t:|1758266826
|switch|p2a: Comfey|Comfey, F|73/100
|-damage|p2a: Comfey|61/100|[from] Stealth Rock
|-damage|p2a: Comfey|49/100|[from] Spikes
|move|p1a: Leviathan|Giga Drain|p2a: Comfey
|-damage|p2a: Comfey|14/100
|
|upkeep
|turn|42
|
|t:|1758266838
|move|p2a: Comfey|Calm Mind|p2a: Comfey
|-boost|p2a: Comfey|spa|1
|-boost|p2a: Comfey|spd|1
|move|p1a: Leviathan|Giga Drain|p2a: Comfey
|-damage|p2a: Comfey|0 fnt
|faint|p2a: Comfey
|
|upkeep
|
|t:|1758266840
|switch|p2a: Ninetales|Ninetales-Alola, F|100/100
|-damage|p2a: Ninetales|76/100|[from] Stealth Rock
|-damage|p2a: Ninetales|63/100|[from] Spikes
|-weather|Snowscape|[from] ability: Snow Warning|[of] p2a: Ninetales
|turn|43
|
|t:|1758266851
|switch|p1a: Skeledirge|Skeledirge, M, shiny|38/100
|move|p2a: Ninetales|Aurora Veil|p2a: Ninetales
|-sidestart|p2: carloss prates|move: Aurora Veil
|
|-weather|Snowscape|[upkeep]
|upkeep
|turn|44
|
|t:|1758266857
|switch|p2a: Dondozo|Dondozo, M|100/100 slp
|-damage|p2a: Dondozo|88/100 slp|[from] Stealth Rock
|-damage|p2a: Dondozo|75/100 slp|[from] Spikes
|move|p1a: Skeledirge|Slack Off|p1a: Skeledirge
|-heal|p1a: Skeledirge|88/100
|
|-weather|Snowscape|[upkeep]
|upkeep
|turn|45
|
|t:|1758266866
|switch|p1a: Landorus|Landorus-Therian, M, shiny|100/100
|-damage|p1a: Landorus|88/100|[from] Stealth Rock
|-ability|p1a: Landorus|Intimidate|boost
|-unboost|p2a: Dondozo|atk|1
|cant|p2a: Dondozo|slp
|
|-weather|Snowscape|[upkeep]
|upkeep
|turn|46
|
|t:|1758266868
|move|p1a: Landorus|Brick Break|p2a: Dondozo
|-sideend|p2: carloss prates|move: Aurora Veil
|-damage|p2a: Dondozo|58/100 slp
|-curestatus|p2a: Dondozo|slp|[msg]
|move|p2a: Dondozo|Curse|p2a: Dondozo
|-unboost|p2a: Dondozo|spe|1
|-boost|p2a: Dondozo|atk|1
|-boost|p2a: Dondozo|def|1
|
|-weather|Snowscape|[upkeep]
|upkeep
|turn|47
|
|t:|1758266874
|switch|p1a: Fez Boi|Fezandipiti, M, tera:Water|100/100
|move|p2a: Dondozo|Curse|p2a: Dondozo
|-unboost|p2a: Dondozo|spe|1
|-boost|p2a: Dondozo|atk|1
|-boost|p2a: Dondozo|def|1
|
|-weather|none
|upkeep
|turn|48
|
|t:|1758266878
|move|p1a: Fez Boi|Moonblast|p2a: Dondozo
|-damage|p2a: Dondozo|43/100
|-status|p2a: Dondozo|tox|[from] ability: Toxic Chain|[of] p1a: Fez Boi
|move|p2a: Dondozo|Avalanche|p1a: Fez Boi
|-resisted|p1a: Fez Boi
|-damage|p1a: Fez Boi|78/100
|
|-damage|p2a: Dondozo|36/100 tox|[from] psn
|upkeep
|turn|49
|
|t:|1758266885
|move|p1a: Fez Boi|Moonblast|p2a: Dondozo
|-damage|p2a: Dondozo|21/100 tox
|-unboost|p2a: Dondozo|spa|1
|move|p2a: Dondozo|Rest|p2a: Dondozo
|-status|p2a: Dondozo|slp|[from] move: Rest
|-heal|p2a: Dondozo|100/100 slp|[silent]
|
|upkeep
|turn|50
|
|t:|1758266887
|switch|p1a: Leviathan|Hydrapple, M, shiny|100/100
|cant|p2a: Dondozo|slp
|
|upkeep
|turn|51
|
|t:|1758266890
|move|p1a: Leviathan|Nasty Plot|p1a: Leviathan
|-boost|p1a: Leviathan|spa|2
|cant|p2a: Dondozo|slp
|
|upkeep
|turn|52
|
|t:|1758266893
|move|p1a: Leviathan|Giga Drain|p2a: Dondozo
|-supereffective|p2a: Dondozo
|-damage|p2a: Dondozo|55/100 slp
|-curestatus|p2a: Dondozo|slp|[msg]
|move|p2a: Dondozo|Avalanche|p1a: Leviathan
|-supereffective|p1a: Leviathan
|-damage|p1a: Leviathan|0 fnt
|faint|p1a: Leviathan
|
|upkeep
|
|t:|1758266906
|switch|p1a: Fez Boi|Fezandipiti, M, tera:Water|78/100
|turn|53
|
|t:|1758266911
|move|p1a: Fez Boi|Moonblast|p2a: Dondozo
|-damage|p2a: Dondozo|39/100
|-status|p2a: Dondozo|tox|[from] ability: Toxic Chain|[of] p1a: Fez Boi
|move|p2a: Dondozo|Curse|p2a: Dondozo
|-unboost|p2a: Dondozo|spe|1
|-boost|p2a: Dondozo|atk|1
|-boost|p2a: Dondozo|def|1
|
|-damage|p2a: Dondozo|33/100 tox|[from] psn
|upkeep
|turn|54
|
|t:|1758266919
|move|p1a: Fez Boi|Moonblast|p2a: Dondozo
|-damage|p2a: Dondozo|17/100 tox
|-unboost|p2a: Dondozo|spa|1
|move|p2a: Dondozo|Rest|p2a: Dondozo
|-status|p2a: Dondozo|slp|[from] move: Rest
|-heal|p2a: Dondozo|100/100 slp|[silent]
|
|upkeep
|turn|55
|
|t:|1758266923
|move|p1a: Fez Boi|Moonblast|p2a: Dondozo
|-damage|p2a: Dondozo|86/100 slp
|cant|p2a: Dondozo|slp
|
|upkeep
|turn|56
|
|t:|1758266925
|move|p1a: Fez Boi|Moonblast|p2a: Dondozo
|-damage|p2a: Dondozo|69/100 slp
|cant|p2a: Dondozo|slp
|
|upkeep
|turn|57
|
|t:|1758266927
|move|p1a: Fez Boi|Moonblast|p2a: Dondozo
|-damage|p2a: Dondozo|54/100 slp
|-curestatus|p2a: Dondozo|slp|[msg]
|move|p2a: Dondozo|Wave Crash|p1a: Fez Boi
|-resisted|p1a: Fez Boi
|-damage|p1a: Fez Boi|34/100
|-damage|p2a: Dondozo|44/100|[from] Recoil
|
|upkeep
|turn|58
|
|t:|1758266932
|move|p1a: Fez Boi|Roost|p1a: Fez Boi
|-heal|p1a: Fez Boi|84/100
|move|p2a: Dondozo|Curse|p2a: Dondozo
|-unboost|p2a: Dondozo|spe|1
|-boost|p2a: Dondozo|atk|1
|-boost|p2a: Dondozo|def|1
|
|upkeep
|turn|59
|
|t:|1758266936
|move|p1a: Fez Boi|Heat Wave|p2a: Dondozo
|-resisted|p2a: Dondozo
|-damage|p2a: Dondozo|38/100
|move|p2a: Dondozo|Rest|p2a: Dondozo
|-status|p2a: Dondozo|slp|[from] move: Rest
|-heal|p2a: Dondozo|100/100 slp|[silent]
|
|upkeep
|turn|60
|
|t:|1758266952
|move|p1a: Fez Boi|Moonblast|p2a: Dondozo
|-crit|p2a: Dondozo
|-damage|p2a: Dondozo|76/100 slp
|cant|p2a: Dondozo|slp
|
|upkeep
|turn|61
|
|t:|1758266957
|move|p1a: Fez Boi|Moonblast|p2a: Dondozo
|-damage|p2a: Dondozo|61/100 slp
|-unboost|p2a: Dondozo|spa|1
|cant|p2a: Dondozo|slp
|
|upkeep
|turn|62
|
|t:|1758266962
|switch|p1a: Skarmory|Skarmory, M, shiny|54/100
|-damage|p1a: Skarmory|42/100|[from] Stealth Rock
|-curestatus|p2a: Dondozo|slp|[msg]
|move|p2a: Dondozo|Wave Crash|p1a: Skarmory
|-damage|p1a: Skarmory|0 fnt
|-damage|p2a: Dondozo|45/100|[from] item: Rocky Helmet|[of] p1a: Skarmory
|faint|p1a: Skarmory
|-damage|p2a: Dondozo|36/100|[from] Recoil
|
|upkeep
|
|t:|1758266979
|switch|p1a: Samurott|Samurott-Hisui, M, shiny|74/100
|turn|63
|
|t:|1758266983
|move|p1a: Samurott|Ceaseless Edge|p2a: Dondozo
|-damage|p2a: Dondozo|26/100
|-sidestart|p2: carloss prates|Spikes
|move|p2a: Dondozo|Avalanche|p1a: Samurott
|-resisted|p1a: Samurott
|-damage|p1a: Samurott|30/100
|
|upkeep
|turn|64
|
|t:|1758266992
|move|p1a: Samurott|Ceaseless Edge|p2a: Dondozo
|-damage|p2a: Dondozo|15/100
|-sidestart|p2: carloss prates|Spikes
|move|p2a: Dondozo|Rest|p2a: Dondozo
|-status|p2a: Dondozo|slp|[from] move: Rest
|-heal|p2a: Dondozo|100/100 slp|[silent]
|
|upkeep
|turn|65
|
|t:|1758266996
|move|p1a: Samurott|Ceaseless Edge|p2a: Dondozo
|-crit|p2a: Dondozo
|-damage|p2a: Dondozo|57/100 slp
|cant|p2a: Dondozo|slp
|
|upkeep
|turn|66
|
|t:|1758267000
|move|p1a: Samurott|Ceaseless Edge|p2a: Dondozo
|-damage|p2a: Dondozo|47/100 slp
|cant|p2a: Dondozo|slp
|
|upkeep
|turn|67
|
|t:|1758267003
|move|p1a: Samurott|Ceaseless Edge|p2a: Dondozo
|-crit|p2a: Dondozo
|-damage|p2a: Dondozo|1/100 slp
|-curestatus|p2a: Dondozo|slp|[msg]
|move|p2a: Dondozo|Avalanche|p1a: Samurott
|-resisted|p1a: Samurott
|-damage|p1a: Samurott|0 fnt
|faint|p1a: Samurott
|
|upkeep
|inactive|CherylBush has 120 seconds left.
|
|t:|1758267034
|switch|p1a: Fez Boi|Fezandipiti, M, tera:Water|84/100
|turn|68
|
|t:|1758267040
|move|p1a: Fez Boi|Calm Mind|p1a: Fez Boi
|-boost|p1a: Fez Boi|spa|1
|-boost|p1a: Fez Boi|spd|1
|move|p2a: Dondozo|Wave Crash|p1a: Fez Boi
|-resisted|p1a: Fez Boi
|-damage|p1a: Fez Boi|32/100
|-damage|p2a: Dondozo|0 fnt|[from] Recoil
|faint|p2a: Dondozo
|
|upkeep
|
|t:|1758267043
|switch|p2a: Ninetales|Ninetales-Alola, F|63/100
|-damage|p2a: Ninetales|38/100|[from] Stealth Rock
|-damage|p2a: Ninetales|14/100|[from] Spikes
|-weather|Snowscape|[from] ability: Snow Warning|[of] p2a: Ninetales
|turn|69
|
|t:|1758267053
|switch|p1a: Skeledirge|Skeledirge, M, shiny|88/100
|move|p2a: Ninetales|Encore||[still]
|-fail|p2a: Ninetales
|
|-weather|Snowscape|[upkeep]
|upkeep
|turn|70
|
|t:|1758267059
|move|p2a: Ninetales|Aurora Veil|p2a: Ninetales
|-sidestart|p2: carloss prates|move: Aurora Veil
|move|p1a: Skeledirge|Torch Song|p2a: Ninetales
|-supereffective|p2a: Ninetales
|-damage|p2a: Ninetales|0 fnt
|-boost|p1a: Skeledirge|spa|1
|faint|p2a: Ninetales
|
|-weather|Snowscape|[upkeep]
|upkeep
|
|t:|1758267061
|switch|p2a: Polteageist|Polteageist|100/100
|-damage|p2a: Polteageist|88/100|[from] Stealth Rock
|-damage|p2a: Polteageist|63/100|[from] Spikes
|turn|71
|
|t:|1758267066
|-terastallize|p2a: Polteageist|Fighting
|move|p2a: Polteageist|Shell Smash|p2a: Polteageist
|-unboost|p2a: Polteageist|def|1
|-unboost|p2a: Polteageist|spd|1
|-boost|p2a: Polteageist|atk|2
|-boost|p2a: Polteageist|spa|2
|-boost|p2a: Polteageist|spe|2
|-enditem|p2a: Polteageist|White Herb
|-clearnegativeboost|p2a: Polteageist|[silent]
|move|p1a: Skeledirge|Torch Song|p2a: Polteageist
|-damage|p2a: Polteageist|42/100
|-boost|p1a: Skeledirge|spa|1
|
|-weather|Snowscape|[upkeep]
|upkeep
|turn|72
|
|t:|1758267072
|move|p2a: Polteageist|Shadow Ball|p1a: Skeledirge
|-supereffective|p1a: Skeledirge
|-damage|p1a: Skeledirge|25/100
|-unboost|p1a: Skeledirge|spd|1
|move|p1a: Skeledirge|Slack Off|p1a: Skeledirge
|-heal|p1a: Skeledirge|75/100
|
|-weather|Snowscape|[upkeep]
|upkeep
|turn|73
|
|t:|1758267080
|switch|p1a: Fez Boi|Fezandipiti, M, tera:Water|32/100
|move|p2a: Polteageist|Shadow Ball|p1a: Fez Boi
|-damage|p1a: Fez Boi|0 fnt
|faint|p1a: Fez Boi
|
|-weather|none
|upkeep
|
|t:|1758267081
|switch|p1a: Landorus|Landorus-Therian, M, shiny|88/100
|-damage|p1a: Landorus|76/100|[from] Stealth Rock
|-ability|p1a: Landorus|Intimidate|boost
|-unboost|p2a: Polteageist|atk|1
|turn|74
|
|t:|1758267085
|move|p1a: Landorus|Earthquake|p2a: Polteageist
|-damage|p2a: Polteageist|9/100
|move|p2a: Polteageist|Strength Sap|p1a: Landorus
|-unboost|p1a: Landorus|atk|1
|-heal|p2a: Polteageist|100/100
|
|upkeep
|turn|75
|
|t:|1758267089
|switch|p1a: Skeledirge|Skeledirge, M, shiny|75/100
|move|p2a: Polteageist|Shadow Ball|p1a: Skeledirge
|-supereffective|p1a: Skeledirge
|-damage|p1a: Skeledirge|22/100
|
|upkeep
|turn|76
|
|t:|1758267091
|move|p2a: Polteageist|Shadow Ball|p1a: Skeledirge
|-supereffective|p1a: Skeledirge
|-damage|p1a: Skeledirge|0 fnt
|faint|p1a: Skeledirge
|
|upkeep
|
|t:|1758267093
|switch|p1a: Landorus|Landorus-Therian, M, shiny|76/100
|-damage|p1a: Landorus|64/100|[from] Stealth Rock
|-ability|p1a: Landorus|Intimidate|boost
|-unboost|p2a: Polteageist|atk|1
|turn|77
|
|t:|1758267095
|move|p1a: Landorus|Earthquake|p2a: Polteageist
|-damage|p2a: Polteageist|68/100
|-start|p1a: Landorus|Disable|Earthquake|[from] ability: Cursed Body|[of] p2a: Polteageist
|move|p2a: Polteageist|Shadow Ball|p1a: Landorus
|-damage|p1a: Landorus|0 fnt
|faint|p1a: Landorus
|
|win|carloss prates
|raw|CherylBush's rating: 1576 &rarr; <strong>1557</strong><br />(-19 for losing)
|raw|carloss prates's rating: 1585 &rarr; <strong>1604</strong><br />(+19 for winning)
|l|☆carloss prates
|player|p2|
|l|☆CherylBush
|player|p1|
