|j|☆C-losss8
|j|☆Archpop2
|t:|1758341412
|gametype|singles
|player|p1|C-losss8|veteran|1495
|player|p2|Archpop2|ninjaboy|1479
|gen|9
|tier|[Gen 9] OU
|rated|
|rule|HP Percentage Mod: HP is shown in percentages
|rule|Endless Battle Clause: Forcing endless battles is banned
|rule|Species Clause: Limit one of each Pokémon
|rule|OHKO Clause: OHKO moves are banned
|rule|Evasion Items Clause: Evasion items are banned
|rule|Evasion Moves Clause: Evasion moves are banned
|rule|Evasion Abilities Clause: Evasion abilities are banned
|rule|Sleep Moves Clause: Sleep-inducing moves are banned
|clearpoke
|poke|p1|Glimmora, F|
|poke|p1|Garganacl, F|
|poke|p1|Dragonite, M|
|poke|p1|Darkrai|
|poke|p1|Iron Valiant|
|poke|p1|Ogerpon-Wellspring, F|
|poke|p2|Glimmora, M|
|poke|p2|Garganacl, M|
|poke|p2|Scizor, M|
|poke|p2|Weezing-Galar, F|
|poke|p2|Zamazenta-*|
|poke|p2|Ogerpon-Wellspring, F|
|teampreview
|inactive|Battle timer is ON: inactive players will automatically lose when time's up. (requested by C-losss8)
|
|t:|1758341423
|teamsize|p1|6
|teamsize|p2|6
|start
|switch|p1a: Ogerpon|Ogerpon-Wellspring, F|100/100
|switch|p2a: Glimmora|Glimmora, M|100/100
|turn|1
|
|t:|1758341442
|switch|p2a: Weezing|Weezing-Galar, F|100/100
|move|p1a: Ogerpon|Ivy Cudgel|p2a: Weezing|[anim] Ivy Cudgel Water
|-damage|p2a: Weezing|61/100
|
|-heal|p2a: Weezing|67/100|[from] item: Black Sludge
|upkeep
|turn|2
|
|t:|1758341452
|move|p1a: Ogerpon|Knock Off|p2a: Weezing
|-resisted|p2a: Weezing
|-damage|p2a: Weezing|53/100
|-enditem|p2a: Weezing|Black Sludge|[from] move: Knock Off|[of] p1a: Ogerpon
|move|p2a: Weezing|Will-O-Wisp|p1a: Ogerpon|[miss]
|-miss|p2a: Weezing|p1a: Ogerpon
|
|upkeep
|turn|3
|
|t:|1758341465
|move|p1a: Ogerpon|Ivy Cudgel|p2a: Weezing|[anim] Ivy Cudgel Water
|-damage|p2a: Weezing|17/100
|move|p2a: Weezing|Will-O-Wisp|p1a: Ogerpon
|-status|p1a: Ogerpon|brn
|
|-damage|p1a: Ogerpon|95/100 brn|[from] brn
|upkeep
|turn|4
|
|t:|1758341475
|move|p1a: Ogerpon|Ivy Cudgel|p2a: Weezing|[anim] Ivy Cudgel Water
|-damage|p2a: Weezing|0 fnt
|faint|p2a: Weezing
|
|-damage|p1a: Ogerpon|89/100 brn|[from] brn
|upkeep
|
|t:|1758341481
|switch|p2a: Ogerpon|Ogerpon-Wellspring, F|100/100
|turn|5
|
|t:|1758341485
|move|p2a: Ogerpon|Swords Dance|p2a: Ogerpon
|-boost|p2a: Ogerpon|atk|2
|move|p1a: Ogerpon|U-turn|p2a: Ogerpon
|-supereffective|p2a: Ogerpon
|-damage|p2a: Ogerpon|67/100
|
|t:|1758341498
|switch|p1a: Darkrai|Darkrai|100/100|[from] U-turn
|
|upkeep
|turn|6
|
|t:|1758341503
|move|p1a: Darkrai|Sludge Bomb|p2a: Ogerpon
|-supereffective|p2a: Ogerpon
|-damage|p2a: Ogerpon|0 fnt
|faint|p2a: Ogerpon
|-damage|p1a: Darkrai|91/100|[from] item: Life Orb
|
|upkeep
|
|t:|1758341508
|switch|p2a: Garganacl|Garganacl, M|100/100
|turn|7
|
|t:|1758341512
|switch|p1a: Glimmora|Glimmora, F|100/100
|move|p2a: Garganacl|Stealth Rock|p1a: Glimmora
|-sidestart|p1: C-losss8|move: Stealth Rock
|
|upkeep
|turn|8
|
|t:|1758341522
|move|p1a: Glimmora|Earth Power|p2a: Garganacl
|-supereffective|p2a: Garganacl
|-damage|p2a: Garganacl|60/100
|move|p2a: Garganacl|Salt Cure|p1a: Glimmora
|-damage|p1a: Glimmora|84/100
|-start|p1a: Glimmora|Salt Cure
|-activate|p1a: Glimmora|ability: Toxic Debris
|-sidestart|p2: Archpop2|move: Toxic Spikes
|
|-heal|p2a: Garganacl|67/100|[from] item: Leftovers
|-damage|p1a: Glimmora|71/100|[from] Salt Cure
|upkeep
|turn|9
|
|t:|1758341534
|move|p1a: Glimmora|Earth Power|p2a: Garganacl
|-supereffective|p2a: Garganacl
|-damage|p2a: Garganacl|24/100
|move|p2a: Garganacl|Salt Cure|p1a: Glimmora
|-damage|p1a: Glimmora|55/100
|-activate|p1a: Glimmora|ability: Toxic Debris
|-sidestart|p2: Archpop2|move: Toxic Spikes
|
|-heal|p2a: Garganacl|30/100|[from] item: Leftovers
|-damage|p1a: Glimmora|42/100|[from] Salt Cure
|upkeep
|turn|10
|
|t:|1758341546
|move|p1a: Glimmora|Earth Power|p2a: Garganacl
|-supereffective|p2a: Garganacl
|-damage|p2a: Garganacl|0 fnt
|faint|p2a: Garganacl
|
|-damage|p1a: Glimmora|30/100|[from] Salt Cure
|upkeep
|
|t:|1758341569
|switch|p2a: Scizor|Scizor, M|100/100
|turn|11
|
|t:|1758341576
|move|p2a: Scizor|Bullet Punch|p1a: Glimmora
|-supereffective|p1a: Glimmora
|-damage|p1a: Glimmora|0 fnt
|faint|p1a: Glimmora
|
|upkeep
|
|t:|1758341587
|switch|p1a: Dragonite|Dragonite, M|100/100
|turn|12
|
|t:|1758341595
|move|p2a: Scizor|Bullet Punch|p1a: Dragonite
|-damage|p1a: Dragonite|70/100
|move|p1a: Dragonite|Fire Punch|p2a: Scizor
|-supereffective|p2a: Scizor
|-damage|p2a: Scizor|0 fnt
|faint|p2a: Scizor
|
|upkeep
|
|t:|1758341603
|switch|p2a: Glimmora|Glimmora, M|100/100
|-sideend|p2: Archpop2|move: Toxic Spikes|[of] p2a: Glimmora
|turn|13
|
|t:|1758341608
|move|p2a: Glimmora|Power Gem|p1a: Dragonite
|-supereffective|p1a: Dragonite
|-damage|p1a: Dragonite|0 fnt
|faint|p1a: Dragonite
|
|upkeep
|
|t:|1758341613
|switch|p1a: Ogerpon|Ogerpon-Wellspring, F|89/100 brn
|-damage|p1a: Ogerpon|76/100 brn|[from] Stealth Rock
|turn|14
|
|t:|1758341618
|switch|p2a: Zamazenta|Zamazenta|100/100
|-ability|p2a: Zamazenta|Dauntless Shield|boost
|-boost|p2a: Zamazenta|def|1
|move|p1a: Ogerpon|Ivy Cudgel|p2a: Zamazenta|[anim] Ivy Cudgel Water
|-damage|p2a: Zamazenta|86/100
|
|-heal|p2a: Zamazenta|92/100|[from] item: Leftovers
|-damage|p1a: Ogerpon|70/100 brn|[from] brn
|upkeep
|turn|15
|
|t:|1758341629
|move|p2a: Zamazenta|Close Combat|p1a: Ogerpon
|-damage|p1a: Ogerpon|4/100 brn
|-unboost|p2a: Zamazenta|def|1
|-unboost|p2a: Zamazenta|spd|1
|move|p1a: Ogerpon|Knock Off|p2a: Zamazenta
|-resisted|p2a: Zamazenta
|-damage|p2a: Zamazenta|85/100
|-enditem|p2a: Zamazenta|Leftovers|[from] move: Knock Off|[of] p1a: Ogerpon
|
|-damage|p1a: Ogerpon|0 fnt|[from] brn
|faint|p1a: Ogerpon
|upkeep
|
|t:|1758341645
|switch|p1a: Iron Valiant|Iron Valiant|100/100
|-damage|p1a: Iron Valiant|94/100|[from] Stealth Rock
|-enditem|p1a: Iron Valiant|Booster Energy
|-activate|p1a: Iron Valiant|ability: Quark Drive|[fromitem]
|-start|p1a: Iron Valiant|quarkdrivespe
|turn|16
|
|t:|1758341652
|move|p1a: Iron Valiant|Spirit Break|p2a: Zamazenta
|-supereffective|p2a: Zamazenta
|-damage|p2a: Zamazenta|29/100
|-unboost|p2a: Zamazenta|spa|1
|move|p2a: Zamazenta|Stone Edge|p1a: Iron Valiant|[miss]
|-miss|p2a: Zamazenta|p1a: Iron Valiant
|
|upkeep
|turn|17
|c|☆Archpop2|nice
|
|t:|1758341663
|move|p1a: Iron Valiant|Spirit Break|p2a: Zamazenta
|-supereffective|p2a: Zamazenta
|-damage|p2a: Zamazenta|0 fnt
|faint|p2a: Zamazenta
|
|upkeep
|
|t:|1758341668
|switch|p2a: Glimmora|Glimmora, M|100/100
|turn|18
|
|t:|1758341674
|move|p1a: Iron Valiant|Close Combat|p2a: Glimmora
|-damage|p2a: Glimmora|21/100
|-unboost|p1a: Iron Valiant|def|1
|-unboost|p1a: Iron Valiant|spd|1
|-activate|p2a: Glimmora|ability: Toxic Debris
|-sidestart|p1: C-losss8|move: Toxic Spikes
|move|p2a: Glimmora|Earth Power|p1a: Iron Valiant
|-damage|p1a: Iron Valiant|10/100
|-unboost|p1a: Iron Valiant|spd|1
|
|upkeep
|turn|19
|
|t:|1758341685
|move|p1a: Iron Valiant|Close Combat|p2a: Glimmora
|-damage|p2a: Glimmora|0 fnt
|-unboost|p1a: Iron Valiant|def|1
|-unboost|p1a: Iron Valiant|spd|1
|-activate|p2a: Glimmora|ability: Toxic Debris
|-sidestart|p1: C-losss8|move: Toxic Spikes
|faint|p2a: Glimmora
|
|win|C-losss8
|raw|C-losss8's rating: 1495 &rarr; <strong>1514</strong><br />(+19 for winning)
|raw|Archpop2's rating: 1479 &rarr; <strong>1460</strong><br />(-19 for losing)
|l|☆Archpop2
|player|p2|
|c|☆C-losss8|Gg
|l|☆C-losss8
|player|p1|
