|j|☆FriedAstronauts
|j|☆kudohoang
|t:|1758299758
|gametype|singles
|player|p1|FriedAstronauts|marlon|1142
|player|p2|kudohoang|265|1130
|gen|9
|tier|[Gen 9] OU
|rated|
|rule|HP Percentage Mod: HP is shown in percentages
|rule|Endless Battle Clause: Forcing endless battles is banned
|rule|Species Clause: Limit one of each Pokémon
|rule|OHKO Clause: OHKO moves are banned
|rule|Evasion Items Clause: Evasion items are banned
|rule|Evasion Moves Clause: Evasion moves are banned
|rule|Evasion Abilities Clause: Evasion abilities are banned
|rule|Sleep Moves Clause: Sleep-inducing moves are banned
|clearpoke
|poke|p1|Zoroark-Hisui, M|
|poke|p1|Ursaluna, F|
|poke|p1|Blissey, F|
|poke|p1|Porygon2|
|poke|p1|Slaking, F|
|poke|p1|Braviary, M|
|poke|p2|Landorus-Therian, M|
|poke|p2|Fezandipiti, M|
|poke|p2|Whimsicott, M|
|poke|p2|Ambipom, F|
|poke|p2|Samurott-Hisui, F|
|poke|p2|Porygon2|
|teampreview
|
|t:|1758299763
|teamsize|p1|6
|teamsize|p2|6
|start
|switch|p1a: Blissey|Blissey, F|100/100
|switch|p2a: Landorus|Landorus-Therian, M|100/100
|-ability|p2a: Landorus|Intimidate|boost
|-unboost|p1a: Blissey|atk|1
|turn|1
|
|t:|1758299771
|move|p1a: Blissey|Nasty Plot|p1a: Blissey
|-boost|p1a: Blissey|spa|2
|move|p2a: Landorus|Stealth Rock|p1a: Blissey
|-sidestart|p1: FriedAstronauts|move: Stealth Rock
|
|upkeep
|turn|2
|
|t:|1758299776
|move|p1a: Blissey|Hyper Voice|p2a: Landorus
|-damage|p2a: Landorus|0 fnt
|faint|p2a: Landorus
|
|upkeep
|
|t:|1758299787
|switch|p2a: Fezandipiti|Fezandipiti, M|100/100
|turn|3
|
|t:|1758299794
|move|p1a: Blissey|Psychic|p2a: Fezandipiti
|-supereffective|p2a: Fezandipiti
|-damage|p2a: Fezandipiti|18/100
|move|p2a: Fezandipiti|Gunk Shot|p1a: Blissey
|-resisted|p1a: Blissey
|-damage|p1a: Blissey|49/100
|replace|p1a: Zoroark|Zoroark-Hisui, M
|-end|p1a: Zoroark|Illusion
|
|-heal|p2a: Fezandipiti|24/100|[from] item: Leftovers
|upkeep
|turn|4
|
|t:|1758299812
|move|p1a: Zoroark|Hyper Voice|p2a: Fezandipiti
|-damage|p2a: Fezandipiti|0 fnt
|faint|p2a: Fezandipiti
|
|upkeep
|
|t:|1758299817
|switch|p2a: Ambipom|Ambipom, F|100/100
|turn|5
|
|t:|1758299826
|-terastallize|p2a: Ambipom|Ghost
|move|p2a: Ambipom|Knock Off|p1a: Zoroark
|-supereffective|p1a: Zoroark
|-damage|p1a: Zoroark|0 fnt
|-enditem|p1a: Zoroark|Focus Sash|[from] move: Knock Off|[of] p2a: Ambipom
|faint|p1a: Zoroark
|
|upkeep
|
|t:|1758299831
|switch|p1a: Slaking|Slaking, F|100/100
|-damage|p1a: Slaking|88/100|[from] Stealth Rock
|turn|6
|
|t:|1758299835
|move|p2a: Ambipom|Knock Off|p1a: Slaking
|-damage|p1a: Slaking|65/100
|-enditem|p1a: Slaking|Choice Band|[from] move: Knock Off|[of] p2a: Ambipom
|move|p1a: Slaking|Knock Off|p2a: Ambipom
|-supereffective|p2a: Ambipom
|-crit|p2a: Ambipom
|-damage|p2a: Ambipom|0 fnt
|-enditem|p2a: Ambipom|Heavy-Duty Boots|[from] move: Knock Off|[of] p1a: Slaking
|faint|p2a: Ambipom
|
|upkeep
|
|t:|1758299844
|switch|p2a: Whimsicott|Whimsicott, M|100/100
|turn|7
|
|t:|1758299847
|switch|p1a: Braviary|Braviary, M|100/100
|move|p2a: Whimsicott|Leech Seed|p1a: Braviary
|-start|p1a: Braviary|move: Leech Seed
|
|-damage|p1a: Braviary|88/100|[from] Leech Seed|[of] p2a: Whimsicott
|upkeep
|turn|8
|
|t:|1758299855
|move|p1a: Braviary|Defog|p2a: Whimsicott
|-unboost|p2a: Whimsicott|evasion|1
|-sideend|p1: FriedAstronauts|Stealth Rock|[from] move: Defog|[of] p1a: Braviary
|move|p2a: Whimsicott|U-turn|p1a: Braviary
|-resisted|p1a: Braviary
|-damage|p1a: Braviary|82/100
|
|t:|1758299861
|switch|p2a: Porygon2|Porygon2|100/100|[from] U-turn
|-ability|p2a: Porygon2|Download|boost
|-boost|p2a: Porygon2|atk|1
|
|-damage|p1a: Braviary|70/100|[from] Leech Seed|[of] p2a: Porygon2
|upkeep
|turn|9
|
|t:|1758299870
|move|p1a: Braviary|Brave Bird|p2a: Porygon2
|-damage|p2a: Porygon2|59/100
|-damage|p1a: Braviary|55/100|[from] Recoil
|move|p2a: Porygon2|Charge Beam|p1a: Braviary|[miss]
|-miss|p2a: Porygon2|p1a: Braviary
|
|-damage|p1a: Braviary|42/100|[from] Leech Seed|[of] p2a: Porygon2
|-heal|p2a: Porygon2|71/100|[silent]
|upkeep
|turn|10
|
|t:|1758299880
|move|p1a: Braviary|Tailwind|p1a: Braviary
|-sidestart|p1: FriedAstronauts|move: Tailwind
|move|p2a: Porygon2|Charge Beam|p1a: Braviary
|-supereffective|p1a: Braviary
|-damage|p1a: Braviary|0 fnt
|-boost|p2a: Porygon2|spa|1
|faint|p1a: Braviary
|
|upkeep
|
|t:|1758299884
|switch|p1a: Ursaluna|Ursaluna, F|100/100
|turn|11
|
|t:|1758299892
|move|p1a: Ursaluna|Drain Punch|p2a: Porygon2
|-supereffective|p2a: Porygon2
|-crit|p2a: Porygon2
|-damage|p2a: Porygon2|11/100
|move|p2a: Porygon2|Discharge|p1a: Ursaluna
|-immune|p1a: Ursaluna
|
|-status|p1a: Ursaluna|brn|[from] item: Flame Orb
|upkeep
|turn|12
|
|t:|1758299901
|move|p1a: Ursaluna|Facade|p2a: Porygon2
|-damage|p2a: Porygon2|0 fnt
|faint|p2a: Porygon2
|
|-damage|p1a: Ursaluna|94/100 brn|[from] brn
|upkeep
|
|t:|1758299908
|switch|p2a: Samurott|Samurott-Hisui, F|100/100
|turn|13
|
|t:|1758299913
|move|p2a: Samurott|Ceaseless Edge|p1a: Ursaluna
|-damage|p1a: Ursaluna|62/100 brn
|-sidestart|p1: FriedAstronauts|Spikes
|move|p1a: Ursaluna|Drain Punch|p2a: Samurott
|-supereffective|p2a: Samurott
|-damage|p2a: Samurott|0 fnt
|-heal|p1a: Ursaluna|97/100 brn|[from] drain|[of] p2a: Samurott
|faint|p2a: Samurott
|
|-damage|p1a: Ursaluna|91/100 brn|[from] brn
|-sideend|p1: FriedAstronauts|move: Tailwind
|upkeep
|-message|kudohoang forfeited.
|
|win|FriedAstronauts
|raw|FriedAstronauts's rating: 1142 &rarr; <strong>1166</strong><br />(+24 for winning)
|raw|kudohoang's rating: 1130 &rarr; <strong>1106</strong><br />(-24 for losing)
|l|☆kudohoang
|player|p2|
|l|☆FriedAstronauts
|player|p1|
