|j|☆Modgrols
|j|☆IronClod
|t:|1758235256
|gametype|singles
|player|p1|Modgrols|scientist-gen4dp|1246
|player|p2|IronClod|fantina|1298
|gen|9
|tier|[Gen 9] OU
|rated|
|rule|HP Percentage Mod: HP is shown in percentages
|rule|Endless Battle Clause: Forcing endless battles is banned
|rule|Species Clause: Limit one of each Pokémon
|rule|OHKO Clause: OHKO moves are banned
|rule|Evasion Items Clause: Evasion items are banned
|rule|Evasion Moves Clause: Evasion moves are banned
|rule|Evasion Abilities Clause: Evasion abilities are banned
|rule|Sleep Moves Clause: Sleep-inducing moves are banned
|clearpoke
|poke|p1|Electrode-Hisui|
|poke|p1|Gallade, M|
|poke|p1|Slowking-Galar, F|
|poke|p1|Alomomola, F|
|poke|p1|Great Tusk|
|poke|p1|Landorus-Therian, M|
|poke|p2|Jolteon, M|
|poke|p2|Slowking-Galar, F|
|poke|p2|Great Tusk|
|poke|p2|Moltres|
|poke|p2|Kingambit, M|
|poke|p2|Hydrapple, F|
|teampreview
|inactive|Battle timer is ON: inactive players will automatically lose when time's up. (requested by IronClod)
|
|t:|1758235273
|teamsize|p1|6
|teamsize|p2|6
|start
|switch|p1a: Gallade|Gallade, M, shiny|100/100
|switch|p2a: Moltres|Moltres|100/100
|turn|1
|
|t:|1758235279
|switch|p1a: Alomomola|Alomomola, F, shiny|100/100
|move|p2a: Moltres|Will-O-Wisp|p1a: Alomomola
|-status|p1a: Alomomola|brn
|
|-damage|p1a: Alomomola|94/100 brn|[from] brn
|upkeep
|turn|2
|
|t:|1758235288
|switch|p2a: Hydrapple|Hydrapple, F|100/100
|move|p1a: Alomomola|Flip Turn|p2a: Hydrapple
|-resisted|p2a: Hydrapple
|-damage|p2a: Hydrapple|99/100
|
|t:|1758235298
|switch|p1a: Slowking|Slowking-Galar, F|100/100|[from] Flip Turn
|
|upkeep
|turn|3
|
|t:|1758235303
|switch|p2a: Slowking|Slowking-Galar, F|100/100
|move|p1a: Slowking|Sludge Bomb|p2a: Slowking
|-resisted|p2a: Slowking
|-damage|p2a: Slowking|92/100
|
|upkeep
|turn|4
|
|t:|1758235310
|move|p2a: Slowking|Psyshock|p1a: Slowking
|-damage|p1a: Slowking|64/100
|move|p1a: Slowking|Future Sight|p2a: Slowking
|-start|p1a: Slowking|move: Future Sight
|
|upkeep
|turn|5
|
|t:|1758235318
|move|p2a: Slowking|Ice Beam|p1a: Slowking
|-damage|p1a: Slowking|49/100
|-status|p1a: Slowking|frz
|-prepare|p1a: Slowking|Chilly Reception|[premajor]
|cant|p1a: Slowking|frz
|
|upkeep
|turn|6
|
|t:|1758235327
|switch|p1a: Alomomola|Alomomola, F, shiny|100/100 brn
|move|p2a: Slowking|Psyshock|p1a: Alomomola
|-damage|p1a: Alomomola|80/100 brn
|
|-end|p2a: Slowking|move: Future Sight
|-damage|p2a: Slowking|71/100
|-damage|p1a: Alomomola|74/100 brn|[from] brn
|upkeep
|turn|7
|
|t:|1758235337
|move|p1a: Alomomola|Flip Turn|p2a: Slowking
|-damage|p2a: Slowking|61/100
|
|t:|1758235340
|switch|p1a: Slowking|Slowking-Galar, F|82/100 frz|[from] Flip Turn
|move|p2a: Slowking|Sludge Bomb|p1a: Slowking
|-resisted|p1a: Slowking
|-damage|p1a: Slowking|71/100 frz
|
|upkeep
|turn|8
|
|t:|1758235349
|move|p2a: Slowking|Psyshock|p1a: Slowking
|-damage|p1a: Slowking|32/100 frz
|-prepare|p1a: Slowking|Chilly Reception|[premajor]
|-curestatus|p1a: Slowking|frz|[msg]
|move|p1a: Slowking|Chilly Reception|p1a: Slowking
|-weather|Snowscape
|
|t:|1758235358
|switch|p1a: Gallade|Gallade, M, shiny|100/100|[from] Chilly Reception
|
|-weather|Snowscape|[upkeep]
|upkeep
|turn|9
|
|t:|1758235374
|move|p1a: Gallade|Knock Off|p2a: Slowking
|-supereffective|p2a: Slowking
|-damage|p2a: Slowking|0 fnt
|-enditem|p2a: Slowking|Assault Vest|[from] move: Knock Off|[of] p1a: Gallade
|faint|p2a: Slowking
|
|-weather|Snowscape|[upkeep]
|upkeep
|
|t:|1758235382
|switch|p2a: Moltres|Moltres|100/100
|turn|10
|
|t:|1758235386
|switch|p1a: Alomomola|Alomomola, F, shiny|100/100 brn
|switch|p2a: Jolteon|Jolteon, M|100/100
|
|-weather|Snowscape|[upkeep]
|-damage|p1a: Alomomola|94/100 brn|[from] brn
|upkeep
|turn|11
|
|t:|1758235395
|switch|p1a: Slowking|Slowking-Galar, F|66/100
|move|p2a: Jolteon|Calm Mind|p2a: Jolteon
|-boost|p2a: Jolteon|spa|1
|-boost|p2a: Jolteon|spd|1
|
|-weather|Snowscape|[upkeep]
|upkeep
|turn|12
|
|t:|1758235402
|move|p2a: Jolteon|Calm Mind|p2a: Jolteon
|-boost|p2a: Jolteon|spa|1
|-boost|p2a: Jolteon|spd|1
|move|p1a: Slowking|Toxic|p2a: Jolteon
|-status|p2a: Jolteon|tox
|
|-weather|none
|-damage|p2a: Jolteon|95/100 tox|[from] psn
|upkeep
|turn|13
|
|t:|1758235411
|move|p2a: Jolteon|Thunderbolt|p1a: Slowking
|-damage|p1a: Slowking|21/100
|-prepare|p1a: Slowking|Chilly Reception|[premajor]
|move|p1a: Slowking|Chilly Reception|p1a: Slowking
|-weather|Snowscape
|
|t:|1758235418
|switch|p1a: Electrode|Electrode-Hisui, shiny|100/100|[from] Chilly Reception
|
|-weather|Snowscape|[upkeep]
|-damage|p2a: Jolteon|83/100 tox|[from] psn
|upkeep
|turn|14
|
|t:|1758235428
|switch|p1a: Slowking|Slowking-Galar, F|54/100
|move|p2a: Jolteon|Alluring Voice|p1a: Slowking
|-resisted|p1a: Slowking
|-damage|p1a: Slowking|39/100
|
|-weather|Snowscape|[upkeep]
|-damage|p2a: Jolteon|65/100 tox|[from] psn
|upkeep
|turn|15
|
|t:|1758235437
|switch|p1a: Landorus|Landorus-Therian, M|100/100
|-ability|p1a: Landorus|Intimidate|boost
|-unboost|p2a: Jolteon|atk|1
|move|p2a: Jolteon|Alluring Voice|p1a: Landorus
|-damage|p1a: Landorus|44/100
|
|-weather|Snowscape|[upkeep]
|-damage|p2a: Jolteon|41/100 tox|[from] psn
|upkeep
|turn|16
|
|t:|1758235447
|switch|p1a: Slowking|Slowking-Galar, F|72/100
|move|p2a: Jolteon|Thunderbolt|p1a: Slowking
|-damage|p1a: Slowking|22/100
|-status|p1a: Slowking|par
|
|-weather|Snowscape|[upkeep]
|-damage|p2a: Jolteon|12/100 tox|[from] psn
|upkeep
|turn|17
|
|t:|1758235459
|switch|p1a: Landorus|Landorus-Therian, M|44/100
|-ability|p1a: Landorus|Intimidate|boost
|-unboost|p2a: Jolteon|atk|1
|move|p2a: Jolteon|Alluring Voice|p1a: Landorus
|-damage|p1a: Landorus|0 fnt
|faint|p1a: Landorus
|
|-weather|none
|-damage|p2a: Jolteon|0 fnt|[from] psn
|faint|p2a: Jolteon
|upkeep
|c|☆Modgrols|Lol
|
|t:|1758235471
|switch|p2a: Hydrapple|Hydrapple, F|100/100
|switch|p1a: Electrode|Electrode-Hisui, shiny|100/100
|turn|18
|
|t:|1758235477
|-terastallize|p1a: Electrode|Ice
|move|p1a: Electrode|Tera Blast|p2a: Hydrapple|[anim] Tera Blast Ice
|-supereffective|p2a: Hydrapple
|-damage|p2a: Hydrapple|0 fnt
|faint|p2a: Hydrapple
|
|upkeep
|
|t:|1758235481
|switch|p2a: Kingambit|Kingambit, M|100/100
|-activate|p2a: Kingambit|ability: Supreme Overlord
|-start|p2a: Kingambit|fallen3|[silent]
|turn|19
|
|t:|1758235489
|switch|p1a: Great Tusk|Great Tusk|100/100
|move|p2a: Kingambit|Swords Dance|p2a: Kingambit
|-boost|p2a: Kingambit|atk|2
|
|upkeep
|turn|20
|
|t:|1758235499
|-terastallize|p2a: Kingambit|Ghost
|move|p1a: Great Tusk|Headlong Rush|p2a: Kingambit
|-damage|p2a: Kingambit|43/100
|-unboost|p1a: Great Tusk|def|1
|-unboost|p1a: Great Tusk|spd|1
|move|p2a: Kingambit|Iron Head|p1a: Great Tusk
|-damage|p1a: Great Tusk|0 fnt
|faint|p1a: Great Tusk
|-end|p1a: Great Tusk|Protosynthesis|[silent]
|
|-heal|p2a: Kingambit|49/100|[from] item: Leftovers
|upkeep
|
|t:|1758235517
|switch|p1a: Alomomola|Alomomola, F, shiny|100/100 brn
|turn|21
|
|t:|1758235524
|move|p2a: Kingambit|Kowtow Cleave|p1a: Alomomola
|-damage|p1a: Alomomola|33/100 brn
|move|p1a: Alomomola|Scald|p2a: Kingambit
|-damage|p2a: Kingambit|34/100
|-status|p2a: Kingambit|brn
|
|-heal|p2a: Kingambit|40/100 brn|[from] item: Leftovers
|-damage|p2a: Kingambit|34/100 brn|[from] brn
|-damage|p1a: Alomomola|26/100 brn|[from] brn
|upkeep
|turn|22
|
|t:|1758235535
|move|p2a: Kingambit|Kowtow Cleave|p1a: Alomomola
|-damage|p1a: Alomomola|0 fnt
|faint|p1a: Alomomola
|
|-heal|p2a: Kingambit|40/100 brn|[from] item: Leftovers
|-damage|p2a: Kingambit|34/100 brn|[from] brn
|upkeep
|
|t:|1758235544
|switch|p1a: Gallade|Gallade, M, shiny|100/100
|turn|23
|
|t:|1758235550
|move|p2a: Kingambit|Sucker Punch|p1a: Gallade
|-damage|p1a: Gallade|2/100
|move|p1a: Gallade|Knock Off|p2a: Kingambit
|-supereffective|p2a: Kingambit
|-damage|p2a: Kingambit|0 fnt
|-enditem|p2a: Kingambit|Leftovers|[from] move: Knock Off|[of] p1a: Gallade
|faint|p2a: Kingambit
|-end|p2a: Kingambit|fallen3|[silent]
|
|upkeep
|
|t:|1758235559
|switch|p2a: Moltres|Moltres|100/100
|turn|24
|
|t:|1758235566
|move|p1a: Gallade|Knock Off|p2a: Moltres
|-damage|p2a: Moltres|55/100
|-enditem|p2a: Moltres|Heavy-Duty Boots|[from] move: Knock Off|[of] p1a: Gallade
|move|p2a: Moltres|Flamethrower|p1a: Gallade
|-damage|p1a: Gallade|0 fnt
|faint|p1a: Gallade
|
|upkeep
|
|t:|1758235574
|switch|p1a: Slowking|Slowking-Galar, F|56/100 par
|turn|25
|
|t:|1758235580
|switch|p2a: Great Tusk|Great Tusk|100/100
|move|p1a: Slowking|Future Sight|p2a: Great Tusk
|-start|p1a: Slowking|move: Future Sight
|
|upkeep
|turn|26
|
|t:|1758235586
|move|p2a: Great Tusk|Rapid Spin|p1a: Slowking
|-damage|p1a: Slowking|40/100 par
|-boost|p2a: Great Tusk|spe|1
|-prepare|p1a: Slowking|Chilly Reception|[premajor]
|move|p1a: Slowking|Chilly Reception|p1a: Slowking
|-weather|Snowscape
|
|t:|1758235593
|switch|p1a: Electrode|Electrode-Hisui, shiny, tera:Ice|100/100|[from] Chilly Reception
|
|-weather|Snowscape|[upkeep]
|upkeep
|turn|27
|
|t:|1758235598
|switch|p1a: Slowking|Slowking-Galar, F|73/100 par
|-end|p2a: Great Tusk|Protosynthesis|[silent]
|switch|p2a: Moltres|Moltres|55/100
|
|-weather|Snowscape|[upkeep]
|-end|p2a: Moltres|move: Future Sight
|-damage|p2a: Moltres|25/100
|upkeep
|turn|28
|
|t:|1758235608
|switch|p2a: Great Tusk|Great Tusk|100/100
|move|p1a: Slowking|Future Sight|p2a: Great Tusk
|-start|p1a: Slowking|move: Future Sight
|
|-weather|Snowscape|[upkeep]
|upkeep
|turn|29
|
|t:|1758235615
|move|p2a: Great Tusk|Stealth Rock|p1a: Slowking
|-sidestart|p1: Modgrols|move: Stealth Rock
|-prepare|p1a: Slowking|Chilly Reception|[premajor]
|move|p1a: Slowking|Chilly Reception|p1a: Slowking
|
|t:|1758235620
|switch|p1a: Electrode|Electrode-Hisui, shiny, tera:Ice|100/100|[from] Chilly Reception
|-damage|p1a: Electrode|76/100|[from] Stealth Rock
|
|-weather|Snowscape|[upkeep]
|upkeep
|turn|30
|c|☆Modgrols|Gg
|
|t:|1758235627
|-end|p2a: Great Tusk|Protosynthesis|[silent]
|switch|p2a: Moltres|Moltres|25/100
|move|p1a: Electrode|Tera Blast|p2a: Moltres|[anim] Tera Blast Ice
|-damage|p2a: Moltres|0 fnt
|faint|p2a: Moltres
|
|-weather|none
|-hint|Future Sight did not hit because the target is fainted.
|upkeep
|
|t:|1758235633
|switch|p2a: Great Tusk|Great Tusk|100/100
|turn|31
|
|t:|1758235638
|move|p1a: Electrode|Tera Blast|p2a: Great Tusk|[anim] Tera Blast Ice
|-supereffective|p2a: Great Tusk
|-damage|p2a: Great Tusk|0 fnt
|faint|p2a: Great Tusk
|-end|p2a: Great Tusk|Protosynthesis|[silent]
|
|win|Modgrols
|raw|Modgrols's rating: 1246 &rarr; <strong>1275</strong><br />(+29 for winning)
|raw|IronClod's rating: 1298 &rarr; <strong>1269</strong><br />(-29 for losing)
|l|☆IronClod
|player|p2|
|c|☆Modgrols|Lol
