|j|☆Kaleor
|j|☆jdhdbdj
|t:|1758263085
|gametype|singles
|player|p1|Kaleor|swimmer-gen4dp|1544
|player|p2|jdhdbdj|1|1467
|gen|9
|tier|[Gen 9] OU
|rated|
|rule|HP Percentage Mod: HP is shown in percentages
|rule|Endless Battle Clause: Forcing endless battles is banned
|rule|Species Clause: Limit one of each Pokémon
|rule|OHKO Clause: OHKO moves are banned
|rule|Evasion Items Clause: Evasion items are banned
|rule|Evasion Moves Clause: Evasion moves are banned
|rule|Evasion Abilities Clause: Evasion abilities are banned
|rule|Sleep Moves Clause: Sleep-inducing moves are banned
|clearpoke
|poke|p1|Garchomp, M|
|poke|p1|Zapdos|
|poke|p1|Darkrai|
|poke|p1|Ceruledge, F|
|poke|p1|Enamorus, F|
|poke|p1|Great Tusk|
|poke|p2|Ting-Lu|
|poke|p2|Darkrai|
|poke|p2|Corviknight, M|
|poke|p2|Fezandipiti, M|
|poke|p2|Pecharunt|
|poke|p2|Scizor, M|
|teampreview
|inactive|Battle timer is ON: inactive players will automatically lose when time's up. (requested by jdhdbdj)
|
|t:|1758263101
|teamsize|p1|6
|teamsize|p2|6
|start
|switch|p1a: Garchomp|Garchomp, M|100/100
|switch|p2a: Ting-Lu|Ting-Lu|100/100
|-ability|p2a: Ting-Lu|Vessel of Ruin
|turn|1
|
|t:|1758263112
|move|p1a: Garchomp|Stealth Rock|p2a: Ting-Lu
|-sidestart|p2: jdhdbdj|move: Stealth Rock
|move|p2a: Ting-Lu|Stealth Rock|p1a: Garchomp
|-sidestart|p1: Kaleor|move: Stealth Rock
|
|upkeep
|turn|2
|
|t:|1758263117
|move|p1a: Garchomp|Spikes|p2a: Ting-Lu
|-sidestart|p2: jdhdbdj|Spikes
|move|p2a: Ting-Lu|Spikes|p1a: Garchomp
|-sidestart|p1: Kaleor|Spikes
|
|upkeep
|turn|3
|
|t:|1758263123
|move|p1a: Garchomp|Spikes|p2a: Ting-Lu
|-sidestart|p2: jdhdbdj|Spikes
|move|p2a: Ting-Lu|Spikes|p1a: Garchomp
|-sidestart|p1: Kaleor|Spikes
|
|upkeep
|turn|4
|
|t:|1758263128
|move|p1a: Garchomp|Spikes|p2a: Ting-Lu
|-sidestart|p2: jdhdbdj|Spikes
|move|p2a: Ting-Lu|Spikes|p1a: Garchomp
|-sidestart|p1: Kaleor|Spikes
|
|upkeep
|turn|5
|
|t:|1758263138
|move|p2a: Ting-Lu|Ruination|p1a: Garchomp
|-damage|p1a: Garchomp|50/100
|move|p1a: Garchomp|Dragon Tail|p2a: Ting-Lu
|-damage|p2a: Ting-Lu|87/100
|drag|p2a: Pecharunt|Pecharunt|100/100
|
|upkeep
|turn|6
|
|t:|1758263147
|move|p1a: Garchomp|Earthquake|p2a: Pecharunt
|-supereffective|p2a: Pecharunt
|-damage|p2a: Pecharunt|62/100
|move|p2a: Pecharunt|Parting Shot|p1a: Garchomp
|-unboost|p1a: Garchomp|atk|1
|-unboost|p1a: Garchomp|spa|1
|
|t:|1758263154
|switch|p2a: Fezandipiti|Fezandipiti, M|100/100|[from] Parting Shot
|
|upkeep
|turn|7
|
|t:|1758263158
|move|p2a: Fezandipiti|Moonblast|p1a: Garchomp
|-supereffective|p1a: Garchomp
|-damage|p1a: Garchomp|3/100
|move|p1a: Garchomp|Earthquake|p2a: Fezandipiti
|-supereffective|p2a: Fezandipiti
|-damage|p2a: Fezandipiti|37/100
|
|upkeep
|turn|8
|
|t:|1758263168
|move|p2a: Fezandipiti|Moonblast|p1a: Garchomp
|-supereffective|p1a: Garchomp
|-damage|p1a: Garchomp|0 fnt
|faint|p1a: Garchomp
|
|upkeep
|
|t:|1758263175
|switch|p1a: Zapdos|Zapdos|100/100
|turn|9
|
|t:|1758263181
|move|p1a: Zapdos|Hurricane|p2a: Fezandipiti
|-damage|p2a: Fezandipiti|4/100
|-start|p2a: Fezandipiti|confusion
|-activate|p2a: Fezandipiti|confusion
|move|p2a: Fezandipiti|Roost|p2a: Fezandipiti
|-heal|p2a: Fezandipiti|54/100
|-singleturn|p2a: Fezandipiti|move: Roost
|
|upkeep
|turn|10
|
|t:|1758263188
|move|p1a: Zapdos|Volt Switch|p2a: Fezandipiti
|-damage|p2a: Fezandipiti|33/100
|
|t:|1758263195
|switch|p1a: Darkrai|Darkrai|100/100|[from] Volt Switch
|-damage|p1a: Darkrai|88/100|[from] Stealth Rock
|-damage|p1a: Darkrai|63/100|[from] Spikes
|-activate|p2a: Fezandipiti|confusion
|move|p2a: Fezandipiti|Roost|p2a: Fezandipiti
|-heal|p2a: Fezandipiti|83/100
|-singleturn|p2a: Fezandipiti|move: Roost
|
|upkeep
|turn|11
|
|t:|1758263209
|move|p1a: Darkrai|Trick|p2a: Fezandipiti
|-activate|p1a: Darkrai|move: Trick|[of] p2a: Fezandipiti
|-item|p2a: Fezandipiti|Choice Scarf|[from] move: Trick
|-item|p1a: Darkrai|Heavy-Duty Boots|[from] move: Trick
|-activate|p2a: Fezandipiti|confusion
|-damage|p2a: Fezandipiti|75/100|[from] confusion
|
|upkeep
|turn|12
|l|☆Kaleor
|inactive|Kaleor disconnected and has a minute to reconnect!
|player|p1|
|inactive|Kaleor has 30 seconds to reconnect!
|j|☆Kaleor
|inactive|Kaleor reconnected and has 120 seconds left.
|player|p1|Kaleor|swimmer-gen4dp|
|
|t:|1758263249
|move|p1a: Darkrai|Ice Beam|p2a: Fezandipiti
|-damage|p2a: Fezandipiti|55/100
|-end|p2a: Fezandipiti|confusion
|move|p2a: Fezandipiti|Moonblast|p1a: Darkrai
|-supereffective|p1a: Darkrai
|-damage|p1a: Darkrai|0 fnt
|faint|p1a: Darkrai
|
|upkeep
|
|t:|1758263262
|switch|p1a: Ceruledge|Ceruledge, F|100/100
|-damage|p1a: Ceruledge|76/100|[from] Stealth Rock
|-damage|p1a: Ceruledge|51/100|[from] Spikes
|turn|13
|
|t:|1758263270
|move|p2a: Fezandipiti|Moonblast|p1a: Ceruledge
|-resisted|p1a: Ceruledge
|-damage|p1a: Ceruledge|37/100
|-unboost|p1a: Ceruledge|spa|1
|-status|p1a: Ceruledge|tox|[from] ability: Toxic Chain|[of] p2a: Fezandipiti
|move|p1a: Ceruledge|Bitter Blade|p2a: Fezandipiti
|-damage|p2a: Fezandipiti|9/100
|-heal|p1a: Ceruledge|67/100 tox|[from] drain|[of] p2a: Fezandipiti
|
|-damage|p1a: Ceruledge|61/100 tox|[from] psn
|upkeep
|turn|14
|inactive|Kaleor has 120 seconds left.
|
|t:|1758263289
|switch|p2a: Ting-Lu|Ting-Lu|87/100
|-damage|p2a: Ting-Lu|81/100|[from] Stealth Rock
|-damage|p2a: Ting-Lu|56/100|[from] Spikes
|-ability|p2a: Ting-Lu|Vessel of Ruin
|move|p1a: Ceruledge|Swords Dance|p1a: Ceruledge
|-boost|p1a: Ceruledge|atk|2
|
|-heal|p2a: Ting-Lu|62/100|[from] item: Leftovers
|-damage|p1a: Ceruledge|49/100 tox|[from] psn
|upkeep
|turn|15
|
|t:|1758263302
|move|p1a: Ceruledge|Bitter Blade|p2a: Ting-Lu
|-damage|p2a: Ting-Lu|17/100
|-heal|p1a: Ceruledge|89/100 tox|[from] drain|[of] p2a: Ting-Lu
|move|p2a: Ting-Lu|Earthquake|p1a: Ceruledge
|-supereffective|p1a: Ceruledge
|-crit|p1a: Ceruledge
|-damage|p1a: Ceruledge|0 fnt
|faint|p1a: Ceruledge
|
|-heal|p2a: Ting-Lu|23/100|[from] item: Leftovers
|upkeep
|
|t:|1758263308
|switch|p1a: Great Tusk|Great Tusk|100/100
|-damage|p1a: Great Tusk|98/100|[from] Stealth Rock
|-damage|p1a: Great Tusk|73/100|[from] Spikes
|turn|16
|
|t:|1758263320
|switch|p2a: Pecharunt|Pecharunt|62/100
|move|p1a: Great Tusk|Bulk Up|p1a: Great Tusk
|-boost|p1a: Great Tusk|atk|1
|-boost|p1a: Great Tusk|def|1
|
|-heal|p1a: Great Tusk|79/100|[from] item: Leftovers
|upkeep
|turn|17
|
|t:|1758263329
|move|p1a: Great Tusk|Headlong Rush|p2a: Pecharunt
|-supereffective|p2a: Pecharunt
|-damage|p2a: Pecharunt|0 fnt
|-unboost|p1a: Great Tusk|def|1
|-unboost|p1a: Great Tusk|spd|1
|faint|p2a: Pecharunt
|
|-heal|p1a: Great Tusk|85/100|[from] item: Leftovers
|upkeep
|
|t:|1758263339
|switch|p2a: Darkrai|Darkrai|100/100
|-damage|p2a: Darkrai|88/100|[from] Stealth Rock
|-damage|p2a: Darkrai|63/100|[from] Spikes
|turn|18
|
|t:|1758263351
|-end|p1a: Great Tusk|Protosynthesis|[silent]
|switch|p1a: Enamorus|Enamorus, F|100/100
|-damage|p1a: Enamorus|76/100|[from] Stealth Rock
|move|p2a: Darkrai|Ice Beam|p1a: Enamorus
|-supereffective|p1a: Enamorus
|-damage|p1a: Enamorus|0 fnt
|faint|p1a: Enamorus
|
|upkeep
|
|t:|1758263354
|switch|p1a: Great Tusk|Great Tusk|85/100
|-damage|p1a: Great Tusk|82/100|[from] Stealth Rock
|-damage|p1a: Great Tusk|57/100|[from] Spikes
|turn|19
|
|t:|1758263364
|-terastallize|p1a: Great Tusk|Ice
|move|p2a: Darkrai|Ice Beam|p1a: Great Tusk
|-resisted|p1a: Great Tusk
|-damage|p1a: Great Tusk|24/100
|move|p1a: Great Tusk|Rapid Spin|p2a: Darkrai
|-damage|p2a: Darkrai|45/100
|-boost|p1a: Great Tusk|spe|1
|-sideend|p1: Kaleor|Spikes|[from] move: Rapid Spin|[of] p1a: Great Tusk
|-sideend|p1: Kaleor|Stealth Rock|[from] move: Rapid Spin|[of] p1a: Great Tusk
|
|-heal|p1a: Great Tusk|30/100|[from] item: Leftovers
|upkeep
|turn|20
|j| Ctannn
|
|t:|1758263375
|move|p1a: Great Tusk|Headlong Rush|p2a: Darkrai
|-damage|p2a: Darkrai|0 fnt
|-unboost|p1a: Great Tusk|def|1
|-unboost|p1a: Great Tusk|spd|1
|faint|p2a: Darkrai
|
|-heal|p1a: Great Tusk|37/100|[from] item: Leftovers
|upkeep
|
|t:|1758263386
|switch|p2a: Scizor|Scizor, M|100/100
|-damage|p2a: Scizor|88/100|[from] Stealth Rock
|-damage|p2a: Scizor|63/100|[from] Spikes
|turn|21
|
|t:|1758263393
|-end|p1a: Great Tusk|Protosynthesis|[silent]
|switch|p1a: Zapdos|Zapdos|100/100
|-terastallize|p2a: Scizor|Steel
|move|p2a: Scizor|Bullet Punch|p1a: Zapdos
|-resisted|p1a: Zapdos
|-damage|p1a: Zapdos|57/100
|
|upkeep
|turn|22
|
|t:|1758263411
|move|p2a: Scizor|Bullet Punch|p1a: Zapdos
|-resisted|p1a: Zapdos
|-damage|p1a: Zapdos|15/100
|move|p1a: Zapdos|Heat Wave|p2a: Scizor
|-supereffective|p2a: Scizor
|-damage|p2a: Scizor|0 fnt
|faint|p2a: Scizor
|
|upkeep
|
|t:|1758263422
|switch|p2a: Corviknight|Corviknight, M|100/100
|-damage|p2a: Corviknight|88/100|[from] Stealth Rock
|-ability|p2a: Corviknight|Pressure
|turn|23
|
|t:|1758263428
|move|p1a: Zapdos|Roost|p1a: Zapdos
|-heal|p1a: Zapdos|66/100
|-singleturn|p1a: Zapdos|move: Roost
|move|p2a: Corviknight|Body Press|p1a: Zapdos
|-damage|p1a: Zapdos|33/100
|-status|p2a: Corviknight|par|[from] ability: Static|[of] p1a: Zapdos
|
|upkeep
|turn|24
|
|t:|1758263438
|move|p1a: Zapdos|Roost|p1a: Zapdos
|-heal|p1a: Zapdos|83/100
|-singleturn|p1a: Zapdos|move: Roost
|move|p2a: Corviknight|Iron Defense|p2a: Corviknight
|-boost|p2a: Corviknight|def|2
|
|upkeep
|turn|25
|
|t:|1758263446
|move|p1a: Zapdos|Heat Wave|p2a: Corviknight|[miss]
|-miss|p1a: Zapdos|p2a: Corviknight
|move|p2a: Corviknight|Body Press|p1a: Zapdos
|-resisted|p1a: Zapdos
|-damage|p1a: Zapdos|51/100
|
|upkeep
|turn|26
|
|t:|1758263453
|move|p1a: Zapdos|Roost|p1a: Zapdos
|-heal|p1a: Zapdos|100/100
|-singleturn|p1a: Zapdos|move: Roost
|move|p2a: Corviknight|Iron Defense|p2a: Corviknight
|-boost|p2a: Corviknight|def|2
|
|upkeep
|turn|27
|
|t:|1758263461
|move|p1a: Zapdos|Heat Wave|p2a: Corviknight
|-supereffective|p2a: Corviknight
|-damage|p2a: Corviknight|22/100 par
|move|p2a: Corviknight|Body Press|p1a: Zapdos
|-resisted|p1a: Zapdos
|-damage|p1a: Zapdos|57/100
|
|upkeep
|turn|28
|
|t:|1758263469
|move|p1a: Zapdos|Volt Switch|p2a: Corviknight
|-supereffective|p2a: Corviknight
|-damage|p2a: Corviknight|0 fnt
|faint|p2a: Corviknight
|
|t:|1758263471
|switch|p1a: Great Tusk|Great Tusk, tera:Ice|37/100|[from] Volt Switch
|
|-heal|p1a: Great Tusk|43/100|[from] item: Leftovers
|upkeep
|-message|jdhdbdj forfeited.
|
|win|Kaleor
|raw|Kaleor's rating: 1544 &rarr; <strong>1560</strong><br />(+16 for winning)
|raw|jdhdbdj's rating: 1467 &rarr; <strong>1451</strong><br />(-16 for losing)
|l|☆jdhdbdj
|player|p2|
|l|☆Kaleor
|player|p1|
