|j|‽jpoh2i1n31
|j|☆LousiV
|t:|1758359722
|gametype|singles
|player|p1|jpoh2i1n31|169|1204
|player|p2|LousiV|102|1173
|gen|9
|tier|[Gen 9] OU
|rated|
|rule|HP Percentage Mod: HP is shown in percentages
|rule|Endless Battle Clause: Forcing endless battles is banned
|rule|Species Clause: Limit one of each Pokémon
|rule|OHKO Clause: OHKO moves are banned
|rule|Evasion Items Clause: Evasion items are banned
|rule|Evasion Moves Clause: Evasion moves are banned
|rule|Evasion Abilities Clause: Evasion abilities are banned
|rule|Sleep Moves Clause: Sleep-inducing moves are banned
|clearpoke
|poke|p1|Milotic, F|
|poke|p1|Keldeo-Resolute|
|poke|p1|Ursaluna, M|
|poke|p1|Dragapult, M|
|poke|p1|Zapdos|
|poke|p1|Clefable, F|
|poke|p2|Cetitan, F|
|poke|p2|Azumarill, F|
|poke|p2|Abomasnow, F|
|poke|p2|Slowking, F|
|poke|p2|Sandy Shocks|
|poke|p2|Dragonite, M|
|teampreview
|inactive|Battle timer is ON: inactive players will automatically lose when time's up. (requested by LousiV)
|
|t:|1758359731
|teamsize|p1|6
|teamsize|p2|6
|start
|switch|p1a: Dragapult|Dragapult, M|100/100
|switch|p2a: Abomasnow|Abomasnow, F|100/100
|-weather|Snowscape|[from] ability: Snow Warning|[of] p2a: Abomasnow
|turn|1
|
|t:|1758359752
|move|p1a: Dragapult|U-turn|p2a: Abomasnow
|-supereffective|p2a: Abomasnow
|-damage|p2a: Abomasnow|68/100
|
|t:|1758359758
|switch|p1a: Clefable|Clefable, F|100/100|[from] U-turn
|move|p2a: Abomasnow|Blizzard|p1a: Clefable
|-damage|p1a: Clefable|54/100
|-status|p1a: Clefable|frz
|
|-weather|Snowscape|[upkeep]
|-heal|p1a: Clefable|60/100 frz|[from] item: Leftovers
|upkeep
|turn|2
|
|t:|1758359767
|switch|p2a: Cetitan|Cetitan, F|100/100
|-curestatus|p1a: Clefable|frz|[msg]
|move|p1a: Clefable|Stealth Rock|p2a: Cetitan
|-sidestart|p2: LousiV|move: Stealth Rock
|
|-weather|Snowscape|[upkeep]
|-heal|p1a: Clefable|66/100|[from] item: Leftovers
|upkeep
|turn|3
|
|t:|1758359774
|switch|p1a: Milotic|Milotic, F|100/100
|move|p2a: Cetitan|Icicle Crash|p1a: Milotic
|-resisted|p1a: Milotic
|-damage|p1a: Milotic|75/100
|
|-weather|Snowscape|[upkeep]
|-heal|p1a: Milotic|81/100|[from] item: Leftovers
|upkeep
|turn|4
|
|t:|1758359781
|move|p1a: Milotic|Haze|p1a: Milotic
|-clearallboost
|move|p2a: Cetitan|Play Rough|p1a: Milotic
|-crit|p1a: Milotic
|-damage|p1a: Milotic|19/100
|
|-weather|Snowscape|[upkeep]
|-heal|p1a: Milotic|25/100|[from] item: Leftovers
|upkeep
|turn|5
|
|t:|1758359787
|move|p1a: Milotic|Flip Turn|p2a: Cetitan
|-damage|p2a: Cetitan|93/100
|
|t:|1758359793
|switch|p1a: Keldeo|Keldeo-Resolute, shiny|100/100|[from] Flip Turn
|move|p2a: Cetitan|Play Rough|p1a: Keldeo
|-supereffective|p1a: Keldeo
|-damage|p1a: Keldeo|0 fnt
|faint|p1a: Keldeo
|
|-weather|none
|upkeep
|
|t:|1758359800
|switch|p1a: Ursaluna|Ursaluna, M|100/100
|turn|6
|
|t:|1758359804
|move|p1a: Ursaluna|Fire Punch|p2a: Cetitan
|-supereffective|p2a: Cetitan
|-damage|p2a: Cetitan|40/100
|move|p2a: Cetitan|Liquidation|p1a: Ursaluna
|-supereffective|p1a: Ursaluna
|-damage|p1a: Ursaluna|17/100
|
|-status|p1a: Ursaluna|brn|[from] item: Flame Orb
|upkeep
|turn|7
|
|t:|1758359808
|move|p2a: Cetitan|Ice Shard|p1a: Ursaluna
|-supereffective|p1a: Ursaluna
|-damage|p1a: Ursaluna|0 fnt
|faint|p1a: Ursaluna
|-damage|p2a: Cetitan|30/100|[from] item: Life Orb
|
|upkeep
|
|t:|1758359811
|switch|p1a: Dragapult|Dragapult, M|100/100
|turn|8
|
|t:|1758359814
|move|p1a: Dragapult|Dragon Darts|p2a: Cetitan
|-damage|p2a: Cetitan|11/100
|-anim|p1a: Dragapult|Dragon Darts|p2a: Cetitan
|-damage|p2a: Cetitan|0 fnt
|faint|p2a: Cetitan
|
|upkeep
|
|t:|1758359817
|switch|p2a: Abomasnow|Abomasnow, F|68/100
|-damage|p2a: Abomasnow|43/100|[from] Stealth Rock
|-weather|Snowscape|[from] ability: Snow Warning|[of] p2a: Abomasnow
|turn|9
|
|t:|1758359821
|move|p1a: Dragapult|Dragon Darts|p2a: Abomasnow
|-damage|p2a: Abomasnow|26/100
|-anim|p1a: Dragapult|Dragon Darts|p2a: Abomasnow
|-damage|p2a: Abomasnow|8/100
|move|p2a: Abomasnow|Blizzard|p1a: Dragapult
|-supereffective|p1a: Dragapult
|-damage|p1a: Dragapult|0 fnt
|faint|p1a: Dragapult
|
|-weather|Snowscape|[upkeep]
|upkeep
|
|t:|1758359825
|switch|p1a: Zapdos|Zapdos|100/100
|turn|10
|
|t:|1758359827
|move|p1a: Zapdos|Discharge|p2a: Abomasnow
|-resisted|p2a: Abomasnow
|-damage|p2a: Abomasnow|0 fnt
|faint|p2a: Abomasnow
|
|-weather|Snowscape|[upkeep]
|upkeep
|
|t:|1758359833
|switch|p2a: Dragonite|Dragonite, M|100/100
|turn|11
|
|t:|1758359836
|move|p2a: Dragonite|Dragon Dance|p2a: Dragonite
|-boost|p2a: Dragonite|atk|1
|-boost|p2a: Dragonite|spe|1
|move|p1a: Zapdos|Discharge|p2a: Dragonite
|-damage|p2a: Dragonite|84/100
|
|-weather|Snowscape|[upkeep]
|upkeep
|turn|12
|
|t:|1758359840
|move|p2a: Dragonite|Dragon Dance|p2a: Dragonite
|-boost|p2a: Dragonite|atk|1
|-boost|p2a: Dragonite|spe|1
|move|p1a: Zapdos|Discharge|p2a: Dragonite
|-damage|p2a: Dragonite|50/100
|
|-weather|Snowscape|[upkeep]
|upkeep
|turn|13
|
|t:|1758359843
|move|p2a: Dragonite|Extreme Speed|p1a: Zapdos
|-damage|p1a: Zapdos|55/100
|move|p1a: Zapdos|Discharge|p2a: Dragonite
|-damage|p2a: Dragonite|12/100
|-status|p2a: Dragonite|par
|
|-weather|none
|upkeep
|turn|14
|
|t:|1758359847
|move|p2a: Dragonite|Extreme Speed|p1a: Zapdos
|-damage|p1a: Zapdos|14/100
|move|p1a: Zapdos|Roost|p1a: Zapdos
|-heal|p1a: Zapdos|64/100
|-singleturn|p1a: Zapdos|move: Roost
|
|upkeep
|turn|15
|
|t:|1758359853
|move|p2a: Dragonite|Ice Spinner|p1a: Zapdos
|-supereffective|p1a: Zapdos
|-damage|p1a: Zapdos|0 fnt
|faint|p1a: Zapdos
|
|upkeep
|inactive|jpoh2i1n31 has 120 seconds left.
|inactive|jpoh2i1n31 has 90 seconds left.
|inactive|jpoh2i1n31 has 60 seconds left.
|inactive|jpoh2i1n31 has 30 seconds left.
|inactive|jpoh2i1n31 has 20 seconds left.
|inactive|jpoh2i1n31 has 15 seconds left.
|inactive|jpoh2i1n31 has 10 seconds left.
|inactive|jpoh2i1n31 has 5 seconds left.
|-message|jpoh2i1n31 lost due to inactivity.
|
|win|LousiV
|raw|jpoh2i1n31's rating: 1204 &rarr; <strong>1177</strong><br />(-27 for losing)
|raw|LousiV's rating: 1173 &rarr; <strong>1200</strong><br />(+27 for winning)
|l|☆LousiV
|player|p2|
