|j|☆pastasbet
|j|☆FanNovato
|t:|1758290155
|gametype|singles
|player|p1|pastasbet|pokefanf-gen4|1145
|player|p2|FanNovato|benga|1178
|gen|9
|tier|[Gen 9] OU
|rated|
|rule|HP Percentage Mod: HP is shown in percentages
|rule|Endless Battle Clause: Forcing endless battles is banned
|rule|Species Clause: Limit one of each Pokémon
|rule|OHKO Clause: OHKO moves are banned
|rule|Evasion Items Clause: Evasion items are banned
|rule|Evasion Moves Clause: Evasion moves are banned
|rule|Evasion Abilities Clause: Evasion abilities are banned
|rule|Sleep Moves Clause: Sleep-inducing moves are banned
|clearpoke
|poke|p1|Swalot, F|
|poke|p1|Glimmora, F|
|poke|p1|Ceruledge, F|
|poke|p1|Araquanid, F|
|poke|p1|Great Tusk|
|poke|p1|Gliscor, M|
|poke|p2|Kommo-o, M|
|poke|p2|Ceruledge, F|
|poke|p2|Kingambit, M|
|poke|p2|Magnezone|
|poke|p2|Maushold-Four|
|poke|p2|Zoroark-Hisui, F|
|teampreview
|
|t:|1758290160
|teamsize|p1|6
|teamsize|p2|6
|start
|switch|p1a: Swalot|Swalot, F, shiny|100/100
|switch|p2a: Simpson|Maushold-Four, shiny|100/100
|turn|1
|inactive|Battle timer is ON: inactive players will automatically lose when time's up. (requested by FanNovato)
|
|t:|1758290170
|move|p2a: Simpson|Bitter Malice|p1a: Swalot
|-damage|p1a: Swalot|55/100
|-unboost|p1a: Swalot|atk|1
|move|p1a: Swalot|Stuff Cheeks|p1a: Swalot
|-boost|p1a: Swalot|def|2
|-enditem|p1a: Swalot|Starf Berry|[eat]
|-boost|p1a: Swalot|spa|2|[from] item: Starf Berry
|
|upkeep
|turn|2
|
|t:|1758290180
|move|p2a: Simpson|Bitter Malice|p1a: Swalot
|-damage|p1a: Swalot|10/100
|-unboost|p1a: Swalot|atk|1
|move|p1a: Swalot|Belch|p2a: Simpson
|-resisted|p2a: Simpson
|-damage|p2a: Simpson|26/100
|replace|p2a: Alma|Zoroark-Hisui, F
|-end|p2a: Alma|Illusion
|
|upkeep
|turn|3
|
|t:|1758290197
|move|p2a: Alma|Bitter Malice|p1a: Swalot
|-damage|p1a: Swalot|0 fnt
|faint|p1a: Swalot
|
|upkeep
|
|t:|1758290214
|switch|p1a: Gliscor|Gliscor, M|100/100
|turn|4
|
|t:|1758290217
|move|p2a: Alma|Bitter Malice|p1a: Gliscor
|-damage|p1a: Gliscor|47/100
|-unboost|p1a: Gliscor|atk|1
|move|p1a: Gliscor|Substitute|p1a: Gliscor
|-start|p1a: Gliscor|Substitute
|-damage|p1a: Gliscor|22/100
|
|-status|p1a: Gliscor|tox|[from] item: Toxic Orb
|upkeep
|turn|5
|
|t:|1758290227
|move|p1a: Gliscor|Protect|p1a: Gliscor
|-singleturn|p1a: Gliscor|Protect
|move|p2a: Alma|Bitter Malice|p1a: Gliscor
|-activate|p1a: Gliscor|move: Protect
|
|-heal|p1a: Gliscor|34/100 tox|[from] ability: Poison Heal
|upkeep
|turn|6
|
|t:|1758290237
|move|p2a: Alma|Bitter Malice|p1a: Gliscor
|-end|p1a: Gliscor|Substitute
|move|p1a: Gliscor|Earthquake|p2a: Alma
|-damage|p2a: Alma|0 fnt
|faint|p2a: Alma
|
|-heal|p1a: Gliscor|46/100 tox|[from] ability: Poison Heal
|upkeep
|
|t:|1758290243
|switch|p2a: Dovahkiin|Kommo-o, M|100/100
|turn|7
|
|t:|1758290248
|move|p1a: Gliscor|Protect|p1a: Gliscor
|-singleturn|p1a: Gliscor|Protect
|move|p2a: Dovahkiin|Clangorous Soul|p2a: Dovahkiin
|-boost|p2a: Dovahkiin|atk|1
|-boost|p2a: Dovahkiin|def|1
|-boost|p2a: Dovahkiin|spa|1
|-boost|p2a: Dovahkiin|spd|1
|-boost|p2a: Dovahkiin|spe|1
|-damage|p2a: Dovahkiin|68/100
|
|-heal|p2a: Dovahkiin|74/100|[from] item: Leftovers
|-heal|p1a: Gliscor|59/100 tox|[from] ability: Poison Heal
|upkeep
|turn|8
|
|t:|1758290260
|move|p2a: Dovahkiin|Clanging Scales|p1a: Gliscor
|-damage|p1a: Gliscor|0 fnt
|faint|p1a: Gliscor
|-unboost|p2a: Dovahkiin|def|1
|
|-heal|p2a: Dovahkiin|80/100|[from] item: Leftovers
|upkeep
|-message|pastasbet forfeited.
|
|win|FanNovato
|raw|pastasbet's rating: 1145 &rarr; <strong>1122</strong><br />(-23 for losing)
|raw|FanNovato's rating: 1178 &rarr; <strong>1201</strong><br />(+23 for winning)
|l|☆pastasbet
|player|p1|
|l|☆FanNovato
|player|p2|
