|j|☆Moreiny
|j|☆Lisia of Lillycove
|t:|1758345610
|gametype|singles
|player|p1|Moreiny|102|1386
|player|p2|Lisia of Lillycove|guitarist|1336
|gen|9
|tier|[Gen 9] OU
|rated|
|rule|HP Percentage Mod: HP is shown in percentages
|rule|Endless Battle Clause: Forcing endless battles is banned
|rule|Species Clause: Limit one of each Pokémon
|rule|OHKO Clause: OHKO moves are banned
|rule|Evasion Items Clause: Evasion items are banned
|rule|Evasion Moves Clause: Evasion moves are banned
|rule|Evasion Abilities Clause: Evasion abilities are banned
|rule|Sleep Moves Clause: Sleep-inducing moves are banned
|clearpoke
|poke|p1|Indeedee, M|
|poke|p1|Great Tusk|
|poke|p1|Iron Crown|
|poke|p1|Polteageist|
|poke|p1|Hawlucha, F|
|poke|p1|Deoxys-Speed|
|poke|p2|Meowscarada, F|
|poke|p2|Magnezone|
|poke|p2|Serperior, F|
|poke|p2|Pecharunt|
|poke|p2|Primarina, F|
|poke|p2|Cinderace, M|
|teampreview
|c|☆Lisia of Lillycove|hf
|
|t:|1758345623
|teamsize|p1|6
|teamsize|p2|6
|start
|switch|p1a: Indeedee|Indeedee, M|100/100
|switch|p2a: Serperior|Serperior, F|100/100
|-fieldstart|move: Psychic Terrain|[from] ability: Psychic Surge|[of] p1a: Indeedee
|turn|1
|inactive|Battle timer is ON: inactive players will automatically lose when time's up. (requested by Lisia of Lillycove)
|
|t:|1758345629
|move|p2a: Serperior|Leaf Storm|p1a: Indeedee
|-damage|p1a: Indeedee|0 fnt
|-boost|p2a: Serperior|spa|2
|faint|p1a: Indeedee
|
|upkeep
|
|t:|1758345637
|switch|p1a: Hawlucha|Hawlucha, F|100/100
|-enditem|p1a: Hawlucha|Psychic Seed
|-boost|p1a: Hawlucha|spd|1|[from] item: Psychic Seed
|turn|2
|
|t:|1758345643
|move|p1a: Hawlucha|Acrobatics|p2a: Serperior
|-supereffective|p2a: Serperior
|-damage|p2a: Serperior|0 fnt
|faint|p2a: Serperior
|
|upkeep
|
|t:|1758345647
|switch|p2a: Pecharunt|Pecharunt|100/100
|turn|3
|
|t:|1758345650
|-terastallize|p1a: Hawlucha|Steel
|move|p1a: Hawlucha|Swords Dance|p1a: Hawlucha
|-boost|p1a: Hawlucha|atk|2
|move|p2a: Pecharunt|Malignant Chain|p1a: Hawlucha
|-immune|p1a: Hawlucha
|
|upkeep
|turn|4
|
|t:|1758345657
|-terastallize|p2a: Pecharunt|Flying
|move|p1a: Hawlucha|Encore|p2a: Pecharunt
|-start|p2a: Pecharunt|Encore
|move|p2a: Pecharunt|Malignant Chain|p1a: Hawlucha
|-immune|p1a: Hawlucha
|
|upkeep
|turn|5
|
|t:|1758345662
|switch|p2a: Cinderace|Cinderace, M|100/100
|move|p1a: Hawlucha|Swords Dance|p1a: Hawlucha
|-boost|p1a: Hawlucha|atk|2
|
|upkeep
|turn|6
|
|t:|1758345665
|move|p1a: Hawlucha|Acrobatics|p2a: Cinderace
|-damage|p2a: Cinderace|0 fnt
|faint|p2a: Cinderace
|
|upkeep
|
|t:|1758345667
|switch|p2a: Pecharunt|Pecharunt, tera:Flying|100/100
|turn|7
|
|t:|1758345671
|move|p1a: Hawlucha|Acrobatics|p2a: Pecharunt
|-damage|p2a: Pecharunt|27/100
|-damage|p1a: Hawlucha|84/100|[from] item: Rocky Helmet|[of] p2a: Pecharunt
|move|p2a: Pecharunt|Hex|p1a: Hawlucha
|-damage|p1a: Hawlucha|63/100
|
|upkeep
|turn|8
|
|t:|1758345675
|move|p1a: Hawlucha|Acrobatics|p2a: Pecharunt
|-damage|p2a: Pecharunt|0 fnt
|-damage|p1a: Hawlucha|46/100|[from] item: Rocky Helmet|[of] p2a: Pecharunt
|faint|p2a: Pecharunt
|
|-fieldend|move: Psychic Terrain
|upkeep
|
|t:|1758345677
|switch|p2a: Meowscarada|Meowscarada, F|100/100
|turn|9
|
|t:|1758345679
|move|p2a: Meowscarada|Sucker Punch|p1a: Hawlucha
|-start|p2a: Meowscarada|typechange|Dark|[from] ability: Protean
|-damage|p1a: Hawlucha|0 fnt
|faint|p1a: Hawlucha
|-damage|p2a: Meowscarada|91/100|[from] item: Life Orb
|
|upkeep
|
|t:|1758345692
|switch|p1a: Great Tusk|Great Tusk|100/100
|turn|10
|
|t:|1758345696
|switch|p2a: Magnezone|Magnezone|100/100
|move|p1a: Great Tusk|Earthquake|p2a: Magnezone
|-supereffective|p2a: Magnezone
|-crit|p2a: Magnezone
|-damage|p2a: Magnezone|0 fnt
|faint|p2a: Magnezone
|
|upkeep
|
|t:|1758345701
|switch|p2a: Primarina|Primarina, F, shiny|100/100
|turn|11
|
|t:|1758345705
|-end|p1a: Great Tusk|Protosynthesis|[silent]
|switch|p1a: Deoxys|Deoxys-Speed|100/100
|-ability|p1a: Deoxys|Pressure
|move|p2a: Primarina|Psychic Noise|p1a: Deoxys
|-damage|p1a: Deoxys|50/100
|-start|p1a: Deoxys|move: Heal Block
|
|upkeep
|turn|12
|
|t:|1758345710
|move|p1a: Deoxys|Meteor Beam||[still]
|-prepare|p1a: Deoxys|Meteor Beam
|-boost|p1a: Deoxys|spa|1
|-enditem|p1a: Deoxys|Power Herb
|-anim|p1a: Deoxys|Meteor Beam|p2a: Primarina
|-damage|p2a: Primarina|80/100
|move|p2a: Primarina|Flip Turn|p1a: Deoxys
|-damage|p1a: Deoxys|28/100
|
|t:|1758345717
|switch|p2a: Meowscarada|Meowscarada, F|91/100|[from] Flip Turn
|
|-end|p1a: Deoxys|move: Heal Block
|upkeep
|turn|13
|
|t:|1758345721
|switch|p1a: Great Tusk|Great Tusk|100/100
|move|p2a: Meowscarada|Flower Trick|p1a: Great Tusk
|-start|p2a: Meowscarada|typechange|Grass|[from] ability: Protean
|-supereffective|p1a: Great Tusk
|-crit|p1a: Great Tusk
|-damage|p1a: Great Tusk|34/100
|-damage|p2a: Meowscarada|81/100|[from] item: Life Orb
|
|upkeep
|turn|14
|
|t:|1758345729
|-end|p1a: Great Tusk|Protosynthesis|[silent]
|switch|p1a: Deoxys|Deoxys-Speed|28/100
|-ability|p1a: Deoxys|Pressure
|move|p2a: Meowscarada|Flower Trick|p1a: Deoxys
|-crit|p1a: Deoxys
|-damage|p1a: Deoxys|0 fnt
|faint|p1a: Deoxys
|-damage|p2a: Meowscarada|71/100|[from] item: Life Orb
|
|upkeep
|
|t:|1758345735
|switch|p1a: Polteageist|Polteageist|100/100
|turn|15
|
|t:|1758345740
|switch|p1a: Great Tusk|Great Tusk|34/100
|move|p2a: Meowscarada|Triple Axel|p1a: Great Tusk
|-supereffective|p1a: Great Tusk
|-damage|p1a: Great Tusk|26/100
|-damage|p2a: Meowscarada|54/100|[from] item: Rocky Helmet|[of] p1a: Great Tusk
|-supereffective|p1a: Great Tusk
|-damage|p1a: Great Tusk|11/100
|-damage|p2a: Meowscarada|38/100|[from] item: Rocky Helmet|[of] p1a: Great Tusk
|-supereffective|p1a: Great Tusk
|-damage|p1a: Great Tusk|0 fnt
|-damage|p2a: Meowscarada|22/100|[from] item: Rocky Helmet|[of] p1a: Great Tusk
|faint|p1a: Great Tusk
|-end|p1a: Great Tusk|Protosynthesis|[silent]
|-hitcount|p1: Great Tusk|3
|-damage|p2a: Meowscarada|12/100|[from] item: Life Orb
|
|upkeep
|
|t:|1758345755
|switch|p1a: Polteageist|Polteageist|100/100
|turn|16
|
|t:|1758345759
|switch|p1a: Iron Crown|Iron Crown|100/100
|move|p2a: Meowscarada|Knock Off|p1a: Iron Crown
|-supereffective|p1a: Iron Crown
|-damage|p1a: Iron Crown|15/100
|-enditem|p1a: Iron Crown|Choice Specs|[from] move: Knock Off|[of] p2a: Meowscarada
|-damage|p2a: Meowscarada|2/100|[from] item: Life Orb
|
|upkeep
|turn|17
|
|t:|1758345767
|switch|p2a: Primarina|Primarina, F, shiny|80/100
|move|p1a: Iron Crown|Future Sight|p2a: Primarina
|-start|p1a: Iron Crown|move: Future Sight
|
|upkeep
|turn|18
|
|t:|1758345777
|move|p1a: Iron Crown|Volt Switch|p2a: Primarina
|-supereffective|p2a: Primarina
|-damage|p2a: Primarina|61/100
|
|t:|1758345780
|-end|p1a: Iron Crown|Quark Drive|[silent]
|switch|p1a: Polteageist|Polteageist|100/100|[from] Volt Switch
|move|p2a: Primarina|Psychic Noise|p1a: Polteageist
|-damage|p1a: Polteageist|63/100
|-start|p1a: Polteageist|move: Heal Block
|
|upkeep
|turn|19
|
|t:|1758345792
|move|p1a: Polteageist|Tera Blast|p2a: Primarina
|-damage|p2a: Primarina|48/100
|move|p2a: Primarina|Moonblast|p1a: Polteageist
|-damage|p1a: Polteageist|19/100
|-unboost|p1a: Polteageist|spa|1
|
|-end|p2a: Primarina|move: Future Sight
|-damage|p2a: Primarina|22/100
|-end|p1a: Polteageist|move: Heal Block
|upkeep
|turn|20
|
|t:|1758345802
|move|p1a: Polteageist|Shadow Ball|p2a: Primarina
|-damage|p2a: Primarina|9/100
|move|p2a: Primarina|Psychic Noise|p1a: Polteageist
|-damage|p1a: Polteageist|0 fnt
|faint|p1a: Polteageist
|
|upkeep
|
|t:|1758345805
|switch|p1a: Iron Crown|Iron Crown|15/100
|turn|21
|
|t:|1758345810
|move|p1a: Iron Crown|Volt Switch|p2a: Primarina
|-supereffective|p2a: Primarina
|-damage|p2a: Primarina|0 fnt
|faint|p2a: Primarina
|
|upkeep
|
|t:|1758345811
|switch|p2a: Meowscarada|Meowscarada, F|2/100
|turn|22
|c|☆Lisia of Lillycove|gg
|
|t:|1758345816
|move|p2a: Meowscarada|Knock Off|p1a: Iron Crown
|-start|p2a: Meowscarada|typechange|Dark|[from] ability: Protean
|-supereffective|p1a: Iron Crown
|-damage|p1a: Iron Crown|0 fnt
|faint|p1a: Iron Crown
|-end|p1a: Iron Crown|Quark Drive|[silent]
|-damage|p2a: Meowscarada|0 fnt|[from] item: Life Orb
|faint|p2a: Meowscarada
|
|win|Lisia of Lillycove
|raw|Moreiny's rating: 1386 &rarr; <strong>1363</strong><br />(-23 for losing)
|raw|Lisia of Lillycove's rating: 1336 &rarr; <strong>1359</strong><br />(+23 for winning)
|l|☆Moreiny
|player|p1|
|l|☆Lisia of Lillycove
|player|p2|
