|j|☆carloss prates
|j|☆HyperHHH
|t:|1758285933
|gametype|singles
|player|p1|carloss prates|bruno|1621
|player|p2|HyperHHH|fisherman-gen2jp|1660
|gen|9
|tier|[Gen 9] OU
|rated|
|rule|HP Percentage Mod: HP is shown in percentages
|rule|Endless Battle Clause: Forcing endless battles is banned
|rule|Species Clause: Limit one of each Pokémon
|rule|OHKO Clause: OHKO moves are banned
|rule|Evasion Items Clause: Evasion items are banned
|rule|Evasion Moves Clause: Evasion moves are banned
|rule|Evasion Abilities Clause: Evasion abilities are banned
|rule|Sleep Moves Clause: Sleep-inducing moves are banned
|clearpoke
|poke|p1|Ninetales-Alola, F|
|poke|p1|Dondozo, M|
|poke|p1|Iron Treads|
|poke|p1|Kyurem|
|poke|p1|Comfey, F|
|poke|p1|Polteageist|
|poke|p2|Iron Valiant|
|poke|p2|Rotom-Wash|
|poke|p2|Ting-Lu|
|poke|p2|Gholdengo|
|poke|p2|Latios, M|
|poke|p2|Dragonite, M|
|teampreview
|inactive|Battle timer is ON: inactive players will automatically lose when time's up. (requested by HyperHHH)
|inactive|carloss prates has 120 seconds left.
|
|t:|1758285975
|teamsize|p1|6
|teamsize|p2|6
|start
|switch|p1a: Kyurem|Kyurem|100/100
|switch|p2a: Ting-Lu|Ting-Lu|100/100
|-ability|p1a: Kyurem|Pressure
|-ability|p2a: Ting-Lu|Vessel of Ruin
|turn|1
|
|t:|1758285995
|switch|p2a: Rotom|Rotom-Wash|100/100
|move|p1a: Kyurem|Icicle Spear|p2a: Rotom
|-resisted|p2a: Rotom
|-damage|p2a: Rotom|94/100
|-resisted|p2a: Rotom
|-damage|p2a: Rotom|88/100
|-resisted|p2a: Rotom
|-damage|p2a: Rotom|82/100
|-hitcount|p2a: Rotom|3
|
|-heal|p2a: Rotom|88/100|[from] item: Leftovers
|upkeep
|turn|2
|
|t:|1758285999
|move|p1a: Kyurem|Freeze-Dry|p2a: Rotom
|-supereffective|p2a: Rotom
|-damage|p2a: Rotom|1/100
|move|p2a: Rotom|Will-O-Wisp|p1a: Kyurem
|-status|p1a: Kyurem|brn
|
|-heal|p2a: Rotom|7/100|[from] item: Leftovers
|-damage|p1a: Kyurem|94/100 brn|[from] brn
|upkeep
|turn|3
|
|t:|1758286017
|move|p1a: Kyurem|Freeze-Dry|p2a: Rotom
|-supereffective|p2a: Rotom
|-damage|p2a: Rotom|0 fnt
|faint|p2a: Rotom
|
|-damage|p1a: Kyurem|88/100 brn|[from] brn
|upkeep
|
|t:|1758286029
|switch|p2a: Iron Valiant|Iron Valiant|100/100
|turn|4
|
|t:|1758286032
|switch|p1a: Iron Treads|Iron Treads|100/100
|-enditem|p1a: Iron Treads|Booster Energy
|-activate|p1a: Iron Treads|ability: Quark Drive|[fromitem]
|-start|p1a: Iron Treads|quarkdrivespe
|move|p2a: Iron Valiant|Close Combat|p1a: Iron Treads
|-supereffective|p1a: Iron Treads
|-damage|p1a: Iron Treads|12/100
|-unboost|p2a: Iron Valiant|def|1
|-unboost|p2a: Iron Valiant|spd|1
|
|upkeep
|turn|5
|
|t:|1758286035
|-end|p2a: Iron Valiant|Quark Drive|[silent]
|switch|p2a: Ting-Lu|Ting-Lu|100/100
|-ability|p2a: Ting-Lu|Vessel of Ruin
|move|p1a: Iron Treads|Stealth Rock|p2a: Ting-Lu
|-sidestart|p2: HyperHHH|move: Stealth Rock
|
|upkeep
|turn|6
|
|t:|1758286042
|-end|p1a: Iron Treads|Quark Drive|[silent]
|switch|p1a: Ninetales|Ninetales-Alola, F|100/100
|-weather|Snowscape|[from] ability: Snow Warning|[of] p1a: Ninetales
|move|p2a: Ting-Lu|Stealth Rock|p1a: Ninetales
|-sidestart|p1: carloss prates|move: Stealth Rock
|
|-weather|Snowscape|[upkeep]
|upkeep
|turn|7
|
|t:|1758286056
|move|p1a: Ninetales|Aurora Veil|p1a: Ninetales
|-sidestart|p1: carloss prates|move: Aurora Veil
|move|p2a: Ting-Lu|Spikes|p1a: Ninetales
|-sidestart|p1: carloss prates|Spikes
|
|-weather|Snowscape|[upkeep]
|upkeep
|turn|8
|
|t:|1758286064
|move|p1a: Ninetales|Freeze-Dry|p2a: Ting-Lu
|-supereffective|p2a: Ting-Lu
|-damage|p2a: Ting-Lu|83/100
|move|p2a: Ting-Lu|Ruination|p1a: Ninetales
|-damage|p1a: Ninetales|50/100
|
|-weather|Snowscape|[upkeep]
|-heal|p2a: Ting-Lu|89/100|[from] item: Leftovers
|upkeep
|turn|9
|j| Swagboss123456789
|
|t:|1758286087
|move|p1a: Ninetales|Freeze-Dry|p2a: Ting-Lu
|-supereffective|p2a: Ting-Lu
|-damage|p2a: Ting-Lu|72/100
|move|p2a: Ting-Lu|Spikes|p1a: Ninetales
|-sidestart|p1: carloss prates|Spikes
|
|-weather|Snowscape|[upkeep]
|-heal|p2a: Ting-Lu|79/100|[from] item: Leftovers
|upkeep
|turn|10
|
|t:|1758286090
|move|p1a: Ninetales|Freeze-Dry|p2a: Ting-Lu
|-supereffective|p2a: Ting-Lu
|-damage|p2a: Ting-Lu|62/100
|move|p2a: Ting-Lu|Spikes|p1a: Ninetales
|-sidestart|p1: carloss prates|Spikes
|
|-weather|none
|-heal|p2a: Ting-Lu|68/100|[from] item: Leftovers
|upkeep
|turn|11
|
|t:|1758286110
|move|p1a: Ninetales|Freeze-Dry|p2a: Ting-Lu
|-supereffective|p2a: Ting-Lu
|-damage|p2a: Ting-Lu|51/100
|move|p2a: Ting-Lu|Ruination|p1a: Ninetales
|-damage|p1a: Ninetales|26/100
|
|-heal|p2a: Ting-Lu|58/100|[from] item: Leftovers
|upkeep
|turn|12
|
|t:|1758286116
|move|p1a: Ninetales|Freeze-Dry|p2a: Ting-Lu
|-supereffective|p2a: Ting-Lu
|-damage|p2a: Ting-Lu|40/100
|move|p2a: Ting-Lu|Ruination|p1a: Ninetales
|-damage|p1a: Ninetales|13/100
|
|-heal|p2a: Ting-Lu|46/100|[from] item: Leftovers
|upkeep
|turn|13
|
|t:|1758286131
|move|p1a: Ninetales|Freeze-Dry|p2a: Ting-Lu
|-supereffective|p2a: Ting-Lu
|-damage|p2a: Ting-Lu|29/100
|move|p2a: Ting-Lu|Ruination|p1a: Ninetales
|-damage|p1a: Ninetales|7/100
|
|-heal|p2a: Ting-Lu|35/100|[from] item: Leftovers
|upkeep
|turn|14
|
|t:|1758286133
|move|p1a: Ninetales|Freeze-Dry|p2a: Ting-Lu
|-supereffective|p2a: Ting-Lu
|-damage|p2a: Ting-Lu|18/100
|move|p2a: Ting-Lu|Earthquake|p1a: Ninetales
|-damage|p1a: Ninetales|0 fnt
|faint|p1a: Ninetales
|
|-heal|p2a: Ting-Lu|24/100|[from] item: Leftovers
|-sideend|p1: carloss prates|move: Aurora Veil
|upkeep
|
|t:|1758286142
|switch|p1a: Kyurem|Kyurem|88/100 brn
|-damage|p1a: Kyurem|63/100 brn|[from] Stealth Rock
|-damage|p1a: Kyurem|39/100 brn|[from] Spikes
|-ability|p1a: Kyurem|Pressure
|turn|15
|l| Swagboss123456789
|
|t:|1758286166
|move|p1a: Kyurem|Freeze-Dry|p2a: Ting-Lu
|-supereffective|p2a: Ting-Lu
|-damage|p2a: Ting-Lu|0 fnt
|faint|p2a: Ting-Lu
|
|-damage|p1a: Kyurem|32/100 brn|[from] brn
|upkeep
|
|t:|1758286170
|switch|p2a: Iron Valiant|Iron Valiant|100/100
|turn|16
|
|t:|1758286178
|switch|p1a: Iron Treads|Iron Treads|12/100
|-damage|p1a: Iron Treads|9/100|[from] Stealth Rock
|-damage|p1a: Iron Treads|0 fnt|[from] Spikes
|faint|p1a: Iron Treads
|-end|p1a: Iron Treads|Quark Drive|[silent]
|move|p2a: Iron Valiant|Moonblast|p1: Iron Treads|[notarget]
|-fail|p2a: Iron Valiant
|
|upkeep
|
|t:|1758286189
|switch|p1a: Comfey|Comfey, F|100/100
|-damage|p1a: Comfey|88/100|[from] Stealth Rock
|-damage|p1a: Comfey|63/100|[from] Spikes
|turn|17
|inactive|HyperHHH has 120 seconds left.
|
|t:|1758286221
|-end|p2a: Iron Valiant|Quark Drive|[silent]
|switch|p2a: Gholdengo|Gholdengo|100/100
|-damage|p2a: Gholdengo|94/100|[from] Stealth Rock
|-item|p2a: Gholdengo|Air Balloon
|move|p1a: Comfey|Calm Mind|p1a: Comfey
|-boost|p1a: Comfey|spa|1
|-boost|p1a: Comfey|spd|1
|
|upkeep
|turn|18
|inactive|HyperHHH has 120 seconds left.
|inactive|carloss prates has 120 seconds left.
|
|t:|1758286267
|move|p1a: Comfey|Draining Kiss|p2a: Gholdengo
|-resisted|p2a: Gholdengo
|-damage|p2a: Gholdengo|79/100
|-heal|p1a: Comfey|78/100|[from] drain|[of] p2a: Gholdengo
|-enditem|p2a: Gholdengo|Air Balloon
|move|p2a: Gholdengo|Make It Rain|p1a: Comfey
|-supereffective|p1a: Comfey
|-damage|p1a: Comfey|7/100
|-unboost|p2a: Gholdengo|spa|1
|
|upkeep
|turn|19
|inactive|HyperHHH has 120 seconds left.
|
|t:|1758286280
|move|p1a: Comfey|Synthesis|p1a: Comfey
|-heal|p1a: Comfey|57/100
|move|p2a: Gholdengo|Hex|p1a: Comfey
|-damage|p1a: Comfey|44/100
|
|upkeep
|turn|20
|
|t:|1758286285
|move|p1a: Comfey|Synthesis|p1a: Comfey
|-heal|p1a: Comfey|94/100
|move|p2a: Gholdengo|Thunder Wave|p1a: Comfey
|-status|p1a: Comfey|par
|
|upkeep
|turn|21
|
|t:|1758286291
|move|p2a: Gholdengo|Hex|p1a: Comfey
|-damage|p1a: Comfey|69/100 par
|cant|p1a: Comfey|par
|
|upkeep
|turn|22
|j| nonchalantbufalant
|
|t:|1758286304
|move|p2a: Gholdengo|Hex|p1a: Comfey
|-damage|p1a: Comfey|43/100 par
|move|p1a: Comfey|Calm Mind|p1a: Comfey
|-boost|p1a: Comfey|spa|1
|-boost|p1a: Comfey|spd|1
|
|upkeep
|turn|23
|c| nonchalantbufalant|COMFEY GOT THAT BOMBOCALT BUNDA RAAAAAAAAH
|inactive|carloss prates has 120 seconds left.
|inactive|HyperHHH has 120 seconds left.
|c| nonchalantbufalant|My apologies I'm back to normal
|
|t:|1758286357
|switch|p2a: Latios|Latios, M|100/100
|-damage|p2a: Latios|88/100|[from] Stealth Rock
|move|p1a: Comfey|Synthesis|p1a: Comfey
|-heal|p1a: Comfey|93/100 par
|
|upkeep
|turn|24
|c| nonchalantbufalant|Proceed with the battle
|
|t:|1758286361
|switch|p2a: Gholdengo|Gholdengo|79/100
|-damage|p2a: Gholdengo|73/100|[from] Stealth Rock
|cant|p1a: Comfey|par
|
|upkeep
|turn|25
|
|t:|1758286366
|move|p1a: Comfey|Draining Kiss|p2a: Gholdengo
|-resisted|p2a: Gholdengo
|-damage|p2a: Gholdengo|52/100
|-heal|p1a: Comfey|100/100 par|[from] drain|[of] p2a: Gholdengo
|move|p2a: Gholdengo|Recover|p2a: Gholdengo
|-heal|p2a: Gholdengo|100/100
|
|upkeep
|turn|26
|
|t:|1758286369
|move|p2a: Gholdengo|Hex|p1a: Comfey
|-crit|p1a: Comfey
|-damage|p1a: Comfey|18/100 par
|move|p1a: Comfey|Calm Mind|p1a: Comfey
|-boost|p1a: Comfey|spa|1
|-boost|p1a: Comfey|spd|1
|
|upkeep
|turn|27
|
|t:|1758286373
|move|p2a: Gholdengo|Hex|p1a: Comfey
|-damage|p1a: Comfey|0 fnt
|faint|p1a: Comfey
|
|upkeep
|
|t:|1758286382
|switch|p1a: Dondozo|Dondozo, M|100/100
|-damage|p1a: Dondozo|88/100|[from] Stealth Rock
|-damage|p1a: Dondozo|63/100|[from] Spikes
|turn|28
|
|t:|1758286390
|move|p2a: Gholdengo|Thunder Wave|p1a: Dondozo
|-status|p1a: Dondozo|par
|move|p1a: Dondozo|Curse|p1a: Dondozo
|-unboost|p1a: Dondozo|spe|1
|-boost|p1a: Dondozo|atk|1
|-boost|p1a: Dondozo|def|1
|
|-heal|p1a: Dondozo|69/100 par|[from] item: Leftovers
|upkeep
|turn|29
|
|t:|1758286395
|move|p2a: Gholdengo|Hex|p1a: Dondozo
|-damage|p1a: Dondozo|30/100 par
|cant|p1a: Dondozo|par
|
|-heal|p1a: Dondozo|37/100 par|[from] item: Leftovers
|upkeep
|turn|30
|
|t:|1758286400
|move|p2a: Gholdengo|Hex|p1a: Dondozo
|-damage|p1a: Dondozo|0 fnt
|faint|p1a: Dondozo
|
|upkeep
|
|t:|1758286405
|switch|p1a: Kyurem|Kyurem|32/100 brn
|-damage|p1a: Kyurem|8/100 brn|[from] Stealth Rock
|-damage|p1a: Kyurem|0 fnt|[from] Spikes
|faint|p1a: Kyurem
|
|t:|1758286406
|switch|p1a: Polteageist|Polteageist|100/100
|-damage|p1a: Polteageist|88/100|[from] Stealth Rock
|-damage|p1a: Polteageist|63/100|[from] Spikes
|turn|31
|
|t:|1758286419
|-terastallize|p1a: Polteageist|Fighting
|move|p2a: Gholdengo|Thunder Wave|p1a: Polteageist
|-status|p1a: Polteageist|par
|move|p1a: Polteageist|Shell Smash|p1a: Polteageist
|-unboost|p1a: Polteageist|def|1
|-unboost|p1a: Polteageist|spd|1
|-boost|p1a: Polteageist|atk|2
|-boost|p1a: Polteageist|spa|2
|-boost|p1a: Polteageist|spe|2
|-enditem|p1a: Polteageist|White Herb
|-clearnegativeboost|p1a: Polteageist|[silent]
|
|upkeep
|turn|32
|
|t:|1758286426
|move|p2a: Gholdengo|Hex|p1a: Polteageist
|-damage|p1a: Polteageist|11/100 par
|move|p1a: Polteageist|Shadow Ball|p2a: Gholdengo
|-supereffective|p2a: Gholdengo
|-damage|p2a: Gholdengo|0 fnt
|faint|p2a: Gholdengo
|
|upkeep
|
|t:|1758286429
|switch|p2a: Dragonite|Dragonite, M|100/100
|turn|33
|
|t:|1758286432
|move|p2a: Dragonite|Extreme Speed|p1a: Polteageist
|-damage|p1a: Polteageist|0 fnt
|faint|p1a: Polteageist
|
|win|HyperHHH
|raw|carloss prates's rating: 1621 &rarr; <strong>1603</strong><br />(-18 for losing)
|raw|HyperHHH's rating: 1660 &rarr; <strong>1678</strong><br />(+18 for winning)
|l| nonchalantbufalant
|l|☆carloss prates
|player|p1|
|l|☆HyperHHH
|player|p2|
