|j|☆luca1996
|j|☆benitrxx
|t:|1758299914
|gametype|singles
|player|p1|luca1996|boarder|1401
|player|p2|benitrxx|veteran|1342
|gen|9
|tier|[Gen 9] OU
|rated|
|rule|HP Percentage Mod: HP is shown in percentages
|rule|Endless Battle Clause: Forcing endless battles is banned
|rule|Species Clause: Limit one of each Pokémon
|rule|OHKO Clause: OHKO moves are banned
|rule|Evasion Items Clause: Evasion items are banned
|rule|Evasion Moves Clause: Evasion moves are banned
|rule|Evasion Abilities Clause: Evasion abilities are banned
|rule|Sleep Moves Clause: Sleep-inducing moves are banned
|clearpoke
|poke|p1|Goodra, M|
|poke|p1|Snorlax, M|
|poke|p1|Primarina, F|
|poke|p1|Cinderace, M|
|poke|p1|Primeape, M|
|poke|p1|Iron Jugulis|
|poke|p2|Lokix, F|
|poke|p2|Gliscor, M|
|poke|p2|Quaquaval, M|
|poke|p2|Slowking-Galar, F|
|poke|p2|Moltres|
|poke|p2|Raging Bolt|
|teampreview
|inactive|Battle timer is ON: inactive players will automatically lose when time's up. (requested by luca1996)
|
|t:|1758299932
|teamsize|p1|6
|teamsize|p2|6
|start
|switch|p1a: Primeape|Primeape, M|100/100
|switch|p2a: Raging Bolt|Raging Bolt|100/100
|turn|1
|
|t:|1758299940
|move|p2a: Raging Bolt|Draco Meteor|p1a: Primeape
|-damage|p1a: Primeape|49/100
|-unboost|p2a: Raging Bolt|spa|2
|move|p1a: Primeape|Bulk Up|p1a: Primeape
|-boost|p1a: Primeape|atk|1
|-boost|p1a: Primeape|def|1
|
|upkeep
|turn|2
|
|t:|1758299959
|-end|p2a: Raging Bolt|Protosynthesis|[silent]
|switch|p2a: Moltres|Moltres|100/100
|move|p1a: Primeape|Drain Punch|p2a: Moltres
|-resisted|p2a: Moltres
|-damage|p2a: Moltres|80/100
|-heal|p1a: Primeape|61/100|[from] drain|[of] p2a: Moltres
|
|upkeep
|turn|3
|
|t:|1758299969
|move|p1a: Primeape|Taunt|p2a: Moltres
|-start|p2a: Moltres|move: Taunt
|move|p2a: Moltres|Air Slash|p1a: Primeape
|-supereffective|p1a: Primeape
|-damage|p1a: Primeape|3/100
|
|upkeep
|turn|4
|
|t:|1758299975
|move|p1a: Primeape|Rage Fist|p2a: Moltres
|-damage|p2a: Moltres|20/100
|move|p2a: Moltres|U-turn|p1a: Primeape
|-resisted|p1a: Primeape
|-damage|p1a: Primeape|0 fnt
|faint|p1a: Primeape
|
|t:|1758299983
|switch|p2a: Raging Bolt|Raging Bolt|100/100|[from] U-turn
|
|upkeep
|
|t:|1758299994
|switch|p1a: Snorlax|Snorlax, M|100/100
|turn|5
|
|t:|1758299998
|move|p2a: Raging Bolt|Volt Switch|p1a: Snorlax
|-damage|p1a: Snorlax|75/100
|
|t:|1758300004
|-end|p2a: Raging Bolt|Protosynthesis|[silent]
|switch|p2a: Quaquaval|Quaquaval, M|100/100|[from] Volt Switch
|move|p1a: Snorlax|Earthquake|p2a: Quaquaval
|-damage|p2a: Quaquaval|52/100
|
|-heal|p1a: Snorlax|81/100|[from] item: Leftovers
|upkeep
|turn|6
|
|t:|1758300015
|move|p2a: Quaquaval|Close Combat|p1a: Snorlax
|-supereffective|p1a: Snorlax
|-damage|p1a: Snorlax|0 fnt
|-unboost|p2a: Quaquaval|def|1
|-unboost|p2a: Quaquaval|spd|1
|faint|p1a: Snorlax
|-ability|p2a: Quaquaval|Moxie|boost
|-boost|p2a: Quaquaval|atk|1
|
|upkeep
|
|t:|1758300020
|switch|p1a: Iron Jugulis|Iron Jugulis|100/100
|turn|7
|
|t:|1758300033
|switch|p2a: Slowking|Slowking-Galar, F|100/100
|move|p1a: Iron Jugulis|Air Slash|p2a: Slowking
|-damage|p2a: Slowking|78/100
|
|upkeep
|turn|8
|
|t:|1758300052
|move|p1a: Iron Jugulis|Meteor Beam||[still]
|-prepare|p1a: Iron Jugulis|Meteor Beam
|-boost|p1a: Iron Jugulis|spa|1
|-enditem|p1a: Iron Jugulis|Power Herb
|-anim|p1a: Iron Jugulis|Meteor Beam|p2a: Slowking
|-crit|p2a: Slowking
|-damage|p2a: Slowking|24/100
|move|p2a: Slowking|Thunder Wave|p1a: Iron Jugulis
|-status|p1a: Iron Jugulis|par
|
|upkeep
|turn|9
|
|t:|1758300073
|switch|p2a: Moltres|Moltres|20/100
|cant|p1a: Iron Jugulis|par
|
|upkeep
|turn|10
|
|t:|1758300089
|move|p2a: Moltres|Roost|p2a: Moltres
|-heal|p2a: Moltres|70/100
|-singleturn|p2a: Moltres|move: Roost
|cant|p1a: Iron Jugulis|par
|
|upkeep
|turn|11
|
|t:|1758300096
|move|p2a: Moltres|Flamethrower|p1a: Iron Jugulis
|-damage|p1a: Iron Jugulis|37/100 par
|move|p1a: Iron Jugulis|Dark Pulse|p2a: Moltres
|-damage|p2a: Moltres|14/100
|
|upkeep
|turn|12
|
|t:|1758300103
|move|p2a: Moltres|Flamethrower|p1a: Iron Jugulis
|-damage|p1a: Iron Jugulis|0 fnt
|faint|p1a: Iron Jugulis
|-end|p1a: Iron Jugulis|Quark Drive|[silent]
|
|upkeep
|
|t:|1758300109
|switch|p1a: Goodra|Goodra, M|100/100
|turn|13
|
|t:|1758300115
|move|p2a: Moltres|Air Slash|p1a: Goodra
|-damage|p1a: Goodra|84/100
|move|p1a: Goodra|Dragon Pulse|p2a: Moltres
|-damage|p2a: Moltres|0 fnt
|faint|p2a: Moltres
|
|upkeep
|
|t:|1758300122
|switch|p2a: Lokix|Lokix, F|100/100
|turn|14
|
|t:|1758300127
|move|p2a: Lokix|Knock Off|p1a: Goodra
|-damage|p1a: Goodra|5/100
|-ability|p1a: Goodra|Gooey
|-unboost|p2a: Lokix|spe|1
|-enditem|p1a: Goodra|Assault Vest|[from] move: Knock Off|[of] p2a: Lokix
|move|p1a: Goodra|Dragon Pulse|p2a: Lokix
|-damage|p2a: Lokix|20/100
|
|upkeep
|turn|15
|
|t:|1758300137
|move|p1a: Goodra|Ice Beam|p2a: Lokix
|-damage|p2a: Lokix|0 fnt
|faint|p2a: Lokix
|
|upkeep
|
|t:|1758300143
|switch|p2a: Quaquaval|Quaquaval, M|52/100
|turn|16
|
|t:|1758300146
|move|p2a: Quaquaval|Aqua Step|p1a: Goodra
|-resisted|p1a: Goodra
|-damage|p1a: Goodra|0 fnt
|-boost|p2a: Quaquaval|spe|1
|-ability|p1a: Goodra|Gooey
|-unboost|p2a: Quaquaval|spe|1
|faint|p1a: Goodra
|-ability|p2a: Quaquaval|Moxie|boost
|-boost|p2a: Quaquaval|atk|1
|
|upkeep
|
|t:|1758300149
|switch|p1a: Primarina|Primarina, F|100/100
|turn|17
|
|t:|1758300162
|move|p2a: Quaquaval|Aqua Step|p1a: Primarina
|-resisted|p1a: Primarina
|-damage|p1a: Primarina|64/100
|-boost|p2a: Quaquaval|spe|1
|move|p1a: Primarina|Moonblast|p2a: Quaquaval
|-supereffective|p2a: Quaquaval
|-damage|p2a: Quaquaval|0 fnt
|faint|p2a: Quaquaval
|
|-heal|p1a: Primarina|70/100|[from] item: Leftovers
|upkeep
|
|t:|1758300173
|switch|p2a: Raging Bolt|Raging Bolt|100/100
|turn|18
|
|t:|1758300180
|move|p2a: Raging Bolt|Thunderbolt|p1a: Primarina
|-supereffective|p1a: Primarina
|-damage|p1a: Primarina|0 fnt
|faint|p1a: Primarina
|
|upkeep
|
|t:|1758300182
|switch|p1a: Cinderace|Cinderace, M|100/100
|turn|19
|
|t:|1758300186
|move|p2a: Raging Bolt|Thunderbolt|p1a: Cinderace
|-damage|p1a: Cinderace|26/100
|move|p1a: Cinderace|High Jump Kick|p2a: Raging Bolt
|-start|p1a: Cinderace|typechange|Fighting|[from] ability: Libero
|-damage|p2a: Raging Bolt|29/100
|-damage|p1a: Cinderace|16/100|[from] item: Life Orb
|
|upkeep
|turn|20
|
|t:|1758300195
|move|p1a: Cinderace|Sucker Punch|p2a: Raging Bolt
|-damage|p2a: Raging Bolt|4/100
|-damage|p1a: Cinderace|6/100|[from] item: Life Orb
|move|p2a: Raging Bolt|Thunderbolt|p1a: Cinderace
|-damage|p1a: Cinderace|0 fnt
|faint|p1a: Cinderace
|
|win|benitrxx
|raw|luca1996's rating: 1401 &rarr; <strong>1378</strong><br />(-23 for losing)
|raw|benitrxx's rating: 1342 &rarr; <strong>1365</strong><br />(+23 for winning)
|l|☆luca1996
|player|p1|
|l|☆benitrxx
|player|p2|
