|j|☆Origamies
|j|‽Voyager_02
|t:|1758232984
|gametype|singles
|player|p1|Origamies|maylene|1471
|player|p2|Voyager_02|leaf-masters|1505
|gen|9
|tier|[Gen 9] OU
|rated|
|rule|HP Percentage Mod: HP is shown in percentages
|rule|Endless Battle Clause: Forcing endless battles is banned
|rule|Species Clause: Limit one of each Pokémon
|rule|OHKO Clause: OHKO moves are banned
|rule|Evasion Items Clause: Evasion items are banned
|rule|Evasion Moves Clause: Evasion moves are banned
|rule|Evasion Abilities Clause: Evasion abilities are banned
|rule|Sleep Moves Clause: Sleep-inducing moves are banned
|clearpoke
|poke|p1|Zamazenta-*|
|poke|p1|Great Tusk|
|poke|p1|Hoopa-Unbound|
|poke|p1|Kingambit, F|
|poke|p1|Alomomola, F|
|poke|p1|Slowking-Galar, F|
|poke|p2|Iron Crown|
|poke|p2|Meowscarada, M|
|poke|p2|Great Tusk|
|poke|p2|Pecharunt|
|poke|p2|Ting-Lu|
|poke|p2|Kommo-o, M|
|teampreview
|inactive|Battle timer is ON: inactive players will automatically lose when time's up. (requested by Voyager_02)
|
|t:|1758233009
|teamsize|p1|6
|teamsize|p2|6
|start
|switch|p1a: ROAD RAGE|Kingambit, F|100/100
|switch|p2a: Meowscarada|Meowscarada, M|100/100
|turn|1
|
|t:|1758233019
|move|p2a: Meowscarada|U-turn|p1a: ROAD RAGE
|-start|p2a: Meowscarada|typechange|Bug|[from] ability: Protean
|-damage|p1a: ROAD RAGE|62/100
|
|t:|1758233028
|switch|p2a: Great Tusk|Great Tusk|100/100|[from] U-turn
|move|p1a: ROAD RAGE|Iron Head|p2a: Great Tusk
|-damage|p2a: Great Tusk|69/100
|
|-heal|p2a: Great Tusk|75/100|[from] item: Leftovers
|-heal|p1a: ROAD RAGE|68/100|[from] item: Leftovers
|upkeep
|turn|2
|
|t:|1758233058
|-end|p2a: Great Tusk|Protosynthesis|[silent]
|switch|p2a: Meowscarada|Meowscarada, M|100/100
|-end|p1a: ROAD RAGE|fallenundefined|[silent]
|switch|p1a: SAFE DRIVING|Alomomola, F|100/100
|
|upkeep
|turn|3
|inactive|Voyager_02 has 120 seconds left.
|
|t:|1758233080
|move|p1a: SAFE DRIVING|Protect|p1a: SAFE DRIVING
|-singleturn|p1a: SAFE DRIVING|Protect
|move|p2a: Meowscarada|Knock Off|p1a: SAFE DRIVING
|-start|p2a: Meowscarada|typechange|Dark|[from] ability: Protean
|-activate|p1a: SAFE DRIVING|move: Protect
|
|upkeep
|turn|4
|
|t:|1758233090
|move|p2a: Meowscarada|Knock Off|p1a: SAFE DRIVING
|-damage|p1a: SAFE DRIVING|61/100
|-enditem|p1a: SAFE DRIVING|Heavy-Duty Boots|[from] move: Knock Off|[of] p2a: Meowscarada
|move|p1a: SAFE DRIVING|Wish|p1a: SAFE DRIVING
|
|upkeep
|turn|5
|
|t:|1758233103
|switch|p2a: Iron Crown|Iron Crown|100/100
|move|p1a: SAFE DRIVING|Flip Turn|p2a: Iron Crown
|-damage|p2a: Iron Crown|84/100
|
|t:|1758233110
|switch|p1a: GREENHILL ZONE|Hoopa-Unbound|100/100|[from] Flip Turn
|
|upkeep
|turn|6
|inactive|Voyager_02 has 120 seconds left.
|
|t:|1758233135
|-end|p2a: Iron Crown|Quark Drive|[silent]
|switch|p2a: Ting-Lu|Ting-Lu|100/100
|-ability|p2a: Ting-Lu|Vessel of Ruin
|move|p1a: GREENHILL ZONE|Hyperspace Fury|p2a: Ting-Lu
|-resisted|p2a: Ting-Lu
|-damage|p2a: Ting-Lu|72/100
|-unboost|p1a: GREENHILL ZONE|def|1
|
|-heal|p2a: Ting-Lu|79/100|[from] item: Leftovers
|upkeep
|turn|7
|inactive|Voyager_02 has 120 seconds left.
|
|t:|1758233146
|switch|p1a: SAFE DRIVING|Alomomola, F|94/100
|move|p2a: Ting-Lu|Stealth Rock|p1a: SAFE DRIVING
|-sidestart|p1: Origamies|move: Stealth Rock
|
|-heal|p2a: Ting-Lu|85/100|[from] item: Leftovers
|upkeep
|turn|8
|inactive|Voyager_02 has 120 seconds left.
|
|t:|1758233163
|move|p1a: SAFE DRIVING|Wish|p1a: SAFE DRIVING
|move|p2a: Ting-Lu|Whirlwind|p1a: SAFE DRIVING
|drag|p1a: HUNCHO|Great Tusk|100/100
|
|-heal|p2a: Ting-Lu|91/100|[from] item: Leftovers
|upkeep
|turn|9
|
|t:|1758233178
|-end|p1a: HUNCHO|Protosynthesis|[silent]
|switch|p1a: ROAD RAGE|Kingambit, F|68/100
|-damage|p1a: ROAD RAGE|62/100|[from] Stealth Rock
|switch|p2a: Great Tusk|Great Tusk|75/100
|
|-heal|p1a: ROAD RAGE|100/100|[from] move: Wish|[wisher] SAFE DRIVING
|-heal|p2a: Great Tusk|82/100|[from] item: Leftovers
|upkeep
|turn|10
|
|t:|1758233193
|-end|p2a: Great Tusk|Protosynthesis|[silent]
|switch|p2a: Iron Crown|Iron Crown|84/100
|-end|p1a: ROAD RAGE|fallenundefined|[silent]
|switch|p1a: SAFE DRIVING|Alomomola, F|100/100
|-damage|p1a: SAFE DRIVING|88/100|[from] Stealth Rock
|
|upkeep
|turn|11
|
|t:|1758233204
|switch|p1a: SAFER DRIVING|Slowking-Galar, F|100/100
|move|p2a: Iron Crown|Tachyon Cutter|p1a: SAFER DRIVING
|-damage|p1a: SAFER DRIVING|78/100
|-damage|p1a: SAFER DRIVING|55/100
|-hitcount|p1a: SAFER DRIVING|2
|
|upkeep
|turn|12
|
|t:|1758233210
|switch|p1a: SAFE DRIVING|Alomomola, F|100/100
|-damage|p1a: SAFE DRIVING|88/100|[from] Stealth Rock
|-terastallize|p2a: Iron Crown|Steel
|move|p2a: Iron Crown|Tachyon Cutter|p1a: SAFE DRIVING
|-resisted|p1a: SAFE DRIVING
|-damage|p1a: SAFE DRIVING|65/100
|-resisted|p1a: SAFE DRIVING
|-damage|p1a: SAFE DRIVING|43/100
|-hitcount|p1a: SAFE DRIVING|2
|
|upkeep
|turn|13
|
|t:|1758233228
|move|p1a: SAFE DRIVING|Protect|p1a: SAFE DRIVING
|-singleturn|p1a: SAFE DRIVING|Protect
|move|p2a: Iron Crown|Tachyon Cutter|p1a: SAFE DRIVING
|-activate|p1a: SAFE DRIVING|move: Protect
|
|upkeep
|turn|14
|
|t:|1758233235
|switch|p1a: SAMA|Zamazenta, shiny|100/100
|-damage|p1a: SAMA|94/100|[from] Stealth Rock
|-ability|p1a: SAMA|Dauntless Shield|boost
|-boost|p1a: SAMA|def|1
|move|p2a: Iron Crown|Tachyon Cutter|p1a: SAMA
|-damage|p1a: SAMA|53/100
|-damage|p1a: SAMA|9/100
|-hitcount|p1a: SAMA|2
|
|-heal|p1a: SAMA|15/100|[from] item: Leftovers
|upkeep
|turn|15
|inactive|Voyager_02 has 120 seconds left.
|
|t:|1758233250
|-end|p2a: Iron Crown|Quark Drive|[silent]
|switch|p2a: Great Tusk|Great Tusk|82/100
|move|p1a: SAMA|Crunch|p2a: Great Tusk
|-resisted|p2a: Great Tusk
|-damage|p2a: Great Tusk|75/100
|
|-heal|p1a: SAMA|21/100|[from] item: Leftovers
|-heal|p2a: Great Tusk|81/100|[from] item: Leftovers
|upkeep
|turn|16
|inactive|Voyager_02 has 120 seconds left.
|inactive|Origamies has 120 seconds left.
|inactive|Origamies has 90 seconds left.
|
|t:|1758233316
|move|p1a: SAMA|Iron Defense|p1a: SAMA
|-boost|p1a: SAMA|def|2
|move|p2a: Great Tusk|Bulk Up|p2a: Great Tusk
|-boost|p2a: Great Tusk|atk|1
|-boost|p2a: Great Tusk|def|1
|
|-heal|p1a: SAMA|27/100|[from] item: Leftovers
|-heal|p2a: Great Tusk|87/100|[from] item: Leftovers
|upkeep
|turn|17
|inactive|Voyager_02 has 120 seconds left.
|
|t:|1758233333
|-end|p2a: Great Tusk|Protosynthesis|[silent]
|switch|p2a: Pecharunt|Pecharunt|100/100
|move|p1a: SAMA|Roar|p2a: Pecharunt
|drag|p2a: Great Tusk|Great Tusk|87/100
|
|-heal|p1a: SAMA|33/100|[from] item: Leftovers
|-heal|p2a: Great Tusk|93/100|[from] item: Leftovers
|upkeep
|turn|18
|
|t:|1758233342
|-end|p2a: Great Tusk|Protosynthesis|[silent]
|switch|p2a: Pecharunt|Pecharunt|100/100
|move|p1a: SAMA|Roar|p2a: Pecharunt
|drag|p2a: Great Tusk|Great Tusk|93/100
|
|-heal|p1a: SAMA|39/100|[from] item: Leftovers
|-heal|p2a: Great Tusk|99/100|[from] item: Leftovers
|upkeep
|turn|19
|inactive|Voyager_02 has 120 seconds left.
|
|t:|1758233351
|-end|p2a: Great Tusk|Protosynthesis|[silent]
|switch|p2a: Pecharunt|Pecharunt|100/100
|move|p1a: SAMA|Body Press|p2a: Pecharunt
|-immune|p2a: Pecharunt
|
|-heal|p1a: SAMA|45/100|[from] item: Leftovers
|upkeep
|turn|20
|inactive|Voyager_02 has 120 seconds left.
|
|t:|1758233363
|switch|p1a: SAFER DRIVING|Slowking-Galar, F|89/100
|move|p2a: Pecharunt|Malignant Chain|p1a: SAFER DRIVING
|-resisted|p1a: SAFER DRIVING
|-damage|p1a: SAFER DRIVING|80/100
|
|upkeep
|turn|21
|
|t:|1758233370
|move|p2a: Pecharunt|Parting Shot|p1a: SAFER DRIVING
|-unboost|p1a: SAFER DRIVING|atk|1
|-unboost|p1a: SAFER DRIVING|spa|1
|
|t:|1758233376
|switch|p2a: Iron Crown|Iron Crown, tera:Steel|84/100|[from] Parting Shot
|move|p1a: SAFER DRIVING|Future Sight|p2a: Iron Crown
|-start|p1a: SAFER DRIVING|move: Future Sight
|
|upkeep
|turn|22
|
|t:|1758233384
|switch|p1a: ROAD RAGE|Kingambit, F|100/100
|-damage|p1a: ROAD RAGE|94/100|[from] Stealth Rock
|move|p2a: Iron Crown|Tachyon Cutter|p1a: ROAD RAGE
|-resisted|p1a: ROAD RAGE
|-crit|p1a: ROAD RAGE
|-damage|p1a: ROAD RAGE|61/100
|-resisted|p1a: ROAD RAGE
|-damage|p1a: ROAD RAGE|35/100
|-hitcount|p1a: ROAD RAGE|2
|
|-heal|p1a: ROAD RAGE|41/100|[from] item: Leftovers
|upkeep
|turn|23
|
|t:|1758233395
|move|p1a: ROAD RAGE|Sucker Punch|p2a: Iron Crown
|-damage|p2a: Iron Crown|42/100
|move|p2a: Iron Crown|Tachyon Cutter|p1a: ROAD RAGE
|-resisted|p1a: ROAD RAGE
|-damage|p1a: ROAD RAGE|19/100
|-resisted|p1a: ROAD RAGE
|-damage|p1a: ROAD RAGE|0 fnt
|faint|p1a: ROAD RAGE
|-end|p1a: ROAD RAGE|fallenundefined|[silent]
|-hitcount|p1: ROAD RAGE|2
|
|-end|p2a: Iron Crown|move: Future Sight
|-resisted|p2a: Iron Crown
|-damage|p2a: Iron Crown|22/100
|upkeep
|
|t:|1758233407
|switch|p1a: SAMA|Zamazenta, shiny|45/100
|-damage|p1a: SAMA|39/100|[from] Stealth Rock
|turn|24
|
|t:|1758233413
|-end|p2a: Iron Crown|Quark Drive|[silent]
|switch|p2a: Pecharunt|Pecharunt|100/100
|move|p1a: SAMA|Crunch|p2a: Pecharunt
|-supereffective|p2a: Pecharunt
|-damage|p2a: Pecharunt|79/100
|-unboost|p2a: Pecharunt|def|1
|
|-heal|p1a: SAMA|45/100|[from] item: Leftovers
|upkeep
|turn|25
|
|t:|1758233422
|move|p1a: SAMA|Crunch|p2a: Pecharunt
|-supereffective|p2a: Pecharunt
|-damage|p2a: Pecharunt|48/100
|-unboost|p2a: Pecharunt|def|1
|move|p2a: Pecharunt|Parting Shot|p1a: SAMA
|-unboost|p1a: SAMA|atk|1
|-unboost|p1a: SAMA|spa|1
|
|t:|1758233433
|switch|p2a: Great Tusk|Great Tusk|99/100|[from] Parting Shot
|
|-heal|p1a: SAMA|51/100|[from] item: Leftovers
|-heal|p2a: Great Tusk|100/100|[from] item: Leftovers
|upkeep
|turn|26
|
|t:|1758233440
|move|p1a: SAMA|Iron Defense|p1a: SAMA
|-boost|p1a: SAMA|def|2
|move|p2a: Great Tusk|Headlong Rush|p1a: SAMA
|-damage|p1a: SAMA|34/100
|-unboost|p2a: Great Tusk|def|1
|-unboost|p2a: Great Tusk|spd|1
|
|-heal|p1a: SAMA|40/100|[from] item: Leftovers
|upkeep
|turn|27
|
|t:|1758233451
|-end|p2a: Great Tusk|Protosynthesis|[silent]
|switch|p2a: Pecharunt|Pecharunt|48/100
|move|p1a: SAMA|Roar|p2a: Pecharunt
|drag|p2a: Meowscarada|Meowscarada, M|100/100
|
|-heal|p1a: SAMA|46/100|[from] item: Leftovers
|upkeep
|turn|28
|inactive|Voyager_02 has 120 seconds left.
|
|t:|1758233485
|move|p1a: SAMA|Body Press|p2a: Meowscarada
|-supereffective|p2a: Meowscarada
|-damage|p2a: Meowscarada|0 fnt
|faint|p2a: Meowscarada
|
|-heal|p1a: SAMA|52/100|[from] item: Leftovers
|upkeep
|inactive|Voyager_02 has 120 seconds left.
|
|t:|1758233491
|switch|p2a: Pecharunt|Pecharunt|48/100
|turn|29
|
|t:|1758233494
|move|p1a: SAMA|Crunch|p2a: Pecharunt
|-supereffective|p2a: Pecharunt
|-crit|p2a: Pecharunt
|-damage|p2a: Pecharunt|19/100
|move|p2a: Pecharunt|Recover|p2a: Pecharunt
|-heal|p2a: Pecharunt|69/100
|
|-heal|p1a: SAMA|58/100|[from] item: Leftovers
|upkeep
|turn|30
|
|t:|1758233504
|move|p2a: Pecharunt|Parting Shot|p1a: SAMA
|-unboost|p1a: SAMA|atk|1
|-unboost|p1a: SAMA|spa|1
|
|t:|1758233514
|switch|p2a: Great Tusk|Great Tusk|100/100|[from] Parting Shot
|move|p1a: SAMA|Roar|p2a: Great Tusk
|-end|p2a: Great Tusk|Protosynthesis|[silent]
|drag|p2a: Iron Crown|Iron Crown, tera:Steel|22/100
|
|-heal|p1a: SAMA|64/100|[from] item: Leftovers
|upkeep
|turn|31
|
|t:|1758233521
|-end|p2a: Iron Crown|Quark Drive|[silent]
|switch|p2a: Pecharunt|Pecharunt|69/100
|move|p1a: SAMA|Crunch|p2a: Pecharunt
|-supereffective|p2a: Pecharunt
|-damage|p2a: Pecharunt|59/100
|
|-heal|p1a: SAMA|70/100|[from] item: Leftovers
|upkeep
|turn|32
|
|t:|1758233531
|move|p2a: Pecharunt|Recover|p2a: Pecharunt
|-heal|p2a: Pecharunt|100/100
|move|p1a: SAMA|Roar|p2a: Pecharunt
|drag|p2a: Iron Crown|Iron Crown, tera:Steel|22/100
|
|-heal|p1a: SAMA|76/100|[from] item: Leftovers
|upkeep
|turn|33
|
|t:|1758233538
|-end|p2a: Iron Crown|Quark Drive|[silent]
|switch|p2a: Pecharunt|Pecharunt|100/100
|move|p1a: SAMA|Body Press|p2a: Pecharunt
|-immune|p2a: Pecharunt
|
|-heal|p1a: SAMA|82/100|[from] item: Leftovers
|upkeep
|turn|34
|
|t:|1758233545
|switch|p1a: SAFER DRIVING|Slowking-Galar, F|100/100
|move|p2a: Pecharunt|Malignant Chain|p1a: SAFER DRIVING
|-resisted|p1a: SAFER DRIVING
|-damage|p1a: SAFER DRIVING|92/100
|
|upkeep
|turn|35
|
|t:|1758233556
|move|p2a: Pecharunt|Hex|p1a: SAFER DRIVING
|-supereffective|p1a: SAFER DRIVING
|-damage|p1a: SAFER DRIVING|69/100
|-prepare|p1a: SAFER DRIVING|Chilly Reception|[premajor]
|move|p1a: SAFER DRIVING|Chilly Reception|p1a: SAFER DRIVING
|-weather|Snowscape
|
|t:|1758233559
|switch|p1a: GREENHILL ZONE|Hoopa-Unbound|100/100|[from] Chilly Reception
|-damage|p1a: GREENHILL ZONE|88/100|[from] Stealth Rock
|
|-weather|Snowscape|[upkeep]
|upkeep
|turn|36
|
|t:|1758233566
|switch|p2a: Ting-Lu|Ting-Lu|91/100
|-ability|p2a: Ting-Lu|Vessel of Ruin
|move|p1a: GREENHILL ZONE|Knock Off|p2a: Ting-Lu
|-resisted|p2a: Ting-Lu
|-damage|p2a: Ting-Lu|65/100
|-enditem|p2a: Ting-Lu|Leftovers|[from] move: Knock Off|[of] p1a: GREENHILL ZONE
|
|-weather|Snowscape|[upkeep]
|upkeep
|turn|37
|
|t:|1758233586
|switch|p1a: SAFE DRIVING|Alomomola, F|76/100
|-damage|p1a: SAFE DRIVING|64/100|[from] Stealth Rock
|move|p2a: Ting-Lu|Earthquake|p1a: SAFE DRIVING
|-damage|p1a: SAFE DRIVING|41/100
|
|-weather|Snowscape|[upkeep]
|upkeep
|turn|38
|
|t:|1758233598
|switch|p2a: Kommo-o|Kommo-o, M|100/100
|move|p1a: SAFE DRIVING|Flip Turn|p2a: Kommo-o
|-resisted|p2a: Kommo-o
|-damage|p2a: Kommo-o|93/100
|
|t:|1758233611
|switch|p1a: SAFER DRIVING|Slowking-Galar, F|100/100|[from] Flip Turn
|
|-weather|Snowscape|[upkeep]
|upkeep
|turn|39
|inactive|Voyager_02 has 120 seconds left.
|
|t:|1758233641
|switch|p2a: Pecharunt|Pecharunt|100/100
|move|p1a: SAFER DRIVING|Ice Beam|p2a: Pecharunt
|-damage|p2a: Pecharunt|77/100
|
|-weather|none
|upkeep
|turn|40
|inactive|Voyager_02 has 120 seconds left.
|
|t:|1758233654
|move|p2a: Pecharunt|Hex|p1a: SAFER DRIVING
|-supereffective|p1a: SAFER DRIVING
|-crit|p1a: SAFER DRIVING
|-damage|p1a: SAFER DRIVING|63/100
|move|p1a: SAFER DRIVING|Future Sight|p2a: Pecharunt
|-start|p1a: SAFER DRIVING|move: Future Sight
|
|upkeep
|turn|41
|inactive|Voyager_02 has 120 seconds left.
|
|t:|1758233667
|switch|p2a: Iron Crown|Iron Crown, tera:Steel|22/100
|-prepare|p1a: SAFER DRIVING|Chilly Reception|[premajor]
|move|p1a: SAFER DRIVING|Chilly Reception|p1a: SAFER DRIVING
|-weather|Snowscape
|
|t:|1758233673
|switch|p1a: SAMA|Zamazenta, shiny|82/100|[from] Chilly Reception
|-damage|p1a: SAMA|76/100|[from] Stealth Rock
|
|-weather|Snowscape|[upkeep]
|-heal|p1a: SAMA|82/100|[from] item: Leftovers
|upkeep
|turn|42
|inactive|Voyager_02 has 120 seconds left.
|
|t:|1758233685
|move|p1a: SAMA|Body Press|p2a: Iron Crown
|-supereffective|p2a: Iron Crown
|-damage|p2a: Iron Crown|0 fnt
|faint|p2a: Iron Crown
|-end|p2a: Iron Crown|Quark Drive|[silent]
|
|-weather|Snowscape|[upkeep]
|-hint|Future Sight did not hit because the target is fainted.
|-heal|p1a: SAMA|88/100|[from] item: Leftovers
|upkeep
|inactive|Voyager_02 has 120 seconds left.
|
|t:|1758233701
|switch|p2a: Great Tusk|Great Tusk|100/100
|turn|43
|
|t:|1758233707
|-end|p2a: Great Tusk|Protosynthesis|[silent]
|switch|p2a: Pecharunt|Pecharunt|77/100
|move|p1a: SAMA|Iron Defense|p1a: SAMA
|-boost|p1a: SAMA|def|2
|
|-weather|Snowscape|[upkeep]
|-heal|p1a: SAMA|94/100|[from] item: Leftovers
|upkeep
|turn|44
|inactive|Voyager_02 has 120 seconds left.
|
|t:|1758233723
|switch|p1a: SAFER DRIVING|Slowking-Galar, F|97/100
|move|p2a: Pecharunt|Malignant Chain|p1a: SAFER DRIVING
|-resisted|p1a: SAFER DRIVING
|-damage|p1a: SAFER DRIVING|88/100
|
|-weather|Snowscape|[upkeep]
|upkeep
|turn|45
|
|t:|1758233725
|move|p2a: Pecharunt|Parting Shot|p1a: SAFER DRIVING
|-unboost|p1a: SAFER DRIVING|atk|1
|-unboost|p1a: SAFER DRIVING|spa|1
|inactive|Voyager_02 has 120 seconds left.
|
|t:|1758233731
|switch|p2a: Great Tusk|Great Tusk|100/100|[from] Parting Shot
|move|p1a: SAFER DRIVING|Future Sight|p2a: Great Tusk
|-start|p1a: SAFER DRIVING|move: Future Sight
|
|-weather|none
|upkeep
|turn|46
|
|t:|1758233737
|switch|p1a: HUNCHO|Great Tusk|100/100
|move|p2a: Great Tusk|Bulk Up|p2a: Great Tusk
|-boost|p2a: Great Tusk|atk|1
|-boost|p2a: Great Tusk|def|1
|
|upkeep
|turn|47
|
|t:|1758233746
|move|p2a: Great Tusk|Bulk Up|p2a: Great Tusk
|-boost|p2a: Great Tusk|atk|1
|-boost|p2a: Great Tusk|def|1
|move|p1a: HUNCHO|Rapid Spin|p2a: Great Tusk
|-damage|p2a: Great Tusk|95/100
|-boost|p1a: HUNCHO|spe|1
|-sideend|p1: Origamies|Stealth Rock|[from] move: Rapid Spin|[of] p1a: HUNCHO
|
|-end|p2a: Great Tusk|move: Future Sight
|-supereffective|p2a: Great Tusk
|-crit|p2a: Great Tusk
|-damage|p2a: Great Tusk|0 fnt
|faint|p2a: Great Tusk
|-end|p2a: Great Tusk|Protosynthesis|[silent]
|upkeep
|c|☆Origamies|mb
|inactive|Voyager_02 has 120 seconds left.
|
|t:|1758233762
|switch|p2a: Kommo-o|Kommo-o, M|93/100
|turn|48
|
|t:|1758233767
|move|p1a: HUNCHO|Ice Spinner|p2a: Kommo-o
|-supereffective|p2a: Kommo-o
|-damage|p2a: Kommo-o|40/100
|move|p2a: Kommo-o|Clangorous Soul|p2a: Kommo-o
|-boost|p2a: Kommo-o|atk|1
|-boost|p2a: Kommo-o|def|1
|-boost|p2a: Kommo-o|spa|1
|-boost|p2a: Kommo-o|spd|1
|-boost|p2a: Kommo-o|spe|1
|-damage|p2a: Kommo-o|7/100
|
|upkeep
|turn|49
|c|☆Origamies|ggs
|
|t:|1758233778
|move|p1a: HUNCHO|Ice Spinner|p2a: Kommo-o
|-supereffective|p2a: Kommo-o
|-damage|p2a: Kommo-o|0 fnt
|faint|p2a: Kommo-o
|
|upkeep
|
|t:|1758233785
|switch|p2a: Pecharunt|Pecharunt|77/100
|turn|50
|-message|Voyager_02 forfeited.
|
|win|Origamies
|raw|Origamies's rating: 1471 &rarr; <strong>1493</strong><br />(+22 for winning)
|raw|Voyager_02's rating: 1505 &rarr; <strong>1483</strong><br />(-22 for losing)
|l|‽Voyager_02
|player|p2|
