|j|☆GRexMain
|j|‽trak2
|t:|1758358280
|gametype|singles
|player|p1|GRexMain|cyclist-gen4|1116
|player|p2|trak2|unknown|1163
|gen|9
|tier|[Gen 9] OU
|rated|
|rule|HP Percentage Mod: HP is shown in percentages
|rule|Endless Battle Clause: Forcing endless battles is banned
|rule|Species Clause: Limit one of each Pokémon
|rule|OHKO Clause: OHKO moves are banned
|rule|Evasion Items Clause: Evasion items are banned
|rule|Evasion Moves Clause: Evasion moves are banned
|rule|Evasion Abilities Clause: Evasion abilities are banned
|rule|Sleep Moves Clause: Sleep-inducing moves are banned
|clearpoke
|poke|p1|Persian-Alola, F|
|poke|p1|Brambleghast, F|
|poke|p1|Kilowattrel, F|
|poke|p1|Slowking-Galar, M|
|poke|p1|Sandslash-Alola, F|
|poke|p1|Gastrodon, M|
|poke|p2|Dragonite, F|
|poke|p2|Grimmsnarl, M|
|poke|p2|Enamorus, F|
|poke|p2|Great Tusk|
|poke|p2|Scizor, M|
|poke|p2|Raging Bolt|
|teampreview
|inactive|Battle timer is ON: inactive players will automatically lose when time's up. (requested by trak2)
|
|t:|1758358284
|teamsize|p1|6
|teamsize|p2|6
|start
|switch|p1a: Persian|Persian-Alola, F|100/100
|switch|p2a: Great Tusk|Great Tusk|100/100
|-enditem|p2a: Great Tusk|Booster Energy
|-activate|p2a: Great Tusk|ability: Protosynthesis|[fromitem]
|-start|p2a: Great Tusk|protosynthesisspe
|turn|1
|
|t:|1758358297
|move|p2a: Great Tusk|Stealth Rock|p1a: Persian
|-sidestart|p1: GRexMain|move: Stealth Rock
|move|p1a: Persian|Taunt|p2a: Great Tusk
|-start|p2a: Great Tusk|move: Taunt
|
|upkeep
|turn|2
|
|t:|1758358315
|switch|p1a: Kilowattrel|Kilowattrel, F|100/100
|-damage|p1a: Kilowattrel|76/100|[from] Stealth Rock
|move|p2a: Great Tusk|Headlong Rush|p1a: Kilowattrel
|-immune|p1a: Kilowattrel
|
|upkeep
|turn|3
|
|t:|1758358328
|move|p2a: Great Tusk|Ice Spinner|p1a: Kilowattrel
|-supereffective|p1a: Kilowattrel
|-damage|p1a: Kilowattrel|0 fnt
|faint|p1a: Kilowattrel
|
|upkeep
|
|t:|1758358335
|switch|p1a: Gastrodon|Gastrodon, M|100/100
|-damage|p1a: Gastrodon|94/100|[from] Stealth Rock
|turn|4
|
|t:|1758358340
|move|p2a: Great Tusk|Headlong Rush|p1a: Gastrodon
|-damage|p1a: Gastrodon|41/100
|-unboost|p2a: Great Tusk|def|1
|-unboost|p2a: Great Tusk|spd|1
|move|p1a: Gastrodon|Surf|p2a: Great Tusk
|-supereffective|p2a: Great Tusk
|-damage|p2a: Great Tusk|0 fnt
|faint|p2a: Great Tusk
|-end|p2a: Great Tusk|Protosynthesis|[silent]
|
|-heal|p1a: Gastrodon|47/100|[from] item: Leftovers
|upkeep
|
|t:|1758358345
|switch|p2a: Grimmsnarl|Grimmsnarl, M|100/100
|turn|5
|
|t:|1758358353
|switch|p1a: Persian|Persian-Alola, F|100/100
|-damage|p1a: Persian|88/100|[from] Stealth Rock
|move|p2a: Grimmsnarl|Light Screen|p2a: Grimmsnarl
|-sidestart|p2: trak2|move: Light Screen
|
|upkeep
|turn|6
|
|t:|1758358360
|move|p2a: Grimmsnarl|Light Screen||[still]
|-fail|p2a: Grimmsnarl
|move|p1a: Persian|Taunt|p2a: Grimmsnarl
|-start|p2a: Grimmsnarl|move: Taunt
|
|upkeep
|turn|7
|
|t:|1758358377
|switch|p1a: Slowking|Slowking-Galar, M|100/100
|-damage|p1a: Slowking|88/100|[from] Stealth Rock
|move|p2a: Grimmsnarl|Spirit Break|p1a: Slowking
|-resisted|p1a: Slowking
|-damage|p1a: Slowking|77/100
|-unboost|p1a: Slowking|spa|1
|
|upkeep
|turn|8
|
|t:|1758358391
|switch|p2a: Scizor|Scizor, M|100/100
|-prepare|p1a: Slowking|Chilly Reception|[premajor]
|move|p1a: Slowking|Chilly Reception|p1a: Slowking
|-weather|Snowscape
|
|t:|1758358398
|switch|p1a: Sandslash|Sandslash-Alola, F|100/100|[from] Chilly Reception
|-damage|p1a: Sandslash|88/100|[from] Stealth Rock
|
|-weather|Snowscape|[upkeep]
|upkeep
|turn|9
|inactive|GRexMain has 120 seconds left.
|inactive|GRexMain has 90 seconds left.
|
|t:|1758358469
|move|p1a: Sandslash|Swords Dance|p1a: Sandslash
|-boost|p1a: Sandslash|atk|2
|move|p2a: Scizor|Swords Dance|p2a: Scizor
|-boost|p2a: Scizor|atk|2
|
|-weather|Snowscape|[upkeep]
|upkeep
|turn|10
|
|t:|1758358475
|-terastallize|p2a: Scizor|Steel
|move|p2a: Scizor|Bullet Punch|p1a: Sandslash
|-damage|p1a: Sandslash|9/100
|move|p1a: Sandslash|Earthquake|p2a: Scizor
|-supereffective|p2a: Scizor
|-damage|p2a: Scizor|0 fnt
|faint|p2a: Scizor
|
|-weather|Snowscape|[upkeep]
|upkeep
|
|t:|1758358480
|switch|p2a: Grimmsnarl|Grimmsnarl, M|100/100
|turn|11
|inactive|GRexMain has 90 seconds left.
|
|t:|1758358490
|move|p2a: Grimmsnarl|Reflect|p2a: Grimmsnarl
|-sidestart|p2: trak2|Reflect
|move|p1a: Sandslash|Iron Head|p2a: Grimmsnarl
|-supereffective|p2a: Grimmsnarl
|-damage|p2a: Grimmsnarl|17/100
|
|-weather|Snowscape|[upkeep]
|upkeep
|turn|12
|inactive|GRexMain has 90 seconds left.
|inactive|trak2 has 120 seconds left.
|inactive|trak2 has 90 seconds left.
|inactive|trak2 has 60 seconds left.
|
|t:|1758358604
|move|p1a: Sandslash|Triple Axel|p2a: Grimmsnarl
|-damage|p2a: Grimmsnarl|7/100
|-damage|p2a: Grimmsnarl|0 fnt
|faint|p2a: Grimmsnarl
|-hitcount|p2: Grimmsnarl|2
|
|-weather|Snowscape|[upkeep]
|-sideend|p2: trak2|move: Light Screen
|upkeep
|
|t:|1758358611
|switch|p2a: Dragonite|Dragonite, F, shiny|100/100
|turn|13
|
|t:|1758358623
|move|p1a: Sandslash|Triple Axel|p2a: Dragonite
|-supereffective|p2a: Dragonite
|-damage|p2a: Dragonite|81/100
|-supereffective|p2a: Dragonite
|-damage|p2a: Dragonite|0 fnt
|faint|p2a: Dragonite
|-hitcount|p2: Dragonite|2
|
|-weather|Snowscape|[upkeep]
|upkeep
|-message|trak2 forfeited.
|
|win|GRexMain
|raw|GRexMain's rating: 1116 &rarr; <strong>1146</strong><br />(+30 for winning)
|raw|trak2's rating: 1190 &rarr; <strong>1160</strong><br />(-30 for losing)
|l|‽trak2
|player|p2|
|l|☆GRexMain
|player|p1|
