|j|☆Ulquiorra77
|j|☆bladesatoshix
|t:|1758265015
|gametype|singles
|player|p1|Ulquiorra77|101|1345
|player|p2|bladesatoshix|drayden|1343
|gen|9
|tier|[Gen 9] OU
|rated|
|rule|HP Percentage Mod: HP is shown in percentages
|rule|Endless Battle Clause: Forcing endless battles is banned
|rule|Species Clause: Limit one of each Pokémon
|rule|OHKO Clause: OHKO moves are banned
|rule|Evasion Items Clause: Evasion items are banned
|rule|Evasion Moves Clause: Evasion moves are banned
|rule|Evasion Abilities Clause: Evasion abilities are banned
|rule|Sleep Moves Clause: Sleep-inducing moves are banned
|clearpoke
|poke|p1|Garchomp, M|
|poke|p1|Greninja-*, M|
|poke|p1|Ceruledge, M|
|poke|p1|Weezing-Galar, F|
|poke|p1|Hawlucha, F|
|poke|p1|Gliscor, F|
|poke|p2|Swampert, M|
|poke|p2|Clefable, F|
|poke|p2|Ogerpon-Cornerstone, F|
|poke|p2|Lokix, M|
|poke|p2|Weezing-Galar, M|
|poke|p2|Gholdengo|
|teampreview
|inactive|Battle timer is ON: inactive players will automatically lose when time's up. (requested by bladesatoshix)
|
|t:|1758265025
|teamsize|p1|6
|teamsize|p2|6
|start
|switch|p1a: Greninja|Greninja, M|100/100
|switch|p2a: issho|Swampert, M|100/100
|turn|1
|c|☆bladesatoshix|glhf
|c|☆bladesatoshix|:)
|
|t:|1758265033
|move|p1a: Greninja|U-turn|p2a: issho
|-start|p1a: Greninja|typechange|Bug|[from] ability: Protean
|-damage|p2a: issho|83/100
|
|t:|1758265039
|switch|p1a: Weezing|Weezing-Galar, F|100/100|[from] U-turn
|-fieldstart|move: Misty Terrain|[from] ability: Misty Surge|[of] p1a: Weezing
|move|p2a: issho|Stealth Rock|p1a: Weezing
|-sidestart|p1: Ulquiorra77|move: Stealth Rock
|
|-heal|p2a: issho|89/100|[from] item: Leftovers
|upkeep
|turn|2
|
|t:|1758265045
|move|p1a: Weezing|Defog|p2a: issho
|-unboost|p2a: issho|evasion|1
|-sideend|p1: Ulquiorra77|Stealth Rock|[from] move: Defog|[of] p1a: Weezing
|-fieldend|Misty Terrain
|move|p2a: issho|Earthquake|p1a: Weezing
|-supereffective|p1a: Weezing
|-damage|p1a: Weezing|32/100
|
|-heal|p2a: issho|96/100|[from] item: Leftovers
|upkeep
|turn|3
|
|t:|1758265051
|switch|p1a: Gliscor|Gliscor, F|100/100
|move|p2a: issho|Stealth Rock|p1a: Gliscor
|-sidestart|p1: Ulquiorra77|move: Stealth Rock
|
|-heal|p2a: issho|100/100|[from] item: Leftovers
|-status|p1a: Gliscor|tox|[from] item: Toxic Orb
|upkeep
|turn|4
|
|t:|1758265054
|switch|p2a: shiguma|Weezing-Galar, M, shiny|100/100
|-ability|p2a: shiguma|Neutralizing Gas
|move|p1a: Gliscor|Knock Off|p2a: shiguma
|-resisted|p2a: shiguma
|-damage|p2a: shiguma|92/100
|-enditem|p2a: shiguma|Heavy-Duty Boots|[from] move: Knock Off|[of] p1a: Gliscor
|
|-damage|p1a: Gliscor|94/100 tox|[from] psn
|upkeep
|turn|5
|
|t:|1758265063
|move|p1a: Gliscor|Stealth Rock|p2a: shiguma
|-sidestart|p2: bladesatoshix|move: Stealth Rock
|move|p2a: shiguma|Strange Steam|p1a: Gliscor
|-damage|p1a: Gliscor|63/100 tox
|
|-damage|p1a: Gliscor|51/100 tox|[from] psn
|upkeep
|turn|6
|
|t:|1758265068
|move|p1a: Gliscor|Earthquake|p2a: shiguma
|-supereffective|p2a: shiguma
|-damage|p2a: shiguma|32/100
|move|p2a: shiguma|Defog|p1a: Gliscor
|-unboost|p1a: Gliscor|evasion|1
|-sideend|p1: Ulquiorra77|Stealth Rock|[from] move: Defog|[of] p2a: shiguma
|-sideend|p2: bladesatoshix|Stealth Rock|[from] move: Defog|[of] p2a: shiguma
|
|-damage|p1a: Gliscor|32/100 tox|[from] psn
|upkeep
|turn|7
|
|t:|1758265077
|-end|p2a: shiguma|ability: Neutralizing Gas
|switch|p2a: chocho|Gholdengo|100/100
|-item|p2a: chocho|Air Balloon
|move|p1a: Gliscor|Earthquake|p2a: chocho
|-immune|p2a: chocho
|
|-heal|p1a: Gliscor|45/100 tox|[from] ability: Poison Heal
|upkeep
|turn|8
|
|t:|1758265085
|switch|p1a: Weezing|Weezing-Galar, F|32/100
|-fieldstart|move: Misty Terrain|[from] ability: Misty Surge|[of] p1a: Weezing
|move|p2a: chocho|Make It Rain|p1a: Weezing
|-supereffective|p1a: Weezing
|-damage|p1a: Weezing|0 fnt
|-unboost|p2a: chocho|spa|1
|faint|p1a: Weezing
|
|upkeep
|
|t:|1758265088
|switch|p1a: Hawlucha|Hawlucha, F|100/100
|-enditem|p1a: Hawlucha|Misty Seed
|-boost|p1a: Hawlucha|spd|1|[from] item: Misty Seed
|turn|9
|
|t:|1758265094
|switch|p2a: akane|Clefable, F|100/100
|-terastallize|p1a: Hawlucha|Electric
|move|p1a: Hawlucha|Swords Dance|p1a: Hawlucha
|-boost|p1a: Hawlucha|atk|2
|
|upkeep
|turn|10
|
|t:|1758265098
|move|p1a: Hawlucha|Acrobatics|p2a: akane
|-damage|p2a: akane|66/100
|move|p2a: akane|Wish|p2a: akane
|
|-heal|p2a: akane|72/100|[from] item: Leftovers
|upkeep
|turn|11
|
|t:|1758265102
|move|p1a: Hawlucha|Acrobatics|p2a: akane
|-damage|p2a: akane|35/100
|move|p2a: akane|Calm Mind|p2a: akane
|-boost|p2a: akane|spa|1
|-boost|p2a: akane|spd|1
|
|-heal|p2a: akane|85/100|[from] move: Wish|[wisher] akane
|-heal|p2a: akane|91/100|[from] item: Leftovers
|upkeep
|turn|12
|
|t:|1758265112
|move|p1a: Hawlucha|Acrobatics|p2a: akane
|-damage|p2a: akane|51/100
|move|p2a: akane|Wish|p2a: akane
|
|-heal|p2a: akane|57/100|[from] item: Leftovers
|upkeep
|turn|13
|c|☆bladesatoshix|cool team
|
|t:|1758265120
|move|p1a: Hawlucha|Acrobatics|p2a: akane
|-damage|p2a: akane|18/100
|move|p2a: akane|Calm Mind|p2a: akane
|-boost|p2a: akane|spa|1
|-boost|p2a: akane|spd|1
|
|-heal|p2a: akane|68/100|[from] move: Wish|[wisher] akane
|-heal|p2a: akane|74/100|[from] item: Leftovers
|upkeep
|turn|14
|
|t:|1758265124
|move|p2a: akane|Protect|p2a: akane
|-singleturn|p2a: akane|Protect
|move|p1a: Hawlucha|Acrobatics|p2a: akane
|-activate|p2a: akane|move: Protect
|
|-heal|p2a: akane|80/100|[from] item: Leftovers
|upkeep
|turn|15
|
|t:|1758265127
|move|p1a: Hawlucha|Acrobatics|p2a: akane
|-damage|p2a: akane|43/100
|move|p2a: akane|Wish|p2a: akane
|
|-heal|p2a: akane|49/100|[from] item: Leftovers
|-fieldend|Misty Terrain
|upkeep
|turn|16
|
|t:|1758265132
|move|p1a: Hawlucha|Acrobatics|p2a: akane
|-damage|p2a: akane|14/100
|move|p2a: akane|Calm Mind|p2a: akane
|-boost|p2a: akane|spa|1
|-boost|p2a: akane|spd|1
|
|-heal|p2a: akane|64/100|[from] move: Wish|[wisher] akane
|-heal|p2a: akane|70/100|[from] item: Leftovers
|upkeep
|turn|17
|
|t:|1758265136
|move|p2a: akane|Protect|p2a: akane
|-singleturn|p2a: akane|Protect
|move|p1a: Hawlucha|Acrobatics|p2a: akane
|-activate|p2a: akane|move: Protect
|
|-heal|p2a: akane|76/100|[from] item: Leftovers
|upkeep
|turn|18
|
|t:|1758265140
|move|p1a: Hawlucha|Acrobatics|p2a: akane
|-crit|p2a: akane
|-damage|p2a: akane|23/100
|move|p2a: akane|Wish|p2a: akane
|
|-heal|p2a: akane|29/100|[from] item: Leftovers
|upkeep
|turn|19
|
|t:|1758265146
|move|p2a: akane|Protect|p2a: akane
|-singleturn|p2a: akane|Protect
|move|p1a: Hawlucha|Acrobatics|p2a: akane
|-activate|p2a: akane|move: Protect
|
|-heal|p2a: akane|79/100|[from] move: Wish|[wisher] akane
|-heal|p2a: akane|85/100|[from] item: Leftovers
|upkeep
|turn|20
|
|t:|1758265148
|move|p1a: Hawlucha|Acrobatics|p2a: akane
|-damage|p2a: akane|44/100
|move|p2a: akane|Moonblast|p1a: Hawlucha
|-damage|p1a: Hawlucha|0 fnt
|faint|p1a: Hawlucha
|
|-heal|p2a: akane|50/100|[from] item: Leftovers
|upkeep
|
|t:|1758265163
|switch|p1a: Gliscor|Gliscor, F|45/100 tox
|turn|21
|
|t:|1758265168
|move|p1a: Gliscor|Protect|p1a: Gliscor
|-singleturn|p1a: Gliscor|Protect
|move|p2a: akane|Protect||[still]
|-fail|p2a: akane
|
|-heal|p2a: akane|57/100|[from] item: Leftovers
|-heal|p1a: Gliscor|57/100 tox|[from] ability: Poison Heal
|upkeep
|turn|22
|
|t:|1758265173
|move|p1a: Gliscor|Earthquake|p2a: akane
|-damage|p2a: akane|29/100
|move|p2a: akane|Wish|p2a: akane
|
|-heal|p2a: akane|35/100|[from] item: Leftovers
|-heal|p1a: Gliscor|70/100 tox|[from] ability: Poison Heal
|upkeep
|turn|23
|
|t:|1758265179
|move|p2a: akane|Protect|p2a: akane
|-singleturn|p2a: akane|Protect
|move|p1a: Gliscor|Knock Off|p2a: akane
|-activate|p2a: akane|move: Protect
|
|-heal|p2a: akane|85/100|[from] move: Wish|[wisher] akane
|-heal|p2a: akane|91/100|[from] item: Leftovers
|-heal|p1a: Gliscor|82/100 tox|[from] ability: Poison Heal
|upkeep
|turn|24
|
|t:|1758265181
|move|p1a: Gliscor|Knock Off|p2a: akane
|-resisted|p2a: akane
|-damage|p2a: akane|83/100
|-enditem|p2a: akane|Leftovers|[from] move: Knock Off|[of] p1a: Gliscor
|move|p2a: akane|Moonblast|p1a: Gliscor
|-damage|p1a: Gliscor|0 fnt
|faint|p1a: Gliscor
|
|upkeep
|
|t:|1758265191
|switch|p1a: Ceruledge|Ceruledge, M|100/100
|turn|25
|
|t:|1758265195
|move|p1a: Ceruledge|Iron Head|p2a: akane
|-supereffective|p2a: akane
|-damage|p2a: akane|39/100
|move|p2a: akane|Wish|p2a: akane
|
|upkeep
|turn|26
|
|t:|1758265204
|move|p2a: akane|Protect|p2a: akane
|-singleturn|p2a: akane|Protect
|move|p1a: Ceruledge|Swords Dance|p1a: Ceruledge
|-boost|p1a: Ceruledge|atk|2
|
|-heal|p2a: akane|89/100|[from] move: Wish|[wisher] akane
|upkeep
|turn|27
|
|t:|1758265212
|move|p1a: Ceruledge|Iron Head|p2a: akane
|-supereffective|p2a: akane
|-damage|p2a: akane|44/100
|move|p2a: akane|Wish|p2a: akane
|
|upkeep
|turn|28
|
|t:|1758265220
|move|p2a: akane|Protect|p2a: akane
|-singleturn|p2a: akane|Protect
|move|p1a: Ceruledge|Bitter Blade|p2a: akane
|-activate|p2a: akane|move: Protect
|
|-heal|p2a: akane|94/100|[from] move: Wish|[wisher] akane
|upkeep
|turn|29
|
|t:|1758265227
|move|p1a: Ceruledge|Iron Head|p2a: akane
|-supereffective|p2a: akane
|-damage|p2a: akane|52/100
|move|p2a: akane|Moonblast|p1a: Ceruledge
|-resisted|p1a: Ceruledge
|-damage|p1a: Ceruledge|52/100
|
|upkeep
|turn|30
|
|t:|1758265234
|move|p1a: Ceruledge|Iron Head|p2a: akane
|-supereffective|p2a: akane
|-damage|p2a: akane|12/100
|move|p2a: akane|Moonblast|p1a: Ceruledge
|-resisted|p1a: Ceruledge
|-damage|p1a: Ceruledge|5/100
|-unboost|p1a: Ceruledge|spa|1
|
|upkeep
|turn|31
|
|t:|1758265244
|move|p1a: Ceruledge|Iron Head|p2a: akane
|-supereffective|p2a: akane
|-damage|p2a: akane|0 fnt
|faint|p2a: akane
|
|upkeep
|
|t:|1758265251
|switch|p2a: karashi|Lokix, M, shiny|100/100
|turn|32
|
|t:|1758265257
|move|p2a: karashi|First Impression|p1a: Ceruledge
|-resisted|p1a: Ceruledge
|-damage|p1a: Ceruledge|0 fnt
|faint|p1a: Ceruledge
|
|upkeep
|
|t:|1758265262
|switch|p1a: Garchomp|Garchomp, M|100/100
|turn|33
|
|t:|1758265268
|switch|p2a: issho|Swampert, M|100/100
|move|p1a: Garchomp|Swords Dance|p1a: Garchomp
|-boost|p1a: Garchomp|atk|2
|
|upkeep
|turn|34
|
|t:|1758265275
|move|p1a: Garchomp|Scale Shot|p2a: issho
|-damage|p2a: issho|79/100
|-damage|p2a: issho|56/100
|-damage|p2a: issho|34/100
|-damage|p2a: issho|12/100
|-damage|p2a: issho|0 fnt
|faint|p2a: issho
|-hitcount|p2: issho|5
|-unboost|p1a: Garchomp|def|1
|-boost|p1a: Garchomp|spe|1
|
|upkeep
|
|t:|1758265281
|switch|p2a: shiguma|Weezing-Galar, M, shiny|32/100
|-ability|p2a: shiguma|Neutralizing Gas
|turn|35
|
|t:|1758265289
|-terastallize|p2a: shiguma|Grass
|move|p1a: Garchomp|Poison Jab|p2a: shiguma
|-supereffective|p2a: shiguma
|-damage|p2a: shiguma|0 fnt
|faint|p2a: shiguma
|-end|p2a: shiguma|ability: Neutralizing Gas
|
|upkeep
|
|t:|1758265295
|switch|p2a: karashi|Lokix, M, shiny|100/100
|turn|36
|
|t:|1758265303
|move|p2a: karashi|First Impression|p1a: Garchomp
|-damage|p1a: Garchomp|21/100
|-damage|p2a: karashi|88/100|[from] ability: Rough Skin|[of] p1a: Garchomp
|move|p1a: Garchomp|Earthquake|p2a: karashi
|-resisted|p2a: karashi
|-damage|p2a: karashi|17/100
|
|upkeep
|turn|37
|
|t:|1758265307
|switch|p1a: Greninja|Greninja, M|100/100
|move|p2a: karashi|Sucker Punch||[still]
|-fail|p2a: karashi
|
|upkeep
|turn|38
|c|☆bladesatoshix|great read
|
|t:|1758265318
|switch|p2a: chocho|Gholdengo|100/100
|-item|p2a: chocho|Air Balloon
|move|p1a: Greninja|Ice Beam|p2a: chocho
|-start|p1a: Greninja|typechange|Ice|[from] ability: Protean
|-resisted|p2a: chocho
|-damage|p2a: chocho|79/100
|-status|p2a: chocho|frz
|-enditem|p2a: chocho|Air Balloon
|
|upkeep
|turn|39
|
|t:|1758265322
|switch|p1a: Garchomp|Garchomp, M|21/100
|cant|p2a: chocho|frz
|
|upkeep
|turn|40
|c|☆bladesatoshix|damn
|
|t:|1758265328
|move|p1a: Garchomp|Earthquake|p2a: chocho
|-supereffective|p2a: chocho
|-damage|p2a: chocho|0 fnt
|faint|p2a: chocho
|
|upkeep
|
|t:|1758265330
|switch|p2a: karashi|Lokix, M, shiny|17/100
|turn|41
|
|t:|1758265333
|move|p2a: karashi|First Impression|p1a: Garchomp
|-damage|p1a: Garchomp|0 fnt
|-damage|p2a: karashi|5/100|[from] ability: Rough Skin|[of] p1a: Garchomp
|faint|p1a: Garchomp
|
|upkeep
|
|t:|1758265335
|switch|p1a: Greninja|Greninja, M|100/100
|turn|42
|
|t:|1758265346
|move|p2a: karashi|Sucker Punch|p1a: Greninja
|-resisted|p1a: Greninja
|-damage|p1a: Greninja|46/100
|move|p1a: Greninja|Ice Beam|p2a: karashi
|-start|p1a: Greninja|typechange|Ice|[from] ability: Protean
|-damage|p2a: karashi|0 fnt
|faint|p2a: karashi
|
|upkeep
|
|t:|1758265348
|switch|p2a: hikaru|Ogerpon-Cornerstone, F|100/100
|turn|43
|
|t:|1758265351
|move|p1a: Greninja|Ice Beam|p2a: hikaru
|-supereffective|p2a: hikaru
|-damage|p2a: hikaru|2/100
|move|p2a: hikaru|Ivy Cudgel|p1a: Greninja|[anim] Ivy Cudgel Rock
|-supereffective|p1a: Greninja
|-damage|p1a: Greninja|0 fnt
|faint|p1a: Greninja
|
|win|bladesatoshix
|raw|Ulquiorra77's rating: 1345 &rarr; <strong>1325</strong><br />(-20 for losing)
|raw|bladesatoshix's rating: 1343 &rarr; <strong>1363</strong><br />(+20 for winning)
|c|☆bladesatoshix|gg
|c|☆bladesatoshix|very close
|l|☆Ulquiorra77
|player|p1|
|l|☆bladesatoshix
|player|p2|
