|j|☆FuzRa_Sheikra
|j|☆Lord Markov
|t:|1758295797
|gametype|singles
|player|p1|FuzRa_Sheikra|acetrainersnow|1554
|player|p2|Lord Markov|palmer|1558
|gen|9
|tier|[Gen 9] OU
|rated|
|rule|HP Percentage Mod: HP is shown in percentages
|rule|Endless Battle Clause: Forcing endless battles is banned
|rule|Species Clause: Limit one of each Pokémon
|rule|OHKO Clause: OHKO moves are banned
|rule|Evasion Items Clause: Evasion items are banned
|rule|Evasion Moves Clause: Evasion moves are banned
|rule|Evasion Abilities Clause: Evasion abilities are banned
|rule|Sleep Moves Clause: Sleep-inducing moves are banned
|clearpoke
|poke|p1|Landorus-Therian, M|
|poke|p1|Sinistcha|
|poke|p1|Tinkaton, F|
|poke|p1|Moltres|
|poke|p1|Samurott-Hisui, M|
|poke|p1|Hydreigon, M|
|poke|p2|Pecharunt|
|poke|p2|Great Tusk|
|poke|p2|Ogerpon-Wellspring, F|
|poke|p2|Iron Crown|
|poke|p2|Landorus-Therian, M|
|poke|p2|Samurott-Hisui, M|
|teampreview
|
|t:|1758295824
|teamsize|p1|6
|teamsize|p2|6
|start
|switch|p1a: Landorus|Landorus-Therian, M|100/100
|switch|p2a: Samurott|Samurott-Hisui, M|100/100
|-ability|p1a: Landorus|Intimidate|boost
|-unboost|p2a: Samurott|atk|1
|turn|1
|
|t:|1758295830
|switch|p2a: Landorus|Landorus-Therian, M|100/100
|-ability|p2a: Landorus|Intimidate|boost
|-unboost|p1a: Landorus|atk|1
|move|p1a: Landorus|U-turn|p2a: Landorus
|-resisted|p2a: Landorus
|-damage|p2a: Landorus|91/100
|
|t:|1758295835
|switch|p1a: Hydreigon|Hydreigon, M, shiny|100/100|[from] U-turn
|
|upkeep
|turn|2
|
|t:|1758295865
|move|p2a: Landorus|U-turn|p1a: Hydreigon
|-supereffective|p1a: Hydreigon
|-damage|p1a: Hydreigon|35/100
|
|t:|1758295869
|switch|p2a: Samurott|Samurott-Hisui, M|100/100|[from] U-turn
|move|p1a: Hydreigon|Draco Meteor|p2a: Samurott
|-damage|p2a: Samurott|14/100
|-unboost|p1a: Hydreigon|spa|2
|
|upkeep
|turn|3
|inactive|Battle timer is ON: inactive players will automatically lose when time's up. (requested by FuzRa_Sheikra)
|
|t:|1758295877
|move|p1a: Hydreigon|Draco Meteor|p2a: Samurott
|-damage|p2a: Samurott|0 fnt
|-unboost|p1a: Hydreigon|spa|2
|faint|p2a: Samurott
|
|upkeep
|
|t:|1758295880
|switch|p2a: Landorus|Landorus-Therian, M|91/100
|-ability|p2a: Landorus|Intimidate|boost
|-unboost|p1a: Hydreigon|atk|1
|turn|4
|
|t:|1758295884
|switch|p1a: Moltres|Moltres|100/100
|move|p2a: Landorus|U-turn|p1a: Moltres
|-resisted|p1a: Moltres
|-damage|p1a: Moltres|95/100
|-status|p2a: Landorus|brn|[from] ability: Flame Body|[of] p1a: Moltres
|
|t:|1758295894
|switch|p2a: Ogerpon|Ogerpon-Wellspring, F|100/100|[from] U-turn
|
|upkeep
|turn|5
|
|t:|1758295905
|switch|p1a: Sinistcha|Sinistcha|100/100
|move|p2a: Ogerpon|Ivy Cudgel|p1a: Sinistcha|[anim] Ivy Cudgel Water
|-resisted|p1a: Sinistcha
|-damage|p1a: Sinistcha|82/100
|
|upkeep
|turn|6
|
|t:|1758295912
|switch|p2a: Iron Crown|Iron Crown|100/100
|move|p1a: Sinistcha|Strength Sap|p2a: Iron Crown
|-unboost|p2a: Iron Crown|atk|1
|-heal|p1a: Sinistcha|100/100
|
|upkeep
|turn|7
|inactive|Lord Markov has 120 seconds left.
|
|t:|1758295946
|move|p2a: Iron Crown|Tachyon Cutter|p1a: Sinistcha
|-damage|p1a: Sinistcha|53/100
|-damage|p1a: Sinistcha|12/100
|-hitcount|p1a: Sinistcha|2
|move|p1a: Sinistcha|Calm Mind|p1a: Sinistcha
|-boost|p1a: Sinistcha|spa|1
|-boost|p1a: Sinistcha|spd|1
|
|upkeep
|turn|8
|j| Nikator98
|l| Nikator98
|
|t:|1758295959
|switch|p1a: Samurott|Samurott-Hisui, M|100/100
|move|p2a: Iron Crown|Tachyon Cutter|p1a: Samurott
|-resisted|p1a: Samurott
|-crit|p1a: Samurott
|-damage|p1a: Samurott|58/100
|-resisted|p1a: Samurott
|-damage|p1a: Samurott|28/100
|-hitcount|p1a: Samurott|2
|
|upkeep
|turn|9
|
|t:|1758295972
|-end|p2a: Iron Crown|Quark Drive|[silent]
|switch|p2a: Landorus|Landorus-Therian, M|91/100 brn
|-ability|p2a: Landorus|Intimidate|boost
|-unboost|p1a: Samurott|atk|1
|switch|p1a: Moltres|Moltres|95/100
|
|-damage|p2a: Landorus|85/100 brn|[from] brn
|upkeep
|turn|10
|
|t:|1758295977
|move|p2a: Landorus|Stone Edge|p1a: Moltres|[miss]
|-miss|p2a: Landorus|p1a: Moltres
|move|p1a: Moltres|Flamethrower|p2a: Landorus
|-damage|p2a: Landorus|33/100 brn
|
|-damage|p2a: Landorus|27/100 brn|[from] brn
|upkeep
|turn|11
|
|t:|1758295986
|switch|p1a: Landorus|Landorus-Therian, M|100/100
|-ability|p1a: Landorus|Intimidate|boost
|-unboost|p2a: Landorus|atk|1
|move|p2a: Landorus|Stone Edge|p1a: Landorus
|-damage|p1a: Landorus|84/100
|
|-damage|p2a: Landorus|21/100 brn|[from] brn
|upkeep
|turn|12
|
|t:|1758295997
|switch|p2a: Pecharunt|Pecharunt|100/100
|move|p1a: Landorus|Earthquake|p2a: Pecharunt
|-supereffective|p2a: Pecharunt
|-damage|p2a: Pecharunt|43/100
|
|upkeep
|turn|13
|
|t:|1758296005
|switch|p2a: Landorus|Landorus-Therian, M|21/100 brn
|-ability|p2a: Landorus|Intimidate|boost
|-unboost|p1a: Landorus|atk|1
|move|p1a: Landorus|Earthquake|p2a: Landorus
|-immune|p2a: Landorus
|
|-damage|p2a: Landorus|15/100 brn|[from] brn
|upkeep
|turn|14
|
|t:|1758296010
|switch|p1a: Moltres|Moltres|95/100
|move|p2a: Landorus|U-turn|p1a: Moltres
|-resisted|p1a: Moltres
|-damage|p1a: Moltres|92/100
|
|t:|1758296014
|switch|p2a: Ogerpon|Ogerpon-Wellspring, F|100/100|[from] U-turn
|
|upkeep
|turn|15
|
|t:|1758296023
|switch|p1a: Sinistcha|Sinistcha|12/100
|move|p2a: Ogerpon|Ivy Cudgel|p1a: Sinistcha|[anim] Ivy Cudgel Water
|-resisted|p1a: Sinistcha
|-damage|p1a: Sinistcha|0 fnt
|faint|p1a: Sinistcha
|
|upkeep
|
|t:|1758296028
|switch|p1a: Landorus|Landorus-Therian, M|84/100
|-ability|p1a: Landorus|Intimidate|boost
|-unboost|p2a: Ogerpon|atk|1
|turn|16
|
|t:|1758296032
|switch|p2a: Landorus|Landorus-Therian, M|15/100 brn
|-ability|p2a: Landorus|Intimidate|boost
|-unboost|p1a: Landorus|atk|1
|move|p1a: Landorus|U-turn|p2a: Landorus
|-resisted|p2a: Landorus
|-damage|p2a: Landorus|5/100 brn
|
|t:|1758296038
|switch|p1a: Tinkaton|Tinkaton, F|100/100|[from] U-turn
|-item|p1a: Tinkaton|Air Balloon
|
|-damage|p2a: Landorus|0 fnt|[from] brn
|faint|p2a: Landorus
|upkeep
|
|t:|1758296043
|switch|p2a: Iron Crown|Iron Crown|100/100
|turn|17
|
|t:|1758296052
|move|p2a: Iron Crown|Tachyon Cutter|p1a: Tinkaton
|-crit|p1a: Tinkaton
|-damage|p1a: Tinkaton|45/100
|-enditem|p1a: Tinkaton|Air Balloon
|-damage|p1a: Tinkaton|6/100
|-hitcount|p1a: Tinkaton|2
|move|p1a: Tinkaton|Stealth Rock|p2a: Iron Crown
|-sidestart|p2: Lord Markov|move: Stealth Rock
|
|upkeep
|turn|18
|
|t:|1758296062
|move|p2a: Iron Crown|Tachyon Cutter|p1a: Tinkaton
|-damage|p1a: Tinkaton|0 fnt
|faint|p1a: Tinkaton
|-hitcount|p1: Tinkaton|1
|
|upkeep
|
|t:|1758296064
|switch|p1a: Moltres|Moltres|92/100
|turn|19
|
|t:|1758296069
|-end|p2a: Iron Crown|Quark Drive|[silent]
|switch|p2a: Pecharunt|Pecharunt|43/100
|-damage|p2a: Pecharunt|31/100|[from] Stealth Rock
|move|p1a: Moltres|Flamethrower|p2a: Pecharunt
|-damage|p2a: Pecharunt|0 fnt
|faint|p2a: Pecharunt
|
|upkeep
|
|t:|1758296077
|switch|p2a: Ogerpon|Ogerpon-Wellspring, F|100/100
|-damage|p2a: Ogerpon|88/100|[from] Stealth Rock
|turn|20
|
|t:|1758296083
|switch|p1a: Samurott|Samurott-Hisui, M|28/100
|move|p2a: Ogerpon|Trailblaze|p1a: Samurott
|-supereffective|p1a: Samurott
|-damage|p1a: Samurott|0 fnt
|-boost|p2a: Ogerpon|spe|1
|faint|p1a: Samurott
|
|upkeep
|inactive|FuzRa_Sheikra has 120 seconds left.
|
|t:|1758296114
|switch|p1a: Moltres|Moltres|92/100
|turn|21
|
|t:|1758296121
|-terastallize|p2a: Ogerpon|Water
|detailschange|p2a: Ogerpon|Ogerpon-Wellspring-Tera, F, tera:Water
|-ability|p2a: Ogerpon|Embody Aspect (Wellspring)|boost
|-boost|p2a: Ogerpon|spd|1
|-terastallize|p1a: Moltres|Fairy
|move|p2a: Ogerpon|Swords Dance|p2a: Ogerpon
|-boost|p2a: Ogerpon|atk|2
|move|p1a: Moltres|Flamethrower|p2a: Ogerpon
|-resisted|p2a: Ogerpon
|-damage|p2a: Ogerpon|77/100
|
|upkeep
|turn|22
|
|t:|1758296132
|move|p2a: Ogerpon|Ivy Cudgel|p1a: Moltres|[anim] Ivy Cudgel Water
|-crit|p1a: Moltres
|-damage|p1a: Moltres|0 fnt
|faint|p1a: Moltres
|
|upkeep
|
|t:|1758296137
|switch|p1a: Landorus|Landorus-Therian, M|84/100
|-ability|p1a: Landorus|Intimidate|boost
|-unboost|p2a: Ogerpon|atk|1
|turn|23
|
|t:|1758296142
|move|p1a: Landorus|Earthquake|p2a: Ogerpon
|-damage|p2a: Ogerpon|23/100
|move|p2a: Ogerpon|Ivy Cudgel|p1a: Landorus|[anim] Ivy Cudgel Water
|-supereffective|p1a: Landorus
|-damage|p1a: Landorus|0 fnt
|faint|p1a: Landorus
|
|upkeep
|
|t:|1758296149
|switch|p1a: Hydreigon|Hydreigon, M, shiny|35/100
|turn|24
|
|t:|1758296155
|move|p2a: Ogerpon|Ivy Cudgel|p1a: Hydreigon|[anim] Ivy Cudgel Water
|-resisted|p1a: Hydreigon
|-damage|p1a: Hydreigon|0 fnt
|faint|p1a: Hydreigon
|
|win|Lord Markov
|raw|FuzRa_Sheikra's rating: 1554 &rarr; <strong>1534</strong><br />(-20 for losing)
|raw|Lord Markov's rating: 1558 &rarr; <strong>1578</strong><br />(+20 for winning)
|l|☆FuzRa_Sheikra
|player|p1|
|l|☆Lord Markov
|player|p2|
