|j|☆AzureNoire
|j|☆SML Shrek
|t:|1758259710
|gametype|singles
|player|p1|AzureNoire|101|1353
|player|p2|SML Shrek|hiker-gen4|1391
|gen|9
|tier|[Gen 9] OU
|rated|
|rule|HP Percentage Mod: HP is shown in percentages
|rule|Endless Battle Clause: Forcing endless battles is banned
|rule|Species Clause: Limit one of each Pokémon
|rule|OHKO Clause: OHKO moves are banned
|rule|Evasion Items Clause: Evasion items are banned
|rule|Evasion Moves Clause: Evasion moves are banned
|rule|Evasion Abilities Clause: Evasion abilities are banned
|rule|Sleep Moves Clause: Sleep-inducing moves are banned
|clearpoke
|poke|p1|Mandibuzz, F|
|poke|p1|Armarouge, M|
|poke|p1|Blaziken, F|
|poke|p1|Iron Valiant|
|poke|p1|Hatterene, F|
|poke|p1|Lapras, M|
|poke|p2|Ribombee, F|
|poke|p2|Torkoal, M|
|poke|p2|Great Tusk|
|poke|p2|Walking Wake|
|poke|p2|Raging Bolt|
|poke|p2|Ting-Lu|
|teampreview
|inactive|Battle timer is ON: inactive players will automatically lose when time's up. (requested by AzureNoire)
|
|t:|1758259725
|teamsize|p1|6
|teamsize|p2|6
|start
|switch|p1a: Iron Valiant|Iron Valiant|100/100
|switch|p2a: Ribombee|Ribombee, F|100/100
|-enditem|p1a: Iron Valiant|Booster Energy
|-activate|p1a: Iron Valiant|ability: Quark Drive|[fromitem]
|-start|p1a: Iron Valiant|quarkdrivespe
|turn|1
|
|t:|1758259731
|-end|p1a: Iron Valiant|Quark Drive|[silent]
|switch|p1a: Hatterene|Hatterene, F|100/100
|move|p2a: Ribombee|Stun Spore|p1a: Hatterene
|move|p1a: Hatterene|Stun Spore|p2a: Ribombee|[from] ability: Magic Bounce|[miss]
|-miss|p1a: Hatterene|p2a: Ribombee
|
|upkeep
|turn|2
|
|t:|1758259741
|switch|p2a: Torkoal|Torkoal, M|100/100
|-weather|SunnyDay|[from] ability: Drought|[of] p2a: Torkoal
|move|p1a: Hatterene|Calm Mind|p1a: Hatterene
|-boost|p1a: Hatterene|spa|1
|-boost|p1a: Hatterene|spd|1
|
|-weather|SunnyDay|[upkeep]
|upkeep
|turn|3
|
|t:|1758259753
|switch|p2a: Great Tusk|Great Tusk|100/100
|-activate|p2a: Great Tusk|ability: Protosynthesis
|-start|p2a: Great Tusk|protosynthesisatk
|move|p1a: Hatterene|Calm Mind|p1a: Hatterene
|-boost|p1a: Hatterene|spa|1
|-boost|p1a: Hatterene|spd|1
|
|-weather|SunnyDay|[upkeep]
|upkeep
|turn|4
|
|t:|1758259764
|-terastallize|p2a: Great Tusk|Steel
|move|p2a: Great Tusk|Headlong Rush|p1a: Hatterene
|-damage|p1a: Hatterene|19/100
|-unboost|p2a: Great Tusk|def|1
|-unboost|p2a: Great Tusk|spd|1
|move|p1a: Hatterene|Draining Kiss|p2a: Great Tusk
|-resisted|p2a: Great Tusk
|-damage|p2a: Great Tusk|44/100
|-heal|p1a: Hatterene|76/100|[from] drain|[of] p2a: Great Tusk
|-damage|p1a: Hatterene|60/100|[from] item: Rocky Helmet|[of] p2a: Great Tusk
|
|-weather|SunnyDay|[upkeep]
|upkeep
|turn|5
|
|t:|1758259776
|switch|p1a: Mandibuzz|Mandibuzz, F|100/100
|move|p2a: Great Tusk|Headlong Rush|p1a: Mandibuzz
|-immune|p1a: Mandibuzz
|
|-weather|SunnyDay|[upkeep]
|upkeep
|turn|6
|
|t:|1758259782
|move|p2a: Great Tusk|Knock Off|p1a: Mandibuzz
|-resisted|p1a: Mandibuzz
|-damage|p1a: Mandibuzz|84/100
|-enditem|p1a: Mandibuzz|Leftovers|[from] move: Knock Off|[of] p2a: Great Tusk
|move|p1a: Mandibuzz|Foul Play|p2a: Great Tusk
|-damage|p2a: Great Tusk|0 fnt
|-damage|p1a: Mandibuzz|68/100|[from] item: Rocky Helmet|[of] p2a: Great Tusk
|faint|p2a: Great Tusk
|-end|p2a: Great Tusk|Protosynthesis|[silent]
|
|-weather|SunnyDay|[upkeep]
|upkeep
|
|t:|1758259796
|switch|p2a: Walking Wake|Walking Wake|100/100
|-activate|p2a: Walking Wake|ability: Protosynthesis
|-start|p2a: Walking Wake|protosynthesisspa
|turn|7
|
|t:|1758259803
|switch|p1a: Lapras|Lapras, M|100/100
|move|p2a: Walking Wake|Hydro Steam|p1a: Lapras
|-immune|p1a: Lapras|[from] ability: Water Absorb
|
|-weather|SunnyDay|[upkeep]
|upkeep
|turn|8
|
|t:|1758259819
|-end|p2a: Walking Wake|Protosynthesis|[silent]
|switch|p2a: Ting-Lu|Ting-Lu|100/100
|-ability|p2a: Ting-Lu|Vessel of Ruin
|move|p1a: Lapras|Dragon Dance|p1a: Lapras
|-boost|p1a: Lapras|atk|1
|-boost|p1a: Lapras|spe|1
|
|-weather|SunnyDay|[upkeep]
|upkeep
|turn|9
|
|t:|1758259831
|switch|p1a: Mandibuzz|Mandibuzz, F|68/100
|move|p2a: Ting-Lu|Whirlwind|p1a: Mandibuzz
|drag|p1a: Armarouge|Armarouge, M|100/100
|
|-weather|none
|upkeep
|turn|10
|
|t:|1758259839
|move|p1a: Armarouge|Iron Defense|p1a: Armarouge
|-boost|p1a: Armarouge|def|2
|move|p2a: Ting-Lu|Spikes|p1a: Armarouge
|-sidestart|p1: AzureNoire|Spikes
|
|upkeep
|turn|11
|
|t:|1758259845
|move|p1a: Armarouge|Calm Mind|p1a: Armarouge
|-boost|p1a: Armarouge|spa|1
|-boost|p1a: Armarouge|spd|1
|move|p2a: Ting-Lu|Whirlwind|p1a: Armarouge
|drag|p1a: Hatterene|Hatterene, F|60/100
|-damage|p1a: Hatterene|48/100|[from] Spikes
|
|upkeep
|turn|12
|
|t:|1758259855
|switch|p2a: Torkoal|Torkoal, M|100/100
|-weather|SunnyDay|[from] ability: Drought|[of] p2a: Torkoal
|move|p1a: Hatterene|Draining Kiss|p2a: Torkoal
|-resisted|p2a: Torkoal
|-damage|p2a: Torkoal|89/100
|-heal|p1a: Hatterene|59/100|[from] drain|[of] p2a: Torkoal
|
|-weather|SunnyDay|[upkeep]
|upkeep
|turn|13
|
|t:|1758259864
|move|p1a: Hatterene|Nuzzle|p2a: Torkoal
|-damage|p2a: Torkoal|85/100
|-status|p2a: Torkoal|par
|move|p2a: Torkoal|Lava Plume|p1a: Hatterene
|-damage|p1a: Hatterene|18/100
|
|-weather|SunnyDay|[upkeep]
|upkeep
|turn|14
|inactive|AzureNoire has 120 seconds left.
|
|t:|1758259895
|switch|p1a: Lapras|Lapras, M|100/100
|-damage|p1a: Lapras|88/100|[from] Spikes
|move|p2a: Torkoal|Lava Plume|p1a: Lapras
|-damage|p1a: Lapras|61/100
|
|-weather|SunnyDay|[upkeep]
|-heal|p1a: Lapras|67/100|[from] item: Leftovers
|upkeep
|turn|15
|
|t:|1758259903
|move|p1a: Lapras|Dragon Dance|p1a: Lapras
|-boost|p1a: Lapras|atk|1
|-boost|p1a: Lapras|spe|1
|move|p2a: Torkoal|Will-O-Wisp|p1a: Lapras
|-status|p1a: Lapras|brn
|
|-weather|SunnyDay|[upkeep]
|-heal|p1a: Lapras|73/100 brn|[from] item: Leftovers
|-damage|p1a: Lapras|67/100 brn|[from] brn
|upkeep
|turn|16
|
|t:|1758259912
|move|p1a: Lapras|Dragon Dance|p1a: Lapras
|-boost|p1a: Lapras|atk|1
|-boost|p1a: Lapras|spe|1
|move|p2a: Torkoal|Stealth Rock|p1a: Lapras
|-sidestart|p1: AzureNoire|move: Stealth Rock
|
|-weather|SunnyDay|[upkeep]
|-heal|p1a: Lapras|73/100 brn|[from] item: Leftovers
|-damage|p1a: Lapras|67/100 brn|[from] brn
|upkeep
|turn|17
|
|t:|1758259919
|move|p1a: Lapras|Dragon Dance|p1a: Lapras
|-boost|p1a: Lapras|atk|1
|-boost|p1a: Lapras|spe|1
|move|p2a: Torkoal|Lava Plume|p1a: Lapras
|-crit|p1a: Lapras
|-damage|p1a: Lapras|23/100 brn
|
|-weather|SunnyDay|[upkeep]
|-heal|p1a: Lapras|30/100 brn|[from] item: Leftovers
|-damage|p1a: Lapras|23/100 brn|[from] brn
|upkeep
|turn|18
|
|t:|1758259941
|-terastallize|p1a: Lapras|Ground
|move|p1a: Lapras|Earthquake|p2a: Torkoal
|-supereffective|p2a: Torkoal
|-crit|p2a: Torkoal
|-damage|p2a: Torkoal|11/100 par
|move|p2a: Torkoal|Lava Plume|p1a: Lapras
|-damage|p1a: Lapras|0 fnt
|faint|p1a: Lapras
|
|-weather|SunnyDay|[upkeep]
|upkeep
|
|t:|1758259948
|switch|p1a: Mandibuzz|Mandibuzz, F|68/100
|-damage|p1a: Mandibuzz|43/100|[from] Stealth Rock
|turn|19
|
|t:|1758259957
|switch|p2a: Walking Wake|Walking Wake|100/100
|-activate|p2a: Walking Wake|ability: Protosynthesis
|-start|p2a: Walking Wake|protosynthesisspa
|move|p1a: Mandibuzz|Defog|p2a: Walking Wake
|-unboost|p2a: Walking Wake|evasion|1
|-sideend|p1: AzureNoire|Spikes|[from] move: Defog|[of] p1a: Mandibuzz
|-sideend|p1: AzureNoire|Stealth Rock|[from] move: Defog|[of] p1a: Mandibuzz
|
|-weather|none
|-end|p2a: Walking Wake|Protosynthesis
|upkeep
|turn|20
|
|t:|1758259970
|move|p2a: Walking Wake|Hydro Steam|p1a: Mandibuzz
|-damage|p1a: Mandibuzz|0 fnt
|faint|p1a: Mandibuzz
|
|upkeep
|
|t:|1758259976
|switch|p1a: Iron Valiant|Iron Valiant|100/100
|turn|21
|
|t:|1758259981
|-end|p2a: Walking Wake|Protosynthesis|[silent]
|switch|p2a: Torkoal|Torkoal, M|11/100 par
|-weather|SunnyDay|[from] ability: Drought|[of] p2a: Torkoal
|move|p1a: Iron Valiant|Moonblast|p2a: Torkoal
|-resisted|p2a: Torkoal
|-damage|p2a: Torkoal|0 fnt
|faint|p2a: Torkoal
|
|-weather|SunnyDay|[upkeep]
|upkeep
|
|t:|1758259992
|switch|p2a: Ribombee|Ribombee, F|100/100
|turn|22
|
|t:|1758260005
|-end|p1a: Iron Valiant|Quark Drive|[silent]
|switch|p1a: Armarouge|Armarouge, M|100/100
|move|p2a: Ribombee|Sticky Web|p1a: Armarouge
|-sidestart|p1: AzureNoire|move: Sticky Web
|
|-weather|SunnyDay|[upkeep]
|upkeep
|turn|23
|
|t:|1758260012
|move|p2a: Ribombee|Stun Spore|p1a: Armarouge
|-status|p1a: Armarouge|par
|cant|p1a: Armarouge|par
|
|-weather|SunnyDay|[upkeep]
|upkeep
|turn|24
|
|t:|1758260018
|switch|p2a: Walking Wake|Walking Wake|100/100
|-activate|p2a: Walking Wake|ability: Protosynthesis
|-start|p2a: Walking Wake|protosynthesisspa
|move|p1a: Armarouge|Calm Mind|p1a: Armarouge
|-boost|p1a: Armarouge|spa|1
|-boost|p1a: Armarouge|spd|1
|
|-weather|SunnyDay|[upkeep]
|upkeep
|turn|25
|
|t:|1758260026
|move|p2a: Walking Wake|Hydro Steam|p1a: Armarouge
|-supereffective|p1a: Armarouge
|-damage|p1a: Armarouge|0 fnt
|faint|p1a: Armarouge
|
|-weather|SunnyDay|[upkeep]
|upkeep
|-message|AzureNoire forfeited.
|
|win|SML Shrek
|raw|AzureNoire's rating: 1353 &rarr; <strong>1335</strong><br />(-18 for losing)
|raw|SML Shrek's rating: 1391 &rarr; <strong>1409</strong><br />(+18 for winning)
|l|☆AzureNoire
|player|p1|
