|j|☆RiaSingh2121
|j|☆burrito_theinferno
|t:|1758317432
|gametype|singles
|player|p1|RiaSingh2121|169|1146
|player|p2|burrito_theinferno|1|1181
|gen|9
|tier|[Gen 9] OU
|rated|
|rule|HP Percentage Mod: HP is shown in percentages
|rule|Endless Battle Clause: Forcing endless battles is banned
|rule|Species Clause: Limit one of each Pokémon
|rule|OHKO Clause: OHKO moves are banned
|rule|Evasion Items Clause: Evasion items are banned
|rule|Evasion Moves Clause: Evasion moves are banned
|rule|Evasion Abilities Clause: Evasion abilities are banned
|rule|Sleep Moves Clause: Sleep-inducing moves are banned
|clearpoke
|poke|p1|Hatterene, F|
|poke|p1|Torkoal, M|
|poke|p1|Corviknight, F|
|poke|p1|Ursaluna, M|
|poke|p1|Hattrem, F|
|poke|p1|Iron Hands|
|poke|p2|Komala, F|
|poke|p2|Garchomp, F|
|poke|p2|Swalot, F|
|poke|p2|Espeon, F|
|poke|p2|Dragonite, F|
|poke|p2|Blaziken, M|
|teampreview
|inactive|Battle timer is ON: inactive players will automatically lose when time's up. (requested by burrito_theinferno)
|
|t:|1758317451
|teamsize|p1|6
|teamsize|p2|6
|start
|switch|p1a: Hattrem|Hattrem, F|100/100
|switch|p2a: Garchomp|Garchomp, F|100/100
|turn|1
|
|t:|1758317459
|move|p2a: Garchomp|Earthquake|p1a: Hattrem
|-damage|p1a: Hattrem|37/100
|move|p1a: Hattrem|Trick Room|p1a: Hattrem
|-fieldstart|move: Trick Room|[of] p1a: Hattrem
|
|upkeep
|turn|2
|
|t:|1758317471
|switch|p2a: Swalot|Swalot, F|100/100
|move|p1a: Hattrem|Healing Wish|p1a: Hattrem
|faint|p1a: Hattrem
|
|upkeep
|inactive|RiaSingh2121 has 120 seconds left.
|
|t:|1758317502
|switch|p1a: Ursaluna|Ursaluna, M|100/100
|turn|3
|
|t:|1758317508
|move|p1a: Ursaluna|Swords Dance|p1a: Ursaluna
|-boost|p1a: Ursaluna|atk|2
|move|p2a: Swalot|Stuff Cheeks|p2a: Swalot
|-boost|p2a: Swalot|def|2
|-enditem|p2a: Swalot|Starf Berry|[eat]
|-boost|p2a: Swalot|spe|2|[from] item: Starf Berry
|
|-status|p1a: Ursaluna|brn|[from] item: Flame Orb
|upkeep
|turn|4
|inactive|RiaSingh2121 has 120 seconds left.
|
|t:|1758317526
|-terastallize|p2a: Swalot|Dark
|move|p1a: Ursaluna|Facade|p2a: Swalot
|-damage|p2a: Swalot|6/100
|move|p2a: Swalot|Body Press|p1a: Ursaluna
|-supereffective|p1a: Ursaluna
|-damage|p1a: Ursaluna|46/100 brn
|
|-damage|p1a: Ursaluna|40/100 brn|[from] brn
|upkeep
|turn|5
|
|t:|1758317539
|move|p1a: Ursaluna|Drain Punch|p2a: Swalot
|-supereffective|p2a: Swalot
|-damage|p2a: Swalot|0 fnt
|-heal|p1a: Ursaluna|42/100 brn|[from] drain|[of] p2a: Swalot
|faint|p2a: Swalot
|
|-damage|p1a: Ursaluna|36/100 brn|[from] brn
|-fieldend|move: Trick Room
|upkeep
|inactive|burrito_theinferno has 120 seconds left.
|
|t:|1758317561
|switch|p2a: Blaziken|Blaziken, M|100/100
|turn|6
|
|t:|1758317566
|switch|p1a: Iron Hands|Iron Hands|100/100
|move|p2a: Blaziken|Brave Bird|p1a: Iron Hands
|-damage|p1a: Iron Hands|73/100
|-damage|p2a: Blaziken|85/100|[from] Recoil
|-damage|p2a: Blaziken|75/100|[from] item: Life Orb
|
|-ability|p2a: Blaziken|Speed Boost|boost
|-boost|p2a: Blaziken|spe|1
|upkeep
|turn|7
|
|t:|1758317589
|move|p2a: Blaziken|Flare Blitz|p1a: Iron Hands
|-damage|p1a: Iron Hands|30/100
|-damage|p2a: Blaziken|52/100|[from] Recoil
|-damage|p2a: Blaziken|42/100|[from] item: Life Orb
|move|p1a: Iron Hands|Earthquake|p2a: Blaziken
|-supereffective|p2a: Blaziken
|-damage|p2a: Blaziken|0 fnt
|faint|p2a: Blaziken
|
|upkeep
|
|t:|1758317599
|switch|p2a: Dragonite|Dragonite, F|100/100
|turn|8
|
|t:|1758317602
|-end|p1a: Iron Hands|Quark Drive|[silent]
|switch|p1a: Corviknight|Corviknight, F|100/100
|move|p2a: Dragonite|Dragon Dance|p2a: Dragonite
|-boost|p2a: Dragonite|atk|1
|-boost|p2a: Dragonite|spe|1
|
|upkeep
|turn|9
|
|t:|1758317610
|move|p2a: Dragonite|Fire Punch|p1a: Corviknight
|-supereffective|p1a: Corviknight
|-damage|p1a: Corviknight|44/100
|-damage|p2a: Dragonite|84/100|[from] item: Rocky Helmet|[of] p1a: Corviknight
|move|p1a: Corviknight|U-turn|p2a: Dragonite
|-resisted|p2a: Dragonite
|-damage|p2a: Dragonite|76/100
|
|t:|1758317617
|switch|p1a: Iron Hands|Iron Hands|30/100|[from] U-turn
|-heal|p1a: Iron Hands|100/100|[from] move: Healing Wish
|
|upkeep
|turn|10
|
|t:|1758317627
|move|p2a: Dragonite|Dragon Claw|p1a: Iron Hands
|-damage|p1a: Iron Hands|62/100
|move|p1a: Iron Hands|Ice Punch|p2a: Dragonite
|-supereffective|p2a: Dragonite
|-damage|p2a: Dragonite|0 fnt
|faint|p2a: Dragonite
|
|upkeep
|
|t:|1758317641
|switch|p2a: Espeon|Espeon, F|100/100
|turn|11
|
|t:|1758317656
|-end|p1a: Iron Hands|Quark Drive|[silent]
|switch|p1a: Ursaluna|Ursaluna, M|36/100 brn
|move|p2a: Espeon|Trick|p1a: Ursaluna
|-activate|p2a: Espeon|move: Trick|[of] p1a: Ursaluna
|-item|p1a: Ursaluna|Choice Scarf|[from] move: Trick
|-item|p2a: Espeon|Flame Orb|[from] move: Trick
|
|-damage|p1a: Ursaluna|30/100 brn|[from] brn
|-status|p2a: Espeon|brn|[from] item: Flame Orb
|upkeep
|turn|12
|
|t:|1758317667
|move|p2a: Espeon|Psyshock|p1a: Ursaluna
|-damage|p1a: Ursaluna|0 fnt
|faint|p1a: Ursaluna
|
|-damage|p2a: Espeon|94/100 brn|[from] brn
|upkeep
|
|t:|1758317675
|switch|p1a: Hatterene|Hatterene, F|100/100
|turn|13
|
|t:|1758317679
|move|p2a: Espeon|Shadow Ball|p1a: Hatterene
|-supereffective|p1a: Hatterene
|-damage|p1a: Hatterene|50/100
|move|p1a: Hatterene|Trick Room|p1a: Hatterene
|-fieldstart|move: Trick Room|[of] p1a: Hatterene
|
|-damage|p2a: Espeon|88/100 brn|[from] brn
|upkeep
|turn|14
|
|t:|1758317690
|move|p1a: Hatterene|Healing Wish|p1a: Hatterene
|faint|p1a: Hatterene
|move|p2a: Espeon|Shadow Ball|p1: Hatterene|[notarget]
|-fail|p2a: Espeon
|
|-damage|p2a: Espeon|82/100 brn|[from] brn
|upkeep
|
|t:|1758317698
|switch|p1a: Torkoal|Torkoal, M|100/100
|-weather|SunnyDay|[from] ability: Drought|[of] p1a: Torkoal
|turn|15
|
|t:|1758317704
|switch|p2a: Garchomp|Garchomp, F|100/100
|-terastallize|p1a: Torkoal|Fire
|move|p1a: Torkoal|Eruption|p2a: Garchomp
|-resisted|p2a: Garchomp
|-damage|p2a: Garchomp|41/100
|
|-weather|SunnyDay|[upkeep]
|upkeep
|turn|16
|
|t:|1758317714
|move|p1a: Torkoal|Eruption|p2a: Garchomp
|-resisted|p2a: Garchomp
|-crit|p2a: Garchomp
|-damage|p2a: Garchomp|0 fnt
|faint|p2a: Garchomp
|
|-weather|SunnyDay|[upkeep]
|upkeep
|
|t:|1758317717
|switch|p2a: Komala|Komala, F|100/100
|-ability|p2a: Komala|Comatose
|turn|17
|
|t:|1758317725
|move|p1a: Torkoal|Eruption|p2a: Komala
|-damage|p2a: Komala|0 fnt
|faint|p2a: Komala
|
|-weather|SunnyDay|[upkeep]
|-fieldend|move: Trick Room
|upkeep
|
|t:|1758317728
|switch|p2a: Espeon|Espeon, F|82/100 brn
|turn|18
|
|t:|1758317735
|move|p2a: Espeon|Psyshock|p1a: Torkoal
|-crit|p1a: Torkoal
|-damage|p1a: Torkoal|45/100
|move|p1a: Torkoal|Lava Plume|p2a: Espeon
|-damage|p2a: Espeon|0 fnt
|faint|p2a: Espeon
|
|win|RiaSingh2121
|raw|RiaSingh2121's rating: 1146 &rarr; <strong>1174</strong><br />(+28 for winning)
|raw|burrito_theinferno's rating: 1181 &rarr; <strong>1153</strong><br />(-28 for losing)
|l|☆RiaSingh2121
|player|p1|
|l|☆burrito_theinferno
|player|p2|
