|j|☆jarvisim0_
|j|☆Rainbowpigz
|t:|1758237312
|gametype|singles
|player|p1|jarvisim0_|acetrainer-gen4dp|1422
|player|p2|Rainbowpigz|burgh|1364
|gen|9
|tier|[Gen 9] OU
|rated|
|rule|HP Percentage Mod: HP is shown in percentages
|rule|Endless Battle Clause: Forcing endless battles is banned
|rule|Species Clause: Limit one of each Pokémon
|rule|OHKO Clause: OHKO moves are banned
|rule|Evasion Items Clause: Evasion items are banned
|rule|Evasion Moves Clause: Evasion moves are banned
|rule|Evasion Abilities Clause: Evasion abilities are banned
|rule|Sleep Moves Clause: Sleep-inducing moves are banned
|clearpoke
|poke|p1|Weezing-Galar, M|
|poke|p1|Volcanion|
|poke|p1|Rillaboom, M|
|poke|p1|Gholdengo|
|poke|p1|Great Tusk|
|poke|p1|Dragonite, M|
|poke|p2|Great Tusk|
|poke|p2|Iron Crown|
|poke|p2|Ogerpon-Wellspring, F|
|poke|p2|Pelipper, F|
|poke|p2|Barraskewda, F|
|poke|p2|Ribombee, M|
|teampreview
|
|t:|1758237334
|teamsize|p1|6
|teamsize|p2|6
|start
|switch|p1a: Volcanion|Volcanion|100/100
|switch|p2a: Ogerpon|Ogerpon-Wellspring, F|100/100
|turn|1
|
|t:|1758237343
|move|p2a: Ogerpon|Knock Off|p1a: Volcanion
|-damage|p1a: Volcanion|69/100
|-enditem|p1a: Volcanion|Choice Specs|[from] move: Knock Off|[of] p2a: Ogerpon
|move|p1a: Volcanion|Overheat|p2a: Ogerpon
|-damage|p2a: Ogerpon|33/100
|-unboost|p1a: Volcanion|spa|2
|
|upkeep
|turn|2
|
|t:|1758237356
|switch|p1a: Great Tusk|Great Tusk|100/100
|move|p2a: Ogerpon|U-turn|p1a: Great Tusk
|-resisted|p1a: Great Tusk
|-damage|p1a: Great Tusk|90/100
|-damage|p2a: Ogerpon|17/100|[from] item: Rocky Helmet|[of] p1a: Great Tusk
|
|t:|1758237372
|switch|p2a: Ribombee|Ribombee, M|100/100|[from] U-turn
|
|upkeep
|turn|3
|
|t:|1758237379
|-end|p1a: Great Tusk|Protosynthesis|[silent]
|switch|p1a: Gholdengo|Gholdengo|100/100
|move|p2a: Ribombee|Moonblast|p1a: Gholdengo
|-resisted|p1a: Gholdengo
|-damage|p1a: Gholdengo|78/100
|-unboost|p1a: Gholdengo|spa|1
|
|upkeep
|turn|4
|
|t:|1758237391
|switch|p2a: Ogerpon|Ogerpon-Wellspring, F|17/100
|move|p1a: Gholdengo|Trick||[still]
|-fail|p1a: Gholdengo
|
|upkeep
|turn|5
|
|t:|1758237400
|switch|p1a: Volcanion|Volcanion|69/100
|move|p2a: Ogerpon|Knock Off|p1a: Volcanion
|-damage|p1a: Volcanion|50/100
|
|upkeep
|turn|6
|
|t:|1758237406
|move|p2a: Ogerpon|Spiky Shield|p2a: Ogerpon
|-singleturn|p2a: Ogerpon|move: Protect
|move|p1a: Volcanion|Overheat|p2a: Ogerpon
|-activate|p2a: Ogerpon|move: Protect
|
|upkeep
|turn|7
|
|t:|1758237420
|move|p2a: Ogerpon|U-turn|p1a: Volcanion
|-resisted|p1a: Volcanion
|-damage|p1a: Volcanion|40/100
|
|t:|1758237427
|switch|p2a: Pelipper|Pelipper, F|100/100|[from] U-turn
|-weather|RainDance|[from] ability: Drizzle|[of] p2a: Pelipper
|move|p1a: Volcanion|Overheat|p2a: Pelipper
|-resisted|p2a: Pelipper
|-damage|p2a: Pelipper|82/100
|-unboost|p1a: Volcanion|spa|2
|
|-weather|RainDance|[upkeep]
|upkeep
|turn|8
|
|t:|1758237436
|switch|p1a: Weezing|Weezing-Galar, M|100/100
|-ability|p1a: Weezing|Neutralizing Gas
|move|p2a: Pelipper|Hurricane|p1a: Weezing
|-damage|p1a: Weezing|69/100
|
|-weather|RainDance|[upkeep]
|upkeep
|turn|9
|
|t:|1758237444
|move|p1a: Weezing|Pain Split|p2a: Pelipper
|-sethp|p2a: Pelipper|77/100|[from] move: Pain Split|[silent]
|-sethp|p1a: Weezing|74/100|[from] move: Pain Split
|move|p2a: Pelipper|Knock Off|p1a: Weezing
|-resisted|p1a: Weezing
|-damage|p1a: Weezing|68/100
|-enditem|p1a: Weezing|Heavy-Duty Boots|[from] move: Knock Off|[of] p2a: Pelipper
|
|-weather|RainDance|[upkeep]
|upkeep
|turn|10
|
|t:|1758237454
|move|p1a: Weezing|Will-O-Wisp|p2a: Pelipper
|-status|p2a: Pelipper|brn
|move|p2a: Pelipper|Hurricane|p1a: Weezing
|-crit|p1a: Weezing
|-damage|p1a: Weezing|15/100
|
|-weather|RainDance|[upkeep]
|-damage|p2a: Pelipper|70/100 brn|[from] brn
|upkeep
|turn|11
|
|t:|1758237466
|switch|p2a: Ogerpon|Ogerpon-Wellspring, F|17/100
|move|p1a: Weezing|Pain Split|p2a: Ogerpon
|-sethp|p2a: Ogerpon|17/100|[from] move: Pain Split|[silent]
|-sethp|p1a: Weezing|15/100|[from] move: Pain Split
|
|-weather|RainDance|[upkeep]
|upkeep
|turn|12
|
|t:|1758237473
|-end|p1a: Weezing|ability: Neutralizing Gas
|switch|p1a: Great Tusk|Great Tusk|90/100
|move|p2a: Ogerpon|Knock Off|p1a: Great Tusk
|-resisted|p1a: Great Tusk
|-damage|p1a: Great Tusk|76/100
|-damage|p2a: Ogerpon|0 fnt|[from] item: Rocky Helmet|[of] p1a: Great Tusk
|faint|p2a: Ogerpon
|
|-weather|RainDance|[upkeep]
|upkeep
|
|t:|1758237484
|switch|p2a: Barraskewda|Barraskewda, F|100/100
|turn|13
|
|t:|1758237487
|-end|p1a: Great Tusk|Protosynthesis|[silent]
|switch|p1a: Gholdengo|Gholdengo|78/100
|move|p2a: Barraskewda|Close Combat|p1a: Gholdengo
|-immune|p1a: Gholdengo
|
|-weather|RainDance|[upkeep]
|upkeep
|turn|14
|
|t:|1758237493
|switch|p2a: Iron Crown|Iron Crown|100/100
|-enditem|p2a: Iron Crown|Booster Energy
|-activate|p2a: Iron Crown|ability: Quark Drive|[fromitem]
|-start|p2a: Iron Crown|quarkdrivespe
|move|p1a: Gholdengo|Shadow Ball|p2a: Iron Crown
|-supereffective|p2a: Iron Crown
|-damage|p2a: Iron Crown|15/100
|-unboost|p2a: Iron Crown|spd|1
|
|-weather|none
|upkeep
|turn|15
|
|t:|1758237512
|-terastallize|p2a: Iron Crown|Fire
|move|p2a: Iron Crown|Tera Blast|p1a: Gholdengo|[anim] Tera Blast Fire
|-supereffective|p1a: Gholdengo
|-damage|p1a: Gholdengo|0 fnt
|faint|p1a: Gholdengo
|
|upkeep
|
|t:|1758237521
|switch|p1a: Rillaboom|Rillaboom, M|100/100
|-fieldstart|move: Grassy Terrain|[from] ability: Grassy Surge|[of] p1a: Rillaboom
|turn|16
|
|t:|1758237526
|move|p1a: Rillaboom|Grassy Glide|p2a: Iron Crown
|-resisted|p2a: Iron Crown
|-damage|p2a: Iron Crown|0 fnt
|faint|p2a: Iron Crown
|-end|p2a: Iron Crown|Quark Drive|[silent]
|
|upkeep
|
|t:|1758237529
|switch|p2a: Ribombee|Ribombee, M|100/100
|turn|17
|
|t:|1758237534
|switch|p1a: Volcanion|Volcanion|40/100
|move|p2a: Ribombee|Bug Buzz|p1a: Volcanion
|-resisted|p1a: Volcanion
|-damage|p1a: Volcanion|26/100
|
|-heal|p1a: Volcanion|32/100|[from] Grassy Terrain
|upkeep
|turn|18
|
|t:|1758237542
|switch|p2a: Great Tusk|Great Tusk|100/100
|move|p1a: Volcanion|Steam Eruption|p2a: Great Tusk
|-supereffective|p2a: Great Tusk
|-damage|p2a: Great Tusk|0 fnt
|faint|p2a: Great Tusk
|-end|p2a: Great Tusk|Protosynthesis|[silent]
|
|-heal|p1a: Volcanion|38/100|[from] Grassy Terrain
|upkeep
|
|t:|1758237581
|switch|p2a: Pelipper|Pelipper, F|70/100 brn
|-weather|RainDance|[from] ability: Drizzle|[of] p2a: Pelipper
|turn|19
|inactive|Battle timer is ON: inactive players will automatically lose when time's up. (requested by jarvisim0_)
|
|t:|1758237615
|move|p1a: Volcanion|Steam Eruption|p2a: Pelipper
|-resisted|p2a: Pelipper
|-damage|p2a: Pelipper|22/100 brn
|move|p2a: Pelipper|Hurricane|p1a: Volcanion
|-damage|p1a: Volcanion|11/100
|
|-weather|RainDance|[upkeep]
|-heal|p1a: Volcanion|17/100|[from] Grassy Terrain
|-damage|p2a: Pelipper|15/100 brn|[from] brn
|upkeep
|turn|20
|
|t:|1758237624
|switch|p2a: Barraskewda|Barraskewda, F|100/100
|move|p1a: Volcanion|Steam Eruption|p2a: Barraskewda
|-resisted|p2a: Barraskewda
|-damage|p2a: Barraskewda|25/100
|
|-weather|RainDance|[upkeep]
|-heal|p2a: Barraskewda|31/100|[from] Grassy Terrain
|-heal|p1a: Volcanion|23/100|[from] Grassy Terrain
|-fieldend|move: Grassy Terrain
|upkeep
|turn|21
|
|t:|1758237630
|switch|p1a: Weezing|Weezing-Galar, M|15/100
|-ability|p1a: Weezing|Neutralizing Gas
|move|p2a: Barraskewda|Close Combat|p1a: Weezing
|-resisted|p1a: Weezing
|-damage|p1a: Weezing|0 fnt
|-unboost|p2a: Barraskewda|def|1
|-unboost|p2a: Barraskewda|spd|1
|faint|p1a: Weezing
|-end|p1a: Weezing|ability: Neutralizing Gas
|
|-weather|RainDance|[upkeep]
|upkeep
|
|t:|1758237636
|switch|p1a: Rillaboom|Rillaboom, M|100/100
|-fieldstart|move: Grassy Terrain|[from] ability: Grassy Surge|[of] p1a: Rillaboom
|turn|22
|
|t:|1758237639
|switch|p2a: Pelipper|Pelipper, F|15/100 brn
|move|p1a: Rillaboom|Grassy Glide|p2a: Pelipper
|-damage|p2a: Pelipper|0 fnt
|faint|p2a: Pelipper
|
|-weather|RainDance|[upkeep]
|upkeep
|
|t:|1758237643
|switch|p2a: Ribombee|Ribombee, M|100/100
|turn|23
|
|t:|1758237651
|switch|p1a: Dragonite|Dragonite, M|100/100
|move|p2a: Ribombee|Bug Buzz|p1a: Dragonite
|-resisted|p1a: Dragonite
|-damage|p1a: Dragonite|90/100
|-unboost|p1a: Dragonite|spd|1
|
|-weather|RainDance|[upkeep]
|upkeep
|turn|24
|
|t:|1758237662
|-terastallize|p1a: Dragonite|Normal
|move|p2a: Ribombee|Moonblast|p1a: Dragonite
|-damage|p1a: Dragonite|31/100
|move|p1a: Dragonite|Dragon Dance|p1a: Dragonite
|-boost|p1a: Dragonite|atk|1
|-boost|p1a: Dragonite|spe|1
|
|-weather|RainDance|[upkeep]
|-heal|p1a: Dragonite|37/100|[from] Grassy Terrain
|upkeep
|turn|25
|
|t:|1758237668
|move|p1a: Dragonite|Extreme Speed|p2a: Ribombee
|-enditem|p2a: Ribombee|Focus Sash
|-damage|p2a: Ribombee|1/100
|move|p2a: Ribombee|Moonblast|p1a: Dragonite
|-damage|p1a: Dragonite|0 fnt
|faint|p1a: Dragonite
|
|-weather|RainDance|[upkeep]
|-heal|p2a: Ribombee|7/100|[from] Grassy Terrain
|upkeep
|
|t:|1758237671
|switch|p1a: Rillaboom|Rillaboom, M|100/100
|turn|26
|
|t:|1758237674
|move|p1a: Rillaboom|Grassy Glide|p2a: Ribombee
|-resisted|p2a: Ribombee
|-damage|p2a: Ribombee|0 fnt
|faint|p2a: Ribombee
|
|-weather|none
|-fieldend|move: Grassy Terrain
|upkeep
|
|t:|1758237676
|switch|p2a: Barraskewda|Barraskewda, F|31/100
|turn|27
|
|t:|1758237680
|switch|p1a: Great Tusk|Great Tusk|76/100
|move|p2a: Barraskewda|Close Combat|p1a: Great Tusk
|-damage|p1a: Great Tusk|27/100
|-unboost|p2a: Barraskewda|def|1
|-unboost|p2a: Barraskewda|spd|1
|-damage|p2a: Barraskewda|15/100|[from] item: Rocky Helmet|[of] p1a: Great Tusk
|
|upkeep
|turn|28
|
|t:|1758237686
|move|p2a: Barraskewda|Close Combat|p1a: Great Tusk
|-damage|p1a: Great Tusk|0 fnt
|-unboost|p2a: Barraskewda|def|1
|-unboost|p2a: Barraskewda|spd|1
|-damage|p2a: Barraskewda|0 fnt|[from] item: Rocky Helmet|[of] p1a: Great Tusk
|faint|p1a: Great Tusk
|-end|p1a: Great Tusk|Protosynthesis|[silent]
|faint|p2a: Barraskewda
|
|win|jarvisim0_
|raw|jarvisim0_'s rating: 1422 &rarr; <strong>1439</strong><br />(+17 for winning)
|raw|Rainbowpigz's rating: 1364 &rarr; <strong>1347</strong><br />(-17 for losing)
|c|☆Rainbowpigz|gg
|c|☆jarvisim0_|gg
