|j|☆xXIamDUMBxX
|j|☆flintandmeal32
|t:|1758320891
|gametype|singles
|player|p1|xXIamDUMBxX|richboy-gen4|1224
|player|p2|flintandmeal32|beauty-gen4dp|1247
|gen|9
|tier|[Gen 9] OU
|rated|
|rule|HP Percentage Mod: HP is shown in percentages
|rule|Endless Battle Clause: Forcing endless battles is banned
|rule|Species Clause: Limit one of each Pokémon
|rule|OHKO Clause: OHKO moves are banned
|rule|Evasion Items Clause: Evasion items are banned
|rule|Evasion Moves Clause: Evasion moves are banned
|rule|Evasion Abilities Clause: Evasion abilities are banned
|rule|Sleep Moves Clause: Sleep-inducing moves are banned
|clearpoke
|poke|p1|Torkoal, M|
|poke|p1|Walking Wake|
|poke|p1|Raging Bolt|
|poke|p1|Great Tusk|
|poke|p1|Corviknight, F|
|poke|p1|Blaziken, M|
|poke|p2|Eelektross, F|
|poke|p2|Milotic, F|
|poke|p2|Dragalge, F|
|poke|p2|Kingdra, F|
|poke|p2|Manaphy|
|poke|p2|Pelipper, F|
|teampreview
|inactive|Battle timer is ON: inactive players will automatically lose when time's up. (requested by xXIamDUMBxX)
|
|t:|1758320899
|teamsize|p1|6
|teamsize|p2|6
|start
|switch|p1a: Walking Wake|Walking Wake|100/100
|switch|p2a: Bowl|Pelipper, F|100/100
|-weather|RainDance|[from] ability: Drizzle|[of] p2a: Bowl
|turn|1
|
|t:|1758320910
|move|p1a: Walking Wake|Dragon Pulse|p2a: Bowl
|-damage|p2a: Bowl|5/100
|move|p2a: Bowl|U-turn|p1a: Walking Wake
|-damage|p1a: Walking Wake|90/100
|
|t:|1758320923
|switch|p2a: Mouth|Eelektross, F|100/100|[from] U-turn
|
|-weather|RainDance|[upkeep]
|upkeep
|turn|2
|
|t:|1758320927
|move|p1a: Walking Wake|Dragon Pulse|p2a: Mouth
|-damage|p2a: Mouth|24/100
|move|p2a: Mouth|Coil|p2a: Mouth
|-boost|p2a: Mouth|atk|1
|-boost|p2a: Mouth|def|1
|-boost|p2a: Mouth|accuracy|1
|
|-weather|RainDance|[upkeep]
|-heal|p2a: Mouth|30/100|[from] item: Leftovers
|upkeep
|turn|3
|
|t:|1758320935
|move|p1a: Walking Wake|Dragon Pulse|p2a: Mouth
|-damage|p2a: Mouth|0 fnt
|faint|p2a: Mouth
|
|-weather|RainDance|[upkeep]
|upkeep
|
|t:|1758320944
|switch|p2a: Coral|Kingdra, F|100/100
|turn|4
|
|t:|1758320952
|-end|p1a: Walking Wake|Protosynthesis|[silent]
|switch|p1a: Torkoal|Torkoal, M|100/100
|-weather|SunnyDay|[from] ability: Drought|[of] p1a: Torkoal
|move|p2a: Coral|Agility|p2a: Coral
|-boost|p2a: Coral|spe|2
|
|-weather|SunnyDay|[upkeep]
|upkeep
|turn|5
|
|t:|1758320963
|move|p2a: Coral|Focus Energy|p2a: Coral
|-start|p2a: Coral|move: Focus Energy
|move|p1a: Torkoal|Will-O-Wisp|p2a: Coral
|-status|p2a: Coral|brn
|
|-weather|SunnyDay|[upkeep]
|-damage|p2a: Coral|94/100 brn|[from] brn
|upkeep
|turn|6
|
|t:|1758320973
|-terastallize|p2a: Coral|Dragon
|move|p2a: Coral|Draco Meteor|p1a: Torkoal
|-crit|p1a: Torkoal
|-damage|p1a: Torkoal|0 fnt
|-unboost|p2a: Coral|spa|2
|faint|p1a: Torkoal
|
|-weather|SunnyDay|[upkeep]
|-damage|p2a: Coral|88/100 brn|[from] brn
|upkeep
|
|t:|1758320981
|switch|p1a: Walking Wake|Walking Wake|90/100
|-activate|p1a: Walking Wake|ability: Protosynthesis
|-start|p1a: Walking Wake|protosynthesisspe
|turn|7
|
|t:|1758320985
|move|p2a: Coral|Draco Meteor|p1a: Walking Wake
|-supereffective|p1a: Walking Wake
|-crit|p1a: Walking Wake
|-damage|p1a: Walking Wake|0 fnt
|-unboost|p2a: Coral|spa|2
|faint|p1a: Walking Wake
|-end|p1a: Walking Wake|Protosynthesis|[silent]
|
|-weather|SunnyDay|[upkeep]
|-damage|p2a: Coral|82/100 brn|[from] brn
|upkeep
|
|t:|1758320991
|switch|p1a: Blaziken|Blaziken, M|100/100
|turn|8
|
|t:|1758320994
|move|p1a: Blaziken|Protect|p1a: Blaziken
|-singleturn|p1a: Blaziken|Protect
|move|p2a: Coral|Draco Meteor|p1a: Blaziken
|-activate|p1a: Blaziken|move: Protect
|
|-weather|SunnyDay|[upkeep]
|-damage|p2a: Coral|76/100 brn|[from] brn
|-ability|p1a: Blaziken|Speed Boost|boost
|-boost|p1a: Blaziken|spe|1
|upkeep
|turn|9
|
|t:|1758321002
|move|p1a: Blaziken|Protect|p1a: Blaziken
|-singleturn|p1a: Blaziken|Protect
|move|p2a: Coral|Draco Meteor|p1a: Blaziken
|-activate|p1a: Blaziken|move: Protect
|
|-weather|SunnyDay|[upkeep]
|-damage|p2a: Coral|70/100 brn|[from] brn
|-ability|p1a: Blaziken|Speed Boost|boost
|-boost|p1a: Blaziken|spe|1
|upkeep
|turn|10
|
|t:|1758321017
|move|p2a: Coral|Draco Meteor|p1a: Blaziken
|-crit|p1a: Blaziken
|-damage|p1a: Blaziken|0 fnt
|-unboost|p2a: Coral|spa|2
|faint|p1a: Blaziken
|
|-weather|SunnyDay|[upkeep]
|-damage|p2a: Coral|63/100 brn|[from] brn
|upkeep
|
|t:|1758321020
|switch|p1a: Raging Bolt|Raging Bolt|100/100
|-activate|p1a: Raging Bolt|ability: Protosynthesis
|-start|p1a: Raging Bolt|protosynthesisspa
|turn|11
|
|t:|1758321027
|-terastallize|p1a: Raging Bolt|Fairy
|move|p2a: Coral|Draco Meteor|p1a: Raging Bolt
|-immune|p1a: Raging Bolt
|move|p1a: Raging Bolt|Calm Mind|p1a: Raging Bolt
|-boost|p1a: Raging Bolt|spa|1
|-boost|p1a: Raging Bolt|spd|1
|
|-weather|none
|-end|p1a: Raging Bolt|Protosynthesis
|-damage|p2a: Coral|57/100 brn|[from] brn
|upkeep
|-enditem|p1a: Raging Bolt|Booster Energy
|-activate|p1a: Raging Bolt|ability: Protosynthesis|[fromitem]
|-start|p1a: Raging Bolt|protosynthesisspa
|turn|12
|
|t:|1758321038
|move|p2a: Coral|Flash Cannon|p1a: Raging Bolt
|-supereffective|p1a: Raging Bolt
|-crit|p1a: Raging Bolt
|-damage|p1a: Raging Bolt|2/100
|move|p1a: Raging Bolt|Calm Mind|p1a: Raging Bolt
|-boost|p1a: Raging Bolt|spa|1
|-boost|p1a: Raging Bolt|spd|1
|
|-damage|p2a: Coral|51/100 brn|[from] brn
|upkeep
|turn|13
|
|t:|1758321045
|move|p1a: Raging Bolt|Thunderclap|p2a: Coral
|-resisted|p2a: Coral
|-damage|p2a: Coral|0 fnt
|faint|p2a: Coral
|
|upkeep
|
|t:|1758321068
|switch|p2a: Kelp|Dragalge, F|100/100
|turn|14
|
|t:|1758321073
|move|p1a: Raging Bolt|Dragon Pulse|p2a: Kelp
|-supereffective|p2a: Kelp
|-damage|p2a: Kelp|0 fnt
|faint|p2a: Kelp
|
|upkeep
|
|t:|1758321077
|switch|p2a: Bowl|Pelipper, F|5/100
|-weather|RainDance|[from] ability: Drizzle|[of] p2a: Bowl
|turn|15
|
|t:|1758321081
|move|p1a: Raging Bolt|Thunderclap|p2a: Bowl
|-supereffective|p2a: Bowl
|-damage|p2a: Bowl|0 fnt
|faint|p2a: Bowl
|
|-weather|RainDance|[upkeep]
|upkeep
|
|t:|1758321085
|switch|p2a: Eyeshadow|Manaphy|100/100
|turn|16
|
|t:|1758321090
|move|p1a: Raging Bolt|Thunderclap||[still]
|-fail|p1a: Raging Bolt
|move|p2a: Eyeshadow|Tail Glow|p2a: Eyeshadow
|-boost|p2a: Eyeshadow|spa|3
|
|-weather|RainDance|[upkeep]
|upkeep
|turn|17
|
|t:|1758321101
|move|p1a: Raging Bolt|Thunderclap||[still]
|-fail|p1a: Raging Bolt
|move|p2a: Eyeshadow|Tail Glow|p2a: Eyeshadow
|-boost|p2a: Eyeshadow|spa|3
|
|-weather|RainDance|[upkeep]
|upkeep
|turn|18
|
|t:|1758321109
|move|p1a: Raging Bolt|Thunderclap|p2a: Eyeshadow
|-supereffective|p2a: Eyeshadow
|-damage|p2a: Eyeshadow|0 fnt
|faint|p2a: Eyeshadow
|
|-weather|RainDance|[upkeep]
|upkeep
|
|t:|1758321114
|switch|p2a: Hair|Milotic, F|100/100
|turn|19
|
|t:|1758321120
|move|p1a: Raging Bolt|Thunderclap|p2a: Hair
|-supereffective|p2a: Hair
|-damage|p2a: Hair|0 fnt
|faint|p2a: Hair
|
|win|xXIamDUMBxX
|raw|xXIamDUMBxX's rating: 1224 &rarr; <strong>1251</strong><br />(+27 for winning)
|raw|flintandmeal32's rating: 1247 &rarr; <strong>1220</strong><br />(-27 for losing)
