|j|☆WeR#4Hay!
|j|☆milkcoffee21
|t:|1758305496
|gametype|singles
|player|p1|WeR#4Hay!|266|1561
|player|p2|milkcoffee21|169|1531
|gen|9
|tier|[Gen 9] OU
|rated|
|rule|HP Percentage Mod: HP is shown in percentages
|rule|Endless Battle Clause: Forcing endless battles is banned
|rule|Species Clause: Limit one of each Pokémon
|rule|OHKO Clause: OHKO moves are banned
|rule|Evasion Items Clause: Evasion items are banned
|rule|Evasion Moves Clause: Evasion moves are banned
|rule|Evasion Abilities Clause: Evasion abilities are banned
|rule|Sleep Moves Clause: Sleep-inducing moves are banned
|clearpoke
|poke|p1|Hydrapple, F|
|poke|p1|Slowking, M|
|poke|p1|Iron Treads|
|poke|p1|Moltres|
|poke|p1|Zamazenta-*|
|poke|p1|Kingambit, F|
|poke|p2|Kyurem|
|poke|p2|Iron Moth|
|poke|p2|Kingambit, M|
|poke|p2|Landorus-Therian, M|
|poke|p2|Hatterene, F|
|poke|p2|Zamazenta-*|
|teampreview
|l|☆milkcoffee21
|player|p2|
|j|☆milkcoffee21
|player|p2|milkcoffee21|169|
|
|t:|1758305544
|teamsize|p1|6
|teamsize|p2|6
|start
|switch|p1a: Slowking|Slowking, M|100/100
|switch|p2a: Landorus|Landorus-Therian, M|100/100
|-ability|p2a: Landorus|Intimidate|boost
|-unboost|p1a: Slowking|atk|1
|turn|1
|
|t:|1758305550
|switch|p2a: Hatterene|Hatterene, F|100/100
|move|p1a: Slowking|Scald|p2a: Hatterene
|-damage|p2a: Hatterene|72/100
|
|upkeep
|turn|2
|
|t:|1758305561
|switch|p1a: Iron Treads|Iron Treads|100/100
|move|p2a: Hatterene|Nuzzle|p1a: Iron Treads
|-immune|p1a: Iron Treads
|
|upkeep
|turn|3
|
|t:|1758305568
|switch|p2a: Zamazenta|Zamazenta|100/100
|-ability|p2a: Zamazenta|Dauntless Shield|boost
|-boost|p2a: Zamazenta|def|1
|move|p1a: Iron Treads|Knock Off|p2a: Zamazenta
|-resisted|p2a: Zamazenta
|-crit|p2a: Zamazenta
|-damage|p2a: Zamazenta|85/100
|-enditem|p2a: Zamazenta|Leftovers|[from] move: Knock Off|[of] p1a: Iron Treads
|
|upkeep
|turn|4
|
|t:|1758305578
|-end|p1a: Iron Treads|Quark Drive|[silent]
|switch|p1a: Moltres|Moltres|100/100
|move|p2a: Zamazenta|Body Press|p1a: Moltres
|-resisted|p1a: Moltres
|-crit|p1a: Moltres
|-damage|p1a: Moltres|73/100
|
|upkeep
|turn|5
|
|t:|1758305584
|switch|p2a: Iron Moth|Iron Moth|100/100
|-enditem|p2a: Iron Moth|Booster Energy
|-activate|p2a: Iron Moth|ability: Quark Drive|[fromitem]
|-start|p2a: Iron Moth|quarkdrivespe
|move|p1a: Moltres|Roost|p1a: Moltres
|-heal|p1a: Moltres|100/100
|-singleturn|p1a: Moltres|move: Roost
|
|upkeep
|turn|6
|
|t:|1758305589
|move|p2a: Iron Moth|Sludge Wave|p1a: Moltres
|-damage|p1a: Moltres|51/100
|move|p1a: Moltres|Roar|p2a: Iron Moth
|-end|p2a: Iron Moth|Quark Drive|[silent]
|drag|p2a: Kyurem|Kyurem|100/100
|-ability|p2a: Kyurem|Pressure
|
|upkeep
|turn|7
|
|t:|1758305605
|move|p2a: Kyurem|Icicle Spear|p1a: Moltres
|-damage|p1a: Moltres|41/100
|-damage|p1a: Moltres|30/100
|-damage|p1a: Moltres|20/100
|-damage|p1a: Moltres|10/100
|-damage|p1a: Moltres|1/100
|-hitcount|p1a: Moltres|5
|move|p1a: Moltres|Roost|p1a: Moltres
|-heal|p1a: Moltres|51/100
|-singleturn|p1a: Moltres|move: Roost
|
|upkeep
|turn|8
|
|t:|1758305614
|switch|p1a: Slowking|Slowking, M|100/100
|move|p2a: Kyurem|Icicle Spear|p1a: Slowking
|-resisted|p1a: Slowking
|-damage|p1a: Slowking|93/100
|-resisted|p1a: Slowking
|-damage|p1a: Slowking|85/100
|-resisted|p1a: Slowking
|-damage|p1a: Slowking|78/100
|-resisted|p1a: Slowking
|-damage|p1a: Slowking|70/100
|-hitcount|p1a: Slowking|4
|
|upkeep
|turn|9
|
|t:|1758305618
|move|p2a: Kyurem|Scale Shot|p1a: Slowking
|-damage|p1a: Slowking|55/100
|-damage|p1a: Slowking|40/100
|-damage|p1a: Slowking|24/100
|-damage|p1a: Slowking|8/100
|-hitcount|p1a: Slowking|4
|-unboost|p2a: Kyurem|def|1
|-boost|p2a: Kyurem|spe|1
|move|p1a: Slowking|Thunder Wave|p2a: Kyurem
|-status|p2a: Kyurem|par
|
|upkeep
|turn|10
|
|t:|1758305631
|switch|p1a: TheTransGambit|Kingambit, F|100/100
|cant|p2a: Kyurem|par
|
|upkeep
|turn|11
|
|t:|1758305637
|switch|p2a: Landorus|Landorus-Therian, M|100/100
|-ability|p2a: Landorus|Intimidate|boost
|-unboost|p1a: TheTransGambit|atk|1
|move|p1a: TheTransGambit|Iron Head|p2a: Landorus
|-damage|p2a: Landorus|72/100
|-damage|p1a: TheTransGambit|84/100|[from] item: Rocky Helmet|[of] p2a: Landorus
|
|-heal|p1a: TheTransGambit|90/100|[from] item: Leftovers
|upkeep
|turn|12
|
|t:|1758305643
|-end|p1a: TheTransGambit|fallenundefined|[silent]
|switch|p1a: Moltres|Moltres|51/100
|move|p2a: Landorus|Stealth Rock|p1a: Moltres
|-sidestart|p1: WeR#4Hay!|move: Stealth Rock
|
|upkeep
|turn|13
|
|t:|1758305645
|move|p2a: Landorus|Stone Edge|p1a: Moltres
|-supereffective|p1a: Moltres
|-damage|p1a: Moltres|0 fnt
|faint|p1a: Moltres
|
|upkeep
|
|t:|1758305648
|switch|p1a: Hydrapple|Hydrapple, F|100/100
|-damage|p1a: Hydrapple|88/100|[from] Stealth Rock
|turn|14
|
|t:|1758305654
|switch|p2a: Hatterene|Hatterene, F|72/100
|move|p1a: Hydrapple|Leaf Storm|p2a: Hatterene
|-damage|p2a: Hatterene|0 fnt
|-unboost|p1a: Hydrapple|spa|2
|faint|p2a: Hatterene
|-damage|p1a: Hydrapple|78/100|[from] item: Life Orb
|
|upkeep
|
|t:|1758305665
|switch|p2a: Iron Moth|Iron Moth|100/100
|turn|15
|l|☆milkcoffee21
|player|p2|
|
|t:|1758305692
|-terastallize|p1a: Hydrapple|Poison
|move|p2a: Iron Moth|Sludge Wave|p1a: Hydrapple
|-resisted|p1a: Hydrapple
|-damage|p1a: Hydrapple|52/100
|move|p1a: Hydrapple|Fickle Beam|p2a: Iron Moth
|-damage|p2a: Iron Moth|70/100
|-damage|p1a: Hydrapple|42/100|[from] item: Life Orb
|
|upkeep
|turn|16
|j|☆milkcoffee21
|player|p2|milkcoffee21|169|
|
|t:|1758305708
|switch|p1a: Slowking|Slowking, M|42/100
|move|p2a: Iron Moth|Psychic|p1a: Slowking
|-resisted|p1a: Slowking
|-damage|p1a: Slowking|33/100
|
|upkeep
|turn|17
|
|t:|1758305714
|move|p2a: Iron Moth|Sludge Wave|p1a: Slowking
|-damage|p1a: Slowking|6/100
|move|p1a: Slowking|Scald|p2a: Iron Moth
|-supereffective|p2a: Iron Moth
|-damage|p2a: Iron Moth|16/100
|
|upkeep
|turn|18
|
|t:|1758305722
|move|p2a: Iron Moth|Fiery Dance|p1a: Slowking
|-resisted|p1a: Slowking
|-damage|p1a: Slowking|0 fnt
|faint|p1a: Slowking
|
|upkeep
|
|t:|1758305723
|switch|p1a: Zamazenta|Zamazenta|100/100
|-damage|p1a: Zamazenta|94/100|[from] Stealth Rock
|-ability|p1a: Zamazenta|Dauntless Shield|boost
|-boost|p1a: Zamazenta|def|1
|turn|19
|
|t:|1758305734
|move|p1a: Zamazenta|Ice Fang|p2a: Iron Moth
|-resisted|p2a: Iron Moth
|-damage|p2a: Iron Moth|0 fnt
|faint|p2a: Iron Moth
|-end|p2a: Iron Moth|Quark Drive|[silent]
|
|upkeep
|
|t:|1758305739
|switch|p2a: Zamazenta|Zamazenta|85/100
|turn|20
|
|t:|1758305742
|switch|p1a: Hydrapple|Hydrapple, F, tera:Poison|76/100
|-damage|p1a: Hydrapple|63/100|[from] Stealth Rock
|move|p2a: Zamazenta|Iron Defense|p2a: Zamazenta
|-boost|p2a: Zamazenta|def|2
|
|upkeep
|turn|21
|
|t:|1758305750
|move|p2a: Zamazenta|Body Press|p1a: Hydrapple
|-resisted|p1a: Hydrapple
|-damage|p1a: Hydrapple|37/100
|move|p1a: Hydrapple|Leaf Storm|p2a: Zamazenta|[miss]
|-miss|p1a: Hydrapple|p2a: Zamazenta
|
|upkeep
|turn|22
|
|t:|1758305755
|move|p2a: Zamazenta|Substitute|p2a: Zamazenta
|-start|p2a: Zamazenta|Substitute
|-damage|p2a: Zamazenta|60/100
|move|p1a: Hydrapple|Leaf Storm|p2a: Zamazenta
|-end|p2a: Zamazenta|Substitute
|-unboost|p1a: Hydrapple|spa|2
|-damage|p1a: Hydrapple|27/100|[from] item: Life Orb
|
|upkeep
|turn|23
|
|t:|1758305760
|move|p2a: Zamazenta|Substitute|p2a: Zamazenta
|-start|p2a: Zamazenta|Substitute
|-damage|p2a: Zamazenta|36/100
|move|p1a: Hydrapple|Leaf Storm|p2a: Zamazenta
|-crit|p2a: Zamazenta
|-end|p2a: Zamazenta|Substitute
|-unboost|p1a: Hydrapple|spa|2
|-damage|p1a: Hydrapple|18/100|[from] item: Life Orb
|
|upkeep
|turn|24
|
|t:|1758305764
|move|p2a: Zamazenta|Substitute|p2a: Zamazenta
|-start|p2a: Zamazenta|Substitute
|-damage|p2a: Zamazenta|11/100
|move|p1a: Hydrapple|Leaf Storm|p2a: Zamazenta
|-end|p2a: Zamazenta|Substitute
|-unboost|p1a: Hydrapple|spa|2
|-damage|p1a: Hydrapple|8/100|[from] item: Life Orb
|
|upkeep
|turn|25
|
|t:|1758305771
|move|p2a: Zamazenta|Body Press|p1a: Hydrapple
|-resisted|p1a: Hydrapple
|-damage|p1a: Hydrapple|0 fnt
|faint|p1a: Hydrapple
|
|upkeep
|
|t:|1758305784
|switch|p1a: Zamazenta|Zamazenta|94/100
|-damage|p1a: Zamazenta|88/100|[from] Stealth Rock
|turn|26
|
|t:|1758305789
|move|p1a: Zamazenta|Ice Fang|p2a: Zamazenta
|-damage|p2a: Zamazenta|0 fnt
|faint|p2a: Zamazenta
|
|upkeep
|
|t:|1758305796
|switch|p2a: Landorus|Landorus-Therian, M|72/100
|-ability|p2a: Landorus|Intimidate|boost
|-unboost|p1a: Zamazenta|atk|1
|turn|27
|
|t:|1758305801
|move|p1a: Zamazenta|Ice Fang|p2a: Landorus
|-supereffective|p2a: Landorus
|-damage|p2a: Landorus|0 fnt
|-damage|p1a: Zamazenta|72/100|[from] item: Rocky Helmet|[of] p2a: Landorus
|faint|p2a: Landorus
|
|upkeep
|
|t:|1758305803
|switch|p2a: Kingambit|Kingambit, M|100/100
|-activate|p2a: Kingambit|ability: Supreme Overlord
|-start|p2a: Kingambit|fallen4|[silent]
|turn|28
|
|t:|1758305810
|switch|p1a: Iron Treads|Iron Treads|100/100
|-damage|p1a: Iron Treads|98/100|[from] Stealth Rock
|-terastallize|p2a: Kingambit|Ghost
|move|p2a: Kingambit|Swords Dance|p2a: Kingambit
|-boost|p2a: Kingambit|atk|2
|
|-heal|p1a: Iron Treads|100/100|[from] item: Leftovers
|upkeep
|turn|29
|
|t:|1758305815
|move|p1a: Iron Treads|Knock Off|p2a: Kingambit
|-supereffective|p2a: Kingambit
|-damage|p2a: Kingambit|67/100
|-enditem|p2a: Kingambit|Leftovers|[from] move: Knock Off|[of] p1a: Iron Treads
|move|p2a: Kingambit|Low Kick|p1a: Iron Treads
|-supereffective|p1a: Iron Treads
|-damage|p1a: Iron Treads|0 fnt
|faint|p1a: Iron Treads
|-end|p1a: Iron Treads|Quark Drive|[silent]
|
|upkeep
|
|t:|1758305824
|switch|p1a: TheTransGambit|Kingambit, F|90/100
|-damage|p1a: TheTransGambit|84/100|[from] Stealth Rock
|-activate|p1a: TheTransGambit|ability: Supreme Overlord
|-start|p1a: TheTransGambit|fallen4|[silent]
|turn|30
|
|t:|1758305830
|-end|p2a: Kingambit|fallen4|[silent]
|switch|p2a: Kyurem|Kyurem|100/100 par
|-ability|p2a: Kyurem|Pressure
|move|p1a: TheTransGambit|Sucker Punch||[still]
|-fail|p1a: TheTransGambit
|
|-heal|p1a: TheTransGambit|90/100|[from] item: Leftovers
|upkeep
|turn|31
|
|t:|1758305840
|move|p2a: Kyurem|Dragon Dance|p2a: Kyurem
|-boost|p2a: Kyurem|atk|1
|-boost|p2a: Kyurem|spe|1
|move|p1a: TheTransGambit|Iron Head|p2a: Kyurem
|-supereffective|p2a: Kyurem
|-damage|p2a: Kyurem|0 fnt
|faint|p2a: Kyurem
|
|-heal|p1a: TheTransGambit|97/100|[from] item: Leftovers
|upkeep
|
|t:|1758305842
|switch|p2a: Kingambit|Kingambit, M, tera:Ghost|67/100
|-activate|p2a: Kingambit|ability: Supreme Overlord
|-start|p2a: Kingambit|fallen5|[silent]
|turn|32
|l|☆milkcoffee21
|player|p2|
|j|☆milkcoffee21
|player|p2|milkcoffee21|169|
|l|☆milkcoffee21
|player|p2|
|j|☆milkcoffee21
|player|p2|milkcoffee21|169|
|inactive|Battle timer is ON: inactive players will automatically lose when time's up. (requested by milkcoffee21)
|l|☆milkcoffee21
|inactive|milkcoffee21 disconnected and has a minute to reconnect!
|player|p2|
|j|☆milkcoffee21
|inactive|milkcoffee21 reconnected.
|player|p2|milkcoffee21|169|
|inactive|WeR#4Hay! has 120 seconds left.
|inactive|WeR#4Hay! has 90 seconds left.
|l|☆milkcoffee21
|inactive|milkcoffee21 disconnected and has a minute to reconnect!
|player|p2|
|inactive|WeR#4Hay! has 60 seconds left.
|j|☆milkcoffee21
|inactive|milkcoffee21 reconnected.
|player|p2|milkcoffee21|169|
|l|☆milkcoffee21
|inactive|milkcoffee21 disconnected and has a minute to reconnect!
|player|p2|
|
|t:|1758306011
|move|p1a: TheTransGambit|Sucker Punch||[still]
|-fail|p1a: TheTransGambit
|move|p2a: Kingambit|Swords Dance|p2a: Kingambit
|-boost|p2a: Kingambit|atk|2
|
|-heal|p1a: TheTransGambit|100/100|[from] item: Leftovers
|upkeep
|turn|33
|j|☆milkcoffee21
|inactive|milkcoffee21 reconnected and has 150 seconds left.
|player|p2|milkcoffee21|169|
|
|t:|1758306021
|move|p1a: TheTransGambit|Sucker Punch||[still]
|-fail|p1a: TheTransGambit
|move|p2a: Kingambit|Swords Dance|p2a: Kingambit
|-boost|p2a: Kingambit|atk|2
|
|upkeep
|turn|34
|
|t:|1758306029
|move|p2a: Kingambit|Swords Dance|p2a: Kingambit
|-boost|p2a: Kingambit|atk|2
|move|p1a: TheTransGambit|Kowtow Cleave|p2a: Kingambit
|-supereffective|p2a: Kingambit
|-damage|p2a: Kingambit|0 fnt
|faint|p2a: Kingambit
|-end|p2a: Kingambit|fallen5|[silent]
|
|win|WeR#4Hay!
|raw|WeR#4Hay!'s rating: 1578 &rarr; <strong>1595</strong><br />(+17 for winning)
|raw|milkcoffee21's rating: 1531 &rarr; <strong>1514</strong><br />(-17 for losing)
|l|☆milkcoffee21
|player|p2|
