|j|☆Reeelbadman
|j|☆bananacrazy
|t:|1758317268
|gametype|singles
|player|p1|Reeelbadman|cynthia-gen4|1512
|player|p2|bananacrazy|266|1531
|gen|9
|tier|[Gen 9] OU
|rated|
|rule|HP Percentage Mod: HP is shown in percentages
|rule|Endless Battle Clause: Forcing endless battles is banned
|rule|Species Clause: Limit one of each Pokémon
|rule|OHKO Clause: OHKO moves are banned
|rule|Evasion Items Clause: Evasion items are banned
|rule|Evasion Moves Clause: Evasion moves are banned
|rule|Evasion Abilities Clause: Evasion abilities are banned
|rule|Sleep Moves Clause: Sleep-inducing moves are banned
|clearpoke
|poke|p1|Torterra, F|
|poke|p1|Ninetales-Alola, F|
|poke|p1|Azelf|
|poke|p1|Quaquaval, F|
|poke|p1|Ceruledge, M|
|poke|p1|Iron Crown|
|poke|p2|Heatran, F|
|poke|p2|Scizor, F|
|poke|p2|Ogerpon-Wellspring, F|
|poke|p2|Weavile, F|
|poke|p2|Enamorus, F|
|poke|p2|Great Tusk|
|teampreview
|c|☆Reeelbadman|EZ LARP
|c|☆Reeelbadman|GLHF
|
|t:|1758317296
|teamsize|p1|6
|teamsize|p2|6
|start
|switch|p1a: Azelf|Azelf, shiny|100/100
|switch|p2a: Scizor|Scizor, F|100/100
|turn|1
|inactive|Battle timer is ON: inactive players will automatically lose when time's up. (requested by Reeelbadman)
|
|t:|1758317315
|switch|p2a: Heatran|Heatran, F|100/100
|move|p1a: Azelf|Knock Off|p2a: Heatran
|-damage|p2a: Heatran|74/100
|-enditem|p2a: Heatran|Leftovers|[from] move: Knock Off|[of] p1a: Azelf
|
|upkeep
|turn|2
|
|t:|1758317321
|move|p1a: Azelf|Stealth Rock|p2a: Heatran
|-sidestart|p2: bananacrazy|move: Stealth Rock
|move|p2a: Heatran|Stealth Rock|p1a: Azelf
|-sidestart|p1: Reeelbadman|move: Stealth Rock
|
|upkeep
|turn|3
|
|t:|1758317325
|move|p1a: Azelf|Knock Off|p2a: Heatran
|-damage|p2a: Heatran|57/100
|move|p2a: Heatran|Magma Storm|p1a: Azelf
|-damage|p1a: Azelf|35/100
|-activate|p1a: Azelf|move: Magma Storm|[of] p2a: Heatran
|
|-damage|p1a: Azelf|22/100|[from] move: Magma Storm|[partiallytrapped]
|upkeep
|turn|4
|
|t:|1758317334
|move|p1a: Azelf|Explosion|p2a: Heatran
|-resisted|p2a: Heatran
|-damage|p2a: Heatran|23/100
|faint|p1a: Azelf
|move|p2a: Heatran|Magma Storm|p1: Azelf|[notarget]
|-fail|p2a: Heatran
|
|upkeep
|
|t:|1758317337
|switch|p1a: Quaquaval|Quaquaval, F|100/100
|-damage|p1a: Quaquaval|94/100|[from] Stealth Rock
|turn|5
|
|t:|1758317348
|switch|p2a: Scizor|Scizor, F|100/100
|-damage|p2a: Scizor|88/100|[from] Stealth Rock
|move|p1a: Quaquaval|Rapid Spin|p2a: Scizor
|-resisted|p2a: Scizor
|-damage|p2a: Scizor|80/100
|-boost|p1a: Quaquaval|spe|1
|-sideend|p1: Reeelbadman|Stealth Rock|[from] move: Rapid Spin|[of] p1a: Quaquaval
|
|upkeep
|turn|6
|
|t:|1758317356
|move|p1a: Quaquaval|Aqua Step|p2a: Scizor
|-damage|p2a: Scizor|46/100
|-boost|p1a: Quaquaval|spe|1
|-enditem|p2a: Scizor|Sitrus Berry|[eat]
|-heal|p2a: Scizor|71/100|[from] item: Sitrus Berry
|move|p2a: Scizor|Defog|p1a: Quaquaval
|-unboost|p1a: Quaquaval|evasion|1
|-sideend|p2: bananacrazy|Stealth Rock|[from] move: Defog|[of] p2a: Scizor
|
|upkeep
|turn|7
|
|t:|1758317365
|move|p1a: Quaquaval|Aqua Step|p2a: Scizor
|-damage|p2a: Scizor|31/100
|-boost|p1a: Quaquaval|spe|1
|move|p2a: Scizor|U-turn|p1a: Quaquaval
|-resisted|p1a: Quaquaval
|-damage|p1a: Quaquaval|70/100
|
|t:|1758317382
|switch|p2a: Ogerpon|Ogerpon-Wellspring, F|100/100|[from] U-turn
|
|upkeep
|turn|8
|
|t:|1758317387
|-terastallize|p1a: Quaquaval|Poison
|move|p1a: Quaquaval|Close Combat|p2a: Ogerpon
|-damage|p2a: Ogerpon|24/100
|-unboost|p1a: Quaquaval|def|1
|-unboost|p1a: Quaquaval|spd|1
|move|p2a: Ogerpon|Play Rough|p1a: Quaquaval
|-resisted|p1a: Quaquaval
|-damage|p1a: Quaquaval|33/100
|
|upkeep
|turn|9
|
|t:|1758317395
|switch|p2a: Heatran|Heatran, F|23/100
|move|p1a: Quaquaval|Knock Off|p2a: Heatran
|-damage|p2a: Heatran|6/100
|
|upkeep
|turn|10
|
|t:|1758317404
|switch|p2a: Ogerpon|Ogerpon-Wellspring, F|24/100
|move|p1a: Quaquaval|Knock Off|p2a: Ogerpon
|-damage|p2a: Ogerpon|0 fnt
|faint|p2a: Ogerpon
|-ability|p1a: Quaquaval|Moxie|boost
|-boost|p1a: Quaquaval|atk|1
|
|upkeep
|
|t:|1758317413
|switch|p2a: Weavile|Weavile, F|100/100
|-ability|p2a: Weavile|Pressure
|turn|11
|
|t:|1758317422
|switch|p1a: Ceruledge|Ceruledge, M|100/100
|move|p2a: Weavile|Ice Shard|p1a: Ceruledge
|-resisted|p1a: Ceruledge
|-damage|p1a: Ceruledge|81/100
|-ability|p1a: Ceruledge|Weak Armor|boost
|-unboost|p1a: Ceruledge|def|1
|-boost|p1a: Ceruledge|spe|2
|-damage|p2a: Weavile|91/100|[from] item: Life Orb
|
|upkeep
|turn|12
|
|t:|1758317434
|switch|p2a: Heatran|Heatran, F|6/100
|move|p1a: Ceruledge|Swords Dance|p1a: Ceruledge
|-boost|p1a: Ceruledge|atk|2
|
|upkeep
|turn|13
|
|t:|1758317439
|move|p1a: Ceruledge|Shadow Sneak|p2a: Heatran
|-crit|p2a: Heatran
|-damage|p2a: Heatran|0 fnt
|faint|p2a: Heatran
|
|upkeep
|
|t:|1758317443
|switch|p2a: Great Tusk|Great Tusk|100/100
|-enditem|p2a: Great Tusk|Booster Energy
|-activate|p2a: Great Tusk|ability: Protosynthesis|[fromitem]
|-start|p2a: Great Tusk|protosynthesisatk
|turn|14
|
|t:|1758317447
|move|p1a: Ceruledge|Bitter Blade|p2a: Great Tusk
|-damage|p2a: Great Tusk|31/100
|-heal|p1a: Ceruledge|100/100|[from] drain|[of] p2a: Great Tusk
|move|p2a: Great Tusk|Headlong Rush|p1a: Ceruledge
|-supereffective|p1a: Ceruledge
|-enditem|p1a: Ceruledge|Focus Sash
|-damage|p1a: Ceruledge|1/100
|-unboost|p2a: Great Tusk|def|1
|-unboost|p2a: Great Tusk|spd|1
|-ability|p1a: Ceruledge|Weak Armor|boost
|-unboost|p1a: Ceruledge|def|1
|-boost|p1a: Ceruledge|spe|2
|
|upkeep
|turn|15
|
|t:|1758317458
|move|p1a: Ceruledge|Bitter Blade|p2a: Great Tusk
|-crit|p2a: Great Tusk
|-damage|p2a: Great Tusk|0 fnt
|-heal|p1a: Ceruledge|21/100|[from] drain|[of] p2a: Great Tusk
|faint|p2a: Great Tusk
|-end|p2a: Great Tusk|Protosynthesis|[silent]
|
|upkeep
|
|t:|1758317461
|switch|p2a: Weavile|Weavile, F|91/100
|-ability|p2a: Weavile|Pressure
|turn|16
|
|t:|1758317471
|move|p1a: Ceruledge|Shadow Sneak|p2a: Weavile
|-resisted|p2a: Weavile
|-crit|p2a: Weavile
|-damage|p2a: Weavile|30/100
|move|p2a: Weavile|Ice Shard|p1a: Ceruledge
|-resisted|p1a: Ceruledge
|-damage|p1a: Ceruledge|0 fnt
|faint|p1a: Ceruledge
|-damage|p2a: Weavile|20/100|[from] item: Life Orb
|
|upkeep
|
|t:|1758317480
|switch|p1a: Ninetales|Ninetales-Alola, F, shiny|100/100
|-weather|Snowscape|[from] ability: Snow Warning|[of] p1a: Ninetales
|turn|17
|
|t:|1758317487
|switch|p2a: Scizor|Scizor, F|31/100
|move|p1a: Ninetales|Aurora Veil|p1a: Ninetales
|-sidestart|p1: Reeelbadman|move: Aurora Veil
|
|-weather|Snowscape|[upkeep]
|upkeep
|turn|18
|
|t:|1758317505
|switch|p1a: Iron Crown|Iron Crown|100/100
|-enditem|p1a: Iron Crown|Booster Energy
|-activate|p1a: Iron Crown|ability: Quark Drive|[fromitem]
|-start|p1a: Iron Crown|quarkdrivespe
|move|p2a: Scizor|Defog|p1a: Iron Crown
|-unboost|p1a: Iron Crown|evasion|1
|-sideend|p1: Reeelbadman|move: Aurora Veil
|
|-weather|Snowscape|[upkeep]
|upkeep
|turn|19
|
|t:|1758317515
|move|p1a: Iron Crown|Calm Mind|p1a: Iron Crown
|-boost|p1a: Iron Crown|spa|1
|-boost|p1a: Iron Crown|spd|1
|move|p2a: Scizor|Knock Off|p1a: Iron Crown
|-supereffective|p1a: Iron Crown
|-damage|p1a: Iron Crown|53/100
|
|-weather|Snowscape|[upkeep]
|upkeep
|turn|20
|
|t:|1758317523
|move|p1a: Iron Crown|Tachyon Cutter|p2a: Scizor
|-resisted|p2a: Scizor
|-damage|p2a: Scizor|8/100
|-resisted|p2a: Scizor
|-crit|p2a: Scizor
|-damage|p2a: Scizor|0 fnt
|faint|p2a: Scizor
|-hitcount|p2: Scizor|2
|
|-weather|Snowscape|[upkeep]
|upkeep
|-message|bananacrazy forfeited.
|
|win|Reeelbadman
|raw|Reeelbadman's rating: 1512 &rarr; <strong>1533</strong><br />(+21 for winning)
|raw|bananacrazy's rating: 1531 &rarr; <strong>1510</strong><br />(-21 for losing)
|l|☆bananacrazy
|player|p2|
