|j|☆DualScreensCorv
|j|☆PS Dr DooM
|t:|1758299154
|gametype|singles
|player|p1|DualScreensCorv|1|1231
|player|p2|PS Dr DooM|2|1189
|gen|9
|tier|[Gen 9] OU
|rated|
|rule|HP Percentage Mod: HP is shown in percentages
|rule|Endless Battle Clause: Forcing endless battles is banned
|rule|Species Clause: Limit one of each Pokémon
|rule|OHKO Clause: OHKO moves are banned
|rule|Evasion Items Clause: Evasion items are banned
|rule|Evasion Moves Clause: Evasion moves are banned
|rule|Evasion Abilities Clause: Evasion abilities are banned
|rule|Sleep Moves Clause: Sleep-inducing moves are banned
|clearpoke
|poke|p1|Sinistcha|
|poke|p1|Rillaboom, F|
|poke|p1|Hawlucha, M|
|poke|p1|Heatran, M|
|poke|p1|Glimmora, M|
|poke|p1|Weavile, M|
|poke|p2|Hatterene, F|
|poke|p2|Cramorant, M|
|poke|p2|Delphox, F|
|poke|p2|Weavile, M|
|poke|p2|Pecharunt|
|poke|p2|Moltres|
|teampreview
|
|t:|1758299166
|teamsize|p1|6
|teamsize|p2|6
|start
|switch|p1a: Glimmora|Glimmora, M|100/100
|switch|p2a: Cramorant|Cramorant, M|100/100
|turn|1
|
|t:|1758299171
|move|p1a: Glimmora|Meteor Beam||[still]
|-prepare|p1a: Glimmora|Meteor Beam
|-boost|p1a: Glimmora|spa|1
|-enditem|p1a: Glimmora|Power Herb
|-anim|p1a: Glimmora|Meteor Beam|p2a: Cramorant
|-supereffective|p2a: Cramorant
|-damage|p2a: Cramorant|0 fnt
|faint|p2a: Cramorant
|
|upkeep
|
|t:|1758299177
|switch|p2a: Delphox|Delphox, F|100/100
|turn|2
|inactive|Battle timer is ON: inactive players will automatically lose when time's up. (requested by PS Dr DooM)
|
|t:|1758299192
|-terastallize|p1a: Glimmora|Ghost
|move|p2a: Delphox|Psychic|p1a: Glimmora
|-damage|p1a: Glimmora|47/100
|move|p1a: Glimmora|Meteor Beam||[still]
|-prepare|p1a: Glimmora|Meteor Beam
|-boost|p1a: Glimmora|spa|1
|
|upkeep
|turn|3
|
|t:|1758299199
|move|p2a: Delphox|Psychic|p1a: Glimmora
|-damage|p1a: Glimmora|0 fnt
|faint|p1a: Glimmora
|
|upkeep
|
|t:|1758299207
|switch|p1a: Weavile|Weavile, M|100/100
|-ability|p1a: Weavile|Pressure
|turn|4
|
|t:|1758299212
|switch|p2a: Pecharunt|Pecharunt|100/100
|move|p1a: Weavile|Knock Off|p2a: Pecharunt
|-supereffective|p2a: Pecharunt
|-damage|p2a: Pecharunt|38/100
|-enditem|p2a: Pecharunt|Black Sludge|[from] move: Knock Off|[of] p1a: Weavile
|
|upkeep
|turn|5
|
|t:|1758299219
|move|p1a: Weavile|Knock Off|p2a: Pecharunt
|-supereffective|p2a: Pecharunt
|-damage|p2a: Pecharunt|0 fnt
|faint|p2a: Pecharunt
|
|upkeep
|
|t:|1758299223
|switch|p2a: Weavile|Weavile, M|100/100
|-ability|p2a: Weavile|Pressure
|turn|6
|
|t:|1758299238
|move|p1a: Weavile|Knock Off|p2a: Weavile
|-resisted|p2a: Weavile
|-damage|p2a: Weavile|58/100
|-enditem|p2a: Weavile|Focus Sash|[from] move: Knock Off|[of] p1a: Weavile
|move|p2a: Weavile|Knock Off|p1a: Weavile
|-resisted|p1a: Weavile
|-damage|p1a: Weavile|52/100
|-enditem|p1a: Weavile|Heavy-Duty Boots|[from] move: Knock Off|[of] p2a: Weavile
|
|upkeep
|turn|7
|
|t:|1758299248
|move|p1a: Weavile|Triple Axel|p2a: Weavile
|-resisted|p2a: Weavile
|-damage|p2a: Weavile|49/100
|-resisted|p2a: Weavile
|-damage|p2a: Weavile|33/100
|-resisted|p2a: Weavile
|-damage|p2a: Weavile|5/100
|-hitcount|p2a: Weavile|3
|move|p2a: Weavile|Triple Axel|p1a: Weavile
|-resisted|p1a: Weavile
|-damage|p1a: Weavile|43/100
|-resisted|p1a: Weavile
|-damage|p1a: Weavile|25/100
|-resisted|p1a: Weavile
|-damage|p1a: Weavile|0 fnt
|faint|p1a: Weavile
|-hitcount|p1: Weavile|3
|
|upkeep
|
|t:|1758299257
|switch|p1a: Rillaboom|Rillaboom, F|100/100
|-fieldstart|move: Grassy Terrain|[from] ability: Grassy Surge|[of] p1a: Rillaboom
|turn|8
|
|t:|1758299259
|move|p2a: Weavile|Ice Shard|p1a: Rillaboom
|-supereffective|p1a: Rillaboom
|-damage|p1a: Rillaboom|59/100
|move|p1a: Rillaboom|Grassy Glide|p2a: Weavile
|-damage|p2a: Weavile|0 fnt
|faint|p2a: Weavile
|
|-heal|p1a: Rillaboom|65/100|[from] Grassy Terrain
|upkeep
|
|t:|1758299264
|switch|p2a: Moltres|Moltres|100/100
|-ability|p2a: Moltres|Pressure
|turn|9
|
|t:|1758299273
|move|p2a: Moltres|U-turn|p1a: Rillaboom
|-supereffective|p1a: Rillaboom
|-damage|p1a: Rillaboom|37/100
|
|t:|1758299276
|switch|p2a: Delphox|Delphox, F|100/100|[from] U-turn
|move|p1a: Rillaboom|U-turn|p2a: Delphox
|-damage|p2a: Delphox|63/100
|
|t:|1758299285
|switch|p1a: Hawlucha|Hawlucha, M|100/100|[from] U-turn
|-enditem|p1a: Hawlucha|Grassy Seed
|-boost|p1a: Hawlucha|def|1|[from] item: Grassy Seed
|
|-heal|p2a: Delphox|69/100|[from] Grassy Terrain
|upkeep
|turn|10
|
|t:|1758299288
|move|p1a: Hawlucha|Acrobatics|p2a: Delphox
|-damage|p2a: Delphox|0 fnt
|faint|p2a: Delphox
|
|upkeep
|
|t:|1758299291
|switch|p2a: Moltres|Moltres|100/100
|-ability|p2a: Moltres|Pressure
|turn|11
|
|t:|1758299299
|move|p1a: Hawlucha|Swords Dance|p1a: Hawlucha
|-boost|p1a: Hawlucha|atk|2
|move|p2a: Moltres|Hurricane|p1a: Hawlucha|[miss]
|-miss|p2a: Moltres|p1a: Hawlucha
|
|upkeep
|turn|12
|
|t:|1758299301
|move|p1a: Hawlucha|Acrobatics|p2a: Moltres
|-damage|p2a: Moltres|0 fnt
|faint|p2a: Moltres
|
|upkeep
|-message|PS Dr DooM forfeited.
|
|win|DualScreensCorv
|raw|DualScreensCorv's rating: 1231 &rarr; <strong>1253</strong><br />(+22 for winning)
|raw|PS Dr DooM's rating: 1189 &rarr; <strong>1167</strong><br />(-22 for losing)
|l|☆PS Dr DooM
|player|p2|
|l|☆DualScreensCorv
|player|p1|
