|j|☆refind
|j|☆CherylBush
|t:|1758259160
|gametype|singles
|player|p1|refind|elesa|1535
|player|p2|CherylBush|mallow-masters|1547
|gen|9
|tier|[Gen 9] OU
|rated|
|rule|HP Percentage Mod: HP is shown in percentages
|rule|Endless Battle Clause: Forcing endless battles is banned
|rule|Species Clause: Limit one of each Pokémon
|rule|OHKO Clause: OHKO moves are banned
|rule|Evasion Items Clause: Evasion items are banned
|rule|Evasion Moves Clause: Evasion moves are banned
|rule|Evasion Abilities Clause: Evasion abilities are banned
|rule|Sleep Moves Clause: Sleep-inducing moves are banned
|clearpoke
|poke|p1|Garganacl, M|
|poke|p1|Ogerpon-Cornerstone, F|
|poke|p1|Hydrapple, F|
|poke|p1|Alomomola, M|
|poke|p1|Iron Crown|
|poke|p1|Great Tusk|
|poke|p2|Landorus-Therian, M|
|poke|p2|Skeledirge, M|
|poke|p2|Skarmory, M|
|poke|p2|Hydrapple, M|
|poke|p2|Samurott-Hisui, M|
|poke|p2|Fezandipiti, M|
|teampreview
|inactive|Battle timer is ON: inactive players will automatically lose when time's up. (requested by refind)
|
|t:|1758259170
|teamsize|p1|6
|teamsize|p2|6
|start
|switch|p1a: Iron Crown|Iron Crown|100/100
|switch|p2a: Samurott|Samurott-Hisui, M, shiny|100/100
|turn|1
|
|t:|1758259177
|switch|p2a: Leviathan|Hydrapple, M, shiny|100/100
|move|p1a: Iron Crown|Volt Switch|p2a: Leviathan
|-resisted|p2a: Leviathan
|-damage|p2a: Leviathan|93/100
|
|t:|1758259187
|-end|p1a: Iron Crown|Quark Drive|[silent]
|switch|p1a: Hydrapple|Hydrapple, F|100/100|[from] Volt Switch
|
|upkeep
|turn|2
|
|t:|1758259190
|switch|p2a: Fez Boi|Fezandipiti, M|100/100
|move|p1a: Hydrapple|Fickle Beam|p2a: Fez Boi
|-immune|p2a: Fez Boi
|
|upkeep
|turn|3
|
|t:|1758259196
|switch|p1a: Iron Crown|Iron Crown|100/100
|move|p2a: Fez Boi|Moonblast|p1a: Iron Crown
|-resisted|p1a: Iron Crown
|-damage|p1a: Iron Crown|89/100
|
|upkeep
|turn|4
|
|t:|1758259202
|switch|p2a: Skeledirge|Skeledirge, M, shiny|100/100
|move|p1a: Iron Crown|Tachyon Cutter|p2a: Skeledirge
|-resisted|p2a: Skeledirge
|-damage|p2a: Skeledirge|85/100
|-resisted|p2a: Skeledirge
|-damage|p2a: Skeledirge|69/100
|-hitcount|p2a: Skeledirge|2
|
|upkeep
|turn|5
|
|t:|1758259210
|-end|p1a: Iron Crown|Quark Drive|[silent]
|switch|p1a: Garganacl|Garganacl, M|100/100
|move|p2a: Skeledirge|Torch Song|p1a: Garganacl
|-resisted|p1a: Garganacl
|-damage|p1a: Garganacl|91/100
|-boost|p2a: Skeledirge|spa|1
|
|-heal|p1a: Garganacl|97/100|[from] item: Leftovers
|upkeep
|turn|6
|
|t:|1758259217
|move|p2a: Skeledirge|Earth Power|p1a: Garganacl
|-supereffective|p1a: Garganacl
|-damage|p1a: Garganacl|50/100
|move|p1a: Garganacl|Stealth Rock|p2a: Skeledirge
|-sidestart|p2: CherylBush|move: Stealth Rock
|
|-heal|p1a: Garganacl|57/100|[from] item: Leftovers
|upkeep
|turn|7
|
|t:|1758259221
|move|p1a: Garganacl|Protect|p1a: Garganacl
|-singleturn|p1a: Garganacl|Protect
|move|p2a: Skeledirge|Slack Off|p2a: Skeledirge
|-heal|p2a: Skeledirge|100/100
|
|-heal|p1a: Garganacl|63/100|[from] item: Leftovers
|upkeep
|turn|8
|
|t:|1758259224
|move|p2a: Skeledirge|Earth Power|p1a: Garganacl
|-supereffective|p1a: Garganacl
|-damage|p1a: Garganacl|17/100
|move|p1a: Garganacl|Salt Cure|p2a: Skeledirge
|-supereffective|p2a: Skeledirge
|-damage|p2a: Skeledirge|80/100
|-start|p2a: Skeledirge|Salt Cure
|
|-heal|p1a: Garganacl|24/100|[from] item: Leftovers
|-damage|p2a: Skeledirge|67/100|[from] Salt Cure
|upkeep
|turn|9
|
|t:|1758259231
|switch|p1a: Alomomola|Alomomola, M|100/100
|move|p2a: Skeledirge|Earth Power|p1a: Alomomola
|-damage|p1a: Alomomola|57/100
|
|-damage|p2a: Skeledirge|55/100|[from] Salt Cure
|upkeep
|turn|10
|
|t:|1758259241
|switch|p2a: Skarmory|Skarmory, M, shiny|100/100
|-damage|p2a: Skarmory|88/100|[from] Stealth Rock
|move|p1a: Alomomola|Wish|p1a: Alomomola
|
|upkeep
|turn|11
|
|t:|1758259246
|move|p2a: Skarmory|Body Press|p1a: Alomomola
|-crit|p1a: Alomomola
|-damage|p1a: Alomomola|32/100
|move|p1a: Alomomola|Flip Turn|p2a: Skarmory
|-damage|p2a: Skarmory|80/100
|-damage|p1a: Alomomola|15/100|[from] item: Rocky Helmet|[of] p2a: Skarmory
|
|t:|1758259251
|switch|p1a: Garganacl|Garganacl, M|24/100|[from] Flip Turn
|
|-heal|p1a: Garganacl|90/100|[from] move: Wish|[wisher] Alomomola
|-heal|p1a: Garganacl|96/100|[from] item: Leftovers
|upkeep
|turn|12
|
|t:|1758259255
|switch|p2a: Leviathan|Hydrapple, M, shiny|100/100
|move|p1a: Garganacl|Salt Cure|p2a: Leviathan
|-damage|p2a: Leviathan|91/100
|-start|p2a: Leviathan|Salt Cure
|
|-heal|p1a: Garganacl|100/100|[from] item: Leftovers
|-damage|p2a: Leviathan|79/100|[from] Salt Cure
|upkeep
|turn|13
|
|t:|1758259263
|switch|p1a: Iron Crown|Iron Crown|89/100
|move|p2a: Leviathan|Earth Power|p1a: Iron Crown
|-supereffective|p1a: Iron Crown
|-damage|p1a: Iron Crown|39/100
|
|-damage|p2a: Leviathan|67/100|[from] Salt Cure
|upkeep
|turn|14
|
|t:|1758259271
|switch|p2a: Samurott|Samurott-Hisui, M, shiny|100/100
|move|p1a: Iron Crown|Volt Switch|p2a: Samurott
|-supereffective|p2a: Samurott
|-damage|p2a: Samurott|0 fnt
|faint|p2a: Samurott
|
|t:|1758259280
|-end|p1a: Iron Crown|Quark Drive|[silent]
|switch|p1a: Garganacl|Garganacl, M|100/100|[from] Volt Switch
|
|upkeep
|
|t:|1758259283
|switch|p2a: Leviathan|Hydrapple, M, shiny|99/100
|turn|15
|
|t:|1758259288
|switch|p1a: Hydrapple|Hydrapple, F|100/100
|move|p2a: Leviathan|Earth Power|p1a: Hydrapple
|-resisted|p1a: Hydrapple
|-damage|p1a: Hydrapple|94/100
|
|upkeep
|turn|16
|
|t:|1758259292
|move|p2a: Leviathan|Fickle Beam|p1a: Hydrapple
|-supereffective|p1a: Hydrapple
|-damage|p1a: Hydrapple|62/100
|move|p1a: Hydrapple|Fickle Beam|p2a: Leviathan
|-supereffective|p2a: Leviathan
|-damage|p2a: Leviathan|35/100
|
|upkeep
|turn|17
|
|t:|1758259306
|switch|p2a: Fez Boi|Fezandipiti, M|100/100
|move|p1a: Hydrapple|Fickle Beam|p2a: Fez Boi
|-immune|p2a: Fez Boi
|
|upkeep
|turn|18
|
|t:|1758259314
|switch|p2a: Skeledirge|Skeledirge, M, shiny|55/100
|switch|p1a: Iron Crown|Iron Crown|39/100
|
|upkeep
|turn|19
|
|t:|1758259323
|move|p1a: Iron Crown|Psychic Noise|p2a: Skeledirge
|-damage|p2a: Skeledirge|10/100
|-start|p2a: Skeledirge|move: Heal Block
|move|p2a: Skeledirge|Torch Song|p1a: Iron Crown
|-supereffective|p1a: Iron Crown
|-damage|p1a: Iron Crown|0 fnt
|-boost|p2a: Skeledirge|spa|1
|faint|p1a: Iron Crown
|-end|p1a: Iron Crown|Quark Drive|[silent]
|
|upkeep
|
|t:|1758259332
|switch|p1a: Ogerpon|Ogerpon-Cornerstone, F|100/100
|turn|20
|
|t:|1758259337
|move|p1a: Ogerpon|Ivy Cudgel|p2a: Skeledirge|[anim] Ivy Cudgel Rock
|-supereffective|p2a: Skeledirge
|-crit|p2a: Skeledirge
|-damage|p2a: Skeledirge|0 fnt
|faint|p2a: Skeledirge
|
|upkeep
|
|t:|1758259341
|switch|p2a: Landorus|Landorus-Therian, M, shiny|100/100
|-damage|p2a: Landorus|88/100|[from] Stealth Rock
|-ability|p2a: Landorus|Intimidate|boost
|-unboost|p1a: Ogerpon|atk|1
|turn|21
|
|t:|1758259345
|switch|p1a: Alomomola|Alomomola, M|49/100
|move|p2a: Landorus|U-turn|p1a: Alomomola
|-damage|p1a: Alomomola|35/100
|
|t:|1758259350
|switch|p2a: Leviathan|Hydrapple, M, shiny|68/100|[from] U-turn
|
|upkeep
|turn|22
|
|t:|1758259355
|switch|p1a: Hydrapple|Hydrapple, F|95/100
|move|p2a: Leviathan|Giga Drain|p1a: Hydrapple
|-resisted|p1a: Hydrapple
|-damage|p1a: Hydrapple|91/100
|-heal|p2a: Leviathan|70/100|[from] drain|[of] p1a: Hydrapple
|
|upkeep
|turn|23
|
|t:|1758259357
|switch|p2a: Fez Boi|Fezandipiti, M|100/100
|move|p1a: Hydrapple|Fickle Beam|p2a: Fez Boi
|-immune|p2a: Fez Boi
|
|upkeep
|turn|24
|
|t:|1758259361
|switch|p1a: Garganacl|Garganacl, M|100/100
|move|p2a: Fez Boi|Moonblast|p1a: Garganacl
|-damage|p1a: Garganacl|83/100
|
|-heal|p1a: Garganacl|89/100|[from] item: Leftovers
|upkeep
|turn|25
|
|t:|1758259364
|switch|p2a: Leviathan|Hydrapple, M, shiny|100/100
|move|p1a: Garganacl|Salt Cure|p2a: Leviathan
|-crit|p2a: Leviathan
|-damage|p2a: Leviathan|87/100
|-start|p2a: Leviathan|Salt Cure
|
|-heal|p1a: Garganacl|96/100|[from] item: Leftovers
|-damage|p2a: Leviathan|74/100|[from] Salt Cure
|upkeep
|turn|26
|
|t:|1758259369
|switch|p1a: Hydrapple|Hydrapple, F|100/100
|move|p2a: Leviathan|Nasty Plot|p2a: Leviathan
|-boost|p2a: Leviathan|spa|2
|
|-damage|p2a: Leviathan|62/100|[from] Salt Cure
|upkeep
|turn|27
|
|t:|1758259387
|switch|p2a: Fez Boi|Fezandipiti, M|100/100
|-terastallize|p1a: Hydrapple|Steel
|move|p1a: Hydrapple|Fickle Beam|p2a: Fez Boi
|-immune|p2a: Fez Boi
|
|upkeep
|turn|28
|
|t:|1758259393
|switch|p1a: Garganacl|Garganacl, M|96/100
|move|p2a: Fez Boi|Calm Mind|p2a: Fez Boi
|-boost|p2a: Fez Boi|spa|1
|-boost|p2a: Fez Boi|spd|1
|
|-heal|p1a: Garganacl|100/100|[from] item: Leftovers
|upkeep
|turn|29
|
|t:|1758259398
|switch|p2a: Leviathan|Hydrapple, M, shiny|95/100
|move|p1a: Garganacl|Salt Cure|p2a: Leviathan
|-damage|p2a: Leviathan|87/100
|-start|p2a: Leviathan|Salt Cure
|
|-damage|p2a: Leviathan|75/100|[from] Salt Cure
|upkeep
|turn|30
|
|t:|1758259404
|switch|p1a: Great Tusk|Great Tusk|100/100
|move|p2a: Leviathan|Earth Power|p1a: Great Tusk
|-damage|p1a: Great Tusk|63/100
|
|-heal|p1a: Great Tusk|69/100|[from] item: Leftovers
|-damage|p2a: Leviathan|63/100|[from] Salt Cure
|upkeep
|turn|31
|
|t:|1758259409
|switch|p2a: Skarmory|Skarmory, M, shiny|80/100
|-damage|p2a: Skarmory|67/100|[from] Stealth Rock
|move|p1a: Great Tusk|Ice Spinner|p2a: Skarmory
|-damage|p2a: Skarmory|53/100
|-damage|p1a: Great Tusk|52/100|[from] item: Rocky Helmet|[of] p2a: Skarmory
|
|-heal|p1a: Great Tusk|59/100|[from] item: Leftovers
|upkeep
|turn|32
|
|t:|1758259413
|-end|p1a: Great Tusk|Protosynthesis|[silent]
|switch|p1a: Ogerpon|Ogerpon-Cornerstone, F|100/100
|move|p2a: Skarmory|Roost|p2a: Skarmory
|-heal|p2a: Skarmory|100/100
|-singleturn|p2a: Skarmory|move: Roost
|
|upkeep
|turn|33
|
|t:|1758259418
|move|p1a: Ogerpon|Swords Dance|p1a: Ogerpon
|-boost|p1a: Ogerpon|atk|2
|move|p2a: Skarmory|Body Press|p1a: Ogerpon
|-supereffective|p1a: Ogerpon
|-damage|p1a: Ogerpon|20/100
|
|upkeep
|turn|34
|
|t:|1758259429
|move|p1a: Ogerpon|Ivy Cudgel|p2a: Skarmory|[anim] Ivy Cudgel Rock
|-damage|p2a: Skarmory|28/100
|move|p2a: Skarmory|Body Press|p1a: Ogerpon
|-supereffective|p1a: Ogerpon
|-damage|p1a: Ogerpon|0 fnt
|faint|p1a: Ogerpon
|
|upkeep
|
|t:|1758259433
|switch|p1a: Garganacl|Garganacl, M|100/100
|turn|35
|
|t:|1758259436
|switch|p2a: Leviathan|Hydrapple, M, shiny|96/100
|move|p1a: Garganacl|Salt Cure|p2a: Leviathan
|-damage|p2a: Leviathan|87/100
|-start|p2a: Leviathan|Salt Cure
|
|-damage|p2a: Leviathan|75/100|[from] Salt Cure
|upkeep
|turn|36
|
|t:|1758259444
|switch|p2a: Fez Boi|Fezandipiti, M|100/100
|switch|p1a: Hydrapple|Hydrapple, F, tera:Steel|100/100
|
|upkeep
|turn|37
|
|t:|1758259448
|switch|p1a: Garganacl|Garganacl, M|100/100
|move|p2a: Fez Boi|Calm Mind|p2a: Fez Boi
|-boost|p2a: Fez Boi|spa|1
|-boost|p2a: Fez Boi|spd|1
|
|upkeep
|turn|38
|
|t:|1758259452
|switch|p2a: Leviathan|Hydrapple, M, shiny|100/100
|move|p1a: Garganacl|Salt Cure|p2a: Leviathan
|-damage|p2a: Leviathan|92/100
|-start|p2a: Leviathan|Salt Cure
|
|-damage|p2a: Leviathan|79/100|[from] Salt Cure
|upkeep
|turn|39
|
|t:|1758259461
|switch|p1a: Hydrapple|Hydrapple, F, tera:Steel|100/100
|move|p2a: Leviathan|Giga Drain|p1a: Hydrapple
|-resisted|p1a: Hydrapple
|-damage|p1a: Hydrapple|93/100
|-heal|p2a: Leviathan|83/100|[from] drain|[of] p1a: Hydrapple
|
|-damage|p2a: Leviathan|71/100|[from] Salt Cure
|upkeep
|turn|40
|
|t:|1758259464
|switch|p2a: Fez Boi|Fezandipiti, M|100/100
|move|p1a: Hydrapple|Earth Power|p2a: Fez Boi
|-supereffective|p2a: Fez Boi
|-damage|p2a: Fez Boi|70/100
|
|upkeep
|turn|41
|
|t:|1758259472
|switch|p1a: Garganacl|Garganacl, M|100/100
|move|p2a: Fez Boi|Moonblast|p1a: Garganacl
|-damage|p1a: Garganacl|83/100
|-unboost|p1a: Garganacl|spa|1
|
|-heal|p1a: Garganacl|89/100|[from] item: Leftovers
|upkeep
|turn|42
|
|t:|1758259476
|switch|p2a: Leviathan|Hydrapple, M, shiny|100/100
|move|p1a: Garganacl|Salt Cure|p2a: Leviathan
|-damage|p2a: Leviathan|92/100
|-start|p2a: Leviathan|Salt Cure
|
|-heal|p1a: Garganacl|96/100|[from] item: Leftovers
|-damage|p2a: Leviathan|79/100|[from] Salt Cure
|upkeep
|turn|43
|
|t:|1758259482
|switch|p1a: Hydrapple|Hydrapple, F, tera:Steel|100/100
|move|p2a: Leviathan|Earth Power|p1a: Hydrapple
|-supereffective|p1a: Hydrapple
|-damage|p1a: Hydrapple|74/100
|
|-damage|p2a: Leviathan|67/100|[from] Salt Cure
|upkeep
|turn|44
|
|t:|1758259488
|switch|p2a: Fez Boi|Fezandipiti, M|70/100
|move|p1a: Hydrapple|Earth Power|p2a: Fez Boi
|-supereffective|p2a: Fez Boi
|-damage|p2a: Fez Boi|42/100
|
|upkeep
|turn|45
|
|t:|1758259493
|switch|p1a: Garganacl|Garganacl, M|96/100
|move|p2a: Fez Boi|Roost|p2a: Fez Boi
|-heal|p2a: Fez Boi|92/100
|-singleturn|p2a: Fez Boi|move: Roost
|
|-heal|p1a: Garganacl|100/100|[from] item: Leftovers
|upkeep
|turn|46
|
|t:|1758259497
|switch|p2a: Leviathan|Hydrapple, M, shiny|99/100
|switch|p1a: Alomomola|Alomomola, M|68/100
|
|upkeep
|turn|47
|
|t:|1758259506
|move|p1a: Alomomola|Wish|p1a: Alomomola
|move|p2a: Leviathan|Nasty Plot|p2a: Leviathan
|-boost|p2a: Leviathan|spa|2
|
|upkeep
|turn|48
|
|t:|1758259515
|switch|p1a: Hydrapple|Hydrapple, F, tera:Steel|100/100
|move|p2a: Leviathan|Nasty Plot|p2a: Leviathan
|-boost|p2a: Leviathan|spa|2
|
|upkeep
|turn|49
|
|t:|1758259521
|-terastallize|p2a: Leviathan|Fairy
|move|p2a: Leviathan|Earth Power|p1a: Hydrapple
|-supereffective|p1a: Hydrapple
|-damage|p1a: Hydrapple|29/100
|move|p1a: Hydrapple|Fickle Beam|p2a: Leviathan
|-immune|p2a: Leviathan
|
|upkeep
|turn|50
|-message|refind forfeited.
|
|win|CherylBush
|raw|refind's rating: 1535 &rarr; <strong>1516</strong><br />(-19 for losing)
|raw|CherylBush's rating: 1547 &rarr; <strong>1566</strong><br />(+19 for winning)
|l|☆refind
|player|p1|
|c|☆CherylBush|gg
