|j|☆John Kritter
|j|☆WeR#4Hay!
|t:|1758335909
|gametype|singles
|player|p1|John Kritter|pokemaniac|1619
|player|p2|WeR#4Hay!|102|1666
|gen|9
|tier|[Gen 9] OU
|rated|
|rule|HP Percentage Mod: HP is shown in percentages
|rule|Endless Battle Clause: Forcing endless battles is banned
|rule|Species Clause: Limit one of each Pokémon
|rule|OHKO Clause: OHKO moves are banned
|rule|Evasion Items Clause: Evasion items are banned
|rule|Evasion Moves Clause: Evasion moves are banned
|rule|Evasion Abilities Clause: Evasion abilities are banned
|rule|Sleep Moves Clause: Sleep-inducing moves are banned
|clearpoke
|poke|p1|Torkoal, F|
|poke|p1|Walking Wake|
|poke|p1|Hatterene, F|
|poke|p1|Great Tusk|
|poke|p1|Ceruledge, F|
|poke|p1|Enamorus, F|
|poke|p2|Hydrapple, F|
|poke|p2|Slowking, F|
|poke|p2|Iron Treads|
|poke|p2|Moltres|
|poke|p2|Zamazenta-*|
|poke|p2|Kingambit, F|
|teampreview
|inactive|Battle timer is ON: inactive players will automatically lose when time's up. (requested by John Kritter)
|
|t:|1758335927
|teamsize|p1|6
|teamsize|p2|6
|start
|switch|p1a: Torkoal|Torkoal, F|100/100
|switch|p2a: Hydrapple|Hydrapple, F|100/100
|-weather|SunnyDay|[from] ability: Drought|[of] p1a: Torkoal
|turn|1
|
|t:|1758335934
|-terastallize|p1a: Torkoal|Fairy
|move|p2a: Hydrapple|Earth Power|p1a: Torkoal
|-damage|p1a: Torkoal|49/100
|-unboost|p1a: Torkoal|spd|1
|-damage|p2a: Hydrapple|91/100|[from] item: Life Orb
|move|p1a: Torkoal|Stealth Rock|p2a: Hydrapple
|-sidestart|p2: WeR#4Hay!|move: Stealth Rock
|
|-weather|SunnyDay|[upkeep]
|upkeep
|turn|2
|
|t:|1758335945
|switch|p1a: Hatterene|Hatterene, F, shiny|100/100
|move|p2a: Hydrapple|Leaf Storm|p1a: Hatterene
|-damage|p1a: Hatterene|18/100
|-unboost|p2a: Hydrapple|spa|2
|-enditem|p1a: Hatterene|Eject Button
|-damage|p2a: Hydrapple|81/100|[from] item: Life Orb
|
|t:|1758335956
|switch|p1a: Walking Wake|Walking Wake|100/100
|-activate|p1a: Walking Wake|ability: Protosynthesis
|-start|p1a: Walking Wake|protosynthesisspa
|
|-weather|SunnyDay|[upkeep]
|upkeep
|turn|3
|
|t:|1758335962
|switch|p2a: Slowking|Slowking, F|100/100
|move|p1a: Walking Wake|Hydro Steam|p2a: Slowking
|-resisted|p2a: Slowking
|-damage|p2a: Slowking|63/100
|
|-weather|SunnyDay|[upkeep]
|upkeep
|turn|4
|
|t:|1758335971
|move|p1a: Walking Wake|Hydro Steam|p2a: Slowking
|-resisted|p2a: Slowking
|-damage|p2a: Slowking|23/100
|-prepare|p2a: Slowking|Chilly Reception|[premajor]
|move|p2a: Slowking|Chilly Reception|p2a: Slowking
|-weather|Snowscape
|-end|p1a: Walking Wake|Protosynthesis
|inactive|WeR#4Hay! has 120 seconds left.
|inactive|WeR#4Hay! has 90 seconds left.
|
|t:|1758336034
|switch|p2a: Hydrapple|Hydrapple, F|100/100|[from] Chilly Reception
|-damage|p2a: Hydrapple|88/100|[from] Stealth Rock
|
|-weather|Snowscape|[upkeep]
|upkeep
|turn|5
|
|t:|1758336040
|-end|p1a: Walking Wake|Protosynthesis|[silent]
|switch|p1a: Hatterene|Hatterene, F, shiny|18/100
|move|p2a: Hydrapple|Leaf Storm|p1a: Hatterene
|-damage|p1a: Hatterene|0 fnt
|-unboost|p2a: Hydrapple|spa|2
|faint|p1a: Hatterene
|-damage|p2a: Hydrapple|78/100|[from] item: Life Orb
|
|-weather|Snowscape|[upkeep]
|upkeep
|
|t:|1758336046
|switch|p1a: Torkoal|Torkoal, F, tera:Fairy|49/100
|-weather|SunnyDay|[from] ability: Drought|[of] p1a: Torkoal
|turn|6
|
|t:|1758336050
|switch|p1a: Walking Wake|Walking Wake|100/100
|-activate|p1a: Walking Wake|ability: Protosynthesis
|-start|p1a: Walking Wake|protosynthesisspa
|move|p2a: Hydrapple|Leaf Storm|p1a: Walking Wake
|-damage|p1a: Walking Wake|49/100
|-unboost|p2a: Hydrapple|spa|2
|-damage|p2a: Hydrapple|69/100|[from] item: Life Orb
|
|-weather|SunnyDay|[upkeep]
|upkeep
|turn|7
|
|t:|1758336058
|switch|p2a: Iron Treads|Iron Treads|100/100
|-damage|p2a: Iron Treads|98/100|[from] Stealth Rock
|move|p1a: Walking Wake|Draco Meteor|p2a: Iron Treads
|-resisted|p2a: Iron Treads
|-damage|p2a: Iron Treads|41/100
|-unboost|p1a: Walking Wake|spa|2
|
|-weather|SunnyDay|[upkeep]
|-heal|p2a: Iron Treads|47/100|[from] item: Leftovers
|upkeep
|turn|8
|inactive|WeR#4Hay! has 120 seconds left.
|
|t:|1758336073
|-end|p1a: Walking Wake|Protosynthesis|[silent]
|switch|p1a: Ceruledge|Ceruledge, F|100/100
|move|p2a: Iron Treads|Knock Off|p1a: Ceruledge
|-supereffective|p1a: Ceruledge
|-damage|p1a: Ceruledge|34/100
|-ability|p1a: Ceruledge|Weak Armor|boost
|-unboost|p1a: Ceruledge|def|1
|-boost|p1a: Ceruledge|spe|2
|-enditem|p1a: Ceruledge|Focus Sash|[from] move: Knock Off|[of] p2a: Iron Treads
|
|-weather|SunnyDay|[upkeep]
|-heal|p2a: Iron Treads|54/100|[from] item: Leftovers
|upkeep
|turn|9
|
|t:|1758336081
|-end|p2a: Iron Treads|Quark Drive|[silent]
|switch|p2a: Moltres|Moltres|100/100
|move|p1a: Ceruledge|Swords Dance|p1a: Ceruledge
|-boost|p1a: Ceruledge|atk|2
|
|-weather|SunnyDay|[upkeep]
|upkeep
|turn|10
|
|t:|1758336094
|move|p1a: Ceruledge|Bitter Blade|p2a: Moltres
|-resisted|p2a: Moltres
|-damage|p2a: Moltres|53/100
|-heal|p1a: Ceruledge|65/100|[from] drain|[of] p2a: Moltres
|move|p2a: Moltres|Roar|p1a: Ceruledge
|drag|p1a: Walking Wake|Walking Wake|49/100
|-activate|p1a: Walking Wake|ability: Protosynthesis
|-start|p1a: Walking Wake|protosynthesisspa
|
|-weather|SunnyDay|[upkeep]
|upkeep
|turn|11
|inactive|WeR#4Hay! has 120 seconds left.
|
|t:|1758336119
|switch|p2a: TheTransGambit|Kingambit, F|100/100
|-damage|p2a: TheTransGambit|94/100|[from] Stealth Rock
|move|p1a: Walking Wake|Hydro Steam|p2a: TheTransGambit
|-damage|p2a: TheTransGambit|0 fnt
|faint|p2a: TheTransGambit
|-end|p2a: TheTransGambit|fallenundefined|[silent]
|
|-weather|SunnyDay|[upkeep]
|upkeep
|
|t:|1758336130
|switch|p2a: Hydrapple|Hydrapple, F|100/100
|-damage|p2a: Hydrapple|88/100|[from] Stealth Rock
|turn|12
|
|t:|1758336145
|-end|p1a: Walking Wake|Protosynthesis|[silent]
|switch|p1a: Ceruledge|Ceruledge, F|65/100
|move|p2a: Hydrapple|Leaf Storm|p1a: Ceruledge
|-resisted|p1a: Ceruledge
|-damage|p1a: Ceruledge|9/100
|-unboost|p2a: Hydrapple|spa|2
|-damage|p2a: Hydrapple|78/100|[from] item: Life Orb
|
|-weather|SunnyDay|[upkeep]
|upkeep
|turn|13
|inactive|WeR#4Hay! has 120 seconds left.
|inactive|WeR#4Hay! has 90 seconds left.
|
|t:|1758336200
|move|p1a: Ceruledge|Bitter Blade|p2a: Hydrapple
|-damage|p2a: Hydrapple|20/100
|-heal|p1a: Ceruledge|47/100|[from] drain|[of] p2a: Hydrapple
|move|p2a: Hydrapple|Earth Power|p1a: Ceruledge
|-supereffective|p1a: Ceruledge
|-damage|p1a: Ceruledge|0 fnt
|faint|p1a: Ceruledge
|-damage|p2a: Hydrapple|11/100|[from] item: Life Orb
|
|-weather|none
|upkeep
|
|t:|1758336225
|switch|p1a: Enamorus|Enamorus, F|100/100
|turn|14
|
|t:|1758336234
|switch|p2a: Iron Treads|Iron Treads|54/100
|-damage|p2a: Iron Treads|51/100|[from] Stealth Rock
|move|p1a: Enamorus|Moonblast|p2a: Iron Treads
|-resisted|p2a: Iron Treads
|-damage|p2a: Iron Treads|28/100
|
|-heal|p2a: Iron Treads|34/100|[from] item: Leftovers
|upkeep
|turn|15
|inactive|WeR#4Hay! has 90 seconds left.
|
|t:|1758336245
|switch|p1a: Don|Great Tusk, shiny|100/100
|move|p2a: Iron Treads|Rapid Spin|p1a: Don
|-damage|p1a: Don|91/100
|-boost|p2a: Iron Treads|spe|1
|-damage|p2a: Iron Treads|17/100|[from] item: Rocky Helmet|[of] p1a: Don
|-sideend|p2: WeR#4Hay!|Stealth Rock|[from] move: Rapid Spin|[of] p2a: Iron Treads
|
|-heal|p2a: Iron Treads|23/100|[from] item: Leftovers
|upkeep
|turn|16
|
|t:|1758336256
|-end|p2a: Iron Treads|Quark Drive|[silent]
|switch|p2a: Moltres|Moltres|53/100
|-end|p1a: Don|Protosynthesis|[silent]
|switch|p1a: Walking Wake|Walking Wake|49/100
|
|upkeep
|turn|17
|
|t:|1758336264
|switch|p2a: Iron Treads|Iron Treads|23/100
|move|p1a: Walking Wake|Dragon Pulse|p2a: Iron Treads
|-resisted|p2a: Iron Treads
|-damage|p2a: Iron Treads|0 fnt
|faint|p2a: Iron Treads
|-end|p2a: Iron Treads|Quark Drive|[silent]
|
|upkeep
|
|t:|1758336271
|switch|p2a: Zamazenta|Zamazenta|100/100
|-ability|p2a: Zamazenta|Dauntless Shield|boost
|-boost|p2a: Zamazenta|def|1
|turn|18
|
|t:|1758336285
|-end|p1a: Walking Wake|Protosynthesis|[silent]
|switch|p1a: Torkoal|Torkoal, F, tera:Fairy|49/100
|-weather|SunnyDay|[from] ability: Drought|[of] p1a: Torkoal
|move|p2a: Zamazenta|Stone Edge|p1a: Torkoal
|-damage|p1a: Torkoal|6/100
|
|-weather|SunnyDay|[upkeep]
|upkeep
|turn|19
|
|t:|1758336308
|move|p2a: Zamazenta|Stone Edge|p1a: Torkoal
|-damage|p1a: Torkoal|0 fnt
|faint|p1a: Torkoal
|
|-weather|SunnyDay|[upkeep]
|upkeep
|
|t:|1758336311
|switch|p1a: Enamorus|Enamorus, F|100/100
|turn|20
|inactive|WeR#4Hay! has 120 seconds left.
|
|t:|1758336337
|switch|p1a: Don|Great Tusk, shiny|91/100
|-activate|p1a: Don|ability: Protosynthesis
|-start|p1a: Don|protosynthesisatk
|move|p2a: Zamazenta|Stone Edge|p1a: Don
|-resisted|p1a: Don
|-damage|p1a: Don|83/100
|
|-weather|SunnyDay|[upkeep]
|upkeep
|turn|21
|
|t:|1758336345
|switch|p2a: Moltres|Moltres|53/100
|move|p1a: Don|Ice Spinner|p2a: Moltres
|-damage|p2a: Moltres|26/100
|
|-weather|SunnyDay|[upkeep]
|upkeep
|turn|22
|
|t:|1758336352
|move|p1a: Don|Ice Spinner|p2a: Moltres
|-damage|p2a: Moltres|0 fnt
|faint|p2a: Moltres
|
|-weather|SunnyDay|[upkeep]
|upkeep
|
|t:|1758336357
|switch|p2a: Zamazenta|Zamazenta|100/100
|turn|23
|inactive|WeR#4Hay! has 120 seconds left.
|
|t:|1758336370
|-terastallize|p2a: Zamazenta|Fighting
|move|p2a: Zamazenta|Close Combat|p1a: Don
|-damage|p1a: Don|0 fnt
|-unboost|p2a: Zamazenta|def|1
|-unboost|p2a: Zamazenta|spd|1
|-damage|p2a: Zamazenta|84/100|[from] item: Rocky Helmet|[of] p1a: Don
|faint|p1a: Don
|-end|p1a: Don|Protosynthesis|[silent]
|
|-weather|SunnyDay|[upkeep]
|upkeep
|
|t:|1758336376
|switch|p1a: Enamorus|Enamorus, F|100/100
|turn|24
|inactive|WeR#4Hay! has 120 seconds left.
|
|t:|1758336402
|move|p1a: Enamorus|Moonblast|p2a: Zamazenta
|-supereffective|p2a: Zamazenta
|-damage|p2a: Zamazenta|0 fnt
|faint|p2a: Zamazenta
|
|-weather|SunnyDay|[upkeep]
|upkeep
|
|t:|1758336409
|switch|p2a: Slowking|Slowking, F|56/100
|turn|25
|
|t:|1758336413
|move|p1a: Enamorus|Moonblast|p2a: Slowking
|-damage|p2a: Slowking|20/100
|move|p2a: Slowking|Thunder Wave|p1a: Enamorus
|-status|p1a: Enamorus|par
|
|-weather|none
|upkeep
|turn|26
|inactive|WeR#4Hay! has 120 seconds left.
|
|t:|1758336450
|switch|p2a: Hydrapple|Hydrapple, F|44/100
|cant|p1a: Enamorus|par
|
|upkeep
|turn|27
|
|t:|1758336463
|switch|p2a: Slowking|Slowking, F|54/100
|move|p1a: Enamorus|Moonblast|p2a: Slowking
|-damage|p2a: Slowking|20/100
|-unboost|p2a: Slowking|spa|1
|
|upkeep
|turn|28
|
|t:|1758336468
|switch|p2a: Hydrapple|Hydrapple, F|77/100
|move|p1a: Enamorus|Moonblast|p2a: Hydrapple
|-supereffective|p2a: Hydrapple
|-damage|p2a: Hydrapple|0 fnt
|faint|p2a: Hydrapple
|
|upkeep
|
|t:|1758336470
|switch|p2a: Slowking|Slowking, F|53/100
|turn|29
|
|t:|1758336473
|move|p1a: Enamorus|Moonblast|p2a: Slowking
|-damage|p2a: Slowking|18/100
|move|p2a: Slowking|Scald|p1a: Enamorus
|-damage|p1a: Enamorus|61/100 par
|
|upkeep
|turn|30
|c|☆WeR#4Hay!|gg
|c|☆WeR#4Hay!|i mismanaged my tera
|
|t:|1758336483
|move|p1a: Enamorus|Moonblast|p2a: Slowking
|-damage|p2a: Slowking|0 fnt
|faint|p2a: Slowking
|
|win|John Kritter
|raw|John Kritter's rating: 1619 &rarr; <strong>1642</strong><br />(+23 for winning)
|raw|WeR#4Hay!'s rating: 1666 &rarr; <strong>1643</strong><br />(-23 for losing)
|l|☆John Kritter
|player|p1|
