|j|☆itstheboyjay
|j|☆alloyedbricks
|t:|1758357744
|gametype|singles
|player|p1|itstheboyjay|barry|1152
|player|p2|alloyedbricks|170|1165
|gen|9
|tier|[Gen 9] OU
|rated|
|rule|HP Percentage Mod: HP is shown in percentages
|rule|Endless Battle Clause: Forcing endless battles is banned
|rule|Species Clause: Limit one of each Pokémon
|rule|OHKO Clause: OHKO moves are banned
|rule|Evasion Items Clause: Evasion items are banned
|rule|Evasion Moves Clause: Evasion moves are banned
|rule|Evasion Abilities Clause: Evasion abilities are banned
|rule|Sleep Moves Clause: Sleep-inducing moves are banned
|clearpoke
|poke|p1|Stonjourner, M|
|poke|p1|Glastrier|
|poke|p1|Polteageist-Antique|
|poke|p1|Alcremie-Rainbow-Swirl, F|
|poke|p1|Inteleon, M|
|poke|p1|Corviknight, M|
|poke|p2|Kingambit, F|
|poke|p2|Serperior, M|
|poke|p2|Ceruledge, M|
|poke|p2|Scizor, M|
|poke|p2|Primarina, F|
|poke|p2|Great Tusk|
|teampreview
|inactive|Battle timer is ON: inactive players will automatically lose when time's up. (requested by itstheboyjay)
|
|t:|1758357781
|teamsize|p1|6
|teamsize|p2|6
|start
|switch|p1a: Inteleon|Inteleon, M|100/100
|switch|p2a: Scizor|Scizor, M, shiny|100/100
|turn|1
|
|t:|1758357789
|move|p1a: Inteleon|Flip Turn|p2a: Scizor
|-damage|p2a: Scizor|83/100
|
|t:|1758357801
|switch|p1a: Corviknight|Corviknight, M, shiny|100/100|[from] Flip Turn
|-ability|p1a: Corviknight|Pressure
|move|p2a: Scizor|U-turn|p1a: Corviknight
|-resisted|p1a: Corviknight
|-damage|p1a: Corviknight|95/100
|
|t:|1758357826
|switch|p2a: Ceruledge|Ceruledge, M, shiny|100/100|[from] U-turn
|
|upkeep
|turn|2
|
|t:|1758357846
|switch|p1a: Stonjourner|Stonjourner, M, shiny|100/100
|move|p2a: Ceruledge|Bitter Blade|p1a: Stonjourner
|-resisted|p1a: Stonjourner
|-damage|p1a: Stonjourner|79/100
|-damage|p2a: Ceruledge|91/100|[from] item: Life Orb
|
|upkeep
|turn|3
|
|t:|1758357870
|switch|p2a: Great Tusk|Great Tusk|100/100
|-enditem|p2a: Great Tusk|Booster Energy
|-activate|p2a: Great Tusk|ability: Protosynthesis|[fromitem]
|-start|p2a: Great Tusk|protosynthesisatk
|move|p1a: Stonjourner|Stone Edge|p2a: Great Tusk
|-resisted|p2a: Great Tusk
|-damage|p2a: Great Tusk|91/100
|
|upkeep
|turn|4
|
|t:|1758357881
|switch|p1a: Corviknight|Corviknight, M, shiny|95/100
|-ability|p1a: Corviknight|Pressure
|move|p2a: Great Tusk|Headlong Rush|p1a: Corviknight
|-immune|p1a: Corviknight
|
|upkeep
|turn|5
|
|t:|1758357891
|-end|p2a: Great Tusk|Protosynthesis|[silent]
|switch|p2a: Ceruledge|Ceruledge, M, shiny|91/100
|move|p1a: Corviknight|U-turn|p2a: Ceruledge
|-resisted|p2a: Ceruledge
|-damage|p2a: Ceruledge|85/100
|-ability|p2a: Ceruledge|Weak Armor|boost
|-unboost|p2a: Ceruledge|def|1
|-boost|p2a: Ceruledge|spe|2
|
|t:|1758357903
|switch|p1a: Stonjourner|Stonjourner, M, shiny|79/100|[from] U-turn
|
|upkeep
|turn|6
|
|t:|1758357921
|switch|p2a: Great Tusk|Great Tusk|91/100
|move|p1a: Stonjourner|Stone Edge|p2a: Great Tusk
|-resisted|p2a: Great Tusk
|-damage|p2a: Great Tusk|80/100
|
|upkeep
|turn|7
|
|t:|1758357931
|move|p1a: Stonjourner|Stone Edge|p2a: Great Tusk
|-resisted|p2a: Great Tusk
|-damage|p2a: Great Tusk|71/100
|move|p2a: Great Tusk|Stealth Rock|p1a: Stonjourner
|-sidestart|p1: itstheboyjay|move: Stealth Rock
|
|upkeep
|turn|8
|
|t:|1758357938
|switch|p1a: Corviknight|Corviknight, M, shiny|95/100
|-damage|p1a: Corviknight|82/100|[from] Stealth Rock
|-ability|p1a: Corviknight|Pressure
|move|p2a: Great Tusk|Ice Spinner|p1a: Corviknight
|-damage|p1a: Corviknight|66/100
|
|upkeep
|turn|9
|
|t:|1758357949
|-end|p2a: Great Tusk|Protosynthesis|[silent]
|switch|p2a: Ceruledge|Ceruledge, M, shiny|85/100
|move|p1a: Corviknight|Defog|p2a: Ceruledge
|-unboost|p2a: Ceruledge|evasion|1
|-sideend|p1: itstheboyjay|Stealth Rock|[from] move: Defog|[of] p1a: Corviknight
|
|upkeep
|turn|10
|
|t:|1758357958
|switch|p1a: Stonjourner|Stonjourner, M, shiny|79/100
|move|p2a: Ceruledge|Bitter Blade|p1a: Stonjourner
|-resisted|p1a: Stonjourner
|-crit|p1a: Stonjourner
|-damage|p1a: Stonjourner|42/100
|-heal|p2a: Ceruledge|100/100|[from] drain|[of] p1a: Stonjourner
|-damage|p2a: Ceruledge|91/100|[from] item: Life Orb
|
|upkeep
|turn|11
|
|t:|1758357972
|switch|p2a: Great Tusk|Great Tusk|71/100
|move|p1a: Stonjourner|Stone Edge|p2a: Great Tusk
|-resisted|p2a: Great Tusk
|-damage|p2a: Great Tusk|61/100
|
|upkeep
|turn|12
|
|t:|1758357983
|switch|p1a: Corviknight|Corviknight, M, shiny|66/100
|-ability|p1a: Corviknight|Pressure
|move|p2a: Great Tusk|Stealth Rock|p1a: Corviknight
|-sidestart|p1: itstheboyjay|move: Stealth Rock
|
|upkeep
|turn|13
|
|t:|1758357991
|move|p2a: Great Tusk|Ice Spinner|p1a: Corviknight
|-damage|p1a: Corviknight|51/100
|move|p1a: Corviknight|Defog|p2a: Great Tusk
|-unboost|p2a: Great Tusk|evasion|1
|-sideend|p1: itstheboyjay|Stealth Rock|[from] move: Defog|[of] p1a: Corviknight
|
|upkeep
|turn|14
|
|t:|1758358002
|-end|p2a: Great Tusk|Protosynthesis|[silent]
|switch|p2a: Ceruledge|Ceruledge, M, shiny|91/100
|move|p1a: Corviknight|Roost|p1a: Corviknight
|-heal|p1a: Corviknight|100/100
|-singleturn|p1a: Corviknight|move: Roost
|
|upkeep
|turn|15
|
|t:|1758358012
|switch|p1a: Inteleon|Inteleon, M|100/100
|move|p2a: Ceruledge|Shadow Sneak|p1a: Inteleon
|-damage|p1a: Inteleon|52/100
|-damage|p2a: Ceruledge|81/100|[from] item: Life Orb
|
|upkeep
|turn|16
|
|t:|1758358028
|switch|p2a: Serperior|Serperior, M, shiny|100/100
|move|p1a: Inteleon|Snipe Shot|p2a: Serperior
|-resisted|p2a: Serperior
|-crit|p2a: Serperior
|-damage|p2a: Serperior|11/100
|
|-heal|p2a: Serperior|17/100|[from] item: Leftovers
|upkeep
|turn|17
|
|t:|1758358042
|move|p1a: Inteleon|Snipe Shot|p2a: Serperior
|-resisted|p2a: Serperior
|-damage|p2a: Serperior|0 fnt
|faint|p2a: Serperior
|
|upkeep
|
|t:|1758358049
|switch|p2a: Scizor|Scizor, M, shiny|83/100
|turn|18
|
|t:|1758358058
|switch|p1a: Corviknight|Corviknight, M, shiny|100/100
|-ability|p1a: Corviknight|Pressure
|move|p2a: Scizor|Dual Wingbeat|p1a: Corviknight
|-resisted|p1a: Corviknight
|-damage|p1a: Corviknight|94/100
|-resisted|p1a: Corviknight
|-damage|p1a: Corviknight|86/100
|-hitcount|p1a: Corviknight|2
|
|-heal|p2a: Scizor|89/100|[from] item: Leftovers
|upkeep
|turn|19
|l|☆alloyedbricks
|inactive|alloyedbricks disconnected and has a minute to reconnect!
|player|p2|
|inactive|alloyedbricks has 30 seconds to reconnect!
|inactive|alloyedbricks has 20 seconds to reconnect!
|inactive|alloyedbricks has 15 seconds to reconnect!
|j|☆alloyedbricks
|inactive|alloyedbricks reconnected and has 95 seconds left.
|player|p2|alloyedbricks|170|
|inactive|alloyedbricks has 90 seconds left.
|
|t:|1758358120
|switch|p1a: Inteleon|Inteleon, M|52/100
|switch|p2a: Kingambit|Kingambit, F|100/100
|-activate|p2a: Kingambit|ability: Supreme Overlord
|-start|p2a: Kingambit|fallen1|[silent]
|
|upkeep
|turn|20
|
|t:|1758358141
|switch|p1a: Glastrier|Glastrier|100/100
|move|p2a: Kingambit|Kowtow Cleave|p1a: Glastrier
|-damage|p1a: Glastrier|72/100
|-damage|p2a: Kingambit|84/100|[from] item: Rocky Helmet|[of] p1a: Glastrier
|
|-heal|p2a: Kingambit|90/100|[from] item: Leftovers
|upkeep
|turn|21
|
|t:|1758358152
|-end|p2a: Kingambit|fallen1|[silent]
|switch|p2a: Ceruledge|Ceruledge, M, shiny|81/100
|move|p1a: Glastrier|Body Press|p2a: Ceruledge
|-immune|p2a: Ceruledge
|
|upkeep
|turn|22
|
|t:|1758358166
|-terastallize|p1a: Glastrier|Dragon
|move|p2a: Ceruledge|Shadow Sneak|p1a: Glastrier
|-damage|p1a: Glastrier|58/100
|-damage|p2a: Ceruledge|64/100|[from] item: Rocky Helmet|[of] p1a: Glastrier
|-damage|p2a: Ceruledge|54/100|[from] item: Life Orb
|move|p1a: Glastrier|Avalanche|p2a: Ceruledge
|-resisted|p2a: Ceruledge
|-damage|p2a: Ceruledge|8/100
|-ability|p2a: Ceruledge|Weak Armor|boost
|-unboost|p2a: Ceruledge|def|1
|-boost|p2a: Ceruledge|spe|2
|
|upkeep
|turn|23
|inactive|itstheboyjay has 120 seconds left.
|
|t:|1758358183
|move|p2a: Ceruledge|Destiny Bond|p2a: Ceruledge
|-singlemove|p2a: Ceruledge|Destiny Bond
|move|p1a: Glastrier|Body Press|p2a: Ceruledge
|-immune|p2a: Ceruledge
|
|upkeep
|turn|24
|
|t:|1758358190
|move|p2a: Ceruledge|Clear Smog|p1a: Glastrier
|-damage|p1a: Glastrier|50/100
|-clearboost|p1a: Glastrier
|-damage|p2a: Ceruledge|0 fnt|[from] item: Life Orb
|faint|p2a: Ceruledge
|move|p1a: Glastrier|Avalanche|p2: Ceruledge|[notarget]
|-fail|p1a: Glastrier
|
|upkeep
|
|t:|1758358202
|switch|p2a: Primarina|Primarina, F|100/100
|turn|25
|
|t:|1758358207
|switch|p1a: Polteageist|Polteageist-Antique, shiny|100/100
|move|p2a: Primarina|Moonblast|p1a: Polteageist
|-damage|p1a: Polteageist|67/100
|-start|p2a: Primarina|Disable|Moonblast|[from] ability: Cursed Body|[of] p1a: Polteageist
|
|upkeep
|turn|26
|inactive|alloyedbricks has 120 seconds left.
|
|t:|1758358220
|move|p2a: Primarina|Surf|p1a: Polteageist
|-damage|p1a: Polteageist|36/100
|move|p1a: Polteageist|Shadow Ball|p2a: Primarina
|-damage|p2a: Primarina|70/100
|-unboost|p2a: Primarina|spd|1
|
|upkeep
|turn|27
|inactive|alloyedbricks has 120 seconds left.
|
|t:|1758358230
|move|p2a: Primarina|Ice Beam|p1a: Polteageist
|-damage|p1a: Polteageist|15/100
|move|p1a: Polteageist|Giga Drain|p2a: Primarina
|-supereffective|p2a: Primarina
|-damage|p2a: Primarina|15/100
|-heal|p1a: Polteageist|49/100|[from] drain|[of] p2a: Primarina
|
|upkeep
|turn|28
|inactive|alloyedbricks has 120 seconds left.
|
|t:|1758358242
|move|p2a: Primarina|Surf|p1a: Polteageist
|-damage|p1a: Polteageist|2/100
|move|p1a: Polteageist|Giga Drain|p2a: Primarina
|-supereffective|p2a: Primarina
|-damage|p2a: Primarina|0 fnt
|-heal|p1a: Polteageist|12/100|[from] drain|[of] p2a: Primarina
|faint|p2a: Primarina
|
|upkeep
|inactive|alloyedbricks has 120 seconds left.
|
|t:|1758358253
|switch|p2a: Great Tusk|Great Tusk|61/100
|turn|29
|c|☆alloyedbricks|holy stall team
|
|t:|1758358268
|move|p2a: Great Tusk|Ice Spinner|p1a: Polteageist
|-damage|p1a: Polteageist|0 fnt
|faint|p1a: Polteageist
|
|upkeep
|c|☆alloyedbricks|I am sooooo cooked
|
|t:|1758358277
|switch|p1a: Inteleon|Inteleon, M|52/100
|turn|30
|
|t:|1758358285
|-end|p2a: Great Tusk|Protosynthesis|[silent]
|switch|p2a: Scizor|Scizor, M, shiny|89/100
|move|p1a: Inteleon|Snipe Shot|p2a: Scizor
|-damage|p2a: Scizor|21/100
|
|-heal|p2a: Scizor|27/100|[from] item: Leftovers
|upkeep
|turn|31
|
|t:|1758358296
|move|p1a: Inteleon|Snipe Shot|p2a: Scizor
|-damage|p2a: Scizor|0 fnt
|faint|p2a: Scizor
|
|upkeep
|
|t:|1758358299
|switch|p2a: Kingambit|Kingambit, F|90/100
|-activate|p2a: Kingambit|ability: Supreme Overlord
|-start|p2a: Kingambit|fallen4|[silent]
|turn|32
|
|t:|1758358305
|switch|p1a: Stonjourner|Stonjourner, M, shiny|42/100
|move|p2a: Kingambit|Brick Break|p1a: Stonjourner
|-supereffective|p1a: Stonjourner
|-damage|p1a: Stonjourner|0 fnt
|faint|p1a: Stonjourner
|
|-heal|p2a: Kingambit|96/100|[from] item: Leftovers
|upkeep
|
|t:|1758358316
|switch|p1a: Glastrier|Glastrier, tera:Dragon|50/100
|turn|33
|
|t:|1758358320
|move|p2a: Kingambit|Sucker Punch|p1a: Glastrier
|-damage|p1a: Glastrier|23/100
|-damage|p2a: Kingambit|80/100|[from] item: Rocky Helmet|[of] p1a: Glastrier
|move|p1a: Glastrier|Body Press|p2a: Kingambit
|-supereffective|p2a: Kingambit
|-damage|p2a: Kingambit|0 fnt
|faint|p2a: Kingambit
|-end|p2a: Kingambit|fallen4|[silent]
|-ability|p1a: Glastrier|Chilling Neigh|boost
|-boost|p1a: Glastrier|atk|1
|
|upkeep
|-message|alloyedbricks forfeited.
|
|win|itstheboyjay
|raw|itstheboyjay's rating: 1152 &rarr; <strong>1178</strong><br />(+26 for winning)
|raw|alloyedbricks's rating: 1165 &rarr; <strong>1139</strong><br />(-26 for losing)
|l|☆alloyedbricks
|player|p2|
|l|☆itstheboyjay
|player|p1|
