|j|☆Johnnytravs1
|j|☆Yoink the 4th
|t:|1758331586
|gametype|singles
|player|p1|Johnnytravs1|101|1174
|player|p2|Yoink the 4th|scientist-gen4|1163
|gen|9
|tier|[Gen 9] OU
|rated|
|rule|HP Percentage Mod: HP is shown in percentages
|rule|Endless Battle Clause: Forcing endless battles is banned
|rule|Species Clause: Limit one of each Pokémon
|rule|OHKO Clause: OHKO moves are banned
|rule|Evasion Items Clause: Evasion items are banned
|rule|Evasion Moves Clause: Evasion moves are banned
|rule|Evasion Abilities Clause: Evasion abilities are banned
|rule|Sleep Moves Clause: Sleep-inducing moves are banned
|clearpoke
|poke|p1|Misdreavus, M|
|poke|p1|Primarina, M|
|poke|p1|Weavile, F|
|poke|p1|Corviknight, M|
|poke|p1|Weezing-Galar, F|
|poke|p1|Cinderace, F|
|poke|p2|Great Tusk|
|poke|p2|Scizor, F|
|poke|p2|Hatterene, F|
|poke|p2|Quaquaval, F|
|poke|p2|Cinderace, F|
|poke|p2|Meowscarada, F|
|teampreview
|inactive|Battle timer is ON: inactive players will automatically lose when time's up. (requested by Yoink the 4th)
|
|t:|1758331606
|teamsize|p1|6
|teamsize|p2|6
|start
|switch|p1a: Cinderace|Cinderace, F|100/100
|switch|p2a: Hatterene|Hatterene, F|100/100
|turn|1
|
|t:|1758331611
|move|p1a: Cinderace|Pyro Ball|p2a: Hatterene
|-damage|p2a: Hatterene|41/100
|move|p2a: Hatterene|Psyshock|p1a: Cinderace
|-damage|p1a: Cinderace|10/100
|-damage|p2a: Hatterene|31/100|[from] item: Life Orb
|
|upkeep
|turn|2
|
|t:|1758331620
|move|p1a: Cinderace|Sucker Punch|p2a: Hatterene
|-start|p1a: Cinderace|typechange|Dark|[from] ability: Libero
|-crit|p2a: Hatterene
|-damage|p2a: Hatterene|0 fnt
|faint|p2a: Hatterene
|
|upkeep
|
|t:|1758331624
|switch|p2a: Scizor|Scizor, F|100/100
|turn|3
|
|t:|1758331628
|move|p1a: Cinderace|Sucker Punch|p2a: Scizor
|-damage|p2a: Scizor|66/100
|move|p2a: Scizor|Bullet Punch|p1a: Cinderace
|-damage|p1a: Cinderace|0 fnt
|faint|p1a: Cinderace
|
|upkeep
|
|t:|1758331635
|switch|p1a: Misdreavus|Misdreavus, M|100/100
|turn|4
|
|t:|1758331650
|switch|p2a: Meowscarada|Meowscarada, F|100/100
|move|p1a: Misdreavus|Will-O-Wisp|p2a: Meowscarada
|-status|p2a: Meowscarada|brn
|
|-damage|p2a: Meowscarada|94/100 brn|[from] brn
|upkeep
|turn|5
|
|t:|1758331661
|-terastallize|p1a: Misdreavus|Fairy
|move|p2a: Meowscarada|Knock Off|p1a: Misdreavus
|-start|p2a: Meowscarada|typechange|Dark|[from] ability: Protean
|-resisted|p1a: Misdreavus
|-damage|p1a: Misdreavus|77/100
|-enditem|p1a: Misdreavus|Eviolite|[from] move: Knock Off|[of] p2a: Meowscarada
|move|p1a: Misdreavus|Calm Mind|p1a: Misdreavus
|-boost|p1a: Misdreavus|spa|1
|-boost|p1a: Misdreavus|spd|1
|
|-damage|p2a: Meowscarada|88/100 brn|[from] brn
|upkeep
|turn|6
|
|t:|1758331672
|switch|p2a: Scizor|Scizor, F|66/100
|move|p1a: Misdreavus|Draining Kiss|p2a: Scizor
|-resisted|p2a: Scizor
|-damage|p2a: Scizor|46/100
|-heal|p1a: Misdreavus|96/100|[from] drain|[of] p2a: Scizor
|
|upkeep
|turn|7
|
|t:|1758331681
|switch|p1a: Corviknight|Corviknight, M|100/100
|move|p2a: Scizor|Bullet Punch|p1a: Corviknight
|-resisted|p1a: Corviknight
|-damage|p1a: Corviknight|81/100
|
|-heal|p1a: Corviknight|87/100|[from] item: Leftovers
|upkeep
|turn|8
|
|t:|1758331693
|switch|p2a: Cinderace|Cinderace, F|100/100
|move|p1a: Corviknight|Bulk Up|p1a: Corviknight
|-boost|p1a: Corviknight|atk|1
|-boost|p1a: Corviknight|def|1
|
|-heal|p1a: Corviknight|93/100|[from] item: Leftovers
|upkeep
|turn|9
|
|t:|1758331710
|move|p2a: Cinderace|Pyro Ball|p1a: Corviknight
|-supereffective|p1a: Corviknight
|-damage|p1a: Corviknight|36/100
|move|p1a: Corviknight|Bulk Up|p1a: Corviknight
|-boost|p1a: Corviknight|atk|1
|-boost|p1a: Corviknight|def|1
|
|-heal|p1a: Corviknight|43/100|[from] item: Leftovers
|upkeep
|turn|10
|
|t:|1758331714
|move|p2a: Cinderace|Pyro Ball|p1a: Corviknight
|-supereffective|p1a: Corviknight
|-damage|p1a: Corviknight|0 fnt
|faint|p1a: Corviknight
|
|upkeep
|
|t:|1758331726
|switch|p1a: Primarina|Primarina, M|100/100
|turn|11
|
|t:|1758331742
|switch|p2a: Meowscarada|Meowscarada, F|88/100 brn
|move|p1a: Primarina|Calm Mind|p1a: Primarina
|-boost|p1a: Primarina|spa|1
|-boost|p1a: Primarina|spd|1
|
|-damage|p2a: Meowscarada|82/100 brn|[from] brn
|upkeep
|turn|12
|
|t:|1758331749
|move|p2a: Meowscarada|Flower Trick|p1a: Primarina
|-start|p2a: Meowscarada|typechange|Grass|[from] ability: Protean
|-supereffective|p1a: Primarina
|-crit|p1a: Primarina
|-damage|p1a: Primarina|0 fnt
|faint|p1a: Primarina
|
|-damage|p2a: Meowscarada|76/100 brn|[from] brn
|upkeep
|
|t:|1758331756
|switch|p1a: Misdreavus|Misdreavus, M, tera:Fairy|96/100
|turn|13
|
|t:|1758331759
|move|p2a: Meowscarada|Flower Trick|p1a: Misdreavus
|-crit|p1a: Misdreavus
|-damage|p1a: Misdreavus|28/100
|move|p1a: Misdreavus|Will-O-Wisp|p2a: Meowscarada
|-fail|p2a: Meowscarada|brn
|
|-damage|p2a: Meowscarada|70/100 brn|[from] brn
|upkeep
|turn|14
|
|t:|1758331763
|move|p2a: Meowscarada|Flower Trick|p1a: Misdreavus
|-crit|p1a: Misdreavus
|-damage|p1a: Misdreavus|0 fnt
|faint|p1a: Misdreavus
|
|-damage|p2a: Meowscarada|64/100 brn|[from] brn
|upkeep
|-message|Johnnytravs1 forfeited.
|
|win|Yoink the 4th
|raw|Johnnytravs1's rating: 1174 &rarr; <strong>1148</strong><br />(-26 for losing)
|raw|Yoink the 4th's rating: 1163 &rarr; <strong>1189</strong><br />(+26 for winning)
|l|☆Johnnytravs1
|player|p1|
|l|☆Yoink the 4th
|player|p2|
