|j|☆Felipesol2
|j|☆eggwithswag
|t:|1758259520
|gametype|singles
|player|p1|Felipesol2|buck|1180
|player|p2|eggwithswag|lance|1185
|gen|9
|tier|[Gen 9] OU
|rated|
|rule|HP Percentage Mod: HP is shown in percentages
|rule|Endless Battle Clause: Forcing endless battles is banned
|rule|Species Clause: Limit one of each Pokémon
|rule|OHKO Clause: OHKO moves are banned
|rule|Evasion Items Clause: Evasion items are banned
|rule|Evasion Moves Clause: Evasion moves are banned
|rule|Evasion Abilities Clause: Evasion abilities are banned
|rule|Sleep Moves Clause: Sleep-inducing moves are banned
|clearpoke
|poke|p1|Pecharunt|
|poke|p1|Reuniclus, M|
|poke|p1|Iron Valiant|
|poke|p1|Landorus-Therian, M|
|poke|p1|Kingambit, F|
|poke|p1|Alomomola, F|
|poke|p2|Hatterene, F|
|poke|p2|Tyranitar, F|
|poke|p2|Excadrill, F|
|poke|p2|Dragapult, M|
|poke|p2|Landorus-Therian, M|
|poke|p2|Ogerpon-Wellspring, F|
|teampreview
|
|t:|1758259546
|teamsize|p1|6
|teamsize|p2|6
|start
|switch|p1a: Kingambit|Kingambit, F|100/100
|switch|p2a: Dragapult|Dragapult, M|100/100
|turn|1
|
|t:|1758259559
|move|p2a: Dragapult|Will-O-Wisp|p1a: Kingambit
|-status|p1a: Kingambit|brn
|move|p1a: Kingambit|Kowtow Cleave|p2a: Dragapult
|-supereffective|p2a: Dragapult
|-damage|p2a: Dragapult|38/100
|
|-heal|p2a: Dragapult|44/100|[from] item: Leftovers
|-damage|p1a: Kingambit|94/100 brn|[from] brn
|upkeep
|turn|2
|
|t:|1758259570
|switch|p2a: Landorus|Landorus-Therian, M|100/100
|-ability|p2a: Landorus|Intimidate|boost
|-unboost|p1a: Kingambit|atk|1
|-ability|p1a: Kingambit|Defiant|boost
|-boost|p1a: Kingambit|atk|2
|move|p1a: Kingambit|Kowtow Cleave|p2a: Landorus
|-damage|p2a: Landorus|72/100
|
|-damage|p1a: Kingambit|88/100 brn|[from] brn
|upkeep
|turn|3
|
|t:|1758259584
|move|p2a: Landorus|Gravity|p2a: Landorus
|-fieldstart|move: Gravity
|move|p1a: Kingambit|Kowtow Cleave|p2a: Landorus
|-damage|p2a: Landorus|42/100
|
|-damage|p1a: Kingambit|82/100 brn|[from] brn
|upkeep
|turn|4
|
|t:|1758259590
|move|p2a: Landorus|Earthquake|p1a: Kingambit
|-supereffective|p1a: Kingambit
|-damage|p1a: Kingambit|13/100 brn
|-enditem|p1a: Kingambit|Weakness Policy
|-boost|p1a: Kingambit|atk|2|[from] item: Weakness Policy
|-boost|p1a: Kingambit|spa|2|[from] item: Weakness Policy
|move|p1a: Kingambit|Kowtow Cleave|p2a: Landorus
|-damage|p2a: Landorus|0 fnt
|faint|p2a: Landorus
|
|-damage|p1a: Kingambit|7/100 brn|[from] brn
|upkeep
|
|t:|1758259627
|switch|p2a: Hatterene|Hatterene, F|100/100
|turn|5
|inactive|Battle timer is ON: inactive players will automatically lose when time's up. (requested by Felipesol2)
|
|t:|1758259636
|switch|p2a: Ogerpon|Ogerpon-Wellspring, F|100/100
|move|p1a: Kingambit|Sucker Punch||[still]
|-fail|p1a: Kingambit
|
|-damage|p1a: Kingambit|1/100 brn|[from] brn
|upkeep
|turn|6
|
|t:|1758259643
|switch|p2a: Hatterene|Hatterene, F|100/100
|move|p1a: Kingambit|Sucker Punch||[still]
|-fail|p1a: Kingambit
|
|-damage|p1a: Kingambit|0 fnt|[from] brn
|faint|p1a: Kingambit
|upkeep
|
|t:|1758259670
|switch|p1a: Pecharunt|Pecharunt|100/100
|turn|7
|
|t:|1758259680
|switch|p2a: Tyranitar|Tyranitar, F|100/100
|-weather|Sandstorm|[from] ability: Sand Stream|[of] p2a: Tyranitar
|move|p1a: Pecharunt|Malignant Chain|p2a: Tyranitar
|-resisted|p2a: Tyranitar
|-damage|p2a: Tyranitar|93/100
|
|-weather|Sandstorm|[upkeep]
|-damage|p1a: Pecharunt|94/100|[from] Sandstorm
|-fieldend|move: Gravity
|upkeep
|turn|8
|
|t:|1758259689
|switch|p1a: Landorus|Landorus-Therian, M|100/100
|-ability|p1a: Landorus|Intimidate|boost
|-unboost|p2a: Tyranitar|atk|1
|move|p2a: Tyranitar|Knock Off|p1a: Landorus
|-damage|p1a: Landorus|61/100
|-enditem|p1a: Landorus|Choice Scarf|[from] move: Knock Off|[of] p2a: Tyranitar
|
|-weather|Sandstorm|[upkeep]
|upkeep
|turn|9
|
|t:|1758259705
|switch|p2a: Hatterene|Hatterene, F|100/100
|move|p1a: Landorus|Taunt|p2a: Hatterene
|move|p2a: Hatterene|Taunt|p1a: Landorus|[from] ability: Magic Bounce
|-start|p1a: Landorus|move: Taunt
|
|-weather|Sandstorm|[upkeep]
|-damage|p2a: Hatterene|95/100|[from] Sandstorm
|upkeep
|turn|10
|
|t:|1758259717
|move|p1a: Landorus|Earthquake|p2a: Hatterene
|-damage|p2a: Hatterene|44/100
|move|p2a: Hatterene|Psychic Noise|p1a: Landorus
|-damage|p1a: Landorus|12/100
|-start|p1a: Landorus|move: Heal Block
|
|-weather|Sandstorm|[upkeep]
|-damage|p2a: Hatterene|38/100|[from] Sandstorm
|upkeep
|turn|11
|
|t:|1758259719
|move|p1a: Landorus|Earthquake|p2a: Hatterene
|-damage|p2a: Hatterene|0 fnt
|faint|p2a: Hatterene
|
|-weather|Sandstorm|[upkeep]
|-end|p1a: Landorus|move: Heal Block
|upkeep
|
|t:|1758259726
|switch|p2a: Excadrill|Excadrill, F|100/100
|turn|12
|
|t:|1758259731
|switch|p1a: Alomomola|Alomomola, F|100/100
|move|p2a: Excadrill|Iron Head|p1a: Alomomola
|-resisted|p1a: Alomomola
|-damage|p1a: Alomomola|79/100
|
|-weather|Sandstorm|[upkeep]
|-damage|p1a: Alomomola|73/100|[from] Sandstorm
|-heal|p1a: Alomomola|79/100|[from] item: Leftovers
|upkeep
|turn|13
|
|t:|1758259745
|switch|p2a: Ogerpon|Ogerpon-Wellspring, F|100/100
|move|p1a: Alomomola|Wish|p1a: Alomomola
|
|-weather|Sandstorm|[upkeep]
|-damage|p2a: Ogerpon|95/100|[from] Sandstorm
|-damage|p1a: Alomomola|73/100|[from] Sandstorm
|-heal|p1a: Alomomola|79/100|[from] item: Leftovers
|upkeep
|turn|14
|
|t:|1758259752
|move|p1a: Alomomola|Protect|p1a: Alomomola
|-singleturn|p1a: Alomomola|Protect
|move|p2a: Ogerpon|Spikes|p1a: Alomomola
|-sidestart|p1: Felipesol2|Spikes
|
|-weather|none
|-heal|p1a: Alomomola|100/100|[from] move: Wish|[wisher] Alomomola
|upkeep
|turn|15
|
|t:|1758259760
|move|p2a: Ogerpon|Spikes|p1a: Alomomola
|-sidestart|p1: Felipesol2|Spikes
|move|p1a: Alomomola|Wish|p1a: Alomomola
|
|upkeep
|turn|16
|
|t:|1758259770
|switch|p1a: Landorus|Landorus-Therian, M|12/100
|-ability|p1a: Landorus|Intimidate|boost
|-unboost|p2a: Ogerpon|atk|1
|move|p2a: Ogerpon|Spikes|p1a: Landorus
|-sidestart|p1: Felipesol2|Spikes
|
|-heal|p1a: Landorus|86/100|[from] move: Wish|[wisher] Alomomola
|upkeep
|turn|17
|
|t:|1758259794
|move|p2a: Ogerpon|Ivy Cudgel|p1a: Landorus|[anim] Ivy Cudgel Water
|-supereffective|p1a: Landorus
|-damage|p1a: Landorus|0 fnt
|faint|p1a: Landorus
|
|upkeep
|
|t:|1758259813
|switch|p1a: Pecharunt|Pecharunt|94/100
|turn|18
|
|t:|1758259819
|switch|p2a: Tyranitar|Tyranitar, F|93/100
|-weather|Sandstorm|[from] ability: Sand Stream|[of] p2a: Tyranitar
|move|p1a: Pecharunt|Malignant Chain|p2a: Tyranitar
|-resisted|p2a: Tyranitar
|-damage|p2a: Tyranitar|85/100
|-status|p2a: Tyranitar|tox
|-start|p2a: Tyranitar|confusion|[from] ability: Poison Puppeteer|[of] p1a: Pecharunt
|
|-weather|Sandstorm|[upkeep]
|-damage|p1a: Pecharunt|88/100|[from] Sandstorm
|-damage|p2a: Tyranitar|79/100 tox|[from] psn
|upkeep
|turn|19
|
|t:|1758259839
|switch|p1a: Alomomola|Alomomola, F|100/100
|-damage|p1a: Alomomola|75/100|[from] Spikes
|-activate|p2a: Tyranitar|confusion
|move|p2a: Tyranitar|Knock Off|p1a: Alomomola
|-damage|p1a: Alomomola|45/100
|-enditem|p1a: Alomomola|Leftovers|[from] move: Knock Off|[of] p2a: Tyranitar
|
|-weather|Sandstorm|[upkeep]
|-damage|p1a: Alomomola|39/100|[from] Sandstorm
|-damage|p2a: Tyranitar|67/100 tox|[from] psn
|upkeep
|turn|20
|
|t:|1758259847
|move|p1a: Alomomola|Wish|p1a: Alomomola
|-activate|p2a: Tyranitar|confusion
|move|p2a: Tyranitar|Stealth Rock|p1a: Alomomola
|-sidestart|p1: Felipesol2|move: Stealth Rock
|
|-weather|Sandstorm|[upkeep]
|-damage|p1a: Alomomola|33/100|[from] Sandstorm
|-damage|p2a: Tyranitar|48/100 tox|[from] psn
|upkeep
|turn|21
|
|t:|1758259852
|switch|p2a: Excadrill|Excadrill, F|100/100
|move|p1a: Alomomola|Protect||[still]
|-fail|p1a: Alomomola
|
|-weather|Sandstorm|[upkeep]
|-damage|p1a: Alomomola|27/100|[from] Sandstorm
|-heal|p1a: Alomomola|77/100|[from] move: Wish|[wisher] Alomomola
|upkeep
|turn|22
|
|t:|1758259858
|-terastallize|p2a: Excadrill|Ground
|move|p2a: Excadrill|Earthquake|p1a: Alomomola
|-damage|p1a: Alomomola|0 fnt
|faint|p1a: Alomomola
|
|-weather|Sandstorm|[upkeep]
|upkeep
|
|t:|1758259879
|switch|p1a: Reuniclus|Reuniclus, M, shiny|100/100
|turn|23
|
|t:|1758259883
|move|p2a: Excadrill|Earthquake|p1a: Reuniclus
|-damage|p1a: Reuniclus|0 fnt
|faint|p1a: Reuniclus
|
|-weather|Sandstorm|[upkeep]
|upkeep
|
|t:|1758259889
|switch|p1a: Iron Valiant|Iron Valiant|100/100
|-damage|p1a: Iron Valiant|76/100|[from] Spikes
|-damage|p1a: Iron Valiant|69/100|[from] Stealth Rock
|-enditem|p1a: Iron Valiant|Booster Energy
|-activate|p1a: Iron Valiant|ability: Quark Drive|[fromitem]
|-start|p1a: Iron Valiant|quarkdrivespe
|turn|24
|
|t:|1758259902
|move|p1a: Iron Valiant|Moonblast|p2a: Excadrill
|-damage|p2a: Excadrill|51/100
|-unboost|p2a: Excadrill|spa|1
|move|p2a: Excadrill|Earthquake|p1a: Iron Valiant
|-damage|p1a: Iron Valiant|0 fnt
|faint|p1a: Iron Valiant
|-end|p1a: Iron Valiant|Quark Drive|[silent]
|
|-weather|Sandstorm|[upkeep]
|upkeep
|
|t:|1758259904
|switch|p1a: Pecharunt|Pecharunt|88/100
|turn|25
|
|t:|1758259907
|move|p2a: Excadrill|Earthquake|p1a: Pecharunt
|-supereffective|p1a: Pecharunt
|-damage|p1a: Pecharunt|0 fnt
|faint|p1a: Pecharunt
|
|win|eggwithswag
|raw|Felipesol2's rating: 1180 &rarr; <strong>1155</strong><br />(-25 for losing)
|raw|eggwithswag's rating: 1185 &rarr; <strong>1210</strong><br />(+25 for winning)
|l|☆Felipesol2
|player|p1|
|l|☆eggwithswag
|player|p2|
