|j|☆Floop Noopulus
|j|☆Gulptubus
|t:|1758302203
|gametype|singles
|player|p1|Floop Noopulus|veteran|1540
|player|p2|Gulptubus|pokemonranger-gen4|1574
|gen|9
|tier|[Gen 9] OU
|rated|
|rule|HP Percentage Mod: HP is shown in percentages
|rule|Endless Battle Clause: Forcing endless battles is banned
|rule|Species Clause: Limit one of each Pokémon
|rule|OHKO Clause: OHKO moves are banned
|rule|Evasion Items Clause: Evasion items are banned
|rule|Evasion Moves Clause: Evasion moves are banned
|rule|Evasion Abilities Clause: Evasion abilities are banned
|rule|Sleep Moves Clause: Sleep-inducing moves are banned
|clearpoke
|poke|p1|Sandy Shocks|
|poke|p1|Torkoal, M|
|poke|p1|Raging Bolt|
|poke|p1|Great Tusk|
|poke|p1|Hatterene, F|
|poke|p1|Slither Wing|
|poke|p2|Dragapult, M|
|poke|p2|Rillaboom, M|
|poke|p2|Heatran, M|
|poke|p2|Bronzong|
|poke|p2|Great Tusk|
|poke|p2|Ogerpon-Wellspring, F|
|teampreview
|inactive|Battle timer is ON: inactive players will automatically lose when time's up. (requested by Floop Noopulus)
|inactive|Floop Noopulus has 120 seconds left.
|
|t:|1758302235
|teamsize|p1|6
|teamsize|p2|6
|start
|switch|p1a: Torkoal|Torkoal, M|100/100
|switch|p2a: Bronzong|Bronzong, shiny|100/100
|-weather|SunnyDay|[from] ability: Drought|[of] p1a: Torkoal
|turn|1
|
|t:|1758302240
|move|p2a: Bronzong|Future Sight|p1a: Torkoal
|-start|p2a: Bronzong|move: Future Sight
|move|p1a: Torkoal|Lava Plume|p2a: Bronzong
|-supereffective|p2a: Bronzong
|-crit|p2a: Bronzong
|-damage|p2a: Bronzong|0 fnt
|faint|p2a: Bronzong
|
|-weather|SunnyDay|[upkeep]
|upkeep
|
|t:|1758302246
|switch|p2a: Heatran|Heatran, M|100/100
|turn|2
|
|t:|1758302261
|switch|p1a: Hatterene|Hatterene, F|100/100
|move|p2a: Heatran|Magma Storm|p1a: Hatterene
|-damage|p1a: Hatterene|30/100
|-activate|p1a: Hatterene|move: Magma Storm|[of] p2a: Heatran
|-enditem|p1a: Hatterene|Eject Button
|
|t:|1758302276
|switch|p1a: Sandy Shocks|Sandy Shocks|100/100
|-activate|p1a: Sandy Shocks|ability: Protosynthesis
|-start|p1a: Sandy Shocks|protosynthesisspa
|
|-weather|SunnyDay|[upkeep]
|upkeep
|turn|3
|
|t:|1758302285
|switch|p2a: Rillaboom|Rillaboom, M|100/100
|-fieldstart|move: Grassy Terrain|[from] ability: Grassy Surge|[of] p2a: Rillaboom
|move|p1a: Sandy Shocks|Earth Power|p2a: Rillaboom
|-resisted|p2a: Rillaboom
|-damage|p2a: Rillaboom|61/100
|
|-weather|SunnyDay|[upkeep]
|-end|p1a: Sandy Shocks|move: Future Sight
|-damage|p1a: Sandy Shocks|54/100
|-heal|p1a: Sandy Shocks|60/100|[from] Grassy Terrain
|-heal|p2a: Rillaboom|68/100|[from] Grassy Terrain
|upkeep
|turn|4
|
|t:|1758302292
|-end|p1a: Sandy Shocks|Protosynthesis|[silent]
|switch|p1a: Hatterene|Hatterene, F|30/100
|move|p2a: Rillaboom|Grassy Glide|p1a: Hatterene
|-crit|p1a: Hatterene
|-damage|p1a: Hatterene|0 fnt
|faint|p1a: Hatterene
|
|-weather|SunnyDay|[upkeep]
|-heal|p2a: Rillaboom|74/100|[from] Grassy Terrain
|upkeep
|
|t:|1758302296
|switch|p1a: Slither Wing|Slither Wing|100/100
|-activate|p1a: Slither Wing|ability: Protosynthesis
|-start|p1a: Slither Wing|protosynthesisatk
|turn|5
|
|t:|1758302303
|switch|p2a: Great Tusk|Great Tusk|100/100
|-activate|p2a: Great Tusk|ability: Protosynthesis
|-start|p2a: Great Tusk|protosynthesisatk
|move|p1a: Slither Wing|Close Combat|p2a: Great Tusk
|-damage|p2a: Great Tusk|7/100
|-unboost|p1a: Slither Wing|def|1
|-unboost|p1a: Slither Wing|spd|1
|
|-weather|SunnyDay|[upkeep]
|-heal|p2a: Great Tusk|13/100|[from] Grassy Terrain
|upkeep
|turn|6
|
|t:|1758302313
|-end|p1a: Slither Wing|Protosynthesis|[silent]
|switch|p1a: Great Tusk|Great Tusk|100/100
|-activate|p1a: Great Tusk|ability: Protosynthesis
|-start|p1a: Great Tusk|protosynthesisatk
|move|p2a: Great Tusk|Close Combat|p1a: Great Tusk
|-damage|p1a: Great Tusk|38/100
|-unboost|p2a: Great Tusk|def|1
|-unboost|p2a: Great Tusk|spd|1
|
|-weather|SunnyDay|[upkeep]
|-heal|p2a: Great Tusk|20/100|[from] Grassy Terrain
|-heal|p1a: Great Tusk|44/100|[from] Grassy Terrain
|upkeep
|turn|7
|
|t:|1758302322
|move|p2a: Great Tusk|Ice Spinner|p1a: Great Tusk
|-supereffective|p1a: Great Tusk
|-damage|p1a: Great Tusk|0 fnt
|-fieldend|move: Grassy Terrain
|faint|p1a: Great Tusk
|-end|p1a: Great Tusk|Protosynthesis|[silent]
|
|-weather|SunnyDay|[upkeep]
|upkeep
|
|t:|1758302330
|switch|p1a: Sandy Shocks|Sandy Shocks|60/100
|-activate|p1a: Sandy Shocks|ability: Protosynthesis
|-start|p1a: Sandy Shocks|protosynthesisspa
|turn|8
|
|t:|1758302342
|-end|p2a: Great Tusk|Protosynthesis|[silent]
|switch|p2a: Rillaboom|Rillaboom, M|74/100
|-fieldstart|move: Grassy Terrain|[from] ability: Grassy Surge|[of] p2a: Rillaboom
|-terastallize|p1a: Sandy Shocks|Ice
|move|p1a: Sandy Shocks|Tera Blast|p2a: Rillaboom|[anim] Tera Blast Ice
|-supereffective|p2a: Rillaboom
|-damage|p2a: Rillaboom|0 fnt
|faint|p2a: Rillaboom
|
|-weather|none
|-end|p1a: Sandy Shocks|Protosynthesis
|-heal|p1a: Sandy Shocks|66/100|[from] Grassy Terrain
|upkeep
|
|t:|1758302354
|switch|p2a: Ogerpon|Ogerpon-Wellspring, F|100/100
|turn|9
|
|t:|1758302357
|-end|p1a: Sandy Shocks|Protosynthesis|[silent]
|switch|p1a: Torkoal|Torkoal, M|100/100
|-weather|SunnyDay|[from] ability: Drought|[of] p1a: Torkoal
|move|p2a: Ogerpon|Swords Dance|p2a: Ogerpon
|-boost|p2a: Ogerpon|atk|2
|
|-weather|SunnyDay|[upkeep]
|upkeep
|turn|10
|
|t:|1758302372
|move|p2a: Ogerpon|Swords Dance|p2a: Ogerpon
|-boost|p2a: Ogerpon|atk|2
|move|p1a: Torkoal|Will-O-Wisp|p2a: Ogerpon
|-status|p2a: Ogerpon|brn
|
|-weather|SunnyDay|[upkeep]
|-damage|p2a: Ogerpon|95/100 brn|[from] brn
|upkeep
|turn|11
|
|t:|1758302379
|move|p2a: Ogerpon|Ivy Cudgel|p1a: Torkoal|[anim] Ivy Cudgel Water
|-supereffective|p1a: Torkoal
|-damage|p1a: Torkoal|43/100
|move|p1a: Torkoal|Stealth Rock|p2a: Ogerpon
|-sidestart|p2: Gulptubus|move: Stealth Rock
|
|-weather|SunnyDay|[upkeep]
|-heal|p2a: Ogerpon|100/100 brn|[from] Grassy Terrain
|-heal|p1a: Torkoal|49/100|[from] Grassy Terrain
|-damage|p2a: Ogerpon|95/100 brn|[from] brn
|upkeep
|turn|12
|
|t:|1758302385
|switch|p1a: Raging Bolt|Raging Bolt|100/100
|-activate|p1a: Raging Bolt|ability: Protosynthesis
|-start|p1a: Raging Bolt|protosynthesisspa
|move|p2a: Ogerpon|Play Rough|p1a: Raging Bolt
|-supereffective|p1a: Raging Bolt
|-crit|p1a: Raging Bolt
|-damage|p1a: Raging Bolt|0 fnt
|faint|p1a: Raging Bolt
|-end|p1a: Raging Bolt|Protosynthesis|[silent]
|
|-weather|SunnyDay|[upkeep]
|-heal|p2a: Ogerpon|100/100 brn|[from] Grassy Terrain
|-damage|p2a: Ogerpon|95/100 brn|[from] brn
|upkeep
|
|t:|1758302390
|switch|p1a: Slither Wing|Slither Wing|100/100
|-activate|p1a: Slither Wing|ability: Protosynthesis
|-start|p1a: Slither Wing|protosynthesisatk
|turn|13
|
|t:|1758302400
|switch|p2a: Great Tusk|Great Tusk|20/100
|-activate|p2a: Great Tusk|ability: Protosynthesis
|-start|p2a: Great Tusk|protosynthesisatk
|move|p1a: Slither Wing|First Impression|p2a: Great Tusk
|-resisted|p2a: Great Tusk
|-damage|p2a: Great Tusk|0 fnt
|faint|p2a: Great Tusk
|-end|p2a: Great Tusk|Protosynthesis|[silent]
|
|-weather|SunnyDay|[upkeep]
|upkeep
|
|t:|1758302407
|switch|p2a: Heatran|Heatran, M|100/100
|-damage|p2a: Heatran|88/100|[from] Stealth Rock
|turn|14
|
|t:|1758302409
|-end|p1a: Slither Wing|Protosynthesis|[silent]
|switch|p1a: Torkoal|Torkoal, M|49/100
|move|p2a: Heatran|Magma Storm|p1a: Torkoal
|-resisted|p1a: Torkoal
|-damage|p1a: Torkoal|5/100
|-activate|p1a: Torkoal|move: Magma Storm|[of] p2a: Heatran
|
|-weather|SunnyDay|[upkeep]
|-heal|p2a: Heatran|94/100|[from] Grassy Terrain
|-heal|p2a: Heatran|100/100|[from] item: Leftovers
|-heal|p1a: Torkoal|12/100|[from] Grassy Terrain
|-damage|p1a: Torkoal|0 fnt|[from] move: Magma Storm|[partiallytrapped]
|faint|p1a: Torkoal
|upkeep
|
|t:|1758302414
|switch|p1a: Sandy Shocks|Sandy Shocks, tera:Ice|66/100
|-activate|p1a: Sandy Shocks|ability: Protosynthesis
|-start|p1a: Sandy Shocks|protosynthesisspa
|turn|15
|inactive|Gulptubus has 120 seconds left.
|
|t:|1758302448
|-terastallize|p2a: Heatran|Grass
|move|p1a: Sandy Shocks|Earth Power|p2a: Heatran
|-resisted|p2a: Heatran
|-damage|p2a: Heatran|80/100
|move|p2a: Heatran|Magma Storm|p1a: Sandy Shocks
|-supereffective|p1a: Sandy Shocks
|-damage|p1a: Sandy Shocks|0 fnt
|faint|p1a: Sandy Shocks
|-end|p1a: Sandy Shocks|Protosynthesis|[silent]
|
|-weather|SunnyDay|[upkeep]
|-heal|p2a: Heatran|86/100|[from] Grassy Terrain
|-heal|p2a: Heatran|92/100|[from] item: Leftovers
|-fieldend|move: Grassy Terrain
|upkeep
|-message|Floop Noopulus forfeited.
|
|win|Gulptubus
|raw|Floop Noopulus's rating: 1540 &rarr; <strong>1522</strong><br />(-18 for losing)
|raw|Gulptubus's rating: 1574 &rarr; <strong>1592</strong><br />(+18 for winning)
|l|☆Floop Noopulus
|player|p1|
|l|☆Gulptubus
|player|p2|
