|j|☆powerfull_rock
|j|☆Obito 2001
|t:|1758283264
|gametype|singles
|player|p1|powerfull_rock|blackbelt|1702
|player|p2|Obito 2001|blue-gen3two|1802
|gen|9
|tier|[Gen 9] OU
|rated|
|rule|HP Percentage Mod: HP is shown in percentages
|rule|Endless Battle Clause: Forcing endless battles is banned
|rule|Species Clause: Limit one of each Pokémon
|rule|OHKO Clause: OHKO moves are banned
|rule|Evasion Items Clause: Evasion items are banned
|rule|Evasion Moves Clause: Evasion moves are banned
|rule|Evasion Abilities Clause: Evasion abilities are banned
|rule|Sleep Moves Clause: Sleep-inducing moves are banned
|clearpoke
|poke|p1|Iron Crown|
|poke|p1|Enamorus, F|
|poke|p1|Ting-Lu|
|poke|p1|Sinistcha|
|poke|p1|Hatterene, F|
|poke|p1|Great Tusk|
|poke|p2|Kingambit, M|
|poke|p2|Landorus-Therian, M|
|poke|p2|Grimmsnarl, M|
|poke|p2|Empoleon, M|
|poke|p2|Weezing-Galar, F|
|poke|p2|Polteageist|
|teampreview
|inactive|Battle timer is ON: inactive players will automatically lose when time's up. (requested by Obito 2001)
|
|t:|1758283271
|teamsize|p1|6
|teamsize|p2|6
|start
|switch|p1a: Enamorus|Enamorus, F|100/100
|switch|p2a: Always Relevant|Landorus-Therian, M|100/100
|-ability|p2a: Always Relevant|Intimidate|boost
|-unboost|p1a: Enamorus|atk|1
|turn|1
|
|t:|1758283276
|switch|p2a: Kinguin|Empoleon, M|100/100
|-item|p2a: Kinguin|Air Balloon
|move|p1a: Enamorus|Substitute|p1a: Enamorus
|-start|p1a: Enamorus|Substitute
|-damage|p1a: Enamorus|75/100
|
|-heal|p1a: Enamorus|82/100|[from] item: Leftovers
|upkeep
|turn|2
|
|t:|1758283281
|move|p1a: Enamorus|Moonblast|p2a: Kinguin
|-resisted|p2a: Kinguin
|-damage|p2a: Kinguin|84/100
|-enditem|p2a: Kinguin|Air Balloon
|move|p2a: Kinguin|Surf|p1a: Enamorus
|-end|p1a: Enamorus|Substitute
|
|-heal|p1a: Enamorus|88/100|[from] item: Leftovers
|upkeep
|turn|3
|
|t:|1758283297
|switch|p1a: Hatterene|Hatterene, F|100/100
|move|p2a: Kinguin|Surf|p1a: Hatterene
|-damage|p1a: Hatterene|62/100
|
|-heal|p1a: Hatterene|68/100|[from] item: Leftovers
|upkeep
|turn|4
|
|t:|1758283303
|move|p2a: Kinguin|Flip Turn|p1a: Hatterene
|-damage|p1a: Hatterene|54/100
|
|t:|1758283306
|switch|p2a: Always Relevant|Landorus-Therian, M|100/100|[from] Flip Turn
|-ability|p2a: Always Relevant|Intimidate|boost
|-unboost|p1a: Hatterene|atk|1
|move|p1a: Hatterene|Nuzzle|p2a: Always Relevant
|-immune|p2a: Always Relevant
|
|-heal|p1a: Hatterene|60/100|[from] item: Leftovers
|upkeep
|turn|5
|
|t:|1758283323
|move|p2a: Always Relevant|U-turn|p1a: Hatterene
|-damage|p1a: Hatterene|26/100
|
|t:|1758283331
|switch|p2a: Aizen|Kingambit, M, shiny|100/100|[from] U-turn
|move|p1a: Hatterene|Pain Split|p2a: Aizen
|-sethp|p2a: Aizen|62/100|[from] move: Pain Split|[silent]
|-sethp|p1a: Hatterene|67/100|[from] move: Pain Split
|
|-heal|p1a: Hatterene|73/100|[from] item: Leftovers
|upkeep
|turn|6
|
|t:|1758283338
|switch|p1a: Great Tusk|Great Tusk|100/100
|move|p2a: Aizen|Iron Head|p1a: Great Tusk
|-damage|p1a: Great Tusk|72/100
|
|-heal|p1a: Great Tusk|78/100|[from] item: Leftovers
|upkeep
|turn|7
|
|t:|1758283358
|-end|p2a: Aizen|fallenundefined|[silent]
|switch|p2a: Always Relevant|Landorus-Therian, M|100/100
|-ability|p2a: Always Relevant|Intimidate|boost
|-unboost|p1a: Great Tusk|atk|1
|move|p1a: Great Tusk|Ice Spinner|p2a: Always Relevant
|-supereffective|p2a: Always Relevant
|-damage|p2a: Always Relevant|29/100
|
|-heal|p1a: Great Tusk|85/100|[from] item: Leftovers
|upkeep
|turn|8
|j| pelmanism
|
|t:|1758283371
|-end|p1a: Great Tusk|Protosynthesis|[silent]
|switch|p1a: Hatterene|Hatterene, F|73/100
|move|p2a: Always Relevant|U-turn|p1a: Hatterene
|-damage|p1a: Hatterene|38/100
|
|t:|1758283375
|switch|p2a: Aizen|Kingambit, M, shiny|62/100|[from] U-turn
|
|-heal|p1a: Hatterene|44/100|[from] item: Leftovers
|upkeep
|turn|9
|
|t:|1758283380
|switch|p1a: Great Tusk|Great Tusk|85/100
|move|p2a: Aizen|Iron Head|p1a: Great Tusk
|-damage|p1a: Great Tusk|57/100
|
|-heal|p1a: Great Tusk|64/100|[from] item: Leftovers
|upkeep
|turn|10
|
|t:|1758283385
|-end|p2a: Aizen|fallenundefined|[silent]
|switch|p2a: Always Relevant|Landorus-Therian, M|29/100
|-ability|p2a: Always Relevant|Intimidate|boost
|-unboost|p1a: Great Tusk|atk|1
|move|p1a: Great Tusk|Bulk Up|p1a: Great Tusk
|-boost|p1a: Great Tusk|atk|1
|-boost|p1a: Great Tusk|def|1
|
|-heal|p1a: Great Tusk|70/100|[from] item: Leftovers
|upkeep
|turn|11
|
|t:|1758283390
|move|p2a: Always Relevant|U-turn|p1a: Great Tusk
|-resisted|p1a: Great Tusk
|-damage|p1a: Great Tusk|62/100
|
|t:|1758283394
|switch|p2a: Screen Goblin|Grimmsnarl, M|100/100|[from] U-turn
|move|p1a: Great Tusk|Rapid Spin|p2a: Screen Goblin
|-damage|p2a: Screen Goblin|87/100
|-boost|p1a: Great Tusk|spe|1
|
|-heal|p1a: Great Tusk|68/100|[from] item: Leftovers
|upkeep
|turn|12
|j| wgw2333
|
|t:|1758283407
|move|p2a: Screen Goblin|Reflect|p2a: Screen Goblin
|-sidestart|p2: Obito 2001|Reflect
|move|p1a: Great Tusk|Headlong Rush|p2a: Screen Goblin
|-damage|p2a: Screen Goblin|65/100
|-unboost|p1a: Great Tusk|def|1
|-unboost|p1a: Great Tusk|spd|1
|
|-heal|p1a: Great Tusk|74/100|[from] item: Leftovers
|upkeep
|turn|13
|
|t:|1758283413
|-end|p1a: Great Tusk|Protosynthesis|[silent]
|switch|p1a: Ting-Lu|Ting-Lu|100/100
|-ability|p1a: Ting-Lu|Vessel of Ruin
|move|p2a: Screen Goblin|Spirit Break|p1a: Ting-Lu
|-supereffective|p1a: Ting-Lu
|-damage|p1a: Ting-Lu|67/100
|-unboost|p1a: Ting-Lu|spa|1
|
|-heal|p1a: Ting-Lu|74/100|[from] item: Leftovers
|upkeep
|turn|14
|
|t:|1758283419
|switch|p1a: Hatterene|Hatterene, F|44/100
|move|p2a: Screen Goblin|Spirit Break|p1a: Hatterene
|-damage|p1a: Hatterene|17/100
|-unboost|p1a: Hatterene|spa|1
|
|-heal|p1a: Hatterene|23/100|[from] item: Leftovers
|upkeep
|turn|15
|
|t:|1758283425
|move|p2a: Screen Goblin|Spirit Break|p1a: Hatterene
|-damage|p1a: Hatterene|0 fnt
|faint|p1a: Hatterene
|
|upkeep
|
|t:|1758283430
|switch|p1a: Ting-Lu|Ting-Lu|74/100
|-ability|p1a: Ting-Lu|Vessel of Ruin
|turn|16
|
|t:|1758283432
|move|p2a: Screen Goblin|Spirit Break|p1a: Ting-Lu
|-supereffective|p1a: Ting-Lu
|-damage|p1a: Ting-Lu|39/100
|-unboost|p1a: Ting-Lu|spa|1
|move|p1a: Ting-Lu|Stealth Rock|p2a: Screen Goblin
|-sidestart|p2: Obito 2001|move: Stealth Rock
|
|-heal|p1a: Ting-Lu|46/100|[from] item: Leftovers
|upkeep
|turn|17
|
|t:|1758283439
|switch|p1a: Sinistcha|Sinistcha|100/100
|move|p2a: Screen Goblin|Spirit Break|p1a: Sinistcha
|-damage|p1a: Sinistcha|79/100
|-unboost|p1a: Sinistcha|spa|1
|
|-heal|p1a: Sinistcha|85/100|[from] item: Leftovers
|upkeep
|turn|18
|
|t:|1758283448
|move|p2a: Screen Goblin|Parting Shot|p1a: Sinistcha
|-unboost|p1a: Sinistcha|atk|1
|-unboost|p1a: Sinistcha|spa|1
|
|t:|1758283449
|switch|p2a: Kinguin|Empoleon, M|84/100|[from] Parting Shot
|-damage|p2a: Kinguin|78/100|[from] Stealth Rock
|move|p1a: Sinistcha|Matcha Gotcha|p2a: Kinguin
|-damage|p2a: Kinguin|67/100
|-heal|p1a: Sinistcha|92/100|[from] drain|[of] p2a: Kinguin
|
|-heal|p1a: Sinistcha|98/100|[from] item: Leftovers
|upkeep
|turn|19
|
|t:|1758283457
|switch|p1a: Ting-Lu|Ting-Lu|46/100
|-ability|p1a: Ting-Lu|Vessel of Ruin
|move|p2a: Kinguin|Flip Turn|p1a: Ting-Lu
|-supereffective|p1a: Ting-Lu
|-damage|p1a: Ting-Lu|27/100
|
|t:|1758283460
|switch|p2a: Always Relevant|Landorus-Therian, M|29/100|[from] Flip Turn
|-damage|p2a: Always Relevant|17/100|[from] Stealth Rock
|-ability|p2a: Always Relevant|Intimidate|boost
|-unboost|p1a: Ting-Lu|atk|1
|
|-heal|p1a: Ting-Lu|33/100|[from] item: Leftovers
|-sideend|p2: Obito 2001|Reflect
|upkeep
|turn|20
|
|t:|1758283465
|move|p2a: Always Relevant|U-turn|p1a: Ting-Lu
|-supereffective|p1a: Ting-Lu
|-damage|p1a: Ting-Lu|0 fnt
|faint|p1a: Ting-Lu
|
|t:|1758283475
|switch|p2a: Fk hazard noobs|Weezing-Galar, F|100/100|[from] U-turn
|-ability|p2a: Fk hazard noobs|Neutralizing Gas
|
|upkeep
|
|t:|1758283478
|switch|p1a: Iron Crown|Iron Crown|100/100
|turn|21
|
|t:|1758283482
|-end|p2a: Fk hazard noobs|ability: Neutralizing Gas
|switch|p2a: Kinguin|Empoleon, M|67/100
|-enditem|p1a: Iron Crown|Booster Energy
|-activate|p1a: Iron Crown|ability: Quark Drive|[fromitem]
|-start|p1a: Iron Crown|quarkdrivespa
|-damage|p2a: Kinguin|61/100|[from] Stealth Rock
|move|p1a: Iron Crown|Agility|p1a: Iron Crown
|-boost|p1a: Iron Crown|spe|2
|
|upkeep
|turn|22
|
|t:|1758283492
|move|p1a: Iron Crown|Calm Mind|p1a: Iron Crown
|-boost|p1a: Iron Crown|spa|1
|-boost|p1a: Iron Crown|spd|1
|move|p2a: Kinguin|Surf|p1a: Iron Crown
|-damage|p1a: Iron Crown|77/100
|
|upkeep
|turn|23
|
|t:|1758283498
|move|p1a: Iron Crown|Calm Mind|p1a: Iron Crown
|-boost|p1a: Iron Crown|spa|1
|-boost|p1a: Iron Crown|spd|1
|move|p2a: Kinguin|Roost|p2a: Kinguin
|-heal|p2a: Kinguin|100/100
|-singleturn|p2a: Kinguin|move: Roost
|
|upkeep
|turn|24
|
|t:|1758283503
|move|p1a: Iron Crown|Calm Mind|p1a: Iron Crown
|-boost|p1a: Iron Crown|spa|1
|-boost|p1a: Iron Crown|spd|1
|move|p2a: Kinguin|Surf|p1a: Iron Crown
|-damage|p1a: Iron Crown|63/100
|
|upkeep
|turn|25
|
|t:|1758283507
|move|p1a: Iron Crown|Stored Power|p2a: Kinguin
|-resisted|p2a: Kinguin
|-damage|p2a: Kinguin|0 fnt
|faint|p2a: Kinguin
|
|upkeep
|
|t:|1758283529
|switch|p2a: Aizen|Kingambit, M, shiny|62/100
|-damage|p2a: Aizen|56/100|[from] Stealth Rock
|-activate|p2a: Aizen|ability: Supreme Overlord
|-start|p2a: Aizen|fallen1|[silent]
|turn|26
|
|t:|1758283532
|-terastallize|p1a: Iron Crown|Fighting
|move|p2a: Aizen|Sucker Punch|p1a: Iron Crown
|-resisted|p1a: Iron Crown
|-damage|p1a: Iron Crown|39/100
|move|p1a: Iron Crown|Focus Blast|p2a: Aizen|[miss]
|-miss|p1a: Iron Crown|p2a: Aizen
|
|upkeep
|turn|27
|
|t:|1758283551
|-end|p2a: Aizen|fallen1|[silent]
|switch|p2a: Always Relevant|Landorus-Therian, M|17/100
|-damage|p2a: Always Relevant|4/100|[from] Stealth Rock
|-ability|p2a: Always Relevant|Intimidate|boost
|-unboost|p1a: Iron Crown|atk|1
|move|p1a: Iron Crown|Focus Blast|p2a: Always Relevant
|-resisted|p2a: Always Relevant
|-damage|p2a: Always Relevant|0 fnt
|faint|p2a: Always Relevant
|
|upkeep
|j| RNG Savage
|
|t:|1758283559
|switch|p2a: Screen Goblin|Grimmsnarl, M|65/100
|-damage|p2a: Screen Goblin|53/100|[from] Stealth Rock
|turn|28
|
|t:|1758283561
|move|p2a: Screen Goblin|Light Screen|p2a: Screen Goblin
|-sidestart|p2: Obito 2001|move: Light Screen
|move|p1a: Iron Crown|Focus Blast|p2a: Screen Goblin
|-damage|p2a: Screen Goblin|0 fnt
|faint|p2a: Screen Goblin
|
|upkeep
|
|t:|1758283582
|switch|p2a: Aizen|Kingambit, M, shiny|56/100
|-damage|p2a: Aizen|50/100|[from] Stealth Rock
|-activate|p2a: Aizen|ability: Supreme Overlord
|-start|p2a: Aizen|fallen3|[silent]
|turn|29
|
|t:|1758283588
|move|p2a: Aizen|Sucker Punch|p1a: Iron Crown
|-resisted|p1a: Iron Crown
|-damage|p1a: Iron Crown|12/100
|move|p1a: Iron Crown|Focus Blast|p2a: Aizen
|-supereffective|p2a: Aizen
|-damage|p2a: Aizen|0 fnt
|faint|p2a: Aizen
|-end|p2a: Aizen|fallen3|[silent]
|
|upkeep
|
|t:|1758283594
|switch|p2a: Yuna|Polteageist|100/100
|-damage|p2a: Yuna|88/100|[from] Stealth Rock
|turn|30
|
|t:|1758283600
|move|p1a: Iron Crown|Stored Power|p2a: Yuna
|-damage|p2a: Yuna|0 fnt
|faint|p2a: Yuna
|
|upkeep
|
|t:|1758283602
|switch|p2a: Fk hazard noobs|Weezing-Galar, F|100/100
|-ability|p2a: Fk hazard noobs|Neutralizing Gas
|turn|31
|
|t:|1758283605
|move|p1a: Iron Crown|Stored Power|p2a: Fk hazard noobs
|-supereffective|p2a: Fk hazard noobs
|-damage|p2a: Fk hazard noobs|0 fnt
|faint|p2a: Fk hazard noobs
|-end|p2a: Fk hazard noobs|ability: Neutralizing Gas
|
|win|powerfull_rock
|raw|powerfull_rock's rating: 1702 &rarr; <strong>1728</strong><br />(+26 for winning)
|raw|Obito 2001's rating: 1802 &rarr; <strong>1776</strong><br />(-26 for losing)
|l|☆Obito 2001
|player|p2|
|l|☆powerfull_rock
|player|p1|
|l| pelmanism
