|j|☆Samarand
|j|☆diegoluquechaves
|t:|1758363120
|gametype|singles
|player|p1|Samarand|veteranf|1368
|player|p2|diegoluquechaves|2|1412
|gen|9
|tier|[Gen 9] OU
|rated|
|rule|HP Percentage Mod: HP is shown in percentages
|rule|Endless Battle Clause: Forcing endless battles is banned
|rule|Species Clause: Limit one of each Pokémon
|rule|OHKO Clause: OHKO moves are banned
|rule|Evasion Items Clause: Evasion items are banned
|rule|Evasion Moves Clause: Evasion moves are banned
|rule|Evasion Abilities Clause: Evasion abilities are banned
|rule|Sleep Moves Clause: Sleep-inducing moves are banned
|clearpoke
|poke|p1|Delphox, F|
|poke|p1|Diancie|
|poke|p1|Corviknight, F|
|poke|p1|Primarina, F|
|poke|p1|Regice|
|poke|p1|Ninetales-Alola, M|
|poke|p2|Typhlosion-Hisui, F|
|poke|p2|Corviknight, F|
|poke|p2|Glimmora, M|
|poke|p2|Great Tusk|
|poke|p2|Araquanid, F|
|poke|p2|Ogerpon, F|
|teampreview
|
|t:|1758363131
|teamsize|p1|6
|teamsize|p2|6
|start
|switch|p1a: Corviknight|Corviknight, F|100/100
|switch|p2a: Typhlosion|Typhlosion-Hisui, F|100/100
|-item|p1a: Corviknight|Covert Cloak|[from] ability: Frisk|[of] p2a: Typhlosion
|turn|1
|
|t:|1758363140
|switch|p1a: Ninetales|Ninetales-Alola, M|100/100
|-weather|Snowscape|[from] ability: Snow Warning|[of] p1a: Ninetales
|move|p2a: Typhlosion|Eruption|p1a: Ninetales
|-supereffective|p1a: Ninetales
|-damage|p1a: Ninetales|0 fnt
|faint|p1a: Ninetales
|
|-weather|Snowscape|[upkeep]
|upkeep
|
|t:|1758363144
|switch|p1a: Primarina|Primarina, F|100/100
|turn|2
|
|t:|1758363155
|switch|p2a: Ogerpon|Ogerpon, F|100/100
|move|p1a: Primarina|Surf|p2a: Ogerpon
|-resisted|p2a: Ogerpon
|-damage|p2a: Ogerpon|71/100
|
|-weather|Snowscape|[upkeep]
|upkeep
|turn|3
|
|t:|1758363164
|switch|p1a: Corviknight|Corviknight, F|100/100
|move|p2a: Ogerpon|Knock Off|p1a: Corviknight
|-damage|p1a: Corviknight|73/100
|-enditem|p1a: Corviknight|Covert Cloak|[from] move: Knock Off|[of] p2a: Ogerpon
|
|-weather|Snowscape|[upkeep]
|upkeep
|turn|4
|
|t:|1758363173
|move|p2a: Ogerpon|U-turn|p1a: Corviknight
|-resisted|p1a: Corviknight
|-damage|p1a: Corviknight|69/100
|
|t:|1758363180
|switch|p2a: Glimmora|Glimmora, M|100/100|[from] U-turn
|move|p1a: Corviknight|Bulk Up|p1a: Corviknight
|-boost|p1a: Corviknight|atk|1
|-boost|p1a: Corviknight|def|1
|
|-weather|Snowscape|[upkeep]
|upkeep
|turn|5
|
|t:|1758363190
|move|p2a: Glimmora|Meteor Beam||[still]
|-prepare|p2a: Glimmora|Meteor Beam
|-boost|p2a: Glimmora|spa|1
|-enditem|p2a: Glimmora|Power Herb
|-anim|p2a: Glimmora|Meteor Beam|p1a: Corviknight
|-damage|p1a: Corviknight|4/100
|move|p1a: Corviknight|Roost|p1a: Corviknight
|-heal|p1a: Corviknight|54/100
|-singleturn|p1a: Corviknight|move: Roost
|
|-weather|none
|upkeep
|turn|6
|
|t:|1758363204
|move|p2a: Glimmora|Meteor Beam||[still]
|-prepare|p2a: Glimmora|Meteor Beam
|-boost|p2a: Glimmora|spa|1
|move|p1a: Corviknight|Roost|p1a: Corviknight
|-heal|p1a: Corviknight|100/100
|-singleturn|p1a: Corviknight|move: Roost
|
|upkeep
|turn|7
|
|t:|1758363213
|switch|p1a: Regice|Regice|100/100
|move|p2a: Glimmora|Meteor Beam|p1a: Regice|[from] lockedmove
|-supereffective|p1a: Regice
|-damage|p1a: Regice|0 fnt
|faint|p1a: Regice
|
|upkeep
|
|t:|1758363220
|switch|p1a: Delphox|Delphox, F|100/100
|turn|8
|
|t:|1758363245
|-terastallize|p2a: Glimmora|Grass
|move|p1a: Delphox|Psychic|p2a: Glimmora
|-damage|p2a: Glimmora|43/100
|move|p2a: Glimmora|Earth Power|p1a: Delphox
|-supereffective|p1a: Delphox
|-damage|p1a: Delphox|0 fnt
|faint|p1a: Delphox
|
|upkeep
|
|t:|1758363254
|switch|p1a: Diancie|Diancie|100/100
|turn|9
|
|t:|1758363261
|move|p2a: Glimmora|Energy Ball|p1a: Diancie
|-supereffective|p1a: Diancie
|-damage|p1a: Diancie|0 fnt
|faint|p1a: Diancie
|
|upkeep
|
|t:|1758363264
|switch|p1a: Corviknight|Corviknight, F|100/100
|turn|10
|
|t:|1758363278
|move|p2a: Glimmora|Meteor Beam||[still]
|-prepare|p2a: Glimmora|Meteor Beam
|-boost|p2a: Glimmora|spa|1
|move|p1a: Corviknight|Power Trip|p2a: Glimmora
|-damage|p2a: Glimmora|37/100
|-activate|p2a: Glimmora|ability: Toxic Debris
|-sidestart|p1: Samarand|move: Toxic Spikes
|
|upkeep
|turn|11
|-message|Samarand forfeited.
|
|win|diegoluquechaves
|raw|Samarand's rating: 1368 &rarr; <strong>1351</strong><br />(-17 for losing)
|raw|diegoluquechaves's rating: 1412 &rarr; <strong>1429</strong><br />(+17 for winning)
|l|☆Samarand
|player|p1|
|l|☆diegoluquechaves
|player|p2|
