|j|☆kamijogoated
|j|☆bill1218
|t:|1758260763
|gametype|singles
|player|p1|kamijogoated|hapu|1430
|player|p2|bill1218|265|1485
|gen|9
|tier|[Gen 9] OU
|rated|
|rule|HP Percentage Mod: HP is shown in percentages
|rule|Endless Battle Clause: Forcing endless battles is banned
|rule|Species Clause: Limit one of each Pokémon
|rule|OHKO Clause: OHKO moves are banned
|rule|Evasion Items Clause: Evasion items are banned
|rule|Evasion Moves Clause: Evasion moves are banned
|rule|Evasion Abilities Clause: Evasion abilities are banned
|rule|Sleep Moves Clause: Sleep-inducing moves are banned
|clearpoke
|poke|p1|Ceruledge, M|
|poke|p1|Raging Bolt|
|poke|p1|Latias, F|
|poke|p1|Kyurem|
|poke|p1|Ninetales-Alola, F|
|poke|p1|Iron Moth|
|poke|p2|Tinkaton, F|
|poke|p2|Skeledirge, F|
|poke|p2|Serperior, M|
|poke|p2|Indeedee, M|
|poke|p2|Araquanid, M|
|poke|p2|Great Tusk|
|teampreview
|inactive|Battle timer is ON: inactive players will automatically lose when time's up. (requested by bill1218)
|inactive|kamijogoated has 120 seconds left.
|l|☆bill1218
|inactive|bill1218 disconnected and has a minute to reconnect!
|player|p2|
|inactive|kamijogoated has 90 seconds left.
|
|t:|1758260848
|teamsize|p1|6
|teamsize|p2|6
|start
|switch|p1a: MoveMerchant|Iron Moth|100/100
|switch|p2a: Serperior|Serperior, M|100/100
|-enditem|p1a: MoveMerchant|Booster Energy
|-activate|p1a: MoveMerchant|ability: Quark Drive|[fromitem]
|-start|p1a: MoveMerchant|quarkdrivespe
|turn|1
|j|☆bill1218
|inactive|bill1218 reconnected and has 145 seconds left.
|player|p2|bill1218|265|
|
|t:|1758260860
|switch|p2a: Tinkaton|Tinkaton, F|100/100
|move|p1a: MoveMerchant|Sludge Wave|p2a: Tinkaton
|-immune|p2a: Tinkaton
|
|upkeep
|turn|2
|
|t:|1758260864
|switch|p2a: Araquanid|Araquanid, M|100/100
|move|p1a: MoveMerchant|Fiery Dance|p2a: Araquanid
|-damage|p2a: Araquanid|83/100
|
|upkeep
|turn|3
|
|t:|1758260874
|-terastallize|p1a: MoveMerchant|Grass
|move|p1a: MoveMerchant|Energy Ball|p2a: Araquanid
|-damage|p2a: Araquanid|49/100
|-unboost|p2a: Araquanid|spd|1
|move|p2a: Araquanid|Liquidation|p1a: MoveMerchant
|-resisted|p1a: MoveMerchant
|-damage|p1a: MoveMerchant|41/100
|
|upkeep
|turn|4
|
|t:|1758260881
|switch|p2a: Tinkaton|Tinkaton, F|100/100
|move|p1a: MoveMerchant|Sludge Wave|p2a: Tinkaton
|-immune|p2a: Tinkaton
|
|upkeep
|turn|5
|
|t:|1758260883
|switch|p2a: Araquanid|Araquanid, M|49/100
|move|p1a: MoveMerchant|Fiery Dance|p2a: Araquanid
|-damage|p2a: Araquanid|33/100
|
|upkeep
|turn|6
|
|t:|1758260887
|switch|p2a: Tinkaton|Tinkaton, F|100/100
|move|p1a: MoveMerchant|Sludge Wave|p2a: Tinkaton
|-immune|p2a: Tinkaton
|
|upkeep
|turn|7
|
|t:|1758260889
|switch|p2a: Araquanid|Araquanid, M|33/100
|move|p1a: MoveMerchant|Fiery Dance|p2a: Araquanid
|-damage|p2a: Araquanid|17/100
|
|upkeep
|turn|8
|-enditem|p2a: Araquanid|Custap Berry|[eat]
|-activate|p2a: Araquanid|item: Custap Berry|[consumed]
|
|t:|1758260909
|move|p2a: Araquanid|Lunge|p1a: MoveMerchant
|-supereffective|p1a: MoveMerchant
|-damage|p1a: MoveMerchant|0 fnt
|faint|p1a: MoveMerchant
|-end|p1a: MoveMerchant|Quark Drive|[silent]
|
|upkeep
|
|t:|1758260915
|switch|p1a: bury the light|Ceruledge, M|100/100
|turn|9
|
|t:|1758260930
|move|p1a: bury the light|Shadow Sneak|p2a: Araquanid
|-damage|p2a: Araquanid|0 fnt
|faint|p2a: Araquanid
|
|upkeep
|
|t:|1758260934
|switch|p2a: Indeedee|Indeedee, M, shiny|100/100
|-fieldstart|move: Psychic Terrain|[from] ability: Psychic Surge|[of] p2a: Indeedee
|turn|10
|
|t:|1758260942
|move|p2a: Indeedee|Expanding Force|p1a: bury the light
|-enditem|p1a: bury the light|Focus Sash
|-damage|p1a: bury the light|1/100
|move|p1a: bury the light|Swords Dance|p1a: bury the light
|-boost|p1a: bury the light|atk|2
|
|upkeep
|turn|11
|
|t:|1758260945
|move|p2a: Indeedee|Expanding Force|p1a: bury the light
|-damage|p1a: bury the light|0 fnt
|faint|p1a: bury the light
|
|upkeep
|
|t:|1758260949
|switch|p1a: snow bunny|Ninetales-Alola, F|100/100
|-weather|Snowscape|[from] ability: Snow Warning|[of] p1a: snow bunny
|turn|12
|
|t:|1758260954
|move|p1a: snow bunny|Aurora Veil|p1a: snow bunny
|-sidestart|p1: kamijogoated|move: Aurora Veil
|move|p2a: Indeedee|Expanding Force|p1a: snow bunny
|-damage|p1a: snow bunny|34/100
|
|-weather|Snowscape|[upkeep]
|upkeep
|turn|13
|
|t:|1758260979
|move|p1a: snow bunny|Freeze-Dry|p2a: Indeedee
|-damage|p2a: Indeedee|64/100
|move|p2a: Indeedee|Expanding Force|p1a: snow bunny
|-damage|p1a: snow bunny|0 fnt
|faint|p1a: snow bunny
|
|-weather|Snowscape|[upkeep]
|upkeep
|
|t:|1758260987
|switch|p1a: rng my ahh|Kyurem|100/100
|-ability|p1a: rng my ahh|Pressure
|turn|14
|
|t:|1758261000
|switch|p2a: Tinkaton|Tinkaton, F|100/100
|move|p1a: rng my ahh|Scale Shot|p2a: Tinkaton
|-immune|p2a: Tinkaton
|
|-weather|Snowscape|[upkeep]
|-fieldend|move: Psychic Terrain
|upkeep
|turn|15
|
|t:|1758261006
|switch|p1a: 50/50|Raging Bolt|100/100
|-enditem|p1a: 50/50|Booster Energy
|-activate|p1a: 50/50|ability: Protosynthesis|[fromitem]
|-start|p1a: 50/50|protosynthesisspa
|move|p2a: Tinkaton|Thunder Wave|p1a: 50/50
|-immune|p1a: 50/50
|
|-weather|Snowscape|[upkeep]
|upkeep
|turn|16
|
|t:|1758261012
|switch|p2a: Great Tusk|Great Tusk|100/100
|move|p1a: 50/50|Calm Mind|p1a: 50/50
|-boost|p1a: 50/50|spa|1
|-boost|p1a: 50/50|spd|1
|
|-weather|none
|upkeep
|turn|17
|
|t:|1758261024
|-end|p2a: Great Tusk|Protosynthesis|[silent]
|switch|p2a: Tinkaton|Tinkaton, F|100/100
|move|p1a: 50/50|Dragon Pulse|p2a: Tinkaton
|-immune|p2a: Tinkaton
|
|upkeep
|turn|18
|
|t:|1758261034
|move|p2a: Tinkaton|Encore|p1a: 50/50
|-start|p1a: 50/50|Encore
|move|p1a: 50/50|Dragon Pulse|p2a: Tinkaton
|-immune|p2a: Tinkaton
|
|upkeep
|turn|19
|
|t:|1758261042
|-end|p1a: 50/50|Protosynthesis|[silent]
|switch|p1a: rng my ahh|Kyurem|100/100
|-ability|p1a: rng my ahh|Pressure
|move|p2a: Tinkaton|Thunder Wave|p1a: rng my ahh
|-status|p1a: rng my ahh|par
|
|-sideend|p1: kamijogoated|move: Aurora Veil
|upkeep
|turn|20
|c|☆kamijogoated|gg
|-message|kamijogoated forfeited.
|
|win|bill1218
|raw|kamijogoated's rating: 1430 &rarr; <strong>1413</strong><br />(-17 for losing)
|raw|bill1218's rating: 1485 &rarr; <strong>1502</strong><br />(+17 for winning)
|l|☆kamijogoated
|player|p1|
|j|☆kamijogoated
|player|p1|kamijogoated|hapu|
|l|☆kamijogoated
|player|p1|
|l|☆bill1218
|player|p2|
