|j|☆Hoennseptile
|j|☆sojabhai3am
|inactive|Battle timer is ON: inactive players will automatically lose when time's up.
|t:|1758358467
|gametype|singles
|player|p1|Hoennseptile|#uplximelmetal|
|player|p2|sojabhai3am|n-masters3|
|gen|9
|tier|[Gen 9] OU
|rated|Tournament battle
|rule|HP Percentage Mod: HP is shown in percentages
|rule|Endless Battle Clause: Forcing endless battles is banned
|rule|Species Clause: Limit one of each Pokémon
|rule|OHKO Clause: OHKO moves are banned
|rule|Evasion Items Clause: Evasion items are banned
|rule|Evasion Moves Clause: Evasion moves are banned
|rule|Evasion Abilities Clause: Evasion abilities are banned
|rule|Sleep Moves Clause: Sleep-inducing moves are banned
|clearpoke
|poke|p1|Dragapult, F|
|poke|p1|Kyurem|
|poke|p1|Kingambit, M|
|poke|p1|Cinderace, F|
|poke|p1|Landorus-Therian, M|
|poke|p1|Glimmora, F|
|poke|p2|Kyurem|
|poke|p2|Gholdengo|
|poke|p2|Iron Valiant|
|poke|p2|Ting-Lu|
|poke|p2|Slowking-Galar, F|
|poke|p2|Corviknight, M|
|teampreview
|j|*Lady Monita ☀
|c|☆Hoennseptile|Hg
|c|☆Hoennseptile|Hf
|inactive|Hoennseptile has 120 seconds left.
|inactive|sojabhai3am has 120 seconds left.
|inactive|Hoennseptile has 90 seconds left.
|inactive|sojabhai3am has 90 seconds left.
|inactive|sojabhai3am has 60 seconds left.
|c|☆sojabhai3am|hf
|
|t:|1758358576
|teamsize|p1|6
|teamsize|p2|6
|start
|switch|p1a: Cinderace|Cinderace, F|100/100
|switch|p2a: Gholdengo|Gholdengo|100/100
|-item|p2a: Gholdengo|Air Balloon
|turn|1
|
|t:|1758358589
|switch|p2a: Ting-Lu|Ting-Lu|100/100
|-ability|p2a: Ting-Lu|Vessel of Ruin
|move|p1a: Cinderace|U-turn|p2a: Ting-Lu
|-start|p1a: Cinderace|typechange|Bug|[from] ability: Libero
|-supereffective|p2a: Ting-Lu
|-damage|p2a: Ting-Lu|65/100
|
|t:|1758358599
|switch|p1a: Kyurem|Kyurem|100/100|[from] U-turn
|-ability|p1a: Kyurem|Pressure
|
|-heal|p2a: Ting-Lu|72/100|[from] item: Leftovers
|upkeep
|turn|2
|l|☆sojabhai3am
|inactive|sojabhai3am disconnected and has a minute to reconnect!
|player|p2|
|inactive|sojabhai3am has 30 seconds to reconnect!
|inactive|sojabhai3am has 20 seconds to reconnect!
|inactive|sojabhai3am has 15 seconds to reconnect!
|j|☆sojabhai3am
|inactive|sojabhai3am reconnected and has 80 seconds left.
|player|p2|sojabhai3am|n-masters3|
|
|t:|1758358656
|switch|p2a: Slowking|Slowking-Galar, F|100/100
|move|p1a: Kyurem|Freeze-Dry|p2a: Slowking
|-damage|p2a: Slowking|81/100
|
|upkeep
|turn|3
|
|t:|1758358661
|move|p1a: Kyurem|Substitute|p1a: Kyurem
|-start|p1a: Kyurem|Substitute
|-damage|p1a: Kyurem|76/100
|-prepare|p2a: Slowking|Chilly Reception|[premajor]
|move|p2a: Slowking|Chilly Reception|p2a: Slowking
|-weather|Snowscape
|
|t:|1758358663
|switch|p2a: Iron Valiant|Iron Valiant|100/100|[from] Chilly Reception
|-enditem|p2a: Iron Valiant|Booster Energy
|-activate|p2a: Iron Valiant|ability: Quark Drive|[fromitem]
|-start|p2a: Iron Valiant|quarkdrivespe
|
|-weather|Snowscape|[upkeep]
|-heal|p1a: Kyurem|82/100|[from] item: Leftovers
|upkeep
|turn|4
|
|t:|1758358667
|move|p1a: Kyurem|Protect|p1a: Kyurem
|-singleturn|p1a: Kyurem|Protect
|move|p2a: Iron Valiant|Encore|p1a: Kyurem
|-activate|p1a: Kyurem|move: Protect
|
|-weather|Snowscape|[upkeep]
|-heal|p1a: Kyurem|88/100|[from] item: Leftovers
|upkeep
|turn|5
|inactive|sojabhai3am has 90 seconds left.
|
|t:|1758358709
|switch|p1a: Glimmora|Glimmora, F|100/100
|move|p2a: Iron Valiant|Moonblast|p1a: Glimmora
|-resisted|p1a: Glimmora
|-damage|p1a: Glimmora|75/100
|-enditem|p1a: Glimmora|Red Card|[of] p2a: Iron Valiant
|-end|p2a: Iron Valiant|Quark Drive|[silent]
|drag|p2a: Corviknight|Corviknight, M|100/100
|-ability|p2a: Corviknight|Pressure
|
|-weather|Snowscape|[upkeep]
|upkeep
|turn|6
|
|t:|1758358717
|switch|p2a: Gholdengo|Gholdengo|100/100
|-item|p2a: Gholdengo|Air Balloon
|move|p1a: Glimmora|Spikes|p2a: Gholdengo
|-sidestart|p2: sojabhai3am|Spikes
|
|-weather|Snowscape|[upkeep]
|upkeep
|turn|7
|inactive|sojabhai3am has 60 seconds left.
|
|t:|1758358763
|switch|p1a: Cinderace|Cinderace, F|100/100
|move|p2a: Gholdengo|Make It Rain|p1a: Cinderace
|-resisted|p1a: Cinderace
|-damage|p1a: Cinderace|66/100
|-unboost|p2a: Gholdengo|spa|1
|
|-weather|none
|upkeep
|turn|8
|
|t:|1758358771
|move|p1a: Cinderace|Pyro Ball|p2a: Gholdengo
|-supereffective|p2a: Gholdengo
|-damage|p2a: Gholdengo|24/100
|-enditem|p2a: Gholdengo|Air Balloon
|move|p2a: Gholdengo|Thunder Wave|p1a: Cinderace|[miss]
|-miss|p2a: Gholdengo|p1a: Cinderace
|
|upkeep
|turn|9
|inactive|sojabhai3am has 60 seconds left.
|
|t:|1758358778
|switch|p2a: Ting-Lu|Ting-Lu|72/100
|-damage|p2a: Ting-Lu|59/100|[from] Spikes
|-ability|p2a: Ting-Lu|Vessel of Ruin
|move|p1a: Cinderace|Pyro Ball|p2a: Ting-Lu
|-damage|p2a: Ting-Lu|28/100
|
|-heal|p2a: Ting-Lu|35/100|[from] item: Leftovers
|upkeep
|turn|10
|inactive|sojabhai3am has 60 seconds left.
|
|t:|1758358796
|move|p1a: Cinderace|U-turn|p2a: Ting-Lu
|-start|p1a: Cinderace|typechange|Bug|[from] ability: Libero
|-supereffective|p2a: Ting-Lu
|-damage|p2a: Ting-Lu|0 fnt
|faint|p2a: Ting-Lu
|
|t:|1758358803
|switch|p1a: Dragapult|Dragapult, F|100/100|[from] U-turn
|
|upkeep
|
|t:|1758358807
|switch|p2a: Iron Valiant|Iron Valiant|100/100
|-damage|p2a: Iron Valiant|88/100|[from] Spikes
|turn|11
|
|t:|1758358813
|move|p1a: Dragapult|U-turn|p2a: Iron Valiant
|-resisted|p2a: Iron Valiant
|-damage|p2a: Iron Valiant|83/100
|
|t:|1758358816
|switch|p1a: Cinderace|Cinderace, F|66/100|[from] U-turn
|move|p2a: Iron Valiant|Knock Off|p1a: Cinderace
|-damage|p1a: Cinderace|23/100
|-enditem|p1a: Cinderace|Heavy-Duty Boots|[from] move: Knock Off|[of] p2a: Iron Valiant
|
|upkeep
|turn|12
|inactive|sojabhai3am has 60 seconds left.
|
|t:|1758358854
|-end|p2a: Iron Valiant|Quark Drive|[silent]
|switch|p2a: Gholdengo|Gholdengo|24/100
|-damage|p2a: Gholdengo|11/100|[from] Spikes
|move|p1a: Cinderace|Gunk Shot|p2a: Gholdengo
|-start|p1a: Cinderace|typechange|Poison|[from] ability: Libero
|-immune|p2a: Gholdengo
|
|upkeep
|turn|13
|
|t:|1758358861
|move|p1a: Cinderace|Pyro Ball|p2a: Gholdengo
|-supereffective|p2a: Gholdengo
|-damage|p2a: Gholdengo|0 fnt
|faint|p2a: Gholdengo
|
|upkeep
|inactive|sojabhai3am has 60 seconds left.
|inactive|sojabhai3am has 30 seconds left.
|
|t:|1758358908
|switch|p2a: Slowking|Slowking-Galar, F|100/100
|turn|14
|
|t:|1758358913
|move|p1a: Cinderace|U-turn|p2a: Slowking
|-damage|p2a: Slowking|77/100
|
|t:|1758358918
|switch|p1a: Dragapult|Dragapult, F|100/100|[from] U-turn
|move|p2a: Slowking|Thunder Wave|p1a: Dragapult
|-status|p1a: Dragapult|par
|
|upkeep
|turn|15
|
|t:|1758358928
|cant|p1a: Dragapult|par
|move|p2a: Slowking|Future Sight|p1a: Dragapult
|-start|p2a: Slowking|move: Future Sight
|
|upkeep
|turn|16
|
|t:|1758358930
|switch|p2a: Iron Valiant|Iron Valiant|83/100
|-damage|p2a: Iron Valiant|71/100|[from] Spikes
|move|p1a: Dragapult|Shadow Ball|p2a: Iron Valiant
|-damage|p2a: Iron Valiant|0 fnt
|faint|p2a: Iron Valiant
|-end|p2a: Iron Valiant|Quark Drive|[silent]
|
|upkeep
|
|t:|1758358934
|switch|p2a: Slowking|Slowking-Galar, F|100/100
|turn|17
|
|t:|1758358937
|-terastallize|p2a: Slowking|Water
|move|p1a: Dragapult|Shadow Ball|p2a: Slowking
|-damage|p2a: Slowking|68/100
|-prepare|p2a: Slowking|Chilly Reception|[premajor]
|move|p2a: Slowking|Chilly Reception|p2a: Slowking
|-weather|Snowscape
|
|t:|1758358951
|switch|p2a: Kyurem|Kyurem|100/100|[from] Chilly Reception
|-damage|p2a: Kyurem|88/100|[from] Spikes
|-ability|p2a: Kyurem|Pressure
|
|-weather|Snowscape|[upkeep]
|-end|p1a: Dragapult|move: Future Sight
|-damage|p1a: Dragapult|37/100 par
|upkeep
|turn|18
|
|t:|1758358954
|move|p2a: Kyurem|Blizzard|p1a: Dragapult
|-supereffective|p1a: Dragapult
|-damage|p1a: Dragapult|0 fnt
|faint|p1a: Dragapult
|
|-weather|Snowscape|[upkeep]
|upkeep
|j| Albrtix
|
|t:|1758358960
|switch|p1a: Kingambit|Kingambit, M|100/100
|-activate|p1a: Kingambit|ability: Supreme Overlord
|-start|p1a: Kingambit|fallen1|[silent]
|turn|19
|c|☆sojabhai3am|Gg wish the wave hit on cinder lmaoo
|c|☆sojabhai3am|Gl with the tour
|
|t:|1758358975
|move|p2a: Kyurem|Blizzard|p1a: Kingambit
|-resisted|p1a: Kingambit
|-damage|p1a: Kingambit|48/100
|move|p1a: Kingambit|Low Kick|p2a: Kyurem
|-supereffective|p2a: Kyurem
|-damage|p2a: Kyurem|22/100
|
|-weather|Snowscape|[upkeep]
|upkeep
|turn|20
|
|t:|1758358983
|switch|p2a: Corviknight|Corviknight, M|100/100
|-ability|p2a: Corviknight|Pressure
|move|p1a: Kingambit|Sucker Punch||[still]
|-fail|p1a: Kingambit
|
|-weather|Snowscape|[upkeep]
|upkeep
|turn|21
|inactive|sojabhai3am has 90 seconds left.
|c|☆Hoennseptile|That twave miss was really bad for you
|
|t:|1758358997
|-end|p1a: Kingambit|fallen1|[silent]
|switch|p1a: Glimmora|Glimmora, F|75/100
|move|p2a: Corviknight|Defog|p1a: Glimmora
|-unboost|p1a: Glimmora|evasion|1
|-sideend|p2: sojabhai3am|Spikes|[from] move: Defog|[of] p2a: Corviknight
|
|-weather|none
|upkeep
|turn|22
|
|t:|1758359005
|switch|p2a: Slowking|Slowking-Galar, F, tera:Water|100/100
|move|p1a: Glimmora|Spikes|p2a: Slowking
|-sidestart|p2: sojabhai3am|Spikes
|
|upkeep
|turn|23
|
|t:|1758359009
|move|p1a: Glimmora|Mortal Spin|p2a: Slowking
|-damage|p2a: Slowking|94/100
|-status|p2a: Slowking|psn
|move|p2a: Slowking|Future Sight|p1a: Glimmora
|-start|p2a: Slowking|move: Future Sight
|
|-damage|p2a: Slowking|81/100 psn|[from] psn
|upkeep
|turn|24
|
|t:|1758359015
|switch|p1a: Cinderace|Cinderace, F|23/100
|-prepare|p2a: Slowking|Chilly Reception|[premajor]
|move|p2a: Slowking|Chilly Reception|p2a: Slowking
|-weather|Snowscape
|inactive|sojabhai3am has 120 seconds left.
|
|t:|1758359046
|switch|p2a: Kyurem|Kyurem|22/100|[from] Chilly Reception
|-damage|p2a: Kyurem|9/100|[from] Spikes
|-ability|p2a: Kyurem|Pressure
|
|-weather|Snowscape|[upkeep]
|upkeep
|turn|25
|-message|sojabhai3am forfeited.
|
|win|Hoennseptile
|n|☆Hoennseptile|hoennseptile
|n|*Lady Monita ☀|ladymonita
|n|☆sojabhai3am|sojabhai3am
|n| Albrtix|albrtix
|l|*Lady Monita ☀
|l|☆sojabhai3am
|player|p2|
|c|☆Hoennseptile|Sorry gg
|l|☆Hoennseptile
|player|p1|
