|j|☆pokemarkon
|j|☆Demonfromthemist
|t:|1758282197
|gametype|singles
|player|p1|pokemarkon|102|1455
|player|p2|Demonfromthemist|2|1472
|gen|9
|tier|[Gen 9] OU
|rated|
|rule|HP Percentage Mod: HP is shown in percentages
|rule|Endless Battle Clause: Forcing endless battles is banned
|rule|Species Clause: Limit one of each Pokémon
|rule|OHKO Clause: OHKO moves are banned
|rule|Evasion Items Clause: Evasion items are banned
|rule|Evasion Moves Clause: Evasion moves are banned
|rule|Evasion Abilities Clause: Evasion abilities are banned
|rule|Sleep Moves Clause: Sleep-inducing moves are banned
|clearpoke
|poke|p1|Scizor, M|
|poke|p1|Raging Bolt|
|poke|p1|Landorus-Therian, M|
|poke|p1|Samurott-Hisui, F|
|poke|p1|Gholdengo|
|poke|p1|Great Tusk|
|poke|p2|Gholdengo|
|poke|p2|Iron Treads|
|poke|p2|Moltres|
|poke|p2|Samurott-Hisui, M|
|poke|p2|Sinistcha|
|poke|p2|Ting-Lu|
|teampreview
|inactive|Battle timer is ON: inactive players will automatically lose when time's up. (requested by pokemarkon)
|
|t:|1758282207
|teamsize|p1|6
|teamsize|p2|6
|start
|switch|p1a: Landorus|Landorus-Therian, M|100/100
|switch|p2a: Samurott|Samurott-Hisui, M|100/100
|-ability|p1a: Landorus|Intimidate|boost
|-unboost|p2a: Samurott|atk|1
|turn|1
|
|t:|1758282217
|move|p2a: Samurott|Razor Shell|p1a: Landorus
|-supereffective|p1a: Landorus
|-damage|p1a: Landorus|20/100
|-damage|p2a: Samurott|84/100|[from] item: Rocky Helmet|[of] p1a: Landorus
|move|p1a: Landorus|Stealth Rock|p2a: Samurott
|-sidestart|p2: Demonfromthemist|move: Stealth Rock
|
|upkeep
|turn|2
|
|t:|1758282231
|switch|p1a: Samurott|Samurott-Hisui, F|100/100
|move|p2a: Samurott|Razor Shell|p1a: Samurott
|-resisted|p1a: Samurott
|-damage|p1a: Samurott|83/100
|-unboost|p1a: Samurott|def|1
|
|upkeep
|turn|3
|
|t:|1758282240
|move|p2a: Samurott|Razor Shell|p1a: Samurott
|-resisted|p1a: Samurott
|-damage|p1a: Samurott|56/100
|move|p1a: Samurott|Ceaseless Edge|p2a: Samurott
|-resisted|p2a: Samurott
|-damage|p2a: Samurott|57/100
|-sidestart|p2: Demonfromthemist|Spikes
|
|upkeep
|turn|4
|
|t:|1758282269
|switch|p1a: Raging Bolt|Raging Bolt|100/100
|move|p2a: Samurott|Razor Shell|p1a: Raging Bolt|[miss]
|-miss|p2a: Samurott|p1a: Raging Bolt
|
|upkeep
|turn|5
|
|t:|1758282277
|switch|p2a: Iron Treads|Iron Treads|100/100
|-damage|p2a: Iron Treads|98/100|[from] Stealth Rock
|-damage|p2a: Iron Treads|85/100|[from] Spikes
|move|p1a: Raging Bolt|Dragon Pulse|p2a: Iron Treads
|-resisted|p2a: Iron Treads
|-damage|p2a: Iron Treads|56/100
|
|upkeep
|turn|6
|
|t:|1758282286
|-end|p1a: Raging Bolt|Protosynthesis|[silent]
|switch|p1a: Gholdengo|Gholdengo|100/100
|-item|p1a: Gholdengo|Air Balloon
|move|p2a: Iron Treads|Rapid Spin|p1a: Gholdengo
|-immune|p1a: Gholdengo
|
|upkeep
|turn|7
|
|t:|1758282297
|switch|p1a: Landorus|Landorus-Therian, M|20/100
|-ability|p1a: Landorus|Intimidate|boost
|-unboost|p2a: Iron Treads|atk|1
|move|p2a: Iron Treads|Ice Spinner|p1a: Landorus
|-supereffective|p1a: Landorus
|-damage|p1a: Landorus|0 fnt
|-damage|p2a: Iron Treads|40/100|[from] item: Rocky Helmet|[of] p1a: Landorus
|faint|p1a: Landorus
|
|upkeep
|
|t:|1758282312
|switch|p1a: Gholdengo|Gholdengo|100/100
|-item|p1a: Gholdengo|Air Balloon
|turn|8
|
|t:|1758282318
|move|p1a: Gholdengo|Shadow Ball|p2a: Iron Treads
|-damage|p2a: Iron Treads|5/100
|move|p2a: Iron Treads|Ice Spinner|p1a: Gholdengo
|-resisted|p1a: Gholdengo
|-damage|p1a: Gholdengo|94/100
|-enditem|p1a: Gholdengo|Air Balloon
|
|upkeep
|turn|9
|
|t:|1758282325
|move|p1a: Gholdengo|Shadow Ball|p2a: Iron Treads
|-damage|p2a: Iron Treads|0 fnt
|faint|p2a: Iron Treads
|-end|p2a: Iron Treads|Quark Drive|[silent]
|
|upkeep
|
|t:|1758282331
|switch|p2a: Samurott|Samurott-Hisui, M|57/100
|-damage|p2a: Samurott|44/100|[from] Stealth Rock
|-damage|p2a: Samurott|32/100|[from] Spikes
|turn|10
|
|t:|1758282340
|switch|p1a: Samurott|Samurott-Hisui, F|56/100
|move|p2a: Samurott|Ceaseless Edge|p1a: Samurott
|-resisted|p1a: Samurott
|-damage|p1a: Samurott|32/100
|-sidestart|p1: pokemarkon|Spikes
|
|upkeep
|turn|11
|
|t:|1758282347
|move|p2a: Samurott|Ceaseless Edge|p1a: Samurott
|-resisted|p1a: Samurott
|-damage|p1a: Samurott|10/100
|-sidestart|p1: pokemarkon|Spikes
|move|p1a: Samurott|Ceaseless Edge|p2a: Samurott
|-resisted|p2a: Samurott
|-damage|p2a: Samurott|5/100
|-sidestart|p2: Demonfromthemist|Spikes
|
|upkeep
|turn|12
|
|t:|1758282363
|move|p1a: Samurott|Aqua Jet|p2a: Samurott
|-resisted|p2a: Samurott
|-damage|p2a: Samurott|0 fnt
|faint|p2a: Samurott
|
|upkeep
|
|t:|1758282375
|switch|p2a: Gholdengo|Gholdengo|100/100
|-damage|p2a: Gholdengo|94/100|[from] Stealth Rock
|-damage|p2a: Gholdengo|78/100|[from] Spikes
|turn|13
|
|t:|1758282382
|move|p2a: Gholdengo|Thunderbolt|p1a: Samurott
|-supereffective|p1a: Samurott
|-damage|p1a: Samurott|0 fnt
|faint|p1a: Samurott
|
|upkeep
|
|t:|1758282386
|switch|p1a: Great Tusk|Great Tusk|100/100
|-damage|p1a: Great Tusk|84/100|[from] Spikes
|turn|14
|
|t:|1758282394
|move|p1a: Great Tusk|Knock Off|p2a: Gholdengo
|-supereffective|p2a: Gholdengo
|-damage|p2a: Gholdengo|16/100
|-enditem|p2a: Gholdengo|Metal Coat|[from] move: Knock Off|[of] p1a: Great Tusk
|move|p2a: Gholdengo|Make It Rain|p1a: Great Tusk
|-damage|p1a: Great Tusk|0 fnt
|-unboost|p2a: Gholdengo|spa|1
|faint|p1a: Great Tusk
|-end|p1a: Great Tusk|Protosynthesis|[silent]
|
|upkeep
|
|t:|1758282408
|switch|p1a: Scizor|Scizor, M|100/100
|-damage|p1a: Scizor|84/100|[from] Spikes
|turn|15
|
|t:|1758282421
|switch|p2a: Moltres|Moltres|100/100
|move|p1a: Scizor|U-turn|p2a: Moltres
|-resisted|p2a: Moltres
|-damage|p2a: Moltres|91/100
|
|t:|1758282427
|switch|p1a: Raging Bolt|Raging Bolt|100/100|[from] U-turn
|-damage|p1a: Raging Bolt|84/100|[from] Spikes
|
|upkeep
|turn|16
|
|t:|1758282440
|switch|p2a: Ting-Lu|Ting-Lu|100/100
|-damage|p2a: Ting-Lu|94/100|[from] Stealth Rock
|-damage|p2a: Ting-Lu|78/100|[from] Spikes
|-ability|p2a: Ting-Lu|Vessel of Ruin
|move|p1a: Raging Bolt|Dragon Pulse|p2a: Ting-Lu
|-damage|p2a: Ting-Lu|45/100
|
|-heal|p2a: Ting-Lu|52/100|[from] item: Leftovers
|upkeep
|turn|17
|
|t:|1758282455
|-end|p1a: Raging Bolt|Protosynthesis|[silent]
|switch|p1a: Scizor|Scizor, M|84/100
|-damage|p1a: Scizor|68/100|[from] Spikes
|move|p2a: Ting-Lu|Earthquake|p1a: Scizor
|-damage|p1a: Scizor|23/100
|
|-heal|p2a: Ting-Lu|58/100|[from] item: Leftovers
|upkeep
|turn|18
|
|t:|1758282464
|switch|p2a: Gholdengo|Gholdengo|16/100
|-damage|p2a: Gholdengo|10/100|[from] Stealth Rock
|-damage|p2a: Gholdengo|0 fnt|[from] Spikes
|faint|p2a: Gholdengo
|move|p1a: Scizor|U-turn|p2: Gholdengo|[notarget]
|-fail|p1a: Scizor
|
|upkeep
|inactive|Demonfromthemist has 120 seconds left.
|
|t:|1758282496
|switch|p2a: Sinistcha|Sinistcha|100/100
|turn|19
|
|t:|1758282505
|move|p1a: Scizor|U-turn|p2a: Sinistcha
|-damage|p2a: Sinistcha|62/100
|
|t:|1758282513
|switch|p1a: Raging Bolt|Raging Bolt|84/100|[from] U-turn
|-damage|p1a: Raging Bolt|67/100|[from] Spikes
|move|p2a: Sinistcha|Shadow Ball|p1a: Raging Bolt
|-damage|p1a: Raging Bolt|36/100
|-unboost|p1a: Raging Bolt|spd|1
|
|upkeep
|turn|20
|
|t:|1758282532
|move|p1a: Raging Bolt|Volt Switch|p2a: Sinistcha
|-resisted|p2a: Sinistcha
|-damage|p2a: Sinistcha|25/100
|
|t:|1758282536
|-end|p1a: Raging Bolt|Protosynthesis|[silent]
|switch|p1a: Scizor|Scizor, M|23/100|[from] Volt Switch
|-damage|p1a: Scizor|7/100|[from] Spikes
|move|p2a: Sinistcha|Shadow Ball|p1a: Scizor
|-damage|p1a: Scizor|0 fnt
|faint|p1a: Scizor
|
|upkeep
|
|t:|1758282551
|switch|p1a: Gholdengo|Gholdengo|94/100
|-damage|p1a: Gholdengo|77/100|[from] Spikes
|turn|21
|
|t:|1758282564
|-terastallize|p1a: Gholdengo|Fairy
|move|p1a: Gholdengo|Nasty Plot|p1a: Gholdengo
|-boost|p1a: Gholdengo|spa|2
|move|p2a: Sinistcha|Shadow Ball|p1a: Gholdengo
|-damage|p1a: Gholdengo|41/100
|
|upkeep
|turn|22
|
|t:|1758282574
|move|p1a: Gholdengo|Recover|p1a: Gholdengo
|-heal|p1a: Gholdengo|91/100
|move|p2a: Sinistcha|Matcha Gotcha|p1a: Gholdengo
|-damage|p1a: Gholdengo|52/100
|-heal|p2a: Sinistcha|43/100|[from] drain|[of] p1a: Gholdengo
|
|upkeep
|turn|23
|
|t:|1758282585
|switch|p2a: Moltres|Moltres|91/100
|move|p1a: Gholdengo|Shadow Ball|p2a: Moltres
|-damage|p2a: Moltres|0 fnt
|faint|p2a: Moltres
|
|upkeep
|
|t:|1758282592
|switch|p2a: Ting-Lu|Ting-Lu|58/100
|-damage|p2a: Ting-Lu|52/100|[from] Stealth Rock
|-damage|p2a: Ting-Lu|35/100|[from] Spikes
|-ability|p2a: Ting-Lu|Vessel of Ruin
|turn|24
|
|t:|1758282604
|-terastallize|p2a: Ting-Lu|Water
|move|p1a: Gholdengo|Make It Rain|p2a: Ting-Lu
|-resisted|p2a: Ting-Lu
|-damage|p2a: Ting-Lu|10/100
|-unboost|p1a: Gholdengo|spa|1
|move|p2a: Ting-Lu|Earthquake|p1a: Gholdengo
|-damage|p1a: Gholdengo|10/100
|
|-heal|p2a: Ting-Lu|16/100|[from] item: Leftovers
|upkeep
|turn|25
|
|t:|1758282616
|move|p1a: Gholdengo|Shadow Ball|p2a: Ting-Lu
|-damage|p2a: Ting-Lu|0 fnt
|faint|p2a: Ting-Lu
|
|upkeep
|-message|Demonfromthemist forfeited.
|
|win|pokemarkon
|raw|pokemarkon's rating: 1455 &rarr; <strong>1476</strong><br />(+21 for winning)
|raw|Demonfromthemist's rating: 1472 &rarr; <strong>1451</strong><br />(-21 for losing)
|l|☆Demonfromthemist
|player|p2|
