|j|☆sunny dancing
|j|☆mantikarp2.0
|t:|1758254498
|gametype|singles
|player|p1|sunny dancing|1|1588
|player|p2|mantikarp2.0|medium|1510
|gen|9
|tier|[Gen 9] OU
|rated|
|rule|HP Percentage Mod: HP is shown in percentages
|rule|Endless Battle Clause: Forcing endless battles is banned
|rule|Species Clause: Limit one of each Pokémon
|rule|OHKO Clause: OHKO moves are banned
|rule|Evasion Items Clause: Evasion items are banned
|rule|Evasion Moves Clause: Evasion moves are banned
|rule|Evasion Abilities Clause: Evasion abilities are banned
|rule|Sleep Moves Clause: Sleep-inducing moves are banned
|clearpoke
|poke|p1|Ogerpon-Wellspring, F|
|poke|p1|Slowking-Galar, F|
|poke|p1|Great Tusk|
|poke|p1|Moltres|
|poke|p1|Dragapult, F|
|poke|p1|Kingambit, M|
|poke|p2|Dragapult, F|
|poke|p2|Corviknight, M|
|poke|p2|Slowking-Galar, M|
|poke|p2|Kyurem|
|poke|p2|Heatran, F|
|poke|p2|Great Tusk|
|teampreview
|inactive|Battle timer is ON: inactive players will automatically lose when time's up. (requested by sunny dancing)
|
|t:|1758254515
|teamsize|p1|6
|teamsize|p2|6
|start
|switch|p1a: Ogerpon|Ogerpon-Wellspring, F|100/100
|switch|p2a: Dragapult|Dragapult, F|100/100
|turn|1
|
|t:|1758254521
|switch|p1a: Slowking|Slowking-Galar, F|100/100
|move|p2a: Dragapult|U-turn|p1a: Slowking
|-damage|p1a: Slowking|67/100
|
|t:|1758254526
|switch|p2a: Kyurem|Kyurem|100/100|[from] U-turn
|-ability|p2a: Kyurem|Pressure
|
|upkeep
|turn|2
|
|t:|1758254532
|move|p2a: Kyurem|Earth Power|p1a: Slowking
|-supereffective|p1a: Slowking
|-damage|p1a: Slowking|21/100
|move|p1a: Slowking|Sludge Bomb|p2a: Kyurem
|-damage|p2a: Kyurem|59/100
|-status|p2a: Kyurem|psn
|
|-damage|p2a: Kyurem|47/100 psn|[from] psn
|upkeep
|turn|3
|
|t:|1758254543
|switch|p2a: Heatran|Heatran, F|100/100
|switch|p1a: Ogerpon|Ogerpon-Wellspring, F|100/100
|
|upkeep
|turn|4
|
|t:|1758254552
|move|p1a: Ogerpon|Ivy Cudgel|p2a: Heatran|[anim] Ivy Cudgel Water
|-supereffective|p2a: Heatran
|-damage|p2a: Heatran|5/100
|move|p2a: Heatran|Stealth Rock|p1a: Ogerpon
|-sidestart|p1: sunny dancing|move: Stealth Rock
|
|-heal|p2a: Heatran|11/100|[from] item: Leftovers
|upkeep
|turn|5
|
|t:|1758254563
|move|p1a: Ogerpon|Ivy Cudgel|p2a: Heatran|[anim] Ivy Cudgel Water
|-supereffective|p2a: Heatran
|-crit|p2a: Heatran
|-damage|p2a: Heatran|0 fnt
|faint|p2a: Heatran
|
|upkeep
|
|t:|1758254565
|switch|p2a: Dragapult|Dragapult, F|100/100
|turn|6
|
|t:|1758254572
|move|p2a: Dragapult|Dragon Darts|p1a: Ogerpon
|-damage|p1a: Ogerpon|52/100
|-anim|p2a: Dragapult|Dragon Darts|p1a: Ogerpon
|-damage|p1a: Ogerpon|5/100
|move|p1a: Ogerpon|Knock Off|p2a: Dragapult
|-supereffective|p2a: Dragapult
|-damage|p2a: Dragapult|0 fnt
|-enditem|p2a: Dragapult|Choice Band|[from] move: Knock Off|[of] p1a: Ogerpon
|faint|p2a: Dragapult
|
|upkeep
|
|t:|1758254581
|switch|p2a: Corviknight|Corviknight, M|100/100
|-ability|p2a: Corviknight|Pressure
|turn|7
|
|t:|1758254587
|move|p1a: Ogerpon|Ivy Cudgel|p2a: Corviknight|[anim] Ivy Cudgel Water
|-crit|p2a: Corviknight
|-damage|p2a: Corviknight|46/100
|move|p2a: Corviknight|U-turn|p1a: Ogerpon
|-supereffective|p1a: Ogerpon
|-damage|p1a: Ogerpon|0 fnt
|faint|p1a: Ogerpon
|
|t:|1758254604
|switch|p2a: Kyurem|Kyurem|47/100 psn|[from] U-turn
|-ability|p2a: Kyurem|Pressure
|
|-damage|p2a: Kyurem|34/100 psn|[from] psn
|upkeep
|
|t:|1758254611
|switch|p1a: Dragapult|Dragapult, F|100/100
|turn|8
|inactive|mantikarp2.0 has 120 seconds left.
|
|t:|1758254641
|move|p1a: Dragapult|Hex|p2a: Kyurem
|-damage|p2a: Kyurem|0 fnt
|faint|p2a: Kyurem
|
|upkeep
|
|t:|1758254643
|switch|p2a: Great Tusk|Great Tusk|100/100
|turn|9
|
|t:|1758254649
|move|p1a: Dragapult|Will-O-Wisp|p2a: Great Tusk|[miss]
|-miss|p1a: Dragapult|p2a: Great Tusk
|move|p2a: Great Tusk|Bulk Up|p2a: Great Tusk
|-boost|p2a: Great Tusk|atk|1
|-boost|p2a: Great Tusk|def|1
|
|upkeep
|turn|10
|
|t:|1758254655
|switch|p1a: Moltres|Moltres|100/100
|move|p2a: Great Tusk|Ice Spinner|p1a: Moltres
|-damage|p1a: Moltres|71/100
|
|upkeep
|turn|11
|
|t:|1758254666
|-end|p2a: Great Tusk|Protosynthesis|[silent]
|switch|p2a: Slowking|Slowking-Galar, M|100/100
|move|p1a: Moltres|Roost|p1a: Moltres
|-heal|p1a: Moltres|100/100
|-singleturn|p1a: Moltres|move: Roost
|
|upkeep
|turn|12
|
|t:|1758254672
|move|p1a: Moltres|U-turn|p2a: Slowking
|-damage|p2a: Slowking|85/100
|
|t:|1758254687
|switch|p1a: Slowking|Slowking-Galar, F|54/100|[from] U-turn
|-damage|p1a: Slowking|41/100|[from] Stealth Rock
|move|p2a: Slowking|Future Sight|p1a: Slowking
|-start|p2a: Slowking|move: Future Sight
|
|upkeep
|turn|13
|
|t:|1758254693
|move|p1a: Slowking|Psyshock|p2a: Slowking
|-damage|p2a: Slowking|49/100
|move|p2a: Slowking|Thunder Wave|p1a: Slowking
|-status|p1a: Slowking|par
|
|upkeep
|turn|14
|
|t:|1758254706
|switch|p1a: Kingambit|Kingambit, M|100/100
|-damage|p1a: Kingambit|94/100|[from] Stealth Rock
|-activate|p1a: Kingambit|ability: Supreme Overlord
|-start|p1a: Kingambit|fallen1|[silent]
|-prepare|p2a: Slowking|Chilly Reception|[premajor]
|move|p2a: Slowking|Chilly Reception|p2a: Slowking
|-weather|Snowscape
|
|t:|1758254713
|switch|p2a: Great Tusk|Great Tusk|100/100|[from] Chilly Reception
|
|-weather|Snowscape|[upkeep]
|-end|p1a: Kingambit|move: Future Sight
|-immune|p1a: Kingambit
|-heal|p1a: Kingambit|100/100|[from] item: Leftovers
|upkeep
|turn|15
|
|t:|1758254720
|-end|p2a: Great Tusk|Protosynthesis|[silent]
|switch|p2a: Slowking|Slowking-Galar, M|82/100
|-end|p1a: Kingambit|fallen1|[silent]
|switch|p1a: Moltres|Moltres|100/100
|
|-weather|Snowscape|[upkeep]
|upkeep
|turn|16
|
|t:|1758254726
|move|p1a: Moltres|Flamethrower|p2a: Slowking
|-damage|p2a: Slowking|61/100
|-status|p2a: Slowking|brn
|move|p2a: Slowking|Sludge Bomb|p1a: Moltres
|-damage|p1a: Moltres|67/100
|
|-weather|Snowscape|[upkeep]
|-damage|p2a: Slowking|55/100 brn|[from] brn
|upkeep
|turn|17
|
|t:|1758254743
|move|p1a: Moltres|Flamethrower|p2a: Slowking
|-damage|p2a: Slowking|32/100 brn
|move|p2a: Slowking|Thunder Wave|p1a: Moltres
|-status|p1a: Moltres|par
|
|-weather|Snowscape|[upkeep]
|-damage|p2a: Slowking|26/100 brn|[from] brn
|upkeep
|turn|18
|
|t:|1758254752
|cant|p1a: Moltres|par
|-prepare|p2a: Slowking|Chilly Reception|[premajor]
|move|p2a: Slowking|Chilly Reception|p2a: Slowking
|
|t:|1758254759
|switch|p2a: Great Tusk|Great Tusk|100/100|[from] Chilly Reception
|
|-weather|none
|upkeep
|turn|19
|
|t:|1758254767
|move|p2a: Great Tusk|Bulk Up|p2a: Great Tusk
|-boost|p2a: Great Tusk|atk|1
|-boost|p2a: Great Tusk|def|1
|move|p1a: Moltres|Flamethrower|p2a: Great Tusk
|-damage|p2a: Great Tusk|41/100
|
|-heal|p2a: Great Tusk|47/100|[from] item: Leftovers
|upkeep
|turn|20
|
|t:|1758254776
|move|p2a: Great Tusk|Rapid Spin|p1a: Moltres
|-damage|p1a: Moltres|49/100 par
|-boost|p2a: Great Tusk|spe|1
|move|p1a: Moltres|Flamethrower|p2a: Great Tusk
|-damage|p2a: Great Tusk|0 fnt
|faint|p2a: Great Tusk
|-end|p2a: Great Tusk|Protosynthesis|[silent]
|
|upkeep
|
|t:|1758254782
|switch|p2a: Slowking|Slowking-Galar, M|60/100 brn
|turn|21
|-message|mantikarp2.0 forfeited.
|
|win|sunny dancing
|raw|sunny dancing's rating: 1588 &rarr; <strong>1604</strong><br />(+16 for winning)
|raw|mantikarp2.0's rating: 1510 &rarr; <strong>1494</strong><br />(-16 for losing)
|l|☆mantikarp2.0
|player|p2|
|l|☆sunny dancing
|player|p1|
