|j|☆notasphincter
|j|☆CuentaTemporal00
|t:|1758348480
|gametype|singles
|player|p1|notasphincter|hugh|1363
|player|p2|CuentaTemporal00|li|1275
|gen|9
|tier|[Gen 9] OU
|rated|
|rule|HP Percentage Mod: HP is shown in percentages
|rule|Endless Battle Clause: Forcing endless battles is banned
|rule|Species Clause: Limit one of each Pokémon
|rule|OHKO Clause: OHKO moves are banned
|rule|Evasion Items Clause: Evasion items are banned
|rule|Evasion Moves Clause: Evasion moves are banned
|rule|Evasion Abilities Clause: Evasion abilities are banned
|rule|Sleep Moves Clause: Sleep-inducing moves are banned
|clearpoke
|poke|p1|Enamorus, F|
|poke|p1|Kyurem|
|poke|p1|Landorus-Therian, M|
|poke|p1|Kingambit, F|
|poke|p1|Ogerpon-Wellspring, F|
|poke|p1|Glimmora, F|
|poke|p2|Staraptor, M|
|poke|p2|Dragapult, M|
|poke|p2|Conkeldurr, M|
|poke|p2|Rotom-Wash|
|poke|p2|Weavile, F|
|poke|p2|Iron Hands|
|teampreview
|
|t:|1758348502
|teamsize|p1|6
|teamsize|p2|6
|start
|switch|p1a: Kyurem|Kyurem|100/100
|switch|p2a: Weavile|Weavile, F|100/100
|-ability|p1a: Kyurem|Pressure
|turn|1
|
|t:|1758348514
|switch|p1a: Enamorus|Enamorus, F|100/100
|move|p2a: Weavile|Knock Off|p1a: Enamorus
|-resisted|p1a: Enamorus
|-damage|p1a: Enamorus|51/100
|-enditem|p1a: Enamorus|Heavy-Duty Boots|[from] move: Knock Off|[of] p2a: Weavile
|-damage|p2a: Weavile|91/100|[from] item: Life Orb
|
|upkeep
|turn|2
|
|t:|1758348525
|move|p2a: Weavile|Ice Spinner|p1a: Enamorus
|-supereffective|p1a: Enamorus
|-damage|p1a: Enamorus|0 fnt
|faint|p1a: Enamorus
|-damage|p2a: Weavile|81/100|[from] item: Life Orb
|
|upkeep
|
|t:|1758348536
|switch|p1a: Glimmora|Glimmora, F|100/100
|turn|3
|
|t:|1758348549
|switch|p2a: Rotom|Rotom-Wash|100/100
|move|p1a: Glimmora|Spikes|p2a: Rotom
|-sidestart|p2: CuentaTemporal00|Spikes
|
|upkeep
|turn|4
|
|t:|1758348556
|switch|p1a: Landorus|Landorus-Therian, M|100/100
|-ability|p1a: Landorus|Intimidate|boost
|-unboost|p2a: Rotom|atk|1
|move|p2a: Rotom|Hydro Pump|p1a: Landorus
|-supereffective|p1a: Landorus
|-damage|p1a: Landorus|0 fnt
|faint|p1a: Landorus
|
|upkeep
|
|t:|1758348566
|switch|p1a: Kyurem|Kyurem|100/100
|-ability|p1a: Kyurem|Pressure
|turn|5
|
|t:|1758348571
|move|p1a: Kyurem|Freeze-Dry|p2a: Rotom
|-supereffective|p2a: Rotom
|-damage|p2a: Rotom|31/100
|move|p2a: Rotom|Discharge|p1a: Kyurem
|-resisted|p1a: Kyurem
|-damage|p1a: Kyurem|83/100
|-status|p1a: Kyurem|par
|
|upkeep
|turn|6
|
|t:|1758348580
|move|p2a: Rotom|Volt Switch|p1a: Kyurem
|-resisted|p1a: Kyurem
|-damage|p1a: Kyurem|68/100 par
|
|t:|1758348586
|switch|p2a: Conkeldurr|Conkeldurr, M|100/100|[from] Volt Switch
|-damage|p2a: Conkeldurr|88/100|[from] Spikes
|move|p1a: Kyurem|Freeze-Dry|p2a: Conkeldurr
|-damage|p2a: Conkeldurr|40/100
|-status|p2a: Conkeldurr|frz
|
|upkeep
|turn|7
|
|t:|1758348595
|cant|p2a: Conkeldurr|frz
|cant|p1a: Kyurem|par
|
|upkeep
|turn|8
|inactive|Battle timer is ON: inactive players will automatically lose when time's up. (requested by notasphincter)
|
|t:|1758348627
|move|p1a: Kyurem|Freeze-Dry|p2a: Conkeldurr
|-damage|p2a: Conkeldurr|0 fnt
|faint|p2a: Conkeldurr
|
|upkeep
|
|t:|1758348639
|switch|p2a: Weavile|Weavile, F|81/100
|-damage|p2a: Weavile|68/100|[from] Spikes
|turn|9
|
|t:|1758348644
|move|p2a: Weavile|Brick Break|p1a: Kyurem
|-supereffective|p1a: Kyurem
|-damage|p1a: Kyurem|2/100 par
|-damage|p2a: Weavile|58/100|[from] item: Life Orb
|move|p1a: Kyurem|Freeze-Dry|p2a: Weavile
|-resisted|p2a: Weavile
|-damage|p2a: Weavile|33/100
|
|upkeep
|turn|10
|
|t:|1758348653
|move|p2a: Weavile|Brick Break|p1a: Kyurem
|-supereffective|p1a: Kyurem
|-damage|p1a: Kyurem|0 fnt
|faint|p1a: Kyurem
|-damage|p2a: Weavile|23/100|[from] item: Life Orb
|
|upkeep
|
|t:|1758348660
|switch|p1a: Glimmora|Glimmora, F|100/100
|turn|11
|
|t:|1758348665
|move|p2a: Weavile|Knock Off|p1a: Glimmora
|-damage|p1a: Glimmora|58/100
|-activate|p1a: Glimmora|ability: Toxic Debris
|-sidestart|p2: CuentaTemporal00|move: Toxic Spikes
|-enditem|p1a: Glimmora|Focus Sash|[from] move: Knock Off|[of] p2a: Weavile
|-damage|p2a: Weavile|13/100|[from] item: Life Orb
|move|p1a: Glimmora|Spikes|p2a: Weavile
|-sidestart|p2: CuentaTemporal00|Spikes
|
|upkeep
|turn|12
|
|t:|1758348676
|move|p2a: Weavile|Ice Spinner|p1a: Glimmora
|-crit|p1a: Glimmora
|-damage|p1a: Glimmora|3/100
|-activate|p1a: Glimmora|ability: Toxic Debris
|-sidestart|p2: CuentaTemporal00|move: Toxic Spikes
|-damage|p2a: Weavile|3/100|[from] item: Life Orb
|move|p1a: Glimmora|Mortal Spin|p2a: Weavile
|-damage|p2a: Weavile|0 fnt
|faint|p2a: Weavile
|
|upkeep
|inactive|CuentaTemporal00 has 120 seconds left.
|
|t:|1758348712
|switch|p2a: Rotom|Rotom-Wash|31/100
|turn|13
|
|t:|1758348719
|move|p2a: Rotom|Discharge|p1a: Glimmora
|-damage|p1a: Glimmora|0 fnt
|faint|p1a: Glimmora
|
|upkeep
|
|t:|1758348732
|switch|p1a: Ogerpon|Ogerpon-Wellspring, F|100/100
|turn|14
|
|t:|1758348738
|move|p1a: Ogerpon|Knock Off|p2a: Rotom
|-damage|p2a: Rotom|0 fnt
|-enditem|p2a: Rotom|Assault Vest|[from] move: Knock Off|[of] p1a: Ogerpon
|faint|p2a: Rotom
|
|upkeep
|
|t:|1758348746
|switch|p2a: Dragapult|Dragapult, M|100/100
|-damage|p2a: Dragapult|84/100|[from] Spikes
|-status|p2a: Dragapult|tox
|turn|15
|
|t:|1758348752
|-terastallize|p2a: Dragapult|Dragon
|move|p2a: Dragapult|Dragon Darts|p1a: Ogerpon
|-damage|p1a: Ogerpon|42/100
|-anim|p2a: Dragapult|Dragon Darts|p1a: Ogerpon
|-damage|p1a: Ogerpon|0 fnt
|faint|p1a: Ogerpon
|-damage|p2a: Dragapult|74/100 tox|[from] item: Life Orb
|
|-damage|p2a: Dragapult|68/100 tox|[from] psn
|upkeep
|
|t:|1758348762
|switch|p1a: Kingambit|Kingambit, F|100/100
|-activate|p1a: Kingambit|ability: Supreme Overlord
|-start|p1a: Kingambit|fallen5|[silent]
|-item|p1a: Kingambit|Air Balloon
|turn|16
|
|t:|1758348772
|move|p1a: Kingambit|Sucker Punch|p2a: Dragapult
|-damage|p2a: Dragapult|0 fnt
|faint|p2a: Dragapult
|
|upkeep
|
|t:|1758348777
|switch|p2a: Iron Hands|Iron Hands|100/100
|-damage|p2a: Iron Hands|84/100|[from] Spikes
|-status|p2a: Iron Hands|tox
|-enditem|p2a: Iron Hands|Booster Energy
|-activate|p2a: Iron Hands|ability: Quark Drive|[fromitem]
|-start|p2a: Iron Hands|quarkdriveatk
|turn|17
|
|t:|1758348790
|-terastallize|p1a: Kingambit|Ghost
|move|p2a: Iron Hands|Fake Out|p1a: Kingambit
|-immune|p1a: Kingambit
|move|p1a: Kingambit|Low Kick|p2a: Iron Hands
|-damage|p2a: Iron Hands|44/100 tox
|
|-damage|p2a: Iron Hands|38/100 tox|[from] psn
|upkeep
|turn|18
|
|t:|1758348799
|move|p1a: Kingambit|Low Kick|p2a: Iron Hands
|-damage|p2a: Iron Hands|1/100 tox
|move|p2a: Iron Hands|Earthquake|p1a: Kingambit
|-immune|p1a: Kingambit
|
|-damage|p2a: Iron Hands|0 fnt|[from] psn
|faint|p2a: Iron Hands
|-end|p2a: Iron Hands|Quark Drive|[silent]
|upkeep
|
|t:|1758348802
|switch|p2a: Staraptor|Staraptor, M|100/100
|turn|19
|
|t:|1758348814
|move|p1a: Kingambit|Sucker Punch|p2a: Staraptor
|-damage|p2a: Staraptor|19/100
|move|p2a: Staraptor|Brave Bird|p1a: Kingambit
|-damage|p1a: Kingambit|29/100
|-enditem|p1a: Kingambit|Air Balloon
|-damage|p2a: Staraptor|0 fnt|[from] Recoil
|faint|p2a: Staraptor
|
|win|notasphincter
|raw|notasphincter's rating: 1363 &rarr; <strong>1378</strong><br />(+15 for winning)
|raw|CuentaTemporal00's rating: 1275 &rarr; <strong>1256</strong><br />(-19 for losing)
|c|☆CuentaTemporal00|ggç
|l|☆CuentaTemporal00
|player|p2|
|l|☆notasphincter
|player|p1|
