|j|☆Espeolo
|j|☆Lgm4905
|t:|1758233379
|gametype|singles
|player|p1|Espeolo|cynthia-gen4|
|player|p2|Lgm4905|265|
|gen|9
|tier|[Gen 9] OU
|rule|HP Percentage Mod: HP is shown in percentages
|rule|Endless Battle Clause: Forcing endless battles is banned
|rule|Species Clause: Limit one of each Pokémon
|rule|OHKO Clause: OHKO moves are banned
|rule|Evasion Items Clause: Evasion items are banned
|rule|Evasion Moves Clause: Evasion moves are banned
|rule|Evasion Abilities Clause: Evasion abilities are banned
|rule|Sleep Moves Clause: Sleep-inducing moves are banned
|clearpoke
|poke|p1|Ninetales-Alola, F|
|poke|p1|Heatran, M|
|poke|p1|Zapdos|
|poke|p1|Hatterene, F|
|poke|p1|Krookodile, F|
|poke|p1|Latios, M|
|poke|p2|Kingambit, F|
|poke|p2|Great Tusk|
|poke|p2|Tinkaton, F|
|poke|p2|Mandibuzz, F|
|poke|p2|Mew|
|poke|p2|Beartic, F|
|teampreview
|j| XP105
|j| Not Thornyferro
|j| Breezy64
|
|t:|1758233443
|teamsize|p1|6
|teamsize|p2|6
|start
|switch|p1a: Birb|Zapdos|100/100
|switch|p2a: Mew|Mew|100/100
|-ability|p1a: Birb|Pressure
|turn|1
|
|t:|1758233455
|move|p2a: Mew|Will-O-Wisp|p1a: Birb|[miss]
|-miss|p2a: Mew|p1a: Birb
|move|p1a: Birb|Discharge|p2a: Mew
|-damage|p2a: Mew|72/100
|
|upkeep
|turn|2
|
|t:|1758233463
|move|p2a: Mew|Will-O-Wisp|p1a: Birb
|-status|p1a: Birb|brn
|move|p1a: Birb|Discharge|p2a: Mew
|-damage|p2a: Mew|41/100
|
|-damage|p1a: Birb|94/100 brn|[from] brn
|upkeep
|turn|3
|
|t:|1758233472
|switch|p2a: Great Tusk|Great Tusk|100/100
|move|p1a: Birb|Discharge|p2a: Great Tusk
|-immune|p2a: Great Tusk
|
|-heal|p1a: Birb|100/100 brn|[from] item: Leftovers
|-damage|p1a: Birb|94/100 brn|[from] brn
|upkeep
|turn|4
|
|t:|1758233487
|switch|p1a: K. Rook|Krookodile, F|100/100
|-ability|p1a: K. Rook|Intimidate|boost
|-unboost|p2a: Great Tusk|atk|1
|move|p2a: Great Tusk|Headlong Rush|p1a: K. Rook
|-damage|p1a: K. Rook|44/100
|-unboost|p2a: Great Tusk|def|1
|-unboost|p2a: Great Tusk|spd|1
|
|upkeep
|turn|5
|
|t:|1758233553
|move|p1a: K. Rook|Knock Off|p2a: Great Tusk
|-resisted|p2a: Great Tusk
|-damage|p2a: Great Tusk|64/100
|-enditem|p2a: Great Tusk|Heavy-Duty Boots|[from] move: Knock Off|[of] p1a: K. Rook
|move|p2a: Great Tusk|Headlong Rush|p1a: K. Rook
|-damage|p1a: K. Rook|0 fnt
|-unboost|p2a: Great Tusk|def|1
|-unboost|p2a: Great Tusk|spd|1
|faint|p1a: K. Rook
|
|upkeep
|
|t:|1758233583
|switch|p1a: Concord|Latios, M|100/100
|turn|6
|
|t:|1758233606
|move|p1a: Concord|Psychic Noise|p2a: Great Tusk
|-supereffective|p2a: Great Tusk
|-damage|p2a: Great Tusk|0 fnt
|faint|p2a: Great Tusk
|-end|p2a: Great Tusk|Protosynthesis|[silent]
|
|upkeep
|
|t:|1758233612
|switch|p2a: Beartic|Beartic, F|100/100
|turn|7
|
|t:|1758233669
|move|p1a: Concord|Draco Meteor|p2a: Beartic
|-damage|p2a: Beartic|5/100
|-unboost|p1a: Concord|spa|2
|move|p2a: Beartic|Icicle Spear|p1a: Concord
|-supereffective|p1a: Concord
|-damage|p1a: Concord|57/100
|-supereffective|p1a: Concord
|-damage|p1a: Concord|20/100
|-supereffective|p1a: Concord
|-damage|p1a: Concord|0 fnt
|faint|p1a: Concord
|-hitcount|p1: Concord|3
|
|upkeep
|
|t:|1758233694
|switch|p1a: Birb|Zapdos|94/100 brn
|-ability|p1a: Birb|Pressure
|turn|8
|
|t:|1758233701
|move|p1a: Birb|Discharge|p2a: Beartic
|-damage|p2a: Beartic|0 fnt
|faint|p2a: Beartic
|
|-heal|p1a: Birb|100/100 brn|[from] item: Leftovers
|-damage|p1a: Birb|94/100 brn|[from] brn
|upkeep
|
|t:|1758233709
|switch|p2a: Tinkaton|Tinkaton, F|100/100
|-item|p2a: Tinkaton|Air Balloon
|turn|9
|
|t:|1758233723
|move|p2a: Tinkaton|Knock Off|p1a: Birb
|-damage|p1a: Birb|82/100 brn
|-enditem|p1a: Birb|Leftovers|[from] move: Knock Off|[of] p2a: Tinkaton
|move|p1a: Birb|Discharge|p2a: Tinkaton
|-damage|p2a: Tinkaton|71/100
|-status|p2a: Tinkaton|par
|-enditem|p2a: Tinkaton|Air Balloon
|
|-damage|p1a: Birb|75/100 brn|[from] brn
|upkeep
|turn|10
|
|t:|1758233768
|move|p1a: Birb|Rest|p1a: Birb
|-status|p1a: Birb|slp|[from] move: Rest
|-heal|p1a: Birb|100/100 slp|[silent]
|move|p2a: Tinkaton|Gigaton Hammer|p1a: Birb
|-resisted|p1a: Birb
|-crit|p1a: Birb
|-damage|p1a: Birb|79/100 slp
|
|upkeep
|turn|11
|
|t:|1758233779
|switch|p2a: Mandibuzz|Mandibuzz, F|100/100
|cant|p1a: Birb|slp
|move|p1a: Birb|Sleep Talk|p1a: Birb
|move|p1a: Birb|Hurricane|p2a: Mandibuzz|[from] move: Sleep Talk
|-damage|p2a: Mandibuzz|65/100
|
|upkeep
|turn|12
|
|t:|1758233790
|cant|p1a: Birb|slp
|move|p1a: Birb|Sleep Talk|p1a: Birb
|move|p1a: Birb|Rest||[from] move: Sleep Talk|[still]
|-fail|p1a: Birb
|move|p2a: Mandibuzz|Roost|p2a: Mandibuzz
|-heal|p2a: Mandibuzz|100/100
|-singleturn|p2a: Mandibuzz|move: Roost
|
|upkeep
|turn|13
|
|t:|1758233798
|-curestatus|p1a: Birb|slp|[msg]
|move|p1a: Birb|Discharge|p2a: Mandibuzz
|-supereffective|p2a: Mandibuzz
|-damage|p2a: Mandibuzz|41/100
|-status|p2a: Mandibuzz|par
|cant|p2a: Mandibuzz|par
|
|upkeep
|turn|14
|
|t:|1758233808
|move|p1a: Birb|Discharge|p2a: Mandibuzz
|-supereffective|p2a: Mandibuzz
|-damage|p2a: Mandibuzz|0 fnt
|faint|p2a: Mandibuzz
|
|upkeep
|
|t:|1758233811
|switch|p2a: Mew|Mew|41/100
|turn|15
|
|t:|1758233821
|move|p2a: Mew|Psychic|p1a: Birb
|-damage|p1a: Birb|50/100
|move|p1a: Birb|Discharge|p2a: Mew
|-damage|p2a: Mew|13/100
|
|upkeep
|turn|16
|
|t:|1758233831
|move|p2a: Mew|Psychic|p1a: Birb
|-damage|p1a: Birb|19/100
|move|p1a: Birb|Rest|p1a: Birb
|-status|p1a: Birb|slp|[from] move: Rest
|-heal|p1a: Birb|100/100 slp|[silent]
|
|upkeep
|turn|17
|
|t:|1758233841
|move|p2a: Mew|Psychic|p1a: Birb
|-damage|p1a: Birb|71/100 slp
|cant|p1a: Birb|slp
|move|p1a: Birb|Sleep Talk|p1a: Birb
|move|p1a: Birb|Hurricane|p2a: Mew|[from] move: Sleep Talk|[miss]
|-miss|p1a: Birb|p2a: Mew
|
|upkeep
|turn|18
|
|t:|1758233847
|move|p2a: Mew|Psychic|p1a: Birb
|-damage|p1a: Birb|41/100 slp
|cant|p1a: Birb|slp
|move|p1a: Birb|Sleep Talk|p1a: Birb
|move|p1a: Birb|Discharge|p2a: Mew|[from] move: Sleep Talk
|-damage|p2a: Mew|0 fnt
|faint|p2a: Mew
|
|upkeep
|
|t:|1758233855
|switch|p2a: Kingambit|Kingambit, F|100/100
|-activate|p2a: Kingambit|ability: Supreme Overlord
|-start|p2a: Kingambit|fallen4|[silent]
|turn|19
|
|t:|1758233858
|-curestatus|p1a: Birb|slp|[msg]
|move|p1a: Birb|Rest|p1a: Birb
|-status|p1a: Birb|slp|[from] move: Rest
|-heal|p1a: Birb|100/100 slp|[silent]
|move|p2a: Kingambit|Swords Dance|p2a: Kingambit
|-boost|p2a: Kingambit|atk|2
|
|upkeep
|turn|20
|
|t:|1758233885
|cant|p1a: Birb|slp
|move|p1a: Birb|Sleep Talk|p1a: Birb
|move|p1a: Birb|Hurricane|p2a: Kingambit|[from] move: Sleep Talk
|-resisted|p2a: Kingambit
|-damage|p2a: Kingambit|78/100
|move|p2a: Kingambit|Swords Dance|p2a: Kingambit
|-boost|p2a: Kingambit|atk|2
|
|-heal|p2a: Kingambit|84/100|[from] item: Leftovers
|upkeep
|turn|21
|
|t:|1758233900
|cant|p1a: Birb|slp
|move|p1a: Birb|Sleep Talk|p1a: Birb
|move|p1a: Birb|Hurricane|p2a: Kingambit|[from] move: Sleep Talk|[miss]
|-miss|p1a: Birb|p2a: Kingambit
|move|p2a: Kingambit|Swords Dance|p2a: Kingambit
|-boost|p2a: Kingambit|atk|2
|
|-heal|p2a: Kingambit|90/100|[from] item: Leftovers
|upkeep
|turn|22
|
|t:|1758233918
|-curestatus|p1a: Birb|slp|[msg]
|move|p1a: Birb|Discharge|p2a: Kingambit
|-crit|p2a: Kingambit
|-damage|p2a: Kingambit|42/100
|-status|p2a: Kingambit|par
|cant|p2a: Kingambit|par
|
|-heal|p2a: Kingambit|48/100 par|[from] item: Leftovers
|upkeep
|turn|23
|
|t:|1758233942
|move|p1a: Birb|Discharge|p2a: Kingambit
|-damage|p2a: Kingambit|15/100 par
|move|p2a: Kingambit|Iron Head|p1a: Birb
|-resisted|p1a: Birb
|-damage|p1a: Birb|2/100
|
|-heal|p2a: Kingambit|21/100 par|[from] item: Leftovers
|upkeep
|turn|24
|
|t:|1758233957
|move|p2a: Kingambit|Sucker Punch|p1a: Birb
|-crit|p1a: Birb
|-damage|p1a: Birb|0 fnt
|faint|p1a: Birb
|
|-heal|p2a: Kingambit|27/100 par|[from] item: Leftovers
|upkeep
|
|t:|1758233962
|switch|p1a: *Boink*|Hatterene, F|100/100
|turn|25
|
|t:|1758233966
|move|p1a: *Boink*|Draining Kiss|p2a: Kingambit
|-damage|p2a: Kingambit|0 fnt
|faint|p2a: Kingambit
|-end|p2a: Kingambit|fallen4|[silent]
|
|upkeep
|
|t:|1758233969
|switch|p2a: Tinkaton|Tinkaton, F|71/100 par
|turn|26
|
|t:|1758233980
|-terastallize|p1a: *Boink*|Grass
|move|p2a: Tinkaton|Gigaton Hammer|p1a: *Boink*
|-damage|p1a: *Boink*|57/100
|move|p1a: *Boink*|Calm Mind|p1a: *Boink*
|-boost|p1a: *Boink*|spa|1
|-boost|p1a: *Boink*|spd|1
|
|-heal|p1a: *Boink*|63/100|[from] item: Leftovers
|upkeep
|turn|27
|
|t:|1758233995
|move|p2a: Tinkaton|Encore|p1a: *Boink*
|move|p1a: *Boink*|Encore||[from] ability: Magic Bounce|[still]
|-fail|p1a: *Boink*
|move|p1a: *Boink*|Giga Drain|p2a: Tinkaton
|-resisted|p2a: Tinkaton
|-damage|p2a: Tinkaton|46/100 par
|-heal|p1a: *Boink*|79/100|[from] drain|[of] p2a: Tinkaton
|
|-heal|p1a: *Boink*|85/100|[from] item: Leftovers
|upkeep
|turn|28
|
|t:|1758234005
|move|p2a: Tinkaton|Thunder Wave|p1a: *Boink*
|move|p1a: *Boink*|Thunder Wave|p2a: Tinkaton|[from] ability: Magic Bounce
|-fail|p2a: Tinkaton|par
|move|p1a: *Boink*|Giga Drain|p2a: Tinkaton
|-resisted|p2a: Tinkaton
|-damage|p2a: Tinkaton|20/100 par
|-heal|p1a: *Boink*|100/100|[from] drain|[of] p2a: Tinkaton
|
|upkeep
|turn|29
|
|t:|1758234008
|move|p2a: Tinkaton|Gigaton Hammer|p1a: *Boink*
|-damage|p1a: *Boink*|52/100
|move|p1a: *Boink*|Giga Drain|p2a: Tinkaton
|-resisted|p2a: Tinkaton
|-damage|p2a: Tinkaton|0 fnt
|-heal|p1a: *Boink*|64/100|[from] drain|[of] p2a: Tinkaton
|faint|p2a: Tinkaton
|
|win|Espeolo
|l|☆Lgm4905
|player|p2|
