|j|☆leitordeps2
|j|☆lPechito
|t:|1758371975
|gametype|singles
|player|p1|leitordeps2|bugcatcher-gen4dp|1206
|player|p2|lPechito|1|1204
|gen|9
|tier|[Gen 9] OU
|rated|
|rule|HP Percentage Mod: HP is shown in percentages
|rule|Endless Battle Clause: Forcing endless battles is banned
|rule|Species Clause: Limit one of each Pokémon
|rule|OHKO Clause: OHKO moves are banned
|rule|Evasion Items Clause: Evasion items are banned
|rule|Evasion Moves Clause: Evasion moves are banned
|rule|Evasion Abilities Clause: Evasion abilities are banned
|rule|Sleep Moves Clause: Sleep-inducing moves are banned
|clearpoke
|poke|p1|Great Tusk|
|poke|p1|Dragonite, F|
|poke|p1|Skeledirge, F|
|poke|p1|Quaquaval, F|
|poke|p1|Rotom-Mow|
|poke|p1|Iron Boulder|
|poke|p2|Tentacruel, F|
|poke|p2|Meowscarada, M|
|poke|p2|Fezandipiti, M|
|poke|p2|Rillaboom, M|
|poke|p2|Ogerpon-Wellspring, F|
|poke|p2|Sandy Shocks|
|teampreview
|
|t:|1758371986
|teamsize|p1|6
|teamsize|p2|6
|start
|switch|p1a: Rotom|Rotom-Mow|100/100
|switch|p2a: Meowscarada|Meowscarada, M, shiny|100/100
|turn|1
|
|t:|1758371996
|move|p2a: Meowscarada|Triple Axel|p1a: Rotom
|-start|p2a: Meowscarada|typechange|Ice|[from] ability: Protean
|-supereffective|p1a: Rotom
|-damage|p1a: Rotom|77/100
|-supereffective|p1a: Rotom
|-damage|p1a: Rotom|35/100
|-supereffective|p1a: Rotom
|-damage|p1a: Rotom|0 fnt
|faint|p1a: Rotom
|-hitcount|p1: Rotom|3
|
|upkeep
|
|t:|1758372011
|switch|p1a: Dragonite|Dragonite, F|100/100
|turn|2
|
|t:|1758372017
|switch|p2a: Fezandipiti|Fezandipiti, M|100/100
|move|p1a: Dragonite|Dragon Dance|p1a: Dragonite
|-boost|p1a: Dragonite|atk|1
|-boost|p1a: Dragonite|spe|1
|
|upkeep
|turn|3
|
|t:|1758372032
|-terastallize|p1a: Dragonite|Normal
|move|p1a: Dragonite|Dragon Dance|p1a: Dragonite
|-boost|p1a: Dragonite|atk|1
|-boost|p1a: Dragonite|spe|1
|move|p2a: Fezandipiti|Moonblast|p1a: Dragonite
|-damage|p1a: Dragonite|87/100
|
|upkeep
|turn|4
|
|t:|1758372042
|move|p1a: Dragonite|Extreme Speed|p2a: Fezandipiti
|-damage|p2a: Fezandipiti|35/100
|-damage|p1a: Dragonite|71/100|[from] item: Rocky Helmet|[of] p2a: Fezandipiti
|move|p2a: Fezandipiti|Moonblast|p1a: Dragonite
|-damage|p1a: Dragonite|44/100
|-unboost|p1a: Dragonite|spa|1
|-status|p1a: Dragonite|tox|[from] ability: Toxic Chain|[of] p2a: Fezandipiti
|
|-damage|p1a: Dragonite|38/100 tox|[from] psn
|upkeep
|turn|5
|
|t:|1758372058
|move|p1a: Dragonite|Earthquake|p2a: Fezandipiti
|-supereffective|p2a: Fezandipiti
|-damage|p2a: Fezandipiti|0 fnt
|faint|p2a: Fezandipiti
|
|-damage|p1a: Dragonite|25/100 tox|[from] psn
|upkeep
|l|☆lPechito
|player|p2|
|j|☆lPechito
|player|p2|lPechito|1|
|inactive|Battle timer is ON: inactive players will automatically lose when time's up. (requested by lPechito)
|inactive|leitordeps2 also wants the timer to be on.
|
|t:|1758372087
|switch|p2a: Rillaboom|Rillaboom, M|100/100
|-fieldstart|move: Grassy Terrain|[from] ability: Grassy Surge|[of] p2a: Rillaboom
|turn|6
|
|t:|1758372093
|move|p2a: Rillaboom|Grassy Glide|p1a: Dragonite
|-damage|p1a: Dragonite|0 fnt
|faint|p1a: Dragonite
|
|upkeep
|
|t:|1758372101
|switch|p1a: Skeledirge|Skeledirge, F, shiny|100/100
|turn|7
|
|t:|1758372106
|switch|p2a: Tentacruel|Tentacruel, F, shiny|100/100
|move|p1a: Skeledirge|Torch Song|p2a: Tentacruel
|-resisted|p2a: Tentacruel
|-damage|p2a: Tentacruel|89/100
|-boost|p1a: Skeledirge|spa|1
|
|-heal|p2a: Tentacruel|95/100|[from] Grassy Terrain
|upkeep
|turn|8
|
|t:|1758372122
|move|p2a: Tentacruel|Flip Turn|p1a: Skeledirge
|-supereffective|p1a: Skeledirge
|-damage|p1a: Skeledirge|81/100
|
|t:|1758372128
|switch|p2a: Ogerpon|Ogerpon-Wellspring, F|100/100|[from] Flip Turn
|move|p1a: Skeledirge|Earth Power|p2a: Ogerpon
|-resisted|p2a: Ogerpon
|-damage|p2a: Ogerpon|74/100
|
|-heal|p2a: Ogerpon|80/100|[from] Grassy Terrain
|-heal|p1a: Skeledirge|87/100|[from] Grassy Terrain
|upkeep
|turn|9
|
|t:|1758372142
|-terastallize|p2a: Ogerpon|Water
|detailschange|p2a: Ogerpon|Ogerpon-Wellspring-Tera, F, tera:Water
|-ability|p2a: Ogerpon|Embody Aspect (Wellspring)|boost
|-boost|p2a: Ogerpon|spd|1
|move|p2a: Ogerpon|Ivy Cudgel|p1a: Skeledirge|[anim] Ivy Cudgel Water
|-supereffective|p1a: Skeledirge
|-crit|p1a: Skeledirge
|-damage|p1a: Skeledirge|0 fnt
|faint|p1a: Skeledirge
|
|-heal|p2a: Ogerpon|86/100|[from] Grassy Terrain
|upkeep
|
|t:|1758372154
|switch|p1a: Quaquaval|Quaquaval, F|100/100
|turn|10
|
|t:|1758372160
|move|p2a: Ogerpon|Horn Leech|p1a: Quaquaval
|-supereffective|p1a: Quaquaval
|-crit|p1a: Quaquaval
|-damage|p1a: Quaquaval|0 fnt
|-heal|p2a: Ogerpon|100/100|[from] drain|[of] p1a: Quaquaval
|faint|p1a: Quaquaval
|
|upkeep
|
|t:|1758372167
|switch|p1a: Great Tusk|Great Tusk|100/100
|turn|11
|
|t:|1758372175
|move|p2a: Ogerpon|Horn Leech|p1a: Great Tusk
|-supereffective|p1a: Great Tusk
|-damage|p1a: Great Tusk|6/100
|move|p1a: Great Tusk|Headlong Rush|p2a: Ogerpon
|-damage|p2a: Ogerpon|14/100
|-unboost|p1a: Great Tusk|def|1
|-unboost|p1a: Great Tusk|spd|1
|
|-heal|p2a: Ogerpon|20/100|[from] Grassy Terrain
|-heal|p1a: Great Tusk|12/100|[from] Grassy Terrain
|upkeep
|turn|12
|
|t:|1758372187
|move|p2a: Ogerpon|Horn Leech|p1a: Great Tusk
|-supereffective|p1a: Great Tusk
|-damage|p1a: Great Tusk|0 fnt
|-heal|p2a: Ogerpon|27/100|[from] drain|[of] p1a: Great Tusk
|faint|p1a: Great Tusk
|-end|p1a: Great Tusk|Protosynthesis|[silent]
|
|-heal|p2a: Ogerpon|33/100|[from] Grassy Terrain
|upkeep
|
|t:|1758372195
|switch|p1a: Iron Boulder|Iron Boulder|100/100
|-enditem|p1a: Iron Boulder|Booster Energy
|-activate|p1a: Iron Boulder|ability: Quark Drive|[fromitem]
|-start|p1a: Iron Boulder|quarkdrivespe
|turn|13
|
|t:|1758372211
|move|p1a: Iron Boulder|Mighty Cleave|p2a: Ogerpon
|-damage|p2a: Ogerpon|0 fnt
|faint|p2a: Ogerpon
|detailschange|p2: Ogerpon|Ogerpon-Wellspring, F|[silent]
|
|-fieldend|move: Grassy Terrain
|upkeep
|
|t:|1758372224
|switch|p2a: Rillaboom|Rillaboom, M|100/100
|-fieldstart|move: Grassy Terrain|[from] ability: Grassy Surge|[of] p2a: Rillaboom
|turn|14
|
|t:|1758372231
|move|p1a: Iron Boulder|Protect|p1a: Iron Boulder
|-singleturn|p1a: Iron Boulder|Protect
|move|p2a: Rillaboom|Swords Dance|p2a: Rillaboom
|-boost|p2a: Rillaboom|atk|2
|
|upkeep
|turn|15
|
|t:|1758372241
|move|p2a: Rillaboom|Grassy Glide|p1a: Iron Boulder
|-supereffective|p1a: Iron Boulder
|-damage|p1a: Iron Boulder|0 fnt
|faint|p1a: Iron Boulder
|-end|p1a: Iron Boulder|Quark Drive|[silent]
|
|win|lPechito
|raw|leitordeps2's rating: 1206 &rarr; <strong>1181</strong><br />(-25 for losing)
|raw|lPechito's rating: 1204 &rarr; <strong>1229</strong><br />(+25 for winning)
|l|☆lPechito
|player|p2|
|l|☆leitordeps2
|player|p1|
