|j|☆TheMarshyBoi
|j|☆leonstrall
|t:|1758317293
|gametype|singles
|player|p1|TheMarshyBoi|cynthia|1394
|player|p2|leonstrall|shadowtriad|1429
|gen|9
|tier|[Gen 9] OU
|rated|
|rule|HP Percentage Mod: HP is shown in percentages
|rule|Endless Battle Clause: Forcing endless battles is banned
|rule|Species Clause: Limit one of each Pokémon
|rule|OHKO Clause: OHKO moves are banned
|rule|Evasion Items Clause: Evasion items are banned
|rule|Evasion Moves Clause: Evasion moves are banned
|rule|Evasion Abilities Clause: Evasion abilities are banned
|rule|Sleep Moves Clause: Sleep-inducing moves are banned
|clearpoke
|poke|p1|Ogerpon, F|
|poke|p1|Raging Bolt|
|poke|p1|Slowking-Galar, M|
|poke|p1|Ting-Lu|
|poke|p1|Iron Crown|
|poke|p1|Great Tusk|
|poke|p2|Slowking-Galar, F|
|poke|p2|Articuno|
|poke|p2|Great Tusk|
|poke|p2|Raging Bolt|
|poke|p2|Samurott-Hisui, M|
|poke|p2|Enamorus, F|
|teampreview
|
|t:|1758317300
|teamsize|p1|6
|teamsize|p2|6
|start
|switch|p1a: Ogerpon|Ogerpon, F|100/100
|switch|p2a: Samurott|Samurott-Hisui, M|100/100
|turn|1
|
|t:|1758317307
|move|p1a: Ogerpon|U-turn|p2a: Samurott
|-supereffective|p2a: Samurott
|-damage|p2a: Samurott|11/100
|
|t:|1758317314
|switch|p1a: Great Tusk|Great Tusk|100/100|[from] U-turn
|move|p2a: Samurott|Ceaseless Edge|p1a: Great Tusk
|-resisted|p1a: Great Tusk
|-damage|p1a: Great Tusk|85/100
|-sidestart|p1: TheMarshyBoi|Spikes
|
|upkeep
|turn|2
|
|t:|1758317327
|move|p1a: Great Tusk|Rapid Spin|p2a: Samurott
|-damage|p2a: Samurott|0 fnt
|-boost|p1a: Great Tusk|spe|1
|-sideend|p1: TheMarshyBoi|Spikes|[from] move: Rapid Spin|[of] p1a: Great Tusk
|faint|p2a: Samurott
|
|upkeep
|
|t:|1758317335
|switch|p2a: Slowking|Slowking-Galar, F|100/100
|turn|3
|
|t:|1758317343
|switch|p2a: Articuno|Articuno|100/100
|-ability|p2a: Articuno|Pressure
|move|p1a: Great Tusk|Headlong Rush|p2a: Articuno
|-immune|p2a: Articuno
|
|upkeep
|turn|4
|
|t:|1758317353
|-end|p1a: Great Tusk|Protosynthesis|[silent]
|switch|p1a: Iron Crown|Iron Crown|100/100
|move|p2a: Articuno|Freeze-Dry|p1a: Iron Crown
|-resisted|p1a: Iron Crown
|-damage|p1a: Iron Crown|91/100
|
|upkeep
|turn|5
|
|t:|1758317362
|move|p1a: Iron Crown|Volt Switch|p2a: Articuno
|-supereffective|p2a: Articuno
|-damage|p2a: Articuno|65/100
|
|t:|1758317369
|-end|p1a: Iron Crown|Quark Drive|[silent]
|switch|p1a: Ting-Lu|Ting-Lu|100/100|[from] Volt Switch
|-ability|p1a: Ting-Lu|Vessel of Ruin
|move|p2a: Articuno|Roost|p2a: Articuno
|-heal|p2a: Articuno|100/100
|-singleturn|p2a: Articuno|move: Roost
|
|upkeep
|turn|6
|
|t:|1758317379
|move|p2a: Articuno|U-turn|p1a: Ting-Lu
|-supereffective|p1a: Ting-Lu
|-damage|p1a: Ting-Lu|86/100
|
|t:|1758317389
|switch|p2a: Enamorus|Enamorus, F|100/100|[from] U-turn
|move|p1a: Ting-Lu|Stealth Rock|p2a: Enamorus
|-sidestart|p2: leonstrall|move: Stealth Rock
|
|-heal|p1a: Ting-Lu|92/100|[from] item: Leftovers
|upkeep
|turn|7
|
|t:|1758317402
|switch|p1a: Iron Crown|Iron Crown|91/100
|move|p2a: Enamorus|Moonblast|p1a: Iron Crown
|-resisted|p1a: Iron Crown
|-damage|p1a: Iron Crown|74/100
|
|upkeep
|turn|8
|
|t:|1758317413
|switch|p2a: Great Tusk|Great Tusk|100/100
|-damage|p2a: Great Tusk|98/100|[from] Stealth Rock
|move|p1a: Iron Crown|Volt Switch|p2a: Great Tusk
|-immune|p2a: Great Tusk
|
|-heal|p2a: Great Tusk|100/100|[from] item: Leftovers
|upkeep
|turn|9
|
|t:|1758317425
|move|p1a: Iron Crown|Psychic Noise|p2a: Great Tusk
|-supereffective|p2a: Great Tusk
|-damage|p2a: Great Tusk|11/100
|-start|p2a: Great Tusk|move: Heal Block
|move|p2a: Great Tusk|Rapid Spin|p1a: Iron Crown
|-resisted|p1a: Iron Crown
|-damage|p1a: Iron Crown|66/100
|-boost|p2a: Great Tusk|spe|1
|-sideend|p2: leonstrall|Stealth Rock|[from] move: Rapid Spin|[of] p2a: Great Tusk
|
|upkeep
|turn|10
|
|t:|1758317443
|-end|p2a: Great Tusk|Protosynthesis|[silent]
|switch|p2a: Articuno|Articuno|100/100
|-ability|p2a: Articuno|Pressure
|-end|p1a: Iron Crown|Quark Drive|[silent]
|switch|p1a: Great Tusk|Great Tusk|85/100
|
|upkeep
|turn|11
|
|t:|1758317458
|-end|p1a: Great Tusk|Protosynthesis|[silent]
|switch|p1a: Iron Crown|Iron Crown|66/100
|move|p2a: Articuno|Freeze-Dry|p1a: Iron Crown
|-resisted|p1a: Iron Crown
|-damage|p1a: Iron Crown|55/100
|
|upkeep
|turn|12
|
|t:|1758317466
|-terastallize|p2a: Articuno|Ground
|move|p1a: Iron Crown|Volt Switch|p2a: Articuno
|-immune|p2a: Articuno
|move|p2a: Articuno|Tera Blast|p1a: Iron Crown|[anim] Tera Blast Ground
|-supereffective|p1a: Iron Crown
|-damage|p1a: Iron Crown|7/100
|
|upkeep
|turn|13
|
|t:|1758317476
|move|p1a: Iron Crown|Psyshock|p2a: Articuno
|-damage|p2a: Articuno|65/100
|move|p2a: Articuno|U-turn|p1a: Iron Crown
|-damage|p1a: Iron Crown|0 fnt
|faint|p1a: Iron Crown
|-end|p1a: Iron Crown|Quark Drive|[silent]
|
|t:|1758317485
|switch|p2a: Enamorus|Enamorus, F|100/100|[from] U-turn
|
|upkeep
|
|t:|1758317493
|switch|p1a: Slowking|Slowking-Galar, M|100/100
|turn|14
|
|t:|1758317500
|move|p2a: Enamorus|Earth Power|p1a: Slowking
|-supereffective|p1a: Slowking
|-damage|p1a: Slowking|52/100
|-prepare|p1a: Slowking|Chilly Reception|[premajor]
|move|p1a: Slowking|Chilly Reception|p1a: Slowking
|-weather|Snowscape
|
|t:|1758317513
|switch|p1a: Ogerpon|Ogerpon, F|100/100|[from] Chilly Reception
|
|-weather|Snowscape|[upkeep]
|upkeep
|turn|15
|
|t:|1758317523
|switch|p2a: Slowking|Slowking-Galar, F|100/100
|move|p1a: Ogerpon|Rock Tomb|p2a: Slowking
|-damage|p2a: Slowking|68/100
|-unboost|p2a: Slowking|spe|1
|
|-weather|Snowscape|[upkeep]
|upkeep
|turn|16
|
|t:|1758317535
|switch|p1a: Ting-Lu|Ting-Lu|92/100
|-ability|p1a: Ting-Lu|Vessel of Ruin
|move|p2a: Slowking|Future Sight|p1a: Ting-Lu
|-start|p2a: Slowking|move: Future Sight
|
|-weather|Snowscape|[upkeep]
|-heal|p1a: Ting-Lu|99/100|[from] item: Leftovers
|upkeep
|turn|17
|
|t:|1758317544
|move|p1a: Ting-Lu|Stealth Rock|p2a: Slowking
|-sidestart|p2: leonstrall|move: Stealth Rock
|move|p2a: Slowking|Toxic|p1a: Ting-Lu
|-status|p1a: Ting-Lu|tox
|
|-weather|Snowscape|[upkeep]
|-heal|p1a: Ting-Lu|100/100 tox|[from] item: Leftovers
|-damage|p1a: Ting-Lu|94/100 tox|[from] psn
|upkeep
|turn|18
|
|t:|1758317556
|move|p2a: Slowking|Sludge Bomb|p1a: Ting-Lu
|-resisted|p1a: Ting-Lu
|-damage|p1a: Ting-Lu|87/100 tox
|move|p1a: Ting-Lu|Whirlwind|p2a: Slowking
|drag|p2a: Enamorus|Enamorus, F|100/100
|-damage|p2a: Enamorus|76/100|[from] Stealth Rock
|
|-weather|none
|-end|p1a: Ting-Lu|move: Future Sight
|-immune|p1a: Ting-Lu
|-heal|p1a: Ting-Lu|93/100 tox|[from] item: Leftovers
|-damage|p1a: Ting-Lu|81/100 tox|[from] psn
|upkeep
|turn|19
|
|t:|1758317574
|move|p2a: Enamorus|Moonblast|p1a: Ting-Lu
|-supereffective|p1a: Ting-Lu
|-damage|p1a: Ting-Lu|38/100 tox
|-unboost|p1a: Ting-Lu|spa|1
|move|p1a: Ting-Lu|Whirlwind|p2a: Enamorus
|drag|p2a: Raging Bolt|Raging Bolt|100/100
|-damage|p2a: Raging Bolt|88/100|[from] Stealth Rock
|-enditem|p2a: Raging Bolt|Booster Energy
|-activate|p2a: Raging Bolt|ability: Protosynthesis|[fromitem]
|-start|p2a: Raging Bolt|protosynthesisspa
|
|-heal|p1a: Ting-Lu|45/100 tox|[from] item: Leftovers
|-damage|p1a: Ting-Lu|26/100 tox|[from] psn
|upkeep
|turn|20
|
|t:|1758317590
|move|p2a: Raging Bolt|Dragon Pulse|p1a: Ting-Lu
|-damage|p1a: Ting-Lu|0 fnt
|faint|p1a: Ting-Lu
|
|upkeep
|
|t:|1758317595
|switch|p1a: Great Tusk|Great Tusk|85/100
|turn|21
|
|t:|1758317606
|move|p1a: Great Tusk|Headlong Rush|p2a: Raging Bolt
|-supereffective|p2a: Raging Bolt
|-damage|p2a: Raging Bolt|0 fnt
|-unboost|p1a: Great Tusk|def|1
|-unboost|p1a: Great Tusk|spd|1
|faint|p2a: Raging Bolt
|-end|p2a: Raging Bolt|Protosynthesis|[silent]
|
|upkeep
|
|t:|1758317615
|switch|p2a: Articuno|Articuno, tera:Ground|65/100
|-ability|p2a: Articuno|Pressure
|turn|22
|
|t:|1758317622
|-end|p1a: Great Tusk|Protosynthesis|[silent]
|switch|p1a: Slowking|Slowking-Galar, M|85/100
|switch|p2a: Enamorus|Enamorus, F|76/100
|-damage|p2a: Enamorus|51/100|[from] Stealth Rock
|
|upkeep
|turn|23
|inactive|Battle timer is ON: inactive players will automatically lose when time's up. (requested by TheMarshyBoi)
|
|t:|1758317640
|move|p2a: Enamorus|Moonblast|p1a: Slowking
|-resisted|p1a: Slowking
|-damage|p1a: Slowking|65/100
|-unboost|p1a: Slowking|spa|1
|move|p1a: Slowking|Sludge Bomb|p2a: Enamorus
|-supereffective|p2a: Enamorus
|-damage|p2a: Enamorus|0 fnt
|faint|p2a: Enamorus
|
|upkeep
|
|t:|1758317651
|switch|p2a: Great Tusk|Great Tusk|11/100
|-damage|p2a: Great Tusk|8/100|[from] Stealth Rock
|turn|24
|
|t:|1758317659
|switch|p1a: Ogerpon|Ogerpon, F|100/100
|move|p2a: Great Tusk|Rapid Spin|p1a: Ogerpon
|-damage|p1a: Ogerpon|82/100
|-boost|p2a: Great Tusk|spe|1
|-sideend|p2: leonstrall|Stealth Rock|[from] move: Rapid Spin|[of] p2a: Great Tusk
|
|-heal|p2a: Great Tusk|14/100|[from] item: Leftovers
|upkeep
|turn|25
|
|t:|1758317671
|-terastallize|p1a: Ogerpon|Grass
|detailschange|p1a: Ogerpon|Ogerpon-Teal-Tera, F, tera:Grass
|-ability|p1a: Ogerpon|Embody Aspect (Teal)|boost
|-boost|p1a: Ogerpon|spe|1
|move|p1a: Ogerpon|Ivy Cudgel|p2a: Great Tusk
|-supereffective|p2a: Great Tusk
|-damage|p2a: Great Tusk|0 fnt
|faint|p2a: Great Tusk
|-end|p2a: Great Tusk|Protosynthesis|[silent]
|
|upkeep
|
|t:|1758317681
|switch|p2a: Slowking|Slowking-Galar, F|100/100
|turn|26
|
|t:|1758317686
|switch|p1a: Slowking|Slowking-Galar, M|98/100
|move|p2a: Slowking|Sludge Bomb|p1a: Slowking
|-resisted|p1a: Slowking
|-damage|p1a: Slowking|85/100
|
|upkeep
|turn|27
|
|t:|1758317694
|move|p2a: Slowking|Future Sight|p1a: Slowking
|-start|p2a: Slowking|move: Future Sight
|-prepare|p1a: Slowking|Chilly Reception|[premajor]
|move|p1a: Slowking|Chilly Reception|p1a: Slowking
|-weather|Snowscape
|
|t:|1758317700
|switch|p1a: Great Tusk|Great Tusk|85/100|[from] Chilly Reception
|
|-weather|Snowscape|[upkeep]
|upkeep
|turn|28
|
|t:|1758317709
|move|p1a: Great Tusk|Headlong Rush|p2a: Slowking
|-supereffective|p2a: Slowking
|-damage|p2a: Slowking|0 fnt
|-unboost|p1a: Great Tusk|def|1
|-unboost|p1a: Great Tusk|spd|1
|faint|p2a: Slowking
|
|-weather|Snowscape|[upkeep]
|upkeep
|
|t:|1758317717
|switch|p2a: Articuno|Articuno, tera:Ground|65/100
|-ability|p2a: Articuno|Pressure
|turn|29
|
|t:|1758317722
|move|p1a: Great Tusk|Close Combat|p2a: Articuno
|-damage|p2a: Articuno|9/100
|-unboost|p1a: Great Tusk|def|1
|-unboost|p1a: Great Tusk|spd|1
|move|p2a: Articuno|Freeze-Dry|p1a: Great Tusk
|-supereffective|p1a: Great Tusk
|-damage|p1a: Great Tusk|0 fnt
|faint|p1a: Great Tusk
|-end|p1a: Great Tusk|Protosynthesis|[silent]
|
|-weather|Snowscape|[upkeep]
|-hint|Future Sight did not hit because the target is fainted.
|upkeep
|
|t:|1758317725
|switch|p1a: Ogerpon|Ogerpon-Teal-Tera, F, tera:Grass|82/100
|-ability|p1a: Ogerpon|Embody Aspect (Teal)|boost
|-boost|p1a: Ogerpon|spe|1
|turn|30
|
|t:|1758317738
|move|p1a: Ogerpon|Ivy Cudgel|p2a: Articuno
|-supereffective|p2a: Articuno
|-damage|p2a: Articuno|0 fnt
|faint|p2a: Articuno
|
|win|TheMarshyBoi
|raw|TheMarshyBoi's rating: 1394 &rarr; <strong>1416</strong><br />(+22 for winning)
|raw|leonstrall's rating: 1429 &rarr; <strong>1407</strong><br />(-22 for losing)
|l|☆leonstrall
|player|p2|
|l|☆TheMarshyBoi
|player|p1|
