|j|☆mbmvmv
|j|☆itstheboyjay
|t:|1758308773
|gametype|singles
|player|p1|mbmvmv|265|1184
|player|p2|itstheboyjay|102|1149
|gen|9
|tier|[Gen 9] OU
|rated|
|rule|HP Percentage Mod: HP is shown in percentages
|rule|Endless Battle Clause: Forcing endless battles is banned
|rule|Species Clause: Limit one of each Pokémon
|rule|OHKO Clause: OHKO moves are banned
|rule|Evasion Items Clause: Evasion items are banned
|rule|Evasion Moves Clause: Evasion moves are banned
|rule|Evasion Abilities Clause: Evasion abilities are banned
|rule|Sleep Moves Clause: Sleep-inducing moves are banned
|clearpoke
|poke|p1|Iron Valiant|
|poke|p1|Scizor, M|
|poke|p1|Barraskewda, M|
|poke|p1|Chansey, F|
|poke|p1|Ceruledge, M|
|poke|p1|Quaquaval, F|
|poke|p2|Salamence, M|
|poke|p2|Dusclops, M|
|poke|p2|Jirachi|
|poke|p2|Milotic, F|
|poke|p2|Slaking, F|
|poke|p2|Seviper, F|
|teampreview
|inactive|Battle timer is ON: inactive players will automatically lose when time's up. (requested by mbmvmv)
|c|☆mbmvmv|glhf
|c|☆itstheboyjay|glhf
|
|t:|1758308794
|teamsize|p1|6
|teamsize|p2|6
|start
|switch|p1a: Barraskewda|Barraskewda, M|100/100
|switch|p2a: Seviper|Seviper, F, shiny|100/100
|turn|1
|
|t:|1758308802
|switch|p2a: Salamence|Salamence, M, shiny|100/100
|-ability|p2a: Salamence|Intimidate|boost
|-unboost|p1a: Barraskewda|atk|1
|move|p1a: Barraskewda|Psychic Fangs|p2a: Salamence
|-damage|p2a: Salamence|63/100
|
|upkeep
|turn|2
|
|t:|1758308817
|switch|p1a: Scizor|Scizor, M|100/100
|move|p2a: Salamence|Fire Blast|p1a: Scizor
|-supereffective|p1a: Scizor
|-damage|p1a: Scizor|0 fnt
|faint|p1a: Scizor
|
|upkeep
|
|t:|1758308831
|switch|p1a: Chansey|Chansey, F|100/100
|turn|3
|
|t:|1758308837
|switch|p2a: Dusclops|Dusclops, M, shiny|100/100
|-ability|p2a: Dusclops|Pressure
|move|p1a: Chansey|Stealth Rock|p2a: Dusclops
|-sidestart|p2: itstheboyjay|move: Stealth Rock
|
|upkeep
|turn|4
|
|t:|1758308850
|switch|p1a: Ceruledge|Ceruledge, M|100/100
|move|p2a: Dusclops|Bind|p1a: Ceruledge
|-immune|p1a: Ceruledge
|
|upkeep
|turn|5
|
|t:|1758308858
|move|p1a: Ceruledge|Swords Dance|p1a: Ceruledge
|-boost|p1a: Ceruledge|atk|2
|move|p2a: Dusclops|Night Shade|p1a: Ceruledge
|-damage|p1a: Ceruledge|66/100
|
|upkeep
|turn|6
|
|t:|1758308871
|switch|p2a: Salamence|Salamence, M, shiny|63/100
|-damage|p2a: Salamence|39/100|[from] Stealth Rock
|-ability|p2a: Salamence|Intimidate|boost
|-unboost|p1a: Ceruledge|atk|1
|move|p1a: Ceruledge|Swords Dance|p1a: Ceruledge
|-boost|p1a: Ceruledge|atk|2
|
|upkeep
|turn|7
|
|t:|1758308879
|move|p2a: Salamence|Hydro Pump|p1a: Ceruledge
|-supereffective|p1a: Ceruledge
|-damage|p1a: Ceruledge|0 fnt
|faint|p1a: Ceruledge
|
|upkeep
|
|t:|1758308894
|switch|p1a: Iron Valiant|Iron Valiant|100/100
|-enditem|p1a: Iron Valiant|Booster Energy
|-activate|p1a: Iron Valiant|ability: Quark Drive|[fromitem]
|-start|p1a: Iron Valiant|quarkdrivedef
|turn|8
|
|t:|1758308904
|switch|p2a: Milotic|Milotic, F, shiny|100/100
|-damage|p2a: Milotic|88/100|[from] Stealth Rock
|move|p1a: Iron Valiant|Agility|p1a: Iron Valiant
|-boost|p1a: Iron Valiant|spe|2
|
|-heal|p2a: Milotic|94/100|[from] item: Leftovers
|upkeep
|turn|9
|
|t:|1758308913
|move|p1a: Iron Valiant|Calm Mind|p1a: Iron Valiant
|-boost|p1a: Iron Valiant|spa|1
|-boost|p1a: Iron Valiant|spd|1
|move|p2a: Milotic|Mirror Coat||[still]
|-fail|p2a: Milotic
|
|-heal|p2a: Milotic|99/100|[from] item: Leftovers
|upkeep
|turn|10
|
|t:|1758308924
|move|p1a: Iron Valiant|Calm Mind|p1a: Iron Valiant
|-boost|p1a: Iron Valiant|spa|1
|-boost|p1a: Iron Valiant|spd|1
|move|p2a: Milotic|Scald|p1a: Iron Valiant
|-damage|p1a: Iron Valiant|75/100
|
|-heal|p2a: Milotic|100/100|[from] item: Leftovers
|upkeep
|turn|11
|
|t:|1758308931
|move|p1a: Iron Valiant|Moonblast|p2a: Milotic
|-damage|p2a: Milotic|52/100
|move|p2a: Milotic|Mirror Coat|p1a: Iron Valiant
|-damage|p1a: Iron Valiant|0 fnt
|faint|p1a: Iron Valiant
|-end|p1a: Iron Valiant|Quark Drive|[silent]
|
|-heal|p2a: Milotic|59/100|[from] item: Leftovers
|upkeep
|-message|mbmvmv forfeited.
|
|win|itstheboyjay
|raw|mbmvmv's rating: 1184 &rarr; <strong>1156</strong><br />(-28 for losing)
|raw|itstheboyjay's rating: 1149 &rarr; <strong>1177</strong><br />(+28 for winning)
|l|☆mbmvmv
|player|p1|
|l|☆itstheboyjay
|player|p2|
