|j|☆xail44
|j|☆bladesatoshix
|t:|1758356821
|gametype|singles
|player|p1|xail44|169|1240
|player|p2|bladesatoshix|drayden|1295
|gen|9
|tier|[Gen 9] OU
|rated|
|rule|HP Percentage Mod: HP is shown in percentages
|rule|Endless Battle Clause: Forcing endless battles is banned
|rule|Species Clause: Limit one of each Pokémon
|rule|OHKO Clause: OHKO moves are banned
|rule|Evasion Items Clause: Evasion items are banned
|rule|Evasion Moves Clause: Evasion moves are banned
|rule|Evasion Abilities Clause: Evasion abilities are banned
|rule|Sleep Moves Clause: Sleep-inducing moves are banned
|clearpoke
|poke|p1|Meowstic, M|
|poke|p1|Ludicolo, M|
|poke|p1|Politoed, F|
|poke|p1|Deoxys-Speed|
|poke|p1|Corviknight, F|
|poke|p1|Pawmot, M|
|poke|p2|Swampert, M|
|poke|p2|Clefable, F|
|poke|p2|Ogerpon-Cornerstone, F|
|poke|p2|Lokix, M|
|poke|p2|Weezing-Galar, M|
|poke|p2|Gholdengo|
|teampreview
|inactive|Battle timer is ON: inactive players will automatically lose when time's up. (requested by bladesatoshix)
|inactive|xail44 also wants the timer to be on.
|
|t:|1758356824
|teamsize|p1|6
|teamsize|p2|6
|start
|switch|p1a: Deoxys|Deoxys-Speed|100/100
|switch|p2a: issho|Swampert, M|100/100
|-ability|p1a: Deoxys|Pressure
|turn|1
|c|☆bladesatoshix|glhf
|
|t:|1758356831
|move|p1a: Deoxys|Stealth Rock|p2a: issho
|-sidestart|p2: bladesatoshix|move: Stealth Rock
|move|p2a: issho|Knock Off|p1a: Deoxys
|-supereffective|p1a: Deoxys
|-damage|p1a: Deoxys|31/100
|-enditem|p1a: Deoxys|Focus Sash|[from] move: Knock Off|[of] p2a: issho
|
|upkeep
|turn|2
|c|☆bladesatoshix|:)
|
|t:|1758356839
|move|p1a: Deoxys|Spikes|p2a: issho
|-sidestart|p2: bladesatoshix|Spikes
|move|p2a: issho|Stealth Rock|p1a: Deoxys
|-sidestart|p1: xail44|move: Stealth Rock
|
|upkeep
|turn|3
|
|t:|1758356846
|move|p1a: Deoxys|Psycho Boost|p2a: issho
|-damage|p2a: issho|62/100
|-unboost|p1a: Deoxys|spa|2
|move|p2a: issho|Flip Turn|p1a: Deoxys
|-damage|p1a: Deoxys|0 fnt
|faint|p1a: Deoxys
|
|t:|1758356850
|switch|p2a: shiguma|Weezing-Galar, M, shiny|100/100|[from] Flip Turn
|-ability|p2a: shiguma|Neutralizing Gas
|
|upkeep
|c|☆bladesatoshix|awesome team
|
|t:|1758356869
|switch|p1a: Meowstic|Meowstic, M|100/100
|-damage|p1a: Meowstic|88/100|[from] Stealth Rock
|turn|4
|
|t:|1758356874
|move|p1a: Meowstic|Nasty Plot|p1a: Meowstic
|-boost|p1a: Meowstic|spa|2
|move|p2a: shiguma|Defog|p1a: Meowstic
|-unboost|p1a: Meowstic|evasion|1
|-sideend|p1: xail44|Stealth Rock|[from] move: Defog|[of] p2a: shiguma
|-sideend|p2: bladesatoshix|Spikes|[from] move: Defog|[of] p2a: shiguma
|-sideend|p2: bladesatoshix|Stealth Rock|[from] move: Defog|[of] p2a: shiguma
|
|upkeep
|turn|5
|
|t:|1758356883
|-end|p2a: shiguma|ability: Neutralizing Gas
|switch|p2a: akane|Clefable, F|100/100
|move|p1a: Meowstic|Psychic Noise|p2a: akane
|-damage|p2a: akane|74/100
|-start|p2a: akane|move: Heal Block
|-enditem|p1a: Meowstic|Throat Spray
|-boost|p1a: Meowstic|spa|1|[from] item: Throat Spray
|
|upkeep
|turn|6
|
|t:|1758356902
|-terastallize|p1a: Meowstic|Psychic
|move|p1a: Meowstic|Psychic Noise|p2a: akane
|-damage|p2a: akane|36/100
|move|p2a: akane|Moonblast|p1a: Meowstic
|-damage|p1a: Meowstic|43/100
|
|-end|p2a: akane|move: Heal Block
|upkeep
|turn|7
|
|t:|1758356912
|move|p2a: akane|Protect|p2a: akane
|-singleturn|p2a: akane|Protect
|move|p1a: Meowstic|Psychic Noise|p2a: akane
|-activate|p2a: akane|move: Protect
|
|-heal|p2a: akane|42/100|[from] item: Leftovers
|upkeep
|turn|8
|
|t:|1758356926
|move|p1a: Meowstic|Psychic Noise|p2a: akane
|-damage|p2a: akane|6/100
|-start|p2a: akane|move: Heal Block
|move|p2a: akane|Moonblast|p1a: Meowstic
|-crit|p1a: Meowstic
|-damage|p1a: Meowstic|0 fnt
|faint|p1a: Meowstic
|
|upkeep
|
|t:|1758356938
|switch|p1a: Politoed|Politoed, F|100/100
|-weather|RainDance|[from] ability: Drizzle|[of] p1a: Politoed
|turn|9
|
|t:|1758356948
|move|p2a: akane|Protect|p2a: akane
|-singleturn|p2a: akane|Protect
|move|p1a: Politoed|Surf|p2a: akane
|-activate|p2a: akane|move: Protect
|
|-weather|RainDance|[upkeep]
|-end|p2a: akane|move: Heal Block
|upkeep
|turn|10
|
|t:|1758356954
|switch|p2a: issho|Swampert, M|62/100
|move|p1a: Politoed|Surf|p2a: issho
|-damage|p2a: issho|21/100
|
|-weather|RainDance|[upkeep]
|-heal|p2a: issho|27/100|[from] item: Leftovers
|upkeep
|turn|11
|
|t:|1758356959
|move|p1a: Politoed|Surf|p2a: issho
|-damage|p2a: issho|0 fnt
|faint|p2a: issho
|
|-weather|RainDance|[upkeep]
|upkeep
|
|t:|1758356962
|switch|p2a: hikaru|Ogerpon-Cornerstone, F|100/100
|turn|12
|
|t:|1758356965
|move|p2a: hikaru|Horn Leech|p1a: Politoed
|-supereffective|p1a: Politoed
|-damage|p1a: Politoed|0 fnt
|faint|p1a: Politoed
|
|-weather|RainDance|[upkeep]
|upkeep
|
|t:|1758356972
|switch|p1a: Ludicolo|Ludicolo, M|100/100
|turn|13
|
|t:|1758356982
|switch|p2a: akane|Clefable, F|6/100
|move|p1a: Ludicolo|Swords Dance|p1a: Ludicolo
|-boost|p1a: Ludicolo|atk|2
|
|-weather|RainDance|[upkeep]
|-heal|p2a: akane|12/100|[from] item: Leftovers
|upkeep
|turn|14
|
|t:|1758356990
|move|p2a: akane|Protect|p2a: akane
|-singleturn|p2a: akane|Protect
|move|p1a: Ludicolo|Ice Spinner|p2a: akane
|-activate|p2a: akane|move: Protect
|
|-weather|RainDance|[upkeep]
|-heal|p2a: akane|18/100|[from] item: Leftovers
|upkeep
|turn|15
|
|t:|1758356992
|move|p1a: Ludicolo|Ice Spinner|p2a: akane
|-damage|p2a: akane|3/100
|move|p2a: akane|Wish|p2a: akane
|
|-weather|RainDance|[upkeep]
|-heal|p2a: akane|9/100|[from] item: Leftovers
|upkeep
|turn|16
|
|t:|1758356999
|move|p2a: akane|Protect|p2a: akane
|-singleturn|p2a: akane|Protect
|move|p1a: Ludicolo|Swords Dance|p1a: Ludicolo
|-boost|p1a: Ludicolo|atk|2
|
|-weather|none
|-heal|p2a: akane|59/100|[from] move: Wish|[wisher] akane
|-heal|p2a: akane|65/100|[from] item: Leftovers
|upkeep
|turn|17
|
|t:|1758357003
|move|p1a: Ludicolo|Bullet Seed|p2a: akane
|-damage|p2a: akane|59/100
|-damage|p2a: akane|51/100
|-damage|p2a: akane|43/100
|-damage|p2a: akane|36/100
|-damage|p2a: akane|28/100
|-hitcount|p2a: akane|5
|move|p2a: akane|Calm Mind|p2a: akane
|-boost|p2a: akane|spa|1
|-boost|p2a: akane|spd|1
|
|-heal|p2a: akane|35/100|[from] item: Leftovers
|upkeep
|turn|18
|
|t:|1758357020
|move|p2a: akane|Protect|p2a: akane
|-singleturn|p2a: akane|Protect
|move|p1a: Ludicolo|Bullet Seed|p2a: akane
|-activate|p2a: akane|move: Protect
|
|-heal|p2a: akane|41/100|[from] item: Leftovers
|upkeep
|turn|19
|c|☆bladesatoshix|!DT ludicolo
|raw|<div class="message"><ul class="utilichart"><li class="result"><span class="col numcol">ZU</span> <span class="col iconcol"><psicon pokemon="ludicolo"/></span> <span class="col pokemonnamecol" style="white-space:nowrap"><a href="https://dex.pokemonshowdown.com/pokemon/ludicolo" target="_blank">Ludicolo</a></span> <span class="col typecol"><img src="https://play.pokemonshowdown.com/sprites/types/Water.png" alt="Water" height="14" width="32"><img src="https://play.pokemonshowdown.com/sprites/types/Grass.png" alt="Grass" height="14" width="32"></span> <span style="float:left;min-height:26px"><span class="col twoabilitycol">Swift Swim<br />Rain Dish</span><span class="col abilitycol"><em>Own Tempo</em></span></span><span style="float:left;min-height:26px"><span class="col statcol"><em>HP</em><br />80</span> <span class="col statcol"><em>Atk</em><br />70</span> <span class="col statcol"><em>Def</em><br />70</span> <span class="col statcol"><em>SpA</em><br />90</span> <span class="col statcol"><em>SpD</em><br />100</span> <span class="col statcol"><em>Spe</em><br />70</span> <span class="col bstcol"><em>BST<br />480</em></span> </span></li><li style="clear:both"></li></ul></div>
|raw|<font size="1"><font color="#686868">Dex#:</font> 272&nbsp;|&ThickSpace;<font color="#686868">Gen:</font> 3&nbsp;|&ThickSpace;<font color="#686868">Height:</font> 1.5 m&nbsp;|&ThickSpace;<font color="#686868">Weight:</font> 55 kg <em>(80 BP)</em>&nbsp;|&ThickSpace;<font color="#686868">Dex Colour:</font> Green&nbsp;|&ThickSpace;<font color="#686868">Egg Group(s):</font> Water 1, Grass&nbsp;|&ThickSpace;<font color="#686868">Pre-Evolution:</font> Lombre&nbsp;|&ThickSpace;<font color="#686868">Does Not Evolve</font></font>

|
|t:|1758357039
|move|p1a: Ludicolo|Ice Spinner|p2a: akane
|-damage|p2a: akane|25/100
|move|p2a: akane|Wish|p2a: akane
|
|-heal|p2a: akane|31/100|[from] item: Leftovers
|upkeep
|turn|20
|
|t:|1758357049
|switch|p1a: Corviknight|Corviknight, F|100/100
|move|p2a: akane|Protect||[still]
|-fail|p2a: akane
|
|-heal|p2a: akane|81/100|[from] move: Wish|[wisher] akane
|-heal|p2a: akane|87/100|[from] item: Leftovers
|upkeep
|turn|21
|
|t:|1758357055
|switch|p2a: chocho|Gholdengo|100/100
|-item|p2a: chocho|Air Balloon
|move|p1a: Corviknight|Flash Cannon|p2a: chocho
|-resisted|p2a: chocho
|-damage|p2a: chocho|87/100
|-enditem|p2a: chocho|Air Balloon
|
|upkeep
|turn|22
|
|t:|1758357074
|switch|p1a: Ludicolo|Ludicolo, M|100/100
|move|p2a: chocho|Shadow Ball|p1a: Ludicolo
|-damage|p1a: Ludicolo|48/100
|
|upkeep
|turn|23
|-message|xail44 forfeited.
|
|win|bladesatoshix
|raw|xail44's rating: 1240 &rarr; <strong>1219</strong><br />(-21 for losing)
|raw|bladesatoshix's rating: 1295 &rarr; <strong>1316</strong><br />(+21 for winning)
|l|☆xail44
|player|p1|
|c|☆bladesatoshix|gg
|l|☆bladesatoshix
|player|p2|
