|j|☆zDangon
|j|☆Ivinooby
|html|<table width="100%"><tr><td align="left">zDangon</td><td align="right">Ivinooby</tr><tr><td align="left"><i class="fa fa-circle-o"></i> <i class="fa fa-circle-o"></i> </td><td align="right"><i class="fa fa-circle-o"></i> <i class="fa fa-circle-o"></i> </tr></table>
|uhtml|bestof|<h2><strong>Game 1</strong> of <a href="/game-bestof3-gen9ou-2445490870">a best-of-3</a></h2>
|t:|1758356245
|gametype|singles
|player|p1|zDangon|265|
|player|p2|Ivinooby|ghetsis-gen5bw|
|gen|9
|tier|[Gen 9] OU
|rule|HP Percentage Mod: HP is shown in percentages
|rule|Endless Battle Clause: Forcing endless battles is banned
|rule|Species Clause: Limit one of each Pokémon
|rule|OHKO Clause: OHKO moves are banned
|rule|Evasion Items Clause: Evasion items are banned
|rule|Evasion Moves Clause: Evasion moves are banned
|rule|Evasion Abilities Clause: Evasion abilities are banned
|rule|Sleep Moves Clause: Sleep-inducing moves are banned
|raw|<div class="infobox"><details class="readmore"><summary><strong>6 custom rules:</strong></summary> Force Open Team Sheets, Anything Goes, maxteamsize=8, Picked Team Size = 6, Adjust Level = 100, bestof=3</details></div>
|clearpoke
|poke|p1|Dragapult, M|
|poke|p1|Glimmora, F|
|poke|p1|Hawlucha, M|
|poke|p1|Rillaboom, F|
|poke|p1|Gholdengo|
|poke|p1|Rotom-Wash|
|poke|p1|Alomomola, F|
|poke|p1|Corviknight, F|
|poke|p2|Corviknight, M|
|poke|p2|Clodsire, M|
|poke|p2|Cinderace, F|
|poke|p2|Dragapult, M|
|poke|p2|Quaquaval, F|
|poke|p2|Clefable, F|
|poke|p2|Mandibuzz, F|
|poke|p2|Gholdengo|
|teampreview|6
|showteam|p1|Dragapult||ChoiceSpecs|Infiltrator|DracoMeteor,ShadowBall,Flamethrower,Uturn|||M||||,,,,,Dragon]Glimmora||FocusSash|ToxicDebris|PowerGem,SludgeBomb,StealthRock,Spikes|||F||||,,,,,Rock]Hawlucha||GrassySeed|Unburden|HighJumpKick,Acrobatics,SwordsDance,Roost|||M||||,,,,,Fighting]Rillaboom||AssaultVest|GrassySurge|GrassyGlide,WoodHammer,KnockOff,Uturn|||F||||,,,,,Grass]Gholdengo||ChoiceScarf|GoodasGold|ShadowBall,FlashCannon,ThunderWave,Thunderbolt|||||||,,,,,Steel]Rotom-Wash||SitrusBerry|Levitate|WillOWisp,HydroPump,PainSplit,VoltSwitch|||||||,,,,,Steel]Alomomola||Leftovers|Regenerator|Scald,FlipTurn,Protect,Wish|||F||||,,,,,Water]Corviknight||RockyHelmet|MirrorArmor|Roost,Defog,BraveBird,Uturn|||F||||,,,,,Flying
|showteam|p2|Corviknight||RockyHelmet|MirrorArmor|Roost,BulkUp,BodyPress,DrillPeck|||M||||,,,,,Flying]Clodsire||BlackSludge|WaterAbsorb|ChillingWater,Recover,Toxic,Earthquake|||M||||,,,,,Poison]Cinderace||ChoiceScarf|Libero|Uturn,PyroBall,ZenHeadbutt,GunkShot|||F||||,,,,,Fire]Dragapult||ChoiceSpecs|ClearBody|Uturn,ShadowBall,DracoMeteor,Thunderbolt|||M||||,,,,,Dragon]Quaquaval||AssaultVest|Moxie|AquaJet,AquaStep,CloseCombat,IceSpinner|||F||||,,,,,Water]Clefable||Leftovers|MagicGuard|StealthRock,Moonlight,CosmicPower,Moonblast|||F||||,,,,,Fairy]Mandibuzz||AbilityShield|Overcoat|Roost,FoulPlay,Toxic,Protect|||F||||,,,,,Dark]Gholdengo||FocusSash|GoodasGold|NastyPlot,MakeItRain,Psyshock,ShadowBall|||||||,,,,,Steel
|c|☆Ivinooby|buenasss
|c|☆zDangon|hola
|c|☆Ivinooby|como quieres hacer lo del ban?
|c|☆zDangon|lo decimos a la vez
|c|☆zDangon|con una cuenta atras
|c|☆Ivinooby|Dale
|c|☆zDangon|espera que piense y te aviso
|c|☆zDangon|vale yo ya estoy
|c|☆Ivinooby|yo igual
|c|☆Ivinooby|3
|c|☆zDangon|a la de 3 vale?
|c|☆Ivinooby|a ssi
|c|☆zDangon|3
|c|☆zDangon|2
|c|☆zDangon|1
|c|☆Ivinooby|rotom
|c|☆zDangon|corvi
|
|t:|1758356455
|teamsize|p1|6
|teamsize|p2|6
|start
|switch|p1a: Alomomola|Alomomola, F|100/100
|switch|p2a: Dragapult|Dragapult, M|100/100
|turn|1
|c|☆zDangon|tenemos que decir que poke no usamos a parte del ban
|c|☆Ivinooby|yo deje fuera a gholdengo
|c|☆zDangon|yo no uso a hawlucha
|c|☆Ivinooby|okeyyy
|
|t:|1758356523
|move|p1a: Alomomola|Protect|p1a: Alomomola
|-singleturn|p1a: Alomomola|Protect
|move|p2a: Dragapult|Shadow Ball|p1a: Alomomola
|-activate|p1a: Alomomola|move: Protect
|
|upkeep
|turn|2
|
|t:|1758356532
|move|p2a: Dragapult|Shadow Ball|p1a: Alomomola
|-damage|p1a: Alomomola|40/100
|move|p1a: Alomomola|Flip Turn|p2a: Dragapult
|-resisted|p2a: Dragapult
|-damage|p2a: Dragapult|91/100
|
|t:|1758356541
|switch|p1a: Gholdengo|Gholdengo|100/100|[from] Flip Turn
|
|upkeep
|turn|3
|
|t:|1758356550
|switch|p2a: Clodsire|Clodsire, M|100/100
|move|p1a: Gholdengo|Shadow Ball|p2a: Clodsire
|-damage|p2a: Clodsire|79/100
|
|-heal|p2a: Clodsire|85/100|[from] item: Black Sludge
|upkeep
|turn|4
|
|t:|1758356567
|switch|p1a: Corviknight|Corviknight, F|100/100
|move|p2a: Clodsire|Earthquake|p1a: Corviknight
|-immune|p1a: Corviknight
|
|-heal|p2a: Clodsire|91/100|[from] item: Black Sludge
|upkeep
|turn|5
|
|t:|1758356580
|switch|p2a: Cinderace|Cinderace, F|100/100
|move|p1a: Corviknight|Brave Bird|p2a: Cinderace
|-damage|p2a: Cinderace|44/100
|-damage|p1a: Corviknight|86/100|[from] Recoil
|
|upkeep
|turn|6
|
|t:|1758356590
|switch|p1a: Alomomola|Alomomola, F|73/100
|move|p2a: Cinderace|U-turn|p1a: Alomomola
|-start|p2a: Cinderace|typechange|Bug|[from] ability: Libero
|-damage|p1a: Alomomola|54/100
|
|t:|1758356598
|switch|p2a: Clefable|Clefable, F|100/100|[from] U-turn
|
|-heal|p1a: Alomomola|61/100|[from] item: Leftovers
|upkeep
|turn|7
|
|t:|1758356605
|move|p1a: Alomomola|Flip Turn|p2a: Clefable
|-damage|p2a: Clefable|87/100
|
|t:|1758356614
|switch|p1a: Gholdengo|Gholdengo|100/100|[from] Flip Turn
|move|p2a: Clefable|Stealth Rock|p1a: Gholdengo
|-sidestart|p1: zDangon|move: Stealth Rock
|
|-heal|p2a: Clefable|93/100|[from] item: Leftovers
|upkeep
|turn|8
|
|t:|1758356635
|switch|p2a: Clodsire|Clodsire, M|91/100
|move|p1a: Gholdengo|Thunder Wave|p2a: Clodsire
|-immune|p2a: Clodsire
|
|-heal|p2a: Clodsire|97/100|[from] item: Black Sludge
|upkeep
|turn|9
|
|t:|1758356643
|switch|p1a: Corviknight|Corviknight, F|86/100
|-damage|p1a: Corviknight|74/100|[from] Stealth Rock
|move|p2a: Clodsire|Chilling Water|p1a: Corviknight
|-damage|p1a: Corviknight|68/100
|-ability|p1a: Corviknight|Mirror Armor
|-unboost|p2a: Clodsire|atk|1
|
|-heal|p2a: Clodsire|100/100|[from] item: Black Sludge
|upkeep
|turn|10
|
|t:|1758356657
|move|p1a: Corviknight|Defog|p2a: Clodsire
|-unboost|p2a: Clodsire|evasion|1
|-sideend|p1: zDangon|Stealth Rock|[from] move: Defog|[of] p1a: Corviknight
|move|p2a: Clodsire|Recover||[still]
|-fail|p2a: Clodsire|heal
|
|upkeep
|turn|11
|
|t:|1758356664
|switch|p2a: Mandibuzz|Mandibuzz, F|100/100
|move|p1a: Corviknight|Roost|p1a: Corviknight
|-heal|p1a: Corviknight|100/100
|-singleturn|p1a: Corviknight|move: Roost
|
|upkeep
|turn|12
|
|t:|1758356674
|move|p2a: Mandibuzz|Protect|p2a: Mandibuzz
|-singleturn|p2a: Mandibuzz|Protect
|move|p1a: Corviknight|U-turn|p2a: Mandibuzz
|-activate|p2a: Mandibuzz|move: Protect
|
|upkeep
|turn|13
|
|t:|1758356682
|move|p2a: Mandibuzz|Toxic|p1a: Corviknight
|-immune|p1a: Corviknight
|move|p1a: Corviknight|U-turn|p2a: Mandibuzz
|-damage|p2a: Mandibuzz|91/100
|
|t:|1758356686
|switch|p1a: Glimmora|Glimmora, F|100/100|[from] U-turn
|
|upkeep
|turn|14
|
|t:|1758356697
|switch|p2a: Dragapult|Dragapult, M|91/100
|move|p1a: Glimmora|Stealth Rock|p2a: Dragapult
|-sidestart|p2: Ivinooby|move: Stealth Rock
|
|upkeep
|turn|15
|
|t:|1758356704
|move|p2a: Dragapult|Draco Meteor|p1a: Glimmora
|-enditem|p1a: Glimmora|Focus Sash
|-damage|p1a: Glimmora|1/100
|-unboost|p2a: Dragapult|spa|2
|move|p1a: Glimmora|Spikes|p2a: Dragapult
|-sidestart|p2: Ivinooby|Spikes
|
|upkeep
|turn|16
|
|t:|1758356713
|switch|p1a: Corviknight|Corviknight, F|100/100
|move|p2a: Dragapult|Draco Meteor|p1a: Corviknight
|-resisted|p1a: Corviknight
|-damage|p1a: Corviknight|79/100
|-unboost|p2a: Dragapult|spa|2
|
|upkeep
|turn|17
|
|t:|1758356726
|switch|p2a: Mandibuzz|Mandibuzz, F|91/100
|-damage|p2a: Mandibuzz|66/100|[from] Stealth Rock
|move|p1a: Corviknight|U-turn|p2a: Mandibuzz
|-damage|p2a: Mandibuzz|56/100
|
|t:|1758356733
|switch|p1a: Glimmora|Glimmora, F|1/100|[from] U-turn
|
|upkeep
|turn|18
|
|t:|1758356738
|move|p1a: Glimmora|Spikes|p2a: Mandibuzz
|-sidestart|p2: Ivinooby|Spikes
|move|p2a: Mandibuzz|Roost|p2a: Mandibuzz
|-heal|p2a: Mandibuzz|100/100
|-singleturn|p2a: Mandibuzz|move: Roost
|
|upkeep
|turn|19
|
|t:|1758356744
|move|p1a: Glimmora|Spikes|p2a: Mandibuzz
|-sidestart|p2: Ivinooby|Spikes
|move|p2a: Mandibuzz|Foul Play|p1a: Glimmora
|-damage|p1a: Glimmora|0 fnt
|-activate|p1a: Glimmora|ability: Toxic Debris
|-sidestart|p2: Ivinooby|move: Toxic Spikes
|faint|p1a: Glimmora
|
|upkeep
|
|t:|1758356757
|switch|p1a: Gholdengo|Gholdengo|100/100
|turn|20
|
|t:|1758356764
|switch|p2a: Clodsire|Clodsire, M|100/100
|-damage|p2a: Clodsire|94/100|[from] Stealth Rock
|-damage|p2a: Clodsire|69/100|[from] Spikes
|-sideend|p2: Ivinooby|move: Toxic Spikes|[of] p2a: Clodsire
|move|p1a: Gholdengo|Thunderbolt|p2a: Clodsire
|-immune|p2a: Clodsire
|
|-heal|p2a: Clodsire|75/100|[from] item: Black Sludge
|upkeep
|turn|21
|
|t:|1758356779
|switch|p1a: Alomomola|Alomomola, F|94/100
|move|p2a: Clodsire|Chilling Water|p1a: Alomomola
|-resisted|p1a: Alomomola
|-damage|p1a: Alomomola|90/100
|-unboost|p1a: Alomomola|atk|1
|
|-heal|p1a: Alomomola|96/100|[from] item: Leftovers
|-heal|p2a: Clodsire|82/100|[from] item: Black Sludge
|upkeep
|turn|22
|
|t:|1758356789
|move|p1a: Alomomola|Wish|p1a: Alomomola
|move|p2a: Clodsire|Toxic|p1a: Alomomola
|-status|p1a: Alomomola|tox
|
|-heal|p1a: Alomomola|100/100 tox|[from] item: Leftovers
|-heal|p2a: Clodsire|88/100|[from] item: Black Sludge
|-damage|p1a: Alomomola|94/100 tox|[from] psn
|upkeep
|turn|23
|
|t:|1758356803
|switch|p1a: Corviknight|Corviknight, F|79/100
|switch|p2a: Clefable|Clefable, F|93/100
|
|-heal|p1a: Corviknight|100/100|[from] move: Wish|[wisher] Alomomola
|-heal|p2a: Clefable|99/100|[from] item: Leftovers
|upkeep
|turn|24
|
|t:|1758356812
|move|p1a: Corviknight|U-turn|p2a: Clefable
|-resisted|p2a: Clefable
|-damage|p2a: Clefable|93/100
|
|t:|1758356815
|switch|p1a: Gholdengo|Gholdengo|100/100|[from] U-turn
|move|p2a: Clefable|Cosmic Power|p2a: Clefable
|-boost|p2a: Clefable|def|1
|-boost|p2a: Clefable|spd|1
|
|-heal|p2a: Clefable|99/100|[from] item: Leftovers
|upkeep
|turn|25
|
|t:|1758356824
|move|p1a: Gholdengo|Flash Cannon|p2a: Clefable
|-supereffective|p2a: Clefable
|-damage|p2a: Clefable|49/100
|move|p2a: Clefable|Moonlight|p2a: Clefable
|-heal|p2a: Clefable|99/100
|
|-heal|p2a: Clefable|100/100|[from] item: Leftovers
|upkeep
|turn|26
|
|t:|1758356843
|switch|p2a: Clodsire|Clodsire, M|88/100
|-damage|p2a: Clodsire|82/100|[from] Stealth Rock
|-damage|p2a: Clodsire|57/100|[from] Spikes
|move|p1a: Gholdengo|Flash Cannon|p2a: Clodsire
|-damage|p2a: Clodsire|32/100
|
|-heal|p2a: Clodsire|38/100|[from] item: Black Sludge
|upkeep
|turn|27
|
|t:|1758356852
|switch|p1a: Corviknight|Corviknight, F|100/100
|move|p2a: Clodsire|Recover|p2a: Clodsire
|-heal|p2a: Clodsire|88/100
|
|-heal|p2a: Clodsire|95/100|[from] item: Black Sludge
|upkeep
|turn|28
|
|t:|1758356860
|move|p1a: Corviknight|Brave Bird|p2a: Clodsire
|-damage|p2a: Clodsire|51/100
|-damage|p1a: Corviknight|84/100|[from] Recoil
|move|p2a: Clodsire|Chilling Water|p1a: Corviknight
|-damage|p1a: Corviknight|78/100
|-ability|p1a: Corviknight|Mirror Armor
|-unboost|p2a: Clodsire|atk|1
|
|-heal|p2a: Clodsire|58/100|[from] item: Black Sludge
|upkeep
|turn|29
|
|t:|1758356871
|move|p1a: Corviknight|Brave Bird|p2a: Clodsire
|-damage|p2a: Clodsire|18/100
|-damage|p1a: Corviknight|63/100|[from] Recoil
|move|p2a: Clodsire|Recover|p2a: Clodsire
|-heal|p2a: Clodsire|68/100
|
|-heal|p2a: Clodsire|74/100|[from] item: Black Sludge
|upkeep
|turn|30
|
|t:|1758356886
|move|p1a: Corviknight|Brave Bird|p2a: Clodsire
|-damage|p2a: Clodsire|36/100
|-damage|p1a: Corviknight|48/100|[from] Recoil
|move|p2a: Clodsire|Recover|p2a: Clodsire
|-heal|p2a: Clodsire|86/100
|
|-heal|p2a: Clodsire|92/100|[from] item: Black Sludge
|upkeep
|turn|31
|
|t:|1758356897
|move|p1a: Corviknight|Roost|p1a: Corviknight
|-heal|p1a: Corviknight|98/100
|-singleturn|p1a: Corviknight|move: Roost
|move|p2a: Clodsire|Chilling Water|p1a: Corviknight
|-damage|p1a: Corviknight|92/100
|-ability|p1a: Corviknight|Mirror Armor
|-unboost|p2a: Clodsire|atk|1
|
|-heal|p2a: Clodsire|98/100|[from] item: Black Sludge
|upkeep
|turn|32
|
|t:|1758356913
|move|p1a: Corviknight|Brave Bird|p2a: Clodsire
|-damage|p2a: Clodsire|55/100
|-damage|p1a: Corviknight|76/100|[from] Recoil
|move|p2a: Clodsire|Chilling Water|p1a: Corviknight
|-damage|p1a: Corviknight|69/100
|-ability|p1a: Corviknight|Mirror Armor
|-unboost|p2a: Clodsire|atk|1
|
|-heal|p2a: Clodsire|61/100|[from] item: Black Sludge
|upkeep
|turn|33
|
|t:|1758356924
|move|p1a: Corviknight|Brave Bird|p2a: Clodsire
|-crit|p2a: Clodsire
|-damage|p2a: Clodsire|0 fnt
|faint|p2a: Clodsire
|-damage|p1a: Corviknight|46/100|[from] Recoil
|
|upkeep
|
|t:|1758356930
|switch|p2a: Cinderace|Cinderace, F|44/100
|-damage|p2a: Cinderace|19/100|[from] Stealth Rock
|-damage|p2a: Cinderace|0 fnt|[from] Spikes
|faint|p2a: Cinderace
|
|t:|1758356938
|switch|p2a: Dragapult|Dragapult, M|91/100
|-damage|p2a: Dragapult|78/100|[from] Stealth Rock
|-damage|p2a: Dragapult|53/100|[from] Spikes
|turn|34
|
|t:|1758356949
|switch|p1a: Gholdengo|Gholdengo|100/100
|move|p2a: Dragapult|Shadow Ball|p1a: Gholdengo
|-supereffective|p1a: Gholdengo
|-damage|p1a: Gholdengo|0 fnt
|faint|p1a: Gholdengo
|
|upkeep
|
|t:|1758356954
|switch|p1a: Alomomola|Alomomola, F|100/100 tox
|turn|35
|
|t:|1758356958
|move|p2a: Dragapult|Shadow Ball|p1a: Alomomola
|-damage|p1a: Alomomola|40/100 tox
|-unboost|p1a: Alomomola|spd|1
|move|p1a: Alomomola|Wish|p1a: Alomomola
|
|-heal|p1a: Alomomola|46/100 tox|[from] item: Leftovers
|-damage|p1a: Alomomola|40/100 tox|[from] psn
|upkeep
|turn|36
|
|t:|1758356967
|switch|p1a: Corviknight|Corviknight, F|46/100
|move|p2a: Dragapult|Shadow Ball|p1a: Corviknight
|-damage|p1a: Corviknight|0 fnt
|faint|p1a: Corviknight
|
|upkeep
|
|t:|1758356972
|switch|p1a: Rillaboom|Rillaboom, F|100/100
|-fieldstart|move: Grassy Terrain|[from] ability: Grassy Surge|[of] p1a: Rillaboom
|turn|37
|
|t:|1758356976
|move|p2a: Dragapult|Shadow Ball|p1a: Rillaboom
|-damage|p1a: Rillaboom|51/100
|move|p1a: Rillaboom|Knock Off|p2a: Dragapult
|-supereffective|p2a: Dragapult
|-crit|p2a: Dragapult
|-damage|p2a: Dragapult|0 fnt
|-enditem|p2a: Dragapult|Choice Specs|[from] move: Knock Off|[of] p1a: Rillaboom
|faint|p2a: Dragapult
|
|-heal|p1a: Rillaboom|57/100|[from] Grassy Terrain
|upkeep
|
|t:|1758356989
|switch|p2a: Mandibuzz|Mandibuzz, F|100/100
|-damage|p2a: Mandibuzz|76/100|[from] Stealth Rock
|turn|38
|
|t:|1758356999
|switch|p1a: Alomomola|Alomomola, F|73/100 tox
|move|p2a: Mandibuzz|Roost|p2a: Mandibuzz
|-heal|p2a: Mandibuzz|100/100
|-singleturn|p2a: Mandibuzz|move: Roost
|
|-heal|p1a: Alomomola|79/100 tox|[from] Grassy Terrain
|-heal|p1a: Alomomola|85/100 tox|[from] item: Leftovers
|-damage|p1a: Alomomola|79/100 tox|[from] psn
|upkeep
|turn|39
|
|t:|1758357010
|move|p2a: Mandibuzz|Foul Play|p1a: Alomomola
|-damage|p1a: Alomomola|68/100 tox
|move|p1a: Alomomola|Wish|p1a: Alomomola
|
|-heal|p1a: Alomomola|74/100 tox|[from] Grassy Terrain
|-heal|p1a: Alomomola|80/100 tox|[from] item: Leftovers
|-damage|p1a: Alomomola|68/100 tox|[from] psn
|upkeep
|turn|40
|
|t:|1758357023
|move|p2a: Mandibuzz|Foul Play|p1a: Alomomola
|-damage|p1a: Alomomola|55/100 tox
|move|p1a: Alomomola|Scald|p2a: Mandibuzz
|-damage|p2a: Mandibuzz|92/100
|-status|p2a: Mandibuzz|brn
|
|-heal|p1a: Alomomola|100/100 tox|[from] move: Wish|[wisher] Alomomola
|-damage|p1a: Alomomola|82/100 tox|[from] psn
|-damage|p2a: Mandibuzz|86/100 brn|[from] brn
|upkeep
|turn|41
|
|t:|1758357035
|switch|p2a: Clefable|Clefable, F|100/100
|move|p1a: Alomomola|Wish|p1a: Alomomola
|
|-heal|p1a: Alomomola|88/100 tox|[from] Grassy Terrain
|-heal|p1a: Alomomola|94/100 tox|[from] item: Leftovers
|-damage|p1a: Alomomola|70/100 tox|[from] psn
|-fieldend|move: Grassy Terrain
|upkeep
|turn|42
|
|t:|1758357044
|move|p1a: Alomomola|Flip Turn|p2a: Clefable
|-damage|p2a: Clefable|88/100
|
|t:|1758357047
|switch|p1a: Rillaboom|Rillaboom, F|57/100|[from] Flip Turn
|-fieldstart|move: Grassy Terrain|[from] ability: Grassy Surge|[of] p1a: Rillaboom
|move|p2a: Clefable|Stealth Rock|p1a: Rillaboom
|-sidestart|p1: zDangon|move: Stealth Rock
|
|-heal|p1a: Rillaboom|100/100|[from] move: Wish|[wisher] Alomomola
|-heal|p2a: Clefable|94/100|[from] Grassy Terrain
|-heal|p2a: Clefable|100/100|[from] item: Leftovers
|upkeep
|turn|43
|
|t:|1758357059
|move|p1a: Rillaboom|Knock Off|p2a: Clefable
|-resisted|p2a: Clefable
|-damage|p2a: Clefable|86/100
|-enditem|p2a: Clefable|Leftovers|[from] move: Knock Off|[of] p1a: Rillaboom
|move|p2a: Clefable|Cosmic Power|p2a: Clefable
|-boost|p2a: Clefable|def|1
|-boost|p2a: Clefable|spd|1
|
|-heal|p2a: Clefable|92/100|[from] Grassy Terrain
|upkeep
|turn|44
|
|t:|1758357072
|move|p1a: Rillaboom|Grassy Glide|p2a: Clefable
|-damage|p2a: Clefable|71/100
|move|p2a: Clefable|Moonblast|p1a: Rillaboom
|-damage|p1a: Rillaboom|72/100
|
|-heal|p1a: Rillaboom|79/100|[from] Grassy Terrain
|-heal|p2a: Clefable|77/100|[from] Grassy Terrain
|upkeep
|turn|45
|
|t:|1758357080
|move|p1a: Rillaboom|Grassy Glide|p2a: Clefable
|-damage|p2a: Clefable|53/100
|move|p2a: Clefable|Cosmic Power|p2a: Clefable
|-boost|p2a: Clefable|def|1
|-boost|p2a: Clefable|spd|1
|
|-heal|p1a: Rillaboom|85/100|[from] Grassy Terrain
|-heal|p2a: Clefable|59/100|[from] Grassy Terrain
|upkeep
|turn|46
|
|t:|1758357089
|move|p1a: Rillaboom|Grassy Glide|p2a: Clefable
|-damage|p2a: Clefable|40/100
|move|p2a: Clefable|Moonlight|p2a: Clefable
|-heal|p2a: Clefable|90/100
|
|-heal|p1a: Rillaboom|91/100|[from] Grassy Terrain
|-heal|p2a: Clefable|96/100|[from] Grassy Terrain
|-fieldend|move: Grassy Terrain
|upkeep
|turn|47
|
|t:|1758357098
|move|p1a: Rillaboom|Wood Hammer|p2a: Clefable
|-damage|p2a: Clefable|64/100
|-damage|p1a: Rillaboom|79/100|[from] Recoil
|move|p2a: Clefable|Cosmic Power|p2a: Clefable
|-boost|p2a: Clefable|def|1
|-boost|p2a: Clefable|spd|1
|
|upkeep
|turn|48
|
|t:|1758357105
|move|p1a: Rillaboom|Wood Hammer|p2a: Clefable
|-damage|p2a: Clefable|42/100
|-damage|p1a: Rillaboom|70/100|[from] Recoil
|move|p2a: Clefable|Cosmic Power|p2a: Clefable
|-boost|p2a: Clefable|def|1
|-boost|p2a: Clefable|spd|1
|
|upkeep
|turn|49
|
|t:|1758357115
|move|p1a: Rillaboom|Wood Hammer|p2a: Clefable
|-damage|p2a: Clefable|23/100
|-damage|p1a: Rillaboom|63/100|[from] Recoil
|move|p2a: Clefable|Moonlight|p2a: Clefable
|-heal|p2a: Clefable|73/100
|
|upkeep
|turn|50
|
|t:|1758357123
|move|p1a: Rillaboom|Wood Hammer|p2a: Clefable
|-damage|p2a: Clefable|53/100
|-damage|p1a: Rillaboom|55/100|[from] Recoil
|move|p2a: Clefable|Cosmic Power|p2a: Clefable
|-boost|p2a: Clefable|def|1
|-boost|p2a: Clefable|spd|1
|
|upkeep
|turn|51
|
|t:|1758357132
|move|p1a: Rillaboom|Wood Hammer|p2a: Clefable
|-damage|p2a: Clefable|36/100
|-damage|p1a: Rillaboom|49/100|[from] Recoil
|move|p2a: Clefable|Moonlight|p2a: Clefable
|-heal|p2a: Clefable|86/100
|
|upkeep
|turn|52
|
|t:|1758357140
|move|p1a: Rillaboom|U-turn|p2a: Clefable
|-resisted|p2a: Clefable
|-damage|p2a: Clefable|82/100
|
|t:|1758357143
|switch|p1a: Alomomola|Alomomola, F|100/100 tox|[from] U-turn
|-damage|p1a: Alomomola|88/100 tox|[from] Stealth Rock
|move|p2a: Clefable|Cosmic Power|p2a: Clefable
|-boost|p2a: Clefable|def|1
|-boost|p2a: Clefable|spd|1
|
|-heal|p1a: Alomomola|94/100 tox|[from] item: Leftovers
|-damage|p1a: Alomomola|88/100 tox|[from] psn
|upkeep
|turn|53
|
|t:|1758357153
|move|p1a: Alomomola|Wish|p1a: Alomomola
|move|p2a: Clefable|Moonblast|p1a: Alomomola
|-damage|p1a: Alomomola|53/100 tox
|-unboost|p1a: Alomomola|spa|1
|
|-heal|p1a: Alomomola|59/100 tox|[from] item: Leftovers
|-damage|p1a: Alomomola|47/100 tox|[from] psn
|upkeep
|turn|54
|
|t:|1758357161
|move|p1a: Alomomola|Flip Turn|p2a: Clefable
|-damage|p2a: Clefable|79/100
|
|t:|1758357163
|switch|p1a: Rillaboom|Rillaboom, F|49/100|[from] Flip Turn
|-damage|p1a: Rillaboom|36/100|[from] Stealth Rock
|-fieldstart|move: Grassy Terrain|[from] ability: Grassy Surge|[of] p1a: Rillaboom
|move|p2a: Clefable|Moonblast|p1a: Rillaboom
|-damage|p1a: Rillaboom|9/100
|-unboost|p1a: Rillaboom|spa|1
|
|-heal|p1a: Rillaboom|87/100|[from] move: Wish|[wisher] Alomomola
|-heal|p1a: Rillaboom|93/100|[from] Grassy Terrain
|-heal|p2a: Clefable|86/100|[from] Grassy Terrain
|upkeep
|turn|55
|
|t:|1758357177
|move|p1a: Rillaboom|Wood Hammer|p2a: Clefable
|-damage|p2a: Clefable|66/100
|-damage|p1a: Rillaboom|86/100|[from] Recoil
|move|p2a: Clefable|Moonblast|p1a: Rillaboom
|-damage|p1a: Rillaboom|55/100
|-unboost|p1a: Rillaboom|spa|1
|
|-heal|p1a: Rillaboom|61/100|[from] Grassy Terrain
|-heal|p2a: Clefable|72/100|[from] Grassy Terrain
|upkeep
|turn|56
|
|t:|1758357186
|move|p1a: Rillaboom|Wood Hammer|p2a: Clefable
|-damage|p2a: Clefable|51/100
|-damage|p1a: Rillaboom|53/100|[from] Recoil
|move|p2a: Clefable|Moonblast|p1a: Rillaboom
|-damage|p1a: Rillaboom|25/100
|
|-heal|p1a: Rillaboom|32/100|[from] Grassy Terrain
|-heal|p2a: Clefable|57/100|[from] Grassy Terrain
|upkeep
|turn|57
|
|t:|1758357199
|move|p1a: Rillaboom|U-turn|p2a: Clefable
|-resisted|p2a: Clefable
|-damage|p2a: Clefable|55/100
|
|t:|1758357201
|switch|p1a: Alomomola|Alomomola, F|80/100 tox|[from] U-turn
|-damage|p1a: Alomomola|68/100 tox|[from] Stealth Rock
|move|p2a: Clefable|Moonblast|p1a: Alomomola
|-damage|p1a: Alomomola|28/100 tox
|
|-heal|p1a: Alomomola|34/100 tox|[from] Grassy Terrain
|-heal|p1a: Alomomola|40/100 tox|[from] item: Leftovers
|-heal|p2a: Clefable|61/100|[from] Grassy Terrain
|-damage|p1a: Alomomola|34/100 tox|[from] psn
|upkeep
|turn|58
|
|t:|1758357213
|move|p1a: Alomomola|Wish|p1a: Alomomola
|move|p2a: Clefable|Moonblast|p1a: Alomomola
|-damage|p1a: Alomomola|0 fnt
|faint|p1a: Alomomola
|
|-heal|p2a: Clefable|67/100|[from] Grassy Terrain
|-fieldend|move: Grassy Terrain
|upkeep
|
|t:|1758357216
|switch|p1a: Rillaboom|Rillaboom, F|32/100
|-damage|p1a: Rillaboom|19/100|[from] Stealth Rock
|-fieldstart|move: Grassy Terrain|[from] ability: Grassy Surge|[of] p1a: Rillaboom
|turn|59
|
|t:|1758357224
|move|p1a: Rillaboom|Wood Hammer|p2a: Clefable
|-damage|p2a: Clefable|47/100
|-damage|p1a: Rillaboom|12/100|[from] Recoil
|move|p2a: Clefable|Moonblast|p1a: Rillaboom
|-damage|p1a: Rillaboom|0 fnt
|faint|p1a: Rillaboom
|
|-heal|p2a: Clefable|53/100|[from] Grassy Terrain
|upkeep
|
|t:|1758357226
|switch|p1a: Dragapult|Dragapult, M|100/100
|-damage|p1a: Dragapult|88/100|[from] Stealth Rock
|turn|60
|
|t:|1758357238
|move|p1a: Dragapult|Shadow Ball|p2a: Clefable
|-damage|p2a: Clefable|41/100
|move|p2a: Clefable|Moonblast|p1a: Dragapult
|-supereffective|p1a: Dragapult
|-damage|p1a: Dragapult|9/100
|-unboost|p1a: Dragapult|spa|1
|
|-heal|p1a: Dragapult|15/100|[from] Grassy Terrain
|-heal|p2a: Clefable|47/100|[from] Grassy Terrain
|upkeep
|turn|61
|
|t:|1758357247
|move|p1a: Dragapult|Shadow Ball|p2a: Clefable
|-damage|p2a: Clefable|40/100
|move|p2a: Clefable|Moonblast|p1a: Dragapult
|-supereffective|p1a: Dragapult
|-damage|p1a: Dragapult|0 fnt
|faint|p1a: Dragapult
|
|win|Ivinooby
||Ivinooby is ready for game 2.
||zDangon is ready for game 2.
|uhtml|next|Next: <a href="/battle-gen9ou-2445495826"><strong>Game 2 of 3</strong></a>
