|j|☆mysunshine
|j|☆Blizzard Wyvern
|t:|1758363262
|gametype|singles
|player|p1|mysunshine|waitress|1288
|player|p2|Blizzard Wyvern|candice|1288
|gen|9
|tier|[Gen 9] OU
|rated|
|rule|HP Percentage Mod: HP is shown in percentages
|rule|Endless Battle Clause: Forcing endless battles is banned
|rule|Species Clause: Limit one of each Pokémon
|rule|OHKO Clause: OHKO moves are banned
|rule|Evasion Items Clause: Evasion items are banned
|rule|Evasion Moves Clause: Evasion moves are banned
|rule|Evasion Abilities Clause: Evasion abilities are banned
|rule|Sleep Moves Clause: Sleep-inducing moves are banned
|clearpoke
|poke|p1|Rillaboom, F|
|poke|p1|Kyurem|
|poke|p1|Slowking-Galar, F|
|poke|p1|Alomomola, F|
|poke|p1|Maushold-Four|
|poke|p1|Darkrai|
|poke|p2|Milotic, F|
|poke|p2|Yanmega, M|
|poke|p2|Garchomp, M|
|poke|p2|Rotom-Wash|
|poke|p2|Infernape, M|
|poke|p2|Uxie|
|teampreview
|inactive|Battle timer is ON: inactive players will automatically lose when time's up. (requested by mysunshine)
|
|t:|1758363270
|teamsize|p1|6
|teamsize|p2|6
|start
|switch|p1a: Kyurem|Kyurem, shiny|100/100
|switch|p2a: Yanmega|Yanmega, M, shiny|100/100
|-ability|p1a: Kyurem|Pressure
|turn|1
|
|t:|1758363281
|move|p2a: Yanmega|Protect|p2a: Yanmega
|-singleturn|p2a: Yanmega|Protect
|move|p1a: Kyurem|Substitute|p1a: Kyurem
|-start|p1a: Kyurem|Substitute
|-damage|p1a: Kyurem|76/100
|
|-heal|p1a: Kyurem|82/100|[from] item: Leftovers
|-ability|p2a: Yanmega|Speed Boost|boost
|-boost|p2a: Yanmega|spe|1
|upkeep
|turn|2
|
|t:|1758363286
|move|p2a: Yanmega|Bug Buzz|p1a: Kyurem
|-damage|p1a: Kyurem|43/100
|move|p1a: Kyurem|Icicle Spear|p2a: Yanmega
|-supereffective|p2a: Yanmega
|-damage|p2a: Yanmega|66/100
|-supereffective|p2a: Yanmega
|-damage|p2a: Yanmega|35/100
|-hitcount|p2a: Yanmega|2
|
|-heal|p1a: Kyurem|49/100|[from] item: Leftovers
|-ability|p2a: Yanmega|Speed Boost|boost
|-boost|p2a: Yanmega|spe|1
|upkeep
|turn|3
|
|t:|1758363292
|move|p1a: Kyurem|Protect|p1a: Kyurem
|-singleturn|p1a: Kyurem|Protect
|move|p2a: Yanmega|Bug Buzz|p1a: Kyurem
|-activate|p1a: Kyurem|move: Protect
|
|-heal|p1a: Kyurem|55/100|[from] item: Leftovers
|-ability|p2a: Yanmega|Speed Boost|boost
|-boost|p2a: Yanmega|spe|1
|upkeep
|turn|4
|
|t:|1758363297
|move|p2a: Yanmega|Bug Buzz|p1a: Kyurem
|-damage|p1a: Kyurem|12/100
|move|p1a: Kyurem|Icicle Spear|p2a: Yanmega
|-supereffective|p2a: Yanmega
|-damage|p2a: Yanmega|2/100
|-supereffective|p2a: Yanmega
|-damage|p2a: Yanmega|0 fnt
|faint|p2a: Yanmega
|-hitcount|p2: Yanmega|2
|
|-heal|p1a: Kyurem|19/100|[from] item: Leftovers
|upkeep
|
|t:|1758363311
|switch|p2a: Milotic|Milotic, F|100/100
|turn|5
|
|t:|1758363324
|move|p1a: Kyurem|Protect|p1a: Kyurem
|-singleturn|p1a: Kyurem|Protect
|move|p2a: Milotic|Ice Beam|p1a: Kyurem
|-activate|p1a: Kyurem|move: Protect
|
|-heal|p1a: Kyurem|25/100|[from] item: Leftovers
|upkeep
|turn|6
|
|t:|1758363328
|switch|p1a: Slowking|Slowking-Galar, F, shiny|100/100
|move|p2a: Milotic|Ice Beam|p1a: Slowking
|-damage|p1a: Slowking|84/100
|
|upkeep
|turn|7
|
|t:|1758363331
|move|p2a: Milotic|Scald|p1a: Slowking
|-damage|p1a: Slowking|60/100
|move|p1a: Slowking|Future Sight|p2a: Milotic
|-start|p1a: Slowking|move: Future Sight
|
|upkeep
|turn|8
|
|t:|1758363336
|move|p2a: Milotic|Scald|p1a: Slowking
|-damage|p1a: Slowking|37/100
|move|p1a: Slowking|Sludge Bomb|p2a: Milotic
|-damage|p2a: Milotic|82/100
|
|upkeep
|turn|9
|
|t:|1758363343
|switch|p1a: Alomomola|Alomomola, F, shiny|100/100
|move|p2a: Milotic|Scald|p1a: Alomomola
|-resisted|p1a: Alomomola
|-damage|p1a: Alomomola|78/100
|-status|p1a: Alomomola|brn
|
|-end|p2a: Milotic|move: Future Sight
|-damage|p2a: Milotic|59/100
|-damage|p1a: Alomomola|72/100 brn|[from] brn
|upkeep
|turn|10
|
|t:|1758363348
|move|p2a: Milotic|Draining Kiss|p1a: Alomomola
|-damage|p1a: Alomomola|52/100 brn
|-heal|p2a: Milotic|80/100|[from] drain|[of] p1a: Alomomola
|move|p1a: Alomomola|Wish|p1a: Alomomola
|
|-damage|p1a: Alomomola|46/100 brn|[from] brn
|upkeep
|turn|11
|
|t:|1758363353
|move|p2a: Milotic|Ice Beam|p1a: Alomomola
|-resisted|p1a: Alomomola
|-damage|p1a: Alomomola|28/100 brn
|move|p1a: Alomomola|Flip Turn|p2a: Milotic
|-resisted|p2a: Milotic
|-damage|p2a: Milotic|77/100
|
|t:|1758363364
|switch|p1a: Rilla Boomin'|Rillaboom, F, shiny|100/100|[from] Flip Turn
|-fieldstart|move: Grassy Terrain|[from] ability: Grassy Surge|[of] p1a: Rilla Boomin'
|
|-heal|p2a: Milotic|83/100|[from] Grassy Terrain
|upkeep
|turn|12
|
|t:|1758363370
|switch|p2a: Infernape|Infernape, M|100/100
|move|p1a: Rilla Boomin'|Wood Hammer|p2a: Infernape
|-resisted|p2a: Infernape
|-damage|p2a: Infernape|8/100
|-damage|p1a: Rilla Boomin'|74/100|[from] Recoil
|
|-heal|p2a: Infernape|14/100|[from] Grassy Terrain
|-heal|p1a: Rilla Boomin'|80/100|[from] Grassy Terrain
|upkeep
|turn|13
|
|t:|1758363376
|switch|p1a: Alomomola|Alomomola, F, shiny|61/100 brn
|move|p2a: Infernape|Close Combat|p1a: Alomomola
|-damage|p1a: Alomomola|32/100 brn
|-unboost|p2a: Infernape|def|1
|-unboost|p2a: Infernape|spd|1
|
|-heal|p2a: Infernape|20/100|[from] Grassy Terrain
|-heal|p1a: Alomomola|39/100 brn|[from] Grassy Terrain
|-damage|p1a: Alomomola|32/100 brn|[from] brn
|upkeep
|turn|14
|
|t:|1758363380
|move|p2a: Infernape|Close Combat|p1a: Alomomola
|-damage|p1a: Alomomola|4/100 brn
|-unboost|p2a: Infernape|def|1
|-unboost|p2a: Infernape|spd|1
|move|p1a: Alomomola|Flip Turn|p2a: Infernape
|-supereffective|p2a: Infernape
|-damage|p2a: Infernape|0 fnt
|faint|p2a: Infernape
|
|t:|1758363384
|switch|p1a: Slowking|Slowking-Galar, F, shiny|70/100|[from] Flip Turn
|
|-heal|p1a: Slowking|76/100|[from] Grassy Terrain
|upkeep
|c|☆mysunshine|rilla boomin' make it boom
|
|t:|1758363388
|switch|p2a: Rotom|Rotom-Wash|100/100
|turn|15
|c|☆mysunshine|rilla boomin' make it boom-oom
|
|t:|1758363393
|move|p2a: Rotom|Nasty Plot|p2a: Rotom
|-boost|p2a: Rotom|spa|2
|move|p1a: Slowking|Future Sight|p2a: Rotom
|-start|p1a: Slowking|move: Future Sight
|
|-heal|p1a: Slowking|82/100|[from] Grassy Terrain
|-fieldend|move: Grassy Terrain
|upkeep
|turn|16
|
|t:|1758363397
|move|p2a: Rotom|Shadow Ball|p1a: Slowking
|-supereffective|p1a: Slowking
|-damage|p1a: Slowking|37/100
|move|p1a: Slowking|Sludge Bomb|p2a: Rotom
|-damage|p2a: Rotom|71/100
|
|upkeep
|turn|17
|
|t:|1758363402
|move|p2a: Rotom|Shadow Ball|p1a: Slowking
|-supereffective|p1a: Slowking
|-damage|p1a: Slowking|0 fnt
|faint|p1a: Slowking
|
|-end|p2a: Rotom|move: Future Sight
|-damage|p2a: Rotom|31/100
|upkeep
|
|t:|1758363410
|switch|p1a: Darkrai|Darkrai|100/100
|turn|18
|
|t:|1758363413
|move|p1a: Darkrai|Dark Pulse|p2a: Rotom
|-damage|p2a: Rotom|0 fnt
|faint|p2a: Rotom
|
|upkeep
|
|t:|1758363416
|switch|p2a: Milotic|Milotic, F|83/100
|turn|19
|
|t:|1758363423
|switch|p1a: Alomomola|Alomomola, F, shiny|38/100 brn
|move|p2a: Milotic|Draining Kiss|p1a: Alomomola
|-damage|p1a: Alomomola|20/100 brn
|-heal|p2a: Milotic|100/100|[from] drain|[of] p1a: Alomomola
|
|-damage|p1a: Alomomola|14/100 brn|[from] brn
|upkeep
|turn|20
|
|t:|1758363428
|move|p2a: Milotic|Draining Kiss|p1a: Alomomola
|-damage|p1a: Alomomola|0 fnt
|faint|p1a: Alomomola
|
|upkeep
|
|t:|1758363430
|switch|p1a: Rilla Boomin'|Rillaboom, F, shiny|80/100
|-fieldstart|move: Grassy Terrain|[from] ability: Grassy Surge|[of] p1a: Rilla Boomin'
|turn|21
|
|t:|1758363437
|-terastallize|p1a: Rilla Boomin'|Grass
|move|p1a: Rilla Boomin'|Wood Hammer|p2a: Milotic
|-supereffective|p2a: Milotic
|-damage|p2a: Milotic|0 fnt
|faint|p2a: Milotic
|-damage|p1a: Rilla Boomin'|44/100|[from] Recoil
|
|-heal|p1a: Rilla Boomin'|51/100|[from] Grassy Terrain
|upkeep
|
|t:|1758363441
|switch|p2a: Garchomp|Garchomp, M|100/100
|turn|22
|
|t:|1758363463
|move|p2a: Garchomp|Dragon Claw|p1a: Rilla Boomin'
|-damage|p1a: Rilla Boomin'|8/100
|move|p1a: Rilla Boomin'|Wood Hammer|p2a: Garchomp
|-damage|p2a: Garchomp|0 fnt
|-damage|p1a: Rilla Boomin'|0 fnt|[from] ability: Rough Skin|[of] p2a: Garchomp
|faint|p2a: Garchomp
|faint|p1a: Rilla Boomin'
|
|upkeep
|
|t:|1758363469
|switch|p2a: Uxie|Uxie|100/100
|switch|p1a: Darkrai|Darkrai|100/100
|turn|23
|
|t:|1758363475
|-terastallize|p2a: Uxie|Fairy
|move|p1a: Darkrai|Dark Pulse|p2a: Uxie
|-resisted|p2a: Uxie
|-damage|p2a: Uxie|84/100
|move|p2a: Uxie|Nasty Plot|p2a: Uxie
|-boost|p2a: Uxie|spa|2
|
|-heal|p2a: Uxie|90/100|[from] item: Leftovers
|upkeep
|turn|24
|
|t:|1758363489
|move|p2a: Uxie|Protect|p2a: Uxie
|-singleturn|p2a: Uxie|Protect
|move|p1a: Darkrai|Sludge Bomb|p2a: Uxie
|-activate|p2a: Uxie|move: Protect
|
|-heal|p2a: Uxie|96/100|[from] item: Leftovers
|upkeep
|turn|25
|
|t:|1758363496
|move|p1a: Darkrai|Sludge Bomb|p2a: Uxie
|-supereffective|p2a: Uxie
|-damage|p2a: Uxie|50/100
|move|p2a: Uxie|Draining Kiss|p1a: Darkrai
|-supereffective|p1a: Darkrai
|-damage|p1a: Darkrai|2/100
|-heal|p2a: Uxie|100/100|[from] drain|[of] p1a: Darkrai
|
|-heal|p1a: Darkrai|8/100|[from] Grassy Terrain
|-fieldend|move: Grassy Terrain
|upkeep
|turn|26
|
|t:|1758363503
|move|p1a: Darkrai|Sludge Bomb|p2a: Uxie
|-supereffective|p2a: Uxie
|-damage|p2a: Uxie|53/100
|move|p2a: Uxie|Draining Kiss|p1a: Darkrai
|-supereffective|p1a: Darkrai
|-damage|p1a: Darkrai|0 fnt
|-heal|p2a: Uxie|57/100|[from] drain|[of] p1a: Darkrai
|faint|p1a: Darkrai
|
|-heal|p2a: Uxie|63/100|[from] item: Leftovers
|upkeep
|
|t:|1758363507
|switch|p1a: Maushold|Maushold-Four, shiny|100/100
|turn|27
|
|t:|1758363509
|move|p1a: Maushold|Population Bomb|p2a: Uxie
|-damage|p2a: Uxie|56/100
|-damage|p2a: Uxie|50/100
|-damage|p2a: Uxie|43/100
|-crit|p2a: Uxie
|-damage|p2a: Uxie|33/100
|-damage|p2a: Uxie|26/100
|-crit|p2a: Uxie
|-damage|p2a: Uxie|15/100
|-damage|p2a: Uxie|8/100
|-damage|p2a: Uxie|0 fnt
|faint|p2a: Uxie
|-hitcount|p2: Uxie|8
|
|win|mysunshine
|raw|mysunshine's rating: 1288 &rarr; <strong>1313</strong><br />(+25 for winning)
|raw|Blizzard Wyvern's rating: 1288 &rarr; <strong>1263</strong><br />(-25 for losing)
|l|☆Blizzard Wyvern
|player|p2|
|l|☆mysunshine
|player|p1|
