|j|☆lerendezvous
|j|☆KingPikaPika
|t:|1758351101
|gametype|singles
|player|p1|lerendezvous|101|1721
|player|p2|KingPikaPika|pokekid|1777
|gen|9
|tier|[Gen 9] OU
|rated|
|rule|HP Percentage Mod: HP is shown in percentages
|rule|Endless Battle Clause: Forcing endless battles is banned
|rule|Species Clause: Limit one of each Pokémon
|rule|OHKO Clause: OHKO moves are banned
|rule|Evasion Items Clause: Evasion items are banned
|rule|Evasion Moves Clause: Evasion moves are banned
|rule|Evasion Abilities Clause: Evasion abilities are banned
|rule|Sleep Moves Clause: Sleep-inducing moves are banned
|clearpoke
|poke|p1|Ogerpon-Wellspring, F|
|poke|p1|Slowking-Galar, F|
|poke|p1|Great Tusk|
|poke|p1|Moltres|
|poke|p1|Dragapult, M|
|poke|p1|Kingambit, M|
|poke|p2|Primarina, M|
|poke|p2|Great Tusk|
|poke|p2|Kingambit, M|
|poke|p2|Slowking-Galar, M|
|poke|p2|Ogerpon, F|
|poke|p2|Enamorus, F|
|teampreview
|
|t:|1758351108
|teamsize|p1|6
|teamsize|p2|6
|start
|switch|p1a: Ogerpon|Ogerpon-Wellspring, F|100/100
|switch|p2a: Gin|Enamorus, F, shiny|100/100
|turn|1
|inactive|Battle timer is ON: inactive players will automatically lose when time's up. (requested by lerendezvous)
|
|t:|1758351113
|move|p2a: Gin|Moonblast|p1a: Ogerpon
|-damage|p1a: Ogerpon|31/100
|move|p1a: Ogerpon|Ivy Cudgel|p2a: Gin|[anim] Ivy Cudgel Water
|-damage|p2a: Gin|0 fnt
|faint|p2a: Gin
|
|upkeep
|
|t:|1758351121
|switch|p2a: Anonymous|Ogerpon, F|100/100
|turn|2
|
|t:|1758351125
|move|p2a: Anonymous|Rock Tomb|p1a: Ogerpon
|-damage|p1a: Ogerpon|0 fnt
|faint|p1a: Ogerpon
|
|upkeep
|
|t:|1758351130
|switch|p1a: Kingambit|Kingambit, M|100/100
|-activate|p1a: Kingambit|ability: Supreme Overlord
|-start|p1a: Kingambit|fallen1|[silent]
|turn|3
|
|t:|1758351134
|switch|p2a: Behemoth|Great Tusk, shiny|100/100
|move|p1a: Kingambit|Swords Dance|p1a: Kingambit
|-boost|p1a: Kingambit|atk|2
|
|upkeep
|turn|4
|
|t:|1758351141
|-end|p1a: Kingambit|fallen1|[silent]
|switch|p1a: Moltres|Moltres|100/100
|move|p2a: Behemoth|Stealth Rock|p1a: Moltres
|-sidestart|p1: lerendezvous|move: Stealth Rock
|
|upkeep
|turn|5
|
|t:|1758351145
|-end|p2a: Behemoth|Protosynthesis|[silent]
|switch|p2a: Mantra|Slowking-Galar, M, shiny|100/100
|move|p1a: Moltres|Flamethrower|p2a: Mantra
|-damage|p2a: Mantra|80/100
|
|upkeep
|turn|6
|
|t:|1758351154
|move|p1a: Moltres|U-turn|p2a: Mantra
|-damage|p2a: Mantra|71/100
|
|t:|1758351159
|switch|p1a: Slowking|Slowking-Galar, F|100/100|[from] U-turn
|-damage|p1a: Slowking|88/100|[from] Stealth Rock
|move|p2a: Mantra|Sludge Bomb|p1a: Slowking
|-resisted|p1a: Slowking
|-damage|p1a: Slowking|80/100
|
|upkeep
|turn|7
|
|t:|1758351164
|move|p1a: Slowking|Psyshock|p2a: Mantra
|-damage|p2a: Mantra|46/100
|move|p2a: Mantra|Ice Beam|p1a: Slowking
|-damage|p1a: Slowking|69/100
|
|upkeep
|turn|8
|
|t:|1758351170
|switch|p2a: Overgod|Kingambit, M, shiny|100/100
|-activate|p2a: Overgod|ability: Supreme Overlord
|-start|p2a: Overgod|fallen1|[silent]
|move|p1a: Slowking|Psyshock|p2a: Overgod
|-immune|p2a: Overgod
|
|upkeep
|turn|9
|
|t:|1758351176
|-end|p2a: Overgod|fallen1|[silent]
|switch|p2a: Anonymous|Ogerpon, F|100/100
|switch|p1a: Kingambit|Kingambit, M|100/100
|-damage|p1a: Kingambit|94/100|[from] Stealth Rock
|-activate|p1a: Kingambit|ability: Supreme Overlord
|-start|p1a: Kingambit|fallen1|[silent]
|
|-heal|p1a: Kingambit|100/100|[from] item: Leftovers
|upkeep
|turn|10
|
|t:|1758351186
|switch|p2a: Behemoth|Great Tusk, shiny|100/100
|move|p1a: Kingambit|Low Kick|p2a: Behemoth
|-damage|p2a: Behemoth|68/100
|-damage|p1a: Kingambit|84/100|[from] item: Rocky Helmet|[of] p2a: Behemoth
|
|-heal|p1a: Kingambit|90/100|[from] item: Leftovers
|upkeep
|turn|11
|
|t:|1758351192
|-end|p2a: Behemoth|Protosynthesis|[silent]
|switch|p2a: Anonymous|Ogerpon, F|100/100
|-end|p1a: Kingambit|fallen1|[silent]
|switch|p1a: Great Tusk|Great Tusk|100/100
|-damage|p1a: Great Tusk|98/100|[from] Stealth Rock
|
|upkeep
|turn|12
|j| alt testing 124n
|
|t:|1758351201
|move|p2a: Anonymous|Ivy Cudgel|p1a: Great Tusk
|-supereffective|p1a: Great Tusk
|-damage|p1a: Great Tusk|0 fnt
|faint|p1a: Great Tusk
|-end|p1a: Great Tusk|Protosynthesis|[silent]
|
|upkeep
|
|t:|1758351206
|switch|p1a: Slowking|Slowking-Galar, F|100/100
|-damage|p1a: Slowking|88/100|[from] Stealth Rock
|turn|13
|
|t:|1758351211
|switch|p2a: Mantra|Slowking-Galar, M, shiny|79/100
|move|p1a: Slowking|Psyshock|p2a: Mantra
|-damage|p2a: Mantra|52/100
|
|upkeep
|turn|14
|
|t:|1758351216
|switch|p2a: Overgod|Kingambit, M, shiny|100/100
|-activate|p2a: Overgod|ability: Supreme Overlord
|-start|p2a: Overgod|fallen1|[silent]
|move|p1a: Slowking|Psyshock|p2a: Overgod
|-immune|p2a: Overgod
|
|upkeep
|turn|15
|j| shyahngyoo
|
|t:|1758351227
|-end|p2a: Overgod|fallen1|[silent]
|switch|p2a: Anonymous|Ogerpon, F|100/100
|switch|p1a: Kingambit|Kingambit, M|90/100
|-damage|p1a: Kingambit|84/100|[from] Stealth Rock
|-activate|p1a: Kingambit|ability: Supreme Overlord
|-start|p1a: Kingambit|fallen2|[silent]
|
|-heal|p1a: Kingambit|90/100|[from] item: Leftovers
|upkeep
|turn|16
|
|t:|1758351232
|move|p1a: Kingambit|Sucker Punch|p2a: Anonymous
|-damage|p2a: Anonymous|40/100
|move|p2a: Anonymous|U-turn|p1a: Kingambit
|-damage|p1a: Kingambit|62/100
|
|t:|1758351238
|switch|p2a: Behemoth|Great Tusk, shiny|68/100|[from] U-turn
|
|-heal|p1a: Kingambit|69/100|[from] item: Leftovers
|upkeep
|turn|17
|
|t:|1758351243
|-end|p1a: Kingambit|fallen2|[silent]
|switch|p1a: Moltres|Moltres|100/100
|move|p2a: Behemoth|Headlong Rush|p1a: Moltres
|-immune|p1a: Moltres
|
|upkeep
|turn|18
|j| wgw2333
|
|t:|1758351247
|-end|p2a: Behemoth|Protosynthesis|[silent]
|switch|p2a: Celestine|Primarina, M, shiny|100/100
|move|p1a: Moltres|Flamethrower|p2a: Celestine
|-resisted|p2a: Celestine
|-damage|p2a: Celestine|81/100
|
|-heal|p2a: Celestine|87/100|[from] item: Leftovers
|upkeep
|turn|19
|
|t:|1758351255
|move|p2a: Celestine|Whirlpool|p1a: Moltres
|-supereffective|p1a: Moltres
|-damage|p1a: Moltres|61/100
|-activate|p1a: Moltres|move: Whirlpool|[of] p2a: Celestine
|move|p1a: Moltres|U-turn|p2a: Celestine
|-resisted|p2a: Celestine
|-damage|p2a: Celestine|76/100
|
|t:|1758351261
|switch|p1a: Kingambit|Kingambit, M|69/100|[from] U-turn
|-damage|p1a: Kingambit|62/100|[from] Stealth Rock
|-activate|p1a: Kingambit|ability: Supreme Overlord
|-start|p1a: Kingambit|fallen2|[silent]
|
|-heal|p2a: Celestine|82/100|[from] item: Leftovers
|-heal|p1a: Kingambit|69/100|[from] item: Leftovers
|upkeep
|turn|20
|
|t:|1758351267
|switch|p2a: Behemoth|Great Tusk, shiny|68/100
|move|p1a: Kingambit|Iron Head|p2a: Behemoth
|-damage|p2a: Behemoth|32/100
|-damage|p1a: Kingambit|52/100|[from] item: Rocky Helmet|[of] p2a: Behemoth
|
|-heal|p1a: Kingambit|58/100|[from] item: Leftovers
|upkeep
|turn|21
|
|t:|1758351274
|-end|p2a: Behemoth|Protosynthesis|[silent]
|switch|p2a: Celestine|Primarina, M, shiny|82/100
|-end|p1a: Kingambit|fallen2|[silent]
|switch|p1a: Moltres|Moltres|61/100
|
|-heal|p2a: Celestine|88/100|[from] item: Leftovers
|upkeep
|turn|22
|
|t:|1758351280
|switch|p1a: Slowking|Slowking-Galar, F|100/100
|-damage|p1a: Slowking|88/100|[from] Stealth Rock
|move|p2a: Celestine|Whirlpool|p1a: Slowking
|-damage|p1a: Slowking|77/100
|-activate|p1a: Slowking|move: Whirlpool|[of] p2a: Celestine
|
|-heal|p2a: Celestine|94/100|[from] item: Leftovers
|-damage|p1a: Slowking|65/100|[from] move: Whirlpool|[partiallytrapped]
|upkeep
|turn|23
|j| alastour
|
|t:|1758351291
|move|p2a: Celestine|Substitute|p2a: Celestine
|-start|p2a: Celestine|Substitute
|-damage|p2a: Celestine|69/100
|move|p1a: Slowking|Sludge Bomb|p2a: Celestine
|-supereffective|p2a: Celestine
|-end|p2a: Celestine|Substitute
|
|-heal|p2a: Celestine|75/100|[from] item: Leftovers
|-damage|p1a: Slowking|52/100|[from] move: Whirlpool|[partiallytrapped]
|upkeep
|turn|24
|j| Little Cuack SPBR
|
|t:|1758351300
|move|p2a: Celestine|Substitute|p2a: Celestine
|-start|p2a: Celestine|Substitute
|-damage|p2a: Celestine|50/100
|move|p1a: Slowking|Psyshock|p2a: Celestine
|-end|p2a: Celestine|Substitute
|
|-heal|p2a: Celestine|56/100|[from] item: Leftovers
|-damage|p1a: Slowking|40/100|[from] move: Whirlpool|[partiallytrapped]
|upkeep
|turn|25
|
|t:|1758351306
|move|p2a: Celestine|Substitute|p2a: Celestine
|-start|p2a: Celestine|Substitute
|-damage|p2a: Celestine|31/100
|move|p1a: Slowking|Psyshock|p2a: Celestine
|-end|p2a: Celestine|Substitute
|
|-heal|p2a: Celestine|37/100|[from] item: Leftovers
|-damage|p1a: Slowking|27/100|[from] move: Whirlpool|[partiallytrapped]
|upkeep
|turn|26
|
|t:|1758351310
|move|p2a: Celestine|Substitute|p2a: Celestine
|-start|p2a: Celestine|Substitute
|-damage|p2a: Celestine|12/100
|move|p1a: Slowking|Psyshock|p2a: Celestine
|-end|p2a: Celestine|Substitute
|
|-heal|p2a: Celestine|18/100|[from] item: Leftovers
|-end|p1a: Slowking|Whirlpool|[partiallytrapped]
|upkeep
|turn|27
|
|t:|1758351315
|move|p2a: Celestine|Psychic Noise|p1a: Slowking
|-damage|p1a: Slowking|7/100
|-start|p1a: Slowking|move: Heal Block
|move|p1a: Slowking|Psyshock|p2a: Celestine
|-damage|p2a: Celestine|0 fnt
|faint|p2a: Celestine
|
|upkeep
|
|t:|1758351321
|switch|p2a: Anonymous|Ogerpon, F|40/100
|turn|28
|
|t:|1758351326
|switch|p1a: Kingambit|Kingambit, M|58/100
|-damage|p1a: Kingambit|52/100|[from] Stealth Rock
|-activate|p1a: Kingambit|ability: Supreme Overlord
|-start|p1a: Kingambit|fallen2|[silent]
|move|p2a: Anonymous|Knock Off|p1a: Kingambit
|-resisted|p1a: Kingambit
|-damage|p1a: Kingambit|32/100
|-enditem|p1a: Kingambit|Leftovers|[from] move: Knock Off|[of] p2a: Anonymous
|
|upkeep
|turn|29
|
|t:|1758351333
|switch|p2a: Behemoth|Great Tusk, shiny|32/100
|move|p1a: Kingambit|Iron Head|p2a: Behemoth
|-damage|p2a: Behemoth|0 fnt
|-damage|p1a: Kingambit|16/100|[from] item: Rocky Helmet|[of] p2a: Behemoth
|faint|p2a: Behemoth
|-end|p2a: Behemoth|Protosynthesis|[silent]
|
|upkeep
|j| cynasaurus
|
|t:|1758351339
|switch|p2a: Overgod|Kingambit, M, shiny|100/100
|-activate|p2a: Overgod|ability: Supreme Overlord
|-start|p2a: Overgod|fallen3|[silent]
|turn|30
|
|t:|1758351344
|move|p1a: Kingambit|Sucker Punch|p2a: Overgod
|-resisted|p2a: Overgod
|-damage|p2a: Overgod|85/100
|move|p2a: Overgod|Sucker Punch||[still]
|-fail|p2a: Overgod
|
|-heal|p2a: Overgod|92/100|[from] item: Leftovers
|upkeep
|turn|31
|
|t:|1758351353
|move|p2a: Overgod|Sucker Punch||[still]
|-fail|p2a: Overgod
|move|p1a: Kingambit|Swords Dance|p1a: Kingambit
|-boost|p1a: Kingambit|atk|2
|
|-heal|p2a: Overgod|98/100|[from] item: Leftovers
|upkeep
|turn|32
|
|t:|1758351358
|-terastallize|p2a: Overgod|Ghost
|move|p1a: Kingambit|Sucker Punch|p2a: Overgod
|-supereffective|p2a: Overgod
|-damage|p2a: Overgod|0 fnt
|faint|p2a: Overgod
|-end|p2a: Overgod|fallen3|[silent]
|
|upkeep
|-message|KingPikaPika forfeited.
|
|win|lerendezvous
|raw|lerendezvous's rating: 1721 &rarr; <strong>1744</strong><br />(+23 for winning)
|raw|KingPikaPika's rating: 1777 &rarr; <strong>1754</strong><br />(-23 for losing)
|l|☆lerendezvous
|player|p1|
|l|☆KingPikaPika
|player|p2|
|l| alt testing 124n
|l| Little Cuack SPBR
|l| alastour
|l| wgw2333
|l| cynasaurus
