|j|☆Xnl
|j|☆Scorbunny11
|t:|1758322004
|gametype|singles
|player|p1|Xnl|veteran|1300
|player|p2|Scorbunny11|dawn|1247
|gen|9
|tier|[Gen 9] OU
|rated|
|rule|HP Percentage Mod: HP is shown in percentages
|rule|Endless Battle Clause: Forcing endless battles is banned
|rule|Species Clause: Limit one of each Pokémon
|rule|OHKO Clause: OHKO moves are banned
|rule|Evasion Items Clause: Evasion items are banned
|rule|Evasion Moves Clause: Evasion moves are banned
|rule|Evasion Abilities Clause: Evasion abilities are banned
|rule|Sleep Moves Clause: Sleep-inducing moves are banned
|clearpoke
|poke|p1|Darkrai|
|poke|p1|Maushold-Four|
|poke|p1|Dragapult, M|
|poke|p1|Glimmora, M|
|poke|p1|Iron Moth|
|poke|p1|Iron Treads|
|poke|p2|Cinderace, M|
|poke|p2|Hydreigon, M|
|poke|p2|Great Tusk|
|poke|p2|Gastrodon-East, F|
|poke|p2|Meowstic, M|
|poke|p2|Kilowattrel, F|
|teampreview
|inactive|Battle timer is ON: inactive players will automatically lose when time's up. (requested by Scorbunny11)
|
|t:|1758322014
|teamsize|p1|6
|teamsize|p2|6
|start
|switch|p1a: Iron Moth|Iron Moth|100/100
|switch|p2a: Kilowattrel|Kilowattrel, F|100/100
|turn|1
|
|t:|1758322018
|move|p1a: Iron Moth|Fiery Dance|p2a: Kilowattrel
|-damage|p2a: Kilowattrel|13/100
|move|p2a: Kilowattrel|Thunderbolt|p1a: Iron Moth
|-damage|p1a: Iron Moth|48/100
|
|upkeep
|turn|2
|l|☆Scorbunny11
|inactive|Scorbunny11 disconnected and has a minute to reconnect!
|player|p2|
|j|☆Scorbunny11
|inactive|Scorbunny11 reconnected and has 145 seconds left.
|player|p2|Scorbunny11|dawn|
|
|t:|1758322042
|move|p1a: Iron Moth|Fiery Dance|p2a: Kilowattrel
|-damage|p2a: Kilowattrel|0 fnt
|-boost|p1a: Iron Moth|spa|1
|faint|p2a: Kilowattrel
|
|upkeep
|
|t:|1758322045
|switch|p2a: Gastrodon|Gastrodon-East, F|100/100
|turn|3
|
|t:|1758322050
|move|p1a: Iron Moth|Fiery Dance|p2a: Gastrodon
|-resisted|p2a: Gastrodon
|-damage|p2a: Gastrodon|76/100
|move|p2a: Gastrodon|Earth Power|p1a: Iron Moth
|-supereffective|p1a: Iron Moth
|-damage|p1a: Iron Moth|0 fnt
|faint|p1a: Iron Moth
|-end|p1a: Iron Moth|Quark Drive|[silent]
|
|-heal|p2a: Gastrodon|82/100|[from] item: Leftovers
|upkeep
|
|t:|1758322059
|switch|p1a: Glimmora|Glimmora, M|100/100
|turn|4
|
|t:|1758322067
|-terastallize|p2a: Gastrodon|Fire
|move|p1a: Glimmora|Stealth Rock|p2a: Gastrodon
|-sidestart|p2: Scorbunny11|move: Stealth Rock
|move|p2a: Gastrodon|Earth Power|p1a: Glimmora
|-supereffective|p1a: Glimmora
|-enditem|p1a: Glimmora|Focus Sash
|-damage|p1a: Glimmora|1/100
|
|-heal|p2a: Gastrodon|89/100|[from] item: Leftovers
|upkeep
|turn|5
|
|t:|1758322077
|move|p1a: Glimmora|Earth Power|p2a: Gastrodon
|-supereffective|p2a: Gastrodon
|-damage|p2a: Gastrodon|53/100
|move|p2a: Gastrodon|Earth Power|p1a: Glimmora
|-supereffective|p1a: Glimmora
|-damage|p1a: Glimmora|0 fnt
|faint|p1a: Glimmora
|
|-heal|p2a: Gastrodon|59/100|[from] item: Leftovers
|upkeep
|
|t:|1758322085
|switch|p1a: Iron Treads|Iron Treads|100/100
|-enditem|p1a: Iron Treads|Booster Energy
|-activate|p1a: Iron Treads|ability: Quark Drive|[fromitem]
|-start|p1a: Iron Treads|quarkdrivespe
|turn|6
|
|t:|1758322091
|switch|p2a: Hydreigon|Hydreigon, M|100/100
|-damage|p2a: Hydreigon|88/100|[from] Stealth Rock
|move|p1a: Iron Treads|Earthquake|p2a: Hydreigon
|-immune|p2a: Hydreigon|[from] ability: Levitate
|
|upkeep
|turn|7
|
|t:|1758322099
|switch|p2a: Great Tusk|Great Tusk|100/100
|-damage|p2a: Great Tusk|98/100|[from] Stealth Rock
|move|p1a: Iron Treads|Iron Head|p2a: Great Tusk
|-damage|p2a: Great Tusk|77/100
|-damage|p1a: Iron Treads|84/100|[from] item: Rocky Helmet|[of] p2a: Great Tusk
|
|upkeep
|turn|8
|
|t:|1758322108
|move|p1a: Iron Treads|Knock Off|p2a: Great Tusk
|-resisted|p2a: Great Tusk
|-damage|p2a: Great Tusk|69/100
|-damage|p1a: Iron Treads|68/100|[from] item: Rocky Helmet|[of] p2a: Great Tusk
|-enditem|p2a: Great Tusk|Rocky Helmet|[from] move: Knock Off|[of] p1a: Iron Treads
|move|p2a: Great Tusk|Earthquake|p1a: Iron Treads
|-supereffective|p1a: Iron Treads
|-damage|p1a: Iron Treads|0 fnt
|faint|p1a: Iron Treads
|-end|p1a: Iron Treads|Quark Drive|[silent]
|
|upkeep
|
|t:|1758322110
|switch|p1a: Darkrai|Darkrai|100/100
|turn|9
|
|t:|1758322118
|move|p1a: Darkrai|Ice Beam|p2a: Great Tusk
|-supereffective|p2a: Great Tusk
|-damage|p2a: Great Tusk|0 fnt
|faint|p2a: Great Tusk
|-end|p2a: Great Tusk|Protosynthesis|[silent]
|
|upkeep
|
|t:|1758322127
|switch|p2a: Meowstic|Meowstic, M|100/100
|-damage|p2a: Meowstic|88/100|[from] Stealth Rock
|turn|10
|
|t:|1758322129
|move|p2a: Meowstic|Light Screen|p2a: Meowstic
|-sidestart|p2: Scorbunny11|move: Light Screen
|move|p1a: Darkrai|Ice Beam|p2a: Meowstic
|-damage|p2a: Meowstic|59/100
|
|upkeep
|turn|11
|
|t:|1758322134
|switch|p2a: Cinderace|Cinderace, M|100/100
|move|p1a: Darkrai|Ice Beam|p2a: Cinderace
|-resisted|p2a: Cinderace
|-damage|p2a: Cinderace|84/100
|-status|p2a: Cinderace|frz
|
|upkeep
|turn|12
|
|t:|1758322141
|switch|p1a: Dragapult|Dragapult, M|100/100
|-curestatus|p2a: Cinderace|frz|[from] move: Pyro Ball
|move|p2a: Cinderace|Pyro Ball|p1a: Dragapult
|-resisted|p1a: Dragapult
|-damage|p1a: Dragapult|62/100
|
|upkeep
|turn|13
|
|t:|1758322146
|move|p2a: Cinderace|Sucker Punch|p1a: Dragapult
|-start|p2a: Cinderace|typechange|Dark|[from] ability: Libero
|-supereffective|p1a: Dragapult
|-damage|p1a: Dragapult|0 fnt
|faint|p1a: Dragapult
|
|upkeep
|
|t:|1758322149
|switch|p1a: Maushold|Maushold-Four|100/100
|turn|14
|
|t:|1758322152
|move|p2a: Cinderace|U-turn|p1a: Maushold
|-damage|p1a: Maushold|64/100
|
|t:|1758322155
|switch|p2a: Meowstic|Meowstic, M|59/100|[from] U-turn
|-damage|p2a: Meowstic|47/100|[from] Stealth Rock
|move|p1a: Maushold|Encore||[still]
|-fail|p1a: Maushold
|
|upkeep
|turn|15
|-message|Xnl forfeited.
|
|win|Scorbunny11
|raw|Xnl's rating: 1300 &rarr; <strong>1271</strong><br />(-29 for losing)
|raw|Scorbunny11's rating: 1247 &rarr; <strong>1276</strong><br />(+29 for winning)
|l|☆Xnl
|player|p1|
|l|☆Scorbunny11
|player|p2|
