|j|☆slowbro213
|j|☆stysccc
|t:|1758365490
|gametype|singles
|player|p1|slowbro213|2|1181
|player|p2|stysccc|rosa|1154
|gen|9
|tier|[Gen 9] OU
|rated|
|rule|HP Percentage Mod: HP is shown in percentages
|rule|Endless Battle Clause: Forcing endless battles is banned
|rule|Species Clause: Limit one of each Pokémon
|rule|OHKO Clause: OHKO moves are banned
|rule|Evasion Items Clause: Evasion items are banned
|rule|Evasion Moves Clause: Evasion moves are banned
|rule|Evasion Abilities Clause: Evasion abilities are banned
|rule|Sleep Moves Clause: Sleep-inducing moves are banned
|clearpoke
|poke|p1|Comfey, F|
|poke|p1|Scrafty, M|
|poke|p1|Hawlucha, M|
|poke|p1|Dondozo, M|
|poke|p1|Garganacl, F|
|poke|p1|Kingambit, F|
|poke|p2|Walking Wake|
|poke|p2|Ting-Lu|
|poke|p2|Gallade, M|
|poke|p2|Zapdos|
|poke|p2|Torkoal, M|
|poke|p2|Great Tusk|
|teampreview
|inactive|Battle timer is ON: inactive players will automatically lose when time's up. (requested by slowbro213)
|
|t:|1758365496
|teamsize|p1|6
|teamsize|p2|6
|start
|switch|p1a: Garganacl|Garganacl, F|100/100
|switch|p2a: Ting-Lu|Ting-Lu|100/100
|-ability|p2a: Ting-Lu|Vessel of Ruin
|turn|1
|
|t:|1758365505
|move|p2a: Ting-Lu|Stealth Rock|p1a: Garganacl
|-sidestart|p1: slowbro213|move: Stealth Rock
|move|p1a: Garganacl|Salt Cure|p2a: Ting-Lu
|-resisted|p2a: Ting-Lu
|-damage|p2a: Ting-Lu|98/100
|-start|p2a: Ting-Lu|Salt Cure
|
|-heal|p2a: Ting-Lu|100/100|[from] item: Leftovers
|-damage|p2a: Ting-Lu|88/100|[from] Salt Cure
|upkeep
|turn|2
|
|t:|1758365517
|move|p2a: Ting-Lu|Earthquake|p1a: Garganacl
|-supereffective|p1a: Garganacl
|-damage|p1a: Garganacl|64/100
|move|p1a: Garganacl|Stealth Rock|p2a: Ting-Lu
|-sidestart|p2: stysccc|move: Stealth Rock
|
|-heal|p2a: Ting-Lu|94/100|[from] item: Leftovers
|-heal|p1a: Garganacl|71/100|[from] item: Leftovers
|-damage|p2a: Ting-Lu|82/100|[from] Salt Cure
|upkeep
|turn|3
|
|t:|1758365521
|move|p1a: Garganacl|Body Press|p2a: Ting-Lu
|-supereffective|p2a: Ting-Lu
|-damage|p2a: Ting-Lu|56/100
|move|p2a: Ting-Lu|Whirlwind|p1a: Garganacl
|drag|p1a: Scrafty|Scrafty, M|100/100
|-damage|p1a: Scrafty|95/100|[from] Stealth Rock
|
|-heal|p2a: Ting-Lu|62/100|[from] item: Leftovers
|-damage|p2a: Ting-Lu|50/100|[from] Salt Cure
|upkeep
|turn|4
|
|t:|1758365533
|switch|p2a: Torkoal|Torkoal, M, shiny|100/100
|-damage|p2a: Torkoal|75/100|[from] Stealth Rock
|-weather|SunnyDay|[from] ability: Drought|[of] p2a: Torkoal
|move|p1a: Scrafty|High Jump Kick|p2a: Torkoal
|-damage|p2a: Torkoal|38/100
|
|-weather|SunnyDay|[upkeep]
|upkeep
|turn|5
|
|t:|1758365541
|move|p1a: Scrafty|Dragon Dance|p1a: Scrafty
|-boost|p1a: Scrafty|atk|1
|-boost|p1a: Scrafty|spe|1
|move|p2a: Torkoal|Will-O-Wisp|p1a: Scrafty
|-status|p1a: Scrafty|brn
|
|-weather|SunnyDay|[upkeep]
|-damage|p1a: Scrafty|89/100 brn|[from] brn
|upkeep
|turn|6
|
|t:|1758365549
|move|p1a: Scrafty|Dragon Dance|p1a: Scrafty
|-boost|p1a: Scrafty|atk|1
|-boost|p1a: Scrafty|spe|1
|move|p2a: Torkoal|Overheat|p1a: Scrafty
|-damage|p1a: Scrafty|4/100 brn
|-unboost|p2a: Torkoal|spa|2
|
|-weather|SunnyDay|[upkeep]
|-damage|p1a: Scrafty|0 fnt|[from] brn
|faint|p1a: Scrafty
|upkeep
|
|t:|1758365553
|switch|p1a: Comfey|Comfey, F|100/100
|-damage|p1a: Comfey|88/100|[from] Stealth Rock
|turn|7
|
|t:|1758365558
|switch|p2a: Ting-Lu|Ting-Lu|50/100
|-damage|p2a: Ting-Lu|43/100|[from] Stealth Rock
|-ability|p2a: Ting-Lu|Vessel of Ruin
|move|p1a: Comfey|Calm Mind|p1a: Comfey
|-boost|p1a: Comfey|spa|1
|-boost|p1a: Comfey|spd|1
|
|-weather|SunnyDay|[upkeep]
|-heal|p1a: Comfey|94/100|[from] item: Leftovers
|-heal|p2a: Ting-Lu|50/100|[from] item: Leftovers
|upkeep
|turn|8
|
|t:|1758365566
|move|p1a: Comfey|Draining Kiss|p2a: Ting-Lu
|-supereffective|p2a: Ting-Lu
|-damage|p2a: Ting-Lu|10/100
|-heal|p1a: Comfey|100/100|[from] drain|[of] p2a: Ting-Lu
|move|p2a: Ting-Lu|Whirlwind|p1a: Comfey
|drag|p1a: Dondozo|Dondozo, M|100/100
|-damage|p1a: Dondozo|88/100|[from] Stealth Rock
|
|-weather|SunnyDay|[upkeep]
|-heal|p2a: Ting-Lu|16/100|[from] item: Leftovers
|upkeep
|turn|9
|
|t:|1758365575
|move|p1a: Dondozo|Wave Crash|p2a: Ting-Lu
|-supereffective|p2a: Ting-Lu
|-damage|p2a: Ting-Lu|0 fnt
|faint|p2a: Ting-Lu
|-damage|p1a: Dondozo|83/100|[from] Recoil
|
|-weather|SunnyDay|[upkeep]
|upkeep
|
|t:|1758365579
|switch|p2a: Zapdos|Zapdos|100/100
|-damage|p2a: Zapdos|75/100|[from] Stealth Rock
|turn|10
|
|t:|1758365585
|move|p2a: Zapdos|Thunderbolt|p1a: Dondozo
|-supereffective|p1a: Dondozo
|-damage|p1a: Dondozo|0 fnt
|faint|p1a: Dondozo
|
|-weather|SunnyDay|[upkeep]
|-heal|p2a: Zapdos|82/100|[from] item: Leftovers
|upkeep
|
|t:|1758365589
|switch|p1a: Comfey|Comfey, F|100/100
|-damage|p1a: Comfey|88/100|[from] Stealth Rock
|turn|11
|
|t:|1758365595
|move|p2a: Zapdos|Thunderbolt|p1a: Comfey
|-damage|p1a: Comfey|39/100
|move|p1a: Comfey|Calm Mind|p1a: Comfey
|-boost|p1a: Comfey|spa|1
|-boost|p1a: Comfey|spd|1
|
|-weather|none
|-heal|p2a: Zapdos|88/100|[from] item: Leftovers
|-heal|p1a: Comfey|45/100|[from] item: Leftovers
|upkeep
|turn|12
|
|t:|1758365599
|move|p1a: Comfey|Synthesis|p1a: Comfey
|-heal|p1a: Comfey|95/100
|move|p2a: Zapdos|Thunderbolt|p1a: Comfey
|-damage|p1a: Comfey|57/100
|
|-heal|p1a: Comfey|63/100|[from] item: Leftovers
|-heal|p2a: Zapdos|94/100|[from] item: Leftovers
|upkeep
|turn|13
|
|t:|1758365608
|move|p1a: Comfey|Calm Mind|p1a: Comfey
|-boost|p1a: Comfey|spa|1
|-boost|p1a: Comfey|spd|1
|move|p2a: Zapdos|Volt Switch|p1a: Comfey
|-damage|p1a: Comfey|44/100
|
|t:|1758365621
|switch|p2a: Torkoal|Torkoal, M, shiny|38/100|[from] Volt Switch
|-damage|p2a: Torkoal|13/100|[from] Stealth Rock
|-weather|SunnyDay|[from] ability: Drought|[of] p2a: Torkoal
|
|-weather|SunnyDay|[upkeep]
|-heal|p1a: Comfey|50/100|[from] item: Leftovers
|upkeep
|turn|14
|
|t:|1758365625
|move|p1a: Comfey|Synthesis|p1a: Comfey
|-heal|p1a: Comfey|100/100
|move|p2a: Torkoal|Overheat|p1a: Comfey
|-damage|p1a: Comfey|58/100
|-unboost|p2a: Torkoal|spa|2
|
|-weather|SunnyDay|[upkeep]
|-heal|p1a: Comfey|64/100|[from] item: Leftovers
|upkeep
|turn|15
|
|t:|1758365632
|move|p1a: Comfey|Calm Mind|p1a: Comfey
|-boost|p1a: Comfey|spa|1
|-boost|p1a: Comfey|spd|1
|move|p2a: Torkoal|Will-O-Wisp|p1a: Comfey
|-status|p1a: Comfey|brn
|
|-weather|SunnyDay|[upkeep]
|-heal|p1a: Comfey|70/100 brn|[from] item: Leftovers
|-damage|p1a: Comfey|64/100 brn|[from] brn
|upkeep
|turn|16
|
|t:|1758365639
|move|p1a: Comfey|Calm Mind|p1a: Comfey
|-boost|p1a: Comfey|spa|1
|-boost|p1a: Comfey|spd|1
|move|p2a: Torkoal|Overheat|p1a: Comfey
|-damage|p1a: Comfey|52/100 brn
|-unboost|p2a: Torkoal|spa|2
|
|-weather|SunnyDay|[upkeep]
|-heal|p1a: Comfey|58/100 brn|[from] item: Leftovers
|-damage|p1a: Comfey|52/100 brn|[from] brn
|upkeep
|turn|17
|
|t:|1758365646
|move|p1a: Comfey|Calm Mind|p1a: Comfey
|-boost|p1a: Comfey|spa|1
|-boost|p1a: Comfey|spd|1
|move|p2a: Torkoal|Overheat|p1a: Comfey
|-damage|p1a: Comfey|43/100 brn
|-unboost|p2a: Torkoal|spa|2
|
|-weather|SunnyDay|[upkeep]
|-heal|p1a: Comfey|49/100 brn|[from] item: Leftovers
|-damage|p1a: Comfey|43/100 brn|[from] brn
|upkeep
|turn|18
|
|t:|1758365658
|move|p1a: Comfey|Synthesis|p1a: Comfey
|-heal|p1a: Comfey|100/100 brn
|move|p2a: Torkoal|Overheat|p1a: Comfey
|-damage|p1a: Comfey|94/100 brn
|
|-weather|SunnyDay|[upkeep]
|-heal|p1a: Comfey|100/100 brn|[from] item: Leftovers
|-damage|p1a: Comfey|94/100 brn|[from] brn
|upkeep
|turn|19
|
|t:|1758365663
|move|p1a: Comfey|Calm Mind|p1a: Comfey
|-boost|p1a: Comfey|spa|1
|-boost|p1a: Comfey|spd|1
|move|p2a: Torkoal|Overheat|p1a: Comfey
|-damage|p1a: Comfey|89/100 brn
|
|-weather|SunnyDay|[upkeep]
|-heal|p1a: Comfey|95/100 brn|[from] item: Leftovers
|-damage|p1a: Comfey|89/100 brn|[from] brn
|upkeep
|turn|20
|
|t:|1758365669
|move|p1a: Comfey|Draining Kiss|p2a: Torkoal
|-resisted|p2a: Torkoal
|-damage|p2a: Torkoal|0 fnt
|-heal|p1a: Comfey|100/100 brn|[from] drain|[of] p2a: Torkoal
|faint|p2a: Torkoal
|
|-weather|none
|-damage|p1a: Comfey|94/100 brn|[from] brn
|upkeep
|
|t:|1758365682
|switch|p2a: Great Tusk|Great Tusk|100/100
|-damage|p2a: Great Tusk|98/100|[from] Stealth Rock
|turn|21
|
|t:|1758365687
|move|p1a: Comfey|Draining Kiss|p2a: Great Tusk
|-supereffective|p2a: Great Tusk
|-damage|p2a: Great Tusk|0 fnt
|-heal|p1a: Comfey|100/100 brn|[from] drain|[of] p2a: Great Tusk
|faint|p2a: Great Tusk
|-end|p2a: Great Tusk|Protosynthesis|[silent]
|
|-damage|p1a: Comfey|94/100 brn|[from] brn
|upkeep
|
|t:|1758365691
|switch|p2a: Zapdos|Zapdos|94/100
|-damage|p2a: Zapdos|69/100|[from] Stealth Rock
|turn|22
|
|t:|1758365695
|-terastallize|p2a: Zapdos|Steel
|move|p1a: Comfey|Draining Kiss|p2a: Zapdos
|-resisted|p2a: Zapdos
|-damage|p2a: Zapdos|26/100
|-heal|p1a: Comfey|100/100 brn|[from] drain|[of] p2a: Zapdos
|move|p2a: Zapdos|Thunderbolt|p1a: Comfey
|-damage|p1a: Comfey|87/100 brn
|
|-heal|p2a: Zapdos|33/100|[from] item: Leftovers
|-heal|p1a: Comfey|93/100 brn|[from] item: Leftovers
|-damage|p1a: Comfey|87/100 brn|[from] brn
|upkeep
|turn|23
|-message|stysccc forfeited.
|
|win|slowbro213
|raw|slowbro213's rating: 1181 &rarr; <strong>1204</strong><br />(+23 for winning)
|raw|stysccc's rating: 1154 &rarr; <strong>1131</strong><br />(-23 for losing)
|l|☆stysccc
|player|p2|
|l|☆slowbro213
|player|p1|
