|j|☆miriasa
|j|☆CaylieGetsAngy
|t:|1758321143
|gametype|singles
|player|p1|miriasa|marley|1639
|player|p2|CaylieGetsAngy|170|1655
|gen|9
|tier|[Gen 9] OU
|rated|
|rule|HP Percentage Mod: HP is shown in percentages
|rule|Endless Battle Clause: Forcing endless battles is banned
|rule|Species Clause: Limit one of each Pokémon
|rule|OHKO Clause: OHKO moves are banned
|rule|Evasion Items Clause: Evasion items are banned
|rule|Evasion Moves Clause: Evasion moves are banned
|rule|Evasion Abilities Clause: Evasion abilities are banned
|rule|Sleep Moves Clause: Sleep-inducing moves are banned
|clearpoke
|poke|p1|Hatterene, F|
|poke|p1|Clodsire, F|
|poke|p1|Gholdengo|
|poke|p1|Ogerpon-Wellspring, F|
|poke|p1|Corviknight, M|
|poke|p1|Dragapult, F|
|poke|p2|Alomomola, F|
|poke|p2|Lokix, F|
|poke|p2|Toxicroak, F|
|poke|p2|Gliscor, F|
|poke|p2|Slowking-Galar, M|
|poke|p2|Great Tusk|
|teampreview
|inactive|Battle timer is ON: inactive players will automatically lose when time's up. (requested by CaylieGetsAngy)
|
|t:|1758321158
|teamsize|p1|6
|teamsize|p2|6
|start
|switch|p1a: Dragapult|Dragapult, F|100/100
|switch|p2a: Lokix|Lokix, F|100/100
|turn|1
|
|t:|1758321173
|-terastallize|p2a: Lokix|Bug
|move|p2a: Lokix|First Impression|p1a: Dragapult
|-resisted|p1a: Dragapult
|-damage|p1a: Dragapult|0 fnt
|faint|p1a: Dragapult
|
|upkeep
|
|t:|1758321178
|switch|p1a: Ogerpon|Ogerpon-Wellspring, F|100/100
|turn|2
|
|t:|1758321181
|switch|p2a: Toxicroak|Toxicroak, F|100/100
|move|p1a: Ogerpon|Swords Dance|p1a: Ogerpon
|-boost|p1a: Ogerpon|atk|2
|
|upkeep
|turn|3
|
|t:|1758321183
|move|p1a: Ogerpon|U-turn|p2a: Toxicroak
|-resisted|p2a: Toxicroak
|-damage|p2a: Toxicroak|87/100
|-damage|p1a: Ogerpon|84/100|[from] item: Rocky Helmet|[of] p2a: Toxicroak
|
|t:|1758321185
|switch|p1a: Gholdengo|Gholdengo|100/100|[from] U-turn
|-item|p1a: Gholdengo|Air Balloon
|move|p2a: Toxicroak|Gunk Shot|p1a: Gholdengo
|-immune|p1a: Gholdengo
|
|upkeep
|turn|4
|
|t:|1758321190
|move|p2a: Toxicroak|Knock Off|p1a: Gholdengo
|-supereffective|p1a: Gholdengo
|-damage|p1a: Gholdengo|65/100
|-enditem|p1a: Gholdengo|Air Balloon
|move|p1a: Gholdengo|Nasty Plot|p1a: Gholdengo
|-boost|p1a: Gholdengo|spa|2
|
|upkeep
|turn|5
|
|t:|1758321196
|switch|p2a: Great Tusk|Great Tusk|100/100
|move|p1a: Gholdengo|Recover|p1a: Gholdengo
|-heal|p1a: Gholdengo|100/100
|
|upkeep
|turn|6
|
|t:|1758321204
|switch|p1a: Corviknight|Corviknight, M|100/100
|-ability|p1a: Corviknight|Pressure
|move|p2a: Great Tusk|Headlong Rush|p1a: Corviknight
|-immune|p1a: Corviknight
|
|upkeep
|turn|7
|
|t:|1758321206
|move|p2a: Great Tusk|Stealth Rock|p1a: Corviknight
|-sidestart|p1: miriasa|move: Stealth Rock
|move|p1a: Corviknight|U-turn|p2a: Great Tusk
|-resisted|p2a: Great Tusk
|-damage|p2a: Great Tusk|96/100
|
|t:|1758321208
|switch|p1a: Hatterene|Hatterene, F|100/100|[from] U-turn
|-damage|p1a: Hatterene|88/100|[from] Stealth Rock
|
|upkeep
|turn|8
|
|t:|1758321215
|-end|p2a: Great Tusk|Protosynthesis|[silent]
|switch|p2a: Slowking|Slowking-Galar, M|100/100
|move|p1a: Hatterene|Nuzzle|p2a: Slowking
|-damage|p2a: Slowking|96/100
|-status|p2a: Slowking|par
|
|upkeep
|turn|9
|
|t:|1758321219
|switch|p1a: Clodsire|Clodsire, F|100/100
|-damage|p1a: Clodsire|94/100|[from] Stealth Rock
|move|p2a: Slowking|Flamethrower|p1a: Clodsire
|-damage|p1a: Clodsire|79/100
|
|-heal|p1a: Clodsire|85/100|[from] item: Leftovers
|upkeep
|turn|10
|
|t:|1758321223
|move|p1a: Clodsire|Stealth Rock|p2a: Slowking
|-sidestart|p2: CaylieGetsAngy|move: Stealth Rock
|move|p2a: Slowking|Psychic Noise|p1a: Clodsire
|-supereffective|p1a: Clodsire
|-damage|p1a: Clodsire|50/100
|-start|p1a: Clodsire|move: Heal Block
|
|upkeep
|turn|11
|
|t:|1758321238
|switch|p2a: Great Tusk|Great Tusk|96/100
|move|p1a: Clodsire|Earthquake|p2a: Great Tusk
|-damage|p2a: Great Tusk|79/100
|
|-end|p1a: Clodsire|move: Heal Block
|upkeep
|turn|12
|
|t:|1758321242
|switch|p1a: Corviknight|Corviknight, M|100/100
|-damage|p1a: Corviknight|88/100|[from] Stealth Rock
|-ability|p1a: Corviknight|Pressure
|move|p2a: Great Tusk|Rapid Spin|p1a: Corviknight
|-resisted|p1a: Corviknight
|-damage|p1a: Corviknight|84/100
|-boost|p2a: Great Tusk|spe|1
|-damage|p2a: Great Tusk|63/100|[from] item: Rocky Helmet|[of] p1a: Corviknight
|-sideend|p2: CaylieGetsAngy|Stealth Rock|[from] move: Rapid Spin|[of] p2a: Great Tusk
|
|upkeep
|turn|13
|
|t:|1758321247
|-end|p2a: Great Tusk|Protosynthesis|[silent]
|switch|p2a: Toxicroak|Toxicroak, F|87/100
|move|p1a: Corviknight|U-turn|p2a: Toxicroak
|-resisted|p2a: Toxicroak
|-damage|p2a: Toxicroak|84/100
|-damage|p1a: Corviknight|67/100|[from] item: Rocky Helmet|[of] p2a: Toxicroak
|
|t:|1758321249
|switch|p1a: Gholdengo|Gholdengo|100/100|[from] U-turn
|-damage|p1a: Gholdengo|94/100|[from] Stealth Rock
|
|upkeep
|turn|14
|
|t:|1758321256
|switch|p2a: Gliscor|Gliscor, F|100/100
|move|p1a: Gholdengo|Shadow Ball|p2a: Gliscor
|-damage|p2a: Gliscor|67/100
|
|-status|p2a: Gliscor|tox|[from] item: Toxic Orb
|upkeep
|turn|15
|
|t:|1758321261
|move|p2a: Gliscor|Earthquake|p1a: Gholdengo
|-supereffective|p1a: Gholdengo
|-damage|p1a: Gholdengo|47/100
|move|p1a: Gholdengo|Nasty Plot|p1a: Gholdengo
|-boost|p1a: Gholdengo|spa|2
|
|-heal|p2a: Gliscor|80/100 tox|[from] ability: Poison Heal
|upkeep
|turn|16
|
|t:|1758321266
|-terastallize|p1a: Gholdengo|Fairy
|move|p2a: Gliscor|Earthquake|p1a: Gholdengo
|-damage|p1a: Gholdengo|24/100
|move|p1a: Gholdengo|Recover|p1a: Gholdengo
|-heal|p1a: Gholdengo|74/100
|
|-heal|p2a: Gliscor|92/100 tox|[from] ability: Poison Heal
|upkeep
|turn|17
|
|t:|1758321274
|switch|p2a: Alomomola|Alomomola, F|100/100
|move|p1a: Gholdengo|Shadow Ball|p2a: Alomomola
|-damage|p2a: Alomomola|40/100
|
|upkeep
|turn|18
|
|t:|1758321282
|switch|p2a: Gliscor|Gliscor, F|92/100 tox
|move|p1a: Gholdengo|Shadow Ball|p2a: Gliscor
|-damage|p2a: Gliscor|28/100 tox
|-unboost|p2a: Gliscor|spd|1
|
|-heal|p2a: Gliscor|40/100 tox|[from] ability: Poison Heal
|upkeep
|turn|19
|
|t:|1758321288
|move|p2a: Gliscor|Earthquake|p1a: Gholdengo
|-damage|p1a: Gholdengo|51/100
|move|p1a: Gholdengo|Recover|p1a: Gholdengo
|-heal|p1a: Gholdengo|100/100
|
|-heal|p2a: Gliscor|52/100 tox|[from] ability: Poison Heal
|upkeep
|turn|20
|
|t:|1758321290
|move|p2a: Gliscor|Earthquake|p1a: Gholdengo
|-damage|p1a: Gholdengo|76/100
|move|p1a: Gholdengo|Nasty Plot|p1a: Gholdengo
|-boost|p1a: Gholdengo|spa|2
|
|-heal|p2a: Gliscor|65/100 tox|[from] ability: Poison Heal
|upkeep
|turn|21
|
|t:|1758321292
|move|p2a: Gliscor|Earthquake|p1a: Gholdengo
|-damage|p1a: Gholdengo|54/100
|move|p1a: Gholdengo|Shadow Ball|p2a: Gliscor
|-damage|p2a: Gliscor|0 fnt
|faint|p2a: Gliscor
|
|upkeep
|
|t:|1758321294
|switch|p2a: Lokix|Lokix, F, tera:Bug|100/100
|turn|22
|
|t:|1758321299
|switch|p1a: Corviknight|Corviknight, M|67/100
|-damage|p1a: Corviknight|55/100|[from] Stealth Rock
|-ability|p1a: Corviknight|Pressure
|move|p2a: Lokix|Leech Life|p1a: Corviknight
|-resisted|p1a: Corviknight
|-damage|p1a: Corviknight|31/100
|-damage|p2a: Lokix|84/100|[from] item: Rocky Helmet|[of] p1a: Corviknight
|
|upkeep
|turn|23
|
|t:|1758321305
|switch|p2a: Alomomola|Alomomola, F|73/100
|move|p1a: Corviknight|Roost|p1a: Corviknight
|-heal|p1a: Corviknight|81/100
|-singleturn|p1a: Corviknight|move: Roost
|
|upkeep
|turn|24
|
|t:|1758321308
|move|p1a: Corviknight|U-turn|p2a: Alomomola
|-crit|p2a: Alomomola
|-damage|p2a: Alomomola|61/100
|
|t:|1758321309
|switch|p1a: Ogerpon|Ogerpon-Wellspring, F|84/100|[from] U-turn
|-damage|p1a: Ogerpon|72/100|[from] Stealth Rock
|move|p2a: Alomomola|Flip Turn|p1a: Ogerpon
|-heal|p1a: Ogerpon|97/100|[from] ability: Water Absorb|[of] p2a: Alomomola
|
|upkeep
|turn|25
|
|t:|1758321313
|switch|p2a: Toxicroak|Toxicroak, F|84/100
|move|p1a: Ogerpon|U-turn|p2a: Toxicroak
|-resisted|p2a: Toxicroak
|-damage|p2a: Toxicroak|77/100
|-damage|p1a: Ogerpon|80/100|[from] item: Rocky Helmet|[of] p2a: Toxicroak
|
|t:|1758321321
|switch|p1a: Clodsire|Clodsire, F|50/100|[from] U-turn
|-damage|p1a: Clodsire|44/100|[from] Stealth Rock
|
|-heal|p1a: Clodsire|50/100|[from] item: Leftovers
|upkeep
|turn|26
|
|t:|1758321327
|move|p2a: Toxicroak|Knock Off|p1a: Clodsire
|-damage|p1a: Clodsire|23/100
|-enditem|p1a: Clodsire|Leftovers|[from] move: Knock Off|[of] p2a: Toxicroak
|move|p1a: Clodsire|Toxic|p2a: Toxicroak
|-immune|p2a: Toxicroak
|
|upkeep
|turn|27
|
|t:|1758321331
|move|p2a: Toxicroak|Encore|p1a: Clodsire
|-start|p1a: Clodsire|Encore
|move|p1a: Clodsire|Toxic|p2a: Toxicroak
|-immune|p2a: Toxicroak
|
|upkeep
|turn|28
|
|t:|1758321334
|switch|p1a: Corviknight|Corviknight, M|81/100
|-damage|p1a: Corviknight|69/100|[from] Stealth Rock
|-ability|p1a: Corviknight|Pressure
|move|p2a: Toxicroak|Gunk Shot|p1a: Corviknight
|-immune|p1a: Corviknight
|
|upkeep
|turn|29
|
|t:|1758321339
|move|p2a: Toxicroak|Knock Off|p1a: Corviknight
|-damage|p1a: Corviknight|56/100
|-damage|p2a: Toxicroak|61/100|[from] item: Rocky Helmet|[of] p1a: Corviknight
|-enditem|p1a: Corviknight|Rocky Helmet|[from] move: Knock Off|[of] p2a: Toxicroak
|move|p1a: Corviknight|U-turn|p2a: Toxicroak
|-resisted|p2a: Toxicroak
|-damage|p2a: Toxicroak|57/100
|-damage|p1a: Corviknight|39/100|[from] item: Rocky Helmet|[of] p2a: Toxicroak
|
|t:|1758321343
|switch|p1a: Hatterene|Hatterene, F|88/100|[from] U-turn
|-damage|p1a: Hatterene|76/100|[from] Stealth Rock
|
|upkeep
|turn|30
|
|t:|1758321349
|switch|p2a: Alomomola|Alomomola, F|94/100
|move|p1a: Hatterene|Psychic Noise|p2a: Alomomola
|-damage|p2a: Alomomola|58/100
|-start|p2a: Alomomola|move: Heal Block
|
|upkeep
|turn|31
|
|t:|1758321352
|switch|p1a: Ogerpon|Ogerpon-Wellspring, F|80/100
|-damage|p1a: Ogerpon|68/100|[from] Stealth Rock
|move|p2a: Alomomola|Flip Turn|p1a: Ogerpon
|-heal|p1a: Ogerpon|93/100|[from] ability: Water Absorb|[of] p2a: Alomomola
|
|-end|p2a: Alomomola|move: Heal Block
|upkeep
|turn|32
|
|t:|1758321361
|switch|p1a: Corviknight|Corviknight, M|39/100
|-damage|p1a: Corviknight|27/100|[from] Stealth Rock
|-ability|p1a: Corviknight|Pressure
|move|p2a: Alomomola|Wish|p2a: Alomomola
|
|upkeep
|turn|33
|
|t:|1758321373
|switch|p2a: Toxicroak|Toxicroak, F|57/100
|move|p1a: Corviknight|Roost|p1a: Corviknight
|-heal|p1a: Corviknight|77/100
|-singleturn|p1a: Corviknight|move: Roost
|
|-heal|p2a: Toxicroak|100/100|[from] move: Wish|[wisher] Alomomola
|upkeep
|turn|34
|
|t:|1758321377
|move|p2a: Toxicroak|Drain Punch|p1a: Corviknight
|-damage|p1a: Corviknight|62/100
|move|p1a: Corviknight|Iron Defense|p1a: Corviknight
|-boost|p1a: Corviknight|def|2
|
|upkeep
|turn|35
|
|t:|1758321381
|move|p2a: Toxicroak|Encore|p1a: Corviknight
|-start|p1a: Corviknight|Encore
|move|p1a: Corviknight|Iron Defense|p1a: Corviknight
|-boost|p1a: Corviknight|def|2
|
|upkeep
|turn|36
|
|t:|1758321383
|move|p2a: Toxicroak|Drain Punch|p1a: Corviknight
|-damage|p1a: Corviknight|56/100
|move|p1a: Corviknight|Iron Defense|p1a: Corviknight
|-boost|p1a: Corviknight|def|2
|
|upkeep
|turn|37
|
|t:|1758321387
|switch|p2a: Slowking|Slowking-Galar, M|100/100 par
|move|p1a: Corviknight|Iron Defense|p1a: Corviknight
|-boost|p1a: Corviknight|def|0
|
|-end|p1a: Corviknight|Encore
|upkeep
|turn|38
|
|t:|1758321396
|switch|p1a: Hatterene|Hatterene, F|76/100
|-damage|p1a: Hatterene|64/100|[from] Stealth Rock
|cant|p2a: Slowking|par
|
|upkeep
|turn|39
|
|t:|1758321415
|switch|p1a: Clodsire|Clodsire, F|23/100
|-damage|p1a: Clodsire|16/100|[from] Stealth Rock
|move|p2a: Slowking|Sludge Bomb|p1a: Clodsire
|-resisted|p1a: Clodsire
|-damage|p1a: Clodsire|11/100
|
|upkeep
|turn|40
|
|t:|1758321420
|switch|p2a: Great Tusk|Great Tusk|63/100
|move|p1a: Clodsire|Recover|p1a: Clodsire
|-heal|p1a: Clodsire|61/100
|
|upkeep
|turn|41
|
|t:|1758321428
|switch|p1a: Ogerpon|Ogerpon-Wellspring, F|93/100
|-damage|p1a: Ogerpon|80/100|[from] Stealth Rock
|move|p2a: Great Tusk|Ice Spinner|p1a: Ogerpon
|-damage|p1a: Ogerpon|51/100
|
|upkeep
|turn|42
|j| Ctannn
|
|t:|1758321442
|switch|p1a: Corviknight|Corviknight, M|56/100
|-damage|p1a: Corviknight|44/100|[from] Stealth Rock
|-ability|p1a: Corviknight|Pressure
|-end|p2a: Great Tusk|Protosynthesis|[silent]
|switch|p2a: Toxicroak|Toxicroak, F|100/100
|
|upkeep
|turn|43
|
|t:|1758321448
|switch|p2a: Alomomola|Alomomola, F|91/100
|move|p1a: Corviknight|Roost|p1a: Corviknight
|-heal|p1a: Corviknight|94/100
|-singleturn|p1a: Corviknight|move: Roost
|
|upkeep
|turn|44
|
|t:|1758321450
|switch|p1a: Ogerpon|Ogerpon-Wellspring, F|51/100
|-damage|p1a: Ogerpon|39/100|[from] Stealth Rock
|move|p2a: Alomomola|Wish|p2a: Alomomola
|
|upkeep
|turn|45
|
|t:|1758321459
|switch|p2a: Toxicroak|Toxicroak, F|100/100
|move|p1a: Ogerpon|Horn Leech|p2a: Toxicroak
|-resisted|p2a: Toxicroak
|-damage|p2a: Toxicroak|78/100
|-heal|p1a: Ogerpon|52/100|[from] drain|[of] p2a: Toxicroak
|-damage|p1a: Ogerpon|36/100|[from] item: Rocky Helmet|[of] p2a: Toxicroak
|
|-heal|p2a: Toxicroak|100/100|[from] move: Wish|[wisher] Alomomola
|upkeep
|turn|46
|
|t:|1758321465
|switch|p1a: Clodsire|Clodsire, F|61/100
|-damage|p1a: Clodsire|55/100|[from] Stealth Rock
|move|p2a: Toxicroak|Knock Off|p1a: Clodsire
|-damage|p1a: Clodsire|37/100
|
|upkeep
|turn|47
|
|t:|1758321473
|switch|p2a: Lokix|Lokix, F, tera:Bug|84/100
|move|p1a: Clodsire|Earthquake|p2a: Lokix
|-resisted|p2a: Lokix
|-damage|p2a: Lokix|65/100
|
|upkeep
|turn|48
|
|t:|1758321479
|switch|p1a: Corviknight|Corviknight, M|94/100
|-damage|p1a: Corviknight|81/100|[from] Stealth Rock
|-ability|p1a: Corviknight|Pressure
|move|p2a: Lokix|Knock Off|p1a: Corviknight
|-damage|p1a: Corviknight|54/100
|
|upkeep
|turn|49
|
|t:|1758321486
|move|p2a: Lokix|Knock Off|p1a: Corviknight
|-damage|p1a: Corviknight|26/100
|move|p1a: Corviknight|U-turn|p2a: Lokix
|-crit|p2a: Lokix
|-damage|p2a: Lokix|31/100
|
|t:|1758321498
|switch|p1a: Gholdengo|Gholdengo, tera:Fairy|54/100|[from] U-turn
|-damage|p1a: Gholdengo|41/100|[from] Stealth Rock
|
|upkeep
|turn|50
|
|t:|1758321502
|move|p2a: Lokix|Knock Off|p1a: Gholdengo
|-resisted|p1a: Gholdengo
|-damage|p1a: Gholdengo|5/100
|move|p1a: Gholdengo|Recover|p1a: Gholdengo
|-heal|p1a: Gholdengo|55/100
|
|upkeep
|turn|51
|
|t:|1758321507
|switch|p2a: Toxicroak|Toxicroak, F|100/100
|move|p1a: Gholdengo|Recover|p1a: Gholdengo
|-heal|p1a: Gholdengo|100/100
|
|upkeep
|turn|52
|
|t:|1758321515
|move|p2a: Toxicroak|Gunk Shot|p1a: Gholdengo
|-supereffective|p1a: Gholdengo
|-damage|p1a: Gholdengo|35/100
|move|p1a: Gholdengo|Make It Rain|p2a: Toxicroak
|-damage|p2a: Toxicroak|29/100
|-unboost|p1a: Gholdengo|spa|1
|
|upkeep
|turn|53
|
|t:|1758321532
|switch|p1a: Corviknight|Corviknight, M|26/100
|-damage|p1a: Corviknight|13/100|[from] Stealth Rock
|-ability|p1a: Corviknight|Pressure
|move|p2a: Toxicroak|Gunk Shot|p1a: Corviknight
|-immune|p1a: Corviknight
|
|upkeep
|turn|54
|
|t:|1758321539
|move|p2a: Toxicroak|Drain Punch|p1a: Corviknight
|-damage|p1a: Corviknight|0 fnt
|-heal|p2a: Toxicroak|37/100|[from] drain|[of] p1a: Corviknight
|faint|p1a: Corviknight
|
|upkeep
|
|t:|1758321542
|switch|p1a: Clodsire|Clodsire, F|37/100
|-damage|p1a: Clodsire|31/100|[from] Stealth Rock
|turn|55
|
|t:|1758321552
|switch|p2a: Alomomola|Alomomola, F|100/100
|move|p1a: Clodsire|Earthquake|p2a: Alomomola
|-damage|p2a: Alomomola|83/100
|
|upkeep
|turn|56
|
|t:|1758321555
|move|p1a: Clodsire|Stealth Rock|p2a: Alomomola
|-sidestart|p2: CaylieGetsAngy|move: Stealth Rock
|move|p2a: Alomomola|Wish|p2a: Alomomola
|
|upkeep
|turn|57
|
|t:|1758321563
|switch|p2a: Great Tusk|Great Tusk|63/100
|move|p1a: Clodsire|Earthquake|p2a: Great Tusk
|-crit|p2a: Great Tusk
|-damage|p2a: Great Tusk|36/100
|
|-heal|p2a: Great Tusk|90/100|[from] move: Wish|[wisher] Alomomola
|upkeep
|turn|58
|
|t:|1758321566
|move|p2a: Great Tusk|Rapid Spin|p1a: Clodsire
|-damage|p1a: Clodsire|15/100
|-boost|p2a: Great Tusk|spe|1
|-sideend|p2: CaylieGetsAngy|Stealth Rock|[from] move: Rapid Spin|[of] p2a: Great Tusk
|move|p1a: Clodsire|Toxic|p2a: Great Tusk
|-status|p2a: Great Tusk|tox
|
|-damage|p2a: Great Tusk|84/100 tox|[from] psn
|upkeep
|turn|59
|
|t:|1758321569
|switch|p1a: Hatterene|Hatterene, F|64/100
|-damage|p1a: Hatterene|51/100|[from] Stealth Rock
|move|p2a: Great Tusk|Ice Spinner|p1a: Hatterene
|-damage|p1a: Hatterene|26/100
|
|-damage|p2a: Great Tusk|72/100 tox|[from] psn
|upkeep
|turn|60
|
|t:|1758321573
|move|p2a: Great Tusk|Headlong Rush|p1a: Hatterene
|-damage|p1a: Hatterene|0 fnt
|-unboost|p2a: Great Tusk|def|1
|-unboost|p2a: Great Tusk|spd|1
|faint|p1a: Hatterene
|
|-damage|p2a: Great Tusk|53/100 tox|[from] psn
|upkeep
|
|t:|1758321575
|switch|p1a: Ogerpon|Ogerpon-Wellspring, F|36/100
|-damage|p1a: Ogerpon|23/100|[from] Stealth Rock
|turn|61
|
|t:|1758321578
|move|p2a: Great Tusk|Ice Spinner|p1a: Ogerpon
|-damage|p1a: Ogerpon|0 fnt
|faint|p1a: Ogerpon
|
|-damage|p2a: Great Tusk|28/100 tox|[from] psn
|upkeep
|
|t:|1758321580
|switch|p1a: Clodsire|Clodsire, F|15/100
|-damage|p1a: Clodsire|8/100|[from] Stealth Rock
|turn|62
|
|t:|1758321583
|move|p2a: Great Tusk|Rapid Spin|p1a: Clodsire
|-damage|p1a: Clodsire|0 fnt
|-boost|p2a: Great Tusk|spe|1
|faint|p1a: Clodsire
|
|-damage|p2a: Great Tusk|0 fnt|[from] psn
|faint|p2a: Great Tusk
|-end|p2a: Great Tusk|Protosynthesis|[silent]
|upkeep
|
|t:|1758321585
|switch|p2a: Lokix|Lokix, F, tera:Bug|31/100
|switch|p1a: Gholdengo|Gholdengo, tera:Fairy|35/100
|-damage|p1a: Gholdengo|23/100|[from] Stealth Rock
|turn|63
|
|t:|1758321587
|move|p2a: Lokix|Leech Life|p1a: Gholdengo
|-resisted|p1a: Gholdengo
|-damage|p1a: Gholdengo|0 fnt
|-heal|p2a: Lokix|46/100|[from] drain|[of] p1a: Gholdengo
|faint|p1a: Gholdengo
|
|win|CaylieGetsAngy
|raw|miriasa's rating: 1639 &rarr; <strong>1619</strong><br />(-20 for losing)
|raw|CaylieGetsAngy's rating: 1638 &rarr; <strong>1658</strong><br />(+20 for winning)
|l|☆miriasa
|player|p1|
