|j|☆averystonefan
|j|☆420Pimmelberger
|t:|1758355437
|gametype|singles
|player|p1|averystonefan|caitlin|1262
|player|p2|420Pimmelberger|170|1210
|gen|9
|tier|[Gen 9] OU
|rated|
|rule|HP Percentage Mod: HP is shown in percentages
|rule|Endless Battle Clause: Forcing endless battles is banned
|rule|Species Clause: Limit one of each Pokémon
|rule|OHKO Clause: OHKO moves are banned
|rule|Evasion Items Clause: Evasion items are banned
|rule|Evasion Moves Clause: Evasion moves are banned
|rule|Evasion Abilities Clause: Evasion abilities are banned
|rule|Sleep Moves Clause: Sleep-inducing moves are banned
|clearpoke
|poke|p1|Toxapex, M|
|poke|p1|Blissey, F|
|poke|p1|Tornadus-Therian, M|
|poke|p1|Corviknight, M|
|poke|p1|Ting-Lu|
|poke|p1|Skeledirge, F|
|poke|p2|Golurk|
|poke|p2|Porygon-Z|
|poke|p2|Tentacruel, F|
|poke|p2|Flamigo, F|
|poke|p2|Orthworm, F|
|poke|p2|Hoopa-Unbound|
|teampreview
|inactive|Battle timer is ON: inactive players will automatically lose when time's up. (requested by 420Pimmelberger)
|
|t:|1758355462
|teamsize|p1|6
|teamsize|p2|6
|start
|switch|p1a: Ting-Lu|Ting-Lu|100/100
|switch|p2a: Big G Man|Golurk|100/100
|-ability|p1a: Ting-Lu|Vessel of Ruin
|turn|1
|
|t:|1758355476
|move|p2a: Big G Man|Dynamic Punch|p1a: Ting-Lu
|-supereffective|p1a: Ting-Lu
|-damage|p1a: Ting-Lu|59/100
|-start|p1a: Ting-Lu|confusion
|-activate|p1a: Ting-Lu|confusion
|move|p1a: Ting-Lu|Payback|p2a: Big G Man
|-supereffective|p2a: Big G Man
|-enditem|p2a: Big G Man|Colbur Berry|[eat]
|-enditem|p2a: Big G Man|Colbur Berry|[weaken]
|-damage|p2a: Big G Man|63/100
|
|-heal|p1a: Ting-Lu|65/100|[from] item: Leftovers
|upkeep
|turn|2
|
|t:|1758355501
|switch|p2a: Young Oatmeal|Flamigo, F|100/100
|-activate|p1a: Ting-Lu|confusion
|move|p1a: Ting-Lu|Payback|p2a: Young Oatmeal
|-resisted|p2a: Young Oatmeal
|-damage|p2a: Young Oatmeal|88/100
|
|-heal|p1a: Ting-Lu|72/100|[from] item: Leftovers
|upkeep
|turn|3
|
|t:|1758355513
|switch|p1a: Toxapex|Toxapex, M|100/100
|move|p2a: Young Oatmeal|Swords Dance|p2a: Young Oatmeal
|-boost|p2a: Young Oatmeal|atk|2
|
|upkeep
|turn|4
|
|t:|1758355527
|switch|p2a: PlsNoU-Turn|Hoopa-Unbound|100/100
|move|p1a: Toxapex|Toxic|p2a: PlsNoU-Turn
|-status|p2a: PlsNoU-Turn|tox
|
|-damage|p2a: PlsNoU-Turn|94/100 tox|[from] psn
|upkeep
|turn|5
|
|t:|1758355537
|switch|p1a: Ting-Lu|Ting-Lu|72/100
|-ability|p1a: Ting-Lu|Vessel of Ruin
|move|p2a: PlsNoU-Turn|Knock Off|p1a: Ting-Lu
|-resisted|p1a: Ting-Lu
|-crit|p1a: Ting-Lu
|-damage|p1a: Ting-Lu|51/100
|-enditem|p1a: Ting-Lu|Leftovers|[from] move: Knock Off|[of] p2a: PlsNoU-Turn
|
|-damage|p2a: PlsNoU-Turn|82/100 tox|[from] psn
|upkeep
|turn|6
|
|t:|1758355557
|switch|p2a: Snek Frien|Orthworm, F|100/100
|move|p1a: Ting-Lu|Payback|p2a: Snek Frien
|-damage|p2a: Snek Frien|87/100
|
|-heal|p2a: Snek Frien|93/100|[from] item: Leftovers
|upkeep
|turn|7
|
|t:|1758355564
|move|p2a: Snek Frien|Stealth Rock|p1a: Ting-Lu
|-sidestart|p1: averystonefan|move: Stealth Rock
|move|p1a: Ting-Lu|Earthquake|p2a: Snek Frien
|-heal|p2a: Snek Frien|100/100|[from] ability: Earth Eater|[of] p1a: Ting-Lu
|
|upkeep
|turn|8
|
|t:|1758355572
|switch|p1a: Corviknight|Corviknight, M|100/100
|-damage|p1a: Corviknight|88/100|[from] Stealth Rock
|-ability|p1a: Corviknight|Pressure
|move|p2a: Snek Frien|Iron Defense|p2a: Snek Frien
|-boost|p2a: Snek Frien|def|2
|
|upkeep
|turn|9
|
|t:|1758355581
|move|p1a: Corviknight|Iron Defense|p1a: Corviknight
|-boost|p1a: Corviknight|def|2
|move|p2a: Snek Frien|Iron Defense|p2a: Snek Frien
|-boost|p2a: Snek Frien|def|2
|
|upkeep
|turn|10
|
|t:|1758355593
|switch|p2a: chris b chicken|Tentacruel, F|100/100
|move|p1a: Corviknight|Defog|p2a: chris b chicken
|-unboost|p2a: chris b chicken|evasion|1
|-sideend|p1: averystonefan|Stealth Rock|[from] move: Defog|[of] p1a: Corviknight
|
|upkeep
|turn|11
|
|t:|1758355601
|switch|p1a: Blissey|Blissey, F|100/100
|move|p2a: chris b chicken|Haze|p2a: chris b chicken
|-clearallboost
|
|upkeep
|turn|12
|
|t:|1758355607
|move|p2a: chris b chicken|Flip Turn|p1a: Blissey
|-damage|p1a: Blissey|73/100
|
|t:|1758355611
|switch|p2a: Big G Man|Golurk|63/100|[from] Flip Turn
|move|p1a: Blissey|Seismic Toss|p2a: Big G Man
|-immune|p2a: Big G Man
|
|upkeep
|turn|13
|
|t:|1758355624
|switch|p1a: Corviknight|Corviknight, M|88/100
|-ability|p1a: Corviknight|Pressure
|move|p2a: Big G Man|Earthquake|p1a: Corviknight
|-immune|p1a: Corviknight
|
|upkeep
|turn|14
|
|t:|1758355633
|move|p1a: Corviknight|Iron Defense|p1a: Corviknight
|-boost|p1a: Corviknight|def|2
|move|p2a: Big G Man|Poltergeist|p1a: Corviknight
|-activate|p1a: Corviknight|move: Poltergeist|Rocky Helmet
|-damage|p1a: Corviknight|68/100
|
|upkeep
|turn|15
|
|t:|1758355646
|switch|p2a: chris b chicken|Tentacruel, F|100/100
|move|p1a: Corviknight|Iron Defense|p1a: Corviknight
|-boost|p1a: Corviknight|def|2
|
|upkeep
|turn|16
|
|t:|1758355658
|move|p2a: chris b chicken|Haze|p2a: chris b chicken
|-clearallboost
|move|p1a: Corviknight|Body Press|p2a: chris b chicken
|-resisted|p2a: chris b chicken
|-damage|p2a: chris b chicken|85/100
|
|-heal|p2a: chris b chicken|91/100|[from] item: Leftovers
|upkeep
|turn|17
|
|t:|1758355670
|switch|p1a: Toxapex|Toxapex, M|100/100
|move|p2a: chris b chicken|Knock Off|p1a: Toxapex
|-damage|p1a: Toxapex|90/100
|-enditem|p1a: Toxapex|Heavy-Duty Boots|[from] move: Knock Off|[of] p2a: chris b chicken
|
|-heal|p2a: chris b chicken|97/100|[from] item: Leftovers
|upkeep
|turn|18
|
|t:|1758355681
|move|p2a: chris b chicken|Rapid Spin|p1a: Toxapex
|-damage|p1a: Toxapex|84/100
|-boost|p2a: chris b chicken|spe|1
|move|p1a: Toxapex|Toxic|p2a: chris b chicken
|-immune|p2a: chris b chicken
|
|-heal|p2a: chris b chicken|100/100|[from] item: Leftovers
|upkeep
|turn|19
|
|t:|1758355689
|move|p2a: chris b chicken|Flip Turn|p1a: Toxapex
|-resisted|p1a: Toxapex
|-damage|p1a: Toxapex|79/100
|
|t:|1758355695
|switch|p2a: PlsNoU-Turn|Hoopa-Unbound|82/100 tox|[from] Flip Turn
|move|p1a: Toxapex|Toxic|p2a: PlsNoU-Turn
|-fail|p2a: PlsNoU-Turn|tox
|
|-damage|p2a: PlsNoU-Turn|76/100 tox|[from] psn
|upkeep
|turn|20
|
|t:|1758355711
|switch|p1a: Tornadus|Tornadus-Therian, M, shiny|100/100
|move|p2a: PlsNoU-Turn|Drain Punch|p1a: Tornadus
|-resisted|p1a: Tornadus
|-damage|p1a: Tornadus|87/100
|-heal|p2a: PlsNoU-Turn|83/100 tox|[from] drain|[of] p1a: Tornadus
|
|-damage|p2a: PlsNoU-Turn|71/100 tox|[from] psn
|upkeep
|turn|21
|
|t:|1758355720
|move|p1a: Tornadus|Hurricane|p2a: PlsNoU-Turn
|-damage|p2a: PlsNoU-Turn|52/100 tox
|move|p2a: PlsNoU-Turn|Thunderbolt|p1a: Tornadus
|-supereffective|p1a: Tornadus
|-damage|p1a: Tornadus|6/100
|
|-damage|p2a: PlsNoU-Turn|34/100 tox|[from] psn
|upkeep
|turn|22
|
|t:|1758355730
|switch|p1a: Toxapex|Toxapex, M|100/100
|switch|p2a: chris b chicken|Tentacruel, F|100/100
|
|upkeep
|turn|23
|
|t:|1758355741
|move|p2a: chris b chicken|Rapid Spin|p1a: Toxapex
|-damage|p1a: Toxapex|95/100
|-boost|p2a: chris b chicken|spe|1
|move|p1a: Toxapex|Toxic Spikes|p2a: chris b chicken
|-sidestart|p2: 420Pimmelberger|move: Toxic Spikes
|
|upkeep
|turn|24
|
|t:|1758355746
|move|p2a: chris b chicken|Rapid Spin|p1a: Toxapex
|-damage|p1a: Toxapex|89/100
|-boost|p2a: chris b chicken|spe|1
|-sideend|p2: 420Pimmelberger|Toxic Spikes|[from] move: Rapid Spin|[of] p2a: chris b chicken
|move|p1a: Toxapex|Liquidation|p2a: chris b chicken
|-resisted|p2a: chris b chicken
|-damage|p2a: chris b chicken|90/100
|
|-heal|p2a: chris b chicken|96/100|[from] item: Leftovers
|upkeep
|turn|25
|
|t:|1758355758
|move|p2a: chris b chicken|Flip Turn|p1a: Toxapex
|-resisted|p1a: Toxapex
|-damage|p1a: Toxapex|84/100
|
|t:|1758355762
|switch|p2a: Snek Frien|Orthworm, F|100/100|[from] Flip Turn
|move|p1a: Toxapex|Toxic|p2a: Snek Frien
|-immune|p2a: Snek Frien
|
|upkeep
|turn|26
|
|t:|1758355769
|switch|p1a: Corviknight|Corviknight, M|68/100
|-ability|p1a: Corviknight|Pressure
|move|p2a: Snek Frien|Stealth Rock|p1a: Corviknight
|-sidestart|p1: averystonefan|move: Stealth Rock
|
|upkeep
|turn|27
|
|t:|1758355793
|switch|p2a: PlsNoU-Turn|Hoopa-Unbound|34/100 tox
|move|p1a: Corviknight|Defog|p2a: PlsNoU-Turn
|-unboost|p2a: PlsNoU-Turn|evasion|1
|-sideend|p1: averystonefan|Stealth Rock|[from] move: Defog|[of] p1a: Corviknight
|
|-damage|p2a: PlsNoU-Turn|28/100 tox|[from] psn
|upkeep
|turn|28
|
|t:|1758355805
|switch|p1a: Toxapex|Toxapex, M|100/100
|move|p2a: PlsNoU-Turn|Drain Punch|p1a: Toxapex
|-resisted|p1a: Toxapex
|-damage|p1a: Toxapex|93/100
|-heal|p2a: PlsNoU-Turn|31/100 tox|[from] drain|[of] p1a: Toxapex
|
|-damage|p2a: PlsNoU-Turn|19/100 tox|[from] psn
|upkeep
|turn|29
|
|t:|1758355818
|move|p2a: PlsNoU-Turn|Psychic Noise|p1a: Toxapex
|-supereffective|p1a: Toxapex
|-damage|p1a: Toxapex|20/100
|-start|p1a: Toxapex|move: Heal Block
|move|p1a: Toxapex|Liquidation|p2a: PlsNoU-Turn
|-damage|p2a: PlsNoU-Turn|0 fnt
|faint|p2a: PlsNoU-Turn
|
|upkeep
|
|t:|1758355829
|switch|p2a: Big G Man|Golurk|63/100
|turn|30
|
|t:|1758355840
|switch|p1a: Corviknight|Corviknight, M|68/100
|-ability|p1a: Corviknight|Pressure
|move|p2a: Big G Man|Dynamic Punch|p1a: Corviknight
|-crit|p1a: Corviknight
|-damage|p1a: Corviknight|35/100
|-start|p1a: Corviknight|confusion
|-damage|p2a: Big G Man|47/100|[from] item: Rocky Helmet|[of] p1a: Corviknight
|
|upkeep
|turn|31
|
|t:|1758355851
|-activate|p1a: Corviknight|confusion
|move|p1a: Corviknight|Roost|p1a: Corviknight
|-heal|p1a: Corviknight|85/100
|-singleturn|p1a: Corviknight|move: Roost
|move|p2a: Big G Man|Poltergeist|p1a: Corviknight
|-activate|p1a: Corviknight|move: Poltergeist|Rocky Helmet
|-damage|p1a: Corviknight|51/100
|
|upkeep
|turn|32
|
|t:|1758355863
|switch|p1a: Ting-Lu|Ting-Lu|51/100
|-ability|p1a: Ting-Lu|Vessel of Ruin
|move|p2a: Big G Man|Earthquake|p1a: Ting-Lu
|-damage|p1a: Ting-Lu|22/100
|
|upkeep
|turn|33
|
|t:|1758355872
|move|p2a: Big G Man|Dynamic Punch|p1a: Ting-Lu
|-supereffective|p1a: Ting-Lu
|-damage|p1a: Ting-Lu|0 fnt
|faint|p1a: Ting-Lu
|
|upkeep
|
|t:|1758355878
|switch|p1a: Skeledirge|Skeledirge, F|100/100
|turn|34
|
|t:|1758355888
|switch|p2a: chris b chicken|Tentacruel, F|96/100
|-terastallize|p1a: Skeledirge|Fairy
|move|p1a: Skeledirge|Hex|p2a: chris b chicken
|-damage|p2a: chris b chicken|80/100
|
|-heal|p2a: chris b chicken|86/100|[from] item: Leftovers
|upkeep
|turn|35
|
|t:|1758355899
|move|p2a: chris b chicken|Knock Off|p1a: Skeledirge
|-resisted|p1a: Skeledirge
|-damage|p1a: Skeledirge|95/100
|-enditem|p1a: Skeledirge|Heavy-Duty Boots|[from] move: Knock Off|[of] p2a: chris b chicken
|move|p1a: Skeledirge|Will-O-Wisp|p2a: chris b chicken
|-status|p2a: chris b chicken|brn
|
|-heal|p2a: chris b chicken|92/100 brn|[from] item: Leftovers
|-damage|p2a: chris b chicken|86/100 brn|[from] brn
|upkeep
|turn|36
|
|t:|1758355911
|move|p2a: chris b chicken|Flip Turn|p1a: Skeledirge
|-damage|p1a: Skeledirge|90/100
|
|t:|1758355918
|switch|p2a: 1 Button|Porygon-Z|100/100|[from] Flip Turn
|move|p1a: Skeledirge|Torch Song|p2a: 1 Button
|-damage|p2a: 1 Button|62/100
|-boost|p1a: Skeledirge|spa|1
|
|upkeep
|turn|37
|
|t:|1758355940
|switch|p1a: Toxapex|Toxapex, M|53/100
|move|p2a: 1 Button|Hyper Beam|p1a: Toxapex
|-damage|p1a: Toxapex|0 fnt
|-mustrecharge|p2a: 1 Button
|faint|p1a: Toxapex
|
|upkeep
|
|t:|1758355948
|switch|p1a: Corviknight|Corviknight, M|51/100
|-ability|p1a: Corviknight|Pressure
|turn|38
|
|t:|1758355954
|cant|p2a: 1 Button|recharge
|move|p1a: Corviknight|Body Press|p2a: 1 Button
|-supereffective|p2a: 1 Button
|-damage|p2a: 1 Button|1/100
|
|upkeep
|turn|39
|
|t:|1758355962
|switch|p2a: Big G Man|Golurk|47/100
|move|p1a: Corviknight|Roost|p1a: Corviknight
|-heal|p1a: Corviknight|100/100
|-singleturn|p1a: Corviknight|move: Roost
|
|upkeep
|turn|40
|
|t:|1758355972
|move|p1a: Corviknight|Iron Defense|p1a: Corviknight
|-boost|p1a: Corviknight|def|2
|move|p2a: Big G Man|Dynamic Punch|p1a: Corviknight
|-damage|p1a: Corviknight|89/100
|-start|p1a: Corviknight|confusion
|-damage|p2a: Big G Man|30/100|[from] item: Rocky Helmet|[of] p1a: Corviknight
|
|upkeep
|turn|41
|
|t:|1758355981
|switch|p2a: chris b chicken|Tentacruel, F|86/100 brn
|-activate|p1a: Corviknight|confusion
|move|p1a: Corviknight|Iron Defense|p1a: Corviknight
|-boost|p1a: Corviknight|def|2
|
|-heal|p2a: chris b chicken|92/100 brn|[from] item: Leftovers
|-damage|p2a: chris b chicken|86/100 brn|[from] brn
|upkeep
|turn|42
|
|t:|1758355989
|switch|p1a: Skeledirge|Skeledirge, F, tera:Fairy|90/100
|move|p2a: chris b chicken|Haze|p2a: chris b chicken
|-clearallboost
|
|-heal|p2a: chris b chicken|92/100 brn|[from] item: Leftovers
|-damage|p2a: chris b chicken|86/100 brn|[from] brn
|upkeep
|turn|43
|
|t:|1758356006
|move|p2a: chris b chicken|Rapid Spin|p1a: Skeledirge
|-damage|p1a: Skeledirge|87/100
|-boost|p2a: chris b chicken|spe|1
|move|p1a: Skeledirge|Torch Song|p2a: chris b chicken
|-resisted|p2a: chris b chicken
|-damage|p2a: chris b chicken|77/100 brn
|-boost|p1a: Skeledirge|spa|1
|
|-heal|p2a: chris b chicken|83/100 brn|[from] item: Leftovers
|-damage|p2a: chris b chicken|77/100 brn|[from] brn
|upkeep
|turn|44
|
|t:|1758356017
|move|p2a: chris b chicken|Haze|p2a: chris b chicken
|-clearallboost
|move|p1a: Skeledirge|Torch Song|p2a: chris b chicken
|-resisted|p2a: chris b chicken
|-damage|p2a: chris b chicken|67/100 brn
|-boost|p1a: Skeledirge|spa|1
|
|-heal|p2a: chris b chicken|73/100 brn|[from] item: Leftovers
|-damage|p2a: chris b chicken|67/100 brn|[from] brn
|upkeep
|turn|45
|
|t:|1758356041
|move|p2a: chris b chicken|Haze|p2a: chris b chicken
|-clearallboost
|move|p1a: Skeledirge|Torch Song|p2a: chris b chicken
|-resisted|p2a: chris b chicken
|-damage|p2a: chris b chicken|57/100 brn
|-boost|p1a: Skeledirge|spa|1
|
|-heal|p2a: chris b chicken|63/100 brn|[from] item: Leftovers
|-damage|p2a: chris b chicken|57/100 brn|[from] brn
|upkeep
|turn|46
|inactive|420Pimmelberger has 120 seconds left.
|
|t:|1758356058
|move|p2a: chris b chicken|Knock Off|p1a: Skeledirge
|-resisted|p1a: Skeledirge
|-damage|p1a: Skeledirge|85/100
|move|p1a: Skeledirge|Torch Song|p2a: chris b chicken
|-resisted|p2a: chris b chicken
|-damage|p2a: chris b chicken|44/100 brn
|-boost|p1a: Skeledirge|spa|1
|
|-heal|p2a: chris b chicken|50/100 brn|[from] item: Leftovers
|-damage|p2a: chris b chicken|44/100 brn|[from] brn
|upkeep
|turn|47
|
|t:|1758356068
|move|p2a: chris b chicken|Haze|p2a: chris b chicken
|-clearallboost
|move|p1a: Skeledirge|Hex|p2a: chris b chicken
|-damage|p2a: chris b chicken|13/100 brn
|
|-heal|p2a: chris b chicken|19/100 brn|[from] item: Leftovers
|-damage|p2a: chris b chicken|13/100 brn|[from] brn
|upkeep
|turn|48
|
|t:|1758356079
|move|p2a: chris b chicken|Flip Turn|p1a: Skeledirge
|-damage|p1a: Skeledirge|80/100
|
|t:|1758356082
|switch|p2a: Snek Frien|Orthworm, F|100/100|[from] Flip Turn
|move|p1a: Skeledirge|Torch Song|p2a: Snek Frien
|-supereffective|p2a: Snek Frien
|-damage|p2a: Snek Frien|32/100
|-boost|p1a: Skeledirge|spa|1
|
|-heal|p2a: Snek Frien|39/100|[from] item: Leftovers
|upkeep
|turn|49
|
|t:|1758356093
|switch|p1a: Corviknight|Corviknight, M|89/100
|-ability|p1a: Corviknight|Pressure
|move|p2a: Snek Frien|Stealth Rock|p1a: Corviknight
|-sidestart|p1: averystonefan|move: Stealth Rock
|
|-heal|p2a: Snek Frien|45/100|[from] item: Leftovers
|upkeep
|turn|50
|
|t:|1758356102
|switch|p2a: Young Oatmeal|Flamigo, F|88/100
|move|p1a: Corviknight|Defog|p2a: Young Oatmeal
|-unboost|p2a: Young Oatmeal|evasion|1
|-sideend|p1: averystonefan|Stealth Rock|[from] move: Defog|[of] p1a: Corviknight
|
|upkeep
|turn|51
|
|t:|1758356111
|move|p2a: Young Oatmeal|Swords Dance|p2a: Young Oatmeal
|-boost|p2a: Young Oatmeal|atk|2
|move|p1a: Corviknight|Iron Defense|p1a: Corviknight
|-boost|p1a: Corviknight|def|2
|
|upkeep
|turn|52
|
|t:|1758356117
|move|p2a: Young Oatmeal|Swords Dance|p2a: Young Oatmeal
|-boost|p2a: Young Oatmeal|atk|2
|move|p1a: Corviknight|Iron Defense|p1a: Corviknight
|-boost|p1a: Corviknight|def|2
|
|upkeep
|turn|53
|
|t:|1758356124
|move|p2a: Young Oatmeal|Swords Dance|p2a: Young Oatmeal
|-boost|p2a: Young Oatmeal|atk|2
|move|p1a: Corviknight|Iron Defense|p1a: Corviknight
|-boost|p1a: Corviknight|def|2
|
|upkeep
|turn|54
|
|t:|1758356141
|switch|p2a: Big G Man|Golurk|30/100
|move|p1a: Corviknight|Body Press|p2a: Big G Man
|-immune|p2a: Big G Man
|
|upkeep
|turn|55
|
|t:|1758356160
|move|p1a: Corviknight|Iron Defense|p1a: Corviknight
|-boost|p1a: Corviknight|def|0
|move|p2a: Big G Man|Earthquake|p1a: Corviknight
|-immune|p1a: Corviknight
|
|upkeep
|turn|56
|
|t:|1758356165
|move|p1a: Corviknight|Iron Defense|p1a: Corviknight
|-boost|p1a: Corviknight|def|0
|move|p2a: Big G Man|Poltergeist|p1a: Corviknight
|-activate|p1a: Corviknight|move: Poltergeist|Rocky Helmet
|-damage|p1a: Corviknight|79/100
|
|upkeep
|turn|57
|
|t:|1758356182
|move|p1a: Corviknight|Iron Defense|p1a: Corviknight
|-boost|p1a: Corviknight|def|0
|move|p2a: Big G Man|Earthquake|p1a: Corviknight
|-immune|p1a: Corviknight
|
|upkeep
|turn|58
|
|t:|1758356189
|switch|p2a: chris b chicken|Tentacruel, F|13/100 brn
|move|p1a: Corviknight|Iron Defense|p1a: Corviknight
|-boost|p1a: Corviknight|def|0
|
|-heal|p2a: chris b chicken|19/100 brn|[from] item: Leftovers
|-damage|p2a: chris b chicken|13/100 brn|[from] brn
|upkeep
|turn|59
|
|t:|1758356197
|move|p2a: chris b chicken|Haze|p2a: chris b chicken
|-clearallboost
|move|p1a: Corviknight|Body Press|p2a: chris b chicken
|-resisted|p2a: chris b chicken
|-damage|p2a: chris b chicken|0 fnt
|faint|p2a: chris b chicken
|
|upkeep
|inactive|420Pimmelberger has 120 seconds left.
|
|t:|1758356223
|switch|p2a: Snek Frien|Orthworm, F|45/100
|turn|60
|
|t:|1758356237
|move|p1a: Corviknight|Iron Defense|p1a: Corviknight
|-boost|p1a: Corviknight|def|2
|move|p2a: Snek Frien|Iron Defense|p2a: Snek Frien
|-boost|p2a: Snek Frien|def|2
|
|-heal|p2a: Snek Frien|51/100|[from] item: Leftovers
|upkeep
|turn|61
|
|t:|1758356244
|move|p1a: Corviknight|Body Press|p2a: Snek Frien
|-supereffective|p2a: Snek Frien
|-damage|p2a: Snek Frien|15/100
|move|p2a: Snek Frien|Iron Defense|p2a: Snek Frien
|-boost|p2a: Snek Frien|def|2
|
|-heal|p2a: Snek Frien|21/100|[from] item: Leftovers
|upkeep
|turn|62
|
|t:|1758356256
|-terastallize|p2a: Snek Frien|Ghost
|move|p1a: Corviknight|Body Press|p2a: Snek Frien
|-immune|p2a: Snek Frien
|move|p2a: Snek Frien|Iron Defense|p2a: Snek Frien
|-boost|p2a: Snek Frien|def|2
|
|-heal|p2a: Snek Frien|28/100|[from] item: Leftovers
|upkeep
|turn|63
|inactive|averystonefan has 120 seconds left.
|
|t:|1758356294
|switch|p1a: Skeledirge|Skeledirge, F, tera:Fairy|80/100
|move|p2a: Snek Frien|Stealth Rock|p1a: Skeledirge
|-sidestart|p1: averystonefan|move: Stealth Rock
|
|-heal|p2a: Snek Frien|34/100|[from] item: Leftovers
|upkeep
|turn|64
|inactive|averystonefan has 120 seconds left.
|
|t:|1758356303
|switch|p2a: Young Oatmeal|Flamigo, F|88/100
|move|p1a: Skeledirge|Hex|p2a: Young Oatmeal
|-damage|p2a: Young Oatmeal|50/100
|-enditem|p2a: Young Oatmeal|Sitrus Berry|[eat]
|-heal|p2a: Young Oatmeal|75/100|[from] item: Sitrus Berry
|
|upkeep
|turn|65
|
|t:|1758356312
|move|p2a: Young Oatmeal|Swords Dance|p2a: Young Oatmeal
|-boost|p2a: Young Oatmeal|atk|2
|move|p1a: Skeledirge|Will-O-Wisp|p2a: Young Oatmeal
|-status|p2a: Young Oatmeal|brn
|
|-damage|p2a: Young Oatmeal|69/100 brn|[from] brn
|upkeep
|turn|66
|
|t:|1758356325
|move|p2a: Young Oatmeal|Acrobatics|p1a: Skeledirge
|-damage|p1a: Skeledirge|61/100
|move|p1a: Skeledirge|Hex|p2a: Young Oatmeal
|-damage|p2a: Young Oatmeal|0 fnt
|faint|p2a: Young Oatmeal
|
|upkeep
|
|t:|1758356335
|switch|p2a: 1 Button|Porygon-Z|1/100
|turn|67
|
|t:|1758356340
|switch|p1a: Blissey|Blissey, F|73/100
|move|p2a: 1 Button|Hyper Beam|p1a: Blissey
|-damage|p1a: Blissey|38/100
|-mustrecharge|p2a: 1 Button
|
|upkeep
|turn|68
|-message|420Pimmelberger forfeited.
|
|win|averystonefan
|raw|averystonefan's rating: 1262 &rarr; <strong>1283</strong><br />(+21 for winning)
|raw|420Pimmelberger's rating: 1210 &rarr; <strong>1189</strong><br />(-21 for losing)
|l|☆420Pimmelberger
|player|p2|
|l|☆averystonefan
|player|p1|
