|j|☆bumblingbigfoot
|j|☆ay cheu
|t:|1758293778
|gametype|singles
|player|p1|bumblingbigfoot|roxie-masters|1555
|player|p2|ay cheu|riley|1554
|gen|9
|tier|[Gen 9] OU
|rated|
|rule|HP Percentage Mod: HP is shown in percentages
|rule|Endless Battle Clause: Forcing endless battles is banned
|rule|Species Clause: Limit one of each Pokémon
|rule|OHKO Clause: OHKO moves are banned
|rule|Evasion Items Clause: Evasion items are banned
|rule|Evasion Moves Clause: Evasion moves are banned
|rule|Evasion Abilities Clause: Evasion abilities are banned
|rule|Sleep Moves Clause: Sleep-inducing moves are banned
|clearpoke
|poke|p1|Cloyster, F|
|poke|p1|Raging Bolt|
|poke|p1|Primarina, F|
|poke|p1|Iron Treads|
|poke|p1|Ogerpon-Wellspring, F|
|poke|p1|Dragapult, F|
|poke|p2|Glimmora, F|
|poke|p2|Sandy Shocks|
|poke|p2|Typhlosion-Hisui, M|
|poke|p2|Empoleon, M|
|poke|p2|Hydreigon, M|
|poke|p2|Slither Wing|
|teampreview
|inactive|Battle timer is ON: inactive players will automatically lose when time's up. (requested by ay cheu)
|
|t:|1758293787
|teamsize|p1|6
|teamsize|p2|6
|start
|switch|p1a: Ogerpon|Ogerpon-Wellspring, F|100/100
|switch|p2a: Slither Wing|Slither Wing|100/100
|turn|1
|
|t:|1758293792
|switch|p1a: Iron Treads|Iron Treads|100/100
|-enditem|p1a: Iron Treads|Booster Energy
|-activate|p1a: Iron Treads|ability: Quark Drive|[fromitem]
|-start|p1a: Iron Treads|quarkdrivespe
|move|p2a: Slither Wing|U-turn|p1a: Iron Treads
|-resisted|p1a: Iron Treads
|-damage|p1a: Iron Treads|72/100
|
|t:|1758293816
|-end|p2a: Slither Wing|Protosynthesis|[silent]
|switch|p2a: Hydreigon|Hydreigon, M|100/100|[from] U-turn
|
|upkeep
|turn|2
|
|t:|1758293842
|move|p1a: Iron Treads|Stealth Rock|p2a: Hydreigon
|-sidestart|p2: ay cheu|move: Stealth Rock
|move|p2a: Hydreigon|Earth Power|p1a: Iron Treads
|-supereffective|p1a: Iron Treads
|-damage|p1a: Iron Treads|0 fnt
|faint|p1a: Iron Treads
|-end|p1a: Iron Treads|Quark Drive|[silent]
|
|upkeep
|
|t:|1758293847
|switch|p1a: Ogerpon|Ogerpon-Wellspring, F|100/100
|turn|3
|
|t:|1758293851
|switch|p2a: Empoleon|Empoleon, M|100/100
|-damage|p2a: Empoleon|94/100|[from] Stealth Rock
|move|p1a: Ogerpon|U-turn|p2a: Empoleon
|-resisted|p2a: Empoleon
|-damage|p2a: Empoleon|80/100
|
|t:|1758293858
|switch|p1a: Raging Bolt|Raging Bolt|100/100|[from] U-turn
|-enditem|p1a: Raging Bolt|Booster Energy
|-activate|p1a: Raging Bolt|ability: Protosynthesis|[fromitem]
|-start|p1a: Raging Bolt|protosynthesisspa
|
|-heal|p2a: Empoleon|86/100|[from] item: Leftovers
|upkeep
|turn|4
|
|t:|1758293874
|switch|p2a: Sandy Shocks|Sandy Shocks|100/100
|-damage|p2a: Sandy Shocks|94/100|[from] Stealth Rock
|-enditem|p2a: Sandy Shocks|Booster Energy
|-activate|p2a: Sandy Shocks|ability: Protosynthesis|[fromitem]
|-start|p2a: Sandy Shocks|protosynthesisspa
|move|p1a: Raging Bolt|Calm Mind|p1a: Raging Bolt
|-boost|p1a: Raging Bolt|spa|1
|-boost|p1a: Raging Bolt|spd|1
|
|upkeep
|turn|5
|
|t:|1758293882
|-terastallize|p1a: Raging Bolt|Fairy
|move|p2a: Sandy Shocks|Substitute|p2a: Sandy Shocks
|-start|p2a: Sandy Shocks|Substitute
|-damage|p2a: Sandy Shocks|70/100
|move|p1a: Raging Bolt|Dragon Pulse|p2a: Sandy Shocks
|-end|p2a: Sandy Shocks|Substitute
|
|upkeep
|turn|6
|
|t:|1758293895
|move|p2a: Sandy Shocks|Thunderbolt|p1a: Raging Bolt
|-damage|p1a: Raging Bolt|65/100
|move|p1a: Raging Bolt|Dragon Pulse|p2a: Sandy Shocks
|-damage|p2a: Sandy Shocks|0 fnt
|faint|p2a: Sandy Shocks
|-end|p2a: Sandy Shocks|Protosynthesis|[silent]
|
|upkeep
|
|t:|1758293901
|switch|p2a: 鬼火|Typhlosion-Hisui, M|100/100
|turn|7
|
|t:|1758293903
|move|p1a: Raging Bolt|Thunderclap||[still]
|-fail|p1a: Raging Bolt
|move|p2a: 鬼火|Curse|p1a: Raging Bolt
|-start|p1a: Raging Bolt|Curse|[of] p2a: 鬼火
|-damage|p2a: 鬼火|51/100
|
|-damage|p1a: Raging Bolt|40/100|[from] Curse
|upkeep
|turn|8
|
|t:|1758293907
|move|p1a: Raging Bolt|Thunderclap||[still]
|-fail|p1a: Raging Bolt
|move|p2a: 鬼火|Substitute|p2a: 鬼火
|-start|p2a: 鬼火|Substitute
|-damage|p2a: 鬼火|26/100
|
|-damage|p1a: Raging Bolt|15/100|[from] Curse
|upkeep
|turn|9
|
|t:|1758293910
|move|p1a: Raging Bolt|Thunderclap|p2a: 鬼火
|-end|p2a: 鬼火|Substitute
|move|p2a: 鬼火|Shadow Ball|p1a: Raging Bolt
|-damage|p1a: Raging Bolt|0 fnt
|faint|p1a: Raging Bolt
|-end|p1a: Raging Bolt|Protosynthesis|[silent]
|
|upkeep
|
|t:|1758293914
|switch|p1a: Dragapult|Dragapult, F|100/100
|turn|10
|
|t:|1758293919
|switch|p2a: Empoleon|Empoleon, M|86/100
|-damage|p2a: Empoleon|80/100|[from] Stealth Rock
|move|p1a: Dragapult|U-turn|p2a: Empoleon
|-resisted|p2a: Empoleon
|-damage|p2a: Empoleon|63/100
|
|t:|1758293924
|switch|p1a: Ogerpon|Ogerpon-Wellspring, F|100/100|[from] U-turn
|
|-heal|p2a: Empoleon|69/100|[from] item: Leftovers
|upkeep
|turn|11
|
|t:|1758293927
|move|p1a: Ogerpon|Knock Off|p2a: Empoleon
|-damage|p2a: Empoleon|30/100
|-enditem|p2a: Empoleon|Leftovers|[from] move: Knock Off|[of] p1a: Ogerpon
|move|p2a: Empoleon|Stealth Rock|p1a: Ogerpon
|-sidestart|p1: bumblingbigfoot|move: Stealth Rock
|
|upkeep
|turn|12
|
|t:|1758293933
|move|p1a: Ogerpon|Ivy Cudgel|p2a: Empoleon|[anim] Ivy Cudgel Water
|-resisted|p2a: Empoleon
|-crit|p2a: Empoleon
|-damage|p2a: Empoleon|0 fnt
|faint|p2a: Empoleon
|
|upkeep
|
|t:|1758293936
|switch|p2a: Slither Wing|Slither Wing|100/100
|-damage|p2a: Slither Wing|88/100|[from] Stealth Rock
|turn|13
|
|t:|1758293942
|move|p1a: Ogerpon|Ivy Cudgel|p2a: Slither Wing|[anim] Ivy Cudgel Water
|-damage|p2a: Slither Wing|17/100
|move|p2a: Slither Wing|U-turn|p1a: Ogerpon
|-supereffective|p1a: Ogerpon
|-damage|p1a: Ogerpon|0 fnt
|faint|p1a: Ogerpon
|
|t:|1758293949
|-end|p2a: Slither Wing|Protosynthesis|[silent]
|switch|p2a: Glimmora|Glimmora, F, shiny|100/100|[from] U-turn
|-damage|p2a: Glimmora|88/100|[from] Stealth Rock
|
|-heal|p2a: Glimmora|94/100|[from] item: Leftovers
|upkeep
|
|t:|1758293953
|switch|p1a: Dragapult|Dragapult, F|100/100
|-damage|p1a: Dragapult|88/100|[from] Stealth Rock
|turn|14
|
|t:|1758293956
|move|p1a: Dragapult|Dragon Darts|p2a: Glimmora
|-damage|p2a: Glimmora|68/100
|-anim|p1a: Dragapult|Dragon Darts|p2a: Glimmora
|-damage|p2a: Glimmora|42/100
|move|p2a: Glimmora|Power Gem|p1a: Dragapult
|-damage|p1a: Dragapult|43/100
|
|-heal|p2a: Glimmora|48/100|[from] item: Leftovers
|upkeep
|turn|15
|
|t:|1758293960
|move|p2a: Glimmora|Spiky Shield|p2a: Glimmora
|-singleturn|p2a: Glimmora|move: Protect
|move|p1a: Dragapult|Dragon Darts|p2a: Glimmora
|-activate|p2a: Glimmora|move: Protect
|
|-heal|p2a: Glimmora|54/100|[from] item: Leftovers
|upkeep
|turn|16
|
|t:|1758293974
|switch|p2a: Slither Wing|Slither Wing|17/100
|-damage|p2a: Slither Wing|5/100|[from] Stealth Rock
|move|p1a: Dragapult|Dragon Darts|p2a: Slither Wing
|-damage|p2a: Slither Wing|0 fnt
|faint|p2a: Slither Wing
|-end|p2a: Slither Wing|Protosynthesis|[silent]
|
|upkeep
|
|t:|1758293976
|switch|p2a: Glimmora|Glimmora, F, shiny|54/100
|-damage|p2a: Glimmora|42/100|[from] Stealth Rock
|turn|17
|
|t:|1758293978
|move|p2a: Glimmora|Spiky Shield|p2a: Glimmora
|-singleturn|p2a: Glimmora|move: Protect
|move|p1a: Dragapult|Dragon Darts|p2a: Glimmora
|-activate|p2a: Glimmora|move: Protect
|
|-heal|p2a: Glimmora|48/100|[from] item: Leftovers
|upkeep
|turn|18
|
|t:|1758293981
|move|p1a: Dragapult|Dragon Darts|p2a: Glimmora
|-damage|p2a: Glimmora|19/100
|-anim|p1a: Dragapult|Dragon Darts|p2a: Glimmora
|-crit|p2a: Glimmora
|-damage|p2a: Glimmora|0 fnt
|faint|p2a: Glimmora
|
|upkeep
|
|t:|1758293984
|switch|p2a: Hydreigon|Hydreigon, M|100/100
|-damage|p2a: Hydreigon|88/100|[from] Stealth Rock
|turn|19
|
|t:|1758293985
|move|p2a: Hydreigon|Dark Pulse|p1a: Dragapult
|-supereffective|p1a: Dragapult
|-damage|p1a: Dragapult|0 fnt
|faint|p1a: Dragapult
|
|upkeep
|
|t:|1758293987
|switch|p1a: Primarina|Primarina, F, shiny|100/100
|-damage|p1a: Primarina|88/100|[from] Stealth Rock
|turn|20
|-message|ay cheu forfeited.
|
|win|bumblingbigfoot
|raw|bumblingbigfoot's rating: 1555 &rarr; <strong>1575</strong><br />(+20 for winning)
|raw|ay cheu's rating: 1554 &rarr; <strong>1534</strong><br />(-20 for losing)
|l|☆ay cheu
|player|p2|
|l|☆bumblingbigfoot
|player|p1|
