|j|☆aarer
|j|☆TheGamingPolitoed
|t:|1758362234
|gametype|singles
|player|p1|aarer|169|1331
|player|p2|TheGamingPolitoed|cress|1346
|gen|9
|tier|[Gen 9] OU
|rated|
|rule|HP Percentage Mod: HP is shown in percentages
|rule|Endless Battle Clause: Forcing endless battles is banned
|rule|Species Clause: Limit one of each Pokémon
|rule|OHKO Clause: OHKO moves are banned
|rule|Evasion Items Clause: Evasion items are banned
|rule|Evasion Moves Clause: Evasion moves are banned
|rule|Evasion Abilities Clause: Evasion abilities are banned
|rule|Sleep Moves Clause: Sleep-inducing moves are banned
|clearpoke
|poke|p1|Hatterene, F|
|poke|p1|Walking Wake|
|poke|p1|Ceruledge, F|
|poke|p1|Ninetales, F|
|poke|p1|Moltres-Galar|
|poke|p1|Great Tusk|
|poke|p2|Primarina, F|
|poke|p2|Ludicolo, M|
|poke|p2|Samurott-Hisui, M|
|poke|p2|Toxapex, F|
|poke|p2|Politoed, M|
|poke|p2|Walking Wake|
|teampreview
|
|t:|1758362243
|teamsize|p1|6
|teamsize|p2|6
|start
|switch|p1a: Walking Wake|Walking Wake|100/100
|switch|p2a: Donny Ronny|Samurott-Hisui, M|100/100
|turn|1
|
|t:|1758362249
|-terastallize|p1a: Walking Wake|Electric
|move|p1a: Walking Wake|Tera Blast|p2a: Donny Ronny|[anim] Tera Blast Electric
|-supereffective|p2a: Donny Ronny
|-damage|p2a: Donny Ronny|8/100
|move|p2a: Donny Ronny|Ceaseless Edge|p1a: Walking Wake
|-damage|p1a: Walking Wake|50/100
|-sidestart|p1: aarer|Spikes
|
|upkeep
|turn|2
|
|t:|1758362263
|move|p2a: Donny Ronny|Aqua Jet|p1a: Walking Wake
|-damage|p1a: Walking Wake|27/100
|move|p1a: Walking Wake|Tera Blast|p2a: Donny Ronny|[anim] Tera Blast Electric
|-supereffective|p2a: Donny Ronny
|-damage|p2a: Donny Ronny|0 fnt
|faint|p2a: Donny Ronny
|
|upkeep
|
|t:|1758362269
|switch|p2a: Walk the Dinosaur|Walking Wake|100/100
|turn|3
|
|t:|1758362274
|move|p1a: Walking Wake|Dragon Pulse|p2a: Walk the Dinosaur
|-supereffective|p2a: Walk the Dinosaur
|-damage|p2a: Walk the Dinosaur|0 fnt
|faint|p2a: Walk the Dinosaur
|-end|p2a: Walk the Dinosaur|Protosynthesis|[silent]
|
|upkeep
|inactive|Battle timer is ON: inactive players will automatically lose when time's up. (requested by aarer)
|
|t:|1758362292
|switch|p2a: Ecomare|Primarina, F|100/100
|turn|4
|
|t:|1758362298
|move|p1a: Walking Wake|Tera Blast|p2a: Ecomare|[anim] Tera Blast Electric
|-supereffective|p2a: Ecomare
|-damage|p2a: Ecomare|5/100
|move|p2a: Ecomare|Moonblast|p1a: Walking Wake
|-damage|p1a: Walking Wake|0 fnt
|faint|p1a: Walking Wake
|-end|p1a: Walking Wake|Protosynthesis|[silent]
|
|-heal|p2a: Ecomare|12/100|[from] item: Leftovers
|upkeep
|
|t:|1758362314
|switch|p1a: Moltres|Moltres-Galar|100/100
|turn|5
|
|t:|1758362323
|move|p1a: Moltres|Air Slash|p2a: Ecomare
|-damage|p2a: Ecomare|0 fnt
|faint|p2a: Ecomare
|
|upkeep
|
|t:|1758362327
|switch|p2a: The King|Politoed, M|100/100
|-weather|RainDance|[from] ability: Drizzle|[of] p2a: The King
|turn|6
|
|t:|1758362331
|move|p1a: Moltres|Agility|p1a: Moltres
|-boost|p1a: Moltres|spe|2
|move|p2a: The King|Surf|p1a: Moltres
|-damage|p1a: Moltres|63/100
|
|-weather|RainDance|[upkeep]
|-heal|p1a: Moltres|69/100|[from] item: Leftovers
|upkeep
|turn|7
|
|t:|1758362345
|move|p1a: Moltres|Fiery Wrath|p2a: The King
|-damage|p2a: The King|63/100
|move|p2a: The King|Encore|p1a: Moltres
|-start|p1a: Moltres|Encore
|
|-weather|RainDance|[upkeep]
|-heal|p1a: Moltres|76/100|[from] item: Leftovers
|upkeep
|turn|8
|
|t:|1758362353
|switch|p2a: Juan|Ludicolo, M|100/100
|move|p1a: Moltres|Fiery Wrath|p2a: Juan
|-damage|p2a: Juan|59/100
|
|-weather|RainDance|[upkeep]
|-heal|p1a: Moltres|82/100|[from] item: Leftovers
|upkeep
|turn|9
|
|t:|1758362361
|move|p1a: Moltres|Fiery Wrath|p2a: Juan
|-damage|p2a: Juan|11/100
|cant|p2a: Juan|flinch
|
|-weather|RainDance|[upkeep]
|-heal|p1a: Moltres|88/100|[from] item: Leftovers
|upkeep
|turn|10
|-message|TheGamingPolitoed forfeited.
|
|win|aarer
|raw|aarer's rating: 1331 &rarr; <strong>1352</strong><br />(+21 for winning)
|raw|TheGamingPolitoed's rating: 1346 &rarr; <strong>1325</strong><br />(-21 for losing)
|l|☆TheGamingPolitoed
|player|p2|
|l|☆aarer
|player|p1|
