|j|☆youkedenglunie
|j|☆Chris466
|t:|1758343682
|gametype|singles
|player|p1|youkedenglunie|brock|1312
|player|p2|Chris466|red|1231
|gen|9
|tier|[Gen 9] OU
|rated|
|rule|HP Percentage Mod: HP is shown in percentages
|rule|Endless Battle Clause: Forcing endless battles is banned
|rule|Species Clause: Limit one of each Pokémon
|rule|OHKO Clause: OHKO moves are banned
|rule|Evasion Items Clause: Evasion items are banned
|rule|Evasion Moves Clause: Evasion moves are banned
|rule|Evasion Abilities Clause: Evasion abilities are banned
|rule|Sleep Moves Clause: Sleep-inducing moves are banned
|clearpoke
|poke|p1|Slowking-Galar, M|
|poke|p1|Corviknight, M|
|poke|p1|Great Tusk|
|poke|p1|Walking Wake|
|poke|p1|Iron Moth|
|poke|p1|Zamazenta-*|
|poke|p2|Meowscarada, F|
|poke|p2|Iron Valiant|
|poke|p2|Tyranitar, F|
|poke|p2|Corviknight, M|
|poke|p2|Raging Bolt|
|poke|p2|Gholdengo|
|teampreview
|
|t:|1758343709
|teamsize|p1|6
|teamsize|p2|6
|start
|switch|p1a: Walking Wake|Walking Wake|100/100
|switch|p2a: Tyranitar|Tyranitar, F|100/100
|-weather|Sandstorm|[from] ability: Sand Stream|[of] p2a: Tyranitar
|turn|1
|
|t:|1758343721
|move|p1a: Walking Wake|Flip Turn|p2a: Tyranitar
|-supereffective|p2a: Tyranitar
|-damage|p2a: Tyranitar|77/100
|
|t:|1758343734
|-end|p1a: Walking Wake|Protosynthesis|[silent]
|switch|p1a: Corviknight|Corviknight, M|100/100|[from] Flip Turn
|move|p2a: Tyranitar|Stealth Rock|p1a: Corviknight
|-sidestart|p1: youkedenglunie|move: Stealth Rock
|
|-weather|Sandstorm|[upkeep]
|upkeep
|turn|2
|
|t:|1758343741
|switch|p2a: Gholdengo|Gholdengo|100/100
|-item|p2a: Gholdengo|Air Balloon
|move|p1a: Corviknight|Defog|p2a: Gholdengo
|-immune|p2a: Gholdengo|[from] ability: Good as Gold
|
|-weather|Sandstorm|[upkeep]
|upkeep
|turn|3
|
|t:|1758343745
|move|p2a: Gholdengo|Thunder Wave|p1a: Corviknight
|-status|p1a: Corviknight|par
|move|p1a: Corviknight|U-turn|p2a: Gholdengo
|-resisted|p2a: Gholdengo
|-damage|p2a: Gholdengo|98/100
|-enditem|p2a: Gholdengo|Air Balloon
|
|t:|1758343749
|switch|p1a: Walking Wake|Walking Wake|100/100|[from] U-turn
|-damage|p1a: Walking Wake|88/100|[from] Stealth Rock
|
|-weather|Sandstorm|[upkeep]
|-damage|p1a: Walking Wake|82/100|[from] Sandstorm
|upkeep
|turn|4
|
|t:|1758343763
|move|p1a: Walking Wake|Flamethrower|p2a: Gholdengo
|-supereffective|p2a: Gholdengo
|-damage|p2a: Gholdengo|33/100
|move|p2a: Gholdengo|Thunder Wave|p1a: Walking Wake
|-status|p1a: Walking Wake|par
|
|-weather|Sandstorm|[upkeep]
|-damage|p1a: Walking Wake|76/100 par|[from] Sandstorm
|upkeep
|turn|5
|
|t:|1758343768
|move|p2a: Gholdengo|Recover|p2a: Gholdengo
|-heal|p2a: Gholdengo|83/100
|cant|p1a: Walking Wake|par
|
|-weather|none
|upkeep
|turn|6
|
|t:|1758343774
|switch|p2a: Raging Bolt|Raging Bolt|100/100
|move|p1a: Walking Wake|Flamethrower|p2a: Raging Bolt
|-resisted|p2a: Raging Bolt
|-damage|p2a: Raging Bolt|86/100
|
|upkeep
|turn|7
|
|t:|1758343777
|move|p2a: Raging Bolt|Dragon Pulse|p1a: Walking Wake
|-supereffective|p1a: Walking Wake
|-damage|p1a: Walking Wake|0 fnt
|faint|p1a: Walking Wake
|-end|p1a: Walking Wake|Protosynthesis|[silent]
|
|upkeep
|-message|youkedenglunie forfeited.
|
|win|Chris466
|raw|youkedenglunie's rating: 1312 &rarr; <strong>1287</strong><br />(-25 for losing)
|raw|Chris466's rating: 1231 &rarr; <strong>1262</strong><br />(+31 for winning)
|l|☆youkedenglunie
|player|p1|
