|j|☆Dancingbug
|j|☆Absetia
|t:|1758279413
|gametype|singles
|player|p1|Dancingbug|1|1349
|player|p2|Absetia|bellelba|1292
|gen|9
|tier|[Gen 9] OU
|rated|
|rule|HP Percentage Mod: HP is shown in percentages
|rule|Endless Battle Clause: Forcing endless battles is banned
|rule|Species Clause: Limit one of each Pokémon
|rule|OHKO Clause: OHKO moves are banned
|rule|Evasion Items Clause: Evasion items are banned
|rule|Evasion Moves Clause: Evasion moves are banned
|rule|Evasion Abilities Clause: Evasion abilities are banned
|rule|Sleep Moves Clause: Sleep-inducing moves are banned
|clearpoke
|poke|p1|Gardevoir, M|
|poke|p1|Metagross|
|poke|p1|Hoopa-Unbound|
|poke|p1|Cloyster, M|
|poke|p1|Hydrapple, F|
|poke|p1|Toxapex, M|
|poke|p2|Samurott-Hisui, F|
|poke|p2|Zapdos|
|poke|p2|Zamazenta-*|
|poke|p2|Weezing-Galar, M|
|poke|p2|Dragonite, M|
|poke|p2|Metagross|
|teampreview
|
|t:|1758279427
|teamsize|p1|6
|teamsize|p2|6
|start
|switch|p1a: Hydrapple|Hydrapple, F|100/100
|switch|p2a: Weezing|Weezing-Galar, M|100/100
|-ability|p2a: Weezing|Neutralizing Gas
|turn|1
|
|t:|1758279440
|move|p2a: Weezing|Strange Steam|p1a: Hydrapple
|-supereffective|p1a: Hydrapple
|-damage|p1a: Hydrapple|47/100
|move|p1a: Hydrapple|Earth Power|p2a: Weezing
|-supereffective|p2a: Weezing
|-damage|p2a: Weezing|59/100
|
|-heal|p2a: Weezing|65/100|[from] item: Leftovers
|upkeep
|turn|2
|
|t:|1758279450
|switch|p1a: Toxapex|Toxapex, M|100/100
|move|p2a: Weezing|Will-O-Wisp|p1a: Toxapex
|-status|p1a: Toxapex|brn
|
|-heal|p2a: Weezing|71/100|[from] item: Leftovers
|-damage|p1a: Toxapex|94/100 brn|[from] brn
|upkeep
|turn|3
|
|t:|1758279462
|move|p2a: Weezing|Strange Steam|p1a: Toxapex
|-resisted|p1a: Toxapex
|-damage|p1a: Toxapex|84/100 brn
|move|p1a: Toxapex|Toxic|p2a: Weezing
|-immune|p2a: Weezing
|
|-heal|p2a: Weezing|77/100|[from] item: Leftovers
|-heal|p1a: Toxapex|91/100 brn|[from] item: Leftovers
|-damage|p1a: Toxapex|84/100 brn|[from] brn
|upkeep
|turn|4
|
|t:|1758279472
|move|p2a: Weezing|Will-O-Wisp|p1a: Toxapex
|-fail|p1a: Toxapex|brn
|move|p1a: Toxapex|Poison Jab|p2a: Weezing
|-damage|p2a: Weezing|68/100
|
|-heal|p2a: Weezing|74/100|[from] item: Leftovers
|-heal|p1a: Toxapex|91/100 brn|[from] item: Leftovers
|-damage|p1a: Toxapex|84/100 brn|[from] brn
|upkeep
|turn|5
|
|t:|1758279484
|move|p2a: Weezing|Strange Steam|p1a: Toxapex
|-resisted|p1a: Toxapex
|-damage|p1a: Toxapex|75/100 brn
|move|p1a: Toxapex|Poison Jab|p2a: Weezing
|-damage|p2a: Weezing|65/100
|
|-heal|p2a: Weezing|71/100|[from] item: Leftovers
|-heal|p1a: Toxapex|81/100 brn|[from] item: Leftovers
|-damage|p1a: Toxapex|75/100 brn|[from] brn
|upkeep
|turn|6
|
|t:|1758279497
|-end|p2a: Weezing|ability: Neutralizing Gas
|switch|p2a: Metagross|Metagross|100/100
|move|p1a: Toxapex|Poison Jab|p2a: Metagross
|-immune|p2a: Metagross
|
|-heal|p1a: Toxapex|81/100 brn|[from] item: Leftovers
|-damage|p1a: Toxapex|75/100 brn|[from] brn
|upkeep
|turn|7
|
|t:|1758279512
|switch|p1a: Hoopa|Hoopa-Unbound|100/100
|move|p2a: Metagross|Heavy Slam|p1a: Hoopa
|-damage|p1a: Hoopa|44/100
|
|upkeep
|turn|8
|
|t:|1758279521
|switch|p2a: Weezing|Weezing-Galar, M|71/100
|-ability|p2a: Weezing|Neutralizing Gas
|move|p1a: Hoopa|Knock Off|p2a: Weezing
|-resisted|p2a: Weezing
|-damage|p2a: Weezing|44/100
|-enditem|p2a: Weezing|Leftovers|[from] move: Knock Off|[of] p1a: Hoopa
|
|upkeep
|turn|9
|
|t:|1758279532
|switch|p1a: Toxapex|Toxapex, M|100/100 brn
|-end|p2a: Weezing|ability: Neutralizing Gas
|switch|p2a: Zapdos|Zapdos|100/100
|
|-damage|p1a: Toxapex|94/100 brn|[from] brn
|upkeep
|turn|10
|
|t:|1758279545
|move|p2a: Zapdos|Thunderbolt|p1a: Toxapex
|-supereffective|p1a: Toxapex
|-damage|p1a: Toxapex|36/100 brn
|move|p1a: Toxapex|Chilling Water|p2a: Zapdos
|-damage|p2a: Zapdos|91/100
|-unboost|p2a: Zapdos|atk|1
|
|-heal|p1a: Toxapex|43/100 brn|[from] item: Leftovers
|-damage|p1a: Toxapex|36/100 brn|[from] brn
|upkeep
|turn|11
|
|t:|1758279558
|switch|p1a: Hydrapple|Hydrapple, F|47/100
|move|p2a: Zapdos|Hurricane|p1a: Hydrapple|[miss]
|-miss|p2a: Zapdos|p1a: Hydrapple
|
|upkeep
|turn|12
|
|t:|1758279567
|switch|p1a: Toxapex|Toxapex, M|70/100 brn
|move|p2a: Zapdos|Hurricane|p1a: Toxapex
|-damage|p1a: Toxapex|39/100 brn
|
|-heal|p1a: Toxapex|45/100 brn|[from] item: Leftovers
|-damage|p1a: Toxapex|39/100 brn|[from] brn
|upkeep
|turn|13
|
|t:|1758279578
|move|p2a: Zapdos|Hurricane|p1a: Toxapex
|-damage|p1a: Toxapex|6/100 brn
|-start|p1a: Toxapex|confusion
|-activate|p1a: Toxapex|confusion
|-damage|p1a: Toxapex|1/100 brn|[from] confusion
|
|-heal|p1a: Toxapex|8/100 brn|[from] item: Leftovers
|-damage|p1a: Toxapex|1/100 brn|[from] brn
|upkeep
|turn|14
|
|t:|1758279589
|move|p2a: Zapdos|Hurricane|p1a: Toxapex
|-damage|p1a: Toxapex|0 fnt
|faint|p1a: Toxapex
|
|upkeep
|
|t:|1758279599
|switch|p1a: Hoopa|Hoopa-Unbound|44/100
|turn|15
|
|t:|1758279604
|move|p1a: Hoopa|Hyperspace Fury|p2a: Zapdos
|-damage|p2a: Zapdos|35/100
|-unboost|p1a: Hoopa|def|1
|move|p2a: Zapdos|U-turn|p1a: Hoopa
|-supereffective|p1a: Hoopa
|-damage|p1a: Hoopa|0 fnt
|faint|p1a: Hoopa
|
|t:|1758279612
|switch|p2a: Samurott|Samurott-Hisui, F|100/100|[from] U-turn
|
|upkeep
|
|t:|1758279620
|switch|p1a: Hydrapple|Hydrapple, F|80/100
|turn|16
|
|t:|1758279624
|switch|p2a: Weezing|Weezing-Galar, M|44/100
|-ability|p2a: Weezing|Neutralizing Gas
|move|p1a: Hydrapple|Nasty Plot|p1a: Hydrapple
|-boost|p1a: Hydrapple|spa|2
|
|upkeep
|turn|17
|
|t:|1758279632
|move|p2a: Weezing|Strange Steam|p1a: Hydrapple
|-supereffective|p1a: Hydrapple
|-damage|p1a: Hydrapple|30/100
|move|p1a: Hydrapple|Earth Power|p2a: Weezing
|-supereffective|p2a: Weezing
|-damage|p2a: Weezing|0 fnt
|faint|p2a: Weezing
|-end|p2a: Weezing|ability: Neutralizing Gas
|
|upkeep
|
|t:|1758279637
|switch|p2a: Samurott|Samurott-Hisui, F|100/100
|turn|18
|
|t:|1758279644
|move|p2a: Samurott|X-Scissor|p1a: Hydrapple
|-supereffective|p1a: Hydrapple
|-damage|p1a: Hydrapple|0 fnt
|-damage|p2a: Samurott|84/100|[from] item: Rocky Helmet|[of] p1a: Hydrapple
|faint|p1a: Hydrapple
|
|upkeep
|
|t:|1758279656
|switch|p1a: Metagross|Metagross|100/100
|turn|19
|
|t:|1758279660
|move|p2a: Samurott|X-Scissor|p1a: Metagross
|-damage|p1a: Metagross|68/100
|move|p1a: Metagross|Meteor Mash|p2a: Samurott
|-resisted|p2a: Samurott
|-damage|p2a: Samurott|34/100
|-boost|p1a: Metagross|atk|1
|
|upkeep
|turn|20
|
|t:|1758279669
|move|p2a: Samurott|X-Scissor|p1a: Metagross
|-damage|p1a: Metagross|36/100
|move|p1a: Metagross|Meteor Mash|p2a: Samurott
|-resisted|p2a: Samurott
|-damage|p2a: Samurott|0 fnt
|faint|p2a: Samurott
|
|upkeep
|
|t:|1758279674
|switch|p2a: Zapdos|Zapdos|35/100
|turn|21
|
|t:|1758279680
|move|p2a: Zapdos|Thunderbolt|p1a: Metagross
|-damage|p1a: Metagross|0 fnt
|faint|p1a: Metagross
|
|upkeep
|
|t:|1758279685
|switch|p1a: Gardevoir|Gardevoir, M|100/100
|-ability|p1a: Gardevoir|Static|Trace|[from] ability: Trace|[of] p2a: Zapdos
|turn|22
|
|t:|1758279697
|move|p2a: Zapdos|Roost|p2a: Zapdos
|-heal|p2a: Zapdos|85/100
|-singleturn|p2a: Zapdos|move: Roost
|move|p1a: Gardevoir|Moonblast|p2a: Zapdos
|-damage|p2a: Zapdos|8/100
|
|upkeep
|turn|23
|
|t:|1758279704
|switch|p2a: Metagross|Metagross|100/100
|move|p1a: Gardevoir|Moonblast|p2a: Metagross
|-resisted|p2a: Metagross
|-damage|p2a: Metagross|58/100
|
|upkeep
|turn|24
|
|t:|1758279711
|move|p1a: Gardevoir|Moonblast|p2a: Metagross
|-resisted|p2a: Metagross
|-damage|p2a: Metagross|16/100
|move|p2a: Metagross|Heavy Slam|p1a: Gardevoir
|-supereffective|p1a: Gardevoir
|-damage|p1a: Gardevoir|0 fnt
|-status|p2a: Metagross|par|[from] ability: Static|[of] p1a: Gardevoir
|faint|p1a: Gardevoir
|
|upkeep
|
|t:|1758279721
|switch|p1a: Cloyster|Cloyster, M|100/100
|turn|25
|
|t:|1758279725
|move|p1a: Cloyster|Shell Smash|p1a: Cloyster
|-unboost|p1a: Cloyster|def|1
|-unboost|p1a: Cloyster|spd|1
|-boost|p1a: Cloyster|atk|2
|-boost|p1a: Cloyster|spa|2
|-boost|p1a: Cloyster|spe|2
|cant|p2a: Metagross|par
|
|upkeep
|turn|26
|
|t:|1758279734
|move|p1a: Cloyster|Icicle Spear|p2a: Metagross
|-resisted|p2a: Metagross
|-damage|p2a: Metagross|5/100 par
|-resisted|p2a: Metagross
|-damage|p2a: Metagross|0 fnt
|faint|p2a: Metagross
|-hitcount|p2: Metagross|2
|
|upkeep
|
|t:|1758279738
|switch|p2a: Zamazenta|Zamazenta|100/100
|-ability|p2a: Zamazenta|Dauntless Shield|boost
|-boost|p2a: Zamazenta|def|1
|turn|27
|
|t:|1758279747
|-terastallize|p2a: Zamazenta|Dark
|move|p1a: Cloyster|Icicle Spear|p2a: Zamazenta
|-damage|p2a: Zamazenta|87/100
|-damage|p2a: Zamazenta|72/100
|-hitcount|p2a: Zamazenta|2
|move|p2a: Zamazenta|Body Press|p1a: Cloyster
|-supereffective|p1a: Cloyster
|-damage|p1a: Cloyster|0 fnt
|faint|p1a: Cloyster
|
|win|Absetia
|raw|Dancingbug's rating: 1349 &rarr; <strong>1326</strong><br />(-23 for losing)
|raw|Absetia's rating: 1292 &rarr; <strong>1321</strong><br />(+29 for winning)
|l|☆Dancingbug
|player|p1|
