|j|☆Korge123456
|j|☆jgtyfkyk
|t:|1758263392
|gametype|singles
|player|p1|Korge123456|marlon|1126
|player|p2|jgtyfkyk|101|1104
|gen|9
|tier|[Gen 9] OU
|rated|
|rule|HP Percentage Mod: HP is shown in percentages
|rule|Endless Battle Clause: Forcing endless battles is banned
|rule|Species Clause: Limit one of each Pokémon
|rule|OHKO Clause: OHKO moves are banned
|rule|Evasion Items Clause: Evasion items are banned
|rule|Evasion Moves Clause: Evasion moves are banned
|rule|Evasion Abilities Clause: Evasion abilities are banned
|rule|Sleep Moves Clause: Sleep-inducing moves are banned
|clearpoke
|poke|p1|Heatran, M|
|poke|p1|Fezandipiti, M|
|poke|p1|Serperior, F|
|poke|p1|Samurott-Hisui, F|
|poke|p1|Great Tusk|
|poke|p1|Skarmory, M|
|poke|p2|Toxicroak, F|
|poke|p2|Houndoom, M|
|poke|p2|Shaymin|
|poke|p2|Orthworm, F|
|poke|p2|Hoopa-Unbound|
|poke|p2|Altaria, F|
|teampreview
|
|t:|1758263399
|teamsize|p1|6
|teamsize|p2|6
|start
|switch|p1a: Skarmory|Skarmory, M, shiny|100/100
|switch|p2a: Toxicroak|Toxicroak, F|100/100
|turn|1
|
|t:|1758263404
|move|p2a: Toxicroak|Swords Dance|p2a: Toxicroak
|-boost|p2a: Toxicroak|atk|2
|move|p1a: Skarmory|Stealth Rock|p2a: Toxicroak
|-sidestart|p2: jgtyfkyk|move: Stealth Rock
|
|upkeep
|turn|2
|
|t:|1758263413
|switch|p1a: Sush|Fezandipiti, M|100/100
|move|p2a: Toxicroak|Close Combat|p1a: Sush
|-resisted|p1a: Sush
|-damage|p1a: Sush|67/100
|-unboost|p2a: Toxicroak|def|1
|-unboost|p2a: Toxicroak|spd|1
|
|upkeep
|turn|3
|
|t:|1758263420
|move|p1a: Sush|Moonblast|p2a: Toxicroak
|-damage|p2a: Toxicroak|21/100
|-unboost|p2a: Toxicroak|spa|1
|move|p2a: Toxicroak|Gunk Shot|p1a: Sush
|-damage|p1a: Sush|0 fnt
|faint|p1a: Sush
|
|upkeep
|
|t:|1758263430
|switch|p1a: Serperior|Serperior, F, shiny|100/100
|turn|4
|
|t:|1758263433
|move|p2a: Toxicroak|Sucker Punch|p1a: Serperior
|-damage|p1a: Serperior|51/100
|move|p1a: Serperior|Dragon Pulse|p2a: Toxicroak
|-damage|p2a: Toxicroak|0 fnt
|faint|p2a: Toxicroak
|
|upkeep
|
|t:|1758263442
|switch|p2a: Hoopa|Hoopa-Unbound|100/100
|-damage|p2a: Hoopa|88/100|[from] Stealth Rock
|turn|5
|
|t:|1758263467
|switch|p1a: Skarmory|Skarmory, M, shiny|100/100
|move|p2a: Hoopa|Hyperspace Fury|p1a: Skarmory
|-damage|p1a: Skarmory|59/100
|-unboost|p2a: Hoopa|def|1
|
|-heal|p1a: Skarmory|65/100|[from] item: Leftovers
|upkeep
|turn|6
|
|t:|1758263477
|switch|p2a: Altaria|Altaria, F|100/100
|move|p1a: Skarmory|Roost|p1a: Skarmory
|-heal|p1a: Skarmory|100/100
|-singleturn|p1a: Skarmory|move: Roost
|
|upkeep
|turn|7
|
|t:|1758263502
|move|p2a: Altaria|Defog|p1a: Skarmory
|-unboost|p1a: Skarmory|evasion|1
|-sideend|p2: jgtyfkyk|Stealth Rock|[from] move: Defog|[of] p2a: Altaria
|move|p1a: Skarmory|Taunt|p2a: Altaria
|-start|p2a: Altaria|move: Taunt
|
|upkeep
|turn|8
|
|t:|1758263511
|switch|p2a: Houndoom|Houndoom, M|100/100
|move|p1a: Skarmory|Stealth Rock|p2a: Houndoom
|-sidestart|p2: jgtyfkyk|move: Stealth Rock
|
|upkeep
|turn|9
|
|t:|1758263530
|switch|p1a: Heatran|Heatran, M, shiny|100/100
|move|p2a: Houndoom|Dark Pulse|p1a: Heatran
|-damage|p1a: Heatran|54/100
|
|upkeep
|turn|10
|
|t:|1758263539
|switch|p2a: Altaria|Altaria, F|100/100
|move|p1a: Heatran|Earth Power|p2a: Altaria
|-immune|p2a: Altaria
|
|upkeep
|turn|11
|
|t:|1758263576
|switch|p1a: Skarmory|Skarmory, M, shiny|100/100
|move|p2a: Altaria|Defog|p1a: Skarmory
|-unboost|p1a: Skarmory|evasion|1
|-sideend|p2: jgtyfkyk|Stealth Rock|[from] move: Defog|[of] p2a: Altaria
|
|upkeep
|turn|12
|
|t:|1758263587
|switch|p2a: Orthworm|Orthworm, F|100/100
|move|p1a: Skarmory|Stealth Rock|p2a: Orthworm
|-sidestart|p2: jgtyfkyk|move: Stealth Rock
|
|upkeep
|turn|13
|
|t:|1758263598
|move|p1a: Skarmory|Taunt|p2a: Orthworm
|-start|p2a: Orthworm|move: Taunt
|move|p2a: Orthworm|Body Press|p1a: Skarmory
|-damage|p1a: Skarmory|74/100
|
|-heal|p1a: Skarmory|80/100|[from] item: Leftovers
|upkeep
|turn|14
|
|t:|1758263620
|switch|p1a: Great Tusk|Great Tusk, shiny|100/100
|move|p2a: Orthworm|Body Press|p1a: Great Tusk
|-damage|p1a: Great Tusk|81/100
|
|upkeep
|turn|15
|
|t:|1758263642
|move|p1a: Great Tusk|Close Combat|p2a: Orthworm
|-supereffective|p2a: Orthworm
|-damage|p2a: Orthworm|28/100
|-unboost|p1a: Great Tusk|def|1
|-unboost|p1a: Great Tusk|spd|1
|-damage|p1a: Great Tusk|65/100|[from] item: Rocky Helmet|[of] p2a: Orthworm
|move|p2a: Orthworm|Body Press|p1a: Great Tusk
|-damage|p1a: Great Tusk|36/100
|
|-end|p2a: Orthworm|move: Taunt
|upkeep
|turn|16
|
|t:|1758263676
|move|p1a: Great Tusk|Close Combat|p2a: Orthworm
|-supereffective|p2a: Orthworm
|-damage|p2a: Orthworm|0 fnt
|-unboost|p1a: Great Tusk|def|1
|-unboost|p1a: Great Tusk|spd|1
|-damage|p1a: Great Tusk|19/100|[from] item: Rocky Helmet|[of] p2a: Orthworm
|faint|p2a: Orthworm
|
|upkeep
|
|t:|1758263682
|switch|p2a: Shaymin|Shaymin|100/100
|-damage|p2a: Shaymin|88/100|[from] Stealth Rock
|turn|17
|
|t:|1758263691
|-end|p1a: Great Tusk|Protosynthesis|[silent]
|switch|p1a: Skarmory|Skarmory, M, shiny|80/100
|move|p2a: Shaymin|Seed Flare|p1a: Skarmory|[miss]
|-miss|p2a: Shaymin|p1a: Skarmory
|
|-heal|p2a: Shaymin|94/100|[from] item: Leftovers
|-heal|p1a: Skarmory|86/100|[from] item: Leftovers
|upkeep
|turn|18
|inactive|Battle timer is ON: inactive players will automatically lose when time's up. (requested by Korge123456)
|l|☆Korge123456
|inactive|Korge123456 disconnected and has a minute to reconnect!
|player|p1|
|j|☆Korge123456
|inactive|Korge123456 reconnected.
|player|p1|Korge123456|marlon|
|inactive|jgtyfkyk has 120 seconds left.
|inactive|jgtyfkyk has 90 seconds left.
|inactive|jgtyfkyk has 60 seconds left.
|inactive|jgtyfkyk has 30 seconds left.
|inactive|jgtyfkyk has 20 seconds left.
|inactive|jgtyfkyk has 15 seconds left.
|inactive|jgtyfkyk has 10 seconds left.
|inactive|jgtyfkyk has 5 seconds left.
|-message|jgtyfkyk lost due to inactivity.
|
|win|Korge123456
|raw|Korge123456's rating: 1148 &rarr; <strong>1168</strong><br />(+20 for winning)
|raw|jgtyfkyk's rating: 1073 &rarr; <strong>1057</strong><br />(-16 for losing)
|l|☆Korge123456
|player|p1|
