|j|☆Tenative Tentacles
|j|☆Beach Bum Joe
|t:|1758233614
|gametype|singles
|player|p1|Tenative Tentacles|1|1112
|player|p2|Beach Bum Joe|swimmer-gen4|1132
|gen|9
|tier|[Gen 9] OU
|rated|
|rule|HP Percentage Mod: HP is shown in percentages
|rule|Endless Battle Clause: Forcing endless battles is banned
|rule|Species Clause: Limit one of each Pokémon
|rule|OHKO Clause: OHKO moves are banned
|rule|Evasion Items Clause: Evasion items are banned
|rule|Evasion Moves Clause: Evasion moves are banned
|rule|Evasion Abilities Clause: Evasion abilities are banned
|rule|Sleep Moves Clause: Sleep-inducing moves are banned
|clearpoke
|poke|p1|Slowking-Galar, M|
|poke|p1|Rillaboom, F|
|poke|p1|Gliscor, F|
|poke|p1|Kyurem|
|poke|p1|Moltres|
|poke|p1|Okidogi, M|
|poke|p2|Garchomp, M|
|poke|p2|Luxio, M|
|poke|p2|Ninetales, F|
|poke|p2|Decidueye-Hisui, M|
|poke|p2|Gholdengo|
|poke|p2|Lilligant-Hisui, F|
|teampreview
|
|t:|1758233618
|teamsize|p1|6
|teamsize|p2|6
|start
|switch|p1a: Slowking|Slowking-Galar, M|100/100
|switch|p2a: Berserker|Garchomp, M, shiny|100/100
|turn|1
|
|t:|1758233625
|switch|p1a: Gliscor|Gliscor, F|100/100
|move|p2a: Berserker|Stealth Rock|p1a: Gliscor
|-sidestart|p1: Tenative Tentacles|move: Stealth Rock
|
|-status|p1a: Gliscor|tox|[from] item: Toxic Orb
|upkeep
|turn|2
|
|t:|1758233633
|move|p2a: Berserker|Spikes|p1a: Gliscor
|-sidestart|p1: Tenative Tentacles|Spikes
|move|p1a: Gliscor|Spikes|p2a: Berserker
|-sidestart|p2: Beach Bum Joe|Spikes
|
|upkeep
|turn|3
|
|t:|1758233638
|move|p2a: Berserker|Spikes|p1a: Gliscor
|-sidestart|p1: Tenative Tentacles|Spikes
|move|p1a: Gliscor|Toxic|p2a: Berserker|[miss]
|-miss|p1a: Gliscor|p2a: Berserker
|
|upkeep
|turn|4
|
|t:|1758233649
|move|p2a: Berserker|Spikes|p1a: Gliscor
|-sidestart|p1: Tenative Tentacles|Spikes
|move|p1a: Gliscor|Spikes|p2a: Berserker
|-sidestart|p2: Beach Bum Joe|Spikes
|
|upkeep
|turn|5
|
|t:|1758233655
|move|p2a: Berserker|Spikes||[still]
|-fail|p2a: Berserker
|move|p1a: Gliscor|Toxic|p2a: Berserker
|-status|p2a: Berserker|tox
|
|-damage|p2a: Berserker|94/100 tox|[from] psn
|upkeep
|turn|6
|
|t:|1758233663
|switch|p2a: Archer|Decidueye-Hisui, M|100/100
|move|p1a: Gliscor|Spikes|p2a: Archer
|-sidestart|p2: Beach Bum Joe|Spikes
|
|upkeep
|turn|7
|
|t:|1758233670
|move|p1a: Gliscor|Toxic|p2a: Archer
|-status|p2a: Archer|tox
|move|p2a: Archer|Triple Arrows|p1a: Gliscor
|-resisted|p1a: Gliscor
|-damage|p1a: Gliscor|87/100 tox
|-unboost|p1a: Gliscor|def|1
|
|-heal|p1a: Gliscor|99/100 tox|[from] ability: Poison Heal
|-damage|p2a: Archer|95/100 tox|[from] psn
|upkeep
|turn|8
|
|t:|1758233682
|move|p1a: Gliscor|Protect|p1a: Gliscor
|-singleturn|p1a: Gliscor|Protect
|move|p2a: Archer|Triple Arrows|p1a: Gliscor
|-activate|p1a: Gliscor|move: Protect
|
|-heal|p1a: Gliscor|100/100 tox|[from] ability: Poison Heal
|-damage|p2a: Archer|83/100 tox|[from] psn
|upkeep
|turn|9
|
|t:|1758233692
|move|p1a: Gliscor|Knock Off|p2a: Archer
|-resisted|p2a: Archer
|-damage|p2a: Archer|69/100 tox
|-enditem|p2a: Archer|Heavy-Duty Boots|[from] move: Knock Off|[of] p1a: Gliscor
|move|p2a: Archer|Triple Arrows|p1a: Gliscor
|-resisted|p1a: Gliscor
|-damage|p1a: Gliscor|80/100 tox
|-unboost|p1a: Gliscor|def|1
|
|-heal|p1a: Gliscor|93/100 tox|[from] ability: Poison Heal
|-damage|p2a: Archer|51/100 tox|[from] psn
|upkeep
|turn|10
|
|t:|1758233706
|move|p1a: Gliscor|Protect|p1a: Gliscor
|-singleturn|p1a: Gliscor|Protect
|move|p2a: Archer|Triple Arrows|p1a: Gliscor
|-activate|p1a: Gliscor|move: Protect
|
|-heal|p1a: Gliscor|100/100 tox|[from] ability: Poison Heal
|-damage|p2a: Archer|27/100 tox|[from] psn
|upkeep
|turn|11
|
|t:|1758233716
|switch|p1a: Okidogi|Okidogi, M|100/100
|-damage|p1a: Okidogi|94/100|[from] Stealth Rock
|-damage|p1a: Okidogi|69/100|[from] Spikes
|move|p2a: Archer|Defog|p1a: Okidogi
|-unboost|p1a: Okidogi|evasion|1
|-sideend|p1: Tenative Tentacles|Spikes|[from] move: Defog|[of] p2a: Archer
|-sideend|p1: Tenative Tentacles|Stealth Rock|[from] move: Defog|[of] p2a: Archer
|-sideend|p2: Beach Bum Joe|Spikes|[from] move: Defog|[of] p2a: Archer
|
|-heal|p1a: Okidogi|75/100|[from] item: Leftovers
|-damage|p2a: Archer|0 fnt|[from] psn
|faint|p2a: Archer
|upkeep
|
|t:|1758233746
|switch|p2a: Lancer|Luxio, M|100/100
|-ability|p2a: Lancer|Intimidate|boost
|-ability|p1a: Okidogi|Guard Dog|boost
|-boost|p1a: Okidogi|atk|1
|turn|12
|
|t:|1758233761
|move|p2a: Lancer|Baby-Doll Eyes|p1a: Okidogi
|-unboost|p1a: Okidogi|atk|1
|move|p1a: Okidogi|Drain Punch|p2a: Lancer
|-damage|p2a: Lancer|61/100
|-heal|p1a: Okidogi|92/100|[from] drain|[of] p2a: Lancer
|
|-heal|p1a: Okidogi|98/100|[from] item: Leftovers
|upkeep
|turn|13
|
|t:|1758233772
|move|p2a: Lancer|Baby-Doll Eyes|p1a: Okidogi
|-unboost|p1a: Okidogi|atk|1
|move|p1a: Okidogi|Knock Off|p2a: Lancer
|-damage|p2a: Lancer|38/100
|-enditem|p2a: Lancer|Eviolite|[from] move: Knock Off|[of] p1a: Okidogi
|
|-heal|p1a: Okidogi|100/100|[from] item: Leftovers
|upkeep
|turn|14
|
|t:|1758233783
|switch|p1a: Slowking|Slowking-Galar, M|100/100
|move|p2a: Lancer|Thunder Fang|p1a: Slowking
|-damage|p1a: Slowking|81/100
|
|upkeep
|turn|15
|
|t:|1758233790
|move|p2a: Lancer|Thunder Fang|p1a: Slowking
|-damage|p1a: Slowking|60/100
|move|p1a: Slowking|Future Sight|p2a: Lancer
|-start|p1a: Slowking|move: Future Sight
|
|upkeep
|turn|16
|
|t:|1758233801
|move|p2a: Lancer|Thunder Fang|p1a: Slowking
|-damage|p1a: Slowking|39/100
|-status|p1a: Slowking|par
|-prepare|p1a: Slowking|Chilly Reception|[premajor]
|move|p1a: Slowking|Chilly Reception|p1a: Slowking
|-weather|Snowscape
|
|t:|1758233807
|switch|p1a: Gliscor|Gliscor, F|100/100 tox|[from] Chilly Reception
|
|-weather|Snowscape|[upkeep]
|upkeep
|turn|17
|
|t:|1758233814
|move|p1a: Gliscor|Spikes|p2a: Lancer
|-sidestart|p2: Beach Bum Joe|Spikes
|move|p2a: Lancer|Thunder Fang|p1a: Gliscor
|-immune|p1a: Gliscor
|
|-weather|Snowscape|[upkeep]
|-end|p2a: Lancer|move: Future Sight
|-damage|p2a: Lancer|0 fnt
|faint|p2a: Lancer
|upkeep
|
|t:|1758233826
|switch|p2a: Gilgamesh|Gholdengo, shiny|100/100
|-damage|p2a: Gilgamesh|88/100|[from] Spikes
|turn|18
|
|t:|1758233831
|move|p2a: Gilgamesh|Make It Rain|p1a: Gliscor
|-damage|p1a: Gliscor|10/100 tox
|-unboost|p2a: Gilgamesh|spa|1
|move|p1a: Gliscor|Knock Off|p2a: Gilgamesh
|-supereffective|p2a: Gilgamesh
|-damage|p2a: Gilgamesh|43/100
|-enditem|p2a: Gilgamesh|Leftovers|[from] move: Knock Off|[of] p1a: Gliscor
|
|-weather|Snowscape|[upkeep]
|-heal|p1a: Gliscor|22/100 tox|[from] ability: Poison Heal
|upkeep
|turn|19
|
|t:|1758233849
|switch|p1a: Moltres|Moltres|100/100
|move|p2a: Gilgamesh|Shadow Ball|p1a: Moltres
|-damage|p1a: Moltres|68/100
|
|-weather|Snowscape|[upkeep]
|upkeep
|turn|20
|
|t:|1758233860
|switch|p2a: Berserker|Garchomp, M, shiny|94/100 tox
|-damage|p2a: Berserker|82/100 tox|[from] Spikes
|move|p1a: Moltres|Flamethrower|p2a: Berserker
|-resisted|p2a: Berserker
|-damage|p2a: Berserker|61/100 tox
|
|-weather|none
|-damage|p2a: Berserker|55/100 tox|[from] psn
|upkeep
|turn|21
|
|t:|1758233875
|move|p2a: Berserker|Earthquake|p1a: Moltres
|-immune|p1a: Moltres
|move|p1a: Moltres|Roar|p2a: Berserker
|drag|p2a: Gilgamesh|Gholdengo, shiny|43/100
|-damage|p2a: Gilgamesh|31/100|[from] Spikes
|
|upkeep
|turn|22
|
|t:|1758233887
|move|p2a: Gilgamesh|Make It Rain|p1a: Moltres
|-resisted|p1a: Moltres
|-damage|p1a: Moltres|32/100
|-unboost|p2a: Gilgamesh|spa|1
|move|p1a: Moltres|Flamethrower|p2a: Gilgamesh
|-supereffective|p2a: Gilgamesh
|-damage|p2a: Gilgamesh|0 fnt
|faint|p2a: Gilgamesh
|
|upkeep
|
|t:|1758233900
|switch|p2a: Caster|Ninetales, F, shiny|100/100
|-damage|p2a: Caster|88/100|[from] Spikes
|-weather|SunnyDay|[from] ability: Drought|[of] p2a: Caster
|turn|23
|
|t:|1758233907
|move|p2a: Caster|Weather Ball|p1a: Moltres
|-resisted|p1a: Moltres
|-damage|p1a: Moltres|2/100
|move|p1a: Moltres|Roost|p1a: Moltres
|-heal|p1a: Moltres|52/100
|-singleturn|p1a: Moltres|move: Roost
|
|-weather|SunnyDay|[upkeep]
|upkeep
|turn|24
|
|t:|1758233917
|move|p2a: Caster|Weather Ball|p1a: Moltres
|-resisted|p1a: Moltres
|-damage|p1a: Moltres|18/100
|move|p1a: Moltres|Roost|p1a: Moltres
|-heal|p1a: Moltres|68/100
|-singleturn|p1a: Moltres|move: Roost
|
|-weather|SunnyDay|[upkeep]
|upkeep
|turn|25
|
|t:|1758233930
|move|p2a: Caster|Encore|p1a: Moltres
|-start|p1a: Moltres|Encore
|move|p1a: Moltres|Roost|p1a: Moltres
|-heal|p1a: Moltres|100/100
|-singleturn|p1a: Moltres|move: Roost
|
|-weather|SunnyDay|[upkeep]
|upkeep
|turn|26
|
|t:|1758233955
|switch|p2a: Saber|Lilligant-Hisui, F, shiny|100/100
|-damage|p2a: Saber|88/100|[from] Spikes
|switch|p1a: Okidogi|Okidogi, M|100/100
|
|-weather|SunnyDay|[upkeep]
|upkeep
|turn|27
|
|t:|1758233968
|move|p2a: Saber|Close Combat|p1a: Okidogi
|-resisted|p1a: Okidogi
|-damage|p1a: Okidogi|70/100
|-unboost|p2a: Saber|def|1
|-unboost|p2a: Saber|spd|1
|-damage|p2a: Saber|78/100|[from] item: Life Orb
|move|p1a: Okidogi|Gunk Shot|p2a: Saber
|-supereffective|p2a: Saber
|-damage|p2a: Saber|0 fnt
|faint|p2a: Saber
|
|-weather|SunnyDay|[upkeep]
|-heal|p1a: Okidogi|76/100|[from] item: Leftovers
|upkeep
|
|t:|1758233987
|switch|p2a: Berserker|Garchomp, M, shiny|55/100 tox
|-damage|p2a: Berserker|42/100 tox|[from] Spikes
|turn|28
|
|t:|1758233997
|move|p2a: Berserker|Earthquake|p1a: Okidogi
|-supereffective|p1a: Okidogi
|-damage|p1a: Okidogi|0 fnt
|faint|p1a: Okidogi
|
|-weather|SunnyDay|[upkeep]
|-damage|p2a: Berserker|36/100 tox|[from] psn
|upkeep
|
|t:|1758234023
|switch|p1a: Gliscor|Gliscor, F|22/100 tox
|turn|29
|
|t:|1758234032
|move|p2a: Berserker|Stealth Rock|p1a: Gliscor
|-sidestart|p1: Tenative Tentacles|move: Stealth Rock
|move|p1a: Gliscor|Spikes|p2a: Berserker
|-sidestart|p2: Beach Bum Joe|Spikes
|
|-weather|SunnyDay|[upkeep]
|-damage|p2a: Berserker|24/100 tox|[from] psn
|-heal|p1a: Gliscor|35/100 tox|[from] ability: Poison Heal
|upkeep
|turn|30
|
|t:|1758234047
|move|p2a: Berserker|Spikes|p1a: Gliscor
|-sidestart|p1: Tenative Tentacles|Spikes
|move|p1a: Gliscor|Spikes|p2a: Berserker
|-sidestart|p2: Beach Bum Joe|Spikes
|
|-weather|none
|-damage|p2a: Berserker|6/100 tox|[from] psn
|-heal|p1a: Gliscor|47/100 tox|[from] ability: Poison Heal
|upkeep
|turn|31
|
|t:|1758234060
|switch|p1a: Rillaboom|Rillaboom, F|100/100
|-damage|p1a: Rillaboom|88/100|[from] Stealth Rock
|-damage|p1a: Rillaboom|75/100|[from] Spikes
|-fieldstart|move: Grassy Terrain|[from] ability: Grassy Surge|[of] p1a: Rillaboom
|move|p2a: Berserker|Poison Jab|p1a: Rillaboom
|-supereffective|p1a: Rillaboom
|-damage|p1a: Rillaboom|24/100
|-status|p1a: Rillaboom|psn
|
|-heal|p2a: Berserker|12/100 tox|[from] Grassy Terrain
|-heal|p1a: Rillaboom|30/100 psn|[from] Grassy Terrain
|-damage|p2a: Berserker|0 fnt|[from] psn
|faint|p2a: Berserker
|-damage|p1a: Rillaboom|18/100 psn|[from] psn
|upkeep
|
|t:|1758234076
|switch|p2a: Caster|Ninetales, F, shiny|88/100
|-damage|p2a: Caster|64/100|[from] Spikes
|-weather|SunnyDay|[from] ability: Drought|[of] p2a: Caster
|turn|32
|
|t:|1758234085
|move|p2a: Caster|Weather Ball|p1a: Rillaboom
|-supereffective|p1a: Rillaboom
|-damage|p1a: Rillaboom|0 fnt
|faint|p1a: Rillaboom
|
|-weather|SunnyDay|[upkeep]
|-heal|p2a: Caster|69/100|[from] Grassy Terrain
|upkeep
|
|t:|1758234106
|switch|p1a: Moltres|Moltres|100/100
|turn|33
|
|t:|1758234115
|move|p2a: Caster|Weather Ball|p1a: Moltres
|-resisted|p1a: Moltres
|-damage|p1a: Moltres|70/100
|move|p1a: Moltres|Flamethrower|p2a: Caster
|-resisted|p2a: Caster
|-damage|p2a: Caster|37/100
|
|-weather|SunnyDay|[upkeep]
|-heal|p2a: Caster|43/100|[from] Grassy Terrain
|upkeep
|turn|34
|
|t:|1758234125
|move|p2a: Caster|Weather Ball|p1a: Moltres
|-resisted|p1a: Moltres
|-damage|p1a: Moltres|38/100
|move|p1a: Moltres|Flamethrower|p2a: Caster
|-resisted|p2a: Caster
|-damage|p2a: Caster|9/100
|
|-weather|SunnyDay|[upkeep]
|-heal|p2a: Caster|14/100|[from] Grassy Terrain
|upkeep
|turn|35
|
|t:|1758234136
|move|p2a: Caster|Weather Ball|p1a: Moltres
|-resisted|p1a: Moltres
|-damage|p1a: Moltres|6/100
|move|p1a: Moltres|Flamethrower|p2a: Caster
|-resisted|p2a: Caster
|-damage|p2a: Caster|0 fnt
|faint|p2a: Caster
|
|win|Tenative Tentacles
|raw|Tenative Tentacles's rating: 1112 &rarr; <strong>1138</strong><br />(+26 for winning)
|raw|Beach Bum Joe's rating: 1132 &rarr; <strong>1106</strong><br />(-26 for losing)
|l|☆Tenative Tentacles
|player|p1|
|l|☆Beach Bum Joe
|player|p2|
