|j|☆St. Saturn
|j|☆uwontwinprobably
|t:|1758249031
|gametype|singles
|player|p1|St. Saturn|hilbert|1418
|player|p2|uwontwinprobably|acetrainer-gen4dp|1537
|gen|9
|tier|[Gen 9] OU
|rated|
|rule|HP Percentage Mod: HP is shown in percentages
|rule|Endless Battle Clause: Forcing endless battles is banned
|rule|Species Clause: Limit one of each Pokémon
|rule|OHKO Clause: OHKO moves are banned
|rule|Evasion Items Clause: Evasion items are banned
|rule|Evasion Moves Clause: Evasion moves are banned
|rule|Evasion Abilities Clause: Evasion abilities are banned
|rule|Sleep Moves Clause: Sleep-inducing moves are banned
|clearpoke
|poke|p1|Dragapult, M|
|poke|p1|Dragonite, F|
|poke|p1|Ting-Lu|
|poke|p1|Weezing-Galar, F|
|poke|p1|Iron Crown|
|poke|p1|Zapdos|
|poke|p2|Heatran, F|
|poke|p2|Zamazenta-*|
|poke|p2|Enamorus, F|
|poke|p2|Ursaluna, F|
|poke|p2|Ogerpon-Wellspring, F|
|poke|p2|Kyurem|
|teampreview
|inactive|Battle timer is ON: inactive players will automatically lose when time's up. (requested by St. Saturn)
|
|t:|1758249052
|teamsize|p1|6
|teamsize|p2|6
|start
|switch|p1a: Dragapult|Dragapult, M|100/100
|switch|p2a: Kyurem|Kyurem|100/100
|-ability|p2a: Kyurem|Pressure
|turn|1
|
|t:|1758249060
|move|p2a: Kyurem|Freeze-Dry|p1a: Dragapult
|-supereffective|p1a: Dragapult
|-crit|p1a: Dragapult
|-damage|p1a: Dragapult|0 fnt
|faint|p1a: Dragapult
|
|upkeep
|
|t:|1758249071
|switch|p1a: Iron Crown|Iron Crown|100/100
|turn|2
|
|t:|1758249076
|switch|p2a: Heatran|Heatran, F|100/100
|move|p1a: Iron Crown|Focus Blast|p2a: Heatran|[miss]
|-miss|p1a: Iron Crown|p2a: Heatran
|
|upkeep
|turn|3
|
|t:|1758249082
|move|p2a: Heatran|Heat Wave|p1a: Iron Crown
|-supereffective|p1a: Iron Crown
|-damage|p1a: Iron Crown|0 fnt
|faint|p1a: Iron Crown
|-end|p1a: Iron Crown|Quark Drive|[silent]
|
|upkeep
|
|t:|1758249089
|switch|p1a: Ting-Lu|Ting-Lu|100/100
|-ability|p1a: Ting-Lu|Vessel of Ruin
|turn|4
|
|t:|1758249099
|switch|p2a: Ursaluna|Ursaluna, F|100/100
|move|p1a: Ting-Lu|Earthquake|p2a: Ursaluna
|-damage|p2a: Ursaluna|80/100
|
|-status|p2a: Ursaluna|brn|[from] item: Flame Orb
|upkeep
|turn|5
|
|t:|1758249111
|move|p2a: Ursaluna|Facade|p1a: Ting-Lu
|-damage|p1a: Ting-Lu|52/100
|move|p1a: Ting-Lu|Payback|p2a: Ursaluna
|-damage|p2a: Ursaluna|57/100 brn
|
|-heal|p1a: Ting-Lu|58/100|[from] item: Leftovers
|-damage|p2a: Ursaluna|50/100 brn|[from] brn
|upkeep
|turn|6
|
|t:|1758249126
|switch|p1a: Weezing|Weezing-Galar, F|100/100
|-ability|p1a: Weezing|Neutralizing Gas
|move|p2a: Ursaluna|Facade|p1a: Weezing
|-damage|p1a: Weezing|58/100
|
|-damage|p2a: Ursaluna|44/100 brn|[from] brn
|upkeep
|turn|7
|
|t:|1758249135
|move|p1a: Weezing|Strange Steam|p2a: Ursaluna
|-damage|p2a: Ursaluna|21/100 brn
|-start|p2a: Ursaluna|confusion
|-activate|p2a: Ursaluna|confusion
|move|p2a: Ursaluna|Earthquake|p1a: Weezing
|-supereffective|p1a: Weezing
|-damage|p1a: Weezing|27/100
|
|-damage|p2a: Ursaluna|15/100 brn|[from] brn
|upkeep
|turn|8
|
|t:|1758249144
|switch|p2a: Heatran|Heatran, F|100/100
|move|p1a: Weezing|Strange Steam|p2a: Heatran
|-resisted|p2a: Heatran
|-damage|p2a: Heatran|94/100
|
|upkeep
|turn|9
|
|t:|1758249152
|switch|p2a: Ogerpon|Ogerpon-Wellspring, F|100/100
|-end|p1a: Weezing|ability: Neutralizing Gas
|switch|p1a: Ting-Lu|Ting-Lu|58/100
|-ability|p1a: Ting-Lu|Vessel of Ruin
|
|-heal|p1a: Ting-Lu|65/100|[from] item: Leftovers
|upkeep
|turn|10
|
|t:|1758249162
|-terastallize|p1a: Ting-Lu|Water
|move|p2a: Ogerpon|Swords Dance|p2a: Ogerpon
|-boost|p2a: Ogerpon|atk|2
|move|p1a: Ting-Lu|Heavy Slam|p2a: Ogerpon
|-resisted|p2a: Ogerpon
|-damage|p2a: Ogerpon|80/100
|
|-heal|p1a: Ting-Lu|71/100|[from] item: Leftovers
|upkeep
|turn|11
|
|t:|1758249170
|move|p2a: Ogerpon|Horn Leech|p1a: Ting-Lu
|-supereffective|p1a: Ting-Lu
|-damage|p1a: Ting-Lu|0 fnt
|-heal|p2a: Ogerpon|100/100|[from] drain|[of] p1a: Ting-Lu
|faint|p1a: Ting-Lu
|
|upkeep
|
|t:|1758249178
|switch|p1a: Dragonite|Dragonite, F|100/100
|turn|12
|
|t:|1758249181
|move|p2a: Ogerpon|Ivy Cudgel|p1a: Dragonite|[anim] Ivy Cudgel Water
|-resisted|p1a: Dragonite
|-damage|p1a: Dragonite|69/100
|move|p1a: Dragonite|Dragon Dance|p1a: Dragonite
|-boost|p1a: Dragonite|atk|1
|-boost|p1a: Dragonite|spe|1
|
|upkeep
|turn|13
|
|t:|1758249187
|move|p1a: Dragonite|Extreme Speed|p2a: Ogerpon
|-crit|p2a: Ogerpon
|-damage|p2a: Ogerpon|8/100
|move|p2a: Ogerpon|Play Rough|p1a: Dragonite
|-supereffective|p1a: Dragonite
|-damage|p1a: Dragonite|0 fnt
|faint|p1a: Dragonite
|
|upkeep
|
|t:|1758249196
|switch|p1a: Weezing|Weezing-Galar, F|27/100
|-ability|p1a: Weezing|Neutralizing Gas
|turn|14
|c|☆uwontwinprobably|gg
|
|t:|1758249200
|move|p2a: Ogerpon|Ivy Cudgel|p1a: Weezing|[anim] Ivy Cudgel Water
|-damage|p1a: Weezing|0 fnt
|faint|p1a: Weezing
|-end|p1a: Weezing|ability: Neutralizing Gas
|
|upkeep
|
|t:|1758249203
|switch|p1a: Zapdos|Zapdos|100/100
|turn|15
|
|t:|1758249207
|-terastallize|p2a: Ogerpon|Water
|detailschange|p2a: Ogerpon|Ogerpon-Wellspring-Tera, F, tera:Water
|-ability|p2a: Ogerpon|Embody Aspect (Wellspring)|boost
|-boost|p2a: Ogerpon|spd|1
|move|p2a: Ogerpon|Ivy Cudgel|p1a: Zapdos|[anim] Ivy Cudgel Water
|-damage|p1a: Zapdos|0 fnt
|faint|p1a: Zapdos
|
|win|uwontwinprobably
|raw|St. Saturn's rating: 1418 &rarr; <strong>1405</strong><br />(-13 for losing)
|raw|uwontwinprobably's rating: 1537 &rarr; <strong>1550</strong><br />(+13 for winning)
|l|☆St. Saturn
|player|p1|
