|j|☆Xenofist
|j|☆doctorrocket
|t:|1758342733
|gametype|singles
|player|p1|Xenofist|blackbelt-gen4dp|1301
|player|p2|doctorrocket|scientist|1354
|gen|9
|tier|[Gen 9] OU
|rated|
|rule|HP Percentage Mod: HP is shown in percentages
|rule|Endless Battle Clause: Forcing endless battles is banned
|rule|Species Clause: Limit one of each Pokémon
|rule|OHKO Clause: OHKO moves are banned
|rule|Evasion Items Clause: Evasion items are banned
|rule|Evasion Moves Clause: Evasion moves are banned
|rule|Evasion Abilities Clause: Evasion abilities are banned
|rule|Sleep Moves Clause: Sleep-inducing moves are banned
|clearpoke
|poke|p1|Ogerpon-Cornerstone, F|
|poke|p1|Landorus-Therian, M|
|poke|p1|Hatterene, F|
|poke|p1|Kingambit, M|
|poke|p1|Latios, M|
|poke|p1|Pecharunt|
|poke|p2|Kyurem|
|poke|p2|Garganacl, M|
|poke|p2|Kingambit, F|
|poke|p2|Raging Bolt|
|poke|p2|Ogerpon-Wellspring, F|
|poke|p2|Ribombee, F|
|teampreview
|inactive|Battle timer is ON: inactive players will automatically lose when time's up. (requested by doctorrocket)
|
|t:|1758342757
|teamsize|p1|6
|teamsize|p2|6
|start
|switch|p1a: Latios|Latios, M|100/100
|switch|p2a: Ribombee|Ribombee, F|100/100
|turn|1
|
|t:|1758342764
|switch|p1a: Hatterene|Hatterene, F|100/100
|move|p2a: Ribombee|Moonblast|p1a: Hatterene
|-damage|p1a: Hatterene|61/100
|
|upkeep
|turn|2
|
|t:|1758342770
|switch|p2a: Kingambit|Kingambit, F|100/100
|move|p1a: Hatterene|Mystical Fire|p2a: Kingambit
|-supereffective|p2a: Kingambit
|-damage|p2a: Kingambit|52/100
|-unboost|p2a: Kingambit|spa|1
|
|upkeep
|turn|3
|
|t:|1758342777
|switch|p1a: Landorus|Landorus-Therian, M|100/100
|-ability|p1a: Landorus|Intimidate|boost
|-unboost|p2a: Kingambit|atk|1
|move|p2a: Kingambit|Iron Head|p1a: Landorus
|-damage|p1a: Landorus|80/100
|-damage|p2a: Kingambit|36/100|[from] item: Rocky Helmet|[of] p1a: Landorus
|
|upkeep
|turn|4
|
|t:|1758342789
|-end|p2a: Kingambit|fallenundefined|[silent]
|switch|p2a: Ribombee|Ribombee, F|100/100
|move|p1a: Landorus|Stealth Rock|p2a: Ribombee
|-sidestart|p2: doctorrocket|move: Stealth Rock
|
|upkeep
|turn|5
|
|t:|1758342795
|move|p2a: Ribombee|Trick|p1a: Landorus
|-activate|p2a: Ribombee|move: Trick|[of] p1a: Landorus
|-item|p1a: Landorus|Choice Specs|[from] move: Trick
|-item|p2a: Ribombee|Rocky Helmet|[from] move: Trick
|move|p1a: Landorus|Taunt|p2a: Ribombee
|-start|p2a: Ribombee|move: Taunt
|
|upkeep
|turn|6
|
|t:|1758342811
|switch|p1a: Hatterene|Hatterene, F|61/100
|move|p2a: Ribombee|Moonblast|p1a: Hatterene
|-damage|p1a: Hatterene|35/100
|
|upkeep
|turn|7
|
|t:|1758342827
|move|p2a: Ribombee|Moonblast|p1a: Hatterene
|-damage|p1a: Hatterene|9/100
|move|p1a: Hatterene|Draining Kiss|p2a: Ribombee
|-damage|p2a: Ribombee|54/100
|-heal|p1a: Hatterene|38/100|[from] drain|[of] p2a: Ribombee
|-damage|p1a: Hatterene|21/100|[from] item: Rocky Helmet|[of] p2a: Ribombee
|
|upkeep
|turn|8
|
|t:|1758342844
|switch|p1a: Pecharunt|Pecharunt|100/100
|move|p2a: Ribombee|Moonblast|p1a: Pecharunt
|-resisted|p1a: Pecharunt
|-damage|p1a: Pecharunt|83/100
|-unboost|p1a: Pecharunt|spa|1
|
|-end|p2a: Ribombee|move: Taunt
|upkeep
|turn|9
|
|t:|1758342850
|move|p2a: Ribombee|Sticky Web|p1a: Pecharunt
|-sidestart|p1: Xenofist|move: Sticky Web
|move|p1a: Pecharunt|Parting Shot|p2a: Ribombee
|-unboost|p2a: Ribombee|atk|1
|-unboost|p2a: Ribombee|spa|1
|
|t:|1758342855
|switch|p1a: Hatterene|Hatterene, F|21/100|[from] Parting Shot
|-activate|p1a: Hatterene|move: Sticky Web
|-unboost|p1a: Hatterene|spe|1
|
|upkeep
|turn|10
|
|t:|1758342860
|move|p2a: Ribombee|Moonblast|p1a: Hatterene
|-damage|p1a: Hatterene|5/100
|move|p1a: Hatterene|Draining Kiss|p2a: Ribombee
|-damage|p2a: Ribombee|8/100
|-heal|p1a: Hatterene|33/100|[from] drain|[of] p2a: Ribombee
|-damage|p1a: Hatterene|16/100|[from] item: Rocky Helmet|[of] p2a: Ribombee
|
|upkeep
|turn|11
|
|t:|1758342870
|move|p2a: Ribombee|Moonblast|p1a: Hatterene
|-damage|p1a: Hatterene|0 fnt
|faint|p1a: Hatterene
|
|upkeep
|
|t:|1758342882
|switch|p1a: Latios|Latios, M|100/100
|turn|12
|
|t:|1758342895
|switch|p2a: Kingambit|Kingambit, F|36/100
|-damage|p2a: Kingambit|30/100|[from] Stealth Rock
|move|p1a: Latios|Aura Sphere|p2a: Kingambit
|-supereffective|p2a: Kingambit
|-damage|p2a: Kingambit|0 fnt
|faint|p2a: Kingambit
|-end|p2a: Kingambit|fallenundefined|[silent]
|
|upkeep
|
|t:|1758342901
|switch|p2a: Garganacl|Garganacl, M|100/100
|-damage|p2a: Garganacl|88/100|[from] Stealth Rock
|turn|13
|
|t:|1758342911
|switch|p1a: Pecharunt|Pecharunt|83/100
|-terastallize|p2a: Garganacl|Ghost
|move|p2a: Garganacl|Iron Defense|p2a: Garganacl
|-boost|p2a: Garganacl|def|2
|
|-heal|p2a: Garganacl|94/100|[from] item: Leftovers
|upkeep
|turn|14
|
|t:|1758342918
|move|p1a: Pecharunt|Shadow Ball|p2a: Garganacl
|-supereffective|p2a: Garganacl
|-damage|p2a: Garganacl|76/100
|move|p2a: Garganacl|Salt Cure|p1a: Pecharunt
|-damage|p1a: Pecharunt|76/100
|-start|p1a: Pecharunt|Salt Cure
|
|-heal|p2a: Garganacl|82/100|[from] item: Leftovers
|-damage|p1a: Pecharunt|63/100|[from] Salt Cure
|upkeep
|turn|15
|
|t:|1758342924
|move|p1a: Pecharunt|Parting Shot|p2a: Garganacl
|-unboost|p2a: Garganacl|atk|1
|-unboost|p2a: Garganacl|spa|1
|
|t:|1758342928
|switch|p1a: Kingambit|Kingambit, M|100/100|[from] Parting Shot
|-activate|p1a: Kingambit|move: Sticky Web
|-unboost|p1a: Kingambit|spe|1
|-activate|p1a: Kingambit|ability: Supreme Overlord
|-start|p1a: Kingambit|fallen1|[silent]
|move|p2a: Garganacl|Salt Cure|p1a: Kingambit
|-resisted|p1a: Kingambit
|-damage|p1a: Kingambit|96/100
|-start|p1a: Kingambit|Salt Cure
|
|-heal|p1a: Kingambit|100/100|[from] item: Leftovers
|-heal|p2a: Garganacl|88/100|[from] item: Leftovers
|-damage|p1a: Kingambit|76/100|[from] Salt Cure
|upkeep
|turn|16
|
|t:|1758342940
|-terastallize|p1a: Kingambit|Ghost
|move|p1a: Kingambit|Swords Dance|p1a: Kingambit
|-boost|p1a: Kingambit|atk|2
|move|p2a: Garganacl|Body Press|p1a: Kingambit
|-immune|p1a: Kingambit
|
|-heal|p1a: Kingambit|82/100|[from] item: Leftovers
|-heal|p2a: Garganacl|95/100|[from] item: Leftovers
|-damage|p1a: Kingambit|69/100|[from] Salt Cure
|upkeep
|turn|17
|
|t:|1758342946
|move|p1a: Kingambit|Kowtow Cleave|p2a: Garganacl
|-supereffective|p2a: Garganacl
|-damage|p2a: Garganacl|29/100
|move|p2a: Garganacl|Iron Defense|p2a: Garganacl
|-boost|p2a: Garganacl|def|2
|
|-heal|p1a: Kingambit|76/100|[from] item: Leftovers
|-heal|p2a: Garganacl|35/100|[from] item: Leftovers
|-damage|p1a: Kingambit|63/100|[from] Salt Cure
|upkeep
|turn|18
|
|t:|1758342951
|move|p1a: Kingambit|Kowtow Cleave|p2a: Garganacl
|-supereffective|p2a: Garganacl
|-damage|p2a: Garganacl|0 fnt
|faint|p2a: Garganacl
|
|-heal|p1a: Kingambit|69/100|[from] item: Leftovers
|-damage|p1a: Kingambit|57/100|[from] Salt Cure
|upkeep
|
|t:|1758342960
|switch|p2a: Raging Bolt|Raging Bolt|100/100
|-damage|p2a: Raging Bolt|88/100|[from] Stealth Rock
|turn|19
|
|t:|1758342966
|move|p2a: Raging Bolt|Thunderclap|p1a: Kingambit
|-damage|p1a: Kingambit|0 fnt
|faint|p1a: Kingambit
|-end|p1a: Kingambit|fallen1|[silent]
|-damage|p2a: Raging Bolt|78/100|[from] item: Life Orb
|
|upkeep
|
|t:|1758342979
|switch|p1a: Latios|Latios, M|100/100
|turn|20
|
|t:|1758342983
|-end|p2a: Raging Bolt|Protosynthesis|[silent]
|switch|p2a: Ribombee|Ribombee, F|8/100
|-damage|p2a: Ribombee|0 fnt|[from] Stealth Rock
|faint|p2a: Ribombee
|move|p1a: Latios|Trick|p2: Ribombee|[notarget]
|-fail|p1a: Latios
|
|upkeep
|
|t:|1758342988
|switch|p2a: Ogerpon|Ogerpon-Wellspring, F|100/100
|-damage|p2a: Ogerpon|88/100|[from] Stealth Rock
|turn|21
|
|t:|1758342992
|switch|p1a: Landorus|Landorus-Therian, M|80/100
|-ability|p1a: Landorus|Intimidate|boost
|-unboost|p2a: Ogerpon|atk|1
|move|p2a: Ogerpon|Knock Off|p1a: Landorus
|-damage|p1a: Landorus|57/100
|-enditem|p1a: Landorus|Choice Specs|[from] move: Knock Off|[of] p2a: Ogerpon
|
|upkeep
|turn|22
|
|t:|1758343000
|move|p2a: Ogerpon|Ivy Cudgel|p1a: Landorus|[anim] Ivy Cudgel Water
|-supereffective|p1a: Landorus
|-damage|p1a: Landorus|0 fnt
|faint|p1a: Landorus
|
|upkeep
|
|t:|1758343014
|switch|p1a: Pecharunt|Pecharunt|63/100
|turn|23
|
|t:|1758343027
|switch|p2a: Raging Bolt|Raging Bolt|78/100
|-damage|p2a: Raging Bolt|66/100|[from] Stealth Rock
|move|p1a: Pecharunt|Recover|p1a: Pecharunt
|-heal|p1a: Pecharunt|100/100
|
|upkeep
|turn|24
|
|t:|1758343033
|move|p1a: Pecharunt|Parting Shot|p2a: Raging Bolt
|-unboost|p2a: Raging Bolt|atk|1
|-unboost|p2a: Raging Bolt|spa|1
|
|t:|1758343038
|switch|p1a: Ogerpon|Ogerpon-Cornerstone, F|100/100|[from] Parting Shot
|-activate|p1a: Ogerpon|move: Sticky Web
|-unboost|p1a: Ogerpon|spe|1
|move|p2a: Raging Bolt|Calm Mind|p2a: Raging Bolt
|-boost|p2a: Raging Bolt|spa|1
|-boost|p2a: Raging Bolt|spd|1
|
|upkeep
|turn|25
|
|t:|1758343049
|move|p1a: Ogerpon|Ivy Cudgel|p2a: Raging Bolt|[anim] Ivy Cudgel Rock
|-damage|p2a: Raging Bolt|20/100
|move|p2a: Raging Bolt|Dragon Pulse|p1a: Ogerpon
|-damage|p1a: Ogerpon|28/100
|-damage|p2a: Raging Bolt|10/100|[from] item: Life Orb
|
|upkeep
|turn|26
|
|t:|1758343055
|move|p2a: Raging Bolt|Thunderclap||[still]
|-fail|p2a: Raging Bolt
|move|p1a: Ogerpon|Swords Dance|p1a: Ogerpon
|-boost|p1a: Ogerpon|atk|2
|
|upkeep
|turn|27
|
|t:|1758343058
|move|p2a: Raging Bolt|Thunderclap||[still]
|-fail|p2a: Raging Bolt
|move|p1a: Ogerpon|Swords Dance|p1a: Ogerpon
|-boost|p1a: Ogerpon|atk|2
|
|upkeep
|turn|28
|
|t:|1758343061
|move|p2a: Raging Bolt|Thunderclap|p1a: Ogerpon
|-resisted|p1a: Ogerpon
|-damage|p1a: Ogerpon|0 fnt
|faint|p1a: Ogerpon
|-damage|p2a: Raging Bolt|0 fnt|[from] item: Life Orb
|faint|p2a: Raging Bolt
|-end|p2a: Raging Bolt|Protosynthesis|[silent]
|
|upkeep
|
|t:|1758343070
|switch|p1a: Latios|Latios, M|100/100
|switch|p2a: Ogerpon|Ogerpon-Wellspring, F|88/100
|-damage|p2a: Ogerpon|76/100|[from] Stealth Rock
|turn|29
|
|t:|1758343099
|move|p1a: Latios|Draco Meteor|p2a: Ogerpon
|-damage|p2a: Ogerpon|0 fnt
|-unboost|p1a: Latios|spa|2
|faint|p2a: Ogerpon
|
|upkeep
|
|t:|1758343106
|switch|p2a: Kyurem|Kyurem|100/100
|-damage|p2a: Kyurem|76/100|[from] Stealth Rock
|-ability|p2a: Kyurem|Pressure
|turn|30
|
|t:|1758343109
|switch|p1a: Pecharunt|Pecharunt|100/100
|move|p2a: Kyurem|Ice Beam|p1a: Pecharunt
|-damage|p1a: Pecharunt|51/100
|
|upkeep
|turn|31
|
|t:|1758343114
|move|p2a: Kyurem|Ice Beam|p1a: Pecharunt
|-damage|p1a: Pecharunt|0 fnt
|faint|p1a: Pecharunt
|
|upkeep
|
|t:|1758343117
|switch|p1a: Latios|Latios, M|100/100
|turn|32
|
|t:|1758343118
|move|p1a: Latios|Draco Meteor|p2a: Kyurem
|-supereffective|p2a: Kyurem
|-damage|p2a: Kyurem|0 fnt
|-unboost|p1a: Latios|spa|2
|faint|p2a: Kyurem
|
|win|Xenofist
|raw|Xenofist's rating: 1301 &rarr; <strong>1324</strong><br />(+23 for winning)
|raw|doctorrocket's rating: 1354 &rarr; <strong>1331</strong><br />(-23 for losing)
|c|☆Xenofist|gg
|l|☆doctorrocket
|player|p2|
|l|☆Xenofist
|player|p1|
