|j|☆420Pimmelberger
|j|☆loweloenamorao
|t:|1758358123
|gametype|singles
|player|p1|420Pimmelberger|170|1238
|player|p2|loweloenamorao|169|1199
|gen|9
|tier|[Gen 9] OU
|rated|
|rule|HP Percentage Mod: HP is shown in percentages
|rule|Endless Battle Clause: Forcing endless battles is banned
|rule|Species Clause: Limit one of each Pokémon
|rule|OHKO Clause: OHKO moves are banned
|rule|Evasion Items Clause: Evasion items are banned
|rule|Evasion Moves Clause: Evasion moves are banned
|rule|Evasion Abilities Clause: Evasion abilities are banned
|rule|Sleep Moves Clause: Sleep-inducing moves are banned
|clearpoke
|poke|p1|Golurk|
|poke|p1|Porygon-Z|
|poke|p1|Tentacruel, M|
|poke|p1|Flamigo, F|
|poke|p1|Orthworm, M|
|poke|p1|Hoopa-Unbound|
|poke|p2|Floatzel, F|
|poke|p2|Raging Bolt|
|poke|p2|Pelipper, M|
|poke|p2|Ogerpon-Wellspring, F|
|poke|p2|Kingambit, F|
|poke|p2|Weezing-Galar, M|
|teampreview
|inactive|Battle timer is ON: inactive players will automatically lose when time's up. (requested by loweloenamorao)
|
|t:|1758358143
|teamsize|p1|6
|teamsize|p2|6
|start
|switch|p1a: PlsNoU-Turn|Hoopa-Unbound|100/100
|switch|p2a: Abascal|Ogerpon-Wellspring, F|100/100
|turn|1
|
|t:|1758358152
|switch|p1a: Snek Frien|Orthworm, M|100/100
|move|p2a: Abascal|U-turn|p1a: Snek Frien
|-resisted|p1a: Snek Frien
|-damage|p1a: Snek Frien|91/100
|
|t:|1758358158
|switch|p2a: Rajoi|Raging Bolt|100/100|[from] U-turn
|
|-heal|p1a: Snek Frien|97/100|[from] item: Leftovers
|upkeep
|turn|2
|
|t:|1758358168
|switch|p1a: PlsNoU-Turn|Hoopa-Unbound|100/100
|move|p2a: Rajoi|Volt Switch|p1a: PlsNoU-Turn
|-damage|p1a: PlsNoU-Turn|81/100
|
|t:|1758358172
|-end|p2a: Rajoi|Protosynthesis|[silent]
|switch|p2a: Abascal|Ogerpon-Wellspring, F|100/100|[from] Volt Switch
|
|upkeep
|turn|3
|
|t:|1758358184
|switch|p1a: Snek Frien|Orthworm, M|97/100
|move|p2a: Abascal|U-turn|p1a: Snek Frien
|-resisted|p1a: Snek Frien
|-damage|p1a: Snek Frien|87/100
|
|t:|1758358189
|switch|p2a: Bertrand Ndongo|Pelipper, M|100/100|[from] U-turn
|-weather|RainDance|[from] ability: Drizzle|[of] p2a: Bertrand Ndongo
|
|-weather|RainDance|[upkeep]
|-heal|p1a: Snek Frien|94/100|[from] item: Leftovers
|upkeep
|turn|4
|
|t:|1758358204
|move|p2a: Bertrand Ndongo|U-turn|p1a: Snek Frien
|-resisted|p1a: Snek Frien
|-damage|p1a: Snek Frien|91/100
|
|t:|1758358206
|switch|p2a: Dei v|Floatzel, F|100/100|[from] U-turn
|move|p1a: Snek Frien|Stealth Rock|p2a: Dei v
|-sidestart|p2: loweloenamorao|move: Stealth Rock
|
|-weather|RainDance|[upkeep]
|-heal|p1a: Snek Frien|97/100|[from] item: Leftovers
|upkeep
|turn|5
|
|t:|1758358217
|-terastallize|p2a: Dei v|Water
|move|p2a: Dei v|Waterfall|p1a: Snek Frien
|-damage|p1a: Snek Frien|25/100
|cant|p1a: Snek Frien|flinch
|
|-weather|RainDance|[upkeep]
|-heal|p1a: Snek Frien|31/100|[from] item: Leftovers
|upkeep
|turn|6
|
|t:|1758358227
|switch|p1a: chris b chicken|Tentacruel, M|100/100
|move|p2a: Dei v|Waterfall|p1a: chris b chicken
|-resisted|p1a: chris b chicken
|-damage|p1a: chris b chicken|34/100
|
|-weather|RainDance|[upkeep]
|-heal|p1a: chris b chicken|40/100|[from] item: Leftovers
|upkeep
|turn|7
|
|t:|1758358237
|move|p2a: Dei v|Waterfall|p1a: chris b chicken
|-resisted|p1a: chris b chicken
|-damage|p1a: chris b chicken|0 fnt
|faint|p1a: chris b chicken
|
|-weather|RainDance|[upkeep]
|upkeep
|
|t:|1758358259
|switch|p1a: Young Oatmeal|Flamigo, F|100/100
|turn|8
|inactive|loweloenamorao has 120 seconds left.
|
|t:|1758358312
|-terastallize|p1a: Young Oatmeal|Steel
|move|p2a: Dei v|Waterfall|p1a: Young Oatmeal
|-damage|p1a: Young Oatmeal|0 fnt
|faint|p1a: Young Oatmeal
|
|-weather|RainDance|[upkeep]
|upkeep
|inactive|420Pimmelberger has 120 seconds left.
|-message|420Pimmelberger forfeited.
|
|win|loweloenamorao
|raw|420Pimmelberger's rating: 1238 &rarr; <strong>1210</strong><br />(-28 for losing)
|raw|loweloenamorao's rating: 1199 &rarr; <strong>1227</strong><br />(+28 for winning)
|l|☆420Pimmelberger
|player|p1|
|l|☆loweloenamorao
|player|p2|
