|j|☆w34s
|j|☆kinhojoker
|t:|1758371645
|gametype|singles
|player|p1|w34s|caitlin|1069
|player|p2|kinhojoker|cynthia|1125
|gen|9
|tier|[Gen 9] OU
|rated|
|rule|HP Percentage Mod: HP is shown in percentages
|rule|Endless Battle Clause: Forcing endless battles is banned
|rule|Species Clause: Limit one of each Pokémon
|rule|OHKO Clause: OHKO moves are banned
|rule|Evasion Items Clause: Evasion items are banned
|rule|Evasion Moves Clause: Evasion moves are banned
|rule|Evasion Abilities Clause: Evasion abilities are banned
|rule|Sleep Moves Clause: Sleep-inducing moves are banned
|clearpoke
|poke|p1|Ninetales-Alola, F|
|poke|p1|Mimikyu, F|
|poke|p1|Ceruledge, M|
|poke|p1|Raichu, M|
|poke|p1|Dugtrio, M|
|poke|p1|Great Tusk|
|poke|p2|Great Tusk|
|poke|p2|Rillaboom, F|
|poke|p2|Gliscor, M|
|poke|p2|Iron Crown|
|poke|p2|Zapdos|
|poke|p2|Darkrai|
|teampreview
|
|t:|1758371659
|teamsize|p1|6
|teamsize|p2|6
|start
|switch|p1a: Ninetales|Ninetales-Alola, F|100/100
|switch|p2a: Great Tusk|Great Tusk|100/100
|-weather|Snowscape|[from] ability: Snow Warning|[of] p1a: Ninetales
|-enditem|p2a: Great Tusk|Booster Energy
|-activate|p2a: Great Tusk|ability: Protosynthesis|[fromitem]
|-start|p2a: Great Tusk|protosynthesisspe
|turn|1
|
|t:|1758371670
|-terastallize|p2a: Great Tusk|Water
|move|p2a: Great Tusk|Stealth Rock|p1a: Ninetales
|-sidestart|p1: w34s|move: Stealth Rock
|move|p1a: Ninetales|Blizzard|p2a: Great Tusk
|-resisted|p2a: Great Tusk
|-damage|p2a: Great Tusk|72/100
|
|-weather|Snowscape|[upkeep]
|upkeep
|turn|2
|
|t:|1758371692
|-end|p2a: Great Tusk|Protosynthesis|[silent]
|switch|p2a: Iron Crown|Iron Crown|100/100
|move|p1a: Ninetales|Freeze-Dry|p2a: Iron Crown
|-resisted|p2a: Iron Crown
|-damage|p2a: Iron Crown|87/100
|-status|p2a: Iron Crown|frz
|
|-weather|Snowscape|[upkeep]
|-heal|p2a: Iron Crown|94/100 frz|[from] item: Leftovers
|upkeep
|turn|3
|
|t:|1758371704
|-end|p2a: Iron Crown|Quark Drive|[silent]
|switch|p2a: Great Tusk|Great Tusk, tera:Water|72/100
|move|p1a: Ninetales|Aurora Veil|p1a: Ninetales
|-sidestart|p1: w34s|move: Aurora Veil
|
|-weather|Snowscape|[upkeep]
|upkeep
|turn|4
|
|t:|1758371712
|-end|p2a: Great Tusk|Protosynthesis|[silent]
|switch|p2a: Iron Crown|Iron Crown|94/100 frz
|move|p1a: Ninetales|Freeze-Dry|p2a: Iron Crown
|-resisted|p2a: Iron Crown
|-damage|p2a: Iron Crown|80/100 frz
|
|-weather|Snowscape|[upkeep]
|-heal|p2a: Iron Crown|86/100 frz|[from] item: Leftovers
|upkeep
|turn|5
|
|t:|1758371731
|move|p1a: Ninetales|Freeze-Dry|p2a: Iron Crown
|-resisted|p2a: Iron Crown
|-damage|p2a: Iron Crown|73/100 frz
|cant|p2a: Iron Crown|frz
|
|-weather|none
|-heal|p2a: Iron Crown|79/100 frz|[from] item: Leftovers
|upkeep
|turn|6
|
|t:|1758371751
|switch|p1a: Dugtrio|Dugtrio, M|100/100
|-damage|p1a: Dugtrio|94/100|[from] Stealth Rock
|-curestatus|p2a: Iron Crown|frz|[msg]
|move|p2a: Iron Crown|Future Sight|p1a: Dugtrio
|-start|p2a: Iron Crown|move: Future Sight
|
|-heal|p2a: Iron Crown|85/100|[from] item: Leftovers
|upkeep
|turn|7
|
|t:|1758371764
|-end|p2a: Iron Crown|Quark Drive|[silent]
|switch|p2a: Gliscor|Gliscor, M|100/100
|move|p1a: Dugtrio|Earthquake|p2a: Gliscor
|-immune|p2a: Gliscor
|
|-sideend|p1: w34s|move: Aurora Veil
|-status|p2a: Gliscor|tox|[from] item: Toxic Orb
|upkeep
|turn|8
|
|t:|1758371776
|move|p1a: Dugtrio|Sucker Punch||[still]
|-fail|p1a: Dugtrio
|move|p2a: Gliscor|Toxic|p1a: Dugtrio
|-status|p1a: Dugtrio|tox
|
|-end|p1a: Dugtrio|move: Future Sight
|-damage|p1a: Dugtrio|0 fnt
|faint|p1a: Dugtrio
|upkeep
|
|t:|1758371789
|switch|p1a: Ninetales|Ninetales-Alola, F|100/100
|-damage|p1a: Ninetales|75/100|[from] Stealth Rock
|-weather|Snowscape|[from] ability: Snow Warning|[of] p1a: Ninetales
|turn|9
|
|t:|1758371800
|switch|p2a: Iron Crown|Iron Crown|85/100
|move|p1a: Ninetales|Aurora Veil|p1a: Ninetales
|-sidestart|p1: w34s|move: Aurora Veil
|
|-weather|Snowscape|[upkeep]
|-heal|p2a: Iron Crown|91/100|[from] item: Leftovers
|upkeep
|turn|10
|
|t:|1758371810
|move|p1a: Ninetales|Encore||[still]
|-fail|p1a: Ninetales
|move|p2a: Iron Crown|Calm Mind|p2a: Iron Crown
|-boost|p2a: Iron Crown|spa|1
|-boost|p2a: Iron Crown|spd|1
|
|-weather|Snowscape|[upkeep]
|-heal|p2a: Iron Crown|98/100|[from] item: Leftovers
|upkeep
|turn|11
|
|t:|1758371819
|move|p1a: Ninetales|Encore|p2a: Iron Crown
|-start|p2a: Iron Crown|Encore
|move|p2a: Iron Crown|Calm Mind|p2a: Iron Crown
|-boost|p2a: Iron Crown|spa|1
|-boost|p2a: Iron Crown|spd|1
|
|-weather|Snowscape|[upkeep]
|-heal|p2a: Iron Crown|100/100|[from] item: Leftovers
|upkeep
|turn|12
|
|t:|1758371831
|switch|p1a: Mimikyu|Mimikyu, F|100/100
|-damage|p1a: Mimikyu|88/100|[from] Stealth Rock
|-end|p2a: Iron Crown|Quark Drive|[silent]
|switch|p2a: Great Tusk|Great Tusk, tera:Water|72/100
|
|-weather|Snowscape|[upkeep]
|-heal|p1a: Mimikyu|94/100|[from] item: Leftovers
|upkeep
|turn|13
|
|t:|1758371853
|move|p2a: Great Tusk|Ice Spinner|p1a: Mimikyu
|-activate|p1a: Mimikyu|ability: Disguise
|-damage|p1a: Mimikyu|94/100
|detailschange|p1a: Mimikyu|Mimikyu-Busted, F
|-damage|p1a: Mimikyu|82/100|[from] pokemon: Mimikyu-Busted
|move|p1a: Mimikyu|Will-O-Wisp|p2a: Great Tusk
|-status|p2a: Great Tusk|brn
|
|-weather|none
|-heal|p1a: Mimikyu|88/100|[from] item: Leftovers
|-damage|p2a: Great Tusk|66/100 brn|[from] brn
|-sideend|p1: w34s|move: Aurora Veil
|upkeep
|turn|14
|
|t:|1758371876
|-end|p2a: Great Tusk|Protosynthesis|[silent]
|switch|p2a: Gliscor|Gliscor, M|100/100 tox
|switch|p1a: Ceruledge|Ceruledge, M|100/100
|-damage|p1a: Ceruledge|76/100|[from] Stealth Rock
|
|upkeep
|turn|15
|
|t:|1758371896
|switch|p1a: Mimikyu|Mimikyu-Busted, F|88/100
|-damage|p1a: Mimikyu|75/100|[from] Stealth Rock
|move|p2a: Gliscor|Earthquake|p1a: Mimikyu
|-damage|p1a: Mimikyu|37/100
|
|-heal|p1a: Mimikyu|43/100|[from] item: Leftovers
|upkeep
|turn|16
|
|t:|1758371908
|move|p2a: Gliscor|Earthquake|p1a: Mimikyu
|-damage|p1a: Mimikyu|3/100
|move|p1a: Mimikyu|Curse|p2a: Gliscor
|-start|p2a: Gliscor|Curse|[of] p1a: Mimikyu
|-damage|p1a: Mimikyu|0 fnt
|faint|p1a: Mimikyu
|
|-damage|p2a: Gliscor|76/100 tox|[from] Curse
|upkeep
|
|t:|1758371924
|switch|p1a: Great Tusk|Great Tusk|100/100
|turn|17
|
|t:|1758371927
|move|p1a: Great Tusk|Rapid Spin|p2a: Gliscor
|-damage|p2a: Gliscor|65/100 tox
|-boost|p1a: Great Tusk|spe|1
|-sideend|p1: w34s|Stealth Rock|[from] move: Rapid Spin|[of] p1a: Great Tusk
|move|p2a: Gliscor|Toxic|p1a: Great Tusk
|-status|p1a: Great Tusk|tox
|
|-damage|p1a: Great Tusk|94/100 tox|[from] psn
|-heal|p2a: Gliscor|77/100 tox|[from] ability: Poison Heal
|-damage|p2a: Gliscor|52/100 tox|[from] Curse
|upkeep
|turn|18
|
|t:|1758371942
|switch|p2a: Great Tusk|Great Tusk, tera:Water|66/100 brn
|move|p1a: Great Tusk|Ice Spinner|p2a: Great Tusk
|-resisted|p2a: Great Tusk
|-damage|p2a: Great Tusk|56/100 brn
|
|-damage|p1a: Great Tusk|82/100 tox|[from] psn
|-damage|p2a: Great Tusk|50/100 brn|[from] brn
|upkeep
|turn|19
|
|t:|1758371954
|-end|p1a: Great Tusk|Protosynthesis|[silent]
|switch|p1a: Ceruledge|Ceruledge, M|76/100
|move|p2a: Great Tusk|Stealth Rock|p1a: Ceruledge
|-sidestart|p1: w34s|move: Stealth Rock
|
|-damage|p2a: Great Tusk|44/100 brn|[from] brn
|upkeep
|turn|20
|
|t:|1758371962
|-end|p2a: Great Tusk|Protosynthesis|[silent]
|switch|p2a: Gliscor|Gliscor, M|52/100 tox
|move|p1a: Ceruledge|Swords Dance|p1a: Ceruledge
|-boost|p1a: Ceruledge|atk|2
|
|-heal|p2a: Gliscor|65/100 tox|[from] ability: Poison Heal
|upkeep
|turn|21
|
|t:|1758371971
|move|p2a: Gliscor|Earthquake|p1a: Ceruledge
|-supereffective|p1a: Ceruledge
|-damage|p1a: Ceruledge|0 fnt
|faint|p1a: Ceruledge
|
|-heal|p2a: Gliscor|77/100 tox|[from] ability: Poison Heal
|upkeep
|
|t:|1758371980
|switch|p1a: Ninetales|Ninetales-Alola, F|75/100
|-damage|p1a: Ninetales|50/100|[from] Stealth Rock
|-weather|Snowscape|[from] ability: Snow Warning|[of] p1a: Ninetales
|turn|22
|
|t:|1758371988
|switch|p2a: Iron Crown|Iron Crown|100/100
|move|p1a: Ninetales|Blizzard|p2a: Iron Crown
|-resisted|p2a: Iron Crown
|-damage|p2a: Iron Crown|80/100
|
|-weather|Snowscape|[upkeep]
|-heal|p2a: Iron Crown|86/100|[from] item: Leftovers
|upkeep
|turn|23
|
|t:|1758371999
|move|p1a: Ninetales|Aurora Veil|p1a: Ninetales
|-sidestart|p1: w34s|move: Aurora Veil
|move|p2a: Iron Crown|Future Sight|p1a: Ninetales
|-start|p2a: Iron Crown|move: Future Sight
|
|-weather|Snowscape|[upkeep]
|-heal|p2a: Iron Crown|92/100|[from] item: Leftovers
|upkeep
|turn|24
|
|t:|1758372007
|move|p1a: Ninetales|Encore|p2a: Iron Crown
|-start|p2a: Iron Crown|Encore
|move|p2a: Iron Crown|Future Sight||[still]
|-fail|p2a: Iron Crown
|
|-weather|Snowscape|[upkeep]
|-heal|p2a: Iron Crown|99/100|[from] item: Leftovers
|upkeep
|turn|25
|
|t:|1758372020
|switch|p1a: Great Tusk|Great Tusk|82/100 tox
|-end|p2a: Iron Crown|Quark Drive|[silent]
|switch|p2a: Great Tusk|Great Tusk, tera:Water|44/100 brn
|
|-weather|Snowscape|[upkeep]
|-end|p1a: Great Tusk|move: Future Sight
|-supereffective|p1a: Great Tusk
|-damage|p1a: Great Tusk|0 fnt
|faint|p1a: Great Tusk
|-end|p1a: Great Tusk|Protosynthesis|[silent]
|-damage|p2a: Great Tusk|38/100 brn|[from] brn
|upkeep
|inactive|Battle timer is ON: inactive players will automatically lose when time's up. (requested by kinhojoker)
|inactive|w34s has 120 seconds left.
|inactive|w34s has 90 seconds left.
|l|☆w34s
|inactive|w34s disconnected and has a minute to reconnect!
|player|p1|
|inactive|w34s has 30 seconds to reconnect!
|inactive|w34s has 20 seconds to reconnect!
|inactive|w34s has 15 seconds to reconnect!
|inactive|w34s has 10 seconds to reconnect!
|inactive|w34s has 5 seconds to reconnect!
|-message|w34s lost due to inactivity.
|
|win|kinhojoker
|raw|w34s's rating: 1069 &rarr; <strong>1052</strong><br />(-17 for losing)
|raw|kinhojoker's rating: 1125 &rarr; <strong>1146</strong><br />(+21 for winning)
|l|☆kinhojoker
|player|p2|
