|j|☆darkslayersora
|j|☆whichjuanz
|t:|1758235728
|gametype|singles
|player|p1|darkslayersora|102|1310
|player|p2|whichjuanz|hiker-gen4|1330
|gen|9
|tier|[Gen 9] OU
|rated|
|rule|HP Percentage Mod: HP is shown in percentages
|rule|Endless Battle Clause: Forcing endless battles is banned
|rule|Species Clause: Limit one of each Pokémon
|rule|OHKO Clause: OHKO moves are banned
|rule|Evasion Items Clause: Evasion items are banned
|rule|Evasion Moves Clause: Evasion moves are banned
|rule|Evasion Abilities Clause: Evasion abilities are banned
|rule|Sleep Moves Clause: Sleep-inducing moves are banned
|clearpoke
|poke|p1|Walking Wake|
|poke|p1|Hatterene, F|
|poke|p1|Ninetales, F|
|poke|p1|Great Tusk|
|poke|p1|Venusaur, F|
|poke|p1|Ceruledge, F|
|poke|p2|Glimmora, F|
|poke|p2|Mimikyu, F|
|poke|p2|Samurott-Hisui, F|
|poke|p2|Kleavor, M|
|poke|p2|Decidueye-Hisui, F|
|poke|p2|Regidrago|
|teampreview
|inactive|Battle timer is ON: inactive players will automatically lose when time's up. (requested by whichjuanz)
|
|t:|1758235736
|teamsize|p1|6
|teamsize|p2|6
|start
|switch|p1a: Ninetales|Ninetales, F|100/100
|switch|p2a: Gimli|Kleavor, M|100/100
|-weather|SunnyDay|[from] ability: Drought|[of] p1a: Ninetales
|turn|1
|inactive|darkslayersora has 120 seconds left.
|
|t:|1758235774
|switch|p1a: Great Tusk|Great Tusk|100/100
|-activate|p1a: Great Tusk|ability: Protosynthesis
|-start|p1a: Great Tusk|protosynthesisspe
|move|p2a: Gimli|Stone Axe|p1a: Great Tusk
|-resisted|p1a: Great Tusk
|-damage|p1a: Great Tusk|93/100
|-sidestart|p1: darkslayersora|move: Stealth Rock
|
|-weather|SunnyDay|[upkeep]
|-heal|p1a: Great Tusk|99/100|[from] item: Leftovers
|upkeep
|turn|2
|inactive|darkslayersora has 120 seconds left.
|
|t:|1758235786
|switch|p2a: Frodo|Mimikyu, F|100/100
|move|p1a: Great Tusk|Headlong Rush|p2a: Frodo
|-activate|p2a: Frodo|ability: Disguise
|-damage|p2a: Frodo|100/100
|-unboost|p1a: Great Tusk|def|1
|-unboost|p1a: Great Tusk|spd|1
|detailschange|p2a: Frodo|Mimikyu-Busted, F
|-damage|p2a: Frodo|88/100|[from] pokemon: Mimikyu-Busted
|-enditem|p2a: Frodo|Red Card|[of] p1a: Great Tusk
|-end|p1a: Great Tusk|Protosynthesis|[silent]
|drag|p1a: Hatterene|Hatterene, F|100/100
|-damage|p1a: Hatterene|88/100|[from] Stealth Rock
|
|-weather|SunnyDay|[upkeep]
|upkeep
|turn|3
|
|t:|1758235791
|move|p2a: Frodo|Shadow Sneak|p1a: Hatterene
|-supereffective|p1a: Hatterene
|-damage|p1a: Hatterene|50/100
|-enditem|p1a: Hatterene|Eject Button
|
|t:|1758235797
|switch|p1a: Venusaur|Venusaur, F|100/100
|-damage|p1a: Venusaur|88/100|[from] Stealth Rock
|
|-weather|SunnyDay|[upkeep]
|upkeep
|turn|4
|
|t:|1758235804
|move|p1a: Venusaur|Growth|p1a: Venusaur
|-boost|p1a: Venusaur|atk|2
|-boost|p1a: Venusaur|spa|2
|move|p2a: Frodo|Will-O-Wisp|p1a: Venusaur
|-status|p1a: Venusaur|brn
|
|-weather|SunnyDay|[upkeep]
|-damage|p1a: Venusaur|82/100 brn|[from] brn
|upkeep
|turn|5
|
|t:|1758235809
|switch|p2a: Gollum|Glimmora, F|100/100
|move|p1a: Venusaur|Giga Drain|p2a: Gollum
|-damage|p2a: Gollum|15/100
|-heal|p1a: Venusaur|100/100 brn|[from] drain|[of] p2a: Gollum
|-enditem|p2a: Gollum|Red Card|[of] p1a: Venusaur
|drag|p1a: Walking Wake|Walking Wake|100/100
|-damage|p1a: Walking Wake|88/100|[from] Stealth Rock
|-activate|p1a: Walking Wake|ability: Protosynthesis
|-start|p1a: Walking Wake|protosynthesisspe
|
|-weather|SunnyDay|[upkeep]
|upkeep
|turn|6
|
|t:|1758235821
|switch|p2a: Gimli|Kleavor, M|100/100
|move|p1a: Walking Wake|Hydro Steam|p2a: Gimli
|-supereffective|p2a: Gimli
|-damage|p2a: Gimli|0 fnt
|faint|p2a: Gimli
|
|-weather|SunnyDay|[upkeep]
|upkeep
|
|t:|1758235824
|switch|p2a: Legolas|Decidueye-Hisui, F|100/100
|turn|7
|
|t:|1758235829
|-end|p1a: Walking Wake|Protosynthesis|[silent]
|switch|p1a: Hatterene|Hatterene, F|50/100
|-damage|p1a: Hatterene|38/100|[from] Stealth Rock
|move|p2a: Legolas|Triple Arrows|p1a: Hatterene
|-resisted|p1a: Hatterene
|-damage|p1a: Hatterene|24/100
|-unboost|p1a: Hatterene|def|1
|
|-weather|SunnyDay|[upkeep]
|upkeep
|turn|8
|
|t:|1758235833
|move|p2a: Legolas|Trailblaze|p1a: Hatterene
|-crit|p1a: Hatterene
|-damage|p1a: Hatterene|0 fnt
|-boost|p2a: Legolas|spe|1
|faint|p1a: Hatterene
|
|-weather|none
|upkeep
|
|t:|1758235836
|switch|p1a: Great Tusk|Great Tusk|99/100
|-damage|p1a: Great Tusk|96/100|[from] Stealth Rock
|turn|9
|
|t:|1758235840
|switch|p2a: Frodo|Mimikyu-Busted, F|88/100
|move|p1a: Great Tusk|Rapid Spin|p2a: Frodo
|-immune|p2a: Frodo
|
|-heal|p1a: Great Tusk|100/100|[from] item: Leftovers
|upkeep
|turn|10
|
|t:|1758235844
|move|p2a: Frodo|Will-O-Wisp|p1a: Great Tusk
|-status|p1a: Great Tusk|brn
|move|p1a: Great Tusk|Bulk Up|p1a: Great Tusk
|-boost|p1a: Great Tusk|atk|1
|-boost|p1a: Great Tusk|def|1
|
|-damage|p1a: Great Tusk|94/100 brn|[from] brn
|upkeep
|turn|11
|
|t:|1758235848
|move|p2a: Frodo|Swords Dance|p2a: Frodo
|-boost|p2a: Frodo|atk|2
|move|p1a: Great Tusk|Headlong Rush|p2a: Frodo
|-damage|p2a: Frodo|24/100
|-unboost|p1a: Great Tusk|def|1
|-unboost|p1a: Great Tusk|spd|1
|
|-heal|p1a: Great Tusk|100/100 brn|[from] item: Leftovers
|-damage|p1a: Great Tusk|94/100 brn|[from] brn
|upkeep
|turn|12
|
|t:|1758235852
|move|p2a: Frodo|Play Rough|p1a: Great Tusk|[miss]
|-miss|p2a: Frodo|p1a: Great Tusk
|move|p1a: Great Tusk|Headlong Rush|p2a: Frodo
|-damage|p2a: Frodo|0 fnt
|-unboost|p1a: Great Tusk|def|1
|-unboost|p1a: Great Tusk|spd|1
|faint|p2a: Frodo
|
|-heal|p1a: Great Tusk|100/100 brn|[from] item: Leftovers
|-damage|p1a: Great Tusk|94/100 brn|[from] brn
|upkeep
|
|t:|1758235855
|switch|p2a: Smaug|Regidrago|100/100
|turn|13
|
|t:|1758235861
|move|p2a: Smaug|Dragon Energy|p1a: Great Tusk
|-damage|p1a: Great Tusk|0 fnt
|faint|p1a: Great Tusk
|-end|p1a: Great Tusk|Protosynthesis|[silent]
|
|upkeep
|
|t:|1758235865
|switch|p1a: Ninetales|Ninetales, F|100/100
|-damage|p1a: Ninetales|76/100|[from] Stealth Rock
|-weather|SunnyDay|[from] ability: Drought|[of] p1a: Ninetales
|turn|14
|
|t:|1758235869
|move|p2a: Smaug|Dragon Energy|p1a: Ninetales
|-damage|p1a: Ninetales|0 fnt
|faint|p1a: Ninetales
|
|-weather|SunnyDay|[upkeep]
|upkeep
|
|t:|1758235876
|switch|p1a: Venusaur|Venusaur, F|100/100 brn
|-damage|p1a: Venusaur|88/100 brn|[from] Stealth Rock
|turn|15
|
|t:|1758235879
|switch|p2a: Gollum|Glimmora, F|15/100
|move|p1a: Venusaur|Sludge Bomb|p2a: Gollum
|-resisted|p2a: Gollum
|-damage|p2a: Gollum|0 fnt
|faint|p2a: Gollum
|-damage|p1a: Venusaur|78/100 brn|[from] item: Life Orb
|
|-weather|SunnyDay|[upkeep]
|-damage|p1a: Venusaur|72/100 brn|[from] brn
|upkeep
|
|t:|1758235882
|switch|p2a: Smaug|Regidrago|100/100
|turn|16
|
|t:|1758235885
|-terastallize|p2a: Smaug|Steel
|move|p1a: Venusaur|Sludge Bomb|p2a: Smaug
|-immune|p2a: Smaug
|move|p2a: Smaug|Dragon Energy|p1a: Venusaur
|-damage|p1a: Venusaur|0 fnt
|faint|p1a: Venusaur
|
|-weather|SunnyDay|[upkeep]
|upkeep
|
|t:|1758235888
|switch|p1a: Ceruledge|Ceruledge, F|100/100
|-damage|p1a: Ceruledge|76/100|[from] Stealth Rock
|turn|17
|
|t:|1758235891
|move|p2a: Smaug|Dragon Energy|p1a: Ceruledge
|-crit|p1a: Ceruledge
|-damage|p1a: Ceruledge|0 fnt
|faint|p1a: Ceruledge
|
|-weather|SunnyDay|[upkeep]
|upkeep
|
|t:|1758235893
|switch|p1a: Walking Wake|Walking Wake|88/100
|-damage|p1a: Walking Wake|76/100|[from] Stealth Rock
|-activate|p1a: Walking Wake|ability: Protosynthesis
|-start|p1a: Walking Wake|protosynthesisspe
|turn|18
|
|t:|1758235896
|switch|p2a: Aragorn|Samurott-Hisui, F|100/100
|-terastallize|p1a: Walking Wake|Water
|move|p1a: Walking Wake|Draco Meteor|p2a: Aragorn
|-damage|p2a: Aragorn|0 fnt
|-unboost|p1a: Walking Wake|spa|2
|faint|p2a: Aragorn
|
|-weather|SunnyDay|[upkeep]
|upkeep
|
|t:|1758235899
|switch|p2a: Legolas|Decidueye-Hisui, F|100/100
|turn|19
|
|t:|1758235904
|move|p1a: Walking Wake|Draco Meteor|p2a: Legolas
|-crit|p2a: Legolas
|-damage|p2a: Legolas|11/100
|-unboost|p1a: Walking Wake|spa|2
|move|p2a: Legolas|Trailblaze|p1a: Walking Wake
|-supereffective|p1a: Walking Wake
|-crit|p1a: Walking Wake
|-damage|p1a: Walking Wake|0 fnt
|-boost|p2a: Legolas|spe|1
|faint|p1a: Walking Wake
|-end|p1a: Walking Wake|Protosynthesis|[silent]
|
|win|whichjuanz
|raw|darkslayersora's rating: 1310 &rarr; <strong>1291</strong><br />(-19 for losing)
|raw|whichjuanz's rating: 1330 &rarr; <strong>1349</strong><br />(+19 for winning)
|l|☆darkslayersora
|player|p1|
|l|☆whichjuanz
|player|p2|
