|j|☆Alpha_Star09
|j|☆niccommoc
|t:|1758309041
|gametype|singles
|player|p1|Alpha_Star09|turo-ai|1387
|player|p2|niccommoc|cyclist|1433
|gen|9
|tier|[Gen 9] OU
|rated|
|rule|HP Percentage Mod: HP is shown in percentages
|rule|Endless Battle Clause: Forcing endless battles is banned
|rule|Species Clause: Limit one of each Pokémon
|rule|OHKO Clause: OHKO moves are banned
|rule|Evasion Items Clause: Evasion items are banned
|rule|Evasion Moves Clause: Evasion moves are banned
|rule|Evasion Abilities Clause: Evasion abilities are banned
|rule|Sleep Moves Clause: Sleep-inducing moves are banned
|clearpoke
|poke|p1|Thundurus-Therian, M|
|poke|p1|Iron Valiant|
|poke|p1|Frosmoth, F|
|poke|p1|Sinistcha|
|poke|p1|Araquanid, F|
|poke|p1|Kleavor, M|
|poke|p2|Ninetales-Alola, M|
|poke|p2|Kyurem|
|poke|p2|Gliscor, F|
|poke|p2|Hatterene, F|
|poke|p2|Iron Moth|
|poke|p2|Scizor, F|
|teampreview
|
|t:|1758309089
|teamsize|p1|6
|teamsize|p2|6
|start
|switch|p1a: Axe-Hand Morgan|Kleavor, M|100/100
|switch|p2a: Hatterene|Hatterene, F|100/100
|turn|1
|
|t:|1758309110
|move|p1a: Axe-Hand Morgan|Stone Axe|p2a: Hatterene
|-damage|p2a: Hatterene|31/100
|-sidestart|p2: niccommoc|move: Stealth Rock
|move|p2a: Hatterene|Calm Mind|p2a: Hatterene
|-boost|p2a: Hatterene|spa|1
|-boost|p2a: Hatterene|spd|1
|
|-heal|p2a: Hatterene|37/100|[from] item: Leftovers
|upkeep
|turn|2
|
|t:|1758309119
|move|p1a: Axe-Hand Morgan|Stone Axe|p2a: Hatterene
|-damage|p2a: Hatterene|0 fnt
|faint|p2a: Hatterene
|
|upkeep
|
|t:|1758309143
|switch|p2a: Scizor|Scizor, F|100/100
|-damage|p2a: Scizor|88/100|[from] Stealth Rock
|turn|3
|
|t:|1758309149
|switch|p1a: Chai|Sinistcha|100/100
|move|p2a: Scizor|Swords Dance|p2a: Scizor
|-boost|p2a: Scizor|atk|2
|
|upkeep
|turn|4
|
|t:|1758309155
|-terastallize|p2a: Scizor|Flying
|move|p2a: Scizor|Dual Wingbeat|p1a: Chai
|-supereffective|p1a: Chai
|-damage|p1a: Chai|0 fnt
|-damage|p2a: Scizor|72/100|[from] item: Rocky Helmet|[of] p1a: Chai
|faint|p1a: Chai
|-hitcount|p1: Chai|1
|-damage|p2a: Scizor|62/100|[from] item: Life Orb
|
|upkeep
|
|t:|1758309168
|switch|p1a: Zeus|Thundurus-Therian, M|100/100
|turn|5
|
|t:|1758309175
|switch|p2a: Gliscor|Gliscor, F|100/100
|-damage|p2a: Gliscor|88/100|[from] Stealth Rock
|move|p1a: Zeus|Psychic|p2a: Gliscor
|-damage|p2a: Gliscor|24/100
|
|-status|p2a: Gliscor|tox|[from] item: Toxic Orb
|upkeep
|turn|6
|
|t:|1758309198
|switch|p2a: Kyurem|Kyurem|100/100
|-damage|p2a: Kyurem|76/100|[from] Stealth Rock
|-ability|p2a: Kyurem|Pressure
|move|p1a: Zeus|Psychic|p2a: Kyurem
|-damage|p2a: Kyurem|28/100
|
|upkeep
|turn|7
|
|t:|1758309206
|move|p1a: Zeus|Psychic|p2a: Kyurem
|-damage|p2a: Kyurem|0 fnt
|faint|p2a: Kyurem
|
|upkeep
|
|t:|1758309208
|switch|p2a: Ninetales|Ninetales-Alola, M|100/100
|-damage|p2a: Ninetales|76/100|[from] Stealth Rock
|-weather|Snowscape|[from] ability: Snow Warning|[of] p2a: Ninetales
|turn|8
|
|t:|1758309229
|switch|p1a: Charlotte Ð Spider|Araquanid, F, shiny|100/100
|move|p2a: Ninetales|Aurora Veil|p2a: Ninetales
|-sidestart|p2: niccommoc|move: Aurora Veil
|
|-weather|Snowscape|[upkeep]
|upkeep
|turn|9
|
|t:|1758309237
|switch|p2a: Scizor|Scizor, F, tera:Flying|62/100
|-damage|p2a: Scizor|37/100|[from] Stealth Rock
|move|p1a: Charlotte Ð Spider|Sticky Web|p2a: Scizor
|-sidestart|p2: niccommoc|move: Sticky Web
|
|-weather|Snowscape|[upkeep]
|upkeep
|turn|10
|
|t:|1758309252
|switch|p1a: Esdeath|Frosmoth, F|100/100
|move|p2a: Scizor|Knock Off|p1a: Esdeath
|-damage|p1a: Esdeath|45/100
|-enditem|p1a: Esdeath|Heavy-Duty Boots|[from] move: Knock Off|[of] p2a: Scizor
|-damage|p2a: Scizor|27/100|[from] item: Life Orb
|
|-weather|Snowscape|[upkeep]
|upkeep
|turn|11
|
|t:|1758309267
|move|p1a: Esdeath|Ice Beam|p2a: Scizor
|-supereffective|p2a: Scizor
|-damage|p2a: Scizor|0 fnt
|faint|p2a: Scizor
|
|-weather|Snowscape|[upkeep]
|upkeep
|
|t:|1758309280
|switch|p2a: Gliscor|Gliscor, F|24/100 tox
|-damage|p2a: Gliscor|12/100 tox|[from] Stealth Rock
|turn|12
|
|t:|1758309294
|move|p2a: Gliscor|Facade|p1a: Esdeath
|-damage|p1a: Esdeath|4/100
|move|p1a: Esdeath|Ice Beam|p2a: Gliscor
|-supereffective|p2a: Gliscor
|-damage|p2a: Gliscor|0 fnt
|faint|p2a: Gliscor
|
|-weather|none
|upkeep
|
|t:|1758309301
|switch|p2a: Ninetales|Ninetales-Alola, M|76/100
|-damage|p2a: Ninetales|51/100|[from] Stealth Rock
|-activate|p2a: Ninetales|move: Sticky Web
|-unboost|p2a: Ninetales|spe|1
|-weather|Snowscape|[from] ability: Snow Warning|[of] p2a: Ninetales
|turn|13
|
|t:|1758309313
|switch|p1a: Axe-Hand Morgan|Kleavor, M|100/100
|move|p2a: Ninetales|Moonblast|p1a: Axe-Hand Morgan
|-damage|p1a: Axe-Hand Morgan|55/100
|
|-weather|Snowscape|[upkeep]
|upkeep
|turn|14
|
|t:|1758309319
|move|p1a: Axe-Hand Morgan|Stone Axe|p2a: Ninetales
|-supereffective|p2a: Ninetales
|-damage|p2a: Ninetales|0 fnt
|faint|p2a: Ninetales
|
|-weather|Snowscape|[upkeep]
|upkeep
|
|t:|1758309321
|switch|p2a: Iron Moth|Iron Moth|100/100
|-damage|p2a: Iron Moth|76/100|[from] Stealth Rock
|-activate|p2a: Iron Moth|move: Sticky Web
|-unboost|p2a: Iron Moth|spe|1
|-enditem|p2a: Iron Moth|Booster Energy
|-activate|p2a: Iron Moth|ability: Quark Drive|[fromitem]
|-start|p2a: Iron Moth|quarkdrivespa
|turn|15
|
|t:|1758309326
|move|p1a: Axe-Hand Morgan|Stone Axe|p2a: Iron Moth
|-supereffective|p2a: Iron Moth
|-damage|p2a: Iron Moth|0 fnt
|faint|p2a: Iron Moth
|-end|p2a: Iron Moth|Quark Drive|[silent]
|
|win|Alpha_Star09
|raw|Alpha_Star09's rating: 1387 &rarr; <strong>1410</strong><br />(+23 for winning)
|raw|niccommoc's rating: 1433 &rarr; <strong>1410</strong><br />(-23 for losing)
|l|☆Alpha_Star09
|player|p1|
|l|☆niccommoc
|player|p2|
