|j|☆TPX05
|j|☆axunyu
|t:|1758255257
|gametype|singles
|player|p1|TPX05|266|1399
|player|p2|axunyu|169|1394
|gen|9
|tier|[Gen 9] OU
|rated|
|rule|HP Percentage Mod: HP is shown in percentages
|rule|Endless Battle Clause: Forcing endless battles is banned
|rule|Species Clause: Limit one of each Pokémon
|rule|OHKO Clause: OHKO moves are banned
|rule|Evasion Items Clause: Evasion items are banned
|rule|Evasion Moves Clause: Evasion moves are banned
|rule|Evasion Abilities Clause: Evasion abilities are banned
|rule|Sleep Moves Clause: Sleep-inducing moves are banned
|clearpoke
|poke|p1|Pelipper, F|
|poke|p1|Hatterene, F|
|poke|p1|Iron Treads|
|poke|p1|Toxicroak, F|
|poke|p1|Barraskewda, F|
|poke|p1|Zapdos|
|poke|p2|Gallade, M|
|poke|p2|Landorus-Therian, M|
|poke|p2|Zamazenta-*|
|poke|p2|Gholdengo|
|poke|p2|Raging Bolt|
|poke|p2|Weezing-Galar, M|
|teampreview
|inactive|Battle timer is ON: inactive players will automatically lose when time's up. (requested by axunyu)
|
|t:|1758255265
|teamsize|p1|6
|teamsize|p2|6
|start
|switch|p1a: Pelipper|Pelipper, F|100/100
|switch|p2a: 你不允许使用特性|Weezing-Galar, M|100/100
|-ability|p2a: 你不允许使用特性|Neutralizing Gas
|turn|1
|
|t:|1758255281
|move|p2a: 你不允许使用特性|Will-O-Wisp|p1a: Pelipper|[miss]
|-miss|p2a: 你不允许使用特性|p1a: Pelipper
|move|p1a: Pelipper|Knock Off|p2a: 你不允许使用特性
|-resisted|p2a: 你不允许使用特性
|-damage|p2a: 你不允许使用特性|96/100
|-enditem|p2a: 你不允许使用特性|Heavy-Duty Boots|[from] move: Knock Off|[of] p1a: Pelipper
|
|upkeep
|turn|2
|
|t:|1758255298
|move|p2a: 你不允许使用特性|Will-O-Wisp|p1a: Pelipper
|-status|p1a: Pelipper|brn
|move|p1a: Pelipper|U-turn|p2a: 你不允许使用特性
|-resisted|p2a: 你不允许使用特性
|-damage|p2a: 你不允许使用特性|95/100
|
|t:|1758255300
|switch|p1a: Iron Treads|Iron Treads|100/100|[from] U-turn
|
|upkeep
|turn|3
|
|t:|1758255315
|-end|p2a: 你不允许使用特性|ability: Neutralizing Gas
|switch|p2a: 中转|Landorus-Therian, M|100/100
|-ability|p2a: 中转|Intimidate|boost
|-unboost|p1a: Iron Treads|atk|1
|move|p1a: Iron Treads|Earthquake|p2a: 中转
|-immune|p2a: 中转
|
|upkeep
|turn|4
|
|t:|1758255323
|-end|p1a: Iron Treads|Quark Drive|[silent]
|switch|p1a: Pelipper|Pelipper, F|100/100 brn
|-weather|RainDance|[from] ability: Drizzle|[of] p1a: Pelipper
|move|p2a: 中转|Stealth Rock|p1a: Pelipper
|-sidestart|p1: TPX05|move: Stealth Rock
|
|-weather|RainDance|[upkeep]
|-damage|p1a: Pelipper|94/100 brn|[from] brn
|upkeep
|turn|5
|
|t:|1758255333
|move|p2a: 中转|Taunt|p1a: Pelipper
|-start|p1a: Pelipper|move: Taunt
|move|p1a: Pelipper|U-turn|p2a: 中转
|-resisted|p2a: 中转
|-crit|p2a: 中转
|-damage|p2a: 中转|97/100
|-damage|p1a: Pelipper|78/100 brn|[from] item: Rocky Helmet|[of] p2a: 中转
|
|t:|1758255338
|switch|p1a: Barraskewda|Barraskewda, F|100/100|[from] U-turn
|-damage|p1a: Barraskewda|88/100|[from] Stealth Rock
|
|-weather|RainDance|[upkeep]
|upkeep
|turn|6
|
|t:|1758255343
|switch|p2a: 你不允许使用特性|Weezing-Galar, M|95/100
|-ability|p2a: 你不允许使用特性|Neutralizing Gas
|-terastallize|p1a: Barraskewda|Water
|move|p1a: Barraskewda|Flip Turn|p2a: 你不允许使用特性
|-damage|p2a: 你不允许使用特性|34/100
|
|t:|1758255351
|switch|p1a: Zapdos|Zapdos|100/100|[from] Flip Turn
|-damage|p1a: Zapdos|76/100|[from] Stealth Rock
|
|-weather|RainDance|[upkeep]
|upkeep
|turn|7
|
|t:|1758255362
|-end|p2a: 你不允许使用特性|ability: Neutralizing Gas
|switch|p2a: 暗雷|Gholdengo|100/100
|-item|p2a: 暗雷|Air Balloon
|move|p1a: Zapdos|Hurricane|p2a: 暗雷
|-resisted|p2a: 暗雷
|-damage|p2a: 暗雷|50/100
|-enditem|p2a: 暗雷|Air Balloon
|
|-weather|RainDance|[upkeep]
|upkeep
|turn|8
|
|t:|1758255372
|move|p1a: Zapdos|Hurricane|p2a: 暗雷
|-resisted|p2a: 暗雷
|-damage|p2a: 暗雷|4/100
|-start|p2a: 暗雷|confusion
|-activate|p2a: 暗雷|confusion
|move|p2a: 暗雷|Make It Rain|p1a: Zapdos
|-resisted|p1a: Zapdos
|-damage|p1a: Zapdos|40/100
|-unboost|p2a: 暗雷|spa|1
|
|-weather|RainDance|[upkeep]
|upkeep
|turn|9
|
|t:|1758255384
|switch|p1a: Iron Treads|Iron Treads|100/100
|-damage|p1a: Iron Treads|98/100|[from] Stealth Rock
|-activate|p2a: 暗雷|confusion
|move|p2a: 暗雷|Make It Rain|p1a: Iron Treads
|-resisted|p1a: Iron Treads
|-damage|p1a: Iron Treads|82/100
|-unboost|p2a: 暗雷|spa|1
|
|-weather|RainDance|[upkeep]
|-heal|p1a: Iron Treads|88/100|[from] item: Leftovers
|upkeep
|turn|10
|
|t:|1758255393
|-activate|p2a: 暗雷|confusion
|-damage|p2a: 暗雷|0 fnt|[from] confusion
|faint|p2a: 暗雷
|move|p1a: Iron Treads|Rapid Spin|p2: 暗雷|[notarget]
|-fail|p1a: Iron Treads
|
|-weather|RainDance|[upkeep]
|-heal|p1a: Iron Treads|94/100|[from] item: Leftovers
|upkeep
|
|t:|1758255396
|switch|p2a: 突破|Gallade, M, shiny|100/100
|turn|11
|
|t:|1758255405
|-end|p1a: Iron Treads|Quark Drive|[silent]
|switch|p1a: Hatterene|Hatterene, F|100/100
|-damage|p1a: Hatterene|88/100|[from] Stealth Rock
|move|p2a: 突破|Sacred Sword|p1a: Hatterene
|-resisted|p1a: Hatterene
|-damage|p1a: Hatterene|72/100
|-enditem|p1a: Hatterene|Eject Button
|
|t:|1758255411
|switch|p1a: Barraskewda|Barraskewda, F, tera:Water|88/100
|-damage|p1a: Barraskewda|76/100|[from] Stealth Rock
|
|-weather|none
|upkeep
|turn|12
|
|t:|1758255424
|switch|p2a: 你不允许使用特性|Weezing-Galar, M|34/100
|-ability|p2a: 你不允许使用特性|Neutralizing Gas
|move|p1a: Barraskewda|Flip Turn|p2a: 你不允许使用特性
|-damage|p2a: 你不允许使用特性|0 fnt
|faint|p2a: 你不允许使用特性
|-end|p2a: 你不允许使用特性|ability: Neutralizing Gas
|
|t:|1758255427
|switch|p1a: Pelipper|Pelipper, F|78/100 brn|[from] Flip Turn
|-damage|p1a: Pelipper|53/100 brn|[from] Stealth Rock
|-weather|RainDance|[from] ability: Drizzle|[of] p1a: Pelipper
|
|-weather|RainDance|[upkeep]
|-damage|p1a: Pelipper|47/100 brn|[from] brn
|upkeep
|inactive|axunyu has 120 seconds left.
|
|t:|1758255466
|switch|p2a: 突破|Gallade, M, shiny|100/100
|turn|13
|
|t:|1758255474
|switch|p1a: Hatterene|Hatterene, F|72/100
|-damage|p1a: Hatterene|60/100|[from] Stealth Rock
|move|p2a: 突破|Leaf Blade|p1a: Hatterene
|-damage|p1a: Hatterene|15/100
|
|-weather|RainDance|[upkeep]
|upkeep
|turn|14
|
|t:|1758255480
|move|p2a: 突破|Leaf Blade|p1a: Hatterene
|-damage|p1a: Hatterene|0 fnt
|faint|p1a: Hatterene
|
|-weather|RainDance|[upkeep]
|upkeep
|
|t:|1758255482
|switch|p1a: Barraskewda|Barraskewda, F, tera:Water|76/100
|-damage|p1a: Barraskewda|64/100|[from] Stealth Rock
|turn|15
|
|t:|1758255495
|move|p1a: Barraskewda|Flip Turn|p2a: 突破
|-damage|p2a: 突破|0 fnt
|faint|p2a: 突破
|
|t:|1758255506
|switch|p1a: Zapdos|Zapdos|40/100|[from] Flip Turn
|-damage|p1a: Zapdos|15/100|[from] Stealth Rock
|
|-weather|RainDance|[upkeep]
|upkeep
|
|t:|1758255513
|switch|p2a: 泥头车|Zamazenta|100/100
|-ability|p2a: 泥头车|Dauntless Shield|boost
|-boost|p2a: 泥头车|def|1
|turn|16
|
|t:|1758255519
|switch|p1a: Toxicroak|Toxicroak, F|100/100
|-damage|p1a: Toxicroak|94/100|[from] Stealth Rock
|move|p2a: 泥头车|Heavy Slam|p1a: Toxicroak
|-crit|p1a: Toxicroak
|-damage|p1a: Toxicroak|24/100
|-damage|p2a: 泥头车|84/100|[from] item: Rocky Helmet|[of] p1a: Toxicroak
|
|-weather|RainDance|[upkeep]
|-heal|p1a: Toxicroak|36/100|[from] ability: Dry Skin
|upkeep
|turn|17
|
|t:|1758255525
|move|p2a: 泥头车|Heavy Slam|p1a: Toxicroak
|-damage|p1a: Toxicroak|0 fnt
|-damage|p2a: 泥头车|67/100|[from] item: Rocky Helmet|[of] p1a: Toxicroak
|faint|p1a: Toxicroak
|
|-weather|RainDance|[upkeep]
|upkeep
|
|t:|1758255530
|switch|p1a: Barraskewda|Barraskewda, F, tera:Water|64/100
|-damage|p1a: Barraskewda|52/100|[from] Stealth Rock
|turn|18
|
|t:|1758255538
|move|p1a: Barraskewda|Flip Turn|p2a: 泥头车
|-damage|p2a: 泥头车|3/100
|
|t:|1758255541
|switch|p1a: Zapdos|Zapdos|15/100|[from] Flip Turn
|-damage|p1a: Zapdos|0 fnt|[from] Stealth Rock
|faint|p1a: Zapdos
|move|p2a: 泥头车|Heavy Slam|p1: Zapdos|[notarget]
|-fail|p2a: 泥头车
|
|-weather|RainDance|[upkeep]
|upkeep
|
|t:|1758255547
|switch|p1a: Barraskewda|Barraskewda, F, tera:Water|52/100
|-damage|p1a: Barraskewda|40/100|[from] Stealth Rock
|turn|19
|
|t:|1758255556
|move|p1a: Barraskewda|Close Combat|p2a: 泥头车
|-damage|p2a: 泥头车|0 fnt
|-unboost|p1a: Barraskewda|def|1
|-unboost|p1a: Barraskewda|spd|1
|faint|p2a: 泥头车
|
|-weather|none
|upkeep
|
|t:|1758255559
|switch|p2a: 长颈鹿|Raging Bolt|100/100
|-enditem|p2a: 长颈鹿|Booster Energy
|-activate|p2a: 长颈鹿|ability: Protosynthesis|[fromitem]
|-start|p2a: 长颈鹿|protosynthesisspa
|turn|20
|
|t:|1758255562
|switch|p1a: Iron Treads|Iron Treads|94/100
|-damage|p1a: Iron Treads|91/100|[from] Stealth Rock
|move|p2a: 长颈鹿|Calm Mind|p2a: 长颈鹿
|-boost|p2a: 长颈鹿|spa|1
|-boost|p2a: 长颈鹿|spd|1
|
|-heal|p1a: Iron Treads|97/100|[from] item: Leftovers
|upkeep
|turn|21
|
|t:|1758255569
|-terastallize|p2a: 长颈鹿|Fairy
|move|p1a: Iron Treads|Earthquake|p2a: 长颈鹿
|-damage|p2a: 长颈鹿|66/100
|move|p2a: 长颈鹿|Calm Mind|p2a: 长颈鹿
|-boost|p2a: 长颈鹿|spa|1
|-boost|p2a: 长颈鹿|spd|1
|
|-heal|p1a: Iron Treads|100/100|[from] item: Leftovers
|upkeep
|turn|22
|
|t:|1758255574
|move|p1a: Iron Treads|Earthquake|p2a: 长颈鹿
|-damage|p2a: 长颈鹿|31/100
|move|p2a: 长颈鹿|Dragon Pulse|p1a: Iron Treads
|-resisted|p1a: Iron Treads
|-damage|p1a: Iron Treads|44/100
|
|-heal|p1a: Iron Treads|50/100|[from] item: Leftovers
|upkeep
|turn|23
|
|t:|1758255581
|move|p1a: Iron Treads|Earthquake|p2a: 长颈鹿
|-damage|p2a: 长颈鹿|0 fnt
|faint|p2a: 长颈鹿
|-end|p2a: 长颈鹿|Protosynthesis|[silent]
|
|-heal|p1a: Iron Treads|56/100|[from] item: Leftovers
|upkeep
|-message|axunyu forfeited.
|
|win|TPX05
|raw|TPX05's rating: 1399 &rarr; <strong>1419</strong><br />(+20 for winning)
|raw|axunyu's rating: 1394 &rarr; <strong>1374</strong><br />(-20 for losing)
|l|☆axunyu
|player|p2|
|l|☆TPX05
|player|p1|
