|j|☆ailson643
|j|☆pejelegante
|t:|1758288411
|gametype|singles
|player|p1|ailson643|2|1247
|player|p2|pejelegante|hugh|1200
|gen|9
|tier|[Gen 9] OU
|rated|
|rule|HP Percentage Mod: HP is shown in percentages
|rule|Endless Battle Clause: Forcing endless battles is banned
|rule|Species Clause: Limit one of each Pokémon
|rule|OHKO Clause: OHKO moves are banned
|rule|Evasion Items Clause: Evasion items are banned
|rule|Evasion Moves Clause: Evasion moves are banned
|rule|Evasion Abilities Clause: Evasion abilities are banned
|rule|Sleep Moves Clause: Sleep-inducing moves are banned
|clearpoke
|poke|p1|Kingambit, F|
|poke|p1|Iron Valiant|
|poke|p1|Volcanion|
|poke|p1|Zarude|
|poke|p1|Raging Bolt|
|poke|p1|Ursaluna, M|
|poke|p2|Lokix, M|
|poke|p2|Enamorus, F|
|poke|p2|Empoleon, M|
|poke|p2|Iron Treads|
|poke|p2|Gholdengo|
|poke|p2|Cinderace, M|
|teampreview
|inactive|Battle timer is ON: inactive players will automatically lose when time's up. (requested by pejelegante)
|
|t:|1758288440
|teamsize|p1|6
|teamsize|p2|6
|start
|switch|p1a: Ursaluna|Ursaluna, M|100/100
|switch|p2a: Cinderace|Cinderace, M|100/100
|turn|1
|inactive|ailson643 has 120 seconds left.
|
|t:|1758288472
|move|p2a: Cinderace|High Jump Kick|p1a: Ursaluna
|-start|p2a: Cinderace|typechange|Fighting|[from] ability: Libero
|-supereffective|p1a: Ursaluna
|-damage|p1a: Ursaluna|0 fnt
|faint|p1a: Ursaluna
|
|upkeep
|inactive|ailson643 has 120 seconds left.
|
|t:|1758288479
|switch|p1a: Iron Valiant|Iron Valiant|100/100
|-enditem|p1a: Iron Valiant|Booster Energy
|-activate|p1a: Iron Valiant|ability: Quark Drive|[fromitem]
|-start|p1a: Iron Valiant|quarkdrivespe
|turn|2
|
|t:|1758288487
|switch|p2a: Empoleon|Empoleon, M|100/100
|move|p1a: Iron Valiant|Close Combat|p2a: Empoleon
|-supereffective|p2a: Empoleon
|-damage|p2a: Empoleon|0 fnt
|-unboost|p1a: Iron Valiant|def|1
|-unboost|p1a: Iron Valiant|spd|1
|faint|p2a: Empoleon
|
|upkeep
|
|t:|1758288494
|switch|p2a: Gholdengo|Gholdengo|100/100
|-item|p2a: Gholdengo|Air Balloon
|turn|3
|inactive|ailson643 has 120 seconds left.
|
|t:|1758288546
|-end|p1a: Iron Valiant|Quark Drive|[silent]
|switch|p1a: Volcanion|Volcanion|100/100
|move|p2a: Gholdengo|Shadow Ball|p1a: Volcanion
|-damage|p1a: Volcanion|53/100
|
|-heal|p1a: Volcanion|59/100|[from] item: Leftovers
|upkeep
|turn|4
|
|t:|1758288557
|switch|p2a: Enamorus|Enamorus, F|100/100
|move|p1a: Volcanion|Heat Wave|p2a: Enamorus
|-damage|p2a: Enamorus|20/100
|
|-heal|p1a: Volcanion|66/100|[from] item: Leftovers
|upkeep
|turn|5
|
|t:|1758288581
|move|p2a: Enamorus|Earth Power|p1a: Volcanion
|-supereffective|p1a: Volcanion
|-damage|p1a: Volcanion|0 fnt
|faint|p1a: Volcanion
|
|upkeep
|inactive|ailson643 has 90 seconds left.
|
|t:|1758288592
|switch|p1a: Iron Valiant|Iron Valiant|100/100
|turn|6
|
|t:|1758288600
|switch|p2a: Gholdengo|Gholdengo|100/100
|-item|p2a: Gholdengo|Air Balloon
|move|p1a: Iron Valiant|Thunderbolt|p2a: Gholdengo
|-damage|p2a: Gholdengo|74/100
|-enditem|p2a: Gholdengo|Air Balloon
|
|upkeep
|turn|7
|inactive|ailson643 has 90 seconds left.
|
|t:|1758288636
|-end|p1a: Iron Valiant|Quark Drive|[silent]
|switch|p1a: Zarude|Zarude|100/100
|move|p2a: Gholdengo|Make It Rain|p1a: Zarude
|-damage|p1a: Zarude|37/100
|-unboost|p2a: Gholdengo|spa|1
|
|upkeep
|turn|8
|
|t:|1758288642
|move|p1a: Zarude|Knock Off|p2a: Gholdengo
|-supereffective|p2a: Gholdengo
|-damage|p2a: Gholdengo|0 fnt
|faint|p2a: Gholdengo
|
|upkeep
|
|t:|1758288654
|switch|p2a: Iron Treads|Iron Treads|100/100
|turn|9
|inactive|ailson643 has 90 seconds left.
|
|t:|1758288678
|move|p1a: Zarude|Low Kick|p2a: Iron Treads
|-supereffective|p2a: Iron Treads
|-damage|p2a: Iron Treads|40/100
|move|p2a: Iron Treads|Rapid Spin|p1a: Zarude
|-damage|p1a: Zarude|24/100
|-boost|p2a: Iron Treads|spe|1
|
|upkeep
|turn|10
|
|t:|1758288687
|move|p2a: Iron Treads|Ice Spinner|p1a: Zarude
|-supereffective|p1a: Zarude
|-damage|p1a: Zarude|0 fnt
|faint|p1a: Zarude
|
|upkeep
|
|t:|1758288694
|switch|p1a: Kingambit|Kingambit, F|100/100
|-activate|p1a: Kingambit|ability: Supreme Overlord
|-start|p1a: Kingambit|fallen3|[silent]
|turn|11
|inactive|ailson643 has 90 seconds left.
|
|t:|1758288702
|-terastallize|p1a: Kingambit|Flying
|move|p2a: Iron Treads|Earthquake|p1a: Kingambit
|-immune|p1a: Kingambit
|move|p1a: Kingambit|Low Kick|p2a: Iron Treads
|-supereffective|p2a: Iron Treads
|-damage|p2a: Iron Treads|0 fnt
|faint|p2a: Iron Treads
|-end|p2a: Iron Treads|Quark Drive|[silent]
|-damage|p1a: Kingambit|91/100|[from] item: Life Orb
|
|upkeep
|
|t:|1758288708
|switch|p2a: Enamorus|Enamorus, F|20/100
|turn|12
|
|t:|1758288712
|move|p2a: Enamorus|Moonblast|p1a: Kingambit
|-damage|p1a: Kingambit|42/100
|move|p1a: Kingambit|Iron Head|p2a: Enamorus
|-supereffective|p2a: Enamorus
|-damage|p2a: Enamorus|0 fnt
|faint|p2a: Enamorus
|-damage|p1a: Kingambit|32/100|[from] item: Life Orb
|
|upkeep
|
|t:|1758288718
|switch|p2a: Idc bout your type|Lokix, M, shiny|100/100
|turn|13
|
|t:|1758288724
|-terastallize|p2a: Idc bout your type|Bug
|move|p2a: Idc bout your type|First Impression|p1a: Kingambit
|-resisted|p1a: Kingambit
|-crit|p1a: Kingambit
|-damage|p1a: Kingambit|0 fnt
|faint|p1a: Kingambit
|-end|p1a: Kingambit|fallen3|[silent]
|-damage|p2a: Idc bout your type|91/100|[from] item: Life Orb
|
|upkeep
|
|t:|1758288731
|switch|p1a: Iron Valiant|Iron Valiant|100/100
|turn|14
|
|t:|1758288734
|switch|p2a: Cinderace|Cinderace, M|100/100
|move|p1a: Iron Valiant|Moonblast|p2a: Cinderace
|-resisted|p2a: Cinderace
|-damage|p2a: Cinderace|74/100
|
|upkeep
|turn|15
|
|t:|1758288736
|move|p2a: Cinderace|Pyro Ball|p1a: Iron Valiant
|-damage|p1a: Iron Valiant|0 fnt
|faint|p1a: Iron Valiant
|-end|p1a: Iron Valiant|Quark Drive|[silent]
|
|upkeep
|
|t:|1758288738
|switch|p1a: Raging Bolt|Raging Bolt|100/100
|-enditem|p1a: Raging Bolt|Booster Energy
|-activate|p1a: Raging Bolt|ability: Protosynthesis|[fromitem]
|-start|p1a: Raging Bolt|protosynthesisspa
|turn|16
|
|t:|1758288741
|move|p1a: Raging Bolt|Thunderclap|p2a: Cinderace
|-damage|p2a: Cinderace|0 fnt
|faint|p2a: Cinderace
|
|upkeep
|
|t:|1758288743
|switch|p2a: Idc bout your type|Lokix, M, shiny, tera:Bug|91/100
|turn|17
|
|t:|1758288745
|move|p2a: Idc bout your type|First Impression|p1a: Raging Bolt
|-damage|p1a: Raging Bolt|38/100
|-damage|p2a: Idc bout your type|81/100|[from] item: Life Orb
|move|p1a: Raging Bolt|Thunderclap||[still]
|-fail|p1a: Raging Bolt
|
|upkeep
|turn|18
|
|t:|1758288751
|move|p2a: Idc bout your type|Sucker Punch|p1a: Raging Bolt
|-damage|p1a: Raging Bolt|5/100
|-damage|p2a: Idc bout your type|71/100|[from] item: Life Orb
|move|p1a: Raging Bolt|Draco Meteor|p2a: Idc bout your type
|-damage|p2a: Idc bout your type|0 fnt
|-unboost|p1a: Raging Bolt|spa|2
|faint|p2a: Idc bout your type
|
|win|ailson643
|raw|ailson643's rating: 1247 &rarr; <strong>1269</strong><br />(+22 for winning)
|raw|pejelegante's rating: 1200 &rarr; <strong>1178</strong><br />(-22 for losing)
|c|☆pejelegante|Gg
|l|☆ailson643
|player|p1|
