|j|☆Beach Bum Joe
|j|☆beentheredonepat
|t:|1758232299
|gametype|singles
|player|p1|Beach Bum Joe|swimmer-gen4|1075
|player|p2|beentheredonepat|ethan|1091
|gen|9
|tier|[Gen 9] OU
|rated|
|rule|HP Percentage Mod: HP is shown in percentages
|rule|Endless Battle Clause: Forcing endless battles is banned
|rule|Species Clause: Limit one of each Pokémon
|rule|OHKO Clause: OHKO moves are banned
|rule|Evasion Items Clause: Evasion items are banned
|rule|Evasion Moves Clause: Evasion moves are banned
|rule|Evasion Abilities Clause: Evasion abilities are banned
|rule|Sleep Moves Clause: Sleep-inducing moves are banned
|clearpoke
|poke|p1|Garchomp, M|
|poke|p1|Luxio, M|
|poke|p1|Ninetales, F|
|poke|p1|Decidueye-Hisui, F|
|poke|p1|Gholdengo|
|poke|p1|Lilligant-Hisui, F|
|poke|p2|Typhlosion, M|
|poke|p2|Ninetales, M|
|poke|p2|Shiftry, M|
|poke|p2|Ursaluna, F|
|poke|p2|Torkoal, M|
|poke|p2|Hatterene, F|
|teampreview
|
|t:|1758232308
|teamsize|p1|6
|teamsize|p2|6
|start
|switch|p1a: Berserker|Garchomp, M, shiny|100/100
|switch|p2a: Charlie|Typhlosion, M|100/100
|turn|1
|
|t:|1758232317
|switch|p2a: Nymph|Hatterene, F|100/100
|move|p1a: Berserker|Earthquake|p2a: Nymph
|-crit|p2a: Nymph
|-damage|p2a: Nymph|18/100
|
|upkeep
|turn|2
|
|t:|1758232324
|move|p1a: Berserker|Poison Jab|p2a: Nymph
|-supereffective|p2a: Nymph
|-damage|p2a: Nymph|0 fnt
|faint|p2a: Nymph
|
|upkeep
|
|t:|1758232328
|switch|p2a: Mama Bear|Ursaluna, F|100/100
|turn|3
|
|t:|1758232339
|move|p1a: Berserker|Stealth Rock|p2a: Mama Bear
|-sidestart|p2: beentheredonepat|move: Stealth Rock
|move|p2a: Mama Bear|Ice Punch|p1a: Berserker
|-supereffective|p1a: Berserker
|-damage|p1a: Berserker|0 fnt
|-damage|p2a: Mama Bear|88/100|[from] ability: Rough Skin|[of] p1a: Berserker
|-damage|p2a: Mama Bear|71/100|[from] item: Rocky Helmet|[of] p1a: Berserker
|faint|p1a: Berserker
|
|-status|p2a: Mama Bear|brn|[from] item: Flame Orb
|upkeep
|
|t:|1758232358
|switch|p1a: Archer|Decidueye-Hisui, F|100/100
|turn|4
|
|t:|1758232364
|move|p1a: Archer|Triple Arrows|p2a: Mama Bear
|-supereffective|p2a: Mama Bear
|-damage|p2a: Mama Bear|6/100 brn
|-unboost|p2a: Mama Bear|def|1
|move|p2a: Mama Bear|Ice Punch|p1a: Archer
|-supereffective|p1a: Archer
|-damage|p1a: Archer|0 fnt
|faint|p1a: Archer
|
|-damage|p2a: Mama Bear|0 fnt|[from] brn
|faint|p2a: Mama Bear
|upkeep
|
|t:|1758232383
|switch|p1a: Lancer|Luxio, M|100/100
|switch|p2a: Tollomot|Ninetales, M|100/100
|-ability|p1a: Lancer|Intimidate|boost
|-unboost|p2a: Tollomot|atk|1
|-damage|p2a: Tollomot|76/100|[from] Stealth Rock
|-weather|SunnyDay|[from] ability: Drought|[of] p2a: Tollomot
|turn|5
|
|t:|1758232395
|move|p1a: Lancer|Snarl|p2a: Tollomot
|-damage|p2a: Tollomot|68/100
|-unboost|p2a: Tollomot|spa|1
|move|p2a: Tollomot|Encore|p1a: Lancer
|-start|p1a: Lancer|Encore
|
|-weather|SunnyDay|[upkeep]
|upkeep
|turn|6
|
|t:|1758232403
|move|p1a: Lancer|Snarl|p2a: Tollomot
|-damage|p2a: Tollomot|60/100
|-unboost|p2a: Tollomot|spa|1
|move|p2a: Tollomot|Zen Headbutt|p1a: Lancer
|-crit|p1a: Lancer
|-damage|p1a: Lancer|68/100
|
|-weather|SunnyDay|[upkeep]
|upkeep
|turn|7
|
|t:|1758232413
|move|p1a: Lancer|Snarl|p2a: Tollomot
|-damage|p2a: Tollomot|53/100
|-unboost|p2a: Tollomot|spa|1
|move|p2a: Tollomot|Memento|p1a: Lancer
|-unboost|p1a: Lancer|atk|2
|-unboost|p1a: Lancer|spa|2
|faint|p2a: Tollomot
|
|-weather|SunnyDay|[upkeep]
|upkeep
|
|t:|1758232419
|switch|p2a: Sol|Torkoal, M|100/100
|-damage|p2a: Sol|76/100|[from] Stealth Rock
|turn|8
|
|t:|1758232427
|move|p1a: Lancer|Snarl|p2a: Sol
|-damage|p2a: Sol|71/100
|-unboost|p2a: Sol|spa|1
|move|p2a: Sol|Rapid Spin|p1a: Lancer
|-damage|p1a: Lancer|55/100
|-boost|p2a: Sol|spe|1
|-sideend|p2: beentheredonepat|Stealth Rock|[from] move: Rapid Spin|[of] p2a: Sol
|
|-weather|SunnyDay|[upkeep]
|-end|p1a: Lancer|Encore
|upkeep
|turn|9
|
|t:|1758232440
|move|p1a: Lancer|Snarl|p2a: Sol
|-damage|p2a: Sol|67/100
|-unboost|p2a: Sol|spa|1
|move|p2a: Sol|Stealth Rock|p1a: Lancer
|-sidestart|p1: Beach Bum Joe|move: Stealth Rock
|
|-weather|SunnyDay|[upkeep]
|upkeep
|turn|10
|
|t:|1758232448
|switch|p2a: Shinobi|Shiftry, M|100/100
|move|p1a: Lancer|Snarl|p2a: Shinobi
|-resisted|p2a: Shinobi
|-damage|p2a: Shinobi|97/100
|-unboost|p2a: Shinobi|spa|1
|
|-weather|SunnyDay|[upkeep]
|upkeep
|turn|11
|
|t:|1758232459
|move|p2a: Shinobi|Swords Dance|p2a: Shinobi
|-boost|p2a: Shinobi|atk|2
|move|p1a: Lancer|Thunder Fang|p2a: Shinobi
|-resisted|p2a: Shinobi
|-damage|p2a: Shinobi|90/100
|
|-weather|SunnyDay|[upkeep]
|upkeep
|turn|12
|
|t:|1758232477
|switch|p1a: Gilgamesh|Gholdengo, shiny|100/100
|-damage|p1a: Gilgamesh|94/100|[from] Stealth Rock
|move|p2a: Shinobi|Solar Blade||[still]
|-prepare|p2a: Shinobi|Solar Blade
|-anim|p2a: Shinobi|Solar Blade|p1a: Gilgamesh
|-resisted|p1a: Gilgamesh
|-crit|p1a: Gilgamesh
|-damage|p1a: Gilgamesh|0 fnt
|faint|p1a: Gilgamesh
|-damage|p2a: Shinobi|80/100|[from] item: Life Orb
|
|-weather|none
|upkeep
|
|t:|1758232492
|switch|p1a: Lancer|Luxio, M|55/100
|-damage|p1a: Lancer|43/100|[from] Stealth Rock
|-ability|p1a: Lancer|Intimidate|boost
|-unboost|p2a: Shinobi|atk|1
|turn|13
|
|t:|1758232500
|switch|p2a: Sol|Torkoal, M|67/100
|-weather|SunnyDay|[from] ability: Drought|[of] p2a: Sol
|move|p1a: Lancer|Thunder Fang|p2a: Sol
|-damage|p2a: Sol|53/100
|
|-weather|SunnyDay|[upkeep]
|upkeep
|turn|14
|
|t:|1758232509
|move|p1a: Lancer|Thunder Fang|p2a: Sol
|-damage|p2a: Sol|38/100
|move|p2a: Sol|Giga Impact|p1a: Lancer|[miss]
|-miss|p2a: Sol|p1a: Lancer
|
|-weather|SunnyDay|[upkeep]
|upkeep
|turn|15
|
|t:|1758232519
|move|p1a: Lancer|Thunder Fang|p2a: Sol
|-damage|p2a: Sol|23/100
|-status|p2a: Sol|par
|move|p2a: Sol|Giga Impact|p1a: Lancer
|-damage|p1a: Lancer|4/100
|-mustrecharge|p2a: Sol
|
|-weather|SunnyDay|[upkeep]
|upkeep
|turn|16
|
|t:|1758232528
|move|p1a: Lancer|Thunder Fang|p2a: Sol
|-damage|p2a: Sol|9/100 par
|cant|p2a: Sol|recharge
|
|-weather|SunnyDay|[upkeep]
|upkeep
|turn|17
|
|t:|1758232536
|move|p1a: Lancer|Thunder Fang|p2a: Sol
|-damage|p2a: Sol|0 fnt
|faint|p2a: Sol
|
|-weather|SunnyDay|[upkeep]
|upkeep
|
|t:|1758232538
|switch|p2a: Shinobi|Shiftry, M|80/100
|turn|18
|
|t:|1758232556
|move|p2a: Shinobi|Lash Out|p1a: Lancer
|-damage|p1a: Lancer|0 fnt
|faint|p1a: Lancer
|-damage|p2a: Shinobi|70/100|[from] item: Life Orb
|
|-weather|SunnyDay|[upkeep]
|upkeep
|
|t:|1758232578
|switch|p1a: Saber|Lilligant-Hisui, F, shiny|100/100
|-damage|p1a: Saber|94/100|[from] Stealth Rock
|turn|19
|
|t:|1758232615
|move|p1a: Saber|Close Combat|p2a: Shinobi
|-supereffective|p2a: Shinobi
|-damage|p2a: Shinobi|0 fnt
|-unboost|p1a: Saber|def|1
|-unboost|p1a: Saber|spd|1
|faint|p2a: Shinobi
|-damage|p1a: Saber|85/100|[from] item: Life Orb
|
|-weather|SunnyDay|[upkeep]
|upkeep
|
|t:|1758232619
|switch|p2a: Charlie|Typhlosion, M|100/100
|turn|20
|
|t:|1758232629
|-terastallize|p2a: Charlie|Fire
|move|p1a: Saber|Close Combat|p2a: Charlie
|-damage|p2a: Charlie|0 fnt
|-unboost|p1a: Saber|def|1
|-unboost|p1a: Saber|spd|1
|faint|p2a: Charlie
|-damage|p1a: Saber|75/100|[from] item: Life Orb
|
|win|Beach Bum Joe
|raw|Beach Bum Joe's rating: 1075 &rarr; <strong>1105</strong><br />(+30 for winning)
|raw|beentheredonepat's rating: 1091 &rarr; <strong>1066</strong><br />(-25 for losing)
|l|☆beentheredonepat
|player|p2|
|l|☆Beach Bum Joe
|player|p1|
