|j|☆uihjvb
|j|☆acerrillo6970
|t:|1758363076
|gametype|singles
|player|p1|uihjvb|1|1133
|player|p2|acerrillo6970|2|1137
|gen|9
|tier|[Gen 9] OU
|rated|
|rule|HP Percentage Mod: HP is shown in percentages
|rule|Endless Battle Clause: Forcing endless battles is banned
|rule|Species Clause: Limit one of each Pokémon
|rule|OHKO Clause: OHKO moves are banned
|rule|Evasion Items Clause: Evasion items are banned
|rule|Evasion Moves Clause: Evasion moves are banned
|rule|Evasion Abilities Clause: Evasion abilities are banned
|rule|Sleep Moves Clause: Sleep-inducing moves are banned
|clearpoke
|poke|p1|Ceruledge, F|
|poke|p1|Rabsca, M|
|poke|p1|Reuniclus, F|
|poke|p1|Pawmot, F|
|poke|p1|Hatterene, F|
|poke|p1|Gliscor, M|
|poke|p2|Weavile, F|
|poke|p2|Lokix, M|
|poke|p2|Tentacruel, F|
|poke|p2|Goodra-Hisui, F|
|poke|p2|Comfey, F|
|poke|p2|Weezing, F|
|teampreview
|inactive|Battle timer is ON: inactive players will automatically lose when time's up. (requested by acerrillo6970)
|
|t:|1758363081
|teamsize|p1|6
|teamsize|p2|6
|start
|switch|p1a: Reuniclus|Reuniclus, F, shiny|100/100
|switch|p2a: Weezing|Weezing, F|100/100
|turn|1
|
|t:|1758363094
|move|p2a: Weezing|Toxic|p1a: Reuniclus
|-status|p1a: Reuniclus|tox
|move|p1a: Reuniclus|Acid Armor|p1a: Reuniclus
|-boost|p1a: Reuniclus|def|2
|
|upkeep
|turn|2
|
|t:|1758363100
|switch|p2a: Lokix|Lokix, M|100/100
|move|p1a: Reuniclus|Calm Mind|p1a: Reuniclus
|-boost|p1a: Reuniclus|spa|1
|-boost|p1a: Reuniclus|spd|1
|
|upkeep
|turn|3
|
|t:|1758363110
|-terastallize|p1a: Reuniclus|Steel
|move|p2a: Lokix|Knock Off|p1a: Reuniclus
|-damage|p1a: Reuniclus|75/100 tox
|-enditem|p1a: Reuniclus|Leftovers|[from] move: Knock Off|[of] p2a: Lokix
|-damage|p2a: Lokix|91/100|[from] item: Life Orb
|move|p1a: Reuniclus|Acid Armor|p1a: Reuniclus
|-boost|p1a: Reuniclus|def|2
|
|upkeep
|turn|4
|
|t:|1758363121
|move|p2a: Lokix|Swords Dance|p2a: Lokix
|-boost|p2a: Lokix|atk|2
|move|p1a: Reuniclus|Acid Armor|p1a: Reuniclus
|-boost|p1a: Reuniclus|def|2
|
|upkeep
|turn|5
|
|t:|1758363128
|move|p2a: Lokix|Leech Life|p1a: Reuniclus
|-resisted|p1a: Reuniclus
|-crit|p1a: Reuniclus
|-damage|p1a: Reuniclus|0 fnt
|-heal|p2a: Lokix|100/100|[from] drain|[of] p1a: Reuniclus
|faint|p1a: Reuniclus
|-damage|p2a: Lokix|91/100|[from] item: Life Orb
|
|upkeep
|
|t:|1758363139
|switch|p1a: Pawmot|Pawmot, F|100/100
|turn|6
|
|t:|1758363146
|-terastallize|p2a: Lokix|Fairy
|move|p1a: Pawmot|Fire Punch|p2a: Lokix
|-damage|p2a: Lokix|57/100
|move|p2a: Lokix|Leech Life|p1a: Pawmot
|-resisted|p1a: Pawmot
|-enditem|p1a: Pawmot|Focus Sash
|-damage|p1a: Pawmot|1/100
|-heal|p2a: Lokix|100/100|[from] drain|[of] p1a: Pawmot
|-damage|p2a: Lokix|91/100|[from] item: Life Orb
|
|upkeep
|turn|7
|
|t:|1758363160
|move|p1a: Pawmot|Revival Blessing|p1a: Pawmot
|
|t:|1758363162
|-heal|p1: Reuniclus|50/100|[from] move: Revival Blessing
|move|p2a: Lokix|Leech Life|p1a: Pawmot
|-resisted|p1a: Pawmot
|-damage|p1a: Pawmot|0 fnt
|-heal|p2a: Lokix|91/100|[from] drain|[of] p1a: Pawmot
|faint|p1a: Pawmot
|-damage|p2a: Lokix|81/100|[from] item: Life Orb
|
|upkeep
|
|t:|1758363173
|switch|p1a: Ceruledge|Ceruledge, F|100/100
|turn|8
|
|t:|1758363181
|move|p2a: Lokix|Knock Off|p1a: Ceruledge
|-supereffective|p1a: Ceruledge
|-enditem|p1a: Ceruledge|Focus Sash
|-damage|p1a: Ceruledge|1/100
|-ability|p1a: Ceruledge|Weak Armor|boost
|-unboost|p1a: Ceruledge|def|1
|-boost|p1a: Ceruledge|spe|2
|-damage|p2a: Lokix|71/100|[from] item: Life Orb
|move|p1a: Ceruledge|Bitter Blade|p2a: Lokix
|-damage|p2a: Lokix|0 fnt
|-heal|p1a: Ceruledge|35/100|[from] drain|[of] p2a: Lokix
|faint|p2a: Lokix
|
|upkeep
|
|t:|1758363185
|switch|p2a: Tentacruel|Tentacruel, F|100/100
|turn|9
|
|t:|1758363202
|move|p1a: Ceruledge|Shadow Sneak|p2a: Tentacruel
|-damage|p2a: Tentacruel|77/100
|move|p2a: Tentacruel|Surf|p1a: Ceruledge
|-supereffective|p1a: Ceruledge
|-damage|p1a: Ceruledge|0 fnt
|faint|p1a: Ceruledge
|
|-heal|p2a: Tentacruel|83/100|[from] item: Black Sludge
|upkeep
|
|t:|1758363211
|switch|p1a: Rabsca|Rabsca, M|100/100
|turn|10
|
|t:|1758363217
|move|p2a: Tentacruel|Toxic|p1a: Rabsca
|-status|p1a: Rabsca|tox
|-activate|p1a: Rabsca|ability: Synchronize
|-immune|p2a: Tentacruel
|move|p1a: Rabsca|Rest|p1a: Rabsca
|-fail|p1a: Rabsca|heal
|
|-heal|p2a: Tentacruel|89/100|[from] item: Black Sludge
|-damage|p1a: Rabsca|94/100 tox|[from] psn
|upkeep
|turn|11
|
|t:|1758363229
|switch|p2a: Weavile|Weavile, F|100/100
|move|p1a: Rabsca|Rest|p1a: Rabsca
|-status|p1a: Rabsca|slp|[from] move: Rest
|-heal|p1a: Rabsca|100/100 slp|[silent]
|
|upkeep
|turn|12
|
|t:|1758363236
|move|p2a: Weavile|Swords Dance|p2a: Weavile
|-boost|p2a: Weavile|atk|2
|cant|p1a: Rabsca|slp
|move|p1a: Rabsca|Sleep Talk|p1a: Rabsca
|move|p1a: Rabsca|Revival Blessing|p1a: Rabsca|[from] move: Sleep Talk
|
|t:|1758363247
|-heal|p1: Ceruledge|50/100|[from] move: Revival Blessing
|
|upkeep
|turn|13
|
|t:|1758363256
|switch|p1a: Hatterene|Hatterene, F|100/100
|move|p2a: Weavile|Knock Off|p1a: Hatterene
|-damage|p1a: Hatterene|0 fnt
|-enditem|p1a: Hatterene|Leftovers|[from] move: Knock Off|[of] p2a: Weavile
|faint|p1a: Hatterene
|
|upkeep
|
|t:|1758363264
|switch|p1a: Rabsca|Rabsca, M|100/100 slp
|turn|14
|
|t:|1758363271
|move|p2a: Weavile|Knock Off|p1a: Rabsca
|-supereffective|p1a: Rabsca
|-damage|p1a: Rabsca|0 fnt
|-enditem|p1a: Rabsca|Leftovers|[from] move: Knock Off|[of] p2a: Weavile
|faint|p1a: Rabsca
|
|upkeep
|-message|uihjvb forfeited.
|
|win|acerrillo6970
|raw|uihjvb's rating: 1133 &rarr; <strong>1108</strong><br />(-25 for losing)
|raw|acerrillo6970's rating: 1137 &rarr; <strong>1162</strong><br />(+25 for winning)
|l|☆uihjvb
|player|p1|
|l|☆acerrillo6970
|player|p2|
