|j|☆LosCocaineHermanos
|j|☆ay cheu
|t:|1758364545
|gametype|singles
|player|p1|LosCocaineHermanos|265|1579
|player|p2|ay cheu|riley|1515
|gen|9
|tier|[Gen 9] OU
|rated|
|rule|HP Percentage Mod: HP is shown in percentages
|rule|Endless Battle Clause: Forcing endless battles is banned
|rule|Species Clause: Limit one of each Pokémon
|rule|OHKO Clause: OHKO moves are banned
|rule|Evasion Items Clause: Evasion items are banned
|rule|Evasion Moves Clause: Evasion moves are banned
|rule|Evasion Abilities Clause: Evasion abilities are banned
|rule|Sleep Moves Clause: Sleep-inducing moves are banned
|clearpoke
|poke|p1|Rillaboom, M|
|poke|p1|Cinderace, M|
|poke|p1|Great Tusk|
|poke|p1|Garchomp, F|
|poke|p1|Zapdos|
|poke|p1|Primarina, F|
|poke|p2|Arcanine-Hisui, M|
|poke|p2|Zapdos-Galar|
|poke|p2|Metagross|
|poke|p2|Milotic, F|
|poke|p2|Venusaur, F|
|poke|p2|Sandy Shocks|
|teampreview
|inactive|Battle timer is ON: inactive players will automatically lose when time's up. (requested by ay cheu)
|
|t:|1758364568
|teamsize|p1|6
|teamsize|p2|6
|start
|switch|p1a: Garchomp|Garchomp, F|100/100
|switch|p2a: 火|Zapdos-Galar|100/100
|turn|1
|
|t:|1758364575
|move|p2a: 火|Knock Off|p1a: Garchomp
|-damage|p1a: Garchomp|81/100
|-damage|p2a: 火|88/100|[from] ability: Rough Skin|[of] p1a: Garchomp
|-damage|p2a: 火|72/100|[from] item: Rocky Helmet|[of] p1a: Garchomp
|-enditem|p1a: Garchomp|Rocky Helmet|[from] move: Knock Off|[of] p2a: 火
|move|p1a: Garchomp|Stealth Rock|p2a: 火
|-sidestart|p2: ay cheu|move: Stealth Rock
|
|upkeep
|turn|2
|
|t:|1758364585
|switch|p2a: Metagross|Metagross, shiny|100/100
|-damage|p2a: Metagross|94/100|[from] Stealth Rock
|move|p1a: Garchomp|Spikes|p2a: Metagross
|-sidestart|p2: ay cheu|Spikes
|
|upkeep
|turn|3
|
|t:|1758364595
|move|p1a: Garchomp|Spikes|p2a: Metagross
|-sidestart|p2: ay cheu|Spikes
|move|p2a: Metagross|Stealth Rock|p1a: Garchomp
|-sidestart|p1: LosCocaineHermanos|move: Stealth Rock
|
|upkeep
|turn|4
|
|t:|1758364602
|move|p1a: Garchomp|Spikes|p2a: Metagross
|-sidestart|p2: ay cheu|Spikes
|move|p2a: Metagross|Psychic Noise|p1a: Garchomp
|-damage|p1a: Garchomp|56/100
|-start|p1a: Garchomp|move: Heal Block
|
|upkeep
|turn|5
|
|t:|1758364610
|move|p1a: Garchomp|Earthquake|p2a: Metagross
|-supereffective|p2a: Metagross
|-damage|p2a: Metagross|46/100
|move|p2a: Metagross|Psychic Noise|p1a: Garchomp
|-damage|p1a: Garchomp|32/100
|
|-end|p1a: Garchomp|move: Heal Block
|upkeep
|turn|6
|
|t:|1758364622
|switch|p2a: Venusaur|Venusaur, F|100/100
|move|p1a: Garchomp|Dragon Tail|p2a: Venusaur
|-damage|p2a: Venusaur|81/100
|drag|p2a: Metagross|Metagross, shiny|46/100
|-damage|p2a: Metagross|40/100|[from] Stealth Rock
|-damage|p2a: Metagross|15/100|[from] Spikes
|
|upkeep
|turn|7
|
|t:|1758364631
|move|p2a: Metagross|Bullet Punch|p1a: Garchomp
|-damage|p1a: Garchomp|21/100
|-damage|p2a: Metagross|3/100|[from] ability: Rough Skin|[of] p1a: Garchomp
|move|p1a: Garchomp|Earthquake|p2a: Metagross
|-supereffective|p2a: Metagross
|-damage|p2a: Metagross|0 fnt
|faint|p2a: Metagross
|
|upkeep
|
|t:|1758364634
|switch|p2a: Venusaur|Venusaur, F|81/100
|turn|8
|
|t:|1758364637
|move|p2a: Venusaur|Sunny Day|p2a: Venusaur
|-weather|SunnyDay
|move|p1a: Garchomp|Dragon Tail|p2a: Venusaur
|-damage|p2a: Venusaur|59/100
|drag|p2a: Milotic|Milotic, F, shiny|100/100
|-damage|p2a: Milotic|88/100|[from] Stealth Rock
|-damage|p2a: Milotic|63/100|[from] Spikes
|
|-weather|SunnyDay|[upkeep]
|-heal|p2a: Milotic|69/100|[from] item: Leftovers
|upkeep
|turn|9
|
|t:|1758364648
|move|p2a: Milotic|Ice Beam|p1a: Garchomp
|-supereffective|p1a: Garchomp
|-damage|p1a: Garchomp|0 fnt
|faint|p1a: Garchomp
|
|-weather|SunnyDay|[upkeep]
|-heal|p2a: Milotic|75/100|[from] item: Leftovers
|upkeep
|
|t:|1758364657
|switch|p1a: Rillaboom|Rillaboom, M|100/100
|-damage|p1a: Rillaboom|88/100|[from] Stealth Rock
|-fieldstart|move: Grassy Terrain|[from] ability: Grassy Surge|[of] p1a: Rillaboom
|turn|10
|
|t:|1758364662
|move|p1a: Rillaboom|Wood Hammer|p2a: Milotic
|-supereffective|p2a: Milotic
|-damage|p2a: Milotic|0 fnt
|faint|p2a: Milotic
|-damage|p1a: Rillaboom|60/100|[from] Recoil
|
|-weather|SunnyDay|[upkeep]
|-heal|p1a: Rillaboom|66/100|[from] Grassy Terrain
|upkeep
|
|t:|1758364665
|switch|p2a: Venusaur|Venusaur, F|59/100
|turn|11
|
|t:|1758364682
|switch|p1a: Zapdos|Zapdos|100/100
|move|p2a: Venusaur|Weather Ball|p1a: Zapdos
|-damage|p1a: Zapdos|58/100
|
|-weather|SunnyDay|[upkeep]
|-heal|p2a: Venusaur|65/100|[from] Grassy Terrain
|upkeep
|turn|12
|
|t:|1758364691
|move|p2a: Venusaur|Weather Ball|p1a: Zapdos
|-damage|p1a: Zapdos|16/100
|move|p1a: Zapdos|Roost|p1a: Zapdos
|-heal|p1a: Zapdos|67/100
|-singleturn|p1a: Zapdos|move: Roost
|
|-weather|none
|-heal|p2a: Venusaur|71/100|[from] Grassy Terrain
|-heal|p1a: Zapdos|73/100|[from] Grassy Terrain
|upkeep
|turn|13
|
|t:|1758364695
|move|p1a: Zapdos|Hurricane|p2a: Venusaur|[miss]
|-miss|p1a: Zapdos|p2a: Venusaur
|move|p2a: Venusaur|Sunny Day|p2a: Venusaur
|-weather|SunnyDay
|
|-weather|SunnyDay|[upkeep]
|-heal|p2a: Venusaur|77/100|[from] Grassy Terrain
|upkeep
|turn|14
|
|t:|1758364700
|move|p2a: Venusaur|Sludge Bomb|p1a: Zapdos
|-damage|p1a: Zapdos|36/100
|move|p1a: Zapdos|Roost|p1a: Zapdos
|-heal|p1a: Zapdos|86/100
|-singleturn|p1a: Zapdos|move: Roost
|
|-weather|SunnyDay|[upkeep]
|-heal|p2a: Venusaur|83/100|[from] Grassy Terrain
|-heal|p1a: Zapdos|92/100|[from] Grassy Terrain
|-fieldend|move: Grassy Terrain
|upkeep
|turn|15
|
|t:|1758364705
|move|p2a: Venusaur|Weather Ball|p1a: Zapdos
|-damage|p1a: Zapdos|54/100
|move|p1a: Zapdos|Heat Wave|p2a: Venusaur
|-supereffective|p2a: Venusaur
|-damage|p2a: Venusaur|0 fnt
|faint|p2a: Venusaur
|
|-weather|SunnyDay|[upkeep]
|upkeep
|-message|ay cheu forfeited.
|
|win|LosCocaineHermanos
|raw|LosCocaineHermanos's rating: 1579 &rarr; <strong>1595</strong><br />(+16 for winning)
|raw|ay cheu's rating: 1515 &rarr; <strong>1499</strong><br />(-16 for losing)
|l|☆ay cheu
|player|p2|
|l|☆LosCocaineHermanos
|player|p1|
