|j|☆Gayroach
|j|☆leasainm
|t:|1758349000
|gametype|singles
|player|p1|Gayroach|bruno|1140
|player|p2|leasainm|1|1123
|gen|9
|tier|[Gen 9] OU
|rated|
|rule|HP Percentage Mod: HP is shown in percentages
|rule|Endless Battle Clause: Forcing endless battles is banned
|rule|Species Clause: Limit one of each Pokémon
|rule|OHKO Clause: OHKO moves are banned
|rule|Evasion Items Clause: Evasion items are banned
|rule|Evasion Moves Clause: Evasion moves are banned
|rule|Evasion Abilities Clause: Evasion abilities are banned
|rule|Sleep Moves Clause: Sleep-inducing moves are banned
|clearpoke
|poke|p1|Cacturne, F|
|poke|p1|Drednaw, F|
|poke|p1|Arbok, M|
|poke|p1|Braviary-Hisui, M|
|poke|p1|Incineroar, F|
|poke|p1|Rillaboom, M|
|poke|p2|Dragapult, M|
|poke|p2|Scizor, F|
|poke|p2|Moltres|
|poke|p2|Shiftry, M|
|poke|p2|Weezing-Galar, F|
|poke|p2|Suicune|
|teampreview
|
|t:|1758349009
|teamsize|p1|6
|teamsize|p2|6
|start
|switch|p1a: Cacturne|Cacturne, F|100/100
|switch|p2a: Moltres|Moltres|100/100
|turn|1
|
|t:|1758349016
|move|p2a: Moltres|Tailwind|p2a: Moltres
|-sidestart|p2: leasainm|move: Tailwind
|move|p1a: Cacturne|Taunt|p2a: Moltres
|-start|p2a: Moltres|move: Taunt
|
|upkeep
|turn|2
|
|t:|1758349023
|switch|p2a: Shiftry|Shiftry, M|100/100
|-ability|p2a: Shiftry|Wind Rider|boost
|-boost|p2a: Shiftry|atk|1
|move|p1a: Cacturne|Sucker Punch||[still]
|-fail|p1a: Cacturne
|
|upkeep
|turn|3
|
|t:|1758349031
|move|p2a: Shiftry|Nasty Plot|p2a: Shiftry
|-boost|p2a: Shiftry|spa|2
|move|p1a: Cacturne|Taunt|p2a: Shiftry
|-start|p2a: Shiftry|move: Taunt
|
|upkeep
|turn|4
|
|t:|1758349044
|-terastallize|p1a: Cacturne|Fire
|move|p1a: Cacturne|Sucker Punch|p2a: Shiftry
|-resisted|p2a: Shiftry
|-damage|p2a: Shiftry|67/100
|move|p2a: Shiftry|Knock Off|p1a: Cacturne
|-damage|p1a: Cacturne|5/100
|-enditem|p1a: Cacturne|Leftovers|[from] move: Knock Off|[of] p2a: Shiftry
|-damage|p2a: Shiftry|57/100|[from] item: Life Orb
|
|-sideend|p2: leasainm|move: Tailwind
|upkeep
|turn|5
|
|t:|1758349057
|move|p1a: Cacturne|Sucker Punch|p2a: Shiftry
|-resisted|p2a: Shiftry
|-damage|p2a: Shiftry|26/100
|move|p2a: Shiftry|Giga Drain|p1a: Cacturne
|-resisted|p1a: Cacturne
|-damage|p1a: Cacturne|0 fnt
|-heal|p2a: Shiftry|29/100|[from] drain|[of] p1a: Cacturne
|faint|p1a: Cacturne
|-damage|p2a: Shiftry|19/100|[from] item: Life Orb
|
|upkeep
|
|t:|1758349069
|switch|p1a: Arbok|Arbok, M|100/100
|-ability|p1a: Arbok|Intimidate|boost
|-unboost|p2a: Shiftry|atk|1
|turn|6
|
|t:|1758349076
|switch|p2a: Scizor|Scizor, F|100/100
|move|p1a: Arbok|Coil|p1a: Arbok
|-boost|p1a: Arbok|atk|1
|-boost|p1a: Arbok|def|1
|-boost|p1a: Arbok|accuracy|1
|
|upkeep
|turn|7
|
|t:|1758349086
|move|p2a: Scizor|U-turn|p1a: Arbok
|-resisted|p1a: Arbok
|-damage|p1a: Arbok|83/100
|
|t:|1758349089
|switch|p2a: Suicune|Suicune|100/100|[from] U-turn
|-ability|p2a: Suicune|Pressure
|move|p1a: Arbok|Coil|p1a: Arbok
|-boost|p1a: Arbok|atk|1
|-boost|p1a: Arbok|def|1
|-boost|p1a: Arbok|accuracy|1
|
|-heal|p1a: Arbok|89/100|[from] item: Black Sludge
|upkeep
|turn|8
|
|t:|1758349100
|move|p1a: Arbok|Scale Shot|p2a: Suicune
|-damage|p2a: Suicune|94/100
|-damage|p2a: Suicune|88/100
|-hitcount|p2a: Suicune|2
|-unboost|p1a: Arbok|def|1
|-boost|p1a: Arbok|spe|1
|move|p2a: Suicune|Roar|p1a: Arbok
|drag|p1a: Braviary|Braviary-Hisui, M|100/100
|
|-heal|p2a: Suicune|94/100|[from] item: Leftovers
|upkeep
|turn|9
|
|t:|1758349114
|move|p2a: Suicune|Calm Mind|p2a: Suicune
|-boost|p2a: Suicune|spa|1
|-boost|p2a: Suicune|spd|1
|move|p1a: Braviary|Esper Wing|p2a: Suicune
|-damage|p2a: Suicune|61/100
|-boost|p1a: Braviary|spe|1
|
|-heal|p2a: Suicune|67/100|[from] item: Leftovers
|upkeep
|turn|10
|
|t:|1758349124
|move|p1a: Braviary|Esper Wing|p2a: Suicune
|-damage|p2a: Suicune|38/100
|-boost|p1a: Braviary|spe|1
|move|p2a: Suicune|Ice Beam|p1a: Braviary
|-supereffective|p1a: Braviary
|-damage|p1a: Braviary|44/100
|
|-heal|p2a: Suicune|45/100|[from] item: Leftovers
|upkeep
|turn|11
|
|t:|1758349136
|move|p1a: Braviary|Esper Wing|p2a: Suicune
|-crit|p2a: Suicune
|-damage|p2a: Suicune|0 fnt
|-boost|p1a: Braviary|spe|1
|faint|p2a: Suicune
|
|upkeep
|
|t:|1758349143
|switch|p2a: Scizor|Scizor, F|100/100
|turn|12
|
|t:|1758349147
|move|p2a: Scizor|Bullet Punch|p1a: Braviary
|-damage|p1a: Braviary|13/100
|move|p1a: Braviary|Esper Wing|p2a: Scizor
|-resisted|p2a: Scizor
|-damage|p2a: Scizor|10/100
|-boost|p1a: Braviary|spe|1
|
|upkeep
|turn|13
|
|t:|1758349157
|switch|p1a: Incineroar|Incineroar, F|100/100
|-ability|p1a: Incineroar|Intimidate|boost
|-unboost|p2a: Scizor|atk|1
|move|p2a: Scizor|Bullet Punch|p1a: Incineroar
|-resisted|p1a: Incineroar
|-damage|p1a: Incineroar|89/100
|
|upkeep
|turn|14
|
|t:|1758349166
|switch|p2a: Moltres|Moltres|100/100
|move|p1a: Incineroar|Flame Charge|p2a: Moltres
|-resisted|p2a: Moltres
|-damage|p2a: Moltres|91/100
|-boost|p1a: Incineroar|spe|1
|
|upkeep
|turn|15
|
|t:|1758349175
|move|p1a: Incineroar|Bulk Up|p1a: Incineroar
|-boost|p1a: Incineroar|atk|1
|-boost|p1a: Incineroar|def|1
|move|p2a: Moltres|Tailwind|p2a: Moltres
|-sidestart|p2: leasainm|move: Tailwind
|
|upkeep
|turn|16
|
|t:|1758349185
|switch|p2a: Weezing|Weezing-Galar, F|100/100
|-ability|p2a: Weezing|Neutralizing Gas
|move|p1a: Incineroar|Flame Charge|p2a: Weezing
|-damage|p2a: Weezing|78/100
|-boost|p1a: Incineroar|spe|1
|-damage|p1a: Incineroar|72/100|[from] item: Rocky Helmet|[of] p2a: Weezing
|
|upkeep
|turn|17
|
|t:|1758349201
|move|p1a: Incineroar|Thunder Punch|p2a: Weezing
|-damage|p2a: Weezing|53/100
|-damage|p1a: Incineroar|56/100|[from] item: Rocky Helmet|[of] p2a: Weezing
|move|p2a: Weezing|Strange Steam|p1a: Incineroar
|-damage|p1a: Incineroar|28/100
|
|upkeep
|turn|18
|
|t:|1758349211
|move|p1a: Incineroar|Power Trip|p2a: Weezing
|-resisted|p2a: Weezing
|-damage|p2a: Weezing|29/100
|-damage|p1a: Incineroar|11/100|[from] item: Rocky Helmet|[of] p2a: Weezing
|move|p2a: Weezing|Strange Steam|p1a: Incineroar
|-damage|p1a: Incineroar|0 fnt
|faint|p1a: Incineroar
|
|-sideend|p2: leasainm|move: Tailwind
|upkeep
|
|t:|1758349223
|switch|p1a: Arbok|Arbok, M|89/100
|turn|19
|
|t:|1758349229
|-end|p2a: Weezing|ability: Neutralizing Gas
|-ability|p1a: Arbok|Intimidate|boost
|-unboost|p2a: Weezing|atk|1
|switch|p2a: Moltres|Moltres|91/100
|move|p1a: Arbok|Coil|p1a: Arbok
|-boost|p1a: Arbok|atk|1
|-boost|p1a: Arbok|def|1
|-boost|p1a: Arbok|accuracy|1
|
|-heal|p1a: Arbok|95/100|[from] item: Black Sludge
|upkeep
|turn|20
|
|t:|1758349241
|move|p1a: Arbok|Coil|p1a: Arbok
|-boost|p1a: Arbok|atk|1
|-boost|p1a: Arbok|def|1
|-boost|p1a: Arbok|accuracy|1
|move|p2a: Moltres|Sunny Day|p2a: Moltres
|-weather|SunnyDay
|
|-weather|SunnyDay|[upkeep]
|-heal|p1a: Arbok|100/100|[from] item: Black Sludge
|upkeep
|turn|21
|
|t:|1758349250
|move|p1a: Arbok|Scale Shot|p2a: Moltres
|-damage|p2a: Moltres|84/100
|-damage|p2a: Moltres|76/100
|-damage|p2a: Moltres|68/100
|-damage|p2a: Moltres|60/100
|-hitcount|p2a: Moltres|4
|-unboost|p1a: Arbok|def|1
|-boost|p1a: Arbok|spe|1
|move|p2a: Moltres|Tailwind|p2a: Moltres
|-sidestart|p2: leasainm|move: Tailwind
|
|-weather|SunnyDay|[upkeep]
|upkeep
|turn|22
|
|t:|1758349263
|move|p2a: Moltres|Heat Wave|p1a: Arbok
|-damage|p1a: Arbok|21/100
|-status|p1a: Arbok|brn
|move|p1a: Arbok|Scale Shot|p2a: Moltres
|-damage|p2a: Moltres|56/100
|-damage|p2a: Moltres|52/100
|-damage|p2a: Moltres|48/100
|-hitcount|p2a: Moltres|3
|-unboost|p1a: Arbok|def|1
|-boost|p1a: Arbok|spe|1
|
|-weather|SunnyDay|[upkeep]
|-heal|p1a: Arbok|28/100 brn|[from] item: Black Sludge
|-damage|p1a: Arbok|21/100 brn|[from] brn
|upkeep
|turn|23
|
|t:|1758349280
|move|p1a: Arbok|Gunk Shot|p2a: Moltres
|-damage|p2a: Moltres|21/100
|move|p2a: Moltres|Roost|p2a: Moltres
|-heal|p2a: Moltres|71/100
|-singleturn|p2a: Moltres|move: Roost
|
|-weather|SunnyDay|[upkeep]
|-heal|p1a: Arbok|28/100 brn|[from] item: Black Sludge
|-damage|p1a: Arbok|21/100 brn|[from] brn
|upkeep
|turn|24
|
|t:|1758349291
|move|p1a: Arbok|Scale Shot|p2a: Moltres
|-damage|p2a: Moltres|67/100
|-crit|p2a: Moltres
|-damage|p2a: Moltres|61/100
|-damage|p2a: Moltres|57/100
|-hitcount|p2a: Moltres|3
|-unboost|p1a: Arbok|def|1
|-boost|p1a: Arbok|spe|1
|move|p2a: Moltres|Heat Wave|p1a: Arbok
|-damage|p1a: Arbok|0 fnt
|faint|p1a: Arbok
|
|-weather|none
|-sideend|p2: leasainm|move: Tailwind
|upkeep
|
|t:|1758349305
|switch|p1a: Drednaw|Drednaw, F|100/100
|turn|25
|
|t:|1758349312
|switch|p2a: Weezing|Weezing-Galar, F|29/100
|-ability|p2a: Weezing|Neutralizing Gas
|move|p1a: Drednaw|Jaw Lock|p2a: Weezing
|-resisted|p2a: Weezing
|-damage|p2a: Weezing|22/100
|-activate|p1a: Drednaw|trapped
|-activate|p2a: Weezing|trapped
|-damage|p1a: Drednaw|84/100|[from] item: Rocky Helmet|[of] p2a: Weezing
|
|upkeep
|turn|26
|
|t:|1758349323
|move|p1a: Drednaw|Shell Smash|p1a: Drednaw
|-unboost|p1a: Drednaw|def|1
|-unboost|p1a: Drednaw|spd|1
|-boost|p1a: Drednaw|atk|2
|-boost|p1a: Drednaw|spa|2
|-boost|p1a: Drednaw|spe|2
|-enditem|p1a: Drednaw|White Herb
|-clearnegativeboost|p1a: Drednaw|[silent]
|move|p2a: Weezing|Will-O-Wisp|p1a: Drednaw
|-status|p1a: Drednaw|brn
|
|-damage|p1a: Drednaw|78/100 brn|[from] brn
|upkeep
|turn|27
|
|t:|1758349336
|move|p1a: Drednaw|Shell Smash|p1a: Drednaw
|-unboost|p1a: Drednaw|def|1
|-unboost|p1a: Drednaw|spd|1
|-boost|p1a: Drednaw|atk|2
|-boost|p1a: Drednaw|spa|2
|-boost|p1a: Drednaw|spe|2
|move|p2a: Weezing|Toxic Spikes|p1a: Drednaw
|-sidestart|p1: Gayroach|move: Toxic Spikes
|
|-damage|p1a: Drednaw|71/100 brn|[from] brn
|upkeep
|turn|28
|
|t:|1758349349
|move|p1a: Drednaw|Ice Fang|p2a: Weezing
|-damage|p2a: Weezing|6/100
|-status|p2a: Weezing|frz
|-damage|p1a: Drednaw|55/100 brn|[from] item: Rocky Helmet|[of] p2a: Weezing
|cant|p2a: Weezing|frz
|
|-damage|p1a: Drednaw|48/100 brn|[from] brn
|upkeep
|turn|29
|
|t:|1758349359
|move|p1a: Drednaw|Shell Smash|p1a: Drednaw
|-unboost|p1a: Drednaw|def|1
|-unboost|p1a: Drednaw|spd|1
|-boost|p1a: Drednaw|atk|2
|-boost|p1a: Drednaw|spa|2
|-boost|p1a: Drednaw|spe|2
|-curestatus|p2a: Weezing|frz|[msg]
|move|p2a: Weezing|Strange Steam|p1a: Drednaw
|-damage|p1a: Drednaw|0 fnt
|faint|p1a: Drednaw
|
|upkeep
|
|t:|1758349370
|switch|p1a: Braviary|Braviary-Hisui, M|13/100
|turn|30
|
|t:|1758349374
|-end|p2a: Weezing|ability: Neutralizing Gas
|switch|p2a: Shiftry|Shiftry, M|19/100
|move|p1a: Braviary|Esper Wing|p2a: Shiftry
|-immune|p2a: Shiftry
|
|upkeep
|turn|31
|l|☆Gayroach
|player|p1|
|inactive|Battle timer is ON: inactive players will automatically lose when time's up. (requested by leasainm)
|l|☆leasainm
|inactive|leasainm disconnected and has a minute to reconnect!
|player|p2|
|inactive|Gayroach has 30 seconds to reconnect!
|inactive|Gayroach has 20 seconds to reconnect!
|inactive|Gayroach has 15 seconds to reconnect!
|inactive|Gayroach has 10 seconds to reconnect!
|inactive|Gayroach has 5 seconds to reconnect!
|-message|Gayroach lost due to inactivity.
|
|win|leasainm
|raw|Gayroach's rating: 1140 &rarr; <strong>1114</strong><br />(-26 for losing)
|raw|leasainm's rating: 1123 &rarr; <strong>1149</strong><br />(+26 for winning)
