|j|☆jlce
|j|☆bailuTV
|t:|1758377107
|gametype|singles
|player|p1|jlce|169|1404
|player|p2|bailuTV|2|1457
|gen|9
|tier|[Gen 9] OU
|rated|
|rule|HP Percentage Mod: HP is shown in percentages
|rule|Endless Battle Clause: Forcing endless battles is banned
|rule|Species Clause: Limit one of each Pokémon
|rule|OHKO Clause: OHKO moves are banned
|rule|Evasion Items Clause: Evasion items are banned
|rule|Evasion Moves Clause: Evasion moves are banned
|rule|Evasion Abilities Clause: Evasion abilities are banned
|rule|Sleep Moves Clause: Sleep-inducing moves are banned
|clearpoke
|poke|p1|Dragapult, M|
|poke|p1|Weavile, F|
|poke|p1|Tentacruel, F|
|poke|p1|Samurott-Hisui, F|
|poke|p1|Sinistcha|
|poke|p1|Arcanine-Hisui, F|
|poke|p2|Zamazenta-*|
|poke|p2|Walking Wake|
|poke|p2|Raging Bolt|
|poke|p2|Ninetales, M|
|poke|p2|Jirachi|
|poke|p2|Dragonite, F|
|teampreview
|inactive|Battle timer is ON: inactive players will automatically lose when time's up. (requested by jlce)
|
|t:|1758377135
|teamsize|p1|6
|teamsize|p2|6
|start
|switch|p1a: Samurott|Samurott-Hisui, F|100/100
|switch|p2a: Ninetales|Ninetales, M|100/100
|-weather|SunnyDay|[from] ability: Drought|[of] p2a: Ninetales
|turn|1
|
|t:|1758377141
|move|p2a: Ninetales|Will-O-Wisp|p1a: Samurott
|-status|p1a: Samurott|brn
|move|p1a: Samurott|Ceaseless Edge|p2a: Ninetales
|-damage|p2a: Ninetales|67/100
|-sidestart|p2: bailuTV|Spikes
|
|-weather|SunnyDay|[upkeep]
|-damage|p1a: Samurott|94/100 brn|[from] brn
|upkeep
|turn|2
|
|t:|1758377162
|switch|p2a: Raging Bolt|Raging Bolt|100/100
|-damage|p2a: Raging Bolt|88/100|[from] Spikes
|-activate|p2a: Raging Bolt|ability: Protosynthesis
|-start|p2a: Raging Bolt|protosynthesisspa
|move|p1a: Samurott|Ceaseless Edge|p2a: Raging Bolt
|-damage|p2a: Raging Bolt|69/100
|-sidestart|p2: bailuTV|Spikes
|
|-weather|SunnyDay|[upkeep]
|-damage|p1a: Samurott|88/100 brn|[from] brn
|upkeep
|turn|3
|
|t:|1758377170
|move|p1a: Samurott|Sucker Punch|p2a: Raging Bolt
|-damage|p2a: Raging Bolt|54/100
|move|p2a: Raging Bolt|Thunderclap||[still]
|-fail|p2a: Raging Bolt
|
|-weather|SunnyDay|[upkeep]
|-damage|p1a: Samurott|82/100 brn|[from] brn
|upkeep
|turn|4
|
|t:|1758377175
|move|p2a: Raging Bolt|Thunderclap|p1a: Samurott
|-supereffective|p1a: Samurott
|-damage|p1a: Samurott|0 fnt
|faint|p1a: Samurott
|
|-weather|SunnyDay|[upkeep]
|upkeep
|
|t:|1758377179
|switch|p1a: Dragapult|Dragapult, M|100/100
|turn|5
|
|t:|1758377196
|-end|p2a: Raging Bolt|Protosynthesis|[silent]
|switch|p2a: Jirachi|Jirachi|100/100
|-damage|p2a: Jirachi|84/100|[from] Spikes
|move|p1a: Dragapult|Phantom Force||[still]
|-prepare|p1a: Dragapult|Phantom Force
|
|-weather|SunnyDay|[upkeep]
|-heal|p2a: Jirachi|90/100|[from] item: Leftovers
|upkeep
|turn|6
|
|t:|1758377216
|-terastallize|p2a: Jirachi|Fairy
|move|p1a: Dragapult|Phantom Force|p2a: Jirachi|[from] lockedmove
|-damage|p2a: Jirachi|28/100
|-damage|p1a: Dragapult|91/100|[from] item: Life Orb
|move|p2a: Jirachi|Stealth Rock|p1a: Dragapult
|-sidestart|p1: jlce|move: Stealth Rock
|
|-weather|SunnyDay|[upkeep]
|-heal|p2a: Jirachi|34/100|[from] item: Leftovers
|upkeep
|turn|7
|
|t:|1758377225
|move|p1a: Dragapult|Phantom Force||[still]
|-prepare|p1a: Dragapult|Phantom Force
|move|p2a: Jirachi|U-turn|p1a: Dragapult|[miss]
|-miss|p2a: Jirachi|p1a: Dragapult
|
|-weather|SunnyDay|[upkeep]
|-heal|p2a: Jirachi|41/100|[from] item: Leftovers
|upkeep
|turn|8
|
|t:|1758377233
|switch|p2a: Zamazenta|Zamazenta|100/100
|-damage|p2a: Zamazenta|84/100|[from] Spikes
|-ability|p2a: Zamazenta|Dauntless Shield|boost
|-boost|p2a: Zamazenta|def|1
|move|p1a: Dragapult|Phantom Force|p2a: Zamazenta|[from] lockedmove
|-damage|p2a: Zamazenta|53/100
|-damage|p1a: Dragapult|81/100|[from] item: Life Orb
|
|-weather|none
|-heal|p2a: Zamazenta|59/100|[from] item: Leftovers
|upkeep
|turn|9
|
|t:|1758377240
|switch|p1a: Sinistcha|Sinistcha|100/100
|-damage|p1a: Sinistcha|88/100|[from] Stealth Rock
|move|p2a: Zamazenta|Iron Defense|p2a: Zamazenta
|-boost|p2a: Zamazenta|def|2
|
|-heal|p2a: Zamazenta|65/100|[from] item: Leftovers
|-heal|p1a: Sinistcha|94/100|[from] item: Leftovers
|upkeep
|turn|10
|
|t:|1758377244
|move|p2a: Zamazenta|Substitute|p2a: Zamazenta
|-start|p2a: Zamazenta|Substitute
|-damage|p2a: Zamazenta|40/100
|move|p1a: Sinistcha|Stun Spore||[still]
|-fail|p1a: Sinistcha
|
|-heal|p2a: Zamazenta|46/100|[from] item: Leftovers
|-heal|p1a: Sinistcha|99/100|[from] item: Leftovers
|upkeep
|turn|11
|
|t:|1758377249
|move|p2a: Zamazenta|Crunch|p1a: Sinistcha
|-supereffective|p1a: Sinistcha
|-damage|p1a: Sinistcha|70/100
|move|p1a: Sinistcha|Matcha Gotcha|p2a: Zamazenta
|-end|p2a: Zamazenta|Substitute
|-heal|p1a: Sinistcha|84/100|[from] drain|[of] p2a: Zamazenta
|
|-heal|p2a: Zamazenta|52/100|[from] item: Leftovers
|-heal|p1a: Sinistcha|90/100|[from] item: Leftovers
|upkeep
|turn|12
|
|t:|1758377262
|switch|p2a: Ninetales|Ninetales, M|67/100
|-damage|p2a: Ninetales|50/100|[from] Spikes
|-weather|SunnyDay|[from] ability: Drought|[of] p2a: Ninetales
|move|p1a: Sinistcha|Matcha Gotcha|p2a: Ninetales
|-resisted|p2a: Ninetales
|-damage|p2a: Ninetales|33/100
|-heal|p1a: Sinistcha|97/100|[from] drain|[of] p2a: Ninetales
|
|-weather|SunnyDay|[upkeep]
|-heal|p1a: Sinistcha|100/100|[from] item: Leftovers
|upkeep
|turn|13
|
|t:|1758377273
|switch|p1a: Tentacruel|Tentacruel, F|100/100
|move|p2a: Ninetales|Overheat|p1a: Tentacruel
|-resisted|p1a: Tentacruel
|-damage|p1a: Tentacruel|77/100
|-unboost|p2a: Ninetales|spa|2
|
|-weather|SunnyDay|[upkeep]
|upkeep
|turn|14
|
|t:|1758377280
|move|p2a: Ninetales|Healing Wish|p2a: Ninetales
|faint|p2a: Ninetales
|move|p1a: Tentacruel|Rapid Spin|p2: Ninetales|[notarget]
|-fail|p1a: Tentacruel
|
|-weather|SunnyDay|[upkeep]
|upkeep
|
|t:|1758377292
|switch|p2a: Raging Bolt|Raging Bolt|54/100
|-heal|p2a: Raging Bolt|100/100|[from] move: Healing Wish
|-damage|p2a: Raging Bolt|84/100|[from] Spikes
|-activate|p2a: Raging Bolt|ability: Protosynthesis
|-start|p2a: Raging Bolt|protosynthesisspa
|turn|15
|
|t:|1758377297
|move|p2a: Raging Bolt|Thunderclap|p1a: Tentacruel
|-supereffective|p1a: Tentacruel
|-damage|p1a: Tentacruel|15/100
|move|p1a: Tentacruel|Flip Turn|p2a: Raging Bolt
|-resisted|p2a: Raging Bolt
|-damage|p2a: Raging Bolt|81/100
|
|t:|1758377302
|switch|p1a: Dragapult|Dragapult, M|81/100|[from] Flip Turn
|-damage|p1a: Dragapult|69/100|[from] Stealth Rock
|
|-weather|SunnyDay|[upkeep]
|upkeep
|turn|16
|
|t:|1758377310
|move|p1a: Dragapult|Dragon Darts|p2a: Raging Bolt
|-supereffective|p2a: Raging Bolt
|-damage|p2a: Raging Bolt|17/100
|-anim|p1a: Dragapult|Dragon Darts|p2a: Raging Bolt
|-supereffective|p2a: Raging Bolt
|-damage|p2a: Raging Bolt|0 fnt
|faint|p2a: Raging Bolt
|-end|p2a: Raging Bolt|Protosynthesis|[silent]
|-damage|p1a: Dragapult|59/100|[from] item: Life Orb
|
|-weather|SunnyDay|[upkeep]
|upkeep
|
|t:|1758377317
|switch|p2a: Walking Wake|Walking Wake|100/100
|-damage|p2a: Walking Wake|84/100|[from] Spikes
|-activate|p2a: Walking Wake|ability: Protosynthesis
|-start|p2a: Walking Wake|protosynthesisspe
|turn|17
|
|t:|1758377322
|switch|p1a: Sinistcha|Sinistcha|100/100
|-damage|p1a: Sinistcha|88/100|[from] Stealth Rock
|move|p2a: Walking Wake|Hydro Steam|p1a: Sinistcha
|-resisted|p1a: Sinistcha
|-damage|p1a: Sinistcha|35/100
|
|-weather|SunnyDay|[upkeep]
|-heal|p1a: Sinistcha|42/100|[from] item: Leftovers
|upkeep
|turn|18
|
|t:|1758377329
|move|p2a: Walking Wake|Hydro Steam|p1a: Sinistcha
|-resisted|p1a: Sinistcha
|-damage|p1a: Sinistcha|0 fnt
|faint|p1a: Sinistcha
|
|-weather|SunnyDay|[upkeep]
|upkeep
|
|t:|1758377335
|switch|p1a: Arcanine|Arcanine-Hisui, F|100/100
|-damage|p1a: Arcanine|76/100|[from] Stealth Rock
|turn|19
|
|t:|1758377339
|move|p1a: Arcanine|Extreme Speed|p2a: Walking Wake
|-damage|p2a: Walking Wake|56/100
|move|p2a: Walking Wake|Hydro Steam|p1a: Arcanine
|-supereffective|p1a: Arcanine
|-damage|p1a: Arcanine|0 fnt
|faint|p1a: Arcanine
|
|-weather|none
|-end|p2a: Walking Wake|Protosynthesis
|upkeep
|
|t:|1758377348
|switch|p1a: Dragapult|Dragapult, M|59/100
|-damage|p1a: Dragapult|47/100|[from] Stealth Rock
|turn|20
|
|t:|1758377365
|move|p1a: Dragapult|Dragon Darts|p2a: Walking Wake
|-supereffective|p2a: Walking Wake
|-damage|p2a: Walking Wake|0 fnt
|faint|p2a: Walking Wake
|-end|p2a: Walking Wake|Protosynthesis|[silent]
|-damage|p1a: Dragapult|37/100|[from] item: Life Orb
|
|upkeep
|inactive|bailuTV has 120 seconds left.
|
|t:|1758377385
|switch|p2a: Jirachi|Jirachi, tera:Fairy|41/100
|-damage|p2a: Jirachi|24/100|[from] Spikes
|turn|21
|
|t:|1758377391
|switch|p2a: Dragonite|Dragonite, F|100/100
|move|p1a: Dragapult|Phantom Force||[still]
|-prepare|p1a: Dragapult|Phantom Force
|
|upkeep
|turn|22
|
|t:|1758377400
|move|p1a: Dragapult|Phantom Force|p2a: Dragonite|[from] lockedmove
|-damage|p2a: Dragonite|64/100
|-damage|p1a: Dragapult|27/100|[from] item: Life Orb
|move|p2a: Dragonite|Outrage|p1a: Dragapult
|-supereffective|p1a: Dragapult
|-damage|p1a: Dragapult|0 fnt
|faint|p1a: Dragapult
|
|upkeep
|
|t:|1758377402
|switch|p1a: Weavile|Weavile, F|100/100
|-damage|p1a: Weavile|76/100|[from] Stealth Rock
|turn|23
|
|t:|1758377407
|move|p1a: Weavile|Ice Shard|p2a: Dragonite
|-supereffective|p2a: Dragonite
|-damage|p2a: Dragonite|0 fnt
|faint|p2a: Dragonite
|-damage|p1a: Weavile|66/100|[from] item: Life Orb
|
|upkeep
|
|t:|1758377410
|switch|p2a: Zamazenta|Zamazenta|52/100
|-damage|p2a: Zamazenta|36/100|[from] Spikes
|turn|24
|
|t:|1758377416
|move|p2a: Zamazenta|Body Press|p1a: Weavile
|-supereffective|p1a: Weavile
|-damage|p1a: Weavile|0 fnt
|faint|p1a: Weavile
|
|-heal|p2a: Zamazenta|42/100|[from] item: Leftovers
|upkeep
|-message|jlce forfeited.
|
|win|bailuTV
|raw|jlce's rating: 1404 &rarr; <strong>1387</strong><br />(-17 for losing)
|raw|bailuTV's rating: 1457 &rarr; <strong>1474</strong><br />(+17 for winning)
|l|☆jlce
|player|p1|
|l|☆bailuTV
|player|p2|
