|j|☆Segahay
|j|☆Feesh n Feeb
|t:|1758379028
|gametype|singles
|player|p1|Segahay|101|1522
|player|p2|Feesh n Feeb|lana|1479
|gen|9
|tier|[Gen 9] OU
|rated|
|rule|HP Percentage Mod: HP is shown in percentages
|rule|Endless Battle Clause: Forcing endless battles is banned
|rule|Species Clause: Limit one of each Pokémon
|rule|OHKO Clause: OHKO moves are banned
|rule|Evasion Items Clause: Evasion items are banned
|rule|Evasion Moves Clause: Evasion moves are banned
|rule|Evasion Abilities Clause: Evasion abilities are banned
|rule|Sleep Moves Clause: Sleep-inducing moves are banned
|clearpoke
|poke|p1|Rillaboom, F|
|poke|p1|Hawlucha, F|
|poke|p1|Feraligatr, M|
|poke|p1|Slowbro-Galar, M|
|poke|p1|Glimmora, F|
|poke|p1|Mew|
|poke|p2|Samurott-Hisui, M|
|poke|p2|Gholdengo|
|poke|p2|Great Tusk|
|poke|p2|Tornadus-Therian, M|
|poke|p2|Hydrapple, F|
|poke|p2|Tinkaton, F|
|teampreview
|inactive|Battle timer is ON: inactive players will automatically lose when time's up. (requested by Segahay)
|
|t:|1758379034
|teamsize|p1|6
|teamsize|p2|6
|start
|switch|p1a: Mew|Mew|100/100
|switch|p2a: Tinkaton|Tinkaton, F|100/100
|-ability|p2a: Tinkaton|Mold Breaker
|-item|p2a: Tinkaton|Air Balloon
|turn|1
|
|t:|1758379039
|move|p2a: Tinkaton|Encore||[still]
|-fail|p2a: Tinkaton
|move|p1a: Mew|Agility|p1a: Mew
|-boost|p1a: Mew|spe|2
|
|upkeep
|turn|2
|
|t:|1758379046
|switch|p1a: Feraligatr|Feraligatr, M|100/100
|move|p2a: Tinkaton|Encore||[still]
|-fail|p2a: Tinkaton
|
|upkeep
|turn|3
|
|t:|1758379050
|switch|p2a: Hydrapple|Hydrapple, F|100/100
|move|p1a: Feraligatr|Liquidation|p2a: Hydrapple
|-resisted|p2a: Hydrapple
|-damage|p2a: Hydrapple|91/100
|
|upkeep
|turn|4
|
|t:|1758379054
|move|p1a: Feraligatr|Ice Punch|p2a: Hydrapple
|-supereffective|p2a: Hydrapple
|-damage|p2a: Hydrapple|6/100
|move|p2a: Hydrapple|Giga Drain|p1a: Feraligatr
|-supereffective|p1a: Feraligatr
|-damage|p1a: Feraligatr|21/100
|-heal|p2a: Hydrapple|36/100|[from] drain|[of] p1a: Feraligatr
|
|upkeep
|turn|5
|
|t:|1758379059
|switch|p2a: Tornadus|Tornadus-Therian, M|100/100
|move|p1a: Feraligatr|Ice Punch|p2a: Tornadus
|-supereffective|p2a: Tornadus
|-damage|p2a: Tornadus|12/100
|
|upkeep
|turn|6
|
|t:|1758379065
|move|p1a: Feraligatr|Aqua Jet|p2a: Tornadus
|-damage|p2a: Tornadus|0 fnt
|faint|p2a: Tornadus
|-damage|p1a: Feraligatr|11/100|[from] item: Life Orb
|
|upkeep
|
|t:|1758379073
|switch|p2a: Tinkaton|Tinkaton, F|100/100
|-ability|p2a: Tinkaton|Mold Breaker
|-item|p2a: Tinkaton|Air Balloon
|turn|7
|
|t:|1758379076
|move|p2a: Tinkaton|Knock Off|p1a: Feraligatr
|-damage|p1a: Feraligatr|0 fnt
|-enditem|p1a: Feraligatr|Life Orb|[from] move: Knock Off|[of] p2a: Tinkaton
|faint|p1a: Feraligatr
|
|upkeep
|
|t:|1758379080
|switch|p1a: Rillaboom|Rillaboom, F|100/100
|-fieldstart|move: Grassy Terrain|[from] ability: Grassy Surge|[of] p1a: Rillaboom
|turn|8
|
|t:|1758379084
|move|p1a: Rillaboom|Fake Out|p2a: Tinkaton
|-resisted|p2a: Tinkaton
|-damage|p2a: Tinkaton|92/100
|-enditem|p2a: Tinkaton|Air Balloon
|cant|p2a: Tinkaton|flinch
|
|-heal|p2a: Tinkaton|98/100|[from] Grassy Terrain
|upkeep
|turn|9
|
|t:|1758379087
|switch|p1a: Hawlucha|Hawlucha, F|100/100
|-enditem|p1a: Hawlucha|Grassy Seed
|-boost|p1a: Hawlucha|def|1|[from] item: Grassy Seed
|move|p2a: Tinkaton|Encore||[still]
|-fail|p2a: Tinkaton
|
|-heal|p2a: Tinkaton|100/100|[from] Grassy Terrain
|upkeep
|turn|10
|
|t:|1758379091
|move|p1a: Hawlucha|Substitute|p1a: Hawlucha
|-start|p1a: Hawlucha|Substitute
|-damage|p1a: Hawlucha|76/100
|move|p2a: Tinkaton|Encore|p1a: Hawlucha
|-start|p1a: Hawlucha|Encore
|
|upkeep
|turn|11
|
|t:|1758379096
|move|p1a: Hawlucha|Substitute|p1a: Hawlucha
|-fail|p1a: Hawlucha|move: Substitute
|move|p2a: Tinkaton|Gigaton Hammer|p1a: Hawlucha
|-end|p1a: Hawlucha|Substitute
|
|upkeep
|turn|12
|
|t:|1758379100
|move|p1a: Hawlucha|Substitute|p1a: Hawlucha
|-start|p1a: Hawlucha|Substitute
|-damage|p1a: Hawlucha|51/100
|move|p2a: Tinkaton|Stealth Rock|p1a: Hawlucha
|-sidestart|p1: Segahay|move: Stealth Rock
|
|-fieldend|move: Grassy Terrain
|upkeep
|turn|13
|
|t:|1758379103
|move|p1a: Hawlucha|Substitute|p1a: Hawlucha
|-fail|p1a: Hawlucha|move: Substitute
|move|p2a: Tinkaton|Gigaton Hammer|p1a: Hawlucha
|-end|p1a: Hawlucha|Substitute
|
|-end|p1a: Hawlucha|Encore
|upkeep
|turn|14
|
|t:|1758379111
|switch|p2a: Gholdengo|Gholdengo|100/100
|move|p1a: Hawlucha|Close Combat|p2a: Gholdengo
|-immune|p2a: Gholdengo
|
|upkeep
|turn|15
|
|t:|1758379115
|move|p1a: Hawlucha|Substitute|p1a: Hawlucha
|-start|p1a: Hawlucha|Substitute
|-damage|p1a: Hawlucha|26/100
|move|p2a: Gholdengo|Make It Rain|p1a: Hawlucha
|-end|p1a: Hawlucha|Substitute
|-unboost|p2a: Gholdengo|spa|1
|
|upkeep
|turn|16
|
|t:|1758379117
|move|p1a: Hawlucha|Substitute|p1a: Hawlucha
|-start|p1a: Hawlucha|Substitute
|-damage|p1a: Hawlucha|1/100
|move|p2a: Gholdengo|Make It Rain|p1a: Hawlucha
|-end|p1a: Hawlucha|Substitute
|-unboost|p2a: Gholdengo|spa|1
|
|upkeep
|turn|17
|
|t:|1758379122
|move|p1a: Hawlucha|Acrobatics|p2a: Gholdengo
|-resisted|p2a: Gholdengo
|-damage|p2a: Gholdengo|77/100
|move|p2a: Gholdengo|Make It Rain|p1a: Hawlucha
|-damage|p1a: Hawlucha|0 fnt
|-unboost|p2a: Gholdengo|spa|1
|faint|p1a: Hawlucha
|
|upkeep
|
|t:|1758379125
|switch|p1a: Rillaboom|Rillaboom, F|100/100
|-damage|p1a: Rillaboom|88/100|[from] Stealth Rock
|-fieldstart|move: Grassy Terrain|[from] ability: Grassy Surge|[of] p1a: Rillaboom
|turn|18
|
|t:|1758379129
|switch|p2a: Hydrapple|Hydrapple, F|69/100
|move|p1a: Rillaboom|Knock Off|p2a: Hydrapple
|-damage|p2a: Hydrapple|50/100
|-enditem|p2a: Hydrapple|Heavy-Duty Boots|[from] move: Knock Off|[of] p1a: Rillaboom
|
|-heal|p1a: Rillaboom|94/100|[from] Grassy Terrain
|-heal|p2a: Hydrapple|56/100|[from] Grassy Terrain
|upkeep
|turn|19
|
|t:|1758379134
|move|p1a: Rillaboom|U-turn|p2a: Hydrapple
|-supereffective|p2a: Hydrapple
|-damage|p2a: Hydrapple|26/100
|
|t:|1758379136
|switch|p1a: Glimmora|Glimmora, F|100/100|[from] U-turn
|-damage|p1a: Glimmora|88/100|[from] Stealth Rock
|move|p2a: Hydrapple|Fickle Beam|p1a: Glimmora
|-damage|p1a: Glimmora|44/100
|
|-heal|p1a: Glimmora|50/100|[from] Grassy Terrain
|-heal|p2a: Hydrapple|32/100|[from] Grassy Terrain
|upkeep
|turn|20
|
|t:|1758379144
|switch|p2a: Tinkaton|Tinkaton, F|100/100
|-ability|p2a: Tinkaton|Mold Breaker
|move|p1a: Glimmora|Meteor Beam||[still]
|-prepare|p1a: Glimmora|Meteor Beam
|-boost|p1a: Glimmora|spa|1
|-enditem|p1a: Glimmora|Power Herb
|-anim|p1a: Glimmora|Meteor Beam|p2a: Tinkaton
|-resisted|p2a: Tinkaton
|-damage|p2a: Tinkaton|56/100
|
|-heal|p2a: Tinkaton|63/100|[from] Grassy Terrain
|-heal|p1a: Glimmora|56/100|[from] Grassy Terrain
|upkeep
|turn|21
|
|t:|1758379151
|move|p2a: Tinkaton|Gigaton Hammer|p1a: Glimmora
|-supereffective|p1a: Glimmora
|-damage|p1a: Glimmora|0 fnt
|-activate|p1a: Glimmora|ability: Toxic Debris
|-sidestart|p2: Feesh n Feeb|move: Toxic Spikes
|faint|p1a: Glimmora
|
|-heal|p2a: Tinkaton|69/100|[from] Grassy Terrain
|upkeep
|
|t:|1758379155
|switch|p1a: Mew|Mew|100/100
|-damage|p1a: Mew|88/100|[from] Stealth Rock
|turn|22
|
|t:|1758379160
|move|p2a: Tinkaton|Knock Off|p1a: Mew
|-supereffective|p1a: Mew
|-damage|p1a: Mew|61/100
|-enditem|p1a: Mew|Weakness Policy
|-boost|p1a: Mew|atk|2|[from] item: Weakness Policy
|-boost|p1a: Mew|spa|2|[from] item: Weakness Policy
|move|p1a: Mew|Agility|p1a: Mew
|-boost|p1a: Mew|spe|2
|
|-heal|p1a: Mew|67/100|[from] Grassy Terrain
|-heal|p2a: Tinkaton|75/100|[from] Grassy Terrain
|-fieldend|move: Grassy Terrain
|upkeep
|turn|23
|
|t:|1758379164
|move|p1a: Mew|Stored Power|p2a: Tinkaton
|-resisted|p2a: Tinkaton
|-damage|p2a: Tinkaton|16/100
|move|p2a: Tinkaton|Encore|p1a: Mew
|-start|p1a: Mew|Encore
|
|upkeep
|turn|24
|
|t:|1758379166
|switch|p2a: Samurott|Samurott-Hisui, M|100/100
|-status|p2a: Samurott|psn
|move|p1a: Mew|Stored Power|p2a: Samurott
|-immune|p2a: Samurott
|
|-damage|p2a: Samurott|88/100 psn|[from] psn
|upkeep
|turn|25
|
|t:|1758379169
|-terastallize|p1a: Mew|Fairy
|move|p1a: Mew|Stored Power|p2a: Samurott
|-immune|p2a: Samurott
|move|p2a: Samurott|Ceaseless Edge|p1a: Mew
|-resisted|p1a: Mew
|-damage|p1a: Mew|53/100
|-sidestart|p1: Segahay|Spikes
|
|-damage|p2a: Samurott|75/100 psn|[from] psn
|upkeep
|turn|26
|
|t:|1758379180
|move|p1a: Mew|Stored Power|p2a: Samurott
|-immune|p2a: Samurott
|move|p2a: Samurott|Flip Turn|p1a: Mew
|-damage|p1a: Mew|35/100
|
|t:|1758379185
|switch|p2a: Gholdengo|Gholdengo|77/100|[from] Flip Turn
|
|-end|p1a: Mew|Encore
|upkeep
|turn|27
|
|t:|1758379187
|move|p1a: Mew|Stored Power|p2a: Gholdengo
|-resisted|p2a: Gholdengo
|-damage|p2a: Gholdengo|10/100
|move|p2a: Gholdengo|Make It Rain|p1a: Mew
|-supereffective|p1a: Mew
|-damage|p1a: Mew|0 fnt
|-unboost|p2a: Gholdengo|spa|1
|faint|p1a: Mew
|
|upkeep
|
|t:|1758379191
|switch|p1a: Rillaboom|Rillaboom, F|94/100
|-damage|p1a: Rillaboom|82/100|[from] Stealth Rock
|-damage|p1a: Rillaboom|70/100|[from] Spikes
|-fieldstart|move: Grassy Terrain|[from] ability: Grassy Surge|[of] p1a: Rillaboom
|turn|28
|
|t:|1758379198
|switch|p2a: Samurott|Samurott-Hisui, M|75/100 psn
|move|p1a: Rillaboom|Grassy Glide|p2a: Samurott
|-supereffective|p2a: Samurott
|-crit|p2a: Samurott
|-damage|p2a: Samurott|0 fnt
|-damage|p1a: Rillaboom|53/100|[from] item: Rocky Helmet|[of] p2a: Samurott
|faint|p2a: Samurott
|
|-heal|p1a: Rillaboom|59/100|[from] Grassy Terrain
|upkeep
|
|t:|1758379203
|switch|p2a: Hydrapple|Hydrapple, F|66/100
|-status|p2a: Hydrapple|psn
|turn|29
|
|t:|1758379207
|move|p1a: Rillaboom|U-turn|p2a: Hydrapple
|-supereffective|p2a: Hydrapple
|-damage|p2a: Hydrapple|38/100 psn
|
|t:|1758379208
|switch|p1a: Slowbro|Slowbro-Galar, M, shiny|100/100|[from] U-turn
|-damage|p1a: Slowbro|88/100|[from] Stealth Rock
|-damage|p1a: Slowbro|76/100|[from] Spikes
|move|p2a: Hydrapple|Fickle Beam|p1a: Slowbro
|-damage|p1a: Slowbro|28/100
|
|-heal|p2a: Hydrapple|44/100 psn|[from] Grassy Terrain
|-heal|p1a: Slowbro|34/100|[from] Grassy Terrain
|-damage|p2a: Hydrapple|31/100 psn|[from] psn
|upkeep
|turn|30
|-activate|p1a: Slowbro|ability: Quick Draw
|
|t:|1758379215
|move|p1a: Slowbro|Ice Beam|p2a: Hydrapple
|-supereffective|p2a: Hydrapple
|-damage|p2a: Hydrapple|0 fnt
|faint|p2a: Hydrapple
|
|-heal|p1a: Slowbro|40/100|[from] Grassy Terrain
|upkeep
|
|t:|1758379217
|switch|p2a: Tinkaton|Tinkaton, F|16/100
|-ability|p2a: Tinkaton|Mold Breaker
|turn|31
|-activate|p1a: Slowbro|ability: Quick Draw
|
|t:|1758379220
|move|p1a: Slowbro|Flamethrower|p2a: Tinkaton
|-supereffective|p2a: Tinkaton
|-damage|p2a: Tinkaton|0 fnt
|faint|p2a: Tinkaton
|
|-heal|p1a: Slowbro|46/100|[from] Grassy Terrain
|upkeep
|
|t:|1758379223
|switch|p2a: Great Tusk|Great Tusk|100/100
|turn|32
|
|t:|1758379228
|move|p2a: Great Tusk|Headlong Rush|p1a: Slowbro
|-supereffective|p1a: Slowbro
|-damage|p1a: Slowbro|0 fnt
|-unboost|p2a: Great Tusk|def|1
|-unboost|p2a: Great Tusk|spd|1
|faint|p1a: Slowbro
|
|-fieldend|move: Grassy Terrain
|upkeep
|
|t:|1758379229
|switch|p1a: Rillaboom|Rillaboom, F|59/100
|-damage|p1a: Rillaboom|47/100|[from] Stealth Rock
|-damage|p1a: Rillaboom|35/100|[from] Spikes
|-fieldstart|move: Grassy Terrain|[from] ability: Grassy Surge|[of] p1a: Rillaboom
|turn|33
|
|t:|1758379234
|-terastallize|p2a: Great Tusk|Ghost
|move|p1a: Rillaboom|Grassy Glide|p2a: Great Tusk
|-damage|p2a: Great Tusk|60/100
|move|p2a: Great Tusk|Ice Spinner|p1a: Rillaboom
|-supereffective|p1a: Rillaboom
|-damage|p1a: Rillaboom|0 fnt
|-fieldend|move: Grassy Terrain
|faint|p1a: Rillaboom
|
|win|Feesh n Feeb
|raw|Segahay's rating: 1522 &rarr; <strong>1500</strong><br />(-22 for losing)
|raw|Feesh n Feeb's rating: 1479 &rarr; <strong>1501</strong><br />(+22 for winning)
|l|☆Segahay
|player|p1|
|l|☆Feesh n Feeb
|player|p2|
