|j|☆drakeero
|j|☆xvanli
|t:|1758348636
|gametype|singles
|player|p1|drakeero|265|1191
|player|p2|xvanli|steven|1227
|gen|9
|tier|[Gen 9] OU
|rated|
|rule|HP Percentage Mod: HP is shown in percentages
|rule|Endless Battle Clause: Forcing endless battles is banned
|rule|Species Clause: Limit one of each Pokémon
|rule|OHKO Clause: OHKO moves are banned
|rule|Evasion Items Clause: Evasion items are banned
|rule|Evasion Moves Clause: Evasion moves are banned
|rule|Evasion Abilities Clause: Evasion abilities are banned
|rule|Sleep Moves Clause: Sleep-inducing moves are banned
|clearpoke
|poke|p1|Quagsire, M|
|poke|p1|Quaquaval, M|
|poke|p1|Slowking-Galar, M|
|poke|p1|Iron Thorns|
|poke|p1|Pelipper, M|
|poke|p1|Raikou|
|poke|p2|Tyranitar, F|
|poke|p2|Gastrodon, F|
|poke|p2|Excadrill, F|
|poke|p2|Skarmory, M|
|poke|p2|Gholdengo|
|poke|p2|Tinkaton, F|
|teampreview
|inactive|Battle timer is ON: inactive players will automatically lose when time's up. (requested by xvanli)
|inactive|drakeero has 120 seconds left.
|
|t:|1758348672
|teamsize|p1|6
|teamsize|p2|6
|start
|switch|p1a: Quaquaval|Quaquaval, M|100/100
|switch|p2a: Skarmory|Skarmory, M|100/100
|turn|1
|
|t:|1758348683
|switch|p1a: Slowking|Slowking-Galar, M|100/100
|move|p2a: Skarmory|Spikes|p1a: Slowking
|-sidestart|p1: drakeero|Spikes
|
|upkeep
|turn|2
|
|t:|1758348692
|switch|p2a: Tyranitar|Tyranitar, F|100/100
|-weather|Sandstorm|[from] ability: Sand Stream|[of] p2a: Tyranitar
|move|p1a: Slowking|Future Sight|p2a: Tyranitar
|-start|p1a: Slowking|move: Future Sight
|
|-weather|Sandstorm|[upkeep]
|-damage|p1a: Slowking|94/100|[from] Sandstorm
|-heal|p1a: Slowking|100/100|[from] item: Leftovers
|upkeep
|turn|3
|
|t:|1758348703
|switch|p1a: Raikou|Raikou|100/100
|-damage|p1a: Raikou|88/100|[from] Spikes
|-ability|p1a: Raikou|Pressure
|move|p2a: Tyranitar|Payback|p1a: Raikou
|-damage|p1a: Raikou|48/100
|
|-weather|Sandstorm|[upkeep]
|-damage|p1a: Raikou|42/100|[from] Sandstorm
|upkeep
|turn|4
|
|t:|1758348718
|-terastallize|p1a: Raikou|Fighting
|move|p1a: Raikou|Aura Sphere|p2a: Tyranitar
|-supereffective|p2a: Tyranitar
|-damage|p2a: Tyranitar|43/100
|move|p2a: Tyranitar|Rock Slide|p1a: Raikou
|-resisted|p1a: Raikou
|-damage|p1a: Raikou|13/100
|
|-weather|Sandstorm|[upkeep]
|-damage|p1a: Raikou|6/100|[from] Sandstorm
|-end|p2a: Tyranitar|move: Future Sight
|-immune|p2a: Tyranitar
|upkeep
|turn|5
|
|t:|1758348734
|switch|p2a: Gholdengo|Gholdengo, shiny|100/100
|move|p1a: Raikou|Aura Sphere|p2a: Gholdengo
|-immune|p2a: Gholdengo
|
|-weather|Sandstorm|[upkeep]
|-damage|p1a: Raikou|0 fnt|[from] Sandstorm
|faint|p1a: Raikou
|upkeep
|
|t:|1758348748
|switch|p1a: Quagsire|Quagsire, M|100/100
|-damage|p1a: Quagsire|88/100|[from] Spikes
|turn|6
|
|t:|1758348754
|move|p2a: Gholdengo|Trick|p1a: Quagsire
|-activate|p2a: Gholdengo|move: Trick|[of] p1a: Quagsire
|-item|p1a: Quagsire|Choice Scarf|[from] move: Trick
|-item|p2a: Gholdengo|Leftovers|[from] move: Trick
|move|p1a: Quagsire|Stealth Rock|p2a: Gholdengo
|-sidestart|p2: xvanli|move: Stealth Rock
|
|-weather|none
|upkeep
|turn|7
|
|t:|1758348768
|switch|p2a: Excadrill|Excadrill, F|100/100
|-damage|p2a: Excadrill|97/100|[from] Stealth Rock
|switch|p1a: Iron Thorns|Iron Thorns|100/100
|-damage|p1a: Iron Thorns|88/100|[from] Spikes
|
|upkeep
|turn|8
|
|t:|1758348782
|-end|p1a: Iron Thorns|Quark Drive|[silent]
|switch|p1a: Pelipper|Pelipper, M|100/100
|-weather|RainDance|[from] ability: Drizzle|[of] p1a: Pelipper
|move|p2a: Excadrill|Earthquake|p1a: Pelipper
|-immune|p1a: Pelipper
|
|-weather|RainDance|[upkeep]
|upkeep
|turn|9
|
|t:|1758348808
|-terastallize|p2a: Excadrill|Steel
|move|p2a: Excadrill|Rapid Spin|p1a: Pelipper
|-damage|p1a: Pelipper|79/100
|-boost|p2a: Excadrill|spe|1
|-sideend|p2: xvanli|Stealth Rock|[from] move: Rapid Spin|[of] p2a: Excadrill
|move|p1a: Pelipper|Hurricane|p2a: Excadrill
|-resisted|p2a: Excadrill
|-damage|p2a: Excadrill|48/100
|
|-weather|RainDance|[upkeep]
|upkeep
|turn|10
|
|t:|1758348819
|move|p2a: Excadrill|Iron Head|p1a: Pelipper
|-resisted|p1a: Pelipper
|-damage|p1a: Pelipper|41/100
|move|p1a: Pelipper|Hurricane|p2a: Excadrill
|-resisted|p2a: Excadrill
|-damage|p2a: Excadrill|1/100
|
|-weather|RainDance|[upkeep]
|upkeep
|turn|11
|
|t:|1758348831
|switch|p2a: Tyranitar|Tyranitar, F|43/100
|-weather|Sandstorm|[from] ability: Sand Stream|[of] p2a: Tyranitar
|switch|p1a: Quagsire|Quagsire, M|88/100
|-damage|p1a: Quagsire|76/100|[from] Spikes
|
|-weather|Sandstorm|[upkeep]
|upkeep
|turn|12
|
|t:|1758348843
|switch|p2a: Gastrodon|Gastrodon, F, shiny|100/100
|move|p1a: Quagsire|Stealth Rock|p2a: Gastrodon
|-sidestart|p2: xvanli|move: Stealth Rock
|
|-weather|Sandstorm|[upkeep]
|upkeep
|turn|13
|
|t:|1758348853
|switch|p1a: Slowking|Slowking-Galar, M|100/100
|-damage|p1a: Slowking|88/100|[from] Spikes
|move|p2a: Gastrodon|Stealth Rock|p1a: Slowking
|-sidestart|p1: drakeero|move: Stealth Rock
|
|-weather|Sandstorm|[upkeep]
|-damage|p1a: Slowking|82/100|[from] Sandstorm
|-heal|p1a: Slowking|88/100|[from] item: Leftovers
|upkeep
|turn|14
|
|t:|1758348864
|move|p2a: Gastrodon|Earth Power|p1a: Slowking
|-supereffective|p1a: Slowking
|-damage|p1a: Slowking|39/100
|move|p1a: Slowking|Nasty Plot|p1a: Slowking
|-boost|p1a: Slowking|spa|2
|
|-weather|Sandstorm|[upkeep]
|-damage|p1a: Slowking|33/100|[from] Sandstorm
|-heal|p1a: Slowking|39/100|[from] item: Leftovers
|upkeep
|turn|15
|
|t:|1758348874
|switch|p1a: Quagsire|Quagsire, M|76/100
|-damage|p1a: Quagsire|63/100|[from] Spikes
|-damage|p1a: Quagsire|57/100|[from] Stealth Rock
|move|p2a: Gastrodon|Earth Power|p1a: Quagsire
|-damage|p1a: Quagsire|26/100
|
|-weather|none
|upkeep
|turn|16
|
|t:|1758348888
|move|p1a: Quagsire|Toxic|p2a: Gastrodon
|-status|p2a: Gastrodon|tox
|move|p2a: Gastrodon|Earth Power|p1a: Quagsire
|-damage|p1a: Quagsire|0 fnt
|faint|p1a: Quagsire
|
|-damage|p2a: Gastrodon|94/100 tox|[from] psn
|upkeep
|
|t:|1758348896
|switch|p1a: Quaquaval|Quaquaval, M|100/100
|-damage|p1a: Quaquaval|88/100|[from] Spikes
|-damage|p1a: Quaquaval|82/100|[from] Stealth Rock
|turn|17
|
|t:|1758348904
|move|p1a: Quaquaval|Rapid Spin|p2a: Gastrodon
|-damage|p2a: Gastrodon|75/100 tox
|-boost|p1a: Quaquaval|spe|1
|-sideend|p1: drakeero|Spikes|[from] move: Rapid Spin|[of] p1a: Quaquaval
|-sideend|p1: drakeero|Stealth Rock|[from] move: Rapid Spin|[of] p1a: Quaquaval
|-damage|p1a: Quaquaval|72/100|[from] item: Life Orb
|move|p2a: Gastrodon|Earth Power|p1a: Quaquaval
|-damage|p1a: Quaquaval|29/100
|
|-heal|p2a: Gastrodon|81/100 tox|[from] item: Leftovers
|-damage|p2a: Gastrodon|69/100 tox|[from] psn
|upkeep
|turn|18
|
|t:|1758348917
|switch|p1a: Slowking|Slowking-Galar, M|73/100
|move|p2a: Gastrodon|Earth Power|p1a: Slowking
|-supereffective|p1a: Slowking
|-damage|p1a: Slowking|28/100
|
|-heal|p2a: Gastrodon|75/100 tox|[from] item: Leftovers
|-heal|p1a: Slowking|35/100|[from] item: Leftovers
|-damage|p2a: Gastrodon|57/100 tox|[from] psn
|upkeep
|turn|19
|
|t:|1758348928
|switch|p1a: Pelipper|Pelipper, M|41/100
|-weather|RainDance|[from] ability: Drizzle|[of] p1a: Pelipper
|move|p2a: Gastrodon|Earth Power|p1a: Pelipper
|-immune|p1a: Pelipper
|
|-weather|RainDance|[upkeep]
|-heal|p2a: Gastrodon|63/100 tox|[from] item: Leftovers
|-damage|p2a: Gastrodon|39/100 tox|[from] psn
|upkeep
|turn|20
|
|t:|1758348944
|switch|p1a: Slowking|Slowking-Galar, M|68/100
|move|p2a: Gastrodon|Stealth Rock|p1a: Slowking
|-sidestart|p1: drakeero|move: Stealth Rock
|
|-weather|RainDance|[upkeep]
|-heal|p2a: Gastrodon|45/100 tox|[from] item: Leftovers
|-heal|p1a: Slowking|74/100|[from] item: Leftovers
|-damage|p2a: Gastrodon|14/100 tox|[from] psn
|upkeep
|turn|21
|
|t:|1758348957
|switch|p2a: Tyranitar|Tyranitar, F|43/100
|-damage|p2a: Tyranitar|31/100|[from] Stealth Rock
|-weather|Sandstorm|[from] ability: Sand Stream|[of] p2a: Tyranitar
|move|p1a: Slowking|Ice Beam|p2a: Tyranitar
|-damage|p2a: Tyranitar|18/100
|
|-weather|Sandstorm|[upkeep]
|-damage|p1a: Slowking|68/100|[from] Sandstorm
|-heal|p1a: Slowking|74/100|[from] item: Leftovers
|upkeep
|turn|22
|
|t:|1758348972
|switch|p1a: Iron Thorns|Iron Thorns|88/100
|-damage|p1a: Iron Thorns|76/100|[from] Stealth Rock
|move|p2a: Tyranitar|Payback|p1a: Iron Thorns
|-damage|p1a: Iron Thorns|52/100
|
|-weather|Sandstorm|[upkeep]
|upkeep
|turn|23
|
|t:|1758348983
|switch|p2a: Skarmory|Skarmory, M|100/100
|-damage|p2a: Skarmory|88/100|[from] Stealth Rock
|move|p1a: Iron Thorns|Earthquake|p2a: Skarmory
|-immune|p2a: Skarmory
|
|-weather|Sandstorm|[upkeep]
|upkeep
|turn|24
|
|t:|1758348992
|move|p1a: Iron Thorns|Dragon Dance|p1a: Iron Thorns
|-boost|p1a: Iron Thorns|atk|1
|-boost|p1a: Iron Thorns|spe|1
|move|p2a: Skarmory|Spikes|p1a: Iron Thorns
|-sidestart|p1: drakeero|Spikes
|
|-weather|Sandstorm|[upkeep]
|upkeep
|turn|25
|
|t:|1758349001
|move|p1a: Iron Thorns|Dragon Dance|p1a: Iron Thorns
|-boost|p1a: Iron Thorns|atk|1
|-boost|p1a: Iron Thorns|spe|1
|move|p2a: Skarmory|Whirlwind|p1a: Iron Thorns
|-end|p1a: Iron Thorns|Quark Drive|[silent]
|drag|p1a: Slowking|Slowking-Galar, M|100/100
|-damage|p1a: Slowking|88/100|[from] Stealth Rock
|-damage|p1a: Slowking|76/100|[from] Spikes
|
|-weather|none
|-heal|p1a: Slowking|82/100|[from] item: Leftovers
|upkeep
|turn|26
|
|t:|1758349014
|move|p2a: Skarmory|Spikes|p1a: Slowking
|-sidestart|p1: drakeero|Spikes
|move|p1a: Slowking|Flamethrower|p2a: Skarmory
|-supereffective|p2a: Skarmory
|-damage|p2a: Skarmory|10/100
|-status|p2a: Skarmory|brn
|-enditem|p2a: Skarmory|Sitrus Berry|[eat]
|-heal|p2a: Skarmory|35/100 brn|[from] item: Sitrus Berry
|
|-heal|p1a: Slowking|88/100|[from] item: Leftovers
|-damage|p2a: Skarmory|29/100 brn|[from] brn
|upkeep
|turn|27
|
|t:|1758349027
|switch|p2a: Tyranitar|Tyranitar, F|18/100
|-damage|p2a: Tyranitar|6/100|[from] Stealth Rock
|-weather|Sandstorm|[from] ability: Sand Stream|[of] p2a: Tyranitar
|move|p1a: Slowking|Future Sight|p2a: Tyranitar
|-start|p1a: Slowking|move: Future Sight
|
|-weather|Sandstorm|[upkeep]
|-damage|p1a: Slowking|82/100|[from] Sandstorm
|-heal|p1a: Slowking|88/100|[from] item: Leftovers
|upkeep
|turn|28
|
|t:|1758349038
|move|p2a: Tyranitar|Payback|p1a: Slowking
|-supereffective|p1a: Slowking
|-damage|p1a: Slowking|32/100
|move|p1a: Slowking|Ice Beam|p2a: Tyranitar
|-damage|p2a: Tyranitar|0 fnt
|faint|p2a: Tyranitar
|
|-weather|Sandstorm|[upkeep]
|-damage|p1a: Slowking|26/100|[from] Sandstorm
|-heal|p1a: Slowking|32/100|[from] item: Leftovers
|upkeep
|
|t:|1758349050
|switch|p2a: Tinkaton|Tinkaton, F|100/100
|turn|29
|
|t:|1758349057
|move|p2a: Tinkaton|Fake Out|p1a: Slowking
|-damage|p1a: Slowking|22/100
|cant|p1a: Slowking|flinch
|
|-weather|Sandstorm|[upkeep]
|-damage|p1a: Slowking|16/100|[from] Sandstorm
|-end|p2a: Tinkaton|move: Future Sight
|-resisted|p2a: Tinkaton
|-damage|p2a: Tinkaton|76/100
|-heal|p1a: Slowking|22/100|[from] item: Leftovers
|upkeep
|turn|30
|
|t:|1758349069
|switch|p1a: Pelipper|Pelipper, M|41/100
|-damage|p1a: Pelipper|16/100|[from] Stealth Rock
|-weather|RainDance|[from] ability: Drizzle|[of] p1a: Pelipper
|move|p2a: Tinkaton|Gigaton Hammer|p1a: Pelipper
|-resisted|p1a: Pelipper
|-damage|p1a: Pelipper|0 fnt
|faint|p1a: Pelipper
|
|-weather|RainDance|[upkeep]
|upkeep
|
|t:|1758349082
|switch|p1a: Quaquaval|Quaquaval, M|29/100
|-damage|p1a: Quaquaval|23/100|[from] Stealth Rock
|-damage|p1a: Quaquaval|6/100|[from] Spikes
|turn|31
|
|t:|1758349091
|switch|p2a: Gholdengo|Gholdengo, shiny|100/100
|-damage|p2a: Gholdengo|94/100|[from] Stealth Rock
|move|p1a: Quaquaval|Rapid Spin|p2a: Gholdengo
|-immune|p2a: Gholdengo
|
|-weather|RainDance|[upkeep]
|-heal|p2a: Gholdengo|100/100|[from] item: Leftovers
|upkeep
|turn|32
|
|t:|1758349103
|move|p1a: Quaquaval|Aqua Step|p2a: Gholdengo
|-damage|p2a: Gholdengo|13/100
|-boost|p1a: Quaquaval|spe|1
|-damage|p1a: Quaquaval|0 fnt|[from] item: Life Orb
|faint|p1a: Quaquaval
|move|p2a: Gholdengo|Shadow Ball|p1: Quaquaval|[notarget]
|-fail|p2a: Gholdengo
|
|-weather|RainDance|[upkeep]
|-heal|p2a: Gholdengo|19/100|[from] item: Leftovers
|upkeep
|
|t:|1758349117
|switch|p1a: Iron Thorns|Iron Thorns|52/100
|-damage|p1a: Iron Thorns|40/100|[from] Stealth Rock
|-damage|p1a: Iron Thorns|23/100|[from] Spikes
|turn|33
|
|t:|1758349124
|move|p2a: Gholdengo|Shadow Ball|p1a: Iron Thorns
|-damage|p1a: Iron Thorns|0 fnt
|faint|p1a: Iron Thorns
|-end|p1a: Iron Thorns|Quark Drive|[silent]
|
|-weather|RainDance|[upkeep]
|-heal|p2a: Gholdengo|25/100|[from] item: Leftovers
|upkeep
|-message|drakeero forfeited.
|
|win|xvanli
|raw|drakeero's rating: 1191 &rarr; <strong>1169</strong><br />(-22 for losing)
|raw|xvanli's rating: 1227 &rarr; <strong>1249</strong><br />(+22 for winning)
|l|☆drakeero
|player|p1|
|l|☆xvanli
|player|p2|
