|j|☆blueblazingfire
|j|☆Smjrk
|t:|1758319997
|gametype|singles
|player|p1|blueblazingfire|1|1194
|player|p2|Smjrk|acetrainer-gen4dp|1172
|gen|9
|tier|[Gen 9] OU
|rated|
|rule|HP Percentage Mod: HP is shown in percentages
|rule|Endless Battle Clause: Forcing endless battles is banned
|rule|Species Clause: Limit one of each Pokémon
|rule|OHKO Clause: OHKO moves are banned
|rule|Evasion Items Clause: Evasion items are banned
|rule|Evasion Moves Clause: Evasion moves are banned
|rule|Evasion Abilities Clause: Evasion abilities are banned
|rule|Sleep Moves Clause: Sleep-inducing moves are banned
|clearpoke
|poke|p1|Landorus-Therian, M|
|poke|p1|Samurott-Hisui, M|
|poke|p1|Pecharunt|
|poke|p1|Scizor, M|
|poke|p1|Latios, M|
|poke|p1|Zamazenta-*|
|poke|p2|Mandibuzz, F|
|poke|p2|Hoopa|
|poke|p2|Zamazenta-*|
|poke|p2|Slowbro, F|
|poke|p2|Tinkaton, F|
|poke|p2|Heatran, F|
|teampreview
|inactive|Battle timer is ON: inactive players will automatically lose when time's up. (requested by Smjrk)
|
|t:|1758320029
|teamsize|p1|6
|teamsize|p2|6
|start
|switch|p1a: Landorus|Landorus-Therian, M|100/100
|switch|p2a: Heatran|Heatran, F|100/100
|-ability|p1a: Landorus|Intimidate|boost
|-unboost|p2a: Heatran|atk|1
|turn|1
|
|t:|1758320047
|switch|p2a: Mandibuzz|Mandibuzz, F|100/100
|move|p1a: Landorus|Earthquake|p2a: Mandibuzz
|-immune|p2a: Mandibuzz
|
|upkeep
|turn|2
|
|t:|1758320058
|move|p1a: Landorus|Stealth Rock|p2a: Mandibuzz
|-sidestart|p2: Smjrk|move: Stealth Rock
|move|p2a: Mandibuzz|Toxic|p1a: Landorus
|-status|p1a: Landorus|tox
|
|-damage|p1a: Landorus|94/100 tox|[from] psn
|upkeep
|turn|3
|
|t:|1758320072
|switch|p2a: Heatran|Heatran, F|100/100
|-damage|p2a: Heatran|88/100|[from] Stealth Rock
|move|p1a: Landorus|U-turn|p2a: Heatran
|-resisted|p2a: Heatran
|-damage|p2a: Heatran|83/100
|
|t:|1758320082
|switch|p1a: Samurott|Samurott-Hisui, M|100/100|[from] U-turn
|
|-heal|p2a: Heatran|89/100|[from] item: Leftovers
|upkeep
|turn|4
|
|t:|1758320092
|switch|p2a: Mandibuzz|Mandibuzz, F|100/100
|move|p1a: Samurott|Razor Shell|p2a: Mandibuzz
|-damage|p2a: Mandibuzz|68/100
|
|upkeep
|turn|5
|
|t:|1758320101
|move|p1a: Samurott|Knock Off|p2a: Mandibuzz
|-resisted|p2a: Mandibuzz
|-damage|p2a: Mandibuzz|55/100
|-enditem|p2a: Mandibuzz|Heavy-Duty Boots|[from] move: Knock Off|[of] p1a: Samurott
|move|p2a: Mandibuzz|Roost|p2a: Mandibuzz
|-heal|p2a: Mandibuzz|100/100
|-singleturn|p2a: Mandibuzz|move: Roost
|
|upkeep
|turn|6
|
|t:|1758320108
|switch|p1a: Pecharunt|Pecharunt|100/100
|move|p2a: Mandibuzz|Foul Play|p1a: Pecharunt
|-supereffective|p1a: Pecharunt
|-damage|p1a: Pecharunt|73/100
|
|upkeep
|turn|7
|
|t:|1758320117
|switch|p2a: Tinkaton|Tinkaton, F|100/100
|-damage|p2a: Tinkaton|94/100|[from] Stealth Rock
|-item|p2a: Tinkaton|Air Balloon
|move|p1a: Pecharunt|Malignant Chain|p2a: Tinkaton
|-immune|p2a: Tinkaton
|
|upkeep
|turn|8
|
|t:|1758320134
|switch|p1a: Landorus|Landorus-Therian, M|94/100 tox
|-ability|p1a: Landorus|Intimidate|boost
|-unboost|p2a: Tinkaton|atk|1
|move|p2a: Tinkaton|Encore||[still]
|-fail|p2a: Tinkaton
|
|-damage|p1a: Landorus|88/100 tox|[from] psn
|upkeep
|turn|9
|
|t:|1758320140
|move|p2a: Tinkaton|Knock Off|p1a: Landorus
|-damage|p1a: Landorus|77/100 tox
|-damage|p2a: Tinkaton|78/100|[from] item: Rocky Helmet|[of] p1a: Landorus
|-enditem|p1a: Landorus|Rocky Helmet|[from] move: Knock Off|[of] p2a: Tinkaton
|move|p1a: Landorus|U-turn|p2a: Tinkaton
|-resisted|p2a: Tinkaton
|-damage|p2a: Tinkaton|72/100
|-enditem|p2a: Tinkaton|Air Balloon
|
|t:|1758320156
|switch|p1a: Scizor|Scizor, M|100/100|[from] U-turn
|
|upkeep
|turn|10
|
|t:|1758320164
|switch|p1a: Landorus|Landorus-Therian, M|77/100 tox
|-ability|p1a: Landorus|Intimidate|boost
|-unboost|p2a: Tinkaton|atk|1
|move|p2a: Tinkaton|Thunder Wave|p1a: Landorus
|-immune|p1a: Landorus
|
|-damage|p1a: Landorus|71/100 tox|[from] psn
|upkeep
|turn|11
|
|t:|1758320173
|switch|p2a: Mandibuzz|Mandibuzz, F|100/100
|-damage|p2a: Mandibuzz|76/100|[from] Stealth Rock
|move|p1a: Landorus|Smack Down|p2a: Mandibuzz
|-supereffective|p2a: Mandibuzz
|-damage|p2a: Mandibuzz|57/100
|-start|p2a: Mandibuzz|Smack Down
|
|-damage|p1a: Landorus|59/100 tox|[from] psn
|upkeep
|turn|12
|
|t:|1758320185
|switch|p2a: Slowbro|Slowbro, F|100/100
|move|p1a: Landorus|U-turn|p2a: Slowbro
|-supereffective|p2a: Slowbro
|-damage|p2a: Slowbro|76/100
|
|t:|1758320188
|switch|p1a: Samurott|Samurott-Hisui, M|100/100|[from] U-turn
|
|upkeep
|turn|13
|
|t:|1758320195
|switch|p2a: Tinkaton|Tinkaton, F|72/100
|-damage|p2a: Tinkaton|66/100|[from] Stealth Rock
|move|p1a: Samurott|Ceaseless Edge|p2a: Tinkaton
|-resisted|p2a: Tinkaton
|-damage|p2a: Tinkaton|36/100
|-sidestart|p2: Smjrk|Spikes
|-enditem|p1a: Samurott|Assault Vest|[silent]|[from] ability: Pickpocket|[of] p1a: Samurott
|-item|p2a: Tinkaton|Assault Vest|[from] ability: Pickpocket|[of] p1a: Samurott
|
|upkeep
|turn|14
|
|t:|1758320213
|move|p2a: Tinkaton|Gigaton Hammer|p1a: Samurott
|-resisted|p1a: Samurott
|-damage|p1a: Samurott|77/100
|move|p1a: Samurott|Ceaseless Edge|p2a: Tinkaton
|-resisted|p2a: Tinkaton
|-damage|p2a: Tinkaton|7/100
|-sidestart|p2: Smjrk|Spikes
|
|upkeep
|turn|15
|
|t:|1758320217
|move|p2a: Tinkaton|Knock Off|p1a: Samurott
|-resisted|p1a: Samurott
|-crit|p1a: Samurott
|-damage|p1a: Samurott|67/100
|move|p1a: Samurott|Ceaseless Edge|p2a: Tinkaton
|-resisted|p2a: Tinkaton
|-damage|p2a: Tinkaton|0 fnt
|-sidestart|p2: Smjrk|Spikes
|faint|p2a: Tinkaton
|
|upkeep
|
|t:|1758320232
|switch|p2a: Zamazenta|Zamazenta|100/100
|-damage|p2a: Zamazenta|94/100|[from] Stealth Rock
|-damage|p2a: Zamazenta|69/100|[from] Spikes
|-ability|p2a: Zamazenta|Dauntless Shield|boost
|-boost|p2a: Zamazenta|def|1
|turn|16
|
|t:|1758320241
|switch|p1a: Pecharunt|Pecharunt|73/100
|move|p2a: Zamazenta|Crunch|p1a: Pecharunt
|-supereffective|p1a: Pecharunt
|-damage|p1a: Pecharunt|33/100
|-unboost|p1a: Pecharunt|def|1
|-damage|p2a: Zamazenta|60/100|[from] item: Life Orb
|
|upkeep
|turn|17
|
|t:|1758320248
|switch|p1a: Landorus|Landorus-Therian, M|59/100 tox
|-ability|p1a: Landorus|Intimidate|boost
|-unboost|p2a: Zamazenta|atk|1
|move|p2a: Zamazenta|Crunch|p1a: Landorus
|-crit|p1a: Landorus
|-damage|p1a: Landorus|11/100 tox
|-damage|p2a: Zamazenta|50/100|[from] item: Life Orb
|
|-damage|p1a: Landorus|5/100 tox|[from] psn
|upkeep
|turn|18
|
|t:|1758320257
|move|p2a: Zamazenta|Crunch|p1a: Landorus
|-damage|p1a: Landorus|0 fnt
|faint|p1a: Landorus
|-damage|p2a: Zamazenta|40/100|[from] item: Life Orb
|
|upkeep
|
|t:|1758320260
|switch|p1a: Pecharunt|Pecharunt|33/100
|turn|19
|
|t:|1758320263
|move|p2a: Zamazenta|Crunch|p1a: Pecharunt
|-supereffective|p1a: Pecharunt
|-damage|p1a: Pecharunt|6/100
|-damage|p2a: Zamazenta|30/100|[from] item: Life Orb
|move|p1a: Pecharunt|Recover|p1a: Pecharunt
|-heal|p1a: Pecharunt|56/100
|
|upkeep
|turn|20
|
|t:|1758320270
|switch|p2a: Hoopa|Hoopa|100/100
|-damage|p2a: Hoopa|88/100|[from] Stealth Rock
|-damage|p2a: Hoopa|63/100|[from] Spikes
|move|p1a: Pecharunt|Recover|p1a: Pecharunt
|-heal|p1a: Pecharunt|100/100
|
|upkeep
|turn|21
|
|t:|1758320275
|move|p2a: Hoopa|Trick|p1a: Pecharunt
|-activate|p2a: Hoopa|move: Trick|[of] p1a: Pecharunt
|-item|p1a: Pecharunt|Choice Scarf|[from] move: Trick
|-item|p2a: Hoopa|Heavy-Duty Boots|[from] move: Trick
|move|p1a: Pecharunt|Shadow Ball|p2a: Hoopa
|-supereffective|p2a: Hoopa
|-damage|p2a: Hoopa|0 fnt
|faint|p2a: Hoopa
|
|upkeep
|
|t:|1758320296
|switch|p2a: Heatran|Heatran, F|89/100
|-damage|p2a: Heatran|76/100|[from] Stealth Rock
|-damage|p2a: Heatran|52/100|[from] Spikes
|turn|22
|
|t:|1758320304
|switch|p1a: Samurott|Samurott-Hisui, M|67/100
|move|p2a: Heatran|Stealth Rock|p1a: Samurott
|-sidestart|p1: blueblazingfire|move: Stealth Rock
|
|-heal|p2a: Heatran|58/100|[from] item: Leftovers
|upkeep
|turn|23
|
|t:|1758320315
|move|p2a: Heatran|Magma Storm|p1a: Samurott
|-resisted|p1a: Samurott
|-damage|p1a: Samurott|27/100
|-activate|p1a: Samurott|move: Magma Storm|[of] p2a: Heatran
|move|p1a: Samurott|Razor Shell|p2a: Heatran
|-supereffective|p2a: Heatran
|-damage|p2a: Heatran|0 fnt
|faint|p2a: Heatran
|
|-end|p1a: Samurott|Magma Storm|[partiallytrapped]|[silent]
|upkeep
|
|t:|1758320332
|switch|p2a: Zamazenta|Zamazenta|30/100
|-damage|p2a: Zamazenta|24/100|[from] Stealth Rock
|-damage|p2a: Zamazenta|0 fnt|[from] Spikes
|faint|p2a: Zamazenta
|
|t:|1758320341
|switch|p2a: Mandibuzz|Mandibuzz, F|57/100
|-damage|p2a: Mandibuzz|32/100|[from] Stealth Rock
|turn|24
|c|☆Smjrk|Gg
|inactive|Smjrk has 120 seconds left.
|l|☆Smjrk
|inactive|Smjrk disconnected and has a minute to reconnect!
|player|p2|
|inactive|Smjrk has 30 seconds to reconnect!
|inactive|Smjrk has 20 seconds to reconnect!
|inactive|Smjrk has 15 seconds to reconnect!
|inactive|Smjrk has 10 seconds to reconnect!
|inactive|Smjrk has 5 seconds to reconnect!
|-message|Smjrk lost due to inactivity.
|
|win|blueblazingfire
|raw|blueblazingfire's rating: 1194 &rarr; <strong>1217</strong><br />(+23 for winning)
|raw|Smjrk's rating: 1172 &rarr; <strong>1149</strong><br />(-23 for losing)
|l|☆blueblazingfire
|player|p1|
