|j|☆RobustLoki
|j|☆MegaEuler
|t:|1758367070
|gametype|singles
|player|p1|RobustLoki|scientist|1571
|player|p2|MegaEuler|266|1597
|gen|9
|tier|[Gen 9] OU
|rated|
|rule|HP Percentage Mod: HP is shown in percentages
|rule|Endless Battle Clause: Forcing endless battles is banned
|rule|Species Clause: Limit one of each Pokémon
|rule|OHKO Clause: OHKO moves are banned
|rule|Evasion Items Clause: Evasion items are banned
|rule|Evasion Moves Clause: Evasion moves are banned
|rule|Evasion Abilities Clause: Evasion abilities are banned
|rule|Sleep Moves Clause: Sleep-inducing moves are banned
|clearpoke
|poke|p1|Araquanid, F|
|poke|p1|Cinderace, M|
|poke|p1|Empoleon, M|
|poke|p1|Serperior, M|
|poke|p1|Kingambit, F|
|poke|p1|Ogerpon, F|
|poke|p2|Great Tusk|
|poke|p2|Rillaboom, M|
|poke|p2|Gholdengo|
|poke|p2|Slowbro, F|
|poke|p2|Heatran, M|
|poke|p2|Garganacl, M|
|teampreview
|inactive|Battle timer is ON: inactive players will automatically lose when time's up. (requested by MegaEuler)
|inactive|RobustLoki has 120 seconds left.
|
|t:|1758367110
|teamsize|p1|6
|teamsize|p2|6
|start
|switch|p1a: Araquanid|Araquanid, F|100/100
|switch|p2a: Rillaboom|Rillaboom, M|100/100
|-fieldstart|move: Grassy Terrain|[from] ability: Grassy Surge|[of] p2a: Rillaboom
|turn|1
|
|t:|1758367116
|move|p2a: Rillaboom|Wood Hammer|p1a: Araquanid
|-damage|p1a: Araquanid|0 fnt
|faint|p1a: Araquanid
|-damage|p2a: Rillaboom|70/100|[from] Recoil
|
|-heal|p2a: Rillaboom|76/100|[from] Grassy Terrain
|upkeep
|
|t:|1758367136
|switch|p1a: Cinderace|Cinderace, M|100/100
|turn|2
|
|t:|1758367141
|switch|p2a: Slowbro|Slowbro, F|100/100
|move|p1a: Cinderace|U-turn|p2a: Slowbro
|-start|p1a: Cinderace|typechange|Bug|[from] ability: Libero
|-supereffective|p2a: Slowbro
|-damage|p2a: Slowbro|59/100
|-damage|p1a: Cinderace|84/100|[from] item: Rocky Helmet|[of] p2a: Slowbro
|
|t:|1758367145
|switch|p1a: Ogerpon|Ogerpon, F|100/100|[from] U-turn
|
|-heal|p2a: Slowbro|65/100|[from] Grassy Terrain
|upkeep
|turn|3
|
|t:|1758367157
|switch|p2a: Heatran|Heatran, M|100/100
|move|p1a: Ogerpon|Low Kick|p2a: Heatran
|-supereffective|p2a: Heatran
|-damage|p2a: Heatran|30/100
|
|-heal|p2a: Heatran|36/100|[from] Grassy Terrain
|-heal|p2a: Heatran|42/100|[from] item: Leftovers
|upkeep
|turn|4
|
|t:|1758367179
|switch|p1a: Cinderace|Cinderace, M|84/100
|move|p2a: Heatran|Protect||[still]
|-fail|p2a: Heatran
|
|-heal|p1a: Cinderace|90/100|[from] Grassy Terrain
|-heal|p2a: Heatran|48/100|[from] Grassy Terrain
|-heal|p2a: Heatran|54/100|[from] item: Leftovers
|upkeep
|turn|5
|
|t:|1758367188
|switch|p1a: Empoleon|Empoleon, M|100/100
|move|p2a: Heatran|Protect||[still]
|-fail|p2a: Heatran
|
|-heal|p2a: Heatran|61/100|[from] Grassy Terrain
|-heal|p2a: Heatran|67/100|[from] item: Leftovers
|-fieldend|move: Grassy Terrain
|upkeep
|turn|6
|
|t:|1758367203
|move|p2a: Heatran|Stealth Rock|p1a: Empoleon
|-sidestart|p1: RobustLoki|move: Stealth Rock
|move|p1a: Empoleon|Surf|p2a: Heatran
|-supereffective|p2a: Heatran
|-damage|p2a: Heatran|0 fnt
|faint|p2a: Heatran
|
|upkeep
|
|t:|1758367209
|switch|p2a: Garganacl|Garganacl, M|100/100
|turn|7
|j| Nikator98
|l| Nikator98
|
|t:|1758367227
|switch|p1a: Ogerpon|Ogerpon, F|100/100
|-damage|p1a: Ogerpon|88/100|[from] Stealth Rock
|move|p2a: Garganacl|Salt Cure|p1a: Ogerpon
|-damage|p1a: Ogerpon|69/100
|-start|p1a: Ogerpon|Salt Cure
|
|-damage|p1a: Ogerpon|57/100|[from] Salt Cure
|upkeep
|turn|8
|
|t:|1758367236
|move|p2a: Garganacl|Protect|p2a: Garganacl
|-singleturn|p2a: Garganacl|Protect
|move|p1a: Ogerpon|Ivy Cudgel|p2a: Garganacl
|-activate|p2a: Garganacl|move: Protect
|
|-damage|p1a: Ogerpon|45/100|[from] Salt Cure
|upkeep
|turn|9
|
|t:|1758367252
|switch|p2a: Gholdengo|Gholdengo|100/100
|move|p1a: Ogerpon|Ivy Cudgel|p2a: Gholdengo
|-resisted|p2a: Gholdengo
|-damage|p2a: Gholdengo|70/100
|
|-damage|p1a: Ogerpon|32/100|[from] Salt Cure
|upkeep
|turn|10
|
|t:|1758367264
|move|p1a: Ogerpon|Ivy Cudgel|p2a: Gholdengo
|-resisted|p2a: Gholdengo
|-damage|p2a: Gholdengo|42/100
|move|p2a: Gholdengo|Dazzling Gleam|p1a: Ogerpon
|-damage|p1a: Ogerpon|2/100
|
|-damage|p1a: Ogerpon|0 fnt|[from] Salt Cure
|faint|p1a: Ogerpon
|upkeep
|inactive|RobustLoki has 120 seconds left.
|
|t:|1758367318
|switch|p1a: Cinderace|Cinderace, M|90/100
|-damage|p1a: Cinderace|65/100|[from] Stealth Rock
|turn|11
|
|t:|1758367324
|switch|p2a: Slowbro|Slowbro, F|99/100
|move|p1a: Cinderace|U-turn|p2a: Slowbro
|-start|p1a: Cinderace|typechange|Bug|[from] ability: Libero
|-supereffective|p2a: Slowbro
|-damage|p2a: Slowbro|60/100
|-damage|p1a: Cinderace|48/100|[from] item: Rocky Helmet|[of] p2a: Slowbro
|
|t:|1758367328
|switch|p1a: Serperior|Serperior, M|100/100|[from] U-turn
|-damage|p1a: Serperior|88/100|[from] Stealth Rock
|
|-heal|p1a: Serperior|94/100|[from] item: Leftovers
|upkeep
|turn|12
|
|t:|1758367339
|move|p1a: Serperior|Leaf Storm|p2a: Slowbro|[miss]
|-miss|p1a: Serperior|p2a: Slowbro
|move|p2a: Slowbro|Trick Room|p2a: Slowbro
|-fieldstart|move: Trick Room|[of] p2a: Slowbro
|
|-heal|p1a: Serperior|100/100|[from] item: Leftovers
|upkeep
|turn|13
|
|t:|1758367353
|move|p2a: Slowbro|Psyshock|p1a: Serperior
|-damage|p1a: Serperior|65/100
|move|p1a: Serperior|Leaf Storm|p2a: Slowbro
|-supereffective|p2a: Slowbro
|-damage|p2a: Slowbro|0 fnt
|-boost|p1a: Serperior|spa|2
|faint|p2a: Slowbro
|
|-heal|p1a: Serperior|71/100|[from] item: Leftovers
|upkeep
|
|t:|1758367362
|switch|p2a: Great Tusk|Great Tusk|100/100
|turn|14
|inactive|RobustLoki has 120 seconds left.
|
|t:|1758367409
|switch|p1a: Empoleon|Empoleon, M|100/100
|-damage|p1a: Empoleon|94/100|[from] Stealth Rock
|move|p2a: Great Tusk|Close Combat|p1a: Empoleon
|-supereffective|p1a: Empoleon
|-damage|p1a: Empoleon|0 fnt
|-unboost|p2a: Great Tusk|def|1
|-unboost|p2a: Great Tusk|spd|1
|faint|p1a: Empoleon
|
|upkeep
|
|t:|1758367413
|switch|p1a: Kingambit|Kingambit, F|100/100
|-damage|p1a: Kingambit|94/100|[from] Stealth Rock
|turn|15
|
|t:|1758367423
|-terastallize|p1a: Kingambit|Flying
|move|p1a: Kingambit|Tera Blast|p2a: Great Tusk|[anim] Tera Blast Flying
|-supereffective|p2a: Great Tusk
|-damage|p2a: Great Tusk|0 fnt
|faint|p2a: Great Tusk
|-end|p2a: Great Tusk|Protosynthesis|[silent]
|
|upkeep
|
|t:|1758367433
|switch|p2a: Garganacl|Garganacl, M|100/100
|turn|16
|
|t:|1758367441
|move|p2a: Garganacl|Salt Cure|p1a: Kingambit
|-supereffective|p1a: Kingambit
|-damage|p1a: Kingambit|73/100
|-start|p1a: Kingambit|Salt Cure
|move|p1a: Kingambit|Low Kick|p2a: Garganacl
|-supereffective|p2a: Garganacl
|-damage|p2a: Garganacl|52/100
|
|-heal|p2a: Garganacl|58/100|[from] item: Leftovers
|-damage|p1a: Kingambit|61/100|[from] Salt Cure
|-fieldend|move: Trick Room
|upkeep
|turn|17
|
|t:|1758367452
|switch|p1a: Serperior|Serperior, M|71/100
|-damage|p1a: Serperior|59/100|[from] Stealth Rock
|move|p2a: Garganacl|Recover|p2a: Garganacl
|-heal|p2a: Garganacl|100/100
|
|-heal|p1a: Serperior|65/100|[from] item: Leftovers
|upkeep
|turn|18
|
|t:|1758367469
|-terastallize|p2a: Garganacl|Flying
|move|p1a: Serperior|Leaf Storm|p2a: Garganacl
|-resisted|p2a: Garganacl
|-damage|p2a: Garganacl|75/100
|-boost|p1a: Serperior|spa|2
|move|p2a: Garganacl|Salt Cure|p1a: Serperior
|-damage|p1a: Serperior|47/100
|-start|p1a: Serperior|Salt Cure
|
|-heal|p1a: Serperior|53/100|[from] item: Leftovers
|-heal|p2a: Garganacl|81/100|[from] item: Leftovers
|-damage|p1a: Serperior|41/100|[from] Salt Cure
|upkeep
|turn|19
|
|t:|1758367480
|move|p2a: Garganacl|Protect|p2a: Garganacl
|-singleturn|p2a: Garganacl|Protect
|move|p1a: Serperior|Leaf Storm|p2a: Garganacl
|-activate|p2a: Garganacl|move: Protect
|
|-heal|p1a: Serperior|47/100|[from] item: Leftovers
|-heal|p2a: Garganacl|87/100|[from] item: Leftovers
|-damage|p1a: Serperior|35/100|[from] Salt Cure
|upkeep
|turn|20
|
|t:|1758367497
|move|p1a: Serperior|Leaf Storm|p2a: Garganacl
|-resisted|p2a: Garganacl
|-damage|p2a: Garganacl|38/100
|-boost|p1a: Serperior|spa|2
|move|p2a: Garganacl|Recover|p2a: Garganacl
|-heal|p2a: Garganacl|88/100
|
|-heal|p1a: Serperior|41/100|[from] item: Leftovers
|-heal|p2a: Garganacl|94/100|[from] item: Leftovers
|-damage|p1a: Serperior|29/100|[from] Salt Cure
|upkeep
|turn|21
|
|t:|1758367524
|switch|p2a: Rillaboom|Rillaboom, M|76/100
|-fieldstart|move: Grassy Terrain|[from] ability: Grassy Surge|[of] p2a: Rillaboom
|move|p1a: Serperior|Glare|p2a: Rillaboom
|-status|p2a: Rillaboom|par
|
|-heal|p1a: Serperior|35/100|[from] Grassy Terrain
|-heal|p1a: Serperior|41/100|[from] item: Leftovers
|-heal|p2a: Rillaboom|82/100 par|[from] Grassy Terrain
|-damage|p1a: Serperior|29/100|[from] Salt Cure
|upkeep
|turn|22
|
|t:|1758367536
|move|p2a: Rillaboom|Grassy Glide|p1a: Serperior
|-resisted|p1a: Serperior
|-damage|p1a: Serperior|0 fnt
|faint|p1a: Serperior
|
|-heal|p2a: Rillaboom|88/100 par|[from] Grassy Terrain
|upkeep
|inactive|RobustLoki has 120 seconds left.
|
|t:|1758367582
|switch|p1a: Kingambit|Kingambit, F, tera:Flying|61/100
|-damage|p1a: Kingambit|36/100|[from] Stealth Rock
|turn|23
|
|t:|1758367600
|move|p2a: Rillaboom|Grassy Glide|p1a: Kingambit
|-resisted|p1a: Kingambit
|-damage|p1a: Kingambit|19/100
|move|p1a: Kingambit|Kowtow Cleave|p2a: Rillaboom
|-damage|p2a: Rillaboom|33/100 par
|
|-heal|p2a: Rillaboom|39/100 par|[from] Grassy Terrain
|upkeep
|turn|24
|inactive|RobustLoki has 90 seconds left.
|
|t:|1758367647
|move|p1a: Kingambit|Sucker Punch||[still]
|-fail|p1a: Kingambit
|cant|p2a: Rillaboom|par
|
|-heal|p2a: Rillaboom|45/100 par|[from] Grassy Terrain
|upkeep
|turn|25
|
|t:|1758367654
|move|p1a: Kingambit|Kowtow Cleave|p2a: Rillaboom
|-damage|p2a: Rillaboom|0 fnt
|faint|p2a: Rillaboom
|
|-fieldend|move: Grassy Terrain
|upkeep
|
|t:|1758367659
|switch|p2a: Garganacl|Garganacl, M, tera:Flying|94/100
|turn|26
|inactive|RobustLoki has 90 seconds left.
|
|t:|1758367690
|move|p1a: Kingambit|Kowtow Cleave|p2a: Garganacl
|-damage|p2a: Garganacl|69/100
|move|p2a: Garganacl|Salt Cure|p1a: Kingambit
|-supereffective|p1a: Kingambit
|-damage|p1a: Kingambit|0 fnt
|faint|p1a: Kingambit
|
|-heal|p2a: Garganacl|75/100|[from] item: Leftovers
|upkeep
|
|t:|1758367694
|switch|p1a: Cinderace|Cinderace, M|48/100
|-damage|p1a: Cinderace|23/100|[from] Stealth Rock
|turn|27
|
|t:|1758367701
|move|p2a: Garganacl|Protect|p2a: Garganacl
|-singleturn|p2a: Garganacl|Protect
|move|p1a: Cinderace|Pyro Ball|p2a: Garganacl
|-activate|p2a: Garganacl|move: Protect
|
|-heal|p2a: Garganacl|81/100|[from] item: Leftovers
|upkeep
|turn|28
|
|t:|1758367708
|move|p1a: Cinderace|Pyro Ball|p2a: Garganacl
|-damage|p2a: Garganacl|52/100
|move|p2a: Garganacl|Salt Cure|p1a: Cinderace
|-supereffective|p1a: Cinderace
|-damage|p1a: Cinderace|0 fnt
|faint|p1a: Cinderace
|
|win|MegaEuler
|raw|RobustLoki's rating: 1528 &rarr; <strong>1512</strong><br />(-16 for losing)
|raw|MegaEuler's rating: 1597 &rarr; <strong>1613</strong><br />(+16 for winning)
|l|☆RobustLoki
|player|p1|
|l|☆MegaEuler
|player|p2|
