|j|☆Crusher_Libax
|j|☆Great_Beat
|t:|1758292527
|gametype|singles
|player|p1|Crusher_Libax|dancer|1054
|player|p2|Great_Beat|red|1080
|gen|9
|tier|[Gen 9] OU
|rated|
|rule|HP Percentage Mod: HP is shown in percentages
|rule|Endless Battle Clause: Forcing endless battles is banned
|rule|Species Clause: Limit one of each Pokémon
|rule|OHKO Clause: OHKO moves are banned
|rule|Evasion Items Clause: Evasion items are banned
|rule|Evasion Moves Clause: Evasion moves are banned
|rule|Evasion Abilities Clause: Evasion abilities are banned
|rule|Sleep Moves Clause: Sleep-inducing moves are banned
|clearpoke
|poke|p1|Pyroar, F|
|poke|p1|Ninetales, M|
|poke|p1|Hatterene, F|
|poke|p1|Great Tusk|
|poke|p1|Walking Wake|
|poke|p1|Kingambit, F|
|poke|p2|Lapras, F|
|poke|p2|Weezing, M|
|poke|p2|Komala, M|
|poke|p2|Arbok, M|
|poke|p2|Jumpluff, F|
|poke|p2|Whiscash, M|
|teampreview
|
|t:|1758292534
|teamsize|p1|6
|teamsize|p2|6
|start
|switch|p1a: Ninetales|Ninetales, M|100/100
|switch|p2a: Weezing|Weezing, M|100/100
|-weather|SunnyDay|[from] ability: Drought|[of] p1a: Ninetales
|turn|1
|
|t:|1758292542
|move|p1a: Ninetales|Will-O-Wisp|p2a: Weezing
|-status|p2a: Weezing|brn
|move|p2a: Weezing|Sludge Bomb|p1a: Ninetales
|-damage|p1a: Ninetales|72/100
|-status|p1a: Ninetales|psn
|
|-weather|SunnyDay|[upkeep]
|-damage|p1a: Ninetales|60/100 psn|[from] psn
|-damage|p2a: Weezing|95/100 brn|[from] brn
|upkeep
|turn|2
|
|t:|1758292559
|switch|p1a: Great Tusk|Great Tusk|100/100
|-activate|p1a: Great Tusk|ability: Protosynthesis
|-start|p1a: Great Tusk|protosynthesisatk
|switch|p2a: Jumpluff|Jumpluff, F|100/100
|
|-weather|SunnyDay|[upkeep]
|upkeep
|turn|3
|
|t:|1758292572
|-end|p1a: Great Tusk|Protosynthesis|[silent]
|switch|p1a: Pyroar|Pyroar, F|100/100
|-ability|p1a: Pyroar|Unnerve
|move|p2a: Jumpluff|Stun Spore|p1a: Pyroar
|-status|p1a: Pyroar|par
|
|-weather|SunnyDay|[upkeep]
|upkeep
|turn|4
|
|t:|1758292584
|switch|p2a: Arbok|Arbok, M|100/100
|-ability|p2a: Arbok|Intimidate|boost
|-unboost|p1a: Pyroar|atk|1
|move|p1a: Pyroar|Overheat|p2a: Arbok
|-damage|p2a: Arbok|0 fnt
|-unboost|p1a: Pyroar|spa|2
|faint|p2a: Arbok
|
|-weather|SunnyDay|[upkeep]
|upkeep
|
|t:|1758292596
|switch|p2a: Whiscash|Whiscash, M|100/100
|turn|5
|
|t:|1758292621
|switch|p1a: Walking Wake|Walking Wake|100/100
|-activate|p1a: Walking Wake|ability: Protosynthesis
|-start|p1a: Walking Wake|protosynthesisspe
|move|p2a: Whiscash|Stealth Rock|p1a: Walking Wake
|-sidestart|p1: Crusher_Libax|move: Stealth Rock
|
|-weather|SunnyDay|[upkeep]
|upkeep
|turn|6
|
|t:|1758292629
|switch|p2a: Jumpluff|Jumpluff, F|100/100
|move|p1a: Walking Wake|Hydro Steam|p2a: Jumpluff
|-resisted|p2a: Jumpluff
|-damage|p2a: Jumpluff|56/100
|
|-weather|SunnyDay|[upkeep]
|upkeep
|turn|7
|
|t:|1758292645
|-end|p1a: Walking Wake|Protosynthesis|[silent]
|switch|p1a: Pyroar|Pyroar, F|100/100 par
|-ability|p1a: Pyroar|Unnerve
|-damage|p1a: Pyroar|76/100 par|[from] Stealth Rock
|move|p2a: Jumpluff|Switcheroo|p1a: Pyroar
|-activate|p2a: Jumpluff|move: Trick|[of] p1a: Pyroar
|-item|p1a: Pyroar|Choice Scarf|[from] move: Switcheroo
|-item|p2a: Jumpluff|Choice Specs|[from] move: Switcheroo
|
|-weather|SunnyDay|[upkeep]
|upkeep
|turn|8
|-message|Great_Beat forfeited.
|
|win|Crusher_Libax
|raw|Crusher_Libax's rating: 1054 &rarr; <strong>1088</strong><br />(+34 for winning)
|raw|Great_Beat's rating: 1080 &rarr; <strong>1056</strong><br />(-24 for losing)
|l|☆Great_Beat
|player|p2|
|c|☆Crusher_Libax|gg ez
|l|☆Crusher_Libax
|player|p1|
