|j|☆hindu's curry
|j|☆Wiiboidibo
|t:|1758348579
|gametype|singles
|player|p1|hindu's curry|hiker-gen4|1431
|player|p2|Wiiboidibo|169|1379
|gen|9
|tier|[Gen 9] OU
|rated|
|rule|HP Percentage Mod: HP is shown in percentages
|rule|Endless Battle Clause: Forcing endless battles is banned
|rule|Species Clause: Limit one of each Pokémon
|rule|OHKO Clause: OHKO moves are banned
|rule|Evasion Items Clause: Evasion items are banned
|rule|Evasion Moves Clause: Evasion moves are banned
|rule|Evasion Abilities Clause: Evasion abilities are banned
|rule|Sleep Moves Clause: Sleep-inducing moves are banned
|clearpoke
|poke|p1|Heatran, F|
|poke|p1|Gliscor, M|
|poke|p1|Kyurem|
|poke|p1|Hatterene, F|
|poke|p1|Zamazenta-*|
|poke|p1|Tornadus-Therian, M|
|poke|p2|Iron Boulder|
|poke|p2|Glimmora, F|
|poke|p2|Hatterene, F|
|poke|p2|Kingambit, F|
|poke|p2|Iron Moth|
|poke|p2|Quaquaval, M|
|teampreview
|inactive|Battle timer is ON: inactive players will automatically lose when time's up. (requested by hindu's curry)
|
|t:|1758348611
|teamsize|p1|6
|teamsize|p2|6
|start
|switch|p1a: Tornadus|Tornadus-Therian, M|100/100
|switch|p2a: Quaquaval|Quaquaval, M|100/100
|turn|1
|
|t:|1758348619
|switch|p2a: Glimmora|Glimmora, F|100/100
|move|p1a: Tornadus|Bleakwind Storm|p2a: Glimmora
|-resisted|p2a: Glimmora
|-damage|p2a: Glimmora|75/100
|
|upkeep
|turn|2
|
|t:|1758348629
|switch|p1a: Hatterene|Hatterene, F|100/100
|move|p2a: Glimmora|Power Gem|p1a: Hatterene
|-damage|p1a: Hatterene|53/100
|
|upkeep
|turn|3
|
|t:|1758348642
|switch|p2a: Kingambit|Kingambit, F|100/100
|switch|p1a: Kyurem|Kyurem|100/100
|-ability|p1a: Kyurem|Pressure
|
|upkeep
|turn|4
|
|t:|1758348652
|move|p1a: Kyurem|Protect|p1a: Kyurem
|-singleturn|p1a: Kyurem|Protect
|move|p2a: Kingambit|Low Kick|p1a: Kyurem
|-activate|p1a: Kyurem|move: Protect
|
|upkeep
|turn|5
|inactive|hindu's curry has 120 seconds left.
|inactive|hindu's curry has 90 seconds left.
|
|t:|1758348715
|-terastallize|p1a: Kyurem|Ground
|move|p1a: Kyurem|Earth Power|p2a: Kingambit
|-supereffective|p2a: Kingambit
|-damage|p2a: Kingambit|8/100
|move|p2a: Kingambit|Iron Head|p1a: Kyurem
|-damage|p1a: Kyurem|62/100
|
|-heal|p1a: Kyurem|68/100|[from] item: Leftovers
|-heal|p2a: Kingambit|14/100|[from] item: Leftovers
|upkeep
|turn|6
|
|t:|1758348727
|move|p2a: Kingambit|Sucker Punch|p1a: Kyurem
|-damage|p1a: Kyurem|31/100
|move|p1a: Kyurem|Earth Power|p2a: Kingambit
|-supereffective|p2a: Kingambit
|-crit|p2a: Kingambit
|-damage|p2a: Kingambit|0 fnt
|faint|p2a: Kingambit
|-end|p2a: Kingambit|fallenundefined|[silent]
|
|-heal|p1a: Kyurem|38/100|[from] item: Leftovers
|upkeep
|
|t:|1758348737
|switch|p2a: Iron Moth|Iron Moth|100/100
|-enditem|p2a: Iron Moth|Booster Energy
|-activate|p2a: Iron Moth|ability: Quark Drive|[fromitem]
|-start|p2a: Iron Moth|quarkdrivespe
|turn|7
|
|t:|1758348752
|switch|p1a: Heatran|Heatran, F|100/100
|move|p2a: Iron Moth|Energy Ball|p1a: Heatran
|-resisted|p1a: Heatran
|-damage|p1a: Heatran|93/100
|
|-heal|p1a: Heatran|99/100|[from] item: Leftovers
|upkeep
|turn|8
|
|t:|1758348763
|-end|p2a: Iron Moth|Quark Drive|[silent]
|switch|p2a: Glimmora|Glimmora, F|75/100
|move|p1a: Heatran|Earth Power|p2a: Glimmora
|-supereffective|p2a: Glimmora
|-damage|p2a: Glimmora|0 fnt
|faint|p2a: Glimmora
|
|-heal|p1a: Heatran|100/100|[from] item: Leftovers
|upkeep
|
|t:|1758348773
|switch|p2a: Quaquaval|Quaquaval, M|100/100
|turn|9
|inactive|hindu's curry has 120 seconds left.
|
|t:|1758348798
|switch|p1a: Zamazenta|Zamazenta|100/100
|-ability|p1a: Zamazenta|Dauntless Shield|boost
|-boost|p1a: Zamazenta|def|1
|-terastallize|p2a: Quaquaval|Water
|move|p2a: Quaquaval|Aqua Step|p1a: Zamazenta
|-damage|p1a: Zamazenta|65/100
|-boost|p2a: Quaquaval|spe|1
|-damage|p2a: Quaquaval|91/100|[from] item: Life Orb
|
|-heal|p1a: Zamazenta|71/100|[from] item: Leftovers
|upkeep
|turn|10
|
|t:|1758348820
|switch|p2a: Hatterene|Hatterene, F|100/100
|move|p1a: Zamazenta|Body Press|p2a: Hatterene
|-resisted|p2a: Hatterene
|-damage|p2a: Hatterene|89/100
|
|-heal|p1a: Zamazenta|77/100|[from] item: Leftovers
|-heal|p2a: Hatterene|95/100|[from] item: Leftovers
|upkeep
|turn|11
|
|t:|1758348829
|switch|p1a: Gliscor|Gliscor, M|100/100
|move|p2a: Hatterene|Psyshock|p1a: Gliscor
|-damage|p1a: Gliscor|78/100
|
|-heal|p2a: Hatterene|100/100|[from] item: Leftovers
|-status|p1a: Gliscor|tox|[from] item: Toxic Orb
|upkeep
|turn|12
|
|t:|1758348839
|move|p1a: Gliscor|Earthquake|p2a: Hatterene
|-damage|p2a: Hatterene|70/100
|move|p2a: Hatterene|Calm Mind|p2a: Hatterene
|-boost|p2a: Hatterene|spa|1
|-boost|p2a: Hatterene|spd|1
|
|-heal|p2a: Hatterene|76/100|[from] item: Leftovers
|-heal|p1a: Gliscor|91/100 tox|[from] ability: Poison Heal
|upkeep
|turn|13
|
|t:|1758348848
|move|p1a: Gliscor|U-turn|p2a: Hatterene
|-damage|p2a: Hatterene|62/100
|
|t:|1758348855
|switch|p1a: Heatran|Heatran, F|100/100|[from] U-turn
|move|p2a: Hatterene|Draining Kiss|p1a: Heatran
|-resisted|p1a: Heatran
|-damage|p1a: Heatran|92/100
|-heal|p2a: Hatterene|69/100|[from] drain|[of] p1a: Heatran
|
|-heal|p1a: Heatran|98/100|[from] item: Leftovers
|-heal|p2a: Hatterene|75/100|[from] item: Leftovers
|upkeep
|turn|14
|
|t:|1758348869
|switch|p2a: Iron Boulder|Iron Boulder|100/100
|-enditem|p2a: Iron Boulder|Booster Energy
|-activate|p2a: Iron Boulder|ability: Quark Drive|[fromitem]
|-start|p2a: Iron Boulder|quarkdrivespe
|move|p1a: Heatran|Lava Plume|p2a: Iron Boulder
|-resisted|p2a: Iron Boulder
|-damage|p2a: Iron Boulder|81/100
|
|-heal|p1a: Heatran|100/100|[from] item: Leftovers
|upkeep
|turn|15
|
|t:|1758348879
|move|p2a: Iron Boulder|Swords Dance|p2a: Iron Boulder
|-boost|p2a: Iron Boulder|atk|2
|move|p1a: Heatran|Lava Plume|p2a: Iron Boulder
|-resisted|p2a: Iron Boulder
|-damage|p2a: Iron Boulder|60/100
|-status|p2a: Iron Boulder|brn
|
|-damage|p2a: Iron Boulder|53/100 brn|[from] brn
|upkeep
|turn|16
|
|t:|1758348889
|switch|p1a: Gliscor|Gliscor, M|91/100 tox
|move|p2a: Iron Boulder|Close Combat|p1a: Gliscor
|-resisted|p1a: Gliscor
|-damage|p1a: Gliscor|79/100 tox
|-unboost|p2a: Iron Boulder|def|1
|-unboost|p2a: Iron Boulder|spd|1
|
|-heal|p1a: Gliscor|91/100 tox|[from] ability: Poison Heal
|-damage|p2a: Iron Boulder|47/100 brn|[from] brn
|upkeep
|turn|17
|
|t:|1758348900
|move|p2a: Iron Boulder|Mighty Cleave|p1a: Gliscor
|-damage|p1a: Gliscor|62/100 tox
|move|p1a: Gliscor|U-turn|p2a: Iron Boulder
|-supereffective|p2a: Iron Boulder
|-damage|p2a: Iron Boulder|0 fnt
|faint|p2a: Iron Boulder
|-end|p2a: Iron Boulder|Quark Drive|[silent]
|
|t:|1758348904
|switch|p1a: Kyurem|Kyurem, tera:Ground|38/100|[from] U-turn
|-ability|p1a: Kyurem|Pressure
|
|-heal|p1a: Kyurem|44/100|[from] item: Leftovers
|upkeep
|
|t:|1758348914
|switch|p2a: Iron Moth|Iron Moth|100/100
|turn|18
|
|t:|1758348935
|switch|p1a: Heatran|Heatran, F|100/100
|move|p2a: Iron Moth|Energy Ball|p1a: Heatran
|-resisted|p1a: Heatran
|-damage|p1a: Heatran|93/100
|
|-heal|p1a: Heatran|99/100|[from] item: Leftovers
|upkeep
|turn|19
|
|t:|1758348949
|-end|p2a: Iron Moth|Quark Drive|[silent]
|switch|p2a: Hatterene|Hatterene, F|75/100
|switch|p1a: Kyurem|Kyurem, tera:Ground|44/100
|-ability|p1a: Kyurem|Pressure
|
|-heal|p1a: Kyurem|50/100|[from] item: Leftovers
|-heal|p2a: Hatterene|81/100|[from] item: Leftovers
|upkeep
|turn|20
|
|t:|1758348960
|move|p1a: Kyurem|Protect|p1a: Kyurem
|-singleturn|p1a: Kyurem|Protect
|move|p2a: Hatterene|Draining Kiss|p1a: Kyurem
|-activate|p1a: Kyurem|move: Protect
|
|-heal|p1a: Kyurem|56/100|[from] item: Leftovers
|-heal|p2a: Hatterene|87/100|[from] item: Leftovers
|upkeep
|turn|21
|
|t:|1758348968
|switch|p1a: Heatran|Heatran, F|99/100
|move|p2a: Hatterene|Draining Kiss|p1a: Heatran
|-resisted|p1a: Heatran
|-damage|p1a: Heatran|94/100
|-heal|p2a: Hatterene|91/100|[from] drain|[of] p1a: Heatran
|
|-heal|p1a: Heatran|99/100|[from] item: Leftovers
|-heal|p2a: Hatterene|97/100|[from] item: Leftovers
|upkeep
|turn|22
|
|t:|1758348977
|move|p1a: Heatran|Lava Plume|p2a: Hatterene
|-damage|p2a: Hatterene|53/100
|move|p2a: Hatterene|Calm Mind|p2a: Hatterene
|-boost|p2a: Hatterene|spa|1
|-boost|p2a: Hatterene|spd|1
|
|-heal|p1a: Heatran|100/100|[from] item: Leftovers
|-heal|p2a: Hatterene|59/100|[from] item: Leftovers
|upkeep
|turn|23
|
|t:|1758349004
|move|p1a: Heatran|Lava Plume|p2a: Hatterene
|-damage|p2a: Hatterene|32/100
|move|p2a: Hatterene|Draining Kiss|p1a: Heatran
|-resisted|p1a: Heatran
|-damage|p1a: Heatran|92/100
|-heal|p2a: Hatterene|39/100|[from] drain|[of] p1a: Heatran
|
|-heal|p1a: Heatran|98/100|[from] item: Leftovers
|-heal|p2a: Hatterene|45/100|[from] item: Leftovers
|upkeep
|turn|24
|
|t:|1758349014
|move|p1a: Heatran|Lava Plume|p2a: Hatterene
|-damage|p2a: Hatterene|17/100
|move|p2a: Hatterene|Psyshock|p1a: Heatran
|-resisted|p1a: Heatran
|-damage|p1a: Heatran|72/100
|
|-heal|p1a: Heatran|78/100|[from] item: Leftovers
|-heal|p2a: Hatterene|23/100|[from] item: Leftovers
|upkeep
|turn|25
|
|t:|1758349023
|move|p1a: Heatran|Earth Power|p2a: Hatterene
|-damage|p2a: Hatterene|2/100
|-unboost|p2a: Hatterene|spd|1
|move|p2a: Hatterene|Psyshock|p1a: Heatran
|-resisted|p1a: Heatran
|-damage|p1a: Heatran|52/100
|
|-heal|p1a: Heatran|58/100|[from] item: Leftovers
|-heal|p2a: Hatterene|8/100|[from] item: Leftovers
|upkeep
|turn|26
|
|t:|1758349033
|switch|p1a: Tornadus|Tornadus-Therian, M|100/100
|move|p2a: Hatterene|Psyshock|p1a: Tornadus
|-damage|p1a: Tornadus|34/100
|
|-heal|p2a: Hatterene|14/100|[from] item: Leftovers
|upkeep
|turn|27
|
|t:|1758349041
|move|p1a: Tornadus|U-turn|p2a: Hatterene
|-damage|p2a: Hatterene|0 fnt
|faint|p2a: Hatterene
|
|t:|1758349053
|switch|p1a: Zamazenta|Zamazenta|77/100|[from] U-turn
|
|-heal|p1a: Zamazenta|83/100|[from] item: Leftovers
|upkeep
|
|t:|1758349059
|switch|p2a: Iron Moth|Iron Moth|100/100
|turn|28
|inactive|hindu's curry has 120 seconds left.
|
|t:|1758349093
|move|p1a: Zamazenta|Iron Defense|p1a: Zamazenta
|-boost|p1a: Zamazenta|def|2
|move|p2a: Iron Moth|Sludge Wave|p1a: Zamazenta
|-damage|p1a: Zamazenta|47/100
|
|-heal|p1a: Zamazenta|53/100|[from] item: Leftovers
|upkeep
|turn|29
|inactive|hindu's curry has 120 seconds left.
|
|t:|1758349104
|move|p1a: Zamazenta|Body Press|p2a: Iron Moth
|-resisted|p2a: Iron Moth
|-damage|p2a: Iron Moth|49/100
|move|p2a: Iron Moth|Fire Blast|p1a: Zamazenta
|-damage|p1a: Zamazenta|7/100
|
|-heal|p1a: Zamazenta|13/100|[from] item: Leftovers
|upkeep
|turn|30
|inactive|hindu's curry has 120 seconds left.
|
|t:|1758349126
|move|p1a: Zamazenta|Body Press|p2a: Iron Moth
|-resisted|p2a: Iron Moth
|-damage|p2a: Iron Moth|0 fnt
|faint|p2a: Iron Moth
|-end|p2a: Iron Moth|Quark Drive|[silent]
|
|-heal|p1a: Zamazenta|20/100|[from] item: Leftovers
|upkeep
|-message|Wiiboidibo forfeited.
|
|win|hindu's curry
|raw|hindu&apos;s curry's rating: 1431 &rarr; <strong>1448</strong><br />(+17 for winning)
|raw|Wiiboidibo's rating: 1379 &rarr; <strong>1362</strong><br />(-17 for losing)
|l|☆Wiiboidibo
|player|p2|
