|j|☆almighty shiest
|j|☆KnightKnaveSpy
|t:|1758323232
|gametype|singles
|player|p1|almighty shiest|guzma|1552
|player|p2|KnightKnaveSpy|102|1500
|gen|9
|tier|[Gen 9] OU
|rated|
|rule|HP Percentage Mod: HP is shown in percentages
|rule|Endless Battle Clause: Forcing endless battles is banned
|rule|Species Clause: Limit one of each Pokémon
|rule|OHKO Clause: OHKO moves are banned
|rule|Evasion Items Clause: Evasion items are banned
|rule|Evasion Moves Clause: Evasion moves are banned
|rule|Evasion Abilities Clause: Evasion abilities are banned
|rule|Sleep Moves Clause: Sleep-inducing moves are banned
|clearpoke
|poke|p1|Dragapult, M|
|poke|p1|Glimmora, M|
|poke|p1|Comfey, M|
|poke|p1|Kingambit, M|
|poke|p1|Ogerpon-Wellspring, F|
|poke|p1|Blaziken, M|
|poke|p2|Samurott-Hisui, F|
|poke|p2|Blaziken, M|
|poke|p2|Kingambit, F|
|poke|p2|Raging Bolt|
|poke|p2|Ogerpon-Wellspring, F|
|poke|p2|Greninja-*, M|
|teampreview
|inactive|Battle timer is ON: inactive players will automatically lose when time's up. (requested by almighty shiest)
|inactive|almighty shiest has 120 seconds left.
|
|t:|1758323273
|teamsize|p1|6
|teamsize|p2|6
|start
|switch|p1a: Ogerpon|Ogerpon-Wellspring, F|100/100
|switch|p2a: Samurott|Samurott-Hisui, F|100/100
|turn|1
|
|t:|1758323283
|switch|p1a: Glimmora|Glimmora, M|100/100
|move|p2a: Samurott|Ceaseless Edge|p1a: Glimmora
|-damage|p1a: Glimmora|66/100
|-activate|p1a: Glimmora|ability: Toxic Debris
|-sidestart|p2: KnightKnaveSpy|move: Toxic Spikes
|-sidestart|p1: almighty shiest|Spikes
|-enditem|p1a: Glimmora|Red Card|[of] p2a: Samurott
|drag|p2a: Blaziken|Blaziken, M|100/100
|-status|p2a: Blaziken|psn
|
|-damage|p2a: Blaziken|88/100 psn|[from] psn
|upkeep
|turn|2
|
|t:|1758323297
|move|p2a: Blaziken|Detect|p2a: Blaziken
|-singleturn|p2a: Blaziken|Protect
|move|p1a: Glimmora|Stealth Rock|p2a: Blaziken
|-sidestart|p2: KnightKnaveSpy|move: Stealth Rock
|
|-heal|p2a: Blaziken|94/100 psn|[from] item: Leftovers
|-damage|p2a: Blaziken|82/100 psn|[from] psn
|-ability|p2a: Blaziken|Speed Boost|boost
|-boost|p2a: Blaziken|spe|1
|upkeep
|turn|3
|
|t:|1758323308
|move|p2a: Blaziken|Close Combat|p1a: Glimmora
|-damage|p1a: Glimmora|19/100
|-unboost|p2a: Blaziken|def|1
|-unboost|p2a: Blaziken|spd|1
|-activate|p1a: Glimmora|ability: Toxic Debris
|-sidestart|p2: KnightKnaveSpy|move: Toxic Spikes
|move|p1a: Glimmora|Power Gem|p2a: Blaziken
|-damage|p2a: Blaziken|10/100 psn
|
|-heal|p2a: Blaziken|16/100 psn|[from] item: Leftovers
|-damage|p2a: Blaziken|4/100 psn|[from] psn
|-ability|p2a: Blaziken|Speed Boost|boost
|-boost|p2a: Blaziken|spe|1
|upkeep
|turn|4
|
|t:|1758323322
|move|p2a: Blaziken|Flare Blitz|p1a: Glimmora
|-resisted|p1a: Glimmora
|-damage|p1a: Glimmora|0 fnt
|faint|p1a: Glimmora
|-damage|p2a: Blaziken|0 fnt|[from] Recoil
|faint|p2a: Blaziken
|
|upkeep
|inactive|almighty shiest has 120 seconds left.
|
|t:|1758323365
|switch|p2a: Ogerpon|Ogerpon-Wellspring, F|100/100
|switch|p1a: Ogerpon|Ogerpon-Wellspring, F|100/100
|-damage|p1a: Ogerpon|88/100|[from] Spikes
|-status|p2a: Ogerpon|tox
|-damage|p2a: Ogerpon|88/100 tox|[from] Stealth Rock
|turn|5
|
|t:|1758323374
|move|p1a: Ogerpon|U-turn|p2a: Ogerpon
|-supereffective|p2a: Ogerpon
|-damage|p2a: Ogerpon|13/100 tox
|
|t:|1758323387
|switch|p1a: Dragapult|Dragapult, M|100/100|[from] U-turn
|-damage|p1a: Dragapult|88/100|[from] Spikes
|move|p2a: Ogerpon|Horn Leech|p1a: Dragapult
|-resisted|p1a: Dragapult
|-damage|p1a: Dragapult|57/100
|-heal|p2a: Ogerpon|30/100 tox|[from] drain|[of] p1a: Dragapult
|
|-damage|p2a: Ogerpon|24/100 tox|[from] psn
|upkeep
|turn|6
|
|t:|1758323400
|move|p1a: Dragapult|Dragon Darts|p2a: Ogerpon
|-damage|p2a: Ogerpon|0 fnt
|faint|p2a: Ogerpon
|-damage|p1a: Dragapult|47/100|[from] item: Life Orb
|
|upkeep
|
|t:|1758323404
|switch|p2a: Kingambit|Kingambit, F|100/100
|-damage|p2a: Kingambit|94/100|[from] Stealth Rock
|-activate|p2a: Kingambit|ability: Supreme Overlord
|-start|p2a: Kingambit|fallen2|[silent]
|turn|7
|inactive|almighty shiest has 120 seconds left.
|
|t:|1758323414
|move|p1a: Dragapult|Flamethrower|p2a: Kingambit
|-supereffective|p2a: Kingambit
|-damage|p2a: Kingambit|35/100
|-damage|p1a: Dragapult|37/100|[from] item: Life Orb
|move|p2a: Kingambit|Kowtow Cleave|p1a: Dragapult
|-supereffective|p1a: Dragapult
|-damage|p1a: Dragapult|0 fnt
|faint|p1a: Dragapult
|
|-heal|p2a: Kingambit|41/100|[from] item: Leftovers
|upkeep
|inactive|almighty shiest has 120 seconds left.
|
|t:|1758323430
|switch|p1a: Ogerpon|Ogerpon-Wellspring, F|88/100
|-damage|p1a: Ogerpon|76/100|[from] Spikes
|turn|8
|
|t:|1758323437
|move|p1a: Ogerpon|Ivy Cudgel|p2a: Kingambit|[anim] Ivy Cudgel Water
|-damage|p2a: Kingambit|0 fnt
|faint|p2a: Kingambit
|-end|p2a: Kingambit|fallen2|[silent]
|
|upkeep
|
|t:|1758323441
|switch|p2a: Raging Bolt|Raging Bolt|100/100
|-status|p2a: Raging Bolt|tox
|-damage|p2a: Raging Bolt|88/100 tox|[from] Stealth Rock
|turn|9
|
|t:|1758323448
|move|p1a: Ogerpon|Ivy Cudgel|p2a: Raging Bolt|[anim] Ivy Cudgel Water
|-resisted|p2a: Raging Bolt
|-damage|p2a: Raging Bolt|66/100 tox
|move|p2a: Raging Bolt|Thunderbolt|p1a: Ogerpon
|-damage|p1a: Ogerpon|14/100
|
|-heal|p2a: Raging Bolt|72/100 tox|[from] item: Leftovers
|-damage|p2a: Raging Bolt|66/100 tox|[from] psn
|upkeep
|turn|10
|
|t:|1758323458
|move|p1a: Ogerpon|Spikes|p2a: Raging Bolt
|-sidestart|p2: KnightKnaveSpy|Spikes
|move|p2a: Raging Bolt|Volt Switch|p1a: Ogerpon
|-damage|p1a: Ogerpon|0 fnt
|faint|p1a: Ogerpon
|
|t:|1758323460
|-end|p2a: Raging Bolt|Protosynthesis|[silent]
|switch|p2a: Samurott|Samurott-Hisui, F|100/100|[from] Volt Switch
|-status|p2a: Samurott|tox
|-damage|p2a: Samurott|88/100 tox|[from] Stealth Rock
|-damage|p2a: Samurott|76/100 tox|[from] Spikes
|
|-damage|p2a: Samurott|69/100 tox|[from] psn
|upkeep
|
|t:|1758323472
|switch|p1a: Comfey|Comfey, M|100/100
|-damage|p1a: Comfey|88/100|[from] Spikes
|turn|11
|
|t:|1758323478
|move|p2a: Samurott|Aqua Cutter|p1a: Comfey
|-damage|p1a: Comfey|25/100
|move|p1a: Comfey|Calm Mind|p1a: Comfey
|-boost|p1a: Comfey|spa|1
|-boost|p1a: Comfey|spd|1
|
|-damage|p2a: Samurott|57/100 tox|[from] psn
|upkeep
|turn|12
|-message|KnightKnaveSpy forfeited.
|
|win|almighty shiest
|raw|almighty shiest's rating: 1552 &rarr; <strong>1569</strong><br />(+17 for winning)
|raw|KnightKnaveSpy's rating: 1500 &rarr; <strong>1483</strong><br />(-17 for losing)
|l|☆KnightKnaveSpy
|player|p2|
