|j|☆AnatiosTheHungry
|j|☆Dear umbra
|t:|1758271857
|gametype|singles
|player|p1|AnatiosTheHungry|alder|1126
|player|p2|Dear umbra|giovanni|1122
|gen|9
|tier|[Gen 9] OU
|rated|
|rule|HP Percentage Mod: HP is shown in percentages
|rule|Endless Battle Clause: Forcing endless battles is banned
|rule|Species Clause: Limit one of each Pokémon
|rule|OHKO Clause: OHKO moves are banned
|rule|Evasion Items Clause: Evasion items are banned
|rule|Evasion Moves Clause: Evasion moves are banned
|rule|Evasion Abilities Clause: Evasion abilities are banned
|rule|Sleep Moves Clause: Sleep-inducing moves are banned
|clearpoke
|poke|p1|Goodra-Hisui, F|
|poke|p1|Kingambit, F|
|poke|p1|Garchomp, F|
|poke|p1|Torkoal, F|
|poke|p1|Volcanion|
|poke|p1|Samurott-Hisui, M|
|poke|p2|Glimmora, M|
|poke|p2|Gengar, F|
|poke|p2|Dragalge, F|
|poke|p2|Okidogi, M|
|poke|p2|Clodsire, M|
|poke|p2|Sneasel-Hisui, M|
|teampreview
|inactive|Battle timer is ON: inactive players will automatically lose when time's up. (requested by AnatiosTheHungry)
|
|t:|1758271864
|teamsize|p1|6
|teamsize|p2|6
|start
|switch|p1a: Samurott|Samurott-Hisui, M|100/100
|switch|p2a: Glimmora|Glimmora, M|100/100
|turn|1
|
|t:|1758271874
|move|p2a: Glimmora|Stealth Rock|p1a: Samurott
|-sidestart|p1: AnatiosTheHungry|move: Stealth Rock
|move|p1a: Samurott|Swords Dance|p1a: Samurott
|-boost|p1a: Samurott|atk|2
|
|upkeep
|turn|2
|
|t:|1758271883
|move|p2a: Glimmora|Earth Power|p1a: Samurott
|-damage|p1a: Samurott|52/100
|move|p1a: Samurott|Ceaseless Edge|p2a: Glimmora|[miss]
|-miss|p1a: Samurott|p2a: Glimmora
|
|upkeep
|turn|3
|
|t:|1758271892
|move|p2a: Glimmora|Earth Power|p1a: Samurott
|-damage|p1a: Samurott|5/100
|move|p1a: Samurott|Ceaseless Edge|p2a: Glimmora
|-enditem|p2a: Glimmora|Focus Sash
|-damage|p2a: Glimmora|1/100
|-activate|p2a: Glimmora|ability: Toxic Debris
|-sidestart|p1: AnatiosTheHungry|move: Toxic Spikes
|-sidestart|p2: Dear umbra|Spikes
|
|upkeep
|turn|4
|
|t:|1758271901
|move|p1a: Samurott|Aqua Jet|p2a: Glimmora
|-supereffective|p2a: Glimmora
|-damage|p2a: Glimmora|0 fnt
|-activate|p2a: Glimmora|ability: Toxic Debris
|-sidestart|p1: AnatiosTheHungry|move: Toxic Spikes
|faint|p2a: Glimmora
|
|upkeep
|
|t:|1758271912
|switch|p2a: Clodsire|Clodsire, M|100/100
|turn|5
|
|t:|1758271924
|move|p1a: Samurott|Ceaseless Edge|p2a: Clodsire
|-damage|p2a: Clodsire|0 fnt
|-sidestart|p2: Dear umbra|Spikes
|faint|p2a: Clodsire
|
|upkeep
|
|t:|1758271933
|switch|p2a: Sneasel|Sneasel-Hisui, M|100/100
|-damage|p2a: Sneasel|84/100|[from] Spikes
|turn|6
|
|t:|1758271940
|move|p1a: Samurott|Aqua Jet|p2a: Sneasel
|-damage|p2a: Sneasel|27/100
|move|p2a: Sneasel|Throat Chop|p1a: Samurott
|-resisted|p1a: Samurott
|-damage|p1a: Samurott|0 fnt
|faint|p1a: Samurott
|
|upkeep
|
|t:|1758271946
|switch|p1a: Torkoal|Torkoal, F|100/100
|-weather|SunnyDay|[from] ability: Drought|[of] p1a: Torkoal
|turn|7
|
|t:|1758271952
|move|p2a: Sneasel|Gunk Shot|p1a: Torkoal
|-damage|p1a: Torkoal|65/100
|move|p1a: Torkoal|Rapid Spin|p2a: Sneasel
|-damage|p2a: Sneasel|7/100
|-boost|p1a: Torkoal|spe|1
|-sideend|p1: AnatiosTheHungry|Toxic Spikes|[from] move: Rapid Spin|[of] p1a: Torkoal
|-sideend|p1: AnatiosTheHungry|Stealth Rock|[from] move: Rapid Spin|[of] p1a: Torkoal
|
|-weather|SunnyDay|[upkeep]
|upkeep
|turn|8
|
|t:|1758271962
|move|p2a: Sneasel|Gunk Shot|p1a: Torkoal
|-damage|p1a: Torkoal|30/100
|-status|p1a: Torkoal|psn
|move|p1a: Torkoal|Earthquake|p2a: Sneasel
|-supereffective|p2a: Sneasel
|-damage|p2a: Sneasel|0 fnt
|faint|p2a: Sneasel
|
|-weather|SunnyDay|[upkeep]
|-damage|p1a: Torkoal|17/100 psn|[from] psn
|upkeep
|
|t:|1758271971
|switch|p2a: Gengar|Gengar, F|100/100
|-damage|p2a: Gengar|84/100|[from] Spikes
|turn|9
|
|t:|1758271975
|move|p2a: Gengar|Shadow Ball|p1a: Torkoal
|-damage|p1a: Torkoal|0 fnt
|faint|p1a: Torkoal
|-damage|p2a: Gengar|74/100|[from] item: Life Orb
|
|-weather|SunnyDay|[upkeep]
|upkeep
|
|t:|1758271982
|switch|p1a: Garchomp|Garchomp, F|100/100
|turn|10
|
|t:|1758271986
|move|p2a: Gengar|Dazzling Gleam|p1a: Garchomp
|-supereffective|p1a: Garchomp
|-damage|p1a: Garchomp|23/100
|-damage|p2a: Gengar|64/100|[from] item: Life Orb
|move|p1a: Garchomp|Swords Dance|p1a: Garchomp
|-boost|p1a: Garchomp|atk|2
|
|-weather|SunnyDay|[upkeep]
|upkeep
|turn|11
|
|t:|1758271994
|move|p2a: Gengar|Dazzling Gleam|p1a: Garchomp
|-supereffective|p1a: Garchomp
|-damage|p1a: Garchomp|0 fnt
|faint|p1a: Garchomp
|-damage|p2a: Gengar|54/100|[from] item: Life Orb
|
|-weather|none
|upkeep
|
|t:|1758272000
|switch|p1a: IgnisKai|Volcanion|100/100
|turn|12
|
|t:|1758272003
|move|p2a: Gengar|Thunderbolt|p1a: IgnisKai
|-supereffective|p1a: IgnisKai
|-damage|p1a: IgnisKai|24/100
|-status|p1a: IgnisKai|par
|-damage|p2a: Gengar|44/100|[from] item: Life Orb
|move|p1a: IgnisKai|Earthquake|p2a: Gengar
|-supereffective|p2a: Gengar
|-damage|p2a: Gengar|0 fnt
|-start|p1a: IgnisKai|Disable|Earthquake|[from] ability: Cursed Body|[of] p2a: Gengar
|faint|p2a: Gengar
|
|upkeep
|
|t:|1758272010
|switch|p2a: Okidogi|Okidogi, M|100/100
|-damage|p2a: Okidogi|84/100|[from] Spikes
|turn|13
|
|t:|1758272019
|move|p2a: Okidogi|Knock Off|p1a: IgnisKai
|-crit|p1a: IgnisKai
|-damage|p1a: IgnisKai|0 fnt
|-enditem|p1a: IgnisKai|Focus Sash|[from] move: Knock Off|[of] p2a: Okidogi
|faint|p1a: IgnisKai
|
|upkeep
|
|t:|1758272024
|switch|p1a: Morbus Draconis|Goodra-Hisui, F|100/100
|turn|14
|
|t:|1758272029
|move|p2a: Okidogi|Knock Off|p1a: Morbus Draconis
|-damage|p1a: Morbus Draconis|66/100
|-enditem|p1a: Morbus Draconis|Wise Glasses|[from] move: Knock Off|[of] p2a: Okidogi
|move|p1a: Morbus Draconis|Earthquake|p2a: Okidogi
|-supereffective|p2a: Okidogi
|-damage|p2a: Okidogi|48/100
|
|upkeep
|turn|15
|
|t:|1758272036
|move|p2a: Okidogi|Drain Punch|p1a: Morbus Draconis
|-supereffective|p1a: Morbus Draconis
|-damage|p1a: Morbus Draconis|0 fnt
|-heal|p2a: Okidogi|79/100|[from] drain|[of] p1a: Morbus Draconis
|faint|p1a: Morbus Draconis
|
|upkeep
|
|t:|1758272042
|switch|p1a: Kingambit|Kingambit, F|100/100
|-activate|p1a: Kingambit|ability: Supreme Overlord
|-start|p1a: Kingambit|fallen5|[silent]
|turn|16
|
|t:|1758272047
|move|p1a: Kingambit|Sucker Punch|p2a: Okidogi
|-resisted|p2a: Okidogi
|-damage|p2a: Okidogi|52/100
|move|p2a: Okidogi|Drain Punch|p1a: Kingambit
|-supereffective|p1a: Kingambit
|-damage|p1a: Kingambit|0 fnt
|-heal|p2a: Okidogi|100/100|[from] drain|[of] p1a: Kingambit
|faint|p1a: Kingambit
|-end|p1a: Kingambit|fallen5|[silent]
|
|win|Dear umbra
|raw|AnatiosTheHungry's rating: 1126 &rarr; <strong>1101</strong><br />(-25 for losing)
|raw|Dear umbra's rating: 1122 &rarr; <strong>1147</strong><br />(+25 for winning)
|l|☆Dear umbra
|player|p2|
|l|☆AnatiosTheHungry
|player|p1|
