|j|☆luca1996
|j|☆anewajou
|t:|1758312432
|gametype|singles
|player|p1|luca1996|boarder|1357
|player|p2|anewajou|265|1380
|gen|9
|tier|[Gen 9] OU
|rated|
|rule|HP Percentage Mod: HP is shown in percentages
|rule|Endless Battle Clause: Forcing endless battles is banned
|rule|Species Clause: Limit one of each Pokémon
|rule|OHKO Clause: OHKO moves are banned
|rule|Evasion Items Clause: Evasion items are banned
|rule|Evasion Moves Clause: Evasion moves are banned
|rule|Evasion Abilities Clause: Evasion abilities are banned
|rule|Sleep Moves Clause: Sleep-inducing moves are banned
|clearpoke
|poke|p1|Sinistcha-Masterpiece|
|poke|p1|Glimmora, M|
|poke|p1|Dragonite, M|
|poke|p1|Decidueye-Hisui, M|
|poke|p1|Iron Valiant|
|poke|p1|Meowscarada, M|
|poke|p2|Tornadus-Therian, M|
|poke|p2|Goodra-Hisui, M|
|poke|p2|Ursaluna, F|
|poke|p2|Weezing-Galar, M|
|poke|p2|Diancie|
|poke|p2|Meowscarada, F|
|teampreview
|inactive|Battle timer is ON: inactive players will automatically lose when time's up. (requested by luca1996)
|
|t:|1758312452
|teamsize|p1|6
|teamsize|p2|6
|start
|switch|p1a: Decidueye|Decidueye-Hisui, M|100/100
|switch|p2a: Goodra|Goodra-Hisui, M|100/100
|turn|1
|
|t:|1758312461
|switch|p2a: Weezing|Weezing-Galar, M|100/100
|move|p1a: Decidueye|Triple Arrows|p2a: Weezing
|-resisted|p2a: Weezing
|-damage|p2a: Weezing|88/100
|-unboost|p2a: Weezing|def|1
|-damage|p1a: Decidueye|90/100|[from] item: Life Orb
|
|upkeep
|turn|2
|
|t:|1758312472
|switch|p1a: Glimmora|Glimmora, M|100/100
|move|p2a: Weezing|Toxic Spikes|p1a: Glimmora
|-sidestart|p1: luca1996|move: Toxic Spikes
|
|upkeep
|turn|3
|
|t:|1758312475
|switch|p2a: Goodra|Goodra-Hisui, M|100/100
|move|p1a: Glimmora|Earth Power|p2a: Goodra
|-supereffective|p2a: Goodra
|-damage|p2a: Goodra|79/100
|
|upkeep
|turn|4
|
|t:|1758312481
|move|p1a: Glimmora|Earth Power|p2a: Goodra
|-supereffective|p2a: Goodra
|-damage|p2a: Goodra|59/100
|move|p2a: Goodra|Heavy Slam|p1a: Glimmora
|-supereffective|p1a: Glimmora
|-damage|p1a: Glimmora|3/100
|-activate|p1a: Glimmora|ability: Toxic Debris
|-sidestart|p2: anewajou|move: Toxic Spikes
|
|upkeep
|turn|5
|
|t:|1758312489
|move|p1a: Glimmora|Stealth Rock|p2a: Goodra
|-sidestart|p2: anewajou|move: Stealth Rock
|move|p2a: Goodra|Knock Off|p1a: Glimmora
|-damage|p1a: Glimmora|0 fnt
|-activate|p1a: Glimmora|ability: Toxic Debris
|-sidestart|p2: anewajou|move: Toxic Spikes
|-enditem|p1a: Glimmora|Focus Sash|[from] move: Knock Off|[of] p2a: Goodra
|faint|p1a: Glimmora
|
|upkeep
|inactive|luca1996 has 120 seconds left.
|
|t:|1758312530
|switch|p1a: Sinistcha|Sinistcha-Masterpiece|100/100
|-status|p1a: Sinistcha|psn
|turn|6
|
|t:|1758312550
|move|p1a: Sinistcha|Calm Mind|p1a: Sinistcha
|-boost|p1a: Sinistcha|spa|1
|-boost|p1a: Sinistcha|spd|1
|move|p2a: Goodra|Heavy Slam|p1a: Sinistcha
|-damage|p1a: Sinistcha|51/100 psn
|
|-heal|p1a: Sinistcha|57/100 psn|[from] item: Leftovers
|-damage|p1a: Sinistcha|44/100 psn|[from] psn
|upkeep
|turn|7
|
|t:|1758312555
|move|p1a: Sinistcha|Strength Sap|p2a: Goodra
|-ability|p2a: Goodra|Sap Sipper|boost
|-boost|p2a: Goodra|atk|1
|move|p2a: Goodra|Knock Off|p1a: Sinistcha
|-supereffective|p1a: Sinistcha
|-damage|p1a: Sinistcha|0 fnt
|-enditem|p1a: Sinistcha|Leftovers|[from] move: Knock Off|[of] p2a: Goodra
|faint|p1a: Sinistcha
|
|upkeep
|
|t:|1758312561
|switch|p1a: Dragonite|Dragonite, M|100/100
|turn|8
|
|t:|1758312565
|move|p1a: Dragonite|Earthquake|p2a: Goodra
|-supereffective|p2a: Goodra
|-damage|p2a: Goodra|0 fnt
|faint|p2a: Goodra
|
|upkeep
|
|t:|1758312569
|switch|p2a: Weezing|Weezing-Galar, M|88/100
|-damage|p2a: Weezing|75/100|[from] Stealth Rock
|turn|9
|inactive|luca1996 has 120 seconds left.
|
|t:|1758312602
|move|p1a: Dragonite|Earthquake|p2a: Weezing
|-immune|p2a: Weezing|[from] ability: Levitate
|move|p2a: Weezing|Defog|p1a: Dragonite
|-unboost|p1a: Dragonite|evasion|1
|-sideend|p1: luca1996|Toxic Spikes|[from] move: Defog|[of] p2a: Weezing
|-sideend|p2: anewajou|Toxic Spikes|[from] move: Defog|[of] p2a: Weezing
|-sideend|p2: anewajou|Stealth Rock|[from] move: Defog|[of] p2a: Weezing
|
|upkeep
|turn|10
|inactive|luca1996 has 120 seconds left.
|
|t:|1758312627
|switch|p1a: Decidueye|Decidueye-Hisui, M|90/100
|move|p2a: Weezing|Toxic Spikes|p1a: Decidueye
|-sidestart|p1: luca1996|move: Toxic Spikes
|
|upkeep
|turn|11
|
|t:|1758312633
|switch|p2a: Tornadus|Tornadus-Therian, M|100/100
|move|p1a: Decidueye|Swords Dance|p1a: Decidueye
|-boost|p1a: Decidueye|atk|2
|
|upkeep
|turn|12
|inactive|luca1996 has 120 seconds left.
|
|t:|1758312654
|move|p2a: Tornadus|Bleakwind Storm|p1a: Decidueye|[miss]
|-miss|p2a: Tornadus|p1a: Decidueye
|move|p1a: Decidueye|Triple Arrows|p2a: Tornadus
|-resisted|p2a: Tornadus
|-damage|p2a: Tornadus|26/100
|-damage|p1a: Decidueye|80/100|[from] item: Life Orb
|
|upkeep
|turn|13
|
|t:|1758312661
|move|p1a: Decidueye|Sucker Punch|p2a: Tornadus
|-damage|p2a: Tornadus|0 fnt
|faint|p2a: Tornadus
|-damage|p1a: Decidueye|70/100|[from] item: Life Orb
|
|upkeep
|
|t:|1758312668
|switch|p2a: Weezing|Weezing-Galar, M|75/100
|turn|14
|
|t:|1758312675
|move|p2a: Weezing|Flamethrower|p1a: Decidueye
|-supereffective|p1a: Decidueye
|-damage|p1a: Decidueye|33/100
|move|p1a: Decidueye|Triple Arrows|p2a: Weezing
|-resisted|p2a: Weezing
|-damage|p2a: Weezing|50/100
|-unboost|p2a: Weezing|def|1
|-damage|p1a: Decidueye|23/100|[from] item: Life Orb
|
|upkeep
|turn|15
|
|t:|1758312681
|move|p1a: Decidueye|Triple Arrows|p2a: Weezing
|-resisted|p2a: Weezing
|-damage|p2a: Weezing|13/100
|-unboost|p2a: Weezing|def|1
|-damage|p1a: Decidueye|13/100|[from] item: Life Orb
|move|p2a: Weezing|Flamethrower|p1a: Decidueye
|-supereffective|p1a: Decidueye
|-damage|p1a: Decidueye|0 fnt
|faint|p1a: Decidueye
|
|upkeep
|
|t:|1758312689
|switch|p1a: Iron Valiant|Iron Valiant|100/100
|-status|p1a: Iron Valiant|psn
|-enditem|p1a: Iron Valiant|Booster Energy
|-activate|p1a: Iron Valiant|ability: Quark Drive|[fromitem]
|-start|p1a: Iron Valiant|quarkdrivespe
|turn|16
|
|t:|1758312691
|move|p1a: Iron Valiant|Moonblast|p2a: Weezing
|-resisted|p2a: Weezing
|-damage|p2a: Weezing|0 fnt
|faint|p2a: Weezing
|
|-damage|p1a: Iron Valiant|88/100 psn|[from] psn
|upkeep
|
|t:|1758312702
|switch|p2a: Diancie|Diancie|100/100
|-item|p2a: Diancie|Air Balloon
|turn|17
|
|t:|1758312707
|move|p1a: Iron Valiant|Calm Mind|p1a: Iron Valiant
|-boost|p1a: Iron Valiant|spa|1
|-boost|p1a: Iron Valiant|spd|1
|move|p2a: Diancie|Trick Room|p2a: Diancie
|-fieldstart|move: Trick Room|[of] p2a: Diancie
|
|-damage|p1a: Iron Valiant|76/100 psn|[from] psn
|upkeep
|turn|18
|
|t:|1758312720
|switch|p2a: Meowscarada|Meowscarada, F|100/100
|move|p1a: Iron Valiant|Moonblast|p2a: Meowscarada
|-supereffective|p2a: Meowscarada
|-damage|p2a: Meowscarada|0 fnt
|faint|p2a: Meowscarada
|
|-damage|p1a: Iron Valiant|63/100 psn|[from] psn
|upkeep
|
|t:|1758312722
|switch|p2a: Ursaluna|Ursaluna, F|100/100
|turn|19
|
|t:|1758312743
|move|p2a: Ursaluna|Headlong Rush|p1a: Iron Valiant
|-damage|p1a: Iron Valiant|0 fnt
|-unboost|p2a: Ursaluna|def|1
|-unboost|p2a: Ursaluna|spd|1
|faint|p1a: Iron Valiant
|-end|p1a: Iron Valiant|Quark Drive|[silent]
|
|upkeep
|
|t:|1758312746
|switch|p1a: Dragonite|Dragonite, M|100/100
|turn|20
|
|t:|1758312750
|move|p2a: Ursaluna|Ice Punch|p1a: Dragonite
|-supereffective|p1a: Dragonite
|-damage|p1a: Dragonite|21/100
|move|p1a: Dragonite|Ice Punch|p2a: Ursaluna
|-supereffective|p2a: Ursaluna
|-damage|p2a: Ursaluna|33/100
|
|upkeep
|turn|21
|
|t:|1758312756
|move|p1a: Dragonite|Extreme Speed|p2a: Ursaluna
|-damage|p2a: Ursaluna|0 fnt
|faint|p2a: Ursaluna
|
|-fieldend|move: Trick Room
|upkeep
|
|t:|1758312758
|switch|p2a: Diancie|Diancie|100/100
|-item|p2a: Diancie|Air Balloon
|turn|22
|
|t:|1758312766
|move|p1a: Dragonite|Ice Punch|p2a: Diancie
|-damage|p2a: Diancie|75/100
|-enditem|p2a: Diancie|Air Balloon
|move|p2a: Diancie|Trick Room|p2a: Diancie
|-fieldstart|move: Trick Room|[of] p2a: Diancie
|
|upkeep
|turn|23
|
|t:|1758312769
|move|p2a: Diancie|Diamond Storm|p1a: Dragonite
|-supereffective|p1a: Dragonite
|-damage|p1a: Dragonite|0 fnt
|-boost|p2a: Diancie|def|2
|faint|p1a: Dragonite
|
|upkeep
|
|t:|1758312770
|switch|p1a: Meowscarada|Meowscarada, M|100/100
|-status|p1a: Meowscarada|psn
|turn|24
|c|☆luca1996|gg
|
|t:|1758312775
|-terastallize|p2a: Diancie|Fighting
|-terastallize|p1a: Meowscarada|Grass
|move|p2a: Diancie|Body Press|p1a: Meowscarada
|-damage|p1a: Meowscarada|0 fnt
|faint|p1a: Meowscarada
|
|win|anewajou
|raw|luca1996's rating: 1357 &rarr; <strong>1338</strong><br />(-19 for losing)
|raw|anewajou's rating: 1380 &rarr; <strong>1399</strong><br />(+19 for winning)
