|j|☆hiatus1213
|j|☆Johnytt
|t:|1758308184
|gametype|singles
|player|p1|hiatus1213|burglar|1285
|player|p2|Johnytt|170|1295
|gen|9
|tier|[Gen 9] OU
|rated|
|rule|HP Percentage Mod: HP is shown in percentages
|rule|Endless Battle Clause: Forcing endless battles is banned
|rule|Species Clause: Limit one of each Pokémon
|rule|OHKO Clause: OHKO moves are banned
|rule|Evasion Items Clause: Evasion items are banned
|rule|Evasion Moves Clause: Evasion moves are banned
|rule|Evasion Abilities Clause: Evasion abilities are banned
|rule|Sleep Moves Clause: Sleep-inducing moves are banned
|clearpoke
|poke|p1|Slowking-Galar, F|
|poke|p1|Alomomola, F|
|poke|p1|Cinderace, M|
|poke|p1|Thundurus-Therian, M|
|poke|p1|Iron Valiant|
|poke|p1|Kingambit, M|
|poke|p2|Samurott-Hisui, M|
|poke|p2|Sinistcha|
|poke|p2|Landorus-Therian, M|
|poke|p2|Hydreigon, M|
|poke|p2|Tinkaton, F|
|poke|p2|Moltres|
|teampreview
|inactive|Battle timer is ON: inactive players will automatically lose when time's up. (requested by hiatus1213)
|
|t:|1758308207
|teamsize|p1|6
|teamsize|p2|6
|start
|switch|p1a: Thundurus|Thundurus-Therian, M|100/100
|switch|p2a: Tinkaton|Tinkaton, F|100/100
|-item|p2a: Tinkaton|Air Balloon
|turn|1
|
|t:|1758308212
|move|p1a: Thundurus|Dark Pulse|p2a: Tinkaton
|-resisted|p2a: Tinkaton
|-damage|p2a: Tinkaton|76/100
|-enditem|p2a: Tinkaton|Air Balloon
|move|p2a: Tinkaton|Encore|p1a: Thundurus
|-start|p1a: Thundurus|Encore
|
|upkeep
|turn|2
|
|t:|1758308221
|switch|p1a: Cinderace|Cinderace, M|100/100
|move|p2a: Tinkaton|Stealth Rock|p1a: Cinderace
|-sidestart|p1: hiatus1213|move: Stealth Rock
|
|upkeep
|turn|3
|
|t:|1758308225
|switch|p2a: Moltres|Moltres|100/100
|move|p1a: Cinderace|Will-O-Wisp|p2a: Moltres|[miss]
|-miss|p1a: Cinderace|p2a: Moltres
|
|upkeep
|turn|4
|
|t:|1758308229
|move|p1a: Cinderace|Court Change|p1a: Cinderace
|-start|p1a: Cinderace|typechange|Normal|[from] ability: Libero
|-swapsideconditions
|-activate|p1a: Cinderace|move: Court Change
|move|p2a: Moltres|Scorching Sands|p1a: Cinderace
|-damage|p1a: Cinderace|66/100
|-status|p1a: Cinderace|brn
|
|-damage|p1a: Cinderace|60/100 brn|[from] brn
|upkeep
|turn|5
|
|t:|1758308235
|move|p1a: Cinderace|U-turn|p2a: Moltres
|-resisted|p2a: Moltres
|-damage|p2a: Moltres|98/100
|
|t:|1758308241
|switch|p1a: Slowking|Slowking-Galar, F|100/100|[from] U-turn
|move|p2a: Moltres|U-turn|p1a: Slowking
|-damage|p1a: Slowking|86/100
|
|t:|1758308252
|switch|p2a: Landorus|Landorus-Therian, M|100/100|[from] U-turn
|-damage|p2a: Landorus|88/100|[from] Stealth Rock
|-ability|p2a: Landorus|Intimidate|boost
|-unboost|p1a: Slowking|atk|1
|
|-heal|p1a: Slowking|92/100|[from] item: Black Sludge
|upkeep
|turn|6
|
|t:|1758308262
|switch|p1a: Alomomola|Alomomola, F|100/100
|move|p2a: Landorus|U-turn|p1a: Alomomola
|-damage|p1a: Alomomola|82/100
|-damage|p2a: Landorus|72/100|[from] item: Rocky Helmet|[of] p1a: Alomomola
|
|t:|1758308267
|switch|p2a: Sinistcha|Sinistcha|100/100|[from] U-turn
|
|upkeep
|turn|7
|
|t:|1758308269
|move|p2a: Sinistcha|Calm Mind|p2a: Sinistcha
|-boost|p2a: Sinistcha|spa|1
|-boost|p2a: Sinistcha|spd|1
|move|p1a: Alomomola|Flip Turn|p2a: Sinistcha
|-resisted|p2a: Sinistcha
|-damage|p2a: Sinistcha|94/100
|
|t:|1758308273
|switch|p1a: Slowking|Slowking-Galar, F|100/100|[from] Flip Turn
|
|upkeep
|turn|8
|
|t:|1758308281
|move|p2a: Sinistcha|Calm Mind|p2a: Sinistcha
|-boost|p2a: Sinistcha|spa|1
|-boost|p2a: Sinistcha|spd|1
|move|p1a: Slowking|Future Sight|p2a: Sinistcha
|-start|p1a: Slowking|move: Future Sight
|
|upkeep
|turn|9
|
|t:|1758308287
|move|p2a: Sinistcha|Shadow Ball|p1a: Slowking
|-supereffective|p1a: Slowking
|-damage|p1a: Slowking|2/100
|move|p1a: Slowking|Sludge Bomb|p2a: Sinistcha
|-damage|p2a: Sinistcha|71/100
|
|-heal|p1a: Slowking|8/100|[from] item: Black Sludge
|upkeep
|turn|10
|
|t:|1758308297
|switch|p1a: Kingambit|Kingambit, M|100/100
|-item|p1a: Kingambit|Air Balloon
|move|p2a: Sinistcha|Calm Mind|p2a: Sinistcha
|-boost|p2a: Sinistcha|spa|1
|-boost|p2a: Sinistcha|spd|1
|
|-end|p2a: Sinistcha|move: Future Sight
|-damage|p2a: Sinistcha|43/100
|upkeep
|turn|11
|
|t:|1758308303
|move|p2a: Sinistcha|Strength Sap|p1a: Kingambit
|-unboost|p1a: Kingambit|atk|1
|-heal|p2a: Sinistcha|100/100
|move|p1a: Kingambit|Kowtow Cleave|p2a: Sinistcha
|-supereffective|p2a: Sinistcha
|-damage|p2a: Sinistcha|39/100
|
|upkeep
|turn|12
|
|t:|1758308311
|move|p2a: Sinistcha|Strength Sap|p1a: Kingambit
|-unboost|p1a: Kingambit|atk|1
|-heal|p2a: Sinistcha|100/100
|move|p1a: Kingambit|Swords Dance|p1a: Kingambit
|-boost|p1a: Kingambit|atk|2
|
|upkeep
|turn|13
|
|t:|1758308315
|move|p2a: Sinistcha|Matcha Gotcha|p1a: Kingambit
|-resisted|p1a: Kingambit
|-damage|p1a: Kingambit|53/100
|-enditem|p1a: Kingambit|Air Balloon
|move|p1a: Kingambit|Swords Dance|p1a: Kingambit
|-boost|p1a: Kingambit|atk|2
|
|upkeep
|turn|14
|
|t:|1758308322
|move|p2a: Sinistcha|Strength Sap|p1a: Kingambit
|-unboost|p1a: Kingambit|atk|1
|move|p1a: Kingambit|Kowtow Cleave|p2a: Sinistcha
|-supereffective|p2a: Sinistcha
|-damage|p2a: Sinistcha|0 fnt
|faint|p2a: Sinistcha
|
|upkeep
|
|t:|1758308331
|switch|p2a: Moltres|Moltres|98/100
|turn|15
|
|t:|1758308335
|-end|p1a: Kingambit|fallenundefined|[silent]
|switch|p1a: Alomomola|Alomomola, F|100/100
|move|p2a: Moltres|Flamethrower|p1a: Alomomola
|-resisted|p1a: Alomomola
|-damage|p1a: Alomomola|83/100
|
|upkeep
|turn|16
|
|t:|1758308342
|move|p2a: Moltres|U-turn|p1a: Alomomola
|-damage|p1a: Alomomola|74/100
|-damage|p2a: Moltres|81/100|[from] item: Rocky Helmet|[of] p1a: Alomomola
|
|t:|1758308344
|switch|p2a: Tinkaton|Tinkaton, F|76/100|[from] U-turn
|-damage|p2a: Tinkaton|70/100|[from] Stealth Rock
|move|p1a: Alomomola|Wish|p1a: Alomomola
|
|upkeep
|turn|17
|
|t:|1758308346
|move|p2a: Tinkaton|Stealth Rock|p1a: Alomomola
|-sidestart|p1: hiatus1213|move: Stealth Rock
|move|p1a: Alomomola|Flip Turn|p2a: Tinkaton
|-damage|p2a: Tinkaton|48/100
|-enditem|p1a: Alomomola|Rocky Helmet|[silent]|[from] ability: Pickpocket|[of] p1a: Alomomola
|-item|p2a: Tinkaton|Rocky Helmet|[from] ability: Pickpocket|[of] p1a: Alomomola
|
|t:|1758308375
|switch|p1a: Slowking|Slowking-Galar, F|41/100|[from] Flip Turn
|-damage|p1a: Slowking|28/100|[from] Stealth Rock
|
|-heal|p1a: Slowking|88/100|[from] move: Wish|[wisher] Alomomola
|-heal|p1a: Slowking|94/100|[from] item: Black Sludge
|upkeep
|turn|18
|
|t:|1758308386
|move|p2a: Tinkaton|Gigaton Hammer|p1a: Slowking
|-damage|p1a: Slowking|28/100
|-prepare|p1a: Slowking|Chilly Reception|[premajor]
|move|p1a: Slowking|Chilly Reception|p1a: Slowking
|-weather|Snowscape
|
|t:|1758308393
|switch|p1a: Thundurus|Thundurus-Therian, M|100/100|[from] Chilly Reception
|-damage|p1a: Thundurus|75/100|[from] Stealth Rock
|
|-weather|Snowscape|[upkeep]
|upkeep
|turn|19
|
|t:|1758308399
|move|p1a: Thundurus|Weather Ball|p2a: Tinkaton
|-resisted|p2a: Tinkaton
|-damage|p2a: Tinkaton|14/100
|move|p2a: Tinkaton|Encore|p1a: Thundurus
|-start|p1a: Thundurus|Encore
|
|-weather|Snowscape|[upkeep]
|upkeep
|turn|20
|
|t:|1758308405
|move|p1a: Thundurus|Weather Ball|p2a: Tinkaton
|-resisted|p2a: Tinkaton
|-damage|p2a: Tinkaton|0 fnt
|faint|p2a: Tinkaton
|
|-weather|Snowscape|[upkeep]
|upkeep
|
|t:|1758308410
|switch|p2a: Samurott|Samurott-Hisui, M|100/100
|-damage|p2a: Samurott|88/100|[from] Stealth Rock
|turn|21
|
|t:|1758308414
|switch|p1a: Alomomola|Alomomola, F|100/100
|-damage|p1a: Alomomola|88/100|[from] Stealth Rock
|move|p2a: Samurott|Aqua Cutter|p1a: Alomomola
|-resisted|p1a: Alomomola
|-damage|p1a: Alomomola|71/100
|
|-weather|Snowscape|[upkeep]
|upkeep
|turn|22
|
|t:|1758308420
|switch|p2a: Moltres|Moltres|81/100
|move|p1a: Alomomola|Wish|p1a: Alomomola
|
|-weather|none
|upkeep
|turn|23
|
|t:|1758308424
|move|p2a: Moltres|U-turn|p1a: Alomomola
|-damage|p1a: Alomomola|62/100
|
|t:|1758308426
|switch|p2a: Landorus|Landorus-Therian, M|72/100|[from] U-turn
|-damage|p2a: Landorus|59/100|[from] Stealth Rock
|-ability|p2a: Landorus|Intimidate|boost
|-unboost|p1a: Alomomola|atk|1
|move|p1a: Alomomola|Flip Turn|p2a: Landorus
|-supereffective|p2a: Landorus
|-damage|p2a: Landorus|35/100
|inactive|hiatus1213 has 120 seconds left.
|
|t:|1758308469
|switch|p1a: Cinderace|Cinderace, M|60/100 brn|[from] Flip Turn
|
|-heal|p1a: Cinderace|100/100 brn|[from] move: Wish|[wisher] Alomomola
|-damage|p1a: Cinderace|95/100 brn|[from] brn
|upkeep
|turn|24
|
|t:|1758308475
|move|p2a: Landorus|Earthquake|p1a: Cinderace
|-supereffective|p1a: Cinderace
|-damage|p1a: Cinderace|0 fnt
|faint|p1a: Cinderace
|
|upkeep
|
|t:|1758308483
|switch|p1a: Alomomola|Alomomola, F|95/100
|-damage|p1a: Alomomola|82/100|[from] Stealth Rock
|turn|25
|
|t:|1758308485
|switch|p2a: Moltres|Moltres|81/100
|move|p1a: Alomomola|Wish|p1a: Alomomola
|
|upkeep
|turn|26
|
|t:|1758308487
|move|p2a: Moltres|Roost|p2a: Moltres
|-heal|p2a: Moltres|100/100
|-singleturn|p2a: Moltres|move: Roost
|move|p1a: Alomomola|Flip Turn|p2a: Moltres
|-supereffective|p2a: Moltres
|-damage|p2a: Moltres|73/100
|
|t:|1758308497
|switch|p1a: Slowking|Slowking-Galar, F|61/100|[from] Flip Turn
|-damage|p1a: Slowking|49/100|[from] Stealth Rock
|
|-heal|p1a: Slowking|100/100|[from] move: Wish|[wisher] Alomomola
|upkeep
|turn|27
|
|t:|1758308504
|move|p2a: Moltres|U-turn|p1a: Slowking
|-damage|p1a: Slowking|86/100
|
|t:|1758308506
|switch|p2a: Samurott|Samurott-Hisui, M|88/100|[from] U-turn
|-damage|p2a: Samurott|76/100|[from] Stealth Rock
|-prepare|p1a: Slowking|Chilly Reception|[premajor]
|move|p1a: Slowking|Chilly Reception|p1a: Slowking
|-weather|Snowscape
|
|t:|1758308520
|switch|p1a: Thundurus|Thundurus-Therian, M|75/100|[from] Chilly Reception
|-damage|p1a: Thundurus|50/100|[from] Stealth Rock
|
|-weather|Snowscape|[upkeep]
|upkeep
|turn|28
|
|t:|1758308526
|move|p2a: Samurott|Ceaseless Edge|p1a: Thundurus
|-damage|p1a: Thundurus|0 fnt
|-sidestart|p1: hiatus1213|Spikes
|faint|p1a: Thundurus
|
|-weather|Snowscape|[upkeep]
|upkeep
|
|t:|1758308533
|switch|p1a: Iron Valiant|Iron Valiant|100/100
|-damage|p1a: Iron Valiant|94/100|[from] Stealth Rock
|-damage|p1a: Iron Valiant|82/100|[from] Spikes
|-enditem|p1a: Iron Valiant|Booster Energy
|-activate|p1a: Iron Valiant|ability: Quark Drive|[fromitem]
|-start|p1a: Iron Valiant|quarkdrivespe
|turn|29
|
|t:|1758308538
|switch|p2a: Moltres|Moltres|73/100
|move|p1a: Iron Valiant|Moonblast|p2a: Moltres
|-resisted|p2a: Moltres
|-damage|p2a: Moltres|53/100
|
|-weather|Snowscape|[upkeep]
|upkeep
|turn|30
|
|t:|1758308552
|move|p1a: Iron Valiant|Knock Off|p2a: Moltres
|-damage|p2a: Moltres|22/100
|-status|p1a: Iron Valiant|brn|[from] ability: Flame Body|[of] p2a: Moltres
|-enditem|p2a: Moltres|Heavy-Duty Boots|[from] move: Knock Off|[of] p1a: Iron Valiant
|move|p2a: Moltres|Roost|p2a: Moltres
|-heal|p2a: Moltres|72/100
|-singleturn|p2a: Moltres|move: Roost
|
|-weather|Snowscape|[upkeep]
|-damage|p1a: Iron Valiant|76/100 brn|[from] brn
|upkeep
|turn|31
|
|t:|1758308563
|move|p1a: Iron Valiant|Moonblast|p2a: Moltres
|-resisted|p2a: Moltres
|-crit|p2a: Moltres
|-damage|p2a: Moltres|43/100
|-unboost|p2a: Moltres|spa|1
|move|p2a: Moltres|Flamethrower|p1a: Iron Valiant
|-damage|p1a: Iron Valiant|9/100 brn
|
|-weather|none
|-damage|p1a: Iron Valiant|3/100 brn|[from] brn
|upkeep
|turn|32
|
|t:|1758308569
|move|p1a: Iron Valiant|Destiny Bond|p1a: Iron Valiant
|-singlemove|p1a: Iron Valiant|Destiny Bond
|move|p2a: Moltres|Roost|p2a: Moltres
|-heal|p2a: Moltres|93/100
|-singleturn|p2a: Moltres|move: Roost
|
|-damage|p1a: Iron Valiant|0 fnt|[from] brn
|faint|p1a: Iron Valiant
|-end|p1a: Iron Valiant|Quark Drive|[silent]
|upkeep
|
|t:|1758308573
|switch|p1a: Slowking|Slowking-Galar, F|100/100
|-damage|p1a: Slowking|88/100|[from] Stealth Rock
|-damage|p1a: Slowking|76/100|[from] Spikes
|turn|33
|
|t:|1758308580
|move|p2a: Moltres|U-turn|p1a: Slowking
|-damage|p1a: Slowking|60/100
|
|t:|1758308585
|switch|p2a: Samurott|Samurott-Hisui, M|76/100|[from] U-turn
|-damage|p2a: Samurott|63/100|[from] Stealth Rock
|-prepare|p1a: Slowking|Chilly Reception|[premajor]
|move|p1a: Slowking|Chilly Reception|p1a: Slowking
|-weather|Snowscape
|
|t:|1758308593
|switch|p1a: Alomomola|Alomomola, F|100/100|[from] Chilly Reception
|-damage|p1a: Alomomola|88/100|[from] Stealth Rock
|-damage|p1a: Alomomola|75/100|[from] Spikes
|
|-weather|Snowscape|[upkeep]
|upkeep
|turn|34
|
|t:|1758308601
|move|p2a: Samurott|Ceaseless Edge|p1a: Alomomola
|-damage|p1a: Alomomola|48/100
|-sidestart|p1: hiatus1213|Spikes
|move|p1a: Alomomola|Wish|p1a: Alomomola
|
|-weather|Snowscape|[upkeep]
|upkeep
|turn|35
|
|t:|1758308608
|move|p2a: Samurott|Ceaseless Edge|p1a: Alomomola|[miss]
|-miss|p2a: Samurott|p1a: Alomomola
|move|p1a: Alomomola|Flip Turn|p2a: Samurott
|-resisted|p2a: Samurott
|-damage|p2a: Samurott|53/100
|
|t:|1758308614
|switch|p1a: Kingambit|Kingambit, M|53/100|[from] Flip Turn
|-damage|p1a: Kingambit|47/100|[from] Stealth Rock
|-damage|p1a: Kingambit|30/100|[from] Spikes
|-activate|p1a: Kingambit|ability: Supreme Overlord
|-start|p1a: Kingambit|fallen3|[silent]
|
|-weather|Snowscape|[upkeep]
|-heal|p1a: Kingambit|90/100|[from] move: Wish|[wisher] Alomomola
|upkeep
|turn|36
|
|t:|1758308625
|switch|p2a: Moltres|Moltres|93/100
|-damage|p2a: Moltres|43/100|[from] Stealth Rock
|move|p1a: Kingambit|Swords Dance|p1a: Kingambit
|-boost|p1a: Kingambit|atk|2
|
|-weather|Snowscape|[upkeep]
|upkeep
|turn|37
|
|t:|1758308636
|-terastallize|p1a: Kingambit|Fairy
|move|p2a: Moltres|Roost|p2a: Moltres
|-heal|p2a: Moltres|93/100
|-singleturn|p2a: Moltres|move: Roost
|move|p1a: Kingambit|Kowtow Cleave|p2a: Moltres
|-damage|p2a: Moltres|0 fnt
|-status|p1a: Kingambit|brn|[from] ability: Flame Body|[of] p2a: Moltres
|faint|p2a: Moltres
|
|-weather|none
|-damage|p1a: Kingambit|84/100 brn|[from] brn
|upkeep
|
|t:|1758308656
|switch|p2a: Landorus|Landorus-Therian, M|35/100
|-damage|p2a: Landorus|23/100|[from] Stealth Rock
|-ability|p2a: Landorus|Intimidate|boost
|-unboost|p1a: Kingambit|atk|1
|turn|38
|
|t:|1758308662
|move|p1a: Kingambit|Sucker Punch|p2a: Landorus
|-damage|p2a: Landorus|0 fnt
|faint|p2a: Landorus
|
|-damage|p1a: Kingambit|78/100 brn|[from] brn
|upkeep
|
|t:|1758308665
|switch|p2a: Samurott|Samurott-Hisui, M|53/100
|-damage|p2a: Samurott|41/100|[from] Stealth Rock
|turn|39
|
|t:|1758308674
|move|p2a: Samurott|Aqua Cutter|p1a: Kingambit
|-damage|p1a: Kingambit|42/100 brn
|move|p1a: Kingambit|Swords Dance|p1a: Kingambit
|-boost|p1a: Kingambit|atk|2
|
|-damage|p1a: Kingambit|36/100 brn|[from] brn
|upkeep
|turn|40
|
|t:|1758308679
|move|p1a: Kingambit|Sucker Punch|p2a: Samurott
|-resisted|p2a: Samurott
|-damage|p2a: Samurott|0 fnt
|faint|p2a: Samurott
|
|-damage|p1a: Kingambit|30/100 brn|[from] brn
|upkeep
|
|t:|1758308681
|switch|p2a: Hydreigon|Hydreigon, M|100/100
|-damage|p2a: Hydreigon|88/100|[from] Stealth Rock
|turn|41
|
|t:|1758308701
|move|p2a: Hydreigon|Earth Power|p1a: Kingambit
|-damage|p1a: Kingambit|0 fnt
|faint|p1a: Kingambit
|-end|p1a: Kingambit|fallen3|[silent]
|
|upkeep
|
|t:|1758308708
|switch|p1a: Alomomola|Alomomola, F|81/100
|-damage|p1a: Alomomola|69/100|[from] Stealth Rock
|-damage|p1a: Alomomola|52/100|[from] Spikes
|turn|42
|
|t:|1758308710
|move|p2a: Hydreigon|Earth Power|p1a: Alomomola
|-damage|p1a: Alomomola|13/100
|move|p1a: Alomomola|Wish|p1a: Alomomola
|
|upkeep
|turn|43
|
|t:|1758308713
|move|p1a: Alomomola|Protect|p1a: Alomomola
|-singleturn|p1a: Alomomola|Protect
|move|p2a: Hydreigon|Earth Power|p1a: Alomomola
|-activate|p1a: Alomomola|move: Protect
|
|-heal|p1a: Alomomola|63/100|[from] move: Wish|[wisher] Alomomola
|upkeep
|turn|44
|
|t:|1758308721
|move|p2a: Hydreigon|Earth Power|p1a: Alomomola
|-damage|p1a: Alomomola|22/100
|move|p1a: Alomomola|Wish|p1a: Alomomola
|
|upkeep
|turn|45
|
|t:|1758308727
|move|p1a: Alomomola|Protect|p1a: Alomomola
|-singleturn|p1a: Alomomola|Protect
|move|p2a: Hydreigon|Earth Power|p1a: Alomomola
|-activate|p1a: Alomomola|move: Protect
|
|-heal|p1a: Alomomola|72/100|[from] move: Wish|[wisher] Alomomola
|upkeep
|turn|46
|
|t:|1758308738
|move|p2a: Hydreigon|Earth Power|p1a: Alomomola
|-damage|p1a: Alomomola|31/100
|move|p1a: Alomomola|Flip Turn|p2a: Hydreigon
|-resisted|p2a: Hydreigon
|-damage|p2a: Hydreigon|80/100
|
|t:|1758308744
|switch|p1a: Slowking|Slowking-Galar, F|93/100|[from] Flip Turn
|-damage|p1a: Slowking|81/100|[from] Stealth Rock
|-damage|p1a: Slowking|64/100|[from] Spikes
|
|-heal|p1a: Slowking|70/100|[from] item: Black Sludge
|upkeep
|turn|47
|
|t:|1758308754
|-terastallize|p2a: Hydreigon|Steel
|move|p2a: Hydreigon|Earth Power|p1a: Slowking
|-supereffective|p1a: Slowking
|-damage|p1a: Slowking|8/100
|move|p1a: Slowking|Slack Off|p1a: Slowking
|-heal|p1a: Slowking|58/100
|
|-heal|p1a: Slowking|64/100|[from] item: Black Sludge
|upkeep
|turn|48
|
|t:|1758308767
|move|p2a: Hydreigon|Earth Power|p1a: Slowking
|-supereffective|p1a: Slowking
|-damage|p1a: Slowking|3/100
|move|p1a: Slowking|Slack Off|p1a: Slowking
|-heal|p1a: Slowking|53/100
|
|-heal|p1a: Slowking|59/100|[from] item: Black Sludge
|upkeep
|turn|49
|
|t:|1758308774
|switch|p1a: Alomomola|Alomomola, F|64/100
|-damage|p1a: Alomomola|51/100|[from] Stealth Rock
|-damage|p1a: Alomomola|35/100|[from] Spikes
|move|p2a: Hydreigon|Earth Power|p1a: Alomomola
|-damage|p1a: Alomomola|0 fnt
|faint|p1a: Alomomola
|
|upkeep
|
|t:|1758308778
|switch|p1a: Slowking|Slowking-Galar, F|92/100
|-damage|p1a: Slowking|79/100|[from] Stealth Rock
|-damage|p1a: Slowking|63/100|[from] Spikes
|turn|50
|
|t:|1758308790
|move|p2a: Hydreigon|Earth Power|p1a: Slowking
|-supereffective|p1a: Slowking
|-damage|p1a: Slowking|0 fnt
|faint|p1a: Slowking
|
|win|Johnytt
|raw|hiatus1213's rating: 1285 &rarr; <strong>1261</strong><br />(-24 for losing)
|raw|Johnytt's rating: 1295 &rarr; <strong>1319</strong><br />(+24 for winning)
