|j|☆GLOCKED
|j|☆zjh67890
|t:|1758354901
|gametype|singles
|player|p1|GLOCKED|brock|1299
|player|p2|zjh67890|1|1345
|gen|9
|tier|[Gen 9] OU
|rated|
|rule|HP Percentage Mod: HP is shown in percentages
|rule|Endless Battle Clause: Forcing endless battles is banned
|rule|Species Clause: Limit one of each Pokémon
|rule|OHKO Clause: OHKO moves are banned
|rule|Evasion Items Clause: Evasion items are banned
|rule|Evasion Moves Clause: Evasion moves are banned
|rule|Evasion Abilities Clause: Evasion abilities are banned
|rule|Sleep Moves Clause: Sleep-inducing moves are banned
|clearpoke
|poke|p1|Alomomola, M|
|poke|p1|Deoxys-Speed|
|poke|p1|Wo-Chien|
|poke|p1|Corviknight, F|
|poke|p1|Mandibuzz, F|
|poke|p1|Salazzle, F|
|poke|p2|Dragonite, F|
|poke|p2|Gholdengo|
|poke|p2|Regidrago|
|poke|p2|Scizor, F|
|poke|p2|Ting-Lu|
|poke|p2|Weezing-Galar, F|
|teampreview
|
|t:|1758354911
|teamsize|p1|6
|teamsize|p2|6
|start
|switch|p1a: Salazzle|Salazzle, F|100/100
|switch|p2a: Ting-Lu|Ting-Lu|100/100
|-ability|p2a: Ting-Lu|Vessel of Ruin
|turn|1
|
|t:|1758354918
|switch|p1a: Wo-Chien|Wo-Chien|100/100
|-ability|p1a: Wo-Chien|Tablets of Ruin
|move|p2a: Ting-Lu|Stealth Rock|p1a: Wo-Chien
|-sidestart|p1: GLOCKED|move: Stealth Rock
|
|upkeep
|turn|2
|
|t:|1758354921
|move|p1a: Wo-Chien|Poison Powder|p2a: Ting-Lu
|-status|p2a: Ting-Lu|psn
|move|p2a: Ting-Lu|Whirlwind|p1a: Wo-Chien
|drag|p1a: Mandibuzz|Mandibuzz, F|100/100
|
|-damage|p2a: Ting-Lu|88/100 psn|[from] psn
|upkeep
|turn|3
|
|t:|1758354924
|move|p1a: Mandibuzz|Defog|p2a: Ting-Lu
|-unboost|p2a: Ting-Lu|evasion|1
|-sideend|p1: GLOCKED|Stealth Rock|[from] move: Defog|[of] p1a: Mandibuzz
|move|p2a: Ting-Lu|Ruination|p1a: Mandibuzz
|-damage|p1a: Mandibuzz|50/100
|
|-heal|p2a: Ting-Lu|94/100 psn|[from] item: Leftovers
|-damage|p2a: Ting-Lu|82/100 psn|[from] psn
|upkeep
|turn|4
|
|t:|1758354929
|move|p1a: Mandibuzz|Knock Off|p2a: Ting-Lu
|-resisted|p2a: Ting-Lu
|-damage|p2a: Ting-Lu|76/100 psn
|-enditem|p2a: Ting-Lu|Leftovers|[from] move: Knock Off|[of] p1a: Mandibuzz
|move|p2a: Ting-Lu|Stealth Rock|p1a: Mandibuzz
|-sidestart|p1: GLOCKED|move: Stealth Rock
|
|-damage|p2a: Ting-Lu|63/100 psn|[from] psn
|upkeep
|turn|5
|
|t:|1758354933
|switch|p2a: Weezing|Weezing-Galar, F|100/100
|-ability|p2a: Weezing|Neutralizing Gas
|move|p1a: Mandibuzz|Defog|p2a: Weezing
|-unboost|p2a: Weezing|evasion|1
|-sideend|p1: GLOCKED|Stealth Rock|[from] move: Defog|[of] p1a: Mandibuzz
|
|upkeep
|turn|6
|
|t:|1758354936
|move|p1a: Mandibuzz|Roost|p1a: Mandibuzz
|-heal|p1a: Mandibuzz|100/100
|-singleturn|p1a: Mandibuzz|move: Roost
|move|p2a: Weezing|Will-O-Wisp|p1a: Mandibuzz
|-status|p1a: Mandibuzz|brn
|
|-damage|p1a: Mandibuzz|94/100 brn|[from] brn
|upkeep
|turn|7
|
|t:|1758354947
|move|p1a: Mandibuzz|Knock Off|p2a: Weezing
|-resisted|p2a: Weezing
|-damage|p2a: Weezing|97/100
|-enditem|p2a: Weezing|Heavy-Duty Boots|[from] move: Knock Off|[of] p1a: Mandibuzz
|move|p2a: Weezing|Sludge Bomb|p1a: Mandibuzz
|-damage|p1a: Mandibuzz|79/100 brn
|
|-damage|p1a: Mandibuzz|73/100 brn|[from] brn
|upkeep
|turn|8
|
|t:|1758354965
|-end|p2a: Weezing|ability: Neutralizing Gas
|switch|p2a: Ting-Lu|Ting-Lu|63/100 psn
|-ability|p2a: Ting-Lu|Vessel of Ruin
|move|p1a: Mandibuzz|U-turn|p2a: Ting-Lu
|-supereffective|p2a: Ting-Lu
|-damage|p2a: Ting-Lu|57/100 psn
|
|t:|1758354983
|switch|p1a: Corviknight|Corviknight, F|100/100|[from] U-turn
|-ability|p1a: Corviknight|Pressure
|
|-damage|p2a: Ting-Lu|44/100 psn|[from] psn
|upkeep
|turn|9
|
|t:|1758354987
|move|p1a: Corviknight|Taunt|p2a: Ting-Lu
|-start|p2a: Ting-Lu|move: Taunt
|cant|p2a: Ting-Lu|move: Taunt|Stealth Rock
|
|-damage|p2a: Ting-Lu|32/100 psn|[from] psn
|upkeep
|turn|10
|
|t:|1758354990
|move|p1a: Corviknight|U-turn|p2a: Ting-Lu
|-supereffective|p2a: Ting-Lu
|-damage|p2a: Ting-Lu|17/100 psn
|
|t:|1758354993
|switch|p1a: Mandibuzz|Mandibuzz, F|73/100 brn|[from] U-turn
|move|p2a: Ting-Lu|Ruination|p1a: Mandibuzz
|-damage|p1a: Mandibuzz|37/100 brn
|
|-damage|p2a: Ting-Lu|4/100 psn|[from] psn
|-damage|p1a: Mandibuzz|30/100 brn|[from] brn
|upkeep
|turn|11
|
|t:|1758354998
|switch|p2a: Gholdengo|Gholdengo|100/100
|move|p1a: Mandibuzz|Roost|p1a: Mandibuzz
|-heal|p1a: Mandibuzz|80/100 brn
|-singleturn|p1a: Mandibuzz|move: Roost
|
|-damage|p1a: Mandibuzz|74/100 brn|[from] brn
|upkeep
|turn|12
|
|t:|1758355016
|move|p2a: Gholdengo|Thunderbolt|p1a: Mandibuzz
|-supereffective|p1a: Mandibuzz
|-damage|p1a: Mandibuzz|34/100 brn
|move|p1a: Mandibuzz|Knock Off|p2a: Gholdengo
|-supereffective|p2a: Gholdengo
|-damage|p2a: Gholdengo|74/100
|-enditem|p2a: Gholdengo|Metal Coat|[from] move: Knock Off|[of] p1a: Mandibuzz
|
|-damage|p1a: Mandibuzz|28/100 brn|[from] brn
|upkeep
|turn|13
|
|t:|1758355021
|switch|p1a: Wo-Chien|Wo-Chien|100/100
|-ability|p1a: Wo-Chien|Tablets of Ruin
|move|p2a: Gholdengo|Thunderbolt|p1a: Wo-Chien
|-resisted|p1a: Wo-Chien
|-damage|p1a: Wo-Chien|88/100
|-status|p1a: Wo-Chien|par
|
|-heal|p1a: Wo-Chien|94/100 par|[from] item: Leftovers
|upkeep
|turn|14
|
|t:|1758355033
|switch|p2a: Scizor|Scizor, F|100/100
|move|p1a: Wo-Chien|Leech Seed|p2a: Scizor|[miss]
|-miss|p1a: Wo-Chien|p2a: Scizor
|
|-heal|p1a: Wo-Chien|99/100 par|[from] item: Leftovers
|upkeep
|turn|15
|
|t:|1758355039
|switch|p1a: Corviknight|Corviknight, F|100/100
|-ability|p1a: Corviknight|Pressure
|move|p2a: Scizor|U-turn|p1a: Corviknight
|-resisted|p1a: Corviknight
|-damage|p1a: Corviknight|92/100
|
|t:|1758355046
|switch|p2a: Gholdengo|Gholdengo|74/100|[from] U-turn
|
|upkeep
|turn|16
|
|t:|1758355056
|switch|p2a: Ting-Lu|Ting-Lu|4/100 psn
|-ability|p2a: Ting-Lu|Vessel of Ruin
|switch|p1a: Alomomola|Alomomola, M|100/100
|
|-damage|p2a: Ting-Lu|0 fnt|[from] psn
|faint|p2a: Ting-Lu
|upkeep
|inactive|Battle timer is ON: inactive players will automatically lose when time's up. (requested by GLOCKED)
|
|t:|1758355085
|switch|p2a: Scizor|Scizor, F|100/100
|turn|17
|
|t:|1758355093
|switch|p1a: Corviknight|Corviknight, F|92/100
|-ability|p1a: Corviknight|Pressure
|move|p2a: Scizor|Knock Off|p1a: Corviknight
|-damage|p1a: Corviknight|61/100
|-enditem|p1a: Corviknight|Heavy-Duty Boots|[from] move: Knock Off|[of] p2a: Scizor
|
|upkeep
|turn|18
|
|t:|1758355106
|switch|p2a: Weezing|Weezing-Galar, F|97/100
|-ability|p2a: Weezing|Neutralizing Gas
|move|p1a: Corviknight|U-turn|p2a: Weezing
|-resisted|p2a: Weezing
|-crit|p2a: Weezing
|-damage|p2a: Weezing|93/100
|
|t:|1758355114
|switch|p1a: Salazzle|Salazzle, F|100/100|[from] U-turn
|
|upkeep
|turn|19
|
|t:|1758355126
|-end|p2a: Weezing|ability: Neutralizing Gas
|switch|p2a: Dragonite|Dragonite, F|100/100
|move|p1a: Salazzle|Toxic|p2a: Dragonite
|-status|p2a: Dragonite|tox
|
|-damage|p2a: Dragonite|94/100 tox|[from] psn
|upkeep
|turn|20
|
|t:|1758355138
|switch|p1a: Wo-Chien|Wo-Chien|99/100 par
|-ability|p1a: Wo-Chien|Tablets of Ruin
|move|p2a: Dragonite|Dragon Dance|p2a: Dragonite
|-boost|p2a: Dragonite|atk|1
|-boost|p2a: Dragonite|spe|1
|
|-heal|p1a: Wo-Chien|100/100 par|[from] item: Leftovers
|-damage|p2a: Dragonite|82/100 tox|[from] psn
|upkeep
|turn|21
|
|t:|1758355141
|move|p2a: Dragonite|Extreme Speed|p1a: Wo-Chien
|-damage|p1a: Wo-Chien|79/100 par
|move|p1a: Wo-Chien|Leech Seed|p2a: Dragonite
|-start|p2a: Dragonite|move: Leech Seed
|
|-heal|p1a: Wo-Chien|85/100 par|[from] item: Leftovers
|-damage|p2a: Dragonite|70/100 tox|[from] Leech Seed|[of] p1a: Wo-Chien
|-heal|p1a: Wo-Chien|96/100 par|[silent]
|-damage|p2a: Dragonite|52/100 tox|[from] psn
|upkeep
|turn|22
|
|t:|1758355146
|switch|p2a: Scizor|Scizor, F|100/100
|move|p1a: Wo-Chien|Knock Off|p2a: Scizor
|-damage|p2a: Scizor|73/100
|-enditem|p2a: Scizor|Choice Band|[from] move: Knock Off|[of] p1a: Wo-Chien
|
|-heal|p1a: Wo-Chien|100/100 par|[from] item: Leftovers
|upkeep
|turn|23
|
|t:|1758355151
|switch|p1a: Corviknight|Corviknight, F|61/100
|-ability|p1a: Corviknight|Pressure
|move|p2a: Scizor|U-turn|p1a: Corviknight
|-resisted|p1a: Corviknight
|-damage|p1a: Corviknight|55/100
|
|t:|1758355156
|switch|p2a: Gholdengo|Gholdengo|74/100|[from] U-turn
|
|upkeep
|turn|24
|
|t:|1758355163
|switch|p1a: Alomomola|Alomomola, M|100/100
|move|p2a: Gholdengo|Nasty Plot|p2a: Gholdengo
|-boost|p2a: Gholdengo|spa|2
|
|upkeep
|turn|25
|
|t:|1758355167
|move|p2a: Gholdengo|Thunderbolt|p1a: Alomomola
|-supereffective|p1a: Alomomola
|-damage|p1a: Alomomola|30/100
|move|p1a: Alomomola|Mirror Coat|p2a: Gholdengo
|-damage|p2a: Gholdengo|0 fnt
|faint|p2a: Gholdengo
|
|upkeep
|
|t:|1758355177
|switch|p2a: Regidrago|Regidrago|100/100
|turn|26
|
|t:|1758355184
|switch|p1a: Mandibuzz|Mandibuzz, F|28/100 brn
|move|p2a: Regidrago|Dragon Energy|p1a: Mandibuzz
|-damage|p1a: Mandibuzz|0 fnt
|faint|p1a: Mandibuzz
|
|upkeep
|inactive|GLOCKED has 120 seconds left.
|
|t:|1758355217
|switch|p1a: Wo-Chien|Wo-Chien|100/100 par
|-ability|p1a: Wo-Chien|Tablets of Ruin
|turn|27
|
|t:|1758355223
|switch|p2a: Weezing|Weezing-Galar, F|93/100
|-ability|p2a: Weezing|Neutralizing Gas
|cant|p1a: Wo-Chien|par
|
|upkeep
|turn|28
|
|t:|1758355234
|move|p2a: Weezing|Sludge Bomb|p1a: Wo-Chien
|-supereffective|p1a: Wo-Chien
|-damage|p1a: Wo-Chien|65/100 par
|move|p1a: Wo-Chien|Leech Seed|p2a: Weezing
|-start|p2a: Weezing|move: Leech Seed
|
|-heal|p1a: Wo-Chien|71/100 par|[from] item: Leftovers
|-damage|p2a: Weezing|81/100|[from] Leech Seed|[of] p1a: Wo-Chien
|-heal|p1a: Wo-Chien|82/100 par|[silent]
|upkeep
|turn|29
|
|t:|1758355241
|move|p2a: Weezing|Sludge Bomb|p1a: Wo-Chien
|-supereffective|p1a: Wo-Chien
|-damage|p1a: Wo-Chien|45/100 par
|move|p1a: Wo-Chien|Poison Powder|p2a: Weezing|[miss]
|-miss|p1a: Wo-Chien|p2a: Weezing
|
|-heal|p1a: Wo-Chien|51/100 par|[from] item: Leftovers
|-damage|p2a: Weezing|69/100|[from] Leech Seed|[of] p1a: Wo-Chien
|-heal|p1a: Wo-Chien|62/100 par|[silent]
|upkeep
|turn|30
|
|t:|1758355246
|move|p1a: Wo-Chien|Protect|p1a: Wo-Chien
|-singleturn|p1a: Wo-Chien|Protect
|move|p2a: Weezing|Sludge Bomb|p1a: Wo-Chien
|-activate|p1a: Wo-Chien|move: Protect
|
|-heal|p1a: Wo-Chien|68/100 par|[from] item: Leftovers
|-damage|p2a: Weezing|56/100|[from] Leech Seed|[of] p1a: Wo-Chien
|-heal|p1a: Wo-Chien|79/100 par|[silent]
|upkeep
|turn|31
|
|t:|1758355251
|-end|p2a: Weezing|ability: Neutralizing Gas
|-ability|p1a: Wo-Chien|Tablets of Ruin
|switch|p2a: Scizor|Scizor, F|73/100
|switch|p1a: Salazzle|Salazzle, F|100/100
|
|upkeep
|turn|32
|
|t:|1758355265
|switch|p2a: Weezing|Weezing-Galar, F|56/100
|-ability|p2a: Weezing|Neutralizing Gas
|move|p1a: Salazzle|Substitute|p1a: Salazzle
|-start|p1a: Salazzle|Substitute
|-damage|p1a: Salazzle|76/100
|
|-heal|p1a: Salazzle|82/100|[from] item: Leftovers
|upkeep
|turn|33
|
|t:|1758355271
|move|p1a: Salazzle|Toxic|p2a: Weezing
|-immune|p2a: Weezing
|move|p2a: Weezing|Sludge Bomb|p1a: Salazzle
|-resisted|p1a: Salazzle
|-activate|p1a: Salazzle|move: Substitute|[damage]
|
|-heal|p1a: Salazzle|88/100|[from] item: Leftovers
|upkeep
|turn|34
|
|t:|1758355276
|move|p1a: Salazzle|Nasty Plot|p1a: Salazzle
|-boost|p1a: Salazzle|spa|2
|move|p2a: Weezing|Sludge Bomb|p1a: Salazzle
|-resisted|p1a: Salazzle
|-end|p1a: Salazzle|Substitute
|
|-heal|p1a: Salazzle|94/100|[from] item: Leftovers
|upkeep
|turn|35
|
|t:|1758355285
|-end|p2a: Weezing|ability: Neutralizing Gas
|switch|p2a: Dragonite|Dragonite, F|52/100 tox
|move|p1a: Salazzle|Substitute|p1a: Salazzle
|-start|p1a: Salazzle|Substitute
|-damage|p1a: Salazzle|69/100
|
|-heal|p1a: Salazzle|75/100|[from] item: Leftovers
|-damage|p2a: Dragonite|46/100 tox|[from] psn
|upkeep
|turn|36
|
|t:|1758355305
|move|p2a: Dragonite|Extreme Speed|p1a: Salazzle
|-end|p1a: Salazzle|Substitute
|move|p1a: Salazzle|Flamethrower|p2a: Dragonite
|-resisted|p2a: Dragonite
|-damage|p2a: Dragonite|4/100 tox
|
|-heal|p1a: Salazzle|81/100|[from] item: Leftovers
|-damage|p2a: Dragonite|0 fnt|[from] psn
|faint|p2a: Dragonite
|upkeep
|
|t:|1758355309
|switch|p2a: Regidrago|Regidrago|100/100
|turn|37
|
|t:|1758355318
|switch|p1a: Corviknight|Corviknight, F|55/100
|-ability|p1a: Corviknight|Pressure
|move|p2a: Regidrago|Dragon Energy|p1a: Corviknight
|-resisted|p1a: Corviknight
|-damage|p1a: Corviknight|5/100
|
|upkeep
|turn|38
|
|t:|1758355324
|move|p2a: Regidrago|Dragon Energy|p1a: Corviknight
|-resisted|p1a: Corviknight
|-damage|p1a: Corviknight|0 fnt
|faint|p1a: Corviknight
|
|upkeep
|
|t:|1758355325
|switch|p1a: Wo-Chien|Wo-Chien|79/100 par
|-ability|p1a: Wo-Chien|Tablets of Ruin
|turn|39
|
|t:|1758355334
|switch|p2a: Scizor|Scizor, F|73/100
|cant|p1a: Wo-Chien|par
|
|-heal|p1a: Wo-Chien|85/100 par|[from] item: Leftovers
|upkeep
|turn|40
|
|t:|1758355355
|-terastallize|p1a: Wo-Chien|Water
|move|p2a: Scizor|U-turn|p1a: Wo-Chien
|-damage|p1a: Wo-Chien|67/100 par
|
|t:|1758355359
|switch|p2a: Weezing|Weezing-Galar, F|56/100|[from] U-turn
|-ability|p2a: Weezing|Neutralizing Gas
|cant|p1a: Wo-Chien|par
|
|-heal|p1a: Wo-Chien|73/100 par|[from] item: Leftovers
|upkeep
|turn|41
|
|t:|1758355365
|move|p2a: Weezing|Sludge Bomb|p1a: Wo-Chien
|-damage|p1a: Wo-Chien|54/100 par
|cant|p1a: Wo-Chien|par
|
|-heal|p1a: Wo-Chien|60/100 par|[from] item: Leftovers
|upkeep
|turn|42
|
|t:|1758355368
|move|p2a: Weezing|Sludge Bomb|p1a: Wo-Chien
|-damage|p1a: Wo-Chien|41/100 par
|move|p1a: Wo-Chien|Leech Seed|p2a: Weezing
|-start|p2a: Weezing|move: Leech Seed
|
|-heal|p1a: Wo-Chien|47/100 par|[from] item: Leftovers
|-damage|p2a: Weezing|44/100|[from] Leech Seed|[of] p1a: Wo-Chien
|-heal|p1a: Wo-Chien|58/100 par|[silent]
|upkeep
|turn|43
|
|t:|1758355372
|move|p2a: Weezing|Sludge Bomb|p1a: Wo-Chien
|-damage|p1a: Wo-Chien|38/100 par
|move|p1a: Wo-Chien|Leech Seed||[still]
|-fail|p1a: Wo-Chien
|
|-heal|p1a: Wo-Chien|44/100 par|[from] item: Leftovers
|-damage|p2a: Weezing|32/100|[from] Leech Seed|[of] p1a: Wo-Chien
|-heal|p1a: Wo-Chien|55/100 par|[silent]
|upkeep
|turn|44
|
|t:|1758355375
|move|p1a: Wo-Chien|Protect|p1a: Wo-Chien
|-singleturn|p1a: Wo-Chien|Protect
|move|p2a: Weezing|Sludge Bomb|p1a: Wo-Chien
|-activate|p1a: Wo-Chien|move: Protect
|
|-heal|p1a: Wo-Chien|61/100 par|[from] item: Leftovers
|-damage|p2a: Weezing|19/100|[from] Leech Seed|[of] p1a: Wo-Chien
|-heal|p1a: Wo-Chien|72/100 par|[silent]
|upkeep
|turn|45
|
|t:|1758355378
|move|p2a: Weezing|Pain Split|p1a: Wo-Chien
|-sethp|p1a: Wo-Chien|45/100 par|[from] move: Pain Split|[silent]
|-sethp|p2a: Weezing|50/100|[from] move: Pain Split
|cant|p1a: Wo-Chien|par
|
|-heal|p1a: Wo-Chien|51/100 par|[from] item: Leftovers
|-damage|p2a: Weezing|38/100|[from] Leech Seed|[of] p1a: Wo-Chien
|-heal|p1a: Wo-Chien|62/100 par|[silent]
|upkeep
|turn|46
|
|t:|1758355384
|cant|p1a: Wo-Chien|par
|move|p2a: Weezing|Sludge Bomb|p1a: Wo-Chien
|-damage|p1a: Wo-Chien|42/100 par
|
|-heal|p1a: Wo-Chien|49/100 par|[from] item: Leftovers
|-damage|p2a: Weezing|25/100|[from] Leech Seed|[of] p1a: Wo-Chien
|-heal|p1a: Wo-Chien|60/100 par|[silent]
|upkeep
|turn|47
|
|t:|1758355388
|move|p1a: Wo-Chien|Protect|p1a: Wo-Chien
|-singleturn|p1a: Wo-Chien|Protect
|move|p2a: Weezing|Sludge Bomb|p1a: Wo-Chien
|-activate|p1a: Wo-Chien|move: Protect
|
|-heal|p1a: Wo-Chien|66/100 par|[from] item: Leftovers
|-damage|p2a: Weezing|13/100|[from] Leech Seed|[of] p1a: Wo-Chien
|-heal|p1a: Wo-Chien|77/100 par|[silent]
|upkeep
|turn|48
|
|t:|1758355393
|move|p1a: Wo-Chien|Protect||[still]
|-fail|p1a: Wo-Chien
|move|p2a: Weezing|Pain Split|p1a: Wo-Chien
|-sethp|p1a: Wo-Chien|44/100 par|[from] move: Pain Split|[silent]
|-sethp|p2a: Weezing|49/100|[from] move: Pain Split
|
|-heal|p1a: Wo-Chien|50/100 par|[from] item: Leftovers
|-damage|p2a: Weezing|37/100|[from] Leech Seed|[of] p1a: Wo-Chien
|-heal|p1a: Wo-Chien|61/100 par|[silent]
|upkeep
|turn|49
|
|t:|1758355398
|cant|p1a: Wo-Chien|par
|move|p2a: Weezing|Sludge Bomb|p1a: Wo-Chien
|-damage|p1a: Wo-Chien|43/100 par
|
|-heal|p1a: Wo-Chien|49/100 par|[from] item: Leftovers
|-damage|p2a: Weezing|25/100|[from] Leech Seed|[of] p1a: Wo-Chien
|-heal|p1a: Wo-Chien|60/100 par|[silent]
|upkeep
|turn|50
|
|t:|1758355402
|move|p1a: Wo-Chien|Protect|p1a: Wo-Chien
|-singleturn|p1a: Wo-Chien|Protect
|move|p2a: Weezing|Pain Split|p1a: Wo-Chien
|-activate|p1a: Wo-Chien|move: Protect
|
|-heal|p1a: Wo-Chien|66/100 par|[from] item: Leftovers
|-damage|p2a: Weezing|13/100|[from] Leech Seed|[of] p1a: Wo-Chien
|-heal|p1a: Wo-Chien|77/100 par|[silent]
|upkeep
|turn|51
|
|t:|1758355405
|cant|p1a: Wo-Chien|par
|move|p2a: Weezing|Pain Split|p1a: Wo-Chien
|-sethp|p1a: Wo-Chien|44/100 par|[from] move: Pain Split|[silent]
|-sethp|p2a: Weezing|49/100|[from] move: Pain Split
|
|-heal|p1a: Wo-Chien|50/100 par|[from] item: Leftovers
|-damage|p2a: Weezing|37/100|[from] Leech Seed|[of] p1a: Wo-Chien
|-heal|p1a: Wo-Chien|61/100 par|[silent]
|upkeep
|turn|52
|
|t:|1758355408
|move|p1a: Wo-Chien|Protect|p1a: Wo-Chien
|-singleturn|p1a: Wo-Chien|Protect
|move|p2a: Weezing|Sludge Bomb|p1a: Wo-Chien
|-activate|p1a: Wo-Chien|move: Protect
|
|-heal|p1a: Wo-Chien|67/100 par|[from] item: Leftovers
|-damage|p2a: Weezing|25/100|[from] Leech Seed|[of] p1a: Wo-Chien
|-heal|p1a: Wo-Chien|78/100 par|[silent]
|upkeep
|turn|53
|
|t:|1758355412
|move|p1a: Wo-Chien|Protect||[still]
|-fail|p1a: Wo-Chien
|move|p2a: Weezing|Pain Split|p1a: Wo-Chien
|-sethp|p1a: Wo-Chien|50/100 par|[from] move: Pain Split|[silent]
|-sethp|p2a: Weezing|56/100|[from] move: Pain Split
|
|-heal|p1a: Wo-Chien|56/100 par|[from] item: Leftovers
|-damage|p2a: Weezing|44/100|[from] Leech Seed|[of] p1a: Wo-Chien
|-heal|p1a: Wo-Chien|67/100 par|[silent]
|upkeep
|turn|54
|
|t:|1758355417
|switch|p1a: Salazzle|Salazzle, F|81/100
|move|p2a: Weezing|Sludge Bomb|p1a: Salazzle
|-resisted|p1a: Salazzle
|-damage|p1a: Salazzle|55/100
|
|-heal|p1a: Salazzle|61/100|[from] item: Leftovers
|-damage|p2a: Weezing|32/100|[from] Leech Seed|[of] p1a: Salazzle
|-heal|p1a: Salazzle|76/100|[silent]
|upkeep
|turn|55
|
|t:|1758355424
|move|p1a: Salazzle|Substitute|p1a: Salazzle
|-start|p1a: Salazzle|Substitute
|-damage|p1a: Salazzle|51/100
|move|p2a: Weezing|Pain Split||[still]
|-fail|p2a: Weezing
|
|-heal|p1a: Salazzle|57/100|[from] item: Leftovers
|-damage|p2a: Weezing|19/100|[from] Leech Seed|[of] p1a: Salazzle
|-heal|p1a: Salazzle|72/100|[silent]
|upkeep
|turn|56
|
|t:|1758355429
|move|p1a: Salazzle|Nasty Plot|p1a: Salazzle
|-boost|p1a: Salazzle|spa|2
|move|p2a: Weezing|Sludge Bomb|p1a: Salazzle
|-resisted|p1a: Salazzle
|-end|p1a: Salazzle|Substitute
|
|-heal|p1a: Salazzle|78/100|[from] item: Leftovers
|-damage|p2a: Weezing|7/100|[from] Leech Seed|[of] p1a: Salazzle
|-heal|p1a: Salazzle|93/100|[silent]
|upkeep
|turn|57
|
|t:|1758355435
|move|p1a: Salazzle|Substitute|p1a: Salazzle
|-start|p1a: Salazzle|Substitute
|-damage|p1a: Salazzle|68/100
|move|p2a: Weezing|Pain Split||[still]
|-fail|p2a: Weezing
|
|-heal|p1a: Salazzle|74/100|[from] item: Leftovers
|-damage|p2a: Weezing|0 fnt|[from] Leech Seed|[of] p1a: Salazzle
|-heal|p1a: Salazzle|82/100|[silent]
|faint|p2a: Weezing
|-end|p2a: Weezing|ability: Neutralizing Gas
|upkeep
|
|t:|1758355436
|switch|p2a: Scizor|Scizor, F|73/100
|turn|58
|
|t:|1758355442
|move|p2a: Scizor|Bullet Punch|p1a: Salazzle
|-resisted|p1a: Salazzle
|-end|p1a: Salazzle|Substitute
|move|p1a: Salazzle|Flamethrower|p2a: Scizor
|-supereffective|p2a: Scizor
|-damage|p2a: Scizor|0 fnt
|faint|p2a: Scizor
|
|-heal|p1a: Salazzle|88/100|[from] item: Leftovers
|upkeep
|
|t:|1758355445
|switch|p2a: Regidrago|Regidrago|100/100
|turn|59
|
|t:|1758355448
|move|p2a: Regidrago|Dragon Energy|p1a: Salazzle
|-damage|p1a: Salazzle|0 fnt
|faint|p1a: Salazzle
|
|upkeep
|
|t:|1758355472
|switch|p1a: Wo-Chien|Wo-Chien, tera:Water|67/100 par
|-ability|p1a: Wo-Chien|Tablets of Ruin
|turn|60
|
|t:|1758355477
|move|p2a: Regidrago|Dragon Energy|p1a: Wo-Chien
|-damage|p1a: Wo-Chien|4/100 par
|move|p1a: Wo-Chien|Leech Seed|p2a: Regidrago
|-start|p2a: Regidrago|move: Leech Seed
|
|-heal|p1a: Wo-Chien|10/100 par|[from] item: Leftovers
|-damage|p2a: Regidrago|88/100|[from] Leech Seed|[of] p1a: Wo-Chien
|-heal|p1a: Wo-Chien|28/100 par|[silent]
|upkeep
|turn|61
|
|t:|1758355481
|move|p1a: Wo-Chien|Protect|p1a: Wo-Chien
|-singleturn|p1a: Wo-Chien|Protect
|move|p2a: Regidrago|Dragon Energy|p1a: Wo-Chien
|-activate|p1a: Wo-Chien|move: Protect
|
|-heal|p1a: Wo-Chien|34/100 par|[from] item: Leftovers
|-damage|p2a: Regidrago|76/100|[from] Leech Seed|[of] p1a: Wo-Chien
|-heal|p1a: Wo-Chien|52/100 par|[silent]
|upkeep
|turn|62
|-message|zjh67890 forfeited.
|
|win|GLOCKED
|raw|GLOCKED's rating: 1299 &rarr; <strong>1327</strong><br />(+28 for winning)
|raw|zjh67890's rating: 1345 &rarr; <strong>1322</strong><br />(-23 for losing)
|l|☆zjh67890
|player|p2|
|l|☆GLOCKED
|player|p1|
