|j|☆hydromissfocushit
|j|☆dulana123
|t:|1758363153
|gametype|singles
|player|p1|hydromissfocushit|1|1260
|player|p2|dulana123|170|1323
|gen|9
|tier|[Gen 9] OU
|rated|
|rule|HP Percentage Mod: HP is shown in percentages
|rule|Endless Battle Clause: Forcing endless battles is banned
|rule|Species Clause: Limit one of each Pokémon
|rule|OHKO Clause: OHKO moves are banned
|rule|Evasion Items Clause: Evasion items are banned
|rule|Evasion Moves Clause: Evasion moves are banned
|rule|Evasion Abilities Clause: Evasion abilities are banned
|rule|Sleep Moves Clause: Sleep-inducing moves are banned
|clearpoke
|poke|p1|Scizor, F|
|poke|p1|Primarina, F|
|poke|p1|Rillaboom, F|
|poke|p1|Gholdengo|
|poke|p1|Hawlucha, M|
|poke|p1|Mandibuzz, F|
|poke|p2|Garchomp, M|
|poke|p2|Staraptor, M|
|poke|p2|Scizor, M|
|poke|p2|Weavile, M|
|poke|p2|Torterra, M|
|poke|p2|Gyarados, M|
|teampreview
|
|t:|1758363172
|teamsize|p1|6
|teamsize|p2|6
|start
|switch|p1a: Scizor|Scizor, F|100/100
|switch|p2a: Scizor|Scizor, M|100/100
|turn|1
|
|t:|1758363179
|move|p1a: Scizor|U-turn|p2a: Scizor
|-resisted|p2a: Scizor
|-damage|p2a: Scizor|72/100
|
|t:|1758363186
|switch|p1a: Mandibuzz|Mandibuzz, F|100/100|[from] U-turn
|move|p2a: Scizor|U-turn|p1a: Mandibuzz
|-damage|p1a: Mandibuzz|64/100
|
|t:|1758363193
|switch|p2a: Weavile|Weavile, M|100/100|[from] U-turn
|-ability|p2a: Weavile|Pressure
|
|upkeep
|turn|2
|
|t:|1758363200
|switch|p1a: Scizor|Scizor, F|100/100
|move|p2a: Weavile|Knock Off|p1a: Scizor
|-damage|p1a: Scizor|28/100
|-enditem|p1a: Scizor|Choice Band|[from] move: Knock Off|[of] p2a: Weavile
|-damage|p2a: Weavile|91/100|[from] item: Life Orb
|
|upkeep
|turn|3
|
|t:|1758363211
|switch|p2a: Scizor|Scizor, M|72/100
|switch|p1a: Primarina|Primarina, F|100/100
|
|upkeep
|turn|4
|
|t:|1758363219
|move|p2a: Scizor|U-turn|p1a: Primarina
|-resisted|p1a: Primarina
|-damage|p1a: Primarina|78/100
|
|t:|1758363223
|switch|p2a: Gyarados|Gyarados, M|100/100|[from] U-turn
|-ability|p2a: Gyarados|Intimidate|boost
|-unboost|p1a: Primarina|atk|1
|move|p1a: Primarina|Substitute|p1a: Primarina
|-start|p1a: Primarina|Substitute
|-damage|p1a: Primarina|53/100
|
|-heal|p1a: Primarina|59/100|[from] item: Leftovers
|upkeep
|turn|5
|
|t:|1758363234
|move|p2a: Gyarados|Dragon Dance|p2a: Gyarados
|-boost|p2a: Gyarados|atk|1
|-boost|p2a: Gyarados|spe|1
|move|p1a: Primarina|Calm Mind|p1a: Primarina
|-boost|p1a: Primarina|spa|1
|-boost|p1a: Primarina|spd|1
|
|-heal|p1a: Primarina|65/100|[from] item: Leftovers
|upkeep
|turn|6
|
|t:|1758363243
|move|p2a: Gyarados|Earthquake|p1a: Primarina
|-end|p1a: Primarina|Substitute
|move|p1a: Primarina|Draining Kiss|p2a: Gyarados
|-damage|p2a: Gyarados|67/100
|-heal|p1a: Primarina|88/100|[from] drain|[of] p2a: Gyarados
|
|-heal|p1a: Primarina|94/100|[from] item: Leftovers
|upkeep
|turn|7
|
|t:|1758363253
|move|p2a: Gyarados|Earthquake|p1a: Primarina
|-damage|p1a: Primarina|50/100
|move|p1a: Primarina|Draining Kiss|p2a: Gyarados
|-damage|p2a: Gyarados|36/100
|-heal|p1a: Primarina|71/100|[from] drain|[of] p2a: Gyarados
|
|-heal|p1a: Primarina|77/100|[from] item: Leftovers
|upkeep
|turn|8
|
|t:|1758363267
|move|p2a: Gyarados|Earthquake|p1a: Primarina
|-damage|p1a: Primarina|38/100
|move|p1a: Primarina|Draining Kiss|p2a: Gyarados
|-damage|p2a: Gyarados|4/100
|-heal|p1a: Primarina|60/100|[from] drain|[of] p2a: Gyarados
|
|-heal|p1a: Primarina|66/100|[from] item: Leftovers
|upkeep
|turn|9
|
|t:|1758363278
|switch|p2a: Scizor|Scizor, M|72/100
|switch|p1a: Rillaboom|Rillaboom, F|100/100
|-fieldstart|move: Grassy Terrain|[from] ability: Grassy Surge|[of] p1a: Rillaboom
|
|-heal|p2a: Scizor|78/100|[from] Grassy Terrain
|upkeep
|turn|10
|
|t:|1758363288
|move|p1a: Rillaboom|Knock Off|p2a: Scizor
|-damage|p2a: Scizor|41/100
|-enditem|p2a: Scizor|Choice Band|[from] move: Knock Off|[of] p1a: Rillaboom
|move|p2a: Scizor|U-turn|p1a: Rillaboom
|-supereffective|p1a: Rillaboom
|-damage|p1a: Rillaboom|25/100
|
|t:|1758363302
|switch|p2a: Weavile|Weavile, M|91/100|[from] U-turn
|-ability|p2a: Weavile|Pressure
|
|-heal|p2a: Weavile|97/100|[from] Grassy Terrain
|-heal|p1a: Rillaboom|32/100|[from] Grassy Terrain
|upkeep
|turn|11
|
|t:|1758363317
|switch|p1a: Gholdengo|Gholdengo|100/100
|-enditem|p1a: Gholdengo|Grassy Seed
|-boost|p1a: Gholdengo|def|1|[from] item: Grassy Seed
|move|p2a: Weavile|Ice Shard|p1a: Gholdengo
|-resisted|p1a: Gholdengo
|-crit|p1a: Gholdengo
|-damage|p1a: Gholdengo|88/100
|-damage|p2a: Weavile|87/100|[from] item: Life Orb
|
|-heal|p2a: Weavile|93/100|[from] Grassy Terrain
|-heal|p1a: Gholdengo|94/100|[from] Grassy Terrain
|upkeep
|turn|12
|
|t:|1758363332
|move|p2a: Weavile|Knock Off|p1a: Gholdengo
|-supereffective|p1a: Gholdengo
|-damage|p1a: Gholdengo|51/100
|-damage|p2a: Weavile|83/100|[from] item: Life Orb
|move|p1a: Gholdengo|Make It Rain|p2a: Weavile
|-supereffective|p2a: Weavile
|-damage|p2a: Weavile|0 fnt
|-unboost|p1a: Gholdengo|spa|1
|faint|p2a: Weavile
|
|-heal|p1a: Gholdengo|57/100|[from] Grassy Terrain
|upkeep
|l|☆hydromissfocushit
|player|p1|
|
|t:|1758363350
|switch|p2a: Garchomp|Garchomp, M|100/100
|turn|13
|j|☆hydromissfocushit
|player|p1|hydromissfocushit|1|
|
|t:|1758363363
|-terastallize|p2a: Garchomp|Fire
|move|p2a: Garchomp|Swords Dance|p2a: Garchomp
|-boost|p2a: Garchomp|atk|2
|move|p1a: Gholdengo|Make It Rain|p2a: Garchomp
|-resisted|p2a: Garchomp
|-damage|p2a: Garchomp|80/100
|-unboost|p1a: Gholdengo|spa|1
|
|-heal|p2a: Garchomp|86/100|[from] Grassy Terrain
|-heal|p1a: Gholdengo|63/100|[from] Grassy Terrain
|upkeep
|turn|14
|
|t:|1758363378
|move|p2a: Garchomp|Tera Blast|p1a: Gholdengo|[anim] Tera Blast Fire
|-supereffective|p1a: Gholdengo
|-crit|p1a: Gholdengo
|-damage|p1a: Gholdengo|0 fnt
|faint|p1a: Gholdengo
|
|-heal|p2a: Garchomp|92/100|[from] Grassy Terrain
|upkeep
|
|t:|1758363382
|switch|p1a: Primarina|Primarina, F|66/100
|turn|15
|
|t:|1758363397
|switch|p2a: Gyarados|Gyarados, M|4/100
|-ability|p2a: Gyarados|Intimidate|boost
|-unboost|p1a: Primarina|atk|1
|move|p1a: Primarina|Psychic Noise|p2a: Gyarados
|-resisted|p2a: Gyarados
|-damage|p2a: Gyarados|0 fnt
|faint|p2a: Gyarados
|
|-heal|p1a: Primarina|72/100|[from] Grassy Terrain
|-heal|p1a: Primarina|79/100|[from] item: Leftovers
|upkeep
|
|t:|1758363421
|switch|p2a: Torterra|Torterra, M|100/100
|turn|16
|
|t:|1758363447
|switch|p1a: Rillaboom|Rillaboom, F|32/100
|move|p2a: Torterra|Shell Smash|p2a: Torterra
|-unboost|p2a: Torterra|def|1
|-unboost|p2a: Torterra|spd|1
|-boost|p2a: Torterra|atk|2
|-boost|p2a: Torterra|spa|2
|-boost|p2a: Torterra|spe|2
|
|-heal|p1a: Rillaboom|38/100|[from] Grassy Terrain
|-fieldend|move: Grassy Terrain
|upkeep
|turn|17
|
|t:|1758363460
|switch|p1a: Mandibuzz|Mandibuzz, F|64/100
|move|p2a: Torterra|Rock Blast|p1a: Mandibuzz
|-supereffective|p1a: Mandibuzz
|-damage|p1a: Mandibuzz|47/100
|-supereffective|p1a: Mandibuzz
|-damage|p1a: Mandibuzz|29/100
|-supereffective|p1a: Mandibuzz
|-damage|p1a: Mandibuzz|12/100
|-supereffective|p1a: Mandibuzz
|-damage|p1a: Mandibuzz|0 fnt
|faint|p1a: Mandibuzz
|-hitcount|p1: Mandibuzz|4
|
|upkeep
|
|t:|1758363463
|switch|p1a: Rillaboom|Rillaboom, F|38/100
|-fieldstart|move: Grassy Terrain|[from] ability: Grassy Surge|[of] p1a: Rillaboom
|turn|18
|
|t:|1758363476
|move|p1a: Rillaboom|Grassy Glide|p2a: Torterra
|-damage|p2a: Torterra|44/100
|move|p2a: Torterra|Rock Blast|p1a: Rillaboom
|-damage|p1a: Rillaboom|24/100
|-damage|p1a: Rillaboom|8/100
|-damage|p1a: Rillaboom|0 fnt
|faint|p1a: Rillaboom
|-hitcount|p1: Rillaboom|3
|
|-heal|p2a: Torterra|50/100|[from] Grassy Terrain
|upkeep
|
|t:|1758363500
|switch|p1a: Hawlucha|Hawlucha, M|100/100
|-enditem|p1a: Hawlucha|Grassy Seed
|-boost|p1a: Hawlucha|def|1|[from] item: Grassy Seed
|turn|19
|
|t:|1758363510
|move|p1a: Hawlucha|Acrobatics|p2a: Torterra
|-supereffective|p2a: Torterra
|-damage|p2a: Torterra|0 fnt
|faint|p2a: Torterra
|
|upkeep
|
|t:|1758363531
|switch|p2a: Staraptor|Staraptor, M|100/100
|turn|20
|
|t:|1758363555
|switch|p1a: Primarina|Primarina, F|79/100
|move|p2a: Staraptor|Brave Bird|p1a: Primarina
|-damage|p1a: Primarina|20/100
|-damage|p2a: Staraptor|78/100|[from] Recoil
|
|-heal|p1a: Primarina|26/100|[from] Grassy Terrain
|-heal|p1a: Primarina|32/100|[from] item: Leftovers
|upkeep
|turn|21
|
|t:|1758363566
|move|p2a: Staraptor|Brave Bird|p1a: Primarina
|-damage|p1a: Primarina|0 fnt
|faint|p1a: Primarina
|-damage|p2a: Staraptor|66/100|[from] Recoil
|
|upkeep
|
|t:|1758363587
|switch|p1a: Scizor|Scizor, F|28/100
|turn|22
|
|t:|1758363593
|switch|p2a: Garchomp|Garchomp, M, tera:Fire|92/100
|move|p1a: Scizor|Bullet Punch|p2a: Garchomp
|-resisted|p2a: Garchomp
|-damage|p2a: Garchomp|76/100
|-damage|p1a: Scizor|16/100|[from] ability: Rough Skin|[of] p2a: Garchomp
|
|-heal|p2a: Garchomp|83/100|[from] Grassy Terrain
|-heal|p1a: Scizor|22/100|[from] Grassy Terrain
|upkeep
|turn|23
|l|☆hydromissfocushit
|player|p1|
|j|☆hydromissfocushit
|player|p1|hydromissfocushit|1|
|inactive|Battle timer is ON: inactive players will automatically lose when time's up. (requested by dulana123)
|
|t:|1758363634
|move|p2a: Garchomp|Tera Blast|p1a: Scizor|[anim] Tera Blast Fire
|-supereffective|p1a: Scizor
|-damage|p1a: Scizor|0 fnt
|faint|p1a: Scizor
|
|-heal|p2a: Garchomp|89/100|[from] Grassy Terrain
|upkeep
|
|t:|1758363637
|switch|p1a: Hawlucha|Hawlucha, M|100/100
|turn|24
|
|t:|1758363646
|-terastallize|p1a: Hawlucha|Flying
|move|p2a: Garchomp|Tera Blast|p1a: Hawlucha|[anim] Tera Blast Fire
|-damage|p1a: Hawlucha|46/100
|move|p1a: Hawlucha|Acrobatics|p2a: Garchomp
|-damage|p2a: Garchomp|21/100
|-damage|p1a: Hawlucha|34/100|[from] ability: Rough Skin|[of] p2a: Garchomp
|
|-heal|p2a: Garchomp|27/100|[from] Grassy Terrain
|upkeep
|turn|25
|
|t:|1758363658
|move|p2a: Garchomp|Tera Blast|p1a: Hawlucha|[anim] Tera Blast Fire
|-crit|p1a: Hawlucha
|-damage|p1a: Hawlucha|0 fnt
|faint|p1a: Hawlucha
|
|win|dulana123
|raw|hydromissfocushit's rating: 1260 &rarr; <strong>1239</strong><br />(-21 for losing)
|raw|dulana123's rating: 1323 &rarr; <strong>1339</strong><br />(+16 for winning)
|l|☆hydromissfocushit
|player|p1|
|l|☆dulana123
|player|p2|
