|j|☆jojokaka
|j|☆36hpdc
|t:|1758275266
|gametype|singles
|player|p1|jojokaka|101|1242
|player|p2|36hpdc|1|1206
|gen|9
|tier|[Gen 9] OU
|rated|
|rule|HP Percentage Mod: HP is shown in percentages
|rule|Endless Battle Clause: Forcing endless battles is banned
|rule|Species Clause: Limit one of each Pokémon
|rule|OHKO Clause: OHKO moves are banned
|rule|Evasion Items Clause: Evasion items are banned
|rule|Evasion Moves Clause: Evasion moves are banned
|rule|Evasion Abilities Clause: Evasion abilities are banned
|rule|Sleep Moves Clause: Sleep-inducing moves are banned
|clearpoke
|poke|p1|Dragonite, M|
|poke|p1|Cinderace, M|
|poke|p1|Darkrai|
|poke|p1|Iron Treads|
|poke|p1|Pecharunt|
|poke|p1|Ogerpon-Wellspring, F|
|poke|p2|Dusclops, M|
|poke|p2|Klefki, F|
|poke|p2|Conkeldurr, F|
|poke|p2|Ursaluna, M|
|poke|p2|Kingdra, F|
|poke|p2|Politoed, F|
|teampreview
|
|t:|1758275273
|teamsize|p1|6
|teamsize|p2|6
|start
|switch|p1a: Ogerpon|Ogerpon-Wellspring, F|100/100
|switch|p2a: Klefki|Klefki, F|100/100
|turn|1
|
|t:|1758275281
|move|p2a: Klefki|Thunder Wave|p1a: Ogerpon
|-status|p1a: Ogerpon|par
|cant|p1a: Ogerpon|par
|
|upkeep
|turn|2
|
|t:|1758275287
|switch|p2a: Dusclops|Dusclops, M|100/100
|-item|p1a: Ogerpon|Wellspring Mask|[from] ability: Frisk|[of] p2a: Dusclops
|cant|p1a: Ogerpon|par
|
|upkeep
|turn|3
|
|t:|1758275294
|cant|p1a: Ogerpon|par
|move|p2a: Dusclops|Curse|p1a: Ogerpon
|-start|p1a: Ogerpon|Curse|[of] p2a: Dusclops
|-damage|p2a: Dusclops|50/100
|
|-damage|p1a: Ogerpon|76/100 par|[from] Curse
|upkeep
|turn|4
|
|t:|1758275307
|switch|p1a: Darkrai|Darkrai, shiny|100/100
|move|p2a: Dusclops|Pain Split|p1a: Darkrai
|-sethp|p1a: Darkrai|76/100|[from] move: Pain Split|[silent]
|-sethp|p2a: Dusclops|75/100|[from] move: Pain Split
|
|upkeep
|turn|5
|inactive|Battle timer is ON: inactive players will automatically lose when time's up. (requested by 36hpdc)
|
|t:|1758275314
|switch|p2a: Conkeldurr|Conkeldurr, F|100/100
|move|p1a: Darkrai|Dark Pulse|p2a: Conkeldurr
|-resisted|p2a: Conkeldurr
|-damage|p2a: Conkeldurr|68/100
|-damage|p1a: Darkrai|66/100|[from] item: Life Orb
|
|-status|p2a: Conkeldurr|brn|[from] item: Flame Orb
|upkeep
|turn|6
|
|t:|1758275324
|switch|p2a: Klefki|Klefki, F|100/100
|move|p1a: Darkrai|Sludge Bomb|p2a: Klefki
|-immune|p2a: Klefki
|
|upkeep
|turn|7
|
|t:|1758275339
|switch|p1a: Iron Treads|Iron Treads, shiny|100/100
|switch|p2a: Ursaluna|Ursaluna, M|100/100
|
|-status|p2a: Ursaluna|brn|[from] item: Flame Orb
|upkeep
|turn|8
|
|t:|1758275356
|-end|p1a: Iron Treads|Quark Drive|[silent]
|switch|p1a: Dragonite|Dragonite, M, shiny|100/100
|move|p2a: Ursaluna|Earthquake|p1a: Dragonite
|-immune|p1a: Dragonite
|
|-damage|p2a: Ursaluna|94/100 brn|[from] brn
|upkeep
|turn|9
|
|t:|1758275365
|-terastallize|p1a: Dragonite|Normal
|move|p1a: Dragonite|Extreme Speed|p2a: Ursaluna
|-damage|p2a: Ursaluna|47/100 brn
|move|p2a: Ursaluna|Ice Punch|p1a: Dragonite
|-damage|p1a: Dragonite|78/100
|-status|p1a: Dragonite|frz
|
|-damage|p2a: Ursaluna|41/100 brn|[from] brn
|upkeep
|turn|10
|
|t:|1758275376
|cant|p1a: Dragonite|frz
|move|p2a: Ursaluna|Facade|p1a: Dragonite
|-crit|p1a: Dragonite
|-damage|p1a: Dragonite|0 fnt
|faint|p1a: Dragonite
|
|-damage|p2a: Ursaluna|35/100 brn|[from] brn
|upkeep
|c|☆jojokaka|how much luck u gonna get
|
|t:|1758275397
|switch|p1a: Darkrai|Darkrai, shiny|66/100
|turn|11
|c|☆36hpdc|True
|
|t:|1758275410
|switch|p2a: Klefki|Klefki, F|100/100
|move|p1a: Darkrai|Ice Beam|p2a: Klefki
|-resisted|p2a: Klefki
|-damage|p2a: Klefki|81/100
|-damage|p1a: Darkrai|56/100|[from] item: Life Orb
|
|upkeep
|turn|12
|
|t:|1758275423
|switch|p1a: Iron Treads|Iron Treads, shiny|100/100
|switch|p2a: Politoed|Politoed, F|100/100
|-weather|RainDance|[from] ability: Drizzle|[of] p2a: Politoed
|
|-weather|RainDance|[upkeep]
|upkeep
|turn|13
|
|t:|1758275435
|move|p1a: Iron Treads|Knock Off|p2a: Politoed
|-damage|p2a: Politoed|69/100
|-enditem|p2a: Politoed|Damp Rock|[from] move: Knock Off|[of] p1a: Iron Treads
|move|p2a: Politoed|Weather Ball|p1a: Iron Treads
|-supereffective|p1a: Iron Treads
|-damage|p1a: Iron Treads|0 fnt
|faint|p1a: Iron Treads
|-end|p1a: Iron Treads|Quark Drive|[silent]
|
|-weather|RainDance|[upkeep]
|upkeep
|
|t:|1758275444
|switch|p1a: Ogerpon|Ogerpon-Wellspring, F|76/100 par
|turn|14
|
|t:|1758275450
|move|p2a: Politoed|Perish Song|p2a: Politoed
|-start|p1a: Ogerpon|perish3|[silent]
|-start|p2a: Politoed|perish3|[silent]
|-fieldactivate|move: Perish Song
|cant|p1a: Ogerpon|par
|
|-weather|RainDance|[upkeep]
|-start|p2a: Politoed|perish3
|-start|p1a: Ogerpon|perish3
|upkeep
|turn|15
|
|t:|1758275462
|switch|p2a: Klefki|Klefki, F|81/100
|switch|p1a: Pecharunt|Pecharunt|100/100
|
|-weather|RainDance|[upkeep]
|upkeep
|turn|16
|
|t:|1758275469
|move|p2a: Klefki|Switcheroo|p1a: Pecharunt
|-activate|p2a: Klefki|move: Trick|[of] p1a: Pecharunt
|-item|p1a: Pecharunt|Choice Scarf|[from] move: Switcheroo
|-item|p2a: Klefki|Heavy-Duty Boots|[from] move: Switcheroo
|move|p1a: Pecharunt|Nasty Plot|p1a: Pecharunt
|-boost|p1a: Pecharunt|spa|2
|
|-weather|RainDance|[upkeep]
|upkeep
|turn|17
|
|t:|1758275482
|switch|p1a: Ogerpon|Ogerpon-Wellspring, F|76/100 par
|switch|p2a: Dusclops|Dusclops, M|75/100
|-item|p1a: Ogerpon|Wellspring Mask|[from] ability: Frisk|[of] p2a: Dusclops
|
|-weather|RainDance|[upkeep]
|upkeep
|turn|18
|
|t:|1758275490
|move|p1a: Ogerpon|Swords Dance|p1a: Ogerpon
|-boost|p1a: Ogerpon|atk|2
|move|p2a: Dusclops|Trick Room|p2a: Dusclops
|-fieldstart|move: Trick Room|[of] p2a: Dusclops
|
|-weather|RainDance|[upkeep]
|upkeep
|turn|19
|
|t:|1758275497
|move|p2a: Dusclops|Curse|p1a: Ogerpon
|-start|p1a: Ogerpon|Curse|[of] p2a: Dusclops
|-damage|p2a: Dusclops|25/100
|move|p1a: Ogerpon|Horn Leech|p2a: Dusclops
|-damage|p2a: Dusclops|0 fnt
|-heal|p1a: Ogerpon|87/100 par|[from] drain|[of] p2a: Dusclops
|faint|p2a: Dusclops
|
|-weather|none
|-damage|p1a: Ogerpon|62/100 par|[from] Curse
|upkeep
|
|t:|1758275509
|switch|p2a: Ursaluna|Ursaluna, M|35/100 brn
|turn|20
|
|t:|1758275514
|move|p2a: Ursaluna|Facade|p1a: Ogerpon
|-damage|p1a: Ogerpon|0 fnt
|faint|p1a: Ogerpon
|
|-damage|p2a: Ursaluna|29/100 brn|[from] brn
|upkeep
|
|t:|1758275528
|switch|p1a: Darkrai|Darkrai, shiny|56/100
|turn|21
|
|t:|1758275536
|move|p2a: Ursaluna|Earthquake|p1a: Darkrai
|-damage|p1a: Darkrai|0 fnt
|faint|p1a: Darkrai
|
|-damage|p2a: Ursaluna|23/100 brn|[from] brn
|upkeep
|
|t:|1758275543
|switch|p1a: Cinderace|Cinderace, M, shiny|100/100
|turn|22
|
|t:|1758275550
|move|p2a: Ursaluna|Facade|p1a: Cinderace
|-crit|p1a: Cinderace
|-damage|p1a: Cinderace|0 fnt
|faint|p1a: Cinderace
|
|-damage|p2a: Ursaluna|17/100 brn|[from] brn
|-fieldend|move: Trick Room
|upkeep
|
|t:|1758275557
|switch|p1a: Pecharunt|Pecharunt|100/100
|turn|23
|
|t:|1758275562
|switch|p2a: Klefki|Klefki, F|81/100
|move|p1a: Pecharunt|Hex|p2a: Klefki
|-damage|p2a: Klefki|54/100
|
|upkeep
|turn|24
|
|t:|1758275570
|move|p2a: Klefki|Thunder Wave|p1a: Pecharunt|[miss]
|-miss|p2a: Klefki|p1a: Pecharunt
|move|p1a: Pecharunt|Hex|p2a: Klefki
|-damage|p2a: Klefki|29/100
|
|upkeep
|turn|25
|
|t:|1758275576
|move|p2a: Klefki|Thunder Wave|p1a: Pecharunt
|-status|p1a: Pecharunt|par
|move|p1a: Pecharunt|Hex|p2a: Klefki
|-damage|p2a: Klefki|4/100
|
|upkeep
|turn|26
|
|t:|1758275583
|switch|p2a: Ursaluna|Ursaluna, M|17/100 brn
|move|p1a: Pecharunt|Hex|p2a: Ursaluna
|-immune|p2a: Ursaluna
|
|-damage|p2a: Ursaluna|10/100 brn|[from] brn
|upkeep
|turn|27
|
|t:|1758275592
|move|p1a: Pecharunt|Hex|p2a: Ursaluna
|-immune|p2a: Ursaluna
|move|p2a: Ursaluna|Earthquake|p1a: Pecharunt
|-supereffective|p1a: Pecharunt
|-crit|p1a: Pecharunt
|-damage|p1a: Pecharunt|0 fnt
|faint|p1a: Pecharunt
|
|win|36hpdc
|raw|jojokaka's rating: 1242 &rarr; <strong>1214</strong><br />(-28 for losing)
|raw|36hpdc's rating: 1206 &rarr; <strong>1234</strong><br />(+28 for winning)
|l|☆36hpdc
|player|p2|
|l|☆jojokaka
|player|p1|
