|j|☆ougengarback
|j|☆Omega Principle
|t:|1758234328
|gametype|singles
|player|p1|ougengarback|1|1447
|player|p2|Omega Principle|lucas|1412
|gen|9
|tier|[Gen 9] OU
|rated|
|rule|HP Percentage Mod: HP is shown in percentages
|rule|Endless Battle Clause: Forcing endless battles is banned
|rule|Species Clause: Limit one of each Pokémon
|rule|OHKO Clause: OHKO moves are banned
|rule|Evasion Items Clause: Evasion items are banned
|rule|Evasion Moves Clause: Evasion moves are banned
|rule|Evasion Abilities Clause: Evasion abilities are banned
|rule|Sleep Moves Clause: Sleep-inducing moves are banned
|clearpoke
|poke|p1|Dragonite, M|
|poke|p1|Gholdengo|
|poke|p1|Iron Treads|
|poke|p1|Quaquaval, M|
|poke|p1|Slowking-Galar, F|
|poke|p1|Ting-Lu|
|poke|p2|Ribombee, M|
|poke|p2|Gholdengo|
|poke|p2|Dragapult, F|
|poke|p2|Ogerpon-Wellspring, F|
|poke|p2|Great Tusk|
|poke|p2|Volbeat, M|
|teampreview
|inactive|Battle timer is ON: inactive players will automatically lose when time's up. (requested by ougengarback)
|inactive|Omega Principle has 120 seconds left.
|
|t:|1758234369
|teamsize|p1|6
|teamsize|p2|6
|start
|switch|p1a: Iron Treads|Iron Treads|100/100
|switch|p2a: Ogerpon|Ogerpon-Wellspring, F|100/100
|turn|1
|
|t:|1758234389
|move|p1a: Iron Treads|Rapid Spin|p2a: Ogerpon
|-damage|p2a: Ogerpon|80/100
|-boost|p1a: Iron Treads|spe|1
|move|p2a: Ogerpon|Ivy Cudgel|p1a: Iron Treads|[anim] Ivy Cudgel Water
|-supereffective|p1a: Iron Treads
|-damage|p1a: Iron Treads|0 fnt
|faint|p1a: Iron Treads
|-end|p1a: Iron Treads|Quark Drive|[silent]
|
|upkeep
|
|t:|1758234404
|switch|p1a: Slowking|Slowking-Galar, F|100/100
|turn|2
|
|t:|1758234416
|switch|p2a: Gholdengo|Gholdengo|100/100
|move|p1a: Slowking|Future Sight|p2a: Gholdengo
|-start|p1a: Slowking|move: Future Sight
|
|upkeep
|turn|3
|
|t:|1758234435
|move|p2a: Gholdengo|Nasty Plot|p2a: Gholdengo
|-boost|p2a: Gholdengo|spa|2
|-prepare|p1a: Slowking|Chilly Reception|[premajor]
|move|p1a: Slowking|Chilly Reception|p1a: Slowking
|-weather|Snowscape
|
|t:|1758234446
|switch|p1a: Dragonite|Dragonite, M|100/100|[from] Chilly Reception
|
|-weather|Snowscape|[upkeep]
|upkeep
|turn|4
|
|t:|1758234463
|move|p2a: Gholdengo|Shadow Ball|p1a: Dragonite
|-damage|p1a: Dragonite|59/100
|move|p1a: Dragonite|Earthquake|p2a: Gholdengo
|-supereffective|p2a: Gholdengo
|-crit|p2a: Gholdengo
|-damage|p2a: Gholdengo|0 fnt
|faint|p2a: Gholdengo
|
|-weather|Snowscape|[upkeep]
|-hint|Future Sight did not hit because the target is fainted.
|upkeep
|inactive|Omega Principle has 120 seconds left.
|
|t:|1758234500
|switch|p2a: Ribombee|Ribombee, M|100/100
|turn|5
|
|t:|1758234508
|move|p1a: Dragonite|Extreme Speed|p2a: Ribombee
|-damage|p2a: Ribombee|40/100
|move|p2a: Ribombee|Quiver Dance|p2a: Ribombee
|-boost|p2a: Ribombee|spa|1
|-boost|p2a: Ribombee|spd|1
|-boost|p2a: Ribombee|spe|1
|
|-weather|Snowscape|[upkeep]
|upkeep
|turn|6
|inactive|Omega Principle has 120 seconds left.
|
|t:|1758234516
|switch|p2a: Volbeat|Volbeat, M|100/100
|move|p1a: Dragonite|Extreme Speed|p2a: Volbeat
|-damage|p2a: Volbeat|70/100
|
|-weather|Snowscape|[upkeep]
|-heal|p2a: Volbeat|76/100|[from] item: Leftovers
|upkeep
|turn|7
|
|t:|1758234528
|switch|p1a: Slowking|Slowking-Galar, F|100/100
|move|p2a: Volbeat|Thunder Wave|p1a: Slowking|[miss]
|-miss|p2a: Volbeat|p1a: Slowking
|
|-weather|none
|-heal|p2a: Volbeat|82/100|[from] item: Leftovers
|upkeep
|turn|8
|
|t:|1758234538
|move|p2a: Volbeat|Taunt|p1a: Slowking
|-start|p1a: Slowking|move: Taunt
|move|p1a: Slowking|Future Sight|p2a: Volbeat
|-start|p1a: Slowking|move: Future Sight
|
|-heal|p2a: Volbeat|88/100|[from] item: Leftovers
|upkeep
|turn|9
|
|t:|1758234545
|move|p2a: Volbeat|Light Screen|p2a: Volbeat
|-sidestart|p2: Omega Principle|move: Light Screen
|move|p1a: Slowking|Ice Beam|p2a: Volbeat
|-damage|p2a: Volbeat|75/100
|
|-heal|p2a: Volbeat|81/100|[from] item: Leftovers
|upkeep
|turn|10
|
|t:|1758234556
|move|p2a: Volbeat|Thunder Wave|p1a: Slowking
|-status|p1a: Slowking|par
|move|p1a: Slowking|Sludge Bomb|p2a: Volbeat
|-damage|p2a: Volbeat|62/100
|-status|p2a: Volbeat|psn
|
|-end|p2a: Volbeat|move: Future Sight
|-damage|p2a: Volbeat|38/100 psn
|-heal|p2a: Volbeat|44/100 psn|[from] item: Leftovers
|-damage|p2a: Volbeat|31/100 psn|[from] psn
|-end|p1a: Slowking|move: Taunt
|upkeep
|turn|11
|
|t:|1758234568
|move|p2a: Volbeat|Taunt|p1a: Slowking
|-start|p1a: Slowking|move: Taunt
|cant|p1a: Slowking|par
|
|-heal|p2a: Volbeat|37/100 psn|[from] item: Leftovers
|-damage|p2a: Volbeat|25/100 psn|[from] psn
|upkeep
|turn|12
|
|t:|1758234575
|move|p2a: Volbeat|U-turn|p1a: Slowking
|-damage|p1a: Slowking|88/100 par
|
|t:|1758234581
|switch|p2a: Ribombee|Ribombee, M|40/100|[from] U-turn
|move|p1a: Slowking|Future Sight|p2a: Ribombee
|-start|p1a: Slowking|move: Future Sight
|
|upkeep
|turn|13
|
|t:|1758234596
|move|p2a: Ribombee|Sticky Web|p1a: Slowking
|-sidestart|p1: ougengarback|move: Sticky Web
|cant|p1a: Slowking|par
|
|-end|p1a: Slowking|move: Taunt
|-sideend|p2: Omega Principle|move: Light Screen
|upkeep
|turn|14
|inactive|Omega Principle has 120 seconds left.
|
|t:|1758234636
|switch|p2a: Volbeat|Volbeat, M|25/100 psn
|move|p1a: Slowking|Sludge Bomb|p2a: Volbeat
|-damage|p2a: Volbeat|0 fnt
|faint|p2a: Volbeat
|
|-hint|Future Sight did not hit because the target is fainted.
|upkeep
|inactive|Omega Principle has 90 seconds left.
|
|t:|1758234678
|switch|p2a: Dragapult|Dragapult, F|100/100
|turn|15
|
|t:|1758234687
|move|p2a: Dragapult|Dragon Darts|p1a: Slowking
|-damage|p1a: Slowking|60/100 par
|-anim|p2a: Dragapult|Dragon Darts|p1a: Slowking
|-damage|p1a: Slowking|32/100 par
|cant|p1a: Slowking|par
|
|upkeep
|turn|16
|inactive|Omega Principle has 90 seconds left.
|
|t:|1758234694
|switch|p1a: Ting-Lu|Ting-Lu|100/100
|-activate|p1a: Ting-Lu|move: Sticky Web
|-unboost|p1a: Ting-Lu|spe|1
|-ability|p1a: Ting-Lu|Vessel of Ruin
|move|p2a: Dragapult|Dragon Darts|p1a: Ting-Lu
|-damage|p1a: Ting-Lu|78/100
|-anim|p2a: Dragapult|Dragon Darts|p1a: Ting-Lu
|-damage|p1a: Ting-Lu|58/100
|
|-heal|p1a: Ting-Lu|64/100|[from] item: Leftovers
|upkeep
|turn|17
|inactive|Omega Principle has 90 seconds left.
|
|t:|1758234714
|switch|p2a: Great Tusk|Great Tusk|100/100
|move|p1a: Ting-Lu|Spikes|p2a: Great Tusk
|-sidestart|p2: Omega Principle|Spikes
|
|-heal|p1a: Ting-Lu|70/100|[from] item: Leftovers
|upkeep
|turn|18
|
|t:|1758234730
|move|p2a: Great Tusk|Ice Spinner|p1a: Ting-Lu
|-supereffective|p1a: Ting-Lu
|-damage|p1a: Ting-Lu|37/100
|move|p1a: Ting-Lu|Whirlwind|p2a: Great Tusk
|-end|p2a: Great Tusk|Protosynthesis|[silent]
|drag|p2a: Ogerpon|Ogerpon-Wellspring, F|80/100
|-damage|p2a: Ogerpon|68/100|[from] Spikes
|
|-heal|p1a: Ting-Lu|43/100|[from] item: Leftovers
|upkeep
|turn|19
|
|t:|1758234741
|move|p2a: Ogerpon|Ivy Cudgel|p1a: Ting-Lu|[anim] Ivy Cudgel Water
|-supereffective|p1a: Ting-Lu
|-damage|p1a: Ting-Lu|0 fnt
|faint|p1a: Ting-Lu
|
|upkeep
|
|t:|1758234753
|switch|p1a: Dragonite|Dragonite, M|59/100
|turn|20
|inactive|Omega Principle has 90 seconds left.
|
|t:|1758234764
|switch|p2a: Great Tusk|Great Tusk|100/100
|-damage|p2a: Great Tusk|88/100|[from] Spikes
|move|p1a: Dragonite|Roost|p1a: Dragonite
|-heal|p1a: Dragonite|100/100
|-singleturn|p1a: Dragonite|move: Roost
|
|upkeep
|turn|21
|inactive|Omega Principle has 90 seconds left.
|
|t:|1758234782
|switch|p1a: Gholdengo|Gholdengo|100/100
|-activate|p1a: Gholdengo|move: Sticky Web
|-unboost|p1a: Gholdengo|spe|1
|move|p2a: Great Tusk|Rapid Spin|p1a: Gholdengo
|-immune|p1a: Gholdengo
|
|upkeep
|turn|22
|inactive|Omega Principle has 90 seconds left.
|
|t:|1758234798
|move|p1a: Gholdengo|Trick|p2a: Great Tusk
|-activate|p1a: Gholdengo|move: Trick|[of] p2a: Great Tusk
|-item|p2a: Great Tusk|Choice Scarf|[from] move: Trick
|-item|p1a: Gholdengo|Assault Vest|[from] move: Trick
|move|p2a: Great Tusk|Headlong Rush|p1a: Gholdengo
|-supereffective|p1a: Gholdengo
|-damage|p1a: Gholdengo|0 fnt
|-unboost|p2a: Great Tusk|def|1
|-unboost|p2a: Great Tusk|spd|1
|faint|p1a: Gholdengo
|
|upkeep
|
|t:|1758234807
|switch|p1a: Dragonite|Dragonite, M|100/100
|turn|23
|inactive|Omega Principle has 90 seconds left.
|
|t:|1758234819
|-end|p2a: Great Tusk|Protosynthesis|[silent]
|switch|p2a: Ribombee|Ribombee, M|40/100
|-damage|p2a: Ribombee|27/100|[from] Spikes
|move|p1a: Dragonite|Dragon Dance|p1a: Dragonite
|-boost|p1a: Dragonite|atk|1
|-boost|p1a: Dragonite|spe|1
|
|upkeep
|turn|24
|
|t:|1758234826
|move|p1a: Dragonite|Extreme Speed|p2a: Ribombee
|-damage|p2a: Ribombee|0 fnt
|faint|p2a: Ribombee
|
|upkeep
|
|t:|1758234832
|switch|p2a: Great Tusk|Great Tusk|88/100
|-damage|p2a: Great Tusk|76/100|[from] Spikes
|turn|25
|
|t:|1758234840
|-terastallize|p1a: Dragonite|Normal
|move|p1a: Dragonite|Dragon Dance|p1a: Dragonite
|-boost|p1a: Dragonite|atk|1
|-boost|p1a: Dragonite|spe|1
|move|p2a: Great Tusk|Ice Spinner|p1a: Dragonite
|-damage|p1a: Dragonite|86/100
|
|upkeep
|turn|26
|inactive|Omega Principle has 90 seconds left.
|
|t:|1758234863
|-end|p2a: Great Tusk|Protosynthesis|[silent]
|switch|p2a: Ogerpon|Ogerpon-Wellspring, F|68/100
|-damage|p2a: Ogerpon|56/100|[from] Spikes
|move|p1a: Dragonite|Earthquake|p2a: Ogerpon
|-resisted|p2a: Ogerpon
|-damage|p2a: Ogerpon|1/100
|
|upkeep
|turn|27
|
|t:|1758234869
|move|p1a: Dragonite|Extreme Speed|p2a: Ogerpon
|-crit|p2a: Ogerpon
|-damage|p2a: Ogerpon|0 fnt
|faint|p2a: Ogerpon
|
|upkeep
|inactive|Omega Principle has 90 seconds left.
|
|t:|1758234889
|switch|p2a: Great Tusk|Great Tusk|76/100
|-damage|p2a: Great Tusk|63/100|[from] Spikes
|turn|28
|
|t:|1758234897
|move|p1a: Dragonite|Roost|p1a: Dragonite
|-heal|p1a: Dragonite|100/100
|move|p2a: Great Tusk|Close Combat|p1a: Dragonite
|-supereffective|p1a: Dragonite
|-damage|p1a: Dragonite|34/100
|-unboost|p2a: Great Tusk|def|1
|-unboost|p2a: Great Tusk|spd|1
|
|upkeep
|turn|29
|
|t:|1758234905
|-end|p2a: Great Tusk|Protosynthesis|[silent]
|switch|p2a: Dragapult|Dragapult, F|100/100
|-damage|p2a: Dragapult|88/100|[from] Spikes
|move|p1a: Dragonite|Extreme Speed|p2a: Dragapult
|-immune|p2a: Dragapult
|
|upkeep
|turn|30
|
|t:|1758234920
|move|p2a: Dragapult|Sucker Punch|p1a: Dragonite
|-damage|p1a: Dragonite|2/100
|move|p1a: Dragonite|Earthquake|p2a: Dragapult
|-damage|p2a: Dragapult|0 fnt
|faint|p2a: Dragapult
|
|upkeep
|
|t:|1758234926
|switch|p2a: Great Tusk|Great Tusk|63/100
|-damage|p2a: Great Tusk|51/100|[from] Spikes
|turn|31
|
|t:|1758234933
|move|p1a: Dragonite|Extreme Speed|p2a: Great Tusk
|-damage|p2a: Great Tusk|0 fnt
|faint|p2a: Great Tusk
|-end|p2a: Great Tusk|Protosynthesis|[silent]
|
|win|ougengarback
|raw|ougengarback's rating: 1447 &rarr; <strong>1465</strong><br />(+18 for winning)
|raw|Omega Principle's rating: 1412 &rarr; <strong>1394</strong><br />(-18 for losing)
|l|☆ougengarback
|player|p1|
|l|☆Omega Principle
|player|p2|
