|j|☆itoshiflwr
|j|☆RobustLoki
|t:|1758298864
|gametype|singles
|player|p1|itoshiflwr|burnet|1477
|player|p2|RobustLoki|scientist|1516
|gen|9
|tier|[Gen 9] OU
|rated|
|rule|HP Percentage Mod: HP is shown in percentages
|rule|Endless Battle Clause: Forcing endless battles is banned
|rule|Species Clause: Limit one of each Pokémon
|rule|OHKO Clause: OHKO moves are banned
|rule|Evasion Items Clause: Evasion items are banned
|rule|Evasion Moves Clause: Evasion moves are banned
|rule|Evasion Abilities Clause: Evasion abilities are banned
|rule|Sleep Moves Clause: Sleep-inducing moves are banned
|clearpoke
|poke|p1|Dragapult, F|
|poke|p1|Glastrier|
|poke|p1|Tinkaton, F|
|poke|p1|Ting-Lu|
|poke|p1|Iron Hands|
|poke|p1|Moltres|
|poke|p2|Ninetales-Alola, F|
|poke|p2|Farigiraf, M|
|poke|p2|Gliscor, M|
|poke|p2|Hatterene, F|
|poke|p2|Ceruledge, M|
|poke|p2|Meowscarada, M|
|teampreview
|inactive|Battle timer is ON: inactive players will automatically lose when time's up. (requested by RobustLoki)
|
|t:|1758298894
|teamsize|p1|6
|teamsize|p2|6
|start
|switch|p1a: Glastrier|Glastrier|100/100
|switch|p2a: 3fold Affliction|Meowscarada, M|100/100
|turn|1
|
|t:|1758298904
|move|p2a: 3fold Affliction|Trick|p1a: Glastrier
|-start|p2a: 3fold Affliction|typechange|Psychic|[from] ability: Protean
|-activate|p2a: 3fold Affliction|move: Trick|[of] p1a: Glastrier
|-item|p1a: Glastrier|Choice Scarf|[from] move: Trick
|-item|p2a: 3fold Affliction|Heavy-Duty Boots|[from] move: Trick
|move|p1a: Glastrier|Icicle Crash|p2a: 3fold Affliction
|-damage|p2a: 3fold Affliction|14/100
|
|upkeep
|turn|2
|inactive|itoshiflwr has 120 seconds left.
|
|t:|1758298957
|move|p2a: 3fold Affliction|U-turn|p1a: Glastrier
|-damage|p1a: Glastrier|83/100
|
|t:|1758298961
|switch|p2a: Ryoiki Tenkai.. :|Ninetales-Alola, F|100/100|[from] U-turn
|-weather|Snowscape|[from] ability: Snow Warning|[of] p2a: Ryoiki Tenkai.. :
|move|p1a: Glastrier|Icicle Crash|p2a: Ryoiki Tenkai.. :
|-resisted|p2a: Ryoiki Tenkai.. :
|-damage|p2a: Ryoiki Tenkai.. :|80/100
|
|-weather|Snowscape|[upkeep]
|upkeep
|turn|3
|
|t:|1758298968
|switch|p1a: Tinkaton|Tinkaton, F|100/100
|-item|p1a: Tinkaton|Air Balloon
|move|p2a: Ryoiki Tenkai.. :|Aurora Veil|p2a: Ryoiki Tenkai.. :
|-sidestart|p2: RobustLoki|move: Aurora Veil
|
|-weather|Snowscape|[upkeep]
|upkeep
|turn|4
|
|t:|1758298974
|move|p2a: Ryoiki Tenkai.. :|Freeze-Dry|p1a: Tinkaton
|-resisted|p1a: Tinkaton
|-damage|p1a: Tinkaton|92/100
|-enditem|p1a: Tinkaton|Air Balloon
|move|p1a: Tinkaton|Stealth Rock|p2a: Ryoiki Tenkai.. :
|-sidestart|p2: RobustLoki|move: Stealth Rock
|
|-weather|Snowscape|[upkeep]
|upkeep
|turn|5
|
|t:|1758298986
|switch|p2a: 3fold Affliction|Meowscarada, M|14/100
|move|p1a: Tinkaton|Knock Off|p2a: 3fold Affliction
|-resisted|p2a: 3fold Affliction
|-damage|p2a: 3fold Affliction|7/100
|-enditem|p2a: 3fold Affliction|Heavy-Duty Boots|[from] move: Knock Off|[of] p1a: Tinkaton
|
|-weather|Snowscape|[upkeep]
|upkeep
|turn|6
|
|t:|1758298994
|switch|p1a: Moltres|Moltres|100/100
|move|p2a: 3fold Affliction|U-turn|p1a: Moltres
|-start|p2a: 3fold Affliction|typechange|Bug|[from] ability: Protean
|-resisted|p1a: Moltres
|-damage|p1a: Moltres|95/100
|
|t:|1758298998
|switch|p2a: Idle Death Gamble.|Farigiraf, M|100/100|[from] U-turn
|-damage|p2a: Idle Death Gamble.|88/100|[from] Stealth Rock
|
|-weather|none
|upkeep
|turn|7
|
|t:|1758299007
|move|p1a: Moltres|U-turn|p2a: Idle Death Gamble.
|-supereffective|p2a: Idle Death Gamble.
|-damage|p2a: Idle Death Gamble.|71/100
|-enditem|p2a: Idle Death Gamble.|Weakness Policy
|-boost|p2a: Idle Death Gamble.|atk|2|[from] item: Weakness Policy
|-boost|p2a: Idle Death Gamble.|spa|2|[from] item: Weakness Policy
|
|t:|1758299010
|switch|p1a: Ting-Lu|Ting-Lu|100/100|[from] U-turn
|-ability|p1a: Ting-Lu|Vessel of Ruin
|move|p2a: Idle Death Gamble.|Agility|p2a: Idle Death Gamble.
|-boost|p2a: Idle Death Gamble.|spe|2
|
|upkeep
|turn|8
|
|t:|1758299017
|move|p2a: Idle Death Gamble.|Tera Blast|p1a: Ting-Lu
|-damage|p1a: Ting-Lu|69/100
|move|p1a: Ting-Lu|Whirlwind|p2a: Idle Death Gamble.
|drag|p2a: 3fold Affliction|Meowscarada, M|7/100
|-damage|p2a: 3fold Affliction|0 fnt|[from] Stealth Rock
|faint|p2a: 3fold Affliction
|
|-heal|p1a: Ting-Lu|75/100|[from] item: Leftovers
|upkeep
|
|t:|1758299025
|switch|p2a: Infinite Void|Hatterene, F|100/100
|-damage|p2a: Infinite Void|88/100|[from] Stealth Rock
|turn|9
|
|t:|1758299028
|move|p2a: Infinite Void|Calm Mind|p2a: Infinite Void
|-boost|p2a: Infinite Void|spa|1
|-boost|p2a: Infinite Void|spd|1
|move|p1a: Ting-Lu|Whirlwind|p2a: Infinite Void
|move|p2a: Infinite Void|Whirlwind|p1a: Ting-Lu|[from] ability: Magic Bounce
|drag|p1a: Moltres|Moltres|95/100
|
|-heal|p2a: Infinite Void|94/100|[from] item: Leftovers
|upkeep
|turn|10
|
|t:|1758299035
|move|p1a: Moltres|U-turn|p2a: Infinite Void
|-damage|p2a: Infinite Void|88/100
|
|t:|1758299038
|switch|p1a: Tinkaton|Tinkaton, F|92/100|[from] U-turn
|move|p2a: Infinite Void|Calm Mind|p2a: Infinite Void
|-boost|p2a: Infinite Void|spa|1
|-boost|p2a: Infinite Void|spd|1
|
|-heal|p2a: Infinite Void|94/100|[from] item: Leftovers
|-sideend|p2: RobustLoki|move: Aurora Veil
|upkeep
|turn|11
|
|t:|1758299043
|move|p1a: Tinkaton|Gigaton Hammer|p2a: Infinite Void
|-supereffective|p2a: Infinite Void
|-damage|p2a: Infinite Void|18/100
|move|p2a: Infinite Void|Mystical Fire|p1a: Tinkaton
|-supereffective|p1a: Tinkaton
|-damage|p1a: Tinkaton|11/100
|-unboost|p1a: Tinkaton|spa|1
|
|-heal|p2a: Infinite Void|24/100|[from] item: Leftovers
|upkeep
|turn|12
|
|t:|1758299051
|move|p1a: Tinkaton|Knock Off|p2a: Infinite Void
|-damage|p2a: Infinite Void|11/100
|-enditem|p2a: Infinite Void|Leftovers|[from] move: Knock Off|[of] p1a: Tinkaton
|move|p2a: Infinite Void|Psyshock|p1a: Tinkaton
|-resisted|p1a: Tinkaton
|-damage|p1a: Tinkaton|0 fnt
|faint|p1a: Tinkaton
|
|upkeep
|
|t:|1758299056
|switch|p1a: Dragapult|Dragapult, F|100/100
|turn|13
|
|t:|1758299061
|move|p1a: Dragapult|Hex|p2a: Infinite Void
|-supereffective|p2a: Infinite Void
|-damage|p2a: Infinite Void|0 fnt
|faint|p2a: Infinite Void
|
|upkeep
|
|t:|1758299071
|switch|p2a: Ryoiki Tenkai.. :|Ninetales-Alola, F|80/100
|-damage|p2a: Ryoiki Tenkai.. :|55/100|[from] Stealth Rock
|-weather|Snowscape|[from] ability: Snow Warning|[of] p2a: Ryoiki Tenkai.. :
|turn|14
|
|t:|1758299086
|move|p1a: Dragapult|Thunder Wave|p2a: Ryoiki Tenkai.. :
|-status|p2a: Ryoiki Tenkai.. :|par
|move|p2a: Ryoiki Tenkai.. :|Aurora Veil|p2a: Ryoiki Tenkai.. :
|-sidestart|p2: RobustLoki|move: Aurora Veil
|
|-weather|Snowscape|[upkeep]
|upkeep
|turn|15
|
|t:|1758299093
|switch|p2a: Idle Death Gamble.|Farigiraf, M|71/100
|-damage|p2a: Idle Death Gamble.|58/100|[from] Stealth Rock
|move|p1a: Dragapult|Hex|p2a: Idle Death Gamble.
|-immune|p2a: Idle Death Gamble.
|
|-weather|Snowscape|[upkeep]
|upkeep
|turn|16
|
|t:|1758299097
|switch|p2a: Deadly Sentencing|Gliscor, M|100/100
|-damage|p2a: Deadly Sentencing|88/100|[from] Stealth Rock
|move|p1a: Dragapult|Thunder Wave|p2a: Deadly Sentencing
|-immune|p2a: Deadly Sentencing
|
|-weather|Snowscape|[upkeep]
|-status|p2a: Deadly Sentencing|tox|[from] item: Toxic Orb
|upkeep
|turn|17
|
|t:|1758299102
|-terastallize|p2a: Deadly Sentencing|Normal
|move|p1a: Dragapult|Hex|p2a: Deadly Sentencing
|-immune|p2a: Deadly Sentencing
|move|p2a: Deadly Sentencing|Agility|p2a: Deadly Sentencing
|-boost|p2a: Deadly Sentencing|spe|2
|
|-weather|Snowscape|[upkeep]
|-heal|p2a: Deadly Sentencing|100/100 tox|[from] ability: Poison Heal
|upkeep
|turn|18
|
|t:|1758299106
|move|p2a: Deadly Sentencing|Swords Dance|p2a: Deadly Sentencing
|-boost|p2a: Deadly Sentencing|atk|2
|move|p1a: Dragapult|U-turn|p2a: Deadly Sentencing
|-damage|p2a: Deadly Sentencing|88/100 tox
|
|t:|1758299110
|switch|p1a: Glastrier|Glastrier|83/100|[from] U-turn
|
|-weather|none
|-heal|p2a: Deadly Sentencing|100/100 tox|[from] ability: Poison Heal
|upkeep
|turn|19
|
|t:|1758299114
|move|p2a: Deadly Sentencing|Swords Dance|p2a: Deadly Sentencing
|-boost|p2a: Deadly Sentencing|atk|2
|move|p1a: Glastrier|Close Combat|p2a: Deadly Sentencing
|-supereffective|p2a: Deadly Sentencing
|-damage|p2a: Deadly Sentencing|64/100 tox
|-unboost|p1a: Glastrier|def|1
|-unboost|p1a: Glastrier|spd|1
|
|-heal|p2a: Deadly Sentencing|76/100 tox|[from] ability: Poison Heal
|upkeep
|turn|20
|
|t:|1758299119
|move|p2a: Deadly Sentencing|Swords Dance|p2a: Deadly Sentencing
|-boost|p2a: Deadly Sentencing|atk|2
|move|p1a: Glastrier|Close Combat|p2a: Deadly Sentencing
|-supereffective|p2a: Deadly Sentencing
|-damage|p2a: Deadly Sentencing|35/100 tox
|-unboost|p1a: Glastrier|def|1
|-unboost|p1a: Glastrier|spd|1
|
|-heal|p2a: Deadly Sentencing|47/100 tox|[from] ability: Poison Heal
|upkeep
|turn|21
|
|t:|1758299121
|move|p2a: Deadly Sentencing|Facade|p1a: Glastrier
|-damage|p1a: Glastrier|0 fnt
|faint|p1a: Glastrier
|
|-heal|p2a: Deadly Sentencing|60/100 tox|[from] ability: Poison Heal
|-sideend|p2: RobustLoki|move: Aurora Veil
|upkeep
|
|t:|1758299124
|switch|p1a: Iron Hands|Iron Hands|100/100
|turn|22
|
|t:|1758299128
|move|p2a: Deadly Sentencing|Earthquake|p1a: Iron Hands
|-supereffective|p1a: Iron Hands
|-damage|p1a: Iron Hands|0 fnt
|faint|p1a: Iron Hands
|-end|p1a: Iron Hands|Quark Drive|[silent]
|
|-heal|p2a: Deadly Sentencing|72/100 tox|[from] ability: Poison Heal
|upkeep
|
|t:|1758299136
|switch|p1a: Moltres|Moltres|95/100
|turn|23
|-message|itoshiflwr forfeited.
|
|win|RobustLoki
|raw|itoshiflwr's rating: 1477 &rarr; <strong>1459</strong><br />(-18 for losing)
|raw|RobustLoki's rating: 1516 &rarr; <strong>1534</strong><br />(+18 for winning)
|l|☆itoshiflwr
|player|p1|
|l|☆RobustLoki
|player|p2|
