|j|☆mechamakachino
|j|☆Pahancor
|t:|1758258626
|gametype|singles
|player|p1|mechamakachino|170|1457
|player|p2|Pahancor|steven|1438
|gen|9
|tier|[Gen 9] OU
|rated|
|rule|HP Percentage Mod: HP is shown in percentages
|rule|Endless Battle Clause: Forcing endless battles is banned
|rule|Species Clause: Limit one of each Pokémon
|rule|OHKO Clause: OHKO moves are banned
|rule|Evasion Items Clause: Evasion items are banned
|rule|Evasion Moves Clause: Evasion moves are banned
|rule|Evasion Abilities Clause: Evasion abilities are banned
|rule|Sleep Moves Clause: Sleep-inducing moves are banned
|clearpoke
|poke|p1|Skarmory, M|
|poke|p1|Ting-Lu|
|poke|p1|Zamazenta-*|
|poke|p1|Pecharunt|
|poke|p1|Clefable, M|
|poke|p1|Walking Wake|
|poke|p2|Comfey, F|
|poke|p2|Whimsicott, M|
|poke|p2|Iron Moth|
|poke|p2|Walking Wake|
|poke|p2|Great Tusk|
|poke|p2|Ninetales, F|
|teampreview
|
|t:|1758258643
|teamsize|p1|6
|teamsize|p2|6
|start
|switch|p1a: Rock With You|Ting-Lu|100/100
|switch|p2a: Ninetales|Ninetales, F|100/100
|-weather|SunnyDay|[from] ability: Drought|[of] p2a: Ninetales
|-ability|p1a: Rock With You|Vessel of Ruin
|turn|1
|inactive|Battle timer is ON: inactive players will automatically lose when time's up. (requested by mechamakachino)
|
|t:|1758258655
|move|p2a: Ninetales|Will-O-Wisp|p1a: Rock With You|[miss]
|-miss|p2a: Ninetales|p1a: Rock With You
|move|p1a: Rock With You|Stealth Rock|p2a: Ninetales
|-sidestart|p2: Pahancor|move: Stealth Rock
|
|-weather|SunnyDay|[upkeep]
|upkeep
|turn|2
|
|t:|1758258663
|move|p2a: Ninetales|Encore|p1a: Rock With You
|-start|p1a: Rock With You|Encore
|move|p1a: Rock With You|Stealth Rock||[still]
|-fail|p1a: Rock With You
|
|-weather|SunnyDay|[upkeep]
|upkeep
|turn|3
|
|t:|1758258681
|switch|p2a: Whimsicott|Whimsicott, M|100/100
|-damage|p2a: Whimsicott|88/100|[from] Stealth Rock
|switch|p1a: Thriller|Walking Wake|100/100
|-activate|p1a: Thriller|ability: Protosynthesis
|-start|p1a: Thriller|protosynthesisspe
|
|-weather|SunnyDay|[upkeep]
|upkeep
|turn|4
|
|t:|1758258697
|-end|p1a: Thriller|Protosynthesis|[silent]
|switch|p1a: Poison Young Thing|Pecharunt|100/100
|move|p2a: Whimsicott|Moonblast|p1a: Poison Young Thing
|-resisted|p1a: Poison Young Thing
|-damage|p1a: Poison Young Thing|74/100
|-damage|p2a: Whimsicott|78/100|[from] item: Life Orb
|
|-weather|SunnyDay|[upkeep]
|upkeep
|turn|5
|
|t:|1758258715
|-terastallize|p2a: Whimsicott|Ghost
|move|p2a: Whimsicott|Growth|p2a: Whimsicott
|-boost|p2a: Whimsicott|atk|2
|-boost|p2a: Whimsicott|spa|2
|move|p1a: Poison Young Thing|Malignant Chain|p2a: Whimsicott
|-resisted|p2a: Whimsicott
|-damage|p2a: Whimsicott|55/100
|
|-weather|SunnyDay|[upkeep]
|upkeep
|turn|6
|
|t:|1758258727
|move|p2a: Whimsicott|Shadow Ball|p1a: Poison Young Thing
|-supereffective|p1a: Poison Young Thing
|-crit|p1a: Poison Young Thing
|-damage|p1a: Poison Young Thing|0 fnt
|faint|p1a: Poison Young Thing
|-damage|p2a: Whimsicott|45/100|[from] item: Life Orb
|
|-weather|SunnyDay|[upkeep]
|upkeep
|
|t:|1758258743
|switch|p1a: Smooth Criminal|Skarmory, M|100/100
|turn|7
|
|t:|1758258747
|move|p2a: Whimsicott|Shadow Ball|p1a: Smooth Criminal
|-ability|p1a: Smooth Criminal|Sturdy
|-damage|p1a: Smooth Criminal|1/100
|-damage|p2a: Whimsicott|35/100|[from] item: Life Orb
|move|p1a: Smooth Criminal|Brave Bird|p2a: Whimsicott
|-damage|p2a: Whimsicott|0 fnt
|faint|p2a: Whimsicott
|-damage|p1a: Smooth Criminal|0 fnt|[from] Recoil
|faint|p1a: Smooth Criminal
|
|-weather|SunnyDay|[upkeep]
|upkeep
|
|t:|1758258767
|switch|p2a: Comfey|Comfey, F|100/100
|switch|p1a: Thriller|Walking Wake|100/100
|-damage|p2a: Comfey|88/100|[from] Stealth Rock
|-activate|p1a: Thriller|ability: Protosynthesis
|-start|p1a: Thriller|protosynthesisspe
|turn|8
|
|t:|1758258780
|move|p1a: Thriller|Flip Turn|p2a: Comfey
|-damage|p2a: Comfey|79/100
|
|t:|1758258782
|-end|p1a: Thriller|Protosynthesis|[silent]
|switch|p1a: Rock With You|Ting-Lu|100/100|[from] Flip Turn
|-ability|p1a: Rock With You|Vessel of Ruin
|move|p2a: Comfey|Growth|p2a: Comfey
|-boost|p2a: Comfey|atk|2
|-boost|p2a: Comfey|spa|2
|
|-weather|none
|upkeep
|turn|9
|
|t:|1758258791
|move|p2a: Comfey|Draining Kiss|p1a: Rock With You
|-supereffective|p1a: Rock With You
|-damage|p1a: Rock With You|51/100
|-heal|p2a: Comfey|100/100|[from] drain|[of] p1a: Rock With You
|-damage|p2a: Comfey|91/100|[from] item: Life Orb
|move|p1a: Rock With You|Whirlwind|p2a: Comfey
|drag|p2a: Ninetales|Ninetales, F|100/100
|-damage|p2a: Ninetales|76/100|[from] Stealth Rock
|-weather|SunnyDay|[from] ability: Drought|[of] p2a: Ninetales
|
|-weather|SunnyDay|[upkeep]
|-heal|p1a: Rock With You|58/100|[from] item: Leftovers
|upkeep
|turn|10
|
|t:|1758258813
|move|p2a: Ninetales|Will-O-Wisp|p1a: Rock With You
|-status|p1a: Rock With You|brn
|move|p1a: Rock With You|Earthquake|p2a: Ninetales
|-supereffective|p2a: Ninetales
|-damage|p2a: Ninetales|33/100
|
|-weather|SunnyDay|[upkeep]
|-heal|p1a: Rock With You|64/100 brn|[from] item: Leftovers
|-damage|p1a: Rock With You|58/100 brn|[from] brn
|upkeep
|turn|11
|
|t:|1758258826
|switch|p2a: Great Tusk|Great Tusk|100/100
|-damage|p2a: Great Tusk|98/100|[from] Stealth Rock
|-activate|p2a: Great Tusk|ability: Protosynthesis
|-start|p2a: Great Tusk|protosynthesisspe
|move|p1a: Rock With You|Whirlwind|p2a: Great Tusk
|-end|p2a: Great Tusk|Protosynthesis|[silent]
|drag|p2a: Comfey|Comfey, F|91/100
|-damage|p2a: Comfey|78/100|[from] Stealth Rock
|
|-weather|SunnyDay|[upkeep]
|-heal|p1a: Rock With You|64/100 brn|[from] item: Leftovers
|-damage|p1a: Rock With You|58/100 brn|[from] brn
|upkeep
|turn|12
|
|t:|1758258838
|move|p2a: Comfey|Draining Kiss|p1a: Rock With You
|-supereffective|p1a: Rock With You
|-damage|p1a: Rock With You|35/100 brn
|-heal|p2a: Comfey|100/100|[from] drain|[of] p1a: Rock With You
|-damage|p2a: Comfey|91/100|[from] item: Life Orb
|move|p1a: Rock With You|Whirlwind|p2a: Comfey
|drag|p2a: Great Tusk|Great Tusk|98/100
|-damage|p2a: Great Tusk|95/100|[from] Stealth Rock
|-activate|p2a: Great Tusk|ability: Protosynthesis
|-start|p2a: Great Tusk|protosynthesisspe
|
|-weather|SunnyDay|[upkeep]
|-heal|p1a: Rock With You|41/100 brn|[from] item: Leftovers
|-damage|p1a: Rock With You|35/100 brn|[from] brn
|upkeep
|turn|13
|inactive|Pahancor has 120 seconds left.
|
|t:|1758258860
|switch|p1a: Thriller|Walking Wake|100/100
|-activate|p1a: Thriller|ability: Protosynthesis
|-start|p1a: Thriller|protosynthesisspe
|move|p2a: Great Tusk|Rapid Spin|p1a: Thriller
|-damage|p1a: Thriller|84/100
|-boost|p2a: Great Tusk|spe|1
|-sideend|p2: Pahancor|Stealth Rock|[from] move: Rapid Spin|[of] p2a: Great Tusk
|
|-weather|SunnyDay|[upkeep]
|upkeep
|turn|14
|inactive|Pahancor has 120 seconds left.
|
|t:|1758258883
|move|p2a: Great Tusk|Close Combat|p1a: Thriller
|-damage|p1a: Thriller|23/100
|-unboost|p2a: Great Tusk|def|1
|-unboost|p2a: Great Tusk|spd|1
|move|p1a: Thriller|Surf|p2a: Great Tusk
|-supereffective|p2a: Great Tusk
|-damage|p2a: Great Tusk|12/100
|
|-weather|SunnyDay|[upkeep]
|upkeep
|turn|15
|
|t:|1758258898
|move|p2a: Great Tusk|Close Combat|p1a: Thriller
|-damage|p1a: Thriller|0 fnt
|-unboost|p2a: Great Tusk|def|1
|-unboost|p2a: Great Tusk|spd|1
|faint|p1a: Thriller
|-end|p1a: Thriller|Protosynthesis|[silent]
|
|-weather|SunnyDay|[upkeep]
|upkeep
|
|t:|1758258900
|switch|p1a: Beat It|Zamazenta|100/100
|-ability|p1a: Beat It|Dauntless Shield|boost
|-boost|p1a: Beat It|def|1
|turn|16
|inactive|Pahancor has 120 seconds left.
|
|t:|1758258912
|move|p2a: Great Tusk|Headlong Rush|p1a: Beat It
|-damage|p1a: Beat It|72/100
|-unboost|p2a: Great Tusk|def|1
|-unboost|p2a: Great Tusk|spd|1
|move|p1a: Beat It|Heavy Slam|p2a: Great Tusk
|-damage|p2a: Great Tusk|0 fnt
|-damage|p1a: Beat It|55/100|[from] item: Rocky Helmet|[of] p2a: Great Tusk
|faint|p2a: Great Tusk
|-end|p2a: Great Tusk|Protosynthesis|[silent]
|
|-weather|none
|upkeep
|
|t:|1758258922
|switch|p2a: Ninetales|Ninetales, F|33/100
|-weather|SunnyDay|[from] ability: Drought|[of] p2a: Ninetales
|turn|17
|inactive|Pahancor has 120 seconds left.
|
|t:|1758258933
|move|p1a: Beat It|Stone Edge|p2a: Ninetales
|-supereffective|p2a: Ninetales
|-damage|p2a: Ninetales|0 fnt
|faint|p2a: Ninetales
|
|-weather|SunnyDay|[upkeep]
|upkeep
|
|t:|1758258955
|switch|p2a: Walking Wake|Walking Wake|100/100
|-activate|p2a: Walking Wake|ability: Protosynthesis
|-start|p2a: Walking Wake|protosynthesisspe
|turn|18
|
|t:|1758258962
|move|p2a: Walking Wake|Hydro Steam|p1a: Beat It
|-damage|p1a: Beat It|7/100
|move|p1a: Beat It|Close Combat|p2a: Walking Wake
|-damage|p2a: Walking Wake|43/100
|-unboost|p1a: Beat It|def|1
|-unboost|p1a: Beat It|spd|1
|
|-weather|SunnyDay|[upkeep]
|upkeep
|turn|19
|
|t:|1758258970
|move|p2a: Walking Wake|Hydro Steam|p1a: Beat It
|-damage|p1a: Beat It|0 fnt
|faint|p1a: Beat It
|
|-weather|SunnyDay|[upkeep]
|upkeep
|
|t:|1758258973
|switch|p1a: Rock With You|Ting-Lu|35/100 brn
|-ability|p1a: Rock With You|Vessel of Ruin
|turn|20
|inactive|Pahancor has 120 seconds left.
|
|t:|1758258980
|move|p2a: Walking Wake|Hydro Steam|p1a: Rock With You
|-supereffective|p1a: Rock With You
|-damage|p1a: Rock With You|0 fnt
|faint|p1a: Rock With You
|
|-weather|SunnyDay|[upkeep]
|upkeep
|
|t:|1758258983
|switch|p1a: Moonwalker|Clefable, M|100/100
|turn|21
|
|t:|1758258990
|move|p2a: Walking Wake|Hydro Steam|p1a: Moonwalker
|-damage|p1a: Moonwalker|45/100
|move|p1a: Moonwalker|Moonlight|p1a: Moonwalker
|-heal|p1a: Moonwalker|100/100
|
|-weather|SunnyDay|[upkeep]
|upkeep
|turn|22
|
|t:|1758259000
|move|p2a: Walking Wake|Knock Off|p1a: Moonwalker
|-resisted|p1a: Moonwalker
|-damage|p1a: Moonwalker|94/100
|-enditem|p1a: Moonwalker|Leftovers|[from] move: Knock Off|[of] p2a: Walking Wake
|move|p1a: Moonwalker|Calm Mind|p1a: Moonwalker
|-boost|p1a: Moonwalker|spa|1
|-boost|p1a: Moonwalker|spd|1
|
|-weather|SunnyDay|[upkeep]
|upkeep
|turn|23
|
|t:|1758259017
|move|p2a: Walking Wake|Hydro Steam|p1a: Moonwalker
|-damage|p1a: Moonwalker|60/100
|move|p1a: Moonwalker|Calm Mind|p1a: Moonwalker
|-boost|p1a: Moonwalker|spa|1
|-boost|p1a: Moonwalker|spd|1
|
|-weather|SunnyDay|[upkeep]
|upkeep
|turn|24
|
|t:|1758259024
|move|p2a: Walking Wake|Hydro Steam|p1a: Moonwalker
|-damage|p1a: Moonwalker|33/100
|move|p1a: Moonwalker|Moonlight|p1a: Moonwalker
|-heal|p1a: Moonwalker|99/100
|
|-weather|none
|-end|p2a: Walking Wake|Protosynthesis
|upkeep
|turn|25
|
|t:|1758259042
|-end|p2a: Walking Wake|Protosynthesis|[silent]
|switch|p2a: Iron Moth|Iron Moth|100/100
|-enditem|p2a: Iron Moth|Booster Energy
|-activate|p2a: Iron Moth|ability: Quark Drive|[fromitem]
|-start|p2a: Iron Moth|quarkdrivespa
|move|p1a: Moonwalker|Calm Mind|p1a: Moonwalker
|-boost|p1a: Moonwalker|spa|1
|-boost|p1a: Moonwalker|spd|1
|
|upkeep
|turn|26
|
|t:|1758259054
|move|p2a: Iron Moth|Sludge Wave|p1a: Moonwalker
|-supereffective|p1a: Moonwalker
|-damage|p1a: Moonwalker|46/100
|move|p1a: Moonwalker|Calm Mind|p1a: Moonwalker
|-boost|p1a: Moonwalker|spa|1
|-boost|p1a: Moonwalker|spd|1
|
|upkeep
|turn|27
|
|t:|1758259061
|move|p2a: Iron Moth|Sludge Wave|p1a: Moonwalker
|-supereffective|p1a: Moonwalker
|-damage|p1a: Moonwalker|3/100
|-status|p1a: Moonwalker|psn
|move|p1a: Moonwalker|Moonlight|p1a: Moonwalker
|-heal|p1a: Moonwalker|53/100 psn
|
|upkeep
|turn|28
|
|t:|1758259068
|move|p2a: Iron Moth|Sludge Wave|p1a: Moonwalker
|-supereffective|p1a: Moonwalker
|-damage|p1a: Moonwalker|7/100 psn
|move|p1a: Moonwalker|Moonlight|p1a: Moonwalker
|-heal|p1a: Moonwalker|57/100 psn
|
|upkeep
|turn|29
|
|t:|1758259074
|-terastallize|p1a: Moonwalker|Steel
|move|p2a: Iron Moth|Sludge Wave|p1a: Moonwalker
|-immune|p1a: Moonwalker
|move|p1a: Moonwalker|Calm Mind|p1a: Moonwalker
|-boost|p1a: Moonwalker|spa|1
|-boost|p1a: Moonwalker|spd|1
|
|upkeep
|turn|30
|
|t:|1758259081
|move|p2a: Iron Moth|Fiery Dance|p1a: Moonwalker
|-supereffective|p1a: Moonwalker
|-damage|p1a: Moonwalker|24/100 psn
|-boost|p2a: Iron Moth|spa|1
|move|p1a: Moonwalker|Moonlight|p1a: Moonwalker
|-heal|p1a: Moonwalker|74/100 psn
|
|upkeep
|turn|31
|
|t:|1758259089
|move|p2a: Iron Moth|Fiery Dance|p1a: Moonwalker
|-supereffective|p1a: Moonwalker
|-damage|p1a: Moonwalker|29/100 psn
|move|p1a: Moonwalker|Moonblast|p2a: Iron Moth
|-resisted|p2a: Iron Moth
|-damage|p2a: Iron Moth|73/100
|-unboost|p2a: Iron Moth|spa|1
|
|upkeep
|turn|32
|
|t:|1758259097
|move|p2a: Iron Moth|Fiery Dance|p1a: Moonwalker
|-supereffective|p1a: Moonwalker
|-crit|p1a: Moonwalker
|-damage|p1a: Moonwalker|0 fnt
|-boost|p2a: Iron Moth|spa|1
|faint|p1a: Moonwalker
|
|win|Pahancor
|raw|mechamakachino's rating: 1481 &rarr; <strong>1459</strong><br />(-22 for losing)
|raw|Pahancor's rating: 1438 &rarr; <strong>1460</strong><br />(+22 for winning)
|l|☆mechamakachino
|player|p1|
|l|☆Pahancor
|player|p2|
