|j|☆Absetia
|j|‽Moosehey
|t:|1758288112
|gametype|singles
|player|p1|Absetia|bellelba|1340
|player|p2|Moosehey|101|1306
|gen|9
|tier|[Gen 9] OU
|rated|
|rule|HP Percentage Mod: HP is shown in percentages
|rule|Endless Battle Clause: Forcing endless battles is banned
|rule|Species Clause: Limit one of each Pokémon
|rule|OHKO Clause: OHKO moves are banned
|rule|Evasion Items Clause: Evasion items are banned
|rule|Evasion Moves Clause: Evasion moves are banned
|rule|Evasion Abilities Clause: Evasion abilities are banned
|rule|Sleep Moves Clause: Sleep-inducing moves are banned
|clearpoke
|poke|p1|Garchomp, F|
|poke|p1|Hatterene, F|
|poke|p1|Zamazenta-*|
|poke|p1|Kingambit, F|
|poke|p1|Heatran, M|
|poke|p1|Zapdos|
|poke|p2|Jolteon, F|
|poke|p2|Ceruledge, F|
|poke|p2|Incineroar, M|
|poke|p2|Alomomola, F|
|poke|p2|Cinderace, F|
|poke|p2|Meowscarada, F|
|teampreview
|inactive|Battle timer is ON: inactive players will automatically lose when time's up. (requested by Absetia)
|
|t:|1758288133
|teamsize|p1|6
|teamsize|p2|6
|start
|switch|p1a: Garchomp|Garchomp, F, shiny|100/100
|switch|p2a: Jolteon|Jolteon, F|100/100
|turn|1
|
|t:|1758288139
|-terastallize|p2a: Jolteon|Ice
|-terastallize|p1a: Garchomp|Ghost
|move|p2a: Jolteon|Tera Blast|p1a: Garchomp|[anim] Tera Blast Ice
|-damage|p1a: Garchomp|67/100
|move|p1a: Garchomp|Earthquake|p2a: Jolteon
|-damage|p2a: Jolteon|19/100
|
|-status|p2a: Jolteon|brn|[from] item: Flame Orb
|upkeep
|turn|2
|
|t:|1758288151
|move|p2a: Jolteon|Shadow Ball|p1a: Garchomp
|-supereffective|p1a: Garchomp
|-damage|p1a: Garchomp|22/100
|move|p1a: Garchomp|Dragon Tail|p2a: Jolteon
|-damage|p2a: Jolteon|0 fnt
|faint|p2a: Jolteon
|
|upkeep
|
|t:|1758288172
|switch|p2a: Meowscarada|Meowscarada, F|100/100
|turn|3
|
|t:|1758288181
|switch|p1a: Zapdos|Zapdos|100/100
|-ability|p1a: Zapdos|Pressure
|move|p2a: Meowscarada|Flower Trick|p1a: Zapdos
|-start|p2a: Meowscarada|typechange|Grass|[from] ability: Protean
|-resisted|p1a: Zapdos
|-crit|p1a: Zapdos
|-damage|p1a: Zapdos|76/100
|
|upkeep
|turn|4
|
|t:|1758288192
|switch|p2a: Incineroar|Incineroar, M|100/100
|-ability|p2a: Incineroar|Intimidate|boost
|-unboost|p1a: Zapdos|atk|1
|move|p1a: Zapdos|Thunder Wave|p2a: Incineroar
|-status|p2a: Incineroar|par
|
|upkeep
|turn|5
|
|t:|1758288201
|move|p1a: Zapdos|Volt Switch|p2a: Incineroar
|-damage|p2a: Incineroar|86/100 par
|
|t:|1758288204
|switch|p1a: Heatran|Heatran, M|100/100|[from] Volt Switch
|move|p2a: Incineroar|Knock Off|p1a: Heatran
|-damage|p1a: Heatran|66/100
|-enditem|p1a: Heatran|Leftovers|[from] move: Knock Off|[of] p2a: Incineroar
|
|upkeep
|turn|6
|
|t:|1758288213
|move|p1a: Heatran|Substitute|p1a: Heatran
|-start|p1a: Heatran|Substitute
|-damage|p1a: Heatran|41/100
|move|p2a: Incineroar|Earthquake|p1a: Heatran
|-supereffective|p1a: Heatran
|-end|p1a: Heatran|Substitute
|
|upkeep
|turn|7
|
|t:|1758288220
|switch|p1a: Garchomp|Garchomp, F, shiny, tera:Ghost|22/100
|move|p2a: Incineroar|Earthquake|p1a: Garchomp
|-damage|p1a: Garchomp|3/100
|
|upkeep
|turn|8
|
|t:|1758288228
|switch|p2a: Alomomola|Alomomola, F, shiny|100/100
|move|p1a: Garchomp|Stealth Rock|p2a: Alomomola
|-sidestart|p2: Moosehey|move: Stealth Rock
|
|upkeep
|turn|9
|
|t:|1758288235
|move|p1a: Garchomp|Spikes|p2a: Alomomola
|-sidestart|p2: Moosehey|Spikes
|move|p2a: Alomomola|Whirlpool|p1a: Garchomp
|-damage|p1a: Garchomp|0 fnt
|faint|p1a: Garchomp
|
|upkeep
|
|t:|1758288242
|switch|p1a: Heatran|Heatran, M|41/100
|turn|10
|
|t:|1758288250
|move|p1a: Heatran|Taunt|p2a: Alomomola
|-start|p2a: Alomomola|move: Taunt
|move|p2a: Alomomola|Flip Turn|p1a: Heatran
|-supereffective|p1a: Heatran
|-damage|p1a: Heatran|17/100
|
|t:|1758288257
|switch|p2a: Cinderace|Cinderace, F|100/100|[from] Flip Turn
|
|upkeep
|turn|11
|
|t:|1758288272
|move|p2a: Cinderace|Court Change|p2a: Cinderace
|-start|p2a: Cinderace|typechange|Normal|[from] ability: Libero
|-swapsideconditions
|-activate|p2a: Cinderace|move: Court Change
|move|p1a: Heatran|Magma Storm|p2a: Cinderace
|-damage|p2a: Cinderace|47/100
|-activate|p2a: Cinderace|move: Magma Storm|[of] p1a: Heatran
|
|-damage|p2a: Cinderace|34/100|[from] move: Magma Storm|[partiallytrapped]
|upkeep
|turn|12
|
|t:|1758288283
|move|p1a: Heatran|Protect|p1a: Heatran
|-singleturn|p1a: Heatran|Protect
|move|p2a: Cinderace|High Jump Kick|p1a: Heatran
|-activate|p1a: Heatran|move: Protect
|-damage|p2a: Cinderace|0 fnt|[from] highjumpkick
|faint|p2a: Cinderace
|
|upkeep
|
|t:|1758288301
|switch|p2a: Alomomola|Alomomola, F, shiny|100/100
|turn|13
|
|t:|1758288306
|move|p1a: Heatran|Protect||[still]
|-fail|p1a: Heatran
|move|p2a: Alomomola|Flip Turn|p1a: Heatran
|-supereffective|p1a: Heatran
|-damage|p1a: Heatran|0 fnt
|faint|p1a: Heatran
|
|t:|1758288313
|switch|p2a: Meowscarada|Meowscarada, F|100/100|[from] Flip Turn
|
|upkeep
|
|t:|1758288318
|switch|p1a: Zamazenta|Zamazenta|100/100
|-damage|p1a: Zamazenta|94/100|[from] Stealth Rock
|-damage|p1a: Zamazenta|82/100|[from] Spikes
|-ability|p1a: Zamazenta|Dauntless Shield|boost
|-boost|p1a: Zamazenta|def|1
|turn|14
|
|t:|1758288325
|switch|p2a: Alomomola|Alomomola, F, shiny|100/100
|move|p1a: Zamazenta|Iron Defense|p1a: Zamazenta
|-boost|p1a: Zamazenta|def|2
|
|-heal|p1a: Zamazenta|88/100|[from] item: Leftovers
|upkeep
|turn|15
|
|t:|1758288335
|move|p1a: Zamazenta|Body Press|p2a: Alomomola
|-damage|p2a: Alomomola|56/100
|-damage|p1a: Zamazenta|72/100|[from] item: Rocky Helmet|[of] p2a: Alomomola
|move|p2a: Alomomola|Whirlpool|p1a: Zamazenta|[miss]
|-miss|p2a: Alomomola|p1a: Zamazenta
|
|-heal|p1a: Zamazenta|78/100|[from] item: Leftovers
|upkeep
|turn|16
|
|t:|1758288345
|switch|p2a: Ceruledge|Ceruledge, F|100/100
|move|p1a: Zamazenta|Iron Defense|p1a: Zamazenta
|-boost|p1a: Zamazenta|def|2
|
|-heal|p1a: Zamazenta|84/100|[from] item: Leftovers
|upkeep
|turn|17
|
|t:|1758288356
|move|p2a: Ceruledge|Swords Dance|p2a: Ceruledge
|-boost|p2a: Ceruledge|atk|2
|move|p1a: Zamazenta|Roar|p2a: Ceruledge
|drag|p2a: Meowscarada|Meowscarada, F|100/100
|
|-heal|p1a: Zamazenta|90/100|[from] item: Leftovers
|upkeep
|turn|18
|
|t:|1758288368
|move|p2a: Meowscarada|Flower Trick|p1a: Zamazenta
|-start|p2a: Meowscarada|typechange|Grass|[from] ability: Protean
|-crit|p1a: Zamazenta
|-damage|p1a: Zamazenta|52/100
|move|p1a: Zamazenta|Crunch|p2a: Meowscarada
|-crit|p2a: Meowscarada
|-damage|p2a: Meowscarada|50/100
|-unboost|p2a: Meowscarada|def|1
|
|-heal|p1a: Zamazenta|58/100|[from] item: Leftovers
|upkeep
|turn|19
|
|t:|1758288380
|move|p2a: Meowscarada|Flower Trick|p1a: Zamazenta
|-crit|p1a: Zamazenta
|-damage|p1a: Zamazenta|16/100
|move|p1a: Zamazenta|Body Press|p2a: Meowscarada
|-damage|p2a: Meowscarada|0 fnt
|faint|p2a: Meowscarada
|
|-heal|p1a: Zamazenta|23/100|[from] item: Leftovers
|upkeep
|
|t:|1758288391
|switch|p2a: Alomomola|Alomomola, F, shiny|89/100
|turn|20
|
|t:|1758288394
|move|p1a: Zamazenta|Body Press|p2a: Alomomola
|-damage|p2a: Alomomola|34/100
|-damage|p1a: Zamazenta|6/100|[from] item: Rocky Helmet|[of] p2a: Alomomola
|move|p2a: Alomomola|Whirlpool|p1a: Zamazenta|[miss]
|-miss|p2a: Alomomola|p1a: Zamazenta
|
|-heal|p1a: Zamazenta|12/100|[from] item: Leftovers
|upkeep
|turn|21
|
|t:|1758288410
|move|p1a: Zamazenta|Crunch|p2a: Alomomola
|-damage|p2a: Alomomola|22/100
|-damage|p1a: Zamazenta|0 fnt|[from] item: Rocky Helmet|[of] p2a: Alomomola
|faint|p1a: Zamazenta
|move|p2a: Alomomola|Whirlpool|p1: Zamazenta|[notarget]
|-fail|p2a: Alomomola
|
|upkeep
|
|t:|1758288427
|switch|p1a: Zapdos|Zapdos|76/100
|-ability|p1a: Zapdos|Pressure
|turn|22
|inactive|Moosehey has 120 seconds left.
|
|t:|1758288463
|switch|p2a: Incineroar|Incineroar, M|86/100 par
|-ability|p2a: Incineroar|Intimidate|boost
|-unboost|p1a: Zapdos|atk|1
|move|p1a: Zapdos|Volt Switch|p2a: Incineroar
|-damage|p2a: Incineroar|71/100 par
|
|t:|1758288466
|switch|p1a: Hatterene|Hatterene, F|100/100|[from] Volt Switch
|-damage|p1a: Hatterene|88/100|[from] Stealth Rock
|-damage|p1a: Hatterene|76/100|[from] Spikes
|
|upkeep
|turn|23
|inactive|Moosehey has 120 seconds left.
|
|t:|1758288478
|move|p1a: Hatterene|Draining Kiss|p2a: Incineroar
|-crit|p2a: Incineroar
|-damage|p2a: Incineroar|55/100 par
|-heal|p1a: Hatterene|90/100|[from] drain|[of] p2a: Incineroar
|move|p2a: Incineroar|Knock Off|p1a: Hatterene
|-damage|p1a: Hatterene|57/100
|-enditem|p1a: Hatterene|Assault Vest|[from] move: Knock Off|[of] p2a: Incineroar
|
|upkeep
|turn|24
|inactive|Moosehey has 120 seconds left.
|
|t:|1758288489
|move|p1a: Hatterene|Future Sight|p2a: Incineroar
|-start|p1a: Hatterene|move: Future Sight
|cant|p2a: Incineroar|par
|
|upkeep
|turn|25
|
|t:|1758288496
|move|p1a: Hatterene|Draining Kiss|p2a: Incineroar
|-damage|p2a: Incineroar|44/100 par
|-heal|p1a: Hatterene|67/100|[from] drain|[of] p2a: Incineroar
|cant|p2a: Incineroar|par
|
|upkeep
|turn|26
|
|t:|1758288502
|move|p1a: Hatterene|Draining Kiss|p2a: Incineroar
|-damage|p2a: Incineroar|33/100 par
|-heal|p1a: Hatterene|77/100|[from] drain|[of] p2a: Incineroar
|move|p2a: Incineroar|Flare Blitz|p1a: Hatterene
|-damage|p1a: Hatterene|39/100
|-damage|p2a: Incineroar|23/100 par|[from] Recoil
|
|-end|p2a: Incineroar|move: Future Sight
|-immune|p2a: Incineroar
|upkeep
|turn|27
|
|t:|1758288514
|switch|p2a: Alomomola|Alomomola, F, shiny|56/100
|move|p1a: Hatterene|Draining Kiss|p2a: Alomomola
|-damage|p2a: Alomomola|30/100
|-heal|p1a: Hatterene|71/100|[from] drain|[of] p2a: Alomomola
|-damage|p1a: Hatterene|55/100|[from] item: Rocky Helmet|[of] p2a: Alomomola
|
|upkeep
|turn|28
|
|t:|1758288522
|move|p2a: Alomomola|Wish|p2a: Alomomola
|move|p1a: Hatterene|Future Sight|p2a: Alomomola
|-start|p1a: Hatterene|move: Future Sight
|
|upkeep
|turn|29
|
|t:|1758288528
|switch|p2a: Incineroar|Incineroar, M|23/100 par
|-ability|p2a: Incineroar|Intimidate|boost
|-unboost|p1a: Hatterene|atk|1
|move|p1a: Hatterene|Draining Kiss|p2a: Incineroar
|-damage|p2a: Incineroar|13/100 par
|-heal|p1a: Hatterene|64/100|[from] drain|[of] p2a: Incineroar
|
|-heal|p2a: Incineroar|82/100 par|[from] move: Wish|[wisher] Alomomola
|upkeep
|turn|30
|
|t:|1758288541
|move|p1a: Hatterene|Draining Kiss|p2a: Incineroar
|-damage|p2a: Incineroar|71/100 par
|-heal|p1a: Hatterene|74/100|[from] drain|[of] p2a: Incineroar
|move|p2a: Incineroar|U-turn|p1a: Hatterene
|-damage|p1a: Hatterene|60/100
|
|t:|1758288552
|switch|p2a: Ceruledge|Ceruledge, F|100/100|[from] U-turn
|
|-end|p2a: Ceruledge|move: Future Sight
|-damage|p2a: Ceruledge|43/100
|upkeep
|turn|31
|
|t:|1758288559
|move|p2a: Ceruledge|Poison Jab|p1a: Hatterene
|-supereffective|p1a: Hatterene
|-damage|p1a: Hatterene|17/100
|move|p1a: Hatterene|Psychic Noise|p2a: Ceruledge
|-damage|p2a: Ceruledge|5/100
|-start|p2a: Ceruledge|move: Heal Block
|
|upkeep
|turn|32
|
|t:|1758288569
|switch|p2a: Alomomola|Alomomola, F, shiny|63/100
|switch|p1a: Zapdos|Zapdos|76/100
|-ability|p1a: Zapdos|Pressure
|
|upkeep
|turn|33
|
|t:|1758288579
|move|p2a: Alomomola|Protect|p2a: Alomomola
|-singleturn|p2a: Alomomola|Protect
|move|p1a: Zapdos|Volt Switch|p2a: Alomomola
|-activate|p2a: Alomomola|move: Protect
|
|upkeep
|turn|34
|
|t:|1758288587
|switch|p2a: Incineroar|Incineroar, M|71/100 par
|-ability|p2a: Incineroar|Intimidate|boost
|-unboost|p1a: Zapdos|atk|1
|move|p1a: Zapdos|Volt Switch|p2a: Incineroar
|-damage|p2a: Incineroar|56/100 par
|
|t:|1758288591
|switch|p1a: Kingambit|Kingambit, F|100/100|[from] Volt Switch
|-damage|p1a: Kingambit|94/100|[from] Stealth Rock
|-damage|p1a: Kingambit|82/100|[from] Spikes
|-activate|p1a: Kingambit|ability: Supreme Overlord
|-start|p1a: Kingambit|fallen3|[silent]
|
|-heal|p1a: Kingambit|88/100|[from] item: Leftovers
|upkeep
|turn|35
|
|t:|1758288603
|move|p1a: Kingambit|Swords Dance|p1a: Kingambit
|-boost|p1a: Kingambit|atk|2
|cant|p2a: Incineroar|par
|
|-heal|p1a: Kingambit|94/100|[from] item: Leftovers
|upkeep
|turn|36
|
|t:|1758288610
|move|p1a: Kingambit|Sucker Punch|p2a: Incineroar
|-resisted|p2a: Incineroar
|-damage|p2a: Incineroar|8/100 par
|move|p2a: Incineroar|Flare Blitz|p1a: Kingambit
|-supereffective|p1a: Kingambit
|-crit|p1a: Kingambit
|-damage|p1a: Kingambit|0 fnt
|faint|p1a: Kingambit
|-end|p1a: Kingambit|fallen3|[silent]
|-damage|p2a: Incineroar|0 fnt|[from] Recoil
|faint|p2a: Incineroar
|
|upkeep
|
|t:|1758288622
|switch|p2a: Alomomola|Alomomola, F, shiny|96/100
|switch|p1a: Zapdos|Zapdos|76/100
|-ability|p1a: Zapdos|Pressure
|turn|37
|
|t:|1758288632
|move|p1a: Zapdos|Thunder Wave|p2a: Alomomola
|-status|p2a: Alomomola|par
|move|p2a: Alomomola|Wish|p2a: Alomomola
|
|upkeep
|turn|38
|
|t:|1758288638
|move|p1a: Zapdos|Volt Switch|p2a: Alomomola
|-supereffective|p2a: Alomomola
|-damage|p2a: Alomomola|30/100 par
|
|t:|1758288641
|switch|p1a: Hatterene|Hatterene, F|17/100|[from] Volt Switch
|-damage|p1a: Hatterene|5/100|[from] Stealth Rock
|-damage|p1a: Hatterene|0 fnt|[from] Spikes
|faint|p1a: Hatterene
|move|p2a: Alomomola|Flip Turn|p1: Hatterene|[notarget]
|-fail|p2a: Alomomola
|
|-heal|p2a: Alomomola|80/100 par|[from] move: Wish|[wisher] Alomomola
|upkeep
|
|t:|1758288642
|switch|p1a: Zapdos|Zapdos|76/100
|-ability|p1a: Zapdos|Pressure
|turn|39
|
|t:|1758288657
|move|p1a: Zapdos|Volt Switch|p2a: Alomomola
|-supereffective|p2a: Alomomola
|-damage|p2a: Alomomola|4/100 par
|move|p2a: Alomomola|Wish|p2a: Alomomola
|
|upkeep
|turn|40
|c|☆Absetia|yeah bro gg
|c|☆Absetia|allat thinking just to lose still
|
|t:|1758288669
|move|p1a: Zapdos|Volt Switch|p2a: Alomomola
|-supereffective|p2a: Alomomola
|-damage|p2a: Alomomola|0 fnt
|faint|p2a: Alomomola
|
|upkeep
|
|t:|1758288674
|switch|p2a: Ceruledge|Ceruledge, F|5/100
|turn|41
|
|t:|1758288681
|move|p1a: Zapdos|Volt Switch|p2a: Ceruledge
|-damage|p2a: Ceruledge|0 fnt
|faint|p2a: Ceruledge
|
|win|Absetia
|raw|Absetia's rating: 1340 &rarr; <strong>1358</strong><br />(+18 for winning)
|raw|Moosehey's rating: 1306 &rarr; <strong>1288</strong><br />(-18 for losing)
|l|‽Moosehey
|player|p2|
