|j|☆sewerfan
|j|☆lyn liu
|t:|1758279000
|gametype|singles
|player|p1|sewerfan|102|1101
|player|p2|lyn liu|265|1066
|gen|9
|tier|[Gen 9] OU
|rated|
|rule|HP Percentage Mod: HP is shown in percentages
|rule|Endless Battle Clause: Forcing endless battles is banned
|rule|Species Clause: Limit one of each Pokémon
|rule|OHKO Clause: OHKO moves are banned
|rule|Evasion Items Clause: Evasion items are banned
|rule|Evasion Moves Clause: Evasion moves are banned
|rule|Evasion Abilities Clause: Evasion abilities are banned
|rule|Sleep Moves Clause: Sleep-inducing moves are banned
|clearpoke
|poke|p1|Corviknight, M|
|poke|p1|Ribombee, F|
|poke|p1|Samurott-Hisui, M|
|poke|p1|Garchomp, F|
|poke|p1|Zoroark-Hisui, M|
|poke|p1|Rotom-Wash|
|poke|p2|Dragapult, M|
|poke|p2|Primarina, M|
|poke|p2|Gliscor, F|
|poke|p2|Iron Moth|
|poke|p2|Corviknight, M|
|poke|p2|Glaceon, F|
|teampreview
|inactive|Battle timer is ON: inactive players will automatically lose when time's up. (requested by lyn liu)
|
|t:|1758279077
|teamsize|p1|6
|teamsize|p2|6
|start
|switch|p1a: RIBOMBEEEEEE!!!!|Ribombee, F|100/100
|switch|p2a: Gliscor|Gliscor, F|100/100
|turn|1
|
|t:|1758279092
|move|p1a: RIBOMBEEEEEE!!!!|Stun Spore|p2a: Gliscor
|-status|p2a: Gliscor|par
|cant|p2a: Gliscor|par
|
|upkeep
|turn|2
|
|t:|1758279113
|move|p1a: RIBOMBEEEEEE!!!!|Sticky Web|p2a: Gliscor
|-sidestart|p2: lyn liu|move: Sticky Web
|cant|p2a: Gliscor|par
|
|upkeep
|turn|3
|
|t:|1758279122
|move|p1a: RIBOMBEEEEEE!!!!|Moonblast|p2a: Gliscor
|-damage|p2a: Gliscor|38/100 par
|move|p2a: Gliscor|Fire Fang|p1a: RIBOMBEEEEEE!!!!
|-supereffective|p1a: RIBOMBEEEEEE!!!!
|-damage|p1a: RIBOMBEEEEEE!!!!|28/100
|
|upkeep
|turn|4
|
|t:|1758279130
|switch|p2a: Corviknight|Corviknight, M|100/100
|move|p1a: RIBOMBEEEEEE!!!!|Moonblast|p2a: Corviknight
|-resisted|p2a: Corviknight
|-damage|p2a: Corviknight|81/100
|
|upkeep
|turn|5
|
|t:|1758279140
|move|p1a: RIBOMBEEEEEE!!!!|Stun Spore|p2a: Corviknight
|-status|p2a: Corviknight|par
|cant|p2a: Corviknight|par
|
|upkeep
|turn|6
|
|t:|1758279158
|move|p1a: RIBOMBEEEEEE!!!!|Moonblast|p2a: Corviknight
|-resisted|p2a: Corviknight
|-damage|p2a: Corviknight|62/100 par
|cant|p2a: Corviknight|par
|
|upkeep
|turn|7
|
|t:|1758279168
|move|p1a: RIBOMBEEEEEE!!!!|Moonblast|p2a: Corviknight
|-resisted|p2a: Corviknight
|-damage|p2a: Corviknight|44/100 par
|move|p2a: Corviknight|Defog|p1a: RIBOMBEEEEEE!!!!
|-unboost|p1a: RIBOMBEEEEEE!!!!|evasion|1
|-sideend|p2: lyn liu|Sticky Web|[from] move: Defog|[of] p2a: Corviknight
|
|upkeep
|turn|8
|
|t:|1758279192
|switch|p2a: Primarina|Primarina, M|100/100
|move|p1a: RIBOMBEEEEEE!!!!|Sticky Web|p2a: Primarina
|-sidestart|p2: lyn liu|move: Sticky Web
|
|upkeep
|turn|9
|inactive|lyn liu has 120 seconds left.
|
|t:|1758279217
|switch|p1a: Rotom|Rotom-Wash|100/100
|switch|p2a: Glaceon|Glaceon, F, shiny|100/100
|-activate|p2a: Glaceon|move: Sticky Web
|-unboost|p2a: Glaceon|spe|1
|
|upkeep
|turn|10
|inactive|sewerfan has 120 seconds left.
|
|t:|1758279233
|-terastallize|p2a: Glaceon|Ground
|move|p1a: Rotom|Will-O-Wisp|p2a: Glaceon
|-status|p2a: Glaceon|brn
|move|p2a: Glaceon|Freeze-Dry|p1a: Rotom
|-supereffective|p1a: Rotom
|-damage|p1a: Rotom|25/100
|
|-damage|p2a: Glaceon|94/100 brn|[from] brn
|upkeep
|turn|11
|inactive|sewerfan has 120 seconds left.
|
|t:|1758279246
|move|p1a: Rotom|Hydro Pump|p2a: Glaceon
|-supereffective|p2a: Glaceon
|-damage|p2a: Glaceon|0 fnt
|faint|p2a: Glaceon
|
|upkeep
|inactive|lyn liu has 120 seconds left.
|
|t:|1758279265
|switch|p2a: Gliscor|Gliscor, F|38/100 par
|turn|12
|inactive|lyn liu has 120 seconds left.
|
|t:|1758279295
|move|p1a: Rotom|Hydro Pump|p2a: Gliscor
|-supereffective|p2a: Gliscor
|-damage|p2a: Gliscor|0 fnt
|faint|p2a: Gliscor
|
|upkeep
|
|t:|1758279300
|switch|p2a: Iron Moth|Iron Moth|100/100
|-activate|p2a: Iron Moth|move: Sticky Web
|-unboost|p2a: Iron Moth|spe|1
|-enditem|p2a: Iron Moth|Booster Energy
|-activate|p2a: Iron Moth|ability: Quark Drive|[fromitem]
|-start|p2a: Iron Moth|quarkdrivespa
|turn|13
|
|t:|1758279311
|move|p2a: Iron Moth|Energy Ball|p1a: Rotom
|-supereffective|p1a: Rotom
|-damage|p1a: Rotom|0 fnt
|faint|p1a: Rotom
|
|upkeep
|inactive|sewerfan has 120 seconds left.
|
|t:|1758279333
|switch|p1a: Garchomp|Garchomp, F|100/100
|turn|14
|
|t:|1758279349
|-end|p2a: Iron Moth|Quark Drive|[silent]
|switch|p2a: Corviknight|Corviknight, M|44/100 par
|move|p1a: Garchomp|Stealth Rock|p2a: Corviknight
|-sidestart|p2: lyn liu|move: Stealth Rock
|
|upkeep
|turn|15
|inactive|sewerfan has 120 seconds left.
|
|t:|1758279373
|move|p1a: Garchomp|Brick Break|p2a: Corviknight
|-crit|p2a: Corviknight
|-damage|p2a: Corviknight|25/100 par
|-damage|p1a: Garchomp|84/100|[from] item: Rocky Helmet|[of] p2a: Corviknight
|move|p2a: Corviknight|Defog|p1a: Garchomp
|-unboost|p1a: Garchomp|evasion|1
|-sideend|p2: lyn liu|Stealth Rock|[from] move: Defog|[of] p2a: Corviknight
|-sideend|p2: lyn liu|Sticky Web|[from] move: Defog|[of] p2a: Corviknight
|
|upkeep
|turn|16
|inactive|sewerfan has 120 seconds left.
|
|t:|1758279391
|switch|p2a: Primarina|Primarina, M|100/100
|move|p1a: Garchomp|Stealth Rock|p2a: Primarina
|-sidestart|p2: lyn liu|move: Stealth Rock
|
|upkeep
|turn|17
|inactive|sewerfan has 120 seconds left.
|
|t:|1758279405
|-terastallize|p1a: Garchomp|Steel
|move|p1a: Garchomp|Iron Head|p2a: Primarina
|-damage|p2a: Primarina|60/100
|move|p2a: Primarina|Ice Beam|p1a: Garchomp
|-resisted|p1a: Garchomp
|-damage|p1a: Garchomp|71/100
|-status|p1a: Garchomp|frz
|
|-heal|p2a: Primarina|66/100|[from] item: Leftovers
|upkeep
|turn|18
|inactive|sewerfan has 120 seconds left.
|inactive|lyn liu has 90 seconds left.
|
|t:|1758279452
|cant|p1a: Garchomp|frz
|move|p2a: Primarina|Moonblast|p1a: Garchomp
|-resisted|p1a: Garchomp
|-damage|p1a: Garchomp|49/100 frz
|
|-heal|p2a: Primarina|72/100|[from] item: Leftovers
|upkeep
|turn|19
|inactive|sewerfan has 120 seconds left.
|
|t:|1758279466
|switch|p2a: Iron Moth|Iron Moth|100/100
|-damage|p2a: Iron Moth|76/100|[from] Stealth Rock
|cant|p1a: Garchomp|frz
|
|upkeep
|turn|20
|inactive|sewerfan has 120 seconds left.
|inactive|lyn liu has 60 seconds left.
|
|t:|1758279489
|switch|p1a: Loki|Samurott-Hisui, M|100/100
|move|p2a: Iron Moth|Energy Ball|p1a: Loki
|-supereffective|p1a: Loki
|-damage|p1a: Loki|0 fnt
|faint|p1a: Loki
|
|upkeep
|
|t:|1758279500
|switch|p1a: Garchomp|Garchomp, F, tera:Steel|49/100 frz
|turn|21
|
|t:|1758279508
|move|p2a: Iron Moth|Fiery Dance|p1a: Garchomp
|-supereffective|p1a: Garchomp
|-damage|p1a: Garchomp|0 fnt
|-boost|p2a: Iron Moth|spa|1
|faint|p1a: Garchomp
|
|upkeep
|
|t:|1758279523
|switch|p1a: Corviknight|Corviknight, M|100/100
|turn|22
|
|t:|1758279535
|move|p1a: Corviknight|Nasty Plot|p1a: Corviknight
|-boost|p1a: Corviknight|spa|2
|move|p2a: Iron Moth|Fiery Dance|p1a: Corviknight
|-damage|p1a: Corviknight|0 fnt
|-boost|p2a: Iron Moth|spa|1
|replace|p1a: Ara|Zoroark-Hisui, M
|-end|p1a: Ara|Illusion
|faint|p1a: Ara
|
|upkeep
|-message|sewerfan forfeited.
|
|win|lyn liu
|raw|sewerfan's rating: 1101 &rarr; <strong>1073</strong><br />(-28 for losing)
|raw|lyn liu's rating: 1066 &rarr; <strong>1099</strong><br />(+33 for winning)
|l|☆sewerfan
|player|p1|
|l|☆lyn liu
|player|p2|
