|j|☆dackit
|j|☆DontMissMantine
|t:|1758243771
|gametype|singles
|player|p1|dackit|169|1584
|player|p2|DontMissMantine|lucas|1495
|gen|9
|tier|[Gen 9] OU
|rated|
|rule|HP Percentage Mod: HP is shown in percentages
|rule|Endless Battle Clause: Forcing endless battles is banned
|rule|Species Clause: Limit one of each Pokémon
|rule|OHKO Clause: OHKO moves are banned
|rule|Evasion Items Clause: Evasion items are banned
|rule|Evasion Moves Clause: Evasion moves are banned
|rule|Evasion Abilities Clause: Evasion abilities are banned
|rule|Sleep Moves Clause: Sleep-inducing moves are banned
|clearpoke
|poke|p1|Zamazenta-*|
|poke|p1|Alomomola, F|
|poke|p1|Rillaboom, F|
|poke|p1|Weezing-Galar, F|
|poke|p1|Ting-Lu|
|poke|p1|Tinkaton, F|
|poke|p2|Pelipper, F|
|poke|p2|Beartic, F|
|poke|p2|Barraskewda, M|
|poke|p2|Ogerpon-Wellspring, F|
|poke|p2|Zapdos|
|poke|p2|Hatterene, F|
|teampreview
|
|t:|1758243776
|teamsize|p1|6
|teamsize|p2|6
|start
|switch|p1a: Weezing|Weezing-Galar, F|100/100
|switch|p2a: Pelipper|Pelipper, F|100/100
|-ability|p1a: Weezing|Neutralizing Gas
|turn|1
|
|t:|1758243783
|move|p1a: Weezing|Toxic|p2a: Pelipper
|-status|p2a: Pelipper|tox
|move|p2a: Pelipper|Surf|p1a: Weezing
|-damage|p1a: Weezing|56/100
|
|-damage|p2a: Pelipper|94/100 tox|[from] psn
|upkeep
|turn|2
|inactive|Battle timer is ON: inactive players will automatically lose when time's up. (requested by DontMissMantine)
|
|t:|1758243799
|-end|p1a: Weezing|ability: Neutralizing Gas
|-weather|RainDance|[from] ability: Drizzle|[of] p2a: Pelipper
|switch|p1a: Alomomola|Alomomola, F|100/100
|move|p2a: Pelipper|Surf|p1a: Alomomola
|-resisted|p1a: Alomomola
|-damage|p1a: Alomomola|72/100
|
|-weather|RainDance|[upkeep]
|-damage|p2a: Pelipper|82/100 tox|[from] psn
|upkeep
|turn|3
|
|t:|1758243811
|switch|p2a: Ogerpon|Ogerpon-Wellspring, F|100/100
|move|p1a: Alomomola|Wish|p1a: Alomomola
|
|-weather|RainDance|[upkeep]
|upkeep
|turn|4
|
|t:|1758243823
|switch|p2a: Beartic|Beartic, F|100/100
|switch|p1a: Rillaboom|Rillaboom, F|100/100
|-fieldstart|move: Grassy Terrain|[from] ability: Grassy Surge|[of] p1a: Rillaboom
|
|-weather|RainDance|[upkeep]
|upkeep
|turn|5
|
|t:|1758243834
|-terastallize|p1a: Rillaboom|Grass
|move|p1a: Rillaboom|Grassy Glide|p2a: Beartic
|-damage|p2a: Beartic|9/100
|move|p2a: Beartic|Icicle Spear|p1a: Rillaboom
|-supereffective|p1a: Rillaboom
|-damage|p1a: Rillaboom|67/100
|-supereffective|p1a: Rillaboom
|-damage|p1a: Rillaboom|32/100
|-supereffective|p1a: Rillaboom
|-damage|p1a: Rillaboom|2/100
|-supereffective|p1a: Rillaboom
|-damage|p1a: Rillaboom|0 fnt
|faint|p1a: Rillaboom
|-hitcount|p1: Rillaboom|4
|
|-weather|RainDance|[upkeep]
|-heal|p2a: Beartic|15/100|[from] Grassy Terrain
|upkeep
|
|t:|1758243841
|switch|p1a: Tinkaton|Tinkaton, F|100/100
|-ability|p1a: Tinkaton|Mold Breaker
|-item|p1a: Tinkaton|Air Balloon
|turn|6
|
|t:|1758243859
|move|p2a: Beartic|Close Combat|p1a: Tinkaton
|-damage|p1a: Tinkaton|44/100
|-unboost|p2a: Beartic|def|1
|-unboost|p2a: Beartic|spd|1
|-enditem|p1a: Tinkaton|Air Balloon
|move|p1a: Tinkaton|Stealth Rock|p2a: Beartic
|-sidestart|p2: DontMissMantine|move: Stealth Rock
|
|-weather|RainDance|[upkeep]
|-heal|p2a: Beartic|21/100|[from] Grassy Terrain
|-heal|p1a: Tinkaton|50/100|[from] Grassy Terrain
|upkeep
|turn|7
|
|t:|1758243879
|switch|p1a: Alomomola|Alomomola, F|100/100
|-terastallize|p2a: Beartic|Electric
|move|p2a: Beartic|Tera Blast|p1a: Alomomola|[anim] Tera Blast Electric
|-supereffective|p1a: Alomomola
|-damage|p1a: Alomomola|53/100
|
|-weather|RainDance|[upkeep]
|-heal|p2a: Beartic|27/100|[from] Grassy Terrain
|-heal|p1a: Alomomola|59/100|[from] Grassy Terrain
|upkeep
|turn|8
|inactive|DontMissMantine has 120 seconds left.
|
|t:|1758243915
|switch|p2a: Ogerpon|Ogerpon-Wellspring, F|100/100
|-damage|p2a: Ogerpon|88/100|[from] Stealth Rock
|switch|p1a: Zamazenta|Zamazenta|100/100
|-ability|p1a: Zamazenta|Dauntless Shield|boost
|-boost|p1a: Zamazenta|def|1
|
|-weather|RainDance|[upkeep]
|-heal|p2a: Ogerpon|94/100|[from] Grassy Terrain
|-fieldend|move: Grassy Terrain
|upkeep
|turn|9
|
|t:|1758243926
|switch|p2a: Hatterene|Hatterene, F|100/100
|-damage|p2a: Hatterene|88/100|[from] Stealth Rock
|move|p1a: Zamazenta|Body Press|p2a: Hatterene
|-resisted|p2a: Hatterene
|-damage|p2a: Hatterene|79/100
|-enditem|p2a: Hatterene|Eject Button
|inactive|DontMissMantine has 90 seconds left.
|
|t:|1758243957
|switch|p2a: Zapdos|Zapdos|100/100
|-damage|p2a: Zapdos|76/100|[from] Stealth Rock
|
|-weather|none
|upkeep
|turn|10
|
|t:|1758243963
|move|p1a: Zamazenta|Substitute|p1a: Zamazenta
|-start|p1a: Zamazenta|Substitute
|-damage|p1a: Zamazenta|75/100
|move|p2a: Zapdos|Hurricane|p1a: Zamazenta
|-supereffective|p1a: Zamazenta
|-end|p1a: Zamazenta|Substitute
|
|-heal|p1a: Zamazenta|82/100|[from] item: Leftovers
|upkeep
|turn|11
|
|t:|1758243974
|switch|p1a: Ting-Lu|Ting-Lu|100/100
|-ability|p1a: Ting-Lu|Vessel of Ruin
|move|p2a: Zapdos|Volt Switch|p1a: Ting-Lu
|-immune|p1a: Ting-Lu
|
|upkeep
|turn|12
|
|t:|1758243983
|switch|p2a: Hatterene|Hatterene, F|79/100
|-damage|p2a: Hatterene|67/100|[from] Stealth Rock
|move|p1a: Ting-Lu|Ruination|p2a: Hatterene|[miss]
|-miss|p1a: Ting-Lu|p2a: Hatterene
|
|upkeep
|turn|13
|inactive|DontMissMantine has 90 seconds left.
|
|t:|1758243991
|move|p1a: Ting-Lu|Heavy Slam|p2a: Hatterene
|-supereffective|p2a: Hatterene
|-damage|p2a: Hatterene|17/100
|move|p2a: Hatterene|Healing Wish|p2a: Hatterene
|faint|p2a: Hatterene
|
|upkeep
|inactive|DontMissMantine has 90 seconds left.
|
|t:|1758243997
|switch|p2a: Beartic|Beartic, F, tera:Electric|27/100
|-heal|p2a: Beartic|100/100|[from] move: Healing Wish
|-damage|p2a: Beartic|88/100|[from] Stealth Rock
|turn|14
|
|t:|1758244002
|move|p2a: Beartic|Icicle Spear|p1a: Ting-Lu
|-supereffective|p1a: Ting-Lu
|-damage|p1a: Ting-Lu|85/100
|-supereffective|p1a: Ting-Lu
|-damage|p1a: Ting-Lu|68/100
|-supereffective|p1a: Ting-Lu
|-damage|p1a: Ting-Lu|51/100
|-supereffective|p1a: Ting-Lu
|-damage|p1a: Ting-Lu|34/100
|-hitcount|p1a: Ting-Lu|4
|move|p1a: Ting-Lu|Earthquake|p2a: Beartic
|-supereffective|p2a: Beartic
|-damage|p2a: Beartic|4/100
|
|upkeep
|turn|15
|
|t:|1758244014
|switch|p1a: Zamazenta|Zamazenta|82/100
|move|p2a: Beartic|Icicle Spear|p1a: Zamazenta
|-damage|p1a: Zamazenta|71/100
|-damage|p1a: Zamazenta|58/100
|-damage|p1a: Zamazenta|47/100
|-damage|p1a: Zamazenta|35/100
|-hitcount|p1a: Zamazenta|4
|
|-heal|p1a: Zamazenta|41/100|[from] item: Leftovers
|upkeep
|turn|16
|
|t:|1758244025
|move|p1a: Zamazenta|Body Press|p2a: Beartic
|-damage|p2a: Beartic|0 fnt
|faint|p2a: Beartic
|
|-heal|p1a: Zamazenta|47/100|[from] item: Leftovers
|upkeep
|
|t:|1758244032
|switch|p2a: Pelipper|Pelipper, F|82/100 tox
|-damage|p2a: Pelipper|57/100 tox|[from] Stealth Rock
|-weather|RainDance|[from] ability: Drizzle|[of] p2a: Pelipper
|turn|17
|
|t:|1758244040
|switch|p1a: Tinkaton|Tinkaton, F|50/100
|-ability|p1a: Tinkaton|Mold Breaker
|move|p2a: Pelipper|U-turn|p1a: Tinkaton
|-resisted|p1a: Tinkaton
|-damage|p1a: Tinkaton|48/100
|
|t:|1758244047
|switch|p2a: Ogerpon|Ogerpon-Wellspring, F|94/100|[from] U-turn
|-damage|p2a: Ogerpon|82/100|[from] Stealth Rock
|
|-weather|RainDance|[upkeep]
|upkeep
|turn|18
|
|t:|1758244059
|move|p2a: Ogerpon|Ivy Cudgel|p1a: Tinkaton|[anim] Ivy Cudgel Water
|-damage|p1a: Tinkaton|0 fnt
|faint|p1a: Tinkaton
|
|-weather|RainDance|[upkeep]
|upkeep
|
|t:|1758244063
|switch|p1a: Weezing|Weezing-Galar, F|56/100
|-ability|p1a: Weezing|Neutralizing Gas
|turn|19
|
|t:|1758244068
|move|p2a: Ogerpon|Ivy Cudgel|p1a: Weezing|[anim] Ivy Cudgel Water
|-crit|p1a: Weezing
|-damage|p1a: Weezing|0 fnt
|faint|p1a: Weezing
|-end|p1a: Weezing|ability: Neutralizing Gas
|
|-weather|RainDance|[upkeep]
|upkeep
|-message|dackit forfeited.
|
|win|DontMissMantine
|raw|dackit's rating: 1584 &rarr; <strong>1559</strong><br />(-25 for losing)
|raw|DontMissMantine's rating: 1495 &rarr; <strong>1520</strong><br />(+25 for winning)
|l|☆dackit
|player|p1|
|l|☆DontMissMantine
|player|p2|
