|j|☆lerendezvous
|j|☆suhayb1910
|t:|1758377367
|gametype|singles
|player|p1|lerendezvous|101|1711
|player|p2|suhayb1910|volo|1706
|gen|9
|tier|[Gen 9] OU
|rated|
|rule|HP Percentage Mod: HP is shown in percentages
|rule|Endless Battle Clause: Forcing endless battles is banned
|rule|Species Clause: Limit one of each Pokémon
|rule|OHKO Clause: OHKO moves are banned
|rule|Evasion Items Clause: Evasion items are banned
|rule|Evasion Moves Clause: Evasion moves are banned
|rule|Evasion Abilities Clause: Evasion abilities are banned
|rule|Sleep Moves Clause: Sleep-inducing moves are banned
|clearpoke
|poke|p1|Ogerpon-Wellspring, F|
|poke|p1|Slowking-Galar, F|
|poke|p1|Great Tusk|
|poke|p1|Moltres|
|poke|p1|Dragapult, M|
|poke|p1|Kingambit, F|
|poke|p2|Kyurem|
|poke|p2|Gliscor, M|
|poke|p2|Kingambit, F|
|poke|p2|Zamazenta-*|
|poke|p2|Great Tusk|
|poke|p2|Toxapex, M|
|teampreview
|inactive|Battle timer is ON: inactive players will automatically lose when time's up. (requested by lerendezvous)
|inactive|suhayb1910 also wants the timer to be on.
|
|t:|1758377377
|teamsize|p1|6
|teamsize|p2|6
|start
|switch|p1a: Slowking|Slowking-Galar, F|100/100
|switch|p2a: Toxapex|Toxapex, M, shiny|100/100
|turn|1
|
|t:|1758377402
|switch|p2a: Gliscor|Gliscor, M|100/100
|move|p1a: Slowking|Ice Beam|p2a: Gliscor
|-supereffective|p2a: Gliscor
|-damage|p2a: Gliscor|12/100
|
|-status|p2a: Gliscor|tox|[from] item: Toxic Orb
|upkeep
|turn|2
|
|t:|1758377408
|switch|p1a: Moltres|Moltres|100/100
|move|p2a: Gliscor|Knock Off|p1a: Moltres
|-damage|p1a: Moltres|87/100
|-enditem|p1a: Moltres|Heavy-Duty Boots|[from] move: Knock Off|[of] p2a: Gliscor
|
|-heal|p2a: Gliscor|24/100 tox|[from] ability: Poison Heal
|upkeep
|turn|3
|
|t:|1758377412
|move|p2a: Gliscor|Protect|p2a: Gliscor
|-singleturn|p2a: Gliscor|Protect
|move|p1a: Moltres|Flamethrower|p2a: Gliscor
|-activate|p2a: Gliscor|move: Protect
|
|-heal|p2a: Gliscor|37/100 tox|[from] ability: Poison Heal
|upkeep
|turn|4
|
|t:|1758377416
|move|p2a: Gliscor|Toxic|p1a: Moltres
|-status|p1a: Moltres|tox
|move|p1a: Moltres|Flamethrower|p2a: Gliscor
|-damage|p2a: Gliscor|6/100 tox
|
|-heal|p2a: Gliscor|19/100 tox|[from] ability: Poison Heal
|-damage|p1a: Moltres|81/100 tox|[from] psn
|upkeep
|turn|5
|
|t:|1758377420
|move|p2a: Gliscor|Protect|p2a: Gliscor
|-singleturn|p2a: Gliscor|Protect
|move|p1a: Moltres|U-turn|p2a: Gliscor
|-activate|p2a: Gliscor|move: Protect
|
|-heal|p2a: Gliscor|31/100 tox|[from] ability: Poison Heal
|-damage|p1a: Moltres|69/100 tox|[from] psn
|upkeep
|turn|6
|
|t:|1758377427
|move|p2a: Gliscor|Earthquake|p1a: Moltres
|-immune|p1a: Moltres
|move|p1a: Moltres|U-turn|p2a: Gliscor
|-resisted|p2a: Gliscor
|-damage|p2a: Gliscor|26/100 tox
|
|t:|1758377431
|switch|p1a: Great Tusk|Great Tusk|100/100|[from] U-turn
|
|-heal|p2a: Gliscor|38/100 tox|[from] ability: Poison Heal
|upkeep
|turn|7
|
|t:|1758377436
|move|p1a: Great Tusk|Stealth Rock|p2a: Gliscor
|-sidestart|p2: suhayb1910|move: Stealth Rock
|move|p2a: Gliscor|Toxic|p1a: Great Tusk
|-status|p1a: Great Tusk|tox
|
|-damage|p1a: Great Tusk|94/100 tox|[from] psn
|-heal|p2a: Gliscor|51/100 tox|[from] ability: Poison Heal
|upkeep
|turn|8
|
|t:|1758377440
|-end|p1a: Great Tusk|Protosynthesis|[silent]
|switch|p1a: Ogerpon|Ogerpon-Wellspring, F|100/100
|move|p2a: Gliscor|Protect||[still]
|-fail|p2a: Gliscor
|
|-heal|p2a: Gliscor|63/100 tox|[from] ability: Poison Heal
|upkeep
|turn|9
|
|t:|1758377447
|switch|p2a: Toxapex|Toxapex, M, shiny|100/100
|-damage|p2a: Toxapex|88/100|[from] Stealth Rock
|move|p1a: Ogerpon|Ivy Cudgel|p2a: Toxapex|[anim] Ivy Cudgel Water
|-resisted|p2a: Toxapex
|-damage|p2a: Toxapex|64/100
|
|upkeep
|turn|10
|
|t:|1758377455
|move|p1a: Ogerpon|U-turn|p2a: Toxapex
|-resisted|p2a: Toxapex
|-damage|p2a: Toxapex|53/100
|
|t:|1758377461
|switch|p1a: Slowking|Slowking-Galar, F|100/100|[from] U-turn
|move|p2a: Toxapex|Sludge Bomb|p1a: Slowking
|-resisted|p1a: Slowking
|-damage|p1a: Slowking|93/100
|
|upkeep
|turn|11
|
|t:|1758377470
|switch|p2a: Kingambit|Kingambit, F|100/100
|-damage|p2a: Kingambit|94/100|[from] Stealth Rock
|move|p1a: Slowking|Flamethrower|p2a: Kingambit
|-supereffective|p2a: Kingambit
|-damage|p2a: Kingambit|37/100
|
|-heal|p2a: Kingambit|43/100|[from] item: Leftovers
|upkeep
|turn|12
|
|t:|1758377479
|-end|p2a: Kingambit|fallenundefined|[silent]
|switch|p2a: Great Tusk|Great Tusk|100/100
|switch|p1a: Kingambit|Kingambit, F|100/100
|
|upkeep
|turn|13
|
|t:|1758377482
|-end|p1a: Kingambit|fallenundefined|[silent]
|switch|p1a: Moltres|Moltres|69/100 tox
|move|p2a: Great Tusk|Rapid Spin|p1a: Moltres
|-damage|p1a: Moltres|57/100 tox
|-boost|p2a: Great Tusk|spe|1
|-sideend|p2: suhayb1910|Stealth Rock|[from] move: Rapid Spin|[of] p2a: Great Tusk
|
|-damage|p1a: Moltres|51/100 tox|[from] psn
|upkeep
|turn|14
|
|t:|1758377488
|move|p2a: Great Tusk|Stealth Rock|p1a: Moltres
|-sidestart|p1: lerendezvous|move: Stealth Rock
|move|p1a: Moltres|U-turn|p2a: Great Tusk
|-resisted|p2a: Great Tusk
|-damage|p2a: Great Tusk|95/100
|
|t:|1758377493
|switch|p1a: Great Tusk|Great Tusk|94/100 tox|[from] U-turn
|-damage|p1a: Great Tusk|91/100 tox|[from] Stealth Rock
|
|-damage|p1a: Great Tusk|85/100 tox|[from] psn
|upkeep
|turn|15
|
|t:|1758377497
|move|p2a: Great Tusk|Ice Spinner|p1a: Great Tusk
|-supereffective|p1a: Great Tusk
|-damage|p1a: Great Tusk|46/100 tox
|-damage|p2a: Great Tusk|79/100|[from] item: Rocky Helmet|[of] p1a: Great Tusk
|move|p1a: Great Tusk|Rapid Spin|p2a: Great Tusk
|-damage|p2a: Great Tusk|66/100
|-boost|p1a: Great Tusk|spe|1
|-sideend|p1: lerendezvous|Stealth Rock|[from] move: Rapid Spin|[of] p1a: Great Tusk
|
|-damage|p1a: Great Tusk|33/100 tox|[from] psn
|upkeep
|turn|16
|
|t:|1758377504
|move|p1a: Great Tusk|Headlong Rush|p2a: Great Tusk
|-damage|p2a: Great Tusk|18/100
|-unboost|p1a: Great Tusk|def|1
|-unboost|p1a: Great Tusk|spd|1
|move|p2a: Great Tusk|Stealth Rock|p1a: Great Tusk
|-sidestart|p1: lerendezvous|move: Stealth Rock
|
|-damage|p1a: Great Tusk|15/100 tox|[from] psn
|upkeep
|turn|17
|
|t:|1758377509
|move|p2a: Great Tusk|Stealth Rock||[still]
|-fail|p2a: Great Tusk
|move|p1a: Great Tusk|Rapid Spin|p2a: Great Tusk
|-damage|p2a: Great Tusk|5/100
|-boost|p1a: Great Tusk|spe|1
|-sideend|p1: lerendezvous|Stealth Rock|[from] move: Rapid Spin|[of] p1a: Great Tusk
|
|-damage|p1a: Great Tusk|0 fnt|[from] psn
|faint|p1a: Great Tusk
|-end|p1a: Great Tusk|Protosynthesis|[silent]
|upkeep
|
|t:|1758377514
|switch|p1a: Moltres|Moltres|51/100 tox
|turn|18
|
|t:|1758377517
|move|p2a: Great Tusk|Stealth Rock|p1a: Moltres
|-sidestart|p1: lerendezvous|move: Stealth Rock
|move|p1a: Moltres|Roost|p1a: Moltres
|-heal|p1a: Moltres|100/100 tox
|-singleturn|p1a: Moltres|move: Roost
|
|-damage|p1a: Moltres|94/100 tox|[from] psn
|upkeep
|turn|19
|j| xmagic_247
|
|t:|1758377525
|move|p2a: Great Tusk|Ice Spinner|p1a: Moltres
|-damage|p1a: Moltres|75/100 tox
|move|p1a: Moltres|U-turn|p2a: Great Tusk
|-resisted|p2a: Great Tusk
|-damage|p2a: Great Tusk|0 fnt
|faint|p2a: Great Tusk
|-end|p2a: Great Tusk|Protosynthesis|[silent]
|
|t:|1758377530
|switch|p1a: Slowking|Slowking-Galar, F|100/100|[from] U-turn
|-damage|p1a: Slowking|88/100|[from] Stealth Rock
|
|upkeep
|
|t:|1758377534
|switch|p2a: Kingambit|Kingambit, F|43/100
|-activate|p2a: Kingambit|ability: Supreme Overlord
|-start|p2a: Kingambit|fallen1|[silent]
|turn|20
|
|t:|1758377538
|switch|p1a: Kingambit|Kingambit, F|100/100
|-damage|p1a: Kingambit|94/100|[from] Stealth Rock
|-activate|p1a: Kingambit|ability: Supreme Overlord
|-start|p1a: Kingambit|fallen1|[silent]
|move|p2a: Kingambit|Kowtow Cleave|p1a: Kingambit
|-resisted|p1a: Kingambit
|-damage|p1a: Kingambit|74/100
|
|-heal|p1a: Kingambit|81/100|[from] item: Leftovers
|-heal|p2a: Kingambit|49/100|[from] item: Leftovers
|upkeep
|turn|21
|
|t:|1758377546
|-end|p2a: Kingambit|fallen1|[silent]
|switch|p2a: Zamazenta|Zamazenta|100/100
|-ability|p2a: Zamazenta|Dauntless Shield|boost
|-boost|p2a: Zamazenta|def|1
|move|p1a: Kingambit|Swords Dance|p1a: Kingambit
|-boost|p1a: Kingambit|atk|2
|
|-heal|p1a: Kingambit|87/100|[from] item: Leftovers
|upkeep
|turn|22
|
|t:|1758377550
|-terastallize|p1a: Kingambit|Ghost
|move|p2a: Zamazenta|Iron Defense|p2a: Zamazenta
|-boost|p2a: Zamazenta|def|2
|move|p1a: Kingambit|Iron Head|p2a: Zamazenta
|-damage|p2a: Zamazenta|74/100
|
|-heal|p1a: Kingambit|93/100|[from] item: Leftovers
|upkeep
|turn|23
|
|t:|1758377556
|move|p2a: Zamazenta|Crunch|p1a: Kingambit
|-supereffective|p1a: Kingambit
|-damage|p1a: Kingambit|62/100
|move|p1a: Kingambit|Swords Dance|p1a: Kingambit
|-boost|p1a: Kingambit|atk|2
|
|-heal|p1a: Kingambit|68/100|[from] item: Leftovers
|upkeep
|turn|24
|
|t:|1758377560
|move|p2a: Zamazenta|Crunch|p1a: Kingambit
|-supereffective|p1a: Kingambit
|-damage|p1a: Kingambit|31/100
|move|p1a: Kingambit|Low Kick|p2a: Zamazenta
|-damage|p2a: Zamazenta|33/100
|
|-heal|p1a: Kingambit|37/100|[from] item: Leftovers
|upkeep
|turn|25
|
|t:|1758377565
|move|p2a: Zamazenta|Rest|p2a: Zamazenta
|-status|p2a: Zamazenta|slp|[from] move: Rest
|-heal|p2a: Zamazenta|100/100 slp|[silent]
|-enditem|p2a: Zamazenta|Chesto Berry|[eat]
|-curestatus|p2a: Zamazenta|slp|[msg]
|move|p1a: Kingambit|Low Kick|p2a: Zamazenta
|-damage|p2a: Zamazenta|54/100
|
|-heal|p1a: Kingambit|43/100|[from] item: Leftovers
|upkeep
|turn|26
|
|t:|1758377569
|move|p2a: Zamazenta|Crunch|p1a: Kingambit
|-supereffective|p1a: Kingambit
|-damage|p1a: Kingambit|12/100
|move|p1a: Kingambit|Iron Head|p2a: Zamazenta
|-damage|p2a: Zamazenta|9/100
|
|-heal|p1a: Kingambit|18/100|[from] item: Leftovers
|upkeep
|turn|27
|
|t:|1758377576
|move|p1a: Kingambit|Sucker Punch|p2a: Zamazenta
|-resisted|p2a: Zamazenta
|-damage|p2a: Zamazenta|0 fnt
|faint|p2a: Zamazenta
|
|-heal|p1a: Kingambit|24/100|[from] item: Leftovers
|upkeep
|
|t:|1758377581
|switch|p2a: Kyurem|Kyurem|100/100
|-ability|p2a: Kyurem|Pressure
|turn|28
|
|t:|1758377584
|move|p1a: Kingambit|Sucker Punch||[still]
|-fail|p1a: Kingambit
|move|p2a: Kyurem|Substitute|p2a: Kyurem
|-start|p2a: Kyurem|Substitute
|-damage|p2a: Kyurem|76/100
|
|-heal|p2a: Kyurem|82/100|[from] item: Leftovers
|-heal|p1a: Kingambit|30/100|[from] item: Leftovers
|upkeep
|turn|29
|
|t:|1758377588
|move|p1a: Kingambit|Sucker Punch|p2a: Kyurem
|-end|p2a: Kyurem|Substitute
|move|p2a: Kyurem|Freeze-Dry|p1a: Kingambit
|-crit|p1a: Kingambit
|-damage|p1a: Kingambit|0 fnt
|faint|p1a: Kingambit
|-end|p1a: Kingambit|fallen1|[silent]
|
|-heal|p2a: Kyurem|88/100|[from] item: Leftovers
|upkeep
|
|t:|1758377594
|switch|p1a: Slowking|Slowking-Galar, F|100/100
|-damage|p1a: Slowking|88/100|[from] Stealth Rock
|turn|30
|
|t:|1758377598
|move|p2a: Kyurem|Substitute|p2a: Kyurem
|-start|p2a: Kyurem|Substitute
|-damage|p2a: Kyurem|63/100
|move|p1a: Slowking|Sludge Bomb|p2a: Kyurem
|-crit|p2a: Kyurem
|-end|p2a: Kyurem|Substitute
|
|-heal|p2a: Kyurem|69/100|[from] item: Leftovers
|upkeep
|turn|31
|
|t:|1758377603
|-terastallize|p2a: Kyurem|Ground
|move|p2a: Kyurem|Substitute|p2a: Kyurem
|-start|p2a: Kyurem|Substitute
|-damage|p2a: Kyurem|44/100
|move|p1a: Slowking|Flamethrower|p2a: Kyurem
|-activate|p2a: Kyurem|move: Substitute|[damage]
|
|-heal|p2a: Kyurem|50/100|[from] item: Leftovers
|upkeep
|turn|32
|
|t:|1758377607
|move|p2a: Kyurem|Earth Power|p1a: Slowking
|-supereffective|p1a: Slowking
|-crit|p1a: Slowking
|-damage|p1a: Slowking|19/100
|move|p1a: Slowking|Flamethrower|p2a: Kyurem
|-end|p2a: Kyurem|Substitute
|
|-heal|p2a: Kyurem|57/100|[from] item: Leftovers
|upkeep
|turn|33
|
|t:|1758377613
|move|p2a: Kyurem|Earth Power|p1a: Slowking
|-supereffective|p1a: Slowking
|-damage|p1a: Slowking|0 fnt
|faint|p1a: Slowking
|
|-heal|p2a: Kyurem|63/100|[from] item: Leftovers
|upkeep
|
|t:|1758377617
|switch|p1a: Ogerpon|Ogerpon-Wellspring, F|100/100
|-damage|p1a: Ogerpon|88/100|[from] Stealth Rock
|turn|34
|
|t:|1758377622
|switch|p2a: Toxapex|Toxapex, M, shiny|86/100
|move|p1a: Ogerpon|Ivy Cudgel|p2a: Toxapex|[anim] Ivy Cudgel Water
|-resisted|p2a: Toxapex
|-damage|p2a: Toxapex|63/100
|
|upkeep
|turn|35
|
|t:|1758377626
|move|p1a: Ogerpon|Power Whip|p2a: Toxapex
|-damage|p2a: Toxapex|8/100
|move|p2a: Toxapex|Sludge Bomb|p1a: Ogerpon
|-supereffective|p1a: Ogerpon
|-damage|p1a: Ogerpon|20/100
|-status|p1a: Ogerpon|psn
|
|-damage|p1a: Ogerpon|7/100 psn|[from] psn
|upkeep
|turn|36
|
|t:|1758377634
|move|p1a: Ogerpon|Ivy Cudgel|p2a: Toxapex|[anim] Ivy Cudgel Water
|-resisted|p2a: Toxapex
|-damage|p2a: Toxapex|0 fnt
|faint|p2a: Toxapex
|
|-damage|p1a: Ogerpon|0 fnt|[from] psn
|faint|p1a: Ogerpon
|upkeep
|
|t:|1758377638
|switch|p1a: Dragapult|Dragapult, M|100/100
|switch|p2a: Kingambit|Kingambit, F|49/100
|-activate|p2a: Kingambit|ability: Supreme Overlord
|-start|p2a: Kingambit|fallen3|[silent]
|turn|37
|
|t:|1758377642
|move|p1a: Dragapult|Will-O-Wisp|p2a: Kingambit
|-status|p2a: Kingambit|brn
|move|p2a: Kingambit|Kowtow Cleave|p1a: Dragapult
|-supereffective|p1a: Dragapult
|-damage|p1a: Dragapult|17/100
|
|-heal|p2a: Kingambit|55/100 brn|[from] item: Leftovers
|-damage|p2a: Kingambit|49/100 brn|[from] brn
|upkeep
|turn|38
|
|t:|1758377649
|move|p2a: Kingambit|Sucker Punch|p1a: Dragapult
|-supereffective|p1a: Dragapult
|-damage|p1a: Dragapult|0 fnt
|faint|p1a: Dragapult
|
|-heal|p2a: Kingambit|55/100 brn|[from] item: Leftovers
|-damage|p2a: Kingambit|49/100 brn|[from] brn
|upkeep
|
|t:|1758377656
|switch|p1a: Moltres|Moltres|75/100 tox
|-damage|p1a: Moltres|26/100 tox|[from] Stealth Rock
|turn|39
|
|t:|1758377660
|move|p1a: Moltres|Roost|p1a: Moltres
|-heal|p1a: Moltres|76/100 tox
|-singleturn|p1a: Moltres|move: Roost
|move|p2a: Kingambit|Swords Dance|p2a: Kingambit
|-boost|p2a: Kingambit|atk|2
|
|-heal|p2a: Kingambit|55/100 brn|[from] item: Leftovers
|-damage|p1a: Moltres|70/100 tox|[from] psn
|-damage|p2a: Kingambit|49/100 brn|[from] brn
|upkeep
|turn|40
|
|t:|1758377663
|move|p2a: Kingambit|Sucker Punch||[still]
|-fail|p2a: Kingambit
|move|p1a: Moltres|Roost|p1a: Moltres
|-heal|p1a: Moltres|100/100 tox
|-singleturn|p1a: Moltres|move: Roost
|
|-heal|p2a: Kingambit|55/100 brn|[from] item: Leftovers
|-damage|p1a: Moltres|88/100 tox|[from] psn
|-damage|p2a: Kingambit|49/100 brn|[from] brn
|upkeep
|turn|41
|
|t:|1758377667
|move|p2a: Kingambit|Sucker Punch||[still]
|-fail|p2a: Kingambit
|move|p1a: Moltres|Roost|p1a: Moltres
|-heal|p1a: Moltres|100/100 tox
|-singleturn|p1a: Moltres|move: Roost
|
|-heal|p2a: Kingambit|55/100 brn|[from] item: Leftovers
|-damage|p1a: Moltres|82/100 tox|[from] psn
|-damage|p2a: Kingambit|49/100 brn|[from] brn
|upkeep
|turn|42
|
|t:|1758377670
|move|p2a: Kingambit|Sucker Punch|p1a: Moltres
|-damage|p1a: Moltres|43/100 tox
|move|p1a: Moltres|Flamethrower|p2a: Kingambit
|-supereffective|p2a: Kingambit
|-damage|p2a: Kingambit|0 fnt
|faint|p2a: Kingambit
|-end|p2a: Kingambit|fallen3|[silent]
|
|-damage|p1a: Moltres|19/100 tox|[from] psn
|upkeep
|
|t:|1758377674
|switch|p2a: Kyurem|Kyurem, tera:Ground|63/100
|-ability|p2a: Kyurem|Pressure
|turn|43
|
|t:|1758377677
|move|p2a: Kyurem|Freeze-Dry|p1a: Moltres
|-damage|p1a: Moltres|0 fnt
|faint|p1a: Moltres
|
|win|suhayb1910
|raw|lerendezvous's rating: 1711 &rarr; <strong>1691</strong><br />(-20 for losing)
|raw|suhayb1910's rating: 1706 &rarr; <strong>1726</strong><br />(+20 for winning)
|l|☆lerendezvous
|player|p1|
|c|☆suhayb1910|gg
|l|☆suhayb1910
|player|p2|
