|j|☆guoqiushi
|j|☆davynavy
|t:|1758374575
|gametype|singles
|player|p1|guoqiushi|n|1349
|player|p2|davynavy|buck|1373
|gen|9
|tier|[Gen 9] OU
|rated|
|rule|HP Percentage Mod: HP is shown in percentages
|rule|Endless Battle Clause: Forcing endless battles is banned
|rule|Species Clause: Limit one of each Pokémon
|rule|OHKO Clause: OHKO moves are banned
|rule|Evasion Items Clause: Evasion items are banned
|rule|Evasion Moves Clause: Evasion moves are banned
|rule|Evasion Abilities Clause: Evasion abilities are banned
|rule|Sleep Moves Clause: Sleep-inducing moves are banned
|clearpoke
|poke|p1|Scizor, M|
|poke|p1|Clodsire, F|
|poke|p1|Alomomola, M|
|poke|p1|Meowscarada, M|
|poke|p1|Hydreigon, M|
|poke|p1|Dragapult, M|
|poke|p2|Ribombee, F|
|poke|p2|Munkidori, M|
|poke|p2|Ogerpon-Cornerstone, F|
|poke|p2|Manaphy|
|poke|p2|Samurott-Hisui, M|
|poke|p2|Gholdengo|
|teampreview
|inactive|Battle timer is ON: inactive players will automatically lose when time's up. (requested by guoqiushi)
|
|t:|1758374581
|teamsize|p1|6
|teamsize|p2|6
|start
|switch|p1a: Scizor|Scizor, M|100/100
|switch|p2a: Ribombee|Ribombee, F|100/100
|turn|1
|
|t:|1758374590
|move|p1a: Scizor|Bullet Punch|p2a: Ribombee
|-supereffective|p2a: Ribombee
|-enditem|p2a: Ribombee|Focus Sash
|-damage|p2a: Ribombee|1/100
|move|p2a: Ribombee|Stun Spore|p1a: Scizor
|-status|p1a: Scizor|par
|
|upkeep
|turn|2
|
|t:|1758374597
|move|p1a: Scizor|Bullet Punch|p2a: Ribombee
|-supereffective|p2a: Ribombee
|-damage|p2a: Ribombee|0 fnt
|faint|p2a: Ribombee
|
|upkeep
|
|t:|1758374613
|switch|p2a: Munkidori|Munkidori, M|100/100
|turn|3
|
|t:|1758374624
|switch|p1a: Alomomola|Alomomola, M|100/100
|move|p2a: Munkidori|Nasty Plot|p2a: Munkidori
|-boost|p2a: Munkidori|spa|2
|
|upkeep
|turn|4
|
|t:|1758374631
|move|p2a: Munkidori|Grass Knot|p1a: Alomomola
|-supereffective|p1a: Alomomola
|-damage|p1a: Alomomola|0 fnt
|-damage|p2a: Munkidori|84/100|[from] item: Rocky Helmet|[of] p1a: Alomomola
|faint|p1a: Alomomola
|-damage|p2a: Munkidori|74/100|[from] item: Life Orb
|
|upkeep
|
|t:|1758374637
|switch|p1a: Dragapult|Dragapult, M|100/100
|turn|5
|
|t:|1758374645
|move|p1a: Dragapult|Shadow Ball|p2a: Munkidori
|-supereffective|p2a: Munkidori
|-damage|p2a: Munkidori|0 fnt
|faint|p2a: Munkidori
|
|upkeep
|
|t:|1758374654
|switch|p2a: Samurott|Samurott-Hisui, M|100/100
|turn|6
|
|t:|1758374658
|switch|p1a: Meowscarada|Meowscarada, M|100/100
|move|p2a: Samurott|Ceaseless Edge|p1a: Meowscarada
|-resisted|p1a: Meowscarada
|-damage|p1a: Meowscarada|54/100
|-sidestart|p1: guoqiushi|Spikes
|
|upkeep
|turn|7
|
|t:|1758374668
|move|p1a: Meowscarada|U-turn|p2a: Samurott
|-start|p1a: Meowscarada|typechange|Bug|[from] ability: Protean
|-supereffective|p2a: Samurott
|-damage|p2a: Samurott|1/100
|
|t:|1758374677
|switch|p1a: Hydreigon|Hydreigon, M|100/100|[from] U-turn
|move|p2a: Samurott|Sacred Sword|p1a: Hydreigon
|-supereffective|p1a: Hydreigon
|-damage|p1a: Hydreigon|20/100
|
|-heal|p1a: Hydreigon|26/100|[from] item: Leftovers
|upkeep
|turn|8
|
|t:|1758374687
|move|p1a: Hydreigon|Dark Pulse|p2a: Samurott
|-resisted|p2a: Samurott
|-damage|p2a: Samurott|0 fnt
|faint|p2a: Samurott
|
|-heal|p1a: Hydreigon|32/100|[from] item: Leftovers
|upkeep
|
|t:|1758374702
|switch|p2a: Ogerpon|Ogerpon-Cornerstone, F|100/100
|turn|9
|
|t:|1758374728
|move|p2a: Ogerpon|Ivy Cudgel|p1a: Hydreigon|[anim] Ivy Cudgel Rock
|-damage|p1a: Hydreigon|0 fnt
|faint|p1a: Hydreigon
|
|upkeep
|inactive|guoqiushi has 120 seconds left.
|inactive|guoqiushi has 90 seconds left.
|
|t:|1758374774
|switch|p1a: Scizor|Scizor, M|100/100 par
|-damage|p1a: Scizor|88/100 par|[from] Spikes
|turn|10
|
|t:|1758374787
|-terastallize|p2a: Ogerpon|Rock
|detailschange|p2a: Ogerpon|Ogerpon-Cornerstone-Tera, F, tera:Rock
|-ability|p2a: Ogerpon|Embody Aspect (Cornerstone)|boost
|-boost|p2a: Ogerpon|def|1
|move|p2a: Ogerpon|Swords Dance|p2a: Ogerpon
|-boost|p2a: Ogerpon|atk|2
|cant|p1a: Scizor|par
|
|upkeep
|turn|11
|
|t:|1758374796
|move|p1a: Scizor|Bullet Punch|p2a: Ogerpon
|-supereffective|p2a: Ogerpon
|-damage|p2a: Ogerpon|15/100
|move|p2a: Ogerpon|Ivy Cudgel|p1a: Scizor|[anim] Ivy Cudgel Rock
|-damage|p1a: Scizor|0 fnt
|faint|p1a: Scizor
|
|upkeep
|
|t:|1758374803
|switch|p1a: Dragapult|Dragapult, M|100/100
|-damage|p1a: Dragapult|88/100|[from] Spikes
|turn|12
|
|t:|1758374811
|move|p1a: Dragapult|Shadow Ball|p2a: Ogerpon
|-damage|p2a: Ogerpon|0 fnt
|faint|p2a: Ogerpon
|detailschange|p2: Ogerpon|Ogerpon-Cornerstone, F|[silent]
|
|upkeep
|
|t:|1758374821
|switch|p2a: Manaphy|Manaphy|100/100
|turn|13
|
|t:|1758374829
|move|p1a: Dragapult|Shadow Ball|p2a: Manaphy
|-damage|p2a: Manaphy|51/100
|move|p2a: Manaphy|Tail Glow|p2a: Manaphy
|-boost|p2a: Manaphy|spa|3
|
|upkeep
|turn|14
|inactive|guoqiushi has 120 seconds left.
|
|t:|1758374836
|move|p1a: Dragapult|Shadow Ball|p2a: Manaphy
|-damage|p2a: Manaphy|0 fnt
|faint|p2a: Manaphy
|
|upkeep
|
|t:|1758374841
|switch|p2a: Gholdengo|Gholdengo|100/100
|-item|p2a: Gholdengo|Air Balloon
|turn|15
|
|t:|1758374845
|move|p1a: Dragapult|Shadow Ball|p2a: Gholdengo
|-supereffective|p2a: Gholdengo
|-damage|p2a: Gholdengo|0 fnt
|-enditem|p2a: Gholdengo|Air Balloon
|faint|p2a: Gholdengo
|
|win|guoqiushi
|raw|guoqiushi's rating: 1349 &rarr; <strong>1370</strong><br />(+21 for winning)
|raw|davynavy's rating: 1373 &rarr; <strong>1352</strong><br />(-21 for losing)
|c|☆davynavy|gg
|l|☆davynavy
|player|p2|
|l|☆guoqiushi
|player|p1|
