|j|☆tommy3002
|j|☆bamazar
|t:|1758288514
|gametype|singles
|player|p1|tommy3002|supernerd|1256
|player|p2|bamazar|101|1246
|gen|9
|tier|[Gen 9] OU
|rated|
|rule|HP Percentage Mod: HP is shown in percentages
|rule|Endless Battle Clause: Forcing endless battles is banned
|rule|Species Clause: Limit one of each Pokémon
|rule|OHKO Clause: OHKO moves are banned
|rule|Evasion Items Clause: Evasion items are banned
|rule|Evasion Moves Clause: Evasion moves are banned
|rule|Evasion Abilities Clause: Evasion abilities are banned
|rule|Sleep Moves Clause: Sleep-inducing moves are banned
|clearpoke
|poke|p1|Pelipper, F|
|poke|p1|Barraskewda, F|
|poke|p1|Toxicroak, M|
|poke|p1|Thundurus, M|
|poke|p1|Kingdra, F|
|poke|p1|Zapdos|
|poke|p2|Kleavor, M|
|poke|p2|Samurott-Hisui, M|
|poke|p2|Glimmora, M|
|poke|p2|Tyranitar, F|
|poke|p2|Gyarados, F|
|poke|p2|Alomomola, M|
|teampreview
|inactive|Battle timer is ON: inactive players will automatically lose when time's up. (requested by tommy3002)
|
|t:|1758288524
|teamsize|p1|6
|teamsize|p2|6
|start
|switch|p1a: Pelipper|Pelipper, F|100/100
|switch|p2a: Kleavor|Kleavor, M|100/100
|-weather|RainDance|[from] ability: Drizzle|[of] p1a: Pelipper
|turn|1
|
|t:|1758288535
|move|p2a: Kleavor|Stone Axe|p1a: Pelipper|[miss]
|-miss|p2a: Kleavor|p1a: Pelipper
|move|p1a: Pelipper|Weather Ball|p2a: Kleavor
|-supereffective|p2a: Kleavor
|-damage|p2a: Kleavor|0 fnt
|faint|p2a: Kleavor
|
|-weather|RainDance|[upkeep]
|upkeep
|
|t:|1758288548
|switch|p2a: Tyranitar|Tyranitar, F|100/100
|-weather|Sandstorm|[from] ability: Sand Stream|[of] p2a: Tyranitar
|turn|2
|
|t:|1758288554
|move|p2a: Tyranitar|Knock Off|p1a: Pelipper
|-damage|p1a: Pelipper|69/100
|-enditem|p1a: Pelipper|Damp Rock|[from] move: Knock Off|[of] p2a: Tyranitar
|move|p1a: Pelipper|U-turn|p2a: Tyranitar
|-supereffective|p2a: Tyranitar
|-damage|p2a: Tyranitar|84/100
|
|t:|1758288560
|switch|p1a: Thundurus|Thundurus, M|100/100|[from] U-turn
|
|-weather|Sandstorm|[upkeep]
|-damage|p1a: Thundurus|94/100|[from] Sandstorm
|upkeep
|turn|3
|
|t:|1758288567
|switch|p2a: Glimmora|Glimmora, M|100/100
|-item|p2a: Glimmora|Air Balloon
|move|p1a: Thundurus|Rain Dance|p1a: Thundurus
|-weather|RainDance
|
|-weather|RainDance|[upkeep]
|upkeep
|turn|4
|
|t:|1758288576
|move|p1a: Thundurus|Taunt|p2a: Glimmora
|-start|p2a: Glimmora|move: Taunt
|move|p2a: Glimmora|Mortal Spin|p1a: Thundurus
|-damage|p1a: Thundurus|86/100
|-status|p1a: Thundurus|psn
|
|-weather|RainDance|[upkeep]
|-damage|p1a: Thundurus|74/100 psn|[from] psn
|upkeep
|turn|5
|
|t:|1758288587
|switch|p2a: Tyranitar|Tyranitar, F|84/100
|-weather|Sandstorm|[from] ability: Sand Stream|[of] p2a: Tyranitar
|move|p1a: Thundurus|Thunder Wave|p2a: Tyranitar
|-hint|Since gen 7, Dark is immune to Prankster moves.
|-immune|p2a: Tyranitar
|
|-weather|Sandstorm|[upkeep]
|-damage|p1a: Thundurus|68/100 psn|[from] Sandstorm
|-damage|p1a: Thundurus|55/100 psn|[from] psn
|upkeep
|turn|6
|
|t:|1758288597
|switch|p1a: Pelipper|Pelipper, F|69/100
|-weather|RainDance|[from] ability: Drizzle|[of] p1a: Pelipper
|switch|p2a: Alomomola|Alomomola, M|100/100
|
|-weather|RainDance|[upkeep]
|upkeep
|turn|7
|
|t:|1758288607
|switch|p1a: Toxicroak|Toxicroak, M|100/100
|move|p2a: Alomomola|Wish|p2a: Alomomola
|
|-weather|RainDance|[upkeep]
|upkeep
|turn|8
|
|t:|1758288614
|switch|p2a: Glimmora|Glimmora, M|100/100
|-item|p2a: Glimmora|Air Balloon
|move|p1a: Toxicroak|Swords Dance|p1a: Toxicroak
|-boost|p1a: Toxicroak|atk|2
|
|-weather|RainDance|[upkeep]
|upkeep
|turn|9
|
|t:|1758288623
|move|p2a: Glimmora|Spiky Shield|p2a: Glimmora
|-singleturn|p2a: Glimmora|move: Protect
|move|p1a: Toxicroak|Drain Punch|p2a: Glimmora
|-activate|p2a: Glimmora|move: Protect
|-damage|p1a: Toxicroak|88/100|[from] Spiky Shield|[of] p2a: Glimmora
|
|-weather|RainDance|[upkeep]
|-heal|p1a: Toxicroak|100/100|[from] ability: Dry Skin
|upkeep
|turn|10
|
|t:|1758288630
|move|p2a: Glimmora|Substitute|p2a: Glimmora
|-start|p2a: Glimmora|Substitute
|-damage|p2a: Glimmora|76/100
|move|p1a: Toxicroak|Drain Punch|p2a: Glimmora
|-end|p2a: Glimmora|Substitute
|-enditem|p2a: Glimmora|Air Balloon
|
|-weather|none
|upkeep
|turn|11
|
|t:|1758288636
|move|p2a: Glimmora|Earth Power|p1a: Toxicroak
|-supereffective|p1a: Toxicroak
|-damage|p1a: Toxicroak|22/100
|-unboost|p1a: Toxicroak|spd|1
|move|p1a: Toxicroak|Drain Punch|p2a: Glimmora
|-damage|p2a: Glimmora|5/100
|-heal|p1a: Toxicroak|65/100|[from] drain|[of] p2a: Glimmora
|-activate|p2a: Glimmora|ability: Toxic Debris
|-sidestart|p1: tommy3002|move: Toxic Spikes
|
|-heal|p1a: Toxicroak|71/100|[from] item: Leftovers
|upkeep
|turn|12
|
|t:|1758288647
|move|p1a: Toxicroak|Sucker Punch|p2a: Glimmora
|-damage|p2a: Glimmora|0 fnt
|-activate|p2a: Glimmora|ability: Toxic Debris
|-sidestart|p1: tommy3002|move: Toxic Spikes
|faint|p2a: Glimmora
|
|-heal|p1a: Toxicroak|77/100|[from] item: Leftovers
|upkeep
|
|t:|1758288660
|switch|p2a: Gyarados|Gyarados, F, shiny|100/100
|turn|13
|
|t:|1758288665
|move|p1a: Toxicroak|Gunk Shot|p2a: Gyarados
|-damage|p2a: Gyarados|0 fnt
|faint|p2a: Gyarados
|
|-heal|p1a: Toxicroak|84/100|[from] item: Leftovers
|upkeep
|
|t:|1758288671
|switch|p2a: Samurott|Samurott-Hisui, M|100/100
|turn|14
|
|t:|1758288675
|move|p2a: Samurott|Ceaseless Edge|p1a: Toxicroak
|-resisted|p1a: Toxicroak
|-damage|p1a: Toxicroak|47/100
|-sidestart|p1: tommy3002|Spikes
|move|p1a: Toxicroak|Drain Punch|p2a: Samurott
|-supereffective|p2a: Samurott
|-damage|p2a: Samurott|0 fnt
|-heal|p1a: Toxicroak|99/100|[from] drain|[of] p2a: Samurott
|faint|p2a: Samurott
|
|-heal|p1a: Toxicroak|100/100|[from] item: Leftovers
|upkeep
|
|t:|1758288683
|switch|p2a: Alomomola|Alomomola, M|100/100
|turn|15
|-message|bamazar forfeited.
|
|win|tommy3002
|raw|tommy3002's rating: 1256 &rarr; <strong>1280</strong><br />(+24 for winning)
|raw|bamazar's rating: 1246 &rarr; <strong>1222</strong><br />(-24 for losing)
|l|☆bamazar
|player|p2|
|l|☆tommy3002
|player|p1|
