|j|☆PapsIGuess31
|j|☆serelika
|t:|1758264506
|gametype|singles
|player|p1|PapsIGuess31|ingo|1274
|player|p2|serelika|leaf-masters2|1195
|gen|9
|tier|[Gen 9] OU
|rated|
|rule|HP Percentage Mod: HP is shown in percentages
|rule|Endless Battle Clause: Forcing endless battles is banned
|rule|Species Clause: Limit one of each Pokémon
|rule|OHKO Clause: OHKO moves are banned
|rule|Evasion Items Clause: Evasion items are banned
|rule|Evasion Moves Clause: Evasion moves are banned
|rule|Evasion Abilities Clause: Evasion abilities are banned
|rule|Sleep Moves Clause: Sleep-inducing moves are banned
|clearpoke
|poke|p1|Hydrapple, M|
|poke|p1|Dragapult, M|
|poke|p1|Tinkaton, F|
|poke|p1|Blaziken, M|
|poke|p1|Oricorio-Pom-Pom, M|
|poke|p1|Crawdaunt, M|
|poke|p2|Thundurus, M|
|poke|p2|Serperior, M|
|poke|p2|Pecharunt|
|poke|p2|Dragapult, M|
|poke|p2|Jirachi|
|poke|p2|Gliscor, M|
|teampreview
|inactive|Battle timer is ON: inactive players will automatically lose when time's up. (requested by serelika)
|c|☆PapsIGuess31|glhf!
|
|t:|1758264513
|teamsize|p1|6
|teamsize|p2|6
|start
|switch|p1a: Dragapult|Dragapult, M|100/100
|switch|p2a: Thundurus|Thundurus, M|100/100
|turn|1
|
|t:|1758264516
|move|p2a: Thundurus|Thunder Wave|p1a: Dragapult
|-status|p1a: Dragapult|par
|move|p1a: Dragapult|Phantom Force||[still]
|-prepare|p1a: Dragapult|Phantom Force
|
|upkeep
|turn|2
|
|t:|1758264532
|switch|p2a: Gliscor|Gliscor, M|100/100
|move|p1a: Dragapult|Phantom Force|p2a: Gliscor|[from] lockedmove
|-damage|p2a: Gliscor|47/100
|-damage|p1a: Dragapult|91/100 par|[from] item: Life Orb
|
|-status|p2a: Gliscor|tox|[from] item: Toxic Orb
|upkeep
|turn|3
|
|t:|1758264556
|move|p2a: Gliscor|Dual Wingbeat|p1a: Dragapult|[miss]
|-miss|p2a: Gliscor|p1a: Dragapult
|move|p1a: Dragapult|Dragon Dance|p1a: Dragapult
|-boost|p1a: Dragapult|atk|1
|-boost|p1a: Dragapult|spe|1
|
|-heal|p2a: Gliscor|59/100 tox|[from] ability: Poison Heal
|upkeep
|turn|4
|
|t:|1758264566
|move|p1a: Dragapult|Phantom Force||[still]
|-prepare|p1a: Dragapult|Phantom Force
|move|p2a: Gliscor|Dual Wingbeat|p1a: Dragapult|[miss]
|-miss|p2a: Gliscor|p1a: Dragapult
|
|-heal|p2a: Gliscor|71/100 tox|[from] ability: Poison Heal
|upkeep
|turn|5
|inactive|serelika has 120 seconds left.
|
|t:|1758264583
|move|p1a: Dragapult|Phantom Force|p2a: Gliscor|[from] lockedmove
|-damage|p2a: Gliscor|0 fnt
|faint|p2a: Gliscor
|-damage|p1a: Dragapult|81/100 par|[from] item: Life Orb
|
|upkeep
|
|t:|1758264586
|switch|p2a: Dragapult|Dragapult, M|100/100
|turn|6
|
|t:|1758264592
|-terastallize|p1a: Dragapult|Steel
|move|p2a: Dragapult|Hex|p1a: Dragapult
|-damage|p1a: Dragapult|18/100 par
|cant|p1a: Dragapult|par
|
|upkeep
|turn|7
|
|t:|1758264597
|move|p2a: Dragapult|Hex|p1a: Dragapult
|-damage|p1a: Dragapult|0 fnt
|faint|p1a: Dragapult
|
|upkeep
|
|t:|1758264599
|switch|p1a: Tinkaton|Tinkaton, F|100/100
|-ability|p1a: Tinkaton|Mold Breaker
|-item|p1a: Tinkaton|Air Balloon
|turn|8
|
|t:|1758264609
|move|p2a: Dragapult|Thunder Wave|p1a: Tinkaton
|-status|p1a: Tinkaton|par
|cant|p1a: Tinkaton|par
|
|upkeep
|turn|9
|
|t:|1758264613
|move|p2a: Dragapult|Hex|p1a: Tinkaton
|-damage|p1a: Tinkaton|56/100 par
|-enditem|p1a: Tinkaton|Air Balloon
|move|p1a: Tinkaton|Thunder Wave|p2a: Dragapult
|-status|p2a: Dragapult|par
|
|upkeep
|turn|10
|
|t:|1758264619
|move|p2a: Dragapult|Hex|p1a: Tinkaton
|-crit|p1a: Tinkaton
|-damage|p1a: Tinkaton|0 fnt
|faint|p1a: Tinkaton
|
|upkeep
|
|t:|1758264622
|switch|p1a: Crawdaunt|Crawdaunt, M|100/100
|turn|11
|
|t:|1758264628
|cant|p2a: Dragapult|par
|move|p1a: Crawdaunt|Crunch|p2a: Dragapult
|-supereffective|p2a: Dragapult
|-crit|p2a: Dragapult
|-enditem|p2a: Dragapult|Focus Sash
|-damage|p2a: Dragapult|1/100 par
|
|upkeep
|turn|12
|
|t:|1758264633
|switch|p1a: Oricorio|Oricorio-Pom-Pom, M|100/100
|move|p2a: Dragapult|Dragon Darts|p1a: Oricorio
|-damage|p1a: Oricorio|82/100
|-anim|p2a: Dragapult|Dragon Darts|p1a: Oricorio
|-damage|p1a: Oricorio|63/100
|
|-heal|p1a: Oricorio|69/100|[from] item: Leftovers
|upkeep
|turn|13
|
|t:|1758264643
|move|p1a: Oricorio|Quiver Dance|p1a: Oricorio
|-boost|p1a: Oricorio|spa|1
|-boost|p1a: Oricorio|spd|1
|-boost|p1a: Oricorio|spe|1
|cant|p2a: Dragapult|par
|
|-heal|p1a: Oricorio|75/100|[from] item: Leftovers
|upkeep
|turn|14
|
|t:|1758264649
|move|p1a: Oricorio|Air Slash|p2a: Dragapult
|-damage|p2a: Dragapult|0 fnt
|faint|p2a: Dragapult
|
|-heal|p1a: Oricorio|82/100|[from] item: Leftovers
|upkeep
|
|t:|1758264660
|switch|p2a: Thundurus|Thundurus, M|100/100
|turn|15
|
|t:|1758264663
|-terastallize|p2a: Thundurus|Ice
|move|p1a: Oricorio|Quiver Dance|p1a: Oricorio
|-boost|p1a: Oricorio|spa|1
|-boost|p1a: Oricorio|spd|1
|-boost|p1a: Oricorio|spe|1
|move|p2a: Thundurus|Tera Blast|p1a: Oricorio|[anim] Tera Blast Ice
|-supereffective|p1a: Oricorio
|-damage|p1a: Oricorio|23/100
|
|-heal|p1a: Oricorio|30/100|[from] item: Leftovers
|upkeep
|turn|16
|
|t:|1758264667
|move|p1a: Oricorio|Air Slash|p2a: Thundurus
|-damage|p2a: Thundurus|28/100
|cant|p2a: Thundurus|flinch
|
|-heal|p1a: Oricorio|36/100|[from] item: Leftovers
|upkeep
|turn|17
|-message|serelika forfeited.
|
|win|PapsIGuess31
|raw|PapsIGuess31's rating: 1274 &rarr; <strong>1293</strong><br />(+19 for winning)
|raw|serelika's rating: 1195 &rarr; <strong>1176</strong><br />(-19 for losing)
|l|☆serelika
|player|p2|
|l|☆PapsIGuess31
|player|p1|
