|j|☆Naz-sama
|j|☆flygonisdragon
|t:|1758343070
|gametype|singles
|player|p1|Naz-sama|lady|1631
|player|p2|flygonisdragon|serena-masters|1641
|gen|9
|tier|[Gen 9] OU
|rated|
|rule|HP Percentage Mod: HP is shown in percentages
|rule|Endless Battle Clause: Forcing endless battles is banned
|rule|Species Clause: Limit one of each Pokémon
|rule|OHKO Clause: OHKO moves are banned
|rule|Evasion Items Clause: Evasion items are banned
|rule|Evasion Moves Clause: Evasion moves are banned
|rule|Evasion Abilities Clause: Evasion abilities are banned
|rule|Sleep Moves Clause: Sleep-inducing moves are banned
|clearpoke
|poke|p1|Pelipper, M|
|poke|p1|Iron Treads|
|poke|p1|Hatterene, F|
|poke|p1|Toxicroak, F|
|poke|p1|Barraskewda, M|
|poke|p1|Talonflame, F|
|poke|p2|Volcanion|
|poke|p2|Metagross|
|poke|p2|Zamazenta-*|
|poke|p2|Weezing-Galar, F|
|poke|p2|Regidrago|
|poke|p2|Rillaboom, M|
|teampreview
|inactive|Battle timer is ON: inactive players will automatically lose when time's up. (requested by Naz-sama)
|
|t:|1758343092
|teamsize|p1|6
|teamsize|p2|6
|start
|switch|p1a: Pelipper|Pelipper, M|100/100
|switch|p2a: Volcanion|Volcanion|100/100
|-weather|RainDance|[from] ability: Drizzle|[of] p1a: Pelipper
|turn|1
|
|t:|1758343108
|move|p2a: Volcanion|Flamethrower|p1a: Pelipper
|-resisted|p1a: Pelipper
|-damage|p1a: Pelipper|82/100
|move|p1a: Pelipper|U-turn|p2a: Volcanion
|-resisted|p2a: Volcanion
|-damage|p2a: Volcanion|96/100
|
|t:|1758343126
|switch|p1a: Iron Treads|Iron Treads|100/100|[from] U-turn
|
|-weather|RainDance|[upkeep]
|upkeep
|turn|2
|
|t:|1758343135
|move|p1a: Iron Treads|Volt Switch|p2a: Volcanion
|-supereffective|p2a: Volcanion
|-damage|p2a: Volcanion|68/100
|
|t:|1758343138
|-end|p1a: Iron Treads|Quark Drive|[silent]
|switch|p1a: Pelipper|Pelipper, M|82/100|[from] Volt Switch
|move|p2a: Volcanion|Flamethrower|p1a: Pelipper
|-resisted|p1a: Pelipper
|-damage|p1a: Pelipper|63/100
|-status|p1a: Pelipper|brn
|
|-weather|RainDance|[upkeep]
|-damage|p1a: Pelipper|57/100 brn|[from] brn
|upkeep
|turn|3
|
|t:|1758343142
|move|p2a: Volcanion|Flamethrower|p1a: Pelipper
|-resisted|p1a: Pelipper
|-damage|p1a: Pelipper|36/100 brn
|move|p1a: Pelipper|Roost|p1a: Pelipper
|-heal|p1a: Pelipper|86/100 brn
|-singleturn|p1a: Pelipper|move: Roost
|
|-weather|RainDance|[upkeep]
|-damage|p1a: Pelipper|80/100 brn|[from] brn
|upkeep
|turn|4
|
|t:|1758343150
|move|p2a: Volcanion|Flamethrower|p1a: Pelipper
|-resisted|p1a: Pelipper
|-damage|p1a: Pelipper|61/100 brn
|move|p1a: Pelipper|U-turn|p2a: Volcanion
|-resisted|p2a: Volcanion
|-damage|p2a: Volcanion|66/100
|
|t:|1758343158
|switch|p1a: Talonflame|Talonflame, F|100/100|[from] U-turn
|
|-weather|RainDance|[upkeep]
|upkeep
|turn|5
|
|t:|1758343167
|switch|p2a: Weezing|Weezing-Galar, F|100/100
|-ability|p2a: Weezing|Neutralizing Gas
|move|p1a: Talonflame|Hurricane|p2a: Weezing
|-damage|p2a: Weezing|8/100
|
|-weather|RainDance|[upkeep]
|upkeep
|turn|6
|
|t:|1758343175
|move|p1a: Talonflame|Hurricane|p2a: Weezing
|-crit|p2a: Weezing
|-damage|p2a: Weezing|0 fnt
|faint|p2a: Weezing
|-end|p2a: Weezing|ability: Neutralizing Gas
|
|-weather|RainDance|[upkeep]
|upkeep
|
|t:|1758343180
|switch|p2a: Metagross|Metagross|100/100
|turn|7
|
|t:|1758343189
|switch|p1a: Toxicroak|Toxicroak, F|100/100
|move|p2a: Metagross|Meteor Mash|p1a: Toxicroak|[miss]
|-miss|p2a: Metagross|p1a: Toxicroak
|
|-weather|RainDance|[upkeep]
|upkeep
|turn|8
|
|t:|1758343198
|move|p1a: Toxicroak|Knock Off|p2a: Metagross
|-supereffective|p2a: Metagross
|-damage|p2a: Metagross|64/100
|-enditem|p2a: Metagross|Kasib Berry|[from] move: Knock Off|[of] p1a: Toxicroak
|move|p2a: Metagross|Psychic Fangs|p1a: Toxicroak
|-supereffective|p1a: Toxicroak
|-damage|p1a: Toxicroak|0 fnt
|-damage|p2a: Metagross|47/100|[from] item: Rocky Helmet|[of] p1a: Toxicroak
|faint|p1a: Toxicroak
|
|-weather|none
|upkeep
|
|t:|1758343220
|switch|p1a: Iron Treads|Iron Treads|100/100
|turn|9
|
|t:|1758343227
|switch|p2a: Rillaboom|Rillaboom, M|100/100
|-fieldstart|move: Grassy Terrain|[from] ability: Grassy Surge|[of] p2a: Rillaboom
|move|p1a: Iron Treads|Earthquake|p2a: Rillaboom
|-resisted|p2a: Rillaboom
|-damage|p2a: Rillaboom|91/100
|
|-heal|p2a: Rillaboom|97/100|[from] Grassy Terrain
|upkeep
|turn|10
|inactive|Naz-sama has 120 seconds left.
|inactive|Naz-sama has 90 seconds left.
|
|t:|1758343316
|-end|p1a: Iron Treads|Quark Drive|[silent]
|switch|p1a: Pelipper|Pelipper, M|61/100 brn
|-weather|RainDance|[from] ability: Drizzle|[of] p1a: Pelipper
|move|p2a: Rillaboom|Knock Off|p1a: Pelipper
|-damage|p1a: Pelipper|27/100 brn
|-enditem|p1a: Pelipper|Damp Rock|[from] move: Knock Off|[of] p2a: Rillaboom
|
|-weather|RainDance|[upkeep]
|-heal|p2a: Rillaboom|100/100|[from] Grassy Terrain
|-damage|p1a: Pelipper|21/100 brn|[from] brn
|upkeep
|turn|11
|
|t:|1758343327
|switch|p1a: Hatterene|Hatterene, F|100/100
|move|p2a: Rillaboom|Knock Off|p1a: Hatterene
|-damage|p1a: Hatterene|73/100
|-enditem|p1a: Hatterene|Eject Button|[from] move: Knock Off|[of] p2a: Rillaboom
|
|-weather|RainDance|[upkeep]
|-heal|p1a: Hatterene|78/100|[from] Grassy Terrain
|upkeep
|turn|12
|
|t:|1758343336
|move|p2a: Rillaboom|Wood Hammer|p1a: Hatterene
|-damage|p1a: Hatterene|1/100
|-damage|p2a: Rillaboom|80/100|[from] Recoil
|move|p1a: Hatterene|Nuzzle|p2a: Rillaboom
|-resisted|p2a: Rillaboom
|-damage|p2a: Rillaboom|78/100
|-status|p2a: Rillaboom|par
|
|-weather|RainDance|[upkeep]
|-heal|p2a: Rillaboom|84/100 par|[from] Grassy Terrain
|-heal|p1a: Hatterene|7/100|[from] Grassy Terrain
|upkeep
|turn|13
|
|t:|1758343347
|move|p2a: Rillaboom|Grassy Glide|p1a: Hatterene
|-damage|p1a: Hatterene|0 fnt
|faint|p1a: Hatterene
|
|-weather|RainDance|[upkeep]
|-heal|p2a: Rillaboom|90/100 par|[from] Grassy Terrain
|upkeep
|
|t:|1758343351
|switch|p1a: Talonflame|Talonflame, F|100/100
|turn|14
|
|t:|1758343381
|move|p1a: Talonflame|Hurricane|p2a: Rillaboom
|-supereffective|p2a: Rillaboom
|-crit|p2a: Rillaboom
|-damage|p2a: Rillaboom|0 fnt
|faint|p2a: Rillaboom
|
|-weather|RainDance|[upkeep]
|upkeep
|
|t:|1758343383
|switch|p2a: Volcanion|Volcanion|66/100
|turn|15
|inactive|Naz-sama has 90 seconds left.
|
|t:|1758343396
|-terastallize|p1a: Talonflame|Flying
|move|p1a: Talonflame|Hurricane|p2a: Volcanion
|-crit|p2a: Volcanion
|-damage|p2a: Volcanion|0 fnt
|faint|p2a: Volcanion
|
|-weather|RainDance|[upkeep]
|upkeep
|
|t:|1758343404
|switch|p2a: Metagross|Metagross|47/100
|turn|16
|
|t:|1758343410
|switch|p1a: Iron Treads|Iron Treads|100/100
|move|p2a: Metagross|Explosion|p1a: Iron Treads
|-resisted|p1a: Iron Treads
|-damage|p1a: Iron Treads|65/100
|faint|p2a: Metagross
|
|-weather|RainDance|[upkeep]
|-heal|p1a: Iron Treads|71/100|[from] Grassy Terrain
|-heal|p1a: Iron Treads|77/100|[from] item: Leftovers
|-fieldend|move: Grassy Terrain
|upkeep
|
|t:|1758343418
|switch|p2a: Zamazenta|Zamazenta|100/100
|-ability|p2a: Zamazenta|Dauntless Shield|boost
|-boost|p2a: Zamazenta|def|1
|turn|17
|
|t:|1758343436
|move|p2a: Zamazenta|Substitute|p2a: Zamazenta
|-start|p2a: Zamazenta|Substitute
|-damage|p2a: Zamazenta|75/100
|move|p1a: Iron Treads|Volt Switch|p2a: Zamazenta
|-activate|p2a: Zamazenta|move: Substitute|[damage]
|inactive|Naz-sama has 90 seconds left.
|
|t:|1758343454
|-end|p1a: Iron Treads|Quark Drive|[silent]
|switch|p1a: Barraskewda|Barraskewda, M|100/100|[from] Volt Switch
|
|-weather|none
|-heal|p2a: Zamazenta|82/100|[from] item: Leftovers
|upkeep
|turn|18
|inactive|Naz-sama has 90 seconds left.
|
|t:|1758343467
|switch|p1a: Pelipper|Pelipper, M|21/100 brn
|-weather|RainDance|[from] ability: Drizzle|[of] p1a: Pelipper
|move|p2a: Zamazenta|Body Press|p1a: Pelipper
|-resisted|p1a: Pelipper
|-damage|p1a: Pelipper|0 fnt
|faint|p1a: Pelipper
|
|-weather|RainDance|[upkeep]
|-heal|p2a: Zamazenta|88/100|[from] item: Leftovers
|upkeep
|
|t:|1758343469
|switch|p1a: Barraskewda|Barraskewda, M|100/100
|turn|19
|
|t:|1758343484
|move|p1a: Barraskewda|Flip Turn|p2a: Zamazenta
|-end|p2a: Zamazenta|Substitute
|
|t:|1758343489
|switch|p1a: Iron Treads|Iron Treads|77/100|[from] Flip Turn
|move|p2a: Zamazenta|Substitute|p2a: Zamazenta
|-start|p2a: Zamazenta|Substitute
|-damage|p2a: Zamazenta|63/100
|
|-weather|RainDance|[upkeep]
|-heal|p2a: Zamazenta|69/100|[from] item: Leftovers
|-heal|p1a: Iron Treads|84/100|[from] item: Leftovers
|upkeep
|turn|20
|
|t:|1758343509
|move|p2a: Zamazenta|Iron Defense|p2a: Zamazenta
|-boost|p2a: Zamazenta|def|2
|move|p1a: Iron Treads|Earthquake|p2a: Zamazenta
|-activate|p2a: Zamazenta|move: Substitute|[damage]
|
|-weather|RainDance|[upkeep]
|-heal|p2a: Zamazenta|75/100|[from] item: Leftovers
|-heal|p1a: Iron Treads|90/100|[from] item: Leftovers
|upkeep
|turn|21
|
|t:|1758343515
|move|p2a: Zamazenta|Body Press|p1a: Iron Treads
|-supereffective|p1a: Iron Treads
|-damage|p1a: Iron Treads|0 fnt
|faint|p1a: Iron Treads
|-end|p1a: Iron Treads|Quark Drive|[silent]
|
|-weather|RainDance|[upkeep]
|-heal|p2a: Zamazenta|81/100|[from] item: Leftovers
|upkeep
|
|t:|1758343518
|switch|p1a: Barraskewda|Barraskewda, M|100/100
|turn|22
|inactive|Naz-sama has 120 seconds left.
|
|t:|1758343523
|move|p1a: Barraskewda|Liquidation|p2a: Zamazenta
|-crit|p2a: Zamazenta
|-end|p2a: Zamazenta|Substitute
|move|p2a: Zamazenta|Substitute|p2a: Zamazenta
|-start|p2a: Zamazenta|Substitute
|-damage|p2a: Zamazenta|56/100
|
|-weather|none
|-heal|p2a: Zamazenta|63/100|[from] item: Leftovers
|upkeep
|turn|23
|
|t:|1758343528
|move|p2a: Zamazenta|Body Press|p1a: Barraskewda
|-damage|p1a: Barraskewda|0 fnt
|faint|p1a: Barraskewda
|
|-heal|p2a: Zamazenta|69/100|[from] item: Leftovers
|upkeep
|
|t:|1758343531
|switch|p1a: Talonflame|Talonflame, F, tera:Flying|100/100
|turn|24
|
|t:|1758343538
|move|p1a: Talonflame|Hurricane|p2a: Zamazenta
|-supereffective|p2a: Zamazenta
|-end|p2a: Zamazenta|Substitute
|move|p2a: Zamazenta|Body Press|p1a: Talonflame
|-resisted|p1a: Talonflame
|-damage|p1a: Talonflame|32/100
|
|-heal|p2a: Zamazenta|75/100|[from] item: Leftovers
|upkeep
|turn|25
|
|t:|1758343545
|move|p2a: Zamazenta|Body Press|p1a: Talonflame
|-resisted|p1a: Talonflame
|-damage|p1a: Talonflame|0 fnt
|faint|p1a: Talonflame
|
|win|flygonisdragon
|raw|Naz-sama's rating: 1631 &rarr; <strong>1612</strong><br />(-19 for losing)
|raw|flygonisdragon's rating: 1641 &rarr; <strong>1660</strong><br />(+19 for winning)
|l|☆Naz-sama
|player|p1|
|l|☆flygonisdragon
|player|p2|
