|j|☆lorped
|j|☆Mrstealyogirl76
|t:|1758344545
|gametype|singles
|player|p1|lorped|265|1282
|player|p2|Mrstealyogirl76|grimsley|1265
|gen|9
|tier|[Gen 9] OU
|rated|
|rule|HP Percentage Mod: HP is shown in percentages
|rule|Endless Battle Clause: Forcing endless battles is banned
|rule|Species Clause: Limit one of each Pokémon
|rule|OHKO Clause: OHKO moves are banned
|rule|Evasion Items Clause: Evasion items are banned
|rule|Evasion Moves Clause: Evasion moves are banned
|rule|Evasion Abilities Clause: Evasion abilities are banned
|rule|Sleep Moves Clause: Sleep-inducing moves are banned
|clearpoke
|poke|p1|Leavanny, F|
|poke|p1|Ceruledge, F|
|poke|p1|Iron Hands|
|poke|p1|Sinistcha|
|poke|p1|Altaria, M|
|poke|p1|Mamoswine, F|
|poke|p2|Lokix, F|
|poke|p2|Ogerpon-Cornerstone, F|
|poke|p2|Weezing-Galar, F|
|poke|p2|Alomomola, F|
|poke|p2|Landorus-Therian, M|
|poke|p2|Gholdengo|
|teampreview
|
|t:|1758344572
|teamsize|p1|6
|teamsize|p2|6
|start
|switch|p1a: Sinistcha|Sinistcha|100/100
|switch|p2a: Landorus|Landorus-Therian, M|100/100
|-ability|p2a: Landorus|Intimidate|boost
|-unboost|p1a: Sinistcha|atk|1
|turn|1
|
|t:|1758344586
|move|p2a: Landorus|U-turn|p1a: Sinistcha
|-damage|p1a: Sinistcha|81/100
|
|t:|1758344588
|switch|p2a: Lokix|Lokix, F|100/100|[from] U-turn
|move|p1a: Sinistcha|Calm Mind|p1a: Sinistcha
|-boost|p1a: Sinistcha|spa|1
|-boost|p1a: Sinistcha|spd|1
|
|upkeep
|turn|2
|
|t:|1758344601
|switch|p1a: Altaria|Altaria, M|100/100
|-ability|p1a: Altaria|Cloud Nine
|move|p2a: Lokix|U-turn|p1a: Altaria
|-resisted|p1a: Altaria
|-damage|p1a: Altaria|32/100
|
|t:|1758344610
|switch|p2a: Ogerpon|Ogerpon-Cornerstone, F|100/100|[from] U-turn
|
|upkeep
|turn|3
|
|t:|1758344618
|move|p2a: Ogerpon|Ivy Cudgel|p1a: Altaria|[anim] Ivy Cudgel Rock
|-supereffective|p1a: Altaria
|-damage|p1a: Altaria|0 fnt
|faint|p1a: Altaria
|
|upkeep
|
|t:|1758344633
|switch|p1a: Ceruledge|Ceruledge, F|100/100
|-item|p1a: Ceruledge|Air Balloon
|turn|4
|
|t:|1758344647
|-terastallize|p1a: Ceruledge|Fairy
|move|p2a: Ogerpon|Ivy Cudgel|p1a: Ceruledge|[anim] Ivy Cudgel Rock
|-damage|p1a: Ceruledge|17/100
|-enditem|p1a: Ceruledge|Air Balloon
|move|p1a: Ceruledge|Will-O-Wisp|p2a: Ogerpon|[miss]
|-miss|p1a: Ceruledge|p2a: Ogerpon
|
|upkeep
|turn|5
|
|t:|1758344656
|move|p1a: Ceruledge|Shadow Sneak|p2a: Ogerpon
|-damage|p2a: Ogerpon|73/100
|move|p2a: Ogerpon|Ivy Cudgel|p1a: Ceruledge|[anim] Ivy Cudgel Rock
|-damage|p1a: Ceruledge|0 fnt
|faint|p1a: Ceruledge
|
|upkeep
|
|t:|1758344665
|switch|p1a: Mamoswine|Mamoswine, F|100/100
|turn|6
|
|t:|1758344670
|move|p2a: Ogerpon|Ivy Cudgel|p1a: Mamoswine|[anim] Ivy Cudgel Rock
|-damage|p1a: Mamoswine|30/100
|move|p1a: Mamoswine|Trailblaze|p2a: Ogerpon
|-damage|p2a: Ogerpon|51/100
|-boost|p1a: Mamoswine|spe|1
|
|upkeep
|turn|7
|
|t:|1758344682
|switch|p2a: Alomomola|Alomomola, F|100/100
|move|p1a: Mamoswine|Iron Head|p2a: Alomomola
|-resisted|p2a: Alomomola
|-damage|p2a: Alomomola|93/100
|
|upkeep
|turn|8
|
|t:|1758344688
|move|p1a: Mamoswine|Trailblaze|p2a: Alomomola
|-supereffective|p2a: Alomomola
|-damage|p2a: Alomomola|74/100
|-boost|p1a: Mamoswine|spe|1
|move|p2a: Alomomola|Scald|p1a: Mamoswine
|-supereffective|p1a: Mamoswine
|-damage|p1a: Mamoswine|6/100
|
|upkeep
|turn|9
|
|t:|1758344699
|move|p1a: Mamoswine|Trailblaze|p2a: Alomomola
|-supereffective|p2a: Alomomola
|-damage|p2a: Alomomola|54/100
|-boost|p1a: Mamoswine|spe|1
|move|p2a: Alomomola|Wish|p2a: Alomomola
|
|upkeep
|turn|10
|
|t:|1758344706
|move|p1a: Mamoswine|Earthquake|p2a: Alomomola
|-damage|p2a: Alomomola|29/100
|move|p2a: Alomomola|Flip Turn|p1a: Mamoswine
|-supereffective|p1a: Mamoswine
|-damage|p1a: Mamoswine|0 fnt
|faint|p1a: Mamoswine
|
|t:|1758344710
|switch|p2a: Ogerpon|Ogerpon-Cornerstone, F|51/100|[from] Flip Turn
|
|-heal|p2a: Ogerpon|100/100|[from] move: Wish|[wisher] Alomomola
|upkeep
|
|t:|1758344719
|switch|p1a: Iron Hands|Iron Hands|100/100
|-enditem|p1a: Iron Hands|Booster Energy
|-activate|p1a: Iron Hands|ability: Quark Drive|[fromitem]
|-start|p1a: Iron Hands|quarkdriveatk
|turn|11
|
|t:|1758344724
|switch|p2a: Weezing|Weezing-Galar, F|100/100
|move|p1a: Iron Hands|Fake Out|p2a: Weezing
|-damage|p2a: Weezing|86/100
|
|upkeep
|turn|12
|
|t:|1758344736
|move|p2a: Weezing|Will-O-Wisp|p1a: Iron Hands
|-status|p1a: Iron Hands|brn
|move|p1a: Iron Hands|Ice Punch|p2a: Weezing
|-damage|p2a: Weezing|74/100
|
|-damage|p1a: Iron Hands|94/100 brn|[from] brn
|upkeep
|turn|13
|
|t:|1758344745
|-end|p1a: Iron Hands|Quark Drive|[silent]
|switch|p1a: Leavanny|Leavanny, F|100/100
|move|p2a: Weezing|Strange Steam|p1a: Leavanny
|-damage|p1a: Leavanny|61/100
|-start|p1a: Leavanny|confusion
|
|upkeep
|turn|14
|
|t:|1758344751
|-activate|p1a: Leavanny|confusion
|-damage|p1a: Leavanny|44/100|[from] confusion
|move|p2a: Weezing|Strange Steam|p1a: Leavanny
|-damage|p1a: Leavanny|7/100
|
|upkeep
|turn|15
|
|t:|1758344757
|-end|p1a: Leavanny|confusion
|move|p1a: Leavanny|Switcheroo|p2a: Weezing
|-activate|p1a: Leavanny|move: Trick|[of] p2a: Weezing
|-item|p2a: Weezing|Choice Scarf|[from] move: Switcheroo
|-item|p1a: Leavanny|Heavy-Duty Boots|[from] move: Switcheroo
|move|p2a: Weezing|Strange Steam|p1a: Leavanny
|-damage|p1a: Leavanny|0 fnt
|faint|p1a: Leavanny
|
|upkeep
|
|t:|1758344765
|switch|p1a: Sinistcha|Sinistcha|81/100
|turn|16
|
|t:|1758344769
|switch|p2a: Lokix|Lokix, F|100/100
|move|p1a: Sinistcha|Calm Mind|p1a: Sinistcha
|-boost|p1a: Sinistcha|spa|1
|-boost|p1a: Sinistcha|spd|1
|
|upkeep
|turn|17
|
|t:|1758344776
|move|p2a: Lokix|U-turn|p1a: Sinistcha
|-damage|p1a: Sinistcha|35/100
|-enditem|p1a: Sinistcha|Sitrus Berry|[eat]
|-heal|p1a: Sinistcha|60/100|[from] item: Sitrus Berry
|
|t:|1758344783
|switch|p2a: Landorus|Landorus-Therian, M|100/100|[from] U-turn
|-ability|p2a: Landorus|Intimidate|boost
|-unboost|p1a: Sinistcha|atk|1
|move|p1a: Sinistcha|Matcha Gotcha|p2a: Landorus|[miss]
|-miss|p1a: Sinistcha|p2a: Landorus
|
|upkeep
|turn|18
|
|t:|1758344791
|move|p2a: Landorus|U-turn|p1a: Sinistcha
|-damage|p1a: Sinistcha|40/100
|
|t:|1758344794
|switch|p2a: Lokix|Lokix, F|100/100|[from] U-turn
|move|p1a: Sinistcha|Shadow Ball|p2a: Lokix
|-resisted|p2a: Lokix
|-damage|p2a: Lokix|35/100
|
|upkeep
|turn|19
|
|t:|1758344802
|move|p2a: Lokix|Leech Life|p1a: Sinistcha
|-damage|p1a: Sinistcha|0 fnt
|-heal|p2a: Lokix|60/100|[from] drain|[of] p1a: Sinistcha
|faint|p1a: Sinistcha
|
|upkeep
|
|t:|1758344808
|switch|p1a: Iron Hands|Iron Hands|94/100 brn
|turn|20
|
|t:|1758344813
|switch|p2a: Weezing|Weezing-Galar, F|74/100
|move|p1a: Iron Hands|Ice Punch|p2a: Weezing
|-damage|p2a: Weezing|64/100
|
|-damage|p1a: Iron Hands|88/100 brn|[from] brn
|upkeep
|turn|21
|
|t:|1758344821
|move|p2a: Weezing|Strange Steam|p1a: Iron Hands
|-supereffective|p1a: Iron Hands
|-damage|p1a: Iron Hands|40/100 brn
|move|p1a: Iron Hands|Supercell Slam|p2a: Weezing
|-damage|p2a: Weezing|45/100
|
|-damage|p1a: Iron Hands|34/100 brn|[from] brn
|upkeep
|turn|22
|
|t:|1758344828
|move|p2a: Weezing|Strange Steam|p1a: Iron Hands
|-supereffective|p1a: Iron Hands
|-damage|p1a: Iron Hands|0 fnt
|faint|p1a: Iron Hands
|-end|p1a: Iron Hands|Quark Drive|[silent]
|
|win|Mrstealyogirl76
|raw|lorped's rating: 1282 &rarr; <strong>1256</strong><br />(-26 for losing)
|raw|Mrstealyogirl76's rating: 1265 &rarr; <strong>1291</strong><br />(+26 for winning)
