|j|☆CJWDQ
|j|☆BlueOff
|t:|1758378124
|gametype|singles
|player|p1|CJWDQ|cynthia-gen4|1059
|player|p2|BlueOff|blue|1109
|gen|9
|tier|[Gen 9] OU
|rated|
|rule|HP Percentage Mod: HP is shown in percentages
|rule|Endless Battle Clause: Forcing endless battles is banned
|rule|Species Clause: Limit one of each Pokémon
|rule|OHKO Clause: OHKO moves are banned
|rule|Evasion Items Clause: Evasion items are banned
|rule|Evasion Moves Clause: Evasion moves are banned
|rule|Evasion Abilities Clause: Evasion abilities are banned
|rule|Sleep Moves Clause: Sleep-inducing moves are banned
|clearpoke
|poke|p1|Gholdengo|
|poke|p1|Corviknight, F|
|poke|p1|Hatterene, F|
|poke|p1|Keldeo-Resolute|
|poke|p1|Dragapult, M|
|poke|p1|Iron Treads|
|poke|p2|Muk-Alola, M|
|poke|p2|Rhydon, M|
|poke|p2|Exeggutor, M|
|poke|p2|Gyarados, F|
|poke|p2|Arcanine-Hisui, M|
|poke|p2|Blastoise, M|
|teampreview
|
|t:|1758378138
|teamsize|p1|6
|teamsize|p2|6
|start
|switch|p1a: Iron Treads|Iron Treads|100/100
|switch|p2a: Gyarados|Gyarados, F|100/100
|-ability|p2a: Gyarados|Intimidate|boost
|-unboost|p1a: Iron Treads|atk|1
|turn|1
|l|☆CJWDQ
|player|p1|
|j|☆CJWDQ
|player|p1|CJWDQ|cynthia-gen4|
|
|t:|1758378165
|move|p1a: Iron Treads|Stealth Rock|p2a: Gyarados
|-sidestart|p2: BlueOff|move: Stealth Rock
|move|p2a: Gyarados|Dragon Dance|p2a: Gyarados
|-boost|p2a: Gyarados|atk|1
|-boost|p2a: Gyarados|spe|1
|
|upkeep
|turn|2
|
|t:|1758378176
|move|p1a: Iron Treads|Volt Switch|p2a: Gyarados
|-supereffective|p2a: Gyarados
|-damage|p2a: Gyarados|40/100
|l|☆CJWDQ
|player|p1|
|j|☆CJWDQ
|player|p1|CJWDQ|cynthia-gen4|
|inactive|Battle timer is ON: inactive players will automatically lose when time's up. (requested by BlueOff)
|
|t:|1758378205
|-end|p1a: Iron Treads|Quark Drive|[silent]
|switch|p1a: Dragapult|Dragapult, M|100/100|[from] Volt Switch
|move|p2a: Gyarados|Waterfall|p1a: Dragapult
|-resisted|p1a: Dragapult
|-damage|p1a: Dragapult|63/100
|
|upkeep
|turn|3
|l|☆CJWDQ
|inactive|CJWDQ disconnected and has a minute to reconnect!
|player|p1|
|j|☆CJWDQ
|inactive|CJWDQ reconnected and has 125 seconds left.
|player|p1|CJWDQ|cynthia-gen4|
|
|t:|1758378234
|move|p1a: Dragapult|Dragon Darts|p2a: Gyarados
|-damage|p2a: Gyarados|4/100
|-anim|p1a: Dragapult|Dragon Darts|p2a: Gyarados
|-damage|p2a: Gyarados|0 fnt
|faint|p2a: Gyarados
|
|upkeep
|
|t:|1758378247
|switch|p2a: Muk|Muk-Alola, M|100/100
|-damage|p2a: Muk|88/100|[from] Stealth Rock
|turn|4
|
|t:|1758378262
|switch|p1a: Keldeo|Keldeo-Resolute|100/100
|move|p2a: Muk|Knock Off|p1a: Keldeo
|-resisted|p1a: Keldeo
|-damage|p1a: Keldeo|80/100
|-ability|p1a: Keldeo|Justified|boost
|-boost|p1a: Keldeo|atk|1
|-enditem|p1a: Keldeo|Life Orb|[from] move: Knock Off|[of] p2a: Muk
|
|-heal|p2a: Muk|94/100|[from] item: Black Sludge
|upkeep
|turn|5
|
|t:|1758378282
|move|p1a: Keldeo|Calm Mind|p1a: Keldeo
|-boost|p1a: Keldeo|spa|1
|-boost|p1a: Keldeo|spd|1
|move|p2a: Muk|Toxic|p1a: Keldeo
|-status|p1a: Keldeo|tox
|
|-heal|p2a: Muk|99/100|[from] item: Black Sludge
|-damage|p1a: Keldeo|74/100 tox|[from] psn
|upkeep
|turn|6
|
|t:|1758378293
|move|p1a: Keldeo|Secret Sword|p2a: Muk
|-damage|p2a: Muk|38/100
|move|p2a: Muk|Gunk Shot|p1a: Keldeo|[miss]
|-miss|p2a: Muk|p1a: Keldeo
|
|-heal|p2a: Muk|44/100|[from] item: Black Sludge
|-damage|p1a: Keldeo|61/100 tox|[from] psn
|upkeep
|turn|7
|
|t:|1758378304
|move|p2a: Muk|Protect|p2a: Muk
|-singleturn|p2a: Muk|Protect
|move|p1a: Keldeo|Secret Sword|p2a: Muk
|-activate|p2a: Muk|move: Protect
|
|-heal|p2a: Muk|50/100|[from] item: Black Sludge
|-damage|p1a: Keldeo|43/100 tox|[from] psn
|upkeep
|turn|8
|
|t:|1758378324
|switch|p1a: Gholdengo|Gholdengo, shiny|100/100
|move|p2a: Muk|Gunk Shot|p1a: Gholdengo
|-immune|p1a: Gholdengo
|
|-heal|p2a: Muk|56/100|[from] item: Black Sludge
|upkeep
|turn|9
|
|t:|1758378333
|move|p1a: Gholdengo|Nasty Plot|p1a: Gholdengo
|-boost|p1a: Gholdengo|spa|2
|move|p2a: Muk|Knock Off|p1a: Gholdengo
|-supereffective|p1a: Gholdengo
|-damage|p1a: Gholdengo|22/100
|-enditem|p1a: Gholdengo|Life Orb|[from] move: Knock Off|[of] p2a: Muk
|
|-heal|p2a: Muk|62/100|[from] item: Black Sludge
|upkeep
|turn|10
|l|☆CJWDQ
|inactive|CJWDQ disconnected and has a minute to reconnect!
|player|p1|
|j|☆CJWDQ
|inactive|CJWDQ reconnected and has 120 seconds left.
|player|p1|CJWDQ|cynthia-gen4|
|
|t:|1758378368
|move|p2a: Muk|Protect|p2a: Muk
|-singleturn|p2a: Muk|Protect
|move|p1a: Gholdengo|Make It Rain|p2a: Muk
|-activate|p2a: Muk|move: Protect
|
|-heal|p2a: Muk|68/100|[from] item: Black Sludge
|upkeep
|turn|11
|
|t:|1758378378
|move|p1a: Gholdengo|Make It Rain|p2a: Muk
|-damage|p2a: Muk|0 fnt
|-unboost|p1a: Gholdengo|spa|1
|faint|p2a: Muk
|
|upkeep
|
|t:|1758378391
|switch|p2a: Blastoise|Blastoise, M|100/100
|-damage|p2a: Blastoise|88/100|[from] Stealth Rock
|turn|12
|
|t:|1758378399
|move|p1a: Gholdengo|Make It Rain|p2a: Blastoise
|-resisted|p2a: Blastoise
|-crit|p2a: Blastoise
|-damage|p2a: Blastoise|23/100
|-unboost|p1a: Gholdengo|spa|1
|move|p2a: Blastoise|Shell Smash|p2a: Blastoise
|-unboost|p2a: Blastoise|def|1
|-unboost|p2a: Blastoise|spd|1
|-boost|p2a: Blastoise|atk|2
|-boost|p2a: Blastoise|spa|2
|-boost|p2a: Blastoise|spe|2
|-enditem|p2a: Blastoise|White Herb
|-clearnegativeboost|p2a: Blastoise|[silent]
|
|upkeep
|turn|13
|
|t:|1758378412
|move|p2a: Blastoise|Surf|p1a: Gholdengo
|-damage|p1a: Gholdengo|0 fnt
|faint|p1a: Gholdengo
|
|upkeep
|
|t:|1758378419
|switch|p1a: Dragapult|Dragapult, M|63/100
|turn|14
|
|t:|1758378424
|move|p1a: Dragapult|Sucker Punch|p2a: Blastoise
|-damage|p2a: Blastoise|0 fnt
|faint|p2a: Blastoise
|
|upkeep
|
|t:|1758378431
|switch|p2a: Rhydon|Rhydon, M|100/100
|-damage|p2a: Rhydon|94/100|[from] Stealth Rock
|turn|15
|
|t:|1758378439
|switch|p1a: Corviknight|Corviknight, F, shiny|100/100
|move|p2a: Rhydon|Heavy Slam|p1a: Corviknight
|-resisted|p1a: Corviknight
|-damage|p1a: Corviknight|96/100
|-damage|p2a: Rhydon|78/100|[from] item: Rocky Helmet|[of] p1a: Corviknight
|
|upkeep
|turn|16
|l|☆CJWDQ
|inactive|CJWDQ disconnected and has a minute to reconnect!
|player|p1|
|j|☆CJWDQ
|inactive|CJWDQ reconnected and has 130 seconds left.
|player|p1|CJWDQ|cynthia-gen4|
|n|☆CJWDQ|cjwdq
|
|t:|1758378465
|switch|p2a: Arcanine|Arcanine-Hisui, M|100/100
|-damage|p2a: Arcanine|76/100|[from] Stealth Rock
|move|p1a: Corviknight|Bulk Up|p1a: Corviknight
|-boost|p1a: Corviknight|atk|1
|-boost|p1a: Corviknight|def|1
|
|upkeep
|turn|17
|
|t:|1758378475
|move|p2a: Arcanine|Flare Blitz|p1a: Corviknight
|-supereffective|p1a: Corviknight
|-damage|p1a: Corviknight|21/100
|-damage|p2a: Arcanine|59/100|[from] item: Rocky Helmet|[of] p1a: Corviknight
|move|p1a: Corviknight|Body Press|p2a: Arcanine
|-supereffective|p2a: Arcanine
|-damage|p2a: Arcanine|0 fnt
|faint|p2a: Arcanine
|
|upkeep
|
|t:|1758378490
|switch|p2a: Rhydon|Rhydon, M|78/100
|-damage|p2a: Rhydon|72/100|[from] Stealth Rock
|turn|18
|
|t:|1758378496
|-terastallize|p2a: Rhydon|Fighting
|move|p1a: Corviknight|Roost|p1a: Corviknight
|-heal|p1a: Corviknight|71/100
|-singleturn|p1a: Corviknight|move: Roost
|move|p2a: Rhydon|Body Press|p1a: Corviknight
|-supereffective|p1a: Corviknight
|-damage|p1a: Corviknight|40/100
|-damage|p2a: Rhydon|55/100|[from] item: Rocky Helmet|[of] p1a: Corviknight
|
|upkeep
|turn|19
|-message|BlueOff forfeited.
|
|win|CJWDQ
|raw|CJWDQ's rating: 1059 &rarr; <strong>1095</strong><br />(+36 for winning)
|raw|BlueOff's rating: 1109 &rarr; <strong>1080</strong><br />(-29 for losing)
|l|☆BlueOff
|player|p2|
|l|☆CJWDQ
|player|p1|
