|j|☆Ostenberg
|j|☆lost oblitus
|t:|1758302316
|gametype|singles
|player|p1|Ostenberg|170|1255
|player|p2|lost oblitus|supernerd|1227
|gen|9
|tier|[Gen 9] OU
|rated|
|rule|HP Percentage Mod: HP is shown in percentages
|rule|Endless Battle Clause: Forcing endless battles is banned
|rule|Species Clause: Limit one of each Pokémon
|rule|OHKO Clause: OHKO moves are banned
|rule|Evasion Items Clause: Evasion items are banned
|rule|Evasion Moves Clause: Evasion moves are banned
|rule|Evasion Abilities Clause: Evasion abilities are banned
|rule|Sleep Moves Clause: Sleep-inducing moves are banned
|clearpoke
|poke|p1|Dragonite, M|
|poke|p1|Metagross|
|poke|p1|Gyarados, F|
|poke|p1|Great Tusk|
|poke|p1|Serperior, M|
|poke|p1|Iron Moth|
|poke|p2|Moltres-Galar|
|poke|p2|Decidueye-Hisui, M|
|poke|p2|Klawf, M|
|poke|p2|Azumarill, F|
|poke|p2|Sandy Shocks|
|poke|p2|Regidrago|
|teampreview
|
|t:|1758302340
|teamsize|p1|6
|teamsize|p2|6
|start
|switch|p1a: Metagross|Metagross|100/100
|switch|p2a: Decidueye|Decidueye-Hisui, M|100/100
|turn|1
|
|t:|1758302347
|move|p1a: Metagross|Knock Off|p2a: Decidueye
|-resisted|p2a: Decidueye
|-damage|p2a: Decidueye|79/100
|-enditem|p2a: Decidueye|Heavy-Duty Boots|[from] move: Knock Off|[of] p1a: Metagross
|move|p2a: Decidueye|Triple Arrows|p1a: Metagross
|-damage|p1a: Metagross|72/100
|
|upkeep
|turn|2
|
|t:|1758302358
|switch|p2a: Klawf|Klawf, M|100/100
|move|p1a: Metagross|Heavy Slam|p2a: Klawf
|-supereffective|p2a: Klawf
|-damage|p2a: Klawf|11/100
|-damage|p1a: Metagross|55/100|[from] item: Rocky Helmet|[of] p2a: Klawf
|
|upkeep
|turn|3
|
|t:|1758302367
|switch|p2a: Moltres|Moltres-Galar|100/100
|move|p1a: Metagross|Bullet Punch|p2a: Moltres
|-damage|p2a: Moltres|84/100
|
|upkeep
|turn|4
|
|t:|1758302380
|move|p2a: Moltres|Fiery Wrath|p1a: Metagross
|-supereffective|p1a: Metagross
|-damage|p1a: Metagross|0 fnt
|faint|p1a: Metagross
|
|upkeep
|
|t:|1758302404
|switch|p1a: Gyarados|Gyarados, F|100/100
|-ability|p1a: Gyarados|Intimidate|boost
|-unboost|p2a: Moltres|atk|1
|turn|5
|
|t:|1758302410
|move|p2a: Moltres|Nasty Plot|p2a: Moltres
|-boost|p2a: Moltres|spa|2
|move|p1a: Gyarados|Dragon Dance|p1a: Gyarados
|-boost|p1a: Gyarados|atk|1
|-boost|p1a: Gyarados|spe|1
|
|upkeep
|turn|6
|
|t:|1758302417
|move|p1a: Gyarados|Ice Fang|p2a: Moltres
|-supereffective|p2a: Moltres
|-damage|p2a: Moltres|27/100
|-ability|p2a: Moltres|Berserk|boost
|-boost|p2a: Moltres|spa|1
|move|p2a: Moltres|Fiery Wrath|p1a: Gyarados
|-damage|p1a: Gyarados|39/100
|
|upkeep
|turn|7
|
|t:|1758302426
|move|p1a: Gyarados|Ice Fang|p2a: Moltres
|-supereffective|p2a: Moltres
|-damage|p2a: Moltres|0 fnt
|faint|p2a: Moltres
|
|upkeep
|
|t:|1758302430
|switch|p2a: Klawf|Klawf, M|45/100
|turn|8
|
|t:|1758302446
|switch|p2a: Azumarill|Azumarill, F|100/100
|move|p1a: Gyarados|Earthquake|p2a: Azumarill
|-damage|p2a: Azumarill|40/100
|
|upkeep
|turn|9
|
|t:|1758302453
|move|p2a: Azumarill|Aqua Jet|p1a: Gyarados
|-resisted|p1a: Gyarados
|-damage|p1a: Gyarados|26/100
|-damage|p2a: Azumarill|24/100|[from] item: Rocky Helmet|[of] p1a: Gyarados
|move|p1a: Gyarados|Earthquake|p2a: Azumarill
|-damage|p2a: Azumarill|0 fnt
|faint|p2a: Azumarill
|
|upkeep
|
|t:|1758302458
|switch|p2a: Sandy Shocks|Sandy Shocks|100/100
|turn|10
|
|t:|1758302479
|move|p2a: Sandy Shocks|Power Gem|p1a: Gyarados
|-supereffective|p1a: Gyarados
|-damage|p1a: Gyarados|0 fnt
|faint|p1a: Gyarados
|
|upkeep
|
|t:|1758302503
|switch|p1a: Iron Moth|Iron Moth|100/100
|-enditem|p1a: Iron Moth|Booster Energy
|-activate|p1a: Iron Moth|ability: Quark Drive|[fromitem]
|-start|p1a: Iron Moth|quarkdrivespa
|turn|11
|
|t:|1758302524
|move|p2a: Sandy Shocks|Power Gem|p1a: Iron Moth
|-supereffective|p1a: Iron Moth
|-damage|p1a: Iron Moth|41/100
|move|p1a: Iron Moth|Fiery Dance|p2a: Sandy Shocks
|-damage|p2a: Sandy Shocks|30/100
|
|upkeep
|turn|12
|
|t:|1758302536
|move|p2a: Sandy Shocks|Power Gem|p1a: Iron Moth
|-supereffective|p1a: Iron Moth
|-damage|p1a: Iron Moth|0 fnt
|faint|p1a: Iron Moth
|-end|p1a: Iron Moth|Quark Drive|[silent]
|
|upkeep
|
|t:|1758302548
|switch|p1a: Serperior|Serperior, M|100/100
|turn|13
|
|t:|1758302552
|-end|p2a: Sandy Shocks|Protosynthesis|[silent]
|switch|p2a: Decidueye|Decidueye-Hisui, M|79/100
|move|p1a: Serperior|Leaf Storm|p2a: Decidueye
|-resisted|p2a: Decidueye
|-damage|p2a: Decidueye|63/100
|-boost|p1a: Serperior|spa|2
|
|upkeep
|turn|14
|
|t:|1758302561
|move|p2a: Decidueye|U-turn|p1a: Serperior
|-supereffective|p1a: Serperior
|-damage|p1a: Serperior|55/100
|
|t:|1758302566
|switch|p2a: Sandy Shocks|Sandy Shocks|30/100|[from] U-turn
|move|p1a: Serperior|Mirror Coat||[still]
|-fail|p1a: Serperior
|
|upkeep
|turn|15
|
|t:|1758302574
|move|p2a: Sandy Shocks|Volt Switch|p1a: Serperior
|-resisted|p1a: Serperior
|-damage|p1a: Serperior|33/100
|
|t:|1758302577
|-end|p2a: Sandy Shocks|Protosynthesis|[silent]
|switch|p2a: Klawf|Klawf, M|78/100|[from] Volt Switch
|move|p1a: Serperior|Leaf Storm|p2a: Klawf|[miss]
|-miss|p1a: Serperior|p2a: Klawf
|
|upkeep
|turn|16
|
|t:|1758302586
|move|p1a: Serperior|Leaf Storm|p2a: Klawf
|-supereffective|p2a: Klawf
|-crit|p2a: Klawf
|-damage|p2a: Klawf|0 fnt
|-boost|p1a: Serperior|spa|2
|faint|p2a: Klawf
|
|upkeep
|
|t:|1758302589
|switch|p2a: Regidrago|Regidrago|100/100
|turn|17
|
|t:|1758302598
|move|p1a: Serperior|Leaf Storm|p2a: Regidrago
|-resisted|p2a: Regidrago
|-damage|p2a: Regidrago|18/100
|-boost|p1a: Serperior|spa|2
|move|p2a: Regidrago|Dragon Breath|p1a: Serperior
|-damage|p1a: Serperior|0 fnt
|faint|p1a: Serperior
|
|upkeep
|
|t:|1758302607
|switch|p1a: Dragonite|Dragonite, M|100/100
|turn|18
|
|t:|1758302611
|move|p2a: Regidrago|Dragon Breath|p1a: Dragonite
|-supereffective|p1a: Dragonite
|-damage|p1a: Dragonite|39/100
|-status|p1a: Dragonite|par
|-enditem|p1a: Dragonite|Weakness Policy
|-boost|p1a: Dragonite|atk|2|[from] item: Weakness Policy
|-boost|p1a: Dragonite|spa|2|[from] item: Weakness Policy
|cant|p1a: Dragonite|par
|
|upkeep
|turn|19
|
|t:|1758302621
|switch|p2a: Decidueye|Decidueye-Hisui, M|63/100
|-terastallize|p1a: Dragonite|Normal
|move|p1a: Dragonite|Extreme Speed|p2a: Decidueye
|-damage|p2a: Decidueye|0 fnt
|faint|p2a: Decidueye
|
|upkeep
|
|t:|1758302626
|switch|p2a: Sandy Shocks|Sandy Shocks|30/100
|turn|20
|
|t:|1758302633
|move|p1a: Dragonite|Extreme Speed|p2a: Sandy Shocks
|-damage|p2a: Sandy Shocks|0 fnt
|faint|p2a: Sandy Shocks
|-end|p2a: Sandy Shocks|Protosynthesis|[silent]
|
|upkeep
|-message|lost oblitus forfeited.
|
|win|Ostenberg
|raw|Ostenberg's rating: 1255 &rarr; <strong>1278</strong><br />(+23 for winning)
|raw|lost oblitus's rating: 1227 &rarr; <strong>1204</strong><br />(-23 for losing)
|l|☆lost oblitus
|player|p2|
|l|☆Ostenberg
|player|p1|
