|j|☆gardivien
|j|☆Jusk-99
|t:|1758363301
|gametype|singles
|player|p1|gardivien|265|1288
|player|p2|Jusk-99|aaron|1240
|gen|9
|tier|[Gen 9] OU
|rated|
|rule|HP Percentage Mod: HP is shown in percentages
|rule|Endless Battle Clause: Forcing endless battles is banned
|rule|Species Clause: Limit one of each Pokémon
|rule|OHKO Clause: OHKO moves are banned
|rule|Evasion Items Clause: Evasion items are banned
|rule|Evasion Moves Clause: Evasion moves are banned
|rule|Evasion Abilities Clause: Evasion abilities are banned
|rule|Sleep Moves Clause: Sleep-inducing moves are banned
|clearpoke
|poke|p1|Raging Bolt|
|poke|p1|Gholdengo|
|poke|p1|Samurott-Hisui, M|
|poke|p1|Great Tusk|
|poke|p1|Primarina, M|
|poke|p1|Scizor, F|
|poke|p2|Glimmora, F|
|poke|p2|Ceruledge, M|
|poke|p2|Weavile, F|
|poke|p2|Galvantula, F|
|poke|p2|Gastrodon, M|
|poke|p2|Corviknight, M|
|teampreview
|inactive|Battle timer is ON: inactive players will automatically lose when time's up. (requested by gardivien)
|
|t:|1758363310
|teamsize|p1|6
|teamsize|p2|6
|start
|switch|p1a: Samurott|Samurott-Hisui, M|100/100
|switch|p2a: Corviknight|Corviknight, M|100/100
|turn|1
|
|t:|1758363323
|move|p1a: Samurott|Ceaseless Edge|p2a: Corviknight
|-damage|p2a: Corviknight|65/100
|-damage|p1a: Samurott|84/100|[from] item: Rocky Helmet|[of] p2a: Corviknight
|-sidestart|p2: Jusk-99|Spikes
|move|p2a: Corviknight|Iron Defense|p2a: Corviknight
|-boost|p2a: Corviknight|def|2
|
|upkeep
|turn|2
|
|t:|1758363338
|switch|p1a: Gholdengo|Gholdengo|100/100
|-item|p1a: Gholdengo|Air Balloon
|move|p2a: Corviknight|Roost|p2a: Corviknight
|-heal|p2a: Corviknight|100/100
|-singleturn|p2a: Corviknight|move: Roost
|
|upkeep
|turn|3
|
|t:|1758363348
|move|p1a: Gholdengo|Thunder Wave|p2a: Corviknight
|-status|p2a: Corviknight|par
|move|p2a: Corviknight|Brave Bird|p1a: Gholdengo
|-resisted|p1a: Gholdengo
|-damage|p1a: Gholdengo|88/100
|-enditem|p1a: Gholdengo|Air Balloon
|-damage|p2a: Corviknight|96/100 par|[from] Recoil
|
|upkeep
|turn|4
|
|t:|1758363359
|switch|p2a: Gastrodon|Gastrodon, M|100/100
|-damage|p2a: Gastrodon|88/100|[from] Spikes
|move|p1a: Gholdengo|Hex|p2a: Gastrodon
|-damage|p2a: Gastrodon|65/100
|
|-heal|p2a: Gastrodon|71/100|[from] item: Leftovers
|upkeep
|turn|5
|
|t:|1758363375
|switch|p1a: Great Tusk|Great Tusk|100/100
|move|p2a: Gastrodon|Earth Power|p1a: Great Tusk
|-damage|p1a: Great Tusk|58/100
|
|-heal|p2a: Gastrodon|77/100|[from] item: Leftovers
|upkeep
|turn|6
|
|t:|1758363384
|move|p2a: Gastrodon|Protect|p2a: Gastrodon
|-singleturn|p2a: Gastrodon|Protect
|move|p1a: Great Tusk|Close Combat|p2a: Gastrodon
|-activate|p2a: Gastrodon|move: Protect
|
|-heal|p2a: Gastrodon|83/100|[from] item: Leftovers
|upkeep
|turn|7
|
|t:|1758363392
|switch|p2a: Corviknight|Corviknight, M|96/100 par
|move|p1a: Great Tusk|Stealth Rock|p2a: Corviknight
|-sidestart|p2: Jusk-99|move: Stealth Rock
|
|upkeep
|turn|8
|
|t:|1758363399
|-end|p1a: Great Tusk|Protosynthesis|[silent]
|switch|p1a: Gholdengo|Gholdengo|88/100
|move|p2a: Corviknight|Brave Bird|p1a: Gholdengo
|-resisted|p1a: Gholdengo
|-damage|p1a: Gholdengo|75/100
|-damage|p2a: Corviknight|91/100 par|[from] Recoil
|
|upkeep
|turn|9
|
|t:|1758363407
|switch|p2a: Glimmora|Glimmora, F|100/100
|-damage|p2a: Glimmora|88/100|[from] Spikes
|-damage|p2a: Glimmora|76/100|[from] Stealth Rock
|move|p1a: Gholdengo|Recover|p1a: Gholdengo
|-heal|p1a: Gholdengo|100/100
|
|upkeep
|turn|10
|
|t:|1758363418
|-terastallize|p2a: Glimmora|Ground
|move|p1a: Gholdengo|Thunder Wave|p2a: Glimmora
|-immune|p2a: Glimmora
|move|p2a: Glimmora|Earth Power|p1a: Gholdengo
|-supereffective|p1a: Gholdengo
|-damage|p1a: Gholdengo|19/100
|
|upkeep
|turn|11
|
|t:|1758363435
|switch|p1a: Primarina|Primarina, M|100/100
|move|p2a: Glimmora|Mortal Spin|p1a: Primarina
|-supereffective|p1a: Primarina
|-damage|p1a: Primarina|83/100
|-status|p1a: Primarina|psn
|-sideend|p2: Jusk-99|Spikes|[from] move: Mortal Spin|[of] p2a: Glimmora
|-sideend|p2: Jusk-99|Stealth Rock|[from] move: Mortal Spin|[of] p2a: Glimmora
|
|-damage|p1a: Primarina|71/100 psn|[from] psn
|upkeep
|turn|12
|
|t:|1758363452
|switch|p2a: Gastrodon|Gastrodon, M|83/100
|move|p1a: Primarina|Moonblast|p2a: Gastrodon
|-damage|p2a: Gastrodon|35/100
|-unboost|p2a: Gastrodon|spa|1
|
|-heal|p2a: Gastrodon|41/100|[from] item: Leftovers
|-damage|p1a: Primarina|58/100 psn|[from] psn
|upkeep
|turn|13
|
|t:|1758363462
|move|p2a: Gastrodon|Protect|p2a: Gastrodon
|-singleturn|p2a: Gastrodon|Protect
|move|p1a: Primarina|Moonblast|p2a: Gastrodon
|-activate|p2a: Gastrodon|move: Protect
|
|-heal|p2a: Gastrodon|47/100|[from] item: Leftovers
|-damage|p1a: Primarina|46/100 psn|[from] psn
|upkeep
|turn|14
|
|t:|1758363474
|switch|p2a: Ceruledge|Ceruledge, M|100/100
|move|p1a: Primarina|Moonblast|p2a: Ceruledge
|-resisted|p2a: Ceruledge
|-damage|p2a: Ceruledge|69/100
|
|-damage|p1a: Primarina|33/100 psn|[from] psn
|upkeep
|turn|15
|
|t:|1758363484
|move|p2a: Ceruledge|Shadow Sneak|p1a: Primarina
|-damage|p1a: Primarina|0 fnt
|faint|p1a: Primarina
|-damage|p2a: Ceruledge|59/100|[from] item: Life Orb
|
|upkeep
|
|t:|1758363496
|switch|p1a: Samurott|Samurott-Hisui, M|84/100
|turn|16
|
|t:|1758363502
|switch|p2a: Corviknight|Corviknight, M|91/100 par
|move|p1a: Samurott|Ceaseless Edge|p2a: Corviknight
|-damage|p2a: Corviknight|54/100 par
|-damage|p1a: Samurott|67/100|[from] item: Rocky Helmet|[of] p2a: Corviknight
|-sidestart|p2: Jusk-99|Spikes
|
|upkeep
|turn|17
|
|t:|1758363510
|move|p1a: Samurott|Knock Off|p2a: Corviknight
|-damage|p2a: Corviknight|22/100 par
|-damage|p1a: Samurott|51/100|[from] item: Rocky Helmet|[of] p2a: Corviknight
|-enditem|p2a: Corviknight|Rocky Helmet|[from] move: Knock Off|[of] p1a: Samurott
|move|p2a: Corviknight|Roost|p2a: Corviknight
|-heal|p2a: Corviknight|72/100 par
|-singleturn|p2a: Corviknight|move: Roost
|
|upkeep
|turn|18
|
|t:|1758363520
|switch|p1a: Raging Bolt|Raging Bolt|100/100
|move|p2a: Corviknight|Body Press|p1a: Raging Bolt
|-damage|p1a: Raging Bolt|82/100
|
|upkeep
|turn|19
|
|t:|1758363536
|switch|p2a: Glimmora|Glimmora, F, tera:Ground|76/100
|-damage|p2a: Glimmora|63/100|[from] Spikes
|move|p1a: Raging Bolt|Draco Meteor|p2a: Glimmora|[miss]
|-miss|p1a: Raging Bolt|p2a: Glimmora
|
|upkeep
|turn|20
|
|t:|1758363544
|-terastallize|p1a: Raging Bolt|Fairy
|move|p2a: Glimmora|Earth Power|p1a: Raging Bolt
|-damage|p1a: Raging Bolt|46/100
|move|p1a: Raging Bolt|Draco Meteor|p2a: Glimmora
|-damage|p2a: Glimmora|0 fnt
|-unboost|p1a: Raging Bolt|spa|2
|faint|p2a: Glimmora
|
|upkeep
|
|t:|1758363557
|switch|p2a: Galvantula|Galvantula, F|100/100
|-damage|p2a: Galvantula|88/100|[from] Spikes
|turn|21
|
|t:|1758363572
|move|p2a: Galvantula|Sticky Web|p1a: Raging Bolt
|-sidestart|p1: gardivien|move: Sticky Web
|move|p1a: Raging Bolt|Volt Switch|p2a: Galvantula
|-resisted|p2a: Galvantula
|-damage|p2a: Galvantula|69/100
|
|t:|1758363585
|-end|p1a: Raging Bolt|Protosynthesis|[silent]
|switch|p1a: Great Tusk|Great Tusk|58/100|[from] Volt Switch
|
|upkeep
|turn|22
|
|t:|1758363590
|move|p2a: Galvantula|Energy Ball|p1a: Great Tusk
|-supereffective|p1a: Great Tusk
|-damage|p1a: Great Tusk|0 fnt
|faint|p1a: Great Tusk
|-end|p1a: Great Tusk|Protosynthesis|[silent]
|
|upkeep
|
|t:|1758363603
|switch|p1a: Raging Bolt|Raging Bolt, tera:Fairy|46/100
|turn|23
|
|t:|1758363608
|move|p2a: Galvantula|Thunder|p1a: Raging Bolt
|-damage|p1a: Raging Bolt|7/100
|move|p1a: Raging Bolt|Draco Meteor|p2a: Galvantula
|-damage|p2a: Galvantula|0 fnt
|-unboost|p1a: Raging Bolt|spa|2
|faint|p2a: Galvantula
|
|upkeep
|
|t:|1758363620
|switch|p2a: Gastrodon|Gastrodon, M|47/100
|-damage|p2a: Gastrodon|35/100|[from] Spikes
|turn|24
|
|t:|1758363630
|move|p1a: Raging Bolt|Draco Meteor|p2a: Gastrodon
|-damage|p2a: Gastrodon|1/100
|-unboost|p1a: Raging Bolt|spa|2
|move|p2a: Gastrodon|Recover|p2a: Gastrodon
|-heal|p2a: Gastrodon|51/100
|
|-heal|p2a: Gastrodon|57/100|[from] item: Leftovers
|upkeep
|turn|25
|
|t:|1758363648
|-end|p1a: Raging Bolt|Protosynthesis|[silent]
|switch|p1a: Scizor|Scizor, F|100/100
|-activate|p1a: Scizor|move: Sticky Web
|-unboost|p1a: Scizor|spe|1
|move|p2a: Gastrodon|Earth Power|p1a: Scizor
|-damage|p1a: Scizor|63/100
|
|-heal|p2a: Gastrodon|63/100|[from] item: Leftovers
|upkeep
|turn|26
|
|t:|1758363658
|move|p1a: Scizor|Swords Dance|p1a: Scizor
|-boost|p1a: Scizor|atk|2
|move|p2a: Gastrodon|Earth Power|p1a: Scizor
|-damage|p1a: Scizor|26/100
|-unboost|p1a: Scizor|spd|1
|
|-heal|p2a: Gastrodon|69/100|[from] item: Leftovers
|upkeep
|turn|27
|
|t:|1758363672
|move|p2a: Gastrodon|Protect|p2a: Gastrodon
|-singleturn|p2a: Gastrodon|Protect
|move|p1a: Scizor|Knock Off|p2a: Gastrodon
|-activate|p2a: Gastrodon|move: Protect
|
|-heal|p2a: Gastrodon|75/100|[from] item: Leftovers
|upkeep
|turn|28
|
|t:|1758363680
|move|p1a: Scizor|Close Combat|p2a: Gastrodon
|-crit|p2a: Gastrodon
|-damage|p2a: Gastrodon|0 fnt
|-unboost|p1a: Scizor|def|1
|-unboost|p1a: Scizor|spd|1
|faint|p2a: Gastrodon
|-damage|p1a: Scizor|16/100|[from] item: Life Orb
|
|upkeep
|
|t:|1758363693
|switch|p2a: Weavile|Weavile, F|100/100
|-damage|p2a: Weavile|88/100|[from] Spikes
|-ability|p2a: Weavile|Pressure
|turn|29
|
|t:|1758363704
|move|p2a: Weavile|Ice Shard|p1a: Scizor
|-resisted|p1a: Scizor
|-damage|p1a: Scizor|0 fnt
|faint|p1a: Scizor
|-damage|p2a: Weavile|78/100|[from] item: Life Orb
|
|upkeep
|-message|gardivien forfeited.
|
|win|Jusk-99
|raw|gardivien's rating: 1288 &rarr; <strong>1260</strong><br />(-28 for losing)
|raw|Jusk-99's rating: 1240 &rarr; <strong>1268</strong><br />(+28 for winning)
|l|☆gardivien
|player|p1|
|l|☆Jusk-99
|player|p2|
