|j|☆eggwithswag
|j|☆Barronmaster
|t:|1758370551
|gametype|singles
|player|p1|eggwithswag|lance|1453
|player|p2|Barronmaster|170|1556
|gen|9
|tier|[Gen 9] OU
|rated|
|rule|HP Percentage Mod: HP is shown in percentages
|rule|Endless Battle Clause: Forcing endless battles is banned
|rule|Species Clause: Limit one of each Pokémon
|rule|OHKO Clause: OHKO moves are banned
|rule|Evasion Items Clause: Evasion items are banned
|rule|Evasion Moves Clause: Evasion moves are banned
|rule|Evasion Abilities Clause: Evasion abilities are banned
|rule|Sleep Moves Clause: Sleep-inducing moves are banned
|clearpoke
|poke|p1|Hatterene, F|
|poke|p1|Tyranitar, M|
|poke|p1|Excadrill, M|
|poke|p1|Dragapult, F|
|poke|p1|Landorus-Therian, M|
|poke|p1|Ogerpon-Wellspring, F|
|poke|p2|Hoopa-Unbound|
|poke|p2|Ninetales-Alola, F|
|poke|p2|Slowking-Galar, M|
|poke|p2|Cloyster, M|
|poke|p2|Zoroark, M|
|poke|p2|Indeedee, M|
|teampreview
|
|t:|1758370567
|teamsize|p1|6
|teamsize|p2|6
|start
|switch|p1a: Excadrill|Excadrill, M|100/100
|switch|p2a: Hoopa|Hoopa-Unbound|100/100
|turn|1
|
|t:|1758370575
|move|p2a: Hoopa|Flamethrower|p1a: Excadrill
|-supereffective|p1a: Excadrill
|-damage|p1a: Excadrill|14/100
|-damage|p2a: Hoopa|91/100|[from] item: Life Orb
|move|p1a: Excadrill|Earthquake|p2a: Hoopa
|-damage|p2a: Hoopa|0 fnt
|replace|p2a: Zoroark|Zoroark, M
|-end|p2a: Zoroark|Illusion
|faint|p2a: Zoroark
|
|upkeep
|
|t:|1758370591
|switch|p2a: Ninetales|Ninetales-Alola, F|100/100
|-weather|Snowscape|[from] ability: Snow Warning|[of] p2a: Ninetales
|turn|2
|
|t:|1758370597
|switch|p1a: Tyranitar|Tyranitar, M|100/100
|-weather|Sandstorm|[from] ability: Sand Stream|[of] p1a: Tyranitar
|move|p2a: Ninetales|Moonblast|p1a: Tyranitar
|-supereffective|p1a: Tyranitar
|-damage|p1a: Tyranitar|66/100
|-unboost|p1a: Tyranitar|spa|1
|
|-weather|Sandstorm|[upkeep]
|-damage|p2a: Ninetales|94/100|[from] Sandstorm
|upkeep
|turn|3
|
|t:|1758370605
|-terastallize|p2a: Ninetales|Steel
|move|p2a: Ninetales|Moonblast|p1a: Tyranitar
|-supereffective|p1a: Tyranitar
|-damage|p1a: Tyranitar|32/100
|-unboost|p1a: Tyranitar|spa|1
|move|p1a: Tyranitar|Stealth Rock|p2a: Ninetales
|-sidestart|p2: Barronmaster|move: Stealth Rock
|
|-weather|Sandstorm|[upkeep]
|upkeep
|turn|4
|
|t:|1758370612
|move|p2a: Ninetales|Moonblast|p1a: Tyranitar
|-supereffective|p1a: Tyranitar
|-damage|p1a: Tyranitar|0 fnt
|faint|p1a: Tyranitar
|
|-weather|Sandstorm|[upkeep]
|upkeep
|
|t:|1758370617
|switch|p1a: Excadrill|Excadrill, M|14/100
|turn|5
|
|t:|1758370625
|switch|p2a: Cloyster|Cloyster, M|100/100
|-terastallize|p1a: Excadrill|Ground
|move|p1a: Excadrill|Earthquake|p2a: Cloyster
|-damage|p2a: Cloyster|10/100
|
|-weather|Sandstorm|[upkeep]
|-damage|p2a: Cloyster|4/100|[from] Sandstorm
|upkeep
|turn|6
|
|t:|1758370628
|move|p2a: Cloyster|Ice Shard|p1a: Excadrill
|-supereffective|p1a: Excadrill
|-damage|p1a: Excadrill|0 fnt
|faint|p1a: Excadrill
|
|-weather|Sandstorm|[upkeep]
|-damage|p2a: Cloyster|0 fnt|[from] Sandstorm
|faint|p2a: Cloyster
|upkeep
|
|t:|1758370640
|switch|p1a: Dragapult|Dragapult, F|100/100
|switch|p2a: Ninetales|Ninetales-Alola, F, tera:Steel|94/100
|-damage|p2a: Ninetales|88/100|[from] Stealth Rock
|-weather|Snowscape|[from] ability: Snow Warning|[of] p2a: Ninetales
|turn|7
|
|t:|1758370659
|move|p1a: Dragapult|Will-O-Wisp|p2a: Ninetales
|-status|p2a: Ninetales|brn
|move|p2a: Ninetales|Aurora Veil|p2a: Ninetales
|-sidestart|p2: Barronmaster|move: Aurora Veil
|
|-weather|Snowscape|[upkeep]
|-damage|p2a: Ninetales|82/100 brn|[from] brn
|upkeep
|turn|8
|
|t:|1758370670
|move|p1a: Dragapult|Hex|p2a: Ninetales
|-crit|p2a: Ninetales
|-damage|p2a: Ninetales|0 fnt
|faint|p2a: Ninetales
|
|-weather|Snowscape|[upkeep]
|upkeep
|
|t:|1758370673
|switch|p2a: Indeedee|Indeedee, M|100/100
|-damage|p2a: Indeedee|88/100|[from] Stealth Rock
|-fieldstart|move: Psychic Terrain|[from] ability: Psychic Surge|[of] p2a: Indeedee
|turn|9
|
|t:|1758370691
|switch|p1a: Hatterene|Hatterene, F|100/100
|move|p2a: Indeedee|Expanding Force|p1a: Hatterene
|-resisted|p1a: Hatterene
|-damage|p1a: Hatterene|53/100
|-damage|p2a: Indeedee|78/100|[from] item: Life Orb
|
|-weather|Snowscape|[upkeep]
|upkeep
|turn|10
|
|t:|1758370698
|move|p2a: Indeedee|Expanding Force|p1a: Hatterene
|-resisted|p1a: Hatterene
|-damage|p1a: Hatterene|0 fnt
|faint|p1a: Hatterene
|-damage|p2a: Indeedee|69/100|[from] item: Life Orb
|
|-weather|Snowscape|[upkeep]
|upkeep
|
|t:|1758370704
|switch|p1a: Ogerpon|Ogerpon-Wellspring, F|100/100
|turn|11
|
|t:|1758370717
|move|p1a: Ogerpon|Ivy Cudgel|p2a: Indeedee|[anim] Ivy Cudgel Water
|-damage|p2a: Indeedee|10/100
|move|p2a: Indeedee|Expanding Force|p1a: Ogerpon
|-damage|p1a: Ogerpon|0 fnt
|faint|p1a: Ogerpon
|-damage|p2a: Indeedee|0 fnt|[from] item: Life Orb
|faint|p2a: Indeedee
|
|-weather|none
|upkeep
|
|t:|1758370736
|switch|p1a: Landorus|Landorus-Therian, M|100/100
|switch|p2a: Slowking|Slowking-Galar, M|100/100
|-ability|p1a: Landorus|Intimidate|boost
|-unboost|p2a: Slowking|atk|1
|-damage|p2a: Slowking|88/100|[from] Stealth Rock
|turn|12
|
|t:|1758370741
|move|p1a: Landorus|Earthquake|p2a: Slowking
|-supereffective|p2a: Slowking
|-damage|p2a: Slowking|24/100
|move|p2a: Slowking|Trick Room|p2a: Slowking
|-fieldstart|move: Trick Room|[of] p2a: Slowking
|
|-heal|p2a: Slowking|30/100|[from] item: Leftovers
|upkeep
|turn|13
|
|t:|1758370750
|move|p2a: Slowking|Psychic Noise|p1a: Landorus
|-damage|p1a: Landorus|47/100
|-start|p1a: Landorus|move: Heal Block
|-enditem|p1a: Landorus|Eject Button
|
|t:|1758370757
|switch|p1a: Dragapult|Dragapult, F|100/100
|
|-heal|p2a: Slowking|36/100|[from] item: Leftovers
|-fieldend|move: Psychic Terrain
|upkeep
|turn|14
|
|t:|1758370776
|move|p2a: Slowking|Psychic Noise|p1a: Dragapult
|-damage|p1a: Dragapult|44/100
|-start|p1a: Dragapult|move: Heal Block
|move|p1a: Dragapult|Hex|p2a: Slowking
|-supereffective|p2a: Slowking
|-damage|p2a: Slowking|0 fnt
|faint|p2a: Slowking
|
|-sideend|p2: Barronmaster|move: Aurora Veil
|upkeep
|
|t:|1758370780
|switch|p2a: Hoopa|Hoopa-Unbound|100/100
|-damage|p2a: Hoopa|88/100|[from] Stealth Rock
|turn|15
|
|t:|1758370785
|switch|p1a: Landorus|Landorus-Therian, M|47/100
|-ability|p1a: Landorus|Intimidate|boost
|-unboost|p2a: Hoopa|atk|1
|move|p2a: Hoopa|Knock Off|p1a: Landorus
|-damage|p1a: Landorus|26/100
|
|upkeep
|turn|16
|
|t:|1758370797
|move|p2a: Hoopa|Psychic Noise|p1a: Landorus
|-damage|p1a: Landorus|0 fnt
|faint|p1a: Landorus
|
|-fieldend|move: Trick Room
|upkeep
|
|t:|1758370809
|switch|p1a: Dragapult|Dragapult, F|44/100
|turn|17
|
|t:|1758370818
|move|p1a: Dragapult|Dragon Darts|p2a: Hoopa
|-damage|p2a: Hoopa|51/100
|-anim|p1a: Dragapult|Dragon Darts|p2a: Hoopa
|-damage|p2a: Hoopa|17/100
|move|p2a: Hoopa|Psychic Noise|p1a: Dragapult
|-damage|p1a: Dragapult|0 fnt
|faint|p1a: Dragapult
|
|win|Barronmaster
|raw|eggwithswag's rating: 1453 &rarr; <strong>1439</strong><br />(-14 for losing)
|raw|Barronmaster's rating: 1556 &rarr; <strong>1570</strong><br />(+14 for winning)
|l|☆Barronmaster
|player|p2|
|l|☆eggwithswag
|player|p1|
