|j|☆BlackliightJester
|j|☆ego_the_amigo
|t:|1758264937
|gametype|singles
|player|p1|BlackliightJester|will|1081
|player|p2|ego_the_amigo|benga|1126
|gen|9
|tier|[Gen 9] OU
|rated|
|rule|HP Percentage Mod: HP is shown in percentages
|rule|Endless Battle Clause: Forcing endless battles is banned
|rule|Species Clause: Limit one of each Pokémon
|rule|OHKO Clause: OHKO moves are banned
|rule|Evasion Items Clause: Evasion items are banned
|rule|Evasion Moves Clause: Evasion moves are banned
|rule|Evasion Abilities Clause: Evasion abilities are banned
|rule|Sleep Moves Clause: Sleep-inducing moves are banned
|clearpoke
|poke|p1|Meowstic, M|
|poke|p1|Flapple, F|
|poke|p1|Probopass, M|
|poke|p1|Mienshao, F|
|poke|p1|Blissey, F|
|poke|p1|Zebstrika, M|
|poke|p2|Skarmory, F|
|poke|p2|Cloyster, M|
|poke|p2|Galvantula, F|
|poke|p2|Dragapult, F|
|poke|p2|Kingambit, M|
|poke|p2|Salazzle, F|
|teampreview
|inactive|Battle timer is ON: inactive players will automatically lose when time's up. (requested by BlackliightJester)
|
|t:|1758264944
|teamsize|p1|6
|teamsize|p2|6
|start
|switch|p1a: Mienshao|Mienshao, F|100/100
|switch|p2a: Skarmory|Skarmory, F|100/100
|turn|1
|
|t:|1758264954
|move|p1a: Mienshao|Taunt|p2a: Skarmory
|-start|p2a: Skarmory|move: Taunt
|cant|p2a: Skarmory|move: Taunt|Stealth Rock
|
|upkeep
|turn|2
|
|t:|1758264965
|switch|p1a: Zebstrika|Zebstrika, M|100/100
|switch|p2a: Salazzle|Salazzle, F|100/100
|
|upkeep
|turn|3
|
|t:|1758264973
|move|p2a: Salazzle|Toxic Spikes|p1a: Zebstrika
|-sidestart|p1: BlackliightJester|move: Toxic Spikes
|move|p1a: Zebstrika|Flame Charge|p2a: Salazzle
|-resisted|p2a: Salazzle
|-damage|p2a: Salazzle|81/100
|-boost|p1a: Zebstrika|spe|1
|-damage|p1a: Zebstrika|91/100|[from] item: Life Orb
|
|upkeep
|turn|4
|
|t:|1758264986
|move|p1a: Zebstrika|High Horsepower|p2a: Salazzle
|-supereffective|p2a: Salazzle
|-damage|p2a: Salazzle|0 fnt
|faint|p2a: Salazzle
|-damage|p1a: Zebstrika|81/100|[from] item: Life Orb
|
|upkeep
|
|t:|1758264996
|switch|p2a: Dragapult|Dragapult, F|100/100
|turn|5
|
|t:|1758265001
|move|p1a: Zebstrika|High Horsepower|p2a: Dragapult
|-damage|p2a: Dragapult|48/100
|-damage|p1a: Zebstrika|71/100|[from] item: Life Orb
|move|p2a: Dragapult|Dragon Dance|p2a: Dragapult
|-boost|p2a: Dragapult|atk|1
|-boost|p2a: Dragapult|spe|1
|
|-heal|p2a: Dragapult|54/100|[from] item: Leftovers
|upkeep
|turn|6
|
|t:|1758265012
|move|p2a: Dragapult|Dragon Darts|p1a: Zebstrika
|-damage|p1a: Zebstrika|0 fnt
|faint|p1a: Zebstrika
|
|-heal|p2a: Dragapult|60/100|[from] item: Leftovers
|upkeep
|
|t:|1758265032
|switch|p1a: Mienshao|Mienshao, F|100/100
|-status|p1a: Mienshao|psn
|turn|7
|
|t:|1758265038
|move|p2a: Dragapult|Psychic Fangs|p1a: Mienshao
|-supereffective|p1a: Mienshao
|-damage|p1a: Mienshao|0 fnt
|faint|p1a: Mienshao
|
|-heal|p2a: Dragapult|66/100|[from] item: Leftovers
|upkeep
|-message|BlackliightJester forfeited.
|
|win|ego_the_amigo
|raw|BlackliightJester's rating: 1081 &rarr; <strong>1062</strong><br />(-19 for losing)
|raw|ego_the_amigo's rating: 1126 &rarr; <strong>1148</strong><br />(+22 for winning)
|l|☆BlackliightJester
|player|p1|
|l|☆ego_the_amigo
|player|p2|
