|j|☆constant sorrow
|j|☆Bencarote
|t:|1758302603
|gametype|singles
|player|p1|constant sorrow|iris-gen5bw2|1326
|player|p2|Bencarote|policeman|1370
|gen|9
|tier|[Gen 9] OU
|rated|
|rule|HP Percentage Mod: HP is shown in percentages
|rule|Endless Battle Clause: Forcing endless battles is banned
|rule|Species Clause: Limit one of each Pokémon
|rule|OHKO Clause: OHKO moves are banned
|rule|Evasion Items Clause: Evasion items are banned
|rule|Evasion Moves Clause: Evasion moves are banned
|rule|Evasion Abilities Clause: Evasion abilities are banned
|rule|Sleep Moves Clause: Sleep-inducing moves are banned
|clearpoke
|poke|p1|Donphan, M|
|poke|p1|Yanmega, M|
|poke|p1|Darkrai|
|poke|p1|Infernape, F|
|poke|p1|Orthworm, M|
|poke|p1|Blaziken, M|
|poke|p2|Ribombee, F|
|poke|p2|Gholdengo|
|poke|p2|Great Tusk|
|poke|p2|Samurott-Hisui, M|
|poke|p2|Ninetales-Alola, F|
|poke|p2|Greninja-*, M|
|teampreview
|inactive|Battle timer is ON: inactive players will automatically lose when time's up. (requested by Bencarote)
|
|t:|1758302627
|teamsize|p1|6
|teamsize|p2|6
|start
|switch|p1a: Orthworm|Orthworm, M|100/100
|switch|p2a: Greninja|Greninja, M|100/100
|turn|1
|
|t:|1758302634
|move|p2a: Greninja|Hydro Pump|p1a: Orthworm|[miss]
|-miss|p2a: Greninja|p1a: Orthworm
|move|p1a: Orthworm|Spikes|p2a: Greninja
|-sidestart|p2: Bencarote|Spikes
|
|upkeep
|turn|2
|
|t:|1758302637
|move|p2a: Greninja|Hydro Pump|p1a: Orthworm
|-damage|p1a: Orthworm|25/100
|move|p1a: Orthworm|Spikes|p2a: Greninja
|-sidestart|p2: Bencarote|Spikes
|
|-heal|p1a: Orthworm|31/100|[from] item: Leftovers
|upkeep
|turn|3
|
|t:|1758302642
|move|p2a: Greninja|Hydro Pump|p1a: Orthworm
|-damage|p1a: Orthworm|0 fnt
|faint|p1a: Orthworm
|-ability|p2a: Greninja|Battle Bond|boost
|-boost|p2a: Greninja|atk|1
|-boost|p2a: Greninja|spa|1
|-boost|p2a: Greninja|spe|1
|-activate|p2a: Greninja|ability: Battle Bond
|
|upkeep
|
|t:|1758302647
|switch|p1a: Donphan|Donphan, M|100/100
|turn|4
|l|☆Bencarote
|inactive|Bencarote disconnected and has a minute to reconnect!
|player|p2|
|j|☆Bencarote
|inactive|Bencarote reconnected and has 145 seconds left.
|player|p2|Bencarote|policeman|
|inactive|Bencarote has 120 seconds left.
|
|t:|1758302685
|move|p2a: Greninja|Hydro Pump|p1a: Donphan|[miss]
|-miss|p2a: Greninja|p1a: Donphan
|move|p1a: Donphan|Earthquake|p2a: Greninja
|-damage|p2a: Greninja|4/100
|
|upkeep
|turn|5
|inactive|Bencarote has 120 seconds left.
|
|t:|1758302691
|move|p1a: Donphan|Ice Shard|p2a: Greninja
|-resisted|p2a: Greninja
|-damage|p2a: Greninja|0 fnt
|faint|p2a: Greninja
|
|upkeep
|
|t:|1758302696
|switch|p2a: Great Tusk|Great Tusk|100/100
|-damage|p2a: Great Tusk|84/100|[from] Spikes
|turn|6
|
|t:|1758302703
|switch|p1a: Yanmega|Yanmega, M|100/100
|move|p2a: Great Tusk|Rapid Spin|p1a: Yanmega
|-damage|p1a: Yanmega|79/100
|-boost|p2a: Great Tusk|spe|1
|-sideend|p2: Bencarote|Spikes|[from] move: Rapid Spin|[of] p2a: Great Tusk
|
|upkeep
|turn|7
|
|t:|1758302711
|move|p2a: Great Tusk|Ice Spinner|p1a: Yanmega
|-supereffective|p1a: Yanmega
|-damage|p1a: Yanmega|9/100
|move|p1a: Yanmega|Swords Dance|p1a: Yanmega
|-boost|p1a: Yanmega|atk|2
|
|-ability|p1a: Yanmega|Speed Boost|boost
|-boost|p1a: Yanmega|spe|1
|upkeep
|turn|8
|
|t:|1758302722
|move|p1a: Yanmega|Protect|p1a: Yanmega
|-singleturn|p1a: Yanmega|Protect
|move|p2a: Great Tusk|Rapid Spin|p1a: Yanmega
|-activate|p1a: Yanmega|move: Protect
|
|-ability|p1a: Yanmega|Speed Boost|boost
|-boost|p1a: Yanmega|spe|1
|upkeep
|turn|9
|
|t:|1758302728
|-terastallize|p2a: Great Tusk|Ice
|move|p1a: Yanmega|Leech Life|p2a: Great Tusk
|-damage|p2a: Great Tusk|36/100
|-heal|p1a: Yanmega|38/100|[from] drain|[of] p2a: Great Tusk
|-damage|p1a: Yanmega|21/100|[from] item: Rocky Helmet|[of] p2a: Great Tusk
|move|p2a: Great Tusk|Rapid Spin|p1a: Yanmega
|-damage|p1a: Yanmega|1/100
|-boost|p2a: Great Tusk|spe|1
|
|-ability|p1a: Yanmega|Speed Boost|boost
|-boost|p1a: Yanmega|spe|1
|upkeep
|turn|10
|
|t:|1758302739
|-terastallize|p1a: Yanmega|Fire
|move|p1a: Yanmega|Tera Blast|p2a: Great Tusk|[anim] Tera Blast Fire
|-supereffective|p2a: Great Tusk
|-damage|p2a: Great Tusk|0 fnt
|faint|p2a: Great Tusk
|-end|p2a: Great Tusk|Protosynthesis|[silent]
|
|-ability|p1a: Yanmega|Speed Boost|boost
|-boost|p1a: Yanmega|spe|1
|upkeep
|
|t:|1758302744
|switch|p2a: Ribombee|Ribombee, F|100/100
|turn|11
|
|t:|1758302747
|move|p1a: Yanmega|Tera Blast|p2a: Ribombee|[anim] Tera Blast Fire
|-supereffective|p2a: Ribombee
|-enditem|p2a: Ribombee|Focus Sash
|-damage|p2a: Ribombee|1/100
|move|p2a: Ribombee|Moonblast|p1a: Yanmega
|-resisted|p1a: Yanmega
|-damage|p1a: Yanmega|0 fnt
|faint|p1a: Yanmega
|
|upkeep
|
|t:|1758302752
|switch|p1a: Darkrai|Darkrai|100/100
|turn|12
|
|t:|1758302758
|switch|p2a: Gholdengo|Gholdengo|100/100
|move|p1a: Darkrai|Dark Pulse|p2a: Gholdengo
|-supereffective|p2a: Gholdengo
|-damage|p2a: Gholdengo|0 fnt
|faint|p2a: Gholdengo
|
|upkeep
|
|t:|1758302763
|switch|p2a: Samurott|Samurott-Hisui, M|100/100
|turn|13
|
|t:|1758302767
|move|p1a: Darkrai|Will-O-Wisp|p2a: Samurott
|-status|p2a: Samurott|brn
|move|p2a: Samurott|Sacred Sword|p1a: Darkrai
|-supereffective|p1a: Darkrai
|-damage|p1a: Darkrai|12/100
|
|-damage|p2a: Samurott|94/100 brn|[from] brn
|upkeep
|turn|14
|
|t:|1758302774
|move|p1a: Darkrai|Sludge Bomb|p2a: Samurott
|-damage|p2a: Samurott|44/100 brn
|move|p2a: Samurott|Sacred Sword|p1a: Darkrai
|-supereffective|p1a: Darkrai
|-damage|p1a: Darkrai|0 fnt
|faint|p1a: Darkrai
|
|-damage|p2a: Samurott|38/100 brn|[from] brn
|upkeep
|
|t:|1758302780
|switch|p1a: Blaziken|Blaziken, M|100/100
|turn|15
|l|☆Bencarote
|inactive|Bencarote disconnected and has a minute to reconnect!
|player|p2|
|inactive|Bencarote has 30 seconds to reconnect!
|inactive|Bencarote has 20 seconds to reconnect!
|inactive|Bencarote has 15 seconds to reconnect!
|inactive|Bencarote has 10 seconds to reconnect!
|inactive|Bencarote has 5 seconds to reconnect!
|-message|Bencarote lost due to inactivity.
|
|win|constant sorrow
|raw|constant sorrow's rating: 1326 &rarr; <strong>1349</strong><br />(+23 for winning)
|raw|Bencarote's rating: 1370 &rarr; <strong>1347</strong><br />(-23 for losing)
|l|☆constant sorrow
|player|p1|
