|j|☆PossiblyJay
|j|☆Shoko_Akoo
|t:|1758316690
|gametype|singles
|player|p1|PossiblyJay|101|1127
|player|p2|Shoko_Akoo|benga|1131
|gen|9
|tier|[Gen 9] OU
|rated|
|rule|HP Percentage Mod: HP is shown in percentages
|rule|Endless Battle Clause: Forcing endless battles is banned
|rule|Species Clause: Limit one of each Pokémon
|rule|OHKO Clause: OHKO moves are banned
|rule|Evasion Items Clause: Evasion items are banned
|rule|Evasion Moves Clause: Evasion moves are banned
|rule|Evasion Abilities Clause: Evasion abilities are banned
|rule|Sleep Moves Clause: Sleep-inducing moves are banned
|clearpoke
|poke|p1|Chesnaught, M|
|poke|p1|Ribombee, F|
|poke|p1|Braviary, M|
|poke|p1|Flygon, F|
|poke|p1|Golduck, M|
|poke|p1|Magnezone|
|poke|p2|Garchomp, F|
|poke|p2|Ceruledge, M|
|poke|p2|Meowscarada, M|
|poke|p2|Conkeldurr, F|
|poke|p2|Toxtricity-Low-Key, M|
|poke|p2|Regidrago|
|teampreview
|inactive|Battle timer is ON: inactive players will automatically lose when time's up. (requested by PossiblyJay)
|
|t:|1758316703
|teamsize|p1|6
|teamsize|p2|6
|start
|switch|p1a: olaf|Chesnaught, M, shiny|100/100
|switch|p2a: Meowscarada|Meowscarada, M, shiny|100/100
|turn|1
|
|t:|1758316716
|move|p2a: Meowscarada|Triple Axel|p1a: olaf|[miss]
|-start|p2a: Meowscarada|typechange|Ice|[from] ability: Protean
|-miss|p2a: Meowscarada|p1a: olaf
|move|p1a: olaf|Drain Punch|p2a: Meowscarada
|-supereffective|p2a: Meowscarada
|-damage|p2a: Meowscarada|0 fnt
|faint|p2a: Meowscarada
|
|upkeep
|c|☆Shoko_Akoo|RNG💔😭
|c|☆PossiblyJay|rip 😭
|inactive|Shoko_Akoo has 120 seconds left.
|
|t:|1758316743
|switch|p2a: Regidrago|Regidrago|100/100
|turn|2
|
|t:|1758316748
|switch|p1a: spritz|Ribombee, F, shiny|100/100
|move|p2a: Regidrago|Ice Fang|p1a: spritz
|-damage|p1a: spritz|60/100
|
|upkeep
|turn|3
|
|t:|1758316759
|switch|p2a: Toxtricity|Toxtricity-Low-Key, M|100/100
|move|p1a: spritz|Sticky Web|p2a: Toxtricity
|-sidestart|p2: Shoko_Akoo|move: Sticky Web
|
|upkeep
|turn|4
|
|t:|1758316772
|switch|p1a: 🛸|Magnezone, shiny|100/100
|move|p2a: Toxtricity|Volt Switch|p1a: 🛸
|-resisted|p1a: 🛸
|-damage|p1a: 🛸|68/100
|inactive|Shoko_Akoo has 120 seconds left.
|
|t:|1758316784
|switch|p2a: Garchomp|Garchomp, F|100/100|[from] Volt Switch
|-activate|p2a: Garchomp|move: Sticky Web
|-unboost|p2a: Garchomp|spe|1
|
|-heal|p1a: 🛸|74/100|[from] item: Leftovers
|upkeep
|turn|5
|
|t:|1758316790
|switch|p1a: giant dragonfly|Flygon, F|100/100
|move|p2a: Garchomp|Stomping Tantrum|p1a: giant dragonfly
|-immune|p1a: giant dragonfly|[from] ability: Levitate
|
|upkeep
|turn|6
|
|t:|1758316800
|-terastallize|p2a: Garchomp|Steel
|move|p1a: giant dragonfly|Dragon Rush|p2a: Garchomp
|-resisted|p2a: Garchomp
|-damage|p2a: Garchomp|86/100
|-damage|p1a: giant dragonfly|88/100|[from] ability: Rough Skin|[of] p2a: Garchomp
|-damage|p1a: giant dragonfly|72/100|[from] item: Rocky Helmet|[of] p2a: Garchomp
|move|p2a: Garchomp|Dragon Claw|p1a: giant dragonfly
|-supereffective|p1a: giant dragonfly
|-damage|p1a: giant dragonfly|0 fnt
|faint|p1a: giant dragonfly
|
|upkeep
|
|t:|1758316814
|switch|p1a: olaf|Chesnaught, M, shiny|100/100
|turn|7
|
|t:|1758316825
|switch|p2a: Edge|Ceruledge, M, shiny|100/100
|-activate|p2a: Edge|move: Sticky Web
|-unboost|p2a: Edge|spe|1
|move|p1a: olaf|Bulk Up|p1a: olaf
|-boost|p1a: olaf|atk|1
|-boost|p1a: olaf|def|1
|
|upkeep
|turn|8
|
|t:|1758316834
|move|p2a: Edge|Swords Dance|p2a: Edge
|-boost|p2a: Edge|atk|2
|move|p1a: olaf|Bulk Up|p1a: olaf
|-boost|p1a: olaf|atk|1
|-boost|p1a: olaf|def|1
|
|upkeep
|turn|9
|
|t:|1758316842
|-terastallize|p1a: olaf|Rock
|move|p2a: Edge|Swords Dance|p2a: Edge
|-boost|p2a: Edge|atk|2
|move|p1a: olaf|Stone Edge|p2a: Edge
|-supereffective|p2a: Edge
|-enditem|p2a: Edge|Focus Sash
|-damage|p2a: Edge|1/100
|-ability|p2a: Edge|Weak Armor|boost
|-unboost|p2a: Edge|def|1
|-boost|p2a: Edge|spe|2
|
|upkeep
|turn|10
|c|☆Shoko_Akoo|It didn't work as I expected
|
|t:|1758316870
|move|p2a: Edge|Poltergeist|p1a: olaf|[miss]
|-miss|p2a: Edge|p1a: olaf
|move|p1a: olaf|Stone Edge|p2a: Edge
|-supereffective|p2a: Edge
|-crit|p2a: Edge
|-damage|p2a: Edge|0 fnt
|faint|p2a: Edge
|
|upkeep
|c|☆Shoko_Akoo|RNG😭💔
|inactive|Shoko_Akoo has 120 seconds left.
|c|☆PossiblyJay|dude that rng 💀
|c|☆PossiblyJay|ACTUALLY insane
|
|t:|1758316901
|switch|p2a: Conkeldurr|Conkeldurr, F|100/100
|-activate|p2a: Conkeldurr|move: Sticky Web
|-unboost|p2a: Conkeldurr|spe|1
|turn|11
|
|t:|1758316908
|move|p2a: Conkeldurr|Mach Punch|p1a: olaf
|-supereffective|p1a: olaf
|-damage|p1a: olaf|71/100
|-damage|p2a: Conkeldurr|84/100|[from] item: Rocky Helmet|[of] p1a: olaf
|-damage|p2a: Conkeldurr|74/100|[from] item: Life Orb
|move|p1a: olaf|Wood Hammer|p2a: Conkeldurr
|-damage|p2a: Conkeldurr|0 fnt
|faint|p2a: Conkeldurr
|-damage|p1a: olaf|43/100|[from] Recoil
|
|upkeep
|
|t:|1758316916
|switch|p2a: Toxtricity|Toxtricity-Low-Key, M|100/100
|-activate|p2a: Toxtricity|move: Sticky Web
|-unboost|p2a: Toxtricity|spe|1
|turn|12
|
|t:|1758316922
|move|p1a: olaf|Stone Edge|p2a: Toxtricity|[miss]
|-miss|p1a: olaf|p2a: Toxtricity
|move|p2a: Toxtricity|Boomburst|p1a: olaf
|-resisted|p1a: olaf
|-damage|p1a: olaf|0 fnt
|faint|p1a: olaf
|
|upkeep
|
|t:|1758316928
|switch|p1a: jet|Braviary, M, shiny|100/100
|turn|13
|inactive|Shoko_Akoo has 120 seconds left.
|c|☆Shoko_Akoo|Finally RNG helped me a little
|
|t:|1758316948
|move|p1a: jet|U-turn|p2a: Toxtricity
|-resisted|p2a: Toxtricity
|-damage|p2a: Toxtricity|85/100
|
|t:|1758316957
|switch|p1a: 🛸|Magnezone, shiny|74/100|[from] U-turn
|move|p2a: Toxtricity|Boomburst|p1a: 🛸
|-resisted|p1a: 🛸
|-damage|p1a: 🛸|19/100
|
|-heal|p1a: 🛸|25/100|[from] item: Leftovers
|upkeep
|turn|14
|inactive|Shoko_Akoo has 120 seconds left.
|c|☆PossiblyJay|DAM
|
|t:|1758316971
|move|p2a: Toxtricity|Boomburst|p1a: 🛸
|-resisted|p1a: 🛸
|-damage|p1a: 🛸|0 fnt
|faint|p1a: 🛸
|
|upkeep
|
|t:|1758316982
|switch|p1a: platypus|Golduck, M|100/100
|-ability|p1a: platypus|Cloud Nine
|turn|15
|
|t:|1758316992
|switch|p2a: Regidrago|Regidrago|100/100
|-activate|p2a: Regidrago|move: Sticky Web
|-unboost|p2a: Regidrago|spe|1
|move|p1a: platypus|Hydro Pump|p2a: Regidrago
|-resisted|p2a: Regidrago
|-damage|p2a: Regidrago|76/100
|
|upkeep
|turn|16
|
|t:|1758316997
|move|p1a: platypus|Ice Beam|p2a: Regidrago
|-supereffective|p2a: Regidrago
|-damage|p2a: Regidrago|15/100
|move|p2a: Regidrago|Dragon Dance|p2a: Regidrago
|-boost|p2a: Regidrago|atk|1
|-boost|p2a: Regidrago|spe|1
|
|upkeep
|turn|17
|inactive|Shoko_Akoo has 120 seconds left.
|c|☆Shoko_Akoo|I forgot about the possibility of an Ice Beam
|
|t:|1758317029
|move|p1a: platypus|Ice Beam|p2a: Regidrago
|-supereffective|p2a: Regidrago
|-damage|p2a: Regidrago|0 fnt
|faint|p2a: Regidrago
|
|upkeep
|c|☆PossiblyJay|its ok 😭
|
|t:|1758317032
|switch|p2a: Toxtricity|Toxtricity-Low-Key, M|85/100
|-activate|p2a: Toxtricity|move: Sticky Web
|-unboost|p2a: Toxtricity|spe|1
|turn|18
|
|t:|1758317040
|move|p1a: platypus|Hydro Pump|p2a: Toxtricity
|-damage|p2a: Toxtricity|26/100
|move|p2a: Toxtricity|Overdrive|p1a: platypus
|-supereffective|p1a: platypus
|-damage|p1a: platypus|0 fnt
|faint|p1a: platypus
|
|upkeep
|
|t:|1758317048
|switch|p1a: jet|Braviary, M, shiny|100/100
|turn|19
|
|t:|1758317053
|move|p1a: jet|Brave Bird|p2a: Toxtricity
|-resisted|p2a: Toxtricity
|-damage|p2a: Toxtricity|0 fnt
|faint|p2a: Toxtricity
|-damage|p1a: jet|92/100|[from] Recoil
|
|upkeep
|
|t:|1758317058
|switch|p2a: Garchomp|Garchomp, F, tera:Steel|86/100
|-activate|p2a: Garchomp|move: Sticky Web
|-unboost|p2a: Garchomp|spe|1
|turn|20
|c|☆PossiblyJay|gg tho
|c|☆Shoko_Akoo|F💔
|c|☆PossiblyJay|depsite that trash rng 😭
|
|t:|1758317074
|move|p1a: jet|Close Combat|p2a: Garchomp
|-supereffective|p2a: Garchomp
|-damage|p2a: Garchomp|28/100
|-unboost|p1a: jet|def|1
|-unboost|p1a: jet|spd|1
|-damage|p1a: jet|79/100|[from] ability: Rough Skin|[of] p2a: Garchomp
|-damage|p1a: jet|63/100|[from] item: Rocky Helmet|[of] p2a: Garchomp
|move|p2a: Garchomp|Dragon Claw|p1a: jet
|-damage|p1a: jet|0 fnt
|faint|p1a: jet
|
|upkeep
|
|t:|1758317084
|switch|p1a: spritz|Ribombee, F, shiny|60/100
|turn|21
|c|☆Shoko_Akoo|An RNG miracle could happen now💔
|
|t:|1758317109
|move|p1a: spritz|Moonblast|p2a: Garchomp
|-resisted|p2a: Garchomp
|-damage|p2a: Garchomp|7/100
|move|p2a: Garchomp|Stomping Tantrum|p1a: spritz
|-resisted|p1a: spritz
|-damage|p1a: spritz|26/100
|
|upkeep
|turn|22
|c|☆PossiblyJay|😭😭😭😭 it even ate it
|inactive|Shoko_Akoo has 120 seconds left.
|inactive|Shoko_Akoo has 90 seconds left.
|c|☆Shoko_Akoo|I could have used Shadow claw and won
|c|☆PossiblyJay|honestly still gg tho we at least both got down to one mon left 🙏
|c|☆Shoko_Akoo|Because my brain doesn't work😔
|
|t:|1758317182
|move|p1a: spritz|Moonblast|p2a: Garchomp
|-resisted|p2a: Garchomp
|-damage|p2a: Garchomp|0 fnt
|faint|p2a: Garchomp
|
|win|PossiblyJay
|raw|PossiblyJay's rating: 1127 &rarr; <strong>1152</strong><br />(+25 for winning)
|raw|Shoko_Akoo's rating: 1131 &rarr; <strong>1106</strong><br />(-25 for losing)
|c|☆PossiblyJay|its alr i get that 🫶
|c|☆Shoko_Akoo|GG
|c|☆PossiblyJay|ggg
|c|☆PossiblyJay|i mess up too with teams no harm
|c|☆Shoko_Akoo|Calm down, I'm translating
|c|☆Shoko_Akoo|I am Brazilian
|c|☆PossiblyJay|😓 like i refuse to ever use legends or mythics
|c|☆PossiblyJay|OH ur
|c|☆PossiblyJay|ur fine dw
|c|☆PossiblyJay|also W brazil 🇧🇷
|c|☆Shoko_Akoo|Let's go one more
|c|☆Shoko_Akoo|Using another team
|c|☆PossiblyJay|ooo sure
|c|☆Shoko_Akoo|Normally this is the team I always use, however, I can use others I think
|l|☆PossiblyJay
|player|p1|
|l|☆Shoko_Akoo
|player|p2|
