|j|☆CherylBush
|j|☆Oreoinabox
|t:|1758249674
|gametype|singles
|player|p1|CherylBush|mallow-masters|1532
|player|p2|Oreoinabox|266|1497
|gen|9
|tier|[Gen 9] OU
|rated|
|rule|HP Percentage Mod: HP is shown in percentages
|rule|Endless Battle Clause: Forcing endless battles is banned
|rule|Species Clause: Limit one of each Pokémon
|rule|OHKO Clause: OHKO moves are banned
|rule|Evasion Items Clause: Evasion items are banned
|rule|Evasion Moves Clause: Evasion moves are banned
|rule|Evasion Abilities Clause: Evasion abilities are banned
|rule|Sleep Moves Clause: Sleep-inducing moves are banned
|clearpoke
|poke|p1|Landorus-Therian, M|
|poke|p1|Skeledirge, M|
|poke|p1|Skarmory, M|
|poke|p1|Hydrapple, M|
|poke|p1|Samurott-Hisui, M|
|poke|p1|Fezandipiti, M|
|poke|p2|Iron Thorns|
|poke|p2|Araquanid, F|
|poke|p2|Blastoise, F|
|poke|p2|Corviknight, F|
|poke|p2|Meowscarada, M|
|poke|p2|Great Tusk|
|teampreview
|inactive|Battle timer is ON: inactive players will automatically lose when time's up. (requested by Oreoinabox)
|
|t:|1758249684
|teamsize|p1|6
|teamsize|p2|6
|start
|switch|p1a: Samurott|Samurott-Hisui, M, shiny|100/100
|switch|p2a: Araquanid|Araquanid, F|100/100
|turn|1
|
|t:|1758249688
|move|p1a: Samurott|Ceaseless Edge|p2a: Araquanid|[miss]
|-miss|p1a: Samurott|p2a: Araquanid
|move|p2a: Araquanid|Sticky Web|p1a: Samurott
|-sidestart|p1: CherylBush|move: Sticky Web
|
|upkeep
|turn|2
|
|t:|1758249696
|move|p1a: Samurott|Ceaseless Edge|p2a: Araquanid
|-damage|p2a: Araquanid|48/100
|-sidestart|p2: Oreoinabox|Spikes
|move|p2a: Araquanid|Leech Life|p1a: Samurott
|-supereffective|p1a: Samurott
|-damage|p1a: Samurott|21/100
|-heal|p2a: Araquanid|85/100|[from] drain|[of] p1a: Samurott
|
|upkeep
|turn|3
|
|t:|1758249703
|move|p1a: Samurott|Ceaseless Edge|p2a: Araquanid|[miss]
|-miss|p1a: Samurott|p2a: Araquanid
|move|p2a: Araquanid|Leech Life|p1a: Samurott
|-supereffective|p1a: Samurott
|-damage|p1a: Samurott|0 fnt
|-heal|p2a: Araquanid|95/100|[from] drain|[of] p1a: Samurott
|faint|p1a: Samurott
|
|upkeep
|
|t:|1758249717
|switch|p1a: Skarmory|Skarmory, M, shiny|100/100
|turn|4
|
|t:|1758249721
|switch|p2a: Iron Thorns|Iron Thorns|100/100
|-damage|p2a: Iron Thorns|88/100|[from] Spikes
|-enditem|p2a: Iron Thorns|Booster Energy
|-activate|p2a: Iron Thorns|ability: Quark Drive|[fromitem]
|-start|p2a: Iron Thorns|quarkdriveatk
|move|p1a: Skarmory|Stealth Rock|p2a: Iron Thorns
|-sidestart|p2: Oreoinabox|move: Stealth Rock
|
|upkeep
|turn|5
|
|t:|1758249747
|move|p2a: Iron Thorns|Dragon Dance|p2a: Iron Thorns
|-boost|p2a: Iron Thorns|atk|1
|-boost|p2a: Iron Thorns|spe|1
|move|p1a: Skarmory|Body Press|p2a: Iron Thorns
|-supereffective|p2a: Iron Thorns
|-damage|p2a: Iron Thorns|27/100
|
|upkeep
|turn|6
|
|t:|1758249755
|switch|p1a: Landorus|Landorus-Therian, M, shiny|100/100
|-ability|p1a: Landorus|Intimidate|boost
|-unboost|p2a: Iron Thorns|atk|1
|-terastallize|p2a: Iron Thorns|Flying
|move|p2a: Iron Thorns|Supercell Slam|p1a: Landorus
|-immune|p1a: Landorus
|-damage|p2a: Iron Thorns|0 fnt|[from] supercellslam
|faint|p2a: Iron Thorns
|-end|p2a: Iron Thorns|Quark Drive|[silent]
|
|upkeep
|
|t:|1758249765
|switch|p2a: Blastoise|Blastoise, F|100/100
|-damage|p2a: Blastoise|88/100|[from] Spikes
|-damage|p2a: Blastoise|76/100|[from] Stealth Rock
|turn|7
|
|t:|1758249776
|move|p1a: Landorus|U-turn|p2a: Blastoise
|-damage|p2a: Blastoise|48/100
|
|t:|1758249780
|switch|p1a: Fez Boi|Fezandipiti, M|100/100|[from] U-turn
|move|p2a: Blastoise|Shell Smash|p2a: Blastoise
|-unboost|p2a: Blastoise|def|1
|-unboost|p2a: Blastoise|spd|1
|-boost|p2a: Blastoise|atk|2
|-boost|p2a: Blastoise|spa|2
|-boost|p2a: Blastoise|spe|2
|-enditem|p2a: Blastoise|White Herb
|-clearnegativeboost|p2a: Blastoise|[silent]
|
|upkeep
|turn|8
|
|t:|1758249786
|-terastallize|p1a: Fez Boi|Water
|move|p2a: Blastoise|Surf|p1a: Fez Boi
|-resisted|p1a: Fez Boi
|-damage|p1a: Fez Boi|79/100
|move|p1a: Fez Boi|Calm Mind|p1a: Fez Boi
|-boost|p1a: Fez Boi|spa|1
|-boost|p1a: Fez Boi|spd|1
|
|upkeep
|turn|9
|
|t:|1758249792
|move|p2a: Blastoise|Shell Smash|p2a: Blastoise
|-unboost|p2a: Blastoise|def|1
|-unboost|p2a: Blastoise|spd|1
|-boost|p2a: Blastoise|atk|2
|-boost|p2a: Blastoise|spa|2
|-boost|p2a: Blastoise|spe|2
|move|p1a: Fez Boi|Moonblast|p2a: Blastoise
|-damage|p2a: Blastoise|0 fnt
|faint|p2a: Blastoise
|
|upkeep
|
|t:|1758249795
|switch|p2a: Meowscarada|Meowscarada, M|100/100
|-damage|p2a: Meowscarada|88/100|[from] Spikes
|-damage|p2a: Meowscarada|76/100|[from] Stealth Rock
|turn|10
|
|t:|1758249800
|switch|p1a: Skarmory|Skarmory, M, shiny|100/100
|move|p2a: Meowscarada|Knock Off|p1a: Skarmory
|-start|p2a: Meowscarada|typechange|Dark|[from] ability: Protean
|-damage|p1a: Skarmory|62/100
|-damage|p2a: Meowscarada|60/100|[from] item: Rocky Helmet|[of] p1a: Skarmory
|-enditem|p1a: Skarmory|Rocky Helmet|[from] move: Knock Off|[of] p2a: Meowscarada
|
|upkeep
|turn|11
|
|t:|1758249805
|switch|p2a: Araquanid|Araquanid, F|95/100
|-damage|p2a: Araquanid|83/100|[from] Spikes
|-damage|p2a: Araquanid|58/100|[from] Stealth Rock
|move|p1a: Skarmory|Roost|p1a: Skarmory
|-heal|p1a: Skarmory|100/100
|-singleturn|p1a: Skarmory|move: Roost
|
|upkeep
|turn|12
|
|t:|1758249808
|move|p1a: Skarmory|Brave Bird|p2a: Araquanid
|-supereffective|p2a: Araquanid
|-damage|p2a: Araquanid|0 fnt
|faint|p2a: Araquanid
|-damage|p1a: Skarmory|81/100|[from] Recoil
|
|upkeep
|
|t:|1758249813
|switch|p2a: Great Tusk|Great Tusk|100/100
|-damage|p2a: Great Tusk|88/100|[from] Spikes
|-damage|p2a: Great Tusk|85/100|[from] Stealth Rock
|turn|13
|
|t:|1758249819
|move|p2a: Great Tusk|Rapid Spin|p1a: Skarmory
|-resisted|p1a: Skarmory
|-damage|p1a: Skarmory|76/100
|-boost|p2a: Great Tusk|spe|1
|-sideend|p2: Oreoinabox|Spikes|[from] move: Rapid Spin|[of] p2a: Great Tusk
|-sideend|p2: Oreoinabox|Stealth Rock|[from] move: Rapid Spin|[of] p2a: Great Tusk
|move|p1a: Skarmory|Brave Bird|p2a: Great Tusk
|-supereffective|p2a: Great Tusk
|-crit|p2a: Great Tusk
|-damage|p2a: Great Tusk|14/100
|-damage|p1a: Skarmory|50/100|[from] Recoil
|
|upkeep
|turn|14
|
|t:|1758249824
|move|p2a: Great Tusk|Close Combat|p1a: Skarmory
|-damage|p1a: Skarmory|14/100
|-unboost|p2a: Great Tusk|def|1
|-unboost|p2a: Great Tusk|spd|1
|move|p1a: Skarmory|Stealth Rock|p2a: Great Tusk
|-sidestart|p2: Oreoinabox|move: Stealth Rock
|
|upkeep
|turn|15
|
|t:|1758249833
|move|p2a: Great Tusk|Close Combat|p1a: Skarmory
|-damage|p1a: Skarmory|0 fnt
|-unboost|p2a: Great Tusk|def|1
|-unboost|p2a: Great Tusk|spd|1
|faint|p1a: Skarmory
|
|upkeep
|
|t:|1758249836
|switch|p1a: Landorus|Landorus-Therian, M, shiny|100/100
|-ability|p1a: Landorus|Intimidate|boost
|-unboost|p2a: Great Tusk|atk|1
|turn|16
|
|t:|1758249842
|move|p1a: Landorus|U-turn|p2a: Great Tusk
|-resisted|p2a: Great Tusk
|-damage|p2a: Great Tusk|0 fnt
|faint|p2a: Great Tusk
|-end|p2a: Great Tusk|Protosynthesis|[silent]
|
|t:|1758249848
|switch|p1a: Skeledirge|Skeledirge, M, shiny|100/100|[from] U-turn
|
|upkeep
|
|t:|1758249851
|switch|p2a: Meowscarada|Meowscarada, M|60/100
|-damage|p2a: Meowscarada|47/100|[from] Stealth Rock
|turn|17
|
|t:|1758249854
|move|p2a: Meowscarada|Knock Off|p1a: Skeledirge
|-start|p2a: Meowscarada|typechange|Dark|[from] ability: Protean
|-supereffective|p1a: Skeledirge
|-damage|p1a: Skeledirge|4/100
|-enditem|p1a: Skeledirge|Heavy-Duty Boots|[from] move: Knock Off|[of] p2a: Meowscarada
|move|p1a: Skeledirge|Torch Song|p2a: Meowscarada
|-damage|p2a: Meowscarada|3/100
|-boost|p1a: Skeledirge|spa|1
|
|upkeep
|turn|18
|
|t:|1758249862
|move|p2a: Meowscarada|Knock Off|p1a: Skeledirge
|-supereffective|p1a: Skeledirge
|-damage|p1a: Skeledirge|0 fnt
|faint|p1a: Skeledirge
|
|upkeep
|
|t:|1758249863
|switch|p1a: Landorus|Landorus-Therian, M, shiny|100/100
|-ability|p1a: Landorus|Intimidate|boost
|-unboost|p2a: Meowscarada|atk|1
|turn|19
|
|t:|1758249867
|switch|p2a: Corviknight|Corviknight, F|100/100
|-damage|p2a: Corviknight|88/100|[from] Stealth Rock
|-ability|p2a: Corviknight|Pressure
|move|p1a: Landorus|U-turn|p2a: Corviknight
|-resisted|p2a: Corviknight
|-damage|p2a: Corviknight|84/100
|-damage|p1a: Landorus|84/100|[from] item: Rocky Helmet|[of] p2a: Corviknight
|
|t:|1758249874
|switch|p1a: Fez Boi|Fezandipiti, M, tera:Water|79/100|[from] U-turn
|
|upkeep
|turn|20
|
|t:|1758249880
|move|p1a: Fez Boi|Calm Mind|p1a: Fez Boi
|-boost|p1a: Fez Boi|spa|1
|-boost|p1a: Fez Boi|spd|1
|move|p2a: Corviknight|Defog|p1a: Fez Boi
|-unboost|p1a: Fez Boi|evasion|1
|-sideend|p1: CherylBush|Sticky Web|[from] move: Defog|[of] p2a: Corviknight
|-sideend|p2: Oreoinabox|Stealth Rock|[from] move: Defog|[of] p2a: Corviknight
|
|upkeep
|turn|21
|
|t:|1758249883
|move|p1a: Fez Boi|Heat Wave|p2a: Corviknight|[miss]
|-miss|p1a: Fez Boi|p2a: Corviknight
|move|p2a: Corviknight|Brave Bird|p1a: Fez Boi
|-damage|p1a: Fez Boi|39/100
|-damage|p2a: Corviknight|71/100|[from] Recoil
|
|upkeep
|turn|22
|
|t:|1758249889
|move|p1a: Fez Boi|Roost|p1a: Fez Boi
|-heal|p1a: Fez Boi|89/100
|move|p2a: Corviknight|U-turn|p1a: Fez Boi
|-damage|p1a: Fez Boi|74/100
|
|t:|1758249891
|switch|p2a: Meowscarada|Meowscarada, M|3/100|[from] U-turn
|
|upkeep
|turn|23
|
|t:|1758249901
|switch|p1a: Leviathan|Hydrapple, M, shiny|100/100
|move|p2a: Meowscarada|Flower Trick|p1a: Leviathan
|-start|p2a: Meowscarada|typechange|Grass|[from] ability: Protean
|-resisted|p1a: Leviathan
|-crit|p1a: Leviathan
|-damage|p1a: Leviathan|89/100
|
|upkeep
|turn|24
|
|t:|1758249909
|switch|p2a: Corviknight|Corviknight, F|71/100
|-ability|p2a: Corviknight|Pressure
|move|p1a: Leviathan|Giga Drain|p2a: Corviknight
|-resisted|p2a: Corviknight
|-damage|p2a: Corviknight|64/100
|-heal|p1a: Leviathan|92/100|[from] drain|[of] p2a: Corviknight
|
|upkeep
|turn|25
|
|t:|1758249915
|move|p2a: Corviknight|Roost|p2a: Corviknight
|-heal|p2a: Corviknight|100/100
|-singleturn|p2a: Corviknight|move: Roost
|move|p1a: Leviathan|Nasty Plot|p1a: Leviathan
|-boost|p1a: Leviathan|spa|2
|
|upkeep
|turn|26
|
|t:|1758249919
|move|p2a: Corviknight|Brave Bird|p1a: Leviathan
|-supereffective|p1a: Leviathan
|-damage|p1a: Leviathan|44/100
|-damage|p2a: Corviknight|84/100|[from] Recoil
|move|p1a: Leviathan|Fickle Beam|p2a: Corviknight
|-resisted|p2a: Corviknight
|-crit|p2a: Corviknight
|-damage|p2a: Corviknight|39/100
|
|upkeep
|turn|27
|
|t:|1758249925
|move|p2a: Corviknight|Roost|p2a: Corviknight
|-heal|p2a: Corviknight|89/100
|-singleturn|p2a: Corviknight|move: Roost
|move|p1a: Leviathan|Earth Power|p2a: Corviknight
|-supereffective|p2a: Corviknight
|-damage|p2a: Corviknight|8/100
|
|upkeep
|turn|28
|
|t:|1758249934
|switch|p1a: Fez Boi|Fezandipiti, M, tera:Water|74/100
|move|p2a: Corviknight|U-turn|p1a: Fez Boi
|-damage|p1a: Fez Boi|58/100
|
|t:|1758249936
|switch|p2a: Meowscarada|Meowscarada, M|3/100|[from] U-turn
|
|upkeep
|turn|29
|
|t:|1758249950
|switch|p1a: Leviathan|Hydrapple, M, shiny|77/100
|move|p2a: Meowscarada|Knock Off|p1a: Leviathan
|-start|p2a: Meowscarada|typechange|Dark|[from] ability: Protean
|-damage|p1a: Leviathan|36/100
|-enditem|p1a: Leviathan|Heavy-Duty Boots|[from] move: Knock Off|[of] p2a: Meowscarada
|
|upkeep
|turn|30
|
|t:|1758249958
|move|p2a: Meowscarada|Knock Off|p1a: Leviathan
|-damage|p1a: Leviathan|5/100
|move|p1a: Leviathan|Fickle Beam|p2a: Meowscarada
|-crit|p2a: Meowscarada
|-damage|p2a: Meowscarada|0 fnt
|faint|p2a: Meowscarada
|
|upkeep
|
|t:|1758249960
|switch|p2a: Corviknight|Corviknight, F|8/100
|-ability|p2a: Corviknight|Pressure
|turn|31
|
|t:|1758249964
|switch|p1a: Fez Boi|Fezandipiti, M, tera:Water|58/100
|move|p2a: Corviknight|Roost|p2a: Corviknight
|-heal|p2a: Corviknight|58/100
|-singleturn|p2a: Corviknight|move: Roost
|
|upkeep
|turn|32
|
|t:|1758249969
|move|p1a: Fez Boi|Calm Mind|p1a: Fez Boi
|-boost|p1a: Fez Boi|spa|1
|-boost|p1a: Fez Boi|spd|1
|move|p2a: Corviknight|Brave Bird|p1a: Fez Boi
|-damage|p1a: Fez Boi|20/100
|-damage|p2a: Corviknight|46/100|[from] Recoil
|
|upkeep
|turn|33
|
|t:|1758249971
|move|p1a: Fez Boi|Roost|p1a: Fez Boi
|-heal|p1a: Fez Boi|70/100
|move|p2a: Corviknight|Brave Bird|p1a: Fez Boi
|-damage|p1a: Fez Boi|33/100
|-damage|p2a: Corviknight|34/100|[from] Recoil
|
|upkeep
|turn|34
|
|t:|1758249974
|move|p1a: Fez Boi|Roost|p1a: Fez Boi
|-heal|p1a: Fez Boi|83/100
|move|p2a: Corviknight|Brave Bird|p1a: Fez Boi
|-damage|p1a: Fez Boi|46/100
|-damage|p2a: Corviknight|22/100|[from] Recoil
|
|upkeep
|turn|35
|
|t:|1758249977
|move|p1a: Fez Boi|Heat Wave|p2a: Corviknight
|-supereffective|p2a: Corviknight
|-damage|p2a: Corviknight|0 fnt
|faint|p2a: Corviknight
|
|win|CherylBush
|raw|CherylBush's rating: 1532 &rarr; <strong>1550</strong><br />(+18 for winning)
|raw|Oreoinabox's rating: 1497 &rarr; <strong>1479</strong><br />(-18 for losing)
|l|☆Oreoinabox
|player|p2|
|l|☆CherylBush
|player|p1|
