|badge|p2|silver|gen9ru|30-6
|uhtml|medal-msg|<div class="broadcast-blue">Curious what those medals under the avatar are? PS now has Ladder Seasons! For more information, check out the <a href="https://www.smogon.com/forums/threads/3740067/">thread on Smogon.</a></div>
|j|☆bottom drawer
|j|☆JoelMasterX@!
|inactive|Battle timer is ON: inactive players will automatically lose when time's up.
|t:|1758311799
|gametype|singles
|player|p1|bottom drawer|169|
|player|p2|JoelMasterX|carmine-festival|
|gen|9
|tier|[Gen 9] OU
|rated|Tournament battle
|rule|HP Percentage Mod: HP is shown in percentages
|rule|Endless Battle Clause: Forcing endless battles is banned
|rule|Species Clause: Limit one of each Pokémon
|rule|OHKO Clause: OHKO moves are banned
|rule|Evasion Items Clause: Evasion items are banned
|rule|Evasion Moves Clause: Evasion moves are banned
|rule|Evasion Abilities Clause: Evasion abilities are banned
|rule|Sleep Moves Clause: Sleep-inducing moves are banned
|clearpoke
|poke|p1|Rillaboom, F|
|poke|p1|Hawlucha, F|
|poke|p1|Raging Bolt|
|poke|p1|Corviknight, F|
|poke|p1|Slowking-Galar, F|
|poke|p1|Weavile, F|
|poke|p2|Meowscarada, F|
|poke|p2|Gholdengo|
|poke|p2|Slowking-Galar, M|
|poke|p2|Ting-Lu|
|poke|p2|Dragonite, M|
|poke|p2|Great Tusk|
|teampreview
|j|*Lady Monita ☀
|c|☆JoelMasterX|glhf
|c|☆bottom drawer|gl!
|
|t:|1758311827
|teamsize|p1|6
|teamsize|p2|6
|start
|switch|p1a: WADE|Rillaboom, F|100/100
|switch|p2a: Meowscarada|Meowscarada, F|100/100
|-fieldstart|move: Grassy Terrain|[from] ability: Grassy Surge|[of] p1a: WADE
|turn|1
|
|t:|1758311836
|switch|p1a: steph corvi|Corviknight, F|100/100
|-ability|p1a: steph corvi|Pressure
|move|p2a: Meowscarada|Knock Off|p1a: steph corvi
|-start|p2a: Meowscarada|typechange|Dark|[from] ability: Protean
|-damage|p1a: steph corvi|61/100
|-damage|p2a: Meowscarada|84/100|[from] item: Rocky Helmet|[of] p1a: steph corvi
|-enditem|p1a: steph corvi|Rocky Helmet|[from] move: Knock Off|[of] p2a: Meowscarada
|
|-heal|p2a: Meowscarada|90/100|[from] Grassy Terrain
|upkeep
|turn|2
|
|t:|1758311846
|switch|p2a: Great Tusk|Great Tusk|100/100
|move|p1a: steph corvi|U-turn|p2a: Great Tusk
|-resisted|p2a: Great Tusk
|-damage|p2a: Great Tusk|95/100
|
|t:|1758311862
|switch|p1a: WADE|Rillaboom, F|100/100|[from] U-turn
|
|-heal|p2a: Great Tusk|100/100|[from] Grassy Terrain
|upkeep
|turn|3
|inactive|bottom drawer has 120 seconds left.
|
|t:|1758311891
|-end|p2a: Great Tusk|Protosynthesis|[silent]
|switch|p2a: Slowking|Slowking-Galar, M|100/100
|-terastallize|p1a: WADE|Grass
|move|p1a: WADE|Wood Hammer|p2a: Slowking
|-resisted|p2a: Slowking
|-damage|p2a: Slowking|34/100
|-damage|p1a: WADE|75/100|[from] Recoil
|
|-heal|p1a: WADE|81/100|[from] Grassy Terrain
|-heal|p2a: Slowking|40/100|[from] Grassy Terrain
|upkeep
|turn|4
|
|t:|1758311899
|switch|p2a: Dragonite|Dragonite, M|100/100
|move|p1a: WADE|Wood Hammer|p2a: Dragonite
|-resisted|p2a: Dragonite
|-damage|p2a: Dragonite|77/100
|-damage|p1a: WADE|73/100|[from] Recoil
|
|-heal|p1a: WADE|79/100|[from] Grassy Terrain
|upkeep
|turn|5
|
|t:|1758311908
|move|p1a: WADE|Wood Hammer|p2a: Dragonite
|-resisted|p2a: Dragonite
|-damage|p2a: Dragonite|32/100
|-damage|p1a: WADE|64/100|[from] Recoil
|move|p2a: Dragonite|Roost|p2a: Dragonite
|-heal|p2a: Dragonite|82/100
|-singleturn|p2a: Dragonite|move: Roost
|
|-heal|p1a: WADE|71/100|[from] Grassy Terrain
|-heal|p2a: Dragonite|88/100|[from] Grassy Terrain
|-fieldend|move: Grassy Terrain
|upkeep
|turn|6
|
|t:|1758311926
|switch|p1a: steph corvi|Corviknight, F|61/100
|-ability|p1a: steph corvi|Pressure
|move|p2a: Dragonite|Roost|p2a: Dragonite
|-heal|p2a: Dragonite|100/100
|-singleturn|p2a: Dragonite|move: Roost
|
|upkeep
|turn|7
|
|t:|1758311931
|switch|p2a: Great Tusk|Great Tusk|100/100
|move|p1a: steph corvi|U-turn|p2a: Great Tusk
|-resisted|p2a: Great Tusk
|-damage|p2a: Great Tusk|95/100
|
|t:|1758311934
|switch|p1a: WADE|Rillaboom, F, tera:Grass|71/100|[from] U-turn
|-fieldstart|move: Grassy Terrain|[from] ability: Grassy Surge|[of] p1a: WADE
|
|-heal|p2a: Great Tusk|100/100|[from] Grassy Terrain
|-heal|p1a: WADE|77/100|[from] Grassy Terrain
|upkeep
|turn|8
|
|t:|1758311941
|-end|p2a: Great Tusk|Protosynthesis|[silent]
|switch|p2a: Dragonite|Dragonite, M|100/100
|move|p1a: WADE|U-turn|p2a: Dragonite
|-resisted|p2a: Dragonite
|-damage|p2a: Dragonite|90/100
|
|t:|1758311947
|switch|p1a: LEBRON|Hawlucha, F|100/100|[from] U-turn
|-enditem|p1a: LEBRON|Grassy Seed
|-boost|p1a: LEBRON|def|1|[from] item: Grassy Seed
|
|upkeep
|turn|9
|
|t:|1758311963
|move|p1a: LEBRON|Swords Dance|p1a: LEBRON
|-boost|p1a: LEBRON|atk|2
|move|p2a: Dragonite|Dragon Dance|p2a: Dragonite
|-boost|p2a: Dragonite|atk|1
|-boost|p2a: Dragonite|spe|1
|
|upkeep
|turn|10
|
|t:|1758311968
|-terastallize|p2a: Dragonite|Normal
|move|p2a: Dragonite|Extreme Speed|p1a: LEBRON
|-damage|p1a: LEBRON|39/100
|move|p1a: LEBRON|Encore|p2a: Dragonite
|-start|p2a: Dragonite|Encore
|
|-heal|p2a: Dragonite|96/100|[from] Grassy Terrain
|upkeep
|turn|11
|
|t:|1758311979
|switch|p1a: steph corvi|Corviknight, F|61/100
|-ability|p1a: steph corvi|Pressure
|move|p2a: Dragonite|Extreme Speed|p1a: steph corvi
|-resisted|p1a: steph corvi
|-damage|p1a: steph corvi|40/100
|
|-heal|p2a: Dragonite|100/100|[from] Grassy Terrain
|-fieldend|move: Grassy Terrain
|upkeep
|turn|12
|
|t:|1758311989
|switch|p2a: Great Tusk|Great Tusk|100/100
|move|p1a: steph corvi|Roost|p1a: steph corvi
|-heal|p1a: steph corvi|90/100
|-singleturn|p1a: steph corvi|move: Roost
|
|upkeep
|turn|13
|
|t:|1758311992
|move|p2a: Great Tusk|Stealth Rock|p1a: steph corvi
|-sidestart|p1: bottom drawer|move: Stealth Rock
|move|p1a: steph corvi|Brave Bird|p2a: Great Tusk
|-supereffective|p2a: Great Tusk
|-damage|p2a: Great Tusk|46/100
|-damage|p1a: steph corvi|73/100|[from] Recoil
|
|upkeep
|turn|14
|
|t:|1758311999
|-end|p2a: Great Tusk|Protosynthesis|[silent]
|switch|p2a: Gholdengo|Gholdengo|100/100
|move|p1a: steph corvi|Defog|p2a: Gholdengo
|-immune|p2a: Gholdengo|[from] ability: Good as Gold
|
|upkeep
|turn|15
|j| Porygon200000
|l| Porygon200000
|
|t:|1758312006
|switch|p1a: glowk glowk 3000|Slowking-Galar, F|100/100
|-damage|p1a: glowk glowk 3000|88/100|[from] Stealth Rock
|move|p2a: Gholdengo|Shadow Ball|p1a: glowk glowk 3000
|-supereffective|p1a: glowk glowk 3000
|-damage|p1a: glowk glowk 3000|48/100
|
|upkeep
|turn|16
|
|t:|1758312010
|move|p2a: Gholdengo|Shadow Ball|p1a: glowk glowk 3000
|-supereffective|p1a: glowk glowk 3000
|-damage|p1a: glowk glowk 3000|9/100
|move|p1a: glowk glowk 3000|Flamethrower|p2a: Gholdengo
|-supereffective|p2a: Gholdengo
|-damage|p2a: Gholdengo|34/100
|
|upkeep
|turn|17
|
|t:|1758312026
|switch|p1a: Weavile|Weavile, F|100/100
|-ability|p1a: Weavile|Pressure
|move|p2a: Gholdengo|Shadow Ball|p1a: Weavile
|-resisted|p1a: Weavile
|-damage|p1a: Weavile|71/100
|
|upkeep
|turn|18
|
|t:|1758312036
|switch|p2a: Great Tusk|Great Tusk|46/100
|move|p1a: Weavile|Swords Dance|p1a: Weavile
|-boost|p1a: Weavile|atk|2
|
|upkeep
|turn|19
|
|t:|1758312042
|move|p1a: Weavile|Ice Shard|p2a: Great Tusk
|-supereffective|p2a: Great Tusk
|-damage|p2a: Great Tusk|0 fnt
|faint|p2a: Great Tusk
|-end|p2a: Great Tusk|Protosynthesis|[silent]
|
|upkeep
|
|t:|1758312044
|switch|p2a: Gholdengo|Gholdengo|34/100
|turn|20
|c|☆bottom drawer|scarf ?
|inactive|bottom drawer has 120 seconds left.
|inactive|bottom drawer has 90 seconds left.
|
|t:|1758312116
|move|p1a: Weavile|Ice Shard|p2a: Gholdengo
|-resisted|p2a: Gholdengo
|-damage|p2a: Gholdengo|10/100
|move|p2a: Gholdengo|Make It Rain|p1a: Weavile
|-supereffective|p1a: Weavile
|-damage|p1a: Weavile|0 fnt
|-unboost|p2a: Gholdengo|spa|1
|faint|p1a: Weavile
|
|upkeep
|
|t:|1758312125
|switch|p1a: steph corvi|Corviknight, F|73/100
|-damage|p1a: steph corvi|61/100|[from] Stealth Rock
|-ability|p1a: steph corvi|Pressure
|turn|21
|
|t:|1758312132
|switch|p2a: Slowking|Slowking-Galar, M|73/100
|move|p1a: steph corvi|Roost|p1a: steph corvi
|-heal|p1a: steph corvi|100/100
|-singleturn|p1a: steph corvi|move: Roost
|
|upkeep
|turn|22
|
|t:|1758312139
|switch|p2a: Gholdengo|Gholdengo|10/100
|move|p1a: steph corvi|Defog|p2a: Gholdengo
|-immune|p2a: Gholdengo|[from] ability: Good as Gold
|
|upkeep
|turn|23
|
|t:|1758312147
|move|p2a: Gholdengo|Trick|p1a: steph corvi
|-activate|p2a: Gholdengo|move: Trick|[of] p1a: steph corvi
|-item|p1a: steph corvi|Choice Scarf|[from] move: Trick
|-enditem|p2a: Gholdengo|Choice Scarf|[silent]|[from] move: Trick
|move|p1a: steph corvi|Brave Bird|p2a: Gholdengo
|-resisted|p2a: Gholdengo
|-damage|p2a: Gholdengo|0 fnt
|faint|p2a: Gholdengo
|-damage|p1a: steph corvi|98/100|[from] Recoil
|
|upkeep
|
|t:|1758312157
|switch|p2a: Dragonite|Dragonite, M, tera:Normal|100/100
|turn|24
|
|t:|1758312170
|move|p1a: steph corvi|Brave Bird|p2a: Dragonite
|-damage|p2a: Dragonite|81/100
|-damage|p1a: steph corvi|92/100|[from] Recoil
|move|p2a: Dragonite|Dragon Dance|p2a: Dragonite
|-boost|p2a: Dragonite|atk|1
|-boost|p2a: Dragonite|spe|1
|
|upkeep
|turn|25
|
|t:|1758312177
|move|p2a: Dragonite|Dragon Dance|p2a: Dragonite
|-boost|p2a: Dragonite|atk|1
|-boost|p2a: Dragonite|spe|1
|move|p1a: steph corvi|Brave Bird|p2a: Dragonite
|-damage|p2a: Dragonite|43/100
|-damage|p1a: steph corvi|81/100|[from] Recoil
|
|upkeep
|turn|26
|
|t:|1758312181
|move|p2a: Dragonite|Roost|p2a: Dragonite
|-heal|p2a: Dragonite|93/100
|move|p1a: steph corvi|Brave Bird|p2a: Dragonite
|-damage|p2a: Dragonite|58/100
|-damage|p1a: steph corvi|71/100|[from] Recoil
|
|upkeep
|turn|27
|inactive|bottom drawer has 120 seconds left.
|c|☆bottom drawer|oops
|inactive|bottom drawer has 90 seconds left.
|
|t:|1758312247
|switch|p1a: LEBRON|Hawlucha, F|39/100
|-damage|p1a: LEBRON|27/100|[from] Stealth Rock
|move|p2a: Dragonite|Roost|p2a: Dragonite
|-heal|p2a: Dragonite|100/100
|
|upkeep
|turn|28
|
|t:|1758312251
|move|p2a: Dragonite|Extreme Speed|p1a: LEBRON
|-damage|p1a: LEBRON|0 fnt
|faint|p1a: LEBRON
|
|upkeep
|
|t:|1758312271
|switch|p1a: WADE|Rillaboom, F, tera:Grass|77/100
|-damage|p1a: WADE|64/100|[from] Stealth Rock
|-fieldstart|move: Grassy Terrain|[from] ability: Grassy Surge|[of] p1a: WADE
|turn|29
|
|t:|1758312274
|move|p2a: Dragonite|Extreme Speed|p1a: WADE
|-damage|p1a: WADE|0 fnt
|faint|p1a: WADE
|
|upkeep
|
|t:|1758312278
|switch|p1a: Claposaurus|Raging Bolt|100/100
|-damage|p1a: Claposaurus|88/100|[from] Stealth Rock
|turn|30
|inactive|bottom drawer has 90 seconds left.
|
|t:|1758312287
|move|p2a: Dragonite|Earthquake|p1a: Claposaurus
|-supereffective|p1a: Claposaurus
|-damage|p1a: Claposaurus|10/100
|move|p1a: Claposaurus|Draco Meteor|p2a: Dragonite
|-crit|p2a: Dragonite
|-damage|p2a: Dragonite|19/100
|-unboost|p1a: Claposaurus|spa|2
|
|-heal|p2a: Dragonite|25/100|[from] Grassy Terrain
|-heal|p1a: Claposaurus|17/100|[from] Grassy Terrain
|upkeep
|turn|31
|inactive|bottom drawer has 90 seconds left.
|
|t:|1758312297
|move|p2a: Dragonite|Extreme Speed|p1a: Claposaurus
|-damage|p1a: Claposaurus|0 fnt
|faint|p1a: Claposaurus
|-end|p1a: Claposaurus|Protosynthesis|[silent]
|
|-heal|p2a: Dragonite|31/100|[from] Grassy Terrain
|upkeep
|
|t:|1758312300
|switch|p1a: steph corvi|Corviknight, F|71/100
|-damage|p1a: steph corvi|58/100|[from] Stealth Rock
|-ability|p1a: steph corvi|Pressure
|turn|32
|
|t:|1758312304
|move|p2a: Dragonite|Roost|p2a: Dragonite
|-heal|p2a: Dragonite|81/100
|move|p1a: steph corvi|Brave Bird|p2a: Dragonite
|-damage|p2a: Dragonite|41/100
|-damage|p1a: steph corvi|47/100|[from] Recoil
|
|-heal|p2a: Dragonite|47/100|[from] Grassy Terrain
|upkeep
|turn|33
|c|☆bottom drawer|gtgt
|c|☆bottom drawer|ggè
|c|☆JoelMasterX|gg
|-message|bottom drawer forfeited.
|
|win|JoelMasterX
|n|☆bottom drawer|bottomdrawer
|n|☆JoelMasterX@!|joelmasterx
|n|*Lady Monita ☀|ladymonita
|l|*Lady Monita ☀
|l|☆bottom drawer
|player|p1|
