|j|☆The Paldea Region
|j|☆Mr.Cahil
|t:|1758322855
|gametype|singles
|player|p1|The Paldea Region|emma|1387
|player|p2|Mr.Cahil|169|1377
|gen|9
|tier|[Gen 9] OU
|rated|
|rule|HP Percentage Mod: HP is shown in percentages
|rule|Endless Battle Clause: Forcing endless battles is banned
|rule|Species Clause: Limit one of each Pokémon
|rule|OHKO Clause: OHKO moves are banned
|rule|Evasion Items Clause: Evasion items are banned
|rule|Evasion Moves Clause: Evasion moves are banned
|rule|Evasion Abilities Clause: Evasion abilities are banned
|rule|Sleep Moves Clause: Sleep-inducing moves are banned
|clearpoke
|poke|p1|Veluza, M|
|poke|p1|Tornadus-Therian, M|
|poke|p1|Blissey, F|
|poke|p1|Gliscor, M|
|poke|p1|Iron Valiant|
|poke|p1|Scizor, M|
|poke|p2|Dondozo, M|
|poke|p2|Blissey, F|
|poke|p2|Corviknight, M|
|poke|p2|Weezing-Galar, F|
|poke|p2|Gliscor, F|
|poke|p2|Toxapex, F|
|teampreview
|inactive|Battle timer is ON: inactive players will automatically lose when time's up. (requested by Mr.Cahil)
|
|t:|1758322863
|teamsize|p1|6
|teamsize|p2|6
|start
|switch|p1a: Veluza|Veluza, M|100/100
|switch|p2a: Gliscor|Gliscor, F|100/100
|-ability|p1a: Veluza|Mold Breaker
|turn|1
|
|t:|1758322884
|move|p2a: Gliscor|Protect|p2a: Gliscor
|-singleturn|p2a: Gliscor|Protect
|move|p1a: Veluza|Final Gambit|p2a: Gliscor
|-activate|p2a: Gliscor|move: Protect
|
|-status|p2a: Gliscor|tox|[from] item: Toxic Orb
|upkeep
|turn|2
|
|t:|1758322890
|switch|p2a: Toxapex|Toxapex, F|100/100
|move|p1a: Veluza|Final Gambit|p2a: Toxapex
|-damage|p2a: Toxapex|0 fnt
|faint|p1a: Veluza
|faint|p2a: Toxapex
|
|upkeep
|c|☆The Paldea Region|Vaultin Veluza.
|
|t:|1758322905
|switch|p1a: Blissey|Blissey, F|100/100
|switch|p2a: Blissey|Blissey, F|100/100
|turn|3
|
|t:|1758322911
|move|p1a: Blissey|Copycat|p1a: Blissey
|move|p1a: Blissey|Final Gambit|p2a: Blissey|[from] move: Copycat
|-damage|p2a: Blissey|0 fnt
|faint|p1a: Blissey
|faint|p2a: Blissey
|
|upkeep
|
|t:|1758322921
|switch|p1a: Tornadus|Tornadus-Therian, M|100/100
|switch|p2a: Gliscor|Gliscor, F|100/100 tox
|turn|4
|
|t:|1758322926
|move|p1a: Tornadus|Nasty Plot|p1a: Tornadus
|-boost|p1a: Tornadus|spa|2
|move|p2a: Gliscor|Knock Off|p1a: Tornadus
|-damage|p1a: Tornadus|72/100
|-enditem|p1a: Tornadus|Eject Button|[from] move: Knock Off|[of] p2a: Gliscor
|
|upkeep
|turn|5
|
|t:|1758322940
|switch|p2a: Dondozo|Dondozo, M|100/100
|-terastallize|p1a: Tornadus|Flying
|move|p1a: Tornadus|Bleakwind Storm|p2a: Dondozo
|-damage|p2a: Dondozo|36/100
|
|-heal|p2a: Dondozo|43/100|[from] item: Leftovers
|upkeep
|turn|6
|
|t:|1758322947
|move|p1a: Tornadus|Bleakwind Storm|p2a: Dondozo
|-damage|p2a: Dondozo|0 fnt
|faint|p2a: Dondozo
|
|upkeep
|-message|Mr.Cahil forfeited.
|
|win|The Paldea Region
|raw|The Paldea Region's rating: 1387 &rarr; <strong>1406</strong><br />(+19 for winning)
|raw|Mr.Cahil's rating: 1377 &rarr; <strong>1358</strong><br />(-19 for losing)
|l|☆Mr.Cahil
|player|p2|
