|j|☆Kjojon
|j|☆iamquiteterriblee
|t:|1758375154
|gametype|singles
|player|p1|Kjojon|brock|1070
|player|p2|iamquiteterriblee|lady|1057
|gen|9
|tier|[Gen 9] OU
|rated|
|rule|HP Percentage Mod: HP is shown in percentages
|rule|Endless Battle Clause: Forcing endless battles is banned
|rule|Species Clause: Limit one of each Pokémon
|rule|OHKO Clause: OHKO moves are banned
|rule|Evasion Items Clause: Evasion items are banned
|rule|Evasion Moves Clause: Evasion moves are banned
|rule|Evasion Abilities Clause: Evasion abilities are banned
|rule|Sleep Moves Clause: Sleep-inducing moves are banned
|clearpoke
|poke|p1|Gardevoir, F|
|poke|p1|Meowscarada, F|
|poke|p1|Volcanion|
|poke|p1|Golurk|
|poke|p1|Kleavor, M|
|poke|p1|Cramorant, M|
|poke|p2|Deoxys-Speed|
|poke|p2|Enamorus, F|
|poke|p2|Latias, F|
|poke|p2|Darkrai|
|poke|p2|Hatterene, F|
|poke|p2|Kingambit, M|
|teampreview
|
|t:|1758375162
|teamsize|p1|6
|teamsize|p2|6
|start
|switch|p1a: Sylvelin|Meowscarada, F|100/100
|switch|p2a: Deoxys|Deoxys-Speed|100/100
|-ability|p2a: Deoxys|Pressure
|turn|1
|
|t:|1758375171
|move|p1a: Sylvelin|U-turn|p2a: Deoxys
|-start|p1a: Sylvelin|typechange|Bug|[from] ability: Protean
|-supereffective|p2a: Deoxys
|-damage|p2a: Deoxys|19/100
|
|t:|1758375182
|switch|p1a: Mr. Cleave|Kleavor, M|100/100|[from] U-turn
|move|p2a: Deoxys|Reflect|p2a: Deoxys
|-sidestart|p2: iamquiteterriblee|Reflect
|
|upkeep
|turn|2
|
|t:|1758375192
|move|p2a: Deoxys|Light Screen|p2a: Deoxys
|-sidestart|p2: iamquiteterriblee|move: Light Screen
|move|p1a: Mr. Cleave|Stone Axe|p2a: Deoxys
|-damage|p2a: Deoxys|0 fnt
|-sidestart|p2: iamquiteterriblee|move: Stealth Rock
|faint|p2a: Deoxys
|
|upkeep
|
|t:|1758375222
|switch|p2a: Darkrai|Darkrai|100/100
|-damage|p2a: Darkrai|88/100|[from] Stealth Rock
|turn|3
|
|t:|1758375227
|move|p2a: Darkrai|Dark Pulse|p1a: Mr. Cleave
|-damage|p1a: Mr. Cleave|32/100
|cant|p1a: Mr. Cleave|flinch
|
|upkeep
|turn|4
|
|t:|1758375233
|move|p2a: Darkrai|Dark Pulse|p1a: Mr. Cleave
|-damage|p1a: Mr. Cleave|0 fnt
|faint|p1a: Mr. Cleave
|
|upkeep
|c|☆iamquiteterriblee|noice
|
|t:|1758375253
|switch|p1a: Fulminator|Volcanion|100/100
|turn|5
|
|t:|1758375261
|move|p2a: Darkrai|Dark Pulse|p1a: Fulminator
|-damage|p1a: Fulminator|51/100
|move|p1a: Fulminator|Sludge Bomb|p2a: Darkrai
|-damage|p2a: Darkrai|64/100
|
|upkeep
|turn|6
|
|t:|1758375268
|move|p2a: Darkrai|Dark Pulse|p1a: Fulminator
|-damage|p1a: Fulminator|8/100
|move|p1a: Fulminator|Sludge Bomb|p2a: Darkrai
|-damage|p2a: Darkrai|40/100
|
|upkeep
|turn|7
|
|t:|1758375275
|move|p2a: Darkrai|Dark Pulse|p1a: Fulminator
|-damage|p1a: Fulminator|0 fnt
|faint|p1a: Fulminator
|
|upkeep
|inactive|Battle timer is ON: inactive players will automatically lose when time's up. (requested by iamquiteterriblee)
|
|t:|1758375300
|switch|p1a: Crameo|Cramorant, M, shiny|100/100
|turn|8
|
|t:|1758375311
|move|p2a: Darkrai|Dark Pulse|p1a: Crameo
|-damage|p1a: Crameo|58/100
|move|p1a: Crameo|Surf|p2a: Darkrai
|-formechange|p1a: Crameo|Cramorant-Gulping|
|-damage|p2a: Darkrai|21/100
|
|-sideend|p2: iamquiteterriblee|Reflect
|upkeep
|turn|9
|
|t:|1758375330
|move|p2a: Darkrai|Dark Pulse|p1a: Crameo
|-damage|p1a: Crameo|17/100
|-damage|p2a: Darkrai|0 fnt|[from] ability: Gulp Missile|[of] p1a: Crameo
|-formechange|p1a: Crameo|Cramorant|
|faint|p2a: Darkrai
|move|p1a: Crameo|Roost|p1a: Crameo
|-heal|p1a: Crameo|67/100
|-singleturn|p1a: Crameo|move: Roost
|
|-sideend|p2: iamquiteterriblee|move: Light Screen
|upkeep
|inactive|iamquiteterriblee has 120 seconds left.
|
|t:|1758375355
|switch|p2a: Enamorus|Enamorus, F|100/100
|-damage|p2a: Enamorus|76/100|[from] Stealth Rock
|turn|10
|
|t:|1758375366
|-terastallize|p2a: Enamorus|Stellar
|move|p2a: Enamorus|Tera Blast|p1a: Crameo|[anim] Tera Blast Stellar
|-damage|p1a: Crameo|17/100
|-boost|p2a: Enamorus|atk|1
|-boost|p2a: Enamorus|spa|1
|move|p1a: Crameo|Surf|p2a: Enamorus
|-formechange|p1a: Crameo|Cramorant-Gorging|
|-damage|p2a: Enamorus|36/100
|
|upkeep
|turn|11
|
|t:|1758375376
|move|p2a: Enamorus|Tera Blast|p1a: Crameo|[anim] Tera Blast Stellar
|-damage|p1a: Crameo|0 fnt
|-boost|p2a: Enamorus|atk|1
|-boost|p2a: Enamorus|spa|1
|-damage|p2a: Enamorus|11/100|[from] ability: Gulp Missile|[of] p1a: Crameo
|-status|p2a: Enamorus|par
|-formechange|p1a: Crameo|Cramorant|
|faint|p1a: Crameo
|
|upkeep
|c|☆iamquiteterriblee|huh
|
|t:|1758375389
|switch|p1a: Xodium|Gardevoir, F, shiny|100/100
|turn|12
|c|☆iamquiteterriblee|thats just broken
|
|t:|1758375398
|move|p1a: Xodium|Moonblast|p2a: Enamorus
|-damage|p2a: Enamorus|0 fnt
|faint|p2a: Enamorus
|
|upkeep
|
|t:|1758375414
|switch|p2a: Kingambit|Kingambit, M|100/100
|-damage|p2a: Kingambit|94/100|[from] Stealth Rock
|-activate|p2a: Kingambit|ability: Supreme Overlord
|-start|p2a: Kingambit|fallen3|[silent]
|-item|p2a: Kingambit|Air Balloon
|turn|13
|
|t:|1758375423
|switch|p1a: Sylvelin|Meowscarada, F|100/100
|move|p2a: Kingambit|Swords Dance|p2a: Kingambit
|-boost|p2a: Kingambit|atk|2
|
|upkeep
|turn|14
|
|t:|1758375432
|move|p1a: Sylvelin|U-turn|p2a: Kingambit
|-start|p1a: Sylvelin|typechange|Bug|[from] ability: Protean
|-damage|p2a: Kingambit|66/100
|-enditem|p2a: Kingambit|Air Balloon
|
|t:|1758375455
|switch|p1a: Kelog|Golurk, shiny|100/100|[from] U-turn
|move|p2a: Kingambit|Swords Dance|p2a: Kingambit
|-boost|p2a: Kingambit|atk|2
|
|upkeep
|turn|15
|
|t:|1758375468
|-terastallize|p1a: Kelog|Fairy
|move|p1a: Kelog|Earthquake|p2a: Kingambit
|-supereffective|p2a: Kingambit
|-damage|p2a: Kingambit|0 fnt
|faint|p2a: Kingambit
|-end|p2a: Kingambit|fallen3|[silent]
|
|upkeep
|c|☆iamquiteterriblee|damn
|c|☆iamquiteterriblee|i thought you wouldnt be +spe
|inactive|iamquiteterriblee has 120 seconds left.
|-message|iamquiteterriblee forfeited.
|
|win|Kjojon
|raw|Kjojon's rating: 1070 &rarr; <strong>1098</strong><br />(+28 for winning)
|raw|iamquiteterriblee's rating: 1057 &rarr; <strong>1039</strong><br />(-18 for losing)
|l|☆iamquiteterriblee
|player|p2|
|c|☆Kjojon|Always works
