|j|☆1shy9
|j|☆Obito 2001
|t:|1758373416
|gametype|singles
|player|p1|1shy9|acetrainerf-gen4|1714
|player|p2|Obito 2001|blue-gen3two|1751
|gen|9
|tier|[Gen 9] OU
|rated|
|rule|HP Percentage Mod: HP is shown in percentages
|rule|Endless Battle Clause: Forcing endless battles is banned
|rule|Species Clause: Limit one of each Pokémon
|rule|OHKO Clause: OHKO moves are banned
|rule|Evasion Items Clause: Evasion items are banned
|rule|Evasion Moves Clause: Evasion moves are banned
|rule|Evasion Abilities Clause: Evasion abilities are banned
|rule|Sleep Moves Clause: Sleep-inducing moves are banned
|clearpoke
|poke|p1|Iron Moth|
|poke|p1|Gholdengo|
|poke|p1|Great Tusk|
|poke|p1|Kyurem|
|poke|p1|Zamazenta-*|
|poke|p1|Dragonite, F|
|poke|p2|Ting-Lu|
|poke|p2|Weezing-Galar, F|
|poke|p2|Ogerpon-Wellspring, F|
|poke|p2|Corviknight, M|
|poke|p2|Kyurem|
|poke|p2|Skeledirge, M|
|teampreview
|inactive|Battle timer is ON: inactive players will automatically lose when time's up. (requested by Obito 2001)
|
|t:|1758373442
|teamsize|p1|6
|teamsize|p2|6
|start
|switch|p1a: Kyurem|Kyurem|100/100
|switch|p2a: Ban me|Ogerpon-Wellspring, F|100/100
|-ability|p1a: Kyurem|Pressure
|turn|1
|
|t:|1758373445
|move|p2a: Ban me|U-turn|p1a: Kyurem
|-damage|p1a: Kyurem|75/100
|
|t:|1758373447
|switch|p2a: Ban Wogerpon|Skeledirge, M|100/100|[from] U-turn
|move|p1a: Kyurem|Dragon Dance|p1a: Kyurem
|-boost|p1a: Kyurem|atk|1
|-boost|p1a: Kyurem|spe|1
|
|upkeep
|turn|2
|
|t:|1758373457
|switch|p1a: Gholdengo|Gholdengo|100/100
|-item|p1a: Gholdengo|Air Balloon
|move|p2a: Ban Wogerpon|Will-O-Wisp|p1a: Gholdengo
|-immune|p1a: Gholdengo|[from] ability: Good as Gold
|
|upkeep
|turn|3
|
|t:|1758373461
|switch|p2a: Ban Zamazenta|Ting-Lu|100/100
|-ability|p2a: Ban Zamazenta|Vessel of Ruin
|move|p1a: Gholdengo|Shadow Ball|p2a: Ban Zamazenta
|-resisted|p2a: Ban Zamazenta
|-damage|p2a: Ban Zamazenta|90/100
|-unboost|p2a: Ban Zamazenta|spd|1
|
|-heal|p2a: Ban Zamazenta|96/100|[from] item: Leftovers
|upkeep
|turn|4
|
|t:|1758373466
|switch|p2a: Ban Wogerpon|Skeledirge, M|100/100
|move|p1a: Gholdengo|Nasty Plot|p1a: Gholdengo
|-boost|p1a: Gholdengo|spa|2
|
|upkeep
|turn|5
|
|t:|1758373468
|switch|p2a: Ban Zamazenta|Ting-Lu|96/100
|-ability|p2a: Ban Zamazenta|Vessel of Ruin
|move|p1a: Gholdengo|Shadow Ball|p2a: Ban Zamazenta
|-resisted|p2a: Ban Zamazenta
|-damage|p2a: Ban Zamazenta|76/100
|-unboost|p2a: Ban Zamazenta|spd|1
|
|-heal|p2a: Ban Zamazenta|82/100|[from] item: Leftovers
|upkeep
|turn|6
|
|t:|1758373475
|switch|p2a: Ban Wogerpon|Skeledirge, M|100/100
|move|p1a: Gholdengo|Make It Rain|p2a: Ban Wogerpon
|-resisted|p2a: Ban Wogerpon
|-damage|p2a: Ban Wogerpon|65/100
|-unboost|p1a: Gholdengo|spa|1
|
|upkeep
|turn|7
|
|t:|1758373478
|switch|p2a: Ban Zamazenta|Ting-Lu|82/100
|-ability|p2a: Ban Zamazenta|Vessel of Ruin
|move|p1a: Gholdengo|Shadow Ball|p2a: Ban Zamazenta
|-resisted|p2a: Ban Zamazenta
|-damage|p2a: Ban Zamazenta|69/100
|
|-heal|p2a: Ban Zamazenta|75/100|[from] item: Leftovers
|upkeep
|turn|8
|
|t:|1758373480
|move|p1a: Gholdengo|Nasty Plot|p1a: Gholdengo
|-boost|p1a: Gholdengo|spa|2
|move|p2a: Ban Zamazenta|Payback|p1a: Gholdengo
|-supereffective|p1a: Gholdengo
|-damage|p1a: Gholdengo|15/100
|-enditem|p1a: Gholdengo|Air Balloon
|
|-heal|p2a: Ban Zamazenta|81/100|[from] item: Leftovers
|upkeep
|turn|9
|
|t:|1758373486
|move|p1a: Gholdengo|Make It Rain|p2a: Ban Zamazenta
|-damage|p2a: Ban Zamazenta|8/100
|-unboost|p1a: Gholdengo|spa|1
|move|p2a: Ban Zamazenta|Payback|p1a: Gholdengo
|-supereffective|p1a: Gholdengo
|-damage|p1a: Gholdengo|0 fnt
|faint|p1a: Gholdengo
|
|-heal|p2a: Ban Zamazenta|14/100|[from] item: Leftovers
|upkeep
|
|t:|1758373502
|switch|p1a: Dragonite|Dragonite, F|100/100
|turn|10
|
|t:|1758373507
|switch|p2a: Ban Dragonite|Corviknight, M|100/100
|-ability|p2a: Ban Dragonite|Pressure
|move|p1a: Dragonite|Earthquake|p2a: Ban Dragonite
|-immune|p2a: Ban Dragonite
|
|upkeep
|turn|11
|
|t:|1758373511
|switch|p1a: Iron Moth|Iron Moth|100/100
|-enditem|p1a: Iron Moth|Booster Energy
|-activate|p1a: Iron Moth|ability: Quark Drive|[fromitem]
|-start|p1a: Iron Moth|quarkdrivespe
|switch|p2a: Ban Zamazenta|Ting-Lu|14/100
|-ability|p2a: Ban Zamazenta|Vessel of Ruin
|
|-heal|p2a: Ban Zamazenta|21/100|[from] item: Leftovers
|upkeep
|turn|12
|j| frutillaroja
|
|t:|1758373518
|-end|p1a: Iron Moth|Quark Drive|[silent]
|switch|p1a: Great Tusk|Great Tusk|100/100
|move|p2a: Ban Zamazenta|Rest|p2a: Ban Zamazenta
|-status|p2a: Ban Zamazenta|slp|[from] move: Rest
|-heal|p2a: Ban Zamazenta|100/100 slp|[silent]
|
|upkeep
|turn|13
|
|t:|1758373524
|switch|p2a: Ban me|Ogerpon-Wellspring, F|100/100
|move|p1a: Great Tusk|Stealth Rock|p2a: Ban me
|-sidestart|p2: Obito 2001|move: Stealth Rock
|
|upkeep
|turn|14
|
|t:|1758373528
|-end|p1a: Great Tusk|Protosynthesis|[silent]
|switch|p1a: Zamazenta|Zamazenta|100/100
|-ability|p1a: Zamazenta|Dauntless Shield|boost
|-boost|p1a: Zamazenta|def|1
|move|p2a: Ban me|Ivy Cudgel|p1a: Zamazenta|[anim] Ivy Cudgel Water
|-damage|p1a: Zamazenta|69/100
|
|-heal|p1a: Zamazenta|75/100|[from] item: Leftovers
|upkeep
|turn|15
|
|t:|1758373534
|switch|p2a: Fk hazard noobs|Weezing-Galar, F|100/100
|-ability|p2a: Fk hazard noobs|Neutralizing Gas
|move|p1a: Zamazenta|Crunch|p2a: Fk hazard noobs
|-resisted|p2a: Fk hazard noobs
|-damage|p2a: Fk hazard noobs|92/100
|
|-heal|p1a: Zamazenta|81/100|[from] item: Leftovers
|upkeep
|turn|16
|
|t:|1758373538
|switch|p1a: Iron Moth|Iron Moth|100/100
|move|p2a: Fk hazard noobs|Defog|p1a: Iron Moth
|-unboost|p1a: Iron Moth|evasion|1
|-sideend|p2: Obito 2001|Stealth Rock|[from] move: Defog|[of] p2a: Fk hazard noobs
|
|upkeep
|turn|17
|
|t:|1758373542
|-end|p2a: Fk hazard noobs|ability: Neutralizing Gas
|switch|p2a: Ban Zamazenta|Ting-Lu|100/100 slp
|-ability|p2a: Ban Zamazenta|Vessel of Ruin
|move|p1a: Iron Moth|Fiery Dance|p2a: Ban Zamazenta
|-damage|p2a: Ban Zamazenta|85/100 slp
|-boost|p1a: Iron Moth|spa|1
|
|-heal|p2a: Ban Zamazenta|91/100 slp|[from] item: Leftovers
|upkeep
|turn|18
|
|t:|1758373545
|move|p1a: Iron Moth|Fiery Dance|p2a: Ban Zamazenta
|-damage|p2a: Ban Zamazenta|64/100 slp
|-boost|p1a: Iron Moth|spa|1
|cant|p2a: Ban Zamazenta|slp
|move|p2a: Ban Zamazenta|Sleep Talk|p2a: Ban Zamazenta
|move|p2a: Ban Zamazenta|Rest||[from] move: Sleep Talk|[still]
|-fail|p2a: Ban Zamazenta
|
|-heal|p2a: Ban Zamazenta|71/100 slp|[from] item: Leftovers
|upkeep
|turn|19
|
|t:|1758373551
|move|p1a: Iron Moth|Fiery Dance|p2a: Ban Zamazenta
|-damage|p2a: Ban Zamazenta|38/100 slp
|-boost|p1a: Iron Moth|spa|1
|cant|p2a: Ban Zamazenta|slp
|move|p2a: Ban Zamazenta|Sleep Talk|p2a: Ban Zamazenta
|move|p2a: Ban Zamazenta|Earthquake|p1a: Iron Moth|[from] move: Sleep Talk
|-supereffective|p1a: Iron Moth
|-damage|p1a: Iron Moth|0 fnt
|faint|p1a: Iron Moth
|-end|p1a: Iron Moth|Quark Drive|[silent]
|
|-heal|p2a: Ban Zamazenta|44/100 slp|[from] item: Leftovers
|upkeep
|
|t:|1758373568
|switch|p1a: Dragonite|Dragonite, F|100/100
|turn|20
|
|t:|1758373575
|move|p1a: Dragonite|Dragon Dance|p1a: Dragonite
|-boost|p1a: Dragonite|atk|1
|-boost|p1a: Dragonite|spe|1
|-curestatus|p2a: Ban Zamazenta|slp|[msg]
|move|p2a: Ban Zamazenta|Payback|p1a: Dragonite
|-damage|p1a: Dragonite|80/100
|
|-heal|p2a: Ban Zamazenta|50/100|[from] item: Leftovers
|upkeep
|turn|21
|
|t:|1758373579
|switch|p2a: Ban Dragonite|Corviknight, M|100/100
|-ability|p2a: Ban Dragonite|Pressure
|move|p1a: Dragonite|Dragon Dance|p1a: Dragonite
|-boost|p1a: Dragonite|atk|1
|-boost|p1a: Dragonite|spe|1
|
|upkeep
|turn|22
|
|t:|1758373584
|-terastallize|p1a: Dragonite|Flying
|move|p1a: Dragonite|Tera Blast|p2a: Ban Dragonite|[anim] Tera Blast Flying
|-resisted|p2a: Ban Dragonite
|-damage|p2a: Ban Dragonite|66/100
|move|p2a: Ban Dragonite|Iron Defense|p2a: Ban Dragonite
|-boost|p2a: Ban Dragonite|def|2
|
|upkeep
|turn|23
|
|t:|1758373588
|move|p1a: Dragonite|Tera Blast|p2a: Ban Dragonite|[anim] Tera Blast Flying
|-resisted|p2a: Ban Dragonite
|-crit|p2a: Ban Dragonite
|-damage|p2a: Ban Dragonite|11/100
|move|p2a: Ban Dragonite|Body Press|p1a: Dragonite
|-resisted|p1a: Dragonite
|-damage|p1a: Dragonite|52/100
|
|upkeep
|turn|24
|
|t:|1758373593
|move|p1a: Dragonite|Tera Blast|p2a: Ban Dragonite|[anim] Tera Blast Flying
|-resisted|p2a: Ban Dragonite
|-damage|p2a: Ban Dragonite|0 fnt
|faint|p2a: Ban Dragonite
|
|upkeep
|
|t:|1758373594
|switch|p2a: Ban Wogerpon|Skeledirge, M|65/100
|turn|25
|
|t:|1758373598
|-terastallize|p2a: Ban Wogerpon|Fairy
|move|p1a: Dragonite|Earthquake|p2a: Ban Wogerpon
|-crit|p2a: Ban Wogerpon
|-damage|p2a: Ban Wogerpon|29/100
|move|p2a: Ban Wogerpon|Will-O-Wisp|p1a: Dragonite
|-status|p1a: Dragonite|brn
|
|-damage|p1a: Dragonite|45/100 brn|[from] brn
|upkeep
|turn|26
|
|t:|1758373606
|switch|p1a: Kyurem|Kyurem|75/100
|-ability|p1a: Kyurem|Pressure
|move|p2a: Ban Wogerpon|Slack Off|p2a: Ban Wogerpon
|-heal|p2a: Ban Wogerpon|79/100
|
|upkeep
|turn|27
|
|t:|1758373613
|move|p1a: Kyurem|Icicle Spear|p2a: Ban Wogerpon
|-damage|p2a: Ban Wogerpon|69/100
|-damage|p2a: Ban Wogerpon|60/100
|-damage|p2a: Ban Wogerpon|52/100
|-damage|p2a: Ban Wogerpon|43/100
|-damage|p2a: Ban Wogerpon|34/100
|-hitcount|p2a: Ban Wogerpon|5
|move|p2a: Ban Wogerpon|Will-O-Wisp|p1a: Kyurem
|-status|p1a: Kyurem|brn
|
|-damage|p1a: Kyurem|69/100 brn|[from] brn
|upkeep
|turn|28
|
|t:|1758373622
|move|p1a: Kyurem|Icicle Spear|p2a: Ban Wogerpon
|-damage|p2a: Ban Wogerpon|30/100
|-damage|p2a: Ban Wogerpon|25/100
|-damage|p2a: Ban Wogerpon|21/100
|-damage|p2a: Ban Wogerpon|16/100
|-damage|p2a: Ban Wogerpon|12/100
|-hitcount|p2a: Ban Wogerpon|5
|move|p2a: Ban Wogerpon|Slack Off|p2a: Ban Wogerpon
|-heal|p2a: Ban Wogerpon|62/100
|
|-damage|p1a: Kyurem|62/100 brn|[from] brn
|upkeep
|turn|29
|
|t:|1758373625
|switch|p1a: Great Tusk|Great Tusk|100/100
|move|p2a: Ban Wogerpon|Slack Off|p2a: Ban Wogerpon
|-heal|p2a: Ban Wogerpon|100/100
|
|upkeep
|turn|30
|
|t:|1758373630
|move|p1a: Great Tusk|Headlong Rush|p2a: Ban Wogerpon
|-damage|p2a: Ban Wogerpon|58/100
|-unboost|p1a: Great Tusk|def|1
|-unboost|p1a: Great Tusk|spd|1
|move|p2a: Ban Wogerpon|Will-O-Wisp|p1a: Great Tusk
|-status|p1a: Great Tusk|brn
|
|-damage|p1a: Great Tusk|94/100 brn|[from] brn
|upkeep
|turn|31
|-message|1shy9 forfeited.
|
|win|Obito 2001
|raw|1shy9's rating: 1714 &rarr; <strong>1696</strong><br />(-18 for losing)
|raw|Obito 2001's rating: 1751 &rarr; <strong>1769</strong><br />(+18 for winning)
|l|☆1shy9
|player|p1|
|l|☆Obito 2001
|player|p2|
|l| frutillaroja
