|j|☆GengyGoat
|j|☆testingcharizandra
|t:|1758329117
|gametype|singles
|player|p1|GengyGoat|hilbert-wonderlauncher|1000
|player|p2|testingcharizandra|cynthia-gen4|1027
|gen|9
|tier|[Gen 9] OU
|rated|
|rule|HP Percentage Mod: HP is shown in percentages
|rule|Endless Battle Clause: Forcing endless battles is banned
|rule|Species Clause: Limit one of each Pokémon
|rule|OHKO Clause: OHKO moves are banned
|rule|Evasion Items Clause: Evasion items are banned
|rule|Evasion Moves Clause: Evasion moves are banned
|rule|Evasion Abilities Clause: Evasion abilities are banned
|rule|Sleep Moves Clause: Sleep-inducing moves are banned
|clearpoke
|poke|p1|Cinderace, M|
|poke|p1|Dragapult, M|
|poke|p1|Great Tusk|
|poke|p1|Gholdengo|
|poke|p1|Ting-Lu|
|poke|p1|Iron Valiant|
|poke|p2|Glimmora, M|
|poke|p2|Toxapex, M|
|poke|p2|Muk-Alola, F|
|poke|p2|Weezing, M|
|poke|p2|Iron Moth|
|poke|p2|Vileplume, M|
|teampreview
|c|☆GengyGoat|Yo
|
|t:|1758329132
|teamsize|p1|6
|teamsize|p2|6
|start
|switch|p1a: Cinderace|Cinderace, M, shiny|100/100
|switch|p2a: Glimmora|Glimmora, M|100/100
|turn|1
|
|t:|1758329141
|move|p1a: Cinderace|Pyro Ball|p2a: Glimmora
|-resisted|p2a: Glimmora
|-damage|p2a: Glimmora|66/100
|move|p2a: Glimmora|Earth Power|p1a: Cinderace
|-supereffective|p1a: Cinderace
|-damage|p1a: Cinderace|18/100
|
|upkeep
|turn|2
|
|t:|1758329150
|switch|p1a: Iron Valiant|Iron Valiant|100/100
|-enditem|p1a: Iron Valiant|Booster Energy
|-activate|p1a: Iron Valiant|ability: Quark Drive|[fromitem]
|-start|p1a: Iron Valiant|quarkdrivespe
|move|p2a: Glimmora|Stealth Rock|p1a: Iron Valiant
|-sidestart|p1: GengyGoat|move: Stealth Rock
|
|upkeep
|turn|3
|
|t:|1758329162
|move|p1a: Iron Valiant|Moonblast|p2a: Glimmora
|-resisted|p2a: Glimmora
|-damage|p2a: Glimmora|38/100
|-unboost|p2a: Glimmora|spa|1
|move|p2a: Glimmora|Mortal Spin|p1a: Iron Valiant
|-supereffective|p1a: Iron Valiant
|-damage|p1a: Iron Valiant|84/100
|-status|p1a: Iron Valiant|psn
|
|-damage|p1a: Iron Valiant|71/100 psn|[from] psn
|upkeep
|turn|4
|
|t:|1758329178
|switch|p2a: Vileplume|Vileplume, M|100/100
|move|p1a: Iron Valiant|Close Combat|p2a: Vileplume
|-resisted|p2a: Vileplume
|-damage|p2a: Vileplume|65/100
|-unboost|p1a: Iron Valiant|def|1
|-unboost|p1a: Iron Valiant|spd|1
|
|-heal|p2a: Vileplume|72/100|[from] item: Black Sludge
|-damage|p1a: Iron Valiant|59/100 psn|[from] psn
|upkeep
|turn|5
|
|t:|1758329192
|-end|p1a: Iron Valiant|Quark Drive|[silent]
|switch|p1a: Ting-Lu|Ting-Lu|100/100
|-damage|p1a: Ting-Lu|94/100|[from] Stealth Rock
|-ability|p1a: Ting-Lu|Vessel of Ruin
|move|p2a: Vileplume|Leech Seed|p1a: Ting-Lu
|-start|p1a: Ting-Lu|move: Leech Seed
|
|-heal|p2a: Vileplume|78/100|[from] item: Black Sludge
|-heal|p1a: Ting-Lu|100/100|[from] item: Leftovers
|-damage|p1a: Ting-Lu|88/100|[from] Leech Seed|[of] p2a: Vileplume
|-heal|p2a: Vileplume|96/100|[silent]
|upkeep
|turn|6
|
|t:|1758329207
|move|p2a: Vileplume|Strength Sap|p1a: Ting-Lu
|-unboost|p1a: Ting-Lu|atk|1
|-heal|p2a: Vileplume|100/100
|move|p1a: Ting-Lu|Earthquake|p2a: Vileplume
|-damage|p2a: Vileplume|75/100
|
|-heal|p2a: Vileplume|81/100|[from] item: Black Sludge
|-heal|p1a: Ting-Lu|94/100|[from] item: Leftovers
|-damage|p1a: Ting-Lu|82/100|[from] Leech Seed|[of] p2a: Vileplume
|-heal|p2a: Vileplume|99/100|[silent]
|upkeep
|turn|7
|
|t:|1758329222
|switch|p1a: Dragapult|Dragapult, M|100/100
|-damage|p1a: Dragapult|88/100|[from] Stealth Rock
|move|p2a: Vileplume|Strength Sap|p1a: Dragapult
|-unboost|p1a: Dragapult|atk|1
|-heal|p2a: Vileplume|100/100
|
|upkeep
|turn|8
|
|t:|1758329232
|move|p1a: Dragapult|Draco Meteor|p2a: Vileplume
|-damage|p2a: Vileplume|39/100
|-unboost|p1a: Dragapult|spa|2
|move|p2a: Vileplume|Leech Seed|p1a: Dragapult
|-start|p1a: Dragapult|move: Leech Seed
|
|-heal|p2a: Vileplume|45/100|[from] item: Black Sludge
|-damage|p1a: Dragapult|76/100|[from] Leech Seed|[of] p2a: Vileplume
|-heal|p2a: Vileplume|56/100|[silent]
|upkeep
|turn|9
|
|t:|1758329242
|move|p1a: Dragapult|Draco Meteor|p2a: Vileplume
|-damage|p2a: Vileplume|24/100
|-unboost|p1a: Dragapult|spa|2
|move|p2a: Vileplume|Moonlight|p2a: Vileplume
|-heal|p2a: Vileplume|74/100
|
|-heal|p2a: Vileplume|80/100|[from] item: Black Sludge
|-damage|p1a: Dragapult|64/100|[from] Leech Seed|[of] p2a: Vileplume
|-heal|p2a: Vileplume|91/100|[silent]
|upkeep
|turn|10
|
|t:|1758329255
|switch|p1a: Gholdengo|Gholdengo|100/100
|-damage|p1a: Gholdengo|94/100|[from] Stealth Rock
|-item|p1a: Gholdengo|Air Balloon
|move|p2a: Vileplume|Sludge Wave|p1a: Gholdengo
|-immune|p1a: Gholdengo
|
|-heal|p2a: Vileplume|98/100|[from] item: Black Sludge
|upkeep
|turn|11
|
|t:|1758329268
|move|p1a: Gholdengo|Shadow Ball|p2a: Vileplume
|-damage|p2a: Vileplume|65/100
|move|p2a: Vileplume|Leech Seed|p1a: Gholdengo
|-immune|p1a: Gholdengo|[from] ability: Good as Gold
|
|-heal|p2a: Vileplume|71/100|[from] item: Black Sludge
|upkeep
|turn|12
|
|t:|1758329278
|move|p1a: Gholdengo|Make It Rain|p2a: Vileplume
|-damage|p2a: Vileplume|27/100
|-unboost|p1a: Gholdengo|spa|1
|move|p2a: Vileplume|Leech Seed|p1a: Gholdengo
|-immune|p1a: Gholdengo|[from] ability: Good as Gold
|
|-heal|p2a: Vileplume|34/100|[from] item: Black Sludge
|upkeep
|turn|13
|
|t:|1758329289
|move|p1a: Gholdengo|Shadow Ball|p2a: Vileplume
|-damage|p2a: Vileplume|12/100
|-unboost|p2a: Vileplume|spd|1
|move|p2a: Vileplume|Moonlight|p2a: Vileplume
|-heal|p2a: Vileplume|62/100
|
|-heal|p2a: Vileplume|68/100|[from] item: Black Sludge
|upkeep
|turn|14
|c|☆testingcharizandra|Hi
|
|t:|1758329303
|switch|p1a: Great Tusk|Great Tusk|100/100
|-damage|p1a: Great Tusk|98/100|[from] Stealth Rock
|switch|p2a: Muk|Muk-Alola, F|100/100
|
|-heal|p1a: Great Tusk|100/100|[from] item: Leftovers
|upkeep
|turn|15
|
|t:|1758329315
|switch|p2a: Weezing|Weezing, M|100/100
|move|p1a: Great Tusk|Knock Off|p2a: Weezing
|-crit|p2a: Weezing
|-damage|p2a: Weezing|65/100
|-enditem|p2a: Weezing|Leftovers|[from] move: Knock Off|[of] p1a: Great Tusk
|
|upkeep
|turn|16
|
|t:|1758329325
|-end|p1a: Great Tusk|Protosynthesis|[silent]
|switch|p1a: Ting-Lu|Ting-Lu|82/100
|-damage|p1a: Ting-Lu|76/100|[from] Stealth Rock
|-ability|p1a: Ting-Lu|Vessel of Ruin
|move|p2a: Weezing|Will-O-Wisp|p1a: Ting-Lu
|-status|p1a: Ting-Lu|brn
|
|-heal|p1a: Ting-Lu|82/100 brn|[from] item: Leftovers
|-damage|p1a: Ting-Lu|76/100 brn|[from] brn
|upkeep
|turn|17
|c|☆GengyGoat|Sorry idk what I’m doing
|
|t:|1758329347
|move|p2a: Weezing|Pain Split|p1a: Ting-Lu
|-sethp|p1a: Ting-Lu|59/100 brn|[from] move: Pain Split|[silent]
|-sethp|p2a: Weezing|90/100|[from] move: Pain Split
|move|p1a: Ting-Lu|Spikes|p2a: Weezing
|-sidestart|p2: testingcharizandra|Spikes
|
|-heal|p1a: Ting-Lu|65/100 brn|[from] item: Leftovers
|-damage|p1a: Ting-Lu|59/100 brn|[from] brn
|upkeep
|turn|18
|
|t:|1758329361
|switch|p2a: Glimmora|Glimmora, M|38/100
|-damage|p2a: Glimmora|26/100|[from] Spikes
|switch|p1a: Dragapult|Dragapult, M|64/100
|-damage|p1a: Dragapult|51/100|[from] Stealth Rock
|
|upkeep
|turn|19
|
|t:|1758329370
|move|p1a: Dragapult|Draco Meteor|p2a: Glimmora
|-damage|p2a: Glimmora|0 fnt
|-unboost|p1a: Dragapult|spa|2
|faint|p2a: Glimmora
|
|upkeep
|
|t:|1758329374
|switch|p2a: Toxapex|Toxapex, M|100/100
|-damage|p2a: Toxapex|88/100|[from] Spikes
|turn|20
|
|t:|1758329381
|switch|p1a: Iron Valiant|Iron Valiant|59/100 psn
|-damage|p1a: Iron Valiant|53/100 psn|[from] Stealth Rock
|move|p2a: Toxapex|Infestation|p1a: Iron Valiant
|-resisted|p1a: Iron Valiant
|-damage|p1a: Iron Valiant|51/100 psn
|-activate|p1a: Iron Valiant|move: Infestation|[of] p2a: Toxapex
|
|-heal|p2a: Toxapex|94/100|[from] item: Black Sludge
|-damage|p1a: Iron Valiant|39/100 psn|[from] psn
|-damage|p1a: Iron Valiant|26/100 psn|[from] move: Infestation|[partiallytrapped]
|upkeep
|turn|21
|
|t:|1758329395
|move|p2a: Toxapex|Baneful Bunker|p2a: Toxapex
|-singleturn|p2a: Toxapex|move: Protect
|move|p1a: Iron Valiant|Moonblast|p2a: Toxapex
|-activate|p2a: Toxapex|move: Protect
|
|-heal|p2a: Toxapex|100/100|[from] item: Black Sludge
|-damage|p1a: Iron Valiant|14/100 psn|[from] psn
|-damage|p1a: Iron Valiant|2/100 psn|[from] move: Infestation|[partiallytrapped]
|upkeep
|turn|22
|
|t:|1758329412
|move|p1a: Iron Valiant|Close Combat|p2a: Toxapex
|-resisted|p2a: Toxapex
|-damage|p2a: Toxapex|83/100
|-unboost|p1a: Iron Valiant|def|1
|-unboost|p1a: Iron Valiant|spd|1
|move|p2a: Toxapex|Recover|p2a: Toxapex
|-heal|p2a: Toxapex|100/100
|
|-damage|p1a: Iron Valiant|0 fnt|[from] psn
|faint|p1a: Iron Valiant
|-end|p1a: Iron Valiant|Quark Drive|[silent]
|upkeep
|
|t:|1758329425
|switch|p1a: Gholdengo|Gholdengo|94/100
|-damage|p1a: Gholdengo|88/100|[from] Stealth Rock
|-item|p1a: Gholdengo|Air Balloon
|turn|23
|
|t:|1758329440
|move|p1a: Gholdengo|Shadow Ball|p2a: Toxapex
|-damage|p2a: Toxapex|62/100
|move|p2a: Toxapex|Infestation|p1a: Gholdengo
|-resisted|p1a: Gholdengo
|-damage|p1a: Gholdengo|88/100
|-activate|p1a: Gholdengo|move: Infestation|[of] p2a: Toxapex
|-enditem|p1a: Gholdengo|Air Balloon
|
|-heal|p2a: Toxapex|68/100|[from] item: Black Sludge
|-damage|p1a: Gholdengo|75/100|[from] move: Infestation|[partiallytrapped]
|upkeep
|turn|24
|
|t:|1758329453
|move|p2a: Toxapex|Baneful Bunker|p2a: Toxapex
|-singleturn|p2a: Toxapex|move: Protect
|move|p1a: Gholdengo|Shadow Ball|p2a: Toxapex
|-activate|p2a: Toxapex|move: Protect
|
|-heal|p2a: Toxapex|75/100|[from] item: Black Sludge
|-damage|p1a: Gholdengo|63/100|[from] move: Infestation|[partiallytrapped]
|upkeep
|turn|25
|
|t:|1758329462
|switch|p1a: Great Tusk|Great Tusk|100/100
|-damage|p1a: Great Tusk|98/100|[from] Stealth Rock
|move|p2a: Toxapex|Chilling Water|p1a: Great Tusk
|-supereffective|p1a: Great Tusk
|-damage|p1a: Great Tusk|71/100
|-unboost|p1a: Great Tusk|atk|1
|
|-heal|p1a: Great Tusk|77/100|[from] item: Leftovers
|-heal|p2a: Toxapex|81/100|[from] item: Black Sludge
|upkeep
|turn|26
|
|t:|1758329475
|move|p2a: Toxapex|Baneful Bunker|p2a: Toxapex
|-singleturn|p2a: Toxapex|move: Protect
|move|p1a: Great Tusk|Earthquake|p2a: Toxapex
|-activate|p2a: Toxapex|move: Protect
|
|-heal|p1a: Great Tusk|84/100|[from] item: Leftovers
|-heal|p2a: Toxapex|87/100|[from] item: Black Sludge
|upkeep
|turn|27
|
|t:|1758329485
|move|p1a: Great Tusk|Rapid Spin|p2a: Toxapex
|-damage|p2a: Toxapex|81/100
|-boost|p1a: Great Tusk|spe|1
|-sideend|p1: GengyGoat|Stealth Rock|[from] move: Rapid Spin|[of] p1a: Great Tusk
|move|p2a: Toxapex|Infestation|p1a: Great Tusk
|-resisted|p1a: Great Tusk
|-damage|p1a: Great Tusk|82/100
|-activate|p1a: Great Tusk|move: Infestation|[of] p2a: Toxapex
|
|-heal|p1a: Great Tusk|88/100|[from] item: Leftovers
|-heal|p2a: Toxapex|87/100|[from] item: Black Sludge
|-damage|p1a: Great Tusk|75/100|[from] move: Infestation|[partiallytrapped]
|upkeep
|turn|28
|
|t:|1758329497
|move|p1a: Great Tusk|Knock Off|p2a: Toxapex
|-damage|p2a: Toxapex|76/100
|-enditem|p2a: Toxapex|Black Sludge|[from] move: Knock Off|[of] p1a: Great Tusk
|move|p2a: Toxapex|Chilling Water|p1a: Great Tusk
|-supereffective|p1a: Great Tusk
|-damage|p1a: Great Tusk|50/100
|-unboost|p1a: Great Tusk|atk|1
|
|-heal|p1a: Great Tusk|56/100|[from] item: Leftovers
|-damage|p1a: Great Tusk|44/100|[from] move: Infestation|[partiallytrapped]
|upkeep
|turn|29
|
|t:|1758329515
|-terastallize|p1a: Great Tusk|Ground
|move|p1a: Great Tusk|Rapid Spin|p2a: Toxapex
|-damage|p2a: Toxapex|71/100
|-boost|p1a: Great Tusk|spe|1
|-end|p1a: Great Tusk|Infestation|[partiallytrapped]
|move|p2a: Toxapex|Chilling Water|p1a: Great Tusk
|-supereffective|p1a: Great Tusk
|-damage|p1a: Great Tusk|16/100
|-unboost|p1a: Great Tusk|atk|1
|
|-heal|p1a: Great Tusk|22/100|[from] item: Leftovers
|upkeep
|turn|30
|
|t:|1758329534
|-end|p1a: Great Tusk|Protosynthesis|[silent]
|switch|p1a: Ting-Lu|Ting-Lu|59/100 brn
|-ability|p1a: Ting-Lu|Vessel of Ruin
|move|p2a: Toxapex|Recover|p2a: Toxapex
|-heal|p2a: Toxapex|100/100
|
|-heal|p1a: Ting-Lu|65/100 brn|[from] item: Leftovers
|-damage|p1a: Ting-Lu|59/100 brn|[from] brn
|upkeep
|turn|31
|
|t:|1758329547
|move|p2a: Toxapex|Chilling Water|p1a: Ting-Lu
|-supereffective|p1a: Ting-Lu
|-damage|p1a: Ting-Lu|50/100 brn
|-unboost|p1a: Ting-Lu|atk|1
|move|p1a: Ting-Lu|Whirlwind|p2a: Toxapex
|drag|p2a: Muk|Muk-Alola, F|100/100
|-damage|p2a: Muk|88/100|[from] Spikes
|
|-heal|p1a: Ting-Lu|57/100 brn|[from] item: Leftovers
|-damage|p1a: Ting-Lu|50/100 brn|[from] brn
|upkeep
|turn|32
|
|t:|1758329560
|move|p2a: Muk|Knock Off|p1a: Ting-Lu
|-resisted|p1a: Ting-Lu
|-damage|p1a: Ting-Lu|42/100 brn
|-enditem|p1a: Ting-Lu|Leftovers|[from] move: Knock Off|[of] p2a: Muk
|move|p1a: Ting-Lu|Earthquake|p2a: Muk
|-supereffective|p2a: Muk
|-damage|p2a: Muk|60/100
|
|-damage|p1a: Ting-Lu|35/100 brn|[from] brn
|upkeep
|turn|33
|
|t:|1758329570
|switch|p1a: Gholdengo|Gholdengo|63/100
|move|p2a: Muk|Drain Punch|p1a: Gholdengo
|-immune|p1a: Gholdengo
|
|upkeep
|turn|34
|c|☆GengyGoat|There’s a option to give up?
|
|t:|1758329588
|move|p1a: Gholdengo|Shadow Ball|p2a: Muk
|-resisted|p2a: Muk
|-damage|p2a: Muk|48/100
|-enditem|p2a: Muk|Figy Berry|[eat]
|-heal|p2a: Muk|81/100|[from] item: Figy Berry
|move|p2a: Muk|Knock Off|p1a: Gholdengo
|-supereffective|p1a: Gholdengo
|-damage|p1a: Gholdengo|7/100
|
|upkeep
|turn|35
|
|t:|1758329599
|switch|p1a: Dragapult|Dragapult, M|51/100
|move|p2a: Muk|Recycle|p2a: Muk
|-item|p2a: Muk|Figy Berry|[from] move: Recycle
|
|upkeep
|turn|36
|
|t:|1758329606
|move|p1a: Dragapult|Draco Meteor|p2a: Muk
|-damage|p2a: Muk|35/100
|-unboost|p1a: Dragapult|spa|2
|-enditem|p2a: Muk|Figy Berry|[eat]
|-heal|p2a: Muk|68/100|[from] item: Figy Berry
|move|p2a: Muk|Knock Off|p1a: Dragapult
|-supereffective|p1a: Dragapult
|-damage|p1a: Dragapult|0 fnt
|-enditem|p1a: Dragapult|Choice Specs|[from] move: Knock Off|[of] p2a: Muk
|faint|p1a: Dragapult
|
|upkeep
|
|t:|1758329619
|switch|p1a: Cinderace|Cinderace, M, shiny|18/100
|turn|37
|
|t:|1758329628
|move|p1a: Cinderace|U-turn|p2a: Muk
|-start|p1a: Cinderace|typechange|Bug|[from] ability: Libero
|-damage|p2a: Muk|29/100
|
|t:|1758329637
|switch|p1a: Ting-Lu|Ting-Lu|35/100 brn|[from] U-turn
|-ability|p1a: Ting-Lu|Vessel of Ruin
|move|p2a: Muk|Recycle|p2a: Muk
|-item|p2a: Muk|Figy Berry|[from] move: Recycle
|-enditem|p2a: Muk|Figy Berry|[eat]
|-heal|p2a: Muk|63/100|[from] item: Figy Berry
|
|-damage|p1a: Ting-Lu|29/100 brn|[from] brn
|upkeep
|turn|38
|
|t:|1758329650
|move|p2a: Muk|Recycle|p2a: Muk
|-item|p2a: Muk|Figy Berry|[from] move: Recycle
|move|p1a: Ting-Lu|Ruination|p2a: Muk
|-damage|p2a: Muk|32/100
|-enditem|p2a: Muk|Figy Berry|[eat]
|-heal|p2a: Muk|65/100|[from] item: Figy Berry
|
|-damage|p1a: Ting-Lu|23/100 brn|[from] brn
|upkeep
|turn|39
|
|t:|1758329662
|switch|p1a: Cinderace|Cinderace, M, shiny|18/100
|move|p2a: Muk|Recycle|p2a: Muk
|-item|p2a: Muk|Figy Berry|[from] move: Recycle
|
|upkeep
|turn|40
|
|t:|1758329669
|move|p1a: Cinderace|High Jump Kick|p2a: Muk
|-start|p1a: Cinderace|typechange|Fighting|[from] ability: Libero
|-damage|p2a: Muk|1/100
|-enditem|p2a: Muk|Figy Berry|[eat]
|-heal|p2a: Muk|35/100|[from] item: Figy Berry
|move|p2a: Muk|Drain Punch|p1a: Cinderace
|-damage|p1a: Cinderace|0 fnt
|-heal|p2a: Muk|41/100|[from] drain|[of] p1a: Cinderace
|faint|p1a: Cinderace
|
|upkeep
|
|t:|1758329682
|switch|p1a: Ting-Lu|Ting-Lu|23/100 brn
|-ability|p1a: Ting-Lu|Vessel of Ruin
|turn|41
|
|t:|1758329687
|move|p2a: Muk|Recycle|p2a: Muk
|-item|p2a: Muk|Figy Berry|[from] move: Recycle
|-enditem|p2a: Muk|Figy Berry|[eat]
|-heal|p2a: Muk|74/100|[from] item: Figy Berry
|move|p1a: Ting-Lu|Spikes|p2a: Muk
|-sidestart|p2: testingcharizandra|Spikes
|
|-damage|p1a: Ting-Lu|17/100 brn|[from] brn
|upkeep
|turn|42
|
|t:|1758329694
|move|p2a: Muk|Recycle|p2a: Muk
|-item|p2a: Muk|Figy Berry|[from] move: Recycle
|move|p1a: Ting-Lu|Spikes|p2a: Muk
|-sidestart|p2: testingcharizandra|Spikes
|
|-damage|p1a: Ting-Lu|10/100 brn|[from] brn
|upkeep
|turn|43
|
|t:|1758329707
|move|p2a: Muk|Drain Punch|p1a: Ting-Lu
|-supereffective|p1a: Ting-Lu
|-damage|p1a: Ting-Lu|0 fnt
|-heal|p2a: Muk|81/100|[from] drain|[of] p1a: Ting-Lu
|faint|p1a: Ting-Lu
|
|upkeep
|
|t:|1758329715
|switch|p1a: Gholdengo|Gholdengo|7/100
|turn|44
|
|t:|1758329723
|move|p1a: Gholdengo|Recover|p1a: Gholdengo
|-heal|p1a: Gholdengo|57/100
|move|p2a: Muk|Knock Off|p1a: Gholdengo
|-supereffective|p1a: Gholdengo
|-damage|p1a: Gholdengo|9/100
|
|upkeep
|turn|45
|
|t:|1758329731
|move|p1a: Gholdengo|Recover|p1a: Gholdengo
|-heal|p1a: Gholdengo|59/100
|move|p2a: Muk|Curse|p2a: Muk
|-unboost|p2a: Muk|spe|1
|-boost|p2a: Muk|atk|1
|-boost|p2a: Muk|def|1
|
|upkeep
|turn|46
|
|t:|1758329739
|move|p1a: Gholdengo|Shadow Ball|p2a: Muk
|-resisted|p2a: Muk
|-damage|p2a: Muk|69/100
|move|p2a: Muk|Curse|p2a: Muk
|-unboost|p2a: Muk|spe|1
|-boost|p2a: Muk|atk|1
|-boost|p2a: Muk|def|1
|
|upkeep
|turn|47
|
|t:|1758329761
|move|p1a: Gholdengo|Nasty Plot|p1a: Gholdengo
|-boost|p1a: Gholdengo|spa|2
|move|p2a: Muk|Knock Off|p1a: Gholdengo
|-supereffective|p1a: Gholdengo
|-damage|p1a: Gholdengo|0 fnt
|faint|p1a: Gholdengo
|
|upkeep
|
|t:|1758329768
|switch|p1a: Great Tusk|Great Tusk, tera:Ground|22/100
|turn|48
|
|t:|1758329772
|move|p1a: Great Tusk|Stealth Rock|p2a: Muk
|-sidestart|p2: testingcharizandra|move: Stealth Rock
|move|p2a: Muk|Recycle||[still]
|-fail|p2a: Muk
|
|-heal|p1a: Great Tusk|28/100|[from] item: Leftovers
|upkeep
|turn|49
|
|t:|1758329781
|move|p1a: Great Tusk|Knock Off|p2a: Muk
|-resisted|p2a: Muk
|-damage|p2a: Muk|61/100
|-enditem|p2a: Muk|Figy Berry|[from] move: Knock Off|[of] p1a: Great Tusk
|move|p2a: Muk|Drain Punch|p1a: Great Tusk
|-crit|p1a: Great Tusk
|-damage|p1a: Great Tusk|1/100
|-heal|p2a: Muk|75/100|[from] drain|[of] p1a: Great Tusk
|
|-heal|p1a: Great Tusk|7/100|[from] item: Leftovers
|upkeep
|turn|50
|
|t:|1758329793
|move|p1a: Great Tusk|Knock Off|p2a: Muk
|-resisted|p2a: Muk
|-damage|p2a: Muk|71/100
|move|p2a: Muk|Knock Off|p1a: Great Tusk
|-damage|p1a: Great Tusk|0 fnt
|-enditem|p1a: Great Tusk|Leftovers|[from] move: Knock Off|[of] p2a: Muk
|faint|p1a: Great Tusk
|-end|p1a: Great Tusk|Protosynthesis|[silent]
|
|win|testingcharizandra
|raw|GengyGoat's rating: 1000 &rarr; <strong>1000</strong><br />(+0 for losing)
|raw|testingcharizandra's rating: 1027 &rarr; <strong>1060</strong><br />(+33 for winning)
|c|☆GengyGoat|Gg
