|j|☆Wontonsoup420
|j|☆Magicant13
|t:|1758258781
|gametype|singles
|player|p1|Wontonsoup420|170|1251
|player|p2|Magicant13|plasmagruntf|1260
|gen|9
|tier|[Gen 9] OU
|rated|
|rule|HP Percentage Mod: HP is shown in percentages
|rule|Endless Battle Clause: Forcing endless battles is banned
|rule|Species Clause: Limit one of each Pokémon
|rule|OHKO Clause: OHKO moves are banned
|rule|Evasion Items Clause: Evasion items are banned
|rule|Evasion Moves Clause: Evasion moves are banned
|rule|Evasion Abilities Clause: Evasion abilities are banned
|rule|Sleep Moves Clause: Sleep-inducing moves are banned
|clearpoke
|poke|p1|Ninetales, F|
|poke|p1|Raging Bolt|
|poke|p1|Hatterene, F|
|poke|p1|Walking Wake|
|poke|p1|Great Tusk|
|poke|p1|Ceruledge, M|
|poke|p2|Trevenant, F|
|poke|p2|Araquanid, F|
|poke|p2|Porygon-Z|
|poke|p2|Slowking-Galar, F|
|poke|p2|Moltres|
|poke|p2|Garganacl, F|
|teampreview
|inactive|Battle timer is ON: inactive players will automatically lose when time's up. (requested by Wontonsoup420)
|
|t:|1758258792
|teamsize|p1|6
|teamsize|p2|6
|start
|switch|p1a: Ceruledge|Ceruledge, M|100/100
|switch|p2a: Porygon-Z|Porygon-Z, shiny|100/100
|turn|1
|
|t:|1758258800
|switch|p2a: Garganacl|Garganacl, F|100/100
|move|p1a: Ceruledge|Swords Dance|p1a: Ceruledge
|-boost|p1a: Ceruledge|atk|2
|
|upkeep
|turn|2
|
|t:|1758258806
|move|p1a: Ceruledge|Swords Dance|p1a: Ceruledge
|-boost|p1a: Ceruledge|atk|2
|move|p2a: Garganacl|Salt Cure|p1a: Ceruledge
|-supereffective|p1a: Ceruledge
|-damage|p1a: Ceruledge|59/100
|-start|p1a: Ceruledge|Salt Cure
|-ability|p1a: Ceruledge|Weak Armor|boost
|-unboost|p1a: Ceruledge|def|1
|-boost|p1a: Ceruledge|spe|2
|
|-damage|p1a: Ceruledge|47/100|[from] Salt Cure
|upkeep
|turn|3
|
|t:|1758258811
|move|p2a: Garganacl|Protect|p2a: Garganacl
|-singleturn|p2a: Garganacl|Protect
|move|p1a: Ceruledge|Poltergeist|p2a: Garganacl
|-activate|p2a: Garganacl|move: Protect
|
|-damage|p1a: Ceruledge|35/100|[from] Salt Cure
|upkeep
|turn|4
|
|t:|1758258815
|move|p1a: Ceruledge|Poltergeist|p2a: Garganacl
|-activate|p2a: Garganacl|move: Poltergeist|Leftovers
|-damage|p2a: Garganacl|37/100
|move|p2a: Garganacl|Stealth Rock|p1a: Ceruledge
|-sidestart|p1: Wontonsoup420|move: Stealth Rock
|
|-heal|p2a: Garganacl|43/100|[from] item: Leftovers
|-damage|p1a: Ceruledge|22/100|[from] Salt Cure
|upkeep
|turn|5
|
|t:|1758258821
|move|p2a: Garganacl|Protect|p2a: Garganacl
|-singleturn|p2a: Garganacl|Protect
|move|p1a: Ceruledge|Swords Dance|p1a: Ceruledge
|-boost|p1a: Ceruledge|atk|2
|
|-heal|p2a: Garganacl|50/100|[from] item: Leftovers
|-damage|p1a: Ceruledge|10/100|[from] Salt Cure
|upkeep
|turn|6
|
|t:|1758258825
|move|p1a: Ceruledge|Poltergeist|p2a: Garganacl
|-activate|p2a: Garganacl|move: Poltergeist|Leftovers
|-damage|p2a: Garganacl|0 fnt
|faint|p2a: Garganacl
|
|-damage|p1a: Ceruledge|0 fnt|[from] Salt Cure
|faint|p1a: Ceruledge
|upkeep
|
|t:|1758258836
|switch|p1a: Great Tusk|Great Tusk, shiny|100/100
|switch|p2a: Porygon-Z|Porygon-Z, shiny|100/100
|-damage|p1a: Great Tusk|98/100|[from] Stealth Rock
|turn|7
|
|t:|1758258839
|-terastallize|p2a: Porygon-Z|Fairy
|move|p2a: Porygon-Z|Tera Blast|p1a: Great Tusk|[anim] Tera Blast Fairy
|-supereffective|p1a: Great Tusk
|-damage|p1a: Great Tusk|0 fnt
|faint|p1a: Great Tusk
|-end|p1a: Great Tusk|Protosynthesis|[silent]
|
|upkeep
|
|t:|1758258843
|switch|p1a: Ninetales|Ninetales, F, shiny|100/100
|-damage|p1a: Ninetales|76/100|[from] Stealth Rock
|-weather|SunnyDay|[from] ability: Drought|[of] p1a: Ninetales
|turn|8
|
|t:|1758258847
|move|p1a: Ninetales|Weather Ball|p2a: Porygon-Z
|-damage|p2a: Porygon-Z|36/100
|move|p2a: Porygon-Z|Tera Blast|p1a: Ninetales|[anim] Tera Blast Fairy
|-resisted|p1a: Ninetales
|-damage|p1a: Ninetales|32/100
|
|-weather|SunnyDay|[upkeep]
|upkeep
|turn|9
|
|t:|1758258853
|switch|p2a: Slowking|Slowking-Galar, F|100/100
|move|p1a: Ninetales|Weather Ball|p2a: Slowking
|-damage|p2a: Slowking|76/100
|
|-weather|SunnyDay|[upkeep]
|upkeep
|turn|10
|
|t:|1758258855
|move|p1a: Ninetales|Will-O-Wisp|p2a: Slowking
|-status|p2a: Slowking|brn
|-prepare|p2a: Slowking|Chilly Reception|[premajor]
|move|p2a: Slowking|Chilly Reception|p2a: Slowking
|-weather|Snowscape
|
|t:|1758258860
|switch|p2a: Araquanid|Araquanid, F, shiny|100/100|[from] Chilly Reception
|
|-weather|Snowscape|[upkeep]
|upkeep
|turn|11
|
|t:|1758258872
|move|p1a: Ninetales|Will-O-Wisp|p2a: Araquanid
|-immune|p2a: Araquanid|[from] ability: Water Bubble
|move|p2a: Araquanid|Lunge|p1a: Ninetales
|-resisted|p1a: Ninetales
|-damage|p1a: Ninetales|4/100
|-unboost|p1a: Ninetales|atk|1
|
|-weather|Snowscape|[upkeep]
|upkeep
|turn|12
|
|t:|1758258881
|switch|p2a: Moltres|Moltres, shiny|100/100
|move|p1a: Ninetales|Encore||[still]
|-fail|p1a: Ninetales
|
|-weather|Snowscape|[upkeep]
|upkeep
|turn|13
|
|t:|1758258887
|move|p1a: Ninetales|Healing Wish|p1a: Ninetales
|faint|p1a: Ninetales
|move|p2a: Moltres|U-turn|p1: Ninetales|[notarget]
|-fail|p2a: Moltres
|
|-weather|Snowscape|[upkeep]
|upkeep
|
|t:|1758258897
|switch|p1a: Raging Bolt|Raging Bolt|100/100
|-damage|p1a: Raging Bolt|88/100|[from] Stealth Rock
|-enditem|p1a: Raging Bolt|Booster Energy
|-activate|p1a: Raging Bolt|ability: Protosynthesis|[fromitem]
|-start|p1a: Raging Bolt|protosynthesisspa
|turn|14
|
|t:|1758258907
|move|p1a: Raging Bolt|Calm Mind|p1a: Raging Bolt
|-boost|p1a: Raging Bolt|spa|1
|-boost|p1a: Raging Bolt|spd|1
|move|p2a: Moltres|U-turn|p1a: Raging Bolt
|-damage|p1a: Raging Bolt|74/100
|
|t:|1758258909
|switch|p2a: Porygon-Z|Porygon-Z, shiny, tera:Fairy|36/100|[from] U-turn
|
|-weather|none
|upkeep
|turn|15
|
|t:|1758258917
|move|p1a: Raging Bolt|Thunderclap||[still]
|-fail|p1a: Raging Bolt
|move|p2a: Porygon-Z|Trick|p1a: Raging Bolt
|-activate|p2a: Porygon-Z|move: Trick|[of] p1a: Raging Bolt
|-item|p1a: Raging Bolt|Choice Specs|[from] move: Trick
|-enditem|p2a: Porygon-Z|Choice Specs|[silent]|[from] move: Trick
|
|upkeep
|turn|16
|
|t:|1758258926
|move|p1a: Raging Bolt|Thunderclap||[still]
|-fail|p1a: Raging Bolt
|move|p2a: Porygon-Z|Nasty Plot|p2a: Porygon-Z
|-boost|p2a: Porygon-Z|spa|2
|
|upkeep
|turn|17
|
|t:|1758258932
|move|p1a: Raging Bolt|Thunderclap||[still]
|-fail|p1a: Raging Bolt
|move|p2a: Porygon-Z|Nasty Plot|p2a: Porygon-Z
|-boost|p2a: Porygon-Z|spa|2
|
|upkeep
|turn|18
|
|t:|1758258934
|move|p1a: Raging Bolt|Thunderclap||[still]
|-fail|p1a: Raging Bolt
|move|p2a: Porygon-Z|Nasty Plot|p2a: Porygon-Z
|-boost|p2a: Porygon-Z|spa|2
|
|upkeep
|turn|19
|
|t:|1758258936
|move|p1a: Raging Bolt|Thunderclap||[still]
|-fail|p1a: Raging Bolt
|move|p2a: Porygon-Z|Nasty Plot|p2a: Porygon-Z
|-boost|p2a: Porygon-Z|spa|0
|
|upkeep
|turn|20
|
|t:|1758258939
|move|p1a: Raging Bolt|Thunderclap||[still]
|-fail|p1a: Raging Bolt
|move|p2a: Porygon-Z|Nasty Plot|p2a: Porygon-Z
|-boost|p2a: Porygon-Z|spa|0
|
|upkeep
|turn|21
|
|t:|1758258940
|move|p1a: Raging Bolt|Thunderclap||[still]
|-fail|p1a: Raging Bolt
|move|p2a: Porygon-Z|Nasty Plot|p2a: Porygon-Z
|-boost|p2a: Porygon-Z|spa|0
|
|upkeep
|turn|22
|
|t:|1758258943
|move|p1a: Raging Bolt|Thunderclap||[still]
|-fail|p1a: Raging Bolt
|move|p2a: Porygon-Z|Nasty Plot|p2a: Porygon-Z
|-boost|p2a: Porygon-Z|spa|0
|
|upkeep
|turn|23
|
|t:|1758258949
|-end|p1a: Raging Bolt|Protosynthesis|[silent]
|switch|p1a: Hatterene|Hatterene, F|100/100
|-damage|p1a: Hatterene|88/100|[from] Stealth Rock
|move|p2a: Porygon-Z|Tera Blast|p1a: Hatterene|[anim] Tera Blast Fairy
|-damage|p1a: Hatterene|0 fnt
|faint|p1a: Hatterene
|
|upkeep
|
|t:|1758258951
|switch|p1a: Walking Wake|Walking Wake|100/100
|-damage|p1a: Walking Wake|88/100|[from] Stealth Rock
|turn|24
|
|t:|1758258963
|-terastallize|p1a: Walking Wake|Water
|move|p1a: Walking Wake|Hydro Steam|p2a: Porygon-Z
|-damage|p2a: Porygon-Z|0 fnt
|faint|p2a: Porygon-Z
|
|upkeep
|
|t:|1758258968
|switch|p2a: Araquanid|Araquanid, F, shiny|100/100
|turn|25
|
|t:|1758258974
|-end|p1a: Walking Wake|Protosynthesis|[silent]
|switch|p1a: Raging Bolt|Raging Bolt|74/100
|-heal|p1a: Raging Bolt|100/100|[from] move: Healing Wish
|-damage|p1a: Raging Bolt|88/100|[from] Stealth Rock
|move|p2a: Araquanid|Pounce|p1a: Raging Bolt
|-damage|p1a: Raging Bolt|63/100
|-unboost|p1a: Raging Bolt|spe|1
|
|upkeep
|turn|26
|
|t:|1758258978
|switch|p2a: Slowking|Slowking-Galar, F|100/100 brn
|move|p1a: Raging Bolt|Thunderbolt|p2a: Slowking
|-damage|p2a: Slowking|56/100 brn
|
|-damage|p2a: Slowking|49/100 brn|[from] brn
|upkeep
|turn|27
|
|t:|1758258980
|move|p1a: Raging Bolt|Thunderbolt|p2a: Slowking
|-damage|p2a: Slowking|5/100 brn
|move|p2a: Slowking|Toxic Spikes|p1a: Raging Bolt
|-sidestart|p1: Wontonsoup420|move: Toxic Spikes
|
|-damage|p2a: Slowking|0 fnt|[from] brn
|faint|p2a: Slowking
|upkeep
|
|t:|1758258983
|switch|p2a: The Taking Tree|Trevenant, F, shiny|100/100
|turn|28
|
|t:|1758258985
|move|p2a: The Taking Tree|Substitute|p2a: The Taking Tree
|-start|p2a: The Taking Tree|Substitute
|-damage|p2a: The Taking Tree|75/100
|move|p1a: Raging Bolt|Thunderbolt|p2a: The Taking Tree
|-resisted|p2a: The Taking Tree
|-end|p2a: The Taking Tree|Substitute
|
|upkeep
|turn|29
|
|t:|1758258988
|move|p2a: The Taking Tree|Leech Seed|p1a: Raging Bolt
|-start|p1a: Raging Bolt|move: Leech Seed
|move|p1a: Raging Bolt|Thunderbolt|p2a: The Taking Tree
|-resisted|p2a: The Taking Tree
|-crit|p2a: The Taking Tree
|-damage|p2a: The Taking Tree|7/100
|-enditem|p2a: The Taking Tree|Sitrus Berry|[eat]
|-heal|p2a: The Taking Tree|32/100|[from] item: Sitrus Berry
|
|-damage|p1a: Raging Bolt|51/100|[from] Leech Seed|[of] p2a: The Taking Tree
|-heal|p2a: The Taking Tree|45/100|[silent]
|-item|p2a: The Taking Tree|Sitrus Berry|[from] ability: Harvest
|upkeep
|-enditem|p2a: The Taking Tree|Sitrus Berry|[eat]
|-heal|p2a: The Taking Tree|70/100|[from] item: Sitrus Berry
|turn|30
|
|t:|1758258991
|move|p2a: The Taking Tree|Substitute|p2a: The Taking Tree
|-start|p2a: The Taking Tree|Substitute
|-damage|p2a: The Taking Tree|45/100
|move|p1a: Raging Bolt|Thunderbolt|p2a: The Taking Tree
|-resisted|p2a: The Taking Tree
|-end|p2a: The Taking Tree|Substitute
|
|-damage|p1a: Raging Bolt|38/100|[from] Leech Seed|[of] p2a: The Taking Tree
|-heal|p2a: The Taking Tree|58/100|[silent]
|upkeep
|turn|31
|
|t:|1758258994
|move|p2a: The Taking Tree|Substitute|p2a: The Taking Tree
|-start|p2a: The Taking Tree|Substitute
|-damage|p2a: The Taking Tree|33/100
|move|p1a: Raging Bolt|Thunderbolt|p2a: The Taking Tree
|-resisted|p2a: The Taking Tree
|-end|p2a: The Taking Tree|Substitute
|
|-damage|p1a: Raging Bolt|26/100|[from] Leech Seed|[of] p2a: The Taking Tree
|-heal|p2a: The Taking Tree|46/100|[silent]
|upkeep
|turn|32
|
|t:|1758258996
|move|p2a: The Taking Tree|Protect|p2a: The Taking Tree
|-singleturn|p2a: The Taking Tree|Protect
|move|p1a: Raging Bolt|Thunderbolt|p2a: The Taking Tree
|-activate|p2a: The Taking Tree|move: Protect
|
|-damage|p1a: Raging Bolt|14/100|[from] Leech Seed|[of] p2a: The Taking Tree
|-heal|p2a: The Taking Tree|59/100|[silent]
|-item|p2a: The Taking Tree|Sitrus Berry|[from] ability: Harvest
|upkeep
|turn|33
|
|t:|1758258997
|move|p2a: The Taking Tree|Substitute|p2a: The Taking Tree
|-start|p2a: The Taking Tree|Substitute
|-damage|p2a: The Taking Tree|34/100
|-enditem|p2a: The Taking Tree|Sitrus Berry|[eat]
|-heal|p2a: The Taking Tree|59/100|[from] item: Sitrus Berry
|move|p1a: Raging Bolt|Thunderbolt|p2a: The Taking Tree
|-resisted|p2a: The Taking Tree
|-end|p2a: The Taking Tree|Substitute
|
|-damage|p1a: Raging Bolt|2/100|[from] Leech Seed|[of] p2a: The Taking Tree
|-heal|p2a: The Taking Tree|72/100|[silent]
|-item|p2a: The Taking Tree|Sitrus Berry|[from] ability: Harvest
|upkeep
|turn|34
|
|t:|1758259000
|move|p2a: The Taking Tree|Substitute|p2a: The Taking Tree
|-start|p2a: The Taking Tree|Substitute
|-damage|p2a: The Taking Tree|47/100
|-enditem|p2a: The Taking Tree|Sitrus Berry|[eat]
|-heal|p2a: The Taking Tree|72/100|[from] item: Sitrus Berry
|move|p1a: Raging Bolt|Thunderbolt|p2a: The Taking Tree
|-resisted|p2a: The Taking Tree
|-end|p2a: The Taking Tree|Substitute
|
|-damage|p1a: Raging Bolt|0 fnt|[from] Leech Seed|[of] p2a: The Taking Tree
|-heal|p2a: The Taking Tree|73/100|[silent]
|faint|p1a: Raging Bolt
|-end|p1a: Raging Bolt|Protosynthesis|[silent]
|upkeep
|
|t:|1758259002
|switch|p1a: Walking Wake|Walking Wake, tera:Water|88/100
|-damage|p1a: Walking Wake|76/100|[from] Stealth Rock
|-status|p1a: Walking Wake|psn
|turn|35
|
|t:|1758259006
|move|p2a: The Taking Tree|Protect|p2a: The Taking Tree
|-singleturn|p2a: The Taking Tree|Protect
|move|p1a: Walking Wake|Dragon Pulse|p2a: The Taking Tree
|-activate|p2a: The Taking Tree|move: Protect
|
|-damage|p1a: Walking Wake|63/100 psn|[from] psn
|-item|p2a: The Taking Tree|Sitrus Berry|[from] ability: Harvest
|upkeep
|turn|36
|
|t:|1758259010
|move|p1a: Walking Wake|Dragon Pulse|p2a: The Taking Tree
|-damage|p2a: The Taking Tree|6/100
|-enditem|p2a: The Taking Tree|Sitrus Berry|[eat]
|-heal|p2a: The Taking Tree|31/100|[from] item: Sitrus Berry
|move|p2a: The Taking Tree|Leech Seed|p1a: Walking Wake|[miss]
|-miss|p2a: The Taking Tree|p1a: Walking Wake
|
|-damage|p1a: Walking Wake|51/100 psn|[from] psn
|upkeep
|turn|37
|
|t:|1758259012
|move|p2a: The Taking Tree|Protect|p2a: The Taking Tree
|-singleturn|p2a: The Taking Tree|Protect
|move|p1a: Walking Wake|Dragon Pulse|p2a: The Taking Tree
|-activate|p2a: The Taking Tree|move: Protect
|
|-damage|p1a: Walking Wake|39/100 psn|[from] psn
|upkeep
|turn|38
|
|t:|1758259014
|move|p1a: Walking Wake|Dragon Pulse|p2a: The Taking Tree
|-damage|p2a: The Taking Tree|0 fnt
|faint|p2a: The Taking Tree
|
|-damage|p1a: Walking Wake|26/100 psn|[from] psn
|upkeep
|
|t:|1758259016
|switch|p2a: Araquanid|Araquanid, F, shiny|100/100
|turn|39
|
|t:|1758259020
|move|p1a: Walking Wake|Dragon Pulse|p2a: Araquanid
|-damage|p2a: Araquanid|50/100
|move|p2a: Araquanid|Lunge|p1a: Walking Wake
|-damage|p1a: Walking Wake|0 fnt
|faint|p1a: Walking Wake
|-end|p1a: Walking Wake|Protosynthesis|[silent]
|
|win|Magicant13
|raw|Wontonsoup420's rating: 1251 &rarr; <strong>1227</strong><br />(-24 for losing)
|raw|Magicant13's rating: 1260 &rarr; <strong>1284</strong><br />(+24 for winning)
|l|☆Magicant13
|player|p2|
|l|☆Wontonsoup420
|player|p1|
