|j|☆Jon Mateo
|j|☆iheartgalvantula
|t:|1758298609
|gametype|singles
|player|p1|Jon Mateo|265|1356
|player|p2|iheartgalvantula|unknown|1327
|gen|9
|tier|[Gen 9] OU
|rated|
|rule|HP Percentage Mod: HP is shown in percentages
|rule|Endless Battle Clause: Forcing endless battles is banned
|rule|Species Clause: Limit one of each Pokémon
|rule|OHKO Clause: OHKO moves are banned
|rule|Evasion Items Clause: Evasion items are banned
|rule|Evasion Moves Clause: Evasion moves are banned
|rule|Evasion Abilities Clause: Evasion abilities are banned
|rule|Sleep Moves Clause: Sleep-inducing moves are banned
|clearpoke
|poke|p1|Ceruledge, F|
|poke|p1|Lokix, F|
|poke|p1|Quaquaval, M|
|poke|p1|Gardevoir, F|
|poke|p1|Garchomp, M|
|poke|p1|Rotom-Frost|
|poke|p2|Cacturne, F|
|poke|p2|Pelipper, M|
|poke|p2|Barraskewda, M|
|poke|p2|Zapdos|
|poke|p2|Ogerpon-Wellspring, F|
|poke|p2|Iron Treads|
|teampreview
|inactive|Battle timer is ON: inactive players will automatically lose when time's up. (requested by iheartgalvantula)
|
|t:|1758298625
|teamsize|p1|6
|teamsize|p2|6
|start
|switch|p1a: Rotom|Rotom-Frost|100/100
|switch|p2a: Iron Treads|Iron Treads|100/100
|-item|p2a: Iron Treads|Air Balloon
|turn|1
|
|t:|1758298633
|move|p1a: Rotom|Blizzard|p2a: Iron Treads|[miss]
|-miss|p1a: Rotom|p2a: Iron Treads
|move|p2a: Iron Treads|Stealth Rock|p1a: Rotom
|-sidestart|p1: Jon Mateo|move: Stealth Rock
|
|upkeep
|turn|2
|
|t:|1758298641
|move|p1a: Rotom|Blizzard|p2a: Iron Treads
|-damage|p2a: Iron Treads|46/100
|-enditem|p2a: Iron Treads|Air Balloon
|move|p2a: Iron Treads|Volt Switch|p1a: Rotom
|-resisted|p1a: Rotom
|-damage|p1a: Rotom|93/100
|
|t:|1758298646
|-end|p2a: Iron Treads|Quark Drive|[silent]
|switch|p2a: Pelipper|Pelipper, M|100/100|[from] Volt Switch
|-weather|RainDance|[from] ability: Drizzle|[of] p2a: Pelipper
|
|-weather|RainDance|[upkeep]
|upkeep
|turn|3
|
|t:|1758298657
|switch|p2a: Iron Treads|Iron Treads|46/100
|move|p1a: Rotom|Blizzard|p2a: Iron Treads|[miss]
|-miss|p1a: Rotom|p2a: Iron Treads
|
|-weather|RainDance|[upkeep]
|upkeep
|turn|4
|
|t:|1758298663
|move|p1a: Rotom|Blizzard|p2a: Iron Treads|[miss]
|-miss|p1a: Rotom|p2a: Iron Treads
|move|p2a: Iron Treads|Volt Switch|p1a: Rotom
|-resisted|p1a: Rotom
|-damage|p1a: Rotom|86/100
|
|t:|1758298670
|-end|p2a: Iron Treads|Quark Drive|[silent]
|switch|p2a: Barraskewda|Barraskewda, M|100/100|[from] Volt Switch
|
|-weather|RainDance|[upkeep]
|upkeep
|turn|5
|
|t:|1758298675
|switch|p1a: Garchomp|Garchomp, M|100/100
|-damage|p1a: Garchomp|94/100|[from] Stealth Rock
|-terastallize|p2a: Barraskewda|Water
|move|p2a: Barraskewda|Flip Turn|p1a: Garchomp
|-damage|p1a: Garchomp|2/100
|-damage|p2a: Barraskewda|88/100|[from] ability: Rough Skin|[of] p1a: Garchomp
|
|t:|1758298693
|switch|p2a: Cacturne|Cacturne, F|100/100|[from] Flip Turn
|
|-weather|RainDance|[upkeep]
|upkeep
|turn|6
|
|t:|1758298699
|move|p1a: Garchomp|Scale Shot|p2a: Cacturne
|-damage|p2a: Cacturne|86/100
|-damage|p2a: Cacturne|71/100
|-damage|p2a: Cacturne|57/100
|-damage|p2a: Cacturne|42/100
|-damage|p2a: Cacturne|29/100
|-hitcount|p2a: Cacturne|5
|-unboost|p1a: Garchomp|def|1
|-boost|p1a: Garchomp|spe|1
|move|p2a: Cacturne|Substitute|p2a: Cacturne
|-start|p2a: Cacturne|Substitute
|-damage|p2a: Cacturne|4/100
|
|-weather|RainDance|[upkeep]
|upkeep
|turn|7
|
|t:|1758298708
|move|p2a: Cacturne|Spiky Shield|p2a: Cacturne
|-singleturn|p2a: Cacturne|move: Protect
|move|p1a: Garchomp|Swords Dance|p1a: Garchomp
|-boost|p1a: Garchomp|atk|2
|
|-weather|RainDance|[upkeep]
|upkeep
|turn|8
|
|t:|1758298714
|move|p2a: Cacturne|Sucker Punch|p1a: Garchomp
|-damage|p1a: Garchomp|0 fnt
|-damage|p2a: Cacturne|0 fnt|[from] ability: Rough Skin|[of] p1a: Garchomp
|faint|p1a: Garchomp
|faint|p2a: Cacturne
|
|-weather|RainDance|[upkeep]
|upkeep
|
|t:|1758298729
|switch|p1a: Quaquaval|Quaquaval, M|100/100
|switch|p2a: Zapdos|Zapdos|100/100
|-damage|p1a: Quaquaval|94/100|[from] Stealth Rock
|turn|9
|
|t:|1758298740
|-terastallize|p1a: Quaquaval|Water
|move|p1a: Quaquaval|Aqua Jet|p2a: Zapdos
|-damage|p2a: Zapdos|20/100
|move|p2a: Zapdos|Hurricane|p1a: Quaquaval
|-damage|p1a: Quaquaval|0 fnt
|faint|p1a: Quaquaval
|
|-weather|none
|upkeep
|
|t:|1758298747
|switch|p1a: Rotom|Rotom-Frost|86/100
|-damage|p1a: Rotom|61/100|[from] Stealth Rock
|turn|10
|
|t:|1758298752
|switch|p2a: Iron Treads|Iron Treads|46/100
|move|p1a: Rotom|Blizzard|p2a: Iron Treads
|-damage|p2a: Iron Treads|0 fnt
|faint|p2a: Iron Treads
|-end|p2a: Iron Treads|Quark Drive|[silent]
|
|upkeep
|
|t:|1758298756
|switch|p2a: Pelipper|Pelipper, M|100/100
|-weather|RainDance|[from] ability: Drizzle|[of] p2a: Pelipper
|turn|11
|
|t:|1758298766
|move|p1a: Rotom|Blizzard|p2a: Pelipper
|-damage|p2a: Pelipper|53/100
|move|p2a: Pelipper|U-turn|p1a: Rotom
|-damage|p1a: Rotom|50/100
|
|t:|1758298769
|switch|p2a: Barraskewda|Barraskewda, M, tera:Water|88/100|[from] U-turn
|
|-weather|RainDance|[upkeep]
|upkeep
|turn|12
|
|t:|1758298772
|move|p2a: Barraskewda|Flip Turn|p1a: Rotom
|-damage|p1a: Rotom|0 fnt
|faint|p1a: Rotom
|
|t:|1758298775
|switch|p2a: Zapdos|Zapdos|20/100|[from] Flip Turn
|
|-weather|RainDance|[upkeep]
|upkeep
|
|t:|1758298781
|switch|p1a: Ceruledge|Ceruledge, F|100/100
|-damage|p1a: Ceruledge|76/100|[from] Stealth Rock
|turn|13
|
|t:|1758298786
|move|p2a: Zapdos|Weather Ball|p1a: Ceruledge
|-supereffective|p1a: Ceruledge
|-damage|p1a: Ceruledge|0 fnt
|faint|p1a: Ceruledge
|
|-weather|RainDance|[upkeep]
|upkeep
|
|t:|1758298791
|switch|p1a: Gardevoir|Gardevoir, F|100/100
|-damage|p1a: Gardevoir|88/100|[from] Stealth Rock
|turn|14
|
|t:|1758298794
|move|p2a: Zapdos|Weather Ball|p1a: Gardevoir
|-damage|p1a: Gardevoir|16/100
|move|p1a: Gardevoir|Moonblast|p2a: Zapdos
|-crit|p2a: Zapdos
|-damage|p2a: Zapdos|0 fnt
|faint|p2a: Zapdos
|
|-weather|RainDance|[upkeep]
|upkeep
|
|t:|1758298799
|switch|p2a: Barraskewda|Barraskewda, M, tera:Water|88/100
|turn|15
|
|t:|1758298802
|move|p2a: Barraskewda|Flip Turn|p1a: Gardevoir
|-damage|p1a: Gardevoir|0 fnt
|faint|p1a: Gardevoir
|
|t:|1758298805
|switch|p2a: Ogerpon|Ogerpon-Wellspring, F|100/100|[from] Flip Turn
|
|-weather|RainDance|[upkeep]
|upkeep
|
|t:|1758298808
|switch|p1a: Lokix|Lokix, F|100/100
|-damage|p1a: Lokix|76/100|[from] Stealth Rock
|turn|16
|
|t:|1758298814
|move|p1a: Lokix|First Impression|p2a: Ogerpon
|-supereffective|p2a: Ogerpon
|-damage|p2a: Ogerpon|0 fnt
|faint|p2a: Ogerpon
|
|-weather|RainDance|[upkeep]
|upkeep
|
|t:|1758298815
|switch|p2a: Barraskewda|Barraskewda, M, tera:Water|88/100
|turn|17
|
|t:|1758298824
|move|p2a: Barraskewda|Aqua Jet|p1a: Lokix
|-damage|p1a: Lokix|0 fnt
|faint|p1a: Lokix
|
|win|iheartgalvantula
|raw|Jon Mateo's rating: 1378 &rarr; <strong>1355</strong><br />(-23 for losing)
|raw|iheartgalvantula's rating: 1327 &rarr; <strong>1350</strong><br />(+23 for winning)
|l|☆Jon Mateo
|player|p1|
|l|☆iheartgalvantula
|player|p2|
