|j|☆The Zamazenta user
|j|☆burrito_theinferno
|t:|1758317878
|gametype|singles
|player|p1|The Zamazenta user|blackbelt-gen4dp|1209
|player|p2|burrito_theinferno|1|1177
|gen|9
|tier|[Gen 9] OU
|rated|
|rule|HP Percentage Mod: HP is shown in percentages
|rule|Endless Battle Clause: Forcing endless battles is banned
|rule|Species Clause: Limit one of each Pokémon
|rule|OHKO Clause: OHKO moves are banned
|rule|Evasion Items Clause: Evasion items are banned
|rule|Evasion Moves Clause: Evasion moves are banned
|rule|Evasion Abilities Clause: Evasion abilities are banned
|rule|Sleep Moves Clause: Sleep-inducing moves are banned
|clearpoke
|poke|p1|Garganacl, F|
|poke|p1|Toxapex, M|
|poke|p1|Latios, M|
|poke|p1|Kingambit, M|
|poke|p1|Cinderace, M|
|poke|p1|Corviknight, F|
|poke|p2|Komala, F|
|poke|p2|Garchomp, M|
|poke|p2|Swalot, F|
|poke|p2|Espeon, M|
|poke|p2|Dragonite, M|
|poke|p2|Blaziken, M|
|teampreview
|inactive|Battle timer is ON: inactive players will automatically lose when time's up. (requested by The Zamazenta user)
|inactive|burrito_theinferno also wants the timer to be on.
|
|t:|1758317886
|teamsize|p1|6
|teamsize|p2|6
|start
|switch|p1a: Corviknight|Corviknight, F|100/100
|switch|p2a: Swalot|Swalot, F|100/100
|turn|1
|
|t:|1758317893
|move|p1a: Corviknight|U-turn|p2a: Swalot
|-resisted|p2a: Swalot
|-damage|p2a: Swalot|95/100
|
|t:|1758317896
|switch|p1a: Toxapex|Toxapex, M|100/100|[from] U-turn
|move|p2a: Swalot|Stuff Cheeks|p2a: Swalot
|-boost|p2a: Swalot|def|2
|-enditem|p2a: Swalot|Starf Berry|[eat]
|-boost|p2a: Swalot|atk|2|[from] item: Starf Berry
|
|upkeep
|turn|2
|
|t:|1758317906
|move|p2a: Swalot|Thief|p1a: Toxapex
|-damage|p1a: Toxapex|86/100
|-enditem|p1a: Toxapex|Black Sludge|[silent]|[from] move: Thief|[of] p2a: Swalot
|-item|p2a: Swalot|Black Sludge|[from] move: Thief|[of] p1a: Toxapex
|move|p1a: Toxapex|Infestation|p2a: Swalot
|-resisted|p2a: Swalot
|-crit|p2a: Swalot
|-damage|p2a: Swalot|94/100
|-activate|p2a: Swalot|move: Infestation|[of] p1a: Toxapex
|
|-heal|p2a: Swalot|99/100|[from] item: Black Sludge
|-damage|p2a: Swalot|87/100|[from] move: Infestation|[partiallytrapped]
|upkeep
|turn|3
|
|t:|1758317920
|move|p2a: Swalot|Body Press|p1a: Toxapex
|-resisted|p1a: Toxapex
|-damage|p1a: Toxapex|72/100
|move|p1a: Toxapex|Infestation|p2a: Swalot
|-resisted|p2a: Swalot
|-damage|p2a: Swalot|86/100
|
|-heal|p2a: Swalot|92/100|[from] item: Black Sludge
|-damage|p2a: Swalot|80/100|[from] move: Infestation|[partiallytrapped]
|upkeep
|turn|4
|
|t:|1758317929
|move|p2a: Swalot|Body Press|p1a: Toxapex
|-resisted|p1a: Toxapex
|-damage|p1a: Toxapex|58/100
|move|p1a: Toxapex|Recover|p1a: Toxapex
|-heal|p1a: Toxapex|100/100
|
|-heal|p2a: Swalot|86/100|[from] item: Black Sludge
|-damage|p2a: Swalot|74/100|[from] move: Infestation|[partiallytrapped]
|upkeep
|turn|5
|
|t:|1758317935
|move|p1a: Toxapex|Baneful Bunker|p1a: Toxapex
|-singleturn|p1a: Toxapex|move: Protect
|move|p2a: Swalot|Belch|p1a: Toxapex
|-activate|p1a: Toxapex|move: Protect
|
|-heal|p2a: Swalot|80/100|[from] item: Black Sludge
|-damage|p2a: Swalot|68/100|[from] move: Infestation|[partiallytrapped]
|upkeep
|turn|6
|
|t:|1758317942
|move|p2a: Swalot|Belch|p1a: Toxapex
|-resisted|p1a: Toxapex
|-damage|p1a: Toxapex|89/100
|move|p1a: Toxapex|Infestation|p2a: Swalot
|-resisted|p2a: Swalot
|-damage|p2a: Swalot|66/100
|
|-heal|p2a: Swalot|73/100|[from] item: Black Sludge
|-damage|p2a: Swalot|60/100|[from] move: Infestation|[partiallytrapped]
|upkeep
|turn|7
|
|t:|1758317954
|move|p2a: Swalot|Body Press|p1a: Toxapex
|-resisted|p1a: Toxapex
|-damage|p1a: Toxapex|74/100
|move|p1a: Toxapex|Infestation|p2a: Swalot
|-resisted|p2a: Swalot
|-damage|p2a: Swalot|59/100
|
|-heal|p2a: Swalot|65/100|[from] item: Black Sludge
|-end|p2a: Swalot|Infestation|[partiallytrapped]
|upkeep
|turn|8
|
|t:|1758317961
|move|p2a: Swalot|Body Press|p1a: Toxapex
|-resisted|p1a: Toxapex
|-damage|p1a: Toxapex|59/100
|move|p1a: Toxapex|Infestation|p2a: Swalot
|-resisted|p2a: Swalot
|-damage|p2a: Swalot|64/100
|-activate|p2a: Swalot|move: Infestation|[of] p1a: Toxapex
|
|-heal|p2a: Swalot|70/100|[from] item: Black Sludge
|-damage|p2a: Swalot|58/100|[from] move: Infestation|[partiallytrapped]
|upkeep
|turn|9
|
|t:|1758317969
|move|p2a: Swalot|Body Press|p1a: Toxapex
|-resisted|p1a: Toxapex
|-damage|p1a: Toxapex|44/100
|move|p1a: Toxapex|Recover|p1a: Toxapex
|-heal|p1a: Toxapex|94/100
|
|-heal|p2a: Swalot|64/100|[from] item: Black Sludge
|-damage|p2a: Swalot|51/100|[from] move: Infestation|[partiallytrapped]
|upkeep
|turn|10
|
|t:|1758317999
|switch|p1a: Latios|Latios, M|100/100
|move|p2a: Swalot|Body Press|p1a: Latios
|-resisted|p1a: Latios
|-damage|p1a: Latios|75/100
|
|-heal|p2a: Swalot|58/100|[from] item: Black Sludge
|-end|p2a: Swalot|Infestation|[partiallytrapped]|[silent]
|upkeep
|turn|11
|
|t:|1758318005
|move|p1a: Latios|Luster Purge|p2a: Swalot
|-supereffective|p2a: Swalot
|-damage|p2a: Swalot|0 fnt
|faint|p2a: Swalot
|
|upkeep
|
|t:|1758318017
|switch|p2a: Komala|Komala, F|100/100
|-ability|p2a: Komala|Comatose
|turn|12
|
|t:|1758318022
|move|p1a: Latios|Calm Mind|p1a: Latios
|-boost|p1a: Latios|spa|1
|-boost|p1a: Latios|spd|1
|move|p2a: Komala|Knock Off|p1a: Latios
|-supereffective|p1a: Latios
|-damage|p1a: Latios|3/100
|-enditem|p1a: Latios|Soul Dew|[from] move: Knock Off|[of] p2a: Komala
|
|upkeep
|turn|13
|
|t:|1758318029
|-terastallize|p1a: Latios|Steel
|move|p1a: Latios|Recover|p1a: Latios
|-heal|p1a: Latios|53/100
|move|p2a: Komala|Rapid Spin|p1a: Latios
|-resisted|p1a: Latios
|-damage|p1a: Latios|39/100
|-boost|p2a: Komala|spe|1
|
|upkeep
|turn|14
|
|t:|1758318038
|move|p1a: Latios|Recover|p1a: Latios
|-heal|p1a: Latios|89/100
|move|p2a: Komala|Body Slam|p1a: Latios
|-resisted|p1a: Latios
|-damage|p1a: Latios|65/100
|
|upkeep
|turn|15
|
|t:|1758318048
|switch|p2a: Blaziken|Blaziken, M|100/100
|move|p1a: Latios|Luster Purge|p2a: Blaziken
|-supereffective|p2a: Blaziken
|-damage|p2a: Blaziken|0 fnt
|faint|p2a: Blaziken
|
|upkeep
|
|t:|1758318054
|switch|p2a: Dragonite|Dragonite, M|100/100
|turn|16
|
|t:|1758318058
|move|p1a: Latios|Calm Mind|p1a: Latios
|-boost|p1a: Latios|spa|1
|-boost|p1a: Latios|spd|1
|move|p2a: Dragonite|Dragon Dance|p2a: Dragonite
|-boost|p2a: Dragonite|atk|1
|-boost|p2a: Dragonite|spe|1
|
|upkeep
|turn|17
|
|t:|1758318063
|move|p2a: Dragonite|Fire Punch|p1a: Latios
|-supereffective|p1a: Latios
|-damage|p1a: Latios|0 fnt
|faint|p1a: Latios
|
|upkeep
|c|☆The Zamazenta user|Who the hell runs fire punch?
|
|t:|1758318074
|switch|p1a: Garganacl|Garganacl, F|100/100
|turn|18
|
|t:|1758318081
|move|p2a: Dragonite|Dragon Claw|p1a: Garganacl
|-damage|p1a: Garganacl|59/100
|move|p1a: Garganacl|Salt Cure|p2a: Dragonite
|-supereffective|p2a: Dragonite
|-damage|p2a: Dragonite|84/100
|-start|p2a: Dragonite|Salt Cure
|-enditem|p2a: Dragonite|Weakness Policy
|-boost|p2a: Dragonite|atk|2|[from] item: Weakness Policy
|-boost|p2a: Dragonite|spa|2|[from] item: Weakness Policy
|
|-heal|p1a: Garganacl|65/100|[from] item: Leftovers
|-damage|p2a: Dragonite|71/100|[from] Salt Cure
|upkeep
|turn|19
|
|t:|1758318090
|move|p1a: Garganacl|Protect|p1a: Garganacl
|-singleturn|p1a: Garganacl|Protect
|move|p2a: Dragonite|Dragon Claw|p1a: Garganacl
|-activate|p1a: Garganacl|move: Protect
|
|-heal|p1a: Garganacl|71/100|[from] item: Leftovers
|-damage|p2a: Dragonite|59/100|[from] Salt Cure
|upkeep
|turn|20
|
|t:|1758318095
|switch|p1a: Corviknight|Corviknight, F|100/100
|move|p2a: Dragonite|Dragon Claw|p1a: Corviknight
|-resisted|p1a: Corviknight
|-damage|p1a: Corviknight|60/100
|
|-heal|p1a: Corviknight|66/100|[from] item: Leftovers
|-damage|p2a: Dragonite|47/100|[from] Salt Cure
|upkeep
|turn|21
|
|t:|1758318102
|switch|p1a: Toxapex|Toxapex, M|100/100
|move|p2a: Dragonite|Fire Punch|p1a: Toxapex
|-resisted|p1a: Toxapex
|-damage|p1a: Toxapex|75/100
|
|-damage|p2a: Dragonite|34/100|[from] Salt Cure
|upkeep
|turn|22
|
|t:|1758318110
|move|p2a: Dragonite|Fire Punch|p1a: Toxapex
|-resisted|p1a: Toxapex
|-damage|p1a: Toxapex|50/100
|move|p1a: Toxapex|Toxic|p2a: Dragonite
|-status|p2a: Dragonite|tox
|
|-damage|p2a: Dragonite|28/100 tox|[from] psn
|-damage|p2a: Dragonite|16/100 tox|[from] Salt Cure
|upkeep
|turn|23
|
|t:|1758318117
|move|p2a: Dragonite|Dragon Claw|p1a: Toxapex
|-damage|p1a: Toxapex|0 fnt
|faint|p1a: Toxapex
|
|-damage|p2a: Dragonite|4/100 tox|[from] psn
|-damage|p2a: Dragonite|0 fnt|[from] Salt Cure
|faint|p2a: Dragonite
|upkeep
|
|t:|1758318128
|switch|p2a: Komala|Komala, F|100/100
|switch|p1a: Corviknight|Corviknight, F|66/100
|-ability|p2a: Komala|Comatose
|turn|24
|
|t:|1758318131
|move|p1a: Corviknight|Brave Bird|p2a: Komala
|-damage|p2a: Komala|31/100
|-damage|p1a: Corviknight|51/100|[from] Recoil
|move|p2a: Komala|Knock Off|p1a: Corviknight
|-damage|p1a: Corviknight|28/100
|-enditem|p1a: Corviknight|Leftovers|[from] move: Knock Off|[of] p2a: Komala
|
|-heal|p2a: Komala|37/100|[from] item: Leftovers
|upkeep
|turn|25
|
|t:|1758318141
|switch|p2a: Garchomp|Garchomp, M|100/100
|move|p1a: Corviknight|Brave Bird|p2a: Garchomp
|-crit|p2a: Garchomp
|-damage|p2a: Garchomp|64/100
|-damage|p1a: Corviknight|16/100|[from] ability: Rough Skin|[of] p2a: Garchomp
|-damage|p1a: Corviknight|0 fnt|[from] item: Rocky Helmet|[of] p2a: Garchomp
|faint|p1a: Corviknight
|
|upkeep
|
|t:|1758318150
|switch|p1a: Cinderace|Cinderace, M|100/100
|turn|26
|
|t:|1758318162
|-terastallize|p2a: Garchomp|Dragon
|move|p1a: Cinderace|U-turn|p2a: Garchomp
|-start|p1a: Cinderace|typechange|Bug|[from] ability: Libero
|-damage|p2a: Garchomp|44/100
|-damage|p1a: Cinderace|88/100|[from] ability: Rough Skin|[of] p2a: Garchomp
|-damage|p1a: Cinderace|72/100|[from] item: Rocky Helmet|[of] p2a: Garchomp
|
|t:|1758318167
|switch|p1a: Kingambit|Kingambit, M|100/100|[from] U-turn
|-activate|p1a: Kingambit|ability: Supreme Overlord
|-start|p1a: Kingambit|fallen3|[silent]
|move|p2a: Garchomp|Scale Shot|p1a: Kingambit
|-resisted|p1a: Kingambit
|-damage|p1a: Kingambit|95/100
|-resisted|p1a: Kingambit
|-damage|p1a: Kingambit|90/100
|-resisted|p1a: Kingambit
|-damage|p1a: Kingambit|85/100
|-hitcount|p1a: Kingambit|3
|-unboost|p2a: Garchomp|def|1
|-boost|p2a: Garchomp|spe|1
|
|upkeep
|turn|27
|
|t:|1758318182
|move|p1a: Kingambit|Sucker Punch||[still]
|-fail|p1a: Kingambit
|move|p2a: Garchomp|Swords Dance|p2a: Garchomp
|-boost|p2a: Garchomp|atk|2
|
|upkeep
|turn|28
|
|t:|1758318190
|move|p1a: Kingambit|Sucker Punch||[still]
|-fail|p1a: Kingambit
|move|p2a: Garchomp|Stealth Rock|p1a: Kingambit
|-sidestart|p1: The Zamazenta user|move: Stealth Rock
|
|upkeep
|turn|29
|
|t:|1758318196
|move|p1a: Kingambit|Sucker Punch||[still]
|-fail|p1a: Kingambit
|move|p2a: Garchomp|Swords Dance|p2a: Garchomp
|-boost|p2a: Garchomp|atk|2
|
|upkeep
|turn|30
|
|t:|1758318202
|move|p2a: Garchomp|Earthquake|p1a: Kingambit
|-supereffective|p1a: Kingambit
|-damage|p1a: Kingambit|0 fnt
|faint|p1a: Kingambit
|-end|p1a: Kingambit|fallen3|[silent]
|
|upkeep
|-message|The Zamazenta user forfeited.
|
|win|burrito_theinferno
|raw|The Zamazenta user's rating: 1209 &rarr; <strong>1182</strong><br />(-27 for losing)
|raw|burrito_theinferno's rating: 1177 &rarr; <strong>1204</strong><br />(+27 for winning)
|l|☆The Zamazenta user
|player|p1|
|c|☆burrito_theinferno|Tuff
|l|☆burrito_theinferno
|player|p2|
