|j|‽vikxzi
|j|☆milkified._.snow
|t:|1758293149
|gametype|singles
|player|p1|vikxzi|101|1194
|player|p2|milkified._.snow|idol|1208
|gen|9
|tier|[Gen 9] OU
|rated|
|rule|HP Percentage Mod: HP is shown in percentages
|rule|Endless Battle Clause: Forcing endless battles is banned
|rule|Species Clause: Limit one of each Pokémon
|rule|OHKO Clause: OHKO moves are banned
|rule|Evasion Items Clause: Evasion items are banned
|rule|Evasion Moves Clause: Evasion moves are banned
|rule|Evasion Abilities Clause: Evasion abilities are banned
|rule|Sleep Moves Clause: Sleep-inducing moves are banned
|clearpoke
|poke|p1|Lycanroc-Dusk, M|
|poke|p1|Blaziken, F|
|poke|p1|Kingambit, F|
|poke|p1|Slowking-Galar, F|
|poke|p1|Sandslash-Alola, F|
|poke|p1|Zoroark-Hisui, F|
|poke|p2|Meowscarada, F|
|poke|p2|Ceruledge, M|
|poke|p2|Pawmot, M|
|poke|p2|Altaria, F|
|poke|p2|Toxapex, F|
|poke|p2|Ninetales-Alola, F|
|teampreview
|
|t:|1758293160
|teamsize|p1|6
|teamsize|p2|6
|start
|switch|p1a: Lycanroc|Lycanroc-Dusk, M, shiny|100/100
|switch|p2a: Ceruledge|Ceruledge, M|100/100
|turn|1
|
|t:|1758293169
|move|p1a: Lycanroc|Swords Dance|p1a: Lycanroc
|-boost|p1a: Lycanroc|atk|2
|move|p2a: Ceruledge|Swords Dance|p2a: Ceruledge
|-boost|p2a: Ceruledge|atk|2
|
|upkeep
|turn|2
|
|t:|1758293179
|move|p1a: Lycanroc|Accelerock|p2a: Ceruledge
|-supereffective|p2a: Ceruledge
|-damage|p2a: Ceruledge|21/100
|-ability|p2a: Ceruledge|Weak Armor|boost
|-unboost|p2a: Ceruledge|def|1
|-boost|p2a: Ceruledge|spe|2
|-enditem|p2a: Ceruledge|Weakness Policy
|-boost|p2a: Ceruledge|atk|2|[from] item: Weakness Policy
|-boost|p2a: Ceruledge|spa|2|[from] item: Weakness Policy
|move|p2a: Ceruledge|Bitter Blade|p1a: Lycanroc
|-resisted|p1a: Lycanroc
|-damage|p1a: Lycanroc|2/100
|-heal|p2a: Ceruledge|62/100|[from] drain|[of] p1a: Lycanroc
|
|upkeep
|turn|3
|c|☆milkified._.snow|!dt accelerock
|raw|<ul class="utilichart"><li class="result"><span class="col movenamecol"><a href="https://dex.pokemonshowdown.com/moves/accelerock">Accelerock</a></span> <span class="col typecol"><img src="//play.pokemonshowdown.com/sprites/types/Rock.png" alt="Rock" width="32" height="14"><img src="//play.pokemonshowdown.com/sprites/categories/Physical.png" alt="Physical" width="32" height="14"></span> <span class="col labelcol"><em>Power</em><br>40</span> <span class="col widelabelcol"><em>Accuracy</em><br>100%</span> <span class="col pplabelcol"><em>PP</em><br>32</span> <span class="col movedesccol">Usually goes first.</span> </li><li style="clear:both"></li></ul>
|raw|<font size="1"><font color="#686868">Priority:</font> 1&nbsp;|&ThickSpace;<font color="#686868">Gen:</font> 7&nbsp;|&ThickSpace;&#10003; Contact&nbsp;|&ThickSpace;<font color="#686868">Z-Power:</font> 100&nbsp;|&ThickSpace;<font color="#686868">Target:</font> One Adjacent Pokémon</font>

|
|t:|1758293214
|switch|p2a: Pawmot|Pawmot, M|100/100
|move|p1a: Lycanroc|Accelerock|p2a: Pawmot
|-resisted|p2a: Pawmot
|-damage|p2a: Pawmot|64/100
|
|upkeep
|turn|4
|
|t:|1758293222
|move|p2a: Pawmot|Fake Out|p1a: Lycanroc
|-resisted|p1a: Lycanroc
|-damage|p1a: Lycanroc|0 fnt
|faint|p1a: Lycanroc
|
|upkeep
|
|t:|1758293231
|switch|p1a: Slowking|Slowking-Galar, F, shiny|100/100
|turn|5
|
|t:|1758293241
|switch|p2a: Meowscarada|Meowscarada, F|100/100
|-prepare|p1a: Slowking|Chilly Reception|[premajor]
|move|p1a: Slowking|Chilly Reception|p1a: Slowking
|-weather|Snowscape
|
|t:|1758293247
|switch|p1a: Sandslash|Sandslash-Alola, F, shiny|100/100|[from] Chilly Reception
|
|-weather|Snowscape|[upkeep]
|upkeep
|turn|6
|inactive|Battle timer is ON: inactive players will automatically lose when time's up. (requested by vikxzi)
|
|t:|1758293321
|move|p2a: Meowscarada|Knock Off|p1a: Sandslash
|-start|p2a: Meowscarada|typechange|Dark|[from] ability: Protean
|-damage|p1a: Sandslash|64/100
|-enditem|p1a: Sandslash|Expert Belt|[from] move: Knock Off|[of] p2a: Meowscarada
|move|p1a: Sandslash|Triple Axel|p2a: Meowscarada
|-damage|p2a: Meowscarada|88/100
|-damage|p2a: Meowscarada|58/100
|-damage|p2a: Meowscarada|19/100
|-hitcount|p2a: Meowscarada|3
|
|-weather|Snowscape|[upkeep]
|upkeep
|turn|7
|
|t:|1758293345
|switch|p2a: Ninetales|Ninetales-Alola, F|100/100
|move|p1a: Sandslash|Ice Shard|p2a: Ninetales
|-resisted|p2a: Ninetales
|-damage|p2a: Ninetales|94/100
|
|-weather|Snowscape|[upkeep]
|upkeep
|turn|8
|inactive|milkified._.snow has 120 seconds left.
|-activate|p2a: Ninetales|item: Quick Claw
|
|t:|1758293372
|move|p2a: Ninetales|Aurora Veil|p2a: Ninetales
|-sidestart|p2: milkified._.snow|move: Aurora Veil
|move|p1a: Sandslash|Iron Head|p2a: Ninetales
|-supereffective|p2a: Ninetales
|-damage|p2a: Ninetales|42/100
|
|-weather|Snowscape|[upkeep]
|upkeep
|turn|9
|inactive|milkified._.snow has 120 seconds left.
|
|t:|1758293387
|switch|p2a: Altaria|Altaria, F|100/100
|move|p1a: Sandslash|Triple Axel|p2a: Altaria
|-supereffective|p2a: Altaria
|-damage|p2a: Altaria|83/100
|-supereffective|p2a: Altaria
|-damage|p2a: Altaria|49/100
|-supereffective|p2a: Altaria
|-damage|p2a: Altaria|0 fnt
|faint|p2a: Altaria
|-hitcount|p2: Altaria|3
|
|-weather|none
|upkeep
|
|t:|1758293400
|switch|p2a: Pawmot|Pawmot, M|64/100
|turn|10
|
|t:|1758293405
|switch|p1a: Kingambit|Kingambit, F, shiny|100/100
|move|p2a: Pawmot|Fake Out|p1a: Kingambit
|-immune|p1a: Kingambit
|
|upkeep
|turn|11
|inactive|milkified._.snow has 120 seconds left.
|
|t:|1758293415
|move|p1a: Kingambit|Hyper Voice|p2a: Pawmot
|-damage|p2a: Pawmot|16/100
|move|p2a: Pawmot|Revival Blessing|p2a: Pawmot
|-enditem|p2a: Pawmot|Leppa Berry|[eat]
|-activate|p2a: Pawmot|item: Leppa Berry|Revival Blessing|[consumed]
|inactive|milkified._.snow has 120 seconds left.
|
|t:|1758293422
|-heal|p2: Altaria|50/100|[from] move: Revival Blessing
|
|upkeep
|turn|12
|
|t:|1758293428
|switch|p2a: Ceruledge|Ceruledge, M|62/100
|move|p1a: Kingambit|Hyper Voice|p2a: Ceruledge
|-immune|p2a: Ceruledge
|
|-sideend|p2: milkified._.snow|move: Aurora Veil
|upkeep
|turn|13
|
|t:|1758293447
|switch|p1a: Slowking|Slowking-Galar, F, shiny|100/100
|move|p2a: Ceruledge|Bitter Blade|p1a: Slowking
|-damage|p1a: Slowking|64/100
|-heal|p2a: Ceruledge|82/100|[from] drain|[of] p1a: Slowking
|
|upkeep
|turn|14
|inactive|milkified._.snow has 120 seconds left.
|inactive|milkified._.snow has 90 seconds left.
|
|t:|1758293516
|switch|p2a: Ninetales|Ninetales-Alola, F|42/100
|-weather|Snowscape|[from] ability: Snow Warning|[of] p2a: Ninetales
|-prepare|p1a: Slowking|Chilly Reception|[premajor]
|move|p1a: Slowking|Chilly Reception|p1a: Slowking
|
|t:|1758293526
|switch|p1a: Sandslash|Sandslash-Alola, F, shiny|64/100|[from] Chilly Reception
|
|-weather|Snowscape|[upkeep]
|upkeep
|turn|15
|-activate|p2a: Ninetales|item: Quick Claw
|
|t:|1758293536
|-terastallize|p2a: Ninetales|Ground
|move|p2a: Ninetales|Aurora Veil|p2a: Ninetales
|-sidestart|p2: milkified._.snow|move: Aurora Veil
|move|p1a: Sandslash|Iron Head|p2a: Ninetales
|-damage|p2a: Ninetales|19/100
|
|-weather|Snowscape|[upkeep]
|upkeep
|turn|16
|
|t:|1758293547
|switch|p2a: Ceruledge|Ceruledge, M|82/100
|move|p1a: Sandslash|Ice Shard|p2a: Ceruledge
|-resisted|p2a: Ceruledge
|-damage|p2a: Ceruledge|78/100
|-ability|p2a: Ceruledge|Weak Armor|boost
|-unboost|p2a: Ceruledge|def|1
|-boost|p2a: Ceruledge|spe|2
|
|-weather|Snowscape|[upkeep]
|upkeep
|turn|17
|
|t:|1758293564
|switch|p1a: Kingambit|Kingambit, F, shiny|100/100
|move|p2a: Ceruledge|Swords Dance|p2a: Ceruledge
|-boost|p2a: Ceruledge|atk|2
|
|-weather|Snowscape|[upkeep]
|upkeep
|turn|18
|
|t:|1758293589
|move|p2a: Ceruledge|Bitter Blade|p1a: Kingambit
|-damage|p1a: Kingambit|0 fnt
|-heal|p2a: Ceruledge|100/100|[from] drain|[of] p1a: Kingambit
|replace|p1a: Zoroark|Zoroark-Hisui, F, shiny
|-end|p1a: Zoroark|Illusion
|faint|p1a: Zoroark
|
|-weather|none
|upkeep
|
|t:|1758293604
|switch|p1a: Kingambit|Kingambit, F, shiny|100/100
|-activate|p1a: Kingambit|ability: Supreme Overlord
|-start|p1a: Kingambit|fallen2|[silent]
|turn|19
|inactive|milkified._.snow has 60 seconds left.
|
|t:|1758293637
|-terastallize|p1a: Kingambit|Dark
|move|p2a: Ceruledge|Bitter Blade|p1a: Kingambit
|-crit|p1a: Kingambit
|-damage|p1a: Kingambit|19/100
|move|p1a: Kingambit|Kowtow Cleave|p2a: Ceruledge
|-supereffective|p2a: Ceruledge
|-damage|p2a: Ceruledge|0 fnt
|faint|p2a: Ceruledge
|
|-sideend|p2: milkified._.snow|move: Aurora Veil
|upkeep
|
|t:|1758293647
|switch|p2a: Pawmot|Pawmot, M|16/100
|turn|20
|inactive|milkified._.snow has 60 seconds left.
|c|☆milkified._.snow|!dt kowtow cleave
|raw|<ul class="utilichart"><li class="result"><span class="col movenamecol"><a href="https://dex.pokemonshowdown.com/moves/kowtowcleave">Kowtow Cleave</a></span> <span class="col typecol"><img src="//play.pokemonshowdown.com/sprites/types/Dark.png" alt="Dark" width="32" height="14"><img src="//play.pokemonshowdown.com/sprites/categories/Physical.png" alt="Physical" width="32" height="14"></span> <span class="col labelcol"><em>Power</em><br>85</span> <span class="col widelabelcol"><em>Accuracy</em><br>—</span> <span class="col pplabelcol"><em>PP</em><br>16</span> <span class="col movedesccol">This move does not check accuracy.</span> </li><li style="clear:both"></li></ul>
|raw|<font size="1"><font color="#686868">Priority:</font> 0&nbsp;|&ThickSpace;<font color="#686868">Gen:</font> 9&nbsp;|&ThickSpace;&#10003; Contact&nbsp;|&ThickSpace;&#10003; Slicing move&nbsp;|&ThickSpace;<font color="#686868">Z-Power:</font> 160&nbsp;|&ThickSpace;<font color="#686868">Target:</font> One Adjacent Pokémon</font>

|
|t:|1758293658
|move|p2a: Pawmot|Fake Out|p1a: Kingambit
|-damage|p1a: Kingambit|10/100
|cant|p1a: Kingambit|flinch
|
|upkeep
|turn|21
|
|t:|1758293664
|move|p2a: Pawmot|Mach Punch|p1a: Kingambit
|-supereffective|p1a: Kingambit
|-damage|p1a: Kingambit|0 fnt
|faint|p1a: Kingambit
|-end|p1a: Kingambit|fallen2|[silent]
|
|upkeep
|
|t:|1758293675
|switch|p1a: Blaziken|Blaziken, F, shiny|100/100
|turn|22
|inactive|milkified._.snow has 60 seconds left.
|
|t:|1758293699
|move|p1a: Blaziken|Protect|p1a: Blaziken
|-singleturn|p1a: Blaziken|Protect
|move|p2a: Pawmot|Revival Blessing|p2a: Pawmot
|
|t:|1758293704
|-heal|p2: Ceruledge|50/100|[from] move: Revival Blessing
|
|-ability|p1a: Blaziken|Speed Boost|boost
|-boost|p1a: Blaziken|spe|1
|upkeep
|turn|23
|
|t:|1758293716
|move|p1a: Blaziken|Knock Off|p2a: Pawmot
|-resisted|p2a: Pawmot
|-damage|p2a: Pawmot|0 fnt
|faint|p2a: Pawmot
|-damage|p1a: Blaziken|91/100|[from] item: Life Orb
|
|-ability|p1a: Blaziken|Speed Boost|boost
|-boost|p1a: Blaziken|spe|1
|upkeep
|
|t:|1758293724
|switch|p2a: Toxapex|Toxapex, F, shiny|100/100
|turn|24
|l|‽vikxzi
|inactive|vikxzi disconnected and has a minute to reconnect!
|player|p1|
|j|‽vikxzi
|inactive|vikxzi reconnected and has 130 seconds left.
|player|p1|vikxzi|101|
|n|‽vikxzi|vikxzi
|inactive|vikxzi has 120 seconds left.
|inactive|vikxzi has 90 seconds left.
|l|‽vikxzi
|inactive|vikxzi disconnected and has a minute to reconnect!
|player|p1|
|j|‽vikxzi
|inactive|vikxzi reconnected and has 65 seconds left.
|player|p1|vikxzi|101|
|n|‽vikxzi|vikxzi
|inactive|vikxzi has 60 seconds left.
|
|t:|1758293818
|move|p1a: Blaziken|Knock Off|p2a: Toxapex
|-damage|p2a: Toxapex|76/100
|-enditem|p2a: Toxapex|Black Sludge|[from] move: Knock Off|[of] p1a: Blaziken
|-damage|p1a: Blaziken|81/100|[from] item: Life Orb
|move|p2a: Toxapex|Toxic|p1a: Blaziken
|-status|p1a: Blaziken|tox
|
|-damage|p1a: Blaziken|75/100 tox|[from] psn
|-ability|p1a: Blaziken|Speed Boost|boost
|-boost|p1a: Blaziken|spe|1
|upkeep
|turn|25
|inactive|vikxzi has 60 seconds left.
|
|t:|1758293836
|move|p1a: Blaziken|Overheat|p2a: Toxapex
|-resisted|p2a: Toxapex
|-damage|p2a: Toxapex|48/100
|-unboost|p1a: Blaziken|spa|2
|-damage|p1a: Blaziken|65/100 tox|[from] item: Life Orb
|move|p2a: Toxapex|Haze|p2a: Toxapex
|-clearallboost
|
|-damage|p1a: Blaziken|53/100 tox|[from] psn
|-ability|p1a: Blaziken|Speed Boost|boost
|-boost|p1a: Blaziken|spe|1
|upkeep
|turn|26
|inactive|vikxzi has 60 seconds left.
|inactive|milkified._.snow has 90 seconds left.
|
|t:|1758293848
|move|p2a: Toxapex|Baneful Bunker|p2a: Toxapex
|-singleturn|p2a: Toxapex|move: Protect
|move|p1a: Blaziken|Overheat|p2a: Toxapex
|-activate|p2a: Toxapex|move: Protect
|
|-damage|p1a: Blaziken|35/100 tox|[from] psn
|-ability|p1a: Blaziken|Speed Boost|boost
|-boost|p1a: Blaziken|spe|1
|upkeep
|turn|27
|inactive|vikxzi has 60 seconds left.
|inactive|milkified._.snow has 90 seconds left.
|
|t:|1758293859
|move|p1a: Blaziken|Close Combat|p2a: Toxapex
|-resisted|p2a: Toxapex
|-damage|p2a: Toxapex|26/100
|-unboost|p1a: Blaziken|def|1
|-unboost|p1a: Blaziken|spd|1
|-damage|p1a: Blaziken|25/100 tox|[from] item: Life Orb
|move|p2a: Toxapex|Recover|p2a: Toxapex
|-heal|p2a: Toxapex|76/100
|
|-damage|p1a: Blaziken|1/100 tox|[from] psn
|-ability|p1a: Blaziken|Speed Boost|boost
|-boost|p1a: Blaziken|spe|1
|upkeep
|turn|28
|inactive|vikxzi has 60 seconds left.
|-message|vikxzi forfeited.
|
|win|milkified._.snow
|raw|vikxzi's rating: 1194 &rarr; <strong>1170</strong><br />(-24 for losing)
|raw|milkified._.snow's rating: 1208 &rarr; <strong>1232</strong><br />(+24 for winning)
|l|‽vikxzi
|player|p1|
|l|☆milkified._.snow
|player|p2|
