|j|☆RiaSingh2121
|j|☆AnIvysaurLover
|t:|1758298559
|gametype|singles
|player|p1|RiaSingh2121|101|1186
|player|p2|AnIvysaurLover|gambler|1159
|gen|9
|tier|[Gen 9] OU
|rated|
|rule|HP Percentage Mod: HP is shown in percentages
|rule|Endless Battle Clause: Forcing endless battles is banned
|rule|Species Clause: Limit one of each Pokémon
|rule|OHKO Clause: OHKO moves are banned
|rule|Evasion Items Clause: Evasion items are banned
|rule|Evasion Moves Clause: Evasion moves are banned
|rule|Evasion Abilities Clause: Evasion abilities are banned
|rule|Sleep Moves Clause: Sleep-inducing moves are banned
|clearpoke
|poke|p1|Hatterene, F|
|poke|p1|Torkoal, F|
|poke|p1|Corviknight, F|
|poke|p1|Ursaluna, F|
|poke|p1|Hattrem, F|
|poke|p1|Iron Hands|
|poke|p2|Walking Wake|
|poke|p2|Skeledirge, M|
|poke|p2|Clefable, F|
|poke|p2|Torkoal, M|
|poke|p2|Ivysaur, M|
|poke|p2|Iron Treads|
|teampreview
|inactive|Battle timer is ON: inactive players will automatically lose when time's up. (requested by AnIvysaurLover)
|
|t:|1758298568
|teamsize|p1|6
|teamsize|p2|6
|start
|switch|p1a: Hattrem|Hattrem, F|100/100
|switch|p2a: Clefable|Clefable, F|100/100
|turn|1
|
|t:|1758298575
|move|p2a: Clefable|Moonblast|p1a: Hattrem
|-damage|p1a: Hattrem|72/100
|move|p1a: Hattrem|Trick Room|p1a: Hattrem
|-fieldstart|move: Trick Room|[of] p1a: Hattrem
|
|upkeep
|turn|2
|
|t:|1758298585
|move|p1a: Hattrem|Light Screen|p1a: Hattrem
|-sidestart|p1: RiaSingh2121|move: Light Screen
|move|p2a: Clefable|Stealth Rock|p1a: Hattrem
|move|p1a: Hattrem|Stealth Rock|p2a: Clefable|[from] ability: Magic Bounce
|-sidestart|p2: AnIvysaurLover|move: Stealth Rock
|
|upkeep
|turn|3
|
|t:|1758298592
|move|p1a: Hattrem|Healing Wish|p1a: Hattrem
|faint|p1a: Hattrem
|move|p2a: Clefable|Moonblast|p1: Hattrem|[notarget]
|-fail|p2a: Clefable
|
|upkeep
|
|t:|1758298598
|switch|p1a: Ursaluna|Ursaluna, F|100/100
|turn|4
|
|t:|1758298609
|move|p1a: Ursaluna|Swords Dance|p1a: Ursaluna
|-boost|p1a: Ursaluna|atk|2
|move|p2a: Clefable|Moonlight|p2a: Clefable
|-fail|p2a: Clefable|heal
|
|-status|p1a: Ursaluna|brn|[from] item: Flame Orb
|upkeep
|turn|5
|
|t:|1758298619
|move|p1a: Ursaluna|Facade|p2a: Clefable
|-damage|p2a: Clefable|0 fnt
|faint|p2a: Clefable
|
|-damage|p1a: Ursaluna|94/100 brn|[from] brn
|-fieldend|move: Trick Room
|upkeep
|
|t:|1758298627
|switch|p2a: Torkoal|Torkoal, M|100/100
|-damage|p2a: Torkoal|76/100|[from] Stealth Rock
|-weather|SunnyDay|[from] ability: Drought|[of] p2a: Torkoal
|turn|6
|
|t:|1758298637
|move|p1a: Ursaluna|Earthquake|p2a: Torkoal
|-supereffective|p2a: Torkoal
|-damage|p2a: Torkoal|0 fnt
|faint|p2a: Torkoal
|
|-weather|SunnyDay|[upkeep]
|-damage|p1a: Ursaluna|88/100 brn|[from] brn
|-sideend|p1: RiaSingh2121|move: Light Screen
|upkeep
|
|t:|1758298641
|switch|p2a: Walking Wake|Walking Wake|100/100
|-damage|p2a: Walking Wake|88/100|[from] Stealth Rock
|-activate|p2a: Walking Wake|ability: Protosynthesis
|-start|p2a: Walking Wake|protosynthesisspa
|turn|7
|
|t:|1758298665
|switch|p1a: Corviknight|Corviknight, F|100/100
|-terastallize|p2a: Walking Wake|Water
|move|p2a: Walking Wake|Hydro Steam|p1a: Corviknight
|-damage|p1a: Corviknight|0 fnt
|faint|p1a: Corviknight
|
|-weather|SunnyDay|[upkeep]
|upkeep
|
|t:|1758298675
|switch|p1a: Iron Hands|Iron Hands|100/100
|turn|8
|
|t:|1758298688
|-end|p2a: Walking Wake|Protosynthesis|[silent]
|switch|p2a: Ivysaur|Ivysaur, M|100/100
|-damage|p2a: Ivysaur|88/100|[from] Stealth Rock
|move|p1a: Iron Hands|Thunder Punch|p2a: Ivysaur
|-resisted|p2a: Ivysaur
|-damage|p2a: Ivysaur|64/100
|
|-weather|SunnyDay|[upkeep]
|upkeep
|turn|9
|inactive|RiaSingh2121 has 120 seconds left.
|
|t:|1758298713
|switch|p2a: Walking Wake|Walking Wake, tera:Water|88/100
|-damage|p2a: Walking Wake|76/100|[from] Stealth Rock
|-activate|p2a: Walking Wake|ability: Protosynthesis
|-start|p2a: Walking Wake|protosynthesisspa
|move|p1a: Iron Hands|Earthquake|p2a: Walking Wake
|-damage|p2a: Walking Wake|40/100
|
|-weather|SunnyDay|[upkeep]
|upkeep
|turn|10
|inactive|RiaSingh2121 has 120 seconds left.
|
|t:|1758298723
|move|p2a: Walking Wake|Hydro Steam|p1a: Iron Hands
|-damage|p1a: Iron Hands|47/100
|move|p1a: Iron Hands|Thunder Punch|p2a: Walking Wake
|-supereffective|p2a: Walking Wake
|-damage|p2a: Walking Wake|0 fnt
|faint|p2a: Walking Wake
|-end|p2a: Walking Wake|Protosynthesis|[silent]
|
|-weather|SunnyDay|[upkeep]
|upkeep
|
|t:|1758298732
|switch|p2a: Ivysaur|Ivysaur, M|64/100
|-damage|p2a: Ivysaur|52/100|[from] Stealth Rock
|turn|11
|
|t:|1758298738
|move|p2a: Ivysaur|Giga Drain|p1a: Iron Hands
|-damage|p1a: Iron Hands|32/100
|-heal|p2a: Ivysaur|67/100|[from] drain|[of] p1a: Iron Hands
|move|p1a: Iron Hands|Ice Punch|p2a: Ivysaur
|-supereffective|p2a: Ivysaur
|-damage|p2a: Ivysaur|0 fnt
|faint|p2a: Ivysaur
|
|-weather|SunnyDay|[upkeep]
|upkeep
|
|t:|1758298750
|switch|p2a: Iron Treads|Iron Treads|100/100
|-damage|p2a: Iron Treads|97/100|[from] Stealth Rock
|-enditem|p2a: Iron Treads|Booster Energy
|-activate|p2a: Iron Treads|ability: Quark Drive|[fromitem]
|-start|p2a: Iron Treads|quarkdrivespe
|turn|12
|
|t:|1758298774
|-terastallize|p1a: Iron Hands|Bug
|move|p2a: Iron Treads|Knock Off|p1a: Iron Hands
|-damage|p1a: Iron Hands|16/100
|-enditem|p1a: Iron Hands|Assault Vest|[from] move: Knock Off|[of] p2a: Iron Treads
|move|p1a: Iron Hands|Drain Punch|p2a: Iron Treads
|-supereffective|p2a: Iron Treads
|-damage|p2a: Iron Treads|30/100
|-heal|p1a: Iron Hands|38/100|[from] drain|[of] p2a: Iron Treads
|
|-weather|SunnyDay|[upkeep]
|upkeep
|turn|13
|
|t:|1758298785
|move|p2a: Iron Treads|Supercell Slam|p1a: Iron Hands
|-damage|p1a: Iron Hands|22/100
|move|p1a: Iron Hands|Earthquake|p2a: Iron Treads
|-supereffective|p2a: Iron Treads
|-damage|p2a: Iron Treads|0 fnt
|faint|p2a: Iron Treads
|-end|p2a: Iron Treads|Quark Drive|[silent]
|
|-weather|none
|upkeep
|
|t:|1758298789
|switch|p2a: Skeledirge|Skeledirge, M|100/100
|turn|14
|
|t:|1758298798
|-end|p1a: Iron Hands|Quark Drive|[silent]
|switch|p1a: Hatterene|Hatterene, F|100/100
|move|p2a: Skeledirge|Torch Song|p1a: Hatterene
|-damage|p1a: Hatterene|76/100
|-boost|p2a: Skeledirge|spa|1
|
|upkeep
|turn|15
|
|t:|1758298804
|move|p2a: Skeledirge|Torch Song|p1a: Hatterene
|-damage|p1a: Hatterene|44/100
|-boost|p2a: Skeledirge|spa|1
|move|p1a: Hatterene|Trick Room|p1a: Hatterene
|-fieldstart|move: Trick Room|[of] p1a: Hatterene
|
|upkeep
|turn|16
|
|t:|1758298808
|switch|p1a: Iron Hands|Iron Hands, tera:Bug|22/100
|-heal|p1a: Iron Hands|100/100|[from] move: Healing Wish
|move|p2a: Skeledirge|Torch Song|p1a: Iron Hands
|-supereffective|p1a: Iron Hands
|-damage|p1a: Iron Hands|0 fnt
|-boost|p2a: Skeledirge|spa|1
|faint|p1a: Iron Hands
|-end|p1a: Iron Hands|Quark Drive|[silent]
|
|upkeep
|
|t:|1758298817
|switch|p1a: Ursaluna|Ursaluna, F|88/100 brn
|turn|17
|
|t:|1758298821
|move|p1a: Ursaluna|Earthquake|p2a: Skeledirge
|-supereffective|p2a: Skeledirge
|-damage|p2a: Skeledirge|0 fnt
|faint|p2a: Skeledirge
|
|win|RiaSingh2121
|raw|RiaSingh2121's rating: 1186 &rarr; <strong>1209</strong><br />(+23 for winning)
|raw|AnIvysaurLover's rating: 1159 &rarr; <strong>1136</strong><br />(-23 for losing)
|l|☆RiaSingh2121
|player|p1|
|l|☆AnIvysaurLover
|player|p2|
