|j|☆Alethino
|j|‽six10lol
|t:|1758309032
|gametype|singles
|player|p1|Alethino|2|1543
|player|p2|six10lol|pokekid|1527
|gen|9
|tier|[Gen 9] OU
|rated|
|rule|HP Percentage Mod: HP is shown in percentages
|rule|Endless Battle Clause: Forcing endless battles is banned
|rule|Species Clause: Limit one of each Pokémon
|rule|OHKO Clause: OHKO moves are banned
|rule|Evasion Items Clause: Evasion items are banned
|rule|Evasion Moves Clause: Evasion moves are banned
|rule|Evasion Abilities Clause: Evasion abilities are banned
|rule|Sleep Moves Clause: Sleep-inducing moves are banned
|clearpoke
|poke|p1|Serperior, M|
|poke|p1|Primarina, F|
|poke|p1|Iron Treads|
|poke|p1|Zamazenta-*|
|poke|p1|Pecharunt|
|poke|p1|Rillaboom, F|
|poke|p2|Ursaluna, M|
|poke|p2|Cresselia, F|
|poke|p2|Kingambit, M|
|poke|p2|Volcanion|
|poke|p2|Hatterene, F|
|poke|p2|Porygon2|
|teampreview
|inactive|Battle timer is ON: inactive players will automatically lose when time's up. (requested by six10lol)
|inactive|Alethino has 120 seconds left.
|
|t:|1758309071
|teamsize|p1|6
|teamsize|p2|6
|start
|switch|p1a: Serperior|Serperior, M|100/100
|switch|p2a: Porygon2|Porygon2|100/100
|-ability|p2a: Porygon2|Download|boost
|-boost|p2a: Porygon2|spa|1
|turn|1
|
|t:|1758309081
|move|p1a: Serperior|Leaf Storm|p2a: Porygon2
|-damage|p2a: Porygon2|54/100
|-boost|p1a: Serperior|spa|2
|move|p2a: Porygon2|Trick Room|p2a: Porygon2
|-fieldstart|move: Trick Room|[of] p2a: Porygon2
|
|upkeep
|turn|2
|
|t:|1758309087
|move|p2a: Porygon2|Ice Beam|p1a: Serperior
|-supereffective|p1a: Serperior
|-damage|p1a: Serperior|0 fnt
|faint|p1a: Serperior
|
|upkeep
|
|t:|1758309098
|switch|p1a: Primarina|Primarina, F|100/100
|turn|3
|
|t:|1758309111
|move|p2a: Porygon2|Tera Blast|p1a: Primarina
|-damage|p1a: Primarina|67/100
|move|p1a: Primarina|Psychic Noise|p2a: Porygon2
|-damage|p2a: Porygon2|37/100
|-start|p2a: Porygon2|move: Heal Block
|
|upkeep
|turn|4
|
|t:|1758309120
|switch|p2a: Volcanion|Volcanion|100/100
|move|p1a: Primarina|Psychic Noise|p2a: Volcanion
|-damage|p2a: Volcanion|70/100
|-start|p2a: Volcanion|move: Heal Block
|
|upkeep
|turn|5
|
|t:|1758309131
|switch|p1a: Iron Treads|Iron Treads|100/100
|move|p2a: Volcanion|Steam Eruption|p1a: Iron Treads
|-supereffective|p1a: Iron Treads
|-damage|p1a: Iron Treads|0 fnt
|faint|p1a: Iron Treads
|-end|p1a: Iron Treads|Quark Drive|[silent]
|
|-end|p2a: Volcanion|move: Heal Block
|-fieldend|move: Trick Room
|upkeep
|
|t:|1758309141
|switch|p1a: Rillaboom|Rillaboom, F|100/100
|-fieldstart|move: Grassy Terrain|[from] ability: Grassy Surge|[of] p1a: Rillaboom
|turn|6
|
|t:|1758309146
|move|p1a: Rillaboom|Wood Hammer|p2a: Volcanion
|-damage|p2a: Volcanion|0 fnt
|faint|p2a: Volcanion
|-damage|p1a: Rillaboom|76/100|[from] Recoil
|
|-heal|p1a: Rillaboom|82/100|[from] Grassy Terrain
|upkeep
|
|t:|1758309162
|switch|p2a: Hatterene|Hatterene, F|100/100
|turn|7
|
|t:|1758309167
|move|p1a: Rillaboom|Wood Hammer|p2a: Hatterene
|-enditem|p2a: Hatterene|Focus Sash
|-damage|p2a: Hatterene|1/100
|-damage|p1a: Rillaboom|51/100|[from] Recoil
|move|p2a: Hatterene|Trick Room|p2a: Hatterene
|-fieldstart|move: Trick Room|[of] p2a: Hatterene
|
|-heal|p2a: Hatterene|7/100|[from] Grassy Terrain
|-heal|p1a: Rillaboom|57/100|[from] Grassy Terrain
|upkeep
|turn|8
|
|t:|1758309175
|switch|p1a: Primarina|Primarina, F|67/100
|move|p2a: Hatterene|Healing Wish|p2a: Hatterene
|faint|p2a: Hatterene
|
|-heal|p1a: Primarina|73/100|[from] Grassy Terrain
|upkeep
|j| AntdonPokemon
|l| AntdonPokemon
|inactive|six10lol has 120 seconds left.
|
|t:|1758309226
|switch|p2a: Kingambit|Kingambit, M|100/100
|-activate|p2a: Kingambit|ability: Supreme Overlord
|-start|p2a: Kingambit|fallen2|[silent]
|turn|9
|
|t:|1758309235
|switch|p1a: Pecharunt|Pecharunt|100/100
|move|p2a: Kingambit|Swords Dance|p2a: Kingambit
|-boost|p2a: Kingambit|atk|2
|
|upkeep
|turn|10
|
|t:|1758309243
|switch|p1a: Primarina|Primarina, F|73/100
|move|p2a: Kingambit|Kowtow Cleave|p1a: Primarina
|-resisted|p1a: Primarina
|-damage|p1a: Primarina|0 fnt
|faint|p1a: Primarina
|
|-fieldend|move: Grassy Terrain
|upkeep
|
|t:|1758309246
|switch|p1a: Zamazenta|Zamazenta|100/100
|-ability|p1a: Zamazenta|Dauntless Shield|boost
|-boost|p1a: Zamazenta|def|1
|turn|11
|inactive|six10lol has 120 seconds left.
|
|t:|1758309260
|-terastallize|p2a: Kingambit|Fairy
|move|p2a: Kingambit|Tera Blast|p1a: Zamazenta|[anim] Tera Blast Fairy
|-supereffective|p1a: Zamazenta
|-damage|p1a: Zamazenta|0 fnt
|faint|p1a: Zamazenta
|
|-fieldend|move: Trick Room
|upkeep
|
|t:|1758309271
|switch|p1a: Pecharunt|Pecharunt|100/100
|turn|12
|
|t:|1758309278
|-terastallize|p1a: Pecharunt|Fairy
|move|p2a: Kingambit|Sucker Punch|p1a: Pecharunt
|-resisted|p1a: Pecharunt
|-damage|p1a: Pecharunt|63/100
|-damage|p2a: Kingambit|84/100|[from] item: Rocky Helmet|[of] p1a: Pecharunt
|move|p1a: Pecharunt|Malignant Chain|p2a: Kingambit
|-supereffective|p2a: Kingambit
|-damage|p2a: Kingambit|28/100
|
|upkeep
|turn|13
|
|t:|1758309288
|-end|p2a: Kingambit|fallen2|[silent]
|switch|p2a: Cresselia|Cresselia, F, shiny|100/100
|move|p1a: Pecharunt|Malignant Chain|p2a: Cresselia
|-damage|p2a: Cresselia|82/100
|-status|p2a: Cresselia|tox
|-start|p2a: Cresselia|confusion|[from] ability: Poison Puppeteer|[of] p1a: Pecharunt
|
|-damage|p2a: Cresselia|76/100 tox|[from] psn
|upkeep
|turn|14
|
|t:|1758309300
|move|p1a: Pecharunt|Shadow Ball|p2a: Cresselia
|-supereffective|p2a: Cresselia
|-damage|p2a: Cresselia|49/100 tox
|-activate|p2a: Cresselia|confusion
|-damage|p2a: Cresselia|45/100 tox|[from] confusion
|
|-damage|p2a: Cresselia|33/100 tox|[from] psn
|upkeep
|turn|15
|
|t:|1758309310
|move|p1a: Pecharunt|Recover|p1a: Pecharunt
|-heal|p1a: Pecharunt|100/100
|-end|p2a: Cresselia|confusion
|move|p2a: Cresselia|Trick Room|p2a: Cresselia
|-fieldstart|move: Trick Room|[of] p2a: Cresselia
|
|-damage|p2a: Cresselia|14/100 tox|[from] psn
|upkeep
|turn|16
|
|t:|1758309317
|move|p2a: Cresselia|Lunar Dance|p2a: Cresselia
|faint|p2a: Cresselia
|move|p1a: Pecharunt|Parting Shot|p2: Cresselia|[notarget]
|-fail|p1a: Pecharunt
|
|upkeep
|
|t:|1758309342
|switch|p2a: Ursaluna|Ursaluna, M|100/100
|turn|17
|j| AntdonPokemon
|
|t:|1758309351
|move|p2a: Ursaluna|Protect|p2a: Ursaluna
|-singleturn|p2a: Ursaluna|Protect
|move|p1a: Pecharunt|Parting Shot|p2a: Ursaluna
|-activate|p2a: Ursaluna|move: Protect
|
|-status|p2a: Ursaluna|brn|[from] item: Flame Orb
|upkeep
|turn|18
|
|t:|1758309363
|move|p2a: Ursaluna|Facade|p1a: Pecharunt
|-damage|p1a: Pecharunt|26/100
|-damage|p2a: Ursaluna|84/100 brn|[from] item: Rocky Helmet|[of] p1a: Pecharunt
|move|p1a: Pecharunt|Parting Shot|p2a: Ursaluna
|-unboost|p2a: Ursaluna|atk|1
|-unboost|p2a: Ursaluna|spa|1
|
|t:|1758309367
|switch|p1a: Rillaboom|Rillaboom, F|57/100|[from] Parting Shot
|-fieldstart|move: Grassy Terrain|[from] ability: Grassy Surge|[of] p1a: Rillaboom
|
|-heal|p2a: Ursaluna|90/100 brn|[from] Grassy Terrain
|-heal|p1a: Rillaboom|64/100|[from] Grassy Terrain
|-damage|p2a: Ursaluna|84/100 brn|[from] brn
|upkeep
|turn|19
|
|t:|1758309380
|move|p1a: Rillaboom|Grassy Glide|p2a: Ursaluna
|-supereffective|p2a: Ursaluna
|-damage|p2a: Ursaluna|0 fnt
|faint|p2a: Ursaluna
|
|-heal|p1a: Rillaboom|70/100|[from] Grassy Terrain
|-fieldend|move: Trick Room
|upkeep
|
|t:|1758309395
|switch|p2a: Kingambit|Kingambit, M, tera:Fairy|28/100
|-heal|p2a: Kingambit|100/100|[from] move: Healing Wish
|-heal|p2a: Kingambit|100/100|[from] move: Lunar Dance
|-activate|p2a: Kingambit|ability: Supreme Overlord
|-start|p2a: Kingambit|fallen4|[silent]
|turn|20
|inactive|six10lol has 120 seconds left.
|
|t:|1758309430
|move|p1a: Rillaboom|Grassy Glide|p2a: Kingambit
|-damage|p2a: Kingambit|63/100
|move|p2a: Kingambit|Swords Dance|p2a: Kingambit
|-boost|p2a: Kingambit|atk|2
|
|-heal|p1a: Rillaboom|76/100|[from] Grassy Terrain
|-heal|p2a: Kingambit|69/100|[from] Grassy Terrain
|upkeep
|turn|21
|
|t:|1758309440
|move|p1a: Rillaboom|Grassy Glide|p2a: Kingambit
|-damage|p2a: Kingambit|26/100
|move|p2a: Kingambit|Kowtow Cleave|p1a: Rillaboom
|-crit|p1a: Rillaboom
|-damage|p1a: Rillaboom|0 fnt
|faint|p1a: Rillaboom
|
|-heal|p2a: Kingambit|32/100|[from] Grassy Terrain
|upkeep
|
|t:|1758309443
|switch|p1a: Pecharunt|Pecharunt, tera:Fairy|26/100
|turn|22
|
|t:|1758309453
|move|p2a: Kingambit|Sucker Punch||[still]
|-fail|p2a: Kingambit
|move|p1a: Pecharunt|Recover|p1a: Pecharunt
|-heal|p1a: Pecharunt|76/100
|
|-heal|p1a: Pecharunt|82/100|[from] Grassy Terrain
|-heal|p2a: Kingambit|38/100|[from] Grassy Terrain
|-fieldend|move: Grassy Terrain
|upkeep
|turn|23
|
|t:|1758309460
|move|p1a: Pecharunt|Malignant Chain|p2a: Kingambit
|-supereffective|p2a: Kingambit
|-damage|p2a: Kingambit|0 fnt
|faint|p2a: Kingambit
|-end|p2a: Kingambit|fallen4|[silent]
|
|upkeep
|
|t:|1758309465
|switch|p2a: Porygon2|Porygon2|37/100
|-ability|p2a: Porygon2|Download|boost
|-boost|p2a: Porygon2|spa|1
|turn|24
|
|t:|1758309472
|move|p1a: Pecharunt|Malignant Chain|p2a: Porygon2
|-damage|p2a: Porygon2|17/100
|-status|p2a: Porygon2|tox
|-start|p2a: Porygon2|confusion|[from] ability: Poison Puppeteer|[of] p1a: Pecharunt
|-activate|p2a: Porygon2|confusion
|move|p2a: Porygon2|Hyper Beam|p1a: Pecharunt
|-damage|p1a: Pecharunt|0 fnt
|-mustrecharge|p2a: Porygon2
|faint|p1a: Pecharunt
|
|win|six10lol
|raw|Alethino's rating: 1543 &rarr; <strong>1522</strong><br />(-21 for losing)
|raw|six10lol's rating: 1527 &rarr; <strong>1548</strong><br />(+21 for winning)
|c|☆Alethino|What l
|c|☆Alethino|Gfs
|l|‽six10lol
|player|p2|
|l|☆Alethino
|player|p1|
|j|☆Alethino
|player|p1|Alethino|2|
|l|☆Alethino
|player|p1|
|l| AntdonPokemon
