|j|☆RapidFireScarf
|j|☆ultrazacattack
|inactive|Battle timer is ON: inactive players will automatically lose when time's up.
|t:|1758310870
|gametype|singles
|player|p1|RapidFireScarf|morty-masters|
|player|p2|ultrazacattack|n|
|gen|9
|tier|[Gen 9] OU
|rated|Tournament battle
|rule|HP Percentage Mod: HP is shown in percentages
|rule|Endless Battle Clause: Forcing endless battles is banned
|rule|Species Clause: Limit one of each Pokémon
|rule|OHKO Clause: OHKO moves are banned
|rule|Evasion Items Clause: Evasion items are banned
|rule|Evasion Moves Clause: Evasion moves are banned
|rule|Evasion Abilities Clause: Evasion abilities are banned
|rule|Sleep Moves Clause: Sleep-inducing moves are banned
|clearpoke
|poke|p1|Kingambit, F|
|poke|p1|Deoxys-Speed|
|poke|p1|Great Tusk|
|poke|p1|Dragonite, F|
|poke|p1|Iron Moth|
|poke|p1|Primarina, F|
|poke|p2|Darkrai|
|poke|p2|Dragonite, F|
|poke|p2|Zamazenta-*|
|poke|p2|Landorus-Therian, M|
|poke|p2|Hatterene, F|
|poke|p2|Ninetales-Alola, M|
|teampreview
|j|*Lady Monita ☀
|
|t:|1758310875
|teamsize|p1|6
|teamsize|p2|6
|start
|switch|p1a: Moebius|Deoxys-Speed|100/100
|switch|p2a: Hatterene|Hatterene, F|100/100
|-ability|p1a: Moebius|Pressure
|turn|1
|c|☆ultrazacattack|glhf
|
|t:|1758310888
|move|p1a: Moebius|Nasty Plot|p1a: Moebius
|-boost|p1a: Moebius|spa|2
|move|p2a: Hatterene|Draining Kiss|p1a: Moebius
|-damage|p1a: Moebius|60/100
|
|upkeep
|turn|2
|c|☆RapidFireScarf|Gl
|
|t:|1758310898
|move|p1a: Moebius|Shadow Ball|p2a: Hatterene
|-supereffective|p2a: Hatterene
|-damage|p2a: Hatterene|20/100
|-damage|p1a: Moebius|50/100|[from] item: Life Orb
|move|p2a: Hatterene|Mystical Fire|p1a: Moebius
|-damage|p1a: Moebius|13/100
|-unboost|p1a: Moebius|spa|1
|
|upkeep
|turn|3
|
|t:|1758310907
|move|p1a: Moebius|Shadow Ball|p2a: Hatterene
|-supereffective|p2a: Hatterene
|-damage|p2a: Hatterene|0 fnt
|faint|p2a: Hatterene
|-damage|p1a: Moebius|4/100|[from] item: Life Orb
|
|upkeep
|j| Albrtix
|
|t:|1758310914
|switch|p2a: Darkrai|Darkrai, shiny|100/100
|turn|4
|
|t:|1758310930
|move|p1a: Moebius|Focus Blast|p2a: Darkrai
|-supereffective|p2a: Darkrai
|-damage|p2a: Darkrai|0 fnt
|faint|p2a: Darkrai
|-damage|p1a: Moebius|0 fnt|[from] item: Life Orb
|faint|p1a: Moebius
|
|upkeep
|
|t:|1758310941
|switch|p1a: Anomаly|Iron Moth|100/100
|switch|p2a: Ninetales|Ninetales-Alola, M|100/100
|-weather|Snowscape|[from] ability: Snow Warning|[of] p2a: Ninetales
|-enditem|p1a: Anomаly|Booster Energy
|-activate|p1a: Anomаly|ability: Quark Drive|[fromitem]
|-start|p1a: Anomаly|quarkdrivespe
|turn|5
|
|t:|1758310952
|move|p1a: Anomаly|Fiery Dance|p2a: Ninetales
|-supereffective|p2a: Ninetales
|-damage|p2a: Ninetales|23/100
|-boost|p1a: Anomаly|spa|1
|move|p2a: Ninetales|Freeze-Dry|p1a: Anomаly
|-resisted|p1a: Anomаly
|-damage|p1a: Anomаly|91/100
|
|-weather|Snowscape|[upkeep]
|upkeep
|turn|6
|
|t:|1758310962
|-terastallize|p2a: Ninetales|Poison
|move|p1a: Anomаly|Sludge Wave|p2a: Ninetales
|-resisted|p2a: Ninetales
|-damage|p2a: Ninetales|0 fnt
|faint|p2a: Ninetales
|
|-weather|Snowscape|[upkeep]
|upkeep
|
|t:|1758310969
|switch|p2a: Dragonite|Dragonite, F|100/100
|turn|7
|
|t:|1758310979
|move|p1a: Anomаly|Sludge Wave|p2a: Dragonite
|-damage|p2a: Dragonite|63/100
|move|p2a: Dragonite|Dragon Tail|p1a: Anomаly
|-damage|p1a: Anomаly|46/100
|-end|p1a: Anomаly|Quark Drive|[silent]
|drag|p1a: Siren|Primarina, F|100/100
|
|-weather|Snowscape|[upkeep]
|upkeep
|turn|8
|
|t:|1758310991
|move|p2a: Dragonite|Earthquake|p1a: Siren
|-damage|p1a: Siren|52/100
|move|p1a: Siren|Whirlpool|p2a: Dragonite
|-resisted|p2a: Dragonite
|-damage|p2a: Dragonite|53/100
|-activate|p2a: Dragonite|move: Whirlpool|[of] p1a: Siren
|
|-weather|Snowscape|[upkeep]
|-damage|p2a: Dragonite|40/100|[from] move: Whirlpool|[partiallytrapped]
|upkeep
|turn|9
|
|t:|1758310999
|move|p2a: Dragonite|Earthquake|p1a: Siren
|-damage|p1a: Siren|1/100
|move|p1a: Siren|Moonblast|p2a: Dragonite
|-supereffective|p2a: Dragonite
|-damage|p2a: Dragonite|0 fnt
|faint|p2a: Dragonite
|
|-weather|none
|upkeep
|
|t:|1758311007
|switch|p2a: Zamazenta|Zamazenta|100/100
|-ability|p2a: Zamazenta|Dauntless Shield|boost
|-boost|p2a: Zamazenta|def|1
|turn|10
|
|t:|1758311011
|move|p2a: Zamazenta|Crunch|p1a: Siren
|-resisted|p1a: Siren
|-damage|p1a: Siren|0 fnt
|faint|p1a: Siren
|
|upkeep
|
|t:|1758311016
|switch|p1a: Anomаly|Iron Moth|46/100
|turn|11
|
|t:|1758311019
|move|p2a: Zamazenta|Crunch|p1a: Anomаly
|-damage|p1a: Anomаly|13/100
|move|p1a: Anomаly|Fiery Dance|p2a: Zamazenta
|-damage|p2a: Zamazenta|64/100
|-boost|p1a: Anomаly|spa|1
|
|-heal|p2a: Zamazenta|70/100|[from] item: Leftovers
|upkeep
|turn|12
|
|t:|1758311029
|move|p2a: Zamazenta|Crunch|p1a: Anomаly
|-damage|p1a: Anomаly|0 fnt
|faint|p1a: Anomаly
|-end|p1a: Anomаly|Quark Drive|[silent]
|
|-heal|p2a: Zamazenta|77/100|[from] item: Leftovers
|upkeep
|j| wuhss
|
|t:|1758311033
|switch|p1a: Yoshi|Dragonite, F, shiny|100/100
|turn|13
|
|t:|1758311039
|move|p2a: Zamazenta|Body Press|p1a: Yoshi
|-resisted|p1a: Yoshi
|-damage|p1a: Yoshi|84/100
|move|p1a: Yoshi|Outrage|p2a: Zamazenta
|-damage|p2a: Zamazenta|25/100
|
|-heal|p2a: Zamazenta|31/100|[from] item: Leftovers
|upkeep
|turn|14
|c| wuhss|rapid :)
|
|t:|1758311047
|move|p2a: Zamazenta|Crunch|p1a: Yoshi
|-damage|p1a: Yoshi|61/100
|move|p1a: Yoshi|Outrage|p2a: Zamazenta|[from] lockedmove
|-damage|p2a: Zamazenta|0 fnt
|faint|p2a: Zamazenta
|-start|p1a: Yoshi|confusion|[fatigue]
|
|upkeep
|c|☆RapidFireScarf|Oh youre back
|
|t:|1758311056
|switch|p2a: Landorus|Landorus-Therian, M|100/100
|-ability|p2a: Landorus|Intimidate|boost
|-unboost|p1a: Yoshi|atk|1
|turn|15
|
|t:|1758311063
|-activate|p1a: Yoshi|confusion
|-damage|p1a: Yoshi|49/100|[from] confusion
|move|p2a: Landorus|Earthquake|p1a: Yoshi
|-immune|p1a: Yoshi
|
|upkeep
|turn|16
|c| wuhss|yeah i have my friend over for the night
|
|t:|1758311074
|-activate|p1a: Yoshi|confusion
|-damage|p1a: Yoshi|38/100|[from] confusion
|move|p2a: Landorus|U-turn|p1a: Yoshi
|-resisted|p1a: Yoshi
|-damage|p1a: Yoshi|25/100
|
|upkeep
|turn|17
|c| wuhss|so i dont know how active i will be
|
|t:|1758311083
|-activate|p1a: Yoshi|confusion
|-damage|p1a: Yoshi|14/100|[from] confusion
|move|p2a: Landorus|U-turn|p1a: Yoshi
|-resisted|p1a: Yoshi
|-damage|p1a: Yoshi|1/100
|
|upkeep
|turn|18
|
|t:|1758311088
|-activate|p1a: Yoshi|confusion
|move|p1a: Yoshi|Outrage|p2a: Landorus
|-damage|p2a: Landorus|38/100
|-damage|p1a: Yoshi|0 fnt|[from] item: Rocky Helmet|[of] p2a: Landorus
|faint|p1a: Yoshi
|move|p2a: Landorus|Stealth Rock|p1: Yoshi
|-sidestart|p1: RapidFireScarf|move: Stealth Rock
|
|upkeep
|
|t:|1758311093
|switch|p1a: Anomaly|Great Tusk|100/100
|-damage|p1a: Anomaly|98/100|[from] Stealth Rock
|-enditem|p1a: Anomaly|Booster Energy
|-activate|p1a: Anomaly|ability: Protosynthesis|[fromitem]
|-start|p1a: Anomaly|protosynthesisatk
|turn|19
|
|t:|1758311100
|move|p1a: Anomaly|Ice Spinner|p2a: Landorus
|-supereffective|p2a: Landorus
|-damage|p2a: Landorus|0 fnt
|-damage|p1a: Anomaly|81/100|[from] item: Rocky Helmet|[of] p2a: Landorus
|faint|p2a: Landorus
|
|win|RapidFireScarf
|n|☆RapidFireScarf|rapidfirescarf
|n|☆ultrazacattack|ultrazacattack
|n|*Lady Monita ☀|ladymonita
|n| Albrtix|albrtix
|n| wuhss|wuhss
|l|*Lady Monita ☀
|c|☆ultrazacattack|gg
|c|☆RapidFireScarf|Gg wp
|c|☆ultrazacattack|wp
|l|☆RapidFireScarf
|player|p1|
|l|☆ultrazacattack
|player|p2|
|l| wuhss
