|j|☆beigeking11
|j|☆13089565007Y
|t:|1758265746
|gametype|singles
|player|p1|beigeking11|lucas|1366
|player|p2|13089565007Y|acetrainer|1305
|gen|9
|tier|[Gen 9] OU
|rated|
|rule|HP Percentage Mod: HP is shown in percentages
|rule|Endless Battle Clause: Forcing endless battles is banned
|rule|Species Clause: Limit one of each Pokémon
|rule|OHKO Clause: OHKO moves are banned
|rule|Evasion Items Clause: Evasion items are banned
|rule|Evasion Moves Clause: Evasion moves are banned
|rule|Evasion Abilities Clause: Evasion abilities are banned
|rule|Sleep Moves Clause: Sleep-inducing moves are banned
|clearpoke
|poke|p1|Pelipper, M|
|poke|p1|Greninja-*, M|
|poke|p1|Basculegion, M|
|poke|p1|Zapdos|
|poke|p1|Sandy Shocks|
|poke|p1|Scizor, F|
|poke|p2|Darkrai|
|poke|p2|Ninetales-Alola, F|
|poke|p2|Salamence, M|
|poke|p2|Azumarill, M|
|poke|p2|Gliscor, M|
|poke|p2|Hatterene, F|
|teampreview
|inactive|Battle timer is ON: inactive players will automatically lose when time's up. (requested by beigeking11)
|
|t:|1758265761
|teamsize|p1|6
|teamsize|p2|6
|start
|switch|p1a: Pelipper|Pelipper, M|100/100
|switch|p2a: Ninetales|Ninetales-Alola, F|100/100
|-weather|Snowscape|[from] ability: Snow Warning|[of] p2a: Ninetales
|-weather|RainDance|[from] ability: Drizzle|[of] p1a: Pelipper
|turn|1
|
|t:|1758265787
|switch|p1a: Scizor|Scizor, F|100/100
|move|p2a: Ninetales|Freeze-Dry|p1a: Scizor
|-resisted|p1a: Scizor
|-damage|p1a: Scizor|93/100
|
|-weather|RainDance|[upkeep]
|-heal|p1a: Scizor|99/100|[from] item: Leftovers
|upkeep
|turn|2
|inactive|13089565007Y has 120 seconds left.
|
|t:|1758265825
|switch|p2a: Azumarill|Azumarill, M|100/100
|move|p1a: Scizor|U-turn|p2a: Azumarill
|-resisted|p2a: Azumarill
|-damage|p2a: Azumarill|85/100
|inactive|beigeking11 has 120 seconds left.
|
|t:|1758265855
|switch|p1a: Sandy Shocks|Sandy Shocks|100/100|[from] U-turn
|-enditem|p1a: Sandy Shocks|Booster Energy
|-activate|p1a: Sandy Shocks|ability: Protosynthesis|[fromitem]
|-start|p1a: Sandy Shocks|protosynthesisspe
|
|-weather|RainDance|[upkeep]
|upkeep
|turn|3
|
|t:|1758265876
|-terastallize|p2a: Azumarill|Ground
|move|p1a: Sandy Shocks|Stealth Rock|p2a: Azumarill
|-sidestart|p2: 13089565007Y|move: Stealth Rock
|move|p2a: Azumarill|Belly Drum|p2a: Azumarill
|-damage|p2a: Azumarill|35/100
|-setboost|p2a: Azumarill|atk|6|[from] move: Belly Drum
|-enditem|p2a: Azumarill|Sitrus Berry|[eat]
|-heal|p2a: Azumarill|60/100|[from] item: Sitrus Berry
|
|-weather|RainDance|[upkeep]
|upkeep
|turn|4
|
|t:|1758265898
|move|p2a: Azumarill|Aqua Jet|p1a: Sandy Shocks
|-supereffective|p1a: Sandy Shocks
|-damage|p1a: Sandy Shocks|0 fnt
|faint|p1a: Sandy Shocks
|-end|p1a: Sandy Shocks|Protosynthesis|[silent]
|
|-weather|RainDance|[upkeep]
|upkeep
|
|t:|1758265901
|switch|p1a: Basculegion|Basculegion, M|100/100
|turn|5
|
|t:|1758265924
|move|p1a: Basculegion|Aqua Jet|p2a: Azumarill
|-supereffective|p2a: Azumarill
|-damage|p2a: Azumarill|0 fnt
|faint|p2a: Azumarill
|
|-weather|RainDance|[upkeep]
|upkeep
|
|t:|1758265931
|switch|p2a: Salamence|Salamence, M|100/100
|-damage|p2a: Salamence|76/100|[from] Stealth Rock
|turn|6
|
|t:|1758265941
|switch|p1a: Greninja|Greninja, M|100/100
|move|p2a: Salamence|Dragon Dance|p2a: Salamence
|-boost|p2a: Salamence|atk|1
|-boost|p2a: Salamence|spe|1
|
|-weather|RainDance|[upkeep]
|-heal|p2a: Salamence|82/100|[from] item: Leftovers
|upkeep
|turn|7
|
|t:|1758265947
|move|p2a: Salamence|Dual Wingbeat|p1a: Greninja
|-damage|p1a: Greninja|46/100
|-damage|p1a: Greninja|0 fnt
|faint|p1a: Greninja
|-ability|p2a: Salamence|Moxie|boost
|-boost|p2a: Salamence|atk|1
|-hitcount|p1: Greninja|2
|
|-weather|RainDance|[upkeep]
|-heal|p2a: Salamence|88/100|[from] item: Leftovers
|upkeep
|
|t:|1758265962
|switch|p1a: Scizor|Scizor, F|99/100
|turn|8
|inactive|13089565007Y has 120 seconds left.
|
|t:|1758265972
|move|p1a: Scizor|Bullet Punch|p2a: Salamence
|-damage|p2a: Salamence|58/100
|move|p2a: Salamence|Substitute|p2a: Salamence
|-start|p2a: Salamence|Substitute
|-damage|p2a: Salamence|33/100
|
|-weather|none
|-heal|p2a: Salamence|39/100|[from] item: Leftovers
|-heal|p1a: Scizor|100/100|[from] item: Leftovers
|upkeep
|turn|9
|
|t:|1758265975
|move|p1a: Scizor|Bullet Punch|p2a: Salamence
|-end|p2a: Salamence|Substitute
|move|p2a: Salamence|Dragon Dance|p2a: Salamence
|-boost|p2a: Salamence|atk|1
|-boost|p2a: Salamence|spe|1
|
|-heal|p2a: Salamence|45/100|[from] item: Leftovers
|upkeep
|turn|10
|
|t:|1758265979
|move|p1a: Scizor|Bullet Punch|p2a: Salamence
|-damage|p2a: Salamence|15/100
|move|p2a: Salamence|Dual Wingbeat|p1a: Scizor
|-damage|p1a: Scizor|51/100
|-damage|p1a: Scizor|1/100
|-hitcount|p1a: Scizor|2
|
|-heal|p2a: Salamence|21/100|[from] item: Leftovers
|-heal|p1a: Scizor|7/100|[from] item: Leftovers
|upkeep
|turn|11
|
|t:|1758265986
|move|p1a: Scizor|Bullet Punch|p2a: Salamence
|-damage|p2a: Salamence|0 fnt
|faint|p2a: Salamence
|
|-heal|p1a: Scizor|14/100|[from] item: Leftovers
|upkeep
|
|t:|1758265993
|switch|p2a: Darkrai|Darkrai|100/100
|-damage|p2a: Darkrai|88/100|[from] Stealth Rock
|turn|12
|
|t:|1758266002
|move|p2a: Darkrai|Dark Pulse|p1a: Scizor
|-damage|p1a: Scizor|0 fnt
|faint|p1a: Scizor
|
|-heal|p2a: Darkrai|94/100|[from] item: Leftovers
|upkeep
|
|t:|1758266004
|switch|p1a: Pelipper|Pelipper, M|100/100
|-weather|RainDance|[from] ability: Drizzle|[of] p1a: Pelipper
|turn|13
|
|t:|1758266021
|switch|p1a: Zapdos|Zapdos|100/100
|move|p2a: Darkrai|Dark Pulse|p1a: Zapdos
|-damage|p1a: Zapdos|59/100
|
|-weather|RainDance|[upkeep]
|-heal|p2a: Darkrai|99/100|[from] item: Leftovers
|upkeep
|turn|14
|
|t:|1758266026
|move|p2a: Darkrai|Nasty Plot|p2a: Darkrai
|-boost|p2a: Darkrai|spa|2
|move|p1a: Zapdos|U-turn|p2a: Darkrai
|-supereffective|p2a: Darkrai
|-damage|p2a: Darkrai|63/100
|
|t:|1758266028
|switch|p1a: Basculegion|Basculegion, M|100/100|[from] U-turn
|
|-weather|RainDance|[upkeep]
|-heal|p2a: Darkrai|69/100|[from] item: Leftovers
|upkeep
|turn|15
|
|t:|1758266047
|switch|p2a: Ninetales|Ninetales-Alola, F|100/100
|-damage|p2a: Ninetales|76/100|[from] Stealth Rock
|-weather|Snowscape|[from] ability: Snow Warning|[of] p2a: Ninetales
|move|p1a: Basculegion|Wave Crash|p2a: Ninetales
|-damage|p2a: Ninetales|0 fnt
|faint|p2a: Ninetales
|-damage|p1a: Basculegion|78/100|[from] Recoil
|
|-weather|Snowscape|[upkeep]
|upkeep
|
|t:|1758266055
|switch|p2a: Darkrai|Darkrai|69/100
|-damage|p2a: Darkrai|57/100|[from] Stealth Rock
|turn|16
|
|t:|1758266061
|switch|p1a: Pelipper|Pelipper, M|100/100
|-weather|RainDance|[from] ability: Drizzle|[of] p1a: Pelipper
|move|p2a: Darkrai|Nasty Plot|p2a: Darkrai
|-boost|p2a: Darkrai|spa|2
|
|-weather|RainDance|[upkeep]
|-heal|p2a: Darkrai|63/100|[from] item: Leftovers
|upkeep
|turn|17
|
|t:|1758266082
|move|p2a: Darkrai|Dark Pulse|p1a: Pelipper
|-damage|p1a: Pelipper|0 fnt
|faint|p1a: Pelipper
|
|-weather|RainDance|[upkeep]
|-heal|p2a: Darkrai|69/100|[from] item: Leftovers
|upkeep
|
|t:|1758266084
|switch|p1a: Basculegion|Basculegion, M|78/100
|turn|18
|
|t:|1758266091
|move|p1a: Basculegion|Wave Crash|p2a: Darkrai
|-damage|p2a: Darkrai|0 fnt
|faint|p2a: Darkrai
|-damage|p1a: Basculegion|61/100|[from] Recoil
|
|-weather|RainDance|[upkeep]
|upkeep
|
|t:|1758266094
|switch|p2a: Hatterene|Hatterene, F|100/100
|-damage|p2a: Hatterene|88/100|[from] Stealth Rock
|turn|19
|
|t:|1758266099
|-terastallize|p1a: Basculegion|Water
|move|p1a: Basculegion|Wave Crash|p2a: Hatterene
|-damage|p2a: Hatterene|0 fnt
|faint|p2a: Hatterene
|-damage|p1a: Basculegion|37/100|[from] Recoil
|
|-weather|RainDance|[upkeep]
|upkeep
|-message|13089565007Y forfeited.
|
|win|beigeking11
|raw|beigeking11's rating: 1366 &rarr; <strong>1383</strong><br />(+17 for winning)
|raw|13089565007Y's rating: 1305 &rarr; <strong>1288</strong><br />(-17 for losing)
|l|☆13089565007Y
|player|p2|
