|j|☆Shattersong
|j|☆jpig44
|t:|1758233909
|gametype|singles
|player|p1|Shattersong|170|1354
|player|p2|jpig44|n-masters|1390
|gen|9
|tier|[Gen 9] OU
|rated|
|rule|HP Percentage Mod: HP is shown in percentages
|rule|Endless Battle Clause: Forcing endless battles is banned
|rule|Species Clause: Limit one of each Pokémon
|rule|OHKO Clause: OHKO moves are banned
|rule|Evasion Items Clause: Evasion items are banned
|rule|Evasion Moves Clause: Evasion moves are banned
|rule|Evasion Abilities Clause: Evasion abilities are banned
|rule|Sleep Moves Clause: Sleep-inducing moves are banned
|clearpoke
|poke|p1|Rillaboom, M|
|poke|p1|Chesnaught, M|
|poke|p1|Pelipper, M|
|poke|p1|Gholdengo|
|poke|p1|Cinderace, F|
|poke|p1|Glimmora, F|
|poke|p2|Dragonite, F|
|poke|p2|Gholdengo|
|poke|p2|Iron Treads|
|poke|p2|Quaquaval, M|
|poke|p2|Slowking-Galar, F|
|poke|p2|Ting-Lu|
|teampreview
|
|t:|1758233926
|teamsize|p1|6
|teamsize|p2|6
|start
|switch|p1a: Funky|Rillaboom, M|100/100
|switch|p2a: Quaquaval|Quaquaval, M|100/100
|-fieldstart|move: Grassy Terrain|[from] ability: Grassy Surge|[of] p1a: Funky
|turn|1
|
|t:|1758233935
|switch|p2a: Slowking|Slowking-Galar, F|100/100
|move|p1a: Funky|Wood Hammer|p2a: Slowking
|-resisted|p2a: Slowking
|-damage|p2a: Slowking|74/100
|-damage|p1a: Funky|91/100|[from] Recoil
|
|-heal|p1a: Funky|97/100|[from] Grassy Terrain
|-heal|p2a: Slowking|80/100|[from] Grassy Terrain
|upkeep
|turn|2
|
|t:|1758233945
|move|p1a: Funky|High Horsepower|p2a: Slowking
|-supereffective|p2a: Slowking
|-enditem|p2a: Slowking|Shuca Berry|[eat]
|-enditem|p2a: Slowking|Shuca Berry|[weaken]
|-damage|p2a: Slowking|58/100
|-prepare|p2a: Slowking|Chilly Reception|[premajor]
|move|p2a: Slowking|Chilly Reception|p2a: Slowking
|-weather|Snowscape
|
|t:|1758233972
|switch|p2a: Dragonite|Dragonite, F|100/100|[from] Chilly Reception
|
|-weather|Snowscape|[upkeep]
|-heal|p1a: Funky|100/100|[from] Grassy Terrain
|upkeep
|turn|3
|inactive|Battle timer is ON: inactive players will automatically lose when time's up. (requested by jpig44)
|
|t:|1758233978
|move|p1a: Funky|U-turn|p2a: Dragonite
|-resisted|p2a: Dragonite
|-damage|p2a: Dragonite|95/100
|
|t:|1758233982
|switch|p1a: Claude|Gholdengo|100/100|[from] U-turn
|move|p2a: Dragonite|Dragon Dance|p2a: Dragonite
|-boost|p2a: Dragonite|atk|1
|-boost|p2a: Dragonite|spe|1
|
|-weather|Snowscape|[upkeep]
|upkeep
|turn|4
|
|t:|1758233989
|move|p2a: Dragonite|Dragon Dance|p2a: Dragonite
|-boost|p2a: Dragonite|atk|1
|-boost|p2a: Dragonite|spe|1
|move|p1a: Claude|Thunder Wave|p2a: Dragonite
|-status|p2a: Dragonite|par
|
|-weather|Snowscape|[upkeep]
|upkeep
|turn|5
|
|t:|1758233996
|move|p1a: Claude|Nasty Plot|p1a: Claude
|-boost|p1a: Claude|spa|2
|move|p2a: Dragonite|Dragon Dance|p2a: Dragonite
|-boost|p2a: Dragonite|atk|1
|-boost|p2a: Dragonite|spe|1
|
|-weather|Snowscape|[upkeep]
|upkeep
|turn|6
|
|t:|1758234007
|move|p1a: Claude|Hex|p2a: Dragonite
|-damage|p2a: Dragonite|0 fnt
|faint|p2a: Dragonite
|
|-weather|none
|upkeep
|
|t:|1758234011
|switch|p2a: Gholdengo|Gholdengo|100/100
|turn|7
|
|t:|1758234016
|move|p2a: Gholdengo|Shadow Ball|p1a: Claude
|-supereffective|p1a: Claude
|-damage|p1a: Claude|0 fnt
|faint|p1a: Claude
|
|upkeep
|
|t:|1758234022
|switch|p1a: Larry|Pelipper, M|100/100
|-weather|RainDance|[from] ability: Drizzle|[of] p1a: Larry
|turn|8
|
|t:|1758234029
|switch|p2a: Iron Treads|Iron Treads|100/100
|move|p1a: Larry|Tailwind|p1a: Larry
|-sidestart|p1: Shattersong|move: Tailwind
|
|-weather|RainDance|[upkeep]
|-fieldend|move: Grassy Terrain
|upkeep
|turn|9
|
|t:|1758234035
|move|p2a: Iron Treads|Knock Off|p1a: Larry
|-damage|p1a: Larry|71/100
|-enditem|p1a: Larry|Focus Sash|[from] move: Knock Off|[of] p2a: Iron Treads
|move|p1a: Larry|Chilling Water|p2a: Iron Treads
|-supereffective|p2a: Iron Treads
|-damage|p2a: Iron Treads|7/100
|-unboost|p2a: Iron Treads|atk|1
|
|-weather|RainDance|[upkeep]
|-heal|p2a: Iron Treads|13/100|[from] item: Leftovers
|upkeep
|turn|10
|
|t:|1758234044
|move|p2a: Iron Treads|Stealth Rock|p1a: Larry
|-sidestart|p1: Shattersong|move: Stealth Rock
|move|p1a: Larry|Chilling Water|p2a: Iron Treads
|-supereffective|p2a: Iron Treads
|-damage|p2a: Iron Treads|0 fnt
|faint|p2a: Iron Treads
|-end|p2a: Iron Treads|Quark Drive|[silent]
|
|-weather|RainDance|[upkeep]
|upkeep
|
|t:|1758234049
|switch|p2a: Slowking|Slowking-Galar, F|91/100
|turn|11
|
|t:|1758234052
|move|p1a: Larry|Hurricane|p2a: Slowking
|-damage|p2a: Slowking|51/100
|-prepare|p2a: Slowking|Chilly Reception|[premajor]
|move|p2a: Slowking|Chilly Reception|p2a: Slowking
|-weather|Snowscape
|
|t:|1758234063
|switch|p2a: Quaquaval|Quaquaval, M|100/100|[from] Chilly Reception
|
|-weather|Snowscape|[upkeep]
|-sideend|p1: Shattersong|move: Tailwind
|upkeep
|turn|12
|
|t:|1758234067
|move|p2a: Quaquaval|Aqua Step|p1a: Larry
|-resisted|p1a: Larry
|-damage|p1a: Larry|37/100
|-boost|p2a: Quaquaval|spe|1
|move|p1a: Larry|Hurricane|p2a: Quaquaval|[miss]
|-miss|p1a: Larry|p2a: Quaquaval
|
|-weather|Snowscape|[upkeep]
|upkeep
|turn|13
|
|t:|1758234075
|move|p2a: Quaquaval|Aqua Step|p1a: Larry
|-resisted|p1a: Larry
|-damage|p1a: Larry|4/100
|-boost|p2a: Quaquaval|spe|1
|move|p1a: Larry|Tailwind|p1a: Larry
|-sidestart|p1: Shattersong|move: Tailwind
|
|-weather|Snowscape|[upkeep]
|upkeep
|turn|14
|
|t:|1758234083
|move|p2a: Quaquaval|Aqua Step|p1a: Larry
|-resisted|p1a: Larry
|-damage|p1a: Larry|0 fnt
|-boost|p2a: Quaquaval|spe|1
|faint|p1a: Larry
|-ability|p2a: Quaquaval|Moxie|boost
|-boost|p2a: Quaquaval|atk|1
|
|-weather|Snowscape|[upkeep]
|upkeep
|
|t:|1758234091
|switch|p1a: Funky|Rillaboom, M|100/100
|-damage|p1a: Funky|88/100|[from] Stealth Rock
|-fieldstart|move: Grassy Terrain|[from] ability: Grassy Surge|[of] p1a: Funky
|turn|15
|
|t:|1758234096
|switch|p2a: Slowking|Slowking-Galar, F|85/100
|move|p1a: Funky|Grassy Glide|p2a: Slowking
|-resisted|p2a: Slowking
|-damage|p2a: Slowking|71/100
|
|-weather|none
|-heal|p1a: Funky|94/100|[from] Grassy Terrain
|-heal|p2a: Slowking|77/100|[from] Grassy Terrain
|upkeep
|turn|16
|
|t:|1758234105
|move|p1a: Funky|U-turn|p2a: Slowking
|-damage|p2a: Slowking|61/100
|
|t:|1758234108
|switch|p1a: Trevor Burrow|Chesnaught, M, shiny|100/100|[from] U-turn
|-damage|p1a: Trevor Burrow|94/100|[from] Stealth Rock
|move|p2a: Slowking|Sludge Bomb|p1a: Trevor Burrow
|-immune|p1a: Trevor Burrow|[from] ability: Bulletproof
|
|-heal|p1a: Trevor Burrow|100/100|[from] Grassy Terrain
|-heal|p2a: Slowking|67/100|[from] Grassy Terrain
|-sideend|p1: Shattersong|move: Tailwind
|upkeep
|turn|17
|
|t:|1758234123
|-terastallize|p1a: Trevor Burrow|Grass
|move|p1a: Trevor Burrow|Belly Drum|p1a: Trevor Burrow
|-damage|p1a: Trevor Burrow|50/100
|-setboost|p1a: Trevor Burrow|atk|6|[from] move: Belly Drum
|-enditem|p1a: Trevor Burrow|Sitrus Berry|[eat]
|-heal|p1a: Trevor Burrow|75/100|[from] item: Sitrus Berry
|move|p2a: Slowking|Future Sight|p1a: Trevor Burrow
|-start|p2a: Slowking|move: Future Sight
|
|-heal|p1a: Trevor Burrow|82/100|[from] Grassy Terrain
|-heal|p2a: Slowking|73/100|[from] Grassy Terrain
|upkeep
|turn|18
|
|t:|1758234133
|move|p1a: Trevor Burrow|Knock Off|p2a: Slowking
|-supereffective|p2a: Slowking
|-damage|p2a: Slowking|0 fnt
|faint|p2a: Slowking
|
|-heal|p1a: Trevor Burrow|88/100|[from] Grassy Terrain
|upkeep
|inactive|jpig44 has 120 seconds left.
|
|t:|1758234170
|switch|p2a: Quaquaval|Quaquaval, M|100/100
|turn|19
|inactive|jpig44 has 120 seconds left.
|
|t:|1758234178
|-terastallize|p2a: Quaquaval|Fighting
|move|p1a: Trevor Burrow|Grassy Glide|p2a: Quaquaval
|-damage|p2a: Quaquaval|0 fnt
|faint|p2a: Quaquaval
|
|-end|p1a: Trevor Burrow|move: Future Sight
|-damage|p1a: Trevor Burrow|39/100
|-heal|p1a: Trevor Burrow|45/100|[from] Grassy Terrain
|upkeep
|inactive|jpig44 has 120 seconds left.
|
|t:|1758234184
|switch|p2a: Gholdengo|Gholdengo|100/100
|turn|20
|
|t:|1758234190
|move|p1a: Trevor Burrow|Grassy Glide|p2a: Gholdengo
|-resisted|p2a: Gholdengo
|-damage|p2a: Gholdengo|0 fnt
|faint|p2a: Gholdengo
|
|-heal|p1a: Trevor Burrow|51/100|[from] Grassy Terrain
|upkeep
|-message|jpig44 forfeited.
|
|win|Shattersong
|raw|Shattersong's rating: 1354 &rarr; <strong>1376</strong><br />(+22 for winning)
|raw|jpig44's rating: 1390 &rarr; <strong>1368</strong><br />(-22 for losing)
|l|☆jpig44
|player|p2|
