|j|☆jdud.d
|j|☆Andrewtre
|t:|1758270640
|gametype|singles
|player|p1|jdud.d|red|1084
|player|p2|Andrewtre|unknown|1129
|gen|9
|tier|[Gen 9] OU
|rated|
|rule|HP Percentage Mod: HP is shown in percentages
|rule|Endless Battle Clause: Forcing endless battles is banned
|rule|Species Clause: Limit one of each Pokémon
|rule|OHKO Clause: OHKO moves are banned
|rule|Evasion Items Clause: Evasion items are banned
|rule|Evasion Moves Clause: Evasion moves are banned
|rule|Evasion Abilities Clause: Evasion abilities are banned
|rule|Sleep Moves Clause: Sleep-inducing moves are banned
|clearpoke
|poke|p1|Excadrill, M|
|poke|p1|Gengar, M|
|poke|p1|Porygon2|
|poke|p1|Zapdos|
|poke|p1|Lucario, M|
|poke|p1|Rotom-Wash|
|poke|p2|Arcanine, M|
|poke|p2|Excadrill, M|
|poke|p2|Pelipper, M|
|poke|p2|Ludicolo, M|
|poke|p2|Toxicroak, F|
|poke|p2|Hippowdon, M|
|teampreview
|inactive|Battle timer is ON: inactive players will automatically lose when time's up. (requested by Andrewtre)
|inactive|jdud.d also wants the timer to be on.
|
|t:|1758270653
|teamsize|p1|6
|teamsize|p2|6
|start
|switch|p1a: Excadrill|Excadrill, M, shiny|100/100
|switch|p2a: Hippowdon|Hippowdon, M, shiny|100/100
|-ability|p1a: Excadrill|Mold Breaker
|-item|p1a: Excadrill|Air Balloon
|-weather|Sandstorm|[from] ability: Sand Stream|[of] p2a: Hippowdon
|turn|1
|
|t:|1758270662
|move|p1a: Excadrill|Stealth Rock|p2a: Hippowdon
|-sidestart|p2: Andrewtre|move: Stealth Rock
|move|p2a: Hippowdon|Whirlwind|p1a: Excadrill
|drag|p1a: Gengar|Gengar, M, shiny|100/100
|
|-weather|Sandstorm|[upkeep]
|-damage|p1a: Gengar|94/100|[from] Sandstorm
|-heal|p1a: Gengar|100/100|[from] item: Black Sludge
|upkeep
|turn|2
|
|t:|1758270672
|move|p1a: Gengar|Sludge Bomb|p2a: Hippowdon
|-resisted|p2a: Hippowdon
|-damage|p2a: Hippowdon|76/100
|-status|p2a: Hippowdon|psn
|move|p2a: Hippowdon|Whirlwind|p1a: Gengar
|drag|p1a: Excadrill|Excadrill, M, shiny|100/100
|-ability|p1a: Excadrill|Mold Breaker
|-item|p1a: Excadrill|Air Balloon
|
|-weather|Sandstorm|[upkeep]
|-damage|p2a: Hippowdon|64/100 psn|[from] psn
|upkeep
|turn|3
|
|t:|1758270678
|move|p1a: Excadrill|Iron Head|p2a: Hippowdon
|-damage|p2a: Hippowdon|38/100 psn
|move|p2a: Hippowdon|Whirlwind|p1a: Excadrill
|drag|p1a: Lucario|Lucario, M, shiny|100/100
|
|-weather|Sandstorm|[upkeep]
|-damage|p2a: Hippowdon|26/100 psn|[from] psn
|upkeep
|turn|4
|
|t:|1758270683
|move|p1a: Lucario|Swords Dance|p1a: Lucario
|-boost|p1a: Lucario|atk|2
|move|p2a: Hippowdon|Earthquake|p1a: Lucario
|-supereffective|p1a: Lucario
|-damage|p1a: Lucario|0 fnt
|faint|p1a: Lucario
|
|-weather|Sandstorm|[upkeep]
|-damage|p2a: Hippowdon|14/100 psn|[from] psn
|upkeep
|
|t:|1758270706
|switch|p1a: Porygon2|Porygon2, shiny|100/100
|turn|5
|
|t:|1758270711
|move|p1a: Porygon2|Tri Attack|p2a: Hippowdon
|-damage|p2a: Hippowdon|0 fnt
|faint|p2a: Hippowdon
|
|-weather|Sandstorm|[upkeep]
|-damage|p1a: Porygon2|94/100|[from] Sandstorm
|upkeep
|
|t:|1758270714
|switch|p2a: Excadrill|Excadrill, M, shiny|100/100
|-damage|p2a: Excadrill|97/100|[from] Stealth Rock
|-item|p2a: Excadrill|Air Balloon
|turn|6
|
|t:|1758270717
|move|p2a: Excadrill|Rapid Spin|p1a: Porygon2
|-damage|p1a: Porygon2|82/100
|-boost|p2a: Excadrill|spe|1
|-sideend|p2: Andrewtre|Stealth Rock|[from] move: Rapid Spin|[of] p2a: Excadrill
|move|p1a: Porygon2|Ice Beam|p2a: Excadrill
|-damage|p2a: Excadrill|46/100
|-enditem|p2a: Excadrill|Air Balloon
|
|-weather|Sandstorm|[upkeep]
|-damage|p1a: Porygon2|75/100|[from] Sandstorm
|upkeep
|turn|7
|
|t:|1758270723
|move|p2a: Excadrill|Iron Head|p1a: Porygon2
|-damage|p1a: Porygon2|47/100
|cant|p1a: Porygon2|flinch
|
|-weather|Sandstorm|[upkeep]
|-damage|p1a: Porygon2|41/100|[from] Sandstorm
|upkeep
|turn|8
|
|t:|1758270728
|move|p2a: Excadrill|Iron Head|p1a: Porygon2
|-damage|p1a: Porygon2|14/100
|move|p1a: Porygon2|Recover|p1a: Porygon2
|-heal|p1a: Porygon2|64/100
|
|-weather|none
|upkeep
|turn|9
|
|t:|1758270733
|move|p2a: Excadrill|Swords Dance|p2a: Excadrill
|-boost|p2a: Excadrill|atk|2
|move|p1a: Porygon2|Ice Beam|p2a: Excadrill
|-damage|p2a: Excadrill|0 fnt
|faint|p2a: Excadrill
|
|upkeep
|
|t:|1758270740
|switch|p2a: Pelipper|Pelipper, M, shiny|100/100
|-weather|RainDance|[from] ability: Drizzle|[of] p2a: Pelipper
|turn|10
|
|t:|1758270745
|move|p1a: Porygon2|Thunderbolt|p2a: Pelipper
|-supereffective|p2a: Pelipper
|-damage|p2a: Pelipper|0 fnt
|faint|p2a: Pelipper
|
|-weather|RainDance|[upkeep]
|upkeep
|
|t:|1758270752
|switch|p2a: Ludicolo|Ludicolo, M, shiny|100/100
|turn|11
|
|t:|1758270756
|move|p2a: Ludicolo|Surf|p1a: Porygon2
|-damage|p1a: Porygon2|16/100
|-damage|p2a: Ludicolo|91/100|[from] item: Life Orb
|move|p1a: Porygon2|Thunderbolt|p2a: Ludicolo
|-crit|p2a: Ludicolo
|-damage|p2a: Ludicolo|29/100
|
|-weather|RainDance|[upkeep]
|upkeep
|turn|12
|
|t:|1758270761
|switch|p1a: Zapdos|Zapdos, shiny|100/100
|move|p2a: Ludicolo|Surf|p1a: Zapdos
|-damage|p1a: Zapdos|17/100
|-damage|p2a: Ludicolo|19/100|[from] item: Life Orb
|
|-weather|RainDance|[upkeep]
|upkeep
|turn|13
|
|t:|1758270765
|switch|p1a: Rotom|Rotom-Wash, shiny|100/100
|move|p2a: Ludicolo|Surf|p1a: Rotom
|-resisted|p1a: Rotom
|-damage|p1a: Rotom|51/100
|-damage|p2a: Ludicolo|9/100|[from] item: Life Orb
|
|-weather|RainDance|[upkeep]
|upkeep
|turn|14
|
|t:|1758270771
|move|p2a: Ludicolo|Giga Drain|p1a: Rotom
|-supereffective|p1a: Rotom
|-damage|p1a: Rotom|0 fnt
|-heal|p2a: Ludicolo|29/100|[from] drain|[of] p1a: Rotom
|faint|p1a: Rotom
|-damage|p2a: Ludicolo|19/100|[from] item: Life Orb
|
|-weather|RainDance|[upkeep]
|upkeep
|
|t:|1758270779
|switch|p1a: Gengar|Gengar, M, shiny|100/100
|turn|15
|
|t:|1758270782
|move|p2a: Ludicolo|Surf|p1a: Gengar
|-damage|p1a: Gengar|0 fnt
|faint|p1a: Gengar
|-damage|p2a: Ludicolo|9/100|[from] item: Life Orb
|
|-weather|RainDance|[upkeep]
|upkeep
|
|t:|1758270787
|switch|p1a: Porygon2|Porygon2, shiny|16/100
|turn|16
|
|t:|1758270795
|move|p2a: Ludicolo|Surf|p1a: Porygon2
|-damage|p1a: Porygon2|0 fnt
|faint|p1a: Porygon2
|-damage|p2a: Ludicolo|0 fnt|[from] item: Life Orb
|faint|p2a: Ludicolo
|
|-weather|RainDance|[upkeep]
|upkeep
|
|t:|1758270799
|switch|p2a: Toxicroak|Toxicroak, F, shiny|100/100
|switch|p1a: Excadrill|Excadrill, M, shiny|100/100
|-ability|p1a: Excadrill|Mold Breaker
|-item|p1a: Excadrill|Air Balloon
|turn|17
|
|t:|1758270815
|-terastallize|p2a: Toxicroak|Flying
|move|p2a: Toxicroak|Close Combat|p1a: Excadrill
|-supereffective|p1a: Excadrill
|-damage|p1a: Excadrill|0 fnt
|-unboost|p2a: Toxicroak|def|1
|-unboost|p2a: Toxicroak|spd|1
|-enditem|p1a: Excadrill|Air Balloon
|faint|p1a: Excadrill
|
|-weather|none
|upkeep
|
|t:|1758270820
|switch|p1a: Zapdos|Zapdos, shiny|17/100
|turn|18
|
|t:|1758270829
|move|p1a: Zapdos|Hurricane|p2a: Toxicroak|[miss]
|-miss|p1a: Zapdos|p2a: Toxicroak
|move|p2a: Toxicroak|Close Combat|p1a: Zapdos
|-resisted|p1a: Zapdos
|-damage|p1a: Zapdos|0 fnt
|-unboost|p2a: Toxicroak|def|1
|-unboost|p2a: Toxicroak|spd|1
|-status|p2a: Toxicroak|par|[from] ability: Static|[of] p1a: Zapdos
|faint|p1a: Zapdos
|
|win|Andrewtre
|raw|jdud.d's rating: 1084 &rarr; <strong>1064</strong><br />(-20 for losing)
|raw|Andrewtre's rating: 1129 &rarr; <strong>1151</strong><br />(+22 for winning)
|l|☆jdud.d
|player|p1|
|l|☆Andrewtre
|player|p2|
