|j|☆sean302
|j|☆sushuishuisu
|t:|1758303580
|gametype|singles
|player|p1|sean302|169|1083
|player|p2|sushuishuisu|hilbert-wonderlauncher|1067
|gen|9
|tier|[Gen 9] OU
|rated|
|rule|HP Percentage Mod: HP is shown in percentages
|rule|Endless Battle Clause: Forcing endless battles is banned
|rule|Species Clause: Limit one of each Pokémon
|rule|OHKO Clause: OHKO moves are banned
|rule|Evasion Items Clause: Evasion items are banned
|rule|Evasion Moves Clause: Evasion moves are banned
|rule|Evasion Abilities Clause: Evasion abilities are banned
|rule|Sleep Moves Clause: Sleep-inducing moves are banned
|clearpoke
|poke|p1|Venusaur, F|
|poke|p1|Ninetales, F|
|poke|p1|Kyurem|
|poke|p1|Minior-Violet|
|poke|p1|Zapdos|
|poke|p1|Gengar, M|
|poke|p2|Milotic, M|
|poke|p2|Blissey, F|
|poke|p2|Serperior, M|
|poke|p2|Gliscor, M|
|poke|p2|Alomomola, M|
|poke|p2|Comfey, M|
|teampreview
|
|t:|1758303605
|teamsize|p1|6
|teamsize|p2|6
|start
|switch|p1a: Minior|Minior-Violet, shiny|100/100
|switch|p2a: Gliscor|Gliscor, M, shiny|100/100
|-formechange|p1a: Minior|Minior-Meteor||[from] ability: Shields Down
|turn|1
|
|t:|1758303613
|move|p2a: Gliscor|Stealth Rock|p1a: Minior
|-sidestart|p1: sean302|move: Stealth Rock
|move|p1a: Minior|Shell Smash|p1a: Minior
|-unboost|p1a: Minior|def|1
|-unboost|p1a: Minior|spd|1
|-boost|p1a: Minior|atk|2
|-boost|p1a: Minior|spa|2
|-boost|p1a: Minior|spe|2
|-enditem|p1a: Minior|White Herb
|-clearnegativeboost|p1a: Minior|[silent]
|
|-status|p2a: Gliscor|tox|[from] item: Toxic Orb
|upkeep
|turn|2
|
|t:|1758303635
|move|p1a: Minior|Acrobatics|p2a: Gliscor
|-damage|p2a: Gliscor|66/100 tox
|move|p2a: Gliscor|Earthquake|p1a: Minior
|-immune|p1a: Minior
|
|-heal|p2a: Gliscor|78/100 tox|[from] ability: Poison Heal
|upkeep
|turn|3
|
|t:|1758303645
|move|p1a: Minior|Tera Blast|p2a: Gliscor
|-damage|p2a: Gliscor|38/100 tox
|move|p2a: Gliscor|Swords Dance|p2a: Gliscor
|-boost|p2a: Gliscor|atk|2
|
|-heal|p2a: Gliscor|51/100 tox|[from] ability: Poison Heal
|upkeep
|turn|4
|
|t:|1758303654
|move|p1a: Minior|Tera Blast|p2a: Gliscor
|-damage|p2a: Gliscor|11/100 tox
|move|p2a: Gliscor|Crabhammer|p1a: Minior
|-supereffective|p1a: Minior
|-damage|p1a: Minior|0 fnt
|faint|p1a: Minior
|
|-heal|p2a: Gliscor|23/100 tox|[from] ability: Poison Heal
|upkeep
|
|t:|1758303675
|switch|p1a: Kyurem|Kyurem|100/100
|-damage|p1a: Kyurem|75/100|[from] Stealth Rock
|-ability|p1a: Kyurem|Pressure
|turn|5
|
|t:|1758303685
|switch|p2a: Alomomola|Alomomola, M, shiny|100/100
|move|p1a: Kyurem|Ice Beam|p2a: Alomomola
|-resisted|p2a: Alomomola
|-damage|p2a: Alomomola|67/100
|-damage|p1a: Kyurem|66/100|[from] item: Life Orb
|
|upkeep
|turn|6
|
|t:|1758303697
|switch|p2a: Blissey|Blissey, F, shiny|100/100
|move|p1a: Kyurem|Earth Power|p2a: Blissey
|-damage|p2a: Blissey|86/100
|-damage|p1a: Kyurem|56/100|[from] item: Life Orb
|
|upkeep
|turn|7
|
|t:|1758303705
|switch|p1a: Gengar|Gengar, M|100/100
|-damage|p1a: Gengar|88/100|[from] Stealth Rock
|move|p2a: Blissey|Thunder Wave|p1a: Gengar
|-status|p1a: Gengar|par
|
|upkeep
|turn|8
|
|t:|1758303716
|switch|p2a: Alomomola|Alomomola, M, shiny|100/100
|move|p1a: Gengar|Focus Blast|p2a: Alomomola
|-damage|p2a: Alomomola|50/100
|-damage|p1a: Gengar|78/100 par|[from] item: Life Orb
|
|upkeep
|turn|9
|
|t:|1758303726
|switch|p2a: Gliscor|Gliscor, M, shiny|23/100 tox
|move|p1a: Gengar|Sludge Wave|p2a: Gliscor
|-resisted|p2a: Gliscor
|-damage|p2a: Gliscor|0 fnt
|faint|p2a: Gliscor
|-damage|p1a: Gengar|68/100 par|[from] item: Life Orb
|
|upkeep
|
|t:|1758303737
|switch|p2a: Milotic|Milotic, M, shiny|100/100
|turn|10
|
|t:|1758303746
|-terastallize|p2a: Milotic|Poison
|move|p2a: Milotic|Aqua Ring|p2a: Milotic
|-start|p2a: Milotic|Aqua Ring
|move|p1a: Gengar|Sludge Wave|p2a: Milotic
|-resisted|p2a: Milotic
|-damage|p2a: Milotic|82/100
|-damage|p1a: Gengar|59/100 par|[from] item: Life Orb
|
|-heal|p2a: Milotic|88/100|[from] item: Black Sludge
|-heal|p2a: Milotic|94/100|[from] Aqua Ring
|upkeep
|turn|11
|
|t:|1758303758
|move|p2a: Milotic|Coil|p2a: Milotic
|-boost|p2a: Milotic|atk|1
|-boost|p2a: Milotic|def|1
|-boost|p2a: Milotic|accuracy|1
|move|p1a: Gengar|Shadow Ball|p2a: Milotic
|-damage|p2a: Milotic|64/100
|-damage|p1a: Gengar|49/100 par|[from] item: Life Orb
|
|-heal|p2a: Milotic|70/100|[from] item: Black Sludge
|-heal|p2a: Milotic|76/100|[from] Aqua Ring
|upkeep
|turn|12
|
|t:|1758303770
|move|p1a: Gengar|Sludge Wave|p2a: Milotic
|-resisted|p2a: Milotic
|-damage|p2a: Milotic|57/100
|-damage|p1a: Gengar|39/100 par|[from] item: Life Orb
|move|p2a: Milotic|Dragon Tail|p1a: Gengar
|-damage|p1a: Gengar|17/100 par
|-start|p2a: Milotic|Disable|Dragon Tail|[from] ability: Cursed Body|[of] p1a: Gengar
|drag|p1a: Venusaur|Venusaur, F|100/100
|-damage|p1a: Venusaur|88/100|[from] Stealth Rock
|
|-heal|p2a: Milotic|63/100|[from] item: Black Sludge
|-heal|p2a: Milotic|69/100|[from] Aqua Ring
|upkeep
|turn|13
|
|t:|1758303785
|move|p1a: Venusaur|Earth Power|p2a: Milotic
|-supereffective|p2a: Milotic
|-damage|p2a: Milotic|16/100
|-damage|p1a: Venusaur|78/100|[from] item: Life Orb
|move|p2a: Milotic|Coil|p2a: Milotic
|-boost|p2a: Milotic|atk|1
|-boost|p2a: Milotic|def|1
|-boost|p2a: Milotic|accuracy|1
|
|-heal|p2a: Milotic|22/100|[from] item: Black Sludge
|-heal|p2a: Milotic|28/100|[from] Aqua Ring
|upkeep
|turn|14
|
|t:|1758303798
|switch|p2a: Blissey|Blissey, F, shiny|86/100
|move|p1a: Venusaur|Earth Power|p2a: Blissey
|-damage|p2a: Blissey|71/100
|-damage|p1a: Venusaur|68/100|[from] item: Life Orb
|
|upkeep
|turn|15
|
|t:|1758303806
|move|p1a: Venusaur|Giga Drain|p2a: Blissey
|-damage|p2a: Blissey|52/100
|-heal|p1a: Venusaur|91/100|[from] drain|[of] p2a: Blissey
|-damage|p1a: Venusaur|81/100|[from] item: Life Orb
|move|p2a: Blissey|Thunder Wave|p1a: Venusaur
|-status|p1a: Venusaur|par
|
|upkeep
|turn|16
|
|t:|1758303818
|move|p2a: Blissey|Calm Mind|p2a: Blissey
|-boost|p2a: Blissey|spa|1
|-boost|p2a: Blissey|spd|1
|move|p1a: Venusaur|Giga Drain|p2a: Blissey
|-damage|p2a: Blissey|40/100
|-heal|p1a: Venusaur|95/100 par|[from] drain|[of] p2a: Blissey
|-damage|p1a: Venusaur|85/100 par|[from] item: Life Orb
|
|upkeep
|turn|17
|
|t:|1758303827
|move|p2a: Blissey|Flamethrower|p1a: Venusaur
|-supereffective|p1a: Venusaur
|-damage|p1a: Venusaur|16/100 par
|-damage|p2a: Blissey|30/100|[from] item: Life Orb
|cant|p1a: Venusaur|par
|
|upkeep
|turn|18
|
|t:|1758303835
|switch|p1a: Gengar|Gengar, M|17/100 par
|-damage|p1a: Gengar|5/100 par|[from] Stealth Rock
|move|p2a: Blissey|Soft-Boiled|p2a: Blissey
|-heal|p2a: Blissey|80/100
|
|upkeep
|turn|19
|
|t:|1758303843
|switch|p2a: Alomomola|Alomomola, M, shiny|84/100
|move|p1a: Gengar|Focus Blast|p2a: Alomomola|[miss]
|-miss|p1a: Gengar|p2a: Alomomola
|
|upkeep
|turn|20
|
|t:|1758303850
|move|p1a: Gengar|Sludge Wave|p2a: Alomomola
|-damage|p2a: Alomomola|18/100
|-damage|p1a: Gengar|0 fnt|[from] item: Life Orb
|faint|p1a: Gengar
|move|p2a: Alomomola|Wish|p2a: Alomomola
|
|upkeep
|
|t:|1758303855
|switch|p1a: Zapdos|Zapdos|100/100
|-damage|p1a: Zapdos|75/100|[from] Stealth Rock
|turn|21
|
|t:|1758303864
|switch|p2a: Milotic|Milotic, M, shiny, tera:Poison|28/100
|move|p1a: Zapdos|Thunderbolt|p2a: Milotic
|-damage|p2a: Milotic|0 fnt
|faint|p2a: Milotic
|
|-heal|p1a: Zapdos|82/100|[from] item: Leftovers
|upkeep
|
|t:|1758303876
|switch|p2a: Serperior|Serperior, M, shiny|100/100
|turn|22
|
|t:|1758303881
|move|p2a: Serperior|Leaf Storm|p1a: Zapdos
|-resisted|p1a: Zapdos
|-damage|p1a: Zapdos|58/100
|-boost|p2a: Serperior|spa|2
|move|p1a: Zapdos|Heat Wave|p2a: Serperior
|-supereffective|p2a: Serperior
|-damage|p2a: Serperior|29/100
|
|-heal|p2a: Serperior|35/100|[from] item: Leftovers
|-heal|p1a: Zapdos|64/100|[from] item: Leftovers
|upkeep
|turn|23
|
|t:|1758303893
|move|p2a: Serperior|Leaf Storm|p1a: Zapdos
|-resisted|p1a: Zapdos
|-damage|p1a: Zapdos|21/100
|-boost|p2a: Serperior|spa|2
|move|p1a: Zapdos|Heat Wave|p2a: Serperior
|-supereffective|p2a: Serperior
|-damage|p2a: Serperior|0 fnt
|faint|p2a: Serperior
|
|-heal|p1a: Zapdos|27/100|[from] item: Leftovers
|upkeep
|
|t:|1758303905
|switch|p2a: Comfey|Comfey, M, shiny|100/100
|turn|24
|
|t:|1758303909
|move|p1a: Zapdos|Thunderbolt|p2a: Comfey
|-damage|p2a: Comfey|54/100
|move|p2a: Comfey|Calm Mind|p2a: Comfey
|-boost|p2a: Comfey|spa|1
|-boost|p2a: Comfey|spd|1
|
|-heal|p1a: Zapdos|34/100|[from] item: Leftovers
|upkeep
|turn|25
|
|t:|1758303918
|move|p1a: Zapdos|Thunderbolt|p2a: Comfey
|-damage|p2a: Comfey|24/100
|-status|p2a: Comfey|par
|move|p2a: Comfey|Calm Mind|p2a: Comfey
|-boost|p2a: Comfey|spa|1
|-boost|p2a: Comfey|spd|1
|
|-heal|p1a: Zapdos|40/100|[from] item: Leftovers
|upkeep
|turn|26
|
|t:|1758303927
|move|p2a: Comfey|Draining Kiss|p1a: Zapdos
|-damage|p1a: Zapdos|14/100
|-heal|p2a: Comfey|59/100 par|[from] drain|[of] p1a: Zapdos
|move|p1a: Zapdos|Thunderbolt|p2a: Comfey
|-damage|p2a: Comfey|36/100 par
|
|-heal|p1a: Zapdos|20/100|[from] item: Leftovers
|upkeep
|turn|27
|
|t:|1758303936
|move|p2a: Comfey|Draining Kiss|p1a: Zapdos
|-damage|p1a: Zapdos|0 fnt
|-heal|p2a: Comfey|62/100 par|[from] drain|[of] p1a: Zapdos
|faint|p1a: Zapdos
|
|upkeep
|
|t:|1758303946
|switch|p1a: Venusaur|Venusaur, F|16/100 par
|-damage|p1a: Venusaur|4/100 par|[from] Stealth Rock
|turn|28
|
|t:|1758303955
|move|p2a: Comfey|Draining Kiss|p1a: Venusaur
|-resisted|p1a: Venusaur
|-damage|p1a: Venusaur|0 fnt
|-heal|p2a: Comfey|66/100 par|[from] drain|[of] p1a: Venusaur
|faint|p1a: Venusaur
|
|upkeep
|
|t:|1758303959
|switch|p1a: Ninetales|Ninetales, F, shiny|100/100
|-damage|p1a: Ninetales|75/100|[from] Stealth Rock
|-weather|SunnyDay|[from] ability: Drought|[of] p1a: Ninetales
|turn|29
|
|t:|1758303966
|move|p1a: Ninetales|Flamethrower|p2a: Comfey
|-damage|p2a: Comfey|40/100 par
|move|p2a: Comfey|Leech Seed|p1a: Ninetales|[miss]
|-miss|p2a: Comfey|p1a: Ninetales
|
|-weather|SunnyDay|[upkeep]
|upkeep
|turn|30
|
|t:|1758303974
|cant|p2a: Comfey|par
|move|p1a: Ninetales|Flamethrower|p2a: Comfey
|-damage|p2a: Comfey|14/100 par
|
|-weather|SunnyDay|[upkeep]
|upkeep
|turn|31
|
|t:|1758303981
|move|p2a: Comfey|Draining Kiss|p1a: Ninetales
|-resisted|p1a: Ninetales
|-damage|p1a: Ninetales|60/100
|-heal|p2a: Comfey|32/100 par|[from] drain|[of] p1a: Ninetales
|move|p1a: Ninetales|Flamethrower|p2a: Comfey
|-damage|p2a: Comfey|8/100 par
|
|-weather|SunnyDay|[upkeep]
|upkeep
|turn|32
|
|t:|1758303991
|switch|p2a: Blissey|Blissey, F, shiny|80/100
|move|p1a: Ninetales|Flamethrower|p2a: Blissey
|-damage|p2a: Blissey|63/100
|
|-weather|SunnyDay|[upkeep]
|upkeep
|turn|33
|
|t:|1758304001
|move|p1a: Ninetales|Flamethrower|p2a: Blissey
|-damage|p2a: Blissey|46/100
|move|p2a: Blissey|Thunder Wave|p1a: Ninetales
|-status|p1a: Ninetales|par
|
|-weather|SunnyDay|[upkeep]
|upkeep
|turn|34
|
|t:|1758304009
|move|p1a: Ninetales|Flamethrower|p2a: Blissey
|-damage|p2a: Blissey|30/100
|move|p2a: Blissey|Calm Mind|p2a: Blissey
|-boost|p2a: Blissey|spa|1
|-boost|p2a: Blissey|spd|1
|
|-weather|SunnyDay|[upkeep]
|upkeep
|turn|35
|
|t:|1758304017
|move|p1a: Ninetales|Scorching Sands|p2a: Blissey
|-damage|p2a: Blissey|26/100
|move|p2a: Blissey|Soft-Boiled|p2a: Blissey
|-heal|p2a: Blissey|76/100
|
|-weather|SunnyDay|[upkeep]
|upkeep
|turn|36
|
|t:|1758304026
|cant|p1a: Ninetales|par
|move|p2a: Blissey|Flamethrower|p1a: Ninetales
|-resisted|p1a: Ninetales
|-damage|p1a: Ninetales|34/100 par
|-damage|p2a: Blissey|66/100|[from] item: Life Orb
|
|-weather|none
|upkeep
|turn|37
|
|t:|1758304035
|cant|p1a: Ninetales|par
|move|p2a: Blissey|Calm Mind|p2a: Blissey
|-boost|p2a: Blissey|spa|1
|-boost|p2a: Blissey|spd|1
|
|upkeep
|turn|38
|
|t:|1758304041
|move|p1a: Ninetales|Will-O-Wisp|p2a: Blissey
|-status|p2a: Blissey|brn
|move|p2a: Blissey|Calm Mind|p2a: Blissey
|-boost|p2a: Blissey|spa|1
|-boost|p2a: Blissey|spd|1
|
|-damage|p2a: Blissey|60/100 brn|[from] brn
|upkeep
|turn|39
|
|t:|1758304050
|switch|p1a: Kyurem|Kyurem|56/100
|-damage|p1a: Kyurem|31/100|[from] Stealth Rock
|-ability|p1a: Kyurem|Pressure
|move|p2a: Blissey|Calm Mind|p2a: Blissey
|-boost|p2a: Blissey|spa|1
|-boost|p2a: Blissey|spd|1
|
|-damage|p2a: Blissey|54/100 brn|[from] brn
|upkeep
|turn|40
|
|t:|1758304062
|-curestatus|p2a: Blissey|brn|[from] ability: Natural Cure
|switch|p2a: Alomomola|Alomomola, M, shiny|51/100
|move|p1a: Kyurem|Draco Meteor|p2a: Alomomola
|-damage|p2a: Alomomola|0 fnt
|-unboost|p1a: Kyurem|spa|2
|faint|p2a: Alomomola
|-damage|p1a: Kyurem|21/100|[from] item: Life Orb
|
|upkeep
|
|t:|1758304073
|switch|p2a: Comfey|Comfey, M, shiny|8/100 par
|turn|41
|
|t:|1758304080
|-terastallize|p1a: Kyurem|Ice
|move|p2a: Comfey|Draining Kiss|p1a: Kyurem
|-damage|p1a: Kyurem|7/100
|-heal|p2a: Comfey|27/100 par|[from] drain|[of] p1a: Kyurem
|move|p1a: Kyurem|Ice Beam|p2a: Comfey
|-damage|p2a: Comfey|0 fnt
|faint|p2a: Comfey
|-damage|p1a: Kyurem|0 fnt|[from] item: Life Orb
|faint|p1a: Kyurem
|
|upkeep
|
|t:|1758304093
|switch|p1a: Ninetales|Ninetales, F, shiny|34/100 par
|switch|p2a: Blissey|Blissey, F, shiny|54/100
|-damage|p1a: Ninetales|9/100 par|[from] Stealth Rock
|-weather|SunnyDay|[from] ability: Drought|[of] p1a: Ninetales
|turn|42
|
|t:|1758304101
|move|p1a: Ninetales|Flamethrower|p2a: Blissey
|-damage|p2a: Blissey|38/100
|move|p2a: Blissey|Flamethrower|p1a: Ninetales
|-resisted|p1a: Ninetales
|-damage|p1a: Ninetales|0 fnt
|faint|p1a: Ninetales
|-damage|p2a: Blissey|28/100|[from] item: Life Orb
|
|win|sushuishuisu
|raw|sean302's rating: 1083 &rarr; <strong>1060</strong><br />(-23 for losing)
|raw|sushuishuisu's rating: 1067 &rarr; <strong>1098</strong><br />(+31 for winning)
|l|☆sushuishuisu
|player|p2|
|l|☆sean302
|player|p1|
