|j|☆Whimzydj
|j|☆NOOKOK
|t:|1758342624
|gametype|singles
|player|p1|Whimzydj|1|1219
|player|p2|NOOKOK|nate|1186
|gen|9
|tier|[Gen 9] OU
|rated|
|rule|HP Percentage Mod: HP is shown in percentages
|rule|Endless Battle Clause: Forcing endless battles is banned
|rule|Species Clause: Limit one of each Pokémon
|rule|OHKO Clause: OHKO moves are banned
|rule|Evasion Items Clause: Evasion items are banned
|rule|Evasion Moves Clause: Evasion moves are banned
|rule|Evasion Abilities Clause: Evasion abilities are banned
|rule|Sleep Moves Clause: Sleep-inducing moves are banned
|clearpoke
|poke|p1|Charizard, M|
|poke|p1|Azumarill, F|
|poke|p1|Scizor, M|
|poke|p1|Great Tusk|
|poke|p1|Ninetales, M|
|poke|p1|Latias, F|
|poke|p2|Skeledirge, F|
|poke|p2|Polteageist|
|poke|p2|Great Tusk|
|poke|p2|Rillaboom, F|
|poke|p2|Hawlucha, F|
|poke|p2|Glimmora, F|
|teampreview
|
|t:|1758342637
|teamsize|p1|6
|teamsize|p2|6
|start
|switch|p1a: Azumarill|Azumarill, F|100/100
|switch|p2a: Glimmora|Glimmora, F|100/100
|turn|1
|
|t:|1758342647
|move|p2a: Glimmora|Stealth Rock|p1a: Azumarill
|-sidestart|p1: Whimzydj|move: Stealth Rock
|move|p1a: Azumarill|Belly Drum|p1a: Azumarill
|-damage|p1a: Azumarill|50/100
|-setboost|p1a: Azumarill|atk|6|[from] move: Belly Drum
|-enditem|p1a: Azumarill|Sitrus Berry|[eat]
|-heal|p1a: Azumarill|75/100|[from] item: Sitrus Berry
|
|upkeep
|turn|2
|
|t:|1758342658
|move|p1a: Azumarill|Aqua Jet|p2a: Glimmora
|-supereffective|p2a: Glimmora
|-enditem|p2a: Glimmora|Focus Sash
|-damage|p2a: Glimmora|1/100
|-activate|p2a: Glimmora|ability: Toxic Debris
|-sidestart|p1: Whimzydj|move: Toxic Spikes
|move|p2a: Glimmora|Mortal Spin|p1a: Azumarill
|-supereffective|p1a: Azumarill
|-damage|p1a: Azumarill|63/100
|-status|p1a: Azumarill|psn
|
|-damage|p1a: Azumarill|51/100 psn|[from] psn
|upkeep
|turn|3
|
|t:|1758342671
|move|p1a: Azumarill|Aqua Jet|p2a: Glimmora
|-supereffective|p2a: Glimmora
|-damage|p2a: Glimmora|0 fnt
|-activate|p2a: Glimmora|ability: Toxic Debris
|-sidestart|p1: Whimzydj|move: Toxic Spikes
|faint|p2a: Glimmora
|
|-damage|p1a: Azumarill|38/100 psn|[from] psn
|upkeep
|
|t:|1758342674
|switch|p2a: Rillaboom|Rillaboom, F|100/100
|-fieldstart|move: Grassy Terrain|[from] ability: Grassy Surge|[of] p2a: Rillaboom
|turn|4
|
|t:|1758342693
|move|p2a: Rillaboom|U-turn|p1a: Azumarill
|-resisted|p1a: Azumarill
|-damage|p1a: Azumarill|26/100 psn
|
|t:|1758342699
|switch|p2a: Hawlucha|Hawlucha, F|100/100|[from] U-turn
|-enditem|p2a: Hawlucha|Grassy Seed
|-boost|p2a: Hawlucha|def|1|[from] item: Grassy Seed
|move|p1a: Azumarill|Play Rough|p2a: Hawlucha
|-supereffective|p2a: Hawlucha
|-damage|p2a: Hawlucha|0 fnt
|faint|p2a: Hawlucha
|
|-heal|p1a: Azumarill|32/100 psn|[from] Grassy Terrain
|-damage|p1a: Azumarill|20/100 psn|[from] psn
|upkeep
|
|t:|1758342702
|switch|p2a: Rillaboom|Rillaboom, F|100/100
|turn|5
|
|t:|1758342714
|move|p2a: Rillaboom|Grassy Glide|p1a: Azumarill
|-supereffective|p1a: Azumarill
|-damage|p1a: Azumarill|0 fnt
|faint|p1a: Azumarill
|
|upkeep
|
|t:|1758342721
|switch|p1a: Charizard|Charizard, M, shiny|100/100
|turn|6
|
|t:|1758342728
|switch|p2a: Great Tusk|Great Tusk|100/100
|move|p1a: Charizard|Overheat|p2a: Great Tusk|[miss]
|-miss|p1a: Charizard|p2a: Great Tusk
|
|upkeep
|turn|7
|
|t:|1758342736
|move|p1a: Charizard|Overheat|p2a: Great Tusk
|-damage|p2a: Great Tusk|12/100
|-unboost|p1a: Charizard|spa|2
|move|p2a: Great Tusk|Rapid Spin|p1a: Charizard
|-damage|p1a: Charizard|75/100
|-boost|p2a: Great Tusk|spe|1
|
|-heal|p2a: Great Tusk|18/100|[from] Grassy Terrain
|upkeep
|turn|8
|
|t:|1758342746
|move|p2a: Great Tusk|Ice Spinner|p1a: Charizard
|-crit|p1a: Charizard
|-damage|p1a: Charizard|12/100
|-fieldend|move: Grassy Terrain
|move|p1a: Charizard|Flamethrower|p2a: Great Tusk
|-damage|p2a: Great Tusk|0 fnt
|faint|p2a: Great Tusk
|-end|p2a: Great Tusk|Protosynthesis|[silent]
|
|upkeep
|
|t:|1758342754
|switch|p2a: Rillaboom|Rillaboom, F|100/100
|-fieldstart|move: Grassy Terrain|[from] ability: Grassy Surge|[of] p2a: Rillaboom
|turn|9
|
|t:|1758342765
|move|p2a: Rillaboom|Grassy Glide|p1a: Charizard
|-resisted|p1a: Charizard
|-damage|p1a: Charizard|0 fnt
|faint|p1a: Charizard
|
|upkeep
|
|t:|1758342772
|switch|p1a: Ninetales|Ninetales, M|100/100
|-damage|p1a: Ninetales|76/100|[from] Stealth Rock
|-status|p1a: Ninetales|tox
|-weather|SunnyDay|[from] ability: Drought|[of] p1a: Ninetales
|turn|10
|
|t:|1758342780
|switch|p2a: Skeledirge|Skeledirge, F|100/100
|move|p1a: Ninetales|Weather Ball|p2a: Skeledirge
|-resisted|p2a: Skeledirge
|-damage|p2a: Skeledirge|78/100
|
|-weather|SunnyDay|[upkeep]
|-heal|p1a: Ninetales|82/100 tox|[from] Grassy Terrain
|-heal|p2a: Skeledirge|84/100|[from] Grassy Terrain
|-damage|p1a: Ninetales|76/100 tox|[from] psn
|upkeep
|turn|11
|
|t:|1758342801
|move|p1a: Ninetales|Extrasensory|p2a: Skeledirge
|-crit|p2a: Skeledirge
|-damage|p2a: Skeledirge|62/100
|cant|p2a: Skeledirge|flinch
|
|-weather|SunnyDay|[upkeep]
|-heal|p1a: Ninetales|82/100 tox|[from] Grassy Terrain
|-heal|p2a: Skeledirge|68/100|[from] Grassy Terrain
|-damage|p1a: Ninetales|70/100 tox|[from] psn
|upkeep
|turn|12
|
|t:|1758342814
|move|p1a: Ninetales|Healing Wish|p1a: Ninetales
|faint|p1a: Ninetales
|move|p2a: Skeledirge|Hex|p1: Ninetales|[notarget]
|-fail|p2a: Skeledirge
|
|-weather|SunnyDay|[upkeep]
|-heal|p2a: Skeledirge|74/100|[from] Grassy Terrain
|upkeep
|
|t:|1758342824
|switch|p1a: Great Tusk|Great Tusk|100/100
|-damage|p1a: Great Tusk|98/100|[from] Stealth Rock
|-status|p1a: Great Tusk|tox
|-activate|p1a: Great Tusk|ability: Protosynthesis
|-start|p1a: Great Tusk|protosynthesisatk
|turn|13
|
|t:|1758342831
|switch|p2a: Rillaboom|Rillaboom, F|100/100
|move|p1a: Great Tusk|Knock Off|p2a: Rillaboom
|-damage|p2a: Rillaboom|64/100
|-enditem|p2a: Rillaboom|Assault Vest|[from] move: Knock Off|[of] p1a: Great Tusk
|
|-weather|SunnyDay|[upkeep]
|-heal|p1a: Great Tusk|100/100 tox|[from] Grassy Terrain
|-heal|p2a: Rillaboom|70/100|[from] Grassy Terrain
|-damage|p1a: Great Tusk|94/100 tox|[from] psn
|-fieldend|move: Grassy Terrain
|upkeep
|turn|14
|
|t:|1758342844
|switch|p2a: Skeledirge|Skeledirge, F|74/100
|move|p1a: Great Tusk|Stealth Rock|p2a: Skeledirge
|-sidestart|p2: NOOKOK|move: Stealth Rock
|
|-weather|SunnyDay|[upkeep]
|-heal|p1a: Great Tusk|100/100 tox|[from] item: Leftovers
|-damage|p1a: Great Tusk|88/100 tox|[from] psn
|upkeep
|turn|15
|
|t:|1758342853
|switch|p2a: Rillaboom|Rillaboom, F|70/100
|-damage|p2a: Rillaboom|58/100|[from] Stealth Rock
|-fieldstart|move: Grassy Terrain|[from] ability: Grassy Surge|[of] p2a: Rillaboom
|move|p1a: Great Tusk|Headlong Rush|p2a: Rillaboom
|-resisted|p2a: Rillaboom
|-damage|p2a: Rillaboom|23/100
|-unboost|p1a: Great Tusk|def|1
|-unboost|p1a: Great Tusk|spd|1
|
|-weather|SunnyDay|[upkeep]
|-heal|p1a: Great Tusk|94/100 tox|[from] Grassy Terrain
|-heal|p1a: Great Tusk|100/100 tox|[from] item: Leftovers
|-heal|p2a: Rillaboom|29/100|[from] Grassy Terrain
|-damage|p1a: Great Tusk|82/100 tox|[from] psn
|upkeep
|turn|16
|
|t:|1758342869
|move|p2a: Rillaboom|Grassy Glide|p1a: Great Tusk
|-supereffective|p1a: Great Tusk
|-damage|p1a: Great Tusk|0 fnt
|faint|p1a: Great Tusk
|-end|p1a: Great Tusk|Protosynthesis|[silent]
|
|-weather|SunnyDay|[upkeep]
|-heal|p2a: Rillaboom|35/100|[from] Grassy Terrain
|upkeep
|
|t:|1758342877
|switch|p1a: Scizor|Scizor, M|100/100
|-damage|p1a: Scizor|88/100|[from] Stealth Rock
|turn|17
|
|t:|1758342887
|move|p2a: Rillaboom|Grassy Glide|p1a: Scizor
|-resisted|p1a: Scizor
|-damage|p1a: Scizor|78/100
|move|p1a: Scizor|U-turn|p2a: Rillaboom
|-supereffective|p2a: Rillaboom
|-damage|p2a: Rillaboom|0 fnt
|faint|p2a: Rillaboom
|
|t:|1758342901
|switch|p1a: Latias|Latias, F|100/100|[from] U-turn
|-damage|p1a: Latias|88/100|[from] Stealth Rock
|
|-weather|none
|upkeep
|
|t:|1758342906
|switch|p2a: Skeledirge|Skeledirge, F|74/100
|turn|18
|
|t:|1758342910
|move|p1a: Latias|Future Sight|p2a: Skeledirge
|-start|p1a: Latias|move: Future Sight
|move|p2a: Skeledirge|Will-O-Wisp|p1a: Latias|[miss]
|-miss|p2a: Skeledirge|p1a: Latias
|
|-heal|p2a: Skeledirge|80/100|[from] Grassy Terrain
|upkeep
|turn|19
|
|t:|1758342923
|switch|p2a: Polteageist|Polteageist, shiny|100/100
|-damage|p2a: Polteageist|88/100|[from] Stealth Rock
|-terastallize|p1a: Latias|Dragon
|move|p1a: Latias|Draco Meteor|p2a: Polteageist
|-damage|p2a: Polteageist|0 fnt
|-unboost|p1a: Latias|spa|2
|faint|p2a: Polteageist
|
|-fieldend|move: Grassy Terrain
|upkeep
|
|t:|1758342930
|switch|p2a: Skeledirge|Skeledirge, F|80/100
|turn|20
|
|t:|1758342942
|-terastallize|p2a: Skeledirge|Fairy
|move|p1a: Latias|Psyshock|p2a: Skeledirge
|-damage|p2a: Skeledirge|54/100
|move|p2a: Skeledirge|Will-O-Wisp|p1a: Latias
|-status|p1a: Latias|brn
|
|-end|p2a: Skeledirge|move: Future Sight
|-damage|p2a: Skeledirge|0 fnt
|faint|p2a: Skeledirge
|
|win|Whimzydj
|raw|Whimzydj's rating: 1219 &rarr; <strong>1242</strong><br />(+23 for winning)
|raw|NOOKOK's rating: 1186 &rarr; <strong>1163</strong><br />(-23 for losing)
|l|☆NOOKOK
|player|p2|
|l|☆Whimzydj
|player|p1|
