|j|☆Deadlyboogers1
|j|☆CherylBush
|t:|1758260687
|gametype|singles
|player|p1|Deadlyboogers1|169|1473
|player|p2|CherylBush|mallow-masters|1569
|gen|9
|tier|[Gen 9] OU
|rated|
|rule|HP Percentage Mod: HP is shown in percentages
|rule|Endless Battle Clause: Forcing endless battles is banned
|rule|Species Clause: Limit one of each Pokémon
|rule|OHKO Clause: OHKO moves are banned
|rule|Evasion Items Clause: Evasion items are banned
|rule|Evasion Moves Clause: Evasion moves are banned
|rule|Evasion Abilities Clause: Evasion abilities are banned
|rule|Sleep Moves Clause: Sleep-inducing moves are banned
|clearpoke
|poke|p1|Volcanion|
|poke|p1|Weavile, F|
|poke|p1|Weezing-Galar, M|
|poke|p1|Ting-Lu|
|poke|p1|Zamazenta-*|
|poke|p1|Corviknight, M|
|poke|p2|Landorus-Therian, M|
|poke|p2|Skeledirge, M|
|poke|p2|Skarmory, M|
|poke|p2|Hydrapple, M|
|poke|p2|Samurott-Hisui, M|
|poke|p2|Fezandipiti, M|
|teampreview
|inactive|Battle timer is ON: inactive players will automatically lose when time's up. (requested by Deadlyboogers1)
|
|t:|1758260700
|teamsize|p1|6
|teamsize|p2|6
|start
|switch|p1a: Weavile|Weavile, F|100/100
|switch|p2a: Samurott|Samurott-Hisui, M, shiny|100/100
|-ability|p1a: Weavile|Pressure
|turn|1
|
|t:|1758260710
|move|p1a: Weavile|Low Kick|p2a: Samurott
|-supereffective|p2a: Samurott
|-damage|p2a: Samurott|1/100
|move|p2a: Samurott|Knock Off|p1a: Weavile
|-resisted|p1a: Weavile
|-crit|p1a: Weavile
|-damage|p1a: Weavile|33/100
|-enditem|p1a: Weavile|Choice Band|[from] move: Knock Off|[of] p2a: Samurott
|
|upkeep
|turn|2
|
|t:|1758260719
|switch|p2a: Skarmory|Skarmory, M, shiny|100/100
|move|p1a: Weavile|Ice Shard|p2a: Skarmory
|-damage|p2a: Skarmory|89/100
|
|upkeep
|turn|3
|
|t:|1758260722
|switch|p1a: Volcanion|Volcanion|100/100
|move|p2a: Skarmory|Stealth Rock|p1a: Volcanion
|-sidestart|p1: Deadlyboogers1|move: Stealth Rock
|
|upkeep
|turn|4
|
|t:|1758260733
|switch|p2a: Fez Boi|Fezandipiti, M|100/100
|move|p1a: Volcanion|Fire Spin|p2a: Fez Boi
|-damage|p2a: Fez Boi|89/100
|-activate|p2a: Fez Boi|move: Fire Spin|[of] p1a: Volcanion
|
|-damage|p2a: Fez Boi|77/100|[from] move: Fire Spin|[partiallytrapped]
|upkeep
|turn|5
|
|t:|1758260738
|move|p2a: Fez Boi|Moonblast|p1a: Volcanion
|-resisted|p1a: Volcanion
|-damage|p1a: Volcanion|89/100
|-unboost|p1a: Volcanion|spa|1
|move|p1a: Volcanion|Steam Eruption|p2a: Fez Boi
|-damage|p2a: Fez Boi|51/100
|-status|p2a: Fez Boi|brn
|
|-damage|p2a: Fez Boi|45/100 brn|[from] brn
|-damage|p2a: Fez Boi|33/100 brn|[from] move: Fire Spin|[partiallytrapped]
|upkeep
|turn|6
|
|t:|1758260744
|move|p2a: Fez Boi|Roost|p2a: Fez Boi
|-heal|p2a: Fez Boi|83/100 brn
|-singleturn|p2a: Fez Boi|move: Roost
|move|p1a: Volcanion|Steam Eruption|p2a: Fez Boi
|-damage|p2a: Fez Boi|60/100 brn
|
|-damage|p2a: Fez Boi|54/100 brn|[from] brn
|-damage|p2a: Fez Boi|41/100 brn|[from] move: Fire Spin|[partiallytrapped]
|upkeep
|turn|7
|
|t:|1758260747
|move|p2a: Fez Boi|Roost|p2a: Fez Boi
|-heal|p2a: Fez Boi|92/100 brn
|-singleturn|p2a: Fez Boi|move: Roost
|move|p1a: Volcanion|Flamethrower|p2a: Fez Boi
|-damage|p2a: Fez Boi|70/100 brn
|
|-damage|p2a: Fez Boi|64/100 brn|[from] brn
|-damage|p2a: Fez Boi|52/100 brn|[from] move: Fire Spin|[partiallytrapped]
|upkeep
|turn|8
|
|t:|1758260752
|switch|p1a: Corviknight|Corviknight, M|100/100
|-damage|p1a: Corviknight|88/100|[from] Stealth Rock
|-ability|p1a: Corviknight|Pressure
|move|p2a: Fez Boi|Roost|p2a: Fez Boi
|-heal|p2a: Fez Boi|100/100 brn
|-singleturn|p2a: Fez Boi|move: Roost
|
|-heal|p1a: Corviknight|94/100|[from] item: Leftovers
|-damage|p2a: Fez Boi|94/100 brn|[from] brn
|-end|p2a: Fez Boi|Fire Spin|[partiallytrapped]|[silent]
|upkeep
|turn|9
|
|t:|1758260760
|switch|p2a: Skarmory|Skarmory, M, shiny|89/100
|move|p1a: Corviknight|Defog|p2a: Skarmory
|-unboost|p2a: Skarmory|evasion|1
|-sideend|p1: Deadlyboogers1|Stealth Rock|[from] move: Defog|[of] p1a: Corviknight
|
|-heal|p1a: Corviknight|99/100|[from] item: Leftovers
|upkeep
|turn|10
|
|t:|1758260764
|move|p2a: Skarmory|Stealth Rock|p1a: Corviknight
|-sidestart|p1: Deadlyboogers1|move: Stealth Rock
|move|p1a: Corviknight|U-turn|p2a: Skarmory
|-resisted|p2a: Skarmory
|-damage|p2a: Skarmory|87/100
|-damage|p1a: Corviknight|84/100|[from] item: Rocky Helmet|[of] p2a: Skarmory
|
|t:|1758260767
|switch|p1a: Ting-Lu|Ting-Lu|100/100|[from] U-turn
|-damage|p1a: Ting-Lu|94/100|[from] Stealth Rock
|-ability|p1a: Ting-Lu|Vessel of Ruin
|
|-heal|p1a: Ting-Lu|100/100|[from] item: Leftovers
|upkeep
|turn|11
|
|t:|1758260771
|switch|p2a: Leviathan|Hydrapple, M, shiny|100/100
|move|p1a: Ting-Lu|Stealth Rock|p2a: Leviathan
|-sidestart|p2: CherylBush|move: Stealth Rock
|
|upkeep
|turn|12
|
|t:|1758260775
|switch|p1a: Weezing|Weezing-Galar, M|100/100
|-ability|p1a: Weezing|Neutralizing Gas
|move|p2a: Leviathan|Nasty Plot|p2a: Leviathan
|-boost|p2a: Leviathan|spa|2
|
|upkeep
|turn|13
|
|t:|1758260780
|move|p1a: Weezing|Strange Steam|p2a: Leviathan
|-supereffective|p2a: Leviathan
|-damage|p2a: Leviathan|44/100
|move|p2a: Leviathan|Earth Power|p1a: Weezing
|-supereffective|p1a: Weezing
|-damage|p1a: Weezing|0 fnt
|faint|p1a: Weezing
|-end|p1a: Weezing|ability: Neutralizing Gas
|
|upkeep
|
|t:|1758260786
|switch|p1a: Zamazenta|Zamazenta|100/100
|-damage|p1a: Zamazenta|95/100|[from] Stealth Rock
|-ability|p1a: Zamazenta|Dauntless Shield|boost
|-boost|p1a: Zamazenta|def|1
|turn|14
|
|t:|1758260792
|switch|p2a: Skeledirge|Skeledirge, M, shiny|100/100
|move|p1a: Zamazenta|Body Press|p2a: Skeledirge
|-immune|p2a: Skeledirge
|
|-heal|p1a: Zamazenta|100/100|[from] item: Leftovers
|upkeep
|turn|15
|
|t:|1758260796
|-terastallize|p1a: Zamazenta|Fire
|move|p1a: Zamazenta|Crunch|p2a: Skeledirge
|-supereffective|p2a: Skeledirge
|-damage|p2a: Skeledirge|70/100
|move|p2a: Skeledirge|Torch Song|p1a: Zamazenta
|-resisted|p1a: Zamazenta
|-damage|p1a: Zamazenta|88/100
|-boost|p2a: Skeledirge|spa|1
|
|-heal|p1a: Zamazenta|94/100|[from] item: Leftovers
|upkeep
|turn|16
|
|t:|1758260802
|move|p2a: Skeledirge|Slack Off|p2a: Skeledirge
|-heal|p2a: Skeledirge|100/100
|move|p1a: Zamazenta|Roar|p2a: Skeledirge
|drag|p2a: Fez Boi|Fezandipiti, M|94/100 brn
|
|-heal|p1a: Zamazenta|99/100|[from] item: Leftovers
|-damage|p2a: Fez Boi|88/100 brn|[from] brn
|upkeep
|turn|17
|
|t:|1758260807
|switch|p1a: Corviknight|Corviknight, M|84/100
|-damage|p1a: Corviknight|71/100|[from] Stealth Rock
|-ability|p1a: Corviknight|Pressure
|move|p2a: Fez Boi|Moonblast|p1a: Corviknight
|-resisted|p1a: Corviknight
|-damage|p1a: Corviknight|59/100
|
|-heal|p1a: Corviknight|65/100|[from] item: Leftovers
|-damage|p2a: Fez Boi|82/100 brn|[from] brn
|upkeep
|turn|18
|
|t:|1758260812
|switch|p2a: Skarmory|Skarmory, M, shiny|87/100
|-damage|p2a: Skarmory|75/100|[from] Stealth Rock
|move|p1a: Corviknight|U-turn|p2a: Skarmory
|-resisted|p2a: Skarmory
|-damage|p2a: Skarmory|73/100
|-damage|p1a: Corviknight|48/100|[from] item: Rocky Helmet|[of] p2a: Skarmory
|
|t:|1758260814
|switch|p1a: Volcanion|Volcanion|89/100|[from] U-turn
|
|upkeep
|turn|19
|
|t:|1758260820
|switch|p2a: Fez Boi|Fezandipiti, M|82/100 brn
|move|p1a: Volcanion|Fire Spin|p2a: Fez Boi
|-damage|p2a: Fez Boi|70/100 brn
|-activate|p2a: Fez Boi|move: Fire Spin|[of] p1a: Volcanion
|
|-damage|p2a: Fez Boi|64/100 brn|[from] brn
|-damage|p2a: Fez Boi|52/100 brn|[from] move: Fire Spin|[partiallytrapped]
|upkeep
|turn|20
|
|t:|1758260823
|move|p2a: Fez Boi|Roost|p2a: Fez Boi
|-heal|p2a: Fez Boi|100/100 brn
|-singleturn|p2a: Fez Boi|move: Roost
|move|p1a: Volcanion|Steam Eruption|p2a: Fez Boi
|-damage|p2a: Fez Boi|61/100 brn
|
|-damage|p2a: Fez Boi|55/100 brn|[from] brn
|-damage|p2a: Fez Boi|42/100 brn|[from] move: Fire Spin|[partiallytrapped]
|upkeep
|turn|21
|
|t:|1758260831
|move|p2a: Fez Boi|Roost|p2a: Fez Boi
|-heal|p2a: Fez Boi|93/100 brn
|-singleturn|p2a: Fez Boi|move: Roost
|move|p1a: Volcanion|Flamethrower|p2a: Fez Boi
|-crit|p2a: Fez Boi
|-damage|p2a: Fez Boi|48/100 brn
|
|-damage|p2a: Fez Boi|42/100 brn|[from] brn
|-damage|p2a: Fez Boi|30/100 brn|[from] move: Fire Spin|[partiallytrapped]
|upkeep
|turn|22
|
|t:|1758260834
|move|p2a: Fez Boi|Roost|p2a: Fez Boi
|-heal|p2a: Fez Boi|80/100 brn
|-singleturn|p2a: Fez Boi|move: Roost
|move|p1a: Volcanion|Steam Eruption|p2a: Fez Boi
|-damage|p2a: Fez Boi|43/100 brn
|
|-damage|p2a: Fez Boi|37/100 brn|[from] brn
|-damage|p2a: Fez Boi|25/100 brn|[from] move: Fire Spin|[partiallytrapped]
|upkeep
|turn|23
|
|t:|1758260837
|move|p2a: Fez Boi|Roost|p2a: Fez Boi
|-heal|p2a: Fez Boi|75/100 brn
|-singleturn|p2a: Fez Boi|move: Roost
|move|p1a: Volcanion|Flamethrower|p2a: Fez Boi
|-damage|p2a: Fez Boi|45/100 brn
|
|-damage|p2a: Fez Boi|38/100 brn|[from] brn
|-end|p2a: Fez Boi|Fire Spin|[partiallytrapped]
|upkeep
|turn|24
|
|t:|1758260842
|move|p2a: Fez Boi|Roost|p2a: Fez Boi
|-heal|p2a: Fez Boi|89/100 brn
|-singleturn|p2a: Fez Boi|move: Roost
|move|p1a: Volcanion|Flamethrower|p2a: Fez Boi
|-damage|p2a: Fez Boi|59/100 brn
|
|-damage|p2a: Fez Boi|53/100 brn|[from] brn
|upkeep
|turn|25
|
|t:|1758260849
|move|p2a: Fez Boi|Moonblast|p1a: Volcanion
|-resisted|p1a: Volcanion
|-damage|p1a: Volcanion|75/100
|-status|p1a: Volcanion|tox|[from] ability: Toxic Chain|[of] p2a: Fez Boi
|move|p1a: Volcanion|Steam Eruption|p2a: Fez Boi
|-damage|p2a: Fez Boi|16/100 brn
|
|-damage|p1a: Volcanion|69/100 tox|[from] psn
|-damage|p2a: Fez Boi|10/100 brn|[from] brn
|upkeep
|turn|26
|
|t:|1758260857
|move|p2a: Fez Boi|Moonblast|p1a: Volcanion
|-resisted|p1a: Volcanion
|-damage|p1a: Volcanion|56/100 tox
|move|p1a: Volcanion|Flamethrower|p2a: Fez Boi
|-damage|p2a: Fez Boi|0 fnt
|faint|p2a: Fez Boi
|
|-damage|p1a: Volcanion|44/100 tox|[from] psn
|upkeep
|
|t:|1758260861
|switch|p2a: Samurott|Samurott-Hisui, M, shiny|1/100
|turn|27
|
|t:|1758260869
|switch|p1a: Zamazenta|Zamazenta, tera:Fire|99/100
|-damage|p1a: Zamazenta|75/100|[from] Stealth Rock
|move|p2a: Samurott|Ceaseless Edge|p1a: Zamazenta
|-damage|p1a: Zamazenta|41/100
|-sidestart|p1: Deadlyboogers1|Spikes
|
|-heal|p1a: Zamazenta|47/100|[from] item: Leftovers
|upkeep
|turn|28
|
|t:|1758260878
|switch|p2a: Skeledirge|Skeledirge, M, shiny|100/100
|move|p1a: Zamazenta|Body Press|p2a: Skeledirge
|-immune|p2a: Skeledirge
|
|-heal|p1a: Zamazenta|53/100|[from] item: Leftovers
|upkeep
|turn|29
|
|t:|1758260883
|switch|p1a: Ting-Lu|Ting-Lu|100/100
|-damage|p1a: Ting-Lu|94/100|[from] Stealth Rock
|-damage|p1a: Ting-Lu|82/100|[from] Spikes
|-ability|p1a: Ting-Lu|Vessel of Ruin
|move|p2a: Skeledirge|Torch Song|p1a: Ting-Lu
|-damage|p1a: Ting-Lu|68/100
|-boost|p2a: Skeledirge|spa|1
|
|-heal|p1a: Ting-Lu|75/100|[from] item: Leftovers
|upkeep
|turn|30
|
|t:|1758260885
|switch|p2a: Leviathan|Hydrapple, M, shiny|77/100
|move|p1a: Ting-Lu|Earthquake|p2a: Leviathan
|-resisted|p2a: Leviathan
|-damage|p2a: Leviathan|67/100
|
|-heal|p1a: Ting-Lu|81/100|[from] item: Leftovers
|upkeep
|turn|31
|
|t:|1758260889
|switch|p1a: Corviknight|Corviknight, M|48/100
|-damage|p1a: Corviknight|36/100|[from] Stealth Rock
|-ability|p1a: Corviknight|Pressure
|move|p2a: Leviathan|Giga Drain|p1a: Corviknight
|-resisted|p1a: Corviknight
|-damage|p1a: Corviknight|28/100
|-heal|p2a: Leviathan|71/100|[from] drain|[of] p1a: Corviknight
|
|-heal|p1a: Corviknight|34/100|[from] item: Leftovers
|upkeep
|turn|32
|
|t:|1758260892
|move|p1a: Corviknight|Defog|p2a: Leviathan
|-unboost|p2a: Leviathan|evasion|1
|-sideend|p2: CherylBush|Stealth Rock|[from] move: Defog|[of] p1a: Corviknight
|-sideend|p1: Deadlyboogers1|Spikes|[from] move: Defog|[of] p1a: Corviknight
|-sideend|p1: Deadlyboogers1|Stealth Rock|[from] move: Defog|[of] p1a: Corviknight
|move|p2a: Leviathan|Earth Power|p1a: Corviknight
|-immune|p1a: Corviknight
|
|-heal|p1a: Corviknight|40/100|[from] item: Leftovers
|upkeep
|turn|33
|
|t:|1758260896
|move|p1a: Corviknight|U-turn|p2a: Leviathan
|-supereffective|p2a: Leviathan
|-damage|p2a: Leviathan|52/100
|
|t:|1758260898
|switch|p1a: Weavile|Weavile, F|33/100|[from] U-turn
|-ability|p1a: Weavile|Pressure
|move|p2a: Leviathan|Nasty Plot|p2a: Leviathan
|-boost|p2a: Leviathan|spa|2
|
|upkeep
|turn|34
|
|t:|1758260903
|switch|p2a: Skarmory|Skarmory, M, shiny|73/100
|move|p1a: Weavile|Knock Off|p2a: Skarmory
|-damage|p2a: Skarmory|45/100
|-damage|p1a: Weavile|16/100|[from] item: Rocky Helmet|[of] p2a: Skarmory
|-enditem|p2a: Skarmory|Rocky Helmet|[from] move: Knock Off|[of] p1a: Weavile
|
|upkeep
|turn|35
|
|t:|1758260909
|switch|p1a: Zamazenta|Zamazenta, tera:Fire|53/100
|move|p2a: Skarmory|Roost|p2a: Skarmory
|-heal|p2a: Skarmory|95/100
|-singleturn|p2a: Skarmory|move: Roost
|
|-heal|p1a: Zamazenta|59/100|[from] item: Leftovers
|upkeep
|turn|36
|
|t:|1758260915
|switch|p2a: Skeledirge|Skeledirge, M, shiny|100/100
|move|p1a: Zamazenta|Iron Defense|p1a: Zamazenta
|-boost|p1a: Zamazenta|def|2
|
|-heal|p1a: Zamazenta|65/100|[from] item: Leftovers
|upkeep
|turn|37
|
|t:|1758260919
|switch|p1a: Ting-Lu|Ting-Lu|81/100
|-ability|p1a: Ting-Lu|Vessel of Ruin
|move|p2a: Skeledirge|Torch Song|p1a: Ting-Lu
|-damage|p1a: Ting-Lu|70/100
|-boost|p2a: Skeledirge|spa|1
|
|-heal|p1a: Ting-Lu|76/100|[from] item: Leftovers
|upkeep
|turn|38
|
|t:|1758260922
|switch|p2a: Leviathan|Hydrapple, M, shiny|86/100
|move|p1a: Ting-Lu|Stealth Rock|p2a: Leviathan
|-sidestart|p2: CherylBush|move: Stealth Rock
|
|-heal|p1a: Ting-Lu|82/100|[from] item: Leftovers
|upkeep
|turn|39
|
|t:|1758260925
|switch|p1a: Corviknight|Corviknight, M|40/100
|-ability|p1a: Corviknight|Pressure
|move|p2a: Leviathan|Nasty Plot|p2a: Leviathan
|-boost|p2a: Leviathan|spa|2
|
|-heal|p1a: Corviknight|46/100|[from] item: Leftovers
|upkeep
|turn|40
|
|t:|1758260927
|move|p1a: Corviknight|Roost|p1a: Corviknight
|-heal|p1a: Corviknight|96/100
|-singleturn|p1a: Corviknight|move: Roost
|move|p2a: Leviathan|Fickle Beam|p1a: Corviknight|[anim] Fickle Beam All Out
|-activate|p2a: Leviathan|move: Fickle Beam
|-resisted|p1a: Corviknight
|-damage|p1a: Corviknight|21/100
|
|-heal|p1a: Corviknight|27/100|[from] item: Leftovers
|upkeep
|turn|41
|
|t:|1758260933
|move|p1a: Corviknight|U-turn|p2a: Leviathan
|-supereffective|p2a: Leviathan
|-damage|p2a: Leviathan|68/100
|
|t:|1758260938
|switch|p1a: Volcanion|Volcanion|44/100 tox|[from] U-turn
|move|p2a: Leviathan|Earth Power|p1a: Volcanion
|-supereffective|p1a: Volcanion
|-damage|p1a: Volcanion|0 fnt
|faint|p1a: Volcanion
|
|upkeep
|
|t:|1758260941
|switch|p1a: Weavile|Weavile, F|16/100
|-ability|p1a: Weavile|Pressure
|turn|42
|
|t:|1758260955
|-terastallize|p2a: Leviathan|Fairy
|move|p1a: Weavile|Triple Axel|p2a: Leviathan
|-damage|p2a: Leviathan|62/100
|-damage|p2a: Leviathan|50/100
|-damage|p2a: Leviathan|32/100
|-hitcount|p2a: Leviathan|3
|move|p2a: Leviathan|Giga Drain|p1a: Weavile
|-damage|p1a: Weavile|0 fnt
|-heal|p2a: Leviathan|37/100|[from] drain|[of] p1a: Weavile
|faint|p1a: Weavile
|
|upkeep
|
|t:|1758260962
|switch|p1a: Corviknight|Corviknight, M|27/100
|-ability|p1a: Corviknight|Pressure
|turn|43
|
|t:|1758260965
|move|p1a: Corviknight|Brave Bird|p2a: Leviathan
|-damage|p2a: Leviathan|15/100
|-damage|p1a: Corviknight|19/100|[from] Recoil
|move|p2a: Leviathan|Giga Drain|p1a: Corviknight
|-resisted|p1a: Corviknight
|-damage|p1a: Corviknight|3/100
|-heal|p2a: Leviathan|23/100|[from] drain|[of] p1a: Corviknight
|
|-heal|p1a: Corviknight|9/100|[from] item: Leftovers
|upkeep
|turn|44
|
|t:|1758260970
|switch|p2a: Skarmory|Skarmory, M, shiny|95/100
|-damage|p2a: Skarmory|83/100|[from] Stealth Rock
|move|p1a: Corviknight|Brave Bird|p2a: Skarmory
|-resisted|p2a: Skarmory
|-crit|p2a: Skarmory
|-damage|p2a: Skarmory|68/100
|-damage|p1a: Corviknight|5/100|[from] Recoil
|
|-heal|p1a: Corviknight|11/100|[from] item: Leftovers
|upkeep
|turn|45
|
|t:|1758260973
|move|p2a: Skarmory|Stealth Rock|p1a: Corviknight
|-sidestart|p1: Deadlyboogers1|move: Stealth Rock
|move|p1a: Corviknight|Roost|p1a: Corviknight
|-heal|p1a: Corviknight|61/100
|-singleturn|p1a: Corviknight|move: Roost
|
|-heal|p1a: Corviknight|67/100|[from] item: Leftovers
|upkeep
|turn|46
|
|t:|1758260978
|switch|p2a: Leviathan|Hydrapple, M, shiny, tera:Fairy|57/100
|move|p1a: Corviknight|Defog|p2a: Leviathan
|-unboost|p2a: Leviathan|evasion|1
|-sideend|p2: CherylBush|Stealth Rock|[from] move: Defog|[of] p1a: Corviknight
|-sideend|p1: Deadlyboogers1|Stealth Rock|[from] move: Defog|[of] p1a: Corviknight
|
|-heal|p1a: Corviknight|73/100|[from] item: Leftovers
|upkeep
|turn|47
|
|t:|1758260981
|switch|p2a: Skarmory|Skarmory, M, shiny|68/100
|move|p1a: Corviknight|Brave Bird|p2a: Skarmory
|-resisted|p2a: Skarmory
|-damage|p2a: Skarmory|58/100
|-damage|p1a: Corviknight|70/100|[from] Recoil
|
|-heal|p1a: Corviknight|76/100|[from] item: Leftovers
|upkeep
|turn|48
|
|t:|1758260983
|move|p2a: Skarmory|Stealth Rock|p1a: Corviknight
|-sidestart|p1: Deadlyboogers1|move: Stealth Rock
|move|p1a: Corviknight|U-turn|p2a: Skarmory
|-resisted|p2a: Skarmory
|-damage|p2a: Skarmory|56/100
|
|t:|1758260985
|switch|p1a: Ting-Lu|Ting-Lu|82/100|[from] U-turn
|-damage|p1a: Ting-Lu|76/100|[from] Stealth Rock
|-ability|p1a: Ting-Lu|Vessel of Ruin
|
|-heal|p1a: Ting-Lu|82/100|[from] item: Leftovers
|upkeep
|turn|49
|
|t:|1758260987
|move|p2a: Skarmory|Stealth Rock||[still]
|-fail|p2a: Skarmory
|move|p1a: Ting-Lu|Stealth Rock|p2a: Skarmory
|-sidestart|p2: CherylBush|move: Stealth Rock
|
|-heal|p1a: Ting-Lu|88/100|[from] item: Leftovers
|upkeep
|turn|50
|
|t:|1758260989
|switch|p1a: Corviknight|Corviknight, M|76/100
|-damage|p1a: Corviknight|64/100|[from] Stealth Rock
|-ability|p1a: Corviknight|Pressure
|move|p2a: Skarmory|Body Press|p1a: Corviknight
|-damage|p1a: Corviknight|46/100
|
|-heal|p1a: Corviknight|52/100|[from] item: Leftovers
|upkeep
|turn|51
|
|t:|1758260993
|switch|p2a: Skeledirge|Skeledirge, M, shiny|100/100
|move|p1a: Corviknight|Defog|p2a: Skeledirge
|-unboost|p2a: Skeledirge|evasion|1
|-sideend|p2: CherylBush|Stealth Rock|[from] move: Defog|[of] p1a: Corviknight
|-sideend|p1: Deadlyboogers1|Stealth Rock|[from] move: Defog|[of] p1a: Corviknight
|
|-heal|p1a: Corviknight|58/100|[from] item: Leftovers
|upkeep
|turn|52
|
|t:|1758260995
|move|p1a: Corviknight|U-turn|p2a: Skeledirge
|-resisted|p2a: Skeledirge
|-damage|p2a: Skeledirge|98/100
|
|t:|1758260996
|switch|p1a: Zamazenta|Zamazenta, tera:Fire|65/100|[from] U-turn
|move|p2a: Skeledirge|Torch Song|p1a: Zamazenta
|-resisted|p1a: Zamazenta
|-damage|p1a: Zamazenta|53/100
|-boost|p2a: Skeledirge|spa|1
|
|-heal|p1a: Zamazenta|59/100|[from] item: Leftovers
|upkeep
|turn|53
|
|t:|1758260999
|move|p2a: Skeledirge|Earth Power|p1a: Zamazenta
|-supereffective|p1a: Zamazenta
|-damage|p1a: Zamazenta|0 fnt
|faint|p1a: Zamazenta
|
|upkeep
|-message|Deadlyboogers1 forfeited.
|
|win|CherylBush
|raw|Deadlyboogers1's rating: 1473 &rarr; <strong>1458</strong><br />(-15 for losing)
|raw|CherylBush's rating: 1569 &rarr; <strong>1584</strong><br />(+15 for winning)
|l|☆Deadlyboogers1
|player|p1|
|l|☆CherylBush
|player|p2|
