|j|☆jumbolino
|j|☆KryptonianSmash
|t:|1758289289
|gametype|singles
|player|p1|jumbolino|169|1062
|player|p2|KryptonianSmash|169|1107
|gen|9
|tier|[Gen 9] OU
|rated|
|rule|HP Percentage Mod: HP is shown in percentages
|rule|Endless Battle Clause: Forcing endless battles is banned
|rule|Species Clause: Limit one of each Pokémon
|rule|OHKO Clause: OHKO moves are banned
|rule|Evasion Items Clause: Evasion items are banned
|rule|Evasion Moves Clause: Evasion moves are banned
|rule|Evasion Abilities Clause: Evasion abilities are banned
|rule|Sleep Moves Clause: Sleep-inducing moves are banned
|clearpoke
|poke|p1|Zapdos|
|poke|p1|Magnezone|
|poke|p1|Jolteon, F|
|poke|p1|Rotom-Wash|
|poke|p1|Vikavolt, F|
|poke|p1|Golem-Alola, M|
|poke|p2|Hitmonchan, M|
|poke|p2|Clodsire, F|
|poke|p2|Politoed, M|
|poke|p2|Staraptor, F|
|poke|p2|Kingdra, M|
|poke|p2|Braviary-Hisui, M|
|teampreview
|inactive|Battle timer is ON: inactive players will automatically lose when time's up. (requested by KryptonianSmash)
|
|t:|1758289297
|teamsize|p1|6
|teamsize|p2|6
|start
|switch|p1a: Zapdos|Zapdos|100/100
|switch|p2a: Politoed|Politoed, M|100/100
|-weather|RainDance|[from] ability: Drizzle|[of] p2a: Politoed
|turn|1
|
|t:|1758289305
|move|p1a: Zapdos|Thunder|p2a: Politoed
|-supereffective|p2a: Politoed
|-damage|p2a: Politoed|0 fnt
|faint|p2a: Politoed
|
|-weather|RainDance|[upkeep]
|upkeep
|
|t:|1758289312
|switch|p2a: Braviary|Braviary-Hisui, M|100/100
|turn|2
|
|t:|1758289320
|move|p1a: Zapdos|Thunder|p2a: Braviary
|-supereffective|p2a: Braviary
|-damage|p2a: Braviary|0 fnt
|faint|p2a: Braviary
|
|-weather|RainDance|[upkeep]
|upkeep
|
|t:|1758289325
|switch|p2a: Hitmonchan|Hitmonchan, M|100/100
|turn|3
|
|t:|1758289329
|move|p1a: Zapdos|Thunder|p2a: Hitmonchan
|-damage|p2a: Hitmonchan|16/100
|-status|p2a: Hitmonchan|par
|move|p2a: Hitmonchan|Ice Punch|p1a: Zapdos
|-supereffective|p1a: Zapdos
|-damage|p1a: Zapdos|18/100
|
|-weather|RainDance|[upkeep]
|upkeep
|turn|4
|
|t:|1758289338
|move|p2a: Hitmonchan|Bullet Punch|p1a: Zapdos
|-resisted|p1a: Zapdos
|-crit|p1a: Zapdos
|-damage|p1a: Zapdos|1/100
|move|p1a: Zapdos|Thunder|p2a: Hitmonchan
|-damage|p2a: Hitmonchan|0 fnt
|faint|p2a: Hitmonchan
|
|-weather|RainDance|[upkeep]
|upkeep
|
|t:|1758289347
|switch|p2a: Kingdra|Kingdra, M|100/100
|turn|5
|
|t:|1758289356
|move|p2a: Kingdra|Dragon Pulse|p1a: Zapdos
|-damage|p1a: Zapdos|0 fnt
|faint|p1a: Zapdos
|
|-weather|RainDance|[upkeep]
|upkeep
|
|t:|1758289362
|switch|p1a: Jolteon|Jolteon, F|100/100
|turn|6
|
|t:|1758289366
|-terastallize|p1a: Jolteon|Fairy
|move|p2a: Kingdra|Surf|p1a: Jolteon
|-damage|p1a: Jolteon|16/100
|move|p1a: Jolteon|Alluring Voice|p2a: Kingdra
|-supereffective|p2a: Kingdra
|-damage|p2a: Kingdra|0 fnt
|faint|p2a: Kingdra
|-damage|p1a: Jolteon|6/100|[from] item: Life Orb
|
|-weather|RainDance|[upkeep]
|upkeep
|
|t:|1758289375
|switch|p2a: Clodsire|Clodsire, F|100/100
|turn|7
|
|t:|1758289382
|switch|p1a: Magnezone|Magnezone|100/100
|move|p2a: Clodsire|Stockpile|p2a: Clodsire
|-start|p2a: Clodsire|stockpile1
|-boost|p2a: Clodsire|def|1
|-boost|p2a: Clodsire|spd|1
|
|-weather|RainDance|[upkeep]
|upkeep
|turn|8
|
|t:|1758289391
|move|p1a: Magnezone|Steel Beam|p2a: Clodsire
|-damage|p2a: Clodsire|62/100
|-damage|p1a: Magnezone|50/100|[from] steelbeam
|move|p2a: Clodsire|Body Press|p1a: Magnezone
|-supereffective|p1a: Magnezone
|-damage|p1a: Magnezone|13/100
|
|-weather|none
|-heal|p2a: Clodsire|69/100|[from] item: Black Sludge
|upkeep
|turn|9
|
|t:|1758289402
|move|p1a: Magnezone|Flash Cannon|p2a: Clodsire
|-damage|p2a: Clodsire|48/100
|move|p2a: Clodsire|Body Press|p1a: Magnezone
|-supereffective|p1a: Magnezone
|-damage|p1a: Magnezone|0 fnt
|faint|p1a: Magnezone
|
|-heal|p2a: Clodsire|54/100|[from] item: Black Sludge
|upkeep
|
|t:|1758289412
|switch|p1a: Rotom|Rotom-Wash|100/100
|turn|10
|
|t:|1758289416
|move|p1a: Rotom|Hydro Pump|p2a: Clodsire
|-heal|p2a: Clodsire|79/100|[from] ability: Water Absorb|[of] p1a: Rotom
|move|p2a: Clodsire|Toxic|p1a: Rotom
|-status|p1a: Rotom|tox
|
|-heal|p2a: Clodsire|85/100|[from] item: Black Sludge
|-damage|p1a: Rotom|94/100 tox|[from] psn
|upkeep
|turn|11
|
|t:|1758289426
|switch|p1a: Golem|Golem-Alola, M|100/100
|move|p2a: Clodsire|Body Press|p1a: Golem
|-supereffective|p1a: Golem
|-damage|p1a: Golem|58/100
|
|-heal|p2a: Clodsire|91/100|[from] item: Black Sludge
|upkeep
|turn|12
|
|t:|1758289435
|move|p1a: Golem|Explosion|p2a: Clodsire
|-damage|p2a: Clodsire|51/100
|faint|p1a: Golem
|move|p2a: Clodsire|Body Press|p1: Golem|[notarget]
|-fail|p2a: Clodsire
|
|-heal|p2a: Clodsire|57/100|[from] item: Black Sludge
|upkeep
|
|t:|1758289443
|switch|p1a: Vikavolt|Vikavolt, F|100/100
|turn|13
|
|t:|1758289450
|move|p1a: Vikavolt|Energy Ball|p2a: Clodsire
|-damage|p2a: Clodsire|39/100
|move|p2a: Clodsire|Toxic|p1a: Vikavolt
|-status|p1a: Vikavolt|tox
|
|-heal|p2a: Clodsire|45/100|[from] item: Black Sludge
|-damage|p1a: Vikavolt|94/100 tox|[from] psn
|upkeep
|turn|14
|
|t:|1758289462
|move|p1a: Vikavolt|Bug Buzz|p2a: Clodsire
|-resisted|p2a: Clodsire
|-damage|p2a: Clodsire|32/100
|move|p2a: Clodsire|Recover|p2a: Clodsire
|-heal|p2a: Clodsire|82/100
|
|-heal|p2a: Clodsire|88/100|[from] item: Black Sludge
|-damage|p1a: Vikavolt|82/100 tox|[from] psn
|upkeep
|turn|15
|
|t:|1758289474
|switch|p1a: Rotom|Rotom-Wash|94/100 tox
|move|p2a: Clodsire|Stockpile|p2a: Clodsire
|-start|p2a: Clodsire|stockpile2
|-boost|p2a: Clodsire|def|1
|-boost|p2a: Clodsire|spd|1
|
|-heal|p1a: Rotom|100/100 tox|[from] item: Leftovers
|-heal|p2a: Clodsire|94/100|[from] item: Black Sludge
|-damage|p1a: Rotom|94/100 tox|[from] psn
|upkeep
|turn|16
|
|t:|1758289486
|move|p1a: Rotom|Hydro Pump|p2a: Clodsire
|-heal|p2a: Clodsire|100/100|[from] ability: Water Absorb|[of] p1a: Rotom
|move|p2a: Clodsire|Stockpile|p2a: Clodsire
|-start|p2a: Clodsire|stockpile3
|-boost|p2a: Clodsire|def|1
|-boost|p2a: Clodsire|spd|1
|
|-heal|p1a: Rotom|100/100 tox|[from] item: Leftovers
|-damage|p1a: Rotom|88/100 tox|[from] psn
|upkeep
|turn|17
|-message|jumbolino forfeited.
|
|win|KryptonianSmash
|raw|jumbolino's rating: 1062 &rarr; <strong>1045</strong><br />(-17 for losing)
|raw|KryptonianSmash's rating: 1107 &rarr; <strong>1129</strong><br />(+22 for winning)
|l|☆jumbolino
|player|p1|
|l|☆KryptonianSmash
|player|p2|
