|j|☆MrCooke510
|j|☆Luxcalum
|t:|1758257439
|gametype|singles
|player|p1|MrCooke510|1|1308
|player|p2|Luxcalum|2|1277
|gen|9
|tier|[Gen 9] OU
|rated|
|rule|HP Percentage Mod: HP is shown in percentages
|rule|Endless Battle Clause: Forcing endless battles is banned
|rule|Species Clause: Limit one of each Pokémon
|rule|OHKO Clause: OHKO moves are banned
|rule|Evasion Items Clause: Evasion items are banned
|rule|Evasion Moves Clause: Evasion moves are banned
|rule|Evasion Abilities Clause: Evasion abilities are banned
|rule|Sleep Moves Clause: Sleep-inducing moves are banned
|clearpoke
|poke|p1|Quaquaval, F|
|poke|p1|Corviknight, M|
|poke|p1|Samurott-Hisui, F|
|poke|p1|Cinderace, F|
|poke|p1|Gliscor, F|
|poke|p1|Raikou|
|poke|p2|Ogerpon-Wellspring, F|
|poke|p2|Great Tusk|
|poke|p2|Raging Bolt|
|poke|p2|Corviknight, F|
|poke|p2|Garganacl, M|
|poke|p2|Slowking-Galar, F|
|teampreview
|inactive|Battle timer is ON: inactive players will automatically lose when time's up. (requested by MrCooke510)
|
|t:|1758257451
|teamsize|p1|6
|teamsize|p2|6
|start
|switch|p1a: Raikou|Raikou|100/100
|switch|p2a: Raging Bolt|Raging Bolt|100/100
|turn|1
|
|t:|1758257459
|move|p2a: Raging Bolt|Draco Meteor|p1a: Raikou
|-damage|p1a: Raikou|39/100
|-unboost|p2a: Raging Bolt|spa|2
|-enditem|p1a: Raikou|Red Card|[of] p2a: Raging Bolt
|-end|p2a: Raging Bolt|Protosynthesis|[silent]
|drag|p2a: Garganacl|Garganacl, M|100/100
|move|p1a: Raikou|Roar|p2a: Garganacl
|drag|p2a: Ogerpon|Ogerpon-Wellspring, F|100/100
|
|upkeep
|turn|2
|
|t:|1758257479
|switch|p2a: Garganacl|Garganacl, M|100/100
|move|p1a: Raikou|Thunderbolt|p2a: Garganacl
|-crit|p2a: Garganacl
|-damage|p2a: Garganacl|56/100
|
|-heal|p2a: Garganacl|62/100|[from] item: Leftovers
|upkeep
|turn|3
|
|t:|1758257489
|move|p1a: Raikou|Scald|p2a: Garganacl
|-supereffective|p2a: Garganacl
|-damage|p2a: Garganacl|28/100
|move|p2a: Garganacl|Recover|p2a: Garganacl
|-heal|p2a: Garganacl|78/100
|
|-heal|p2a: Garganacl|84/100|[from] item: Leftovers
|upkeep
|turn|4
|
|t:|1758257499
|move|p2a: Garganacl|Salt Cure|p1a: Raikou
|-damage|p1a: Raikou|20/100
|-start|p1a: Raikou|Salt Cure
|move|p1a: Raikou|Roar|p2a: Garganacl
|drag|p2a: Ogerpon|Ogerpon-Wellspring, F|100/100
|
|-damage|p1a: Raikou|8/100|[from] Salt Cure
|upkeep
|turn|5
|
|t:|1758257510
|switch|p2a: Garganacl|Garganacl, M|84/100
|move|p1a: Raikou|Thunderbolt|p2a: Garganacl
|-damage|p2a: Garganacl|54/100
|
|-heal|p2a: Garganacl|60/100|[from] item: Leftovers
|-damage|p1a: Raikou|0 fnt|[from] Salt Cure
|faint|p1a: Raikou
|upkeep
|
|t:|1758257520
|switch|p1a: Samurott|Samurott-Hisui, F|100/100
|turn|6
|
|t:|1758257527
|move|p1a: Samurott|Ceaseless Edge|p2a: Garganacl
|-damage|p2a: Garganacl|29/100
|-sidestart|p2: Luxcalum|Spikes
|move|p2a: Garganacl|Salt Cure|p1a: Samurott
|-damage|p1a: Samurott|88/100
|-start|p1a: Samurott|Salt Cure
|
|-heal|p2a: Garganacl|36/100|[from] item: Leftovers
|-damage|p1a: Samurott|63/100|[from] Salt Cure
|upkeep
|turn|7
|
|t:|1758257537
|move|p2a: Garganacl|Protect|p2a: Garganacl
|-singleturn|p2a: Garganacl|Protect
|move|p1a: Samurott|Aqua Cutter|p2a: Garganacl
|-activate|p2a: Garganacl|move: Protect
|
|-heal|p2a: Garganacl|42/100|[from] item: Leftovers
|-damage|p1a: Samurott|38/100|[from] Salt Cure
|upkeep
|turn|8
|
|t:|1758257567
|move|p2a: Garganacl|Protect||[still]
|-fail|p2a: Garganacl
|move|p1a: Samurott|Ceaseless Edge|p2a: Garganacl
|-damage|p2a: Garganacl|11/100
|-sidestart|p2: Luxcalum|Spikes
|
|-heal|p2a: Garganacl|18/100|[from] item: Leftovers
|-damage|p1a: Samurott|13/100|[from] Salt Cure
|upkeep
|turn|9
|l|☆MrCooke510
|inactive|MrCooke510 disconnected and has a minute to reconnect!
|player|p1|
|j|☆MrCooke510
|inactive|MrCooke510 reconnected and has 115 seconds left.
|player|p1|MrCooke510|1|
|
|t:|1758257605
|move|p2a: Garganacl|Protect|p2a: Garganacl
|-singleturn|p2a: Garganacl|Protect
|move|p1a: Samurott|Aqua Cutter|p2a: Garganacl
|-activate|p2a: Garganacl|move: Protect
|
|-heal|p2a: Garganacl|24/100|[from] item: Leftovers
|-damage|p1a: Samurott|0 fnt|[from] Salt Cure
|faint|p1a: Samurott
|upkeep
|
|t:|1758257615
|switch|p1a: Gliscor|Gliscor, F|100/100
|turn|10
|
|t:|1758257625
|switch|p2a: Corviknight|Corviknight, F|100/100
|-ability|p2a: Corviknight|Pressure
|move|p1a: Gliscor|Swords Dance|p1a: Gliscor
|-boost|p1a: Gliscor|atk|2
|
|-status|p1a: Gliscor|tox|[from] item: Toxic Orb
|upkeep
|turn|11
|inactive|MrCooke510 has 120 seconds left.
|
|t:|1758257641
|switch|p1a: Cinderace|Cinderace, F|100/100
|move|p2a: Corviknight|Iron Defense|p2a: Corviknight
|-boost|p2a: Corviknight|def|2
|
|upkeep
|turn|12
|
|t:|1758257649
|move|p1a: Cinderace|Pyro Ball|p2a: Corviknight
|-supereffective|p2a: Corviknight
|-crit|p2a: Corviknight
|-damage|p2a: Corviknight|0 fnt
|faint|p2a: Corviknight
|
|upkeep
|
|t:|1758257659
|switch|p2a: Great Tusk|Great Tusk|100/100
|-damage|p2a: Great Tusk|84/100|[from] Spikes
|-enditem|p2a: Great Tusk|Booster Energy
|-activate|p2a: Great Tusk|ability: Protosynthesis|[fromitem]
|-start|p2a: Great Tusk|protosynthesisspe
|turn|13
|
|t:|1758257666
|switch|p1a: Corviknight|Corviknight, M|100/100
|move|p2a: Great Tusk|Rapid Spin|p1a: Corviknight
|-resisted|p1a: Corviknight
|-damage|p1a: Corviknight|95/100
|-boost|p2a: Great Tusk|spe|1
|-sideend|p2: Luxcalum|Spikes|[from] move: Rapid Spin|[of] p2a: Great Tusk
|
|upkeep
|turn|14
|
|t:|1758257678
|move|p2a: Great Tusk|Knock Off|p1a: Corviknight
|-damage|p1a: Corviknight|75/100
|-enditem|p1a: Corviknight|Sitrus Berry|[from] move: Knock Off|[of] p2a: Great Tusk
|move|p1a: Corviknight|Brave Bird|p2a: Great Tusk
|-supereffective|p2a: Great Tusk
|-damage|p2a: Great Tusk|23/100
|-damage|p1a: Corviknight|51/100|[from] Recoil
|
|upkeep
|turn|15
|
|t:|1758257691
|-end|p2a: Great Tusk|Protosynthesis|[silent]
|switch|p2a: Slowking|Slowking-Galar, F|100/100
|move|p1a: Corviknight|Brave Bird|p2a: Slowking
|-damage|p2a: Slowking|48/100
|-damage|p1a: Corviknight|32/100|[from] Recoil
|
|upkeep
|turn|16
|
|t:|1758257699
|move|p1a: Corviknight|Brave Bird|p2a: Slowking
|-damage|p2a: Slowking|0 fnt
|faint|p2a: Slowking
|-damage|p1a: Corviknight|15/100|[from] Recoil
|
|upkeep
|inactive|Luxcalum has 120 seconds left.
|
|t:|1758257729
|switch|p2a: Ogerpon|Ogerpon-Wellspring, F|100/100
|turn|17
|
|t:|1758257735
|move|p2a: Ogerpon|Ivy Cudgel|p1a: Corviknight|[anim] Ivy Cudgel Water
|-crit|p1a: Corviknight
|-damage|p1a: Corviknight|0 fnt
|faint|p1a: Corviknight
|
|upkeep
|
|t:|1758257742
|switch|p1a: Quaquaval|Quaquaval, F|100/100
|turn|18
|
|t:|1758257748
|move|p2a: Ogerpon|Horn Leech|p1a: Quaquaval
|-supereffective|p1a: Quaquaval
|-crit|p1a: Quaquaval
|-damage|p1a: Quaquaval|0 fnt
|faint|p1a: Quaquaval
|
|upkeep
|
|t:|1758257754
|switch|p1a: Cinderace|Cinderace, F|100/100
|turn|19
|
|t:|1758257759
|-terastallize|p2a: Ogerpon|Water
|detailschange|p2a: Ogerpon|Ogerpon-Wellspring-Tera, F, tera:Water
|-ability|p2a: Ogerpon|Embody Aspect (Wellspring)|boost
|-boost|p2a: Ogerpon|spd|1
|move|p2a: Ogerpon|Ivy Cudgel|p1a: Cinderace|[anim] Ivy Cudgel Water
|-supereffective|p1a: Cinderace
|-damage|p1a: Cinderace|0 fnt
|faint|p1a: Cinderace
|
|upkeep
|-message|MrCooke510 forfeited.
|
|win|Luxcalum
|raw|MrCooke510's rating: 1308 &rarr; <strong>1286</strong><br />(-22 for losing)
|raw|Luxcalum's rating: 1277 &rarr; <strong>1304</strong><br />(+27 for winning)
|l|☆MrCooke510
|player|p1|
|l|☆Luxcalum
|player|p2|
