|j|☆jumbolino
|j|☆CrockPokes
|t:|1758275808
|gametype|singles
|player|p1|jumbolino|169|1059
|player|p2|CrockPokes|li|1075
|gen|9
|tier|[Gen 9] OU
|rated|
|rule|HP Percentage Mod: HP is shown in percentages
|rule|Endless Battle Clause: Forcing endless battles is banned
|rule|Species Clause: Limit one of each Pokémon
|rule|OHKO Clause: OHKO moves are banned
|rule|Evasion Items Clause: Evasion items are banned
|rule|Evasion Moves Clause: Evasion moves are banned
|rule|Evasion Abilities Clause: Evasion abilities are banned
|rule|Sleep Moves Clause: Sleep-inducing moves are banned
|clearpoke
|poke|p1|Zapdos|
|poke|p1|Magnezone|
|poke|p1|Jolteon, F|
|poke|p1|Rotom-Wash|
|poke|p1|Eelektross, F|
|poke|p1|Golem-Alola, F|
|poke|p2|Skeledirge, M|
|poke|p2|Ogerpon-Wellspring, F|
|poke|p2|Iron Valiant|
|poke|p2|Ampharos, F|
|poke|p2|Corviknight, F|
|poke|p2|Garganacl, F|
|teampreview
|
|t:|1758275820
|teamsize|p1|6
|teamsize|p2|6
|start
|switch|p1a: Rotom|Rotom-Wash|100/100
|switch|p2a: Ampharos|Ampharos, F|100/100
|-item|p2a: Ampharos|Air Balloon
|turn|1
|
|t:|1758275830
|switch|p1a: Jolteon|Jolteon, F|100/100
|move|p2a: Ampharos|Dragon Pulse|p1a: Jolteon
|-damage|p1a: Jolteon|59/100
|
|upkeep
|turn|2
|
|t:|1758275838
|move|p1a: Jolteon|Alluring Voice|p2a: Ampharos
|-damage|p2a: Ampharos|72/100
|-enditem|p2a: Ampharos|Air Balloon
|-damage|p1a: Jolteon|49/100|[from] item: Life Orb
|move|p2a: Ampharos|Focus Blast|p1a: Jolteon
|-damage|p1a: Jolteon|0 fnt
|faint|p1a: Jolteon
|
|upkeep
|
|t:|1758275847
|switch|p1a: Golem|Golem-Alola, F|100/100
|turn|3
|
|t:|1758275851
|move|p2a: Ampharos|Focus Blast|p1a: Golem
|-supereffective|p1a: Golem
|-enditem|p1a: Golem|Focus Sash
|-damage|p1a: Golem|1/100
|move|p1a: Golem|Earthquake|p2a: Ampharos
|-supereffective|p2a: Ampharos
|-damage|p2a: Ampharos|0 fnt
|faint|p2a: Ampharos
|
|upkeep
|
|t:|1758275859
|switch|p2a: Corviknight|Corviknight, F|100/100
|turn|4
|
|t:|1758275866
|switch|p1a: Rotom|Rotom-Wash|100/100
|move|p2a: Corviknight|Iron Head|p1a: Rotom
|-resisted|p1a: Rotom
|-damage|p1a: Rotom|93/100
|
|-heal|p1a: Rotom|99/100|[from] item: Leftovers
|upkeep
|turn|5
|
|t:|1758275878
|switch|p2a: Garganacl|Garganacl, F|100/100
|move|p1a: Rotom|Rain Dance|p1a: Rotom
|-weather|RainDance
|
|-weather|RainDance|[upkeep]
|-heal|p1a: Rotom|100/100|[from] item: Leftovers
|upkeep
|turn|6
|
|t:|1758275886
|-terastallize|p2a: Garganacl|Ghost
|move|p1a: Rotom|Hydro Pump|p2a: Garganacl
|-damage|p2a: Garganacl|49/100
|move|p2a: Garganacl|Salt Cure|p1a: Rotom
|-damage|p1a: Rotom|83/100
|-start|p1a: Rotom|Salt Cure
|
|-weather|RainDance|[upkeep]
|-heal|p1a: Rotom|89/100|[from] item: Leftovers
|-heal|p2a: Garganacl|55/100|[from] item: Leftovers
|-damage|p1a: Rotom|64/100|[from] Salt Cure
|upkeep
|turn|7
|
|t:|1758275899
|switch|p1a: Magnezone|Magnezone|100/100
|move|p2a: Garganacl|Recover|p2a: Garganacl
|-heal|p2a: Garganacl|100/100
|
|-weather|RainDance|[upkeep]
|upkeep
|turn|8
|
|t:|1758275907
|move|p1a: Magnezone|Steel Beam|p2a: Garganacl|[miss]
|-miss|p1a: Magnezone|p2a: Garganacl
|-damage|p1a: Magnezone|50/100|[from] steelbeam
|move|p2a: Garganacl|Stealth Rock|p1a: Magnezone
|-sidestart|p1: jumbolino|move: Stealth Rock
|
|-weather|RainDance|[upkeep]
|upkeep
|turn|9
|-message|jumbolino forfeited.
|
|win|CrockPokes
|raw|jumbolino's rating: 1059 &rarr; <strong>1041</strong><br />(-18 for losing)
|raw|CrockPokes's rating: 1075 &rarr; <strong>1102</strong><br />(+27 for winning)
|l|☆jumbolino
|player|p1|
|c|☆CrockPokes|gg
|l|☆CrockPokes
|player|p2|
