|j|☆RK Earth 9000
|j|☆darkyrios
|t:|1758316421
|gametype|singles
|player|p1|RK Earth 9000|volkner|1161
|player|p2|darkyrios|veteran|1217
|gen|9
|tier|[Gen 9] OU
|rated|
|rule|HP Percentage Mod: HP is shown in percentages
|rule|Endless Battle Clause: Forcing endless battles is banned
|rule|Species Clause: Limit one of each Pokémon
|rule|OHKO Clause: OHKO moves are banned
|rule|Evasion Items Clause: Evasion items are banned
|rule|Evasion Moves Clause: Evasion moves are banned
|rule|Evasion Abilities Clause: Evasion abilities are banned
|rule|Sleep Moves Clause: Sleep-inducing moves are banned
|clearpoke
|poke|p1|Gyarados, M|
|poke|p1|Tentacruel, F|
|poke|p1|Heatran, M|
|poke|p1|Incineroar, F|
|poke|p1|Meowscarada, F|
|poke|p1|Landorus-Therian, M|
|poke|p2|Pelipper, F|
|poke|p2|Venusaur, M|
|poke|p2|Corviknight, M|
|poke|p2|Manaphy|
|poke|p2|Greninja-*, M|
|poke|p2|Dondozo, F|
|teampreview
|
|t:|1758316429
|teamsize|p1|6
|teamsize|p2|6
|start
|switch|p1a: Tentacruel|Tentacruel, F|100/100
|switch|p2a: Pelipper|Pelipper, F|100/100
|-weather|RainDance|[from] ability: Drizzle|[of] p2a: Pelipper
|turn|1
|
|t:|1758316441
|switch|p2a: Venusaur|Venusaur, M|100/100
|move|p1a: Tentacruel|Knock Off|p2a: Venusaur
|-damage|p2a: Venusaur|84/100
|-enditem|p2a: Venusaur|Leftovers|[from] move: Knock Off|[of] p1a: Tentacruel
|
|-weather|RainDance|[upkeep]
|upkeep
|turn|2
|
|t:|1758316457
|switch|p1a: Gyarados|Gyarados, M, shiny|100/100
|-ability|p1a: Gyarados|Intimidate|boost
|-unboost|p2a: Venusaur|atk|1
|move|p2a: Venusaur|Knock Off|p1a: Gyarados
|-damage|p1a: Gyarados|84/100
|-enditem|p1a: Gyarados|Choice Band|[from] move: Knock Off|[of] p2a: Venusaur
|
|-weather|RainDance|[upkeep]
|upkeep
|turn|3
|
|t:|1758316469
|switch|p2a: Dondozo|Dondozo, F, shiny|100/100
|move|p1a: Gyarados|Dragon Tail|p2a: Dondozo|[miss]
|-miss|p1a: Gyarados|p2a: Dondozo
|
|-weather|RainDance|[upkeep]
|upkeep
|turn|4
|
|t:|1758316476
|move|p2a: Dondozo|Curse|p2a: Dondozo
|-unboost|p2a: Dondozo|spe|1
|-boost|p2a: Dondozo|atk|1
|-boost|p2a: Dondozo|def|1
|move|p1a: Gyarados|Dragon Tail|p2a: Dondozo
|-damage|p2a: Dondozo|93/100
|drag|p2a: Pelipper|Pelipper, F|100/100
|
|-weather|RainDance|[upkeep]
|upkeep
|turn|5
|
|t:|1758316488
|move|p2a: Pelipper|Knock Off|p1a: Gyarados
|-damage|p1a: Gyarados|74/100
|move|p1a: Gyarados|Dragon Tail|p2a: Pelipper
|-damage|p2a: Pelipper|86/100
|drag|p2a: Corviknight|Corviknight, M|100/100
|
|-weather|RainDance|[upkeep]
|upkeep
|turn|6
|
|t:|1758316501
|switch|p1a: Heatran|Heatran, M, shiny|100/100
|move|p2a: Corviknight|Hurricane|p1a: Heatran
|-resisted|p1a: Heatran
|-damage|p1a: Heatran|89/100
|
|-weather|RainDance|[upkeep]
|upkeep
|turn|7
|
|t:|1758316511
|switch|p2a: Dondozo|Dondozo, F, shiny|93/100
|move|p1a: Heatran|Dark Pulse|p2a: Dondozo
|-damage|p2a: Dondozo|60/100
|
|-weather|RainDance|[upkeep]
|-heal|p2a: Dondozo|66/100|[from] item: Leftovers
|upkeep
|turn|8
|
|t:|1758316520
|switch|p1a: Gyarados|Gyarados, M, shiny|74/100
|-ability|p1a: Gyarados|Intimidate|boost
|-unboost|p2a: Dondozo|atk|1
|move|p2a: Dondozo|Liquidation|p1a: Gyarados
|-resisted|p1a: Gyarados
|-damage|p1a: Gyarados|54/100
|
|-weather|none
|-heal|p2a: Dondozo|72/100|[from] item: Leftovers
|upkeep
|turn|9
|
|t:|1758316532
|move|p2a: Dondozo|Curse|p2a: Dondozo
|-unboost|p2a: Dondozo|spe|1
|-boost|p2a: Dondozo|atk|1
|-boost|p2a: Dondozo|def|1
|move|p1a: Gyarados|Dragon Tail|p2a: Dondozo
|-damage|p2a: Dondozo|65/100
|drag|p2a: Pelipper|Pelipper, F|86/100
|-weather|RainDance|[from] ability: Drizzle|[of] p2a: Pelipper
|
|-weather|RainDance|[upkeep]
|upkeep
|turn|10
|
|t:|1758316546
|switch|p1a: Tentacruel|Tentacruel, F|100/100
|move|p2a: Pelipper|U-turn|p1a: Tentacruel
|-resisted|p1a: Tentacruel
|-damage|p1a: Tentacruel|95/100
|
|t:|1758316557
|switch|p2a: Venusaur|Venusaur, M|84/100|[from] U-turn
|
|-weather|RainDance|[upkeep]
|-heal|p1a: Tentacruel|100/100|[from] item: Leftovers
|upkeep
|turn|11
|
|t:|1758316568
|switch|p1a: Gyarados|Gyarados, M, shiny|54/100
|-ability|p1a: Gyarados|Intimidate|boost
|-unboost|p2a: Venusaur|atk|1
|move|p2a: Venusaur|Leech Seed|p1a: Gyarados
|-start|p1a: Gyarados|move: Leech Seed
|
|-weather|RainDance|[upkeep]
|-damage|p1a: Gyarados|42/100|[from] Leech Seed|[of] p2a: Venusaur
|-heal|p2a: Venusaur|95/100|[silent]
|upkeep
|turn|12
|
|t:|1758316583
|switch|p2a: Corviknight|Corviknight, M|100/100
|move|p1a: Gyarados|Dragon Tail|p2a: Corviknight
|-resisted|p2a: Corviknight
|-damage|p2a: Corviknight|93/100
|-damage|p1a: Gyarados|25/100|[from] item: Rocky Helmet|[of] p2a: Corviknight
|drag|p2a: Dondozo|Dondozo, F, shiny|65/100
|
|-weather|RainDance|[upkeep]
|-heal|p2a: Dondozo|71/100|[from] item: Leftovers
|-damage|p1a: Gyarados|13/100|[from] Leech Seed|[of] p2a: Dondozo
|-heal|p2a: Dondozo|81/100|[silent]
|upkeep
|turn|13
|
|t:|1758316599
|switch|p1a: Tentacruel|Tentacruel, F|100/100
|move|p2a: Dondozo|Curse|p2a: Dondozo
|-unboost|p2a: Dondozo|spe|1
|-boost|p2a: Dondozo|atk|1
|-boost|p2a: Dondozo|def|1
|
|-weather|RainDance|[upkeep]
|-heal|p2a: Dondozo|87/100|[from] item: Leftovers
|upkeep
|turn|14
|
|t:|1758316610
|move|p1a: Tentacruel|Toxic|p2a: Dondozo
|-status|p2a: Dondozo|tox
|move|p2a: Dondozo|Liquidation|p1a: Tentacruel
|-resisted|p1a: Tentacruel
|-damage|p1a: Tentacruel|60/100
|
|-weather|RainDance|[upkeep]
|-heal|p1a: Tentacruel|66/100|[from] item: Leftovers
|-heal|p2a: Dondozo|93/100 tox|[from] item: Leftovers
|-damage|p2a: Dondozo|87/100 tox|[from] psn
|upkeep
|turn|15
|
|t:|1758316623
|move|p1a: Tentacruel|Knock Off|p2a: Dondozo
|-damage|p2a: Dondozo|81/100 tox
|-enditem|p2a: Dondozo|Leftovers|[from] move: Knock Off|[of] p1a: Tentacruel
|move|p2a: Dondozo|Curse|p2a: Dondozo
|-unboost|p2a: Dondozo|spe|1
|-boost|p2a: Dondozo|atk|1
|-boost|p2a: Dondozo|def|1
|
|-weather|RainDance|[upkeep]
|-heal|p1a: Tentacruel|72/100|[from] item: Leftovers
|-damage|p2a: Dondozo|69/100 tox|[from] psn
|upkeep
|turn|16
|
|t:|1758316637
|switch|p1a: Meowscarada|Meowscarada, F|100/100
|move|p2a: Dondozo|Liquidation|p1a: Meowscarada
|-resisted|p1a: Meowscarada
|-damage|p1a: Meowscarada|34/100
|-unboost|p1a: Meowscarada|def|1
|
|-weather|none
|-damage|p2a: Dondozo|51/100 tox|[from] psn
|upkeep
|turn|17
|
|t:|1758316648
|-terastallize|p2a: Dondozo|Grass
|move|p1a: Meowscarada|Flower Trick|p2a: Dondozo
|-start|p1a: Meowscarada|typechange|Grass|[from] ability: Protean
|-resisted|p2a: Dondozo
|-crit|p2a: Dondozo
|-damage|p2a: Dondozo|31/100 tox
|move|p2a: Dondozo|Rest|p2a: Dondozo
|-status|p2a: Dondozo|slp|[from] move: Rest
|-heal|p2a: Dondozo|100/100 slp|[silent]
|
|upkeep
|turn|18
|
|t:|1758316667
|switch|p1a: Tentacruel|Tentacruel, F|72/100
|cant|p2a: Dondozo|slp
|move|p2a: Dondozo|Sleep Talk|p2a: Dondozo
|move|p2a: Dondozo|Liquidation|p1a: Tentacruel|[from] move: Sleep Talk
|-resisted|p1a: Tentacruel
|-damage|p1a: Tentacruel|37/100
|
|-heal|p1a: Tentacruel|43/100|[from] item: Leftovers
|upkeep
|turn|19
|
|t:|1758316681
|switch|p1a: Gyarados|Gyarados, M, shiny|13/100
|-ability|p1a: Gyarados|Intimidate|boost
|-unboost|p2a: Dondozo|atk|1
|cant|p2a: Dondozo|slp
|move|p2a: Dondozo|Sleep Talk|p2a: Dondozo
|move|p2a: Dondozo|Curse|p2a: Dondozo|[from] move: Sleep Talk
|-unboost|p2a: Dondozo|spe|1
|-boost|p2a: Dondozo|atk|1
|-boost|p2a: Dondozo|def|1
|
|upkeep
|turn|20
|
|t:|1758316695
|switch|p2a: Corviknight|Corviknight, M|93/100
|move|p1a: Gyarados|Dragon Tail|p2a: Corviknight
|-resisted|p2a: Corviknight
|-damage|p2a: Corviknight|86/100
|-damage|p1a: Gyarados|0 fnt|[from] item: Rocky Helmet|[of] p2a: Corviknight
|faint|p1a: Gyarados
|drag|p2a: Dondozo|Dondozo, F, shiny, tera:Grass|100/100 slp
|
|upkeep
|
|t:|1758316706
|switch|p1a: Landorus|Landorus-Therian, M, shiny|100/100
|-ability|p1a: Landorus|Intimidate|boost
|-unboost|p2a: Dondozo|atk|1
|turn|21
|
|t:|1758316712
|-terastallize|p1a: Landorus|Steel
|move|p1a: Landorus|Sludge Bomb|p2a: Dondozo
|-supereffective|p2a: Dondozo
|-damage|p2a: Dondozo|38/100 slp
|-curestatus|p2a: Dondozo|slp|[msg]
|move|p2a: Dondozo|Sleep Talk||[still]
|-fail|p2a: Dondozo
|
|upkeep
|turn|22
|
|t:|1758316723
|switch|p2a: Corviknight|Corviknight, M|86/100
|move|p1a: Landorus|Sludge Bomb|p2a: Corviknight
|-immune|p2a: Corviknight
|
|upkeep
|turn|23
|
|t:|1758316735
|switch|p1a: Heatran|Heatran, M, shiny|89/100
|move|p2a: Corviknight|U-turn|p1a: Heatran
|-resisted|p1a: Heatran
|-damage|p1a: Heatran|85/100
|
|t:|1758316740
|switch|p2a: Pelipper|Pelipper, F|86/100|[from] U-turn
|-weather|RainDance|[from] ability: Drizzle|[of] p2a: Pelipper
|
|-weather|RainDance|[upkeep]
|upkeep
|turn|24
|
|t:|1758316748
|switch|p1a: Tentacruel|Tentacruel, F|43/100
|move|p2a: Pelipper|Hurricane|p1a: Tentacruel
|-damage|p1a: Tentacruel|15/100
|
|-weather|RainDance|[upkeep]
|-heal|p1a: Tentacruel|21/100|[from] item: Leftovers
|upkeep
|turn|25
|
|t:|1758316758
|switch|p2a: Venusaur|Venusaur, M|95/100
|move|p1a: Tentacruel|Toxic|p2a: Venusaur
|-immune|p2a: Venusaur
|
|-weather|RainDance|[upkeep]
|-heal|p1a: Tentacruel|27/100|[from] item: Leftovers
|upkeep
|turn|26
|
|t:|1758316767
|switch|p1a: Incineroar|Incineroar, F, shiny|100/100
|-ability|p1a: Incineroar|Intimidate|boost
|-unboost|p2a: Venusaur|atk|1
|move|p2a: Venusaur|Leech Seed|p1a: Incineroar
|-start|p1a: Incineroar|move: Leech Seed
|
|-weather|RainDance|[upkeep]
|-damage|p1a: Incineroar|88/100|[from] Leech Seed|[of] p2a: Venusaur
|-heal|p2a: Venusaur|100/100|[silent]
|upkeep
|turn|27
|
|t:|1758316778
|move|p1a: Incineroar|Parting Shot|p2a: Venusaur
|-unboost|p2a: Venusaur|atk|1
|-unboost|p2a: Venusaur|spa|1
|
|t:|1758316781
|switch|p1a: Landorus|Landorus-Therian, M, shiny, tera:Steel|100/100|[from] Parting Shot
|-ability|p1a: Landorus|Intimidate|boost
|-unboost|p2a: Venusaur|atk|1
|move|p2a: Venusaur|Toxic|p1a: Landorus
|-immune|p1a: Landorus
|
|-weather|RainDance|[upkeep]
|upkeep
|turn|28
|
|t:|1758316792
|move|p1a: Landorus|Earth Power|p2a: Venusaur
|-damage|p2a: Venusaur|57/100
|move|p2a: Venusaur|Leech Seed|p1a: Landorus|[miss]
|-miss|p2a: Venusaur|p1a: Landorus
|
|-weather|RainDance|[upkeep]
|upkeep
|turn|29
|
|t:|1758316801
|switch|p1a: Incineroar|Incineroar, F, shiny|88/100
|-ability|p1a: Incineroar|Intimidate|boost
|-unboost|p2a: Venusaur|atk|1
|switch|p2a: Corviknight|Corviknight, M|86/100
|
|-weather|RainDance|[upkeep]
|upkeep
|turn|30
|
|t:|1758316813
|switch|p2a: Greninja|Greninja, M|100/100
|move|p1a: Incineroar|Knock Off|p2a: Greninja
|-resisted|p2a: Greninja
|-damage|p2a: Greninja|64/100
|-enditem|p2a: Greninja|Choice Specs|[from] move: Knock Off|[of] p1a: Incineroar
|
|-weather|none
|upkeep
|turn|31
|
|t:|1758316825
|switch|p1a: Tentacruel|Tentacruel, F|27/100
|move|p2a: Greninja|Water Shuriken|p1a: Tentacruel
|-resisted|p1a: Tentacruel
|-damage|p1a: Tentacruel|24/100
|-resisted|p1a: Tentacruel
|-damage|p1a: Tentacruel|21/100
|-hitcount|p1a: Tentacruel|2
|
|-heal|p1a: Tentacruel|27/100|[from] item: Leftovers
|upkeep
|turn|32
|
|t:|1758316837
|switch|p2a: Pelipper|Pelipper, F|86/100
|-weather|RainDance|[from] ability: Drizzle|[of] p2a: Pelipper
|move|p1a: Tentacruel|Toxic|p2a: Pelipper
|-status|p2a: Pelipper|tox
|
|-weather|RainDance|[upkeep]
|-heal|p1a: Tentacruel|33/100|[from] item: Leftovers
|-damage|p2a: Pelipper|80/100 tox|[from] psn
|upkeep
|turn|33
|
|t:|1758316851
|move|p1a: Tentacruel|Knock Off|p2a: Pelipper
|-damage|p2a: Pelipper|69/100 tox
|-enditem|p2a: Pelipper|Damp Rock|[from] move: Knock Off|[of] p1a: Tentacruel
|move|p2a: Pelipper|Hurricane|p1a: Tentacruel
|-crit|p1a: Tentacruel
|-damage|p1a: Tentacruel|0 fnt
|faint|p1a: Tentacruel
|
|-weather|RainDance|[upkeep]
|-damage|p2a: Pelipper|57/100 tox|[from] psn
|upkeep
|
|t:|1758316862
|switch|p1a: Meowscarada|Meowscarada, F|34/100
|turn|34
|
|t:|1758316872
|move|p1a: Meowscarada|Triple Axel|p2a: Pelipper
|-start|p1a: Meowscarada|typechange|Ice|[from] ability: Protean
|-damage|p2a: Pelipper|44/100 tox
|-damage|p2a: Pelipper|25/100 tox
|-damage|p2a: Pelipper|0 fnt
|faint|p2a: Pelipper
|-hitcount|p2: Pelipper|3
|
|-weather|RainDance|[upkeep]
|upkeep
|
|t:|1758316882
|switch|p2a: Manaphy|Manaphy|100/100
|turn|35
|
|t:|1758316888
|switch|p1a: Landorus|Landorus-Therian, M, shiny, tera:Steel|100/100
|-ability|p1a: Landorus|Intimidate|boost
|-unboost|p2a: Manaphy|atk|1
|move|p2a: Manaphy|Surf|p1a: Landorus
|-damage|p1a: Landorus|6/100
|
|-weather|RainDance|[upkeep]
|upkeep
|turn|36
|
|t:|1758316901
|move|p1a: Landorus|Earth Power|p2a: Manaphy
|-damage|p2a: Manaphy|45/100
|move|p2a: Manaphy|Tail Glow|p2a: Manaphy
|-boost|p2a: Manaphy|spa|3
|
|-weather|RainDance|[upkeep]
|upkeep
|turn|37
|
|t:|1758316909
|move|p1a: Landorus|Earth Power|p2a: Manaphy
|-damage|p2a: Manaphy|0 fnt
|faint|p2a: Manaphy
|
|-weather|RainDance|[upkeep]
|upkeep
|
|t:|1758316917
|switch|p2a: Corviknight|Corviknight, M|86/100
|turn|38
|
|t:|1758316924
|switch|p1a: Incineroar|Incineroar, F, shiny|88/100
|-ability|p1a: Incineroar|Intimidate|boost
|-ability|p2a: Corviknight|Mirror Armor
|-unboost|p1a: Incineroar|atk|1
|move|p2a: Corviknight|Hurricane|p1a: Incineroar
|-damage|p1a: Incineroar|66/100
|
|-weather|RainDance|[upkeep]
|upkeep
|turn|39
|
|t:|1758316938
|switch|p2a: Dondozo|Dondozo, F, shiny, tera:Grass|38/100
|move|p1a: Incineroar|Knock Off|p2a: Dondozo
|-damage|p2a: Dondozo|23/100
|
|-weather|none
|upkeep
|turn|40
|
|t:|1758316948
|move|p1a: Incineroar|Parting Shot|p2a: Dondozo
|-unboost|p2a: Dondozo|atk|1
|-unboost|p2a: Dondozo|spa|1
|
|t:|1758316953
|switch|p1a: Heatran|Heatran, M, shiny|85/100|[from] Parting Shot
|move|p2a: Dondozo|Rest|p2a: Dondozo
|-status|p2a: Dondozo|slp|[from] move: Rest
|-heal|p2a: Dondozo|100/100 slp|[silent]
|
|upkeep
|turn|41
|
|t:|1758316969
|move|p1a: Heatran|Lava Plume|p2a: Dondozo
|-supereffective|p2a: Dondozo
|-damage|p2a: Dondozo|4/100 slp
|cant|p2a: Dondozo|slp
|move|p2a: Dondozo|Sleep Talk|p2a: Dondozo
|move|p2a: Dondozo|Liquidation|p1a: Heatran|[from] move: Sleep Talk
|-supereffective|p1a: Heatran
|-damage|p1a: Heatran|43/100
|
|upkeep
|turn|42
|
|t:|1758316984
|switch|p2a: Corviknight|Corviknight, M|86/100
|move|p1a: Heatran|Lava Plume|p2a: Corviknight
|-supereffective|p2a: Corviknight
|-damage|p2a: Corviknight|0 fnt
|faint|p2a: Corviknight
|
|upkeep
|
|t:|1758316990
|switch|p2a: Venusaur|Venusaur, M|57/100
|turn|43
|
|t:|1758317000
|move|p1a: Heatran|Lava Plume|p2a: Venusaur
|-supereffective|p2a: Venusaur
|-damage|p2a: Venusaur|0 fnt
|faint|p2a: Venusaur
|
|upkeep
|
|t:|1758317004
|switch|p2a: Greninja|Greninja, M|64/100
|turn|44
|
|t:|1758317008
|move|p2a: Greninja|Water Shuriken|p1a: Heatran
|-supereffective|p1a: Heatran
|-damage|p1a: Heatran|29/100
|-supereffective|p1a: Heatran
|-damage|p1a: Heatran|15/100
|-supereffective|p1a: Heatran
|-damage|p1a: Heatran|2/100
|-supereffective|p1a: Heatran
|-damage|p1a: Heatran|0 fnt
|faint|p1a: Heatran
|-ability|p2a: Greninja|Battle Bond|boost
|-boost|p2a: Greninja|atk|1
|-boost|p2a: Greninja|spa|1
|-boost|p2a: Greninja|spe|1
|-activate|p2a: Greninja|ability: Battle Bond
|-hitcount|p1: Heatran|4
|
|upkeep
|
|t:|1758317024
|switch|p1a: Landorus|Landorus-Therian, M, shiny, tera:Steel|6/100
|-ability|p1a: Landorus|Intimidate|boost
|-unboost|p2a: Greninja|atk|1
|turn|45
|
|t:|1758317033
|move|p2a: Greninja|Water Shuriken|p1a: Landorus
|-damage|p1a: Landorus|0 fnt
|faint|p1a: Landorus
|-hitcount|p1: Landorus|1
|
|upkeep
|
|t:|1758317039
|switch|p1a: Incineroar|Incineroar, F, shiny|66/100
|-ability|p1a: Incineroar|Intimidate|boost
|-unboost|p2a: Greninja|atk|1
|turn|46
|inactive|Battle timer is ON: inactive players will automatically lose when time's up. (requested by darkyrios)
|
|t:|1758317047
|move|p1a: Incineroar|Fake Out|p2a: Greninja
|-damage|p2a: Greninja|43/100
|cant|p2a: Greninja|flinch
|
|upkeep
|turn|47
|
|t:|1758317052
|move|p2a: Greninja|Water Shuriken|p1a: Incineroar
|-supereffective|p1a: Incineroar
|-damage|p1a: Incineroar|45/100
|-enditem|p1a: Incineroar|Sitrus Berry|[eat]
|-heal|p1a: Incineroar|70/100|[from] item: Sitrus Berry
|-supereffective|p1a: Incineroar
|-damage|p1a: Incineroar|50/100
|-hitcount|p1a: Incineroar|2
|move|p1a: Incineroar|Close Combat|p2a: Greninja
|-supereffective|p2a: Greninja
|-damage|p2a: Greninja|0 fnt
|-unboost|p1a: Incineroar|def|1
|-unboost|p1a: Incineroar|spd|1
|faint|p2a: Greninja
|
|upkeep
|
|t:|1758317065
|switch|p2a: Dondozo|Dondozo, F, shiny, tera:Grass|4/100 slp
|turn|48
|
|t:|1758317069
|move|p1a: Incineroar|Close Combat|p2a: Dondozo
|-damage|p2a: Dondozo|0 fnt
|-unboost|p1a: Incineroar|def|1
|-unboost|p1a: Incineroar|spd|1
|faint|p2a: Dondozo
|
|win|RK Earth 9000
|raw|RK Earth 9000's rating: 1161 &rarr; <strong>1190</strong><br />(+29 for winning)
|raw|darkyrios's rating: 1217 &rarr; <strong>1188</strong><br />(-29 for losing)
|c|☆RK Earth 9000|Gg
|l|☆darkyrios
|player|p2|
