|j|☆xa2n
|j|☆ay cheu
|t:|1758293456
|gametype|singles
|player|p1|xa2n|will|1523
|player|p2|ay cheu|riley|1577
|gen|9
|tier|[Gen 9] OU
|rated|
|rule|HP Percentage Mod: HP is shown in percentages
|rule|Endless Battle Clause: Forcing endless battles is banned
|rule|Species Clause: Limit one of each Pokémon
|rule|OHKO Clause: OHKO moves are banned
|rule|Evasion Items Clause: Evasion items are banned
|rule|Evasion Moves Clause: Evasion moves are banned
|rule|Evasion Abilities Clause: Evasion abilities are banned
|rule|Sleep Moves Clause: Sleep-inducing moves are banned
|clearpoke
|poke|p1|Samurott-Hisui, F|
|poke|p1|Kyurem|
|poke|p1|Gholdengo|
|poke|p1|Zamazenta-*|
|poke|p1|Kingambit, M|
|poke|p1|Ting-Lu|
|poke|p2|Gallade, M|
|poke|p2|Araquanid, M|
|poke|p2|Gholdengo|
|poke|p2|Muk-Alola, M|
|poke|p2|Talonflame, M|
|poke|p2|Garchomp, M|
|teampreview
|inactive|Battle timer is ON: inactive players will automatically lose when time's up. (requested by ay cheu)
|
|t:|1758293462
|teamsize|p1|6
|teamsize|p2|6
|start
|switch|p1a: Samurott|Samurott-Hisui, F, shiny|100/100
|switch|p2a: Araquanid|Araquanid, M|100/100
|turn|1
|
|t:|1758293464
|move|p1a: Samurott|Ceaseless Edge|p2a: Araquanid
|-damage|p2a: Araquanid|71/100
|-sidestart|p2: ay cheu|Spikes
|move|p2a: Araquanid|Leech Life|p1a: Samurott
|-supereffective|p1a: Samurott
|-damage|p1a: Samurott|58/100
|-heal|p2a: Araquanid|95/100|[from] drain|[of] p1a: Samurott
|
|upkeep
|turn|2
|
|t:|1758293468
|move|p1a: Samurott|Ceaseless Edge|p2a: Araquanid
|-damage|p2a: Araquanid|63/100
|-sidestart|p2: ay cheu|Spikes
|move|p2a: Araquanid|Sticky Web|p1a: Samurott
|-sidestart|p1: xa2n|move: Sticky Web
|
|upkeep
|turn|3
|
|t:|1758293476
|move|p1a: Samurott|Ceaseless Edge|p2a: Araquanid
|-damage|p2a: Araquanid|30/100
|-sidestart|p2: ay cheu|Spikes
|move|p2a: Araquanid|Leech Life|p1a: Samurott
|-supereffective|p1a: Samurott
|-damage|p1a: Samurott|10/100
|-heal|p2a: Araquanid|56/100|[from] drain|[of] p1a: Samurott
|
|upkeep
|turn|4
|
|t:|1758293481
|move|p1a: Samurott|Knock Off|p2a: Araquanid
|-damage|p2a: Araquanid|25/100
|-enditem|p2a: Araquanid|Heavy-Duty Boots|[from] move: Knock Off|[of] p1a: Samurott
|move|p2a: Araquanid|Leech Life|p1a: Samurott
|-supereffective|p1a: Samurott
|-damage|p1a: Samurott|0 fnt
|-heal|p2a: Araquanid|31/100|[from] drain|[of] p1a: Samurott
|faint|p1a: Samurott
|
|upkeep
|
|t:|1758293508
|switch|p1a: Kyurem|Kyurem|100/100
|-activate|p1a: Kyurem|move: Sticky Web
|-unboost|p1a: Kyurem|spe|1
|-ability|p1a: Kyurem|Pressure
|turn|5
|
|t:|1758293513
|switch|p2a: Muk|Muk-Alola, M|100/100
|-damage|p2a: Muk|76/100|[from] Spikes
|move|p1a: Kyurem|Freeze-Dry|p2a: Muk
|-damage|p2a: Muk|46/100
|-status|p2a: Muk|frz
|
|-heal|p2a: Muk|52/100 frz|[from] item: Leftovers
|upkeep
|turn|6
|
|t:|1758293520
|move|p1a: Kyurem|Freeze-Dry|p2a: Muk
|-damage|p2a: Muk|19/100 frz
|cant|p2a: Muk|frz
|
|-heal|p2a: Muk|25/100 frz|[from] item: Leftovers
|upkeep
|turn|7
|
|t:|1758293525
|move|p1a: Kyurem|Freeze-Dry|p2a: Muk
|-damage|p2a: Muk|0 fnt
|faint|p2a: Muk
|
|upkeep
|
|t:|1758293527
|switch|p2a: Talonflame|Talonflame, M|100/100
|turn|8
|
|t:|1758293541
|switch|p1a: Ting-Lu|Ting-Lu|100/100
|-activate|p1a: Ting-Lu|move: Sticky Web
|-unboost|p1a: Ting-Lu|spe|1
|-ability|p1a: Ting-Lu|Vessel of Ruin
|move|p2a: Talonflame|Fire Blast|p1a: Ting-Lu
|-damage|p1a: Ting-Lu|87/100
|
|upkeep
|turn|9
|
|t:|1758293545
|move|p2a: Talonflame|Defog|p1a: Ting-Lu
|-unboost|p1a: Ting-Lu|evasion|1
|-sideend|p1: xa2n|Sticky Web|[from] move: Defog|[of] p2a: Talonflame
|-sideend|p2: ay cheu|Spikes|[from] move: Defog|[of] p2a: Talonflame
|move|p1a: Ting-Lu|Stealth Rock|p2a: Talonflame
|-sidestart|p2: ay cheu|move: Stealth Rock
|
|upkeep
|turn|10
|
|t:|1758293550
|move|p2a: Talonflame|U-turn|p1a: Ting-Lu
|-supereffective|p1a: Ting-Lu
|-damage|p1a: Ting-Lu|75/100
|-damage|p2a: Talonflame|84/100|[from] item: Rocky Helmet|[of] p1a: Ting-Lu
|
|t:|1758293553
|switch|p2a: Araquanid|Araquanid, M|31/100|[from] U-turn
|-damage|p2a: Araquanid|6/100|[from] Stealth Rock
|move|p1a: Ting-Lu|Ruination|p2a: Araquanid
|-damage|p2a: Araquanid|3/100
|
|upkeep
|turn|11
|
|t:|1758293573
|switch|p1a: Gholdengo|Gholdengo|100/100
|move|p2a: Araquanid|Sticky Web|p1a: Gholdengo
|-sidestart|p1: xa2n|move: Sticky Web
|
|upkeep
|turn|12
|
|t:|1758293590
|move|p1a: Gholdengo|Shadow Ball|p2a: Araquanid
|-damage|p2a: Araquanid|0 fnt
|faint|p2a: Araquanid
|
|upkeep
|
|t:|1758293592
|switch|p2a: Talonflame|Talonflame, M|84/100
|turn|13
|
|t:|1758293600
|-terastallize|p1a: Gholdengo|Fighting
|move|p1a: Gholdengo|Shadow Ball|p2a: Talonflame
|-damage|p2a: Talonflame|26/100
|move|p2a: Talonflame|Fire Blast|p1a: Gholdengo
|-damage|p1a: Gholdengo|66/100
|
|upkeep
|turn|14
|
|t:|1758293612
|move|p1a: Gholdengo|Shadow Ball|p2a: Talonflame
|-damage|p2a: Talonflame|0 fnt
|faint|p2a: Talonflame
|
|upkeep
|
|t:|1758293614
|switch|p2a: Garchomp|Garchomp, M|100/100
|-damage|p2a: Garchomp|94/100|[from] Stealth Rock
|turn|15
|
|t:|1758293624
|move|p1a: Gholdengo|Shadow Ball|p2a: Garchomp
|-damage|p2a: Garchomp|51/100
|move|p2a: Garchomp|Earthquake|p1a: Gholdengo
|-damage|p1a: Gholdengo|0 fnt
|faint|p1a: Gholdengo
|
|upkeep
|
|t:|1758293632
|switch|p1a: Kyurem|Kyurem|100/100
|-activate|p1a: Kyurem|move: Sticky Web
|-unboost|p1a: Kyurem|spe|1
|-ability|p1a: Kyurem|Pressure
|turn|16
|
|t:|1758293636
|switch|p2a: Gholdengo|Gholdengo|100/100
|-damage|p2a: Gholdengo|94/100|[from] Stealth Rock
|move|p1a: Kyurem|Ice Beam|p2a: Gholdengo
|-resisted|p2a: Gholdengo
|-damage|p2a: Gholdengo|54/100
|
|upkeep
|turn|17
|
|t:|1758293638
|move|p2a: Gholdengo|Trick|p1a: Kyurem
|-activate|p2a: Gholdengo|move: Trick|[of] p1a: Kyurem
|-item|p1a: Kyurem|Choice Scarf|[from] move: Trick
|-item|p2a: Gholdengo|Choice Specs|[from] move: Trick
|move|p1a: Kyurem|Ice Beam|p2a: Gholdengo
|-resisted|p2a: Gholdengo
|-damage|p2a: Gholdengo|26/100
|
|upkeep
|turn|18
|
|t:|1758293644
|move|p1a: Kyurem|Ice Beam|p2a: Gholdengo
|-resisted|p2a: Gholdengo
|-damage|p2a: Gholdengo|0 fnt
|faint|p2a: Gholdengo
|
|upkeep
|
|t:|1758293648
|switch|p2a: Garchomp|Garchomp, M|51/100
|-damage|p2a: Garchomp|45/100|[from] Stealth Rock
|turn|19
|
|t:|1758293650
|move|p2a: Garchomp|Outrage|p1a: Kyurem
|-supereffective|p1a: Kyurem
|-damage|p1a: Kyurem|0 fnt
|faint|p1a: Kyurem
|
|upkeep
|
|t:|1758293657
|switch|p1a: Kingambit|Kingambit, M|100/100
|-activate|p1a: Kingambit|move: Sticky Web
|-unboost|p1a: Kingambit|spe|1
|-activate|p1a: Kingambit|ability: Supreme Overlord
|-start|p1a: Kingambit|fallen3|[silent]
|turn|20
|
|t:|1758293660
|move|p2a: Garchomp|Outrage|p1a: Kingambit|[from] lockedmove
|-resisted|p1a: Kingambit
|-damage|p1a: Kingambit|68/100
|-start|p2a: Garchomp|confusion|[fatigue]
|move|p1a: Kingambit|Swords Dance|p1a: Kingambit
|-boost|p1a: Kingambit|atk|2
|
|upkeep
|turn|21
|
|t:|1758293664
|move|p1a: Kingambit|Sucker Punch|p2a: Garchomp
|-damage|p2a: Garchomp|0 fnt
|-damage|p1a: Kingambit|55/100|[from] ability: Rough Skin|[of] p2a: Garchomp
|faint|p2a: Garchomp
|
|upkeep
|
|t:|1758293666
|switch|p2a: Gallade|Gallade, M|100/100
|-damage|p2a: Gallade|94/100|[from] Stealth Rock
|turn|22
|
|t:|1758293670
|-terastallize|p2a: Gallade|Dark
|move|p1a: Kingambit|Sucker Punch|p2a: Gallade
|-resisted|p2a: Gallade
|-damage|p2a: Gallade|0 fnt
|faint|p2a: Gallade
|
|win|xa2n
|raw|xa2n's rating: 1523 &rarr; <strong>1546</strong><br />(+23 for winning)
|raw|ay cheu's rating: 1577 &rarr; <strong>1554</strong><br />(-23 for losing)
|l|☆ay cheu
|player|p2|
|l|☆xa2n
|player|p1|
