|j|☆orange_blue_10
|j|☆AlphaDreams
|t:|1758374424
|gametype|singles
|player|p1|orange_blue_10|red|1284
|player|p2|AlphaDreams|caitlin|1225
|gen|9
|tier|[Gen 9] OU
|rated|
|rule|HP Percentage Mod: HP is shown in percentages
|rule|Endless Battle Clause: Forcing endless battles is banned
|rule|Species Clause: Limit one of each Pokémon
|rule|OHKO Clause: OHKO moves are banned
|rule|Evasion Items Clause: Evasion items are banned
|rule|Evasion Moves Clause: Evasion moves are banned
|rule|Evasion Abilities Clause: Evasion abilities are banned
|rule|Sleep Moves Clause: Sleep-inducing moves are banned
|clearpoke
|poke|p1|Charizard, F|
|poke|p1|Walking Wake|
|poke|p1|Venusaur, M|
|poke|p1|Great Tusk|
|poke|p1|Glimmora, F|
|poke|p1|Ninetales, M|
|poke|p2|Decidueye, M|
|poke|p2|Ceruledge, M|
|poke|p2|Samurott-Hisui, M|
|poke|p2|Great Tusk|
|poke|p2|Garganacl, M|
|poke|p2|Dragonite, M|
|teampreview
|inactive|Battle timer is ON: inactive players will automatically lose when time's up. (requested by orange_blue_10)
|
|t:|1758374438
|teamsize|p1|6
|teamsize|p2|6
|start
|switch|p1a: Ninetales|Ninetales, M|100/100
|switch|p2a: Samurott|Samurott-Hisui, M|100/100
|-weather|SunnyDay|[from] ability: Drought|[of] p1a: Ninetales
|turn|1
|
|t:|1758374446
|switch|p1a: Venusaur|Venusaur, M|100/100
|move|p2a: Samurott|Flip Turn|p1a: Venusaur
|-resisted|p1a: Venusaur
|-damage|p1a: Venusaur|93/100
|
|t:|1758374452
|switch|p2a: Ceruledge|Ceruledge, M|100/100|[from] Flip Turn
|
|-weather|SunnyDay|[upkeep]
|-heal|p1a: Venusaur|99/100|[from] item: Leftovers
|upkeep
|turn|2
|
|t:|1758374460
|-terastallize|p1a: Venusaur|Ground
|move|p1a: Venusaur|Earth Power|p2a: Ceruledge
|-supereffective|p2a: Ceruledge
|-damage|p2a: Ceruledge|13/100
|move|p2a: Ceruledge|Bitter Blade|p1a: Venusaur
|-damage|p1a: Venusaur|19/100
|-heal|p2a: Ceruledge|63/100|[from] drain|[of] p1a: Venusaur
|
|-weather|SunnyDay|[upkeep]
|-heal|p1a: Venusaur|25/100|[from] item: Leftovers
|upkeep
|turn|3
|
|t:|1758374472
|-terastallize|p2a: Ceruledge|Ghost
|move|p2a: Ceruledge|Shadow Sneak|p1a: Venusaur
|-damage|p1a: Venusaur|0 fnt
|faint|p1a: Venusaur
|
|-weather|SunnyDay|[upkeep]
|upkeep
|
|t:|1758374482
|switch|p1a: Charizard|Charizard, F|100/100
|turn|4
|
|t:|1758374486
|switch|p2a: Samurott|Samurott-Hisui, M|100/100
|move|p1a: Charizard|Air Slash|p2a: Samurott
|-damage|p2a: Samurott|26/100
|
|-weather|SunnyDay|[upkeep]
|-damage|p1a: Charizard|88/100|[from] ability: Solar Power|[of] p1a: Charizard
|upkeep
|turn|5
|
|t:|1758374495
|move|p2a: Samurott|Razor Shell|p1a: Charizard
|-supereffective|p1a: Charizard
|-damage|p1a: Charizard|17/100
|-unboost|p1a: Charizard|def|1
|move|p1a: Charizard|Solar Beam||[still]
|-prepare|p1a: Charizard|Solar Beam
|-anim|p1a: Charizard|Solar Beam|p2a: Samurott
|-supereffective|p2a: Samurott
|-damage|p2a: Samurott|0 fnt
|faint|p2a: Samurott
|
|-weather|SunnyDay|[upkeep]
|-damage|p1a: Charizard|4/100|[from] ability: Solar Power|[of] p1a: Charizard
|upkeep
|
|t:|1758374500
|switch|p2a: Ceruledge|Ceruledge, M, tera:Ghost|63/100
|turn|6
|
|t:|1758374514
|move|p2a: Ceruledge|Shadow Sneak|p1a: Charizard
|-crit|p1a: Charizard
|-damage|p1a: Charizard|0 fnt
|faint|p1a: Charizard
|
|-weather|SunnyDay|[upkeep]
|upkeep
|
|t:|1758374520
|switch|p1a: Walking Wake|Walking Wake|100/100
|-activate|p1a: Walking Wake|ability: Protosynthesis
|-start|p1a: Walking Wake|protosynthesisspe
|turn|7
|
|t:|1758374530
|switch|p2a: Sneaky Goat|Decidueye, M|100/100
|move|p1a: Walking Wake|Hydro Steam|p2a: Sneaky Goat
|-resisted|p2a: Sneaky Goat
|-damage|p2a: Sneaky Goat|60/100
|-damage|p1a: Walking Wake|91/100|[from] item: Life Orb
|
|-weather|SunnyDay|[upkeep]
|upkeep
|turn|8
|
|t:|1758374540
|move|p1a: Walking Wake|Flamethrower|p2a: Sneaky Goat
|-supereffective|p2a: Sneaky Goat
|-damage|p2a: Sneaky Goat|0 fnt
|faint|p2a: Sneaky Goat
|-damage|p1a: Walking Wake|81/100|[from] item: Life Orb
|
|-weather|none
|-end|p1a: Walking Wake|Protosynthesis
|upkeep
|
|t:|1758374549
|switch|p2a: Dragonite|Dragonite, M|100/100
|turn|9
|
|t:|1758374553
|move|p1a: Walking Wake|Draco Meteor|p2a: Dragonite|[miss]
|-miss|p1a: Walking Wake|p2a: Dragonite
|move|p2a: Dragonite|Dragon Dance|p2a: Dragonite
|-boost|p2a: Dragonite|atk|1
|-boost|p2a: Dragonite|spe|1
|
|upkeep
|turn|10
|
|t:|1758374561
|-end|p1a: Walking Wake|Protosynthesis|[silent]
|switch|p1a: Ninetales|Ninetales, M|100/100
|-weather|SunnyDay|[from] ability: Drought|[of] p1a: Ninetales
|move|p2a: Dragonite|Ice Spinner|p1a: Ninetales
|-resisted|p1a: Ninetales
|-damage|p1a: Ninetales|73/100
|
|-weather|SunnyDay|[upkeep]
|upkeep
|turn|11
|
|t:|1758374571
|move|p2a: Dragonite|Earthquake|p1a: Ninetales
|-supereffective|p1a: Ninetales
|-damage|p1a: Ninetales|0 fnt
|faint|p1a: Ninetales
|
|-weather|SunnyDay|[upkeep]
|upkeep
|
|t:|1758374581
|switch|p1a: Glimmora|Glimmora, F|100/100
|turn|12
|
|t:|1758374588
|move|p2a: Dragonite|Earthquake|p1a: Glimmora
|-supereffective|p1a: Glimmora
|-enditem|p1a: Glimmora|Focus Sash
|-damage|p1a: Glimmora|1/100
|-activate|p1a: Glimmora|ability: Toxic Debris
|-sidestart|p2: AlphaDreams|move: Toxic Spikes
|move|p1a: Glimmora|Power Gem|p2a: Dragonite
|-supereffective|p2a: Dragonite
|-damage|p2a: Dragonite|59/100
|
|-weather|SunnyDay|[upkeep]
|upkeep
|turn|13
|
|t:|1758374599
|move|p2a: Dragonite|Extreme Speed|p1a: Glimmora
|-resisted|p1a: Glimmora
|-damage|p1a: Glimmora|0 fnt
|-activate|p1a: Glimmora|ability: Toxic Debris
|-sidestart|p2: AlphaDreams|move: Toxic Spikes
|faint|p1a: Glimmora
|
|-weather|SunnyDay|[upkeep]
|upkeep
|
|t:|1758374608
|switch|p1a: Walking Wake|Walking Wake|81/100
|-activate|p1a: Walking Wake|ability: Protosynthesis
|-start|p1a: Walking Wake|protosynthesisspe
|turn|14
|
|t:|1758374618
|move|p2a: Dragonite|Extreme Speed|p1a: Walking Wake
|-damage|p1a: Walking Wake|30/100
|move|p1a: Walking Wake|Draco Meteor|p2a: Dragonite
|-supereffective|p2a: Dragonite
|-damage|p2a: Dragonite|0 fnt
|-unboost|p1a: Walking Wake|spa|2
|faint|p2a: Dragonite
|-damage|p1a: Walking Wake|20/100|[from] item: Life Orb
|
|-weather|SunnyDay|[upkeep]
|upkeep
|
|t:|1758374624
|switch|p2a: Great Tusk|Great Tusk|100/100
|-activate|p2a: Great Tusk|ability: Protosynthesis
|-start|p2a: Great Tusk|protosynthesisatk
|turn|15
|
|t:|1758374635
|move|p1a: Walking Wake|Hydro Steam|p2a: Great Tusk
|-supereffective|p2a: Great Tusk
|-damage|p2a: Great Tusk|0 fnt
|faint|p2a: Great Tusk
|-end|p2a: Great Tusk|Protosynthesis|[silent]
|-damage|p1a: Walking Wake|10/100|[from] item: Life Orb
|
|-weather|SunnyDay|[upkeep]
|upkeep
|
|t:|1758374640
|switch|p2a: Ceruledge|Ceruledge, M, tera:Ghost|63/100
|-status|p2a: Ceruledge|tox
|turn|16
|
|t:|1758374647
|move|p2a: Ceruledge|Shadow Sneak|p1a: Walking Wake
|-damage|p1a: Walking Wake|0 fnt
|faint|p1a: Walking Wake
|-end|p1a: Walking Wake|Protosynthesis|[silent]
|
|-weather|SunnyDay|[upkeep]
|-damage|p2a: Ceruledge|57/100 tox|[from] psn
|upkeep
|
|t:|1758374653
|switch|p1a: Great Tusk|Great Tusk|100/100
|-activate|p1a: Great Tusk|ability: Protosynthesis
|-start|p1a: Great Tusk|protosynthesisatk
|turn|17
|
|t:|1758374659
|move|p2a: Ceruledge|Bitter Blade|p1a: Great Tusk
|-crit|p1a: Great Tusk
|-damage|p1a: Great Tusk|39/100
|-heal|p2a: Ceruledge|100/100 tox|[from] drain|[of] p1a: Great Tusk
|move|p1a: Great Tusk|Earthquake|p2a: Ceruledge
|-damage|p2a: Ceruledge|3/100 tox
|-ability|p2a: Ceruledge|Weak Armor|boost
|-unboost|p2a: Ceruledge|def|1
|-boost|p2a: Ceruledge|spe|2
|
|-weather|none
|-end|p1a: Great Tusk|Protosynthesis
|-damage|p2a: Ceruledge|0 fnt|[from] psn
|faint|p2a: Ceruledge
|upkeep
|
|t:|1758374662
|switch|p2a: Garganacl|Garganacl, M|100/100
|turn|18
|
|t:|1758374676
|move|p2a: Garganacl|Protect|p2a: Garganacl
|-singleturn|p2a: Garganacl|Protect
|move|p1a: Great Tusk|Earthquake|p2a: Garganacl
|-activate|p2a: Garganacl|move: Protect
|
|upkeep
|turn|19
|
|t:|1758374683
|move|p1a: Great Tusk|Close Combat|p2a: Garganacl
|-supereffective|p2a: Garganacl
|-damage|p2a: Garganacl|13/100
|-unboost|p1a: Great Tusk|def|1
|-unboost|p1a: Great Tusk|spd|1
|-damage|p1a: Great Tusk|23/100|[from] item: Rocky Helmet|[of] p2a: Garganacl
|move|p2a: Garganacl|Salt Cure|p1a: Great Tusk
|-resisted|p1a: Great Tusk
|-crit|p1a: Great Tusk
|-damage|p1a: Great Tusk|18/100
|-start|p1a: Great Tusk|Salt Cure
|
|-damage|p1a: Great Tusk|6/100|[from] Salt Cure
|upkeep
|turn|20
|
|t:|1758374699
|move|p2a: Garganacl|Protect|p2a: Garganacl
|-singleturn|p2a: Garganacl|Protect
|move|p1a: Great Tusk|Earthquake|p2a: Garganacl
|-activate|p2a: Garganacl|move: Protect
|
|-damage|p1a: Great Tusk|0 fnt|[from] Salt Cure
|faint|p1a: Great Tusk
|-end|p1a: Great Tusk|Protosynthesis|[silent]
|
|win|AlphaDreams
|raw|orange_blue_10's rating: 1284 &rarr; <strong>1255</strong><br />(-29 for losing)
|raw|AlphaDreams's rating: 1225 &rarr; <strong>1254</strong><br />(+29 for winning)
|l|☆orange_blue_10
|player|p1|
|l|☆AlphaDreams
|player|p2|
