|j|☆RomanticM
|j|☆Lantor
|t:|1758241185
|gametype|singles
|player|p1|RomanticM|steven|1133
|player|p2|Lantor|lady-gen4|1202
|gen|9
|tier|[Gen 9] OU
|rated|
|rule|HP Percentage Mod: HP is shown in percentages
|rule|Endless Battle Clause: Forcing endless battles is banned
|rule|Species Clause: Limit one of each Pokémon
|rule|OHKO Clause: OHKO moves are banned
|rule|Evasion Items Clause: Evasion items are banned
|rule|Evasion Moves Clause: Evasion moves are banned
|rule|Evasion Abilities Clause: Evasion abilities are banned
|rule|Sleep Moves Clause: Sleep-inducing moves are banned
|clearpoke
|poke|p1|Dusknoir, F|
|poke|p1|Ludicolo, F|
|poke|p1|Empoleon, M|
|poke|p1|Sylveon, F|
|poke|p1|Garchomp, M|
|poke|p1|Glaceon, F|
|poke|p2|Landorus-Therian, M|
|poke|p2|Sinistcha|
|poke|p2|Tinkaton, F|
|poke|p2|Moltres|
|poke|p2|Samurott-Hisui, M|
|poke|p2|Hydreigon, M|
|teampreview
|
|t:|1758241195
|teamsize|p1|6
|teamsize|p2|6
|start
|switch|p1a: Dusknoir|Dusknoir, F|100/100
|switch|p2a: Landorus|Landorus-Therian, M|100/100
|-ability|p2a: Landorus|Intimidate|boost
|-unboost|p1a: Dusknoir|atk|1
|-ability|p1a: Dusknoir|Pressure
|turn|1
|
|t:|1758241206
|move|p2a: Landorus|U-turn|p1a: Dusknoir
|-resisted|p1a: Dusknoir
|-damage|p1a: Dusknoir|89/100
|
|t:|1758241212
|switch|p2a: Moltres|Moltres|100/100|[from] U-turn
|move|p1a: Dusknoir|Ice Punch|p2a: Moltres
|-damage|p2a: Moltres|88/100
|
|-heal|p1a: Dusknoir|95/100|[from] item: Leftovers
|upkeep
|turn|2
|c|☆Lantor|omg
|c|☆Lantor|ice punch dusknoir
|
|t:|1758241226
|switch|p1a: Ludicolo|Ludicolo, F|100/100
|move|p2a: Moltres|U-turn|p1a: Ludicolo
|-supereffective|p1a: Ludicolo
|-damage|p1a: Ludicolo|69/100
|c|☆RomanticM|yes
|
|t:|1758241234
|switch|p2a: Landorus|Landorus-Therian, M|100/100|[from] U-turn
|-ability|p2a: Landorus|Intimidate|boost
|-unboost|p1a: Ludicolo|atk|1
|
|-heal|p1a: Ludicolo|75/100|[from] item: Leftovers
|upkeep
|turn|3
|
|t:|1758241241
|move|p2a: Landorus|U-turn|p1a: Ludicolo
|-supereffective|p1a: Ludicolo
|-damage|p1a: Ludicolo|21/100
|
|t:|1758241245
|switch|p2a: Sinistcha|Sinistcha|100/100|[from] U-turn
|move|p1a: Ludicolo|Ice Beam|p2a: Sinistcha
|-supereffective|p2a: Sinistcha
|-damage|p2a: Sinistcha|49/100
|
|-heal|p1a: Ludicolo|27/100|[from] item: Leftovers
|upkeep
|turn|4
|
|t:|1758241254
|switch|p2a: Tinkaton|Tinkaton, F|100/100
|-item|p2a: Tinkaton|Air Balloon
|move|p1a: Ludicolo|Ice Beam|p2a: Tinkaton
|-resisted|p2a: Tinkaton
|-damage|p2a: Tinkaton|89/100
|-enditem|p2a: Tinkaton|Air Balloon
|
|-heal|p1a: Ludicolo|33/100|[from] item: Leftovers
|upkeep
|turn|5
|
|t:|1758241264
|move|p2a: Tinkaton|Ice Hammer|p1a: Ludicolo
|-damage|p1a: Ludicolo|8/100
|-unboost|p2a: Tinkaton|spe|1
|move|p1a: Ludicolo|Leech Seed|p2a: Tinkaton
|-start|p2a: Tinkaton|move: Leech Seed
|
|-heal|p1a: Ludicolo|14/100|[from] item: Leftovers
|-damage|p2a: Tinkaton|77/100|[from] Leech Seed|[of] p1a: Ludicolo
|-heal|p1a: Ludicolo|27/100|[silent]
|upkeep
|turn|6
|
|t:|1758241274
|move|p2a: Tinkaton|Gigaton Hammer|p1a: Ludicolo
|-resisted|p1a: Ludicolo
|-damage|p1a: Ludicolo|0 fnt
|faint|p1a: Ludicolo
|
|upkeep
|
|t:|1758241284
|switch|p1a: Dusknoir|Dusknoir, F|95/100
|-ability|p1a: Dusknoir|Pressure
|turn|7
|
|t:|1758241289
|switch|p2a: Moltres|Moltres|88/100
|move|p1a: Dusknoir|Earthquake|p2a: Moltres
|-immune|p2a: Moltres
|
|-heal|p1a: Dusknoir|100/100|[from] item: Leftovers
|upkeep
|turn|8
|
|t:|1758241300
|move|p2a: Moltres|U-turn|p1a: Dusknoir
|-resisted|p1a: Dusknoir
|-damage|p1a: Dusknoir|94/100
|c|☆RomanticM|Dusknoir is dangerous..
|
|t:|1758241310
|switch|p2a: Samurott|Samurott-Hisui, M|100/100|[from] U-turn
|move|p1a: Dusknoir|Poltergeist|p2a: Samurott
|-activate|p2a: Samurott|move: Poltergeist|Heavy-Duty Boots
|-resisted|p2a: Samurott
|-damage|p2a: Samurott|68/100
|
|-heal|p1a: Dusknoir|100/100|[from] item: Leftovers
|upkeep
|turn|9
|
|t:|1758241325
|switch|p1a: Sylveon|Sylveon, F|100/100
|move|p2a: Samurott|Ceaseless Edge|p1a: Sylveon
|-resisted|p1a: Sylveon
|-damage|p1a: Sylveon|78/100
|-start|p2a: Samurott|Attract|[from] ability: Cute Charm|[of] p1a: Sylveon
|-sidestart|p1: RomanticM|Spikes
|
|-heal|p1a: Sylveon|84/100|[from] item: Leftovers
|upkeep
|turn|10
|
|t:|1758241345
|switch|p2a: Moltres|Moltres|88/100
|move|p1a: Sylveon|Moonblast|p2a: Moltres
|-resisted|p2a: Moltres
|-damage|p2a: Moltres|70/100
|
|-heal|p1a: Sylveon|90/100|[from] item: Leftovers
|upkeep
|turn|11
|
|t:|1758241354
|move|p2a: Moltres|U-turn|p1a: Sylveon
|-resisted|p1a: Sylveon
|-damage|p1a: Sylveon|83/100
|
|t:|1758241357
|switch|p2a: Tinkaton|Tinkaton, F|77/100|[from] U-turn
|move|p1a: Sylveon|Wish|p1a: Sylveon
|
|-heal|p1a: Sylveon|89/100|[from] item: Leftovers
|upkeep
|turn|12
|
|t:|1758241374
|switch|p1a: Dusknoir|Dusknoir, F|100/100
|-damage|p1a: Dusknoir|88/100|[from] Spikes
|-ability|p1a: Dusknoir|Pressure
|move|p2a: Tinkaton|Gigaton Hammer|p1a: Dusknoir
|-damage|p1a: Dusknoir|35/100
|
|-heal|p1a: Dusknoir|91/100|[from] move: Wish|[wisher] Sylveon
|-heal|p1a: Dusknoir|97/100|[from] item: Leftovers
|upkeep
|turn|13
|
|t:|1758241386
|switch|p2a: Hydreigon|Hydreigon, M|100/100
|move|p1a: Dusknoir|Earthquake|p2a: Hydreigon
|-immune|p2a: Hydreigon|[from] ability: Levitate
|
|-heal|p1a: Dusknoir|100/100|[from] item: Leftovers
|upkeep
|turn|14
|
|t:|1758241396
|-terastallize|p2a: Hydreigon|Steel
|move|p2a: Hydreigon|Flash Cannon|p1a: Dusknoir
|-damage|p1a: Dusknoir|50/100
|move|p1a: Dusknoir|Pain Split|p2a: Hydreigon
|-sethp|p2a: Hydreigon|73/100|[from] move: Pain Split|[silent]
|-sethp|p1a: Dusknoir|80/100|[from] move: Pain Split
|
|-heal|p1a: Dusknoir|87/100|[from] item: Leftovers
|upkeep
|turn|15
|
|t:|1758241415
|switch|p2a: Samurott|Samurott-Hisui, M|68/100
|switch|p1a: Empoleon|Empoleon, M|100/100
|-damage|p1a: Empoleon|88/100|[from] Spikes
|
|-heal|p1a: Empoleon|94/100|[from] item: Leftovers
|upkeep
|turn|16
|
|t:|1758241429
|move|p2a: Samurott|Knock Off|p1a: Empoleon
|-damage|p1a: Empoleon|45/100
|-enditem|p1a: Empoleon|Leftovers|[from] move: Knock Off|[of] p2a: Samurott
|move|p1a: Empoleon|Surf|p2a: Samurott
|-resisted|p2a: Samurott
|-damage|p2a: Samurott|39/100
|
|upkeep
|turn|17
|
|t:|1758241436
|move|p2a: Samurott|Ceaseless Edge|p1a: Empoleon
|-damage|p1a: Empoleon|0 fnt
|-sidestart|p1: RomanticM|Spikes
|faint|p1a: Empoleon
|
|upkeep
|
|t:|1758241443
|switch|p1a: Sylveon|Sylveon, F|89/100
|-damage|p1a: Sylveon|73/100|[from] Spikes
|turn|18
|
|t:|1758241449
|move|p2a: Samurott|Ceaseless Edge|p1a: Sylveon
|-resisted|p1a: Sylveon
|-damage|p1a: Sylveon|49/100
|-sidestart|p1: RomanticM|Spikes
|move|p1a: Sylveon|Moonblast|p2a: Samurott
|-supereffective|p2a: Samurott
|-damage|p2a: Samurott|0 fnt
|faint|p2a: Samurott
|
|-heal|p1a: Sylveon|55/100|[from] item: Leftovers
|upkeep
|
|t:|1758241469
|switch|p2a: Hydreigon|Hydreigon, M, tera:Steel|73/100
|turn|19
|
|t:|1758241475
|move|p2a: Hydreigon|Flash Cannon|p1a: Sylveon
|-supereffective|p1a: Sylveon
|-damage|p1a: Sylveon|0 fnt
|faint|p1a: Sylveon
|
|upkeep
|
|t:|1758241487
|switch|p1a: Dusknoir|Dusknoir, F|87/100
|-damage|p1a: Dusknoir|62/100|[from] Spikes
|-ability|p1a: Dusknoir|Pressure
|turn|20
|
|t:|1758241494
|switch|p2a: Tinkaton|Tinkaton, F|77/100
|move|p1a: Dusknoir|Pain Split|p2a: Tinkaton
|-sethp|p2a: Tinkaton|67/100|[from] move: Pain Split|[silent]
|-sethp|p1a: Dusknoir|71/100|[from] move: Pain Split
|
|-heal|p1a: Dusknoir|77/100|[from] item: Leftovers
|upkeep
|turn|21
|
|t:|1758241503
|move|p2a: Tinkaton|Stealth Rock|p1a: Dusknoir
|-sidestart|p1: RomanticM|move: Stealth Rock
|move|p1a: Dusknoir|Earthquake|p2a: Tinkaton
|-supereffective|p2a: Tinkaton
|-damage|p2a: Tinkaton|0 fnt
|faint|p2a: Tinkaton
|
|-heal|p1a: Dusknoir|83/100|[from] item: Leftovers
|upkeep
|
|t:|1758241510
|switch|p2a: Hydreigon|Hydreigon, M, tera:Steel|73/100
|turn|22
|
|t:|1758241526
|switch|p1a: Garchomp|Garchomp, M|100/100
|-damage|p1a: Garchomp|76/100|[from] Spikes
|-damage|p1a: Garchomp|69/100|[from] Stealth Rock
|move|p2a: Hydreigon|Dark Pulse|p1a: Garchomp
|-damage|p1a: Garchomp|20/100
|
|-heal|p1a: Garchomp|26/100|[from] item: Leftovers
|upkeep
|turn|23
|
|t:|1758241540
|move|p2a: Hydreigon|Dark Pulse|p1a: Garchomp
|-damage|p1a: Garchomp|0 fnt
|faint|p1a: Garchomp
|
|upkeep
|
|t:|1758241548
|switch|p1a: Glaceon|Glaceon, F|100/100
|-damage|p1a: Glaceon|76/100|[from] Spikes
|-damage|p1a: Glaceon|51/100|[from] Stealth Rock
|turn|24
|
|t:|1758241563
|move|p2a: Hydreigon|Dark Pulse|p1a: Glaceon
|-damage|p1a: Glaceon|0 fnt
|faint|p1a: Glaceon
|
|upkeep
|
|t:|1758241568
|switch|p1a: Dusknoir|Dusknoir, F|83/100
|-damage|p1a: Dusknoir|59/100|[from] Spikes
|-damage|p1a: Dusknoir|46/100|[from] Stealth Rock
|-ability|p1a: Dusknoir|Pressure
|turn|25
|
|t:|1758241575
|move|p2a: Hydreigon|Dark Pulse|p1a: Dusknoir
|-supereffective|p1a: Dusknoir
|-damage|p1a: Dusknoir|0 fnt
|faint|p1a: Dusknoir
|
|win|Lantor
|raw|RomanticM's rating: 1133 &rarr; <strong>1113</strong><br />(-20 for losing)
|raw|Lantor's rating: 1202 &rarr; <strong>1222</strong><br />(+20 for winning)
