|j|☆Moi Mizu
|j|‽Khromatology
|t:|1758255273
|gametype|singles
|player|p1|Moi Mizu|colress|1277
|player|p2|Khromatology|ninjaboy|1288
|gen|9
|tier|[Gen 9] OU
|rated|
|rule|HP Percentage Mod: HP is shown in percentages
|rule|Endless Battle Clause: Forcing endless battles is banned
|rule|Species Clause: Limit one of each Pokémon
|rule|OHKO Clause: OHKO moves are banned
|rule|Evasion Items Clause: Evasion items are banned
|rule|Evasion Moves Clause: Evasion moves are banned
|rule|Evasion Abilities Clause: Evasion abilities are banned
|rule|Sleep Moves Clause: Sleep-inducing moves are banned
|clearpoke
|poke|p1|Iron Moth|
|poke|p1|Slowking-Galar, F|
|poke|p1|Dragonite, M|
|poke|p1|Kingambit, F|
|poke|p1|Quaquaval, M|
|poke|p1|Landorus-Therian, M|
|poke|p2|Kingambit, M|
|poke|p2|Great Tusk|
|poke|p2|Slowking-Galar, M|
|poke|p2|Kyurem|
|poke|p2|Meowscarada, F|
|poke|p2|Ceruledge, F|
|teampreview
|inactive|Battle timer is ON: inactive players will automatically lose when time's up. (requested by Khromatology)
|
|t:|1758255325
|teamsize|p1|6
|teamsize|p2|6
|start
|switch|p1a: Quaquaval|Quaquaval, M|100/100
|switch|p2a: Meowscarada|Meowscarada, F|100/100
|turn|1
|
|t:|1758255346
|switch|p1a: Iron Moth|Iron Moth|100/100
|move|p2a: Meowscarada|Flower Trick|p1a: Iron Moth
|-start|p2a: Meowscarada|typechange|Grass|[from] ability: Protean
|-resisted|p1a: Iron Moth
|-crit|p1a: Iron Moth
|-damage|p1a: Iron Moth|80/100
|
|upkeep
|turn|2
|
|t:|1758255355
|move|p2a: Meowscarada|U-turn|p1a: Iron Moth
|-resisted|p1a: Iron Moth
|-damage|p1a: Iron Moth|70/100
|
|t:|1758255365
|switch|p2a: Ceruledge|Ceruledge, F|100/100|[from] U-turn
|move|p1a: Iron Moth|Fiery Dance|p2a: Ceruledge
|-resisted|p2a: Ceruledge
|-damage|p2a: Ceruledge|65/100
|-boost|p1a: Iron Moth|spa|1
|
|upkeep
|turn|3
|
|t:|1758255388
|move|p1a: Iron Moth|Fiery Dance|p2a: Ceruledge
|-resisted|p2a: Ceruledge
|-crit|p2a: Ceruledge
|-damage|p2a: Ceruledge|0 fnt
|-boost|p1a: Iron Moth|spa|1
|faint|p2a: Ceruledge
|
|upkeep
|
|t:|1758255396
|switch|p2a: Great Tusk|Great Tusk|100/100
|turn|4
|
|t:|1758255409
|-terastallize|p1a: Iron Moth|Fire
|move|p1a: Iron Moth|Fiery Dance|p2a: Great Tusk
|-damage|p2a: Great Tusk|0 fnt
|faint|p2a: Great Tusk
|-end|p2a: Great Tusk|Protosynthesis|[silent]
|
|upkeep
|
|t:|1758255416
|switch|p2a: Slowking|Slowking-Galar, M|100/100
|turn|5
|
|t:|1758255425
|-end|p1a: Iron Moth|Quark Drive|[silent]
|switch|p1a: Kingambit|Kingambit, F|100/100
|move|p2a: Slowking|Thunder Wave|p1a: Kingambit
|-status|p1a: Kingambit|par
|
|upkeep
|turn|6
|
|t:|1758255434
|switch|p2a: Kingambit|Kingambit, M|100/100
|-activate|p2a: Kingambit|ability: Supreme Overlord
|-start|p2a: Kingambit|fallen2|[silent]
|move|p1a: Kingambit|Iron Head|p2a: Kingambit
|-resisted|p2a: Kingambit
|-damage|p2a: Kingambit|79/100
|
|-heal|p2a: Kingambit|85/100|[from] item: Leftovers
|upkeep
|turn|7
|
|t:|1758255443
|-end|p1a: Kingambit|fallenundefined|[silent]
|switch|p1a: Iron Moth|Iron Moth, tera:Fire|70/100
|move|p2a: Kingambit|Swords Dance|p2a: Kingambit
|-boost|p2a: Kingambit|atk|2
|
|-heal|p2a: Kingambit|91/100|[from] item: Leftovers
|upkeep
|turn|8
|
|t:|1758255453
|move|p1a: Iron Moth|Overheat|p2a: Kingambit
|-supereffective|p2a: Kingambit
|-damage|p2a: Kingambit|0 fnt
|-unboost|p1a: Iron Moth|spa|2
|faint|p2a: Kingambit
|-end|p2a: Kingambit|fallen2|[silent]
|
|upkeep
|
|t:|1758255458
|switch|p2a: Slowking|Slowking-Galar, M|100/100
|turn|9
|
|t:|1758255463
|-end|p1a: Iron Moth|Quark Drive|[silent]
|switch|p1a: Kingambit|Kingambit, F|100/100 par
|move|p2a: Slowking|Thunder Wave|p1a: Kingambit
|-fail|p1a: Kingambit|par
|
|upkeep
|turn|10
|
|t:|1758255471
|cant|p1a: Kingambit|par
|-prepare|p2a: Slowking|Chilly Reception|[premajor]
|move|p2a: Slowking|Chilly Reception|p2a: Slowking
|-weather|Snowscape
|
|t:|1758255473
|switch|p2a: Kyurem|Kyurem|100/100|[from] Chilly Reception
|-ability|p2a: Kyurem|Pressure
|
|-weather|Snowscape|[upkeep]
|upkeep
|turn|11
|
|t:|1758255477
|move|p2a: Kyurem|Earth Power|p1a: Kingambit
|-supereffective|p1a: Kingambit
|-damage|p1a: Kingambit|0 fnt
|faint|p1a: Kingambit
|-end|p1a: Kingambit|fallenundefined|[silent]
|
|-weather|Snowscape|[upkeep]
|upkeep
|
|t:|1758255483
|switch|p1a: Quaquaval|Quaquaval, M|100/100
|turn|12
|
|t:|1758255489
|move|p2a: Kyurem|Earth Power|p1a: Quaquaval
|-damage|p1a: Quaquaval|55/100
|move|p1a: Quaquaval|Close Combat|p2a: Kyurem
|-supereffective|p2a: Kyurem
|-damage|p2a: Kyurem|27/100
|-unboost|p1a: Quaquaval|def|1
|-unboost|p1a: Quaquaval|spd|1
|
|-weather|Snowscape|[upkeep]
|upkeep
|turn|13
|
|t:|1758255496
|switch|p1a: Landorus|Landorus-Therian, M|100/100
|-ability|p1a: Landorus|Intimidate|boost
|-unboost|p2a: Kyurem|atk|1
|move|p2a: Kyurem|Earth Power|p1a: Landorus
|-immune|p1a: Landorus
|
|-weather|Snowscape|[upkeep]
|upkeep
|turn|14
|
|t:|1758255504
|switch|p2a: Meowscarada|Meowscarada, F|100/100
|switch|p1a: Iron Moth|Iron Moth, tera:Fire|70/100
|
|-weather|none
|upkeep
|turn|15
|
|t:|1758255511
|move|p2a: Meowscarada|Knock Off|p1a: Iron Moth
|-start|p2a: Meowscarada|typechange|Dark|[from] ability: Protean
|-damage|p1a: Iron Moth|0 fnt
|-enditem|p1a: Iron Moth|Choice Specs|[from] move: Knock Off|[of] p2a: Meowscarada
|faint|p1a: Iron Moth
|-end|p1a: Iron Moth|Quark Drive|[silent]
|
|upkeep
|
|t:|1758255524
|switch|p1a: Landorus|Landorus-Therian, M|100/100
|-ability|p1a: Landorus|Intimidate|boost
|-unboost|p2a: Meowscarada|atk|1
|turn|16
|
|t:|1758255533
|move|p2a: Meowscarada|U-turn|p1a: Landorus
|-resisted|p1a: Landorus
|-damage|p1a: Landorus|96/100
|-damage|p2a: Meowscarada|84/100|[from] item: Rocky Helmet|[of] p1a: Landorus
|
|t:|1758255537
|switch|p2a: Slowking|Slowking-Galar, M|100/100|[from] U-turn
|move|p1a: Landorus|Stealth Rock|p2a: Slowking
|-sidestart|p2: Khromatology|move: Stealth Rock
|
|upkeep
|turn|17
|
|t:|1758255543
|move|p1a: Landorus|Taunt|p2a: Slowking
|-start|p2a: Slowking|move: Taunt
|move|p2a: Slowking|Future Sight|p1a: Landorus
|-start|p2a: Slowking|move: Future Sight
|
|upkeep
|turn|18
|
|t:|1758255549
|move|p1a: Landorus|Earth Power|p2a: Slowking
|-supereffective|p2a: Slowking
|-crit|p2a: Slowking
|-damage|p2a: Slowking|43/100
|move|p2a: Slowking|Sludge Bomb|p1a: Landorus
|-resisted|p1a: Landorus
|-damage|p1a: Landorus|77/100
|
|upkeep
|turn|19
|
|t:|1758255554
|move|p1a: Landorus|Earth Power|p2a: Slowking
|-supereffective|p2a: Slowking
|-damage|p2a: Slowking|5/100
|move|p2a: Slowking|Sludge Bomb|p1a: Landorus
|-resisted|p1a: Landorus
|-damage|p1a: Landorus|59/100
|
|-end|p1a: Landorus|move: Future Sight
|-damage|p1a: Landorus|10/100
|-end|p2a: Slowking|move: Taunt
|upkeep
|turn|20
|
|t:|1758255562
|move|p1a: Landorus|Earth Power|p2a: Slowking
|-supereffective|p2a: Slowking
|-damage|p2a: Slowking|0 fnt
|faint|p2a: Slowking
|
|upkeep
|
|t:|1758255564
|switch|p2a: Meowscarada|Meowscarada, F|84/100
|turn|21
|
|t:|1758255575
|move|p2a: Meowscarada|Triple Axel|p1a: Landorus
|-start|p2a: Meowscarada|typechange|Ice|[from] ability: Protean
|-supereffective|p1a: Landorus
|-damage|p1a: Landorus|0 fnt
|-damage|p2a: Meowscarada|68/100|[from] item: Rocky Helmet|[of] p1a: Landorus
|faint|p1a: Landorus
|-hitcount|p1: Landorus|1
|
|upkeep
|
|t:|1758255585
|switch|p1a: Slowking|Slowking-Galar, F|100/100
|turn|22
|
|t:|1758255595
|move|p2a: Meowscarada|U-turn|p1a: Slowking
|-damage|p1a: Slowking|80/100
|
|t:|1758255597
|switch|p2a: Kyurem|Kyurem|27/100|[from] U-turn
|-damage|p2a: Kyurem|2/100|[from] Stealth Rock
|-ability|p2a: Kyurem|Pressure
|move|p1a: Slowking|Sludge Bomb|p2a: Kyurem
|-damage|p2a: Kyurem|0 fnt
|faint|p2a: Kyurem
|
|upkeep
|
|t:|1758255599
|switch|p2a: Meowscarada|Meowscarada, F|68/100
|turn|23
|
|t:|1758255611
|move|p2a: Meowscarada|Knock Off|p1a: Slowking
|-start|p2a: Meowscarada|typechange|Dark|[from] ability: Protean
|-supereffective|p1a: Slowking
|-damage|p1a: Slowking|0 fnt
|-enditem|p1a: Slowking|Heavy-Duty Boots|[from] move: Knock Off|[of] p2a: Meowscarada
|faint|p1a: Slowking
|
|upkeep
|
|t:|1758255614
|switch|p1a: Quaquaval|Quaquaval, M|55/100
|turn|24
|
|t:|1758255621
|move|p2a: Meowscarada|Flower Trick|p1a: Quaquaval
|-supereffective|p1a: Quaquaval
|-crit|p1a: Quaquaval
|-damage|p1a: Quaquaval|0 fnt
|faint|p1a: Quaquaval
|
|upkeep
|
|t:|1758255624
|switch|p1a: Dragonite|Dragonite, M|100/100
|turn|25
|inactive|Moi Mizu has 120 seconds left.
|inactive|Moi Mizu has 90 seconds left.
|
|t:|1758255706
|move|p2a: Meowscarada|Triple Axel|p1a: Dragonite
|-supereffective|p1a: Dragonite
|-damage|p1a: Dragonite|86/100
|-hitcount|p1a: Dragonite|1
|move|p1a: Dragonite|Earthquake|p2a: Meowscarada
|-damage|p2a: Meowscarada|5/100
|
|upkeep
|turn|26
|
|t:|1758255713
|move|p1a: Dragonite|Extreme Speed|p2a: Meowscarada
|-damage|p2a: Meowscarada|0 fnt
|faint|p2a: Meowscarada
|
|win|Moi Mizu
|raw|Moi Mizu's rating: 1277 &rarr; <strong>1303</strong><br />(+26 for winning)
|raw|Khromatology's rating: 1288 &rarr; <strong>1262</strong><br />(-26 for losing)
|l|‽Khromatology
|player|p2|
|c|☆Moi Mizu|gg
|l|☆Moi Mizu
|player|p1|
