|j|☆Beuhiam
|j|☆KnockOffx2
|t:|1758254614
|gametype|singles
|player|p1|Beuhiam|102|1533
|player|p2|KnockOffx2|burglar|1552
|gen|9
|tier|[Gen 9] OU
|rated|
|rule|HP Percentage Mod: HP is shown in percentages
|rule|Endless Battle Clause: Forcing endless battles is banned
|rule|Species Clause: Limit one of each Pokémon
|rule|OHKO Clause: OHKO moves are banned
|rule|Evasion Items Clause: Evasion items are banned
|rule|Evasion Moves Clause: Evasion moves are banned
|rule|Evasion Abilities Clause: Evasion abilities are banned
|rule|Sleep Moves Clause: Sleep-inducing moves are banned
|clearpoke
|poke|p1|Samurott-Hisui, F|
|poke|p1|Zapdos|
|poke|p1|Dragapult, F|
|poke|p1|Great Tusk|
|poke|p1|Scizor, M|
|poke|p1|Kyurem|
|poke|p2|Great Tusk|
|poke|p2|Slowking-Galar, F|
|poke|p2|Moltres|
|poke|p2|Primarina, M|
|poke|p2|Kyurem|
|poke|p2|Gholdengo|
|teampreview
|inactive|Battle timer is ON: inactive players will automatically lose when time's up. (requested by Beuhiam)
|
|t:|1758254623
|teamsize|p1|6
|teamsize|p2|6
|start
|switch|p1a: The guy who flies|Zapdos|100/100
|switch|p2a: Primarina|Primarina, M|100/100
|turn|1
|
|t:|1758254626
|switch|p2a: Slowking|Slowking-Galar, F|100/100
|move|p1a: The guy who flies|Volt Switch|p2a: Slowking
|-damage|p2a: Slowking|83/100
|
|t:|1758254632
|switch|p1a: The guy who spikes|Samurott-Hisui, F|100/100|[from] Volt Switch
|
|upkeep
|turn|2
|
|t:|1758254640
|switch|p2a: Primarina|Primarina, M|100/100
|move|p1a: The guy who spikes|Ceaseless Edge|p2a: Primarina
|-resisted|p2a: Primarina
|-damage|p2a: Primarina|68/100
|-sidestart|p2: KnockOffx2|Spikes
|
|-heal|p2a: Primarina|74/100|[from] item: Leftovers
|upkeep
|turn|3
|
|t:|1758254649
|switch|p1a: The guy who shoots|Scizor, M|100/100
|move|p2a: Primarina|Substitute|p2a: Primarina
|-start|p2a: Primarina|Substitute
|-damage|p2a: Primarina|49/100
|
|-heal|p2a: Primarina|55/100|[from] item: Leftovers
|upkeep
|turn|4
|
|t:|1758254653
|move|p1a: The guy who shoots|Bullet Punch|p2a: Primarina
|-end|p2a: Primarina|Substitute
|move|p2a: Primarina|Psychic Noise|p1a: The guy who shoots
|-damage|p1a: The guy who shoots|64/100
|-start|p1a: The guy who shoots|move: Heal Block
|
|-heal|p2a: Primarina|61/100|[from] item: Leftovers
|upkeep
|turn|5
|
|t:|1758254662
|switch|p2a: Moltres|Moltres|100/100
|move|p1a: The guy who shoots|Bullet Punch|p2a: Moltres
|-resisted|p2a: Moltres
|-damage|p2a: Moltres|82/100
|-status|p1a: The guy who shoots|brn|[from] ability: Flame Body|[of] p2a: Moltres
|
|-damage|p1a: The guy who shoots|58/100 brn|[from] brn
|-end|p1a: The guy who shoots|move: Heal Block
|upkeep
|turn|6
|
|t:|1758254680
|switch|p1a: The guy who flies|Zapdos|100/100
|move|p2a: Moltres|Flamethrower|p1a: The guy who flies
|-damage|p1a: The guy who flies|54/100
|
|upkeep
|turn|7
|
|t:|1758254686
|switch|p2a: Slowking|Slowking-Galar, F|100/100
|-damage|p2a: Slowking|88/100|[from] Spikes
|move|p1a: The guy who flies|Roost|p1a: The guy who flies
|-heal|p1a: The guy who flies|100/100
|-singleturn|p1a: The guy who flies|move: Roost
|
|upkeep
|turn|8
|
|t:|1758254693
|move|p1a: The guy who flies|Volt Switch|p2a: Slowking
|-damage|p2a: Slowking|70/100
|
|t:|1758254695
|switch|p1a: The guy who shoots|Scizor, M|58/100 brn|[from] Volt Switch
|move|p2a: Slowking|Flamethrower|p1a: The guy who shoots
|-supereffective|p1a: The guy who shoots
|-damage|p1a: The guy who shoots|0 fnt
|faint|p1a: The guy who shoots
|
|upkeep
|
|t:|1758254698
|switch|p1a: The guy who spikes|Samurott-Hisui, F|100/100
|turn|9
|
|t:|1758254706
|switch|p2a: Primarina|Primarina, M|61/100
|-damage|p2a: Primarina|49/100|[from] Spikes
|move|p1a: The guy who spikes|Ceaseless Edge|p2a: Primarina
|-resisted|p2a: Primarina
|-damage|p2a: Primarina|18/100
|-sidestart|p2: KnockOffx2|Spikes
|
|-heal|p2a: Primarina|24/100|[from] item: Leftovers
|upkeep
|turn|10
|
|t:|1758254710
|move|p1a: The guy who spikes|Ceaseless Edge|p2a: Primarina
|-resisted|p2a: Primarina
|-damage|p2a: Primarina|0 fnt
|-sidestart|p2: KnockOffx2|Spikes
|faint|p2a: Primarina
|
|upkeep
|
|t:|1758254715
|switch|p2a: Kyurem|Kyurem|100/100
|-damage|p2a: Kyurem|76/100|[from] Spikes
|-ability|p2a: Kyurem|Pressure
|turn|11
|
|t:|1758254722
|move|p2a: Kyurem|Freeze-Dry|p1a: The guy who spikes
|-supereffective|p1a: The guy who spikes
|-damage|p1a: The guy who spikes|14/100
|move|p1a: The guy who spikes|Ceaseless Edge|p2a: Kyurem
|-damage|p2a: Kyurem|0 fnt
|faint|p2a: Kyurem
|
|upkeep
|
|t:|1758254728
|switch|p2a: Great Tusk|Great Tusk|100/100
|-damage|p2a: Great Tusk|76/100|[from] Spikes
|turn|12
|
|t:|1758254733
|switch|p1a: The guy who blocks|Dragapult, F|100/100
|move|p2a: Great Tusk|Rapid Spin|p1a: The guy who blocks
|-immune|p1a: The guy who blocks
|
|upkeep
|turn|13
|
|t:|1758254743
|move|p1a: The guy who blocks|Draco Meteor|p2a: Great Tusk
|-crit|p2a: Great Tusk
|-damage|p2a: Great Tusk|0 fnt
|-unboost|p1a: The guy who blocks|spa|2
|faint|p2a: Great Tusk
|-end|p2a: Great Tusk|Protosynthesis|[silent]
|
|upkeep
|
|t:|1758254746
|switch|p2a: Gholdengo|Gholdengo|100/100
|-damage|p2a: Gholdengo|76/100|[from] Spikes
|turn|14
|
|t:|1758254753
|switch|p1a: The guy who spikes|Samurott-Hisui, F|14/100
|move|p2a: Gholdengo|Shadow Ball|p1a: The guy who spikes
|-resisted|p1a: The guy who spikes
|-damage|p1a: The guy who spikes|0 fnt
|faint|p1a: The guy who spikes
|
|upkeep
|
|t:|1758254780
|switch|p1a: The guy who spins|Great Tusk|100/100
|-enditem|p1a: The guy who spins|Booster Energy
|-activate|p1a: The guy who spins|ability: Protosynthesis|[fromitem]
|-start|p1a: The guy who spins|protosynthesisatk
|turn|15
|
|t:|1758254785
|switch|p2a: Moltres|Moltres|82/100
|move|p1a: The guy who spins|Headlong Rush|p2a: Moltres
|-immune|p2a: Moltres
|
|upkeep
|turn|16
|
|t:|1758254790
|-end|p1a: The guy who spins|Protosynthesis|[silent]
|switch|p1a: Fish fear me|Kyurem|100/100
|-ability|p1a: Fish fear me|Pressure
|move|p2a: Moltres|Flamethrower|p1a: Fish fear me
|-damage|p1a: Fish fear me|60/100
|
|-heal|p1a: Fish fear me|66/100|[from] item: Leftovers
|upkeep
|turn|17
|
|t:|1758254800
|move|p1a: Fish fear me|Freeze-Dry|p2a: Moltres
|-damage|p2a: Moltres|48/100
|move|p2a: Moltres|Flamethrower|p1a: Fish fear me
|-damage|p1a: Fish fear me|30/100
|
|-heal|p1a: Fish fear me|36/100|[from] item: Leftovers
|upkeep
|turn|18
|
|t:|1758254806
|move|p1a: Fish fear me|Freeze-Dry|p2a: Moltres
|-damage|p2a: Moltres|12/100
|-status|p2a: Moltres|frz
|cant|p2a: Moltres|frz
|
|-heal|p1a: Fish fear me|42/100|[from] item: Leftovers
|upkeep
|turn|19
|
|t:|1758254811
|move|p1a: Fish fear me|Freeze-Dry|p2a: Moltres
|-crit|p2a: Moltres
|-damage|p2a: Moltres|0 fnt
|faint|p2a: Moltres
|
|-heal|p1a: Fish fear me|49/100|[from] item: Leftovers
|upkeep
|
|t:|1758254816
|switch|p2a: Gholdengo|Gholdengo|76/100
|-damage|p2a: Gholdengo|51/100|[from] Spikes
|turn|20
|
|t:|1758254822
|move|p2a: Gholdengo|Make It Rain|p1a: Fish fear me
|-supereffective|p1a: Fish fear me
|-damage|p1a: Fish fear me|0 fnt
|-unboost|p2a: Gholdengo|spa|1
|faint|p1a: Fish fear me
|
|upkeep
|
|t:|1758254832
|switch|p1a: The guy who flies|Zapdos|100/100
|turn|21
|
|t:|1758254837
|switch|p2a: Slowking|Slowking-Galar, F|100/100
|-damage|p2a: Slowking|76/100|[from] Spikes
|move|p1a: The guy who flies|Volt Switch|p2a: Slowking
|-damage|p2a: Slowking|60/100
|
|t:|1758254840
|switch|p1a: The guy who spins|Great Tusk|100/100|[from] Volt Switch
|
|upkeep
|turn|22
|c|☆Beuhiam|gg
|
|t:|1758254845
|-terastallize|p2a: Slowking|Water
|move|p1a: The guy who spins|Headlong Rush|p2a: Slowking
|-damage|p2a: Slowking|0 fnt
|-unboost|p1a: The guy who spins|def|1
|-unboost|p1a: The guy who spins|spd|1
|faint|p2a: Slowking
|
|upkeep
|
|t:|1758254850
|switch|p2a: Gholdengo|Gholdengo|51/100
|-damage|p2a: Gholdengo|26/100|[from] Spikes
|turn|23
|
|t:|1758254853
|move|p2a: Gholdengo|Shadow Ball|p1a: The guy who spins
|-damage|p1a: The guy who spins|0 fnt
|faint|p1a: The guy who spins
|-end|p1a: The guy who spins|Protosynthesis|[silent]
|
|upkeep
|
|t:|1758254856
|switch|p1a: The guy who flies|Zapdos|100/100
|turn|24
|
|t:|1758254862
|move|p2a: Gholdengo|Shadow Ball|p1a: The guy who flies
|-damage|p1a: The guy who flies|53/100
|move|p1a: The guy who flies|Volt Switch|p2a: Gholdengo
|-damage|p2a: Gholdengo|0 fnt
|faint|p2a: Gholdengo
|
|win|Beuhiam
|raw|Beuhiam's rating: 1533 &rarr; <strong>1554</strong><br />(+21 for winning)
|raw|KnockOffx2's rating: 1552 &rarr; <strong>1531</strong><br />(-21 for losing)
|l|☆KnockOffx2
|player|p2|
|l|☆Beuhiam
|player|p1|
