|j|☆PoliwrathRocks1
|j|☆Austes
|t:|1758305074
|gametype|singles
|player|p1|PoliwrathRocks1|blue|1080
|player|p2|Austes|170|1000
|gen|9
|tier|[Gen 9] OU
|rated|
|rule|HP Percentage Mod: HP is shown in percentages
|rule|Endless Battle Clause: Forcing endless battles is banned
|rule|Species Clause: Limit one of each Pokémon
|rule|OHKO Clause: OHKO moves are banned
|rule|Evasion Items Clause: Evasion items are banned
|rule|Evasion Moves Clause: Evasion moves are banned
|rule|Evasion Abilities Clause: Evasion abilities are banned
|rule|Sleep Moves Clause: Sleep-inducing moves are banned
|clearpoke
|poke|p1|Scizor, M|
|poke|p1|Latias, F|
|poke|p1|Magnezone|
|poke|p1|Greninja-*, M|
|poke|p1|Infernape, F|
|poke|p1|Flygon, F|
|poke|p2|Tyranitar, M|
|poke|p2|Corviknight, M|
|poke|p2|Garganacl, M|
|poke|p2|Sinistcha|
|poke|p2|Sandy Shocks|
|poke|p2|Heatran, M|
|teampreview
|
|t:|1758305081
|teamsize|p1|6
|teamsize|p2|6
|start
|switch|p1a: still good maybe|Flygon, F|100/100
|switch|p2a: Sandy Shocks|Sandy Shocks|100/100
|-enditem|p2a: Sandy Shocks|Booster Energy
|-activate|p2a: Sandy Shocks|ability: Protosynthesis|[fromitem]
|-start|p2a: Sandy Shocks|protosynthesisspe
|turn|1
|
|t:|1758305091
|-terastallize|p2a: Sandy Shocks|Ice
|move|p2a: Sandy Shocks|Tera Blast|p1a: still good maybe|[anim] Tera Blast Ice
|-supereffective|p1a: still good maybe
|-damage|p1a: still good maybe|0 fnt
|faint|p1a: still good maybe
|
|upkeep
|
|t:|1758305105
|switch|p1a: I HATE fun|Scizor, M|100/100
|turn|2
|
|t:|1758305115
|-end|p2a: Sandy Shocks|Protosynthesis|[silent]
|switch|p2a: Sinistcha|Sinistcha|100/100
|move|p1a: I HATE fun|Bullet Punch|p2a: Sinistcha
|-damage|p2a: Sinistcha|68/100
|
|-heal|p2a: Sinistcha|74/100|[from] item: Leftovers
|upkeep
|turn|3
|
|t:|1758305127
|switch|p2a: Corviknight|Corviknight, M, shiny|100/100
|move|p1a: I HATE fun|Bug Bite|p2a: Corviknight
|-resisted|p2a: Corviknight
|-damage|p2a: Corviknight|91/100
|
|-heal|p2a: Corviknight|97/100|[from] item: Leftovers
|upkeep
|turn|4
|
|t:|1758305137
|switch|p1a: Sonic R|Magnezone|100/100
|move|p2a: Corviknight|Bulk Up|p2a: Corviknight
|-boost|p2a: Corviknight|atk|1
|-boost|p2a: Corviknight|def|1
|
|-heal|p2a: Corviknight|100/100|[from] item: Leftovers
|upkeep
|turn|5
|
|t:|1758305149
|move|p2a: Corviknight|U-turn|p1a: Sonic R
|-resisted|p1a: Sonic R
|-damage|p1a: Sonic R|87/100
|
|t:|1758305152
|switch|p2a: Heatran|Heatran, M, shiny|100/100|[from] U-turn
|move|p1a: Sonic R|Thunderbolt|p2a: Heatran
|-damage|p2a: Heatran|61/100
|
|upkeep
|turn|6
|
|t:|1758305176
|switch|p1a: baja blast|Greninja, M|100/100
|move|p2a: Heatran|Lava Plume|p1a: baja blast
|-resisted|p1a: baja blast
|-damage|p1a: baja blast|64/100
|
|upkeep
|turn|7
|
|t:|1758305185
|switch|p2a: Tyranitar|Tyranitar, M, shiny|100/100
|-weather|Sandstorm|[from] ability: Sand Stream|[of] p2a: Tyranitar
|move|p1a: baja blast|Ice Punch|p2a: Tyranitar
|-damage|p2a: Tyranitar|67/100
|
|-weather|Sandstorm|[upkeep]
|-damage|p1a: baja blast|58/100|[from] Sandstorm
|upkeep
|turn|8
|
|t:|1758305199
|switch|p1a: Sonic R|Magnezone|87/100
|move|p2a: Tyranitar|Stealth Rock|p1a: Sonic R
|-sidestart|p1: PoliwrathRocks1|move: Stealth Rock
|
|-weather|Sandstorm|[upkeep]
|upkeep
|turn|9
|
|t:|1758305215
|switch|p2a: Sinistcha|Sinistcha|74/100
|-terastallize|p1a: Sonic R|Ground
|move|p1a: Sonic R|Tera Blast|p2a: Sinistcha|[anim] Tera Blast Ground
|-resisted|p2a: Sinistcha
|-damage|p2a: Sinistcha|21/100
|
|-weather|Sandstorm|[upkeep]
|-damage|p2a: Sinistcha|15/100|[from] Sandstorm
|-heal|p2a: Sinistcha|21/100|[from] item: Leftovers
|upkeep
|turn|10
|
|t:|1758305231
|switch|p1a: I HATE fun|Scizor, M|100/100
|-damage|p1a: I HATE fun|88/100|[from] Stealth Rock
|move|p2a: Sinistcha|Matcha Gotcha|p1a: I HATE fun
|-resisted|p1a: I HATE fun
|-damage|p1a: I HATE fun|75/100
|-heal|p2a: Sinistcha|29/100|[from] drain|[of] p1a: I HATE fun
|
|-weather|Sandstorm|[upkeep]
|-damage|p2a: Sinistcha|23/100|[from] Sandstorm
|-heal|p2a: Sinistcha|29/100|[from] item: Leftovers
|-heal|p1a: I HATE fun|82/100|[from] item: Leftovers
|upkeep
|turn|11
|
|t:|1758305250
|switch|p2a: Corviknight|Corviknight, M, shiny|100/100
|move|p1a: I HATE fun|Defog|p2a: Corviknight
|-ability|p2a: Corviknight|Mirror Armor
|-unboost|p1a: I HATE fun|evasion|1
|-sideend|p1: PoliwrathRocks1|Stealth Rock|[from] move: Defog|[of] p1a: I HATE fun
|
|-weather|none
|-heal|p1a: I HATE fun|88/100|[from] item: Leftovers
|upkeep
|turn|12
|
|t:|1758305269
|switch|p1a: Gold Ship|Latias, F|100/100
|move|p2a: Corviknight|U-turn|p1a: Gold Ship
|-supereffective|p1a: Gold Ship
|-damage|p1a: Gold Ship|73/100
|-enditem|p1a: Gold Ship|Weakness Policy
|-boost|p1a: Gold Ship|atk|2|[from] item: Weakness Policy
|-boost|p1a: Gold Ship|spa|2|[from] item: Weakness Policy
|
|t:|1758305278
|switch|p2a: Garganacl|Garganacl, M, shiny|100/100|[from] U-turn
|
|upkeep
|turn|13
|inactive|Battle timer is ON: inactive players will automatically lose when time's up. (requested by PoliwrathRocks1)
|inactive|Austes has 120 seconds left.
|inactive|Austes has 90 seconds left.
|inactive|Austes has 60 seconds left.
|inactive|Austes has 30 seconds left.
|inactive|Austes has 20 seconds left.
|inactive|Austes has 15 seconds left.
|inactive|Austes has 10 seconds left.
|inactive|Austes has 5 seconds left.
|-message|Austes lost due to inactivity.
|
|win|PoliwrathRocks1
|raw|PoliwrathRocks1's rating: 1080 &rarr; <strong>1102</strong><br />(+22 for winning)
|raw|Austes's rating: 1000 &rarr; <strong>1000</strong><br />(+0 for losing)
|c|☆PoliwrathRocks1|sick
