|j|☆wrdonawing
|j|☆JMagister
|t:|1758365612
|gametype|singles
|player|p1|wrdonawing|lana|1283
|player|p2|JMagister|hilbert|1269
|gen|9
|tier|[Gen 9] OU
|rated|
|rule|HP Percentage Mod: HP is shown in percentages
|rule|Endless Battle Clause: Forcing endless battles is banned
|rule|Species Clause: Limit one of each Pokémon
|rule|OHKO Clause: OHKO moves are banned
|rule|Evasion Items Clause: Evasion items are banned
|rule|Evasion Moves Clause: Evasion moves are banned
|rule|Evasion Abilities Clause: Evasion abilities are banned
|rule|Sleep Moves Clause: Sleep-inducing moves are banned
|clearpoke
|poke|p1|Iron Moth|
|poke|p1|Decidueye-Hisui, M|
|poke|p1|Hoopa-Unbound|
|poke|p1|Comfey, M|
|poke|p1|Pecharunt|
|poke|p1|Scyther, F|
|poke|p2|Regigigas|
|poke|p2|Landorus-Therian, M|
|poke|p2|Rillaboom, F|
|poke|p2|Ceruledge, F|
|poke|p2|Raging Bolt|
|poke|p2|Dragonite, F|
|teampreview
|inactive|Battle timer is ON: inactive players will automatically lose when time's up. (requested by wrdonawing)
|c|☆JMagister|hf
|
|t:|1758365623
|teamsize|p1|6
|teamsize|p2|6
|start
|switch|p1a: Hoopa|Hoopa-Unbound|100/100
|switch|p2a: Landorus|Landorus-Therian, M|100/100
|-ability|p2a: Landorus|Intimidate|boost
|-unboost|p1a: Hoopa|atk|1
|turn|1
|
|t:|1758365629
|switch|p1a: Pecharunt|Pecharunt|100/100
|move|p2a: Landorus|U-turn|p1a: Pecharunt
|-resisted|p1a: Pecharunt
|-damage|p1a: Pecharunt|97/100
|inactive|JMagister has 120 seconds left.
|
|t:|1758365666
|switch|p2a: Regigigas|Regigigas|100/100|[from] U-turn
|-start|p2a: Regigigas|ability: Slow Start
|
|-heal|p1a: Pecharunt|100/100|[from] item: Leftovers
|upkeep
|turn|2
|
|t:|1758365672
|move|p1a: Pecharunt|Malignant Chain|p2a: Regigigas
|-damage|p2a: Regigigas|70/100
|move|p2a: Regigigas|Thunder Wave|p1a: Pecharunt
|-status|p1a: Pecharunt|par
|
|-heal|p2a: Regigigas|76/100|[from] item: Leftovers
|upkeep
|turn|3
|
|t:|1758365678
|move|p1a: Pecharunt|Malignant Chain|p2a: Regigigas
|-damage|p2a: Regigigas|48/100
|-status|p2a: Regigigas|tox
|-start|p2a: Regigigas|confusion|[from] ability: Poison Puppeteer|[of] p1a: Pecharunt
|-activate|p2a: Regigigas|confusion
|move|p2a: Regigigas|Substitute|p2a: Regigigas
|-start|p2a: Regigigas|Substitute
|-damage|p2a: Regigigas|23/100 tox
|
|-heal|p2a: Regigigas|29/100 tox|[from] item: Leftovers
|-damage|p2a: Regigigas|23/100 tox|[from] psn
|upkeep
|turn|4
|
|t:|1758365690
|move|p1a: Pecharunt|Nasty Plot|p1a: Pecharunt
|-boost|p1a: Pecharunt|spa|2
|-activate|p2a: Regigigas|confusion
|move|p2a: Regigigas|Knock Off|p1a: Pecharunt
|-supereffective|p1a: Pecharunt
|-damage|p1a: Pecharunt|66/100 par
|-enditem|p1a: Pecharunt|Leftovers|[from] move: Knock Off|[of] p2a: Regigigas
|
|-heal|p2a: Regigigas|29/100 tox|[from] item: Leftovers
|-damage|p2a: Regigigas|17/100 tox|[from] psn
|upkeep
|turn|5
|
|t:|1758365704
|move|p1a: Pecharunt|Nasty Plot|p1a: Pecharunt
|-boost|p1a: Pecharunt|spa|2
|-end|p2a: Regigigas|confusion
|move|p2a: Regigigas|Knock Off|p1a: Pecharunt
|-supereffective|p1a: Pecharunt
|-damage|p1a: Pecharunt|43/100 par
|
|-heal|p2a: Regigigas|23/100 tox|[from] item: Leftovers
|-damage|p2a: Regigigas|5/100 tox|[from] psn
|upkeep
|turn|6
|
|t:|1758365712
|move|p1a: Pecharunt|Nasty Plot|p1a: Pecharunt
|-boost|p1a: Pecharunt|spa|2
|move|p2a: Regigigas|Knock Off|p1a: Pecharunt
|-supereffective|p1a: Pecharunt
|-damage|p1a: Pecharunt|20/100 par
|
|-heal|p2a: Regigigas|11/100 tox|[from] item: Leftovers
|-damage|p2a: Regigigas|0 fnt|[from] psn
|faint|p2a: Regigigas
|upkeep
|
|t:|1758365725
|switch|p2a: Raging Bolt|Raging Bolt|100/100
|-enditem|p2a: Raging Bolt|Booster Energy
|-activate|p2a: Raging Bolt|ability: Protosynthesis|[fromitem]
|-start|p2a: Raging Bolt|protosynthesisspa
|turn|7
|
|t:|1758365732
|move|p2a: Raging Bolt|Thunderclap|p1a: Pecharunt
|-damage|p1a: Pecharunt|0 fnt
|faint|p1a: Pecharunt
|
|upkeep
|
|t:|1758365739
|switch|p1a: Comfey|Comfey, M|100/100
|turn|8
|
|t:|1758365742
|move|p2a: Raging Bolt|Discharge|p1a: Comfey
|-damage|p1a: Comfey|41/100
|move|p1a: Comfey|Calm Mind|p1a: Comfey
|-boost|p1a: Comfey|spa|1
|-boost|p1a: Comfey|spd|1
|
|-heal|p1a: Comfey|47/100|[from] item: Leftovers
|upkeep
|turn|9
|
|t:|1758365749
|-end|p2a: Raging Bolt|Protosynthesis|[silent]
|switch|p2a: Ceruledge|Ceruledge, F|100/100
|move|p1a: Comfey|Draining Kiss|p2a: Ceruledge
|-resisted|p2a: Ceruledge
|-damage|p2a: Ceruledge|92/100
|-heal|p1a: Comfey|54/100|[from] drain|[of] p2a: Ceruledge
|
|-heal|p1a: Comfey|60/100|[from] item: Leftovers
|upkeep
|turn|10
|
|t:|1758365755
|move|p1a: Comfey|Stored Power|p2a: Ceruledge
|-damage|p2a: Ceruledge|79/100
|move|p2a: Ceruledge|Bitter Blade|p1a: Comfey
|-damage|p1a: Comfey|28/100
|-heal|p2a: Ceruledge|93/100|[from] drain|[of] p1a: Comfey
|
|-heal|p1a: Comfey|34/100|[from] item: Leftovers
|upkeep
|turn|11
|
|t:|1758365762
|move|p1a: Comfey|Draining Kiss|p2a: Ceruledge
|-resisted|p2a: Ceruledge
|-damage|p2a: Ceruledge|85/100
|-heal|p1a: Comfey|41/100|[from] drain|[of] p2a: Ceruledge
|move|p2a: Ceruledge|Bulk Up|p2a: Ceruledge
|-boost|p2a: Ceruledge|atk|1
|-boost|p2a: Ceruledge|def|1
|
|-heal|p1a: Comfey|47/100|[from] item: Leftovers
|upkeep
|turn|12
|
|t:|1758365767
|switch|p1a: Hoopa|Hoopa-Unbound|100/100
|move|p2a: Ceruledge|Bitter Blade|p1a: Hoopa
|-damage|p1a: Hoopa|1/100
|-heal|p2a: Ceruledge|100/100|[from] drain|[of] p1a: Hoopa
|
|upkeep
|turn|13
|
|t:|1758365770
|move|p2a: Ceruledge|Shadow Sneak|p1a: Hoopa
|-crit|p1a: Hoopa
|-damage|p1a: Hoopa|0 fnt
|faint|p1a: Hoopa
|
|upkeep
|
|t:|1758365773
|switch|p1a: Scyther|Scyther, F|100/100
|turn|14
|
|t:|1758365778
|move|p1a: Scyther|Dual Wingbeat|p2a: Ceruledge
|-damage|p2a: Ceruledge|79/100
|-damage|p2a: Ceruledge|56/100
|-hitcount|p2a: Ceruledge|2
|move|p2a: Ceruledge|Bitter Blade|p1a: Scyther
|-supereffective|p1a: Scyther
|-damage|p1a: Scyther|0 fnt
|-heal|p2a: Ceruledge|96/100|[from] drain|[of] p1a: Scyther
|faint|p1a: Scyther
|
|upkeep
|
|t:|1758365781
|switch|p1a: Iron Moth|Iron Moth|100/100
|-enditem|p1a: Iron Moth|Booster Energy
|-activate|p1a: Iron Moth|ability: Quark Drive|[fromitem]
|-start|p1a: Iron Moth|quarkdrivespa
|turn|15
|
|t:|1758365786
|move|p1a: Iron Moth|Psychic|p2a: Ceruledge
|-damage|p2a: Ceruledge|64/100
|move|p2a: Ceruledge|Bitter Blade|p1a: Iron Moth
|-resisted|p1a: Iron Moth
|-damage|p1a: Iron Moth|51/100
|-heal|p2a: Ceruledge|85/100|[from] drain|[of] p1a: Iron Moth
|
|upkeep
|turn|16
|
|t:|1758365789
|move|p2a: Ceruledge|Shadow Sneak|p1a: Iron Moth
|-damage|p1a: Iron Moth|11/100
|move|p1a: Iron Moth|Psychic|p2a: Ceruledge
|-damage|p2a: Ceruledge|54/100
|
|upkeep
|turn|17
|
|t:|1758365792
|move|p2a: Ceruledge|Shadow Sneak|p1a: Iron Moth
|-damage|p1a: Iron Moth|0 fnt
|faint|p1a: Iron Moth
|-end|p1a: Iron Moth|Quark Drive|[silent]
|
|upkeep
|
|t:|1758365794
|switch|p1a: Decidueye|Decidueye-Hisui, M|100/100
|turn|18
|
|t:|1758365796
|move|p1a: Decidueye|Sucker Punch|p2a: Ceruledge
|-supereffective|p2a: Ceruledge
|-damage|p2a: Ceruledge|16/100
|move|p2a: Ceruledge|Bitter Blade|p1a: Decidueye
|-supereffective|p1a: Decidueye
|-crit|p1a: Decidueye
|-damage|p1a: Decidueye|0 fnt
|-heal|p2a: Ceruledge|67/100|[from] drain|[of] p1a: Decidueye
|faint|p1a: Decidueye
|
|upkeep
|-message|wrdonawing forfeited.
|
|win|JMagister
|raw|wrdonawing's rating: 1283 &rarr; <strong>1257</strong><br />(-26 for losing)
|raw|JMagister's rating: 1269 &rarr; <strong>1295</strong><br />(+26 for winning)
|l|☆wrdonawing
|player|p1|
|l|☆JMagister
|player|p2|
