|j|☆Reino4eva
|j|☆RiaSingh2121
|t:|1758232061
|gametype|singles
|player|p1|Reino4eva|169|1142
|player|p2|RiaSingh2121|1|1176
|gen|9
|tier|[Gen 9] OU
|rated|
|rule|HP Percentage Mod: HP is shown in percentages
|rule|Endless Battle Clause: Forcing endless battles is banned
|rule|Species Clause: Limit one of each Pokémon
|rule|OHKO Clause: OHKO moves are banned
|rule|Evasion Items Clause: Evasion items are banned
|rule|Evasion Moves Clause: Evasion moves are banned
|rule|Evasion Abilities Clause: Evasion abilities are banned
|rule|Sleep Moves Clause: Sleep-inducing moves are banned
|clearpoke
|poke|p1|Ninetales-Alola, M|
|poke|p1|Heatran, M|
|poke|p1|Dragapult, M|
|poke|p1|Scizor, M|
|poke|p1|Garchomp, F|
|poke|p1|Cloyster, F|
|poke|p2|Hatterene, F|
|poke|p2|Torkoal, M|
|poke|p2|Corviknight, F|
|poke|p2|Ursaluna, F|
|poke|p2|Hattrem, F|
|poke|p2|Iron Hands|
|teampreview
|
|t:|1758232082
|teamsize|p1|6
|teamsize|p2|6
|start
|switch|p1a: Heatran|Heatran, M|100/100
|switch|p2a: Hattrem|Hattrem, F|100/100
|-item|p1a: Heatran|Air Balloon
|turn|1
|
|t:|1758232092
|move|p1a: Heatran|Earth Power|p2a: Hattrem
|-damage|p2a: Hattrem|71/100
|move|p2a: Hattrem|Trick Room|p2a: Hattrem
|-fieldstart|move: Trick Room|[of] p2a: Hattrem
|
|upkeep
|turn|2
|
|t:|1758232111
|move|p2a: Hattrem|Healing Wish|p2a: Hattrem
|faint|p2a: Hattrem
|move|p1a: Heatran|Earth Power|p2: Hattrem|[notarget]
|-fail|p1a: Heatran
|
|upkeep
|
|t:|1758232118
|switch|p2a: Ursaluna|Ursaluna, F|100/100
|turn|3
|
|t:|1758232129
|move|p2a: Ursaluna|Swords Dance|p2a: Ursaluna
|-boost|p2a: Ursaluna|atk|2
|move|p1a: Heatran|Stealth Rock|p2a: Ursaluna
|-sidestart|p2: RiaSingh2121|move: Stealth Rock
|
|-status|p2a: Ursaluna|brn|[from] item: Flame Orb
|upkeep
|turn|4
|
|t:|1758232137
|move|p2a: Ursaluna|Drain Punch|p1a: Heatran
|-supereffective|p1a: Heatran
|-damage|p1a: Heatran|0 fnt
|-enditem|p1a: Heatran|Air Balloon
|faint|p1a: Heatran
|
|-damage|p2a: Ursaluna|94/100 brn|[from] brn
|upkeep
|
|t:|1758232154
|switch|p1a: Scizor|Scizor, M|100/100
|turn|5
|
|t:|1758232166
|move|p2a: Ursaluna|Drain Punch|p1a: Scizor
|-damage|p1a: Scizor|0 fnt
|-heal|p2a: Ursaluna|100/100 brn|[from] drain|[of] p1a: Scizor
|faint|p1a: Scizor
|
|-damage|p2a: Ursaluna|94/100 brn|[from] brn
|-fieldend|move: Trick Room
|upkeep
|
|t:|1758232171
|switch|p1a: Dragapult|Dragapult, M|100/100
|turn|6
|
|t:|1758232189
|move|p1a: Dragapult|Dragon Dance|p1a: Dragapult
|-boost|p1a: Dragapult|atk|1
|-boost|p1a: Dragapult|spe|1
|move|p2a: Ursaluna|Earthquake|p1a: Dragapult
|-damage|p1a: Dragapult|0 fnt
|faint|p1a: Dragapult
|
|-damage|p2a: Ursaluna|88/100 brn|[from] brn
|upkeep
|
|t:|1758232199
|switch|p1a: Ninetales|Ninetales-Alola, M|100/100
|-weather|Snowscape|[from] ability: Snow Warning|[of] p1a: Ninetales
|turn|7
|
|t:|1758232204
|switch|p2a: Torkoal|Torkoal, M|100/100
|-weather|SunnyDay|[from] ability: Drought|[of] p2a: Torkoal
|move|p1a: Ninetales|Aurora Veil||[still]
|-fail|p1a: Ninetales
|
|-weather|SunnyDay|[upkeep]
|upkeep
|turn|8
|
|t:|1758232213
|switch|p1a: Garchomp|Garchomp, F|100/100
|move|p2a: Torkoal|Lava Plume|p1a: Garchomp
|-resisted|p1a: Garchomp
|-damage|p1a: Garchomp|74/100
|-status|p1a: Garchomp|brn
|
|-weather|SunnyDay|[upkeep]
|-heal|p1a: Garchomp|80/100 brn|[from] item: Leftovers
|-damage|p1a: Garchomp|74/100 brn|[from] brn
|upkeep
|turn|9
|-message|Reino4eva forfeited.
|
|win|RiaSingh2121
|raw|Reino4eva's rating: 1142 &rarr; <strong>1119</strong><br />(-23 for losing)
|raw|RiaSingh2121's rating: 1176 &rarr; <strong>1199</strong><br />(+23 for winning)
|l|☆Reino4eva
|player|p1|
|l|☆RiaSingh2121
|player|p2|
