|j|☆clail
|j|☆Ctannn
|t:|1758319630
|gametype|singles
|player|p1|clail|170|1765
|player|p2|Ctannn|2|1784
|gen|9
|tier|[Gen 9] OU
|rated|
|rule|HP Percentage Mod: HP is shown in percentages
|rule|Endless Battle Clause: Forcing endless battles is banned
|rule|Species Clause: Limit one of each Pokémon
|rule|OHKO Clause: OHKO moves are banned
|rule|Evasion Items Clause: Evasion items are banned
|rule|Evasion Moves Clause: Evasion moves are banned
|rule|Evasion Abilities Clause: Evasion abilities are banned
|rule|Sleep Moves Clause: Sleep-inducing moves are banned
|clearpoke
|poke|p1|Ribombee, M|
|poke|p1|Ogerpon-Wellspring, F|
|poke|p1|Great Tusk|
|poke|p1|Gholdengo|
|poke|p1|Ceruledge, M|
|poke|p1|Glimmora, M|
|poke|p2|Rillaboom, M|
|poke|p2|Gholdengo|
|poke|p2|Cinderace, F|
|poke|p2|Raging Bolt|
|poke|p2|Slowking-Galar, M|
|poke|p2|Landorus-Therian, M|
|teampreview
|inactive|Battle timer is ON: inactive players will automatically lose when time's up. (requested by Ctannn)
|
|t:|1758319635
|teamsize|p1|6
|teamsize|p2|6
|start
|switch|p1a: Great Tusk|Great Tusk|100/100
|switch|p2a: Gholdengo|Gholdengo|100/100
|turn|1
|
|t:|1758319643
|switch|p2a: Landorus|Landorus-Therian, M|100/100
|-ability|p2a: Landorus|Intimidate|boost
|-unboost|p1a: Great Tusk|atk|1
|move|p1a: Great Tusk|Headlong Rush|p2a: Landorus
|-immune|p2a: Landorus
|
|upkeep
|turn|2
|
|t:|1758319649
|-end|p1a: Great Tusk|Protosynthesis|[silent]
|switch|p1a: Ogerpon|Ogerpon-Wellspring, F|100/100
|switch|p2a: Slowking|Slowking-Galar, M|100/100
|
|upkeep
|turn|3
|
|t:|1758319652
|move|p1a: Ogerpon|U-turn|p2a: Slowking
|-damage|p2a: Slowking|80/100
|-damage|p1a: Ogerpon|84/100|[from] item: Rocky Helmet|[of] p2a: Slowking
|
|t:|1758319653
|switch|p1a: Ceruledge|Ceruledge, M|100/100|[from] U-turn
|-prepare|p2a: Slowking|Chilly Reception|[premajor]
|move|p2a: Slowking|Chilly Reception|p2a: Slowking
|-weather|Snowscape
|
|t:|1758319659
|switch|p2a: Raging Bolt|Raging Bolt|100/100|[from] Chilly Reception
|
|-weather|Snowscape|[upkeep]
|upkeep
|turn|4
|
|t:|1758319662
|move|p1a: Ceruledge|Poltergeist|p2a: Raging Bolt
|-activate|p2a: Raging Bolt|move: Poltergeist|Choice Specs
|-damage|p2a: Raging Bolt|47/100
|move|p2a: Raging Bolt|Volt Switch|p1a: Ceruledge
|-damage|p1a: Ceruledge|32/100
|
|t:|1758319665
|-end|p2a: Raging Bolt|Protosynthesis|[silent]
|switch|p2a: Gholdengo|Gholdengo|100/100|[from] Volt Switch
|
|-weather|Snowscape|[upkeep]
|upkeep
|turn|5
|
|t:|1758319668
|move|p1a: Ceruledge|Shadow Sneak|p2a: Gholdengo
|-supereffective|p2a: Gholdengo
|-damage|p2a: Gholdengo|51/100
|move|p2a: Gholdengo|Shadow Ball|p1a: Ceruledge
|-supereffective|p1a: Ceruledge
|-damage|p1a: Ceruledge|0 fnt
|faint|p1a: Ceruledge
|
|-weather|Snowscape|[upkeep]
|upkeep
|
|t:|1758319672
|switch|p1a: Ogerpon|Ogerpon-Wellspring, F|84/100
|turn|6
|
|t:|1758319679
|switch|p2a: Raging Bolt|Raging Bolt|47/100
|move|p1a: Ogerpon|U-turn|p2a: Raging Bolt
|-damage|p2a: Raging Bolt|20/100
|
|t:|1758319681
|switch|p1a: Ribombee|Ribombee, M|100/100|[from] U-turn
|
|-weather|Snowscape|[upkeep]
|upkeep
|turn|7
|
|t:|1758319688
|-end|p2a: Raging Bolt|Protosynthesis|[silent]
|switch|p2a: Gholdengo|Gholdengo|51/100
|move|p1a: Ribombee|Moonblast|p2a: Gholdengo
|-resisted|p2a: Gholdengo
|-damage|p2a: Gholdengo|27/100
|
|-weather|none
|upkeep
|turn|8
|
|t:|1758319694
|move|p2a: Gholdengo|Shadow Ball|p1a: Ribombee
|-damage|p1a: Ribombee|28/100
|move|p1a: Ribombee|Sticky Web|p2a: Gholdengo
|-sidestart|p2: Ctannn|move: Sticky Web
|
|upkeep
|turn|9
|
|t:|1758319697
|move|p2a: Gholdengo|Shadow Ball|p1a: Ribombee
|-damage|p1a: Ribombee|0 fnt
|faint|p1a: Ribombee
|
|upkeep
|
|t:|1758319701
|switch|p1a: Ogerpon|Ogerpon-Wellspring, F|84/100
|turn|10
|
|t:|1758319709
|move|p2a: Gholdengo|Shadow Ball|p1a: Ogerpon
|-damage|p1a: Ogerpon|32/100
|move|p1a: Ogerpon|Ivy Cudgel|p2a: Gholdengo|[anim] Ivy Cudgel Water
|-damage|p2a: Gholdengo|0 fnt
|faint|p2a: Gholdengo
|
|upkeep
|
|t:|1758319715
|switch|p2a: Cinderace|Cinderace, F|100/100
|turn|11
|l|☆clail
|inactive|clail disconnected and has a minute to reconnect!
|player|p1|
|j|☆clail
|inactive|clail reconnected and has 145 seconds left.
|player|p1|clail|170|
|
|t:|1758319726
|move|p2a: Cinderace|U-turn|p1a: Ogerpon
|-start|p2a: Cinderace|typechange|Bug|[from] ability: Libero
|-supereffective|p1a: Ogerpon
|-damage|p1a: Ogerpon|0 fnt
|faint|p1a: Ogerpon
|
|t:|1758319733
|switch|p2a: Slowking|Slowking-Galar, M|100/100|[from] U-turn
|-activate|p2a: Slowking|move: Sticky Web
|-unboost|p2a: Slowking|spe|1
|
|upkeep
|
|t:|1758319735
|switch|p1a: Gholdengo|Gholdengo|100/100
|-item|p1a: Gholdengo|Air Balloon
|turn|12
|
|t:|1758319742
|move|p1a: Gholdengo|Nasty Plot|p1a: Gholdengo
|-boost|p1a: Gholdengo|spa|2
|-prepare|p2a: Slowking|Chilly Reception|[premajor]
|move|p2a: Slowking|Chilly Reception|p2a: Slowking
|-weather|Snowscape
|
|t:|1758319744
|switch|p2a: Cinderace|Cinderace, F|100/100|[from] Chilly Reception
|
|-weather|Snowscape|[upkeep]
|upkeep
|turn|13
|
|t:|1758319746
|-terastallize|p1a: Gholdengo|Fairy
|move|p2a: Cinderace|U-turn|p1a: Gholdengo
|-start|p2a: Cinderace|typechange|Bug|[from] ability: Libero
|-resisted|p1a: Gholdengo
|-damage|p1a: Gholdengo|80/100
|-enditem|p1a: Gholdengo|Air Balloon
|
|t:|1758319748
|switch|p2a: Raging Bolt|Raging Bolt|20/100|[from] U-turn
|-activate|p2a: Raging Bolt|move: Sticky Web
|-unboost|p2a: Raging Bolt|spe|1
|move|p1a: Gholdengo|Shadow Ball|p2a: Raging Bolt
|-damage|p2a: Raging Bolt|0 fnt
|faint|p2a: Raging Bolt
|-end|p2a: Raging Bolt|Protosynthesis|[silent]
|
|-weather|Snowscape|[upkeep]
|upkeep
|
|t:|1758319761
|switch|p2a: Cinderace|Cinderace, F|100/100
|turn|14
|
|t:|1758319764
|move|p2a: Cinderace|Court Change|p2a: Cinderace
|-start|p2a: Cinderace|typechange|Normal|[from] ability: Libero
|-swapsideconditions
|-activate|p2a: Cinderace|move: Court Change
|move|p1a: Gholdengo|Dazzling Gleam|p2a: Cinderace
|-damage|p2a: Cinderace|0 fnt
|faint|p2a: Cinderace
|
|-weather|Snowscape|[upkeep]
|upkeep
|
|t:|1758319770
|switch|p2a: Rillaboom|Rillaboom, M|100/100
|-fieldstart|move: Grassy Terrain|[from] ability: Grassy Surge|[of] p2a: Rillaboom
|turn|15
|
|t:|1758319773
|-terastallize|p2a: Rillaboom|Grass
|move|p1a: Gholdengo|Dazzling Gleam|p2a: Rillaboom
|-damage|p2a: Rillaboom|0 fnt
|faint|p2a: Rillaboom
|
|-weather|Snowscape|[upkeep]
|-heal|p1a: Gholdengo|87/100|[from] Grassy Terrain
|upkeep
|-message|Ctannn forfeited.
|
|win|clail
|raw|clail's rating: 1765 &rarr; <strong>1786</strong><br />(+21 for winning)
|raw|Ctannn's rating: 1784 &rarr; <strong>1763</strong><br />(-21 for losing)
|l|☆Ctannn
|player|p2|
|l|☆clail
|player|p1|
