|j|☆Waterutalkingabout
|j|☆ok lets go nege
|t:|1758265086
|gametype|singles
|player|p1|Waterutalkingabout|266|1399
|player|p2|ok lets go nege|worker|1414
|gen|9
|tier|[Gen 9] OU
|rated|
|rule|HP Percentage Mod: HP is shown in percentages
|rule|Endless Battle Clause: Forcing endless battles is banned
|rule|Species Clause: Limit one of each Pokémon
|rule|OHKO Clause: OHKO moves are banned
|rule|Evasion Items Clause: Evasion items are banned
|rule|Evasion Moves Clause: Evasion moves are banned
|rule|Evasion Abilities Clause: Evasion abilities are banned
|rule|Sleep Moves Clause: Sleep-inducing moves are banned
|clearpoke
|poke|p1|Deoxys-Speed|
|poke|p1|Grimmsnarl, M|
|poke|p1|Haxorus, F|
|poke|p1|Gardevoir, M|
|poke|p1|Kingambit, F|
|poke|p1|Hawlucha, M|
|poke|p2|Iron Moth|
|poke|p2|Kingambit, F|
|poke|p2|Iron Valiant|
|poke|p2|Ogerpon-Wellspring, F|
|poke|p2|Landorus-Therian, M|
|poke|p2|Raging Bolt|
|teampreview
|inactive|Battle timer is ON: inactive players will automatically lose when time's up. (requested by ok lets go nege)
|
|t:|1758265097
|teamsize|p1|6
|teamsize|p2|6
|start
|switch|p1a: Deoxys|Deoxys-Speed|100/100
|switch|p2a: Emboté|Landorus-Therian, M|100/100
|-ability|p1a: Deoxys|Pressure
|-ability|p2a: Emboté|Intimidate|boost
|-unboost|p1a: Deoxys|atk|1
|turn|1
|
|t:|1758265106
|move|p1a: Deoxys|Taunt|p2a: Emboté
|-start|p2a: Emboté|move: Taunt
|move|p2a: Emboté|U-turn|p1a: Deoxys
|-supereffective|p1a: Deoxys
|-damage|p1a: Deoxys|46/100
|
|t:|1758265114
|switch|p2a: Lamite|Iron Moth, shiny|100/100|[from] U-turn
|-enditem|p2a: Lamite|Booster Energy
|-activate|p2a: Lamite|ability: Quark Drive|[fromitem]
|-start|p2a: Lamite|quarkdrivespe
|
|upkeep
|turn|2
|
|t:|1758265121
|move|p2a: Lamite|Fiery Dance|p1a: Deoxys
|-damage|p1a: Deoxys|0 fnt
|-boost|p2a: Lamite|spa|1
|faint|p1a: Deoxys
|
|upkeep
|
|t:|1758265140
|switch|p1a: Kingambit|Kingambit, F|100/100
|-activate|p1a: Kingambit|ability: Supreme Overlord
|-start|p1a: Kingambit|fallen1|[silent]
|turn|3
|
|t:|1758265145
|-terastallize|p1a: Kingambit|Flying
|move|p2a: Lamite|Toxic Spikes|p1a: Kingambit
|-sidestart|p1: Waterutalkingabout|move: Toxic Spikes
|move|p1a: Kingambit|Kowtow Cleave|p2a: Lamite
|-damage|p2a: Lamite|20/100
|
|upkeep
|turn|4
|
|t:|1758265153
|move|p1a: Kingambit|Sucker Punch||[still]
|-fail|p1a: Kingambit
|move|p2a: Lamite|Toxic Spikes|p1a: Kingambit
|-sidestart|p1: Waterutalkingabout|move: Toxic Spikes
|
|upkeep
|turn|5
|
|t:|1758265158
|move|p1a: Kingambit|Sucker Punch|p2a: Lamite
|-damage|p2a: Lamite|0 fnt
|faint|p2a: Lamite
|-end|p2a: Lamite|Quark Drive|[silent]
|
|upkeep
|
|t:|1758265164
|switch|p2a: SweepIncoming|Raging Bolt|100/100
|-enditem|p2a: SweepIncoming|Booster Energy
|-activate|p2a: SweepIncoming|ability: Protosynthesis|[fromitem]
|-start|p2a: SweepIncoming|protosynthesisspa
|turn|6
|
|t:|1758265169
|-end|p1a: Kingambit|fallen1|[silent]
|switch|p1a: Gardevoir|Gardevoir, M|100/100
|-status|p1a: Gardevoir|tox
|move|p2a: SweepIncoming|Calm Mind|p2a: SweepIncoming
|-boost|p2a: SweepIncoming|spa|1
|-boost|p2a: SweepIncoming|spd|1
|
|-damage|p1a: Gardevoir|94/100 tox|[from] psn
|upkeep
|turn|7
|
|t:|1758265179
|move|p2a: SweepIncoming|Thunderclap||[still]
|-fail|p2a: SweepIncoming
|move|p1a: Gardevoir|Light Screen|p1a: Gardevoir
|-sidestart|p1: Waterutalkingabout|move: Light Screen
|
|-damage|p1a: Gardevoir|82/100 tox|[from] psn
|upkeep
|turn|8
|
|t:|1758265187
|move|p2a: SweepIncoming|Calm Mind|p2a: SweepIncoming
|-boost|p2a: SweepIncoming|spa|1
|-boost|p2a: SweepIncoming|spd|1
|move|p1a: Gardevoir|Moonblast|p2a: SweepIncoming
|-supereffective|p2a: SweepIncoming
|-damage|p2a: SweepIncoming|60/100
|
|-damage|p1a: Gardevoir|63/100 tox|[from] psn
|upkeep
|turn|9
|
|t:|1758265196
|move|p2a: SweepIncoming|Thunderclap|p1a: Gardevoir
|-damage|p1a: Gardevoir|13/100 tox
|move|p1a: Gardevoir|Moonblast|p2a: SweepIncoming
|-supereffective|p2a: SweepIncoming
|-damage|p2a: SweepIncoming|22/100
|
|-damage|p1a: Gardevoir|0 fnt|[from] psn
|faint|p1a: Gardevoir
|upkeep
|
|t:|1758265212
|switch|p1a: Grimmsnarl|Grimmsnarl, M|100/100
|-status|p1a: Grimmsnarl|tox
|turn|10
|
|t:|1758265217
|move|p1a: Grimmsnarl|Sucker Punch|p2a: SweepIncoming
|-damage|p2a: SweepIncoming|0 fnt
|faint|p2a: SweepIncoming
|-end|p2a: SweepIncoming|Protosynthesis|[silent]
|
|-damage|p1a: Grimmsnarl|94/100 tox|[from] psn
|upkeep
|
|t:|1758265225
|switch|p2a: Khalamite|Iron Valiant, shiny|100/100
|-enditem|p2a: Khalamite|Booster Energy
|-activate|p2a: Khalamite|ability: Quark Drive|[fromitem]
|-start|p2a: Khalamite|quarkdrivespe
|turn|11
|
|t:|1758265234
|move|p2a: Khalamite|Moonblast|p1a: Grimmsnarl
|-supereffective|p1a: Grimmsnarl
|-damage|p1a: Grimmsnarl|42/100 tox
|-enditem|p1a: Grimmsnarl|Weakness Policy
|-boost|p1a: Grimmsnarl|atk|2|[from] item: Weakness Policy
|-boost|p1a: Grimmsnarl|spa|2|[from] item: Weakness Policy
|move|p1a: Grimmsnarl|Play Rough|p2a: Khalamite
|-supereffective|p2a: Khalamite
|-damage|p2a: Khalamite|0 fnt
|faint|p2a: Khalamite
|-end|p2a: Khalamite|Quark Drive|[silent]
|
|-damage|p1a: Grimmsnarl|30/100 tox|[from] psn
|upkeep
|
|t:|1758265245
|switch|p2a: Bazouin|Ogerpon-Wellspring, F|100/100
|turn|12
|
|t:|1758265249
|move|p1a: Grimmsnarl|Sucker Punch|p2a: Bazouin
|-damage|p2a: Bazouin|8/100
|move|p2a: Bazouin|Ivy Cudgel|p1a: Grimmsnarl|[anim] Ivy Cudgel Water
|-damage|p1a: Grimmsnarl|0 fnt
|faint|p1a: Grimmsnarl
|
|upkeep
|
|t:|1758265267
|switch|p1a: Kingambit|Kingambit, F, tera:Flying|100/100
|-activate|p1a: Kingambit|ability: Supreme Overlord
|-start|p1a: Kingambit|fallen3|[silent]
|turn|13
|
|t:|1758265277
|move|p1a: Kingambit|Sucker Punch||[still]
|-fail|p1a: Kingambit
|move|p2a: Bazouin|Swords Dance|p2a: Bazouin
|-boost|p2a: Bazouin|atk|2
|
|upkeep
|turn|14
|
|t:|1758265283
|move|p1a: Kingambit|Sucker Punch||[still]
|-fail|p1a: Kingambit
|move|p2a: Bazouin|Swords Dance|p2a: Bazouin
|-boost|p2a: Bazouin|atk|2
|
|-sideend|p1: Waterutalkingabout|move: Light Screen
|upkeep
|turn|15
|
|t:|1758265290
|move|p1a: Kingambit|Sucker Punch|p2a: Bazouin
|-damage|p2a: Bazouin|0 fnt
|faint|p2a: Bazouin
|
|upkeep
|
|t:|1758265293
|switch|p2a: Emboté|Landorus-Therian, M|100/100
|-ability|p2a: Emboté|Intimidate|boost
|-unboost|p1a: Kingambit|atk|1
|turn|16
|
|t:|1758265298
|move|p2a: Emboté|U-turn|p1a: Kingambit
|-resisted|p1a: Kingambit
|-damage|p1a: Kingambit|91/100
|
|t:|1758265301
|switch|p2a: Steph Curry|Kingambit, F, shiny|100/100|[from] U-turn
|-activate|p2a: Steph Curry|ability: Supreme Overlord
|-start|p2a: Steph Curry|fallen4|[silent]
|move|p1a: Kingambit|Swords Dance|p1a: Kingambit
|-boost|p1a: Kingambit|atk|2
|
|-heal|p1a: Kingambit|97/100|[from] item: Leftovers
|upkeep
|turn|17
|
|t:|1758265311
|move|p1a: Kingambit|Iron Head|p2a: Steph Curry
|-resisted|p2a: Steph Curry
|-damage|p2a: Steph Curry|68/100
|move|p2a: Steph Curry|Kowtow Cleave|p1a: Kingambit
|-damage|p1a: Kingambit|35/100
|
|-heal|p1a: Kingambit|41/100|[from] item: Leftovers
|-heal|p2a: Steph Curry|74/100|[from] item: Leftovers
|upkeep
|turn|18
|
|t:|1758265320
|move|p1a: Kingambit|Sucker Punch|p2a: Steph Curry
|-resisted|p2a: Steph Curry
|-damage|p2a: Steph Curry|47/100
|move|p2a: Steph Curry|Kowtow Cleave|p1a: Kingambit
|-damage|p1a: Kingambit|0 fnt
|faint|p1a: Kingambit
|-end|p1a: Kingambit|fallen3|[silent]
|
|-heal|p2a: Steph Curry|53/100|[from] item: Leftovers
|upkeep
|
|t:|1758265336
|switch|p1a: Hawlucha|Hawlucha, M|100/100
|-ability|p1a: Hawlucha|Mold Breaker
|turn|19
|
|t:|1758265341
|-end|p2a: Steph Curry|fallen4|[silent]
|switch|p2a: Emboté|Landorus-Therian, M|100/100
|-ability|p2a: Emboté|Intimidate|boost
|-unboost|p1a: Hawlucha|atk|1
|move|p1a: Hawlucha|Swords Dance|p1a: Hawlucha
|-boost|p1a: Hawlucha|atk|2
|
|upkeep
|turn|20
|
|t:|1758265349
|move|p1a: Hawlucha|Brave Bird|p2a: Emboté
|-damage|p2a: Emboté|21/100
|-damage|p1a: Hawlucha|84/100|[from] item: Rocky Helmet|[of] p2a: Emboté
|-damage|p1a: Hawlucha|50/100|[from] Recoil
|move|p2a: Emboté|Taunt|p1a: Hawlucha
|-start|p1a: Hawlucha|move: Taunt
|
|upkeep
|turn|21
|
|t:|1758265359
|move|p1a: Hawlucha|Brave Bird|p2a: Emboté
|-damage|p2a: Emboté|0 fnt
|-damage|p1a: Hawlucha|34/100|[from] item: Rocky Helmet|[of] p2a: Emboté
|faint|p2a: Emboté
|-damage|p1a: Hawlucha|25/100|[from] Recoil
|
|upkeep
|
|t:|1758265365
|switch|p2a: Steph Curry|Kingambit, F, shiny|53/100
|-activate|p2a: Steph Curry|ability: Supreme Overlord
|-start|p2a: Steph Curry|fallen5|[silent]
|turn|22
|
|t:|1758265371
|-terastallize|p2a: Steph Curry|Ghost
|move|p1a: Hawlucha|Upper Hand||[still]
|-fail|p1a: Hawlucha
|move|p2a: Steph Curry|Swords Dance|p2a: Steph Curry
|-boost|p2a: Steph Curry|atk|2
|
|-heal|p2a: Steph Curry|59/100|[from] item: Leftovers
|upkeep
|turn|23
|
|t:|1758265388
|move|p1a: Hawlucha|Brave Bird|p2a: Steph Curry
|-damage|p2a: Steph Curry|0 fnt
|faint|p2a: Steph Curry
|-end|p2a: Steph Curry|fallen5|[silent]
|-damage|p1a: Hawlucha|0 fnt|[from] Recoil
|faint|p1a: Hawlucha
|
|win|Waterutalkingabout
|raw|Waterutalkingabout's rating: 1399 &rarr; <strong>1420</strong><br />(+21 for winning)
|raw|ok lets go nege's rating: 1414 &rarr; <strong>1393</strong><br />(-21 for losing)
|l|☆ok lets go nege
|player|p2|
