|j|☆Voltage fis
|j|☆TEATRERO MUGROSO
|t:|1758271690
|gametype|singles
|player|p1|Voltage fis|169|1108
|player|p2|TEATRERO MUGROSO|cynthia-gen4|1146
|gen|9
|tier|[Gen 9] OU
|rated|
|rule|HP Percentage Mod: HP is shown in percentages
|rule|Endless Battle Clause: Forcing endless battles is banned
|rule|Species Clause: Limit one of each Pokémon
|rule|OHKO Clause: OHKO moves are banned
|rule|Evasion Items Clause: Evasion items are banned
|rule|Evasion Moves Clause: Evasion moves are banned
|rule|Evasion Abilities Clause: Evasion abilities are banned
|rule|Sleep Moves Clause: Sleep-inducing moves are banned
|clearpoke
|poke|p1|Sandaconda, M|
|poke|p1|Skarmory, M|
|poke|p1|Espeon, F|
|poke|p1|Galvantula, M|
|poke|p1|Toxapex, M|
|poke|p1|Medicham, F|
|poke|p2|Clefable, M|
|poke|p2|Blastoise, M|
|poke|p2|Gengar, F|
|poke|p2|Magneton|
|poke|p2|Dragonite, M|
|poke|p2|Moltres|
|teampreview
|inactive|Battle timer is ON: inactive players will automatically lose when time's up. (requested by TEATRERO MUGROSO)
|
|t:|1758271699
|teamsize|p1|6
|teamsize|p2|6
|start
|switch|p1a: Galvantula|Galvantula, M, shiny|100/100
|switch|p2a: Clefable|Clefable, M|100/100
|turn|1
|
|t:|1758271705
|move|p1a: Galvantula|Sticky Web|p2a: Clefable
|-sidestart|p2: TEATRERO MUGROSO|move: Sticky Web
|move|p2a: Clefable|Stealth Rock|p1a: Galvantula
|-sidestart|p1: Voltage fis|move: Stealth Rock
|
|upkeep
|turn|2
|
|t:|1758271709
|move|p1a: Galvantula|Thunder|p2a: Clefable
|-damage|p2a: Clefable|69/100
|move|p2a: Clefable|Moonblast|p1a: Galvantula
|-damage|p1a: Galvantula|40/100
|-unboost|p1a: Galvantula|spa|1
|
|-heal|p2a: Clefable|75/100|[from] item: Leftovers
|upkeep
|turn|3
|
|t:|1758271717
|move|p1a: Galvantula|Thunder|p2a: Clefable
|-crit|p2a: Clefable
|-damage|p2a: Clefable|29/100
|move|p2a: Clefable|Moonlight|p2a: Clefable
|-heal|p2a: Clefable|79/100
|
|-heal|p2a: Clefable|85/100|[from] item: Leftovers
|upkeep
|turn|4
|
|t:|1758271726
|switch|p1a: Skarmory|Skarmory, M|100/100
|move|p2a: Clefable|Moonblast|p1a: Skarmory
|-resisted|p1a: Skarmory
|-damage|p1a: Skarmory|87/100
|
|-heal|p2a: Clefable|91/100|[from] item: Leftovers
|upkeep
|turn|5
|
|t:|1758271734
|switch|p2a: Magneton|Magneton|100/100
|-activate|p2a: Magneton|move: Sticky Web
|-unboost|p2a: Magneton|spe|1
|move|p1a: Skarmory|Spikes|p2a: Magneton
|-sidestart|p2: TEATRERO MUGROSO|Spikes
|
|upkeep
|turn|6
|
|t:|1758271740
|move|p1a: Skarmory|Spikes|p2a: Magneton
|-sidestart|p2: TEATRERO MUGROSO|Spikes
|move|p2a: Magneton|Volt Switch|p1a: Skarmory
|-supereffective|p1a: Skarmory
|-damage|p1a: Skarmory|0 fnt
|faint|p1a: Skarmory
|
|t:|1758271752
|switch|p2a: Clefable|Clefable, M|91/100|[from] Volt Switch
|-activate|p2a: Clefable|move: Sticky Web
|-unboost|p2a: Clefable|spe|1
|-damage|p2a: Clefable|74/100|[from] Spikes
|
|-heal|p2a: Clefable|80/100|[from] item: Leftovers
|upkeep
|
|t:|1758271761
|switch|p1a: Sandaconda|Sandaconda, M, shiny|100/100
|-damage|p1a: Sandaconda|94/100|[from] Stealth Rock
|turn|7
|
|t:|1758271767
|switch|p2a: Blastoise|Blastoise, M|100/100
|-activate|p2a: Blastoise|move: Sticky Web
|-unboost|p2a: Blastoise|spe|1
|-damage|p2a: Blastoise|84/100|[from] Spikes
|move|p1a: Sandaconda|Coil|p1a: Sandaconda
|-boost|p1a: Sandaconda|atk|1
|-boost|p1a: Sandaconda|def|1
|-boost|p1a: Sandaconda|accuracy|1
|
|-heal|p2a: Blastoise|90/100|[from] item: Leftovers
|upkeep
|turn|8
|
|t:|1758271782
|move|p1a: Sandaconda|Scale Shot|p2a: Blastoise
|-damage|p2a: Blastoise|81/100
|-damage|p2a: Blastoise|72/100
|-damage|p2a: Blastoise|63/100
|-damage|p2a: Blastoise|55/100
|-damage|p2a: Blastoise|46/100
|-hitcount|p2a: Blastoise|5
|-unboost|p1a: Sandaconda|def|1
|-boost|p1a: Sandaconda|spe|1
|move|p2a: Blastoise|Rapid Spin|p1a: Sandaconda
|-damage|p1a: Sandaconda|87/100
|-boost|p2a: Blastoise|spe|1
|-sideend|p2: TEATRERO MUGROSO|Spikes|[from] move: Rapid Spin|[of] p2a: Blastoise
|-sideend|p2: TEATRERO MUGROSO|Sticky Web|[from] move: Rapid Spin|[of] p2a: Blastoise
|
|-heal|p2a: Blastoise|53/100|[from] item: Leftovers
|upkeep
|turn|9
|
|t:|1758271801
|move|p1a: Sandaconda|Earthquake|p2a: Blastoise
|-damage|p2a: Blastoise|6/100
|move|p2a: Blastoise|Flip Turn|p1a: Sandaconda
|-supereffective|p1a: Sandaconda
|-damage|p1a: Sandaconda|40/100
|
|t:|1758271806
|switch|p2a: Moltres|Moltres|100/100|[from] Flip Turn
|
|upkeep
|turn|10
|
|t:|1758271811
|move|p2a: Moltres|Air Slash|p1a: Sandaconda
|-damage|p1a: Sandaconda|0 fnt
|faint|p1a: Sandaconda
|
|upkeep
|
|t:|1758271816
|switch|p1a: Galvantula|Galvantula, M, shiny|40/100
|-damage|p1a: Galvantula|15/100|[from] Stealth Rock
|turn|11
|
|t:|1758271819
|move|p1a: Galvantula|Thunder|p2a: Moltres
|-supereffective|p2a: Moltres
|-damage|p2a: Moltres|0 fnt
|faint|p2a: Moltres
|
|upkeep
|
|t:|1758271825
|switch|p2a: Dragonite|Dragonite, M|100/100
|turn|12
|
|t:|1758271831
|move|p2a: Dragonite|Extreme Speed|p1a: Galvantula
|-damage|p1a: Galvantula|0 fnt
|faint|p1a: Galvantula
|
|upkeep
|
|t:|1758271839
|switch|p1a: Toxapex|Toxapex, M, shiny|100/100
|-damage|p1a: Toxapex|88/100|[from] Stealth Rock
|turn|13
|
|t:|1758271846
|switch|p2a: Blastoise|Blastoise, M|6/100
|move|p1a: Toxapex|Chilling Water|p2a: Blastoise
|-resisted|p2a: Blastoise
|-crit|p2a: Blastoise
|-damage|p2a: Blastoise|0 fnt
|faint|p2a: Blastoise
|
|-heal|p1a: Toxapex|94/100|[from] item: Leftovers
|upkeep
|
|t:|1758271859
|switch|p2a: Magneton|Magneton|100/100
|turn|14
|
|t:|1758271866
|switch|p1a: Medicham|Medicham, F|100/100
|-damage|p1a: Medicham|94/100|[from] Stealth Rock
|move|p2a: Magneton|Thunderbolt|p1a: Medicham
|-damage|p1a: Medicham|24/100
|-status|p1a: Medicham|par
|
|upkeep
|turn|15
|c|☆TEATRERO MUGROSO|gg
|
|t:|1758271873
|move|p2a: Magneton|Thunderbolt|p1a: Medicham
|-damage|p1a: Medicham|0 fnt
|faint|p1a: Medicham
|
|upkeep
|
|t:|1758271877
|switch|p1a: Espeon|Espeon, F|100/100
|-damage|p1a: Espeon|88/100|[from] Stealth Rock
|turn|16
|
|t:|1758271881
|-terastallize|p1a: Espeon|Fairy
|move|p1a: Espeon|Calm Mind|p1a: Espeon
|-boost|p1a: Espeon|spa|1
|-boost|p1a: Espeon|spd|1
|move|p2a: Magneton|Thunderbolt|p1a: Espeon
|-damage|p1a: Espeon|29/100
|-enditem|p1a: Espeon|Sitrus Berry|[eat]
|-heal|p1a: Espeon|53/100|[from] item: Sitrus Berry
|
|upkeep
|turn|17
|
|t:|1758271893
|switch|p2a: Clefable|Clefable, M|80/100
|move|p1a: Espeon|Calm Mind|p1a: Espeon
|-boost|p1a: Espeon|spa|1
|-boost|p1a: Espeon|spd|1
|
|-heal|p2a: Clefable|87/100|[from] item: Leftovers
|upkeep
|turn|18
|
|t:|1758271900
|move|p1a: Espeon|Shadow Ball|p2a: Clefable
|-damage|p2a: Clefable|68/100
|-unboost|p2a: Clefable|spd|1
|move|p2a: Clefable|Thunder Wave|p1a: Espeon
|move|p1a: Espeon|Thunder Wave|p2a: Clefable|[from] ability: Magic Bounce
|-status|p2a: Clefable|par
|
|-heal|p2a: Clefable|74/100 par|[from] item: Leftovers
|upkeep
|turn|19
|c|☆TEATRERO MUGROSO|i win
|
|t:|1758271912
|move|p1a: Espeon|Alluring Voice|p2a: Clefable
|-damage|p2a: Clefable|32/100 par
|move|p2a: Clefable|Moonblast|p1a: Espeon
|-damage|p1a: Espeon|11/100
|
|-heal|p2a: Clefable|38/100 par|[from] item: Leftovers
|upkeep
|turn|20
|
|t:|1758271919
|move|p1a: Espeon|Alluring Voice|p2a: Clefable
|-damage|p2a: Clefable|0 fnt
|faint|p2a: Clefable
|
|upkeep
|
|t:|1758271924
|switch|p2a: Gengar|Gengar, F|100/100
|turn|21
|
|t:|1758271934
|move|p1a: Espeon|Shadow Ball|p2a: Gengar
|-supereffective|p2a: Gengar
|-enditem|p2a: Gengar|Focus Sash
|-damage|p2a: Gengar|1/100
|move|p2a: Gengar|Sludge Wave|p1a: Espeon
|-supereffective|p1a: Espeon
|-damage|p1a: Espeon|0 fnt
|faint|p1a: Espeon
|
|upkeep
|
|t:|1758271941
|switch|p1a: Toxapex|Toxapex, M, shiny|100/100
|-damage|p1a: Toxapex|88/100|[from] Stealth Rock
|turn|22
|c|☆TEATRERO MUGROSO|gg
|
|t:|1758271945
|move|p2a: Gengar|Destiny Bond|p2a: Gengar
|-singlemove|p2a: Gengar|Destiny Bond
|move|p1a: Toxapex|Chilling Water|p2a: Gengar
|-damage|p2a: Gengar|0 fnt
|faint|p2a: Gengar
|-activate|p2a: Gengar|move: Destiny Bond
|faint|p1a: Toxapex
|
|win|TEATRERO MUGROSO
|raw|Voltage fis's rating: 1108 &rarr; <strong>1086</strong><br />(-22 for losing)
|raw|TEATRERO MUGROSO's rating: 1146 &rarr; <strong>1168</strong><br />(+22 for winning)
|l|☆Voltage fis
|player|p1|
|l|☆TEATRERO MUGROSO
|player|p2|
