|j|☆shifei
|j|☆Raerr
|t:|1758285534
|gametype|singles
|player|p1|shifei|miku-flying|1119
|player|p2|Raerr|170|1092
|gen|9
|tier|[Gen 9] OU
|rated|
|rule|HP Percentage Mod: HP is shown in percentages
|rule|Endless Battle Clause: Forcing endless battles is banned
|rule|Species Clause: Limit one of each Pokémon
|rule|OHKO Clause: OHKO moves are banned
|rule|Evasion Items Clause: Evasion items are banned
|rule|Evasion Moves Clause: Evasion moves are banned
|rule|Evasion Abilities Clause: Evasion abilities are banned
|rule|Sleep Moves Clause: Sleep-inducing moves are banned
|clearpoke
|poke|p1|Amoonguss, M|
|poke|p1|Toxapex, F|
|poke|p1|Corviknight, F|
|poke|p1|Dondozo, M|
|poke|p1|Blissey, F|
|poke|p1|Gliscor, M|
|poke|p2|Sylveon, M|
|poke|p2|Umbreon, F|
|poke|p2|Flareon, M|
|poke|p2|Jolteon, F|
|poke|p2|Espeon, M|
|poke|p2|Vaporeon, F|
|teampreview
|
|t:|1758285546
|teamsize|p1|6
|teamsize|p2|6
|start
|switch|p1a: Gliscor|Gliscor, M|100/100
|switch|p2a: Espeon|Espeon, M, shiny|100/100
|turn|1
|
|t:|1758285560
|move|p2a: Espeon|Psychic|p1a: Gliscor
|-damage|p1a: Gliscor|29/100
|move|p1a: Gliscor|Knock Off|p2a: Espeon
|-supereffective|p2a: Espeon
|-damage|p2a: Espeon|16/100
|-enditem|p2a: Espeon|Choice Specs|[from] move: Knock Off|[of] p1a: Gliscor
|
|-status|p1a: Gliscor|tox|[from] item: Toxic Orb
|upkeep
|turn|2
|
|t:|1758285576
|move|p1a: Gliscor|Protect|p1a: Gliscor
|-singleturn|p1a: Gliscor|Protect
|move|p2a: Espeon|Psychic|p1a: Gliscor
|-activate|p1a: Gliscor|move: Protect
|
|-heal|p1a: Gliscor|42/100 tox|[from] ability: Poison Heal
|upkeep
|turn|3
|
|t:|1758285591
|switch|p1a: Blissey|Blissey, F|100/100
|move|p2a: Espeon|Psychic|p1a: Blissey
|-damage|p1a: Blissey|84/100
|
|upkeep
|turn|4
|
|t:|1758285602
|switch|p2a: Flareon|Flareon, M, shiny|100/100
|move|p1a: Blissey|Seismic Toss|p2a: Flareon
|-damage|p2a: Flareon|67/100
|
|-status|p2a: Flareon|tox|[from] item: Toxic Orb
|upkeep
|turn|5
|
|t:|1758285614
|switch|p1a: Dondozo|Dondozo, M|100/100
|move|p2a: Flareon|Facade|p1a: Dondozo
|-damage|p1a: Dondozo|67/100
|
|-damage|p2a: Flareon|61/100 tox|[from] psn
|upkeep
|turn|6
|
|t:|1758285634
|switch|p2a: Vaporeon|Vaporeon, F, shiny|100/100
|move|p1a: Dondozo|Waterfall|p2a: Vaporeon
|-immune|p2a: Vaporeon|[from] ability: Water Absorb
|
|upkeep
|turn|7
|
|t:|1758285642
|switch|p1a: Toxapex|Toxapex, F|100/100
|move|p2a: Vaporeon|Shadow Ball|p1a: Toxapex
|-damage|p1a: Toxapex|88/100
|
|upkeep
|turn|8
|
|t:|1758285666
|switch|p2a: Espeon|Espeon, M, shiny|16/100
|move|p1a: Toxapex|Toxic|p2a: Espeon
|move|p2a: Espeon|Toxic|p1a: Toxapex|[from] ability: Magic Bounce
|-immune|p1a: Toxapex
|
|upkeep
|turn|9
|
|t:|1758285675
|move|p1a: Toxapex|Baneful Bunker|p1a: Toxapex
|-singleturn|p1a: Toxapex|move: Protect
|move|p2a: Espeon|Psychic|p1a: Toxapex
|-activate|p1a: Toxapex|move: Protect
|
|upkeep
|turn|10
|
|t:|1758285682
|switch|p1a: Blissey|Blissey, F|84/100
|move|p2a: Espeon|Psychic|p1a: Blissey
|-damage|p1a: Blissey|69/100
|
|upkeep
|turn|11
|
|t:|1758285707
|switch|p2a: Umbreon|Umbreon, F, shiny|100/100
|move|p1a: Blissey|Seismic Toss|p2a: Umbreon
|-damage|p2a: Umbreon|75/100
|
|-heal|p2a: Umbreon|81/100|[from] item: Leftovers
|upkeep
|turn|12
|
|t:|1758285717
|move|p2a: Umbreon|Light Screen|p2a: Umbreon
|-sidestart|p2: Raerr|move: Light Screen
|move|p1a: Blissey|Stealth Rock|p2a: Umbreon
|-sidestart|p2: Raerr|move: Stealth Rock
|
|-heal|p2a: Umbreon|87/100|[from] item: Leftovers
|upkeep
|turn|13
|
|t:|1758285725
|move|p2a: Umbreon|Toxic|p1a: Blissey
|-status|p1a: Blissey|tox
|move|p1a: Blissey|Seismic Toss|p2a: Umbreon
|-damage|p2a: Umbreon|62/100
|
|-heal|p2a: Umbreon|68/100|[from] item: Leftovers
|-damage|p1a: Blissey|62/100 tox|[from] psn
|upkeep
|turn|14
|
|t:|1758285739
|switch|p2a: Sylveon|Sylveon, M, shiny|100/100
|-damage|p2a: Sylveon|88/100|[from] Stealth Rock
|-curestatus|p1a: Blissey|tox|[from] ability: Natural Cure
|switch|p1a: Toxapex|Toxapex, F|100/100
|
|-heal|p2a: Sylveon|94/100|[from] item: Leftovers
|upkeep
|turn|15
|
|t:|1758285751
|move|p2a: Sylveon|Protect|p2a: Sylveon
|-singleturn|p2a: Sylveon|Protect
|move|p1a: Toxapex|Toxic|p2a: Sylveon
|-activate|p2a: Sylveon|move: Protect
|
|-heal|p2a: Sylveon|99/100|[from] item: Leftovers
|upkeep
|turn|16
|
|t:|1758285780
|switch|p2a: Espeon|Espeon, M, shiny|16/100
|-damage|p2a: Espeon|3/100|[from] Stealth Rock
|move|p1a: Toxapex|Toxic|p2a: Espeon
|move|p2a: Espeon|Toxic|p1a: Toxapex|[from] ability: Magic Bounce
|-immune|p1a: Toxapex
|
|-sideend|p2: Raerr|move: Light Screen
|upkeep
|turn|17
|
|t:|1758285793
|switch|p1a: Blissey|Blissey, F|62/100
|move|p2a: Espeon|Trick|p1a: Blissey
|-activate|p2a: Espeon|move: Trick|[of] p1a: Blissey
|-enditem|p1a: Blissey|Heavy-Duty Boots|[silent]|[from] move: Trick
|-item|p2a: Espeon|Heavy-Duty Boots|[from] move: Trick
|
|upkeep
|turn|18
|
|t:|1758285807
|switch|p2a: Flareon|Flareon, M, shiny|61/100 tox
|-damage|p2a: Flareon|36/100 tox|[from] Stealth Rock
|move|p1a: Blissey|Seismic Toss|p2a: Flareon
|-damage|p2a: Flareon|3/100 tox
|
|-damage|p2a: Flareon|0 fnt|[from] psn
|faint|p2a: Flareon
|upkeep
|
|t:|1758285822
|switch|p2a: Jolteon|Jolteon, F, shiny|100/100
|-damage|p2a: Jolteon|88/100|[from] Stealth Rock
|-item|p2a: Jolteon|Air Balloon
|turn|19
|
|t:|1758285832
|switch|p1a: Gliscor|Gliscor, M|42/100 tox
|move|p2a: Jolteon|Thunderbolt|p1a: Gliscor
|-immune|p1a: Gliscor
|
|-heal|p1a: Gliscor|54/100 tox|[from] ability: Poison Heal
|upkeep
|turn|20
|
|t:|1758285843
|switch|p2a: Vaporeon|Vaporeon, F, shiny|100/100
|-damage|p2a: Vaporeon|88/100|[from] Stealth Rock
|move|p1a: Gliscor|Spikes|p2a: Vaporeon
|-sidestart|p2: Raerr|Spikes
|
|-heal|p1a: Gliscor|67/100 tox|[from] ability: Poison Heal
|upkeep
|turn|21
|
|t:|1758285853
|move|p1a: Gliscor|Protect|p1a: Gliscor
|-singleturn|p1a: Gliscor|Protect
|move|p2a: Vaporeon|Icy Wind|p1a: Gliscor
|-activate|p1a: Gliscor|move: Protect
|
|-heal|p1a: Gliscor|79/100 tox|[from] ability: Poison Heal
|upkeep
|turn|22
|
|t:|1758285867
|switch|p1a: Toxapex|Toxapex, F|100/100
|move|p2a: Vaporeon|Icy Wind|p1a: Toxapex
|-resisted|p1a: Toxapex
|-damage|p1a: Toxapex|96/100
|-unboost|p1a: Toxapex|spe|1
|
|upkeep
|turn|23
|
|t:|1758285876
|switch|p2a: Espeon|Espeon, M, shiny|3/100
|move|p1a: Toxapex|Toxic|p2a: Espeon
|move|p2a: Espeon|Toxic|p1a: Toxapex|[from] ability: Magic Bounce
|-immune|p1a: Toxapex
|
|upkeep
|turn|24
|
|t:|1758285886
|switch|p1a: Blissey|Blissey, F|62/100
|move|p2a: Espeon|Psychic|p1a: Blissey
|-damage|p1a: Blissey|48/100
|
|upkeep
|turn|25
|
|t:|1758285907
|switch|p2a: Jolteon|Jolteon, F, shiny|88/100
|-damage|p2a: Jolteon|76/100|[from] Stealth Rock
|-item|p2a: Jolteon|Air Balloon
|move|p1a: Blissey|Soft-Boiled|p1a: Blissey
|-heal|p1a: Blissey|98/100
|
|upkeep
|turn|26
|
|t:|1758285920
|switch|p1a: Gliscor|Gliscor, M|79/100 tox
|move|p2a: Jolteon|Shadow Ball|p1a: Gliscor
|-damage|p1a: Gliscor|57/100 tox
|
|-heal|p1a: Gliscor|69/100 tox|[from] ability: Poison Heal
|upkeep
|turn|27
|
|t:|1758285929
|switch|p2a: Vaporeon|Vaporeon, F, shiny|88/100
|-damage|p2a: Vaporeon|76/100|[from] Stealth Rock
|-damage|p2a: Vaporeon|63/100|[from] Spikes
|move|p1a: Gliscor|Spikes|p2a: Vaporeon
|-sidestart|p2: Raerr|Spikes
|
|-heal|p1a: Gliscor|82/100 tox|[from] ability: Poison Heal
|upkeep
|turn|28
|
|t:|1758285941
|move|p1a: Gliscor|Protect|p1a: Gliscor
|-singleturn|p1a: Gliscor|Protect
|move|p2a: Vaporeon|Ice Beam|p1a: Gliscor
|-activate|p1a: Gliscor|move: Protect
|
|-heal|p1a: Gliscor|94/100 tox|[from] ability: Poison Heal
|upkeep
|turn|29
|
|t:|1758285955
|switch|p1a: Blissey|Blissey, F|98/100
|move|p2a: Vaporeon|Ice Beam|p1a: Blissey
|-damage|p1a: Blissey|91/100
|
|upkeep
|turn|30
|
|t:|1758285961
|move|p2a: Vaporeon|Scald|p1a: Blissey
|-damage|p1a: Blissey|81/100
|-status|p1a: Blissey|brn
|move|p1a: Blissey|Seismic Toss|p2a: Vaporeon
|-damage|p2a: Vaporeon|38/100
|
|-damage|p1a: Blissey|75/100 brn|[from] brn
|upkeep
|turn|31
|
|t:|1758285973
|move|p2a: Vaporeon|Scald|p1a: Blissey
|-damage|p1a: Blissey|66/100 brn
|move|p1a: Blissey|Seismic Toss|p2a: Vaporeon
|-damage|p2a: Vaporeon|13/100
|
|-damage|p1a: Blissey|60/100 brn|[from] brn
|upkeep
|turn|32
|
|t:|1758285983
|switch|p2a: Jolteon|Jolteon, F, shiny|76/100
|-damage|p2a: Jolteon|63/100|[from] Stealth Rock
|-item|p2a: Jolteon|Air Balloon
|move|p1a: Blissey|Seismic Toss|p2a: Jolteon
|-damage|p2a: Jolteon|28/100
|-enditem|p2a: Jolteon|Air Balloon
|
|-damage|p1a: Blissey|54/100 brn|[from] brn
|upkeep
|turn|33
|
|t:|1758285999
|move|p2a: Jolteon|Volt Switch|p1a: Blissey
|-damage|p1a: Blissey|45/100 brn
|
|t:|1758286009
|switch|p2a: Sylveon|Sylveon, M, shiny|99/100|[from] Volt Switch
|-damage|p2a: Sylveon|88/100|[from] Stealth Rock
|-damage|p2a: Sylveon|71/100|[from] Spikes
|move|p1a: Blissey|Soft-Boiled|p1a: Blissey
|-heal|p1a: Blissey|95/100 brn
|
|-heal|p2a: Sylveon|77/100|[from] item: Leftovers
|-damage|p1a: Blissey|88/100 brn|[from] brn
|upkeep
|turn|34
|
|t:|1758286020
|move|p2a: Sylveon|Wish|p2a: Sylveon
|move|p1a: Blissey|Seismic Toss|p2a: Sylveon
|-damage|p2a: Sylveon|52/100
|
|-heal|p2a: Sylveon|58/100|[from] item: Leftovers
|-damage|p1a: Blissey|82/100 brn|[from] brn
|upkeep
|turn|35
|
|t:|1758286032
|move|p2a: Sylveon|Protect|p2a: Sylveon
|-singleturn|p2a: Sylveon|Protect
|move|p1a: Blissey|Calm Mind|p1a: Blissey
|-boost|p1a: Blissey|spa|1
|-boost|p1a: Blissey|spd|1
|
|-heal|p2a: Sylveon|100/100|[from] move: Wish|[wisher] Sylveon
|-damage|p1a: Blissey|76/100 brn|[from] brn
|upkeep
|turn|36
|
|t:|1758286043
|-curestatus|p1a: Blissey|brn|[from] ability: Natural Cure
|switch|p1a: Toxapex|Toxapex, F|100/100
|move|p2a: Sylveon|Wish|p2a: Sylveon
|
|upkeep
|turn|37
|
|t:|1758286059
|switch|p2a: Espeon|Espeon, M, shiny|3/100
|move|p1a: Toxapex|Haze|p1a: Toxapex
|-clearallboost
|
|-heal|p2a: Espeon|76/100|[from] move: Wish|[wisher] Sylveon
|upkeep
|turn|38
|
|t:|1758286079
|switch|p2a: Sylveon|Sylveon, M, shiny|100/100
|-damage|p2a: Sylveon|88/100|[from] Stealth Rock
|-damage|p2a: Sylveon|72/100|[from] Spikes
|switch|p1a: Blissey|Blissey, F|76/100
|
|-heal|p2a: Sylveon|78/100|[from] item: Leftovers
|upkeep
|turn|39
|
|t:|1758286091
|switch|p1a: Toxapex|Toxapex, F|100/100
|move|p2a: Sylveon|Wish|p2a: Sylveon
|
|-heal|p2a: Sylveon|84/100|[from] item: Leftovers
|upkeep
|turn|40
|
|t:|1758286103
|switch|p2a: Espeon|Espeon, M, shiny|76/100
|move|p1a: Toxapex|Toxic|p2a: Espeon
|move|p2a: Espeon|Toxic|p1a: Toxapex|[from] ability: Magic Bounce
|-immune|p1a: Toxapex
|
|-heal|p2a: Espeon|100/100|[from] move: Wish|[wisher] Sylveon
|upkeep
|turn|41
|
|t:|1758286124
|switch|p1a: Corviknight|Corviknight, F|100/100
|-ability|p1a: Corviknight|Pressure
|move|p2a: Espeon|Psychic|p1a: Corviknight
|-resisted|p1a: Corviknight
|-damage|p1a: Corviknight|73/100
|-unboost|p1a: Corviknight|spd|1
|
|upkeep
|turn|42
|
|t:|1758286160
|switch|p1a: Dondozo|Dondozo, M|67/100
|move|p2a: Espeon|Psychic|p1a: Dondozo
|-damage|p1a: Dondozo|19/100
|
|upkeep
|turn|43
|
|t:|1758286169
|switch|p1a: Blissey|Blissey, F|76/100
|move|p2a: Espeon|Psychic|p1a: Blissey
|-damage|p1a: Blissey|60/100
|
|upkeep
|turn|44
|
|t:|1758286189
|move|p2a: Espeon|Psychic|p1a: Blissey
|-damage|p1a: Blissey|44/100
|move|p1a: Blissey|Soft-Boiled|p1a: Blissey
|-heal|p1a: Blissey|94/100
|
|upkeep
|turn|45
|
|t:|1758286201
|switch|p2a: Umbreon|Umbreon, F, shiny|68/100
|-damage|p2a: Umbreon|56/100|[from] Stealth Rock
|-damage|p2a: Umbreon|39/100|[from] Spikes
|move|p1a: Blissey|Seismic Toss|p2a: Umbreon
|-damage|p2a: Umbreon|14/100
|
|-heal|p2a: Umbreon|20/100|[from] item: Leftovers
|upkeep
|turn|46
|
|t:|1758286213
|move|p2a: Umbreon|Protect|p2a: Umbreon
|-singleturn|p2a: Umbreon|Protect
|move|p1a: Blissey|Seismic Toss|p2a: Umbreon
|-activate|p2a: Umbreon|move: Protect
|
|-heal|p2a: Umbreon|26/100|[from] item: Leftovers
|upkeep
|turn|47
|
|t:|1758286241
|move|p2a: Umbreon|Toxic|p1a: Blissey
|-status|p1a: Blissey|tox
|move|p1a: Blissey|Seismic Toss|p2a: Umbreon
|-damage|p2a: Umbreon|0 fnt
|faint|p2a: Umbreon
|
|-damage|p1a: Blissey|88/100 tox|[from] psn
|upkeep
|
|t:|1758286250
|switch|p2a: Espeon|Espeon, M, shiny|100/100
|turn|48
|
|t:|1758286256
|-curestatus|p1a: Blissey|tox|[from] ability: Natural Cure
|switch|p1a: Corviknight|Corviknight, F|73/100
|-ability|p1a: Corviknight|Pressure
|move|p2a: Espeon|Psychic|p1a: Corviknight
|-resisted|p1a: Corviknight
|-damage|p1a: Corviknight|46/100
|
|upkeep
|turn|49
|
|t:|1758286265
|move|p2a: Espeon|Psychic|p1a: Corviknight
|-resisted|p1a: Corviknight
|-damage|p1a: Corviknight|16/100
|move|p1a: Corviknight|Roost|p1a: Corviknight
|-heal|p1a: Corviknight|66/100
|-singleturn|p1a: Corviknight|move: Roost
|
|upkeep
|turn|50
|
|t:|1758286273
|move|p2a: Espeon|Psychic|p1a: Corviknight
|-resisted|p1a: Corviknight
|-damage|p1a: Corviknight|36/100
|-unboost|p1a: Corviknight|spd|1
|move|p1a: Corviknight|Roost|p1a: Corviknight
|-heal|p1a: Corviknight|86/100
|-singleturn|p1a: Corviknight|move: Roost
|
|upkeep
|turn|51
|
|t:|1758286286
|switch|p2a: Jolteon|Jolteon, F, shiny|28/100
|-damage|p2a: Jolteon|15/100|[from] Stealth Rock
|-damage|p2a: Jolteon|0 fnt|[from] Spikes
|faint|p2a: Jolteon
|switch|p1a: Blissey|Blissey, F|88/100
|
|upkeep
|
|t:|1758286297
|switch|p2a: Espeon|Espeon, M, shiny|100/100
|turn|52
|
|t:|1758286301
|-terastallize|p2a: Espeon|Fairy
|move|p2a: Espeon|Alluring Voice|p1a: Blissey
|-damage|p1a: Blissey|75/100
|move|p1a: Blissey|Seismic Toss|p2a: Espeon
|-damage|p2a: Espeon|64/100
|
|upkeep
|turn|53
|
|t:|1758286308
|move|p2a: Espeon|Alluring Voice|p1a: Blissey
|-damage|p1a: Blissey|60/100
|move|p1a: Blissey|Seismic Toss|p2a: Espeon
|-damage|p2a: Espeon|27/100
|
|upkeep
|turn|54
|
|t:|1758286314
|move|p2a: Espeon|Alluring Voice|p1a: Blissey
|-damage|p1a: Blissey|45/100
|move|p1a: Blissey|Seismic Toss|p2a: Espeon
|-damage|p2a: Espeon|0 fnt
|faint|p2a: Espeon
|
|upkeep
|
|t:|1758286316
|switch|p2a: Sylveon|Sylveon, M, shiny|84/100
|-damage|p2a: Sylveon|71/100|[from] Stealth Rock
|-damage|p2a: Sylveon|55/100|[from] Spikes
|turn|55
|
|t:|1758286324
|move|p2a: Sylveon|Hyper Voice|p1a: Blissey
|-damage|p1a: Blissey|32/100
|move|p1a: Blissey|Soft-Boiled|p1a: Blissey
|-heal|p1a: Blissey|82/100
|
|-heal|p2a: Sylveon|61/100|[from] item: Leftovers
|upkeep
|turn|56
|
|t:|1758286337
|move|p2a: Sylveon|Hyper Voice|p1a: Blissey
|-damage|p1a: Blissey|69/100
|move|p1a: Blissey|Calm Mind|p1a: Blissey
|-boost|p1a: Blissey|spa|1
|-boost|p1a: Blissey|spd|1
|
|-heal|p2a: Sylveon|67/100|[from] item: Leftovers
|upkeep
|turn|57
|
|t:|1758286346
|move|p2a: Sylveon|Wish|p2a: Sylveon
|move|p1a: Blissey|Calm Mind|p1a: Blissey
|-boost|p1a: Blissey|spa|1
|-boost|p1a: Blissey|spd|1
|
|-heal|p2a: Sylveon|73/100|[from] item: Leftovers
|upkeep
|turn|58
|
|t:|1758286353
|move|p2a: Sylveon|Hyper Voice|p1a: Blissey
|-damage|p1a: Blissey|63/100
|move|p1a: Blissey|Calm Mind|p1a: Blissey
|-boost|p1a: Blissey|spa|1
|-boost|p1a: Blissey|spd|1
|
|-heal|p2a: Sylveon|100/100|[from] move: Wish|[wisher] Sylveon
|upkeep
|turn|59
|
|t:|1758286360
|move|p2a: Sylveon|Hyper Voice|p1a: Blissey
|-damage|p1a: Blissey|58/100
|move|p1a: Blissey|Calm Mind|p1a: Blissey
|-boost|p1a: Blissey|spa|1
|-boost|p1a: Blissey|spd|1
|
|upkeep
|turn|60
|
|t:|1758286366
|move|p2a: Sylveon|Hyper Voice|p1a: Blissey
|-damage|p1a: Blissey|53/100
|move|p1a: Blissey|Calm Mind|p1a: Blissey
|-boost|p1a: Blissey|spa|1
|-boost|p1a: Blissey|spd|1
|
|upkeep
|turn|61
|
|t:|1758286372
|move|p2a: Sylveon|Hyper Voice|p1a: Blissey
|-damage|p1a: Blissey|50/100
|move|p1a: Blissey|Soft-Boiled|p1a: Blissey
|-heal|p1a: Blissey|99/100
|
|upkeep
|turn|62
|
|t:|1758286380
|move|p2a: Sylveon|Wish|p2a: Sylveon
|move|p1a: Blissey|Calm Mind|p1a: Blissey
|-boost|p1a: Blissey|spa|1
|-boost|p1a: Blissey|spd|1
|
|upkeep
|turn|63
|
|t:|1758286385
|switch|p2a: Vaporeon|Vaporeon, F, shiny|13/100
|-damage|p2a: Vaporeon|1/100|[from] Stealth Rock
|-damage|p2a: Vaporeon|0 fnt|[from] Spikes
|faint|p2a: Vaporeon
|move|p1a: Blissey|Seismic Toss|p2: Vaporeon|[notarget]
|-fail|p1a: Blissey
|
|upkeep
|
|t:|1758286390
|switch|p2a: Sylveon|Sylveon, M, shiny|100/100
|-damage|p2a: Sylveon|88/100|[from] Stealth Rock
|-damage|p2a: Sylveon|72/100|[from] Spikes
|turn|64
|
|t:|1758286396
|move|p2a: Sylveon|Hyper Voice|p1a: Blissey
|-damage|p1a: Blissey|97/100
|move|p1a: Blissey|Seismic Toss|p2a: Sylveon
|-damage|p2a: Sylveon|46/100
|
|-heal|p2a: Sylveon|52/100|[from] item: Leftovers
|upkeep
|turn|65
|
|t:|1758286405
|move|p2a: Sylveon|Wish|p2a: Sylveon
|move|p1a: Blissey|Seismic Toss|p2a: Sylveon
|-damage|p2a: Sylveon|27/100
|
|-heal|p2a: Sylveon|33/100|[from] item: Leftovers
|upkeep
|turn|66
|
|t:|1758286412
|move|p2a: Sylveon|Protect|p2a: Sylveon
|-singleturn|p2a: Sylveon|Protect
|move|p1a: Blissey|Calm Mind|p1a: Blissey
|-boost|p1a: Blissey|spa|0
|-boost|p1a: Blissey|spd|0
|
|-heal|p2a: Sylveon|83/100|[from] move: Wish|[wisher] Sylveon
|-heal|p2a: Sylveon|89/100|[from] item: Leftovers
|upkeep
|turn|67
|
|t:|1758286422
|move|p2a: Sylveon|Hyper Voice|p1a: Blissey
|-damage|p1a: Blissey|94/100
|move|p1a: Blissey|Calm Mind|p1a: Blissey
|-boost|p1a: Blissey|spa|0
|-boost|p1a: Blissey|spd|0
|
|-heal|p2a: Sylveon|95/100|[from] item: Leftovers
|upkeep
|turn|68
|
|t:|1758286429
|move|p2a: Sylveon|Hyper Voice|p1a: Blissey
|-damage|p1a: Blissey|91/100
|move|p1a: Blissey|Calm Mind|p1a: Blissey
|-boost|p1a: Blissey|spa|0
|-boost|p1a: Blissey|spd|0
|
|-heal|p2a: Sylveon|100/100|[from] item: Leftovers
|upkeep
|turn|69
|
|t:|1758286437
|move|p2a: Sylveon|Hyper Voice|p1a: Blissey
|-damage|p1a: Blissey|88/100
|move|p1a: Blissey|Calm Mind|p1a: Blissey
|-boost|p1a: Blissey|spa|0
|-boost|p1a: Blissey|spd|0
|
|upkeep
|turn|70
|
|t:|1758286444
|move|p2a: Sylveon|Hyper Voice|p1a: Blissey
|-damage|p1a: Blissey|85/100
|move|p1a: Blissey|Calm Mind|p1a: Blissey
|-boost|p1a: Blissey|spa|0
|-boost|p1a: Blissey|spd|0
|
|upkeep
|turn|71
|
|t:|1758286452
|move|p2a: Sylveon|Hyper Voice|p1a: Blissey
|-damage|p1a: Blissey|81/100
|move|p1a: Blissey|Calm Mind|p1a: Blissey
|-boost|p1a: Blissey|spa|0
|-boost|p1a: Blissey|spd|0
|
|upkeep
|turn|72
|
|t:|1758286459
|move|p2a: Sylveon|Hyper Voice|p1a: Blissey
|-damage|p1a: Blissey|78/100
|move|p1a: Blissey|Calm Mind|p1a: Blissey
|-boost|p1a: Blissey|spa|0
|-boost|p1a: Blissey|spd|0
|
|upkeep
|turn|73
|
|t:|1758286464
|move|p2a: Sylveon|Reflect|p2a: Sylveon
|-sidestart|p2: Raerr|Reflect
|move|p1a: Blissey|Calm Mind|p1a: Blissey
|-boost|p1a: Blissey|spa|0
|-boost|p1a: Blissey|spd|0
|
|upkeep
|turn|74
|
|t:|1758286471
|move|p2a: Sylveon|Reflect||[still]
|-fail|p2a: Sylveon
|move|p1a: Blissey|Calm Mind|p1a: Blissey
|-boost|p1a: Blissey|spa|0
|-boost|p1a: Blissey|spd|0
|
|upkeep
|turn|75
|
|t:|1758286476
|move|p2a: Sylveon|Reflect||[still]
|-fail|p2a: Sylveon
|move|p1a: Blissey|Seismic Toss|p2a: Sylveon
|-damage|p2a: Sylveon|75/100
|
|-heal|p2a: Sylveon|81/100|[from] item: Leftovers
|upkeep
|turn|76
|
|t:|1758286483
|move|p2a: Sylveon|Reflect||[still]
|-fail|p2a: Sylveon
|move|p1a: Blissey|Seismic Toss|p2a: Sylveon
|-damage|p2a: Sylveon|56/100
|
|-heal|p2a: Sylveon|62/100|[from] item: Leftovers
|upkeep
|turn|77
|
|t:|1758286492
|move|p2a: Sylveon|Wish|p2a: Sylveon
|move|p1a: Blissey|Seismic Toss|p2a: Sylveon
|-damage|p2a: Sylveon|37/100
|
|-heal|p2a: Sylveon|43/100|[from] item: Leftovers
|-sideend|p2: Raerr|Reflect
|upkeep
|turn|78
|
|t:|1758286498
|move|p2a: Sylveon|Reflect|p2a: Sylveon
|-sidestart|p2: Raerr|Reflect
|move|p1a: Blissey|Seismic Toss|p2a: Sylveon
|-damage|p2a: Sylveon|17/100
|
|-heal|p2a: Sylveon|67/100|[from] move: Wish|[wisher] Sylveon
|-heal|p2a: Sylveon|73/100|[from] item: Leftovers
|upkeep
|turn|79
|
|t:|1758286506
|move|p2a: Sylveon|Wish|p2a: Sylveon
|move|p1a: Blissey|Seismic Toss|p2a: Sylveon
|-damage|p2a: Sylveon|48/100
|
|-heal|p2a: Sylveon|54/100|[from] item: Leftovers
|upkeep
|turn|80
|
|t:|1758286514
|move|p2a: Sylveon|Reflect||[still]
|-fail|p2a: Sylveon
|move|p1a: Blissey|Seismic Toss|p2a: Sylveon
|-damage|p2a: Sylveon|29/100
|
|-heal|p2a: Sylveon|79/100|[from] move: Wish|[wisher] Sylveon
|-heal|p2a: Sylveon|85/100|[from] item: Leftovers
|upkeep
|turn|81
|
|t:|1758286530
|move|p2a: Sylveon|Reflect||[still]
|-fail|p2a: Sylveon
|move|p1a: Blissey|Calm Mind|p1a: Blissey
|-boost|p1a: Blissey|spa|0
|-boost|p1a: Blissey|spd|0
|
|-heal|p2a: Sylveon|91/100|[from] item: Leftovers
|upkeep
|turn|82
|
|t:|1758286537
|move|p2a: Sylveon|Reflect||[still]
|-fail|p2a: Sylveon
|move|p1a: Blissey|Stealth Rock||[still]
|-fail|p1a: Blissey
|
|-heal|p2a: Sylveon|97/100|[from] item: Leftovers
|-sideend|p2: Raerr|Reflect
|upkeep
|turn|83
|
|t:|1758286548
|move|p2a: Sylveon|Reflect|p2a: Sylveon
|-sidestart|p2: Raerr|Reflect
|move|p1a: Blissey|Stealth Rock||[still]
|-fail|p1a: Blissey
|
|-heal|p2a: Sylveon|100/100|[from] item: Leftovers
|upkeep
|turn|84
|
|t:|1758286554
|move|p2a: Sylveon|Reflect||[still]
|-fail|p2a: Sylveon
|move|p1a: Blissey|Stealth Rock||[still]
|-fail|p1a: Blissey
|
|upkeep
|turn|85
|
|t:|1758286560
|move|p2a: Sylveon|Reflect||[still]
|-fail|p2a: Sylveon
|move|p1a: Blissey|Stealth Rock||[still]
|-fail|p1a: Blissey
|
|upkeep
|turn|86
|
|t:|1758286564
|move|p2a: Sylveon|Reflect||[still]
|-fail|p2a: Sylveon
|move|p1a: Blissey|Stealth Rock||[still]
|-fail|p1a: Blissey
|
|upkeep
|turn|87
|
|t:|1758286569
|move|p2a: Sylveon|Reflect||[still]
|-fail|p2a: Sylveon
|move|p1a: Blissey|Stealth Rock||[still]
|-fail|p1a: Blissey
|
|-sideend|p2: Raerr|Reflect
|upkeep
|turn|88
|
|t:|1758286574
|move|p2a: Sylveon|Reflect|p2a: Sylveon
|-sidestart|p2: Raerr|Reflect
|move|p1a: Blissey|Stealth Rock||[still]
|-fail|p1a: Blissey
|
|upkeep
|turn|89
|
|t:|1758286579
|move|p2a: Sylveon|Reflect||[still]
|-fail|p2a: Sylveon
|move|p1a: Blissey|Stealth Rock||[still]
|-fail|p1a: Blissey
|
|upkeep
|turn|90
|
|t:|1758286584
|move|p2a: Sylveon|Reflect||[still]
|-fail|p2a: Sylveon
|move|p1a: Blissey|Stealth Rock||[still]
|-fail|p1a: Blissey
|
|upkeep
|turn|91
|
|t:|1758286589
|move|p2a: Sylveon|Reflect||[still]
|-fail|p2a: Sylveon
|move|p1a: Blissey|Stealth Rock||[still]
|-fail|p1a: Blissey
|
|upkeep
|turn|92
|
|t:|1758286594
|move|p2a: Sylveon|Reflect||[still]
|-fail|p2a: Sylveon
|move|p1a: Blissey|Stealth Rock||[still]
|-fail|p1a: Blissey
|
|-sideend|p2: Raerr|Reflect
|upkeep
|turn|93
|
|t:|1758286599
|move|p2a: Sylveon|Reflect|p2a: Sylveon
|-sidestart|p2: Raerr|Reflect
|move|p1a: Blissey|Stealth Rock||[still]
|-fail|p1a: Blissey
|
|upkeep
|turn|94
|
|t:|1758286603
|move|p2a: Sylveon|Reflect||[still]
|-fail|p2a: Sylveon
|move|p1a: Blissey|Stealth Rock||[still]
|-fail|p1a: Blissey
|
|upkeep
|turn|95
|
|t:|1758286607
|move|p2a: Sylveon|Reflect||[still]
|-fail|p2a: Sylveon
|move|p1a: Blissey|Stealth Rock||[still]
|-fail|p1a: Blissey
|
|upkeep
|turn|96
|
|t:|1758286612
|move|p2a: Sylveon|Reflect||[still]
|-fail|p2a: Sylveon
|move|p1a: Blissey|Stealth Rock||[still]
|-fail|p1a: Blissey
|
|upkeep
|turn|97
|
|t:|1758286617
|move|p2a: Sylveon|Reflect||[still]
|-fail|p2a: Sylveon
|move|p1a: Blissey|Stealth Rock||[still]
|-fail|p1a: Blissey
|
|-sideend|p2: Raerr|Reflect
|upkeep
|turn|98
|
|t:|1758286623
|move|p2a: Sylveon|Reflect|p2a: Sylveon
|-sidestart|p2: Raerr|Reflect
|move|p1a: Blissey|Stealth Rock||[still]
|-fail|p1a: Blissey
|
|upkeep
|turn|99
|
|t:|1758286627
|move|p2a: Sylveon|Reflect||[still]
|-fail|p2a: Sylveon
|move|p1a: Blissey|Stealth Rock||[still]
|-fail|p1a: Blissey
|
|upkeep
|turn|100
|
|t:|1758286637
|move|p2a: Sylveon|Wish|p2a: Sylveon
|move|p1a: Blissey|Stealth Rock||[still]
|-fail|p1a: Blissey
|
|upkeep
|turn|101
|
|t:|1758286641
|move|p2a: Sylveon|Reflect||[still]
|-fail|p2a: Sylveon
|move|p1a: Blissey|Stealth Rock||[still]
|-fail|p1a: Blissey
|
|upkeep
|turn|102
|
|t:|1758286646
|move|p2a: Sylveon|Reflect||[still]
|-fail|p2a: Sylveon
|move|p1a: Blissey|Stealth Rock||[still]
|-fail|p1a: Blissey
|
|-sideend|p2: Raerr|Reflect
|upkeep
|turn|103
|
|t:|1758286656
|move|p2a: Sylveon|Reflect|p2a: Sylveon
|-sidestart|p2: Raerr|Reflect
|move|p1a: Blissey|Stealth Rock||[still]
|-fail|p1a: Blissey
|
|upkeep
|turn|104
|
|t:|1758286660
|move|p2a: Sylveon|Reflect||[still]
|-fail|p2a: Sylveon
|move|p1a: Blissey|Stealth Rock||[still]
|-fail|p1a: Blissey
|
|upkeep
|turn|105
|
|t:|1758286665
|move|p2a: Sylveon|Reflect||[still]
|-fail|p2a: Sylveon
|move|p1a: Blissey|Stealth Rock||[still]
|-fail|p1a: Blissey
|
|upkeep
|turn|106
|
|t:|1758286670
|move|p2a: Sylveon|Reflect||[still]
|-fail|p2a: Sylveon
|move|p1a: Blissey|Stealth Rock||[still]
|-fail|p1a: Blissey
|
|upkeep
|turn|107
|
|t:|1758286674
|move|p2a: Sylveon|Protect|p2a: Sylveon
|-singleturn|p2a: Sylveon|Protect
|move|p1a: Blissey|Stealth Rock||[still]
|-fail|p1a: Blissey
|
|-sideend|p2: Raerr|Reflect
|upkeep
|turn|108
|
|t:|1758286680
|move|p2a: Sylveon|Protect||[still]
|-fail|p2a: Sylveon
|move|p1a: Blissey|Stealth Rock||[still]
|-fail|p1a: Blissey
|
|upkeep
|turn|109
|
|t:|1758286686
|move|p2a: Sylveon|Protect|p2a: Sylveon
|-singleturn|p2a: Sylveon|Protect
|move|p1a: Blissey|Stealth Rock||[still]
|-fail|p1a: Blissey
|
|upkeep
|turn|110
|
|t:|1758286691
|move|p2a: Sylveon|Protect||[still]
|-fail|p2a: Sylveon
|move|p1a: Blissey|Stealth Rock||[still]
|-fail|p1a: Blissey
|
|upkeep
|turn|111
|
|t:|1758286696
|move|p2a: Sylveon|Protect|p2a: Sylveon
|-singleturn|p2a: Sylveon|Protect
|move|p1a: Blissey|Stealth Rock||[still]
|-fail|p1a: Blissey
|
|upkeep
|turn|112
|
|t:|1758286703
|move|p2a: Sylveon|Protect||[still]
|-fail|p2a: Sylveon
|move|p1a: Blissey|Stealth Rock||[still]
|-fail|p1a: Blissey
|
|upkeep
|turn|113
|
|t:|1758286710
|move|p2a: Sylveon|Protect|p2a: Sylveon
|-singleturn|p2a: Sylveon|Protect
|move|p1a: Blissey|Calm Mind|p1a: Blissey
|-boost|p1a: Blissey|spa|0
|-boost|p1a: Blissey|spd|0
|
|upkeep
|turn|114
|
|t:|1758286715
|move|p2a: Sylveon|Protect||[still]
|-fail|p2a: Sylveon
|move|p1a: Blissey|Calm Mind|p1a: Blissey
|-boost|p1a: Blissey|spa|0
|-boost|p1a: Blissey|spd|0
|
|upkeep
|turn|115
|
|t:|1758286721
|move|p2a: Sylveon|Protect|p2a: Sylveon
|-singleturn|p2a: Sylveon|Protect
|move|p1a: Blissey|Calm Mind|p1a: Blissey
|-boost|p1a: Blissey|spa|0
|-boost|p1a: Blissey|spd|0
|
|upkeep
|turn|116
|
|t:|1758286730
|move|p2a: Sylveon|Protect||[still]
|-fail|p2a: Sylveon
|move|p1a: Blissey|Calm Mind|p1a: Blissey
|-boost|p1a: Blissey|spa|0
|-boost|p1a: Blissey|spd|0
|
|upkeep
|turn|117
|
|t:|1758286735
|move|p2a: Sylveon|Protect|p2a: Sylveon
|-singleturn|p2a: Sylveon|Protect
|move|p1a: Blissey|Calm Mind|p1a: Blissey
|-boost|p1a: Blissey|spa|0
|-boost|p1a: Blissey|spd|0
|
|upkeep
|turn|118
|
|t:|1758286740
|move|p2a: Sylveon|Protect|p2a: Sylveon
|-singleturn|p2a: Sylveon|Protect
|move|p1a: Blissey|Calm Mind|p1a: Blissey
|-boost|p1a: Blissey|spa|0
|-boost|p1a: Blissey|spd|0
|
|upkeep
|turn|119
|
|t:|1758286746
|move|p2a: Sylveon|Protect||[still]
|-fail|p2a: Sylveon
|move|p1a: Blissey|Calm Mind|p1a: Blissey
|-boost|p1a: Blissey|spa|0
|-boost|p1a: Blissey|spd|0
|
|upkeep
|turn|120
|
|t:|1758286756
|move|p2a: Sylveon|Hyper Voice|p1a: Blissey
|-damage|p1a: Blissey|75/100
|move|p1a: Blissey|Calm Mind|p1a: Blissey
|-boost|p1a: Blissey|spa|0
|-boost|p1a: Blissey|spd|0
|
|upkeep
|turn|121
|
|t:|1758286762
|move|p2a: Sylveon|Hyper Voice|p1a: Blissey
|-damage|p1a: Blissey|72/100
|move|p1a: Blissey|Calm Mind|p1a: Blissey
|-boost|p1a: Blissey|spa|0
|-boost|p1a: Blissey|spd|0
|
|upkeep
|turn|122
|
|t:|1758286768
|move|p2a: Sylveon|Hyper Voice|p1a: Blissey
|-damage|p1a: Blissey|68/100
|move|p1a: Blissey|Calm Mind|p1a: Blissey
|-boost|p1a: Blissey|spa|0
|-boost|p1a: Blissey|spd|0
|
|upkeep
|turn|123
|
|t:|1758286775
|move|p2a: Sylveon|Wish|p2a: Sylveon
|move|p1a: Blissey|Calm Mind|p1a: Blissey
|-boost|p1a: Blissey|spa|0
|-boost|p1a: Blissey|spd|0
|
|upkeep
|turn|124
|
|t:|1758286780
|move|p2a: Sylveon|Wish||[still]
|-fail|p2a: Sylveon
|move|p1a: Blissey|Seismic Toss|p2a: Sylveon
|-damage|p2a: Sylveon|75/100
|
|-heal|p2a: Sylveon|100/100|[from] move: Wish|[wisher] Sylveon
|upkeep
|turn|125
|
|t:|1758286787
|move|p2a: Sylveon|Wish|p2a: Sylveon
|move|p1a: Blissey|Calm Mind|p1a: Blissey
|-boost|p1a: Blissey|spa|0
|-boost|p1a: Blissey|spd|0
|
|upkeep
|turn|126
|
|t:|1758286793
|move|p2a: Sylveon|Wish||[still]
|-fail|p2a: Sylveon
|move|p1a: Blissey|Calm Mind|p1a: Blissey
|-boost|p1a: Blissey|spa|0
|-boost|p1a: Blissey|spd|0
|
|upkeep
|turn|127
|
|t:|1758286798
|move|p2a: Sylveon|Wish|p2a: Sylveon
|move|p1a: Blissey|Calm Mind|p1a: Blissey
|-boost|p1a: Blissey|spa|0
|-boost|p1a: Blissey|spd|0
|
|upkeep
|turn|128
|
|t:|1758286802
|move|p2a: Sylveon|Wish||[still]
|-fail|p2a: Sylveon
|move|p1a: Blissey|Calm Mind|p1a: Blissey
|-boost|p1a: Blissey|spa|0
|-boost|p1a: Blissey|spd|0
|
|upkeep
|turn|129
|
|t:|1758286808
|move|p2a: Sylveon|Wish|p2a: Sylveon
|move|p1a: Blissey|Seismic Toss|p2a: Sylveon
|-damage|p2a: Sylveon|75/100
|
|-heal|p2a: Sylveon|81/100|[from] item: Leftovers
|upkeep
|turn|130
|
|t:|1758286814
|move|p2a: Sylveon|Reflect|p2a: Sylveon
|-sidestart|p2: Raerr|Reflect
|move|p1a: Blissey|Seismic Toss|p2a: Sylveon
|-damage|p2a: Sylveon|56/100
|
|-heal|p2a: Sylveon|100/100|[from] move: Wish|[wisher] Sylveon
|upkeep
|turn|131
|
|t:|1758286821
|-activate|p2a: Sylveon|move: Struggle
|move|p2a: Sylveon|Struggle|p1a: Blissey
|-damage|p1a: Blissey|62/100
|-damage|p2a: Sylveon|75/100|[from] recoil
|move|p1a: Blissey|Seismic Toss|p2a: Sylveon
|-damage|p2a: Sylveon|50/100
|
|-heal|p2a: Sylveon|56/100|[from] item: Leftovers
|upkeep
|turn|132
|
|t:|1758286830
|-activate|p2a: Sylveon|move: Struggle
|move|p2a: Sylveon|Struggle|p1a: Blissey
|-damage|p1a: Blissey|56/100
|-damage|p2a: Sylveon|31/100|[from] recoil
|move|p1a: Blissey|Soft-Boiled|p1a: Blissey
|-heal|p1a: Blissey|100/100
|
|-heal|p2a: Sylveon|37/100|[from] item: Leftovers
|upkeep
|turn|133
|
|t:|1758286838
|-activate|p2a: Sylveon|move: Struggle
|move|p2a: Sylveon|Struggle|p1a: Blissey
|-damage|p1a: Blissey|95/100
|-damage|p2a: Sylveon|12/100|[from] recoil
|move|p1a: Blissey|Seismic Toss|p2a: Sylveon
|-damage|p2a: Sylveon|0 fnt
|faint|p2a: Sylveon
|
|win|shifei
|raw|shifei's rating: 1119 &rarr; <strong>1142</strong><br />(+23 for winning)
|raw|Raerr's rating: 1092 &rarr; <strong>1070</strong><br />(-22 for losing)
|c|☆Raerr|gg
|l|☆Raerr
|player|p2|
|c|☆shifei|hhh
|c|☆shifei|gg
