|j|☆Erraya
|j|☆Akeras
|t:|1758283865
|gametype|singles
|player|p1|Erraya|miku-ghost|
|player|p2|Akeras|#umbdiambers|
|gen|9
|tier|[Gen 9] OU
|rule|HP Percentage Mod: HP is shown in percentages
|rule|Endless Battle Clause: Forcing endless battles is banned
|rule|Species Clause: Limit one of each Pokémon
|rule|OHKO Clause: OHKO moves are banned
|rule|Evasion Items Clause: Evasion items are banned
|rule|Evasion Moves Clause: Evasion moves are banned
|rule|Evasion Abilities Clause: Evasion abilities are banned
|rule|Sleep Moves Clause: Sleep-inducing moves are banned
|clearpoke
|poke|p1|Deoxys-Speed|
|poke|p1|Landorus-Therian, M|
|poke|p1|Primarina, M|
|poke|p1|Kingambit, F|
|poke|p1|Dragonite, F|
|poke|p1|Cinderace, M|
|poke|p2|Zamazenta-*|
|poke|p2|Clefable, M|
|poke|p2|Samurott-Hisui, F|
|poke|p2|Gliscor, F|
|poke|p2|Gholdengo|
|poke|p2|Latios, M|
|teampreview
|inactive|Battle timer is ON: inactive players will automatically lose when time's up. (requested by Erraya)
|inactive|Akeras also wants the timer to be on.
|c|☆Akeras|/log Akeras made this room public.
|c|☆Erraya|glhf!
|c|☆Akeras|hfhfhfhfhfhfhjfhfhfhfhfhd
|inactive|Erraya has 270 seconds left.
|inactive|Akeras has 270 seconds left.
|inactive|Akeras has 240 seconds left.
|
|t:|1758283944
|teamsize|p1|6
|teamsize|p2|6
|start
|switch|p1a: Override|Deoxys-Speed|100/100
|switch|p2a: Samurott|Samurott-Hisui, F|100/100
|-ability|p1a: Override|Pressure
|turn|1
|inactive|Erraya has 270 seconds left.
|inactive|Erraya has 240 seconds left.
|inactive|Erraya has 210 seconds left.
|
|t:|1758284040
|switch|p1a: Fukkireta|Landorus-Therian, M|100/100
|-ability|p1a: Fukkireta|Intimidate|boost
|-unboost|p2a: Samurott|atk|1
|move|p2a: Samurott|Ceaseless Edge|p1a: Fukkireta|[miss]
|-miss|p2a: Samurott|p1a: Fukkireta
|
|upkeep
|turn|2
|inactive|Erraya has 210 seconds left.
|c|☆Akeras|ça commence bien hihi
|inactive|Akeras has 270 seconds left.
|
|t:|1758284071
|move|p1a: Fukkireta|Stealth Rock|p2a: Samurott
|-sidestart|p2: Akeras|move: Stealth Rock
|move|p2a: Samurott|Aqua Cutter|p1a: Fukkireta
|-supereffective|p1a: Fukkireta
|-damage|p1a: Fukkireta|21/100
|
|upkeep
|turn|3
|inactive|Akeras has 270 seconds left.
|
|t:|1758284091
|move|p1a: Fukkireta|U-turn|p2a: Samurott
|-supereffective|p2a: Samurott
|-damage|p2a: Samurott|55/100
|
|t:|1758284106
|switch|p1a: Cadmium Colors|Primarina, M|100/100|[from] U-turn
|move|p2a: Samurott|Ceaseless Edge|p1a: Cadmium Colors
|-resisted|p1a: Cadmium Colors
|-damage|p1a: Cadmium Colors|86/100
|-sidestart|p1: Erraya|Spikes
|
|upkeep
|turn|4
|inactive|Akeras has 270 seconds left.
|
|t:|1758284130
|switch|p2a: Gholdengo|Gholdengo|100/100
|-damage|p2a: Gholdengo|94/100|[from] Stealth Rock
|move|p1a: Cadmium Colors|Flip Turn|p2a: Gholdengo
|-damage|p2a: Gholdengo|83/100
|inactive|Erraya has 180 seconds left.
|
|t:|1758284167
|switch|p1a: FIRE!!!|Cinderace, M|100/100|[from] Flip Turn
|
|upkeep
|turn|5
|
|t:|1758284185
|switch|p2a: Gliscor|Gliscor, F|100/100
|-damage|p2a: Gliscor|88/100|[from] Stealth Rock
|move|p1a: FIRE!!!|U-turn|p2a: Gliscor
|-start|p1a: FIRE!!!|typechange|Bug|[from] ability: Libero
|-resisted|p2a: Gliscor
|-damage|p2a: Gliscor|75/100
|
|t:|1758284188
|switch|p1a: Override|Deoxys-Speed|100/100|[from] U-turn
|-damage|p1a: Override|88/100|[from] Spikes
|-ability|p1a: Override|Pressure
|
|-status|p2a: Gliscor|tox|[from] item: Toxic Orb
|upkeep
|turn|6
|
|t:|1758284208
|move|p2a: Gliscor|Protect|p2a: Gliscor
|-singleturn|p2a: Gliscor|Protect
|move|p1a: Override|Ice Beam|p2a: Gliscor
|-activate|p2a: Gliscor|move: Protect
|
|-heal|p2a: Gliscor|87/100 tox|[from] ability: Poison Heal
|upkeep
|turn|7
|inactive|Akeras has 270 seconds left.
|
|t:|1758284220
|switch|p2a: Clefable|Clefable, M|100/100
|move|p1a: Override|Ice Beam|p2a: Clefable
|-damage|p2a: Clefable|69/100
|-damage|p1a: Override|78/100|[from] item: Life Orb
|
|upkeep
|turn|8
|inactive|Erraya has 180 seconds left.
|inactive|Akeras has 270 seconds left.
|
|t:|1758284233
|switch|p2a: Gholdengo|Gholdengo|83/100
|-damage|p2a: Gholdengo|77/100|[from] Stealth Rock
|move|p1a: Override|Psycho Boost|p2a: Gholdengo
|-resisted|p2a: Gholdengo
|-damage|p2a: Gholdengo|47/100
|-unboost|p1a: Override|spa|2
|-damage|p1a: Override|68/100|[from] item: Life Orb
|
|upkeep
|turn|9
|inactive|Erraya has 180 seconds left.
|inactive|Akeras has 270 seconds left.
|
|t:|1758284247
|move|p1a: Override|Knock Off|p2a: Gholdengo
|-supereffective|p2a: Gholdengo
|-damage|p2a: Gholdengo|0 fnt
|-enditem|p2a: Gholdengo|Covert Cloak|[from] move: Knock Off|[of] p1a: Override
|faint|p2a: Gholdengo
|-damage|p1a: Override|58/100|[from] item: Life Orb
|
|upkeep
|c|☆Akeras|ahok
|inactive|Akeras has 270 seconds left.
|c|☆Erraya|oeoe
|
|t:|1758284270
|switch|p2a: Samurott|Samurott-Hisui, F|55/100
|turn|10
|
|t:|1758284277
|switch|p1a: Fukkireta|Landorus-Therian, M|21/100
|-ability|p1a: Fukkireta|Intimidate|boost
|-unboost|p2a: Samurott|atk|1
|move|p2a: Samurott|Ceaseless Edge|p1a: Fukkireta
|-damage|p1a: Fukkireta|0 fnt
|-damage|p2a: Samurott|38/100|[from] item: Rocky Helmet|[of] p1a: Fukkireta
|-sidestart|p1: Erraya|Spikes
|faint|p1a: Fukkireta
|
|upkeep
|
|t:|1758284285
|switch|p1a: FIRE!!!|Cinderace, M|100/100
|turn|11
|inactive|Akeras has 270 seconds left.
|
|t:|1758284296
|switch|p2a: Gliscor|Gliscor, F|87/100 tox
|-damage|p2a: Gliscor|75/100 tox|[from] Stealth Rock
|move|p1a: FIRE!!!|U-turn|p2a: Gliscor
|-start|p1a: FIRE!!!|typechange|Bug|[from] ability: Libero
|-resisted|p2a: Gliscor
|-damage|p2a: Gliscor|61/100 tox
|inactive|Erraya has 180 seconds left.
|inactive|Erraya has 150 seconds left.
|
|t:|1758284348
|switch|p1a: Override|Deoxys-Speed|58/100|[from] U-turn
|-damage|p1a: Override|42/100|[from] Spikes
|-ability|p1a: Override|Pressure
|
|-heal|p2a: Gliscor|74/100 tox|[from] ability: Poison Heal
|upkeep
|turn|12
|
|t:|1758284353
|move|p2a: Gliscor|Protect|p2a: Gliscor
|-singleturn|p2a: Gliscor|Protect
|move|p1a: Override|Ice Beam|p2a: Gliscor
|-activate|p2a: Gliscor|move: Protect
|
|-heal|p2a: Gliscor|86/100 tox|[from] ability: Poison Heal
|upkeep
|turn|13
|
|t:|1758284369
|switch|p2a: Samurott|Samurott-Hisui, F|38/100
|move|p1a: Override|Ice Beam|p2a: Samurott
|-resisted|p2a: Samurott
|-damage|p2a: Samurott|16/100
|-damage|p1a: Override|32/100|[from] item: Life Orb
|
|upkeep
|turn|14
|
|t:|1758284378
|move|p1a: Override|Ice Beam|p2a: Samurott
|-resisted|p2a: Samurott
|-damage|p2a: Samurott|0 fnt
|faint|p2a: Samurott
|-damage|p1a: Override|22/100|[from] item: Life Orb
|
|upkeep
|
|t:|1758284387
|switch|p2a: Clefable|Clefable, M|69/100
|turn|15
|inactive|Akeras has 270 seconds left.
|inactive|Erraya has 180 seconds left.
|
|t:|1758284426
|-terastallize|p2a: Clefable|Steel
|move|p1a: Override|Psycho Boost|p2a: Clefable
|-resisted|p2a: Clefable
|-damage|p2a: Clefable|36/100
|-unboost|p1a: Override|spa|2
|-damage|p1a: Override|12/100|[from] item: Life Orb
|move|p2a: Clefable|Moonlight|p2a: Clefable
|-heal|p2a: Clefable|86/100
|
|upkeep
|turn|16
|inactive|Erraya has 180 seconds left.
|
|t:|1758284445
|-terastallize|p1a: Override|Fighting
|move|p1a: Override|Superpower|p2a: Clefable
|-supereffective|p2a: Clefable
|-damage|p2a: Clefable|0 fnt
|-unboost|p1a: Override|atk|1
|-unboost|p1a: Override|def|1
|faint|p2a: Clefable
|-damage|p1a: Override|2/100|[from] item: Life Orb
|
|upkeep
|
|t:|1758284460
|switch|p2a: Gliscor|Gliscor, F|86/100 tox
|-damage|p2a: Gliscor|74/100 tox|[from] Stealth Rock
|turn|17
|inactive|Erraya has 180 seconds left.
|
|t:|1758284468
|move|p2a: Gliscor|Protect|p2a: Gliscor
|-singleturn|p2a: Gliscor|Protect
|move|p1a: Override|Ice Beam|p2a: Gliscor
|-activate|p2a: Gliscor|move: Protect
|
|-heal|p2a: Gliscor|86/100 tox|[from] ability: Poison Heal
|upkeep
|turn|18
|inactive|Erraya has 180 seconds left.
|
|t:|1758284486
|move|p1a: Override|Ice Beam|p2a: Gliscor
|-supereffective|p2a: Gliscor
|-damage|p2a: Gliscor|24/100 tox
|-damage|p1a: Override|0 fnt|[from] item: Life Orb
|faint|p1a: Override
|move|p2a: Gliscor|Swords Dance|p2a: Gliscor
|-boost|p2a: Gliscor|atk|2
|
|-heal|p2a: Gliscor|37/100 tox|[from] ability: Poison Heal
|upkeep
|inactive|Erraya has 150 seconds left.
|inactive|Erraya has 120 seconds left.
|inactive|Erraya has 90 seconds left.
|
|t:|1758284598
|switch|p1a: Cadmium Colors|Primarina, M|86/100
|-damage|p1a: Cadmium Colors|70/100|[from] Spikes
|turn|19
|inactive|Akeras has 270 seconds left.
|
|t:|1758284624
|move|p2a: Gliscor|Protect|p2a: Gliscor
|-singleturn|p2a: Gliscor|Protect
|move|p1a: Cadmium Colors|Moonblast|p2a: Gliscor
|-activate|p2a: Gliscor|move: Protect
|
|-heal|p2a: Gliscor|49/100 tox|[from] ability: Poison Heal
|upkeep
|turn|20
|
|t:|1758284631
|move|p2a: Gliscor|Earthquake|p1a: Cadmium Colors
|-damage|p1a: Cadmium Colors|4/100
|move|p1a: Cadmium Colors|Surf|p2a: Gliscor
|-supereffective|p2a: Gliscor
|-damage|p2a: Gliscor|0 fnt
|faint|p2a: Gliscor
|
|upkeep
|
|t:|1758284639
|switch|p2a: Zamazenta|Zamazenta|100/100
|-damage|p2a: Zamazenta|94/100|[from] Stealth Rock
|-ability|p2a: Zamazenta|Dauntless Shield|boost
|-boost|p2a: Zamazenta|def|1
|turn|21
|
|t:|1758284645
|move|p2a: Zamazenta|Body Press|p1a: Cadmium Colors
|-resisted|p1a: Cadmium Colors
|-damage|p1a: Cadmium Colors|0 fnt
|faint|p1a: Cadmium Colors
|
|upkeep
|
|t:|1758284672
|switch|p1a: Birdbrain|Dragonite, F|100/100
|turn|22
|
|t:|1758284681
|move|p2a: Zamazenta|Iron Defense|p2a: Zamazenta
|-boost|p2a: Zamazenta|def|2
|move|p1a: Birdbrain|Dragon Dance|p1a: Birdbrain
|-boost|p1a: Birdbrain|atk|1
|-boost|p1a: Birdbrain|spe|1
|
|upkeep
|turn|23
|
|t:|1758284695
|move|p1a: Birdbrain|Dragon Dance|p1a: Birdbrain
|-boost|p1a: Birdbrain|atk|1
|-boost|p1a: Birdbrain|spe|1
|move|p2a: Zamazenta|Body Press|p1a: Birdbrain
|-resisted|p1a: Birdbrain
|-damage|p1a: Birdbrain|77/100
|
|upkeep
|turn|24
|j| BlazingDark
|
|t:|1758284718
|move|p1a: Birdbrain|Earthquake|p2a: Zamazenta
|-damage|p2a: Zamazenta|73/100
|move|p2a: Zamazenta|Body Press|p1a: Birdbrain
|-resisted|p1a: Birdbrain
|-damage|p1a: Birdbrain|33/100
|
|upkeep
|turn|25
|
|t:|1758284727
|move|p1a: Birdbrain|Earthquake|p2a: Zamazenta
|-damage|p2a: Zamazenta|51/100
|move|p2a: Zamazenta|Body Press|p1a: Birdbrain
|-resisted|p1a: Birdbrain
|-damage|p1a: Birdbrain|0 fnt
|faint|p1a: Birdbrain
|
|upkeep
|c| BlazingDark|Dios mio
|inactive|Erraya has 60 seconds left.
|
|t:|1758284752
|switch|p1a: FIRE!!!|Cinderace, M|100/100
|turn|26
|
|t:|1758284779
|move|p2a: Zamazenta|Body Press|p1a: FIRE!!!
|-damage|p1a: FIRE!!!|0 fnt
|faint|p1a: FIRE!!!
|
|upkeep
|
|t:|1758284782
|switch|p1a: Spoken For|Kingambit, F|100/100
|-damage|p1a: Spoken For|84/100|[from] Spikes
|-activate|p1a: Spoken For|ability: Supreme Overlord
|-start|p1a: Spoken For|fallen5|[silent]
|turn|27
|
|t:|1758284785
|move|p1a: Spoken For|Sucker Punch|p2a: Zamazenta
|-resisted|p2a: Zamazenta
|-damage|p2a: Zamazenta|41/100
|move|p2a: Zamazenta|Body Press|p1a: Spoken For
|-supereffective|p1a: Spoken For
|-damage|p1a: Spoken For|0 fnt
|faint|p1a: Spoken For
|-end|p1a: Spoken For|fallen5|[silent]
|
|win|Akeras
|c|☆Akeras|gg
|c|☆Erraya|ggs!
