|j|☆apotato135
|j|‽Dmgigazar123
|t:|1758328110
|gametype|singles
|player|p1|apotato135|swimmer-gen4dp|1461
|player|p2|Dmgigazar123|shadowtriad|1516
|gen|9
|tier|[Gen 9] OU
|rated|
|rule|HP Percentage Mod: HP is shown in percentages
|rule|Endless Battle Clause: Forcing endless battles is banned
|rule|Species Clause: Limit one of each Pokémon
|rule|OHKO Clause: OHKO moves are banned
|rule|Evasion Items Clause: Evasion items are banned
|rule|Evasion Moves Clause: Evasion moves are banned
|rule|Evasion Abilities Clause: Evasion abilities are banned
|rule|Sleep Moves Clause: Sleep-inducing moves are banned
|clearpoke
|poke|p1|Ninetales-Alola, M|
|poke|p1|Kyurem|
|poke|p1|Cloyster, F|
|poke|p1|Enamorus, F|
|poke|p1|Primeape, F|
|poke|p1|Iron Treads|
|poke|p2|Gliscor, F|
|poke|p2|Weavile, F|
|poke|p2|Pecharunt|
|poke|p2|Dragonite, M|
|poke|p2|Kingambit, M|
|poke|p2|Enamorus, F|
|teampreview
|inactive|Battle timer is ON: inactive players will automatically lose when time's up. (requested by Dmgigazar123)
|
|t:|1758328118
|teamsize|p1|6
|teamsize|p2|6
|start
|switch|p1a: Iron Treads|Iron Treads|100/100
|switch|p2a: Enamorus|Enamorus, F|100/100
|-enditem|p1a: Iron Treads|Booster Energy
|-activate|p1a: Iron Treads|ability: Quark Drive|[fromitem]
|-start|p1a: Iron Treads|quarkdrivespe
|turn|1
|
|t:|1758328125
|move|p1a: Iron Treads|Steel Beam|p2a: Enamorus
|-supereffective|p2a: Enamorus
|-damage|p2a: Enamorus|0 fnt
|-damage|p1a: Iron Treads|50/100|[from] steelbeam
|faint|p2a: Enamorus
|
|upkeep
|
|t:|1758328149
|switch|p2a: Gliscor|Gliscor, F|100/100
|turn|2
|
|t:|1758328153
|move|p2a: Gliscor|Protect|p2a: Gliscor
|-singleturn|p2a: Gliscor|Protect
|move|p1a: Iron Treads|Stealth Rock|p2a: Gliscor
|-sidestart|p2: Dmgigazar123|move: Stealth Rock
|
|-status|p2a: Gliscor|tox|[from] item: Toxic Orb
|upkeep
|turn|3
|
|t:|1758328160
|move|p1a: Iron Treads|Steel Beam|p2a: Gliscor
|-damage|p2a: Gliscor|39/100 tox
|-damage|p1a: Iron Treads|0 fnt|[from] steelbeam
|faint|p1a: Iron Treads
|-end|p1a: Iron Treads|Quark Drive|[silent]
|move|p2a: Gliscor|Substitute|p2a: Gliscor
|-start|p2a: Gliscor|Substitute
|-damage|p2a: Gliscor|15/100 tox
|
|-heal|p2a: Gliscor|27/100 tox|[from] ability: Poison Heal
|upkeep
|
|t:|1758328168
|switch|p1a: Kyurem|Kyurem|100/100
|-ability|p1a: Kyurem|Pressure
|turn|4
|
|t:|1758328171
|move|p1a: Kyurem|Dragon Dance|p1a: Kyurem
|-boost|p1a: Kyurem|atk|1
|-boost|p1a: Kyurem|spe|1
|move|p2a: Gliscor|Toxic|p1a: Kyurem
|-status|p1a: Kyurem|tox
|
|-damage|p1a: Kyurem|94/100 tox|[from] psn
|-heal|p2a: Gliscor|39/100 tox|[from] ability: Poison Heal
|upkeep
|turn|5
|
|t:|1758328192
|move|p2a: Gliscor|Protect|p2a: Gliscor
|-singleturn|p2a: Gliscor|Protect
|move|p1a: Kyurem|Dragon Dance|p1a: Kyurem
|-boost|p1a: Kyurem|atk|1
|-boost|p1a: Kyurem|spe|1
|
|-damage|p1a: Kyurem|82/100 tox|[from] psn
|-heal|p2a: Gliscor|52/100 tox|[from] ability: Poison Heal
|upkeep
|turn|6
|
|t:|1758328204
|move|p2a: Gliscor|Protect||[still]
|-fail|p2a: Gliscor
|move|p1a: Kyurem|Icicle Spear|p2a: Gliscor
|-supereffective|p2a: Gliscor
|-end|p2a: Gliscor|Substitute
|-supereffective|p2a: Gliscor
|-damage|p2a: Gliscor|0 fnt
|faint|p2a: Gliscor
|-hitcount|p2: Gliscor|2
|
|-damage|p1a: Kyurem|64/100 tox|[from] psn
|upkeep
|
|t:|1758328213
|switch|p2a: Weavile|Weavile, F|100/100
|-damage|p2a: Weavile|76/100|[from] Stealth Rock
|-ability|p2a: Weavile|Pressure
|turn|7
|
|t:|1758328220
|move|p2a: Weavile|Ice Shard|p1a: Kyurem
|-damage|p1a: Kyurem|43/100 tox
|-damage|p2a: Weavile|66/100|[from] item: Life Orb
|move|p1a: Kyurem|Scale Shot|p2a: Weavile
|-damage|p2a: Weavile|19/100
|-damage|p2a: Weavile|0 fnt
|faint|p2a: Weavile
|-hitcount|p2: Weavile|2
|-unboost|p1a: Kyurem|def|1
|-boost|p1a: Kyurem|spe|1
|
|-damage|p1a: Kyurem|19/100 tox|[from] psn
|upkeep
|
|t:|1758328230
|switch|p2a: Kingambit|Kingambit, M|100/100
|-damage|p2a: Kingambit|94/100|[from] Stealth Rock
|-activate|p2a: Kingambit|ability: Supreme Overlord
|-start|p2a: Kingambit|fallen3|[silent]
|turn|8
|
|t:|1758328232
|switch|p1a: Enamorus|Enamorus, F|100/100
|move|p2a: Kingambit|Sucker Punch||[still]
|-fail|p2a: Kingambit
|
|-heal|p2a: Kingambit|100/100|[from] item: Leftovers
|upkeep
|turn|9
|
|t:|1758328239
|-end|p2a: Kingambit|fallen3|[silent]
|switch|p2a: Pecharunt|Pecharunt|100/100
|-damage|p2a: Pecharunt|88/100|[from] Stealth Rock
|move|p1a: Enamorus|Healing Wish|p1a: Enamorus
|faint|p1a: Enamorus
|
|-heal|p2a: Pecharunt|94/100|[from] item: Leftovers
|upkeep
|
|t:|1758328241
|switch|p1a: Kyurem|Kyurem|19/100 tox
|-heal|p1a: Kyurem|100/100|[from] move: Healing Wish
|-ability|p1a: Kyurem|Pressure
|turn|10
|
|t:|1758328253
|switch|p1a: Ninetales|Ninetales-Alola, M|100/100
|-weather|Snowscape|[from] ability: Snow Warning|[of] p1a: Ninetales
|move|p2a: Pecharunt|Nasty Plot|p2a: Pecharunt
|-boost|p2a: Pecharunt|spa|2
|
|-weather|Snowscape|[upkeep]
|-heal|p2a: Pecharunt|99/100|[from] item: Leftovers
|upkeep
|turn|11
|
|t:|1758328258
|move|p1a: Ninetales|Encore|p2a: Pecharunt
|-start|p2a: Pecharunt|Encore
|move|p2a: Pecharunt|Nasty Plot|p2a: Pecharunt
|-boost|p2a: Pecharunt|spa|2
|
|-weather|Snowscape|[upkeep]
|-heal|p2a: Pecharunt|100/100|[from] item: Leftovers
|upkeep
|turn|12
|
|t:|1758328270
|switch|p2a: Kingambit|Kingambit, M|100/100
|-damage|p2a: Kingambit|94/100|[from] Stealth Rock
|-activate|p2a: Kingambit|ability: Supreme Overlord
|-start|p2a: Kingambit|fallen3|[silent]
|move|p1a: Ninetales|Aurora Veil|p1a: Ninetales
|-sidestart|p1: apotato135|move: Aurora Veil
|
|-weather|Snowscape|[upkeep]
|-heal|p2a: Kingambit|100/100|[from] item: Leftovers
|upkeep
|turn|13
|
|t:|1758328274
|switch|p1a: Primeape|Primeape, F|100/100
|move|p2a: Kingambit|Swords Dance|p2a: Kingambit
|-boost|p2a: Kingambit|atk|2
|
|-weather|Snowscape|[upkeep]
|upkeep
|turn|14
|
|t:|1758328279
|-terastallize|p2a: Kingambit|Flying
|move|p1a: Primeape|Bulk Up|p1a: Primeape
|-boost|p1a: Primeape|atk|1
|-boost|p1a: Primeape|def|1
|move|p2a: Kingambit|Swords Dance|p2a: Kingambit
|-boost|p2a: Kingambit|atk|2
|
|-weather|none
|upkeep
|turn|15
|
|t:|1758328287
|move|p1a: Primeape|Bulk Up|p1a: Primeape
|-boost|p1a: Primeape|atk|1
|-boost|p1a: Primeape|def|1
|move|p2a: Kingambit|Iron Head|p1a: Primeape
|-damage|p1a: Primeape|52/100
|
|upkeep
|turn|16
|
|t:|1758328293
|move|p1a: Primeape|Drain Punch|p2a: Kingambit
|-resisted|p2a: Kingambit
|-damage|p2a: Kingambit|82/100
|-heal|p1a: Primeape|64/100|[from] drain|[of] p2a: Kingambit
|move|p2a: Kingambit|Iron Head|p1a: Primeape
|-damage|p1a: Primeape|13/100
|
|-heal|p2a: Kingambit|88/100|[from] item: Leftovers
|upkeep
|turn|17
|
|t:|1758328306
|move|p2a: Kingambit|Sucker Punch|p1a: Primeape
|-resisted|p1a: Primeape
|-damage|p1a: Primeape|0 fnt
|faint|p1a: Primeape
|
|-heal|p2a: Kingambit|94/100|[from] item: Leftovers
|upkeep
|
|t:|1758328310
|switch|p1a: Ninetales|Ninetales-Alola, M|100/100
|-weather|Snowscape|[from] ability: Snow Warning|[of] p1a: Ninetales
|turn|18
|
|t:|1758328314
|move|p1a: Ninetales|Encore|p2a: Kingambit
|-start|p2a: Kingambit|Encore
|move|p2a: Kingambit|Sucker Punch||[still]
|-fail|p2a: Kingambit
|
|-weather|Snowscape|[upkeep]
|-heal|p2a: Kingambit|100/100|[from] item: Leftovers
|upkeep
|turn|19
|
|t:|1758328320
|switch|p1a: Cloyster|Cloyster, F|100/100
|move|p2a: Kingambit|Sucker Punch||[still]
|-fail|p2a: Kingambit
|
|-weather|Snowscape|[upkeep]
|-sideend|p1: apotato135|move: Aurora Veil
|upkeep
|turn|20
|
|t:|1758328325
|-end|p2a: Kingambit|fallen3|[silent]
|switch|p2a: Pecharunt|Pecharunt|100/100
|-damage|p2a: Pecharunt|88/100|[from] Stealth Rock
|move|p1a: Cloyster|Shell Smash|p1a: Cloyster
|-unboost|p1a: Cloyster|def|1
|-unboost|p1a: Cloyster|spd|1
|-boost|p1a: Cloyster|atk|2
|-boost|p1a: Cloyster|spa|2
|-boost|p1a: Cloyster|spe|2
|
|-weather|Snowscape|[upkeep]
|-heal|p2a: Pecharunt|94/100|[from] item: Leftovers
|upkeep
|turn|21
|
|t:|1758328329
|-terastallize|p1a: Cloyster|Ice
|move|p1a: Cloyster|Icicle Spear|p2a: Pecharunt
|-damage|p2a: Pecharunt|72/100
|-damage|p2a: Pecharunt|50/100
|-damage|p2a: Pecharunt|29/100
|-damage|p2a: Pecharunt|7/100
|-damage|p2a: Pecharunt|0 fnt
|faint|p2a: Pecharunt
|-hitcount|p2: Pecharunt|5
|
|-weather|Snowscape|[upkeep]
|upkeep
|
|t:|1758328336
|switch|p2a: Kingambit|Kingambit, M, tera:Flying|100/100
|-damage|p2a: Kingambit|75/100|[from] Stealth Rock
|-activate|p2a: Kingambit|ability: Supreme Overlord
|-start|p2a: Kingambit|fallen4|[silent]
|turn|22
|
|t:|1758328342
|move|p1a: Cloyster|Ice Shard|p2a: Kingambit
|-supereffective|p2a: Kingambit
|-damage|p2a: Kingambit|0 fnt
|faint|p2a: Kingambit
|-end|p2a: Kingambit|fallen4|[silent]
|
|-weather|none
|upkeep
|
|t:|1758328345
|switch|p2a: Dragonite|Dragonite, M|100/100
|turn|23
|
|t:|1758328347
|move|p1a: Cloyster|Icicle Spear|p2a: Dragonite
|-supereffective|p2a: Dragonite
|-damage|p2a: Dragonite|13/100
|-supereffective|p2a: Dragonite
|-damage|p2a: Dragonite|0 fnt
|faint|p2a: Dragonite
|-hitcount|p2: Dragonite|2
|
|win|apotato135
|raw|apotato135's rating: 1461 &rarr; <strong>1484</strong><br />(+23 for winning)
|raw|Dmgigazar123's rating: 1516 &rarr; <strong>1493</strong><br />(-23 for losing)
|l|‽Dmgigazar123
|player|p2|
|l|☆apotato135
|player|p1|
