|j|☆ICElIED
|j|☆Sharpun123
|t:|1758291872
|gametype|singles
|player|p1|ICElIED|steven|1376
|player|p2|Sharpun123|169|1439
|gen|9
|tier|[Gen 9] OU
|rated|
|rule|HP Percentage Mod: HP is shown in percentages
|rule|Endless Battle Clause: Forcing endless battles is banned
|rule|Species Clause: Limit one of each Pokémon
|rule|OHKO Clause: OHKO moves are banned
|rule|Evasion Items Clause: Evasion items are banned
|rule|Evasion Moves Clause: Evasion moves are banned
|rule|Evasion Abilities Clause: Evasion abilities are banned
|rule|Sleep Moves Clause: Sleep-inducing moves are banned
|clearpoke
|poke|p1|Samurott-Hisui, F|
|poke|p1|Meloetta|
|poke|p1|Ceruledge, M|
|poke|p1|Hydrapple, F|
|poke|p1|Scizor, F|
|poke|p1|Zapdos-Galar|
|poke|p2|Samurott-Hisui, M|
|poke|p2|Araquanid, F|
|poke|p2|Iron Treads|
|poke|p2|Iron Moth|
|poke|p2|Corviknight, F|
|poke|p2|Dragonite, F|
|teampreview
|
|t:|1758291881
|teamsize|p1|6
|teamsize|p2|6
|start
|switch|p1a: Zapdos|Zapdos-Galar|100/100
|switch|p2a: Araquanid|Araquanid, F|100/100
|turn|1
|
|t:|1758291888
|switch|p2a: Corviknight|Corviknight, F|100/100
|-ability|p2a: Corviknight|Pressure
|move|p1a: Zapdos|Brave Bird|p2a: Corviknight
|-resisted|p2a: Corviknight
|-damage|p2a: Corviknight|83/100
|-damage|p1a: Zapdos|84/100|[from] item: Rocky Helmet|[of] p2a: Corviknight
|-damage|p1a: Zapdos|77/100|[from] Recoil
|
|upkeep
|turn|2
|
|t:|1758291899
|switch|p1a: Hydrapple|Hydrapple, F|100/100
|move|p2a: Corviknight|Roost|p2a: Corviknight
|-heal|p2a: Corviknight|100/100
|-singleturn|p2a: Corviknight|move: Roost
|
|upkeep
|turn|3
|
|t:|1758291920
|switch|p2a: Araquanid|Araquanid, F|100/100
|switch|p1a: Zapdos|Zapdos-Galar|77/100
|
|upkeep
|turn|4
|
|t:|1758291928
|switch|p2a: Corviknight|Corviknight, F|100/100
|-ability|p2a: Corviknight|Pressure
|move|p1a: Zapdos|Knock Off|p2a: Corviknight
|-damage|p2a: Corviknight|80/100
|-damage|p1a: Zapdos|60/100|[from] item: Rocky Helmet|[of] p2a: Corviknight
|-enditem|p2a: Corviknight|Rocky Helmet|[from] move: Knock Off|[of] p1a: Zapdos
|
|upkeep
|turn|5
|
|t:|1758291936
|switch|p1a: Ceruledge|Ceruledge, M|100/100
|move|p2a: Corviknight|Brave Bird|p1a: Ceruledge
|-damage|p1a: Ceruledge|55/100
|-damage|p2a: Corviknight|67/100|[from] Recoil
|
|upkeep
|turn|6
|
|t:|1758291942
|move|p1a: Ceruledge|Bitter Blade|p2a: Corviknight
|-supereffective|p2a: Corviknight
|-damage|p2a: Corviknight|18/100
|-heal|p1a: Ceruledge|85/100|[from] drain|[of] p2a: Corviknight
|move|p2a: Corviknight|Roost|p2a: Corviknight
|-heal|p2a: Corviknight|68/100
|-singleturn|p2a: Corviknight|move: Roost
|
|upkeep
|turn|7
|
|t:|1758291945
|switch|p2a: Araquanid|Araquanid, F|100/100
|move|p1a: Ceruledge|Bitter Blade|p2a: Araquanid
|-damage|p2a: Araquanid|80/100
|-heal|p1a: Ceruledge|95/100|[from] drain|[of] p2a: Araquanid
|
|upkeep
|turn|8
|
|t:|1758291952
|move|p1a: Ceruledge|Poltergeist|p2a: Araquanid
|-activate|p2a: Araquanid|move: Poltergeist|Custap Berry
|-damage|p2a: Araquanid|30/100
|move|p2a: Araquanid|Sticky Web|p1a: Ceruledge
|-sidestart|p1: ICElIED|move: Sticky Web
|
|upkeep
|turn|9
|
|t:|1758291959
|move|p1a: Ceruledge|Poltergeist|p2a: Araquanid
|-activate|p2a: Araquanid|move: Poltergeist|Custap Berry
|-damage|p2a: Araquanid|0 fnt
|faint|p2a: Araquanid
|
|upkeep
|
|t:|1758291961
|switch|p2a: Samurott|Samurott-Hisui, M|100/100
|turn|10
|
|t:|1758291966
|move|p2a: Samurott|Ceaseless Edge|p1a: Ceruledge
|-supereffective|p1a: Ceruledge
|-damage|p1a: Ceruledge|0 fnt
|-sidestart|p1: ICElIED|Spikes
|faint|p1a: Ceruledge
|
|upkeep
|
|t:|1758291974
|switch|p1a: Samurott|Samurott-Hisui, F|100/100
|turn|11
|
|t:|1758291978
|move|p2a: Samurott|Sacred Sword|p1a: Samurott
|-supereffective|p1a: Samurott
|-damage|p1a: Samurott|3/100
|move|p1a: Samurott|Ceaseless Edge|p2a: Samurott
|-resisted|p2a: Samurott
|-damage|p2a: Samurott|67/100
|-sidestart|p2: Sharpun123|Spikes
|
|upkeep
|turn|12
|
|t:|1758291997
|switch|p1a: Zapdos|Zapdos-Galar|60/100
|move|p2a: Samurott|Sucker Punch||[still]
|-fail|p2a: Samurott
|
|upkeep
|turn|13
|
|t:|1758292002
|switch|p2a: Corviknight|Corviknight, F|68/100
|-ability|p2a: Corviknight|Pressure
|move|p1a: Zapdos|Close Combat|p2a: Corviknight
|-damage|p2a: Corviknight|30/100
|-unboost|p1a: Zapdos|def|1
|-unboost|p1a: Zapdos|spd|1
|
|upkeep
|turn|14
|
|t:|1758292009
|move|p1a: Zapdos|Close Combat|p2a: Corviknight
|-damage|p2a: Corviknight|0 fnt
|-unboost|p1a: Zapdos|def|1
|-unboost|p1a: Zapdos|spd|1
|faint|p2a: Corviknight
|
|upkeep
|
|t:|1758292019
|switch|p2a: Iron Moth|Iron Moth|100/100
|-damage|p2a: Iron Moth|88/100|[from] Spikes
|turn|15
|
|t:|1758292022
|switch|p1a: Meloetta|Meloetta|100/100
|-activate|p1a: Meloetta|move: Sticky Web
|-unboost|p1a: Meloetta|spe|1
|-damage|p1a: Meloetta|88/100|[from] Spikes
|move|p2a: Iron Moth|Fiery Dance|p1a: Meloetta
|-damage|p1a: Meloetta|62/100
|-boost|p2a: Iron Moth|spa|1
|
|upkeep
|turn|16
|
|t:|1758292029
|-end|p2a: Iron Moth|Quark Drive|[silent]
|switch|p2a: Samurott|Samurott-Hisui, M|67/100
|-damage|p2a: Samurott|55/100|[from] Spikes
|move|p1a: Meloetta|Psyshock|p2a: Samurott
|-immune|p2a: Samurott
|
|upkeep
|turn|17
|
|t:|1758292037
|switch|p1a: Samurott|Samurott-Hisui, F|3/100
|move|p2a: Samurott|Ceaseless Edge|p1a: Samurott
|-resisted|p1a: Samurott
|-damage|p1a: Samurott|0 fnt
|-sidestart|p1: ICElIED|Spikes
|faint|p1a: Samurott
|
|upkeep
|
|t:|1758292039
|switch|p1a: Zapdos|Zapdos-Galar|60/100
|turn|18
|
|t:|1758292053
|switch|p2a: Iron Moth|Iron Moth|88/100
|-damage|p2a: Iron Moth|76/100|[from] Spikes
|move|p1a: Zapdos|Close Combat|p2a: Iron Moth
|-resisted|p2a: Iron Moth
|-damage|p2a: Iron Moth|22/100
|-unboost|p1a: Zapdos|def|1
|-unboost|p1a: Zapdos|spd|1
|
|upkeep
|turn|19
|
|t:|1758292063
|move|p1a: Zapdos|Close Combat|p2a: Iron Moth
|-resisted|p2a: Iron Moth
|-damage|p2a: Iron Moth|0 fnt
|-unboost|p1a: Zapdos|def|1
|-unboost|p1a: Zapdos|spd|1
|faint|p2a: Iron Moth
|-end|p2a: Iron Moth|Quark Drive|[silent]
|
|upkeep
|
|t:|1758292066
|switch|p2a: Dragonite|Dragonite, F|100/100
|turn|20
|
|t:|1758292078
|switch|p1a: Hydrapple|Hydrapple, F|100/100
|move|p2a: Dragonite|Dragon Dance|p2a: Dragonite
|-boost|p2a: Dragonite|atk|1
|-boost|p2a: Dragonite|spe|1
|
|upkeep
|turn|21
|
|t:|1758292091
|-terastallize|p2a: Dragonite|Normal
|move|p2a: Dragonite|Ice Spinner|p1a: Hydrapple
|-supereffective|p1a: Hydrapple
|-damage|p1a: Hydrapple|0 fnt
|faint|p1a: Hydrapple
|
|upkeep
|
|t:|1758292106
|switch|p1a: Scizor|Scizor, F|100/100
|turn|22
|
|t:|1758292124
|move|p1a: Scizor|Bullet Punch|p2a: Dragonite
|-damage|p2a: Dragonite|86/100
|move|p2a: Dragonite|Earthquake|p1a: Scizor
|-damage|p1a: Scizor|41/100
|
|upkeep
|turn|23
|inactive|Battle timer is ON: inactive players will automatically lose when time's up. (requested by Sharpun123)
|
|t:|1758292139
|move|p1a: Scizor|Bullet Punch|p2a: Dragonite
|-damage|p2a: Dragonite|55/100
|move|p2a: Dragonite|Earthquake|p1a: Scizor
|-damage|p1a: Scizor|0 fnt
|faint|p1a: Scizor
|
|upkeep
|
|t:|1758292142
|switch|p1a: Zapdos|Zapdos-Galar|60/100
|turn|24
|
|t:|1758292147
|move|p2a: Dragonite|Extreme Speed|p1a: Zapdos
|-damage|p1a: Zapdos|0 fnt
|faint|p1a: Zapdos
|
|upkeep
|-message|ICElIED forfeited.
|
|win|Sharpun123
|raw|ICElIED's rating: 1376 &rarr; <strong>1360</strong><br />(-16 for losing)
|raw|Sharpun123's rating: 1439 &rarr; <strong>1455</strong><br />(+16 for winning)
|l|☆ICElIED
|player|p1|
|l|☆Sharpun123
|player|p2|
