|j|☆XDatboiiX
|j|☆lzweax
|t:|1758318343
|gametype|singles
|player|p1|XDatboiiX|2|1256
|player|p2|lzweax|1|1254
|gen|9
|tier|[Gen 9] OU
|rated|
|rule|HP Percentage Mod: HP is shown in percentages
|rule|Endless Battle Clause: Forcing endless battles is banned
|rule|Species Clause: Limit one of each Pokémon
|rule|OHKO Clause: OHKO moves are banned
|rule|Evasion Items Clause: Evasion items are banned
|rule|Evasion Moves Clause: Evasion moves are banned
|rule|Evasion Abilities Clause: Evasion abilities are banned
|rule|Sleep Moves Clause: Sleep-inducing moves are banned
|clearpoke
|poke|p1|Serperior, M|
|poke|p1|Dragonite, M|
|poke|p1|Gliscor, M|
|poke|p1|Dondozo, M|
|poke|p1|Scizor, F|
|poke|p1|Pecharunt|
|poke|p2|Araquanid, F|
|poke|p2|Iron Treads|
|poke|p2|Drifblim, F|
|poke|p2|Glimmora, F|
|poke|p2|Darkrai|
|poke|p2|Blissey, F|
|teampreview
|
|t:|1758318353
|teamsize|p1|6
|teamsize|p2|6
|start
|switch|p1a: Scizor|Scizor, F|100/100
|switch|p2a: Glimmora|Glimmora, F|100/100
|turn|1
|
|t:|1758318362
|move|p1a: Scizor|Bullet Punch|p2a: Glimmora
|-supereffective|p2a: Glimmora
|-enditem|p2a: Glimmora|Focus Sash
|-damage|p2a: Glimmora|1/100
|-activate|p2a: Glimmora|ability: Toxic Debris
|-sidestart|p1: XDatboiiX|move: Toxic Spikes
|move|p2a: Glimmora|Stealth Rock|p1a: Scizor
|-sidestart|p1: XDatboiiX|move: Stealth Rock
|
|upkeep
|turn|2
|
|t:|1758318373
|move|p1a: Scizor|Bullet Punch|p2a: Glimmora
|-supereffective|p2a: Glimmora
|-damage|p2a: Glimmora|0 fnt
|-activate|p2a: Glimmora|ability: Toxic Debris
|-sidestart|p1: XDatboiiX|move: Toxic Spikes
|faint|p2a: Glimmora
|
|upkeep
|
|t:|1758318379
|switch|p2a: Araquanid|Araquanid, F|100/100
|turn|3
|
|t:|1758318384
|switch|p1a: Pecharunt|Pecharunt|100/100
|-sideend|p1: XDatboiiX|move: Toxic Spikes|[of] p1a: Pecharunt
|-damage|p1a: Pecharunt|88/100|[from] Stealth Rock
|move|p2a: Araquanid|Sticky Web|p1a: Pecharunt
|-sidestart|p1: XDatboiiX|move: Sticky Web
|
|upkeep
|turn|4
|
|t:|1758318400
|switch|p2a: Drifblim|Drifblim, F|100/100
|move|p1a: Pecharunt|Parting Shot|p2a: Drifblim
|-unboost|p2a: Drifblim|atk|1
|-unboost|p2a: Drifblim|spa|1
|
|t:|1758318406
|switch|p1a: Serperior|Serperior, M|100/100|[from] Parting Shot
|-damage|p1a: Serperior|88/100|[from] Stealth Rock
|-activate|p1a: Serperior|move: Sticky Web
|-boost|p1a: Serperior|spe|1
|
|-heal|p1a: Serperior|94/100|[from] item: Leftovers
|-status|p2a: Drifblim|brn|[from] item: Flame Orb
|upkeep
|turn|5
|
|t:|1758318417
|switch|p2a: Blissey|Blissey, F|100/100
|move|p1a: Serperior|Substitute|p1a: Serperior
|-start|p1a: Serperior|Substitute
|-damage|p1a: Serperior|70/100
|
|-heal|p1a: Serperior|76/100|[from] item: Leftovers
|upkeep
|turn|6
|
|t:|1758318426
|move|p1a: Serperior|Glare|p2a: Blissey
|-status|p2a: Blissey|par
|move|p2a: Blissey|Seismic Toss|p1a: Serperior
|-end|p1a: Serperior|Substitute
|
|-heal|p1a: Serperior|82/100|[from] item: Leftovers
|upkeep
|turn|7
|
|t:|1758318435
|move|p1a: Serperior|Substitute|p1a: Serperior
|-start|p1a: Serperior|Substitute
|-damage|p1a: Serperior|57/100
|cant|p2a: Blissey|par
|
|-heal|p1a: Serperior|63/100|[from] item: Leftovers
|upkeep
|turn|8
|
|t:|1758318443
|move|p1a: Serperior|Leaf Storm|p2a: Blissey
|-damage|p2a: Blissey|86/100 par
|-boost|p1a: Serperior|spa|2
|move|p2a: Blissey|Seismic Toss|p1a: Serperior
|-end|p1a: Serperior|Substitute
|
|-heal|p1a: Serperior|70/100|[from] item: Leftovers
|-heal|p2a: Blissey|92/100 par|[from] item: Leftovers
|upkeep
|turn|9
|
|t:|1758318454
|move|p1a: Serperior|Substitute|p1a: Serperior
|-start|p1a: Serperior|Substitute
|-damage|p1a: Serperior|45/100
|move|p2a: Blissey|Seismic Toss|p1a: Serperior
|-end|p1a: Serperior|Substitute
|
|-heal|p1a: Serperior|51/100|[from] item: Leftovers
|-heal|p2a: Blissey|99/100 par|[from] item: Leftovers
|upkeep
|turn|10
|
|t:|1758318463
|move|p1a: Serperior|Substitute|p1a: Serperior
|-start|p1a: Serperior|Substitute
|-damage|p1a: Serperior|26/100
|move|p2a: Blissey|Seismic Toss|p1a: Serperior
|-end|p1a: Serperior|Substitute
|
|-heal|p1a: Serperior|32/100|[from] item: Leftovers
|-heal|p2a: Blissey|100/100 par|[from] item: Leftovers
|upkeep
|turn|11
|
|t:|1758318472
|move|p1a: Serperior|Substitute|p1a: Serperior
|-start|p1a: Serperior|Substitute
|-damage|p1a: Serperior|8/100
|move|p2a: Blissey|Seismic Toss|p1a: Serperior
|-end|p1a: Serperior|Substitute
|
|-heal|p1a: Serperior|14/100|[from] item: Leftovers
|upkeep
|turn|12
|
|t:|1758318483
|move|p1a: Serperior|Leaf Storm|p2a: Blissey
|-damage|p2a: Blissey|75/100 par
|-boost|p1a: Serperior|spa|2
|cant|p2a: Blissey|par
|
|-heal|p1a: Serperior|20/100|[from] item: Leftovers
|-heal|p2a: Blissey|81/100 par|[from] item: Leftovers
|upkeep
|turn|13
|
|t:|1758318492
|move|p1a: Serperior|Leaf Storm|p2a: Blissey
|-damage|p2a: Blissey|39/100 par
|-boost|p1a: Serperior|spa|2
|cant|p2a: Blissey|par
|
|-heal|p1a: Serperior|26/100|[from] item: Leftovers
|-heal|p2a: Blissey|45/100 par|[from] item: Leftovers
|upkeep
|turn|14
|
|t:|1758318511
|move|p1a: Serperior|Leaf Storm|p2a: Blissey
|-damage|p2a: Blissey|0 fnt
|faint|p2a: Blissey
|
|-heal|p1a: Serperior|32/100|[from] item: Leftovers
|upkeep
|
|t:|1758318519
|switch|p2a: Drifblim|Drifblim, F|100/100 brn
|turn|15
|
|t:|1758318524
|move|p1a: Serperior|Substitute|p1a: Serperior
|-start|p1a: Serperior|Substitute
|-damage|p1a: Serperior|8/100
|move|p2a: Drifblim|Air Slash|p1a: Serperior
|-supereffective|p1a: Serperior
|-end|p1a: Serperior|Substitute
|
|-heal|p1a: Serperior|14/100|[from] item: Leftovers
|-damage|p2a: Drifblim|94/100 brn|[from] brn
|upkeep
|turn|16
|
|t:|1758318539
|move|p1a: Serperior|Leaf Storm|p2a: Drifblim
|-resisted|p2a: Drifblim
|-damage|p2a: Drifblim|0 fnt
|faint|p2a: Drifblim
|
|-heal|p1a: Serperior|20/100|[from] item: Leftovers
|upkeep
|
|t:|1758318549
|switch|p2a: Darkrai|Darkrai|100/100
|turn|17
|
|t:|1758318555
|move|p1a: Serperior|Leaf Storm|p2a: Darkrai
|-damage|p2a: Darkrai|0 fnt
|faint|p2a: Darkrai
|
|-heal|p1a: Serperior|26/100|[from] item: Leftovers
|upkeep
|-message|lzweax forfeited.
|
|win|XDatboiiX
|raw|XDatboiiX's rating: 1256 &rarr; <strong>1281</strong><br />(+25 for winning)
|raw|lzweax's rating: 1254 &rarr; <strong>1229</strong><br />(-25 for losing)
|l|☆lzweax
|player|p2|
|l|☆XDatboiiX
|player|p1|
|j|☆XDatboiiX
|player|p1|XDatboiiX|2|
