|j|☆thetealqueen
|j|☆Team BBIO 38
|t:|1758293032
|gametype|singles
|player|p1|thetealqueen|266|1473
|player|p2|Team BBIO 38|dragontamer|1425
|gen|9
|tier|[Gen 9] OU
|rated|
|rule|HP Percentage Mod: HP is shown in percentages
|rule|Endless Battle Clause: Forcing endless battles is banned
|rule|Species Clause: Limit one of each Pokémon
|rule|OHKO Clause: OHKO moves are banned
|rule|Evasion Items Clause: Evasion items are banned
|rule|Evasion Moves Clause: Evasion moves are banned
|rule|Evasion Abilities Clause: Evasion abilities are banned
|rule|Sleep Moves Clause: Sleep-inducing moves are banned
|clearpoke
|poke|p1|Ogerpon, F|
|poke|p1|Great Tusk|
|poke|p1|Hatterene, F|
|poke|p1|Kingambit, F|
|poke|p1|Gliscor, F|
|poke|p1|Cinderace, M|
|poke|p2|Dusclops, M|
|poke|p2|Blissey, F|
|poke|p2|Flamigo, M|
|poke|p2|Latias, F|
|poke|p2|Darkrai|
|poke|p2|Latios, M|
|teampreview
|inactive|Battle timer is ON: inactive players will automatically lose when time's up. (requested by Team BBIO 38)
|
|t:|1758293040
|teamsize|p1|6
|teamsize|p2|6
|start
|switch|p1a: Hatterene|Hatterene, F|100/100
|switch|p2a: Darkrai|Darkrai|100/100
|turn|1
|
|t:|1758293050
|move|p2a: Darkrai|Dark Pulse|p1a: Hatterene
|-damage|p1a: Hatterene|64/100
|move|p1a: Hatterene|Draining Kiss|p2a: Darkrai
|-supereffective|p2a: Darkrai
|-damage|p2a: Darkrai|29/100
|-heal|p1a: Hatterene|100/100|[from] drain|[of] p2a: Darkrai
|
|upkeep
|turn|2
|
|t:|1758293058
|switch|p2a: Blissey|Blissey, F|100/100
|move|p1a: Hatterene|Future Sight|p2a: Blissey
|-start|p1a: Hatterene|move: Future Sight
|
|upkeep
|turn|3
|
|t:|1758293072
|switch|p1a: Kingambit|Kingambit, F|100/100
|move|p2a: Blissey|Seismic Toss|p1a: Kingambit
|-damage|p1a: Kingambit|76/100
|
|upkeep
|turn|4
|
|t:|1758293078
|move|p2a: Blissey|Thunder Wave|p1a: Kingambit
|-status|p1a: Kingambit|par
|move|p1a: Kingambit|Kowtow Cleave|p2a: Blissey
|-damage|p2a: Blissey|43/100
|
|-end|p2a: Blissey|move: Future Sight
|-damage|p2a: Blissey|19/100
|-heal|p2a: Blissey|25/100|[from] item: Leftovers
|upkeep
|turn|5
|
|t:|1758293086
|move|p2a: Blissey|Soft-Boiled|p2a: Blissey
|-heal|p2a: Blissey|75/100
|move|p1a: Kingambit|Kowtow Cleave|p2a: Blissey
|-damage|p2a: Blissey|22/100
|
|-heal|p2a: Blissey|28/100|[from] item: Leftovers
|upkeep
|turn|6
|
|t:|1758293093
|-end|p1a: Kingambit|fallenundefined|[silent]
|switch|p1a: Ogerpon|Ogerpon, F|100/100
|move|p2a: Blissey|Soft-Boiled|p2a: Blissey
|-heal|p2a: Blissey|78/100
|
|-heal|p2a: Blissey|85/100|[from] item: Leftovers
|upkeep
|turn|7
|
|t:|1758293100
|switch|p2a: Dusclops|Dusclops, M|100/100
|-item|p1a: Ogerpon|Choice Band|[from] ability: Frisk|[of] p2a: Dusclops
|move|p1a: Ogerpon|U-turn|p2a: Dusclops
|-resisted|p2a: Dusclops
|-damage|p2a: Dusclops|91/100
|
|t:|1758293109
|switch|p1a: Cinderace|Cinderace, M|100/100|[from] U-turn
|
|upkeep
|turn|8
|
|t:|1758293113
|move|p1a: Cinderace|Pyro Ball|p2a: Dusclops
|-damage|p2a: Dusclops|53/100
|move|p2a: Dusclops|Night Shade|p1a: Cinderace
|-damage|p1a: Cinderace|67/100
|
|upkeep
|turn|9
|
|t:|1758293119
|move|p1a: Cinderace|Pyro Ball|p2a: Dusclops
|-damage|p2a: Dusclops|11/100
|move|p2a: Dusclops|Pain Split|p1a: Cinderace
|-sethp|p1a: Cinderace|39/100|[from] move: Pain Split|[silent]
|-sethp|p2a: Dusclops|41/100|[from] move: Pain Split
|
|upkeep
|turn|10
|
|t:|1758293125
|move|p1a: Cinderace|Pyro Ball|p2a: Dusclops
|-damage|p2a: Dusclops|0 fnt
|faint|p2a: Dusclops
|
|upkeep
|
|t:|1758293131
|switch|p2a: Darkrai|Darkrai|29/100
|turn|11
|
|t:|1758293135
|move|p2a: Darkrai|Dark Pulse|p1a: Cinderace
|-damage|p1a: Cinderace|0 fnt
|faint|p1a: Cinderace
|
|upkeep
|
|t:|1758293137
|switch|p1a: Ogerpon|Ogerpon, F|100/100
|turn|12
|
|t:|1758293142
|-terastallize|p1a: Ogerpon|Grass
|detailschange|p1a: Ogerpon|Ogerpon-Teal-Tera, F, tera:Grass
|-ability|p1a: Ogerpon|Embody Aspect (Teal)|boost
|-boost|p1a: Ogerpon|spe|1
|move|p1a: Ogerpon|U-turn|p2a: Darkrai
|-supereffective|p2a: Darkrai
|-damage|p2a: Darkrai|0 fnt
|faint|p2a: Darkrai
|
|t:|1758293146
|switch|p1a: Gliscor|Gliscor, F|100/100|[from] U-turn
|
|-status|p1a: Gliscor|tox|[from] item: Toxic Orb
|upkeep
|
|t:|1758293153
|switch|p2a: Latios|Latios, M|100/100
|turn|13
|
|t:|1758293157
|move|p2a: Latios|Ice Beam|p1a: Gliscor
|-supereffective|p1a: Gliscor
|-damage|p1a: Gliscor|0 fnt
|faint|p1a: Gliscor
|-damage|p2a: Latios|91/100|[from] item: Life Orb
|
|upkeep
|
|t:|1758293160
|switch|p1a: Hatterene|Hatterene, F|100/100
|turn|14
|
|t:|1758293172
|switch|p2a: Blissey|Blissey, F|85/100
|move|p1a: Hatterene|Draining Kiss|p2a: Blissey
|-damage|p2a: Blissey|75/100
|
|-heal|p2a: Blissey|81/100|[from] item: Leftovers
|upkeep
|turn|15
|
|t:|1758293179
|move|p2a: Blissey|Seismic Toss|p1a: Hatterene
|-damage|p1a: Hatterene|69/100
|move|p1a: Hatterene|Future Sight|p2a: Blissey
|-start|p1a: Hatterene|move: Future Sight
|
|-heal|p2a: Blissey|87/100|[from] item: Leftovers
|upkeep
|turn|16
|
|t:|1758293185
|move|p2a: Blissey|Seismic Toss|p1a: Hatterene
|-damage|p1a: Hatterene|37/100
|move|p1a: Hatterene|Draining Kiss|p2a: Blissey
|-damage|p2a: Blissey|77/100
|-heal|p1a: Hatterene|55/100|[from] drain|[of] p2a: Blissey
|
|-heal|p2a: Blissey|83/100|[from] item: Leftovers
|upkeep
|turn|17
|
|t:|1758293194
|switch|p1a: Great Tusk|Great Tusk|100/100
|move|p2a: Blissey|Seismic Toss|p1a: Great Tusk
|-damage|p1a: Great Tusk|77/100
|
|-end|p2a: Blissey|move: Future Sight
|-crit|p2a: Blissey
|-damage|p2a: Blissey|46/100
|-heal|p2a: Blissey|52/100|[from] item: Leftovers
|upkeep
|turn|18
|
|t:|1758293202
|move|p1a: Great Tusk|Knock Off|p2a: Blissey
|-damage|p2a: Blissey|25/100
|-enditem|p2a: Blissey|Leftovers|[from] move: Knock Off|[of] p1a: Great Tusk
|move|p2a: Blissey|Soft-Boiled|p2a: Blissey
|-heal|p2a: Blissey|75/100
|
|upkeep
|turn|19
|
|t:|1758293209
|move|p1a: Great Tusk|Body Press|p2a: Blissey
|-supereffective|p2a: Blissey
|-damage|p2a: Blissey|6/100
|move|p2a: Blissey|Seismic Toss|p1a: Great Tusk
|-damage|p1a: Great Tusk|54/100
|
|upkeep
|turn|20
|
|t:|1758293214
|move|p1a: Great Tusk|Rapid Spin|p2a: Blissey
|-damage|p2a: Blissey|0 fnt
|-boost|p1a: Great Tusk|spe|1
|faint|p2a: Blissey
|
|upkeep
|
|t:|1758293220
|switch|p2a: Flamigo|Flamigo, M|100/100
|turn|21
|
|t:|1758293223
|move|p2a: Flamigo|Brave Bird|p1a: Great Tusk
|-supereffective|p1a: Great Tusk
|-damage|p1a: Great Tusk|0 fnt
|faint|p1a: Great Tusk
|-end|p1a: Great Tusk|Protosynthesis|[silent]
|-damage|p2a: Flamigo|76/100|[from] Recoil
|
|upkeep
|
|t:|1758293227
|switch|p1a: Ogerpon|Ogerpon-Teal-Tera, F, tera:Grass|100/100
|-ability|p1a: Ogerpon|Embody Aspect (Teal)|boost
|-boost|p1a: Ogerpon|spe|1
|turn|22
|
|t:|1758293232
|move|p1a: Ogerpon|Ivy Cudgel|p2a: Flamigo
|-resisted|p2a: Flamigo
|-damage|p2a: Flamigo|1/100
|move|p2a: Flamigo|Brave Bird|p1a: Ogerpon
|-supereffective|p1a: Ogerpon
|-damage|p1a: Ogerpon|0 fnt
|faint|p1a: Ogerpon
|detailschange|p1: Ogerpon|Ogerpon, F|[silent]
|-damage|p2a: Flamigo|0 fnt|[from] Recoil
|faint|p2a: Flamigo
|
|upkeep
|
|t:|1758293242
|switch|p1a: Hatterene|Hatterene, F|55/100
|switch|p2a: Latios|Latios, M|91/100
|turn|23
|
|t:|1758293250
|move|p2a: Latios|Ice Beam|p1a: Hatterene
|-damage|p1a: Hatterene|30/100
|-damage|p2a: Latios|81/100|[from] item: Life Orb
|move|p1a: Hatterene|Draining Kiss|p2a: Latios
|-supereffective|p2a: Latios
|-damage|p2a: Latios|26/100
|-heal|p1a: Hatterene|69/100|[from] drain|[of] p2a: Latios
|
|upkeep
|turn|24
|
|t:|1758293258
|move|p2a: Latios|Ice Beam|p1a: Hatterene
|-damage|p1a: Hatterene|46/100
|-damage|p2a: Latios|16/100|[from] item: Life Orb
|move|p1a: Hatterene|Draining Kiss|p2a: Latios
|-supereffective|p2a: Latios
|-damage|p2a: Latios|0 fnt
|-heal|p1a: Hatterene|57/100|[from] drain|[of] p2a: Latios
|faint|p2a: Latios
|
|upkeep
|
|t:|1758293266
|switch|p2a: Alaric|Latias, F|100/100
|turn|25
|
|t:|1758293269
|-terastallize|p2a: Alaric|Steel
|move|p2a: Alaric|Calm Mind|p2a: Alaric
|-boost|p2a: Alaric|spa|1
|-boost|p2a: Alaric|spd|1
|move|p1a: Hatterene|Draining Kiss|p2a: Alaric
|-resisted|p2a: Alaric
|-damage|p2a: Alaric|92/100
|-heal|p1a: Hatterene|63/100|[from] drain|[of] p2a: Alaric
|
|upkeep
|turn|26
|
|t:|1758293277
|move|p2a: Alaric|Calm Mind|p2a: Alaric
|-boost|p2a: Alaric|spa|1
|-boost|p2a: Alaric|spd|1
|move|p1a: Hatterene|Mystical Fire|p2a: Alaric
|-supereffective|p2a: Alaric
|-damage|p2a: Alaric|66/100
|
|upkeep
|turn|27
|
|t:|1758293282
|move|p2a: Alaric|Calm Mind|p2a: Alaric
|-boost|p2a: Alaric|spa|1
|-boost|p2a: Alaric|spd|1
|move|p1a: Hatterene|Mystical Fire|p2a: Alaric
|-supereffective|p2a: Alaric
|-damage|p2a: Alaric|48/100
|
|upkeep
|turn|28
|
|t:|1758293295
|move|p2a: Alaric|Recover|p2a: Alaric
|-heal|p2a: Alaric|98/100
|move|p1a: Hatterene|Mystical Fire|p2a: Alaric
|-supereffective|p2a: Alaric
|-damage|p2a: Alaric|77/100
|
|upkeep
|turn|29
|
|t:|1758293300
|move|p2a: Alaric|Calm Mind|p2a: Alaric
|-boost|p2a: Alaric|spa|1
|-boost|p2a: Alaric|spd|1
|move|p1a: Hatterene|Mystical Fire|p2a: Alaric
|-supereffective|p2a: Alaric
|-damage|p2a: Alaric|61/100
|
|upkeep
|turn|30
|
|t:|1758293306
|move|p2a: Alaric|Recover|p2a: Alaric
|-heal|p2a: Alaric|100/100
|move|p1a: Hatterene|Mystical Fire|p2a: Alaric
|-supereffective|p2a: Alaric
|-crit|p2a: Alaric
|-damage|p2a: Alaric|22/100
|
|upkeep
|turn|31
|
|t:|1758293313
|move|p2a: Alaric|Recover|p2a: Alaric
|-heal|p2a: Alaric|72/100
|move|p1a: Hatterene|Mystical Fire|p2a: Alaric
|-supereffective|p2a: Alaric
|-damage|p2a: Alaric|55/100
|
|upkeep
|turn|32
|
|t:|1758293319
|move|p2a: Alaric|Recover|p2a: Alaric
|-heal|p2a: Alaric|100/100
|move|p1a: Hatterene|Mystical Fire|p2a: Alaric
|-supereffective|p2a: Alaric
|-damage|p2a: Alaric|83/100
|
|upkeep
|turn|33
|
|t:|1758293325
|move|p2a: Alaric|Stored Power|p1a: Hatterene
|-resisted|p1a: Hatterene
|-damage|p1a: Hatterene|0 fnt
|faint|p1a: Hatterene
|
|upkeep
|
|t:|1758293327
|switch|p1a: Kingambit|Kingambit, F|76/100 par
|-activate|p1a: Kingambit|ability: Supreme Overlord
|-start|p1a: Kingambit|fallen5|[silent]
|turn|34
|
|t:|1758293331
|move|p2a: Alaric|Aura Sphere|p1a: Kingambit
|-supereffective|p1a: Kingambit
|-damage|p1a: Kingambit|0 fnt
|faint|p1a: Kingambit
|-end|p1a: Kingambit|fallen5|[silent]
|
|win|Team BBIO 38
|raw|thetealqueen's rating: 1473 &rarr; <strong>1450</strong><br />(-23 for losing)
|raw|Team BBIO 38's rating: 1425 &rarr; <strong>1448</strong><br />(+23 for winning)
|l|☆Team BBIO 38
|player|p2|
|l|☆thetealqueen
|player|p1|
