|j|☆lerendezvous
|j|☆raviolikid
|t:|1758341044
|gametype|singles
|player|p1|lerendezvous|101|1657
|player|p2|raviolikid|clair|1606
|gen|9
|tier|[Gen 9] OU
|rated|
|rule|HP Percentage Mod: HP is shown in percentages
|rule|Endless Battle Clause: Forcing endless battles is banned
|rule|Species Clause: Limit one of each Pokémon
|rule|OHKO Clause: OHKO moves are banned
|rule|Evasion Items Clause: Evasion items are banned
|rule|Evasion Moves Clause: Evasion moves are banned
|rule|Evasion Abilities Clause: Evasion abilities are banned
|rule|Sleep Moves Clause: Sleep-inducing moves are banned
|clearpoke
|poke|p1|Ogerpon-Wellspring, F|
|poke|p1|Slowking-Galar, M|
|poke|p1|Great Tusk|
|poke|p1|Moltres|
|poke|p1|Dragapult, F|
|poke|p1|Kingambit, M|
|poke|p2|Garchomp, F|
|poke|p2|Iron Treads|
|poke|p2|Primarina, M|
|poke|p2|Pecharunt|
|poke|p2|Meowscarada, F|
|poke|p2|Raging Bolt|
|teampreview
|inactive|Battle timer is ON: inactive players will automatically lose when time's up. (requested by raviolikid)
|inactive|lerendezvous also wants the timer to be on.
|
|t:|1758341058
|teamsize|p1|6
|teamsize|p2|6
|start
|switch|p1a: Great Tusk|Great Tusk|100/100
|switch|p2a: Monster|Garchomp, F|100/100
|turn|1
|
|t:|1758341064
|move|p1a: Great Tusk|Stealth Rock|p2a: Monster
|-sidestart|p2: raviolikid|move: Stealth Rock
|move|p2a: Monster|Spikes|p1a: Great Tusk
|-sidestart|p1: lerendezvous|Spikes
|
|upkeep
|turn|2
|
|t:|1758341073
|move|p1a: Great Tusk|Ice Spinner|p2a: Monster
|-supereffective|p2a: Monster
|-damage|p2a: Monster|24/100
|-damage|p1a: Great Tusk|88/100|[from] ability: Rough Skin|[of] p2a: Monster
|-damage|p1a: Great Tusk|72/100|[from] item: Rocky Helmet|[of] p2a: Monster
|move|p2a: Monster|Earthquake|p1a: Great Tusk
|-damage|p1a: Great Tusk|43/100
|
|upkeep
|turn|3
|
|t:|1758341079
|switch|p2a: Disease|Pecharunt|100/100
|-damage|p2a: Disease|88/100|[from] Stealth Rock
|-item|p2a: Disease|Air Balloon
|move|p1a: Great Tusk|Headlong Rush|p2a: Disease
|-immune|p2a: Disease
|
|upkeep
|turn|4
|
|t:|1758341085
|-end|p1a: Great Tusk|Protosynthesis|[silent]
|switch|p1a: Slowking|Slowking-Galar, M|100/100
|-damage|p1a: Slowking|88/100|[from] Spikes
|move|p2a: Disease|Shadow Ball|p1a: Slowking
|-supereffective|p1a: Slowking
|-damage|p1a: Slowking|62/100
|
|upkeep
|turn|5
|
|t:|1758341092
|move|p2a: Disease|Parting Shot|p1a: Slowking
|-unboost|p1a: Slowking|atk|1
|-unboost|p1a: Slowking|spa|1
|
|t:|1758341096
|switch|p2a: Heavy Metal Lover|Iron Treads|100/100|[from] Parting Shot
|move|p1a: Slowking|Ice Beam|p2a: Heavy Metal Lover
|-damage|p2a: Heavy Metal Lover|77/100
|
|upkeep
|turn|6
|
|t:|1758341106
|-end|p2a: Heavy Metal Lover|Quark Drive|[silent]
|switch|p2a: Venus|Raging Bolt|100/100
|-damage|p2a: Venus|88/100|[from] Stealth Rock
|switch|p1a: Dragapult|Dragapult, F|100/100
|
|upkeep
|turn|7
|
|t:|1758341110
|-end|p2a: Venus|Protosynthesis|[silent]
|switch|p2a: 1000 Doves|Primarina, M|100/100
|-damage|p2a: 1000 Doves|88/100|[from] Stealth Rock
|move|p1a: Dragapult|Dragon Darts|p2a: 1000 Doves
|-immune|p2a: 1000 Doves
|
|upkeep
|turn|8
|
|t:|1758341117
|move|p1a: Dragapult|U-turn|p2a: 1000 Doves
|-resisted|p2a: 1000 Doves
|-damage|p2a: 1000 Doves|73/100
|
|t:|1758341125
|switch|p1a: Slowking|Slowking-Galar, M|95/100|[from] U-turn
|-damage|p1a: Slowking|82/100|[from] Spikes
|move|p2a: 1000 Doves|Flip Turn|p1a: Slowking
|-damage|p1a: Slowking|69/100
|
|t:|1758341130
|switch|p2a: Poker Face|Meowscarada, F|100/100|[from] Flip Turn
|-damage|p2a: Poker Face|88/100|[from] Stealth Rock
|
|upkeep
|turn|9
|
|t:|1758341134
|switch|p1a: Moltres|Moltres|100/100
|move|p2a: Poker Face|Knock Off|p1a: Moltres
|-start|p2a: Poker Face|typechange|Dark|[from] ability: Protean
|-damage|p1a: Moltres|72/100
|-enditem|p1a: Moltres|Heavy-Duty Boots|[from] move: Knock Off|[of] p2a: Poker Face
|
|upkeep
|turn|10
|
|t:|1758341143
|switch|p2a: Venus|Raging Bolt|88/100
|-damage|p2a: Venus|76/100|[from] Stealth Rock
|move|p1a: Moltres|U-turn|p2a: Venus
|-damage|p2a: Venus|62/100
|
|t:|1758341150
|switch|p1a: Dragapult|Dragapult, F|100/100|[from] U-turn
|
|upkeep
|turn|11
|
|t:|1758341155
|move|p1a: Dragapult|Dragon Darts|p2a: Venus
|-supereffective|p2a: Venus
|-damage|p2a: Venus|20/100
|-anim|p1a: Dragapult|Dragon Darts|p2a: Venus
|-supereffective|p2a: Venus
|-damage|p2a: Venus|0 fnt
|faint|p2a: Venus
|-end|p2a: Venus|Protosynthesis|[silent]
|
|upkeep
|
|t:|1758341162
|switch|p2a: 1000 Doves|Primarina, M|73/100
|-damage|p2a: 1000 Doves|61/100|[from] Stealth Rock
|turn|12
|
|t:|1758341166
|move|p1a: Dragapult|U-turn|p2a: 1000 Doves
|-resisted|p2a: 1000 Doves
|-damage|p2a: 1000 Doves|48/100
|
|t:|1758341172
|switch|p1a: Slowking|Slowking-Galar, M|100/100|[from] U-turn
|-damage|p1a: Slowking|88/100|[from] Spikes
|move|p2a: 1000 Doves|Flip Turn|p1a: Slowking
|-damage|p1a: Slowking|74/100
|
|t:|1758341177
|switch|p2a: Monster|Garchomp, F|24/100|[from] Flip Turn
|-damage|p2a: Monster|18/100|[from] Stealth Rock
|
|upkeep
|turn|13
|
|t:|1758341182
|switch|p1a: Ogerpon|Ogerpon-Wellspring, F|100/100
|-damage|p1a: Ogerpon|88/100|[from] Spikes
|move|p2a: Monster|Spikes|p1a: Ogerpon
|-sidestart|p1: lerendezvous|Spikes
|
|upkeep
|turn|14
|
|t:|1758341189
|-terastallize|p1a: Ogerpon|Water
|detailschange|p1a: Ogerpon|Ogerpon-Wellspring-Tera, F, tera:Water
|-ability|p1a: Ogerpon|Embody Aspect (Wellspring)|boost
|-boost|p1a: Ogerpon|spd|1
|move|p1a: Ogerpon|Ivy Cudgel|p2a: Monster|[anim] Ivy Cudgel Water
|-damage|p2a: Monster|0 fnt
|faint|p2a: Monster
|
|upkeep
|-message|raviolikid forfeited.
|
|win|lerendezvous
|raw|lerendezvous's rating: 1657 &rarr; <strong>1674</strong><br />(+17 for winning)
|raw|raviolikid's rating: 1606 &rarr; <strong>1589</strong><br />(-17 for losing)
|l|☆lerendezvous
|player|p1|
|l|☆raviolikid
|player|p2|
