|j|☆Pistoia_Merda
|j|☆FlowerUnacceptable
|t:|1758285153
|gametype|singles
|player|p1|Pistoia_Merda|n|1330
|player|p2|FlowerUnacceptable|cheren|1315
|gen|9
|tier|[Gen 9] OU
|rated|
|rule|HP Percentage Mod: HP is shown in percentages
|rule|Endless Battle Clause: Forcing endless battles is banned
|rule|Species Clause: Limit one of each Pokémon
|rule|OHKO Clause: OHKO moves are banned
|rule|Evasion Items Clause: Evasion items are banned
|rule|Evasion Moves Clause: Evasion moves are banned
|rule|Evasion Abilities Clause: Evasion abilities are banned
|rule|Sleep Moves Clause: Sleep-inducing moves are banned
|clearpoke
|poke|p1|Gliscor, F|
|poke|p1|Slowking-Galar, M|
|poke|p1|Dragapult, M|
|poke|p1|Scizor, F|
|poke|p1|Ting-Lu|
|poke|p1|Corviknight, F|
|poke|p2|Fezandipiti, M|
|poke|p2|Dragonite, M|
|poke|p2|Gholdengo|
|poke|p2|Great Tusk|
|poke|p2|Rotom-Wash|
|poke|p2|Zapdos-Galar|
|teampreview
|
|t:|1758285167
|teamsize|p1|6
|teamsize|p2|6
|start
|switch|p1a: RAWFEAR|Gliscor, F, shiny|100/100
|switch|p2a: Rotom|Rotom-Wash|100/100
|turn|1
|
|t:|1758285174
|move|p1a: RAWFEAR|Protect|p1a: RAWFEAR
|-singleturn|p1a: RAWFEAR|Protect
|move|p2a: Rotom|Will-O-Wisp|p1a: RAWFEAR
|-activate|p1a: RAWFEAR|move: Protect
|
|-status|p1a: RAWFEAR|tox|[from] item: Toxic Orb
|upkeep
|turn|2
|
|t:|1758285180
|move|p1a: RAWFEAR|Toxic|p2a: Rotom
|-status|p2a: Rotom|tox
|move|p2a: Rotom|Hydro Pump|p1a: RAWFEAR
|-supereffective|p1a: RAWFEAR
|-damage|p1a: RAWFEAR|39/100 tox
|
|-heal|p1a: RAWFEAR|51/100 tox|[from] ability: Poison Heal
|-damage|p2a: Rotom|94/100 tox|[from] psn
|upkeep
|turn|3
|
|t:|1758285208
|switch|p2a: Great Tusk|Great Tusk|100/100
|move|p1a: RAWFEAR|Protect||[still]
|-fail|p1a: RAWFEAR
|
|-heal|p1a: RAWFEAR|64/100 tox|[from] ability: Poison Heal
|upkeep
|turn|4
|
|t:|1758285221
|switch|p1a: Corviknight|Corviknight, F|100/100
|-ability|p1a: Corviknight|Pressure
|move|p2a: Great Tusk|Ice Spinner|p1a: Corviknight
|-damage|p1a: Corviknight|85/100
|
|-heal|p1a: Corviknight|91/100|[from] item: Leftovers
|upkeep
|turn|5
|
|t:|1758285225
|move|p2a: Great Tusk|Stealth Rock|p1a: Corviknight
|-sidestart|p1: Pistoia_Merda|move: Stealth Rock
|move|p1a: Corviknight|U-turn|p2a: Great Tusk
|-resisted|p2a: Great Tusk
|-damage|p2a: Great Tusk|96/100
|-damage|p1a: Corviknight|75/100|[from] item: Rocky Helmet|[of] p2a: Great Tusk
|
|t:|1758285230
|switch|p1a: Scizor|Scizor, F|100/100|[from] U-turn
|-damage|p1a: Scizor|88/100|[from] Stealth Rock
|
|upkeep
|turn|6
|
|t:|1758285242
|move|p2a: Great Tusk|Headlong Rush|p1a: Scizor
|-damage|p1a: Scizor|33/100
|-unboost|p2a: Great Tusk|def|1
|-unboost|p2a: Great Tusk|spd|1
|move|p1a: Scizor|Knock Off|p2a: Great Tusk
|-resisted|p2a: Great Tusk
|-damage|p2a: Great Tusk|70/100
|-damage|p1a: Scizor|17/100|[from] item: Rocky Helmet|[of] p2a: Great Tusk
|-enditem|p2a: Great Tusk|Rocky Helmet|[from] move: Knock Off|[of] p1a: Scizor
|
|upkeep
|turn|7
|
|t:|1758285264
|switch|p1a: Corviknight|Corviknight, F|75/100
|-damage|p1a: Corviknight|63/100|[from] Stealth Rock
|-ability|p1a: Corviknight|Pressure
|move|p2a: Great Tusk|Headlong Rush|p1a: Corviknight
|-immune|p1a: Corviknight
|
|-heal|p1a: Corviknight|69/100|[from] item: Leftovers
|upkeep
|turn|8
|
|t:|1758285274
|-end|p2a: Great Tusk|Protosynthesis|[silent]
|switch|p2a: Rotom|Rotom-Wash|94/100 tox
|move|p1a: Corviknight|Defog|p2a: Rotom
|-unboost|p2a: Rotom|evasion|1
|-sideend|p1: Pistoia_Merda|Stealth Rock|[from] move: Defog|[of] p1a: Corviknight
|
|-heal|p2a: Rotom|100/100 tox|[from] item: Leftovers
|-heal|p1a: Corviknight|75/100|[from] item: Leftovers
|-damage|p2a: Rotom|94/100 tox|[from] psn
|upkeep
|turn|9
|
|t:|1758285280
|switch|p1a: Scizor|Scizor, F|17/100
|move|p2a: Rotom|Volt Switch|p1a: Scizor
|-damage|p1a: Scizor|0 fnt
|faint|p1a: Scizor
|
|t:|1758285288
|switch|p2a: Fezandipiti|Fezandipiti, M|100/100|[from] Volt Switch
|
|upkeep
|
|t:|1758285298
|switch|p1a: City Walls|Ting-Lu|100/100
|-ability|p1a: City Walls|Vessel of Ruin
|turn|10
|
|t:|1758285310
|switch|p2a: Rotom|Rotom-Wash|94/100 tox
|move|p1a: City Walls|Spikes|p2a: Rotom
|-sidestart|p2: FlowerUnacceptable|Spikes
|
|-heal|p2a: Rotom|100/100 tox|[from] item: Leftovers
|-damage|p2a: Rotom|94/100 tox|[from] psn
|upkeep
|turn|11
|
|t:|1758285327
|move|p2a: Rotom|Hydro Pump|p1a: City Walls
|-supereffective|p1a: City Walls
|-damage|p1a: City Walls|69/100
|move|p1a: City Walls|Spikes|p2a: Rotom
|-sidestart|p2: FlowerUnacceptable|Spikes
|
|-heal|p2a: Rotom|100/100 tox|[from] item: Leftovers
|-heal|p1a: City Walls|75/100|[from] item: Leftovers
|-damage|p2a: Rotom|88/100 tox|[from] psn
|upkeep
|turn|12
|
|t:|1758285349
|switch|p2a: Zapdos|Zapdos-Galar|100/100
|move|p1a: City Walls|Spikes|p2a: Zapdos
|-sidestart|p2: FlowerUnacceptable|Spikes
|
|-heal|p1a: City Walls|81/100|[from] item: Leftovers
|upkeep
|turn|13
|
|t:|1758285358
|switch|p1a: RAWFEAR|Gliscor, F, shiny|64/100 tox
|move|p2a: Zapdos|Brave Bird|p1a: RAWFEAR
|-damage|p1a: RAWFEAR|18/100 tox
|-damage|p2a: Zapdos|84/100|[from] Recoil
|
|-heal|p1a: RAWFEAR|31/100 tox|[from] ability: Poison Heal
|upkeep
|turn|14
|
|t:|1758285375
|switch|p2a: Dragonite|Dragonite, M|100/100
|move|p1a: RAWFEAR|Protect||[still]
|-fail|p1a: RAWFEAR
|
|-heal|p1a: RAWFEAR|43/100 tox|[from] ability: Poison Heal
|upkeep
|turn|15
|
|t:|1758285379
|move|p2a: Dragonite|Ice Spinner|p1a: RAWFEAR
|-supereffective|p1a: RAWFEAR
|-damage|p1a: RAWFEAR|0 fnt
|faint|p1a: RAWFEAR
|
|upkeep
|
|t:|1758285386
|switch|p1a: Corviknight|Corviknight, F|75/100
|-ability|p1a: Corviknight|Pressure
|turn|16
|
|t:|1758285404
|move|p2a: Dragonite|Dragon Dance|p2a: Dragonite
|-boost|p2a: Dragonite|atk|1
|-boost|p2a: Dragonite|spe|1
|move|p1a: Corviknight|U-turn|p2a: Dragonite
|-resisted|p2a: Dragonite
|-damage|p2a: Dragonite|96/100
|
|t:|1758285412
|switch|p1a: City Walls|Ting-Lu|81/100|[from] U-turn
|-ability|p1a: City Walls|Vessel of Ruin
|
|-heal|p1a: City Walls|87/100|[from] item: Leftovers
|upkeep
|turn|17
|
|t:|1758285425
|move|p2a: Dragonite|Ice Spinner|p1a: City Walls
|-supereffective|p1a: City Walls
|-damage|p1a: City Walls|38/100
|move|p1a: City Walls|Whirlwind|p2a: Dragonite
|drag|p2a: Gholdengo|Gholdengo|100/100
|-item|p2a: Gholdengo|Air Balloon
|
|-heal|p1a: City Walls|44/100|[from] item: Leftovers
|upkeep
|turn|18
|
|t:|1758285444
|switch|p2a: Zapdos|Zapdos-Galar|84/100
|switch|p1a: Corviknight|Corviknight, F|75/100
|-ability|p1a: Corviknight|Pressure
|
|-heal|p1a: Corviknight|81/100|[from] item: Leftovers
|upkeep
|turn|19
|
|t:|1758285453
|move|p2a: Zapdos|Knock Off|p1a: Corviknight
|-damage|p1a: Corviknight|61/100
|-enditem|p1a: Corviknight|Leftovers|[from] move: Knock Off|[of] p2a: Zapdos
|move|p1a: Corviknight|U-turn|p2a: Zapdos
|-resisted|p2a: Zapdos
|-damage|p2a: Zapdos|80/100
|
|t:|1758285457
|switch|p1a: One Way|Dragapult, M, shiny|100/100|[from] U-turn
|
|upkeep
|turn|20
|
|t:|1758285463
|-terastallize|p1a: One Way|Fairy
|move|p2a: Zapdos|Knock Off|p1a: One Way
|-resisted|p1a: One Way
|-damage|p1a: One Way|80/100
|-enditem|p1a: One Way|Heavy-Duty Boots|[from] move: Knock Off|[of] p2a: Zapdos
|move|p1a: One Way|Substitute|p1a: One Way
|-start|p1a: One Way|Substitute
|-damage|p1a: One Way|55/100
|
|upkeep
|turn|21
|
|t:|1758285484
|switch|p2a: Gholdengo|Gholdengo|100/100
|-item|p2a: Gholdengo|Air Balloon
|move|p1a: One Way|Thunder Wave|p2a: Gholdengo
|-immune|p2a: Gholdengo|[from] ability: Good as Gold
|
|upkeep
|turn|22
|
|t:|1758285494
|move|p1a: One Way|Hex|p2a: Gholdengo
|-supereffective|p2a: Gholdengo
|-damage|p2a: Gholdengo|42/100
|-enditem|p2a: Gholdengo|Air Balloon
|move|p2a: Gholdengo|Nasty Plot|p2a: Gholdengo
|-boost|p2a: Gholdengo|spa|2
|
|upkeep
|turn|23
|
|t:|1758285499
|-terastallize|p2a: Gholdengo|Fairy
|move|p1a: One Way|Hex|p2a: Gholdengo
|-damage|p2a: Gholdengo|16/100
|move|p2a: Gholdengo|Recover|p2a: Gholdengo
|-heal|p2a: Gholdengo|66/100
|
|upkeep
|turn|24
|
|t:|1758285507
|move|p1a: One Way|Hex|p2a: Gholdengo
|-damage|p2a: Gholdengo|37/100
|move|p2a: Gholdengo|Recover|p2a: Gholdengo
|-heal|p2a: Gholdengo|87/100
|
|upkeep
|turn|25
|
|t:|1758285521
|switch|p1a: Corviknight|Corviknight, F|61/100
|-ability|p1a: Corviknight|Pressure
|move|p2a: Gholdengo|Nasty Plot|p2a: Gholdengo
|-boost|p2a: Gholdengo|spa|2
|
|upkeep
|turn|26
|
|t:|1758285529
|move|p2a: Gholdengo|Shadow Ball|p1a: Corviknight
|-damage|p1a: Corviknight|0 fnt
|faint|p1a: Corviknight
|
|upkeep
|
|t:|1758285531
|switch|p1a: Center Mass|Slowking-Galar, M|100/100
|turn|27
|
|t:|1758285538
|move|p2a: Gholdengo|Shadow Ball|p1a: Center Mass
|-supereffective|p1a: Center Mass
|-damage|p1a: Center Mass|0 fnt
|faint|p1a: Center Mass
|
|upkeep
|-message|Pistoia_Merda forfeited.
|
|win|FlowerUnacceptable
|raw|Pistoia_Merda's rating: 1330 &rarr; <strong>1309</strong><br />(-21 for losing)
|raw|FlowerUnacceptable's rating: 1315 &rarr; <strong>1336</strong><br />(+21 for winning)
|c|☆FlowerUnacceptable|pistoia merda
|l|☆Pistoia_Merda
|player|p1|
|l|☆FlowerUnacceptable
|player|p2|
