|j|☆Teefryingpan
|j|☆John Kritter
|t:|1758347711
|gametype|singles
|player|p1|Teefryingpan|169|1611
|player|p2|John Kritter|pokemaniac|1610
|gen|9
|tier|[Gen 9] OU
|rated|
|rule|HP Percentage Mod: HP is shown in percentages
|rule|Endless Battle Clause: Forcing endless battles is banned
|rule|Species Clause: Limit one of each Pokémon
|rule|OHKO Clause: OHKO moves are banned
|rule|Evasion Items Clause: Evasion items are banned
|rule|Evasion Moves Clause: Evasion moves are banned
|rule|Evasion Abilities Clause: Evasion abilities are banned
|rule|Sleep Moves Clause: Sleep-inducing moves are banned
|clearpoke
|poke|p1|Samurott-Hisui, F|
|poke|p1|Dragapult, F|
|poke|p1|Iron Treads|
|poke|p1|Enamorus, F|
|poke|p1|Ogerpon-Wellspring, F|
|poke|p1|Scizor, F|
|poke|p2|Torkoal, F|
|poke|p2|Walking Wake|
|poke|p2|Hatterene, F|
|poke|p2|Great Tusk|
|poke|p2|Ceruledge, F|
|poke|p2|Enamorus, F|
|teampreview
|inactive|Battle timer is ON: inactive players will automatically lose when time's up. (requested by John Kritter)
|inactive|Teefryingpan has 120 seconds left.
|
|t:|1758347750
|teamsize|p1|6
|teamsize|p2|6
|start
|switch|p1a: Starry Night|Dragapult, F|100/100
|switch|p2a: Enamorus|Enamorus, F|100/100
|turn|1
|
|t:|1758347763
|switch|p1a: The Bullet Slinger|Scizor, F|100/100
|move|p2a: Enamorus|Mystical Fire|p1a: The Bullet Slinger
|-supereffective|p1a: The Bullet Slinger
|-damage|p1a: The Bullet Slinger|0 fnt
|faint|p1a: The Bullet Slinger
|
|upkeep
|
|t:|1758347774
|switch|p1a: Pixie Dust|Enamorus, F|100/100
|turn|2
|
|t:|1758347780
|switch|p2a: Torkoal|Torkoal, F|100/100
|-weather|SunnyDay|[from] ability: Drought|[of] p2a: Torkoal
|move|p1a: Pixie Dust|Earth Power|p2a: Torkoal
|-supereffective|p2a: Torkoal
|-damage|p2a: Torkoal|29/100
|
|-weather|SunnyDay|[upkeep]
|upkeep
|turn|3
|
|t:|1758347787
|switch|p1a: Roaming Sea|Samurott-Hisui, F|100/100
|switch|p2a: Enamorus|Enamorus, F|100/100
|
|-weather|SunnyDay|[upkeep]
|upkeep
|turn|4
|
|t:|1758347795
|switch|p1a: Terminator|Iron Treads|100/100
|move|p2a: Enamorus|Moonblast|p1a: Terminator
|-resisted|p1a: Terminator
|-damage|p1a: Terminator|62/100
|
|-weather|SunnyDay|[upkeep]
|upkeep
|turn|5
|
|t:|1758347803
|switch|p2a: Hatterene|Hatterene, F, shiny|100/100
|move|p1a: Terminator|Ice Spinner|p2a: Hatterene
|-damage|p2a: Hatterene|79/100
|-enditem|p2a: Hatterene|Eject Button
|
|t:|1758347815
|switch|p2a: Enamorus|Enamorus, F|100/100
|
|-weather|SunnyDay|[upkeep]
|upkeep
|turn|6
|
|t:|1758347822
|-end|p1a: Terminator|Quark Drive|[silent]
|switch|p1a: Pixie Dust|Enamorus, F|100/100
|move|p2a: Enamorus|Mystical Fire|p1a: Pixie Dust
|-damage|p1a: Pixie Dust|36/100
|-boost|p1a: Pixie Dust|spa|1
|
|-weather|SunnyDay|[upkeep]
|upkeep
|turn|7
|
|t:|1758347833
|switch|p2a: Hatterene|Hatterene, F, shiny|79/100
|move|p1a: Pixie Dust|Moonblast|p2a: Hatterene
|-damage|p2a: Hatterene|8/100
|
|-weather|SunnyDay|[upkeep]
|upkeep
|turn|8
|
|t:|1758347841
|move|p1a: Pixie Dust|Moonblast|p2a: Hatterene
|-damage|p2a: Hatterene|0 fnt
|faint|p2a: Hatterene
|
|-weather|SunnyDay|[upkeep]
|upkeep
|
|t:|1758347844
|switch|p2a: Ceruledge|Ceruledge, F|100/100
|turn|9
|
|t:|1758347851
|switch|p1a: Roaming Sea|Samurott-Hisui, F|100/100
|move|p2a: Ceruledge|Shadow Sneak|p1a: Roaming Sea
|-resisted|p1a: Roaming Sea
|-damage|p1a: Roaming Sea|88/100
|-damage|p2a: Ceruledge|84/100|[from] item: Rocky Helmet|[of] p1a: Roaming Sea
|
|-weather|none
|upkeep
|turn|10
|
|t:|1758347866
|switch|p2a: Torkoal|Torkoal, F|29/100
|-weather|SunnyDay|[from] ability: Drought|[of] p2a: Torkoal
|move|p1a: Roaming Sea|Ceaseless Edge|p2a: Torkoal
|-damage|p2a: Torkoal|0 fnt
|-sidestart|p2: John Kritter|Spikes
|faint|p2a: Torkoal
|
|-weather|SunnyDay|[upkeep]
|upkeep
|
|t:|1758347873
|switch|p2a: Enamorus|Enamorus, F|100/100
|turn|11
|
|t:|1758347890
|switch|p1a: Terminator|Iron Treads|62/100
|move|p2a: Enamorus|Moonblast|p1a: Terminator
|-resisted|p1a: Terminator
|-damage|p1a: Terminator|19/100
|
|-weather|SunnyDay|[upkeep]
|upkeep
|turn|12
|
|t:|1758347895
|move|p2a: Enamorus|Moonblast|p1a: Terminator
|-resisted|p1a: Terminator
|-damage|p1a: Terminator|0 fnt
|faint|p1a: Terminator
|-end|p1a: Terminator|Quark Drive|[silent]
|
|-weather|SunnyDay|[upkeep]
|upkeep
|
|t:|1758347899
|switch|p1a: Ogerpon|Ogerpon-Wellspring, F|100/100
|turn|13
|
|t:|1758347911
|move|p2a: Enamorus|Moonblast|p1a: Ogerpon
|-damage|p1a: Ogerpon|34/100
|-unboost|p1a: Ogerpon|spa|1
|move|p1a: Ogerpon|Knock Off|p2a: Enamorus
|-resisted|p2a: Enamorus
|-damage|p2a: Enamorus|70/100
|-enditem|p2a: Enamorus|Choice Scarf|[from] move: Knock Off|[of] p1a: Ogerpon
|
|-weather|SunnyDay|[upkeep]
|upkeep
|turn|14
|
|t:|1758347925
|move|p1a: Ogerpon|Knock Off|p2a: Enamorus
|-resisted|p2a: Enamorus
|-damage|p2a: Enamorus|51/100
|move|p2a: Enamorus|Healing Wish|p2a: Enamorus
|faint|p2a: Enamorus
|
|-weather|SunnyDay|[upkeep]
|upkeep
|
|t:|1758347929
|switch|p2a: Don|Great Tusk, shiny|100/100
|-damage|p2a: Don|88/100|[from] Spikes
|-activate|p2a: Don|ability: Protosynthesis
|-start|p2a: Don|protosynthesisatk
|turn|15
|
|t:|1758347940
|move|p1a: Ogerpon|Power Whip|p2a: Don
|-supereffective|p2a: Don
|-damage|p2a: Don|0 fnt
|-damage|p1a: Ogerpon|17/100|[from] item: Rocky Helmet|[of] p2a: Don
|faint|p2a: Don
|-end|p2a: Don|Protosynthesis|[silent]
|
|-weather|SunnyDay|[upkeep]
|upkeep
|
|t:|1758347947
|switch|p2a: Ceruledge|Ceruledge, F|84/100
|-heal|p2a: Ceruledge|100/100|[from] move: Healing Wish
|-damage|p2a: Ceruledge|88/100|[from] Spikes
|turn|16
|
|t:|1758347958
|-terastallize|p2a: Ceruledge|Grass
|move|p1a: Ogerpon|Knock Off|p2a: Ceruledge
|-damage|p2a: Ceruledge|36/100
|-ability|p2a: Ceruledge|Weak Armor|boost
|-unboost|p2a: Ceruledge|def|1
|-boost|p2a: Ceruledge|spe|2
|-enditem|p2a: Ceruledge|Focus Sash|[from] move: Knock Off|[of] p1a: Ogerpon
|move|p2a: Ceruledge|Swords Dance|p2a: Ceruledge
|-boost|p2a: Ceruledge|atk|2
|
|-weather|SunnyDay|[upkeep]
|upkeep
|turn|17
|
|t:|1758347974
|move|p2a: Ceruledge|Bitter Blade|p1a: Ogerpon
|-damage|p1a: Ogerpon|0 fnt
|-heal|p2a: Ceruledge|45/100|[from] drain|[of] p1a: Ogerpon
|faint|p1a: Ogerpon
|
|-weather|none
|upkeep
|
|t:|1758347977
|switch|p1a: Roaming Sea|Samurott-Hisui, F|88/100
|turn|18
|
|t:|1758347981
|move|p2a: Ceruledge|Bitter Blade|p1a: Roaming Sea
|-resisted|p1a: Roaming Sea
|-damage|p1a: Roaming Sea|36/100
|-heal|p2a: Ceruledge|79/100|[from] drain|[of] p1a: Roaming Sea
|-damage|p2a: Ceruledge|62/100|[from] item: Rocky Helmet|[of] p1a: Roaming Sea
|move|p1a: Roaming Sea|Ceaseless Edge|p2a: Ceruledge|[miss]
|-miss|p1a: Roaming Sea|p2a: Ceruledge
|
|upkeep
|turn|19
|
|t:|1758347988
|move|p1a: Roaming Sea|Sucker Punch|p2a: Ceruledge
|-damage|p2a: Ceruledge|0 fnt
|faint|p2a: Ceruledge
|
|upkeep
|
|t:|1758347991
|switch|p2a: Walking Wake|Walking Wake|100/100
|-damage|p2a: Walking Wake|88/100|[from] Spikes
|turn|20
|
|t:|1758347995
|move|p2a: Walking Wake|Hydro Steam|p1a: Roaming Sea
|-resisted|p1a: Roaming Sea
|-damage|p1a: Roaming Sea|0 fnt
|faint|p1a: Roaming Sea
|
|upkeep
|
|t:|1758348001
|switch|p1a: Starry Night|Dragapult, F|100/100
|turn|21
|
|t:|1758348005
|-terastallize|p1a: Starry Night|Ghost
|move|p1a: Starry Night|Draco Meteor|p2a: Walking Wake
|-supereffective|p2a: Walking Wake
|-crit|p2a: Walking Wake
|-damage|p2a: Walking Wake|0 fnt
|-unboost|p1a: Starry Night|spa|2
|faint|p2a: Walking Wake
|-end|p2a: Walking Wake|Protosynthesis|[silent]
|
|win|Teefryingpan
|raw|Teefryingpan's rating: 1611 &rarr; <strong>1631</strong><br />(+20 for winning)
|raw|John Kritter's rating: 1610 &rarr; <strong>1590</strong><br />(-20 for losing)
|l|☆Teefryingpan
|player|p1|
|l|☆John Kritter
|player|p2|
