|j|☆kinky jay
|j|☆dovahcake
|t:|1758293849
|gametype|singles
|player|p1|kinky jay|101|1498
|player|p2|dovahcake|steven|1508
|gen|9
|tier|[Gen 9] OU
|rated|
|rule|HP Percentage Mod: HP is shown in percentages
|rule|Endless Battle Clause: Forcing endless battles is banned
|rule|Species Clause: Limit one of each Pokémon
|rule|OHKO Clause: OHKO moves are banned
|rule|Evasion Items Clause: Evasion items are banned
|rule|Evasion Moves Clause: Evasion moves are banned
|rule|Evasion Abilities Clause: Evasion abilities are banned
|rule|Sleep Moves Clause: Sleep-inducing moves are banned
|clearpoke
|poke|p1|Kyurem|
|poke|p1|Glimmora, F|
|poke|p1|Ogerpon-Cornerstone, F|
|poke|p1|Kingambit, M|
|poke|p1|Great Tusk|
|poke|p1|Iron Boulder|
|poke|p2|Lokix, F|
|poke|p2|Cinderace, F|
|poke|p2|Great Tusk|
|poke|p2|Alomomola, M|
|poke|p2|Enamorus, F|
|poke|p2|Slowking-Galar, M|
|teampreview
|inactive|Battle timer is ON: inactive players will automatically lose when time's up. (requested by kinky jay)
|
|t:|1758293858
|teamsize|p1|6
|teamsize|p2|6
|start
|switch|p1a: Ogerpon|Ogerpon-Cornerstone, F|100/100
|switch|p2a: Slowking|Slowking-Galar, M|100/100
|turn|1
|
|t:|1758293865
|move|p1a: Ogerpon|Swords Dance|p1a: Ogerpon
|-boost|p1a: Ogerpon|atk|2
|-prepare|p2a: Slowking|Chilly Reception|[premajor]
|move|p2a: Slowking|Chilly Reception|p2a: Slowking
|-weather|Snowscape
|
|t:|1758293875
|switch|p2a: Cinderace|Cinderace, F|100/100|[from] Chilly Reception
|
|-weather|Snowscape|[upkeep]
|upkeep
|turn|2
|
|t:|1758293881
|move|p2a: Cinderace|Will-O-Wisp|p1a: Ogerpon|[miss]
|-miss|p2a: Cinderace|p1a: Ogerpon
|move|p1a: Ogerpon|Ivy Cudgel|p2a: Cinderace|[anim] Ivy Cudgel Rock
|-supereffective|p2a: Cinderace
|-damage|p2a: Cinderace|0 fnt
|faint|p2a: Cinderace
|
|-weather|Snowscape|[upkeep]
|upkeep
|
|t:|1758293902
|switch|p2a: Great Tusk|Great Tusk|100/100
|turn|3
|
|t:|1758293908
|move|p1a: Ogerpon|Trailblaze|p2a: Great Tusk
|-supereffective|p2a: Great Tusk
|-damage|p2a: Great Tusk|34/100
|-boost|p1a: Ogerpon|spe|1
|move|p2a: Great Tusk|Earthquake|p1a: Ogerpon
|-damage|p1a: Ogerpon|40/100
|
|-weather|Snowscape|[upkeep]
|-heal|p2a: Great Tusk|40/100|[from] item: Leftovers
|upkeep
|turn|4
|
|t:|1758293917
|move|p1a: Ogerpon|Trailblaze|p2a: Great Tusk
|-supereffective|p2a: Great Tusk
|-damage|p2a: Great Tusk|0 fnt
|-boost|p1a: Ogerpon|spe|1
|faint|p2a: Great Tusk
|-end|p2a: Great Tusk|Protosynthesis|[silent]
|
|-weather|Snowscape|[upkeep]
|upkeep
|
|t:|1758293919
|switch|p2a: Lokix|Lokix, F|100/100
|turn|5
|
|t:|1758293925
|move|p2a: Lokix|First Impression|p1a: Ogerpon
|-supereffective|p1a: Ogerpon
|-damage|p1a: Ogerpon|0 fnt
|faint|p1a: Ogerpon
|
|-weather|none
|upkeep
|
|t:|1758293930
|switch|p1a: Kyurem|Kyurem, shiny|100/100
|-ability|p1a: Kyurem|Pressure
|turn|6
|
|t:|1758293934
|switch|p2a: Slowking|Slowking-Galar, M|100/100
|move|p1a: Kyurem|Dragon Dance|p1a: Kyurem
|-boost|p1a: Kyurem|atk|1
|-boost|p1a: Kyurem|spe|1
|
|upkeep
|turn|7
|
|t:|1758293942
|move|p1a: Kyurem|Icicle Spear|p2a: Slowking
|-damage|p2a: Slowking|85/100
|-damage|p2a: Slowking|68/100
|-damage|p2a: Slowking|53/100
|-damage|p2a: Slowking|36/100
|-hitcount|p2a: Slowking|4
|move|p2a: Slowking|Future Sight|p1a: Kyurem
|-start|p2a: Slowking|move: Future Sight
|
|upkeep
|turn|8
|
|t:|1758293950
|move|p1a: Kyurem|Dragon Dance|p1a: Kyurem
|-boost|p1a: Kyurem|atk|1
|-boost|p1a: Kyurem|spe|1
|-prepare|p2a: Slowking|Chilly Reception|[premajor]
|move|p2a: Slowking|Chilly Reception|p2a: Slowking
|-weather|Snowscape
|
|t:|1758293953
|switch|p2a: Lokix|Lokix, F|100/100|[from] Chilly Reception
|
|-weather|Snowscape|[upkeep]
|upkeep
|turn|9
|
|t:|1758293966
|-terastallize|p1a: Kyurem|Fire
|-terastallize|p2a: Lokix|Bug
|move|p2a: Lokix|First Impression|p1a: Kyurem
|-resisted|p1a: Kyurem
|-crit|p1a: Kyurem
|-damage|p1a: Kyurem|0 fnt
|faint|p1a: Kyurem
|
|-weather|Snowscape|[upkeep]
|-hint|Future Sight did not hit because the target is fainted.
|upkeep
|
|t:|1758293982
|switch|p1a: Iron Boulder|Iron Boulder|100/100
|-enditem|p1a: Iron Boulder|Booster Energy
|-activate|p1a: Iron Boulder|ability: Quark Drive|[fromitem]
|-start|p1a: Iron Boulder|quarkdrivespe
|turn|10
|
|t:|1758293989
|switch|p2a: Alomomola|Alomomola, M|100/100
|move|p1a: Iron Boulder|Swords Dance|p1a: Iron Boulder
|-boost|p1a: Iron Boulder|atk|2
|
|-weather|Snowscape|[upkeep]
|upkeep
|turn|11
|
|t:|1758293992
|move|p2a: Alomomola|Aqua Jet|p1a: Iron Boulder
|-supereffective|p1a: Iron Boulder
|-damage|p1a: Iron Boulder|71/100
|move|p1a: Iron Boulder|Mighty Cleave|p2a: Alomomola
|-damage|p2a: Alomomola|34/100
|
|-weather|Snowscape|[upkeep]
|upkeep
|turn|12
|
|t:|1758294000
|move|p2a: Alomomola|Aqua Jet|p1a: Iron Boulder
|-supereffective|p1a: Iron Boulder
|-damage|p1a: Iron Boulder|44/100
|move|p1a: Iron Boulder|Mighty Cleave|p2a: Alomomola
|-damage|p2a: Alomomola|0 fnt
|faint|p2a: Alomomola
|
|-weather|none
|upkeep
|
|t:|1758294002
|switch|p2a: Lokix|Lokix, F, tera:Bug|100/100
|turn|13
|
|t:|1758294014
|move|p2a: Lokix|First Impression|p1a: Iron Boulder
|-supereffective|p1a: Iron Boulder
|-crit|p1a: Iron Boulder
|-damage|p1a: Iron Boulder|0 fnt
|faint|p1a: Iron Boulder
|-end|p1a: Iron Boulder|Quark Drive|[silent]
|
|upkeep
|
|t:|1758294025
|switch|p1a: Kingambit|Kingambit, M|100/100
|-activate|p1a: Kingambit|ability: Supreme Overlord
|-start|p1a: Kingambit|fallen3|[silent]
|-item|p1a: Kingambit|Air Balloon
|turn|14
|
|t:|1758294029
|switch|p2a: Enamorus|Enamorus, F|100/100
|move|p1a: Kingambit|Swords Dance|p1a: Kingambit
|-boost|p1a: Kingambit|atk|2
|
|upkeep
|turn|15
|
|t:|1758294040
|move|p2a: Enamorus|Moonblast|p1a: Kingambit
|-damage|p1a: Kingambit|38/100
|-unboost|p1a: Kingambit|spa|1
|-enditem|p1a: Kingambit|Air Balloon
|move|p1a: Kingambit|Iron Head|p2a: Enamorus
|-supereffective|p2a: Enamorus
|-damage|p2a: Enamorus|0 fnt
|faint|p2a: Enamorus
|
|upkeep
|
|t:|1758294048
|switch|p2a: Lokix|Lokix, F, tera:Bug|100/100
|turn|16
|
|t:|1758294055
|-end|p1a: Kingambit|fallen3|[silent]
|switch|p1a: Glimmora|Glimmora, F, shiny|100/100
|move|p2a: Lokix|First Impression|p1a: Glimmora
|-resisted|p1a: Glimmora
|-damage|p1a: Glimmora|23/100
|-activate|p1a: Glimmora|ability: Toxic Debris
|-sidestart|p2: dovahcake|move: Toxic Spikes
|-enditem|p1a: Glimmora|Red Card|[of] p2a: Lokix
|drag|p2a: Slowking|Slowking-Galar, M|69/100
|-sideend|p2: dovahcake|move: Toxic Spikes|[of] p2a: Slowking
|
|upkeep
|turn|17
|
|t:|1758294065
|move|p1a: Glimmora|Stealth Rock|p2a: Slowking
|-sidestart|p2: dovahcake|move: Stealth Rock
|move|p2a: Slowking|Ice Beam|p1a: Glimmora
|-damage|p1a: Glimmora|2/100
|-status|p1a: Glimmora|frz
|
|upkeep
|turn|18
|
|t:|1758294069
|cant|p1a: Glimmora|frz
|move|p2a: Slowking|Future Sight|p1a: Glimmora
|-start|p2a: Slowking|move: Future Sight
|
|upkeep
|turn|19
|
|t:|1758294073
|cant|p1a: Glimmora|frz
|move|p2a: Slowking|Ice Beam|p1a: Glimmora
|-damage|p1a: Glimmora|0 fnt
|faint|p1a: Glimmora
|
|upkeep
|
|t:|1758294076
|switch|p1a: Kingambit|Kingambit, M|38/100
|-activate|p1a: Kingambit|ability: Supreme Overlord
|-start|p1a: Kingambit|fallen4|[silent]
|turn|20
|
|t:|1758294078
|move|p1a: Kingambit|Iron Head|p2a: Slowking
|-damage|p2a: Slowking|22/100
|-prepare|p2a: Slowking|Chilly Reception|[premajor]
|move|p2a: Slowking|Chilly Reception|p2a: Slowking
|-weather|Snowscape
|
|t:|1758294082
|switch|p2a: Lokix|Lokix, F, tera:Bug|100/100|[from] Chilly Reception
|-damage|p2a: Lokix|76/100|[from] Stealth Rock
|
|-weather|Snowscape|[upkeep]
|-end|p1a: Kingambit|move: Future Sight
|-immune|p1a: Kingambit
|upkeep
|turn|21
|
|t:|1758294088
|move|p2a: Lokix|First Impression|p1a: Kingambit
|-damage|p1a: Kingambit|0 fnt
|faint|p1a: Kingambit
|-end|p1a: Kingambit|fallen4|[silent]
|
|-weather|Snowscape|[upkeep]
|upkeep
|
|t:|1758294090
|switch|p1a: Great Tusk|Great Tusk, shiny|100/100
|-enditem|p1a: Great Tusk|Booster Energy
|-activate|p1a: Great Tusk|ability: Protosynthesis|[fromitem]
|-start|p1a: Great Tusk|protosynthesisspe
|turn|22
|
|t:|1758294092
|switch|p2a: Slowking|Slowking-Galar, M|55/100
|-damage|p2a: Slowking|43/100|[from] Stealth Rock
|move|p1a: Great Tusk|Bulk Up|p1a: Great Tusk
|-boost|p1a: Great Tusk|atk|1
|-boost|p1a: Great Tusk|def|1
|
|-weather|Snowscape|[upkeep]
|upkeep
|turn|23
|
|t:|1758294104
|move|p1a: Great Tusk|Bulk Up|p1a: Great Tusk
|-boost|p1a: Great Tusk|atk|1
|-boost|p1a: Great Tusk|def|1
|move|p2a: Slowking|Ice Beam|p1a: Great Tusk
|-supereffective|p1a: Great Tusk
|-damage|p1a: Great Tusk|47/100
|
|-weather|Snowscape|[upkeep]
|upkeep
|turn|24
|
|t:|1758294110
|move|p1a: Great Tusk|Ice Spinner|p2a: Slowking
|-damage|p2a: Slowking|9/100
|move|p2a: Slowking|Ice Beam|p1a: Great Tusk
|-supereffective|p1a: Great Tusk
|-damage|p1a: Great Tusk|0 fnt
|faint|p1a: Great Tusk
|-end|p1a: Great Tusk|Protosynthesis|[silent]
|
|win|dovahcake
|raw|kinky jay's rating: 1498 &rarr; <strong>1479</strong><br />(-19 for losing)
|raw|dovahcake's rating: 1508 &rarr; <strong>1527</strong><br />(+19 for winning)
|l|☆kinky jay
|player|p1|
|l|☆dovahcake
|player|p2|
