|j|☆xcPurple
|j|☆Durianelite
|t:|1758344357
|gametype|singles
|player|p1|xcPurple|rosa|1362
|player|p2|Durianelite|lucas|1287
|gen|9
|tier|[Gen 9] OU
|rated|
|rule|HP Percentage Mod: HP is shown in percentages
|rule|Endless Battle Clause: Forcing endless battles is banned
|rule|Species Clause: Limit one of each Pokémon
|rule|OHKO Clause: OHKO moves are banned
|rule|Evasion Items Clause: Evasion items are banned
|rule|Evasion Moves Clause: Evasion moves are banned
|rule|Evasion Abilities Clause: Evasion abilities are banned
|rule|Sleep Moves Clause: Sleep-inducing moves are banned
|clearpoke
|poke|p1|Galvantula, F|
|poke|p1|Gholdengo|
|poke|p1|Scizor, M|
|poke|p1|Ting-Lu|
|poke|p1|Great Tusk|
|poke|p1|Dragapult, F|
|poke|p2|Cetitan, F|
|poke|p2|Sandslash-Alola, F|
|poke|p2|Ninetales-Alola, F|
|poke|p2|Moltres|
|poke|p2|Zamazenta-*|
|poke|p2|Kyurem|
|teampreview
|inactive|Battle timer is ON: inactive players will automatically lose when time's up. (requested by Durianelite)
|inactive|xcPurple also wants the timer to be on.
|
|t:|1758344367
|teamsize|p1|6
|teamsize|p2|6
|start
|switch|p1a: Galvantula|Galvantula, F|100/100
|switch|p2a: Ninetales|Ninetales-Alola, F|100/100
|-weather|Snowscape|[from] ability: Snow Warning|[of] p2a: Ninetales
|turn|1
|
|t:|1758344374
|move|p2a: Ninetales|Aurora Veil|p2a: Ninetales
|-sidestart|p2: Durianelite|move: Aurora Veil
|move|p1a: Galvantula|Thunder Wave|p2a: Ninetales
|-status|p2a: Ninetales|par
|
|-weather|Snowscape|[upkeep]
|upkeep
|turn|2
|
|t:|1758344377
|move|p1a: Galvantula|Sticky Web|p2a: Ninetales
|-sidestart|p2: Durianelite|move: Sticky Web
|move|p2a: Ninetales|Encore|p1a: Galvantula
|-start|p1a: Galvantula|Encore
|
|-weather|Snowscape|[upkeep]
|upkeep
|turn|3
|
|t:|1758344382
|switch|p1a: Ting-Lu|Ting-Lu|100/100
|-ability|p1a: Ting-Lu|Vessel of Ruin
|switch|p2a: Sandslash|Sandslash-Alola, F|100/100
|
|-weather|Snowscape|[upkeep]
|upkeep
|turn|4
|
|t:|1758344388
|switch|p1a: Dragapult|Dragapult, F, shiny|100/100
|move|p2a: Sandslash|Stealth Rock|p1a: Dragapult
|-sidestart|p1: xcPurple|move: Stealth Rock
|
|-weather|Snowscape|[upkeep]
|upkeep
|turn|5
|
|t:|1758344393
|move|p2a: Sandslash|Triple Axel|p1a: Dragapult
|-supereffective|p1a: Dragapult
|-damage|p1a: Dragapult|79/100
|-supereffective|p1a: Dragapult
|-damage|p1a: Dragapult|37/100
|-supereffective|p1a: Dragapult
|-damage|p1a: Dragapult|0 fnt
|faint|p1a: Dragapult
|-hitcount|p1: Dragapult|3
|
|-weather|Snowscape|[upkeep]
|-sideend|p2: Durianelite|move: Aurora Veil
|upkeep
|
|t:|1758344409
|switch|p1a: Great Tusk|Great Tusk, shiny|100/100
|-damage|p1a: Great Tusk|98/100|[from] Stealth Rock
|turn|6
|
|t:|1758344413
|-terastallize|p1a: Great Tusk|Water
|move|p2a: Sandslash|Rapid Spin|p1a: Great Tusk
|-crit|p1a: Great Tusk
|-damage|p1a: Great Tusk|79/100
|-boost|p2a: Sandslash|spe|1
|-sideend|p2: Durianelite|Sticky Web|[from] move: Rapid Spin|[of] p2a: Sandslash
|move|p1a: Great Tusk|Rapid Spin|p2a: Sandslash
|-resisted|p2a: Sandslash
|-damage|p2a: Sandslash|95/100
|-boost|p1a: Great Tusk|spe|1
|-sideend|p1: xcPurple|Stealth Rock|[from] move: Rapid Spin|[of] p1a: Great Tusk
|
|-weather|Snowscape|[upkeep]
|upkeep
|turn|7
|
|t:|1758344425
|switch|p2a: Moltres|Moltres|100/100
|move|p1a: Great Tusk|Close Combat|p2a: Moltres
|-resisted|p2a: Moltres
|-damage|p2a: Moltres|62/100
|-unboost|p1a: Great Tusk|def|1
|-unboost|p1a: Great Tusk|spd|1
|
|-weather|Snowscape|[upkeep]
|upkeep
|turn|8
|
|t:|1758344429
|move|p1a: Great Tusk|Knock Off|p2a: Moltres
|-damage|p2a: Moltres|24/100
|-status|p1a: Great Tusk|brn|[from] ability: Flame Body|[of] p2a: Moltres
|-enditem|p2a: Moltres|Heavy-Duty Boots|[from] move: Knock Off|[of] p1a: Great Tusk
|move|p2a: Moltres|U-turn|p1a: Great Tusk
|-damage|p1a: Great Tusk|64/100 brn
|
|t:|1758344440
|switch|p2a: Kyurem|Kyurem|100/100|[from] U-turn
|-ability|p2a: Kyurem|Pressure
|
|-weather|none
|-damage|p1a: Great Tusk|58/100 brn|[from] brn
|upkeep
|turn|9
|
|t:|1758344445
|switch|p2a: Ninetales|Ninetales-Alola, F|100/100 par
|-weather|Snowscape|[from] ability: Snow Warning|[of] p2a: Ninetales
|move|p1a: Great Tusk|Knock Off|p2a: Ninetales
|-resisted|p2a: Ninetales
|-crit|p2a: Ninetales
|-damage|p2a: Ninetales|87/100 par
|-enditem|p2a: Ninetales|Icy Rock|[from] move: Knock Off|[of] p1a: Great Tusk
|
|-weather|Snowscape|[upkeep]
|-damage|p1a: Great Tusk|52/100 brn|[from] brn
|upkeep
|turn|10
|
|t:|1758344454
|move|p1a: Great Tusk|Close Combat|p2a: Ninetales
|-damage|p2a: Ninetales|58/100 par
|-unboost|p1a: Great Tusk|def|1
|-unboost|p1a: Great Tusk|spd|1
|cant|p2a: Ninetales|par
|
|-weather|Snowscape|[upkeep]
|-damage|p1a: Great Tusk|46/100 brn|[from] brn
|upkeep
|turn|11
|
|t:|1758344459
|move|p1a: Great Tusk|Close Combat|p2a: Ninetales
|-damage|p2a: Ninetales|29/100 par
|-unboost|p1a: Great Tusk|def|1
|-unboost|p1a: Great Tusk|spd|1
|move|p2a: Ninetales|Aurora Veil|p2a: Ninetales
|-sidestart|p2: Durianelite|move: Aurora Veil
|
|-weather|Snowscape|[upkeep]
|-damage|p1a: Great Tusk|40/100 brn|[from] brn
|upkeep
|turn|12
|
|t:|1758344464
|switch|p2a: Moltres|Moltres|24/100
|move|p1a: Great Tusk|Close Combat|p2a: Moltres
|-resisted|p2a: Moltres
|-damage|p2a: Moltres|16/100
|-unboost|p1a: Great Tusk|def|1
|-unboost|p1a: Great Tusk|spd|1
|
|-weather|Snowscape|[upkeep]
|-damage|p1a: Great Tusk|33/100 brn|[from] brn
|upkeep
|turn|13
|
|t:|1758344468
|move|p1a: Great Tusk|Knock Off|p2a: Moltres
|-damage|p2a: Moltres|10/100
|move|p2a: Moltres|Roost|p2a: Moltres
|-heal|p2a: Moltres|60/100
|-singleturn|p2a: Moltres|move: Roost
|
|-weather|Snowscape|[upkeep]
|-damage|p1a: Great Tusk|27/100 brn|[from] brn
|upkeep
|turn|14
|
|t:|1758344472
|-end|p1a: Great Tusk|Protosynthesis|[silent]
|switch|p1a: Galvantula|Galvantula, F|100/100
|move|p2a: Moltres|U-turn|p1a: Galvantula
|-damage|p1a: Galvantula|75/100
|
|t:|1758344482
|switch|p2a: Cetitan|Cetitan, F|100/100|[from] U-turn
|
|-weather|Snowscape|[upkeep]
|upkeep
|turn|15
|
|t:|1758344489
|switch|p1a: Great Tusk|Great Tusk, shiny, tera:Water|27/100 brn
|move|p2a: Cetitan|Belly Drum|p2a: Cetitan
|-damage|p2a: Cetitan|50/100
|-setboost|p2a: Cetitan|atk|6|[from] move: Belly Drum
|-enditem|p2a: Cetitan|Sitrus Berry|[eat]
|-heal|p2a: Cetitan|75/100|[from] item: Sitrus Berry
|
|-weather|Snowscape|[upkeep]
|-damage|p1a: Great Tusk|21/100 brn|[from] brn
|-sideend|p2: Durianelite|move: Aurora Veil
|upkeep
|turn|16
|
|t:|1758344495
|move|p2a: Cetitan|Ice Shard|p1a: Great Tusk
|-resisted|p1a: Great Tusk
|-damage|p1a: Great Tusk|0 fnt
|faint|p1a: Great Tusk
|-end|p1a: Great Tusk|Protosynthesis|[silent]
|
|-weather|none
|upkeep
|
|t:|1758344502
|switch|p1a: Scizor|Scizor, M|100/100
|turn|17
|
|t:|1758344509
|-terastallize|p2a: Cetitan|Water
|move|p2a: Cetitan|Liquidation|p1a: Scizor
|-damage|p1a: Scizor|0 fnt
|faint|p1a: Scizor
|
|upkeep
|-message|xcPurple forfeited.
|
|win|Durianelite
|raw|xcPurple's rating: 1362 &rarr; <strong>1338</strong><br />(-24 for losing)
|raw|Durianelite's rating: 1287 &rarr; <strong>1317</strong><br />(+30 for winning)
|l|☆xcPurple
|player|p1|
|l|☆Durianelite
|player|p2|
