|j|☆lzweax
|j|☆gabbagoul
|t:|1758322185
|gametype|singles
|player|p1|lzweax|1|1175
|player|p2|gabbagoul|rocketgrunt|1173
|gen|9
|tier|[Gen 9] OU
|rated|
|rule|HP Percentage Mod: HP is shown in percentages
|rule|Endless Battle Clause: Forcing endless battles is banned
|rule|Species Clause: Limit one of each Pokémon
|rule|OHKO Clause: OHKO moves are banned
|rule|Evasion Items Clause: Evasion items are banned
|rule|Evasion Moves Clause: Evasion moves are banned
|rule|Evasion Abilities Clause: Evasion abilities are banned
|rule|Sleep Moves Clause: Sleep-inducing moves are banned
|clearpoke
|poke|p1|Registeel|
|poke|p1|Landorus-Therian, M|
|poke|p1|Volcanion|
|poke|p1|Pecharunt|
|poke|p1|Araquanid, M|
|poke|p1|Raging Bolt|
|poke|p2|Magneton|
|poke|p2|Mamoswine, M|
|poke|p2|Maushold-Four|
|poke|p2|Reuniclus, M|
|poke|p2|Milotic, F|
|poke|p2|Comfey, M|
|teampreview
|inactive|Battle timer is ON: inactive players will automatically lose when time's up. (requested by gabbagoul)
|
|t:|1758322203
|teamsize|p1|6
|teamsize|p2|6
|start
|switch|p1a: Registeel|Registeel, shiny|100/100
|switch|p2a: Magneton|Magneton|100/100
|turn|1
|
|t:|1758322211
|move|p2a: Magneton|Thunderbolt|p1a: Registeel
|-damage|p1a: Registeel|68/100
|move|p1a: Registeel|Stealth Rock|p2a: Magneton
|-sidestart|p2: gabbagoul|move: Stealth Rock
|
|-heal|p1a: Registeel|74/100|[from] item: Leftovers
|upkeep
|turn|2
|
|t:|1758322217
|move|p2a: Magneton|Thunderbolt|p1a: Registeel
|-damage|p1a: Registeel|42/100
|move|p1a: Registeel|Body Press|p2a: Magneton
|-supereffective|p2a: Magneton
|-damage|p2a: Magneton|46/100
|
|-heal|p1a: Registeel|48/100|[from] item: Leftovers
|upkeep
|turn|3
|
|t:|1758322224
|move|p2a: Magneton|Thunderbolt|p1a: Registeel
|-damage|p1a: Registeel|15/100
|move|p1a: Registeel|Body Press|p2a: Magneton
|-supereffective|p2a: Magneton
|-damage|p2a: Magneton|0 fnt
|faint|p2a: Magneton
|
|-heal|p1a: Registeel|21/100|[from] item: Leftovers
|upkeep
|
|t:|1758322226
|switch|p2a: Milotic|Milotic, F|100/100
|-damage|p2a: Milotic|88/100|[from] Stealth Rock
|turn|4
|
|t:|1758322236
|move|p2a: Milotic|Scald|p1a: Registeel
|-damage|p1a: Registeel|3/100
|move|p1a: Registeel|Thunder Wave|p2a: Milotic
|-status|p2a: Milotic|par
|
|-heal|p1a: Registeel|9/100|[from] item: Leftovers
|upkeep
|turn|5
|
|t:|1758322245
|move|p1a: Registeel|Body Press|p2a: Milotic
|-damage|p2a: Milotic|70/100 par
|cant|p2a: Milotic|par
|
|-heal|p1a: Registeel|15/100|[from] item: Leftovers
|upkeep
|turn|6
|
|t:|1758322256
|switch|p1a: Volcanion|Volcanion|100/100
|move|p2a: Milotic|Scald|p1a: Volcanion
|-immune|p1a: Volcanion|[from] ability: Water Absorb
|
|upkeep
|turn|7
|
|t:|1758322267
|move|p1a: Volcanion|Steam Eruption|p2a: Milotic
|-resisted|p2a: Milotic
|-damage|p2a: Milotic|49/100 par
|move|p2a: Milotic|Ice Beam|p1a: Volcanion
|-resisted|p1a: Volcanion
|-damage|p1a: Volcanion|95/100
|
|upkeep
|turn|8
|
|t:|1758322277
|move|p1a: Volcanion|Steam Eruption|p2a: Milotic
|-resisted|p2a: Milotic
|-damage|p2a: Milotic|26/100 par
|cant|p2a: Milotic|par
|
|upkeep
|turn|9
|
|t:|1758322283
|move|p1a: Volcanion|Steam Eruption|p2a: Milotic
|-resisted|p2a: Milotic
|-damage|p2a: Milotic|2/100 par
|cant|p2a: Milotic|par
|
|upkeep
|turn|10
|
|t:|1758322289
|move|p1a: Volcanion|Steam Eruption|p2a: Milotic|[miss]
|-miss|p1a: Volcanion|p2a: Milotic
|move|p2a: Milotic|Recover|p2a: Milotic
|-heal|p2a: Milotic|52/100 par
|
|upkeep
|turn|11
|
|t:|1758322295
|move|p1a: Volcanion|Steam Eruption|p2a: Milotic
|-resisted|p2a: Milotic
|-damage|p2a: Milotic|29/100 par
|cant|p2a: Milotic|par
|
|upkeep
|turn|12
|
|t:|1758322308
|-terastallize|p1a: Volcanion|Ground
|move|p1a: Volcanion|Earth Power|p2a: Milotic
|-damage|p2a: Milotic|0 fnt
|faint|p2a: Milotic
|
|upkeep
|
|t:|1758322317
|switch|p2a: Comfey|Comfey, M|100/100
|-damage|p2a: Comfey|88/100|[from] Stealth Rock
|turn|13
|
|t:|1758322327
|move|p2a: Comfey|Calm Mind|p2a: Comfey
|-boost|p2a: Comfey|spa|1
|-boost|p2a: Comfey|spd|1
|move|p1a: Volcanion|Earth Power|p2a: Comfey
|-damage|p2a: Comfey|54/100
|-unboost|p2a: Comfey|spd|1
|
|upkeep
|turn|14
|
|t:|1758322334
|move|p2a: Comfey|Calm Mind|p2a: Comfey
|-boost|p2a: Comfey|spa|1
|-boost|p2a: Comfey|spd|1
|move|p1a: Volcanion|Earth Power|p2a: Comfey
|-damage|p2a: Comfey|18/100
|
|upkeep
|turn|15
|
|t:|1758322340
|move|p2a: Comfey|Giga Drain|p1a: Volcanion
|-supereffective|p1a: Volcanion
|-damage|p1a: Volcanion|5/100
|-heal|p2a: Comfey|88/100|[from] drain|[of] p1a: Volcanion
|move|p1a: Volcanion|Earth Power|p2a: Comfey
|-damage|p2a: Comfey|54/100
|
|upkeep
|turn|16
|
|t:|1758322350
|move|p2a: Comfey|Giga Drain|p1a: Volcanion
|-supereffective|p1a: Volcanion
|-damage|p1a: Volcanion|0 fnt
|-heal|p2a: Comfey|58/100|[from] drain|[of] p1a: Volcanion
|faint|p1a: Volcanion
|
|upkeep
|
|t:|1758322357
|switch|p1a: Landorus|Landorus-Therian, M, shiny|100/100
|-ability|p1a: Landorus|Intimidate|boost
|-unboost|p2a: Comfey|atk|1
|turn|17
|
|t:|1758322364
|-terastallize|p2a: Comfey|Fairy
|move|p2a: Comfey|Draining Kiss|p1a: Landorus
|-damage|p1a: Landorus|22/100
|-heal|p2a: Comfey|100/100|[from] drain|[of] p1a: Landorus
|move|p1a: Landorus|Earthquake|p2a: Comfey
|-damage|p2a: Comfey|31/100
|
|upkeep
|turn|18
|
|t:|1758322374
|switch|p1a: Pecharunt|Pecharunt|100/100
|move|p2a: Comfey|Draining Kiss|p1a: Pecharunt
|-resisted|p1a: Pecharunt
|-damage|p1a: Pecharunt|66/100
|-heal|p2a: Comfey|73/100|[from] drain|[of] p1a: Pecharunt
|-damage|p2a: Comfey|56/100|[from] item: Rocky Helmet|[of] p1a: Pecharunt
|
|upkeep
|turn|19
|
|t:|1758322383
|move|p2a: Comfey|Draining Kiss|p1a: Pecharunt
|-resisted|p1a: Pecharunt
|-damage|p1a: Pecharunt|33/100
|-heal|p2a: Comfey|96/100|[from] drain|[of] p1a: Pecharunt
|-damage|p2a: Comfey|80/100|[from] item: Rocky Helmet|[of] p1a: Pecharunt
|move|p1a: Pecharunt|Malignant Chain|p2a: Comfey
|-supereffective|p2a: Comfey
|-damage|p2a: Comfey|36/100
|
|upkeep
|turn|20
|
|t:|1758322398
|move|p2a: Comfey|Draining Kiss|p1a: Pecharunt
|-resisted|p1a: Pecharunt
|-damage|p1a: Pecharunt|0 fnt
|-heal|p2a: Comfey|75/100|[from] drain|[of] p1a: Pecharunt
|-damage|p2a: Comfey|58/100|[from] item: Rocky Helmet|[of] p1a: Pecharunt
|faint|p1a: Pecharunt
|
|upkeep
|
|t:|1758322409
|switch|p1a: Registeel|Registeel, shiny|15/100
|turn|21
|
|t:|1758322412
|move|p2a: Comfey|Draining Kiss|p1a: Registeel
|-resisted|p1a: Registeel
|-damage|p1a: Registeel|0 fnt
|-heal|p2a: Comfey|73/100|[from] drain|[of] p1a: Registeel
|faint|p1a: Registeel
|
|upkeep
|
|t:|1758322420
|switch|p1a: Araquanid|Araquanid, M, shiny|100/100
|turn|22
|
|t:|1758322423
|move|p2a: Comfey|Draining Kiss|p1a: Araquanid
|-crit|p1a: Araquanid
|-damage|p1a: Araquanid|39/100
|-heal|p2a: Comfey|100/100|[from] drain|[of] p1a: Araquanid
|move|p1a: Araquanid|Poison Jab|p2a: Comfey
|-supereffective|p2a: Comfey
|-damage|p2a: Comfey|69/100
|
|upkeep
|turn|23
|
|t:|1758322432
|move|p2a: Comfey|Calm Mind|p2a: Comfey
|-boost|p2a: Comfey|spa|1
|-boost|p2a: Comfey|spd|1
|move|p1a: Araquanid|Poison Jab|p2a: Comfey
|-supereffective|p2a: Comfey
|-damage|p2a: Comfey|38/100
|-status|p2a: Comfey|psn
|
|-damage|p2a: Comfey|26/100 psn|[from] psn
|upkeep
|turn|24
|
|t:|1758322446
|move|p2a: Comfey|Draining Kiss|p1a: Araquanid
|-damage|p1a: Araquanid|0 fnt
|-heal|p2a: Comfey|68/100 psn|[from] drain|[of] p1a: Araquanid
|faint|p1a: Araquanid
|
|-damage|p2a: Comfey|56/100 psn|[from] psn
|upkeep
|
|t:|1758322454
|switch|p1a: Raging Bolt|Raging Bolt|100/100
|-enditem|p1a: Raging Bolt|Booster Energy
|-activate|p1a: Raging Bolt|ability: Protosynthesis|[fromitem]
|-start|p1a: Raging Bolt|protosynthesisspa
|turn|25
|
|t:|1758322466
|move|p2a: Comfey|Draining Kiss|p1a: Raging Bolt
|-supereffective|p1a: Raging Bolt
|-damage|p1a: Raging Bolt|0 fnt
|-heal|p2a: Comfey|100/100 psn|[from] drain|[of] p1a: Raging Bolt
|faint|p1a: Raging Bolt
|-end|p1a: Raging Bolt|Protosynthesis|[silent]
|
|-damage|p2a: Comfey|88/100 psn|[from] psn
|upkeep
|-message|lzweax forfeited.
|
|win|gabbagoul
|raw|lzweax's rating: 1175 &rarr; <strong>1150</strong><br />(-25 for losing)
|raw|gabbagoul's rating: 1173 &rarr; <strong>1198</strong><br />(+25 for winning)
|l|☆lzweax
|player|p1|
|l|☆gabbagoul
|player|p2|
