|j|☆oficial matute
|j|☆101st Account
|t:|1758243633
|gametype|singles
|player|p1|oficial matute|policeman-gen4|1289
|player|p2|101st Account|ethan|1333
|gen|9
|tier|[Gen 9] OU
|rated|
|rule|HP Percentage Mod: HP is shown in percentages
|rule|Endless Battle Clause: Forcing endless battles is banned
|rule|Species Clause: Limit one of each Pokémon
|rule|OHKO Clause: OHKO moves are banned
|rule|Evasion Items Clause: Evasion items are banned
|rule|Evasion Moves Clause: Evasion moves are banned
|rule|Evasion Abilities Clause: Evasion abilities are banned
|rule|Sleep Moves Clause: Sleep-inducing moves are banned
|clearpoke
|poke|p1|Noivern, F|
|poke|p1|Tropius, M|
|poke|p1|Garchomp, M|
|poke|p1|Hydrapple, M|
|poke|p1|Torterra, M|
|poke|p1|Landorus-Therian, M|
|poke|p2|Zamazenta-*|
|poke|p2|Ninetales-Alola, M|
|poke|p2|Darkrai|
|poke|p2|Ceruledge, F|
|poke|p2|Gliscor, M|
|poke|p2|Hatterene, F|
|teampreview
|inactive|Battle timer is ON: inactive players will automatically lose when time's up. (requested by oficial matute)
|
|t:|1758243641
|teamsize|p1|6
|teamsize|p2|6
|start
|switch|p1a: 👁👅👁|Noivern, F|100/100
|switch|p2a: Ninetales|Ninetales-Alola, M|100/100
|-item|p2a: Ninetales|Light Clay|[from] ability: Frisk|[of] p1a: 👁👅👁
|-weather|Snowscape|[from] ability: Snow Warning|[of] p2a: Ninetales
|turn|1
|
|t:|1758243650
|move|p1a: 👁👅👁|Switcheroo|p2a: Ninetales
|-activate|p1a: 👁👅👁|move: Trick|[of] p2a: Ninetales
|-item|p2a: Ninetales|Choice Scarf|[from] move: Switcheroo
|-item|p1a: 👁👅👁|Light Clay|[from] move: Switcheroo
|move|p2a: Ninetales|Aurora Veil|p2a: Ninetales
|-sidestart|p2: 101st Account|move: Aurora Veil
|
|-weather|Snowscape|[upkeep]
|upkeep
|turn|2
|
|t:|1758243661
|switch|p2a: Darkrai|Darkrai|100/100
|move|p1a: 👁👅👁|Defog|p2a: Darkrai
|-unboost|p2a: Darkrai|evasion|1
|-sideend|p2: 101st Account|move: Aurora Veil
|
|-weather|Snowscape|[upkeep]
|upkeep
|turn|3
|
|t:|1758243671
|move|p2a: Darkrai|Dark Pulse|p1a: 👁👅👁
|-damage|p1a: 👁👅👁|43/100
|cant|p1a: 👁👅👁|flinch
|
|-weather|Snowscape|[upkeep]
|upkeep
|turn|4
|
|t:|1758243678
|switch|p1a: 👁👄👁|Hydrapple, M|100/100
|move|p2a: Darkrai|Dark Pulse|p1a: 👁👄👁
|-damage|p1a: 👁👄👁|76/100
|
|-weather|Snowscape|[upkeep]
|upkeep
|turn|5
|
|t:|1758243686
|switch|p2a: Ninetales|Ninetales-Alola, M|100/100
|switch|p1a: 👁👅👁|Noivern, F|43/100
|-item|p2a: Ninetales|Choice Scarf|[from] ability: Frisk|[of] p1a: 👁👅👁
|
|-weather|none
|upkeep
|turn|6
|
|t:|1758243694
|move|p2a: Ninetales|Freeze-Dry|p1a: 👁👅👁
|-supereffective|p1a: 👁👅👁
|-damage|p1a: 👁👅👁|0 fnt
|faint|p1a: 👁👅👁
|
|upkeep
|
|t:|1758243700
|switch|p1a: 👁🐽👁|Tropius, M, shiny|100/100
|turn|7
|
|t:|1758243704
|-terastallize|p1a: 👁🐽👁|Ghost
|move|p2a: Ninetales|Freeze-Dry|p1a: 👁🐽👁
|-damage|p1a: 👁🐽👁|88/100
|move|p1a: 👁🐽👁|Curse|p2a: Ninetales
|-start|p2a: Ninetales|Curse|[of] p1a: 👁🐽👁
|-damage|p1a: 👁🐽👁|38/100
|-enditem|p1a: 👁🐽👁|Sitrus Berry|[eat]
|-heal|p1a: 👁🐽👁|63/100|[from] item: Sitrus Berry
|
|-damage|p2a: Ninetales|76/100|[from] Curse
|-item|p1a: 👁🐽👁|Sitrus Berry|[from] ability: Harvest
|upkeep
|turn|8
|
|t:|1758243717
|switch|p2a: Darkrai|Darkrai|100/100
|move|p1a: 👁🐽👁|Substitute|p1a: 👁🐽👁
|-start|p1a: 👁🐽👁|Substitute
|-damage|p1a: 👁🐽👁|38/100
|-enditem|p1a: 👁🐽👁|Sitrus Berry|[eat]
|-heal|p1a: 👁🐽👁|63/100|[from] item: Sitrus Berry
|
|-item|p1a: 👁🐽👁|Sitrus Berry|[from] ability: Harvest
|upkeep
|turn|9
|
|t:|1758243728
|move|p2a: Darkrai|Dark Pulse|p1a: 👁🐽👁
|-supereffective|p1a: 👁🐽👁
|-end|p1a: 👁🐽👁|Substitute
|move|p1a: 👁🐽👁|Curse|p2a: Darkrai
|-start|p2a: Darkrai|Curse|[of] p1a: 👁🐽👁
|-damage|p1a: 👁🐽👁|13/100
|-enditem|p1a: 👁🐽👁|Sitrus Berry|[eat]
|-heal|p1a: 👁🐽👁|38/100|[from] item: Sitrus Berry
|
|-damage|p2a: Darkrai|76/100|[from] Curse
|-item|p1a: 👁🐽👁|Sitrus Berry|[from] ability: Harvest
|upkeep
|-enditem|p1a: 👁🐽👁|Sitrus Berry|[eat]
|-heal|p1a: 👁🐽👁|62/100|[from] item: Sitrus Berry
|turn|10
|
|t:|1758243742
|move|p1a: 👁🐽👁|Protect|p1a: 👁🐽👁
|-singleturn|p1a: 👁🐽👁|Protect
|move|p2a: Darkrai|Dark Pulse|p1a: 👁🐽👁
|-activate|p1a: 👁🐽👁|move: Protect
|
|-heal|p2a: Darkrai|82/100|[from] item: Leftovers
|-damage|p2a: Darkrai|57/100|[from] Curse
|upkeep
|turn|11
|
|t:|1758243752
|switch|p1a: 👁👄👁|Hydrapple, M|100/100
|move|p2a: Darkrai|Dark Pulse|p1a: 👁👄👁
|-damage|p1a: 👁👄👁|74/100
|
|-heal|p2a: Darkrai|63/100|[from] item: Leftovers
|-damage|p2a: Darkrai|38/100|[from] Curse
|upkeep
|turn|12
|
|t:|1758243771
|switch|p2a: Ceruledge|Ceruledge, F|100/100
|switch|p1a: 👁🐽👁|Tropius, M, shiny, tera:Ghost|62/100
|
|-item|p1a: 👁🐽👁|Sitrus Berry|[from] ability: Harvest
|upkeep
|turn|13
|
|t:|1758243779
|switch|p1a: 👁👃👁|Landorus-Therian, M|100/100
|-ability|p1a: 👁👃👁|Intimidate|boost
|-unboost|p2a: Ceruledge|atk|1
|move|p2a: Ceruledge|Shadow Sneak|p1a: 👁👃👁
|-damage|p1a: 👁👃👁|93/100
|-damage|p2a: Ceruledge|84/100|[from] item: Rocky Helmet|[of] p1a: 👁👃👁
|
|upkeep
|turn|14
|
|t:|1758243788
|switch|p2a: Hatterene|Hatterene, F|100/100
|move|p1a: 👁👃👁|Scorching Sands|p2a: Hatterene
|-damage|p2a: Hatterene|72/100
|-status|p2a: Hatterene|brn
|
|-heal|p2a: Hatterene|78/100 brn|[from] item: Leftovers
|-damage|p2a: Hatterene|72/100 brn|[from] brn
|upkeep
|turn|15
|
|t:|1758243798
|move|p1a: 👁👃👁|U-turn|p2a: Hatterene
|-damage|p2a: Hatterene|54/100 brn
|
|t:|1758243802
|switch|p1a: 👁🐽👁|Tropius, M, shiny, tera:Ghost|62/100|[from] U-turn
|move|p2a: Hatterene|Calm Mind|p2a: Hatterene
|-boost|p2a: Hatterene|spa|1
|-boost|p2a: Hatterene|spd|1
|
|-heal|p2a: Hatterene|60/100 brn|[from] item: Leftovers
|-damage|p2a: Hatterene|54/100 brn|[from] brn
|upkeep
|turn|16
|
|t:|1758243813
|move|p1a: 👁🐽👁|Curse|p2a: Hatterene
|-start|p2a: Hatterene|Curse|[of] p1a: 👁🐽👁
|-damage|p1a: 👁🐽👁|12/100
|-enditem|p1a: 👁🐽👁|Sitrus Berry|[eat]
|-heal|p1a: 👁🐽👁|37/100|[from] item: Sitrus Berry
|move|p2a: Hatterene|Draining Kiss|p1a: 👁🐽👁
|-damage|p1a: 👁🐽👁|16/100
|-heal|p2a: Hatterene|74/100 brn|[from] drain|[of] p1a: 👁🐽👁
|
|-heal|p2a: Hatterene|80/100 brn|[from] item: Leftovers
|-damage|p2a: Hatterene|74/100 brn|[from] brn
|-damage|p2a: Hatterene|49/100 brn|[from] Curse
|upkeep
|turn|17
|
|t:|1758243826
|switch|p2a: Ninetales|Ninetales-Alola, M|76/100
|-weather|Snowscape|[from] ability: Snow Warning|[of] p2a: Ninetales
|move|p1a: 👁🐽👁|Protect||[still]
|-fail|p1a: 👁🐽👁
|
|-weather|Snowscape|[upkeep]
|-item|p1a: 👁🐽👁|Sitrus Berry|[from] ability: Harvest
|upkeep
|-enditem|p1a: 👁🐽👁|Sitrus Berry|[eat]
|-heal|p1a: 👁🐽👁|41/100|[from] item: Sitrus Berry
|turn|18
|
|t:|1758243838
|move|p2a: Ninetales|Freeze-Dry|p1a: 👁🐽👁
|-crit|p1a: 👁🐽👁
|-damage|p1a: 👁🐽👁|22/100
|move|p1a: 👁🐽👁|Leech Seed|p2a: Ninetales
|-start|p2a: Ninetales|move: Leech Seed
|
|-weather|Snowscape|[upkeep]
|-damage|p2a: Ninetales|63/100|[from] Leech Seed|[of] p1a: 👁🐽👁
|-heal|p1a: 👁🐽👁|33/100|[silent]
|-item|p1a: 👁🐽👁|Sitrus Berry|[from] ability: Harvest
|upkeep
|-enditem|p1a: 👁🐽👁|Sitrus Berry|[eat]
|-heal|p1a: 👁🐽👁|58/100|[from] item: Sitrus Berry
|turn|19
|
|t:|1758243851
|switch|p2a: Gliscor|Gliscor, M|100/100
|move|p1a: 👁🐽👁|Substitute|p1a: 👁🐽👁
|-start|p1a: 👁🐽👁|Substitute
|-damage|p1a: 👁🐽👁|33/100
|
|-weather|Snowscape|[upkeep]
|-status|p2a: Gliscor|tox|[from] item: Toxic Orb
|upkeep
|turn|20
|
|t:|1758243859
|move|p1a: 👁🐽👁|Protect|p1a: 👁🐽👁
|-singleturn|p1a: 👁🐽👁|Protect
|move|p2a: Gliscor|Earthquake|p1a: 👁🐽👁
|-activate|p1a: 👁🐽👁|move: Protect
|
|-weather|Snowscape|[upkeep]
|-item|p1a: 👁🐽👁|Sitrus Berry|[from] ability: Harvest
|upkeep
|-enditem|p1a: 👁🐽👁|Sitrus Berry|[eat]
|-heal|p1a: 👁🐽👁|58/100|[from] item: Sitrus Berry
|turn|21
|
|t:|1758243870
|move|p2a: Gliscor|Earthquake|p1a: 👁🐽👁
|-end|p1a: 👁🐽👁|Substitute
|move|p1a: 👁🐽👁|Curse|p2a: Gliscor
|-start|p2a: Gliscor|Curse|[of] p1a: 👁🐽👁
|-damage|p1a: 👁🐽👁|8/100
|
|-weather|none
|-damage|p2a: Gliscor|75/100 tox|[from] Curse
|upkeep
|turn|22
|
|t:|1758243879
|move|p1a: 👁🐽👁|Protect|p1a: 👁🐽👁
|-singleturn|p1a: 👁🐽👁|Protect
|move|p2a: Gliscor|Earthquake|p1a: 👁🐽👁
|-activate|p1a: 👁🐽👁|move: Protect
|
|-heal|p2a: Gliscor|88/100 tox|[from] ability: Poison Heal
|-damage|p2a: Gliscor|63/100 tox|[from] Curse
|-item|p1a: 👁🐽👁|Sitrus Berry|[from] ability: Harvest
|upkeep
|-enditem|p1a: 👁🐽👁|Sitrus Berry|[eat]
|-heal|p1a: 👁🐽👁|33/100|[from] item: Sitrus Berry
|turn|23
|
|t:|1758243892
|switch|p1a: 👁👃👁|Landorus-Therian, M|93/100
|-ability|p1a: 👁👃👁|Intimidate|boost
|-unboost|p2a: Gliscor|atk|1
|move|p2a: Gliscor|Swords Dance|p2a: Gliscor
|-boost|p2a: Gliscor|atk|2
|
|-heal|p2a: Gliscor|75/100 tox|[from] ability: Poison Heal
|-damage|p2a: Gliscor|50/100 tox|[from] Curse
|upkeep
|turn|24
|
|t:|1758243904
|move|p2a: Gliscor|Facade|p1a: 👁👃👁
|-damage|p1a: 👁👃👁|62/100
|-damage|p2a: Gliscor|34/100 tox|[from] item: Rocky Helmet|[of] p1a: 👁👃👁
|move|p1a: 👁👃👁|U-turn|p2a: Gliscor
|-resisted|p2a: Gliscor
|-damage|p2a: Gliscor|26/100 tox
|
|t:|1758243912
|switch|p1a: 👁🐽👁|Tropius, M, shiny, tera:Ghost|33/100|[from] U-turn
|
|-heal|p2a: Gliscor|39/100 tox|[from] ability: Poison Heal
|-damage|p2a: Gliscor|14/100 tox|[from] Curse
|upkeep
|turn|25
|
|t:|1758243922
|switch|p2a: Darkrai|Darkrai|38/100
|move|p1a: 👁🐽👁|Protect||[still]
|-fail|p1a: 👁🐽👁
|
|-heal|p2a: Darkrai|44/100|[from] item: Leftovers
|upkeep
|turn|26
|
|t:|1758243938
|switch|p2a: Ninetales|Ninetales-Alola, M|63/100
|-weather|Snowscape|[from] ability: Snow Warning|[of] p2a: Ninetales
|move|p1a: 👁🐽👁|Protect||[still]
|-fail|p1a: 👁🐽👁
|
|-weather|Snowscape|[upkeep]
|upkeep
|turn|27
|
|t:|1758243950
|move|p2a: Ninetales|Encore|p1a: 👁🐽👁
|-start|p1a: 👁🐽👁|Encore
|move|p1a: 👁🐽👁|Protect||[still]
|-fail|p1a: 👁🐽👁
|
|-weather|Snowscape|[upkeep]
|upkeep
|turn|28
|
|t:|1758243962
|switch|p2a: Darkrai|Darkrai|44/100
|move|p1a: 👁🐽👁|Protect||[still]
|-fail|p1a: 👁🐽👁
|
|-weather|Snowscape|[upkeep]
|-heal|p2a: Darkrai|50/100|[from] item: Leftovers
|-item|p1a: 👁🐽👁|Sitrus Berry|[from] ability: Harvest
|upkeep
|-enditem|p1a: 👁🐽👁|Sitrus Berry|[eat]
|-heal|p1a: 👁🐽👁|58/100|[from] item: Sitrus Berry
|turn|29
|
|t:|1758243975
|move|p1a: 👁🐽👁|Protect|p1a: 👁🐽👁
|-singleturn|p1a: 👁🐽👁|Protect
|move|p2a: Darkrai|Nasty Plot|p2a: Darkrai
|-boost|p2a: Darkrai|spa|2
|
|-weather|Snowscape|[upkeep]
|-heal|p2a: Darkrai|56/100|[from] item: Leftovers
|-end|p1a: 👁🐽👁|Encore
|-item|p1a: 👁🐽👁|Sitrus Berry|[from] ability: Harvest
|upkeep
|turn|30
|
|t:|1758243986
|switch|p1a: 👁🫦👁|Garchomp, M|100/100
|move|p2a: Darkrai|Dark Pulse|p1a: 👁🫦👁
|-damage|p1a: 👁🫦👁|13/100
|
|-weather|none
|-heal|p2a: Darkrai|62/100|[from] item: Leftovers
|upkeep
|turn|31
|
|t:|1758243994
|move|p2a: Darkrai|Dark Pulse|p1a: 👁🫦👁
|-damage|p1a: 👁🫦👁|0 fnt
|faint|p1a: 👁🫦👁
|
|-heal|p2a: Darkrai|68/100|[from] item: Leftovers
|upkeep
|
|t:|1758244002
|switch|p1a: 👁💋👁|Torterra, M|100/100
|turn|32
|
|t:|1758244006
|move|p2a: Darkrai|Dark Pulse|p1a: 👁💋👁
|-enditem|p1a: 👁💋👁|Focus Sash
|-damage|p1a: 👁💋👁|1/100
|move|p1a: 👁💋👁|Shell Smash|p1a: 👁💋👁
|-unboost|p1a: 👁💋👁|def|1
|-unboost|p1a: 👁💋👁|spd|1
|-boost|p1a: 👁💋👁|atk|2
|-boost|p1a: 👁💋👁|spa|2
|-boost|p1a: 👁💋👁|spe|2
|
|-heal|p2a: Darkrai|74/100|[from] item: Leftovers
|upkeep
|turn|33
|
|t:|1758244017
|move|p1a: 👁💋👁|Headlong Rush|p2a: Darkrai
|-damage|p2a: Darkrai|0 fnt
|-unboost|p1a: 👁💋👁|def|1
|-unboost|p1a: 👁💋👁|spd|1
|faint|p2a: Darkrai
|
|upkeep
|
|t:|1758244020
|switch|p2a: Ceruledge|Ceruledge, F|84/100
|turn|34
|
|t:|1758244026
|switch|p1a: 👁👃👁|Landorus-Therian, M|62/100
|-ability|p1a: 👁👃👁|Intimidate|boost
|-unboost|p2a: Ceruledge|atk|1
|move|p2a: Ceruledge|Shadow Sneak|p1a: 👁👃👁
|-damage|p1a: 👁👃👁|54/100
|-damage|p2a: Ceruledge|68/100|[from] item: Rocky Helmet|[of] p1a: 👁👃👁
|
|upkeep
|turn|35
|
|t:|1758244035
|move|p2a: Ceruledge|Bitter Blade|p1a: 👁👃👁
|-damage|p1a: 👁👃👁|38/100
|-heal|p2a: Ceruledge|77/100|[from] drain|[of] p1a: 👁👃👁
|-damage|p2a: Ceruledge|60/100|[from] item: Rocky Helmet|[of] p1a: 👁👃👁
|move|p1a: 👁👃👁|U-turn|p2a: Ceruledge
|-resisted|p2a: Ceruledge
|-damage|p2a: Ceruledge|55/100
|
|t:|1758244044
|switch|p1a: 👁🐽👁|Tropius, M, shiny, tera:Ghost|58/100|[from] U-turn
|
|upkeep
|turn|36
|
|t:|1758244054
|switch|p1a: 👁👃👁|Landorus-Therian, M|38/100
|-ability|p1a: 👁👃👁|Intimidate|boost
|-unboost|p2a: Ceruledge|atk|1
|move|p2a: Ceruledge|Taunt|p1a: 👁👃👁
|-start|p1a: 👁👃👁|move: Taunt
|
|upkeep
|turn|37
|
|t:|1758244062
|move|p2a: Ceruledge|Bulk Up|p2a: Ceruledge
|-boost|p2a: Ceruledge|atk|1
|-boost|p2a: Ceruledge|def|1
|move|p1a: 👁👃👁|Scorching Sands|p2a: Ceruledge
|-supereffective|p2a: Ceruledge
|-damage|p2a: Ceruledge|17/100
|
|upkeep
|turn|38
|
|t:|1758244070
|switch|p2a: Gliscor|Gliscor, M|14/100 tox
|move|p1a: 👁👃👁|Scorching Sands|p2a: Gliscor
|-immune|p2a: Gliscor
|
|-heal|p2a: Gliscor|26/100 tox|[from] ability: Poison Heal
|-end|p1a: 👁👃👁|move: Taunt
|upkeep
|turn|39
|
|t:|1758244080
|move|p2a: Gliscor|Earthquake|p1a: 👁👃👁
|-immune|p1a: 👁👃👁
|move|p1a: 👁👃👁|Stealth Rock|p2a: Gliscor
|-sidestart|p2: 101st Account|move: Stealth Rock
|
|-heal|p2a: Gliscor|39/100 tox|[from] ability: Poison Heal
|upkeep
|turn|40
|
|t:|1758244088
|switch|p1a: 👁👄👁|Hydrapple, M|100/100
|move|p2a: Gliscor|Swords Dance|p2a: Gliscor
|-boost|p2a: Gliscor|atk|2
|
|-heal|p2a: Gliscor|51/100 tox|[from] ability: Poison Heal
|upkeep
|turn|41
|
|t:|1758244096
|-terastallize|p2a: Gliscor|Normal
|move|p2a: Gliscor|Facade|p1a: 👁👄👁
|-damage|p1a: 👁👄👁|25/100
|move|p1a: 👁👄👁|Giga Drain|p2a: Gliscor
|-damage|p2a: Gliscor|7/100 tox
|-heal|p1a: 👁👄👁|43/100|[from] drain|[of] p2a: Gliscor
|
|-heal|p2a: Gliscor|19/100 tox|[from] ability: Poison Heal
|upkeep
|turn|42
|
|t:|1758244108
|switch|p1a: 👁👃👁|Landorus-Therian, M|38/100
|-ability|p1a: 👁👃👁|Intimidate|boost
|-unboost|p2a: Gliscor|atk|1
|move|p2a: Gliscor|Facade|p1a: 👁👃👁
|-damage|p1a: 👁👃👁|0 fnt
|-damage|p2a: Gliscor|3/100 tox|[from] item: Rocky Helmet|[of] p1a: 👁👃👁
|faint|p1a: 👁👃👁
|
|-heal|p2a: Gliscor|15/100 tox|[from] ability: Poison Heal
|upkeep
|
|t:|1758244120
|switch|p1a: 👁👄👁|Hydrapple, M|76/100
|turn|43
|
|t:|1758244125
|move|p2a: Gliscor|Facade|p1a: 👁👄👁
|-crit|p1a: 👁👄👁
|-damage|p1a: 👁👄👁|0 fnt
|faint|p1a: 👁👄👁
|
|-heal|p2a: Gliscor|28/100 tox|[from] ability: Poison Heal
|upkeep
|-message|oficial matute forfeited.
|
|win|101st Account
|raw|oficial matute's rating: 1289 &rarr; <strong>1267</strong><br />(-22 for losing)
|raw|101st Account's rating: 1333 &rarr; <strong>1350</strong><br />(+17 for winning)
|l|☆oficial matute
|player|p1|
|l|☆101st Account
|player|p2|
