|j|☆Solavmon
|j|☆shuppetlover
|t:|1758346396
|gametype|singles
|player|p1|Solavmon|backpacker|1071
|player|p2|shuppetlover|workerice|1086
|gen|9
|tier|[Gen 9] OU
|rated|
|rule|HP Percentage Mod: HP is shown in percentages
|rule|Endless Battle Clause: Forcing endless battles is banned
|rule|Species Clause: Limit one of each Pokémon
|rule|OHKO Clause: OHKO moves are banned
|rule|Evasion Items Clause: Evasion items are banned
|rule|Evasion Moves Clause: Evasion moves are banned
|rule|Evasion Abilities Clause: Evasion abilities are banned
|rule|Sleep Moves Clause: Sleep-inducing moves are banned
|clearpoke
|poke|p1|Snorlax, F|
|poke|p1|Blissey, F|
|poke|p1|Zoroark-Hisui, F|
|poke|p1|Ursaluna, M|
|poke|p1|Meloetta|
|poke|p1|Cyclizar, F|
|poke|p2|Venusaur, M|
|poke|p2|Grimmsnarl, M|
|poke|p2|Latios, M|
|poke|p2|Torkoal, F|
|poke|p2|Flygon, F|
|poke|p2|Blaziken, M|
|teampreview
|
|t:|1758346446
|teamsize|p1|6
|teamsize|p2|6
|start
|switch|p1a: Meloetta|Meloetta|100/100
|switch|p2a: Flyeon|Flygon, F|100/100
|turn|1
|
|t:|1758346455
|move|p2a: Flyeon|Agility|p2a: Flyeon
|-boost|p2a: Flyeon|spe|2
|move|p1a: Meloetta|Trick Room|p1a: Meloetta
|-fieldstart|move: Trick Room|[of] p1a: Meloetta
|
|upkeep
|turn|2
|
|t:|1758346464
|move|p1a: Meloetta|U-turn|p2a: Flyeon
|-damage|p2a: Flyeon|81/100
|
|t:|1758346467
|switch|p1a: Ursaluna|Ursaluna, M|100/100|[from] U-turn
|move|p2a: Flyeon|Boomburst|p1a: Ursaluna
|-damage|p1a: Ursaluna|66/100
|-enditem|p2a: Flyeon|Throat Spray
|-boost|p2a: Flyeon|spa|1|[from] item: Throat Spray
|
|-status|p1a: Ursaluna|brn|[from] item: Flame Orb
|upkeep
|turn|3
|
|t:|1758346500
|move|p1a: Ursaluna|Ice Punch|p2a: Flyeon
|-supereffective|p2a: Flyeon
|-damage|p2a: Flyeon|0 fnt
|faint|p2a: Flyeon
|
|-damage|p1a: Ursaluna|60/100 brn|[from] brn
|upkeep
|
|t:|1758346507
|switch|p2a: Kelleon|Torkoal, F|100/100
|-weather|SunnyDay|[from] ability: Drought|[of] p2a: Kelleon
|turn|4
|
|t:|1758346516
|switch|p2a: Latios|Latios, M|100/100
|move|p1a: Ursaluna|Earthquake|p2a: Latios
|-immune|p2a: Latios|[from] ability: Levitate
|
|-weather|SunnyDay|[upkeep]
|-damage|p1a: Ursaluna|54/100 brn|[from] brn
|upkeep
|turn|5
|
|t:|1758346524
|move|p1a: Ursaluna|Ice Punch|p2a: Latios
|-supereffective|p2a: Latios
|-damage|p2a: Latios|7/100
|move|p2a: Latios|Dragon Claw|p1a: Ursaluna
|-damage|p1a: Ursaluna|25/100 brn
|
|-weather|SunnyDay|[upkeep]
|-damage|p1a: Ursaluna|19/100 brn|[from] brn
|-fieldend|move: Trick Room
|upkeep
|turn|6
|
|t:|1758346537
|move|p2a: Latios|Dragon Claw|p1a: Ursaluna
|-damage|p1a: Ursaluna|0 fnt
|faint|p1a: Ursaluna
|
|-weather|SunnyDay|[upkeep]
|upkeep
|
|t:|1758346544
|switch|p1a: Cyclizar|Cyclizar, F|100/100
|turn|7
|
|t:|1758346551
|move|p1a: Cyclizar|U-turn|p2a: Latios
|-supereffective|p2a: Latios
|-damage|p2a: Latios|0 fnt
|faint|p2a: Latios
|
|t:|1758346557
|switch|p1a: Meloetta|Meloetta|100/100|[from] U-turn
|
|-weather|SunnyDay|[upkeep]
|upkeep
|
|t:|1758346588
|switch|p2a: Grimmsnarl|Grimmsnarl, M|100/100
|turn|8
|
|t:|1758346607
|-terastallize|p1a: Meloetta|Normal
|move|p2a: Grimmsnarl|Bulk Up|p2a: Grimmsnarl
|-boost|p2a: Grimmsnarl|atk|1
|-boost|p2a: Grimmsnarl|def|1
|move|p1a: Meloetta|Trick Room|p1a: Meloetta
|-fieldstart|move: Trick Room|[of] p1a: Meloetta
|
|-weather|none
|upkeep
|turn|9
|
|t:|1758346621
|move|p2a: Grimmsnarl|Drain Punch|p1a: Meloetta
|-supereffective|p1a: Meloetta
|-damage|p1a: Meloetta|33/100
|move|p1a: Meloetta|Relic Song|p2a: Grimmsnarl
|-damage|p2a: Grimmsnarl|58/100
|-formechange|p1a: Meloetta|Meloetta-Pirouette|[msg]
|
|-heal|p2a: Grimmsnarl|65/100|[from] item: Leftovers
|upkeep
|turn|10
|
|t:|1758346629
|move|p2a: Grimmsnarl|Drain Punch|p1a: Meloetta
|-supereffective|p1a: Meloetta
|-damage|p1a: Meloetta|0 fnt
|-heal|p2a: Grimmsnarl|82/100|[from] drain|[of] p1a: Meloetta
|faint|p1a: Meloetta
|
|-heal|p2a: Grimmsnarl|89/100|[from] item: Leftovers
|upkeep
|
|t:|1758346636
|switch|p1a: Snorlax|Snorlax, F|100/100
|turn|11
|
|t:|1758346642
|move|p1a: Snorlax|Heavy Slam|p2a: Grimmsnarl
|-supereffective|p2a: Grimmsnarl
|-damage|p2a: Grimmsnarl|40/100
|move|p2a: Grimmsnarl|Drain Punch|p1a: Snorlax
|-supereffective|p1a: Snorlax
|-damage|p1a: Snorlax|58/100
|-heal|p2a: Grimmsnarl|70/100|[from] drain|[of] p1a: Snorlax
|
|-heal|p2a: Grimmsnarl|77/100|[from] item: Leftovers
|upkeep
|turn|12
|
|t:|1758346651
|move|p2a: Grimmsnarl|Bulk Up|p2a: Grimmsnarl
|-boost|p2a: Grimmsnarl|atk|1
|-boost|p2a: Grimmsnarl|def|1
|move|p1a: Snorlax|Heavy Slam|p2a: Grimmsnarl
|-supereffective|p2a: Grimmsnarl
|-damage|p2a: Grimmsnarl|41/100
|
|-heal|p2a: Grimmsnarl|47/100|[from] item: Leftovers
|-fieldend|move: Trick Room
|upkeep
|turn|13
|
|t:|1758346655
|move|p2a: Grimmsnarl|Drain Punch|p1a: Snorlax
|-supereffective|p1a: Snorlax
|-damage|p1a: Snorlax|0 fnt
|-heal|p2a: Grimmsnarl|88/100|[from] drain|[of] p1a: Snorlax
|faint|p1a: Snorlax
|
|-heal|p2a: Grimmsnarl|94/100|[from] item: Leftovers
|upkeep
|
|t:|1758346663
|switch|p1a: Cyclizar|Cyclizar, F|100/100
|turn|14
|
|t:|1758346670
|move|p1a: Cyclizar|Brick Break|p2a: Grimmsnarl
|-damage|p2a: Grimmsnarl|83/100
|move|p2a: Grimmsnarl|Spirit Break|p1a: Cyclizar
|-damage|p1a: Cyclizar|0 fnt
|replace|p1a: Zoroark|Zoroark-Hisui, F
|-end|p1a: Zoroark|Illusion
|faint|p1a: Zoroark
|
|-heal|p2a: Grimmsnarl|89/100|[from] item: Leftovers
|upkeep
|
|t:|1758346676
|switch|p1a: Cyclizar|Cyclizar, F|100/100
|turn|15
|
|t:|1758346696
|move|p1a: Cyclizar|Knock Off|p2a: Grimmsnarl
|-resisted|p2a: Grimmsnarl
|-damage|p2a: Grimmsnarl|86/100
|-enditem|p2a: Grimmsnarl|Leftovers|[from] move: Knock Off|[of] p1a: Cyclizar
|move|p2a: Grimmsnarl|Spirit Break|p1a: Cyclizar
|-supereffective|p1a: Cyclizar
|-damage|p1a: Cyclizar|0 fnt
|faint|p1a: Cyclizar
|
|upkeep
|-message|Solavmon forfeited.
|
|win|shuppetlover
|raw|Solavmon's rating: 1071 &rarr; <strong>1051</strong><br />(-20 for losing)
|raw|shuppetlover's rating: 1086 &rarr; <strong>1112</strong><br />(+26 for winning)
|l|☆Solavmon
|player|p1|
|l|☆shuppetlover
|player|p2|
