|j|☆mongolian_seabird
|j|☆jinu55
|t:|1758260179
|gametype|singles
|player|p1|mongolian_seabird|volkner|1238
|player|p2|jinu55|byron|1241
|gen|9
|tier|[Gen 9] OU
|rated|
|rule|HP Percentage Mod: HP is shown in percentages
|rule|Endless Battle Clause: Forcing endless battles is banned
|rule|Species Clause: Limit one of each Pokémon
|rule|OHKO Clause: OHKO moves are banned
|rule|Evasion Items Clause: Evasion items are banned
|rule|Evasion Moves Clause: Evasion moves are banned
|rule|Evasion Abilities Clause: Evasion abilities are banned
|rule|Sleep Moves Clause: Sleep-inducing moves are banned
|clearpoke
|poke|p1|Torkoal, F|
|poke|p1|Hatterene, F|
|poke|p1|Raging Bolt|
|poke|p1|Slither Wing|
|poke|p1|Venusaur, M|
|poke|p1|Walking Wake|
|poke|p2|Hitmonlee, M|
|poke|p2|Azumarill, F|
|poke|p2|Blaziken, F|
|poke|p2|Meowscarada, F|
|poke|p2|Donphan, M|
|poke|p2|Dragonite, M|
|teampreview
|inactive|Battle timer is ON: inactive players will automatically lose when time's up. (requested by mongolian_seabird)
|inactive|jinu55 also wants the timer to be on.
|
|t:|1758260192
|teamsize|p1|6
|teamsize|p2|6
|start
|switch|p1a: Slither Wing|Slither Wing|100/100
|switch|p2a: Azumarill|Azumarill, F|100/100
|turn|1
|
|t:|1758260196
|move|p1a: Slither Wing|First Impression|p2a: Azumarill
|-resisted|p2a: Azumarill
|-damage|p2a: Azumarill|74/100
|move|p2a: Azumarill|Belly Drum|p2a: Azumarill
|-damage|p2a: Azumarill|24/100
|-setboost|p2a: Azumarill|atk|6|[from] move: Belly Drum
|-enditem|p2a: Azumarill|Sitrus Berry|[eat]
|-heal|p2a: Azumarill|49/100|[from] item: Sitrus Berry
|
|upkeep
|turn|2
|
|t:|1758260204
|-end|p1a: Slither Wing|Protosynthesis|[silent]
|switch|p1a: Hatterene|Hatterene, F|100/100
|-item|p1a: Hatterene|Air Balloon
|move|p2a: Azumarill|Aqua Jet|p1a: Hatterene
|-damage|p1a: Hatterene|21/100
|-enditem|p1a: Hatterene|Air Balloon
|
|upkeep
|turn|3
|
|t:|1758260209
|move|p2a: Azumarill|Aqua Jet|p1a: Hatterene
|-crit|p1a: Hatterene
|-damage|p1a: Hatterene|0 fnt
|faint|p1a: Hatterene
|
|upkeep
|
|t:|1758260212
|switch|p1a: Torkoal|Torkoal, F|100/100
|-weather|SunnyDay|[from] ability: Drought|[of] p1a: Torkoal
|turn|4
|
|t:|1758260215
|switch|p1a: Venusaur|Venusaur, M|100/100
|move|p2a: Azumarill|Aqua Jet|p1a: Venusaur
|-resisted|p1a: Venusaur
|-damage|p1a: Venusaur|66/100
|
|-weather|SunnyDay|[upkeep]
|upkeep
|turn|5
|
|t:|1758260221
|-terastallize|p2a: Azumarill|Steel
|move|p1a: Venusaur|Giga Drain|p2a: Azumarill
|-resisted|p2a: Azumarill
|-damage|p2a: Azumarill|28/100
|-heal|p1a: Venusaur|80/100|[from] drain|[of] p2a: Azumarill
|-damage|p1a: Venusaur|70/100|[from] item: Life Orb
|move|p2a: Azumarill|Ice Spinner|p1a: Venusaur
|-supereffective|p1a: Venusaur
|-damage|p1a: Venusaur|0 fnt
|faint|p1a: Venusaur
|
|-weather|SunnyDay|[upkeep]
|upkeep
|
|t:|1758260231
|switch|p1a: Raging Bolt|Raging Bolt|100/100
|-activate|p1a: Raging Bolt|ability: Protosynthesis
|-start|p1a: Raging Bolt|protosynthesisspa
|turn|6
|
|t:|1758260237
|move|p1a: Raging Bolt|Thunderclap|p2a: Azumarill
|-crit|p2a: Azumarill
|-damage|p2a: Azumarill|0 fnt
|faint|p2a: Azumarill
|-damage|p1a: Raging Bolt|91/100|[from] item: Life Orb
|
|-weather|SunnyDay|[upkeep]
|upkeep
|
|t:|1758260248
|switch|p2a: Donphan|Donphan, M|100/100
|turn|7
|
|t:|1758260254
|move|p1a: Raging Bolt|Solar Beam||[still]
|-prepare|p1a: Raging Bolt|Solar Beam
|-anim|p1a: Raging Bolt|Solar Beam|p2a: Donphan
|-supereffective|p2a: Donphan
|-ability|p2a: Donphan|Sturdy
|-damage|p2a: Donphan|1/100
|-damage|p1a: Raging Bolt|81/100|[from] item: Life Orb
|move|p2a: Donphan|Earthquake|p1a: Raging Bolt
|-supereffective|p1a: Raging Bolt
|-damage|p1a: Raging Bolt|0 fnt
|faint|p1a: Raging Bolt
|-end|p1a: Raging Bolt|Protosynthesis|[silent]
|
|-weather|SunnyDay|[upkeep]
|upkeep
|
|t:|1758260262
|switch|p1a: Walking Wake|Walking Wake|100/100
|-activate|p1a: Walking Wake|ability: Protosynthesis
|-start|p1a: Walking Wake|protosynthesisspe
|turn|8
|
|t:|1758260267
|move|p2a: Donphan|Ice Shard|p1a: Walking Wake
|-damage|p1a: Walking Wake|84/100
|move|p1a: Walking Wake|Hydro Steam|p2a: Donphan
|-supereffective|p2a: Donphan
|-damage|p2a: Donphan|0 fnt
|faint|p2a: Donphan
|
|-weather|SunnyDay|[upkeep]
|upkeep
|
|t:|1758260273
|switch|p2a: Dragonite|Dragonite, M|100/100
|turn|9
|
|t:|1758260298
|move|p1a: Walking Wake|Draco Meteor|p2a: Dragonite
|-supereffective|p2a: Dragonite
|-damage|p2a: Dragonite|19/100
|-unboost|p1a: Walking Wake|spa|2
|-enditem|p2a: Dragonite|Weakness Policy
|-boost|p2a: Dragonite|atk|2|[from] item: Weakness Policy
|-boost|p2a: Dragonite|spa|2|[from] item: Weakness Policy
|move|p2a: Dragonite|Dragon Dance|p2a: Dragonite
|-boost|p2a: Dragonite|atk|1
|-boost|p2a: Dragonite|spe|1
|
|-weather|SunnyDay|[upkeep]
|upkeep
|turn|10
|
|t:|1758260310
|move|p2a: Dragonite|Extreme Speed|p1a: Walking Wake
|-damage|p1a: Walking Wake|10/100
|move|p1a: Walking Wake|Draco Meteor|p2a: Dragonite
|-supereffective|p2a: Dragonite
|-damage|p2a: Dragonite|0 fnt
|-unboost|p1a: Walking Wake|spa|2
|faint|p2a: Dragonite
|
|-weather|SunnyDay|[upkeep]
|upkeep
|
|t:|1758260322
|switch|p2a: Hitmonlee|Hitmonlee, M|100/100
|turn|11
|
|t:|1758260336
|move|p1a: Walking Wake|Flip Turn|p2a: Hitmonlee
|-damage|p2a: Hitmonlee|81/100
|
|t:|1758260339
|-end|p1a: Walking Wake|Protosynthesis|[silent]
|switch|p1a: Slither Wing|Slither Wing|100/100|[from] Flip Turn
|-activate|p1a: Slither Wing|ability: Protosynthesis
|-start|p1a: Slither Wing|protosynthesisatk
|move|p2a: Hitmonlee|High Jump Kick|p1a: Slither Wing
|-resisted|p1a: Slither Wing
|-damage|p1a: Slither Wing|32/100
|
|-weather|none
|-end|p1a: Slither Wing|Protosynthesis
|upkeep
|turn|12
|
|t:|1758260345
|move|p1a: Slither Wing|First Impression|p2a: Hitmonlee
|-resisted|p2a: Hitmonlee
|-damage|p2a: Hitmonlee|14/100
|move|p2a: Hitmonlee|High Jump Kick|p1a: Slither Wing
|-resisted|p1a: Slither Wing
|-damage|p1a: Slither Wing|0 fnt
|faint|p1a: Slither Wing
|-end|p1a: Slither Wing|Protosynthesis|[silent]
|
|upkeep
|
|t:|1758260347
|switch|p1a: Torkoal|Torkoal, F|100/100
|-weather|SunnyDay|[from] ability: Drought|[of] p1a: Torkoal
|turn|13
|
|t:|1758260350
|move|p2a: Hitmonlee|High Jump Kick|p1a: Torkoal
|-damage|p1a: Torkoal|0 fnt
|faint|p1a: Torkoal
|
|-weather|SunnyDay|[upkeep]
|upkeep
|
|t:|1758260352
|switch|p1a: Walking Wake|Walking Wake|10/100
|-activate|p1a: Walking Wake|ability: Protosynthesis
|-start|p1a: Walking Wake|protosynthesisspe
|turn|14
|
|t:|1758260356
|move|p1a: Walking Wake|Hydro Steam|p2a: Hitmonlee
|-damage|p2a: Hitmonlee|0 fnt
|faint|p2a: Hitmonlee
|
|-weather|SunnyDay|[upkeep]
|upkeep
|
|t:|1758260359
|switch|p2a: Meowscarada|Meowscarada, F|100/100
|turn|15
|
|t:|1758260363
|move|p1a: Walking Wake|Weather Ball|p2a: Meowscarada
|-supereffective|p2a: Meowscarada
|-enditem|p2a: Meowscarada|Focus Sash
|-damage|p2a: Meowscarada|1/100
|move|p2a: Meowscarada|Flower Trick|p1a: Walking Wake
|-crit|p1a: Walking Wake
|-damage|p1a: Walking Wake|0 fnt
|faint|p1a: Walking Wake
|-end|p1a: Walking Wake|Protosynthesis|[silent]
|
|win|jinu55
|raw|mongolian_seabird's rating: 1214 &rarr; <strong>1191</strong><br />(-23 for losing)
|raw|jinu55's rating: 1241 &rarr; <strong>1264</strong><br />(+23 for winning)
|l|☆mongolian_seabird
|player|p1|
|l|☆jinu55
|player|p2|
