|j|☆capitolg
|j|☆sowola
|t:|1758314016
|gametype|singles
|player|p1|capitolg|bellelba|1286
|player|p2|sowola|102|1288
|gen|9
|tier|[Gen 9] OU
|rated|
|rule|HP Percentage Mod: HP is shown in percentages
|rule|Endless Battle Clause: Forcing endless battles is banned
|rule|Species Clause: Limit one of each Pokémon
|rule|OHKO Clause: OHKO moves are banned
|rule|Evasion Items Clause: Evasion items are banned
|rule|Evasion Moves Clause: Evasion moves are banned
|rule|Evasion Abilities Clause: Evasion abilities are banned
|rule|Sleep Moves Clause: Sleep-inducing moves are banned
|clearpoke
|poke|p1|Masquerain, M|
|poke|p1|Articuno-Galar|
|poke|p1|Smeargle, F|
|poke|p1|Empoleon, F|
|poke|p1|Passimian, F|
|poke|p1|Chandelure, M|
|poke|p2|Skeledirge, M|
|poke|p2|Porygon2|
|poke|p2|Glimmora, F|
|poke|p2|Scyther, M|
|poke|p2|Feraligatr, M|
|poke|p2|Zamazenta-*|
|teampreview
|
|t:|1758314028
|teamsize|p1|6
|teamsize|p2|6
|start
|switch|p1a: Masquerain|Masquerain, M|100/100
|switch|p2a: Glimmora|Glimmora, F|100/100
|-ability|p1a: Masquerain|Intimidate|boost
|-unboost|p2a: Glimmora|atk|1
|turn|1
|
|t:|1758314034
|move|p2a: Glimmora|Power Gem|p1a: Masquerain
|-supereffective|p1a: Masquerain
|-enditem|p1a: Masquerain|Focus Sash
|-damage|p1a: Masquerain|1/100
|move|p1a: Masquerain|Sticky Web|p2a: Glimmora
|-sidestart|p2: sowola|move: Sticky Web
|
|upkeep
|turn|2
|
|t:|1758314040
|switch|p1a: Empoleon|Empoleon, F|100/100
|move|p2a: Glimmora|Mortal Spin|p1a: Empoleon
|-immune|p1a: Empoleon
|
|upkeep
|turn|3
|
|t:|1758314051
|switch|p2a: Zamazenta|Zamazenta|100/100
|-activate|p2a: Zamazenta|move: Sticky Web
|-unboost|p2a: Zamazenta|spe|1
|-ability|p2a: Zamazenta|Dauntless Shield|boost
|-boost|p2a: Zamazenta|def|1
|move|p1a: Empoleon|Surf|p2a: Zamazenta
|-damage|p2a: Zamazenta|67/100
|
|-heal|p2a: Zamazenta|73/100|[from] item: Leftovers
|upkeep
|turn|4
|
|t:|1758314062
|switch|p1a: Masquerain|Masquerain, M|1/100
|-ability|p1a: Masquerain|Intimidate|boost
|-unboost|p2a: Zamazenta|atk|1
|move|p2a: Zamazenta|Body Press|p1a: Masquerain
|-resisted|p1a: Masquerain
|-damage|p1a: Masquerain|0 fnt
|faint|p1a: Masquerain
|
|-heal|p2a: Zamazenta|80/100|[from] item: Leftovers
|upkeep
|
|t:|1758314066
|switch|p1a: Smeargle|Smeargle, F|100/100
|turn|5
|
|t:|1758314073
|move|p1a: Smeargle|Burning Bulwark|p1a: Smeargle
|-singleturn|p1a: Smeargle|move: Protect
|move|p2a: Zamazenta|Body Press|p1a: Smeargle
|-activate|p1a: Smeargle|move: Protect
|-status|p2a: Zamazenta|brn
|
|-heal|p2a: Zamazenta|86/100 brn|[from] item: Leftovers
|-damage|p2a: Zamazenta|80/100 brn|[from] brn
|upkeep
|turn|6
|inactive|Battle timer is ON: inactive players will automatically lose when time's up. (requested by sowola)
|
|t:|1758314118
|move|p2a: Zamazenta|Body Press|p1a: Smeargle
|-supereffective|p1a: Smeargle
|-enditem|p1a: Smeargle|Focus Sash
|-damage|p1a: Smeargle|1/100
|move|p1a: Smeargle|Court Change|p1a: Smeargle
|-swapsideconditions
|-activate|p1a: Smeargle|move: Court Change
|
|-heal|p2a: Zamazenta|86/100 brn|[from] item: Leftovers
|-damage|p2a: Zamazenta|80/100 brn|[from] brn
|upkeep
|turn|7
|inactive|sowola has 120 seconds left.
|
|t:|1758314166
|move|p2a: Zamazenta|Body Press|p1a: Smeargle
|-supereffective|p1a: Smeargle
|-damage|p1a: Smeargle|0 fnt
|faint|p1a: Smeargle
|
|-heal|p2a: Zamazenta|86/100 brn|[from] item: Leftovers
|-damage|p2a: Zamazenta|80/100 brn|[from] brn
|upkeep
|
|t:|1758314170
|switch|p1a: Chandelure|Chandelure, M|100/100
|-activate|p1a: Chandelure|move: Sticky Web
|-unboost|p1a: Chandelure|spe|1
|turn|8
|
|t:|1758314177
|move|p2a: Zamazenta|Crunch|p1a: Chandelure
|-supereffective|p1a: Chandelure
|-damage|p1a: Chandelure|84/100
|move|p1a: Chandelure|Trick Room|p1a: Chandelure
|-fieldstart|move: Trick Room|[of] p1a: Chandelure
|
|-heal|p2a: Zamazenta|86/100 brn|[from] item: Leftovers
|-damage|p2a: Zamazenta|80/100 brn|[from] brn
|upkeep
|turn|9
|inactive|sowola has 120 seconds left.
|
|t:|1758314188
|switch|p2a: Porygon2|Porygon2|100/100
|move|p1a: Chandelure|Psychic|p2a: Porygon2
|-damage|p2a: Porygon2|77/100
|
|upkeep
|turn|10
|inactive|sowola has 120 seconds left.
|
|t:|1758314200
|move|p1a: Chandelure|Flamethrower|p2a: Porygon2
|-damage|p2a: Porygon2|40/100
|move|p2a: Porygon2|Psychic|p1a: Chandelure
|-damage|p1a: Chandelure|36/100
|
|upkeep
|turn|11
|
|t:|1758314206
|move|p1a: Chandelure|Flamethrower|p2a: Porygon2
|-crit|p2a: Porygon2
|-damage|p2a: Porygon2|0 fnt
|faint|p2a: Porygon2
|
|upkeep
|
|t:|1758314214
|switch|p2a: Glimmora|Glimmora, F|100/100
|turn|12
|
|t:|1758314218
|move|p1a: Chandelure|Psychic|p2a: Glimmora
|-supereffective|p2a: Glimmora
|-damage|p2a: Glimmora|39/100
|move|p2a: Glimmora|Power Gem|p1a: Chandelure
|-supereffective|p1a: Chandelure
|-damage|p1a: Chandelure|0 fnt
|faint|p1a: Chandelure
|
|-heal|p2a: Glimmora|45/100|[from] item: Black Sludge
|-fieldend|move: Trick Room
|upkeep
|
|t:|1758314221
|switch|p1a: Empoleon|Empoleon, F|100/100
|-activate|p1a: Empoleon|move: Sticky Web
|-unboost|p1a: Empoleon|spe|1
|-ability|p1a: Empoleon|Competitive|boost
|-boost|p1a: Empoleon|spa|2
|turn|13
|
|t:|1758314234
|switch|p2a: Skeledirge|Skeledirge, M|100/100
|move|p1a: Empoleon|Surf|p2a: Skeledirge
|-supereffective|p2a: Skeledirge
|-damage|p2a: Skeledirge|18/100
|
|-heal|p2a: Skeledirge|25/100|[from] item: Leftovers
|upkeep
|turn|14
|-message|sowola forfeited.
|
|win|capitolg
|raw|capitolg's rating: 1286 &rarr; <strong>1311</strong><br />(+25 for winning)
|raw|sowola's rating: 1288 &rarr; <strong>1263</strong><br />(-25 for losing)
|l|☆sowola
|player|p2|
|l|☆capitolg
|player|p1|
|j|☆capitolg
|player|p1|capitolg|bellelba|
|l|☆capitolg
|player|p1|
