|j|☆thom5129
|j|☆sonofagun19
|t:|1758367367
|gametype|singles
|player|p1|thom5129|cynthia-gen4|1277
|player|p2|sonofagun19|benga|1278
|gen|9
|tier|[Gen 9] OU
|rated|
|rule|HP Percentage Mod: HP is shown in percentages
|rule|Endless Battle Clause: Forcing endless battles is banned
|rule|Species Clause: Limit one of each Pokémon
|rule|OHKO Clause: OHKO moves are banned
|rule|Evasion Items Clause: Evasion items are banned
|rule|Evasion Moves Clause: Evasion moves are banned
|rule|Evasion Abilities Clause: Evasion abilities are banned
|rule|Sleep Moves Clause: Sleep-inducing moves are banned
|clearpoke
|poke|p1|Moltres-Galar|
|poke|p1|Great Tusk|
|poke|p1|Iron Moth|
|poke|p1|Araquanid, F|
|poke|p1|Landorus-Therian, M|
|poke|p1|Weavile, M|
|poke|p2|Torkoal, M|
|poke|p2|Typhlosion, M|
|poke|p2|Walking Wake|
|poke|p2|Ceruledge, M|
|poke|p2|Mimikyu, M|
|poke|p2|Venusaur, M|
|teampreview
|
|t:|1758367394
|teamsize|p1|6
|teamsize|p2|6
|start
|switch|p1a: Araquanid|Araquanid, F|100/100
|switch|p2a: Torkoal|Torkoal, M|100/100
|-weather|SunnyDay|[from] ability: Drought|[of] p2a: Torkoal
|turn|1
|inactive|Battle timer is ON: inactive players will automatically lose when time's up. (requested by sonofagun19)
|
|t:|1758367416
|switch|p2a: Venusaur|Venusaur, M|100/100
|move|p1a: Araquanid|Sticky Web|p2a: Venusaur
|-sidestart|p2: sonofagun19|move: Sticky Web
|
|-weather|SunnyDay|[upkeep]
|upkeep
|turn|2
|
|t:|1758367438
|switch|p1a: Iron Moth|Iron Moth|100/100
|-enditem|p1a: Iron Moth|Booster Energy
|-activate|p1a: Iron Moth|ability: Quark Drive|[fromitem]
|-start|p1a: Iron Moth|quarkdrivespe
|move|p2a: Venusaur|Solar Beam||[still]
|-prepare|p2a: Venusaur|Solar Beam
|-anim|p2a: Venusaur|Solar Beam|p1a: Iron Moth
|-resisted|p1a: Iron Moth
|-damage|p1a: Iron Moth|78/100
|
|-weather|SunnyDay|[upkeep]
|upkeep
|turn|3
|
|t:|1758367456
|switch|p2a: Torkoal|Torkoal, M|100/100
|-activate|p2a: Torkoal|move: Sticky Web
|-unboost|p2a: Torkoal|spe|1
|move|p1a: Iron Moth|Fiery Dance|p2a: Torkoal
|-resisted|p2a: Torkoal
|-damage|p2a: Torkoal|62/100
|
|-weather|SunnyDay|[upkeep]
|upkeep
|turn|4
|
|t:|1758367467
|move|p1a: Iron Moth|Substitute|p1a: Iron Moth
|-start|p1a: Iron Moth|Substitute
|-damage|p1a: Iron Moth|53/100
|move|p2a: Torkoal|Rapid Spin|p1a: Iron Moth
|-activate|p1a: Iron Moth|move: Substitute|[damage]
|-sideend|p2: sonofagun19|Sticky Web|[from] move: Rapid Spin|[of] p2a: Torkoal
|-boost|p2a: Torkoal|spe|1
|
|-weather|SunnyDay|[upkeep]
|upkeep
|turn|5
|
|t:|1758367478
|move|p1a: Iron Moth|Fiery Dance|p2a: Torkoal
|-resisted|p2a: Torkoal
|-damage|p2a: Torkoal|19/100
|-boost|p1a: Iron Moth|spa|1
|move|p2a: Torkoal|Stealth Rock|p1a: Iron Moth
|-sidestart|p1: thom5129|move: Stealth Rock
|
|-weather|SunnyDay|[upkeep]
|upkeep
|turn|6
|
|t:|1758367488
|switch|p2a: Walking Wake|Walking Wake|100/100
|-activate|p2a: Walking Wake|ability: Protosynthesis
|-start|p2a: Walking Wake|protosynthesisspe
|move|p1a: Iron Moth|Fiery Dance|p2a: Walking Wake
|-resisted|p2a: Walking Wake
|-damage|p2a: Walking Wake|74/100
|-boost|p1a: Iron Moth|spa|1
|
|-weather|SunnyDay|[upkeep]
|upkeep
|turn|7
|
|t:|1758367500
|move|p1a: Iron Moth|Dazzling Gleam|p2a: Walking Wake
|-supereffective|p2a: Walking Wake
|-damage|p2a: Walking Wake|0 fnt
|faint|p2a: Walking Wake
|-end|p2a: Walking Wake|Protosynthesis|[silent]
|
|-weather|SunnyDay|[upkeep]
|upkeep
|
|t:|1758367514
|switch|p2a: Mimikyu|Mimikyu, M|100/100
|turn|8
|
|t:|1758367517
|move|p1a: Iron Moth|Sludge Wave|p2a: Mimikyu
|-activate|p2a: Mimikyu|ability: Disguise
|-damage|p2a: Mimikyu|100/100
|detailschange|p2a: Mimikyu|Mimikyu-Busted, M
|-damage|p2a: Mimikyu|88/100|[from] pokemon: Mimikyu-Busted
|-enditem|p2a: Mimikyu|Red Card|[of] p1a: Iron Moth
|-end|p1a: Iron Moth|Quark Drive|[silent]
|drag|p1a: Landorus|Landorus-Therian, M|100/100
|-damage|p1a: Landorus|88/100|[from] Stealth Rock
|-ability|p1a: Landorus|Intimidate|boost
|-unboost|p2a: Mimikyu|atk|1
|move|p2a: Mimikyu|Swords Dance|p2a: Mimikyu
|-boost|p2a: Mimikyu|atk|2
|
|-weather|none
|upkeep
|turn|9
|
|t:|1758367541
|move|p2a: Mimikyu|Shadow Claw|p1a: Landorus
|-crit|p1a: Landorus
|-damage|p1a: Landorus|20/100
|move|p1a: Landorus|Earthquake|p2a: Mimikyu
|-damage|p2a: Mimikyu|0 fnt
|faint|p2a: Mimikyu
|
|upkeep
|
|t:|1758367549
|switch|p2a: Torkoal|Torkoal, M|19/100
|-weather|SunnyDay|[from] ability: Drought|[of] p2a: Torkoal
|turn|10
|
|t:|1758367558
|switch|p2a: Venusaur|Venusaur, M|100/100
|move|p1a: Landorus|Earthquake|p2a: Venusaur
|-damage|p2a: Venusaur|11/100
|
|-weather|SunnyDay|[upkeep]
|upkeep
|turn|11
|inactive|sonofagun19 has 120 seconds left.
|
|t:|1758367583
|move|p2a: Venusaur|Solar Beam||[still]
|-prepare|p2a: Venusaur|Solar Beam
|-anim|p2a: Venusaur|Solar Beam|p1a: Landorus
|-damage|p1a: Landorus|0 fnt
|faint|p1a: Landorus
|
|-weather|SunnyDay|[upkeep]
|upkeep
|
|t:|1758367587
|switch|p1a: Weavile|Weavile, M|100/100
|-ability|p1a: Weavile|Pressure
|turn|12
|
|t:|1758367599
|switch|p2a: Typhlosion|Typhlosion, M|100/100
|move|p1a: Weavile|Ice Shard|p2a: Typhlosion
|-resisted|p2a: Typhlosion
|-damage|p2a: Typhlosion|87/100
|
|-weather|SunnyDay|[upkeep]
|upkeep
|turn|13
|
|t:|1758367608
|move|p2a: Typhlosion|Eruption|p1a: Weavile
|-supereffective|p1a: Weavile
|-damage|p1a: Weavile|0 fnt
|faint|p1a: Weavile
|
|-weather|SunnyDay|[upkeep]
|upkeep
|
|t:|1758367632
|switch|p1a: Great Tusk|Great Tusk|100/100
|-damage|p1a: Great Tusk|98/100|[from] Stealth Rock
|-activate|p1a: Great Tusk|ability: Protosynthesis
|-start|p1a: Great Tusk|protosynthesisspe
|turn|14
|inactive|sonofagun19 has 120 seconds left.
|
|t:|1758367658
|-terastallize|p2a: Typhlosion|Fire
|move|p2a: Typhlosion|Eruption|p1a: Great Tusk
|-damage|p1a: Great Tusk|0 fnt
|faint|p1a: Great Tusk
|-end|p1a: Great Tusk|Protosynthesis|[silent]
|
|-weather|SunnyDay|[upkeep]
|upkeep
|
|t:|1758367669
|switch|p1a: Araquanid|Araquanid, F|100/100
|-damage|p1a: Araquanid|75/100|[from] Stealth Rock
|turn|15
|
|t:|1758367692
|move|p2a: Typhlosion|Eruption|p1a: Araquanid
|-damage|p1a: Araquanid|31/100
|move|p1a: Araquanid|Sticky Web|p2a: Typhlosion
|-sidestart|p2: sonofagun19|move: Sticky Web
|
|-weather|SunnyDay|[upkeep]
|upkeep
|turn|16
|
|t:|1758367706
|move|p1a: Araquanid|Endure|p1a: Araquanid
|-singleturn|p1a: Araquanid|move: Endure
|move|p2a: Typhlosion|Eruption|p1a: Araquanid
|-activate|p1a: Araquanid|move: Endure
|-damage|p1a: Araquanid|1/100
|
|-weather|SunnyDay|[upkeep]
|upkeep
|turn|17
|-enditem|p1a: Araquanid|Custap Berry|[eat]
|-activate|p1a: Araquanid|item: Custap Berry|[consumed]
|
|t:|1758367716
|move|p1a: Araquanid|Endeavor|p2a: Typhlosion
|-damage|p2a: Typhlosion|1/100
|move|p2a: Typhlosion|Eruption|p1a: Araquanid
|-crit|p1a: Araquanid
|-damage|p1a: Araquanid|0 fnt
|faint|p1a: Araquanid
|
|-weather|none
|upkeep
|
|t:|1758367724
|switch|p1a: Iron Moth|Iron Moth|53/100
|-damage|p1a: Iron Moth|28/100|[from] Stealth Rock
|turn|18
|
|t:|1758367730
|move|p2a: Typhlosion|Eruption|p1a: Iron Moth
|-resisted|p1a: Iron Moth
|-damage|p1a: Iron Moth|27/100
|move|p1a: Iron Moth|Fiery Dance|p2a: Typhlosion
|-start|p2a: Typhlosion|ability: Flash Fire
|
|upkeep
|turn|19
|
|t:|1758367745
|move|p2a: Typhlosion|Eruption|p1a: Iron Moth
|-resisted|p1a: Iron Moth
|-damage|p1a: Iron Moth|27/100
|move|p1a: Iron Moth|Fiery Dance|p2a: Typhlosion
|-immune|p2a: Typhlosion|[from] ability: Flash Fire
|
|upkeep
|turn|20
|
|t:|1758367755
|-activate|p2a: Typhlosion|move: Struggle
|move|p2a: Typhlosion|Struggle|p1a: Iron Moth
|-damage|p1a: Iron Moth|16/100
|-damage|p2a: Typhlosion|0 fnt|[from] recoil
|faint|p2a: Typhlosion
|move|p1a: Iron Moth|Substitute|p1a: Iron Moth
|-fail|p1a: Iron Moth|move: Substitute|[weak]
|
|upkeep
|
|t:|1758367763
|switch|p2a: Torkoal|Torkoal, M|19/100
|-activate|p2a: Torkoal|move: Sticky Web
|-unboost|p2a: Torkoal|spe|1
|-weather|SunnyDay|[from] ability: Drought|[of] p2a: Torkoal
|turn|21
|
|t:|1758367772
|move|p1a: Iron Moth|Fiery Dance|p2a: Torkoal
|-resisted|p2a: Torkoal
|-damage|p2a: Torkoal|0 fnt
|faint|p2a: Torkoal
|
|-weather|SunnyDay|[upkeep]
|upkeep
|
|t:|1758367783
|switch|p2a: Ceruledge|Ceruledge, M|100/100
|-activate|p2a: Ceruledge|move: Sticky Web
|-unboost|p2a: Ceruledge|spe|1
|turn|22
|
|t:|1758367790
|move|p1a: Iron Moth|Dazzling Gleam|p2a: Ceruledge
|-resisted|p2a: Ceruledge
|-damage|p2a: Ceruledge|85/100
|move|p2a: Ceruledge|Swords Dance|p2a: Ceruledge
|-boost|p2a: Ceruledge|atk|2
|
|-weather|SunnyDay|[upkeep]
|upkeep
|turn|23
|
|t:|1758367805
|move|p1a: Iron Moth|Sludge Wave|p2a: Ceruledge
|-resisted|p2a: Ceruledge
|-damage|p2a: Ceruledge|59/100
|move|p2a: Ceruledge|Swords Dance|p2a: Ceruledge
|-boost|p2a: Ceruledge|atk|2
|
|-weather|SunnyDay|[upkeep]
|upkeep
|turn|24
|
|t:|1758367818
|move|p1a: Iron Moth|Sludge Wave|p2a: Ceruledge
|-resisted|p2a: Ceruledge
|-damage|p2a: Ceruledge|32/100
|move|p2a: Ceruledge|Swords Dance|p2a: Ceruledge
|-boost|p2a: Ceruledge|atk|2
|
|-weather|SunnyDay|[upkeep]
|upkeep
|turn|25
|
|t:|1758367829
|move|p2a: Ceruledge|Shadow Sneak|p1a: Iron Moth
|-damage|p1a: Iron Moth|0 fnt
|faint|p1a: Iron Moth
|-end|p1a: Iron Moth|Quark Drive|[silent]
|
|-weather|SunnyDay|[upkeep]
|upkeep
|
|t:|1758367842
|switch|p1a: Moltres|Moltres-Galar|100/100
|-damage|p1a: Moltres|75/100|[from] Stealth Rock
|turn|26
|
|t:|1758367849
|move|p2a: Ceruledge|Shadow Sneak|p1a: Moltres
|-resisted|p1a: Moltres
|-damage|p1a: Moltres|34/100
|-ability|p1a: Moltres|Berserk|boost
|-boost|p1a: Moltres|spa|1
|-enditem|p1a: Moltres|Sitrus Berry|[eat]
|-heal|p1a: Moltres|59/100|[from] item: Sitrus Berry
|move|p1a: Moltres|Fiery Wrath|p2a: Ceruledge
|-supereffective|p2a: Ceruledge
|-damage|p2a: Ceruledge|0 fnt
|faint|p2a: Ceruledge
|
|-weather|SunnyDay|[upkeep]
|upkeep
|
|t:|1758367860
|switch|p2a: Venusaur|Venusaur, M|11/100
|-activate|p2a: Venusaur|move: Sticky Web
|-unboost|p2a: Venusaur|spe|1
|turn|27
|inactive|sonofagun19 has 120 seconds left.
|
|t:|1758367906
|move|p2a: Venusaur|Sludge Bomb|p1a: Moltres
|-damage|p1a: Moltres|11/100
|-ability|p1a: Moltres|Berserk|boost
|-boost|p1a: Moltres|spa|1
|move|p1a: Moltres|Fiery Wrath|p2a: Venusaur
|-damage|p2a: Venusaur|0 fnt
|faint|p2a: Venusaur
|
|win|thom5129
|raw|thom5129's rating: 1277 &rarr; <strong>1302</strong><br />(+25 for winning)
|raw|sonofagun19's rating: 1278 &rarr; <strong>1253</strong><br />(-25 for losing)
|c|☆sonofagun19|gg
|l|☆thom5129
|player|p1|
|l|☆sonofagun19
|player|p2|
