|j|☆Dansiger
|j|☆AdmKuruthi
|t:|1758350678
|gametype|singles
|player|p1|Dansiger|palmer|1106
|player|p2|AdmKuruthi|veteran|1091
|gen|9
|tier|[Gen 9] OU
|rated|
|rule|HP Percentage Mod: HP is shown in percentages
|rule|Endless Battle Clause: Forcing endless battles is banned
|rule|Species Clause: Limit one of each Pokémon
|rule|OHKO Clause: OHKO moves are banned
|rule|Evasion Items Clause: Evasion items are banned
|rule|Evasion Moves Clause: Evasion moves are banned
|rule|Evasion Abilities Clause: Evasion abilities are banned
|rule|Sleep Moves Clause: Sleep-inducing moves are banned
|clearpoke
|poke|p1|Arcanine, M|
|poke|p1|Raichu, M|
|poke|p1|Blastoise, M|
|poke|p1|Vileplume, M|
|poke|p1|Mamoswine, M|
|poke|p1|Umbreon, M|
|poke|p2|Skeledirge, F|
|poke|p2|Iron Hands|
|poke|p2|Araquanid, M|
|poke|p2|Dragonite, M|
|poke|p2|Glimmora, F|
|poke|p2|Hatterene, F|
|teampreview
|
|t:|1758350682
|teamsize|p1|6
|teamsize|p2|6
|start
|switch|p1a: Mamoswine|Mamoswine, M|100/100
|switch|p2a: Basket|Hatterene, F|100/100
|turn|1
|
|t:|1758350689
|move|p1a: Mamoswine|Snowscape|p1a: Mamoswine
|-weather|Snowscape
|move|p2a: Basket|Reflect|p2a: Basket
|-sidestart|p2: AdmKuruthi|Reflect
|
|-weather|Snowscape|[upkeep]
|upkeep
|turn|2
|inactive|Battle timer is ON: inactive players will automatically lose when time's up. (requested by AdmKuruthi)
|
|t:|1758350699
|move|p1a: Mamoswine|Iron Head|p2a: Basket
|-supereffective|p2a: Basket
|-damage|p2a: Basket|74/100
|cant|p2a: Basket|flinch
|
|-weather|Snowscape|[upkeep]
|upkeep
|turn|3
|
|t:|1758350706
|move|p1a: Mamoswine|Sand Tomb|p2a: Basket
|-damage|p2a: Basket|64/100
|-activate|p2a: Basket|move: Sand Tomb|[of] p1a: Mamoswine
|move|p2a: Basket|Light Screen|p2a: Basket
|-sidestart|p2: AdmKuruthi|move: Light Screen
|
|-weather|Snowscape|[upkeep]
|-damage|p2a: Basket|52/100|[from] move: Sand Tomb|[partiallytrapped]
|upkeep
|turn|4
|
|t:|1758350715
|move|p1a: Mamoswine|Blizzard|p2a: Basket
|-damage|p2a: Basket|39/100
|move|p2a: Basket|Draining Kiss|p1a: Mamoswine
|-damage|p1a: Mamoswine|64/100
|-heal|p2a: Basket|71/100|[from] drain|[of] p1a: Mamoswine
|
|-weather|Snowscape|[upkeep]
|-damage|p2a: Basket|58/100|[from] move: Sand Tomb|[partiallytrapped]
|upkeep
|turn|5
|
|t:|1758350734
|move|p1a: Mamoswine|Iron Head|p2a: Basket
|-supereffective|p2a: Basket
|-damage|p2a: Basket|28/100
|cant|p2a: Basket|flinch
|
|-weather|Snowscape|[upkeep]
|-damage|p2a: Basket|16/100|[from] move: Sand Tomb|[partiallytrapped]
|upkeep
|turn|6
|
|t:|1758350742
|move|p1a: Mamoswine|Iron Head|p2a: Basket
|-supereffective|p2a: Basket
|-damage|p2a: Basket|0 fnt
|faint|p2a: Basket
|
|-weather|Snowscape|[upkeep]
|upkeep
|
|t:|1758350750
|switch|p2a: Retep|Araquanid, M|100/100
|turn|7
|
|t:|1758350756
|move|p1a: Mamoswine|Sand Tomb|p2a: Retep
|-resisted|p2a: Retep
|-damage|p2a: Retep|96/100
|-activate|p2a: Retep|move: Sand Tomb|[of] p1a: Mamoswine
|move|p2a: Retep|Sticky Web|p1a: Mamoswine
|-sidestart|p1: Dansiger|move: Sticky Web
|
|-weather|Snowscape|[upkeep]
|-damage|p2a: Retep|84/100|[from] move: Sand Tomb|[partiallytrapped]
|upkeep
|turn|8
|
|t:|1758350769
|move|p1a: Mamoswine|Blizzard|p2a: Retep
|-resisted|p2a: Retep
|-damage|p2a: Retep|77/100
|move|p2a: Retep|Infestation|p1a: Mamoswine
|-damage|p1a: Mamoswine|58/100
|-activate|p1a: Mamoswine|move: Infestation|[of] p2a: Retep
|
|-weather|none
|-damage|p1a: Mamoswine|46/100|[from] move: Infestation|[partiallytrapped]
|-damage|p2a: Retep|65/100|[from] move: Sand Tomb|[partiallytrapped]
|-sideend|p2: AdmKuruthi|Reflect
|upkeep
|turn|9
|
|t:|1758350783
|move|p1a: Mamoswine|Snowscape|p1a: Mamoswine
|-weather|Snowscape
|move|p2a: Retep|Leech Life|p1a: Mamoswine
|-damage|p1a: Mamoswine|24/100
|-heal|p2a: Retep|80/100|[from] drain|[of] p1a: Mamoswine
|
|-weather|Snowscape|[upkeep]
|-damage|p1a: Mamoswine|11/100|[from] move: Infestation|[partiallytrapped]
|-damage|p2a: Retep|67/100|[from] move: Sand Tomb|[partiallytrapped]
|upkeep
|turn|10
|
|t:|1758350795
|move|p1a: Mamoswine|Iron Head|p2a: Retep
|-resisted|p2a: Retep
|-damage|p2a: Retep|54/100
|move|p2a: Retep|Leech Life|p1a: Mamoswine
|-damage|p1a: Mamoswine|0 fnt
|-heal|p2a: Retep|61/100|[from] drain|[of] p1a: Mamoswine
|faint|p1a: Mamoswine
|
|-weather|Snowscape|[upkeep]
|-end|p2a: Retep|Sand Tomb|[partiallytrapped]|[silent]
|-sideend|p2: AdmKuruthi|move: Light Screen
|upkeep
|
|t:|1758350808
|switch|p1a: Hantaro|Raichu, M|100/100
|-activate|p1a: Hantaro|move: Sticky Web
|-unboost|p1a: Hantaro|spe|1
|turn|11
|
|t:|1758350818
|move|p1a: Hantaro|Thunderbolt|p2a: Retep
|-supereffective|p2a: Retep
|-damage|p2a: Retep|0 fnt
|faint|p2a: Retep
|
|-weather|Snowscape|[upkeep]
|upkeep
|
|t:|1758350826
|switch|p2a: Mickey|Iron Hands|100/100
|turn|12
|
|t:|1758350834
|move|p1a: Hantaro|Surf|p2a: Mickey
|-damage|p2a: Mickey|80/100
|move|p2a: Mickey|Drain Punch|p1a: Hantaro
|-damage|p1a: Hantaro|0 fnt
|-heal|p2a: Mickey|100/100|[from] drain|[of] p1a: Hantaro
|faint|p1a: Hantaro
|
|-weather|Snowscape|[upkeep]
|upkeep
|
|t:|1758350850
|switch|p1a: Paquita|Arcanine, M|100/100
|-activate|p1a: Paquita|move: Sticky Web
|-unboost|p1a: Paquita|spe|1
|-ability|p1a: Paquita|Intimidate|boost
|-unboost|p2a: Mickey|atk|1
|turn|13
|
|t:|1758350860
|-end|p2a: Mickey|Quark Drive|[silent]
|switch|p2a: Kirby|Glimmora, F|100/100
|move|p1a: Paquita|Scorching Sands|p2a: Kirby
|-supereffective|p2a: Kirby
|-damage|p2a: Kirby|43/100
|
|-weather|Snowscape|[upkeep]
|upkeep
|turn|14
|
|t:|1758350869
|-terastallize|p2a: Kirby|Grass
|move|p1a: Paquita|Scorching Sands|p2a: Kirby
|-resisted|p2a: Kirby
|-damage|p2a: Kirby|36/100
|move|p2a: Kirby|Stealth Rock|p1a: Paquita
|-sidestart|p1: Dansiger|move: Stealth Rock
|
|-weather|Snowscape|[upkeep]
|upkeep
|turn|15
|
|t:|1758350881
|move|p2a: Kirby|Spiky Shield|p2a: Kirby
|-singleturn|p2a: Kirby|move: Protect
|move|p1a: Paquita|Flare Blitz|p2a: Kirby
|-activate|p2a: Kirby|move: Protect
|-damage|p1a: Paquita|88/100|[from] Spiky Shield|[of] p2a: Kirby
|
|-weather|Snowscape|[upkeep]
|upkeep
|turn|16
|
|t:|1758350891
|move|p1a: Paquita|Flare Blitz|p2a: Kirby
|-supereffective|p2a: Kirby
|-damage|p2a: Kirby|0 fnt
|-activate|p2a: Kirby|ability: Toxic Debris
|-sidestart|p1: Dansiger|move: Toxic Spikes
|faint|p2a: Kirby
|-damage|p1a: Paquita|74/100|[from] Recoil
|
|-weather|none
|upkeep
|
|t:|1758350904
|switch|p2a: Mickey|Iron Hands|100/100
|turn|17
|
|t:|1758350912
|move|p1a: Paquita|Scorching Sands|p2a: Mickey
|-supereffective|p2a: Mickey
|-damage|p2a: Mickey|70/100
|move|p2a: Mickey|Supercell Slam|p1a: Paquita
|-damage|p1a: Paquita|0 fnt
|faint|p1a: Paquita
|
|upkeep
|
|t:|1758350924
|switch|p1a: Umbreon|Umbreon, M, shiny|100/100
|-activate|p1a: Umbreon|move: Sticky Web
|-unboost|p1a: Umbreon|spe|1
|-damage|p1a: Umbreon|88/100|[from] Stealth Rock
|-status|p1a: Umbreon|psn
|turn|18
|
|t:|1758350933
|-terastallize|p1a: Umbreon|Ghost
|move|p2a: Mickey|Drain Punch|p1a: Umbreon
|-immune|p1a: Umbreon
|move|p1a: Umbreon|Mud-Slap|p2a: Mickey
|-supereffective|p2a: Mickey
|-damage|p2a: Mickey|64/100
|-unboost|p2a: Mickey|accuracy|1
|
|-heal|p1a: Umbreon|94/100 psn|[from] item: Leftovers
|-damage|p1a: Umbreon|82/100 psn|[from] psn
|upkeep
|turn|19
|
|t:|1758350946
|-end|p2a: Mickey|Quark Drive|[silent]
|switch|p2a: Michael|Dragonite, M|100/100
|move|p1a: Umbreon|Mud-Slap|p2a: Michael
|-immune|p2a: Michael
|
|-heal|p1a: Umbreon|88/100 psn|[from] item: Leftovers
|-damage|p1a: Umbreon|75/100 psn|[from] psn
|upkeep
|turn|20
|
|t:|1758350955
|move|p2a: Michael|Dragon Dance|p2a: Michael
|-boost|p2a: Michael|atk|1
|-boost|p2a: Michael|spe|1
|move|p1a: Umbreon|Foul Play|p2a: Michael
|-damage|p2a: Michael|70/100
|
|-heal|p2a: Michael|76/100|[from] item: Leftovers
|-heal|p1a: Umbreon|81/100 psn|[from] item: Leftovers
|-damage|p1a: Umbreon|69/100 psn|[from] psn
|upkeep
|turn|21
|
|t:|1758350966
|move|p2a: Michael|Dragon Claw|p1a: Umbreon
|-damage|p1a: Umbreon|30/100 psn
|move|p1a: Umbreon|Toxic|p2a: Michael
|-status|p2a: Michael|tox
|
|-heal|p2a: Michael|83/100 tox|[from] item: Leftovers
|-heal|p1a: Umbreon|36/100 psn|[from] item: Leftovers
|-damage|p2a: Michael|76/100 tox|[from] psn
|-damage|p1a: Umbreon|24/100 psn|[from] psn
|upkeep
|turn|22
|
|t:|1758350976
|move|p2a: Michael|Dragon Claw|p1a: Umbreon
|-damage|p1a: Umbreon|0 fnt
|faint|p1a: Umbreon
|
|-heal|p2a: Michael|83/100 tox|[from] item: Leftovers
|-damage|p2a: Michael|70/100 tox|[from] psn
|upkeep
|
|t:|1758350985
|switch|p1a: Vileplume|Vileplume, M|100/100
|-activate|p1a: Vileplume|move: Sticky Web
|-unboost|p1a: Vileplume|spe|1
|-damage|p1a: Vileplume|88/100|[from] Stealth Rock
|-sideend|p1: Dansiger|move: Toxic Spikes|[of] p1a: Vileplume
|turn|23
|
|t:|1758350993
|move|p2a: Michael|Dragon Claw|p1a: Vileplume
|-damage|p1a: Vileplume|33/100
|move|p1a: Vileplume|Moonblast|p2a: Michael
|-supereffective|p2a: Michael
|-damage|p2a: Michael|14/100 tox
|
|-heal|p2a: Michael|20/100 tox|[from] item: Leftovers
|-heal|p1a: Vileplume|39/100|[from] item: Leftovers
|-damage|p2a: Michael|2/100 tox|[from] psn
|upkeep
|turn|24
|
|t:|1758351005
|move|p2a: Michael|Dragon Claw|p1a: Vileplume
|-damage|p1a: Vileplume|0 fnt
|faint|p1a: Vileplume
|
|-heal|p2a: Michael|8/100 tox|[from] item: Leftovers
|-damage|p2a: Michael|0 fnt|[from] psn
|faint|p2a: Michael
|upkeep
|
|t:|1758351014
|switch|p2a: Celia|Skeledirge, F|100/100
|switch|p1a: Blastoise|Blastoise, M|100/100
|-activate|p1a: Blastoise|move: Sticky Web
|-unboost|p1a: Blastoise|spe|1
|-damage|p1a: Blastoise|88/100|[from] Stealth Rock
|-enditem|p1a: Blastoise|White Herb
|-clearnegativeboost|p1a: Blastoise|[silent]
|turn|25
|
|t:|1758351026
|move|p1a: Blastoise|Shell Smash|p1a: Blastoise
|-unboost|p1a: Blastoise|def|1
|-unboost|p1a: Blastoise|spd|1
|-boost|p1a: Blastoise|atk|2
|-boost|p1a: Blastoise|spa|2
|-boost|p1a: Blastoise|spe|2
|move|p2a: Celia|Alluring Voice|p1a: Blastoise
|-damage|p1a: Blastoise|65/100
|-start|p1a: Blastoise|confusion
|-enditem|p2a: Celia|Throat Spray
|-boost|p2a: Celia|spa|1|[from] item: Throat Spray
|
|upkeep
|turn|26
|
|t:|1758351041
|-activate|p1a: Blastoise|confusion
|move|p1a: Blastoise|Surf|p2a: Celia
|-supereffective|p2a: Celia
|-damage|p2a: Celia|25/100
|move|p2a: Celia|Alluring Voice|p1a: Blastoise
|-damage|p1a: Blastoise|31/100
|
|upkeep
|turn|27
|
|t:|1758351048
|-activate|p1a: Blastoise|confusion
|move|p1a: Blastoise|Crunch|p2a: Celia
|-supereffective|p2a: Celia
|-damage|p2a: Celia|0 fnt
|faint|p2a: Celia
|
|upkeep
|
|t:|1758351053
|switch|p2a: Mickey|Iron Hands|64/100
|turn|28
|
|t:|1758351058
|-activate|p1a: Blastoise|confusion
|-damage|p1a: Blastoise|2/100|[from] confusion
|move|p2a: Mickey|Drain Punch|p1a: Blastoise
|-damage|p1a: Blastoise|0 fnt
|-heal|p2a: Mickey|65/100|[from] drain|[of] p1a: Blastoise
|faint|p1a: Blastoise
|
|win|AdmKuruthi
|raw|Dansiger's rating: 1106 &rarr; <strong>1080</strong><br />(-26 for losing)
|raw|AdmKuruthi's rating: 1091 &rarr; <strong>1118</strong><br />(+27 for winning)
|l|☆AdmKuruthi
|player|p2|
|l|☆Dansiger
|player|p1|
