|j|☆hiatus1213
|j|‽Moosehey
|t:|1758375939
|gametype|singles
|player|p1|hiatus1213|burglar|1207
|player|p2|Moosehey|266|1235
|gen|9
|tier|[Gen 9] OU
|rated|
|rule|HP Percentage Mod: HP is shown in percentages
|rule|Endless Battle Clause: Forcing endless battles is banned
|rule|Species Clause: Limit one of each Pokémon
|rule|OHKO Clause: OHKO moves are banned
|rule|Evasion Items Clause: Evasion items are banned
|rule|Evasion Moves Clause: Evasion moves are banned
|rule|Evasion Abilities Clause: Evasion abilities are banned
|rule|Sleep Moves Clause: Sleep-inducing moves are banned
|clearpoke
|poke|p1|Slowking-Galar, F|
|poke|p1|Alomomola, F|
|poke|p1|Cinderace, M|
|poke|p1|Thundurus-Therian, M|
|poke|p1|Iron Valiant|
|poke|p1|Kingambit, M|
|poke|p2|Jolteon, M|
|poke|p2|Ceruledge, F|
|poke|p2|Incineroar, F|
|poke|p2|Alomomola, M|
|poke|p2|Cinderace, M|
|poke|p2|Dragapult, M|
|teampreview
|inactive|Battle timer is ON: inactive players will automatically lose when time's up. (requested by hiatus1213)
|l|☆hiatus1213
|inactive|hiatus1213 disconnected and has a minute to reconnect!
|player|p1|
|inactive|hiatus1213 has 30 seconds to reconnect!
|inactive|hiatus1213 has 20 seconds to reconnect!
|j|☆hiatus1213
|inactive|hiatus1213 reconnected and has 100 seconds left.
|player|p1|hiatus1213|burglar|
|inactive|hiatus1213 has 90 seconds left.
|
|t:|1758376006
|teamsize|p1|6
|teamsize|p2|6
|start
|switch|p1a: Thundurus|Thundurus-Therian, M|100/100
|switch|p2a: Incineroar|Incineroar, F|100/100
|-ability|p2a: Incineroar|Intimidate|boost
|-unboost|p1a: Thundurus|atk|1
|turn|1
|
|t:|1758376016
|move|p1a: Thundurus|Volt Switch|p2a: Incineroar
|-damage|p2a: Incineroar|68/100
|
|t:|1758376024
|switch|p1a: Cinderace|Cinderace, M|100/100|[from] Volt Switch
|move|p2a: Incineroar|U-turn|p1a: Cinderace
|-resisted|p1a: Cinderace
|-damage|p1a: Cinderace|88/100
|
|t:|1758376038
|switch|p2a: Alomomola|Alomomola, M, shiny|100/100|[from] U-turn
|
|upkeep
|turn|2
|
|t:|1758376044
|move|p1a: Cinderace|U-turn|p2a: Alomomola
|-start|p1a: Cinderace|typechange|Bug|[from] ability: Libero
|-damage|p2a: Alomomola|83/100
|-damage|p1a: Cinderace|71/100|[from] item: Rocky Helmet|[of] p2a: Alomomola
|
|t:|1758376049
|switch|p1a: Thundurus|Thundurus-Therian, M|100/100|[from] U-turn
|move|p2a: Alomomola|Flip Turn|p1a: Thundurus
|-damage|p1a: Thundurus|77/100
|
|t:|1758376055
|switch|p2a: Jolteon|Jolteon, M|100/100|[from] Flip Turn
|
|-status|p2a: Jolteon|brn|[from] item: Flame Orb
|upkeep
|turn|3
|
|t:|1758376066
|move|p2a: Jolteon|Thunderbolt|p1a: Thundurus
|-heal|p1a: Thundurus|100/100|[from] ability: Volt Absorb|[of] p2a: Jolteon
|move|p1a: Thundurus|Dark Pulse|p2a: Jolteon
|-crit|p2a: Jolteon
|-damage|p2a: Jolteon|5/100 brn
|
|-damage|p2a: Jolteon|0 fnt|[from] brn
|faint|p2a: Jolteon
|upkeep
|
|t:|1758376079
|switch|p2a: Dragapult|Dragapult, M|100/100
|turn|4
|
|t:|1758376085
|move|p2a: Dragapult|Draco Meteor|p1a: Thundurus|[miss]
|-miss|p2a: Dragapult|p1a: Thundurus
|move|p1a: Thundurus|Dark Pulse|p2a: Dragapult
|-supereffective|p2a: Dragapult
|-damage|p2a: Dragapult|0 fnt
|faint|p2a: Dragapult
|
|upkeep
|
|t:|1758376093
|switch|p2a: Incineroar|Incineroar, F|68/100
|-ability|p2a: Incineroar|Intimidate|boost
|-unboost|p1a: Thundurus|atk|1
|turn|5
|
|t:|1758376104
|switch|p1a: Iron Valiant|Iron Valiant|100/100
|-enditem|p1a: Iron Valiant|Booster Energy
|-activate|p1a: Iron Valiant|ability: Quark Drive|[fromitem]
|-start|p1a: Iron Valiant|quarkdrivespe
|move|p2a: Incineroar|Knock Off|p1a: Iron Valiant
|-resisted|p1a: Iron Valiant
|-damage|p1a: Iron Valiant|93/100
|
|upkeep
|turn|6
|
|t:|1758376114
|move|p1a: Iron Valiant|Close Combat|p2a: Incineroar
|-supereffective|p2a: Incineroar
|-damage|p2a: Incineroar|0 fnt
|-unboost|p1a: Iron Valiant|def|1
|-unboost|p1a: Iron Valiant|spd|1
|faint|p2a: Incineroar
|
|upkeep
|-message|Moosehey forfeited.
|
|win|hiatus1213
|raw|hiatus1213's rating: 1207 &rarr; <strong>1234</strong><br />(+27 for winning)
|raw|Moosehey's rating: 1235 &rarr; <strong>1208</strong><br />(-27 for losing)
|l|‽Moosehey
|player|p2|
