|j|☆AKO301
|j|☆frodriguez128
|t:|1758357695
|gametype|singles
|player|p1|AKO301|hugh|1442
|player|p2|frodriguez128|rosa|1503
|gen|9
|tier|[Gen 9] OU
|rated|
|rule|HP Percentage Mod: HP is shown in percentages
|rule|Endless Battle Clause: Forcing endless battles is banned
|rule|Species Clause: Limit one of each Pokémon
|rule|OHKO Clause: OHKO moves are banned
|rule|Evasion Items Clause: Evasion items are banned
|rule|Evasion Moves Clause: Evasion moves are banned
|rule|Evasion Abilities Clause: Evasion abilities are banned
|rule|Sleep Moves Clause: Sleep-inducing moves are banned
|clearpoke
|poke|p1|Kingambit, M|
|poke|p1|Deoxys-Speed|
|poke|p1|Great Tusk|
|poke|p1|Dragonite, M|
|poke|p1|Iron Moth|
|poke|p1|Primarina, F|
|poke|p2|Pelipper, F|
|poke|p2|Kingdra, F|
|poke|p2|Barraskewda, F|
|poke|p2|Dragonite, M|
|poke|p2|Raging Bolt|
|poke|p2|Iron Treads|
|teampreview
|inactive|Battle timer is ON: inactive players will automatically lose when time's up. (requested by AKO301)
|
|t:|1758357704
|teamsize|p1|6
|teamsize|p2|6
|start
|switch|p1a: Siren|Primarina, F|100/100
|switch|p2a: Iron Treads|Iron Treads|100/100
|-enditem|p2a: Iron Treads|Booster Energy
|-activate|p2a: Iron Treads|ability: Quark Drive|[fromitem]
|-start|p2a: Iron Treads|quarkdrivespe
|turn|1
|
|t:|1758357719
|-end|p2a: Iron Treads|Quark Drive|[silent]
|switch|p2a: Pelipper|Pelipper, F|100/100
|-weather|RainDance|[from] ability: Drizzle|[of] p2a: Pelipper
|move|p1a: Siren|Surf|p2a: Pelipper
|-resisted|p2a: Pelipper
|-crit|p2a: Pelipper
|-damage|p2a: Pelipper|21/100
|
|-weather|RainDance|[upkeep]
|upkeep
|turn|2
|
|t:|1758357732
|switch|p2a: Kingdra|Kingdra, F|100/100
|move|p1a: Siren|Surf|p2a: Kingdra
|-resisted|p2a: Kingdra
|-damage|p2a: Kingdra|79/100
|
|-weather|RainDance|[upkeep]
|upkeep
|turn|3
|
|t:|1758357741
|move|p2a: Kingdra|Weather Ball|p1a: Siren
|-resisted|p1a: Siren
|-damage|p1a: Siren|69/100
|move|p1a: Siren|Moonblast|p2a: Kingdra
|-supereffective|p2a: Kingdra
|-damage|p2a: Kingdra|0 fnt
|faint|p2a: Kingdra
|
|-weather|RainDance|[upkeep]
|upkeep
|
|t:|1758357755
|switch|p2a: Raging Bolt|Raging Bolt|100/100
|-enditem|p2a: Raging Bolt|Booster Energy
|-activate|p2a: Raging Bolt|ability: Protosynthesis|[fromitem]
|-start|p2a: Raging Bolt|protosynthesisspa
|turn|4
|
|t:|1758357761
|-terastallize|p1a: Siren|Poison
|move|p2a: Raging Bolt|Weather Ball|p1a: Siren
|-damage|p1a: Siren|20/100
|move|p1a: Siren|Moonblast|p2a: Raging Bolt
|-supereffective|p2a: Raging Bolt
|-damage|p2a: Raging Bolt|0 fnt
|faint|p2a: Raging Bolt
|-end|p2a: Raging Bolt|Protosynthesis|[silent]
|
|-weather|RainDance|[upkeep]
|upkeep
|
|t:|1758357773
|switch|p2a: Barraskewda|Barraskewda, F|100/100
|turn|5
|
|t:|1758357779
|move|p2a: Barraskewda|Liquidation|p1a: Siren
|-damage|p1a: Siren|0 fnt
|faint|p1a: Siren
|-damage|p2a: Barraskewda|91/100|[from] item: Life Orb
|
|-weather|RainDance|[upkeep]
|upkeep
|
|t:|1758357787
|switch|p1a: Yoshi|Dragonite, M, shiny|100/100
|turn|6
|
|t:|1758357791
|move|p1a: Yoshi|Extreme Speed|p2a: Barraskewda
|-damage|p2a: Barraskewda|0 fnt
|faint|p2a: Barraskewda
|
|-weather|RainDance|[upkeep]
|upkeep
|
|t:|1758357797
|switch|p2a: Iron Treads|Iron Treads|100/100
|turn|7
|
|t:|1758357805
|switch|p1a: Moebius|Deoxys-Speed|100/100
|-ability|p1a: Moebius|Pressure
|move|p2a: Iron Treads|Steel Beam|p1a: Moebius
|-damage|p1a: Moebius|23/100
|-damage|p2a: Iron Treads|50/100|[from] steelbeam
|
|-weather|RainDance|[upkeep]
|upkeep
|turn|8
|
|t:|1758357815
|move|p1a: Moebius|Focus Blast|p2a: Iron Treads
|-supereffective|p2a: Iron Treads
|-damage|p2a: Iron Treads|0 fnt
|faint|p2a: Iron Treads
|-end|p2a: Iron Treads|Quark Drive|[silent]
|-damage|p1a: Moebius|13/100|[from] item: Life Orb
|
|-weather|none
|upkeep
|
|t:|1758357826
|switch|p2a: Pelipper|Pelipper, F|21/100
|-weather|RainDance|[from] ability: Drizzle|[of] p2a: Pelipper
|turn|9
|
|t:|1758357831
|move|p1a: Moebius|Shadow Ball|p2a: Pelipper
|-damage|p2a: Pelipper|0 fnt
|faint|p2a: Pelipper
|-damage|p1a: Moebius|3/100|[from] item: Life Orb
|
|-weather|RainDance|[upkeep]
|upkeep
|
|t:|1758357838
|switch|p2a: Dragonite|Dragonite, M|100/100
|turn|10
|
|t:|1758357843
|move|p2a: Dragonite|Extreme Speed|p1a: Moebius
|-damage|p1a: Moebius|0 fnt
|faint|p1a: Moebius
|
|-weather|RainDance|[upkeep]
|upkeep
|
|t:|1758357845
|switch|p1a: Anomaly|Great Tusk|100/100
|-enditem|p1a: Anomaly|Booster Energy
|-activate|p1a: Anomaly|ability: Protosynthesis|[fromitem]
|-start|p1a: Anomaly|protosynthesisatk
|turn|11
|
|t:|1758357858
|-terastallize|p2a: Dragonite|Ghost
|move|p1a: Anomaly|Ice Spinner|p2a: Dragonite
|-damage|p2a: Dragonite|82/100
|move|p2a: Dragonite|Dragon Dance|p2a: Dragonite
|-boost|p2a: Dragonite|atk|1
|-boost|p2a: Dragonite|spe|1
|
|-weather|RainDance|[upkeep]
|upkeep
|turn|12
|
|t:|1758357867
|move|p2a: Dragonite|Dragon Dance|p2a: Dragonite
|-boost|p2a: Dragonite|atk|1
|-boost|p2a: Dragonite|spe|1
|move|p1a: Anomaly|Headlong Rush|p2a: Dragonite
|-damage|p2a: Dragonite|0 fnt
|-unboost|p1a: Anomaly|def|1
|-unboost|p1a: Anomaly|spd|1
|faint|p2a: Dragonite
|
|win|AKO301
|raw|AKO301's rating: 1442 &rarr; <strong>1465</strong><br />(+23 for winning)
|raw|frodriguez128's rating: 1503 &rarr; <strong>1480</strong><br />(-23 for losing)
|l|☆frodriguez128
|player|p2|
|l|☆AKO301
|player|p1|
