|j|☆jop90
|j|☆jlce
|t:|1758292156
|gametype|singles
|player|p1|jop90|1|1420
|player|p2|jlce|101|1429
|gen|9
|tier|[Gen 9] OU
|rated|
|rule|HP Percentage Mod: HP is shown in percentages
|rule|Endless Battle Clause: Forcing endless battles is banned
|rule|Species Clause: Limit one of each Pokémon
|rule|OHKO Clause: OHKO moves are banned
|rule|Evasion Items Clause: Evasion items are banned
|rule|Evasion Moves Clause: Evasion moves are banned
|rule|Evasion Abilities Clause: Evasion abilities are banned
|rule|Sleep Moves Clause: Sleep-inducing moves are banned
|clearpoke
|poke|p1|Araquanid, M|
|poke|p1|Scizor, M|
|poke|p1|Lokix, M|
|poke|p1|Yanmega, M|
|poke|p1|Forretress, M|
|poke|p1|Ribombee, M|
|poke|p2|Samurott-Hisui, M|
|poke|p2|Skeledirge, M|
|poke|p2|Smeargle, F|
|poke|p2|Zoroark-Hisui, F|
|poke|p2|Gholdengo|
|poke|p2|Quaquaval, F|
|teampreview
|
|t:|1758292189
|teamsize|p1|6
|teamsize|p2|6
|start
|switch|p1a: Lokix|Lokix, M|100/100
|switch|p2a: Samurott|Samurott-Hisui, M|100/100
|turn|1
|
|t:|1758292197
|move|p1a: Lokix|U-turn|p2a: Samurott
|-supereffective|p2a: Samurott
|-enditem|p2a: Samurott|Focus Sash
|-damage|p2a: Samurott|1/100
|
|t:|1758292201
|switch|p1a: Forretress|Forretress, M|100/100|[from] U-turn
|move|p2a: Samurott|Razor Shell|p1a: Forretress
|-damage|p1a: Forretress|67/100
|-unboost|p1a: Forretress|def|1
|
|-heal|p1a: Forretress|73/100|[from] item: Leftovers
|upkeep
|turn|2
|
|t:|1758292206
|move|p2a: Samurott|Ceaseless Edge|p1a: Forretress|[miss]
|-miss|p2a: Samurott|p1a: Forretress
|move|p1a: Forretress|Rapid Spin|p2a: Samurott
|-damage|p2a: Samurott|0 fnt
|-boost|p1a: Forretress|spe|1
|faint|p2a: Samurott
|
|-heal|p1a: Forretress|80/100|[from] item: Leftovers
|upkeep
|
|t:|1758292213
|switch|p2a: Smeargle|Smeargle, F|100/100
|turn|3
|
|t:|1758292219
|switch|p1a: Ribombee|Ribombee, M|100/100
|move|p2a: Smeargle|Flamethrower|p1a: Ribombee
|-supereffective|p1a: Ribombee
|-enditem|p1a: Ribombee|Focus Sash
|-damage|p1a: Ribombee|1/100
|
|upkeep
|turn|4
|
|t:|1758292223
|switch|p1a: Araquanid|Araquanid, M|100/100
|move|p2a: Smeargle|Flamethrower|p1a: Araquanid
|-damage|p1a: Araquanid|88/100
|
|upkeep
|turn|5
|
|t:|1758292229
|switch|p2a: Smeargle|Smeargle, F|100/100
|move|p1a: Araquanid|Liquidation|p2a: Smeargle
|-enditem|p2a: Smeargle|Focus Sash
|-damage|p2a: Smeargle|1/100
|
|upkeep
|turn|6
|
|t:|1758292233
|switch|p1a: Ribombee|Ribombee, M|1/100
|move|p2a: Smeargle|Sticky Web|p1a: Ribombee
|-sidestart|p1: jop90|move: Sticky Web
|
|upkeep
|turn|7
|
|t:|1758292238
|move|p1a: Ribombee|Moonblast|p2a: Smeargle
|-damage|p2a: Smeargle|0 fnt
|faint|p2a: Smeargle
|
|upkeep
|
|t:|1758292242
|switch|p2a: Quaquaval|Quaquaval, F|100/100
|turn|8
|
|t:|1758292247
|move|p2a: Quaquaval|Aqua Jet|p1a: Ribombee
|-damage|p1a: Ribombee|0 fnt
|faint|p1a: Ribombee
|-ability|p2a: Quaquaval|Moxie|boost
|-boost|p2a: Quaquaval|atk|1
|
|upkeep
|
|t:|1758292250
|switch|p1a: Yanmega|Yanmega, M|100/100
|turn|9
|
|t:|1758292253
|-terastallize|p2a: Quaquaval|Water
|move|p1a: Yanmega|Air Slash|p2a: Quaquaval
|-damage|p2a: Quaquaval|24/100
|move|p2a: Quaquaval|Aqua Step|p1a: Yanmega
|-damage|p1a: Yanmega|0 fnt
|-boost|p2a: Quaquaval|spe|1
|faint|p1a: Yanmega
|-ability|p2a: Quaquaval|Moxie|boost
|-boost|p2a: Quaquaval|atk|1
|
|upkeep
|
|t:|1758292263
|switch|p1a: Lokix|Lokix, M|100/100
|-activate|p1a: Lokix|move: Sticky Web
|-unboost|p1a: Lokix|spe|1
|turn|10
|
|t:|1758292268
|switch|p2a: Gholdengo|Gholdengo|100/100
|-item|p2a: Gholdengo|Air Balloon
|move|p1a: Lokix|First Impression|p2a: Gholdengo
|-resisted|p2a: Gholdengo
|-damage|p2a: Gholdengo|72/100
|-enditem|p2a: Gholdengo|Air Balloon
|
|upkeep
|turn|11
|
|t:|1758292274
|switch|p1a: Araquanid|Araquanid, M|88/100
|-activate|p1a: Araquanid|move: Sticky Web
|-unboost|p1a: Araquanid|spe|1
|move|p2a: Gholdengo|Dazzling Gleam|p1a: Araquanid
|-damage|p1a: Araquanid|76/100
|
|upkeep
|turn|12
|
|t:|1758292280
|move|p2a: Gholdengo|Nasty Plot|p2a: Gholdengo
|-boost|p2a: Gholdengo|spa|2
|move|p1a: Araquanid|Liquidation|p2a: Gholdengo
|-crit|p2a: Gholdengo
|-damage|p2a: Gholdengo|0 fnt
|faint|p2a: Gholdengo
|
|upkeep
|
|t:|1758292285
|switch|p2a: Quaquaval|Quaquaval, F|100/100
|-start|p2a: Quaquaval|typechange|Water|[silent]
|turn|13
|
|t:|1758292295
|switch|p1a: Forretress|Forretress, M|80/100
|-activate|p1a: Forretress|move: Sticky Web
|-unboost|p1a: Forretress|spe|1
|move|p2a: Quaquaval|Shadow Ball|p1a: Forretress
|-damage|p1a: Forretress|0 fnt
|faint|p1a: Forretress
|
|upkeep
|
|t:|1758292304
|switch|p1a: Araquanid|Araquanid, M|76/100
|-activate|p1a: Araquanid|move: Sticky Web
|-unboost|p1a: Araquanid|spe|1
|turn|14
|
|t:|1758292309
|move|p2a: Quaquaval|Shadow Ball|p1a: Araquanid
|-damage|p1a: Araquanid|44/100
|-unboost|p1a: Araquanid|spd|1
|move|p1a: Araquanid|Liquidation|p2a: Quaquaval
|-damage|p2a: Quaquaval|0 fnt
|replace|p2a: Zoroark|Zoroark-Hisui, F
|-end|p2a: Zoroark|Illusion
|faint|p2a: Zoroark
|
|upkeep
|
|t:|1758292317
|switch|p2a: Skeledirge|Skeledirge, M|100/100
|turn|15
|
|t:|1758292321
|move|p2a: Skeledirge|Torch Song|p1a: Araquanid
|-crit|p1a: Araquanid
|-damage|p1a: Araquanid|30/100
|-boost|p2a: Skeledirge|spa|1
|move|p1a: Araquanid|Liquidation|p2a: Skeledirge
|-supereffective|p2a: Skeledirge
|-crit|p2a: Skeledirge
|-damage|p2a: Skeledirge|0 fnt
|faint|p2a: Skeledirge
|
|upkeep
|
|t:|1758292323
|switch|p2a: Quaquaval|Quaquaval, F, tera:Water|24/100
|turn|16
|
|t:|1758292328
|move|p2a: Quaquaval|Aqua Step|p1a: Araquanid
|-resisted|p1a: Araquanid
|-damage|p1a: Araquanid|3/100
|-boost|p2a: Quaquaval|spe|1
|move|p1a: Araquanid|Liquidation|p2a: Quaquaval
|-resisted|p2a: Quaquaval
|-damage|p2a: Quaquaval|0 fnt
|faint|p2a: Quaquaval
|
|win|jop90
|raw|jop90's rating: 1420 &rarr; <strong>1441</strong><br />(+21 for winning)
|raw|jlce's rating: 1429 &rarr; <strong>1408</strong><br />(-21 for losing)
|l|☆jlce
|player|p2|
|l|☆jop90
|player|p1|
