|j|☆ddnsyde
|j|‽Sd2024
|t:|1758255366
|gametype|singles
|player|p1|ddnsyde|rocketgrunt|1280
|player|p2|Sd2024|1|1242
|gen|9
|tier|[Gen 9] OU
|rated|
|rule|HP Percentage Mod: HP is shown in percentages
|rule|Endless Battle Clause: Forcing endless battles is banned
|rule|Species Clause: Limit one of each Pokémon
|rule|OHKO Clause: OHKO moves are banned
|rule|Evasion Items Clause: Evasion items are banned
|rule|Evasion Moves Clause: Evasion moves are banned
|rule|Evasion Abilities Clause: Evasion abilities are banned
|rule|Sleep Moves Clause: Sleep-inducing moves are banned
|clearpoke
|poke|p1|Indeedee, M|
|poke|p1|Forretress, M|
|poke|p1|Polteageist|
|poke|p1|Metagross|
|poke|p1|Rillaboom, F|
|poke|p1|Quaquaval, M|
|poke|p2|Thundurus, M|
|poke|p2|Iron Crown|
|poke|p2|Pelipper, F|
|poke|p2|Overqwil, F|
|poke|p2|Ribombee, F|
|poke|p2|Frosmoth, M|
|teampreview
|inactive|Battle timer is ON: inactive players will automatically lose when time's up. (requested by Sd2024)
|
|t:|1758255371
|teamsize|p1|6
|teamsize|p2|6
|start
|switch|p1a: Metagross|Metagross|100/100
|switch|p2a: Ribombee|Ribombee, F|100/100
|turn|1
|
|t:|1758255378
|move|p2a: Ribombee|Stun Spore|p1a: Metagross
|-status|p1a: Metagross|par
|move|p1a: Metagross|Stealth Rock|p2a: Ribombee
|-sidestart|p2: Sd2024|move: Stealth Rock
|
|upkeep
|turn|2
|
|t:|1758255385
|move|p1a: Metagross|Bullet Punch|p2a: Ribombee
|-supereffective|p2a: Ribombee
|-damage|p2a: Ribombee|24/100
|move|p2a: Ribombee|Sticky Web|p1a: Metagross
|-sidestart|p1: ddnsyde|move: Sticky Web
|
|upkeep
|turn|3
|
|t:|1758255390
|move|p1a: Metagross|Bullet Punch|p2a: Ribombee
|-supereffective|p2a: Ribombee
|-damage|p2a: Ribombee|0 fnt
|faint|p2a: Ribombee
|
|upkeep
|
|t:|1758255399
|switch|p2a: Pelipper|Pelipper, F|100/100
|-damage|p2a: Pelipper|76/100|[from] Stealth Rock
|-weather|RainDance|[from] ability: Drizzle|[of] p2a: Pelipper
|turn|4
|
|t:|1758255406
|move|p2a: Pelipper|Surf|p1a: Metagross
|-damage|p1a: Metagross|34/100 par
|move|p1a: Metagross|Explosion|p2a: Pelipper
|-enditem|p1a: Metagross|Normal Gem|[from] gem
|-damage|p2a: Pelipper|0 fnt
|faint|p1a: Metagross
|faint|p2a: Pelipper
|
|-weather|RainDance|[upkeep]
|upkeep
|
|t:|1758255413
|switch|p1a: Forretress|Forretress, M|100/100
|switch|p2a: Overqwil|Overqwil, F|100/100
|-damage|p2a: Overqwil|88/100|[from] Stealth Rock
|-activate|p1a: Forretress|move: Sticky Web
|-unboost|p1a: Forretress|spe|1
|turn|5
|
|t:|1758255420
|move|p2a: Overqwil|Liquidation|p1a: Forretress
|-damage|p1a: Forretress|69/100
|move|p1a: Forretress|Rapid Spin|p2a: Overqwil
|-enditem|p1a: Forretress|Normal Gem|[from] gem
|-damage|p2a: Overqwil|66/100
|-boost|p1a: Forretress|spe|1
|-sideend|p1: ddnsyde|Sticky Web|[from] move: Rapid Spin|[of] p1a: Forretress
|
|-weather|RainDance|[upkeep]
|upkeep
|turn|6
|
|t:|1758255424
|move|p2a: Overqwil|Swords Dance|p2a: Overqwil
|-boost|p2a: Overqwil|atk|2
|move|p1a: Forretress|Explosion|p2a: Overqwil
|-damage|p2a: Overqwil|0 fnt
|faint|p1a: Forretress
|faint|p2a: Overqwil
|
|-weather|RainDance|[upkeep]
|upkeep
|
|t:|1758255430
|switch|p2a: Thundurus|Thundurus, M|100/100
|switch|p1a: Indeedee|Indeedee, M|100/100
|-damage|p2a: Thundurus|76/100|[from] Stealth Rock
|-fieldstart|move: Psychic Terrain|[from] ability: Psychic Surge|[of] p1a: Indeedee
|turn|7
|
|t:|1758255438
|move|p2a: Thundurus|Electric Terrain|p2a: Thundurus
|-fieldstart|move: Electric Terrain
|move|p1a: Indeedee|Healing Wish|p1a: Indeedee
|faint|p1a: Indeedee
|
|-weather|RainDance|[upkeep]
|upkeep
|
|t:|1758255449
|switch|p1a: Polteageist|Polteageist|100/100
|turn|8
|
|t:|1758255453
|move|p2a: Thundurus|Dark Pulse|p1a: Polteageist
|-supereffective|p1a: Polteageist
|-damage|p1a: Polteageist|35/100
|cant|p1a: Polteageist|flinch
|
|-weather|RainDance|[upkeep]
|upkeep
|turn|9
|
|t:|1758255460
|switch|p1a: Rillaboom|Rillaboom, F|100/100
|-fieldstart|move: Grassy Terrain|[from] ability: Grassy Surge|[of] p1a: Rillaboom
|move|p2a: Thundurus|Dark Pulse|p1a: Rillaboom
|-damage|p1a: Rillaboom|68/100
|
|-weather|RainDance|[upkeep]
|-heal|p1a: Rillaboom|75/100|[from] Grassy Terrain
|upkeep
|turn|10
|
|t:|1758255467
|move|p2a: Thundurus|Dark Pulse|p1a: Rillaboom
|-damage|p1a: Rillaboom|44/100
|move|p1a: Rillaboom|Knock Off|p2a: Thundurus
|-damage|p2a: Thundurus|0 fnt
|-enditem|p2a: Thundurus|Terrain Extender|[from] move: Knock Off|[of] p1a: Rillaboom
|faint|p2a: Thundurus
|
|-weather|RainDance|[upkeep]
|-heal|p1a: Rillaboom|50/100|[from] Grassy Terrain
|upkeep
|
|t:|1758255476
|switch|p2a: Iron Crown|Iron Crown|100/100
|-damage|p2a: Iron Crown|94/100|[from] Stealth Rock
|turn|11
|
|t:|1758255484
|-terastallize|p2a: Iron Crown|Fighting
|move|p2a: Iron Crown|Tachyon Cutter|p1a: Rillaboom
|-damage|p1a: Rillaboom|22/100
|-damage|p1a: Rillaboom|0 fnt
|faint|p1a: Rillaboom
|-hitcount|p1: Rillaboom|2
|
|-weather|none
|-heal|p2a: Iron Crown|100/100|[from] Grassy Terrain
|upkeep
|
|t:|1758255498
|switch|p1a: Quaquaval|Quaquaval, M|100/100
|turn|12
|
|t:|1758255504
|-terastallize|p1a: Quaquaval|Water
|move|p2a: Iron Crown|Psyshock|p1a: Quaquaval
|-damage|p1a: Quaquaval|52/100
|move|p1a: Quaquaval|Aqua Step|p2a: Iron Crown
|-damage|p2a: Iron Crown|22/100
|-boost|p1a: Quaquaval|spe|1
|
|-heal|p1a: Quaquaval|58/100|[from] Grassy Terrain
|-heal|p2a: Iron Crown|28/100|[from] Grassy Terrain
|-heal|p2a: Iron Crown|34/100|[from] item: Leftovers
|upkeep
|turn|13
|
|t:|1758255511
|move|p1a: Quaquaval|Aqua Step|p2a: Iron Crown
|-damage|p2a: Iron Crown|0 fnt
|-boost|p1a: Quaquaval|spe|1
|faint|p2a: Iron Crown
|-end|p2a: Iron Crown|Quark Drive|[silent]
|-ability|p1a: Quaquaval|Moxie|boost
|-boost|p1a: Quaquaval|atk|1
|
|-heal|p1a: Quaquaval|64/100|[from] Grassy Terrain
|-fieldend|move: Grassy Terrain
|upkeep
|
|t:|1758255513
|switch|p2a: Frosmoth|Frosmoth, M|100/100
|-damage|p2a: Frosmoth|51/100|[from] Stealth Rock
|turn|14
|
|t:|1758255519
|move|p1a: Quaquaval|Aqua Step|p2a: Frosmoth
|-damage|p2a: Frosmoth|0 fnt
|-boost|p1a: Quaquaval|spe|1
|faint|p2a: Frosmoth
|
|win|ddnsyde
|raw|ddnsyde's rating: 1280 &rarr; <strong>1302</strong><br />(+22 for winning)
|raw|Sd2024's rating: 1242 &rarr; <strong>1220</strong><br />(-22 for losing)
|l|‽Sd2024
|player|p2|
|l|☆ddnsyde
|player|p1|
