|j|☆Omni-Flasher
|j|☆Dorothyyyy
|t:|1758233312
|gametype|singles
|player|p1|Omni-Flasher|lance|1101
|player|p2|Dorothyyyy|cheryl|1127
|gen|9
|tier|[Gen 9] OU
|rated|
|rule|HP Percentage Mod: HP is shown in percentages
|rule|Endless Battle Clause: Forcing endless battles is banned
|rule|Species Clause: Limit one of each Pokémon
|rule|OHKO Clause: OHKO moves are banned
|rule|Evasion Items Clause: Evasion items are banned
|rule|Evasion Moves Clause: Evasion moves are banned
|rule|Evasion Abilities Clause: Evasion abilities are banned
|rule|Sleep Moves Clause: Sleep-inducing moves are banned
|clearpoke
|poke|p1|Tyranitar, M|
|poke|p1|Pawmot, M|
|poke|p1|Metagross|
|poke|p1|Gengar, M|
|poke|p1|Ninetales-Alola, M|
|poke|p1|Ditto|
|poke|p2|Poliwrath, M|
|poke|p2|Greninja-*, M|
|poke|p2|Gliscor, M|
|poke|p2|Dragonite, M|
|poke|p2|Ogerpon, F|
|poke|p2|Scizor, M|
|teampreview
|inactive|Battle timer is ON: inactive players will automatically lose when time's up. (requested by Dorothyyyy)
|inactive|Omni-Flasher has 120 seconds left.
|inactive|Omni-Flasher has 90 seconds left.
|
|t:|1758233382
|teamsize|p1|6
|teamsize|p2|6
|start
|switch|p1a: Ditto|Ditto|100/100
|switch|p2a: Scizor|Scizor, M|100/100
|-transform|p1a: Ditto|p2a: Scizor|[from] ability: Imposter
|turn|1
|
|t:|1758233392
|switch|p2a: Poliwrath|Poliwrath, M|100/100
|move|p1a: Ditto|U-turn|p2a: Poliwrath
|-resisted|p2a: Poliwrath
|-damage|p2a: Poliwrath|83/100
|
|t:|1758233404
|switch|p1a: Pawmot|Pawmot, M|100/100|[from] U-turn
|-item|p1a: Pawmot|Air Balloon
|
|upkeep
|turn|2
|
|t:|1758233433
|switch|p2a: Gliscor|Gliscor, M, shiny|100/100
|move|p1a: Pawmot|Double Shock|p2a: Gliscor
|-immune|p2a: Gliscor
|
|-status|p2a: Gliscor|tox|[from] item: Toxic Orb
|upkeep
|turn|3
|
|t:|1758233442
|move|p1a: Pawmot|Ice Punch|p2a: Gliscor
|-supereffective|p2a: Gliscor
|-damage|p2a: Gliscor|4/100 tox
|move|p2a: Gliscor|Swords Dance|p2a: Gliscor
|-boost|p2a: Gliscor|atk|2
|
|-heal|p2a: Gliscor|17/100 tox|[from] ability: Poison Heal
|upkeep
|turn|4
|
|t:|1758233454
|move|p2a: Gliscor|Protect|p2a: Gliscor
|-singleturn|p2a: Gliscor|Protect
|move|p1a: Pawmot|Ice Punch|p2a: Gliscor
|-activate|p2a: Gliscor|move: Protect
|
|-heal|p2a: Gliscor|29/100 tox|[from] ability: Poison Heal
|upkeep
|turn|5
|
|t:|1758233475
|switch|p2a: Scizor|Scizor, M|100/100
|move|p1a: Pawmot|Ice Punch|p2a: Scizor
|-resisted|p2a: Scizor
|-damage|p2a: Scizor|87/100
|-status|p2a: Scizor|frz
|
|upkeep
|turn|6
|
|t:|1758233488
|move|p1a: Pawmot|Ice Punch|p2a: Scizor
|-resisted|p2a: Scizor
|-damage|p2a: Scizor|72/100 frz
|-curestatus|p2a: Scizor|frz|[msg]
|move|p2a: Scizor|Dual Wingbeat|p1a: Pawmot|[miss]
|-miss|p2a: Scizor|p1a: Pawmot
|
|upkeep
|turn|7
|inactive|Dorothyyyy has 120 seconds left.
|
|t:|1758233516
|switch|p1a: Ditto|Ditto|100/100
|-transform|p1a: Ditto|p2a: Scizor|[from] ability: Imposter
|move|p2a: Scizor|Dual Wingbeat|p1a: Ditto|[miss]
|-miss|p2a: Scizor|p1a: Ditto
|
|upkeep
|turn|8
|inactive|Dorothyyyy has 120 seconds left.
|
|t:|1758233548
|switch|p2a: Poliwrath|Poliwrath, M|83/100
|move|p1a: Ditto|Dual Wingbeat|p2a: Poliwrath
|-supereffective|p2a: Poliwrath
|-damage|p2a: Poliwrath|44/100
|-supereffective|p2a: Poliwrath
|-damage|p2a: Poliwrath|0 fnt
|faint|p2a: Poliwrath
|-hitcount|p2: Poliwrath|2
|
|upkeep
|
|t:|1758233552
|switch|p2a: Gliscor|Gliscor, M, shiny|29/100 tox
|turn|9
|
|t:|1758233568
|move|p2a: Gliscor|Protect|p2a: Gliscor
|-singleturn|p2a: Gliscor|Protect
|move|p1a: Ditto|Bullet Punch|p2a: Gliscor
|-activate|p2a: Gliscor|move: Protect
|
|-heal|p2a: Gliscor|41/100 tox|[from] ability: Poison Heal
|upkeep
|turn|10
|
|t:|1758233587
|switch|p2a: Scizor|Scizor, M|72/100
|move|p1a: Ditto|Bullet Punch|p2a: Scizor
|-resisted|p2a: Scizor
|-damage|p2a: Scizor|53/100
|
|upkeep
|turn|11
|
|t:|1758233596
|switch|p2a: Gliscor|Gliscor, M, shiny|41/100 tox
|move|p1a: Ditto|Dual Wingbeat|p2a: Gliscor|[miss]
|-miss|p1a: Ditto|p2a: Gliscor
|
|-heal|p2a: Gliscor|54/100 tox|[from] ability: Poison Heal
|upkeep
|turn|12
|inactive|Dorothyyyy has 120 seconds left.
|
|t:|1758233623
|switch|p1a: Pawmot|Pawmot, M|100/100
|-item|p1a: Pawmot|Air Balloon
|move|p2a: Gliscor|Protect||[still]
|-fail|p2a: Gliscor
|
|-heal|p2a: Gliscor|66/100 tox|[from] ability: Poison Heal
|upkeep
|turn|13
|
|t:|1758233632
|move|p2a: Gliscor|Protect|p2a: Gliscor
|-singleturn|p2a: Gliscor|Protect
|move|p1a: Pawmot|Ice Punch|p2a: Gliscor
|-activate|p2a: Gliscor|move: Protect
|
|-heal|p2a: Gliscor|79/100 tox|[from] ability: Poison Heal
|upkeep
|turn|14
|inactive|Dorothyyyy has 90 seconds left.
|
|t:|1758233667
|-terastallize|p2a: Gliscor|Normal
|move|p1a: Pawmot|Ice Punch|p2a: Gliscor
|-damage|p2a: Gliscor|55/100 tox
|move|p2a: Gliscor|Facade|p1a: Pawmot
|-damage|p1a: Pawmot|10/100
|-enditem|p1a: Pawmot|Air Balloon
|
|-heal|p2a: Gliscor|67/100 tox|[from] ability: Poison Heal
|upkeep
|turn|15
|inactive|Omni-Flasher has 120 seconds left.
|
|t:|1758233699
|move|p2a: Gliscor|Protect|p2a: Gliscor
|-singleturn|p2a: Gliscor|Protect
|move|p1a: Pawmot|Close Combat|p2a: Gliscor
|-activate|p2a: Gliscor|move: Protect
|
|-heal|p2a: Gliscor|80/100 tox|[from] ability: Poison Heal
|upkeep
|turn|16
|
|t:|1758233709
|move|p1a: Pawmot|Close Combat|p2a: Gliscor
|-supereffective|p2a: Gliscor
|-damage|p2a: Gliscor|0 fnt
|-unboost|p1a: Pawmot|def|1
|-unboost|p1a: Pawmot|spd|1
|faint|p2a: Gliscor
|
|upkeep
|
|t:|1758233720
|switch|p2a: Greninja|Greninja, M|100/100
|turn|17
|inactive|Omni-Flasher has 120 seconds left.
|
|t:|1758233747
|switch|p1a: Tyranitar|Tyranitar, M|100/100
|-weather|Sandstorm|[from] ability: Sand Stream|[of] p1a: Tyranitar
|move|p2a: Greninja|Extrasensory|p1a: Tyranitar
|-immune|p1a: Tyranitar
|
|-weather|Sandstorm|[upkeep]
|-damage|p2a: Greninja|95/100|[from] Sandstorm
|upkeep
|turn|18
|inactive|Omni-Flasher has 120 seconds left.
|
|t:|1758233765
|switch|p2a: Ogerpon|Ogerpon, F|100/100
|move|p1a: Tyranitar|Dragon Dance|p1a: Tyranitar
|-boost|p1a: Tyranitar|atk|1
|-boost|p1a: Tyranitar|spe|1
|
|-weather|Sandstorm|[upkeep]
|-damage|p2a: Ogerpon|95/100|[from] Sandstorm
|-heal|p2a: Ogerpon|100/100|[from] item: Leftovers
|upkeep
|turn|19
|inactive|Omni-Flasher has 120 seconds left.
|
|t:|1758233793
|switch|p1a: Ditto|Ditto|100/100
|-transform|p1a: Ditto|p2a: Ogerpon|[from] ability: Imposter
|move|p2a: Ogerpon|Swords Dance|p2a: Ogerpon
|-boost|p2a: Ogerpon|atk|2
|
|-weather|Sandstorm|[upkeep]
|-damage|p2a: Ogerpon|95/100|[from] Sandstorm
|-damage|p1a: Ditto|95/100|[from] Sandstorm
|-heal|p2a: Ogerpon|100/100|[from] item: Leftovers
|upkeep
|turn|20
|inactive|Dorothyyyy has 60 seconds left.
|
|t:|1758233818
|move|p2a: Ogerpon|Ivy Cudgel|p1a: Ditto
|-resisted|p1a: Ditto
|-damage|p1a: Ditto|17/100
|move|p1a: Ditto|Play Rough|p2a: Ogerpon|[miss]
|-miss|p1a: Ditto|p2a: Ogerpon
|
|-weather|Sandstorm|[upkeep]
|-damage|p1a: Ditto|11/100|[from] Sandstorm
|-damage|p2a: Ogerpon|95/100|[from] Sandstorm
|-heal|p2a: Ogerpon|100/100|[from] item: Leftovers
|upkeep
|turn|21
|
|t:|1758233824
|move|p2a: Ogerpon|Ivy Cudgel|p1a: Ditto
|-resisted|p1a: Ditto
|-damage|p1a: Ditto|0 fnt
|faint|p1a: Ditto
|
|-weather|none
|upkeep
|
|t:|1758233837
|switch|p1a: Ninetales|Ninetales-Alola, M|100/100
|-weather|Snowscape|[from] ability: Snow Warning|[of] p1a: Ninetales
|turn|22
|inactive|Dorothyyyy has 60 seconds left.
|
|t:|1758233859
|move|p2a: Ogerpon|Ivy Cudgel|p1a: Ninetales
|-damage|p1a: Ninetales|15/100
|move|p1a: Ninetales|Aurora Veil|p1a: Ninetales
|-sidestart|p1: Omni-Flasher|move: Aurora Veil
|
|-weather|Snowscape|[upkeep]
|upkeep
|turn|23
|
|t:|1758233874
|move|p2a: Ogerpon|Ivy Cudgel|p1a: Ninetales
|-damage|p1a: Ninetales|0 fnt
|faint|p1a: Ninetales
|
|-weather|Snowscape|[upkeep]
|upkeep
|
|t:|1758233889
|switch|p1a: Metagross|Metagross, shiny|100/100
|turn|24
|
|t:|1758233900
|move|p2a: Ogerpon|Throat Chop|p1a: Metagross
|-supereffective|p1a: Metagross
|-damage|p1a: Metagross|62/100
|-start|p1a: Metagross|Throat Chop|[silent]
|-enditem|p1a: Metagross|Weakness Policy
|-boost|p1a: Metagross|atk|2|[from] item: Weakness Policy
|-boost|p1a: Metagross|spa|2|[from] item: Weakness Policy
|move|p1a: Metagross|Agility|p1a: Metagross
|-boost|p1a: Metagross|spe|2
|
|-weather|Snowscape|[upkeep]
|upkeep
|turn|25
|
|t:|1758233914
|move|p1a: Metagross|Meteor Mash|p2a: Ogerpon
|-damage|p2a: Ogerpon|0 fnt
|faint|p2a: Ogerpon
|
|-weather|Snowscape|[upkeep]
|-end|p1a: Metagross|Throat Chop|[silent]
|upkeep
|
|t:|1758233921
|switch|p2a: Dragonite|Dragonite, M|100/100
|turn|26
|inactive|Omni-Flasher has 120 seconds left.
|
|t:|1758233927
|move|p1a: Metagross|Meteor Mash|p2a: Dragonite
|-damage|p2a: Dragonite|49/100
|move|p2a: Dragonite|Dragon Dance|p2a: Dragonite
|-boost|p2a: Dragonite|atk|1
|-boost|p2a: Dragonite|spe|1
|
|-weather|none
|-sideend|p1: Omni-Flasher|move: Aurora Veil
|upkeep
|turn|27
|inactive|Omni-Flasher has 120 seconds left.
|inactive|Dorothyyyy has 90 seconds left.
|
|t:|1758233944
|move|p1a: Metagross|Meteor Mash|p2a: Dragonite
|-damage|p2a: Dragonite|0 fnt
|faint|p2a: Dragonite
|
|upkeep
|
|t:|1758233947
|switch|p2a: Greninja|Greninja, M|95/100
|turn|28
|
|t:|1758233954
|move|p1a: Metagross|Meteor Mash|p2a: Greninja
|-resisted|p2a: Greninja
|-damage|p2a: Greninja|16/100
|-boost|p1a: Metagross|atk|1
|move|p2a: Greninja|Dark Pulse|p1a: Metagross
|-supereffective|p1a: Metagross
|-damage|p1a: Metagross|0 fnt
|faint|p1a: Metagross
|-ability|p2a: Greninja|Battle Bond|boost
|-boost|p2a: Greninja|atk|1
|-boost|p2a: Greninja|spa|1
|-boost|p2a: Greninja|spe|1
|-activate|p2a: Greninja|ability: Battle Bond
|-damage|p2a: Greninja|6/100|[from] item: Life Orb
|
|upkeep
|inactive|Omni-Flasher has 120 seconds left.
|
|t:|1758233966
|switch|p1a: Tyranitar|Tyranitar, M|100/100
|-weather|Sandstorm|[from] ability: Sand Stream|[of] p1a: Tyranitar
|turn|29
|inactive|Omni-Flasher has 120 seconds left.
|
|t:|1758233977
|-terastallize|p1a: Tyranitar|Flying
|move|p2a: Greninja|Surf|p1a: Tyranitar
|-damage|p1a: Tyranitar|34/100
|-damage|p2a: Greninja|0 fnt|[from] item: Life Orb
|faint|p2a: Greninja
|move|p1a: Tyranitar|Crunch|p2: Greninja|[notarget]
|-fail|p1a: Tyranitar
|
|-weather|Sandstorm|[upkeep]
|-damage|p1a: Tyranitar|28/100|[from] Sandstorm
|upkeep
|
|t:|1758233982
|switch|p2a: Scizor|Scizor, M|53/100
|turn|30
|
|t:|1758233994
|move|p2a: Scizor|Bullet Punch|p1a: Tyranitar
|-damage|p1a: Tyranitar|0 fnt
|faint|p1a: Tyranitar
|-damage|p2a: Scizor|43/100|[from] item: Life Orb
|
|-weather|Sandstorm|[upkeep]
|upkeep
|
|t:|1758234000
|switch|p1a: Gengar|Gengar, M, shiny|100/100
|turn|31
|inactive|Omni-Flasher has 120 seconds left.
|inactive|Dorothyyyy has 120 seconds left.
|
|t:|1758234030
|move|p2a: Scizor|Bullet Punch|p1a: Gengar
|-crit|p1a: Gengar
|-damage|p1a: Gengar|0 fnt
|-start|p2a: Scizor|Disable|Bullet Punch|[from] ability: Cursed Body|[of] p1a: Gengar
|faint|p1a: Gengar
|-damage|p2a: Scizor|33/100|[from] item: Life Orb
|
|-weather|Sandstorm|[upkeep]
|upkeep
|
|t:|1758234033
|switch|p1a: Pawmot|Pawmot, M|10/100
|turn|32
|inactive|Omni-Flasher has 120 seconds left.
|
|t:|1758234043
|move|p1a: Pawmot|Double Shock|p2a: Scizor
|-damage|p2a: Scizor|0 fnt
|-start|p1a: Pawmot|typechange|???/Fighting|[from] move: Double Shock
|faint|p2a: Scizor
|
|win|Omni-Flasher
|raw|Omni-Flasher's rating: 1101 &rarr; <strong>1130</strong><br />(+29 for winning)
|raw|Dorothyyyy's rating: 1152 &rarr; <strong>1123</strong><br />(-29 for losing)
|l|☆Omni-Flasher
|player|p1|
