|j|☆Ballsar 2.0
|j|☆YourFriendSanti
|t:|1758351058
|gametype|singles
|player|p1|Ballsar 2.0|170|1133
|player|p2|YourFriendSanti|hilbert-wonderlauncher|1143
|gen|9
|tier|[Gen 9] OU
|rated|
|rule|HP Percentage Mod: HP is shown in percentages
|rule|Endless Battle Clause: Forcing endless battles is banned
|rule|Species Clause: Limit one of each Pokémon
|rule|OHKO Clause: OHKO moves are banned
|rule|Evasion Items Clause: Evasion items are banned
|rule|Evasion Moves Clause: Evasion moves are banned
|rule|Evasion Abilities Clause: Evasion abilities are banned
|rule|Sleep Moves Clause: Sleep-inducing moves are banned
|clearpoke
|poke|p1|Greninja-*, M|
|poke|p1|Scizor, M|
|poke|p1|Blaziken, F|
|poke|p1|Ogerpon-Wellspring, F|
|poke|p1|Pecharunt|
|poke|p1|Forretress, M|
|poke|p2|Delphox, F|
|poke|p2|Hatterene, F|
|poke|p2|Hawlucha, M|
|poke|p2|Darkrai|
|poke|p2|Moltres|
|poke|p2|Lilligant-Hisui, F|
|teampreview
|c|☆Ballsar 2.0|i
|c|☆Ballsar 2.0|i cry
|
|t:|1758351075
|teamsize|p1|6
|teamsize|p2|6
|start
|switch|p1a: Forretress|Forretress, M|100/100
|switch|p2a: Lilligant|Lilligant-Hisui, F|100/100
|turn|1
|
|t:|1758351090
|move|p2a: Lilligant|Close Combat|p1a: Forretress
|-damage|p1a: Forretress|53/100
|-unboost|p2a: Lilligant|def|1
|-unboost|p2a: Lilligant|spd|1
|-damage|p2a: Lilligant|84/100|[from] item: Rocky Helmet|[of] p1a: Forretress
|move|p1a: Forretress|Toxic Spikes|p2a: Lilligant
|-sidestart|p2: YourFriendSanti|move: Toxic Spikes
|
|upkeep
|turn|2
|
|t:|1758351106
|move|p2a: Lilligant|Defog|p1a: Forretress
|-unboost|p1a: Forretress|evasion|1
|-sideend|p2: YourFriendSanti|Toxic Spikes|[from] move: Defog|[of] p2a: Lilligant
|move|p1a: Forretress|Stealth Rock|p2a: Lilligant
|-sidestart|p2: YourFriendSanti|move: Stealth Rock
|
|upkeep
|turn|3
|
|t:|1758351116
|switch|p1a: The Toxic Puppet|Pecharunt|100/100
|move|p2a: Lilligant|Defog|p1a: The Toxic Puppet
|-unboost|p1a: The Toxic Puppet|evasion|1
|-sideend|p2: YourFriendSanti|Stealth Rock|[from] move: Defog|[of] p2a: Lilligant
|
|upkeep
|turn|4
|
|t:|1758351138
|switch|p2a: Moltres|Moltres|100/100
|move|p1a: The Toxic Puppet|Toxic|p2a: Moltres
|-status|p2a: Moltres|tox
|-start|p2a: Moltres|confusion|[from] ability: Poison Puppeteer|[of] p1a: The Toxic Puppet
|
|-damage|p2a: Moltres|94/100 tox|[from] psn
|upkeep
|turn|5
|
|t:|1758351149
|switch|p2a: Hatterene|Hatterene, F|100/100
|move|p1a: The Toxic Puppet|Protect||[still]
|-fail|p1a: The Toxic Puppet
|
|upkeep
|turn|6
|
|t:|1758351157
|-terastallize|p2a: Hatterene|Steel
|move|p1a: The Toxic Puppet|Toxic|p2a: Hatterene
|move|p2a: Hatterene|Toxic|p1a: The Toxic Puppet|[from] ability: Magic Bounce
|-immune|p1a: The Toxic Puppet
|move|p2a: Hatterene|Psychic Terrain|p2a: Hatterene
|-fieldstart|move: Psychic Terrain
|
|upkeep
|turn|7
|
|t:|1758351169
|switch|p2a: Delphox|Delphox, F|100/100
|move|p1a: The Toxic Puppet|Curse|p2a: Delphox
|-start|p2a: Delphox|Curse|[of] p1a: The Toxic Puppet
|-damage|p1a: The Toxic Puppet|50/100
|
|-heal|p1a: The Toxic Puppet|57/100|[from] item: Leftovers
|-damage|p2a: Delphox|76/100|[from] Curse
|upkeep
|turn|8
|
|t:|1758351181
|switch|p1a: Ash-Greninja|Greninja, M|100/100
|move|p2a: Delphox|Agility|p2a: Delphox
|-boost|p2a: Delphox|spe|2
|
|-damage|p2a: Delphox|51/100|[from] Curse
|upkeep
|turn|9
|
|t:|1758351191
|move|p1a: Ash-Greninja|Water Shuriken|p2a: Delphox
|-activate|p2a: Delphox|move: Psychic Terrain
|move|p2a: Delphox|Focus Blast|p1a: Ash-Greninja
|-supereffective|p1a: Ash-Greninja
|-damage|p1a: Ash-Greninja|0 fnt
|faint|p1a: Ash-Greninja
|
|-damage|p2a: Delphox|26/100|[from] Curse
|upkeep
|c|☆Ballsar 2.0|oh
|c|☆Ballsar 2.0|prioirty
|
|t:|1758351213
|switch|p1a: The Toxic Puppet|Pecharunt|57/100
|turn|10
|
|t:|1758351233
|move|p1a: The Toxic Puppet|Protect|p1a: The Toxic Puppet
|-singleturn|p1a: The Toxic Puppet|Protect
|move|p2a: Delphox|Expanding Force|p1a: The Toxic Puppet
|-activate|p1a: The Toxic Puppet|move: Protect
|
|-heal|p1a: The Toxic Puppet|63/100|[from] item: Leftovers
|-damage|p2a: Delphox|2/100|[from] Curse
|-fieldend|move: Psychic Terrain
|upkeep
|turn|11
|
|t:|1758351246
|switch|p1a: The Little Gun|Scizor, M|100/100
|move|p2a: Delphox|Expanding Force|p1a: The Little Gun
|-resisted|p1a: The Little Gun
|-damage|p1a: The Little Gun|78/100
|
|-damage|p2a: Delphox|0 fnt|[from] Curse
|faint|p2a: Delphox
|upkeep
|
|t:|1758351272
|switch|p2a: Moltres|Moltres|94/100 tox
|turn|12
|
|t:|1758351286
|switch|p1a: The Toxic Puppet|Pecharunt|63/100
|move|p2a: Moltres|Hurricane|p1a: The Toxic Puppet
|-damage|p1a: The Toxic Puppet|14/100
|
|-heal|p1a: The Toxic Puppet|20/100|[from] item: Leftovers
|-damage|p2a: Moltres|88/100 tox|[from] psn
|upkeep
|turn|13
|
|t:|1758351296
|move|p2a: Moltres|Flamethrower|p1a: The Toxic Puppet
|-damage|p1a: The Toxic Puppet|0 fnt
|faint|p1a: The Toxic Puppet
|
|-damage|p2a: Moltres|76/100 tox|[from] psn
|upkeep
|
|t:|1758351302
|switch|p1a: Hearthflame?|Ogerpon-Wellspring, F|100/100
|turn|14
|
|t:|1758351307
|move|p1a: Hearthflame?|Ivy Cudgel|p2a: Moltres|[anim] Ivy Cudgel Water
|-supereffective|p2a: Moltres
|-crit|p2a: Moltres
|-damage|p2a: Moltres|0 fnt
|faint|p2a: Moltres
|
|upkeep
|
|t:|1758351313
|switch|p2a: Hatterene|Hatterene, F, tera:Steel|100/100
|turn|15
|
|t:|1758351348
|move|p1a: Hearthflame?|Ivy Cudgel|p2a: Hatterene|[anim] Ivy Cudgel Water
|-damage|p2a: Hatterene|35/100
|move|p2a: Hatterene|Misty Explosion|p1a: Hearthflame?
|-damage|p1a: Hearthflame?|36/100
|faint|p2a: Hatterene
|
|upkeep
|
|t:|1758351376
|switch|p2a: Darkrai|Darkrai|100/100
|turn|16
|
|t:|1758351390
|move|p2a: Darkrai|Nasty Plot|p2a: Darkrai
|-boost|p2a: Darkrai|spa|2
|move|p1a: Hearthflame?|Play Rough|p2a: Darkrai
|-supereffective|p2a: Darkrai
|-crit|p2a: Darkrai
|-enditem|p2a: Darkrai|Focus Sash
|-damage|p2a: Darkrai|1/100
|-unboost|p2a: Darkrai|atk|1
|
|upkeep
|turn|17
|
|t:|1758351401
|switch|p1a: Forretress|Forretress, M|53/100
|move|p2a: Darkrai|Dark Pulse|p1a: Forretress
|-damage|p1a: Forretress|0 fnt
|faint|p1a: Forretress
|
|upkeep
|
|t:|1758351403
|switch|p1a: The Little Gun|Scizor, M|78/100
|turn|18
|
|t:|1758351416
|switch|p2a: Lilligant|Lilligant-Hisui, F|84/100
|move|p1a: The Little Gun|Bullet Punch|p2a: Lilligant
|-damage|p2a: Lilligant|12/100
|-damage|p1a: The Little Gun|68/100|[from] item: Life Orb
|
|upkeep
|turn|19
|
|t:|1758351425
|move|p1a: The Little Gun|Bullet Punch|p2a: Lilligant
|-damage|p2a: Lilligant|0 fnt
|faint|p2a: Lilligant
|-damage|p1a: The Little Gun|58/100|[from] item: Life Orb
|
|upkeep
|
|t:|1758351427
|switch|p2a: Hawlucha|Hawlucha, M|100/100
|turn|20
|
|t:|1758351431
|switch|p1a: Blazing Rage|Blaziken, F|100/100
|move|p2a: Hawlucha|Upper Hand||[still]
|-fail|p2a: Hawlucha
|
|upkeep
|turn|21
|
|t:|1758351439
|move|p2a: Hawlucha|Acrobatics|p1a: Blazing Rage
|-supereffective|p1a: Blazing Rage
|-damage|p1a: Blazing Rage|28/100
|move|p1a: Blazing Rage|Blaze Kick|p2a: Hawlucha
|-crit|p2a: Hawlucha
|-damage|p2a: Hawlucha|8/100
|
|-ability|p1a: Blazing Rage|Speed Boost|boost
|-boost|p1a: Blazing Rage|spe|1
|upkeep
|turn|22
|
|t:|1758351447
|move|p1a: Blazing Rage|Blaze Kick|p2a: Hawlucha
|-damage|p2a: Hawlucha|0 fnt
|faint|p2a: Hawlucha
|
|-ability|p1a: Blazing Rage|Speed Boost|boost
|-boost|p1a: Blazing Rage|spe|1
|upkeep
|
|t:|1758351449
|switch|p2a: Darkrai|Darkrai|1/100
|turn|23
|
|t:|1758351454
|move|p1a: Blazing Rage|Close Combat|p2a: Darkrai
|-supereffective|p2a: Darkrai
|-damage|p2a: Darkrai|0 fnt
|-unboost|p1a: Blazing Rage|def|1
|-unboost|p1a: Blazing Rage|spd|1
|faint|p2a: Darkrai
|
|win|Ballsar 2.0
|raw|Ballsar 2.0's rating: 1133 &rarr; <strong>1159</strong><br />(+26 for winning)
|raw|YourFriendSanti's rating: 1143 &rarr; <strong>1117</strong><br />(-26 for losing)
|l|☆YourFriendSanti
|player|p2|
|c|☆Ballsar 2.0|gg wp
|l|☆Ballsar 2.0
|player|p1|
