|j|☆Jon Mateo
|j|☆dengdengni
|t:|1758269881
|gametype|singles
|player|p1|Jon Mateo|169|1326
|player|p2|dengdengni|scientist|1452
|gen|9
|tier|[Gen 9] OU
|rated|
|rule|HP Percentage Mod: HP is shown in percentages
|rule|Endless Battle Clause: Forcing endless battles is banned
|rule|Species Clause: Limit one of each Pokémon
|rule|OHKO Clause: OHKO moves are banned
|rule|Evasion Items Clause: Evasion items are banned
|rule|Evasion Moves Clause: Evasion moves are banned
|rule|Evasion Abilities Clause: Evasion abilities are banned
|rule|Sleep Moves Clause: Sleep-inducing moves are banned
|clearpoke
|poke|p1|Ceruledge, F|
|poke|p1|Lokix, F|
|poke|p1|Quaquaval, M|
|poke|p1|Gardevoir, M|
|poke|p1|Garchomp, M|
|poke|p1|Rotom-Frost|
|poke|p2|Gholdengo|
|poke|p2|Samurott-Hisui, M|
|poke|p2|Great Tusk|
|poke|p2|Moltres|
|poke|p2|Dragapult, M|
|poke|p2|Kingambit, M|
|teampreview
|inactive|Battle timer is ON: inactive players will automatically lose when time's up. (requested by dengdengni)
|
|t:|1758269894
|teamsize|p1|6
|teamsize|p2|6
|start
|switch|p1a: Rotom|Rotom-Frost|100/100
|switch|p2a: Samurott|Samurott-Hisui, M|100/100
|turn|1
|
|t:|1758269900
|move|p1a: Rotom|Volt Switch|p2a: Samurott
|-supereffective|p2a: Samurott
|-damage|p2a: Samurott|6/100
|
|t:|1758269905
|switch|p1a: Quaquaval|Quaquaval, M|100/100|[from] Volt Switch
|move|p2a: Samurott|Ceaseless Edge|p1a: Quaquaval
|-resisted|p1a: Quaquaval
|-damage|p1a: Quaquaval|76/100
|-sidestart|p1: Jon Mateo|Spikes
|
|upkeep
|turn|2
|inactive|dengdengni has 120 seconds left.
|
|t:|1758269939
|switch|p2a: Moltres|Moltres, shiny|100/100
|move|p1a: Quaquaval|Aqua Step|p2a: Moltres
|-supereffective|p2a: Moltres
|-damage|p2a: Moltres|8/100
|-boost|p1a: Quaquaval|spe|1
|
|upkeep
|turn|3
|
|t:|1758269952
|move|p1a: Quaquaval|Aqua Step|p2a: Moltres
|-supereffective|p2a: Moltres
|-damage|p2a: Moltres|0 fnt
|-boost|p1a: Quaquaval|spe|1
|faint|p2a: Moltres
|-ability|p1a: Quaquaval|Moxie|boost
|-boost|p1a: Quaquaval|atk|1
|
|upkeep
|
|t:|1758269956
|switch|p2a: Dragapult|Dragapult, M, shiny|100/100
|turn|4
|inactive|Jon Mateo has 120 seconds left.
|
|t:|1758270005
|-terastallize|p1a: Quaquaval|Water
|move|p1a: Quaquaval|Aqua Step|p2a: Dragapult
|-resisted|p2a: Dragapult
|-damage|p2a: Dragapult|20/100
|-boost|p1a: Quaquaval|spe|1
|move|p2a: Dragapult|Draco Meteor|p1a: Quaquaval
|-damage|p1a: Quaquaval|0 fnt
|-unboost|p2a: Dragapult|spa|2
|faint|p1a: Quaquaval
|
|upkeep
|inactive|Jon Mateo has 90 seconds left.
|
|t:|1758270033
|switch|p1a: Ceruledge|Ceruledge, F|100/100
|-damage|p1a: Ceruledge|88/100|[from] Spikes
|turn|5
|
|t:|1758270046
|switch|p2a: Great Tusk|Great Tusk, shiny|100/100
|move|p1a: Ceruledge|Swords Dance|p1a: Ceruledge
|-boost|p1a: Ceruledge|atk|2
|
|upkeep
|turn|6
|inactive|Jon Mateo has 90 seconds left.
|
|t:|1758270071
|switch|p1a: Rotom|Rotom-Frost|100/100
|move|p2a: Great Tusk|Earthquake|p1a: Rotom
|-immune|p1a: Rotom|[from] ability: Levitate
|
|upkeep
|turn|7
|inactive|dengdengni has 120 seconds left.
|
|t:|1758270102
|-terastallize|p2a: Great Tusk|Steel
|move|p1a: Rotom|Blizzard|p2a: Great Tusk
|-resisted|p2a: Great Tusk
|-damage|p2a: Great Tusk|63/100
|move|p2a: Great Tusk|Bulk Up|p2a: Great Tusk
|-boost|p2a: Great Tusk|atk|1
|-boost|p2a: Great Tusk|def|1
|
|-heal|p2a: Great Tusk|70/100|[from] item: Leftovers
|upkeep
|turn|8
|
|t:|1758270113
|move|p1a: Rotom|Blizzard|p2a: Great Tusk
|-resisted|p2a: Great Tusk
|-damage|p2a: Great Tusk|30/100
|move|p2a: Great Tusk|Rapid Spin|p1a: Rotom
|-damage|p1a: Rotom|69/100
|-boost|p2a: Great Tusk|spe|1
|
|-heal|p2a: Great Tusk|36/100|[from] item: Leftovers
|upkeep
|turn|9
|
|t:|1758270125
|move|p2a: Great Tusk|Ice Spinner|p1a: Rotom
|-resisted|p1a: Rotom
|-damage|p1a: Rotom|42/100
|move|p1a: Rotom|Blizzard|p2a: Great Tusk
|-resisted|p2a: Great Tusk
|-damage|p2a: Great Tusk|0 fnt
|faint|p2a: Great Tusk
|-end|p2a: Great Tusk|Protosynthesis|[silent]
|
|upkeep
|
|t:|1758270129
|switch|p2a: Kingambit|Kingambit, M, shiny|100/100
|-activate|p2a: Kingambit|ability: Supreme Overlord
|-start|p2a: Kingambit|fallen2|[silent]
|turn|10
|
|t:|1758270140
|move|p1a: Rotom|Blizzard|p2a: Kingambit
|-resisted|p2a: Kingambit
|-damage|p2a: Kingambit|79/100
|move|p2a: Kingambit|Swords Dance|p2a: Kingambit
|-boost|p2a: Kingambit|atk|2
|
|-heal|p2a: Kingambit|86/100|[from] item: Leftovers
|upkeep
|turn|11
|
|t:|1758270153
|switch|p1a: Lokix|Lokix, F|100/100
|-damage|p1a: Lokix|88/100|[from] Spikes
|move|p2a: Kingambit|Kowtow Cleave|p1a: Lokix
|-resisted|p1a: Lokix
|-damage|p1a: Lokix|11/100
|-enditem|p1a: Lokix|Sitrus Berry|[eat]
|-heal|p1a: Lokix|36/100|[from] item: Sitrus Berry
|
|-heal|p2a: Kingambit|92/100|[from] item: Leftovers
|upkeep
|turn|12
|
|t:|1758270166
|move|p2a: Kingambit|Sucker Punch|p1a: Lokix
|-resisted|p1a: Lokix
|-damage|p1a: Lokix|0 fnt
|faint|p1a: Lokix
|
|-heal|p2a: Kingambit|98/100|[from] item: Leftovers
|upkeep
|
|t:|1758270170
|switch|p1a: Garchomp|Garchomp, M|100/100
|-damage|p1a: Garchomp|88/100|[from] Spikes
|turn|13
|
|t:|1758270179
|move|p2a: Kingambit|Sucker Punch|p1a: Garchomp
|-damage|p1a: Garchomp|9/100
|-damage|p2a: Kingambit|86/100|[from] ability: Rough Skin|[of] p1a: Garchomp
|move|p1a: Garchomp|Earthquake|p2a: Kingambit
|-supereffective|p2a: Kingambit
|-damage|p2a: Kingambit|0 fnt
|faint|p2a: Kingambit
|-end|p2a: Kingambit|fallen2|[silent]
|
|upkeep
|
|t:|1758270193
|switch|p2a: Samurott|Samurott-Hisui, M|6/100
|turn|14
|
|t:|1758270202
|move|p2a: Samurott|Sucker Punch|p1a: Garchomp
|-damage|p1a: Garchomp|0 fnt
|-damage|p2a: Samurott|0 fnt|[from] ability: Rough Skin|[of] p1a: Garchomp
|faint|p1a: Garchomp
|faint|p2a: Samurott
|
|upkeep
|
|t:|1758270214
|switch|p2a: Gholdengo|Gholdengo|100/100
|switch|p1a: Rotom|Rotom-Frost|42/100
|-item|p2a: Gholdengo|Air Balloon
|turn|15
|
|t:|1758270224
|move|p1a: Rotom|Thunderbolt|p2a: Gholdengo
|-damage|p2a: Gholdengo|67/100
|-enditem|p2a: Gholdengo|Air Balloon
|move|p2a: Gholdengo|Shadow Ball|p1a: Rotom
|-damage|p1a: Rotom|0 fnt
|faint|p1a: Rotom
|
|upkeep
|
|t:|1758270236
|switch|p1a: Gardevoir|Gardevoir, M|100/100
|-damage|p1a: Gardevoir|88/100|[from] Spikes
|turn|16
|
|t:|1758270251
|move|p1a: Gardevoir|Mystical Fire|p2a: Gholdengo
|-supereffective|p2a: Gholdengo
|-damage|p2a: Gholdengo|21/100
|-unboost|p2a: Gholdengo|spa|1
|move|p2a: Gholdengo|Recover|p2a: Gholdengo
|-heal|p2a: Gholdengo|71/100
|
|upkeep
|turn|17
|
|t:|1758270257
|move|p1a: Gardevoir|Mystical Fire|p2a: Gholdengo
|-supereffective|p2a: Gholdengo
|-damage|p2a: Gholdengo|26/100
|-unboost|p2a: Gholdengo|spa|1
|move|p2a: Gholdengo|Make It Rain|p1a: Gardevoir
|-supereffective|p1a: Gardevoir
|-damage|p1a: Gardevoir|36/100
|-unboost|p2a: Gholdengo|spa|1
|
|upkeep
|turn|18
|
|t:|1758270265
|move|p1a: Gardevoir|Mystical Fire|p2a: Gholdengo
|-supereffective|p2a: Gholdengo
|-damage|p2a: Gholdengo|0 fnt
|faint|p2a: Gholdengo
|
|upkeep
|
|t:|1758270266
|switch|p2a: Dragapult|Dragapult, M, shiny|20/100
|turn|19
|
|t:|1758270268
|move|p2a: Dragapult|Shadow Ball|p1a: Gardevoir
|-supereffective|p1a: Gardevoir
|-damage|p1a: Gardevoir|0 fnt
|faint|p1a: Gardevoir
|
|upkeep
|
|t:|1758270270
|switch|p1a: Ceruledge|Ceruledge, F|88/100
|-damage|p1a: Ceruledge|76/100|[from] Spikes
|turn|20
|
|t:|1758270273
|move|p1a: Ceruledge|Shadow Sneak|p2a: Dragapult
|-supereffective|p2a: Dragapult
|-damage|p2a: Dragapult|0 fnt
|faint|p2a: Dragapult
|-damage|p1a: Ceruledge|66/100|[from] item: Life Orb
|
|win|Jon Mateo
|raw|Jon Mateo's rating: 1326 &rarr; <strong>1353</strong><br />(+27 for winning)
|raw|dengdengni's rating: 1452 &rarr; <strong>1425</strong><br />(-27 for losing)
|l|☆dengdengni
|player|p2|
|l|☆Jon Mateo
|player|p1|
