|j|☆skarmoryplays
|j|☆LX1987
|t:|1758292623
|gametype|singles
|player|p1|skarmoryplays|265|1455
|player|p2|LX1987|170|1428
|gen|9
|tier|[Gen 9] OU
|rated|
|rule|HP Percentage Mod: HP is shown in percentages
|rule|Endless Battle Clause: Forcing endless battles is banned
|rule|Species Clause: Limit one of each Pokémon
|rule|OHKO Clause: OHKO moves are banned
|rule|Evasion Items Clause: Evasion items are banned
|rule|Evasion Moves Clause: Evasion moves are banned
|rule|Evasion Abilities Clause: Evasion abilities are banned
|rule|Sleep Moves Clause: Sleep-inducing moves are banned
|clearpoke
|poke|p1|Pelipper, F|
|poke|p1|Hatterene, F|
|poke|p1|Iron Treads|
|poke|p1|Toxicroak, F|
|poke|p1|Barraskewda, F|
|poke|p1|Zapdos|
|poke|p2|Drifblim, F|
|poke|p2|Rillaboom, M|
|poke|p2|Tauros-Paldea-Blaze, M|
|poke|p2|Slowking, M|
|poke|p2|Muk-Alola, M|
|poke|p2|Salamence, F|
|teampreview
|inactive|Battle timer is ON: inactive players will automatically lose when time's up. (requested by LX1987)
|
|t:|1758292637
|teamsize|p1|6
|teamsize|p2|6
|start
|switch|p1a: Pelipper|Pelipper, F|100/100
|switch|p2a: Rillaboom|Rillaboom, M|100/100
|-fieldstart|move: Grassy Terrain|[from] ability: Grassy Surge|[of] p2a: Rillaboom
|-weather|RainDance|[from] ability: Drizzle|[of] p1a: Pelipper
|turn|1
|
|t:|1758292654
|switch|p1a: Toxicroak|Toxicroak, F|100/100
|move|p2a: Rillaboom|Wood Hammer|p1a: Toxicroak
|-resisted|p1a: Toxicroak
|-damage|p1a: Toxicroak|43/100
|-damage|p2a: Rillaboom|84/100|[from] item: Rocky Helmet|[of] p1a: Toxicroak
|-damage|p2a: Rillaboom|64/100|[from] Recoil
|
|-weather|RainDance|[upkeep]
|-heal|p1a: Toxicroak|56/100|[from] ability: Dry Skin
|-heal|p2a: Rillaboom|70/100|[from] Grassy Terrain
|-heal|p1a: Toxicroak|62/100|[from] Grassy Terrain
|upkeep
|turn|2
|
|t:|1758292669
|switch|p2a: Tauros|Tauros-Paldea-Blaze, M|100/100
|-ability|p2a: Tauros|Intimidate|boost
|-unboost|p1a: Toxicroak|atk|1
|move|p1a: Toxicroak|Drain Punch|p2a: Tauros
|-damage|p2a: Tauros|83/100
|-heal|p1a: Toxicroak|69/100|[from] drain|[of] p2a: Tauros
|
|-weather|RainDance|[upkeep]
|-heal|p1a: Toxicroak|81/100|[from] ability: Dry Skin
|-heal|p2a: Tauros|89/100|[from] Grassy Terrain
|-heal|p1a: Toxicroak|87/100|[from] Grassy Terrain
|upkeep
|turn|3
|
|t:|1758292682
|move|p2a: Tauros|Will-O-Wisp|p1a: Toxicroak
|-status|p1a: Toxicroak|brn
|move|p1a: Toxicroak|Toxic|p2a: Tauros
|-status|p2a: Tauros|tox
|
|-weather|RainDance|[upkeep]
|-heal|p1a: Toxicroak|99/100 brn|[from] ability: Dry Skin
|-heal|p2a: Tauros|95/100 tox|[from] Grassy Terrain
|-heal|p1a: Toxicroak|100/100 brn|[from] Grassy Terrain
|-damage|p2a: Tauros|89/100 tox|[from] psn
|-damage|p1a: Toxicroak|94/100 brn|[from] brn
|upkeep
|turn|4
|
|t:|1758292696
|switch|p1a: Iron Treads|Iron Treads|100/100
|move|p2a: Tauros|Raging Bull|p1a: Iron Treads
|-supereffective|p1a: Iron Treads
|-damage|p1a: Iron Treads|71/100
|
|-weather|RainDance|[upkeep]
|-heal|p2a: Tauros|95/100 tox|[from] Grassy Terrain
|-heal|p1a: Iron Treads|77/100|[from] Grassy Terrain
|-heal|p1a: Iron Treads|83/100|[from] item: Leftovers
|-damage|p2a: Tauros|83/100 tox|[from] psn
|upkeep
|turn|5
|
|t:|1758292710
|move|p2a: Tauros|Will-O-Wisp|p1a: Iron Treads
|-status|p1a: Iron Treads|brn
|move|p1a: Iron Treads|Volt Switch|p2a: Tauros
|-damage|p2a: Tauros|63/100 tox
|
|t:|1758292713
|-end|p1a: Iron Treads|Quark Drive|[silent]
|switch|p1a: Zapdos|Zapdos|100/100|[from] Volt Switch
|
|-weather|RainDance|[upkeep]
|-heal|p2a: Tauros|70/100 tox|[from] Grassy Terrain
|-damage|p2a: Tauros|51/100 tox|[from] psn
|-fieldend|move: Grassy Terrain
|upkeep
|turn|6
|
|t:|1758292726
|switch|p2a: Muk|Muk-Alola, M|100/100
|-terastallize|p1a: Zapdos|Flying
|move|p1a: Zapdos|Hurricane|p2a: Muk
|-damage|p2a: Muk|10/100
|
|-weather|RainDance|[upkeep]
|-heal|p2a: Muk|16/100|[from] item: Black Sludge
|upkeep
|turn|7
|
|t:|1758292738
|move|p2a: Muk|Shadow Sneak|p1a: Zapdos
|-damage|p1a: Zapdos|85/100
|-status|p2a: Muk|par|[from] ability: Static|[of] p1a: Zapdos
|move|p1a: Zapdos|Hurricane|p2a: Muk
|-damage|p2a: Muk|0 fnt
|faint|p2a: Muk
|
|-weather|RainDance|[upkeep]
|upkeep
|
|t:|1758292749
|switch|p2a: Slowking|Slowking, M|100/100
|turn|8
|
|t:|1758292752
|move|p1a: Zapdos|Hurricane|p2a: Slowking
|-damage|p2a: Slowking|42/100
|move|p2a: Slowking|Scald|p1a: Zapdos
|-damage|p1a: Zapdos|32/100
|
|-weather|none
|upkeep
|turn|9
|
|t:|1758292762
|move|p1a: Zapdos|Hurricane|p2a: Slowking|[miss]
|-miss|p1a: Zapdos|p2a: Slowking
|move|p2a: Slowking|Scald|p1a: Zapdos
|-damage|p1a: Zapdos|0 fnt
|faint|p1a: Zapdos
|
|upkeep
|
|t:|1758292783
|switch|p1a: Toxicroak|Toxicroak, F|94/100 brn
|turn|10
|
|t:|1758292789
|move|p1a: Toxicroak|Toxic|p2a: Slowking
|-status|p2a: Slowking|tox
|move|p2a: Slowking|Flamethrower|p1a: Toxicroak
|-damage|p1a: Toxicroak|53/100 brn
|
|-damage|p2a: Slowking|36/100 tox|[from] psn
|-damage|p1a: Toxicroak|47/100 brn|[from] brn
|upkeep
|turn|11
|
|t:|1758292804
|switch|p1a: Pelipper|Pelipper, F|100/100
|-weather|RainDance|[from] ability: Drizzle|[of] p1a: Pelipper
|switch|p2a: Rillaboom|Rillaboom, M|70/100
|-fieldstart|move: Grassy Terrain|[from] ability: Grassy Surge|[of] p2a: Rillaboom
|
|-weather|RainDance|[upkeep]
|-heal|p2a: Rillaboom|76/100|[from] Grassy Terrain
|upkeep
|turn|12
|
|t:|1758292815
|move|p2a: Rillaboom|Wood Hammer|p1a: Pelipper
|-damage|p1a: Pelipper|0 fnt
|faint|p1a: Pelipper
|-damage|p2a: Rillaboom|44/100|[from] Recoil
|
|-weather|RainDance|[upkeep]
|-heal|p2a: Rillaboom|51/100|[from] Grassy Terrain
|upkeep
|
|t:|1758292823
|switch|p1a: Barraskewda|Barraskewda, F|100/100
|turn|13
|
|t:|1758292829
|switch|p2a: Tauros|Tauros-Paldea-Blaze, M|51/100 tox
|-ability|p2a: Tauros|Intimidate|boost
|-unboost|p1a: Barraskewda|atk|1
|move|p1a: Barraskewda|Liquidation|p2a: Tauros
|-supereffective|p2a: Tauros
|-damage|p2a: Tauros|0 fnt
|faint|p2a: Tauros
|
|-weather|RainDance|[upkeep]
|upkeep
|
|t:|1758292841
|switch|p2a: Drifblim|Drifblim, F|100/100
|-enditem|p2a: Drifblim|Grassy Seed
|-boost|p2a: Drifblim|def|1|[from] item: Grassy Seed
|turn|14
|
|t:|1758292851
|move|p1a: Barraskewda|Liquidation|p2a: Drifblim
|-damage|p2a: Drifblim|61/100
|-unboost|p2a: Drifblim|def|1
|move|p2a: Drifblim|Strength Sap|p1a: Barraskewda
|-unboost|p1a: Barraskewda|atk|1
|-heal|p2a: Drifblim|100/100
|
|-weather|RainDance|[upkeep]
|upkeep
|turn|15
|
|t:|1758292864
|switch|p1a: Toxicroak|Toxicroak, F|47/100 brn
|move|p2a: Drifblim|Calm Mind|p2a: Drifblim
|-boost|p2a: Drifblim|spa|1
|-boost|p2a: Drifblim|spd|1
|
|-weather|RainDance|[upkeep]
|-heal|p1a: Toxicroak|59/100 brn|[from] ability: Dry Skin
|-heal|p1a: Toxicroak|66/100 brn|[from] Grassy Terrain
|-damage|p1a: Toxicroak|59/100 brn|[from] brn
|-fieldend|move: Grassy Terrain
|upkeep
|turn|16
|
|t:|1758292876
|move|p2a: Drifblim|Shadow Ball|p1a: Toxicroak
|-damage|p1a: Toxicroak|12/100 brn
|-unboost|p1a: Toxicroak|spd|1
|move|p1a: Toxicroak|Toxic|p2a: Drifblim
|-status|p2a: Drifblim|tox
|
|-weather|RainDance|[upkeep]
|-heal|p1a: Toxicroak|24/100 brn|[from] ability: Dry Skin
|-damage|p2a: Drifblim|94/100 tox|[from] psn
|-damage|p1a: Toxicroak|18/100 brn|[from] brn
|upkeep
|turn|17
|
|t:|1758292889
|move|p2a: Drifblim|Calm Mind|p2a: Drifblim
|-boost|p2a: Drifblim|spa|1
|-boost|p2a: Drifblim|spd|1
|move|p1a: Toxicroak|Knock Off|p2a: Drifblim
|-supereffective|p2a: Drifblim
|-damage|p2a: Drifblim|81/100 tox
|
|-weather|RainDance|[upkeep]
|-heal|p1a: Toxicroak|31/100 brn|[from] ability: Dry Skin
|-damage|p2a: Drifblim|69/100 tox|[from] psn
|-damage|p1a: Toxicroak|24/100 brn|[from] brn
|upkeep
|turn|18
|
|t:|1758292900
|move|p2a: Drifblim|Shadow Ball|p1a: Toxicroak
|-damage|p1a: Toxicroak|0 fnt
|faint|p1a: Toxicroak
|
|-weather|none
|-damage|p2a: Drifblim|51/100 tox|[from] psn
|upkeep
|
|t:|1758292906
|switch|p1a: Barraskewda|Barraskewda, F|100/100
|turn|19
|
|t:|1758292911
|move|p2a: Drifblim|Shadow Ball|p1a: Barraskewda
|-damage|p1a: Barraskewda|0 fnt
|faint|p1a: Barraskewda
|
|-damage|p2a: Drifblim|26/100 tox|[from] psn
|upkeep
|
|t:|1758292915
|switch|p1a: Iron Treads|Iron Treads|83/100 brn
|turn|20
|
|t:|1758292921
|move|p2a: Drifblim|Shadow Ball|p1a: Iron Treads
|-damage|p1a: Iron Treads|37/100 brn
|move|p1a: Iron Treads|Volt Switch|p2a: Drifblim
|-supereffective|p2a: Drifblim
|-damage|p2a: Drifblim|15/100 tox
|
|t:|1758292924
|-end|p1a: Iron Treads|Quark Drive|[silent]
|switch|p1a: Hatterene|Hatterene, F|100/100|[from] Volt Switch
|
|-damage|p2a: Drifblim|0 fnt|[from] psn
|faint|p2a: Drifblim
|upkeep
|
|t:|1758292934
|switch|p2a: Rillaboom|Rillaboom, M|51/100
|-fieldstart|move: Grassy Terrain|[from] ability: Grassy Surge|[of] p2a: Rillaboom
|turn|21
|
|t:|1758292940
|switch|p1a: Iron Treads|Iron Treads|37/100 brn
|-terastallize|p2a: Rillaboom|Grass
|move|p2a: Rillaboom|Wood Hammer|p1a: Iron Treads
|-damage|p1a: Iron Treads|0 fnt
|faint|p1a: Iron Treads
|-end|p1a: Iron Treads|Quark Drive|[silent]
|-damage|p2a: Rillaboom|37/100|[from] Recoil
|
|-heal|p2a: Rillaboom|43/100|[from] Grassy Terrain
|upkeep
|
|t:|1758292942
|switch|p1a: Hatterene|Hatterene, F|100/100
|turn|22
|
|t:|1758292955
|move|p2a: Rillaboom|Wood Hammer|p1a: Hatterene
|-crit|p1a: Hatterene
|-damage|p1a: Hatterene|0 fnt
|faint|p1a: Hatterene
|-damage|p2a: Rillaboom|12/100|[from] Recoil
|
|win|LX1987
|raw|skarmoryplays's rating: 1455 &rarr; <strong>1433</strong><br />(-22 for losing)
|raw|LX1987's rating: 1428 &rarr; <strong>1450</strong><br />(+22 for winning)
|l|☆skarmoryplays
|player|p1|
|l|☆LX1987
|player|p2|
