|j|☆Sorrow Farmer
|j|☆newest player1
|t:|1758379260
|gametype|singles
|player|p1|Sorrow Farmer|miku-flying|1198
|player|p2|newest player1|li|1168
|gen|9
|tier|[Gen 9] OU
|rated|
|rule|HP Percentage Mod: HP is shown in percentages
|rule|Endless Battle Clause: Forcing endless battles is banned
|rule|Species Clause: Limit one of each Pokémon
|rule|OHKO Clause: OHKO moves are banned
|rule|Evasion Items Clause: Evasion items are banned
|rule|Evasion Moves Clause: Evasion moves are banned
|rule|Evasion Abilities Clause: Evasion abilities are banned
|rule|Sleep Moves Clause: Sleep-inducing moves are banned
|clearpoke
|poke|p1|Tornadus, M|
|poke|p1|Toxtricity, M|
|poke|p1|Iron Valiant|
|poke|p1|Arcanine-Hisui, M|
|poke|p1|Brambleghast, M|
|poke|p1|Hydreigon, M|
|poke|p2|Iron Moth|
|poke|p2|Ting-Lu|
|poke|p2|Ogerpon-Wellspring, F|
|poke|p2|Gholdengo|
|poke|p2|Dragonite, M|
|poke|p2|Glimmora, F|
|teampreview
|inactive|Battle timer is ON: inactive players will automatically lose when time's up. (requested by Sorrow Farmer)
|
|t:|1758379291
|teamsize|p1|6
|teamsize|p2|6
|start
|switch|p1a: Tornadus|Tornadus, M, shiny|100/100
|switch|p2a: Ogerpon|Ogerpon-Wellspring, F|100/100
|turn|1
|
|t:|1758379299
|switch|p2a: Ting-Lu|Ting-Lu|100/100
|-ability|p2a: Ting-Lu|Vessel of Ruin
|move|p1a: Tornadus|Hurricane|p2a: Ting-Lu
|-damage|p2a: Ting-Lu|76/100
|
|-heal|p2a: Ting-Lu|83/100|[from] item: Leftovers
|upkeep
|turn|2
|
|t:|1758379318
|move|p1a: Tornadus|Taunt|p2a: Ting-Lu
|-hint|Since gen 7, Dark is immune to Prankster moves.
|-immune|p2a: Ting-Lu
|move|p2a: Ting-Lu|Stealth Rock|p1a: Tornadus
|-sidestart|p1: Sorrow Farmer|move: Stealth Rock
|
|-heal|p2a: Ting-Lu|89/100|[from] item: Leftovers
|upkeep
|turn|3
|
|t:|1758379329
|move|p1a: Tornadus|Tailwind|p1a: Tornadus
|-sidestart|p1: Sorrow Farmer|move: Tailwind
|move|p2a: Ting-Lu|Ruination|p1a: Tornadus
|-damage|p1a: Tornadus|51/100
|-enditem|p1a: Tornadus|Eject Button
|
|t:|1758379335
|switch|p1a: Brambleghast|Brambleghast, M, shiny|100/100
|-damage|p1a: Brambleghast|88/100|[from] Stealth Rock
|-ability|p1a: Brambleghast|Wind Rider|boost
|-boost|p1a: Brambleghast|atk|1
|
|-heal|p2a: Ting-Lu|95/100|[from] item: Leftovers
|upkeep
|turn|4
|
|t:|1758379361
|move|p1a: Brambleghast|Power Whip|p2a: Ting-Lu
|-supereffective|p2a: Ting-Lu
|-crit|p2a: Ting-Lu
|-damage|p2a: Ting-Lu|0 fnt
|faint|p2a: Ting-Lu
|-damage|p1a: Brambleghast|78/100|[from] item: Life Orb
|
|upkeep
|inactive|newest player1 has 120 seconds left.
|
|t:|1758379377
|switch|p2a: Glimmora|Glimmora, F|100/100
|turn|5
|inactive|newest player1 has 120 seconds left.
|
|t:|1758379386
|move|p1a: Brambleghast|Poltergeist|p2a: Glimmora
|-activate|p2a: Glimmora|move: Poltergeist|Red Card
|-damage|p2a: Glimmora|18/100
|-activate|p2a: Glimmora|ability: Toxic Debris
|-sidestart|p1: Sorrow Farmer|move: Toxic Spikes
|-enditem|p2a: Glimmora|Red Card|[of] p1a: Brambleghast
|drag|p1a: Arcanine|Arcanine-Hisui, M, shiny|100/100
|-damage|p1a: Arcanine|76/100|[from] Stealth Rock
|-status|p1a: Arcanine|psn
|move|p2a: Glimmora|Spikes|p1a: Arcanine
|-sidestart|p1: Sorrow Farmer|Spikes
|
|-damage|p1a: Arcanine|63/100 psn|[from] psn
|upkeep
|turn|6
|
|t:|1758379400
|move|p1a: Arcanine|Head Smash|p2a: Glimmora
|-damage|p2a: Glimmora|0 fnt
|-activate|p2a: Glimmora|ability: Toxic Debris
|-sidestart|p1: Sorrow Farmer|move: Toxic Spikes
|faint|p2a: Glimmora
|
|-damage|p1a: Arcanine|51/100 psn|[from] psn
|-sideend|p1: Sorrow Farmer|move: Tailwind
|upkeep
|inactive|newest player1 has 120 seconds left.
|
|t:|1758379412
|switch|p2a: Ogerpon|Ogerpon-Wellspring, F|100/100
|turn|7
|
|t:|1758379418
|switch|p1a: Tornadus|Tornadus, M, shiny|51/100
|-damage|p1a: Tornadus|26/100|[from] Stealth Rock
|move|p2a: Ogerpon|Ivy Cudgel|p1a: Tornadus|[anim] Ivy Cudgel Water
|-damage|p1a: Tornadus|0 fnt
|faint|p1a: Tornadus
|
|upkeep
|
|t:|1758379420
|switch|p1a: Hydreigon|Hydreigon, M, shiny|100/100
|-damage|p1a: Hydreigon|88/100|[from] Stealth Rock
|turn|8
|
|t:|1758379428
|move|p2a: Ogerpon|U-turn|p1a: Hydreigon
|-supereffective|p1a: Hydreigon
|-damage|p1a: Hydreigon|19/100
|inactive|newest player1 has 120 seconds left.
|
|t:|1758379453
|switch|p2a: Dragonite|Dragonite, M|100/100|[from] U-turn
|move|p1a: Hydreigon|Tailwind|p1a: Hydreigon
|-sidestart|p1: Sorrow Farmer|move: Tailwind
|
|upkeep
|turn|9
|
|t:|1758379459
|move|p1a: Hydreigon|Draco Meteor|p2a: Dragonite
|-supereffective|p2a: Dragonite
|-damage|p2a: Dragonite|25/100
|-unboost|p1a: Hydreigon|spa|2
|-enditem|p1a: Hydreigon|Eject Pack
|
|t:|1758379466
|switch|p1a: Brambleghast|Brambleghast, M, shiny|78/100
|-damage|p1a: Brambleghast|66/100|[from] Stealth Rock
|-status|p1a: Brambleghast|tox
|-damage|p1a: Brambleghast|53/100 tox|[from] Spikes
|-ability|p1a: Brambleghast|Wind Rider|boost
|-boost|p1a: Brambleghast|atk|1
|move|p2a: Dragonite|Ice Punch|p1a: Brambleghast
|-supereffective|p1a: Brambleghast
|-damage|p1a: Brambleghast|0 fnt
|faint|p1a: Brambleghast
|
|upkeep
|
|t:|1758379470
|switch|p1a: Arcanine|Arcanine-Hisui, M, shiny|51/100 psn
|-damage|p1a: Arcanine|26/100 psn|[from] Stealth Rock
|-damage|p1a: Arcanine|14/100 psn|[from] Spikes
|turn|10
|
|t:|1758379488
|switch|p2a: Gholdengo|Gholdengo|100/100
|move|p1a: Arcanine|Extreme Speed|p2a: Gholdengo
|-immune|p2a: Gholdengo
|
|-damage|p1a: Arcanine|1/100 psn|[from] psn
|upkeep
|turn|11
|
|t:|1758379496
|move|p1a: Arcanine|Extreme Speed|p2a: Gholdengo
|-immune|p2a: Gholdengo
|move|p2a: Gholdengo|Shadow Ball|p1a: Arcanine
|-damage|p1a: Arcanine|0 fnt
|faint|p1a: Arcanine
|
|-sideend|p1: Sorrow Farmer|move: Tailwind
|upkeep
|-message|Sorrow Farmer forfeited.
|
|win|newest player1
|raw|Sorrow Farmer's rating: 1198 &rarr; <strong>1171</strong><br />(-27 for losing)
|raw|newest player1's rating: 1168 &rarr; <strong>1195</strong><br />(+27 for winning)
|l|☆newest player1
|player|p2|
