|j|☆judicaelmangavideo
|j|☆lerendezvous
|t:|1758367957
|gametype|singles
|player|p1|judicaelmangavideo|steven|1663
|player|p2|lerendezvous|101|1732
|gen|9
|tier|[Gen 9] OU
|rated|
|rule|HP Percentage Mod: HP is shown in percentages
|rule|Endless Battle Clause: Forcing endless battles is banned
|rule|Species Clause: Limit one of each Pokémon
|rule|OHKO Clause: OHKO moves are banned
|rule|Evasion Items Clause: Evasion items are banned
|rule|Evasion Moves Clause: Evasion moves are banned
|rule|Evasion Abilities Clause: Evasion abilities are banned
|rule|Sleep Moves Clause: Sleep-inducing moves are banned
|clearpoke
|poke|p1|Dragapult, M|
|poke|p1|Corviknight, M|
|poke|p1|Scizor, F|
|poke|p1|Great Tusk|
|poke|p1|Blaziken, M|
|poke|p1|Blissey, F|
|poke|p2|Ogerpon-Wellspring, F|
|poke|p2|Slowking-Galar, M|
|poke|p2|Great Tusk|
|poke|p2|Moltres|
|poke|p2|Dragapult, M|
|poke|p2|Kingambit, M|
|teampreview
|inactive|Battle timer is ON: inactive players will automatically lose when time's up. (requested by judicaelmangavideo)
|
|t:|1758367964
|teamsize|p1|6
|teamsize|p2|6
|start
|switch|p1a: Dragapute|Dragapult, M|100/100
|switch|p2a: Slowking|Slowking-Galar, M|100/100
|turn|1
|inactive|lerendezvous also wants the timer to be on.
|
|t:|1758367969
|move|p1a: Dragapute|U-turn|p2a: Slowking
|-crit|p2a: Slowking
|-damage|p2a: Slowking|78/100
|
|t:|1758367971
|switch|p1a: Blissey|Blissey, F, shiny|100/100|[from] U-turn
|move|p2a: Slowking|Ice Beam|p1a: Blissey
|-damage|p1a: Blissey|89/100
|-status|p1a: Blissey|frz
|
|-heal|p1a: Blissey|95/100 frz|[from] item: Leftovers
|upkeep
|turn|2
|
|t:|1758367980
|cant|p1a: Blissey|frz
|move|p2a: Slowking|Psyshock|p1a: Blissey
|-damage|p1a: Blissey|63/100 frz
|
|-heal|p1a: Blissey|69/100 frz|[from] item: Leftovers
|upkeep
|turn|3
|
|t:|1758367986
|cant|p1a: Blissey|frz
|move|p2a: Slowking|Psyshock|p1a: Blissey
|-damage|p1a: Blissey|35/100 frz
|
|-heal|p1a: Blissey|41/100 frz|[from] item: Leftovers
|upkeep
|turn|4
|
|t:|1758367992
|-curestatus|p1a: Blissey|frz|[msg]
|move|p1a: Blissey|Soft-Boiled|p1a: Blissey
|-heal|p1a: Blissey|91/100
|move|p2a: Slowking|Psyshock|p1a: Blissey
|-damage|p1a: Blissey|61/100
|
|-heal|p1a: Blissey|67/100|[from] item: Leftovers
|upkeep
|turn|5
|
|t:|1758367997
|switch|p2a: Ogerpon|Ogerpon-Wellspring, F|100/100
|move|p1a: Blissey|Stealth Rock|p2a: Ogerpon
|-sidestart|p2: lerendezvous|move: Stealth Rock
|
|-heal|p1a: Blissey|73/100|[from] item: Leftovers
|upkeep
|turn|6
|
|t:|1758368002
|move|p2a: Ogerpon|Ivy Cudgel|p1a: Blissey|[anim] Ivy Cudgel Water
|-damage|p1a: Blissey|25/100
|move|p1a: Blissey|Thunder Wave|p2a: Ogerpon
|-status|p2a: Ogerpon|par
|
|-heal|p1a: Blissey|32/100|[from] item: Leftovers
|upkeep
|turn|7
|
|t:|1758368007
|switch|p1a: Corviknight|Corviknight, M, shiny|100/100
|-ability|p1a: Corviknight|Pressure
|move|p2a: Ogerpon|Ivy Cudgel|p1a: Corviknight|[anim] Ivy Cudgel Water
|-crit|p1a: Corviknight
|-damage|p1a: Corviknight|47/100
|
|upkeep
|turn|8
|
|t:|1758368016
|switch|p2a: Kingambit|Kingambit, M|100/100
|-damage|p2a: Kingambit|94/100|[from] Stealth Rock
|move|p1a: Corviknight|Roost|p1a: Corviknight
|-heal|p1a: Corviknight|97/100
|-singleturn|p1a: Corviknight|move: Roost
|
|-heal|p2a: Kingambit|100/100|[from] item: Leftovers
|upkeep
|turn|9
|
|t:|1758368020
|move|p2a: Kingambit|Swords Dance|p2a: Kingambit
|-boost|p2a: Kingambit|atk|2
|move|p1a: Corviknight|Body Press|p2a: Kingambit
|-supereffective|p2a: Kingambit
|-damage|p2a: Kingambit|11/100
|
|-heal|p2a: Kingambit|17/100|[from] item: Leftovers
|upkeep
|turn|10
|
|t:|1758368027
|move|p2a: Kingambit|Sucker Punch|p1a: Corviknight
|-damage|p1a: Corviknight|50/100
|-damage|p2a: Kingambit|1/100|[from] item: Rocky Helmet|[of] p1a: Corviknight
|move|p1a: Corviknight|U-turn|p2a: Kingambit
|-damage|p2a: Kingambit|0 fnt
|faint|p2a: Kingambit
|-end|p2a: Kingambit|fallenundefined|[silent]
|
|t:|1758368031
|switch|p1a: Dragapute|Dragapult, M|100/100|[from] U-turn
|
|upkeep
|
|t:|1758368036
|switch|p2a: Slowking|Slowking-Galar, M|100/100
|-damage|p2a: Slowking|88/100|[from] Stealth Rock
|turn|11
|
|t:|1758368040
|move|p1a: Dragapute|U-turn|p2a: Slowking
|-damage|p2a: Slowking|73/100
|
|t:|1758368042
|switch|p1a: Blissey|Blissey, F, shiny|32/100|[from] U-turn
|move|p2a: Slowking|Psyshock|p1a: Blissey
|-damage|p1a: Blissey|0 fnt
|faint|p1a: Blissey
|
|upkeep
|
|t:|1758368047
|switch|p1a: Blaziken|Blaziken, M, shiny|100/100
|turn|12
|
|t:|1758368052
|-terastallize|p1a: Blaziken|Fire
|move|p1a: Blaziken|Flare Blitz|p2a: Slowking
|-damage|p2a: Slowking|0 fnt
|faint|p2a: Slowking
|-damage|p1a: Blaziken|69/100|[from] Recoil
|
|-ability|p1a: Blaziken|Speed Boost|boost
|-boost|p1a: Blaziken|spe|1
|upkeep
|
|t:|1758368059
|switch|p2a: Dragapult|Dragapult, M|100/100
|turn|13
|
|t:|1758368065
|move|p1a: Blaziken|Flare Blitz|p2a: Dragapult
|-resisted|p2a: Dragapult
|-damage|p2a: Dragapult|19/100
|-damage|p1a: Blaziken|41/100|[from] Recoil
|move|p2a: Dragapult|Dragon Darts|p1a: Blaziken
|-damage|p1a: Blaziken|10/100
|-anim|p2a: Dragapult|Dragon Darts|p1a: Blaziken
|-damage|p1a: Blaziken|0 fnt
|faint|p1a: Blaziken
|
|upkeep
|
|t:|1758368067
|switch|p1a: Scizor|Scizor, F|100/100
|turn|14
|
|t:|1758368072
|switch|p2a: Moltres|Moltres|100/100
|move|p1a: Scizor|Knock Off|p2a: Moltres
|-damage|p2a: Moltres|75/100
|-status|p1a: Scizor|brn|[from] ability: Flame Body|[of] p2a: Moltres
|-enditem|p2a: Moltres|Heavy-Duty Boots|[from] move: Knock Off|[of] p1a: Scizor
|
|-damage|p1a: Scizor|94/100 brn|[from] brn
|upkeep
|turn|15
|
|t:|1758368081
|switch|p1a: Dragapute|Dragapult, M|100/100
|move|p2a: Moltres|Roar|p1a: Dragapute
|drag|p1a: Scizor|Scizor, F|94/100 brn
|
|-heal|p1a: Scizor|100/100 brn|[from] item: Leftovers
|-damage|p1a: Scizor|94/100 brn|[from] brn
|upkeep
|turn|16
|
|t:|1758368090
|move|p1a: Scizor|U-turn|p2a: Moltres
|-resisted|p2a: Moltres
|-damage|p2a: Moltres|72/100
|
|t:|1758368091
|switch|p1a: Dragapute|Dragapult, M|100/100|[from] U-turn
|move|p2a: Moltres|Roar|p1a: Dragapute
|drag|p1a: Great Tusk|Great Tusk|100/100
|
|upkeep
|turn|17
|
|t:|1758368096
|-end|p1a: Great Tusk|Protosynthesis|[silent]
|switch|p1a: Dragapute|Dragapult, M|100/100
|move|p2a: Moltres|Roar|p1a: Dragapute
|drag|p1a: Corviknight|Corviknight, M, shiny|50/100
|-ability|p1a: Corviknight|Pressure
|
|upkeep
|turn|18
|
|t:|1758368100
|move|p1a: Corviknight|U-turn|p2a: Moltres
|-resisted|p2a: Moltres
|-damage|p2a: Moltres|70/100
|-status|p1a: Corviknight|brn|[from] ability: Flame Body|[of] p2a: Moltres
|
|t:|1758368104
|switch|p1a: Dragapute|Dragapult, M|100/100|[from] U-turn
|move|p2a: Moltres|Roar|p1a: Dragapute
|drag|p1a: Scizor|Scizor, F|94/100 brn
|
|-heal|p1a: Scizor|100/100 brn|[from] item: Leftovers
|-damage|p1a: Scizor|94/100 brn|[from] brn
|upkeep
|turn|19
|
|t:|1758368109
|move|p1a: Scizor|U-turn|p2a: Moltres
|-resisted|p2a: Moltres
|-crit|p2a: Moltres
|-damage|p2a: Moltres|65/100
|
|t:|1758368111
|switch|p1a: Dragapute|Dragapult, M|100/100|[from] U-turn
|move|p2a: Moltres|Roar|p1a: Dragapute
|drag|p1a: Corviknight|Corviknight, M, shiny|50/100 brn
|-ability|p1a: Corviknight|Pressure
|
|-damage|p1a: Corviknight|43/100 brn|[from] brn
|upkeep
|turn|20
|
|t:|1758368116
|move|p2a: Moltres|Roost|p2a: Moltres
|-heal|p2a: Moltres|100/100
|-singleturn|p2a: Moltres|move: Roost
|move|p1a: Corviknight|U-turn|p2a: Moltres
|-resisted|p2a: Moltres
|-damage|p2a: Moltres|98/100
|
|t:|1758368119
|switch|p1a: Dragapute|Dragapult, M|100/100|[from] U-turn
|
|upkeep
|turn|21
|
|t:|1758368123
|move|p1a: Dragapute|Draco Meteor|p2a: Moltres
|-damage|p2a: Moltres|9/100
|-unboost|p1a: Dragapute|spa|2
|move|p2a: Moltres|Roar|p1a: Dragapute
|drag|p1a: Great Tusk|Great Tusk|100/100
|
|upkeep
|turn|22
|
|t:|1758368132
|move|p1a: Great Tusk|Rapid Spin|p2a: Moltres
|-damage|p2a: Moltres|0 fnt
|-boost|p1a: Great Tusk|spe|1
|faint|p2a: Moltres
|
|upkeep
|
|t:|1758368138
|switch|p2a: Dragapult|Dragapult, M|19/100
|turn|23
|
|t:|1758368142
|move|p2a: Dragapult|Will-O-Wisp|p1a: Great Tusk
|-status|p1a: Great Tusk|brn
|move|p1a: Great Tusk|Headlong Rush|p2a: Dragapult
|-damage|p2a: Dragapult|0 fnt
|-unboost|p1a: Great Tusk|def|1
|-unboost|p1a: Great Tusk|spd|1
|faint|p2a: Dragapult
|
|-damage|p1a: Great Tusk|94/100 brn|[from] brn
|upkeep
|
|t:|1758368148
|switch|p2a: Great Tusk|Great Tusk|100/100
|-damage|p2a: Great Tusk|98/100|[from] Stealth Rock
|turn|24
|
|t:|1758368153
|-end|p1a: Great Tusk|Protosynthesis|[silent]
|switch|p1a: Dragapute|Dragapult, M|100/100
|move|p2a: Great Tusk|Ice Spinner|p1a: Dragapute
|-supereffective|p1a: Dragapute
|-damage|p1a: Dragapute|25/100
|
|upkeep
|turn|25
|
|t:|1758368158
|-terastallize|p2a: Great Tusk|Steel
|move|p1a: Dragapute|Draco Meteor|p2a: Great Tusk
|-resisted|p2a: Great Tusk
|-damage|p2a: Great Tusk|35/100
|-unboost|p1a: Dragapute|spa|2
|move|p2a: Great Tusk|Stealth Rock|p1a: Dragapute
|-sidestart|p1: judicaelmangavideo|move: Stealth Rock
|
|upkeep
|turn|26
|
|t:|1758368164
|move|p1a: Dragapute|Draco Meteor|p2a: Great Tusk
|-resisted|p2a: Great Tusk
|-damage|p2a: Great Tusk|3/100
|-unboost|p1a: Dragapute|spa|2
|move|p2a: Great Tusk|Headlong Rush|p1a: Dragapute
|-damage|p1a: Dragapute|0 fnt
|-unboost|p2a: Great Tusk|def|1
|-unboost|p2a: Great Tusk|spd|1
|faint|p1a: Dragapute
|
|upkeep
|
|t:|1758368167
|switch|p1a: Scizor|Scizor, F|94/100 brn
|-damage|p1a: Scizor|82/100 brn|[from] Stealth Rock
|turn|27
|
|t:|1758368172
|move|p1a: Scizor|Bullet Punch|p2a: Great Tusk
|-resisted|p2a: Great Tusk
|-damage|p2a: Great Tusk|0 fnt
|-damage|p1a: Scizor|65/100 brn|[from] item: Rocky Helmet|[of] p2a: Great Tusk
|faint|p2a: Great Tusk
|-end|p2a: Great Tusk|Protosynthesis|[silent]
|
|-heal|p1a: Scizor|71/100 brn|[from] item: Leftovers
|-damage|p1a: Scizor|65/100 brn|[from] brn
|upkeep
|
|t:|1758368179
|switch|p2a: Ogerpon|Ogerpon-Wellspring, F|100/100 par
|-damage|p2a: Ogerpon|88/100 par|[from] Stealth Rock
|turn|28
|
|t:|1758368183
|move|p2a: Ogerpon|Knock Off|p1a: Scizor
|-crit|p1a: Scizor
|-damage|p1a: Scizor|7/100 brn
|-enditem|p1a: Scizor|Leftovers|[from] move: Knock Off|[of] p2a: Ogerpon
|move|p1a: Scizor|U-turn|p2a: Ogerpon
|-supereffective|p2a: Ogerpon
|-crit|p2a: Ogerpon
|-damage|p2a: Ogerpon|10/100 par
|
|t:|1758368186
|switch|p1a: Great Tusk|Great Tusk|94/100 brn|[from] U-turn
|-damage|p1a: Great Tusk|91/100 brn|[from] Stealth Rock
|
|-heal|p1a: Great Tusk|98/100 brn|[from] item: Leftovers
|-damage|p1a: Great Tusk|91/100 brn|[from] brn
|upkeep
|turn|29
|
|t:|1758368189
|move|p1a: Great Tusk|Rapid Spin|p2a: Ogerpon
|-damage|p2a: Ogerpon|0 fnt
|-boost|p1a: Great Tusk|spe|1
|-sideend|p1: judicaelmangavideo|Stealth Rock|[from] move: Rapid Spin|[of] p1a: Great Tusk
|faint|p2a: Ogerpon
|
|win|judicaelmangavideo
|raw|judicaelmangavideo's rating: 1663 &rarr; <strong>1687</strong><br />(+24 for winning)
|raw|lerendezvous's rating: 1732 &rarr; <strong>1708</strong><br />(-24 for losing)
|l|☆lerendezvous
|player|p2|
|l|☆judicaelmangavideo
|player|p1|
