|j|☆PossiblyJay
|j|☆OG)FlameLibra
|t:|1758307057
|gametype|singles
|player|p1|PossiblyJay|1|1103
|player|p2|OG)FlameLibra|170|1149
|gen|9
|tier|[Gen 9] OU
|rated|
|rule|HP Percentage Mod: HP is shown in percentages
|rule|Endless Battle Clause: Forcing endless battles is banned
|rule|Species Clause: Limit one of each Pokémon
|rule|OHKO Clause: OHKO moves are banned
|rule|Evasion Items Clause: Evasion items are banned
|rule|Evasion Moves Clause: Evasion moves are banned
|rule|Evasion Abilities Clause: Evasion abilities are banned
|rule|Sleep Moves Clause: Sleep-inducing moves are banned
|clearpoke
|poke|p1|Chesnaught, M|
|poke|p1|Ribombee, F|
|poke|p1|Braviary, M|
|poke|p1|Flygon, F|
|poke|p1|Golduck, M|
|poke|p1|Magnezone|
|poke|p2|Dragapult, F|
|poke|p2|Ogerpon-Wellspring, F|
|poke|p2|Moltres|
|poke|p2|Zamazenta-*|
|poke|p2|Iron Treads|
|poke|p2|Garganacl, M|
|teampreview
|inactive|Battle timer is ON: inactive players will automatically lose when time's up. (requested by PossiblyJay)
|
|t:|1758307084
|teamsize|p1|6
|teamsize|p2|6
|start
|switch|p1a: Ribombee|Ribombee, F, shiny|100/100
|switch|p2a: Moltres|Moltres|100/100
|turn|1
|inactive|PossiblyJay has 120 seconds left.
|
|t:|1758307135
|move|p1a: Ribombee|Sticky Web|p2a: Moltres
|-sidestart|p2: OG)FlameLibra|move: Sticky Web
|move|p2a: Moltres|Flamethrower|p1a: Ribombee
|-supereffective|p1a: Ribombee
|-enditem|p1a: Ribombee|Focus Sash
|-damage|p1a: Ribombee|1/100
|
|upkeep
|turn|2
|
|t:|1758307145
|switch|p1a: Golduck|Golduck, M|100/100
|-ability|p1a: Golduck|Cloud Nine
|switch|p2a: Iron Treads|Iron Treads|100/100
|-activate|p2a: Iron Treads|move: Sticky Web
|-unboost|p2a: Iron Treads|spe|1
|
|upkeep
|turn|3
|
|t:|1758307158
|move|p1a: Golduck|Calm Mind|p1a: Golduck
|-boost|p1a: Golduck|spa|1
|-boost|p1a: Golduck|spd|1
|move|p2a: Iron Treads|Rapid Spin|p1a: Golduck
|-damage|p1a: Golduck|82/100
|-boost|p2a: Iron Treads|spe|1
|-sideend|p2: OG)FlameLibra|Sticky Web|[from] move: Rapid Spin|[of] p2a: Iron Treads
|
|upkeep
|turn|4
|
|t:|1758307165
|move|p1a: Golduck|Hydro Pump|p2a: Iron Treads
|-supereffective|p2a: Iron Treads
|-damage|p2a: Iron Treads|0 fnt
|faint|p2a: Iron Treads
|-end|p2a: Iron Treads|Quark Drive|[silent]
|
|upkeep
|
|t:|1758307172
|switch|p2a: Ogerpon|Ogerpon-Wellspring, F|100/100
|turn|5
|inactive|PossiblyJay has 120 seconds left.
|
|t:|1758307179
|switch|p1a: Chesnaught|Chesnaught, M, shiny|100/100
|move|p2a: Ogerpon|Swords Dance|p2a: Ogerpon
|-boost|p2a: Ogerpon|atk|2
|
|upkeep
|turn|6
|
|t:|1758307186
|switch|p2a: Moltres|Moltres|100/100
|move|p1a: Chesnaught|Bulk Up|p1a: Chesnaught
|-boost|p1a: Chesnaught|atk|1
|-boost|p1a: Chesnaught|def|1
|
|upkeep
|turn|7
|inactive|PossiblyJay has 120 seconds left.
|
|t:|1758307235
|switch|p1a: Golduck|Golduck, M|82/100
|-ability|p1a: Golduck|Cloud Nine
|move|p2a: Moltres|Roar|p1a: Golduck
|drag|p1a: Braviary|Braviary, M, shiny|100/100
|
|upkeep
|turn|8
|
|t:|1758307244
|switch|p1a: Golduck|Golduck, M|82/100
|-ability|p1a: Golduck|Cloud Nine
|switch|p2a: Garganacl|Garganacl, M|100/100
|
|upkeep
|turn|9
|
|t:|1758307255
|-terastallize|p2a: Garganacl|Water
|move|p1a: Golduck|Calm Mind|p1a: Golduck
|-boost|p1a: Golduck|spa|1
|-boost|p1a: Golduck|spd|1
|move|p2a: Garganacl|Iron Defense|p2a: Garganacl
|-boost|p2a: Garganacl|def|2
|
|upkeep
|turn|10
|
|t:|1758307264
|move|p1a: Golduck|Calm Mind|p1a: Golduck
|-boost|p1a: Golduck|spa|1
|-boost|p1a: Golduck|spd|1
|move|p2a: Garganacl|Body Press|p1a: Golduck
|-damage|p1a: Golduck|14/100
|
|upkeep
|turn|11
|
|t:|1758307268
|move|p1a: Golduck|Focus Blast|p2a: Garganacl
|-damage|p2a: Garganacl|54/100
|-unboost|p2a: Garganacl|spd|1
|move|p2a: Garganacl|Body Press|p1a: Golduck
|-damage|p1a: Golduck|0 fnt
|faint|p1a: Golduck
|
|-heal|p2a: Garganacl|60/100|[from] item: Leftovers
|upkeep
|inactive|PossiblyJay has 120 seconds left.
|
|t:|1758307275
|switch|p1a: Magnezone|Magnezone, shiny|100/100
|turn|12
|
|t:|1758307289
|switch|p2a: Dragapult|Dragapult, F|100/100
|move|p1a: Magnezone|Volt Switch|p2a: Dragapult
|-resisted|p2a: Dragapult
|-damage|p2a: Dragapult|66/100
|inactive|PossiblyJay has 120 seconds left.
|
|t:|1758307310
|switch|p1a: Braviary|Braviary, M, shiny|100/100|[from] Volt Switch
|
|upkeep
|turn|13
|
|t:|1758307316
|switch|p1a: Magnezone|Magnezone, shiny|100/100
|move|p2a: Dragapult|U-turn|p1a: Magnezone
|-resisted|p1a: Magnezone
|-damage|p1a: Magnezone|93/100
|
|t:|1758307323
|switch|p2a: Zamazenta|Zamazenta|100/100|[from] U-turn
|-ability|p2a: Zamazenta|Dauntless Shield|boost
|-boost|p2a: Zamazenta|def|1
|
|-heal|p1a: Magnezone|99/100|[from] item: Leftovers
|upkeep
|turn|14
|
|t:|1758307333
|-terastallize|p1a: Magnezone|Water
|move|p2a: Zamazenta|Close Combat|p1a: Magnezone
|-damage|p1a: Magnezone|54/100
|-unboost|p2a: Zamazenta|def|1
|-unboost|p2a: Zamazenta|spd|1
|move|p1a: Magnezone|Thunder Wave|p2a: Zamazenta
|-status|p2a: Zamazenta|par
|
|-heal|p1a: Magnezone|60/100|[from] item: Leftovers
|upkeep
|turn|15
|
|t:|1758307347
|switch|p2a: Dragapult|Dragapult, F|66/100
|move|p1a: Magnezone|Volt Switch|p2a: Dragapult
|-resisted|p2a: Dragapult
|-damage|p2a: Dragapult|30/100
|
|t:|1758307354
|switch|p1a: Braviary|Braviary, M, shiny|100/100|[from] Volt Switch
|
|upkeep
|turn|16
|
|t:|1758307367
|move|p2a: Dragapult|U-turn|p1a: Braviary
|-resisted|p1a: Braviary
|-damage|p1a: Braviary|89/100
|
|t:|1758307370
|switch|p2a: Garganacl|Garganacl, M, tera:Water|60/100|[from] U-turn
|move|p1a: Braviary|Brave Bird|p2a: Garganacl
|-damage|p2a: Garganacl|19/100
|-damage|p1a: Braviary|73/100|[from] Recoil
|
|-heal|p2a: Garganacl|25/100|[from] item: Leftovers
|upkeep
|turn|17
|
|t:|1758307379
|move|p1a: Braviary|Brave Bird|p2a: Garganacl
|-damage|p2a: Garganacl|0 fnt
|faint|p2a: Garganacl
|-damage|p1a: Braviary|63/100|[from] Recoil
|
|upkeep
|
|t:|1758307388
|switch|p2a: Ogerpon|Ogerpon-Wellspring, F|100/100
|turn|18
|
|t:|1758307396
|move|p2a: Ogerpon|Ivy Cudgel|p1a: Braviary|[anim] Ivy Cudgel Water
|-damage|p1a: Braviary|0 fnt
|faint|p1a: Braviary
|
|upkeep
|
|t:|1758307398
|switch|p1a: Ribombee|Ribombee, F, shiny|1/100
|turn|19
|
|t:|1758307405
|move|p1a: Ribombee|Sticky Web|p2a: Ogerpon
|-sidestart|p2: OG)FlameLibra|move: Sticky Web
|move|p2a: Ogerpon|Trailblaze|p1a: Ribombee
|-resisted|p1a: Ribombee
|-damage|p1a: Ribombee|0 fnt
|-boost|p2a: Ogerpon|spe|1
|faint|p1a: Ribombee
|
|upkeep
|
|t:|1758307412
|switch|p1a: Chesnaught|Chesnaught, M, shiny|100/100
|turn|20
|
|t:|1758307421
|switch|p2a: Moltres|Moltres|100/100
|move|p1a: Chesnaught|Bulk Up|p1a: Chesnaught
|-boost|p1a: Chesnaught|atk|1
|-boost|p1a: Chesnaught|def|1
|
|upkeep
|turn|21
|
|t:|1758307430
|move|p2a: Moltres|Will-O-Wisp|p1a: Chesnaught
|-status|p1a: Chesnaught|brn
|move|p1a: Chesnaught|Stone Edge|p2a: Moltres
|-supereffective|p2a: Moltres
|-crit|p2a: Moltres
|-damage|p2a: Moltres|0 fnt
|faint|p2a: Moltres
|
|-damage|p1a: Chesnaught|94/100 brn|[from] brn
|upkeep
|
|t:|1758307445
|switch|p2a: Zamazenta|Zamazenta|100/100 par
|-activate|p2a: Zamazenta|move: Sticky Web
|-unboost|p2a: Zamazenta|spe|1
|turn|22
|
|t:|1758307452
|move|p1a: Chesnaught|Bulk Up|p1a: Chesnaught
|-boost|p1a: Chesnaught|atk|1
|-boost|p1a: Chesnaught|def|1
|move|p2a: Zamazenta|Close Combat|p1a: Chesnaught
|-damage|p1a: Chesnaught|70/100 brn
|-unboost|p2a: Zamazenta|def|1
|-unboost|p2a: Zamazenta|spd|1
|
|-heal|p1a: Chesnaught|77/100 brn|[from] item: Leftovers
|-damage|p1a: Chesnaught|70/100 brn|[from] brn
|upkeep
|turn|23
|
|t:|1758307471
|move|p1a: Chesnaught|Bulk Up|p1a: Chesnaught
|-boost|p1a: Chesnaught|atk|1
|-boost|p1a: Chesnaught|def|1
|move|p2a: Zamazenta|Ice Fang|p1a: Chesnaught
|-supereffective|p1a: Chesnaught
|-damage|p1a: Chesnaught|54/100 brn
|
|-heal|p1a: Chesnaught|60/100 brn|[from] item: Leftovers
|-damage|p1a: Chesnaught|54/100 brn|[from] brn
|upkeep
|turn|24
|
|t:|1758307483
|move|p1a: Chesnaught|Bulk Up|p1a: Chesnaught
|-boost|p1a: Chesnaught|atk|1
|-boost|p1a: Chesnaught|def|1
|move|p2a: Zamazenta|Ice Fang|p1a: Chesnaught|[miss]
|-miss|p2a: Zamazenta|p1a: Chesnaught
|
|-heal|p1a: Chesnaught|60/100 brn|[from] item: Leftovers
|-damage|p1a: Chesnaught|54/100 brn|[from] brn
|upkeep
|turn|25
|
|t:|1758307491
|move|p1a: Chesnaught|Bulk Up|p1a: Chesnaught
|-boost|p1a: Chesnaught|atk|1
|-boost|p1a: Chesnaught|def|1
|move|p2a: Zamazenta|Ice Fang|p1a: Chesnaught
|-supereffective|p1a: Chesnaught
|-damage|p1a: Chesnaught|42/100 brn
|
|-heal|p1a: Chesnaught|48/100 brn|[from] item: Leftovers
|-damage|p1a: Chesnaught|42/100 brn|[from] brn
|upkeep
|turn|26
|
|t:|1758307498
|move|p1a: Chesnaught|Drain Punch|p2a: Zamazenta
|-damage|p2a: Zamazenta|18/100 par
|-heal|p1a: Chesnaught|80/100 brn|[from] drain|[of] p2a: Zamazenta
|move|p2a: Zamazenta|Close Combat|p1a: Chesnaught
|-damage|p1a: Chesnaught|65/100 brn
|-unboost|p2a: Zamazenta|def|1
|-unboost|p2a: Zamazenta|spd|1
|
|-heal|p1a: Chesnaught|72/100 brn|[from] item: Leftovers
|-damage|p1a: Chesnaught|65/100 brn|[from] brn
|upkeep
|turn|27
|
|t:|1758307506
|move|p1a: Chesnaught|Bulk Up|p1a: Chesnaught
|-boost|p1a: Chesnaught|atk|1
|-boost|p1a: Chesnaught|def|1
|move|p2a: Zamazenta|Close Combat|p1a: Chesnaught
|-damage|p1a: Chesnaught|53/100 brn
|-unboost|p2a: Zamazenta|def|1
|-unboost|p2a: Zamazenta|spd|1
|
|-heal|p1a: Chesnaught|59/100 brn|[from] item: Leftovers
|-damage|p1a: Chesnaught|53/100 brn|[from] brn
|upkeep
|turn|28
|
|t:|1758307511
|move|p1a: Chesnaught|Drain Punch|p2a: Zamazenta
|-damage|p2a: Zamazenta|0 fnt
|-heal|p1a: Chesnaught|61/100 brn|[from] drain|[of] p2a: Zamazenta
|faint|p2a: Zamazenta
|
|-heal|p1a: Chesnaught|68/100 brn|[from] item: Leftovers
|-damage|p1a: Chesnaught|61/100 brn|[from] brn
|upkeep
|
|t:|1758307515
|switch|p2a: Dragapult|Dragapult, F|30/100
|turn|29
|
|t:|1758307522
|move|p2a: Dragapult|Draco Meteor|p1a: Chesnaught
|-damage|p1a: Chesnaught|6/100 brn
|-unboost|p2a: Dragapult|spa|2
|move|p1a: Chesnaught|Wood Hammer|p2a: Dragapult
|-resisted|p2a: Dragapult
|-damage|p2a: Dragapult|0 fnt
|faint|p2a: Dragapult
|-damage|p1a: Chesnaught|0 fnt|[from] Recoil
|faint|p1a: Chesnaught
|
|upkeep
|
|t:|1758307534
|switch|p2a: Ogerpon|Ogerpon-Wellspring, F|100/100
|switch|p1a: Flygon|Flygon, F|100/100
|-activate|p2a: Ogerpon|move: Sticky Web
|-unboost|p2a: Ogerpon|spe|1
|turn|30
|
|t:|1758307547
|move|p1a: Flygon|Dragon Dance|p1a: Flygon
|-boost|p1a: Flygon|atk|1
|-boost|p1a: Flygon|spe|1
|move|p2a: Ogerpon|Ivy Cudgel|p1a: Flygon|[anim] Ivy Cudgel Water
|-damage|p1a: Flygon|29/100
|
|upkeep
|turn|31
|
|t:|1758307555
|move|p1a: Flygon|Dragon Rush|p2a: Ogerpon
|-damage|p2a: Ogerpon|34/100
|move|p2a: Ogerpon|Ivy Cudgel|p1a: Flygon|[anim] Ivy Cudgel Water
|-crit|p1a: Flygon
|-damage|p1a: Flygon|0 fnt
|faint|p1a: Flygon
|
|upkeep
|
|t:|1758307559
|switch|p1a: Magnezone|Magnezone, shiny, tera:Water|60/100
|turn|32
|
|t:|1758307564
|move|p2a: Ogerpon|Synthesis|p2a: Ogerpon
|-heal|p2a: Ogerpon|84/100
|move|p1a: Magnezone|Volt Switch|p2a: Ogerpon
|-damage|p2a: Ogerpon|38/100
|
|-heal|p1a: Magnezone|66/100|[from] item: Leftovers
|upkeep
|turn|33
|
|t:|1758307570
|move|p2a: Ogerpon|Trailblaze|p1a: Magnezone
|-supereffective|p1a: Magnezone
|-damage|p1a: Magnezone|22/100
|-boost|p2a: Ogerpon|spe|1
|move|p1a: Magnezone|Volt Switch|p2a: Ogerpon
|-crit|p2a: Ogerpon
|-damage|p2a: Ogerpon|0 fnt
|faint|p2a: Ogerpon
|
|win|PossiblyJay
|raw|PossiblyJay's rating: 1103 &rarr; <strong>1131</strong><br />(+28 for winning)
|raw|OG)FlameLibra's rating: 1149 &rarr; <strong>1121</strong><br />(-28 for losing)
|l|☆OG)FlameLibra
|player|p2|
|l|☆PossiblyJay
|player|p1|
