|j|☆Idennn
|j|☆MyXoo
|t:|1758360191
|gametype|singles
|player|p1|Idennn|shadowtriad|1363
|player|p2|MyXoo|bea|1407
|gen|9
|tier|[Gen 9] OU
|rated|
|rule|HP Percentage Mod: HP is shown in percentages
|rule|Endless Battle Clause: Forcing endless battles is banned
|rule|Species Clause: Limit one of each Pokémon
|rule|OHKO Clause: OHKO moves are banned
|rule|Evasion Items Clause: Evasion items are banned
|rule|Evasion Moves Clause: Evasion moves are banned
|rule|Evasion Abilities Clause: Evasion abilities are banned
|rule|Sleep Moves Clause: Sleep-inducing moves are banned
|clearpoke
|poke|p1|Volcanion|
|poke|p1|Iron Treads|
|poke|p1|Dragapult, F|
|poke|p1|Weezing-Galar, F|
|poke|p1|Espeon, M|
|poke|p1|Haxorus, M|
|poke|p2|Samurott-Hisui, F|
|poke|p2|Scizor, M|
|poke|p2|Dragapult, F|
|poke|p2|Kingambit, M|
|poke|p2|Landorus-Therian, M|
|poke|p2|Iron Valiant|
|teampreview
|
|t:|1758360200
|teamsize|p1|6
|teamsize|p2|6
|start
|switch|p1a: Volcanion|Volcanion|100/100
|switch|p2a: Samurott|Samurott-Hisui, F|100/100
|turn|1
|
|t:|1758360207
|switch|p1a: Weezing|Weezing-Galar, F|100/100
|move|p2a: Samurott|Ceaseless Edge|p1a: Weezing
|-resisted|p1a: Weezing
|-damage|p1a: Weezing|86/100
|-damage|p2a: Samurott|84/100|[from] item: Rocky Helmet|[of] p1a: Weezing
|-sidestart|p1: Idennn|Spikes
|
|upkeep
|turn|2
|
|t:|1758360217
|move|p2a: Samurott|Ceaseless Edge|p1a: Weezing
|-resisted|p1a: Weezing
|-crit|p1a: Weezing
|-damage|p1a: Weezing|64/100
|-damage|p2a: Samurott|67/100|[from] item: Rocky Helmet|[of] p1a: Weezing
|-sidestart|p1: Idennn|Spikes
|move|p1a: Weezing|Strange Steam|p2a: Samurott
|-supereffective|p2a: Samurott
|-damage|p2a: Samurott|0 fnt
|faint|p2a: Samurott
|
|upkeep
|
|t:|1758360239
|switch|p2a: Dragapult|Dragapult, F|100/100
|turn|3
|
|t:|1758360244
|move|p2a: Dragapult|Shadow Ball|p1a: Weezing
|-damage|p1a: Weezing|0 fnt
|faint|p1a: Weezing
|
|upkeep
|
|t:|1758360253
|switch|p1a: Dragapult|Dragapult, F, shiny|100/100
|-damage|p1a: Dragapult|84/100|[from] Spikes
|turn|4
|
|t:|1758360268
|-terastallize|p2a: Dragapult|Ghost
|move|p1a: Dragapult|U-turn|p2a: Dragapult
|-resisted|p2a: Dragapult
|-damage|p2a: Dragapult|85/100
|
|t:|1758360280
|switch|p1a: Volcanion|Volcanion|100/100|[from] U-turn
|-damage|p1a: Volcanion|84/100|[from] Spikes
|move|p2a: Dragapult|Shadow Ball|p1a: Volcanion
|-damage|p1a: Volcanion|30/100
|
|-heal|p1a: Volcanion|36/100|[from] item: Leftovers
|upkeep
|turn|5
|
|t:|1758360288
|move|p2a: Dragapult|Shadow Ball|p1a: Volcanion
|-damage|p1a: Volcanion|0 fnt
|faint|p1a: Volcanion
|
|upkeep
|
|t:|1758360290
|switch|p1a: Dragapult|Dragapult, F, shiny|84/100
|-damage|p1a: Dragapult|68/100|[from] Spikes
|turn|6
|
|t:|1758360295
|move|p1a: Dragapult|Shadow Ball|p2a: Dragapult
|-supereffective|p2a: Dragapult
|-damage|p2a: Dragapult|16/100
|move|p2a: Dragapult|Shadow Ball|p1a: Dragapult
|-supereffective|p1a: Dragapult
|-damage|p1a: Dragapult|0 fnt
|faint|p1a: Dragapult
|
|upkeep
|
|t:|1758360298
|switch|p1a: Iron Treads|Iron Treads|100/100
|-damage|p1a: Iron Treads|84/100|[from] Spikes
|-enditem|p1a: Iron Treads|Booster Energy
|-activate|p1a: Iron Treads|ability: Quark Drive|[fromitem]
|-start|p1a: Iron Treads|quarkdrivespe
|turn|7
|
|t:|1758360308
|move|p1a: Iron Treads|Earthquake|p2a: Dragapult
|-damage|p2a: Dragapult|0 fnt
|faint|p2a: Dragapult
|
|upkeep
|
|t:|1758360317
|switch|p2a: Scizor|Scizor, M|100/100
|turn|8
|
|t:|1758360327
|move|p1a: Iron Treads|Rapid Spin|p2a: Scizor
|-resisted|p2a: Scizor
|-damage|p2a: Scizor|92/100
|-boost|p1a: Iron Treads|spe|1
|-sideend|p1: Idennn|Spikes|[from] move: Rapid Spin|[of] p1a: Iron Treads
|move|p2a: Scizor|Close Combat|p1a: Iron Treads
|-supereffective|p1a: Iron Treads
|-damage|p1a: Iron Treads|0 fnt
|-unboost|p2a: Scizor|def|1
|-unboost|p2a: Scizor|spd|1
|faint|p1a: Iron Treads
|-end|p1a: Iron Treads|Quark Drive|[silent]
|-damage|p2a: Scizor|82/100|[from] item: Life Orb
|
|upkeep
|
|t:|1758360334
|switch|p1a: Haxorus|Haxorus, M, shiny|100/100
|-ability|p1a: Haxorus|Mold Breaker
|turn|9
|
|t:|1758360343
|move|p2a: Scizor|Bullet Punch|p1a: Haxorus
|-damage|p1a: Haxorus|46/100
|-damage|p2a: Scizor|72/100|[from] item: Life Orb
|move|p1a: Haxorus|Swords Dance|p1a: Haxorus
|-boost|p1a: Haxorus|atk|2
|
|upkeep
|turn|10
|
|t:|1758360349
|-terastallize|p1a: Haxorus|Steel
|move|p2a: Scizor|Bullet Punch|p1a: Haxorus
|-resisted|p1a: Haxorus
|-damage|p1a: Haxorus|15/100
|-damage|p2a: Scizor|62/100|[from] item: Life Orb
|move|p1a: Haxorus|Scale Shot|p2a: Scizor
|-resisted|p2a: Scizor
|-damage|p2a: Scizor|38/100
|-resisted|p2a: Scizor
|-damage|p2a: Scizor|15/100
|-resisted|p2a: Scizor
|-damage|p2a: Scizor|0 fnt
|faint|p2a: Scizor
|-hitcount|p2: Scizor|3
|-unboost|p1a: Haxorus|def|1
|-boost|p1a: Haxorus|spe|1
|
|upkeep
|
|t:|1758360373
|switch|p2a: Iron Valiant|Iron Valiant|100/100
|-enditem|p2a: Iron Valiant|Booster Energy
|-activate|p2a: Iron Valiant|ability: Quark Drive|[fromitem]
|-start|p2a: Iron Valiant|quarkdrivespe
|turn|11
|-message|Idennn forfeited.
|
|win|MyXoo
|raw|Idennn's rating: 1363 &rarr; <strong>1346</strong><br />(-17 for losing)
|raw|MyXoo's rating: 1407 &rarr; <strong>1424</strong><br />(+17 for winning)
