|j|☆HungryHound
|j|☆Orkaros
|t:|1758321530
|gametype|singles
|player|p1|HungryHound|1|1444
|player|p2|Orkaros|265|1435
|gen|9
|tier|[Gen 9] OU
|rated|
|rule|HP Percentage Mod: HP is shown in percentages
|rule|Endless Battle Clause: Forcing endless battles is banned
|rule|Species Clause: Limit one of each Pokémon
|rule|OHKO Clause: OHKO moves are banned
|rule|Evasion Items Clause: Evasion items are banned
|rule|Evasion Moves Clause: Evasion moves are banned
|rule|Evasion Abilities Clause: Evasion abilities are banned
|rule|Sleep Moves Clause: Sleep-inducing moves are banned
|clearpoke
|poke|p1|Krookodile, M|
|poke|p1|Raging Bolt|
|poke|p1|Iron Valiant|
|poke|p1|Slowking-Galar, F|
|poke|p1|Great Tusk|
|poke|p1|Samurott-Hisui, F|
|poke|p2|Great Tusk|
|poke|p2|Darkrai|
|poke|p2|Zamazenta-*|
|poke|p2|Gholdengo|
|poke|p2|Primarina, F|
|poke|p2|Dragonite, F|
|teampreview
|inactive|Battle timer is ON: inactive players will automatically lose when time's up. (requested by Orkaros)
|inactive|HungryHound has 120 seconds left.
|inactive|HungryHound has 90 seconds left.
|
|t:|1758321600
|teamsize|p1|6
|teamsize|p2|6
|start
|switch|p1a: Samurott|Samurott-Hisui, F|100/100
|switch|p2a: Primarina|Primarina, F|100/100
|turn|1
|
|t:|1758321610
|move|p1a: Samurott|Flip Turn|p2a: Primarina
|-resisted|p2a: Primarina
|-damage|p2a: Primarina|73/100
|
|t:|1758321613
|switch|p1a: Slowking|Slowking-Galar, F|100/100|[from] Flip Turn
|move|p2a: Primarina|Flip Turn|p1a: Slowking
|-damage|p1a: Slowking|86/100
|
|t:|1758321620
|switch|p2a: Gholdengo|Gholdengo|100/100|[from] Flip Turn
|-item|p2a: Gholdengo|Air Balloon
|
|upkeep
|turn|2
|
|t:|1758321629
|switch|p1a: Samurott|Samurott-Hisui, F|100/100
|move|p2a: Gholdengo|Shadow Ball|p1a: Samurott
|-resisted|p1a: Samurott
|-damage|p1a: Samurott|75/100
|
|upkeep
|turn|3
|
|t:|1758321637
|switch|p2a: Great Tusk|Great Tusk|100/100
|move|p1a: Samurott|Ceaseless Edge|p2a: Great Tusk
|-resisted|p2a: Great Tusk
|-damage|p2a: Great Tusk|77/100
|-sidestart|p2: Orkaros|Spikes
|
|upkeep
|turn|4
|
|t:|1758321649
|switch|p1a: Tuskulus|Great Tusk|100/100
|move|p2a: Great Tusk|Rapid Spin|p1a: Tuskulus
|-damage|p1a: Tuskulus|90/100
|-boost|p2a: Great Tusk|spe|1
|-damage|p2a: Great Tusk|60/100|[from] item: Rocky Helmet|[of] p1a: Tuskulus
|-sideend|p2: Orkaros|Spikes|[from] move: Rapid Spin|[of] p2a: Great Tusk
|
|upkeep
|turn|5
|
|t:|1758321662
|-end|p2a: Great Tusk|Protosynthesis|[silent]
|switch|p2a: Darkrai|Darkrai|100/100
|move|p1a: Tuskulus|Ice Spinner|p2a: Darkrai
|-damage|p2a: Darkrai|60/100
|
|upkeep
|turn|6
|
|t:|1758321678
|-end|p1a: Tuskulus|Protosynthesis|[silent]
|switch|p1a: Samurott|Samurott-Hisui, F|75/100
|move|p2a: Darkrai|Ice Beam|p1a: Samurott
|-resisted|p1a: Samurott
|-damage|p1a: Samurott|45/100
|-damage|p2a: Darkrai|50/100|[from] item: Life Orb
|
|upkeep
|turn|7
|
|t:|1758321693
|move|p1a: Samurott|Aqua Jet|p2a: Darkrai
|-damage|p2a: Darkrai|14/100
|move|p2a: Darkrai|Sludge Bomb|p1a: Samurott
|-damage|p1a: Samurott|0 fnt
|faint|p1a: Samurott
|-damage|p2a: Darkrai|4/100|[from] item: Life Orb
|
|upkeep
|
|t:|1758321710
|switch|p1a: Krookodile|Krookodile, M|100/100
|turn|8
|
|t:|1758321717
|switch|p2a: Dragonite|Dragonite, F|100/100
|switch|p1a: Slowking|Slowking-Galar, F|100/100
|
|upkeep
|turn|9
|
|t:|1758321727
|switch|p2a: Great Tusk|Great Tusk|60/100
|-prepare|p1a: Slowking|Chilly Reception|[premajor]
|move|p1a: Slowking|Chilly Reception|p1a: Slowking
|-weather|Snowscape
|
|t:|1758321736
|switch|p1a: Iron Valiant|Iron Valiant|100/100|[from] Chilly Reception
|-enditem|p1a: Iron Valiant|Booster Energy
|-activate|p1a: Iron Valiant|ability: Quark Drive|[fromitem]
|-start|p1a: Iron Valiant|quarkdrivespe
|
|-weather|Snowscape|[upkeep]
|upkeep
|turn|10
|inactive|Orkaros has 120 seconds left.
|
|t:|1758321775
|-end|p2a: Great Tusk|Protosynthesis|[silent]
|switch|p2a: Darkrai|Darkrai|4/100
|move|p1a: Iron Valiant|Calm Mind|p1a: Iron Valiant
|-boost|p1a: Iron Valiant|spa|1
|-boost|p1a: Iron Valiant|spd|1
|
|-weather|Snowscape|[upkeep]
|upkeep
|turn|11
|
|t:|1758321782
|move|p1a: Iron Valiant|Moonblast|p2a: Darkrai
|-supereffective|p2a: Darkrai
|-damage|p2a: Darkrai|0 fnt
|faint|p2a: Darkrai
|
|-weather|Snowscape|[upkeep]
|upkeep
|
|t:|1758321785
|switch|p2a: Gholdengo|Gholdengo|100/100
|-item|p2a: Gholdengo|Air Balloon
|turn|12
|
|t:|1758321793
|-terastallize|p1a: Iron Valiant|Ghost
|move|p1a: Iron Valiant|Shadow Ball|p2a: Gholdengo
|-supereffective|p2a: Gholdengo
|-damage|p2a: Gholdengo|0 fnt
|-enditem|p2a: Gholdengo|Air Balloon
|faint|p2a: Gholdengo
|
|-weather|Snowscape|[upkeep]
|upkeep
|-message|Orkaros forfeited.
|
|win|HungryHound
|raw|HungryHound's rating: 1444 &rarr; <strong>1463</strong><br />(+19 for winning)
|raw|Orkaros's rating: 1435 &rarr; <strong>1416</strong><br />(-19 for losing)
|l|☆Orkaros
|player|p2|
|l|☆HungryHound
|player|p1|
