|j|☆YourFriendSanti
|j|☆Natanael540
|t:|1758315813
|gametype|singles
|player|p1|YourFriendSanti|hilbert-wonderlauncher|1142
|player|p2|Natanael540|iris-gen5bw2|1127
|gen|9
|tier|[Gen 9] OU
|rated|
|rule|HP Percentage Mod: HP is shown in percentages
|rule|Endless Battle Clause: Forcing endless battles is banned
|rule|Species Clause: Limit one of each Pokémon
|rule|OHKO Clause: OHKO moves are banned
|rule|Evasion Items Clause: Evasion items are banned
|rule|Evasion Moves Clause: Evasion moves are banned
|rule|Evasion Abilities Clause: Evasion abilities are banned
|rule|Sleep Moves Clause: Sleep-inducing moves are banned
|clearpoke
|poke|p1|Delphox, F|
|poke|p1|Ribombee, F|
|poke|p1|Donphan, F|
|poke|p1|Revavroom, M|
|poke|p1|Vaporeon, F|
|poke|p1|Dudunsparce-*, M|
|poke|p2|Swalot, F|
|poke|p2|Blaziken, M|
|poke|p2|Landorus-Therian, M|
|poke|p2|Hydrapple, M|
|poke|p2|Vivillon-Monsoon, F|
|poke|p2|Komala, F|
|teampreview
|
|t:|1758315822
|teamsize|p1|6
|teamsize|p2|6
|start
|switch|p1a: Brainrot|Vaporeon, F|100/100
|switch|p2a: Landorus|Landorus-Therian, M, shiny|100/100
|-ability|p2a: Landorus|Intimidate|boost
|-unboost|p1a: Brainrot|atk|1
|turn|1
|
|t:|1758315829
|-terastallize|p2a: Landorus|Water
|move|p2a: Landorus|Stealth Rock|p1a: Brainrot
|-sidestart|p1: YourFriendSanti|move: Stealth Rock
|move|p1a: Brainrot|Calm Mind|p1a: Brainrot
|-boost|p1a: Brainrot|spa|1
|-boost|p1a: Brainrot|spd|1
|
|upkeep
|turn|2
|
|t:|1758315837
|move|p2a: Landorus|Taunt|p1a: Brainrot
|-start|p1a: Brainrot|move: Taunt
|cant|p1a: Brainrot|move: Taunt|Calm Mind
|
|upkeep
|turn|3
|
|t:|1758315843
|move|p2a: Landorus|U-turn|p1a: Brainrot
|-damage|p1a: Brainrot|85/100
|
|t:|1758315852
|switch|p2a: Komala|Komala, F, shiny|100/100|[from] U-turn
|-ability|p2a: Komala|Comatose
|move|p1a: Brainrot|Scald|p2a: Komala
|-damage|p2a: Komala|66/100
|
|-heal|p1a: Brainrot|91/100|[from] item: Leftovers
|upkeep
|turn|4
|
|t:|1758315861
|move|p2a: Komala|Knock Off|p1a: Brainrot
|-damage|p1a: Brainrot|67/100
|-enditem|p1a: Brainrot|Leftovers|[from] move: Knock Off|[of] p2a: Komala
|move|p1a: Brainrot|Scald|p2a: Komala
|-damage|p2a: Komala|35/100
|
|-end|p1a: Brainrot|move: Taunt
|upkeep
|turn|5
|
|t:|1758315868
|move|p2a: Komala|Body Slam|p1a: Brainrot
|-damage|p1a: Brainrot|33/100
|move|p1a: Brainrot|Wish|p1a: Brainrot
|
|upkeep
|turn|6
|
|t:|1758315874
|move|p1a: Brainrot|Protect|p1a: Brainrot
|-singleturn|p1a: Brainrot|Protect
|move|p2a: Komala|Body Slam|p1a: Brainrot
|-activate|p1a: Brainrot|move: Protect
|
|-heal|p1a: Brainrot|83/100|[from] move: Wish|[wisher] Brainrot
|upkeep
|turn|7
|
|t:|1758315880
|move|p2a: Komala|Body Slam|p1a: Brainrot
|-damage|p1a: Brainrot|51/100
|-status|p1a: Brainrot|par
|move|p1a: Brainrot|Scald|p2a: Komala
|-damage|p2a: Komala|1/100
|
|upkeep
|turn|8
|
|t:|1758315889
|move|p2a: Komala|Body Slam|p1a: Brainrot
|-damage|p1a: Brainrot|21/100 par
|cant|p1a: Brainrot|par
|
|upkeep
|turn|9
|
|t:|1758315894
|move|p2a: Komala|Body Slam|p1a: Brainrot
|-damage|p1a: Brainrot|0 fnt
|faint|p1a: Brainrot
|
|upkeep
|
|t:|1758315900
|switch|p1a: Big Slappa|Donphan, F|100/100
|turn|10
|
|t:|1758315905
|move|p2a: Komala|Sucker Punch|p1a: Big Slappa
|-damage|p1a: Big Slappa|84/100
|move|p1a: Big Slappa|Rapid Spin|p2a: Komala
|-damage|p2a: Komala|0 fnt
|-boost|p1a: Big Slappa|spe|1
|-sideend|p1: YourFriendSanti|Stealth Rock|[from] move: Rapid Spin|[of] p1a: Big Slappa
|faint|p2a: Komala
|
|upkeep
|
|t:|1758315912
|switch|p2a: Hydrapple|Hydrapple, M, shiny|100/100
|turn|11
|
|t:|1758315922
|move|p1a: Big Slappa|Ice Shard|p2a: Hydrapple
|-supereffective|p2a: Hydrapple
|-damage|p2a: Hydrapple|67/100
|move|p2a: Hydrapple|Leaf Storm|p1a: Big Slappa|[miss]
|-miss|p2a: Hydrapple|p1a: Big Slappa
|
|upkeep
|turn|12
|
|t:|1758315930
|move|p1a: Big Slappa|Ice Shard|p2a: Hydrapple
|-supereffective|p2a: Hydrapple
|-damage|p2a: Hydrapple|35/100
|move|p2a: Hydrapple|Leaf Storm|p1a: Big Slappa
|-supereffective|p1a: Big Slappa
|-damage|p1a: Big Slappa|0 fnt
|-unboost|p2a: Hydrapple|spa|2
|faint|p1a: Big Slappa
|-enditem|p2a: Hydrapple|Eject Pack
|
|t:|1758315940
|switch|p2a: Vivillon|Vivillon-Monsoon, F, shiny|100/100
|
|upkeep
|
|t:|1758315953
|switch|p1a: Wizzerd|Delphox, F|100/100
|turn|13
|
|t:|1758315963
|move|p1a: Wizzerd|Nasty Plot|p1a: Wizzerd
|-boost|p1a: Wizzerd|spa|2
|move|p2a: Vivillon|Quiver Dance|p2a: Vivillon
|-boost|p2a: Vivillon|spa|1
|-boost|p2a: Vivillon|spd|1
|-boost|p2a: Vivillon|spe|1
|
|upkeep
|turn|14
|
|t:|1758315969
|move|p2a: Vivillon|Quiver Dance|p2a: Vivillon
|-boost|p2a: Vivillon|spa|1
|-boost|p2a: Vivillon|spd|1
|-boost|p2a: Vivillon|spe|1
|move|p1a: Wizzerd|Flamethrower|p2a: Vivillon
|-supereffective|p2a: Vivillon
|-enditem|p2a: Vivillon|Focus Sash
|-damage|p2a: Vivillon|1/100
|
|upkeep
|turn|15
|
|t:|1758315982
|move|p2a: Vivillon|Hurricane|p1a: Wizzerd
|-crit|p1a: Wizzerd
|-enditem|p1a: Wizzerd|Focus Sash
|-damage|p1a: Wizzerd|1/100
|move|p1a: Wizzerd|Flamethrower|p2a: Vivillon
|-supereffective|p2a: Vivillon
|-damage|p2a: Vivillon|0 fnt
|faint|p2a: Vivillon
|
|upkeep
|
|t:|1758315988
|switch|p2a: Landorus|Landorus-Therian, M, shiny, tera:Water|100/100
|-ability|p2a: Landorus|Intimidate|boost
|-unboost|p1a: Wizzerd|atk|1
|turn|16
|
|t:|1758315993
|move|p1a: Wizzerd|Psychic|p2a: Landorus
|-damage|p2a: Landorus|6/100
|move|p2a: Landorus|U-turn|p1a: Wizzerd
|-damage|p1a: Wizzerd|0 fnt
|faint|p1a: Wizzerd
|
|t:|1758315999
|switch|p2a: Hydrapple|Hydrapple, M, shiny|68/100|[from] U-turn
|
|upkeep
|
|t:|1758316005
|switch|p1a: Tinkerbell|Ribombee, F|100/100
|turn|17
|
|t:|1758316015
|switch|p2a: Landorus|Landorus-Therian, M, shiny, tera:Water|6/100
|-ability|p2a: Landorus|Intimidate|boost
|-unboost|p1a: Tinkerbell|atk|1
|move|p1a: Tinkerbell|Moonblast|p2a: Landorus
|-damage|p2a: Landorus|0 fnt
|faint|p2a: Landorus
|
|upkeep
|
|t:|1758316019
|switch|p2a: Swalot|Swalot, F, shiny|100/100
|turn|18
|
|t:|1758316025
|switch|p1a: Bergentruck|Revavroom, M|100/100
|-item|p1a: Bergentruck|Air Balloon
|move|p2a: Swalot|Stuff Cheeks|p2a: Swalot
|-boost|p2a: Swalot|def|2
|-enditem|p2a: Swalot|Starf Berry|[eat]
|-boost|p2a: Swalot|spe|2|[from] item: Starf Berry
|
|upkeep
|turn|19
|
|t:|1758316036
|move|p1a: Bergentruck|Shift Gear|p1a: Bergentruck
|-boost|p1a: Bergentruck|spe|2
|-boost|p1a: Bergentruck|atk|1
|move|p2a: Swalot|Thief|p1a: Bergentruck
|-damage|p1a: Bergentruck|86/100
|-enditem|p1a: Bergentruck|Air Balloon
|
|upkeep
|turn|20
|
|t:|1758316047
|move|p1a: Bergentruck|High Horsepower|p2a: Swalot
|-supereffective|p2a: Swalot
|-damage|p2a: Swalot|50/100
|move|p2a: Swalot|Body Press|p1a: Bergentruck
|-damage|p1a: Bergentruck|47/100
|
|upkeep
|turn|21
|
|t:|1758316056
|move|p1a: Bergentruck|High Horsepower|p2a: Swalot|[miss]
|-miss|p1a: Bergentruck|p2a: Swalot
|move|p2a: Swalot|Body Press|p1a: Bergentruck
|-damage|p1a: Bergentruck|6/100
|
|upkeep
|turn|22
|
|t:|1758316064
|move|p1a: Bergentruck|High Horsepower|p2a: Swalot|[miss]
|-miss|p1a: Bergentruck|p2a: Swalot
|move|p2a: Swalot|Thief|p1a: Bergentruck
|-damage|p1a: Bergentruck|0 fnt
|faint|p1a: Bergentruck
|
|upkeep
|
|t:|1758316073
|switch|p1a: Dudunsparce|Dudunsparce-Three-Segment, M|100/100
|turn|23
|
|t:|1758316080
|move|p2a: Swalot|Body Press|p1a: Dudunsparce
|-supereffective|p1a: Dudunsparce
|-damage|p1a: Dudunsparce|58/100
|move|p1a: Dudunsparce|Body Slam|p2a: Swalot
|-damage|p2a: Swalot|35/100
|
|upkeep
|turn|24
|
|t:|1758316088
|-terastallize|p1a: Dudunsparce|Ghost
|move|p2a: Swalot|Body Press|p1a: Dudunsparce
|-immune|p1a: Dudunsparce
|move|p1a: Dudunsparce|Body Slam|p2a: Swalot
|-crit|p2a: Swalot
|-damage|p2a: Swalot|0 fnt
|faint|p2a: Swalot
|
|upkeep
|
|t:|1758316095
|switch|p2a: Blaziken|Blaziken, M, shiny|100/100
|turn|25
|
|t:|1758316099
|move|p2a: Blaziken|Focus Energy|p2a: Blaziken
|-start|p2a: Blaziken|move: Focus Energy
|move|p1a: Dudunsparce|Rock Slide|p2a: Blaziken
|-damage|p2a: Blaziken|71/100
|
|-ability|p2a: Blaziken|Speed Boost|boost
|-boost|p2a: Blaziken|spe|1
|upkeep
|turn|26
|
|t:|1758316107
|move|p2a: Blaziken|Overheat|p1a: Dudunsparce
|-crit|p1a: Dudunsparce
|-damage|p1a: Dudunsparce|0 fnt
|-unboost|p2a: Blaziken|spa|2
|faint|p1a: Dudunsparce
|
|-ability|p2a: Blaziken|Speed Boost|boost
|-boost|p2a: Blaziken|spe|1
|upkeep
|
|t:|1758316110
|switch|p1a: Tinkerbell|Ribombee, F|100/100
|turn|27
|
|t:|1758316113
|move|p2a: Blaziken|Overheat|p1a: Tinkerbell
|-supereffective|p1a: Tinkerbell
|-crit|p1a: Tinkerbell
|-enditem|p1a: Tinkerbell|Focus Sash
|-damage|p1a: Tinkerbell|1/100
|-unboost|p2a: Blaziken|spa|2
|move|p1a: Tinkerbell|Moonblast|p2a: Blaziken
|-damage|p2a: Blaziken|15/100
|-unboost|p2a: Blaziken|spa|1
|
|-ability|p2a: Blaziken|Speed Boost|boost
|-boost|p2a: Blaziken|spe|1
|upkeep
|turn|28
|
|t:|1758316117
|move|p2a: Blaziken|Overheat|p1a: Tinkerbell
|-supereffective|p1a: Tinkerbell
|-crit|p1a: Tinkerbell
|-damage|p1a: Tinkerbell|0 fnt
|-unboost|p2a: Blaziken|spa|1
|faint|p1a: Tinkerbell
|
|win|Natanael540
|raw|YourFriendSanti's rating: 1142 &rarr; <strong>1116</strong><br />(-26 for losing)
|raw|Natanael540's rating: 1127 &rarr; <strong>1153</strong><br />(+26 for winning)
|l|☆YourFriendSanti
|player|p1|
|l|☆Natanael540
|player|p2|
