|j|☆weixingzhu
|j|‽mysticryn
|t:|1758345018
|gametype|singles
|player|p1|weixingzhu|caitlin|1605
|player|p2|mysticryn|2|1614
|gen|9
|tier|[Gen 9] OU
|rated|
|rule|HP Percentage Mod: HP is shown in percentages
|rule|Endless Battle Clause: Forcing endless battles is banned
|rule|Species Clause: Limit one of each Pokémon
|rule|OHKO Clause: OHKO moves are banned
|rule|Evasion Items Clause: Evasion items are banned
|rule|Evasion Moves Clause: Evasion moves are banned
|rule|Evasion Abilities Clause: Evasion abilities are banned
|rule|Sleep Moves Clause: Sleep-inducing moves are banned
|clearpoke
|poke|p1|Dragonite, M|
|poke|p1|Samurott-Hisui, M|
|poke|p1|Landorus-Therian, M|
|poke|p1|Gholdengo|
|poke|p1|Kyurem|
|poke|p1|Darkrai|
|poke|p2|Enamorus, F|
|poke|p2|Great Tusk|
|poke|p2|Iron Crown|
|poke|p2|Lokix, M|
|poke|p2|Alomomola, M|
|poke|p2|Pecharunt|
|teampreview
|inactive|Battle timer is ON: inactive players will automatically lose when time's up. (requested by weixingzhu)
|inactive|weixingzhu has 120 seconds left.
|
|t:|1758345053
|teamsize|p1|6
|teamsize|p2|6
|start
|switch|p1a: Landorus|Landorus-Therian, M|100/100
|switch|p2a: Iron Crown|Iron Crown|100/100
|-ability|p1a: Landorus|Intimidate|boost
|-unboost|p2a: Iron Crown|atk|1
|turn|1
|inactive|mysticryn has 120 seconds left.
|inactive|mysticryn has 90 seconds left.
|
|t:|1758345116
|-terastallize|p2a: Iron Crown|Steel
|move|p1a: Landorus|U-turn|p2a: Iron Crown
|-resisted|p2a: Iron Crown
|-damage|p2a: Iron Crown|88/100
|
|t:|1758345131
|switch|p1a: Samurott|Samurott-Hisui, M|100/100|[from] U-turn
|move|p2a: Iron Crown|Tachyon Cutter|p1a: Samurott
|-resisted|p1a: Samurott
|-damage|p1a: Samurott|77/100
|-resisted|p1a: Samurott
|-damage|p1a: Samurott|53/100
|-hitcount|p1a: Samurott|2
|
|upkeep
|turn|2
|
|t:|1758345139
|-end|p2a: Iron Crown|Quark Drive|[silent]
|switch|p2a: Enamorus|Enamorus, F, shiny|100/100
|move|p1a: Samurott|Ceaseless Edge|p2a: Enamorus
|-resisted|p2a: Enamorus
|-damage|p2a: Enamorus|67/100
|-sidestart|p2: mysticryn|Spikes
|
|upkeep
|turn|3
|
|t:|1758345147
|move|p1a: Samurott|Aqua Jet|p2a: Enamorus
|-damage|p2a: Enamorus|37/100
|move|p2a: Enamorus|Earth Power|p1a: Samurott
|-damage|p1a: Samurott|15/100
|
|upkeep
|turn|4
|
|t:|1758345154
|switch|p2a: Great Tusk|Great Tusk, shiny|100/100
|move|p1a: Samurott|Aqua Jet|p2a: Great Tusk
|-supereffective|p2a: Great Tusk
|-damage|p2a: Great Tusk|75/100
|
|upkeep
|turn|5
|
|t:|1758345159
|move|p2a: Great Tusk|Stealth Rock|p1a: Samurott
|-sidestart|p1: weixingzhu|move: Stealth Rock
|move|p1a: Samurott|Razor Shell|p2a: Great Tusk|[miss]
|-miss|p1a: Samurott|p2a: Great Tusk
|
|upkeep
|turn|6
|
|t:|1758345163
|move|p1a: Samurott|Aqua Jet|p2a: Great Tusk
|-supereffective|p2a: Great Tusk
|-damage|p2a: Great Tusk|47/100
|move|p2a: Great Tusk|Rapid Spin|p1a: Samurott
|-damage|p1a: Samurott|0 fnt
|-boost|p2a: Great Tusk|spe|1
|-sideend|p2: mysticryn|Spikes|[from] move: Rapid Spin|[of] p2a: Great Tusk
|faint|p1a: Samurott
|
|upkeep
|
|t:|1758345172
|switch|p1a: Gholdengo|Gholdengo|100/100
|-damage|p1a: Gholdengo|94/100|[from] Stealth Rock
|-item|p1a: Gholdengo|Air Balloon
|turn|7
|
|t:|1758345175
|-end|p2a: Great Tusk|Protosynthesis|[silent]
|switch|p2a: Lokix|Lokix, M, shiny|100/100
|move|p1a: Gholdengo|Make It Rain|p2a: Lokix
|-damage|p2a: Lokix|0 fnt
|-unboost|p1a: Gholdengo|spa|1
|faint|p2a: Lokix
|
|upkeep
|
|t:|1758345182
|switch|p2a: Iron Crown|Iron Crown, tera:Steel|88/100
|turn|8
|
|t:|1758345189
|move|p2a: Iron Crown|Tachyon Cutter|p1a: Gholdengo
|-resisted|p1a: Gholdengo
|-damage|p1a: Gholdengo|72/100
|-enditem|p1a: Gholdengo|Air Balloon
|-resisted|p1a: Gholdengo
|-damage|p1a: Gholdengo|48/100
|-hitcount|p1a: Gholdengo|2
|move|p1a: Gholdengo|Thunder Wave|p2a: Iron Crown
|-status|p2a: Iron Crown|par
|
|upkeep
|turn|9
|
|t:|1758345194
|move|p1a: Gholdengo|Recover|p1a: Gholdengo
|-heal|p1a: Gholdengo|98/100
|move|p2a: Iron Crown|Tachyon Cutter|p1a: Gholdengo
|-resisted|p1a: Gholdengo
|-damage|p1a: Gholdengo|73/100
|-resisted|p1a: Gholdengo
|-damage|p1a: Gholdengo|49/100
|-hitcount|p1a: Gholdengo|2
|
|upkeep
|turn|10
|
|t:|1758345197
|-end|p2a: Iron Crown|Quark Drive|[silent]
|switch|p2a: Great Tusk|Great Tusk, shiny|47/100
|move|p1a: Gholdengo|Recover|p1a: Gholdengo
|-heal|p1a: Gholdengo|99/100
|
|upkeep
|turn|11
|
|t:|1758345202
|switch|p1a: Landorus|Landorus-Therian, M|100/100
|-damage|p1a: Landorus|88/100|[from] Stealth Rock
|-ability|p1a: Landorus|Intimidate|boost
|-unboost|p2a: Great Tusk|atk|1
|move|p2a: Great Tusk|Ice Spinner|p1a: Landorus
|-supereffective|p1a: Landorus
|-damage|p1a: Landorus|2/100
|
|upkeep
|turn|12
|
|t:|1758345207
|move|p1a: Landorus|Stealth Rock|p2a: Great Tusk
|-sidestart|p2: mysticryn|move: Stealth Rock
|move|p2a: Great Tusk|Rapid Spin|p1a: Landorus
|-damage|p1a: Landorus|0 fnt
|-boost|p2a: Great Tusk|spe|1
|-sideend|p2: mysticryn|Stealth Rock|[from] move: Rapid Spin|[of] p2a: Great Tusk
|faint|p1a: Landorus
|
|upkeep
|
|t:|1758345214
|switch|p1a: Kyurem|Kyurem|100/100
|-ability|p1a: Kyurem|Pressure
|turn|13
|
|t:|1758345220
|move|p2a: Great Tusk|Headlong Rush|p1a: Kyurem
|-damage|p1a: Kyurem|59/100
|-unboost|p2a: Great Tusk|def|1
|-unboost|p2a: Great Tusk|spd|1
|move|p1a: Kyurem|Freeze-Dry|p2a: Great Tusk
|-supereffective|p2a: Great Tusk
|-damage|p2a: Great Tusk|0 fnt
|faint|p2a: Great Tusk
|-end|p2a: Great Tusk|Protosynthesis|[silent]
|
|upkeep
|
|t:|1758345223
|switch|p2a: Enamorus|Enamorus, F, shiny|37/100
|turn|14
|
|t:|1758345237
|move|p2a: Enamorus|Moonblast|p1a: Kyurem
|-supereffective|p1a: Kyurem
|-damage|p1a: Kyurem|0 fnt
|faint|p1a: Kyurem
|
|upkeep
|
|t:|1758345242
|switch|p1a: Gholdengo|Gholdengo|99/100
|-damage|p1a: Gholdengo|93/100|[from] Stealth Rock
|turn|15
|
|t:|1758345245
|switch|p2a: Alomomola|Alomomola, M, shiny|100/100
|move|p1a: Gholdengo|Thunder Wave|p2a: Alomomola
|-status|p2a: Alomomola|par
|
|upkeep
|turn|16
|
|t:|1758345250
|switch|p1a: Darkrai|Darkrai|100/100
|-damage|p1a: Darkrai|88/100|[from] Stealth Rock
|cant|p2a: Alomomola|par
|
|-heal|p1a: Darkrai|94/100|[from] item: Leftovers
|upkeep
|turn|17
|
|t:|1758345253
|move|p1a: Darkrai|Knock Off|p2a: Alomomola
|-damage|p2a: Alomomola|82/100 par
|-enditem|p2a: Alomomola|Assault Vest|[from] move: Knock Off|[of] p1a: Darkrai
|move|p2a: Alomomola|Flip Turn|p1a: Darkrai
|-damage|p1a: Darkrai|77/100
|
|t:|1758345258
|switch|p2a: Enamorus|Enamorus, F, shiny|37/100|[from] Flip Turn
|
|-heal|p1a: Darkrai|83/100|[from] item: Leftovers
|upkeep
|turn|18
|
|t:|1758345263
|move|p2a: Enamorus|Earth Power|p1a: Darkrai
|-damage|p1a: Darkrai|42/100
|move|p1a: Darkrai|Ice Beam|p2a: Enamorus
|-supereffective|p2a: Enamorus
|-damage|p2a: Enamorus|0 fnt
|faint|p2a: Enamorus
|
|-heal|p1a: Darkrai|48/100|[from] item: Leftovers
|upkeep
|
|t:|1758345266
|switch|p2a: Iron Crown|Iron Crown, tera:Steel|88/100 par
|turn|19
|
|t:|1758345278
|move|p1a: Darkrai|Knock Off|p2a: Iron Crown
|-damage|p2a: Iron Crown|60/100 par
|-enditem|p2a: Iron Crown|Choice Specs|[from] move: Knock Off|[of] p1a: Darkrai
|move|p2a: Iron Crown|Tachyon Cutter|p1a: Darkrai
|-damage|p1a: Darkrai|14/100
|-damage|p1a: Darkrai|0 fnt
|faint|p1a: Darkrai
|-hitcount|p1: Darkrai|2
|
|upkeep
|
|t:|1758345290
|switch|p1a: Gholdengo|Gholdengo|93/100
|-damage|p1a: Gholdengo|87/100|[from] Stealth Rock
|turn|20
|
|t:|1758345295
|move|p1a: Gholdengo|Hex|p2a: Iron Crown
|-damage|p2a: Iron Crown|0 fnt
|faint|p2a: Iron Crown
|-end|p2a: Iron Crown|Quark Drive|[silent]
|
|upkeep
|
|t:|1758345298
|switch|p2a: Alomomola|Alomomola, M, shiny|100/100 par
|turn|21
|
|t:|1758345311
|move|p1a: Gholdengo|Hex|p2a: Alomomola
|-damage|p2a: Alomomola|57/100 par
|move|p2a: Alomomola|Scald|p1a: Gholdengo
|-damage|p1a: Gholdengo|74/100
|
|upkeep
|turn|22
|
|t:|1758345317
|move|p1a: Gholdengo|Hex|p2a: Alomomola
|-damage|p2a: Alomomola|8/100 par
|cant|p2a: Alomomola|par
|
|upkeep
|turn|23
|
|t:|1758345327
|switch|p2a: Pecharunt|Pecharunt|100/100
|move|p1a: Gholdengo|Hex|p2a: Pecharunt
|-supereffective|p2a: Pecharunt
|-damage|p2a: Pecharunt|40/100
|
|upkeep
|turn|24
|
|t:|1758345330
|move|p1a: Gholdengo|Thunder Wave|p2a: Pecharunt
|-status|p2a: Pecharunt|par
|move|p2a: Pecharunt|Parting Shot|p1a: Gholdengo
|-immune|p1a: Gholdengo|[from] ability: Good as Gold
|
|upkeep
|turn|25
|
|t:|1758345332
|switch|p2a: Alomomola|Alomomola, M, shiny|41/100 par
|move|p1a: Gholdengo|Hex|p2a: Alomomola
|-damage|p2a: Alomomola|0 fnt
|faint|p2a: Alomomola
|
|upkeep
|-message|mysticryn forfeited.
|
|win|weixingzhu
|raw|weixingzhu's rating: 1605 &rarr; <strong>1626</strong><br />(+21 for winning)
|raw|mysticryn's rating: 1614 &rarr; <strong>1593</strong><br />(-21 for losing)
|l|‽mysticryn
|player|p2|
|l|☆weixingzhu
|player|p1|
