|j|☆Passerby bye
|j|☆orz
|t:|1758374542
|gametype|singles
|player|p1|Passerby bye|cyclist|1328
|player|p2|orz|fisherman-gen4|1306
|gen|9
|tier|[Gen 9] OU
|rated|
|rule|HP Percentage Mod: HP is shown in percentages
|rule|Endless Battle Clause: Forcing endless battles is banned
|rule|Species Clause: Limit one of each Pokémon
|rule|OHKO Clause: OHKO moves are banned
|rule|Evasion Items Clause: Evasion items are banned
|rule|Evasion Moves Clause: Evasion moves are banned
|rule|Evasion Abilities Clause: Evasion abilities are banned
|rule|Sleep Moves Clause: Sleep-inducing moves are banned
|clearpoke
|poke|p1|Magnezone|
|poke|p1|Vileplume, F|
|poke|p1|Gyarados, F|
|poke|p1|Houndoom, F|
|poke|p1|Mamoswine, M|
|poke|p1|Azumarill, F|
|poke|p2|Araquanid, M|
|poke|p2|Scizor, M|
|poke|p2|Ogerpon-Wellspring, F|
|poke|p2|Samurott-Hisui, M|
|poke|p2|Walking Wake|
|poke|p2|Dragapult, M|
|teampreview
|
|t:|1758374566
|teamsize|p1|6
|teamsize|p2|6
|start
|switch|p1a: Legend Pkmn sucks|Magnezone|100/100
|switch|p2a: Scizor|Scizor, M|100/100
|turn|1
|
|t:|1758374599
|move|p2a: Scizor|Close Combat|p1a: Legend Pkmn sucks
|-supereffective|p1a: Legend Pkmn sucks
|-damage|p1a: Legend Pkmn sucks|4/100
|-unboost|p2a: Scizor|def|1
|-unboost|p2a: Scizor|spd|1
|-damage|p2a: Scizor|91/100|[from] item: Life Orb
|move|p1a: Legend Pkmn sucks|Thunderbolt|p2a: Scizor
|-damage|p2a: Scizor|0 fnt
|faint|p2a: Scizor
|
|upkeep
|
|t:|1758374611
|switch|p2a: Dragapult|Dragapult, M|100/100
|turn|2
|
|t:|1758374615
|move|p2a: Dragapult|Dragon Darts|p1a: Legend Pkmn sucks
|-resisted|p1a: Legend Pkmn sucks
|-damage|p1a: Legend Pkmn sucks|0 fnt
|faint|p1a: Legend Pkmn sucks
|
|upkeep
|
|t:|1758374621
|switch|p1a: Sample Team sucks|Azumarill, F|100/100
|turn|3
|
|t:|1758374646
|switch|p1a: BST＞540 Pkmn sucks|Gyarados, F, shiny|100/100
|-ability|p1a: BST＞540 Pkmn sucks|Intimidate|boost
|-unboost|p2a: Dragapult|atk|1
|move|p2a: Dragapult|Will-O-Wisp|p1a: BST＞540 Pkmn sucks
|-status|p1a: BST＞540 Pkmn sucks|brn
|
|-damage|p1a: BST＞540 Pkmn sucks|94/100 brn|[from] brn
|upkeep
|turn|4
|
|t:|1758374675
|switch|p2a: Samurott|Samurott-Hisui, M|100/100
|move|p1a: BST＞540 Pkmn sucks|Thunder Wave|p2a: Samurott
|-status|p2a: Samurott|par
|
|-damage|p1a: BST＞540 Pkmn sucks|88/100 brn|[from] brn
|upkeep
|turn|5
|
|t:|1758374693
|switch|p1a: Ordinary Pkmn only|Vileplume, F|100/100
|move|p2a: Samurott|Ceaseless Edge|p1a: Ordinary Pkmn only|[miss]
|-miss|p2a: Samurott|p1a: Ordinary Pkmn only
|
|upkeep
|turn|6
|
|t:|1758374698
|move|p2a: Samurott|Ceaseless Edge|p1a: Ordinary Pkmn only
|-damage|p1a: Ordinary Pkmn only|66/100
|-damage|p2a: Samurott|84/100 par|[from] item: Rocky Helmet|[of] p1a: Ordinary Pkmn only
|-sidestart|p1: Passerby bye|Spikes
|move|p1a: Ordinary Pkmn only|Giga Drain|p2a: Samurott
|-supereffective|p2a: Samurott
|-damage|p2a: Samurott|4/100 par
|-heal|p1a: Ordinary Pkmn only|100/100|[from] drain|[of] p2a: Samurott
|
|upkeep
|turn|7
|
|t:|1758374711
|cant|p2a: Samurott|par
|move|p1a: Ordinary Pkmn only|Giga Drain|p2a: Samurott
|-supereffective|p2a: Samurott
|-damage|p2a: Samurott|0 fnt
|faint|p2a: Samurott
|
|upkeep
|
|t:|1758374718
|switch|p2a: Araquanid|Araquanid, M|100/100
|turn|8
|
|t:|1758374722
|-terastallize|p2a: Araquanid|Water
|move|p1a: Ordinary Pkmn only|Leech Seed|p2a: Araquanid
|-start|p2a: Araquanid|move: Leech Seed
|move|p2a: Araquanid|Liquidation|p1a: Ordinary Pkmn only
|-resisted|p1a: Ordinary Pkmn only
|-damage|p1a: Ordinary Pkmn only|50/100
|-damage|p2a: Araquanid|84/100|[from] item: Rocky Helmet|[of] p1a: Ordinary Pkmn only
|
|-damage|p2a: Araquanid|72/100|[from] Leech Seed|[of] p1a: Ordinary Pkmn only
|-heal|p1a: Ordinary Pkmn only|62/100|[silent]
|upkeep
|turn|9
|
|t:|1758374730
|switch|p2a: Dragapult|Dragapult, M|100/100
|move|p1a: Ordinary Pkmn only|Strength Sap|p2a: Dragapult
|-unboost|p2a: Dragapult|atk|1
|-heal|p1a: Ordinary Pkmn only|100/100
|
|upkeep
|turn|10
|
|t:|1758374735
|switch|p1a: BST＞540 Pkmn sucks|Gyarados, F, shiny|88/100 brn
|-ability|p1a: BST＞540 Pkmn sucks|Intimidate|boost
|-unboost|p2a: Dragapult|atk|1
|move|p2a: Dragapult|Will-O-Wisp|p1a: BST＞540 Pkmn sucks
|-fail|p1a: BST＞540 Pkmn sucks|brn
|
|-damage|p1a: BST＞540 Pkmn sucks|82/100 brn|[from] brn
|upkeep
|turn|11
|
|t:|1758374742
|move|p2a: Dragapult|Hex|p1a: BST＞540 Pkmn sucks
|-damage|p1a: BST＞540 Pkmn sucks|27/100 brn
|move|p1a: BST＞540 Pkmn sucks|Thunder Wave|p2a: Dragapult
|-status|p2a: Dragapult|par
|
|-damage|p1a: BST＞540 Pkmn sucks|21/100 brn|[from] brn
|upkeep
|turn|12
|
|t:|1758374747
|cant|p2a: Dragapult|par
|move|p1a: BST＞540 Pkmn sucks|Waterfall|p2a: Dragapult
|-resisted|p2a: Dragapult
|-damage|p2a: Dragapult|86/100 par
|
|-damage|p1a: BST＞540 Pkmn sucks|15/100 brn|[from] brn
|upkeep
|turn|13
|
|t:|1758374752
|move|p2a: Dragapult|Dragon Darts|p1a: BST＞540 Pkmn sucks
|-crit|p1a: BST＞540 Pkmn sucks
|-damage|p1a: BST＞540 Pkmn sucks|0 fnt
|faint|p1a: BST＞540 Pkmn sucks
|
|upkeep
|
|t:|1758374760
|switch|p1a: Weather Team sucks|Houndoom, F|100/100
|turn|14
|
|t:|1758374764
|move|p1a: Weather Team sucks|Dark Pulse|p2a: Dragapult
|-supereffective|p2a: Dragapult
|-damage|p2a: Dragapult|0 fnt
|faint|p2a: Dragapult
|
|upkeep
|
|t:|1758374768
|switch|p2a: Ogerpon|Ogerpon-Wellspring, F|100/100
|turn|15
|j| Jinghan Yu
|l| Jinghan Yu
|
|t:|1758374793
|switch|p1a: Ordinary Pkmn only|Vileplume, F|100/100
|-damage|p1a: Ordinary Pkmn only|88/100|[from] Spikes
|move|p2a: Ogerpon|Knock Off|p1a: Ordinary Pkmn only
|-damage|p1a: Ordinary Pkmn only|59/100
|-damage|p2a: Ogerpon|84/100|[from] item: Rocky Helmet|[of] p1a: Ordinary Pkmn only
|-enditem|p1a: Ordinary Pkmn only|Rocky Helmet|[from] move: Knock Off|[of] p2a: Ogerpon
|
|upkeep
|turn|16
|
|t:|1758374825
|move|p2a: Ogerpon|Spikes|p1a: Ordinary Pkmn only
|-sidestart|p1: Passerby bye|Spikes
|move|p1a: Ordinary Pkmn only|Sludge Wave|p2a: Ogerpon
|-supereffective|p2a: Ogerpon
|-damage|p2a: Ogerpon|0 fnt
|faint|p2a: Ogerpon
|
|upkeep
|
|t:|1758374840
|switch|p2a: Araquanid|Araquanid, M, tera:Water|72/100
|turn|17
|
|t:|1758374848
|move|p1a: Ordinary Pkmn only|Strength Sap|p2a: Araquanid
|-unboost|p2a: Araquanid|atk|1
|-heal|p1a: Ordinary Pkmn only|100/100
|move|p2a: Araquanid|Leech Life|p1a: Ordinary Pkmn only
|-crit|p1a: Ordinary Pkmn only
|-damage|p1a: Ordinary Pkmn only|46/100
|-heal|p2a: Araquanid|99/100|[from] drain|[of] p1a: Ordinary Pkmn only
|
|upkeep
|turn|18
|
|t:|1758374857
|switch|p2a: Walking Wake|Walking Wake|100/100
|move|p1a: Ordinary Pkmn only|Strength Sap|p2a: Walking Wake
|-unboost|p2a: Walking Wake|atk|1
|-heal|p1a: Ordinary Pkmn only|97/100
|
|upkeep
|turn|19
|
|t:|1758374864
|switch|p1a: Sample Team sucks|Azumarill, F|100/100
|-damage|p1a: Sample Team sucks|84/100|[from] Spikes
|move|p2a: Walking Wake|Draco Meteor|p1a: Sample Team sucks
|-immune|p1a: Sample Team sucks
|
|upkeep
|turn|20
|
|t:|1758374870
|move|p2a: Walking Wake|Knock Off|p1a: Sample Team sucks
|-resisted|p1a: Sample Team sucks
|-damage|p1a: Sample Team sucks|78/100
|-enditem|p1a: Sample Team sucks|Assault Vest|[from] move: Knock Off|[of] p2a: Walking Wake
|move|p1a: Sample Team sucks|Play Rough|p2a: Walking Wake
|-supereffective|p2a: Walking Wake
|-damage|p2a: Walking Wake|0 fnt
|faint|p2a: Walking Wake
|-end|p2a: Walking Wake|Protosynthesis|[silent]
|
|upkeep
|
|t:|1758374876
|switch|p2a: Araquanid|Araquanid, M, tera:Water|99/100
|turn|21
|
|t:|1758374881
|move|p1a: Sample Team sucks|Knock Off|p2a: Araquanid
|-damage|p2a: Araquanid|53/100
|-enditem|p2a: Araquanid|Choice Band|[from] move: Knock Off|[of] p1a: Sample Team sucks
|move|p2a: Araquanid|Liquidation|p1a: Sample Team sucks
|-resisted|p1a: Sample Team sucks
|-damage|p1a: Sample Team sucks|34/100
|
|upkeep
|turn|22
|
|t:|1758374891
|move|p1a: Sample Team sucks|Play Rough|p2a: Araquanid
|-damage|p2a: Araquanid|0 fnt
|faint|p2a: Araquanid
|
|win|Passerby bye
|raw|Passerby bye's rating: 1328 &rarr; <strong>1347</strong><br />(+19 for winning)
|raw|orz's rating: 1306 &rarr; <strong>1287</strong><br />(-19 for losing)
|l|☆orz
|player|p2|
|l|☆Passerby bye
|player|p1|
