|j|☆refind
|j|☆Kiatmoo9
|t:|1758274613
|gametype|singles
|player|p1|refind|elesa|1550
|player|p2|Kiatmoo9|101|1515
|gen|9
|tier|[Gen 9] OU
|rated|
|rule|HP Percentage Mod: HP is shown in percentages
|rule|Endless Battle Clause: Forcing endless battles is banned
|rule|Species Clause: Limit one of each Pokémon
|rule|OHKO Clause: OHKO moves are banned
|rule|Evasion Items Clause: Evasion items are banned
|rule|Evasion Moves Clause: Evasion moves are banned
|rule|Evasion Abilities Clause: Evasion abilities are banned
|rule|Sleep Moves Clause: Sleep-inducing moves are banned
|clearpoke
|poke|p1|Gliscor, F|
|poke|p1|Ogerpon-Cornerstone, F|
|poke|p1|Hydrapple, F|
|poke|p1|Alomomola, M|
|poke|p1|Iron Crown|
|poke|p1|Great Tusk|
|poke|p2|Tornadus-Therian, M|
|poke|p2|Zamazenta-*|
|poke|p2|Corviknight, F|
|poke|p2|Gliscor, M|
|poke|p2|Slowking-Galar, M|
|poke|p2|Blissey, F|
|teampreview
|inactive|Battle timer is ON: inactive players will automatically lose when time's up. (requested by refind)
|
|t:|1758274635
|teamsize|p1|6
|teamsize|p2|6
|start
|switch|p1a: Ogerpon|Ogerpon-Cornerstone, F|100/100
|switch|p2a: Tornadus|Tornadus-Therian, M, shiny|100/100
|turn|1
|
|t:|1758274641
|switch|p2a: Corviknight|Corviknight, F|100/100
|-ability|p2a: Corviknight|Pressure
|move|p1a: Ogerpon|Ivy Cudgel|p2a: Corviknight|[anim] Ivy Cudgel Rock
|-damage|p2a: Corviknight|68/100
|
|upkeep
|turn|2
|
|t:|1758274649
|switch|p1a: Gliscor|Gliscor, F, shiny|100/100
|move|p2a: Corviknight|U-turn|p1a: Gliscor
|-resisted|p1a: Gliscor
|-damage|p1a: Gliscor|96/100
|
|t:|1758274657
|switch|p2a: Tornadus|Tornadus-Therian, M, shiny|100/100|[from] U-turn
|
|-status|p1a: Gliscor|tox|[from] item: Toxic Orb
|upkeep
|turn|3
|
|t:|1758274665
|move|p2a: Tornadus|Taunt|p1a: Gliscor
|-start|p1a: Gliscor|move: Taunt
|cant|p1a: Gliscor|move: Taunt|Stealth Rock
|
|-heal|p1a: Gliscor|100/100 tox|[from] ability: Poison Heal
|upkeep
|turn|4
|
|t:|1758274670
|move|p2a: Tornadus|Bleakwind Storm|p1a: Gliscor
|-damage|p1a: Gliscor|59/100 tox
|-unboost|p1a: Gliscor|spe|1
|move|p1a: Gliscor|Knock Off|p2a: Tornadus
|-damage|p2a: Tornadus|78/100
|-enditem|p2a: Tornadus|Heavy-Duty Boots|[from] move: Knock Off|[of] p1a: Gliscor
|
|-heal|p1a: Gliscor|72/100 tox|[from] ability: Poison Heal
|upkeep
|turn|5
|
|t:|1758274679
|switch|p1a: Iron Crown|Iron Crown|100/100
|move|p2a: Tornadus|Bleakwind Storm|p1a: Iron Crown
|-resisted|p1a: Iron Crown
|-damage|p1a: Iron Crown|81/100
|
|upkeep
|turn|6
|
|t:|1758274689
|switch|p2a: Blissey|Blissey, F|100/100
|move|p1a: Iron Crown|Tachyon Cutter|p2a: Blissey
|-damage|p2a: Blissey|89/100
|-damage|p2a: Blissey|77/100
|-hitcount|p2a: Blissey|2
|
|upkeep
|turn|7
|
|t:|1758274696
|-end|p1a: Iron Crown|Quark Drive|[silent]
|switch|p1a: Gliscor|Gliscor, F, shiny|72/100 tox
|move|p2a: Blissey|Stealth Rock|p1a: Gliscor
|-sidestart|p1: refind|move: Stealth Rock
|
|-heal|p1a: Gliscor|84/100 tox|[from] ability: Poison Heal
|upkeep
|turn|8
|
|t:|1758274702
|switch|p2a: Tornadus|Tornadus-Therian, M, shiny|100/100
|move|p1a: Gliscor|Stealth Rock|p2a: Tornadus
|-sidestart|p2: Kiatmoo9|move: Stealth Rock
|
|-heal|p1a: Gliscor|97/100 tox|[from] ability: Poison Heal
|upkeep
|turn|9
|
|t:|1758274707
|switch|p1a: Great Tusk|Great Tusk|100/100
|-damage|p1a: Great Tusk|98/100|[from] Stealth Rock
|move|p2a: Tornadus|Nasty Plot|p2a: Tornadus
|-boost|p2a: Tornadus|spa|2
|
|-heal|p1a: Great Tusk|100/100|[from] item: Leftovers
|upkeep
|turn|10
|inactive|refind has 120 seconds left.
|
|t:|1758274740
|-end|p1a: Great Tusk|Protosynthesis|[silent]
|switch|p1a: Gliscor|Gliscor, F, shiny|97/100 tox
|-damage|p1a: Gliscor|84/100 tox|[from] Stealth Rock
|move|p2a: Tornadus|Bleakwind Storm|p1a: Gliscor
|-damage|p1a: Gliscor|0 fnt
|faint|p1a: Gliscor
|
|upkeep
|inactive|refind has 120 seconds left.
|
|t:|1758274750
|switch|p1a: Iron Crown|Iron Crown|81/100
|-damage|p1a: Iron Crown|75/100|[from] Stealth Rock
|turn|11
|
|t:|1758274753
|move|p2a: Tornadus|Heat Wave|p1a: Iron Crown
|-supereffective|p1a: Iron Crown
|-damage|p1a: Iron Crown|0 fnt
|faint|p1a: Iron Crown
|-end|p1a: Iron Crown|Quark Drive|[silent]
|
|upkeep
|
|t:|1758274758
|switch|p1a: Hydrapple|Hydrapple, F|100/100
|-damage|p1a: Hydrapple|88/100|[from] Stealth Rock
|turn|12
|
|t:|1758274763
|-terastallize|p1a: Hydrapple|Steel
|move|p2a: Tornadus|Bleakwind Storm|p1a: Hydrapple|[miss]
|-miss|p2a: Tornadus|p1a: Hydrapple
|move|p1a: Hydrapple|Fickle Beam|p2a: Tornadus
|-damage|p2a: Tornadus|69/100
|
|upkeep
|turn|13
|
|t:|1758274770
|move|p2a: Tornadus|Heat Wave|p1a: Hydrapple
|-supereffective|p1a: Hydrapple
|-damage|p1a: Hydrapple|46/100
|move|p1a: Hydrapple|Fickle Beam|p2a: Tornadus
|-damage|p2a: Tornadus|37/100
|
|upkeep
|turn|14
|
|t:|1758274778
|-terastallize|p2a: Tornadus|Steel
|move|p2a: Tornadus|Heat Wave|p1a: Hydrapple
|-supereffective|p1a: Hydrapple
|-damage|p1a: Hydrapple|0 fnt
|faint|p1a: Hydrapple
|
|upkeep
|
|t:|1758274786
|switch|p1a: Great Tusk|Great Tusk|100/100
|-damage|p1a: Great Tusk|98/100|[from] Stealth Rock
|turn|15
|
|t:|1758274788
|move|p2a: Tornadus|Bleakwind Storm|p1a: Great Tusk
|-supereffective|p1a: Great Tusk
|-damage|p1a: Great Tusk|0 fnt
|faint|p1a: Great Tusk
|-end|p1a: Great Tusk|Protosynthesis|[silent]
|
|upkeep
|-message|refind forfeited.
|
|win|Kiatmoo9
|raw|refind's rating: 1550 &rarr; <strong>1528</strong><br />(-22 for losing)
|raw|Kiatmoo9's rating: 1515 &rarr; <strong>1537</strong><br />(+22 for winning)
|l|☆refind
|player|p1|
|l|☆Kiatmoo9
|player|p2|
