|j|☆Versalius
|j|☆sonic superstars
|t:|1758300212
|gametype|singles
|player|p1|Versalius|266|1675
|player|p2|sonic superstars|acetrainer-gen4|1653
|gen|9
|tier|[Gen 9] OU
|rated|
|rule|HP Percentage Mod: HP is shown in percentages
|rule|Endless Battle Clause: Forcing endless battles is banned
|rule|Species Clause: Limit one of each Pokémon
|rule|OHKO Clause: OHKO moves are banned
|rule|Evasion Items Clause: Evasion items are banned
|rule|Evasion Moves Clause: Evasion moves are banned
|rule|Evasion Abilities Clause: Evasion abilities are banned
|rule|Sleep Moves Clause: Sleep-inducing moves are banned
|clearpoke
|poke|p1|Ting-Lu|
|poke|p1|Dragapult, M|
|poke|p1|Cinderace, M|
|poke|p1|Meowscarada, F|
|poke|p1|Corviknight, M|
|poke|p1|Raging Bolt|
|poke|p2|Garganacl, M|
|poke|p2|Great Tusk|
|poke|p2|Chesnaught, M|
|poke|p2|Dragapult, M|
|poke|p2|Moltres|
|poke|p2|Kingambit, M|
|teampreview
|inactive|Battle timer is ON: inactive players will automatically lose when time's up. (requested by sonic superstars)
|inactive|Versalius also wants the timer to be on.
|
|t:|1758300228
|teamsize|p1|6
|teamsize|p2|6
|start
|switch|p1a: Meowscarada|Meowscarada, F|100/100
|switch|p2a: Garganacl|Garganacl, M|100/100
|turn|1
|j| Swagboss123456789
|
|t:|1758300233
|move|p2a: Garganacl|Protect|p2a: Garganacl
|-singleturn|p2a: Garganacl|Protect
|move|p1a: Meowscarada|Knock Off|p2a: Garganacl
|-start|p1a: Meowscarada|typechange|Dark|[from] ability: Protean
|-activate|p2a: Garganacl|move: Protect
|
|upkeep
|turn|2
|l| Swagboss123456789
|
|t:|1758300244
|switch|p2a: Great Tusk|Great Tusk|100/100
|move|p1a: Meowscarada|Knock Off|p2a: Great Tusk
|-resisted|p2a: Great Tusk
|-damage|p2a: Great Tusk|84/100
|-enditem|p2a: Great Tusk|Heavy-Duty Boots|[from] move: Knock Off|[of] p1a: Meowscarada
|
|upkeep
|turn|3
|
|t:|1758300253
|switch|p1a: Corviknight|Corviknight, M|100/100
|-ability|p1a: Corviknight|Pressure
|move|p2a: Great Tusk|Knock Off|p1a: Corviknight
|-damage|p1a: Corviknight|82/100
|-damage|p2a: Great Tusk|67/100|[from] item: Rocky Helmet|[of] p1a: Corviknight
|-enditem|p1a: Corviknight|Rocky Helmet|[from] move: Knock Off|[of] p2a: Great Tusk
|
|upkeep
|turn|4
|
|t:|1758300256
|-end|p2a: Great Tusk|Protosynthesis|[silent]
|switch|p2a: Moltres|Moltres|100/100
|move|p1a: Corviknight|U-turn|p2a: Moltres
|-resisted|p2a: Moltres
|-damage|p2a: Moltres|97/100
|
|t:|1758300267
|switch|p1a: Meowscarada|Meowscarada, F|100/100|[from] U-turn
|
|upkeep
|turn|5
|
|t:|1758300274
|switch|p2a: Great Tusk|Great Tusk|67/100
|move|p1a: Meowscarada|Knock Off|p2a: Great Tusk
|-start|p1a: Meowscarada|typechange|Dark|[from] ability: Protean
|-resisted|p2a: Great Tusk
|-damage|p2a: Great Tusk|56/100
|
|upkeep
|turn|6
|
|t:|1758300285
|switch|p1a: Corviknight|Corviknight, M|82/100
|-ability|p1a: Corviknight|Pressure
|-end|p2a: Great Tusk|Protosynthesis|[silent]
|switch|p2a: Moltres|Moltres|97/100
|
|upkeep
|turn|7
|
|t:|1758300294
|switch|p1a: Ting-Lu|Ting-Lu|100/100
|-ability|p1a: Ting-Lu|Vessel of Ruin
|move|p2a: Moltres|U-turn|p1a: Ting-Lu
|-supereffective|p1a: Ting-Lu
|-damage|p1a: Ting-Lu|85/100
|
|t:|1758300308
|switch|p2a: Dragapult|Dragapult, M|100/100|[from] U-turn
|
|-heal|p1a: Ting-Lu|91/100|[from] item: Leftovers
|upkeep
|turn|8
|
|t:|1758300315
|move|p2a: Dragapult|Will-O-Wisp|p1a: Ting-Lu|[miss]
|-miss|p2a: Dragapult|p1a: Ting-Lu
|move|p1a: Ting-Lu|Stealth Rock|p2a: Dragapult
|-sidestart|p2: sonic superstars|move: Stealth Rock
|
|-heal|p1a: Ting-Lu|97/100|[from] item: Leftovers
|upkeep
|turn|9
|
|t:|1758300323
|move|p2a: Dragapult|Will-O-Wisp|p1a: Ting-Lu
|-status|p1a: Ting-Lu|brn
|move|p1a: Ting-Lu|Spikes|p2a: Dragapult
|-sidestart|p2: sonic superstars|Spikes
|
|-heal|p1a: Ting-Lu|100/100 brn|[from] item: Leftovers
|-damage|p1a: Ting-Lu|94/100 brn|[from] brn
|upkeep
|turn|10
|
|t:|1758300333
|move|p2a: Dragapult|U-turn|p1a: Ting-Lu
|-supereffective|p1a: Ting-Lu
|-damage|p1a: Ting-Lu|76/100 brn
|
|t:|1758300335
|switch|p2a: Great Tusk|Great Tusk|56/100|[from] U-turn
|-damage|p2a: Great Tusk|53/100|[from] Stealth Rock
|-damage|p2a: Great Tusk|40/100|[from] Spikes
|move|p1a: Ting-Lu|Whirlwind|p2a: Great Tusk
|-end|p2a: Great Tusk|Protosynthesis|[silent]
|drag|p2a: Moltres|Moltres|97/100
|
|-heal|p1a: Ting-Lu|82/100 brn|[from] item: Leftovers
|-damage|p1a: Ting-Lu|76/100 brn|[from] brn
|upkeep
|turn|11
|
|t:|1758300342
|move|p2a: Moltres|Flamethrower|p1a: Ting-Lu
|-damage|p1a: Ting-Lu|61/100 brn
|move|p1a: Ting-Lu|Spikes|p2a: Moltres
|-sidestart|p2: sonic superstars|Spikes
|
|-heal|p1a: Ting-Lu|67/100 brn|[from] item: Leftovers
|-damage|p1a: Ting-Lu|61/100 brn|[from] brn
|upkeep
|turn|12
|
|t:|1758300346
|move|p2a: Moltres|Flamethrower|p1a: Ting-Lu
|-damage|p1a: Ting-Lu|44/100 brn
|move|p1a: Ting-Lu|Whirlwind|p2a: Moltres
|drag|p2a: Great Tusk|Great Tusk|40/100
|-damage|p2a: Great Tusk|37/100|[from] Stealth Rock
|-damage|p2a: Great Tusk|21/100|[from] Spikes
|
|-heal|p1a: Ting-Lu|51/100 brn|[from] item: Leftovers
|-damage|p1a: Ting-Lu|44/100 brn|[from] brn
|upkeep
|turn|13
|
|t:|1758300354
|switch|p1a: Corviknight|Corviknight, M|82/100
|-ability|p1a: Corviknight|Pressure
|move|p2a: Great Tusk|Knock Off|p1a: Corviknight
|-damage|p1a: Corviknight|68/100
|
|upkeep
|turn|14
|
|t:|1758300360
|switch|p1a: Dragapult|Dragapult, M|100/100
|move|p2a: Great Tusk|Knock Off|p1a: Dragapult
|-supereffective|p1a: Dragapult
|-damage|p1a: Dragapult|3/100
|-enditem|p1a: Dragapult|Choice Specs|[from] move: Knock Off|[of] p2a: Great Tusk
|
|upkeep
|turn|15
|
|t:|1758300365
|-end|p2a: Great Tusk|Protosynthesis|[silent]
|switch|p2a: Moltres|Moltres|97/100
|move|p1a: Dragapult|Shadow Ball|p2a: Moltres
|-damage|p2a: Moltres|70/100
|
|upkeep
|turn|16
|
|t:|1758300377
|move|p1a: Dragapult|Draco Meteor|p2a: Moltres
|-damage|p2a: Moltres|25/100
|-unboost|p1a: Dragapult|spa|2
|move|p2a: Moltres|U-turn|p1a: Dragapult
|-resisted|p1a: Dragapult
|-damage|p1a: Dragapult|0 fnt
|faint|p1a: Dragapult
|
|t:|1758300384
|switch|p2a: Dragapult|Dragapult, M|100/100|[from] U-turn
|
|upkeep
|
|t:|1758300392
|switch|p1a: Meowscarada|Meowscarada, F|100/100
|turn|17
|
|t:|1758300405
|switch|p2a: Chesnaught|Chesnaught, M|100/100
|-damage|p2a: Chesnaught|94/100|[from] Stealth Rock
|-damage|p2a: Chesnaught|78/100|[from] Spikes
|move|p1a: Meowscarada|Knock Off|p2a: Chesnaught
|-start|p1a: Meowscarada|typechange|Dark|[from] ability: Protean
|-resisted|p2a: Chesnaught
|-damage|p2a: Chesnaught|65/100
|-damage|p1a: Meowscarada|84/100|[from] item: Rocky Helmet|[of] p2a: Chesnaught
|-enditem|p2a: Chesnaught|Rocky Helmet|[from] move: Knock Off|[of] p1a: Meowscarada
|
|upkeep
|turn|18
|
|t:|1758300414
|switch|p1a: Corviknight|Corviknight, M|68/100
|-ability|p1a: Corviknight|Pressure
|move|p2a: Chesnaught|Spikes|p1a: Corviknight
|-sidestart|p1: Versalius|Spikes
|
|upkeep
|turn|19
|
|t:|1758300425
|switch|p2a: Kingambit|Kingambit, M|100/100
|-damage|p2a: Kingambit|94/100|[from] Stealth Rock
|-damage|p2a: Kingambit|78/100|[from] Spikes
|move|p1a: Corviknight|U-turn|p2a: Kingambit
|-damage|p2a: Kingambit|67/100
|
|t:|1758300428
|switch|p1a: Cinderace|Cinderace, M|100/100|[from] U-turn
|
|-heal|p2a: Kingambit|74/100|[from] item: Leftovers
|upkeep
|turn|20
|
|t:|1758300442
|-end|p2a: Kingambit|fallenundefined|[silent]
|switch|p2a: Moltres|Moltres|25/100
|move|p1a: Cinderace|Pyro Ball|p2a: Moltres|[miss]
|-miss|p1a: Cinderace|p2a: Moltres
|
|upkeep
|turn|21
|
|t:|1758300446
|move|p1a: Cinderace|Pyro Ball|p2a: Moltres
|-resisted|p2a: Moltres
|-damage|p2a: Moltres|0 fnt
|faint|p2a: Moltres
|
|upkeep
|
|t:|1758300450
|switch|p2a: Garganacl|Garganacl, M|100/100
|-damage|p2a: Garganacl|88/100|[from] Stealth Rock
|-damage|p2a: Garganacl|72/100|[from] Spikes
|turn|22
|
|t:|1758300454
|move|p1a: Cinderace|High Jump Kick|p2a: Garganacl
|-start|p1a: Cinderace|typechange|Fighting|[from] ability: Libero
|-supereffective|p2a: Garganacl
|-damage|p2a: Garganacl|0 fnt
|faint|p2a: Garganacl
|
|upkeep
|c|☆sonic superstars|boots libero
|c|☆sonic superstars|ok
|
|t:|1758300463
|switch|p2a: Dragapult|Dragapult, M|100/100
|turn|23
|
|t:|1758300469
|switch|p1a: Ting-Lu|Ting-Lu|44/100 brn
|-damage|p1a: Ting-Lu|32/100 brn|[from] Spikes
|-ability|p1a: Ting-Lu|Vessel of Ruin
|move|p2a: Dragapult|Will-O-Wisp|p1a: Ting-Lu
|-fail|p1a: Ting-Lu|brn
|
|-heal|p1a: Ting-Lu|38/100 brn|[from] item: Leftovers
|-damage|p1a: Ting-Lu|32/100 brn|[from] brn
|upkeep
|turn|24
|
|t:|1758300475
|move|p2a: Dragapult|U-turn|p1a: Ting-Lu
|-supereffective|p1a: Ting-Lu
|-damage|p1a: Ting-Lu|15/100 brn
|
|t:|1758300477
|switch|p2a: Chesnaught|Chesnaught, M|65/100|[from] U-turn
|-damage|p2a: Chesnaught|59/100|[from] Stealth Rock
|-damage|p2a: Chesnaught|43/100|[from] Spikes
|move|p1a: Ting-Lu|Spikes|p2a: Chesnaught
|-sidestart|p2: sonic superstars|Spikes
|
|-heal|p1a: Ting-Lu|21/100 brn|[from] item: Leftovers
|-damage|p1a: Ting-Lu|15/100 brn|[from] brn
|upkeep
|turn|25
|
|t:|1758300483
|move|p2a: Chesnaught|Synthesis|p2a: Chesnaught
|-heal|p2a: Chesnaught|93/100
|move|p1a: Ting-Lu|Whirlwind|p2a: Chesnaught
|drag|p2a: Great Tusk|Great Tusk|21/100
|-damage|p2a: Great Tusk|18/100|[from] Stealth Rock
|-damage|p2a: Great Tusk|0 fnt|[from] Spikes
|faint|p2a: Great Tusk
|-end|p2a: Great Tusk|Protosynthesis|[silent]
|
|-heal|p1a: Ting-Lu|21/100 brn|[from] item: Leftovers
|-damage|p1a: Ting-Lu|15/100 brn|[from] brn
|upkeep
|
|t:|1758300486
|switch|p2a: Dragapult|Dragapult, M|100/100
|turn|26
|
|t:|1758300496
|move|p2a: Dragapult|Draco Meteor|p1a: Ting-Lu
|-damage|p1a: Ting-Lu|0 fnt
|-unboost|p2a: Dragapult|spa|2
|faint|p1a: Ting-Lu
|
|upkeep
|
|t:|1758300503
|switch|p1a: Raging Bolt|Raging Bolt|100/100
|-damage|p1a: Raging Bolt|88/100|[from] Spikes
|-enditem|p1a: Raging Bolt|Booster Energy
|-activate|p1a: Raging Bolt|ability: Protosynthesis|[fromitem]
|-start|p1a: Raging Bolt|protosynthesisspa
|turn|27
|
|t:|1758300513
|-terastallize|p2a: Dragapult|Fairy
|-terastallize|p1a: Raging Bolt|Fairy
|move|p2a: Dragapult|Draco Meteor|p1a: Raging Bolt
|-immune|p1a: Raging Bolt
|move|p1a: Raging Bolt|Dragon Pulse|p2a: Dragapult
|-immune|p2a: Dragapult
|
|upkeep
|turn|28
|
|t:|1758300522
|move|p2a: Dragapult|Will-O-Wisp|p1a: Raging Bolt|[miss]
|-miss|p2a: Dragapult|p1a: Raging Bolt
|move|p1a: Raging Bolt|Thunderbolt|p2a: Dragapult
|-damage|p2a: Dragapult|5/100
|
|upkeep
|turn|29
|-message|sonic superstars forfeited.
|
|win|Versalius
|raw|Versalius's rating: 1675 &rarr; <strong>1694</strong><br />(+19 for winning)
|raw|sonic superstars's rating: 1653 &rarr; <strong>1634</strong><br />(-19 for losing)
|l|☆sonic superstars
|player|p2|
|l|☆Versalius
|player|p1|
