|j|☆jlce
|j|☆kamijogoated
|t:|1758261457
|gametype|singles
|player|p1|jlce|266|1444
|player|p2|kamijogoated|hapu|1433
|gen|9
|tier|[Gen 9] OU
|rated|
|rule|HP Percentage Mod: HP is shown in percentages
|rule|Endless Battle Clause: Forcing endless battles is banned
|rule|Species Clause: Limit one of each Pokémon
|rule|OHKO Clause: OHKO moves are banned
|rule|Evasion Items Clause: Evasion items are banned
|rule|Evasion Moves Clause: Evasion moves are banned
|rule|Evasion Abilities Clause: Evasion abilities are banned
|rule|Sleep Moves Clause: Sleep-inducing moves are banned
|clearpoke
|poke|p1|Weavile, M|
|poke|p1|Samurott-Hisui, F|
|poke|p1|Hydreigon, M|
|poke|p1|Tentacruel, F|
|poke|p1|Sinistcha|
|poke|p1|Skeledirge, F|
|poke|p2|Ceruledge, F|
|poke|p2|Raging Bolt|
|poke|p2|Latias, F|
|poke|p2|Kyurem|
|poke|p2|Ninetales-Alola, F|
|poke|p2|Iron Moth|
|teampreview
|
|t:|1758261480
|teamsize|p1|6
|teamsize|p2|6
|start
|switch|p1a: Skeledirge|Skeledirge, F|100/100
|switch|p2a: 50/50|Raging Bolt|100/100
|-enditem|p2a: 50/50|Booster Energy
|-activate|p2a: 50/50|ability: Protosynthesis|[fromitem]
|-start|p2a: 50/50|protosynthesisspa
|turn|1
|
|t:|1758261484
|move|p2a: 50/50|Calm Mind|p2a: 50/50
|-boost|p2a: 50/50|spa|1
|-boost|p2a: 50/50|spd|1
|move|p1a: Skeledirge|Torch Song|p2a: 50/50
|-resisted|p2a: 50/50
|-damage|p2a: 50/50|88/100
|-boost|p1a: Skeledirge|spa|1
|
|upkeep
|turn|2
|
|t:|1758261491
|-end|p2a: 50/50|Protosynthesis|[silent]
|switch|p2a: realpsyspam|Latias, F|100/100
|move|p1a: Skeledirge|Torch Song|p2a: realpsyspam
|-resisted|p2a: realpsyspam
|-damage|p2a: realpsyspam|80/100
|-boost|p1a: Skeledirge|spa|1
|
|-heal|p2a: realpsyspam|86/100|[from] item: Leftovers
|upkeep
|turn|3
|
|t:|1758261500
|move|p2a: realpsyspam|Calm Mind|p2a: realpsyspam
|-boost|p2a: realpsyspam|spa|1
|-boost|p2a: realpsyspam|spd|1
|move|p1a: Skeledirge|Torch Song|p2a: realpsyspam
|-resisted|p2a: realpsyspam
|-damage|p2a: realpsyspam|57/100
|-boost|p1a: Skeledirge|spa|1
|
|-heal|p2a: realpsyspam|63/100|[from] item: Leftovers
|upkeep
|turn|4
|
|t:|1758261508
|move|p2a: realpsyspam|Agility|p2a: realpsyspam
|-boost|p2a: realpsyspam|spe|2
|move|p1a: Skeledirge|Hex|p2a: realpsyspam
|-supereffective|p2a: realpsyspam
|-damage|p2a: realpsyspam|0 fnt
|faint|p2a: realpsyspam
|
|upkeep
|
|t:|1758261514
|switch|p2a: bury the light|Ceruledge, F|100/100
|turn|5
|
|t:|1758261520
|move|p2a: bury the light|Poltergeist|p1a: Skeledirge
|-activate|p1a: Skeledirge|move: Poltergeist|Heavy-Duty Boots
|-supereffective|p1a: Skeledirge
|-damage|p1a: Skeledirge|7/100
|move|p1a: Skeledirge|Hex|p2a: bury the light
|-supereffective|p2a: bury the light
|-enditem|p2a: bury the light|Focus Sash
|-damage|p2a: bury the light|1/100
|
|upkeep
|turn|6
|
|t:|1758261530
|move|p2a: bury the light|Shadow Sneak|p1a: Skeledirge
|-supereffective|p1a: Skeledirge
|-damage|p1a: Skeledirge|0 fnt
|faint|p1a: Skeledirge
|
|upkeep
|
|t:|1758261532
|switch|p1a: Samurott|Samurott-Hisui, F|100/100
|turn|7
|
|t:|1758261536
|move|p2a: bury the light|Shadow Sneak|p1a: Samurott
|-resisted|p1a: Samurott
|-damage|p1a: Samurott|87/100
|move|p1a: Samurott|Ceaseless Edge|p2a: bury the light
|-supereffective|p2a: bury the light
|-damage|p2a: bury the light|0 fnt
|-sidestart|p2: kamijogoated|Spikes
|faint|p2a: bury the light
|
|upkeep
|
|t:|1758261542
|switch|p2a: snow bunny|Ninetales-Alola, F|100/100
|-damage|p2a: snow bunny|88/100|[from] Spikes
|-weather|Snowscape|[from] ability: Snow Warning|[of] p2a: snow bunny
|turn|8
|
|t:|1758261547
|move|p2a: snow bunny|Moonblast|p1a: Samurott
|-supereffective|p1a: Samurott
|-crit|p1a: Samurott
|-damage|p1a: Samurott|0 fnt
|faint|p1a: Samurott
|
|-weather|Snowscape|[upkeep]
|upkeep
|
|t:|1758261553
|switch|p1a: Hydreigon|Hydreigon, M|100/100
|turn|9
|
|t:|1758261567
|-terastallize|p1a: Hydreigon|Steel
|move|p2a: snow bunny|Aurora Veil|p2a: snow bunny
|-sidestart|p2: kamijogoated|move: Aurora Veil
|move|p1a: Hydreigon|Flash Cannon|p2a: snow bunny
|-supereffective|p2a: snow bunny
|-damage|p2a: snow bunny|0 fnt
|faint|p2a: snow bunny
|
|-weather|Snowscape|[upkeep]
|upkeep
|
|t:|1758261571
|switch|p2a: MoveMerchant|Iron Moth|100/100
|-damage|p2a: MoveMerchant|88/100|[from] Spikes
|-enditem|p2a: MoveMerchant|Booster Energy
|-activate|p2a: MoveMerchant|ability: Quark Drive|[fromitem]
|-start|p2a: MoveMerchant|quarkdrivespe
|turn|10
|
|t:|1758261577
|switch|p1a: Tentacruel|Tentacruel, F|100/100
|move|p2a: MoveMerchant|Fiery Dance|p1a: Tentacruel
|-resisted|p1a: Tentacruel
|-damage|p1a: Tentacruel|88/100
|
|-weather|Snowscape|[upkeep]
|upkeep
|turn|11
|
|t:|1758261589
|move|p2a: MoveMerchant|Fiery Dance|p1a: Tentacruel
|-resisted|p1a: Tentacruel
|-damage|p1a: Tentacruel|76/100
|-boost|p2a: MoveMerchant|spa|1
|move|p1a: Tentacruel|Rapid Spin|p2a: MoveMerchant
|-damage|p2a: MoveMerchant|82/100
|-boost|p1a: Tentacruel|spe|1
|
|-weather|Snowscape|[upkeep]
|upkeep
|turn|12
|
|t:|1758261597
|move|p2a: MoveMerchant|Energy Ball|p1a: Tentacruel
|-damage|p1a: Tentacruel|50/100
|move|p1a: Tentacruel|Rapid Spin|p2a: MoveMerchant
|-damage|p2a: MoveMerchant|75/100
|-boost|p1a: Tentacruel|spe|1
|
|-weather|none
|upkeep
|turn|13
|
|t:|1758261606
|move|p2a: MoveMerchant|Energy Ball|p1a: Tentacruel
|-damage|p1a: Tentacruel|25/100
|-unboost|p1a: Tentacruel|spd|1
|move|p1a: Tentacruel|Rapid Spin|p2a: MoveMerchant
|-damage|p2a: MoveMerchant|68/100
|-boost|p1a: Tentacruel|spe|1
|
|upkeep
|turn|14
|
|t:|1758261641
|move|p1a: Tentacruel|Flip Turn|p2a: MoveMerchant
|-supereffective|p2a: MoveMerchant
|-damage|p2a: MoveMerchant|44/100
|
|t:|1758261647
|switch|p1a: Sinistcha|Sinistcha|100/100|[from] Flip Turn
|move|p2a: MoveMerchant|Fiery Dance|p1a: Sinistcha
|-supereffective|p1a: Sinistcha
|-damage|p1a: Sinistcha|33/100
|-boost|p2a: MoveMerchant|spa|1
|
|-heal|p1a: Sinistcha|39/100|[from] item: Leftovers
|upkeep
|turn|15
|
|t:|1758261652
|move|p2a: MoveMerchant|Fiery Dance|p1a: Sinistcha
|-supereffective|p1a: Sinistcha
|-damage|p1a: Sinistcha|0 fnt
|-boost|p2a: MoveMerchant|spa|1
|faint|p1a: Sinistcha
|
|upkeep
|
|t:|1758261658
|switch|p1a: Tentacruel|Tentacruel, F|25/100
|turn|16
|
|t:|1758261661
|move|p2a: MoveMerchant|Energy Ball|p1a: Tentacruel
|-damage|p1a: Tentacruel|0 fnt
|faint|p1a: Tentacruel
|
|-sideend|p2: kamijogoated|move: Aurora Veil
|upkeep
|
|t:|1758261668
|switch|p1a: Weavile|Weavile, M|100/100
|turn|17
|
|t:|1758261671
|move|p1a: Weavile|Ice Shard|p2a: MoveMerchant
|-resisted|p2a: MoveMerchant
|-damage|p2a: MoveMerchant|21/100
|-damage|p1a: Weavile|91/100|[from] item: Life Orb
|move|p2a: MoveMerchant|Fiery Dance|p1a: Weavile
|-supereffective|p1a: Weavile
|-damage|p1a: Weavile|0 fnt
|faint|p1a: Weavile
|
|upkeep
|-message|jlce forfeited.
|
|win|kamijogoated
|raw|jlce's rating: 1444 &rarr; <strong>1423</strong><br />(-21 for losing)
|raw|kamijogoated's rating: 1433 &rarr; <strong>1454</strong><br />(+21 for winning)
|l|☆jlce
|player|p1|
|l|☆kamijogoated
|player|p2|
