|j|☆Terra the creator
|j|☆fate1q
|inactive|Battle timer is ON: inactive players will automatically lose when time's up.
|t:|1758311264
|gametype|singles
|player|p1|Terra the creator|bruno|
|player|p2|fate1q|lucas|
|gen|9
|tier|[Gen 9] OU
|rated|Tournament battle
|rule|HP Percentage Mod: HP is shown in percentages
|rule|Endless Battle Clause: Forcing endless battles is banned
|rule|Species Clause: Limit one of each Pokémon
|rule|OHKO Clause: OHKO moves are banned
|rule|Evasion Items Clause: Evasion items are banned
|rule|Evasion Moves Clause: Evasion moves are banned
|rule|Evasion Abilities Clause: Evasion abilities are banned
|rule|Sleep Moves Clause: Sleep-inducing moves are banned
|clearpoke
|poke|p1|Zamazenta-*|
|poke|p1|Gliscor, F|
|poke|p1|Clefable, F|
|poke|p1|Samurott-Hisui, M|
|poke|p1|Gholdengo|
|poke|p1|Dragonite, M|
|poke|p2|Rillaboom, F|
|poke|p2|Darkrai|
|poke|p2|Gholdengo|
|poke|p2|Cinderace, F|
|poke|p2|Garganacl, F|
|poke|p2|Landorus-Therian, M|
|teampreview
|inactive|fate1q also wants the timer to be on.
|c|☆Terra the creator|Hf
|j|*Lady Monita ☀
|c|☆fate1q|hf
|inactive|fate1q has 120 seconds left.
|
|t:|1758311298
|teamsize|p1|6
|teamsize|p2|6
|start
|switch|p1a: Gliscor|Gliscor, F|100/100
|switch|p2a: Darkrai|Darkrai|100/100
|turn|1
|
|t:|1758311304
|move|p1a: Gliscor|Protect|p1a: Gliscor
|-singleturn|p1a: Gliscor|Protect
|move|p2a: Darkrai|Will-O-Wisp|p1a: Gliscor
|-activate|p1a: Gliscor|move: Protect
|
|-status|p1a: Gliscor|tox|[from] item: Toxic Orb
|upkeep
|turn|2
|
|t:|1758311313
|switch|p2a: Landorus|Landorus-Therian, M|100/100
|-ability|p2a: Landorus|Intimidate|boost
|-unboost|p1a: Gliscor|atk|1
|switch|p1a: Clefable|Clefable, F|100/100
|
|upkeep
|turn|3
|
|t:|1758311320
|move|p2a: Landorus|Taunt|p1a: Clefable
|-start|p1a: Clefable|move: Taunt
|cant|p1a: Clefable|move: Taunt|Stealth Rock
|
|upkeep
|turn|4
|j| Albrtix
|
|t:|1758311330
|move|p2a: Landorus|U-turn|p1a: Clefable
|-resisted|p1a: Clefable
|-crit|p1a: Clefable
|-damage|p1a: Clefable|90/100
|
|t:|1758311353
|switch|p2a: Gholdengo|Gholdengo|100/100|[from] U-turn
|move|p1a: Clefable|Moonblast|p2a: Gholdengo
|-resisted|p2a: Gholdengo
|-damage|p2a: Gholdengo|84/100
|
|-heal|p1a: Clefable|96/100|[from] item: Leftovers
|upkeep
|turn|5
|
|t:|1758311369
|switch|p1a: Samurott|Samurott-Hisui, M|100/100
|move|p2a: Gholdengo|Focus Blast|p1a: Samurott
|-supereffective|p1a: Samurott
|-damage|p1a: Samurott|39/100
|
|upkeep
|turn|6
|
|t:|1758311380
|switch|p1a: Gliscor|Gliscor, F|100/100 tox
|move|p2a: Gholdengo|Focus Blast|p1a: Gliscor
|-resisted|p1a: Gliscor
|-damage|p1a: Gliscor|85/100 tox
|
|-heal|p1a: Gliscor|98/100 tox|[from] ability: Poison Heal
|upkeep
|turn|7
|
|t:|1758311394
|switch|p2a: Landorus|Landorus-Therian, M|100/100
|-ability|p2a: Landorus|Intimidate|boost
|-unboost|p1a: Gliscor|atk|1
|move|p1a: Gliscor|Swords Dance|p1a: Gliscor
|-boost|p1a: Gliscor|atk|2
|
|-heal|p1a: Gliscor|100/100 tox|[from] ability: Poison Heal
|upkeep
|turn|8
|
|t:|1758311401
|move|p2a: Landorus|Stealth Rock|p1a: Gliscor
|-sidestart|p1: Terra the creator|move: Stealth Rock
|move|p1a: Gliscor|Knock Off|p2a: Landorus
|-damage|p2a: Landorus|69/100
|-damage|p1a: Gliscor|84/100 tox|[from] item: Rocky Helmet|[of] p2a: Landorus
|-enditem|p2a: Landorus|Rocky Helmet|[from] move: Knock Off|[of] p1a: Gliscor
|
|-heal|p1a: Gliscor|97/100 tox|[from] ability: Poison Heal
|upkeep
|turn|9
|
|t:|1758311409
|move|p2a: Landorus|Taunt|p1a: Gliscor
|-start|p1a: Gliscor|move: Taunt
|move|p1a: Gliscor|Facade|p2a: Landorus
|-damage|p2a: Landorus|26/100
|
|-heal|p1a: Gliscor|100/100 tox|[from] ability: Poison Heal
|upkeep
|turn|10
|inactive|fate1q has 120 seconds left.
|
|t:|1758311443
|switch|p2a: Gholdengo|Gholdengo|84/100
|move|p1a: Gliscor|Knock Off|p2a: Gholdengo
|-supereffective|p2a: Gholdengo
|-damage|p2a: Gholdengo|36/100
|-enditem|p2a: Gholdengo|Grassy Seed|[from] move: Knock Off|[of] p1a: Gliscor
|
|upkeep
|turn|11
|
|t:|1758311448
|move|p1a: Gliscor|Knock Off|p2a: Gholdengo
|-supereffective|p2a: Gholdengo
|-damage|p2a: Gholdengo|3/100
|move|p2a: Gholdengo|Recover|p2a: Gholdengo
|-heal|p2a: Gholdengo|53/100
|
|-end|p1a: Gliscor|move: Taunt
|upkeep
|turn|12
|
|t:|1758311455
|switch|p2a: Darkrai|Darkrai|100/100
|move|p1a: Gliscor|Swords Dance|p1a: Gliscor
|-boost|p1a: Gliscor|atk|2
|
|upkeep
|turn|13
|
|t:|1758311463
|-terastallize|p1a: Gliscor|Normal
|move|p1a: Gliscor|Protect|p1a: Gliscor
|-singleturn|p1a: Gliscor|Protect
|move|p2a: Darkrai|Ice Beam|p1a: Gliscor
|-activate|p1a: Gliscor|move: Protect
|
|upkeep
|turn|14
|
|t:|1758311469
|switch|p2a: Landorus|Landorus-Therian, M|26/100
|-ability|p2a: Landorus|Intimidate|boost
|-unboost|p1a: Gliscor|atk|1
|move|p1a: Gliscor|Facade|p2a: Landorus
|-damage|p2a: Landorus|0 fnt
|faint|p2a: Landorus
|
|upkeep
|inactive|fate1q has 120 seconds left.
|
|t:|1758311503
|switch|p2a: Garganacl|Garganacl, F|100/100
|turn|15
|
|t:|1758311507
|move|p1a: Gliscor|Knock Off|p2a: Garganacl
|-damage|p2a: Garganacl|74/100
|-enditem|p2a: Garganacl|Leftovers|[from] move: Knock Off|[of] p1a: Gliscor
|move|p2a: Garganacl|Iron Defense|p2a: Garganacl
|-boost|p2a: Garganacl|def|2
|
|upkeep
|turn|16
|
|t:|1758311511
|switch|p1a: Gholdengo|Gholdengo|100/100
|-damage|p1a: Gholdengo|94/100|[from] Stealth Rock
|-item|p1a: Gholdengo|Air Balloon
|move|p2a: Garganacl|Salt Cure|p1a: Gholdengo
|-resisted|p1a: Gholdengo
|-crit|p1a: Gholdengo
|-damage|p1a: Gholdengo|86/100
|-start|p1a: Gholdengo|Salt Cure
|-enditem|p1a: Gholdengo|Air Balloon
|
|-damage|p1a: Gholdengo|62/100|[from] Salt Cure
|upkeep
|turn|17
|
|t:|1758311531
|-terastallize|p2a: Garganacl|Water
|move|p1a: Gholdengo|Thunder Wave|p2a: Garganacl
|-immune|p2a: Garganacl|[from] ability: Purifying Salt
|move|p2a: Garganacl|Recover|p2a: Garganacl
|-heal|p2a: Garganacl|100/100
|
|-damage|p1a: Gholdengo|37/100|[from] Salt Cure
|upkeep
|turn|18
|
|t:|1758311542
|move|p1a: Gholdengo|Recover|p1a: Gholdengo
|-heal|p1a: Gholdengo|87/100
|move|p2a: Garganacl|Iron Defense|p2a: Garganacl
|-boost|p2a: Garganacl|def|2
|
|-damage|p1a: Gholdengo|62/100|[from] Salt Cure
|upkeep
|turn|19
|
|t:|1758311552
|switch|p1a: Clefable|Clefable, F|96/100
|move|p2a: Garganacl|Salt Cure|p1a: Clefable
|-damage|p1a: Clefable|84/100
|-start|p1a: Clefable|Salt Cure
|
|-heal|p1a: Clefable|90/100|[from] item: Leftovers
|upkeep
|turn|20
|
|t:|1758311557
|move|p1a: Clefable|Stealth Rock|p2a: Garganacl
|-sidestart|p2: fate1q|move: Stealth Rock
|move|p2a: Garganacl|Salt Cure|p1a: Clefable
|-damage|p1a: Clefable|79/100
|
|-heal|p1a: Clefable|86/100|[from] item: Leftovers
|upkeep
|turn|21
|
|t:|1758311570
|switch|p1a: Samurott|Samurott-Hisui, M|39/100
|-damage|p1a: Samurott|27/100|[from] Stealth Rock
|move|p2a: Garganacl|Body Press|p1a: Samurott
|-supereffective|p1a: Samurott
|-crit|p1a: Samurott
|-damage|p1a: Samurott|0 fnt
|faint|p1a: Samurott
|
|upkeep
|
|t:|1758311571
|switch|p1a: Zamazenta|Zamazenta|100/100
|-damage|p1a: Zamazenta|94/100|[from] Stealth Rock
|-ability|p1a: Zamazenta|Dauntless Shield|boost
|-boost|p1a: Zamazenta|def|1
|turn|22
|
|t:|1758311576
|switch|p1a: Dragonite|Dragonite, M|100/100
|move|p2a: Garganacl|Salt Cure|p1a: Dragonite
|-supereffective|p1a: Dragonite
|-damage|p1a: Dragonite|88/100
|-start|p1a: Dragonite|Salt Cure
|
|-damage|p1a: Dragonite|76/100|[from] Salt Cure
|upkeep
|turn|23
|
|t:|1758311581
|move|p1a: Dragonite|Roost|p1a: Dragonite
|-heal|p1a: Dragonite|100/100
|-singleturn|p1a: Dragonite|move: Roost
|move|p2a: Garganacl|Body Press|p1a: Dragonite
|-damage|p1a: Dragonite|66/100
|
|-damage|p1a: Dragonite|54/100|[from] Salt Cure
|upkeep
|turn|24
|
|t:|1758311585
|move|p2a: Garganacl|Salt Cure|p1a: Dragonite
|-supereffective|p1a: Dragonite
|-damage|p1a: Dragonite|30/100
|move|p1a: Dragonite|Dragon Tail|p2a: Garganacl
|-damage|p2a: Garganacl|92/100
|drag|p2a: Rillaboom|Rillaboom, F|100/100
|-fieldstart|move: Grassy Terrain|[from] ability: Grassy Surge|[of] p2a: Rillaboom
|
|-damage|p1a: Dragonite|17/100|[from] Salt Cure
|upkeep
|turn|25
|
|t:|1758311592
|move|p2a: Rillaboom|U-turn|p1a: Dragonite
|-resisted|p1a: Dragonite
|-damage|p1a: Dragonite|6/100
|
|t:|1758311596
|switch|p2a: Garganacl|Garganacl, F, tera:Water|92/100|[from] U-turn
|-damage|p2a: Garganacl|80/100|[from] Stealth Rock
|move|p1a: Dragonite|Roost|p1a: Dragonite
|-heal|p1a: Dragonite|56/100
|-singleturn|p1a: Dragonite|move: Roost
|
|-heal|p1a: Dragonite|62/100|[from] Grassy Terrain
|-heal|p2a: Garganacl|86/100|[from] Grassy Terrain
|-damage|p1a: Dragonite|49/100|[from] Salt Cure
|upkeep
|turn|26
|
|t:|1758311601
|move|p2a: Garganacl|Salt Cure|p1a: Dragonite
|-supereffective|p1a: Dragonite
|-damage|p1a: Dragonite|25/100
|move|p1a: Dragonite|Dragon Tail|p2a: Garganacl
|-damage|p2a: Garganacl|63/100
|drag|p2a: Rillaboom|Rillaboom, F|100/100
|
|-damage|p1a: Dragonite|12/100|[from] Salt Cure
|upkeep
|turn|27
|
|t:|1758311615
|move|p2a: Rillaboom|Knock Off|p1a: Dragonite
|-damage|p1a: Dragonite|0 fnt
|-enditem|p1a: Dragonite|Heavy-Duty Boots|[from] move: Knock Off|[of] p2a: Rillaboom
|faint|p1a: Dragonite
|
|upkeep
|
|t:|1758311621
|switch|p1a: Zamazenta|Zamazenta|94/100
|-damage|p1a: Zamazenta|88/100|[from] Stealth Rock
|turn|28
|
|t:|1758311624
|move|p1a: Zamazenta|Howl|p1a: Zamazenta
|-boost|p1a: Zamazenta|atk|1
|move|p2a: Rillaboom|U-turn|p1a: Zamazenta
|-resisted|p1a: Zamazenta
|-damage|p1a: Zamazenta|76/100
|
|t:|1758311640
|switch|p2a: Darkrai|Darkrai|100/100|[from] U-turn
|-damage|p2a: Darkrai|88/100|[from] Stealth Rock
|
|-heal|p2a: Darkrai|94/100|[from] Grassy Terrain
|-heal|p1a: Zamazenta|82/100|[from] Grassy Terrain
|-fieldend|move: Grassy Terrain
|upkeep
|turn|29
|
|t:|1758311657
|move|p2a: Darkrai|Will-O-Wisp|p1a: Zamazenta
|-status|p1a: Zamazenta|brn
|move|p1a: Zamazenta|Close Combat|p2a: Darkrai
|-supereffective|p2a: Darkrai
|-damage|p2a: Darkrai|0 fnt
|-unboost|p1a: Zamazenta|def|1
|-unboost|p1a: Zamazenta|spd|1
|faint|p2a: Darkrai
|-damage|p1a: Zamazenta|72/100 brn|[from] item: Life Orb
|
|-damage|p1a: Zamazenta|66/100 brn|[from] brn
|upkeep
|
|t:|1758311662
|switch|p2a: Gholdengo|Gholdengo|53/100
|-damage|p2a: Gholdengo|47/100|[from] Stealth Rock
|turn|30
|
|t:|1758311665
|switch|p1a: Gliscor|Gliscor, F, tera:Normal|100/100 tox
|-damage|p1a: Gliscor|88/100 tox|[from] Stealth Rock
|move|p2a: Gholdengo|Recover|p2a: Gholdengo
|-heal|p2a: Gholdengo|97/100
|
|-heal|p1a: Gliscor|100/100 tox|[from] ability: Poison Heal
|upkeep
|turn|31
|
|t:|1758311669
|move|p1a: Gliscor|Swords Dance|p1a: Gliscor
|-boost|p1a: Gliscor|atk|2
|move|p2a: Gholdengo|Nasty Plot|p2a: Gholdengo
|-boost|p2a: Gholdengo|spa|2
|
|upkeep
|turn|32
|
|t:|1758311672
|move|p1a: Gliscor|Knock Off|p2a: Gholdengo
|-supereffective|p2a: Gholdengo
|-damage|p2a: Gholdengo|53/100
|move|p2a: Gholdengo|Focus Blast|p1a: Gliscor|[miss]
|-miss|p2a: Gholdengo|p1a: Gliscor
|
|upkeep
|turn|33
|
|t:|1758311682
|switch|p1a: Gholdengo|Gholdengo|62/100
|-damage|p1a: Gholdengo|56/100|[from] Stealth Rock
|move|p2a: Gholdengo|Focus Blast|p1a: Gholdengo
|-immune|p1a: Gholdengo
|
|upkeep
|turn|34
|
|t:|1758311688
|move|p2a: Gholdengo|Shadow Ball|p1a: Gholdengo
|-supereffective|p1a: Gholdengo
|-damage|p1a: Gholdengo|0 fnt
|faint|p1a: Gholdengo
|
|upkeep
|
|t:|1758311690
|switch|p1a: Zamazenta|Zamazenta|66/100 brn
|-damage|p1a: Zamazenta|60/100 brn|[from] Stealth Rock
|turn|35
|
|t:|1758311692
|move|p1a: Zamazenta|Howl|p1a: Zamazenta
|-boost|p1a: Zamazenta|atk|1
|move|p2a: Gholdengo|Recover|p2a: Gholdengo
|-heal|p2a: Gholdengo|100/100
|
|-damage|p1a: Zamazenta|53/100 brn|[from] brn
|upkeep
|turn|36
|
|t:|1758311695
|move|p1a: Zamazenta|Crunch|p2a: Gholdengo
|-supereffective|p2a: Gholdengo
|-damage|p2a: Gholdengo|65/100
|-damage|p1a: Zamazenta|44/100 brn|[from] item: Life Orb
|move|p2a: Gholdengo|Shadow Ball|p1a: Zamazenta
|-damage|p1a: Zamazenta|0 fnt
|faint|p1a: Zamazenta
|
|upkeep
|
|t:|1758311701
|switch|p1a: Clefable|Clefable, F|86/100
|turn|37
|
|t:|1758311717
|move|p2a: Gholdengo|Shadow Ball|p1a: Clefable
|-damage|p1a: Clefable|14/100
|move|p1a: Clefable|Thunder Wave|p2a: Gholdengo
|-immune|p2a: Gholdengo|[from] ability: Good as Gold
|
|-heal|p1a: Clefable|20/100|[from] item: Leftovers
|upkeep
|turn|38
|
|t:|1758311720
|move|p2a: Gholdengo|Recover|p2a: Gholdengo
|-heal|p2a: Gholdengo|100/100
|move|p1a: Clefable|Moonblast|p2a: Gholdengo
|-resisted|p2a: Gholdengo
|-damage|p2a: Gholdengo|85/100
|-unboost|p2a: Gholdengo|spa|1
|
|-heal|p1a: Clefable|26/100|[from] item: Leftovers
|upkeep
|turn|39
|-message|Terra the creator forfeited.
|
|win|fate1q
|n|☆Terra the creator|terrathecreator
|n|☆fate1q|fate1q
|n|*Lady Monita ☀|ladymonita
|n| Albrtix|albrtix
|l|*Lady Monita ☀
|l|☆Terra the creator
|player|p1|
|l|☆fate1q
|player|p2|
