|j|☆RAND0M TEAM GENS
|j|☆bellumacademy
|t:|1758341130
|gametype|singles
|player|p1|RAND0M TEAM GENS|giovanni-gen3|1211
|player|p2|bellumacademy|102|1197
|gen|9
|tier|[Gen 9] OU
|rated|
|rule|HP Percentage Mod: HP is shown in percentages
|rule|Endless Battle Clause: Forcing endless battles is banned
|rule|Species Clause: Limit one of each Pokémon
|rule|OHKO Clause: OHKO moves are banned
|rule|Evasion Items Clause: Evasion items are banned
|rule|Evasion Moves Clause: Evasion moves are banned
|rule|Evasion Abilities Clause: Evasion abilities are banned
|rule|Sleep Moves Clause: Sleep-inducing moves are banned
|clearpoke
|poke|p1|Garganacl, M|
|poke|p1|Great Tusk|
|poke|p1|Muk-Alola, M|
|poke|p1|Gholdengo|
|poke|p1|Zamazenta-*|
|poke|p1|Primarina, M|
|poke|p2|Pelipper, F|
|poke|p2|Hatterene, F|
|poke|p2|Iron Treads|
|poke|p2|Toxicroak, F|
|poke|p2|Barraskewda, F|
|poke|p2|Zapdos|
|teampreview
|inactive|Battle timer is ON: inactive players will automatically lose when time's up. (requested by bellumacademy)
|
|t:|1758341151
|teamsize|p1|6
|teamsize|p2|6
|start
|switch|p1a: Muk|Muk-Alola, M, shiny|100/100
|switch|p2a: Pelipper|Pelipper, F|100/100
|-weather|RainDance|[from] ability: Drizzle|[of] p2a: Pelipper
|turn|1
|l|☆bellumacademy
|inactive|bellumacademy disconnected and has a minute to reconnect!
|player|p2|
|j|☆bellumacademy
|inactive|bellumacademy reconnected and has 130 seconds left.
|player|p2|bellumacademy|102|
|inactive|bellumacademy has 120 seconds left.
|
|t:|1758341181
|switch|p2a: Toxicroak|Toxicroak, F|100/100
|move|p1a: Muk|Knock Off|p2a: Toxicroak
|-resisted|p2a: Toxicroak
|-damage|p2a: Toxicroak|78/100
|-damage|p1a: Muk|84/100|[from] item: Rocky Helmet|[of] p2a: Toxicroak
|-enditem|p2a: Toxicroak|Rocky Helmet|[from] move: Knock Off|[of] p1a: Muk
|
|-weather|RainDance|[upkeep]
|-heal|p2a: Toxicroak|91/100|[from] ability: Dry Skin
|-heal|p1a: Muk|90/100|[from] item: Leftovers
|upkeep
|turn|2
|inactive|bellumacademy has 120 seconds left.
|
|t:|1758341202
|switch|p1a: Zazameta|Zamazenta, shiny|100/100
|-ability|p1a: Zazameta|Dauntless Shield|boost
|-boost|p1a: Zazameta|def|1
|move|p2a: Toxicroak|Knock Off|p1a: Zazameta
|-resisted|p1a: Zazameta
|-damage|p1a: Zazameta|92/100
|-enditem|p1a: Zazameta|Choice Band|[from] move: Knock Off|[of] p2a: Toxicroak
|
|-weather|RainDance|[upkeep]
|-heal|p2a: Toxicroak|100/100|[from] ability: Dry Skin
|upkeep
|turn|3
|inactive|bellumacademy has 120 seconds left.
|
|t:|1758341223
|switch|p2a: Hatterene|Hatterene, F|100/100
|move|p1a: Zazameta|Stone Edge|p2a: Hatterene
|-damage|p2a: Hatterene|71/100
|-enditem|p2a: Hatterene|Eject Button
|
|t:|1758341229
|switch|p2a: Zapdos|Zapdos|100/100
|
|-weather|RainDance|[upkeep]
|upkeep
|turn|4
|
|t:|1758341236
|move|p1a: Zazameta|Stone Edge|p2a: Zapdos
|-supereffective|p2a: Zapdos
|-damage|p2a: Zapdos|14/100
|move|p2a: Zapdos|Weather Ball|p1a: Zazameta
|-damage|p1a: Zazameta|21/100
|
|-weather|RainDance|[upkeep]
|upkeep
|turn|5
|inactive|bellumacademy has 120 seconds left.
|
|t:|1758341250
|switch|p2a: Iron Treads|Iron Treads|100/100
|move|p1a: Zazameta|Stone Edge|p2a: Iron Treads|[miss]
|-miss|p1a: Zazameta|p2a: Iron Treads
|
|-weather|RainDance|[upkeep]
|upkeep
|turn|6
|inactive|bellumacademy has 120 seconds left.
|
|t:|1758341266
|move|p1a: Zazameta|Close Combat|p2a: Iron Treads
|-supereffective|p2a: Iron Treads
|-damage|p2a: Iron Treads|6/100
|-unboost|p1a: Zazameta|def|1
|-unboost|p1a: Zazameta|spd|1
|move|p2a: Iron Treads|Volt Switch|p1a: Zazameta
|-damage|p1a: Zazameta|6/100
|
|t:|1758341274
|-end|p2a: Iron Treads|Quark Drive|[silent]
|switch|p2a: Barraskewda|Barraskewda, F|100/100|[from] Volt Switch
|
|-weather|RainDance|[upkeep]
|upkeep
|turn|7
|
|t:|1758341278
|move|p2a: Barraskewda|Flip Turn|p1a: Zazameta
|-crit|p1a: Zazameta
|-damage|p1a: Zazameta|0 fnt
|faint|p1a: Zazameta
|inactive|bellumacademy has 120 seconds left.
|
|t:|1758341285
|switch|p2a: Zapdos|Zapdos|14/100|[from] Flip Turn
|
|-weather|RainDance|[upkeep]
|upkeep
|
|t:|1758341290
|switch|p1a: treat gusk|Great Tusk, shiny|100/100
|turn|8
|
|t:|1758341299
|move|p2a: Zapdos|Hurricane|p1a: treat gusk
|-supereffective|p1a: treat gusk
|-damage|p1a: treat gusk|0 fnt
|faint|p1a: treat gusk
|-end|p1a: treat gusk|Protosynthesis|[silent]
|
|-weather|none
|upkeep
|
|t:|1758341315
|switch|p1a: pompompurin|Primarina, M, shiny|100/100
|turn|9
|inactive|bellumacademy has 120 seconds left.
|
|t:|1758341351
|switch|p2a: Pelipper|Pelipper, F|100/100
|-weather|RainDance|[from] ability: Drizzle|[of] p2a: Pelipper
|move|p1a: pompompurin|Moonblast|p2a: Pelipper
|-damage|p2a: Pelipper|47/100
|-unboost|p2a: Pelipper|spa|1
|
|-weather|RainDance|[upkeep]
|upkeep
|turn|10
|
|t:|1758341360
|switch|p2a: Iron Treads|Iron Treads|6/100
|move|p1a: pompompurin|Moonblast|p2a: Iron Treads
|-resisted|p2a: Iron Treads
|-damage|p2a: Iron Treads|0 fnt
|faint|p2a: Iron Treads
|-end|p2a: Iron Treads|Quark Drive|[silent]
|
|-weather|RainDance|[upkeep]
|upkeep
|
|t:|1758341383
|switch|p2a: Hatterene|Hatterene, F|71/100
|turn|11
|inactive|RAND0M TEAM GENS has 120 seconds left.
|
|t:|1758341414
|move|p1a: pompompurin|Psychic Noise|p2a: Hatterene
|-damage|p2a: Hatterene|4/100
|-start|p2a: Hatterene|move: Heal Block
|cant|p2a: Hatterene|move: Heal Block|Healing Wish
|
|-weather|RainDance|[upkeep]
|upkeep
|turn|12
|
|t:|1758341429
|move|p1a: pompompurin|Moonblast|p2a: Hatterene
|-damage|p2a: Hatterene|0 fnt
|faint|p2a: Hatterene
|
|-weather|RainDance|[upkeep]
|upkeep
|
|t:|1758341431
|switch|p2a: Zapdos|Zapdos|14/100
|turn|13
|
|t:|1758341444
|move|p2a: Zapdos|Thunder|p1a: pompompurin
|-supereffective|p1a: pompompurin
|-damage|p1a: pompompurin|20/100
|move|p1a: pompompurin|Whirlpool|p2a: Zapdos
|-damage|p2a: Zapdos|0 fnt
|faint|p2a: Zapdos
|
|-weather|RainDance|[upkeep]
|upkeep
|inactive|bellumacademy has 120 seconds left.
|
|t:|1758341457
|switch|p2a: Barraskewda|Barraskewda, F|100/100
|turn|14
|
|t:|1758341471
|-terastallize|p2a: Barraskewda|Water
|move|p2a: Barraskewda|Liquidation|p1a: pompompurin
|-resisted|p1a: pompompurin
|-damage|p1a: pompompurin|0 fnt
|faint|p1a: pompompurin
|
|-weather|RainDance|[upkeep]
|upkeep
|
|t:|1758341477
|switch|p1a: Muk|Muk-Alola, M, shiny|90/100
|turn|15
|
|t:|1758341482
|move|p1a: Muk|Protect|p1a: Muk
|-singleturn|p1a: Muk|Protect
|move|p2a: Barraskewda|Liquidation|p1a: Muk
|-activate|p1a: Muk|move: Protect
|
|-weather|RainDance|[upkeep]
|-heal|p1a: Muk|96/100|[from] item: Leftovers
|upkeep
|turn|16
|
|t:|1758341494
|move|p2a: Barraskewda|Liquidation|p1a: Muk
|-damage|p1a: Muk|0 fnt
|faint|p1a: Muk
|
|-weather|none
|upkeep
|
|t:|1758341497
|switch|p1a: garganachii|Garganacl, M, shiny|100/100
|turn|17
|
|t:|1758341506
|switch|p2a: Pelipper|Pelipper, F|47/100
|-weather|RainDance|[from] ability: Drizzle|[of] p2a: Pelipper
|move|p1a: garganachii|Salt Cure|p2a: Pelipper
|-supereffective|p2a: Pelipper
|-damage|p2a: Pelipper|15/100
|-start|p2a: Pelipper|Salt Cure
|
|-weather|RainDance|[upkeep]
|-damage|p2a: Pelipper|0 fnt|[from] Salt Cure
|faint|p2a: Pelipper
|upkeep
|
|t:|1758341513
|switch|p2a: Barraskewda|Barraskewda, F, tera:Water|100/100
|turn|18
|
|t:|1758341522
|move|p1a: garganachii|Protect|p1a: garganachii
|-singleturn|p1a: garganachii|Protect
|move|p2a: Barraskewda|Liquidation|p1a: garganachii
|-activate|p1a: garganachii|move: Protect
|
|-weather|RainDance|[upkeep]
|upkeep
|turn|19
|
|t:|1758341534
|move|p2a: Barraskewda|Liquidation|p1a: garganachii
|-supereffective|p1a: garganachii
|-damage|p1a: garganachii|0 fnt
|faint|p1a: garganachii
|
|-weather|RainDance|[upkeep]
|upkeep
|
|t:|1758341536
|switch|p1a: Gholdengoat|Gholdengo, shiny|100/100
|turn|20
|
|t:|1758341542
|-terastallize|p1a: Gholdengoat|Water
|move|p2a: Barraskewda|Liquidation|p1a: Gholdengoat
|-resisted|p1a: Gholdengoat
|-damage|p1a: Gholdengoat|56/100
|move|p1a: Gholdengoat|Recover|p1a: Gholdengoat
|-heal|p1a: Gholdengoat|100/100
|
|-weather|RainDance|[upkeep]
|upkeep
|turn|21
|
|t:|1758341552
|move|p2a: Barraskewda|Liquidation|p1a: Gholdengoat
|-resisted|p1a: Gholdengoat
|-damage|p1a: Gholdengoat|56/100
|move|p1a: Gholdengoat|Nasty Plot|p1a: Gholdengoat
|-boost|p1a: Gholdengoat|spa|2
|
|-weather|RainDance|[upkeep]
|upkeep
|turn|22
|
|t:|1758341563
|move|p2a: Barraskewda|Liquidation|p1a: Gholdengoat
|-resisted|p1a: Gholdengoat
|-damage|p1a: Gholdengoat|9/100
|move|p1a: Gholdengoat|Recover|p1a: Gholdengoat
|-heal|p1a: Gholdengoat|59/100
|
|-weather|RainDance|[upkeep]
|upkeep
|turn|23
|
|t:|1758341575
|switch|p2a: Toxicroak|Toxicroak, F|100/100
|move|p1a: Gholdengoat|Recover|p1a: Gholdengoat
|-heal|p1a: Gholdengoat|100/100
|
|-weather|RainDance|[upkeep]
|upkeep
|turn|24
|
|t:|1758341586
|move|p2a: Toxicroak|Toxic|p1a: Gholdengoat
|-immune|p1a: Gholdengoat|[from] ability: Good as Gold
|move|p1a: Gholdengoat|Shadow Ball|p2a: Toxicroak
|-damage|p2a: Toxicroak|5/100
|-unboost|p2a: Toxicroak|spd|1
|
|-weather|none
|upkeep
|turn|25
|inactive|RAND0M TEAM GENS has 120 seconds left.
|
|t:|1758341628
|move|p2a: Toxicroak|Knock Off|p1a: Gholdengoat
|-crit|p1a: Gholdengoat
|-damage|p1a: Gholdengoat|76/100
|-enditem|p1a: Gholdengoat|Covert Cloak|[from] move: Knock Off|[of] p2a: Toxicroak
|move|p1a: Gholdengoat|Shadow Ball|p2a: Toxicroak
|-damage|p2a: Toxicroak|0 fnt
|faint|p2a: Toxicroak
|
|upkeep
|inactive|bellumacademy has 120 seconds left.
|
|t:|1758341662
|switch|p2a: Barraskewda|Barraskewda, F, tera:Water|100/100
|turn|26
|inactive|RAND0M TEAM GENS has 120 seconds left.
|inactive|bellumacademy has 120 seconds left.
|
|t:|1758341670
|move|p2a: Barraskewda|Close Combat|p1a: Gholdengoat
|-damage|p1a: Gholdengoat|34/100
|-unboost|p2a: Barraskewda|def|1
|-unboost|p2a: Barraskewda|spd|1
|move|p1a: Gholdengoat|Shadow Ball|p2a: Barraskewda
|-damage|p2a: Barraskewda|0 fnt
|faint|p2a: Barraskewda
|
|win|RAND0M TEAM GENS
|raw|RAND0M TEAM GENS's rating: 1211 &rarr; <strong>1235</strong><br />(+24 for winning)
|raw|bellumacademy's rating: 1197 &rarr; <strong>1173</strong><br />(-24 for losing)
|l|☆RAND0M TEAM GENS
|player|p1|
|l|☆bellumacademy
|player|p2|
