|j|☆lord shiddenfards
|j|☆99steps_stuts
|t:|1758266807
|gametype|singles
|player|p1|lord shiddenfards|rood|1610
|player|p2|99steps_stuts|brycenman|1587
|gen|9
|tier|[Gen 9] OU
|rated|
|rule|HP Percentage Mod: HP is shown in percentages
|rule|Endless Battle Clause: Forcing endless battles is banned
|rule|Species Clause: Limit one of each Pokémon
|rule|OHKO Clause: OHKO moves are banned
|rule|Evasion Items Clause: Evasion items are banned
|rule|Evasion Moves Clause: Evasion moves are banned
|rule|Evasion Abilities Clause: Evasion abilities are banned
|rule|Sleep Moves Clause: Sleep-inducing moves are banned
|clearpoke
|poke|p1|Ninetales, M|
|poke|p1|Great Tusk|
|poke|p1|Slither Wing|
|poke|p1|Raging Bolt|
|poke|p1|Iron Moth|
|poke|p1|Alomomola, M|
|poke|p2|Clefable, F|
|poke|p2|Incineroar, F|
|poke|p2|Clodsire, F|
|poke|p2|Zapdos-Galar|
|poke|p2|Gholdengo|
|poke|p2|Dragapult, F|
|teampreview
|inactive|Battle timer is ON: inactive players will automatically lose when time's up. (requested by 99steps_stuts)
|
|t:|1758266830
|teamsize|p1|6
|teamsize|p2|6
|start
|switch|p1a: Raging Bolt|Raging Bolt|100/100
|switch|p2a: Quaqsire|Clodsire, F, shiny|100/100
|turn|1
|inactive|99steps_stuts has 120 seconds left.
|inactive|99steps_stuts has 90 seconds left.
|
|t:|1758266900
|-end|p1a: Raging Bolt|Protosynthesis|[silent]
|switch|p1a: Great Tusk|Great Tusk|100/100
|move|p2a: Quaqsire|Stealth Rock|p1a: Great Tusk
|-sidestart|p1: lord shiddenfards|move: Stealth Rock
|
|upkeep
|turn|2
|
|t:|1758266927
|switch|p2a: Gholdengo|Gholdengo, shiny|100/100
|-item|p2a: Gholdengo|Air Balloon
|move|p1a: Great Tusk|Headlong Rush|p2a: Gholdengo
|-immune|p2a: Gholdengo
|
|upkeep
|turn|3
|
|t:|1758266935
|-end|p1a: Great Tusk|Protosynthesis|[silent]
|switch|p1a: Alomomola|Alomomola, M|100/100
|-damage|p1a: Alomomola|88/100|[from] Stealth Rock
|move|p2a: Gholdengo|Make It Rain|p1a: Alomomola
|-resisted|p1a: Alomomola
|-damage|p1a: Alomomola|57/100
|-unboost|p2a: Gholdengo|spa|1
|-enditem|p1a: Alomomola|Eject Button
|
|t:|1758266947
|switch|p1a: Raging Bolt|Raging Bolt|100/100
|-damage|p1a: Raging Bolt|88/100|[from] Stealth Rock
|
|upkeep
|turn|4
|
|t:|1758266952
|switch|p2a: Quaqsire|Clodsire, F, shiny|100/100
|move|p1a: Raging Bolt|Draco Meteor|p2a: Quaqsire
|-damage|p2a: Quaqsire|56/100
|-unboost|p1a: Raging Bolt|spa|2
|
|-heal|p2a: Quaqsire|62/100|[from] item: Black Sludge
|upkeep
|turn|5
|
|t:|1758266965
|-end|p1a: Raging Bolt|Protosynthesis|[silent]
|switch|p1a: Great Tusk|Great Tusk|100/100
|move|p2a: Quaqsire|Recover|p2a: Quaqsire
|-heal|p2a: Quaqsire|100/100
|
|upkeep
|turn|6
|
|t:|1758266972
|switch|p2a: Incineroar|Incineroar, F, shiny|100/100
|-ability|p2a: Incineroar|Intimidate|boost
|-unboost|p1a: Great Tusk|atk|1
|move|p1a: Great Tusk|Ice Spinner|p2a: Incineroar
|-resisted|p2a: Incineroar
|-damage|p2a: Incineroar|92/100
|
|upkeep
|turn|7
|
|t:|1758266987
|switch|p2a: Gholdengo|Gholdengo, shiny|100/100
|-item|p2a: Gholdengo|Air Balloon
|move|p1a: Great Tusk|Rapid Spin|p2a: Gholdengo
|-immune|p2a: Gholdengo
|
|upkeep
|turn|8
|
|t:|1758266993
|-end|p1a: Great Tusk|Protosynthesis|[silent]
|switch|p1a: Alomomola|Alomomola, M|90/100
|-damage|p1a: Alomomola|78/100|[from] Stealth Rock
|move|p2a: Gholdengo|Shadow Ball|p1a: Alomomola
|-damage|p1a: Alomomola|42/100
|
|upkeep
|turn|9
|
|t:|1758266999
|switch|p2a: Dragapult|Dragapult, F|100/100
|move|p1a: Alomomola|Wish|p1a: Alomomola
|
|upkeep
|turn|10
|inactive|lord shiddenfards has 120 seconds left.
|
|t:|1758267030
|switch|p1a: Slither Wing|Slither Wing|100/100
|-damage|p1a: Slither Wing|88/100|[from] Stealth Rock
|move|p2a: Dragapult|Will-O-Wisp|p1a: Slither Wing
|-status|p1a: Slither Wing|brn
|
|-heal|p1a: Slither Wing|100/100 brn|[from] move: Wish|[wisher] Alomomola
|-damage|p1a: Slither Wing|94/100 brn|[from] brn
|upkeep
|turn|11
|
|t:|1758267037
|move|p2a: Dragapult|Hex|p1a: Slither Wing
|-damage|p1a: Slither Wing|46/100 brn
|move|p1a: Slither Wing|U-turn|p2a: Dragapult
|-resisted|p2a: Dragapult
|-damage|p2a: Dragapult|79/100
|inactive|lord shiddenfards has 120 seconds left.
|
|t:|1758267050
|-end|p1a: Slither Wing|Protosynthesis|[silent]
|switch|p1a: Raging Bolt|Raging Bolt|88/100|[from] U-turn
|-damage|p1a: Raging Bolt|76/100|[from] Stealth Rock
|
|upkeep
|turn|12
|
|t:|1758267056
|-terastallize|p1a: Raging Bolt|Fairy
|move|p2a: Dragapult|U-turn|p1a: Raging Bolt
|-resisted|p1a: Raging Bolt
|-damage|p1a: Raging Bolt|67/100
|
|t:|1758267063
|switch|p2a: Clefairie|Clefable, F, shiny|100/100|[from] U-turn
|move|p1a: Raging Bolt|Draco Meteor|p2a: Clefairie
|-immune|p2a: Clefairie
|
|upkeep
|turn|13
|
|t:|1758267071
|-end|p1a: Raging Bolt|Protosynthesis|[silent]
|switch|p1a: Great Tusk|Great Tusk|100/100
|switch|p2a: Incineroar|Incineroar, F, shiny|92/100
|-ability|p2a: Incineroar|Intimidate|boost
|-unboost|p1a: Great Tusk|atk|1
|
|upkeep
|turn|14
|
|t:|1758267075
|move|p1a: Great Tusk|Ice Spinner|p2a: Incineroar
|-resisted|p2a: Incineroar
|-damage|p2a: Incineroar|83/100
|move|p2a: Incineroar|Will-O-Wisp|p1a: Great Tusk
|-status|p1a: Great Tusk|brn
|
|-damage|p1a: Great Tusk|94/100 brn|[from] brn
|upkeep
|turn|15
|
|t:|1758267081
|switch|p2a: Gholdengo|Gholdengo, shiny|100/100
|-item|p2a: Gholdengo|Air Balloon
|move|p1a: Great Tusk|Ice Spinner|p2a: Gholdengo
|-resisted|p2a: Gholdengo
|-damage|p2a: Gholdengo|95/100
|-enditem|p2a: Gholdengo|Air Balloon
|
|-damage|p1a: Great Tusk|88/100 brn|[from] brn
|upkeep
|turn|16
|
|t:|1758267084
|move|p1a: Great Tusk|Headlong Rush|p2a: Gholdengo
|-supereffective|p2a: Gholdengo
|-damage|p2a: Gholdengo|52/100
|-unboost|p1a: Great Tusk|def|1
|-unboost|p1a: Great Tusk|spd|1
|move|p2a: Gholdengo|Make It Rain|p1a: Great Tusk
|-damage|p1a: Great Tusk|0 fnt
|-unboost|p2a: Gholdengo|spa|1
|faint|p1a: Great Tusk
|-end|p1a: Great Tusk|Protosynthesis|[silent]
|
|upkeep
|
|t:|1758267093
|switch|p1a: Ninetales|Ninetales, M|100/100
|-damage|p1a: Ninetales|76/100|[from] Stealth Rock
|-weather|SunnyDay|[from] ability: Drought|[of] p1a: Ninetales
|turn|17
|
|t:|1758267099
|switch|p2a: Incineroar|Incineroar, F, shiny|83/100
|-ability|p2a: Incineroar|Intimidate|boost
|-unboost|p1a: Ninetales|atk|1
|move|p1a: Ninetales|Weather Ball|p2a: Incineroar
|-resisted|p2a: Incineroar
|-damage|p2a: Incineroar|46/100
|
|-weather|SunnyDay|[upkeep]
|upkeep
|turn|18
|
|t:|1758267107
|switch|p1a: Alomomola|Alomomola, M|75/100
|-damage|p1a: Alomomola|62/100|[from] Stealth Rock
|move|p2a: Incineroar|Knock Off|p1a: Alomomola
|-damage|p1a: Alomomola|41/100
|
|-weather|SunnyDay|[upkeep]
|upkeep
|turn|19
|inactive|99steps_stuts has 120 seconds left.
|inactive|99steps_stuts has 90 seconds left.
|inactive|99steps_stuts has 60 seconds left.
|
|t:|1758267221
|move|p2a: Incineroar|U-turn|p1a: Alomomola
|-damage|p1a: Alomomola|26/100
|
|t:|1758267224
|switch|p2a: Gholdengo|Gholdengo, shiny|52/100|[from] U-turn
|move|p1a: Alomomola|Wish|p1a: Alomomola
|
|-weather|SunnyDay|[upkeep]
|upkeep
|turn|20
|
|t:|1758267231
|move|p1a: Alomomola|Protect|p1a: Alomomola
|-singleturn|p1a: Alomomola|Protect
|move|p2a: Gholdengo|Nasty Plot|p2a: Gholdengo
|-boost|p2a: Gholdengo|spa|2
|
|-weather|SunnyDay|[upkeep]
|-heal|p1a: Alomomola|76/100|[from] move: Wish|[wisher] Alomomola
|upkeep
|turn|21
|
|t:|1758267241
|move|p2a: Gholdengo|Shadow Ball|p1a: Alomomola
|-crit|p1a: Alomomola
|-damage|p1a: Alomomola|0 fnt
|faint|p1a: Alomomola
|
|-weather|none
|upkeep
|
|t:|1758267247
|switch|p1a: Ninetales|Ninetales, M|76/100
|-damage|p1a: Ninetales|51/100|[from] Stealth Rock
|-weather|SunnyDay|[from] ability: Drought|[of] p1a: Ninetales
|turn|22
|
|t:|1758267258
|move|p1a: Ninetales|Weather Ball|p2a: Gholdengo
|-supereffective|p2a: Gholdengo
|-damage|p2a: Gholdengo|0 fnt
|faint|p2a: Gholdengo
|
|-weather|SunnyDay|[upkeep]
|upkeep
|
|t:|1758267260
|switch|p2a: Dragapult|Dragapult, F|79/100
|turn|23
|
|t:|1758267273
|move|p2a: Dragapult|Dragon Darts|p1a: Ninetales
|-damage|p1a: Ninetales|17/100
|-anim|p2a: Dragapult|Dragon Darts|p1a: Ninetales
|-damage|p1a: Ninetales|0 fnt
|faint|p1a: Ninetales
|
|-weather|SunnyDay|[upkeep]
|upkeep
|
|t:|1758267278
|switch|p1a: Raging Bolt|Raging Bolt, tera:Fairy|67/100
|-damage|p1a: Raging Bolt|55/100|[from] Stealth Rock
|-activate|p1a: Raging Bolt|ability: Protosynthesis
|-start|p1a: Raging Bolt|protosynthesisspa
|turn|24
|inactive|99steps_stuts has 90 seconds left.
|
|t:|1758267288
|switch|p2a: Quaqsire|Clodsire, F, shiny|100/100
|move|p1a: Raging Bolt|Volt Switch|p2a: Quaqsire
|-immune|p2a: Quaqsire
|
|-weather|SunnyDay|[upkeep]
|upkeep
|turn|25
|inactive|99steps_stuts has 90 seconds left.
|
|t:|1758267296
|move|p1a: Raging Bolt|Weather Ball|p2a: Quaqsire
|-damage|p2a: Quaqsire|57/100
|move|p2a: Quaqsire|Earthquake|p1a: Raging Bolt
|-damage|p1a: Raging Bolt|30/100
|
|-weather|SunnyDay|[upkeep]
|-heal|p2a: Quaqsire|63/100|[from] item: Black Sludge
|upkeep
|turn|26
|j| shyahngyoo
|
|t:|1758267305
|-end|p1a: Raging Bolt|Protosynthesis|[silent]
|switch|p1a: Slither Wing|Slither Wing|46/100 brn
|-damage|p1a: Slither Wing|34/100 brn|[from] Stealth Rock
|-activate|p1a: Slither Wing|ability: Protosynthesis
|-start|p1a: Slither Wing|protosynthesisatk
|move|p2a: Quaqsire|Recover|p2a: Quaqsire
|-heal|p2a: Quaqsire|100/100
|
|-weather|none
|-end|p1a: Slither Wing|Protosynthesis
|-damage|p1a: Slither Wing|28/100 brn|[from] brn
|upkeep
|turn|27
|
|t:|1758267314
|switch|p2a: Clefairie|Clefable, F, shiny|100/100
|move|p1a: Slither Wing|Earthquake|p2a: Clefairie
|-damage|p2a: Clefairie|76/100
|
|-heal|p2a: Clefairie|82/100|[from] item: Leftovers
|-damage|p1a: Slither Wing|22/100 brn|[from] brn
|upkeep
|turn|28
|
|t:|1758267320
|-end|p1a: Slither Wing|Protosynthesis|[silent]
|switch|p1a: Iron Moth|Iron Moth|100/100
|-damage|p1a: Iron Moth|76/100|[from] Stealth Rock
|-enditem|p1a: Iron Moth|Booster Energy
|-activate|p1a: Iron Moth|ability: Quark Drive|[fromitem]
|-start|p1a: Iron Moth|quarkdrivespe
|move|p2a: Clefairie|Wish|p2a: Clefairie
|
|-heal|p2a: Clefairie|89/100|[from] item: Leftovers
|upkeep
|turn|29
|inactive|99steps_stuts has 120 seconds left.
|
|t:|1758267326
|switch|p2a: Quaqsire|Clodsire, F, shiny|100/100
|move|p1a: Iron Moth|Fiery Dance|p2a: Quaqsire
|-damage|p2a: Quaqsire|76/100
|-boost|p1a: Iron Moth|spa|1
|
|-heal|p2a: Quaqsire|100/100|[from] move: Wish|[wisher] Clefairie
|upkeep
|turn|30
|
|t:|1758267336
|move|p1a: Iron Moth|Substitute|p1a: Iron Moth
|-start|p1a: Iron Moth|Substitute
|-damage|p1a: Iron Moth|51/100
|move|p2a: Quaqsire|Earthquake|p1a: Iron Moth
|-supereffective|p1a: Iron Moth
|-end|p1a: Iron Moth|Substitute
|
|upkeep
|turn|31
|
|t:|1758267342
|move|p1a: Iron Moth|Psychic|p2a: Quaqsire
|-supereffective|p2a: Quaqsire
|-damage|p2a: Quaqsire|52/100
|move|p2a: Quaqsire|Earthquake|p1a: Iron Moth
|-supereffective|p1a: Iron Moth
|-damage|p1a: Iron Moth|0 fnt
|faint|p1a: Iron Moth
|-end|p1a: Iron Moth|Quark Drive|[silent]
|
|-heal|p2a: Quaqsire|58/100|[from] item: Black Sludge
|upkeep
|c|☆99steps_stuts|？
|-message|lord shiddenfards forfeited.
|
|win|99steps_stuts
|raw|lord shiddenfards's rating: 1610 &rarr; <strong>1589</strong><br />(-21 for losing)
|raw|99steps_stuts's rating: 1587 &rarr; <strong>1608</strong><br />(+21 for winning)
|l|☆lord shiddenfards
|player|p1|
|l| shyahngyoo
