|j|☆AP Precalculus
|j|☆funfunmochibun
|t:|1758255893
|gametype|singles
|player|p1|AP Precalculus|gentleman|1451
|player|p2|funfunmochibun|skierf-gen4dp|1437
|gen|9
|tier|[Gen 9] OU
|rated|
|rule|HP Percentage Mod: HP is shown in percentages
|rule|Endless Battle Clause: Forcing endless battles is banned
|rule|Species Clause: Limit one of each Pokémon
|rule|OHKO Clause: OHKO moves are banned
|rule|Evasion Items Clause: Evasion items are banned
|rule|Evasion Moves Clause: Evasion moves are banned
|rule|Evasion Abilities Clause: Evasion abilities are banned
|rule|Sleep Moves Clause: Sleep-inducing moves are banned
|clearpoke
|poke|p1|Grimmsnarl, M|
|poke|p1|Latios, M|
|poke|p1|Glimmora, M|
|poke|p1|Iron Moth|
|poke|p1|Kommo-o, M|
|poke|p1|Iron Hands|
|poke|p2|Latios, M|
|poke|p2|Scizor, F|
|poke|p2|Zapdos|
|poke|p2|Clodsire, F|
|poke|p2|Ogerpon-Wellspring, F|
|poke|p2|Maushold|
|teampreview
|inactive|Battle timer is ON: inactive players will automatically lose when time's up. (requested by AP Precalculus)
|
|t:|1758255908
|teamsize|p1|6
|teamsize|p2|6
|start
|switch|p1a: Mr Grimm|Grimmsnarl, M|100/100
|switch|p2a: Scizor|Scizor, F|100/100
|turn|1
|
|t:|1758255914
|-terastallize|p1a: Mr Grimm|Steel
|move|p2a: Scizor|Bullet Punch|p1a: Mr Grimm
|-resisted|p1a: Mr Grimm
|-damage|p1a: Mr Grimm|71/100
|move|p1a: Mr Grimm|Reflect|p1a: Mr Grimm
|-sidestart|p1: AP Precalculus|Reflect
|
|upkeep
|turn|2
|
|t:|1758255923
|switch|p2a: Maushold|Maushold|100/100
|move|p1a: Mr Grimm|Light Screen|p1a: Mr Grimm
|-sidestart|p1: AP Precalculus|move: Light Screen
|
|upkeep
|turn|3
|
|t:|1758255945
|move|p1a: Mr Grimm|Taunt|p2a: Maushold
|-start|p2a: Maushold|move: Taunt
|cant|p2a: Maushold|move: Taunt|Tidy Up
|
|upkeep
|turn|4
|
|t:|1758255950
|switch|p2a: Clodsire|Clodsire, F|100/100
|switch|p1a: Bing Bong|Glimmora, M|100/100
|
|upkeep
|turn|5
|
|t:|1758255968
|move|p1a: Bing Bong|Stealth Rock|p2a: Clodsire
|-sidestart|p2: funfunmochibun|move: Stealth Rock
|move|p2a: Clodsire|Rock Tomb|p1a: Bing Bong
|-damage|p1a: Bing Bong|93/100
|-unboost|p1a: Bing Bong|spe|1
|-activate|p1a: Bing Bong|ability: Toxic Debris
|-sidestart|p2: funfunmochibun|move: Toxic Spikes
|
|upkeep
|turn|6
|
|t:|1758255974
|move|p1a: Bing Bong|Earth Power|p2a: Clodsire
|-supereffective|p2a: Clodsire
|-damage|p2a: Clodsire|66/100
|move|p2a: Clodsire|Earthquake|p1a: Bing Bong
|-supereffective|p1a: Bing Bong
|-damage|p1a: Bing Bong|25/100
|-activate|p1a: Bing Bong|ability: Toxic Debris
|-sidestart|p2: funfunmochibun|move: Toxic Spikes
|
|-heal|p2a: Clodsire|72/100|[from] item: Leftovers
|upkeep
|turn|7
|
|t:|1758255981
|move|p1a: Bing Bong|Earth Power|p2a: Clodsire
|-supereffective|p2a: Clodsire
|-damage|p2a: Clodsire|37/100
|move|p2a: Clodsire|Rock Tomb|p1a: Bing Bong
|-damage|p1a: Bing Bong|18/100
|-unboost|p1a: Bing Bong|spe|1
|
|-heal|p2a: Clodsire|43/100|[from] item: Leftovers
|upkeep
|turn|8
|
|t:|1758255985
|move|p1a: Bing Bong|Earth Power|p2a: Clodsire
|-supereffective|p2a: Clodsire
|-damage|p2a: Clodsire|8/100
|move|p2a: Clodsire|Recover|p2a: Clodsire
|-heal|p2a: Clodsire|58/100
|
|-heal|p2a: Clodsire|65/100|[from] item: Leftovers
|-sideend|p1: AP Precalculus|Reflect
|upkeep
|turn|9
|
|t:|1758255990
|move|p1a: Bing Bong|Earth Power|p2a: Clodsire
|-supereffective|p2a: Clodsire
|-damage|p2a: Clodsire|33/100
|move|p2a: Clodsire|Recover|p2a: Clodsire
|-heal|p2a: Clodsire|83/100
|
|-heal|p2a: Clodsire|89/100|[from] item: Leftovers
|-sideend|p1: AP Precalculus|move: Light Screen
|upkeep
|turn|10
|
|t:|1758255994
|move|p1a: Bing Bong|Earth Power|p2a: Clodsire
|-supereffective|p2a: Clodsire
|-damage|p2a: Clodsire|57/100
|move|p2a: Clodsire|Earthquake|p1a: Bing Bong
|-supereffective|p1a: Bing Bong
|-damage|p1a: Bing Bong|0 fnt
|faint|p1a: Bing Bong
|
|-heal|p2a: Clodsire|63/100|[from] item: Leftovers
|upkeep
|
|t:|1758256005
|switch|p1a: Mr Grimm|Grimmsnarl, M, tera:Steel|71/100
|turn|11
|
|t:|1758256010
|switch|p2a: Maushold|Maushold|100/100
|-damage|p2a: Maushold|88/100|[from] Stealth Rock
|-status|p2a: Maushold|tox
|move|p1a: Mr Grimm|Reflect|p1a: Mr Grimm
|-sidestart|p1: AP Precalculus|Reflect
|
|-damage|p2a: Maushold|82/100 tox|[from] psn
|upkeep
|turn|12
|
|t:|1758256028
|switch|p2a: Scizor|Scizor, F|100/100
|-damage|p2a: Scizor|88/100|[from] Stealth Rock
|move|p1a: Mr Grimm|Taunt|p2a: Scizor
|-start|p2a: Scizor|move: Taunt
|
|upkeep
|turn|13
|
|t:|1758256035
|move|p1a: Mr Grimm|Light Screen|p1a: Mr Grimm
|-sidestart|p1: AP Precalculus|move: Light Screen
|move|p2a: Scizor|Close Combat|p1a: Mr Grimm
|-supereffective|p1a: Mr Grimm
|-damage|p1a: Mr Grimm|0 fnt
|-unboost|p2a: Scizor|def|1
|-unboost|p2a: Scizor|spd|1
|faint|p1a: Mr Grimm
|
|upkeep
|inactive|AP Precalculus has 120 seconds left.
|
|t:|1758256067
|switch|p1a: THE HANDS|Iron Hands|100/100
|-enditem|p1a: THE HANDS|Booster Energy
|-activate|p1a: THE HANDS|ability: Quark Drive|[fromitem]
|-start|p1a: THE HANDS|quarkdriveatk
|turn|14
|
|t:|1758256077
|switch|p2a: Zapdos|Zapdos|100/100
|move|p1a: THE HANDS|Swords Dance|p1a: THE HANDS
|-boost|p1a: THE HANDS|atk|2
|
|upkeep
|turn|15
|inactive|AP Precalculus has 120 seconds left.
|
|t:|1758256092
|move|p2a: Zapdos|Hurricane|p1a: THE HANDS
|-damage|p1a: THE HANDS|82/100
|move|p1a: THE HANDS|Wild Charge|p2a: Zapdos
|-damage|p2a: Zapdos|6/100
|-damage|p1a: THE HANDS|62/100|[from] Recoil
|
|upkeep
|turn|16
|inactive|AP Precalculus has 120 seconds left.
|
|t:|1758256105
|switch|p2a: Clodsire|Clodsire, F|63/100
|-damage|p2a: Clodsire|57/100|[from] Stealth Rock
|-sideend|p2: funfunmochibun|move: Toxic Spikes|[of] p2a: Clodsire
|move|p1a: THE HANDS|Drain Punch|p2a: Clodsire
|-resisted|p2a: Clodsire
|-damage|p2a: Clodsire|0 fnt
|-heal|p1a: THE HANDS|91/100|[from] drain|[of] p2a: Clodsire
|faint|p2a: Clodsire
|
|upkeep
|
|t:|1758256123
|switch|p2a: Maushold|Maushold|82/100 tox
|-damage|p2a: Maushold|69/100 tox|[from] Stealth Rock
|turn|17
|
|t:|1758256131
|-terastallize|p2a: Maushold|Ghost
|move|p2a: Maushold|Encore|p1a: THE HANDS
|-start|p1a: THE HANDS|Encore
|move|p1a: THE HANDS|Drain Punch|p2a: Maushold
|-immune|p2a: Maushold
|
|-damage|p2a: Maushold|63/100 tox|[from] psn
|upkeep
|turn|18
|
|t:|1758256142
|-end|p1a: THE HANDS|Quark Drive|[silent]
|switch|p1a: a bug?|Iron Moth|100/100
|-enditem|p1a: a bug?|Booster Energy
|-activate|p1a: a bug?|ability: Quark Drive|[fromitem]
|-start|p1a: a bug?|quarkdrivespa
|move|p2a: Maushold|Tidy Up|p2a: Maushold
|-sideend|p2: funfunmochibun|Stealth Rock
|-activate|p2a: Maushold|move: Tidy Up
|-boost|p2a: Maushold|atk|1
|-boost|p2a: Maushold|spe|1
|
|-damage|p2a: Maushold|51/100 tox|[from] psn
|-sideend|p1: AP Precalculus|Reflect
|upkeep
|turn|19
|-message|AP Precalculus forfeited.
|
|win|funfunmochibun
|raw|AP Precalculus's rating: 1451 &rarr; <strong>1430</strong><br />(-21 for losing)
|raw|funfunmochibun's rating: 1437 &rarr; <strong>1458</strong><br />(+21 for winning)
|l|☆AP Precalculus
|player|p1|
|l|☆funfunmochibun
|player|p2|
