|j|☆EM3RLD
|j|☆Prav33n
|t:|1758260784
|gametype|singles
|player|p1|EM3RLD|101|1657
|player|p2|Prav33n|koga|1728
|gen|9
|tier|[Gen 9] OU
|rated|
|rule|HP Percentage Mod: HP is shown in percentages
|rule|Endless Battle Clause: Forcing endless battles is banned
|rule|Species Clause: Limit one of each Pokémon
|rule|OHKO Clause: OHKO moves are banned
|rule|Evasion Items Clause: Evasion items are banned
|rule|Evasion Moves Clause: Evasion moves are banned
|rule|Evasion Abilities Clause: Evasion abilities are banned
|rule|Sleep Moves Clause: Sleep-inducing moves are banned
|clearpoke
|poke|p1|Ninetales-Alola, M|
|poke|p1|Kingambit, M|
|poke|p1|Iron Moth|
|poke|p1|Azumarill, M|
|poke|p1|Great Tusk|
|poke|p1|Latias, F|
|poke|p2|Samurott-Hisui, M|
|poke|p2|Pecharunt|
|poke|p2|Zamazenta-*|
|poke|p2|Tornadus-Therian, M|
|poke|p2|Iron Treads|
|poke|p2|Latios, M|
|teampreview
|inactive|Battle timer is ON: inactive players will automatically lose when time's up. (requested by Prav33n)
|j| PoojeetTruckDriver
|l| PoojeetTruckDriver
|j| wgw2333
|inactive|EM3RLD has 120 seconds left.
|j| jscufy
|inactive|EM3RLD has 90 seconds left.
|inactive|EM3RLD has 60 seconds left.
|inactive|EM3RLD has 30 seconds left.
|inactive|EM3RLD has 20 seconds left.
|inactive|EM3RLD has 15 seconds left.
|inactive|EM3RLD has 10 seconds left.
|
|t:|1758260928
|teamsize|p1|6
|teamsize|p2|6
|start
|switch|p1a: Ninetales|Ninetales-Alola, M|100/100
|switch|p2a: Tornadus|Tornadus-Therian, M|100/100
|-weather|Snowscape|[from] ability: Snow Warning|[of] p1a: Ninetales
|turn|1
|
|t:|1758260934
|move|p2a: Tornadus|Knock Off|p1a: Ninetales
|-resisted|p1a: Ninetales
|-damage|p1a: Ninetales|92/100
|-enditem|p1a: Ninetales|Light Clay|[from] move: Knock Off|[of] p2a: Tornadus
|move|p1a: Ninetales|Aurora Veil|p1a: Ninetales
|-sidestart|p1: EM3RLD|move: Aurora Veil
|
|-weather|Snowscape|[upkeep]
|upkeep
|turn|2
|
|t:|1758260942
|move|p2a: Tornadus|U-turn|p1a: Ninetales
|-resisted|p1a: Ninetales
|-damage|p1a: Ninetales|89/100
|
|t:|1758260945
|switch|p2a: Iron Treads|Iron Treads|100/100|[from] U-turn
|move|p1a: Ninetales|Encore||[still]
|-fail|p1a: Ninetales
|
|-weather|Snowscape|[upkeep]
|upkeep
|turn|3
|inactive|EM3RLD has 90 seconds left.
|
|t:|1758260953
|switch|p1a: Great Tusk|Great Tusk|100/100
|-enditem|p1a: Great Tusk|Booster Energy
|-activate|p1a: Great Tusk|ability: Protosynthesis|[fromitem]
|-start|p1a: Great Tusk|protosynthesisspe
|move|p2a: Iron Treads|Stealth Rock|p1a: Great Tusk
|-sidestart|p1: EM3RLD|move: Stealth Rock
|
|-weather|Snowscape|[upkeep]
|upkeep
|turn|4
|
|t:|1758260959
|-end|p2a: Iron Treads|Quark Drive|[silent]
|switch|p2a: Pecharunt|Pecharunt|100/100
|move|p1a: Great Tusk|Bulk Up|p1a: Great Tusk
|-boost|p1a: Great Tusk|atk|1
|-boost|p1a: Great Tusk|def|1
|
|-weather|Snowscape|[upkeep]
|upkeep
|turn|5
|
|t:|1758260963
|switch|p2a: Tornadus|Tornadus-Therian, M|100/100
|move|p1a: Great Tusk|Earthquake|p2a: Tornadus
|-immune|p2a: Tornadus
|
|-weather|none
|-sideend|p1: EM3RLD|move: Aurora Veil
|upkeep
|turn|6
|
|t:|1758260974
|move|p1a: Great Tusk|Ice Spinner|p2a: Tornadus
|-supereffective|p2a: Tornadus
|-damage|p2a: Tornadus|28/100
|move|p2a: Tornadus|Bleakwind Storm|p1a: Great Tusk
|-supereffective|p1a: Great Tusk
|-damage|p1a: Great Tusk|6/100
|
|upkeep
|turn|7
|
|t:|1758260990
|move|p1a: Great Tusk|Rapid Spin|p2a: Tornadus
|-damage|p2a: Tornadus|2/100
|-boost|p1a: Great Tusk|spe|1
|-sideend|p1: EM3RLD|Stealth Rock|[from] move: Rapid Spin|[of] p1a: Great Tusk
|move|p2a: Tornadus|Bleakwind Storm|p1a: Great Tusk
|-supereffective|p1a: Great Tusk
|-damage|p1a: Great Tusk|0 fnt
|faint|p1a: Great Tusk
|-end|p1a: Great Tusk|Protosynthesis|[silent]
|
|upkeep
|
|t:|1758260995
|switch|p1a: Iron Moth|Iron Moth|100/100
|-enditem|p1a: Iron Moth|Booster Energy
|-activate|p1a: Iron Moth|ability: Quark Drive|[fromitem]
|-start|p1a: Iron Moth|quarkdrivespe
|turn|8
|
|t:|1758261000
|move|p1a: Iron Moth|Fiery Dance|p2a: Tornadus
|-damage|p2a: Tornadus|0 fnt
|-boost|p1a: Iron Moth|spa|1
|faint|p2a: Tornadus
|
|upkeep
|
|t:|1758261018
|switch|p2a: Latios|Latios, M, shiny|100/100
|turn|9
|
|t:|1758261025
|move|p1a: Iron Moth|Substitute|p1a: Iron Moth
|-start|p1a: Iron Moth|Substitute
|-damage|p1a: Iron Moth|76/100
|move|p2a: Latios|Psychic Noise|p1a: Iron Moth
|-supereffective|p1a: Iron Moth
|-damage|p1a: Iron Moth|0 fnt
|faint|p1a: Iron Moth
|-end|p1a: Iron Moth|Quark Drive|[silent]
|
|upkeep
|
|t:|1758261039
|switch|p1a: Ninetales|Ninetales-Alola, M|89/100
|-weather|Snowscape|[from] ability: Snow Warning|[of] p1a: Ninetales
|turn|10
|
|t:|1758261044
|switch|p2a: Iron Treads|Iron Treads|100/100
|move|p1a: Ninetales|Aurora Veil|p1a: Ninetales
|-sidestart|p1: EM3RLD|move: Aurora Veil
|
|-weather|Snowscape|[upkeep]
|upkeep
|turn|11
|
|t:|1758261047
|switch|p1a: Azumarill|Azumarill, M|100/100
|move|p2a: Iron Treads|Stealth Rock|p1a: Azumarill
|-sidestart|p1: EM3RLD|move: Stealth Rock
|
|-weather|Snowscape|[upkeep]
|upkeep
|turn|12
|
|t:|1758261051
|-end|p2a: Iron Treads|Quark Drive|[silent]
|switch|p2a: Samurott|Samurott-Hisui, M|100/100
|move|p1a: Azumarill|Belly Drum|p1a: Azumarill
|-damage|p1a: Azumarill|50/100
|-setboost|p1a: Azumarill|atk|6|[from] move: Belly Drum
|-enditem|p1a: Azumarill|Sitrus Berry|[eat]
|-heal|p1a: Azumarill|75/100|[from] item: Sitrus Berry
|
|-weather|Snowscape|[upkeep]
|upkeep
|turn|13
|
|t:|1758261055
|move|p2a: Samurott|Encore|p1a: Azumarill
|-start|p1a: Azumarill|Encore
|move|p1a: Azumarill|Belly Drum||[still]
|-fail|p1a: Azumarill
|
|-weather|Snowscape|[upkeep]
|upkeep
|turn|14
|
|t:|1758261058
|move|p2a: Samurott|Ceaseless Edge|p1a: Azumarill
|-resisted|p1a: Azumarill
|-damage|p1a: Azumarill|62/100
|-sidestart|p1: EM3RLD|Spikes
|move|p1a: Azumarill|Belly Drum||[still]
|-fail|p1a: Azumarill
|
|-weather|none
|-sideend|p1: EM3RLD|move: Aurora Veil
|upkeep
|turn|15
|
|t:|1758261060
|move|p2a: Samurott|Ceaseless Edge|p1a: Azumarill
|-resisted|p1a: Azumarill
|-damage|p1a: Azumarill|37/100
|-sidestart|p1: EM3RLD|Spikes
|move|p1a: Azumarill|Belly Drum||[still]
|-fail|p1a: Azumarill
|
|-end|p1a: Azumarill|Encore
|upkeep
|turn|16
|
|t:|1758261068
|switch|p2a: Latios|Latios, M, shiny|100/100
|move|p1a: Azumarill|Aqua Jet|p2a: Latios
|-resisted|p2a: Latios
|-damage|p2a: Latios|28/100
|
|upkeep
|turn|17
|
|t:|1758261070
|move|p1a: Azumarill|Aqua Jet|p2a: Latios
|-resisted|p2a: Latios
|-damage|p2a: Latios|0 fnt
|faint|p2a: Latios
|
|upkeep
|
|t:|1758261074
|switch|p2a: Zamazenta|Zamazenta|100/100
|-ability|p2a: Zamazenta|Dauntless Shield|boost
|-boost|p2a: Zamazenta|def|1
|turn|18
|
|t:|1758261078
|move|p1a: Azumarill|Aqua Jet|p2a: Zamazenta
|-damage|p2a: Zamazenta|35/100
|move|p2a: Zamazenta|Heavy Slam|p1a: Azumarill
|-damage|p1a: Azumarill|0 fnt
|faint|p1a: Azumarill
|
|upkeep
|
|t:|1758261093
|switch|p1a: Latias|Latias, F|100/100
|-damage|p1a: Latias|88/100|[from] Stealth Rock
|turn|19
|
|t:|1758261096
|switch|p2a: Samurott|Samurott-Hisui, M|100/100
|move|p1a: Latias|Agility|p1a: Latias
|-boost|p1a: Latias|spe|2
|
|upkeep
|turn|20
|
|t:|1758261101
|-terastallize|p1a: Latias|Poison
|move|p1a: Latias|Calm Mind|p1a: Latias
|-boost|p1a: Latias|spa|1
|-boost|p1a: Latias|spd|1
|move|p2a: Samurott|Encore|p1a: Latias
|-start|p1a: Latias|Encore
|
|upkeep
|turn|21
|
|t:|1758261108
|move|p1a: Latias|Calm Mind|p1a: Latias
|-boost|p1a: Latias|spa|1
|-boost|p1a: Latias|spd|1
|move|p2a: Samurott|Knock Off|p1a: Latias
|-damage|p1a: Latias|52/100
|-enditem|p1a: Latias|Weakness Policy|[from] move: Knock Off|[of] p2a: Samurott
|
|upkeep
|turn|22
|
|t:|1758261110
|move|p1a: Latias|Calm Mind|p1a: Latias
|-boost|p1a: Latias|spa|1
|-boost|p1a: Latias|spd|1
|move|p2a: Samurott|Razor Shell|p1a: Latias
|-damage|p1a: Latias|10/100
|
|upkeep
|turn|23
|
|t:|1758261113
|move|p1a: Latias|Calm Mind|p1a: Latias
|-boost|p1a: Latias|spa|1
|-boost|p1a: Latias|spd|1
|move|p2a: Samurott|Razor Shell|p1a: Latias|[miss]
|-miss|p2a: Samurott|p1a: Latias
|
|-end|p1a: Latias|Encore
|upkeep
|turn|24
|
|t:|1758261127
|-terastallize|p2a: Samurott|Poison
|move|p1a: Latias|Aura Sphere|p2a: Samurott
|-resisted|p2a: Samurott
|-damage|p2a: Samurott|57/100
|move|p2a: Samurott|Knock Off|p1a: Latias
|-damage|p1a: Latias|0 fnt
|faint|p1a: Latias
|
|upkeep
|
|t:|1758261139
|switch|p1a: Ninetales|Ninetales-Alola, M|89/100
|-damage|p1a: Ninetales|64/100|[from] Stealth Rock
|-damage|p1a: Ninetales|47/100|[from] Spikes
|-weather|Snowscape|[from] ability: Snow Warning|[of] p1a: Ninetales
|turn|25
|
|t:|1758261149
|switch|p2a: Pecharunt|Pecharunt|100/100
|move|p1a: Ninetales|Encore||[still]
|-fail|p1a: Ninetales
|
|-weather|Snowscape|[upkeep]
|upkeep
|turn|26
|
|t:|1758261152
|move|p1a: Ninetales|Aurora Veil|p1a: Ninetales
|-sidestart|p1: EM3RLD|move: Aurora Veil
|move|p2a: Pecharunt|Malignant Chain|p1a: Ninetales
|-supereffective|p1a: Ninetales
|-damage|p1a: Ninetales|14/100
|-status|p1a: Ninetales|tox
|-start|p1a: Ninetales|confusion|[from] ability: Poison Puppeteer|[of] p2a: Pecharunt
|
|-weather|Snowscape|[upkeep]
|-damage|p1a: Ninetales|8/100 tox|[from] psn
|upkeep
|turn|27
|
|t:|1758261158
|-activate|p1a: Ninetales|confusion
|move|p1a: Ninetales|Freeze-Dry|p2a: Pecharunt
|-damage|p2a: Pecharunt|78/100
|move|p2a: Pecharunt|Shadow Ball|p1a: Ninetales
|-damage|p1a: Ninetales|0 fnt
|faint|p1a: Ninetales
|
|-weather|Snowscape|[upkeep]
|upkeep
|
|t:|1758261160
|switch|p1a: Kingambit|Kingambit, M|100/100
|-damage|p1a: Kingambit|94/100|[from] Stealth Rock
|-damage|p1a: Kingambit|78/100|[from] Spikes
|-activate|p1a: Kingambit|ability: Supreme Overlord
|-start|p1a: Kingambit|fallen5|[silent]
|turn|28
|
|t:|1758261165
|move|p2a: Pecharunt|Parting Shot|p1a: Kingambit
|-unboost|p1a: Kingambit|atk|1
|-unboost|p1a: Kingambit|spa|1
|
|t:|1758261167
|switch|p2a: Samurott|Samurott-Hisui, M, tera:Poison|57/100|[from] Parting Shot
|move|p1a: Kingambit|Kowtow Cleave|p2a: Samurott
|-damage|p2a: Samurott|0 fnt
|faint|p2a: Samurott
|
|-weather|Snowscape|[upkeep]
|-heal|p1a: Kingambit|84/100|[from] item: Leftovers
|upkeep
|
|t:|1758261169
|switch|p2a: Zamazenta|Zamazenta|35/100
|turn|29
|
|t:|1758261174
|move|p2a: Zamazenta|Close Combat|p1a: Kingambit
|-supereffective|p1a: Kingambit
|-damage|p1a: Kingambit|0 fnt
|-unboost|p2a: Zamazenta|def|1
|-unboost|p2a: Zamazenta|spd|1
|faint|p1a: Kingambit
|-end|p1a: Kingambit|fallen5|[silent]
|
|win|Prav33n
|raw|EM3RLD's rating: 1657 &rarr; <strong>1641</strong><br />(-16 for losing)
|raw|Prav33n's rating: 1728 &rarr; <strong>1744</strong><br />(+16 for winning)
|l| jscufy
|l|☆Prav33n
|player|p2|
|l| wgw2333
|j|☆Prav33n
|player|p2|Prav33n|koga|
|l|☆EM3RLD
|player|p1|
