|j|☆ign28
|j|☆Weyselb
|t:|1758313898
|gametype|singles
|player|p1|ign28|palmer|1433
|player|p2|Weyselb|pokemaniac|1413
|gen|9
|tier|[Gen 9] OU
|rated|
|rule|HP Percentage Mod: HP is shown in percentages
|rule|Endless Battle Clause: Forcing endless battles is banned
|rule|Species Clause: Limit one of each Pokémon
|rule|OHKO Clause: OHKO moves are banned
|rule|Evasion Items Clause: Evasion items are banned
|rule|Evasion Moves Clause: Evasion moves are banned
|rule|Evasion Abilities Clause: Evasion abilities are banned
|rule|Sleep Moves Clause: Sleep-inducing moves are banned
|clearpoke
|poke|p1|Dragonite, F|
|poke|p1|Darkrai|
|poke|p1|Zamazenta-*|
|poke|p1|Moltres|
|poke|p1|Ting-Lu|
|poke|p1|Scizor, F|
|poke|p2|Lokix, F|
|poke|p2|Alomomola, M|
|poke|p2|Slowking-Galar, F|
|poke|p2|Rotom-Wash|
|poke|p2|Iron Treads|
|poke|p2|Sinistcha|
|teampreview
|inactive|Battle timer is ON: inactive players will automatically lose when time's up. (requested by ign28)
|
|t:|1758313912
|teamsize|p1|6
|teamsize|p2|6
|start
|switch|p1a: Scizor|Scizor, F|100/100
|switch|p2a: Iron Treads|Iron Treads|100/100
|turn|1
|
|t:|1758313921
|-end|p2a: Iron Treads|Quark Drive|[silent]
|switch|p2a: Alomomola|Alomomola, M|100/100
|move|p1a: Scizor|Close Combat|p2a: Alomomola
|-damage|p2a: Alomomola|77/100
|-unboost|p1a: Scizor|def|1
|-unboost|p1a: Scizor|spd|1
|-damage|p1a: Scizor|84/100|[from] item: Rocky Helmet|[of] p2a: Alomomola
|
|upkeep
|turn|2
|
|t:|1758313929
|move|p1a: Scizor|Knock Off|p2a: Alomomola
|-damage|p2a: Alomomola|58/100
|-damage|p1a: Scizor|67/100|[from] item: Rocky Helmet|[of] p2a: Alomomola
|-enditem|p2a: Alomomola|Rocky Helmet|[from] move: Knock Off|[of] p1a: Scizor
|move|p2a: Alomomola|Flip Turn|p1a: Scizor
|-damage|p1a: Scizor|42/100
|
|t:|1758313942
|switch|p2a: Rotom|Rotom-Wash|100/100|[from] Flip Turn
|
|upkeep
|turn|3
|
|t:|1758313945
|move|p1a: Scizor|Bullet Punch|p2a: Rotom
|-resisted|p2a: Rotom
|-damage|p2a: Rotom|89/100
|move|p2a: Rotom|Hydro Pump|p1a: Scizor
|-damage|p1a: Scizor|0 fnt
|faint|p1a: Scizor
|
|upkeep
|
|t:|1758313957
|switch|p1a: Zamazenta|Zamazenta|100/100
|-ability|p1a: Zamazenta|Dauntless Shield|boost
|-boost|p1a: Zamazenta|def|1
|turn|4
|
|t:|1758313961
|switch|p2a: Sinistcha|Sinistcha|100/100
|move|p1a: Zamazenta|Close Combat|p2a: Sinistcha
|-immune|p2a: Sinistcha
|
|upkeep
|turn|5
|
|t:|1758313968
|switch|p1a: Moltres|Moltres|100/100
|move|p2a: Sinistcha|Strength Sap|p1a: Moltres
|-unboost|p1a: Moltres|atk|1
|
|upkeep
|turn|6
|
|t:|1758313973
|switch|p2a: Slowking|Slowking-Galar, F|100/100
|move|p1a: Moltres|U-turn|p2a: Slowking
|-damage|p2a: Slowking|91/100
|
|t:|1758313982
|switch|p1a: Darkrai|Darkrai, shiny|100/100|[from] U-turn
|
|upkeep
|turn|7
|
|t:|1758313987
|switch|p2a: Iron Treads|Iron Treads|100/100
|move|p1a: Darkrai|Dark Pulse|p2a: Iron Treads
|-damage|p2a: Iron Treads|66/100
|
|-heal|p2a: Iron Treads|72/100|[from] item: Leftovers
|upkeep
|turn|8
|
|t:|1758313994
|switch|p1a: Moltres|Moltres|100/100
|move|p2a: Iron Treads|Stealth Rock|p1a: Moltres
|-sidestart|p1: ign28|move: Stealth Rock
|
|-heal|p2a: Iron Treads|78/100|[from] item: Leftovers
|upkeep
|turn|9
|
|t:|1758314000
|-end|p2a: Iron Treads|Quark Drive|[silent]
|switch|p2a: Slowking|Slowking-Galar, F|100/100
|move|p1a: Moltres|U-turn|p2a: Slowking
|-damage|p2a: Slowking|85/100
|
|t:|1758314004
|switch|p1a: Darkrai|Darkrai, shiny|100/100|[from] U-turn
|
|upkeep
|turn|10
|
|t:|1758314011
|switch|p2a: Iron Treads|Iron Treads|78/100
|move|p1a: Darkrai|Nasty Plot|p1a: Darkrai
|-boost|p1a: Darkrai|spa|2
|
|-heal|p2a: Iron Treads|84/100|[from] item: Leftovers
|upkeep
|turn|11
|
|t:|1758314017
|move|p1a: Darkrai|Dark Pulse|p2a: Iron Treads
|-damage|p2a: Iron Treads|15/100
|move|p2a: Iron Treads|Volt Switch|p1a: Darkrai
|-damage|p1a: Darkrai|86/100
|
|t:|1758314020
|-end|p2a: Iron Treads|Quark Drive|[silent]
|switch|p2a: Lokix|Lokix, F|100/100|[from] Volt Switch
|
|upkeep
|turn|12
|
|t:|1758314025
|move|p1a: Darkrai|Sludge Bomb|p2a: Lokix
|-damage|p2a: Lokix|0 fnt
|faint|p2a: Lokix
|
|upkeep
|
|t:|1758314030
|switch|p2a: Rotom|Rotom-Wash|89/100
|turn|13
|
|t:|1758314033
|move|p2a: Rotom|Volt Switch|p1a: Darkrai
|-damage|p1a: Darkrai|40/100
|
|t:|1758314038
|switch|p2a: Iron Treads|Iron Treads|15/100|[from] Volt Switch
|move|p1a: Darkrai|Dark Pulse|p2a: Iron Treads
|-damage|p2a: Iron Treads|0 fnt
|faint|p2a: Iron Treads
|-end|p2a: Iron Treads|Quark Drive|[silent]
|
|upkeep
|
|t:|1758314039
|switch|p2a: Rotom|Rotom-Wash|89/100
|turn|14
|
|t:|1758314046
|switch|p1a: Ting-Lu|Ting-Lu|100/100
|-damage|p1a: Ting-Lu|94/100|[from] Stealth Rock
|-ability|p1a: Ting-Lu|Vessel of Ruin
|move|p2a: Rotom|Hydro Pump|p1a: Ting-Lu|[miss]
|-miss|p2a: Rotom|p1a: Ting-Lu
|
|-heal|p1a: Ting-Lu|100/100|[from] item: Leftovers
|upkeep
|turn|15
|inactive|ign28 has 120 seconds left.
|
|t:|1758314080
|move|p2a: Rotom|Hydro Pump|p1a: Ting-Lu
|-supereffective|p1a: Ting-Lu
|-damage|p1a: Ting-Lu|56/100
|move|p1a: Ting-Lu|Stealth Rock|p2a: Rotom
|-sidestart|p2: Weyselb|move: Stealth Rock
|
|-heal|p1a: Ting-Lu|62/100|[from] item: Leftovers
|upkeep
|turn|16
|inactive|ign28 has 120 seconds left.
|
|t:|1758314093
|-terastallize|p2a: Rotom|Water
|move|p2a: Rotom|Hydro Pump|p1a: Ting-Lu|[miss]
|-miss|p2a: Rotom|p1a: Ting-Lu
|move|p1a: Ting-Lu|Ruination|p2a: Rotom
|-damage|p2a: Rotom|45/100
|
|-heal|p1a: Ting-Lu|69/100|[from] item: Leftovers
|upkeep
|turn|17
|-message|Weyselb forfeited.
|
|win|ign28
|raw|ign28's rating: 1433 &rarr; <strong>1452</strong><br />(+19 for winning)
|raw|Weyselb's rating: 1413 &rarr; <strong>1394</strong><br />(-19 for losing)
|l|☆Weyselb
|player|p2|
