|j|☆Plug Kristmas
|j|☆Titanos_Mosura
|t:|1758340647
|gametype|singles
|player|p1|Plug Kristmas|rood|1129
|player|p2|Titanos_Mosura|riley|1102
|gen|9
|tier|[Gen 9] OU
|rated|
|rule|HP Percentage Mod: HP is shown in percentages
|rule|Endless Battle Clause: Forcing endless battles is banned
|rule|Species Clause: Limit one of each Pokémon
|rule|OHKO Clause: OHKO moves are banned
|rule|Evasion Items Clause: Evasion items are banned
|rule|Evasion Moves Clause: Evasion moves are banned
|rule|Evasion Abilities Clause: Evasion abilities are banned
|rule|Sleep Moves Clause: Sleep-inducing moves are banned
|clearpoke
|poke|p1|Hariyama, M|
|poke|p1|Forretress, M|
|poke|p1|Manaphy|
|poke|p1|Heatran, F|
|poke|p1|Gliscor, M|
|poke|p1|Alcremie-Rainbow-Swirl, F|
|poke|p2|Toxapex, F|
|poke|p2|Hawlucha, M|
|poke|p2|Maushold-Four|
|poke|p2|Deoxys-Defense|
|poke|p2|Volcanion|
|poke|p2|Hoopa-Unbound|
|teampreview
|
|t:|1758340660
|teamsize|p1|6
|teamsize|p2|6
|start
|switch|p1a: Manaphy|Manaphy|100/100
|switch|p2a: Hoopa|Hoopa-Unbound|100/100
|turn|1
|
|t:|1758340681
|move|p1a: Manaphy|Surf|p2a: Hoopa
|-damage|p2a: Hoopa|69/100
|move|p2a: Hoopa|Hyperspace Fury|p1a: Manaphy
|-damage|p1a: Manaphy|43/100
|-unboost|p2a: Hoopa|def|1
|-item|p2a: Hoopa|Leftovers|[from] ability: Magician|[of] p1a: Manaphy
|
|-heal|p2a: Hoopa|75/100|[from] item: Leftovers
|upkeep
|turn|2
|
|t:|1758340697
|switch|p1a: Forretress|Forretress, M|100/100
|move|p2a: Hoopa|Hyperspace Fury|p1a: Forretress
|-damage|p1a: Forretress|72/100
|-unboost|p2a: Hoopa|def|1
|
|-heal|p2a: Hoopa|81/100|[from] item: Leftovers
|upkeep
|turn|3
|
|t:|1758340711
|move|p2a: Hoopa|Fire Punch|p1a: Forretress
|-supereffective|p1a: Forretress
|-damage|p1a: Forretress|3/100
|-damage|p2a: Hoopa|64/100|[from] item: Rocky Helmet|[of] p1a: Forretress
|move|p1a: Forretress|Spikes|p2a: Hoopa
|-sidestart|p2: Titanos_Mosura|Spikes
|
|-heal|p2a: Hoopa|70/100|[from] item: Leftovers
|upkeep
|turn|4
|
|t:|1758340723
|move|p2a: Hoopa|Hyperspace Fury|p1a: Forretress
|-crit|p1a: Forretress
|-damage|p1a: Forretress|0 fnt
|-unboost|p2a: Hoopa|def|1
|faint|p1a: Forretress
|
|-heal|p2a: Hoopa|76/100|[from] item: Leftovers
|upkeep
|
|t:|1758340756
|switch|p1a: Alcremie|Alcremie-Rainbow-Swirl, F|100/100
|turn|5
|
|t:|1758340768
|switch|p2a: Deoxys|Deoxys-Defense|100/100
|-damage|p2a: Deoxys|88/100|[from] Spikes
|-ability|p2a: Deoxys|Pressure
|move|p1a: Alcremie|Draining Kiss|p2a: Deoxys
|-damage|p2a: Deoxys|75/100
|-damage|p1a: Alcremie|84/100|[from] item: Rocky Helmet|[of] p2a: Deoxys
|
|-heal|p1a: Alcremie|90/100|[from] item: Leftovers
|upkeep
|turn|6
|
|t:|1758340789
|switch|p1a: Heatran|Heatran, F|100/100
|-item|p1a: Heatran|Air Balloon
|move|p2a: Deoxys|Cosmic Power|p2a: Deoxys
|-boost|p2a: Deoxys|def|1
|-boost|p2a: Deoxys|spd|1
|
|upkeep
|turn|7
|
|t:|1758340802
|move|p2a: Deoxys|Cosmic Power|p2a: Deoxys
|-boost|p2a: Deoxys|def|1
|-boost|p2a: Deoxys|spd|1
|move|p1a: Heatran|Earth Power|p2a: Deoxys
|-damage|p2a: Deoxys|62/100
|
|upkeep
|turn|8
|
|t:|1758340809
|move|p2a: Deoxys|Cosmic Power|p2a: Deoxys
|-boost|p2a: Deoxys|def|1
|-boost|p2a: Deoxys|spd|1
|move|p1a: Heatran|Flamethrower|p2a: Deoxys
|-damage|p2a: Deoxys|46/100
|
|upkeep
|turn|9
|
|t:|1758340820
|move|p2a: Deoxys|Cosmic Power|p2a: Deoxys
|-boost|p2a: Deoxys|def|1
|-boost|p2a: Deoxys|spd|1
|move|p1a: Heatran|Fire Blast|p2a: Deoxys
|-damage|p2a: Deoxys|30/100
|
|upkeep
|turn|10
|
|t:|1758340833
|move|p2a: Deoxys|Cosmic Power|p2a: Deoxys
|-boost|p2a: Deoxys|def|1
|-boost|p2a: Deoxys|spd|1
|move|p1a: Heatran|Flamethrower|p2a: Deoxys
|-damage|p2a: Deoxys|20/100
|
|upkeep
|turn|11
|
|t:|1758340842
|move|p2a: Deoxys|Drain Punch|p1a: Heatran
|-supereffective|p1a: Heatran
|-damage|p1a: Heatran|74/100
|-heal|p2a: Deoxys|38/100|[from] drain|[of] p1a: Heatran
|-enditem|p1a: Heatran|Air Balloon
|move|p1a: Heatran|Fire Blast|p2a: Deoxys
|-damage|p2a: Deoxys|25/100
|
|upkeep
|turn|12
|
|t:|1758340854
|-terastallize|p1a: Heatran|Fire
|move|p2a: Deoxys|Cosmic Power|p2a: Deoxys
|-boost|p2a: Deoxys|def|1
|-boost|p2a: Deoxys|spd|1
|move|p1a: Heatran|Flamethrower|p2a: Deoxys
|-crit|p2a: Deoxys
|-damage|p2a: Deoxys|0 fnt
|faint|p2a: Deoxys
|
|upkeep
|
|t:|1758340870
|switch|p2a: Volcanion|Volcanion|100/100
|-damage|p2a: Volcanion|88/100|[from] Spikes
|turn|13
|
|t:|1758340875
|move|p2a: Volcanion|Steam Eruption|p1a: Heatran
|-supereffective|p1a: Heatran
|-damage|p1a: Heatran|2/100
|move|p1a: Heatran|Earth Power|p2a: Volcanion
|-supereffective|p2a: Volcanion
|-damage|p2a: Volcanion|31/100
|
|upkeep
|turn|14
|
|t:|1758340884
|move|p2a: Volcanion|Steam Eruption|p1a: Heatran
|-supereffective|p1a: Heatran
|-damage|p1a: Heatran|0 fnt
|faint|p1a: Heatran
|
|upkeep
|
|t:|1758340891
|switch|p1a: Manaphy|Manaphy|43/100
|turn|15
|
|t:|1758340902
|move|p1a: Manaphy|Blizzard|p2a: Volcanion
|-resisted|p2a: Volcanion
|-damage|p2a: Volcanion|23/100
|move|p2a: Volcanion|Sunny Day|p2a: Volcanion
|-weather|SunnyDay
|
|-weather|SunnyDay|[upkeep]
|upkeep
|turn|16
|
|t:|1758340913
|move|p1a: Manaphy|Energy Ball|p2a: Volcanion
|-damage|p2a: Volcanion|0 fnt
|faint|p2a: Volcanion
|
|-weather|SunnyDay|[upkeep]
|upkeep
|
|t:|1758340921
|switch|p2a: Maushold|Maushold-Four|100/100
|-damage|p2a: Maushold|88/100|[from] Spikes
|turn|17
|
|t:|1758340929
|move|p2a: Maushold|Bullet Seed|p1a: Manaphy
|-supereffective|p1a: Manaphy
|-damage|p1a: Manaphy|27/100
|-supereffective|p1a: Manaphy
|-damage|p1a: Manaphy|10/100
|-supereffective|p1a: Manaphy
|-crit|p1a: Manaphy
|-damage|p1a: Manaphy|0 fnt
|faint|p1a: Manaphy
|-hitcount|p1: Manaphy|3
|
|-weather|SunnyDay|[upkeep]
|upkeep
|
|t:|1758340939
|switch|p1a: Hariyama|Hariyama, M|100/100
|turn|18
|
|t:|1758340951
|switch|p2a: Toxapex|Toxapex, F|100/100
|-damage|p2a: Toxapex|88/100|[from] Spikes
|move|p1a: Hariyama|Bulk Up|p1a: Hariyama
|-boost|p1a: Hariyama|atk|1
|-boost|p1a: Hariyama|def|1
|
|-weather|SunnyDay|[upkeep]
|-heal|p2a: Toxapex|94/100|[from] item: Black Sludge
|-status|p1a: Hariyama|brn|[from] item: Flame Orb
|upkeep
|turn|19
|
|t:|1758340966
|move|p1a: Hariyama|Thunder Punch|p2a: Toxapex
|-supereffective|p2a: Toxapex
|-damage|p2a: Toxapex|0 fnt
|faint|p2a: Toxapex
|
|-weather|none
|-damage|p1a: Hariyama|94/100 brn|[from] brn
|upkeep
|
|t:|1758340976
|switch|p2a: Hoopa|Hoopa-Unbound|76/100
|-damage|p2a: Hoopa|64/100|[from] Spikes
|turn|20
|
|t:|1758340983
|-terastallize|p2a: Hoopa|Psychic
|move|p2a: Hoopa|Zen Headbutt|p1a: Hariyama
|-supereffective|p1a: Hariyama
|-damage|p1a: Hariyama|3/100 brn
|move|p1a: Hariyama|Facade|p2a: Hoopa
|-damage|p2a: Hoopa|0 fnt
|faint|p2a: Hoopa
|
|-damage|p1a: Hariyama|0 fnt|[from] brn
|faint|p1a: Hariyama
|upkeep
|
|t:|1758340998
|switch|p2a: Maushold|Maushold-Four|88/100
|switch|p1a: Gliscor|Gliscor, M|100/100
|-damage|p2a: Maushold|76/100|[from] Spikes
|turn|21
|
|t:|1758341011
|move|p2a: Maushold|Population Bomb|p1a: Gliscor
|-damage|p1a: Gliscor|90/100
|-damage|p1a: Gliscor|80/100
|-damage|p1a: Gliscor|70/100
|-damage|p1a: Gliscor|61/100
|-damage|p1a: Gliscor|51/100
|-damage|p1a: Gliscor|42/100
|-damage|p1a: Gliscor|32/100
|-damage|p1a: Gliscor|23/100
|-damage|p1a: Gliscor|13/100
|-damage|p1a: Gliscor|3/100
|-hitcount|p1a: Gliscor|10
|move|p1a: Gliscor|Gunk Shot|p2a: Maushold
|-damage|p2a: Maushold|28/100
|
|-status|p1a: Gliscor|tox|[from] item: Toxic Orb
|upkeep
|turn|22
|
|t:|1758341034
|move|p2a: Maushold|Population Bomb|p1a: Gliscor
|-damage|p1a: Gliscor|0 fnt
|faint|p1a: Gliscor
|-hitcount|p1: Gliscor|1
|
|upkeep
|
|t:|1758341040
|switch|p1a: Alcremie|Alcremie-Rainbow-Swirl, F|90/100
|turn|23
|
|t:|1758341044
|move|p2a: Maushold|Population Bomb|p1a: Alcremie
|-damage|p1a: Alcremie|77/100
|-damage|p1a: Alcremie|65/100
|-damage|p1a: Alcremie|53/100
|-damage|p1a: Alcremie|41/100
|-damage|p1a: Alcremie|29/100
|-damage|p1a: Alcremie|15/100
|-damage|p1a: Alcremie|1/100
|-damage|p1a: Alcremie|0 fnt
|faint|p1a: Alcremie
|-hitcount|p1: Alcremie|8
|
|win|Titanos_Mosura
|raw|Plug Kristmas's rating: 1129 &rarr; <strong>1102</strong><br />(-27 for losing)
|raw|Titanos_Mosura's rating: 1102 &rarr; <strong>1129</strong><br />(+27 for winning)
