|j|☆Kis Vegallomas
|j|☆AdamTheBeesKnees
|t:|1758308774
|gametype|singles
|player|p1|Kis Vegallomas|169|1430
|player|p2|AdamTheBeesKnees|169|1428
|gen|9
|tier|[Gen 9] OU
|rated|
|rule|HP Percentage Mod: HP is shown in percentages
|rule|Endless Battle Clause: Forcing endless battles is banned
|rule|Species Clause: Limit one of each Pokémon
|rule|OHKO Clause: OHKO moves are banned
|rule|Evasion Items Clause: Evasion items are banned
|rule|Evasion Moves Clause: Evasion moves are banned
|rule|Evasion Abilities Clause: Evasion abilities are banned
|rule|Sleep Moves Clause: Sleep-inducing moves are banned
|clearpoke
|poke|p1|Goodra-Hisui, M|
|poke|p1|Pecharunt|
|poke|p1|Tsareena, F|
|poke|p1|Skeledirge, F|
|poke|p1|Scizor, F|
|poke|p1|Azumarill, F|
|poke|p2|Enamorus, F|
|poke|p2|Kyurem|
|poke|p2|Landorus-Therian, M|
|poke|p2|Kingambit, F|
|poke|p2|Ogerpon-Wellspring, F|
|poke|p2|Glimmora, F|
|teampreview
|
|t:|1758308782
|teamsize|p1|6
|teamsize|p2|6
|start
|switch|p1a: Scizor|Scizor, F|100/100
|switch|p2a: Landorus|Landorus-Therian, M|100/100
|-ability|p2a: Landorus|Intimidate|boost
|-unboost|p1a: Scizor|atk|1
|turn|1
|
|t:|1758308789
|move|p2a: Landorus|Stealth Rock|p1a: Scizor
|-sidestart|p1: Kis Vegallomas|move: Stealth Rock
|move|p1a: Scizor|Swords Dance|p1a: Scizor
|-boost|p1a: Scizor|atk|2
|
|upkeep
|turn|2
|
|t:|1758308793
|move|p2a: Landorus|Earthquake|p1a: Scizor
|-damage|p1a: Scizor|55/100
|-enditem|p1a: Scizor|Red Card|[of] p2a: Landorus
|drag|p2a: Kingambit|Kingambit, F|100/100
|-item|p2a: Kingambit|Air Balloon
|move|p1a: Scizor|Swords Dance|p1a: Scizor
|-boost|p1a: Scizor|atk|2
|
|upkeep
|turn|3
|
|t:|1758308802
|move|p2a: Kingambit|Low Kick|p1a: Scizor
|-damage|p1a: Scizor|17/100
|move|p1a: Scizor|Close Combat|p2a: Kingambit
|-supereffective|p2a: Kingambit
|-damage|p2a: Kingambit|0 fnt
|-unboost|p1a: Scizor|def|1
|-unboost|p1a: Scizor|spd|1
|-enditem|p2a: Kingambit|Air Balloon
|faint|p2a: Kingambit
|-end|p2a: Kingambit|fallenundefined|[silent]
|
|upkeep
|
|t:|1758308810
|switch|p2a: Landorus|Landorus-Therian, M|100/100
|-ability|p2a: Landorus|Intimidate|boost
|-unboost|p1a: Scizor|atk|1
|turn|4
|
|t:|1758308816
|switch|p1a: Tsareena|Tsareena, F|100/100
|-damage|p1a: Tsareena|88/100|[from] Stealth Rock
|move|p2a: Landorus|Earthquake|p1a: Tsareena
|-resisted|p1a: Tsareena
|-damage|p1a: Tsareena|69/100
|
|upkeep
|turn|5
|
|t:|1758308818
|move|p2a: Landorus|U-turn|p1a: Tsareena
|-supereffective|p1a: Tsareena
|-damage|p1a: Tsareena|31/100
|
|t:|1758308821
|switch|p2a: Glimmora|Glimmora, F|100/100|[from] U-turn
|move|p1a: Tsareena|Rapid Spin|p2a: Glimmora
|-resisted|p2a: Glimmora
|-damage|p2a: Glimmora|95/100
|-boost|p1a: Tsareena|spe|1
|-activate|p2a: Glimmora|ability: Toxic Debris
|-sidestart|p1: Kis Vegallomas|move: Toxic Spikes
|-sideend|p1: Kis Vegallomas|Toxic Spikes|[from] move: Rapid Spin|[of] p1a: Tsareena
|-sideend|p1: Kis Vegallomas|Stealth Rock|[from] move: Rapid Spin|[of] p1a: Tsareena
|-enditem|p2a: Glimmora|Red Card|[of] p1a: Tsareena
|drag|p1a: Pecharunt|Pecharunt|100/100
|
|upkeep
|turn|6
|
|t:|1758308829
|switch|p1a: Goodra|Goodra-Hisui, M|100/100
|move|p2a: Glimmora|Spikes|p1a: Goodra
|-sidestart|p1: Kis Vegallomas|Spikes
|
|upkeep
|turn|7
|
|t:|1758308832
|move|p2a: Glimmora|Earth Power|p1a: Goodra
|-supereffective|p1a: Goodra
|-damage|p1a: Goodra|76/100
|move|p1a: Goodra|Earthquake|p2a: Glimmora
|-supereffective|p2a: Glimmora
|-damage|p2a: Glimmora|24/100
|-activate|p2a: Glimmora|ability: Toxic Debris
|-sidestart|p1: Kis Vegallomas|move: Toxic Spikes
|
|upkeep
|turn|8
|
|t:|1758308838
|move|p2a: Glimmora|Spikes|p1a: Goodra
|-sidestart|p1: Kis Vegallomas|Spikes
|move|p1a: Goodra|Dragon Pulse|p2a: Glimmora
|-damage|p2a: Glimmora|0 fnt
|faint|p2a: Glimmora
|
|upkeep
|
|t:|1758308845
|switch|p2a: Landorus|Landorus-Therian, M|100/100
|-ability|p2a: Landorus|Intimidate|boost
|-unboost|p1a: Goodra|atk|1
|turn|9
|
|t:|1758308849
|move|p2a: Landorus|Stealth Rock|p1a: Goodra
|-sidestart|p1: Kis Vegallomas|move: Stealth Rock
|move|p1a: Goodra|Dragon Pulse|p2a: Landorus
|-damage|p2a: Landorus|52/100
|
|upkeep
|turn|10
|
|t:|1758308854
|move|p2a: Landorus|Earthquake|p1a: Goodra
|-supereffective|p1a: Goodra
|-damage|p1a: Goodra|0 fnt
|faint|p1a: Goodra
|
|upkeep
|
|t:|1758308856
|switch|p1a: Azumarill|Azumarill, F|100/100
|-damage|p1a: Azumarill|84/100|[from] Spikes
|-status|p1a: Azumarill|psn
|-damage|p1a: Azumarill|72/100 psn|[from] Stealth Rock
|turn|11
|
|t:|1758308860
|switch|p2a: Ogerpon|Ogerpon-Wellspring, F|100/100
|move|p1a: Azumarill|Play Rough|p2a: Ogerpon
|-damage|p2a: Ogerpon|0 fnt
|faint|p2a: Ogerpon
|
|-damage|p1a: Azumarill|59/100 psn|[from] psn
|upkeep
|
|t:|1758308866
|switch|p2a: Landorus|Landorus-Therian, M|52/100
|-ability|p2a: Landorus|Intimidate|boost
|-unboost|p1a: Azumarill|atk|1
|turn|12
|
|t:|1758308869
|move|p2a: Landorus|Earthquake|p1a: Azumarill
|-damage|p1a: Azumarill|13/100 psn
|move|p1a: Azumarill|Play Rough|p2a: Landorus
|-damage|p2a: Landorus|1/100
|-damage|p1a: Azumarill|0 fnt|[from] item: Rocky Helmet|[of] p2a: Landorus
|faint|p1a: Azumarill
|
|upkeep
|
|t:|1758308874
|switch|p1a: Pecharunt|Pecharunt|100/100
|-damage|p1a: Pecharunt|84/100|[from] Spikes
|-sideend|p1: Kis Vegallomas|move: Toxic Spikes|[of] p1a: Pecharunt
|-damage|p1a: Pecharunt|72/100|[from] Stealth Rock
|turn|13
|
|t:|1758308883
|-terastallize|p1a: Pecharunt|Flying
|move|p2a: Landorus|Earthquake|p1a: Pecharunt
|-immune|p1a: Pecharunt
|move|p1a: Pecharunt|Shadow Ball|p2a: Landorus
|-damage|p2a: Landorus|0 fnt
|faint|p2a: Landorus
|
|upkeep
|
|t:|1758308888
|switch|p2a: Enamorus|Enamorus, F|100/100
|turn|14
|
|t:|1758308892
|-terastallize|p2a: Enamorus|Stellar
|move|p2a: Enamorus|Tera Blast|p1a: Pecharunt|[anim] Tera Blast Stellar
|-supereffective|p1a: Pecharunt
|-damage|p1a: Pecharunt|0 fnt
|-boost|p2a: Enamorus|atk|1
|-boost|p2a: Enamorus|spa|1
|faint|p1a: Pecharunt
|
|upkeep
|
|t:|1758308903
|switch|p1a: Skeledirge|Skeledirge, F|100/100
|-damage|p1a: Skeledirge|84/100|[from] Spikes
|-damage|p1a: Skeledirge|59/100|[from] Stealth Rock
|turn|15
|
|t:|1758308906
|move|p2a: Enamorus|Tera Blast|p1a: Skeledirge|[anim] Tera Blast Stellar
|-damage|p1a: Skeledirge|21/100
|-boost|p2a: Enamorus|atk|1
|-boost|p2a: Enamorus|spa|1
|move|p1a: Skeledirge|Alluring Voice|p2a: Enamorus
|-damage|p2a: Enamorus|58/100
|-start|p2a: Enamorus|confusion
|
|upkeep
|turn|16
|
|t:|1758308912
|-activate|p2a: Enamorus|confusion
|move|p2a: Enamorus|Tera Blast|p1a: Skeledirge|[anim] Tera Blast Stellar
|-damage|p1a: Skeledirge|0 fnt
|-boost|p2a: Enamorus|atk|1
|-boost|p2a: Enamorus|spa|1
|faint|p1a: Skeledirge
|
|upkeep
|
|t:|1758308915
|switch|p1a: Tsareena|Tsareena, F|31/100
|-damage|p1a: Tsareena|15/100|[from] Spikes
|-damage|p1a: Tsareena|2/100|[from] Stealth Rock
|turn|17
|
|t:|1758308918
|-activate|p2a: Enamorus|confusion
|move|p2a: Enamorus|Tera Blast|p1a: Tsareena|[anim] Tera Blast Stellar
|-damage|p1a: Tsareena|0 fnt
|-boost|p2a: Enamorus|atk|1
|-boost|p2a: Enamorus|spa|1
|faint|p1a: Tsareena
|
|upkeep
|
|t:|1758308920
|switch|p1a: Scizor|Scizor, F|17/100
|-damage|p1a: Scizor|0 fnt|[from] Spikes
|faint|p1a: Scizor
|
|win|AdamTheBeesKnees
|raw|Kis Vegallomas's rating: 1430 &rarr; <strong>1410</strong><br />(-20 for losing)
|raw|AdamTheBeesKnees's rating: 1428 &rarr; <strong>1448</strong><br />(+20 for winning)
|l|☆AdamTheBeesKnees
|player|p2|
|l|☆Kis Vegallomas
|player|p1|
