|j|☆edolopes56
|j|‽vikxzi
|t:|1758305538
|gametype|singles
|player|p1|edolopes56|dragontamer|1119
|player|p2|vikxzi|101|1069
|gen|9
|tier|[Gen 9] OU
|rated|
|rule|HP Percentage Mod: HP is shown in percentages
|rule|Endless Battle Clause: Forcing endless battles is banned
|rule|Species Clause: Limit one of each Pokémon
|rule|OHKO Clause: OHKO moves are banned
|rule|Evasion Items Clause: Evasion items are banned
|rule|Evasion Moves Clause: Evasion moves are banned
|rule|Evasion Abilities Clause: Evasion abilities are banned
|rule|Sleep Moves Clause: Sleep-inducing moves are banned
|clearpoke
|poke|p1|Slaking, F|
|poke|p1|Alomomola, M|
|poke|p1|Ogerpon-Wellspring, F|
|poke|p1|Great Tusk|
|poke|p1|Dragonite, F|
|poke|p1|Gholdengo|
|poke|p2|Kingambit, F|
|poke|p2|Cetitan, M|
|poke|p2|Slowking, F|
|poke|p2|Serperior, M|
|poke|p2|Hawlucha, M|
|poke|p2|Ninetales-Alola, M|
|teampreview
|inactive|Battle timer is ON: inactive players will automatically lose when time's up. (requested by edolopes56)
|
|t:|1758305553
|teamsize|p1|6
|teamsize|p2|6
|start
|switch|p1a: Great Tusk|Great Tusk|100/100
|switch|p2a: Ninetales|Ninetales-Alola, M, shiny|100/100
|-weather|Snowscape|[from] ability: Snow Warning|[of] p2a: Ninetales
|turn|1
|
|t:|1758305563
|move|p2a: Ninetales|Aurora Veil|p2a: Ninetales
|-sidestart|p2: vikxzi|move: Aurora Veil
|move|p1a: Great Tusk|Stealth Rock|p2a: Ninetales
|-sidestart|p2: vikxzi|move: Stealth Rock
|
|-weather|Snowscape|[upkeep]
|upkeep
|turn|2
|
|t:|1758305570
|-end|p1a: Great Tusk|Protosynthesis|[silent]
|switch|p1a: Alomomola|Alomomola, M|100/100
|move|p2a: Ninetales|Moonblast|p1a: Alomomola
|-damage|p1a: Alomomola|82/100
|-unboost|p1a: Alomomola|spa|1
|
|-weather|Snowscape|[upkeep]
|-heal|p1a: Alomomola|88/100|[from] item: Leftovers
|upkeep
|turn|3
|
|t:|1758305581
|switch|p2a: Cetitan|Cetitan, M, shiny|100/100
|-damage|p2a: Cetitan|76/100|[from] Stealth Rock
|move|p1a: Alomomola|Scald|p2a: Cetitan
|-damage|p2a: Cetitan|71/100
|
|-weather|Snowscape|[upkeep]
|-heal|p1a: Alomomola|94/100|[from] item: Leftovers
|upkeep
|turn|4
|
|t:|1758305591
|move|p2a: Cetitan|Belly Drum|p2a: Cetitan
|-damage|p2a: Cetitan|21/100
|-setboost|p2a: Cetitan|atk|6|[from] move: Belly Drum
|-enditem|p2a: Cetitan|Sitrus Berry|[eat]
|-heal|p2a: Cetitan|46/100|[from] item: Sitrus Berry
|move|p1a: Alomomola|Flip Turn|p2a: Cetitan
|-damage|p2a: Cetitan|40/100
|
|t:|1758305604
|switch|p1a: Dragonite|Dragonite, F|100/100|[from] Flip Turn
|
|-weather|Snowscape|[upkeep]
|upkeep
|turn|5
|
|t:|1758305614
|move|p2a: Cetitan|Icicle Crash|p1a: Dragonite|[miss]
|-miss|p2a: Cetitan|p1a: Dragonite
|move|p1a: Dragonite|Dragon Dance|p1a: Dragonite
|-boost|p1a: Dragonite|atk|1
|-boost|p1a: Dragonite|spe|1
|
|-weather|none
|upkeep
|turn|6
|
|t:|1758305637
|move|p1a: Dragonite|Earthquake|p2a: Cetitan
|-damage|p2a: Cetitan|9/100
|move|p2a: Cetitan|Icicle Crash|p1a: Dragonite
|-supereffective|p1a: Dragonite
|-damage|p1a: Dragonite|0 fnt
|faint|p1a: Dragonite
|
|upkeep
|
|t:|1758305643
|switch|p1a: Slaking|Slaking, F|100/100
|turn|7
|
|t:|1758305652
|move|p1a: Slaking|Sucker Punch|p2a: Cetitan
|-damage|p2a: Cetitan|0 fnt
|faint|p2a: Cetitan
|
|upkeep
|
|t:|1758305657
|switch|p2a: Slowking|Slowking, F, shiny|100/100
|turn|8
|
|t:|1758305662
|switch|p1a: Alomomola|Alomomola, M|100/100
|-prepare|p2a: Slowking|Chilly Reception|[premajor]
|move|p2a: Slowking|Chilly Reception|p2a: Slowking
|-weather|Snowscape
|
|t:|1758305671
|switch|p2a: Serperior|Serperior, M, shiny|100/100|[from] Chilly Reception
|-damage|p2a: Serperior|88/100|[from] Stealth Rock
|
|-weather|Snowscape|[upkeep]
|-sideend|p2: vikxzi|move: Aurora Veil
|upkeep
|turn|9
|
|t:|1758305678
|move|p2a: Serperior|Leaf Storm|p1a: Alomomola
|-supereffective|p1a: Alomomola
|-damage|p1a: Alomomola|28/100
|-boost|p2a: Serperior|spa|2
|move|p1a: Alomomola|Mirror Coat|p2a: Serperior
|-damage|p2a: Serperior|0 fnt
|faint|p2a: Serperior
|
|-weather|Snowscape|[upkeep]
|-heal|p1a: Alomomola|34/100|[from] item: Leftovers
|upkeep
|
|t:|1758305694
|switch|p2a: Slowking|Slowking, F, shiny|100/100
|turn|10
|
|t:|1758305699
|move|p1a: Alomomola|Flip Turn|p2a: Slowking
|-resisted|p2a: Slowking
|-damage|p2a: Slowking|91/100
|
|t:|1758305702
|switch|p1a: Ogerpon|Ogerpon-Wellspring, F|100/100|[from] Flip Turn
|move|p2a: Slowking|Future Sight|p1a: Ogerpon
|-start|p2a: Slowking|move: Future Sight
|
|-weather|Snowscape|[upkeep]
|upkeep
|turn|11
|
|t:|1758305714
|switch|p2a: Hawlucha|Hawlucha, M|100/100
|-damage|p2a: Hawlucha|88/100|[from] Stealth Rock
|move|p1a: Ogerpon|U-turn|p2a: Hawlucha
|-resisted|p2a: Hawlucha
|-damage|p2a: Hawlucha|79/100
|
|t:|1758305728
|switch|p1a: Great Tusk|Great Tusk|100/100|[from] U-turn
|
|-weather|Snowscape|[upkeep]
|upkeep
|turn|12
|
|t:|1758305734
|move|p2a: Hawlucha|Acrobatics|p1a: Great Tusk
|-supereffective|p1a: Great Tusk
|-damage|p1a: Great Tusk|72/100
|-damage|p2a: Hawlucha|62/100|[from] item: Rocky Helmet|[of] p1a: Great Tusk
|move|p1a: Great Tusk|Ice Spinner|p2a: Hawlucha
|-supereffective|p2a: Hawlucha
|-damage|p2a: Hawlucha|0 fnt
|faint|p2a: Hawlucha
|
|-weather|none
|-end|p1a: Great Tusk|move: Future Sight
|-supereffective|p1a: Great Tusk
|-damage|p1a: Great Tusk|0 fnt
|faint|p1a: Great Tusk
|-end|p1a: Great Tusk|Protosynthesis|[silent]
|upkeep
|
|t:|1758305751
|switch|p2a: Ninetales|Ninetales-Alola, M, shiny|100/100
|switch|p1a: Ogerpon|Ogerpon-Wellspring, F|100/100
|-damage|p2a: Ninetales|76/100|[from] Stealth Rock
|-weather|Snowscape|[from] ability: Snow Warning|[of] p2a: Ninetales
|turn|13
|
|t:|1758305762
|move|p1a: Ogerpon|Power Whip|p2a: Ninetales
|-damage|p2a: Ninetales|18/100
|move|p2a: Ninetales|Aurora Veil|p2a: Ninetales
|-sidestart|p2: vikxzi|move: Aurora Veil
|
|-weather|Snowscape|[upkeep]
|upkeep
|turn|14
|
|t:|1758305774
|move|p1a: Ogerpon|U-turn|p2a: Ninetales
|-resisted|p2a: Ninetales
|-damage|p2a: Ninetales|13/100
|
|t:|1758305782
|switch|p1a: Alomomola|Alomomola, M|68/100|[from] U-turn
|move|p2a: Ninetales|Moonblast|p1a: Alomomola
|-crit|p1a: Alomomola
|-damage|p1a: Alomomola|40/100
|
|-weather|Snowscape|[upkeep]
|-heal|p1a: Alomomola|46/100|[from] item: Leftovers
|upkeep
|turn|15
|
|t:|1758305792
|move|p2a: Ninetales|Blizzard|p1a: Alomomola
|-resisted|p1a: Alomomola
|-damage|p1a: Alomomola|34/100
|move|p1a: Alomomola|Wish|p1a: Alomomola
|
|-weather|Snowscape|[upkeep]
|-heal|p1a: Alomomola|40/100|[from] item: Leftovers
|upkeep
|turn|16
|
|t:|1758305804
|switch|p2a: Kingambit|Kingambit, F, shiny|100/100
|-damage|p2a: Kingambit|94/100|[from] Stealth Rock
|-activate|p2a: Kingambit|ability: Supreme Overlord
|-start|p2a: Kingambit|fallen3|[silent]
|move|p1a: Alomomola|Scald|p2a: Kingambit
|-damage|p2a: Kingambit|88/100
|
|-weather|Snowscape|[upkeep]
|-heal|p1a: Alomomola|90/100|[from] move: Wish|[wisher] Alomomola
|-heal|p1a: Alomomola|96/100|[from] item: Leftovers
|upkeep
|turn|17
|
|t:|1758305818
|move|p2a: Kingambit|Swords Dance|p2a: Kingambit
|-boost|p2a: Kingambit|atk|2
|move|p1a: Alomomola|Flip Turn|p2a: Kingambit
|-damage|p2a: Kingambit|82/100
|
|t:|1758305824
|switch|p1a: Ogerpon|Ogerpon-Wellspring, F|100/100|[from] Flip Turn
|
|-weather|none
|upkeep
|turn|18
|
|t:|1758305829
|move|p1a: Ogerpon|Encore|p2a: Kingambit
|-start|p2a: Kingambit|Encore
|move|p2a: Kingambit|Swords Dance|p2a: Kingambit
|-boost|p2a: Kingambit|atk|2
|
|upkeep
|turn|19
|
|t:|1758305836
|move|p1a: Ogerpon|Ivy Cudgel|p2a: Kingambit|[anim] Ivy Cudgel Water
|-damage|p2a: Kingambit|60/100
|move|p2a: Kingambit|Swords Dance|p2a: Kingambit
|-boost|p2a: Kingambit|atk|2
|
|upkeep
|turn|20
|
|t:|1758305845
|move|p1a: Ogerpon|Ivy Cudgel|p2a: Kingambit|[anim] Ivy Cudgel Water
|-crit|p2a: Kingambit
|-damage|p2a: Kingambit|0 fnt
|faint|p2a: Kingambit
|-end|p2a: Kingambit|fallen3|[silent]
|
|-sideend|p2: vikxzi|move: Aurora Veil
|upkeep
|-message|vikxzi forfeited.
|
|win|edolopes56
|raw|edolopes56's rating: 1119 &rarr; <strong>1140</strong><br />(+21 for winning)
|raw|vikxzi's rating: 1069 &rarr; <strong>1052</strong><br />(-17 for losing)
|l|‽vikxzi
|player|p2|
