|j|☆ydkmdenji
|j|☆Absetia
|t:|1758276145
|gametype|singles
|player|p1|ydkmdenji|liko|1198
|player|p2|Absetia|bellelba|1229
|gen|9
|tier|[Gen 9] OU
|rated|
|rule|HP Percentage Mod: HP is shown in percentages
|rule|Endless Battle Clause: Forcing endless battles is banned
|rule|Species Clause: Limit one of each Pokémon
|rule|OHKO Clause: OHKO moves are banned
|rule|Evasion Items Clause: Evasion items are banned
|rule|Evasion Moves Clause: Evasion moves are banned
|rule|Evasion Abilities Clause: Evasion abilities are banned
|rule|Sleep Moves Clause: Sleep-inducing moves are banned
|clearpoke
|poke|p1|Gliscor, M|
|poke|p1|Pecharunt|
|poke|p1|Glimmora, F|
|poke|p1|Okidogi, M|
|poke|p1|Zangoose, F|
|poke|p1|Salazzle, F|
|poke|p2|Garchomp, M|
|poke|p2|Araquanid, F|
|poke|p2|Gholdengo|
|poke|p2|Hatterene, F|
|poke|p2|Zamazenta-*|
|poke|p2|Kingambit, F|
|teampreview
|
|t:|1758276157
|teamsize|p1|6
|teamsize|p2|6
|start
|switch|p1a: Glimmora|Glimmora, F|100/100
|switch|p2a: Hatterene|Hatterene, F|100/100
|turn|1
|
|t:|1758276171
|-terastallize|p2a: Hatterene|Steel
|move|p1a: Glimmora|Mortal Spin|p2a: Hatterene
|-immune|p2a: Hatterene
|move|p2a: Hatterene|Psychic Noise|p1a: Glimmora
|-supereffective|p1a: Glimmora
|-damage|p1a: Glimmora|18/100
|-start|p1a: Glimmora|move: Heal Block
|
|upkeep
|turn|2
|inactive|Battle timer is ON: inactive players will automatically lose when time's up. (requested by Absetia)
|
|t:|1758276195
|move|p1a: Glimmora|Earth Power|p2a: Hatterene
|-supereffective|p2a: Hatterene
|-damage|p2a: Hatterene|58/100
|move|p2a: Hatterene|Future Sight|p1a: Glimmora
|-start|p2a: Hatterene|move: Future Sight
|
|-end|p1a: Glimmora|move: Heal Block
|upkeep
|turn|3
|
|t:|1758276203
|move|p1a: Glimmora|Earth Power|p2a: Hatterene
|-supereffective|p2a: Hatterene
|-damage|p2a: Hatterene|11/100
|move|p2a: Hatterene|Psychic Noise|p1a: Glimmora
|-supereffective|p1a: Glimmora
|-damage|p1a: Glimmora|0 fnt
|faint|p1a: Glimmora
|
|upkeep
|
|t:|1758276210
|switch|p1a: Gliscor|Gliscor, M|100/100
|turn|4
|
|t:|1758276215
|move|p1a: Gliscor|Knock Off|p2a: Hatterene
|-damage|p2a: Hatterene|0 fnt
|-enditem|p2a: Hatterene|Assault Vest|[from] move: Knock Off|[of] p1a: Gliscor
|faint|p2a: Hatterene
|
|-end|p1a: Gliscor|move: Future Sight
|-damage|p1a: Gliscor|57/100
|-status|p1a: Gliscor|tox|[from] item: Toxic Orb
|upkeep
|
|t:|1758276220
|switch|p2a: Araquanid|Araquanid, F, shiny|100/100
|turn|5
|
|t:|1758276240
|switch|p1a: Zangoose|Zangoose, F|100/100
|move|p2a: Araquanid|Sticky Web|p1a: Zangoose
|-sidestart|p1: ydkmdenji|move: Sticky Web
|
|-status|p1a: Zangoose|tox|[from] item: Toxic Orb
|upkeep
|turn|6
|
|t:|1758276254
|move|p1a: Zangoose|Facade|p2a: Araquanid
|-damage|p2a: Araquanid|0 fnt
|faint|p2a: Araquanid
|
|-damage|p1a: Zangoose|95/100 tox|[from] psn
|upkeep
|
|t:|1758276261
|switch|p2a: Garchomp|Garchomp, M, shiny|100/100
|turn|7
|
|t:|1758276265
|move|p2a: Garchomp|Stealth Rock|p1a: Zangoose
|-sidestart|p1: ydkmdenji|move: Stealth Rock
|move|p1a: Zangoose|Ice Punch|p2a: Garchomp
|-supereffective|p2a: Garchomp
|-damage|p2a: Garchomp|0 fnt
|-damage|p1a: Zangoose|82/100 tox|[from] ability: Rough Skin|[of] p2a: Garchomp
|-damage|p1a: Zangoose|66/100 tox|[from] item: Rocky Helmet|[of] p2a: Garchomp
|faint|p2a: Garchomp
|
|-damage|p1a: Zangoose|54/100 tox|[from] psn
|upkeep
|
|t:|1758276273
|switch|p2a: Gholdengo|Gholdengo, shiny|100/100
|-item|p2a: Gholdengo|Air Balloon
|turn|8
|
|t:|1758276280
|move|p2a: Gholdengo|Make It Rain|p1a: Zangoose
|-damage|p1a: Zangoose|0 fnt
|-unboost|p2a: Gholdengo|spa|1
|faint|p1a: Zangoose
|
|upkeep
|
|t:|1758276285
|switch|p1a: Salazzle|Salazzle, F|100/100
|turn|9
|
|t:|1758276301
|move|p1a: Salazzle|Fire Blast|p2a: Gholdengo
|-supereffective|p2a: Gholdengo
|-damage|p2a: Gholdengo|2/100
|-status|p2a: Gholdengo|brn
|-enditem|p2a: Gholdengo|Air Balloon
|move|p2a: Gholdengo|Thunderbolt|p1a: Salazzle
|-damage|p1a: Salazzle|69/100
|
|-damage|p2a: Gholdengo|0 fnt|[from] brn
|faint|p2a: Gholdengo
|upkeep
|
|t:|1758276306
|switch|p2a: Zamazenta|Zamazenta|100/100
|-ability|p2a: Zamazenta|Dauntless Shield|boost
|-boost|p2a: Zamazenta|def|1
|turn|10
|
|t:|1758276319
|move|p1a: Salazzle|Toxic|p2a: Zamazenta
|-status|p2a: Zamazenta|tox
|move|p2a: Zamazenta|Roar|p1a: Salazzle
|drag|p1a: Okidogi|Okidogi, M|100/100
|-activate|p1a: Okidogi|move: Sticky Web
|-unboost|p1a: Okidogi|spe|1
|-damage|p1a: Okidogi|94/100|[from] Stealth Rock
|
|-damage|p2a: Zamazenta|94/100 tox|[from] psn
|upkeep
|turn|11
|
|t:|1758276345
|move|p1a: Okidogi|Gunk Shot|p2a: Zamazenta|[miss]
|-miss|p1a: Okidogi|p2a: Zamazenta
|move|p2a: Zamazenta|Roar|p1a: Okidogi
|drag|p1a: Pecharunt|Pecharunt|100/100
|
|-heal|p2a: Zamazenta|100/100 tox|[from] item: Leftovers
|-damage|p2a: Zamazenta|88/100 tox|[from] psn
|upkeep
|turn|12
|inactive|ydkmdenji has 120 seconds left.
|l|☆ydkmdenji
|inactive|ydkmdenji disconnected and has a minute to reconnect!
|player|p1|
|inactive|ydkmdenji has 30 seconds to reconnect!
|inactive|ydkmdenji has 20 seconds to reconnect!
|inactive|ydkmdenji has 15 seconds to reconnect!
|inactive|ydkmdenji has 10 seconds to reconnect!
|inactive|ydkmdenji has 5 seconds to reconnect!
|-message|ydkmdenji lost due to inactivity.
|
|win|Absetia
|raw|ydkmdenji's rating: 1198 &rarr; <strong>1175</strong><br />(-23 for losing)
|raw|Absetia's rating: 1229 &rarr; <strong>1252</strong><br />(+23 for winning)
|l|☆Absetia
|player|p2|
|j|☆ydkmdenji
|player|p1|ydkmdenji|liko|
|l|☆ydkmdenji
|player|p1|
