|j|☆78hfd
|j|☆Zephyrneus
|t:|1758327693
|gametype|singles
|player|p1|78hfd|ghetsis|1114
|player|p2|Zephyrneus|steven|1125
|gen|9
|tier|[Gen 9] OU
|rated|
|rule|HP Percentage Mod: HP is shown in percentages
|rule|Endless Battle Clause: Forcing endless battles is banned
|rule|Species Clause: Limit one of each Pokémon
|rule|OHKO Clause: OHKO moves are banned
|rule|Evasion Items Clause: Evasion items are banned
|rule|Evasion Moves Clause: Evasion moves are banned
|rule|Evasion Abilities Clause: Evasion abilities are banned
|rule|Sleep Moves Clause: Sleep-inducing moves are banned
|clearpoke
|poke|p1|Feraligatr, M|
|poke|p1|Raging Bolt|
|poke|p1|Muk-Alola, F|
|poke|p1|Enamorus, F|
|poke|p1|Conkeldurr, F|
|poke|p1|Iron Moth|
|poke|p2|Lycanroc-Dusk, F|
|poke|p2|Metagross|
|poke|p2|Heatran, F|
|poke|p2|Excadrill, F|
|poke|p2|Magnezone|
|poke|p2|Tyranitar, M|
|teampreview
|inactive|Battle timer is ON: inactive players will automatically lose when time's up. (requested by 78hfd)
|
|t:|1758327718
|teamsize|p1|6
|teamsize|p2|6
|start
|switch|p1a: Conkeldurr|Conkeldurr, F|100/100
|switch|p2a: Tyranitar|Tyranitar, M|100/100
|-weather|Sandstorm|[from] ability: Sand Stream|[of] p2a: Tyranitar
|turn|1
|
|t:|1758327733
|switch|p2a: Metagross|Metagross|100/100
|move|p1a: Conkeldurr|Knock Off|p2a: Metagross
|-supereffective|p2a: Metagross
|-damage|p2a: Metagross|40/100
|-enditem|p2a: Metagross|Leftovers|[from] move: Knock Off|[of] p1a: Conkeldurr
|
|-weather|Sandstorm|[upkeep]
|-damage|p1a: Conkeldurr|94/100|[from] Sandstorm
|-status|p1a: Conkeldurr|brn|[from] item: Flame Orb
|upkeep
|turn|2
|
|t:|1758327746
|move|p2a: Metagross|Bullet Punch|p1a: Conkeldurr
|-crit|p1a: Conkeldurr
|-damage|p1a: Conkeldurr|66/100 brn
|move|p1a: Conkeldurr|Drain Punch|p2a: Metagross
|-damage|p2a: Metagross|0 fnt
|-heal|p1a: Conkeldurr|84/100 brn|[from] drain|[of] p2a: Metagross
|faint|p2a: Metagross
|
|-weather|Sandstorm|[upkeep]
|-damage|p1a: Conkeldurr|78/100 brn|[from] Sandstorm
|-damage|p1a: Conkeldurr|72/100 brn|[from] brn
|upkeep
|
|t:|1758327754
|switch|p2a: Excadrill|Excadrill, F|100/100
|-item|p2a: Excadrill|Air Balloon
|turn|3
|inactive|78hfd has 120 seconds left.
|
|t:|1758327785
|-terastallize|p2a: Excadrill|Ghost
|move|p1a: Conkeldurr|Mach Punch|p2a: Excadrill
|-immune|p2a: Excadrill
|move|p2a: Excadrill|Swords Dance|p2a: Excadrill
|-boost|p2a: Excadrill|atk|2
|
|-weather|Sandstorm|[upkeep]
|-damage|p1a: Conkeldurr|65/100 brn|[from] Sandstorm
|-damage|p1a: Conkeldurr|59/100 brn|[from] brn
|upkeep
|turn|4
|inactive|78hfd has 120 seconds left.
|
|t:|1758327799
|move|p2a: Excadrill|Earthquake|p1a: Conkeldurr
|-damage|p1a: Conkeldurr|0 fnt
|faint|p1a: Conkeldurr
|
|-weather|Sandstorm|[upkeep]
|upkeep
|inactive|78hfd has 120 seconds left.
|
|t:|1758327809
|switch|p1a: Enamorus|Enamorus, F|100/100
|turn|5
|
|t:|1758327816
|move|p2a: Excadrill|Iron Head|p1a: Enamorus
|-supereffective|p1a: Enamorus
|-crit|p1a: Enamorus
|-damage|p1a: Enamorus|0 fnt
|faint|p1a: Enamorus
|
|-weather|Sandstorm|[upkeep]
|upkeep
|
|t:|1758327826
|switch|p1a: Iron Moth|Iron Moth, shiny|100/100
|-enditem|p1a: Iron Moth|Booster Energy
|-activate|p1a: Iron Moth|ability: Quark Drive|[fromitem]
|-start|p1a: Iron Moth|quarkdrivespa
|turn|6
|
|t:|1758327833
|move|p2a: Excadrill|Earthquake|p1a: Iron Moth
|-supereffective|p1a: Iron Moth
|-crit|p1a: Iron Moth
|-damage|p1a: Iron Moth|0 fnt
|faint|p1a: Iron Moth
|-end|p1a: Iron Moth|Quark Drive|[silent]
|
|-weather|Sandstorm|[upkeep]
|upkeep
|
|t:|1758327841
|switch|p1a: Muk|Muk-Alola, F|100/100
|turn|7
|
|t:|1758327846
|move|p1a: Muk|Shadow Sneak|p2a: Excadrill
|-supereffective|p2a: Excadrill
|-damage|p2a: Excadrill|69/100
|-enditem|p2a: Excadrill|Air Balloon
|-status|p2a: Excadrill|psn|[from] ability: Poison Touch|[of] p1a: Muk
|move|p2a: Excadrill|Earthquake|p1a: Muk
|-supereffective|p1a: Muk
|-damage|p1a: Muk|0 fnt
|faint|p1a: Muk
|
|-weather|Sandstorm|[upkeep]
|-damage|p2a: Excadrill|57/100 psn|[from] psn
|upkeep
|
|t:|1758327858
|switch|p1a: Raging Bolt|Raging Bolt|100/100
|turn|8
|
|t:|1758327866
|move|p2a: Excadrill|Earthquake|p1a: Raging Bolt
|-supereffective|p1a: Raging Bolt
|-damage|p1a: Raging Bolt|0 fnt
|faint|p1a: Raging Bolt
|-end|p1a: Raging Bolt|Protosynthesis|[silent]
|
|-weather|none
|-damage|p2a: Excadrill|45/100 psn|[from] psn
|upkeep
|
|t:|1758327874
|switch|p1a: Feraligatr|Feraligatr, M, shiny|100/100
|turn|9
|
|t:|1758327883
|move|p2a: Excadrill|Earthquake|p1a: Feraligatr
|-damage|p1a: Feraligatr|0 fnt
|faint|p1a: Feraligatr
|
|win|Zephyrneus
|raw|78hfd's rating: 1114 &rarr; <strong>1090</strong><br />(-24 for losing)
|raw|Zephyrneus's rating: 1125 &rarr; <strong>1149</strong><br />(+24 for winning)
