|j|☆moonbbml
|j|☆OnlyWeed hard
|t:|1758248017
|gametype|singles
|player|p1|moonbbml|backersf|1131
|player|p2|OnlyWeed hard|erika|1104
|gen|9
|tier|[Gen 9] OU
|rated|
|rule|HP Percentage Mod: HP is shown in percentages
|rule|Endless Battle Clause: Forcing endless battles is banned
|rule|Species Clause: Limit one of each Pokémon
|rule|OHKO Clause: OHKO moves are banned
|rule|Evasion Items Clause: Evasion items are banned
|rule|Evasion Moves Clause: Evasion moves are banned
|rule|Evasion Abilities Clause: Evasion abilities are banned
|rule|Sleep Moves Clause: Sleep-inducing moves are banned
|clearpoke
|poke|p1|Gumshoos, F|
|poke|p1|Crabominable, M|
|poke|p1|Kirlia, F|
|poke|p1|Grafaiai, F|
|poke|p1|Forretress, F|
|poke|p1|Sinistcha-Masterpiece|
|poke|p2|Salazzle, F|
|poke|p2|Volcanion|
|poke|p2|Houndoom, M|
|poke|p2|Magcargo, F|
|poke|p2|Lanturn, M|
|poke|p2|Skarmory, M|
|teampreview
|
|t:|1758248027
|teamsize|p1|6
|teamsize|p2|6
|start
|switch|p1a: Kirlia|Kirlia, F|100/100
|switch|p2a: Magcargo|Magcargo, F|100/100
|-ability|p1a: Kirlia|Weak Armor|Trace|[from] ability: Trace|[of] p2a: Magcargo
|turn|1
|inactive|Battle timer is ON: inactive players will automatically lose when time's up. (requested by OnlyWeed hard)
|
|t:|1758248042
|move|p2a: Magcargo|Shell Smash|p2a: Magcargo
|-unboost|p2a: Magcargo|def|1
|-unboost|p2a: Magcargo|spd|1
|-boost|p2a: Magcargo|atk|2
|-boost|p2a: Magcargo|spa|2
|-boost|p2a: Magcargo|spe|2
|move|p1a: Kirlia|Trick Room|p1a: Kirlia
|-fieldstart|move: Trick Room|[of] p1a: Kirlia
|
|upkeep
|turn|2
|inactive|moonbbml has 120 seconds left.
|
|t:|1758248088
|switch|p1a: Crabominable|Crabominable, M|100/100
|move|p2a: Magcargo|Flamethrower|p1a: Crabominable
|-supereffective|p1a: Crabominable
|-damage|p1a: Crabominable|0 fnt
|faint|p1a: Crabominable
|
|upkeep
|
|t:|1758248104
|switch|p1a: Gumshoos|Gumshoos, F|100/100
|turn|3
|
|t:|1758248119
|switch|p2a: Volcanion|Volcanion|100/100
|move|p1a: Gumshoos|Thunder Punch|p2a: Volcanion
|-supereffective|p2a: Volcanion
|-damage|p2a: Volcanion|32/100
|
|upkeep
|turn|4
|
|t:|1758248128
|switch|p2a: Lanturn|Lanturn, M, shiny|100/100
|move|p1a: Gumshoos|Thunder Punch|p2a: Lanturn
|-immune|p2a: Lanturn|[from] ability: Volt Absorb
|
|upkeep
|turn|5
|
|t:|1758248138
|move|p1a: Gumshoos|Body Slam|p2a: Lanturn
|-damage|p2a: Lanturn|38/100
|move|p2a: Lanturn|Volt Switch|p1a: Gumshoos
|-damage|p1a: Gumshoos|69/100
|
|t:|1758248155
|switch|p2a: Houndoom|Houndoom, M, shiny|100/100|[from] Volt Switch
|-ability|p2a: Houndoom|Unnerve
|
|-fieldend|move: Trick Room
|upkeep
|turn|6
|inactive|moonbbml has 120 seconds left.
|
|t:|1758248170
|move|p2a: Houndoom|Flame Charge|p1a: Gumshoos
|-damage|p1a: Gumshoos|43/100
|-boost|p2a: Houndoom|spe|1
|move|p1a: Gumshoos|U-turn|p2a: Houndoom
|-damage|p2a: Houndoom|51/100
|
|t:|1758248178
|switch|p1a: Forretress|Forretress, F|100/100|[from] U-turn
|
|upkeep
|turn|7
|
|t:|1758248189
|move|p2a: Houndoom|Flare Blitz|p1a: Forretress
|-supereffective|p1a: Forretress
|-ability|p1a: Forretress|Sturdy
|-damage|p1a: Forretress|1/100
|-damage|p2a: Houndoom|34/100|[from] item: Rocky Helmet|[of] p1a: Forretress
|-damage|p2a: Houndoom|0 fnt|[from] Recoil
|faint|p2a: Houndoom
|move|p1a: Forretress|Stealth Rock|p2: Houndoom
|-sidestart|p2: OnlyWeed hard|move: Stealth Rock
|
|upkeep
|
|t:|1758248210
|switch|p2a: Salazzle|Salazzle, F, shiny|100/100
|-damage|p2a: Salazzle|76/100|[from] Stealth Rock
|turn|8
|
|t:|1758248218
|move|p2a: Salazzle|Flamethrower|p1a: Forretress
|-supereffective|p1a: Forretress
|-damage|p1a: Forretress|0 fnt
|faint|p1a: Forretress
|
|-heal|p2a: Salazzle|82/100|[from] item: Leftovers
|upkeep
|
|t:|1758248221
|switch|p1a: Kirlia|Kirlia, F|100/100
|-ability|p1a: Kirlia|Corrosion|Trace|[from] ability: Trace|[of] p2a: Salazzle
|turn|9
|
|t:|1758248234
|move|p2a: Salazzle|Substitute|p2a: Salazzle
|-start|p2a: Salazzle|Substitute
|-damage|p2a: Salazzle|57/100
|move|p1a: Kirlia|Trick Room|p1a: Kirlia
|-fieldstart|move: Trick Room|[of] p1a: Kirlia
|
|-heal|p2a: Salazzle|63/100|[from] item: Leftovers
|upkeep
|turn|10
|
|t:|1758248245
|move|p1a: Kirlia|Dream Eater|p2a: Salazzle
|-immune|p2a: Salazzle
|move|p2a: Salazzle|Toxic|p1a: Kirlia
|-status|p1a: Kirlia|tox
|
|-heal|p2a: Salazzle|69/100|[from] item: Leftovers
|-damage|p1a: Kirlia|94/100 tox|[from] psn
|upkeep
|turn|11
|
|t:|1758248267
|switch|p1a: Gumshoos|Gumshoos, F|43/100
|move|p2a: Salazzle|Protect||[still]
|-fail|p2a: Salazzle
|
|-heal|p2a: Salazzle|75/100|[from] item: Leftovers
|upkeep
|turn|12
|
|t:|1758248276
|move|p2a: Salazzle|Protect|p2a: Salazzle
|-singleturn|p2a: Salazzle|Protect
|move|p1a: Gumshoos|Body Slam|p2a: Salazzle
|-activate|p2a: Salazzle|move: Protect
|
|-heal|p2a: Salazzle|81/100|[from] item: Leftovers
|upkeep
|turn|13
|
|t:|1758248292
|move|p1a: Gumshoos|Body Slam|p2a: Salazzle
|-end|p2a: Salazzle|Substitute
|move|p2a: Salazzle|Flamethrower|p1a: Gumshoos
|-damage|p1a: Gumshoos|0 fnt
|faint|p1a: Gumshoos
|
|-heal|p2a: Salazzle|88/100|[from] item: Leftovers
|-fieldend|move: Trick Room
|upkeep
|
|t:|1758248299
|switch|p1a: Sinistcha|Sinistcha-Masterpiece|100/100
|turn|14
|
|t:|1758248309
|move|p2a: Salazzle|Toxic|p1a: Sinistcha
|-status|p1a: Sinistcha|tox
|move|p1a: Sinistcha|Scald|p2a: Salazzle
|-supereffective|p2a: Salazzle
|-crit|p2a: Salazzle
|-damage|p2a: Salazzle|0 fnt
|faint|p2a: Salazzle
|
|-damage|p1a: Sinistcha|94/100 tox|[from] psn
|upkeep
|
|t:|1758248323
|switch|p2a: Volcanion|Volcanion|32/100
|-damage|p2a: Volcanion|7/100|[from] Stealth Rock
|turn|15
|
|t:|1758248329
|switch|p1a: Kirlia|Kirlia, F|94/100 tox
|-ability|p1a: Kirlia|Water Absorb|Trace|[from] ability: Trace|[of] p2a: Volcanion
|move|p2a: Volcanion|Flamethrower|p1a: Kirlia
|-damage|p1a: Kirlia|61/100 tox
|
|-damage|p1a: Kirlia|55/100 tox|[from] psn
|upkeep
|turn|16
|
|t:|1758248347
|move|p2a: Volcanion|Flamethrower|p1a: Kirlia
|-damage|p1a: Kirlia|22/100 tox
|move|p1a: Kirlia|Dream Eater|p2a: Volcanion
|-immune|p2a: Volcanion
|
|-damage|p1a: Kirlia|9/100 tox|[from] psn
|upkeep
|turn|17
|-message|moonbbml forfeited.
|
|win|OnlyWeed hard
|raw|moonbbml's rating: 1131 &rarr; <strong>1104</strong><br />(-27 for losing)
|raw|OnlyWeed hard's rating: 1104 &rarr; <strong>1131</strong><br />(+27 for winning)
|l|☆moonbbml
|player|p1|
|l|☆OnlyWeed hard
|player|p2|
