|j|☆Duarte123456789
|j|☆saIsa23467
|t:|1758309457
|gametype|singles
|player|p1|Duarte123456789|alder|1075
|player|p2|saIsa23467|lass-gen4dp|1076
|gen|9
|tier|[Gen 9] OU
|rated|
|rule|HP Percentage Mod: HP is shown in percentages
|rule|Endless Battle Clause: Forcing endless battles is banned
|rule|Species Clause: Limit one of each Pokémon
|rule|OHKO Clause: OHKO moves are banned
|rule|Evasion Items Clause: Evasion items are banned
|rule|Evasion Moves Clause: Evasion moves are banned
|rule|Evasion Abilities Clause: Evasion abilities are banned
|rule|Sleep Moves Clause: Sleep-inducing moves are banned
|clearpoke
|poke|p1|Gliscor, M|
|poke|p1|Kingambit, M|
|poke|p1|Araquanid, M|
|poke|p1|Clefable, M|
|poke|p1|Dragapult, M|
|poke|p1|Cinderace, F|
|poke|p2|Hoopa-Unbound, L15|
|poke|p2|Spinarak, F|
|poke|p2|Deoxys-Speed|
|poke|p2|Feebas, F|
|poke|p2|Wooper-Paldea, M|
|poke|p2|Blissey, F|
|teampreview
|
|t:|1758309461
|teamsize|p1|6
|teamsize|p2|6
|start
|switch|p1a: Araquanid|Araquanid, M, shiny|100/100
|switch|p2a: garfield|Hoopa-Unbound, L15|100/100
|turn|1
|
|t:|1758309464
|move|p1a: Araquanid|Sticky Web|p2a: garfield
|-sidestart|p2: saIsa23467|move: Sticky Web
|move|p2a: garfield|Trick Room|p2a: garfield
|-fieldstart|move: Trick Room|[of] p2a: garfield
|
|upkeep
|turn|2
|
|t:|1758309478
|move|p2a: garfield|Light Screen|p2a: garfield
|-sidestart|p2: saIsa23467|move: Light Screen
|move|p1a: Araquanid|Bug Bite|p2a: garfield
|-supereffective|p2a: garfield
|-enditem|p2a: garfield|Focus Sash
|-damage|p2a: garfield|2/100
|
|upkeep
|turn|3
|inactive|Battle timer is ON: inactive players will automatically lose when time's up. (requested by Duarte123456789)
|
|t:|1758309488
|move|p2a: garfield|Knock Off|p1a: Araquanid
|-damage|p1a: Araquanid|98/100
|-enditem|p1a: Araquanid|Focus Sash|[from] move: Knock Off|[of] p2a: garfield
|move|p1a: Araquanid|Bug Bite|p2a: garfield
|-supereffective|p2a: garfield
|-damage|p2a: garfield|0 fnt
|faint|p2a: garfield
|
|upkeep
|
|t:|1758309496
|switch|p2a: mike tyson|Wooper-Paldea, M|100/100
|-activate|p2a: mike tyson|move: Sticky Web
|-unboost|p2a: mike tyson|spe|1
|turn|4
|
|t:|1758309504
|move|p2a: mike tyson|Sludge Bomb|p1a: Araquanid
|-damage|p1a: Araquanid|90/100
|-status|p1a: Araquanid|psn
|move|p1a: Araquanid|Giga Drain|p2a: mike tyson
|-damage|p2a: mike tyson|92/100
|-heal|p1a: Araquanid|95/100 psn|[from] drain|[of] p2a: mike tyson
|
|-damage|p1a: Araquanid|83/100 psn|[from] psn
|upkeep
|turn|5
|
|t:|1758309513
|switch|p1a: Gliscor|Gliscor, M, shiny|100/100
|move|p2a: mike tyson|Stockpile|p2a: mike tyson
|-start|p2a: mike tyson|stockpile1
|-boost|p2a: mike tyson|def|1
|-boost|p2a: mike tyson|spd|1
|
|-fieldend|move: Trick Room
|-status|p1a: Gliscor|tox|[from] item: Toxic Orb
|upkeep
|turn|6
|
|t:|1758309522
|move|p1a: Gliscor|Facade|p2a: mike tyson
|-damage|p2a: mike tyson|73/100
|move|p2a: mike tyson|Stockpile|p2a: mike tyson
|-start|p2a: mike tyson|stockpile2
|-boost|p2a: mike tyson|def|1
|-boost|p2a: mike tyson|spd|1
|
|-sideend|p2: saIsa23467|move: Light Screen
|upkeep
|turn|7
|
|t:|1758309533
|move|p1a: Gliscor|Facade|p2a: mike tyson
|-damage|p2a: mike tyson|57/100
|move|p2a: mike tyson|Stockpile|p2a: mike tyson
|-start|p2a: mike tyson|stockpile3
|-boost|p2a: mike tyson|def|1
|-boost|p2a: mike tyson|spd|1
|
|upkeep
|turn|8
|
|t:|1758309536
|move|p1a: Gliscor|Facade|p2a: mike tyson
|-damage|p2a: mike tyson|44/100
|move|p2a: mike tyson|Body Press|p1a: Gliscor
|-resisted|p1a: Gliscor
|-damage|p1a: Gliscor|84/100 tox
|
|-heal|p1a: Gliscor|97/100 tox|[from] ability: Poison Heal
|upkeep
|turn|9
|
|t:|1758309541
|move|p1a: Gliscor|Facade|p2a: mike tyson
|-damage|p2a: mike tyson|32/100
|move|p2a: mike tyson|Body Press|p1a: Gliscor
|-resisted|p1a: Gliscor
|-damage|p1a: Gliscor|79/100 tox
|
|-heal|p1a: Gliscor|91/100 tox|[from] ability: Poison Heal
|upkeep
|turn|10
|
|t:|1758309544
|move|p1a: Gliscor|Facade|p2a: mike tyson
|-crit|p2a: mike tyson
|-damage|p2a: mike tyson|0 fnt
|faint|p2a: mike tyson
|
|-heal|p1a: Gliscor|100/100 tox|[from] ability: Poison Heal
|upkeep
|
|t:|1758309551
|switch|p2a: mcdonalds|Deoxys-Speed|100/100
|-activate|p2a: mcdonalds|move: Sticky Web
|-unboost|p2a: mcdonalds|spe|1
|-ability|p2a: mcdonalds|Pressure
|turn|11
|
|t:|1758309563
|switch|p1a: Araquanid|Araquanid, M, shiny|83/100 psn
|move|p2a: mcdonalds|Psycho Boost|p1a: Araquanid
|-damage|p1a: Araquanid|50/100 psn
|-unboost|p2a: mcdonalds|spa|2
|
|-damage|p1a: Araquanid|38/100 psn|[from] psn
|upkeep
|turn|12
|
|t:|1758309580
|move|p2a: mcdonalds|Sunny Day|p2a: mcdonalds
|-weather|SunnyDay
|move|p1a: Araquanid|Bug Bite|p2a: mcdonalds
|-supereffective|p2a: mcdonalds
|-damage|p2a: mcdonalds|60/100
|
|-weather|SunnyDay|[upkeep]
|-damage|p1a: Araquanid|25/100 psn|[from] psn
|upkeep
|turn|13
|
|t:|1758309586
|move|p2a: mcdonalds|Recover|p2a: mcdonalds
|-heal|p2a: mcdonalds|100/100
|move|p1a: Araquanid|Bug Bite|p2a: mcdonalds
|-supereffective|p2a: mcdonalds
|-damage|p2a: mcdonalds|63/100
|
|-weather|SunnyDay|[upkeep]
|-damage|p1a: Araquanid|13/100 psn|[from] psn
|upkeep
|turn|14
|
|t:|1758309592
|move|p2a: mcdonalds|Recover|p2a: mcdonalds
|-heal|p2a: mcdonalds|100/100
|move|p1a: Araquanid|Giga Drain|p2a: mcdonalds
|-damage|p2a: mcdonalds|89/100
|-heal|p1a: Araquanid|19/100 psn|[from] drain|[of] p2a: mcdonalds
|
|-weather|SunnyDay|[upkeep]
|-damage|p1a: Araquanid|7/100 psn|[from] psn
|upkeep
|turn|15
|
|t:|1758309599
|move|p2a: mcdonalds|Psycho Boost|p1a: Araquanid
|-damage|p1a: Araquanid|0 fnt
|-unboost|p2a: mcdonalds|spa|2
|faint|p1a: Araquanid
|
|-weather|SunnyDay|[upkeep]
|upkeep
|
|t:|1758309601
|switch|p1a: Clefable|Clefable, M, shiny|100/100
|turn|16
|
|t:|1758309605
|move|p2a: mcdonalds|Trick|p1a: Clefable
|-activate|p2a: mcdonalds|move: Trick|[of] p1a: Clefable
|-item|p1a: Clefable|Big Nugget|[from] move: Trick
|-item|p2a: mcdonalds|Leftovers|[from] move: Trick
|move|p1a: Clefable|Thunder Wave|p2a: mcdonalds|[miss]
|-miss|p1a: Clefable|p2a: mcdonalds
|
|-weather|none
|-heal|p2a: mcdonalds|96/100|[from] item: Leftovers
|upkeep
|turn|17
|
|t:|1758309616
|switch|p2a: harry potter|Blissey, F|100/100
|-activate|p2a: harry potter|move: Sticky Web
|-unboost|p2a: harry potter|spe|1
|move|p1a: Clefable|Thunder Wave|p2a: harry potter
|-status|p2a: harry potter|par
|
|upkeep
|turn|18
|
|t:|1758309624
|switch|p1a: Gliscor|Gliscor, M, shiny|100/100 tox
|move|p2a: harry potter|Double-Edge|p1a: Gliscor
|-damage|p1a: Gliscor|86/100 tox
|-damage|p2a: harry potter|98/100 par|[from] Recoil
|
|-heal|p1a: Gliscor|98/100 tox|[from] ability: Poison Heal
|upkeep
|turn|19
|
|t:|1758309629
|move|p1a: Gliscor|Facade|p2a: harry potter
|-damage|p2a: harry potter|63/100 par
|move|p2a: harry potter|Avalanche|p1a: Gliscor
|-supereffective|p1a: Gliscor
|-damage|p1a: Gliscor|54/100 tox
|
|-heal|p1a: Gliscor|66/100 tox|[from] ability: Poison Heal
|upkeep
|turn|20
|
|t:|1758309636
|-terastallize|p2a: harry potter|Ice
|move|p1a: Gliscor|Facade|p2a: harry potter
|-damage|p2a: harry potter|29/100 par
|move|p2a: harry potter|Avalanche|p1a: Gliscor
|-supereffective|p1a: Gliscor
|-damage|p1a: Gliscor|3/100 tox
|
|-heal|p1a: Gliscor|16/100 tox|[from] ability: Poison Heal
|upkeep
|turn|21
|
|t:|1758309645
|move|p1a: Gliscor|Facade|p2a: harry potter
|-damage|p2a: harry potter|0 fnt
|faint|p2a: harry potter
|
|-heal|p1a: Gliscor|28/100 tox|[from] ability: Poison Heal
|upkeep
|
|t:|1758309648
|switch|p2a: mcdonalds|Deoxys-Speed|96/100
|-activate|p2a: mcdonalds|move: Sticky Web
|-unboost|p2a: mcdonalds|spe|1
|-ability|p2a: mcdonalds|Pressure
|turn|22
|
|t:|1758309651
|move|p1a: Gliscor|Protect|p1a: Gliscor
|-singleturn|p1a: Gliscor|Protect
|move|p2a: mcdonalds|Psycho Boost|p1a: Gliscor
|-activate|p1a: Gliscor|move: Protect
|
|-heal|p2a: mcdonalds|100/100|[from] item: Leftovers
|-heal|p1a: Gliscor|40/100 tox|[from] ability: Poison Heal
|upkeep
|turn|23
|
|t:|1758309658
|switch|p1a: Clefable|Clefable, M, shiny|100/100
|move|p2a: mcdonalds|Psycho Boost|p1a: Clefable
|-damage|p1a: Clefable|69/100
|-unboost|p2a: mcdonalds|spa|2
|
|upkeep
|turn|24
|
|t:|1758309675
|switch|p2a: spider man|Spinarak, F|100/100
|-activate|p2a: spider man|move: Sticky Web
|-unboost|p2a: spider man|spe|1
|move|p1a: Clefable|Wish|p1a: Clefable
|
|upkeep
|turn|25
|
|t:|1758309680
|switch|p1a: Gliscor|Gliscor, M, shiny|40/100 tox
|move|p2a: spider man|Toxic Thread||[still]
|-unboost|p1a: Gliscor|spe|1
|-fail|p2a: spider man
|
|-heal|p1a: Gliscor|100/100 tox|[from] move: Wish|[wisher] Clefable
|upkeep
|turn|26
|
|t:|1758309690
|move|p1a: Gliscor|Facade|p2a: spider man
|-damage|p2a: spider man|30/100
|move|p2a: spider man|Hex|p1a: Gliscor
|-damage|p1a: Gliscor|82/100 tox
|
|-heal|p1a: Gliscor|94/100 tox|[from] ability: Poison Heal
|upkeep
|turn|27
|
|t:|1758309696
|move|p2a: spider man|Shadow Sneak|p1a: Gliscor
|-damage|p1a: Gliscor|86/100 tox
|move|p1a: Gliscor|Facade|p2a: spider man
|-damage|p2a: spider man|0 fnt
|faint|p2a: spider man
|
|-heal|p1a: Gliscor|98/100 tox|[from] ability: Poison Heal
|upkeep
|
|t:|1758309699
|switch|p2a: i love you|Feebas, F|100/100
|-activate|p2a: i love you|move: Sticky Web
|-unboost|p2a: i love you|spe|1
|turn|28
|
|t:|1758309702
|move|p1a: Gliscor|Facade|p2a: i love you
|-damage|p2a: i love you|0 fnt
|faint|p2a: i love you
|
|-heal|p1a: Gliscor|100/100 tox|[from] ability: Poison Heal
|upkeep
|
|t:|1758309707
|switch|p2a: mcdonalds|Deoxys-Speed|100/100
|-activate|p2a: mcdonalds|move: Sticky Web
|-unboost|p2a: mcdonalds|spe|1
|-ability|p2a: mcdonalds|Pressure
|turn|29
|
|t:|1758309710
|move|p2a: mcdonalds|Trick|p1a: Gliscor
|-activate|p2a: mcdonalds|move: Trick|[of] p1a: Gliscor
|-item|p1a: Gliscor|Leftovers|[from] move: Trick
|-item|p2a: mcdonalds|Toxic Orb|[from] move: Trick
|move|p1a: Gliscor|Toxic|p2a: mcdonalds
|-status|p2a: mcdonalds|tox
|
|-damage|p2a: mcdonalds|94/100 tox|[from] psn
|upkeep
|turn|30
|
|t:|1758309717
|move|p2a: mcdonalds|Psycho Boost|p1a: Gliscor
|-damage|p1a: Gliscor|34/100 tox
|-unboost|p2a: mcdonalds|spa|2
|move|p1a: Gliscor|Facade|p2a: mcdonalds
|-damage|p2a: mcdonalds|51/100 tox
|
|-heal|p1a: Gliscor|40/100 tox|[from] item: Leftovers
|-damage|p2a: mcdonalds|39/100 tox|[from] psn
|-heal|p1a: Gliscor|53/100 tox|[from] ability: Poison Heal
|upkeep
|turn|31
|
|t:|1758309728
|move|p1a: Gliscor|Protect|p1a: Gliscor
|-singleturn|p1a: Gliscor|Protect
|move|p2a: mcdonalds|Recover|p2a: mcdonalds
|-heal|p2a: mcdonalds|89/100 tox
|
|-heal|p1a: Gliscor|59/100 tox|[from] item: Leftovers
|-damage|p2a: mcdonalds|70/100 tox|[from] psn
|-heal|p1a: Gliscor|71/100 tox|[from] ability: Poison Heal
|upkeep
|turn|32
|
|t:|1758309737
|-terastallize|p1a: Gliscor|Normal
|move|p2a: mcdonalds|Psycho Boost|p1a: Gliscor
|-damage|p1a: Gliscor|36/100 tox
|-unboost|p2a: mcdonalds|spa|2
|move|p1a: Gliscor|Facade|p2a: mcdonalds
|-damage|p2a: mcdonalds|8/100 tox
|
|-heal|p1a: Gliscor|42/100 tox|[from] item: Leftovers
|-damage|p2a: mcdonalds|0 fnt|[from] psn
|faint|p2a: mcdonalds
|
|win|Duarte123456789
|raw|Duarte123456789's rating: 1075 &rarr; <strong>1104</strong><br />(+29 for winning)
|raw|saIsa23467's rating: 1076 &rarr; <strong>1055</strong><br />(-21 for losing)
|l|☆Duarte123456789
|player|p1|
