|j|☆rhone valley
|j|☆sonic superstars
|t:|1758237248
|gametype|singles
|player|p1|rhone valley|101|1555
|player|p2|sonic superstars|acetrainer-gen4|1624
|gen|9
|tier|[Gen 9] OU
|rated|
|rule|HP Percentage Mod: HP is shown in percentages
|rule|Endless Battle Clause: Forcing endless battles is banned
|rule|Species Clause: Limit one of each Pokémon
|rule|OHKO Clause: OHKO moves are banned
|rule|Evasion Items Clause: Evasion items are banned
|rule|Evasion Moves Clause: Evasion moves are banned
|rule|Evasion Abilities Clause: Evasion abilities are banned
|rule|Sleep Moves Clause: Sleep-inducing moves are banned
|clearpoke
|poke|p1|Ceruledge, M|
|poke|p1|Iron Valiant|
|poke|p1|Pecharunt|
|poke|p1|Iron Treads|
|poke|p1|Enamorus, F|
|poke|p1|Araquanid, F|
|poke|p2|Crabominable, F|
|poke|p2|Slowking-Galar, F|
|poke|p2|Hoopa-Unbound|
|poke|p2|Ursaluna, F|
|poke|p2|Hatterene, F|
|poke|p2|Kingambit, F|
|teampreview
|inactive|Battle timer is ON: inactive players will automatically lose when time's up. (requested by sonic superstars)
|
|t:|1758237262
|teamsize|p1|6
|teamsize|p2|6
|start
|switch|p1a: Lady Liberty|Enamorus, F|100/100
|switch|p2a: Crabominable|Crabominable, F|100/100
|turn|1
|
|t:|1758237266
|switch|p2a: Slowking|Slowking-Galar, F|100/100
|move|p1a: Lady Liberty|Substitute|p1a: Lady Liberty
|-start|p1a: Lady Liberty|Substitute
|-damage|p1a: Lady Liberty|76/100
|
|upkeep
|turn|2
|
|t:|1758237269
|move|p1a: Lady Liberty|Earth Power|p2a: Slowking
|-supereffective|p2a: Slowking
|-crit|p2a: Slowking
|-damage|p2a: Slowking|9/100
|move|p2a: Slowking|Sludge Bomb|p1a: Lady Liberty
|-supereffective|p1a: Lady Liberty
|-end|p1a: Lady Liberty|Substitute
|
|upkeep
|turn|3
|
|t:|1758237278
|switch|p2a: Ursaluna|Ursaluna, F|100/100
|move|p1a: Lady Liberty|Moonblast|p2a: Ursaluna
|-damage|p2a: Ursaluna|53/100
|
|-status|p2a: Ursaluna|brn|[from] item: Flame Orb
|upkeep
|turn|4
|
|t:|1758237284
|move|p1a: Lady Liberty|Moonblast|p2a: Ursaluna
|-damage|p2a: Ursaluna|0 fnt
|faint|p2a: Ursaluna
|
|upkeep
|
|t:|1758237295
|switch|p2a: Hatterene|Hatterene, F|100/100
|turn|5
|
|t:|1758237302
|move|p1a: Lady Liberty|Moonblast|p2a: Hatterene
|-damage|p2a: Hatterene|12/100
|move|p2a: Hatterene|Trick Room|p2a: Hatterene
|-fieldstart|move: Trick Room|[of] p2a: Hatterene
|
|upkeep
|turn|6
|
|t:|1758237306
|switch|p1a: "Our" Land|Araquanid, F|100/100
|move|p2a: Hatterene|Healing Wish|p2a: Hatterene
|faint|p2a: Hatterene
|
|upkeep
|
|t:|1758237313
|switch|p2a: Crabominable|Crabominable, F|100/100
|turn|7
|
|t:|1758237326
|move|p1a: "Our" Land|Lunge|p2a: Crabominable
|-resisted|p2a: Crabominable
|-damage|p2a: Crabominable|88/100
|-unboost|p2a: Crabominable|atk|1
|move|p2a: Crabominable|Ice Hammer|p1a: "Our" Land
|-resisted|p1a: "Our" Land
|-damage|p1a: "Our" Land|71/100
|-unboost|p2a: Crabominable|spe|1
|-enditem|p1a: "Our" Land|Red Card|[of] p2a: Crabominable
|drag|p2a: Hoopa|Hoopa-Unbound|100/100
|
|upkeep
|turn|8
|c|☆sonic superstars|why are u fucking minspeed arak
|
|t:|1758237347
|switch|p2a: Slowking|Slowking-Galar, F|42/100
|-heal|p2a: Slowking|100/100|[from] move: Healing Wish
|move|p1a: "Our" Land|Lunge|p2a: Slowking
|-damage|p2a: Slowking|85/100
|-unboost|p2a: Slowking|atk|1
|
|upkeep
|turn|9
|c|☆rhone valley|why tf would i run speed lmao
|inactive|rhone valley has 120 seconds left.
|c|☆rhone valley|im webs
|
|t:|1758237381
|move|p1a: "Our" Land|Surf|p2a: Slowking
|-damage|p2a: Slowking|56/100
|-prepare|p2a: Slowking|Chilly Reception|[premajor]
|move|p2a: Slowking|Chilly Reception|p2a: Slowking
|-weather|Snowscape
|c|☆sonic superstars|why would u run negative speed
|
|t:|1758237391
|switch|p2a: Crabominable|Crabominable, F|88/100|[from] Chilly Reception
|
|-weather|Snowscape|[upkeep]
|-fieldend|move: Trick Room
|upkeep
|turn|10
|
|t:|1758237397
|move|p2a: Crabominable|Thunder Punch|p1a: "Our" Land
|-supereffective|p1a: "Our" Land
|-damage|p1a: "Our" Land|0 fnt
|faint|p1a: "Our" Land
|
|-weather|Snowscape|[upkeep]
|upkeep
|
|t:|1758237406
|switch|p1a: The Alamo|Ceruledge, M|100/100
|turn|11
|c|☆rhone valley|maybe for this very reason
|
|t:|1758237435
|move|p1a: The Alamo|Swords Dance|p1a: The Alamo
|-boost|p1a: The Alamo|atk|2
|move|p2a: Crabominable|Thunder Punch|p1a: The Alamo
|-damage|p1a: The Alamo|24/100
|-ability|p1a: The Alamo|Weak Armor|boost
|-unboost|p1a: The Alamo|def|1
|-boost|p1a: The Alamo|spe|2
|
|-weather|Snowscape|[upkeep]
|upkeep
|turn|12
|
|t:|1758237440
|move|p1a: The Alamo|Bitter Blade|p2a: Crabominable
|-supereffective|p2a: Crabominable
|-damage|p2a: Crabominable|0 fnt
|-heal|p1a: The Alamo|83/100|[from] drain|[of] p2a: Crabominable
|faint|p2a: Crabominable
|
|-weather|Snowscape|[upkeep]
|upkeep
|
|t:|1758237442
|switch|p2a: Kingambit|Kingambit, F|100/100
|-activate|p2a: Kingambit|ability: Supreme Overlord
|-start|p2a: Kingambit|fallen3|[silent]
|turn|13
|
|t:|1758237447
|-terastallize|p2a: Kingambit|Dark
|move|p1a: The Alamo|Bitter Blade|p2a: Kingambit
|-damage|p2a: Kingambit|25/100
|-heal|p1a: The Alamo|100/100|[from] drain|[of] p2a: Kingambit
|move|p2a: Kingambit|Kowtow Cleave|p1a: The Alamo
|-supereffective|p1a: The Alamo
|-enditem|p1a: The Alamo|Focus Sash
|-damage|p1a: The Alamo|1/100
|-ability|p1a: The Alamo|Weak Armor|boost
|-unboost|p1a: The Alamo|def|1
|-boost|p1a: The Alamo|spe|2
|
|-weather|none
|upkeep
|turn|14
|
|t:|1758237455
|move|p2a: Kingambit|Sucker Punch||[still]
|-fail|p2a: Kingambit
|move|p1a: The Alamo|Destiny Bond|p1a: The Alamo
|-singlemove|p1a: The Alamo|Destiny Bond
|
|upkeep
|turn|15
|
|t:|1758237459
|move|p2a: Kingambit|Sucker Punch|p1a: The Alamo
|-supereffective|p1a: The Alamo
|-damage|p1a: The Alamo|0 fnt
|faint|p1a: The Alamo
|-activate|p1a: The Alamo|move: Destiny Bond
|faint|p2a: Kingambit
|-end|p2a: Kingambit|fallen3|[silent]
|
|upkeep
|
|t:|1758237466
|switch|p1a: Go West|Iron Treads|100/100
|switch|p2a: Hoopa|Hoopa-Unbound|100/100
|-enditem|p1a: Go West|Booster Energy
|-activate|p1a: Go West|ability: Quark Drive|[fromitem]
|-start|p1a: Go West|quarkdriveatk
|turn|16
|
|t:|1758237471
|move|p1a: Go West|Earthquake|p2a: Hoopa
|-damage|p2a: Hoopa|11/100
|move|p2a: Hoopa|Trick Room|p2a: Hoopa
|-fieldstart|move: Trick Room|[of] p2a: Hoopa
|
|upkeep
|turn|17
|
|t:|1758237481
|move|p2a: Hoopa|Drain Punch|p1a: Go West
|-supereffective|p1a: Go West
|-damage|p1a: Go West|39/100
|-heal|p2a: Hoopa|38/100|[from] drain|[of] p1a: Go West
|move|p1a: Go West|Earthquake|p2a: Hoopa
|-damage|p2a: Hoopa|0 fnt
|faint|p2a: Hoopa
|
|upkeep
|c|☆rhone valley|gg
|c|☆sonic superstars|gg
|-message|sonic superstars forfeited.
|
|win|rhone valley
|raw|rhone valley's rating: 1555 &rarr; <strong>1579</strong><br />(+24 for winning)
|raw|sonic superstars's rating: 1624 &rarr; <strong>1600</strong><br />(-24 for losing)
|l|☆sonic superstars
|player|p2|
|l|☆rhone valley
|player|p1|
