|j|☆yawax
|j|☆dj.tomato!
|t:|1758295008
|gametype|singles
|player|p1|yawax|170|1501
|player|p2|dj.tomato!|drake-gen3|1503
|gen|9
|tier|[Gen 9] OU
|rated|
|rule|HP Percentage Mod: HP is shown in percentages
|rule|Endless Battle Clause: Forcing endless battles is banned
|rule|Species Clause: Limit one of each Pokémon
|rule|OHKO Clause: OHKO moves are banned
|rule|Evasion Items Clause: Evasion items are banned
|rule|Evasion Moves Clause: Evasion moves are banned
|rule|Evasion Abilities Clause: Evasion abilities are banned
|rule|Sleep Moves Clause: Sleep-inducing moves are banned
|clearpoke
|poke|p1|Ceruledge, M|
|poke|p1|Iron Valiant|
|poke|p1|Dragonite, F|
|poke|p1|Ogerpon-Wellspring, F|
|poke|p1|Pecharunt|
|poke|p1|Tinkaton, F|
|poke|p2|Pecharunt|
|poke|p2|Ting-Lu|
|poke|p2|Moltres|
|poke|p2|Tornadus-Therian, M|
|poke|p2|Garganacl, F|
|poke|p2|Zamazenta-*|
|teampreview
|inactive|Battle timer is ON: inactive players will automatically lose when time's up. (requested by yawax)
|
|t:|1758295025
|teamsize|p1|6
|teamsize|p2|6
|start
|switch|p1a: Ceruledge|Ceruledge, M, shiny|100/100
|switch|p2a: Tornadus|Tornadus-Therian, M|100/100
|turn|1
|
|t:|1758295045
|switch|p1a: Tinkaton|Tinkaton, F, shiny|100/100
|-item|p1a: Tinkaton|Air Balloon
|move|p2a: Tornadus|Taunt|p1a: Tinkaton
|-start|p1a: Tinkaton|move: Taunt
|
|upkeep
|turn|2
|
|t:|1758295055
|switch|p2a: Moltres|Moltres|100/100
|move|p1a: Tinkaton|Gigaton Hammer|p2a: Moltres
|-resisted|p2a: Moltres
|-damage|p2a: Moltres|86/100
|
|upkeep
|turn|3
|
|t:|1758295065
|switch|p1a: Ceruledge|Ceruledge, M, shiny|100/100
|move|p2a: Moltres|Flamethrower|p1a: Ceruledge
|-resisted|p1a: Ceruledge
|-damage|p1a: Ceruledge|78/100
|
|upkeep
|turn|4
|
|t:|1758295071
|move|p1a: Ceruledge|Swords Dance|p1a: Ceruledge
|-boost|p1a: Ceruledge|atk|2
|move|p2a: Moltres|Roar|p1a: Ceruledge
|drag|p1a: Pecharunt|Pecharunt|100/100
|
|upkeep
|turn|5
|
|t:|1758295080
|switch|p2a: Garganacl|Garganacl, F|100/100
|move|p1a: Pecharunt|Malignant Chain|p2a: Garganacl
|-resisted|p2a: Garganacl
|-damage|p2a: Garganacl|90/100
|
|-heal|p2a: Garganacl|96/100|[from] item: Leftovers
|upkeep
|turn|6
|
|t:|1758295088
|switch|p1a: Ceruledge|Ceruledge, M, shiny|78/100
|move|p2a: Garganacl|Salt Cure|p1a: Ceruledge
|-supereffective|p1a: Ceruledge
|-damage|p1a: Ceruledge|38/100
|-start|p1a: Ceruledge|Salt Cure
|-ability|p1a: Ceruledge|Weak Armor|boost
|-unboost|p1a: Ceruledge|def|1
|-boost|p1a: Ceruledge|spe|2
|
|-heal|p2a: Garganacl|100/100|[from] item: Leftovers
|-damage|p1a: Ceruledge|26/100|[from] Salt Cure
|upkeep
|turn|7
|
|t:|1758295101
|move|p1a: Ceruledge|Poltergeist|p2a: Garganacl
|-activate|p2a: Garganacl|move: Poltergeist|Leftovers
|-damage|p2a: Garganacl|80/100
|move|p2a: Garganacl|Stealth Rock|p1a: Ceruledge
|-sidestart|p1: yawax|move: Stealth Rock
|
|-heal|p2a: Garganacl|87/100|[from] item: Leftovers
|-damage|p1a: Ceruledge|13/100|[from] Salt Cure
|upkeep
|turn|8
|
|t:|1758295110
|move|p1a: Ceruledge|Swords Dance|p1a: Ceruledge
|-boost|p1a: Ceruledge|atk|2
|move|p2a: Garganacl|Salt Cure|p1a: Ceruledge
|-supereffective|p1a: Ceruledge
|-damage|p1a: Ceruledge|0 fnt
|faint|p1a: Ceruledge
|
|-heal|p2a: Garganacl|93/100|[from] item: Leftovers
|upkeep
|
|t:|1758295118
|switch|p1a: Ogerpon|Ogerpon-Wellspring, F|100/100
|-damage|p1a: Ogerpon|88/100|[from] Stealth Rock
|turn|9
|
|t:|1758295129
|-terastallize|p2a: Garganacl|Water
|move|p1a: Ogerpon|Ivy Cudgel|p2a: Garganacl|[anim] Ivy Cudgel Water
|-resisted|p2a: Garganacl
|-damage|p2a: Garganacl|72/100
|move|p2a: Garganacl|Salt Cure|p1a: Ogerpon
|-damage|p1a: Ogerpon|70/100
|-start|p1a: Ogerpon|Salt Cure
|
|-heal|p2a: Garganacl|78/100|[from] item: Leftovers
|-damage|p1a: Ogerpon|45/100|[from] Salt Cure
|upkeep
|turn|10
|
|t:|1758295141
|switch|p1a: Tinkaton|Tinkaton, F, shiny|100/100
|-damage|p1a: Tinkaton|94/100|[from] Stealth Rock
|-item|p1a: Tinkaton|Air Balloon
|switch|p2a: Moltres|Moltres|86/100
|
|upkeep
|turn|11
|
|t:|1758295149
|move|p1a: Tinkaton|Stealth Rock|p2a: Moltres
|-sidestart|p2: dj.tomato!|move: Stealth Rock
|move|p2a: Moltres|Flamethrower|p1a: Tinkaton
|-supereffective|p1a: Tinkaton
|-damage|p1a: Tinkaton|27/100
|-enditem|p1a: Tinkaton|Air Balloon
|
|upkeep
|turn|12
|
|t:|1758295157
|move|p1a: Tinkaton|Thunder Wave|p2a: Moltres
|-status|p2a: Moltres|par
|cant|p2a: Moltres|par
|
|upkeep
|turn|13
|
|t:|1758295164
|move|p1a: Tinkaton|Gigaton Hammer|p2a: Moltres
|-resisted|p2a: Moltres
|-damage|p2a: Moltres|72/100 par
|cant|p2a: Moltres|par
|
|upkeep
|turn|14
|
|t:|1758295171
|move|p1a: Tinkaton|Thunder Wave|p2a: Moltres
|-fail|p2a: Moltres|par
|cant|p2a: Moltres|par
|
|upkeep
|turn|15
|
|t:|1758295175
|move|p1a: Tinkaton|Thunder Wave|p2a: Moltres
|-fail|p2a: Moltres|par
|cant|p2a: Moltres|par
|
|upkeep
|turn|16
|c|☆yawax|lmao
|
|t:|1758295183
|move|p1a: Tinkaton|Thunder Wave|p2a: Moltres
|-fail|p2a: Moltres|par
|move|p2a: Moltres|Roost|p2a: Moltres
|-heal|p2a: Moltres|100/100 par
|-singleturn|p2a: Moltres|move: Roost
|
|upkeep
|turn|17
|
|t:|1758295190
|move|p1a: Tinkaton|Encore|p2a: Moltres
|-start|p2a: Moltres|Encore
|move|p2a: Moltres|Roost||[still]
|-fail|p2a: Moltres|heal
|
|upkeep
|turn|18
|
|t:|1758295201
|switch|p1a: Ogerpon|Ogerpon-Wellspring, F|45/100
|-damage|p1a: Ogerpon|33/100|[from] Stealth Rock
|switch|p2a: Garganacl|Garganacl, F, tera:Water|78/100
|-damage|p2a: Garganacl|66/100|[from] Stealth Rock
|
|-heal|p2a: Garganacl|72/100|[from] item: Leftovers
|upkeep
|turn|19
|
|t:|1758295210
|move|p1a: Ogerpon|Power Whip|p2a: Garganacl|[miss]
|-miss|p1a: Ogerpon|p2a: Garganacl
|move|p2a: Garganacl|Salt Cure|p1a: Ogerpon
|-crit|p1a: Ogerpon
|-damage|p1a: Ogerpon|5/100
|-start|p1a: Ogerpon|Salt Cure
|
|-heal|p2a: Garganacl|78/100|[from] item: Leftovers
|-damage|p1a: Ogerpon|0 fnt|[from] Salt Cure
|faint|p1a: Ogerpon
|upkeep
|c|☆yawax|alright
|c|☆yawax|gg
|c|☆dj.tomato!|gg
|-message|yawax forfeited.
|
|win|dj.tomato!
|raw|yawax's rating: 1501 &rarr; <strong>1481</strong><br />(-20 for losing)
|raw|dj.tomato!'s rating: 1503 &rarr; <strong>1523</strong><br />(+20 for winning)
|l|☆yawax
|player|p1|
|l|☆dj.tomato!
|player|p2|
