|j|☆fdsafsadgfdsaf
|j|☆Bmce1
|t:|1758322214
|gametype|singles
|player|p1|fdsafsadgfdsaf|iris|1119
|player|p2|Bmce1|proton|1105
|gen|9
|tier|[Gen 9] OU
|rated|
|rule|HP Percentage Mod: HP is shown in percentages
|rule|Endless Battle Clause: Forcing endless battles is banned
|rule|Species Clause: Limit one of each Pokémon
|rule|OHKO Clause: OHKO moves are banned
|rule|Evasion Items Clause: Evasion items are banned
|rule|Evasion Moves Clause: Evasion moves are banned
|rule|Evasion Abilities Clause: Evasion abilities are banned
|rule|Sleep Moves Clause: Sleep-inducing moves are banned
|clearpoke
|poke|p1|Meowscarada, F|
|poke|p1|Gardevoir, F|
|poke|p1|Cinderace, F|
|poke|p1|Vaporeon, F|
|poke|p1|Hydreigon, M|
|poke|p1|Alcremie-Salted-Cream, F|
|poke|p2|Dragonite, F|
|poke|p2|Raichu, M|
|poke|p2|Leafeon, M|
|poke|p2|Skeledirge, M|
|poke|p2|Azumarill, F|
|poke|p2|Excadrill, F|
|teampreview
|
|t:|1758322240
|teamsize|p1|6
|teamsize|p2|6
|start
|switch|p1a: Vaporeon|Vaporeon, F|100/100
|switch|p2a: Excadrill|Excadrill, F|100/100
|-ability|p2a: Excadrill|Mold Breaker
|-item|p2a: Excadrill|Air Balloon
|turn|1
|
|t:|1758322249
|move|p2a: Excadrill|Brick Break|p1a: Vaporeon
|-damage|p1a: Vaporeon|73/100
|move|p1a: Vaporeon|Acid Armor|p1a: Vaporeon
|-boost|p1a: Vaporeon|def|2
|
|-heal|p1a: Vaporeon|79/100|[from] item: Leftovers
|upkeep
|turn|2
|
|t:|1758322259
|switch|p2a: Leafeon|Leafeon, M|100/100
|move|p1a: Vaporeon|Calm Mind|p1a: Vaporeon
|-boost|p1a: Vaporeon|spa|1
|-boost|p1a: Vaporeon|spd|1
|
|-heal|p1a: Vaporeon|85/100|[from] item: Leftovers
|upkeep
|turn|3
|
|t:|1758322267
|move|p2a: Leafeon|Leaf Blade|p1a: Vaporeon
|-supereffective|p1a: Vaporeon
|-damage|p1a: Vaporeon|36/100
|move|p1a: Vaporeon|Ice Beam|p2a: Leafeon
|-supereffective|p2a: Leafeon
|-enditem|p2a: Leafeon|Focus Sash
|-damage|p2a: Leafeon|1/100
|
|-heal|p1a: Vaporeon|43/100|[from] item: Leftovers
|upkeep
|turn|4
|
|t:|1758322278
|move|p2a: Leafeon|Leaf Blade|p1a: Vaporeon
|-supereffective|p1a: Vaporeon
|-damage|p1a: Vaporeon|0 fnt
|faint|p1a: Vaporeon
|
|upkeep
|
|t:|1758322284
|switch|p1a: Meowscarada|Meowscarada, F|100/100
|turn|5
|
|t:|1758322294
|move|p1a: Meowscarada|U-turn|p2a: Leafeon
|-start|p1a: Meowscarada|typechange|Bug|[from] ability: Protean
|-supereffective|p2a: Leafeon
|-damage|p2a: Leafeon|0 fnt
|faint|p2a: Leafeon
|
|t:|1758322299
|switch|p1a: Alcremie|Alcremie-Salted-Cream, F|100/100|[from] U-turn
|
|upkeep
|
|t:|1758322308
|switch|p2a: Excadrill|Excadrill, F|100/100
|-ability|p2a: Excadrill|Mold Breaker
|-item|p2a: Excadrill|Air Balloon
|turn|6
|
|t:|1758322313
|switch|p1a: Gardevoir|Gardevoir, F|100/100
|move|p2a: Excadrill|Swords Dance|p2a: Excadrill
|-boost|p2a: Excadrill|atk|2
|
|upkeep
|turn|7
|
|t:|1758322320
|move|p2a: Excadrill|Iron Head|p1a: Gardevoir
|-supereffective|p1a: Gardevoir
|-damage|p1a: Gardevoir|0 fnt
|faint|p1a: Gardevoir
|
|upkeep
|
|t:|1758322327
|switch|p1a: Cinderace|Cinderace, F|100/100
|turn|8
|
|t:|1758322333
|move|p1a: Cinderace|Swords Dance|p1a: Cinderace
|-start|p1a: Cinderace|typechange|Normal|[from] ability: Libero
|-boost|p1a: Cinderace|atk|2
|move|p2a: Excadrill|Earthquake|p1a: Cinderace
|-damage|p1a: Cinderace|0 fnt
|faint|p1a: Cinderace
|
|upkeep
|
|t:|1758322343
|switch|p1a: Meowscarada|Meowscarada, F|100/100
|turn|9
|
|t:|1758322346
|move|p1a: Meowscarada|Flower Trick|p2a: Excadrill
|-start|p1a: Meowscarada|typechange|Grass|[from] ability: Protean
|-crit|p2a: Excadrill
|-damage|p2a: Excadrill|25/100
|-enditem|p2a: Excadrill|Air Balloon
|move|p2a: Excadrill|Brick Break|p1a: Meowscarada
|-damage|p1a: Meowscarada|10/100
|
|upkeep
|turn|10
|
|t:|1758322359
|move|p1a: Meowscarada|Flower Trick|p2a: Excadrill
|-crit|p2a: Excadrill
|-damage|p2a: Excadrill|0 fnt
|faint|p2a: Excadrill
|
|upkeep
|
|t:|1758322371
|switch|p2a: Skeledirge|Skeledirge, M|100/100
|turn|11
|
|t:|1758322384
|move|p1a: Meowscarada|Knock Off|p2a: Skeledirge
|-supereffective|p2a: Skeledirge
|-damage|p2a: Skeledirge|48/100
|-enditem|p2a: Skeledirge|Assault Vest|[from] move: Knock Off|[of] p1a: Meowscarada
|move|p2a: Skeledirge|Torch Song|p1a: Meowscarada
|-supereffective|p1a: Meowscarada
|-damage|p1a: Meowscarada|0 fnt
|-boost|p2a: Skeledirge|spa|1
|faint|p1a: Meowscarada
|
|upkeep
|
|t:|1758322397
|switch|p1a: Hydreigon|Hydreigon, M|100/100
|turn|12
|
|t:|1758322402
|move|p1a: Hydreigon|Dark Pulse|p2a: Skeledirge
|-supereffective|p2a: Skeledirge
|-damage|p2a: Skeledirge|0 fnt
|faint|p2a: Skeledirge
|
|upkeep
|
|t:|1758322411
|switch|p2a: Azumarill|Azumarill, F|100/100
|turn|13
|
|t:|1758322415
|move|p1a: Hydreigon|Dark Pulse|p2a: Azumarill
|-resisted|p2a: Azumarill
|-damage|p2a: Azumarill|69/100
|cant|p2a: Azumarill|flinch
|
|upkeep
|turn|14
|
|t:|1758322422
|move|p1a: Hydreigon|Dark Pulse|p2a: Azumarill
|-resisted|p2a: Azumarill
|-damage|p2a: Azumarill|39/100
|move|p2a: Azumarill|Play Rough|p1a: Hydreigon
|-supereffective|p1a: Hydreigon
|-damage|p1a: Hydreigon|0 fnt
|faint|p1a: Hydreigon
|
|upkeep
|
|t:|1758322429
|switch|p1a: Alcremie|Alcremie-Salted-Cream, F|100/100
|turn|15
|
|t:|1758322434
|move|p2a: Azumarill|Aqua Jet|p1a: Alcremie
|-damage|p1a: Alcremie|76/100
|move|p1a: Alcremie|Acid Armor|p1a: Alcremie
|-boost|p1a: Alcremie|def|2
|
|-heal|p1a: Alcremie|82/100|[from] item: Leftovers
|upkeep
|turn|16
|
|t:|1758322446
|switch|p2a: Dragonite|Dragonite, F|100/100
|move|p1a: Alcremie|Acid Armor|p1a: Alcremie
|-boost|p1a: Alcremie|def|2
|
|-heal|p1a: Alcremie|88/100|[from] item: Leftovers
|upkeep
|turn|17
|
|t:|1758322456
|-terastallize|p2a: Dragonite|Flying
|move|p2a: Dragonite|Tera Blast|p1a: Alcremie|[anim] Tera Blast Flying
|-damage|p1a: Alcremie|71/100
|move|p1a: Alcremie|Draining Kiss|p2a: Dragonite
|-damage|p2a: Dragonite|91/100
|-heal|p1a: Alcremie|78/100|[from] drain|[of] p2a: Dragonite
|
|-heal|p2a: Dragonite|97/100|[from] item: Leftovers
|-heal|p1a: Alcremie|84/100|[from] item: Leftovers
|upkeep
|turn|18
|
|t:|1758322467
|move|p2a: Dragonite|Dragon Dance|p2a: Dragonite
|-boost|p2a: Dragonite|atk|1
|-boost|p2a: Dragonite|spe|1
|move|p1a: Alcremie|Calm Mind|p1a: Alcremie
|-boost|p1a: Alcremie|spa|1
|-boost|p1a: Alcremie|spd|1
|
|-heal|p2a: Dragonite|100/100|[from] item: Leftovers
|-heal|p1a: Alcremie|90/100|[from] item: Leftovers
|upkeep
|turn|19
|
|t:|1758322476
|move|p2a: Dragonite|Dragon Dance|p2a: Dragonite
|-boost|p2a: Dragonite|atk|1
|-boost|p2a: Dragonite|spe|1
|move|p1a: Alcremie|Acid Armor|p1a: Alcremie
|-boost|p1a: Alcremie|def|2
|
|-heal|p1a: Alcremie|96/100|[from] item: Leftovers
|upkeep
|turn|20
|
|t:|1758322485
|move|p2a: Dragonite|Dragon Dance|p2a: Dragonite
|-boost|p2a: Dragonite|atk|1
|-boost|p2a: Dragonite|spe|1
|move|p1a: Alcremie|Calm Mind|p1a: Alcremie
|-boost|p1a: Alcremie|spa|1
|-boost|p1a: Alcremie|spd|1
|
|-heal|p1a: Alcremie|100/100|[from] item: Leftovers
|upkeep
|turn|21
|
|t:|1758322495
|move|p2a: Dragonite|Dragon Dance|p2a: Dragonite
|-boost|p2a: Dragonite|atk|1
|-boost|p2a: Dragonite|spe|1
|move|p1a: Alcremie|Stored Power|p2a: Dragonite
|-damage|p2a: Dragonite|45/100
|
|-heal|p2a: Dragonite|51/100|[from] item: Leftovers
|upkeep
|turn|22
|
|t:|1758322504
|move|p2a: Dragonite|Tera Blast|p1a: Alcremie|[anim] Tera Blast Flying
|-damage|p1a: Alcremie|65/100
|move|p1a: Alcremie|Stored Power|p2a: Dragonite
|-damage|p2a: Dragonite|0 fnt
|faint|p2a: Dragonite
|
|-heal|p1a: Alcremie|71/100|[from] item: Leftovers
|upkeep
|
|t:|1758322514
|switch|p2a: Raichu|Raichu, M|100/100
|turn|23
|
|t:|1758322519
|move|p2a: Raichu|Thunderbolt|p1a: Alcremie
|-damage|p1a: Alcremie|55/100
|move|p1a: Alcremie|Stored Power|p2a: Raichu
|-crit|p2a: Raichu
|-damage|p2a: Raichu|0 fnt
|faint|p2a: Raichu
|
|-heal|p1a: Alcremie|61/100|[from] item: Leftovers
|upkeep
|
|t:|1758322529
|switch|p2a: Azumarill|Azumarill, F|39/100
|turn|24
|
|t:|1758322541
|move|p2a: Azumarill|Aqua Jet|p1a: Alcremie
|-damage|p1a: Alcremie|54/100
|move|p1a: Alcremie|Stored Power|p2a: Azumarill
|-crit|p2a: Azumarill
|-damage|p2a: Azumarill|0 fnt
|faint|p2a: Azumarill
|
|win|fdsafsadgfdsaf
|raw|fdsafsadgfdsaf's rating: 1119 &rarr; <strong>1143</strong><br />(+24 for winning)
|raw|Bmce1's rating: 1105 &rarr; <strong>1081</strong><br />(-24 for losing)
|l|☆Bmce1
|player|p2|
|l|☆fdsafsadgfdsaf
|player|p1|
