|j|☆johnnytravs1
|j|☆AeiGlass
|t:|1758375702
|gametype|singles
|player|p1|johnnytravs1|102|1129
|player|p2|AeiGlass|hugh|1073
|gen|9
|tier|[Gen 9] OU
|rated|
|rule|HP Percentage Mod: HP is shown in percentages
|rule|Endless Battle Clause: Forcing endless battles is banned
|rule|Species Clause: Limit one of each Pokémon
|rule|OHKO Clause: OHKO moves are banned
|rule|Evasion Items Clause: Evasion items are banned
|rule|Evasion Moves Clause: Evasion moves are banned
|rule|Evasion Abilities Clause: Evasion abilities are banned
|rule|Sleep Moves Clause: Sleep-inducing moves are banned
|clearpoke
|poke|p1|Drifblim, F|
|poke|p1|Bruxish, F|
|poke|p1|Gliscor, F|
|poke|p1|Scizor, F|
|poke|p1|Weavile, F|
|poke|p1|Okidogi, M|
|poke|p2|Ribombee, M|
|poke|p2|Great Tusk|
|poke|p2|Gholdengo|
|poke|p2|Manaphy|
|poke|p2|Kingambit, F|
|poke|p2|Iron Valiant|
|teampreview
|
|t:|1758375711
|teamsize|p1|6
|teamsize|p2|6
|start
|switch|p1a: Bruxish|Bruxish, F|100/100
|switch|p2a: Awelo|Manaphy|100/100
|turn|1
|
|t:|1758375717
|move|p2a: Awelo|Tail Glow|p2a: Awelo
|-boost|p2a: Awelo|spa|3
|move|p1a: Bruxish|Psychic Fangs|p2a: Awelo
|-damage|p2a: Awelo|22/100
|
|-heal|p2a: Awelo|28/100|[from] item: Leftovers
|upkeep
|turn|2
|
|t:|1758375723
|move|p2a: Awelo|Alluring Voice|p1a: Bruxish
|-damage|p1a: Bruxish|9/100
|move|p1a: Bruxish|Psychic Fangs|p2a: Awelo
|-damage|p2a: Awelo|0 fnt
|faint|p2a: Awelo
|
|upkeep
|
|t:|1758375726
|switch|p2a: Zelorex|Ribombee, M, shiny|100/100
|turn|3
|
|t:|1758375728
|move|p2a: Zelorex|Sticky Web|p1a: Bruxish
|-sidestart|p1: johnnytravs1|move: Sticky Web
|move|p1a: Bruxish|Psychic Fangs|p2a: Zelorex
|-enditem|p2a: Zelorex|Focus Sash
|-damage|p2a: Zelorex|1/100
|
|upkeep
|turn|4
|
|t:|1758375736
|move|p2a: Zelorex|Skill Swap|p1a: Bruxish
|-activate|p2a: Zelorex|move: Skill Swap|Strong Jaw|Shield Dust|[of] p1a: Bruxish
|move|p1a: Bruxish|Psychic Fangs|p2a: Zelorex
|-damage|p2a: Zelorex|0 fnt
|faint|p2a: Zelorex
|
|upkeep
|
|t:|1758375741
|switch|p2a: Manolo|Great Tusk|100/100
|-enditem|p2a: Manolo|Booster Energy
|-activate|p2a: Manolo|ability: Protosynthesis|[fromitem]
|-start|p2a: Manolo|protosynthesisatk
|turn|5
|
|t:|1758375744
|move|p1a: Bruxish|Psychic Fangs|p2a: Manolo
|-supereffective|p2a: Manolo
|-crit|p2a: Manolo
|-damage|p2a: Manolo|0 fnt
|faint|p2a: Manolo
|-end|p2a: Manolo|Protosynthesis|[silent]
|
|upkeep
|
|t:|1758375747
|switch|p2a: Alvarito|Gholdengo|100/100
|-item|p2a: Alvarito|Air Balloon
|turn|6
|
|t:|1758375749
|move|p1a: Bruxish|Psychic Fangs|p2a: Alvarito
|-resisted|p2a: Alvarito
|-damage|p2a: Alvarito|65/100
|-enditem|p2a: Alvarito|Air Balloon
|move|p2a: Alvarito|Shadow Ball|p1a: Bruxish
|-supereffective|p1a: Bruxish
|-damage|p1a: Bruxish|0 fnt
|faint|p1a: Bruxish
|
|upkeep
|
|t:|1758375755
|switch|p1a: Gliscor|Gliscor, F|100/100
|turn|7
|
|t:|1758375760
|move|p1a: Gliscor|Protect|p1a: Gliscor
|-singleturn|p1a: Gliscor|Protect
|move|p2a: Alvarito|Nasty Plot|p2a: Alvarito
|-boost|p2a: Alvarito|spa|2
|
|-status|p1a: Gliscor|tox|[from] item: Toxic Orb
|upkeep
|turn|8
|
|t:|1758375765
|move|p2a: Alvarito|Make It Rain|p1a: Gliscor
|-crit|p1a: Gliscor
|-damage|p1a: Gliscor|0 fnt
|-unboost|p2a: Alvarito|spa|1
|faint|p1a: Gliscor
|
|upkeep
|
|t:|1758375779
|switch|p1a: Drifblim|Drifblim, F|100/100
|turn|9
|
|t:|1758375784
|-terastallize|p1a: Drifblim|Normal
|move|p2a: Alvarito|Shadow Ball|p1a: Drifblim
|-immune|p1a: Drifblim
|move|p1a: Drifblim|Calm Mind|p1a: Drifblim
|-boost|p1a: Drifblim|spa|1
|-boost|p1a: Drifblim|spd|1
|
|upkeep
|turn|10
|inactive|Battle timer is ON: inactive players will automatically lose when time's up. (requested by johnnytravs1)
|
|t:|1758375796
|move|p2a: Alvarito|Nasty Plot|p2a: Alvarito
|-boost|p2a: Alvarito|spa|2
|move|p1a: Drifblim|Shadow Ball|p2a: Alvarito
|-supereffective|p2a: Alvarito
|-damage|p2a: Alvarito|0 fnt
|faint|p2a: Alvarito
|
|upkeep
|
|t:|1758375799
|switch|p2a: Akram|Iron Valiant, shiny|100/100
|-enditem|p2a: Akram|Booster Energy
|-activate|p2a: Akram|ability: Quark Drive|[fromitem]
|-start|p2a: Akram|quarkdrivespe
|turn|11
|
|t:|1758375806
|move|p2a: Akram|Calm Mind|p2a: Akram
|-boost|p2a: Akram|spa|1
|-boost|p2a: Akram|spd|1
|move|p1a: Drifblim|Air Slash|p2a: Akram
|-supereffective|p2a: Akram
|-damage|p2a: Akram|0 fnt
|faint|p2a: Akram
|-end|p2a: Akram|Quark Drive|[silent]
|
|upkeep
|
|t:|1758375808
|switch|p2a: Shade|Kingambit, F, shiny|100/100
|-activate|p2a: Shade|ability: Supreme Overlord
|-start|p2a: Shade|fallen5|[silent]
|-item|p2a: Shade|Air Balloon
|turn|12
|
|t:|1758375814
|move|p1a: Drifblim|Strength Sap|p2a: Shade
|-unboost|p2a: Shade|atk|1
|move|p2a: Shade|Swords Dance|p2a: Shade
|-boost|p2a: Shade|atk|2
|
|upkeep
|turn|13
|
|t:|1758375822
|-terastallize|p2a: Shade|Fairy
|move|p1a: Drifblim|Strength Sap|p2a: Shade
|-unboost|p2a: Shade|atk|1
|move|p2a: Shade|Kowtow Cleave|p1a: Drifblim
|-damage|p1a: Drifblim|1/100
|
|-heal|p1a: Drifblim|7/100|[from] item: Leftovers
|upkeep
|turn|14
|
|t:|1758375831
|move|p2a: Shade|Sucker Punch||[still]
|-fail|p2a: Shade
|move|p1a: Drifblim|Strength Sap|p2a: Shade
|-unboost|p2a: Shade|atk|1
|-heal|p1a: Drifblim|91/100
|
|-heal|p1a: Drifblim|97/100|[from] item: Leftovers
|upkeep
|turn|15
|
|t:|1758375838
|move|p1a: Drifblim|Strength Sap|p2a: Shade
|-unboost|p2a: Shade|atk|1
|-heal|p1a: Drifblim|100/100
|move|p2a: Shade|Kowtow Cleave|p1a: Drifblim
|-damage|p1a: Drifblim|53/100
|
|-heal|p1a: Drifblim|59/100|[from] item: Leftovers
|upkeep
|turn|16
|-message|AeiGlass forfeited.
|
|win|johnnytravs1
|raw|johnnytravs1's rating: 1129 &rarr; <strong>1150</strong><br />(+21 for winning)
|raw|AeiGlass's rating: 1073 &rarr; <strong>1055</strong><br />(-18 for losing)
|l|☆AeiGlass
|player|p2|
|l|☆johnnytravs1
|player|p1|
