|j|☆Yourragez
|j|☆theyhate.mollik
|t:|1758342784
|gametype|singles
|player|p1|Yourragez|102|1197
|player|p2|theyhate.mollik|101|1178
|gen|9
|tier|[Gen 9] OU
|rated|
|rule|HP Percentage Mod: HP is shown in percentages
|rule|Endless Battle Clause: Forcing endless battles is banned
|rule|Species Clause: Limit one of each Pokémon
|rule|OHKO Clause: OHKO moves are banned
|rule|Evasion Items Clause: Evasion items are banned
|rule|Evasion Moves Clause: Evasion moves are banned
|rule|Evasion Abilities Clause: Evasion abilities are banned
|rule|Sleep Moves Clause: Sleep-inducing moves are banned
|clearpoke
|poke|p1|Toxapex, F|
|poke|p1|Blissey, F|
|poke|p1|Tornadus-Therian, M|
|poke|p1|Corviknight, F|
|poke|p1|Ting-Lu|
|poke|p1|Skeledirge, F|
|poke|p2|Iron Valiant|
|poke|p2|Corviknight, F|
|poke|p2|Kingambit, F|
|poke|p2|Hatterene, F|
|poke|p2|Dondozo, F|
|poke|p2|Gholdengo|
|teampreview
|l|☆Yourragez
|player|p1|
|inactive|Battle timer is ON: inactive players will automatically lose when time's up. (requested by theyhate.mollik)
|j|☆Yourragez
|inactive|Yourragez reconnected and has 125 seconds left.
|player|p1|Yourragez|102|
|inactive|Yourragez has 120 seconds left.
|
|t:|1758342830
|teamsize|p1|6
|teamsize|p2|6
|start
|switch|p1a: Skeledirge|Skeledirge, F|100/100
|switch|p2a: Hatterene|Hatterene, F|100/100
|turn|1
|
|t:|1758342848
|move|p1a: Skeledirge|Hex|p2a: Hatterene
|-supereffective|p2a: Hatterene
|-damage|p2a: Hatterene|46/100
|move|p2a: Hatterene|Calm Mind|p2a: Hatterene
|-boost|p2a: Hatterene|spa|1
|-boost|p2a: Hatterene|spd|1
|
|-heal|p2a: Hatterene|52/100|[from] item: Leftovers
|upkeep
|turn|2
|
|t:|1758342855
|move|p1a: Skeledirge|Torch Song|p2a: Hatterene
|-damage|p2a: Hatterene|20/100
|-boost|p1a: Skeledirge|spa|1
|move|p2a: Hatterene|Draining Kiss|p1a: Skeledirge
|-resisted|p1a: Skeledirge
|-damage|p1a: Skeledirge|87/100
|-heal|p2a: Hatterene|37/100|[from] drain|[of] p1a: Skeledirge
|
|-heal|p2a: Hatterene|42/100|[from] item: Leftovers
|upkeep
|turn|3
|
|t:|1758342861
|move|p1a: Skeledirge|Torch Song|p2a: Hatterene
|-damage|p2a: Hatterene|0 fnt
|-boost|p1a: Skeledirge|spa|1
|faint|p2a: Hatterene
|
|upkeep
|
|t:|1758342868
|switch|p2a: Dondozo|Dondozo, F|100/100
|turn|4
|
|t:|1758342874
|move|p1a: Skeledirge|Will-O-Wisp|p2a: Dondozo
|-status|p2a: Dondozo|brn
|move|p2a: Dondozo|Curse|p2a: Dondozo
|-unboost|p2a: Dondozo|spe|1
|-boost|p2a: Dondozo|atk|1
|-boost|p2a: Dondozo|def|1
|
|-damage|p2a: Dondozo|94/100 brn|[from] brn
|upkeep
|turn|5
|
|t:|1758342879
|move|p1a: Skeledirge|Hex|p2a: Dondozo
|-damage|p2a: Dondozo|47/100 brn
|move|p2a: Dondozo|Curse|p2a: Dondozo
|-unboost|p2a: Dondozo|spe|1
|-boost|p2a: Dondozo|atk|1
|-boost|p2a: Dondozo|def|1
|
|-heal|p2a: Dondozo|53/100 brn|[from] item: Leftovers
|-damage|p2a: Dondozo|47/100 brn|[from] brn
|upkeep
|turn|6
|
|t:|1758342883
|move|p1a: Skeledirge|Hex|p2a: Dondozo
|-crit|p2a: Dondozo
|-damage|p2a: Dondozo|0 fnt
|faint|p2a: Dondozo
|
|upkeep
|
|t:|1758342888
|switch|p2a: Kingambit|Kingambit, F|100/100
|-activate|p2a: Kingambit|ability: Supreme Overlord
|-start|p2a: Kingambit|fallen2|[silent]
|turn|7
|
|t:|1758342891
|move|p1a: Skeledirge|Will-O-Wisp|p2a: Kingambit|[miss]
|-miss|p1a: Skeledirge|p2a: Kingambit
|move|p2a: Kingambit|Kowtow Cleave|p1a: Skeledirge
|-supereffective|p1a: Skeledirge
|-damage|p1a: Skeledirge|7/100
|
|upkeep
|turn|8
|
|t:|1758342901
|move|p1a: Skeledirge|Will-O-Wisp|p2a: Kingambit
|-status|p2a: Kingambit|brn
|move|p2a: Kingambit|Kowtow Cleave|p1a: Skeledirge
|-supereffective|p1a: Skeledirge
|-damage|p1a: Skeledirge|0 fnt
|faint|p1a: Skeledirge
|
|-damage|p2a: Kingambit|94/100 brn|[from] brn
|upkeep
|
|t:|1758342907
|switch|p1a: Ting-Lu|Ting-Lu|100/100
|-ability|p1a: Ting-Lu|Vessel of Ruin
|turn|9
|
|t:|1758342914
|-end|p2a: Kingambit|fallen2|[silent]
|switch|p2a: Corviknight|Corviknight, F|100/100
|switch|p1a: Toxapex|Toxapex, F|100/100
|
|upkeep
|turn|10
|
|t:|1758342920
|move|p2a: Corviknight|Bulk Up|p2a: Corviknight
|-boost|p2a: Corviknight|atk|1
|-boost|p2a: Corviknight|def|1
|move|p1a: Toxapex|Toxic Spikes|p2a: Corviknight
|-sidestart|p2: theyhate.mollik|move: Toxic Spikes
|
|upkeep
|turn|11
|
|t:|1758342930
|switch|p1a: Tornadus|Tornadus-Therian, M, shiny|100/100
|move|p2a: Corviknight|Bulk Up|p2a: Corviknight
|-boost|p2a: Corviknight|atk|1
|-boost|p2a: Corviknight|def|1
|
|upkeep
|turn|12
|
|t:|1758342939
|move|p1a: Tornadus|Heat Wave|p2a: Corviknight
|-supereffective|p2a: Corviknight
|-damage|p2a: Corviknight|61/100
|move|p2a: Corviknight|Agility|p2a: Corviknight
|-boost|p2a: Corviknight|spe|2
|
|-heal|p2a: Corviknight|67/100|[from] item: Leftovers
|upkeep
|turn|13
|
|t:|1758342947
|-terastallize|p2a: Corviknight|Flying
|move|p1a: Tornadus|Heat Wave|p2a: Corviknight|[miss]
|-miss|p1a: Tornadus|p2a: Corviknight
|move|p2a: Corviknight|Bulk Up|p2a: Corviknight
|-boost|p2a: Corviknight|atk|1
|-boost|p2a: Corviknight|def|1
|
|-heal|p2a: Corviknight|73/100|[from] item: Leftovers
|upkeep
|turn|14
|
|t:|1758342953
|move|p1a: Tornadus|Hurricane|p2a: Corviknight
|-damage|p2a: Corviknight|38/100
|move|p2a: Corviknight|Bulk Up|p2a: Corviknight
|-boost|p2a: Corviknight|atk|1
|-boost|p2a: Corviknight|def|1
|
|-heal|p2a: Corviknight|44/100|[from] item: Leftovers
|upkeep
|turn|15
|
|t:|1758342960
|move|p1a: Tornadus|Nasty Plot|p1a: Tornadus
|-boost|p1a: Tornadus|spa|2
|move|p2a: Corviknight|Agility|p2a: Corviknight
|-boost|p2a: Corviknight|spe|2
|
|-heal|p2a: Corviknight|50/100|[from] item: Leftovers
|upkeep
|turn|16
|
|t:|1758342965
|move|p2a: Corviknight|Roost|p2a: Corviknight
|-heal|p2a: Corviknight|99/100
|-hint|If a Terastallized Pokemon uses Roost, it remains Flying-type.
|move|p1a: Tornadus|Hurricane|p2a: Corviknight
|-damage|p2a: Corviknight|38/100
|
|-heal|p2a: Corviknight|44/100|[from] item: Leftovers
|upkeep
|turn|17
|
|t:|1758342972
|move|p2a: Corviknight|Power Trip|p1a: Tornadus
|-damage|p1a: Tornadus|0 fnt
|faint|p1a: Tornadus
|
|-heal|p2a: Corviknight|50/100|[from] item: Leftovers
|upkeep
|
|t:|1758342983
|switch|p1a: Corviknight|Corviknight, F|100/100
|-ability|p1a: Corviknight|Pressure
|turn|18
|
|t:|1758342990
|move|p2a: Corviknight|Power Trip|p1a: Corviknight
|-damage|p1a: Corviknight|6/100
|-damage|p2a: Corviknight|34/100|[from] item: Rocky Helmet|[of] p1a: Corviknight
|move|p1a: Corviknight|Iron Defense|p1a: Corviknight
|-boost|p1a: Corviknight|def|2
|
|-heal|p2a: Corviknight|40/100|[from] item: Leftovers
|upkeep
|turn|19
|
|t:|1758343000
|switch|p1a: Blissey|Blissey, F|100/100
|move|p2a: Corviknight|Power Trip|p1a: Blissey
|-damage|p1a: Blissey|0 fnt
|faint|p1a: Blissey
|
|-heal|p2a: Corviknight|46/100|[from] item: Leftovers
|upkeep
|
|t:|1758343006
|switch|p1a: Toxapex|Toxapex, F|100/100
|turn|20
|
|t:|1758343011
|move|p2a: Corviknight|Roost|p2a: Corviknight
|-heal|p2a: Corviknight|96/100
|-hint|If a Terastallized Pokemon uses Roost, it remains Flying-type.
|move|p1a: Toxapex|Toxic|p2a: Corviknight
|-status|p2a: Corviknight|tox
|
|-heal|p2a: Corviknight|100/100 tox|[from] item: Leftovers
|-damage|p2a: Corviknight|94/100 tox|[from] psn
|upkeep
|turn|21
|
|t:|1758343016
|move|p2a: Corviknight|Power Trip|p1a: Toxapex
|-damage|p1a: Toxapex|0 fnt
|faint|p1a: Toxapex
|
|-heal|p2a: Corviknight|100/100 tox|[from] item: Leftovers
|-damage|p2a: Corviknight|88/100 tox|[from] psn
|upkeep
|
|t:|1758343021
|switch|p1a: Ting-Lu|Ting-Lu|100/100
|-ability|p1a: Ting-Lu|Vessel of Ruin
|turn|22
|
|t:|1758343027
|move|p2a: Corviknight|Power Trip|p1a: Ting-Lu
|-resisted|p1a: Ting-Lu
|-damage|p1a: Ting-Lu|56/100
|move|p1a: Ting-Lu|Payback|p2a: Corviknight
|-damage|p2a: Corviknight|78/100 tox
|
|-heal|p2a: Corviknight|84/100 tox|[from] item: Leftovers
|-heal|p1a: Ting-Lu|63/100|[from] item: Leftovers
|-damage|p2a: Corviknight|65/100 tox|[from] psn
|upkeep
|turn|23
|
|t:|1758343035
|move|p2a: Corviknight|Power Trip|p1a: Ting-Lu
|-resisted|p1a: Ting-Lu
|-damage|p1a: Ting-Lu|17/100
|move|p1a: Ting-Lu|Rest|p1a: Ting-Lu
|-status|p1a: Ting-Lu|slp|[from] move: Rest
|-heal|p1a: Ting-Lu|100/100 slp|[silent]
|
|-heal|p2a: Corviknight|72/100 tox|[from] item: Leftovers
|-damage|p2a: Corviknight|47/100 tox|[from] psn
|upkeep
|turn|24
|
|t:|1758343043
|move|p2a: Corviknight|Roost|p2a: Corviknight
|-heal|p2a: Corviknight|97/100 tox
|-hint|If a Terastallized Pokemon uses Roost, it remains Flying-type.
|cant|p1a: Ting-Lu|slp
|move|p1a: Ting-Lu|Sleep Talk|p1a: Ting-Lu
|move|p1a: Ting-Lu|Rest||[from] move: Sleep Talk|[still]
|-fail|p1a: Ting-Lu
|
|-heal|p2a: Corviknight|100/100 tox|[from] item: Leftovers
|-damage|p2a: Corviknight|69/100 tox|[from] psn
|upkeep
|turn|25
|
|t:|1758343047
|move|p2a: Corviknight|Bulk Up|p2a: Corviknight
|-boost|p2a: Corviknight|atk|1
|-boost|p2a: Corviknight|def|1
|cant|p1a: Ting-Lu|slp
|move|p1a: Ting-Lu|Sleep Talk|p1a: Ting-Lu
|move|p1a: Ting-Lu|Rest||[from] move: Sleep Talk|[still]
|-fail|p1a: Ting-Lu
|
|-heal|p2a: Corviknight|76/100 tox|[from] item: Leftovers
|-damage|p2a: Corviknight|38/100 tox|[from] psn
|upkeep
|turn|26
|
|t:|1758343052
|move|p2a: Corviknight|Power Trip|p1a: Ting-Lu
|-resisted|p1a: Ting-Lu
|-damage|p1a: Ting-Lu|47/100 slp
|-curestatus|p1a: Ting-Lu|slp|[msg]
|move|p1a: Ting-Lu|Payback|p2a: Corviknight
|-damage|p2a: Corviknight|29/100 tox
|
|-heal|p2a: Corviknight|35/100 tox|[from] item: Leftovers
|-heal|p1a: Ting-Lu|53/100|[from] item: Leftovers
|-damage|p2a: Corviknight|0 fnt|[from] psn
|faint|p2a: Corviknight
|upkeep
|
|t:|1758343061
|switch|p2a: Kingambit|Kingambit, F|94/100 brn
|-activate|p2a: Kingambit|ability: Supreme Overlord
|-start|p2a: Kingambit|fallen3|[silent]
|turn|27
|
|t:|1758343065
|move|p2a: Kingambit|Iron Head|p1a: Ting-Lu
|-damage|p1a: Ting-Lu|37/100
|move|p1a: Ting-Lu|Earthquake|p2a: Kingambit
|-supereffective|p2a: Kingambit
|-damage|p2a: Kingambit|36/100 brn
|
|-heal|p2a: Kingambit|42/100 brn|[from] item: Leftovers
|-heal|p1a: Ting-Lu|44/100|[from] item: Leftovers
|-damage|p2a: Kingambit|36/100 brn|[from] brn
|upkeep
|turn|28
|
|t:|1758343072
|move|p2a: Kingambit|Sucker Punch||[still]
|-fail|p2a: Kingambit
|move|p1a: Ting-Lu|Rest|p1a: Ting-Lu
|-status|p1a: Ting-Lu|slp|[from] move: Rest
|-heal|p1a: Ting-Lu|100/100 slp|[silent]
|
|-heal|p2a: Kingambit|42/100 brn|[from] item: Leftovers
|-damage|p2a: Kingambit|36/100 brn|[from] brn
|upkeep
|turn|29
|
|t:|1758343080
|-end|p2a: Kingambit|fallen3|[silent]
|switch|p2a: Gholdengo|Gholdengo|100/100
|cant|p1a: Ting-Lu|slp
|move|p1a: Ting-Lu|Sleep Talk|p1a: Ting-Lu
|move|p1a: Ting-Lu|Earthquake|p2a: Gholdengo|[from] move: Sleep Talk
|-supereffective|p2a: Gholdengo
|-damage|p2a: Gholdengo|15/100
|
|upkeep
|turn|30
|
|t:|1758343094
|move|p2a: Gholdengo|Trick|p1a: Ting-Lu
|-activate|p2a: Gholdengo|move: Trick|[of] p1a: Ting-Lu
|-item|p1a: Ting-Lu|Choice Scarf|[from] move: Trick
|-item|p2a: Gholdengo|Leftovers|[from] move: Trick
|cant|p1a: Ting-Lu|slp
|move|p1a: Ting-Lu|Sleep Talk|p1a: Ting-Lu
|move|p1a: Ting-Lu|Earthquake|p2a: Gholdengo|[from] move: Sleep Talk
|-supereffective|p2a: Gholdengo
|-damage|p2a: Gholdengo|0 fnt
|faint|p2a: Gholdengo
|
|upkeep
|
|t:|1758343103
|switch|p2a: Iron Valiant|Iron Valiant|100/100
|-status|p2a: Iron Valiant|psn
|-enditem|p2a: Iron Valiant|Booster Energy
|-activate|p2a: Iron Valiant|ability: Quark Drive|[fromitem]
|-start|p2a: Iron Valiant|quarkdrivespe
|turn|31
|
|t:|1758343106
|move|p2a: Iron Valiant|Swords Dance|p2a: Iron Valiant
|-boost|p2a: Iron Valiant|atk|2
|-curestatus|p1a: Ting-Lu|slp|[msg]
|move|p1a: Ting-Lu|Sleep Talk||[still]
|-fail|p1a: Ting-Lu
|
|-damage|p2a: Iron Valiant|88/100 psn|[from] psn
|upkeep
|turn|32
|
|t:|1758343110
|switch|p1a: Corviknight|Corviknight, F|6/100
|-ability|p1a: Corviknight|Pressure
|move|p2a: Iron Valiant|Spirit Break|p1a: Corviknight
|-resisted|p1a: Corviknight
|-damage|p1a: Corviknight|0 fnt
|-damage|p2a: Iron Valiant|71/100 psn|[from] item: Rocky Helmet|[of] p1a: Corviknight
|faint|p1a: Corviknight
|
|-damage|p2a: Iron Valiant|59/100 psn|[from] psn
|upkeep
|
|t:|1758343113
|switch|p1a: Ting-Lu|Ting-Lu|100/100
|-ability|p1a: Ting-Lu|Vessel of Ruin
|turn|33
|
|t:|1758343120
|-terastallize|p1a: Ting-Lu|Poison
|move|p2a: Iron Valiant|Drain Punch|p1a: Ting-Lu
|-resisted|p1a: Ting-Lu
|-damage|p1a: Ting-Lu|77/100
|-heal|p2a: Iron Valiant|80/100 psn|[from] drain|[of] p1a: Ting-Lu
|move|p1a: Ting-Lu|Earthquake|p2a: Iron Valiant
|-damage|p2a: Iron Valiant|30/100 psn
|
|-damage|p2a: Iron Valiant|17/100 psn|[from] psn
|upkeep
|turn|34
|
|t:|1758343135
|move|p2a: Iron Valiant|Spirit Break|p1a: Ting-Lu
|-resisted|p1a: Ting-Lu
|-damage|p1a: Ting-Lu|58/100
|-unboost|p1a: Ting-Lu|spa|1
|move|p1a: Ting-Lu|Earthquake|p2a: Iron Valiant
|-damage|p2a: Iron Valiant|0 fnt
|faint|p2a: Iron Valiant
|-end|p2a: Iron Valiant|Quark Drive|[silent]
|
|upkeep
|
|t:|1758343145
|switch|p2a: Kingambit|Kingambit, F|36/100 brn
|-activate|p2a: Kingambit|ability: Supreme Overlord
|-start|p2a: Kingambit|fallen5|[silent]
|turn|35
|
|t:|1758343147
|move|p2a: Kingambit|Sucker Punch|p1a: Ting-Lu
|-damage|p1a: Ting-Lu|41/100
|move|p1a: Ting-Lu|Earthquake|p2a: Kingambit
|-supereffective|p2a: Kingambit
|-damage|p2a: Kingambit|0 fnt
|faint|p2a: Kingambit
|-end|p2a: Kingambit|fallen5|[silent]
|
|win|Yourragez
|raw|Yourragez's rating: 1197 &rarr; <strong>1221</strong><br />(+24 for winning)
|raw|theyhate.mollik's rating: 1178 &rarr; <strong>1154</strong><br />(-24 for losing)
|l|☆Yourragez
|player|p1|
|l|☆theyhate.mollik
|player|p2|
