|j|☆swumpy mumpus
|j|☆BackOut2BackIn
|t:|1758345251
|gametype|singles
|player|p1|swumpy mumpus|170|1490
|player|p2|BackOut2BackIn|brock-gen2|1441
|gen|9
|tier|[Gen 9] OU
|rated|
|rule|HP Percentage Mod: HP is shown in percentages
|rule|Endless Battle Clause: Forcing endless battles is banned
|rule|Species Clause: Limit one of each Pokémon
|rule|OHKO Clause: OHKO moves are banned
|rule|Evasion Items Clause: Evasion items are banned
|rule|Evasion Moves Clause: Evasion moves are banned
|rule|Evasion Abilities Clause: Evasion abilities are banned
|rule|Sleep Moves Clause: Sleep-inducing moves are banned
|clearpoke
|poke|p1|Okidogi, M|
|poke|p1|Weezing-Galar, F|
|poke|p1|Ogerpon-Wellspring, F|
|poke|p1|Hatterene, F|
|poke|p1|Weavile, F|
|poke|p1|Hawlucha, M|
|poke|p2|Magnezone|
|poke|p2|Great Tusk|
|poke|p2|Maushold-Four|
|poke|p2|Samurott-Hisui, F|
|poke|p2|Raging Bolt|
|poke|p2|Deoxys-Speed|
|teampreview
|
|t:|1758345269
|teamsize|p1|6
|teamsize|p2|6
|start
|switch|p1a: Weavile|Weavile, F|100/100
|switch|p2a: Samurott|Samurott-Hisui, F|100/100
|-ability|p1a: Weavile|Pressure
|turn|1
|inactive|Battle timer is ON: inactive players will automatically lose when time's up. (requested by BackOut2BackIn)
|inactive|swumpy mumpus has 120 seconds left.
|
|t:|1758345344
|move|p1a: Weavile|Low Kick|p2a: Samurott
|-supereffective|p2a: Samurott
|-damage|p2a: Samurott|0 fnt
|faint|p2a: Samurott
|
|upkeep
|
|t:|1758345374
|switch|p2a: Magnezone|Magnezone|100/100
|turn|2
|
|t:|1758345379
|move|p1a: Weavile|Low Kick|p2a: Magnezone
|-supereffective|p2a: Magnezone
|-damage|p2a: Magnezone|1/100
|move|p2a: Magnezone|Flash Cannon|p1a: Weavile
|-supereffective|p1a: Weavile
|-damage|p1a: Weavile|0 fnt
|faint|p1a: Weavile
|
|upkeep
|
|t:|1758345397
|switch|p1a: Ogerpon|Ogerpon-Wellspring, F|100/100
|turn|3
|
|t:|1758345410
|switch|p2a: Raging Bolt|Raging Bolt|100/100
|-enditem|p2a: Raging Bolt|Booster Energy
|-activate|p2a: Raging Bolt|ability: Protosynthesis|[fromitem]
|-start|p2a: Raging Bolt|protosynthesisspa
|move|p1a: Ogerpon|Swords Dance|p1a: Ogerpon
|-boost|p1a: Ogerpon|atk|2
|
|upkeep
|turn|4
|
|t:|1758345422
|move|p1a: Ogerpon|Play Rough|p2a: Raging Bolt
|-supereffective|p2a: Raging Bolt
|-damage|p2a: Raging Bolt|0 fnt
|faint|p2a: Raging Bolt
|-end|p2a: Raging Bolt|Protosynthesis|[silent]
|
|upkeep
|
|t:|1758345428
|switch|p2a: Maushold|Maushold-Four|100/100
|turn|5
|
|t:|1758345435
|switch|p1a: Weezing|Weezing-Galar, F|100/100
|-fieldstart|move: Misty Terrain|[from] ability: Misty Surge|[of] p1a: Weezing
|move|p2a: Maushold|Population Bomb|p1a: Weezing
|-damage|p1a: Weezing|93/100
|-damage|p1a: Weezing|85/100
|-damage|p1a: Weezing|78/100
|-damage|p1a: Weezing|71/100
|-damage|p1a: Weezing|63/100
|-damage|p1a: Weezing|56/100
|-damage|p1a: Weezing|48/100
|-damage|p1a: Weezing|41/100
|-damage|p1a: Weezing|33/100
|-damage|p1a: Weezing|25/100
|-hitcount|p1a: Weezing|10
|
|upkeep
|turn|6
|
|t:|1758345461
|move|p2a: Maushold|Tidy Up|p2a: Maushold
|-boost|p2a: Maushold|atk|1
|-boost|p2a: Maushold|spe|1
|move|p1a: Weezing|Misty Explosion|p2a: Maushold
|-damage|p2a: Maushold|31/100
|faint|p1a: Weezing
|
|upkeep
|
|t:|1758345464
|switch|p1a: Hawlucha|Hawlucha, M|100/100
|-enditem|p1a: Hawlucha|Misty Seed
|-boost|p1a: Hawlucha|spd|1|[from] item: Misty Seed
|turn|7
|
|t:|1758345471
|move|p1a: Hawlucha|Acrobatics|p2a: Maushold
|-damage|p2a: Maushold|0 fnt
|faint|p2a: Maushold
|
|upkeep
|inactive|BackOut2BackIn has 120 seconds left.
|-message|BackOut2BackIn forfeited.
|
|win|swumpy mumpus
|raw|swumpy mumpus's rating: 1490 &rarr; <strong>1507</strong><br />(+17 for winning)
|raw|BackOut2BackIn's rating: 1441 &rarr; <strong>1424</strong><br />(-17 for losing)
|l|☆BackOut2BackIn
|player|p2|
|l|☆swumpy mumpus
|player|p1|
