|j|☆GR Tommy
|j|☆samlics
|t:|1758240115
|gametype|singles
|player|p1|GR Tommy|red-masters|1166
|player|p2|samlics|169|1098
|gen|9
|tier|[Gen 9] OU
|rated|
|rule|HP Percentage Mod: HP is shown in percentages
|rule|Endless Battle Clause: Forcing endless battles is banned
|rule|Species Clause: Limit one of each Pokémon
|rule|OHKO Clause: OHKO moves are banned
|rule|Evasion Items Clause: Evasion items are banned
|rule|Evasion Moves Clause: Evasion moves are banned
|rule|Evasion Abilities Clause: Evasion abilities are banned
|rule|Sleep Moves Clause: Sleep-inducing moves are banned
|clearpoke
|poke|p1|Primarina, M|
|poke|p1|Darkrai|
|poke|p1|Pecharunt|
|poke|p1|Gholdengo|
|poke|p1|Great Tusk|
|poke|p1|Polteageist-Antique|
|poke|p2|Mimikyu, F|
|poke|p2|Corviknight, F|
|poke|p2|Zamazenta-*|
|poke|p2|Hatterene, F|
|poke|p2|Revavroom, M|
|poke|p2|Phione|
|teampreview
|
|t:|1758240131
|teamsize|p1|6
|teamsize|p2|6
|start
|switch|p1a: Darkrai|Darkrai|100/100
|switch|p2a: Mimikyu|Mimikyu, F|100/100
|turn|1
|inactive|Battle timer is ON: inactive players will automatically lose when time's up. (requested by samlics)
|
|t:|1758240141
|move|p1a: Darkrai|Dark Pulse|p2a: Mimikyu
|-activate|p2a: Mimikyu|ability: Disguise
|-damage|p2a: Mimikyu|100/100
|detailschange|p2a: Mimikyu|Mimikyu-Busted, F
|-damage|p2a: Mimikyu|88/100|[from] pokemon: Mimikyu-Busted
|cant|p2a: Mimikyu|flinch
|
|upkeep
|turn|2
|
|t:|1758240150
|move|p1a: Darkrai|Dark Pulse|p2a: Mimikyu
|-damage|p2a: Mimikyu|11/100
|move|p2a: Mimikyu|Drain Punch|p1a: Darkrai
|-supereffective|p1a: Darkrai
|-damage|p1a: Darkrai|39/100
|-heal|p2a: Mimikyu|45/100|[from] drain|[of] p1a: Darkrai
|
|upkeep
|turn|3
|
|t:|1758240158
|move|p2a: Mimikyu|Shadow Sneak|p1a: Darkrai
|-resisted|p1a: Darkrai
|-damage|p1a: Darkrai|27/100
|move|p1a: Darkrai|Dark Pulse|p2a: Mimikyu
|-damage|p2a: Mimikyu|0 fnt
|faint|p2a: Mimikyu
|
|upkeep
|
|t:|1758240175
|switch|p2a: Zamazenta|Zamazenta|100/100
|-ability|p2a: Zamazenta|Dauntless Shield|boost
|-boost|p2a: Zamazenta|def|1
|turn|4
|
|t:|1758240184
|switch|p1a: Gholdengo|Gholdengo|100/100
|-item|p1a: Gholdengo|Air Balloon
|move|p2a: Zamazenta|Body Press|p1a: Gholdengo
|-immune|p1a: Gholdengo
|
|upkeep
|turn|5
|
|t:|1758240191
|move|p2a: Zamazenta|Crunch|p1a: Gholdengo
|-supereffective|p1a: Gholdengo
|-damage|p1a: Gholdengo|59/100
|-enditem|p1a: Gholdengo|Air Balloon
|move|p1a: Gholdengo|Nasty Plot|p1a: Gholdengo
|-boost|p1a: Gholdengo|spa|2
|
|upkeep
|turn|6
|
|t:|1758240198
|move|p2a: Zamazenta|Crunch|p1a: Gholdengo
|-supereffective|p1a: Gholdengo
|-damage|p1a: Gholdengo|17/100
|move|p1a: Gholdengo|Make It Rain|p2a: Zamazenta
|-damage|p2a: Zamazenta|1/100
|-unboost|p1a: Gholdengo|spa|1
|
|-heal|p2a: Zamazenta|7/100|[from] item: Leftovers
|upkeep
|turn|7
|
|t:|1758240206
|switch|p1a: Pecharunt|Pecharunt|100/100
|move|p2a: Zamazenta|Crunch|p1a: Pecharunt
|-supereffective|p1a: Pecharunt
|-damage|p1a: Pecharunt|73/100
|-damage|p2a: Zamazenta|0 fnt|[from] item: Rocky Helmet|[of] p1a: Pecharunt
|faint|p2a: Zamazenta
|
|upkeep
|
|t:|1758240223
|switch|p2a: Revavroom|Revavroom, M|100/100
|turn|8
|
|t:|1758240237
|switch|p1a: Gholdengo|Gholdengo|17/100
|move|p2a: Revavroom|Iron Head|p1a: Gholdengo
|-resisted|p1a: Gholdengo
|-damage|p1a: Gholdengo|4/100
|
|upkeep
|turn|9
|
|t:|1758240245
|move|p2a: Revavroom|Iron Head|p1a: Gholdengo
|-resisted|p1a: Gholdengo
|-damage|p1a: Gholdengo|0 fnt
|faint|p1a: Gholdengo
|
|upkeep
|inactive|GR Tommy has 120 seconds left.
|
|t:|1758240277
|switch|p1a: Great Tusk|Great Tusk|100/100
|turn|10
|
|t:|1758240286
|switch|p2a: Corviknight|Corviknight, F|100/100
|move|p1a: Great Tusk|Rapid Spin|p2a: Corviknight
|-resisted|p2a: Corviknight
|-damage|p2a: Corviknight|93/100
|-boost|p1a: Great Tusk|spe|1
|
|-heal|p2a: Corviknight|99/100|[from] item: Leftovers
|upkeep
|turn|11
|
|t:|1758240297
|-end|p1a: Great Tusk|Protosynthesis|[silent]
|switch|p1a: Pecharunt|Pecharunt|73/100
|move|p2a: Corviknight|Iron Defense|p2a: Corviknight
|-boost|p2a: Corviknight|def|2
|
|-heal|p2a: Corviknight|100/100|[from] item: Leftovers
|upkeep
|turn|12
|
|t:|1758240305
|move|p1a: Pecharunt|Shadow Ball|p2a: Corviknight
|-damage|p2a: Corviknight|74/100
|move|p2a: Corviknight|Iron Head|p1a: Pecharunt
|-damage|p1a: Pecharunt|59/100
|-damage|p2a: Corviknight|58/100|[from] item: Rocky Helmet|[of] p1a: Pecharunt
|
|-heal|p2a: Corviknight|64/100|[from] item: Leftovers
|upkeep
|turn|13
|
|t:|1758240321
|switch|p2a: Phione|Phione|100/100
|move|p1a: Pecharunt|Recover|p1a: Pecharunt
|-heal|p1a: Pecharunt|100/100
|
|upkeep
|turn|14
|
|t:|1758240349
|move|p1a: Pecharunt|Malignant Chain|p2a: Phione
|-damage|p2a: Phione|65/100
|move|p2a: Phione|Scald|p1a: Pecharunt
|-damage|p1a: Pecharunt|78/100
|
|-heal|p2a: Phione|71/100|[from] item: Leftovers
|upkeep
|turn|15
|
|t:|1758240361
|move|p1a: Pecharunt|Malignant Chain|p2a: Phione
|-damage|p2a: Phione|36/100
|move|p2a: Phione|Take Heart|p2a: Phione
|-boost|p2a: Phione|spa|1
|-boost|p2a: Phione|spd|1
|
|-heal|p2a: Phione|42/100|[from] item: Leftovers
|upkeep
|turn|16
|
|t:|1758240367
|move|p1a: Pecharunt|Malignant Chain|p2a: Phione
|-crit|p2a: Phione
|-damage|p2a: Phione|0 fnt
|faint|p2a: Phione
|
|upkeep
|
|t:|1758240376
|switch|p2a: Hatterene|Hatterene, F|100/100
|turn|17
|inactive|GR Tommy has 120 seconds left.
|
|t:|1758240420
|-terastallize|p2a: Hatterene|Psychic
|move|p1a: Pecharunt|Malignant Chain|p2a: Hatterene
|-damage|p2a: Hatterene|53/100
|move|p2a: Hatterene|Expanding Force|p1a: Pecharunt
|-supereffective|p1a: Pecharunt
|-damage|p1a: Pecharunt|0 fnt
|faint|p1a: Pecharunt
|
|upkeep
|
|t:|1758240429
|switch|p1a: Darkrai|Darkrai|27/100
|turn|18
|
|t:|1758240442
|move|p1a: Darkrai|Dark Pulse|p2a: Hatterene
|-supereffective|p2a: Hatterene
|-damage|p2a: Hatterene|0 fnt
|faint|p2a: Hatterene
|
|upkeep
|
|t:|1758240452
|switch|p2a: Corviknight|Corviknight, F|64/100
|turn|19
|
|t:|1758240463
|-terastallize|p1a: Darkrai|Dark
|move|p1a: Darkrai|Dark Pulse|p2a: Corviknight
|-damage|p2a: Corviknight|1/100
|move|p2a: Corviknight|Body Press|p1a: Darkrai
|-supereffective|p1a: Darkrai
|-damage|p1a: Darkrai|0 fnt
|faint|p1a: Darkrai
|
|-heal|p2a: Corviknight|7/100|[from] item: Leftovers
|upkeep
|
|t:|1758240472
|switch|p1a: Great Tusk|Great Tusk|100/100
|turn|20
|
|t:|1758240475
|move|p1a: Great Tusk|Rapid Spin|p2a: Corviknight
|-resisted|p2a: Corviknight
|-damage|p2a: Corviknight|1/100
|-boost|p1a: Great Tusk|spe|1
|move|p2a: Corviknight|Roost|p2a: Corviknight
|-heal|p2a: Corviknight|51/100
|-singleturn|p2a: Corviknight|move: Roost
|
|-heal|p2a: Corviknight|57/100|[from] item: Leftovers
|upkeep
|turn|21
|
|t:|1758240486
|move|p1a: Great Tusk|Close Combat|p2a: Corviknight
|-damage|p2a: Corviknight|9/100
|-unboost|p1a: Great Tusk|def|1
|-unboost|p1a: Great Tusk|spd|1
|move|p2a: Corviknight|Body Press|p1a: Great Tusk
|-damage|p1a: Great Tusk|76/100
|
|-heal|p2a: Corviknight|16/100|[from] item: Leftovers
|upkeep
|turn|22
|
|t:|1758240492
|move|p1a: Great Tusk|Close Combat|p2a: Corviknight
|-damage|p2a: Corviknight|0 fnt
|-unboost|p1a: Great Tusk|def|1
|-unboost|p1a: Great Tusk|spd|1
|faint|p2a: Corviknight
|
|upkeep
|
|t:|1758240496
|switch|p2a: Revavroom|Revavroom, M|100/100
|turn|23
|
|t:|1758240509
|move|p1a: Great Tusk|Close Combat|p2a: Revavroom
|-damage|p2a: Revavroom|40/100
|-unboost|p1a: Great Tusk|def|1
|-unboost|p1a: Great Tusk|spd|1
|move|p2a: Revavroom|Gunk Shot|p1a: Great Tusk
|-resisted|p1a: Great Tusk
|-damage|p1a: Great Tusk|33/100
|
|upkeep
|turn|24
|
|t:|1758240519
|move|p1a: Great Tusk|Close Combat|p2a: Revavroom
|-damage|p2a: Revavroom|0 fnt
|-unboost|p1a: Great Tusk|def|1
|-unboost|p1a: Great Tusk|spd|1
|faint|p2a: Revavroom
|
|win|GR Tommy
|raw|GR Tommy's rating: 1166 &rarr; <strong>1186</strong><br />(+20 for winning)
|raw|samlics's rating: 1098 &rarr; <strong>1078</strong><br />(-20 for losing)
|l|☆samlics
|player|p2|
|c|☆GR Tommy|gg
|l|☆GR Tommy
|player|p1|
