|j|☆isuck2025
|j|☆PkmnMstrBob
|t:|1758243868
|gametype|singles
|player|p1|isuck2025|102|
|player|p2|PkmnMstrBob|102|
|gen|9
|tier|[Gen 9] OU
|rule|HP Percentage Mod: HP is shown in percentages
|rule|Endless Battle Clause: Forcing endless battles is banned
|rule|Species Clause: Limit one of each Pokémon
|rule|OHKO Clause: OHKO moves are banned
|rule|Evasion Items Clause: Evasion items are banned
|rule|Evasion Moves Clause: Evasion moves are banned
|rule|Evasion Abilities Clause: Evasion abilities are banned
|rule|Sleep Moves Clause: Sleep-inducing moves are banned
|clearpoke
|poke|p1|Corviknight, M|
|poke|p1|Iron Boulder|
|poke|p1|Zapdos-Galar|
|poke|p1|Gardevoir, F|
|poke|p1|Mew|
|poke|p1|Entei|
|poke|p2|Kyurem|
|poke|p2|Gholdengo|
|poke|p2|Skarmory, M|
|poke|p2|Skeledirge, F|
|poke|p2|Meowscarada, M|
|poke|p2|Gastrodon, F|
|teampreview
|
|t:|1758243883
|teamsize|p1|6
|teamsize|p2|6
|start
|switch|p1a: Corviknight|Corviknight, M|100/100
|switch|p2a: Meowscarada|Meowscarada, M|100/100
|-ability|p1a: Corviknight|Pressure
|turn|1
|
|t:|1758243897
|move|p2a: Meowscarada|Knock Off|p1a: Corviknight
|-start|p2a: Meowscarada|typechange|Dark|[from] ability: Protean
|-damage|p1a: Corviknight|44/100
|-enditem|p1a: Corviknight|Focus Sash|[from] move: Knock Off|[of] p2a: Meowscarada
|move|p1a: Corviknight|Body Slam|p2a: Meowscarada
|-damage|p2a: Meowscarada|65/100
|
|upkeep
|turn|2
|j| Firmhold3
|j| N0t-Rm0n
|
|t:|1758243925
|switch|p1a: Gardevoir|Gardevoir, F|100/100
|move|p2a: Meowscarada|Knock Off|p1a: Gardevoir
|-damage|p1a: Gardevoir|11/100
|
|upkeep
|turn|3
|
|t:|1758243932
|switch|p2a: Gastrodon|Gastrodon, F|100/100
|move|p1a: Gardevoir|Draining Kiss|p2a: Gastrodon
|-damage|p2a: Gastrodon|83/100
|-heal|p1a: Gardevoir|31/100|[from] drain|[of] p2a: Gastrodon
|
|-heal|p2a: Gastrodon|89/100|[from] item: Leftovers
|upkeep
|turn|4
|
|t:|1758243948
|move|p1a: Gardevoir|Draining Kiss|p2a: Gastrodon
|-damage|p2a: Gastrodon|71/100
|-heal|p1a: Gardevoir|51/100|[from] drain|[of] p2a: Gastrodon
|move|p2a: Gastrodon|Chilling Water|p1a: Gardevoir
|-damage|p1a: Gardevoir|33/100
|-unboost|p1a: Gardevoir|atk|1
|
|-heal|p2a: Gastrodon|77/100|[from] item: Leftovers
|upkeep
|turn|5
|
|t:|1758243959
|move|p1a: Gardevoir|Body Slam|p2a: Gastrodon
|-damage|p2a: Gastrodon|67/100
|move|p2a: Gastrodon|Earth Power|p1a: Gardevoir
|-damage|p1a: Gardevoir|2/100
|
|-heal|p2a: Gastrodon|73/100|[from] item: Leftovers
|upkeep
|turn|6
|
|t:|1758243968
|move|p1a: Gardevoir|Draining Kiss|p2a: Gastrodon
|-damage|p2a: Gastrodon|56/100
|-heal|p1a: Gardevoir|21/100|[from] drain|[of] p2a: Gastrodon
|move|p2a: Gastrodon|Earth Power|p1a: Gardevoir
|-damage|p1a: Gardevoir|0 fnt
|faint|p1a: Gardevoir
|
|-heal|p2a: Gastrodon|62/100|[from] item: Leftovers
|upkeep
|
|t:|1758243980
|switch|p1a: Mew|Mew|100/100
|turn|7
|
|t:|1758243986
|move|p1a: Mew|Alluring Voice|p2a: Gastrodon
|-damage|p2a: Gastrodon|48/100
|move|p2a: Gastrodon|Recover|p2a: Gastrodon
|-heal|p2a: Gastrodon|98/100
|
|-heal|p2a: Gastrodon|100/100|[from] item: Leftovers
|upkeep
|turn|8
|
|t:|1758243999
|move|p1a: Mew|Aura Sphere|p2a: Gastrodon
|-damage|p2a: Gastrodon|85/100
|move|p2a: Gastrodon|Mirror Coat|p1a: Mew
|-damage|p1a: Mew|61/100
|
|-heal|p2a: Gastrodon|91/100|[from] item: Leftovers
|upkeep
|turn|9
|
|t:|1758244012
|-terastallize|p1a: Mew|Psychic
|move|p1a: Mew|Air Slash|p2a: Gastrodon
|-damage|p2a: Gastrodon|76/100
|move|p2a: Gastrodon|Chilling Water|p1a: Mew
|-damage|p1a: Mew|45/100
|-unboost|p1a: Mew|atk|1
|
|-heal|p2a: Gastrodon|82/100|[from] item: Leftovers
|upkeep
|turn|10
|
|t:|1758244029
|move|p1a: Mew|Alluring Voice|p2a: Gastrodon
|-damage|p2a: Gastrodon|68/100
|move|p2a: Gastrodon|Earth Power|p1a: Mew
|-damage|p1a: Mew|19/100
|
|-heal|p2a: Gastrodon|74/100|[from] item: Leftovers
|upkeep
|turn|11
|
|t:|1758244037
|move|p1a: Mew|Aura Sphere|p2a: Gastrodon
|-crit|p2a: Gastrodon
|-damage|p2a: Gastrodon|51/100
|move|p2a: Gastrodon|Earth Power|p1a: Mew
|-damage|p1a: Mew|0 fnt
|faint|p1a: Mew
|
|-heal|p2a: Gastrodon|57/100|[from] item: Leftovers
|upkeep
|
|t:|1758244047
|switch|p1a: Iron Boulder|Iron Boulder|100/100
|turn|12
|
|t:|1758244053
|move|p1a: Iron Boulder|Iron Head|p2a: Gastrodon
|-resisted|p2a: Gastrodon
|-damage|p2a: Gastrodon|42/100
|move|p2a: Gastrodon|Earth Power|p1a: Iron Boulder
|-supereffective|p1a: Iron Boulder
|-damage|p1a: Iron Boulder|48/100
|
|-heal|p2a: Gastrodon|48/100|[from] item: Leftovers
|upkeep
|turn|13
|
|t:|1758244063
|move|p1a: Iron Boulder|Earthquake|p2a: Gastrodon
|-damage|p2a: Gastrodon|12/100
|move|p2a: Gastrodon|Recover|p2a: Gastrodon
|-heal|p2a: Gastrodon|62/100
|
|-heal|p2a: Gastrodon|68/100|[from] item: Leftovers
|upkeep
|turn|14
|
|t:|1758244070
|move|p1a: Iron Boulder|Earthquake|p2a: Gastrodon
|-damage|p2a: Gastrodon|34/100
|move|p2a: Gastrodon|Earth Power|p1a: Iron Boulder
|-supereffective|p1a: Iron Boulder
|-damage|p1a: Iron Boulder|0 fnt
|faint|p1a: Iron Boulder
|-end|p1a: Iron Boulder|Quark Drive|[silent]
|
|-heal|p2a: Gastrodon|40/100|[from] item: Leftovers
|upkeep
|
|t:|1758244079
|switch|p1a: Zapdos|Zapdos-Galar|100/100
|turn|15
|
|t:|1758244086
|move|p1a: Zapdos|Brick Break|p2a: Gastrodon
|-damage|p2a: Gastrodon|0 fnt
|faint|p2a: Gastrodon
|
|upkeep
|
|t:|1758244100
|switch|p2a: Kyurem|Kyurem|100/100
|-ability|p2a: Kyurem|Pressure
|turn|16
|
|t:|1758244109
|switch|p1a: Entei|Entei|100/100
|-ability|p1a: Entei|Pressure
|move|p2a: Kyurem|Freeze-Dry|p1a: Entei
|-resisted|p1a: Entei
|-damage|p1a: Entei|80/100
|
|upkeep
|turn|17
|
|t:|1758244117
|switch|p2a: Skeledirge|Skeledirge, F|100/100
|move|p1a: Entei|Eruption|p2a: Skeledirge
|-resisted|p2a: Skeledirge
|-damage|p2a: Skeledirge|86/100
|
|-heal|p2a: Skeledirge|92/100|[from] item: Leftovers
|upkeep
|turn|18
|
|t:|1758244127
|move|p1a: Entei|Crunch|p2a: Skeledirge
|-supereffective|p2a: Skeledirge
|-damage|p2a: Skeledirge|54/100
|-unboost|p2a: Skeledirge|def|1
|move|p2a: Skeledirge|Torch Song|p1a: Entei
|-resisted|p1a: Entei
|-damage|p1a: Entei|63/100
|-boost|p2a: Skeledirge|spa|1
|
|-heal|p2a: Skeledirge|60/100|[from] item: Leftovers
|upkeep
|turn|19
|
|t:|1758244147
|-terastallize|p2a: Skeledirge|Fairy
|move|p1a: Entei|Double-Edge|p2a: Skeledirge
|-damage|p2a: Skeledirge|15/100
|-damage|p1a: Entei|47/100|[from] Recoil
|move|p2a: Skeledirge|Torch Song|p1a: Entei
|-resisted|p1a: Entei
|-damage|p1a: Entei|24/100
|-boost|p2a: Skeledirge|spa|1
|
|-heal|p2a: Skeledirge|21/100|[from] item: Leftovers
|upkeep
|turn|20
|
|t:|1758244159
|move|p1a: Entei|Crunch|p2a: Skeledirge
|-resisted|p2a: Skeledirge
|-damage|p2a: Skeledirge|5/100
|move|p2a: Skeledirge|Slack Off|p2a: Skeledirge
|-heal|p2a: Skeledirge|55/100
|
|-heal|p2a: Skeledirge|61/100|[from] item: Leftovers
|upkeep
|turn|21
|
|t:|1758244168
|move|p1a: Entei|Eruption|p2a: Skeledirge
|-crit|p2a: Skeledirge
|-damage|p2a: Skeledirge|49/100
|move|p2a: Skeledirge|Slack Off|p2a: Skeledirge
|-heal|p2a: Skeledirge|99/100
|
|-heal|p2a: Skeledirge|100/100|[from] item: Leftovers
|upkeep
|turn|22
|
|t:|1758244179
|switch|p1a: Zapdos|Zapdos-Galar|100/100
|move|p2a: Skeledirge|Torch Song|p1a: Zapdos
|-damage|p1a: Zapdos|26/100
|-boost|p2a: Skeledirge|spa|1
|
|upkeep
|turn|23
|
|t:|1758244187
|move|p1a: Zapdos|Ancient Power|p2a: Skeledirge
|-damage|p2a: Skeledirge|92/100
|move|p2a: Skeledirge|Torch Song|p1a: Zapdos
|-damage|p1a: Zapdos|0 fnt
|-boost|p2a: Skeledirge|spa|1
|faint|p1a: Zapdos
|
|-heal|p2a: Skeledirge|98/100|[from] item: Leftovers
|upkeep
|
|t:|1758244195
|switch|p1a: Corviknight|Corviknight, M|44/100
|-ability|p1a: Corviknight|Pressure
|turn|24
|
|t:|1758244210
|move|p2a: Skeledirge|Torch Song|p1a: Corviknight
|-supereffective|p1a: Corviknight
|-damage|p1a: Corviknight|0 fnt
|-boost|p2a: Skeledirge|spa|1
|faint|p1a: Corviknight
|
|-heal|p2a: Skeledirge|100/100|[from] item: Leftovers
|upkeep
|
|t:|1758244218
|switch|p1a: Entei|Entei|24/100
|-ability|p1a: Entei|Pressure
|turn|25
|
|t:|1758244223
|move|p1a: Entei|Eruption|p2a: Skeledirge
|-damage|p2a: Skeledirge|92/100
|move|p2a: Skeledirge|Hex|p1a: Entei
|-damage|p1a: Entei|0 fnt
|faint|p1a: Entei
|
|win|PkmnMstrBob
