|j|☆GermanDude5
|j|‽DiceyRice
|t:|1758231261
|gametype|singles
|player|p1|GermanDude5|170|1531
|player|p2|DiceyRice|hilda-wonderlauncher|1629
|gen|9
|tier|[Gen 9] OU
|rated|
|rule|HP Percentage Mod: HP is shown in percentages
|rule|Endless Battle Clause: Forcing endless battles is banned
|rule|Species Clause: Limit one of each Pokémon
|rule|OHKO Clause: OHKO moves are banned
|rule|Evasion Items Clause: Evasion items are banned
|rule|Evasion Moves Clause: Evasion moves are banned
|rule|Evasion Abilities Clause: Evasion abilities are banned
|rule|Sleep Moves Clause: Sleep-inducing moves are banned
|clearpoke
|poke|p1|Kommo-o, F|
|poke|p1|Alomomola, M|
|poke|p1|Cinderace, M|
|poke|p1|Rillaboom, M|
|poke|p1|Gholdengo|
|poke|p1|Ting-Lu|
|poke|p2|Ninetales, F|
|poke|p2|Typhlosion-Hisui, F|
|poke|p2|Venusaur, M|
|poke|p2|Walking Wake|
|poke|p2|Slither Wing|
|poke|p2|Great Tusk|
|teampreview
|
|t:|1758231288
|teamsize|p1|6
|teamsize|p2|6
|start
|switch|p1a: Kommo-o|Kommo-o, F|100/100
|switch|p2a: Ninetales|Ninetales, F|100/100
|-weather|SunnyDay|[from] ability: Drought|[of] p2a: Ninetales
|turn|1
|
|t:|1758231305
|move|p2a: Ninetales|Will-O-Wisp|p1a: Kommo-o
|-status|p1a: Kommo-o|brn
|move|p1a: Kommo-o|Stealth Rock|p2a: Ninetales
|-sidestart|p2: DiceyRice|move: Stealth Rock
|
|-weather|SunnyDay|[upkeep]
|-damage|p1a: Kommo-o|94/100 brn|[from] brn
|upkeep
|turn|2
|
|t:|1758231308
|move|p2a: Ninetales|Encore|p1a: Kommo-o
|-start|p1a: Kommo-o|Encore
|move|p1a: Kommo-o|Stealth Rock||[still]
|-fail|p1a: Kommo-o
|
|-weather|SunnyDay|[upkeep]
|-heal|p1a: Kommo-o|100/100 brn|[from] item: Leftovers
|-damage|p1a: Kommo-o|94/100 brn|[from] brn
|upkeep
|turn|3
|
|t:|1758231315
|switch|p2a: Walking Wake|Walking Wake|100/100
|-damage|p2a: Walking Wake|88/100|[from] Stealth Rock
|-activate|p2a: Walking Wake|ability: Protosynthesis
|-start|p2a: Walking Wake|protosynthesisspa
|switch|p1a: Alomomola|Alomomola, M|100/100
|
|-weather|SunnyDay|[upkeep]
|upkeep
|turn|4
|
|t:|1758231320
|move|p1a: Alomomola|Protect|p1a: Alomomola
|-singleturn|p1a: Alomomola|Protect
|move|p2a: Walking Wake|Draco Meteor|p1a: Alomomola
|-activate|p1a: Alomomola|move: Protect
|
|-weather|SunnyDay|[upkeep]
|upkeep
|turn|5
|
|t:|1758231328
|switch|p1a: Ting-Lu|Ting-Lu|100/100
|-ability|p1a: Ting-Lu|Vessel of Ruin
|move|p2a: Walking Wake|Draco Meteor|p1a: Ting-Lu
|-damage|p1a: Ting-Lu|47/100
|-unboost|p2a: Walking Wake|spa|2
|
|-weather|SunnyDay|[upkeep]
|-heal|p1a: Ting-Lu|54/100|[from] item: Leftovers
|upkeep
|turn|6
|
|t:|1758231336
|-end|p2a: Walking Wake|Protosynthesis|[silent]
|switch|p2a: Great Tusk|Great Tusk|100/100
|-damage|p2a: Great Tusk|98/100|[from] Stealth Rock
|-activate|p2a: Great Tusk|ability: Protosynthesis
|-start|p2a: Great Tusk|protosynthesisspe
|move|p1a: Ting-Lu|Spikes|p2a: Great Tusk
|-sidestart|p2: DiceyRice|Spikes
|
|-weather|SunnyDay|[upkeep]
|-heal|p1a: Ting-Lu|60/100|[from] item: Leftovers
|upkeep
|turn|7
|
|t:|1758231349
|move|p2a: Great Tusk|Ice Spinner|p1a: Ting-Lu
|-supereffective|p1a: Ting-Lu
|-damage|p1a: Ting-Lu|33/100
|move|p1a: Ting-Lu|Ruination|p2a: Great Tusk
|-damage|p2a: Great Tusk|49/100
|
|-weather|SunnyDay|[upkeep]
|-heal|p1a: Ting-Lu|39/100|[from] item: Leftovers
|upkeep
|turn|8
|
|t:|1758231354
|switch|p1a: Gholdengo|Gholdengo|100/100
|move|p2a: Great Tusk|Rapid Spin|p1a: Gholdengo
|-immune|p1a: Gholdengo
|
|-weather|none
|-end|p2a: Great Tusk|Protosynthesis
|upkeep
|turn|9
|
|t:|1758231391
|move|p1a: Gholdengo|Shadow Ball|p2a: Great Tusk
|-damage|p2a: Great Tusk|0 fnt
|faint|p2a: Great Tusk
|-end|p2a: Great Tusk|Protosynthesis|[silent]
|
|upkeep
|
|t:|1758231397
|switch|p2a: Ninetales|Ninetales, F|100/100
|-damage|p2a: Ninetales|76/100|[from] Stealth Rock
|-damage|p2a: Ninetales|63/100|[from] Spikes
|-weather|SunnyDay|[from] ability: Drought|[of] p2a: Ninetales
|turn|10
|
|t:|1758231402
|move|p1a: Gholdengo|Shadow Ball|p2a: Ninetales
|-damage|p2a: Ninetales|24/100
|move|p2a: Ninetales|Weather Ball|p1a: Gholdengo
|-supereffective|p1a: Gholdengo
|-damage|p1a: Gholdengo|0 fnt
|faint|p1a: Gholdengo
|
|-weather|SunnyDay|[upkeep]
|upkeep
|
|t:|1758231412
|switch|p1a: Rillaboom|Rillaboom, M|100/100
|-fieldstart|move: Grassy Terrain|[from] ability: Grassy Surge|[of] p1a: Rillaboom
|turn|11
|
|t:|1758231415
|move|p1a: Rillaboom|Grassy Glide|p2a: Ninetales
|-resisted|p2a: Ninetales
|-damage|p2a: Ninetales|0 fnt
|faint|p2a: Ninetales
|
|-weather|SunnyDay|[upkeep]
|upkeep
|
|t:|1758231417
|switch|p2a: Venusaur|Venusaur, M|100/100
|-damage|p2a: Venusaur|88/100|[from] Stealth Rock
|-damage|p2a: Venusaur|76/100|[from] Spikes
|turn|12
|
|t:|1758231424
|switch|p1a: Alomomola|Alomomola, M|100/100
|move|p2a: Venusaur|Growth|p2a: Venusaur
|-boost|p2a: Venusaur|atk|2
|-boost|p2a: Venusaur|spa|2
|
|-weather|SunnyDay|[upkeep]
|-heal|p2a: Venusaur|82/100|[from] Grassy Terrain
|upkeep
|turn|13
|
|t:|1758231430
|move|p1a: Alomomola|Protect|p1a: Alomomola
|-singleturn|p1a: Alomomola|Protect
|move|p2a: Venusaur|Growth|p2a: Venusaur
|-boost|p2a: Venusaur|atk|2
|-boost|p2a: Venusaur|spa|2
|
|-weather|SunnyDay|[upkeep]
|-heal|p2a: Venusaur|88/100|[from] Grassy Terrain
|upkeep
|turn|14
|
|t:|1758231437
|switch|p1a: Ting-Lu|Ting-Lu|39/100
|-ability|p1a: Ting-Lu|Vessel of Ruin
|move|p2a: Venusaur|Giga Drain|p1a: Ting-Lu
|-supereffective|p1a: Ting-Lu
|-damage|p1a: Ting-Lu|0 fnt
|-heal|p2a: Venusaur|100/100|[from] drain|[of] p1a: Ting-Lu
|faint|p1a: Ting-Lu
|-damage|p2a: Venusaur|91/100|[from] item: Life Orb
|
|-weather|SunnyDay|[upkeep]
|-heal|p2a: Venusaur|97/100|[from] Grassy Terrain
|upkeep
|
|t:|1758231448
|switch|p1a: Kommo-o|Kommo-o, F|94/100 brn
|turn|15
|
|t:|1758231454
|move|p2a: Venusaur|Giga Drain|p1a: Kommo-o
|-resisted|p1a: Kommo-o
|-damage|p1a: Kommo-o|12/100 brn
|-heal|p2a: Venusaur|100/100|[from] drain|[of] p1a: Kommo-o
|-damage|p2a: Venusaur|91/100|[from] item: Life Orb
|move|p1a: Kommo-o|Dragon Tail|p2a: Venusaur
|-damage|p2a: Venusaur|77/100
|drag|p2a: Slither Wing|Slither Wing|100/100
|-damage|p2a: Slither Wing|88/100|[from] Stealth Rock
|-damage|p2a: Slither Wing|76/100|[from] Spikes
|-activate|p2a: Slither Wing|ability: Protosynthesis
|-start|p2a: Slither Wing|protosynthesisatk
|
|-weather|SunnyDay|[upkeep]
|-heal|p2a: Slither Wing|82/100|[from] Grassy Terrain
|-heal|p1a: Kommo-o|18/100 brn|[from] Grassy Terrain
|-heal|p1a: Kommo-o|25/100 brn|[from] item: Leftovers
|-damage|p1a: Kommo-o|18/100 brn|[from] brn
|-fieldend|move: Grassy Terrain
|upkeep
|turn|16
|
|t:|1758231460
|move|p2a: Slither Wing|First Impression|p1a: Kommo-o
|-resisted|p1a: Kommo-o
|-damage|p1a: Kommo-o|0 fnt
|faint|p1a: Kommo-o
|
|-weather|SunnyDay|[upkeep]
|upkeep
|
|t:|1758231469
|switch|p1a: Cinderace|Cinderace, M|100/100
|turn|17
|
|t:|1758231475
|-end|p2a: Slither Wing|Protosynthesis|[silent]
|switch|p2a: Walking Wake|Walking Wake|88/100
|-damage|p2a: Walking Wake|76/100|[from] Stealth Rock
|-damage|p2a: Walking Wake|63/100|[from] Spikes
|-activate|p2a: Walking Wake|ability: Protosynthesis
|-start|p2a: Walking Wake|protosynthesisspa
|move|p1a: Cinderace|U-turn|p2a: Walking Wake
|-start|p1a: Cinderace|typechange|Bug|[from] ability: Libero
|-crit|p2a: Walking Wake
|-damage|p2a: Walking Wake|6/100
|
|t:|1758231483
|switch|p1a: Rillaboom|Rillaboom, M|100/100|[from] U-turn
|-fieldstart|move: Grassy Terrain|[from] ability: Grassy Surge|[of] p1a: Rillaboom
|
|-weather|none
|-end|p2a: Walking Wake|Protosynthesis
|-heal|p2a: Walking Wake|12/100|[from] Grassy Terrain
|upkeep
|turn|18
|
|t:|1758231486
|move|p1a: Rillaboom|Grassy Glide|p2a: Walking Wake
|-damage|p2a: Walking Wake|0 fnt
|faint|p2a: Walking Wake
|-end|p2a: Walking Wake|Protosynthesis|[silent]
|
|upkeep
|
|t:|1758231489
|switch|p2a: Venusaur|Venusaur, M|77/100
|-damage|p2a: Venusaur|64/100|[from] Stealth Rock
|-damage|p2a: Venusaur|52/100|[from] Spikes
|turn|19
|
|t:|1758231496
|switch|p1a: Cinderace|Cinderace, M|100/100
|move|p2a: Venusaur|Sludge Bomb|p1a: Cinderace
|-damage|p1a: Cinderace|25/100
|-status|p1a: Cinderace|psn
|-damage|p2a: Venusaur|42/100|[from] item: Life Orb
|
|-heal|p1a: Cinderace|31/100 psn|[from] Grassy Terrain
|-heal|p2a: Venusaur|48/100|[from] Grassy Terrain
|-damage|p1a: Cinderace|19/100 psn|[from] psn
|upkeep
|turn|20
|
|t:|1758231505
|switch|p2a: Typhlosion|Typhlosion-Hisui, F|100/100
|-damage|p2a: Typhlosion|76/100|[from] Stealth Rock
|-damage|p2a: Typhlosion|64/100|[from] Spikes
|move|p1a: Cinderace|Pyro Ball|p2a: Typhlosion|[miss]
|-miss|p1a: Cinderace|p2a: Typhlosion
|
|-heal|p2a: Typhlosion|69/100|[from] Grassy Terrain
|-heal|p1a: Cinderace|25/100 psn|[from] Grassy Terrain
|-damage|p1a: Cinderace|12/100 psn|[from] psn
|upkeep
|turn|21
|
|t:|1758231513
|move|p1a: Cinderace|Sucker Punch|p2a: Typhlosion
|-start|p1a: Cinderace|typechange|Dark|[from] ability: Libero
|-supereffective|p2a: Typhlosion
|-damage|p2a: Typhlosion|0 fnt
|faint|p2a: Typhlosion
|
|-heal|p1a: Cinderace|18/100 psn|[from] Grassy Terrain
|-damage|p1a: Cinderace|6/100 psn|[from] psn
|-fieldend|move: Grassy Terrain
|upkeep
|
|t:|1758231515
|switch|p2a: Slither Wing|Slither Wing|82/100
|-damage|p2a: Slither Wing|70/100|[from] Stealth Rock
|-damage|p2a: Slither Wing|58/100|[from] Spikes
|turn|22
|
|t:|1758231519
|switch|p1a: Alomomola|Alomomola, M|100/100
|move|p2a: Slither Wing|First Impression|p1a: Alomomola
|-damage|p1a: Alomomola|69/100
|
|upkeep
|turn|23
|
|t:|1758231523
|move|p2a: Slither Wing|Earthquake|p1a: Alomomola
|-damage|p1a: Alomomola|46/100
|move|p1a: Alomomola|Flip Turn|p2a: Slither Wing
|-damage|p2a: Slither Wing|37/100
|
|t:|1758231535
|switch|p1a: Rillaboom|Rillaboom, M|100/100|[from] Flip Turn
|-fieldstart|move: Grassy Terrain|[from] ability: Grassy Surge|[of] p1a: Rillaboom
|
|-heal|p2a: Slither Wing|43/100|[from] Grassy Terrain
|upkeep
|turn|24
|
|t:|1758231540
|move|p1a: Rillaboom|Knock Off|p2a: Slither Wing
|-resisted|p2a: Slither Wing
|-damage|p2a: Slither Wing|9/100
|-enditem|p2a: Slither Wing|Assault Vest|[from] move: Knock Off|[of] p1a: Rillaboom
|move|p2a: Slither Wing|Close Combat|p1a: Rillaboom
|-damage|p1a: Rillaboom|25/100
|-unboost|p2a: Slither Wing|def|1
|-unboost|p2a: Slither Wing|spd|1
|
|-heal|p1a: Rillaboom|31/100|[from] Grassy Terrain
|-heal|p2a: Slither Wing|15/100|[from] Grassy Terrain
|upkeep
|turn|25
|
|t:|1758231546
|move|p1a: Rillaboom|Knock Off|p2a: Slither Wing
|-resisted|p2a: Slither Wing
|-damage|p2a: Slither Wing|0 fnt
|faint|p2a: Slither Wing
|-end|p2a: Slither Wing|Protosynthesis|[silent]
|
|-heal|p1a: Rillaboom|37/100|[from] Grassy Terrain
|upkeep
|
|t:|1758231548
|switch|p2a: Venusaur|Venusaur, M|48/100
|-damage|p2a: Venusaur|36/100|[from] Stealth Rock
|-damage|p2a: Venusaur|23/100|[from] Spikes
|turn|26
|
|t:|1758231550
|move|p2a: Venusaur|Giga Drain|p1a: Rillaboom
|-resisted|p1a: Rillaboom
|-damage|p1a: Rillaboom|0 fnt
|-heal|p2a: Venusaur|44/100|[from] drain|[of] p1a: Rillaboom
|faint|p1a: Rillaboom
|-damage|p2a: Venusaur|34/100|[from] item: Life Orb
|
|-heal|p2a: Venusaur|40/100|[from] Grassy Terrain
|upkeep
|
|t:|1758231590
|switch|p1a: Cinderace|Cinderace, M|6/100 psn
|turn|27
|
|t:|1758231598
|-terastallize|p2a: Venusaur|Fire
|move|p1a: Cinderace|Sucker Punch||[still]
|-fail|p1a: Cinderace
|move|p2a: Venusaur|Growth|p2a: Venusaur
|-boost|p2a: Venusaur|atk|1
|-boost|p2a: Venusaur|spa|1
|
|-heal|p1a: Cinderace|12/100 psn|[from] Grassy Terrain
|-heal|p2a: Venusaur|46/100|[from] Grassy Terrain
|-damage|p1a: Cinderace|0 fnt|[from] psn
|faint|p1a: Cinderace
|-fieldend|move: Grassy Terrain
|upkeep
|
|t:|1758231602
|switch|p1a: Alomomola|Alomomola, M|79/100
|turn|28
|
|t:|1758231633
|-terastallize|p1a: Alomomola|Ghost
|move|p2a: Venusaur|Giga Drain|p1a: Alomomola
|-damage|p1a: Alomomola|24/100
|-heal|p2a: Venusaur|90/100|[from] drain|[of] p1a: Alomomola
|-damage|p2a: Venusaur|80/100|[from] item: Life Orb
|move|p1a: Alomomola|Flip Turn|p2a: Venusaur
|-supereffective|p2a: Venusaur
|-damage|p2a: Venusaur|36/100
|
|upkeep
|turn|29
|
|t:|1758231639
|move|p2a: Venusaur|Giga Drain|p1a: Alomomola
|-damage|p1a: Alomomola|0 fnt
|-heal|p2a: Venusaur|54/100|[from] drain|[of] p1a: Alomomola
|faint|p1a: Alomomola
|-damage|p2a: Venusaur|44/100|[from] item: Life Orb
|
|win|DiceyRice
|raw|GermanDude5's rating: 1531 &rarr; <strong>1516</strong><br />(-15 for losing)
|raw|DiceyRice's rating: 1629 &rarr; <strong>1644</strong><br />(+15 for winning)
|l|☆GermanDude5
|player|p1|
|l|‽DiceyRice
|player|p2|
