|j|☆RobinMuisterr
|j|‽Houuney
|t:|1758287245
|gametype|singles
|player|p1|RobinMuisterr|266|1075
|player|p2|Houuney|dawn-gen4pt|1059
|gen|9
|tier|[Gen 9] OU
|rated|
|rule|HP Percentage Mod: HP is shown in percentages
|rule|Endless Battle Clause: Forcing endless battles is banned
|rule|Species Clause: Limit one of each Pokémon
|rule|OHKO Clause: OHKO moves are banned
|rule|Evasion Items Clause: Evasion items are banned
|rule|Evasion Moves Clause: Evasion moves are banned
|rule|Evasion Abilities Clause: Evasion abilities are banned
|rule|Sleep Moves Clause: Sleep-inducing moves are banned
|clearpoke
|poke|p1|Lilligant-Hisui, F|
|poke|p1|Torkoal, F|
|poke|p1|Walking Wake|
|poke|p1|Great Tusk|
|poke|p1|Kingambit, F|
|poke|p1|Gliscor, F|
|poke|p2|Glimmora, F|
|poke|p2|Falinks|
|poke|p2|Darkrai|
|poke|p2|Gholdengo|
|poke|p2|Iron Crown|
|poke|p2|Kyurem|
|teampreview
|
|t:|1758287258
|teamsize|p1|6
|teamsize|p2|6
|start
|switch|p1a: Torkoal|Torkoal, F|100/100
|switch|p2a: Glimmora|Glimmora, F|100/100
|-weather|SunnyDay|[from] ability: Drought|[of] p1a: Torkoal
|turn|1
|
|t:|1758287267
|move|p2a: Glimmora|Stealth Rock|p1a: Torkoal
|-sidestart|p1: RobinMuisterr|move: Stealth Rock
|move|p1a: Torkoal|Will-O-Wisp|p2a: Glimmora
|-status|p2a: Glimmora|brn
|
|-weather|SunnyDay|[upkeep]
|-damage|p2a: Glimmora|94/100 brn|[from] brn
|upkeep
|turn|2
|
|t:|1758287278
|move|p2a: Glimmora|Power Gem|p1a: Torkoal
|-supereffective|p1a: Torkoal
|-damage|p1a: Torkoal|20/100
|move|p1a: Torkoal|Solar Beam||[still]
|-prepare|p1a: Torkoal|Solar Beam
|-anim|p1a: Torkoal|Solar Beam|p2a: Glimmora
|-damage|p2a: Glimmora|64/100 brn
|
|-weather|SunnyDay|[upkeep]
|-damage|p2a: Glimmora|58/100 brn|[from] brn
|upkeep
|turn|3
|
|t:|1758287293
|move|p2a: Glimmora|Spikes|p1a: Torkoal
|-sidestart|p1: RobinMuisterr|Spikes
|move|p1a: Torkoal|Solar Beam||[still]
|-prepare|p1a: Torkoal|Solar Beam
|-anim|p1a: Torkoal|Solar Beam|p2a: Glimmora
|-damage|p2a: Glimmora|26/100 brn
|
|-weather|SunnyDay|[upkeep]
|-damage|p2a: Glimmora|20/100 brn|[from] brn
|upkeep
|turn|4
|
|t:|1758287301
|move|p2a: Glimmora|Power Gem|p1a: Torkoal
|-supereffective|p1a: Torkoal
|-damage|p1a: Torkoal|0 fnt
|faint|p1a: Torkoal
|
|-weather|SunnyDay|[upkeep]
|-damage|p2a: Glimmora|14/100 brn|[from] brn
|upkeep
|
|t:|1758287304
|switch|p1a: Great Tusk|Great Tusk|100/100
|-activate|p1a: Great Tusk|ability: Protosynthesis
|-start|p1a: Great Tusk|protosynthesisatk
|turn|5
|
|t:|1758287310
|switch|p2a: Gholdengo|Gholdengo|100/100
|move|p1a: Great Tusk|Rapid Spin|p2a: Gholdengo
|-immune|p2a: Gholdengo
|
|-weather|SunnyDay|[upkeep]
|upkeep
|turn|6
|
|t:|1758287318
|move|p1a: Great Tusk|Headlong Rush|p2a: Gholdengo
|-supereffective|p2a: Gholdengo
|-damage|p2a: Gholdengo|0 fnt
|-unboost|p1a: Great Tusk|def|1
|-unboost|p1a: Great Tusk|spd|1
|faint|p2a: Gholdengo
|
|-weather|SunnyDay|[upkeep]
|upkeep
|inactive|Battle timer is ON: inactive players will automatically lose when time's up. (requested by RobinMuisterr)
|
|t:|1758287335
|switch|p2a: Falinks|Falinks|100/100
|turn|7
|
|t:|1758287346
|move|p1a: Great Tusk|Rapid Spin|p2a: Falinks
|-damage|p2a: Falinks|79/100
|-boost|p1a: Great Tusk|spe|1
|-sideend|p1: RobinMuisterr|Spikes|[from] move: Rapid Spin|[of] p1a: Great Tusk
|-sideend|p1: RobinMuisterr|Stealth Rock|[from] move: Rapid Spin|[of] p1a: Great Tusk
|move|p2a: Falinks|No Retreat|p2a: Falinks
|-boost|p2a: Falinks|atk|1
|-boost|p2a: Falinks|def|1
|-boost|p2a: Falinks|spa|1
|-boost|p2a: Falinks|spd|1
|-boost|p2a: Falinks|spe|1
|-start|p2a: Falinks|move: No Retreat
|
|-weather|SunnyDay|[upkeep]
|-heal|p2a: Falinks|85/100|[from] item: Leftovers
|upkeep
|turn|8
|
|t:|1758287356
|move|p1a: Great Tusk|Headlong Rush|p2a: Falinks
|-damage|p2a: Falinks|27/100
|-unboost|p1a: Great Tusk|def|1
|-unboost|p1a: Great Tusk|spd|1
|move|p2a: Falinks|No Retreat||[still]
|-fail|p2a: Falinks
|
|-weather|none
|-end|p1a: Great Tusk|Protosynthesis
|-heal|p2a: Falinks|33/100|[from] item: Leftovers
|upkeep
|turn|9
|
|t:|1758287374
|move|p2a: Falinks|First Impression||[still]
|-hint|First Impression only works on your first turn out.
|-fail|p2a: Falinks
|move|p1a: Great Tusk|Headlong Rush|p2a: Falinks
|-crit|p2a: Falinks
|-damage|p2a: Falinks|0 fnt
|-unboost|p1a: Great Tusk|def|1
|-unboost|p1a: Great Tusk|spd|1
|faint|p2a: Falinks
|
|upkeep
|
|t:|1758287377
|switch|p2a: Glimmora|Glimmora, F|14/100 brn
|turn|10
|
|t:|1758287389
|move|p1a: Great Tusk|Rapid Spin|p2a: Glimmora
|-resisted|p2a: Glimmora
|-damage|p2a: Glimmora|3/100 brn
|-boost|p1a: Great Tusk|spe|1
|-activate|p2a: Glimmora|ability: Toxic Debris
|-sidestart|p1: RobinMuisterr|move: Toxic Spikes
|-sideend|p1: RobinMuisterr|Toxic Spikes|[from] move: Rapid Spin|[of] p1a: Great Tusk
|move|p2a: Glimmora|Stealth Rock|p1a: Great Tusk
|-sidestart|p1: RobinMuisterr|move: Stealth Rock
|
|-damage|p2a: Glimmora|0 fnt|[from] brn
|faint|p2a: Glimmora
|upkeep
|
|t:|1758287393
|switch|p2a: Iron Crown|Iron Crown|100/100
|-enditem|p2a: Iron Crown|Booster Energy
|-activate|p2a: Iron Crown|ability: Quark Drive|[fromitem]
|-start|p2a: Iron Crown|quarkdrivespe
|turn|11
|
|t:|1758287403
|move|p1a: Great Tusk|Rapid Spin|p2a: Iron Crown
|-resisted|p2a: Iron Crown
|-damage|p2a: Iron Crown|91/100
|-boost|p1a: Great Tusk|spe|1
|-sideend|p1: RobinMuisterr|Stealth Rock|[from] move: Rapid Spin|[of] p1a: Great Tusk
|move|p2a: Iron Crown|Calm Mind|p2a: Iron Crown
|-boost|p2a: Iron Crown|spa|1
|-boost|p2a: Iron Crown|spd|1
|
|upkeep
|turn|12
|
|t:|1758287411
|move|p1a: Great Tusk|Headlong Rush|p2a: Iron Crown
|-supereffective|p2a: Iron Crown
|-damage|p2a: Iron Crown|0 fnt
|-unboost|p1a: Great Tusk|def|1
|-unboost|p1a: Great Tusk|spd|1
|faint|p2a: Iron Crown
|-end|p2a: Iron Crown|Quark Drive|[silent]
|
|upkeep
|
|t:|1758287415
|switch|p2a: Kyurem|Kyurem|100/100
|-ability|p2a: Kyurem|Pressure
|turn|13
|
|t:|1758287421
|move|p1a: Great Tusk|Headlong Rush|p2a: Kyurem
|-damage|p2a: Kyurem|41/100
|-unboost|p1a: Great Tusk|def|1
|-unboost|p1a: Great Tusk|spd|1
|move|p2a: Kyurem|Icicle Spear|p1a: Great Tusk
|-supereffective|p1a: Great Tusk
|-damage|p1a: Great Tusk|27/100
|-supereffective|p1a: Great Tusk
|-damage|p1a: Great Tusk|0 fnt
|faint|p1a: Great Tusk
|-end|p1a: Great Tusk|Protosynthesis|[silent]
|-hitcount|p1: Great Tusk|2
|
|upkeep
|-message|Houuney forfeited.
|
|win|RobinMuisterr
|raw|RobinMuisterr's rating: 1075 &rarr; <strong>1102</strong><br />(+27 for winning)
|raw|Houuney's rating: 1059 &rarr; <strong>1041</strong><br />(-18 for losing)
|l|‽Houuney
|player|p2|
|l|☆RobinMuisterr
|player|p1|
