|j|☆Oscarvtec
|j|☆Nameless Moron
|t:|1758297504
|gametype|singles
|player|p1|Oscarvtec|n|1150
|player|p2|Nameless Moron|unknown|1169
|gen|9
|tier|[Gen 9] OU
|rated|
|rule|HP Percentage Mod: HP is shown in percentages
|rule|Endless Battle Clause: Forcing endless battles is banned
|rule|Species Clause: Limit one of each Pokémon
|rule|OHKO Clause: OHKO moves are banned
|rule|Evasion Items Clause: Evasion items are banned
|rule|Evasion Moves Clause: Evasion moves are banned
|rule|Evasion Abilities Clause: Evasion abilities are banned
|rule|Sleep Moves Clause: Sleep-inducing moves are banned
|clearpoke
|poke|p1|Torkoal, M|
|poke|p1|Chandelure, F|
|poke|p1|Walking Wake|
|poke|p1|Zamazenta-*|
|poke|p1|Lilligant-Hisui, F|
|poke|p1|Raging Bolt|
|poke|p2|Slowking-Galar, M|
|poke|p2|Zamazenta-*|
|poke|p2|Kyurem|
|poke|p2|Cinderace, M|
|poke|p2|Enamorus, F|
|poke|p2|Great Tusk|
|teampreview
|inactive|Battle timer is ON: inactive players will automatically lose when time's up. (requested by Nameless Moron)
|
|t:|1758297515
|teamsize|p1|6
|teamsize|p2|6
|start
|switch|p1a: Torkoal|Torkoal, M|100/100
|switch|p2a: Great Tusk|Great Tusk|100/100
|-weather|SunnyDay|[from] ability: Drought|[of] p1a: Torkoal
|-activate|p2a: Great Tusk|ability: Protosynthesis
|-start|p2a: Great Tusk|protosynthesisatk
|turn|1
|
|t:|1758297531
|-terastallize|p1a: Torkoal|Flying
|move|p2a: Great Tusk|Stealth Rock|p1a: Torkoal
|-sidestart|p1: Oscarvtec|move: Stealth Rock
|move|p1a: Torkoal|Stealth Rock|p2a: Great Tusk
|-sidestart|p2: Nameless Moron|move: Stealth Rock
|
|-weather|SunnyDay|[upkeep]
|upkeep
|turn|2
|
|t:|1758297542
|move|p2a: Great Tusk|Ice Spinner|p1a: Torkoal
|-supereffective|p1a: Torkoal
|-damage|p1a: Torkoal|57/100
|move|p1a: Torkoal|Rapid Spin|p2a: Great Tusk
|-damage|p2a: Great Tusk|93/100
|-boost|p1a: Torkoal|spe|1
|-sideend|p1: Oscarvtec|Stealth Rock|[from] move: Rapid Spin|[of] p1a: Torkoal
|
|-weather|SunnyDay|[upkeep]
|-heal|p2a: Great Tusk|99/100|[from] item: Leftovers
|upkeep
|turn|3
|
|t:|1758297555
|move|p2a: Great Tusk|Rapid Spin|p1a: Torkoal
|-damage|p1a: Torkoal|44/100
|-boost|p2a: Great Tusk|spe|1
|-sideend|p2: Nameless Moron|Stealth Rock|[from] move: Rapid Spin|[of] p2a: Great Tusk
|move|p1a: Torkoal|Rest|p1a: Torkoal
|-status|p1a: Torkoal|slp|[from] move: Rest
|-heal|p1a: Torkoal|100/100 slp|[silent]
|
|-weather|SunnyDay|[upkeep]
|-heal|p2a: Great Tusk|100/100|[from] item: Leftovers
|upkeep
|turn|4
|
|t:|1758297565
|switch|p1a: Walking Wake|Walking Wake|100/100
|-activate|p1a: Walking Wake|ability: Protosynthesis
|-start|p1a: Walking Wake|protosynthesisspe
|move|p2a: Great Tusk|Ice Spinner|p1a: Walking Wake
|-damage|p1a: Walking Wake|64/100
|
|-weather|SunnyDay|[upkeep]
|upkeep
|turn|5
|
|t:|1758297593
|-terastallize|p2a: Great Tusk|Ice
|move|p1a: Walking Wake|Hydro Steam|p2a: Great Tusk
|-damage|p2a: Great Tusk|0 fnt
|faint|p2a: Great Tusk
|-end|p2a: Great Tusk|Protosynthesis|[silent]
|
|-weather|SunnyDay|[upkeep]
|upkeep
|inactive|Nameless Moron has 120 seconds left.
|
|t:|1758297606
|switch|p2a: Slowking|Slowking-Galar, M|100/100
|turn|6
|
|t:|1758297611
|move|p1a: Walking Wake|Hydro Steam|p2a: Slowking
|-damage|p2a: Slowking|48/100
|move|p2a: Slowking|Toxic|p1a: Walking Wake
|-status|p1a: Walking Wake|tox
|
|-weather|SunnyDay|[upkeep]
|-heal|p2a: Slowking|54/100|[from] item: Black Sludge
|-damage|p1a: Walking Wake|58/100 tox|[from] psn
|upkeep
|turn|7
|
|t:|1758297630
|move|p1a: Walking Wake|Hydro Steam|p2a: Slowking
|-damage|p2a: Slowking|4/100
|-prepare|p2a: Slowking|Chilly Reception|[premajor]
|move|p2a: Slowking|Chilly Reception|p2a: Slowking
|-weather|Snowscape
|-end|p1a: Walking Wake|Protosynthesis
|inactive|Nameless Moron has 120 seconds left.
|
|t:|1758297644
|switch|p2a: Cinderace|Cinderace, M|100/100|[from] Chilly Reception
|
|-weather|Snowscape|[upkeep]
|-damage|p1a: Walking Wake|46/100 tox|[from] psn
|upkeep
|turn|8
|
|t:|1758297651
|-end|p1a: Walking Wake|Protosynthesis|[silent]
|switch|p1a: Torkoal|Torkoal, M, tera:Flying|100/100 slp
|-weather|SunnyDay|[from] ability: Drought|[of] p1a: Torkoal
|move|p2a: Cinderace|U-turn|p1a: Torkoal
|-start|p2a: Cinderace|typechange|Bug|[from] ability: Libero
|-resisted|p1a: Torkoal
|-crit|p1a: Torkoal
|-damage|p1a: Torkoal|87/100 slp
|
|t:|1758297660
|switch|p2a: Slowking|Slowking-Galar, M|38/100|[from] U-turn
|
|-weather|SunnyDay|[upkeep]
|-heal|p2a: Slowking|44/100|[from] item: Black Sludge
|upkeep
|turn|9
|
|t:|1758297668
|cant|p1a: Torkoal|slp
|-prepare|p2a: Slowking|Chilly Reception|[premajor]
|move|p2a: Slowking|Chilly Reception|p2a: Slowking
|-weather|Snowscape
|
|t:|1758297673
|switch|p2a: Kyurem|Kyurem, shiny|100/100|[from] Chilly Reception
|-ability|p2a: Kyurem|Pressure
|
|-weather|Snowscape|[upkeep]
|upkeep
|turn|10
|inactive|Nameless Moron has 120 seconds left.
|
|t:|1758297694
|switch|p1a: Walking Wake|Walking Wake|46/100 tox
|move|p2a: Kyurem|Freeze-Dry|p1a: Walking Wake
|-supereffective|p1a: Walking Wake
|-damage|p1a: Walking Wake|0 fnt
|faint|p1a: Walking Wake
|-end|p1a: Walking Wake|Protosynthesis|[silent]
|
|-weather|Snowscape|[upkeep]
|upkeep
|
|t:|1758297706
|switch|p1a: Torkoal|Torkoal, M, tera:Flying|87/100 slp
|-weather|SunnyDay|[from] ability: Drought|[of] p1a: Torkoal
|turn|11
|
|t:|1758297716
|switch|p1a: Chandelure|Chandelure, F|100/100
|move|p2a: Kyurem|Freeze-Dry|p1a: Chandelure
|-resisted|p1a: Chandelure
|-damage|p1a: Chandelure|74/100
|
|-weather|SunnyDay|[upkeep]
|upkeep
|turn|12
|
|t:|1758297732
|switch|p2a: Cinderace|Cinderace, M|100/100
|move|p1a: Chandelure|Overheat|p2a: Cinderace
|-resisted|p2a: Cinderace
|-damage|p2a: Cinderace|16/100
|-unboost|p1a: Chandelure|spa|2
|
|-weather|SunnyDay|[upkeep]
|upkeep
|turn|13
|
|t:|1758297740
|move|p2a: Cinderace|Sucker Punch|p1a: Chandelure
|-start|p2a: Cinderace|typechange|Dark|[from] ability: Libero
|-supereffective|p1a: Chandelure
|-damage|p1a: Chandelure|0 fnt
|faint|p1a: Chandelure
|
|-weather|SunnyDay|[upkeep]
|upkeep
|
|t:|1758297747
|switch|p1a: Raging Bolt|Raging Bolt|100/100
|-activate|p1a: Raging Bolt|ability: Protosynthesis
|-start|p1a: Raging Bolt|protosynthesisspa
|turn|14
|
|t:|1758297767
|move|p2a: Cinderace|Pyro Ball|p1a: Raging Bolt
|-resisted|p1a: Raging Bolt
|-damage|p1a: Raging Bolt|73/100
|move|p1a: Raging Bolt|Weather Ball|p2a: Cinderace
|-damage|p2a: Cinderace|0 fnt
|faint|p2a: Cinderace
|
|-weather|SunnyDay|[upkeep]
|upkeep
|
|t:|1758297775
|switch|p2a: Enamorus|Enamorus, F|100/100
|turn|15
|
|t:|1758297780
|move|p1a: Raging Bolt|Thunderclap|p2a: Enamorus
|-supereffective|p2a: Enamorus
|-damage|p2a: Enamorus|0 fnt
|faint|p2a: Enamorus
|
|-weather|SunnyDay|[upkeep]
|upkeep
|
|t:|1758297785
|switch|p2a: Kyurem|Kyurem, shiny|100/100
|-ability|p2a: Kyurem|Pressure
|turn|16
|
|t:|1758297797
|move|p2a: Kyurem|Draco Meteor|p1a: Raging Bolt
|-supereffective|p1a: Raging Bolt
|-damage|p1a: Raging Bolt|4/100
|-unboost|p2a: Kyurem|spa|2
|move|p1a: Raging Bolt|Dragon Pulse|p2a: Kyurem
|-supereffective|p2a: Kyurem
|-damage|p2a: Kyurem|0 fnt
|faint|p2a: Kyurem
|
|-weather|SunnyDay|[upkeep]
|upkeep
|
|t:|1758297810
|switch|p2a: Zamazenta|Zamazenta|100/100
|-ability|p2a: Zamazenta|Dauntless Shield|boost
|-boost|p2a: Zamazenta|def|1
|turn|17
|
|t:|1758297817
|move|p2a: Zamazenta|Crunch|p1a: Raging Bolt
|-damage|p1a: Raging Bolt|0 fnt
|faint|p1a: Raging Bolt
|-end|p1a: Raging Bolt|Protosynthesis|[silent]
|
|-weather|SunnyDay|[upkeep]
|upkeep
|
|t:|1758297827
|switch|p1a: Zamazenta|Zamazenta|100/100
|-ability|p1a: Zamazenta|Dauntless Shield|boost
|-boost|p1a: Zamazenta|def|1
|turn|18
|
|t:|1758297834
|move|p1a: Zamazenta|Iron Defense|p1a: Zamazenta
|-boost|p1a: Zamazenta|def|2
|move|p2a: Zamazenta|Roar|p1a: Zamazenta
|drag|p1a: Lilligant|Lilligant-Hisui, F|100/100
|
|-weather|none
|upkeep
|turn|19
|
|t:|1758297842
|switch|p1a: Torkoal|Torkoal, M, tera:Flying|87/100 slp
|-weather|SunnyDay|[from] ability: Drought|[of] p1a: Torkoal
|move|p2a: Zamazenta|Iron Defense|p2a: Zamazenta
|-boost|p2a: Zamazenta|def|2
|
|-weather|SunnyDay|[upkeep]
|upkeep
|turn|20
|
|t:|1758297855
|move|p2a: Zamazenta|Iron Defense|p2a: Zamazenta
|-boost|p2a: Zamazenta|def|2
|cant|p1a: Torkoal|slp
|
|-weather|SunnyDay|[upkeep]
|upkeep
|turn|21
|
|t:|1758297860
|move|p2a: Zamazenta|Body Press|p1a: Torkoal
|-resisted|p1a: Torkoal
|-damage|p1a: Torkoal|53/100 slp
|-curestatus|p1a: Torkoal|slp|[msg]
|move|p1a: Torkoal|Eruption|p2a: Zamazenta
|-damage|p2a: Zamazenta|72/100
|
|-weather|SunnyDay|[upkeep]
|-heal|p2a: Zamazenta|78/100|[from] item: Leftovers
|upkeep
|turn|22
|
|t:|1758297870
|move|p2a: Zamazenta|Body Press|p1a: Torkoal
|-resisted|p1a: Torkoal
|-damage|p1a: Torkoal|18/100
|move|p1a: Torkoal|Eruption|p2a: Zamazenta
|-damage|p2a: Zamazenta|68/100
|
|-weather|SunnyDay|[upkeep]
|-heal|p2a: Zamazenta|74/100|[from] item: Leftovers
|upkeep
|turn|23
|
|t:|1758297879
|move|p2a: Zamazenta|Iron Defense|p2a: Zamazenta
|-boost|p2a: Zamazenta|def|1
|move|p1a: Torkoal|Eruption|p2a: Zamazenta
|-damage|p2a: Zamazenta|65/100
|
|-weather|SunnyDay|[upkeep]
|-heal|p2a: Zamazenta|71/100|[from] item: Leftovers
|upkeep
|turn|24
|
|t:|1758297889
|move|p2a: Zamazenta|Body Press|p1a: Torkoal
|-resisted|p1a: Torkoal
|-damage|p1a: Torkoal|0 fnt
|faint|p1a: Torkoal
|
|-weather|SunnyDay|[upkeep]
|-heal|p2a: Zamazenta|77/100|[from] item: Leftovers
|upkeep
|
|t:|1758297901
|switch|p1a: Zamazenta|Zamazenta|100/100
|turn|25
|
|t:|1758297903
|move|p2a: Zamazenta|Body Press|p1a: Zamazenta
|-damage|p1a: Zamazenta|27/100
|move|p1a: Zamazenta|Body Press|p2a: Zamazenta
|-damage|p2a: Zamazenta|69/100
|
|-weather|SunnyDay|[upkeep]
|-heal|p2a: Zamazenta|75/100|[from] item: Leftovers
|-heal|p1a: Zamazenta|33/100|[from] item: Leftovers
|upkeep
|turn|26
|
|t:|1758297914
|move|p2a: Zamazenta|Body Press|p1a: Zamazenta
|-damage|p1a: Zamazenta|0 fnt
|faint|p1a: Zamazenta
|
|-weather|none
|-heal|p2a: Zamazenta|81/100|[from] item: Leftovers
|upkeep
|
|t:|1758297919
|switch|p1a: Lilligant|Lilligant-Hisui, F|100/100
|turn|27
|
|t:|1758297924
|move|p2a: Zamazenta|Body Press|p1a: Lilligant
|-damage|p1a: Lilligant|0 fnt
|faint|p1a: Lilligant
|
|win|Nameless Moron
|raw|Oscarvtec's rating: 1150 &rarr; <strong>1126</strong><br />(-24 for losing)
|raw|Nameless Moron's rating: 1169 &rarr; <strong>1193</strong><br />(+24 for winning)
|l|☆Oscarvtec
|player|p1|
