|j|☆SL Trazeeem
|j|☆AbuPokeman
|t:|1758294593
|gametype|singles
|player|p1|SL Trazeeem|102|1162
|player|p2|AbuPokeman|veteran|1127
|gen|9
|tier|[Gen 9] OU
|rated|
|rule|HP Percentage Mod: HP is shown in percentages
|rule|Endless Battle Clause: Forcing endless battles is banned
|rule|Species Clause: Limit one of each Pokémon
|rule|OHKO Clause: OHKO moves are banned
|rule|Evasion Items Clause: Evasion items are banned
|rule|Evasion Moves Clause: Evasion moves are banned
|rule|Evasion Abilities Clause: Evasion abilities are banned
|rule|Sleep Moves Clause: Sleep-inducing moves are banned
|clearpoke
|poke|p1|Landorus-Therian, M|
|poke|p1|Darkrai|
|poke|p1|Iron Moth|
|poke|p1|Weezing-Galar, F|
|poke|p1|Cinderace, M|
|poke|p1|Ogerpon-Wellspring, F|
|poke|p2|Okidogi, M|
|poke|p2|Wo-Chien|
|poke|p2|Cyclizar, M|
|poke|p2|Bellibolt, F|
|poke|p2|Latias, F|
|poke|p2|Zoroark-Hisui, F|
|teampreview
|inactive|Battle timer is ON: inactive players will automatically lose when time's up. (requested by SL Trazeeem)
|
|t:|1758294614
|teamsize|p1|6
|teamsize|p2|6
|start
|switch|p1a: Landorus|Landorus-Therian, M|100/100
|switch|p2a: Bellibolt|Bellibolt, F|100/100
|-ability|p1a: Landorus|Intimidate|boost
|-unboost|p2a: Bellibolt|atk|1
|turn|1
|
|t:|1758294624
|move|p1a: Landorus|U-turn|p2a: Bellibolt
|-damage|p2a: Bellibolt|74/100
|-start|p2a: Bellibolt|Charge|U-turn|[from] ability: Electromorphosis
|-damage|p1a: Landorus|84/100|[from] item: Rocky Helmet|[of] p2a: Bellibolt
|
|t:|1758294629
|switch|p1a: Weezing|Weezing-Galar, F|100/100|[from] U-turn
|move|p2a: Bellibolt|Muddy Water|p1a: Weezing
|-damage|p1a: Weezing|80/100
|
|-heal|p1a: Weezing|86/100|[from] item: Black Sludge
|upkeep
|turn|2
|
|t:|1758294639
|switch|p2a: Okidogi|Okidogi, M|100/100
|move|p1a: Weezing|Toxic|p2a: Okidogi
|-immune|p2a: Okidogi
|
|-heal|p1a: Weezing|92/100|[from] item: Black Sludge
|upkeep
|turn|3
|
|t:|1758294654
|switch|p1a: Landorus|Landorus-Therian, M|84/100
|-ability|p1a: Landorus|Intimidate|boost
|-ability|p2a: Okidogi|Guard Dog|boost
|-boost|p2a: Okidogi|atk|1
|move|p2a: Okidogi|Knock Off|p1a: Landorus
|-damage|p1a: Landorus|31/100
|-enditem|p1a: Landorus|Choice Band|[from] move: Knock Off|[of] p2a: Okidogi
|
|upkeep
|turn|4
|
|t:|1758294674
|switch|p2a: Latias|Latias, F|100/100
|move|p1a: Landorus|Earthquake|p2a: Latias
|-immune|p2a: Latias|[from] ability: Levitate
|
|upkeep
|turn|5
|
|t:|1758294682
|switch|p2a: Bellibolt|Bellibolt, F|74/100
|move|p1a: Landorus|U-turn|p2a: Bellibolt
|-damage|p2a: Bellibolt|57/100
|-start|p2a: Bellibolt|Charge|U-turn|[from] ability: Electromorphosis
|-damage|p1a: Landorus|14/100|[from] item: Rocky Helmet|[of] p2a: Bellibolt
|
|t:|1758294694
|switch|p1a: Iron Moth|Iron Moth|100/100|[from] U-turn
|
|upkeep
|turn|6
|
|t:|1758294703
|move|p1a: Iron Moth|Sludge Wave|p2a: Bellibolt
|-damage|p2a: Bellibolt|0 fnt
|faint|p2a: Bellibolt
|
|upkeep
|
|t:|1758294717
|switch|p2a: Okidogi|Okidogi, M|100/100
|turn|7
|
|t:|1758294738
|-end|p1a: Iron Moth|Quark Drive|[silent]
|switch|p1a: Landorus|Landorus-Therian, M|14/100
|-ability|p1a: Landorus|Intimidate|boost
|-ability|p2a: Okidogi|Guard Dog|boost
|-boost|p2a: Okidogi|atk|1
|move|p2a: Okidogi|High Horsepower|p1a: Landorus
|-immune|p1a: Landorus
|
|upkeep
|turn|8
|
|t:|1758294757
|move|p1a: Landorus|Crunch|p2a: Okidogi
|-resisted|p2a: Okidogi
|-damage|p2a: Okidogi|88/100
|-unboost|p2a: Okidogi|def|1
|move|p2a: Okidogi|Bulk Up|p2a: Okidogi
|-boost|p2a: Okidogi|atk|1
|-boost|p2a: Okidogi|def|1
|
|-heal|p2a: Okidogi|94/100|[from] item: Leftovers
|upkeep
|turn|9
|
|t:|1758294765
|move|p1a: Landorus|Earthquake|p2a: Okidogi
|-supereffective|p2a: Okidogi
|-damage|p2a: Okidogi|9/100
|move|p2a: Okidogi|Drain Punch|p1a: Landorus
|-resisted|p1a: Landorus
|-damage|p1a: Landorus|0 fnt
|-heal|p2a: Okidogi|14/100|[from] drain|[of] p1a: Landorus
|faint|p1a: Landorus
|
|-heal|p2a: Okidogi|20/100|[from] item: Leftovers
|upkeep
|
|t:|1758294776
|switch|p1a: Iron Moth|Iron Moth|100/100
|turn|10
|
|t:|1758294778
|move|p1a: Iron Moth|Dazzling Gleam|p2a: Okidogi
|-damage|p2a: Okidogi|0 fnt
|faint|p2a: Okidogi
|
|upkeep
|
|t:|1758294798
|switch|p2a: Latias|Latias, F|100/100
|turn|11
|
|t:|1758294809
|-end|p1a: Iron Moth|Quark Drive|[silent]
|switch|p1a: Darkrai|Darkrai|100/100
|-terastallize|p2a: Latias|Poison
|move|p2a: Latias|Dragon Dance|p2a: Latias
|-boost|p2a: Latias|atk|1
|-boost|p2a: Latias|spe|1
|
|upkeep
|turn|12
|
|t:|1758294823
|move|p2a: Latias|Calm Mind|p2a: Latias
|-boost|p2a: Latias|spa|1
|-boost|p2a: Latias|spd|1
|move|p1a: Darkrai|Dark Pulse|p2a: Latias
|-damage|p2a: Latias|67/100
|
|-heal|p2a: Latias|73/100|[from] item: Leftovers
|upkeep
|turn|13
|
|t:|1758294827
|move|p2a: Latias|Calm Mind|p2a: Latias
|-boost|p2a: Latias|spa|1
|-boost|p2a: Latias|spd|1
|move|p1a: Darkrai|Dark Pulse|p2a: Latias
|-damage|p2a: Latias|46/100
|
|-heal|p2a: Latias|52/100|[from] item: Leftovers
|upkeep
|turn|14
|
|t:|1758294839
|switch|p1a: Weezing|Weezing-Galar, F|92/100
|move|p2a: Latias|Dragon Pulse|p1a: Weezing
|-immune|p1a: Weezing
|
|-heal|p2a: Latias|58/100|[from] item: Leftovers
|-heal|p1a: Weezing|98/100|[from] item: Black Sludge
|upkeep
|turn|15
|
|t:|1758294849
|move|p2a: Latias|Stored Power|p1a: Weezing
|-supereffective|p1a: Weezing
|-damage|p1a: Weezing|0 fnt
|faint|p1a: Weezing
|
|-heal|p2a: Latias|65/100|[from] item: Leftovers
|upkeep
|
|t:|1758294862
|switch|p1a: Darkrai|Darkrai|100/100
|turn|16
|
|t:|1758294867
|move|p2a: Latias|Dragon Pulse|p1a: Darkrai
|-damage|p1a: Darkrai|0 fnt
|faint|p1a: Darkrai
|
|-heal|p2a: Latias|71/100|[from] item: Leftovers
|upkeep
|-message|SL Trazeeem forfeited.
|
|win|AbuPokeman
|raw|SL Trazeeem's rating: 1162 &rarr; <strong>1134</strong><br />(-28 for losing)
|raw|AbuPokeman's rating: 1127 &rarr; <strong>1155</strong><br />(+28 for winning)
|l|☆SL Trazeeem
|player|p1|
