|j|☆20120414x
|j|☆asstrublu
|t:|1758361110
|gametype|singles
|player|p1|20120414x|winona|1249
|player|p2|asstrublu|n|1311
|gen|9
|tier|[Gen 9] OU
|rated|
|rule|HP Percentage Mod: HP is shown in percentages
|rule|Endless Battle Clause: Forcing endless battles is banned
|rule|Species Clause: Limit one of each Pokémon
|rule|OHKO Clause: OHKO moves are banned
|rule|Evasion Items Clause: Evasion items are banned
|rule|Evasion Moves Clause: Evasion moves are banned
|rule|Evasion Abilities Clause: Evasion abilities are banned
|rule|Sleep Moves Clause: Sleep-inducing moves are banned
|clearpoke
|poke|p1|Zamazenta-*|
|poke|p1|Great Tusk|
|poke|p1|Quaquaval, F|
|poke|p1|Cobalion|
|poke|p1|Tyranitar, M|
|poke|p1|Drednaw, F|
|poke|p2|Pelipper, M|
|poke|p2|Toxicroak, M|
|poke|p2|Walking Wake|
|poke|p2|Barraskewda, F|
|poke|p2|Gholdengo|
|poke|p2|Great Tusk|
|teampreview
|inactive|Battle timer is ON: inactive players will automatically lose when time's up. (requested by asstrublu)
|
|t:|1758361117
|teamsize|p1|6
|teamsize|p2|6
|start
|switch|p1a: Tyranitar|Tyranitar, M|100/100
|switch|p2a: Pelipper|Pelipper, M|100/100
|-weather|RainDance|[from] ability: Drizzle|[of] p2a: Pelipper
|-weather|Sandstorm|[from] ability: Sand Stream|[of] p1a: Tyranitar
|turn|1
|
|t:|1758361131
|move|p2a: Pelipper|U-turn|p1a: Tyranitar
|-supereffective|p1a: Tyranitar
|-damage|p1a: Tyranitar|83/100
|
|t:|1758361138
|switch|p2a: Great Tusk|Great Tusk|100/100|[from] U-turn
|move|p1a: Tyranitar|Stone Edge|p2a: Great Tusk
|-resisted|p2a: Great Tusk
|-damage|p2a: Great Tusk|95/100
|
|-weather|Sandstorm|[upkeep]
|upkeep
|turn|2
|
|t:|1758361156
|switch|p1a: Zamazenta|Zamazenta|100/100
|-ability|p1a: Zamazenta|Dauntless Shield|boost
|-boost|p1a: Zamazenta|def|1
|move|p2a: Great Tusk|Stealth Rock|p1a: Zamazenta
|-sidestart|p1: 20120414x|move: Stealth Rock
|
|-weather|Sandstorm|[upkeep]
|-damage|p1a: Zamazenta|94/100|[from] Sandstorm
|-heal|p1a: Zamazenta|100/100|[from] item: Leftovers
|upkeep
|turn|3
|
|t:|1758361167
|-end|p2a: Great Tusk|Protosynthesis|[silent]
|switch|p2a: Pelipper|Pelipper, M|100/100
|-weather|RainDance|[from] ability: Drizzle|[of] p2a: Pelipper
|move|p1a: Zamazenta|Iron Defense|p1a: Zamazenta
|-boost|p1a: Zamazenta|def|2
|
|-weather|RainDance|[upkeep]
|upkeep
|turn|4
|
|t:|1758361176
|move|p1a: Zamazenta|Substitute|p1a: Zamazenta
|-start|p1a: Zamazenta|Substitute
|-damage|p1a: Zamazenta|76/100
|move|p2a: Pelipper|Hurricane|p1a: Zamazenta
|-supereffective|p1a: Zamazenta
|-end|p1a: Zamazenta|Substitute
|
|-weather|RainDance|[upkeep]
|-heal|p1a: Zamazenta|82/100|[from] item: Leftovers
|upkeep
|turn|5
|
|t:|1758361188
|move|p1a: Zamazenta|Body Press|p2a: Pelipper
|-resisted|p2a: Pelipper
|-damage|p2a: Pelipper|60/100
|move|p2a: Pelipper|Hurricane|p1a: Zamazenta
|-supereffective|p1a: Zamazenta
|-damage|p1a: Zamazenta|30/100
|
|-weather|RainDance|[upkeep]
|-heal|p1a: Zamazenta|36/100|[from] item: Leftovers
|upkeep
|turn|6
|
|t:|1758361199
|move|p1a: Zamazenta|Body Press|p2a: Pelipper
|-resisted|p2a: Pelipper
|-damage|p2a: Pelipper|18/100
|move|p2a: Pelipper|Hurricane|p1a: Zamazenta
|-supereffective|p1a: Zamazenta
|-damage|p1a: Zamazenta|0 fnt
|faint|p1a: Zamazenta
|
|-weather|RainDance|[upkeep]
|upkeep
|
|t:|1758361209
|switch|p1a: Great Tusk|Great Tusk|100/100
|-damage|p1a: Great Tusk|98/100|[from] Stealth Rock
|-enditem|p1a: Great Tusk|Booster Energy
|-activate|p1a: Great Tusk|ability: Protosynthesis|[fromitem]
|-start|p1a: Great Tusk|protosynthesisatk
|turn|7
|
|t:|1758361218
|switch|p2a: Great Tusk|Great Tusk|95/100
|move|p1a: Great Tusk|Rapid Spin|p2a: Great Tusk
|-damage|p2a: Great Tusk|84/100
|-boost|p1a: Great Tusk|spe|1
|-sideend|p1: 20120414x|Stealth Rock|[from] move: Rapid Spin|[of] p1a: Great Tusk
|
|-weather|RainDance|[upkeep]
|upkeep
|turn|8
|inactive|asstrublu has 120 seconds left.
|
|t:|1758361253
|move|p1a: Great Tusk|Ice Spinner|p2a: Great Tusk
|-supereffective|p2a: Great Tusk
|-damage|p2a: Great Tusk|47/100
|move|p2a: Great Tusk|Roar|p1a: Great Tusk
|-end|p1a: Great Tusk|Protosynthesis|[silent]
|drag|p1a: Tyranitar|Tyranitar, M|83/100
|-weather|Sandstorm|[from] ability: Sand Stream|[of] p1a: Tyranitar
|
|-weather|Sandstorm|[upkeep]
|upkeep
|turn|9
|
|t:|1758361265
|-terastallize|p1a: Tyranitar|Ghost
|move|p2a: Great Tusk|Headlong Rush|p1a: Tyranitar
|-damage|p1a: Tyranitar|33/100
|-unboost|p2a: Great Tusk|def|1
|-unboost|p2a: Great Tusk|spd|1
|move|p1a: Tyranitar|Ice Beam|p2a: Great Tusk
|-supereffective|p2a: Great Tusk
|-damage|p2a: Great Tusk|0 fnt
|faint|p2a: Great Tusk
|-end|p2a: Great Tusk|Protosynthesis|[silent]
|
|-weather|Sandstorm|[upkeep]
|-damage|p1a: Tyranitar|27/100|[from] Sandstorm
|upkeep
|inactive|asstrublu has 120 seconds left.
|
|t:|1758361283
|switch|p2a: Toxicroak|Toxicroak, M|100/100
|turn|10
|
|t:|1758361290
|move|p2a: Toxicroak|Knock Off|p1a: Tyranitar
|-supereffective|p1a: Tyranitar
|-damage|p1a: Tyranitar|0 fnt
|-enditem|p1a: Tyranitar|Assault Vest|[from] move: Knock Off|[of] p2a: Toxicroak
|faint|p1a: Tyranitar
|
|-weather|Sandstorm|[upkeep]
|-damage|p2a: Toxicroak|94/100|[from] Sandstorm
|upkeep
|
|t:|1758361299
|switch|p1a: Great Tusk|Great Tusk|98/100
|turn|11
|
|t:|1758361309
|move|p1a: Great Tusk|Rapid Spin|p2a: Toxicroak
|-damage|p2a: Toxicroak|79/100
|-boost|p1a: Great Tusk|spe|1
|-damage|p1a: Great Tusk|81/100|[from] item: Rocky Helmet|[of] p2a: Toxicroak
|move|p2a: Toxicroak|Toxic|p1a: Great Tusk
|-status|p1a: Great Tusk|tox
|
|-weather|Sandstorm|[upkeep]
|-damage|p2a: Toxicroak|73/100|[from] Sandstorm
|-damage|p1a: Great Tusk|75/100 tox|[from] psn
|upkeep
|turn|12
|
|t:|1758361328
|switch|p2a: Pelipper|Pelipper, M|18/100
|-weather|RainDance|[from] ability: Drizzle|[of] p2a: Pelipper
|move|p1a: Great Tusk|Headlong Rush|p2a: Pelipper
|-immune|p2a: Pelipper
|
|-weather|RainDance|[upkeep]
|-damage|p1a: Great Tusk|62/100 tox|[from] psn
|upkeep
|turn|13
|
|t:|1758361339
|switch|p2a: Toxicroak|Toxicroak, M|73/100
|move|p1a: Great Tusk|Ice Spinner|p2a: Toxicroak
|-damage|p2a: Toxicroak|45/100
|-damage|p1a: Great Tusk|46/100 tox|[from] item: Rocky Helmet|[of] p2a: Toxicroak
|
|-weather|RainDance|[upkeep]
|-heal|p2a: Toxicroak|58/100|[from] ability: Dry Skin
|-damage|p1a: Great Tusk|27/100 tox|[from] psn
|upkeep
|turn|14
|
|t:|1758361351
|move|p1a: Great Tusk|Headlong Rush|p2a: Toxicroak
|-supereffective|p2a: Toxicroak
|-damage|p2a: Toxicroak|0 fnt
|-unboost|p1a: Great Tusk|def|1
|-unboost|p1a: Great Tusk|spd|1
|-damage|p1a: Great Tusk|11/100 tox|[from] item: Rocky Helmet|[of] p2a: Toxicroak
|faint|p2a: Toxicroak
|
|-weather|RainDance|[upkeep]
|-damage|p1a: Great Tusk|0 fnt|[from] psn
|faint|p1a: Great Tusk
|-end|p1a: Great Tusk|Protosynthesis|[silent]
|upkeep
|
|t:|1758361365
|switch|p1a: Drednaw|Drednaw, F|100/100
|switch|p2a: Walking Wake|Walking Wake|100/100
|turn|15
|
|t:|1758361379
|move|p2a: Walking Wake|Hydro Pump|p1a: Drednaw
|-enditem|p1a: Drednaw|Focus Sash
|-damage|p1a: Drednaw|1/100
|move|p1a: Drednaw|Shell Smash|p1a: Drednaw
|-unboost|p1a: Drednaw|def|1
|-unboost|p1a: Drednaw|spd|1
|-boost|p1a: Drednaw|atk|2
|-boost|p1a: Drednaw|spa|2
|-boost|p1a: Drednaw|spe|2
|
|-weather|RainDance|[upkeep]
|upkeep
|turn|16
|
|t:|1758361391
|-end|p2a: Walking Wake|Protosynthesis|[silent]
|switch|p2a: Gholdengo|Gholdengo|100/100
|-item|p2a: Gholdengo|Air Balloon
|move|p1a: Drednaw|Ice Fang|p2a: Gholdengo
|-resisted|p2a: Gholdengo
|-damage|p2a: Gholdengo|80/100
|-enditem|p2a: Gholdengo|Air Balloon
|
|-weather|RainDance|[upkeep]
|upkeep
|turn|17
|
|t:|1758361401
|move|p1a: Drednaw|Liquidation|p2a: Gholdengo
|-damage|p2a: Gholdengo|0 fnt
|faint|p2a: Gholdengo
|
|-weather|RainDance|[upkeep]
|upkeep
|
|t:|1758361405
|switch|p2a: Barraskewda|Barraskewda, F|100/100
|turn|18
|
|t:|1758361411
|move|p2a: Barraskewda|Aqua Jet|p1a: Drednaw
|-damage|p1a: Drednaw|0 fnt
|faint|p1a: Drednaw
|
|-weather|RainDance|[upkeep]
|upkeep
|
|t:|1758361417
|switch|p1a: Quaquaval|Quaquaval, F|100/100
|turn|19
|
|t:|1758361424
|move|p2a: Barraskewda|Aqua Jet|p1a: Quaquaval
|-resisted|p1a: Quaquaval
|-damage|p1a: Quaquaval|65/100
|move|p1a: Quaquaval|Aqua Step|p2a: Barraskewda
|-resisted|p2a: Barraskewda
|-crit|p2a: Barraskewda
|-damage|p2a: Barraskewda|0 fnt
|-boost|p1a: Quaquaval|spe|1
|faint|p2a: Barraskewda
|-ability|p1a: Quaquaval|Moxie|boost
|-boost|p1a: Quaquaval|atk|1
|
|-weather|none
|upkeep
|
|t:|1758361427
|switch|p2a: Pelipper|Pelipper, M|18/100
|-weather|RainDance|[from] ability: Drizzle|[of] p2a: Pelipper
|turn|20
|
|t:|1758361443
|move|p1a: Quaquaval|Close Combat|p2a: Pelipper
|-resisted|p2a: Pelipper
|-damage|p2a: Pelipper|0 fnt
|-unboost|p1a: Quaquaval|def|1
|-unboost|p1a: Quaquaval|spd|1
|faint|p2a: Pelipper
|-ability|p1a: Quaquaval|Moxie|boost
|-boost|p1a: Quaquaval|atk|1
|
|-weather|RainDance|[upkeep]
|upkeep
|
|t:|1758361446
|switch|p2a: Walking Wake|Walking Wake|100/100
|turn|21
|
|t:|1758361460
|-terastallize|p2a: Walking Wake|Flying
|move|p1a: Quaquaval|Close Combat|p2a: Walking Wake
|-resisted|p2a: Walking Wake
|-damage|p2a: Walking Wake|32/100
|-unboost|p1a: Quaquaval|def|1
|-unboost|p1a: Quaquaval|spd|1
|move|p2a: Walking Wake|Hurricane|p1a: Quaquaval
|-supereffective|p1a: Quaquaval
|-damage|p1a: Quaquaval|0 fnt
|faint|p1a: Quaquaval
|
|-weather|RainDance|[upkeep]
|upkeep
|
|t:|1758361474
|switch|p1a: Cobalion|Cobalion|100/100
|turn|22
|
|t:|1758361483
|move|p2a: Walking Wake|Hurricane|p1a: Cobalion
|-damage|p1a: Cobalion|0 fnt
|faint|p1a: Cobalion
|
|win|asstrublu
|raw|20120414x's rating: 1249 &rarr; <strong>1228</strong><br />(-21 for losing)
|raw|asstrublu's rating: 1311 &rarr; <strong>1327</strong><br />(+16 for winning)
|l|☆asstrublu
|player|p2|
|l|☆20120414x
|player|p1|
