|j|☆china sanxie
|j|☆waha8
|t:|1758353435
|gametype|singles
|player|p1|china sanxie|101|1351
|player|p2|waha8|102|1377
|gen|9
|tier|[Gen 9] OU
|rated|
|rule|HP Percentage Mod: HP is shown in percentages
|rule|Endless Battle Clause: Forcing endless battles is banned
|rule|Species Clause: Limit one of each Pokémon
|rule|OHKO Clause: OHKO moves are banned
|rule|Evasion Items Clause: Evasion items are banned
|rule|Evasion Moves Clause: Evasion moves are banned
|rule|Evasion Abilities Clause: Evasion abilities are banned
|rule|Sleep Moves Clause: Sleep-inducing moves are banned
|clearpoke
|poke|p1|Iron Hands|
|poke|p1|Pawmot, M|
|poke|p1|Sinistcha|
|poke|p1|Kingambit, M|
|poke|p1|Ting-Lu|
|poke|p1|Cinderace, F|
|poke|p2|Blaziken, F|
|poke|p2|Ninetales, F|
|poke|p2|Indeedee, M|
|poke|p2|Hatterene, F|
|poke|p2|Slowbro-Galar, M|
|poke|p2|Cinderace, F|
|teampreview
|
|t:|1758353446
|teamsize|p1|6
|teamsize|p2|6
|start
|switch|p1a: Ting-Lu|Ting-Lu|100/100
|switch|p2a: Kurama|Ninetales, F|100/100
|-weather|SunnyDay|[from] ability: Drought|[of] p2a: Kurama
|-ability|p1a: Ting-Lu|Vessel of Ruin
|turn|1
|
|t:|1758353455
|move|p2a: Kurama|Will-O-Wisp|p1a: Ting-Lu
|-status|p1a: Ting-Lu|brn
|move|p1a: Ting-Lu|Earthquake|p2a: Kurama
|-supereffective|p2a: Kurama
|-damage|p2a: Kurama|27/100
|
|-weather|SunnyDay|[upkeep]
|-damage|p1a: Ting-Lu|94/100 brn|[from] brn
|upkeep
|turn|2
|
|t:|1758353465
|move|p2a: Kurama|Solar Beam||[still]
|-prepare|p2a: Kurama|Solar Beam
|-anim|p2a: Kurama|Solar Beam|p1a: Ting-Lu
|-supereffective|p1a: Ting-Lu
|-damage|p1a: Ting-Lu|63/100 brn
|move|p1a: Ting-Lu|Earthquake|p2a: Kurama
|-supereffective|p2a: Kurama
|-damage|p2a: Kurama|0 fnt
|faint|p2a: Kurama
|
|-weather|SunnyDay|[upkeep]
|-heal|p1a: Ting-Lu|69/100 brn|[from] item: Leftovers
|-damage|p1a: Ting-Lu|63/100 brn|[from] brn
|upkeep
|
|t:|1758353477
|switch|p2a: DeeDee|Indeedee, M|100/100
|-fieldstart|move: Psychic Terrain|[from] ability: Psychic Surge|[of] p2a: DeeDee
|turn|3
|
|t:|1758353483
|move|p2a: DeeDee|Dazzling Gleam|p1a: Ting-Lu
|-supereffective|p1a: Ting-Lu
|-damage|p1a: Ting-Lu|38/100 brn
|move|p1a: Ting-Lu|Throat Chop|p2a: DeeDee
|-supereffective|p2a: DeeDee
|-damage|p2a: DeeDee|13/100
|-start|p2a: DeeDee|Throat Chop|[silent]
|
|-weather|SunnyDay|[upkeep]
|-heal|p1a: Ting-Lu|44/100 brn|[from] item: Leftovers
|-damage|p1a: Ting-Lu|38/100 brn|[from] brn
|upkeep
|turn|4
|
|t:|1758353494
|switch|p2a: Mavis|Hatterene, F|100/100
|move|p1a: Ting-Lu|Earthquake|p2a: Mavis
|-damage|p2a: Mavis|74/100
|
|-weather|SunnyDay|[upkeep]
|-heal|p1a: Ting-Lu|44/100 brn|[from] item: Leftovers
|-damage|p1a: Ting-Lu|38/100 brn|[from] brn
|upkeep
|turn|5
|
|t:|1758353506
|move|p1a: Ting-Lu|Throat Chop|p2a: Mavis
|-damage|p2a: Mavis|52/100
|-start|p2a: Mavis|Throat Chop|[silent]
|move|p2a: Mavis|Trick Room|p2a: Mavis
|-fieldstart|move: Trick Room|[of] p2a: Mavis
|
|-weather|SunnyDay|[upkeep]
|-heal|p1a: Ting-Lu|44/100 brn|[from] item: Leftovers
|-damage|p1a: Ting-Lu|38/100 brn|[from] brn
|upkeep
|turn|6
|
|t:|1758353521
|move|p2a: Mavis|Draining Kiss|p1a: Ting-Lu
|-supereffective|p1a: Ting-Lu
|-damage|p1a: Ting-Lu|0 fnt
|-heal|p2a: Mavis|98/100|[from] drain|[of] p1a: Ting-Lu
|faint|p1a: Ting-Lu
|-damage|p2a: Mavis|88/100|[from] item: Life Orb
|
|-weather|SunnyDay|[upkeep]
|-end|p2a: Mavis|Throat Chop|[silent]
|upkeep
|
|t:|1758353525
|switch|p1a: Cinderace|Cinderace, F|100/100
|turn|7
|
|t:|1758353529
|move|p2a: Mavis|Expanding Force|p1a: Cinderace
|-damage|p1a: Cinderace|0 fnt
|faint|p1a: Cinderace
|-damage|p2a: Mavis|78/100|[from] item: Life Orb
|
|-weather|SunnyDay|[upkeep]
|upkeep
|
|t:|1758353541
|switch|p1a: Kingambit|Kingambit, M|100/100
|-activate|p1a: Kingambit|ability: Supreme Overlord
|-start|p1a: Kingambit|fallen2|[silent]
|turn|8
|
|t:|1758353544
|move|p2a: Mavis|Mystical Fire|p1a: Kingambit
|-supereffective|p1a: Kingambit
|-damage|p1a: Kingambit|8/100
|-unboost|p1a: Kingambit|spa|1
|-damage|p2a: Mavis|68/100|[from] item: Life Orb
|move|p1a: Kingambit|Iron Head|p2a: Mavis
|-supereffective|p2a: Mavis
|-damage|p2a: Mavis|0 fnt
|faint|p2a: Mavis
|-damage|p1a: Kingambit|0 fnt|[from] item: Life Orb
|faint|p1a: Kingambit
|-end|p1a: Kingambit|fallen2|[silent]
|
|-weather|none
|upkeep
|
|t:|1758353557
|switch|p2a: WildWest|Slowbro-Galar, M|100/100
|switch|p1a: Iron Hands|Iron Hands|100/100
|-enditem|p1a: Iron Hands|Booster Energy
|-activate|p1a: Iron Hands|ability: Quark Drive|[fromitem]
|-start|p1a: Iron Hands|quarkdriveatk
|turn|9
|-activate|p2a: WildWest|item: Quick Claw
|
|t:|1758353565
|-terastallize|p1a: Iron Hands|Flying
|move|p2a: WildWest|Expanding Force|p1a: Iron Hands
|-damage|p1a: Iron Hands|46/100
|move|p1a: Iron Hands|Supercell Slam|p2a: WildWest
|-damage|p2a: WildWest|42/100
|
|-fieldend|move: Trick Room
|upkeep
|turn|10
|
|t:|1758353577
|move|p1a: Iron Hands|Supercell Slam|p2a: WildWest
|-damage|p2a: WildWest|0 fnt
|faint|p2a: WildWest
|
|-fieldend|move: Psychic Terrain
|upkeep
|
|t:|1758353582
|switch|p2a: DeeDee|Indeedee, M|13/100
|-fieldstart|move: Psychic Terrain|[from] ability: Psychic Surge|[of] p2a: DeeDee
|turn|11
|
|t:|1758353587
|move|p2a: DeeDee|Expanding Force|p1a: Iron Hands
|-damage|p1a: Iron Hands|0 fnt
|faint|p1a: Iron Hands
|-end|p1a: Iron Hands|Quark Drive|[silent]
|
|upkeep
|
|t:|1758353598
|switch|p1a: Sinistcha|Sinistcha|100/100
|turn|12
|
|t:|1758353603
|move|p2a: DeeDee|Expanding Force|p1a: Sinistcha
|-damage|p1a: Sinistcha|5/100
|move|p1a: Sinistcha|Shadow Ball|p2a: DeeDee
|-immune|p2a: DeeDee
|
|upkeep
|turn|13
|
|t:|1758353610
|move|p2a: DeeDee|Encore|p1a: Sinistcha
|-start|p1a: Sinistcha|Encore
|move|p1a: Sinistcha|Shadow Ball|p2a: DeeDee
|-immune|p2a: DeeDee
|
|upkeep
|turn|14
|
|t:|1758353616
|move|p2a: DeeDee|Expanding Force|p1a: Sinistcha
|-damage|p1a: Sinistcha|0 fnt
|faint|p1a: Sinistcha
|
|upkeep
|
|t:|1758353618
|switch|p1a: Pawmot|Pawmot, M|100/100
|turn|15
|
|t:|1758353629
|move|p1a: Pawmot|Brick Break|p2a: DeeDee
|-damage|p2a: DeeDee|0 fnt
|faint|p2a: DeeDee
|
|upkeep
|
|t:|1758353633
|switch|p2a: CaptFalcon|Blaziken, F|100/100
|turn|16
|
|t:|1758353637
|move|p1a: Pawmot|Nuzzle|p2a: CaptFalcon
|-damage|p2a: CaptFalcon|87/100
|-status|p2a: CaptFalcon|par
|move|p2a: CaptFalcon|Focus Energy|p2a: CaptFalcon
|-start|p2a: CaptFalcon|move: Focus Energy
|
|-ability|p2a: CaptFalcon|Speed Boost|boost
|-boost|p2a: CaptFalcon|spe|1
|upkeep
|turn|17
|
|t:|1758353647
|move|p1a: Pawmot|Revival Blessing|p1a: Pawmot
|-enditem|p1a: Pawmot|Leppa Berry|[eat]
|-activate|p1a: Pawmot|item: Leppa Berry|Revival Blessing|[consumed]
|
|t:|1758353653
|-heal|p1: Sinistcha|50/100|[from] move: Revival Blessing
|move|p2a: CaptFalcon|Overheat|p1a: Pawmot|[miss]
|-miss|p2a: CaptFalcon|p1a: Pawmot
|
|-ability|p2a: CaptFalcon|Speed Boost|boost
|-boost|p2a: CaptFalcon|spe|1
|upkeep
|turn|18
|
|t:|1758353662
|move|p1a: Pawmot|Revival Blessing|p1a: Pawmot
|
|t:|1758353668
|-heal|p1: Kingambit|50/100|[from] move: Revival Blessing
|move|p2a: CaptFalcon|Overheat|p1a: Pawmot
|-crit|p1a: Pawmot
|-damage|p1a: Pawmot|0 fnt
|-unboost|p2a: CaptFalcon|spa|2
|faint|p1a: Pawmot
|
|-fieldend|move: Psychic Terrain
|-ability|p2a: CaptFalcon|Speed Boost|boost
|-boost|p2a: CaptFalcon|spe|1
|upkeep
|
|t:|1758353675
|switch|p1a: Sinistcha|Sinistcha|50/100
|turn|19
|
|t:|1758353679
|move|p2a: CaptFalcon|Overheat|p1a: Sinistcha
|-supereffective|p1a: Sinistcha
|-crit|p1a: Sinistcha
|-damage|p1a: Sinistcha|0 fnt
|-unboost|p2a: CaptFalcon|spa|2
|faint|p1a: Sinistcha
|
|-ability|p2a: CaptFalcon|Speed Boost|boost
|-boost|p2a: CaptFalcon|spe|1
|upkeep
|
|t:|1758353682
|switch|p1a: Kingambit|Kingambit, M|50/100
|-activate|p1a: Kingambit|ability: Supreme Overlord
|-start|p1a: Kingambit|fallen5|[silent]
|turn|20
|
|t:|1758353689
|move|p2a: CaptFalcon|Close Combat|p1a: Kingambit
|-supereffective|p1a: Kingambit
|-crit|p1a: Kingambit
|-damage|p1a: Kingambit|0 fnt
|-unboost|p2a: CaptFalcon|def|1
|-unboost|p2a: CaptFalcon|spd|1
|faint|p1a: Kingambit
|-end|p1a: Kingambit|fallen5|[silent]
|
|win|waha8
|raw|china sanxie's rating: 1351 &rarr; <strong>1332</strong><br />(-19 for losing)
|raw|waha8's rating: 1377 &rarr; <strong>1396</strong><br />(+19 for winning)
|l|☆china sanxie
|player|p1|
