|j|☆Flapjack Hero
|j|☆Greendale Dean
|t:|1758372305
|gametype|singles
|player|p1|Flapjack Hero|2|1602
|player|p2|Greendale Dean|swimmer-gen4dp|1625
|gen|9
|tier|[Gen 9] OU
|rated|
|rule|HP Percentage Mod: HP is shown in percentages
|rule|Endless Battle Clause: Forcing endless battles is banned
|rule|Species Clause: Limit one of each Pokémon
|rule|OHKO Clause: OHKO moves are banned
|rule|Evasion Items Clause: Evasion items are banned
|rule|Evasion Moves Clause: Evasion moves are banned
|rule|Evasion Abilities Clause: Evasion abilities are banned
|rule|Sleep Moves Clause: Sleep-inducing moves are banned
|clearpoke
|poke|p1|Great Tusk|
|poke|p1|Ceruledge, F|
|poke|p1|Hatterene, F|
|poke|p1|Ninetales, M|
|poke|p1|Venusaur, F|
|poke|p1|Walking Wake|
|poke|p2|Araquanid, F|
|poke|p2|Gholdengo|
|poke|p2|Iron Moth|
|poke|p2|Iron Valiant|
|poke|p2|Raging Bolt|
|poke|p2|Kingambit, F|
|teampreview
|
|t:|1758372328
|teamsize|p1|6
|teamsize|p2|6
|start
|switch|p1a: Ninetales|Ninetales, M|100/100
|switch|p2a: La Arana Discoteca|Araquanid, F, shiny|100/100
|-weather|SunnyDay|[from] ability: Drought|[of] p1a: Ninetales
|turn|1
|
|t:|1758372338
|switch|p1a: Ceruledge|Ceruledge, F|100/100
|switch|p2a: That's Nice|Iron Moth|100/100
|-enditem|p2a: That's Nice|Booster Energy
|-activate|p2a: That's Nice|ability: Quark Drive|[fromitem]
|-start|p2a: That's Nice|quarkdrivespa
|
|-weather|SunnyDay|[upkeep]
|upkeep
|turn|2
|
|t:|1758372347
|move|p2a: That's Nice|Sludge Wave|p1a: Ceruledge
|-resisted|p1a: Ceruledge
|-damage|p1a: Ceruledge|58/100
|move|p1a: Ceruledge|Bitter Blade|p2a: That's Nice
|-resisted|p2a: That's Nice
|-damage|p2a: That's Nice|45/100
|-heal|p1a: Ceruledge|87/100|[from] drain|[of] p2a: That's Nice
|
|-weather|SunnyDay|[upkeep]
|upkeep
|turn|3
|
|t:|1758372352
|move|p2a: That's Nice|Fiery Dance|p1a: Ceruledge
|-resisted|p1a: Ceruledge
|-damage|p1a: Ceruledge|39/100
|-boost|p2a: That's Nice|spa|1
|move|p1a: Ceruledge|Bitter Blade|p2a: That's Nice
|-resisted|p2a: That's Nice
|-damage|p2a: That's Nice|0 fnt
|-heal|p1a: Ceruledge|62/100|[from] drain|[of] p2a: That's Nice
|faint|p2a: That's Nice
|-end|p2a: That's Nice|Quark Drive|[silent]
|
|-weather|SunnyDay|[upkeep]
|upkeep
|
|t:|1758372357
|switch|p2a: Baggle Enjoyer|Raging Bolt|100/100
|-activate|p2a: Baggle Enjoyer|ability: Protosynthesis
|-start|p2a: Baggle Enjoyer|protosynthesisspa
|turn|4
|
|t:|1758372362
|switch|p1a: Great Tusk|Great Tusk|100/100
|-activate|p1a: Great Tusk|ability: Protosynthesis
|-start|p1a: Great Tusk|protosynthesisspe
|move|p2a: Baggle Enjoyer|Dragon Pulse|p1a: Great Tusk
|-damage|p1a: Great Tusk|17/100
|
|-weather|SunnyDay|[upkeep]
|upkeep
|turn|5
|
|t:|1758372374
|-end|p2a: Baggle Enjoyer|Protosynthesis|[silent]
|switch|p2a: La Arana Discoteca|Araquanid, F, shiny|100/100
|move|p1a: Great Tusk|Headlong Rush|p2a: La Arana Discoteca
|-resisted|p2a: La Arana Discoteca
|-damage|p2a: La Arana Discoteca|78/100
|-unboost|p1a: Great Tusk|def|1
|-unboost|p1a: Great Tusk|spd|1
|
|-weather|SunnyDay|[upkeep]
|upkeep
|turn|6
|
|t:|1758372384
|-end|p1a: Great Tusk|Protosynthesis|[silent]
|switch|p1a: Ceruledge|Ceruledge, F|62/100
|move|p2a: La Arana Discoteca|Lunge|p1a: Ceruledge
|-resisted|p1a: Ceruledge
|-damage|p1a: Ceruledge|53/100
|-unboost|p1a: Ceruledge|atk|1
|-ability|p1a: Ceruledge|Weak Armor|boost
|-unboost|p1a: Ceruledge|def|1
|-boost|p1a: Ceruledge|spe|2
|
|-weather|SunnyDay|[upkeep]
|upkeep
|turn|7
|
|t:|1758372393
|move|p1a: Ceruledge|Bitter Blade|p2a: La Arana Discoteca
|-damage|p2a: La Arana Discoteca|57/100
|-heal|p1a: Ceruledge|65/100|[from] drain|[of] p2a: La Arana Discoteca
|move|p2a: La Arana Discoteca|Sticky Web|p1a: Ceruledge
|-sidestart|p1: Flapjack Hero|move: Sticky Web
|
|-weather|SunnyDay|[upkeep]
|upkeep
|turn|8
|
|t:|1758372398
|move|p1a: Ceruledge|Solar Blade||[still]
|-prepare|p1a: Ceruledge|Solar Blade
|-anim|p1a: Ceruledge|Solar Blade|p2a: La Arana Discoteca
|-damage|p2a: La Arana Discoteca|31/100
|move|p2a: La Arana Discoteca|Lunge|p1a: Ceruledge
|-resisted|p1a: Ceruledge
|-damage|p1a: Ceruledge|53/100
|-unboost|p1a: Ceruledge|atk|1
|-ability|p1a: Ceruledge|Weak Armor|boost
|-unboost|p1a: Ceruledge|def|1
|-boost|p1a: Ceruledge|spe|2
|
|-weather|none
|upkeep
|turn|9
|
|t:|1758372405
|move|p1a: Ceruledge|Swords Dance|p1a: Ceruledge
|-boost|p1a: Ceruledge|atk|2
|move|p2a: La Arana Discoteca|Surf|p1a: Ceruledge
|-supereffective|p1a: Ceruledge
|-damage|p1a: Ceruledge|0 fnt
|faint|p1a: Ceruledge
|
|upkeep
|
|t:|1758372408
|switch|p1a: Ninetales|Ninetales, M|100/100
|-activate|p1a: Ninetales|move: Sticky Web
|-unboost|p1a: Ninetales|spe|1
|-weather|SunnyDay|[from] ability: Drought|[of] p1a: Ninetales
|turn|10
|
|t:|1758372412
|switch|p1a: Hatterene|Hatterene, F|100/100
|-activate|p1a: Hatterene|move: Sticky Web
|-unboost|p1a: Hatterene|spe|1
|move|p2a: La Arana Discoteca|Endeavor|p1a: Hatterene
|-damage|p1a: Hatterene|34/100
|-enditem|p1a: Hatterene|Eject Button
|
|t:|1758372414
|switch|p1a: Great Tusk|Great Tusk|17/100
|-activate|p1a: Great Tusk|move: Sticky Web
|-unboost|p1a: Great Tusk|spe|1
|-activate|p1a: Great Tusk|ability: Protosynthesis
|-start|p1a: Great Tusk|protosynthesisatk
|
|-weather|SunnyDay|[upkeep]
|upkeep
|turn|11
|
|t:|1758372419
|switch|p2a: #6SeasonsAndAMovie|Gholdengo|100/100
|-item|p2a: #6SeasonsAndAMovie|Air Balloon
|move|p1a: Great Tusk|Rapid Spin|p2a: #6SeasonsAndAMovie
|-immune|p2a: #6SeasonsAndAMovie
|
|-weather|SunnyDay|[upkeep]
|upkeep
|turn|12
|
|t:|1758372426
|move|p2a: #6SeasonsAndAMovie|Shadow Ball|p1a: Great Tusk
|-damage|p1a: Great Tusk|0 fnt
|faint|p1a: Great Tusk
|-end|p1a: Great Tusk|Protosynthesis|[silent]
|
|-weather|SunnyDay|[upkeep]
|upkeep
|
|t:|1758372429
|switch|p1a: Venusaur|Venusaur, F|100/100
|-activate|p1a: Venusaur|move: Sticky Web
|-unboost|p1a: Venusaur|spe|1
|turn|13
|
|t:|1758372439
|move|p1a: Venusaur|Weather Ball|p2a: #6SeasonsAndAMovie
|-supereffective|p2a: #6SeasonsAndAMovie
|-damage|p2a: #6SeasonsAndAMovie|0 fnt
|-enditem|p2a: #6SeasonsAndAMovie|Air Balloon
|faint|p2a: #6SeasonsAndAMovie
|-damage|p1a: Venusaur|91/100|[from] item: Life Orb
|
|-weather|SunnyDay|[upkeep]
|upkeep
|
|t:|1758372457
|switch|p2a: Baggle Enjoyer|Raging Bolt|100/100
|-activate|p2a: Baggle Enjoyer|ability: Protosynthesis
|-start|p2a: Baggle Enjoyer|protosynthesisspa
|turn|14
|
|t:|1758372463
|move|p1a: Venusaur|Sludge Bomb|p2a: Baggle Enjoyer
|-crit|p2a: Baggle Enjoyer
|-damage|p2a: Baggle Enjoyer|19/100
|-damage|p1a: Venusaur|81/100|[from] item: Life Orb
|move|p2a: Baggle Enjoyer|Dragon Pulse|p1a: Venusaur
|-damage|p1a: Venusaur|4/100
|
|-weather|SunnyDay|[upkeep]
|upkeep
|turn|15
|
|t:|1758372472
|switch|p1a: Hatterene|Hatterene, F|34/100
|-activate|p1a: Hatterene|move: Sticky Web
|-unboost|p1a: Hatterene|spe|1
|move|p2a: Baggle Enjoyer|Thunderclap||[still]
|-fail|p2a: Baggle Enjoyer
|
|-weather|SunnyDay|[upkeep]
|upkeep
|turn|16
|
|t:|1758372474
|move|p2a: Baggle Enjoyer|Thunderbolt|p1a: Hatterene
|-damage|p1a: Hatterene|0 fnt
|faint|p1a: Hatterene
|
|-weather|SunnyDay|[upkeep]
|upkeep
|
|t:|1758372478
|switch|p1a: Walking Wake|Walking Wake|100/100
|-activate|p1a: Walking Wake|move: Sticky Web
|-unboost|p1a: Walking Wake|spe|1
|-activate|p1a: Walking Wake|ability: Protosynthesis
|-start|p1a: Walking Wake|protosynthesisspa
|turn|17
|
|t:|1758372484
|move|p2a: Baggle Enjoyer|Thunderbolt|p1a: Walking Wake
|-damage|p1a: Walking Wake|25/100
|move|p1a: Walking Wake|Hydro Steam|p2a: Baggle Enjoyer
|-resisted|p2a: Baggle Enjoyer
|-damage|p2a: Baggle Enjoyer|0 fnt
|faint|p2a: Baggle Enjoyer
|-end|p2a: Baggle Enjoyer|Protosynthesis|[silent]
|
|-weather|none
|-end|p1a: Walking Wake|Protosynthesis
|upkeep
|
|t:|1758372489
|switch|p2a: Annie's Got A Gun|Iron Valiant|100/100
|-enditem|p2a: Annie's Got A Gun|Booster Energy
|-activate|p2a: Annie's Got A Gun|ability: Quark Drive|[fromitem]
|-start|p2a: Annie's Got A Gun|quarkdrivespa
|turn|18
|
|t:|1758372500
|-end|p1a: Walking Wake|Protosynthesis|[silent]
|switch|p1a: Ninetales|Ninetales, M|100/100
|-activate|p1a: Ninetales|move: Sticky Web
|-unboost|p1a: Ninetales|spe|1
|-weather|SunnyDay|[from] ability: Drought|[of] p1a: Ninetales
|move|p2a: Annie's Got A Gun|Moonblast|p1a: Ninetales
|-resisted|p1a: Ninetales
|-damage|p1a: Ninetales|65/100
|
|-weather|SunnyDay|[upkeep]
|upkeep
|turn|19
|
|t:|1758372508
|move|p2a: Annie's Got A Gun|Shadow Ball|p1a: Ninetales
|-damage|p1a: Ninetales|28/100
|move|p1a: Ninetales|Healing Wish|p1a: Ninetales
|faint|p1a: Ninetales
|
|-weather|SunnyDay|[upkeep]
|upkeep
|
|t:|1758372512
|switch|p1a: Venusaur|Venusaur, F|4/100
|-heal|p1a: Venusaur|100/100|[from] move: Healing Wish
|-activate|p1a: Venusaur|move: Sticky Web
|-unboost|p1a: Venusaur|spe|1
|turn|20
|
|t:|1758372520
|-end|p2a: Annie's Got A Gun|Quark Drive|[silent]
|switch|p2a: Jeff|Kingambit, F|100/100
|-activate|p2a: Jeff|ability: Supreme Overlord
|-start|p2a: Jeff|fallen3|[silent]
|-item|p2a: Jeff|Air Balloon
|move|p1a: Venusaur|Sludge Bomb|p2a: Jeff
|-immune|p2a: Jeff
|
|-weather|SunnyDay|[upkeep]
|upkeep
|turn|21
|
|t:|1758372530
|-terastallize|p2a: Jeff|Fire
|move|p1a: Venusaur|Weather Ball|p2a: Jeff
|-resisted|p2a: Jeff
|-damage|p2a: Jeff|65/100
|-enditem|p2a: Jeff|Air Balloon
|-damage|p1a: Venusaur|91/100|[from] item: Life Orb
|move|p2a: Jeff|Swords Dance|p2a: Jeff
|-boost|p2a: Jeff|atk|2
|
|-weather|SunnyDay|[upkeep]
|upkeep
|turn|22
|j| frutillaroja
|
|t:|1758372533
|move|p2a: Jeff|Sucker Punch|p1a: Venusaur
|-damage|p1a: Venusaur|0 fnt
|faint|p1a: Venusaur
|
|-weather|SunnyDay|[upkeep]
|upkeep
|-message|Flapjack Hero forfeited.
|
|win|Greendale Dean
|raw|Flapjack Hero's rating: 1602 &rarr; <strong>1583</strong><br />(-19 for losing)
|raw|Greendale Dean's rating: 1625 &rarr; <strong>1644</strong><br />(+19 for winning)
|l|☆Flapjack Hero
|player|p1|
