|j|☆fakedin
|j|☆Whom Idunno
|t:|1758254574
|gametype|singles
|player|p1|fakedin|1|1222
|player|p2|Whom Idunno|harlequin|1238
|gen|9
|tier|[Gen 9] OU
|rated|
|rule|HP Percentage Mod: HP is shown in percentages
|rule|Endless Battle Clause: Forcing endless battles is banned
|rule|Species Clause: Limit one of each Pokémon
|rule|OHKO Clause: OHKO moves are banned
|rule|Evasion Items Clause: Evasion items are banned
|rule|Evasion Moves Clause: Evasion moves are banned
|rule|Evasion Abilities Clause: Evasion abilities are banned
|rule|Sleep Moves Clause: Sleep-inducing moves are banned
|clearpoke
|poke|p1|Great Tusk|
|poke|p1|Comfey, M|
|poke|p1|Whimsicott, M|
|poke|p1|Iron Moth|
|poke|p1|Walking Wake|
|poke|p1|Ninetales, F|
|poke|p2|Arcanine-Hisui, F|
|poke|p2|Raging Bolt|
|poke|p2|Zoroark-Hisui, F|
|poke|p2|Quaquaval, F|
|poke|p2|Weavile, M|
|poke|p2|Maushold-Four|
|teampreview
|
|t:|1758254578
|teamsize|p1|6
|teamsize|p2|6
|start
|switch|p1a: Ninetales|Ninetales, F|100/100
|switch|p2a: Maushold|Maushold-Four|100/100
|-weather|SunnyDay|[from] ability: Drought|[of] p1a: Ninetales
|turn|1
|
|t:|1758254587
|move|p2a: Maushold|Hyper Voice|p1a: Ninetales
|-damage|p1a: Ninetales|52/100
|move|p1a: Ninetales|Will-O-Wisp|p2a: Maushold|[miss]
|-miss|p1a: Ninetales|p2a: Maushold
|
|-weather|SunnyDay|[upkeep]
|upkeep
|turn|2
|
|t:|1758254595
|-terastallize|p1a: Ninetales|Ghost
|move|p2a: Maushold|Hyper Voice|p1a: Ninetales
|-immune|p1a: Ninetales
|move|p1a: Ninetales|Will-O-Wisp|p2a: Maushold
|-status|p2a: Maushold|brn
|
|-weather|SunnyDay|[upkeep]
|-damage|p2a: Maushold|95/100 brn|[from] brn
|upkeep
|turn|3
|
|t:|1758254608
|switch|p2a: Quaquaval|Quaquaval, F|100/100
|switch|p1a: Comfey|Comfey, M|100/100
|
|-weather|SunnyDay|[upkeep]
|upkeep
|turn|4
|
|t:|1758254622
|switch|p2a: Maushold|Maushold-Four|100/100
|move|p1a: Comfey|Growth|p1a: Comfey
|-boost|p1a: Comfey|atk|2
|-boost|p1a: Comfey|spa|2
|
|-weather|SunnyDay|[upkeep]
|upkeep
|turn|5
|
|t:|1758254632
|move|p2a: Maushold|Encore|p1a: Comfey
|-start|p1a: Comfey|Encore
|move|p1a: Comfey|Growth|p1a: Comfey
|-boost|p1a: Comfey|atk|2
|-boost|p1a: Comfey|spa|2
|
|-weather|SunnyDay|[upkeep]
|upkeep
|turn|6
|
|t:|1758254642
|switch|p1a: Ninetales|Ninetales, F, tera:Ghost|52/100
|move|p2a: Maushold|Tidy Up|p2a: Maushold
|-boost|p2a: Maushold|atk|1
|-boost|p2a: Maushold|spe|1
|
|-weather|SunnyDay|[upkeep]
|upkeep
|turn|7
|
|t:|1758254650
|move|p2a: Maushold|Bite|p1a: Ninetales
|-supereffective|p1a: Ninetales
|-damage|p1a: Ninetales|0 fnt
|faint|p1a: Ninetales
|
|-weather|SunnyDay|[upkeep]
|upkeep
|-message|fakedin forfeited.
|
|win|Whom Idunno
|raw|fakedin's rating: 1222 &rarr; <strong>1198</strong><br />(-24 for losing)
|raw|Whom Idunno's rating: 1238 &rarr; <strong>1262</strong><br />(+24 for winning)
|l|☆fakedin
|player|p1|
|l|☆Whom Idunno
|player|p2|
