|j|☆Serena DeLuna
|j|☆eech1221
|t:|1758377810
|gametype|singles
|player|p1|Serena DeLuna|serena|1141
|player|p2|eech1221|102|1145
|gen|9
|tier|[Gen 9] OU
|rated|
|rule|HP Percentage Mod: HP is shown in percentages
|rule|Endless Battle Clause: Forcing endless battles is banned
|rule|Species Clause: Limit one of each Pokémon
|rule|OHKO Clause: OHKO moves are banned
|rule|Evasion Items Clause: Evasion items are banned
|rule|Evasion Moves Clause: Evasion moves are banned
|rule|Evasion Abilities Clause: Evasion abilities are banned
|rule|Sleep Moves Clause: Sleep-inducing moves are banned
|clearpoke
|poke|p1|Meowscarada, F|
|poke|p1|Delphox, F|
|poke|p1|Primarina, F|
|poke|p1|Sylveon, F|
|poke|p1|Meowstic-F, F|
|poke|p1|Altaria, F|
|poke|p2|Pelipper, F|
|poke|p2|Swampert, M|
|poke|p2|Primarina, F|
|poke|p2|Ogerpon-Wellspring, F|
|poke|p2|Keldeo-Resolute|
|poke|p2|Rotom-Wash|
|teampreview
|
|t:|1758377817
|teamsize|p1|6
|teamsize|p2|6
|start
|switch|p1a: Meowscarada|Meowscarada, F|100/100
|switch|p2a: Pelipper|Pelipper, F|100/100
|-weather|RainDance|[from] ability: Drizzle|[of] p2a: Pelipper
|turn|1
|
|t:|1758377831
|move|p1a: Meowscarada|U-turn|p2a: Pelipper
|-start|p1a: Meowscarada|typechange|Bug|[from] ability: Protean
|-resisted|p2a: Pelipper
|-damage|p2a: Pelipper|81/100
|
|t:|1758377847
|switch|p1a: Primarina|Primarina, F|100/100|[from] U-turn
|move|p2a: Pelipper|Hurricane|p1a: Primarina
|-damage|p1a: Primarina|57/100
|-start|p1a: Primarina|confusion
|
|-weather|RainDance|[upkeep]
|-heal|p1a: Primarina|63/100|[from] item: Leftovers
|upkeep
|turn|2
|
|t:|1758377864
|switch|p2a: Swampert|Swampert, M|100/100
|-activate|p1a: Primarina|confusion
|move|p1a: Primarina|Moonblast|p2a: Swampert
|-damage|p2a: Swampert|49/100
|-unboost|p2a: Swampert|spa|1
|
|-weather|RainDance|[upkeep]
|-heal|p1a: Primarina|69/100|[from] item: Leftovers
|-heal|p2a: Swampert|55/100|[from] item: Leftovers
|upkeep
|turn|3
|
|t:|1758377881
|-end|p1a: Primarina|confusion
|move|p1a: Primarina|Moonblast|p2a: Swampert
|-damage|p2a: Swampert|7/100
|-unboost|p2a: Swampert|spa|1
|move|p2a: Swampert|Earthquake|p1a: Primarina
|-crit|p1a: Primarina
|-damage|p1a: Primarina|0 fnt
|faint|p1a: Primarina
|
|-weather|RainDance|[upkeep]
|-heal|p2a: Swampert|13/100|[from] item: Leftovers
|upkeep
|
|t:|1758377919
|switch|p1a: Meowstic|Meowstic-F, F|100/100
|turn|4
|
|t:|1758377926
|move|p1a: Meowstic|Psychic|p2a: Swampert
|-damage|p2a: Swampert|0 fnt
|faint|p2a: Swampert
|
|-weather|RainDance|[upkeep]
|upkeep
|
|t:|1758377937
|switch|p2a: Rotom|Rotom-Wash|100/100
|turn|5
|
|t:|1758377944
|move|p1a: Meowstic|Calm Mind|p1a: Meowstic
|-boost|p1a: Meowstic|spa|1
|-boost|p1a: Meowstic|spd|1
|move|p2a: Rotom|Hydro Pump|p1a: Meowstic
|-damage|p1a: Meowstic|19/100
|
|-weather|none
|upkeep
|turn|6
|
|t:|1758377956
|move|p1a: Meowstic|Psychic|p2a: Rotom
|-damage|p2a: Rotom|23/100
|move|p2a: Rotom|Discharge|p1a: Meowstic
|-damage|p1a: Meowstic|0 fnt
|faint|p1a: Meowstic
|
|upkeep
|
|t:|1758377977
|switch|p1a: Delphox|Delphox, F|100/100
|turn|7
|-activate|p2a: Rotom|item: Quick Claw
|
|t:|1758377983
|move|p2a: Rotom|Hydro Pump|p1a: Delphox
|-supereffective|p1a: Delphox
|-enditem|p1a: Delphox|Focus Sash
|-damage|p1a: Delphox|1/100
|move|p1a: Delphox|Psyshock|p2a: Rotom
|-damage|p2a: Rotom|0 fnt
|faint|p2a: Rotom
|
|upkeep
|
|t:|1758378006
|switch|p2a: Primarina|Primarina, F|100/100
|turn|8
|
|t:|1758378013
|move|p2a: Primarina|Aqua Jet|p1a: Delphox
|-supereffective|p1a: Delphox
|-damage|p1a: Delphox|0 fnt
|faint|p1a: Delphox
|
|upkeep
|
|t:|1758378021
|switch|p1a: Meowscarada|Meowscarada, F|100/100
|turn|9
|
|t:|1758378028
|move|p1a: Meowscarada|Flower Trick|p2a: Primarina
|-start|p1a: Meowscarada|typechange|Grass|[from] ability: Protean
|-supereffective|p2a: Primarina
|-crit|p2a: Primarina
|-damage|p2a: Primarina|0 fnt
|faint|p2a: Primarina
|
|upkeep
|
|t:|1758378037
|switch|p2a: Pelipper|Pelipper, F|81/100
|-weather|RainDance|[from] ability: Drizzle|[of] p2a: Pelipper
|turn|10
|
|t:|1758378043
|switch|p1a: Sylveon|Sylveon, F|100/100
|move|p2a: Pelipper|Hurricane|p1a: Sylveon
|-damage|p1a: Sylveon|75/100
|-start|p1a: Sylveon|confusion
|
|-weather|RainDance|[upkeep]
|-heal|p1a: Sylveon|81/100|[from] item: Leftovers
|upkeep
|turn|11
|-activate|p2a: Pelipper|item: Quick Claw
|
|t:|1758378056
|move|p2a: Pelipper|Muddy Water|p1a: Sylveon
|-damage|p1a: Sylveon|49/100
|-activate|p1a: Sylveon|confusion
|-damage|p1a: Sylveon|42/100|[from] confusion
|
|-weather|RainDance|[upkeep]
|-heal|p1a: Sylveon|48/100|[from] item: Leftovers
|upkeep
|turn|12
|
|t:|1758378065
|move|p2a: Pelipper|Hurricane|p1a: Sylveon
|-damage|p1a: Sylveon|22/100
|-activate|p1a: Sylveon|confusion
|-damage|p1a: Sylveon|15/100|[from] confusion
|
|-weather|RainDance|[upkeep]
|-heal|p1a: Sylveon|21/100|[from] item: Leftovers
|upkeep
|turn|13
|
|t:|1758378076
|-activate|p1a: Sylveon|confusion
|-damage|p1a: Sylveon|15/100|[from] confusion
|move|p2a: Pelipper|Hurricane|p1a: Sylveon
|-damage|p1a: Sylveon|0 fnt
|faint|p1a: Sylveon
|
|-weather|RainDance|[upkeep]
|upkeep
|
|t:|1758378085
|switch|p1a: Altaria|Altaria, F|100/100
|turn|14
|
|t:|1758378095
|move|p1a: Altaria|Fire Spin|p2a: Pelipper
|-resisted|p2a: Pelipper
|-damage|p2a: Pelipper|79/100
|-activate|p2a: Pelipper|move: Fire Spin|[of] p1a: Altaria
|move|p2a: Pelipper|Ice Beam|p1a: Altaria
|-supereffective|p1a: Altaria
|-damage|p1a: Altaria|0 fnt
|faint|p1a: Altaria
|
|-weather|none
|-end|p2a: Pelipper|Fire Spin|[partiallytrapped]|[silent]
|upkeep
|
|t:|1758378105
|switch|p1a: Meowscarada|Meowscarada, F|100/100
|turn|15
|
|t:|1758378110
|-terastallize|p1a: Meowscarada|Fairy
|move|p1a: Meowscarada|Flower Trick|p2a: Pelipper
|-crit|p2a: Pelipper
|-damage|p2a: Pelipper|16/100
|move|p2a: Pelipper|Air Slash|p1a: Meowscarada
|-damage|p1a: Meowscarada|46/100
|
|upkeep
|turn|16
|
|t:|1758378120
|move|p1a: Meowscarada|Flower Trick|p2a: Pelipper
|-crit|p2a: Pelipper
|-damage|p2a: Pelipper|0 fnt
|faint|p2a: Pelipper
|
|upkeep
|
|t:|1758378128
|switch|p2a: Ogerpon|Ogerpon-Wellspring, F|100/100
|turn|17
|
|t:|1758378131
|move|p1a: Meowscarada|Flower Trick|p2a: Ogerpon
|-crit|p2a: Ogerpon
|-damage|p2a: Ogerpon|31/100
|move|p2a: Ogerpon|Ivy Cudgel|p1a: Meowscarada|[anim] Ivy Cudgel Water
|-damage|p1a: Meowscarada|0 fnt
|faint|p1a: Meowscarada
|
|win|eech1221
|raw|Serena DeLuna's rating: 1141 &rarr; <strong>1116</strong><br />(-25 for losing)
|raw|eech1221's rating: 1145 &rarr; <strong>1170</strong><br />(+25 for winning)
|l|☆Serena DeLuna
|player|p1|
|l|☆eech1221
|player|p2|
