|j|☆I will eat another
|j|☆lonriri
|t:|1758359480
|gametype|singles
|player|p1|I will eat another|plasmagrunt|1297
|player|p2|lonriri|benga|1264
|gen|9
|tier|[Gen 9] OU
|rated|
|rule|HP Percentage Mod: HP is shown in percentages
|rule|Endless Battle Clause: Forcing endless battles is banned
|rule|Species Clause: Limit one of each Pokémon
|rule|OHKO Clause: OHKO moves are banned
|rule|Evasion Items Clause: Evasion items are banned
|rule|Evasion Moves Clause: Evasion moves are banned
|rule|Evasion Abilities Clause: Evasion abilities are banned
|rule|Sleep Moves Clause: Sleep-inducing moves are banned
|clearpoke
|poke|p1|Breloom, M|
|poke|p1|Swinub, F|
|poke|p1|Iron Crown|
|poke|p1|Glimmora, M|
|poke|p1|Talonflame, F|
|poke|p1|Greninja-*, F|
|poke|p2|Iron Treads|
|poke|p2|Ogerpon-Wellspring, F|
|poke|p2|Dragapult, M|
|poke|p2|Enamorus, F|
|poke|p2|Samurott-Hisui, M|
|poke|p2|Iron Moth|
|teampreview
|inactive|Battle timer is ON: inactive players will automatically lose when time's up. (requested by I will eat another)
|
|t:|1758359502
|teamsize|p1|6
|teamsize|p2|6
|start
|switch|p1a: Kapilz|Breloom, M|100/100
|switch|p2a: Dragapute|Dragapult, M|100/100
|turn|1
|
|t:|1758359516
|move|p2a: Dragapute|Will-O-Wisp|p1a: Kapilz
|-status|p1a: Kapilz|brn
|move|p1a: Kapilz|Rock Tomb|p2a: Dragapute
|-damage|p2a: Dragapute|75/100
|-unboost|p2a: Dragapute|spe|1
|-damage|p1a: Kapilz|91/100 brn|[from] item: Life Orb
|
|-damage|p1a: Kapilz|84/100 brn|[from] brn
|upkeep
|turn|2
|
|t:|1758359529
|move|p2a: Dragapute|U-turn|p1a: Kapilz
|-damage|p1a: Kapilz|53/100 brn
|
|t:|1758359535
|switch|p2a: Enamorus|Enamorus, F|100/100|[from] U-turn
|move|p1a: Kapilz|Bullet Seed|p2a: Enamorus
|-resisted|p2a: Enamorus
|-damage|p2a: Enamorus|90/100
|-resisted|p2a: Enamorus
|-crit|p2a: Enamorus
|-damage|p2a: Enamorus|74/100
|-hitcount|p2a: Enamorus|2
|-damage|p1a: Kapilz|43/100 brn|[from] item: Life Orb
|
|-damage|p1a: Kapilz|37/100 brn|[from] brn
|upkeep
|turn|3
|
|t:|1758359550
|move|p2a: Enamorus|Mystical Fire|p1a: Kapilz
|-supereffective|p1a: Kapilz
|-damage|p1a: Kapilz|0 fnt
|faint|p1a: Kapilz
|
|upkeep
|
|t:|1758359555
|switch|p1a: Lumiflora|Glimmora, M|100/100
|turn|4
|
|t:|1758359560
|move|p2a: Enamorus|Earth Power|p1a: Lumiflora
|-supereffective|p1a: Lumiflora
|-damage|p1a: Lumiflora|0 fnt
|faint|p1a: Lumiflora
|
|upkeep
|
|t:|1758359568
|switch|p1a: Quajutsu|Greninja, F|100/100
|turn|5
|
|t:|1758359572
|move|p1a: Quajutsu|Ice Beam|p2a: Enamorus
|-start|p1a: Quajutsu|typechange|Ice|[from] ability: Protean
|-supereffective|p2a: Enamorus
|-damage|p2a: Enamorus|0 fnt
|faint|p2a: Enamorus
|
|upkeep
|
|t:|1758359592
|switch|p2a: Iron Moth|Iron Moth|100/100
|-enditem|p2a: Iron Moth|Booster Energy
|-activate|p2a: Iron Moth|ability: Quark Drive|[fromitem]
|-start|p2a: Iron Moth|quarkdrivespe
|turn|6
|
|t:|1758359605
|switch|p1a: Fiaro|Talonflame, F|100/100
|-terastallize|p2a: Iron Moth|Fairy
|move|p2a: Iron Moth|Fiery Dance|p1a: Fiaro
|-resisted|p1a: Fiaro
|-damage|p1a: Fiaro|77/100
|
|upkeep
|turn|7
|
|t:|1758359623
|move|p2a: Iron Moth|Sludge Wave|p1a: Fiaro
|-damage|p1a: Fiaro|14/100
|move|p1a: Fiaro|Will-O-Wisp|p2a: Iron Moth
|-status|p2a: Iron Moth|brn
|
|-damage|p2a: Iron Moth|95/100 brn|[from] brn
|upkeep
|turn|8
|
|t:|1758359636
|move|p2a: Iron Moth|Fiery Dance|p1a: Fiaro
|-resisted|p1a: Fiaro
|-damage|p1a: Fiaro|0 fnt
|-boost|p2a: Iron Moth|spa|1
|faint|p1a: Fiaro
|
|-damage|p2a: Iron Moth|89/100 brn|[from] brn
|upkeep
|
|t:|1758359644
|switch|p1a: Quiekel|Swinub, F|100/100
|turn|9
|
|t:|1758359650
|move|p2a: Iron Moth|Energy Ball|p1a: Quiekel
|-supereffective|p1a: Quiekel
|-enditem|p1a: Quiekel|Focus Sash
|-damage|p1a: Quiekel|1/100
|move|p1a: Quiekel|Endeavor|p2a: Iron Moth
|-damage|p2a: Iron Moth|1/100 brn
|
|-damage|p2a: Iron Moth|0 fnt|[from] brn
|faint|p2a: Iron Moth
|-end|p2a: Iron Moth|Quark Drive|[silent]
|upkeep
|
|t:|1758359669
|switch|p2a: Iron Treads|Iron Treads|100/100
|-enditem|p2a: Iron Treads|Booster Energy
|-activate|p2a: Iron Treads|ability: Quark Drive|[fromitem]
|-start|p2a: Iron Treads|quarkdrivespe
|turn|10
|
|t:|1758359678
|move|p2a: Iron Treads|Rapid Spin|p1a: Quiekel
|-damage|p1a: Quiekel|0 fnt
|-boost|p2a: Iron Treads|spe|1
|faint|p1a: Quiekel
|
|upkeep
|
|t:|1758359684
|switch|p1a: Eisenkrone|Iron Crown|100/100
|-enditem|p1a: Eisenkrone|Booster Energy
|-activate|p1a: Eisenkrone|ability: Quark Drive|[fromitem]
|-start|p1a: Eisenkrone|quarkdrivespe
|turn|11
|
|t:|1758359690
|-terastallize|p1a: Eisenkrone|Fighting
|move|p2a: Iron Treads|Earthquake|p1a: Eisenkrone
|-damage|p1a: Eisenkrone|55/100
|move|p1a: Eisenkrone|Focus Blast|p2a: Iron Treads
|-supereffective|p2a: Iron Treads
|-damage|p2a: Iron Treads|0 fnt
|faint|p2a: Iron Treads
|-end|p2a: Iron Treads|Quark Drive|[silent]
|
|upkeep
|
|t:|1758359701
|switch|p2a: Dragapute|Dragapult, M|75/100
|turn|12
|
|t:|1758359707
|move|p1a: Eisenkrone|Tachyon Cutter|p2a: Dragapute
|-damage|p2a: Dragapute|42/100
|-damage|p2a: Dragapute|3/100
|-hitcount|p2a: Dragapute|2
|move|p2a: Dragapute|Dragon Darts|p1a: Eisenkrone
|-damage|p1a: Eisenkrone|35/100
|-anim|p2a: Dragapute|Dragon Darts|p1a: Eisenkrone
|-damage|p1a: Eisenkrone|13/100
|
|upkeep
|turn|13
|
|t:|1758359717
|move|p1a: Eisenkrone|Tachyon Cutter|p2a: Dragapute
|-crit|p2a: Dragapute
|-damage|p2a: Dragapute|0 fnt
|faint|p2a: Dragapute
|-hitcount|p2: Dragapute|1
|
|upkeep
|
|t:|1758359724
|switch|p2a: Quartier nord|Samurott-Hisui, M|100/100
|turn|14
|
|t:|1758359733
|-end|p1a: Eisenkrone|Quark Drive|[silent]
|switch|p1a: Quajutsu|Greninja, F|100/100
|move|p2a: Quartier nord|Aqua Jet|p1a: Quajutsu
|-resisted|p1a: Quajutsu
|-damage|p1a: Quajutsu|85/100
|
|upkeep
|turn|15
|
|t:|1758359741
|move|p1a: Quajutsu|Sludge Wave|p2a: Quartier nord
|-start|p1a: Quajutsu|typechange|Poison|[from] ability: Protean
|-damage|p2a: Quartier nord|40/100
|move|p2a: Quartier nord|Ceaseless Edge|p1a: Quajutsu
|-damage|p1a: Quajutsu|11/100
|-sidestart|p1: I will eat another|Spikes
|
|upkeep
|turn|16
|
|t:|1758359750
|move|p2a: Quartier nord|Aqua Jet|p1a: Quajutsu
|-damage|p1a: Quajutsu|0 fnt
|faint|p1a: Quajutsu
|
|upkeep
|
|t:|1758359755
|switch|p1a: Eisenkrone|Iron Crown, tera:Fighting|13/100
|-damage|p1a: Eisenkrone|0 fnt|[from] Spikes
|faint|p1a: Eisenkrone
|-end|p1a: Eisenkrone|Quark Drive|[silent]
|
|win|lonriri
|raw|I will eat another's rating: 1297 &rarr; <strong>1270</strong><br />(-27 for losing)
|raw|lonriri's rating: 1264 &rarr; <strong>1291</strong><br />(+27 for winning)
|l|☆I will eat another
|player|p1|
|l|☆lonriri
|player|p2|
