|j|☆Uxuxusus
|j|☆eevee1995
|t:|1758297544
|gametype|singles
|player|p1|Uxuxusus|pilot|1000
|player|p2|eevee1995|102|1068
|gen|9
|tier|[Gen 9] OU
|rated|
|rule|HP Percentage Mod: HP is shown in percentages
|rule|Endless Battle Clause: Forcing endless battles is banned
|rule|Species Clause: Limit one of each Pokémon
|rule|OHKO Clause: OHKO moves are banned
|rule|Evasion Items Clause: Evasion items are banned
|rule|Evasion Moves Clause: Evasion moves are banned
|rule|Evasion Abilities Clause: Evasion abilities are banned
|rule|Sleep Moves Clause: Sleep-inducing moves are banned
|clearpoke
|poke|p1|Pelipper, F|
|poke|p1|Zapdos|
|poke|p1|Scizor, M|
|poke|p1|Ogerpon-Wellspring, F|
|poke|p1|Gastrodon, F|
|poke|p1|Dondozo, F|
|poke|p2|Ariados, M|
|poke|p2|Perrserker, M|
|poke|p2|Phione|
|poke|p2|Scyther, F|
|poke|p2|Toxtricity, M|
|poke|p2|Ribombee, M|
|teampreview
|inactive|Battle timer is ON: inactive players will automatically lose when time's up. (requested by eevee1995)
|
|t:|1758297554
|teamsize|p1|6
|teamsize|p2|6
|start
|switch|p1a: 哈基雨|Pelipper, F|100/100
|switch|p2a: Ribombee|Ribombee, M, shiny|100/100
|-weather|RainDance|[from] ability: Drizzle|[of] p1a: 哈基雨
|turn|1
|inactive|Uxuxusus has 120 seconds left.
|
|t:|1758297584
|move|p2a: Ribombee|Sticky Web|p1a: 哈基雨
|-sidestart|p1: Uxuxusus|move: Sticky Web
|move|p1a: 哈基雨|Hurricane|p2a: Ribombee
|-supereffective|p2a: Ribombee
|-crit|p2a: Ribombee
|-damage|p2a: Ribombee|0 fnt
|faint|p2a: Ribombee
|
|-weather|RainDance|[upkeep]
|upkeep
|
|t:|1758297589
|switch|p2a: Perrserker|Perrserker, M, shiny|100/100
|turn|2
|
|t:|1758297600
|move|p1a: 哈基雨|U-turn|p2a: Perrserker
|-resisted|p2a: Perrserker
|-damage|p2a: Perrserker|96/100
|
|t:|1758297607
|switch|p1a: 哈基虫|Scizor, M|100/100|[from] U-turn
|-activate|p1a: 哈基虫|move: Sticky Web
|-unboost|p1a: 哈基虫|spe|1
|move|p2a: Perrserker|Stealth Rock|p1a: 哈基虫
|-sidestart|p1: Uxuxusus|move: Stealth Rock
|
|-weather|RainDance|[upkeep]
|upkeep
|turn|3
|
|t:|1758297619
|move|p1a: 哈基虫|Knock Off|p2a: Perrserker
|-damage|p2a: Perrserker|42/100
|-enditem|p2a: Perrserker|Metal Coat|[from] move: Knock Off|[of] p1a: 哈基虫
|move|p2a: Perrserker|Swords Dance|p2a: Perrserker
|-boost|p2a: Perrserker|atk|2
|
|-weather|RainDance|[upkeep]
|upkeep
|turn|4
|
|t:|1758297628
|switch|p1a: Dondozo|Dondozo, F|100/100
|-activate|p1a: Dondozo|move: Sticky Web
|-unboost|p1a: Dondozo|spe|1
|-damage|p1a: Dondozo|88/100|[from] Stealth Rock
|move|p2a: Perrserker|Close Combat|p1a: Dondozo
|-damage|p1a: Dondozo|61/100
|-unboost|p2a: Perrserker|def|1
|-unboost|p2a: Perrserker|spd|1
|
|-weather|RainDance|[upkeep]
|upkeep
|turn|5
|
|t:|1758297647
|move|p2a: Perrserker|Close Combat|p1a: Dondozo
|-damage|p1a: Dondozo|32/100
|-unboost|p2a: Perrserker|def|1
|-unboost|p2a: Perrserker|spd|1
|move|p1a: Dondozo|Earthquake|p2a: Perrserker
|-supereffective|p2a: Perrserker
|-damage|p2a: Perrserker|0 fnt
|faint|p2a: Perrserker
|
|-weather|RainDance|[upkeep]
|upkeep
|
|t:|1758297654
|switch|p2a: Scyther|Scyther, F, shiny|100/100
|turn|6
|
|t:|1758297670
|move|p2a: Scyther|Fury Cutter|p1a: Dondozo
|-damage|p1a: Dondozo|18/100
|move|p1a: Dondozo|Avalanche|p2a: Scyther
|-supereffective|p2a: Scyther
|-damage|p2a: Scyther|7/100
|
|-weather|RainDance|[upkeep]
|upkeep
|turn|7
|
|t:|1758297679
|move|p2a: Scyther|Fury Cutter|p1a: Dondozo
|-damage|p1a: Dondozo|0 fnt
|faint|p1a: Dondozo
|
|-weather|RainDance|[upkeep]
|upkeep
|
|t:|1758297689
|switch|p1a: 哈基鸟|Zapdos|100/100
|turn|8
|
|t:|1758297696
|-terastallize|p2a: Scyther|Ground
|move|p2a: Scyther|Fury Cutter|p1a: 哈基鸟
|-resisted|p1a: 哈基鸟
|-damage|p1a: 哈基鸟|62/100
|move|p1a: 哈基鸟|Volt Switch|p2a: Scyther
|-immune|p2a: Scyther
|
|-weather|none
|upkeep
|turn|9
|
|t:|1758297707
|-terastallize|p1a: 哈基鸟|Ice
|move|p2a: Scyther|Fury Cutter|p1a: 哈基鸟
|-damage|p1a: 哈基鸟|0 fnt
|faint|p1a: 哈基鸟
|
|upkeep
|
|t:|1758297715
|switch|p1a: 哈基雨|Pelipper, F|100/100
|-damage|p1a: 哈基雨|76/100|[from] Stealth Rock
|-weather|RainDance|[from] ability: Drizzle|[of] p1a: 哈基雨
|turn|10
|
|t:|1758297723
|switch|p1a: 哈基捏捏|Gastrodon, F, shiny|100/100
|-activate|p1a: 哈基捏捏|move: Sticky Web
|-unboost|p1a: 哈基捏捏|spe|1
|-damage|p1a: 哈基捏捏|94/100|[from] Stealth Rock
|move|p2a: Scyther|Fury Cutter|p1a: 哈基捏捏
|-damage|p1a: 哈基捏捏|0 fnt
|faint|p1a: 哈基捏捏
|
|-weather|RainDance|[upkeep]
|upkeep
|
|t:|1758297735
|switch|p1a: 哈基虫|Scizor, M|100/100
|-activate|p1a: 哈基虫|move: Sticky Web
|-unboost|p1a: 哈基虫|spe|1
|-damage|p1a: 哈基虫|88/100|[from] Stealth Rock
|turn|11
|
|t:|1758297741
|move|p1a: 哈基虫|Bullet Punch|p2a: Scyther
|-damage|p2a: Scyther|0 fnt
|faint|p2a: Scyther
|
|-weather|RainDance|[upkeep]
|upkeep
|
|t:|1758297748
|switch|p2a: $$Throat Spray$$|Toxtricity, M, shiny|100/100
|-item|p2a: $$Throat Spray$$|Air Balloon
|turn|12
|
|t:|1758297753
|move|p1a: 哈基虫|Bullet Punch|p2a: $$Throat Spray$$
|-resisted|p2a: $$Throat Spray$$
|-damage|p2a: $$Throat Spray$$|69/100
|-enditem|p2a: $$Throat Spray$$|Air Balloon
|move|p2a: $$Throat Spray$$|Shift Gear|p2a: $$Throat Spray$$
|-boost|p2a: $$Throat Spray$$|spe|2
|-boost|p2a: $$Throat Spray$$|atk|1
|
|-weather|RainDance|[upkeep]
|upkeep
|turn|13
|
|t:|1758297767
|move|p1a: 哈基虫|Bullet Punch|p2a: $$Throat Spray$$
|-resisted|p2a: $$Throat Spray$$
|-damage|p2a: $$Throat Spray$$|37/100
|move|p2a: $$Throat Spray$$|Thief|p1a: 哈基虫
|-damage|p1a: 哈基虫|48/100
|-enditem|p1a: 哈基虫|Choice Band|[silent]|[from] move: Thief|[of] p2a: $$Throat Spray$$
|-item|p2a: $$Throat Spray$$|Choice Band|[from] move: Thief|[of] p1a: 哈基虫
|
|-weather|RainDance|[upkeep]
|upkeep
|turn|14
|
|t:|1758297779
|move|p2a: $$Throat Spray$$|Thief|p1a: 哈基虫
|-damage|p1a: 哈基虫|0 fnt
|faint|p1a: 哈基虫
|
|-weather|RainDance|[upkeep]
|upkeep
|
|t:|1758297787
|switch|p1a: 哈基雨|Pelipper, F|76/100
|-damage|p1a: 哈基雨|51/100|[from] Stealth Rock
|turn|15
|
|t:|1758297795
|move|p2a: $$Throat Spray$$|Thief|p1a: 哈基雨
|-crit|p1a: 哈基雨
|-damage|p1a: 哈基雨|0 fnt
|faint|p1a: 哈基雨
|
|-weather|RainDance|[upkeep]
|upkeep
|
|t:|1758297801
|switch|p1a: 哈基鬼|Ogerpon-Wellspring, F|100/100
|-activate|p1a: 哈基鬼|move: Sticky Web
|-unboost|p1a: 哈基鬼|spe|1
|-damage|p1a: 哈基鬼|88/100|[from] Stealth Rock
|turn|16
|
|t:|1758297807
|move|p2a: $$Throat Spray$$|Thief|p1a: 哈基鬼
|-damage|p1a: 哈基鬼|1/100
|move|p1a: 哈基鬼|Ivy Cudgel|p2a: $$Throat Spray$$|[anim] Ivy Cudgel Water
|-damage|p2a: $$Throat Spray$$|0 fnt
|faint|p2a: $$Throat Spray$$
|
|-weather|RainDance|[upkeep]
|upkeep
|
|t:|1758297811
|switch|p2a: Ariados|Ariados, M, shiny|100/100
|turn|17
|
|t:|1758297817
|move|p1a: 哈基鬼|Ivy Cudgel|p2a: Ariados|[anim] Ivy Cudgel Water
|-damage|p2a: Ariados|0 fnt
|faint|p2a: Ariados
|
|-weather|none
|upkeep
|
|t:|1758297820
|switch|p2a: Phione|Phione, shiny|100/100
|turn|18
|c|☆eevee1995|gg
|
|t:|1758297826
|move|p2a: Phione|Ice Beam|p1a: 哈基鬼
|-damage|p1a: 哈基鬼|0 fnt
|faint|p1a: 哈基鬼
|
|win|eevee1995
|raw|Uxuxusus's rating: 1000 &rarr; <strong>1000</strong><br />(+0 for losing)
|raw|eevee1995's rating: 1068 &rarr; <strong>1092</strong><br />(+24 for winning)
