|j|☆Chuck2025
|j|☆nicerioknight
|t:|1758238464
|gametype|singles
|player|p1|Chuck2025|dawn|1288
|player|p2|nicerioknight|170|1250
|gen|9
|tier|[Gen 9] OU
|rated|
|rule|HP Percentage Mod: HP is shown in percentages
|rule|Endless Battle Clause: Forcing endless battles is banned
|rule|Species Clause: Limit one of each Pokémon
|rule|OHKO Clause: OHKO moves are banned
|rule|Evasion Items Clause: Evasion items are banned
|rule|Evasion Moves Clause: Evasion moves are banned
|rule|Evasion Abilities Clause: Evasion abilities are banned
|rule|Sleep Moves Clause: Sleep-inducing moves are banned
|clearpoke
|poke|p1|Dragonite, F|
|poke|p1|Swampert, F|
|poke|p1|Iron Hands|
|poke|p1|Zamazenta-*|
|poke|p1|Zapdos|
|poke|p1|Volcanion|
|poke|p2|Corviknight, M|
|poke|p2|Alomomola, F|
|poke|p2|Blissey, F|
|poke|p2|Deoxys-Speed|
|poke|p2|Scizor, F|
|poke|p2|Garganacl, M|
|teampreview
|inactive|Battle timer is ON: inactive players will automatically lose when time's up. (requested by Chuck2025)
|c|☆nicerioknight|Dang
|c|☆nicerioknight|Blissey is Nott going to be happy, is she?
|
|t:|1758238494
|teamsize|p1|6
|teamsize|p2|6
|start
|switch|p1a: Zapdos|Zapdos|100/100
|switch|p2a: Deoxys|Deoxys-Speed|100/100
|-ability|p2a: Deoxys|Pressure
|turn|1
|
|t:|1758238501
|move|p2a: Deoxys|Stealth Rock|p1a: Zapdos
|-sidestart|p1: Chuck2025|move: Stealth Rock
|move|p1a: Zapdos|Thunderbolt|p2a: Deoxys
|-damage|p2a: Deoxys|48/100
|
|upkeep
|turn|2
|
|t:|1758238507
|move|p2a: Deoxys|Psycho Boost|p1a: Zapdos
|-damage|p1a: Zapdos|55/100
|-unboost|p2a: Deoxys|spa|2
|-enditem|p2a: Deoxys|Eject Pack
|
|t:|1758238511
|switch|p2a: Blissey|Blissey, F|100/100
|move|p1a: Zapdos|Thunderbolt|p2a: Blissey
|-damage|p2a: Blissey|82/100
|-status|p2a: Blissey|par
|
|-heal|p2a: Blissey|88/100 par|[from] item: Leftovers
|upkeep
|turn|3
|
|t:|1758238521
|move|p1a: Zapdos|Volt Switch|p2a: Blissey
|-damage|p2a: Blissey|74/100 par
|
|t:|1758238525
|switch|p1a: Iron Hands|Iron Hands, shiny|100/100|[from] Volt Switch
|-damage|p1a: Iron Hands|94/100|[from] Stealth Rock
|cant|p2a: Blissey|par
|
|-heal|p2a: Blissey|80/100 par|[from] item: Leftovers
|upkeep
|turn|4
|
|t:|1758238534
|-curestatus|p2a: Blissey|par|[from] ability: Natural Cure
|switch|p2a: Alomomola|Alomomola, F, shiny|100/100
|move|p1a: Iron Hands|Drain Punch|p2a: Alomomola
|-damage|p2a: Alomomola|76/100
|-heal|p1a: Iron Hands|100/100|[from] drain|[of] p2a: Alomomola
|
|upkeep
|turn|5
|
|t:|1758238542
|move|p1a: Iron Hands|Drain Punch|p2a: Alomomola
|-damage|p2a: Alomomola|51/100
|move|p2a: Alomomola|Flip Turn|p1a: Iron Hands
|-damage|p1a: Iron Hands|89/100
|-damage|p2a: Alomomola|35/100|[from] item: Rocky Helmet|[of] p1a: Iron Hands
|
|t:|1758238547
|switch|p2a: Deoxys|Deoxys-Speed|48/100|[from] Flip Turn
|-ability|p2a: Deoxys|Pressure
|
|upkeep
|turn|6
|
|t:|1758238565
|-end|p1a: Iron Hands|Quark Drive|[silent]
|switch|p1a: Dragonite|Dragonite, F|100/100
|move|p2a: Deoxys|Psycho Boost|p1a: Dragonite
|-damage|p1a: Dragonite|76/100
|-unboost|p2a: Deoxys|spa|2
|
|upkeep
|turn|7
|
|t:|1758238573
|move|p1a: Dragonite|Extreme Speed|p2a: Deoxys
|-damage|p2a: Deoxys|10/100
|move|p2a: Deoxys|Taunt|p1a: Dragonite
|-start|p1a: Dragonite|move: Taunt
|
|upkeep
|turn|8
|
|t:|1758238580
|switch|p2a: Alomomola|Alomomola, F, shiny|68/100
|move|p1a: Dragonite|Extreme Speed|p2a: Alomomola
|-damage|p2a: Alomomola|52/100
|
|upkeep
|turn|9
|
|t:|1758238586
|move|p1a: Dragonite|Dragon Claw|p2a: Alomomola
|-damage|p2a: Alomomola|24/100
|move|p2a: Alomomola|Wish|p2a: Alomomola
|
|upkeep
|turn|10
|
|t:|1758238592
|move|p2a: Alomomola|Protect|p2a: Alomomola
|-singleturn|p2a: Alomomola|Protect
|move|p1a: Dragonite|Extreme Speed|p2a: Alomomola
|-activate|p2a: Alomomola|move: Protect
|
|-heal|p2a: Alomomola|74/100|[from] move: Wish|[wisher] Alomomola
|-end|p1a: Dragonite|move: Taunt
|upkeep
|turn|11
|
|t:|1758238602
|move|p1a: Dragonite|Dragon Claw|p2a: Alomomola
|-damage|p2a: Alomomola|47/100
|move|p2a: Alomomola|Wish|p2a: Alomomola
|
|upkeep
|turn|12
|
|t:|1758238607
|move|p1a: Dragonite|Extreme Speed|p2a: Alomomola
|-damage|p2a: Alomomola|30/100
|move|p2a: Alomomola|Flip Turn|p1a: Dragonite
|-resisted|p1a: Dragonite
|-damage|p1a: Dragonite|68/100
|
|t:|1758238612
|switch|p2a: Deoxys|Deoxys-Speed|10/100|[from] Flip Turn
|-ability|p2a: Deoxys|Pressure
|
|-heal|p2a: Deoxys|99/100|[from] move: Wish|[wisher] Alomomola
|upkeep
|turn|13
|
|t:|1758238620
|move|p2a: Deoxys|Reflect|p2a: Deoxys
|-sidestart|p2: nicerioknight|Reflect
|move|p1a: Dragonite|Dragon Claw|p2a: Deoxys
|-damage|p2a: Deoxys|73/100
|
|upkeep
|turn|14
|
|t:|1758238626
|move|p2a: Deoxys|Psycho Boost|p1a: Dragonite
|-damage|p1a: Dragonite|14/100
|-unboost|p2a: Deoxys|spa|2
|move|p1a: Dragonite|Dragon Claw|p2a: Deoxys
|-damage|p2a: Deoxys|49/100
|
|upkeep
|turn|15
|
|t:|1758238634
|switch|p2a: Alomomola|Alomomola, F, shiny|63/100
|move|p1a: Dragonite|Extreme Speed|p2a: Alomomola
|-damage|p2a: Alomomola|54/100
|
|upkeep
|turn|16
|
|t:|1758238642
|move|p1a: Dragonite|Ice Beam|p2a: Alomomola
|-resisted|p2a: Alomomola
|-damage|p2a: Alomomola|43/100
|move|p2a: Alomomola|Wish|p2a: Alomomola
|
|upkeep
|turn|17
|
|t:|1758238647
|move|p1a: Dragonite|Ice Beam|p2a: Alomomola
|-resisted|p2a: Alomomola
|-damage|p2a: Alomomola|32/100
|move|p2a: Alomomola|Flip Turn|p1a: Dragonite
|-resisted|p1a: Dragonite
|-damage|p1a: Dragonite|4/100
|
|t:|1758238653
|switch|p2a: Deoxys|Deoxys-Speed|49/100|[from] Flip Turn
|-ability|p2a: Deoxys|Pressure
|
|-heal|p2a: Deoxys|100/100|[from] move: Wish|[wisher] Alomomola
|-sideend|p2: nicerioknight|Reflect
|upkeep
|turn|18
|
|t:|1758238662
|switch|p2a: Alomomola|Alomomola, F, shiny|65/100
|move|p1a: Dragonite|Extreme Speed|p2a: Alomomola
|-damage|p2a: Alomomola|48/100
|
|upkeep
|turn|19
|
|t:|1758238668
|move|p1a: Dragonite|Extreme Speed|p2a: Alomomola
|-damage|p2a: Alomomola|32/100
|move|p2a: Alomomola|Wish|p2a: Alomomola
|
|upkeep
|turn|20
|
|t:|1758238674
|move|p2a: Alomomola|Protect|p2a: Alomomola
|-singleturn|p2a: Alomomola|Protect
|move|p1a: Dragonite|Dragon Claw|p2a: Alomomola
|-activate|p2a: Alomomola|move: Protect
|
|-heal|p2a: Alomomola|82/100|[from] move: Wish|[wisher] Alomomola
|upkeep
|turn|21
|
|t:|1758238683
|move|p1a: Dragonite|Dragon Claw|p2a: Alomomola
|-damage|p2a: Alomomola|55/100
|move|p2a: Alomomola|Wish|p2a: Alomomola
|
|upkeep
|turn|22
|inactive|nicerioknight has 120 seconds left.
|
|t:|1758238735
|move|p2a: Alomomola|Protect|p2a: Alomomola
|-singleturn|p2a: Alomomola|Protect
|move|p1a: Dragonite|Dragon Claw|p2a: Alomomola
|-activate|p2a: Alomomola|move: Protect
|
|-heal|p2a: Alomomola|100/100|[from] move: Wish|[wisher] Alomomola
|upkeep
|turn|23
|
|t:|1758238745
|move|p1a: Dragonite|Ice Beam|p2a: Alomomola
|-resisted|p2a: Alomomola
|-damage|p2a: Alomomola|89/100
|move|p2a: Alomomola|Flip Turn|p1a: Dragonite
|-resisted|p1a: Dragonite
|-damage|p1a: Dragonite|0 fnt
|faint|p1a: Dragonite
|
|t:|1758238755
|switch|p2a: Deoxys|Deoxys-Speed|100/100|[from] Flip Turn
|-ability|p2a: Deoxys|Pressure
|
|upkeep
|
|t:|1758238761
|switch|p1a: Iron Hands|Iron Hands, shiny|89/100
|-damage|p1a: Iron Hands|83/100|[from] Stealth Rock
|turn|24
|
|t:|1758238766
|-end|p1a: Iron Hands|Quark Drive|[silent]
|switch|p1a: Zapdos|Zapdos|55/100
|move|p2a: Deoxys|Psycho Boost|p1a: Zapdos
|-damage|p1a: Zapdos|7/100
|-unboost|p2a: Deoxys|spa|2
|
|upkeep
|turn|25
|
|t:|1758238774
|move|p2a: Deoxys|Psycho Boost|p1a: Zapdos
|-damage|p1a: Zapdos|0 fnt
|-unboost|p2a: Deoxys|spa|2
|faint|p1a: Zapdos
|
|upkeep
|-message|Chuck2025 forfeited.
|
|win|nicerioknight
|raw|Chuck2025's rating: 1288 &rarr; <strong>1260</strong><br />(-28 for losing)
|raw|nicerioknight's rating: 1250 &rarr; <strong>1278</strong><br />(+28 for winning)
|l|☆Chuck2025
|player|p1|
|c|☆nicerioknight|???
