|j|☆allkillernofiller
|j|☆ghostfreak99
|t:|1758349409
|gametype|singles
|player|p1|allkillernofiller|2|1461
|player|p2|ghostfreak99|beauty-gen4dp|1511
|gen|9
|tier|[Gen 9] OU
|rated|
|rule|HP Percentage Mod: HP is shown in percentages
|rule|Endless Battle Clause: Forcing endless battles is banned
|rule|Species Clause: Limit one of each Pokémon
|rule|OHKO Clause: OHKO moves are banned
|rule|Evasion Items Clause: Evasion items are banned
|rule|Evasion Moves Clause: Evasion moves are banned
|rule|Evasion Abilities Clause: Evasion abilities are banned
|rule|Sleep Moves Clause: Sleep-inducing moves are banned
|clearpoke
|poke|p1|Primarina, M|
|poke|p1|Ceruledge, M|
|poke|p1|Garchomp, F|
|poke|p1|Weavile, F|
|poke|p1|Slowking-Galar, M|
|poke|p1|Great Tusk|
|poke|p2|Florges, F|
|poke|p2|Dondozo, M|
|poke|p2|Dragapult, M|
|poke|p2|Landorus-Therian, M|
|poke|p2|Greninja-*, M|
|poke|p2|Cinderace, M|
|teampreview
|inactive|Battle timer is ON: inactive players will automatically lose when time's up. (requested by allkillernofiller)
|
|t:|1758349435
|teamsize|p1|6
|teamsize|p2|6
|start
|switch|p1a: Brain Stew|Slowking-Galar, M|100/100
|switch|p2a: Cinderace|Cinderace, M|100/100
|turn|1
|
|t:|1758349444
|move|p2a: Cinderace|Gunk Shot|p1a: Brain Stew
|-start|p2a: Cinderace|typechange|Poison|[from] ability: Libero
|-resisted|p1a: Brain Stew
|-damage|p1a: Brain Stew|55/100
|move|p1a: Brain Stew|Future Sight|p2a: Cinderace
|-start|p1a: Brain Stew|move: Future Sight
|
|upkeep
|turn|2
|
|t:|1758349455
|move|p2a: Cinderace|Gunk Shot|p1a: Brain Stew
|-resisted|p1a: Brain Stew
|-damage|p1a: Brain Stew|13/100
|move|p1a: Brain Stew|Thunder Wave|p2a: Cinderace|[miss]
|-miss|p1a: Brain Stew|p2a: Cinderace
|
|upkeep
|turn|3
|
|t:|1758349463
|switch|p2a: Greninja|Greninja, M|100/100
|switch|p1a: Hammerhead|Garchomp, F|100/100
|
|-end|p2a: Greninja|move: Future Sight
|-immune|p2a: Greninja
|upkeep
|turn|4
|
|t:|1758349472
|switch|p1a: Primadonna|Primarina, M|100/100
|move|p2a: Greninja|Ice Beam|p1a: Primadonna
|-resisted|p1a: Primadonna
|-damage|p1a: Primadonna|86/100
|
|-heal|p1a: Primadonna|92/100|[from] item: Leftovers
|upkeep
|turn|5
|
|t:|1758349486
|switch|p2a: Florges|Florges, F|100/100
|move|p1a: Primadonna|Substitute|p1a: Primadonna
|-start|p1a: Primadonna|Substitute
|-damage|p1a: Primadonna|67/100
|
|-heal|p1a: Primadonna|73/100|[from] item: Leftovers
|upkeep
|turn|6
|
|t:|1758349490
|move|p2a: Florges|Synthesis|p2a: Florges
|-fail|p2a: Florges|heal
|move|p1a: Primadonna|Calm Mind|p1a: Primadonna
|-boost|p1a: Primadonna|spa|1
|-boost|p1a: Primadonna|spd|1
|
|-heal|p1a: Primadonna|79/100|[from] item: Leftovers
|upkeep
|turn|7
|
|t:|1758349496
|move|p2a: Florges|Calm Mind|p2a: Florges
|-boost|p2a: Florges|spa|1
|-boost|p2a: Florges|spd|1
|move|p1a: Primadonna|Draining Kiss|p2a: Florges
|-crit|p2a: Florges
|-damage|p2a: Florges|77/100
|-heal|p1a: Primadonna|96/100|[from] drain|[of] p2a: Florges
|
|-heal|p2a: Florges|83/100|[from] item: Leftovers
|-heal|p1a: Primadonna|100/100|[from] item: Leftovers
|upkeep
|turn|8
|
|t:|1758349500
|move|p2a: Florges|Calm Mind|p2a: Florges
|-boost|p2a: Florges|spa|1
|-boost|p2a: Florges|spd|1
|move|p1a: Primadonna|Calm Mind|p1a: Primadonna
|-boost|p1a: Primadonna|spa|1
|-boost|p1a: Primadonna|spd|1
|
|-heal|p2a: Florges|89/100|[from] item: Leftovers
|upkeep
|turn|9
|
|t:|1758349503
|move|p2a: Florges|Calm Mind|p2a: Florges
|-boost|p2a: Florges|spa|1
|-boost|p2a: Florges|spd|1
|move|p1a: Primadonna|Calm Mind|p1a: Primadonna
|-boost|p1a: Primadonna|spa|1
|-boost|p1a: Primadonna|spd|1
|
|-heal|p2a: Florges|95/100|[from] item: Leftovers
|upkeep
|turn|10
|
|t:|1758349506
|move|p2a: Florges|Calm Mind|p2a: Florges
|-boost|p2a: Florges|spa|1
|-boost|p2a: Florges|spd|1
|move|p1a: Primadonna|Psychic Noise|p2a: Florges
|-damage|p2a: Florges|81/100
|-start|p2a: Florges|move: Heal Block
|
|upkeep
|turn|11
|
|t:|1758349520
|move|p2a: Florges|Calm Mind|p2a: Florges
|-boost|p2a: Florges|spa|1
|-boost|p2a: Florges|spd|1
|move|p1a: Primadonna|Calm Mind|p1a: Primadonna
|-boost|p1a: Primadonna|spa|1
|-boost|p1a: Primadonna|spd|1
|
|-end|p2a: Florges|move: Heal Block
|upkeep
|turn|12
|
|t:|1758349525
|move|p2a: Florges|Calm Mind|p2a: Florges
|-boost|p2a: Florges|spa|1
|-boost|p2a: Florges|spd|1
|move|p1a: Primadonna|Draining Kiss|p2a: Florges
|-damage|p2a: Florges|72/100
|
|-heal|p2a: Florges|78/100|[from] item: Leftovers
|upkeep
|turn|13
|
|t:|1758349533
|move|p2a: Florges|Moonblast|p1a: Primadonna
|-end|p1a: Primadonna|Substitute
|move|p1a: Primadonna|Psychic Noise|p2a: Florges
|-damage|p2a: Florges|66/100
|-start|p2a: Florges|move: Heal Block
|
|upkeep
|turn|14
|
|t:|1758349539
|move|p2a: Florges|Moonblast|p1a: Primadonna
|-damage|p1a: Primadonna|60/100
|move|p1a: Primadonna|Calm Mind|p1a: Primadonna
|-boost|p1a: Primadonna|spa|1
|-boost|p1a: Primadonna|spd|1
|
|-heal|p1a: Primadonna|66/100|[from] item: Leftovers
|-end|p2a: Florges|move: Heal Block
|upkeep
|turn|15
|
|t:|1758349543
|move|p2a: Florges|Moonblast|p1a: Primadonna
|-damage|p1a: Primadonna|34/100
|move|p1a: Primadonna|Psychic Noise|p2a: Florges
|-damage|p2a: Florges|51/100
|-start|p2a: Florges|move: Heal Block
|
|-heal|p1a: Primadonna|40/100|[from] item: Leftovers
|upkeep
|turn|16
|
|t:|1758349547
|move|p2a: Florges|Moonblast|p1a: Primadonna
|-damage|p1a: Primadonna|6/100
|move|p1a: Primadonna|Draining Kiss|p2a: Florges
|-damage|p2a: Florges|41/100
|-heal|p1a: Primadonna|14/100|[from] drain|[of] p2a: Florges
|
|-heal|p1a: Primadonna|20/100|[from] item: Leftovers
|-end|p2a: Florges|move: Heal Block
|upkeep
|turn|17
|
|t:|1758349554
|move|p2a: Florges|Moonblast|p1a: Primadonna
|-damage|p1a: Primadonna|0 fnt
|faint|p1a: Primadonna
|
|-heal|p2a: Florges|47/100|[from] item: Leftovers
|upkeep
|
|t:|1758349562
|switch|p1a: Banshee|Ceruledge, M|100/100
|turn|18
|
|t:|1758349566
|switch|p2a: Dondozo|Dondozo, M|100/100
|move|p1a: Banshee|Poltergeist|p2a: Dondozo
|-activate|p2a: Dondozo|move: Poltergeist|Leftovers
|-damage|p2a: Dondozo|73/100
|
|-heal|p2a: Dondozo|79/100|[from] item: Leftovers
|upkeep
|turn|19
|
|t:|1758349574
|switch|p1a: Hammerhead|Garchomp, F|100/100
|move|p2a: Dondozo|Body Press|p1a: Hammerhead
|-damage|p1a: Hammerhead|82/100
|-damage|p2a: Dondozo|67/100|[from] ability: Rough Skin|[of] p1a: Hammerhead
|-damage|p2a: Dondozo|50/100|[from] item: Rocky Helmet|[of] p1a: Hammerhead
|
|-heal|p2a: Dondozo|56/100|[from] item: Leftovers
|upkeep
|turn|20
|
|t:|1758349582
|move|p1a: Hammerhead|Stealth Rock|p2a: Dondozo
|-sidestart|p2: ghostfreak99|move: Stealth Rock
|move|p2a: Dondozo|Curse|p2a: Dondozo
|-unboost|p2a: Dondozo|spe|1
|-boost|p2a: Dondozo|atk|1
|-boost|p2a: Dondozo|def|1
|
|-heal|p2a: Dondozo|62/100|[from] item: Leftovers
|upkeep
|turn|21
|
|t:|1758349586
|move|p2a: Dondozo|Curse|p2a: Dondozo
|-unboost|p2a: Dondozo|spe|1
|-boost|p2a: Dondozo|atk|1
|-boost|p2a: Dondozo|def|1
|move|p1a: Hammerhead|Dragon Tail|p2a: Dondozo
|-damage|p2a: Dondozo|56/100
|drag|p2a: Dragapult|Dragapult, M|100/100
|-damage|p2a: Dragapult|88/100|[from] Stealth Rock
|
|upkeep
|turn|22
|
|t:|1758349607
|switch|p1a: Doomphan|Great Tusk|100/100
|-enditem|p1a: Doomphan|Booster Energy
|-activate|p1a: Doomphan|ability: Protosynthesis|[fromitem]
|-start|p1a: Doomphan|protosynthesisspe
|move|p2a: Dragapult|Dragon Darts|p1a: Doomphan
|-damage|p1a: Doomphan|77/100
|-anim|p2a: Dragapult|Dragon Darts|p1a: Doomphan
|-damage|p1a: Doomphan|57/100
|-damage|p2a: Dragapult|78/100|[from] item: Life Orb
|
|upkeep
|turn|23
|
|t:|1758349619
|switch|p2a: Landorus|Landorus-Therian, M|100/100
|-damage|p2a: Landorus|88/100|[from] Stealth Rock
|-ability|p2a: Landorus|Intimidate|boost
|-unboost|p1a: Doomphan|atk|1
|move|p1a: Doomphan|Ice Spinner|p2a: Landorus
|-supereffective|p2a: Landorus
|-damage|p2a: Landorus|18/100
|
|upkeep
|turn|24
|
|t:|1758349630
|move|p1a: Doomphan|Ice Spinner|p2a: Landorus
|-supereffective|p2a: Landorus
|-damage|p2a: Landorus|0 fnt
|faint|p2a: Landorus
|
|upkeep
|
|t:|1758349633
|switch|p2a: Dondozo|Dondozo, M|56/100
|-damage|p2a: Dondozo|44/100|[from] Stealth Rock
|turn|25
|
|t:|1758349643
|move|p1a: Doomphan|Headlong Rush|p2a: Dondozo
|-damage|p2a: Dondozo|20/100
|-unboost|p1a: Doomphan|def|1
|-unboost|p1a: Doomphan|spd|1
|move|p2a: Dondozo|Rest|p2a: Dondozo
|-status|p2a: Dondozo|slp|[from] move: Rest
|-heal|p2a: Dondozo|100/100 slp|[silent]
|
|upkeep
|turn|26
|
|t:|1758349652
|-end|p1a: Doomphan|Protosynthesis|[silent]
|switch|p1a: Hammerhead|Garchomp, F|82/100
|cant|p2a: Dondozo|slp
|
|upkeep
|turn|27
|
|t:|1758349658
|cant|p2a: Dondozo|slp
|move|p1a: Hammerhead|Dragon Tail|p2a: Dondozo
|-damage|p2a: Dondozo|90/100 slp
|drag|p2a: Dragapult|Dragapult, M|78/100
|-damage|p2a: Dragapult|66/100|[from] Stealth Rock
|
|upkeep
|turn|28
|
|t:|1758349667
|switch|p1a: Brain Stew|Slowking-Galar, M|46/100
|move|p2a: Dragapult|Dragon Darts|p1a: Brain Stew
|-damage|p1a: Brain Stew|9/100
|-anim|p2a: Dragapult|Dragon Darts|p1a: Brain Stew
|-damage|p1a: Brain Stew|0 fnt
|faint|p1a: Brain Stew
|-damage|p2a: Dragapult|56/100|[from] item: Life Orb
|
|upkeep
|
|t:|1758349672
|switch|p1a: Banshee|Ceruledge, M|100/100
|turn|29
|
|t:|1758349683
|switch|p2a: Florges|Florges, F|47/100
|-damage|p2a: Florges|35/100|[from] Stealth Rock
|move|p1a: Banshee|Shadow Sneak|p2a: Florges
|-damage|p2a: Florges|7/100
|
|-heal|p2a: Florges|13/100|[from] item: Leftovers
|upkeep
|turn|30
|
|t:|1758349690
|move|p1a: Banshee|Bitter Blade|p2a: Florges
|-damage|p2a: Florges|0 fnt
|faint|p2a: Florges
|
|upkeep
|
|t:|1758349699
|switch|p2a: Greninja|Greninja, M|100/100
|-damage|p2a: Greninja|88/100|[from] Stealth Rock
|turn|31
|
|t:|1758349706
|switch|p1a: Frostbite|Weavile, F|100/100
|-ability|p1a: Frostbite|Pressure
|move|p2a: Greninja|Surf|p1a: Frostbite
|-damage|p1a: Frostbite|17/100
|
|upkeep
|turn|32
|
|t:|1758349715
|move|p1a: Frostbite|Low Kick|p2a: Greninja
|-supereffective|p2a: Greninja
|-damage|p2a: Greninja|18/100
|move|p2a: Greninja|Surf|p1a: Frostbite
|-damage|p1a: Frostbite|0 fnt
|faint|p1a: Frostbite
|-ability|p2a: Greninja|Battle Bond|boost
|-boost|p2a: Greninja|atk|1
|-boost|p2a: Greninja|spa|1
|-boost|p2a: Greninja|spe|1
|-activate|p2a: Greninja|ability: Battle Bond
|
|upkeep
|
|t:|1758349722
|switch|p1a: Banshee|Ceruledge, M|100/100
|turn|33
|
|t:|1758349724
|move|p1a: Banshee|Shadow Sneak|p2a: Greninja
|-resisted|p2a: Greninja
|-damage|p2a: Greninja|0 fnt
|faint|p2a: Greninja
|
|upkeep
|
|t:|1758349730
|switch|p2a: Dragapult|Dragapult, M|56/100
|-damage|p2a: Dragapult|44/100|[from] Stealth Rock
|turn|34
|
|t:|1758349733
|move|p2a: Dragapult|Sucker Punch|p1a: Banshee
|-supereffective|p1a: Banshee
|-damage|p1a: Banshee|12/100
|-ability|p1a: Banshee|Weak Armor|boost
|-unboost|p1a: Banshee|def|1
|-boost|p1a: Banshee|spe|2
|-damage|p2a: Dragapult|34/100|[from] item: Life Orb
|move|p1a: Banshee|Shadow Sneak|p2a: Dragapult
|-supereffective|p2a: Dragapult
|-damage|p2a: Dragapult|0 fnt
|faint|p2a: Dragapult
|
|upkeep
|
|t:|1758349743
|switch|p2a: Cinderace|Cinderace, M|100/100
|-damage|p2a: Cinderace|76/100|[from] Stealth Rock
|turn|35
|
|t:|1758349748
|move|p1a: Banshee|Poltergeist|p2a: Cinderace
|-activate|p2a: Cinderace|move: Poltergeist|Choice Band
|-damage|p2a: Cinderace|0 fnt
|faint|p2a: Cinderace
|
|upkeep
|
|t:|1758349753
|switch|p2a: Dondozo|Dondozo, M|90/100 slp
|-damage|p2a: Dondozo|77/100 slp|[from] Stealth Rock
|turn|36
|
|t:|1758349761
|move|p1a: Banshee|Poltergeist|p2a: Dondozo
|-activate|p2a: Dondozo|move: Poltergeist|Leftovers
|-damage|p2a: Dondozo|48/100 slp
|-curestatus|p2a: Dondozo|slp|[msg]
|move|p2a: Dondozo|Curse|p2a: Dondozo
|-unboost|p2a: Dondozo|spe|1
|-boost|p2a: Dondozo|atk|1
|-boost|p2a: Dondozo|def|1
|
|-heal|p2a: Dondozo|54/100|[from] item: Leftovers
|upkeep
|turn|37
|
|t:|1758349769
|move|p1a: Banshee|Poltergeist|p2a: Dondozo
|-activate|p2a: Dondozo|move: Poltergeist|Leftovers
|-damage|p2a: Dondozo|35/100
|move|p2a: Dondozo|Curse|p2a: Dondozo
|-unboost|p2a: Dondozo|spe|1
|-boost|p2a: Dondozo|atk|1
|-boost|p2a: Dondozo|def|1
|
|-heal|p2a: Dondozo|42/100|[from] item: Leftovers
|upkeep
|turn|38
|
|t:|1758349778
|move|p1a: Banshee|Poltergeist|p2a: Dondozo
|-activate|p2a: Dondozo|move: Poltergeist|Leftovers
|-damage|p2a: Dondozo|29/100
|move|p2a: Dondozo|Curse|p2a: Dondozo
|-unboost|p2a: Dondozo|spe|1
|-boost|p2a: Dondozo|atk|1
|-boost|p2a: Dondozo|def|1
|
|-heal|p2a: Dondozo|35/100|[from] item: Leftovers
|upkeep
|turn|39
|
|t:|1758349786
|move|p1a: Banshee|Poltergeist|p2a: Dondozo
|-activate|p2a: Dondozo|move: Poltergeist|Leftovers
|-damage|p2a: Dondozo|24/100
|move|p2a: Dondozo|Rest|p2a: Dondozo
|-status|p2a: Dondozo|slp|[from] move: Rest
|-heal|p2a: Dondozo|100/100 slp|[silent]
|
|upkeep
|turn|40
|
|t:|1758349792
|move|p1a: Banshee|Bitter Blade|p2a: Dondozo
|-resisted|p2a: Dondozo
|-damage|p2a: Dondozo|96/100 slp
|-heal|p1a: Banshee|16/100|[from] drain|[of] p2a: Dondozo
|cant|p2a: Dondozo|slp
|
|-heal|p2a: Dondozo|100/100 slp|[from] item: Leftovers
|upkeep
|turn|41
|
|t:|1758349799
|move|p1a: Banshee|Bitter Blade|p2a: Dondozo
|-resisted|p2a: Dondozo
|-damage|p2a: Dondozo|96/100 slp
|-heal|p1a: Banshee|20/100|[from] drain|[of] p2a: Dondozo
|cant|p2a: Dondozo|slp
|
|-heal|p2a: Dondozo|100/100 slp|[from] item: Leftovers
|upkeep
|turn|42
|
|t:|1758349822
|switch|p1a: Hammerhead|Garchomp, F|82/100
|-curestatus|p2a: Dondozo|slp|[msg]
|move|p2a: Dondozo|Curse|p2a: Dondozo
|-unboost|p2a: Dondozo|spe|1
|-boost|p2a: Dondozo|atk|1
|-boost|p2a: Dondozo|def|1
|
|upkeep
|turn|43
|
|t:|1758349831
|move|p1a: Hammerhead|Earthquake|p2a: Dondozo
|-damage|p2a: Dondozo|94/100
|move|p2a: Dondozo|Curse|p2a: Dondozo
|-unboost|p2a: Dondozo|spe|1
|-boost|p2a: Dondozo|atk|1
|-boost|p2a: Dondozo|def|1
|
|-heal|p2a: Dondozo|99/100|[from] item: Leftovers
|upkeep
|turn|44
|
|t:|1758349839
|move|p1a: Hammerhead|Earthquake|p2a: Dondozo
|-damage|p2a: Dondozo|95/100
|move|p2a: Dondozo|Curse|p2a: Dondozo
|-unboost|p2a: Dondozo|spe|1
|-boost|p2a: Dondozo|atk|1
|-boost|p2a: Dondozo|def|1
|
|-heal|p2a: Dondozo|100/100|[from] item: Leftovers
|upkeep
|turn|45
|
|t:|1758349845
|move|p1a: Hammerhead|Earthquake|p2a: Dondozo
|-damage|p2a: Dondozo|95/100
|move|p2a: Dondozo|Body Press|p1a: Hammerhead
|-damage|p1a: Hammerhead|14/100
|-damage|p2a: Dondozo|83/100|[from] ability: Rough Skin|[of] p1a: Hammerhead
|-damage|p2a: Dondozo|66/100|[from] item: Rocky Helmet|[of] p1a: Hammerhead
|
|-heal|p2a: Dondozo|72/100|[from] item: Leftovers
|upkeep
|turn|46
|
|t:|1758349853
|move|p1a: Hammerhead|Earthquake|p2a: Dondozo
|-damage|p2a: Dondozo|67/100
|move|p2a: Dondozo|Body Press|p1a: Hammerhead
|-damage|p1a: Hammerhead|0 fnt
|-damage|p2a: Dondozo|55/100|[from] ability: Rough Skin|[of] p1a: Hammerhead
|-damage|p2a: Dondozo|38/100|[from] item: Rocky Helmet|[of] p1a: Hammerhead
|faint|p1a: Hammerhead
|
|-heal|p2a: Dondozo|44/100|[from] item: Leftovers
|upkeep
|
|t:|1758349856
|switch|p1a: Banshee|Ceruledge, M|20/100
|turn|47
|
|t:|1758349859
|move|p1a: Banshee|Poltergeist|p2a: Dondozo
|-activate|p2a: Dondozo|move: Poltergeist|Leftovers
|-damage|p2a: Dondozo|37/100
|move|p2a: Dondozo|Wave Crash|p1a: Banshee
|-supereffective|p1a: Banshee
|-damage|p1a: Banshee|0 fnt
|faint|p1a: Banshee
|-damage|p2a: Dondozo|33/100|[from] Recoil
|
|-heal|p2a: Dondozo|39/100|[from] item: Leftovers
|upkeep
|
|t:|1758349869
|switch|p1a: Doomphan|Great Tusk|57/100
|turn|48
|
|t:|1758349873
|-terastallize|p1a: Doomphan|Poison
|move|p1a: Doomphan|Headlong Rush|p2a: Dondozo
|-damage|p2a: Dondozo|33/100
|-unboost|p1a: Doomphan|def|1
|-unboost|p1a: Doomphan|spd|1
|move|p2a: Dondozo|Wave Crash|p1a: Doomphan
|-damage|p1a: Doomphan|0 fnt
|faint|p1a: Doomphan
|-end|p1a: Doomphan|Protosynthesis|[silent]
|-damage|p2a: Dondozo|17/100|[from] Recoil
|
|win|ghostfreak99
|raw|allkillernofiller's rating: 1461 &rarr; <strong>1444</strong><br />(-17 for losing)
|raw|ghostfreak99's rating: 1511 &rarr; <strong>1528</strong><br />(+17 for winning)
|l|☆allkillernofiller
|player|p1|
|l|☆ghostfreak99
|player|p2|
