|j|☆lzweax
|j|☆yeetasian68
|t:|1758308353
|gametype|singles
|player|p1|lzweax|1|1220
|player|p2|yeetasian68|hugh|1231
|gen|9
|tier|[Gen 9] OU
|rated|
|rule|HP Percentage Mod: HP is shown in percentages
|rule|Endless Battle Clause: Forcing endless battles is banned
|rule|Species Clause: Limit one of each Pokémon
|rule|OHKO Clause: OHKO moves are banned
|rule|Evasion Items Clause: Evasion items are banned
|rule|Evasion Moves Clause: Evasion moves are banned
|rule|Evasion Abilities Clause: Evasion abilities are banned
|rule|Sleep Moves Clause: Sleep-inducing moves are banned
|clearpoke
|poke|p1|Registeel|
|poke|p1|Landorus-Therian, M|
|poke|p1|Volcanion|
|poke|p1|Pecharunt|
|poke|p1|Araquanid, F|
|poke|p1|Raging Bolt|
|poke|p2|Iron Crown|
|poke|p2|Samurott-Hisui, F|
|poke|p2|Iron Valiant|
|poke|p2|Great Tusk|
|poke|p2|Zapdos|
|poke|p2|Iron Moth|
|teampreview
|inactive|Battle timer is ON: inactive players will automatically lose when time's up. (requested by yeetasian68)
|l|☆lzweax
|inactive|lzweax disconnected and has a minute to reconnect!
|player|p1|
|inactive|lzweax has 30 seconds to reconnect!
|j|☆lzweax
|inactive|lzweax reconnected and has 105 seconds left.
|player|p1|lzweax|1|
|
|t:|1758308402
|teamsize|p1|6
|teamsize|p2|6
|start
|switch|p1a: Registeel|Registeel, shiny|100/100
|switch|p2a: Iron Crown|Iron Crown|100/100
|turn|1
|
|t:|1758308412
|move|p2a: Iron Crown|Focus Blast|p1a: Registeel|[miss]
|-miss|p2a: Iron Crown|p1a: Registeel
|move|p1a: Registeel|Stealth Rock|p2a: Iron Crown
|-sidestart|p2: yeetasian68|move: Stealth Rock
|
|upkeep
|turn|2
|
|t:|1758308423
|move|p2a: Iron Crown|Focus Blast|p1a: Registeel|[miss]
|-miss|p2a: Iron Crown|p1a: Registeel
|move|p1a: Registeel|Thunder Wave|p2a: Iron Crown
|-status|p2a: Iron Crown|par
|
|upkeep
|turn|3
|
|t:|1758308430
|cant|p2a: Iron Crown|par
|move|p1a: Registeel|Body Press|p2a: Iron Crown
|-damage|p2a: Iron Crown|62/100 par
|
|upkeep
|turn|4
|
|t:|1758308438
|move|p2a: Iron Crown|Focus Blast|p1a: Registeel|[miss]
|-miss|p2a: Iron Crown|p1a: Registeel
|move|p1a: Registeel|Body Press|p2a: Iron Crown
|-damage|p2a: Iron Crown|23/100 par
|
|upkeep
|turn|5
|c|☆lzweax|no way
|
|t:|1758308455
|move|p2a: Iron Crown|Focus Blast|p1a: Registeel|[miss]
|-miss|p2a: Iron Crown|p1a: Registeel
|move|p1a: Registeel|Body Press|p2a: Iron Crown
|-damage|p2a: Iron Crown|0 fnt
|faint|p2a: Iron Crown
|-end|p2a: Iron Crown|Quark Drive|[silent]
|
|upkeep
|c|☆lzweax|NAH
|
|t:|1758308461
|switch|p2a: Iron Moth|Iron Moth|100/100
|-damage|p2a: Iron Moth|76/100|[from] Stealth Rock
|turn|6
|inactive|lzweax has 120 seconds left.
|
|t:|1758308502
|switch|p1a: Araquanid|Araquanid, F, shiny|100/100
|move|p2a: Iron Moth|Fiery Dance|p1a: Araquanid
|-damage|p1a: Araquanid|86/100
|
|upkeep
|turn|7
|
|t:|1758308515
|-end|p2a: Iron Moth|Quark Drive|[silent]
|switch|p2a: Zapdos|Zapdos|100/100
|move|p1a: Araquanid|Sticky Web|p2a: Zapdos
|-sidestart|p2: yeetasian68|move: Sticky Web
|
|upkeep
|turn|8
|inactive|lzweax has 120 seconds left.
|
|t:|1758308526
|move|p2a: Zapdos|Thunder Wave|p1a: Araquanid
|-status|p1a: Araquanid|par
|move|p1a: Araquanid|Poison Jab|p2a: Zapdos
|-damage|p2a: Zapdos|85/100
|
|upkeep
|turn|9
|
|t:|1758308532
|move|p2a: Zapdos|Hurricane|p1a: Araquanid
|-supereffective|p1a: Araquanid
|-damage|p1a: Araquanid|17/100 par
|move|p1a: Araquanid|Poison Jab|p2a: Zapdos
|-damage|p2a: Zapdos|69/100
|
|upkeep
|turn|10
|
|t:|1758308543
|switch|p1a: Registeel|Registeel, shiny|100/100
|move|p2a: Zapdos|Discharge|p1a: Registeel
|-damage|p1a: Registeel|72/100
|
|-heal|p1a: Registeel|78/100|[from] item: Leftovers
|upkeep
|turn|11
|
|t:|1758308554
|move|p2a: Zapdos|Thunder Wave|p1a: Registeel|[miss]
|-miss|p2a: Zapdos|p1a: Registeel
|move|p1a: Registeel|Body Press|p2a: Zapdos
|-resisted|p2a: Zapdos
|-damage|p2a: Zapdos|48/100
|
|-heal|p1a: Registeel|84/100|[from] item: Leftovers
|upkeep
|turn|12
|
|t:|1758308563
|move|p2a: Zapdos|Discharge|p1a: Registeel
|-damage|p1a: Registeel|56/100
|-status|p1a: Registeel|par
|move|p1a: Registeel|Body Press|p2a: Zapdos
|-resisted|p2a: Zapdos
|-damage|p2a: Zapdos|27/100
|
|-heal|p1a: Registeel|62/100 par|[from] item: Leftovers
|upkeep
|turn|13
|
|t:|1758308572
|move|p2a: Zapdos|Roost|p2a: Zapdos
|-heal|p2a: Zapdos|77/100
|-singleturn|p2a: Zapdos|move: Roost
|move|p1a: Registeel|Body Press|p2a: Zapdos
|-damage|p2a: Zapdos|35/100
|
|-heal|p1a: Registeel|68/100 par|[from] item: Leftovers
|upkeep
|turn|14
|
|t:|1758308583
|switch|p2a: Great Tusk|Great Tusk|100/100
|-damage|p2a: Great Tusk|98/100|[from] Stealth Rock
|-activate|p2a: Great Tusk|move: Sticky Web
|-unboost|p2a: Great Tusk|spe|1
|move|p1a: Registeel|Iron Defense|p1a: Registeel
|-boost|p1a: Registeel|def|2
|
|-heal|p1a: Registeel|74/100 par|[from] item: Leftovers
|upkeep
|turn|15
|
|t:|1758308593
|move|p2a: Great Tusk|Headlong Rush|p1a: Registeel
|-supereffective|p1a: Registeel
|-crit|p1a: Registeel
|-damage|p1a: Registeel|0 fnt
|-unboost|p2a: Great Tusk|def|1
|-unboost|p2a: Great Tusk|spd|1
|faint|p1a: Registeel
|
|upkeep
|
|t:|1758308602
|switch|p1a: Volcanion|Volcanion|100/100
|turn|16
|
|t:|1758308610
|-end|p2a: Great Tusk|Protosynthesis|[silent]
|switch|p2a: Samurott|Samurott-Hisui, F|100/100
|-damage|p2a: Samurott|88/100|[from] Stealth Rock
|-activate|p2a: Samurott|move: Sticky Web
|-unboost|p2a: Samurott|spe|1
|move|p1a: Volcanion|Steam Eruption|p2a: Samurott
|-resisted|p2a: Samurott
|-damage|p2a: Samurott|45/100
|-status|p2a: Samurott|brn
|
|-damage|p2a: Samurott|39/100 brn|[from] brn
|upkeep
|turn|17
|
|t:|1758308621
|move|p2a: Samurott|Ceaseless Edge|p1a: Volcanion
|-damage|p1a: Volcanion|72/100
|-sidestart|p1: lzweax|Spikes
|move|p1a: Volcanion|Steam Eruption|p2a: Samurott
|-resisted|p2a: Samurott
|-damage|p2a: Samurott|0 fnt
|faint|p2a: Samurott
|
|upkeep
|
|t:|1758308629
|switch|p2a: Zapdos|Zapdos|35/100
|turn|18
|
|t:|1758308640
|move|p2a: Zapdos|Discharge|p1a: Volcanion
|-supereffective|p1a: Volcanion
|-damage|p1a: Volcanion|0 fnt
|faint|p1a: Volcanion
|
|upkeep
|
|t:|1758308647
|switch|p1a: Landorus|Landorus-Therian, M, shiny|100/100
|-ability|p1a: Landorus|Intimidate|boost
|-unboost|p2a: Zapdos|atk|1
|turn|19
|
|t:|1758308653
|move|p1a: Landorus|Rock Slide|p2a: Zapdos
|-supereffective|p2a: Zapdos
|-damage|p2a: Zapdos|0 fnt
|faint|p2a: Zapdos
|
|upkeep
|
|t:|1758308660
|switch|p2a: Great Tusk|Great Tusk|98/100
|-damage|p2a: Great Tusk|95/100|[from] Stealth Rock
|-activate|p2a: Great Tusk|move: Sticky Web
|-unboost|p2a: Great Tusk|spe|1
|turn|20
|
|t:|1758308668
|switch|p1a: Pecharunt|Pecharunt|100/100
|-damage|p1a: Pecharunt|88/100|[from] Spikes
|move|p2a: Great Tusk|Headlong Rush|p1a: Pecharunt
|-supereffective|p1a: Pecharunt
|-damage|p1a: Pecharunt|28/100
|-unboost|p2a: Great Tusk|def|1
|-unboost|p2a: Great Tusk|spd|1
|-damage|p2a: Great Tusk|78/100|[from] item: Rocky Helmet|[of] p1a: Pecharunt
|
|upkeep
|turn|21
|
|t:|1758308682
|-terastallize|p2a: Great Tusk|Steel
|move|p2a: Great Tusk|Headlong Rush|p1a: Pecharunt
|-supereffective|p1a: Pecharunt
|-damage|p1a: Pecharunt|0 fnt
|-unboost|p2a: Great Tusk|def|1
|-unboost|p2a: Great Tusk|spd|1
|-damage|p2a: Great Tusk|62/100|[from] item: Rocky Helmet|[of] p1a: Pecharunt
|faint|p1a: Pecharunt
|
|upkeep
|
|t:|1758308691
|switch|p1a: Landorus|Landorus-Therian, M, shiny|100/100
|-ability|p1a: Landorus|Intimidate|boost
|-unboost|p2a: Great Tusk|atk|1
|turn|22
|
|t:|1758308696
|-end|p2a: Great Tusk|Protosynthesis|[silent]
|switch|p2a: Iron Moth|Iron Moth|76/100
|-damage|p2a: Iron Moth|51/100|[from] Stealth Rock
|-activate|p2a: Iron Moth|move: Sticky Web
|-unboost|p2a: Iron Moth|spe|1
|move|p1a: Landorus|Earthquake|p2a: Iron Moth
|-supereffective|p2a: Iron Moth
|-damage|p2a: Iron Moth|0 fnt
|faint|p2a: Iron Moth
|-end|p2a: Iron Moth|Quark Drive|[silent]
|
|upkeep
|
|t:|1758308700
|switch|p2a: Great Tusk|Great Tusk, tera:Steel|62/100
|-damage|p2a: Great Tusk|55/100|[from] Stealth Rock
|-activate|p2a: Great Tusk|move: Sticky Web
|-unboost|p2a: Great Tusk|spe|1
|turn|23
|
|t:|1758308709
|move|p1a: Landorus|Earthquake|p2a: Great Tusk
|-supereffective|p2a: Great Tusk
|-damage|p2a: Great Tusk|0 fnt
|faint|p2a: Great Tusk
|-end|p2a: Great Tusk|Protosynthesis|[silent]
|
|upkeep
|-message|yeetasian68 forfeited.
|
|win|lzweax
|raw|lzweax's rating: 1220 &rarr; <strong>1248</strong><br />(+28 for winning)
|raw|yeetasian68's rating: 1259 &rarr; <strong>1231</strong><br />(-28 for losing)
|l|☆yeetasian68
|player|p2|
|l|☆lzweax
|player|p1|
