|j|☆simmy01
|j|☆LovingsFavPupil
|t:|1758259385
|gametype|singles
|player|p1|simmy01|2|1271
|player|p2|LovingsFavPupil|265|1245
|gen|9
|tier|[Gen 9] OU
|rated|
|rule|HP Percentage Mod: HP is shown in percentages
|rule|Endless Battle Clause: Forcing endless battles is banned
|rule|Species Clause: Limit one of each Pokémon
|rule|OHKO Clause: OHKO moves are banned
|rule|Evasion Items Clause: Evasion items are banned
|rule|Evasion Moves Clause: Evasion moves are banned
|rule|Evasion Abilities Clause: Evasion abilities are banned
|rule|Sleep Moves Clause: Sleep-inducing moves are banned
|clearpoke
|poke|p1|Lokix, F|
|poke|p1|Mamoswine, F|
|poke|p1|Chandelure, M|
|poke|p1|Thundurus, M|
|poke|p1|Alomomola, F|
|poke|p1|Weezing-Galar, F|
|poke|p2|Alomomola, M|
|poke|p2|Hoopa-Unbound|
|poke|p2|Cinderace, F|
|poke|p2|Zamazenta-*|
|poke|p2|Great Tusk|
|poke|p2|Iron Valiant|
|teampreview
|inactive|Battle timer is ON: inactive players will automatically lose when time's up. (requested by simmy01)
|inactive|LovingsFavPupil also wants the timer to be on.
|
|t:|1758259419
|teamsize|p1|6
|teamsize|p2|6
|start
|switch|p1a: Mamoswine|Mamoswine, F|100/100
|switch|p2a: Hoopa|Hoopa-Unbound|100/100
|turn|1
|
|t:|1758259432
|switch|p1a: Lokix|Lokix, F, shiny|100/100
|move|p2a: Hoopa|Drain Punch|p1a: Lokix
|-damage|p1a: Lokix|64/100
|
|upkeep
|turn|2
|
|t:|1758259442
|switch|p2a: Alomomola|Alomomola, M|100/100
|move|p1a: Lokix|Leech Life|p2a: Alomomola
|-damage|p2a: Alomomola|71/100
|-heal|p1a: Lokix|92/100|[from] drain|[of] p2a: Alomomola
|-damage|p1a: Lokix|75/100|[from] item: Rocky Helmet|[of] p2a: Alomomola
|
|upkeep
|turn|3
|
|t:|1758259457
|switch|p1a: Weezing|Weezing-Galar, F|100/100
|-ability|p1a: Weezing|Neutralizing Gas
|move|p2a: Alomomola|Scald|p1a: Weezing
|-damage|p1a: Weezing|83/100
|
|-heal|p1a: Weezing|89/100|[from] item: Leftovers
|upkeep
|turn|4
|inactive|simmy01 has 120 seconds left.
|
|t:|1758259492
|switch|p2a: Cinderace|Cinderace, F|100/100
|move|p1a: Weezing|Will-O-Wisp|p2a: Cinderace
|-immune|p2a: Cinderace
|
|-heal|p1a: Weezing|95/100|[from] item: Leftovers
|upkeep
|turn|5
|inactive|simmy01 has 120 seconds left.
|
|t:|1758259503
|-end|p1a: Weezing|ability: Neutralizing Gas
|switch|p1a: Alomomola|Alomomola, F|100/100
|move|p2a: Cinderace|U-turn|p1a: Alomomola
|-start|p2a: Cinderace|typechange|Bug|[from] ability: Libero
|-damage|p1a: Alomomola|79/100
|
|t:|1758259513
|switch|p2a: Great Tusk|Great Tusk|100/100|[from] U-turn
|
|upkeep
|turn|6
|inactive|simmy01 has 120 seconds left.
|
|t:|1758259530
|move|p2a: Great Tusk|Stealth Rock|p1a: Alomomola
|-sidestart|p1: simmy01|move: Stealth Rock
|move|p1a: Alomomola|Scald|p2a: Great Tusk
|-supereffective|p2a: Great Tusk
|-damage|p2a: Great Tusk|58/100
|
|upkeep
|turn|7
|
|t:|1758259545
|-end|p2a: Great Tusk|Protosynthesis|[silent]
|switch|p2a: Alomomola|Alomomola, M|71/100
|move|p1a: Alomomola|Flip Turn|p2a: Alomomola
|-resisted|p2a: Alomomola
|-damage|p2a: Alomomola|67/100
|-damage|p1a: Alomomola|63/100|[from] item: Rocky Helmet|[of] p2a: Alomomola
|
|t:|1758259549
|switch|p1a: Thundurus|Thundurus, M|100/100|[from] Flip Turn
|
|upkeep
|turn|8
|
|t:|1758259562
|switch|p2a: Hoopa|Hoopa-Unbound|100/100
|move|p1a: Thundurus|Nasty Plot|p1a: Thundurus
|-boost|p1a: Thundurus|spa|2
|
|upkeep
|turn|9
|inactive|simmy01 has 120 seconds left.
|inactive|LovingsFavPupil has 120 seconds left.
|
|t:|1758259612
|move|p1a: Thundurus|Thunder Wave|p2a: Hoopa
|-hint|Since gen 7, Dark is immune to Prankster moves.
|-immune|p2a: Hoopa
|move|p2a: Hoopa|Knock Off|p1a: Thundurus
|-damage|p1a: Thundurus|30/100
|-enditem|p1a: Thundurus|Heavy-Duty Boots|[from] move: Knock Off|[of] p2a: Hoopa
|
|upkeep
|turn|10
|inactive|simmy01 has 120 seconds left.
|-message|simmy01 forfeited.
|
|win|LovingsFavPupil
|raw|simmy01's rating: 1271 &rarr; <strong>1244</strong><br />(-27 for losing)
|raw|LovingsFavPupil's rating: 1245 &rarr; <strong>1272</strong><br />(+27 for winning)
|l|☆simmy01
|player|p1|
|l|☆LovingsFavPupil
|player|p2|
