|j|‽LONDONNOMAD216
|j|☆niuniu_IL
|t:|1758344929
|gametype|singles
|player|p1|LONDONNOMAD216|170|1161
|player|p2|niuniu_IL|266|1178
|gen|9
|tier|[Gen 9] OU
|rated|
|rule|HP Percentage Mod: HP is shown in percentages
|rule|Endless Battle Clause: Forcing endless battles is banned
|rule|Species Clause: Limit one of each Pokémon
|rule|OHKO Clause: OHKO moves are banned
|rule|Evasion Items Clause: Evasion items are banned
|rule|Evasion Moves Clause: Evasion moves are banned
|rule|Evasion Abilities Clause: Evasion abilities are banned
|rule|Sleep Moves Clause: Sleep-inducing moves are banned
|clearpoke
|poke|p1|Kingambit, M|
|poke|p1|Deoxys-Speed|
|poke|p1|Great Tusk|
|poke|p1|Dragonite, M|
|poke|p1|Iron Moth|
|poke|p1|Primarina, M|
|poke|p2|Charizard, M|
|poke|p2|Gyarados, F|
|poke|p2|Pelipper, M|
|poke|p2|Empoleon, F|
|poke|p2|Poliwrath, M|
|poke|p2|Cryogonal|
|teampreview
|inactive|Battle timer is ON: inactive players will automatically lose when time's up. (requested by LONDONNOMAD216)
|
|t:|1758344947
|teamsize|p1|6
|teamsize|p2|6
|start
|switch|p1a: Primarina|Primarina, M|100/100
|switch|p2a: Empoleon|Empoleon, F|100/100
|turn|1
|
|t:|1758344959
|switch|p1a: Great Tusk|Great Tusk|100/100
|-enditem|p1a: Great Tusk|Booster Energy
|-activate|p1a: Great Tusk|ability: Protosynthesis|[fromitem]
|-start|p1a: Great Tusk|protosynthesisatk
|move|p2a: Empoleon|Stealth Rock|p1a: Great Tusk
|-sidestart|p1: LONDONNOMAD216|move: Stealth Rock
|
|upkeep
|turn|2
|
|t:|1758344970
|switch|p2a: Gyarados|Gyarados, F|100/100
|move|p1a: Great Tusk|Close Combat|p2a: Gyarados
|-resisted|p2a: Gyarados
|-damage|p2a: Gyarados|53/100
|-unboost|p1a: Great Tusk|def|1
|-unboost|p1a: Great Tusk|spd|1
|
|upkeep
|turn|3
|
|t:|1758344992
|-end|p1a: Great Tusk|Protosynthesis|[silent]
|switch|p1a: Primarina|Primarina, M|100/100
|-damage|p1a: Primarina|88/100|[from] Stealth Rock
|move|p2a: Gyarados|Dragon Dance|p2a: Gyarados
|-boost|p2a: Gyarados|atk|1
|-boost|p2a: Gyarados|spe|1
|
|upkeep
|turn|4
|
|t:|1758345004
|move|p2a: Gyarados|Waterfall|p1a: Primarina
|-resisted|p1a: Primarina
|-damage|p1a: Primarina|34/100
|-damage|p2a: Gyarados|43/100|[from] item: Life Orb
|move|p1a: Primarina|Moonblast|p2a: Gyarados
|-damage|p2a: Gyarados|0 fnt
|faint|p2a: Gyarados
|
|upkeep
|
|t:|1758345019
|switch|p2a: Pelipper|Pelipper, M|100/100
|-weather|RainDance|[from] ability: Drizzle|[of] p2a: Pelipper
|turn|5
|
|t:|1758345024
|move|p1a: Primarina|Moonblast|p2a: Pelipper
|-damage|p2a: Pelipper|28/100
|move|p2a: Pelipper|U-turn|p1a: Primarina
|-resisted|p1a: Primarina
|-damage|p1a: Primarina|28/100
|
|t:|1758345034
|switch|p2a: Charizard|Charizard, M|100/100|[from] U-turn
|
|-weather|RainDance|[upkeep]
|upkeep
|turn|6
|
|t:|1758345041
|move|p2a: Charizard|Hurricane|p1a: Primarina
|-damage|p1a: Primarina|0 fnt
|faint|p1a: Primarina
|
|-weather|RainDance|[upkeep]
|upkeep
|
|t:|1758345048
|switch|p1a: Iron Moth|Iron Moth|100/100
|-damage|p1a: Iron Moth|76/100|[from] Stealth Rock
|-enditem|p1a: Iron Moth|Booster Energy
|-activate|p1a: Iron Moth|ability: Quark Drive|[fromitem]
|-start|p1a: Iron Moth|quarkdrivespe
|turn|7
|
|t:|1758345058
|-terastallize|p2a: Charizard|Water
|move|p1a: Iron Moth|Sludge Wave|p2a: Charizard
|-damage|p2a: Charizard|41/100
|move|p2a: Charizard|Weather Ball|p1a: Iron Moth
|-supereffective|p1a: Iron Moth
|-damage|p1a: Iron Moth|0 fnt
|faint|p1a: Iron Moth
|-end|p1a: Iron Moth|Quark Drive|[silent]
|
|-weather|RainDance|[upkeep]
|upkeep
|
|t:|1758345067
|switch|p1a: Dragonite|Dragonite, M|100/100
|-damage|p1a: Dragonite|76/100|[from] Stealth Rock
|turn|8
|
|t:|1758345072
|-terastallize|p1a: Dragonite|Normal
|move|p1a: Dragonite|Extreme Speed|p2a: Charizard
|-damage|p2a: Charizard|0 fnt
|faint|p2a: Charizard
|
|-weather|RainDance|[upkeep]
|-heal|p1a: Dragonite|82/100|[from] item: Leftovers
|upkeep
|
|t:|1758345092
|switch|p2a: Empoleon|Empoleon, F|100/100
|turn|9
|
|t:|1758345110
|switch|p1a: Kingambit|Kingambit, M|100/100
|-damage|p1a: Kingambit|94/100|[from] Stealth Rock
|-activate|p1a: Kingambit|ability: Supreme Overlord
|-start|p1a: Kingambit|fallen2|[silent]
|move|p2a: Empoleon|Surf|p1a: Kingambit
|-damage|p1a: Kingambit|24/100
|
|-weather|RainDance|[upkeep]
|-heal|p1a: Kingambit|30/100|[from] item: Leftovers
|upkeep
|turn|10
|
|t:|1758345122
|move|p1a: Kingambit|Sucker Punch|p2a: Empoleon
|-damage|p2a: Empoleon|50/100
|move|p2a: Empoleon|Surf|p1a: Kingambit
|-damage|p1a: Kingambit|0 fnt
|faint|p1a: Kingambit
|-end|p1a: Kingambit|fallen2|[silent]
|
|-weather|RainDance|[upkeep]
|-heal|p2a: Empoleon|56/100|[from] item: Leftovers
|upkeep
|
|t:|1758345134
|switch|p1a: Great Tusk|Great Tusk|100/100
|-damage|p1a: Great Tusk|98/100|[from] Stealth Rock
|turn|11
|
|t:|1758345144
|switch|p2a: Cryogonal|Cryogonal|100/100
|move|p1a: Great Tusk|Close Combat|p2a: Cryogonal
|-supereffective|p2a: Cryogonal
|-damage|p2a: Cryogonal|0 fnt
|-unboost|p1a: Great Tusk|def|1
|-unboost|p1a: Great Tusk|spd|1
|faint|p2a: Cryogonal
|
|-weather|RainDance|[upkeep]
|upkeep
|
|t:|1758345153
|switch|p2a: Empoleon|Empoleon, F|56/100
|turn|12
|
|t:|1758345161
|move|p1a: Great Tusk|Close Combat|p2a: Empoleon
|-supereffective|p2a: Empoleon
|-damage|p2a: Empoleon|0 fnt
|-unboost|p1a: Great Tusk|def|1
|-unboost|p1a: Great Tusk|spd|1
|faint|p2a: Empoleon
|
|-weather|none
|upkeep
|
|t:|1758345170
|switch|p2a: Pelipper|Pelipper, M|28/100
|-weather|RainDance|[from] ability: Drizzle|[of] p2a: Pelipper
|turn|13
|
|t:|1758345182
|move|p1a: Great Tusk|Close Combat|p2a: Pelipper
|-resisted|p2a: Pelipper
|-damage|p2a: Pelipper|0 fnt
|-unboost|p1a: Great Tusk|def|1
|-unboost|p1a: Great Tusk|spd|1
|faint|p2a: Pelipper
|
|-weather|RainDance|[upkeep]
|upkeep
|
|t:|1758345189
|switch|p2a: Poliwrath|Poliwrath, M|100/100
|turn|14
|inactive|LONDONNOMAD216 has 120 seconds left.
|l|☆niuniu_IL
|inactive|niuniu_IL disconnected and has a minute to reconnect!
|player|p2|
|j|☆niuniu_IL
|inactive|niuniu_IL reconnected.
|player|p2|niuniu_IL|266|
|
|t:|1758345236
|-end|p1a: Great Tusk|Protosynthesis|[silent]
|switch|p1a: Dragonite|Dragonite, M, tera:Normal|82/100
|-damage|p1a: Dragonite|70/100|[from] Stealth Rock
|move|p2a: Poliwrath|Belly Drum|p2a: Poliwrath
|-damage|p2a: Poliwrath|50/100
|-setboost|p2a: Poliwrath|atk|6|[from] move: Belly Drum
|-enditem|p2a: Poliwrath|Sitrus Berry|[eat]
|-heal|p2a: Poliwrath|75/100|[from] item: Sitrus Berry
|
|-weather|RainDance|[upkeep]
|-heal|p1a: Dragonite|76/100|[from] item: Leftovers
|upkeep
|turn|15
|
|t:|1758345260
|move|p1a: Dragonite|Extreme Speed|p2a: Poliwrath
|-damage|p2a: Poliwrath|25/100
|move|p2a: Poliwrath|Drain Punch|p1a: Dragonite
|-supereffective|p1a: Dragonite
|-damage|p1a: Dragonite|0 fnt
|-heal|p2a: Poliwrath|63/100|[from] drain|[of] p1a: Dragonite
|faint|p1a: Dragonite
|
|-weather|RainDance|[upkeep]
|upkeep
|
|t:|1758345272
|switch|p1a: Great Tusk|Great Tusk|98/100
|-damage|p1a: Great Tusk|95/100|[from] Stealth Rock
|turn|16
|
|t:|1758345278
|move|p2a: Poliwrath|Drain Punch|p1a: Great Tusk
|-damage|p1a: Great Tusk|0 fnt
|-heal|p2a: Poliwrath|100/100|[from] drain|[of] p1a: Great Tusk
|faint|p1a: Great Tusk
|-end|p1a: Great Tusk|Protosynthesis|[silent]
|
|-weather|RainDance|[upkeep]
|upkeep
|
|t:|1758345284
|switch|p1a: Deoxys|Deoxys-Speed|100/100
|-damage|p1a: Deoxys|88/100|[from] Stealth Rock
|-ability|p1a: Deoxys|Pressure
|turn|17
|
|t:|1758345291
|move|p2a: Poliwrath|Liquidation|p1a: Deoxys
|-damage|p1a: Deoxys|0 fnt
|faint|p1a: Deoxys
|
|win|niuniu_IL
|raw|LONDONNOMAD216's rating: 1161 &rarr; <strong>1137</strong><br />(-24 for losing)
|raw|niuniu_IL's rating: 1178 &rarr; <strong>1202</strong><br />(+24 for winning)
|c|☆niuniu_IL|Gg
|l|‽LONDONNOMAD216
|player|p1|
|l|☆niuniu_IL
|player|p2|
