|j|☆A Fried Dumpling
|j|☆burrito_theinferno
|t:|1758326571
|gametype|singles
|player|p1|A Fried Dumpling|lucas|1117
|player|p2|burrito_theinferno|1|1138
|gen|9
|tier|[Gen 9] OU
|rated|
|rule|HP Percentage Mod: HP is shown in percentages
|rule|Endless Battle Clause: Forcing endless battles is banned
|rule|Species Clause: Limit one of each Pokémon
|rule|OHKO Clause: OHKO moves are banned
|rule|Evasion Items Clause: Evasion items are banned
|rule|Evasion Moves Clause: Evasion moves are banned
|rule|Evasion Abilities Clause: Evasion abilities are banned
|rule|Sleep Moves Clause: Sleep-inducing moves are banned
|clearpoke
|poke|p1|Hatterene, F|
|poke|p1|Ursaluna, M|
|poke|p1|Porygon2|
|poke|p1|Cresselia, F|
|poke|p1|Malamar, M|
|poke|p1|Torkoal, M|
|poke|p2|Komala, F|
|poke|p2|Garchomp, M|
|poke|p2|Swalot, F|
|poke|p2|Espeon, M|
|poke|p2|Dragonite, M|
|poke|p2|Blaziken, F|
|teampreview
|
|t:|1758326589
|teamsize|p1|6
|teamsize|p2|6
|start
|switch|p1a: Brand|Hatterene, F, shiny|100/100
|switch|p2a: Garchomp|Garchomp, M|100/100
|turn|1
|inactive|Battle timer is ON: inactive players will automatically lose when time's up. (requested by burrito_theinferno)
|
|t:|1758326604
|move|p2a: Garchomp|Stealth Rock|p1a: Brand
|move|p1a: Brand|Stealth Rock|p2a: Garchomp|[from] ability: Magic Bounce
|-sidestart|p2: burrito_theinferno|move: Stealth Rock
|move|p1a: Brand|Trick Room|p1a: Brand
|-fieldstart|move: Trick Room|[of] p1a: Brand
|
|upkeep
|turn|2
|
|t:|1758326616
|move|p1a: Brand|Dazzling Gleam|p2a: Garchomp
|-supereffective|p2a: Garchomp
|-damage|p2a: Garchomp|13/100
|move|p2a: Garchomp|Earthquake|p1a: Brand
|-damage|p1a: Brand|54/100
|
|upkeep
|turn|3
|
|t:|1758326630
|move|p1a: Brand|Psychic Noise|p2a: Garchomp
|-damage|p2a: Garchomp|0 fnt
|faint|p2a: Garchomp
|
|upkeep
|
|t:|1758326634
|switch|p2a: Swalot|Swalot, F|100/100
|-damage|p2a: Swalot|88/100|[from] Stealth Rock
|turn|4
|
|t:|1758326654
|move|p1a: Brand|Psychic Noise|p2a: Swalot
|-supereffective|p2a: Swalot
|-damage|p2a: Swalot|11/100
|-start|p2a: Swalot|move: Heal Block
|-enditem|p2a: Swalot|Starf Berry|[eat]
|-boost|p2a: Swalot|def|2|[from] item: Starf Berry
|move|p2a: Swalot|Stuff Cheeks||[still]
|-fail|p2a: Swalot
|
|upkeep
|turn|5
|
|t:|1758326665
|move|p1a: Brand|Psychic Noise|p2a: Swalot
|-supereffective|p2a: Swalot
|-damage|p2a: Swalot|0 fnt
|faint|p2a: Swalot
|
|-fieldend|move: Trick Room
|upkeep
|
|t:|1758326672
|switch|p2a: Blaziken|Blaziken, F|100/100
|-damage|p2a: Blaziken|88/100|[from] Stealth Rock
|turn|6
|
|t:|1758326676
|move|p2a: Blaziken|Flare Blitz|p1a: Brand
|-damage|p1a: Brand|0 fnt
|faint|p1a: Brand
|-damage|p2a: Blaziken|70/100|[from] Recoil
|-damage|p2a: Blaziken|60/100|[from] item: Life Orb
|
|-ability|p2a: Blaziken|Speed Boost|boost
|-boost|p2a: Blaziken|spe|1
|upkeep
|
|t:|1758326683
|switch|p1a: Miller|Cresselia, F, shiny|100/100
|turn|7
|
|t:|1758326690
|move|p2a: Blaziken|Flare Blitz|p1a: Miller
|-damage|p1a: Miller|56/100
|-damage|p2a: Blaziken|38/100|[from] Recoil
|-damage|p2a: Blaziken|28/100|[from] item: Life Orb
|move|p1a: Miller|Trick Room|p1a: Miller
|-fieldstart|move: Trick Room|[of] p1a: Miller
|
|-ability|p2a: Blaziken|Speed Boost|boost
|-boost|p2a: Blaziken|spe|1
|upkeep
|turn|8
|
|t:|1758326701
|switch|p2a: Komala|Komala, F|100/100
|-damage|p2a: Komala|88/100|[from] Stealth Rock
|-ability|p2a: Komala|Comatose
|move|p1a: Miller|Psychic|p2a: Komala
|-damage|p2a: Komala|63/100
|
|-heal|p2a: Komala|69/100|[from] item: Leftovers
|upkeep
|turn|9
|
|t:|1758326708
|move|p1a: Miller|Psychic|p2a: Komala
|-damage|p2a: Komala|46/100
|move|p2a: Komala|Rapid Spin|p1a: Miller
|-damage|p1a: Miller|43/100
|-boost|p2a: Komala|spe|1
|-sideend|p2: burrito_theinferno|Stealth Rock|[from] move: Rapid Spin|[of] p2a: Komala
|
|-heal|p2a: Komala|53/100|[from] item: Leftovers
|upkeep
|turn|10
|
|t:|1758326714
|move|p1a: Miller|Psychic|p2a: Komala
|-damage|p2a: Komala|28/100
|-unboost|p2a: Komala|spd|1
|move|p2a: Komala|Knock Off|p1a: Miller
|-supereffective|p1a: Miller
|-damage|p1a: Miller|12/100
|-enditem|p1a: Miller|Mental Herb|[from] move: Knock Off|[of] p2a: Komala
|
|-heal|p2a: Komala|35/100|[from] item: Leftovers
|upkeep
|turn|11
|
|t:|1758326722
|switch|p1a: Alien|Malamar, M|100/100
|-enditem|p1a: Alien|Room Service
|-boost|p1a: Alien|spe|1|[from] item: Room Service
|move|p2a: Komala|Knock Off|p1a: Alien
|-damage|p1a: Alien|77/100
|
|-heal|p2a: Komala|41/100|[from] item: Leftovers
|-fieldend|move: Trick Room
|upkeep
|turn|12
|
|t:|1758326733
|move|p1a: Alien|Superpower|p2a: Komala
|-supereffective|p2a: Komala
|-damage|p2a: Komala|0 fnt
|-boost|p1a: Alien|atk|1
|-boost|p1a: Alien|def|1
|faint|p2a: Komala
|
|upkeep
|
|t:|1758326743
|switch|p2a: Espeon|Espeon, M|100/100
|turn|13
|
|t:|1758326755
|move|p2a: Espeon|Alluring Voice|p1a: Alien
|-supereffective|p1a: Alien
|-damage|p1a: Alien|0 fnt
|faint|p1a: Alien
|
|upkeep
|
|t:|1758326762
|switch|p1a: TARS|Porygon2, shiny|100/100
|-ability|p1a: TARS|Download|boost
|-boost|p1a: TARS|atk|1
|turn|14
|
|t:|1758326769
|move|p2a: Espeon|Alluring Voice|p1a: TARS
|-damage|p1a: TARS|79/100
|move|p1a: TARS|Tera Blast|p2a: Espeon
|-damage|p2a: Espeon|51/100
|
|upkeep
|turn|15
|
|t:|1758326788
|move|p2a: Espeon|Alluring Voice|p1a: TARS
|-damage|p1a: TARS|58/100
|move|p1a: TARS|Tera Blast|p2a: Espeon
|-damage|p2a: Espeon|3/100
|
|upkeep
|turn|16
|
|t:|1758326794
|move|p2a: Espeon|Alluring Voice|p1a: TARS
|-damage|p1a: TARS|39/100
|move|p1a: TARS|Tera Blast|p2a: Espeon
|-damage|p2a: Espeon|0 fnt
|faint|p2a: Espeon
|
|upkeep
|
|t:|1758326802
|switch|p2a: Dragonite|Dragonite, M|100/100
|turn|17
|
|t:|1758326811
|-terastallize|p2a: Dragonite|Fire
|move|p2a: Dragonite|Dragon Dance|p2a: Dragonite
|-boost|p2a: Dragonite|atk|1
|-boost|p2a: Dragonite|spe|1
|move|p1a: TARS|Trick Room|p1a: TARS
|-fieldstart|move: Trick Room|[of] p1a: TARS
|
|upkeep
|turn|18
|
|t:|1758326820
|move|p1a: TARS|Tera Blast|p2a: Dragonite
|-damage|p2a: Dragonite|80/100
|move|p2a: Dragonite|Dragon Claw|p1a: TARS
|-damage|p1a: TARS|0 fnt
|faint|p1a: TARS
|
|upkeep
|
|t:|1758326823
|switch|p1a: Mann|Ursaluna, M|100/100
|turn|19
|
|t:|1758326828
|move|p2a: Dragonite|Extreme Speed|p1a: Mann
|-damage|p1a: Mann|69/100
|move|p1a: Mann|Headlong Rush|p2a: Dragonite
|-supereffective|p2a: Dragonite
|-damage|p2a: Dragonite|0 fnt
|-unboost|p1a: Mann|def|1
|-unboost|p1a: Mann|spd|1
|faint|p2a: Dragonite
|
|-status|p1a: Mann|brn|[from] item: Flame Orb
|upkeep
|
|t:|1758326834
|switch|p2a: Blaziken|Blaziken, F|28/100
|turn|20
|
|t:|1758326839
|-terastallize|p1a: Mann|Normal
|move|p1a: Mann|Facade|p2a: Blaziken
|-damage|p2a: Blaziken|0 fnt
|faint|p2a: Blaziken
|
|win|A Fried Dumpling
|raw|A Fried Dumpling's rating: 1117 &rarr; <strong>1144</strong><br />(+27 for winning)
|raw|burrito_theinferno's rating: 1138 &rarr; <strong>1111</strong><br />(-27 for losing)
