|j|☆Celestial_dubkun
|j|☆Shibuya Arc
|t:|1758356212
|gametype|singles
|player|p1|Celestial_dubkun|hiker-gen4|1658
|player|p2|Shibuya Arc|101|1675
|gen|9
|tier|[Gen 9] OU
|rated|
|rule|HP Percentage Mod: HP is shown in percentages
|rule|Endless Battle Clause: Forcing endless battles is banned
|rule|Species Clause: Limit one of each Pokémon
|rule|OHKO Clause: OHKO moves are banned
|rule|Evasion Items Clause: Evasion items are banned
|rule|Evasion Moves Clause: Evasion moves are banned
|rule|Evasion Abilities Clause: Evasion abilities are banned
|rule|Sleep Moves Clause: Sleep-inducing moves are banned
|clearpoke
|poke|p1|Toxapex, F|
|poke|p1|Goodra-Hisui, F|
|poke|p1|Corviknight, F|
|poke|p1|Great Tusk|
|poke|p1|Enamorus, F|
|poke|p1|Darkrai|
|poke|p2|Dragapult, M|
|poke|p2|Dragonite, F|
|poke|p2|Ting-Lu|
|poke|p2|Weezing-Galar, F|
|poke|p2|Iron Crown|
|poke|p2|Zapdos|
|teampreview
|inactive|Battle timer is ON: inactive players will automatically lose when time's up. (requested by Shibuya Arc)
|
|t:|1758356222
|teamsize|p1|6
|teamsize|p2|6
|start
|switch|p1a: Enamorus|Enamorus, F|100/100
|switch|p2a: Ting-Lu|Ting-Lu|100/100
|-ability|p2a: Ting-Lu|Vessel of Ruin
|turn|1
|
|t:|1758356229
|-terastallize|p2a: Ting-Lu|Water
|move|p1a: Enamorus|Moonblast|p2a: Ting-Lu
|-damage|p2a: Ting-Lu|70/100
|-unboost|p2a: Ting-Lu|spa|1
|move|p2a: Ting-Lu|Ruination|p1a: Enamorus|[miss]
|-miss|p2a: Ting-Lu|p1a: Enamorus
|
|-heal|p2a: Ting-Lu|76/100|[from] item: Leftovers
|upkeep
|turn|2
|
|t:|1758356238
|move|p1a: Enamorus|Moonblast|p2a: Ting-Lu
|-damage|p2a: Ting-Lu|45/100
|move|p2a: Ting-Lu|Stealth Rock|p1a: Enamorus
|-sidestart|p1: Celestial_dubkun|move: Stealth Rock
|
|-heal|p2a: Ting-Lu|51/100|[from] item: Leftovers
|upkeep
|turn|3
|
|t:|1758356244
|move|p1a: Enamorus|Moonblast|p2a: Ting-Lu
|-damage|p2a: Ting-Lu|21/100
|move|p2a: Ting-Lu|Ruination|p1a: Enamorus
|-damage|p1a: Enamorus|51/100
|
|-heal|p2a: Ting-Lu|27/100|[from] item: Leftovers
|upkeep
|turn|4
|
|t:|1758356251
|move|p1a: Enamorus|Moonblast|p2a: Ting-Lu
|-damage|p2a: Ting-Lu|0 fnt
|faint|p2a: Ting-Lu
|
|upkeep
|
|t:|1758356258
|switch|p2a: Iron Crown|Iron Crown|100/100
|turn|5
|
|t:|1758356265
|switch|p1a: Great Tusk|Great Tusk|100/100
|move|p2a: Iron Crown|Volt Switch|p1a: Great Tusk
|-immune|p1a: Great Tusk
|
|upkeep
|turn|6
|
|t:|1758356272
|-end|p2a: Iron Crown|Quark Drive|[silent]
|switch|p2a: Zapdos|Zapdos|100/100
|move|p1a: Great Tusk|Rapid Spin|p2a: Zapdos
|-damage|p2a: Zapdos|82/100
|-boost|p1a: Great Tusk|spe|1
|-sideend|p1: Celestial_dubkun|Stealth Rock|[from] move: Rapid Spin|[of] p1a: Great Tusk
|
|upkeep
|turn|7
|
|t:|1758356280
|-end|p1a: Great Tusk|Protosynthesis|[silent]
|switch|p1a: Goodra|Goodra-Hisui, F|100/100
|move|p2a: Zapdos|Hurricane|p1a: Goodra
|-resisted|p1a: Goodra
|-damage|p1a: Goodra|89/100
|-start|p1a: Goodra|confusion
|
|upkeep
|turn|8
|
|t:|1758356291
|move|p2a: Zapdos|Volt Switch|p1a: Goodra
|-resisted|p1a: Goodra
|-damage|p1a: Goodra|81/100
|
|t:|1758356297
|switch|p2a: Iron Crown|Iron Crown|100/100|[from] Volt Switch
|-activate|p1a: Goodra|confusion
|move|p1a: Goodra|Knock Off|p2a: Iron Crown
|-supereffective|p2a: Iron Crown
|-damage|p2a: Iron Crown|31/100
|-enditem|p2a: Iron Crown|Choice Specs|[from] move: Knock Off|[of] p1a: Goodra
|
|upkeep
|turn|9
|
|t:|1758356312
|move|p2a: Iron Crown|Focus Blast|p1a: Goodra|[miss]
|-miss|p2a: Iron Crown|p1a: Goodra
|-activate|p1a: Goodra|confusion
|move|p1a: Goodra|Knock Off|p2a: Iron Crown
|-supereffective|p2a: Iron Crown
|-damage|p2a: Iron Crown|0 fnt
|faint|p2a: Iron Crown
|-end|p2a: Iron Crown|Quark Drive|[silent]
|
|upkeep
|
|t:|1758356319
|switch|p2a: Dragapult|Dragapult, M|100/100
|turn|10
|
|t:|1758356332
|move|p2a: Dragapult|U-turn|p1a: Goodra
|-resisted|p1a: Goodra
|-damage|p1a: Goodra|72/100
|
|t:|1758356339
|switch|p2a: Zapdos|Zapdos|82/100|[from] U-turn
|-end|p1a: Goodra|confusion
|move|p1a: Goodra|Knock Off|p2a: Zapdos
|-damage|p2a: Zapdos|46/100
|-enditem|p2a: Zapdos|Heavy-Duty Boots|[from] move: Knock Off|[of] p1a: Goodra
|
|upkeep
|turn|11
|
|t:|1758356348
|move|p2a: Zapdos|Roost|p2a: Zapdos
|-heal|p2a: Zapdos|96/100
|-singleturn|p2a: Zapdos|move: Roost
|move|p1a: Goodra|Earthquake|p2a: Zapdos
|-supereffective|p2a: Zapdos
|-damage|p2a: Zapdos|25/100
|
|upkeep
|turn|12
|
|t:|1758356368
|move|p2a: Zapdos|Roost|p2a: Zapdos
|-heal|p2a: Zapdos|75/100
|-singleturn|p2a: Zapdos|move: Roost
|move|p1a: Goodra|Dragon Tail|p2a: Zapdos
|-damage|p2a: Zapdos|42/100
|drag|p2a: Dragapult|Dragapult, M|100/100
|
|upkeep
|turn|13
|
|t:|1758356381
|move|p2a: Dragapult|Will-O-Wisp|p1a: Goodra
|-status|p1a: Goodra|brn
|move|p1a: Goodra|Knock Off|p2a: Dragapult
|-supereffective|p2a: Dragapult
|-damage|p2a: Dragapult|57/100
|-enditem|p2a: Dragapult|Heavy-Duty Boots|[from] move: Knock Off|[of] p1a: Goodra
|
|-damage|p1a: Goodra|66/100 brn|[from] brn
|upkeep
|turn|14
|
|t:|1758356389
|move|p2a: Dragapult|U-turn|p1a: Goodra
|-resisted|p1a: Goodra
|-damage|p1a: Goodra|57/100 brn
|
|t:|1758356396
|switch|p2a: Zapdos|Zapdos|42/100|[from] U-turn
|move|p1a: Goodra|Dragon Tail|p2a: Zapdos
|-damage|p2a: Zapdos|23/100
|drag|p2a: Dragonite|Dragonite, F|100/100
|
|-damage|p1a: Goodra|50/100 brn|[from] brn
|upkeep
|turn|15
|
|t:|1758356404
|move|p2a: Dragonite|Earthquake|p1a: Goodra
|-supereffective|p1a: Goodra
|-damage|p1a: Goodra|0 fnt
|faint|p1a: Goodra
|
|upkeep
|
|t:|1758356409
|switch|p1a: Darkrai|Darkrai|100/100
|turn|16
|
|t:|1758356415
|move|p2a: Dragonite|Extreme Speed|p1a: Darkrai
|-damage|p1a: Darkrai|59/100
|move|p1a: Darkrai|Ice Beam|p2a: Dragonite
|-supereffective|p2a: Dragonite
|-damage|p2a: Dragonite|32/100
|
|upkeep
|turn|17
|
|t:|1758356424
|move|p2a: Dragonite|Extreme Speed|p1a: Darkrai
|-crit|p1a: Darkrai
|-damage|p1a: Darkrai|0 fnt
|faint|p1a: Darkrai
|
|upkeep
|
|t:|1758356432
|switch|p1a: Great Tusk|Great Tusk|100/100
|turn|18
|
|t:|1758356444
|move|p2a: Dragonite|Extreme Speed|p1a: Great Tusk
|-damage|p1a: Great Tusk|76/100
|move|p1a: Great Tusk|Rapid Spin|p2a: Dragonite
|-damage|p2a: Dragonite|13/100
|-boost|p1a: Great Tusk|spe|1
|
|upkeep
|turn|19
|
|t:|1758356452
|switch|p2a: Zapdos|Zapdos|23/100
|move|p1a: Great Tusk|Ice Spinner|p2a: Zapdos
|-supereffective|p2a: Zapdos
|-damage|p2a: Zapdos|0 fnt
|-status|p1a: Great Tusk|par|[from] ability: Static|[of] p2a: Zapdos
|faint|p2a: Zapdos
|
|upkeep
|
|t:|1758356458
|switch|p2a: Dragapult|Dragapult, M|57/100
|turn|20
|
|t:|1758356465
|-end|p1a: Great Tusk|Protosynthesis|[silent]
|switch|p1a: Corviknight|Corviknight, F|100/100
|-ability|p1a: Corviknight|Pressure
|move|p2a: Dragapult|Hex|p1a: Corviknight
|-crit|p1a: Corviknight
|-damage|p1a: Corviknight|66/100
|
|upkeep
|turn|21
|
|t:|1758356477
|switch|p2a: Dragonite|Dragonite, F|13/100
|move|p1a: Corviknight|Brave Bird|p2a: Dragonite
|-damage|p2a: Dragonite|0 fnt
|faint|p2a: Dragonite
|-damage|p1a: Corviknight|62/100|[from] Recoil
|
|upkeep
|
|t:|1758356485
|switch|p2a: Weezing|Weezing-Galar, F|100/100
|-ability|p2a: Weezing|Neutralizing Gas
|turn|22
|
|t:|1758356492
|switch|p1a: Great Tusk|Great Tusk|76/100 par
|move|p2a: Weezing|Will-O-Wisp||[still]
|-fail|p2a: Weezing
|
|upkeep
|turn|23
|
|t:|1758356498
|move|p2a: Weezing|Will-O-Wisp||[still]
|-fail|p2a: Weezing
|move|p1a: Great Tusk|Headlong Rush|p2a: Weezing
|-supereffective|p2a: Weezing
|-damage|p2a: Weezing|21/100
|-unboost|p1a: Great Tusk|def|1
|-unboost|p1a: Great Tusk|spd|1
|
|upkeep
|turn|24
|
|t:|1758356504
|move|p2a: Weezing|Pain Split|p1a: Great Tusk
|-sethp|p1a: Great Tusk|48/100 par|[from] move: Pain Split|[silent]
|-sethp|p2a: Weezing|53/100|[from] move: Pain Split
|cant|p1a: Great Tusk|par
|
|upkeep
|turn|25
|
|t:|1758356510
|move|p2a: Weezing|Will-O-Wisp||[still]
|-fail|p2a: Weezing
|move|p1a: Great Tusk|Headlong Rush|p2a: Weezing
|-supereffective|p2a: Weezing
|-damage|p2a: Weezing|0 fnt
|-unboost|p1a: Great Tusk|def|1
|-unboost|p1a: Great Tusk|spd|1
|faint|p2a: Weezing
|-end|p2a: Weezing|ability: Neutralizing Gas
|
|upkeep
|
|t:|1758356517
|switch|p2a: Dragapult|Dragapult, M|57/100
|turn|26
|
|t:|1758356522
|move|p2a: Dragapult|U-turn|p1a: Great Tusk
|-resisted|p1a: Great Tusk
|-damage|p1a: Great Tusk|33/100 par
|move|p1a: Great Tusk|Headlong Rush|p2a: Dragapult
|-damage|p2a: Dragapult|0 fnt
|-unboost|p1a: Great Tusk|def|1
|-unboost|p1a: Great Tusk|spd|1
|-start|p1a: Great Tusk|Disable|Headlong Rush|[from] ability: Cursed Body|[of] p2a: Dragapult
|faint|p2a: Dragapult
|
|win|Celestial_dubkun
|raw|Celestial_dubkun's rating: 1658 &rarr; <strong>1679</strong><br />(+21 for winning)
|raw|Shibuya Arc's rating: 1675 &rarr; <strong>1654</strong><br />(-21 for losing)
|l|☆Shibuya Arc
|player|p2|
|l|☆Celestial_dubkun
|player|p1|
