|j|☆slowbro named paul
|j|☆bishop1
|t:|1758271127
|gametype|singles
|player|p1|slowbro named paul|skierf|1448
|player|p2|bishop1|265|1460
|gen|9
|tier|[Gen 9] OU
|rated|
|rule|HP Percentage Mod: HP is shown in percentages
|rule|Endless Battle Clause: Forcing endless battles is banned
|rule|Species Clause: Limit one of each Pokémon
|rule|OHKO Clause: OHKO moves are banned
|rule|Evasion Items Clause: Evasion items are banned
|rule|Evasion Moves Clause: Evasion moves are banned
|rule|Evasion Abilities Clause: Evasion abilities are banned
|rule|Sleep Moves Clause: Sleep-inducing moves are banned
|clearpoke
|poke|p1|Cloyster, M|
|poke|p1|Gholdengo|
|poke|p1|Mandibuzz, F|
|poke|p1|Garchomp, M|
|poke|p1|Farigiraf, M|
|poke|p1|Fezandipiti, M|
|poke|p2|Zamazenta-*|
|poke|p2|Ninetales-Alola, M|
|poke|p2|Darkrai|
|poke|p2|Ceruledge, M|
|poke|p2|Gliscor, M|
|poke|p2|Hatterene, F|
|teampreview
|inactive|Battle timer is ON: inactive players will automatically lose when time's up. (requested by slowbro named paul)
|
|t:|1758271134
|teamsize|p1|6
|teamsize|p2|6
|start
|switch|p1a: Gholdengo|Gholdengo|100/100
|switch|p2a: Ninetales|Ninetales-Alola, M|100/100
|-weather|Snowscape|[from] ability: Snow Warning|[of] p2a: Ninetales
|turn|1
|
|t:|1758271143
|move|p2a: Ninetales|Aurora Veil|p2a: Ninetales
|-sidestart|p2: bishop1|move: Aurora Veil
|move|p1a: Gholdengo|Make It Rain|p2a: Ninetales
|-supereffective|p2a: Ninetales
|-damage|p2a: Ninetales|0 fnt
|-unboost|p1a: Gholdengo|spa|1
|faint|p2a: Ninetales
|
|-weather|Snowscape|[upkeep]
|upkeep
|
|t:|1758271148
|switch|p2a: Gliscor|Gliscor, M|100/100
|turn|2
|
|t:|1758271150
|switch|p1a: Cloyster|Cloyster, M|100/100
|move|p2a: Gliscor|Agility|p2a: Gliscor
|-boost|p2a: Gliscor|spe|2
|
|-weather|Snowscape|[upkeep]
|-status|p2a: Gliscor|tox|[from] item: Toxic Orb
|upkeep
|turn|3
|
|t:|1758271155
|-terastallize|p2a: Gliscor|Normal
|move|p2a: Gliscor|Swords Dance|p2a: Gliscor
|-boost|p2a: Gliscor|atk|2
|move|p1a: Cloyster|Shell Smash|p1a: Cloyster
|-unboost|p1a: Cloyster|def|1
|-unboost|p1a: Cloyster|spd|1
|-boost|p1a: Cloyster|atk|2
|-boost|p1a: Cloyster|spa|2
|-boost|p1a: Cloyster|spe|2
|
|-weather|Snowscape|[upkeep]
|upkeep
|turn|4
|
|t:|1758271159
|-terastallize|p1a: Cloyster|Ice
|move|p2a: Gliscor|Swords Dance|p2a: Gliscor
|-boost|p2a: Gliscor|atk|2
|move|p1a: Cloyster|Icicle Spear|p2a: Gliscor
|-damage|p2a: Gliscor|86/100 tox
|-damage|p2a: Gliscor|69/100 tox
|-damage|p2a: Gliscor|54/100 tox
|-damage|p2a: Gliscor|37/100 tox
|-damage|p2a: Gliscor|20/100 tox
|-hitcount|p2a: Gliscor|5
|-damage|p1a: Cloyster|91/100|[from] item: Life Orb
|
|-weather|Snowscape|[upkeep]
|-heal|p2a: Gliscor|33/100 tox|[from] ability: Poison Heal
|upkeep
|turn|5
|
|t:|1758271168
|switch|p1a: Garchomp|Garchomp, M|100/100
|move|p2a: Gliscor|Facade|p1a: Garchomp
|-damage|p1a: Garchomp|22/100
|-damage|p2a: Gliscor|20/100 tox|[from] ability: Rough Skin|[of] p1a: Garchomp
|-damage|p2a: Gliscor|4/100 tox|[from] item: Rocky Helmet|[of] p1a: Garchomp
|
|-weather|none
|-heal|p2a: Gliscor|16/100 tox|[from] ability: Poison Heal
|upkeep
|turn|6
|
|t:|1758271171
|move|p2a: Gliscor|Earthquake|p1a: Garchomp
|-damage|p1a: Garchomp|0 fnt
|faint|p1a: Garchomp
|
|-heal|p2a: Gliscor|29/100 tox|[from] ability: Poison Heal
|upkeep
|
|t:|1758271175
|switch|p1a: Mandibuzz|Mandibuzz, F|100/100
|turn|7
|
|t:|1758271178
|move|p2a: Gliscor|Facade|p1a: Mandibuzz
|-damage|p1a: Mandibuzz|28/100
|move|p1a: Mandibuzz|Foul Play|p2a: Gliscor
|-damage|p2a: Gliscor|0 fnt
|faint|p2a: Gliscor
|
|upkeep
|
|t:|1758271188
|switch|p2a: Darkrai|Darkrai|100/100
|turn|8
|
|t:|1758271190
|move|p2a: Darkrai|Focus Blast|p1a: Mandibuzz
|-damage|p1a: Mandibuzz|0 fnt
|faint|p1a: Mandibuzz
|
|-sideend|p2: bishop1|move: Aurora Veil
|upkeep
|
|t:|1758271193
|switch|p1a: Fezandipiti|Fezandipiti, M|100/100
|turn|9
|
|t:|1758271195
|move|p2a: Darkrai|Psyshock|p1a: Fezandipiti
|-supereffective|p1a: Fezandipiti
|-damage|p1a: Fezandipiti|43/100
|move|p1a: Fezandipiti|Calm Mind|p1a: Fezandipiti
|-boost|p1a: Fezandipiti|spa|1
|-boost|p1a: Fezandipiti|spd|1
|
|-heal|p1a: Fezandipiti|49/100|[from] item: Black Sludge
|upkeep
|turn|10
|
|t:|1758271207
|move|p2a: Darkrai|Psyshock|p1a: Fezandipiti
|-supereffective|p1a: Fezandipiti
|-damage|p1a: Fezandipiti|0 fnt
|faint|p1a: Fezandipiti
|
|upkeep
|
|t:|1758271209
|switch|p1a: Gholdengo|Gholdengo|100/100
|turn|11
|
|t:|1758271212
|move|p2a: Darkrai|Dark Pulse|p1a: Gholdengo
|-supereffective|p1a: Gholdengo
|-damage|p1a: Gholdengo|1/100
|move|p1a: Gholdengo|Dazzling Gleam|p2a: Darkrai
|-supereffective|p2a: Darkrai
|-damage|p2a: Darkrai|0 fnt
|faint|p2a: Darkrai
|
|upkeep
|
|t:|1758271220
|switch|p2a: Zamazenta|Zamazenta|100/100
|-ability|p2a: Zamazenta|Dauntless Shield|boost
|-boost|p2a: Zamazenta|def|1
|turn|12
|
|t:|1758271221
|move|p2a: Zamazenta|Crunch|p1a: Gholdengo
|-supereffective|p1a: Gholdengo
|-damage|p1a: Gholdengo|0 fnt
|faint|p1a: Gholdengo
|
|upkeep
|
|t:|1758271224
|switch|p1a: Farigiraf|Farigiraf, M|100/100
|turn|13
|
|t:|1758271230
|move|p2a: Zamazenta|Body Press|p1a: Farigiraf
|-damage|p1a: Farigiraf|35/100
|move|p1a: Farigiraf|Psychic Noise|p2a: Zamazenta
|-supereffective|p2a: Zamazenta
|-damage|p2a: Zamazenta|32/100
|-start|p2a: Zamazenta|move: Heal Block
|
|upkeep
|turn|14
|
|t:|1758271236
|move|p2a: Zamazenta|Body Press|p1a: Farigiraf
|-crit|p1a: Farigiraf
|-damage|p1a: Farigiraf|0 fnt
|faint|p1a: Farigiraf
|
|-end|p2a: Zamazenta|move: Heal Block
|upkeep
|
|t:|1758271237
|switch|p1a: Cloyster|Cloyster, M, tera:Ice|91/100
|turn|15
|
|t:|1758271240
|move|p2a: Zamazenta|Body Press|p1a: Cloyster
|-supereffective|p1a: Cloyster
|-damage|p1a: Cloyster|0 fnt
|faint|p1a: Cloyster
|
|win|bishop1
|raw|slowbro named paul's rating: 1448 &rarr; <strong>1429</strong><br />(-19 for losing)
|raw|bishop1's rating: 1460 &rarr; <strong>1479</strong><br />(+19 for winning)
|l|☆slowbro named paul
|player|p1|
|l|☆bishop1
|player|p2|
