|j|☆qxzwwzxq
|j|☆capitolg
|t:|1758356548
|gametype|singles
|player|p1|qxzwwzxq|101|1216
|player|p2|capitolg|bellelba|1196
|gen|9
|tier|[Gen 9] OU
|rated|
|rule|HP Percentage Mod: HP is shown in percentages
|rule|Endless Battle Clause: Forcing endless battles is banned
|rule|Species Clause: Limit one of each Pokémon
|rule|OHKO Clause: OHKO moves are banned
|rule|Evasion Items Clause: Evasion items are banned
|rule|Evasion Moves Clause: Evasion moves are banned
|rule|Evasion Abilities Clause: Evasion abilities are banned
|rule|Sleep Moves Clause: Sleep-inducing moves are banned
|clearpoke
|poke|p1|Great Tusk|
|poke|p1|Raging Bolt|
|poke|p1|Walking Wake|
|poke|p1|Slither Wing|
|poke|p1|Torkoal, M|
|poke|p1|Sandy Shocks|
|poke|p2|Masquerain, M|
|poke|p2|Articuno-Galar|
|poke|p2|Smeargle, F|
|poke|p2|Empoleon, F|
|poke|p2|Passimian, M|
|poke|p2|Chandelure, F|
|teampreview
|
|t:|1758356554
|teamsize|p1|6
|teamsize|p2|6
|start
|switch|p1a: 不是怎么你和另一个晴天手都在zu|Torkoal, M|100/100
|switch|p2a: Masquerain|Masquerain, M|100/100
|-ability|p2a: Masquerain|Intimidate|boost
|-unboost|p1a: 不是怎么你和另一个晴天手都在zu|atk|1
|-weather|SunnyDay|[from] ability: Drought|[of] p1a: 不是怎么你和另一个晴天手都在zu
|turn|1
|
|t:|1758356557
|move|p2a: Masquerain|Sticky Web|p1a: 不是怎么你和另一个晴天手都在zu
|-sidestart|p1: qxzwwzxq|move: Sticky Web
|move|p1a: 不是怎么你和另一个晴天手都在zu|Lava Plume|p2a: Masquerain
|-supereffective|p2a: Masquerain
|-damage|p2a: Masquerain|13/100
|
|-weather|SunnyDay|[upkeep]
|upkeep
|turn|2
|
|t:|1758356560
|switch|p2a: Chandelure|Chandelure, F|100/100
|move|p1a: 不是怎么你和另一个晴天手都在zu|Rapid Spin|p2a: Chandelure
|-immune|p2a: Chandelure
|
|-weather|SunnyDay|[upkeep]
|upkeep
|turn|3
|inactive|Battle timer is ON: inactive players will automatically lose when time's up. (requested by qxzwwzxq)
|
|t:|1758356564
|move|p2a: Chandelure|Shadow Ball|p1a: 不是怎么你和另一个晴天手都在zu
|-damage|p1a: 不是怎么你和另一个晴天手都在zu|58/100
|move|p1a: 不是怎么你和另一个晴天手都在zu|Earth Power|p2a: Chandelure
|-supereffective|p2a: Chandelure
|-damage|p2a: Chandelure|60/100
|
|-weather|SunnyDay|[upkeep]
|upkeep
|turn|4
|
|t:|1758356571
|move|p2a: Chandelure|Shadow Ball|p1a: 不是怎么你和另一个晴天手都在zu
|-damage|p1a: 不是怎么你和另一个晴天手都在zu|11/100
|move|p1a: 不是怎么你和另一个晴天手都在zu|Earth Power|p2a: Chandelure
|-supereffective|p2a: Chandelure
|-damage|p2a: Chandelure|19/100
|
|-weather|SunnyDay|[upkeep]
|upkeep
|turn|5
|
|t:|1758356577
|switch|p1a: 小时候看见打空保险电磁炮吓哭了|Raging Bolt|100/100
|-activate|p1a: 小时候看见打空保险电磁炮吓哭了|move: Sticky Web
|-unboost|p1a: 小时候看见打空保险电磁炮吓哭了|spe|1
|-activate|p1a: 小时候看见打空保险电磁炮吓哭了|ability: Protosynthesis
|-start|p1a: 小时候看见打空保险电磁炮吓哭了|protosynthesisspa
|move|p2a: Chandelure|Shadow Ball|p1a: 小时候看见打空保险电磁炮吓哭了
|-damage|p1a: 小时候看见打空保险电磁炮吓哭了|54/100
|
|-weather|SunnyDay|[upkeep]
|upkeep
|turn|6
|
|t:|1758356585
|move|p1a: 小时候看见打空保险电磁炮吓哭了|Thunderclap|p2a: Chandelure
|-damage|p2a: Chandelure|0 fnt
|faint|p2a: Chandelure
|
|-weather|SunnyDay|[upkeep]
|upkeep
|
|t:|1758356586
|switch|p2a: Smeargle|Smeargle, F|100/100
|turn|7
|
|t:|1758356593
|move|p2a: Smeargle|Court Change|p2a: Smeargle
|-swapsideconditions
|-activate|p2a: Smeargle|move: Court Change
|move|p1a: 小时候看见打空保险电磁炮吓哭了|Draco Meteor|p2a: Smeargle
|-enditem|p2a: Smeargle|Focus Sash
|-damage|p2a: Smeargle|1/100
|-unboost|p1a: 小时候看见打空保险电磁炮吓哭了|spa|2
|
|-weather|SunnyDay|[upkeep]
|upkeep
|turn|8
|
|t:|1758356603
|move|p2a: Smeargle|Taunt|p1a: 小时候看见打空保险电磁炮吓哭了
|-start|p1a: 小时候看见打空保险电磁炮吓哭了|move: Taunt
|move|p1a: 小时候看见打空保险电磁炮吓哭了|Volt Switch|p2a: Smeargle
|-damage|p2a: Smeargle|0 fnt
|faint|p2a: Smeargle
|
|t:|1758356612
|-end|p1a: 小时候看见打空保险电磁炮吓哭了|Protosynthesis|[silent]
|switch|p1a: 怎么这年头水系也能进晴天队了|Walking Wake|100/100|[from] Volt Switch
|-activate|p1a: 怎么这年头水系也能进晴天队了|ability: Protosynthesis
|-start|p1a: 怎么这年头水系也能进晴天队了|protosynthesisspe
|
|-weather|none
|-end|p1a: 怎么这年头水系也能进晴天队了|Protosynthesis
|upkeep
|
|t:|1758356620
|switch|p2a: Articuno|Articuno-Galar|100/100
|-activate|p2a: Articuno|move: Sticky Web
|-unboost|p2a: Articuno|spe|1
|-ability|p2a: Articuno|Competitive|boost
|-boost|p2a: Articuno|spa|2
|turn|9
|
|t:|1758356627
|move|p1a: 怎么这年头水系也能进晴天队了|Draco Meteor|p2a: Articuno
|-damage|p2a: Articuno|39/100
|-unboost|p1a: 怎么这年头水系也能进晴天队了|spa|2
|move|p2a: Articuno|Trick Room|p2a: Articuno
|-fieldstart|move: Trick Room|[of] p2a: Articuno
|
|upkeep
|turn|10
|
|t:|1758356637
|move|p2a: Articuno|Freezing Glare|p1a: 怎么这年头水系也能进晴天队了
|-damage|p1a: 怎么这年头水系也能进晴天队了|0 fnt
|faint|p1a: 怎么这年头水系也能进晴天队了
|-end|p1a: 怎么这年头水系也能进晴天队了|Protosynthesis|[silent]
|
|upkeep
|
|t:|1758356647
|switch|p1a: 不是怎么你和另一个晴天手都在zu|Torkoal, M|11/100
|-weather|SunnyDay|[from] ability: Drought|[of] p1a: 不是怎么你和另一个晴天手都在zu
|turn|11
|
|t:|1758356654
|move|p2a: Articuno|Freezing Glare|p1a: 不是怎么你和另一个晴天手都在zu
|-damage|p1a: 不是怎么你和另一个晴天手都在zu|0 fnt
|faint|p1a: 不是怎么你和另一个晴天手都在zu
|
|-weather|SunnyDay|[upkeep]
|upkeep
|
|t:|1758356657
|switch|p1a: 虫刺！虫刺♿️♿️♿️|Slither Wing|100/100
|-activate|p1a: 虫刺！虫刺♿️♿️♿️|ability: Protosynthesis
|-start|p1a: 虫刺！虫刺♿️♿️♿️|protosynthesisatk
|turn|12
|
|t:|1758356660
|move|p1a: 虫刺！虫刺♿️♿️♿️|First Impression|p2a: Articuno
|-damage|p2a: Articuno|0 fnt
|faint|p2a: Articuno
|
|-weather|SunnyDay|[upkeep]
|upkeep
|
|t:|1758356663
|switch|p2a: Empoleon|Empoleon, F|100/100
|-activate|p2a: Empoleon|move: Sticky Web
|-unboost|p2a: Empoleon|spe|1
|-ability|p2a: Empoleon|Competitive|boost
|-boost|p2a: Empoleon|spa|2
|turn|13
|
|t:|1758356671
|-end|p1a: 虫刺！虫刺♿️♿️♿️|Protosynthesis|[silent]
|switch|p1a: 小时候看见打空保险电磁炮吓哭了|Raging Bolt|54/100
|-activate|p1a: 小时候看见打空保险电磁炮吓哭了|ability: Protosynthesis
|-start|p1a: 小时候看见打空保险电磁炮吓哭了|protosynthesisspa
|move|p2a: Empoleon|Air Slash|p1a: 小时候看见打空保险电磁炮吓哭了
|-resisted|p1a: 小时候看见打空保险电磁炮吓哭了
|-damage|p1a: 小时候看见打空保险电磁炮吓哭了|33/100
|
|-weather|SunnyDay|[upkeep]
|-fieldend|move: Trick Room
|upkeep
|turn|14
|
|t:|1758356683
|move|p1a: 小时候看见打空保险电磁炮吓哭了|Volt Switch|p2a: Empoleon
|-supereffective|p2a: Empoleon
|-damage|p2a: Empoleon|35/100
|
|t:|1758356686
|-end|p1a: 小时候看见打空保险电磁炮吓哭了|Protosynthesis|[silent]
|switch|p1a: 虫刺！虫刺♿️♿️♿️|Slither Wing|100/100|[from] Volt Switch
|-activate|p1a: 虫刺！虫刺♿️♿️♿️|ability: Protosynthesis
|-start|p1a: 虫刺！虫刺♿️♿️♿️|protosynthesisatk
|move|p2a: Empoleon|Ice Beam|p1a: 虫刺！虫刺♿️♿️♿️
|-damage|p1a: 虫刺！虫刺♿️♿️♿️|36/100
|
|-weather|SunnyDay|[upkeep]
|upkeep
|turn|15
|
|t:|1758356691
|move|p1a: 虫刺！虫刺♿️♿️♿️|Flare Blitz|p2a: Empoleon
|-damage|p2a: Empoleon|0 fnt
|faint|p2a: Empoleon
|-damage|p1a: 虫刺！虫刺♿️♿️♿️|22/100|[from] Recoil
|
|-weather|SunnyDay|[upkeep]
|upkeep
|
|t:|1758356695
|switch|p2a: Masquerain|Masquerain, M|13/100
|-ability|p2a: Masquerain|Intimidate|boost
|-unboost|p1a: 虫刺！虫刺♿️♿️♿️|atk|1
|turn|16
|
|t:|1758356699
|move|p1a: 虫刺！虫刺♿️♿️♿️|Flare Blitz|p2a: Masquerain
|-supereffective|p2a: Masquerain
|-damage|p2a: Masquerain|0 fnt
|faint|p2a: Masquerain
|-damage|p1a: 虫刺！虫刺♿️♿️♿️|18/100|[from] Recoil
|
|-weather|SunnyDay|[upkeep]
|upkeep
|
|t:|1758356701
|switch|p2a: Passimian|Passimian, M|100/100
|-activate|p2a: Passimian|move: Sticky Web
|-unboost|p2a: Passimian|spe|1
|-ability|p2a: Passimian|Defiant|boost
|-boost|p2a: Passimian|atk|2
|turn|17
|
|t:|1758356703
|move|p1a: 虫刺！虫刺♿️♿️♿️|Flare Blitz|p2a: Passimian
|-damage|p2a: Passimian|17/100
|-enditem|p2a: Passimian|Sitrus Berry|[eat]
|-heal|p2a: Passimian|42/100|[from] item: Sitrus Berry
|-damage|p1a: 虫刺！虫刺♿️♿️♿️|0 fnt|[from] Recoil
|faint|p1a: 虫刺！虫刺♿️♿️♿️
|-end|p1a: 虫刺！虫刺♿️♿️♿️|Protosynthesis|[silent]
|move|p2a: Passimian|Acrobatics|p1: 虫刺！虫刺♿️♿️♿️|[notarget]
|-fail|p2a: Passimian
|
|-weather|SunnyDay|[upkeep]
|upkeep
|
|t:|1758356710
|switch|p1a: 小时候看见打空保险电磁炮吓哭了|Raging Bolt|33/100
|-activate|p1a: 小时候看见打空保险电磁炮吓哭了|ability: Protosynthesis
|-start|p1a: 小时候看见打空保险电磁炮吓哭了|protosynthesisspa
|turn|18
|
|t:|1758356715
|move|p1a: 小时候看见打空保险电磁炮吓哭了|Thunderclap|p2a: Passimian
|-crit|p2a: Passimian
|-damage|p2a: Passimian|0 fnt
|faint|p2a: Passimian
|
|win|qxzwwzxq
|raw|qxzwwzxq's rating: 1216 &rarr; <strong>1240</strong><br />(+24 for winning)
|raw|capitolg's rating: 1196 &rarr; <strong>1172</strong><br />(-24 for losing)
|l|☆capitolg
|player|p2|
|l|☆qxzwwzxq
|player|p1|
