|j|☆vesprrrr
|j|☆LonelySxNner
|t:|1758277242
|gametype|singles
|player|p1|vesprrrr|wallace-gen6|1354
|player|p2|LonelySxNner|picnicker|1346
|gen|9
|tier|[Gen 9] OU
|rated|
|rule|HP Percentage Mod: HP is shown in percentages
|rule|Endless Battle Clause: Forcing endless battles is banned
|rule|Species Clause: Limit one of each Pokémon
|rule|OHKO Clause: OHKO moves are banned
|rule|Evasion Items Clause: Evasion items are banned
|rule|Evasion Moves Clause: Evasion moves are banned
|rule|Evasion Abilities Clause: Evasion abilities are banned
|rule|Sleep Moves Clause: Sleep-inducing moves are banned
|clearpoke
|poke|p1|Rillaboom, M|
|poke|p1|Okidogi, M|
|poke|p1|Zamazenta-*|
|poke|p1|Iron Treads|
|poke|p1|Clefable, F|
|poke|p1|Walking Wake|
|poke|p2|Meloetta|
|poke|p2|Garchomp, M|
|poke|p2|Ceruledge, F|
|poke|p2|Grimmsnarl, M|
|poke|p2|Greninja-*, M|
|poke|p2|Cinderace, F|
|teampreview
|
|t:|1758277248
|teamsize|p1|6
|teamsize|p2|6
|start
|switch|p1a: Rillaboom|Rillaboom, M|100/100
|switch|p2a: Greninja|Greninja, M|100/100
|-fieldstart|move: Grassy Terrain|[from] ability: Grassy Surge|[of] p1a: Rillaboom
|turn|1
|inactive|Battle timer is ON: inactive players will automatically lose when time's up. (requested by LonelySxNner)
|
|t:|1758277255
|switch|p2a: Cinderace|Cinderace, F|100/100
|move|p1a: Rillaboom|Wood Hammer|p2a: Cinderace
|-resisted|p2a: Cinderace
|-damage|p2a: Cinderace|36/100
|-damage|p1a: Rillaboom|84/100|[from] Recoil
|
|-heal|p2a: Cinderace|42/100|[from] Grassy Terrain
|-heal|p1a: Rillaboom|90/100|[from] Grassy Terrain
|upkeep
|turn|2
|
|t:|1758277278
|switch|p1a: Walking Wake|Walking Wake|100/100
|move|p2a: Cinderace|U-turn|p1a: Walking Wake
|-start|p2a: Cinderace|typechange|Bug|[from] ability: Libero
|-damage|p1a: Walking Wake|67/100
|
|t:|1758277287
|switch|p2a: Grimmsnarl|Grimmsnarl, M|100/100|[from] U-turn
|
|-heal|p1a: Walking Wake|73/100|[from] Grassy Terrain
|upkeep
|turn|3
|
|t:|1758277289
|-end|p1a: Walking Wake|Protosynthesis|[silent]
|switch|p1a: Iron Treads|Iron Treads|100/100
|move|p2a: Grimmsnarl|Light Screen|p2a: Grimmsnarl
|-sidestart|p2: LonelySxNner|move: Light Screen
|
|upkeep
|turn|4
|
|t:|1758277294
|move|p2a: Grimmsnarl|Taunt|p1a: Iron Treads
|-start|p1a: Iron Treads|move: Taunt
|cant|p1a: Iron Treads|move: Taunt|Stealth Rock
|
|upkeep
|turn|5
|
|t:|1758277296
|move|p2a: Grimmsnarl|Reflect|p2a: Grimmsnarl
|-sidestart|p2: LonelySxNner|Reflect
|move|p1a: Iron Treads|Rapid Spin|p2a: Grimmsnarl
|-damage|p2a: Grimmsnarl|94/100
|-boost|p1a: Iron Treads|spe|1
|
|-heal|p2a: Grimmsnarl|99/100|[from] Grassy Terrain
|upkeep
|turn|6
|
|t:|1758277302
|move|p2a: Grimmsnarl|Parting Shot|p1a: Iron Treads
|-unboost|p1a: Iron Treads|atk|1
|-unboost|p1a: Iron Treads|spa|1
|
|t:|1758277321
|switch|p2a: Garchomp|Garchomp, M|100/100|[from] Parting Shot
|move|p1a: Iron Treads|Knock Off|p2a: Garchomp
|-damage|p2a: Garchomp|94/100
|-damage|p1a: Iron Treads|88/100|[from] ability: Rough Skin|[of] p2a: Garchomp
|-enditem|p2a: Garchomp|Loaded Dice|[from] move: Knock Off|[of] p1a: Iron Treads
|
|-heal|p1a: Iron Treads|94/100|[from] Grassy Terrain
|-heal|p1a: Iron Treads|99/100|[from] item: Leftovers
|-heal|p2a: Garchomp|99/100|[from] Grassy Terrain
|-end|p1a: Iron Treads|move: Taunt
|upkeep
|turn|7
|
|t:|1758277328
|-end|p1a: Iron Treads|Quark Drive|[silent]
|switch|p1a: Zamazenta|Zamazenta|100/100
|-ability|p1a: Zamazenta|Dauntless Shield|boost
|-boost|p1a: Zamazenta|def|1
|move|p2a: Garchomp|Swords Dance|p2a: Garchomp
|-boost|p2a: Garchomp|atk|2
|
|-heal|p2a: Garchomp|100/100|[from] Grassy Terrain
|upkeep
|turn|8
|
|t:|1758277333
|switch|p2a: Ceruledge|Ceruledge, F|100/100
|move|p1a: Zamazenta|Iron Defense|p1a: Zamazenta
|-boost|p1a: Zamazenta|def|2
|
|-fieldend|move: Grassy Terrain
|upkeep
|turn|9
|
|t:|1758277337
|move|p1a: Zamazenta|Iron Defense|p1a: Zamazenta
|-boost|p1a: Zamazenta|def|2
|move|p2a: Ceruledge|Iron Defense|p2a: Ceruledge
|-boost|p2a: Ceruledge|def|2
|
|upkeep
|turn|10
|
|t:|1758277353
|switch|p1a: Walking Wake|Walking Wake|73/100
|move|p2a: Ceruledge|Swords Dance|p2a: Ceruledge
|-boost|p2a: Ceruledge|atk|2
|
|-sideend|p2: LonelySxNner|move: Light Screen
|upkeep
|turn|11
|
|t:|1758277372
|-terastallize|p2a: Ceruledge|Electric
|move|p1a: Walking Wake|Surf|p2a: Ceruledge
|-damage|p2a: Ceruledge|22/100
|move|p2a: Ceruledge|Tera Blast|p1a: Walking Wake|[anim] Tera Blast Electric
|-damage|p1a: Walking Wake|0 fnt
|faint|p1a: Walking Wake
|-end|p1a: Walking Wake|Protosynthesis|[silent]
|
|upkeep
|
|t:|1758277400
|switch|p1a: Zamazenta|Zamazenta|100/100
|turn|12
|
|t:|1758277404
|move|p1a: Zamazenta|Iron Defense|p1a: Zamazenta
|-boost|p1a: Zamazenta|def|2
|move|p2a: Ceruledge|Bitter Blade|p1a: Zamazenta
|-damage|p1a: Zamazenta|61/100
|-heal|p2a: Ceruledge|44/100|[from] drain|[of] p1a: Zamazenta
|
|-heal|p1a: Zamazenta|67/100|[from] item: Leftovers
|-sideend|p2: LonelySxNner|Reflect
|upkeep
|turn|13
|
|t:|1758277410
|move|p1a: Zamazenta|Iron Defense|p1a: Zamazenta
|-boost|p1a: Zamazenta|def|2
|move|p2a: Ceruledge|Bitter Blade|p1a: Zamazenta
|-damage|p1a: Zamazenta|39/100
|-heal|p2a: Ceruledge|60/100|[from] drain|[of] p1a: Zamazenta
|
|-heal|p1a: Zamazenta|45/100|[from] item: Leftovers
|upkeep
|turn|14
|
|t:|1758277413
|move|p1a: Zamazenta|Body Press|p2a: Ceruledge
|-damage|p2a: Ceruledge|0 fnt
|faint|p2a: Ceruledge
|
|-heal|p1a: Zamazenta|52/100|[from] item: Leftovers
|upkeep
|
|t:|1758277421
|switch|p2a: Garchomp|Garchomp, M|100/100
|turn|15
|
|t:|1758277423
|move|p1a: Zamazenta|Body Press|p2a: Garchomp
|-damage|p2a: Garchomp|4/100
|-damage|p1a: Zamazenta|39/100|[from] ability: Rough Skin|[of] p2a: Garchomp
|move|p2a: Garchomp|Rock Tomb|p1a: Zamazenta
|-resisted|p1a: Zamazenta
|-damage|p1a: Zamazenta|37/100
|-unboost|p1a: Zamazenta|spe|1
|
|-heal|p1a: Zamazenta|43/100|[from] item: Leftovers
|upkeep
|turn|16
|
|t:|1758277431
|move|p2a: Garchomp|Earthquake|p1a: Zamazenta
|-damage|p1a: Zamazenta|32/100
|move|p1a: Zamazenta|Crunch|p2a: Garchomp
|-damage|p2a: Garchomp|0 fnt
|-damage|p1a: Zamazenta|20/100|[from] ability: Rough Skin|[of] p2a: Garchomp
|faint|p2a: Garchomp
|
|-heal|p1a: Zamazenta|26/100|[from] item: Leftovers
|upkeep
|
|t:|1758277436
|switch|p2a: Greninja|Greninja, M|100/100
|turn|17
|
|t:|1758277438
|switch|p1a: Clefable|Clefable, F|100/100
|move|p2a: Greninja|Surf|p1a: Clefable
|-damage|p1a: Clefable|36/100
|
|-heal|p1a: Clefable|42/100|[from] item: Leftovers
|upkeep
|turn|18
|
|t:|1758277443
|-terastallize|p1a: Clefable|Water
|move|p2a: Greninja|Surf|p1a: Clefable
|-resisted|p1a: Clefable
|-damage|p1a: Clefable|9/100
|move|p1a: Clefable|Moonblast|p2a: Greninja
|-supereffective|p2a: Greninja
|-damage|p2a: Greninja|0 fnt
|faint|p2a: Greninja
|
|-heal|p1a: Clefable|15/100|[from] item: Leftovers
|upkeep
|
|t:|1758277467
|switch|p2a: Grimmsnarl|Grimmsnarl, M|99/100
|turn|19
|
|t:|1758277469
|move|p2a: Grimmsnarl|Taunt|p1a: Clefable
|-start|p1a: Clefable|move: Taunt
|move|p1a: Clefable|Moonblast|p2a: Grimmsnarl
|-supereffective|p2a: Grimmsnarl
|-damage|p2a: Grimmsnarl|48/100
|-unboost|p2a: Grimmsnarl|spa|1
|
|-heal|p1a: Clefable|21/100|[from] item: Leftovers
|upkeep
|turn|20
|
|t:|1758277473
|move|p2a: Grimmsnarl|Light Screen|p2a: Grimmsnarl
|-sidestart|p2: LonelySxNner|move: Light Screen
|move|p1a: Clefable|Moonblast|p2a: Grimmsnarl
|-supereffective|p2a: Grimmsnarl
|-damage|p2a: Grimmsnarl|21/100
|
|-heal|p1a: Clefable|27/100|[from] item: Leftovers
|upkeep
|turn|21
|
|t:|1758277477
|move|p2a: Grimmsnarl|Reflect|p2a: Grimmsnarl
|-sidestart|p2: LonelySxNner|Reflect
|move|p1a: Clefable|Moonblast|p2a: Grimmsnarl
|-supereffective|p2a: Grimmsnarl
|-damage|p2a: Grimmsnarl|0 fnt
|faint|p2a: Grimmsnarl
|
|-heal|p1a: Clefable|33/100|[from] item: Leftovers
|-end|p1a: Clefable|move: Taunt
|upkeep
|
|t:|1758277479
|switch|p2a: Best girl|Meloetta, shiny|100/100
|turn|22
|
|t:|1758277482
|move|p2a: Best girl|Hyper Voice|p1a: Clefable
|-damage|p1a: Clefable|0 fnt
|faint|p1a: Clefable
|-enditem|p2a: Best girl|Throat Spray
|-boost|p2a: Best girl|spa|1|[from] item: Throat Spray
|
|upkeep
|
|t:|1758277489
|switch|p1a: Iron Treads|Iron Treads|99/100
|turn|23
|
|t:|1758277500
|move|p1a: Iron Treads|High Horsepower|p2a: Best girl
|-damage|p2a: Best girl|78/100
|move|p2a: Best girl|Relic Song|p1a: Iron Treads
|-resisted|p1a: Iron Treads
|-damage|p1a: Iron Treads|67/100
|-formechange|p2a: Best girl|Meloetta-Pirouette|[msg]
|
|-heal|p1a: Iron Treads|73/100|[from] item: Leftovers
|upkeep
|turn|24
|
|t:|1758277513
|move|p2a: Best girl|Hyper Voice|p1a: Iron Treads
|-resisted|p1a: Iron Treads
|-damage|p1a: Iron Treads|45/100
|move|p1a: Iron Treads|High Horsepower|p2a: Best girl
|-damage|p2a: Best girl|59/100
|
|-heal|p1a: Iron Treads|51/100|[from] item: Leftovers
|upkeep
|turn|25
|
|t:|1758277520
|move|p2a: Best girl|Close Combat|p1a: Iron Treads
|-supereffective|p1a: Iron Treads
|-damage|p1a: Iron Treads|0 fnt
|-unboost|p2a: Best girl|def|1
|-unboost|p2a: Best girl|spd|1
|faint|p1a: Iron Treads
|-end|p1a: Iron Treads|Quark Drive|[silent]
|
|upkeep
|
|t:|1758277534
|switch|p1a: Zamazenta|Zamazenta|26/100
|turn|26
|
|t:|1758277540
|move|p2a: Best girl|Hyper Voice|p1a: Zamazenta
|-damage|p1a: Zamazenta|0 fnt
|faint|p1a: Zamazenta
|
|upkeep
|
|t:|1758277549
|switch|p1a: Rillaboom|Rillaboom, M|90/100
|-fieldstart|move: Grassy Terrain|[from] ability: Grassy Surge|[of] p1a: Rillaboom
|turn|27
|
|t:|1758277553
|move|p1a: Rillaboom|Grassy Glide|p2a: Best girl
|-damage|p2a: Best girl|29/100
|move|p2a: Best girl|Hyper Voice|p1a: Rillaboom
|-damage|p1a: Rillaboom|32/100
|
|-heal|p2a: Best girl|35/100|[from] Grassy Terrain
|-heal|p1a: Rillaboom|38/100|[from] Grassy Terrain
|-sideend|p2: LonelySxNner|move: Light Screen
|upkeep
|turn|28
|
|t:|1758277566
|switch|p1a: Okidogi|Okidogi, M|100/100
|move|p2a: Best girl|Hyper Voice|p1a: Okidogi
|-damage|p1a: Okidogi|56/100
|
|-heal|p2a: Best girl|41/100|[from] Grassy Terrain
|-heal|p1a: Okidogi|62/100|[from] Grassy Terrain
|-heal|p1a: Okidogi|68/100|[from] item: Leftovers
|-sideend|p2: LonelySxNner|Reflect
|upkeep
|turn|29
|
|t:|1758277569
|move|p2a: Best girl|Psychic|p1a: Okidogi
|-supereffective|p1a: Okidogi
|-damage|p1a: Okidogi|0 fnt
|faint|p1a: Okidogi
|
|-heal|p2a: Best girl|47/100|[from] Grassy Terrain
|upkeep
|
|t:|1758277571
|switch|p1a: Rillaboom|Rillaboom, M|38/100
|turn|30
|
|t:|1758277573
|move|p1a: Rillaboom|Grassy Glide|p2a: Best girl
|-damage|p2a: Best girl|0 fnt
|faint|p2a: Best girl
|
|-heal|p1a: Rillaboom|44/100|[from] Grassy Terrain
|upkeep
|
|t:|1758277575
|switch|p2a: Cinderace|Cinderace, F|42/100
|turn|31
|
|t:|1758277577
|move|p1a: Rillaboom|Grassy Glide|p2a: Cinderace
|-resisted|p2a: Cinderace
|-damage|p2a: Cinderace|14/100
|move|p2a: Cinderace|Pyro Ball|p1a: Rillaboom
|-supereffective|p1a: Rillaboom
|-damage|p1a: Rillaboom|0 fnt
|faint|p1a: Rillaboom
|
|win|LonelySxNner
|raw|vesprrrr's rating: 1354 &rarr; <strong>1334</strong><br />(-20 for losing)
|raw|LonelySxNner's rating: 1346 &rarr; <strong>1366</strong><br />(+20 for winning)
|l|☆vesprrrr
|player|p1|
