|j|☆Zalinium234
|j|☆Fachemaispasfacho
|t:|1758299945
|gametype|singles
|player|p1|Zalinium234|biker|1294
|player|p2|Fachemaispasfacho|backpacker|1294
|gen|9
|tier|[Gen 9] OU
|rated|
|rule|HP Percentage Mod: HP is shown in percentages
|rule|Endless Battle Clause: Forcing endless battles is banned
|rule|Species Clause: Limit one of each Pokémon
|rule|OHKO Clause: OHKO moves are banned
|rule|Evasion Items Clause: Evasion items are banned
|rule|Evasion Moves Clause: Evasion moves are banned
|rule|Evasion Abilities Clause: Evasion abilities are banned
|rule|Sleep Moves Clause: Sleep-inducing moves are banned
|clearpoke
|poke|p1|Iron Crown|
|poke|p1|Iron Hands|
|poke|p1|Iron Boulder|
|poke|p1|Iron Moth|
|poke|p1|Iron Valiant|
|poke|p1|Iron Treads|
|poke|p2|Golduck, M|
|poke|p2|Dragapult, M|
|poke|p2|Zapdos|
|poke|p2|Pelipper, M|
|poke|p2|Iron Treads|
|poke|p2|Samurott-Hisui, M|
|teampreview
|
|t:|1758299968
|teamsize|p1|6
|teamsize|p2|6
|start
|switch|p1a: Iron Crown|Iron Crown|100/100
|switch|p2a: WingedRat|Pelipper, M|100/100
|-weather|RainDance|[from] ability: Drizzle|[of] p2a: WingedRat
|turn|1
|inactive|Battle timer is ON: inactive players will automatically lose when time's up. (requested by Fachemaispasfacho)
|
|t:|1758299988
|switch|p2a: Droideka|Iron Treads|100/100
|move|p1a: Iron Crown|Agility|p1a: Iron Crown
|-boost|p1a: Iron Crown|spe|2
|
|-weather|RainDance|[upkeep]
|upkeep
|turn|2
|
|t:|1758299997
|move|p1a: Iron Crown|Calm Mind|p1a: Iron Crown
|-boost|p1a: Iron Crown|spa|1
|-boost|p1a: Iron Crown|spd|1
|move|p2a: Droideka|Earthquake|p1a: Iron Crown
|-supereffective|p1a: Iron Crown
|-damage|p1a: Iron Crown|37/100
|-enditem|p1a: Iron Crown|Weakness Policy
|-boost|p1a: Iron Crown|atk|2|[from] item: Weakness Policy
|-boost|p1a: Iron Crown|spa|2|[from] item: Weakness Policy
|
|-weather|RainDance|[upkeep]
|upkeep
|turn|3
|
|t:|1758300005
|move|p1a: Iron Crown|Stored Power|p2a: Droideka
|-resisted|p2a: Droideka
|-damage|p2a: Droideka|25/100
|move|p2a: Droideka|Earthquake|p1a: Iron Crown
|-supereffective|p1a: Iron Crown
|-damage|p1a: Iron Crown|0 fnt
|faint|p1a: Iron Crown
|-end|p1a: Iron Crown|Quark Drive|[silent]
|
|-weather|RainDance|[upkeep]
|-heal|p2a: Droideka|32/100|[from] item: Leftovers
|upkeep
|inactive|Zalinium234 has 120 seconds left.
|
|t:|1758300036
|switch|p1a: Iron Moth|Iron Moth|100/100
|-item|p1a: Iron Moth|Air Balloon
|turn|4
|
|t:|1758300045
|move|p1a: Iron Moth|Agility|p1a: Iron Moth
|-boost|p1a: Iron Moth|spe|2
|move|p2a: Droideka|Volt Switch|p1a: Iron Moth
|-damage|p1a: Iron Moth|90/100
|-enditem|p1a: Iron Moth|Air Balloon
|
|t:|1758300052
|-end|p2a: Droideka|Quark Drive|[silent]
|switch|p2a: Dauntless|Samurott-Hisui, M|100/100|[from] Volt Switch
|
|-weather|RainDance|[upkeep]
|upkeep
|turn|5
|
|t:|1758300056
|move|p2a: Dauntless|Aqua Jet|p1a: Iron Moth
|-supereffective|p1a: Iron Moth
|-damage|p1a: Iron Moth|0 fnt
|faint|p1a: Iron Moth
|-end|p1a: Iron Moth|Quark Drive|[silent]
|
|-weather|RainDance|[upkeep]
|upkeep
|
|t:|1758300060
|switch|p1a: Iron Hands|Iron Hands|100/100
|turn|6
|
|t:|1758300064
|switch|p2a: Droideka|Iron Treads|32/100
|move|p1a: Iron Hands|Drain Punch|p2a: Droideka
|-supereffective|p2a: Droideka
|-damage|p2a: Droideka|0 fnt
|faint|p2a: Droideka
|-end|p2a: Droideka|Quark Drive|[silent]
|
|-weather|RainDance|[upkeep]
|upkeep
|
|t:|1758300074
|switch|p2a: Starboy|Dragapult, M|100/100
|turn|7
|
|t:|1758300080
|move|p2a: Starboy|Draco Meteor|p1a: Iron Hands
|-damage|p1a: Iron Hands|48/100
|-unboost|p2a: Starboy|spa|2
|move|p1a: Iron Hands|Ice Punch|p2a: Starboy
|-supereffective|p2a: Starboy
|-damage|p2a: Starboy|15/100
|-status|p2a: Starboy|frz
|
|-weather|RainDance|[upkeep]
|upkeep
|turn|8
|
|t:|1758300085
|cant|p2a: Starboy|frz
|move|p1a: Iron Hands|Heavy Slam|p2a: Starboy
|-damage|p2a: Starboy|0 fnt
|faint|p2a: Starboy
|
|-weather|none
|upkeep
|
|t:|1758300090
|switch|p2a: WingedRat|Pelipper, M|100/100
|-weather|RainDance|[from] ability: Drizzle|[of] p2a: WingedRat
|turn|9
|
|t:|1758300094
|move|p1a: Iron Hands|Supercell Slam|p2a: WingedRat
|-supereffective|p2a: WingedRat
|-damage|p2a: WingedRat|0 fnt
|faint|p2a: WingedRat
|
|-weather|RainDance|[upkeep]
|upkeep
|
|t:|1758300099
|switch|p2a: Misty's Psyduck|Golduck, M|100/100
|turn|10
|
|t:|1758300101
|move|p2a: Misty's Psyduck|Surf|p1a: Iron Hands
|-damage|p1a: Iron Hands|1/100
|-damage|p2a: Misty's Psyduck|91/100|[from] item: Life Orb
|move|p1a: Iron Hands|Supercell Slam|p2a: Misty's Psyduck
|-supereffective|p2a: Misty's Psyduck
|-damage|p2a: Misty's Psyduck|0 fnt
|faint|p2a: Misty's Psyduck
|
|-weather|RainDance|[upkeep]
|upkeep
|
|t:|1758300104
|switch|p2a: Dauntless|Samurott-Hisui, M|100/100
|turn|11
|
|t:|1758300110
|move|p2a: Dauntless|Aqua Cutter|p1a: Iron Hands
|-damage|p1a: Iron Hands|0 fnt
|faint|p1a: Iron Hands
|-end|p1a: Iron Hands|Quark Drive|[silent]
|
|-weather|RainDance|[upkeep]
|upkeep
|
|t:|1758300125
|switch|p1a: Iron Valiant|Iron Valiant|100/100
|turn|12
|
|t:|1758300138
|-terastallize|p1a: Iron Valiant|Fairy
|move|p1a: Iron Valiant|Moonblast|p2a: Dauntless
|-supereffective|p2a: Dauntless
|-damage|p2a: Dauntless|0 fnt
|faint|p2a: Dauntless
|
|-weather|RainDance|[upkeep]
|upkeep
|
|t:|1758300141
|switch|p2a: BigBird|Zapdos|100/100
|turn|13
|-message|Fachemaispasfacho forfeited.
|
|win|Zalinium234
|raw|Zalinium234's rating: 1294 &rarr; <strong>1319</strong><br />(+25 for winning)
|raw|Fachemaispasfacho's rating: 1294 &rarr; <strong>1269</strong><br />(-25 for losing)
|l|☆Fachemaispasfacho
|player|p2|
|l|☆Zalinium234
|player|p1|
