|j|☆samothy
|j|☆IxAmxLegal
|t:|1758254459
|gametype|singles
|player|p1|samothy|170|1221
|player|p2|IxAmxLegal|cynthia-gen4|1198
|gen|9
|tier|[Gen 9] OU
|rated|
|rule|HP Percentage Mod: HP is shown in percentages
|rule|Endless Battle Clause: Forcing endless battles is banned
|rule|Species Clause: Limit one of each Pokémon
|rule|OHKO Clause: OHKO moves are banned
|rule|Evasion Items Clause: Evasion items are banned
|rule|Evasion Moves Clause: Evasion moves are banned
|rule|Evasion Abilities Clause: Evasion abilities are banned
|rule|Sleep Moves Clause: Sleep-inducing moves are banned
|clearpoke
|poke|p1|Ogerpon-Cornerstone, F|
|poke|p1|Hatterene, F|
|poke|p1|Pecharunt|
|poke|p1|Landorus-Therian, M|
|poke|p1|Kingambit, F|
|poke|p1|Latios, M|
|poke|p2|Dragapult, M|
|poke|p2|Landorus-Therian, M|
|poke|p2|Samurott-Hisui, F|
|poke|p2|Scizor, M|
|poke|p2|Gholdengo|
|poke|p2|Weezing-Galar, F|
|teampreview
|inactive|Battle timer is ON: inactive players will automatically lose when time's up. (requested by IxAmxLegal)
|inactive|samothy also wants the timer to be on.
|
|t:|1758254463
|teamsize|p1|6
|teamsize|p2|6
|start
|switch|p1a: Latios|Latios, M|100/100
|switch|p2a: Scizor|Scizor, M, shiny|100/100
|turn|1
|
|t:|1758254471
|move|p1a: Latios|Flip Turn|p2a: Scizor
|-damage|p2a: Scizor|87/100
|
|t:|1758254486
|switch|p1a: Landorus|Landorus-Therian, M|100/100|[from] Flip Turn
|-ability|p1a: Landorus|Intimidate|boost
|-unboost|p2a: Scizor|atk|1
|move|p2a: Scizor|U-turn|p1a: Landorus
|-resisted|p1a: Landorus
|-damage|p1a: Landorus|87/100
|-damage|p2a: Scizor|71/100|[from] item: Rocky Helmet|[of] p1a: Landorus
|
|t:|1758254491
|switch|p2a: Landorus|Landorus-Therian, M, shiny|100/100|[from] U-turn
|-ability|p2a: Landorus|Intimidate|boost
|-unboost|p1a: Landorus|atk|1
|
|upkeep
|turn|2
|
|t:|1758254498
|move|p2a: Landorus|Taunt|p1a: Landorus
|-start|p1a: Landorus|move: Taunt
|move|p1a: Landorus|U-turn|p2a: Landorus
|-resisted|p2a: Landorus
|-damage|p2a: Landorus|93/100
|-damage|p1a: Landorus|71/100|[from] item: Rocky Helmet|[of] p2a: Landorus
|
|t:|1758254507
|switch|p1a: Latios|Latios, M|100/100|[from] U-turn
|
|upkeep
|turn|3
|
|t:|1758254515
|move|p1a: Latios|Flip Turn|p2a: Landorus
|-supereffective|p2a: Landorus
|-damage|p2a: Landorus|69/100
|-damage|p1a: Latios|84/100|[from] item: Rocky Helmet|[of] p2a: Landorus
|
|t:|1758254520
|switch|p1a: Hatterene|Hatterene, F|100/100|[from] Flip Turn
|move|p2a: Landorus|U-turn|p1a: Hatterene
|-damage|p1a: Hatterene|78/100
|
|t:|1758254525
|switch|p2a: Samurott|Samurott-Hisui, F, shiny|100/100|[from] U-turn
|
|upkeep
|turn|4
|
|t:|1758254538
|move|p2a: Samurott|Ceaseless Edge|p1a: Hatterene|[miss]
|-miss|p2a: Samurott|p1a: Hatterene
|move|p1a: Hatterene|Nuzzle|p2a: Samurott
|-supereffective|p2a: Samurott
|-damage|p2a: Samurott|92/100
|-status|p2a: Samurott|par
|
|upkeep
|turn|5
|
|t:|1758254546
|move|p2a: Samurott|Ceaseless Edge|p1a: Hatterene
|-damage|p1a: Hatterene|32/100
|-sidestart|p1: samothy|Spikes
|move|p1a: Hatterene|Draining Kiss|p2a: Samurott
|-supereffective|p2a: Samurott
|-damage|p2a: Samurott|58/100 par
|-heal|p1a: Hatterene|63/100|[from] drain|[of] p2a: Samurott
|
|upkeep
|turn|6
|
|t:|1758254556
|move|p2a: Samurott|Ceaseless Edge|p1a: Hatterene
|-crit|p1a: Hatterene
|-damage|p1a: Hatterene|0 fnt
|-sidestart|p1: samothy|Spikes
|faint|p1a: Hatterene
|
|upkeep
|
|t:|1758254570
|switch|p1a: Latios|Latios, M|84/100
|turn|7
|
|t:|1758254577
|move|p1a: Latios|Flip Turn|p2a: Samurott
|-resisted|p2a: Samurott
|-damage|p2a: Samurott|52/100 par
|
|t:|1758254587
|switch|p1a: Landorus|Landorus-Therian, M|71/100|[from] Flip Turn
|-ability|p1a: Landorus|Intimidate|boost
|-unboost|p2a: Samurott|atk|1
|move|p2a: Samurott|Ceaseless Edge|p1a: Landorus
|-damage|p1a: Landorus|50/100
|-damage|p2a: Samurott|35/100 par|[from] item: Rocky Helmet|[of] p1a: Landorus
|-sidestart|p1: samothy|Spikes
|
|upkeep
|turn|8
|
|t:|1758254602
|move|p1a: Landorus|Stealth Rock|p2a: Samurott
|-sidestart|p2: IxAmxLegal|move: Stealth Rock
|move|p2a: Samurott|Flip Turn|p1a: Landorus
|-supereffective|p1a: Landorus
|-damage|p1a: Landorus|24/100
|-damage|p2a: Samurott|19/100 par|[from] item: Rocky Helmet|[of] p1a: Landorus
|
|t:|1758254610
|switch|p2a: Dragapult|Dragapult, M, shiny|100/100|[from] Flip Turn
|
|upkeep
|turn|9
|
|t:|1758254614
|move|p2a: Dragapult|Dragon Darts|p1a: Landorus
|-damage|p1a: Landorus|10/100
|-anim|p2a: Dragapult|Dragon Darts|p1a: Landorus
|-damage|p1a: Landorus|0 fnt
|faint|p1a: Landorus
|
|upkeep
|
|t:|1758254624
|switch|p1a: Pecharunt|Pecharunt|100/100
|turn|10
|
|t:|1758254631
|move|p2a: Dragapult|U-turn|p1a: Pecharunt
|-resisted|p1a: Pecharunt
|-damage|p1a: Pecharunt|98/100
|
|t:|1758254636
|switch|p2a: Samurott|Samurott-Hisui, F, shiny|19/100 par|[from] U-turn
|-damage|p2a: Samurott|7/100 par|[from] Stealth Rock
|move|p1a: Pecharunt|Shadow Ball|p2a: Samurott
|-resisted|p2a: Samurott
|-damage|p2a: Samurott|0 fnt
|faint|p2a: Samurott
|
|upkeep
|
|t:|1758254643
|switch|p2a: Scizor|Scizor, M, shiny|71/100
|-damage|p2a: Scizor|59/100|[from] Stealth Rock
|turn|11
|
|t:|1758254651
|move|p1a: Pecharunt|Shadow Ball|p2a: Scizor
|-crit|p2a: Scizor
|-damage|p2a: Scizor|11/100
|move|p2a: Scizor|Knock Off|p1a: Pecharunt
|-supereffective|p1a: Pecharunt
|-damage|p1a: Pecharunt|49/100
|-enditem|p1a: Pecharunt|Heavy-Duty Boots|[from] move: Knock Off|[of] p2a: Scizor
|
|upkeep
|turn|12
|
|t:|1758254663
|move|p1a: Pecharunt|Recover|p1a: Pecharunt
|-heal|p1a: Pecharunt|99/100
|move|p2a: Scizor|Knock Off|p1a: Pecharunt
|-supereffective|p1a: Pecharunt
|-damage|p1a: Pecharunt|64/100
|
|upkeep
|turn|13
|
|t:|1758254670
|move|p1a: Pecharunt|Shadow Ball|p2a: Scizor
|-damage|p2a: Scizor|0 fnt
|faint|p2a: Scizor
|
|upkeep
|
|t:|1758254677
|switch|p2a: Landorus|Landorus-Therian, M, shiny|69/100
|-damage|p2a: Landorus|56/100|[from] Stealth Rock
|-ability|p2a: Landorus|Intimidate|boost
|-unboost|p1a: Pecharunt|atk|1
|turn|14
|
|t:|1758254697
|move|p2a: Landorus|Taunt|p1a: Pecharunt
|-start|p1a: Pecharunt|move: Taunt
|cant|p1a: Pecharunt|move: Taunt|Parting Shot
|
|upkeep
|turn|15
|
|t:|1758254701
|move|p2a: Landorus|Earth Power|p1a: Pecharunt
|-supereffective|p1a: Pecharunt
|-damage|p1a: Pecharunt|7/100
|move|p1a: Pecharunt|Shadow Ball|p2a: Landorus
|-damage|p2a: Landorus|29/100
|
|upkeep
|turn|16
|
|t:|1758254709
|move|p2a: Landorus|U-turn|p1a: Pecharunt
|-resisted|p1a: Pecharunt
|-damage|p1a: Pecharunt|4/100
|
|t:|1758254718
|switch|p2a: Weezing|Weezing-Galar, F|100/100|[from] U-turn
|-ability|p2a: Weezing|Neutralizing Gas
|move|p1a: Pecharunt|Shadow Ball|p2a: Weezing
|-damage|p2a: Weezing|68/100
|-unboost|p2a: Weezing|spd|1
|
|-end|p1a: Pecharunt|move: Taunt
|upkeep
|turn|17
|
|t:|1758254728
|move|p1a: Pecharunt|Recover|p1a: Pecharunt
|-heal|p1a: Pecharunt|54/100
|move|p2a: Weezing|Sludge Bomb|p1a: Pecharunt
|-resisted|p1a: Pecharunt
|-damage|p1a: Pecharunt|48/100
|
|upkeep
|turn|18
|
|t:|1758254735
|-end|p2a: Weezing|ability: Neutralizing Gas
|switch|p2a: Landorus|Landorus-Therian, M, shiny|29/100
|-damage|p2a: Landorus|16/100|[from] Stealth Rock
|-ability|p2a: Landorus|Intimidate|boost
|-unboost|p1a: Pecharunt|atk|1
|move|p1a: Pecharunt|Recover|p1a: Pecharunt
|-heal|p1a: Pecharunt|98/100
|
|upkeep
|turn|19
|
|t:|1758254749
|move|p2a: Landorus|Earth Power|p1a: Pecharunt
|-supereffective|p1a: Pecharunt
|-damage|p1a: Pecharunt|44/100
|move|p1a: Pecharunt|Shadow Ball|p2a: Landorus
|-damage|p2a: Landorus|0 fnt
|faint|p2a: Landorus
|
|upkeep
|
|t:|1758254752
|switch|p2a: Dragapult|Dragapult, M, shiny|100/100
|turn|20
|
|t:|1758254761
|-terastallize|p1a: Pecharunt|Fairy
|move|p2a: Dragapult|Hex|p1a: Pecharunt
|-damage|p1a: Pecharunt|19/100
|move|p1a: Pecharunt|Recover|p1a: Pecharunt
|-heal|p1a: Pecharunt|69/100
|
|upkeep
|turn|21
|
|t:|1758254773
|move|p2a: Dragapult|U-turn|p1a: Pecharunt
|-resisted|p1a: Pecharunt
|-damage|p1a: Pecharunt|64/100
|
|t:|1758254775
|switch|p2a: Weezing|Weezing-Galar, F|68/100|[from] U-turn
|-ability|p2a: Weezing|Neutralizing Gas
|move|p1a: Pecharunt|Shadow Ball|p2a: Weezing
|-damage|p2a: Weezing|37/100
|
|upkeep
|turn|22
|
|t:|1758254785
|move|p1a: Pecharunt|Malignant Chain|p2a: Weezing
|-damage|p2a: Weezing|0 fnt
|faint|p2a: Weezing
|-end|p2a: Weezing|ability: Neutralizing Gas
|
|upkeep
|
|t:|1758254789
|switch|p2a: Gholdengo|Gholdengo, shiny|100/100
|-damage|p2a: Gholdengo|94/100|[from] Stealth Rock
|-item|p2a: Gholdengo|Air Balloon
|turn|23
|
|t:|1758254793
|move|p2a: Gholdengo|Make It Rain|p1a: Pecharunt
|-supereffective|p1a: Pecharunt
|-damage|p1a: Pecharunt|0 fnt
|-unboost|p2a: Gholdengo|spa|1
|faint|p1a: Pecharunt
|
|upkeep
|
|t:|1758254811
|switch|p1a: Kingambit|Kingambit, F|100/100
|-damage|p1a: Kingambit|76/100|[from] Spikes
|-activate|p1a: Kingambit|ability: Supreme Overlord
|-start|p1a: Kingambit|fallen3|[silent]
|turn|24
|
|t:|1758254818
|-terastallize|p2a: Gholdengo|Water
|move|p2a: Gholdengo|Nasty Plot|p2a: Gholdengo
|-boost|p2a: Gholdengo|spa|2
|move|p1a: Kingambit|Kowtow Cleave|p2a: Gholdengo
|-damage|p2a: Gholdengo|44/100
|-enditem|p2a: Gholdengo|Air Balloon
|
|-heal|p1a: Kingambit|82/100|[from] item: Leftovers
|upkeep
|turn|25
|
|t:|1758254829
|move|p1a: Kingambit|Sucker Punch|p2a: Gholdengo
|-damage|p2a: Gholdengo|7/100
|move|p2a: Gholdengo|Make It Rain|p1a: Kingambit
|-resisted|p1a: Kingambit
|-damage|p1a: Kingambit|39/100
|-unboost|p2a: Gholdengo|spa|1
|
|-heal|p1a: Kingambit|45/100|[from] item: Leftovers
|upkeep
|turn|26
|
|t:|1758254838
|move|p2a: Gholdengo|Recover|p2a: Gholdengo
|-heal|p2a: Gholdengo|57/100
|move|p1a: Kingambit|Kowtow Cleave|p2a: Gholdengo
|-damage|p2a: Gholdengo|13/100
|
|-heal|p1a: Kingambit|51/100|[from] item: Leftovers
|upkeep
|turn|27
|
|t:|1758254847
|move|p2a: Gholdengo|Recover|p2a: Gholdengo
|-heal|p2a: Gholdengo|63/100
|move|p1a: Kingambit|Swords Dance|p1a: Kingambit
|-boost|p1a: Kingambit|atk|2
|
|-heal|p1a: Kingambit|57/100|[from] item: Leftovers
|upkeep
|turn|28
|
|t:|1758254853
|move|p2a: Gholdengo|Make It Rain|p1a: Kingambit
|-resisted|p1a: Kingambit
|-damage|p1a: Kingambit|30/100
|-unboost|p2a: Gholdengo|spa|1
|move|p1a: Kingambit|Kowtow Cleave|p2a: Gholdengo
|-damage|p2a: Gholdengo|0 fnt
|faint|p2a: Gholdengo
|
|-heal|p1a: Kingambit|36/100|[from] item: Leftovers
|upkeep
|
|t:|1758254857
|switch|p2a: Dragapult|Dragapult, M, shiny|100/100
|turn|29
|
|t:|1758254864
|move|p1a: Kingambit|Sucker Punch||[still]
|-fail|p1a: Kingambit
|move|p2a: Dragapult|Will-O-Wisp|p1a: Kingambit
|-status|p1a: Kingambit|brn
|
|-heal|p1a: Kingambit|42/100 brn|[from] item: Leftovers
|-damage|p1a: Kingambit|36/100 brn|[from] brn
|upkeep
|turn|30
|
|t:|1758254872
|move|p1a: Kingambit|Sucker Punch|p2a: Dragapult
|-supereffective|p2a: Dragapult
|-damage|p2a: Dragapult|0 fnt
|faint|p2a: Dragapult
|
|win|samothy
|raw|samothy's rating: 1221 &rarr; <strong>1244</strong><br />(+23 for winning)
|raw|IxAmxLegal's rating: 1198 &rarr; <strong>1175</strong><br />(-23 for losing)
|l|☆IxAmxLegal
|player|p2|
|l|☆samothy
|player|p1|
