|j|☆DarkOnHollow
|j|☆DeCompaniu
|t:|1758350846
|gametype|singles
|player|p1|DarkOnHollow|lance|1126
|player|p2|DeCompaniu|richboy|1179
|gen|9
|tier|[Gen 9] OU
|rated|
|rule|HP Percentage Mod: HP is shown in percentages
|rule|Endless Battle Clause: Forcing endless battles is banned
|rule|Species Clause: Limit one of each Pokémon
|rule|OHKO Clause: OHKO moves are banned
|rule|Evasion Items Clause: Evasion items are banned
|rule|Evasion Moves Clause: Evasion moves are banned
|rule|Evasion Abilities Clause: Evasion abilities are banned
|rule|Sleep Moves Clause: Sleep-inducing moves are banned
|clearpoke
|poke|p1|Hoopa-Unbound|
|poke|p1|Deoxys-Speed|
|poke|p1|Slowking-Galar, F|
|poke|p1|Kyurem|
|poke|p1|Scizor, M|
|poke|p1|Hatterene, F|
|poke|p2|Greedent, M|
|poke|p2|Hawlucha, F|
|poke|p2|Glimmora, M|
|poke|p2|Indeedee, M|
|poke|p2|Polteageist-Antique|
|poke|p2|Golurk|
|teampreview
|
|t:|1758350867
|teamsize|p1|6
|teamsize|p2|6
|start
|switch|p1a: Deoxys|Deoxys-Speed|100/100
|switch|p2a: Glimmora|Glimmora, M|100/100
|-ability|p1a: Deoxys|Pressure
|turn|1
|
|t:|1758350884
|move|p2a: Glimmora|Stealth Rock|p1a: Deoxys
|-sidestart|p1: DarkOnHollow|move: Stealth Rock
|move|p1a: Deoxys|Trick Room|p1a: Deoxys
|-fieldstart|move: Trick Room|[of] p1a: Deoxys
|
|upkeep
|turn|2
|
|t:|1758350894
|move|p2a: Glimmora|Sludge Bomb|p1a: Deoxys
|-damage|p1a: Deoxys|25/100
|-status|p1a: Deoxys|psn
|move|p1a: Deoxys|Stealth Rock|p2a: Glimmora
|-sidestart|p2: DeCompaniu|move: Stealth Rock
|
|-damage|p1a: Deoxys|12/100 psn|[from] psn
|upkeep
|turn|3
|
|t:|1758350904
|switch|p1a: Slowking|Slowking-Galar, F|100/100
|-damage|p1a: Slowking|88/100|[from] Stealth Rock
|move|p2a: Glimmora|Mortal Spin|p1a: Slowking
|-resisted|p1a: Slowking
|-damage|p1a: Slowking|85/100
|-sideend|p2: DeCompaniu|Stealth Rock|[from] move: Mortal Spin|[of] p2a: Glimmora
|
|-heal|p1a: Slowking|91/100|[from] item: Leftovers
|upkeep
|turn|4
|
|t:|1758350915
|move|p1a: Slowking|Flamethrower|p2a: Glimmora
|-resisted|p2a: Glimmora
|-damage|p2a: Glimmora|86/100
|move|p2a: Glimmora|Earth Power|p1a: Slowking
|-supereffective|p1a: Slowking
|-crit|p1a: Slowking
|-damage|p1a: Slowking|8/100
|
|-heal|p1a: Slowking|14/100|[from] item: Leftovers
|upkeep
|turn|5
|
|t:|1758350932
|switch|p1a: Hoopa|Hoopa-Unbound|100/100
|-damage|p1a: Hoopa|88/100|[from] Stealth Rock
|move|p2a: Glimmora|Earth Power|p1a: Hoopa
|-damage|p1a: Hoopa|62/100
|
|-fieldend|move: Trick Room
|upkeep
|turn|6
|
|t:|1758350942
|-terastallize|p1a: Hoopa|Dark
|move|p2a: Glimmora|Sludge Bomb|p1a: Hoopa
|-damage|p1a: Hoopa|21/100
|move|p1a: Hoopa|Dark Pulse|p2a: Glimmora
|-damage|p2a: Glimmora|0 fnt
|faint|p2a: Glimmora
|
|upkeep
|
|t:|1758350952
|switch|p2a: Indeedee|Indeedee, M|100/100
|-fieldstart|move: Psychic Terrain|[from] ability: Psychic Surge|[of] p2a: Indeedee
|turn|7
|
|t:|1758350959
|switch|p1a: Slowking|Slowking-Galar, F|47/100
|-damage|p1a: Slowking|35/100|[from] Stealth Rock
|move|p2a: Indeedee|Tera Blast|p1a: Slowking
|-damage|p1a: Slowking|7/100
|
|-heal|p1a: Slowking|13/100|[from] item: Leftovers
|upkeep
|turn|8
|
|t:|1758350970
|switch|p1a: Deoxys|Deoxys-Speed|12/100 psn
|-damage|p1a: Deoxys|0 fnt|[from] Stealth Rock
|faint|p1a: Deoxys
|move|p2a: Indeedee|Tera Blast|p1: Deoxys|[notarget]
|-fail|p2a: Indeedee
|
|upkeep
|
|t:|1758350976
|switch|p1a: Hatterene|Hatterene, F|100/100
|-damage|p1a: Hatterene|88/100|[from] Stealth Rock
|turn|9
|
|t:|1758350981
|switch|p2a: Golurk|Golurk|100/100
|move|p1a: Hatterene|Healing Wish|p1a: Hatterene
|faint|p1a: Hatterene
|
|upkeep
|
|t:|1758350984
|switch|p1a: Hoopa|Hoopa-Unbound, tera:Dark|21/100
|-heal|p1a: Hoopa|100/100|[from] move: Healing Wish
|-damage|p1a: Hoopa|88/100|[from] Stealth Rock
|turn|10
|
|t:|1758350993
|-terastallize|p2a: Golurk|Dark
|move|p1a: Hoopa|Dark Pulse|p2a: Golurk
|-resisted|p2a: Golurk
|-damage|p2a: Golurk|36/100
|move|p2a: Golurk|Dynamic Punch|p1a: Hoopa
|-supereffective|p1a: Hoopa
|-damage|p1a: Hoopa|0 fnt
|faint|p1a: Hoopa
|
|upkeep
|-message|DarkOnHollow forfeited.
|
|win|DeCompaniu
|raw|DarkOnHollow's rating: 1126 &rarr; <strong>1105</strong><br />(-21 for losing)
|raw|DeCompaniu's rating: 1179 &rarr; <strong>1200</strong><br />(+21 for winning)
|l|☆DarkOnHollow
|player|p1|
|l|☆DeCompaniu
|player|p2|
