|j|☆MegaMarowak usher
|j|☆ancientatom1
|t:|1758251843
|gametype|singles
|player|p1|MegaMarowak usher|169|1333
|player|p2|ancientatom1|265|1343
|gen|9
|tier|[Gen 9] OU
|rated|
|rule|HP Percentage Mod: HP is shown in percentages
|rule|Endless Battle Clause: Forcing endless battles is banned
|rule|Species Clause: Limit one of each Pokémon
|rule|OHKO Clause: OHKO moves are banned
|rule|Evasion Items Clause: Evasion items are banned
|rule|Evasion Moves Clause: Evasion moves are banned
|rule|Evasion Abilities Clause: Evasion abilities are banned
|rule|Sleep Moves Clause: Sleep-inducing moves are banned
|clearpoke
|poke|p1|Slowking-Galar, M|
|poke|p1|Darkrai|
|poke|p1|Sableye, M|
|poke|p1|Tornadus-Therian, M|
|poke|p1|Mienshao, M|
|poke|p1|Gliscor, F|
|poke|p2|Pelipper, F|
|poke|p2|Hatterene, F|
|poke|p2|Iron Treads|
|poke|p2|Toxicroak, F|
|poke|p2|Barraskewda, F|
|poke|p2|Zapdos|
|teampreview
|inactive|Battle timer is ON: inactive players will automatically lose when time's up. (requested by ancientatom1)
|inactive|MegaMarowak usher has 120 seconds left.
|
|t:|1758251893
|teamsize|p1|6
|teamsize|p2|6
|start
|switch|p1a: Slowking|Slowking-Galar, M|100/100
|switch|p2a: Pelipper|Pelipper, F|100/100
|-weather|RainDance|[from] ability: Drizzle|[of] p2a: Pelipper
|turn|1
|
|t:|1758251915
|move|p2a: Pelipper|Knock Off|p1a: Slowking
|-supereffective|p1a: Slowking
|-damage|p1a: Slowking|71/100
|-enditem|p1a: Slowking|Assault Vest|[from] move: Knock Off|[of] p2a: Pelipper
|move|p1a: Slowking|Future Sight|p2a: Pelipper
|-start|p1a: Slowking|move: Future Sight
|
|-weather|RainDance|[upkeep]
|upkeep
|turn|2
|
|t:|1758251925
|move|p2a: Pelipper|U-turn|p1a: Slowking
|-damage|p1a: Slowking|61/100
|
|t:|1758251930
|switch|p2a: Barraskewda|Barraskewda, F|100/100|[from] U-turn
|move|p1a: Slowking|Thunder Wave|p2a: Barraskewda
|-status|p2a: Barraskewda|par
|
|-weather|RainDance|[upkeep]
|upkeep
|turn|3
|
|t:|1758251946
|switch|p1a: Tornadus|Tornadus-Therian, M|100/100
|move|p2a: Barraskewda|Liquidation|p1a: Tornadus
|-damage|p1a: Tornadus|0 fnt
|faint|p1a: Tornadus
|
|-weather|RainDance|[upkeep]
|-end|p2a: Barraskewda|move: Future Sight
|-damage|p2a: Barraskewda|8/100 par
|upkeep
|inactive|MegaMarowak usher has 120 seconds left.
|
|t:|1758251974
|switch|p1a: Sableye|Sableye, M|100/100
|turn|4
|inactive|MegaMarowak usher has 120 seconds left.
|
|t:|1758251981
|move|p1a: Sableye|Reflect|p1a: Sableye
|-sidestart|p1: MegaMarowak usher|Reflect
|move|p2a: Barraskewda|Liquidation|p1a: Sableye
|-damage|p1a: Sableye|48/100
|-damage|p2a: Barraskewda|0 fnt|[from] item: Rocky Helmet|[of] p1a: Sableye
|faint|p2a: Barraskewda
|
|-weather|RainDance|[upkeep]
|upkeep
|
|t:|1758251988
|switch|p2a: Zapdos|Zapdos|100/100
|turn|5
|
|t:|1758251998
|switch|p1a: Gliscor|Gliscor, F|100/100
|move|p2a: Zapdos|Hurricane|p1a: Gliscor
|-damage|p1a: Gliscor|0 fnt
|faint|p1a: Gliscor
|
|-weather|RainDance|[upkeep]
|upkeep
|
|t:|1758252011
|switch|p1a: Slowking|Slowking-Galar, M|94/100
|turn|6
|
|t:|1758252021
|switch|p2a: Iron Treads|Iron Treads|100/100
|-prepare|p1a: Slowking|Chilly Reception|[premajor]
|move|p1a: Slowking|Chilly Reception|p1a: Slowking
|-weather|Snowscape
|
|t:|1758252034
|switch|p1a: Mienshao|Mienshao, M|100/100|[from] Chilly Reception
|
|-weather|Snowscape|[upkeep]
|upkeep
|turn|7
|
|t:|1758252046
|move|p1a: Mienshao|Knock Off|p2a: Iron Treads
|-damage|p2a: Iron Treads|74/100
|-enditem|p2a: Iron Treads|Leftovers|[from] move: Knock Off|[of] p1a: Mienshao
|move|p2a: Iron Treads|Stealth Rock|p1a: Mienshao
|-sidestart|p1: MegaMarowak usher|move: Stealth Rock
|
|-weather|Snowscape|[upkeep]
|upkeep
|turn|8
|
|t:|1758252072
|switch|p1a: Sableye|Sableye, M|48/100
|-damage|p1a: Sableye|36/100|[from] Stealth Rock
|move|p2a: Iron Treads|Volt Switch|p1a: Sableye
|-damage|p1a: Sableye|17/100
|
|t:|1758252079
|-end|p2a: Iron Treads|Quark Drive|[silent]
|switch|p2a: Zapdos|Zapdos|100/100|[from] Volt Switch
|
|-weather|Snowscape|[upkeep]
|-sideend|p1: MegaMarowak usher|Reflect
|upkeep
|turn|9
|
|t:|1758252089
|switch|p1a: Slowking|Slowking-Galar, M|100/100
|-damage|p1a: Slowking|88/100|[from] Stealth Rock
|move|p2a: Zapdos|Volt Switch|p1a: Slowking
|-damage|p1a: Slowking|57/100
|
|t:|1758252101
|switch|p2a: Iron Treads|Iron Treads|74/100|[from] Volt Switch
|
|-weather|Snowscape|[upkeep]
|upkeep
|turn|10
|inactive|MegaMarowak usher has 120 seconds left.
|
|t:|1758252132
|-terastallize|p1a: Slowking|Water
|move|p2a: Iron Treads|Earthquake|p1a: Slowking
|-crit|p1a: Slowking
|-damage|p1a: Slowking|2/100
|-prepare|p1a: Slowking|Chilly Reception|[premajor]
|move|p1a: Slowking|Chilly Reception|p1a: Slowking
|inactive|MegaMarowak usher has 120 seconds left.
|
|t:|1758252144
|switch|p1a: Darkrai|Darkrai|100/100|[from] Chilly Reception
|
|-weather|none
|upkeep
|turn|11
|inactive|MegaMarowak usher has 120 seconds left.
|
|t:|1758252152
|move|p1a: Darkrai|Nasty Plot|p1a: Darkrai
|-boost|p1a: Darkrai|spa|2
|move|p2a: Iron Treads|Volt Switch|p1a: Darkrai
|-damage|p1a: Darkrai|86/100
|
|t:|1758252164
|-end|p2a: Iron Treads|Quark Drive|[silent]
|switch|p2a: Pelipper|Pelipper, F|100/100|[from] Volt Switch
|-weather|RainDance|[from] ability: Drizzle|[of] p2a: Pelipper
|
|-weather|RainDance|[upkeep]
|upkeep
|turn|12
|
|t:|1758252177
|move|p1a: Darkrai|Dark Pulse|p2a: Pelipper
|-damage|p2a: Pelipper|13/100
|move|p2a: Pelipper|Hurricane|p1a: Darkrai
|-damage|p1a: Darkrai|41/100
|
|-weather|RainDance|[upkeep]
|upkeep
|turn|13
|inactive|ancientatom1 has 120 seconds left.
|
|t:|1758252208
|move|p1a: Darkrai|Dark Pulse|p2a: Pelipper
|-damage|p2a: Pelipper|0 fnt
|faint|p2a: Pelipper
|
|-weather|RainDance|[upkeep]
|upkeep
|inactive|ancientatom1 has 120 seconds left.
|
|t:|1758252215
|switch|p2a: Toxicroak|Toxicroak, F|100/100
|turn|14
|
|t:|1758252226
|switch|p1a: Sableye|Sableye, M|17/100
|-damage|p1a: Sableye|5/100|[from] Stealth Rock
|move|p2a: Toxicroak|Drain Punch|p1a: Sableye
|-immune|p1a: Sableye
|
|-weather|RainDance|[upkeep]
|upkeep
|turn|15
|
|t:|1758252236
|move|p1a: Sableye|Recover|p1a: Sableye
|-heal|p1a: Sableye|55/100
|move|p2a: Toxicroak|Knock Off|p1a: Sableye
|-damage|p1a: Sableye|32/100
|-damage|p2a: Toxicroak|84/100|[from] item: Rocky Helmet|[of] p1a: Sableye
|-enditem|p1a: Sableye|Rocky Helmet|[from] move: Knock Off|[of] p2a: Toxicroak
|
|-weather|RainDance|[upkeep]
|-heal|p2a: Toxicroak|96/100|[from] ability: Dry Skin
|upkeep
|turn|16
|
|t:|1758252249
|move|p1a: Sableye|Recover|p1a: Sableye
|-heal|p1a: Sableye|82/100
|move|p2a: Toxicroak|Toxic|p1a: Sableye
|-status|p1a: Sableye|tox
|
|-weather|RainDance|[upkeep]
|-heal|p2a: Toxicroak|100/100|[from] ability: Dry Skin
|-damage|p1a: Sableye|76/100 tox|[from] psn
|upkeep
|turn|17
|
|t:|1758252260
|switch|p2a: Zapdos|Zapdos|100/100
|move|p1a: Sableye|Reflect|p1a: Sableye
|-sidestart|p1: MegaMarowak usher|Reflect
|
|-weather|RainDance|[upkeep]
|-damage|p1a: Sableye|64/100 tox|[from] psn
|upkeep
|turn|18
|
|t:|1758252281
|move|p2a: Zapdos|Hurricane|p1a: Sableye
|-damage|p1a: Sableye|0 fnt
|faint|p1a: Sableye
|
|-weather|none
|upkeep
|inactive|MegaMarowak usher has 120 seconds left.
|
|t:|1758252292
|switch|p1a: Darkrai|Darkrai|41/100
|turn|19
|
|t:|1758252300
|move|p1a: Darkrai|Ice Beam|p2a: Zapdos
|-supereffective|p2a: Zapdos
|-damage|p2a: Zapdos|23/100
|move|p2a: Zapdos|Hurricane|p1a: Darkrai
|-damage|p1a: Darkrai|0 fnt
|faint|p1a: Darkrai
|
|upkeep
|inactive|MegaMarowak usher has 120 seconds left.
|
|t:|1758252333
|switch|p1a: Slowking|Slowking-Galar, M, tera:Water|36/100
|-damage|p1a: Slowking|23/100|[from] Stealth Rock
|turn|20
|
|t:|1758252339
|move|p2a: Zapdos|Hurricane|p1a: Slowking|[miss]
|-miss|p2a: Zapdos|p1a: Slowking
|move|p1a: Slowking|Future Sight|p2a: Zapdos
|-start|p1a: Slowking|move: Future Sight
|
|upkeep
|turn|21
|
|t:|1758252348
|move|p2a: Zapdos|Hurricane|p1a: Slowking
|-damage|p1a: Slowking|0 fnt
|faint|p1a: Slowking
|
|-sideend|p1: MegaMarowak usher|Reflect
|upkeep
|
|t:|1758252354
|switch|p1a: Mienshao|Mienshao, M|100/100
|-damage|p1a: Mienshao|95/100|[from] Stealth Rock
|turn|22
|
|t:|1758252363
|move|p1a: Mienshao|High Jump Kick|p2a: Zapdos
|-resisted|p2a: Zapdos
|-damage|p2a: Zapdos|0 fnt
|faint|p2a: Zapdos
|
|-hint|Future Sight did not hit because the target is fainted.
|upkeep
|
|t:|1758252370
|switch|p2a: Hatterene|Hatterene, F|100/100
|turn|23
|
|t:|1758252374
|move|p1a: Mienshao|High Jump Kick|p2a: Hatterene
|-resisted|p2a: Hatterene
|-damage|p2a: Hatterene|83/100
|-enditem|p2a: Hatterene|Eject Button
|
|t:|1758252379
|switch|p2a: Toxicroak|Toxicroak, F|100/100
|
|upkeep
|turn|24
|inactive|MegaMarowak usher has 120 seconds left.
|inactive|MegaMarowak usher has 90 seconds left.
|inactive|MegaMarowak usher has 60 seconds left.
|inactive|MegaMarowak usher has 30 seconds left.
|inactive|MegaMarowak usher has 20 seconds left.
|inactive|MegaMarowak usher has 15 seconds left.
|inactive|MegaMarowak usher has 10 seconds left.
|inactive|MegaMarowak usher has 5 seconds left.
|-message|MegaMarowak usher lost due to inactivity.
|
|win|ancientatom1
|raw|MegaMarowak usher's rating: 1333 &rarr; <strong>1314</strong><br />(-19 for losing)
|raw|ancientatom1's rating: 1343 &rarr; <strong>1362</strong><br />(+19 for winning)
|l|☆ancientatom1
|player|p2|
