|j|☆nhbgvfdcsw
|j|☆PISSjumper
|t:|1758330416
|gametype|singles
|player|p1|nhbgvfdcsw|265|1140
|player|p2|PISSjumper|170|1141
|gen|9
|tier|[Gen 9] OU
|rated|
|rule|HP Percentage Mod: HP is shown in percentages
|rule|Endless Battle Clause: Forcing endless battles is banned
|rule|Species Clause: Limit one of each Pokémon
|rule|OHKO Clause: OHKO moves are banned
|rule|Evasion Items Clause: Evasion items are banned
|rule|Evasion Moves Clause: Evasion moves are banned
|rule|Evasion Abilities Clause: Evasion abilities are banned
|rule|Sleep Moves Clause: Sleep-inducing moves are banned
|clearpoke
|poke|p1|Cinderace, M|
|poke|p1|Zamazenta-*|
|poke|p1|Gholdengo|
|poke|p1|Dondozo, M|
|poke|p1|Slowking-Galar, F|
|poke|p1|Dragonite, F|
|poke|p2|Venusaur, M|
|poke|p2|Ninetales, F|
|poke|p2|Zapdos|
|poke|p2|Darkrai|
|poke|p2|Minior-Blue|
|poke|p2|Dragapult, M|
|teampreview
|inactive|Battle timer is ON: inactive players will automatically lose when time's up. (requested by PISSjumper)
|
|t:|1758330422
|teamsize|p1|6
|teamsize|p2|6
|start
|switch|p1a: Cinderace|Cinderace, M|100/100
|switch|p2a: Melania|Ninetales, F, shiny|100/100
|-weather|SunnyDay|[from] ability: Drought|[of] p2a: Melania
|turn|1
|
|t:|1758330434
|switch|p2a: Donald Trump|Venusaur, M, shiny|100/100
|move|p1a: Cinderace|U-turn|p2a: Donald Trump
|-start|p1a: Cinderace|typechange|Bug|[from] ability: Libero
|-damage|p2a: Donald Trump|55/100
|
|t:|1758330443
|switch|p1a: Slowking|Slowking-Galar, F|100/100|[from] U-turn
|
|-weather|SunnyDay|[upkeep]
|upkeep
|turn|2
|
|t:|1758330450
|move|p2a: Donald Trump|Growth|p2a: Donald Trump
|-boost|p2a: Donald Trump|atk|2
|-boost|p2a: Donald Trump|spa|2
|move|p1a: Slowking|Psychic|p2a: Donald Trump
|-supereffective|p2a: Donald Trump
|-damage|p2a: Donald Trump|0 fnt
|faint|p2a: Donald Trump
|
|-weather|SunnyDay|[upkeep]
|upkeep
|
|t:|1758330460
|switch|p2a: Melania|Ninetales, F, shiny|100/100
|turn|3
|
|t:|1758330467
|move|p2a: Melania|Will-O-Wisp|p1a: Slowking
|-status|p1a: Slowking|brn
|move|p1a: Slowking|Psychic|p2a: Melania
|-damage|p2a: Melania|47/100
|
|-weather|SunnyDay|[upkeep]
|-damage|p1a: Slowking|94/100 brn|[from] brn
|upkeep
|turn|4
|
|t:|1758330481
|move|p2a: Melania|Scorching Sands|p1a: Slowking
|-supereffective|p1a: Slowking
|-damage|p1a: Slowking|76/100 brn
|move|p1a: Slowking|Sludge Wave|p2a: Melania
|-damage|p2a: Melania|0 fnt
|faint|p2a: Melania
|
|-weather|SunnyDay|[upkeep]
|-damage|p1a: Slowking|70/100 brn|[from] brn
|upkeep
|
|t:|1758330491
|switch|p2a: JD Vance|Zapdos, shiny|100/100
|turn|5
|
|t:|1758330495
|move|p2a: JD Vance|Heat Wave|p1a: Slowking
|-damage|p1a: Slowking|44/100 brn
|move|p1a: Slowking|Ice Beam|p2a: JD Vance
|-supereffective|p2a: JD Vance
|-crit|p2a: JD Vance
|-damage|p2a: JD Vance|17/100
|
|-weather|SunnyDay|[upkeep]
|-heal|p2a: JD Vance|23/100|[from] item: Leftovers
|-damage|p1a: Slowking|38/100 brn|[from] brn
|upkeep
|turn|6
|
|t:|1758330511
|-terastallize|p2a: JD Vance|Fire
|move|p2a: JD Vance|Roost|p2a: JD Vance
|-heal|p2a: JD Vance|73/100
|move|p1a: Slowking|Sludge Wave|p2a: JD Vance
|-damage|p2a: JD Vance|31/100
|
|-weather|SunnyDay|[upkeep]
|-heal|p2a: JD Vance|37/100|[from] item: Leftovers
|-damage|p1a: Slowking|32/100 brn|[from] brn
|upkeep
|turn|7
|
|t:|1758330525
|switch|p1a: Dondozo|Dondozo, M|100/100
|move|p2a: JD Vance|Roost|p2a: JD Vance
|-heal|p2a: JD Vance|87/100
|
|-weather|SunnyDay|[upkeep]
|-heal|p2a: JD Vance|94/100|[from] item: Leftovers
|upkeep
|turn|8
|
|t:|1758330544
|switch|p2a: Hamas Paraglider|Dragapult, M, shiny|100/100
|move|p1a: Dondozo|Wave Crash|p2a: Hamas Paraglider
|-resisted|p2a: Hamas Paraglider
|-damage|p2a: Hamas Paraglider|87/100
|-start|p1a: Dondozo|Disable|Wave Crash|[from] ability: Cursed Body|[of] p2a: Hamas Paraglider
|-damage|p1a: Dondozo|98/100|[from] Recoil
|
|-weather|none
|-heal|p1a: Dondozo|100/100|[from] item: Leftovers
|upkeep
|turn|9
|
|t:|1758330566
|switch|p1a: Slowking|Slowking-Galar, F|65/100 brn
|move|p2a: Hamas Paraglider|U-turn|p1a: Slowking
|-damage|p1a: Slowking|35/100 brn
|
|t:|1758330572
|switch|p2a: JD Vance|Zapdos, shiny, tera:Fire|94/100|[from] U-turn
|
|-heal|p2a: JD Vance|99/100|[from] item: Leftovers
|-damage|p1a: Slowking|29/100 brn|[from] brn
|upkeep
|turn|10
|
|t:|1758330581
|switch|p1a: Dondozo|Dondozo, M|100/100
|move|p2a: JD Vance|Ancient Power|p1a: Dondozo
|-damage|p1a: Dondozo|79/100
|
|-heal|p2a: JD Vance|100/100|[from] item: Leftovers
|-heal|p1a: Dondozo|85/100|[from] item: Leftovers
|upkeep
|turn|11
|
|t:|1758330590
|switch|p2a: Hamas Paraglider|Dragapult, M, shiny|87/100
|move|p1a: Dondozo|Wave Crash|p2a: Hamas Paraglider
|-resisted|p2a: Hamas Paraglider
|-damage|p2a: Hamas Paraglider|57/100
|-start|p1a: Dondozo|Disable|Wave Crash|[from] ability: Cursed Body|[of] p2a: Hamas Paraglider
|-damage|p1a: Dondozo|79/100|[from] Recoil
|
|-heal|p1a: Dondozo|85/100|[from] item: Leftovers
|upkeep
|turn|12
|
|t:|1758330604
|switch|p1a: Slowking|Slowking-Galar, F|62/100 brn
|move|p2a: Hamas Paraglider|Dragon Darts|p1a: Slowking
|-damage|p1a: Slowking|29/100 brn
|-anim|p2a: Hamas Paraglider|Dragon Darts|p1a: Slowking
|-damage|p1a: Slowking|0 fnt
|faint|p1a: Slowking
|
|upkeep
|
|t:|1758330627
|switch|p1a: Gholdengo|Gholdengo|100/100
|turn|13
|
|t:|1758330655
|move|p2a: Hamas Paraglider|Sucker Punch|p1a: Gholdengo
|-supereffective|p1a: Gholdengo
|-damage|p1a: Gholdengo|36/100
|move|p1a: Gholdengo|Shadow Ball|p2a: Hamas Paraglider
|-supereffective|p2a: Hamas Paraglider
|-damage|p2a: Hamas Paraglider|0 fnt
|faint|p2a: Hamas Paraglider
|
|-heal|p1a: Gholdengo|42/100|[from] item: Leftovers
|upkeep
|inactive|PISSjumper has 120 seconds left.
|
|t:|1758330665
|switch|p2a: JD Vance|Zapdos, shiny, tera:Fire|100/100
|turn|14
|
|t:|1758330672
|move|p1a: Gholdengo|Shadow Ball|p2a: JD Vance
|-damage|p2a: JD Vance|65/100
|move|p2a: JD Vance|Heat Wave|p1a: Gholdengo
|-supereffective|p1a: Gholdengo
|-damage|p1a: Gholdengo|0 fnt
|faint|p1a: Gholdengo
|
|-heal|p2a: JD Vance|72/100|[from] item: Leftovers
|upkeep
|
|t:|1758330677
|switch|p1a: Dondozo|Dondozo, M|85/100
|turn|15
|
|t:|1758330687
|switch|p2a: Repeal The 19th|Darkrai, shiny|100/100
|move|p1a: Dondozo|Wave Crash|p2a: Repeal The 19th
|-damage|p2a: Repeal The 19th|47/100
|-damage|p1a: Dondozo|75/100|[from] Recoil
|
|-heal|p1a: Dondozo|81/100|[from] item: Leftovers
|upkeep
|turn|16
|
|t:|1758330707
|move|p2a: Repeal The 19th|Sludge Bomb|p1a: Dondozo
|-damage|p1a: Dondozo|39/100
|-damage|p2a: Repeal The 19th|37/100|[from] item: Life Orb
|move|p1a: Dondozo|Wave Crash|p2a: Repeal The 19th
|-damage|p2a: Repeal The 19th|0 fnt
|faint|p2a: Repeal The 19th
|-damage|p1a: Dondozo|33/100|[from] Recoil
|
|-heal|p1a: Dondozo|39/100|[from] item: Leftovers
|upkeep
|
|t:|1758330719
|switch|p2a: JD Vance|Zapdos, shiny, tera:Fire|72/100
|turn|17
|
|t:|1758330722
|-terastallize|p1a: Dondozo|Electric
|move|p2a: JD Vance|Thunderbolt|p1a: Dondozo
|-resisted|p1a: Dondozo
|-damage|p1a: Dondozo|18/100
|move|p1a: Dondozo|Wave Crash|p2a: JD Vance
|-supereffective|p2a: JD Vance
|-crit|p2a: JD Vance
|-damage|p2a: JD Vance|0 fnt
|faint|p2a: JD Vance
|-damage|p1a: Dondozo|0 fnt|[from] Recoil
|faint|p1a: Dondozo
|
|upkeep
|
|t:|1758330734
|switch|p2a: Fox News|Minior-Blue, shiny|100/100
|switch|p1a: Zamazenta|Zamazenta|100/100
|-ability|p1a: Zamazenta|Dauntless Shield|boost
|-boost|p1a: Zamazenta|def|1
|-formechange|p2a: Fox News|Minior-Meteor||[from] ability: Shields Down
|turn|18
|
|t:|1758330742
|move|p1a: Zamazenta|Iron Defense|p1a: Zamazenta
|-boost|p1a: Zamazenta|def|2
|move|p2a: Fox News|Shell Smash|p2a: Fox News
|-unboost|p2a: Fox News|def|1
|-unboost|p2a: Fox News|spd|1
|-boost|p2a: Fox News|atk|2
|-boost|p2a: Fox News|spa|2
|-boost|p2a: Fox News|spe|2
|-enditem|p2a: Fox News|White Herb
|-clearnegativeboost|p2a: Fox News|[silent]
|
|upkeep
|turn|19
|-message|PISSjumper forfeited.
|
|win|nhbgvfdcsw
|raw|nhbgvfdcsw's rating: 1140 &rarr; <strong>1165</strong><br />(+25 for winning)
|raw|PISSjumper's rating: 1141 &rarr; <strong>1116</strong><br />(-25 for losing)
|l|☆PISSjumper
|player|p2|
|l|☆nhbgvfdcsw
|player|p1|
