|j|☆sdor16
|j|☆spudcutter
|t:|1758306933
|gametype|singles
|player|p1|sdor16|170|1575
|player|p2|spudcutter|ghetsis-gen5bw|1643
|gen|9
|tier|[Gen 9] OU
|rated|
|rule|HP Percentage Mod: HP is shown in percentages
|rule|Endless Battle Clause: Forcing endless battles is banned
|rule|Species Clause: Limit one of each Pokémon
|rule|OHKO Clause: OHKO moves are banned
|rule|Evasion Items Clause: Evasion items are banned
|rule|Evasion Moves Clause: Evasion moves are banned
|rule|Evasion Abilities Clause: Evasion abilities are banned
|rule|Sleep Moves Clause: Sleep-inducing moves are banned
|clearpoke
|poke|p1|Deoxys-Speed|
|poke|p1|Garchomp, F|
|poke|p1|Quaquaval, M|
|poke|p1|Hydrapple, F|
|poke|p1|Iron Treads|
|poke|p1|Kingambit, F|
|poke|p2|Kingambit, M|
|poke|p2|Dragapult, F|
|poke|p2|Great Tusk|
|poke|p2|Slowking-Galar, M|
|poke|p2|Darkrai|
|poke|p2|Dondozo, M|
|teampreview
|inactive|Battle timer is ON: inactive players will automatically lose when time's up. (requested by spudcutter)
|
|t:|1758306947
|teamsize|p1|6
|teamsize|p2|6
|start
|switch|p1a: Deoxys|Deoxys-Speed, shiny|100/100
|switch|p2a: Dragapult|Dragapult, F|100/100
|-ability|p1a: Deoxys|Pressure
|turn|1
|
|t:|1758306950
|switch|p2a: Slowking|Slowking-Galar, M|100/100
|move|p1a: Deoxys|Ice Beam|p2a: Slowking
|-damage|p2a: Slowking|85/100
|
|upkeep
|turn|2
|
|t:|1758306954
|switch|p1a: Iron Treads|Iron Treads|100/100
|move|p2a: Slowking|Sludge Bomb|p1a: Iron Treads
|-immune|p1a: Iron Treads
|
|upkeep
|turn|3
|
|t:|1758306964
|move|p1a: Iron Treads|Knock Off|p2a: Slowking
|-supereffective|p2a: Slowking
|-damage|p2a: Slowking|31/100
|-enditem|p2a: Slowking|Assault Vest|[from] move: Knock Off|[of] p1a: Iron Treads
|move|p2a: Slowking|Flamethrower|p1a: Iron Treads
|-supereffective|p1a: Iron Treads
|-damage|p1a: Iron Treads|48/100
|
|-heal|p1a: Iron Treads|54/100|[from] item: Leftovers
|upkeep
|turn|4
|
|t:|1758306969
|switch|p2a: Great Tusk|Great Tusk|100/100
|move|p1a: Iron Treads|Knock Off|p2a: Great Tusk
|-resisted|p2a: Great Tusk
|-damage|p2a: Great Tusk|92/100
|-enditem|p2a: Great Tusk|Leftovers|[from] move: Knock Off|[of] p1a: Iron Treads
|
|-heal|p1a: Iron Treads|60/100|[from] item: Leftovers
|upkeep
|turn|5
|
|t:|1758306975
|-end|p1a: Iron Treads|Quark Drive|[silent]
|switch|p1a: Garchomp|Garchomp, F|100/100
|move|p2a: Great Tusk|Headlong Rush|p1a: Garchomp
|-damage|p1a: Garchomp|64/100
|-unboost|p2a: Great Tusk|def|1
|-unboost|p2a: Great Tusk|spd|1
|-damage|p2a: Great Tusk|79/100|[from] ability: Rough Skin|[of] p1a: Garchomp
|-damage|p2a: Great Tusk|63/100|[from] item: Rocky Helmet|[of] p1a: Garchomp
|
|upkeep
|turn|6
|
|t:|1758306979
|move|p2a: Great Tusk|Ice Spinner|p1a: Garchomp
|-supereffective|p1a: Garchomp
|-damage|p1a: Garchomp|0 fnt
|-damage|p2a: Great Tusk|50/100|[from] ability: Rough Skin|[of] p1a: Garchomp
|-damage|p2a: Great Tusk|34/100|[from] item: Rocky Helmet|[of] p1a: Garchomp
|faint|p1a: Garchomp
|
|upkeep
|
|t:|1758306991
|switch|p1a: Deoxys|Deoxys-Speed, shiny|100/100
|-ability|p1a: Deoxys|Pressure
|turn|7
|
|t:|1758306995
|-end|p2a: Great Tusk|Protosynthesis|[silent]
|switch|p2a: Slowking|Slowking-Galar, M|64/100
|move|p1a: Deoxys|Ice Beam|p2a: Slowking
|-damage|p2a: Slowking|43/100
|-status|p2a: Slowking|frz
|
|upkeep
|turn|8
|
|t:|1758306998
|move|p1a: Deoxys|Shadow Ball|p2a: Slowking
|-supereffective|p2a: Slowking
|-damage|p2a: Slowking|0 fnt
|faint|p2a: Slowking
|
|upkeep
|
|t:|1758307000
|switch|p2a: Kingambit|Kingambit, M|100/100
|turn|9
|
|t:|1758307006
|switch|p1a: Quaquaval|Quaquaval, M|100/100
|switch|p2a: Dragapult|Dragapult, F|100/100
|
|upkeep
|turn|10
|
|t:|1758307010
|switch|p1a: Iron Treads|Iron Treads|60/100
|move|p2a: Dragapult|Will-O-Wisp|p1a: Iron Treads
|-status|p1a: Iron Treads|brn
|
|-heal|p1a: Iron Treads|66/100 brn|[from] item: Leftovers
|-damage|p1a: Iron Treads|60/100 brn|[from] brn
|upkeep
|turn|11
|
|t:|1758307017
|move|p2a: Dragapult|Hex|p1a: Iron Treads
|-damage|p1a: Iron Treads|22/100 brn
|move|p1a: Iron Treads|Ice Spinner|p2a: Dragapult
|-supereffective|p2a: Dragapult
|-crit|p2a: Dragapult
|-damage|p2a: Dragapult|53/100
|
|-heal|p1a: Iron Treads|28/100 brn|[from] item: Leftovers
|-damage|p1a: Iron Treads|22/100 brn|[from] brn
|upkeep
|turn|12
|
|t:|1758307024
|move|p2a: Dragapult|Hex|p1a: Iron Treads
|-damage|p1a: Iron Treads|0 fnt
|faint|p1a: Iron Treads
|-end|p1a: Iron Treads|Quark Drive|[silent]
|
|upkeep
|
|t:|1758307039
|switch|p1a: Hydrapple|Hydrapple, F, shiny|100/100
|turn|13
|
|t:|1758307042
|move|p2a: Dragapult|U-turn|p1a: Hydrapple
|-supereffective|p1a: Hydrapple
|-damage|p1a: Hydrapple|71/100
|
|t:|1758307043
|switch|p2a: Darkrai|Darkrai|100/100|[from] U-turn
|move|p1a: Hydrapple|Fickle Beam|p2a: Darkrai|[anim] Fickle Beam All Out
|-activate|p1a: Hydrapple|move: Fickle Beam
|-damage|p2a: Darkrai|11/100
|
|upkeep
|turn|14
|
|t:|1758307049
|switch|p1a: Kingambit|Kingambit, F, shiny|100/100
|-activate|p1a: Kingambit|ability: Supreme Overlord
|-start|p1a: Kingambit|fallen2|[silent]
|move|p2a: Darkrai|Sludge Bomb|p1a: Kingambit
|-immune|p1a: Kingambit
|
|upkeep
|turn|15
|
|t:|1758307054
|switch|p2a: Dondozo|Dondozo, M|100/100
|-end|p1a: Kingambit|fallen2|[silent]
|switch|p1a: Hydrapple|Hydrapple, F, shiny|100/100
|
|upkeep
|turn|16
|
|t:|1758307058
|switch|p2a: Kingambit|Kingambit, M|100/100
|move|p1a: Hydrapple|Giga Drain|p2a: Kingambit
|-resisted|p2a: Kingambit
|-damage|p2a: Kingambit|85/100
|
|-heal|p2a: Kingambit|91/100|[from] item: Leftovers
|upkeep
|turn|17
|
|t:|1758307062
|switch|p1a: Quaquaval|Quaquaval, M|100/100
|move|p2a: Kingambit|Kowtow Cleave|p1a: Quaquaval
|-resisted|p1a: Quaquaval
|-damage|p1a: Quaquaval|68/100
|
|-heal|p2a: Kingambit|98/100|[from] item: Leftovers
|upkeep
|turn|18
|
|t:|1758307068
|switch|p2a: Dondozo|Dondozo, M|100/100
|move|p1a: Quaquaval|Close Combat|p2a: Dondozo
|-crit|p2a: Dondozo
|-damage|p2a: Dondozo|37/100
|-unboost|p1a: Quaquaval|def|1
|-unboost|p1a: Quaquaval|spd|1
|-damage|p1a: Quaquaval|51/100|[from] item: Rocky Helmet|[of] p2a: Dondozo
|
|upkeep
|turn|19
|
|t:|1758307073
|switch|p1a: Deoxys|Deoxys-Speed, shiny|100/100
|-ability|p1a: Deoxys|Pressure
|move|p2a: Dondozo|Rest|p2a: Dondozo
|-status|p2a: Dondozo|slp|[from] move: Rest
|-heal|p2a: Dondozo|100/100 slp|[silent]
|
|upkeep
|turn|20
|
|t:|1758307077
|switch|p2a: Kingambit|Kingambit, M|98/100
|move|p1a: Deoxys|Ice Beam|p2a: Kingambit
|-resisted|p2a: Kingambit
|-damage|p2a: Kingambit|85/100
|
|-heal|p2a: Kingambit|91/100|[from] item: Leftovers
|upkeep
|turn|21
|
|t:|1758307081
|switch|p1a: Quaquaval|Quaquaval, M|51/100
|move|p2a: Kingambit|Kowtow Cleave|p1a: Quaquaval
|-resisted|p1a: Quaquaval
|-damage|p1a: Quaquaval|17/100
|
|-heal|p2a: Kingambit|97/100|[from] item: Leftovers
|upkeep
|turn|22
|
|t:|1758307087
|switch|p2a: Dondozo|Dondozo, M|100/100 slp
|move|p1a: Quaquaval|Aqua Step|p2a: Dondozo
|-resisted|p2a: Dondozo
|-damage|p2a: Dondozo|85/100 slp
|-boost|p1a: Quaquaval|spe|1
|-damage|p1a: Quaquaval|1/100|[from] item: Rocky Helmet|[of] p2a: Dondozo
|
|upkeep
|turn|23
|
|t:|1758307094
|switch|p1a: Deoxys|Deoxys-Speed, shiny|100/100
|-ability|p1a: Deoxys|Pressure
|cant|p2a: Dondozo|slp
|move|p2a: Dondozo|Sleep Talk|p2a: Dondozo
|move|p2a: Dondozo|Waterfall|p1a: Deoxys|[from] move: Sleep Talk
|-damage|p1a: Deoxys|60/100
|
|upkeep
|turn|24
|
|t:|1758307099
|switch|p1a: Quaquaval|Quaquaval, M|1/100
|switch|p2a: Darkrai|Darkrai|11/100
|
|upkeep
|turn|25
|
|t:|1758307104
|move|p1a: Quaquaval|Aqua Jet|p2a: Darkrai
|-crit|p2a: Darkrai
|-damage|p2a: Darkrai|0 fnt
|faint|p2a: Darkrai
|-ability|p1a: Quaquaval|Moxie|boost
|-boost|p1a: Quaquaval|atk|1
|
|upkeep
|
|t:|1758307107
|switch|p2a: Great Tusk|Great Tusk|34/100
|turn|26
|
|t:|1758307110
|-end|p2a: Great Tusk|Protosynthesis|[silent]
|switch|p2a: Dondozo|Dondozo, M|85/100 slp
|move|p1a: Quaquaval|Aqua Jet|p2a: Dondozo
|-resisted|p2a: Dondozo
|-damage|p2a: Dondozo|78/100 slp
|-damage|p1a: Quaquaval|0 fnt|[from] item: Rocky Helmet|[of] p2a: Dondozo
|faint|p1a: Quaquaval
|
|upkeep
|
|t:|1758307113
|switch|p1a: Deoxys|Deoxys-Speed, shiny|60/100
|-ability|p1a: Deoxys|Pressure
|turn|27
|
|t:|1758307117
|switch|p1a: Hydrapple|Hydrapple, F, shiny|100/100
|switch|p2a: Dragapult|Dragapult, F|53/100
|
|upkeep
|turn|28
|
|t:|1758307121
|move|p2a: Dragapult|U-turn|p1a: Hydrapple
|-supereffective|p1a: Hydrapple
|-damage|p1a: Hydrapple|71/100
|
|t:|1758307123
|switch|p2a: Kingambit|Kingambit, M|97/100|[from] U-turn
|move|p1a: Hydrapple|Fickle Beam|p2a: Kingambit
|-resisted|p2a: Kingambit
|-damage|p2a: Kingambit|81/100
|
|-heal|p2a: Kingambit|88/100|[from] item: Leftovers
|upkeep
|turn|29
|
|t:|1758307127
|switch|p2a: Great Tusk|Great Tusk|34/100
|move|p1a: Hydrapple|Earth Power|p2a: Great Tusk
|-damage|p2a: Great Tusk|0 fnt
|faint|p2a: Great Tusk
|-end|p2a: Great Tusk|Protosynthesis|[silent]
|
|upkeep
|
|t:|1758307129
|switch|p2a: Kingambit|Kingambit, M|88/100
|turn|30
|
|t:|1758307133
|switch|p1a: Kingambit|Kingambit, F, shiny|100/100
|-activate|p1a: Kingambit|ability: Supreme Overlord
|-start|p1a: Kingambit|fallen3|[silent]
|move|p2a: Kingambit|Kowtow Cleave|p1a: Kingambit
|-resisted|p1a: Kingambit
|-damage|p1a: Kingambit|84/100
|
|-heal|p2a: Kingambit|94/100|[from] item: Leftovers
|-heal|p1a: Kingambit|90/100|[from] item: Leftovers
|upkeep
|turn|31
|
|t:|1758307139
|switch|p2a: Dondozo|Dondozo, M|78/100 slp
|-end|p1a: Kingambit|fallen3|[silent]
|switch|p1a: Hydrapple|Hydrapple, F, shiny|100/100
|
|upkeep
|turn|32
|
|t:|1758307143
|switch|p2a: Kingambit|Kingambit, M|94/100
|move|p1a: Hydrapple|Nasty Plot|p1a: Hydrapple
|-boost|p1a: Hydrapple|spa|2
|
|-heal|p2a: Kingambit|99/100|[from] item: Leftovers
|upkeep
|turn|33
|
|t:|1758307145
|move|p2a: Kingambit|Iron Head|p1a: Hydrapple
|-damage|p1a: Hydrapple|74/100
|move|p1a: Hydrapple|Earth Power|p2a: Kingambit
|-supereffective|p2a: Kingambit
|-damage|p2a: Kingambit|9/100
|
|-heal|p2a: Kingambit|16/100|[from] item: Leftovers
|upkeep
|turn|34
|
|t:|1758307157
|move|p2a: Kingambit|Kowtow Cleave|p1a: Hydrapple
|-damage|p1a: Hydrapple|45/100
|move|p1a: Hydrapple|Giga Drain|p2a: Kingambit
|-resisted|p2a: Kingambit
|-damage|p2a: Kingambit|0 fnt
|-heal|p1a: Hydrapple|53/100|[from] drain|[of] p2a: Kingambit
|faint|p2a: Kingambit
|
|upkeep
|
|t:|1758307159
|switch|p2a: Dragapult|Dragapult, F|53/100
|turn|35
|
|t:|1758307164
|switch|p1a: Kingambit|Kingambit, F, shiny|90/100
|-activate|p1a: Kingambit|ability: Supreme Overlord
|-start|p1a: Kingambit|fallen3|[silent]
|move|p2a: Dragapult|Dragon Darts|p1a: Kingambit
|-resisted|p1a: Kingambit
|-damage|p1a: Kingambit|80/100
|-anim|p2a: Dragapult|Dragon Darts|p1a: Kingambit
|-resisted|p1a: Kingambit
|-damage|p1a: Kingambit|72/100
|
|-heal|p1a: Kingambit|78/100|[from] item: Leftovers
|upkeep
|turn|36
|j| NeneDaikon
|
|t:|1758307169
|-end|p1a: Kingambit|fallen3|[silent]
|switch|p1a: Hydrapple|Hydrapple, F, shiny|86/100
|-terastallize|p2a: Dragapult|Dragon
|move|p2a: Dragapult|Will-O-Wisp|p1a: Hydrapple
|-status|p1a: Hydrapple|brn
|
|-damage|p1a: Hydrapple|80/100 brn|[from] brn
|upkeep
|turn|37
|
|t:|1758307174
|switch|p1a: Kingambit|Kingambit, F, shiny|78/100
|-activate|p1a: Kingambit|ability: Supreme Overlord
|-start|p1a: Kingambit|fallen3|[silent]
|move|p2a: Dragapult|Dragon Darts|p1a: Kingambit
|-resisted|p1a: Kingambit
|-damage|p1a: Kingambit|67/100
|-anim|p2a: Dragapult|Dragon Darts|p1a: Kingambit
|-resisted|p1a: Kingambit
|-damage|p1a: Kingambit|55/100
|
|-heal|p1a: Kingambit|62/100|[from] item: Leftovers
|upkeep
|turn|38
|
|t:|1758307176
|move|p2a: Dragapult|Will-O-Wisp|p1a: Kingambit
|-status|p1a: Kingambit|brn
|move|p1a: Kingambit|Foul Play|p2a: Dragapult
|-damage|p2a: Dragapult|6/100
|
|-heal|p1a: Kingambit|68/100 brn|[from] item: Leftovers
|-damage|p1a: Kingambit|62/100 brn|[from] brn
|upkeep
|turn|39
|
|t:|1758307181
|-end|p1a: Kingambit|fallen3|[silent]
|switch|p1a: Hydrapple|Hydrapple, F, shiny|100/100 brn
|move|p2a: Dragapult|Dragon Darts|p1a: Hydrapple
|-supereffective|p1a: Hydrapple
|-damage|p1a: Hydrapple|58/100 brn
|-anim|p2a: Dragapult|Dragon Darts|p1a: Hydrapple
|-supereffective|p1a: Hydrapple
|-damage|p1a: Hydrapple|19/100 brn
|
|-damage|p1a: Hydrapple|13/100 brn|[from] brn
|upkeep
|turn|40
|
|t:|1758307184
|switch|p1a: Kingambit|Kingambit, F, shiny|62/100 brn
|-activate|p1a: Kingambit|ability: Supreme Overlord
|-start|p1a: Kingambit|fallen3|[silent]
|move|p2a: Dragapult|Dragon Darts|p1a: Kingambit
|-resisted|p1a: Kingambit
|-damage|p1a: Kingambit|49/100 brn
|-anim|p2a: Dragapult|Dragon Darts|p1a: Kingambit
|-resisted|p1a: Kingambit
|-damage|p1a: Kingambit|36/100 brn
|
|-heal|p1a: Kingambit|42/100 brn|[from] item: Leftovers
|-damage|p1a: Kingambit|36/100 brn|[from] brn
|upkeep
|turn|41
|
|t:|1758307187
|switch|p2a: Dondozo|Dondozo, M|78/100 slp
|move|p1a: Kingambit|Sucker Punch||[still]
|-fail|p1a: Kingambit
|
|-heal|p1a: Kingambit|42/100 brn|[from] item: Leftovers
|-damage|p1a: Kingambit|36/100 brn|[from] brn
|upkeep
|turn|42
|
|t:|1758307189
|-end|p1a: Kingambit|fallen3|[silent]
|switch|p1a: Hydrapple|Hydrapple, F, shiny|46/100 brn
|switch|p2a: Dragapult|Dragapult, F, tera:Dragon|6/100
|
|-damage|p1a: Hydrapple|40/100 brn|[from] brn
|upkeep
|turn|43
|
|t:|1758307192
|switch|p1a: Kingambit|Kingambit, F, shiny|36/100 brn
|-activate|p1a: Kingambit|ability: Supreme Overlord
|-start|p1a: Kingambit|fallen3|[silent]
|move|p2a: Dragapult|Dragon Darts|p1a: Kingambit
|-resisted|p1a: Kingambit
|-damage|p1a: Kingambit|24/100 brn
|-anim|p2a: Dragapult|Dragon Darts|p1a: Kingambit
|-resisted|p1a: Kingambit
|-damage|p1a: Kingambit|12/100 brn
|
|-heal|p1a: Kingambit|18/100 brn|[from] item: Leftovers
|-damage|p1a: Kingambit|12/100 brn|[from] brn
|upkeep
|turn|44
|
|t:|1758307194
|move|p1a: Kingambit|Sucker Punch|p2a: Dragapult
|-damage|p2a: Dragapult|0 fnt
|faint|p2a: Dragapult
|
|-heal|p1a: Kingambit|18/100 brn|[from] item: Leftovers
|-damage|p1a: Kingambit|12/100 brn|[from] brn
|upkeep
|-message|spudcutter forfeited.
|
|win|sdor16
|raw|sdor16's rating: 1575 &rarr; <strong>1599</strong><br />(+24 for winning)
|raw|spudcutter's rating: 1643 &rarr; <strong>1619</strong><br />(-24 for losing)
|l|☆spudcutter
|player|p2|
|l|☆sdor16
|player|p1|
|l| NeneDaikon
