|j|☆Mr.Vcard
|j|☆KingWhacka
|t:|1758324775
|gametype|singles
|player|p1|Mr.Vcard|101|1424
|player|p2|KingWhacka|2|1477
|gen|9
|tier|[Gen 9] OU
|rated|
|rule|HP Percentage Mod: HP is shown in percentages
|rule|Endless Battle Clause: Forcing endless battles is banned
|rule|Species Clause: Limit one of each Pokémon
|rule|OHKO Clause: OHKO moves are banned
|rule|Evasion Items Clause: Evasion items are banned
|rule|Evasion Moves Clause: Evasion moves are banned
|rule|Evasion Abilities Clause: Evasion abilities are banned
|rule|Sleep Moves Clause: Sleep-inducing moves are banned
|clearpoke
|poke|p1|Primarina, M|
|poke|p1|Great Tusk|
|poke|p1|Kingambit, M|
|poke|p1|Slowking-Galar, M|
|poke|p1|Ogerpon, F|
|poke|p1|Enamorus, F|
|poke|p2|Weavile, M|
|poke|p2|Great Tusk|
|poke|p2|Primarina, M|
|poke|p2|Dragapult, F|
|poke|p2|Ting-Lu|
|poke|p2|Moltres|
|teampreview
|
|t:|1758324786
|teamsize|p1|6
|teamsize|p2|6
|start
|switch|p1a: Celestine|Primarina, M, shiny|100/100
|switch|p2a: Primarina|Primarina, M|100/100
|turn|1
|
|t:|1758324789
|move|p1a: Celestine|Moonblast|p2a: Primarina
|-damage|p2a: Primarina|68/100
|move|p2a: Primarina|Moonblast|p1a: Celestine
|-damage|p1a: Celestine|48/100
|-unboost|p1a: Celestine|spa|1
|
|-heal|p1a: Celestine|54/100|[from] item: Leftovers
|upkeep
|turn|2
|
|t:|1758324803
|switch|p1a: Mantra|Slowking-Galar, M, shiny|100/100
|move|p2a: Primarina|Moonblast|p1a: Mantra
|-resisted|p1a: Mantra
|-damage|p1a: Mantra|86/100
|
|upkeep
|turn|3
|
|t:|1758324812
|move|p2a: Primarina|Flip Turn|p1a: Mantra
|-damage|p1a: Mantra|76/100
|inactive|Battle timer is ON: inactive players will automatically lose when time's up. (requested by Mr.Vcard)
|
|t:|1758324832
|switch|p2a: Ting-Lu|Ting-Lu|100/100|[from] Flip Turn
|-ability|p2a: Ting-Lu|Vessel of Ruin
|move|p1a: Mantra|Sludge Bomb|p2a: Ting-Lu
|-resisted|p2a: Ting-Lu
|-damage|p2a: Ting-Lu|92/100
|-status|p2a: Ting-Lu|psn
|
|-heal|p2a: Ting-Lu|98/100 psn|[from] item: Leftovers
|-damage|p2a: Ting-Lu|86/100 psn|[from] psn
|upkeep
|turn|4
|
|t:|1758324860
|switch|p1a: Anonymous|Ogerpon, F|100/100
|move|p2a: Ting-Lu|Stealth Rock|p1a: Anonymous
|-sidestart|p1: Mr.Vcard|move: Stealth Rock
|
|-heal|p2a: Ting-Lu|92/100 psn|[from] item: Leftovers
|-damage|p2a: Ting-Lu|80/100 psn|[from] psn
|upkeep
|turn|5
|
|t:|1758324869
|move|p1a: Anonymous|Rock Tomb|p2a: Ting-Lu
|-resisted|p2a: Ting-Lu
|-damage|p2a: Ting-Lu|73/100 psn
|-unboost|p2a: Ting-Lu|spe|1
|move|p2a: Ting-Lu|Spikes|p1a: Anonymous
|-sidestart|p1: Mr.Vcard|Spikes
|
|-heal|p2a: Ting-Lu|79/100 psn|[from] item: Leftovers
|-damage|p2a: Ting-Lu|67/100 psn|[from] psn
|upkeep
|turn|6
|
|t:|1758324875
|switch|p1a: Behemoth|Great Tusk, shiny|100/100
|-damage|p1a: Behemoth|98/100|[from] Stealth Rock
|-damage|p1a: Behemoth|85/100|[from] Spikes
|move|p2a: Ting-Lu|Whirlwind|p1a: Behemoth
|-end|p1a: Behemoth|Protosynthesis|[silent]
|drag|p1a: Anonymous|Ogerpon, F|100/100
|-damage|p1a: Anonymous|88/100|[from] Stealth Rock
|-damage|p1a: Anonymous|76/100|[from] Spikes
|
|-heal|p2a: Ting-Lu|73/100 psn|[from] item: Leftovers
|-damage|p2a: Ting-Lu|61/100 psn|[from] psn
|upkeep
|turn|7
|
|t:|1758324881
|move|p1a: Anonymous|Ivy Cudgel|p2a: Ting-Lu
|-supereffective|p2a: Ting-Lu
|-damage|p2a: Ting-Lu|0 fnt
|faint|p2a: Ting-Lu
|
|upkeep
|
|t:|1758324884
|switch|p2a: Moltres|Moltres|100/100
|turn|8
|inactive|Mr.Vcard has 120 seconds left.
|
|t:|1758324926
|switch|p1a: Mantra|Slowking-Galar, M, shiny|100/100
|-damage|p1a: Mantra|88/100|[from] Stealth Rock
|-damage|p1a: Mantra|76/100|[from] Spikes
|move|p2a: Moltres|U-turn|p1a: Mantra
|-damage|p1a: Mantra|64/100
|
|t:|1758324933
|switch|p2a: Weavile|Weavile, M, shiny|100/100|[from] U-turn
|-ability|p2a: Weavile|Pressure
|
|upkeep
|turn|9
|inactive|Mr.Vcard has 120 seconds left.
|inactive|Mr.Vcard has 90 seconds left.
|
|t:|1758324987
|switch|p1a: Behemoth|Great Tusk, shiny|85/100
|-damage|p1a: Behemoth|82/100|[from] Stealth Rock
|-damage|p1a: Behemoth|70/100|[from] Spikes
|move|p2a: Weavile|Knock Off|p1a: Behemoth
|-resisted|p1a: Behemoth
|-damage|p1a: Behemoth|43/100
|-damage|p2a: Weavile|84/100|[from] item: Rocky Helmet|[of] p1a: Behemoth
|-enditem|p1a: Behemoth|Rocky Helmet|[from] move: Knock Off|[of] p2a: Weavile
|
|upkeep
|turn|10
|
|t:|1758324995
|switch|p2a: Dragapult|Dragapult, F|100/100
|move|p1a: Behemoth|Rapid Spin|p2a: Dragapult
|-immune|p2a: Dragapult
|
|upkeep
|turn|11
|inactive|Mr.Vcard has 90 seconds left.
|inactive|Mr.Vcard has 60 seconds left.
|
|t:|1758325046
|move|p2a: Dragapult|U-turn|p1a: Behemoth
|-resisted|p1a: Behemoth
|-damage|p1a: Behemoth|37/100
|
|t:|1758325049
|switch|p2a: Moltres|Moltres|100/100|[from] U-turn
|move|p1a: Behemoth|Ice Spinner|p2a: Moltres
|-damage|p2a: Moltres|82/100
|
|upkeep
|turn|12
|
|t:|1758325059
|move|p1a: Behemoth|Ice Spinner|p2a: Moltres
|-damage|p2a: Moltres|64/100
|move|p2a: Moltres|Flamethrower|p1a: Behemoth
|-damage|p1a: Behemoth|0 fnt
|faint|p1a: Behemoth
|-end|p1a: Behemoth|Protosynthesis|[silent]
|
|upkeep
|inactive|Mr.Vcard has 60 seconds left.
|
|t:|1758325084
|switch|p1a: Celestine|Primarina, M, shiny|54/100
|-damage|p1a: Celestine|42/100|[from] Stealth Rock
|-damage|p1a: Celestine|30/100|[from] Spikes
|turn|13
|
|t:|1758325091
|move|p1a: Celestine|Moonblast|p2a: Moltres
|-resisted|p2a: Moltres
|-damage|p2a: Moltres|35/100
|-unboost|p2a: Moltres|spa|1
|move|p2a: Moltres|U-turn|p1a: Celestine
|-resisted|p1a: Celestine
|-damage|p1a: Celestine|20/100
|
|t:|1758325101
|switch|p2a: Weavile|Weavile, M, shiny|84/100|[from] U-turn
|-ability|p2a: Weavile|Pressure
|
|-heal|p1a: Celestine|26/100|[from] item: Leftovers
|upkeep
|turn|14
|inactive|Mr.Vcard has 60 seconds left.
|
|t:|1758325109
|move|p2a: Weavile|Triple Axel|p1a: Celestine
|-resisted|p1a: Celestine
|-damage|p1a: Celestine|16/100
|-resisted|p1a: Celestine
|-damage|p1a: Celestine|0 fnt
|faint|p1a: Celestine
|-hitcount|p1: Celestine|2
|
|upkeep
|inactive|Mr.Vcard has 60 seconds left.
|
|t:|1758325118
|switch|p1a: Gin|Enamorus, F, shiny|100/100
|-damage|p1a: Gin|76/100|[from] Stealth Rock
|turn|15
|
|t:|1758325130
|switch|p2a: Primarina|Primarina, M|68/100
|move|p1a: Gin|Moonblast|p2a: Primarina
|-damage|p2a: Primarina|33/100
|
|upkeep
|turn|16
|
|t:|1758325146
|-terastallize|p2a: Primarina|Poison
|move|p1a: Gin|Moonblast|p2a: Primarina
|-resisted|p2a: Primarina
|-damage|p2a: Primarina|14/100
|move|p2a: Primarina|Moonblast|p1a: Gin
|-damage|p1a: Gin|2/100
|-boost|p1a: Gin|spa|1
|
|upkeep
|turn|17
|
|t:|1758325154
|move|p1a: Gin|Moonblast|p2a: Primarina
|-resisted|p2a: Primarina
|-damage|p2a: Primarina|0 fnt
|faint|p2a: Primarina
|
|upkeep
|
|t:|1758325158
|switch|p2a: Weavile|Weavile, M, shiny|84/100
|-ability|p2a: Weavile|Pressure
|turn|18
|
|t:|1758325162
|move|p2a: Weavile|Ice Shard|p1a: Gin
|-supereffective|p1a: Gin
|-damage|p1a: Gin|0 fnt
|faint|p1a: Gin
|
|upkeep
|
|t:|1758325168
|switch|p1a: Overgod|Kingambit, M, shiny|100/100
|-damage|p1a: Overgod|94/100|[from] Stealth Rock
|-damage|p1a: Overgod|82/100|[from] Spikes
|-activate|p1a: Overgod|ability: Supreme Overlord
|-start|p1a: Overgod|fallen3|[silent]
|turn|19
|
|t:|1758325171
|switch|p2a: Great Tusk|Great Tusk|100/100
|move|p1a: Overgod|Swords Dance|p1a: Overgod
|-boost|p1a: Overgod|atk|2
|
|-heal|p1a: Overgod|88/100|[from] item: Leftovers
|upkeep
|turn|20
|
|t:|1758325179
|-terastallize|p1a: Overgod|Ghost
|move|p2a: Great Tusk|Knock Off|p1a: Overgod
|-supereffective|p1a: Overgod
|-damage|p1a: Overgod|40/100
|-enditem|p1a: Overgod|Leftovers|[from] move: Knock Off|[of] p2a: Great Tusk
|move|p1a: Overgod|Iron Head|p2a: Great Tusk
|-damage|p2a: Great Tusk|14/100
|
|upkeep
|turn|21
|inactive|Mr.Vcard has 120 seconds left.
|
|t:|1758325202
|move|p2a: Great Tusk|Knock Off|p1a: Overgod
|-supereffective|p1a: Overgod
|-damage|p1a: Overgod|7/100
|move|p1a: Overgod|Swords Dance|p1a: Overgod
|-boost|p1a: Overgod|atk|2
|
|upkeep
|turn|22
|
|t:|1758325207
|-end|p2a: Great Tusk|Protosynthesis|[silent]
|switch|p2a: Moltres|Moltres|35/100
|move|p1a: Overgod|Sucker Punch||[still]
|-fail|p1a: Overgod
|
|upkeep
|turn|23
|
|t:|1758325216
|move|p1a: Overgod|Sucker Punch|p2a: Moltres
|-damage|p2a: Moltres|0 fnt
|faint|p2a: Moltres
|
|upkeep
|
|t:|1758325219
|switch|p2a: Weavile|Weavile, M, shiny|84/100
|-ability|p2a: Weavile|Pressure
|turn|24
|
|t:|1758325227
|move|p2a: Weavile|Ice Shard|p1a: Overgod
|-damage|p1a: Overgod|0 fnt
|faint|p1a: Overgod
|-end|p1a: Overgod|fallen3|[silent]
|
|upkeep
|
|t:|1758325231
|switch|p1a: Mantra|Slowking-Galar, M, shiny|97/100
|-damage|p1a: Mantra|85/100|[from] Stealth Rock
|-damage|p1a: Mantra|73/100|[from] Spikes
|turn|25
|
|t:|1758325235
|switch|p2a: Great Tusk|Great Tusk|14/100
|move|p1a: Mantra|Flamethrower|p2a: Great Tusk
|-damage|p2a: Great Tusk|0 fnt
|faint|p2a: Great Tusk
|-end|p2a: Great Tusk|Protosynthesis|[silent]
|
|upkeep
|
|t:|1758325237
|switch|p2a: Weavile|Weavile, M, shiny|84/100
|-ability|p2a: Weavile|Pressure
|turn|26
|
|t:|1758325246
|move|p2a: Weavile|Knock Off|p1a: Mantra
|-supereffective|p1a: Mantra
|-damage|p1a: Mantra|0 fnt
|-enditem|p1a: Mantra|Assault Vest|[from] move: Knock Off|[of] p2a: Weavile
|faint|p1a: Mantra
|
|upkeep
|
|t:|1758325248
|switch|p1a: Anonymous|Ogerpon, F|76/100
|-damage|p1a: Anonymous|64/100|[from] Stealth Rock
|-damage|p1a: Anonymous|51/100|[from] Spikes
|turn|27
|
|t:|1758325255
|move|p2a: Weavile|Knock Off|p1a: Anonymous
|-damage|p1a: Anonymous|0 fnt
|-enditem|p1a: Anonymous|Choice Band|[from] move: Knock Off|[of] p2a: Weavile
|faint|p1a: Anonymous
|
|win|KingWhacka
|raw|Mr.Vcard's rating: 1424 &rarr; <strong>1407</strong><br />(-17 for losing)
|raw|KingWhacka's rating: 1477 &rarr; <strong>1494</strong><br />(+17 for winning)
|c|☆KingWhacka|Gg
