|j|☆Aloof Raccoon
|j|☆slash#4700
|t:|1758271399
|gametype|singles
|player|p1|Aloof Raccoon|supernerd|1551
|player|p2|slash#4700|2|1488
|gen|9
|tier|[Gen 9] OU
|rated|
|rule|HP Percentage Mod: HP is shown in percentages
|rule|Endless Battle Clause: Forcing endless battles is banned
|rule|Species Clause: Limit one of each Pokémon
|rule|OHKO Clause: OHKO moves are banned
|rule|Evasion Items Clause: Evasion items are banned
|rule|Evasion Moves Clause: Evasion moves are banned
|rule|Evasion Abilities Clause: Evasion abilities are banned
|rule|Sleep Moves Clause: Sleep-inducing moves are banned
|clearpoke
|poke|p1|Thundurus-Therian, M|
|poke|p1|Meowscarada, F|
|poke|p1|Hatterene, F|
|poke|p1|Great Tusk|
|poke|p1|Toxapex, F|
|poke|p1|Slither Wing|
|poke|p2|Meowscarada, M|
|poke|p2|Ting-Lu|
|poke|p2|Clefable, M|
|poke|p2|Skeledirge, M|
|poke|p2|Dragapult, F|
|poke|p2|Darkrai|
|teampreview
|inactive|Battle timer is ON: inactive players will automatically lose when time's up. (requested by slash#4700)
|
|t:|1758271410
|teamsize|p1|6
|teamsize|p2|6
|start
|switch|p1a: Slither Wing|Slither Wing|100/100
|switch|p2a: Clefable|Clefable, M|100/100
|turn|1
|
|t:|1758271418
|move|p1a: Slither Wing|U-turn|p2a: Clefable
|-resisted|p2a: Clefable
|-damage|p2a: Clefable|85/100
|
|t:|1758271426
|-end|p1a: Slither Wing|Protosynthesis|[silent]
|switch|p1a: Toxapex|Toxapex, F|100/100|[from] U-turn
|move|p2a: Clefable|Moonblast|p1a: Toxapex
|-resisted|p1a: Toxapex
|-damage|p1a: Toxapex|92/100
|
|-heal|p2a: Clefable|91/100|[from] item: Leftovers
|upkeep
|turn|2
|
|t:|1758271435
|move|p2a: Clefable|Stealth Rock|p1a: Toxapex
|-sidestart|p1: Aloof Raccoon|move: Stealth Rock
|move|p1a: Toxapex|Sludge Bomb|p2a: Clefable
|-supereffective|p2a: Clefable
|-damage|p2a: Clefable|31/100
|
|-heal|p2a: Clefable|37/100|[from] item: Leftovers
|upkeep
|turn|3
|
|t:|1758271451
|switch|p2a: Ting-Lu|Ting-Lu|100/100
|-ability|p2a: Ting-Lu|Vessel of Ruin
|move|p1a: Toxapex|Sludge Bomb|p2a: Ting-Lu
|-resisted|p2a: Ting-Lu
|-crit|p2a: Ting-Lu
|-damage|p2a: Ting-Lu|91/100
|-status|p2a: Ting-Lu|psn
|
|-heal|p2a: Ting-Lu|98/100 psn|[from] item: Leftovers
|-damage|p2a: Ting-Lu|85/100 psn|[from] psn
|upkeep
|turn|4
|
|t:|1758271466
|move|p2a: Ting-Lu|Ruination|p1a: Toxapex
|-damage|p1a: Toxapex|46/100
|move|p1a: Toxapex|Surf|p2a: Ting-Lu
|-supereffective|p2a: Ting-Lu
|-damage|p2a: Ting-Lu|63/100 psn
|
|-heal|p2a: Ting-Lu|69/100 psn|[from] item: Leftovers
|-damage|p2a: Ting-Lu|56/100 psn|[from] psn
|upkeep
|turn|5
|
|t:|1758271478
|switch|p1a: Meowscarada|Meowscarada, F|100/100
|-damage|p1a: Meowscarada|88/100|[from] Stealth Rock
|move|p2a: Ting-Lu|Earthquake|p1a: Meowscarada
|-resisted|p1a: Meowscarada
|-damage|p1a: Meowscarada|59/100
|
|-heal|p2a: Ting-Lu|63/100 psn|[from] item: Leftovers
|-damage|p2a: Ting-Lu|50/100 psn|[from] psn
|upkeep
|turn|6
|
|t:|1758271494
|switch|p2a: Clefable|Clefable, M|37/100
|move|p1a: Meowscarada|U-turn|p2a: Clefable
|-start|p1a: Meowscarada|typechange|Bug|[from] ability: Protean
|-resisted|p2a: Clefable
|-damage|p2a: Clefable|24/100
|inactive|Aloof Raccoon has 120 seconds left.
|
|t:|1758271513
|switch|p1a: Thundurus|Thundurus-Therian, M|100/100|[from] U-turn
|-damage|p1a: Thundurus|76/100|[from] Stealth Rock
|
|-heal|p2a: Clefable|30/100|[from] item: Leftovers
|upkeep
|turn|7
|
|t:|1758271520
|switch|p2a: Ting-Lu|Ting-Lu|50/100 psn
|-ability|p2a: Ting-Lu|Vessel of Ruin
|move|p1a: Thundurus|Tera Blast|p2a: Ting-Lu
|-damage|p2a: Ting-Lu|31/100 psn
|
|-heal|p2a: Ting-Lu|37/100 psn|[from] item: Leftovers
|-damage|p2a: Ting-Lu|25/100 psn|[from] psn
|upkeep
|turn|8
|
|t:|1758271526
|-terastallize|p1a: Thundurus|Flying
|move|p1a: Thundurus|Tera Blast|p2a: Ting-Lu|[anim] Tera Blast Flying
|-damage|p2a: Ting-Lu|0 fnt
|faint|p2a: Ting-Lu
|
|upkeep
|
|t:|1758271540
|switch|p2a: Dragapult|Dragapult, F|100/100
|turn|9
|
|t:|1758271552
|switch|p1a: Toxapex|Toxapex, F|79/100
|-damage|p1a: Toxapex|67/100|[from] Stealth Rock
|move|p2a: Dragapult|Dragon Darts|p1a: Toxapex
|-damage|p1a: Toxapex|50/100
|-anim|p2a: Dragapult|Dragon Darts|p1a: Toxapex
|-damage|p1a: Toxapex|35/100
|
|upkeep
|turn|10
|
|t:|1758271570
|move|p2a: Dragapult|Dragon Darts|p1a: Toxapex
|-damage|p1a: Toxapex|17/100
|-anim|p2a: Dragapult|Dragon Darts|p1a: Toxapex
|-damage|p1a: Toxapex|0 fnt
|faint|p1a: Toxapex
|
|upkeep
|
|t:|1758271582
|switch|p1a: Meowscarada|Meowscarada, F|59/100
|-damage|p1a: Meowscarada|47/100|[from] Stealth Rock
|turn|11
|
|t:|1758271588
|switch|p2a: Clefable|Clefable, M|30/100
|move|p1a: Meowscarada|Knock Off|p2a: Clefable
|-start|p1a: Meowscarada|typechange|Dark|[from] ability: Protean
|-resisted|p2a: Clefable
|-damage|p2a: Clefable|13/100
|-enditem|p2a: Clefable|Leftovers|[from] move: Knock Off|[of] p1a: Meowscarada
|
|upkeep
|turn|12
|inactive|Aloof Raccoon has 120 seconds left.
|inactive|Aloof Raccoon has 90 seconds left.
|
|t:|1758271665
|switch|p1a: Hatterene|Hatterene, F|100/100
|-damage|p1a: Hatterene|88/100|[from] Stealth Rock
|move|p2a: Clefable|Moonlight|p2a: Clefable
|-heal|p2a: Clefable|63/100
|
|-heal|p1a: Hatterene|94/100|[from] item: Leftovers
|upkeep
|turn|13
|
|t:|1758271675
|move|p2a: Clefable|Knock Off|p1a: Hatterene
|-damage|p1a: Hatterene|82/100
|-enditem|p1a: Hatterene|Leftovers|[from] move: Knock Off|[of] p2a: Clefable
|move|p1a: Hatterene|Nuzzle|p2a: Clefable
|-damage|p2a: Clefable|60/100
|-status|p2a: Clefable|par
|
|upkeep
|turn|14
|
|t:|1758271686
|move|p1a: Hatterene|Calm Mind|p1a: Hatterene
|-boost|p1a: Hatterene|spa|1
|-boost|p1a: Hatterene|spd|1
|move|p2a: Clefable|Moonblast|p1a: Hatterene
|-damage|p1a: Hatterene|59/100
|
|upkeep
|turn|15
|
|t:|1758271701
|switch|p2a: Skeledirge|Skeledirge, M|100/100
|move|p1a: Hatterene|Psychic Noise|p2a: Skeledirge
|-damage|p2a: Skeledirge|72/100
|-start|p2a: Skeledirge|move: Heal Block
|
|upkeep
|turn|16
|
|t:|1758271715
|move|p2a: Skeledirge|Hex|p1a: Hatterene
|-supereffective|p1a: Hatterene
|-damage|p1a: Hatterene|11/100
|move|p1a: Hatterene|Nuzzle|p2a: Skeledirge
|-damage|p2a: Skeledirge|69/100
|-status|p2a: Skeledirge|par
|
|-end|p2a: Skeledirge|move: Heal Block
|upkeep
|turn|17
|
|t:|1758271726
|move|p1a: Hatterene|Psychic Noise|p2a: Skeledirge
|-damage|p2a: Skeledirge|42/100 par
|-start|p2a: Skeledirge|move: Heal Block
|cant|p2a: Skeledirge|par
|
|upkeep
|turn|18
|
|t:|1758271733
|move|p1a: Hatterene|Psychic Noise|p2a: Skeledirge
|-damage|p2a: Skeledirge|16/100 par
|move|p2a: Skeledirge|Hex|p1a: Hatterene
|-supereffective|p1a: Hatterene
|-damage|p1a: Hatterene|0 fnt
|faint|p1a: Hatterene
|
|-end|p2a: Skeledirge|move: Heal Block
|upkeep
|
|t:|1758271744
|switch|p1a: Thundurus|Thundurus-Therian, M, tera:Flying|76/100
|-damage|p1a: Thundurus|51/100|[from] Stealth Rock
|turn|19
|
|t:|1758271750
|move|p1a: Thundurus|Volt Switch|p2a: Skeledirge
|-damage|p2a: Skeledirge|0 fnt
|faint|p2a: Skeledirge
|
|t:|1758271757
|switch|p1a: Meowscarada|Meowscarada, F|47/100|[from] Volt Switch
|-damage|p1a: Meowscarada|34/100|[from] Stealth Rock
|
|upkeep
|
|t:|1758271763
|switch|p2a: Clefable|Clefable, M|60/100 par
|turn|20
|
|t:|1758271767
|move|p1a: Meowscarada|Flower Trick|p2a: Clefable
|-start|p1a: Meowscarada|typechange|Grass|[from] ability: Protean
|-crit|p2a: Clefable
|-damage|p2a: Clefable|19/100 par
|cant|p2a: Clefable|par
|
|upkeep
|turn|21
|
|t:|1758271773
|move|p1a: Meowscarada|Flower Trick|p2a: Clefable
|-crit|p2a: Clefable
|-damage|p2a: Clefable|0 fnt
|faint|p2a: Clefable
|
|upkeep
|
|t:|1758271775
|switch|p2a: Dragapult|Dragapult, F|100/100
|turn|22
|
|t:|1758271789
|switch|p1a: Thundurus|Thundurus-Therian, M, tera:Flying|51/100
|-damage|p1a: Thundurus|26/100|[from] Stealth Rock
|move|p2a: Dragapult|Will-O-Wisp|p1a: Thundurus
|-status|p1a: Thundurus|brn
|
|-damage|p1a: Thundurus|20/100 brn|[from] brn
|upkeep
|turn|23
|
|t:|1758271803
|move|p2a: Dragapult|Hex|p1a: Thundurus
|-damage|p1a: Thundurus|0 fnt
|faint|p1a: Thundurus
|
|upkeep
|
|t:|1758271807
|switch|p1a: Meowscarada|Meowscarada, F|34/100
|-damage|p1a: Meowscarada|22/100|[from] Stealth Rock
|turn|24
|
|t:|1758271826
|move|p1a: Meowscarada|Triple Axel|p2a: Dragapult
|-start|p1a: Meowscarada|typechange|Ice|[from] ability: Protean
|-supereffective|p2a: Dragapult
|-damage|p2a: Dragapult|73/100
|-hitcount|p2a: Dragapult|1
|move|p2a: Dragapult|Dragon Darts|p1a: Meowscarada
|-damage|p1a: Meowscarada|0 fnt
|faint|p1a: Meowscarada
|
|upkeep
|
|t:|1758271837
|switch|p1a: Great Tusk|Great Tusk|100/100
|-damage|p1a: Great Tusk|98/100|[from] Stealth Rock
|turn|25
|
|t:|1758271839
|move|p2a: Dragapult|Will-O-Wisp|p1a: Great Tusk
|-status|p1a: Great Tusk|brn
|move|p1a: Great Tusk|Ice Spinner|p2a: Dragapult
|-supereffective|p2a: Dragapult
|-damage|p2a: Dragapult|44/100
|
|-damage|p1a: Great Tusk|91/100 brn|[from] brn
|upkeep
|turn|26
|
|t:|1758271851
|move|p2a: Dragapult|Hex|p1a: Great Tusk
|-damage|p1a: Great Tusk|15/100 brn
|move|p1a: Great Tusk|Ice Spinner|p2a: Dragapult
|-supereffective|p2a: Dragapult
|-damage|p2a: Dragapult|11/100
|
|-damage|p1a: Great Tusk|9/100 brn|[from] brn
|upkeep
|turn|27
|
|t:|1758271863
|move|p2a: Dragapult|Dragon Darts|p1a: Great Tusk
|-damage|p1a: Great Tusk|0 fnt
|faint|p1a: Great Tusk
|-end|p1a: Great Tusk|Protosynthesis|[silent]
|
|upkeep
|
|t:|1758271865
|switch|p1a: Slither Wing|Slither Wing|100/100
|-damage|p1a: Slither Wing|88/100|[from] Stealth Rock
|turn|28
|
|t:|1758271869
|move|p1a: Slither Wing|First Impression|p2a: Dragapult
|-resisted|p2a: Dragapult
|-damage|p2a: Dragapult|0 fnt
|faint|p2a: Dragapult
|
|upkeep
|
|t:|1758271888
|switch|p2a: Meowscarada|Meowscarada, M|100/100
|turn|29
|
|t:|1758271896
|move|p2a: Meowscarada|Triple Axel|p1a: Slither Wing
|-start|p2a: Meowscarada|typechange|Ice|[from] ability: Protean
|-damage|p1a: Slither Wing|70/100
|-damage|p1a: Slither Wing|29/100
|-damage|p1a: Slither Wing|0 fnt
|faint|p1a: Slither Wing
|-end|p1a: Slither Wing|Protosynthesis|[silent]
|-hitcount|p1: Slither Wing|3
|
|win|slash#4700
|raw|Aloof Raccoon's rating: 1551 &rarr; <strong>1527</strong><br />(-24 for losing)
|raw|slash#4700's rating: 1488 &rarr; <strong>1512</strong><br />(+24 for winning)
|l|☆Aloof Raccoon
|player|p1|
|l|☆slash#4700
|player|p2|
