|j|☆god's loving gift
|j|☆LOve4RussIA
|t:|1758316387
|gametype|singles
|player|p1|god's loving gift|unknownf|1224
|player|p2|LOve4RussIA|265|1194
|gen|9
|tier|[Gen 9] OU
|rated|
|rule|HP Percentage Mod: HP is shown in percentages
|rule|Endless Battle Clause: Forcing endless battles is banned
|rule|Species Clause: Limit one of each Pokémon
|rule|OHKO Clause: OHKO moves are banned
|rule|Evasion Items Clause: Evasion items are banned
|rule|Evasion Moves Clause: Evasion moves are banned
|rule|Evasion Abilities Clause: Evasion abilities are banned
|rule|Sleep Moves Clause: Sleep-inducing moves are banned
|clearpoke
|poke|p1|Iron Valiant|
|poke|p1|Samurott-Hisui, F|
|poke|p1|Pecharunt|
|poke|p1|Ogerpon-Wellspring, F|
|poke|p1|Gholdengo|
|poke|p1|Great Tusk|
|poke|p2|Hatterene, F|
|poke|p2|Great Tusk|
|poke|p2|Zamazenta-*|
|poke|p2|Landorus-Therian, M|
|poke|p2|Moltres|
|poke|p2|Ogerpon-Wellspring, F|
|teampreview
|inactive|Battle timer is ON: inactive players will automatically lose when time's up. (requested by god's loving gift)
|
|t:|1758316402
|teamsize|p1|6
|teamsize|p2|6
|start
|switch|p1a: Samurott|Samurott-Hisui, F|100/100
|switch|p2a: Zamazenta|Zamazenta|100/100
|-ability|p2a: Zamazenta|Dauntless Shield|boost
|-boost|p2a: Zamazenta|def|1
|turn|1
|
|t:|1758316411
|switch|p1a: Pecharunt|Pecharunt|100/100
|move|p2a: Zamazenta|Iron Defense|p2a: Zamazenta
|-boost|p2a: Zamazenta|def|2
|
|upkeep
|turn|2
|
|t:|1758316420
|-terastallize|p2a: Zamazenta|Steel
|move|p2a: Zamazenta|Crunch|p1a: Pecharunt
|-supereffective|p1a: Pecharunt
|-damage|p1a: Pecharunt|72/100
|move|p1a: Pecharunt|Malignant Chain|p2a: Zamazenta
|-immune|p2a: Zamazenta
|
|upkeep
|turn|3
|
|t:|1758316445
|move|p1a: Pecharunt|Parting Shot|p2a: Zamazenta
|-unboost|p2a: Zamazenta|atk|1
|-unboost|p2a: Zamazenta|spa|1
|
|t:|1758316450
|switch|p1a: Iron Valiant|Iron Valiant|100/100|[from] Parting Shot
|move|p2a: Zamazenta|Roar|p1a: Iron Valiant
|-end|p1a: Iron Valiant|Quark Drive|[silent]
|drag|p1a: Ogerpon|Ogerpon-Wellspring, F|100/100
|
|upkeep
|turn|4
|
|t:|1758316461
|move|p2a: Zamazenta|Body Press|p1a: Ogerpon
|-damage|p1a: Ogerpon|0 fnt
|faint|p1a: Ogerpon
|
|upkeep
|
|t:|1758316466
|switch|p1a: Gholdengo|Gholdengo|100/100
|turn|5
|
|t:|1758316474
|move|p1a: Gholdengo|Trick|p2a: Zamazenta
|-activate|p1a: Gholdengo|move: Trick|[of] p2a: Zamazenta
|-item|p2a: Zamazenta|Choice Scarf|[from] move: Trick
|-item|p1a: Gholdengo|Leftovers|[from] move: Trick
|move|p2a: Zamazenta|Crunch|p1a: Gholdengo
|-supereffective|p1a: Gholdengo
|-damage|p1a: Gholdengo|64/100
|
|-heal|p1a: Gholdengo|70/100|[from] item: Leftovers
|upkeep
|turn|6
|
|t:|1758316486
|move|p2a: Zamazenta|Crunch|p1a: Gholdengo
|-supereffective|p1a: Gholdengo
|-damage|p1a: Gholdengo|35/100
|move|p1a: Gholdengo|Shadow Ball|p2a: Zamazenta
|-damage|p2a: Zamazenta|69/100
|
|-heal|p1a: Gholdengo|41/100|[from] item: Leftovers
|upkeep
|turn|7
|
|t:|1758316495
|switch|p1a: Great Tusk|Great Tusk|100/100
|-enditem|p1a: Great Tusk|Booster Energy
|-activate|p1a: Great Tusk|ability: Protosynthesis|[fromitem]
|-start|p1a: Great Tusk|protosynthesisatk
|move|p2a: Zamazenta|Crunch|p1a: Great Tusk
|-resisted|p1a: Great Tusk
|-damage|p1a: Great Tusk|95/100
|
|upkeep
|turn|8
|
|t:|1758316506
|switch|p2a: Moltres|Moltres|100/100
|move|p1a: Great Tusk|Rapid Spin|p2a: Moltres
|-damage|p2a: Moltres|86/100
|-boost|p1a: Great Tusk|spe|1
|
|upkeep
|turn|9
|
|t:|1758316523
|-end|p1a: Great Tusk|Protosynthesis|[silent]
|switch|p1a: Samurott|Samurott-Hisui, F|100/100
|move|p2a: Moltres|Air Slash|p1a: Samurott
|-damage|p1a: Samurott|71/100
|
|upkeep
|turn|10
|
|t:|1758316538
|switch|p2a: Great Tusk|Great Tusk|100/100
|move|p1a: Samurott|Razor Shell|p2a: Great Tusk
|-supereffective|p2a: Great Tusk
|-damage|p2a: Great Tusk|23/100
|-unboost|p2a: Great Tusk|def|1
|
|upkeep
|turn|11
|
|t:|1758316556
|move|p1a: Samurott|Aqua Jet|p2a: Great Tusk
|-supereffective|p2a: Great Tusk
|-damage|p2a: Great Tusk|0 fnt
|faint|p2a: Great Tusk
|-end|p2a: Great Tusk|Protosynthesis|[silent]
|
|upkeep
|
|t:|1758316565
|switch|p2a: Landorus|Landorus-Therian, M|100/100
|-ability|p2a: Landorus|Intimidate|boost
|-unboost|p1a: Samurott|atk|1
|turn|12
|
|t:|1758316574
|switch|p1a: Great Tusk|Great Tusk|95/100
|move|p2a: Landorus|Stealth Rock|p1a: Great Tusk
|-sidestart|p1: god's loving gift|move: Stealth Rock
|
|upkeep
|turn|13
|
|t:|1758316583
|move|p2a: Landorus|Taunt|p1a: Great Tusk
|-start|p1a: Great Tusk|move: Taunt
|move|p1a: Great Tusk|Ice Spinner|p2a: Landorus
|-supereffective|p2a: Landorus
|-damage|p2a: Landorus|0 fnt
|-damage|p1a: Great Tusk|78/100|[from] item: Rocky Helmet|[of] p2a: Landorus
|faint|p2a: Landorus
|
|upkeep
|
|t:|1758316593
|switch|p2a: Moltres|Moltres|86/100
|turn|14
|
|t:|1758316601
|-end|p1a: Great Tusk|Protosynthesis|[silent]
|switch|p1a: Samurott|Samurott-Hisui, F|71/100
|-damage|p1a: Samurott|58/100|[from] Stealth Rock
|move|p2a: Moltres|Air Slash|p1a: Samurott|[miss]
|-miss|p2a: Moltres|p1a: Samurott
|
|upkeep
|turn|15
|
|t:|1758316612
|switch|p2a: Ogerpon|Ogerpon-Wellspring, F|100/100
|move|p1a: Samurott|Ceaseless Edge|p2a: Ogerpon
|-damage|p2a: Ogerpon|39/100
|-sidestart|p2: LOve4RussIA|Spikes
|
|upkeep
|turn|16
|c|☆LOve4RussIA|Off going bad now
|
|t:|1758316621
|move|p2a: Ogerpon|Horn Leech|p1a: Samurott
|-supereffective|p1a: Samurott
|-damage|p1a: Samurott|0 fnt
|-heal|p2a: Ogerpon|70/100|[from] drain|[of] p1a: Samurott
|faint|p1a: Samurott
|
|upkeep
|
|t:|1758316626
|switch|p1a: Iron Valiant|Iron Valiant|100/100
|-damage|p1a: Iron Valiant|94/100|[from] Stealth Rock
|turn|17
|
|t:|1758316633
|switch|p2a: Moltres|Moltres|86/100
|move|p1a: Iron Valiant|Moonblast|p2a: Moltres
|-resisted|p2a: Moltres
|-damage|p2a: Moltres|52/100
|
|upkeep
|turn|18
|
|t:|1758316647
|-end|p1a: Iron Valiant|Quark Drive|[silent]
|switch|p1a: Pecharunt|Pecharunt|72/100
|move|p2a: Moltres|Roost|p2a: Moltres
|-heal|p2a: Moltres|100/100
|-singleturn|p2a: Moltres|move: Roost
|
|upkeep
|turn|19
|
|t:|1758316660
|switch|p2a: Zamazenta|Zamazenta, tera:Steel|69/100
|-damage|p2a: Zamazenta|56/100|[from] Spikes
|move|p1a: Pecharunt|Parting Shot|p2a: Zamazenta
|-unboost|p2a: Zamazenta|atk|1
|-unboost|p2a: Zamazenta|spa|1
|
|t:|1758316676
|switch|p1a: Great Tusk|Great Tusk|78/100|[from] Parting Shot
|-damage|p1a: Great Tusk|75/100|[from] Stealth Rock
|
|upkeep
|turn|20
|
|t:|1758316684
|switch|p2a: Moltres|Moltres|100/100
|move|p1a: Great Tusk|Close Combat|p2a: Moltres
|-resisted|p2a: Moltres
|-damage|p2a: Moltres|79/100
|-unboost|p1a: Great Tusk|def|1
|-unboost|p1a: Great Tusk|spd|1
|-status|p1a: Great Tusk|brn|[from] ability: Flame Body|[of] p2a: Moltres
|
|-damage|p1a: Great Tusk|69/100 brn|[from] brn
|upkeep
|turn|21
|
|t:|1758316701
|move|p1a: Great Tusk|Headlong Rush|p2a: Moltres
|-immune|p2a: Moltres
|move|p2a: Moltres|Air Slash|p1a: Great Tusk|[miss]
|-miss|p2a: Moltres|p1a: Great Tusk
|
|-damage|p1a: Great Tusk|63/100 brn|[from] brn
|upkeep
|turn|22
|
|t:|1758316710
|move|p1a: Great Tusk|Rapid Spin|p2a: Moltres
|-damage|p2a: Moltres|72/100
|-boost|p1a: Great Tusk|spe|1
|-sideend|p1: god's loving gift|Stealth Rock|[from] move: Rapid Spin|[of] p1a: Great Tusk
|move|p2a: Moltres|Air Slash|p1a: Great Tusk
|-supereffective|p1a: Great Tusk
|-damage|p1a: Great Tusk|0 fnt
|faint|p1a: Great Tusk
|-end|p1a: Great Tusk|Protosynthesis|[silent]
|
|upkeep
|
|t:|1758316716
|switch|p1a: Iron Valiant|Iron Valiant|94/100
|turn|23
|
|t:|1758316725
|move|p1a: Iron Valiant|Thunderbolt|p2a: Moltres
|-supereffective|p2a: Moltres
|-damage|p2a: Moltres|0 fnt
|faint|p2a: Moltres
|
|upkeep
|
|t:|1758316744
|switch|p2a: Hatterene|Hatterene, F|100/100
|-damage|p2a: Hatterene|88/100|[from] Spikes
|turn|24
|
|t:|1758316751
|-end|p1a: Iron Valiant|Quark Drive|[silent]
|switch|p1a: Pecharunt|Pecharunt|72/100
|move|p2a: Hatterene|Nuzzle|p1a: Pecharunt
|-crit|p1a: Pecharunt
|-damage|p1a: Pecharunt|68/100
|-status|p1a: Pecharunt|par
|
|upkeep
|turn|25
|
|t:|1758316764
|switch|p2a: Zamazenta|Zamazenta, tera:Steel|56/100
|-damage|p2a: Zamazenta|44/100|[from] Spikes
|move|p1a: Pecharunt|Malignant Chain|p2a: Zamazenta
|-immune|p2a: Zamazenta
|
|upkeep
|turn|26
|
|t:|1758316776
|move|p2a: Zamazenta|Crunch|p1a: Pecharunt
|-supereffective|p1a: Pecharunt
|-damage|p1a: Pecharunt|38/100 par
|move|p1a: Pecharunt|Hex|p2a: Zamazenta
|-damage|p2a: Zamazenta|28/100
|
|upkeep
|turn|27
|
|t:|1758316785
|move|p2a: Zamazenta|Crunch|p1a: Pecharunt
|-supereffective|p1a: Pecharunt
|-damage|p1a: Pecharunt|8/100 par
|move|p1a: Pecharunt|Recover|p1a: Pecharunt
|-heal|p1a: Pecharunt|58/100 par
|
|upkeep
|turn|28
|
|t:|1758316796
|move|p2a: Zamazenta|Crunch|p1a: Pecharunt
|-supereffective|p1a: Pecharunt
|-damage|p1a: Pecharunt|31/100 par
|move|p1a: Pecharunt|Parting Shot|p2a: Zamazenta
|-unboost|p2a: Zamazenta|atk|1
|-unboost|p2a: Zamazenta|spa|1
|
|t:|1758316802
|switch|p1a: Iron Valiant|Iron Valiant|94/100|[from] Parting Shot
|
|upkeep
|turn|29
|
|t:|1758316815
|switch|p2a: Hatterene|Hatterene, F|88/100
|-damage|p2a: Hatterene|76/100|[from] Spikes
|move|p1a: Iron Valiant|Shadow Ball|p2a: Hatterene
|-supereffective|p2a: Hatterene
|-damage|p2a: Hatterene|16/100
|
|upkeep
|turn|30
|
|t:|1758316829
|move|p1a: Iron Valiant|Shadow Ball|p2a: Hatterene
|-supereffective|p2a: Hatterene
|-damage|p2a: Hatterene|0 fnt
|faint|p2a: Hatterene
|
|upkeep
|c|☆LOve4RussIA|Yeah lost this
|
|t:|1758316849
|switch|p2a: Zamazenta|Zamazenta, tera:Steel|28/100
|-damage|p2a: Zamazenta|15/100|[from] Spikes
|turn|31
|
|t:|1758316855
|-end|p1a: Iron Valiant|Quark Drive|[silent]
|switch|p1a: Pecharunt|Pecharunt|31/100 par
|move|p2a: Zamazenta|Body Press|p1a: Pecharunt
|-immune|p1a: Pecharunt
|
|upkeep
|turn|32
|-message|LOve4RussIA forfeited.
|
|win|god's loving gift
|raw|god&apos;s loving gift's rating: 1224 &rarr; <strong>1247</strong><br />(+23 for winning)
|raw|LOve4RussIA's rating: 1194 &rarr; <strong>1171</strong><br />(-23 for losing)
|l|☆LOve4RussIA
|player|p2|
