|j|☆Flaretoon
|j|☆unknown49
|t:|1758308755
|gametype|singles
|player|p1|Flaretoon|giovanni|1317
|player|p2|unknown49|102|1280
|gen|9
|tier|[Gen 9] OU
|rated|
|rule|HP Percentage Mod: HP is shown in percentages
|rule|Endless Battle Clause: Forcing endless battles is banned
|rule|Species Clause: Limit one of each Pokémon
|rule|OHKO Clause: OHKO moves are banned
|rule|Evasion Items Clause: Evasion items are banned
|rule|Evasion Moves Clause: Evasion moves are banned
|rule|Evasion Abilities Clause: Evasion abilities are banned
|rule|Sleep Moves Clause: Sleep-inducing moves are banned
|clearpoke
|poke|p1|Iron Crown|
|poke|p1|Alomomola, F|
|poke|p1|Great Tusk|
|poke|p1|Dragonite, M|
|poke|p1|Pecharunt|
|poke|p1|Darkrai|
|poke|p2|Dragapult, M|
|poke|p2|Iron Crown|
|poke|p2|Great Tusk|
|poke|p2|Zapdos|
|poke|p2|Heatran, F|
|poke|p2|Ogerpon-Wellspring, F|
|teampreview
|
|t:|1758308769
|teamsize|p1|6
|teamsize|p2|6
|start
|switch|p1a: Darkrai|Darkrai|100/100
|switch|p2a: Iron Crown|Iron Crown|100/100
|turn|1
|
|t:|1758308778
|switch|p1a: Iron Crown|Iron Crown|100/100
|-end|p2a: Iron Crown|Quark Drive|[silent]
|switch|p2a: Heatran|Heatran, F|100/100
|
|upkeep
|turn|2
|
|t:|1758308789
|move|p1a: Iron Crown|Volt Switch|p2a: Heatran
|-damage|p2a: Heatran|87/100
|
|t:|1758308813
|-end|p1a: Iron Crown|Quark Drive|[silent]
|switch|p1a: Great Tusk|Great Tusk|100/100|[from] Volt Switch
|move|p2a: Heatran|Magma Storm|p1a: Great Tusk
|-damage|p1a: Great Tusk|44/100
|-activate|p1a: Great Tusk|move: Magma Storm|[of] p2a: Heatran
|
|-heal|p2a: Heatran|93/100|[from] item: Leftovers
|-damage|p1a: Great Tusk|32/100|[from] move: Magma Storm|[partiallytrapped]
|upkeep
|turn|3
|
|t:|1758308832
|switch|p2a: Zapdos|Zapdos|100/100
|move|p1a: Great Tusk|Stealth Rock|p2a: Zapdos
|-sidestart|p2: unknown49|move: Stealth Rock
|
|-end|p1a: Great Tusk|Magma Storm|[partiallytrapped]|[silent]
|upkeep
|turn|4
|
|t:|1758308847
|-end|p1a: Great Tusk|Protosynthesis|[silent]
|switch|p1a: Iron Crown|Iron Crown|100/100
|move|p2a: Zapdos|Hurricane|p1a: Iron Crown
|-resisted|p1a: Iron Crown
|-damage|p1a: Iron Crown|82/100
|-start|p1a: Iron Crown|confusion
|
|upkeep
|turn|5
|
|t:|1758308858
|switch|p2a: Heatran|Heatran, F|93/100
|-damage|p2a: Heatran|81/100|[from] Stealth Rock
|-activate|p1a: Iron Crown|confusion
|move|p1a: Iron Crown|Future Sight|p2a: Heatran
|-start|p1a: Iron Crown|move: Future Sight
|
|-heal|p2a: Heatran|87/100|[from] item: Leftovers
|upkeep
|turn|6
|
|t:|1758308865
|-activate|p1a: Iron Crown|confusion
|move|p1a: Iron Crown|Volt Switch|p2a: Heatran
|-crit|p2a: Heatran
|-damage|p2a: Heatran|67/100
|
|t:|1758308875
|-end|p1a: Iron Crown|Quark Drive|[silent]
|switch|p1a: Alomomola|Alomomola, F, shiny|100/100|[from] Volt Switch
|move|p2a: Heatran|Stealth Rock|p1a: Alomomola
|-sidestart|p1: Flaretoon|move: Stealth Rock
|
|-heal|p2a: Heatran|74/100|[from] item: Leftovers
|upkeep
|turn|7
|inactive|Battle timer is ON: inactive players will automatically lose when time's up. (requested by Flaretoon)
|
|t:|1758308897
|switch|p2a: Ogerpon|Ogerpon-Wellspring, F|100/100
|-damage|p2a: Ogerpon|88/100|[from] Stealth Rock
|move|p1a: Alomomola|Flip Turn|p2a: Ogerpon
|-heal|p2a: Ogerpon|100/100|[from] ability: Water Absorb|[of] p1a: Alomomola
|
|-end|p2a: Ogerpon|move: Future Sight
|-damage|p2a: Ogerpon|39/100
|upkeep
|turn|8
|
|t:|1758308908
|switch|p1a: Pecharunt|Pecharunt|100/100
|move|p2a: Ogerpon|U-turn|p1a: Pecharunt
|-resisted|p1a: Pecharunt
|-damage|p1a: Pecharunt|97/100
|
|t:|1758308912
|switch|p2a: Iron Crown|Iron Crown|100/100|[from] U-turn
|-damage|p2a: Iron Crown|94/100|[from] Stealth Rock
|
|upkeep
|turn|9
|
|t:|1758308918
|move|p2a: Iron Crown|Volt Switch|p1a: Pecharunt
|-damage|p1a: Pecharunt|62/100
|
|t:|1758308923
|-end|p2a: Iron Crown|Quark Drive|[silent]
|switch|p2a: Heatran|Heatran, F|74/100|[from] Volt Switch
|-damage|p2a: Heatran|61/100|[from] Stealth Rock
|move|p1a: Pecharunt|Parting Shot|p2a: Heatran
|-unboost|p2a: Heatran|atk|1
|-unboost|p2a: Heatran|spa|1
|
|t:|1758308934
|switch|p1a: Darkrai|Darkrai|100/100|[from] Parting Shot
|
|-heal|p2a: Heatran|67/100|[from] item: Leftovers
|upkeep
|turn|10
|
|t:|1758308940
|move|p1a: Darkrai|Focus Blast|p2a: Heatran
|-supereffective|p2a: Heatran
|-damage|p2a: Heatran|18/100
|move|p2a: Heatran|Magma Storm|p1a: Darkrai
|-damage|p1a: Darkrai|62/100
|-activate|p1a: Darkrai|move: Magma Storm|[of] p2a: Heatran
|
|-heal|p2a: Heatran|24/100|[from] item: Leftovers
|-damage|p1a: Darkrai|50/100|[from] move: Magma Storm|[partiallytrapped]
|upkeep
|turn|11
|
|t:|1758308946
|switch|p2a: Zapdos|Zapdos|100/100
|move|p1a: Darkrai|Dark Pulse|p2a: Zapdos
|-damage|p2a: Zapdos|60/100
|
|-end|p1a: Darkrai|Magma Storm|[partiallytrapped]|[silent]
|upkeep
|turn|12
|
|t:|1758308955
|switch|p1a: Iron Crown|Iron Crown|82/100
|-damage|p1a: Iron Crown|76/100|[from] Stealth Rock
|move|p2a: Zapdos|Discharge|p1a: Iron Crown
|-damage|p1a: Iron Crown|50/100
|
|upkeep
|turn|13
|
|t:|1758308960
|move|p1a: Iron Crown|Future Sight|p2a: Zapdos
|-start|p1a: Iron Crown|move: Future Sight
|move|p2a: Zapdos|Discharge|p1a: Iron Crown
|-damage|p1a: Iron Crown|24/100
|
|upkeep
|turn|14
|
|t:|1758308976
|move|p1a: Iron Crown|Volt Switch|p2a: Zapdos
|-crit|p2a: Zapdos
|-damage|p2a: Zapdos|27/100
|
|t:|1758308980
|-end|p1a: Iron Crown|Quark Drive|[silent]
|switch|p1a: Alomomola|Alomomola, F, shiny|100/100|[from] Volt Switch
|move|p2a: Zapdos|Discharge|p1a: Alomomola
|-supereffective|p1a: Alomomola
|-damage|p1a: Alomomola|4/100
|-status|p1a: Alomomola|par
|
|upkeep
|turn|15
|
|t:|1758308985
|move|p1a: Alomomola|Protect|p1a: Alomomola
|-singleturn|p1a: Alomomola|Protect
|move|p2a: Zapdos|Volt Switch|p1a: Alomomola
|-activate|p1a: Alomomola|move: Protect
|
|-end|p2a: Zapdos|move: Future Sight
|-damage|p2a: Zapdos|0 fnt
|faint|p2a: Zapdos
|upkeep
|
|t:|1758308988
|switch|p2a: Dragapult|Dragapult, M|100/100
|-damage|p2a: Dragapult|88/100|[from] Stealth Rock
|turn|16
|
|t:|1758308998
|switch|p1a: Pecharunt|Pecharunt|62/100
|move|p2a: Dragapult|Substitute|p2a: Dragapult
|-start|p2a: Dragapult|Substitute
|-damage|p2a: Dragapult|63/100
|
|-heal|p2a: Dragapult|69/100|[from] item: Leftovers
|upkeep
|turn|17
|
|t:|1758309002
|move|p2a: Dragapult|Dragon Dance|p2a: Dragapult
|-boost|p2a: Dragapult|atk|1
|-boost|p2a: Dragapult|spe|1
|move|p1a: Pecharunt|Shadow Ball|p2a: Dragapult
|-supereffective|p2a: Dragapult
|-end|p2a: Dragapult|Substitute
|
|-heal|p2a: Dragapult|75/100|[from] item: Leftovers
|upkeep
|turn|18
|
|t:|1758309011
|-terastallize|p2a: Dragapult|Ghost
|move|p2a: Dragapult|Tera Blast|p1a: Pecharunt|[anim] Tera Blast Ghost
|-supereffective|p1a: Pecharunt
|-damage|p1a: Pecharunt|0 fnt
|faint|p1a: Pecharunt
|
|-heal|p2a: Dragapult|81/100|[from] item: Leftovers
|upkeep
|-message|Flaretoon forfeited.
|
|win|unknown49
|raw|Flaretoon's rating: 1317 &rarr; <strong>1295</strong><br />(-22 for losing)
|raw|unknown49's rating: 1280 &rarr; <strong>1308</strong><br />(+28 for winning)
|l|☆Flaretoon
|player|p1|
