|j|☆jojokaka
|j|☆Jericho941
|t:|1758276029
|gametype|singles
|player|p1|jojokaka|101|1191
|player|p2|Jericho941|burglar|1168
|gen|9
|tier|[Gen 9] OU
|rated|
|rule|HP Percentage Mod: HP is shown in percentages
|rule|Endless Battle Clause: Forcing endless battles is banned
|rule|Species Clause: Limit one of each Pokémon
|rule|OHKO Clause: OHKO moves are banned
|rule|Evasion Items Clause: Evasion items are banned
|rule|Evasion Moves Clause: Evasion moves are banned
|rule|Evasion Abilities Clause: Evasion abilities are banned
|rule|Sleep Moves Clause: Sleep-inducing moves are banned
|clearpoke
|poke|p1|Dragonite, F|
|poke|p1|Cinderace, M|
|poke|p1|Darkrai|
|poke|p1|Iron Treads|
|poke|p1|Pecharunt|
|poke|p1|Ogerpon-Wellspring, F|
|poke|p2|Dragonite, M|
|poke|p2|Blastoise, M|
|poke|p2|Electrode-Hisui|
|poke|p2|Gengar, M|
|poke|p2|Conkeldurr, F|
|poke|p2|Krookodile, F|
|teampreview
|inactive|Battle timer is ON: inactive players will automatically lose when time's up. (requested by Jericho941)
|
|t:|1758276041
|teamsize|p1|6
|teamsize|p2|6
|start
|switch|p1a: Ogerpon|Ogerpon-Wellspring, F|100/100
|switch|p2a: Blastoise|Blastoise, M|100/100
|turn|1
|
|t:|1758276046
|-terastallize|p2a: Blastoise|Steel
|move|p1a: Ogerpon|Swords Dance|p1a: Ogerpon
|-boost|p1a: Ogerpon|atk|2
|move|p2a: Blastoise|Shell Smash|p2a: Blastoise
|-unboost|p2a: Blastoise|def|1
|-unboost|p2a: Blastoise|spd|1
|-boost|p2a: Blastoise|atk|2
|-boost|p2a: Blastoise|spa|2
|-boost|p2a: Blastoise|spe|2
|-enditem|p2a: Blastoise|White Herb
|-clearnegativeboost|p2a: Blastoise|[silent]
|
|upkeep
|turn|2
|
|t:|1758276063
|move|p2a: Blastoise|Ice Beam|p1a: Ogerpon
|-damage|p1a: Ogerpon|44/100
|-status|p1a: Ogerpon|frz
|cant|p1a: Ogerpon|frz
|
|upkeep
|turn|3
|c|☆jojokaka|fub game...
|
|t:|1758276083
|switch|p1a: Cinderace|Cinderace, M, shiny|100/100
|move|p2a: Blastoise|Ice Beam|p1a: Cinderace
|-resisted|p1a: Cinderace
|-damage|p1a: Cinderace|64/100
|
|upkeep
|turn|4
|
|t:|1758276088
|move|p2a: Blastoise|Surf|p1a: Cinderace
|-supereffective|p1a: Cinderace
|-damage|p1a: Cinderace|0 fnt
|faint|p1a: Cinderace
|
|upkeep
|
|t:|1758276099
|switch|p1a: Darkrai|Darkrai, shiny|100/100
|turn|5
|
|t:|1758276102
|move|p2a: Blastoise|Flash Cannon|p1a: Darkrai
|-damage|p1a: Darkrai|19/100
|move|p1a: Darkrai|Focus Blast|p2a: Blastoise|[miss]
|-miss|p1a: Darkrai|p2a: Blastoise
|
|upkeep
|turn|6
|
|t:|1758276109
|move|p2a: Blastoise|Flash Cannon|p1a: Darkrai
|-damage|p1a: Darkrai|0 fnt
|faint|p1a: Darkrai
|
|upkeep
|
|t:|1758276115
|switch|p1a: Pecharunt|Pecharunt|100/100
|turn|7
|
|t:|1758276119
|move|p2a: Blastoise|Ice Beam|p1a: Pecharunt
|-damage|p1a: Pecharunt|45/100
|-status|p1a: Pecharunt|frz
|cant|p1a: Pecharunt|frz
|
|upkeep
|turn|8
|c|☆jojokaka|fun game...........
|
|t:|1758276131
|move|p2a: Blastoise|Ice Beam|p1a: Pecharunt
|-damage|p1a: Pecharunt|0 fnt
|faint|p1a: Pecharunt
|
|upkeep
|
|t:|1758276141
|switch|p1a: Dragonite|Dragonite, F, shiny|100/100
|turn|9
|
|t:|1758276149
|-terastallize|p1a: Dragonite|Normal
|move|p2a: Blastoise|Ice Beam|p1a: Dragonite
|-crit|p1a: Dragonite
|-damage|p1a: Dragonite|59/100
|move|p1a: Dragonite|Fire Punch|p2a: Blastoise
|-supereffective|p2a: Blastoise
|-damage|p2a: Blastoise|10/100
|
|upkeep
|turn|10
|
|t:|1758276157
|move|p2a: Blastoise|Flash Cannon|p1a: Dragonite
|-damage|p1a: Dragonite|0 fnt
|faint|p1a: Dragonite
|
|upkeep
|
|t:|1758276162
|switch|p1a: Iron Treads|Iron Treads, shiny|100/100
|turn|11
|c|☆Jericho941|U fukin suk stfu
|
|t:|1758276170
|move|p2a: Blastoise|Surf|p1a: Iron Treads
|-supereffective|p1a: Iron Treads
|-damage|p1a: Iron Treads|0 fnt
|faint|p1a: Iron Treads
|-end|p1a: Iron Treads|Quark Drive|[silent]
|
|upkeep
|c|☆jojokaka|please two freezes and crit, and i miss
|inactive|jojokaka has 120 seconds left.
|
|t:|1758276203
|switch|p1a: Ogerpon|Ogerpon-Wellspring, F|44/100 frz
|turn|12
|c|☆Jericho941|You still woulda lost
|
|t:|1758276211
|move|p2a: Blastoise|Ice Beam|p1a: Ogerpon
|-damage|p1a: Ogerpon|0 fnt
|faint|p1a: Ogerpon
|
|win|Jericho941
