|j|☆throarbin3001
|j|☆drewwpeacockk
|t:|1758372513
|gametype|singles
|player|p1|throarbin3001|veteran|1154
|player|p2|drewwpeacockk|pokemonrangerf|1156
|gen|9
|tier|[Gen 9] OU
|rated|
|rule|HP Percentage Mod: HP is shown in percentages
|rule|Endless Battle Clause: Forcing endless battles is banned
|rule|Species Clause: Limit one of each Pokémon
|rule|OHKO Clause: OHKO moves are banned
|rule|Evasion Items Clause: Evasion items are banned
|rule|Evasion Moves Clause: Evasion moves are banned
|rule|Evasion Abilities Clause: Evasion abilities are banned
|rule|Sleep Moves Clause: Sleep-inducing moves are banned
|clearpoke
|poke|p1|Gholdengo|
|poke|p1|Great Tusk|
|poke|p1|Ting-Lu|
|poke|p1|Quaquaval, F|
|poke|p1|Dragonite, M|
|poke|p1|Cinderace, F|
|poke|p2|Blaziken, F|
|poke|p2|Gliscor, F|
|poke|p2|Weavile, M|
|poke|p2|Walking Wake|
|poke|p2|Gholdengo|
|poke|p2|Corviknight, M|
|teampreview
|
|t:|1758372546
|teamsize|p1|6
|teamsize|p2|6
|start
|switch|p1a: Dragonite|Dragonite, M|100/100
|switch|p2a: Weavile|Weavile, M|100/100
|turn|1
|
|t:|1758372556
|switch|p1a: Cinderace|Cinderace, F|100/100
|move|p2a: Weavile|Triple Axel|p1a: Cinderace
|-resisted|p1a: Cinderace
|-damage|p1a: Cinderace|93/100
|-resisted|p1a: Cinderace
|-damage|p1a: Cinderace|78/100
|-hitcount|p1a: Cinderace|2
|
|upkeep
|turn|2
|
|t:|1758372563
|switch|p2a: Walking Wake|Walking Wake|100/100
|move|p1a: Cinderace|U-turn|p2a: Walking Wake
|-start|p1a: Cinderace|typechange|Bug|[from] ability: Libero
|-damage|p2a: Walking Wake|67/100
|
|t:|1758372578
|switch|p1a: Quaquaval|Quaquaval, F|100/100|[from] U-turn
|
|-heal|p2a: Walking Wake|73/100|[from] item: Leftovers
|upkeep
|turn|3
|
|t:|1758372589
|move|p1a: Quaquaval|U-turn|p2a: Walking Wake
|-damage|p2a: Walking Wake|40/100
|
|t:|1758372593
|switch|p1a: Cinderace|Cinderace, F|78/100|[from] U-turn
|move|p2a: Walking Wake|Flip Turn|p1a: Cinderace
|-supereffective|p1a: Cinderace
|-damage|p1a: Cinderace|34/100
|
|t:|1758372607
|-end|p2a: Walking Wake|Protosynthesis|[silent]
|switch|p2a: Weavile|Weavile, M|100/100|[from] Flip Turn
|
|upkeep
|turn|4
|
|t:|1758372618
|move|p2a: Weavile|Knock Off|p1a: Cinderace
|-damage|p1a: Cinderace|0 fnt
|-enditem|p1a: Cinderace|Heavy-Duty Boots|[from] move: Knock Off|[of] p2a: Weavile
|faint|p1a: Cinderace
|
|upkeep
|
|t:|1758372625
|switch|p1a: Dragonite|Dragonite, M|100/100
|turn|5
|
|t:|1758372637
|switch|p2a: Corviknight|Corviknight, M|100/100
|-terastallize|p1a: Dragonite|Fire
|move|p1a: Dragonite|Dragon Dance|p1a: Dragonite
|-boost|p1a: Dragonite|atk|1
|-boost|p1a: Dragonite|spe|1
|
|upkeep
|turn|6
|
|t:|1758372665
|move|p1a: Dragonite|Dragon Dance|p1a: Dragonite
|-boost|p1a: Dragonite|atk|1
|-boost|p1a: Dragonite|spe|1
|move|p2a: Corviknight|U-turn|p1a: Dragonite
|-resisted|p1a: Dragonite
|-damage|p1a: Dragonite|97/100
|
|t:|1758372669
|switch|p2a: Walking Wake|Walking Wake|40/100|[from] U-turn
|
|-heal|p2a: Walking Wake|46/100|[from] item: Leftovers
|upkeep
|turn|7
|
|t:|1758372679
|-terastallize|p2a: Walking Wake|Ghost
|move|p1a: Dragonite|Fire Punch|p2a: Walking Wake
|-damage|p2a: Walking Wake|0 fnt
|faint|p2a: Walking Wake
|-end|p2a: Walking Wake|Protosynthesis|[silent]
|
|upkeep
|
|t:|1758372686
|switch|p2a: Gliscor|Gliscor, F|100/100
|turn|8
|
|t:|1758372704
|move|p1a: Dragonite|Scale Shot|p2a: Gliscor
|-damage|p2a: Gliscor|78/100
|-crit|p2a: Gliscor
|-damage|p2a: Gliscor|40/100
|-damage|p2a: Gliscor|15/100
|-damage|p2a: Gliscor|0 fnt
|faint|p2a: Gliscor
|-hitcount|p2: Gliscor|4
|-unboost|p1a: Dragonite|def|1
|-boost|p1a: Dragonite|spe|1
|
|upkeep
|-message|drewwpeacockk forfeited.
|
|win|throarbin3001
|raw|throarbin3001's rating: 1154 &rarr; <strong>1179</strong><br />(+25 for winning)
|raw|drewwpeacockk's rating: 1156 &rarr; <strong>1131</strong><br />(-25 for losing)
|l|☆drewwpeacockk
|player|p2|
