|j|☆iheartgalvantula
|j|☆tony93420
|t:|1758326965
|gametype|singles
|player|p1|iheartgalvantula|unknown|1294
|player|p2|tony93420|hugh|1275
|gen|9
|tier|[Gen 9] OU
|rated|
|rule|HP Percentage Mod: HP is shown in percentages
|rule|Endless Battle Clause: Forcing endless battles is banned
|rule|Species Clause: Limit one of each Pokémon
|rule|OHKO Clause: OHKO moves are banned
|rule|Evasion Items Clause: Evasion items are banned
|rule|Evasion Moves Clause: Evasion moves are banned
|rule|Evasion Abilities Clause: Evasion abilities are banned
|rule|Sleep Moves Clause: Sleep-inducing moves are banned
|clearpoke
|poke|p1|Breloom, F|
|poke|p1|Pelipper, F|
|poke|p1|Barraskewda, F|
|poke|p1|Zapdos|
|poke|p1|Ogerpon-Wellspring, F|
|poke|p1|Iron Treads|
|poke|p2|Gliscor, M|
|poke|p2|Cinderace, M|
|poke|p2|Moltres|
|poke|p2|Dragonite, M|
|poke|p2|Ogerpon-Cornerstone, F|
|poke|p2|Donphan, M|
|teampreview
|inactive|Battle timer is ON: inactive players will automatically lose when time's up. (requested by iheartgalvantula)
|
|t:|1758326973
|teamsize|p1|6
|teamsize|p2|6
|start
|switch|p1a: Breloom|Breloom, F|100/100
|switch|p2a: Ogerpon|Ogerpon-Cornerstone, F|100/100
|turn|1
|
|t:|1758326978
|move|p2a: Ogerpon|Spiky Shield|p2a: Ogerpon
|-singleturn|p2a: Ogerpon|move: Protect
|move|p1a: Breloom|Bullet Seed|p2a: Ogerpon
|-activate|p2a: Ogerpon|move: Protect
|
|upkeep
|turn|2
|
|t:|1758326984
|switch|p2a: Moltres|Moltres|100/100
|move|p1a: Breloom|Bullet Seed|p2a: Moltres
|-resisted|p2a: Moltres
|-damage|p2a: Moltres|96/100
|-resisted|p2a: Moltres
|-damage|p2a: Moltres|92/100
|-hitcount|p2a: Moltres|2
|
|upkeep
|turn|3
|
|t:|1758326992
|switch|p2a: Ogerpon|Ogerpon-Cornerstone, F|100/100
|switch|p1a: Pelipper|Pelipper, F|100/100
|-weather|RainDance|[from] ability: Drizzle|[of] p1a: Pelipper
|
|-weather|RainDance|[upkeep]
|upkeep
|turn|4
|
|t:|1758327000
|switch|p1a: Breloom|Breloom, F|100/100
|move|p2a: Ogerpon|Ivy Cudgel|p1a: Breloom|[anim] Ivy Cudgel Rock
|-resisted|p1a: Breloom
|-damage|p1a: Breloom|71/100
|
|-weather|RainDance|[upkeep]
|upkeep
|turn|5
|
|t:|1758327006
|move|p2a: Ogerpon|Spiky Shield|p2a: Ogerpon
|-singleturn|p2a: Ogerpon|move: Protect
|move|p1a: Breloom|Bullet Seed|p2a: Ogerpon
|-activate|p2a: Ogerpon|move: Protect
|
|-weather|RainDance|[upkeep]
|upkeep
|turn|6
|
|t:|1758327011
|switch|p1a: Iron Treads|Iron Treads|100/100
|-item|p1a: Iron Treads|Air Balloon
|move|p2a: Ogerpon|Knock Off|p1a: Iron Treads
|-damage|p1a: Iron Treads|72/100
|-enditem|p1a: Iron Treads|Air Balloon
|
|-weather|RainDance|[upkeep]
|upkeep
|turn|7
|
|t:|1758327021
|move|p2a: Ogerpon|Knock Off|p1a: Iron Treads
|-damage|p1a: Iron Treads|53/100
|move|p1a: Iron Treads|Stealth Rock|p2a: Ogerpon
|-sidestart|p2: tony93420|move: Stealth Rock
|
|-weather|RainDance|[upkeep]
|upkeep
|turn|8
|
|t:|1758327025
|move|p2a: Ogerpon|Low Kick|p1a: Iron Treads
|-supereffective|p1a: Iron Treads
|-damage|p1a: Iron Treads|0 fnt
|faint|p1a: Iron Treads
|-end|p1a: Iron Treads|Quark Drive|[silent]
|
|-weather|RainDance|[upkeep]
|upkeep
|
|t:|1758327030
|switch|p1a: Breloom|Breloom, F|71/100
|turn|9
|
|t:|1758327034
|move|p2a: Ogerpon|Knock Off|p1a: Breloom
|-resisted|p1a: Breloom
|-damage|p1a: Breloom|52/100
|-damage|p2a: Ogerpon|84/100|[from] item: Rocky Helmet|[of] p1a: Breloom
|-enditem|p1a: Breloom|Rocky Helmet|[from] move: Knock Off|[of] p2a: Ogerpon
|move|p1a: Breloom|Poison Jab|p2a: Ogerpon
|-damage|p2a: Ogerpon|50/100
|-status|p2a: Ogerpon|psn
|
|-weather|RainDance|[upkeep]
|-damage|p2a: Ogerpon|38/100 psn|[from] psn
|upkeep
|turn|10
|
|t:|1758327042
|move|p2a: Ogerpon|Spiky Shield|p2a: Ogerpon
|-singleturn|p2a: Ogerpon|move: Protect
|move|p1a: Breloom|Bullet Seed|p2a: Ogerpon
|-activate|p2a: Ogerpon|move: Protect
|
|-weather|none
|-damage|p2a: Ogerpon|26/100 psn|[from] psn
|upkeep
|turn|11
|
|t:|1758327047
|move|p2a: Ogerpon|Ivy Cudgel|p1a: Breloom|[anim] Ivy Cudgel Rock
|-resisted|p1a: Breloom
|-crit|p1a: Breloom
|-damage|p1a: Breloom|5/100
|move|p1a: Breloom|Poison Jab|p2a: Ogerpon
|-damage|p2a: Ogerpon|0 fnt
|faint|p2a: Ogerpon
|
|upkeep
|
|t:|1758327050
|switch|p2a: Cinderace|Cinderace, M, shiny|100/100
|turn|12
|
|t:|1758327056
|move|p1a: Breloom|Mach Punch|p2a: Cinderace
|-damage|p2a: Cinderace|60/100
|move|p2a: Cinderace|Court Change|p2a: Cinderace
|-start|p2a: Cinderace|typechange|Normal|[from] ability: Libero
|-swapsideconditions
|-activate|p2a: Cinderace|move: Court Change
|
|upkeep
|turn|13
|
|t:|1758327064
|switch|p2a: Moltres|Moltres|92/100
|move|p1a: Breloom|Mach Punch|p2a: Moltres
|-resisted|p2a: Moltres
|-damage|p2a: Moltres|78/100
|-damage|p1a: Breloom|0 fnt|[from] item: Rocky Helmet|[of] p2a: Moltres
|faint|p1a: Breloom
|
|upkeep
|
|t:|1758327070
|switch|p1a: Pelipper|Pelipper, F|100/100
|-damage|p1a: Pelipper|75/100|[from] Stealth Rock
|-weather|RainDance|[from] ability: Drizzle|[of] p1a: Pelipper
|turn|14
|
|t:|1758327075
|move|p1a: Pelipper|Weather Ball|p2a: Moltres
|-supereffective|p2a: Moltres
|-damage|p2a: Moltres|0 fnt
|faint|p2a: Moltres
|
|-weather|RainDance|[upkeep]
|upkeep
|
|t:|1758327081
|switch|p2a: Dragonite|Dragonite, M|100/100
|turn|15
|
|t:|1758327089
|move|p2a: Dragonite|Dragon Dance|p2a: Dragonite
|-boost|p2a: Dragonite|atk|1
|-boost|p2a: Dragonite|spe|1
|move|p1a: Pelipper|U-turn|p2a: Dragonite
|-resisted|p2a: Dragonite
|-damage|p2a: Dragonite|98/100
|
|t:|1758327092
|switch|p1a: Zapdos|Zapdos|100/100|[from] U-turn
|-damage|p1a: Zapdos|76/100|[from] Stealth Rock
|
|-weather|RainDance|[upkeep]
|-heal|p2a: Dragonite|100/100|[from] item: Leftovers
|upkeep
|turn|16
|
|t:|1758327098
|move|p2a: Dragonite|Ice Spinner|p1a: Zapdos
|-supereffective|p1a: Zapdos
|-damage|p1a: Zapdos|0 fnt
|-status|p2a: Dragonite|par|[from] ability: Static|[of] p1a: Zapdos
|faint|p1a: Zapdos
|
|-weather|RainDance|[upkeep]
|upkeep
|
|t:|1758327102
|switch|p1a: Barraskewda|Barraskewda, F|100/100
|-damage|p1a: Barraskewda|88/100|[from] Stealth Rock
|turn|17
|
|t:|1758327106
|-terastallize|p1a: Barraskewda|Water
|move|p1a: Barraskewda|Flip Turn|p2a: Dragonite
|-resisted|p2a: Dragonite
|-damage|p2a: Dragonite|76/100 par
|
|t:|1758327109
|switch|p1a: Ogerpon|Ogerpon-Wellspring, F|100/100|[from] Flip Turn
|-damage|p1a: Ogerpon|88/100|[from] Stealth Rock
|cant|p2a: Dragonite|par
|
|-weather|RainDance|[upkeep]
|-heal|p2a: Dragonite|82/100 par|[from] item: Leftovers
|upkeep
|turn|18
|
|t:|1758327127
|move|p1a: Ogerpon|Ivy Cudgel|p2a: Dragonite|[anim] Ivy Cudgel Water
|-resisted|p2a: Dragonite
|-damage|p2a: Dragonite|35/100 par
|move|p2a: Dragonite|Ice Spinner|p1a: Ogerpon
|-damage|p1a: Ogerpon|37/100
|
|-weather|RainDance|[upkeep]
|-heal|p2a: Dragonite|41/100 par|[from] item: Leftovers
|upkeep
|turn|19
|
|t:|1758327135
|move|p1a: Ogerpon|Ivy Cudgel|p2a: Dragonite|[anim] Ivy Cudgel Water
|-resisted|p2a: Dragonite
|-damage|p2a: Dragonite|0 fnt
|faint|p2a: Dragonite
|
|-weather|RainDance|[upkeep]
|upkeep
|
|t:|1758327138
|switch|p2a: Cinderace|Cinderace, M, shiny|60/100
|turn|20
|
|t:|1758327144
|move|p2a: Cinderace|U-turn|p1a: Ogerpon
|-start|p2a: Cinderace|typechange|Bug|[from] ability: Libero
|-supereffective|p1a: Ogerpon
|-crit|p1a: Ogerpon
|-damage|p1a: Ogerpon|0 fnt
|faint|p1a: Ogerpon
|
|t:|1758327150
|switch|p2a: Gliscor|Gliscor, M, shiny|100/100|[from] U-turn
|
|-weather|RainDance|[upkeep]
|-status|p2a: Gliscor|tox|[from] item: Toxic Orb
|upkeep
|
|t:|1758327152
|switch|p1a: Barraskewda|Barraskewda, F, tera:Water|88/100
|-damage|p1a: Barraskewda|76/100|[from] Stealth Rock
|turn|21
|
|t:|1758327156
|move|p1a: Barraskewda|Flip Turn|p2a: Gliscor
|-supereffective|p2a: Gliscor
|-damage|p2a: Gliscor|0 fnt
|faint|p2a: Gliscor
|
|t:|1758327160
|switch|p1a: Pelipper|Pelipper, F|75/100|[from] Flip Turn
|-damage|p1a: Pelipper|50/100|[from] Stealth Rock
|
|-weather|none
|upkeep
|
|t:|1758327164
|switch|p2a: Donphan|Donphan, M|100/100
|turn|22
|
|t:|1758327174
|-terastallize|p2a: Donphan|Ice
|move|p1a: Pelipper|U-turn|p2a: Donphan
|-damage|p2a: Donphan|95/100
|
|t:|1758327177
|switch|p1a: Barraskewda|Barraskewda, F, tera:Water|76/100|[from] U-turn
|-damage|p1a: Barraskewda|64/100|[from] Stealth Rock
|move|p2a: Donphan|Rapid Spin|p1a: Barraskewda
|-damage|p1a: Barraskewda|38/100
|-boost|p2a: Donphan|spe|1
|
|upkeep
|turn|23
|
|t:|1758327185
|move|p2a: Donphan|Ice Shard|p1a: Barraskewda
|-resisted|p1a: Barraskewda
|-damage|p1a: Barraskewda|23/100
|move|p1a: Barraskewda|Flip Turn|p2a: Donphan
|-damage|p2a: Donphan|55/100
|
|t:|1758327189
|switch|p1a: Pelipper|Pelipper, F|50/100|[from] Flip Turn
|-damage|p1a: Pelipper|25/100|[from] Stealth Rock
|-weather|RainDance|[from] ability: Drizzle|[of] p1a: Pelipper
|
|-weather|RainDance|[upkeep]
|upkeep
|turn|24
|
|t:|1758327193
|move|p2a: Donphan|Ice Spinner|p1a: Pelipper
|-damage|p1a: Pelipper|0 fnt
|faint|p1a: Pelipper
|
|-weather|RainDance|[upkeep]
|upkeep
|
|t:|1758327195
|switch|p1a: Barraskewda|Barraskewda, F, tera:Water|23/100
|-damage|p1a: Barraskewda|11/100|[from] Stealth Rock
|turn|25
|
|t:|1758327214
|move|p1a: Barraskewda|Aqua Jet|p2a: Donphan
|-damage|p2a: Donphan|9/100
|move|p2a: Donphan|Ice Shard|p1a: Barraskewda
|-resisted|p1a: Barraskewda
|-damage|p1a: Barraskewda|0 fnt
|faint|p1a: Barraskewda
|
|win|tony93420
|raw|iheartgalvantula's rating: 1294 &rarr; <strong>1268</strong><br />(-26 for losing)
|raw|tony93420's rating: 1275 &rarr; <strong>1301</strong><br />(+26 for winning)
|l|☆iheartgalvantula
|player|p1|
