|j|☆REX_1A91S
|j|☆LaughingCamelzz
|t:|1758356178
|gametype|singles
|player|p1|REX_1A91S|riley|1485
|player|p2|LaughingCamelzz|102|1491
|gen|9
|tier|[Gen 9] OU
|rated|
|rule|HP Percentage Mod: HP is shown in percentages
|rule|Endless Battle Clause: Forcing endless battles is banned
|rule|Species Clause: Limit one of each Pokémon
|rule|OHKO Clause: OHKO moves are banned
|rule|Evasion Items Clause: Evasion items are banned
|rule|Evasion Moves Clause: Evasion moves are banned
|rule|Evasion Abilities Clause: Evasion abilities are banned
|rule|Sleep Moves Clause: Sleep-inducing moves are banned
|clearpoke
|poke|p1|Corviknight, F|
|poke|p1|Slowking-Galar, M|
|poke|p1|Pecharunt|
|poke|p1|Kyurem|
|poke|p1|Zamazenta-*|
|poke|p1|Darkrai|
|poke|p2|Ninetales, F|
|poke|p2|Lilligant-Hisui, F|
|poke|p2|Walking Wake|
|poke|p2|Great Tusk|
|poke|p2|Hatterene, F|
|poke|p2|Arcanine-Hisui, F|
|teampreview
|
|t:|1758356196
|teamsize|p1|6
|teamsize|p2|6
|start
|switch|p1a: Darkrai|Darkrai|100/100
|switch|p2a: Ninetales|Ninetales, F|100/100
|-weather|SunnyDay|[from] ability: Drought|[of] p2a: Ninetales
|turn|1
|
|t:|1758356204
|move|p1a: Darkrai|Dark Pulse|p2a: Ninetales
|-damage|p2a: Ninetales|45/100
|-damage|p1a: Darkrai|91/100|[from] item: Life Orb
|move|p2a: Ninetales|Weather Ball|p1a: Darkrai
|-damage|p1a: Darkrai|38/100
|
|-weather|SunnyDay|[upkeep]
|upkeep
|turn|2
|
|t:|1758356223
|switch|p2a: Hatterene|Hatterene, F|100/100
|move|p1a: Darkrai|Dark Pulse|p2a: Hatterene
|-damage|p2a: Hatterene|64/100
|-damage|p1a: Darkrai|28/100|[from] item: Life Orb
|
|-weather|SunnyDay|[upkeep]
|upkeep
|turn|3
|
|t:|1758356235
|switch|p1a: Slowking|Slowking-Galar, M|100/100
|move|p2a: Hatterene|Draining Kiss|p1a: Slowking
|-resisted|p1a: Slowking
|-damage|p1a: Slowking|94/100
|-heal|p2a: Hatterene|70/100|[from] drain|[of] p1a: Slowking
|
|-weather|SunnyDay|[upkeep]
|upkeep
|turn|4
|
|t:|1758356248
|move|p2a: Hatterene|Nuzzle|p1a: Slowking
|-damage|p1a: Slowking|90/100
|-status|p1a: Slowking|par
|move|p1a: Slowking|Sludge Bomb|p2a: Hatterene
|-supereffective|p2a: Hatterene
|-damage|p2a: Hatterene|13/100
|-status|p2a: Hatterene|psn
|
|-weather|SunnyDay|[upkeep]
|-damage|p2a: Hatterene|1/100 psn|[from] psn
|upkeep
|turn|5
|
|t:|1758356262
|move|p2a: Hatterene|Mystical Fire|p1a: Slowking
|-damage|p1a: Slowking|70/100 par
|-unboost|p1a: Slowking|spa|1
|move|p1a: Slowking|Sludge Bomb|p2a: Hatterene
|-supereffective|p2a: Hatterene
|-damage|p2a: Hatterene|0 fnt
|faint|p2a: Hatterene
|
|-weather|SunnyDay|[upkeep]
|upkeep
|
|t:|1758356277
|switch|p2a: Walking Wake|Walking Wake|100/100
|-activate|p2a: Walking Wake|ability: Protosynthesis
|-start|p2a: Walking Wake|protosynthesisspe
|turn|6
|
|t:|1758356284
|-terastallize|p2a: Walking Wake|Water
|-terastallize|p1a: Slowking|Water
|move|p2a: Walking Wake|Hydro Steam|p1a: Slowking
|-resisted|p1a: Slowking
|-damage|p1a: Slowking|38/100 par
|move|p1a: Slowking|Sludge Bomb|p2a: Walking Wake
|-damage|p2a: Walking Wake|68/100
|
|-weather|SunnyDay|[upkeep]
|upkeep
|turn|7
|
|t:|1758356296
|-end|p2a: Walking Wake|Protosynthesis|[silent]
|switch|p2a: Arcanine|Arcanine-Hisui, F|100/100
|move|p1a: Slowking|Sludge Bomb|p2a: Arcanine
|-resisted|p2a: Arcanine
|-damage|p2a: Arcanine|84/100
|
|-weather|SunnyDay|[upkeep]
|upkeep
|turn|8
|
|t:|1758356306
|switch|p1a: Pecharunt|Pecharunt|100/100
|move|p2a: Arcanine|Flare Blitz|p1a: Pecharunt
|-damage|p1a: Pecharunt|58/100
|
|-weather|none
|upkeep
|turn|9
|
|t:|1758356313
|switch|p2a: Ninetales|Ninetales, F|45/100
|-weather|SunnyDay|[from] ability: Drought|[of] p2a: Ninetales
|move|p1a: Pecharunt|Malignant Chain|p2a: Ninetales
|-damage|p2a: Ninetales|15/100
|
|-weather|SunnyDay|[upkeep]
|upkeep
|turn|10
|
|t:|1758356331
|move|p2a: Ninetales|Weather Ball|p1a: Pecharunt
|-crit|p1a: Pecharunt
|-damage|p1a: Pecharunt|0 fnt
|faint|p1a: Pecharunt
|
|-weather|SunnyDay|[upkeep]
|upkeep
|
|t:|1758356338
|switch|p1a: Zamazenta|Zamazenta|100/100
|-ability|p1a: Zamazenta|Dauntless Shield|boost
|-boost|p1a: Zamazenta|def|1
|turn|11
|
|t:|1758356343
|move|p1a: Zamazenta|Body Press|p2a: Ninetales
|-damage|p2a: Ninetales|0 fnt
|faint|p2a: Ninetales
|
|-weather|SunnyDay|[upkeep]
|upkeep
|
|t:|1758356349
|switch|p2a: Walking Wake|Walking Wake, tera:Water|68/100
|-activate|p2a: Walking Wake|ability: Protosynthesis
|-start|p2a: Walking Wake|protosynthesisspe
|turn|12
|
|t:|1758356356
|switch|p1a: Slowking|Slowking-Galar, M, tera:Water|71/100 par
|move|p2a: Walking Wake|Hydro Steam|p1a: Slowking
|-resisted|p1a: Slowking
|-damage|p1a: Slowking|41/100 par
|
|-weather|SunnyDay|[upkeep]
|upkeep
|turn|13
|
|t:|1758356364
|-end|p2a: Walking Wake|Protosynthesis|[silent]
|switch|p2a: Arcanine|Arcanine-Hisui, F|84/100
|move|p1a: Slowking|Sludge Bomb|p2a: Arcanine
|-resisted|p2a: Arcanine
|-damage|p2a: Arcanine|58/100
|-status|p2a: Arcanine|psn
|
|-weather|SunnyDay|[upkeep]
|-damage|p2a: Arcanine|45/100 psn|[from] psn
|upkeep
|turn|14
|
|t:|1758356381
|switch|p1a: Corviknight|Corviknight, F|100/100
|-ability|p1a: Corviknight|Pressure
|move|p2a: Arcanine|Flare Blitz|p1a: Corviknight
|-supereffective|p1a: Corviknight
|-damage|p1a: Corviknight|0 fnt
|faint|p1a: Corviknight
|
|-weather|SunnyDay|[upkeep]
|-damage|p2a: Arcanine|33/100 psn|[from] psn
|upkeep
|
|t:|1758356394
|switch|p1a: Zamazenta|Zamazenta|100/100
|turn|15
|
|t:|1758356398
|move|p2a: Arcanine|Flare Blitz|p1a: Zamazenta
|-damage|p1a: Zamazenta|38/100
|move|p1a: Zamazenta|Iron Defense|p1a: Zamazenta
|-boost|p1a: Zamazenta|def|2
|
|-weather|SunnyDay|[upkeep]
|-heal|p1a: Zamazenta|44/100|[from] item: Leftovers
|-damage|p2a: Arcanine|20/100 psn|[from] psn
|upkeep
|turn|16
|
|t:|1758356407
|move|p2a: Arcanine|Flare Blitz|p1a: Zamazenta
|-damage|p1a: Zamazenta|13/100
|move|p1a: Zamazenta|Body Press|p2a: Arcanine
|-supereffective|p2a: Arcanine
|-damage|p2a: Arcanine|0 fnt
|faint|p2a: Arcanine
|
|-weather|none
|-heal|p1a: Zamazenta|19/100|[from] item: Leftovers
|upkeep
|
|t:|1758356424
|switch|p2a: Great Tusk|Great Tusk|100/100
|turn|17
|
|t:|1758356433
|move|p1a: Zamazenta|Body Press|p2a: Great Tusk
|-damage|p2a: Great Tusk|61/100
|move|p2a: Great Tusk|Bulk Up|p2a: Great Tusk
|-boost|p2a: Great Tusk|atk|1
|-boost|p2a: Great Tusk|def|1
|
|-heal|p1a: Zamazenta|25/100|[from] item: Leftovers
|upkeep
|turn|18
|
|t:|1758356442
|move|p1a: Zamazenta|Body Press|p2a: Great Tusk
|-damage|p2a: Great Tusk|33/100
|move|p2a: Great Tusk|Rapid Spin|p1a: Zamazenta
|-damage|p1a: Zamazenta|17/100
|-boost|p2a: Great Tusk|spe|1
|
|-heal|p1a: Zamazenta|23/100|[from] item: Leftovers
|upkeep
|turn|19
|
|t:|1758356451
|move|p2a: Great Tusk|Headlong Rush|p1a: Zamazenta
|-damage|p1a: Zamazenta|0 fnt
|-unboost|p2a: Great Tusk|def|1
|-unboost|p2a: Great Tusk|spd|1
|faint|p1a: Zamazenta
|
|upkeep
|
|t:|1758356459
|switch|p1a: Kyurem|Kyurem|100/100
|-ability|p1a: Kyurem|Pressure
|turn|20
|
|t:|1758356464
|move|p2a: Great Tusk|Headlong Rush|p1a: Kyurem
|-damage|p1a: Kyurem|21/100
|-unboost|p2a: Great Tusk|def|1
|-unboost|p2a: Great Tusk|spd|1
|move|p1a: Kyurem|Freeze-Dry|p2a: Great Tusk
|-supereffective|p2a: Great Tusk
|-damage|p2a: Great Tusk|0 fnt
|faint|p2a: Great Tusk
|-end|p2a: Great Tusk|Protosynthesis|[silent]
|
|upkeep
|
|t:|1758356477
|switch|p2a: Lilligant|Lilligant-Hisui, F|100/100
|turn|21
|
|t:|1758356485
|move|p1a: Kyurem|Freeze-Dry|p2a: Lilligant
|-supereffective|p2a: Lilligant
|-damage|p2a: Lilligant|0 fnt
|faint|p2a: Lilligant
|
|upkeep
|-message|LaughingCamelzz forfeited.
|
|win|REX_1A91S
|raw|REX_1A91S's rating: 1485 &rarr; <strong>1505</strong><br />(+20 for winning)
|raw|LaughingCamelzz's rating: 1491 &rarr; <strong>1471</strong><br />(-20 for losing)
|l|☆LaughingCamelzz
|player|p2|
