|j|☆Rj yoip
|j|☆ufoz
|t:|1758328289
|gametype|singles
|player|p1|Rj yoip|caitlin-masters|1775
|player|p2|ufoz|lucas|1742
|gen|9
|tier|[Gen 9] OU
|rated|
|rule|HP Percentage Mod: HP is shown in percentages
|rule|Endless Battle Clause: Forcing endless battles is banned
|rule|Species Clause: Limit one of each Pokémon
|rule|OHKO Clause: OHKO moves are banned
|rule|Evasion Items Clause: Evasion items are banned
|rule|Evasion Moves Clause: Evasion moves are banned
|rule|Evasion Abilities Clause: Evasion abilities are banned
|rule|Sleep Moves Clause: Sleep-inducing moves are banned
|clearpoke
|poke|p1|Zapdos-Galar|
|poke|p1|Darkrai|
|poke|p1|Clefable, M|
|poke|p1|Gliscor, F|
|poke|p1|Dragapult, M|
|poke|p1|Kingambit, M|
|poke|p2|Skarmory, M|
|poke|p2|Ting-Lu|
|poke|p2|Zamazenta-*|
|poke|p2|Pecharunt|
|poke|p2|Clefable, M|
|poke|p2|Walking Wake|
|teampreview
|
|t:|1758328311
|teamsize|p1|6
|teamsize|p2|6
|start
|switch|p1a: Darkrai|Darkrai|100/100
|switch|p2a: Clefable|Clefable, M|100/100
|turn|1
|inactive|Battle timer is ON: inactive players will automatically lose when time's up. (requested by Rj yoip)
|
|t:|1758328338
|switch|p2a: Ting-Lu|Ting-Lu|100/100
|-ability|p2a: Ting-Lu|Vessel of Ruin
|move|p1a: Darkrai|Sludge Bomb|p2a: Ting-Lu
|-resisted|p2a: Ting-Lu
|-damage|p2a: Ting-Lu|94/100
|
|-heal|p2a: Ting-Lu|100/100|[from] item: Leftovers
|upkeep
|turn|2
|j| FaronAan
|
|t:|1758328348
|move|p1a: Darkrai|Will-O-Wisp|p2a: Ting-Lu
|-status|p2a: Ting-Lu|brn
|move|p2a: Ting-Lu|Stealth Rock|p1a: Darkrai
|-sidestart|p1: Rj yoip|move: Stealth Rock
|
|-damage|p2a: Ting-Lu|94/100 brn|[from] brn
|upkeep
|turn|3
|
|t:|1758328354
|move|p1a: Darkrai|Focus Blast|p2a: Ting-Lu
|-supereffective|p2a: Ting-Lu
|-damage|p2a: Ting-Lu|60/100 brn
|move|p2a: Ting-Lu|Ruination|p1a: Darkrai
|-damage|p1a: Darkrai|51/100
|
|-heal|p2a: Ting-Lu|66/100 brn|[from] item: Leftovers
|-damage|p2a: Ting-Lu|60/100 brn|[from] brn
|upkeep
|turn|4
|
|t:|1758328363
|move|p1a: Darkrai|Focus Blast|p2a: Ting-Lu
|-supereffective|p2a: Ting-Lu
|-damage|p2a: Ting-Lu|27/100 brn
|move|p2a: Ting-Lu|Whirlwind|p1a: Darkrai
|drag|p1a: Gliscor|Gliscor, F|100/100
|-damage|p1a: Gliscor|88/100|[from] Stealth Rock
|
|-heal|p2a: Ting-Lu|33/100 brn|[from] item: Leftovers
|-damage|p2a: Ting-Lu|27/100 brn|[from] brn
|-status|p1a: Gliscor|tox|[from] item: Toxic Orb
|upkeep
|turn|5
|
|t:|1758328378
|switch|p2a: Skarmory|Skarmory, M|100/100
|move|p1a: Gliscor|Spikes|p2a: Skarmory
|-sidestart|p2: ufoz|Spikes
|
|-heal|p1a: Gliscor|100/100 tox|[from] ability: Poison Heal
|upkeep
|turn|6
|
|t:|1758328383
|move|p1a: Gliscor|Spikes|p2a: Skarmory
|-sidestart|p2: ufoz|Spikes
|move|p2a: Skarmory|Spikes|p1a: Gliscor
|-sidestart|p1: Rj yoip|Spikes
|
|upkeep
|turn|7
|
|t:|1758328387
|move|p1a: Gliscor|Spikes|p2a: Skarmory
|-sidestart|p2: ufoz|Spikes
|move|p2a: Skarmory|Whirlwind|p1a: Gliscor
|drag|p1a: Clefable|Clefable, M|100/100
|
|upkeep
|turn|8
|
|t:|1758328398
|switch|p2a: Ting-Lu|Ting-Lu|27/100 brn
|-damage|p2a: Ting-Lu|2/100 brn|[from] Spikes
|-ability|p2a: Ting-Lu|Vessel of Ruin
|move|p1a: Clefable|Knock Off|p2a: Ting-Lu
|-resisted|p2a: Ting-Lu
|-damage|p2a: Ting-Lu|0 fnt
|-enditem|p2a: Ting-Lu|Leftovers|[from] move: Knock Off|[of] p1a: Clefable
|faint|p2a: Ting-Lu
|
|upkeep
|
|t:|1758328402
|switch|p2a: Clefable|Clefable, M|100/100
|turn|9
|
|t:|1758328405
|switch|p1a: Gliscor|Gliscor, F|100/100 tox
|-damage|p1a: Gliscor|88/100 tox|[from] Stealth Rock
|move|p2a: Clefable|Knock Off|p1a: Gliscor
|-damage|p1a: Gliscor|75/100 tox
|-enditem|p1a: Gliscor|Toxic Orb|[from] move: Knock Off|[of] p2a: Clefable
|
|-heal|p1a: Gliscor|88/100 tox|[from] ability: Poison Heal
|upkeep
|turn|10
|
|t:|1758328408
|move|p1a: Gliscor|Earthquake|p2a: Clefable
|-damage|p2a: Clefable|74/100
|move|p2a: Clefable|Calm Mind|p2a: Clefable
|-boost|p2a: Clefable|spa|1
|-boost|p2a: Clefable|spd|1
|
|-heal|p2a: Clefable|80/100|[from] item: Leftovers
|-heal|p1a: Gliscor|100/100 tox|[from] ability: Poison Heal
|upkeep
|turn|11
|
|t:|1758328411
|switch|p1a: Kingambit|Kingambit, M|100/100
|-damage|p1a: Kingambit|94/100|[from] Stealth Rock
|-item|p1a: Kingambit|Air Balloon
|move|p2a: Clefable|Moonblast|p1a: Kingambit
|-crit|p1a: Kingambit
|-damage|p1a: Kingambit|17/100
|-enditem|p1a: Kingambit|Air Balloon
|
|-heal|p2a: Clefable|87/100|[from] item: Leftovers
|upkeep
|turn|12
|
|t:|1758328414
|switch|p2a: Skarmory|Skarmory, M|100/100
|move|p1a: Kingambit|Iron Head|p2a: Skarmory
|-resisted|p2a: Skarmory
|-damage|p2a: Skarmory|86/100
|-damage|p1a: Kingambit|0 fnt|[from] item: Rocky Helmet|[of] p2a: Skarmory
|faint|p1a: Kingambit
|-end|p1a: Kingambit|fallenundefined|[silent]
|
|upkeep
|
|t:|1758328417
|switch|p1a: Dragapult|Dragapult, M|100/100
|turn|13
|
|t:|1758328426
|switch|p2a: Clefable|Clefable, M|87/100
|move|p1a: Dragapult|Will-O-Wisp|p2a: Clefable
|-status|p2a: Clefable|brn
|
|-heal|p2a: Clefable|93/100 brn|[from] item: Leftovers
|upkeep
|turn|14
|
|t:|1758328435
|move|p1a: Dragapult|Hex|p2a: Clefable
|-damage|p2a: Clefable|50/100 brn
|move|p2a: Clefable|Moonblast|p1a: Dragapult
|-supereffective|p1a: Dragapult
|-damage|p1a: Dragapult|18/100
|-unboost|p1a: Dragapult|spa|1
|
|-heal|p2a: Clefable|56/100 brn|[from] item: Leftovers
|upkeep
|turn|15
|
|t:|1758328438
|move|p1a: Dragapult|U-turn|p2a: Clefable
|-resisted|p2a: Clefable
|-damage|p2a: Clefable|49/100 brn
|
|t:|1758328442
|switch|p1a: Darkrai|Darkrai|51/100|[from] U-turn
|move|p2a: Clefable|Moonlight|p2a: Clefable
|-heal|p2a: Clefable|99/100 brn
|
|-heal|p2a: Clefable|100/100 brn|[from] item: Leftovers
|upkeep
|turn|16
|
|t:|1758328449
|switch|p2a: Zamazenta|Zamazenta|100/100
|-ability|p2a: Zamazenta|Dauntless Shield|boost
|-boost|p2a: Zamazenta|def|1
|move|p1a: Darkrai|Sludge Bomb|p2a: Zamazenta
|-damage|p2a: Zamazenta|73/100
|
|upkeep
|turn|17
|
|t:|1758328459
|switch|p1a: Dragapult|Dragapult, M|18/100
|move|p2a: Zamazenta|Heavy Slam|p1a: Dragapult
|-damage|p1a: Dragapult|0 fnt
|faint|p1a: Dragapult
|
|upkeep
|
|t:|1758328462
|switch|p1a: Clefable|Clefable, M|100/100
|turn|18
|
|t:|1758328483
|-terastallize|p2a: Zamazenta|Steel
|move|p2a: Zamazenta|Heavy Slam|p1a: Clefable
|-supereffective|p1a: Clefable
|-damage|p1a: Clefable|14/100
|move|p1a: Clefable|Moonblast|p2a: Zamazenta
|-resisted|p2a: Zamazenta
|-damage|p2a: Zamazenta|59/100
|-unboost|p2a: Zamazenta|spa|1
|
|upkeep
|turn|19
|
|t:|1758328501
|move|p2a: Zamazenta|Heavy Slam|p1a: Clefable
|-supereffective|p1a: Clefable
|-damage|p1a: Clefable|0 fnt
|faint|p1a: Clefable
|
|upkeep
|
|t:|1758328503
|switch|p1a: Gliscor|Gliscor, F|100/100 tox
|-damage|p1a: Gliscor|88/100 tox|[from] Stealth Rock
|turn|20
|
|t:|1758328511
|switch|p2a: Skarmory|Skarmory, M|86/100
|switch|p1a: Zapdos|Zapdos-Galar|100/100
|-damage|p1a: Zapdos|88/100|[from] Stealth Rock
|
|upkeep
|turn|21
|
|t:|1758328516
|move|p1a: Zapdos|Thunderous Kick|p2a: Skarmory
|-damage|p2a: Skarmory|57/100
|-unboost|p2a: Skarmory|def|1
|move|p2a: Skarmory|Brave Bird|p1a: Zapdos
|-supereffective|p1a: Zapdos
|-damage|p1a: Zapdos|8/100
|-damage|p2a: Skarmory|31/100|[from] Recoil
|
|upkeep
|turn|22
|
|t:|1758328520
|move|p1a: Zapdos|Thunderous Kick|p2a: Skarmory
|-damage|p2a: Skarmory|0 fnt
|faint|p2a: Skarmory
|
|upkeep
|
|t:|1758328523
|switch|p2a: Pecharunt|Pecharunt|100/100
|turn|23
|
|t:|1758328526
|move|p1a: Zapdos|Knock Off|p2a: Pecharunt
|-supereffective|p2a: Pecharunt
|-damage|p2a: Pecharunt|70/100
|-enditem|p2a: Pecharunt|Heavy-Duty Boots|[from] move: Knock Off|[of] p1a: Zapdos
|move|p2a: Pecharunt|Shadow Ball|p1a: Zapdos
|-damage|p1a: Zapdos|0 fnt
|faint|p1a: Zapdos
|
|upkeep
|
|t:|1758328529
|switch|p1a: Darkrai|Darkrai|51/100
|turn|24
|
|t:|1758328534
|move|p1a: Darkrai|Dark Pulse|p2a: Pecharunt
|-supereffective|p2a: Pecharunt
|-damage|p2a: Pecharunt|0 fnt
|faint|p2a: Pecharunt
|
|upkeep
|
|t:|1758328536
|switch|p2a: Zamazenta|Zamazenta, tera:Steel|59/100
|turn|25
|
|t:|1758328539
|switch|p1a: Gliscor|Gliscor, F|88/100 tox
|-damage|p1a: Gliscor|75/100 tox|[from] Stealth Rock
|move|p2a: Zamazenta|Heavy Slam|p1a: Gliscor
|-damage|p1a: Gliscor|34/100 tox
|
|-heal|p1a: Gliscor|46/100 tox|[from] ability: Poison Heal
|upkeep
|turn|26
|
|t:|1758328543
|move|p2a: Zamazenta|Heavy Slam|p1a: Gliscor
|-damage|p1a: Gliscor|9/100 tox
|move|p1a: Gliscor|Earthquake|p2a: Zamazenta
|-supereffective|p2a: Zamazenta
|-damage|p2a: Zamazenta|5/100
|
|-heal|p1a: Gliscor|21/100 tox|[from] ability: Poison Heal
|upkeep
|turn|27
|
|t:|1758328547
|move|p1a: Gliscor|Protect|p1a: Gliscor
|-singleturn|p1a: Gliscor|Protect
|move|p2a: Zamazenta|Heavy Slam|p1a: Gliscor
|-activate|p1a: Gliscor|move: Protect
|
|-heal|p1a: Gliscor|34/100 tox|[from] ability: Poison Heal
|upkeep
|turn|28
|
|t:|1758328551
|-terastallize|p1a: Gliscor|Water
|move|p2a: Zamazenta|Heavy Slam|p1a: Gliscor
|-resisted|p1a: Gliscor
|-damage|p1a: Gliscor|14/100 tox
|move|p1a: Gliscor|Earthquake|p2a: Zamazenta
|-supereffective|p2a: Zamazenta
|-damage|p2a: Zamazenta|0 fnt
|faint|p2a: Zamazenta
|
|-heal|p1a: Gliscor|27/100 tox|[from] ability: Poison Heal
|upkeep
|
|t:|1758328559
|switch|p2a: Walking Wake|Walking Wake|100/100
|turn|29
|
|t:|1758328561
|move|p1a: Gliscor|Protect|p1a: Gliscor
|-singleturn|p1a: Gliscor|Protect
|move|p2a: Walking Wake|Draco Meteor|p1a: Gliscor
|-activate|p1a: Gliscor|move: Protect
|
|-heal|p1a: Gliscor|39/100 tox|[from] ability: Poison Heal
|upkeep
|turn|30
|
|t:|1758328563
|move|p2a: Walking Wake|Draco Meteor|p1a: Gliscor
|-damage|p1a: Gliscor|0 fnt
|-unboost|p2a: Walking Wake|spa|2
|faint|p1a: Gliscor
|
|upkeep
|
|t:|1758328565
|switch|p1a: Darkrai|Darkrai|51/100
|turn|31
|
|t:|1758328569
|-end|p2a: Walking Wake|Protosynthesis|[silent]
|switch|p2a: Clefable|Clefable, M|100/100 brn
|move|p1a: Darkrai|Sludge Bomb|p2a: Clefable
|-supereffective|p2a: Clefable
|-damage|p2a: Clefable|44/100 brn
|
|-heal|p2a: Clefable|50/100 brn|[from] item: Leftovers
|upkeep
|turn|32
|
|t:|1758328571
|move|p1a: Darkrai|Sludge Bomb|p2a: Clefable
|-supereffective|p2a: Clefable
|-damage|p2a: Clefable|0 fnt
|faint|p2a: Clefable
|
|upkeep
|
|t:|1758328573
|switch|p2a: Walking Wake|Walking Wake|100/100
|turn|33
|
|t:|1758328575
|move|p1a: Darkrai|Dark Pulse|p2a: Walking Wake
|-damage|p2a: Walking Wake|54/100
|move|p2a: Walking Wake|Surf|p1a: Darkrai
|-damage|p1a: Darkrai|0 fnt
|faint|p1a: Darkrai
|
|win|ufoz
|raw|Rj yoip's rating: 1775 &rarr; <strong>1753</strong><br />(-22 for losing)
|raw|ufoz's rating: 1742 &rarr; <strong>1764</strong><br />(+22 for winning)
|l|☆ufoz
|player|p2|
|l|☆Rj yoip
|player|p1|
|l| FaronAan
