|j|☆Reginald Chaos
|j|☆Swag_SerotoninYT
|t:|1758287563
|gametype|singles
|player|p1|Reginald Chaos|dawn|1126
|player|p2|Swag_SerotoninYT|harlequin|1119
|gen|9
|tier|[Gen 9] OU
|rated|
|rule|HP Percentage Mod: HP is shown in percentages
|rule|Endless Battle Clause: Forcing endless battles is banned
|rule|Species Clause: Limit one of each Pokémon
|rule|OHKO Clause: OHKO moves are banned
|rule|Evasion Items Clause: Evasion items are banned
|rule|Evasion Moves Clause: Evasion moves are banned
|rule|Evasion Abilities Clause: Evasion abilities are banned
|rule|Sleep Moves Clause: Sleep-inducing moves are banned
|clearpoke
|poke|p1|Pelipper, F|
|poke|p1|Beartic, M|
|poke|p1|Barraskewda, M|
|poke|p1|Ogerpon-Wellspring, F|
|poke|p1|Zapdos|
|poke|p1|Hatterene, F|
|poke|p2|Gastrodon, M|
|poke|p2|Masquerain, F|
|poke|p2|Stantler, M|
|poke|p2|Chandelure, M|
|poke|p2|Empoleon, F|
|poke|p2|Grimmsnarl, M|
|teampreview
|inactive|Battle timer is ON: inactive players will automatically lose when time's up. (requested by Swag_SerotoninYT)
|
|t:|1758287590
|teamsize|p1|6
|teamsize|p2|6
|start
|switch|p1a: Pelipper|Pelipper, F|100/100
|switch|p2a: Masquerain|Masquerain, F|100/100
|-ability|p2a: Masquerain|Intimidate|boost
|-unboost|p1a: Pelipper|atk|1
|-weather|RainDance|[from] ability: Drizzle|[of] p1a: Pelipper
|turn|1
|
|t:|1758287594
|switch|p1a: Hatterene|Hatterene, F|100/100
|move|p2a: Masquerain|Stun Spore|p1a: Hatterene
|move|p1a: Hatterene|Stun Spore|p2a: Masquerain|[from] ability: Magic Bounce|[miss]
|-miss|p1a: Hatterene|p2a: Masquerain
|
|-weather|RainDance|[upkeep]
|upkeep
|turn|2
|
|t:|1758287611
|switch|p2a: Empoleon|Empoleon, F|100/100
|move|p1a: Hatterene|Draining Kiss|p2a: Empoleon
|-resisted|p2a: Empoleon
|-damage|p2a: Empoleon|90/100
|
|-weather|RainDance|[upkeep]
|upkeep
|turn|3
|
|t:|1758287616
|switch|p1a: Zapdos|Zapdos|100/100
|move|p2a: Empoleon|Flash Cannon|p1a: Zapdos
|-resisted|p1a: Zapdos
|-damage|p1a: Zapdos|87/100
|
|-weather|RainDance|[upkeep]
|upkeep
|turn|4
|
|t:|1758287623
|switch|p2a: Gastrodon|Gastrodon, M|100/100
|move|p1a: Zapdos|Thunder|p2a: Gastrodon
|-immune|p2a: Gastrodon
|
|-weather|RainDance|[upkeep]
|upkeep
|turn|5
|
|t:|1758287630
|move|p1a: Zapdos|Hurricane|p2a: Gastrodon
|-damage|p2a: Gastrodon|56/100
|move|p2a: Gastrodon|Hydro Pump|p1a: Zapdos
|-damage|p1a: Zapdos|43/100
|
|-weather|RainDance|[upkeep]
|-heal|p2a: Gastrodon|62/100|[from] item: Leftovers
|upkeep
|turn|6
|
|t:|1758287637
|switch|p1a: Ogerpon|Ogerpon-Wellspring, F|100/100
|move|p2a: Gastrodon|Tera Blast|p1a: Ogerpon
|-damage|p1a: Ogerpon|79/100
|
|-weather|RainDance|[upkeep]
|-heal|p2a: Gastrodon|68/100|[from] item: Leftovers
|upkeep
|turn|7
|
|t:|1758287648
|move|p1a: Ogerpon|Power Whip|p2a: Gastrodon|[miss]
|-miss|p1a: Ogerpon|p2a: Gastrodon
|move|p2a: Gastrodon|Recover|p2a: Gastrodon
|-heal|p2a: Gastrodon|100/100
|
|-weather|RainDance|[upkeep]
|upkeep
|turn|8
|
|t:|1758287655
|switch|p2a: Stantler|Stantler, M|100/100
|move|p1a: Ogerpon|Ivy Cudgel|p2a: Stantler|[anim] Ivy Cudgel Water
|-damage|p2a: Stantler|16/100
|
|-weather|none
|upkeep
|turn|9
|
|t:|1758287663
|switch|p1a: Pelipper|Pelipper, F|100/100
|-weather|RainDance|[from] ability: Drizzle|[of] p1a: Pelipper
|move|p2a: Stantler|Rest|p2a: Stantler
|-status|p2a: Stantler|slp|[from] move: Rest
|-heal|p2a: Stantler|100/100 slp|[silent]
|
|-weather|RainDance|[upkeep]
|upkeep
|turn|10
|
|t:|1758287670
|cant|p2a: Stantler|slp
|move|p2a: Stantler|Sleep Talk|p2a: Stantler
|move|p2a: Stantler|Rest||[from] move: Sleep Talk|[still]
|-fail|p2a: Stantler
|move|p1a: Pelipper|U-turn|p2a: Stantler
|-damage|p2a: Stantler|91/100 slp
|
|t:|1758287683
|switch|p1a: Ogerpon|Ogerpon-Wellspring, F|79/100|[from] U-turn
|
|-weather|RainDance|[upkeep]
|upkeep
|turn|11
|
|t:|1758287690
|move|p1a: Ogerpon|Ivy Cudgel|p2a: Stantler|[anim] Ivy Cudgel Water
|-damage|p2a: Stantler|0 fnt
|faint|p2a: Stantler
|
|-weather|RainDance|[upkeep]
|upkeep
|
|t:|1758287697
|switch|p2a: Grimmsnarl|Grimmsnarl, M|100/100
|turn|12
|
|t:|1758287706
|move|p2a: Grimmsnarl|Parting Shot|p1a: Ogerpon
|-unboost|p1a: Ogerpon|atk|1
|-unboost|p1a: Ogerpon|spa|1
|
|t:|1758287709
|switch|p2a: Gastrodon|Gastrodon, M|100/100|[from] Parting Shot
|move|p1a: Ogerpon|Ivy Cudgel|p2a: Gastrodon|[anim] Ivy Cudgel Water
|-ability|p2a: Gastrodon|Storm Drain|boost
|-boost|p2a: Gastrodon|spa|1
|
|-weather|RainDance|[upkeep]
|upkeep
|turn|13
|
|t:|1758287718
|move|p1a: Ogerpon|Power Whip|p2a: Gastrodon|[miss]
|-miss|p1a: Ogerpon|p2a: Gastrodon
|move|p2a: Gastrodon|Ice Beam|p1a: Ogerpon
|-damage|p1a: Ogerpon|43/100
|
|-weather|RainDance|[upkeep]
|upkeep
|turn|14
|
|t:|1758287724
|-terastallize|p2a: Gastrodon|Fire
|move|p1a: Ogerpon|Power Whip|p2a: Gastrodon
|-resisted|p2a: Gastrodon
|-damage|p2a: Gastrodon|81/100
|move|p2a: Gastrodon|Ice Beam|p1a: Ogerpon
|-damage|p1a: Ogerpon|11/100
|
|-weather|RainDance|[upkeep]
|-heal|p2a: Gastrodon|87/100|[from] item: Leftovers
|upkeep
|turn|15
|
|t:|1758287737
|switch|p1a: Beartic|Beartic, M|100/100
|move|p2a: Gastrodon|Ice Beam|p1a: Beartic
|-resisted|p1a: Beartic
|-damage|p1a: Beartic|81/100
|
|-weather|RainDance|[upkeep]
|-heal|p2a: Gastrodon|93/100|[from] item: Leftovers
|upkeep
|turn|16
|
|t:|1758287742
|move|p1a: Beartic|Earthquake|p2a: Gastrodon
|-supereffective|p2a: Gastrodon
|-damage|p2a: Gastrodon|22/100
|move|p2a: Gastrodon|Hydro Pump|p1a: Beartic
|-damage|p1a: Beartic|0 fnt
|faint|p1a: Beartic
|
|-weather|none
|-heal|p2a: Gastrodon|28/100|[from] item: Leftovers
|upkeep
|
|t:|1758287752
|switch|p1a: Zapdos|Zapdos|43/100
|turn|17
|
|t:|1758287769
|move|p1a: Zapdos|Thunder|p2a: Gastrodon
|-damage|p2a: Gastrodon|0 fnt
|faint|p2a: Gastrodon
|
|upkeep
|
|t:|1758287776
|switch|p2a: Masquerain|Masquerain, F|100/100
|-ability|p2a: Masquerain|Intimidate|boost
|-unboost|p1a: Zapdos|atk|1
|turn|18
|
|t:|1758287780
|switch|p1a: Hatterene|Hatterene, F|100/100
|move|p2a: Masquerain|Ice Beam|p1a: Hatterene
|-damage|p1a: Hatterene|72/100
|-enditem|p1a: Hatterene|Eject Button
|
|t:|1758287787
|switch|p1a: Pelipper|Pelipper, F|100/100
|-weather|RainDance|[from] ability: Drizzle|[of] p1a: Pelipper
|
|-weather|RainDance|[upkeep]
|upkeep
|turn|19
|
|t:|1758287802
|switch|p2a: Empoleon|Empoleon, F|90/100
|switch|p1a: Hatterene|Hatterene, F|72/100
|
|-weather|RainDance|[upkeep]
|upkeep
|turn|20
|
|t:|1758287825
|move|p2a: Empoleon|Surf|p1a: Hatterene
|-damage|p1a: Hatterene|0 fnt
|faint|p1a: Hatterene
|
|-weather|RainDance|[upkeep]
|upkeep
|
|t:|1758287827
|switch|p1a: Zapdos|Zapdos|43/100
|turn|21
|
|t:|1758287831
|move|p1a: Zapdos|Volt Switch|p2a: Empoleon
|-supereffective|p2a: Empoleon
|-damage|p2a: Empoleon|25/100
|-enditem|p2a: Empoleon|Sitrus Berry|[eat]
|-heal|p2a: Empoleon|50/100|[from] item: Sitrus Berry
|
|t:|1758287839
|switch|p1a: Ogerpon|Ogerpon-Wellspring, F|11/100|[from] Volt Switch
|move|p2a: Empoleon|Surf|p1a: Ogerpon
|-heal|p1a: Ogerpon|36/100|[from] ability: Water Absorb|[of] p2a: Empoleon
|
|-weather|RainDance|[upkeep]
|upkeep
|turn|22
|
|t:|1758287844
|move|p1a: Ogerpon|Encore|p2a: Empoleon
|-start|p2a: Empoleon|Encore
|move|p2a: Empoleon|Surf|p1a: Ogerpon
|-heal|p1a: Ogerpon|61/100|[from] ability: Water Absorb|[of] p2a: Empoleon
|
|-weather|RainDance|[upkeep]
|upkeep
|turn|23
|
|t:|1758287850
|switch|p2a: Grimmsnarl|Grimmsnarl, M|100/100
|move|p1a: Ogerpon|Power Whip|p2a: Grimmsnarl
|-damage|p2a: Grimmsnarl|11/100
|
|-weather|RainDance|[upkeep]
|upkeep
|turn|24
|
|t:|1758287856
|move|p2a: Grimmsnarl|Thunder Wave|p1a: Ogerpon
|-status|p1a: Ogerpon|par
|move|p1a: Ogerpon|Ivy Cudgel|p2a: Grimmsnarl|[anim] Ivy Cudgel Water
|-crit|p2a: Grimmsnarl
|-damage|p2a: Grimmsnarl|0 fnt
|faint|p2a: Grimmsnarl
|
|-weather|RainDance|[upkeep]
|upkeep
|
|t:|1758287861
|switch|p2a: Masquerain|Masquerain, F|100/100
|-ability|p2a: Masquerain|Intimidate|boost
|-unboost|p1a: Ogerpon|atk|1
|turn|25
|
|t:|1758287874
|move|p2a: Masquerain|Bug Buzz|p1a: Ogerpon
|-supereffective|p1a: Ogerpon
|-damage|p1a: Ogerpon|0 fnt
|faint|p1a: Ogerpon
|
|-weather|none
|upkeep
|
|t:|1758287878
|switch|p1a: Pelipper|Pelipper, F|100/100
|-weather|RainDance|[from] ability: Drizzle|[of] p1a: Pelipper
|turn|26
|
|t:|1758287888
|switch|p2a: Empoleon|Empoleon, F|50/100
|move|p1a: Pelipper|Hurricane|p2a: Empoleon
|-resisted|p2a: Empoleon
|-damage|p2a: Empoleon|32/100
|
|-weather|RainDance|[upkeep]
|upkeep
|turn|27
|
|t:|1758287895
|move|p2a: Empoleon|Roost|p2a: Empoleon
|-heal|p2a: Empoleon|82/100
|-singleturn|p2a: Empoleon|move: Roost
|move|p1a: Pelipper|U-turn|p2a: Empoleon
|-resisted|p2a: Empoleon
|-damage|p2a: Empoleon|78/100
|
|t:|1758287897
|switch|p1a: Zapdos|Zapdos|43/100|[from] U-turn
|
|-weather|RainDance|[upkeep]
|upkeep
|turn|28
|
|t:|1758287909
|switch|p2a: Chandelure|Chandelure, M|100/100
|move|p1a: Zapdos|Thunder|p2a: Chandelure
|-damage|p2a: Chandelure|56/100
|
|-weather|RainDance|[upkeep]
|upkeep
|turn|29
|
|t:|1758287920
|switch|p1a: Pelipper|Pelipper, F|100/100
|move|p2a: Chandelure|Dark Pulse|p1a: Pelipper
|-crit|p1a: Pelipper
|-damage|p1a: Pelipper|37/100
|
|-weather|RainDance|[upkeep]
|upkeep
|turn|30
|
|t:|1758287928
|move|p2a: Chandelure|Energy Ball|p1a: Pelipper
|-damage|p1a: Pelipper|0 fnt
|faint|p1a: Pelipper
|
|-weather|RainDance|[upkeep]
|upkeep
|
|t:|1758287930
|switch|p1a: Barraskewda|Barraskewda, M|100/100
|turn|31
|
|t:|1758287950
|move|p1a: Barraskewda|Flip Turn|p2a: Chandelure
|-supereffective|p2a: Chandelure
|-damage|p2a: Chandelure|0 fnt
|faint|p2a: Chandelure
|
|t:|1758287952
|switch|p1a: Zapdos|Zapdos|43/100|[from] Flip Turn
|
|-weather|RainDance|[upkeep]
|upkeep
|
|t:|1758287954
|switch|p2a: Masquerain|Masquerain, F|100/100
|-ability|p2a: Masquerain|Intimidate|boost
|-unboost|p1a: Zapdos|atk|1
|turn|32
|
|t:|1758287957
|move|p1a: Zapdos|Thunder|p2a: Masquerain
|-supereffective|p2a: Masquerain
|-enditem|p2a: Masquerain|Focus Sash
|-damage|p2a: Masquerain|1/100
|move|p2a: Masquerain|Ice Beam|p1a: Zapdos
|-supereffective|p1a: Zapdos
|-damage|p1a: Zapdos|5/100
|-status|p1a: Zapdos|frz
|
|-weather|RainDance|[upkeep]
|upkeep
|turn|33
|c|☆Reginald Chaos|thats absurd
|-message|Reginald Chaos forfeited.
|
|win|Swag_SerotoninYT
|raw|Reginald Chaos's rating: 1126 &rarr; <strong>1100</strong><br />(-26 for losing)
|raw|Swag_SerotoninYT's rating: 1119 &rarr; <strong>1145</strong><br />(+26 for winning)
|l|☆Reginald Chaos
|player|p1|
|l|☆Swag_SerotoninYT
|player|p2|
