|j|☆Mtz swag
|j|☆Bible camp victm
|t:|1758298062
|gametype|singles
|player|p1|Mtz swag|cynthia-gen4|1083
|player|p2|Bible camp victm|265|1085
|gen|9
|tier|[Gen 9] OU
|rated|
|rule|HP Percentage Mod: HP is shown in percentages
|rule|Endless Battle Clause: Forcing endless battles is banned
|rule|Species Clause: Limit one of each Pokémon
|rule|OHKO Clause: OHKO moves are banned
|rule|Evasion Items Clause: Evasion items are banned
|rule|Evasion Moves Clause: Evasion moves are banned
|rule|Evasion Abilities Clause: Evasion abilities are banned
|rule|Sleep Moves Clause: Sleep-inducing moves are banned
|clearpoke
|poke|p1|Ceruledge, M|
|poke|p1|Dragapult, M|
|poke|p1|Grimmsnarl, M|
|poke|p1|Toxtricity, M|
|poke|p1|Corviknight, M|
|poke|p1|Landorus-Therian, M|
|poke|p2|Luxray, M|
|poke|p2|Metagross|
|poke|p2|Dragonite, F|
|poke|p2|Samurott-Hisui, F|
|poke|p2|Abomasnow, M|
|poke|p2|Ceruledge, M|
|teampreview
|inactive|Battle timer is ON: inactive players will automatically lose when time's up. (requested by Mtz swag)
|
|t:|1758298067
|teamsize|p1|6
|teamsize|p2|6
|start
|switch|p1a: Lil O|Grimmsnarl, M|100/100
|switch|p2a: Simo Koivunen|Abomasnow, M|100/100
|-weather|Snowscape|[from] ability: Snow Warning|[of] p2a: Simo Koivunen
|turn|1
|
|t:|1758298076
|move|p1a: Lil O|Reflect|p1a: Lil O
|-sidestart|p1: Mtz swag|Reflect
|move|p2a: Simo Koivunen|Blizzard|p1a: Lil O
|-damage|p1a: Lil O|53/100
|
|-weather|Snowscape|[upkeep]
|upkeep
|turn|2
|
|t:|1758298082
|move|p1a: Lil O|Parting Shot|p2a: Simo Koivunen
|-unboost|p2a: Simo Koivunen|atk|1
|-unboost|p2a: Simo Koivunen|spa|1
|
|t:|1758298087
|switch|p1a: Kokushibo|Ceruledge, M, shiny|100/100|[from] Parting Shot
|move|p2a: Simo Koivunen|Blizzard|p1a: Kokushibo
|-resisted|p1a: Kokushibo
|-damage|p1a: Kokushibo|89/100
|
|-weather|Snowscape|[upkeep]
|upkeep
|turn|3
|
|t:|1758298095
|switch|p2a: A homeless samurai|Samurott-Hisui, F|100/100
|move|p1a: Kokushibo|Bulk Up|p1a: Kokushibo
|-boost|p1a: Kokushibo|atk|1
|-boost|p1a: Kokushibo|def|1
|
|-weather|Snowscape|[upkeep]
|upkeep
|turn|4
|
|t:|1758298116
|move|p2a: A homeless samurai|Aqua Cutter|p1a: Kokushibo
|-supereffective|p1a: Kokushibo
|-damage|p1a: Kokushibo|54/100
|-enditem|p1a: Kokushibo|Weakness Policy
|-boost|p1a: Kokushibo|atk|2|[from] item: Weakness Policy
|-boost|p1a: Kokushibo|spa|2|[from] item: Weakness Policy
|move|p1a: Kokushibo|Close Combat|p2a: A homeless samurai
|-supereffective|p2a: A homeless samurai
|-damage|p2a: A homeless samurai|0 fnt
|-unboost|p1a: Kokushibo|def|1
|-unboost|p1a: Kokushibo|spd|1
|faint|p2a: A homeless samurai
|
|-weather|Snowscape|[upkeep]
|upkeep
|
|t:|1758298122
|switch|p2a: M4A3E2 Jumbo|Metagross|100/100
|turn|5
|
|t:|1758298131
|move|p1a: Kokushibo|Bitter Blade|p2a: M4A3E2 Jumbo
|-supereffective|p2a: M4A3E2 Jumbo
|-damage|p2a: M4A3E2 Jumbo|0 fnt
|-heal|p1a: Kokushibo|100/100|[from] drain|[of] p2a: M4A3E2 Jumbo
|faint|p2a: M4A3E2 Jumbo
|
|-weather|none
|upkeep
|
|t:|1758298138
|switch|p2a: P-80 Shooting Star|Dragonite, F|100/100
|turn|6
|
|t:|1758298143
|move|p2a: P-80 Shooting Star|Dragon Claw|p1a: Kokushibo
|-damage|p1a: Kokushibo|74/100
|move|p1a: Kokushibo|Bitter Blade|p2a: P-80 Shooting Star
|-resisted|p2a: P-80 Shooting Star
|-damage|p2a: P-80 Shooting Star|47/100
|-heal|p1a: Kokushibo|99/100|[from] drain|[of] p2a: P-80 Shooting Star
|-damage|p1a: Kokushibo|82/100|[from] item: Rocky Helmet|[of] p2a: P-80 Shooting Star
|
|upkeep
|turn|7
|
|t:|1758298153
|move|p2a: P-80 Shooting Star|Dragon Claw|p1a: Kokushibo
|-damage|p1a: Kokushibo|58/100
|move|p1a: Kokushibo|Bitter Blade|p2a: P-80 Shooting Star
|-resisted|p2a: P-80 Shooting Star
|-damage|p2a: P-80 Shooting Star|0 fnt
|-heal|p1a: Kokushibo|80/100|[from] drain|[of] p2a: P-80 Shooting Star
|-damage|p1a: Kokushibo|63/100|[from] item: Rocky Helmet|[of] p2a: P-80 Shooting Star
|faint|p2a: P-80 Shooting Star
|
|upkeep
|
|t:|1758298158
|switch|p2a: The many mistakes|Ceruledge, M|100/100
|turn|8
|
|t:|1758298170
|move|p1a: Kokushibo|Shadow Sneak|p2a: The many mistakes
|-supereffective|p2a: The many mistakes
|-damage|p2a: The many mistakes|0 fnt
|faint|p2a: The many mistakes
|
|-sideend|p1: Mtz swag|Reflect
|upkeep
|
|t:|1758298173
|switch|p2a: Simo Koivunen|Abomasnow, M|100/100
|-weather|Snowscape|[from] ability: Snow Warning|[of] p2a: Simo Koivunen
|turn|9
|
|t:|1758298179
|move|p1a: Kokushibo|Bitter Blade|p2a: Simo Koivunen
|-supereffective|p2a: Simo Koivunen
|-damage|p2a: Simo Koivunen|0 fnt
|-heal|p1a: Kokushibo|100/100|[from] drain|[of] p2a: Simo Koivunen
|faint|p2a: Simo Koivunen
|
|-weather|Snowscape|[upkeep]
|upkeep
|
|t:|1758298182
|switch|p2a: Kibby :3|Luxray, M, shiny|100/100
|-item|p2a: Kibby :3|Air Balloon
|turn|10
|
|t:|1758298190
|move|p1a: Kokushibo|Bitter Blade|p2a: Kibby :3
|-damage|p2a: Kibby :3|0 fnt
|-enditem|p2a: Kibby :3|Air Balloon
|faint|p2a: Kibby :3
|
|win|Mtz swag
|raw|Mtz swag's rating: 1083 &rarr; <strong>1111</strong><br />(+28 for winning)
|raw|Bible camp victm's rating: 1085 &rarr; <strong>1062</strong><br />(-23 for losing)
|l|☆Bible camp victm
|player|p2|
|l|☆Mtz swag
|player|p1|
