|j|☆sly_skip
|j|☆Trevoro
|t:|1758342191
|gametype|singles
|player|p1|sly_skip|265|1555
|player|p2|Trevoro|iono|1650
|gen|9
|tier|[Gen 9] OU
|rated|
|rule|HP Percentage Mod: HP is shown in percentages
|rule|Endless Battle Clause: Forcing endless battles is banned
|rule|Species Clause: Limit one of each Pokémon
|rule|OHKO Clause: OHKO moves are banned
|rule|Evasion Items Clause: Evasion items are banned
|rule|Evasion Moves Clause: Evasion moves are banned
|rule|Evasion Abilities Clause: Evasion abilities are banned
|rule|Sleep Moves Clause: Sleep-inducing moves are banned
|clearpoke
|poke|p1|Great Tusk|
|poke|p1|Darkrai|
|poke|p1|Garganacl, F|
|poke|p1|Kyurem|
|poke|p1|Zamazenta-*|
|poke|p1|Slowking-Galar, M|
|poke|p2|Tyranitar, M|
|poke|p2|Excadrill, M|
|poke|p2|Keldeo-Resolute|
|poke|p2|Tornadus-Therian, M|
|poke|p2|Heatran, F|
|poke|p2|Hydrapple, M|
|teampreview
|inactive|Battle timer is ON: inactive players will automatically lose when time's up. (requested by sly_skip)
|
|t:|1758342201
|teamsize|p1|6
|teamsize|p2|6
|start
|switch|p1a: Great Tusk|Great Tusk|100/100
|switch|p2a: Tornadus|Tornadus-Therian, M|100/100
|turn|1
|
|t:|1758342225
|-end|p1a: Great Tusk|Protosynthesis|[silent]
|switch|p1a: Garganacl|Garganacl, F|100/100
|move|p2a: Tornadus|Bleakwind Storm|p1a: Garganacl
|-resisted|p1a: Garganacl
|-damage|p1a: Garganacl|88/100
|
|-heal|p1a: Garganacl|94/100|[from] item: Leftovers
|upkeep
|turn|2
|
|t:|1758342232
|move|p2a: Tornadus|Taunt|p1a: Garganacl
|-start|p1a: Garganacl|move: Taunt
|move|p1a: Garganacl|Salt Cure|p2a: Tornadus
|-supereffective|p2a: Tornadus
|-damage|p2a: Tornadus|68/100
|-start|p2a: Tornadus|Salt Cure
|
|-heal|p1a: Garganacl|99/100|[from] item: Leftovers
|-damage|p2a: Tornadus|56/100|[from] Salt Cure
|upkeep
|turn|3
|
|t:|1758342236
|switch|p1a: Slowking|Slowking-Galar, M|100/100
|move|p2a: Tornadus|U-turn|p1a: Slowking
|-damage|p1a: Slowking|86/100
|
|t:|1758342238
|switch|p2a: Tyranitar|Tyranitar, M|100/100|[from] U-turn
|-weather|Sandstorm|[from] ability: Sand Stream|[of] p2a: Tyranitar
|
|-weather|Sandstorm|[upkeep]
|-damage|p1a: Slowking|80/100|[from] Sandstorm
|upkeep
|turn|4
|
|t:|1758342261
|switch|p1a: Great Tusk|Great Tusk|100/100
|move|p2a: Tyranitar|Knock Off|p1a: Great Tusk
|-resisted|p1a: Great Tusk
|-damage|p1a: Great Tusk|70/100
|-enditem|p1a: Great Tusk|Heavy-Duty Boots|[from] move: Knock Off|[of] p2a: Tyranitar
|
|-weather|Sandstorm|[upkeep]
|upkeep
|turn|5
|
|t:|1758342273
|switch|p2a: Hydrapple|Hydrapple, M|100/100
|move|p1a: Great Tusk|Earthquake|p2a: Hydrapple
|-resisted|p2a: Hydrapple
|-damage|p2a: Hydrapple|86/100
|
|-weather|Sandstorm|[upkeep]
|-damage|p2a: Hydrapple|80/100|[from] Sandstorm
|upkeep
|turn|6
|
|t:|1758342277
|-end|p1a: Great Tusk|Protosynthesis|[silent]
|switch|p1a: Slowking|Slowking-Galar, M|100/100
|move|p2a: Hydrapple|Giga Drain|p1a: Slowking
|-resisted|p1a: Slowking
|-damage|p1a: Slowking|91/100
|-heal|p2a: Hydrapple|85/100|[from] drain|[of] p1a: Slowking
|
|-weather|Sandstorm|[upkeep]
|-damage|p2a: Hydrapple|79/100|[from] Sandstorm
|-damage|p1a: Slowking|85/100|[from] Sandstorm
|upkeep
|turn|7
|
|t:|1758342281
|switch|p2a: Heatran|Heatran, F|100/100
|-prepare|p1a: Slowking|Chilly Reception|[premajor]
|move|p1a: Slowking|Chilly Reception|p1a: Slowking
|-weather|Snowscape
|
|t:|1758342297
|switch|p1a: Garganacl|Garganacl, F|99/100|[from] Chilly Reception
|
|-weather|Snowscape|[upkeep]
|-heal|p1a: Garganacl|100/100|[from] item: Leftovers
|upkeep
|turn|8
|
|t:|1758342310
|switch|p2a: Keldeo|Keldeo-Resolute|100/100
|move|p1a: Garganacl|Salt Cure|p2a: Keldeo
|-resisted|p2a: Keldeo
|-damage|p2a: Keldeo|93/100
|-start|p2a: Keldeo|Salt Cure
|
|-weather|Snowscape|[upkeep]
|-damage|p2a: Keldeo|68/100|[from] Salt Cure
|upkeep
|turn|9
|
|t:|1758342333
|switch|p1a: Slowking|Slowking-Galar, M|100/100
|move|p2a: Keldeo|Flip Turn|p1a: Slowking
|-damage|p1a: Slowking|85/100
|
|t:|1758342341
|switch|p2a: Heatran|Heatran, F|100/100|[from] Flip Turn
|
|-weather|Snowscape|[upkeep]
|upkeep
|turn|10
|inactive|sly_skip has 120 seconds left.
|
|t:|1758342379
|switch|p1a: Garganacl|Garganacl, F|100/100
|move|p2a: Heatran|Taunt|p1a: Garganacl
|-start|p1a: Garganacl|move: Taunt
|
|-weather|Snowscape|[upkeep]
|upkeep
|turn|11
|
|t:|1758342389
|switch|p2a: Hydrapple|Hydrapple, M|100/100
|move|p1a: Garganacl|Salt Cure|p2a: Hydrapple
|-damage|p2a: Hydrapple|93/100
|-start|p2a: Hydrapple|Salt Cure
|
|-weather|none
|-damage|p2a: Hydrapple|81/100|[from] Salt Cure
|upkeep
|turn|12
|inactive|sly_skip has 120 seconds left.
|
|t:|1758342417
|switch|p2a: Tyranitar|Tyranitar, M|100/100
|-weather|Sandstorm|[from] ability: Sand Stream|[of] p2a: Tyranitar
|switch|p1a: Slowking|Slowking-Galar, M|100/100
|
|-weather|Sandstorm|[upkeep]
|-damage|p1a: Slowking|94/100|[from] Sandstorm
|upkeep
|turn|13
|
|t:|1758342423
|switch|p1a: Great Tusk|Great Tusk|70/100
|move|p2a: Tyranitar|Ice Punch|p1a: Great Tusk
|-supereffective|p1a: Great Tusk
|-damage|p1a: Great Tusk|6/100
|
|-weather|Sandstorm|[upkeep]
|upkeep
|turn|14
|
|t:|1758342430
|switch|p2a: Hydrapple|Hydrapple, M|100/100
|move|p1a: Great Tusk|Ice Spinner|p2a: Hydrapple
|-supereffective|p2a: Hydrapple
|-damage|p2a: Hydrapple|35/100
|-damage|p1a: Great Tusk|0 fnt|[from] item: Rocky Helmet|[of] p2a: Hydrapple
|faint|p1a: Great Tusk
|-end|p1a: Great Tusk|Protosynthesis|[silent]
|
|-weather|Sandstorm|[upkeep]
|-damage|p2a: Hydrapple|29/100|[from] Sandstorm
|upkeep
|
|t:|1758342438
|switch|p1a: Darkrai|Darkrai|100/100
|turn|15
|
|t:|1758342448
|switch|p2a: Heatran|Heatran, F|100/100
|move|p1a: Darkrai|Dark Pulse|p2a: Heatran
|-damage|p2a: Heatran|73/100
|
|-weather|Sandstorm|[upkeep]
|-damage|p1a: Darkrai|94/100|[from] Sandstorm
|-heal|p2a: Heatran|79/100|[from] item: Leftovers
|upkeep
|turn|16
|inactive|sly_skip has 120 seconds left.
|
|t:|1758342469
|move|p1a: Darkrai|Focus Blast|p2a: Heatran
|-supereffective|p2a: Heatran
|-damage|p2a: Heatran|23/100
|move|p2a: Heatran|Magma Storm|p1a: Darkrai
|-damage|p1a: Darkrai|36/100
|-activate|p1a: Darkrai|move: Magma Storm|[of] p2a: Heatran
|
|-weather|none
|-heal|p2a: Heatran|30/100|[from] item: Leftovers
|-damage|p1a: Darkrai|23/100|[from] move: Magma Storm|[partiallytrapped]
|upkeep
|turn|17
|
|t:|1758342478
|move|p1a: Darkrai|Knock Off|p2a: Heatran
|-damage|p2a: Heatran|2/100
|-enditem|p2a: Heatran|Leftovers|[from] move: Knock Off|[of] p1a: Darkrai
|move|p2a: Heatran|Stealth Rock|p1a: Darkrai
|-sidestart|p1: sly_skip|move: Stealth Rock
|
|-damage|p1a: Darkrai|11/100|[from] move: Magma Storm|[partiallytrapped]
|upkeep
|turn|18
|
|t:|1758342484
|move|p1a: Darkrai|Dark Pulse|p2a: Heatran
|-damage|p2a: Heatran|0 fnt
|faint|p2a: Heatran
|
|-end|p1a: Darkrai|Magma Storm|[partiallytrapped]|[silent]
|upkeep
|
|t:|1758342487
|switch|p2a: Keldeo|Keldeo-Resolute|68/100
|turn|19
|
|t:|1758342494
|switch|p1a: Slowking|Slowking-Galar, M|100/100
|-terastallize|p2a: Keldeo|Water
|move|p2a: Keldeo|Surf|p1a: Slowking
|-damage|p1a: Slowking|48/100
|
|upkeep
|turn|20
|
|t:|1758342512
|-terastallize|p1a: Slowking|Water
|move|p2a: Keldeo|Surf|p1a: Slowking
|-resisted|p1a: Slowking
|-damage|p1a: Slowking|19/100
|-prepare|p1a: Slowking|Chilly Reception|[premajor]
|move|p1a: Slowking|Chilly Reception|p1a: Slowking
|-weather|Snowscape
|
|t:|1758342516
|switch|p1a: Kyurem|Kyurem|100/100|[from] Chilly Reception
|-ability|p1a: Kyurem|Pressure
|
|-weather|Snowscape|[upkeep]
|upkeep
|turn|21
|
|t:|1758342527
|switch|p2a: Tyranitar|Tyranitar, M|100/100
|-weather|Sandstorm|[from] ability: Sand Stream|[of] p2a: Tyranitar
|move|p1a: Kyurem|Earth Power|p2a: Tyranitar
|-supereffective|p2a: Tyranitar
|-damage|p2a: Tyranitar|63/100
|
|-weather|Sandstorm|[upkeep]
|-damage|p1a: Kyurem|94/100|[from] Sandstorm
|upkeep
|turn|22
|
|t:|1758342538
|move|p1a: Kyurem|Earth Power|p2a: Tyranitar
|-supereffective|p2a: Tyranitar
|-damage|p2a: Tyranitar|24/100
|move|p2a: Tyranitar|Low Kick|p1a: Kyurem
|-supereffective|p1a: Kyurem
|-damage|p1a: Kyurem|0 fnt
|faint|p1a: Kyurem
|
|-weather|Sandstorm|[upkeep]
|upkeep
|
|t:|1758342546
|switch|p1a: Zamazenta|Zamazenta|100/100
|-damage|p1a: Zamazenta|95/100|[from] Stealth Rock
|-ability|p1a: Zamazenta|Dauntless Shield|boost
|-boost|p1a: Zamazenta|def|1
|turn|23
|
|t:|1758342553
|move|p1a: Zamazenta|Iron Defense|p1a: Zamazenta
|-boost|p1a: Zamazenta|def|2
|move|p2a: Tyranitar|Low Kick|p1a: Zamazenta
|-damage|p1a: Zamazenta|73/100
|
|-weather|Sandstorm|[upkeep]
|-damage|p1a: Zamazenta|67/100|[from] Sandstorm
|-heal|p1a: Zamazenta|73/100|[from] item: Leftovers
|upkeep
|turn|24
|
|t:|1758342559
|move|p1a: Zamazenta|Body Press|p2a: Tyranitar
|-supereffective|p2a: Tyranitar
|-damage|p2a: Tyranitar|0 fnt
|faint|p2a: Tyranitar
|
|-weather|Sandstorm|[upkeep]
|-damage|p1a: Zamazenta|67/100|[from] Sandstorm
|-heal|p1a: Zamazenta|73/100|[from] item: Leftovers
|upkeep
|
|t:|1758342561
|switch|p2a: Hydrapple|Hydrapple, M|62/100
|turn|25
|
|t:|1758342570
|move|p1a: Zamazenta|Body Press|p2a: Hydrapple
|-damage|p2a: Hydrapple|9/100
|-damage|p1a: Zamazenta|57/100|[from] item: Rocky Helmet|[of] p2a: Hydrapple
|move|p2a: Hydrapple|Fickle Beam|p1a: Zamazenta
|-damage|p1a: Zamazenta|29/100
|
|-weather|none
|-heal|p1a: Zamazenta|35/100|[from] item: Leftovers
|upkeep
|turn|26
|
|t:|1758342576
|move|p1a: Zamazenta|Body Press|p2a: Hydrapple
|-damage|p2a: Hydrapple|0 fnt
|-damage|p1a: Zamazenta|19/100|[from] item: Rocky Helmet|[of] p2a: Hydrapple
|faint|p2a: Hydrapple
|
|-heal|p1a: Zamazenta|25/100|[from] item: Leftovers
|upkeep
|
|t:|1758342580
|switch|p2a: Keldeo|Keldeo-Resolute, tera:Water|68/100
|turn|27
|
|t:|1758342588
|move|p2a: Keldeo|Vacuum Wave|p1a: Zamazenta
|-damage|p1a: Zamazenta|0 fnt
|faint|p1a: Zamazenta
|
|upkeep
|
|t:|1758342591
|switch|p1a: Slowking|Slowking-Galar, M, tera:Water|53/100
|turn|28
|
|t:|1758342596
|switch|p2a: Tornadus|Tornadus-Therian, M|89/100
|-prepare|p1a: Slowking|Chilly Reception|[premajor]
|move|p1a: Slowking|Chilly Reception|p1a: Slowking
|-weather|Snowscape
|
|t:|1758342599
|switch|p1a: Garganacl|Garganacl, F|100/100|[from] Chilly Reception
|-damage|p1a: Garganacl|88/100|[from] Stealth Rock
|
|-weather|Snowscape|[upkeep]
|-heal|p1a: Garganacl|94/100|[from] item: Leftovers
|upkeep
|turn|29
|
|t:|1758342607
|move|p2a: Tornadus|Bleakwind Storm|p1a: Garganacl
|-resisted|p1a: Garganacl
|-damage|p1a: Garganacl|80/100
|move|p1a: Garganacl|Salt Cure|p2a: Tornadus
|-supereffective|p2a: Tornadus
|-damage|p2a: Tornadus|59/100
|-start|p2a: Tornadus|Salt Cure
|
|-weather|Snowscape|[upkeep]
|-heal|p1a: Garganacl|86/100|[from] item: Leftovers
|-damage|p2a: Tornadus|47/100|[from] Salt Cure
|upkeep
|turn|30
|
|t:|1758342616
|move|p2a: Tornadus|Taunt|p1a: Garganacl
|-start|p1a: Garganacl|move: Taunt
|move|p1a: Garganacl|Salt Cure|p2a: Tornadus
|-supereffective|p2a: Tornadus
|-damage|p2a: Tornadus|15/100
|
|-weather|Snowscape|[upkeep]
|-heal|p1a: Garganacl|93/100|[from] item: Leftovers
|-damage|p2a: Tornadus|3/100|[from] Salt Cure
|upkeep
|turn|31
|
|t:|1758342619
|move|p2a: Tornadus|Heat Wave|p1a: Garganacl
|-resisted|p1a: Garganacl
|-damage|p1a: Garganacl|84/100
|move|p1a: Garganacl|Salt Cure|p2a: Tornadus
|-supereffective|p2a: Tornadus
|-crit|p2a: Tornadus
|-damage|p2a: Tornadus|0 fnt
|faint|p2a: Tornadus
|
|-weather|Snowscape|[upkeep]
|-heal|p1a: Garganacl|91/100|[from] item: Leftovers
|upkeep
|
|t:|1758342624
|switch|p2a: Keldeo|Keldeo-Resolute, tera:Water|68/100
|turn|32
|
|t:|1758342633
|move|p2a: Keldeo|Secret Sword|p1a: Garganacl
|-supereffective|p1a: Garganacl
|-damage|p1a: Garganacl|4/100
|move|p1a: Garganacl|Salt Cure|p2a: Keldeo
|-damage|p2a: Keldeo|51/100
|-start|p2a: Keldeo|Salt Cure
|
|-weather|none
|-heal|p1a: Garganacl|10/100|[from] item: Leftovers
|-damage|p2a: Keldeo|27/100|[from] Salt Cure
|-end|p1a: Garganacl|move: Taunt
|upkeep
|turn|33
|
|t:|1758342638
|move|p2a: Keldeo|Secret Sword|p1a: Garganacl
|-supereffective|p1a: Garganacl
|-damage|p1a: Garganacl|0 fnt
|faint|p1a: Garganacl
|
|-damage|p2a: Keldeo|2/100|[from] Salt Cure
|upkeep
|
|t:|1758342648
|switch|p1a: Darkrai|Darkrai|11/100
|turn|34
|
|t:|1758342655
|switch|p2a: Excadrill|Excadrill, M|100/100
|-item|p2a: Excadrill|Air Balloon
|move|p1a: Darkrai|Dark Pulse|p2a: Excadrill
|-damage|p2a: Excadrill|41/100
|-enditem|p2a: Excadrill|Air Balloon
|
|upkeep
|turn|35
|
|t:|1758342659
|move|p1a: Darkrai|Dark Pulse|p2a: Excadrill
|-damage|p2a: Excadrill|0 fnt
|faint|p2a: Excadrill
|
|upkeep
|
|t:|1758342661
|switch|p2a: Keldeo|Keldeo-Resolute, tera:Water|2/100
|turn|36
|
|t:|1758342663
|move|p2a: Keldeo|Vacuum Wave|p1a: Darkrai
|-supereffective|p1a: Darkrai
|-damage|p1a: Darkrai|0 fnt
|faint|p1a: Darkrai
|
|upkeep
|
|t:|1758342665
|switch|p1a: Slowking|Slowking-Galar, M, tera:Water|86/100
|turn|37
|
|t:|1758342668
|move|p2a: Keldeo|Vacuum Wave|p1a: Slowking
|-damage|p1a: Slowking|68/100
|move|p1a: Slowking|Psychic|p2a: Keldeo
|-damage|p2a: Keldeo|0 fnt
|faint|p2a: Keldeo
|
|win|sly_skip
|raw|sly_skip's rating: 1537 &rarr; <strong>1563</strong><br />(+26 for winning)
|raw|Trevoro's rating: 1650 &rarr; <strong>1624</strong><br />(-26 for losing)
|l|☆Trevoro
|player|p2|
|l|☆sly_skip
|player|p1|
