|j|☆purestyle
|j|☆bordercauley
|t:|1758245164
|gametype|singles
|player|p1|purestyle|265|1369
|player|p2|bordercauley|170|1482
|gen|9
|tier|[Gen 9] OU
|rated|
|rule|HP Percentage Mod: HP is shown in percentages
|rule|Endless Battle Clause: Forcing endless battles is banned
|rule|Species Clause: Limit one of each Pokémon
|rule|OHKO Clause: OHKO moves are banned
|rule|Evasion Items Clause: Evasion items are banned
|rule|Evasion Moves Clause: Evasion moves are banned
|rule|Evasion Abilities Clause: Evasion abilities are banned
|rule|Sleep Moves Clause: Sleep-inducing moves are banned
|clearpoke
|poke|p1|Skeledirge, M|
|poke|p1|Ursaluna, M|
|poke|p1|Quaquaval, F|
|poke|p1|Kyurem|
|poke|p1|Vikavolt, M|
|poke|p1|Araquanid, F|
|poke|p2|Meowscarada, F|
|poke|p2|Pelipper, M|
|poke|p2|Floatzel, M|
|poke|p2|Quaquaval, M|
|poke|p2|Sinistcha|
|poke|p2|Kilowattrel, F|
|teampreview
|
|t:|1758245172
|teamsize|p1|6
|teamsize|p2|6
|start
|switch|p1a: Vikavolt|Vikavolt, M|100/100
|switch|p2a: Cat|Meowscarada, F|100/100
|turn|1
|
|t:|1758245179
|move|p2a: Cat|Taunt|p1a: Vikavolt
|-start|p1a: Vikavolt|move: Taunt
|move|p1a: Vikavolt|Bug Buzz|p2a: Cat
|-supereffective|p2a: Cat
|-enditem|p2a: Cat|Focus Sash
|-damage|p2a: Cat|1/100
|
|upkeep
|turn|2
|
|t:|1758245190
|move|p2a: Cat|Spikes|p1a: Vikavolt
|-sidestart|p1: purestyle|Spikes
|move|p1a: Vikavolt|Volt Switch|p2a: Cat
|-resisted|p2a: Cat
|-damage|p2a: Cat|0 fnt
|faint|p2a: Cat
|
|t:|1758245201
|switch|p1a: Kyurem|Kyurem|100/100|[from] Volt Switch
|-damage|p1a: Kyurem|88/100|[from] Spikes
|-ability|p1a: Kyurem|Pressure
|
|upkeep
|
|t:|1758245207
|switch|p2a: Bird|Pelipper, M|100/100
|-weather|RainDance|[from] ability: Drizzle|[of] p2a: Bird
|turn|3
|
|t:|1758245212
|move|p1a: Kyurem|Freeze-Dry|p2a: Bird
|-supereffective|p2a: Bird
|-damage|p2a: Bird|0 fnt
|faint|p2a: Bird
|
|-weather|RainDance|[upkeep]
|upkeep
|
|t:|1758245215
|switch|p2a: Weasel|Floatzel, M|100/100
|turn|4
|
|t:|1758245222
|move|p2a: Weasel|Wave Crash|p1a: Kyurem
|-resisted|p1a: Kyurem
|-crit|p1a: Kyurem
|-damage|p1a: Kyurem|10/100
|-damage|p2a: Weasel|63/100|[from] Recoil
|move|p1a: Kyurem|Freeze-Dry|p2a: Weasel
|-supereffective|p2a: Weasel
|-damage|p2a: Weasel|0 fnt
|faint|p2a: Weasel
|
|-weather|RainDance|[upkeep]
|upkeep
|
|t:|1758245226
|switch|p2a: Duck|Quaquaval, M|100/100
|turn|5
|
|t:|1758245239
|-terastallize|p2a: Duck|Fairy
|move|p2a: Duck|Aqua Step|p1a: Kyurem
|-resisted|p1a: Kyurem
|-damage|p1a: Kyurem|0 fnt
|-boost|p2a: Duck|spe|1
|faint|p1a: Kyurem
|-ability|p2a: Duck|Moxie|boost
|-boost|p2a: Duck|atk|1
|
|-weather|RainDance|[upkeep]
|upkeep
|
|t:|1758245250
|switch|p1a: Araquanid|Araquanid, F|100/100
|turn|6
|
|t:|1758245254
|move|p2a: Duck|Bulk Up|p2a: Duck
|-boost|p2a: Duck|atk|1
|-boost|p2a: Duck|def|1
|move|p1a: Araquanid|Surf|p2a: Duck
|-damage|p2a: Duck|0 fnt
|faint|p2a: Duck
|
|-weather|RainDance|[upkeep]
|upkeep
|
|t:|1758245258
|switch|p2a: Tea|Sinistcha|100/100
|turn|7
|
|t:|1758245267
|move|p2a: Tea|Calm Mind|p2a: Tea
|-boost|p2a: Tea|spa|1
|-boost|p2a: Tea|spd|1
|move|p1a: Araquanid|Mirror Coat||[still]
|-fail|p1a: Araquanid
|
|-weather|RainDance|[upkeep]
|upkeep
|turn|8
|
|t:|1758245274
|move|p2a: Tea|Shadow Ball|p1a: Araquanid
|-damage|p1a: Araquanid|63/100
|move|p1a: Araquanid|Surf|p2a: Tea
|-resisted|p2a: Tea
|-damage|p2a: Tea|64/100
|
|-weather|RainDance|[upkeep]
|-heal|p2a: Tea|70/100|[from] item: Leftovers
|upkeep
|turn|9
|
|t:|1758245285
|move|p2a: Tea|Calm Mind|p2a: Tea
|-boost|p2a: Tea|spa|1
|-boost|p2a: Tea|spd|1
|move|p1a: Araquanid|Mirror Coat||[still]
|-fail|p1a: Araquanid
|
|-weather|RainDance|[upkeep]
|-heal|p2a: Tea|76/100|[from] item: Leftovers
|upkeep
|turn|10
|
|t:|1758245294
|move|p2a: Tea|Calm Mind|p2a: Tea
|-boost|p2a: Tea|spa|1
|-boost|p2a: Tea|spd|1
|move|p1a: Araquanid|Surf|p2a: Tea
|-resisted|p2a: Tea
|-damage|p2a: Tea|56/100
|
|-weather|none
|-heal|p2a: Tea|62/100|[from] item: Leftovers
|upkeep
|turn|11
|
|t:|1758245304
|switch|p1a: Vikavolt|Vikavolt, M|100/100
|move|p2a: Tea|Matcha Gotcha|p1a: Vikavolt
|-resisted|p1a: Vikavolt
|-damage|p1a: Vikavolt|70/100
|-heal|p2a: Tea|78/100|[from] drain|[of] p1a: Vikavolt
|-status|p1a: Vikavolt|brn
|
|-heal|p2a: Tea|84/100|[from] item: Leftovers
|-damage|p1a: Vikavolt|64/100 brn|[from] brn
|upkeep
|turn|12
|
|t:|1758245318
|move|p2a: Tea|Shadow Ball|p1a: Vikavolt
|-damage|p1a: Vikavolt|0 fnt
|faint|p1a: Vikavolt
|
|-heal|p2a: Tea|90/100|[from] item: Leftovers
|upkeep
|
|t:|1758245333
|switch|p1a: Ursaluna|Ursaluna, M|100/100
|-damage|p1a: Ursaluna|88/100|[from] Spikes
|turn|13
|
|t:|1758245341
|move|p2a: Tea|Matcha Gotcha|p1a: Ursaluna
|-supereffective|p1a: Ursaluna
|-damage|p1a: Ursaluna|0 fnt
|-heal|p2a: Tea|100/100|[from] drain|[of] p1a: Ursaluna
|faint|p1a: Ursaluna
|
|upkeep
|
|t:|1758245350
|switch|p1a: Skeledirge|Skeledirge, M|100/100
|-damage|p1a: Skeledirge|88/100|[from] Spikes
|turn|14
|
|t:|1758245358
|move|p2a: Tea|Matcha Gotcha|p1a: Skeledirge
|-resisted|p1a: Skeledirge
|-damage|p1a: Skeledirge|69/100
|move|p1a: Skeledirge|Torch Song|p2a: Tea
|-supereffective|p2a: Tea
|-damage|p2a: Tea|62/100
|-boost|p1a: Skeledirge|spa|1
|
|-heal|p2a: Tea|68/100|[from] item: Leftovers
|-heal|p1a: Skeledirge|75/100|[from] item: Leftovers
|upkeep
|turn|15
|
|t:|1758245373
|move|p2a: Tea|Shadow Ball|p1a: Skeledirge
|-supereffective|p1a: Skeledirge
|-damage|p1a: Skeledirge|0 fnt
|faint|p1a: Skeledirge
|
|-heal|p2a: Tea|74/100|[from] item: Leftovers
|upkeep
|
|t:|1758245381
|switch|p1a: Quaquaval|Quaquaval, F|100/100
|-damage|p1a: Quaquaval|88/100|[from] Spikes
|turn|16
|
|t:|1758245387
|move|p1a: Quaquaval|Ice Spinner|p2a: Tea
|-supereffective|p2a: Tea
|-damage|p2a: Tea|35/100
|move|p2a: Tea|Strength Sap|p1a: Quaquaval
|-unboost|p1a: Quaquaval|atk|1
|-heal|p2a: Tea|100/100
|
|upkeep
|turn|17
|
|t:|1758245396
|switch|p1a: Araquanid|Araquanid, F|63/100
|move|p2a: Tea|Matcha Gotcha|p1a: Araquanid
|-damage|p1a: Araquanid|0 fnt
|faint|p1a: Araquanid
|
|upkeep
|
|t:|1758245405
|switch|p1a: Quaquaval|Quaquaval, F|88/100
|-damage|p1a: Quaquaval|76/100|[from] Spikes
|turn|18
|
|t:|1758245410
|move|p1a: Quaquaval|Ice Spinner|p2a: Tea
|-supereffective|p2a: Tea
|-damage|p2a: Tea|64/100
|move|p2a: Tea|Shadow Ball|p1a: Quaquaval
|-damage|p1a: Quaquaval|0 fnt
|faint|p1a: Quaquaval
|
|win|bordercauley
|raw|purestyle's rating: 1369 &rarr; <strong>1355</strong><br />(-14 for losing)
|raw|bordercauley's rating: 1482 &rarr; <strong>1496</strong><br />(+14 for winning)
|l|☆purestyle
|player|p1|
|c|☆bordercauley|gg
|l|☆bordercauley
|player|p2|
