|badge|p2|bronze|gen9ou|100-6
|uhtml|medal-msg|<div class="broadcast-blue">Curious what those medals under the avatar are? PS now has Ladder Seasons! For more information, check out the <a href="https://www.smogon.com/forums/threads/3740067/">thread on Smogon.</a></div>
|j|☆jamel1
|j|☆butts99999
|t:|1758248035
|gametype|singles
|player|p1|jamel1|cyrus|1748
|player|p2|butts99999|skierf-gen4dp|1839
|gen|9
|tier|[Gen 9] OU
|rated|
|rule|HP Percentage Mod: HP is shown in percentages
|rule|Endless Battle Clause: Forcing endless battles is banned
|rule|Species Clause: Limit one of each Pokémon
|rule|OHKO Clause: OHKO moves are banned
|rule|Evasion Items Clause: Evasion items are banned
|rule|Evasion Moves Clause: Evasion moves are banned
|rule|Evasion Abilities Clause: Evasion abilities are banned
|rule|Sleep Moves Clause: Sleep-inducing moves are banned
|clearpoke
|poke|p1|Sandaconda, M|
|poke|p1|Deoxys-Defense|
|poke|p1|Gyarados, M|
|poke|p1|Maushold|
|poke|p1|Serperior, M|
|poke|p1|Kommo-o, M|
|poke|p2|Kingambit, F|
|poke|p2|Cinderace, F|
|poke|p2|Landorus-Therian, M|
|poke|p2|Iron Valiant|
|poke|p2|Kyurem|
|poke|p2|Slowking-Galar, M|
|teampreview
|inactive|Battle timer is ON: inactive players will automatically lose when time's up. (requested by butts99999)
|
|t:|1758248056
|teamsize|p1|6
|teamsize|p2|6
|start
|switch|p1a: Sandaconda|Sandaconda, M|100/100
|switch|p2a: Homelandor|Landorus-Therian, M, shiny|100/100
|-ability|p2a: Homelandor|Intimidate|boost
|-unboost|p1a: Sandaconda|atk|1
|turn|1
|
|t:|1758248059
|move|p2a: Homelandor|Taunt|p1a: Sandaconda
|-start|p1a: Sandaconda|move: Taunt
|cant|p1a: Sandaconda|move: Taunt|Glare
|
|upkeep
|turn|2
|
|t:|1758248063
|switch|p1a: Serperior|Serperior, M, shiny|100/100
|move|p2a: Homelandor|U-turn|p1a: Serperior
|-supereffective|p1a: Serperior
|-damage|p1a: Serperior|46/100
|
|t:|1758248065
|switch|p2a: Kristine|Cinderace, F, shiny|100/100|[from] U-turn
|
|upkeep
|turn|3
|
|t:|1758248071
|switch|p1a: Sandaconda|Sandaconda, M|100/100
|move|p2a: Kristine|U-turn|p1a: Sandaconda
|-damage|p1a: Sandaconda|83/100
|
|t:|1758248073
|switch|p2a: Homelandor|Landorus-Therian, M, shiny|100/100|[from] U-turn
|-ability|p2a: Homelandor|Intimidate|boost
|-unboost|p1a: Sandaconda|atk|1
|
|upkeep
|turn|4
|
|t:|1758248076
|switch|p1a: Maushold|Maushold|100/100
|move|p2a: Homelandor|Taunt|p1a: Maushold
|-start|p1a: Maushold|move: Taunt
|
|upkeep
|turn|5
|
|t:|1758248080
|move|p2a: Homelandor|Earthquake|p1a: Maushold
|-damage|p1a: Maushold|53/100
|move|p1a: Maushold|Population Bomb|p2a: Homelandor
|-damage|p2a: Homelandor|90/100
|-hitcount|p2a: Homelandor|1
|
|upkeep
|turn|6
|
|t:|1758248091
|move|p2a: Homelandor|Rock Tomb|p1a: Maushold
|-damage|p1a: Maushold|32/100
|-unboost|p1a: Maushold|spe|1
|move|p1a: Maushold|Population Bomb|p2a: Homelandor
|-damage|p2a: Homelandor|80/100
|-damage|p2a: Homelandor|70/100
|-damage|p2a: Homelandor|61/100
|-damage|p2a: Homelandor|52/100
|-damage|p2a: Homelandor|42/100
|-damage|p2a: Homelandor|32/100
|-hitcount|p2a: Homelandor|6
|
|-end|p1a: Maushold|move: Taunt
|upkeep
|turn|7
|
|t:|1758248096
|move|p2a: Homelandor|U-turn|p1a: Maushold
|-damage|p1a: Maushold|9/100
|
|t:|1758248101
|switch|p2a: Daenerys|Kingambit, F|100/100|[from] U-turn
|move|p1a: Maushold|Tidy Up|p1a: Maushold
|-boost|p1a: Maushold|atk|1
|-boost|p1a: Maushold|spe|1
|
|upkeep
|turn|8
|
|t:|1758248106
|move|p1a: Maushold|Thunder Wave|p2a: Daenerys|[miss]
|-miss|p1a: Maushold|p2a: Daenerys
|move|p2a: Daenerys|Kowtow Cleave|p1a: Maushold
|-damage|p1a: Maushold|0 fnt
|faint|p1a: Maushold
|
|upkeep
|
|t:|1758248109
|switch|p1a: Sandaconda|Sandaconda, M|83/100
|turn|9
|
|t:|1758248122
|-end|p2a: Daenerys|fallenundefined|[silent]
|switch|p2a: Kristine|Cinderace, F, shiny|100/100
|move|p1a: Sandaconda|Glare|p2a: Kristine
|-status|p2a: Kristine|par
|
|upkeep
|turn|10
|
|t:|1758248125
|move|p1a: Sandaconda|Stealth Rock|p2a: Kristine
|-sidestart|p2: butts99999|move: Stealth Rock
|move|p2a: Kristine|Will-O-Wisp|p1a: Sandaconda
|-status|p1a: Sandaconda|brn
|
|-damage|p1a: Sandaconda|77/100 brn|[from] brn
|upkeep
|turn|11
|
|t:|1758248128
|move|p1a: Sandaconda|Earthquake|p2a: Kristine
|-supereffective|p2a: Kristine
|-damage|p2a: Kristine|47/100 par
|move|p2a: Kristine|Court Change|p2a: Kristine
|-swapsideconditions
|-activate|p2a: Kristine|move: Court Change
|
|-damage|p1a: Sandaconda|71/100 brn|[from] brn
|upkeep
|turn|12
|
|t:|1758248133
|move|p1a: Sandaconda|Stealth Rock|p2a: Kristine
|-sidestart|p2: butts99999|move: Stealth Rock
|move|p2a: Kristine|U-turn|p1a: Sandaconda
|-damage|p1a: Sandaconda|52/100 brn
|
|t:|1758248137
|switch|p2a: Mr. Freeze|Kyurem, shiny|100/100|[from] U-turn
|-damage|p2a: Mr. Freeze|76/100|[from] Stealth Rock
|-ability|p2a: Mr. Freeze|Pressure
|
|-heal|p2a: Mr. Freeze|82/100|[from] item: Leftovers
|-damage|p1a: Sandaconda|46/100 brn|[from] brn
|upkeep
|turn|13
|
|t:|1758248141
|move|p2a: Mr. Freeze|Substitute|p2a: Mr. Freeze
|-start|p2a: Mr. Freeze|Substitute
|-damage|p2a: Mr. Freeze|57/100
|move|p1a: Sandaconda|Glare||[still]
|-fail|p1a: Sandaconda
|
|-heal|p2a: Mr. Freeze|63/100|[from] item: Leftovers
|-damage|p1a: Sandaconda|40/100 brn|[from] brn
|upkeep
|turn|14
|c|☆butts99999|how do you live with yourself
|
|t:|1758248157
|move|p2a: Mr. Freeze|Freeze-Dry|p1a: Sandaconda
|-supereffective|p1a: Sandaconda
|-crit|p1a: Sandaconda
|-damage|p1a: Sandaconda|0 fnt
|faint|p1a: Sandaconda
|
|-heal|p2a: Mr. Freeze|69/100|[from] item: Leftovers
|upkeep
|
|t:|1758248160
|switch|p1a: Serperior|Serperior, M, shiny|46/100
|-damage|p1a: Serperior|33/100|[from] Stealth Rock
|turn|15
|
|t:|1758248165
|move|p1a: Serperior|Light Screen|p1a: Serperior
|-sidestart|p1: jamel1|move: Light Screen
|move|p2a: Mr. Freeze|Freeze-Dry|p1a: Serperior
|-supereffective|p1a: Serperior
|-damage|p1a: Serperior|0 fnt
|faint|p1a: Serperior
|
|-heal|p2a: Mr. Freeze|75/100|[from] item: Leftovers
|upkeep
|
|t:|1758248170
|switch|p1a: Kommo-o|Kommo-o, M|100/100
|-damage|p1a: Kommo-o|94/100|[from] Stealth Rock
|turn|16
|
|t:|1758248176
|move|p2a: Mr. Freeze|Freeze-Dry|p1a: Kommo-o
|-supereffective|p1a: Kommo-o
|-damage|p1a: Kommo-o|54/100
|move|p1a: Kommo-o|Belly Drum|p1a: Kommo-o
|-damage|p1a: Kommo-o|4/100
|-setboost|p1a: Kommo-o|atk|6|[from] move: Belly Drum
|-enditem|p1a: Kommo-o|Salac Berry|[eat]
|-boost|p1a: Kommo-o|spe|1|[from] item: Salac Berry
|
|-heal|p2a: Mr. Freeze|81/100|[from] item: Leftovers
|upkeep
|turn|17
|
|t:|1758248187
|-terastallize|p1a: Kommo-o|Steel
|move|p1a: Kommo-o|Drain Punch|p2a: Mr. Freeze
|-supereffective|p2a: Mr. Freeze
|-end|p2a: Mr. Freeze|Substitute
|-heal|p1a: Kommo-o|21/100|[from] drain|[of] p2a: Mr. Freeze
|move|p2a: Mr. Freeze|Freeze-Dry|p1a: Kommo-o
|-resisted|p1a: Kommo-o
|-crit|p1a: Kommo-o
|-damage|p1a: Kommo-o|0 fnt
|faint|p1a: Kommo-o
|
|-heal|p2a: Mr. Freeze|88/100|[from] item: Leftovers
|upkeep
|
|t:|1758248197
|switch|p1a: Deoxys|Deoxys-Defense|100/100
|-damage|p1a: Deoxys|88/100|[from] Stealth Rock
|-ability|p1a: Deoxys|Pressure
|turn|18
|
|t:|1758248201
|move|p2a: Mr. Freeze|Substitute|p2a: Mr. Freeze
|-start|p2a: Mr. Freeze|Substitute
|-damage|p2a: Mr. Freeze|63/100
|move|p1a: Deoxys|Cosmic Power|p1a: Deoxys
|-boost|p1a: Deoxys|def|1
|-boost|p1a: Deoxys|spd|1
|
|-heal|p2a: Mr. Freeze|69/100|[from] item: Leftovers
|upkeep
|turn|19
|
|t:|1758248208
|move|p2a: Mr. Freeze|Freeze-Dry|p1a: Deoxys
|-damage|p1a: Deoxys|81/100
|move|p1a: Deoxys|Cosmic Power|p1a: Deoxys
|-boost|p1a: Deoxys|def|1
|-boost|p1a: Deoxys|spd|1
|
|-heal|p2a: Mr. Freeze|75/100|[from] item: Leftovers
|upkeep
|turn|20
|
|t:|1758248214
|switch|p2a: Chillionaire|Slowking-Galar, M, shiny|100/100
|move|p1a: Deoxys|Cosmic Power|p1a: Deoxys
|-boost|p1a: Deoxys|def|1
|-boost|p1a: Deoxys|spd|1
|
|upkeep
|turn|21
|
|t:|1758248217
|move|p1a: Deoxys|Cosmic Power|p1a: Deoxys
|-boost|p1a: Deoxys|def|1
|-boost|p1a: Deoxys|spd|1
|-prepare|p2a: Chillionaire|Chilly Reception|[premajor]
|move|p2a: Chillionaire|Chilly Reception|p2a: Chillionaire
|-weather|Snowscape
|
|t:|1758248219
|switch|p2a: WALL-Y|Iron Valiant|100/100|[from] Chilly Reception
|-damage|p2a: WALL-Y|94/100|[from] Stealth Rock
|-enditem|p2a: WALL-Y|Booster Energy
|-activate|p2a: WALL-Y|ability: Quark Drive|[fromitem]
|-start|p2a: WALL-Y|quarkdrivespe
|
|-weather|Snowscape|[upkeep]
|upkeep
|turn|22
|
|t:|1758248222
|move|p2a: WALL-Y|Encore|p1a: Deoxys
|-start|p1a: Deoxys|Encore
|move|p1a: Deoxys|Cosmic Power|p1a: Deoxys
|-boost|p1a: Deoxys|def|1
|-boost|p1a: Deoxys|spd|1
|
|-weather|Snowscape|[upkeep]
|-sideend|p1: jamel1|move: Light Screen
|upkeep
|turn|23
|
|t:|1758248225
|move|p2a: WALL-Y|Calm Mind|p2a: WALL-Y
|-boost|p2a: WALL-Y|spa|1
|-boost|p2a: WALL-Y|spd|1
|move|p1a: Deoxys|Cosmic Power|p1a: Deoxys
|-boost|p1a: Deoxys|def|1
|-boost|p1a: Deoxys|spd|1
|
|-weather|Snowscape|[upkeep]
|upkeep
|turn|24
|
|t:|1758248227
|move|p2a: WALL-Y|Calm Mind|p2a: WALL-Y
|-boost|p2a: WALL-Y|spa|1
|-boost|p2a: WALL-Y|spd|1
|move|p1a: Deoxys|Cosmic Power|p1a: Deoxys
|-boost|p1a: Deoxys|def|0
|-boost|p1a: Deoxys|spd|0
|
|-weather|Snowscape|[upkeep]
|-end|p1a: Deoxys|Encore
|upkeep
|turn|25
|
|t:|1758248231
|move|p2a: WALL-Y|Encore|p1a: Deoxys
|-start|p1a: Deoxys|Encore
|move|p1a: Deoxys|Cosmic Power|p1a: Deoxys
|-boost|p1a: Deoxys|def|0
|-boost|p1a: Deoxys|spd|0
|
|-weather|none
|upkeep
|turn|26
|
|t:|1758248235
|move|p2a: WALL-Y|Calm Mind|p2a: WALL-Y
|-boost|p2a: WALL-Y|spa|1
|-boost|p2a: WALL-Y|spd|1
|move|p1a: Deoxys|Cosmic Power|p1a: Deoxys
|-boost|p1a: Deoxys|def|0
|-boost|p1a: Deoxys|spd|0
|
|upkeep
|turn|27
|
|t:|1758248237
|move|p2a: WALL-Y|Calm Mind|p2a: WALL-Y
|-boost|p2a: WALL-Y|spa|1
|-boost|p2a: WALL-Y|spd|1
|move|p1a: Deoxys|Cosmic Power|p1a: Deoxys
|-boost|p1a: Deoxys|def|0
|-boost|p1a: Deoxys|spd|0
|
|-end|p1a: Deoxys|Encore
|upkeep
|turn|28
|
|t:|1758248240
|move|p2a: WALL-Y|Encore|p1a: Deoxys
|-start|p1a: Deoxys|Encore
|move|p1a: Deoxys|Cosmic Power|p1a: Deoxys
|-boost|p1a: Deoxys|def|0
|-boost|p1a: Deoxys|spd|0
|
|upkeep
|turn|29
|
|t:|1758248241
|move|p2a: WALL-Y|Shadow Ball|p1a: Deoxys
|-supereffective|p1a: Deoxys
|-damage|p1a: Deoxys|55/100
|-unboost|p1a: Deoxys|spd|1
|-enditem|p1a: Deoxys|Weakness Policy
|-boost|p1a: Deoxys|atk|2|[from] item: Weakness Policy
|-boost|p1a: Deoxys|spa|2|[from] item: Weakness Policy
|move|p1a: Deoxys|Cosmic Power|p1a: Deoxys
|-boost|p1a: Deoxys|def|0
|-boost|p1a: Deoxys|spd|1
|
|upkeep
|turn|30
|
|t:|1758248246
|move|p2a: WALL-Y|Shadow Ball|p1a: Deoxys
|-supereffective|p1a: Deoxys
|-damage|p1a: Deoxys|30/100
|move|p1a: Deoxys|Cosmic Power|p1a: Deoxys
|-boost|p1a: Deoxys|def|0
|-boost|p1a: Deoxys|spd|0
|
|-end|p1a: Deoxys|Encore
|upkeep
|turn|31
|
|t:|1758248251
|move|p2a: WALL-Y|Encore|p1a: Deoxys
|-start|p1a: Deoxys|Encore
|move|p1a: Deoxys|Cosmic Power|p1a: Deoxys
|-boost|p1a: Deoxys|def|0
|-boost|p1a: Deoxys|spd|0
|
|upkeep
|turn|32
|
|t:|1758248254
|move|p2a: WALL-Y|Moonblast|p1a: Deoxys
|-damage|p1a: Deoxys|6/100
|move|p1a: Deoxys|Cosmic Power|p1a: Deoxys
|-boost|p1a: Deoxys|def|0
|-boost|p1a: Deoxys|spd|0
|
|upkeep
|turn|33
|
|t:|1758248257
|move|p2a: WALL-Y|Moonblast|p1a: Deoxys
|-damage|p1a: Deoxys|0 fnt
|faint|p1a: Deoxys
|
|upkeep
|
|t:|1758248259
|switch|p1a: Gyarados|Gyarados, M, shiny|100/100
|-damage|p1a: Gyarados|76/100|[from] Stealth Rock
|turn|34
|-message|jamel1 forfeited.
|
|win|butts99999
|raw|jamel1's rating: 1748 &rarr; <strong>1733</strong><br />(-15 for losing)
|raw|butts99999's rating: 1839 &rarr; <strong>1854</strong><br />(+15 for winning)
|l|☆jamel1
|player|p1|
|l|☆butts99999
|player|p2|
