|j|☆Lanaest
|j|☆arhg955
|t:|1758342191
|gametype|singles
|player|p1|Lanaest|lucas|1109
|player|p2|arhg955|cheren-gen5bw2|1171
|gen|9
|tier|[Gen 9] OU
|rated|
|rule|HP Percentage Mod: HP is shown in percentages
|rule|Endless Battle Clause: Forcing endless battles is banned
|rule|Species Clause: Limit one of each Pokémon
|rule|OHKO Clause: OHKO moves are banned
|rule|Evasion Items Clause: Evasion items are banned
|rule|Evasion Moves Clause: Evasion moves are banned
|rule|Evasion Abilities Clause: Evasion abilities are banned
|rule|Sleep Moves Clause: Sleep-inducing moves are banned
|clearpoke
|poke|p1|Empoleon, F|
|poke|p1|Infernape, F|
|poke|p1|Torterra, M|
|poke|p1|Samurott-Hisui, M|
|poke|p1|Typhlosion-Hisui, F|
|poke|p1|Decidueye-Hisui, F|
|poke|p2|Dragapult, F|
|poke|p2|Darkrai|
|poke|p2|Iron Moth|
|poke|p2|Meowscarada, M|
|poke|p2|Great Tusk|
|poke|p2|Walking Wake|
|teampreview
|inactive|Battle timer is ON: inactive players will automatically lose when time's up. (requested by arhg955)
|
|t:|1758342200
|teamsize|p1|6
|teamsize|p2|6
|start
|switch|p1a: Samurott|Samurott-Hisui, M|100/100
|switch|p2a: Dragapult|Dragapult, F|100/100
|turn|1
|
|t:|1758342212
|move|p1a: Samurott|Ceaseless Edge|p2a: Dragapult
|-supereffective|p2a: Dragapult
|-damage|p2a: Dragapult|0 fnt
|-sidestart|p2: arhg955|Spikes
|faint|p2a: Dragapult
|
|upkeep
|c|☆arhg955|Why did u attackers first?
|
|t:|1758342230
|switch|p2a: Meowscarada|Meowscarada, M|100/100
|-damage|p2a: Meowscarada|88/100|[from] Spikes
|turn|2
|
|t:|1758342244
|switch|p1a: Decidueye|Decidueye-Hisui, F|100/100
|move|p2a: Meowscarada|Flower Trick|p1a: Decidueye
|-start|p2a: Meowscarada|typechange|Grass|[from] ability: Protean
|-resisted|p1a: Decidueye
|-crit|p1a: Decidueye
|-damage|p1a: Decidueye|74/100
|
|upkeep
|turn|3
|
|t:|1758342262
|move|p2a: Meowscarada|Triple Axel|p1a: Decidueye
|-supereffective|p1a: Decidueye
|-damage|p1a: Decidueye|60/100
|-supereffective|p1a: Decidueye
|-damage|p1a: Decidueye|32/100
|-supereffective|p1a: Decidueye
|-damage|p1a: Decidueye|0 fnt
|faint|p1a: Decidueye
|-hitcount|p1: Decidueye|3
|
|upkeep
|
|t:|1758342275
|switch|p1a: Typhlosion|Typhlosion-Hisui, F|100/100
|turn|4
|
|t:|1758342294
|-terastallize|p2a: Meowscarada|Dark
|move|p1a: Typhlosion|Eruption|p2a: Meowscarada
|-damage|p2a: Meowscarada|14/100
|move|p2a: Meowscarada|Knock Off|p1a: Typhlosion
|-supereffective|p1a: Typhlosion
|-damage|p1a: Typhlosion|0 fnt
|-enditem|p1a: Typhlosion|Choice Scarf|[from] move: Knock Off|[of] p2a: Meowscarada
|faint|p1a: Typhlosion
|
|upkeep
|
|t:|1758342310
|switch|p1a: Infernape|Infernape, F|100/100
|turn|5
|
|t:|1758342316
|move|p1a: Infernape|Mach Punch|p2a: Meowscarada
|-supereffective|p2a: Meowscarada
|-damage|p2a: Meowscarada|0 fnt
|faint|p2a: Meowscarada
|
|upkeep
|
|t:|1758342321
|switch|p2a: Walking Wake|Walking Wake|100/100
|-damage|p2a: Walking Wake|88/100|[from] Spikes
|-enditem|p2a: Walking Wake|Booster Energy
|-activate|p2a: Walking Wake|ability: Protosynthesis|[fromitem]
|-start|p2a: Walking Wake|protosynthesisspa
|turn|6
|
|t:|1758342333
|switch|p1a: Empoleon|Empoleon, F|100/100
|move|p2a: Walking Wake|Hydro Steam|p1a: Empoleon
|-resisted|p1a: Empoleon
|-damage|p1a: Empoleon|75/100
|
|-heal|p1a: Empoleon|81/100|[from] item: Leftovers
|upkeep
|turn|7
|
|t:|1758342346
|move|p2a: Walking Wake|Draco Meteor|p1a: Empoleon
|-resisted|p1a: Empoleon
|-damage|p1a: Empoleon|41/100
|-unboost|p2a: Walking Wake|spa|2
|move|p1a: Empoleon|Ice Beam|p2a: Walking Wake
|-damage|p2a: Walking Wake|51/100
|
|-heal|p1a: Empoleon|48/100|[from] item: Leftovers
|upkeep
|turn|8
|
|t:|1758342363
|-end|p2a: Walking Wake|Protosynthesis|[silent]
|switch|p2a: Great Tusk|Great Tusk|100/100
|-damage|p2a: Great Tusk|88/100|[from] Spikes
|move|p1a: Empoleon|Ice Beam|p2a: Great Tusk
|-supereffective|p2a: Great Tusk
|-damage|p2a: Great Tusk|0 fnt
|faint|p2a: Great Tusk
|-end|p2a: Great Tusk|Protosynthesis|[silent]
|
|-heal|p1a: Empoleon|54/100|[from] item: Leftovers
|upkeep
|
|t:|1758342384
|switch|p2a: Iron Moth|Iron Moth|100/100
|-damage|p2a: Iron Moth|88/100|[from] Spikes
|-enditem|p2a: Iron Moth|Booster Energy
|-activate|p2a: Iron Moth|ability: Quark Drive|[fromitem]
|-start|p2a: Iron Moth|quarkdrivespa
|turn|9
|
|t:|1758342394
|move|p2a: Iron Moth|Energy Ball|p1a: Empoleon
|-damage|p1a: Empoleon|17/100
|move|p1a: Empoleon|Surf|p2a: Iron Moth
|-supereffective|p2a: Iron Moth
|-damage|p2a: Iron Moth|0 fnt
|faint|p2a: Iron Moth
|-end|p2a: Iron Moth|Quark Drive|[silent]
|
|-heal|p1a: Empoleon|23/100|[from] item: Leftovers
|upkeep
|
|t:|1758342404
|switch|p2a: Darkrai|Darkrai|100/100
|turn|10
|
|t:|1758342420
|move|p1a: Empoleon|Vacuum Wave|p2a: Darkrai
|-supereffective|p2a: Darkrai
|-damage|p2a: Darkrai|62/100
|move|p2a: Darkrai|Dark Pulse|p1a: Empoleon
|-damage|p1a: Empoleon|0 fnt
|faint|p1a: Empoleon
|
|upkeep
|
|t:|1758342431
|switch|p1a: Samurott|Samurott-Hisui, M|100/100
|turn|11
|
|t:|1758342438
|move|p1a: Samurott|Sacred Sword|p2a: Darkrai
|-supereffective|p2a: Darkrai
|-damage|p2a: Darkrai|0 fnt
|faint|p2a: Darkrai
|
|upkeep
|
|t:|1758342444
|switch|p2a: Walking Wake|Walking Wake|51/100
|-damage|p2a: Walking Wake|39/100|[from] Spikes
|turn|12
|
|t:|1758342450
|move|p1a: Samurott|Sacred Sword|p2a: Walking Wake
|-damage|p2a: Walking Wake|0 fnt
|faint|p2a: Walking Wake
|-end|p2a: Walking Wake|Protosynthesis|[silent]
|
|win|Lanaest
|raw|Lanaest's rating: 1109 &rarr; <strong>1138</strong><br />(+29 for winning)
|raw|arhg955's rating: 1171 &rarr; <strong>1142</strong><br />(-29 for losing)
|l|☆Lanaest
|player|p1|
