|j|☆AvrTingluPlayer
|j|☆Pem779567 phone
|t:|1758299495
|gametype|singles
|player|p1|AvrTingluPlayer|ethan|1302
|player|p2|Pem779567 phone|1|1304
|gen|9
|tier|[Gen 9] OU
|rated|
|rule|HP Percentage Mod: HP is shown in percentages
|rule|Endless Battle Clause: Forcing endless battles is banned
|rule|Species Clause: Limit one of each Pokémon
|rule|OHKO Clause: OHKO moves are banned
|rule|Evasion Items Clause: Evasion items are banned
|rule|Evasion Moves Clause: Evasion moves are banned
|rule|Evasion Abilities Clause: Evasion abilities are banned
|rule|Sleep Moves Clause: Sleep-inducing moves are banned
|clearpoke
|poke|p1|Araquanid, M|
|poke|p1|Gholdengo|
|poke|p1|Kyurem|
|poke|p1|Samurott-Hisui, F|
|poke|p1|Great Tusk|
|poke|p1|Rillaboom, M|
|poke|p2|Flygon, F|
|poke|p2|Entei|
|poke|p2|Mienshao, F|
|poke|p2|Vaporeon, F|
|poke|p2|Ninetales-Alola, M|
|poke|p2|Metagross|
|teampreview
|inactive|Battle timer is ON: inactive players will automatically lose when time's up. (requested by AvrTingluPlayer)
|
|t:|1758299503
|teamsize|p1|6
|teamsize|p2|6
|start
|switch|p1a: Araquanid|Araquanid, M|100/100
|switch|p2a: Metagross|Metagross|100/100
|turn|1
|
|t:|1758299506
|move|p2a: Metagross|Thunder Punch|p1a: Araquanid
|-supereffective|p1a: Araquanid
|-damage|p1a: Araquanid|51/100
|move|p1a: Araquanid|Infestation|p2a: Metagross
|-damage|p2a: Metagross|96/100
|-activate|p2a: Metagross|move: Infestation|[of] p1a: Araquanid
|
|-damage|p2a: Metagross|84/100|[from] move: Infestation|[partiallytrapped]
|upkeep
|turn|2
|
|t:|1758299519
|switch|p1a: Great Tusk|Great Tusk|100/100
|move|p2a: Metagross|Thunder Punch|p1a: Great Tusk
|-immune|p1a: Great Tusk
|
|-end|p2a: Metagross|Infestation|[partiallytrapped]|[silent]
|upkeep
|turn|3
|
|t:|1758299526
|switch|p2a: Flygon|Flygon, F|100/100
|move|p1a: Great Tusk|Stealth Rock|p2a: Flygon
|-sidestart|p2: Pem779567 phone|move: Stealth Rock
|
|upkeep
|turn|4
|
|t:|1758299533
|-end|p1a: Great Tusk|Protosynthesis|[silent]
|switch|p1a: Samurott|Samurott-Hisui, F|100/100
|move|p2a: Flygon|Dragon Dance|p2a: Flygon
|-boost|p2a: Flygon|atk|1
|-boost|p2a: Flygon|spe|1
|
|upkeep
|turn|5
|
|t:|1758299541
|-terastallize|p2a: Flygon|Electric
|move|p2a: Flygon|Dragon Dance|p2a: Flygon
|-boost|p2a: Flygon|atk|1
|-boost|p2a: Flygon|spe|1
|move|p1a: Samurott|Razor Shell|p2a: Flygon
|-damage|p2a: Flygon|29/100
|
|upkeep
|turn|6
|
|t:|1758299552
|switch|p1a: Great Tusk|Great Tusk|100/100
|move|p2a: Flygon|Thunder Punch|p1a: Great Tusk
|-immune|p1a: Great Tusk
|
|upkeep
|turn|7
|
|t:|1758299556
|move|p2a: Flygon|Earthquake|p1a: Great Tusk
|-damage|p1a: Great Tusk|37/100
|move|p1a: Great Tusk|Knock Off|p2a: Flygon
|-damage|p2a: Flygon|0 fnt
|-enditem|p2a: Flygon|Safety Goggles|[from] move: Knock Off|[of] p1a: Great Tusk
|faint|p2a: Flygon
|
|upkeep
|c|☆AvrTingluPlayer|Ggs
|
|t:|1758299574
|switch|p2a: Mienshao|Mienshao, F|100/100
|-damage|p2a: Mienshao|95/100|[from] Stealth Rock
|turn|8
|
|t:|1758299581
|move|p2a: Mienshao|Fake Out|p1a: Great Tusk
|-damage|p1a: Great Tusk|28/100
|cant|p1a: Great Tusk|flinch
|
|upkeep
|turn|9
|
|t:|1758299586
|move|p2a: Mienshao|Close Combat|p1a: Great Tusk
|-damage|p1a: Great Tusk|0 fnt
|-unboost|p2a: Mienshao|def|1
|-unboost|p2a: Mienshao|spd|1
|faint|p1a: Great Tusk
|-end|p1a: Great Tusk|Protosynthesis|[silent]
|
|upkeep
|
|t:|1758299589
|switch|p1a: Araquanid|Araquanid, M|51/100
|turn|10
|
|t:|1758299596
|move|p2a: Mienshao|U-turn|p1a: Araquanid
|-damage|p1a: Araquanid|34/100
|
|t:|1758299602
|switch|p2a: Ninetales|Ninetales-Alola, M|100/100|[from] U-turn
|-damage|p2a: Ninetales|76/100|[from] Stealth Rock
|-weather|Snowscape|[from] ability: Snow Warning|[of] p2a: Ninetales
|move|p1a: Araquanid|Sticky Web|p2a: Ninetales
|-sidestart|p2: Pem779567 phone|move: Sticky Web
|
|-weather|Snowscape|[upkeep]
|upkeep
|turn|11
|
|t:|1758299607
|move|p2a: Ninetales|Aurora Veil|p2a: Ninetales
|-sidestart|p2: Pem779567 phone|move: Aurora Veil
|move|p1a: Araquanid|Liquidation|p2a: Ninetales
|-damage|p2a: Ninetales|55/100
|
|-weather|Snowscape|[upkeep]
|upkeep
|turn|12
|
|t:|1758299611
|move|p2a: Ninetales|Freeze-Dry|p1a: Araquanid
|-supereffective|p1a: Araquanid
|-damage|p1a: Araquanid|0 fnt
|faint|p1a: Araquanid
|
|-weather|Snowscape|[upkeep]
|upkeep
|
|t:|1758299618
|switch|p1a: Gholdengo|Gholdengo|100/100
|-item|p1a: Gholdengo|Air Balloon
|turn|13
|
|t:|1758299622
|move|p2a: Ninetales|Blizzard|p1a: Gholdengo
|-resisted|p1a: Gholdengo
|-crit|p1a: Gholdengo
|-damage|p1a: Gholdengo|72/100
|-enditem|p1a: Gholdengo|Air Balloon
|move|p1a: Gholdengo|Thunder Wave|p2a: Ninetales
|-status|p2a: Ninetales|par
|
|-weather|Snowscape|[upkeep]
|upkeep
|turn|14
|
|t:|1758299628
|move|p1a: Gholdengo|Make It Rain|p2a: Ninetales
|-supereffective|p2a: Ninetales
|-damage|p2a: Ninetales|0 fnt
|-unboost|p1a: Gholdengo|spa|1
|faint|p2a: Ninetales
|
|-weather|none
|upkeep
|
|t:|1758299632
|switch|p2a: Entei|Entei|100/100
|-damage|p2a: Entei|76/100|[from] Stealth Rock
|-activate|p2a: Entei|move: Sticky Web
|-unboost|p2a: Entei|spe|1
|turn|15
|
|t:|1758299636
|-terastallize|p1a: Gholdengo|Water
|move|p2a: Entei|Sacred Fire|p1a: Gholdengo
|-resisted|p1a: Gholdengo
|-damage|p1a: Gholdengo|57/100
|-status|p1a: Gholdengo|brn
|move|p1a: Gholdengo|Thunder Wave|p2a: Entei
|-status|p2a: Entei|par
|
|-heal|p2a: Entei|82/100 par|[from] item: Leftovers
|-damage|p1a: Gholdengo|50/100 brn|[from] brn
|upkeep
|turn|16
|
|t:|1758299643
|switch|p1a: Samurott|Samurott-Hisui, F|100/100
|move|p2a: Entei|Extreme Speed|p1a: Samurott
|-damage|p1a: Samurott|67/100
|
|-heal|p2a: Entei|88/100 par|[from] item: Leftovers
|upkeep
|turn|17
|
|t:|1758299649
|move|p1a: Samurott|Ceaseless Edge|p2a: Entei|[miss]
|-miss|p1a: Samurott|p2a: Entei
|move|p2a: Entei|Sacred Fire|p1a: Samurott
|-resisted|p1a: Samurott
|-damage|p1a: Samurott|37/100
|-status|p1a: Samurott|brn
|
|-heal|p2a: Entei|94/100 par|[from] item: Leftovers
|-damage|p1a: Samurott|31/100 brn|[from] brn
|upkeep
|turn|18
|
|t:|1758299653
|move|p2a: Entei|Extreme Speed|p1a: Samurott
|-damage|p1a: Samurott|0 fnt
|faint|p1a: Samurott
|
|-heal|p2a: Entei|100/100 par|[from] item: Leftovers
|-sideend|p2: Pem779567 phone|move: Aurora Veil
|upkeep
|
|t:|1758299658
|switch|p1a: Gholdengo|Gholdengo, tera:Water|50/100 brn
|turn|19
|
|t:|1758299663
|move|p2a: Entei|Extreme Speed|p1a: Gholdengo
|-damage|p1a: Gholdengo|34/100 brn
|move|p1a: Gholdengo|Recover|p1a: Gholdengo
|-heal|p1a: Gholdengo|84/100 brn
|
|-damage|p1a: Gholdengo|78/100 brn|[from] brn
|upkeep
|turn|20
|
|t:|1758299673
|move|p1a: Gholdengo|Hex|p2a: Entei
|-damage|p2a: Entei|33/100 par
|move|p2a: Entei|Stone Edge|p1a: Gholdengo
|-damage|p1a: Gholdengo|55/100 brn
|
|-heal|p2a: Entei|39/100 par|[from] item: Leftovers
|-damage|p1a: Gholdengo|49/100 brn|[from] brn
|upkeep
|turn|21
|
|t:|1758299677
|move|p1a: Gholdengo|Recover|p1a: Gholdengo
|-heal|p1a: Gholdengo|99/100 brn
|move|p2a: Entei|Stone Edge|p1a: Gholdengo
|-damage|p1a: Gholdengo|76/100 brn
|
|-heal|p2a: Entei|46/100 par|[from] item: Leftovers
|-damage|p1a: Gholdengo|70/100 brn|[from] brn
|upkeep
|turn|22
|
|t:|1758299680
|move|p1a: Gholdengo|Hex|p2a: Entei
|-damage|p2a: Entei|0 fnt
|faint|p2a: Entei
|
|-damage|p1a: Gholdengo|64/100 brn|[from] brn
|upkeep
|
|t:|1758299697
|switch|p2a: Metagross|Metagross|84/100
|-damage|p2a: Metagross|78/100|[from] Stealth Rock
|-activate|p2a: Metagross|move: Sticky Web
|-fail|p2a: Metagross|unboost|[from] ability: Clear Body|[of] p2a: Metagross
|turn|23
|
|t:|1758299708
|switch|p1a: Rillaboom|Rillaboom, M|100/100
|-fieldstart|move: Grassy Terrain|[from] ability: Grassy Surge|[of] p1a: Rillaboom
|move|p2a: Metagross|Thunder Punch|p1a: Rillaboom
|-resisted|p1a: Rillaboom
|-damage|p1a: Rillaboom|84/100
|
|-heal|p1a: Rillaboom|91/100|[from] Grassy Terrain
|-heal|p2a: Metagross|84/100|[from] Grassy Terrain
|upkeep
|turn|24
|
|t:|1758299713
|move|p1a: Rillaboom|Knock Off|p2a: Metagross
|-supereffective|p2a: Metagross
|-damage|p2a: Metagross|9/100
|-enditem|p2a: Metagross|Weakness Policy
|-boost|p2a: Metagross|atk|2|[from] item: Weakness Policy
|-boost|p2a: Metagross|spa|2|[from] item: Weakness Policy
|move|p2a: Metagross|Ice Punch|p1a: Rillaboom
|-supereffective|p1a: Rillaboom
|-damage|p1a: Rillaboom|0 fnt
|faint|p1a: Rillaboom
|
|-heal|p2a: Metagross|15/100|[from] Grassy Terrain
|upkeep
|
|t:|1758299724
|switch|p1a: Kyurem|Kyurem|100/100
|-ability|p1a: Kyurem|Pressure
|turn|25
|
|t:|1758299728
|move|p2a: Metagross|Bullet Punch|p1a: Kyurem
|-supereffective|p1a: Kyurem
|-damage|p1a: Kyurem|13/100
|move|p1a: Kyurem|Freeze-Dry|p2a: Metagross
|-resisted|p2a: Metagross
|-damage|p2a: Metagross|0 fnt
|faint|p2a: Metagross
|
|-heal|p1a: Kyurem|19/100|[from] Grassy Terrain
|upkeep
|
|t:|1758299734
|switch|p2a: Mienshao|Mienshao, F|100/100
|-damage|p2a: Mienshao|95/100|[from] Stealth Rock
|-activate|p2a: Mienshao|move: Sticky Web
|-unboost|p2a: Mienshao|spe|1
|turn|26
|
|t:|1758299741
|switch|p1a: Gholdengo|Gholdengo, tera:Water|64/100 brn
|move|p2a: Mienshao|Fake Out|p1a: Gholdengo
|-damage|p1a: Gholdengo|55/100 brn
|
|-heal|p2a: Mienshao|100/100|[from] Grassy Terrain
|-heal|p1a: Gholdengo|61/100 brn|[from] Grassy Terrain
|-damage|p1a: Gholdengo|55/100 brn|[from] brn
|upkeep
|turn|27
|
|t:|1758299746
|move|p2a: Mienshao|Close Combat|p1a: Gholdengo
|-damage|p1a: Gholdengo|14/100 brn
|-unboost|p2a: Mienshao|def|1
|-unboost|p2a: Mienshao|spd|1
|move|p1a: Gholdengo|Thunder Wave|p2a: Mienshao
|-status|p2a: Mienshao|par
|
|-heal|p1a: Gholdengo|20/100 brn|[from] Grassy Terrain
|-damage|p1a: Gholdengo|14/100 brn|[from] brn
|-fieldend|move: Grassy Terrain
|upkeep
|turn|28
|
|t:|1758299775
|move|p1a: Gholdengo|Recover|p1a: Gholdengo
|-heal|p1a: Gholdengo|64/100 brn
|move|p2a: Mienshao|Close Combat|p1a: Gholdengo
|-damage|p1a: Gholdengo|25/100 brn
|-unboost|p2a: Mienshao|def|1
|-unboost|p2a: Mienshao|spd|1
|
|-damage|p1a: Gholdengo|18/100 brn|[from] brn
|upkeep
|turn|29
|
|t:|1758299779
|move|p1a: Gholdengo|Recover|p1a: Gholdengo
|-heal|p1a: Gholdengo|68/100 brn
|move|p2a: Mienshao|Close Combat|p1a: Gholdengo
|-damage|p1a: Gholdengo|29/100 brn
|-unboost|p2a: Mienshao|def|1
|-unboost|p2a: Mienshao|spd|1
|
|-damage|p1a: Gholdengo|23/100 brn|[from] brn
|upkeep
|turn|30
|
|t:|1758299782
|move|p1a: Gholdengo|Recover|p1a: Gholdengo
|-heal|p1a: Gholdengo|73/100 brn
|move|p2a: Mienshao|Close Combat|p1a: Gholdengo
|-damage|p1a: Gholdengo|34/100 brn
|-unboost|p2a: Mienshao|def|1
|-unboost|p2a: Mienshao|spd|1
|
|-damage|p1a: Gholdengo|27/100 brn|[from] brn
|upkeep
|turn|31
|
|t:|1758299785
|move|p1a: Gholdengo|Recover|p1a: Gholdengo
|-heal|p1a: Gholdengo|77/100 brn
|cant|p2a: Mienshao|par
|
|-damage|p1a: Gholdengo|71/100 brn|[from] brn
|upkeep
|turn|32
|
|t:|1758299787
|move|p1a: Gholdengo|Hex|p2a: Mienshao
|-enditem|p2a: Mienshao|Focus Sash
|-damage|p2a: Mienshao|1/100 par
|move|p2a: Mienshao|Close Combat|p1a: Gholdengo
|-damage|p1a: Gholdengo|30/100 brn
|-unboost|p2a: Mienshao|def|1
|-unboost|p2a: Mienshao|spd|1
|
|-damage|p1a: Gholdengo|24/100 brn|[from] brn
|upkeep
|turn|33
|
|t:|1758299790
|move|p1a: Gholdengo|Hex|p2a: Mienshao
|-crit|p2a: Mienshao
|-damage|p2a: Mienshao|0 fnt
|faint|p2a: Mienshao
|
|-damage|p1a: Gholdengo|18/100 brn|[from] brn
|upkeep
|
|t:|1758299794
|switch|p2a: Vaporeon|Vaporeon, F|100/100
|-damage|p2a: Vaporeon|88/100|[from] Stealth Rock
|-activate|p2a: Vaporeon|move: Sticky Web
|-unboost|p2a: Vaporeon|spe|1
|turn|34
|
|t:|1758299800
|move|p1a: Gholdengo|Thunder Wave|p2a: Vaporeon
|-status|p2a: Vaporeon|par
|move|p2a: Vaporeon|Aqua Ring|p2a: Vaporeon
|-start|p2a: Vaporeon|Aqua Ring
|
|-heal|p2a: Vaporeon|94/100 par|[from] item: Leftovers
|-heal|p2a: Vaporeon|100/100 par|[from] Aqua Ring
|-damage|p1a: Gholdengo|12/100 brn|[from] brn
|upkeep
|turn|35
|
|t:|1758299803
|move|p1a: Gholdengo|Hex|p2a: Vaporeon
|-crit|p2a: Vaporeon
|-damage|p2a: Vaporeon|31/100 par
|move|p2a: Vaporeon|Calm Mind|p2a: Vaporeon
|-boost|p2a: Vaporeon|spa|1
|-boost|p2a: Vaporeon|spd|1
|
|-heal|p2a: Vaporeon|37/100 par|[from] item: Leftovers
|-heal|p2a: Vaporeon|44/100 par|[from] Aqua Ring
|-damage|p1a: Gholdengo|6/100 brn|[from] brn
|upkeep
|turn|36
|
|t:|1758299807
|move|p1a: Gholdengo|Hex|p2a: Vaporeon
|-damage|p2a: Vaporeon|13/100 par
|move|p2a: Vaporeon|Calm Mind|p2a: Vaporeon
|-boost|p2a: Vaporeon|spa|1
|-boost|p2a: Vaporeon|spd|1
|
|-heal|p2a: Vaporeon|19/100 par|[from] item: Leftovers
|-heal|p2a: Vaporeon|25/100 par|[from] Aqua Ring
|-damage|p1a: Gholdengo|0 fnt|[from] brn
|faint|p1a: Gholdengo
|upkeep
|
|t:|1758299809
|switch|p1a: Kyurem|Kyurem|19/100
|-ability|p1a: Kyurem|Pressure
|turn|37
|
|t:|1758299814
|move|p1a: Kyurem|Freeze-Dry|p2a: Vaporeon
|-supereffective|p2a: Vaporeon
|-damage|p2a: Vaporeon|0 fnt
|faint|p2a: Vaporeon
|
|win|AvrTingluPlayer
|raw|AvrTingluPlayer's rating: 1302 &rarr; <strong>1322</strong><br />(+20 for winning)
|raw|Pem779567 phone's rating: 1304 &rarr; <strong>1284</strong><br />(-20 for losing)
|l|☆AvrTingluPlayer
|player|p1|
|l|☆Pem779567 phone
|player|p2|
