|j|☆Sauronikov
|j|☆GodBananaBread
|t:|1758329787
|gametype|singles
|player|p1|Sauronikov|1|1349
|player|p2|GodBananaBread|steven|1454
|gen|9
|tier|[Gen 9] OU
|rated|
|rule|HP Percentage Mod: HP is shown in percentages
|rule|Endless Battle Clause: Forcing endless battles is banned
|rule|Species Clause: Limit one of each Pokémon
|rule|OHKO Clause: OHKO moves are banned
|rule|Evasion Items Clause: Evasion items are banned
|rule|Evasion Moves Clause: Evasion moves are banned
|rule|Evasion Abilities Clause: Evasion abilities are banned
|rule|Sleep Moves Clause: Sleep-inducing moves are banned
|clearpoke
|poke|p1|Grimmsnarl, M|
|poke|p1|Rhyperior, M|
|poke|p1|Revavroom, M|
|poke|p1|Raikou|
|poke|p1|Entei|
|poke|p1|Iron Boulder|
|poke|p2|Kingambit, F|
|poke|p2|Slowking-Galar, M|
|poke|p2|Samurott-Hisui, M|
|poke|p2|Raging Bolt|
|poke|p2|Glimmora, M|
|poke|p2|Cinderace, M|
|teampreview
|
|t:|1758329804
|teamsize|p1|6
|teamsize|p2|6
|start
|switch|p1a: Grimmsnarl|Grimmsnarl, M|100/100
|switch|p2a: Glimmora|Glimmora, M, shiny|100/100
|turn|1
|
|t:|1758329810
|move|p1a: Grimmsnarl|Taunt|p2a: Glimmora
|-start|p2a: Glimmora|move: Taunt
|cant|p2a: Glimmora|move: Taunt|Stealth Rock
|
|upkeep
|turn|2
|
|t:|1758329816
|move|p1a: Grimmsnarl|Light Screen|p1a: Grimmsnarl
|-sidestart|p1: Sauronikov|move: Light Screen
|move|p2a: Glimmora|Meteor Beam||[still]
|-prepare|p2a: Glimmora|Meteor Beam
|-boost|p2a: Glimmora|spa|1
|-enditem|p2a: Glimmora|Power Herb
|-anim|p2a: Glimmora|Meteor Beam|p1a: Grimmsnarl
|-damage|p1a: Grimmsnarl|58/100
|
|upkeep
|turn|3
|
|t:|1758329827
|move|p1a: Grimmsnarl|Reflect|p1a: Grimmsnarl
|-sidestart|p1: Sauronikov|Reflect
|move|p2a: Glimmora|Meteor Beam||[still]
|-prepare|p2a: Glimmora|Meteor Beam
|-boost|p2a: Glimmora|spa|1
|
|-end|p2a: Glimmora|move: Taunt
|upkeep
|turn|4
|
|t:|1758329835
|move|p1a: Grimmsnarl|Taunt|p2a: Glimmora
|-start|p2a: Glimmora|move: Taunt
|move|p2a: Glimmora|Meteor Beam|p1a: Grimmsnarl|[from] lockedmove
|-damage|p1a: Grimmsnarl|0 fnt
|faint|p1a: Grimmsnarl
|
|upkeep
|
|t:|1758329842
|switch|p1a: Rhyperior|Rhyperior, M, shiny|100/100
|turn|5
|
|t:|1758329846
|move|p2a: Glimmora|Energy Ball|p1a: Rhyperior
|-supereffective|p1a: Rhyperior
|-damage|p1a: Rhyperior|0 fnt
|faint|p1a: Rhyperior
|
|upkeep
|
|t:|1758329850
|switch|p1a: Iron Boulder|Iron Boulder|100/100
|turn|6
|
|t:|1758329857
|-terastallize|p2a: Glimmora|Grass
|move|p2a: Glimmora|Energy Ball|p1a: Iron Boulder
|-supereffective|p1a: Iron Boulder
|-damage|p1a: Iron Boulder|18/100
|-enditem|p1a: Iron Boulder|Weakness Policy
|-boost|p1a: Iron Boulder|atk|2|[from] item: Weakness Policy
|-boost|p1a: Iron Boulder|spa|2|[from] item: Weakness Policy
|move|p1a: Iron Boulder|Agility|p1a: Iron Boulder
|-boost|p1a: Iron Boulder|spe|2
|
|-end|p2a: Glimmora|move: Taunt
|upkeep
|turn|7
|
|t:|1758329892
|switch|p2a: Slowking|Slowking-Galar, M|100/100
|move|p1a: Iron Boulder|Close Combat|p2a: Slowking
|-resisted|p2a: Slowking
|-damage|p2a: Slowking|77/100
|-unboost|p1a: Iron Boulder|def|1
|-unboost|p1a: Iron Boulder|spd|1
|-damage|p1a: Iron Boulder|2/100|[from] item: Rocky Helmet|[of] p2a: Slowking
|
|upkeep
|turn|8
|
|t:|1758329902
|move|p1a: Iron Boulder|Mighty Cleave|p2a: Slowking
|-damage|p2a: Slowking|0 fnt
|-damage|p1a: Iron Boulder|0 fnt|[from] item: Rocky Helmet|[of] p2a: Slowking
|faint|p2a: Slowking
|faint|p1a: Iron Boulder
|-end|p1a: Iron Boulder|Quark Drive|[silent]
|
|upkeep
|
|t:|1758329915
|switch|p1a: Revavroom|Revavroom, M|100/100
|switch|p2a: Samurott|Samurott-Hisui, M|100/100
|turn|9
|
|t:|1758329923
|move|p2a: Samurott|Aqua Cutter|p1a: Revavroom
|-damage|p1a: Revavroom|76/100
|move|p1a: Revavroom|Shift Gear|p1a: Revavroom
|-boost|p1a: Revavroom|spe|2
|-boost|p1a: Revavroom|atk|1
|
|-sideend|p1: Sauronikov|move: Light Screen
|upkeep
|turn|10
|
|t:|1758329932
|move|p2a: Samurott|Aqua Cutter|p1a: Revavroom
|-damage|p1a: Revavroom|50/100
|move|p1a: Revavroom|Gunk Shot|p2a: Samurott
|-damage|p2a: Samurott|0 fnt
|faint|p2a: Samurott
|
|-sideend|p1: Sauronikov|Reflect
|upkeep
|
|t:|1758329945
|switch|p2a: Raging Bolt|Raging Bolt|100/100
|turn|11
|
|t:|1758329949
|-terastallize|p1a: Revavroom|Ground
|move|p2a: Raging Bolt|Thunderclap|p1a: Revavroom
|-immune|p1a: Revavroom
|move|p1a: Revavroom|High Horsepower|p2a: Raging Bolt
|-supereffective|p2a: Raging Bolt
|-damage|p2a: Raging Bolt|0 fnt
|faint|p2a: Raging Bolt
|-end|p2a: Raging Bolt|Protosynthesis|[silent]
|
|upkeep
|
|t:|1758329960
|switch|p2a: Kingambit|Kingambit, F|100/100
|-activate|p2a: Kingambit|ability: Supreme Overlord
|-start|p2a: Kingambit|fallen3|[silent]
|turn|12
|
|t:|1758329965
|move|p2a: Kingambit|Sucker Punch|p1a: Revavroom
|-damage|p1a: Revavroom|0 fnt
|faint|p1a: Revavroom
|-damage|p2a: Kingambit|91/100|[from] item: Life Orb
|
|upkeep
|
|t:|1758329967
|switch|p1a: Entei|Entei, shiny|100/100
|turn|13
|
|t:|1758329976
|-end|p2a: Kingambit|fallen3|[silent]
|switch|p2a: Cinderace|Cinderace, M|100/100
|move|p1a: Entei|Agility|p1a: Entei
|-boost|p1a: Entei|spe|2
|
|upkeep
|turn|14
|
|t:|1758329984
|move|p1a: Entei|Stomping Tantrum|p2a: Cinderace
|-supereffective|p2a: Cinderace
|-damage|p2a: Cinderace|28/100
|move|p2a: Cinderace|High Jump Kick|p1a: Entei
|-start|p2a: Cinderace|typechange|Fighting|[from] ability: Libero
|-damage|p1a: Entei|17/100
|
|upkeep
|turn|15
|
|t:|1758329994
|switch|p2a: Glimmora|Glimmora, M, shiny, tera:Grass|100/100
|move|p1a: Entei|Sacred Fire|p2a: Glimmora
|-supereffective|p2a: Glimmora
|-damage|p2a: Glimmora|0 fnt
|-activate|p2a: Glimmora|ability: Toxic Debris
|-sidestart|p1: Sauronikov|move: Toxic Spikes
|faint|p2a: Glimmora
|
|upkeep
|
|t:|1758330004
|switch|p2a: Cinderace|Cinderace, M|28/100
|turn|16
|
|t:|1758330008
|move|p2a: Cinderace|Sucker Punch|p1a: Entei
|-start|p2a: Cinderace|typechange|Dark|[from] ability: Libero
|-damage|p1a: Entei|0 fnt
|faint|p1a: Entei
|
|upkeep
|
|t:|1758330010
|switch|p1a: Raikou|Raikou, shiny|100/100
|-status|p1a: Raikou|psn
|turn|17
|
|t:|1758330018
|move|p2a: Cinderace|Sucker Punch|p1a: Raikou
|-damage|p1a: Raikou|43/100 psn
|move|p1a: Raikou|Aura Sphere|p2a: Cinderace
|-supereffective|p2a: Cinderace
|-damage|p2a: Cinderace|0 fnt
|faint|p2a: Cinderace
|
|-damage|p1a: Raikou|30/100 psn|[from] psn
|upkeep
|
|t:|1758330028
|switch|p2a: Kingambit|Kingambit, F|91/100
|-activate|p2a: Kingambit|ability: Supreme Overlord
|-start|p2a: Kingambit|fallen5|[silent]
|turn|18
|
|t:|1758330030
|move|p2a: Kingambit|Sucker Punch||[still]
|-fail|p2a: Kingambit
|move|p1a: Raikou|Agility|p1a: Raikou
|-boost|p1a: Raikou|spe|2
|
|-damage|p1a: Raikou|18/100 psn|[from] psn
|upkeep
|turn|19
|
|t:|1758330038
|move|p2a: Kingambit|Sucker Punch|p1a: Raikou
|-damage|p1a: Raikou|0 fnt
|faint|p1a: Raikou
|-damage|p2a: Kingambit|81/100|[from] item: Life Orb
|
|win|GodBananaBread
|raw|Sauronikov's rating: 1349 &rarr; <strong>1335</strong><br />(-14 for losing)
|raw|GodBananaBread's rating: 1454 &rarr; <strong>1468</strong><br />(+14 for winning)
|l|☆Sauronikov
|player|p1|
|l|☆GodBananaBread
|player|p2|
