|j|☆levi6969
|j|☆Korosion
|t:|1758348245
|gametype|singles
|player|p1|levi6969|170|1255
|player|p2|Korosion|grimsley|1239
|gen|9
|tier|[Gen 9] OU
|rated|
|rule|HP Percentage Mod: HP is shown in percentages
|rule|Endless Battle Clause: Forcing endless battles is banned
|rule|Species Clause: Limit one of each Pokémon
|rule|OHKO Clause: OHKO moves are banned
|rule|Evasion Items Clause: Evasion items are banned
|rule|Evasion Moves Clause: Evasion moves are banned
|rule|Evasion Abilities Clause: Evasion abilities are banned
|rule|Sleep Moves Clause: Sleep-inducing moves are banned
|clearpoke
|poke|p1|Empoleon, M|
|poke|p1|Kingambit, F|
|poke|p1|Hoopa-Unbound|
|poke|p1|Landorus-Therian, M|
|poke|p1|Dragapult, F|
|poke|p1|Great Tusk|
|poke|p2|Gliscor, M|
|poke|p2|Skarmory, F|
|poke|p2|Dragapult, M|
|poke|p2|Kingambit, F|
|poke|p2|Skeledirge, M|
|poke|p2|Araquanid, F|
|teampreview
|
|t:|1758348260
|teamsize|p1|6
|teamsize|p2|6
|start
|switch|p1a: Hoopa|Hoopa-Unbound|100/100
|switch|p2a: Araquanid|Araquanid, F|100/100
|turn|1
|inactive|Battle timer is ON: inactive players will automatically lose when time's up. (requested by levi6969)
|
|t:|1758348273
|-terastallize|p2a: Araquanid|Water
|move|p2a: Araquanid|Liquidation|p1a: Hoopa
|-damage|p1a: Hoopa|0 fnt
|faint|p1a: Hoopa
|
|upkeep
|
|t:|1758348290
|switch|p1a: Dragapult|Dragapult, F|100/100
|turn|2
|
|t:|1758348306
|move|p1a: Dragapult|Will-O-Wisp|p2a: Araquanid
|-immune|p2a: Araquanid|[from] ability: Water Bubble
|move|p2a: Araquanid|Endeavor|p1a: Dragapult
|-immune|p1a: Dragapult
|
|upkeep
|turn|3
|
|t:|1758348312
|move|p1a: Dragapult|Dragon Darts|p2a: Araquanid
|-damage|p2a: Araquanid|75/100
|-anim|p1a: Dragapult|Dragon Darts|p2a: Araquanid
|-damage|p2a: Araquanid|45/100
|move|p2a: Araquanid|Liquidation|p1a: Dragapult
|-resisted|p1a: Dragapult
|-damage|p1a: Dragapult|30/100
|
|upkeep
|turn|4
|
|t:|1758348317
|move|p1a: Dragapult|Dragon Darts|p2a: Araquanid
|-damage|p2a: Araquanid|18/100
|-anim|p1a: Dragapult|Dragon Darts|p2a: Araquanid
|-damage|p2a: Araquanid|0 fnt
|faint|p2a: Araquanid
|
|upkeep
|
|t:|1758348326
|switch|p2a: Kingambit|Kingambit, F|100/100
|-activate|p2a: Kingambit|ability: Supreme Overlord
|-start|p2a: Kingambit|fallen1|[silent]
|turn|5
|
|t:|1758348335
|move|p1a: Dragapult|Will-O-Wisp|p2a: Kingambit
|-status|p2a: Kingambit|brn
|move|p2a: Kingambit|Swords Dance|p2a: Kingambit
|-boost|p2a: Kingambit|atk|2
|
|-damage|p2a: Kingambit|94/100 brn|[from] brn
|upkeep
|turn|6
|
|t:|1758348342
|switch|p1a: Landorus|Landorus-Therian, M|100/100
|-ability|p1a: Landorus|Intimidate|boost
|-unboost|p2a: Kingambit|atk|1
|move|p2a: Kingambit|Sucker Punch||[still]
|-fail|p2a: Kingambit
|
|-damage|p2a: Kingambit|88/100 brn|[from] brn
|upkeep
|turn|7
|
|t:|1758348348
|move|p1a: Landorus|Taunt|p2a: Kingambit
|-start|p2a: Kingambit|move: Taunt
|move|p2a: Kingambit|Kowtow Cleave|p1a: Landorus
|-damage|p1a: Landorus|60/100
|-damage|p2a: Kingambit|72/100 brn|[from] item: Rocky Helmet|[of] p1a: Landorus
|
|-damage|p2a: Kingambit|66/100 brn|[from] brn
|upkeep
|turn|8
|
|t:|1758348354
|move|p1a: Landorus|Stealth Rock|p2a: Kingambit
|-sidestart|p2: Korosion|move: Stealth Rock
|move|p2a: Kingambit|Kowtow Cleave|p1a: Landorus
|-damage|p1a: Landorus|18/100
|-damage|p2a: Kingambit|49/100 brn|[from] item: Rocky Helmet|[of] p1a: Landorus
|
|-damage|p2a: Kingambit|43/100 brn|[from] brn
|upkeep
|turn|9
|
|t:|1758348359
|move|p1a: Landorus|Earth Power|p2a: Kingambit
|-supereffective|p2a: Kingambit
|-damage|p2a: Kingambit|0 fnt
|faint|p2a: Kingambit
|-end|p2a: Kingambit|fallen1|[silent]
|
|upkeep
|
|t:|1758348363
|switch|p2a: Dragapult|Dragapult, M, shiny|100/100
|-damage|p2a: Dragapult|88/100|[from] Stealth Rock
|turn|10
|
|t:|1758348372
|switch|p1a: Kingambit|Kingambit, F|100/100
|-activate|p1a: Kingambit|ability: Supreme Overlord
|-start|p1a: Kingambit|fallen1|[silent]
|move|p2a: Dragapult|U-turn|p1a: Kingambit
|-damage|p1a: Kingambit|74/100
|-damage|p2a: Dragapult|78/100|[from] item: Life Orb
|
|t:|1758348377
|switch|p2a: Skeledirge|Skeledirge, M|100/100|[from] U-turn
|-damage|p2a: Skeledirge|75/100|[from] Stealth Rock
|
|-heal|p2a: Skeledirge|82/100|[from] item: Leftovers
|upkeep
|turn|11
|
|t:|1758348381
|move|p1a: Kingambit|Kowtow Cleave|p2a: Skeledirge
|-supereffective|p2a: Skeledirge
|-damage|p2a: Skeledirge|0 fnt
|faint|p2a: Skeledirge
|
|upkeep
|
|t:|1758348385
|switch|p2a: Gliscor|Gliscor, M|100/100
|-damage|p2a: Gliscor|88/100|[from] Stealth Rock
|turn|12
|
|t:|1758348390
|-end|p1a: Kingambit|fallen1|[silent]
|switch|p1a: Empoleon|Empoleon, M|100/100
|move|p2a: Gliscor|Protect||[still]
|-fail|p2a: Gliscor
|
|-status|p2a: Gliscor|tox|[from] item: Toxic Orb
|upkeep
|turn|13
|
|t:|1758348394
|move|p2a: Gliscor|Earthquake|p1a: Empoleon
|-supereffective|p1a: Empoleon
|-damage|p1a: Empoleon|14/100
|move|p1a: Empoleon|Surf|p2a: Gliscor
|-supereffective|p2a: Gliscor
|-damage|p2a: Gliscor|0 fnt
|faint|p2a: Gliscor
|
|upkeep
|
|t:|1758348399
|switch|p2a: Dragapult|Dragapult, M, shiny|78/100
|-damage|p2a: Dragapult|66/100|[from] Stealth Rock
|turn|14
|
|t:|1758348405
|switch|p1a: Landorus|Landorus-Therian, M|18/100
|-ability|p1a: Landorus|Intimidate|boost
|-fail|p2a: Dragapult|unboost|[from] ability: Clear Body|[of] p2a: Dragapult
|move|p2a: Dragapult|Dragon Darts|p1a: Landorus
|-damage|p1a: Landorus|0 fnt
|faint|p1a: Landorus
|-damage|p2a: Dragapult|56/100|[from] item: Life Orb
|
|upkeep
|
|t:|1758348424
|switch|p1a: Great Tusk|Great Tusk|100/100
|turn|15
|
|t:|1758348435
|move|p1a: Great Tusk|Ice Spinner|p2a: Dragapult
|-supereffective|p2a: Dragapult
|-crit|p2a: Dragapult
|-damage|p2a: Dragapult|0 fnt
|faint|p2a: Dragapult
|
|upkeep
|
|t:|1758348437
|switch|p2a: Skarmory|Skarmory, F|100/100
|-damage|p2a: Skarmory|88/100|[from] Stealth Rock
|turn|16
|
|t:|1758348446
|-end|p1a: Great Tusk|Protosynthesis|[silent]
|switch|p1a: Empoleon|Empoleon, M|14/100
|move|p2a: Skarmory|Iron Defense|p2a: Skarmory
|-boost|p2a: Skarmory|def|2
|
|upkeep
|turn|17
|-message|Korosion forfeited.
|
|win|levi6969
|raw|levi6969's rating: 1255 &rarr; <strong>1279</strong><br />(+24 for winning)
|raw|Korosion's rating: 1239 &rarr; <strong>1215</strong><br />(-24 for losing)
|l|☆Korosion
|player|p2|
|l|☆levi6969
|player|p1|
