|j|☆marezi
|j|☆whelp_wka
|t:|1758260841
|gametype|singles
|player|p1|marezi|chili|1219
|player|p2|whelp_wka|101|1269
|gen|9
|tier|[Gen 9] OU
|rated|
|rule|HP Percentage Mod: HP is shown in percentages
|rule|Endless Battle Clause: Forcing endless battles is banned
|rule|Species Clause: Limit one of each Pokémon
|rule|OHKO Clause: OHKO moves are banned
|rule|Evasion Items Clause: Evasion items are banned
|rule|Evasion Moves Clause: Evasion moves are banned
|rule|Evasion Abilities Clause: Evasion abilities are banned
|rule|Sleep Moves Clause: Sleep-inducing moves are banned
|clearpoke
|poke|p1|Kilowattrel, F|
|poke|p1|Scrafty, F|
|poke|p1|Haxorus, M|
|poke|p1|Garganacl, F|
|poke|p1|Gastrodon-East, F|
|poke|p1|Weezing-Galar, F|
|poke|p2|Dragonite, F|
|poke|p2|Zamazenta-*|
|poke|p2|Landorus-Therian, M|
|poke|p2|Gholdengo|
|poke|p2|Darkrai|
|poke|p2|Hatterene, F|
|teampreview
|inactive|Battle timer is ON: inactive players will automatically lose when time's up. (requested by marezi)
|
|t:|1758260853
|teamsize|p1|6
|teamsize|p2|6
|start
|switch|p1a: Haxorus|Haxorus, M, shiny|100/100
|switch|p2a: Landorus|Landorus-Therian, M|100/100
|-ability|p1a: Haxorus|Mold Breaker
|-ability|p2a: Landorus|Intimidate|boost
|-unboost|p1a: Haxorus|atk|1
|turn|1
|
|t:|1758260862
|switch|p1a: Gastrodon|Gastrodon-East, F|100/100
|switch|p2a: Hatterene|Hatterene, F|100/100
|
|upkeep
|turn|2
|
|t:|1758260876
|move|p1a: Gastrodon|Earth Power|p2a: Hatterene
|-damage|p2a: Hatterene|82/100
|move|p2a: Hatterene|Psyshock|p1a: Gastrodon
|-damage|p1a: Gastrodon|56/100
|
|-heal|p1a: Gastrodon|62/100|[from] item: Leftovers
|upkeep
|turn|3
|
|t:|1758260887
|switch|p1a: Scrafty|Scrafty, F|100/100
|-ability|p1a: Scrafty|Intimidate|boost
|-unboost|p2a: Hatterene|atk|1
|move|p2a: Hatterene|Draining Kiss|p1a: Scrafty
|-supereffective|p1a: Scrafty
|-damage|p1a: Scrafty|39/100
|-heal|p2a: Hatterene|100/100|[from] drain|[of] p1a: Scrafty
|
|upkeep
|turn|4
|
|t:|1758260904
|switch|p2a: Gholdengo|Gholdengo|100/100
|move|p1a: Scrafty|Fake Out|p2a: Gholdengo
|-immune|p2a: Gholdengo
|
|upkeep
|turn|5
|
|t:|1758260910
|move|p2a: Gholdengo|Nasty Plot|p2a: Gholdengo
|-boost|p2a: Gholdengo|spa|2
|move|p1a: Scrafty|Knock Off|p2a: Gholdengo
|-supereffective|p2a: Gholdengo
|-damage|p2a: Gholdengo|37/100
|-enditem|p2a: Gholdengo|Metal Coat|[from] move: Knock Off|[of] p1a: Scrafty
|
|upkeep
|turn|6
|
|t:|1758260919
|switch|p1a: Gastrodon|Gastrodon-East, F|62/100
|move|p2a: Gholdengo|Thunderbolt|p1a: Gastrodon
|-immune|p1a: Gastrodon
|
|-heal|p1a: Gastrodon|68/100|[from] item: Leftovers
|upkeep
|turn|7
|
|t:|1758260928
|move|p2a: Gholdengo|Make It Rain|p1a: Gastrodon
|-resisted|p1a: Gastrodon
|-damage|p1a: Gastrodon|21/100
|-unboost|p2a: Gholdengo|spa|1
|move|p1a: Gastrodon|Stealth Rock|p2a: Gholdengo
|-sidestart|p2: whelp_wka|move: Stealth Rock
|
|-heal|p1a: Gastrodon|27/100|[from] item: Leftovers
|upkeep
|turn|8
|
|t:|1758260941
|move|p2a: Gholdengo|Make It Rain|p1a: Gastrodon
|-resisted|p1a: Gastrodon
|-damage|p1a: Gastrodon|0 fnt
|-unboost|p2a: Gholdengo|spa|1
|faint|p1a: Gastrodon
|
|upkeep
|
|t:|1758260948
|switch|p1a: Kilowattrel|Kilowattrel, F|100/100
|turn|9
|
|t:|1758260955
|move|p1a: Kilowattrel|Thunderbolt|p2a: Gholdengo
|-damage|p2a: Gholdengo|0 fnt
|faint|p2a: Gholdengo
|
|upkeep
|
|t:|1758260961
|switch|p2a: Landorus|Landorus-Therian, M|100/100
|-damage|p2a: Landorus|88/100|[from] Stealth Rock
|-ability|p2a: Landorus|Intimidate|boost
|-unboost|p1a: Kilowattrel|atk|1
|turn|10
|
|t:|1758260964
|switch|p1a: Scrafty|Scrafty, F|39/100
|-ability|p1a: Scrafty|Intimidate|boost
|-unboost|p2a: Landorus|atk|1
|move|p2a: Landorus|Stealth Rock|p1a: Scrafty
|-sidestart|p1: marezi|move: Stealth Rock
|
|upkeep
|turn|11
|
|t:|1758260970
|move|p1a: Scrafty|Fake Out|p2a: Landorus
|-damage|p2a: Landorus|80/100
|-damage|p1a: Scrafty|22/100|[from] item: Rocky Helmet|[of] p2a: Landorus
|cant|p2a: Landorus|flinch
|
|upkeep
|turn|12
|
|t:|1758260974
|move|p2a: Landorus|U-turn|p1a: Scrafty
|-damage|p1a: Scrafty|5/100
|
|t:|1758260977
|switch|p2a: Hatterene|Hatterene, F|100/100|[from] U-turn
|-damage|p2a: Hatterene|88/100|[from] Stealth Rock
|move|p1a: Scrafty|Knock Off|p2a: Hatterene
|-damage|p2a: Hatterene|53/100
|-enditem|p2a: Hatterene|Assault Vest|[from] move: Knock Off|[of] p1a: Scrafty
|
|upkeep
|turn|13
|
|t:|1758260986
|move|p1a: Scrafty|Iron Head|p2a: Hatterene
|-supereffective|p2a: Hatterene
|-damage|p2a: Hatterene|18/100
|move|p2a: Hatterene|Draining Kiss|p1a: Scrafty
|-supereffective|p1a: Scrafty
|-damage|p1a: Scrafty|0 fnt
|-heal|p2a: Hatterene|20/100|[from] drain|[of] p1a: Scrafty
|faint|p1a: Scrafty
|
|upkeep
|
|t:|1758260994
|switch|p1a: Weezing|Weezing-Galar, F|100/100
|-damage|p1a: Weezing|88/100|[from] Stealth Rock
|turn|14
|
|t:|1758261005
|move|p1a: Weezing|Sludge Bomb|p2a: Hatterene
|-supereffective|p2a: Hatterene
|-damage|p2a: Hatterene|0 fnt
|faint|p2a: Hatterene
|
|-heal|p1a: Weezing|94/100|[from] item: Leftovers
|upkeep
|
|t:|1758261017
|switch|p2a: Zamazenta|Zamazenta|100/100
|-damage|p2a: Zamazenta|94/100|[from] Stealth Rock
|-ability|p2a: Zamazenta|Dauntless Shield|boost
|-boost|p2a: Zamazenta|def|1
|turn|15
|
|t:|1758261022
|move|p2a: Zamazenta|Iron Defense|p2a: Zamazenta
|-boost|p2a: Zamazenta|def|2
|move|p1a: Weezing|Will-O-Wisp|p2a: Zamazenta|[miss]
|-miss|p1a: Weezing|p2a: Zamazenta
|
|-heal|p2a: Zamazenta|100/100|[from] item: Leftovers
|-heal|p1a: Weezing|99/100|[from] item: Leftovers
|upkeep
|turn|16
|
|t:|1758261026
|move|p2a: Zamazenta|Iron Defense|p2a: Zamazenta
|-boost|p2a: Zamazenta|def|2
|move|p1a: Weezing|Will-O-Wisp|p2a: Zamazenta
|-status|p2a: Zamazenta|brn
|
|-heal|p1a: Weezing|100/100|[from] item: Leftovers
|-damage|p2a: Zamazenta|94/100 brn|[from] brn
|upkeep
|turn|17
|
|t:|1758261031
|move|p1a: Weezing|Defog|p2a: Zamazenta
|-unboost|p2a: Zamazenta|evasion|1
|-sideend|p2: whelp_wka|Stealth Rock|[from] move: Defog|[of] p1a: Weezing
|-sideend|p1: marezi|Stealth Rock|[from] move: Defog|[of] p1a: Weezing
|move|p2a: Zamazenta|Roar|p1a: Weezing
|drag|p1a: Kilowattrel|Kilowattrel, F|100/100
|
|-heal|p2a: Zamazenta|100/100 brn|[from] item: Leftovers
|-damage|p2a: Zamazenta|94/100 brn|[from] brn
|upkeep
|turn|18
|
|t:|1758261042
|switch|p1a: Weezing|Weezing-Galar, F|100/100
|move|p2a: Zamazenta|Crunch|p1a: Weezing
|-resisted|p1a: Weezing
|-damage|p1a: Weezing|97/100
|
|-heal|p2a: Zamazenta|100/100 brn|[from] item: Leftovers
|-heal|p1a: Weezing|100/100|[from] item: Leftovers
|-damage|p2a: Zamazenta|94/100 brn|[from] brn
|upkeep
|turn|19
|
|t:|1758261050
|move|p2a: Zamazenta|Body Press|p1a: Weezing
|-resisted|p1a: Weezing
|-damage|p1a: Weezing|90/100
|move|p1a: Weezing|Dazzling Gleam|p2a: Zamazenta
|-supereffective|p2a: Zamazenta
|-damage|p2a: Zamazenta|48/100 brn
|
|-heal|p2a: Zamazenta|54/100 brn|[from] item: Leftovers
|-heal|p1a: Weezing|96/100|[from] item: Leftovers
|-damage|p2a: Zamazenta|48/100 brn|[from] brn
|upkeep
|turn|20
|
|t:|1758261060
|move|p2a: Zamazenta|Body Press|p1a: Weezing
|-resisted|p1a: Weezing
|-damage|p1a: Weezing|85/100
|move|p1a: Weezing|Dazzling Gleam|p2a: Zamazenta
|-supereffective|p2a: Zamazenta
|-damage|p2a: Zamazenta|0 fnt
|faint|p2a: Zamazenta
|
|-heal|p1a: Weezing|91/100|[from] item: Leftovers
|upkeep
|
|t:|1758261065
|switch|p2a: Dragonite|Dragonite, F|100/100
|turn|21
|
|t:|1758261074
|move|p2a: Dragonite|Dragon Dance|p2a: Dragonite
|-boost|p2a: Dragonite|atk|1
|-boost|p2a: Dragonite|spe|1
|move|p1a: Weezing|Will-O-Wisp|p2a: Dragonite
|-status|p2a: Dragonite|brn
|-enditem|p2a: Dragonite|Lum Berry|[eat]
|-curestatus|p2a: Dragonite|brn|[msg]
|
|-heal|p1a: Weezing|97/100|[from] item: Leftovers
|upkeep
|turn|22
|
|t:|1758261081
|move|p2a: Dragonite|Earthquake|p1a: Weezing
|-immune|p1a: Weezing|[from] ability: Levitate
|move|p1a: Weezing|Will-O-Wisp|p2a: Dragonite
|-status|p2a: Dragonite|brn
|
|-heal|p1a: Weezing|100/100|[from] item: Leftovers
|-damage|p2a: Dragonite|94/100 brn|[from] brn
|upkeep
|turn|23
|
|t:|1758261087
|move|p2a: Dragonite|Dragon Dance|p2a: Dragonite
|-boost|p2a: Dragonite|atk|1
|-boost|p2a: Dragonite|spe|1
|move|p1a: Weezing|Dazzling Gleam|p2a: Dragonite
|-supereffective|p2a: Dragonite
|-damage|p2a: Dragonite|44/100 brn
|
|-damage|p2a: Dragonite|38/100 brn|[from] brn
|upkeep
|turn|24
|
|t:|1758261093
|-terastallize|p2a: Dragonite|Flying
|move|p2a: Dragonite|Tera Blast|p1a: Weezing|[anim] Tera Blast Flying
|-crit|p1a: Weezing
|-damage|p1a: Weezing|45/100
|move|p1a: Weezing|Dazzling Gleam|p2a: Dragonite
|-damage|p2a: Dragonite|13/100 brn
|
|-heal|p1a: Weezing|51/100|[from] item: Leftovers
|-damage|p2a: Dragonite|6/100 brn|[from] brn
|upkeep
|turn|25
|
|t:|1758261105
|switch|p1a: Garganacl|Garganacl, F|100/100
|move|p2a: Dragonite|Tera Blast|p1a: Garganacl|[anim] Tera Blast Flying
|-resisted|p1a: Garganacl
|-damage|p1a: Garganacl|86/100
|
|-heal|p1a: Garganacl|92/100|[from] item: Leftovers
|-damage|p2a: Dragonite|0 fnt|[from] brn
|faint|p2a: Dragonite
|upkeep
|
|t:|1758261111
|switch|p2a: Darkrai|Darkrai|100/100
|turn|26
|
|t:|1758261116
|move|p2a: Darkrai|Dark Pulse|p1a: Garganacl
|-damage|p1a: Garganacl|55/100
|cant|p1a: Garganacl|flinch
|
|-heal|p1a: Garganacl|61/100|[from] item: Leftovers
|upkeep
|turn|27
|
|t:|1758261125
|move|p2a: Darkrai|Will-O-Wisp|p1a: Garganacl
|-immune|p1a: Garganacl|[from] ability: Purifying Salt
|move|p1a: Garganacl|Salt Cure|p2a: Darkrai
|-damage|p2a: Darkrai|83/100
|-start|p2a: Darkrai|Salt Cure
|
|-heal|p1a: Garganacl|67/100|[from] item: Leftovers
|-damage|p2a: Darkrai|71/100|[from] Salt Cure
|upkeep
|turn|28
|
|t:|1758261131
|move|p2a: Darkrai|Taunt|p1a: Garganacl
|-start|p1a: Garganacl|move: Taunt
|cant|p1a: Garganacl|move: Taunt|Recover
|
|-heal|p1a: Garganacl|74/100|[from] item: Leftovers
|-damage|p2a: Darkrai|59/100|[from] Salt Cure
|upkeep
|turn|29
|
|t:|1758261134
|move|p2a: Darkrai|Dark Pulse|p1a: Garganacl
|-damage|p1a: Garganacl|39/100
|move|p1a: Garganacl|Body Press|p2a: Darkrai
|-supereffective|p2a: Darkrai
|-damage|p2a: Darkrai|0 fnt
|faint|p2a: Darkrai
|
|-heal|p1a: Garganacl|45/100|[from] item: Leftovers
|upkeep
|
|t:|1758261137
|switch|p2a: Landorus|Landorus-Therian, M|80/100
|-ability|p2a: Landorus|Intimidate|boost
|-unboost|p1a: Garganacl|atk|1
|turn|30
|
|t:|1758261141
|move|p2a: Landorus|Earthquake|p1a: Garganacl
|-supereffective|p1a: Garganacl
|-damage|p1a: Garganacl|0 fnt
|faint|p1a: Garganacl
|
|upkeep
|
|t:|1758261144
|switch|p1a: Kilowattrel|Kilowattrel, F|100/100
|turn|31
|
|t:|1758261146
|-terastallize|p1a: Kilowattrel|Ice
|move|p1a: Kilowattrel|Tera Blast|p2a: Landorus|[anim] Tera Blast Ice
|-supereffective|p2a: Landorus
|-damage|p2a: Landorus|0 fnt
|faint|p2a: Landorus
|
|win|marezi
|raw|marezi's rating: 1219 &rarr; <strong>1248</strong><br />(+29 for winning)
|raw|whelp_wka's rating: 1269 &rarr; <strong>1240</strong><br />(-29 for losing)
|l|☆whelp_wka
|player|p2|
|l|☆marezi
|player|p1|
