|j|☆gingerbreadmen69
|j|☆Trumpismessiah
|t:|1758243646
|gametype|singles
|player|p1|gingerbreadmen69|hooligans|1303
|player|p2|Trumpismessiah|102|1318
|gen|9
|tier|[Gen 9] OU
|rated|
|rule|HP Percentage Mod: HP is shown in percentages
|rule|Endless Battle Clause: Forcing endless battles is banned
|rule|Species Clause: Limit one of each Pokémon
|rule|OHKO Clause: OHKO moves are banned
|rule|Evasion Items Clause: Evasion items are banned
|rule|Evasion Moves Clause: Evasion moves are banned
|rule|Evasion Abilities Clause: Evasion abilities are banned
|rule|Sleep Moves Clause: Sleep-inducing moves are banned
|clearpoke
|poke|p1|Samurott-Hisui, M|
|poke|p1|Rillaboom, F|
|poke|p1|Zapdos|
|poke|p1|Zamazenta-*|
|poke|p1|Kingambit, F|
|poke|p1|Hatterene, F|
|poke|p2|Snorlax, M|
|poke|p2|Gengar, M|
|poke|p2|Moltres|
|poke|p2|Vileplume, F|
|poke|p2|Vaporeon, F|
|poke|p2|Tauros, M|
|teampreview
|inactive|Battle timer is ON: inactive players will automatically lose when time's up. (requested by Trumpismessiah)
|
|t:|1758243685
|teamsize|p1|6
|teamsize|p2|6
|start
|switch|p1a: Rillaboom|Rillaboom, F|100/100
|switch|p2a: Vileplume|Vileplume, F|100/100
|-fieldstart|move: Grassy Terrain|[from] ability: Grassy Surge|[of] p1a: Rillaboom
|turn|1
|
|t:|1758243709
|move|p1a: Rillaboom|U-turn|p2a: Vileplume
|-damage|p2a: Vileplume|72/100
|-damage|p1a: Rillaboom|84/100|[from] item: Rocky Helmet|[of] p2a: Vileplume
|
|t:|1758243713
|switch|p1a: Kingambit|Kingambit, F|100/100|[from] U-turn
|move|p2a: Vileplume|Sludge Bomb|p1a: Kingambit
|-immune|p1a: Kingambit
|
|-heal|p2a: Vileplume|78/100|[from] Grassy Terrain
|upkeep
|turn|2
|
|t:|1758243717
|move|p1a: Kingambit|Kowtow Cleave|p2a: Vileplume
|-damage|p2a: Vileplume|40/100
|-damage|p1a: Kingambit|84/100|[from] item: Rocky Helmet|[of] p2a: Vileplume
|move|p2a: Vileplume|Sludge Bomb|p1a: Kingambit
|-immune|p1a: Kingambit
|
|-heal|p1a: Kingambit|90/100|[from] Grassy Terrain
|-heal|p1a: Kingambit|96/100|[from] item: Leftovers
|-heal|p2a: Vileplume|46/100|[from] Grassy Terrain
|upkeep
|turn|3
|
|t:|1758243721
|move|p1a: Kingambit|Swords Dance|p1a: Kingambit
|-boost|p1a: Kingambit|atk|2
|move|p2a: Vileplume|Strength Sap|p1a: Kingambit
|-unboost|p1a: Kingambit|atk|1
|-heal|p2a: Vileplume|100/100
|
|-heal|p1a: Kingambit|100/100|[from] Grassy Terrain
|upkeep
|turn|4
|
|t:|1758243724
|switch|p2a: Moltres|Moltres|100/100
|move|p1a: Kingambit|Iron Head|p2a: Moltres
|-resisted|p2a: Moltres
|-damage|p2a: Moltres|75/100
|
|upkeep
|turn|5
|
|t:|1758243729
|-end|p1a: Kingambit|fallenundefined|[silent]
|switch|p1a: Hatterene|Hatterene, F|100/100
|move|p2a: Moltres|Will-O-Wisp|p1a: Hatterene
|move|p1a: Hatterene|Will-O-Wisp|p2a: Moltres|[from] ability: Magic Bounce
|-immune|p2a: Moltres
|
|-fieldend|move: Grassy Terrain
|upkeep
|turn|6
|
|t:|1758243731
|move|p2a: Moltres|U-turn|p1a: Hatterene
|-damage|p1a: Hatterene|89/100
|
|t:|1758243734
|switch|p2a: Vaporeon|Vaporeon, F|100/100|[from] U-turn
|move|p1a: Hatterene|Calm Mind|p1a: Hatterene
|-boost|p1a: Hatterene|spa|1
|-boost|p1a: Hatterene|spd|1
|
|-heal|p1a: Hatterene|95/100|[from] item: Leftovers
|upkeep
|turn|7
|
|t:|1758243738
|move|p2a: Vaporeon|Shadow Ball|p1a: Hatterene
|-supereffective|p1a: Hatterene
|-damage|p1a: Hatterene|64/100
|-unboost|p1a: Hatterene|spd|1
|move|p1a: Hatterene|Psyshock|p2a: Vaporeon
|-damage|p2a: Vaporeon|40/100
|
|-heal|p2a: Vaporeon|46/100|[from] item: Leftovers
|-heal|p1a: Hatterene|70/100|[from] item: Leftovers
|upkeep
|turn|8
|
|t:|1758243742
|move|p2a: Vaporeon|Protect|p2a: Vaporeon
|-singleturn|p2a: Vaporeon|Protect
|move|p1a: Hatterene|Draining Kiss|p2a: Vaporeon
|-activate|p2a: Vaporeon|move: Protect
|
|-heal|p2a: Vaporeon|52/100|[from] item: Leftovers
|-heal|p1a: Hatterene|76/100|[from] item: Leftovers
|upkeep
|turn|9
|
|t:|1758243747
|move|p2a: Vaporeon|Wish|p2a: Vaporeon
|move|p1a: Hatterene|Draining Kiss|p2a: Vaporeon
|-damage|p2a: Vaporeon|33/100
|-heal|p1a: Hatterene|97/100|[from] drain|[of] p2a: Vaporeon
|
|-heal|p2a: Vaporeon|40/100|[from] item: Leftovers
|-heal|p1a: Hatterene|100/100|[from] item: Leftovers
|upkeep
|turn|10
|
|t:|1758243749
|move|p2a: Vaporeon|Protect|p2a: Vaporeon
|-singleturn|p2a: Vaporeon|Protect
|move|p1a: Hatterene|Calm Mind|p1a: Hatterene
|-boost|p1a: Hatterene|spa|1
|-boost|p1a: Hatterene|spd|1
|
|-heal|p2a: Vaporeon|90/100|[from] move: Wish|[wisher] Vaporeon
|-heal|p2a: Vaporeon|96/100|[from] item: Leftovers
|upkeep
|turn|11
|
|t:|1758243753
|switch|p2a: Gengar|Gengar, M|100/100
|move|p1a: Hatterene|Mystical Fire|p2a: Gengar
|-damage|p2a: Gengar|28/100
|-unboost|p2a: Gengar|spa|1
|-start|p1a: Hatterene|Disable|Mystical Fire|[from] ability: Cursed Body|[of] p2a: Gengar
|
|upkeep
|turn|12
|
|t:|1758243758
|move|p2a: Gengar|Sludge Wave|p1a: Hatterene
|-supereffective|p1a: Hatterene
|-damage|p1a: Hatterene|51/100
|-status|p1a: Hatterene|psn
|move|p1a: Hatterene|Psyshock|p2a: Gengar
|-supereffective|p2a: Gengar
|-damage|p2a: Gengar|0 fnt
|faint|p2a: Gengar
|
|-heal|p1a: Hatterene|57/100 psn|[from] item: Leftovers
|-damage|p1a: Hatterene|45/100 psn|[from] psn
|upkeep
|
|t:|1758243763
|switch|p2a: Tauros|Tauros, M|100/100
|turn|13
|
|t:|1758243767
|switch|p1a: Zapdos|Zapdos|100/100
|move|p2a: Tauros|Body Slam|p1a: Zapdos
|-damage|p1a: Zapdos|17/100
|
|upkeep
|turn|14
|
|t:|1758243772
|move|p1a: Zapdos|Hurricane|p2a: Tauros
|-damage|p2a: Tauros|7/100
|move|p2a: Tauros|Body Slam|p1a: Zapdos
|-damage|p1a: Zapdos|0 fnt
|faint|p1a: Zapdos
|
|upkeep
|
|t:|1758243778
|switch|p1a: Samurott|Samurott-Hisui, M, shiny|100/100
|turn|15
|
|t:|1758243784
|switch|p2a: Vileplume|Vileplume, F|100/100
|move|p1a: Samurott|Ceaseless Edge|p2a: Vileplume
|-damage|p2a: Vileplume|65/100
|-damage|p1a: Samurott|84/100|[from] item: Rocky Helmet|[of] p2a: Vileplume
|-sidestart|p2: Trumpismessiah|Spikes
|
|upkeep
|turn|16
|
|t:|1758243789
|move|p1a: Samurott|Ceaseless Edge|p2a: Vileplume
|-damage|p2a: Vileplume|30/100
|-damage|p1a: Samurott|67/100|[from] item: Rocky Helmet|[of] p2a: Vileplume
|-sidestart|p2: Trumpismessiah|Spikes
|move|p2a: Vileplume|Strength Sap|p1a: Samurott
|-unboost|p1a: Samurott|atk|1
|-heal|p2a: Vileplume|100/100
|
|upkeep
|turn|17
|
|t:|1758243793
|switch|p1a: Hatterene|Hatterene, F|45/100 psn
|move|p2a: Vileplume|Giga Drain|p1a: Hatterene
|-damage|p1a: Hatterene|16/100 psn
|
|-heal|p1a: Hatterene|22/100 psn|[from] item: Leftovers
|-damage|p1a: Hatterene|9/100 psn|[from] psn
|upkeep
|turn|18
|
|t:|1758243796
|move|p2a: Vileplume|Giga Drain|p1a: Hatterene
|-damage|p1a: Hatterene|0 fnt
|faint|p1a: Hatterene
|
|upkeep
|
|t:|1758243801
|switch|p1a: Kingambit|Kingambit, F|100/100
|-activate|p1a: Kingambit|ability: Supreme Overlord
|-start|p1a: Kingambit|fallen2|[silent]
|turn|19
|
|t:|1758243803
|switch|p2a: Moltres|Moltres|75/100
|move|p1a: Kingambit|Swords Dance|p1a: Kingambit
|-boost|p1a: Kingambit|atk|2
|
|upkeep
|turn|20
|
|t:|1758243810
|move|p2a: Moltres|Will-O-Wisp|p1a: Kingambit
|-status|p1a: Kingambit|brn
|move|p1a: Kingambit|Kowtow Cleave|p2a: Moltres
|-damage|p2a: Moltres|33/100
|
|-damage|p1a: Kingambit|94/100 brn|[from] brn
|upkeep
|turn|21
|
|t:|1758243814
|move|p1a: Kingambit|Sucker Punch||[still]
|-fail|p1a: Kingambit
|move|p2a: Moltres|Roost|p2a: Moltres
|-heal|p2a: Moltres|83/100
|-singleturn|p2a: Moltres|move: Roost
|
|-heal|p1a: Kingambit|100/100 brn|[from] item: Leftovers
|-damage|p1a: Kingambit|94/100 brn|[from] brn
|upkeep
|turn|22
|
|t:|1758243820
|-end|p1a: Kingambit|fallen2|[silent]
|switch|p1a: Samurott|Samurott-Hisui, M, shiny|67/100
|move|p2a: Moltres|Flamethrower|p1a: Samurott
|-resisted|p1a: Samurott
|-damage|p1a: Samurott|38/100
|-status|p1a: Samurott|brn
|
|-damage|p1a: Samurott|31/100 brn|[from] brn
|upkeep
|turn|23
|
|t:|1758243823
|switch|p2a: Vileplume|Vileplume, F|100/100
|-damage|p2a: Vileplume|84/100|[from] Spikes
|move|p1a: Samurott|Ceaseless Edge|p2a: Vileplume
|-damage|p2a: Vileplume|65/100
|-damage|p1a: Samurott|15/100 brn|[from] item: Rocky Helmet|[of] p2a: Vileplume
|-sidestart|p2: Trumpismessiah|Spikes
|
|-damage|p1a: Samurott|9/100 brn|[from] brn
|upkeep
|turn|24
|
|t:|1758243828
|switch|p1a: Kingambit|Kingambit, F|94/100 brn
|-activate|p1a: Kingambit|ability: Supreme Overlord
|-start|p1a: Kingambit|fallen2|[silent]
|move|p2a: Vileplume|Strength Sap|p1a: Kingambit
|-unboost|p1a: Kingambit|atk|1
|-heal|p2a: Vileplume|100/100
|
|-heal|p1a: Kingambit|100/100 brn|[from] item: Leftovers
|-damage|p1a: Kingambit|94/100 brn|[from] brn
|upkeep
|turn|25
|
|t:|1758243830
|move|p1a: Kingambit|Kowtow Cleave|p2a: Vileplume
|-damage|p2a: Vileplume|86/100
|-damage|p1a: Kingambit|78/100 brn|[from] item: Rocky Helmet|[of] p2a: Vileplume
|move|p2a: Vileplume|Leech Seed|p1a: Kingambit
|-start|p1a: Kingambit|move: Leech Seed
|
|-heal|p1a: Kingambit|84/100 brn|[from] item: Leftovers
|-damage|p1a: Kingambit|72/100 brn|[from] Leech Seed|[of] p2a: Vileplume
|-heal|p2a: Vileplume|97/100|[silent]
|-damage|p1a: Kingambit|66/100 brn|[from] brn
|upkeep
|turn|26
|
|t:|1758243834
|-end|p1a: Kingambit|fallen2|[silent]
|switch|p1a: Samurott|Samurott-Hisui, M, shiny|9/100 brn
|move|p2a: Vileplume|Sludge Bomb|p1a: Samurott
|-damage|p1a: Samurott|0 fnt
|faint|p1a: Samurott
|
|upkeep
|
|t:|1758243838
|switch|p1a: Rillaboom|Rillaboom, F|84/100
|-fieldstart|move: Grassy Terrain|[from] ability: Grassy Surge|[of] p1a: Rillaboom
|turn|27
|
|t:|1758243841
|move|p1a: Rillaboom|Knock Off|p2a: Vileplume
|-damage|p2a: Vileplume|52/100
|-damage|p1a: Rillaboom|68/100|[from] item: Rocky Helmet|[of] p2a: Vileplume
|-enditem|p2a: Vileplume|Rocky Helmet|[from] move: Knock Off|[of] p1a: Rillaboom
|move|p2a: Vileplume|Sludge Bomb|p1a: Rillaboom
|-supereffective|p1a: Rillaboom
|-damage|p1a: Rillaboom|0 fnt
|faint|p1a: Rillaboom
|
|-heal|p2a: Vileplume|58/100|[from] Grassy Terrain
|upkeep
|
|t:|1758243845
|switch|p1a: Zamazenta|Zamazenta|100/100
|-ability|p1a: Zamazenta|Dauntless Shield|boost
|-boost|p1a: Zamazenta|def|1
|turn|28
|
|t:|1758243847
|move|p1a: Zamazenta|Stone Edge|p2a: Vileplume
|-damage|p2a: Vileplume|27/100
|-damage|p1a: Zamazenta|91/100|[from] item: Life Orb
|move|p2a: Vileplume|Strength Sap|p1a: Zamazenta
|-unboost|p1a: Zamazenta|atk|1
|-heal|p2a: Vileplume|100/100
|
|-heal|p1a: Zamazenta|97/100|[from] Grassy Terrain
|upkeep
|turn|29
|
|t:|1758243851
|switch|p1a: Kingambit|Kingambit, F|66/100 brn
|-activate|p1a: Kingambit|ability: Supreme Overlord
|-start|p1a: Kingambit|fallen4|[silent]
|move|p2a: Vileplume|Leech Seed|p1a: Kingambit
|-start|p1a: Kingambit|move: Leech Seed
|
|-heal|p1a: Kingambit|72/100 brn|[from] Grassy Terrain
|-heal|p1a: Kingambit|78/100 brn|[from] item: Leftovers
|-damage|p1a: Kingambit|66/100 brn|[from] Leech Seed|[of] p2a: Vileplume
|-damage|p1a: Kingambit|59/100 brn|[from] brn
|upkeep
|turn|30
|-message|gingerbreadmen69 forfeited.
|
|win|Trumpismessiah
|raw|gingerbreadmen69's rating: 1303 &rarr; <strong>1284</strong><br />(-19 for losing)
|raw|Trumpismessiah's rating: 1318 &rarr; <strong>1337</strong><br />(+19 for winning)
|l|☆gingerbreadmen69
|player|p1|
