|j|☆Uli17chavez
|j|☆SomethingAnt
|t:|1758342080
|gametype|singles
|player|p1|Uli17chavez|102|1332
|player|p2|SomethingAnt|n|1299
|gen|9
|tier|[Gen 9] OU
|rated|
|rule|HP Percentage Mod: HP is shown in percentages
|rule|Endless Battle Clause: Forcing endless battles is banned
|rule|Species Clause: Limit one of each Pokémon
|rule|OHKO Clause: OHKO moves are banned
|rule|Evasion Items Clause: Evasion items are banned
|rule|Evasion Moves Clause: Evasion moves are banned
|rule|Evasion Abilities Clause: Evasion abilities are banned
|rule|Sleep Moves Clause: Sleep-inducing moves are banned
|clearpoke
|poke|p1|Garchomp, F|
|poke|p1|Espeon, F|
|poke|p1|Cinderace, M|
|poke|p1|Zapdos|
|poke|p1|Ogerpon-Wellspring, F|
|poke|p1|Darkrai|
|poke|p2|Dragapult, F|
|poke|p2|Primarina, M|
|poke|p2|Iron Crown|
|poke|p2|Samurott-Hisui, M|
|poke|p2|Kingambit, F|
|poke|p2|Landorus-Therian, M|
|teampreview
|
|t:|1758342111
|teamsize|p1|6
|teamsize|p2|6
|start
|switch|p1a: Cinderace|Cinderace, M|100/100
|switch|p2a: Landorus|Landorus-Therian, M|100/100
|-ability|p2a: Landorus|Intimidate|boost
|-unboost|p1a: Cinderace|atk|1
|turn|1
|
|t:|1758342118
|move|p1a: Cinderace|U-turn|p2a: Landorus
|-start|p1a: Cinderace|typechange|Bug|[from] ability: Libero
|-resisted|p2a: Landorus
|-damage|p2a: Landorus|88/100
|-damage|p1a: Cinderace|84/100|[from] item: Rocky Helmet|[of] p2a: Landorus
|
|t:|1758342123
|switch|p1a: Espeon|Espeon, F|100/100|[from] U-turn
|move|p2a: Landorus|Earth Power|p1a: Espeon
|-damage|p1a: Espeon|57/100
|
|upkeep
|turn|2
|
|t:|1758342131
|move|p1a: Espeon|Future Sight|p2a: Landorus
|-start|p1a: Espeon|move: Future Sight
|move|p2a: Landorus|U-turn|p1a: Espeon
|-supereffective|p1a: Espeon
|-damage|p1a: Espeon|0 fnt
|faint|p1a: Espeon
|
|t:|1758342145
|switch|p2a: Dragapult|Dragapult, F, shiny|100/100|[from] U-turn
|
|upkeep
|inactive|Battle timer is ON: inactive players will automatically lose when time's up. (requested by SomethingAnt)
|
|t:|1758342188
|switch|p1a: Zapdos|Zapdos|100/100
|-ability|p1a: Zapdos|Pressure
|turn|3
|
|t:|1758342207
|move|p2a: Dragapult|Dragon Darts|p1a: Zapdos
|-damage|p1a: Zapdos|54/100
|-anim|p2a: Dragapult|Dragon Darts|p1a: Zapdos
|-damage|p1a: Zapdos|6/100
|move|p1a: Zapdos|Hurricane|p2a: Dragapult
|-damage|p2a: Dragapult|0 fnt
|faint|p2a: Dragapult
|
|upkeep
|
|t:|1758342216
|switch|p2a: Kingambit|Kingambit, F|100/100
|-activate|p2a: Kingambit|ability: Supreme Overlord
|-start|p2a: Kingambit|fallen1|[silent]
|turn|4
|
|t:|1758342223
|switch|p1a: Garchomp|Garchomp, F|100/100
|move|p2a: Kingambit|Sucker Punch||[still]
|-fail|p2a: Kingambit
|
|-end|p2a: Kingambit|move: Future Sight
|-immune|p2a: Kingambit
|upkeep
|turn|5
|
|t:|1758342230
|-end|p2a: Kingambit|fallen1|[silent]
|switch|p2a: Landorus|Landorus-Therian, M|88/100
|-ability|p2a: Landorus|Intimidate|boost
|-unboost|p1a: Garchomp|atk|1
|move|p1a: Garchomp|Swords Dance|p1a: Garchomp
|-boost|p1a: Garchomp|atk|2
|
|upkeep
|turn|6
|
|t:|1758342236
|move|p1a: Garchomp|Scale Shot|p2a: Landorus
|-damage|p2a: Landorus|74/100
|-damage|p2a: Landorus|61/100
|-damage|p2a: Landorus|48/100
|-damage|p2a: Landorus|35/100
|-hitcount|p2a: Landorus|4
|-unboost|p1a: Garchomp|def|1
|-boost|p1a: Garchomp|spe|1
|move|p2a: Landorus|Stealth Rock|p1a: Garchomp
|-sidestart|p1: Uli17chavez|move: Stealth Rock
|
|upkeep
|turn|7
|
|t:|1758342244
|switch|p2a: Primarina|Primarina, M|100/100
|move|p1a: Garchomp|Scale Shot|p2a: Primarina
|-immune|p2a: Primarina
|
|upkeep
|turn|8
|
|t:|1758342253
|-terastallize|p1a: Garchomp|Steel
|move|p1a: Garchomp|Swords Dance|p1a: Garchomp
|-boost|p1a: Garchomp|atk|2
|move|p2a: Primarina|Surf|p1a: Garchomp
|-damage|p1a: Garchomp|55/100
|
|upkeep
|turn|9
|
|t:|1758342264
|switch|p2a: Landorus|Landorus-Therian, M|35/100
|-ability|p2a: Landorus|Intimidate|boost
|-unboost|p1a: Garchomp|atk|1
|move|p1a: Garchomp|Earthquake|p2a: Landorus
|-immune|p2a: Landorus
|
|upkeep
|turn|10
|
|t:|1758342270
|move|p1a: Garchomp|Scale Shot|p2a: Landorus
|-damage|p2a: Landorus|16/100
|-damage|p2a: Landorus|0 fnt
|faint|p2a: Landorus
|-hitcount|p2: Landorus|2
|-unboost|p1a: Garchomp|def|1
|-boost|p1a: Garchomp|spe|1
|
|upkeep
|
|t:|1758342274
|switch|p2a: Kingambit|Kingambit, F|100/100
|-activate|p2a: Kingambit|ability: Supreme Overlord
|-start|p2a: Kingambit|fallen2|[silent]
|turn|11
|
|t:|1758342276
|move|p2a: Kingambit|Sucker Punch||[still]
|-fail|p2a: Kingambit
|move|p1a: Garchomp|Swords Dance|p1a: Garchomp
|-boost|p1a: Garchomp|atk|2
|
|upkeep
|turn|12
|
|t:|1758342279
|move|p2a: Kingambit|Sucker Punch||[still]
|-fail|p2a: Kingambit
|move|p1a: Garchomp|Swords Dance|p1a: Garchomp
|-boost|p1a: Garchomp|atk|2
|
|upkeep
|turn|13
|
|t:|1758342281
|move|p2a: Kingambit|Sucker Punch|p1a: Garchomp
|-damage|p1a: Garchomp|0 fnt
|-damage|p2a: Kingambit|88/100|[from] ability: Rough Skin|[of] p1a: Garchomp
|faint|p1a: Garchomp
|
|-heal|p2a: Kingambit|94/100|[from] item: Leftovers
|upkeep
|
|t:|1758342286
|switch|p1a: Cinderace|Cinderace, M|84/100
|-damage|p1a: Cinderace|59/100|[from] Stealth Rock
|turn|14
|-message|Uli17chavez forfeited.
|
|win|SomethingAnt
|raw|Uli17chavez's rating: 1332 &rarr; <strong>1310</strong><br />(-22 for losing)
|raw|SomethingAnt's rating: 1299 &rarr; <strong>1326</strong><br />(+27 for winning)
|l|☆Uli17chavez
|player|p1|
|l|☆SomethingAnt
|player|p2|
