|j|☆Carletous
|j|☆diegoluquechaves
|t:|1758362293
|gametype|singles
|player|p1|Carletous|102|1337
|player|p2|diegoluquechaves|2|1410
|gen|9
|tier|[Gen 9] OU
|rated|
|rule|HP Percentage Mod: HP is shown in percentages
|rule|Endless Battle Clause: Forcing endless battles is banned
|rule|Species Clause: Limit one of each Pokémon
|rule|OHKO Clause: OHKO moves are banned
|rule|Evasion Items Clause: Evasion items are banned
|rule|Evasion Moves Clause: Evasion moves are banned
|rule|Evasion Abilities Clause: Evasion abilities are banned
|rule|Sleep Moves Clause: Sleep-inducing moves are banned
|clearpoke
|poke|p1|Glimmora, F|
|poke|p1|Ninetales-Alola, F|
|poke|p1|Lucario, M|
|poke|p1|Samurott-Hisui, M|
|poke|p1|Garchomp, M|
|poke|p1|Braviary-Hisui, M|
|poke|p2|Typhlosion-Hisui, F|
|poke|p2|Corviknight, M|
|poke|p2|Glimmora, M|
|poke|p2|Great Tusk|
|poke|p2|Araquanid, F|
|poke|p2|Ogerpon, F|
|teampreview
|
|t:|1758362312
|teamsize|p1|6
|teamsize|p2|6
|start
|switch|p1a: Braviary|Braviary-Hisui, M, shiny|100/100
|switch|p2a: Typhlosion|Typhlosion-Hisui, F|100/100
|-item|p1a: Braviary|Life Orb|[from] ability: Frisk|[of] p2a: Typhlosion
|turn|1
|
|t:|1758362329
|move|p2a: Typhlosion|Infernal Parade|p1a: Braviary
|-supereffective|p1a: Braviary
|-damage|p1a: Braviary|30/100
|move|p1a: Braviary|Psychic|p2a: Typhlosion
|-damage|p2a: Typhlosion|0 fnt
|faint|p2a: Typhlosion
|
|upkeep
|
|t:|1758362353
|switch|p2a: Glimmora|Glimmora, M|100/100
|turn|2
|
|t:|1758362364
|move|p2a: Glimmora|Meteor Beam||[still]
|-prepare|p2a: Glimmora|Meteor Beam
|-boost|p2a: Glimmora|spa|1
|-enditem|p2a: Glimmora|Power Herb
|-anim|p2a: Glimmora|Meteor Beam|p1a: Braviary|[miss]
|-miss|p2a: Glimmora|p1a: Braviary
|move|p1a: Braviary|Psychic|p2a: Glimmora
|-supereffective|p2a: Glimmora
|-damage|p2a: Glimmora|0 fnt
|faint|p2a: Glimmora
|
|upkeep
|
|t:|1758362376
|switch|p2a: Araquanid|Araquanid, F|100/100
|turn|3
|
|t:|1758362391
|switch|p1a: Garchomp|Garchomp, M|100/100
|move|p2a: Araquanid|Liquidation|p1a: Garchomp
|-damage|p1a: Garchomp|74/100
|-damage|p2a: Araquanid|88/100|[from] ability: Rough Skin|[of] p1a: Garchomp
|-damage|p2a: Araquanid|71/100|[from] item: Rocky Helmet|[of] p1a: Garchomp
|
|-heal|p2a: Araquanid|78/100|[from] item: Leftovers
|upkeep
|turn|4
|
|t:|1758362404
|switch|p2a: Great Tusk|Great Tusk|100/100
|-enditem|p2a: Great Tusk|Booster Energy
|-activate|p2a: Great Tusk|ability: Protosynthesis|[fromitem]
|-start|p2a: Great Tusk|protosynthesisatk
|move|p1a: Garchomp|Stealth Rock|p2a: Great Tusk
|-sidestart|p2: diegoluquechaves|move: Stealth Rock
|
|upkeep
|turn|5
|
|t:|1758362421
|move|p2a: Great Tusk|Rapid Spin|p1a: Garchomp
|-damage|p1a: Garchomp|59/100
|-boost|p2a: Great Tusk|spe|1
|-damage|p2a: Great Tusk|88/100|[from] ability: Rough Skin|[of] p1a: Garchomp
|-damage|p2a: Great Tusk|72/100|[from] item: Rocky Helmet|[of] p1a: Garchomp
|-sideend|p2: diegoluquechaves|Stealth Rock|[from] move: Rapid Spin|[of] p2a: Great Tusk
|move|p1a: Garchomp|Dragon Tail|p2a: Great Tusk
|-damage|p2a: Great Tusk|53/100
|-end|p2a: Great Tusk|Protosynthesis|[silent]
|drag|p2a: Araquanid|Araquanid, F|78/100
|
|-heal|p2a: Araquanid|84/100|[from] item: Leftovers
|upkeep
|turn|6
|
|t:|1758362438
|move|p1a: Garchomp|Stealth Rock|p2a: Araquanid
|-sidestart|p2: diegoluquechaves|move: Stealth Rock
|move|p2a: Araquanid|Sticky Web|p1a: Garchomp
|-sidestart|p1: Carletous|move: Sticky Web
|
|-heal|p2a: Araquanid|90/100|[from] item: Leftovers
|upkeep
|turn|7
|
|t:|1758362447
|move|p2a: Araquanid|Aqua Ring|p2a: Araquanid
|-start|p2a: Araquanid|Aqua Ring
|move|p1a: Garchomp|Dragon Tail|p2a: Araquanid
|-damage|p2a: Araquanid|61/100
|drag|p2a: Ogerpon|Ogerpon, F|100/100
|-damage|p2a: Ogerpon|88/100|[from] Stealth Rock
|
|upkeep
|turn|8
|
|t:|1758362467
|move|p2a: Ogerpon|Ivy Cudgel|p1a: Garchomp
|-damage|p1a: Garchomp|22/100
|move|p1a: Garchomp|Dragon Tail|p2a: Ogerpon
|-damage|p2a: Ogerpon|56/100
|drag|p2a: Great Tusk|Great Tusk|53/100
|-damage|p2a: Great Tusk|50/100|[from] Stealth Rock
|
|upkeep
|turn|9
|
|t:|1758362481
|move|p2a: Great Tusk|Rapid Spin|p1a: Garchomp
|-damage|p1a: Garchomp|10/100
|-boost|p2a: Great Tusk|spe|1
|-damage|p2a: Great Tusk|37/100|[from] ability: Rough Skin|[of] p1a: Garchomp
|-damage|p2a: Great Tusk|21/100|[from] item: Rocky Helmet|[of] p1a: Garchomp
|-sideend|p2: diegoluquechaves|Stealth Rock|[from] move: Rapid Spin|[of] p2a: Great Tusk
|move|p1a: Garchomp|Dragon Tail|p2a: Great Tusk
|-damage|p2a: Great Tusk|1/100
|-end|p2a: Great Tusk|Protosynthesis|[silent]
|drag|p2a: Araquanid|Araquanid, F|61/100
|
|-heal|p2a: Araquanid|67/100|[from] item: Leftovers
|upkeep
|turn|10
|
|t:|1758362497
|move|p1a: Garchomp|Stealth Rock|p2a: Araquanid
|-sidestart|p2: diegoluquechaves|move: Stealth Rock
|move|p2a: Araquanid|Liquidation|p1a: Garchomp
|-damage|p1a: Garchomp|0 fnt
|-damage|p2a: Araquanid|55/100|[from] ability: Rough Skin|[of] p1a: Garchomp
|-damage|p2a: Araquanid|38/100|[from] item: Rocky Helmet|[of] p1a: Garchomp
|faint|p1a: Garchomp
|
|-heal|p2a: Araquanid|44/100|[from] item: Leftovers
|upkeep
|
|t:|1758362523
|switch|p1a: Lucario|Lucario, M|100/100
|-activate|p1a: Lucario|move: Sticky Web
|-unboost|p1a: Lucario|spe|1
|turn|11
|
|t:|1758362528
|move|p1a: Lucario|Swords Dance|p1a: Lucario
|-boost|p1a: Lucario|atk|2
|move|p2a: Araquanid|Liquidation|p1a: Lucario
|-damage|p1a: Lucario|24/100
|
|-heal|p2a: Araquanid|50/100|[from] item: Leftovers
|upkeep
|turn|12
|
|t:|1758362539
|switch|p2a: Corviknight|Corviknight, M|100/100
|-damage|p2a: Corviknight|88/100|[from] Stealth Rock
|-terastallize|p1a: Lucario|Normal
|move|p1a: Lucario|Extreme Speed|p2a: Corviknight
|-resisted|p2a: Corviknight
|-damage|p2a: Corviknight|63/100
|-damage|p1a: Lucario|7/100|[from] item: Rocky Helmet|[of] p2a: Corviknight
|
|upkeep
|turn|13
|
|t:|1758362550
|move|p1a: Lucario|Close Combat|p2a: Corviknight
|-damage|p2a: Corviknight|0 fnt
|-unboost|p1a: Lucario|def|1
|-unboost|p1a: Lucario|spd|1
|-damage|p1a: Lucario|0 fnt|[from] item: Rocky Helmet|[of] p2a: Corviknight
|faint|p2a: Corviknight
|faint|p1a: Lucario
|
|upkeep
|
|t:|1758362561
|switch|p1a: Glimmora|Glimmora, F|100/100
|switch|p2a: Ogerpon|Ogerpon, F|56/100
|-damage|p2a: Ogerpon|44/100|[from] Stealth Rock
|-activate|p1a: Glimmora|move: Sticky Web
|-unboost|p1a: Glimmora|spe|1
|turn|14
|
|t:|1758362571
|-terastallize|p2a: Ogerpon|Grass
|detailschange|p2a: Ogerpon|Ogerpon-Teal-Tera, F, tera:Grass
|-ability|p2a: Ogerpon|Embody Aspect (Teal)|boost
|-boost|p2a: Ogerpon|spe|1
|move|p2a: Ogerpon|Ivy Cudgel|p1a: Glimmora
|-damage|p1a: Glimmora|42/100
|-activate|p1a: Glimmora|ability: Toxic Debris
|-sidestart|p2: diegoluquechaves|move: Toxic Spikes
|move|p1a: Glimmora|Mortal Spin|p2a: Ogerpon
|-supereffective|p2a: Ogerpon
|-damage|p2a: Ogerpon|28/100
|-status|p2a: Ogerpon|psn
|-sideend|p1: Carletous|Sticky Web|[from] move: Mortal Spin|[of] p1a: Glimmora
|
|-heal|p1a: Glimmora|48/100|[from] item: Leftovers
|-damage|p2a: Ogerpon|16/100 psn|[from] psn
|upkeep
|turn|15
|
|t:|1758362592
|move|p2a: Ogerpon|Ivy Cudgel|p1a: Glimmora
|-damage|p1a: Glimmora|0 fnt
|-activate|p1a: Glimmora|ability: Toxic Debris
|-sidestart|p2: diegoluquechaves|move: Toxic Spikes
|faint|p1a: Glimmora
|
|-damage|p2a: Ogerpon|3/100 psn|[from] psn
|upkeep
|
|t:|1758362598
|switch|p1a: Braviary|Braviary-Hisui, M, shiny|30/100
|turn|16
|
|t:|1758362603
|move|p2a: Ogerpon|Knock Off|p1a: Braviary
|-supereffective|p1a: Braviary
|-damage|p1a: Braviary|0 fnt
|-enditem|p1a: Braviary|Life Orb|[from] move: Knock Off|[of] p2a: Ogerpon
|faint|p1a: Braviary
|
|-damage|p2a: Ogerpon|0 fnt|[from] psn
|faint|p2a: Ogerpon
|detailschange|p2: Ogerpon|Ogerpon, F|[silent]
|upkeep
|
|t:|1758362616
|switch|p2a: Araquanid|Araquanid, F|50/100
|switch|p1a: Ninetales|Ninetales-Alola, F, shiny|100/100
|-weather|Snowscape|[from] ability: Snow Warning|[of] p1a: Ninetales
|-damage|p2a: Araquanid|25/100|[from] Stealth Rock
|-status|p2a: Araquanid|tox
|turn|17
|
|t:|1758362625
|move|p1a: Ninetales|Freeze-Dry|p2a: Araquanid
|-supereffective|p2a: Araquanid
|-damage|p2a: Araquanid|0 fnt
|faint|p2a: Araquanid
|
|-weather|Snowscape|[upkeep]
|upkeep
|
|t:|1758362632
|switch|p2a: Great Tusk|Great Tusk|1/100
|-damage|p2a: Great Tusk|0 fnt|[from] Stealth Rock
|faint|p2a: Great Tusk
|-end|p2a: Great Tusk|Protosynthesis|[silent]
|
|win|Carletous
|raw|Carletous's rating: 1337 &rarr; <strong>1361</strong><br />(+24 for winning)
|raw|diegoluquechaves's rating: 1410 &rarr; <strong>1386</strong><br />(-24 for losing)
|l|☆Carletous
|player|p1|
|l|☆diegoluquechaves
|player|p2|
