|j|☆Capt Qwark 2
|j|☆Maligno09
|t:|1758288680
|gametype|singles
|player|p1|Capt Qwark 2|101|1248
|player|p2|Maligno09|1|1289
|gen|9
|tier|[Gen 9] OU
|rated|
|rule|HP Percentage Mod: HP is shown in percentages
|rule|Endless Battle Clause: Forcing endless battles is banned
|rule|Species Clause: Limit one of each Pokémon
|rule|OHKO Clause: OHKO moves are banned
|rule|Evasion Items Clause: Evasion items are banned
|rule|Evasion Moves Clause: Evasion moves are banned
|rule|Evasion Abilities Clause: Evasion abilities are banned
|rule|Sleep Moves Clause: Sleep-inducing moves are banned
|clearpoke
|poke|p1|Pincurchin, F|
|poke|p1|Raichu-Alola, M|
|poke|p1|Raging Bolt|
|poke|p1|Iron Valiant|
|poke|p1|Iron Crown|
|poke|p1|Gliscor, F|
|poke|p2|Ninetales-Alola, F|
|poke|p2|Kyurem|
|poke|p2|Great Tusk|
|poke|p2|Rillaboom, M|
|poke|p2|Manaphy|
|poke|p2|Heatran, M|
|teampreview
|inactive|Battle timer is ON: inactive players will automatically lose when time's up. (requested by Maligno09)
|
|t:|1758288691
|teamsize|p1|6
|teamsize|p2|6
|start
|switch|p1a: Iron Crown|Iron Crown|100/100
|switch|p2a: Great Tusk|Great Tusk|100/100
|-enditem|p2a: Great Tusk|Booster Energy
|-activate|p2a: Great Tusk|ability: Protosynthesis|[fromitem]
|-start|p2a: Great Tusk|protosynthesisspe
|turn|1
|
|t:|1758288706
|move|p1a: Iron Crown|Psychic Noise|p2a: Great Tusk
|-supereffective|p2a: Great Tusk
|-damage|p2a: Great Tusk|9/100
|-start|p2a: Great Tusk|move: Heal Block
|move|p2a: Great Tusk|Bulk Up|p2a: Great Tusk
|-boost|p2a: Great Tusk|atk|1
|-boost|p2a: Great Tusk|def|1
|
|upkeep
|turn|2
|
|t:|1758288718
|-end|p2a: Great Tusk|Protosynthesis|[silent]
|switch|p2a: Heatran|Heatran, M|100/100
|-item|p2a: Heatran|Air Balloon
|move|p1a: Iron Crown|Psychic Noise|p2a: Heatran
|-resisted|p2a: Heatran
|-damage|p2a: Heatran|89/100
|-start|p2a: Heatran|move: Heal Block
|-enditem|p2a: Heatran|Air Balloon
|
|upkeep
|turn|3
|
|t:|1758288731
|-end|p1a: Iron Crown|Quark Drive|[silent]
|switch|p1a: Raging Bolt|Raging Bolt|100/100
|move|p2a: Heatran|Stealth Rock|p1a: Raging Bolt
|-sidestart|p1: Capt Qwark 2|move: Stealth Rock
|
|-end|p2a: Heatran|move: Heal Block
|upkeep
|turn|4
|
|t:|1758288743
|switch|p2a: Great Tusk|Great Tusk|9/100
|move|p1a: Raging Bolt|Draco Meteor|p2a: Great Tusk
|-damage|p2a: Great Tusk|0 fnt
|-unboost|p1a: Raging Bolt|spa|2
|faint|p2a: Great Tusk
|-end|p2a: Great Tusk|Protosynthesis|[silent]
|
|upkeep
|
|t:|1758288752
|switch|p2a: Kyurem|Kyurem|100/100
|-ability|p2a: Kyurem|Pressure
|turn|5
|inactive|Capt Qwark 2 has 120 seconds left.
|
|t:|1758288800
|-end|p1a: Raging Bolt|Protosynthesis|[silent]
|switch|p1a: Pincurchin|Pincurchin, F|100/100
|-damage|p1a: Pincurchin|88/100|[from] Stealth Rock
|-fieldstart|move: Electric Terrain|[from] ability: Electric Surge|[of] p1a: Pincurchin
|-terastallize|p2a: Kyurem|Ground
|move|p2a: Kyurem|Dragon Dance|p2a: Kyurem
|-boost|p2a: Kyurem|atk|1
|-boost|p2a: Kyurem|spe|1
|
|upkeep
|turn|6
|inactive|Capt Qwark 2 has 90 seconds left.
|
|t:|1758288836
|switch|p1a: Raichu|Raichu-Alola, M|100/100
|move|p2a: Kyurem|Dragon Dance|p2a: Kyurem
|-boost|p2a: Kyurem|atk|1
|-boost|p2a: Kyurem|spe|1
|
|upkeep
|turn|7
|
|t:|1758288854
|move|p1a: Raichu|Psychic|p2a: Kyurem
|-damage|p2a: Kyurem|62/100
|move|p2a: Kyurem|Tera Blast|p1a: Raichu|[anim] Tera Blast Ground
|-supereffective|p1a: Raichu
|-damage|p1a: Raichu|0 fnt
|faint|p1a: Raichu
|
|upkeep
|
|t:|1758288859
|switch|p1a: Gliscor|Gliscor, F|100/100
|-damage|p1a: Gliscor|88/100|[from] Stealth Rock
|turn|8
|
|t:|1758288864
|-terastallize|p1a: Gliscor|Fairy
|move|p2a: Kyurem|Icicle Spear|p1a: Gliscor
|-damage|p1a: Gliscor|73/100
|-damage|p1a: Gliscor|56/100
|-damage|p1a: Gliscor|39/100
|-damage|p1a: Gliscor|22/100
|-hitcount|p1a: Gliscor|4
|move|p1a: Gliscor|Earthquake|p2a: Kyurem
|-damage|p2a: Kyurem|30/100
|
|-status|p1a: Gliscor|tox|[from] item: Toxic Orb
|upkeep
|turn|9
|inactive|Capt Qwark 2 has 90 seconds left.
|
|t:|1758288882
|move|p1a: Gliscor|Protect|p1a: Gliscor
|-singleturn|p1a: Gliscor|Protect
|move|p2a: Kyurem|Icicle Spear|p1a: Gliscor
|-activate|p1a: Gliscor|move: Protect
|
|-heal|p1a: Gliscor|34/100 tox|[from] ability: Poison Heal
|upkeep
|turn|10
|
|t:|1758288888
|move|p2a: Kyurem|Icicle Spear|p1a: Gliscor
|-damage|p1a: Gliscor|18/100 tox
|-damage|p1a: Gliscor|2/100 tox
|-damage|p1a: Gliscor|0 fnt
|faint|p1a: Gliscor
|-hitcount|p1: Gliscor|3
|
|upkeep
|inactive|Capt Qwark 2 has 90 seconds left.
|
|t:|1758288903
|switch|p1a: Iron Valiant|Iron Valiant|100/100
|-damage|p1a: Iron Valiant|94/100|[from] Stealth Rock
|-activate|p1a: Iron Valiant|ability: Quark Drive
|-start|p1a: Iron Valiant|quarkdrivespe
|turn|11
|inactive|Capt Qwark 2 has 90 seconds left.
|
|t:|1758288913
|move|p2a: Kyurem|Icicle Spear|p1a: Iron Valiant
|-damage|p1a: Iron Valiant|63/100
|-damage|p1a: Iron Valiant|27/100
|-damage|p1a: Iron Valiant|0 fnt
|faint|p1a: Iron Valiant
|-end|p1a: Iron Valiant|Quark Drive|[silent]
|-hitcount|p1: Iron Valiant|3
|
|upkeep
|
|t:|1758288918
|switch|p1a: Iron Crown|Iron Crown|100/100
|-damage|p1a: Iron Crown|94/100|[from] Stealth Rock
|-activate|p1a: Iron Crown|ability: Quark Drive
|-start|p1a: Iron Crown|quarkdrivespa
|turn|12
|
|t:|1758288925
|move|p2a: Kyurem|Tera Blast|p1a: Iron Crown|[anim] Tera Blast Ground
|-supereffective|p1a: Iron Crown
|-damage|p1a: Iron Crown|0 fnt
|faint|p1a: Iron Crown
|-end|p1a: Iron Crown|Quark Drive|[silent]
|
|-fieldend|move: Electric Terrain
|upkeep
|-message|Capt Qwark 2 forfeited.
|
|win|Maligno09
|raw|Capt Qwark 2's rating: 1248 &rarr; <strong>1226</strong><br />(-22 for losing)
|raw|Maligno09's rating: 1289 &rarr; <strong>1311</strong><br />(+22 for winning)
|l|☆Capt Qwark 2
|player|p1|
|l|☆Maligno09
|player|p2|
