|j|☆jakeythot
|j|☆RNG Savage
|t:|1758353073
|gametype|singles
|player|p1|jakeythot|bruno|1283
|player|p2|RNG Savage|giovanni-gen3|1271
|gen|9
|tier|[Gen 9] OU
|rated|
|rule|HP Percentage Mod: HP is shown in percentages
|rule|Endless Battle Clause: Forcing endless battles is banned
|rule|Species Clause: Limit one of each Pokémon
|rule|OHKO Clause: OHKO moves are banned
|rule|Evasion Items Clause: Evasion items are banned
|rule|Evasion Moves Clause: Evasion moves are banned
|rule|Evasion Abilities Clause: Evasion abilities are banned
|rule|Sleep Moves Clause: Sleep-inducing moves are banned
|clearpoke
|poke|p1|Clefable, M|
|poke|p1|Gliscor, F|
|poke|p1|Slowking-Galar, M|
|poke|p1|Skarmory, F|
|poke|p1|Kilowattrel, F|
|poke|p1|Serperior, M|
|poke|p2|Skarmory, M|
|poke|p2|Gyarados, M|
|poke|p2|Weavile, M|
|poke|p2|Magnezone|
|poke|p2|Zoroark-Hisui, F|
|poke|p2|Electivire, M|
|teampreview
|inactive|Battle timer is ON: inactive players will automatically lose when time's up. (requested by jakeythot)
|inactive|RNG Savage has 120 seconds left.
|
|t:|1758353155
|teamsize|p1|6
|teamsize|p2|6
|start
|switch|p1a: Clefable|Clefable, M, shiny|100/100
|switch|p2a: Weavile|Weavile, M|100/100
|turn|1
|
|t:|1758353169
|move|p2a: Weavile|Hyper Voice|p1a: Clefable
|-damage|p1a: Clefable|68/100
|-enditem|p2a: Weavile|Throat Spray
|-boost|p2a: Weavile|spa|1|[from] item: Throat Spray
|move|p1a: Clefable|Stealth Rock|p2a: Weavile
|-sidestart|p2: RNG Savage|move: Stealth Rock
|
|-heal|p1a: Clefable|74/100|[from] item: Leftovers
|upkeep
|turn|2
|
|t:|1758353172
|move|p2a: Weavile|Hyper Voice|p1a: Clefable
|-damage|p1a: Clefable|27/100
|move|p1a: Clefable|Flamethrower|p2a: Weavile
|-damage|p2a: Weavile|62/100
|replace|p2a: Zoroark|Zoroark-Hisui, F
|-end|p2a: Zoroark|Illusion
|
|-heal|p1a: Clefable|33/100|[from] item: Leftovers
|upkeep
|turn|3
|
|t:|1758353184
|switch|p1a: Slowking|Slowking-Galar, M|100/100
|move|p2a: Zoroark|Hyper Voice|p1a: Slowking
|-damage|p1a: Slowking|64/100
|
|upkeep
|turn|4
|
|t:|1758353196
|move|p2a: Zoroark|Bitter Malice|p1a: Slowking
|-supereffective|p1a: Slowking
|-damage|p1a: Slowking|8/100
|-unboost|p1a: Slowking|atk|1
|move|p1a: Slowking|Sludge Wave|p2a: Zoroark
|-resisted|p2a: Zoroark
|-crit|p2a: Zoroark
|-damage|p2a: Zoroark|0 fnt
|faint|p2a: Zoroark
|
|upkeep
|
|t:|1758353208
|switch|p2a: Weavile|Weavile, M|100/100
|-damage|p2a: Weavile|76/100|[from] Stealth Rock
|turn|5
|
|t:|1758353212
|switch|p1a: Clefable|Clefable, M, shiny|33/100
|move|p2a: Weavile|Knock Off|p1a: Clefable
|-resisted|p1a: Clefable
|-damage|p1a: Clefable|8/100
|-enditem|p1a: Clefable|Leftovers|[from] move: Knock Off|[of] p2a: Weavile
|
|upkeep
|turn|6
|
|t:|1758353217
|move|p2a: Weavile|Knock Off|p1a: Clefable
|-resisted|p1a: Clefable
|-crit|p1a: Clefable
|-damage|p1a: Clefable|0 fnt
|faint|p1a: Clefable
|
|upkeep
|
|t:|1758353238
|switch|p1a: Kilowattrel|Kilowattrel, F|100/100
|turn|7
|
|t:|1758353242
|-terastallize|p1a: Kilowattrel|Electric
|move|p2a: Weavile|Triple Axel|p1a: Kilowattrel|[miss]
|-miss|p2a: Weavile|p1a: Kilowattrel
|move|p1a: Kilowattrel|Thunderbolt|p2a: Weavile
|-damage|p2a: Weavile|0 fnt
|faint|p2a: Weavile
|
|upkeep
|
|t:|1758353255
|switch|p2a: Gyarados|Gyarados, M, shiny|100/100
|-damage|p2a: Gyarados|76/100|[from] Stealth Rock
|turn|8
|
|t:|1758353258
|-terastallize|p2a: Gyarados|Ghost
|move|p1a: Kilowattrel|Thunderbolt|p2a: Gyarados
|-damage|p2a: Gyarados|0 fnt
|faint|p2a: Gyarados
|
|upkeep
|
|t:|1758353266
|switch|p2a: Electivire|Electivire, M, shiny|100/100
|-damage|p2a: Electivire|88/100|[from] Stealth Rock
|turn|9
|
|t:|1758353273
|switch|p1a: Gliscor|Gliscor, F, shiny|100/100
|move|p2a: Electivire|Bulk Up|p2a: Electivire
|-boost|p2a: Electivire|atk|1
|-boost|p2a: Electivire|def|1
|
|-status|p1a: Gliscor|tox|[from] item: Toxic Orb
|upkeep
|turn|10
|
|t:|1758353282
|move|p1a: Gliscor|Earthquake|p2a: Electivire
|-supereffective|p2a: Electivire
|-damage|p2a: Electivire|35/100
|move|p2a: Electivire|Ice Punch|p1a: Gliscor
|-supereffective|p1a: Gliscor
|-damage|p1a: Gliscor|0 fnt
|faint|p1a: Gliscor
|
|upkeep
|
|t:|1758353294
|switch|p1a: Kilowattrel|Kilowattrel, F, tera:Electric|100/100
|turn|11
|
|t:|1758353302
|move|p1a: Kilowattrel|Air Slash|p2a: Electivire
|-resisted|p2a: Electivire
|-damage|p2a: Electivire|5/100
|-enditem|p2a: Electivire|Aguav Berry|[eat]
|-heal|p2a: Electivire|39/100|[from] item: Aguav Berry
|move|p2a: Electivire|Ice Punch|p1a: Kilowattrel
|-damage|p1a: Kilowattrel|42/100
|
|upkeep
|turn|12
|
|t:|1758353310
|move|p1a: Kilowattrel|Air Slash|p2a: Electivire
|-resisted|p2a: Electivire
|-damage|p2a: Electivire|13/100
|move|p2a: Electivire|Ice Punch|p1a: Kilowattrel
|-damage|p1a: Kilowattrel|0 fnt
|faint|p1a: Kilowattrel
|
|upkeep
|
|t:|1758353319
|switch|p1a: Serperior|Serperior, M, shiny|100/100
|turn|13
|
|t:|1758353329
|switch|p2a: Magnezone|Magnezone, shiny|100/100
|-damage|p2a: Magnezone|94/100|[from] Stealth Rock
|move|p1a: Serperior|Leaf Storm|p2a: Magnezone
|-resisted|p2a: Magnezone
|-damage|p2a: Magnezone|70/100
|-boost|p1a: Serperior|spa|2
|
|upkeep
|turn|14
|
|t:|1758353343
|move|p1a: Serperior|Leaf Storm|p2a: Magnezone|[miss]
|-miss|p1a: Serperior|p2a: Magnezone
|move|p2a: Magnezone|Thunder Wave|p1a: Serperior
|-status|p1a: Serperior|par
|
|upkeep
|turn|15
|
|t:|1758353347
|move|p1a: Serperior|Leaf Storm|p2a: Magnezone
|-resisted|p2a: Magnezone
|-damage|p2a: Magnezone|17/100
|-boost|p1a: Serperior|spa|2
|move|p2a: Magnezone|Flash Cannon|p1a: Serperior
|-damage|p1a: Serperior|42/100 par
|
|-heal|p1a: Serperior|48/100 par|[from] item: Leftovers
|upkeep
|turn|16
|
|t:|1758353358
|switch|p2a: Skarmory|Skarmory, M, shiny|100/100
|-damage|p2a: Skarmory|88/100|[from] Stealth Rock
|move|p1a: Serperior|Dragon Tail|p2a: Skarmory
|-resisted|p2a: Skarmory
|-damage|p2a: Skarmory|83/100
|-damage|p1a: Serperior|31/100 par|[from] item: Rocky Helmet|[of] p2a: Skarmory
|drag|p2a: Electivire|Electivire, M, shiny|13/100
|-damage|p2a: Electivire|0 fnt|[from] Stealth Rock
|faint|p2a: Electivire
|
|-heal|p1a: Serperior|38/100 par|[from] item: Leftovers
|upkeep
|
|t:|1758353363
|switch|p2a: Skarmory|Skarmory, M, shiny|83/100
|-damage|p2a: Skarmory|71/100|[from] Stealth Rock
|turn|17
|
|t:|1758353373
|move|p2a: Skarmory|Brave Bird|p1a: Serperior
|-supereffective|p1a: Serperior
|-damage|p1a: Serperior|0 fnt
|faint|p1a: Serperior
|-damage|p2a: Skarmory|58/100|[from] Recoil
|
|upkeep
|
|t:|1758353377
|switch|p1a: Slowking|Slowking-Galar, M|41/100
|turn|18
|
|t:|1758353395
|switch|p1a: Skarmory|Skarmory, F|100/100
|move|p2a: Skarmory|Stealth Rock|p1a: Skarmory
|-sidestart|p1: jakeythot|move: Stealth Rock
|
|upkeep
|turn|19
|
|t:|1758353405
|move|p2a: Skarmory|Taunt|p1a: Skarmory
|-start|p1a: Skarmory|move: Taunt
|cant|p1a: Skarmory|move: Taunt|Whirlwind
|
|upkeep
|turn|20
|
|t:|1758353408
|move|p2a: Skarmory|Spikes|p1a: Skarmory
|-sidestart|p1: jakeythot|Spikes
|move|p1a: Skarmory|Iron Head|p2a: Skarmory
|-resisted|p2a: Skarmory
|-damage|p2a: Skarmory|48/100
|-damage|p1a: Skarmory|84/100|[from] item: Rocky Helmet|[of] p2a: Skarmory
|
|-heal|p1a: Skarmory|90/100|[from] item: Leftovers
|upkeep
|turn|21
|
|t:|1758353415
|switch|p1a: Slowking|Slowking-Galar, M|74/100
|-damage|p1a: Slowking|62/100|[from] Stealth Rock
|-damage|p1a: Slowking|49/100|[from] Spikes
|move|p2a: Skarmory|Spikes|p1a: Slowking
|-sidestart|p1: jakeythot|Spikes
|
|upkeep
|turn|22
|
|t:|1758353419
|move|p2a: Skarmory|Taunt|p1a: Slowking
|-start|p1a: Slowking|move: Taunt
|move|p1a: Slowking|Flamethrower|p2a: Skarmory
|-supereffective|p2a: Skarmory
|-damage|p2a: Skarmory|0 fnt
|faint|p2a: Skarmory
|
|upkeep
|
|t:|1758353421
|switch|p2a: Magnezone|Magnezone, shiny|17/100
|-damage|p2a: Magnezone|11/100|[from] Stealth Rock
|turn|23
|
|t:|1758353430
|move|p2a: Magnezone|Thunderbolt|p1a: Slowking
|-damage|p1a: Slowking|23/100
|-status|p1a: Slowking|par
|move|p1a: Slowking|Flamethrower|p2a: Magnezone
|-supereffective|p2a: Magnezone
|-damage|p2a: Magnezone|0 fnt
|faint|p2a: Magnezone
|
|win|jakeythot
|raw|jakeythot's rating: 1283 &rarr; <strong>1307</strong><br />(+24 for winning)
|raw|RNG Savage's rating: 1271 &rarr; <strong>1247</strong><br />(-24 for losing)
|l|☆RNG Savage
|player|p2|
|l|☆jakeythot
|player|p1|
