|j|☆King_Jamy
|j|☆chef's touch
|t:|1758299796
|gametype|singles
|player|p1|King_Jamy|169|1320
|player|p2|chef's touch|lady|1406
|gen|9
|tier|[Gen 9] OU
|rated|
|rule|HP Percentage Mod: HP is shown in percentages
|rule|Endless Battle Clause: Forcing endless battles is banned
|rule|Species Clause: Limit one of each Pokémon
|rule|OHKO Clause: OHKO moves are banned
|rule|Evasion Items Clause: Evasion items are banned
|rule|Evasion Moves Clause: Evasion moves are banned
|rule|Evasion Abilities Clause: Evasion abilities are banned
|rule|Sleep Moves Clause: Sleep-inducing moves are banned
|clearpoke
|poke|p1|Sinistcha-Masterpiece|
|poke|p1|Primarina, M|
|poke|p1|Ting-Lu|
|poke|p1|Garganacl, F|
|poke|p1|Weezing-Galar, M|
|poke|p1|Gliscor, M|
|poke|p2|Gholdengo|
|poke|p2|Moltres|
|poke|p2|Rillaboom, M|
|poke|p2|Ting-Lu|
|poke|p2|Great Tusk|
|poke|p2|Electrode-Hisui|
|teampreview
|
|t:|1758299800
|teamsize|p1|6
|teamsize|p2|6
|start
|switch|p1a: Primarina|Primarina, M|100/100
|switch|p2a: Rillaboom|Rillaboom, M|100/100
|-fieldstart|move: Grassy Terrain|[from] ability: Grassy Surge|[of] p2a: Rillaboom
|turn|1
|
|t:|1758299806
|switch|p1a: Sinistcha|Sinistcha-Masterpiece|100/100
|move|p2a: Rillaboom|Grassy Glide|p1a: Sinistcha
|-resisted|p1a: Sinistcha
|-damage|p1a: Sinistcha|78/100
|
|-heal|p1a: Sinistcha|84/100|[from] Grassy Terrain
|upkeep
|turn|2
|
|t:|1758299815
|switch|p2a: Moltres|Moltres|100/100
|move|p1a: Sinistcha|Shadow Ball|p2a: Moltres
|-damage|p2a: Moltres|67/100
|
|-heal|p1a: Sinistcha|90/100|[from] Grassy Terrain
|upkeep
|turn|3
|
|t:|1758299833
|switch|p1a: Primarina|Primarina, M|100/100
|move|p2a: Moltres|U-turn|p1a: Primarina
|-resisted|p1a: Primarina
|-damage|p1a: Primarina|92/100
|
|t:|1758299835
|switch|p2a: Electrode|Electrode-Hisui, shiny|100/100|[from] U-turn
|
|-heal|p1a: Primarina|98/100|[from] Grassy Terrain
|upkeep
|turn|4
|
|t:|1758299845
|switch|p1a: Gliscor|Gliscor, M|100/100
|-terastallize|p2a: Electrode|Grass
|move|p2a: Electrode|Chloroblast|p1a: Gliscor
|-damage|p1a: Gliscor|0 fnt
|faint|p1a: Gliscor
|-damage|p2a: Electrode|50/100|[from] Recoil
|
|-heal|p2a: Electrode|56/100|[from] Grassy Terrain
|upkeep
|
|t:|1758299854
|switch|p1a: Sinistcha|Sinistcha-Masterpiece|90/100
|turn|5
|
|t:|1758299858
|move|p2a: Electrode|Chloroblast|p1a: Sinistcha
|-resisted|p1a: Sinistcha
|-damage|p1a: Sinistcha|0 fnt
|faint|p1a: Sinistcha
|-damage|p2a: Electrode|6/100|[from] Recoil
|
|-heal|p2a: Electrode|12/100|[from] Grassy Terrain
|-fieldend|move: Grassy Terrain
|upkeep
|
|t:|1758299865
|switch|p1a: Weezing|Weezing-Galar, M|100/100
|-ability|p1a: Weezing|Neutralizing Gas
|turn|6
|
|t:|1758299871
|switch|p2a: Gholdengo|Gholdengo|100/100
|-end|p1a: Weezing|ability: Neutralizing Gas
|switch|p1a: Ting-Lu|Ting-Lu|100/100
|-ability|p1a: Ting-Lu|Vessel of Ruin
|
|upkeep
|turn|7
|
|t:|1758299877
|switch|p2a: Rillaboom|Rillaboom, M|100/100
|-fieldstart|move: Grassy Terrain|[from] ability: Grassy Surge|[of] p2a: Rillaboom
|move|p1a: Ting-Lu|Spikes|p2a: Rillaboom
|-sidestart|p2: chef's touch|Spikes
|
|upkeep
|turn|8
|
|t:|1758299883
|switch|p1a: Weezing|Weezing-Galar, M|100/100
|-ability|p1a: Weezing|Neutralizing Gas
|move|p2a: Rillaboom|Wood Hammer|p1a: Weezing
|-resisted|p1a: Weezing
|-damage|p1a: Weezing|61/100
|-damage|p2a: Rillaboom|88/100|[from] Recoil
|
|-heal|p2a: Rillaboom|94/100|[from] Grassy Terrain
|-heal|p1a: Weezing|67/100|[from] Grassy Terrain
|upkeep
|turn|9
|inactive|Battle timer is ON: inactive players will automatically lose when time's up. (requested by chef's touch)
|
|t:|1758299895
|switch|p2a: Moltres|Moltres|67/100
|move|p1a: Weezing|Pain Split|p2a: Moltres
|-sethp|p2a: Moltres|63/100|[from] move: Pain Split|[silent]
|-sethp|p1a: Weezing|72/100|[from] move: Pain Split
|
|-heal|p1a: Weezing|78/100|[from] Grassy Terrain
|upkeep
|turn|10
|
|t:|1758299898
|-end|p1a: Weezing|ability: Neutralizing Gas
|switch|p1a: Garganacl|Garganacl, F|100/100
|move|p2a: Moltres|U-turn|p1a: Garganacl
|-damage|p1a: Garganacl|92/100
|
|t:|1758299904
|switch|p2a: Rillaboom|Rillaboom, M|94/100|[from] U-turn
|-damage|p2a: Rillaboom|81/100|[from] Spikes
|
|-heal|p2a: Rillaboom|88/100|[from] Grassy Terrain
|-heal|p1a: Garganacl|98/100|[from] Grassy Terrain
|-heal|p1a: Garganacl|100/100|[from] item: Leftovers
|upkeep
|turn|11
|
|t:|1758299910
|switch|p1a: Weezing|Weezing-Galar, M|78/100
|-ability|p1a: Weezing|Neutralizing Gas
|move|p2a: Rillaboom|U-turn|p1a: Weezing
|-resisted|p1a: Weezing
|-damage|p1a: Weezing|72/100
|
|t:|1758299912
|switch|p2a: Great Tusk|Great Tusk|100/100|[from] U-turn
|-damage|p2a: Great Tusk|88/100|[from] Spikes
|
|-heal|p2a: Great Tusk|94/100|[from] Grassy Terrain
|-heal|p2a: Great Tusk|100/100|[from] item: Leftovers
|-heal|p1a: Weezing|78/100|[from] Grassy Terrain
|-fieldend|move: Grassy Terrain
|upkeep
|turn|12
|
|t:|1758299919
|-terastallize|p1a: Weezing|Flying
|move|p2a: Great Tusk|Rapid Spin|p1a: Weezing
|-damage|p1a: Weezing|68/100
|-boost|p2a: Great Tusk|spe|1
|-sideend|p2: chef's touch|Spikes|[from] move: Rapid Spin|[of] p2a: Great Tusk
|move|p1a: Weezing|Will-O-Wisp|p2a: Great Tusk
|-status|p2a: Great Tusk|brn
|
|-damage|p2a: Great Tusk|94/100 brn|[from] brn
|upkeep
|turn|13
|
|t:|1758299925
|-end|p2a: Great Tusk|Protosynthesis|[silent]
|switch|p2a: Ting-Lu|Ting-Lu|100/100
|-end|p1a: Weezing|ability: Neutralizing Gas
|-ability|p2a: Ting-Lu|Vessel of Ruin
|switch|p1a: Ting-Lu|Ting-Lu|100/100
|-ability|p1a: Ting-Lu|Vessel of Ruin
|
|upkeep
|turn|14
|
|t:|1758299939
|switch|p2a: Electrode|Electrode-Hisui, shiny, tera:Grass|12/100
|move|p1a: Ting-Lu|Spikes|p2a: Electrode
|-sidestart|p2: chef's touch|Spikes
|
|upkeep
|turn|15
|
|t:|1758299957
|switch|p1a: Weezing|Weezing-Galar, M, tera:Flying|68/100
|-ability|p1a: Weezing|Neutralizing Gas
|move|p2a: Electrode|Giga Drain|p1a: Weezing
|-resisted|p1a: Weezing
|-damage|p1a: Weezing|24/100
|-heal|p2a: Electrode|41/100|[from] drain|[of] p1a: Weezing
|
|upkeep
|turn|16
|
|t:|1758299963
|move|p2a: Electrode|Giga Drain|p1a: Weezing
|-resisted|p1a: Weezing
|-damage|p1a: Weezing|0 fnt
|-heal|p2a: Electrode|56/100|[from] drain|[of] p1a: Weezing
|faint|p1a: Weezing
|-end|p1a: Weezing|ability: Neutralizing Gas
|
|upkeep
|-message|King_Jamy forfeited.
|
|win|chef's touch
|raw|King_Jamy's rating: 1320 &rarr; <strong>1305</strong><br />(-15 for losing)
|raw|chef&apos;s touch's rating: 1406 &rarr; <strong>1421</strong><br />(+15 for winning)
|l|☆King_Jamy
|player|p1|
