|j|☆Nikator98
|j|☆hellohumanso
|t:|1758364611
|gametype|singles
|player|p1|Nikator98|giovanni|1643
|player|p2|hellohumanso|miku-grass|1594
|gen|9
|tier|[Gen 9] OU
|rated|
|rule|HP Percentage Mod: HP is shown in percentages
|rule|Endless Battle Clause: Forcing endless battles is banned
|rule|Species Clause: Limit one of each Pokémon
|rule|OHKO Clause: OHKO moves are banned
|rule|Evasion Items Clause: Evasion items are banned
|rule|Evasion Moves Clause: Evasion moves are banned
|rule|Evasion Abilities Clause: Evasion abilities are banned
|rule|Sleep Moves Clause: Sleep-inducing moves are banned
|clearpoke
|poke|p1|Metagross|
|poke|p1|Great Tusk|
|poke|p1|Haxorus, M|
|poke|p1|Iron Moth|
|poke|p1|Zoroark-Hisui, M|
|poke|p1|Ninetales-Alola, F|
|poke|p2|Araquanid, M|
|poke|p2|Kingambit, F|
|poke|p2|Meowscarada, F|
|poke|p2|Glimmora, M|
|poke|p2|Gholdengo|
|poke|p2|Enamorus, F|
|teampreview
|inactive|Battle timer is ON: inactive players will automatically lose when time's up. (requested by hellohumanso)
|
|t:|1758364630
|teamsize|p1|6
|teamsize|p2|6
|start
|switch|p1a: Lacelle|Haxorus, M|100/100
|switch|p2a: =_=|Gholdengo|100/100
|-ability|p1a: Lacelle|Mold Breaker
|turn|1
|
|t:|1758364637
|switch|p2a: o_O|Araquanid, M|100/100
|switch|p1a: Arquillian Sentry|Metagross|100/100
|
|upkeep
|turn|2
|
|t:|1758364646
|move|p1a: Arquillian Sentry|Stealth Rock|p2a: o_O
|-sidestart|p2: hellohumanso|move: Stealth Rock
|move|p2a: o_O|Sticky Web|p1a: Arquillian Sentry
|-sidestart|p1: Nikator98|move: Sticky Web
|
|upkeep
|turn|3
|
|t:|1758364662
|move|p1a: Arquillian Sentry|Psychic Fangs|p2a: o_O
|-damage|p2a: o_O|43/100
|move|p2a: o_O|Surf|p1a: Arquillian Sentry
|-crit|p1a: Arquillian Sentry
|-damage|p1a: Arquillian Sentry|10/100
|
|upkeep
|turn|4
|
|t:|1758364682
|switch|p1a: Asfaloth|Ninetales-Alola, F, shiny|100/100
|-activate|p1a: Asfaloth|move: Sticky Web
|-unboost|p1a: Asfaloth|spe|1
|-weather|Snowscape|[from] ability: Snow Warning|[of] p1a: Asfaloth
|switch|p2a: UwU|Meowscarada, F|100/100
|-damage|p2a: UwU|88/100|[from] Stealth Rock
|
|-weather|Snowscape|[upkeep]
|upkeep
|turn|5
|inactive|Nikator98 has 120 seconds left.
|
|t:|1758364705
|move|p2a: UwU|Flower Trick|p1a: Asfaloth
|-start|p2a: UwU|typechange|Grass|[from] ability: Protean
|-crit|p1a: Asfaloth
|-damage|p1a: Asfaloth|32/100
|move|p1a: Asfaloth|Aurora Veil|p1a: Asfaloth
|-sidestart|p1: Nikator98|move: Aurora Veil
|
|-weather|Snowscape|[upkeep]
|upkeep
|turn|6
|inactive|Nikator98 has 120 seconds left.
|
|t:|1758364716
|switch|p1a: Gothmog|Iron Moth|100/100
|-activate|p1a: Gothmog|move: Sticky Web
|-unboost|p1a: Gothmog|spe|1
|-enditem|p1a: Gothmog|Booster Energy
|-activate|p1a: Gothmog|ability: Quark Drive|[fromitem]
|-start|p1a: Gothmog|quarkdrivespa
|move|p2a: UwU|Flower Trick|p1a: Gothmog
|-resisted|p1a: Gothmog
|-crit|p1a: Gothmog
|-damage|p1a: Gothmog|72/100
|
|-weather|Snowscape|[upkeep]
|upkeep
|turn|7
|inactive|Nikator98 has 120 seconds left.
|
|t:|1758364730
|switch|p2a: o_O|Araquanid, M|43/100
|-damage|p2a: o_O|18/100|[from] Stealth Rock
|move|p1a: Gothmog|Substitute|p1a: Gothmog
|-start|p1a: Gothmog|Substitute
|-damage|p1a: Gothmog|47/100
|
|-weather|Snowscape|[upkeep]
|upkeep
|turn|8
|-enditem|p2a: o_O|Custap Berry|[eat]
|-activate|p2a: o_O|item: Custap Berry|[consumed]
|
|t:|1758364740
|move|p2a: o_O|Surf|p1a: Gothmog
|-supereffective|p1a: Gothmog
|-end|p1a: Gothmog|Substitute
|move|p1a: Gothmog|Substitute|p1a: Gothmog
|-start|p1a: Gothmog|Substitute
|-damage|p1a: Gothmog|22/100
|
|-weather|none
|upkeep
|turn|9
|
|t:|1758364749
|move|p1a: Gothmog|Sludge Wave|p2a: o_O
|-damage|p2a: o_O|0 fnt
|faint|p2a: o_O
|
|upkeep
|
|t:|1758364768
|switch|p2a: >_<|Glimmora, M|100/100
|-damage|p2a: >_<|88/100|[from] Stealth Rock
|turn|10
|
|t:|1758364780
|move|p2a: >_<|Earth Power|p1a: Gothmog
|-supereffective|p1a: Gothmog
|-end|p1a: Gothmog|Substitute
|move|p1a: Gothmog|Fiery Dance|p2a: >_<
|-resisted|p2a: >_<
|-damage|p2a: >_<|56/100
|-boost|p1a: Gothmog|spa|1
|
|upkeep
|turn|11
|
|t:|1758364799
|move|p2a: >_<|Earth Power|p1a: Gothmog
|-supereffective|p1a: Gothmog
|-damage|p1a: Gothmog|0 fnt
|faint|p1a: Gothmog
|-end|p1a: Gothmog|Quark Drive|[silent]
|
|upkeep
|
|t:|1758364804
|switch|p1a: Kumaryia|Great Tusk, shiny|100/100
|turn|12
|
|t:|1758364825
|switch|p2a: UwU|Meowscarada, F|88/100
|-damage|p2a: UwU|76/100|[from] Stealth Rock
|move|p1a: Kumaryia|Knock Off|p2a: UwU
|-resisted|p2a: UwU
|-damage|p2a: UwU|49/100
|-enditem|p2a: UwU|Choice Band|[from] move: Knock Off|[of] p1a: Kumaryia
|
|-sideend|p1: Nikator98|move: Aurora Veil
|upkeep
|turn|13
|inactive|hellohumanso has 120 seconds left.
|inactive|Nikator98 has 120 seconds left.
|inactive|Nikator98 has 90 seconds left.
|
|t:|1758364886
|move|p2a: UwU|Triple Axel|p1a: Kumaryia
|-start|p2a: UwU|typechange|Ice|[from] ability: Protean
|-supereffective|p1a: Kumaryia
|-damage|p1a: Kumaryia|85/100
|-supereffective|p1a: Kumaryia
|-damage|p1a: Kumaryia|58/100
|-supereffective|p1a: Kumaryia
|-damage|p1a: Kumaryia|14/100
|-hitcount|p1a: Kumaryia|3
|move|p1a: Kumaryia|Rapid Spin|p2a: UwU
|-crit|p2a: UwU
|-damage|p2a: UwU|9/100
|-boost|p1a: Kumaryia|spe|1
|-sideend|p1: Nikator98|Sticky Web|[from] move: Rapid Spin|[of] p1a: Kumaryia
|
|upkeep
|turn|14
|inactive|hellohumanso has 120 seconds left.
|inactive|Nikator98 has 90 seconds left.
|
|t:|1758364909
|move|p1a: Kumaryia|Knock Off|p2a: UwU
|-damage|p2a: UwU|0 fnt
|faint|p2a: UwU
|
|upkeep
|
|t:|1758364926
|switch|p2a: =_=|Gholdengo|100/100
|-damage|p2a: =_=|94/100|[from] Stealth Rock
|turn|15
|
|t:|1758364930
|move|p1a: Kumaryia|Headlong Rush|p2a: =_=
|-supereffective|p2a: =_=
|-damage|p2a: =_=|0 fnt
|-unboost|p1a: Kumaryia|def|1
|-unboost|p1a: Kumaryia|spd|1
|faint|p2a: =_=
|
|upkeep
|
|t:|1758364937
|switch|p2a: 0_0|Kingambit, F|100/100
|-damage|p2a: 0_0|94/100|[from] Stealth Rock
|-activate|p2a: 0_0|ability: Supreme Overlord
|-start|p2a: 0_0|fallen3|[silent]
|turn|16
|
|t:|1758364943
|-end|p1a: Kumaryia|Protosynthesis|[silent]
|switch|p1a: Asfaloth|Ninetales-Alola, F, shiny|32/100
|-weather|Snowscape|[from] ability: Snow Warning|[of] p1a: Asfaloth
|move|p2a: 0_0|Iron Head|p1a: Asfaloth
|-supereffective|p1a: Asfaloth
|-damage|p1a: Asfaloth|0 fnt
|faint|p1a: Asfaloth
|
|-weather|Snowscape|[upkeep]
|-heal|p2a: 0_0|100/100|[from] item: Leftovers
|upkeep
|inactive|Nikator98 has 90 seconds left.
|
|t:|1758364988
|switch|p1a: Lacelle|Haxorus, M|100/100
|-ability|p1a: Lacelle|Mold Breaker
|turn|17
|inactive|hellohumanso has 120 seconds left.
|
|t:|1758365001
|-end|p2a: 0_0|fallen3|[silent]
|switch|p2a: ^_^|Enamorus, F|100/100
|-damage|p2a: ^_^|76/100|[from] Stealth Rock
|move|p1a: Lacelle|Close Combat|p2a: ^_^
|-resisted|p2a: ^_^
|-damage|p2a: ^_^|58/100
|-unboost|p1a: Lacelle|def|1
|-unboost|p1a: Lacelle|spd|1
|
|-weather|Snowscape|[upkeep]
|upkeep
|turn|18
|inactive|Nikator98 has 90 seconds left.
|inactive|hellohumanso has 120 seconds left.
|
|t:|1758365020
|switch|p1a: Kumaryia|Great Tusk, shiny|14/100
|move|p2a: ^_^|Earth Power|p1a: Kumaryia
|-damage|p1a: Kumaryia|0 fnt
|faint|p1a: Kumaryia
|-end|p1a: Kumaryia|Protosynthesis|[silent]
|
|-weather|Snowscape|[upkeep]
|upkeep
|
|t:|1758365027
|switch|p1a: Arquillian Sentry|Metagross|10/100
|turn|19
|inactive|Nikator98 has 90 seconds left.
|-enditem|p1a: Arquillian Sentry|Custap Berry|[eat]
|-activate|p1a: Arquillian Sentry|item: Custap Berry|[consumed]
|
|t:|1758365036
|-terastallize|p2a: ^_^|Fire
|move|p1a: Arquillian Sentry|Meteor Mash|p2a: ^_^
|-resisted|p2a: ^_^
|-damage|p2a: ^_^|18/100
|move|p2a: ^_^|Earth Power|p1a: Arquillian Sentry
|-supereffective|p1a: Arquillian Sentry
|-damage|p1a: Arquillian Sentry|0 fnt
|faint|p1a: Arquillian Sentry
|
|-weather|Snowscape|[upkeep]
|upkeep
|inactive|Nikator98 has 90 seconds left.
|
|t:|1758365052
|switch|p1a: Lacelle|Haxorus, M|100/100
|turn|20
|
|t:|1758365063
|move|p1a: Lacelle|Tera Blast|p2a: ^_^
|-damage|p2a: ^_^|0 fnt
|faint|p2a: ^_^
|
|-weather|none
|upkeep
|
|t:|1758365081
|switch|p2a: >_<|Glimmora, M|56/100
|-damage|p2a: >_<|43/100|[from] Stealth Rock
|turn|21
|inactive|Nikator98 has 90 seconds left.
|
|t:|1758365092
|move|p1a: Lacelle|Tera Blast|p2a: >_<
|-resisted|p2a: >_<
|-damage|p2a: >_<|5/100
|move|p2a: >_<|Meteor Beam||[still]
|-prepare|p2a: >_<|Meteor Beam
|-boost|p2a: >_<|spa|1
|-enditem|p2a: >_<|Power Herb
|-anim|p2a: >_<|Meteor Beam|p1a: Lacelle
|-damage|p1a: Lacelle|0 fnt
|replace|p1a: Van Helsing|Zoroark-Hisui, M, shiny
|-end|p1a: Van Helsing|Illusion
|faint|p1a: Van Helsing
|
|upkeep
|
|t:|1758365103
|switch|p1a: Lacelle|Haxorus, M|100/100
|-ability|p1a: Lacelle|Mold Breaker
|turn|22
|
|t:|1758365111
|move|p1a: Lacelle|Iron Head|p2a: >_<
|-supereffective|p2a: >_<
|-damage|p2a: >_<|0 fnt
|-activate|p2a: >_<|ability: Toxic Debris
|-sidestart|p1: Nikator98|move: Toxic Spikes
|faint|p2a: >_<
|
|upkeep
|
|t:|1758365116
|switch|p2a: 0_0|Kingambit, F|100/100
|-damage|p2a: 0_0|94/100|[from] Stealth Rock
|-activate|p2a: 0_0|ability: Supreme Overlord
|-start|p2a: 0_0|fallen5|[silent]
|turn|23
|c|☆Nikator98|gg wp
|
|t:|1758365126
|move|p2a: 0_0|Sucker Punch|p1a: Lacelle
|-damage|p1a: Lacelle|23/100
|move|p1a: Lacelle|Close Combat|p2a: 0_0
|-supereffective|p2a: 0_0
|-damage|p2a: 0_0|0 fnt
|-unboost|p1a: Lacelle|def|1
|-unboost|p1a: Lacelle|spd|1
|faint|p2a: 0_0
|-end|p2a: 0_0|fallen5|[silent]
|
|win|Nikator98
|raw|Nikator98's rating: 1643 &rarr; <strong>1660</strong><br />(+17 for winning)
|raw|hellohumanso's rating: 1594 &rarr; <strong>1577</strong><br />(-17 for losing)
|c|☆hellohumanso|gg
|l|☆hellohumanso
|player|p2|
