|j|☆Peekochu
|j|☆dawgeezshoubi
|t:|1758327989
|gametype|singles
|player|p1|Peekochu|101|1560
|player|p2|dawgeezshoubi|acetrainer-gen4dp|1537
|gen|9
|tier|[Gen 9] OU
|rated|
|rule|HP Percentage Mod: HP is shown in percentages
|rule|Endless Battle Clause: Forcing endless battles is banned
|rule|Species Clause: Limit one of each Pokémon
|rule|OHKO Clause: OHKO moves are banned
|rule|Evasion Items Clause: Evasion items are banned
|rule|Evasion Moves Clause: Evasion moves are banned
|rule|Evasion Abilities Clause: Evasion abilities are banned
|rule|Sleep Moves Clause: Sleep-inducing moves are banned
|clearpoke
|poke|p1|Dragonite, F|
|poke|p1|Primarina, F|
|poke|p1|Iron Treads|
|poke|p1|Heatran, F|
|poke|p1|Zamazenta-*|
|poke|p1|Zapdos|
|poke|p2|Dragapult, F|
|poke|p2|Kingambit, M|
|poke|p2|Great Tusk|
|poke|p2|Slowking, M|
|poke|p2|Ogerpon-Wellspring, F|
|poke|p2|Iron Moth|
|teampreview
|inactive|Battle timer is ON: inactive players will automatically lose when time's up. (requested by Peekochu)
|l|☆Peekochu
|inactive|Peekochu disconnected and has a minute to reconnect!
|player|p1|
|j|☆Peekochu
|inactive|Peekochu reconnected.
|player|p1|Peekochu|101|
|
|t:|1758328016
|teamsize|p1|6
|teamsize|p2|6
|start
|switch|p1a: Primarina|Primarina, F|100/100
|switch|p2a: Ogerpon|Ogerpon-Wellspring, F|100/100
|turn|1
|
|t:|1758328037
|switch|p1a: Zapdos|Zapdos|100/100
|move|p2a: Ogerpon|Swords Dance|p2a: Ogerpon
|-boost|p2a: Ogerpon|atk|2
|
|upkeep
|turn|2
|
|t:|1758328045
|move|p2a: Ogerpon|Ivy Cudgel|p1a: Zapdos|[anim] Ivy Cudgel Water
|-damage|p1a: Zapdos|19/100
|move|p1a: Zapdos|Hurricane|p2a: Ogerpon|[miss]
|-miss|p1a: Zapdos|p2a: Ogerpon
|
|upkeep
|turn|3
|
|t:|1758328057
|move|p2a: Ogerpon|Ivy Cudgel|p1a: Zapdos|[anim] Ivy Cudgel Water
|-damage|p1a: Zapdos|0 fnt
|faint|p1a: Zapdos
|
|upkeep
|
|t:|1758328061
|switch|p1a: Zamazenta|Zamazenta|100/100
|-ability|p1a: Zamazenta|Dauntless Shield|boost
|-boost|p1a: Zamazenta|def|1
|turn|4
|
|t:|1758328069
|move|p1a: Zamazenta|Close Combat|p2a: Ogerpon
|-damage|p2a: Ogerpon|0 fnt
|-unboost|p1a: Zamazenta|def|1
|-unboost|p1a: Zamazenta|spd|1
|faint|p2a: Ogerpon
|
|upkeep
|
|t:|1758328078
|switch|p2a: Iron Moth|Iron Moth|100/100
|turn|5
|
|t:|1758328085
|switch|p1a: Heatran|Heatran, F|100/100
|move|p2a: Iron Moth|Fiery Dance|p1a: Heatran
|-start|p1a: Heatran|ability: Flash Fire
|
|upkeep
|turn|6
|
|t:|1758328094
|-end|p2a: Iron Moth|Quark Drive|[silent]
|switch|p2a: Slowking|Slowking, M|100/100
|move|p1a: Heatran|Earth Power|p2a: Slowking
|-crit|p2a: Slowking
|-damage|p2a: Slowking|78/100
|-unboost|p2a: Slowking|spd|1
|
|upkeep
|turn|7
|
|t:|1758328103
|move|p1a: Heatran|Taunt|p2a: Slowking
|-start|p2a: Slowking|move: Taunt
|cant|p2a: Slowking|move: Taunt|Thunder Wave
|
|upkeep
|turn|8
|
|t:|1758328108
|move|p1a: Heatran|Magma Storm|p2a: Slowking|[miss]
|-miss|p1a: Heatran|p2a: Slowking
|move|p2a: Slowking|Scald|p1a: Heatran
|-supereffective|p1a: Heatran
|-damage|p1a: Heatran|67/100
|
|-heal|p1a: Heatran|74/100|[from] item: Leftovers
|upkeep
|turn|9
|
|t:|1758328118
|move|p1a: Heatran|Magma Storm|p2a: Slowking
|-resisted|p2a: Slowking
|-damage|p2a: Slowking|49/100
|-activate|p2a: Slowking|move: Magma Storm|[of] p1a: Heatran
|-enditem|p2a: Slowking|Sitrus Berry|[eat]
|-heal|p2a: Slowking|74/100|[from] item: Sitrus Berry
|move|p2a: Slowking|Scald|p1a: Heatran
|-supereffective|p1a: Heatran
|-damage|p1a: Heatran|39/100
|
|-heal|p1a: Heatran|46/100|[from] item: Leftovers
|-damage|p2a: Slowking|62/100|[from] move: Magma Storm|[partiallytrapped]
|-end|p2a: Slowking|move: Taunt
|upkeep
|turn|10
|
|t:|1758328133
|move|p1a: Heatran|Protect|p1a: Heatran
|-singleturn|p1a: Heatran|Protect
|-prepare|p2a: Slowking|Chilly Reception|[premajor]
|move|p2a: Slowking|Chilly Reception|p2a: Slowking
|-weather|Snowscape
|
|t:|1758328142
|switch|p2a: Great Tusk|Great Tusk|100/100|[from] Chilly Reception
|
|-weather|Snowscape|[upkeep]
|-heal|p1a: Heatran|52/100|[from] item: Leftovers
|upkeep
|turn|11
|
|t:|1758328156
|-end|p1a: Heatran|ability: Flash Fire|[silent]
|switch|p1a: Zamazenta|Zamazenta|100/100
|move|p2a: Great Tusk|Stealth Rock|p1a: Zamazenta
|-sidestart|p1: Peekochu|move: Stealth Rock
|
|-weather|Snowscape|[upkeep]
|upkeep
|turn|12
|
|t:|1758328163
|move|p1a: Zamazenta|Close Combat|p2a: Great Tusk
|-damage|p2a: Great Tusk|35/100
|-unboost|p1a: Zamazenta|def|1
|-unboost|p1a: Zamazenta|spd|1
|move|p2a: Great Tusk|Headlong Rush|p1a: Zamazenta
|-damage|p1a: Zamazenta|9/100
|-unboost|p2a: Great Tusk|def|1
|-unboost|p2a: Great Tusk|spd|1
|
|-weather|Snowscape|[upkeep]
|upkeep
|turn|13
|
|t:|1758328176
|switch|p1a: Iron Treads|Iron Treads|100/100
|-damage|p1a: Iron Treads|97/100|[from] Stealth Rock
|-enditem|p1a: Iron Treads|Booster Energy
|-activate|p1a: Iron Treads|ability: Quark Drive|[fromitem]
|-start|p1a: Iron Treads|quarkdrivespe
|-end|p2a: Great Tusk|Protosynthesis|[silent]
|switch|p2a: Slowking|Slowking, M|95/100
|
|-weather|Snowscape|[upkeep]
|upkeep
|turn|14
|
|t:|1758328189
|-end|p1a: Iron Treads|Quark Drive|[silent]
|switch|p1a: Primarina|Primarina, F|100/100
|-damage|p1a: Primarina|88/100|[from] Stealth Rock
|switch|p2a: Dragapult|Dragapult, F|100/100
|
|-weather|none
|upkeep
|turn|15
|
|t:|1758328198
|move|p2a: Dragapult|U-turn|p1a: Primarina
|-resisted|p1a: Primarina
|-damage|p1a: Primarina|67/100
|
|t:|1758328202
|switch|p2a: Slowking|Slowking, M|100/100|[from] U-turn
|move|p1a: Primarina|Moonblast|p2a: Slowking
|-damage|p2a: Slowking|71/100
|
|upkeep
|turn|16
|
|t:|1758328211
|move|p1a: Primarina|Whirlpool|p2a: Slowking
|-resisted|p2a: Slowking
|-damage|p2a: Slowking|66/100
|-activate|p2a: Slowking|move: Whirlpool|[of] p1a: Primarina
|move|p2a: Slowking|Thunder Wave|p1a: Primarina
|-status|p1a: Primarina|par
|
|-damage|p2a: Slowking|53/100|[from] move: Whirlpool|[partiallytrapped]
|upkeep
|turn|17
|
|t:|1758328221
|move|p1a: Primarina|Moonblast|p2a: Slowking
|-damage|p2a: Slowking|24/100
|-prepare|p2a: Slowking|Chilly Reception|[premajor]
|move|p2a: Slowking|Chilly Reception|p2a: Slowking
|-weather|Snowscape
|
|t:|1758328229
|switch|p2a: Iron Moth|Iron Moth|100/100|[from] Chilly Reception
|
|-weather|Snowscape|[upkeep]
|upkeep
|turn|18
|
|t:|1758328255
|move|p2a: Iron Moth|Fiery Dance|p1a: Primarina
|-resisted|p1a: Primarina
|-damage|p1a: Primarina|52/100 par
|move|p1a: Primarina|Psychic Noise|p2a: Iron Moth
|-supereffective|p2a: Iron Moth
|-damage|p2a: Iron Moth|18/100
|-start|p2a: Iron Moth|move: Heal Block
|
|-weather|Snowscape|[upkeep]
|upkeep
|turn|19
|
|t:|1758328265
|move|p2a: Iron Moth|Sludge Wave|p1a: Primarina
|-supereffective|p1a: Primarina
|-damage|p1a: Primarina|0 fnt
|faint|p1a: Primarina
|
|-weather|Snowscape|[upkeep]
|-end|p2a: Iron Moth|move: Heal Block
|upkeep
|
|t:|1758328269
|switch|p1a: Heatran|Heatran, F|52/100
|-damage|p1a: Heatran|39/100|[from] Stealth Rock
|turn|20
|
|t:|1758328277
|move|p2a: Iron Moth|Meteor Beam||[still]
|-prepare|p2a: Iron Moth|Meteor Beam
|-boost|p2a: Iron Moth|spa|1
|-enditem|p2a: Iron Moth|Power Herb
|-anim|p2a: Iron Moth|Meteor Beam|p1a: Heatran
|-damage|p1a: Heatran|0 fnt
|faint|p1a: Heatran
|
|-weather|Snowscape|[upkeep]
|upkeep
|
|t:|1758328282
|switch|p1a: Dragonite|Dragonite, F|100/100
|turn|21
|
|t:|1758328288
|move|p1a: Dragonite|Extreme Speed|p2a: Iron Moth
|-damage|p2a: Iron Moth|0 fnt
|faint|p2a: Iron Moth
|-end|p2a: Iron Moth|Quark Drive|[silent]
|
|-weather|none
|upkeep
|
|t:|1758328296
|switch|p2a: Dragapult|Dragapult, F|100/100
|turn|22
|
|t:|1758328300
|-terastallize|p1a: Dragonite|Flying
|move|p2a: Dragapult|Dragon Darts|p1a: Dragonite
|-damage|p1a: Dragonite|81/100
|-anim|p2a: Dragapult|Dragon Darts|p1a: Dragonite
|-damage|p1a: Dragonite|39/100
|move|p1a: Dragonite|Dragon Dance|p1a: Dragonite
|-boost|p1a: Dragonite|atk|1
|-boost|p1a: Dragonite|spe|1
|
|upkeep
|turn|23
|
|t:|1758328310
|move|p1a: Dragonite|Tera Blast|p2a: Dragapult|[anim] Tera Blast Flying
|-damage|p2a: Dragapult|0 fnt
|faint|p2a: Dragapult
|
|upkeep
|
|t:|1758328315
|switch|p2a: Kingambit|Kingambit, M|100/100
|-activate|p2a: Kingambit|ability: Supreme Overlord
|-start|p2a: Kingambit|fallen3|[silent]
|turn|24
|
|t:|1758328335
|move|p1a: Dragonite|Earthquake|p2a: Kingambit
|-supereffective|p2a: Kingambit
|-damage|p2a: Kingambit|17/100
|move|p2a: Kingambit|Kowtow Cleave|p1a: Dragonite
|-damage|p1a: Dragonite|0 fnt
|faint|p1a: Dragonite
|
|upkeep
|
|t:|1758328341
|switch|p1a: Iron Treads|Iron Treads|97/100
|-damage|p1a: Iron Treads|94/100|[from] Stealth Rock
|turn|25
|
|t:|1758328351
|-terastallize|p2a: Kingambit|Flying
|move|p1a: Iron Treads|Earthquake|p2a: Kingambit
|-immune|p2a: Kingambit
|move|p2a: Kingambit|Low Kick|p1a: Iron Treads
|-supereffective|p1a: Iron Treads
|-damage|p1a: Iron Treads|0 fnt
|faint|p1a: Iron Treads
|-end|p1a: Iron Treads|Quark Drive|[silent]
|
|upkeep
|-message|Peekochu forfeited.
|
|win|dawgeezshoubi
|raw|Peekochu's rating: 1560 &rarr; <strong>1539</strong><br />(-21 for losing)
|raw|dawgeezshoubi's rating: 1537 &rarr; <strong>1558</strong><br />(+21 for winning)
|l|☆Peekochu
|player|p1|
