|j|☆codemelo
|j|☆yijing
|t:|1758377417
|gametype|singles
|player|p1|codemelo|falkner|1108
|player|p2|yijing|unknown|1085
|gen|9
|tier|[Gen 9] OU
|rated|
|rule|HP Percentage Mod: HP is shown in percentages
|rule|Endless Battle Clause: Forcing endless battles is banned
|rule|Species Clause: Limit one of each Pokémon
|rule|OHKO Clause: OHKO moves are banned
|rule|Evasion Items Clause: Evasion items are banned
|rule|Evasion Moves Clause: Evasion moves are banned
|rule|Evasion Abilities Clause: Evasion abilities are banned
|rule|Sleep Moves Clause: Sleep-inducing moves are banned
|clearpoke
|poke|p1|Great Tusk|
|poke|p1|Iron Valiant|
|poke|p1|Dragonite, F|
|poke|p1|Kingambit, M|
|poke|p1|Rotom-Wash|
|poke|p1|Gholdengo|
|poke|p2|Ariados, F|
|poke|p2|Electabuzz, M|
|poke|p2|Magmar, F|
|poke|p2|Scyther, M|
|poke|p2|Golduck, M|
|poke|p2|Persian, M|
|teampreview
|inactive|Battle timer is ON: inactive players will automatically lose when time's up. (requested by codemelo)
|n|☆yijing|yijing
|
|t:|1758377437
|teamsize|p1|6
|teamsize|p2|6
|start
|switch|p1a: Great Tusk|Great Tusk|100/100
|switch|p2a: Persian|Persian, M|100/100
|turn|1
|
|t:|1758377447
|move|p2a: Persian|Taunt|p1a: Great Tusk
|-start|p1a: Great Tusk|move: Taunt
|cant|p1a: Great Tusk|move: Taunt|Stealth Rock
|
|upkeep
|turn|2
|
|t:|1758377457
|switch|p2a: Scyther|Scyther, M|100/100
|move|p1a: Great Tusk|Earthquake|p2a: Scyther
|-immune|p2a: Scyther
|
|upkeep
|turn|3
|
|t:|1758377466
|-end|p1a: Great Tusk|Protosynthesis|[silent]
|switch|p1a: Dragonite|Dragonite, F|100/100
|move|p2a: Scyther|U-turn|p1a: Dragonite
|-resisted|p1a: Dragonite
|-damage|p1a: Dragonite|92/100
|
|t:|1758377478
|switch|p2a: Golduck|Golduck, M, shiny|100/100|[from] U-turn
|-ability|p2a: Golduck|Cloud Nine
|
|upkeep
|turn|4
|
|t:|1758377487
|switch|p1a: Rotom|Rotom-Wash|100/100
|move|p2a: Golduck|Blizzard|p1a: Rotom
|-resisted|p1a: Rotom
|-damage|p1a: Rotom|89/100
|
|-heal|p1a: Rotom|95/100|[from] item: Leftovers
|upkeep
|turn|5
|
|t:|1758377504
|switch|p2a: Persian|Persian, M|100/100
|move|p1a: Rotom|Volt Switch|p2a: Persian
|-damage|p2a: Persian|59/100
|
|t:|1758377510
|switch|p1a: Iron Valiant|Iron Valiant|100/100|[from] Volt Switch
|
|upkeep
|turn|6
|
|t:|1758377516
|move|p2a: Persian|Fake Out|p1a: Iron Valiant
|-damage|p1a: Iron Valiant|72/100
|cant|p1a: Iron Valiant|flinch
|
|upkeep
|turn|7
|
|t:|1758377528
|switch|p2a: Magmar|Magmar, F|100/100
|move|p1a: Iron Valiant|Moonblast|p2a: Magmar
|-resisted|p2a: Magmar
|-damage|p2a: Magmar|78/100
|
|upkeep
|turn|8
|
|t:|1758377540
|-end|p1a: Iron Valiant|Quark Drive|[silent]
|switch|p1a: Rotom|Rotom-Wash|95/100
|move|p2a: Magmar|Flame Charge|p1a: Rotom
|-resisted|p1a: Rotom
|-damage|p1a: Rotom|84/100
|-boost|p2a: Magmar|spe|1
|
|-heal|p1a: Rotom|90/100|[from] item: Leftovers
|upkeep
|turn|9
|
|t:|1758377553
|move|p2a: Magmar|Knock Off|p1a: Rotom
|-damage|p1a: Rotom|63/100
|-enditem|p1a: Rotom|Leftovers|[from] move: Knock Off|[of] p2a: Magmar
|move|p1a: Rotom|Will-O-Wisp|p2a: Magmar
|-immune|p2a: Magmar
|
|upkeep
|turn|10
|
|t:|1758377567
|-terastallize|p2a: Magmar|Flying
|move|p2a: Magmar|Belly Drum|p2a: Magmar
|-damage|p2a: Magmar|29/100
|-setboost|p2a: Magmar|atk|6|[from] move: Belly Drum
|move|p1a: Rotom|Hydro Pump|p2a: Magmar
|-damage|p2a: Magmar|0 fnt
|faint|p2a: Magmar
|
|upkeep
|
|t:|1758377584
|switch|p2a: Persian|Persian, M|59/100
|turn|11
|
|t:|1758377596
|move|p2a: Persian|Fake Out|p1a: Rotom
|-damage|p1a: Rotom|40/100
|cant|p1a: Rotom|flinch
|
|upkeep
|turn|12
|
|t:|1758377606
|switch|p1a: Great Tusk|Great Tusk|100/100
|move|p2a: Persian|U-turn|p1a: Great Tusk
|-resisted|p1a: Great Tusk
|-damage|p1a: Great Tusk|97/100
|
|t:|1758377615
|switch|p2a: Scyther|Scyther, M|100/100|[from] U-turn
|
|-heal|p1a: Great Tusk|100/100|[from] item: Leftovers
|upkeep
|turn|13
|
|t:|1758377625
|-end|p1a: Great Tusk|Protosynthesis|[silent]
|switch|p1a: Dragonite|Dragonite, F|92/100
|move|p2a: Scyther|Dual Wingbeat|p1a: Dragonite
|-damage|p1a: Dragonite|61/100
|-damage|p1a: Dragonite|31/100
|-hitcount|p1a: Dragonite|2
|
|upkeep
|turn|14
|
|t:|1758377634
|move|p2a: Scyther|Dual Wingbeat|p1a: Dragonite
|-damage|p1a: Dragonite|0 fnt
|faint|p1a: Dragonite
|-hitcount|p1: Dragonite|1
|
|upkeep
|
|t:|1758377640
|switch|p1a: Iron Valiant|Iron Valiant|72/100
|turn|15
|
|t:|1758377644
|move|p1a: Iron Valiant|Thunderbolt|p2a: Scyther
|-supereffective|p2a: Scyther
|-damage|p2a: Scyther|15/100
|move|p2a: Scyther|Dual Wingbeat|p1a: Iron Valiant
|-supereffective|p1a: Iron Valiant
|-damage|p1a: Iron Valiant|0 fnt
|faint|p1a: Iron Valiant
|-end|p1a: Iron Valiant|Quark Drive|[silent]
|-hitcount|p1: Iron Valiant|1
|
|upkeep
|
|t:|1758377656
|switch|p1a: Gholdengo|Gholdengo|100/100
|turn|16
|
|t:|1758377664
|move|p2a: Scyther|U-turn|p1a: Gholdengo
|-resisted|p1a: Gholdengo
|-damage|p1a: Gholdengo|91/100
|
|t:|1758377668
|switch|p2a: Persian|Persian, M|59/100|[from] U-turn
|move|p1a: Gholdengo|Make It Rain|p2a: Persian
|-damage|p2a: Persian|0 fnt
|-unboost|p1a: Gholdengo|spa|1
|faint|p2a: Persian
|
|upkeep
|
|t:|1758377679
|switch|p2a: Golduck|Golduck, M, shiny|100/100
|-ability|p2a: Golduck|Cloud Nine
|turn|17
|
|t:|1758377686
|switch|p1a: Rotom|Rotom-Wash|40/100
|move|p2a: Golduck|Focus Blast|p1a: Rotom
|-damage|p1a: Rotom|16/100
|
|upkeep
|turn|18
|
|t:|1758377701
|switch|p2a: Electabuzz|Electabuzz, M|100/100
|-item|p2a: Electabuzz|Air Balloon
|move|p1a: Rotom|Pain Split|p2a: Electabuzz
|-sethp|p2a: Electabuzz|58/100|[from] move: Pain Split|[silent]
|-sethp|p1a: Rotom|63/100|[from] move: Pain Split
|
|upkeep
|turn|19
|
|t:|1758377712
|move|p2a: Electabuzz|Volt Switch|p1a: Rotom
|-damage|p1a: Rotom|49/100
|
|t:|1758377720
|switch|p2a: Scyther|Scyther, M|15/100|[from] Volt Switch
|move|p1a: Rotom|Will-O-Wisp|p2a: Scyther
|-status|p2a: Scyther|brn
|
|-damage|p2a: Scyther|9/100 brn|[from] brn
|upkeep
|turn|20
|
|t:|1758377732
|move|p2a: Scyther|Dual Wingbeat|p1a: Rotom
|-resisted|p1a: Rotom
|-damage|p1a: Rotom|42/100
|-resisted|p1a: Rotom
|-damage|p1a: Rotom|34/100
|-hitcount|p1a: Rotom|2
|move|p1a: Rotom|Volt Switch|p2a: Scyther
|-supereffective|p2a: Scyther
|-damage|p2a: Scyther|0 fnt
|faint|p2a: Scyther
|
|t:|1758377757
|switch|p1a: Gholdengo|Gholdengo|91/100|[from] Volt Switch
|
|upkeep
|
|t:|1758377762
|switch|p2a: Electabuzz|Electabuzz, M|58/100
|-item|p2a: Electabuzz|Air Balloon
|turn|21
|
|t:|1758377767
|move|p2a: Electabuzz|Knock Off|p1a: Gholdengo
|-supereffective|p1a: Gholdengo
|-damage|p1a: Gholdengo|47/100
|-enditem|p1a: Gholdengo|Choice Specs|[from] move: Knock Off|[of] p2a: Electabuzz
|move|p1a: Gholdengo|Make It Rain|p2a: Electabuzz
|-resisted|p2a: Electabuzz
|-damage|p2a: Electabuzz|23/100
|-unboost|p1a: Gholdengo|spa|1
|-enditem|p2a: Electabuzz|Air Balloon
|
|upkeep
|turn|22
|
|t:|1758377779
|switch|p1a: Great Tusk|Great Tusk|100/100
|move|p2a: Electabuzz|Knock Off|p1a: Great Tusk
|-resisted|p1a: Great Tusk
|-damage|p1a: Great Tusk|96/100
|-enditem|p1a: Great Tusk|Leftovers|[from] move: Knock Off|[of] p2a: Electabuzz
|
|upkeep
|turn|23
|
|t:|1758377789
|move|p2a: Electabuzz|Taunt|p1a: Great Tusk
|-start|p1a: Great Tusk|move: Taunt
|move|p1a: Great Tusk|Knock Off|p2a: Electabuzz
|-damage|p2a: Electabuzz|0 fnt
|faint|p2a: Electabuzz
|
|upkeep
|
|t:|1758377800
|switch|p2a: Golduck|Golduck, M, shiny|100/100
|-ability|p2a: Golduck|Cloud Nine
|turn|24
|
|t:|1758377807
|-end|p1a: Great Tusk|Protosynthesis|[silent]
|switch|p1a: Rotom|Rotom-Wash|34/100
|move|p2a: Golduck|Nasty Plot|p2a: Golduck
|-boost|p2a: Golduck|spa|2
|
|upkeep
|turn|25
|
|t:|1758377814
|move|p2a: Golduck|Psyshock|p1a: Rotom
|-damage|p1a: Rotom|0 fnt
|faint|p1a: Rotom
|
|upkeep
|
|t:|1758377821
|switch|p1a: Gholdengo|Gholdengo|47/100
|turn|26
|
|t:|1758377830
|move|p2a: Golduck|Psyshock|p1a: Gholdengo
|-resisted|p1a: Gholdengo
|-damage|p1a: Gholdengo|21/100
|move|p1a: Gholdengo|Focus Blast|p2a: Golduck
|-damage|p2a: Golduck|42/100
|-unboost|p2a: Golduck|spd|1
|
|upkeep
|turn|27
|
|t:|1758377839
|switch|p1a: Great Tusk|Great Tusk|96/100
|move|p2a: Golduck|Psyshock|p1a: Great Tusk
|-supereffective|p1a: Great Tusk
|-damage|p1a: Great Tusk|57/100
|
|upkeep
|turn|28
|
|t:|1758377847
|move|p2a: Golduck|Blizzard|p1a: Great Tusk|[miss]
|-miss|p2a: Golduck|p1a: Great Tusk
|-enditem|p2a: Golduck|Blunder Policy
|-boost|p2a: Golduck|spe|2
|move|p1a: Great Tusk|Knock Off|p2a: Golduck
|-damage|p2a: Golduck|15/100
|
|upkeep
|turn|29
|
|t:|1758377855
|move|p2a: Golduck|Psyshock|p1a: Great Tusk
|-supereffective|p1a: Great Tusk
|-damage|p1a: Great Tusk|12/100
|move|p1a: Great Tusk|Knock Off|p2a: Golduck
|-damage|p2a: Golduck|0 fnt
|faint|p2a: Golduck
|
|upkeep
|
|t:|1758377866
|switch|p2a: Ariados|Ariados, F|100/100
|turn|30
|
|t:|1758377877
|move|p1a: Great Tusk|Earthquake|p2a: Ariados
|-damage|p2a: Ariados|45/100
|move|p2a: Ariados|Fell Stinger|p1a: Great Tusk
|-resisted|p1a: Great Tusk
|-damage|p1a: Great Tusk|6/100
|
|upkeep
|turn|31
|
|t:|1758377884
|move|p1a: Great Tusk|Earthquake|p2a: Ariados
|-damage|p2a: Ariados|0 fnt
|faint|p2a: Ariados
|
|win|codemelo
|raw|codemelo's rating: 1108 &rarr; <strong>1131</strong><br />(+23 for winning)
|raw|yijing's rating: 1085 &rarr; <strong>1064</strong><br />(-21 for losing)
|l|☆yijing
|player|p2|
|l|☆codemelo
|player|p1|
