|j|☆ibraahiim
|j|☆SilkyNutz
|t:|1758372142
|gametype|singles
|player|p1|ibraahiim|pokemonbreeder-gen4|1320
|player|p2|SilkyNutz|sailor|1327
|gen|9
|tier|[Gen 9] OU
|rated|
|rule|HP Percentage Mod: HP is shown in percentages
|rule|Endless Battle Clause: Forcing endless battles is banned
|rule|Species Clause: Limit one of each Pokémon
|rule|OHKO Clause: OHKO moves are banned
|rule|Evasion Items Clause: Evasion items are banned
|rule|Evasion Moves Clause: Evasion moves are banned
|rule|Evasion Abilities Clause: Evasion abilities are banned
|rule|Sleep Moves Clause: Sleep-inducing moves are banned
|clearpoke
|poke|p1|Torkoal, M|
|poke|p1|Walking Wake|
|poke|p1|Raging Bolt|
|poke|p1|Ceruledge, M|
|poke|p1|Great Tusk|
|poke|p1|Cinderace, M|
|poke|p2|Ursaring, F|
|poke|p2|Orthworm, M|
|poke|p2|Goodra-Hisui, F|
|poke|p2|Polteageist|
|poke|p2|Ceruledge, M|
|poke|p2|Kingambit, M|
|teampreview
|inactive|Battle timer is ON: inactive players will automatically lose when time's up. (requested by SilkyNutz)
|
|t:|1758372168
|teamsize|p1|6
|teamsize|p2|6
|start
|switch|p1a: Torkoal|Torkoal, M|100/100
|switch|p2a: T time|Polteageist, shiny|100/100
|-weather|SunnyDay|[from] ability: Drought|[of] p1a: Torkoal
|turn|1
|
|t:|1758372177
|move|p2a: T time|Shell Smash|p2a: T time
|-unboost|p2a: T time|def|1
|-unboost|p2a: T time|spd|1
|-boost|p2a: T time|atk|2
|-boost|p2a: T time|spa|2
|-boost|p2a: T time|spe|2
|move|p1a: Torkoal|Stealth Rock|p2a: T time
|-sidestart|p2: SilkyNutz|move: Stealth Rock
|
|-weather|SunnyDay|[upkeep]
|upkeep
|turn|2
|
|t:|1758372179
|move|p2a: T time|Shell Smash|p2a: T time
|-unboost|p2a: T time|def|1
|-unboost|p2a: T time|spd|1
|-boost|p2a: T time|atk|2
|-boost|p2a: T time|spa|2
|-boost|p2a: T time|spe|2
|move|p1a: Torkoal|Lava Plume|p2a: T time
|-damage|p2a: T time|21/100
|
|-weather|SunnyDay|[upkeep]
|upkeep
|turn|3
|
|t:|1758372186
|move|p2a: T time|Shadow Ball|p1a: Torkoal
|-damage|p1a: Torkoal|0 fnt
|faint|p1a: Torkoal
|
|-weather|SunnyDay|[upkeep]
|upkeep
|
|t:|1758372194
|switch|p1a: Raging Bolt|Raging Bolt|100/100
|-activate|p1a: Raging Bolt|ability: Protosynthesis
|-start|p1a: Raging Bolt|protosynthesisspa
|turn|4
|
|t:|1758372198
|move|p1a: Raging Bolt|Thunderclap|p2a: T time
|-damage|p2a: T time|0 fnt
|faint|p2a: T time
|
|-weather|SunnyDay|[upkeep]
|upkeep
|
|t:|1758372205
|switch|p2a: Oopy goopy|Goodra-Hisui, F|100/100
|-damage|p2a: Oopy goopy|94/100|[from] Stealth Rock
|turn|5
|
|t:|1758372210
|move|p1a: Raging Bolt|Volt Switch|p2a: Oopy goopy
|-resisted|p2a: Oopy goopy
|-damage|p2a: Oopy goopy|83/100
|
|t:|1758372219
|-end|p1a: Raging Bolt|Protosynthesis|[silent]
|switch|p1a: Great Tusk|Great Tusk|100/100|[from] Volt Switch
|-activate|p1a: Great Tusk|ability: Protosynthesis
|-start|p1a: Great Tusk|protosynthesisatk
|move|p2a: Oopy goopy|Fire Blast|p1a: Great Tusk
|-damage|p1a: Great Tusk|56/100
|
|-weather|SunnyDay|[upkeep]
|upkeep
|turn|6
|
|t:|1758372229
|switch|p2a: Larry|Orthworm, M|100/100
|-damage|p2a: Larry|94/100|[from] Stealth Rock
|move|p1a: Great Tusk|Headlong Rush|p2a: Larry
|-heal|p2a: Larry|100/100|[from] ability: Earth Eater|[of] p1a: Great Tusk
|
|-weather|SunnyDay|[upkeep]
|upkeep
|turn|7
|
|t:|1758372236
|move|p1a: Great Tusk|Rapid Spin|p2a: Larry
|-resisted|p2a: Larry
|-damage|p2a: Larry|94/100
|-boost|p1a: Great Tusk|spe|1
|-damage|p1a: Great Tusk|39/100|[from] item: Rocky Helmet|[of] p2a: Larry
|move|p2a: Larry|Stealth Rock|p1a: Great Tusk
|-sidestart|p1: ibraahiim|move: Stealth Rock
|
|-weather|SunnyDay|[upkeep]
|upkeep
|turn|8
|
|t:|1758372242
|move|p1a: Great Tusk|Close Combat|p2a: Larry
|-supereffective|p2a: Larry
|-damage|p2a: Larry|0 fnt
|-unboost|p1a: Great Tusk|def|1
|-unboost|p1a: Great Tusk|spd|1
|-damage|p1a: Great Tusk|23/100|[from] item: Rocky Helmet|[of] p2a: Larry
|faint|p2a: Larry
|
|-weather|none
|-end|p1a: Great Tusk|Protosynthesis
|upkeep
|
|t:|1758372245
|switch|p2a: Edgelord|Ceruledge, M|100/100
|-damage|p2a: Edgelord|76/100|[from] Stealth Rock
|turn|9
|
|t:|1758372253
|move|p2a: Edgelord|Endure|p2a: Edgelord
|-singleturn|p2a: Edgelord|move: Endure
|move|p1a: Great Tusk|Knock Off|p2a: Edgelord
|-supereffective|p2a: Edgelord
|-activate|p2a: Edgelord|move: Endure
|-damage|p2a: Edgelord|1/100
|-ability|p2a: Edgelord|Weak Armor|boost
|-unboost|p2a: Edgelord|def|1
|-boost|p2a: Edgelord|spe|2
|-enditem|p2a: Edgelord|Weakness Policy
|-boost|p2a: Edgelord|atk|2|[from] item: Weakness Policy
|-boost|p2a: Edgelord|spa|2|[from] item: Weakness Policy
|
|upkeep
|turn|10
|
|t:|1758372260
|move|p2a: Edgelord|Bitter Blade|p1a: Great Tusk
|-damage|p1a: Great Tusk|0 fnt
|-heal|p2a: Edgelord|17/100|[from] drain|[of] p1a: Great Tusk
|faint|p1a: Great Tusk
|-end|p1a: Great Tusk|Protosynthesis|[silent]
|
|upkeep
|
|t:|1758372264
|switch|p1a: Raging Bolt|Raging Bolt|100/100
|-damage|p1a: Raging Bolt|88/100|[from] Stealth Rock
|turn|11
|
|t:|1758372267
|move|p1a: Raging Bolt|Thunderclap||[still]
|-fail|p1a: Raging Bolt
|move|p2a: Edgelord|Destiny Bond|p2a: Edgelord
|-singlemove|p2a: Edgelord|Destiny Bond
|
|upkeep
|turn|12
|
|t:|1758372277
|move|p1a: Raging Bolt|Thunderclap|p2a: Edgelord
|-damage|p2a: Edgelord|0 fnt
|faint|p2a: Edgelord
|-activate|p2a: Edgelord|move: Destiny Bond
|faint|p1a: Raging Bolt
|-end|p1a: Raging Bolt|Protosynthesis|[silent]
|
|upkeep
|
|t:|1758372290
|switch|p2a: Oopy goopy|Goodra-Hisui, F|83/100
|switch|p1a: Ceruledge|Ceruledge, M|100/100
|-damage|p1a: Ceruledge|76/100|[from] Stealth Rock
|-damage|p2a: Oopy goopy|77/100|[from] Stealth Rock
|turn|13
|
|t:|1758372293
|move|p1a: Ceruledge|Swords Dance|p1a: Ceruledge
|-boost|p1a: Ceruledge|atk|2
|move|p2a: Oopy goopy|Chilling Water|p1a: Ceruledge
|-supereffective|p1a: Ceruledge
|-damage|p1a: Ceruledge|36/100
|-unboost|p1a: Ceruledge|atk|1
|
|upkeep
|turn|14
|
|t:|1758372299
|move|p1a: Ceruledge|Poltergeist|p2a: Oopy goopy
|-activate|p2a: Oopy goopy|move: Poltergeist|Assault Vest
|-damage|p2a: Oopy goopy|0 fnt
|faint|p2a: Oopy goopy
|
|upkeep
|
|t:|1758372305
|switch|p2a: Mr. Jim bob|Kingambit, M, shiny|100/100
|-damage|p2a: Mr. Jim bob|94/100|[from] Stealth Rock
|-activate|p2a: Mr. Jim bob|ability: Supreme Overlord
|-start|p2a: Mr. Jim bob|fallen4|[silent]
|turn|15
|
|t:|1758372308
|move|p2a: Mr. Jim bob|Sucker Punch|p1a: Ceruledge
|-supereffective|p1a: Ceruledge
|-damage|p1a: Ceruledge|0 fnt
|faint|p1a: Ceruledge
|-damage|p2a: Mr. Jim bob|84/100|[from] item: Life Orb
|
|upkeep
|
|t:|1758372324
|switch|p1a: Walking Wake|Walking Wake|100/100
|-damage|p1a: Walking Wake|88/100|[from] Stealth Rock
|turn|16
|
|t:|1758372332
|-end|p2a: Mr. Jim bob|fallen4|[silent]
|switch|p2a: Shrek|Ursaring, F, shiny|100/100
|-damage|p2a: Shrek|88/100|[from] Stealth Rock
|move|p1a: Walking Wake|Flamethrower|p2a: Shrek
|-damage|p2a: Shrek|56/100
|-damage|p1a: Walking Wake|78/100|[from] item: Life Orb
|
|upkeep
|turn|17
|
|t:|1758372338
|move|p1a: Walking Wake|Hydro Steam|p2a: Shrek
|-damage|p2a: Shrek|19/100
|-damage|p1a: Walking Wake|69/100|[from] item: Life Orb
|move|p2a: Shrek|Rest|p2a: Shrek
|-status|p2a: Shrek|slp|[from] move: Rest
|-heal|p2a: Shrek|100/100 slp|[silent]
|
|upkeep
|turn|18
|
|t:|1758372343
|-end|p1a: Walking Wake|Protosynthesis|[silent]
|switch|p1a: Cinderace|Cinderace, M|100/100
|-damage|p1a: Cinderace|76/100|[from] Stealth Rock
|cant|p2a: Shrek|slp
|move|p2a: Shrek|Sleep Talk|p2a: Shrek
|move|p2a: Shrek|Bulk Up|p2a: Shrek|[from] move: Sleep Talk
|-boost|p2a: Shrek|atk|1
|-boost|p2a: Shrek|def|1
|
|upkeep
|turn|19
|
|t:|1758372347
|move|p1a: Cinderace|Pyro Ball|p2a: Shrek
|-damage|p2a: Shrek|56/100 slp
|cant|p2a: Shrek|slp
|move|p2a: Shrek|Sleep Talk|p2a: Shrek
|move|p2a: Shrek|Bulk Up|p2a: Shrek|[from] move: Sleep Talk
|-boost|p2a: Shrek|atk|1
|-boost|p2a: Shrek|def|1
|
|upkeep
|turn|20
|
|t:|1758372352
|move|p1a: Cinderace|Pyro Ball|p2a: Shrek
|-damage|p2a: Shrek|25/100 slp
|-curestatus|p2a: Shrek|slp|[msg]
|move|p2a: Shrek|Body Slam|p1a: Cinderace
|-damage|p1a: Cinderace|0 fnt
|faint|p1a: Cinderace
|
|upkeep
|
|t:|1758372355
|switch|p1a: Walking Wake|Walking Wake|69/100
|-damage|p1a: Walking Wake|56/100|[from] Stealth Rock
|turn|21
|
|t:|1758372358
|move|p1a: Walking Wake|Hydro Steam|p2a: Shrek
|-damage|p2a: Shrek|0 fnt
|faint|p2a: Shrek
|-damage|p1a: Walking Wake|47/100|[from] item: Life Orb
|
|upkeep
|
|t:|1758372360
|switch|p2a: Mr. Jim bob|Kingambit, M, shiny|84/100
|-damage|p2a: Mr. Jim bob|78/100|[from] Stealth Rock
|-activate|p2a: Mr. Jim bob|ability: Supreme Overlord
|-start|p2a: Mr. Jim bob|fallen5|[silent]
|turn|22
|
|t:|1758372364
|-terastallize|p2a: Mr. Jim bob|Dark
|move|p2a: Mr. Jim bob|Sucker Punch|p1a: Walking Wake
|-damage|p1a: Walking Wake|0 fnt
|faint|p1a: Walking Wake
|-end|p1a: Walking Wake|Protosynthesis|[silent]
|-damage|p2a: Mr. Jim bob|68/100|[from] item: Life Orb
|
|win|SilkyNutz
|raw|ibraahiim's rating: 1320 &rarr; <strong>1300</strong><br />(-20 for losing)
|raw|SilkyNutz's rating: 1327 &rarr; <strong>1347</strong><br />(+20 for winning)
|l|☆ibraahiim
|player|p1|
|l|☆SilkyNutz
|player|p2|
