|j|☆Bhuvan xxx
|j|☆iaremoose
|t:|1758261627
|gametype|singles
|player|p1|Bhuvan xxx|gentleman-lgpe|1310
|player|p2|iaremoose|harlequin|1323
|gen|9
|tier|[Gen 9] OU
|rated|
|rule|HP Percentage Mod: HP is shown in percentages
|rule|Endless Battle Clause: Forcing endless battles is banned
|rule|Species Clause: Limit one of each Pokémon
|rule|OHKO Clause: OHKO moves are banned
|rule|Evasion Items Clause: Evasion items are banned
|rule|Evasion Moves Clause: Evasion moves are banned
|rule|Evasion Abilities Clause: Evasion abilities are banned
|rule|Sleep Moves Clause: Sleep-inducing moves are banned
|clearpoke
|poke|p1|Weezing-Galar, F|
|poke|p1|Alomomola, M|
|poke|p1|Gholdengo|
|poke|p1|Latios, M|
|poke|p1|Great Tusk|
|poke|p1|Dragonite, F|
|poke|p2|Typhlosion, M|
|poke|p2|Alomomola, M|
|poke|p2|Cinderace, F|
|poke|p2|Gyarados, F|
|poke|p2|Hydreigon, F|
|poke|p2|Great Tusk|
|teampreview
|
|t:|1758261636
|teamsize|p1|6
|teamsize|p2|6
|start
|switch|p1a: Gholdengo|Gholdengo|100/100
|switch|p2a: Dark Souls|Hydreigon, F, shiny|100/100
|turn|1
|
|t:|1758261642
|move|p1a: Gholdengo|Dazzling Gleam|p2a: Dark Souls
|-supereffective|p2a: Dark Souls
|-damage|p2a: Dark Souls|0 fnt
|faint|p2a: Dark Souls
|
|upkeep
|
|t:|1758261646
|switch|p2a: Luma|Typhlosion, M, shiny|100/100
|turn|2
|
|t:|1758261652
|switch|p1a: Alomomola|Alomomola, M|100/100
|move|p2a: Luma|Eruption|p1a: Alomomola
|-resisted|p1a: Alomomola
|-damage|p1a: Alomomola|73/100
|
|upkeep
|turn|3
|
|t:|1758261657
|switch|p2a: Valentino|Alomomola, M, shiny|100/100
|move|p1a: Alomomola|Flip Turn|p2a: Valentino
|-resisted|p2a: Valentino
|-damage|p2a: Valentino|96/100
|
|t:|1758261663
|switch|p1a: Latios|Latios, M|100/100|[from] Flip Turn
|
|upkeep
|turn|4
|
|t:|1758261667
|move|p1a: Latios|Calm Mind|p1a: Latios
|-boost|p1a: Latios|spa|1
|-boost|p1a: Latios|spd|1
|move|p2a: Valentino|Play Rough|p1a: Latios
|-supereffective|p1a: Latios
|-damage|p1a: Latios|59/100
|
|upkeep
|turn|5
|
|t:|1758261685
|move|p1a: Latios|Recover|p1a: Latios
|-heal|p1a: Latios|100/100
|move|p2a: Valentino|Flip Turn|p1a: Latios
|-resisted|p1a: Latios
|-damage|p1a: Latios|89/100
|
|t:|1758261695
|switch|p2a: Conejo Malo|Cinderace, F, shiny|100/100|[from] Flip Turn
|
|upkeep
|turn|6
|
|t:|1758261711
|switch|p1a: Great Tusk|Great Tusk|100/100
|move|p2a: Conejo Malo|U-turn|p1a: Great Tusk
|-start|p2a: Conejo Malo|typechange|Bug|[from] ability: Libero
|-resisted|p1a: Great Tusk
|-damage|p1a: Great Tusk|89/100
|-damage|p2a: Conejo Malo|84/100|[from] item: Rocky Helmet|[of] p1a: Great Tusk
|
|t:|1758261715
|switch|p2a: Luma|Typhlosion, M, shiny|100/100|[from] U-turn
|
|upkeep
|turn|7
|
|t:|1758261737
|-end|p1a: Great Tusk|Protosynthesis|[silent]
|switch|p1a: Alomomola|Alomomola, M|100/100
|move|p2a: Luma|Eruption|p1a: Alomomola
|-resisted|p1a: Alomomola
|-damage|p1a: Alomomola|75/100
|
|upkeep
|turn|8
|
|t:|1758261742
|switch|p2a: Valentino|Alomomola, M, shiny|100/100
|move|p1a: Alomomola|Flip Turn|p2a: Valentino
|-resisted|p2a: Valentino
|-damage|p2a: Valentino|96/100
|
|t:|1758261745
|switch|p1a: Weezing|Weezing-Galar, F|100/100|[from] Flip Turn
|-ability|p1a: Weezing|Neutralizing Gas
|
|upkeep
|turn|9
|
|t:|1758261753
|move|p2a: Valentino|Flip Turn|p1a: Weezing
|-damage|p1a: Weezing|90/100
|inactive|Battle timer is ON: inactive players will automatically lose when time's up. (requested by Bhuvan xxx)
|
|t:|1758261755
|switch|p2a: Luma|Typhlosion, M, shiny|100/100|[from] Flip Turn
|move|p1a: Weezing|Sludge Bomb|p2a: Luma
|-damage|p2a: Luma|62/100
|
|upkeep
|turn|10
|
|t:|1758261767
|move|p2a: Luma|Scorching Sands|p1a: Weezing
|-supereffective|p1a: Weezing
|-damage|p1a: Weezing|6/100
|move|p1a: Weezing|Sludge Bomb|p2a: Luma
|-damage|p2a: Luma|24/100
|
|upkeep
|turn|11
|
|t:|1758261771
|-end|p1a: Weezing|ability: Neutralizing Gas
|switch|p1a: Alomomola|Alomomola, M|100/100
|move|p2a: Luma|Scorching Sands|p1a: Alomomola
|-damage|p1a: Alomomola|86/100
|-status|p1a: Alomomola|brn
|
|-damage|p1a: Alomomola|80/100 brn|[from] brn
|upkeep
|turn|12
|
|t:|1758261775
|move|p2a: Luma|Scorching Sands|p1a: Alomomola
|-damage|p1a: Alomomola|63/100 brn
|move|p1a: Alomomola|Flip Turn|p2a: Luma
|-supereffective|p2a: Luma
|-damage|p2a: Luma|0 fnt
|faint|p2a: Luma
|
|t:|1758261779
|switch|p1a: Gholdengo|Gholdengo|100/100|[from] Flip Turn
|
|upkeep
|
|t:|1758261782
|switch|p2a: Conejo Malo|Cinderace, F, shiny|84/100
|turn|13
|
|t:|1758261796
|switch|p1a: Weezing|Weezing-Galar, F|6/100
|-ability|p1a: Weezing|Neutralizing Gas
|move|p2a: Conejo Malo|Sucker Punch||[still]
|-fail|p2a: Conejo Malo
|
|upkeep
|turn|14
|l|☆iaremoose
|inactive|iaremoose disconnected and has a minute to reconnect!
|player|p2|
|j|☆iaremoose
|inactive|iaremoose reconnected and has 145 seconds left.
|player|p2|iaremoose|harlequin|
|
|t:|1758261812
|move|p2a: Conejo Malo|U-turn|p1a: Weezing
|-resisted|p1a: Weezing
|-damage|p1a: Weezing|3/100
|
|t:|1758261823
|switch|p2a: Valentino|Alomomola, M, shiny|96/100|[from] U-turn
|move|p1a: Weezing|Pain Split|p2a: Valentino
|-sethp|p2a: Valentino|49/100|[from] move: Pain Split|[silent]
|-sethp|p1a: Weezing|69/100|[from] move: Pain Split
|
|upkeep
|turn|15
|-message|iaremoose forfeited.
|
|win|Bhuvan xxx
|raw|Bhuvan xxx's rating: 1325 &rarr; <strong>1345</strong><br />(+20 for winning)
|raw|iaremoose's rating: 1323 &rarr; <strong>1303</strong><br />(-20 for losing)
|l|☆iaremoose
|player|p2|
|l|☆Bhuvan xxx
|player|p1|
