|j|☆klefki_did_it
|j|☆smashbros87878
|t:|1758290761
|gametype|singles
|player|p1|klefki_did_it|pokemonbreeder-gen4|1284
|player|p2|smashbros87878|steven|1352
|gen|9
|tier|[Gen 9] OU
|rated|
|rule|HP Percentage Mod: HP is shown in percentages
|rule|Endless Battle Clause: Forcing endless battles is banned
|rule|Species Clause: Limit one of each Pokémon
|rule|OHKO Clause: OHKO moves are banned
|rule|Evasion Items Clause: Evasion items are banned
|rule|Evasion Moves Clause: Evasion moves are banned
|rule|Evasion Abilities Clause: Evasion abilities are banned
|rule|Sleep Moves Clause: Sleep-inducing moves are banned
|clearpoke
|poke|p1|Staraptor, M|
|poke|p1|Kingambit, M|
|poke|p1|Emboar, M|
|poke|p1|Thundurus, M|
|poke|p1|Basculegion, M|
|poke|p1|Rhyperior, F|
|poke|p2|Walking Wake|
|poke|p2|Chansey, F|
|poke|p2|Great Tusk|
|poke|p2|Torkoal, M|
|poke|p2|Blaziken, M|
|poke|p2|Polteageist|
|teampreview
|inactive|Battle timer is ON: inactive players will automatically lose when time's up. (requested by klefki_did_it)
|inactive|smashbros87878 also wants the timer to be on.
|
|t:|1758290778
|teamsize|p1|6
|teamsize|p2|6
|start
|switch|p1a: Rhyperior|Rhyperior, F|100/100
|switch|p2a: Torkoal|Torkoal, M|100/100
|-weather|SunnyDay|[from] ability: Drought|[of] p2a: Torkoal
|turn|1
|
|t:|1758290789
|switch|p2a: Walking Wake|Walking Wake|100/100
|-activate|p2a: Walking Wake|ability: Protosynthesis
|-start|p2a: Walking Wake|protosynthesisspe
|move|p1a: Rhyperior|Earthquake|p2a: Walking Wake
|-damage|p2a: Walking Wake|30/100
|
|-weather|SunnyDay|[upkeep]
|upkeep
|turn|2
|
|t:|1758290802
|-terastallize|p1a: Rhyperior|Grass
|move|p2a: Walking Wake|Hydro Steam|p1a: Rhyperior
|-resisted|p1a: Rhyperior
|-damage|p1a: Rhyperior|63/100
|move|p1a: Rhyperior|Earthquake|p2a: Walking Wake
|-damage|p2a: Walking Wake|0 fnt
|faint|p2a: Walking Wake
|-end|p2a: Walking Wake|Protosynthesis|[silent]
|
|-weather|SunnyDay|[upkeep]
|upkeep
|
|t:|1758290807
|switch|p2a: Blaziken|Blaziken, M|100/100
|turn|3
|
|t:|1758290816
|move|p2a: Blaziken|Swords Dance|p2a: Blaziken
|-boost|p2a: Blaziken|atk|2
|move|p1a: Rhyperior|Earthquake|p2a: Blaziken
|-supereffective|p2a: Blaziken
|-enditem|p2a: Blaziken|Focus Sash
|-damage|p2a: Blaziken|1/100
|
|-weather|SunnyDay|[upkeep]
|-ability|p2a: Blaziken|Speed Boost|boost
|-boost|p2a: Blaziken|spe|1
|upkeep
|turn|4
|
|t:|1758290828
|move|p2a: Blaziken|Blaze Kick|p1a: Rhyperior|[miss]
|-miss|p2a: Blaziken|p1a: Rhyperior
|move|p1a: Rhyperior|Earthquake|p2a: Blaziken
|-supereffective|p2a: Blaziken
|-crit|p2a: Blaziken
|-damage|p2a: Blaziken|0 fnt
|faint|p2a: Blaziken
|
|-weather|SunnyDay|[upkeep]
|upkeep
|
|t:|1758290839
|switch|p2a: Great Tusk|Great Tusk|100/100
|-activate|p2a: Great Tusk|ability: Protosynthesis
|-start|p2a: Great Tusk|protosynthesisatk
|turn|5
|
|t:|1758290844
|move|p2a: Great Tusk|Bulk Up|p2a: Great Tusk
|-boost|p2a: Great Tusk|atk|1
|-boost|p2a: Great Tusk|def|1
|move|p1a: Rhyperior|Counter||[still]
|-fail|p1a: Rhyperior
|
|-weather|SunnyDay|[upkeep]
|upkeep
|turn|6
|
|t:|1758290850
|move|p2a: Great Tusk|Bulk Up|p2a: Great Tusk
|-boost|p2a: Great Tusk|atk|1
|-boost|p2a: Great Tusk|def|1
|move|p1a: Rhyperior|Earthquake|p2a: Great Tusk
|-damage|p2a: Great Tusk|79/100
|
|-weather|SunnyDay|[upkeep]
|upkeep
|turn|7
|
|t:|1758290858
|move|p2a: Great Tusk|Bulk Up|p2a: Great Tusk
|-boost|p2a: Great Tusk|atk|1
|-boost|p2a: Great Tusk|def|1
|move|p1a: Rhyperior|Earthquake|p2a: Great Tusk
|-damage|p2a: Great Tusk|61/100
|
|-weather|SunnyDay|[upkeep]
|upkeep
|turn|8
|
|t:|1758290860
|move|p2a: Great Tusk|Rapid Spin|p1a: Rhyperior
|-damage|p1a: Rhyperior|21/100
|-boost|p2a: Great Tusk|spe|1
|move|p1a: Rhyperior|Earthquake|p2a: Great Tusk
|-damage|p2a: Great Tusk|43/100
|
|-weather|none
|-end|p2a: Great Tusk|Protosynthesis
|upkeep
|turn|9
|
|t:|1758290865
|move|p2a: Great Tusk|Bulk Up|p2a: Great Tusk
|-boost|p2a: Great Tusk|atk|1
|-boost|p2a: Great Tusk|def|1
|move|p1a: Rhyperior|Earthquake|p2a: Great Tusk
|-damage|p2a: Great Tusk|27/100
|
|upkeep
|turn|10
|
|t:|1758290874
|switch|p1a: Basculegion|Basculegion, M|100/100
|move|p2a: Great Tusk|Rapid Spin|p1a: Basculegion
|-immune|p1a: Basculegion
|
|upkeep
|turn|11
|
|t:|1758290883
|move|p1a: Basculegion|Wave Crash|p2a: Great Tusk
|-supereffective|p2a: Great Tusk
|-damage|p2a: Great Tusk|0 fnt
|faint|p2a: Great Tusk
|-end|p2a: Great Tusk|Protosynthesis|[silent]
|-damage|p1a: Basculegion|92/100|[from] Recoil
|
|upkeep
|-message|smashbros87878 forfeited.
|
|win|klefki_did_it
|raw|klefki_did_it's rating: 1284 &rarr; <strong>1314</strong><br />(+30 for winning)
|raw|smashbros87878's rating: 1352 &rarr; <strong>1328</strong><br />(-24 for losing)
|l|☆smashbros87878
|player|p2|
|l|☆klefki_did_it
|player|p1|
