|j|☆WhyteSmoke
|j|☆SenseiShuckle
|t:|1758292182
|gametype|singles
|player|p1|WhyteSmoke|169|1179
|player|p2|SenseiShuckle|steven|1182
|gen|9
|tier|[Gen 9] OU
|rated|
|rule|HP Percentage Mod: HP is shown in percentages
|rule|Endless Battle Clause: Forcing endless battles is banned
|rule|Species Clause: Limit one of each Pokémon
|rule|OHKO Clause: OHKO moves are banned
|rule|Evasion Items Clause: Evasion items are banned
|rule|Evasion Moves Clause: Evasion moves are banned
|rule|Evasion Abilities Clause: Evasion abilities are banned
|rule|Sleep Moves Clause: Sleep-inducing moves are banned
|clearpoke
|poke|p1|Tyranitar, M|
|poke|p1|Excadrill, M|
|poke|p1|Landorus-Therian, M|
|poke|p1|Garganacl, M|
|poke|p1|Garchomp, M|
|poke|p1|Ursaluna, F|
|poke|p2|Blaziken, F|
|poke|p2|Garchomp, M|
|poke|p2|Kleavor, M|
|poke|p2|Arbok, M|
|poke|p2|Kingambit, F|
|poke|p2|Torterra, M|
|teampreview
|
|t:|1758292191
|teamsize|p1|6
|teamsize|p2|6
|start
|switch|p1a: Tyranitar|Tyranitar, M, shiny|100/100
|switch|p2a: Kleavor|Kleavor, M|100/100
|-weather|Sandstorm|[from] ability: Sand Stream|[of] p1a: Tyranitar
|turn|1
|inactive|Battle timer is ON: inactive players will automatically lose when time's up. (requested by SenseiShuckle)
|
|t:|1758292200
|move|p2a: Kleavor|Agility|p2a: Kleavor
|-boost|p2a: Kleavor|spe|2
|move|p1a: Tyranitar|Knock Off|p2a: Kleavor
|-damage|p2a: Kleavor|30/100
|-enditem|p2a: Kleavor|Metronome|[from] move: Knock Off|[of] p1a: Tyranitar
|
|-weather|Sandstorm|[upkeep]
|upkeep
|turn|2
|
|t:|1758292210
|move|p2a: Kleavor|X-Scissor|p1a: Tyranitar
|-supereffective|p1a: Tyranitar
|-damage|p1a: Tyranitar|0 fnt
|faint|p1a: Tyranitar
|
|-weather|Sandstorm|[upkeep]
|upkeep
|
|t:|1758292216
|switch|p1a: Excadrill|Excadrill, M, shiny|100/100
|turn|3
|
|t:|1758292224
|move|p1a: Excadrill|Earthquake|p2a: Kleavor
|-damage|p2a: Kleavor|0 fnt
|faint|p2a: Kleavor
|
|-weather|Sandstorm|[upkeep]
|upkeep
|
|t:|1758292233
|switch|p2a: Garchomp|Garchomp, M|100/100
|turn|4
|
|t:|1758292238
|-terastallize|p1a: Excadrill|Ground
|move|p1a: Excadrill|Hone Claws|p1a: Excadrill
|-boost|p1a: Excadrill|atk|1
|-boost|p1a: Excadrill|accuracy|1
|move|p2a: Garchomp|Earthquake|p1a: Excadrill
|-damage|p1a: Excadrill|21/100
|
|-weather|Sandstorm|[upkeep]
|upkeep
|turn|5
|
|t:|1758292248
|move|p1a: Excadrill|Earthquake|p2a: Garchomp
|-damage|p2a: Garchomp|0 fnt
|faint|p2a: Garchomp
|
|-weather|Sandstorm|[upkeep]
|upkeep
|
|t:|1758292267
|switch|p2a: Arbok|Arbok, M|100/100
|-ability|p2a: Arbok|Intimidate|boost
|-unboost|p1a: Excadrill|atk|1
|turn|6
|
|t:|1758292273
|move|p1a: Excadrill|Earthquake|p2a: Arbok
|-supereffective|p2a: Arbok
|-damage|p2a: Arbok|0 fnt
|faint|p2a: Arbok
|
|-weather|Sandstorm|[upkeep]
|upkeep
|
|t:|1758292275
|switch|p2a: Torterra|Torterra, M|100/100
|turn|7
|
|t:|1758292284
|move|p1a: Excadrill|Earthquake|p2a: Torterra
|-resisted|p2a: Torterra
|-damage|p2a: Torterra|60/100
|move|p2a: Torterra|Shell Smash|p2a: Torterra
|-unboost|p2a: Torterra|def|1
|-unboost|p2a: Torterra|spd|1
|-boost|p2a: Torterra|atk|2
|-boost|p2a: Torterra|spa|2
|-boost|p2a: Torterra|spe|2
|
|-weather|Sandstorm|[upkeep]
|upkeep
|turn|8
|
|t:|1758292294
|move|p1a: Excadrill|Shadow Claw|p2a: Torterra
|-damage|p2a: Torterra|21/100
|move|p2a: Torterra|Bullet Seed|p1a: Excadrill
|-supereffective|p1a: Excadrill
|-crit|p1a: Excadrill
|-damage|p1a: Excadrill|0 fnt
|faint|p1a: Excadrill
|-hitcount|p1: Excadrill|1
|
|-weather|none
|upkeep
|
|t:|1758292303
|switch|p1a: Landorus|Landorus-Therian, M|100/100
|-ability|p1a: Landorus|Intimidate|boost
|-unboost|p2a: Torterra|atk|1
|turn|9
|
|t:|1758292309
|move|p2a: Torterra|Bullet Seed|p1a: Landorus
|-damage|p1a: Landorus|82/100
|-damage|p1a: Landorus|63/100
|-damage|p1a: Landorus|41/100
|-damage|p1a: Landorus|19/100
|-hitcount|p1a: Landorus|4
|move|p1a: Landorus|Swords Dance|p1a: Landorus
|-boost|p1a: Landorus|atk|2
|
|upkeep
|turn|10
|
|t:|1758292318
|move|p2a: Torterra|Bullet Seed|p1a: Landorus
|-damage|p1a: Landorus|0 fnt
|faint|p1a: Landorus
|-hitcount|p1: Landorus|1
|
|upkeep
|
|t:|1758292325
|switch|p1a: Garchomp|Garchomp, M|100/100
|turn|11
|
|t:|1758292330
|move|p2a: Torterra|Bullet Seed|p1a: Garchomp
|-damage|p1a: Garchomp|84/100
|-damage|p1a: Garchomp|65/100
|-damage|p1a: Garchomp|47/100
|-crit|p1a: Garchomp
|-damage|p1a: Garchomp|21/100
|-hitcount|p1a: Garchomp|4
|move|p1a: Garchomp|Scale Shot|p2a: Torterra|[miss]
|-miss|p1a: Garchomp|p2a: Torterra
|
|upkeep
|turn|12
|
|t:|1758292340
|move|p2a: Torterra|Bullet Seed|p1a: Garchomp
|-damage|p1a: Garchomp|4/100
|-damage|p1a: Garchomp|0 fnt
|faint|p1a: Garchomp
|-hitcount|p1: Garchomp|2
|
|upkeep
|
|t:|1758292345
|switch|p1a: Ursaluna|Ursaluna, F|100/100
|turn|13
|
|t:|1758292350
|move|p2a: Torterra|Bullet Seed|p1a: Ursaluna
|-supereffective|p1a: Ursaluna
|-damage|p1a: Ursaluna|77/100
|-supereffective|p1a: Ursaluna
|-damage|p1a: Ursaluna|54/100
|-supereffective|p1a: Ursaluna
|-damage|p1a: Ursaluna|31/100
|-supereffective|p1a: Ursaluna
|-damage|p1a: Ursaluna|8/100
|-supereffective|p1a: Ursaluna
|-damage|p1a: Ursaluna|0 fnt
|faint|p1a: Ursaluna
|-hitcount|p1: Ursaluna|5
|
|upkeep
|
|t:|1758292360
|switch|p1a: Garganacl|Garganacl, M, shiny|100/100
|turn|14
|
|t:|1758292365
|move|p2a: Torterra|Bullet Seed|p1a: Garganacl
|-supereffective|p1a: Garganacl
|-damage|p1a: Garganacl|77/100
|-supereffective|p1a: Garganacl
|-damage|p1a: Garganacl|51/100
|-supereffective|p1a: Garganacl
|-damage|p1a: Garganacl|29/100
|-supereffective|p1a: Garganacl
|-damage|p1a: Garganacl|5/100
|-hitcount|p1a: Garganacl|4
|move|p1a: Garganacl|Body Press|p2a: Torterra
|-damage|p2a: Torterra|0 fnt
|faint|p2a: Torterra
|
|upkeep
|
|t:|1758292376
|switch|p2a: Blaziken|Blaziken, F|100/100
|turn|15
|
|t:|1758292382
|move|p2a: Blaziken|Overheat|p1a: Garganacl|[miss]
|-miss|p2a: Blaziken|p1a: Garganacl
|move|p1a: Garganacl|Salt Cure|p2a: Blaziken
|-crit|p2a: Blaziken
|-damage|p2a: Blaziken|49/100
|-start|p2a: Blaziken|Salt Cure
|
|-damage|p2a: Blaziken|36/100|[from] Salt Cure
|-ability|p2a: Blaziken|Speed Boost|boost
|-boost|p2a: Blaziken|spe|1
|upkeep
|turn|16
|
|t:|1758292391
|move|p2a: Blaziken|Close Combat|p1a: Garganacl
|-supereffective|p1a: Garganacl
|-damage|p1a: Garganacl|0 fnt
|-unboost|p2a: Blaziken|def|1
|-unboost|p2a: Blaziken|spd|1
|faint|p1a: Garganacl
|
|win|SenseiShuckle
|raw|WhyteSmoke's rating: 1179 &rarr; <strong>1154</strong><br />(-25 for losing)
|raw|SenseiShuckle's rating: 1182 &rarr; <strong>1207</strong><br />(+25 for winning)
|c|☆WhyteSmoke|gg
|l|☆SenseiShuckle
|player|p2|
|l|☆WhyteSmoke
|player|p1|
