|j|☆Dylanhmp
|j|☆Mossful
|t:|1758289474
|gametype|singles
|player|p1|Dylanhmp|102|1469
|player|p2|Mossful|juniper|1482
|gen|9
|tier|[Gen 9] OU
|rated|
|rule|HP Percentage Mod: HP is shown in percentages
|rule|Endless Battle Clause: Forcing endless battles is banned
|rule|Species Clause: Limit one of each Pokémon
|rule|OHKO Clause: OHKO moves are banned
|rule|Evasion Items Clause: Evasion items are banned
|rule|Evasion Moves Clause: Evasion moves are banned
|rule|Evasion Abilities Clause: Evasion abilities are banned
|rule|Sleep Moves Clause: Sleep-inducing moves are banned
|clearpoke
|poke|p1|Kyurem|
|poke|p1|Corviknight, F|
|poke|p1|Ting-Lu|
|poke|p1|Dondozo, F|
|poke|p1|Slowking-Galar, L99, F|
|poke|p1|Cinderace, M|
|poke|p2|Smeargle, M|
|poke|p2|Malamar, M|
|poke|p2|Great Tusk|
|poke|p2|Empoleon, F|
|poke|p2|Comfey, M|
|poke|p2|Dragonite, F|
|teampreview
|inactive|Battle timer is ON: inactive players will automatically lose when time's up. (requested by Mossful)
|
|t:|1758289492
|teamsize|p1|6
|teamsize|p2|6
|start
|switch|p1a: Kyurem|Kyurem|100/100
|switch|p2a: MeansToAnEnd|Smeargle, M, shiny|100/100
|-ability|p1a: Kyurem|Pressure
|turn|1
|
|t:|1758289498
|switch|p2a: Kanata Shinkai|Empoleon, F, shiny|100/100
|move|p1a: Kyurem|Substitute|p1a: Kyurem
|-start|p1a: Kyurem|Substitute
|-damage|p1a: Kyurem|75/100
|
|-heal|p1a: Kyurem|82/100|[from] item: Leftovers
|upkeep
|turn|2
|
|t:|1758289503
|move|p1a: Kyurem|Earth Power|p2a: Kanata Shinkai
|-supereffective|p2a: Kanata Shinkai
|-damage|p2a: Kanata Shinkai|62/100
|move|p2a: Kanata Shinkai|Ice Beam|p1a: Kyurem
|-end|p1a: Kyurem|Substitute
|
|-heal|p1a: Kyurem|88/100|[from] item: Leftovers
|upkeep
|turn|3
|
|t:|1758289508
|move|p1a: Kyurem|Earth Power|p2a: Kanata Shinkai
|-supereffective|p2a: Kanata Shinkai
|-damage|p2a: Kanata Shinkai|26/100
|move|p2a: Kanata Shinkai|Ice Beam|p1a: Kyurem
|-damage|p1a: Kyurem|58/100
|
|-heal|p1a: Kyurem|64/100|[from] item: Leftovers
|upkeep
|turn|4
|
|t:|1758289511
|move|p1a: Kyurem|Earth Power|p2a: Kanata Shinkai
|-supereffective|p2a: Kanata Shinkai
|-damage|p2a: Kanata Shinkai|0 fnt
|faint|p2a: Kanata Shinkai
|
|-heal|p1a: Kyurem|70/100|[from] item: Leftovers
|upkeep
|
|t:|1758289516
|switch|p2a: My Friend|Malamar, M, shiny|100/100
|turn|5
|
|t:|1758289519
|switch|p1a: Corviknight|Corviknight, F|100/100
|-ability|p1a: Corviknight|Pressure
|move|p2a: My Friend|Superpower|p1a: Corviknight
|-damage|p1a: Corviknight|80/100
|-boost|p2a: My Friend|atk|1
|-boost|p2a: My Friend|def|1
|-damage|p2a: My Friend|84/100|[from] item: Rocky Helmet|[of] p1a: Corviknight
|
|-heal|p2a: My Friend|90/100|[from] item: Leftovers
|upkeep
|turn|6
|
|t:|1758289527
|move|p2a: My Friend|Substitute|p2a: My Friend
|-start|p2a: My Friend|Substitute
|-damage|p2a: My Friend|65/100
|move|p1a: Corviknight|U-turn|p2a: My Friend
|-supereffective|p2a: My Friend
|-end|p2a: My Friend|Substitute
|
|t:|1758289529
|switch|p1a: Dondozo|Dondozo, F|100/100|[from] U-turn
|
|-heal|p2a: My Friend|71/100|[from] item: Leftovers
|upkeep
|turn|7
|
|t:|1758289534
|move|p2a: My Friend|Knock Off|p1a: Dondozo
|-damage|p1a: Dondozo|82/100
|-enditem|p1a: Dondozo|Leftovers|[from] move: Knock Off|[of] p2a: My Friend
|move|p1a: Dondozo|Curse|p1a: Dondozo
|-unboost|p1a: Dondozo|spe|1
|-boost|p1a: Dondozo|atk|1
|-boost|p1a: Dondozo|def|1
|
|-heal|p2a: My Friend|77/100|[from] item: Leftovers
|upkeep
|turn|8
|
|t:|1758289547
|switch|p2a: Mind Explode Ray|Comfey, M, shiny|100/100
|move|p1a: Dondozo|Waterfall|p2a: Mind Explode Ray
|-damage|p2a: Mind Explode Ray|50/100
|
|-heal|p2a: Mind Explode Ray|56/100|[from] item: Leftovers
|upkeep
|turn|9
|
|t:|1758289551
|switch|p1a: Slowking|Slowking-Galar, L99, F|100/100
|move|p2a: Mind Explode Ray|Calm Mind|p2a: Mind Explode Ray
|-boost|p2a: Mind Explode Ray|spa|1
|-boost|p2a: Mind Explode Ray|spd|1
|
|-heal|p2a: Mind Explode Ray|63/100|[from] item: Leftovers
|upkeep
|turn|10
|l|☆Dylanhmp
|inactive|Dylanhmp disconnected and has a minute to reconnect!
|player|p1|
|
|t:|1758289568
|switch|p2a: MeansToAnEnd|Smeargle, M, shiny|100/100
|move|p1a: Slowking|Toxic|p2a: MeansToAnEnd
|-status|p2a: MeansToAnEnd|tox
|
|-damage|p2a: MeansToAnEnd|94/100 tox|[from] psn
|upkeep
|turn|11
|j|☆Dylanhmp
|inactive|Dylanhmp reconnected and has 140 seconds left.
|player|p1|Dylanhmp|102|
|
|t:|1758289583
|move|p2a: MeansToAnEnd|Sticky Web|p1a: Slowking
|-sidestart|p1: Dylanhmp|move: Sticky Web
|-prepare|p1a: Slowking|Chilly Reception|[premajor]
|move|p1a: Slowking|Chilly Reception|p1a: Slowking
|-weather|Snowscape
|
|t:|1758289586
|switch|p1a: Corviknight|Corviknight, F|80/100|[from] Chilly Reception
|-ability|p1a: Corviknight|Pressure
|
|-weather|Snowscape|[upkeep]
|-damage|p2a: MeansToAnEnd|82/100 tox|[from] psn
|upkeep
|turn|12
|
|t:|1758289589
|move|p2a: MeansToAnEnd|Court Change|p2a: MeansToAnEnd
|-swapsideconditions
|-activate|p2a: MeansToAnEnd|move: Court Change
|move|p1a: Corviknight|Defog|p2a: MeansToAnEnd
|-unboost|p2a: MeansToAnEnd|evasion|1
|-sideend|p2: Mossful|Sticky Web|[from] move: Defog|[of] p1a: Corviknight
|
|-weather|Snowscape|[upkeep]
|-damage|p2a: MeansToAnEnd|64/100 tox|[from] psn
|upkeep
|turn|13
|
|t:|1758289595
|move|p2a: MeansToAnEnd|Sticky Web|p1a: Corviknight
|-sidestart|p1: Dylanhmp|move: Sticky Web
|move|p1a: Corviknight|U-turn|p2a: MeansToAnEnd
|-damage|p2a: MeansToAnEnd|31/100 tox
|
|t:|1758289599
|switch|p1a: Cinderace|Cinderace, M|100/100|[from] U-turn
|
|-weather|Snowscape|[upkeep]
|-damage|p2a: MeansToAnEnd|7/100 tox|[from] psn
|upkeep
|turn|14
|
|t:|1758289604
|move|p1a: Cinderace|Court Change|p1a: Cinderace
|-swapsideconditions
|-activate|p1a: Cinderace|move: Court Change
|move|p2a: MeansToAnEnd|Healing Wish|p2a: MeansToAnEnd
|faint|p2a: MeansToAnEnd
|
|-weather|Snowscape|[upkeep]
|upkeep
|
|t:|1758289610
|switch|p2a: My Friend|Malamar, M, shiny|77/100
|-heal|p2a: My Friend|100/100|[from] move: Healing Wish
|-activate|p2a: My Friend|move: Sticky Web
|-boost|p2a: My Friend|spe|1
|turn|15
|
|t:|1758289614
|move|p2a: My Friend|Substitute|p2a: My Friend
|-start|p2a: My Friend|Substitute
|-damage|p2a: My Friend|76/100
|move|p1a: Cinderace|U-turn|p2a: My Friend
|-supereffective|p2a: My Friend
|-end|p2a: My Friend|Substitute
|
|t:|1758289617
|switch|p1a: Dondozo|Dondozo, F|82/100|[from] U-turn
|
|-weather|none
|-heal|p2a: My Friend|82/100|[from] item: Leftovers
|upkeep
|turn|16
|c|☆Dylanhmp|XD
|
|t:|1758289622
|switch|p2a: Mind Explode Ray|Comfey, M, shiny|63/100
|-activate|p2a: Mind Explode Ray|move: Sticky Web
|-unboost|p2a: Mind Explode Ray|spe|1
|move|p1a: Dondozo|Curse|p1a: Dondozo
|-unboost|p1a: Dondozo|spe|1
|-boost|p1a: Dondozo|atk|1
|-boost|p1a: Dondozo|def|1
|
|-heal|p2a: Mind Explode Ray|69/100|[from] item: Leftovers
|upkeep
|turn|17
|
|t:|1758289629
|switch|p1a: Slowking|Slowking-Galar, L99, F|100/100
|move|p2a: Mind Explode Ray|Calm Mind|p2a: Mind Explode Ray
|-boost|p2a: Mind Explode Ray|spa|1
|-boost|p2a: Mind Explode Ray|spd|1
|
|-heal|p2a: Mind Explode Ray|75/100|[from] item: Leftovers
|upkeep
|turn|18
|
|t:|1758289633
|-terastallize|p2a: Mind Explode Ray|Steel
|move|p2a: Mind Explode Ray|Calm Mind|p2a: Mind Explode Ray
|-boost|p2a: Mind Explode Ray|spa|1
|-boost|p2a: Mind Explode Ray|spd|1
|move|p1a: Slowking|Toxic|p2a: Mind Explode Ray
|-immune|p2a: Mind Explode Ray
|
|-heal|p2a: Mind Explode Ray|81/100|[from] item: Leftovers
|upkeep
|turn|19
|
|t:|1758289639
|move|p2a: Mind Explode Ray|Calm Mind|p2a: Mind Explode Ray
|-boost|p2a: Mind Explode Ray|spa|1
|-boost|p2a: Mind Explode Ray|spd|1
|-prepare|p1a: Slowking|Chilly Reception|[premajor]
|move|p1a: Slowking|Chilly Reception|p1a: Slowking
|-weather|Snowscape
|
|t:|1758289641
|switch|p1a: Cinderace|Cinderace, M|100/100|[from] Chilly Reception
|
|-weather|Snowscape|[upkeep]
|-heal|p2a: Mind Explode Ray|87/100|[from] item: Leftovers
|upkeep
|turn|20
|
|t:|1758289647
|move|p2a: Mind Explode Ray|Draining Kiss|p1a: Cinderace
|-resisted|p1a: Cinderace
|-damage|p1a: Cinderace|71/100
|-heal|p2a: Mind Explode Ray|100/100|[from] drain|[of] p1a: Cinderace
|move|p1a: Cinderace|Pyro Ball|p2a: Mind Explode Ray|[miss]
|-miss|p1a: Cinderace|p2a: Mind Explode Ray
|
|-weather|Snowscape|[upkeep]
|upkeep
|turn|21
|
|t:|1758289652
|move|p1a: Cinderace|Pyro Ball|p2a: Mind Explode Ray|[miss]
|-miss|p1a: Cinderace|p2a: Mind Explode Ray
|move|p2a: Mind Explode Ray|Stored Power|p1a: Cinderace
|-damage|p1a: Cinderace|0 fnt
|faint|p1a: Cinderace
|
|-weather|Snowscape|[upkeep]
|upkeep
|c|☆Mossful|lol
|c|☆Mossful|lmao even
|
|t:|1758289676
|switch|p1a: Ting-Lu|Ting-Lu|100/100
|-ability|p1a: Ting-Lu|Vessel of Ruin
|turn|22
|
|t:|1758289682
|move|p2a: Mind Explode Ray|Calm Mind|p2a: Mind Explode Ray
|-boost|p2a: Mind Explode Ray|spa|1
|-boost|p2a: Mind Explode Ray|spd|1
|move|p1a: Ting-Lu|Earthquake|p2a: Mind Explode Ray
|-supereffective|p2a: Mind Explode Ray
|-damage|p2a: Mind Explode Ray|4/100
|
|-weather|Snowscape|[upkeep]
|-heal|p2a: Mind Explode Ray|11/100|[from] item: Leftovers
|upkeep
|turn|23
|
|t:|1758289685
|move|p2a: Mind Explode Ray|Draining Kiss|p1a: Ting-Lu
|-supereffective|p1a: Ting-Lu
|-damage|p1a: Ting-Lu|48/100
|-heal|p2a: Mind Explode Ray|77/100|[from] drain|[of] p1a: Ting-Lu
|move|p1a: Ting-Lu|Earthquake|p2a: Mind Explode Ray
|-supereffective|p2a: Mind Explode Ray
|-damage|p2a: Mind Explode Ray|0 fnt
|faint|p2a: Mind Explode Ray
|
|-weather|none
|-heal|p1a: Ting-Lu|54/100|[from] item: Leftovers
|upkeep
|
|t:|1758289689
|switch|p2a: My Friend|Malamar, M, shiny|82/100
|-activate|p2a: My Friend|move: Sticky Web
|-boost|p2a: My Friend|spe|1
|turn|24
|c|☆Dylanhmp|Lol
|
|t:|1758289693
|switch|p1a: Dondozo|Dondozo, F|82/100
|move|p2a: My Friend|Superpower|p1a: Dondozo
|-damage|p1a: Dondozo|67/100
|-boost|p2a: My Friend|atk|1
|-boost|p2a: My Friend|def|1
|
|-heal|p2a: My Friend|88/100|[from] item: Leftovers
|upkeep
|turn|25
|c|☆Dylanhmp|And gg
|
|t:|1758289701
|move|p2a: My Friend|Superpower|p1a: Dondozo
|-damage|p1a: Dondozo|51/100
|-boost|p2a: My Friend|atk|1
|-boost|p2a: My Friend|def|1
|move|p1a: Dondozo|Curse|p1a: Dondozo
|-unboost|p1a: Dondozo|spe|1
|-boost|p1a: Dondozo|atk|1
|-boost|p1a: Dondozo|def|1
|
|-heal|p2a: My Friend|94/100|[from] item: Leftovers
|upkeep
|turn|26
|c|☆Mossful|you are an insufferable dickhead
|-message|Mossful forfeited.
|
|win|Dylanhmp
|raw|Dylanhmp's rating: 1469 &rarr; <strong>1490</strong><br />(+21 for winning)
|raw|Mossful's rating: 1482 &rarr; <strong>1461</strong><br />(-21 for losing)
|l|☆Mossful
|player|p2|
|c|☆Dylanhmp|Ok bro
|l|☆Dylanhmp
|player|p1|
|j|☆Dylanhmp
|player|p1|Dylanhmp|102|
|l|☆Dylanhmp
|player|p1|
|j|☆Dylanhmp
|player|p1|Dylanhmp|102|
|l|☆Dylanhmp
|player|p1|
