|j|☆idonteatpets
|j|☆ahonghhh
|t:|1758265587
|gametype|singles
|player|p1|idonteatpets|266|1218
|player|p2|ahonghhh|veteran|1167
|gen|9
|tier|[Gen 9] OU
|rated|
|rule|HP Percentage Mod: HP is shown in percentages
|rule|Endless Battle Clause: Forcing endless battles is banned
|rule|Species Clause: Limit one of each Pokémon
|rule|OHKO Clause: OHKO moves are banned
|rule|Evasion Items Clause: Evasion items are banned
|rule|Evasion Moves Clause: Evasion moves are banned
|rule|Evasion Abilities Clause: Evasion abilities are banned
|rule|Sleep Moves Clause: Sleep-inducing moves are banned
|clearpoke
|poke|p1|Glimmora, F|
|poke|p1|Iron Valiant|
|poke|p1|Kingambit, F|
|poke|p1|Raging Bolt|
|poke|p1|Great Tusk|
|poke|p1|Walking Wake|
|poke|p2|Ogerpon, F|
|poke|p2|Rillaboom, M|
|poke|p2|Great Tusk|
|poke|p2|Gholdengo|
|poke|p2|Moltres|
|poke|p2|Samurott-Hisui, M|
|teampreview
|c|☆idonteatpets|hi
|c|☆idonteatpets|do u live in japan my friend
|inactive|Battle timer is ON: inactive players will automatically lose when time's up. (requested by idonteatpets)
|
|t:|1758265609
|teamsize|p1|6
|teamsize|p2|6
|start
|switch|p1a: Glimmora|Glimmora, F|100/100
|switch|p2a: Samurott|Samurott-Hisui, M|100/100
|turn|1
|c|☆ahonghhh|no bro
|
|t:|1758265621
|move|p1a: Glimmora|Spiky Shield|p1a: Glimmora
|-singleturn|p1a: Glimmora|move: Protect
|move|p2a: Samurott|Razor Shell|p1a: Glimmora
|-activate|p1a: Glimmora|move: Protect
|-damage|p2a: Samurott|88/100|[from] Spiky Shield|[of] p1a: Glimmora
|
|upkeep
|turn|2
|c|☆idonteatpets|nihonjin desu janaidesu\
|c|☆idonteatpets|asia?
|c|☆idonteatpets|euripe?
|c|☆idonteatpets|usa?
|c|☆ahonghhh|ch
|c|☆idonteatpets|CHINA
|c|☆idonteatpets|CHYNA
|
|t:|1758265648
|move|p1a: Glimmora|Stealth Rock|p2a: Samurott
|-sidestart|p2: ahonghhh|move: Stealth Rock
|move|p2a: Samurott|Razor Shell|p1a: Glimmora
|-supereffective|p1a: Glimmora
|-enditem|p1a: Glimmora|Focus Sash
|-damage|p1a: Glimmora|1/100
|-unboost|p1a: Glimmora|def|1
|-activate|p1a: Glimmora|ability: Toxic Debris
|-sidestart|p2: ahonghhh|move: Toxic Spikes
|
|upkeep
|turn|3
|inactive|idonteatpets has 120 seconds left.
|
|t:|1758265673
|move|p2a: Samurott|Sucker Punch|p1a: Glimmora
|-damage|p1a: Glimmora|0 fnt
|-activate|p1a: Glimmora|ability: Toxic Debris
|-sidestart|p2: ahonghhh|move: Toxic Spikes
|faint|p1a: Glimmora
|
|upkeep
|
|t:|1758265683
|switch|p1a: Raging Bolt|Raging Bolt|100/100
|turn|4
|
|t:|1758265691
|switch|p2a: Great Tusk|Great Tusk|100/100
|move|p1a: Raging Bolt|Draco Meteor|p2a: Great Tusk
|-damage|p2a: Great Tusk|0 fnt
|-unboost|p1a: Raging Bolt|spa|2
|faint|p2a: Great Tusk
|-end|p2a: Great Tusk|Protosynthesis|[silent]
|
|upkeep
|
|t:|1758265710
|switch|p2a: Rillaboom|Rillaboom, M|100/100
|-damage|p2a: Rillaboom|88/100|[from] Stealth Rock
|-status|p2a: Rillaboom|tox
|-fieldstart|move: Grassy Terrain|[from] ability: Grassy Surge|[of] p2a: Rillaboom
|turn|5
|inactive|idonteatpets has 120 seconds left.
|
|t:|1758265728
|move|p2a: Rillaboom|Swords Dance|p2a: Rillaboom
|-boost|p2a: Rillaboom|atk|2
|move|p1a: Raging Bolt|Draco Meteor|p2a: Rillaboom
|-damage|p2a: Rillaboom|20/100 tox
|-unboost|p1a: Raging Bolt|spa|2
|
|-heal|p2a: Rillaboom|26/100 tox|[from] Grassy Terrain
|-damage|p2a: Rillaboom|20/100 tox|[from] psn
|upkeep
|turn|6
|inactive|idonteatpets has 120 seconds left.
|
|t:|1758265744
|move|p2a: Rillaboom|High Horsepower|p1a: Raging Bolt
|-supereffective|p1a: Raging Bolt
|-damage|p1a: Raging Bolt|0 fnt
|faint|p1a: Raging Bolt
|-end|p1a: Raging Bolt|Protosynthesis|[silent]
|
|-heal|p2a: Rillaboom|26/100 tox|[from] Grassy Terrain
|-damage|p2a: Rillaboom|14/100 tox|[from] psn
|upkeep
|
|t:|1758265755
|switch|p1a: Walking Wake|Walking Wake|100/100
|turn|7
|
|t:|1758265763
|move|p2a: Rillaboom|Grassy Glide|p1a: Walking Wake
|-damage|p1a: Walking Wake|16/100
|move|p1a: Walking Wake|Hydro Steam|p2a: Rillaboom
|-resisted|p2a: Rillaboom
|-damage|p2a: Rillaboom|0 fnt
|faint|p2a: Rillaboom
|
|-heal|p1a: Walking Wake|23/100|[from] Grassy Terrain
|upkeep
|
|t:|1758265776
|switch|p2a: Ogerpon|Ogerpon, F|100/100
|-damage|p2a: Ogerpon|88/100|[from] Stealth Rock
|-status|p2a: Ogerpon|tox
|turn|8
|inactive|idonteatpets has 120 seconds left.
|
|t:|1758265797
|-end|p1a: Walking Wake|Protosynthesis|[silent]
|switch|p1a: Great Tusk|Great Tusk|100/100
|-terastallize|p2a: Ogerpon|Grass
|detailschange|p2a: Ogerpon|Ogerpon-Teal-Tera, F, tera:Grass
|-ability|p2a: Ogerpon|Embody Aspect (Teal)|boost
|-boost|p2a: Ogerpon|spe|1
|move|p2a: Ogerpon|Ivy Cudgel|p1a: Great Tusk
|-supereffective|p1a: Great Tusk
|-damage|p1a: Great Tusk|0 fnt
|faint|p1a: Great Tusk
|-end|p1a: Great Tusk|Protosynthesis|[silent]
|
|-heal|p2a: Ogerpon|94/100 tox|[from] Grassy Terrain
|-damage|p2a: Ogerpon|88/100 tox|[from] psn
|upkeep
|inactive|idonteatpets has 90 seconds left.
|
|t:|1758265825
|switch|p1a: Iron Valiant|Iron Valiant|100/100
|-enditem|p1a: Iron Valiant|Booster Energy
|-activate|p1a: Iron Valiant|ability: Quark Drive|[fromitem]
|-start|p1a: Iron Valiant|quarkdrivespe
|turn|9
|inactive|idonteatpets has 90 seconds left.
|inactive|idonteatpets has 60 seconds left.
|
|t:|1758265861
|move|p1a: Iron Valiant|Close Combat|p2a: Ogerpon
|-damage|p2a: Ogerpon|9/100 tox
|-unboost|p1a: Iron Valiant|def|1
|-unboost|p1a: Iron Valiant|spd|1
|move|p2a: Ogerpon|Ivy Cudgel|p1a: Iron Valiant
|-crit|p1a: Iron Valiant
|-damage|p1a: Iron Valiant|0 fnt
|faint|p1a: Iron Valiant
|-end|p1a: Iron Valiant|Quark Drive|[silent]
|
|-heal|p2a: Ogerpon|15/100 tox|[from] Grassy Terrain
|-damage|p2a: Ogerpon|3/100 tox|[from] psn
|upkeep
|inactive|idonteatpets has 60 seconds left.
|
|t:|1758265876
|switch|p1a: Kingambit|Kingambit, F|100/100
|-activate|p1a: Kingambit|ability: Supreme Overlord
|-start|p1a: Kingambit|fallen4|[silent]
|turn|10
|
|t:|1758265880
|move|p1a: Kingambit|Sucker Punch|p2a: Ogerpon
|-damage|p2a: Ogerpon|0 fnt
|faint|p2a: Ogerpon
|detailschange|p2: Ogerpon|Ogerpon, F|[silent]
|
|upkeep
|
|t:|1758265884
|switch|p2a: Samurott|Samurott-Hisui, M|88/100
|-damage|p2a: Samurott|76/100|[from] Stealth Rock
|-status|p2a: Samurott|tox
|turn|11
|inactive|idonteatpets has 60 seconds left.
|
|t:|1758265912
|move|p2a: Samurott|Sacred Sword|p1a: Kingambit
|-supereffective|p1a: Kingambit
|-damage|p1a: Kingambit|0 fnt
|faint|p1a: Kingambit
|-end|p1a: Kingambit|fallen4|[silent]
|
|-heal|p2a: Samurott|82/100 tox|[from] Grassy Terrain
|-damage|p2a: Samurott|76/100 tox|[from] psn
|upkeep
|
|t:|1758265920
|switch|p1a: Walking Wake|Walking Wake|23/100
|turn|12
|c|☆idonteatpets|gg
|inactive|idonteatpets has 60 seconds left.
|c|☆ahonghhh|gg
|
|t:|1758265940
|-terastallize|p1a: Walking Wake|Water
|move|p2a: Samurott|Sucker Punch|p1a: Walking Wake
|-damage|p1a: Walking Wake|0 fnt
|faint|p1a: Walking Wake
|-end|p1a: Walking Wake|Protosynthesis|[silent]
|
|win|ahonghhh
|raw|idonteatpets's rating: 1218 &rarr; <strong>1189</strong><br />(-29 for losing)
|raw|ahonghhh's rating: 1167 &rarr; <strong>1196</strong><br />(+29 for winning)
