|j|☆Yellowgo
|j|‽six10lol
|t:|1758283767
|gametype|singles
|player|p1|Yellowgo|169|1410
|player|p2|six10lol|pokekid|1375
|gen|9
|tier|[Gen 9] OU
|rated|
|rule|HP Percentage Mod: HP is shown in percentages
|rule|Endless Battle Clause: Forcing endless battles is banned
|rule|Species Clause: Limit one of each Pokémon
|rule|OHKO Clause: OHKO moves are banned
|rule|Evasion Items Clause: Evasion items are banned
|rule|Evasion Moves Clause: Evasion moves are banned
|rule|Evasion Abilities Clause: Evasion abilities are banned
|rule|Sleep Moves Clause: Sleep-inducing moves are banned
|clearpoke
|poke|p1|Ogerpon-Wellspring, F|
|poke|p1|Iron Valiant|
|poke|p1|Scizor, F|
|poke|p1|Moltres|
|poke|p1|Landorus-Therian, M|
|poke|p1|Kyurem|
|poke|p2|Ursaluna, M|
|poke|p2|Cresselia, F|
|poke|p2|Iron Hands|
|poke|p2|Volcanion|
|poke|p2|Hatterene, F|
|poke|p2|Porygon2|
|teampreview
|inactive|Battle timer is ON: inactive players will automatically lose when time's up. (requested by six10lol)
|
|t:|1758283779
|teamsize|p1|6
|teamsize|p2|6
|start
|switch|p1a: Scizor|Scizor, F|100/100
|switch|p2a: Volcanion|Volcanion|100/100
|turn|1
|
|t:|1758283794
|switch|p1a: Moltres|Moltres|100/100
|move|p2a: Volcanion|Steam Eruption|p1a: Moltres
|-supereffective|p1a: Moltres
|-damage|p1a: Moltres|0 fnt
|faint|p1a: Moltres
|
|upkeep
|
|t:|1758283805
|switch|p1a: Iron Valiant|Iron Valiant|100/100
|-enditem|p1a: Iron Valiant|Booster Energy
|-activate|p1a: Iron Valiant|ability: Quark Drive|[fromitem]
|-start|p1a: Iron Valiant|quarkdrivespe
|turn|2
|
|t:|1758283817
|move|p1a: Iron Valiant|Thunderbolt|p2a: Volcanion
|-supereffective|p2a: Volcanion
|-damage|p2a: Volcanion|38/100
|move|p2a: Volcanion|Steam Eruption|p1a: Iron Valiant
|-damage|p1a: Iron Valiant|0 fnt
|faint|p1a: Iron Valiant
|-end|p1a: Iron Valiant|Quark Drive|[silent]
|
|upkeep
|
|t:|1758283826
|switch|p1a: Landorus|Landorus-Therian, M|100/100
|-ability|p1a: Landorus|Intimidate|boost
|-unboost|p2a: Volcanion|atk|1
|turn|3
|
|t:|1758283832
|switch|p2a: Cresselia|Cresselia, F, shiny|100/100
|-terastallize|p1a: Landorus|Flying
|move|p1a: Landorus|Tera Blast|p2a: Cresselia|[anim] Tera Blast Flying
|-damage|p2a: Cresselia|65/100
|
|upkeep
|turn|4
|
|t:|1758283841
|move|p1a: Landorus|Tera Blast|p2a: Cresselia|[anim] Tera Blast Flying
|-damage|p2a: Cresselia|32/100
|move|p2a: Cresselia|Trick Room|p2a: Cresselia
|-fieldstart|move: Trick Room|[of] p2a: Cresselia
|
|upkeep
|turn|5
|
|t:|1758283847
|move|p2a: Cresselia|Lunar Dance|p2a: Cresselia
|faint|p2a: Cresselia
|move|p1a: Landorus|Tera Blast|p2: Cresselia|[notarget]
|-fail|p1a: Landorus
|
|upkeep
|
|t:|1758283868
|switch|p2a: Porygon2|Porygon2|100/100
|-ability|p2a: Porygon2|Download|boost
|-boost|p2a: Porygon2|spa|1
|turn|6
|
|t:|1758283876
|move|p2a: Porygon2|Ice Beam|p1a: Landorus
|-supereffective|p1a: Landorus
|-damage|p1a: Landorus|0 fnt
|faint|p1a: Landorus
|
|upkeep
|
|t:|1758283883
|switch|p1a: Scizor|Scizor, F|100/100
|turn|7
|
|t:|1758283888
|switch|p2a: Volcanion|Volcanion|38/100
|-heal|p2a: Volcanion|100/100|[from] move: Lunar Dance
|move|p1a: Scizor|Swords Dance|p1a: Scizor
|-boost|p1a: Scizor|atk|2
|
|upkeep
|turn|8
|l|☆Yellowgo
|inactive|Yellowgo disconnected and has a minute to reconnect!
|player|p1|
|inactive|Yellowgo has 30 seconds to reconnect!
|inactive|Yellowgo has 20 seconds to reconnect!
|inactive|Yellowgo has 15 seconds to reconnect!
|inactive|Yellowgo has 10 seconds to reconnect!
|inactive|Yellowgo has 5 seconds to reconnect!
|-message|Yellowgo lost due to inactivity.
|
|win|six10lol
|raw|Yellowgo's rating: 1410 &rarr; <strong>1388</strong><br />(-22 for losing)
|raw|six10lol's rating: 1375 &rarr; <strong>1397</strong><br />(+22 for winning)
