|j|☆Psycho16
|j|☆NMZS Antilope
|t:|1758240863
|gametype|singles
|player|p1|Psycho16|petrel|1402
|player|p2|NMZS Antilope|169|1334
|gen|9
|tier|[Gen 9] OU
|rated|
|rule|HP Percentage Mod: HP is shown in percentages
|rule|Endless Battle Clause: Forcing endless battles is banned
|rule|Species Clause: Limit one of each Pokémon
|rule|OHKO Clause: OHKO moves are banned
|rule|Evasion Items Clause: Evasion items are banned
|rule|Evasion Moves Clause: Evasion moves are banned
|rule|Evasion Abilities Clause: Evasion abilities are banned
|rule|Sleep Moves Clause: Sleep-inducing moves are banned
|clearpoke
|poke|p1|Toxapex, F|
|poke|p1|Incineroar, M|
|poke|p1|Dragonite, M|
|poke|p1|Kilowattrel, M|
|poke|p1|Ditto|
|poke|p1|Cinderace, M|
|poke|p2|Magnezone|
|poke|p2|Ninetales-Alola, F|
|poke|p2|Blissey, F|
|poke|p2|Quaquaval, M|
|poke|p2|Excadrill, M|
|poke|p2|Dragonite, F|
|teampreview
|inactive|Battle timer is ON: inactive players will automatically lose when time's up. (requested by Psycho16)
|
|t:|1758240874
|teamsize|p1|6
|teamsize|p2|6
|start
|switch|p1a: Kilowattrel|Kilowattrel, M|100/100
|switch|p2a: Dragonite|Dragonite, F, shiny|100/100
|turn|1
|
|t:|1758240879
|switch|p2a: Excadrill|Excadrill, M|100/100
|-ability|p2a: Excadrill|Mold Breaker
|move|p1a: Kilowattrel|Volt Switch|p2a: Excadrill
|-immune|p2a: Excadrill
|
|upkeep
|turn|2
|
|t:|1758240886
|switch|p1a: Incineroar|Incineroar, M, shiny|100/100
|-ability|p1a: Incineroar|Intimidate|boost
|-unboost|p2a: Excadrill|atk|1
|move|p2a: Excadrill|Stealth Rock|p1a: Incineroar
|-sidestart|p1: Psycho16|move: Stealth Rock
|
|upkeep
|turn|3
|
|t:|1758240897
|switch|p2a: Ninetales|Ninetales-Alola, F, shiny|100/100
|-weather|Snowscape|[from] ability: Snow Warning|[of] p2a: Ninetales
|move|p1a: Incineroar|Flare Blitz|p2a: Ninetales
|-supereffective|p2a: Ninetales
|-damage|p2a: Ninetales|0 fnt
|faint|p2a: Ninetales
|-damage|p1a: Incineroar|75/100|[from] Recoil
|
|-weather|Snowscape|[upkeep]
|upkeep
|
|t:|1758240904
|switch|p2a: Quaquaval|Quaquaval, M, shiny|100/100
|turn|4
|
|t:|1758240908
|switch|p1a: Toxapex|Toxapex, F|100/100
|-damage|p1a: Toxapex|88/100|[from] Stealth Rock
|move|p2a: Quaquaval|Swords Dance|p2a: Quaquaval
|-boost|p2a: Quaquaval|atk|2
|
|-weather|Snowscape|[upkeep]
|-heal|p1a: Toxapex|94/100|[from] item: Black Sludge
|upkeep
|turn|5
|
|t:|1758240917
|move|p2a: Quaquaval|Substitute|p2a: Quaquaval
|-start|p2a: Quaquaval|Substitute
|-damage|p2a: Quaquaval|76/100
|move|p1a: Toxapex|Toxic||[still]
|-fail|p1a: Toxapex
|
|-weather|Snowscape|[upkeep]
|-heal|p1a: Toxapex|100/100|[from] item: Black Sludge
|upkeep
|turn|6
|
|t:|1758240924
|move|p2a: Quaquaval|Aqua Step|p1a: Toxapex
|-resisted|p1a: Toxapex
|-damage|p1a: Toxapex|66/100
|-boost|p2a: Quaquaval|spe|1
|move|p1a: Toxapex|Surf|p2a: Quaquaval
|-resisted|p2a: Quaquaval
|-activate|p2a: Quaquaval|move: Substitute|[damage]
|
|-weather|Snowscape|[upkeep]
|-heal|p1a: Toxapex|72/100|[from] item: Black Sludge
|upkeep
|turn|7
|
|t:|1758240932
|move|p2a: Quaquaval|Aqua Step|p1a: Toxapex
|-resisted|p1a: Toxapex
|-damage|p1a: Toxapex|32/100
|-boost|p2a: Quaquaval|spe|1
|move|p1a: Toxapex|Surf|p2a: Quaquaval
|-resisted|p2a: Quaquaval
|-end|p2a: Quaquaval|Substitute
|
|-weather|none
|-heal|p1a: Toxapex|39/100|[from] item: Black Sludge
|upkeep
|turn|8
|
|t:|1758240940
|switch|p1a: Ditto|Ditto|100/100
|-damage|p1a: Ditto|88/100|[from] Stealth Rock
|-transform|p1a: Ditto|p2a: Quaquaval|[from] ability: Imposter
|move|p2a: Quaquaval|Substitute|p2a: Quaquaval
|-start|p2a: Quaquaval|Substitute
|-damage|p2a: Quaquaval|51/100
|
|upkeep
|turn|9
|
|t:|1758240955
|move|p1a: Ditto|Aqua Step|p2a: Quaquaval
|-resisted|p2a: Quaquaval
|-end|p2a: Quaquaval|Substitute
|-boost|p1a: Ditto|spe|1
|move|p2a: Quaquaval|Aqua Step|p1a: Ditto
|-resisted|p1a: Ditto
|-damage|p1a: Ditto|46/100
|-boost|p2a: Quaquaval|spe|1
|
|upkeep
|turn|10
|
|t:|1758240966
|move|p1a: Ditto|Aqua Step|p2a: Quaquaval
|-resisted|p2a: Quaquaval
|-damage|p2a: Quaquaval|6/100
|-boost|p1a: Ditto|spe|1
|move|p2a: Quaquaval|Aqua Step|p1a: Ditto
|-resisted|p1a: Ditto
|-damage|p1a: Ditto|0 fnt
|-boost|p2a: Quaquaval|spe|1
|faint|p1a: Ditto
|-ability|p2a: Quaquaval|Moxie|boost
|-boost|p2a: Quaquaval|atk|1
|
|upkeep
|
|t:|1758240974
|switch|p1a: Cinderace|Cinderace, M|100/100
|turn|11
|
|t:|1758240981
|move|p1a: Cinderace|Sucker Punch||[still]
|-fail|p1a: Cinderace
|move|p2a: Quaquaval|Swords Dance|p2a: Quaquaval
|-boost|p2a: Quaquaval|atk|2
|
|upkeep
|turn|12
|
|t:|1758240984
|move|p1a: Cinderace|Sucker Punch||[still]
|-fail|p1a: Cinderace
|move|p2a: Quaquaval|Swords Dance|p2a: Quaquaval
|-boost|p2a: Quaquaval|atk|1
|
|upkeep
|turn|13
|
|t:|1758240986
|move|p1a: Cinderace|Sucker Punch||[still]
|-fail|p1a: Cinderace
|move|p2a: Quaquaval|Swords Dance|p2a: Quaquaval
|-boost|p2a: Quaquaval|atk|0
|
|upkeep
|turn|14
|
|t:|1758240988
|move|p2a: Quaquaval|Swords Dance|p2a: Quaquaval
|-boost|p2a: Quaquaval|atk|0
|move|p1a: Cinderace|Court Change|p1a: Cinderace
|-start|p1a: Cinderace|typechange|Normal|[from] ability: Libero
|-swapsideconditions
|-activate|p1a: Cinderace|move: Court Change
|
|upkeep
|turn|15
|
|t:|1758240992
|move|p1a: Cinderace|Sucker Punch||[still]
|-fail|p1a: Cinderace
|move|p2a: Quaquaval|Swords Dance|p2a: Quaquaval
|-boost|p2a: Quaquaval|atk|0
|
|upkeep
|turn|16
|
|t:|1758240996
|move|p2a: Quaquaval|Aqua Step|p1a: Cinderace
|-damage|p1a: Cinderace|0 fnt
|-boost|p2a: Quaquaval|spe|1
|faint|p1a: Cinderace
|
|upkeep
|
|t:|1758240999
|switch|p1a: Dragonite|Dragonite, M|100/100
|turn|17
|
|t:|1758241003
|move|p1a: Dragonite|Extreme Speed|p2a: Quaquaval
|-damage|p2a: Quaquaval|0 fnt
|faint|p2a: Quaquaval
|
|upkeep
|
|t:|1758241010
|switch|p2a: Magnezone|Magnezone|100/100
|-damage|p2a: Magnezone|94/100|[from] Stealth Rock
|turn|18
|
|t:|1758241015
|switch|p1a: Incineroar|Incineroar, M, shiny|75/100
|-ability|p1a: Incineroar|Intimidate|boost
|-unboost|p2a: Magnezone|atk|1
|move|p2a: Magnezone|Iron Defense|p2a: Magnezone
|-boost|p2a: Magnezone|def|2
|
|-heal|p2a: Magnezone|100/100|[from] item: Leftovers
|upkeep
|turn|19
|
|t:|1758241022
|move|p2a: Magnezone|Thunderbolt|p1a: Incineroar
|-damage|p1a: Incineroar|44/100
|-enditem|p1a: Incineroar|Sitrus Berry|[eat]
|-heal|p1a: Incineroar|68/100|[from] item: Sitrus Berry
|move|p1a: Incineroar|Earthquake|p2a: Magnezone
|-supereffective|p2a: Magnezone
|-damage|p2a: Magnezone|53/100
|
|-heal|p2a: Magnezone|59/100|[from] item: Leftovers
|upkeep
|turn|20
|
|t:|1758241031
|move|p2a: Magnezone|Iron Defense|p2a: Magnezone
|-boost|p2a: Magnezone|def|2
|move|p1a: Incineroar|Knock Off|p2a: Magnezone
|-damage|p2a: Magnezone|47/100
|-enditem|p2a: Magnezone|Leftovers|[from] move: Knock Off|[of] p1a: Incineroar
|
|upkeep
|turn|21
|
|t:|1758241036
|move|p2a: Magnezone|Thunderbolt|p1a: Incineroar
|-damage|p1a: Incineroar|35/100
|move|p1a: Incineroar|Earthquake|p2a: Magnezone
|-supereffective|p2a: Magnezone
|-damage|p2a: Magnezone|18/100
|
|upkeep
|turn|22
|
|t:|1758241044
|move|p2a: Magnezone|Thunderbolt|p1a: Incineroar
|-damage|p1a: Incineroar|2/100
|move|p1a: Incineroar|Earthquake|p2a: Magnezone
|-supereffective|p2a: Magnezone
|-damage|p2a: Magnezone|0 fnt
|faint|p2a: Magnezone
|
|upkeep
|
|t:|1758241048
|switch|p2a: Excadrill|Excadrill, M|100/100
|-damage|p2a: Excadrill|97/100|[from] Stealth Rock
|-ability|p2a: Excadrill|Mold Breaker
|turn|23
|
|t:|1758241050
|move|p2a: Excadrill|Rapid Spin|p1a: Incineroar
|-damage|p1a: Incineroar|0 fnt
|-boost|p2a: Excadrill|spe|1
|-sideend|p2: NMZS Antilope|Stealth Rock|[from] move: Rapid Spin|[of] p2a: Excadrill
|faint|p1a: Incineroar
|
|-heal|p2a: Excadrill|100/100|[from] item: Leftovers
|upkeep
|
|t:|1758241056
|switch|p1a: Kilowattrel|Kilowattrel, M|100/100
|turn|24
|
|t:|1758241058
|move|p1a: Kilowattrel|Air Slash|p2a: Excadrill|[miss]
|-miss|p1a: Kilowattrel|p2a: Excadrill
|move|p2a: Excadrill|Stealth Rock|p1a: Kilowattrel
|-sidestart|p1: Psycho16|move: Stealth Rock
|
|upkeep
|turn|25
|
|t:|1758241063
|move|p1a: Kilowattrel|Air Slash|p2a: Excadrill
|-resisted|p2a: Excadrill
|-damage|p2a: Excadrill|81/100
|move|p2a: Excadrill|Rapid Spin|p1a: Kilowattrel
|-damage|p1a: Kilowattrel|73/100
|-boost|p2a: Excadrill|spe|1
|
|-heal|p2a: Excadrill|88/100|[from] item: Leftovers
|upkeep
|turn|26
|-message|Psycho16 forfeited.
|
|win|NMZS Antilope
|raw|Psycho16's rating: 1402 &rarr; <strong>1378</strong><br />(-24 for losing)
|raw|NMZS Antilope's rating: 1334 &rarr; <strong>1358</strong><br />(+24 for winning)
|l|☆Psycho16
|player|p1|
|l|☆NMZS Antilope
|player|p2|
