|j|☆gabriwkab
|j|☆raxiahsta
|t:|1758286748
|gametype|singles
|player|p1|gabriwkab|170|1144
|player|p2|raxiahsta|170|1104
|gen|9
|tier|[Gen 9] OU
|rated|
|rule|HP Percentage Mod: HP is shown in percentages
|rule|Endless Battle Clause: Forcing endless battles is banned
|rule|Species Clause: Limit one of each Pokémon
|rule|OHKO Clause: OHKO moves are banned
|rule|Evasion Items Clause: Evasion items are banned
|rule|Evasion Moves Clause: Evasion moves are banned
|rule|Evasion Abilities Clause: Evasion abilities are banned
|rule|Sleep Moves Clause: Sleep-inducing moves are banned
|clearpoke
|poke|p1|Kingambit, F|
|poke|p1|Deoxys-Speed|
|poke|p1|Great Tusk|
|poke|p1|Dragonite, M|
|poke|p1|Iron Moth|
|poke|p1|Primarina, F|
|poke|p2|Gyarados, M|
|poke|p2|Meganium, M|
|poke|p2|Tyranitar, M|
|poke|p2|Donphan, M|
|poke|p2|Vaporeon, M|
|poke|p2|Hitmonchan, M|
|teampreview
|inactive|Battle timer is ON: inactive players will automatically lose when time's up. (requested by raxiahsta)
|
|t:|1758286763
|teamsize|p1|6
|teamsize|p2|6
|start
|switch|p1a: Primarina|Primarina, F|100/100
|switch|p2a: Donphan|Donphan, M|100/100
|turn|1
|
|t:|1758286775
|move|p1a: Primarina|Whirlpool|p2a: Donphan
|-supereffective|p2a: Donphan
|-damage|p2a: Donphan|52/100
|-activate|p2a: Donphan|move: Whirlpool|[of] p1a: Primarina
|move|p2a: Donphan|Earthquake|p1a: Primarina
|-damage|p1a: Primarina|31/100
|
|-heal|p2a: Donphan|58/100|[from] item: Leftovers
|-damage|p2a: Donphan|45/100|[from] move: Whirlpool|[partiallytrapped]
|upkeep
|turn|2
|
|t:|1758286788
|move|p1a: Primarina|Surf|p2a: Donphan
|-supereffective|p2a: Donphan
|-damage|p2a: Donphan|0 fnt
|faint|p2a: Donphan
|
|upkeep
|
|t:|1758286797
|switch|p2a: Hitmonchan|Hitmonchan, M|100/100
|turn|3
|
|t:|1758286806
|move|p1a: Primarina|Psychic Noise|p2a: Hitmonchan
|-supereffective|p2a: Hitmonchan
|-crit|p2a: Hitmonchan
|-damage|p2a: Hitmonchan|7/100
|-start|p2a: Hitmonchan|move: Heal Block
|move|p2a: Hitmonchan|Thunder Punch|p1a: Primarina
|-supereffective|p1a: Primarina
|-damage|p1a: Primarina|0 fnt
|faint|p1a: Primarina
|
|upkeep
|
|t:|1758286820
|switch|p1a: Yoshi|Dragonite, M, shiny|100/100
|turn|4
|
|t:|1758286823
|switch|p2a: Tyranitar|Tyranitar, M|100/100
|-weather|Sandstorm|[from] ability: Sand Stream|[of] p2a: Tyranitar
|move|p1a: Yoshi|Extreme Speed|p2a: Tyranitar
|-resisted|p2a: Tyranitar
|-crit|p2a: Tyranitar
|-damage|p2a: Tyranitar|70/100
|
|-weather|Sandstorm|[upkeep]
|-damage|p1a: Yoshi|94/100|[from] Sandstorm
|upkeep
|turn|5
|
|t:|1758286833
|switch|p1a: Great Tusk|Great Tusk|100/100
|-enditem|p1a: Great Tusk|Booster Energy
|-activate|p1a: Great Tusk|ability: Protosynthesis|[fromitem]
|-start|p1a: Great Tusk|protosynthesisatk
|move|p2a: Tyranitar|Dragon Dance|p2a: Tyranitar
|-boost|p2a: Tyranitar|atk|1
|-boost|p2a: Tyranitar|spe|1
|
|-weather|Sandstorm|[upkeep]
|upkeep
|turn|6
|
|t:|1758286850
|switch|p2a: Gyarados|Gyarados, M, shiny|100/100
|-ability|p2a: Gyarados|Intimidate|boost
|-unboost|p1a: Great Tusk|atk|1
|move|p1a: Great Tusk|Headlong Rush|p2a: Gyarados
|-immune|p2a: Gyarados
|
|-weather|Sandstorm|[upkeep]
|-damage|p2a: Gyarados|94/100|[from] Sandstorm
|upkeep
|turn|7
|
|t:|1758286860
|move|p1a: Great Tusk|Ice Spinner|p2a: Gyarados
|-damage|p2a: Gyarados|65/100
|move|p2a: Gyarados|Dragon Dance|p2a: Gyarados
|-boost|p2a: Gyarados|atk|1
|-boost|p2a: Gyarados|spe|1
|
|-weather|Sandstorm|[upkeep]
|-damage|p2a: Gyarados|59/100|[from] Sandstorm
|upkeep
|turn|8
|
|t:|1758286867
|move|p2a: Gyarados|Waterfall|p1a: Great Tusk
|-supereffective|p1a: Great Tusk
|-damage|p1a: Great Tusk|17/100
|move|p1a: Great Tusk|Rapid Spin|p2a: Gyarados
|-damage|p2a: Gyarados|39/100
|-boost|p1a: Great Tusk|spe|1
|
|-weather|none
|upkeep
|turn|9
|
|t:|1758286875
|move|p1a: Great Tusk|Ice Spinner|p2a: Gyarados
|-damage|p2a: Gyarados|10/100
|move|p2a: Gyarados|Waterfall|p1a: Great Tusk
|-supereffective|p1a: Great Tusk
|-damage|p1a: Great Tusk|0 fnt
|faint|p1a: Great Tusk
|-end|p1a: Great Tusk|Protosynthesis|[silent]
|
|upkeep
|
|t:|1758286889
|switch|p1a: Kendrick DNA|Deoxys-Speed|100/100
|-ability|p1a: Kendrick DNA|Pressure
|turn|10
|
|t:|1758286894
|switch|p2a: Tyranitar|Tyranitar, M|70/100
|-weather|Sandstorm|[from] ability: Sand Stream|[of] p2a: Tyranitar
|move|p1a: Kendrick DNA|Shadow Ball|p2a: Tyranitar
|-resisted|p2a: Tyranitar
|-damage|p2a: Tyranitar|60/100
|-damage|p1a: Kendrick DNA|91/100|[from] item: Life Orb
|
|-weather|Sandstorm|[upkeep]
|-damage|p1a: Kendrick DNA|85/100|[from] Sandstorm
|upkeep
|turn|11
|
|t:|1758286904
|move|p1a: Kendrick DNA|Focus Blast|p2a: Tyranitar
|-supereffective|p2a: Tyranitar
|-damage|p2a: Tyranitar|0 fnt
|faint|p2a: Tyranitar
|-damage|p1a: Kendrick DNA|75/100|[from] item: Life Orb
|
|-weather|Sandstorm|[upkeep]
|-damage|p1a: Kendrick DNA|69/100|[from] Sandstorm
|upkeep
|
|t:|1758286912
|switch|p2a: Meganium|Meganium, M|100/100
|turn|12
|
|t:|1758286922
|move|p1a: Kendrick DNA|Nasty Plot|p1a: Kendrick DNA
|-boost|p1a: Kendrick DNA|spa|2
|move|p2a: Meganium|Light Screen|p2a: Meganium
|-sidestart|p2: raxiahsta|move: Light Screen
|
|-weather|Sandstorm|[upkeep]
|-damage|p1a: Kendrick DNA|63/100|[from] Sandstorm
|-damage|p2a: Meganium|94/100|[from] Sandstorm
|upkeep
|turn|13
|
|t:|1758286937
|move|p1a: Kendrick DNA|Psycho Boost|p2a: Meganium
|-damage|p2a: Meganium|41/100
|-unboost|p1a: Kendrick DNA|spa|2
|-damage|p1a: Kendrick DNA|53/100|[from] item: Life Orb
|move|p2a: Meganium|Leech Seed|p1a: Kendrick DNA
|-start|p1a: Kendrick DNA|move: Leech Seed
|
|-weather|Sandstorm|[upkeep]
|-damage|p1a: Kendrick DNA|47/100|[from] Sandstorm
|-damage|p2a: Meganium|35/100|[from] Sandstorm
|-damage|p1a: Kendrick DNA|35/100|[from] Leech Seed|[of] p2a: Meganium
|-heal|p2a: Meganium|43/100|[silent]
|upkeep
|turn|14
|
|t:|1758286949
|move|p1a: Kendrick DNA|Focus Blast|p2a: Meganium
|-damage|p2a: Meganium|26/100
|-damage|p1a: Kendrick DNA|25/100|[from] item: Life Orb
|move|p2a: Meganium|Synthesis|p2a: Meganium
|-heal|p2a: Meganium|51/100
|
|-weather|none
|-damage|p1a: Kendrick DNA|13/100|[from] Leech Seed|[of] p2a: Meganium
|-heal|p2a: Meganium|59/100|[silent]
|upkeep
|turn|15
|
|t:|1758286958
|move|p1a: Kendrick DNA|Shadow Ball|p2a: Meganium
|-damage|p2a: Meganium|49/100
|-damage|p1a: Kendrick DNA|3/100|[from] item: Life Orb
|move|p2a: Meganium|Reflect|p2a: Meganium
|-sidestart|p2: raxiahsta|Reflect
|
|-damage|p1a: Kendrick DNA|0 fnt|[from] Leech Seed|[of] p2a: Meganium
|-heal|p2a: Meganium|50/100|[silent]
|faint|p1a: Kendrick DNA
|upkeep
|
|t:|1758286963
|switch|p1a: Iron Moth|Iron Moth|100/100
|-enditem|p1a: Iron Moth|Booster Energy
|-activate|p1a: Iron Moth|ability: Quark Drive|[fromitem]
|-start|p1a: Iron Moth|quarkdrivespe
|turn|16
|
|t:|1758286970
|switch|p2a: Vaporeon|Vaporeon, M|100/100
|move|p1a: Iron Moth|Sludge Wave|p2a: Vaporeon
|-damage|p2a: Vaporeon|83/100
|
|-heal|p2a: Vaporeon|90/100|[from] item: Leftovers
|upkeep
|turn|17
|
|t:|1758286978
|-end|p1a: Iron Moth|Quark Drive|[silent]
|switch|p1a: Yoshi|Dragonite, M, shiny|94/100
|move|p2a: Vaporeon|Surf|p1a: Yoshi
|-resisted|p1a: Yoshi
|-damage|p1a: Yoshi|70/100
|
|-heal|p2a: Vaporeon|96/100|[from] item: Leftovers
|upkeep
|turn|18
|
|t:|1758286985
|move|p1a: Yoshi|Outrage|p2a: Vaporeon
|-damage|p2a: Vaporeon|34/100
|move|p2a: Vaporeon|Ice Beam|p1a: Yoshi
|-supereffective|p1a: Yoshi
|-damage|p1a: Yoshi|0 fnt
|faint|p1a: Yoshi
|
|-heal|p2a: Vaporeon|40/100|[from] item: Leftovers
|upkeep
|
|t:|1758286992
|switch|p1a: Iron Moth|Iron Moth|100/100
|turn|19
|
|t:|1758286997
|move|p2a: Vaporeon|Protect|p2a: Vaporeon
|-singleturn|p2a: Vaporeon|Protect
|move|p1a: Iron Moth|Sludge Wave|p2a: Vaporeon
|-activate|p2a: Vaporeon|move: Protect
|
|-heal|p2a: Vaporeon|46/100|[from] item: Leftovers
|-sideend|p2: raxiahsta|move: Light Screen
|upkeep
|turn|20
|
|t:|1758287005
|move|p1a: Iron Moth|Sludge Wave|p2a: Vaporeon
|-damage|p2a: Vaporeon|11/100
|move|p2a: Vaporeon|Surf|p1a: Iron Moth
|-supereffective|p1a: Iron Moth
|-damage|p1a: Iron Moth|8/100
|
|-heal|p2a: Vaporeon|17/100|[from] item: Leftovers
|upkeep
|turn|21
|
|t:|1758287015
|move|p1a: Iron Moth|Sludge Wave|p2a: Vaporeon
|-damage|p2a: Vaporeon|0 fnt
|faint|p2a: Vaporeon
|
|upkeep
|
|t:|1758287019
|switch|p2a: Hitmonchan|Hitmonchan, M|7/100
|turn|22
|
|t:|1758287023
|move|p2a: Hitmonchan|Mach Punch|p1a: Iron Moth
|-resisted|p1a: Iron Moth
|-damage|p1a: Iron Moth|0 fnt
|faint|p1a: Iron Moth
|-end|p1a: Iron Moth|Quark Drive|[silent]
|
|-sideend|p2: raxiahsta|Reflect
|upkeep
|
|t:|1758287025
|switch|p1a: Kingambit|Kingambit, F|100/100
|-activate|p1a: Kingambit|ability: Supreme Overlord
|-start|p1a: Kingambit|fallen5|[silent]
|turn|23
|
|t:|1758287037
|-terastallize|p1a: Kingambit|Ghost
|move|p2a: Hitmonchan|Mach Punch|p1a: Kingambit
|-immune|p1a: Kingambit
|move|p1a: Kingambit|Sucker Punch||[still]
|-fail|p1a: Kingambit
|
|upkeep
|turn|24
|
|t:|1758287049
|move|p2a: Hitmonchan|Drain Punch|p1a: Kingambit
|-immune|p1a: Kingambit
|move|p1a: Kingambit|Iron Head|p2a: Hitmonchan
|-damage|p2a: Hitmonchan|0 fnt
|faint|p2a: Hitmonchan
|
|upkeep
|
|t:|1758287056
|switch|p2a: Meganium|Meganium, M|50/100
|turn|25
|
|t:|1758287061
|move|p2a: Meganium|Reflect|p2a: Meganium
|-sidestart|p2: raxiahsta|Reflect
|move|p1a: Kingambit|Kowtow Cleave|p2a: Meganium
|-damage|p2a: Meganium|16/100
|
|upkeep
|turn|26
|
|t:|1758287067
|move|p2a: Meganium|Synthesis|p2a: Meganium
|-heal|p2a: Meganium|66/100
|move|p1a: Kingambit|Iron Head|p2a: Meganium
|-damage|p2a: Meganium|32/100
|
|upkeep
|turn|27
|
|t:|1758287073
|move|p2a: Meganium|Synthesis|p2a: Meganium
|-heal|p2a: Meganium|82/100
|move|p1a: Kingambit|Swords Dance|p1a: Kingambit
|-boost|p1a: Kingambit|atk|2
|
|upkeep
|turn|28
|
|t:|1758287079
|move|p2a: Meganium|Leech Seed|p1a: Kingambit
|-start|p1a: Kingambit|move: Leech Seed
|move|p1a: Kingambit|Swords Dance|p1a: Kingambit
|-boost|p1a: Kingambit|atk|2
|
|-damage|p1a: Kingambit|88/100|[from] Leech Seed|[of] p2a: Meganium
|-heal|p2a: Meganium|95/100|[silent]
|upkeep
|turn|29
|
|t:|1758287086
|switch|p2a: Gyarados|Gyarados, M, shiny|10/100
|-ability|p2a: Gyarados|Intimidate|boost
|-unboost|p1a: Kingambit|atk|1
|move|p1a: Kingambit|Swords Dance|p1a: Kingambit
|-boost|p1a: Kingambit|atk|2
|
|-heal|p1a: Kingambit|94/100|[from] item: Leftovers
|-damage|p1a: Kingambit|82/100|[from] Leech Seed|[of] p2a: Gyarados
|-heal|p2a: Gyarados|24/100|[silent]
|upkeep
|turn|30
|
|t:|1758287097
|move|p2a: Gyarados|Dragon Dance|p2a: Gyarados
|-boost|p2a: Gyarados|atk|1
|-boost|p2a: Gyarados|spe|1
|move|p1a: Kingambit|Iron Head|p2a: Gyarados
|-resisted|p2a: Gyarados
|-damage|p2a: Gyarados|0 fnt
|faint|p2a: Gyarados
|
|-heal|p1a: Kingambit|88/100|[from] item: Leftovers
|upkeep
|-message|raxiahsta forfeited.
|
|win|gabriwkab
|raw|gabriwkab's rating: 1144 &rarr; <strong>1166</strong><br />(+22 for winning)
|raw|raxiahsta's rating: 1104 &rarr; <strong>1082</strong><br />(-22 for losing)
|l|☆raxiahsta
|player|p2|
|c|☆gabriwkab|1417 atak
|l|☆gabriwkab
|player|p1|
