|j|☆Dio_Eleutherios
|j|☆ay cheu
|t:|1758347126
|gametype|singles
|player|p1|Dio_Eleutherios|parasollady|1395
|player|p2|ay cheu|riley|1472
|gen|9
|tier|[Gen 9] OU
|rated|
|rule|HP Percentage Mod: HP is shown in percentages
|rule|Endless Battle Clause: Forcing endless battles is banned
|rule|Species Clause: Limit one of each Pokémon
|rule|OHKO Clause: OHKO moves are banned
|rule|Evasion Items Clause: Evasion items are banned
|rule|Evasion Moves Clause: Evasion moves are banned
|rule|Evasion Abilities Clause: Evasion abilities are banned
|rule|Sleep Moves Clause: Sleep-inducing moves are banned
|clearpoke
|poke|p1|Ninetales, F|
|poke|p1|Hatterene, F|
|poke|p1|Scizor, M|
|poke|p1|Great Tusk|
|poke|p1|Walking Wake|
|poke|p1|Raging Bolt|
|poke|p2|Arcanine-Hisui, M|
|poke|p2|Zapdos-Galar|
|poke|p2|Metagross|
|poke|p2|Milotic, F|
|poke|p2|Venusaur, F|
|poke|p2|Sandy Shocks|
|teampreview
|inactive|Battle timer is ON: inactive players will automatically lose when time's up. (requested by ay cheu)
|
|t:|1758347145
|teamsize|p1|6
|teamsize|p2|6
|start
|switch|p1a: Ninetales|Ninetales, F, shiny|100/100
|switch|p2a: Sandy Shocks|Sandy Shocks|100/100
|-weather|SunnyDay|[from] ability: Drought|[of] p1a: Ninetales
|-activate|p2a: Sandy Shocks|ability: Protosynthesis
|-start|p2a: Sandy Shocks|protosynthesisspe
|turn|1
|
|t:|1758347152
|switch|p1a: Hatterene|Hatterene, F|100/100
|move|p2a: Sandy Shocks|Earth Power|p1a: Hatterene
|-damage|p1a: Hatterene|42/100
|-damage|p2a: Sandy Shocks|91/100|[from] item: Life Orb
|
|-weather|SunnyDay|[upkeep]
|upkeep
|turn|2
|
|t:|1758347161
|move|p2a: Sandy Shocks|Earth Power|p1a: Hatterene
|-damage|p1a: Hatterene|0 fnt
|faint|p1a: Hatterene
|-damage|p2a: Sandy Shocks|81/100|[from] item: Life Orb
|
|-weather|SunnyDay|[upkeep]
|upkeep
|
|t:|1758347175
|switch|p1a: Walking Wake|Walking Wake|100/100
|-activate|p1a: Walking Wake|ability: Protosynthesis
|-start|p1a: Walking Wake|protosynthesisspe
|turn|3
|
|t:|1758347179
|-end|p2a: Sandy Shocks|Protosynthesis|[silent]
|switch|p2a: Milotic|Milotic, F|100/100
|move|p1a: Walking Wake|Hydro Steam|p2a: Milotic
|-resisted|p2a: Milotic
|-damage|p2a: Milotic|77/100
|
|-weather|SunnyDay|[upkeep]
|-heal|p2a: Milotic|83/100|[from] item: Leftovers
|upkeep
|turn|4
|
|t:|1758347186
|-end|p1a: Walking Wake|Protosynthesis|[silent]
|switch|p1a: Raging Bolt|Raging Bolt|100/100
|-activate|p1a: Raging Bolt|ability: Protosynthesis
|-start|p1a: Raging Bolt|protosynthesisspa
|move|p2a: Milotic|Flip Turn|p1a: Raging Bolt
|-resisted|p1a: Raging Bolt
|-damage|p1a: Raging Bolt|98/100
|
|t:|1758347190
|switch|p2a: Sandy Shocks|Sandy Shocks|81/100|[from] Flip Turn
|-activate|p2a: Sandy Shocks|ability: Protosynthesis
|-start|p2a: Sandy Shocks|protosynthesisspe
|
|-weather|SunnyDay|[upkeep]
|upkeep
|turn|5
|
|t:|1758347207
|-terastallize|p1a: Raging Bolt|Fairy
|move|p2a: Sandy Shocks|Volt Switch|p1a: Raging Bolt
|-damage|p1a: Raging Bolt|60/100
|-damage|p2a: Sandy Shocks|71/100|[from] item: Life Orb
|
|t:|1758347213
|-end|p2a: Sandy Shocks|Protosynthesis|[silent]
|switch|p2a: Metagross|Metagross, shiny|100/100|[from] Volt Switch
|move|p1a: Raging Bolt|Tera Blast|p2a: Metagross|[anim] Tera Blast Fairy
|-resisted|p2a: Metagross
|-damage|p2a: Metagross|72/100
|
|-weather|SunnyDay|[upkeep]
|upkeep
|turn|6
|
|t:|1758347221
|-end|p1a: Raging Bolt|Protosynthesis|[silent]
|switch|p1a: Great Tusk|Great Tusk|100/100
|-activate|p1a: Great Tusk|ability: Protosynthesis
|-start|p1a: Great Tusk|protosynthesisatk
|move|p2a: Metagross|Stealth Rock|p1a: Great Tusk
|-sidestart|p1: Dio_Eleutherios|move: Stealth Rock
|
|-weather|SunnyDay|[upkeep]
|upkeep
|turn|7
|
|t:|1758347230
|move|p1a: Great Tusk|Ice Spinner|p2a: Metagross
|-resisted|p2a: Metagross
|-damage|p2a: Metagross|62/100
|-damage|p1a: Great Tusk|84/100|[from] item: Rocky Helmet|[of] p2a: Metagross
|move|p2a: Metagross|Psychic Noise|p1a: Great Tusk
|-supereffective|p1a: Great Tusk
|-damage|p1a: Great Tusk|16/100
|-start|p1a: Great Tusk|move: Heal Block
|
|-weather|SunnyDay|[upkeep]
|upkeep
|turn|8
|
|t:|1758347243
|switch|p2a: 火|Zapdos-Galar|100/100
|move|p1a: Great Tusk|Headlong Rush|p2a: 火
|-immune|p2a: 火
|
|-weather|none
|-end|p1a: Great Tusk|Protosynthesis
|-end|p1a: Great Tusk|move: Heal Block
|upkeep
|turn|9
|
|t:|1758347249
|move|p2a: 火|Brave Bird|p1a: Great Tusk
|-supereffective|p1a: Great Tusk
|-damage|p1a: Great Tusk|0 fnt
|-damage|p2a: 火|84/100|[from] item: Rocky Helmet|[of] p1a: Great Tusk
|faint|p1a: Great Tusk
|-end|p1a: Great Tusk|Protosynthesis|[silent]
|-damage|p2a: 火|77/100|[from] Recoil
|
|upkeep
|
|t:|1758347251
|switch|p1a: Ninetales|Ninetales, F, shiny|100/100
|-damage|p1a: Ninetales|76/100|[from] Stealth Rock
|-weather|SunnyDay|[from] ability: Drought|[of] p1a: Ninetales
|turn|10
|
|t:|1758347255
|switch|p2a: 灰灰|Arcanine-Hisui, M|100/100
|switch|p1a: Scizor|Scizor, M|100/100
|-damage|p1a: Scizor|88/100|[from] Stealth Rock
|
|-weather|SunnyDay|[upkeep]
|upkeep
|turn|11
|
|t:|1758347259
|move|p2a: 灰灰|Flare Blitz|p1a: Scizor
|-supereffective|p1a: Scizor
|-damage|p1a: Scizor|0 fnt
|faint|p1a: Scizor
|
|-weather|SunnyDay|[upkeep]
|upkeep
|
|t:|1758347263
|switch|p1a: Walking Wake|Walking Wake|100/100
|-damage|p1a: Walking Wake|88/100|[from] Stealth Rock
|-activate|p1a: Walking Wake|ability: Protosynthesis
|-start|p1a: Walking Wake|protosynthesisspe
|turn|12
|
|t:|1758347267
|switch|p2a: Metagross|Metagross, shiny|62/100
|move|p1a: Walking Wake|Dragon Pulse|p2a: Metagross
|-resisted|p2a: Metagross
|-damage|p2a: Metagross|31/100
|
|-weather|SunnyDay|[upkeep]
|upkeep
|turn|13
|
|t:|1758347273
|move|p1a: Walking Wake|Dragon Pulse|p2a: Metagross
|-resisted|p2a: Metagross
|-damage|p2a: Metagross|0 fnt
|faint|p2a: Metagross
|
|-weather|SunnyDay|[upkeep]
|upkeep
|
|t:|1758347275
|switch|p2a: Milotic|Milotic, F|83/100
|turn|14
|
|t:|1758347278
|move|p1a: Walking Wake|Dragon Pulse|p2a: Milotic
|-damage|p2a: Milotic|46/100
|move|p2a: Milotic|Icy Wind|p1a: Walking Wake
|-damage|p1a: Walking Wake|74/100
|-unboost|p1a: Walking Wake|spe|1
|
|-weather|SunnyDay|[upkeep]
|-heal|p2a: Milotic|52/100|[from] item: Leftovers
|upkeep
|turn|15
|
|t:|1758347284
|move|p1a: Walking Wake|Dragon Pulse|p2a: Milotic
|-damage|p2a: Milotic|18/100
|move|p2a: Milotic|Recover|p2a: Milotic
|-heal|p2a: Milotic|68/100
|
|-weather|SunnyDay|[upkeep]
|-heal|p2a: Milotic|74/100|[from] item: Leftovers
|upkeep
|turn|16
|
|t:|1758347286
|move|p1a: Walking Wake|Dragon Pulse|p2a: Milotic
|-damage|p2a: Milotic|38/100
|move|p2a: Milotic|Icy Wind|p1a: Walking Wake
|-damage|p1a: Walking Wake|58/100
|-unboost|p1a: Walking Wake|spe|1
|
|-weather|SunnyDay|[upkeep]
|-heal|p2a: Milotic|44/100|[from] item: Leftovers
|upkeep
|turn|17
|
|t:|1758347290
|-end|p1a: Walking Wake|Protosynthesis|[silent]
|switch|p1a: Raging Bolt|Raging Bolt, tera:Fairy|60/100
|-damage|p1a: Raging Bolt|48/100|[from] Stealth Rock
|-activate|p1a: Raging Bolt|ability: Protosynthesis
|-start|p1a: Raging Bolt|protosynthesisspa
|move|p2a: Milotic|Recover|p2a: Milotic
|-heal|p2a: Milotic|94/100
|
|-weather|none
|-end|p1a: Raging Bolt|Protosynthesis
|-heal|p2a: Milotic|99/100|[from] item: Leftovers
|upkeep
|turn|18
|
|t:|1758347293
|move|p2a: Milotic|Icy Wind|p1a: Raging Bolt|[miss]
|-miss|p2a: Milotic|p1a: Raging Bolt
|move|p1a: Raging Bolt|Volt Switch|p2a: Milotic
|-supereffective|p2a: Milotic
|-damage|p2a: Milotic|53/100
|
|t:|1758347296
|-end|p1a: Raging Bolt|Protosynthesis|[silent]
|switch|p1a: Ninetales|Ninetales, F, shiny|76/100|[from] Volt Switch
|-damage|p1a: Ninetales|51/100|[from] Stealth Rock
|-weather|SunnyDay|[from] ability: Drought|[of] p1a: Ninetales
|
|-weather|SunnyDay|[upkeep]
|-heal|p2a: Milotic|59/100|[from] item: Leftovers
|upkeep
|turn|19
|
|t:|1758347299
|move|p1a: Ninetales|Healing Wish|p1a: Ninetales
|faint|p1a: Ninetales
|move|p2a: Milotic|Recover|p2a: Milotic
|-heal|p2a: Milotic|100/100
|
|-weather|SunnyDay|[upkeep]
|upkeep
|
|t:|1758347303
|switch|p1a: Raging Bolt|Raging Bolt, tera:Fairy|48/100
|-heal|p1a: Raging Bolt|100/100|[from] move: Healing Wish
|-damage|p1a: Raging Bolt|88/100|[from] Stealth Rock
|-activate|p1a: Raging Bolt|ability: Protosynthesis
|-start|p1a: Raging Bolt|protosynthesisspa
|turn|20
|
|t:|1758347306
|-terastallize|p2a: Milotic|Grass
|move|p2a: Milotic|Icy Wind|p1a: Raging Bolt
|-damage|p1a: Raging Bolt|78/100
|-unboost|p1a: Raging Bolt|spe|1
|move|p1a: Raging Bolt|Volt Switch|p2a: Milotic
|-resisted|p2a: Milotic
|-damage|p2a: Milotic|86/100
|
|t:|1758347310
|-end|p1a: Raging Bolt|Protosynthesis|[silent]
|switch|p1a: Walking Wake|Walking Wake|58/100|[from] Volt Switch
|-damage|p1a: Walking Wake|46/100|[from] Stealth Rock
|-activate|p1a: Walking Wake|ability: Protosynthesis
|-start|p1a: Walking Wake|protosynthesisspe
|
|-weather|SunnyDay|[upkeep]
|-heal|p2a: Milotic|92/100|[from] item: Leftovers
|upkeep
|turn|21
|
|t:|1758347318
|move|p1a: Walking Wake|Dragon Pulse|p2a: Milotic
|-damage|p2a: Milotic|56/100
|move|p2a: Milotic|Flip Turn|p1a: Walking Wake
|-resisted|p1a: Walking Wake
|-damage|p1a: Walking Wake|44/100
|
|t:|1758347323
|switch|p2a: Venusaur|Venusaur, F|100/100|[from] Flip Turn
|
|-weather|SunnyDay|[upkeep]
|upkeep
|turn|22
|
|t:|1758347327
|move|p1a: Walking Wake|Dragon Pulse|p2a: Venusaur
|-crit|p2a: Venusaur
|-damage|p2a: Venusaur|7/100
|move|p2a: Venusaur|Sludge Bomb|p1a: Walking Wake
|-damage|p1a: Walking Wake|10/100
|
|-weather|SunnyDay|[upkeep]
|upkeep
|turn|23
|
|t:|1758347333
|move|p1a: Walking Wake|Dragon Pulse|p2a: Venusaur
|-damage|p2a: Venusaur|0 fnt
|faint|p2a: Venusaur
|
|-weather|SunnyDay|[upkeep]
|upkeep
|
|t:|1758347335
|switch|p2a: 灰灰|Arcanine-Hisui, M|100/100
|turn|24
|
|t:|1758347338
|move|p2a: 灰灰|Extreme Speed|p1a: Walking Wake
|-damage|p1a: Walking Wake|0 fnt
|faint|p1a: Walking Wake
|-end|p1a: Walking Wake|Protosynthesis|[silent]
|
|-weather|SunnyDay|[upkeep]
|upkeep
|
|t:|1758347340
|switch|p1a: Raging Bolt|Raging Bolt, tera:Fairy|78/100
|-damage|p1a: Raging Bolt|65/100|[from] Stealth Rock
|-activate|p1a: Raging Bolt|ability: Protosynthesis
|-start|p1a: Raging Bolt|protosynthesisspa
|turn|25
|l|☆Dio_Eleutherios
|inactive|Dio_Eleutherios disconnected and has a minute to reconnect!
|player|p1|
|inactive|Dio_Eleutherios has 30 seconds to reconnect!
|inactive|Dio_Eleutherios has 20 seconds to reconnect!
|inactive|Dio_Eleutherios has 15 seconds to reconnect!
|inactive|Dio_Eleutherios has 10 seconds to reconnect!
|inactive|Dio_Eleutherios has 5 seconds to reconnect!
|-message|Dio_Eleutherios lost due to inactivity.
|
|win|ay cheu
|raw|Dio_Eleutherios's rating: 1395 &rarr; <strong>1379</strong><br />(-16 for losing)
|raw|ay cheu's rating: 1472 &rarr; <strong>1488</strong><br />(+16 for winning)
|l|☆ay cheu
|player|p2|
