|j|☆bingus100
|j|☆ay cheu
|t:|1758266722
|gametype|singles
|player|p1|bingus100|clay|1524
|player|p2|ay cheu|riley|1539
|gen|9
|tier|[Gen 9] OU
|rated|
|rule|HP Percentage Mod: HP is shown in percentages
|rule|Endless Battle Clause: Forcing endless battles is banned
|rule|Species Clause: Limit one of each Pokémon
|rule|OHKO Clause: OHKO moves are banned
|rule|Evasion Items Clause: Evasion items are banned
|rule|Evasion Moves Clause: Evasion moves are banned
|rule|Evasion Abilities Clause: Evasion abilities are banned
|rule|Sleep Moves Clause: Sleep-inducing moves are banned
|clearpoke
|poke|p1|Heatran, M|
|poke|p1|Ogerpon-Wellspring, F|
|poke|p1|Rillaboom, M|
|poke|p1|Great Tusk|
|poke|p1|Dragapult, M|
|poke|p1|Bronzong|
|poke|p2|Arcanine-Hisui, M|
|poke|p2|Snorlax, M|
|poke|p2|Zoroark, M|
|poke|p2|Chesnaught, M|
|poke|p2|Gliscor, M|
|poke|p2|Fezandipiti, M|
|teampreview
|inactive|Battle timer is ON: inactive players will automatically lose when time's up. (requested by ay cheu)
|
|t:|1758266732
|teamsize|p1|6
|teamsize|p2|6
|start
|switch|p1a: Ogerpon|Ogerpon-Wellspring, F|100/100
|switch|p2a: 阿黄|Arcanine-Hisui, M|100/100
|turn|1
|
|t:|1758266743
|move|p2a: 阿黄|U-turn|p1a: Ogerpon
|-supereffective|p1a: Ogerpon
|-damage|p1a: Ogerpon|52/100
|
|t:|1758266746
|switch|p2a: Chesnaught|Chesnaught, M|100/100|[from] U-turn
|move|p1a: Ogerpon|Ivy Cudgel|p2a: Chesnaught|[anim] Ivy Cudgel Water
|-resisted|p2a: Chesnaught
|-damage|p2a: Chesnaught|82/100
|
|upkeep
|turn|2
|
|t:|1758266754
|switch|p1a: Bronzong|Bronzong, shiny|100/100
|move|p2a: Chesnaught|Body Press|p1a: Bronzong
|-damage|p1a: Bronzong|71/100
|
|upkeep
|turn|3
|
|t:|1758266762
|move|p2a: Chesnaught|Spikes|p1a: Bronzong
|-sidestart|p1: bingus100|Spikes
|move|p1a: Bronzong|Stealth Rock|p2a: Chesnaught
|-sidestart|p2: ay cheu|move: Stealth Rock
|
|upkeep
|turn|4
|
|t:|1758266765
|switch|p2a: Gliscor|Gliscor, M|100/100
|-damage|p2a: Gliscor|88/100|[from] Stealth Rock
|move|p1a: Bronzong|Future Sight|p2a: Gliscor
|-start|p1a: Bronzong|move: Future Sight
|
|-status|p2a: Gliscor|tox|[from] item: Toxic Orb
|upkeep
|turn|5
|
|t:|1758266772
|move|p2a: Gliscor|Stealth Rock|p1a: Bronzong
|-sidestart|p1: bingus100|move: Stealth Rock
|move|p1a: Bronzong|Psychic Noise|p2a: Gliscor
|-damage|p2a: Gliscor|60/100 tox
|-start|p2a: Gliscor|move: Heal Block
|
|upkeep
|turn|6
|
|t:|1758266781
|switch|p2a: 阿黄|Arcanine-Hisui, M|100/100
|-damage|p2a: 阿黄|88/100|[from] Stealth Rock
|switch|p1a: Great Tusk|Great Tusk|100/100
|
|-end|p2a: 阿黄|move: Future Sight
|-immune|p2a: 阿黄
|upkeep
|turn|7
|
|t:|1758266785
|move|p2a: 阿黄|Grass Knot|p1a: Great Tusk
|-supereffective|p1a: Great Tusk
|-damage|p1a: Great Tusk|0 fnt
|faint|p1a: Great Tusk
|-end|p1a: Great Tusk|Protosynthesis|[silent]
|
|upkeep
|
|t:|1758266796
|switch|p1a: Heatran|Heatran, M|100/100
|-damage|p1a: Heatran|88/100|[from] Spikes
|-damage|p1a: Heatran|76/100|[from] Stealth Rock
|turn|8
|
|t:|1758266799
|switch|p2a: 阿肥|Snorlax, M|100/100
|-damage|p2a: 阿肥|88/100|[from] Stealth Rock
|move|p1a: Heatran|Earth Power|p2a: 阿肥
|-damage|p2a: 阿肥|78/100
|
|-heal|p1a: Heatran|82/100|[from] item: Leftovers
|upkeep
|turn|9
|
|t:|1758266807
|switch|p1a: Bronzong|Bronzong, shiny|71/100
|-damage|p1a: Bronzong|65/100|[from] Stealth Rock
|move|p2a: 阿肥|Earthquake|p1a: Bronzong
|-immune|p1a: Bronzong|[from] ability: Levitate
|
|upkeep
|turn|10
|
|t:|1758266817
|switch|p2a: 阿黄|Arcanine-Hisui, M|100/100
|-damage|p2a: 阿黄|76/100|[from] Stealth Rock
|move|p1a: Bronzong|Body Press|p2a: 阿黄
|-supereffective|p2a: 阿黄
|-damage|p2a: 阿黄|3/100
|
|upkeep
|turn|11
|
|t:|1758266826
|switch|p1a: Heatran|Heatran, M|82/100
|-damage|p1a: Heatran|70/100|[from] Spikes
|-damage|p1a: Heatran|57/100|[from] Stealth Rock
|-terastallize|p2a: 阿黄|Rock
|move|p2a: 阿黄|Head Smash|p1a: Heatran|[miss]
|-miss|p2a: 阿黄|p1a: Heatran
|
|-heal|p1a: Heatran|64/100|[from] item: Leftovers
|upkeep
|turn|12
|
|t:|1758266840
|switch|p1a: Dragapult|Dragapult, M|100/100
|-damage|p1a: Dragapult|88/100|[from] Spikes
|-damage|p1a: Dragapult|76/100|[from] Stealth Rock
|move|p2a: 阿黄|Head Smash|p1a: Dragapult
|-damage|p1a: Dragapult|0 fnt
|faint|p1a: Dragapult
|
|upkeep
|
|t:|1758266848
|switch|p1a: Rillaboom|Rillaboom, M|100/100
|-damage|p1a: Rillaboom|88/100|[from] Spikes
|-damage|p1a: Rillaboom|75/100|[from] Stealth Rock
|-fieldstart|move: Grassy Terrain|[from] ability: Grassy Surge|[of] p1a: Rillaboom
|turn|13
|
|t:|1758266851
|switch|p2a: Chesnaught|Chesnaught, M|82/100
|-damage|p2a: Chesnaught|75/100|[from] Stealth Rock
|move|p1a: Rillaboom|Grassy Glide|p2a: Chesnaught
|-resisted|p2a: Chesnaught
|-damage|p2a: Chesnaught|64/100
|-damage|p1a: Rillaboom|59/100|[from] item: Rocky Helmet|[of] p2a: Chesnaught
|
|-heal|p1a: Rillaboom|65/100|[from] Grassy Terrain
|-heal|p2a: Chesnaught|70/100|[from] Grassy Terrain
|upkeep
|turn|14
|
|t:|1758266857
|switch|p1a: Heatran|Heatran, M|64/100
|-damage|p1a: Heatran|51/100|[from] Spikes
|-damage|p1a: Heatran|39/100|[from] Stealth Rock
|move|p2a: Chesnaught|Spikes|p1a: Heatran
|-sidestart|p1: bingus100|Spikes
|
|-heal|p1a: Heatran|45/100|[from] Grassy Terrain
|-heal|p1a: Heatran|51/100|[from] item: Leftovers
|-heal|p2a: Chesnaught|77/100|[from] Grassy Terrain
|upkeep
|turn|15
|
|t:|1758266864
|switch|p2a: 阿肥|Snorlax, M|78/100
|-damage|p2a: 阿肥|66/100|[from] Stealth Rock
|move|p1a: Heatran|Magma Storm|p2a: 阿肥
|-damage|p2a: 阿肥|57/100
|-activate|p2a: 阿肥|move: Magma Storm|[of] p1a: Heatran
|
|-heal|p1a: Heatran|57/100|[from] Grassy Terrain
|-heal|p1a: Heatran|64/100|[from] item: Leftovers
|-heal|p2a: 阿肥|63/100|[from] Grassy Terrain
|-damage|p2a: 阿肥|51/100|[from] move: Magma Storm|[partiallytrapped]
|upkeep
|turn|16
|
|t:|1758266876
|move|p1a: Heatran|Heavy Slam|p2a: 阿肥
|-damage|p2a: 阿肥|43/100
|move|p2a: 阿肥|Body Slam|p1a: Heatran
|-resisted|p1a: Heatran
|-damage|p1a: Heatran|50/100
|
|-heal|p1a: Heatran|56/100|[from] Grassy Terrain
|-heal|p1a: Heatran|62/100|[from] item: Leftovers
|-heal|p2a: 阿肥|49/100|[from] Grassy Terrain
|-damage|p2a: 阿肥|36/100|[from] move: Magma Storm|[partiallytrapped]
|upkeep
|turn|17
|
|t:|1758266883
|switch|p1a: Rillaboom|Rillaboom, M|65/100
|-damage|p1a: Rillaboom|48/100|[from] Spikes
|-damage|p1a: Rillaboom|36/100|[from] Stealth Rock
|move|p2a: 阿肥|Earthquake|p1a: Rillaboom
|-resisted|p1a: Rillaboom
|-damage|p1a: Rillaboom|30/100
|
|-heal|p1a: Rillaboom|36/100|[from] Grassy Terrain
|-heal|p2a: 阿肥|42/100|[from] Grassy Terrain
|-end|p2a: 阿肥|Magma Storm|[partiallytrapped]|[silent]
|upkeep
|turn|18
|
|t:|1758266894
|switch|p2a: Chesnaught|Chesnaught, M|77/100
|-damage|p2a: Chesnaught|70/100|[from] Stealth Rock
|move|p1a: Rillaboom|Low Kick|p2a: Chesnaught
|-damage|p2a: Chesnaught|54/100
|-damage|p1a: Rillaboom|19/100|[from] item: Rocky Helmet|[of] p2a: Chesnaught
|
|-heal|p1a: Rillaboom|25/100|[from] Grassy Terrain
|-heal|p2a: Chesnaught|60/100|[from] Grassy Terrain
|upkeep
|turn|19
|
|t:|1758266900
|move|p1a: Rillaboom|Knock Off|p2a: Chesnaught
|-resisted|p2a: Chesnaught
|-damage|p2a: Chesnaught|49/100
|-damage|p1a: Rillaboom|9/100|[from] item: Rocky Helmet|[of] p2a: Chesnaught
|-enditem|p2a: Chesnaught|Rocky Helmet|[from] move: Knock Off|[of] p1a: Rillaboom
|move|p2a: Chesnaught|Spikes|p1a: Rillaboom
|-sidestart|p1: bingus100|Spikes
|
|-heal|p1a: Rillaboom|15/100|[from] Grassy Terrain
|-heal|p2a: Chesnaught|55/100|[from] Grassy Terrain
|upkeep
|turn|20
|
|t:|1758266911
|switch|p1a: Bronzong|Bronzong, shiny|65/100
|-damage|p1a: Bronzong|59/100|[from] Stealth Rock
|move|p2a: Chesnaught|Synthesis|p2a: Chesnaught
|-heal|p2a: Chesnaught|100/100
|
|-fieldend|move: Grassy Terrain
|upkeep
|turn|21
|
|t:|1758266917
|move|p2a: Chesnaught|Body Press|p1a: Bronzong
|-damage|p1a: Bronzong|27/100
|move|p1a: Bronzong|Future Sight|p2a: Chesnaught
|-start|p1a: Bronzong|move: Future Sight
|
|upkeep
|turn|22
|
|t:|1758266921
|move|p2a: Chesnaught|Body Press|p1a: Bronzong
|-crit|p1a: Bronzong
|-damage|p1a: Bronzong|0 fnt
|faint|p1a: Bronzong
|
|upkeep
|
|t:|1758266926
|switch|p1a: Heatran|Heatran, M|62/100
|-damage|p1a: Heatran|37/100|[from] Spikes
|-damage|p1a: Heatran|25/100|[from] Stealth Rock
|turn|23
|
|t:|1758266930
|switch|p2a: 阿黄|Arcanine-Hisui, M, tera:Rock|3/100
|-damage|p2a: 阿黄|0 fnt|[from] Stealth Rock
|faint|p2a: 阿黄
|move|p1a: Heatran|Magma Storm|p2: 阿黄|[notarget]
|-fail|p1a: Heatran
|
|-hint|Future Sight did not hit because the target is fainted.
|-heal|p1a: Heatran|31/100|[from] item: Leftovers
|upkeep
|
|t:|1758266932
|switch|p2a: Gliscor|Gliscor, M|60/100 tox
|-damage|p2a: Gliscor|48/100 tox|[from] Stealth Rock
|turn|24
|
|t:|1758266941
|switch|p1a: Rillaboom|Rillaboom, M|15/100
|-damage|p1a: Rillaboom|0 fnt|[from] Spikes
|faint|p1a: Rillaboom
|move|p2a: Gliscor|Facade|p1: Rillaboom|[notarget]
|-fail|p2a: Gliscor
|
|-heal|p2a: Gliscor|60/100 tox|[from] ability: Poison Heal
|upkeep
|
|t:|1758266944
|switch|p1a: Ogerpon|Ogerpon-Wellspring, F|52/100
|-damage|p1a: Ogerpon|27/100|[from] Spikes
|-damage|p1a: Ogerpon|15/100|[from] Stealth Rock
|turn|25
|
|t:|1758266949
|switch|p2a: Chesnaught|Chesnaught, M|100/100
|-damage|p2a: Chesnaught|94/100|[from] Stealth Rock
|move|p1a: Ogerpon|Swords Dance|p1a: Ogerpon
|-boost|p1a: Ogerpon|atk|2
|
|upkeep
|turn|26
|
|t:|1758266956
|move|p1a: Ogerpon|Play Rough|p2a: Chesnaught
|-supereffective|p2a: Chesnaught
|-damage|p2a: Chesnaught|9/100
|move|p2a: Chesnaught|Body Press|p1a: Ogerpon
|-damage|p1a: Ogerpon|0 fnt
|faint|p1a: Ogerpon
|
|upkeep
|-message|bingus100 forfeited.
|
|win|ay cheu
|raw|bingus100's rating: 1524 &rarr; <strong>1505</strong><br />(-19 for losing)
|raw|ay cheu's rating: 1539 &rarr; <strong>1558</strong><br />(+19 for winning)
|l|☆bingus100
|player|p1|
|l|☆ay cheu
|player|p2|
