|j|‽Sacred Quill
|j|☆aarer
|t:|1758263322
|gametype|singles
|player|p1|Sacred Quill|clerk|1334
|player|p2|aarer|265|1328
|gen|9
|tier|[Gen 9] OU
|rated|
|rule|HP Percentage Mod: HP is shown in percentages
|rule|Endless Battle Clause: Forcing endless battles is banned
|rule|Species Clause: Limit one of each Pokémon
|rule|OHKO Clause: OHKO moves are banned
|rule|Evasion Items Clause: Evasion items are banned
|rule|Evasion Moves Clause: Evasion moves are banned
|rule|Evasion Abilities Clause: Evasion abilities are banned
|rule|Sleep Moves Clause: Sleep-inducing moves are banned
|clearpoke
|poke|p1|Araquanid, F|
|poke|p1|Weavile, M|
|poke|p1|Gliscor, M|
|poke|p1|Pecharunt|
|poke|p1|Rotom-Wash|
|poke|p1|Donphan, M|
|poke|p2|Hatterene, F|
|poke|p2|Walking Wake|
|poke|p2|Ceruledge, F|
|poke|p2|Ninetales, F|
|poke|p2|Darkrai|
|poke|p2|Great Tusk|
|teampreview
|
|t:|1758263329
|teamsize|p1|6
|teamsize|p2|6
|start
|switch|p1a: Araquanid|Araquanid, F|100/100
|switch|p2a: Ninetales|Ninetales, F, shiny|100/100
|-weather|SunnyDay|[from] ability: Drought|[of] p2a: Ninetales
|turn|1
|
|t:|1758263334
|switch|p2a: Hatterene|Hatterene, F, shiny|100/100
|move|p1a: Araquanid|Surf|p2a: Hatterene
|-damage|p2a: Hatterene|80/100
|
|-weather|SunnyDay|[upkeep]
|upkeep
|turn|2
|
|t:|1758263340
|switch|p1a: Pecharunt|Pecharunt|100/100
|move|p2a: Hatterene|Nuzzle|p1a: Pecharunt
|-damage|p1a: Pecharunt|97/100
|-status|p1a: Pecharunt|par
|
|-weather|SunnyDay|[upkeep]
|upkeep
|turn|3
|
|t:|1758263354
|-terastallize|p2a: Hatterene|Steel
|move|p1a: Pecharunt|Malignant Chain|p2a: Hatterene
|-immune|p2a: Hatterene
|move|p2a: Hatterene|Psychic Noise|p1a: Pecharunt
|-supereffective|p1a: Pecharunt
|-damage|p1a: Pecharunt|0 fnt
|faint|p1a: Pecharunt
|
|-weather|SunnyDay|[upkeep]
|upkeep
|
|t:|1758263360
|switch|p1a: Gliscor|Gliscor, M|100/100
|turn|4
|
|t:|1758263368
|switch|p2a: Walking Wake|Walking Wake|100/100
|-activate|p2a: Walking Wake|ability: Protosynthesis
|-start|p2a: Walking Wake|protosynthesisspe
|move|p1a: Gliscor|Earthquake|p2a: Walking Wake
|-damage|p2a: Walking Wake|67/100
|
|-weather|SunnyDay|[upkeep]
|-status|p1a: Gliscor|tox|[from] item: Toxic Orb
|upkeep
|turn|5
|
|t:|1758263389
|switch|p1a: Araquanid|Araquanid, F|100/100
|move|p2a: Walking Wake|Hydro Steam|p1a: Araquanid
|-resisted|p1a: Araquanid
|-damage|p1a: Araquanid|75/100
|
|-weather|SunnyDay|[upkeep]
|upkeep
|turn|6
|
|t:|1758263398
|-end|p2a: Walking Wake|Protosynthesis|[silent]
|switch|p2a: Hatterene|Hatterene, F, shiny, tera:Steel|80/100
|move|p1a: Araquanid|Surf|p2a: Hatterene
|-damage|p2a: Hatterene|61/100
|
|-weather|SunnyDay|[upkeep]
|upkeep
|turn|7
|
|t:|1758263404
|switch|p1a: Gliscor|Gliscor, M|100/100 tox
|move|p2a: Hatterene|Draining Kiss|p1a: Gliscor
|-damage|p1a: Gliscor|75/100 tox
|-heal|p2a: Hatterene|83/100|[from] drain|[of] p1a: Gliscor
|
|-weather|SunnyDay|[upkeep]
|-heal|p1a: Gliscor|87/100 tox|[from] ability: Poison Heal
|upkeep
|turn|8
|
|t:|1758263418
|switch|p2a: Darkrai|Darkrai|100/100
|move|p1a: Gliscor|Toxic|p2a: Darkrai
|-status|p2a: Darkrai|tox
|
|-weather|none
|-damage|p2a: Darkrai|94/100 tox|[from] psn
|-heal|p1a: Gliscor|99/100 tox|[from] ability: Poison Heal
|upkeep
|turn|9
|
|t:|1758263423
|move|p2a: Darkrai|Ice Beam|p1a: Gliscor
|-supereffective|p1a: Gliscor
|-damage|p1a: Gliscor|0 fnt
|faint|p1a: Gliscor
|
|-damage|p2a: Darkrai|82/100 tox|[from] psn
|upkeep
|
|t:|1758263429
|switch|p1a: Rotom|Rotom-Wash, shiny|100/100
|turn|10
|
|t:|1758263435
|switch|p2a: Ninetales|Ninetales, F, shiny|100/100
|-weather|SunnyDay|[from] ability: Drought|[of] p2a: Ninetales
|move|p1a: Rotom|Hydro Pump|p2a: Ninetales
|-supereffective|p2a: Ninetales
|-damage|p2a: Ninetales|62/100
|
|-weather|SunnyDay|[upkeep]
|upkeep
|turn|11
|
|t:|1758263446
|switch|p1a: Araquanid|Araquanid, F|75/100
|move|p2a: Ninetales|Solar Beam||[still]
|-prepare|p2a: Ninetales|Solar Beam
|-anim|p2a: Ninetales|Solar Beam|p1a: Araquanid
|-damage|p1a: Araquanid|57/100
|
|-weather|SunnyDay|[upkeep]
|upkeep
|turn|12
|
|t:|1758263454
|switch|p2a: Hatterene|Hatterene, F, shiny, tera:Steel|83/100
|move|p1a: Araquanid|Surf|p2a: Hatterene
|-damage|p2a: Hatterene|65/100
|
|-weather|SunnyDay|[upkeep]
|upkeep
|turn|13
|
|t:|1758263465
|switch|p1a: Rotom|Rotom-Wash, shiny|100/100
|move|p2a: Hatterene|Draining Kiss|p1a: Rotom
|-damage|p1a: Rotom|71/100
|-heal|p2a: Hatterene|87/100|[from] drain|[of] p1a: Rotom
|
|-weather|SunnyDay|[upkeep]
|-heal|p1a: Rotom|77/100|[from] item: Leftovers
|upkeep
|turn|14
|
|t:|1758263477
|move|p1a: Rotom|Volt Switch|p2a: Hatterene
|-damage|p2a: Hatterene|70/100
|
|t:|1758263480
|switch|p1a: Donphan|Donphan, M, shiny|100/100|[from] Volt Switch
|move|p2a: Hatterene|Draining Kiss|p1a: Donphan
|-damage|p1a: Donphan|63/100
|-heal|p2a: Hatterene|100/100|[from] drain|[of] p1a: Donphan
|
|-weather|SunnyDay|[upkeep]
|-heal|p1a: Donphan|69/100|[from] item: Leftovers
|upkeep
|turn|15
|
|t:|1758263496
|switch|p2a: Great Tusk|Great Tusk|100/100
|-activate|p2a: Great Tusk|ability: Protosynthesis
|-start|p2a: Great Tusk|protosynthesisspe
|move|p1a: Donphan|Earthquake|p2a: Great Tusk
|-damage|p2a: Great Tusk|71/100
|
|-weather|SunnyDay|[upkeep]
|-heal|p1a: Donphan|75/100|[from] item: Leftovers
|upkeep
|turn|16
|l|☆aarer
|player|p2|
|inactive|Battle timer is ON: inactive players will automatically lose when time's up. (requested by Sacred Quill)
|j|☆aarer
|inactive|aarer reconnected and has 140 seconds left.
|player|p2|aarer|265|
|
|t:|1758263576
|move|p2a: Great Tusk|Knock Off|p1a: Donphan
|-damage|p1a: Donphan|60/100
|-enditem|p1a: Donphan|Leftovers|[from] move: Knock Off|[of] p2a: Great Tusk
|move|p1a: Donphan|Earthquake|p2a: Great Tusk
|-damage|p2a: Great Tusk|44/100
|
|-weather|SunnyDay|[upkeep]
|upkeep
|turn|17
|
|t:|1758263592
|move|p2a: Great Tusk|Close Combat|p1a: Donphan
|-damage|p1a: Donphan|31/100
|-unboost|p2a: Great Tusk|def|1
|-unboost|p2a: Great Tusk|spd|1
|move|p1a: Donphan|Stealth Rock|p2a: Great Tusk
|-sidestart|p2: aarer|move: Stealth Rock
|
|-weather|none
|-end|p2a: Great Tusk|Protosynthesis
|upkeep
|-enditem|p2a: Great Tusk|Booster Energy
|-activate|p2a: Great Tusk|ability: Protosynthesis|[fromitem]
|-start|p2a: Great Tusk|protosynthesisspe
|turn|18
|
|t:|1758263600
|move|p2a: Great Tusk|Rapid Spin|p1a: Donphan
|-damage|p1a: Donphan|23/100
|-boost|p2a: Great Tusk|spe|1
|-sideend|p2: aarer|Stealth Rock|[from] move: Rapid Spin|[of] p2a: Great Tusk
|move|p1a: Donphan|Earthquake|p2a: Great Tusk
|-damage|p2a: Great Tusk|0 fnt
|faint|p2a: Great Tusk
|-end|p2a: Great Tusk|Protosynthesis|[silent]
|
|upkeep
|
|t:|1758263613
|switch|p2a: Ninetales|Ninetales, F, shiny|62/100
|-weather|SunnyDay|[from] ability: Drought|[of] p2a: Ninetales
|turn|19
|
|t:|1758263618
|move|p2a: Ninetales|Solar Beam||[still]
|-prepare|p2a: Ninetales|Solar Beam
|-anim|p2a: Ninetales|Solar Beam|p1a: Donphan
|-supereffective|p1a: Donphan
|-damage|p1a: Donphan|0 fnt
|faint|p1a: Donphan
|
|-weather|SunnyDay|[upkeep]
|upkeep
|
|t:|1758263628
|switch|p1a: Araquanid|Araquanid, F|57/100
|turn|20
|
|t:|1758263631
|switch|p2a: Hatterene|Hatterene, F, shiny, tera:Steel|100/100
|move|p1a: Araquanid|Surf|p2a: Hatterene
|-crit|p2a: Hatterene
|-damage|p2a: Hatterene|71/100
|
|-weather|SunnyDay|[upkeep]
|upkeep
|turn|21
|
|t:|1758263637
|move|p1a: Araquanid|Surf|p2a: Hatterene
|-crit|p2a: Hatterene
|-damage|p2a: Hatterene|42/100
|move|p2a: Hatterene|Nuzzle|p1a: Araquanid
|-supereffective|p1a: Araquanid
|-crit|p1a: Araquanid
|-damage|p1a: Araquanid|43/100
|-status|p1a: Araquanid|par
|
|-weather|SunnyDay|[upkeep]
|upkeep
|turn|22
|
|t:|1758263640
|move|p2a: Hatterene|Draining Kiss|p1a: Araquanid
|-damage|p1a: Araquanid|20/100 par
|-heal|p2a: Hatterene|60/100|[from] drain|[of] p1a: Araquanid
|move|p1a: Araquanid|Surf|p2a: Hatterene
|-damage|p2a: Hatterene|40/100
|
|-weather|SunnyDay|[upkeep]
|upkeep
|turn|23
|-enditem|p1a: Araquanid|Custap Berry|[eat]
|-activate|p1a: Araquanid|item: Custap Berry|[consumed]
|
|t:|1758263647
|cant|p1a: Araquanid|par
|move|p2a: Hatterene|Draining Kiss|p1a: Araquanid
|-damage|p1a: Araquanid|0 fnt
|-heal|p2a: Hatterene|56/100|[from] drain|[of] p1a: Araquanid
|faint|p1a: Araquanid
|
|-weather|SunnyDay|[upkeep]
|upkeep
|
|t:|1758263654
|switch|p1a: Rotom|Rotom-Wash, shiny|77/100
|turn|24
|
|t:|1758263659
|move|p1a: Rotom|Hydro Pump|p2a: Hatterene
|-damage|p2a: Hatterene|43/100
|move|p2a: Hatterene|Draining Kiss|p1a: Rotom
|-damage|p1a: Rotom|50/100
|-heal|p2a: Hatterene|62/100|[from] drain|[of] p1a: Rotom
|
|-weather|SunnyDay|[upkeep]
|-heal|p1a: Rotom|56/100|[from] item: Leftovers
|upkeep
|turn|25
|-message|Sacred Quill forfeited.
|
|win|aarer
|raw|Sacred Quill's rating: 1334 &rarr; <strong>1314</strong><br />(-20 for losing)
|raw|aarer's rating: 1328 &rarr; <strong>1348</strong><br />(+20 for winning)
|l|‽Sacred Quill
|player|p1|
