|j|☆luca1996
|j|☆dynamo fuckass
|t:|1758304732
|gametype|singles
|player|p1|luca1996|boarder|1375
|player|p2|dynamo fuckass|101|1433
|gen|9
|tier|[Gen 9] OU
|rated|
|rule|HP Percentage Mod: HP is shown in percentages
|rule|Endless Battle Clause: Forcing endless battles is banned
|rule|Species Clause: Limit one of each Pokémon
|rule|OHKO Clause: OHKO moves are banned
|rule|Evasion Items Clause: Evasion items are banned
|rule|Evasion Moves Clause: Evasion moves are banned
|rule|Evasion Abilities Clause: Evasion abilities are banned
|rule|Sleep Moves Clause: Sleep-inducing moves are banned
|clearpoke
|poke|p1|Sinistcha-Masterpiece|
|poke|p1|Glimmora, M|
|poke|p1|Dragonite, M|
|poke|p1|Decidueye-Hisui, F|
|poke|p1|Iron Valiant|
|poke|p1|Meowscarada, F|
|poke|p2|Zamazenta-*|
|poke|p2|Iron Valiant|
|poke|p2|Keldeo|
|poke|p2|Slowking-Galar, M|
|poke|p2|Zapdos|
|poke|p2|Landorus-Therian, M|
|teampreview
|inactive|Battle timer is ON: inactive players will automatically lose when time's up. (requested by luca1996)
|
|t:|1758304762
|teamsize|p1|6
|teamsize|p2|6
|start
|switch|p1a: Meowscarada|Meowscarada, F|100/100
|switch|p2a: Zapdos|Zapdos|100/100
|turn|1
|
|t:|1758304770
|switch|p2a: Zamazenta|Zamazenta|100/100
|-ability|p2a: Zamazenta|Dauntless Shield|boost
|-boost|p2a: Zamazenta|def|1
|move|p1a: Meowscarada|Triple Axel|p2a: Zamazenta
|-start|p1a: Meowscarada|typechange|Ice|[from] ability: Protean
|-damage|p2a: Zamazenta|90/100
|-damage|p2a: Zamazenta|74/100
|-crit|p2a: Zamazenta
|-damage|p2a: Zamazenta|11/100
|-hitcount|p2a: Zamazenta|3
|
|upkeep
|turn|2
|
|t:|1758304779
|switch|p1a: Sinistcha|Sinistcha-Masterpiece|100/100
|move|p2a: Zamazenta|Close Combat|p1a: Sinistcha
|-immune|p1a: Sinistcha
|
|upkeep
|turn|3
|
|t:|1758304782
|move|p2a: Zamazenta|Close Combat|p1a: Sinistcha
|-immune|p1a: Sinistcha
|move|p1a: Sinistcha|Shadow Ball|p2a: Zamazenta
|-damage|p2a: Zamazenta|0 fnt
|faint|p2a: Zamazenta
|
|upkeep
|
|t:|1758304793
|switch|p2a: Zapdos|Zapdos|100/100
|turn|4
|
|t:|1758304799
|switch|p1a: Glimmora|Glimmora, M|100/100
|move|p2a: Zapdos|Hurricane|p1a: Glimmora
|-resisted|p1a: Glimmora
|-damage|p1a: Glimmora|72/100
|-start|p1a: Glimmora|confusion
|
|upkeep
|turn|5
|
|t:|1758304803
|-activate|p1a: Glimmora|confusion
|move|p1a: Glimmora|Stealth Rock|p2a: Zapdos
|-sidestart|p2: dynamo fuckass|move: Stealth Rock
|move|p2a: Zapdos|Volt Switch|p1a: Glimmora
|-damage|p1a: Glimmora|33/100
|
|t:|1758304808
|switch|p2a: Keldeo|Keldeo|100/100|[from] Volt Switch
|
|upkeep
|turn|6
|
|t:|1758304811
|move|p2a: Keldeo|Surf|p1a: Glimmora
|-supereffective|p1a: Glimmora
|-damage|p1a: Glimmora|0 fnt
|faint|p1a: Glimmora
|
|upkeep
|
|t:|1758304815
|switch|p1a: Iron Valiant|Iron Valiant|100/100
|-enditem|p1a: Iron Valiant|Booster Energy
|-activate|p1a: Iron Valiant|ability: Quark Drive|[fromitem]
|-start|p1a: Iron Valiant|quarkdrivespe
|turn|7
|
|t:|1758304820
|switch|p2a: Slowking|Slowking-Galar, M|100/100
|move|p1a: Iron Valiant|Calm Mind|p1a: Iron Valiant
|-boost|p1a: Iron Valiant|spa|1
|-boost|p1a: Iron Valiant|spd|1
|
|upkeep
|turn|8
|
|t:|1758304826
|move|p1a: Iron Valiant|Thunderbolt|p2a: Slowking
|-damage|p2a: Slowking|75/100
|move|p2a: Slowking|Toxic|p1a: Iron Valiant
|-status|p1a: Iron Valiant|tox
|
|-damage|p1a: Iron Valiant|94/100 tox|[from] psn
|upkeep
|turn|9
|
|t:|1758304829
|move|p1a: Iron Valiant|Thunderbolt|p2a: Slowking
|-crit|p2a: Slowking
|-damage|p2a: Slowking|32/100
|move|p2a: Slowking|Slack Off|p2a: Slowking
|-heal|p2a: Slowking|82/100
|
|-damage|p1a: Iron Valiant|82/100 tox|[from] psn
|upkeep
|turn|10
|
|t:|1758304856
|move|p1a: Iron Valiant|Thunderbolt|p2a: Slowking
|-damage|p2a: Slowking|54/100
|-prepare|p2a: Slowking|Chilly Reception|[premajor]
|move|p2a: Slowking|Chilly Reception|p2a: Slowking
|-weather|Snowscape
|
|t:|1758304866
|switch|p2a: Zapdos|Zapdos|100/100|[from] Chilly Reception
|
|-weather|Snowscape|[upkeep]
|-damage|p1a: Iron Valiant|63/100 tox|[from] psn
|upkeep
|turn|11
|
|t:|1758304893
|switch|p2a: Slowking|Slowking-Galar, M|88/100
|move|p1a: Iron Valiant|Moonblast|p2a: Slowking
|-resisted|p2a: Slowking
|-damage|p2a: Slowking|65/100
|
|-weather|Snowscape|[upkeep]
|-damage|p1a: Iron Valiant|38/100 tox|[from] psn
|upkeep
|turn|12
|
|t:|1758304901
|move|p1a: Iron Valiant|Moonblast|p2a: Slowking
|-resisted|p2a: Slowking
|-damage|p2a: Slowking|41/100
|-unboost|p2a: Slowking|spa|1
|move|p2a: Slowking|Slack Off|p2a: Slowking
|-heal|p2a: Slowking|91/100
|
|-weather|Snowscape|[upkeep]
|-damage|p1a: Iron Valiant|7/100 tox|[from] psn
|upkeep
|turn|13
|
|t:|1758304904
|move|p1a: Iron Valiant|Moonblast|p2a: Slowking
|-resisted|p2a: Slowking
|-damage|p2a: Slowking|69/100
|move|p2a: Slowking|Future Sight|p1a: Iron Valiant
|-start|p2a: Slowking|move: Future Sight
|
|-weather|Snowscape|[upkeep]
|-damage|p1a: Iron Valiant|0 fnt|[from] psn
|faint|p1a: Iron Valiant
|-end|p1a: Iron Valiant|Quark Drive|[silent]
|upkeep
|
|t:|1758304919
|switch|p1a: Meowscarada|Meowscarada, F|100/100
|turn|14
|inactive|dynamo fuckass has 120 seconds left.
|
|t:|1758304970
|switch|p2a: Landorus|Landorus-Therian, M|100/100
|-damage|p2a: Landorus|88/100|[from] Stealth Rock
|-ability|p2a: Landorus|Intimidate|boost
|-unboost|p1a: Meowscarada|atk|1
|move|p1a: Meowscarada|Knock Off|p2a: Landorus
|-start|p1a: Meowscarada|typechange|Dark|[from] ability: Protean
|-damage|p2a: Landorus|48/100
|-damage|p1a: Meowscarada|84/100|[from] item: Rocky Helmet|[of] p2a: Landorus
|-enditem|p2a: Landorus|Rocky Helmet|[from] move: Knock Off|[of] p1a: Meowscarada
|
|-weather|none
|upkeep
|turn|15
|
|t:|1758304977
|switch|p1a: Decidueye|Decidueye-Hisui, F|100/100
|move|p2a: Landorus|Stealth Rock|p1a: Decidueye
|-sidestart|p1: luca1996|move: Stealth Rock
|
|-end|p1a: Decidueye|move: Future Sight
|-supereffective|p1a: Decidueye
|-damage|p1a: Decidueye|14/100
|upkeep
|turn|16
|
|t:|1758304986
|move|p2a: Landorus|U-turn|p1a: Decidueye
|-crit|p1a: Decidueye
|-damage|p1a: Decidueye|0 fnt
|faint|p1a: Decidueye
|
|t:|1758305011
|switch|p2a: Zapdos|Zapdos|100/100|[from] U-turn
|
|upkeep
|
|t:|1758305023
|switch|p1a: Dragonite|Dragonite, M|100/100
|turn|17
|
|t:|1758305026
|move|p1a: Dragonite|Dragon Dance|p1a: Dragonite
|-boost|p1a: Dragonite|atk|1
|-boost|p1a: Dragonite|spe|1
|move|p2a: Zapdos|Thunder Wave|p1a: Dragonite
|-status|p1a: Dragonite|par
|
|upkeep
|turn|18
|
|t:|1758305032
|move|p2a: Zapdos|Volt Switch|p1a: Dragonite
|-damage|p1a: Dragonite|85/100 par
|
|t:|1758305035
|switch|p2a: Landorus|Landorus-Therian, M|48/100|[from] Volt Switch
|-damage|p2a: Landorus|36/100|[from] Stealth Rock
|-ability|p2a: Landorus|Intimidate|boost
|-unboost|p1a: Dragonite|atk|1
|move|p1a: Dragonite|Ice Punch|p2a: Landorus
|-supereffective|p2a: Landorus
|-damage|p2a: Landorus|0 fnt
|faint|p2a: Landorus
|
|upkeep
|
|t:|1758305041
|switch|p2a: Iron Valiant|Iron Valiant|100/100
|-damage|p2a: Iron Valiant|94/100|[from] Stealth Rock
|-enditem|p2a: Iron Valiant|Booster Energy
|-activate|p2a: Iron Valiant|ability: Quark Drive|[fromitem]
|-start|p2a: Iron Valiant|quarkdrivespe
|turn|19
|
|t:|1758305043
|move|p1a: Dragonite|Extreme Speed|p2a: Iron Valiant
|-damage|p2a: Iron Valiant|51/100
|move|p2a: Iron Valiant|Spirit Break|p1a: Dragonite
|-supereffective|p1a: Dragonite
|-crit|p1a: Dragonite
|-damage|p1a: Dragonite|0 fnt
|faint|p1a: Dragonite
|
|upkeep
|
|t:|1758305048
|switch|p1a: Sinistcha|Sinistcha-Masterpiece|100/100
|-damage|p1a: Sinistcha|88/100|[from] Stealth Rock
|turn|20
|
|t:|1758305059
|-end|p2a: Iron Valiant|Quark Drive|[silent]
|switch|p2a: Zapdos|Zapdos|100/100
|move|p1a: Sinistcha|Matcha Gotcha|p2a: Zapdos
|-resisted|p2a: Zapdos
|-damage|p2a: Zapdos|79/100
|-heal|p1a: Sinistcha|99/100|[from] drain|[of] p2a: Zapdos
|
|-heal|p1a: Sinistcha|100/100|[from] item: Leftovers
|upkeep
|turn|21
|l|☆dynamo fuckass
|inactive|dynamo fuckass disconnected and has a minute to reconnect!
|player|p2|
|inactive|dynamo fuckass has 30 seconds to reconnect!
|inactive|dynamo fuckass has 20 seconds to reconnect!
|inactive|dynamo fuckass has 15 seconds to reconnect!
|inactive|dynamo fuckass has 10 seconds to reconnect!
|inactive|dynamo fuckass has 5 seconds to reconnect!
|-message|dynamo fuckass lost due to inactivity.
|
|win|luca1996
|raw|luca1996's rating: 1375 &rarr; <strong>1398</strong><br />(+23 for winning)
|raw|dynamo fuckass's rating: 1433 &rarr; <strong>1410</strong><br />(-23 for losing)
|l|☆luca1996
|player|p1|
