|j|☆Balderan
|j|☆Whimzydj
|t:|1758315683
|gametype|singles
|player|p1|Balderan|clown|1094
|player|p2|Whimzydj|102|1159
|gen|9
|tier|[Gen 9] OU
|rated|
|rule|HP Percentage Mod: HP is shown in percentages
|rule|Endless Battle Clause: Forcing endless battles is banned
|rule|Species Clause: Limit one of each Pokémon
|rule|OHKO Clause: OHKO moves are banned
|rule|Evasion Items Clause: Evasion items are banned
|rule|Evasion Moves Clause: Evasion moves are banned
|rule|Evasion Abilities Clause: Evasion abilities are banned
|rule|Sleep Moves Clause: Sleep-inducing moves are banned
|clearpoke
|poke|p1|Ogerpon-Wellspring, F|
|poke|p1|Galvantula, F|
|poke|p1|Kleavor, F|
|poke|p1|Weavile, F|
|poke|p1|Skarmory, F|
|poke|p1|Magmortar, F|
|poke|p2|Charizard, F|
|poke|p2|Azumarill, F|
|poke|p2|Scizor, M|
|poke|p2|Great Tusk|
|poke|p2|Ninetales, M|
|poke|p2|Latias, F|
|teampreview
|inactive|Battle timer is ON: inactive players will automatically lose when time's up. (requested by Balderan)
|
|t:|1758315697
|teamsize|p1|6
|teamsize|p2|6
|start
|switch|p1a: Galvantula|Galvantula, F|100/100
|switch|p2a: Ninetales|Ninetales, M|100/100
|-weather|SunnyDay|[from] ability: Drought|[of] p2a: Ninetales
|turn|1
|
|t:|1758315708
|move|p1a: Galvantula|Sticky Web|p2a: Ninetales
|-sidestart|p2: Whimzydj|move: Sticky Web
|move|p2a: Ninetales|Weather Ball|p1a: Galvantula
|-supereffective|p1a: Galvantula
|-enditem|p1a: Galvantula|Focus Sash
|-damage|p1a: Galvantula|1/100
|
|-weather|SunnyDay|[upkeep]
|upkeep
|turn|2
|
|t:|1758315719
|switch|p2a: Great Tusk|Great Tusk|100/100
|-activate|p2a: Great Tusk|move: Sticky Web
|-unboost|p2a: Great Tusk|spe|1
|-activate|p2a: Great Tusk|ability: Protosynthesis
|-start|p2a: Great Tusk|protosynthesisatk
|move|p1a: Galvantula|Volt Switch|p2a: Great Tusk
|-immune|p2a: Great Tusk
|
|-weather|SunnyDay|[upkeep]
|upkeep
|turn|3
|
|t:|1758315733
|move|p1a: Galvantula|Bug Buzz|p2a: Great Tusk
|-resisted|p2a: Great Tusk
|-damage|p2a: Great Tusk|75/100
|move|p2a: Great Tusk|Rapid Spin|p1a: Galvantula
|-damage|p1a: Galvantula|0 fnt
|-boost|p2a: Great Tusk|spe|1
|-sideend|p2: Whimzydj|Sticky Web|[from] move: Rapid Spin|[of] p2a: Great Tusk
|faint|p1a: Galvantula
|
|-weather|SunnyDay|[upkeep]
|-heal|p2a: Great Tusk|82/100|[from] item: Leftovers
|upkeep
|
|t:|1758315740
|switch|p1a: Magmortar|Magmortar, F|100/100
|turn|4
|
|t:|1758315753
|move|p1a: Magmortar|Belly Drum|p1a: Magmortar
|-damage|p1a: Magmortar|50/100
|-setboost|p1a: Magmortar|atk|6|[from] move: Belly Drum
|-enditem|p1a: Magmortar|Sitrus Berry|[eat]
|-heal|p1a: Magmortar|75/100|[from] item: Sitrus Berry
|move|p2a: Great Tusk|Stealth Rock|p1a: Magmortar
|-sidestart|p1: Balderan|move: Stealth Rock
|
|-weather|SunnyDay|[upkeep]
|-heal|p2a: Great Tusk|88/100|[from] item: Leftovers
|upkeep
|turn|5
|
|t:|1758315769
|move|p1a: Magmortar|Flame Charge|p2a: Great Tusk
|-damage|p2a: Great Tusk|15/100
|-boost|p1a: Magmortar|spe|1
|move|p2a: Great Tusk|Headlong Rush|p1a: Magmortar
|-supereffective|p1a: Magmortar
|-damage|p1a: Magmortar|0 fnt
|-unboost|p2a: Great Tusk|def|1
|-unboost|p2a: Great Tusk|spd|1
|-status|p2a: Great Tusk|brn|[from] ability: Flame Body|[of] p1a: Magmortar
|faint|p1a: Magmortar
|
|-weather|SunnyDay|[upkeep]
|-heal|p2a: Great Tusk|21/100 brn|[from] item: Leftovers
|-damage|p2a: Great Tusk|15/100 brn|[from] brn
|upkeep
|
|t:|1758315778
|switch|p1a: Kleavor|Kleavor, F|100/100
|-damage|p1a: Kleavor|76/100|[from] Stealth Rock
|turn|6
|
|t:|1758315787
|move|p2a: Great Tusk|Knock Off|p1a: Kleavor
|-damage|p1a: Kleavor|49/100
|-enditem|p1a: Kleavor|Metronome|[from] move: Knock Off|[of] p2a: Great Tusk
|move|p1a: Kleavor|Trailblaze|p2a: Great Tusk
|-supereffective|p2a: Great Tusk
|-damage|p2a: Great Tusk|0 fnt
|-boost|p1a: Kleavor|spe|1
|faint|p2a: Great Tusk
|-end|p2a: Great Tusk|Protosynthesis|[silent]
|
|-weather|SunnyDay|[upkeep]
|upkeep
|
|t:|1758315805
|switch|p2a: Scizor|Scizor, M|100/100
|turn|7
|
|t:|1758315811
|move|p2a: Scizor|Bullet Punch|p1a: Kleavor
|-supereffective|p1a: Kleavor
|-damage|p1a: Kleavor|0 fnt
|faint|p1a: Kleavor
|
|-weather|SunnyDay|[upkeep]
|upkeep
|
|t:|1758315817
|switch|p1a: Ogerpon|Ogerpon-Wellspring, F|100/100
|-damage|p1a: Ogerpon|88/100|[from] Stealth Rock
|turn|8
|
|t:|1758315837
|switch|p2a: Latias|Latias, F|100/100
|move|p1a: Ogerpon|Swords Dance|p1a: Ogerpon
|-boost|p1a: Ogerpon|atk|2
|
|-weather|none
|upkeep
|turn|9
|
|t:|1758315850
|move|p1a: Ogerpon|Knock Off|p2a: Latias
|-supereffective|p2a: Latias
|-damage|p2a: Latias|0 fnt
|-enditem|p2a: Latias|Assault Vest|[from] move: Knock Off|[of] p1a: Ogerpon
|faint|p2a: Latias
|
|upkeep
|inactive|Whimzydj has 120 seconds left.
|
|t:|1758315869
|switch|p2a: Ninetales|Ninetales, M|100/100
|-weather|SunnyDay|[from] ability: Drought|[of] p2a: Ninetales
|turn|10
|
|t:|1758315877
|-terastallize|p1a: Ogerpon|Water
|detailschange|p1a: Ogerpon|Ogerpon-Wellspring-Tera, F, tera:Water
|-ability|p1a: Ogerpon|Embody Aspect (Wellspring)|boost
|-boost|p1a: Ogerpon|spd|1
|move|p1a: Ogerpon|Ivy Cudgel|p2a: Ninetales|[anim] Ivy Cudgel Water
|-supereffective|p2a: Ninetales
|-damage|p2a: Ninetales|0 fnt
|faint|p2a: Ninetales
|
|-weather|SunnyDay|[upkeep]
|upkeep
|inactive|Whimzydj has 120 seconds left.
|
|t:|1758315892
|switch|p2a: Azumarill|Azumarill, F|100/100
|turn|11
|inactive|Whimzydj has 120 seconds left.
|
|t:|1758315901
|move|p1a: Ogerpon|Horn Leech|p2a: Azumarill
|-supereffective|p2a: Azumarill
|-damage|p2a: Azumarill|0 fnt
|-heal|p1a: Ogerpon|100/100|[from] drain|[of] p2a: Azumarill
|faint|p2a: Azumarill
|
|-weather|SunnyDay|[upkeep]
|upkeep
|inactive|Whimzydj has 120 seconds left.
|
|t:|1758315909
|switch|p2a: Charizard|Charizard, F, shiny|100/100
|turn|12
|
|t:|1758315915
|move|p1a: Ogerpon|Ivy Cudgel|p2a: Charizard|[anim] Ivy Cudgel Water
|-supereffective|p2a: Charizard
|-damage|p2a: Charizard|0 fnt
|faint|p2a: Charizard
|
|-weather|SunnyDay|[upkeep]
|upkeep
|
|t:|1758315918
|switch|p2a: Scizor|Scizor, M|100/100
|turn|13
|
|t:|1758315923
|move|p1a: Ogerpon|Ivy Cudgel|p2a: Scizor|[anim] Ivy Cudgel Water
|-damage|p2a: Scizor|17/100
|move|p2a: Scizor|U-turn|p1a: Ogerpon
|-crit|p1a: Ogerpon
|-damage|p1a: Ogerpon|0 fnt
|faint|p1a: Ogerpon
|detailschange|p1: Ogerpon|Ogerpon-Wellspring, F|[silent]
|
|-weather|SunnyDay|[upkeep]
|upkeep
|-message|Whimzydj forfeited.
|
|win|Balderan
|raw|Balderan's rating: 1094 &rarr; <strong>1125</strong><br />(+31 for winning)
|raw|Whimzydj's rating: 1159 &rarr; <strong>1129</strong><br />(-30 for losing)
|l|☆Whimzydj
|player|p2|
|l|☆Balderan
|player|p1|
