|j|☆justiceforjessie
|j|☆Palm X
|t:|1758256634
|gametype|singles
|player|p1|justiceforjessie|170|1549
|player|p2|Palm X|caitlin|1592
|gen|9
|tier|[Gen 9] OU
|rated|
|rule|HP Percentage Mod: HP is shown in percentages
|rule|Endless Battle Clause: Forcing endless battles is banned
|rule|Species Clause: Limit one of each Pokémon
|rule|OHKO Clause: OHKO moves are banned
|rule|Evasion Items Clause: Evasion items are banned
|rule|Evasion Moves Clause: Evasion moves are banned
|rule|Evasion Abilities Clause: Evasion abilities are banned
|rule|Sleep Moves Clause: Sleep-inducing moves are banned
|clearpoke
|poke|p1|Ninetales, M|
|poke|p1|Great Tusk|
|poke|p1|Walking Wake|
|poke|p1|Comfey, F|
|poke|p1|Venusaur, F|
|poke|p1|Gholdengo|
|poke|p2|Pelipper, M|
|poke|p2|Manaphy|
|poke|p2|Barraskewda, M|
|poke|p2|Raging Bolt|
|poke|p2|Moltres|
|poke|p2|Iron Treads|
|teampreview
|inactive|Battle timer is ON: inactive players will automatically lose when time's up. (requested by Palm X)
|j| BigChiefQueef
|c|☆Palm X|what happened to jessie
|c|☆Palm X|???
|
|t:|1758256664
|teamsize|p1|6
|teamsize|p2|6
|start
|switch|p1a: Walking WOKE.|Walking Wake|100/100
|switch|p2a: BIGGEST BIRD|Pelipper, M|100/100
|-weather|RainDance|[from] ability: Drizzle|[of] p2a: BIGGEST BIRD
|turn|1
|j| IM AT MY LIMIT
|l| IM AT MY LIMIT
|inactive|justiceforjessie has 120 seconds left.
|
|t:|1758256694
|move|p1a: Walking WOKE.|Weather Ball|p2a: BIGGEST BIRD
|-resisted|p2a: BIGGEST BIRD
|-damage|p2a: BIGGEST BIRD|44/100
|move|p2a: BIGGEST BIRD|U-turn|p1a: Walking WOKE.
|-damage|p1a: Walking WOKE.|91/100
|
|t:|1758256704
|switch|p2a: Best Girl|Manaphy, shiny|100/100|[from] U-turn
|
|-weather|RainDance|[upkeep]
|upkeep
|turn|2
|
|t:|1758256711
|-terastallize|p1a: Walking WOKE.|Water
|move|p1a: Walking WOKE.|Weather Ball|p2a: Best Girl
|-resisted|p2a: Best Girl
|-crit|p2a: Best Girl
|-damage|p2a: Best Girl|1/100
|move|p2a: Best Girl|Tail Glow|p2a: Best Girl
|-boost|p2a: Best Girl|spa|3
|
|-weather|RainDance|[upkeep]
|-heal|p2a: Best Girl|7/100|[from] item: Leftovers
|upkeep
|turn|3
|
|t:|1758256720
|switch|p2a: Satan Himself|Raging Bolt|100/100
|move|p1a: Walking WOKE.|Weather Ball|p2a: Satan Himself
|-resisted|p2a: Satan Himself
|-damage|p2a: Satan Himself|38/100
|
|-weather|RainDance|[upkeep]
|-heal|p2a: Satan Himself|44/100|[from] item: Leftovers
|upkeep
|turn|4
|
|t:|1758256732
|-end|p1a: Walking WOKE.|Protosynthesis|[silent]
|switch|p1a: Great THEY/THEM.|Great Tusk|100/100
|move|p2a: Satan Himself|Dragon Pulse|p1a: Great THEY/THEM.
|-damage|p1a: Great THEY/THEM.|21/100
|
|-weather|RainDance|[upkeep]
|-heal|p2a: Satan Himself|50/100|[from] item: Leftovers
|upkeep
|turn|5
|
|t:|1758256742
|-terastallize|p2a: Satan Himself|Bug
|move|p1a: Great THEY/THEM.|Stealth Rock|p2a: Satan Himself
|-sidestart|p2: Palm X|move: Stealth Rock
|move|p2a: Satan Himself|Calm Mind|p2a: Satan Himself
|-boost|p2a: Satan Himself|spa|1
|-boost|p2a: Satan Himself|spd|1
|
|-weather|RainDance|[upkeep]
|-heal|p2a: Satan Himself|56/100|[from] item: Leftovers
|upkeep
|turn|6
|
|t:|1758256751
|move|p1a: Great THEY/THEM.|Headlong Rush|p2a: Satan Himself
|-resisted|p2a: Satan Himself
|-damage|p2a: Satan Himself|28/100
|-unboost|p1a: Great THEY/THEM.|def|1
|-unboost|p1a: Great THEY/THEM.|spd|1
|-enditem|p1a: Great THEY/THEM.|Eject Pack
|
|t:|1758256764
|-end|p1a: Great THEY/THEM.|Protosynthesis|[silent]
|switch|p1a: Comfey|Comfey, F|100/100
|move|p2a: Satan Himself|Thunder|p1a: Comfey
|-damage|p1a: Comfey|2/100
|
|-weather|RainDance|[upkeep]
|-heal|p2a: Satan Himself|34/100|[from] item: Leftovers
|upkeep
|turn|7
|
|t:|1758256773
|move|p1a: Comfey|Draining Kiss|p2a: Satan Himself
|-damage|p2a: Satan Himself|19/100
|-heal|p1a: Comfey|18/100|[from] drain|[of] p2a: Satan Himself
|-damage|p1a: Comfey|8/100|[from] item: Life Orb
|move|p2a: Satan Himself|Thunder|p1a: Comfey
|-damage|p1a: Comfey|0 fnt
|faint|p1a: Comfey
|
|-weather|RainDance|[upkeep]
|-heal|p2a: Satan Himself|25/100|[from] item: Leftovers
|upkeep
|
|t:|1758256786
|switch|p1a: NineGENDERS.|Ninetales, M|100/100
|-weather|SunnyDay|[from] ability: Drought|[of] p1a: NineGENDERS.
|-activate|p2a: Satan Himself|ability: Protosynthesis
|-start|p2a: Satan Himself|protosynthesisspa
|turn|8
|
|t:|1758256794
|-end|p2a: Satan Himself|Protosynthesis|[silent]
|switch|p2a: Fish Thing|Barraskewda, M|100/100
|-damage|p2a: Fish Thing|88/100|[from] Stealth Rock
|move|p1a: NineGENDERS.|Encore||[still]
|-fail|p1a: NineGENDERS.
|
|-weather|SunnyDay|[upkeep]
|upkeep
|turn|9
|
|t:|1758256806
|switch|p1a: Great THEY/THEM.|Great Tusk|21/100
|-activate|p1a: Great THEY/THEM.|ability: Protosynthesis
|-start|p1a: Great THEY/THEM.|protosynthesisatk
|move|p2a: Fish Thing|Flip Turn|p1a: Great THEY/THEM.
|-supereffective|p1a: Great THEY/THEM.
|-damage|p1a: Great THEY/THEM.|0 fnt
|faint|p1a: Great THEY/THEM.
|-end|p1a: Great THEY/THEM.|Protosynthesis|[silent]
|
|t:|1758256813
|switch|p2a: BIGGEST BIRD|Pelipper, M|44/100|[from] Flip Turn
|-damage|p2a: BIGGEST BIRD|19/100|[from] Stealth Rock
|-weather|RainDance|[from] ability: Drizzle|[of] p2a: BIGGEST BIRD
|
|-weather|RainDance|[upkeep]
|upkeep
|
|t:|1758256825
|switch|p1a: NineGENDERS.|Ninetales, M|100/100
|-weather|SunnyDay|[from] ability: Drought|[of] p1a: NineGENDERS.
|turn|10
|
|t:|1758256833
|switch|p2a: Perc Nowitzki|Moltres|100/100
|move|p1a: NineGENDERS.|Weather Ball|p2a: Perc Nowitzki
|-resisted|p2a: Perc Nowitzki
|-damage|p2a: Perc Nowitzki|80/100
|
|-weather|SunnyDay|[upkeep]
|upkeep
|turn|11
|
|t:|1758256841
|switch|p1a: Walking WOKE.|Walking Wake, tera:Water|91/100
|-activate|p1a: Walking WOKE.|ability: Protosynthesis
|-start|p1a: Walking WOKE.|protosynthesisspe
|move|p2a: Perc Nowitzki|Scorching Sands|p1a: Walking WOKE.
|-damage|p1a: Walking WOKE.|68/100
|
|-weather|SunnyDay|[upkeep]
|upkeep
|turn|12
|
|t:|1758256852
|move|p1a: Walking WOKE.|Hydro Steam|p2a: Perc Nowitzki
|-supereffective|p2a: Perc Nowitzki
|-damage|p2a: Perc Nowitzki|0 fnt
|faint|p2a: Perc Nowitzki
|
|-weather|SunnyDay|[upkeep]
|upkeep
|
|t:|1758256859
|switch|p2a: Don Hoolio|Iron Treads|100/100
|turn|13
|
|t:|1758256868
|move|p1a: Walking WOKE.|Hydro Steam|p2a: Don Hoolio
|-supereffective|p2a: Don Hoolio
|-damage|p2a: Don Hoolio|0 fnt
|faint|p2a: Don Hoolio
|-end|p2a: Don Hoolio|Quark Drive|[silent]
|
|-weather|SunnyDay|[upkeep]
|upkeep
|-message|Palm X forfeited.
|
|win|justiceforjessie
|raw|justiceforjessie's rating: 1549 &rarr; <strong>1571</strong><br />(+22 for winning)
|raw|Palm X's rating: 1592 &rarr; <strong>1570</strong><br />(-22 for losing)
|l|☆Palm X
|player|p2|
|l| BigChiefQueef
