|j|☆KnightKnaveSpy
|j|☆peakmindset
|t:|1758343135
|gametype|singles
|player|p1|KnightKnaveSpy|169|1590
|player|p2|peakmindset|byron|1588
|gen|9
|tier|[Gen 9] OU
|rated|
|rule|HP Percentage Mod: HP is shown in percentages
|rule|Endless Battle Clause: Forcing endless battles is banned
|rule|Species Clause: Limit one of each Pokémon
|rule|OHKO Clause: OHKO moves are banned
|rule|Evasion Items Clause: Evasion items are banned
|rule|Evasion Moves Clause: Evasion moves are banned
|rule|Evasion Abilities Clause: Evasion abilities are banned
|rule|Sleep Moves Clause: Sleep-inducing moves are banned
|clearpoke
|poke|p1|Samurott-Hisui, M|
|poke|p1|Blaziken, M|
|poke|p1|Kingambit, M|
|poke|p1|Raging Bolt|
|poke|p1|Ogerpon-Wellspring, F|
|poke|p1|Greninja-*, M|
|poke|p2|Pelipper, F|
|poke|p2|Hatterene, F|
|poke|p2|Iron Treads|
|poke|p2|Toxicroak, F|
|poke|p2|Barraskewda, F|
|poke|p2|Zapdos|
|teampreview
|inactive|Battle timer is ON: inactive players will automatically lose when time's up. (requested by KnightKnaveSpy)
|c|☆peakmindset|Cool team
|c|☆peakmindset|Glhf
|
|t:|1758343150
|teamsize|p1|6
|teamsize|p2|6
|start
|switch|p1a: Samurott|Samurott-Hisui, M|100/100
|switch|p2a: Zapdos|Zapdos|100/100
|turn|1
|c|☆KnightKnaveSpy|Glhf
|
|t:|1758343155
|move|p2a: Zapdos|Volt Switch|p1a: Samurott
|-supereffective|p1a: Samurott
|-enditem|p1a: Samurott|Focus Sash
|-damage|p1a: Samurott|1/100
|
|t:|1758343158
|switch|p2a: Toxicroak|Toxicroak, F|100/100|[from] Volt Switch
|move|p1a: Samurott|Ceaseless Edge|p2a: Toxicroak|[miss]
|-miss|p1a: Samurott|p2a: Toxicroak
|
|upkeep
|turn|2
|
|t:|1758343167
|move|p1a: Samurott|Ceaseless Edge|p2a: Toxicroak
|-resisted|p2a: Toxicroak
|-damage|p2a: Toxicroak|81/100
|-damage|p1a: Samurott|0 fnt|[from] item: Rocky Helmet|[of] p2a: Toxicroak
|faint|p1a: Samurott
|move|p2a: Toxicroak|Knock Off|p1: Samurott|[notarget]
|-fail|p2a: Toxicroak
|
|upkeep
|
|t:|1758343174
|switch|p1a: Blaziken|Blaziken, M|100/100
|turn|3
|
|t:|1758343179
|move|p1a: Blaziken|Close Combat|p2a: Toxicroak
|-resisted|p2a: Toxicroak
|-damage|p2a: Toxicroak|53/100
|-unboost|p1a: Blaziken|def|1
|-unboost|p1a: Blaziken|spd|1
|-damage|p1a: Blaziken|84/100|[from] item: Rocky Helmet|[of] p2a: Toxicroak
|move|p2a: Toxicroak|Toxic|p1a: Blaziken
|-status|p1a: Blaziken|tox
|
|-heal|p1a: Blaziken|90/100 tox|[from] item: Leftovers
|-damage|p1a: Blaziken|84/100 tox|[from] psn
|-ability|p1a: Blaziken|Speed Boost|boost
|-boost|p1a: Blaziken|spe|1
|upkeep
|turn|4
|
|t:|1758343186
|switch|p2a: Pelipper|Pelipper, F|100/100
|-weather|RainDance|[from] ability: Drizzle|[of] p2a: Pelipper
|move|p1a: Blaziken|Flare Blitz|p2a: Pelipper
|-resisted|p2a: Pelipper
|-damage|p2a: Pelipper|83/100
|-damage|p1a: Blaziken|78/100 tox|[from] Recoil
|
|-weather|RainDance|[upkeep]
|-heal|p1a: Blaziken|84/100 tox|[from] item: Leftovers
|-damage|p1a: Blaziken|72/100 tox|[from] psn
|-ability|p1a: Blaziken|Speed Boost|boost
|-boost|p1a: Blaziken|spe|1
|upkeep
|turn|5
|
|t:|1758343193
|switch|p1a: Raging Bolt|Raging Bolt|100/100
|move|p2a: Pelipper|U-turn|p1a: Raging Bolt
|-crit|p1a: Raging Bolt
|-damage|p1a: Raging Bolt|88/100
|
|t:|1758343195
|switch|p2a: Iron Treads|Iron Treads|100/100|[from] U-turn
|
|-weather|RainDance|[upkeep]
|-heal|p1a: Raging Bolt|94/100|[from] item: Leftovers
|upkeep
|turn|6
|
|t:|1758343199
|-end|p1a: Raging Bolt|Protosynthesis|[silent]
|switch|p1a: Ogerpon|Ogerpon-Wellspring, F|100/100
|move|p2a: Iron Treads|Stealth Rock|p1a: Ogerpon
|-sidestart|p1: KnightKnaveSpy|move: Stealth Rock
|
|-weather|RainDance|[upkeep]
|upkeep
|turn|7
|
|t:|1758343202
|-end|p2a: Iron Treads|Quark Drive|[silent]
|switch|p2a: Toxicroak|Toxicroak, F|53/100
|move|p1a: Ogerpon|Swords Dance|p1a: Ogerpon
|-boost|p1a: Ogerpon|atk|2
|
|-weather|RainDance|[upkeep]
|-heal|p2a: Toxicroak|65/100|[from] ability: Dry Skin
|upkeep
|turn|8
|
|t:|1758343209
|move|p1a: Ogerpon|Horn Leech|p2a: Toxicroak
|-resisted|p2a: Toxicroak
|-damage|p2a: Toxicroak|21/100
|-damage|p1a: Ogerpon|84/100|[from] item: Rocky Helmet|[of] p2a: Toxicroak
|move|p2a: Toxicroak|Encore|p1a: Ogerpon
|-start|p1a: Ogerpon|Encore
|
|-weather|RainDance|[upkeep]
|-heal|p2a: Toxicroak|34/100|[from] ability: Dry Skin
|upkeep
|turn|9
|
|t:|1758343215
|switch|p2a: Zapdos|Zapdos|100/100
|move|p1a: Ogerpon|Horn Leech|p2a: Zapdos
|-resisted|p2a: Zapdos
|-damage|p2a: Zapdos|48/100
|-heal|p1a: Ogerpon|100/100|[from] drain|[of] p2a: Zapdos
|
|-weather|RainDance|[upkeep]
|upkeep
|turn|10
|
|t:|1758343231
|move|p1a: Ogerpon|Horn Leech|p2a: Zapdos
|-resisted|p2a: Zapdos
|-damage|p2a: Zapdos|0 fnt
|-status|p1a: Ogerpon|par|[from] ability: Static|[of] p2a: Zapdos
|faint|p2a: Zapdos
|
|-weather|RainDance|[upkeep]
|upkeep
|
|t:|1758343240
|switch|p2a: Pelipper|Pelipper, F|83/100
|turn|11
|
|t:|1758343246
|cant|p1a: Ogerpon|par
|move|p2a: Pelipper|Hurricane|p1a: Ogerpon
|-supereffective|p1a: Ogerpon
|-damage|p1a: Ogerpon|9/100 par
|
|-weather|none
|-end|p1a: Ogerpon|Encore
|upkeep
|turn|12
|
|t:|1758343265
|switch|p2a: Hatterene|Hatterene, F|100/100
|cant|p1a: Ogerpon|par
|
|upkeep
|turn|13
|
|t:|1758343275
|move|p1a: Ogerpon|Ivy Cudgel|p2a: Hatterene|[anim] Ivy Cudgel Water
|-damage|p2a: Hatterene|0 fnt
|faint|p2a: Hatterene
|
|upkeep
|
|t:|1758343280
|switch|p2a: Iron Treads|Iron Treads|100/100
|turn|14
|
|t:|1758343284
|move|p2a: Iron Treads|Rapid Spin|p1a: Ogerpon
|-damage|p1a: Ogerpon|0 fnt
|-boost|p2a: Iron Treads|spe|1
|faint|p1a: Ogerpon
|
|upkeep
|
|t:|1758343290
|switch|p1a: Greninja|Greninja, M|100/100
|-damage|p1a: Greninja|88/100|[from] Stealth Rock
|turn|15
|
|t:|1758343294
|-end|p2a: Iron Treads|Quark Drive|[silent]
|switch|p2a: Pelipper|Pelipper, F|83/100
|-weather|RainDance|[from] ability: Drizzle|[of] p2a: Pelipper
|move|p1a: Greninja|Ice Beam|p2a: Pelipper
|-damage|p2a: Pelipper|56/100
|
|-weather|RainDance|[upkeep]
|-heal|p1a: Greninja|94/100|[from] item: Leftovers
|upkeep
|turn|16
|
|t:|1758343303
|move|p1a: Greninja|Dark Pulse|p2a: Pelipper
|-damage|p2a: Pelipper|24/100
|cant|p2a: Pelipper|flinch
|
|-weather|RainDance|[upkeep]
|-heal|p1a: Greninja|99/100|[from] item: Leftovers
|upkeep
|turn|17
|c|☆peakmindset|Damn
|
|t:|1758343315
|move|p1a: Greninja|Dark Pulse|p2a: Pelipper
|-damage|p2a: Pelipper|0 fnt
|faint|p2a: Pelipper
|-ability|p1a: Greninja|Battle Bond|boost
|-boost|p1a: Greninja|atk|1
|-boost|p1a: Greninja|spa|1
|-boost|p1a: Greninja|spe|1
|-activate|p1a: Greninja|ability: Battle Bond
|
|-weather|RainDance|[upkeep]
|-heal|p1a: Greninja|100/100|[from] item: Leftovers
|upkeep
|
|t:|1758343317
|switch|p2a: Barraskewda|Barraskewda, F|100/100
|turn|18
|
|t:|1758343337
|-terastallize|p2a: Barraskewda|Water
|move|p1a: Greninja|Water Shuriken|p2a: Barraskewda
|-resisted|p2a: Barraskewda
|-damage|p2a: Barraskewda|82/100
|-resisted|p2a: Barraskewda
|-damage|p2a: Barraskewda|65/100
|-resisted|p2a: Barraskewda
|-damage|p2a: Barraskewda|49/100
|-resisted|p2a: Barraskewda
|-damage|p2a: Barraskewda|32/100
|-hitcount|p2a: Barraskewda|4
|move|p2a: Barraskewda|Liquidation|p1a: Greninja
|-resisted|p1a: Greninja
|-damage|p1a: Greninja|0 fnt
|faint|p1a: Greninja
|
|-weather|RainDance|[upkeep]
|upkeep
|
|t:|1758343353
|switch|p1a: Kingambit|Kingambit, M|100/100
|-damage|p1a: Kingambit|94/100|[from] Stealth Rock
|-activate|p1a: Kingambit|ability: Supreme Overlord
|-start|p1a: Kingambit|fallen3|[silent]
|turn|19
|
|t:|1758343357
|switch|p2a: Toxicroak|Toxicroak, F|34/100
|move|p1a: Kingambit|Sucker Punch||[still]
|-fail|p1a: Kingambit
|
|-weather|RainDance|[upkeep]
|-heal|p2a: Toxicroak|46/100|[from] ability: Dry Skin
|-heal|p1a: Kingambit|100/100|[from] item: Leftovers
|upkeep
|turn|20
|
|t:|1758343361
|-terastallize|p1a: Kingambit|Ghost
|move|p2a: Toxicroak|Encore|p1a: Kingambit
|-start|p1a: Kingambit|Encore
|move|p1a: Kingambit|Sucker Punch||[still]
|-fail|p1a: Kingambit
|
|-weather|RainDance|[upkeep]
|-heal|p2a: Toxicroak|59/100|[from] ability: Dry Skin
|upkeep
|turn|21
|
|t:|1758343369
|-end|p1a: Kingambit|fallen3|[silent]
|switch|p1a: Blaziken|Blaziken, M|72/100 tox
|-damage|p1a: Blaziken|60/100 tox|[from] Stealth Rock
|move|p2a: Toxicroak|Toxic|p1a: Blaziken
|-fail|p1a: Blaziken|tox
|
|-weather|RainDance|[upkeep]
|-heal|p2a: Toxicroak|71/100|[from] ability: Dry Skin
|-heal|p1a: Blaziken|66/100 tox|[from] item: Leftovers
|-damage|p1a: Blaziken|60/100 tox|[from] psn
|upkeep
|turn|22
|
|t:|1758343376
|move|p1a: Blaziken|Detect|p1a: Blaziken
|-singleturn|p1a: Blaziken|Protect
|move|p2a: Toxicroak|Drain Punch|p1a: Blaziken
|-activate|p1a: Blaziken|move: Protect
|
|-weather|none
|-heal|p1a: Blaziken|66/100 tox|[from] item: Leftovers
|-damage|p1a: Blaziken|54/100 tox|[from] psn
|-ability|p1a: Blaziken|Speed Boost|boost
|-boost|p1a: Blaziken|spe|1
|upkeep
|turn|23
|
|t:|1758343381
|move|p1a: Blaziken|Flare Blitz|p2a: Toxicroak
|-damage|p2a: Toxicroak|0 fnt
|-damage|p1a: Blaziken|37/100 tox|[from] item: Rocky Helmet|[of] p2a: Toxicroak
|faint|p2a: Toxicroak
|-damage|p1a: Blaziken|8/100 tox|[from] Recoil
|
|-heal|p1a: Blaziken|14/100 tox|[from] item: Leftovers
|-damage|p1a: Blaziken|0 fnt|[from] psn
|faint|p1a: Blaziken
|upkeep
|
|t:|1758343392
|switch|p1a: Kingambit|Kingambit, M, tera:Ghost|100/100
|switch|p2a: Barraskewda|Barraskewda, F, tera:Water|32/100
|-damage|p1a: Kingambit|88/100|[from] Stealth Rock
|-activate|p1a: Kingambit|ability: Supreme Overlord
|-start|p1a: Kingambit|fallen4|[silent]
|turn|24
|
|t:|1758343396
|move|p2a: Barraskewda|Aqua Jet|p1a: Kingambit
|-damage|p1a: Kingambit|53/100
|move|p1a: Kingambit|Low Kick|p2a: Barraskewda
|-damage|p2a: Barraskewda|0 fnt
|faint|p2a: Barraskewda
|
|-heal|p1a: Kingambit|60/100|[from] item: Leftovers
|upkeep
|
|t:|1758343400
|switch|p2a: Iron Treads|Iron Treads|100/100
|turn|25
|
|t:|1758343403
|move|p2a: Iron Treads|Earthquake|p1a: Kingambit
|-damage|p1a: Kingambit|36/100
|move|p1a: Kingambit|Low Kick|p2a: Iron Treads
|-supereffective|p2a: Iron Treads
|-damage|p2a: Iron Treads|0 fnt
|faint|p2a: Iron Treads
|-end|p2a: Iron Treads|Quark Drive|[silent]
|
|win|KnightKnaveSpy
|raw|KnightKnaveSpy's rating: 1590 &rarr; <strong>1610</strong><br />(+20 for winning)
|raw|peakmindset's rating: 1588 &rarr; <strong>1568</strong><br />(-20 for losing)
|c|☆KnightKnaveSpy|Gg
|c|☆peakmindset|Gg
|l|☆KnightKnaveSpy
|player|p1|
|l|☆peakmindset
|player|p2|
