|badge|p2|bronze|gen9ou|100-6
|uhtml|medal-msg|<div class="broadcast-blue">Curious what those medals under the avatar are? PS now has Ladder Seasons! For more information, check out the <a href="https://www.smogon.com/forums/threads/3740067/">thread on Smogon.</a></div>
|j|☆miriasa
|j|☆omari p
|t:|1758262109
|gametype|singles
|player|p1|miriasa|marley|1675
|player|p2|omari p|pokemonrangerf|1788
|gen|9
|tier|[Gen 9] OU
|rated|
|rule|HP Percentage Mod: HP is shown in percentages
|rule|Endless Battle Clause: Forcing endless battles is banned
|rule|Species Clause: Limit one of each Pokémon
|rule|OHKO Clause: OHKO moves are banned
|rule|Evasion Items Clause: Evasion items are banned
|rule|Evasion Moves Clause: Evasion moves are banned
|rule|Evasion Abilities Clause: Evasion abilities are banned
|rule|Sleep Moves Clause: Sleep-inducing moves are banned
|clearpoke
|poke|p1|Hydrapple, F|
|poke|p1|Cinderace, F|
|poke|p1|Moltres|
|poke|p1|Iron Valiant|
|poke|p1|Ogerpon-Wellspring, F|
|poke|p1|Ting-Lu|
|poke|p2|Cinderace, M|
|poke|p2|Volcanion|
|poke|p2|Torkoal, M|
|poke|p2|Mandibuzz, F|
|poke|p2|Great Tusk|
|poke|p2|Fezandipiti, M|
|teampreview
|
|t:|1758262143
|teamsize|p1|6
|teamsize|p2|6
|start
|switch|p1a: Cinderace|Cinderace, F|100/100
|switch|p2a: Torkoal|Torkoal, M, shiny|100/100
|-weather|SunnyDay|[from] ability: Drought|[of] p2a: Torkoal
|turn|1
|inactive|Battle timer is ON: inactive players will automatically lose when time's up. (requested by miriasa)
|j| stanley garden
|
|t:|1758262165
|move|p1a: Cinderace|Taunt|p2a: Torkoal
|-start|p1a: Cinderace|typechange|Dark|[from] ability: Libero
|-start|p2a: Torkoal|move: Taunt
|cant|p2a: Torkoal|move: Taunt|Stealth Rock
|
|-weather|SunnyDay|[upkeep]
|upkeep
|turn|2
|
|t:|1758262173
|move|p1a: Cinderace|U-turn|p2a: Torkoal
|-resisted|p2a: Torkoal
|-damage|p2a: Torkoal|93/100
|
|t:|1758262176
|switch|p1a: Moltres|Moltres|100/100|[from] U-turn
|move|p2a: Torkoal|Fire Blast|p1a: Moltres
|-resisted|p1a: Moltres
|-damage|p1a: Moltres|70/100
|
|-weather|SunnyDay|[upkeep]
|upkeep
|turn|3
|c|☆omari p|taunt libero is insnae
|c|☆miriasa|lowk forgot i was libero
|
|t:|1758262190
|move|p1a: Moltres|U-turn|p2a: Torkoal
|-resisted|p2a: Torkoal
|-damage|p2a: Torkoal|88/100
|
|t:|1758262192
|switch|p1a: Cinderace|Cinderace, F|100/100|[from] U-turn
|move|p2a: Torkoal|Earth Power|p1a: Cinderace
|-supereffective|p1a: Cinderace
|-damage|p1a: Cinderace|33/100
|
|-weather|SunnyDay|[upkeep]
|-end|p2a: Torkoal|move: Taunt
|upkeep
|turn|4
|j| blulocks
|
|t:|1758262198
|move|p1a: Cinderace|U-turn|p2a: Torkoal
|-start|p1a: Cinderace|typechange|Bug|[from] ability: Libero
|-resisted|p2a: Torkoal
|-damage|p2a: Torkoal|76/100
|j| wgw2333
|
|t:|1758262202
|switch|p1a: Hydrapple|Hydrapple, F|100/100|[from] U-turn
|move|p2a: Torkoal|Fire Blast|p1a: Hydrapple
|-damage|p1a: Hydrapple|32/100
|
|-weather|SunnyDay|[upkeep]
|upkeep
|turn|5
|
|t:|1758262212
|switch|p1a: Ogerpon|Ogerpon-Wellspring, F|100/100
|switch|p2a: Chihiro|Fezandipiti, M|100/100
|
|-weather|SunnyDay|[upkeep]
|upkeep
|turn|6
|
|t:|1758262220
|switch|p1a: Moltres|Moltres|70/100
|move|p2a: Chihiro|Sludge Bomb|p1a: Moltres
|-damage|p1a: Moltres|34/100
|-status|p1a: Moltres|tox|[from] ability: Toxic Chain|[of] p2a: Chihiro
|
|-weather|SunnyDay|[upkeep]
|-damage|p1a: Moltres|28/100 tox|[from] psn
|upkeep
|turn|7
|
|t:|1758262230
|switch|p1a: Ting-Lu|Ting-Lu|100/100
|-ability|p1a: Ting-Lu|Vessel of Ruin
|move|p2a: Chihiro|Sludge Bomb|p1a: Ting-Lu
|-resisted|p1a: Ting-Lu
|-damage|p1a: Ting-Lu|94/100
|-status|p1a: Ting-Lu|tox|[from] ability: Toxic Chain|[of] p2a: Chihiro
|
|-weather|SunnyDay|[upkeep]
|-heal|p1a: Ting-Lu|99/100 tox|[from] item: Leftovers
|-damage|p1a: Ting-Lu|94/100 tox|[from] psn
|upkeep
|turn|8
|
|t:|1758262234
|switch|p2a: Omari P Bird|Mandibuzz, F, shiny|100/100
|move|p1a: Ting-Lu|Stealth Rock|p2a: Omari P Bird
|-sidestart|p2: omari p|move: Stealth Rock
|
|-weather|none
|-heal|p1a: Ting-Lu|99/100 tox|[from] item: Leftovers
|-damage|p1a: Ting-Lu|88/100 tox|[from] psn
|upkeep
|turn|9
|
|t:|1758262237
|switch|p1a: Moltres|Moltres|28/100 tox
|move|p2a: Omari P Bird|Defog|p1a: Moltres
|-unboost|p1a: Moltres|evasion|1
|-sideend|p2: omari p|Stealth Rock|[from] move: Defog|[of] p2a: Omari P Bird
|
|-damage|p1a: Moltres|22/100 tox|[from] psn
|upkeep
|turn|10
|
|t:|1758262241
|switch|p2a: Volcanion|Volcanion|100/100
|move|p1a: Moltres|U-turn|p2a: Volcanion
|-resisted|p2a: Volcanion
|-damage|p2a: Volcanion|94/100
|j| Zzroxy
|
|t:|1758262256
|switch|p1a: Ogerpon|Ogerpon-Wellspring, F|100/100|[from] U-turn
|
|upkeep
|turn|11
|c|☆omari p|u dojt kill btw
|c|☆omari p|just letting u know that ahead of time
|inactive|miriasa has 120 seconds left.
|
|t:|1758262297
|-terastallize|p1a: Ogerpon|Water
|detailschange|p1a: Ogerpon|Ogerpon-Wellspring-Tera, F, tera:Water
|-ability|p1a: Ogerpon|Embody Aspect (Wellspring)|boost
|-boost|p1a: Ogerpon|spd|1
|move|p1a: Ogerpon|Knock Off|p2a: Volcanion
|-damage|p2a: Volcanion|58/100
|-enditem|p2a: Volcanion|Choice Specs|[from] move: Knock Off|[of] p1a: Ogerpon
|move|p2a: Volcanion|Fire Blast|p1a: Ogerpon
|-resisted|p1a: Ogerpon
|-damage|p1a: Ogerpon|77/100
|
|upkeep
|turn|12
|inactive|omari p has 120 seconds left.
|inactive|omari p has 90 seconds left.
|j| p tnr black
|inactive|miriasa has 90 seconds left.
|inactive|omari p has 60 seconds left.
|inactive|omari p has 30 seconds left.
|inactive|omari p has 20 seconds left.
|inactive|omari p has 15 seconds left.
|inactive|omari p has 10 seconds left.
|inactive|omari p has 5 seconds left.
|-message|omari p lost due to inactivity.
|
|win|miriasa
|raw|miriasa's rating: 1675 &rarr; <strong>1701</strong><br />(+26 for winning)
|raw|omari p's rating: 1788 &rarr; <strong>1762</strong><br />(-26 for losing)
|l|☆miriasa
|player|p1|
|l|☆omari p
|player|p2|
|l| stanley garden
|l| blulocks
