|j|☆bigmas120
|j|☆obih
|t:|1758362946
|gametype|singles
|player|p1|bigmas120|sage|1159
|player|p2|obih|169|1104
|gen|9
|tier|[Gen 9] OU
|rated|
|rule|HP Percentage Mod: HP is shown in percentages
|rule|Endless Battle Clause: Forcing endless battles is banned
|rule|Species Clause: Limit one of each Pokémon
|rule|OHKO Clause: OHKO moves are banned
|rule|Evasion Items Clause: Evasion items are banned
|rule|Evasion Moves Clause: Evasion moves are banned
|rule|Evasion Abilities Clause: Evasion abilities are banned
|rule|Sleep Moves Clause: Sleep-inducing moves are banned
|clearpoke
|poke|p1|Hatterene, F|
|poke|p1|Quaquaval, M|
|poke|p1|Bronzong|
|poke|p1|Zapdos|
|poke|p1|Toxtricity, F|
|poke|p1|Blaziken, M|
|poke|p2|Toxapex, M|
|poke|p2|Dragonite, F|
|poke|p2|Blissey, F|
|poke|p2|Corviknight, M|
|poke|p2|Regirock|
|poke|p2|Arboliva, M|
|teampreview
|inactive|Battle timer is ON: inactive players will automatically lose when time's up. (requested by bigmas120)
|
|t:|1758362959
|teamsize|p1|6
|teamsize|p2|6
|start
|switch|p1a: Hatterene|Hatterene, F|100/100
|switch|p2a: Corviknight|Corviknight, M|100/100
|-ability|p2a: Corviknight|Pressure
|turn|1
|
|t:|1758362968
|move|p2a: Corviknight|U-turn|p1a: Hatterene
|-damage|p1a: Hatterene|87/100
|
|t:|1758362974
|switch|p2a: Blissey|Blissey, F|100/100|[from] U-turn
|move|p1a: Hatterene|Nuzzle|p2a: Blissey
|-damage|p2a: Blissey|92/100
|-status|p2a: Blissey|par
|
|-heal|p1a: Hatterene|93/100|[from] item: Leftovers
|-heal|p2a: Blissey|98/100 par|[from] item: Leftovers
|upkeep
|turn|2
|
|t:|1758362988
|move|p1a: Hatterene|Psyshock|p2a: Blissey
|-damage|p2a: Blissey|21/100 par
|move|p2a: Blissey|Heal Bell|p2a: Blissey
|-activate|p2a: Blissey|move: Heal Bell
|-curestatus|p2a: Blissey|par|[msg]
|
|-heal|p2a: Blissey|27/100|[from] item: Leftovers
|-heal|p1a: Hatterene|99/100|[from] item: Leftovers
|upkeep
|turn|3
|
|t:|1758363001
|switch|p2a: Arboliva|Arboliva, M|100/100
|move|p1a: Hatterene|Psyshock|p2a: Arboliva
|-damage|p2a: Arboliva|70/100
|
|-heal|p1a: Hatterene|100/100|[from] item: Leftovers
|upkeep
|turn|4
|
|t:|1758363015
|switch|p1a: Bronzong|Bronzong|100/100
|move|p2a: Arboliva|Light Screen|p2a: Arboliva
|-sidestart|p2: obih|move: Light Screen
|
|upkeep
|turn|5
|
|t:|1758363022
|move|p2a: Arboliva|Leech Seed|p1a: Bronzong
|-start|p1a: Bronzong|move: Leech Seed
|move|p1a: Bronzong|Iron Defense|p1a: Bronzong
|-boost|p1a: Bronzong|def|2
|
|-damage|p1a: Bronzong|88/100|[from] Leech Seed|[of] p2a: Arboliva
|-heal|p2a: Arboliva|79/100|[silent]
|upkeep
|turn|6
|
|t:|1758363032
|switch|p2a: Regirock|Regirock|100/100
|move|p1a: Bronzong|Iron Defense|p1a: Bronzong
|-boost|p1a: Bronzong|def|2
|
|-damage|p1a: Bronzong|76/100|[from] Leech Seed|[of] p2a: Regirock
|upkeep
|turn|7
|
|t:|1758363042
|move|p2a: Regirock|Iron Defense|p2a: Regirock
|-boost|p2a: Regirock|def|2
|move|p1a: Bronzong|Body Press|p2a: Regirock
|-supereffective|p2a: Regirock
|-damage|p2a: Regirock|66/100
|
|-heal|p2a: Regirock|72/100|[from] item: Leftovers
|-damage|p1a: Bronzong|64/100|[from] Leech Seed|[of] p2a: Regirock
|-heal|p2a: Regirock|82/100|[silent]
|upkeep
|turn|8
|
|t:|1758363056
|move|p2a: Regirock|Iron Defense|p2a: Regirock
|-boost|p2a: Regirock|def|2
|move|p1a: Bronzong|Body Press|p2a: Regirock
|-supereffective|p2a: Regirock
|-damage|p2a: Regirock|60/100
|
|-heal|p2a: Regirock|66/100|[from] item: Leftovers
|-damage|p1a: Bronzong|51/100|[from] Leech Seed|[of] p2a: Regirock
|-heal|p2a: Regirock|75/100|[silent]
|-sideend|p2: obih|move: Light Screen
|upkeep
|turn|9
|
|t:|1758363067
|move|p2a: Regirock|Iron Defense|p2a: Regirock
|-boost|p2a: Regirock|def|2
|move|p1a: Bronzong|Body Press|p2a: Regirock
|-supereffective|p2a: Regirock
|-damage|p2a: Regirock|59/100
|
|-heal|p2a: Regirock|65/100|[from] item: Leftovers
|-damage|p1a: Bronzong|39/100|[from] Leech Seed|[of] p2a: Regirock
|-heal|p2a: Regirock|75/100|[silent]
|upkeep
|turn|10
|
|t:|1758363078
|move|p2a: Regirock|Body Press|p1a: Bronzong
|-damage|p1a: Bronzong|0 fnt
|-damage|p2a: Regirock|58/100|[from] item: Rocky Helmet|[of] p1a: Bronzong
|faint|p1a: Bronzong
|
|-heal|p2a: Regirock|64/100|[from] item: Leftovers
|upkeep
|inactive|bigmas120 has 120 seconds left.
|
|t:|1758363107
|switch|p1a: Blaziken|Blaziken, M|100/100
|turn|11
|
|t:|1758363113
|move|p1a: Blaziken|Protect|p1a: Blaziken
|-singleturn|p1a: Blaziken|Protect
|move|p2a: Regirock|Body Press|p1a: Blaziken
|-activate|p1a: Blaziken|move: Protect
|
|-heal|p2a: Regirock|70/100|[from] item: Leftovers
|-ability|p1a: Blaziken|Speed Boost|boost
|-boost|p1a: Blaziken|spe|1
|upkeep
|turn|12
|
|t:|1758363124
|move|p1a: Blaziken|Overheat|p2a: Regirock
|-resisted|p2a: Regirock
|-damage|p2a: Regirock|43/100
|-unboost|p1a: Blaziken|spa|2
|move|p2a: Regirock|Body Press|p1a: Blaziken
|-damage|p1a: Blaziken|0 fnt
|faint|p1a: Blaziken
|
|-heal|p2a: Regirock|49/100|[from] item: Leftovers
|upkeep
|
|t:|1758363135
|switch|p1a: Hatterene|Hatterene, F|100/100
|turn|13
|
|t:|1758363143
|move|p2a: Regirock|Protect|p2a: Regirock
|-singleturn|p2a: Regirock|Protect
|move|p1a: Hatterene|Dazzling Gleam|p2a: Regirock
|-activate|p2a: Regirock|move: Protect
|
|-heal|p2a: Regirock|55/100|[from] item: Leftovers
|upkeep
|turn|14
|
|t:|1758363152
|switch|p2a: Arboliva|Arboliva, M|79/100
|move|p1a: Hatterene|Nuzzle|p2a: Arboliva
|-resisted|p2a: Arboliva
|-damage|p2a: Arboliva|77/100
|-status|p2a: Arboliva|par
|
|upkeep
|turn|15
|
|t:|1758363174
|move|p1a: Hatterene|Dazzling Gleam|p2a: Arboliva
|-damage|p2a: Arboliva|48/100 par
|cant|p2a: Arboliva|par
|
|upkeep
|turn|16
|
|t:|1758363181
|move|p1a: Hatterene|Psyshock|p2a: Arboliva
|-damage|p2a: Arboliva|19/100 par
|-enditem|p2a: Arboliva|Aguav Berry|[eat]
|-heal|p2a: Arboliva|53/100 par|[from] item: Aguav Berry
|move|p2a: Arboliva|Mirror Coat|p1a: Hatterene
|-damage|p1a: Hatterene|38/100
|
|-heal|p1a: Hatterene|44/100|[from] item: Leftovers
|-item|p2a: Arboliva|Aguav Berry|[from] ability: Harvest
|upkeep
|turn|17
|
|t:|1758363194
|switch|p1a: Quaquaval|Quaquaval, M|100/100
|move|p2a: Arboliva|Light Screen|p2a: Arboliva
|-sidestart|p2: obih|move: Light Screen
|
|upkeep
|turn|18
|
|t:|1758363202
|move|p1a: Quaquaval|Triple Axel|p2a: Arboliva
|-supereffective|p2a: Arboliva
|-crit|p2a: Arboliva
|-damage|p2a: Arboliva|32/100 par
|-supereffective|p2a: Arboliva
|-damage|p2a: Arboliva|5/100 par
|-enditem|p2a: Arboliva|Aguav Berry|[eat]
|-heal|p2a: Arboliva|39/100 par|[from] item: Aguav Berry
|-supereffective|p2a: Arboliva
|-damage|p2a: Arboliva|2/100 par
|-hitcount|p2a: Arboliva|3
|move|p2a: Arboliva|Strength Sap|p1a: Quaquaval
|-unboost|p1a: Quaquaval|atk|1
|-heal|p2a: Arboliva|99/100 par
|
|-item|p2a: Arboliva|Aguav Berry|[from] ability: Harvest
|upkeep
|turn|19
|
|t:|1758363221
|move|p1a: Quaquaval|Triple Axel|p2a: Arboliva
|-supereffective|p2a: Arboliva
|-damage|p2a: Arboliva|89/100 par
|-supereffective|p2a: Arboliva
|-damage|p2a: Arboliva|72/100 par
|-supereffective|p2a: Arboliva
|-damage|p2a: Arboliva|46/100 par
|-hitcount|p2a: Arboliva|3
|cant|p2a: Arboliva|par
|
|upkeep
|turn|20
|
|t:|1758363233
|switch|p2a: Corviknight|Corviknight, M|100/100
|-ability|p2a: Corviknight|Pressure
|move|p1a: Quaquaval|Triple Axel|p2a: Corviknight
|-damage|p2a: Corviknight|97/100
|-damage|p2a: Corviknight|92/100
|-damage|p2a: Corviknight|85/100
|-hitcount|p2a: Corviknight|3
|
|-heal|p2a: Corviknight|91/100|[from] item: Leftovers
|upkeep
|turn|21
|
|t:|1758363249
|switch|p1a: Zapdos|Zapdos|100/100
|move|p2a: Corviknight|Iron Defense|p2a: Corviknight
|-boost|p2a: Corviknight|def|2
|
|-heal|p2a: Corviknight|97/100|[from] item: Leftovers
|-sideend|p2: obih|move: Light Screen
|upkeep
|turn|22
|
|t:|1758363262
|switch|p2a: Blissey|Blissey, F|27/100
|-terastallize|p1a: Zapdos|Electric
|move|p1a: Zapdos|Tera Blast|p2a: Blissey|[anim] Tera Blast Electric
|-damage|p2a: Blissey|1/100
|
|-heal|p2a: Blissey|7/100|[from] item: Leftovers
|upkeep
|turn|23
|
|t:|1758363274
|move|p1a: Zapdos|Tera Blast|p2a: Blissey|[anim] Tera Blast Electric
|-damage|p2a: Blissey|0 fnt
|faint|p2a: Blissey
|
|upkeep
|
|t:|1758363281
|switch|p2a: Toxapex|Toxapex, M|100/100
|turn|24
|
|t:|1758363286
|move|p1a: Zapdos|Tera Blast|p2a: Toxapex|[anim] Tera Blast Electric
|-supereffective|p2a: Toxapex
|-damage|p2a: Toxapex|0 fnt
|faint|p2a: Toxapex
|
|upkeep
|
|t:|1758363299
|switch|p2a: Arboliva|Arboliva, M|46/100 par
|turn|25
|
|t:|1758363305
|switch|p1a: Hatterene|Hatterene, F|44/100
|move|p2a: Arboliva|Mirror Coat||[still]
|-fail|p2a: Arboliva
|
|-heal|p1a: Hatterene|50/100|[from] item: Leftovers
|upkeep
|turn|26
|
|t:|1758363317
|switch|p1a: Toxtricity|Toxtricity, F|100/100
|cant|p2a: Arboliva|par
|
|upkeep
|turn|27
|
|t:|1758363323
|move|p1a: Toxtricity|Sludge Wave|p2a: Arboliva
|-supereffective|p2a: Arboliva
|-damage|p2a: Arboliva|0 fnt
|faint|p2a: Arboliva
|
|upkeep
|
|t:|1758363330
|switch|p2a: Dragonite|Dragonite, F|100/100
|turn|28
|
|t:|1758363334
|move|p2a: Dragonite|Dragon Dance|p2a: Dragonite
|-boost|p2a: Dragonite|atk|1
|-boost|p2a: Dragonite|spe|1
|move|p1a: Toxtricity|Shift Gear|p1a: Toxtricity
|-boost|p1a: Toxtricity|spe|2
|-boost|p1a: Toxtricity|atk|1
|
|upkeep
|turn|29
|
|t:|1758363351
|move|p1a: Toxtricity|Overdrive|p2a: Dragonite
|-damage|p2a: Dragonite|74/100
|-enditem|p1a: Toxtricity|Throat Spray
|-boost|p1a: Toxtricity|spa|1|[from] item: Throat Spray
|move|p2a: Dragonite|Dragon Dance|p2a: Dragonite
|-boost|p2a: Dragonite|atk|1
|-boost|p2a: Dragonite|spe|1
|
|upkeep
|turn|30
|
|t:|1758363361
|-terastallize|p2a: Dragonite|Ground
|move|p2a: Dragonite|Dragon Dance|p2a: Dragonite
|-boost|p2a: Dragonite|atk|1
|-boost|p2a: Dragonite|spe|1
|move|p1a: Toxtricity|Boomburst|p2a: Dragonite
|-damage|p2a: Dragonite|0 fnt
|faint|p2a: Dragonite
|
|upkeep
|-message|obih forfeited.
|
|win|bigmas120
|raw|bigmas120's rating: 1159 &rarr; <strong>1180</strong><br />(+21 for winning)
|raw|obih's rating: 1104 &rarr; <strong>1083</strong><br />(-21 for losing)
|l|☆obih
|player|p2|
|l|☆bigmas120
|player|p1|
