|badge|p1|bronze|gen9ou|100-6
|uhtml|medal-msg|<div class="broadcast-blue">Curious what those medals under the avatar are? PS now has Ladder Seasons! For more information, check out the <a href="https://www.smogon.com/forums/threads/3740067/">thread on Smogon.</a></div>
|j|☆Mr Tpen
|j|☆RoaringMoonlight2
|t:|1758315382
|gametype|singles
|player|p1|Mr Tpen|169|1850
|player|p2|RoaringMoonlight2|unknown|1769
|gen|9
|tier|[Gen 9] OU
|rated|
|rule|HP Percentage Mod: HP is shown in percentages
|rule|Endless Battle Clause: Forcing endless battles is banned
|rule|Species Clause: Limit one of each Pokémon
|rule|OHKO Clause: OHKO moves are banned
|rule|Evasion Items Clause: Evasion items are banned
|rule|Evasion Moves Clause: Evasion moves are banned
|rule|Evasion Abilities Clause: Evasion abilities are banned
|rule|Sleep Moves Clause: Sleep-inducing moves are banned
|clearpoke
|poke|p1|Enamorus, F|
|poke|p1|Kyurem|
|poke|p1|Landorus-Therian, M|
|poke|p1|Kingambit, F|
|poke|p1|Ogerpon-Wellspring, F|
|poke|p1|Glimmora, F|
|poke|p2|Glimmora, M|
|poke|p2|Iron Valiant|
|poke|p2|Raging Bolt|
|poke|p2|Ogerpon-Wellspring, F|
|poke|p2|Kingambit, F|
|poke|p2|Ceruledge, F|
|teampreview
|inactive|Battle timer is ON: inactive players will automatically lose when time's up. (requested by RoaringMoonlight2)
|
|t:|1758315392
|teamsize|p1|6
|teamsize|p2|6
|start
|switch|p1a: Landorus|Landorus-Therian, M|100/100
|switch|p2a: Masqurécage|Ogerpon-Wellspring, F|100/100
|-ability|p1a: Landorus|Intimidate|boost
|-unboost|p2a: Masqurécage|atk|1
|turn|1
|
|t:|1758315398
|move|p2a: Masqurécage|Ivy Cudgel|p1a: Landorus|[anim] Ivy Cudgel Water
|-supereffective|p1a: Landorus
|-damage|p1a: Landorus|29/100
|move|p1a: Landorus|Stealth Rock|p2a: Masqurécage
|-sidestart|p2: RoaringMoonlight2|move: Stealth Rock
|
|upkeep
|turn|2
|
|t:|1758315403
|switch|p1a: Kyurem|Kyurem|100/100
|-ability|p1a: Kyurem|Pressure
|move|p2a: Masqurécage|Power Whip|p1a: Kyurem
|-resisted|p1a: Kyurem
|-damage|p1a: Kyurem|77/100
|
|upkeep
|turn|3
|
|t:|1758315408
|switch|p2a: Général 50/50|Kingambit, F|100/100
|-damage|p2a: Général 50/50|94/100|[from] Stealth Rock
|move|p1a: Kyurem|Freeze-Dry|p2a: Général 50/50
|-resisted|p2a: Général 50/50
|-damage|p2a: Général 50/50|71/100
|
|upkeep
|turn|4
|
|t:|1758315413
|switch|p1a: Landorus|Landorus-Therian, M|29/100
|-ability|p1a: Landorus|Intimidate|boost
|-unboost|p2a: Général 50/50|atk|1
|move|p2a: Général 50/50|Low Kick|p1a: Landorus
|-resisted|p1a: Landorus
|-damage|p1a: Landorus|20/100
|-damage|p2a: Général 50/50|54/100|[from] item: Rocky Helmet|[of] p1a: Landorus
|
|upkeep
|turn|5
|
|t:|1758315417
|move|p2a: Général 50/50|Sucker Punch|p1a: Landorus
|-damage|p1a: Landorus|0 fnt
|-damage|p2a: Général 50/50|38/100|[from] item: Rocky Helmet|[of] p1a: Landorus
|faint|p1a: Landorus
|
|upkeep
|
|t:|1758315422
|switch|p1a: Enamorus|Enamorus, F|100/100
|turn|6
|
|t:|1758315426
|move|p1a: Enamorus|Earth Power|p2a: Général 50/50
|-supereffective|p2a: Général 50/50
|-damage|p2a: Général 50/50|0 fnt
|faint|p2a: Général 50/50
|-end|p2a: Général 50/50|fallenundefined|[silent]
|
|upkeep
|
|t:|1758315431
|switch|p2a: Masqurécage|Ogerpon-Wellspring, F|100/100
|-damage|p2a: Masqurécage|88/100|[from] Stealth Rock
|turn|7
|
|t:|1758315435
|move|p2a: Masqurécage|Swords Dance|p2a: Masqurécage
|-boost|p2a: Masqurécage|atk|2
|move|p1a: Enamorus|Moonblast|p2a: Masqurécage
|-damage|p2a: Masqurécage|31/100
|-unboost|p2a: Masqurécage|spa|1
|
|upkeep
|turn|8
|
|t:|1758315440
|switch|p1a: Kyurem|Kyurem|77/100
|-ability|p1a: Kyurem|Pressure
|move|p2a: Masqurécage|Power Whip|p1a: Kyurem
|-resisted|p1a: Kyurem
|-damage|p1a: Kyurem|9/100
|
|upkeep
|turn|9
|
|t:|1758315443
|move|p1a: Kyurem|Freeze-Dry|p2a: Masqurécage
|-supereffective|p2a: Masqurécage
|-damage|p2a: Masqurécage|0 fnt
|faint|p2a: Masqurécage
|
|upkeep
|
|t:|1758315446
|switch|p2a: Fleur de Cuivre|Glimmora, M|100/100
|-damage|p2a: Fleur de Cuivre|88/100|[from] Stealth Rock
|turn|10
|
|t:|1758315475
|move|p1a: Kyurem|Freeze-Dry|p2a: Fleur de Cuivre
|-crit|p2a: Fleur de Cuivre
|-damage|p2a: Fleur de Cuivre|13/100
|move|p2a: Fleur de Cuivre|Mortal Spin|p1a: Kyurem
|-damage|p1a: Kyurem|3/100
|-status|p1a: Kyurem|psn
|-sideend|p2: RoaringMoonlight2|Stealth Rock|[from] move: Mortal Spin|[of] p2a: Fleur de Cuivre
|
|-damage|p1a: Kyurem|0 fnt|[from] psn
|faint|p1a: Kyurem
|upkeep
|
|t:|1758315479
|switch|p1a: Enamorus|Enamorus, F|100/100
|turn|11
|
|t:|1758315482
|move|p1a: Enamorus|Moonblast|p2a: Fleur de Cuivre
|-resisted|p2a: Fleur de Cuivre
|-damage|p2a: Fleur de Cuivre|0 fnt
|faint|p2a: Fleur de Cuivre
|
|upkeep
|
|t:|1758315486
|switch|p2a: Escrameur|Ceruledge, F|100/100
|turn|12
|
|t:|1758315491
|move|p1a: Enamorus|Earth Power|p2a: Escrameur
|-supereffective|p2a: Escrameur
|-damage|p2a: Escrameur|25/100
|move|p2a: Escrameur|Poltergeist|p1a: Enamorus
|-activate|p1a: Enamorus|move: Poltergeist|Heavy-Duty Boots
|-damage|p1a: Enamorus|16/100
|
|upkeep
|turn|13
|
|t:|1758315495
|switch|p1a: Glimmora|Glimmora, F|100/100
|move|p2a: Escrameur|Shadow Sneak|p1a: Glimmora
|-damage|p1a: Glimmora|84/100
|-activate|p1a: Glimmora|ability: Toxic Debris
|-sidestart|p2: RoaringMoonlight2|move: Toxic Spikes
|-enditem|p1a: Glimmora|Red Card|[of] p2a: Escrameur
|drag|p2a: Terminator|Iron Valiant|100/100
|-status|p2a: Terminator|psn
|-enditem|p2a: Terminator|Booster Energy
|-activate|p2a: Terminator|ability: Quark Drive|[fromitem]
|-start|p2a: Terminator|quarkdrivespe
|
|-damage|p2a: Terminator|88/100 psn|[from] psn
|upkeep
|turn|14
|
|t:|1758315501
|move|p2a: Terminator|Psyshock|p1a: Glimmora
|-supereffective|p1a: Glimmora
|-damage|p1a: Glimmora|42/100
|move|p1a: Glimmora|Earth Power|p2a: Terminator
|-damage|p2a: Terminator|45/100 psn
|
|-damage|p2a: Terminator|33/100 psn|[from] psn
|upkeep
|turn|15
|
|t:|1758315514
|move|p2a: Terminator|Focus Blast|p1a: Glimmora
|-damage|p1a: Glimmora|0 fnt
|faint|p1a: Glimmora
|
|-damage|p2a: Terminator|21/100 psn|[from] psn
|upkeep
|
|t:|1758315522
|switch|p1a: Ogerpon|Ogerpon-Wellspring, F|100/100
|turn|16
|
|t:|1758315525
|move|p2a: Terminator|Moonblast|p1a: Ogerpon
|-damage|p1a: Ogerpon|45/100
|-unboost|p1a: Ogerpon|spa|1
|move|p1a: Ogerpon|Ivy Cudgel|p2a: Terminator|[anim] Ivy Cudgel Water
|-damage|p2a: Terminator|0 fnt
|faint|p2a: Terminator
|-end|p2a: Terminator|Quark Drive|[silent]
|
|upkeep
|inactive|RoaringMoonlight2 has 120 seconds left.
|
|t:|1758315582
|switch|p2a: Raille-Cou|Raging Bolt|100/100
|-status|p2a: Raille-Cou|psn
|turn|17
|
|t:|1758315585
|move|p1a: Ogerpon|Taunt|p2a: Raille-Cou
|-start|p2a: Raille-Cou|move: Taunt
|move|p2a: Raille-Cou|Thunderbolt|p1a: Ogerpon
|-damage|p1a: Ogerpon|0 fnt
|faint|p1a: Ogerpon
|
|-damage|p2a: Raille-Cou|88/100 psn|[from] psn
|upkeep
|
|t:|1758315589
|switch|p1a: Enamorus|Enamorus, F|16/100
|turn|18
|
|t:|1758315592
|move|p2a: Raille-Cou|Thunderclap|p1a: Enamorus
|-supereffective|p1a: Enamorus
|-damage|p1a: Enamorus|0 fnt
|faint|p1a: Enamorus
|
|-heal|p2a: Raille-Cou|94/100 psn|[from] item: Leftovers
|-damage|p2a: Raille-Cou|82/100 psn|[from] psn
|upkeep
|
|t:|1758315593
|switch|p1a: Kingambit|Kingambit, F|100/100
|-activate|p1a: Kingambit|ability: Supreme Overlord
|-start|p1a: Kingambit|fallen5|[silent]
|-item|p1a: Kingambit|Air Balloon
|turn|19
|
|t:|1758315598
|-terastallize|p2a: Raille-Cou|Fairy
|move|p2a: Raille-Cou|Thunderbolt|p1a: Kingambit
|-damage|p1a: Kingambit|36/100
|-enditem|p1a: Kingambit|Air Balloon
|move|p1a: Kingambit|Low Kick|p2a: Raille-Cou
|-resisted|p2a: Raille-Cou
|-damage|p2a: Raille-Cou|53/100 psn
|
|-heal|p2a: Raille-Cou|59/100 psn|[from] item: Leftovers
|-damage|p2a: Raille-Cou|47/100 psn|[from] psn
|-end|p2a: Raille-Cou|move: Taunt
|upkeep
|turn|20
|c|☆RoaringMoonlight2|gg
|
|t:|1758315605
|move|p2a: Raille-Cou|Thunderclap|p1a: Kingambit
|-damage|p1a: Kingambit|0 fnt
|faint|p1a: Kingambit
|-end|p1a: Kingambit|fallen5|[silent]
|
|win|RoaringMoonlight2
|raw|Mr Tpen's rating: 1850 &rarr; <strong>1825</strong><br />(-25 for losing)
|raw|RoaringMoonlight2's rating: 1769 &rarr; <strong>1794</strong><br />(+25 for winning)
|l|☆Mr Tpen
|player|p1|
|l|☆RoaringMoonlight2
|player|p2|
