|j|☆BBT94
|j|☆sunny dancing
|t:|1758366336
|gametype|singles
|player|p1|BBT94|101|1683
|player|p2|sunny dancing|101|1742
|gen|9
|tier|[Gen 9] OU
|rated|
|rule|HP Percentage Mod: HP is shown in percentages
|rule|Endless Battle Clause: Forcing endless battles is banned
|rule|Species Clause: Limit one of each Pokémon
|rule|OHKO Clause: OHKO moves are banned
|rule|Evasion Items Clause: Evasion items are banned
|rule|Evasion Moves Clause: Evasion moves are banned
|rule|Evasion Abilities Clause: Evasion abilities are banned
|rule|Sleep Moves Clause: Sleep-inducing moves are banned
|clearpoke
|poke|p1|Great Tusk|
|poke|p1|Dragapult, F|
|poke|p1|Alomomola, M|
|poke|p1|Slowking-Galar, M|
|poke|p1|Kingambit, M|
|poke|p1|Enamorus, F|
|poke|p2|Ogerpon-Wellspring, F|
|poke|p2|Slowking-Galar, F|
|poke|p2|Great Tusk|
|poke|p2|Moltres|
|poke|p2|Dragapult, M|
|poke|p2|Kingambit, F|
|teampreview
|inactive|Battle timer is ON: inactive players will automatically lose when time's up. (requested by sunny dancing)
|inactive|BBT94 also wants the timer to be on.
|
|t:|1758366346
|teamsize|p1|6
|teamsize|p2|6
|start
|switch|p1a: Great Tusk|Great Tusk|100/100
|switch|p2a: Kingambit|Kingambit, F|100/100
|-enditem|p1a: Great Tusk|Booster Energy
|-activate|p1a: Great Tusk|ability: Protosynthesis|[fromitem]
|-start|p1a: Great Tusk|protosynthesisspe
|turn|1
|
|t:|1758366353
|-end|p2a: Kingambit|fallenundefined|[silent]
|switch|p2a: Moltres|Moltres|100/100
|move|p1a: Great Tusk|Stealth Rock|p2a: Moltres
|-sidestart|p2: sunny dancing|move: Stealth Rock
|
|upkeep
|turn|2
|
|t:|1758366359
|move|p1a: Great Tusk|Knock Off|p2a: Moltres
|-damage|p2a: Moltres|83/100
|-enditem|p2a: Moltres|Heavy-Duty Boots|[from] move: Knock Off|[of] p1a: Great Tusk
|move|p2a: Moltres|U-turn|p1a: Great Tusk
|-resisted|p1a: Great Tusk
|-damage|p1a: Great Tusk|96/100
|
|t:|1758366368
|switch|p2a: Ogerpon|Ogerpon-Wellspring, F|100/100|[from] U-turn
|-damage|p2a: Ogerpon|88/100|[from] Stealth Rock
|
|upkeep
|turn|3
|
|t:|1758366374
|move|p1a: Great Tusk|Knock Off|p2a: Ogerpon
|-damage|p2a: Ogerpon|62/100
|move|p2a: Ogerpon|Ivy Cudgel|p1a: Great Tusk|[anim] Ivy Cudgel Water
|-supereffective|p1a: Great Tusk
|-damage|p1a: Great Tusk|20/100
|
|upkeep
|turn|4
|
|t:|1758366382
|move|p1a: Great Tusk|Headlong Rush|p2a: Ogerpon
|-resisted|p2a: Ogerpon
|-damage|p2a: Ogerpon|29/100
|-unboost|p1a: Great Tusk|def|1
|-unboost|p1a: Great Tusk|spd|1
|move|p2a: Ogerpon|U-turn|p1a: Great Tusk
|-resisted|p1a: Great Tusk
|-damage|p1a: Great Tusk|8/100
|
|t:|1758366389
|switch|p2a: Kingambit|Kingambit, F|100/100|[from] U-turn
|-damage|p2a: Kingambit|94/100|[from] Stealth Rock
|
|-heal|p2a: Kingambit|100/100|[from] item: Leftovers
|upkeep
|turn|5
|
|t:|1758366396
|-end|p1a: Great Tusk|Protosynthesis|[silent]
|switch|p1a: Kingambit|Kingambit, M|100/100
|move|p2a: Kingambit|Sucker Punch||[still]
|-fail|p2a: Kingambit
|
|upkeep
|turn|6
|j| firecharmander004
|
|t:|1758366402
|move|p1a: Kingambit|Low Kick|p2a: Kingambit
|-supereffective|p2a: Kingambit
|-damage|p2a: Kingambit|0 fnt
|faint|p2a: Kingambit
|-end|p2a: Kingambit|fallenundefined|[silent]
|
|upkeep
|
|t:|1758366413
|switch|p2a: Great Tusk|Great Tusk|100/100
|-damage|p2a: Great Tusk|98/100|[from] Stealth Rock
|turn|7
|
|t:|1758366419
|-end|p1a: Kingambit|fallenundefined|[silent]
|switch|p1a: Dragapult|Dragapult, F|100/100
|move|p2a: Great Tusk|Ice Spinner|p1a: Dragapult
|-supereffective|p1a: Dragapult
|-damage|p1a: Dragapult|22/100
|
|upkeep
|turn|8
|
|t:|1758366429
|-end|p2a: Great Tusk|Protosynthesis|[silent]
|switch|p2a: Ogerpon|Ogerpon-Wellspring, F|29/100
|-damage|p2a: Ogerpon|16/100|[from] Stealth Rock
|move|p1a: Dragapult|U-turn|p2a: Ogerpon
|-supereffective|p2a: Ogerpon
|-damage|p2a: Ogerpon|0 fnt
|faint|p2a: Ogerpon
|
|t:|1758366436
|switch|p1a: Alomomola|Alomomola, M|100/100|[from] U-turn
|
|upkeep
|
|t:|1758366442
|switch|p2a: Slowking|Slowking-Galar, F|100/100
|-damage|p2a: Slowking|88/100|[from] Stealth Rock
|turn|9
|
|t:|1758366449
|move|p1a: Alomomola|Wish|p1a: Alomomola
|move|p2a: Slowking|Ice Beam|p1a: Alomomola
|-resisted|p1a: Alomomola
|-damage|p1a: Alomomola|84/100
|
|upkeep
|turn|10
|
|t:|1758366459
|move|p1a: Alomomola|Flip Turn|p2a: Slowking
|-damage|p2a: Slowking|73/100
|
|t:|1758366462
|switch|p1a: Kingambit|Kingambit, M|100/100|[from] Flip Turn
|move|p2a: Slowking|Ice Beam|p1a: Kingambit
|-resisted|p1a: Kingambit
|-damage|p1a: Kingambit|83/100
|-status|p1a: Kingambit|frz
|
|-heal|p1a: Kingambit|100/100 frz|[from] move: Wish|[wisher] Alomomola
|upkeep
|turn|11
|j| wgw2333
|
|t:|1758366473
|cant|p1a: Kingambit|frz
|move|p2a: Slowking|Flamethrower|p1a: Kingambit
|-supereffective|p1a: Kingambit
|-damage|p1a: Kingambit|36/100 frz
|-curestatus|p1a: Kingambit|frz|[msg]
|
|-heal|p1a: Kingambit|42/100|[from] item: Leftovers
|upkeep
|turn|12
|
|t:|1758366481
|switch|p2a: Great Tusk|Great Tusk|98/100
|-damage|p2a: Great Tusk|95/100|[from] Stealth Rock
|move|p1a: Kingambit|Kowtow Cleave|p2a: Great Tusk
|-resisted|p2a: Great Tusk
|-damage|p2a: Great Tusk|75/100
|-damage|p1a: Kingambit|26/100|[from] item: Rocky Helmet|[of] p2a: Great Tusk
|
|-heal|p1a: Kingambit|32/100|[from] item: Leftovers
|upkeep
|turn|13
|
|t:|1758366489
|-end|p1a: Kingambit|fallenundefined|[silent]
|switch|p1a: Alomomola|Alomomola, M|100/100
|move|p2a: Great Tusk|Stealth Rock|p1a: Alomomola
|-sidestart|p1: BBT94|move: Stealth Rock
|
|upkeep
|turn|14
|
|t:|1758366495
|-end|p2a: Great Tusk|Protosynthesis|[silent]
|switch|p2a: Slowking|Slowking-Galar, F|100/100
|-damage|p2a: Slowking|88/100|[from] Stealth Rock
|move|p1a: Alomomola|Wish|p1a: Alomomola
|
|upkeep
|turn|15
|
|t:|1758366502
|move|p1a: Alomomola|Flip Turn|p2a: Slowking
|-damage|p2a: Slowking|73/100
|
|t:|1758366510
|switch|p1a: Enamorus|Enamorus, F|100/100|[from] Flip Turn
|move|p2a: Slowking|Flamethrower|p1a: Enamorus
|-damage|p1a: Enamorus|61/100
|
|-heal|p1a: Enamorus|100/100|[from] move: Wish|[wisher] Alomomola
|upkeep
|turn|16
|
|t:|1758366519
|switch|p2a: Great Tusk|Great Tusk|75/100
|-damage|p2a: Great Tusk|72/100|[from] Stealth Rock
|move|p1a: Enamorus|Healing Wish|p1a: Enamorus
|faint|p1a: Enamorus
|
|upkeep
|
|t:|1758366524
|switch|p1a: Great Tusk|Great Tusk|8/100
|-heal|p1a: Great Tusk|100/100|[from] move: Healing Wish
|-damage|p1a: Great Tusk|98/100|[from] Stealth Rock
|turn|17
|
|t:|1758366531
|move|p2a: Great Tusk|Rapid Spin|p1a: Great Tusk
|-crit|p1a: Great Tusk
|-damage|p1a: Great Tusk|81/100
|-boost|p2a: Great Tusk|spe|1
|-sideend|p2: sunny dancing|Stealth Rock|[from] move: Rapid Spin|[of] p2a: Great Tusk
|move|p1a: Great Tusk|Knock Off|p2a: Great Tusk
|-resisted|p2a: Great Tusk
|-damage|p2a: Great Tusk|62/100
|-damage|p1a: Great Tusk|65/100|[from] item: Rocky Helmet|[of] p2a: Great Tusk
|-enditem|p2a: Great Tusk|Rocky Helmet|[from] move: Knock Off|[of] p1a: Great Tusk
|
|upkeep
|turn|18
|
|t:|1758366538
|-end|p2a: Great Tusk|Protosynthesis|[silent]
|switch|p2a: Slowking|Slowking-Galar, F|100/100
|move|p1a: Great Tusk|Rapid Spin|p2a: Slowking
|-damage|p2a: Slowking|87/100
|-boost|p1a: Great Tusk|spe|1
|-sideend|p1: BBT94|Stealth Rock|[from] move: Rapid Spin|[of] p1a: Great Tusk
|
|upkeep
|turn|19
|
|t:|1758366545
|switch|p2a: Moltres|Moltres|83/100
|move|p1a: Great Tusk|Stealth Rock|p2a: Moltres
|-sidestart|p2: sunny dancing|move: Stealth Rock
|
|upkeep
|turn|20
|
|t:|1758366551
|-end|p1a: Great Tusk|Protosynthesis|[silent]
|switch|p1a: Alomomola|Alomomola, M|100/100
|move|p2a: Moltres|Roost|p2a: Moltres
|-heal|p2a: Moltres|100/100
|-singleturn|p2a: Moltres|move: Roost
|
|upkeep
|turn|21
|
|t:|1758366558
|move|p1a: Alomomola|Flip Turn|p2a: Moltres
|-supereffective|p2a: Moltres
|-damage|p2a: Moltres|80/100
|-status|p1a: Alomomola|brn|[from] ability: Flame Body|[of] p2a: Moltres
|
|t:|1758366562
|switch|p1a: Great Tusk|Great Tusk|65/100|[from] Flip Turn
|move|p2a: Moltres|Roar|p1a: Great Tusk
|-end|p1a: Great Tusk|Protosynthesis|[silent]
|drag|p1a: Slowking|Slowking-Galar, M|100/100
|
|upkeep
|turn|22
|
|t:|1758366569
|switch|p2a: Great Tusk|Great Tusk|62/100
|-damage|p2a: Great Tusk|59/100|[from] Stealth Rock
|-prepare|p1a: Slowking|Chilly Reception|[premajor]
|move|p1a: Slowking|Chilly Reception|p1a: Slowking
|-weather|Snowscape
|j| Disscratch
|
|t:|1758366572
|switch|p1a: Alomomola|Alomomola, M|100/100 brn|[from] Chilly Reception
|
|-weather|Snowscape|[upkeep]
|-damage|p1a: Alomomola|94/100 brn|[from] brn
|upkeep
|turn|23
|
|t:|1758366578
|move|p2a: Great Tusk|Rapid Spin|p1a: Alomomola
|-damage|p1a: Alomomola|85/100 brn
|-boost|p2a: Great Tusk|spe|1
|-sideend|p2: sunny dancing|Stealth Rock|[from] move: Rapid Spin|[of] p2a: Great Tusk
|move|p1a: Alomomola|Flip Turn|p2a: Great Tusk
|-supereffective|p2a: Great Tusk
|-crit|p2a: Great Tusk
|-damage|p2a: Great Tusk|40/100
|
|t:|1758366580
|switch|p1a: Great Tusk|Great Tusk|65/100|[from] Flip Turn
|
|-weather|Snowscape|[upkeep]
|upkeep
|turn|24
|
|t:|1758366587
|move|p2a: Great Tusk|Ice Spinner|p1a: Great Tusk
|-supereffective|p1a: Great Tusk
|-damage|p1a: Great Tusk|32/100
|move|p1a: Great Tusk|Stealth Rock|p2a: Great Tusk
|-sidestart|p2: sunny dancing|move: Stealth Rock
|
|-weather|Snowscape|[upkeep]
|upkeep
|turn|25
|
|t:|1758366594
|-end|p1a: Great Tusk|Protosynthesis|[silent]
|switch|p1a: Alomomola|Alomomola, M|100/100 brn
|move|p2a: Great Tusk|Stealth Rock|p1a: Alomomola
|-sidestart|p1: BBT94|move: Stealth Rock
|
|-weather|Snowscape|[upkeep]
|-damage|p1a: Alomomola|94/100 brn|[from] brn
|upkeep
|turn|26
|
|t:|1758366600
|-end|p2a: Great Tusk|Protosynthesis|[silent]
|switch|p2a: Slowking|Slowking-Galar, F|100/100
|-damage|p2a: Slowking|88/100|[from] Stealth Rock
|move|p1a: Alomomola|Wish|p1a: Alomomola
|
|-weather|none
|-damage|p1a: Alomomola|88/100 brn|[from] brn
|upkeep
|turn|27
|
|t:|1758366606
|move|p1a: Alomomola|Scald|p2a: Slowking
|-damage|p2a: Slowking|81/100
|move|p2a: Slowking|Flamethrower|p1a: Alomomola
|-resisted|p1a: Alomomola
|-damage|p1a: Alomomola|73/100 brn
|
|-heal|p1a: Alomomola|100/100 brn|[from] move: Wish|[wisher] Alomomola
|-damage|p1a: Alomomola|94/100 brn|[from] brn
|upkeep
|turn|28
|
|t:|1758366615
|move|p1a: Alomomola|Wish|p1a: Alomomola
|move|p2a: Slowking|Flamethrower|p1a: Alomomola
|-resisted|p1a: Alomomola
|-damage|p1a: Alomomola|78/100 brn
|
|-damage|p1a: Alomomola|72/100 brn|[from] brn
|upkeep
|turn|29
|
|t:|1758366623
|move|p1a: Alomomola|Scald|p2a: Slowking
|-crit|p2a: Slowking
|-damage|p2a: Slowking|69/100
|-status|p2a: Slowking|brn
|move|p2a: Slowking|Flamethrower|p1a: Alomomola
|-resisted|p1a: Alomomola
|-damage|p1a: Alomomola|56/100 brn
|
|-heal|p1a: Alomomola|100/100 brn|[from] move: Wish|[wisher] Alomomola
|-damage|p1a: Alomomola|94/100 brn|[from] brn
|-damage|p2a: Slowking|63/100 brn|[from] brn
|upkeep
|turn|30
|
|t:|1758366631
|move|p1a: Alomomola|Wish|p1a: Alomomola
|move|p2a: Slowking|Ice Beam|p1a: Alomomola
|-resisted|p1a: Alomomola
|-damage|p1a: Alomomola|79/100 brn
|
|-damage|p1a: Alomomola|72/100 brn|[from] brn
|-damage|p2a: Slowking|57/100 brn|[from] brn
|upkeep
|turn|31
|
|t:|1758366639
|move|p1a: Alomomola|Flip Turn|p2a: Slowking
|-damage|p2a: Slowking|49/100 brn
|
|t:|1758366641
|switch|p1a: Slowking|Slowking-Galar, M|100/100|[from] Flip Turn
|move|p2a: Slowking|Flamethrower|p1a: Slowking
|-damage|p1a: Slowking|85/100
|
|-heal|p1a: Slowking|100/100|[from] move: Wish|[wisher] Alomomola
|-damage|p2a: Slowking|43/100 brn|[from] brn
|upkeep
|turn|32
|
|t:|1758366651
|switch|p2a: Dragapult|Dragapult, M|100/100
|-prepare|p1a: Slowking|Chilly Reception|[premajor]
|move|p1a: Slowking|Chilly Reception|p1a: Slowking
|-weather|Snowscape
|
|t:|1758366656
|switch|p1a: Alomomola|Alomomola, M|100/100 brn|[from] Chilly Reception
|
|-weather|Snowscape|[upkeep]
|-damage|p1a: Alomomola|94/100 brn|[from] brn
|upkeep
|turn|33
|
|t:|1758366662
|move|p2a: Dragapult|Hex|p1a: Alomomola
|-damage|p1a: Alomomola|30/100 brn
|move|p1a: Alomomola|Wish|p1a: Alomomola
|
|-weather|Snowscape|[upkeep]
|-damage|p1a: Alomomola|24/100 brn|[from] brn
|upkeep
|turn|34
|
|t:|1758366670
|switch|p1a: Kingambit|Kingambit, M|32/100
|-damage|p1a: Kingambit|26/100|[from] Stealth Rock
|-activate|p1a: Kingambit|ability: Supreme Overlord
|-start|p1a: Kingambit|fallen1|[silent]
|move|p2a: Dragapult|Will-O-Wisp|p1a: Kingambit
|-status|p1a: Kingambit|brn
|
|-weather|Snowscape|[upkeep]
|-heal|p1a: Kingambit|100/100 brn|[from] move: Wish|[wisher] Alomomola
|-damage|p1a: Kingambit|94/100 brn|[from] brn
|upkeep
|turn|35
|
|t:|1758366681
|move|p2a: Dragapult|U-turn|p1a: Kingambit
|-damage|p1a: Kingambit|79/100 brn
|j| Pokeniceguy
|
|t:|1758366689
|switch|p2a: Moltres|Moltres|80/100|[from] U-turn
|-damage|p2a: Moltres|30/100|[from] Stealth Rock
|move|p1a: Kingambit|Low Kick|p2a: Moltres
|-resisted|p2a: Moltres
|-damage|p2a: Moltres|24/100
|
|-weather|Snowscape|[upkeep]
|-heal|p1a: Kingambit|85/100 brn|[from] item: Leftovers
|-damage|p1a: Kingambit|79/100 brn|[from] brn
|upkeep
|turn|36
|j| Nikator98
|
|t:|1758366698
|-end|p1a: Kingambit|fallen1|[silent]
|switch|p1a: Alomomola|Alomomola, M|57/100 brn
|move|p2a: Moltres|Roost|p2a: Moltres
|-heal|p2a: Moltres|74/100
|-singleturn|p2a: Moltres|move: Roost
|
|-weather|none
|-damage|p1a: Alomomola|51/100 brn|[from] brn
|upkeep
|turn|37
|
|t:|1758366704
|move|p2a: Moltres|Roost|p2a: Moltres
|-heal|p2a: Moltres|100/100
|-singleturn|p2a: Moltres|move: Roost
|move|p1a: Alomomola|Wish|p1a: Alomomola
|
|-damage|p1a: Alomomola|45/100 brn|[from] brn
|upkeep
|turn|38
|
|t:|1758366711
|move|p1a: Alomomola|Flip Turn|p2a: Moltres
|-supereffective|p2a: Moltres
|-damage|p2a: Moltres|90/100
|
|t:|1758366714
|switch|p1a: Slowking|Slowking-Galar, M|100/100|[from] Flip Turn
|move|p2a: Moltres|Roar|p1a: Slowking
|drag|p1a: Great Tusk|Great Tusk|32/100
|-damage|p1a: Great Tusk|29/100|[from] Stealth Rock
|
|-heal|p1a: Great Tusk|90/100|[from] move: Wish|[wisher] Alomomola
|upkeep
|turn|39
|
|t:|1758366720
|move|p1a: Great Tusk|Rapid Spin|p2a: Moltres
|-damage|p2a: Moltres|79/100
|-boost|p1a: Great Tusk|spe|1
|-status|p1a: Great Tusk|brn|[from] ability: Flame Body|[of] p2a: Moltres
|-sideend|p1: BBT94|Stealth Rock|[from] move: Rapid Spin|[of] p1a: Great Tusk
|move|p2a: Moltres|Flamethrower|p1a: Great Tusk
|-damage|p1a: Great Tusk|45/100 brn
|
|-damage|p1a: Great Tusk|39/100 brn|[from] brn
|upkeep
|turn|40
|
|t:|1758366727
|-end|p1a: Great Tusk|Protosynthesis|[silent]
|switch|p1a: Alomomola|Alomomola, M|78/100 brn
|move|p2a: Moltres|Flamethrower|p1a: Alomomola
|-resisted|p1a: Alomomola
|-damage|p1a: Alomomola|56/100 brn
|
|-damage|p1a: Alomomola|49/100 brn|[from] brn
|upkeep
|turn|41
|
|t:|1758366734
|move|p2a: Moltres|Roost|p2a: Moltres
|-heal|p2a: Moltres|100/100
|-singleturn|p2a: Moltres|move: Roost
|move|p1a: Alomomola|Wish|p1a: Alomomola
|
|-damage|p1a: Alomomola|43/100 brn|[from] brn
|upkeep
|turn|42
|
|t:|1758366741
|move|p1a: Alomomola|Flip Turn|p2a: Moltres
|-supereffective|p2a: Moltres
|-damage|p2a: Moltres|89/100
|
|t:|1758366744
|switch|p1a: Slowking|Slowking-Galar, M|100/100|[from] Flip Turn
|move|p2a: Moltres|Roar|p1a: Slowking
|drag|p1a: Great Tusk|Great Tusk|39/100 brn
|
|-heal|p1a: Great Tusk|99/100 brn|[from] move: Wish|[wisher] Alomomola
|-damage|p1a: Great Tusk|94/100 brn|[from] brn
|upkeep
|turn|43
|
|t:|1758366751
|-end|p1a: Great Tusk|Protosynthesis|[silent]
|switch|p1a: Alomomola|Alomomola, M|77/100 brn
|move|p2a: Moltres|Flamethrower|p1a: Alomomola
|-resisted|p1a: Alomomola
|-damage|p1a: Alomomola|56/100 brn
|
|-damage|p1a: Alomomola|50/100 brn|[from] brn
|upkeep
|turn|44
|
|t:|1758366758
|move|p2a: Moltres|Flamethrower|p1a: Alomomola
|-resisted|p1a: Alomomola
|-damage|p1a: Alomomola|27/100 brn
|move|p1a: Alomomola|Wish|p1a: Alomomola
|
|-damage|p1a: Alomomola|20/100 brn|[from] brn
|upkeep
|turn|45
|
|t:|1758366766
|move|p1a: Alomomola|Protect|p1a: Alomomola
|-singleturn|p1a: Alomomola|Protect
|move|p2a: Moltres|Roar|p1a: Alomomola
|drag|p1a: Slowking|Slowking-Galar, M|100/100
|
|upkeep
|turn|46
|
|t:|1758366772
|move|p2a: Moltres|U-turn|p1a: Slowking
|-damage|p1a: Slowking|85/100
|
|t:|1758366780
|switch|p2a: Dragapult|Dragapult, M|100/100|[from] U-turn
|move|p1a: Slowking|Sludge Bomb|p2a: Dragapult
|-resisted|p2a: Dragapult
|-damage|p2a: Dragapult|77/100
|
|upkeep
|turn|47
|
|t:|1758366788
|move|p2a: Dragapult|Dragon Darts|p1a: Slowking
|-damage|p1a: Slowking|63/100
|-anim|p2a: Dragapult|Dragon Darts|p1a: Slowking
|-damage|p1a: Slowking|42/100
|move|p1a: Slowking|Thunder Wave|p2a: Dragapult
|-status|p2a: Dragapult|par
|
|upkeep
|turn|48
|
|t:|1758366795
|switch|p1a: Great Tusk|Great Tusk|94/100 brn
|cant|p2a: Dragapult|par
|
|-damage|p1a: Great Tusk|88/100 brn|[from] brn
|upkeep
|turn|49
|
|t:|1758366802
|move|p1a: Great Tusk|Knock Off|p2a: Dragapult
|-supereffective|p2a: Dragapult
|-damage|p2a: Dragapult|37/100 par
|-enditem|p2a: Dragapult|Heavy-Duty Boots|[from] move: Knock Off|[of] p1a: Great Tusk
|cant|p2a: Dragapult|par
|
|-damage|p1a: Great Tusk|81/100 brn|[from] brn
|upkeep
|turn|50
|
|t:|1758366810
|move|p1a: Great Tusk|Knock Off|p2a: Dragapult
|-supereffective|p2a: Dragapult
|-damage|p2a: Dragapult|10/100 par
|move|p2a: Dragapult|Dragon Darts|p1a: Great Tusk
|-damage|p1a: Great Tusk|68/100 brn
|-anim|p2a: Dragapult|Dragon Darts|p1a: Great Tusk
|-damage|p1a: Great Tusk|55/100 brn
|
|-damage|p1a: Great Tusk|49/100 brn|[from] brn
|upkeep
|turn|51
|
|t:|1758366819
|-end|p1a: Great Tusk|Protosynthesis|[silent]
|switch|p1a: Alomomola|Alomomola, M|54/100 brn
|move|p2a: Dragapult|Hex|p1a: Alomomola
|-damage|p1a: Alomomola|0 fnt
|faint|p1a: Alomomola
|
|upkeep
|
|t:|1758366826
|switch|p1a: Dragapult|Dragapult, F|22/100
|turn|52
|
|t:|1758366832
|-terastallize|p1a: Dragapult|Ghost
|move|p1a: Dragapult|Tera Blast|p2a: Dragapult|[anim] Tera Blast Ghost
|-supereffective|p2a: Dragapult
|-crit|p2a: Dragapult
|-damage|p2a: Dragapult|0 fnt
|faint|p2a: Dragapult
|
|upkeep
|j| Ctannn
|
|t:|1758366842
|switch|p2a: Slowking|Slowking-Galar, F|76/100 brn
|-damage|p2a: Slowking|64/100 brn|[from] Stealth Rock
|turn|53
|
|t:|1758366851
|switch|p2a: Great Tusk|Great Tusk|40/100
|-damage|p2a: Great Tusk|37/100|[from] Stealth Rock
|move|p1a: Dragapult|Tera Blast|p2a: Great Tusk|[anim] Tera Blast Ghost
|-damage|p2a: Great Tusk|0 fnt
|faint|p2a: Great Tusk
|-end|p2a: Great Tusk|Protosynthesis|[silent]
|
|upkeep
|
|t:|1758366861
|switch|p2a: Slowking|Slowking-Galar, F|97/100 brn
|-damage|p2a: Slowking|84/100 brn|[from] Stealth Rock
|turn|54
|l| Pokeniceguy
|
|t:|1758366867
|-terastallize|p2a: Slowking|Water
|move|p1a: Dragapult|Tera Blast|p2a: Slowking|[anim] Tera Blast Ghost
|-damage|p2a: Slowking|7/100 brn
|move|p2a: Slowking|Psyshock|p1a: Dragapult
|-crit|p1a: Dragapult
|-damage|p1a: Dragapult|0 fnt
|faint|p1a: Dragapult
|
|-damage|p2a: Slowking|0 fnt|[from] brn
|faint|p2a: Slowking
|upkeep
|
|t:|1758366877
|switch|p1a: Slowking|Slowking-Galar, M|75/100
|switch|p2a: Moltres|Moltres|89/100
|-damage|p2a: Moltres|39/100|[from] Stealth Rock
|turn|55
|
|t:|1758366883
|move|p2a: Moltres|Roost|p2a: Moltres
|-heal|p2a: Moltres|89/100
|-singleturn|p2a: Moltres|move: Roost
|move|p1a: Slowking|Sludge Bomb|p2a: Moltres
|-damage|p2a: Moltres|57/100
|
|upkeep
|turn|56
|
|t:|1758366891
|move|p1a: Slowking|Sludge Bomb|p2a: Moltres
|-damage|p2a: Moltres|25/100
|move|p2a: Moltres|Roar|p1a: Slowking
|drag|p1a: Kingambit|Kingambit, M|79/100 brn
|-activate|p1a: Kingambit|ability: Supreme Overlord
|-start|p1a: Kingambit|fallen3|[silent]
|
|-heal|p1a: Kingambit|85/100 brn|[from] item: Leftovers
|-damage|p1a: Kingambit|79/100 brn|[from] brn
|upkeep
|turn|57
|
|t:|1758366899
|move|p1a: Kingambit|Swords Dance|p1a: Kingambit
|-boost|p1a: Kingambit|atk|2
|move|p2a: Moltres|Roar|p1a: Kingambit
|-end|p1a: Kingambit|fallen3|[silent]
|drag|p1a: Slowking|Slowking-Galar, M|100/100
|
|upkeep
|turn|58
|
|t:|1758366905
|move|p2a: Moltres|Roost|p2a: Moltres
|-heal|p2a: Moltres|75/100
|-singleturn|p2a: Moltres|move: Roost
|move|p1a: Slowking|Sludge Bomb|p2a: Moltres
|-damage|p2a: Moltres|44/100
|
|upkeep
|turn|59
|
|t:|1758366912
|move|p1a: Slowking|Sludge Bomb|p2a: Moltres
|-damage|p2a: Moltres|8/100
|-status|p2a: Moltres|psn
|move|p2a: Moltres|Roar|p1a: Slowking
|drag|p1a: Great Tusk|Great Tusk|49/100 brn
|
|-damage|p2a: Moltres|0 fnt|[from] psn
|faint|p2a: Moltres
|
|win|BBT94
|raw|BBT94's rating: 1683 &rarr; <strong>1706</strong><br />(+23 for winning)
|raw|sunny dancing's rating: 1742 &rarr; <strong>1719</strong><br />(-23 for losing)
|l|☆sunny dancing
|player|p2|
|c|☆BBT94|gg
|l| Disscratch
