|j|☆ur doggo
|j|☆flygonisdragon
|t:|1758344687
|gametype|singles
|player|p1|ur doggo|169|1650
|player|p2|flygonisdragon|serena-masters|1594
|gen|9
|tier|[Gen 9] OU
|rated|
|rule|HP Percentage Mod: HP is shown in percentages
|rule|Endless Battle Clause: Forcing endless battles is banned
|rule|Species Clause: Limit one of each Pokémon
|rule|OHKO Clause: OHKO moves are banned
|rule|Evasion Items Clause: Evasion items are banned
|rule|Evasion Moves Clause: Evasion moves are banned
|rule|Evasion Abilities Clause: Evasion abilities are banned
|rule|Sleep Moves Clause: Sleep-inducing moves are banned
|clearpoke
|poke|p1|Pelipper, F|
|poke|p1|Hatterene, F|
|poke|p1|Iron Treads|
|poke|p1|Toxicroak, F|
|poke|p1|Barraskewda, F|
|poke|p1|Zapdos|
|poke|p2|Tyranitar, F|
|poke|p2|Metagross|
|poke|p2|Zamazenta-*|
|poke|p2|Weezing-Galar, F|
|poke|p2|Regidrago|
|poke|p2|Rillaboom, M|
|teampreview
|
|t:|1758344716
|teamsize|p1|6
|teamsize|p2|6
|start
|switch|p1a: Barraskewda|Barraskewda, F|100/100
|switch|p2a: Metagross|Metagross|100/100
|turn|1
|
|t:|1758344723
|move|p1a: Barraskewda|Flip Turn|p2a: Metagross
|-damage|p2a: Metagross|59/100
|
|t:|1758344727
|switch|p1a: Iron Treads|Iron Treads|100/100|[from] Flip Turn
|move|p2a: Metagross|Meteor Mash|p1a: Iron Treads
|-resisted|p1a: Iron Treads
|-damage|p1a: Iron Treads|82/100
|
|-heal|p1a: Iron Treads|88/100|[from] item: Leftovers
|upkeep
|turn|2
|
|t:|1758344760
|switch|p2a: Rillaboom|Rillaboom, M|100/100
|-fieldstart|move: Grassy Terrain|[from] ability: Grassy Surge|[of] p2a: Rillaboom
|move|p1a: Iron Treads|Earthquake|p2a: Rillaboom
|-resisted|p2a: Rillaboom
|-crit|p2a: Rillaboom
|-damage|p2a: Rillaboom|87/100
|
|-heal|p1a: Iron Treads|94/100|[from] Grassy Terrain
|-heal|p1a: Iron Treads|99/100|[from] item: Leftovers
|-heal|p2a: Rillaboom|94/100|[from] Grassy Terrain
|upkeep
|turn|3
|
|t:|1758344778
|-end|p1a: Iron Treads|Quark Drive|[silent]
|switch|p1a: Toxicroak|Toxicroak, F|100/100
|switch|p2a: Tyranitar|Tyranitar, F|100/100
|-weather|Sandstorm|[from] ability: Sand Stream|[of] p2a: Tyranitar
|
|-weather|Sandstorm|[upkeep]
|-damage|p1a: Toxicroak|94/100|[from] Sandstorm
|-heal|p1a: Toxicroak|100/100|[from] Grassy Terrain
|upkeep
|turn|4
|
|t:|1758344787
|switch|p2a: Weezing|Weezing-Galar, F|100/100
|-ability|p2a: Weezing|Neutralizing Gas
|move|p1a: Toxicroak|Drain Punch|p2a: Weezing
|-resisted|p2a: Weezing
|-damage|p2a: Weezing|96/100
|
|-weather|Sandstorm|[upkeep]
|-damage|p1a: Toxicroak|94/100|[from] Sandstorm
|-damage|p2a: Weezing|90/100|[from] Sandstorm
|-heal|p1a: Toxicroak|100/100|[from] Grassy Terrain
|-heal|p2a: Weezing|96/100|[from] Grassy Terrain
|upkeep
|turn|5
|
|t:|1758344799
|switch|p1a: Iron Treads|Iron Treads|99/100
|move|p2a: Weezing|Will-O-Wisp|p1a: Iron Treads
|-status|p1a: Iron Treads|brn
|
|-weather|Sandstorm|[upkeep]
|-damage|p2a: Weezing|90/100|[from] Sandstorm
|-heal|p1a: Iron Treads|100/100 brn|[from] Grassy Terrain
|-heal|p2a: Weezing|96/100|[from] Grassy Terrain
|-damage|p1a: Iron Treads|94/100 brn|[from] brn
|upkeep
|turn|6
|
|t:|1758344814
|-end|p2a: Weezing|ability: Neutralizing Gas
|switch|p2a: Metagross|Metagross|59/100
|move|p1a: Iron Treads|Stealth Rock|p2a: Metagross
|-sidestart|p2: flygonisdragon|move: Stealth Rock
|
|-weather|Sandstorm|[upkeep]
|-heal|p1a: Iron Treads|100/100 brn|[from] Grassy Terrain
|-heal|p2a: Metagross|65/100|[from] Grassy Terrain
|-damage|p1a: Iron Treads|94/100 brn|[from] brn
|upkeep
|turn|7
|
|t:|1758344821
|move|p1a: Iron Treads|Volt Switch|p2a: Metagross
|-damage|p2a: Metagross|54/100
|
|t:|1758344829
|-end|p1a: Iron Treads|Quark Drive|[silent]
|switch|p1a: Pelipper|Pelipper, F|100/100|[from] Volt Switch
|-weather|RainDance|[from] ability: Drizzle|[of] p1a: Pelipper
|move|p2a: Metagross|Stealth Rock|p1a: Pelipper
|-sidestart|p1: ur doggo|move: Stealth Rock
|
|-weather|RainDance|[upkeep]
|-heal|p2a: Metagross|60/100|[from] Grassy Terrain
|upkeep
|turn|8
|
|t:|1758344837
|move|p2a: Metagross|Explosion|p1a: Pelipper
|-damage|p1a: Pelipper|5/100
|faint|p2a: Metagross
|move|p1a: Pelipper|U-turn|p2: Metagross|[notarget]
|-fail|p1a: Pelipper
|
|-weather|RainDance|[upkeep]
|upkeep
|
|t:|1758344841
|switch|p2a: Tyranitar|Tyranitar, F|100/100
|-damage|p2a: Tyranitar|88/100|[from] Stealth Rock
|-weather|Sandstorm|[from] ability: Sand Stream|[of] p2a: Tyranitar
|turn|9
|
|t:|1758344847
|switch|p1a: Iron Treads|Iron Treads|94/100 brn
|-damage|p1a: Iron Treads|92/100 brn|[from] Stealth Rock
|move|p2a: Tyranitar|Knock Off|p1a: Iron Treads
|-damage|p1a: Iron Treads|25/100 brn
|-enditem|p1a: Iron Treads|Leftovers|[from] move: Knock Off|[of] p2a: Tyranitar
|
|-weather|Sandstorm|[upkeep]
|-heal|p1a: Iron Treads|31/100 brn|[from] Grassy Terrain
|-heal|p2a: Tyranitar|94/100|[from] Grassy Terrain
|-damage|p1a: Iron Treads|25/100 brn|[from] brn
|-fieldend|move: Grassy Terrain
|upkeep
|turn|10
|
|t:|1758344856
|switch|p2a: Weezing|Weezing-Galar, F|96/100
|-ability|p2a: Weezing|Neutralizing Gas
|move|p1a: Iron Treads|Rapid Spin|p2a: Weezing
|-damage|p2a: Weezing|92/100
|-boost|p1a: Iron Treads|spe|1
|-sideend|p1: ur doggo|Stealth Rock|[from] move: Rapid Spin|[of] p1a: Iron Treads
|
|-weather|Sandstorm|[upkeep]
|-damage|p2a: Weezing|86/100|[from] Sandstorm
|-damage|p1a: Iron Treads|19/100 brn|[from] brn
|upkeep
|turn|11
|
|t:|1758344866
|move|p1a: Iron Treads|Earthquake|p2a: Weezing
|-supereffective|p2a: Weezing
|-damage|p2a: Weezing|62/100
|move|p2a: Weezing|Defog|p1a: Iron Treads
|-unboost|p1a: Iron Treads|evasion|1
|-sideend|p2: flygonisdragon|Stealth Rock|[from] move: Defog|[of] p2a: Weezing
|
|-weather|Sandstorm|[upkeep]
|-damage|p2a: Weezing|56/100|[from] Sandstorm
|-damage|p1a: Iron Treads|13/100 brn|[from] brn
|upkeep
|turn|12
|
|t:|1758344879
|-end|p2a: Weezing|ability: Neutralizing Gas
|switch|p2a: Rillaboom|Rillaboom, M|94/100
|-fieldstart|move: Grassy Terrain|[from] ability: Grassy Surge|[of] p2a: Rillaboom
|move|p1a: Iron Treads|Stealth Rock|p2a: Rillaboom
|-sidestart|p2: flygonisdragon|move: Stealth Rock
|
|-weather|Sandstorm|[upkeep]
|-damage|p2a: Rillaboom|87/100|[from] Sandstorm
|-heal|p1a: Iron Treads|19/100 brn|[from] Grassy Terrain
|-heal|p2a: Rillaboom|94/100|[from] Grassy Terrain
|-damage|p1a: Iron Treads|13/100 brn|[from] brn
|upkeep
|turn|13
|
|t:|1758344888
|-end|p1a: Iron Treads|Quark Drive|[silent]
|switch|p1a: Toxicroak|Toxicroak, F|100/100
|move|p2a: Rillaboom|Grassy Glide|p1a: Toxicroak
|-resisted|p1a: Toxicroak
|-damage|p1a: Toxicroak|83/100
|-damage|p2a: Rillaboom|77/100|[from] item: Rocky Helmet|[of] p1a: Toxicroak
|
|-weather|none
|-heal|p1a: Toxicroak|89/100|[from] Grassy Terrain
|-heal|p2a: Rillaboom|83/100|[from] Grassy Terrain
|upkeep
|turn|14
|
|t:|1758344913
|switch|p1a: Zapdos|Zapdos|100/100
|move|p2a: Rillaboom|Swords Dance|p2a: Rillaboom
|-boost|p2a: Rillaboom|atk|2
|
|-heal|p2a: Rillaboom|89/100|[from] Grassy Terrain
|upkeep
|turn|15
|
|t:|1758344919
|switch|p2a: Tyranitar|Tyranitar, F|94/100
|-damage|p2a: Tyranitar|82/100|[from] Stealth Rock
|-weather|Sandstorm|[from] ability: Sand Stream|[of] p2a: Tyranitar
|move|p1a: Zapdos|Hurricane|p2a: Tyranitar
|-resisted|p2a: Tyranitar
|-damage|p2a: Tyranitar|53/100
|
|-weather|Sandstorm|[upkeep]
|-damage|p1a: Zapdos|94/100|[from] Sandstorm
|-heal|p2a: Tyranitar|59/100|[from] Grassy Terrain
|upkeep
|turn|16
|
|t:|1758344926
|switch|p1a: Toxicroak|Toxicroak, F|89/100
|move|p2a: Tyranitar|Stone Edge|p1a: Toxicroak
|-resisted|p1a: Toxicroak
|-damage|p1a: Toxicroak|48/100
|
|-weather|Sandstorm|[upkeep]
|-damage|p1a: Toxicroak|42/100|[from] Sandstorm
|-heal|p2a: Tyranitar|65/100|[from] Grassy Terrain
|-heal|p1a: Toxicroak|48/100|[from] Grassy Terrain
|upkeep
|turn|17
|
|t:|1758344947
|switch|p2a: Weezing|Weezing-Galar, F|56/100
|-ability|p2a: Weezing|Neutralizing Gas
|move|p1a: Toxicroak|Drain Punch|p2a: Weezing
|-resisted|p2a: Weezing
|-damage|p2a: Weezing|52/100
|-heal|p1a: Toxicroak|50/100|[from] drain|[of] p2a: Weezing
|
|-weather|Sandstorm|[upkeep]
|-damage|p1a: Toxicroak|44/100|[from] Sandstorm
|-damage|p2a: Weezing|46/100|[from] Sandstorm
|-heal|p1a: Toxicroak|50/100|[from] Grassy Terrain
|-heal|p2a: Weezing|52/100|[from] Grassy Terrain
|upkeep
|turn|18
|
|t:|1758344961
|switch|p1a: Barraskewda|Barraskewda, F|100/100
|move|p2a: Weezing|Defog|p1a: Barraskewda
|-unboost|p1a: Barraskewda|evasion|1
|-sideend|p2: flygonisdragon|Stealth Rock|[from] move: Defog|[of] p2a: Weezing
|-fieldend|move: Grassy Terrain
|
|-weather|Sandstorm|[upkeep]
|-damage|p1a: Barraskewda|94/100|[from] Sandstorm
|-damage|p2a: Weezing|46/100|[from] Sandstorm
|upkeep
|turn|19
|
|t:|1758344969
|-terastallize|p1a: Barraskewda|Water
|move|p1a: Barraskewda|Flip Turn|p2a: Weezing
|-damage|p2a: Weezing|0 fnt
|faint|p2a: Weezing
|-end|p2a: Weezing|ability: Neutralizing Gas
|
|t:|1758344977
|switch|p1a: Pelipper|Pelipper, F|5/100|[from] Flip Turn
|-weather|RainDance|[from] ability: Drizzle|[of] p1a: Pelipper
|
|-weather|RainDance|[upkeep]
|upkeep
|
|t:|1758344980
|switch|p2a: Tyranitar|Tyranitar, F|65/100
|-weather|Sandstorm|[from] ability: Sand Stream|[of] p2a: Tyranitar
|turn|20
|
|t:|1758344986
|switch|p1a: Hatterene|Hatterene, F|100/100
|move|p2a: Tyranitar|Stone Edge|p1a: Hatterene
|-crit|p1a: Hatterene
|-damage|p1a: Hatterene|0 fnt
|faint|p1a: Hatterene
|
|-weather|Sandstorm|[upkeep]
|upkeep
|
|t:|1758344990
|switch|p1a: Barraskewda|Barraskewda, F, tera:Water|94/100
|turn|21
|
|t:|1758344993
|switch|p2a: Rillaboom|Rillaboom, M|89/100
|-fieldstart|move: Grassy Terrain|[from] ability: Grassy Surge|[of] p2a: Rillaboom
|move|p1a: Barraskewda|Flip Turn|p2a: Rillaboom
|-resisted|p2a: Rillaboom
|-damage|p2a: Rillaboom|58/100
|
|t:|1758344997
|switch|p1a: Toxicroak|Toxicroak, F|50/100|[from] Flip Turn
|
|-weather|Sandstorm|[upkeep]
|-damage|p1a: Toxicroak|44/100|[from] Sandstorm
|-damage|p2a: Rillaboom|52/100|[from] Sandstorm
|-heal|p1a: Toxicroak|50/100|[from] Grassy Terrain
|-heal|p2a: Rillaboom|58/100|[from] Grassy Terrain
|upkeep
|turn|22
|
|t:|1758345013
|switch|p2a: Regidrago|Regidrago|100/100
|move|p1a: Toxicroak|Drain Punch|p2a: Regidrago
|-damage|p2a: Regidrago|73/100
|-heal|p1a: Toxicroak|70/100|[from] drain|[of] p2a: Regidrago
|
|-weather|Sandstorm|[upkeep]
|-damage|p2a: Regidrago|67/100|[from] Sandstorm
|-damage|p1a: Toxicroak|64/100|[from] Sandstorm
|-heal|p2a: Regidrago|73/100|[from] Grassy Terrain
|-heal|p1a: Toxicroak|70/100|[from] Grassy Terrain
|upkeep
|turn|23
|
|t:|1758345024
|switch|p1a: Iron Treads|Iron Treads|13/100 brn
|move|p2a: Regidrago|Dragon Energy|p1a: Iron Treads
|-resisted|p1a: Iron Treads
|-damage|p1a: Iron Treads|0 fnt
|faint|p1a: Iron Treads
|-end|p1a: Iron Treads|Quark Drive|[silent]
|
|-weather|Sandstorm|[upkeep]
|-damage|p2a: Regidrago|67/100|[from] Sandstorm
|-heal|p2a: Regidrago|73/100|[from] Grassy Terrain
|upkeep
|
|t:|1758345028
|switch|p1a: Zapdos|Zapdos|94/100
|turn|24
|
|t:|1758345036
|move|p1a: Zapdos|Weather Ball|p2a: Regidrago
|-damage|p2a: Regidrago|20/100
|move|p2a: Regidrago|Dragon Energy|p1a: Zapdos
|-damage|p1a: Zapdos|63/100
|
|-weather|none
|-heal|p2a: Regidrago|26/100|[from] Grassy Terrain
|upkeep
|turn|25
|
|t:|1758345041
|switch|p2a: Tyranitar|Tyranitar, F|65/100
|-weather|Sandstorm|[from] ability: Sand Stream|[of] p2a: Tyranitar
|move|p1a: Zapdos|Weather Ball|p2a: Tyranitar
|-damage|p2a: Tyranitar|33/100
|
|-weather|Sandstorm|[upkeep]
|-damage|p1a: Zapdos|57/100|[from] Sandstorm
|-heal|p2a: Tyranitar|39/100|[from] Grassy Terrain
|upkeep
|turn|26
|
|t:|1758345050
|switch|p1a: Toxicroak|Toxicroak, F|70/100
|move|p2a: Tyranitar|Stone Edge|p1a: Toxicroak
|-resisted|p1a: Toxicroak
|-damage|p1a: Toxicroak|31/100
|
|-weather|Sandstorm|[upkeep]
|-damage|p1a: Toxicroak|25/100|[from] Sandstorm
|-heal|p2a: Tyranitar|45/100|[from] Grassy Terrain
|-heal|p1a: Toxicroak|31/100|[from] Grassy Terrain
|upkeep
|turn|27
|
|t:|1758345071
|move|p2a: Tyranitar|Stone Edge|p1a: Toxicroak
|-resisted|p1a: Toxicroak
|-damage|p1a: Toxicroak|0 fnt
|faint|p1a: Toxicroak
|
|-weather|Sandstorm|[upkeep]
|-heal|p2a: Tyranitar|51/100|[from] Grassy Terrain
|upkeep
|
|t:|1758345075
|switch|p1a: Barraskewda|Barraskewda, F, tera:Water|94/100
|turn|28
|
|t:|1758345098
|switch|p2a: Regidrago|Regidrago|26/100
|move|p1a: Barraskewda|Flip Turn|p2a: Regidrago
|-resisted|p2a: Regidrago
|-damage|p2a: Regidrago|0 fnt
|faint|p2a: Regidrago
|
|t:|1758345106
|switch|p1a: Zapdos|Zapdos|57/100|[from] Flip Turn
|
|-weather|Sandstorm|[upkeep]
|-damage|p1a: Zapdos|51/100|[from] Sandstorm
|-fieldend|move: Grassy Terrain
|upkeep
|
|t:|1758345112
|switch|p2a: Tyranitar|Tyranitar, F|51/100
|turn|29
|
|t:|1758345122
|switch|p2a: Rillaboom|Rillaboom, M|58/100
|-fieldstart|move: Grassy Terrain|[from] ability: Grassy Surge|[of] p2a: Rillaboom
|move|p1a: Zapdos|Thunder|p2a: Rillaboom
|-resisted|p2a: Rillaboom
|-damage|p2a: Rillaboom|12/100
|
|-weather|none
|-heal|p2a: Rillaboom|18/100|[from] Grassy Terrain
|upkeep
|turn|30
|
|t:|1758345133
|switch|p2a: Tyranitar|Tyranitar, F|51/100
|-weather|Sandstorm|[from] ability: Sand Stream|[of] p2a: Tyranitar
|move|p1a: Zapdos|Thunder|p2a: Tyranitar
|-damage|p2a: Tyranitar|0 fnt
|faint|p2a: Tyranitar
|
|-weather|Sandstorm|[upkeep]
|-damage|p1a: Zapdos|45/100|[from] Sandstorm
|upkeep
|
|t:|1758345140
|switch|p2a: Rillaboom|Rillaboom, M|18/100
|turn|31
|
|t:|1758345149
|switch|p1a: Pelipper|Pelipper, F|5/100
|-weather|RainDance|[from] ability: Drizzle|[of] p1a: Pelipper
|-terastallize|p2a: Rillaboom|Grass
|move|p2a: Rillaboom|Grassy Glide|p1a: Pelipper
|-damage|p1a: Pelipper|0 fnt
|faint|p1a: Pelipper
|
|-weather|RainDance|[upkeep]
|-heal|p2a: Rillaboom|24/100|[from] Grassy Terrain
|upkeep
|
|t:|1758345171
|switch|p1a: Barraskewda|Barraskewda, F, tera:Water|94/100
|turn|32
|
|t:|1758345174
|move|p1a: Barraskewda|Aqua Jet|p2a: Rillaboom
|-resisted|p2a: Rillaboom
|-damage|p2a: Rillaboom|0 fnt
|faint|p2a: Rillaboom
|
|-weather|RainDance|[upkeep]
|-heal|p1a: Barraskewda|100/100|[from] Grassy Terrain
|upkeep
|
|t:|1758345176
|switch|p2a: Zamazenta|Zamazenta|100/100
|-ability|p2a: Zamazenta|Dauntless Shield|boost
|-boost|p2a: Zamazenta|def|1
|turn|33
|
|t:|1758345183
|switch|p1a: Zapdos|Zapdos|45/100
|move|p2a: Zamazenta|Substitute|p2a: Zamazenta
|-start|p2a: Zamazenta|Substitute
|-damage|p2a: Zamazenta|75/100
|
|-weather|RainDance|[upkeep]
|-heal|p2a: Zamazenta|82/100|[from] Grassy Terrain
|-heal|p2a: Zamazenta|88/100|[from] item: Leftovers
|upkeep
|turn|34
|
|t:|1758345187
|move|p2a: Zamazenta|Iron Defense|p2a: Zamazenta
|-boost|p2a: Zamazenta|def|2
|move|p1a: Zapdos|Volt Switch|p2a: Zamazenta
|-end|p2a: Zamazenta|Substitute
|
|t:|1758345191
|switch|p1a: Barraskewda|Barraskewda, F, tera:Water|100/100|[from] Volt Switch
|
|-weather|RainDance|[upkeep]
|-heal|p2a: Zamazenta|94/100|[from] Grassy Terrain
|-heal|p2a: Zamazenta|99/100|[from] item: Leftovers
|upkeep
|turn|35
|
|t:|1758345204
|move|p1a: Barraskewda|Flip Turn|p2a: Zamazenta
|-damage|p2a: Zamazenta|74/100
|
|t:|1758345206
|switch|p1a: Zapdos|Zapdos|45/100|[from] Flip Turn
|move|p2a: Zamazenta|Iron Defense|p2a: Zamazenta
|-boost|p2a: Zamazenta|def|2
|
|-weather|RainDance|[upkeep]
|-heal|p2a: Zamazenta|80/100|[from] Grassy Terrain
|-heal|p2a: Zamazenta|86/100|[from] item: Leftovers
|upkeep
|turn|36
|
|t:|1758345211
|move|p2a: Zamazenta|Body Press|p1a: Zapdos
|-resisted|p1a: Zapdos
|-damage|p1a: Zapdos|0 fnt
|faint|p1a: Zapdos
|
|-weather|RainDance|[upkeep]
|-heal|p2a: Zamazenta|93/100|[from] Grassy Terrain
|-heal|p2a: Zamazenta|99/100|[from] item: Leftovers
|-fieldend|move: Grassy Terrain
|upkeep
|
|t:|1758345218
|switch|p1a: Barraskewda|Barraskewda, F, tera:Water|100/100
|turn|37
|
|t:|1758345220
|move|p1a: Barraskewda|Liquidation|p2a: Zamazenta
|-damage|p2a: Zamazenta|71/100
|move|p2a: Zamazenta|Body Press|p1a: Barraskewda
|-damage|p1a: Barraskewda|0 fnt
|faint|p1a: Barraskewda
|
|win|flygonisdragon
|raw|ur doggo's rating: 1650 &rarr; <strong>1627</strong><br />(-23 for losing)
|raw|flygonisdragon's rating: 1594 &rarr; <strong>1617</strong><br />(+23 for winning)
|l|☆flygonisdragon
|player|p2|
|l|☆ur doggo
|player|p1|
