|j|☆urogallo
|j|☆hnhgjmmkn
|t:|1758286061
|gametype|singles
|player|p1|urogallo|backpacker|1278
|player|p2|hnhgjmmkn|265|1272
|gen|9
|tier|[Gen 9] OU
|rated|
|rule|HP Percentage Mod: HP is shown in percentages
|rule|Endless Battle Clause: Forcing endless battles is banned
|rule|Species Clause: Limit one of each Pokémon
|rule|OHKO Clause: OHKO moves are banned
|rule|Evasion Items Clause: Evasion items are banned
|rule|Evasion Moves Clause: Evasion moves are banned
|rule|Evasion Abilities Clause: Evasion abilities are banned
|rule|Sleep Moves Clause: Sleep-inducing moves are banned
|clearpoke
|poke|p1|Venusaur, F|
|poke|p1|Blaziken, M|
|poke|p1|Dusclops, M|
|poke|p1|Frosmoth, M|
|poke|p1|Rhyperior, F|
|poke|p1|Corviknight, M|
|poke|p2|Raging Bolt|
|poke|p2|Torkoal, F|
|poke|p2|Gliscor, F|
|poke|p2|Walking Wake|
|poke|p2|Scizor, M|
|poke|p2|Hatterene, F|
|teampreview
|inactive|Battle timer is ON: inactive players will automatically lose when time's up. (requested by hnhgjmmkn)
|
|t:|1758286068
|teamsize|p1|6
|teamsize|p2|6
|start
|switch|p1a: Rhyperior|Rhyperior, F|100/100
|switch|p2a: Torkoal|Torkoal, F|100/100
|-weather|SunnyDay|[from] ability: Drought|[of] p2a: Torkoal
|turn|1
|
|t:|1758286075
|switch|p2a: Hatterene|Hatterene, F|100/100
|move|p1a: Rhyperior|Stealth Rock|p2a: Hatterene
|move|p2a: Hatterene|Stealth Rock|p1a: Rhyperior|[from] ability: Magic Bounce
|-sidestart|p1: urogallo|move: Stealth Rock
|
|-weather|SunnyDay|[upkeep]
|upkeep
|turn|2
|
|t:|1758286084
|move|p1a: Rhyperior|Earthquake|p2a: Hatterene
|-damage|p2a: Hatterene|52/100
|move|p2a: Hatterene|Mystical Fire|p1a: Rhyperior
|-resisted|p1a: Rhyperior
|-damage|p1a: Rhyperior|79/100
|-unboost|p1a: Rhyperior|spa|1
|
|-weather|SunnyDay|[upkeep]
|-heal|p1a: Rhyperior|85/100|[from] item: Leftovers
|upkeep
|turn|3
|
|t:|1758286095
|move|p1a: Rhyperior|Swords Dance|p1a: Rhyperior
|-boost|p1a: Rhyperior|atk|2
|move|p2a: Hatterene|Psychic Noise|p1a: Rhyperior
|-damage|p1a: Rhyperior|41/100
|-start|p1a: Rhyperior|move: Heal Block
|
|-weather|SunnyDay|[upkeep]
|upkeep
|turn|4
|
|t:|1758286108
|switch|p2a: Gliscor|Gliscor, F|100/100
|move|p1a: Rhyperior|Earthquake|p2a: Gliscor
|-immune|p2a: Gliscor
|
|-weather|SunnyDay|[upkeep]
|-end|p1a: Rhyperior|move: Heal Block
|-status|p2a: Gliscor|tox|[from] item: Toxic Orb
|upkeep
|turn|5
|
|t:|1758286118
|switch|p2a: Hatterene|Hatterene, F|52/100
|move|p1a: Rhyperior|Ice Punch|p2a: Hatterene
|-damage|p2a: Hatterene|2/100
|
|-weather|SunnyDay|[upkeep]
|-heal|p1a: Rhyperior|47/100|[from] item: Leftovers
|upkeep
|turn|6
|
|t:|1758286128
|move|p1a: Rhyperior|Ice Punch|p2a: Hatterene
|-damage|p2a: Hatterene|0 fnt
|faint|p2a: Hatterene
|
|-weather|SunnyDay|[upkeep]
|-heal|p1a: Rhyperior|53/100|[from] item: Leftovers
|upkeep
|
|t:|1758286135
|switch|p2a: Walking Wake|Walking Wake|100/100
|-activate|p2a: Walking Wake|ability: Protosynthesis
|-start|p2a: Walking Wake|protosynthesisspe
|turn|7
|
|t:|1758286146
|move|p2a: Walking Wake|Hydro Steam|p1a: Rhyperior
|-supereffective|p1a: Rhyperior
|-damage|p1a: Rhyperior|0 fnt
|faint|p1a: Rhyperior
|
|-weather|SunnyDay|[upkeep]
|upkeep
|
|t:|1758286152
|switch|p1a: Dusclops|Dusclops, M|100/100
|-damage|p1a: Dusclops|88/100|[from] Stealth Rock
|-ability|p1a: Dusclops|Pressure
|turn|8
|
|t:|1758286158
|-terastallize|p2a: Walking Wake|Water
|move|p2a: Walking Wake|Hydro Steam|p1a: Dusclops
|-damage|p1a: Dusclops|24/100
|move|p1a: Dusclops|Pain Split|p2a: Walking Wake
|-sethp|p2a: Walking Wake|60/100|[from] move: Pain Split|[silent]
|-sethp|p1a: Dusclops|72/100|[from] move: Pain Split
|
|-weather|none
|-end|p2a: Walking Wake|Protosynthesis
|upkeep
|turn|9
|
|t:|1758286184
|-end|p2a: Walking Wake|Protosynthesis|[silent]
|switch|p2a: Gliscor|Gliscor, F|100/100 tox
|move|p1a: Dusclops|Trick Room|p1a: Dusclops
|-fieldstart|move: Trick Room|[of] p1a: Dusclops
|
|upkeep
|turn|10
|
|t:|1758286192
|switch|p1a: Venusaur|Venusaur, F|100/100
|-damage|p1a: Venusaur|88/100|[from] Stealth Rock
|move|p2a: Gliscor|Knock Off|p1a: Venusaur
|-damage|p1a: Venusaur|65/100
|-enditem|p1a: Venusaur|Leftovers|[from] move: Knock Off|[of] p2a: Gliscor
|
|upkeep
|turn|11
|inactive|urogallo has 120 seconds left.
|
|t:|1758286221
|move|p1a: Venusaur|Leech Seed|p2a: Gliscor
|-start|p2a: Gliscor|move: Leech Seed
|move|p2a: Gliscor|Swords Dance|p2a: Gliscor
|-boost|p2a: Gliscor|atk|2
|
|-damage|p2a: Gliscor|88/100 tox|[from] Leech Seed|[of] p1a: Venusaur
|-heal|p1a: Venusaur|77/100|[silent]
|-heal|p2a: Gliscor|100/100 tox|[from] ability: Poison Heal
|upkeep
|turn|12
|inactive|urogallo has 120 seconds left.
|
|t:|1758286231
|switch|p1a: Corviknight|Corviknight, M|100/100
|-damage|p1a: Corviknight|88/100|[from] Stealth Rock
|move|p2a: Gliscor|Facade|p1a: Corviknight
|-resisted|p1a: Corviknight
|-damage|p1a: Corviknight|71/100
|-damage|p2a: Gliscor|84/100 tox|[from] item: Rocky Helmet|[of] p1a: Corviknight
|
|-damage|p2a: Gliscor|72/100 tox|[from] Leech Seed|[of] p1a: Corviknight
|-heal|p1a: Corviknight|82/100|[silent]
|-heal|p2a: Gliscor|84/100 tox|[from] ability: Poison Heal
|upkeep
|turn|13
|inactive|urogallo has 120 seconds left.
|
|t:|1758286244
|switch|p2a: Raging Bolt|Raging Bolt|100/100
|move|p1a: Corviknight|Iron Defense|p1a: Corviknight
|-boost|p1a: Corviknight|def|2
|
|-fieldend|move: Trick Room
|upkeep
|turn|14
|
|t:|1758286252
|switch|p1a: Venusaur|Venusaur, F|77/100
|-damage|p1a: Venusaur|64/100|[from] Stealth Rock
|move|p2a: Raging Bolt|Volt Switch|p1a: Venusaur
|-resisted|p1a: Venusaur
|-damage|p1a: Venusaur|49/100
|
|t:|1758286259
|-end|p2a: Raging Bolt|Protosynthesis|[silent]
|switch|p2a: Scizor|Scizor, M|100/100|[from] Volt Switch
|
|upkeep
|turn|15
|
|t:|1758286264
|move|p1a: Venusaur|Synthesis|p1a: Venusaur
|-heal|p1a: Venusaur|99/100
|move|p2a: Scizor|U-turn|p1a: Venusaur
|-damage|p1a: Venusaur|31/100
|
|t:|1758286269
|switch|p2a: Walking Wake|Walking Wake, tera:Water|60/100|[from] U-turn
|
|upkeep
|turn|16
|
|t:|1758286274
|move|p2a: Walking Wake|Hydro Steam|p1a: Venusaur
|-resisted|p1a: Venusaur
|-damage|p1a: Venusaur|4/100
|move|p1a: Venusaur|Synthesis|p1a: Venusaur
|-heal|p1a: Venusaur|54/100
|
|upkeep
|turn|17
|
|t:|1758286281
|-end|p2a: Walking Wake|Protosynthesis|[silent]
|switch|p2a: Torkoal|Torkoal, F|100/100
|-weather|SunnyDay|[from] ability: Drought|[of] p2a: Torkoal
|move|p1a: Venusaur|Leech Seed|p2a: Torkoal
|-start|p2a: Torkoal|move: Leech Seed
|
|-weather|SunnyDay|[upkeep]
|-damage|p2a: Torkoal|88/100|[from] Leech Seed|[of] p1a: Venusaur
|-heal|p1a: Venusaur|66/100|[silent]
|upkeep
|turn|18
|
|t:|1758286292
|switch|p1a: Dusclops|Dusclops, M|72/100
|-damage|p1a: Dusclops|60/100|[from] Stealth Rock
|-ability|p1a: Dusclops|Pressure
|move|p2a: Torkoal|Lava Plume|p1a: Dusclops
|-damage|p1a: Dusclops|42/100
|-status|p1a: Dusclops|brn
|
|-weather|SunnyDay|[upkeep]
|-damage|p2a: Torkoal|76/100|[from] Leech Seed|[of] p1a: Dusclops
|-heal|p1a: Dusclops|56/100 brn|[silent]
|-damage|p1a: Dusclops|50/100 brn|[from] brn
|upkeep
|turn|19
|
|t:|1758286305
|switch|p2a: Gliscor|Gliscor, F|84/100 tox
|move|p1a: Dusclops|Pain Split|p2a: Gliscor
|-sethp|p2a: Gliscor|62/100 tox|[from] move: Pain Split|[silent]
|-sethp|p1a: Dusclops|77/100 brn|[from] move: Pain Split
|
|-weather|SunnyDay|[upkeep]
|-heal|p2a: Gliscor|75/100 tox|[from] ability: Poison Heal
|-damage|p1a: Dusclops|71/100 brn|[from] brn
|upkeep
|turn|20
|
|t:|1758286316
|switch|p1a: Corviknight|Corviknight, M|82/100
|-damage|p1a: Corviknight|70/100|[from] Stealth Rock
|move|p2a: Gliscor|Knock Off|p1a: Corviknight
|-damage|p1a: Corviknight|56/100
|-damage|p2a: Gliscor|58/100 tox|[from] item: Rocky Helmet|[of] p1a: Corviknight
|-enditem|p1a: Corviknight|Rocky Helmet|[from] move: Knock Off|[of] p2a: Gliscor
|
|-weather|SunnyDay|[upkeep]
|-heal|p2a: Gliscor|71/100 tox|[from] ability: Poison Heal
|upkeep
|turn|21
|
|t:|1758286328
|switch|p2a: Walking Wake|Walking Wake, tera:Water|60/100
|-activate|p2a: Walking Wake|ability: Protosynthesis
|-start|p2a: Walking Wake|protosynthesisspe
|move|p1a: Corviknight|Roost|p1a: Corviknight
|-heal|p1a: Corviknight|100/100
|-singleturn|p1a: Corviknight|move: Roost
|
|-weather|SunnyDay|[upkeep]
|upkeep
|turn|22
|
|t:|1758286339
|switch|p1a: Dusclops|Dusclops, M|71/100 brn
|-damage|p1a: Dusclops|59/100 brn|[from] Stealth Rock
|-ability|p1a: Dusclops|Pressure
|move|p2a: Walking Wake|Hydro Steam|p1a: Dusclops
|-damage|p1a: Dusclops|4/100 brn
|
|-weather|SunnyDay|[upkeep]
|-damage|p1a: Dusclops|0 fnt|[from] brn
|faint|p1a: Dusclops
|upkeep
|
|t:|1758286349
|switch|p1a: Venusaur|Venusaur, F|66/100
|-damage|p1a: Venusaur|53/100|[from] Stealth Rock
|turn|23
|
|t:|1758286355
|move|p2a: Walking Wake|Hydro Steam|p1a: Venusaur
|-resisted|p1a: Venusaur
|-damage|p1a: Venusaur|16/100
|move|p1a: Venusaur|Synthesis|p1a: Venusaur
|-heal|p1a: Venusaur|82/100
|
|-weather|SunnyDay|[upkeep]
|upkeep
|turn|24
|
|t:|1758286364
|-end|p2a: Walking Wake|Protosynthesis|[silent]
|switch|p2a: Scizor|Scizor, M|100/100
|move|p1a: Venusaur|Leech Seed|p2a: Scizor
|-start|p2a: Scizor|move: Leech Seed
|
|-weather|none
|-damage|p2a: Scizor|88/100|[from] Leech Seed|[of] p1a: Venusaur
|-heal|p1a: Venusaur|94/100|[silent]
|upkeep
|turn|25
|
|t:|1758286372
|switch|p1a: Corviknight|Corviknight, M|100/100
|-damage|p1a: Corviknight|88/100|[from] Stealth Rock
|move|p2a: Scizor|U-turn|p1a: Corviknight
|-resisted|p1a: Corviknight
|-damage|p1a: Corviknight|78/100
|
|t:|1758286378
|switch|p2a: Walking Wake|Walking Wake, tera:Water|60/100|[from] U-turn
|
|upkeep
|turn|26
|
|t:|1758286383
|switch|p1a: Venusaur|Venusaur, F|94/100
|-damage|p1a: Venusaur|82/100|[from] Stealth Rock
|move|p2a: Walking Wake|Hydro Steam|p1a: Venusaur
|-resisted|p1a: Venusaur
|-damage|p1a: Venusaur|53/100
|
|upkeep
|turn|27
|
|t:|1758286392
|-end|p2a: Walking Wake|Protosynthesis|[silent]
|switch|p2a: Scizor|Scizor, M|88/100
|move|p1a: Venusaur|Leech Seed|p2a: Scizor
|-start|p2a: Scizor|move: Leech Seed
|
|-damage|p2a: Scizor|76/100|[from] Leech Seed|[of] p1a: Venusaur
|-heal|p1a: Venusaur|64/100|[silent]
|upkeep
|turn|28
|
|t:|1758286403
|switch|p1a: Corviknight|Corviknight, M|78/100
|-damage|p1a: Corviknight|66/100|[from] Stealth Rock
|move|p2a: Scizor|U-turn|p1a: Corviknight
|-resisted|p1a: Corviknight
|-damage|p1a: Corviknight|57/100
|
|t:|1758286410
|switch|p2a: Walking Wake|Walking Wake, tera:Water|60/100|[from] U-turn
|
|upkeep
|turn|29
|
|t:|1758286416
|move|p2a: Walking Wake|Hydro Steam|p1a: Corviknight
|-damage|p1a: Corviknight|0 fnt
|faint|p1a: Corviknight
|
|upkeep
|
|t:|1758286420
|switch|p1a: Frosmoth|Frosmoth, M|100/100
|turn|30
|
|t:|1758286425
|-end|p2a: Walking Wake|Protosynthesis|[silent]
|switch|p2a: Scizor|Scizor, M|76/100
|move|p1a: Frosmoth|Quiver Dance|p1a: Frosmoth
|-boost|p1a: Frosmoth|spa|1
|-boost|p1a: Frosmoth|spd|1
|-boost|p1a: Frosmoth|spe|1
|
|upkeep
|turn|31
|
|t:|1758286452
|-terastallize|p1a: Frosmoth|Fire
|move|p1a: Frosmoth|Quiver Dance|p1a: Frosmoth
|-boost|p1a: Frosmoth|spa|1
|-boost|p1a: Frosmoth|spd|1
|-boost|p1a: Frosmoth|spe|1
|move|p2a: Scizor|Dual Wingbeat|p1a: Frosmoth|[miss]
|-miss|p2a: Scizor|p1a: Frosmoth
|
|upkeep
|turn|32
|
|t:|1758286461
|move|p1a: Frosmoth|Tera Blast|p2a: Scizor|[anim] Tera Blast Fire
|-supereffective|p2a: Scizor
|-damage|p2a: Scizor|0 fnt
|faint|p2a: Scizor
|
|upkeep
|
|t:|1758286467
|switch|p2a: Torkoal|Torkoal, F|76/100
|-weather|SunnyDay|[from] ability: Drought|[of] p2a: Torkoal
|turn|33
|
|t:|1758286474
|switch|p2a: Walking Wake|Walking Wake, tera:Water|60/100
|-activate|p2a: Walking Wake|ability: Protosynthesis
|-start|p2a: Walking Wake|protosynthesisspe
|move|p1a: Frosmoth|Quiver Dance|p1a: Frosmoth
|-boost|p1a: Frosmoth|spa|1
|-boost|p1a: Frosmoth|spd|1
|-boost|p1a: Frosmoth|spe|1
|
|-weather|SunnyDay|[upkeep]
|upkeep
|turn|34
|
|t:|1758286484
|move|p1a: Frosmoth|Giga Drain|p2a: Walking Wake
|-supereffective|p2a: Walking Wake
|-damage|p2a: Walking Wake|0 fnt
|faint|p2a: Walking Wake
|-end|p2a: Walking Wake|Protosynthesis|[silent]
|
|-weather|SunnyDay|[upkeep]
|upkeep
|-message|hnhgjmmkn forfeited.
|
|win|urogallo
|raw|urogallo's rating: 1278 &rarr; <strong>1303</strong><br />(+25 for winning)
|raw|hnhgjmmkn's rating: 1272 &rarr; <strong>1247</strong><br />(-25 for losing)
|l|☆hnhgjmmkn
|player|p2|
|l|☆urogallo
|player|p1|
