|j|☆Stelazine
|j|☆tcloud
|t:|1758288444
|gametype|singles
|player|p1|Stelazine|benga|1378
|player|p2|tcloud|fisherman-gen4|1423
|gen|9
|tier|[Gen 9] OU
|rated|
|rule|HP Percentage Mod: HP is shown in percentages
|rule|Endless Battle Clause: Forcing endless battles is banned
|rule|Species Clause: Limit one of each Pokémon
|rule|OHKO Clause: OHKO moves are banned
|rule|Evasion Items Clause: Evasion items are banned
|rule|Evasion Moves Clause: Evasion moves are banned
|rule|Evasion Abilities Clause: Evasion abilities are banned
|rule|Sleep Moves Clause: Sleep-inducing moves are banned
|clearpoke
|poke|p1|Avalugg-Hisui, M|
|poke|p1|Ditto|
|poke|p1|Ogerpon, F|
|poke|p1|Zamazenta-*|
|poke|p1|Iron Valiant|
|poke|p1|Kyurem|
|poke|p2|Pelipper, F|
|poke|p2|Hatterene, F|
|poke|p2|Iron Treads|
|poke|p2|Toxicroak, F|
|poke|p2|Barraskewda, F|
|poke|p2|Zapdos|
|teampreview
|inactive|Battle timer is ON: inactive players will automatically lose when time's up. (requested by Stelazine)
|
|t:|1758288460
|teamsize|p1|6
|teamsize|p2|6
|start
|switch|p1a: Avalugg|Avalugg-Hisui, M|100/100
|switch|p2a: Iron Treads|Iron Treads|100/100
|turn|1
|
|t:|1758288466
|move|p2a: Iron Treads|Stealth Rock|p1a: Avalugg
|-sidestart|p1: Stelazine|move: Stealth Rock
|move|p1a: Avalugg|Stealth Rock|p2a: Iron Treads
|-sidestart|p2: tcloud|move: Stealth Rock
|
|upkeep
|turn|2
|
|t:|1758288469
|move|p2a: Iron Treads|Rapid Spin|p1a: Avalugg
|-resisted|p1a: Avalugg
|-damage|p1a: Avalugg|97/100
|-boost|p2a: Iron Treads|spe|1
|-sideend|p2: tcloud|Stealth Rock|[from] move: Rapid Spin|[of] p2a: Iron Treads
|move|p1a: Avalugg|Rapid Spin|p2a: Iron Treads
|-resisted|p2a: Iron Treads
|-damage|p2a: Iron Treads|93/100
|-boost|p1a: Avalugg|spe|1
|-sideend|p1: Stelazine|Stealth Rock|[from] move: Rapid Spin|[of] p1a: Avalugg
|
|-heal|p2a: Iron Treads|99/100|[from] item: Leftovers
|upkeep
|turn|3
|
|t:|1758288475
|move|p2a: Iron Treads|Earthquake|p1a: Avalugg
|-supereffective|p1a: Avalugg
|-damage|p1a: Avalugg|57/100
|move|p1a: Avalugg|Stealth Rock|p2a: Iron Treads
|-sidestart|p2: tcloud|move: Stealth Rock
|
|-heal|p2a: Iron Treads|100/100|[from] item: Leftovers
|upkeep
|turn|4
|
|t:|1758288478
|move|p2a: Iron Treads|Rapid Spin|p1a: Avalugg
|-resisted|p1a: Avalugg
|-damage|p1a: Avalugg|54/100
|-boost|p2a: Iron Treads|spe|1
|-sideend|p2: tcloud|Stealth Rock|[from] move: Rapid Spin|[of] p2a: Iron Treads
|move|p1a: Avalugg|Mountain Gale|p2a: Iron Treads
|-damage|p2a: Iron Treads|58/100
|
|-heal|p2a: Iron Treads|64/100|[from] item: Leftovers
|upkeep
|turn|5
|
|t:|1758288482
|move|p2a: Iron Treads|Earthquake|p1a: Avalugg
|-supereffective|p1a: Avalugg
|-damage|p1a: Avalugg|11/100
|move|p1a: Avalugg|Mountain Gale|p2a: Iron Treads
|-damage|p2a: Iron Treads|20/100
|
|-heal|p2a: Iron Treads|26/100|[from] item: Leftovers
|upkeep
|turn|6
|-enditem|p1a: Avalugg|Custap Berry|[eat]
|-activate|p1a: Avalugg|item: Custap Berry|[consumed]
|
|t:|1758288487
|move|p1a: Avalugg|Mountain Gale|p2a: Iron Treads
|-damage|p2a: Iron Treads|0 fnt
|faint|p2a: Iron Treads
|-end|p2a: Iron Treads|Quark Drive|[silent]
|
|upkeep
|
|t:|1758288493
|switch|p2a: Barraskewda|Barraskewda, F|100/100
|turn|7
|
|t:|1758288501
|move|p2a: Barraskewda|Flip Turn|p1a: Avalugg
|-supereffective|p1a: Avalugg
|-damage|p1a: Avalugg|0 fnt
|faint|p1a: Avalugg
|
|t:|1758288505
|switch|p2a: Pelipper|Pelipper, F|100/100|[from] Flip Turn
|-weather|RainDance|[from] ability: Drizzle|[of] p2a: Pelipper
|
|-weather|RainDance|[upkeep]
|upkeep
|
|t:|1758288512
|switch|p1a: Kyurem|Kyurem|100/100
|-ability|p1a: Kyurem|Pressure
|turn|8
|
|t:|1758288518
|switch|p2a: Hatterene|Hatterene, F|100/100
|move|p1a: Kyurem|Dragon Dance|p1a: Kyurem
|-boost|p1a: Kyurem|atk|1
|-boost|p1a: Kyurem|spe|1
|
|-weather|RainDance|[upkeep]
|upkeep
|turn|9
|
|t:|1758288525
|-terastallize|p1a: Kyurem|Ice
|move|p1a: Kyurem|Icicle Spear|p2a: Hatterene
|-damage|p2a: Hatterene|73/100
|-damage|p2a: Hatterene|46/100
|-damage|p2a: Hatterene|17/100
|-hitcount|p2a: Hatterene|3
|-enditem|p2a: Hatterene|Eject Button
|
|t:|1758288530
|switch|p2a: Barraskewda|Barraskewda, F|100/100
|
|-weather|RainDance|[upkeep]
|upkeep
|turn|10
|
|t:|1758288534
|-terastallize|p2a: Barraskewda|Water
|move|p2a: Barraskewda|Liquidation|p1a: Kyurem
|-damage|p1a: Kyurem|0 fnt
|faint|p1a: Kyurem
|
|-weather|RainDance|[upkeep]
|upkeep
|
|t:|1758288540
|switch|p1a: Ogerpon|Ogerpon, F|100/100
|turn|11
|
|t:|1758288547
|switch|p2a: Zapdos|Zapdos|100/100
|move|p1a: Ogerpon|Knock Off|p2a: Zapdos
|-damage|p2a: Zapdos|63/100
|-enditem|p2a: Zapdos|Choice Specs|[from] move: Knock Off|[of] p1a: Ogerpon
|
|-weather|RainDance|[upkeep]
|upkeep
|turn|12
|
|t:|1758288557
|switch|p1a: Ditto|Ditto|100/100
|-transform|p1a: Ditto|p2a: Zapdos|[from] ability: Imposter
|move|p2a: Zapdos|Hurricane|p1a: Ditto
|-resisted|p1a: Ditto
|-damage|p1a: Ditto|64/100
|
|-weather|RainDance|[upkeep]
|upkeep
|turn|13
|
|t:|1758288563
|switch|p2a: Hatterene|Hatterene, F|17/100
|move|p1a: Ditto|Thunder|p2a: Hatterene
|-damage|p2a: Hatterene|0 fnt
|faint|p2a: Hatterene
|
|-weather|RainDance|[upkeep]
|upkeep
|
|t:|1758288565
|switch|p2a: Barraskewda|Barraskewda, F, tera:Water|100/100
|turn|14
|
|t:|1758288568
|move|p2a: Barraskewda|Flip Turn|p1a: Ditto
|-damage|p1a: Ditto|0 fnt
|faint|p1a: Ditto
|
|t:|1758288572
|switch|p2a: Zapdos|Zapdos|63/100|[from] Flip Turn
|
|-weather|none
|upkeep
|
|t:|1758288577
|switch|p1a: Iron Valiant|Iron Valiant|100/100
|-enditem|p1a: Iron Valiant|Booster Energy
|-activate|p1a: Iron Valiant|ability: Quark Drive|[fromitem]
|-start|p1a: Iron Valiant|quarkdrivespe
|turn|15
|
|t:|1758288581
|move|p1a: Iron Valiant|Moonblast|p2a: Zapdos
|-damage|p2a: Zapdos|8/100
|move|p2a: Zapdos|Volt Switch|p1a: Iron Valiant
|-damage|p1a: Iron Valiant|28/100
|
|t:|1758288586
|switch|p2a: Pelipper|Pelipper, F|100/100|[from] Volt Switch
|-weather|RainDance|[from] ability: Drizzle|[of] p2a: Pelipper
|
|-weather|RainDance|[upkeep]
|upkeep
|turn|16
|
|t:|1758288590
|move|p1a: Iron Valiant|Moonblast|p2a: Pelipper
|-damage|p2a: Pelipper|56/100
|move|p2a: Pelipper|Hurricane|p1a: Iron Valiant
|-supereffective|p1a: Iron Valiant
|-damage|p1a: Iron Valiant|0 fnt
|faint|p1a: Iron Valiant
|-end|p1a: Iron Valiant|Quark Drive|[silent]
|
|-weather|RainDance|[upkeep]
|upkeep
|-message|Stelazine forfeited.
|
|win|tcloud
|raw|Stelazine's rating: 1378 &rarr; <strong>1361</strong><br />(-17 for losing)
|raw|tcloud's rating: 1423 &rarr; <strong>1440</strong><br />(+17 for winning)
|l|☆Stelazine
|player|p1|
|l|☆tcloud
|player|p2|
