|j|☆Ayayaphone
|j|☆Dareven
|t:|1758346449
|gametype|singles
|player|p1|Ayayaphone|102|1365
|player|p2|Dareven|n|1384
|gen|9
|tier|[Gen 9] OU
|rated|
|rule|HP Percentage Mod: HP is shown in percentages
|rule|Endless Battle Clause: Forcing endless battles is banned
|rule|Species Clause: Limit one of each Pokémon
|rule|OHKO Clause: OHKO moves are banned
|rule|Evasion Items Clause: Evasion items are banned
|rule|Evasion Moves Clause: Evasion moves are banned
|rule|Evasion Abilities Clause: Evasion abilities are banned
|rule|Sleep Moves Clause: Sleep-inducing moves are banned
|clearpoke
|poke|p1|Jirachi|
|poke|p1|Landorus-Therian, M|
|poke|p1|Glimmora, M|
|poke|p1|Incineroar, F|
|poke|p1|Ogerpon, F|
|poke|p1|Indeedee, M|
|poke|p2|Ceruledge, F|
|poke|p2|Ninetales, F|
|poke|p2|Leavanny, F|
|poke|p2|Great Tusk|
|poke|p2|Raging Bolt|
|poke|p2|Walking Wake|
|teampreview
|inactive|Battle timer is ON: inactive players will automatically lose when time's up. (requested by Ayayaphone)
|
|t:|1758346476
|teamsize|p1|6
|teamsize|p2|6
|start
|switch|p1a: Glimmora|Glimmora, M|100/100
|switch|p2a: Ninetales|Ninetales, F, shiny|100/100
|-weather|SunnyDay|[from] ability: Drought|[of] p2a: Ninetales
|turn|1
|
|t:|1758346484
|move|p2a: Ninetales|Scorching Sands|p1a: Glimmora
|-supereffective|p1a: Glimmora
|-crit|p1a: Glimmora
|-damage|p1a: Glimmora|8/100
|move|p1a: Glimmora|Spikes|p2a: Ninetales
|-sidestart|p2: Dareven|Spikes
|
|-weather|SunnyDay|[upkeep]
|-heal|p1a: Glimmora|14/100|[from] item: Black Sludge
|upkeep
|turn|2
|
|t:|1758346494
|move|p1a: Glimmora|Spiky Shield|p1a: Glimmora
|-singleturn|p1a: Glimmora|move: Protect
|move|p2a: Ninetales|Scorching Sands|p1a: Glimmora
|-activate|p1a: Glimmora|move: Protect
|
|-weather|SunnyDay|[upkeep]
|-heal|p1a: Glimmora|20/100|[from] item: Black Sludge
|upkeep
|turn|3
|
|t:|1758346507
|switch|p1a: Landorus|Landorus-Therian, M|100/100
|-ability|p1a: Landorus|Intimidate|boost
|-unboost|p2a: Ninetales|atk|1
|move|p2a: Ninetales|Weather Ball|p1a: Landorus
|-damage|p1a: Landorus|48/100
|
|-weather|SunnyDay|[upkeep]
|upkeep
|turn|4
|
|t:|1758346516
|switch|p1a: Incineroar|Incineroar, F|100/100
|-ability|p1a: Incineroar|Intimidate|boost
|-unboost|p2a: Ninetales|atk|1
|move|p2a: Ninetales|Weather Ball|p1a: Incineroar
|-resisted|p1a: Incineroar
|-damage|p1a: Incineroar|78/100
|
|-weather|SunnyDay|[upkeep]
|upkeep
|turn|5
|
|t:|1758346520
|move|p2a: Ninetales|Scorching Sands|p1a: Incineroar
|-supereffective|p1a: Incineroar
|-damage|p1a: Incineroar|49/100
|move|p1a: Incineroar|Parting Shot|p2a: Ninetales
|-unboost|p2a: Ninetales|atk|1
|-unboost|p2a: Ninetales|spa|1
|
|t:|1758346532
|switch|p1a: Indeedee|Indeedee, M|100/100|[from] Parting Shot
|-fieldstart|move: Psychic Terrain|[from] ability: Psychic Surge|[of] p1a: Indeedee
|
|-weather|SunnyDay|[upkeep]
|upkeep
|turn|6
|
|t:|1758346539
|switch|p2a: Leavanny|Leavanny, F, shiny|100/100
|-damage|p2a: Leavanny|88/100|[from] Spikes
|move|p1a: Indeedee|Expanding Force|p2a: Leavanny
|-damage|p2a: Leavanny|0 fnt
|faint|p2a: Leavanny
|
|-weather|SunnyDay|[upkeep]
|upkeep
|
|t:|1758346550
|switch|p2a: Great Tusk|Great Tusk|100/100
|-activate|p2a: Great Tusk|ability: Protosynthesis
|-start|p2a: Great Tusk|protosynthesisatk
|turn|7
|
|t:|1758346556
|move|p1a: Indeedee|Expanding Force|p2a: Great Tusk
|-supereffective|p2a: Great Tusk
|-damage|p2a: Great Tusk|0 fnt
|faint|p2a: Great Tusk
|-end|p2a: Great Tusk|Protosynthesis|[silent]
|
|-weather|SunnyDay|[upkeep]
|upkeep
|
|t:|1758346564
|switch|p2a: Raging Bolt|Raging Bolt|100/100
|-damage|p2a: Raging Bolt|88/100|[from] Spikes
|-activate|p2a: Raging Bolt|ability: Protosynthesis
|-start|p2a: Raging Bolt|protosynthesisspa
|turn|8
|
|t:|1758346573
|switch|p1a: Jirachi|Jirachi|100/100
|move|p2a: Raging Bolt|Thunderclap||[still]
|-fail|p2a: Raging Bolt
|
|-weather|none
|-end|p2a: Raging Bolt|Protosynthesis
|-heal|p2a: Raging Bolt|94/100|[from] item: Leftovers
|upkeep
|turn|9
|
|t:|1758346580
|move|p2a: Raging Bolt|Calm Mind|p2a: Raging Bolt
|-boost|p2a: Raging Bolt|spa|1
|-boost|p2a: Raging Bolt|spd|1
|move|p1a: Jirachi|Wish|p1a: Jirachi
|
|-heal|p2a: Raging Bolt|100/100|[from] item: Leftovers
|-fieldend|move: Psychic Terrain
|upkeep
|turn|10
|
|t:|1758346586
|move|p2a: Raging Bolt|Calm Mind|p2a: Raging Bolt
|-boost|p2a: Raging Bolt|spa|1
|-boost|p2a: Raging Bolt|spd|1
|move|p1a: Jirachi|Psychic Noise|p2a: Raging Bolt
|-crit|p2a: Raging Bolt
|-damage|p2a: Raging Bolt|52/100
|-start|p2a: Raging Bolt|move: Heal Block
|
|upkeep
|turn|11
|
|t:|1758346597
|move|p2a: Raging Bolt|Thunderbolt|p1a: Jirachi
|-damage|p1a: Jirachi|16/100
|move|p1a: Jirachi|Stealth Rock|p2a: Raging Bolt
|-sidestart|p2: Dareven|move: Stealth Rock
|
|-heal|p1a: Jirachi|22/100|[from] item: Leftovers
|-end|p2a: Raging Bolt|move: Heal Block
|upkeep
|turn|12
|
|t:|1758346609
|switch|p1a: Landorus|Landorus-Therian, M|48/100
|-ability|p1a: Landorus|Intimidate|boost
|-unboost|p2a: Raging Bolt|atk|1
|move|p2a: Raging Bolt|Thunderclap||[still]
|-fail|p2a: Raging Bolt
|
|-heal|p2a: Raging Bolt|58/100|[from] item: Leftovers
|upkeep
|turn|13
|
|t:|1758346614
|-terastallize|p2a: Raging Bolt|Fairy
|move|p1a: Landorus|Earthquake|p2a: Raging Bolt
|-damage|p2a: Raging Bolt|0 fnt
|faint|p2a: Raging Bolt
|-end|p2a: Raging Bolt|Protosynthesis|[silent]
|
|upkeep
|
|t:|1758346619
|switch|p2a: Ninetales|Ninetales, F, shiny|100/100
|-damage|p2a: Ninetales|88/100|[from] Spikes
|-damage|p2a: Ninetales|63/100|[from] Stealth Rock
|-weather|SunnyDay|[from] ability: Drought|[of] p2a: Ninetales
|turn|14
|inactive|Ayayaphone has 120 seconds left.
|
|t:|1758346649
|switch|p1a: Ogerpon|Ogerpon, F|100/100
|move|p2a: Ninetales|Weather Ball|p1a: Ogerpon
|-supereffective|p1a: Ogerpon
|-damage|p1a: Ogerpon|0 fnt
|faint|p1a: Ogerpon
|
|-weather|SunnyDay|[upkeep]
|upkeep
|
|t:|1758346653
|switch|p1a: Indeedee|Indeedee, M|100/100
|-fieldstart|move: Psychic Terrain|[from] ability: Psychic Surge|[of] p1a: Indeedee
|turn|15
|
|t:|1758346657
|-terastallize|p1a: Indeedee|Psychic
|move|p1a: Indeedee|Expanding Force|p2a: Ninetales
|-crit|p2a: Ninetales
|-damage|p2a: Ninetales|0 fnt
|faint|p2a: Ninetales
|
|-weather|SunnyDay|[upkeep]
|upkeep
|
|t:|1758346663
|switch|p2a: Ceruledge|Ceruledge, F|100/100
|-damage|p2a: Ceruledge|88/100|[from] Spikes
|-damage|p2a: Ceruledge|63/100|[from] Stealth Rock
|turn|16
|
|t:|1758346666
|move|p2a: Ceruledge|Shadow Sneak|p1a: Indeedee
|-activate|p1a: Indeedee|move: Psychic Terrain
|move|p1a: Indeedee|Expanding Force|p2a: Ceruledge
|-damage|p2a: Ceruledge|0 fnt
|faint|p2a: Ceruledge
|
|-weather|SunnyDay|[upkeep]
|upkeep
|-message|Dareven forfeited.
|
|win|Ayayaphone
|raw|Ayayaphone's rating: 1365 &rarr; <strong>1386</strong><br />(+21 for winning)
|raw|Dareven's rating: 1384 &rarr; <strong>1363</strong><br />(-21 for losing)
|l|☆Dareven
|player|p2|
|l|☆Ayayaphone
|player|p1|
