|j|☆Zetious
|j|☆Bigbassfisherman
|t:|1758319302
|gametype|singles
|player|p1|Zetious|iris-gen5bw2|1248
|player|p2|Bigbassfisherman|fisherman-gen4|1286
|gen|9
|tier|[Gen 9] OU
|rated|
|rule|HP Percentage Mod: HP is shown in percentages
|rule|Endless Battle Clause: Forcing endless battles is banned
|rule|Species Clause: Limit one of each Pokémon
|rule|OHKO Clause: OHKO moves are banned
|rule|Evasion Items Clause: Evasion items are banned
|rule|Evasion Moves Clause: Evasion moves are banned
|rule|Evasion Abilities Clause: Evasion abilities are banned
|rule|Sleep Moves Clause: Sleep-inducing moves are banned
|clearpoke
|poke|p1|Garganacl, F|
|poke|p1|Dragapult, F|
|poke|p1|Ogerpon-Wellspring, F|
|poke|p1|Moltres|
|poke|p1|Zamazenta-*|
|poke|p1|Iron Treads|
|poke|p2|Ogerpon-Wellspring, F|
|poke|p2|Coalossal, F|
|poke|p2|Porygon2|
|poke|p2|Moltres-Galar|
|poke|p2|Gholdengo|
|poke|p2|Clodsire, M|
|teampreview
|inactive|Battle timer is ON: inactive players will automatically lose when time's up. (requested by Zetious)
|
|t:|1758319317
|teamsize|p1|6
|teamsize|p2|6
|start
|switch|p1a: Iron Treads|Iron Treads|100/100
|switch|p2a: Porygon2|Porygon2|100/100
|turn|1
|
|t:|1758319325
|move|p1a: Iron Treads|Knock Off|p2a: Porygon2
|-damage|p2a: Porygon2|88/100
|-enditem|p2a: Porygon2|Eviolite|[from] move: Knock Off|[of] p1a: Iron Treads
|move|p2a: Porygon2|Ice Beam|p1a: Iron Treads
|-damage|p1a: Iron Treads|84/100
|
|-heal|p1a: Iron Treads|90/100|[from] item: Leftovers
|upkeep
|turn|2
|
|t:|1758319331
|switch|p2a: Ogerpon|Ogerpon-Wellspring, F|100/100
|move|p1a: Iron Treads|Stealth Rock|p2a: Ogerpon
|-sidestart|p2: Bigbassfisherman|move: Stealth Rock
|
|-heal|p1a: Iron Treads|96/100|[from] item: Leftovers
|upkeep
|turn|3
|
|t:|1758319334
|-end|p1a: Iron Treads|Quark Drive|[silent]
|switch|p1a: Ogerpon|Ogerpon-Wellspring, F|100/100
|move|p2a: Ogerpon|Swords Dance|p2a: Ogerpon
|-boost|p2a: Ogerpon|atk|2
|
|upkeep
|turn|4
|
|t:|1758319342
|move|p2a: Ogerpon|Horn Leech|p1a: Ogerpon
|-damage|p1a: Ogerpon|4/100
|move|p1a: Ogerpon|Trailblaze|p2a: Ogerpon
|-damage|p2a: Ogerpon|65/100
|-boost|p1a: Ogerpon|spe|1
|
|upkeep
|turn|5
|
|t:|1758319357
|switch|p2a: Moltres|Moltres-Galar|100/100
|-damage|p2a: Moltres|75/100|[from] Stealth Rock
|move|p1a: Ogerpon|Trailblaze|p2a: Moltres
|-resisted|p2a: Moltres
|-damage|p2a: Moltres|61/100
|-boost|p1a: Ogerpon|spe|1
|
|upkeep
|turn|6
|
|t:|1758319363
|move|p2a: Moltres|Sucker Punch|p1a: Ogerpon
|-damage|p1a: Ogerpon|0 fnt
|faint|p1a: Ogerpon
|
|upkeep
|
|t:|1758319369
|switch|p1a: Garganacl|Garganacl, F|100/100
|turn|7
|
|t:|1758319386
|switch|p2a: Ogerpon|Ogerpon-Wellspring, F|65/100
|-damage|p2a: Ogerpon|52/100|[from] Stealth Rock
|move|p1a: Garganacl|Salt Cure|p2a: Ogerpon
|-damage|p2a: Ogerpon|34/100
|-start|p2a: Ogerpon|Salt Cure
|
|-damage|p2a: Ogerpon|9/100|[from] Salt Cure
|upkeep
|turn|8
|
|t:|1758319399
|switch|p1a: Moltres|Moltres|100/100
|move|p2a: Ogerpon|Horn Leech|p1a: Moltres
|-resisted|p1a: Moltres
|-damage|p1a: Moltres|92/100
|-heal|p2a: Ogerpon|14/100|[from] drain|[of] p1a: Moltres
|-status|p2a: Ogerpon|brn|[from] ability: Flame Body|[of] p1a: Moltres
|
|-damage|p2a: Ogerpon|8/100 brn|[from] brn
|-damage|p2a: Ogerpon|0 fnt|[from] Salt Cure
|faint|p2a: Ogerpon
|upkeep
|
|t:|1758319403
|switch|p2a: Coalossal|Coalossal, F|100/100
|turn|9
|
|t:|1758319416
|switch|p1a: Garganacl|Garganacl, F|100/100
|move|p2a: Coalossal|Stealth Rock|p1a: Garganacl
|-sidestart|p1: Zetious|move: Stealth Rock
|
|upkeep
|turn|10
|
|t:|1758319423
|move|p1a: Garganacl|Salt Cure|p2a: Coalossal
|-supereffective|p2a: Coalossal
|-damage|p2a: Coalossal|86/100
|-start|p2a: Coalossal|Salt Cure
|move|p2a: Coalossal|Rapid Spin|p1a: Garganacl
|-resisted|p1a: Garganacl
|-damage|p1a: Garganacl|97/100
|-boost|p2a: Coalossal|spe|1
|-sideend|p2: Bigbassfisherman|Stealth Rock|[from] move: Rapid Spin|[of] p2a: Coalossal
|
|-heal|p1a: Garganacl|100/100|[from] item: Leftovers
|-damage|p2a: Coalossal|73/100|[from] Salt Cure
|upkeep
|turn|11
|
|t:|1758319434
|switch|p2a: Gholdengo|Gholdengo|100/100
|-item|p2a: Gholdengo|Air Balloon
|move|p1a: Garganacl|Iron Defense|p1a: Garganacl
|-boost|p1a: Garganacl|def|2
|
|upkeep
|turn|12
|
|t:|1758319441
|-terastallize|p1a: Garganacl|Electric
|move|p2a: Gholdengo|Nasty Plot|p2a: Gholdengo
|-boost|p2a: Gholdengo|spa|2
|move|p1a: Garganacl|Salt Cure|p2a: Gholdengo
|-resisted|p2a: Gholdengo
|-damage|p2a: Gholdengo|96/100
|-start|p2a: Gholdengo|Salt Cure
|-enditem|p2a: Gholdengo|Air Balloon
|
|-damage|p2a: Gholdengo|71/100|[from] Salt Cure
|upkeep
|turn|13
|
|t:|1758319449
|move|p2a: Gholdengo|Nasty Plot|p2a: Gholdengo
|-boost|p2a: Gholdengo|spa|2
|move|p1a: Garganacl|Recover||[still]
|-fail|p1a: Garganacl|heal
|
|-damage|p2a: Gholdengo|46/100|[from] Salt Cure
|upkeep
|turn|14
|
|t:|1758319453
|move|p2a: Gholdengo|Make It Rain|p1a: Garganacl
|-resisted|p1a: Garganacl
|-damage|p1a: Garganacl|49/100
|-unboost|p2a: Gholdengo|spa|1
|move|p1a: Garganacl|Recover|p1a: Garganacl
|-heal|p1a: Garganacl|99/100
|
|-heal|p1a: Garganacl|100/100|[from] item: Leftovers
|-damage|p2a: Gholdengo|21/100|[from] Salt Cure
|upkeep
|turn|15
|
|t:|1758319458
|move|p2a: Gholdengo|Hex|p1a: Garganacl
|-damage|p1a: Garganacl|78/100
|move|p1a: Garganacl|Recover|p1a: Garganacl
|-heal|p1a: Garganacl|100/100
|
|-damage|p2a: Gholdengo|0 fnt|[from] Salt Cure
|faint|p2a: Gholdengo
|upkeep
|-message|Bigbassfisherman forfeited.
|
|win|Zetious
|raw|Zetious's rating: 1248 &rarr; <strong>1276</strong><br />(+28 for winning)
|raw|Bigbassfisherman's rating: 1286 &rarr; <strong>1258</strong><br />(-28 for losing)
|l|☆Bigbassfisherman
|player|p2|
|l|☆Zetious
|player|p1|
