|j|☆catcat77
|j|☆vernie72
|t:|1758343450
|gametype|singles
|player|p1|catcat77|caitlin|1486
|player|p2|vernie72|hoopster|1530
|gen|9
|tier|[Gen 9] OU
|rated|
|rule|HP Percentage Mod: HP is shown in percentages
|rule|Endless Battle Clause: Forcing endless battles is banned
|rule|Species Clause: Limit one of each Pokémon
|rule|OHKO Clause: OHKO moves are banned
|rule|Evasion Items Clause: Evasion items are banned
|rule|Evasion Moves Clause: Evasion moves are banned
|rule|Evasion Abilities Clause: Evasion abilities are banned
|rule|Sleep Moves Clause: Sleep-inducing moves are banned
|clearpoke
|poke|p1|Ogerpon-Wellspring, F|
|poke|p1|Kingambit, F|
|poke|p1|Great Tusk|
|poke|p1|Raging Bolt|
|poke|p1|Iron Crown|
|poke|p1|Zamazenta-*|
|poke|p2|Ursaluna, M|
|poke|p2|Ninetales-Alola, M|
|poke|p2|Iron Crown|
|poke|p2|Alomomola, M|
|poke|p2|Kyurem|
|poke|p2|Talonflame, F|
|teampreview
|inactive|Battle timer is ON: inactive players will automatically lose when time's up. (requested by vernie72)
|
|t:|1758343455
|teamsize|p1|6
|teamsize|p2|6
|start
|switch|p1a: Zamazenta|Zamazenta|100/100
|switch|p2a: MVP|Ninetales-Alola, M|100/100
|-weather|Snowscape|[from] ability: Snow Warning|[of] p2a: MVP
|-ability|p1a: Zamazenta|Dauntless Shield|boost
|-boost|p1a: Zamazenta|def|1
|turn|1
|
|t:|1758343465
|switch|p1a: Iron Crown|Iron Crown|100/100
|move|p2a: MVP|Moonblast|p1a: Iron Crown
|-resisted|p1a: Iron Crown
|-damage|p1a: Iron Crown|83/100
|
|-weather|Snowscape|[upkeep]
|upkeep
|turn|2
|
|t:|1758343470
|switch|p2a: Cumplidor|Iron Crown|100/100
|move|p1a: Iron Crown|Tachyon Cutter|p2a: Cumplidor
|-resisted|p2a: Cumplidor
|-damage|p2a: Cumplidor|87/100
|-resisted|p2a: Cumplidor
|-damage|p2a: Cumplidor|73/100
|-hitcount|p2a: Cumplidor|2
|
|-weather|Snowscape|[upkeep]
|upkeep
|turn|3
|
|t:|1758343478
|move|p2a: Cumplidor|Future Sight|p1a: Iron Crown
|-start|p2a: Cumplidor|move: Future Sight
|move|p1a: Iron Crown|Tachyon Cutter|p2a: Cumplidor
|-resisted|p2a: Cumplidor
|-crit|p2a: Cumplidor
|-damage|p2a: Cumplidor|53/100
|-resisted|p2a: Cumplidor
|-damage|p2a: Cumplidor|41/100
|-hitcount|p2a: Cumplidor|2
|
|-weather|Snowscape|[upkeep]
|upkeep
|turn|4
|
|t:|1758343481
|move|p2a: Cumplidor|Volt Switch|p1a: Iron Crown
|-damage|p1a: Iron Crown|61/100
|
|t:|1758343500
|-end|p2a: Cumplidor|Quark Drive|[silent]
|switch|p2a: Mini moltres|Talonflame, F|100/100|[from] Volt Switch
|move|p1a: Iron Crown|Tachyon Cutter|p2a: Mini moltres
|-resisted|p2a: Mini moltres
|-damage|p2a: Mini moltres|77/100
|-resisted|p2a: Mini moltres
|-damage|p2a: Mini moltres|49/100
|-hitcount|p2a: Mini moltres|2
|
|-weather|Snowscape|[upkeep]
|upkeep
|turn|5
|
|t:|1758343506
|move|p2a: Mini moltres|Flare Blitz|p1a: Iron Crown
|-supereffective|p1a: Iron Crown
|-damage|p1a: Iron Crown|0 fnt
|faint|p1a: Iron Crown
|-end|p1a: Iron Crown|Quark Drive|[silent]
|-damage|p2a: Mini moltres|31/100|[from] Recoil
|
|-weather|none
|-hint|Future Sight did not hit because the target is fainted.
|upkeep
|
|t:|1758343513
|switch|p1a: Ogerpon|Ogerpon-Wellspring, F|100/100
|turn|6
|
|t:|1758343522
|-terastallize|p1a: Ogerpon|Water
|detailschange|p1a: Ogerpon|Ogerpon-Wellspring-Tera, F, tera:Water
|-ability|p1a: Ogerpon|Embody Aspect (Wellspring)|boost
|-boost|p1a: Ogerpon|spd|1
|move|p2a: Mini moltres|Will-O-Wisp|p1a: Ogerpon
|-status|p1a: Ogerpon|brn
|move|p1a: Ogerpon|Swords Dance|p1a: Ogerpon
|-boost|p1a: Ogerpon|atk|2
|
|-damage|p1a: Ogerpon|95/100 brn|[from] brn
|upkeep
|turn|7
|
|t:|1758343530
|switch|p2a: MVP|Ninetales-Alola, M|100/100
|-weather|Snowscape|[from] ability: Snow Warning|[of] p2a: MVP
|move|p1a: Ogerpon|Ivy Cudgel|p2a: MVP|[anim] Ivy Cudgel Water
|-damage|p2a: MVP|15/100
|
|-weather|Snowscape|[upkeep]
|-damage|p1a: Ogerpon|89/100 brn|[from] brn
|upkeep
|turn|8
|
|t:|1758343536
|switch|p2a: Pippen|Kyurem|100/100
|-ability|p2a: Pippen|Pressure
|move|p1a: Ogerpon|Ivy Cudgel|p2a: Pippen|[anim] Ivy Cudgel Water
|-resisted|p2a: Pippen
|-damage|p2a: Pippen|77/100
|
|-weather|Snowscape|[upkeep]
|-damage|p1a: Ogerpon|83/100 brn|[from] brn
|upkeep
|turn|9
|
|t:|1758343540
|move|p1a: Ogerpon|Ivy Cudgel|p2a: Pippen|[anim] Ivy Cudgel Water
|-resisted|p2a: Pippen
|-damage|p2a: Pippen|54/100
|move|p2a: Pippen|Dragon Dance|p2a: Pippen
|-boost|p2a: Pippen|atk|1
|-boost|p2a: Pippen|spe|1
|
|-weather|Snowscape|[upkeep]
|-damage|p1a: Ogerpon|77/100 brn|[from] brn
|upkeep
|turn|10
|
|t:|1758343545
|move|p2a: Pippen|Scale Shot|p1a: Ogerpon
|-damage|p1a: Ogerpon|48/100 brn
|-damage|p1a: Ogerpon|20/100 brn
|-damage|p1a: Ogerpon|0 fnt
|faint|p1a: Ogerpon
|detailschange|p1: Ogerpon|Ogerpon-Wellspring, F|[silent]
|-hitcount|p1: Ogerpon|3
|-unboost|p2a: Pippen|def|1
|-boost|p2a: Pippen|spe|1
|
|-weather|Snowscape|[upkeep]
|upkeep
|
|t:|1758343551
|switch|p1a: Kingambit|Kingambit, F|100/100
|turn|11
|
|t:|1758343553
|switch|p2a: Mini moltres|Talonflame, F|31/100
|move|p1a: Kingambit|Sucker Punch||[still]
|-fail|p1a: Kingambit
|
|-weather|none
|upkeep
|turn|12
|
|t:|1758343555
|move|p1a: Kingambit|Sucker Punch||[still]
|-fail|p1a: Kingambit
|move|p2a: Mini moltres|Roost|p2a: Mini moltres
|-heal|p2a: Mini moltres|82/100
|-singleturn|p2a: Mini moltres|move: Roost
|
|upkeep
|turn|13
|
|t:|1758343559
|switch|p1a: Raging Bolt|Raging Bolt|100/100
|move|p2a: Mini moltres|Will-O-Wisp|p1a: Raging Bolt
|-status|p1a: Raging Bolt|brn
|
|-damage|p1a: Raging Bolt|94/100 brn|[from] brn
|upkeep
|turn|14
|
|t:|1758343563
|switch|p2a: Benito|Ursaluna, M|100/100
|move|p1a: Raging Bolt|Thunderbolt|p2a: Benito
|-immune|p2a: Benito
|
|-heal|p1a: Raging Bolt|100/100 brn|[from] item: Leftovers
|-damage|p1a: Raging Bolt|94/100 brn|[from] brn
|-status|p2a: Benito|brn|[from] item: Flame Orb
|upkeep
|turn|15
|
|t:|1758343565
|move|p1a: Raging Bolt|Draco Meteor|p2a: Benito
|-damage|p2a: Benito|50/100 brn
|-unboost|p1a: Raging Bolt|spa|2
|move|p2a: Benito|Facade|p1a: Raging Bolt
|-damage|p1a: Raging Bolt|10/100 brn
|
|-heal|p1a: Raging Bolt|17/100 brn|[from] item: Leftovers
|-damage|p1a: Raging Bolt|10/100 brn|[from] brn
|-damage|p2a: Benito|44/100 brn|[from] brn
|upkeep
|turn|16
|
|t:|1758343571
|-end|p1a: Raging Bolt|Protosynthesis|[silent]
|switch|p1a: Zamazenta|Zamazenta|100/100
|switch|p2a: Cumplidor|Iron Crown|41/100
|
|upkeep
|turn|17
|
|t:|1758343573
|move|p2a: Cumplidor|Future Sight|p1a: Zamazenta
|-start|p2a: Cumplidor|move: Future Sight
|move|p1a: Zamazenta|Body Press|p2a: Cumplidor
|-damage|p2a: Cumplidor|0 fnt
|faint|p2a: Cumplidor
|-end|p2a: Cumplidor|Quark Drive|[silent]
|
|upkeep
|
|t:|1758343581
|switch|p2a: Alomoñoña|Alomomola, M|100/100
|turn|18
|
|t:|1758343587
|move|p1a: Zamazenta|Body Press|p2a: Alomoñoña
|-damage|p2a: Alomoñoña|74/100
|move|p2a: Alomoñoña|Wish|p2a: Alomoñoña
|
|upkeep
|turn|19
|
|t:|1758343590
|switch|p1a: Kingambit|Kingambit, F|100/100
|move|p2a: Alomoñoña|Flip Turn|p1a: Kingambit
|-damage|p1a: Kingambit|89/100
|
|t:|1758343601
|switch|p2a: MVP|Ninetales-Alola, M|15/100|[from] Flip Turn
|-weather|Snowscape|[from] ability: Snow Warning|[of] p2a: MVP
|
|-weather|Snowscape|[upkeep]
|-end|p1a: Kingambit|move: Future Sight
|-immune|p1a: Kingambit
|-heal|p2a: MVP|97/100|[from] move: Wish|[wisher] Alomoñoña
|upkeep
|turn|20
|
|t:|1758343612
|move|p2a: MVP|Aurora Veil|p2a: MVP
|-sidestart|p2: vernie72|move: Aurora Veil
|move|p1a: Kingambit|Iron Head|p2a: MVP
|-supereffective|p2a: MVP
|-damage|p2a: MVP|5/100
|
|-weather|Snowscape|[upkeep]
|upkeep
|turn|21
|
|t:|1758343616
|switch|p2a: Mini moltres|Talonflame, F|82/100
|move|p1a: Kingambit|Brick Break|p2a: Mini moltres
|-sideend|p2: vernie72|move: Aurora Veil
|-resisted|p2a: Mini moltres
|-damage|p2a: Mini moltres|63/100
|
|-weather|Snowscape|[upkeep]
|upkeep
|turn|22
|
|t:|1758343620
|move|p2a: Mini moltres|Will-O-Wisp|p1a: Kingambit
|-status|p1a: Kingambit|brn
|-enditem|p1a: Kingambit|Lum Berry|[eat]
|-curestatus|p1a: Kingambit|brn|[msg]
|move|p1a: Kingambit|Kowtow Cleave|p2a: Mini moltres
|-damage|p2a: Mini moltres|0 fnt
|-status|p1a: Kingambit|brn|[from] ability: Flame Body|[of] p2a: Mini moltres
|faint|p2a: Mini moltres
|
|-weather|Snowscape|[upkeep]
|-damage|p1a: Kingambit|83/100 brn|[from] brn
|upkeep
|
|t:|1758343627
|switch|p2a: Alomoñoña|Alomomola, M|100/100
|turn|23
|
|t:|1758343630
|switch|p1a: Raging Bolt|Raging Bolt|10/100 brn
|move|p2a: Alomoñoña|Wish|p2a: Alomoñoña
|
|-weather|none
|-heal|p1a: Raging Bolt|17/100 brn|[from] item: Leftovers
|-damage|p1a: Raging Bolt|10/100 brn|[from] brn
|upkeep
|turn|24
|
|t:|1758343633
|switch|p2a: Benito|Ursaluna, M|44/100 brn
|move|p1a: Raging Bolt|Thunderbolt|p2a: Benito
|-immune|p2a: Benito
|
|-heal|p2a: Benito|98/100 brn|[from] move: Wish|[wisher] Alomoñoña
|-heal|p1a: Raging Bolt|17/100 brn|[from] item: Leftovers
|-damage|p1a: Raging Bolt|10/100 brn|[from] brn
|-damage|p2a: Benito|92/100 brn|[from] brn
|upkeep
|turn|25
|
|t:|1758343636
|move|p1a: Raging Bolt|Draco Meteor|p2a: Benito
|-damage|p2a: Benito|43/100 brn
|-unboost|p1a: Raging Bolt|spa|2
|move|p2a: Benito|Facade|p1a: Raging Bolt
|-damage|p1a: Raging Bolt|0 fnt
|faint|p1a: Raging Bolt
|-end|p1a: Raging Bolt|Protosynthesis|[silent]
|
|-damage|p2a: Benito|37/100 brn|[from] brn
|upkeep
|
|t:|1758343640
|switch|p1a: Great Tusk|Great Tusk|100/100
|turn|26
|
|t:|1758343644
|switch|p2a: Alomoñoña|Alomomola, M|100/100
|move|p1a: Great Tusk|Close Combat|p2a: Alomoñoña
|-damage|p2a: Alomoñoña|67/100
|-unboost|p1a: Great Tusk|def|1
|-unboost|p1a: Great Tusk|spd|1
|
|upkeep
|turn|27
|
|t:|1758343650
|-end|p1a: Great Tusk|Protosynthesis|[silent]
|switch|p1a: Zamazenta|Zamazenta|100/100
|move|p2a: Alomoñoña|Wish|p2a: Alomoñoña
|
|upkeep
|turn|28
|
|t:|1758343652
|move|p1a: Zamazenta|Iron Defense|p1a: Zamazenta
|-boost|p1a: Zamazenta|def|2
|move|p2a: Alomoñoña|Flip Turn|p1a: Zamazenta
|-damage|p1a: Zamazenta|96/100
|-damage|p2a: Alomoñoña|51/100|[from] item: Rocky Helmet|[of] p1a: Zamazenta
|
|t:|1758343654
|switch|p2a: MVP|Ninetales-Alola, M|5/100|[from] Flip Turn
|-weather|Snowscape|[from] ability: Snow Warning|[of] p2a: MVP
|
|-weather|Snowscape|[upkeep]
|-heal|p2a: MVP|87/100|[from] move: Wish|[wisher] Alomoñoña
|upkeep
|turn|29
|
|t:|1758343661
|-terastallize|p2a: MVP|Ghost
|move|p2a: MVP|Encore|p1a: Zamazenta
|-start|p1a: Zamazenta|Encore
|move|p1a: Zamazenta|Iron Defense|p1a: Zamazenta
|-boost|p1a: Zamazenta|def|2
|
|-weather|Snowscape|[upkeep]
|upkeep
|turn|30
|
|t:|1758343664
|switch|p1a: Kingambit|Kingambit, F|83/100 brn
|move|p2a: MVP|Aurora Veil|p2a: MVP
|-sidestart|p2: vernie72|move: Aurora Veil
|
|-weather|Snowscape|[upkeep]
|-damage|p1a: Kingambit|77/100 brn|[from] brn
|upkeep
|turn|31
|
|t:|1758343667
|switch|p2a: Alomoñoña|Alomomola, M|84/100
|move|p1a: Kingambit|Kowtow Cleave|p2a: Alomoñoña
|-damage|p2a: Alomoñoña|77/100
|
|-weather|Snowscape|[upkeep]
|-damage|p1a: Kingambit|71/100 brn|[from] brn
|upkeep
|turn|32
|
|t:|1758343670
|move|p1a: Kingambit|Brick Break|p2a: Alomoñoña
|-sideend|p2: vernie72|move: Aurora Veil
|-damage|p2a: Alomoñoña|68/100
|move|p2a: Alomoñoña|Wish|p2a: Alomoñoña
|
|-weather|none
|-damage|p1a: Kingambit|65/100 brn|[from] brn
|upkeep
|turn|33
|
|t:|1758343674
|switch|p1a: Zamazenta|Zamazenta|96/100
|move|p2a: Alomoñoña|Flip Turn|p1a: Zamazenta
|-damage|p1a: Zamazenta|86/100
|-damage|p2a: Alomoñoña|52/100|[from] item: Rocky Helmet|[of] p1a: Zamazenta
|
|t:|1758343676
|switch|p2a: MVP|Ninetales-Alola, M, tera:Ghost|87/100|[from] Flip Turn
|-weather|Snowscape|[from] ability: Snow Warning|[of] p2a: MVP
|
|-weather|Snowscape|[upkeep]
|-heal|p2a: MVP|100/100|[from] move: Wish|[wisher] Alomoñoña
|upkeep
|turn|34
|
|t:|1758343679
|move|p2a: MVP|Moonblast|p1a: Zamazenta
|-supereffective|p1a: Zamazenta
|-damage|p1a: Zamazenta|25/100
|move|p1a: Zamazenta|Crunch|p2a: MVP
|-supereffective|p2a: MVP
|-damage|p2a: MVP|38/100
|
|-weather|Snowscape|[upkeep]
|upkeep
|turn|35
|
|t:|1758343683
|switch|p1a: Kingambit|Kingambit, F|65/100 brn
|move|p2a: MVP|Moonblast|p1a: Kingambit
|-damage|p1a: Kingambit|27/100 brn
|
|-weather|Snowscape|[upkeep]
|-damage|p1a: Kingambit|21/100 brn|[from] brn
|upkeep
|turn|36
|
|t:|1758343686
|switch|p2a: Alomoñoña|Alomomola, M|85/100
|move|p1a: Kingambit|Sucker Punch||[still]
|-fail|p1a: Kingambit
|
|-weather|Snowscape|[upkeep]
|-damage|p1a: Kingambit|15/100 brn|[from] brn
|upkeep
|turn|37
|
|t:|1758343690
|move|p1a: Kingambit|Kowtow Cleave|p2a: Alomoñoña
|-crit|p2a: Alomoñoña
|-damage|p2a: Alomoñoña|62/100
|move|p2a: Alomoñoña|Wish|p2a: Alomoñoña
|
|-weather|none
|-damage|p1a: Kingambit|9/100 brn|[from] brn
|upkeep
|turn|38
|
|t:|1758343692
|move|p1a: Kingambit|Kowtow Cleave|p2a: Alomoñoña
|-crit|p2a: Alomoñoña
|-damage|p2a: Alomoñoña|39/100
|move|p2a: Alomoñoña|Flip Turn|p1a: Kingambit
|-damage|p1a: Kingambit|0 fnt
|faint|p1a: Kingambit
|
|t:|1758343694
|switch|p2a: MVP|Ninetales-Alola, M, tera:Ghost|38/100|[from] Flip Turn
|-weather|Snowscape|[from] ability: Snow Warning|[of] p2a: MVP
|
|-weather|Snowscape|[upkeep]
|-heal|p2a: MVP|100/100|[from] move: Wish|[wisher] Alomoñoña
|upkeep
|
|t:|1758343696
|switch|p1a: Great Tusk|Great Tusk|100/100
|turn|39
|
|t:|1758343699
|move|p2a: MVP|Moonblast|p1a: Great Tusk
|-supereffective|p1a: Great Tusk
|-damage|p1a: Great Tusk|1/100
|-unboost|p1a: Great Tusk|spa|1
|move|p1a: Great Tusk|Headlong Rush|p2a: MVP
|-damage|p2a: MVP|17/100
|-unboost|p1a: Great Tusk|def|1
|-unboost|p1a: Great Tusk|spd|1
|
|-weather|Snowscape|[upkeep]
|upkeep
|turn|40
|
|t:|1758343702
|move|p2a: MVP|Moonblast|p1a: Great Tusk
|-supereffective|p1a: Great Tusk
|-damage|p1a: Great Tusk|0 fnt
|faint|p1a: Great Tusk
|-end|p1a: Great Tusk|Protosynthesis|[silent]
|
|-weather|Snowscape|[upkeep]
|upkeep
|
|t:|1758343703
|switch|p1a: Zamazenta|Zamazenta|25/100
|turn|41
|
|t:|1758343706
|move|p2a: MVP|Moonblast|p1a: Zamazenta
|-supereffective|p1a: Zamazenta
|-damage|p1a: Zamazenta|0 fnt
|faint|p1a: Zamazenta
|
|win|vernie72
|raw|catcat77's rating: 1486 &rarr; <strong>1469</strong><br />(-17 for losing)
|raw|vernie72's rating: 1530 &rarr; <strong>1547</strong><br />(+17 for winning)
|l|☆catcat77
|player|p1|
|l|☆vernie72
|player|p2|
