|j|☆3657748d
|j|☆buzz check my h
|t:|1758313909
|gametype|singles
|player|p1|3657748d|1|1000
|player|p2|buzz check my h|170|1000
|gen|9
|tier|[Gen 9] OU
|rated|
|rule|HP Percentage Mod: HP is shown in percentages
|rule|Endless Battle Clause: Forcing endless battles is banned
|rule|Species Clause: Limit one of each Pokémon
|rule|OHKO Clause: OHKO moves are banned
|rule|Evasion Items Clause: Evasion items are banned
|rule|Evasion Moves Clause: Evasion moves are banned
|rule|Evasion Abilities Clause: Evasion abilities are banned
|rule|Sleep Moves Clause: Sleep-inducing moves are banned
|clearpoke
|poke|p1|Araquanid, F|
|poke|p1|Glimmora, F|
|poke|p1|Darkrai|
|poke|p1|Kingambit, M|
|poke|p1|Enamorus, F|
|poke|p1|Dragapult, F|
|poke|p2|Deoxys-Speed|
|poke|p2|Dragonite, F|
|poke|p2|Ogerpon-Wellspring, F|
|poke|p2|Kingambit, F|
|poke|p2|Hatterene, F|
|poke|p2|Great Tusk|
|teampreview
|inactive|Battle timer is ON: inactive players will automatically lose when time's up. (requested by buzz check my h)
|
|t:|1758313923
|teamsize|p1|6
|teamsize|p2|6
|start
|switch|p1a: Enamorus|Enamorus, F|100/100
|switch|p2a: Deoxys|Deoxys-Speed|100/100
|-ability|p2a: Deoxys|Pressure
|turn|1
|
|t:|1758313945
|move|p2a: Deoxys|Light Screen|p2a: Deoxys
|-sidestart|p2: buzz check my h|move: Light Screen
|move|p1a: Enamorus|Play Rough|p2a: Deoxys
|-damage|p2a: Deoxys|46/100
|
|upkeep
|turn|2
|
|t:|1758313960
|move|p2a: Deoxys|Reflect|p2a: Deoxys
|-sidestart|p2: buzz check my h|Reflect
|move|p1a: Enamorus|Superpower|p2a: Deoxys
|-resisted|p2a: Deoxys
|-damage|p2a: Deoxys|35/100
|-boost|p1a: Enamorus|atk|1
|-boost|p1a: Enamorus|def|1
|
|upkeep
|turn|3
|
|t:|1758313973
|move|p2a: Deoxys|Psycho Boost|p1a: Enamorus|[miss]
|-miss|p2a: Deoxys|p1a: Enamorus
|move|p1a: Enamorus|Superpower|p2a: Deoxys
|-resisted|p2a: Deoxys
|-damage|p2a: Deoxys|19/100
|-boost|p1a: Enamorus|atk|1
|-boost|p1a: Enamorus|def|1
|
|upkeep
|turn|4
|
|t:|1758313982
|move|p2a: Deoxys|Psycho Boost|p1a: Enamorus
|-damage|p1a: Enamorus|57/100
|-unboost|p2a: Deoxys|spa|2
|move|p1a: Enamorus|Superpower|p2a: Deoxys
|-resisted|p2a: Deoxys
|-damage|p2a: Deoxys|0 fnt
|-boost|p1a: Enamorus|atk|1
|-boost|p1a: Enamorus|def|1
|faint|p2a: Deoxys
|
|upkeep
|
|t:|1758313992
|switch|p2a: Kingambit|Kingambit, F, shiny|100/100
|-activate|p2a: Kingambit|ability: Supreme Overlord
|-start|p2a: Kingambit|fallen1|[silent]
|turn|5
|
|t:|1758314013
|switch|p1a: Araquanid|Araquanid, F|100/100
|move|p2a: Kingambit|Iron Head|p1a: Araquanid
|-resisted|p1a: Araquanid
|-damage|p1a: Araquanid|72/100
|
|upkeep
|turn|6
|
|t:|1758314020
|move|p2a: Kingambit|Swords Dance|p2a: Kingambit
|-boost|p2a: Kingambit|atk|2
|move|p1a: Araquanid|Sticky Web|p2a: Kingambit
|-sidestart|p2: buzz check my h|move: Sticky Web
|
|upkeep
|turn|7
|
|t:|1758314029
|move|p2a: Kingambit|Swords Dance|p2a: Kingambit
|-boost|p2a: Kingambit|atk|2
|move|p1a: Araquanid|Hydro Pump|p2a: Kingambit
|-damage|p2a: Kingambit|70/100
|
|-heal|p2a: Kingambit|76/100|[from] item: Leftovers
|upkeep
|turn|8
|
|t:|1758314041
|move|p2a: Kingambit|Swords Dance|p2a: Kingambit
|-boost|p2a: Kingambit|atk|2
|move|p1a: Araquanid|Hydro Pump|p2a: Kingambit
|-damage|p2a: Kingambit|45/100
|
|-heal|p2a: Kingambit|51/100|[from] item: Leftovers
|-sideend|p2: buzz check my h|move: Light Screen
|upkeep
|turn|9
|
|t:|1758314050
|move|p2a: Kingambit|Kowtow Cleave|p1a: Araquanid
|-damage|p1a: Araquanid|0 fnt
|faint|p1a: Araquanid
|
|-heal|p2a: Kingambit|58/100|[from] item: Leftovers
|-sideend|p2: buzz check my h|Reflect
|upkeep
|
|t:|1758314071
|switch|p1a: Enamorus|Enamorus, F|57/100
|turn|10
|
|t:|1758314078
|move|p2a: Kingambit|Sucker Punch|p1a: Enamorus
|-resisted|p1a: Enamorus
|-damage|p1a: Enamorus|0 fnt
|faint|p1a: Enamorus
|
|-heal|p2a: Kingambit|64/100|[from] item: Leftovers
|upkeep
|
|t:|1758314093
|switch|p1a: Dragapult|Dragapult, F|100/100
|turn|11
|
|t:|1758314099
|move|p1a: Dragapult|Dragon Dance|p1a: Dragapult
|-boost|p1a: Dragapult|atk|1
|-boost|p1a: Dragapult|spe|1
|move|p2a: Kingambit|Kowtow Cleave|p1a: Dragapult
|-supereffective|p1a: Dragapult
|-damage|p1a: Dragapult|0 fnt
|faint|p1a: Dragapult
|
|-heal|p2a: Kingambit|70/100|[from] item: Leftovers
|upkeep
|
|t:|1758314111
|switch|p1a: Kingambit|Kingambit, M|100/100
|-activate|p1a: Kingambit|ability: Supreme Overlord
|-start|p1a: Kingambit|fallen3|[silent]
|turn|12
|
|t:|1758314120
|move|p1a: Kingambit|Low Kick|p2a: Kingambit
|-supereffective|p2a: Kingambit
|-damage|p2a: Kingambit|0 fnt
|faint|p2a: Kingambit
|-end|p2a: Kingambit|fallen1|[silent]
|
|upkeep
|
|t:|1758314128
|switch|p2a: Great Tusk|Great Tusk, shiny|100/100
|-activate|p2a: Great Tusk|move: Sticky Web
|-unboost|p2a: Great Tusk|spe|1
|turn|13
|
|t:|1758314133
|move|p2a: Great Tusk|Rapid Spin|p1a: Kingambit
|-resisted|p1a: Kingambit
|-damage|p1a: Kingambit|94/100
|-boost|p2a: Great Tusk|spe|1
|-sideend|p2: buzz check my h|Sticky Web|[from] move: Rapid Spin|[of] p2a: Great Tusk
|move|p1a: Kingambit|Low Kick|p2a: Great Tusk
|-damage|p2a: Great Tusk|48/100
|
|-heal|p2a: Great Tusk|54/100|[from] item: Leftovers
|upkeep
|turn|14
|
|t:|1758314147
|-end|p1a: Kingambit|fallen3|[silent]
|switch|p1a: Darkrai|Darkrai|100/100
|move|p2a: Great Tusk|Earthquake|p1a: Darkrai
|-damage|p1a: Darkrai|38/100
|
|-heal|p2a: Great Tusk|60/100|[from] item: Leftovers
|upkeep
|turn|15
|
|t:|1758314170
|-end|p2a: Great Tusk|Protosynthesis|[silent]
|switch|p2a: Hatterene|Hatterene, F|100/100
|move|p1a: Darkrai|Nasty Plot|p1a: Darkrai
|-boost|p1a: Darkrai|spa|2
|
|upkeep
|turn|16
|
|t:|1758314185
|move|p1a: Darkrai|Sludge Bomb|p2a: Hatterene
|-supereffective|p2a: Hatterene
|-damage|p2a: Hatterene|0 fnt
|faint|p2a: Hatterene
|
|upkeep
|
|t:|1758314192
|switch|p2a: Dragonite|Dragonite, F, shiny|100/100
|turn|17
|
|t:|1758314207
|-terastallize|p2a: Dragonite|Fairy
|move|p1a: Darkrai|Dark Pulse|p2a: Dragonite
|-resisted|p2a: Dragonite
|-damage|p2a: Dragonite|78/100
|cant|p2a: Dragonite|flinch
|
|upkeep
|turn|18
|
|t:|1758314223
|move|p1a: Darkrai|Sludge Bomb|p2a: Dragonite
|-supereffective|p2a: Dragonite
|-damage|p2a: Dragonite|0 fnt
|faint|p2a: Dragonite
|
|upkeep
|
|t:|1758314229
|switch|p2a: Ogerpon|Ogerpon-Wellspring, F|100/100
|turn|19
|
|t:|1758314236
|move|p1a: Darkrai|Thunder|p2a: Ogerpon
|-crit|p2a: Ogerpon
|-damage|p2a: Ogerpon|0 fnt
|faint|p2a: Ogerpon
|
|upkeep
|
|t:|1758314242
|switch|p2a: Great Tusk|Great Tusk, shiny|60/100
|turn|20
|
|t:|1758314245
|move|p1a: Darkrai|Dark Pulse|p2a: Great Tusk
|-resisted|p2a: Great Tusk
|-damage|p2a: Great Tusk|3/100
|cant|p2a: Great Tusk|flinch
|
|-heal|p2a: Great Tusk|9/100|[from] item: Leftovers
|upkeep
|turn|21
|
|t:|1758314253
|move|p1a: Darkrai|Dark Pulse|p2a: Great Tusk
|-resisted|p2a: Great Tusk
|-damage|p2a: Great Tusk|0 fnt
|faint|p2a: Great Tusk
|-end|p2a: Great Tusk|Protosynthesis|[silent]
|
|win|3657748d
|raw|3657748d's rating: 1000 &rarr; <strong>1040</strong><br />(+40 for winning)
|raw|buzz check my h's rating: 1000 &rarr; <strong>1000</strong><br />(+0 for losing)
