|j|☆levi6969
|j|☆HuevozRancheroz
|t:|1758333206
|gametype|singles
|player|p1|levi6969|170|1290
|player|p2|HuevozRancheroz|rosa|1329
|gen|9
|tier|[Gen 9] OU
|rated|
|rule|HP Percentage Mod: HP is shown in percentages
|rule|Endless Battle Clause: Forcing endless battles is banned
|rule|Species Clause: Limit one of each Pokémon
|rule|OHKO Clause: OHKO moves are banned
|rule|Evasion Items Clause: Evasion items are banned
|rule|Evasion Moves Clause: Evasion moves are banned
|rule|Evasion Abilities Clause: Evasion abilities are banned
|rule|Sleep Moves Clause: Sleep-inducing moves are banned
|clearpoke
|poke|p1|Hitmonchan, M|
|poke|p1|Orthworm, F|
|poke|p1|Porygon2|
|poke|p1|Ursaluna, M|
|poke|p1|Hatterene, F|
|poke|p1|Tentacruel, M|
|poke|p2|Pincurchin, M|
|poke|p2|Iron Moth|
|poke|p2|Iron Leaves|
|poke|p2|Raging Bolt|
|poke|p2|Rotom-Wash|
|poke|p2|Goodra-Hisui, F|
|teampreview
|inactive|Battle timer is ON: inactive players will automatically lose when time's up. (requested by HuevozRancheroz)
|
|t:|1758333224
|teamsize|p1|6
|teamsize|p2|6
|start
|switch|p1a: Tentacruel|Tentacruel, M, shiny|100/100
|switch|p2a: Rotom|Rotom-Wash|100/100
|turn|1
|
|t:|1758333234
|move|p1a: Tentacruel|Sludge Bomb|p2a: Rotom
|-damage|p2a: Rotom|75/100
|move|p2a: Rotom|Volt Switch|p1a: Tentacruel
|-supereffective|p1a: Tentacruel
|-damage|p1a: Tentacruel|60/100
|
|t:|1758333250
|switch|p2a: Pincurchin|Pincurchin, M|100/100|[from] Volt Switch
|-fieldstart|move: Electric Terrain|[from] ability: Electric Surge|[of] p2a: Pincurchin
|
|upkeep
|turn|2
|
|t:|1758333255
|switch|p1a: Ursaluna|Ursaluna, M, shiny|100/100
|move|p2a: Pincurchin|Thunder Wave|p1a: Ursaluna
|-immune|p1a: Ursaluna
|
|upkeep
|turn|3
|
|t:|1758333264
|switch|p2a: Iron Moth|Iron Moth|100/100
|-item|p2a: Iron Moth|Air Balloon
|-activate|p2a: Iron Moth|ability: Quark Drive
|-start|p2a: Iron Moth|quarkdrivespe
|move|p1a: Ursaluna|Body Slam|p2a: Iron Moth
|-damage|p2a: Iron Moth|33/100
|-enditem|p2a: Iron Moth|Air Balloon
|
|upkeep
|turn|4
|
|t:|1758333279
|move|p2a: Iron Moth|Sludge Wave|p1a: Ursaluna
|-resisted|p1a: Ursaluna
|-damage|p1a: Ursaluna|83/100
|move|p1a: Ursaluna|Body Slam|p2a: Iron Moth
|-crit|p2a: Iron Moth
|-damage|p2a: Iron Moth|0 fnt
|faint|p2a: Iron Moth
|-end|p2a: Iron Moth|Quark Drive|[silent]
|
|-heal|p1a: Ursaluna|90/100|[from] item: Leftovers
|upkeep
|
|t:|1758333286
|switch|p2a: Goodra|Goodra-Hisui, F|100/100
|turn|5
|
|t:|1758333293
|switch|p2a: Rotom|Rotom-Wash|75/100
|move|p1a: Ursaluna|Protect||[still]
|-fail|p1a: Ursaluna
|
|-heal|p2a: Rotom|81/100|[from] item: Leftovers
|-heal|p1a: Ursaluna|96/100|[from] item: Leftovers
|upkeep
|turn|6
|
|t:|1758333298
|move|p1a: Ursaluna|Protect|p1a: Ursaluna
|-singleturn|p1a: Ursaluna|Protect
|move|p2a: Rotom|Hydro Pump|p1a: Ursaluna
|-activate|p1a: Ursaluna|move: Protect
|
|-heal|p2a: Rotom|87/100|[from] item: Leftovers
|-heal|p1a: Ursaluna|100/100|[from] item: Leftovers
|upkeep
|turn|7
|
|t:|1758333307
|switch|p1a: Porygon2|Porygon2|100/100
|-ability|p1a: Porygon2|Download|boost
|-boost|p1a: Porygon2|spa|1
|move|p2a: Rotom|Hydro Pump|p1a: Porygon2
|-damage|p1a: Porygon2|73/100
|
|-heal|p2a: Rotom|93/100|[from] item: Leftovers
|upkeep
|turn|8
|
|t:|1758333320
|move|p2a: Rotom|Thunder Wave|p1a: Porygon2
|-status|p1a: Porygon2|par
|move|p1a: Porygon2|Trick Room|p1a: Porygon2
|-fieldstart|move: Trick Room|[of] p1a: Porygon2
|
|-heal|p2a: Rotom|99/100|[from] item: Leftovers
|-fieldend|move: Electric Terrain
|upkeep
|turn|9
|
|t:|1758333326
|cant|p1a: Porygon2|par
|move|p2a: Rotom|Volt Switch|p1a: Porygon2
|-damage|p1a: Porygon2|57/100 par
|
|t:|1758333331
|switch|p2a: Pincurchin|Pincurchin, M|100/100|[from] Volt Switch
|-fieldstart|move: Electric Terrain|[from] ability: Electric Surge|[of] p2a: Pincurchin
|
|upkeep
|turn|10
|l|☆levi6969
|inactive|levi6969 disconnected and has a minute to reconnect!
|player|p1|
|j|☆levi6969
|inactive|levi6969 reconnected and has 135 seconds left.
|player|p1|levi6969|170|
|
|t:|1758333361
|move|p1a: Porygon2|Tri Attack|p2a: Pincurchin
|-damage|p2a: Pincurchin|22/100
|move|p2a: Pincurchin|Scald|p1a: Porygon2
|-damage|p1a: Porygon2|46/100 par
|
|upkeep
|turn|11
|
|t:|1758333377
|move|p1a: Porygon2|Tri Attack|p2a: Pincurchin
|-damage|p2a: Pincurchin|0 fnt
|faint|p2a: Pincurchin
|
|upkeep
|
|t:|1758333382
|switch|p2a: Raging Bolt|Raging Bolt|100/100
|turn|12
|
|t:|1758333389
|move|p1a: Porygon2|Recover|p1a: Porygon2
|-heal|p1a: Porygon2|96/100 par
|move|p2a: Raging Bolt|Dragon Pulse|p1a: Porygon2
|-damage|p1a: Porygon2|63/100 par
|
|-fieldend|move: Trick Room
|upkeep
|turn|13
|
|t:|1758333395
|move|p2a: Raging Bolt|Rising Voltage|p1a: Porygon2
|-hint|Rising Voltage's BP doubled on grounded target.
|-damage|p1a: Porygon2|0 fnt
|faint|p1a: Porygon2
|
|upkeep
|
|t:|1758333406
|switch|p1a: Ursaluna|Ursaluna, M, shiny|100/100
|turn|14
|
|t:|1758333420
|-end|p2a: Raging Bolt|Protosynthesis|[silent]
|switch|p2a: Rotom|Rotom-Wash|99/100
|move|p1a: Ursaluna|Bulk Up|p1a: Ursaluna
|-boost|p1a: Ursaluna|atk|1
|-boost|p1a: Ursaluna|def|1
|
|-heal|p2a: Rotom|100/100|[from] item: Leftovers
|upkeep
|turn|15
|
|t:|1758333428
|move|p2a: Rotom|Will-O-Wisp|p1a: Ursaluna
|-status|p1a: Ursaluna|brn
|move|p1a: Ursaluna|Body Slam|p2a: Rotom
|-damage|p2a: Rotom|28/100
|
|-heal|p2a: Rotom|35/100|[from] item: Leftovers
|-damage|p1a: Ursaluna|94/100 brn|[from] brn
|upkeep
|turn|16
|
|t:|1758333440
|switch|p1a: Hatterene|Hatterene, F, shiny|100/100
|move|p2a: Rotom|Hydro Pump|p1a: Hatterene
|-damage|p1a: Hatterene|54/100
|
|-heal|p2a: Rotom|41/100|[from] item: Leftovers
|-fieldend|move: Electric Terrain
|upkeep
|turn|17
|
|t:|1758333449
|move|p2a: Rotom|Hydro Pump|p1a: Hatterene|[miss]
|-miss|p2a: Rotom|p1a: Hatterene
|move|p1a: Hatterene|Draining Kiss|p2a: Rotom
|-damage|p2a: Rotom|17/100
|-heal|p1a: Hatterene|72/100|[from] drain|[of] p2a: Rotom
|
|-heal|p2a: Rotom|23/100|[from] item: Leftovers
|upkeep
|turn|18
|
|t:|1758333457
|move|p2a: Rotom|Hydro Pump|p1a: Hatterene
|-damage|p1a: Hatterene|25/100
|move|p1a: Hatterene|Draining Kiss|p2a: Rotom
|-damage|p2a: Rotom|0 fnt
|-heal|p1a: Hatterene|42/100|[from] drain|[of] p2a: Rotom
|faint|p2a: Rotom
|
|upkeep
|
|t:|1758333465
|switch|p2a: Iron Leaves|Iron Leaves|100/100
|turn|19
|
|t:|1758333480
|move|p2a: Iron Leaves|Leaf Blade|p1a: Hatterene
|-damage|p1a: Hatterene|0 fnt
|faint|p1a: Hatterene
|
|upkeep
|
|t:|1758333492
|switch|p1a: Orthworm|Orthworm, F, shiny|100/100
|turn|20
|
|t:|1758333500
|-end|p2a: Iron Leaves|Quark Drive|[silent]
|switch|p2a: Goodra|Goodra-Hisui, F|100/100
|move|p1a: Orthworm|Heavy Slam|p2a: Goodra
|-resisted|p2a: Goodra
|-damage|p2a: Goodra|96/100
|
|-heal|p2a: Goodra|100/100|[from] item: Leftovers
|upkeep
|turn|21
|
|t:|1758333509
|switch|p1a: Hitmonchan|Hitmonchan, M|100/100
|move|p2a: Goodra|Acid Armor|p2a: Goodra
|-boost|p2a: Goodra|def|2
|
|upkeep
|turn|22
|
|t:|1758333523
|-terastallize|p2a: Goodra|Flying
|move|p1a: Hitmonchan|Swords Dance|p1a: Hitmonchan
|-boost|p1a: Hitmonchan|atk|2
|move|p2a: Goodra|Acid Armor|p2a: Goodra
|-boost|p2a: Goodra|def|2
|
|upkeep
|turn|23
|
|t:|1758333531
|move|p1a: Hitmonchan|Swords Dance|p1a: Hitmonchan
|-boost|p1a: Hitmonchan|atk|2
|move|p2a: Goodra|Body Press|p1a: Hitmonchan
|-damage|p1a: Hitmonchan|0 fnt
|faint|p1a: Hitmonchan
|
|upkeep
|-message|levi6969 forfeited.
|
|win|HuevozRancheroz
|raw|levi6969's rating: 1290 &rarr; <strong>1268</strong><br />(-22 for losing)
|raw|HuevozRancheroz's rating: 1329 &rarr; <strong>1347</strong><br />(+18 for winning)
|l|☆levi6969
|player|p1|
|l|☆HuevozRancheroz
|player|p2|
