|j|☆DeCompaniu
|j|☆meronade123
|t:|1758303572
|gametype|singles
|player|p1|DeCompaniu|richboy|1216
|player|p2|meronade123|266|1155
|gen|9
|tier|[Gen 9] OU
|rated|
|rule|HP Percentage Mod: HP is shown in percentages
|rule|Endless Battle Clause: Forcing endless battles is banned
|rule|Species Clause: Limit one of each Pokémon
|rule|OHKO Clause: OHKO moves are banned
|rule|Evasion Items Clause: Evasion items are banned
|rule|Evasion Moves Clause: Evasion moves are banned
|rule|Evasion Abilities Clause: Evasion abilities are banned
|rule|Sleep Moves Clause: Sleep-inducing moves are banned
|clearpoke
|poke|p1|Greedent, F|
|poke|p1|Malamar, F|
|poke|p1|Hawlucha, F|
|poke|p1|Glimmora, F|
|poke|p1|Indeedee, M|
|poke|p1|Polteageist-Antique|
|poke|p2|Lapras, M|
|poke|p2|Pelipper, F|
|poke|p2|Mimikyu, F|
|poke|p2|Iron Valiant|
|poke|p2|Incineroar, F|
|poke|p2|Pikachu-Partner, M|
|teampreview
|
|t:|1758303595
|teamsize|p1|6
|teamsize|p2|6
|start
|switch|p1a: Indeedee|Indeedee, M|100/100
|switch|p2a: Pelipper|Pelipper, F|100/100
|-fieldstart|move: Psychic Terrain|[from] ability: Psychic Surge|[of] p1a: Indeedee
|-weather|RainDance|[from] ability: Drizzle|[of] p2a: Pelipper
|turn|1
|
|t:|1758303610
|switch|p1a: Glimmora|Glimmora, F|100/100
|move|p2a: Pelipper|U-turn|p1a: Glimmora
|-resisted|p1a: Glimmora
|-damage|p1a: Glimmora|96/100
|-activate|p1a: Glimmora|ability: Toxic Debris
|-sidestart|p2: meronade123|move: Toxic Spikes
|
|t:|1758303624
|switch|p2a: Pikachu|Pikachu-Partner, M|100/100|[from] U-turn
|-status|p2a: Pikachu|psn
|
|-weather|RainDance|[upkeep]
|-damage|p2a: Pikachu|88/100 psn|[from] psn
|upkeep
|turn|2
|
|t:|1758303635
|move|p2a: Pikachu|Surf|p1a: Glimmora
|-supereffective|p1a: Glimmora
|-damage|p1a: Glimmora|42/100
|move|p1a: Glimmora|Stealth Rock|p2a: Pikachu
|-sidestart|p2: meronade123|move: Stealth Rock
|
|-weather|RainDance|[upkeep]
|-damage|p2a: Pikachu|76/100 psn|[from] psn
|upkeep
|turn|3
|
|t:|1758303644
|move|p2a: Pikachu|Surf|p1a: Glimmora
|-supereffective|p1a: Glimmora
|-damage|p1a: Glimmora|0 fnt
|faint|p1a: Glimmora
|
|-weather|RainDance|[upkeep]
|-damage|p2a: Pikachu|64/100 psn|[from] psn
|upkeep
|
|t:|1758303653
|switch|p1a: Indeedee|Indeedee, M|100/100
|turn|4
|
|t:|1758303659
|move|p1a: Indeedee|Expanding Force|p2a: Pikachu
|-damage|p2a: Pikachu|0 fnt
|faint|p2a: Pikachu
|
|-weather|RainDance|[upkeep]
|upkeep
|
|t:|1758303669
|switch|p2a: Iron Valiant|Iron Valiant|100/100
|-status|p2a: Iron Valiant|psn
|-damage|p2a: Iron Valiant|95/100 psn|[from] Stealth Rock
|-enditem|p2a: Iron Valiant|Booster Energy
|-activate|p2a: Iron Valiant|ability: Quark Drive|[fromitem]
|-start|p2a: Iron Valiant|quarkdrivespe
|turn|5
|
|t:|1758303678
|switch|p1a: Greedent|Greedent, F|100/100
|move|p2a: Iron Valiant|Substitute|p2a: Iron Valiant
|-start|p2a: Iron Valiant|Substitute
|-damage|p2a: Iron Valiant|70/100 psn
|
|-weather|none
|-damage|p2a: Iron Valiant|57/100 psn|[from] psn
|-fieldend|move: Psychic Terrain
|upkeep
|turn|6
|
|t:|1758303690
|move|p2a: Iron Valiant|Moonblast|p1a: Greedent
|-damage|p1a: Greedent|64/100
|move|p1a: Greedent|Stuff Cheeks|p1a: Greedent
|-boost|p1a: Greedent|def|2
|-enditem|p1a: Greedent|Ganlon Berry|[eat]
|-boost|p1a: Greedent|def|1|[from] item: Ganlon Berry
|-heal|p1a: Greedent|97/100|[from] ability: Cheek Pouch
|
|-damage|p2a: Iron Valiant|45/100 psn|[from] psn
|upkeep
|turn|7
|
|t:|1758303702
|move|p2a: Iron Valiant|Moonblast|p1a: Greedent
|-damage|p1a: Greedent|62/100
|-unboost|p1a: Greedent|spa|1
|move|p1a: Greedent|Body Press|p2a: Iron Valiant
|-resisted|p2a: Iron Valiant
|-end|p2a: Iron Valiant|Substitute
|
|-damage|p2a: Iron Valiant|33/100 psn|[from] psn
|upkeep
|turn|8
|
|t:|1758303713
|move|p2a: Iron Valiant|Destiny Bond|p2a: Iron Valiant
|-singlemove|p2a: Iron Valiant|Destiny Bond
|move|p1a: Greedent|Body Press|p2a: Iron Valiant
|-resisted|p2a: Iron Valiant
|-damage|p2a: Iron Valiant|0 fnt
|faint|p2a: Iron Valiant
|-activate|p2a: Iron Valiant|move: Destiny Bond
|-end|p2a: Iron Valiant|Quark Drive|[silent]
|faint|p1a: Greedent
|
|upkeep
|
|t:|1758303728
|switch|p2a: Pelipper|Pelipper, F|100/100
|switch|p1a: Malamar|Malamar, F|100/100
|-damage|p2a: Pelipper|76/100|[from] Stealth Rock
|-weather|RainDance|[from] ability: Drizzle|[of] p2a: Pelipper
|turn|9
|
|t:|1758303745
|-terastallize|p1a: Malamar|Fairy
|move|p1a: Malamar|Trick|p2a: Pelipper
|-activate|p1a: Malamar|move: Trick|[of] p2a: Pelipper
|-item|p2a: Pelipper|Choice Scarf|[from] move: Trick
|-item|p1a: Malamar|Focus Sash|[from] move: Trick
|move|p2a: Pelipper|Tailwind|p2a: Pelipper
|-sidestart|p2: meronade123|move: Tailwind
|
|-weather|RainDance|[upkeep]
|upkeep
|turn|10
|
|t:|1758303758
|switch|p2a: Incineroar|Incineroar, F|100/100
|-damage|p2a: Incineroar|76/100|[from] Stealth Rock
|-ability|p2a: Incineroar|Intimidate|boost
|-boost|p1a: Malamar|atk|1
|-item|p2a: Incineroar|Air Balloon
|move|p1a: Malamar|Superpower|p2a: Incineroar
|-supereffective|p2a: Incineroar
|-damage|p2a: Incineroar|0 fnt
|-boost|p1a: Malamar|atk|1
|-boost|p1a: Malamar|def|1
|-enditem|p2a: Incineroar|Air Balloon
|faint|p2a: Incineroar
|
|-weather|RainDance|[upkeep]
|upkeep
|
|t:|1758303768
|switch|p2a: Lapras|Lapras, M|100/100
|-status|p2a: Lapras|psn
|-damage|p2a: Lapras|76/100 psn|[from] Stealth Rock
|turn|11
|
|t:|1758303789
|move|p2a: Lapras|Earthquake|p1a: Malamar
|-damage|p1a: Malamar|79/100
|move|p1a: Malamar|Superpower|p2a: Lapras
|-supereffective|p2a: Lapras
|-damage|p2a: Lapras|0 fnt
|-boost|p1a: Malamar|atk|1
|-boost|p1a: Malamar|def|1
|faint|p2a: Lapras
|
|-weather|RainDance|[upkeep]
|upkeep
|
|t:|1758303795
|switch|p2a: Mimikyu|Mimikyu, F|100/100
|-status|p2a: Mimikyu|psn
|-damage|p2a: Mimikyu|88/100 psn|[from] Stealth Rock
|turn|12
|
|t:|1758303808
|-terastallize|p2a: Mimikyu|Grass
|move|p2a: Mimikyu|Swords Dance|p2a: Mimikyu
|-boost|p2a: Mimikyu|atk|2
|move|p1a: Malamar|Knock Off|p2a: Mimikyu
|-activate|p2a: Mimikyu|ability: Disguise
|-damage|p2a: Mimikyu|88/100 psn
|-enditem|p2a: Mimikyu|Life Orb|[from] move: Knock Off|[of] p1a: Malamar
|detailschange|p2a: Mimikyu|Mimikyu-Busted, F, tera:Grass
|-damage|p2a: Mimikyu|76/100 psn|[from] pokemon: Mimikyu-Busted
|
|-weather|RainDance|[upkeep]
|-damage|p2a: Mimikyu|63/100 psn|[from] psn
|-sideend|p2: meronade123|move: Tailwind
|upkeep
|turn|13
|
|t:|1758303823
|move|p2a: Mimikyu|Draining Kiss|p1a: Malamar
|-damage|p1a: Malamar|64/100
|-heal|p2a: Mimikyu|77/100 psn|[from] drain|[of] p1a: Malamar
|move|p1a: Malamar|Superpower|p2a: Mimikyu
|-damage|p2a: Mimikyu|0 fnt
|-boost|p1a: Malamar|atk|1
|-boost|p1a: Malamar|def|1
|faint|p2a: Mimikyu
|
|-weather|none
|upkeep
|-message|meronade123 forfeited.
|
|win|DeCompaniu
|raw|DeCompaniu's rating: 1216 &rarr; <strong>1237</strong><br />(+21 for winning)
|raw|meronade123's rating: 1155 &rarr; <strong>1134</strong><br />(-21 for losing)
|l|☆meronade123
|player|p2|
|l|☆DeCompaniu
|player|p1|
