|j|☆R.para ti
|j|☆AlexCHZ
|t:|1758303893
|gametype|singles
|player|p1|R.para ti|265|1080
|player|p2|AlexCHZ|hilbert-wonderlauncher|1103
|gen|9
|tier|[Gen 9] OU
|rated|
|rule|HP Percentage Mod: HP is shown in percentages
|rule|Endless Battle Clause: Forcing endless battles is banned
|rule|Species Clause: Limit one of each Pokémon
|rule|OHKO Clause: OHKO moves are banned
|rule|Evasion Items Clause: Evasion items are banned
|rule|Evasion Moves Clause: Evasion moves are banned
|rule|Evasion Abilities Clause: Evasion abilities are banned
|rule|Sleep Moves Clause: Sleep-inducing moves are banned
|clearpoke
|poke|p1|Empoleon, M|
|poke|p1|Kingambit, M|
|poke|p1|Ogerpon, F|
|poke|p1|Meowstic-F, F|
|poke|p1|Cinderace, F|
|poke|p1|Ribombee, F|
|poke|p2|Pincurchin, M|
|poke|p2|Hawlucha, M|
|poke|p2|Iron Moth|
|poke|p2|Moltres-Galar|
|poke|p2|Arboliva, F|
|poke|p2|Mienshao, M|
|teampreview
|
|t:|1758303902
|teamsize|p1|6
|teamsize|p2|6
|start
|switch|p1a: Ribombee|Ribombee, F|100/100
|switch|p2a: Mienshao|Mienshao, M|100/100
|turn|1
|
|t:|1758303911
|move|p2a: Mienshao|Fake Out|p1a: Ribombee
|-damage|p1a: Ribombee|80/100
|-damage|p2a: Mienshao|91/100|[from] item: Life Orb
|move|p1a: Ribombee|Sticky Web|p2a: Mienshao
|-sidestart|p2: AlexCHZ|move: Sticky Web
|
|upkeep
|turn|2
|
|t:|1758303925
|move|p2a: Mienshao|U-turn|p1a: Ribombee
|-resisted|p1a: Ribombee
|-damage|p1a: Ribombee|59/100
|-damage|p2a: Mienshao|81/100|[from] item: Life Orb
|
|t:|1758303933
|switch|p2a: Pincurchin|Pincurchin, M|100/100|[from] U-turn
|-activate|p2a: Pincurchin|move: Sticky Web
|-unboost|p2a: Pincurchin|spe|1
|-fieldstart|move: Electric Terrain|[from] ability: Electric Surge|[of] p2a: Pincurchin
|move|p1a: Ribombee|Quiver Dance|p1a: Ribombee
|-boost|p1a: Ribombee|spa|1
|-boost|p1a: Ribombee|spd|1
|-boost|p1a: Ribombee|spe|1
|
|upkeep
|turn|3
|
|t:|1758303947
|move|p1a: Ribombee|Bug Buzz|p2a: Pincurchin
|-damage|p2a: Pincurchin|39/100
|move|p2a: Pincurchin|Zing Zap|p1a: Ribombee
|-damage|p1a: Ribombee|3/100
|
|upkeep
|turn|4
|
|t:|1758303954
|move|p2a: Pincurchin|Sucker Punch|p1a: Ribombee
|-resisted|p1a: Ribombee
|-damage|p1a: Ribombee|0 fnt
|faint|p1a: Ribombee
|
|upkeep
|
|t:|1758303963
|switch|p1a: Kingambit|Kingambit, M|100/100
|turn|5
|
|t:|1758303971
|move|p1a: Kingambit|Kowtow Cleave|p2a: Pincurchin
|-damage|p2a: Pincurchin|0 fnt
|faint|p2a: Pincurchin
|
|upkeep
|
|t:|1758303982
|switch|p2a: Moltres|Moltres-Galar|100/100
|turn|6
|
|t:|1758303994
|switch|p1a: Empoleon|Empoleon, M|100/100
|move|p2a: Moltres|Nasty Plot|p2a: Moltres
|-boost|p2a: Moltres|spa|2
|
|upkeep
|turn|7
|
|t:|1758304003
|move|p2a: Moltres|Fiery Wrath|p1a: Empoleon
|-damage|p1a: Empoleon|27/100
|move|p1a: Empoleon|Ice Beam|p2a: Moltres
|-supereffective|p2a: Moltres
|-damage|p2a: Moltres|41/100
|-ability|p2a: Moltres|Berserk|boost
|-boost|p2a: Moltres|spa|1
|
|upkeep
|turn|8
|
|t:|1758304011
|move|p2a: Moltres|Fiery Wrath|p1a: Empoleon
|-damage|p1a: Empoleon|0 fnt
|faint|p1a: Empoleon
|
|upkeep
|
|t:|1758304015
|switch|p1a: Meowstic|Meowstic-F, F|100/100
|turn|9
|
|t:|1758304020
|move|p1a: Meowstic|Thunderbolt|p2a: Moltres
|-supereffective|p2a: Moltres
|-damage|p2a: Moltres|0 fnt
|faint|p2a: Moltres
|
|-fieldend|move: Electric Terrain
|upkeep
|
|t:|1758304029
|switch|p2a: Arboliva|Arboliva, F|100/100
|-activate|p2a: Arboliva|move: Sticky Web
|-unboost|p2a: Arboliva|spe|1
|turn|10
|
|t:|1758304037
|switch|p1a: Cinderace|Cinderace, F|100/100
|move|p2a: Arboliva|Energy Ball|p1a: Cinderace
|-resisted|p1a: Cinderace
|-damage|p1a: Cinderace|65/100
|
|upkeep
|turn|11
|
|t:|1758304045
|move|p1a: Cinderace|High Jump Kick|p2a: Arboliva
|-start|p1a: Cinderace|typechange|Fighting|[from] ability: Libero
|-supereffective|p2a: Arboliva
|-damage|p2a: Arboliva|0 fnt
|faint|p2a: Arboliva
|
|upkeep
|
|t:|1758304056
|switch|p2a: Mienshao|Mienshao, M|100/100
|-activate|p2a: Mienshao|move: Sticky Web
|-unboost|p2a: Mienshao|spe|1
|turn|12
|
|t:|1758304066
|move|p2a: Mienshao|Fake Out|p1a: Cinderace
|-crit|p1a: Cinderace
|-damage|p1a: Cinderace|28/100
|-damage|p2a: Mienshao|91/100|[from] item: Life Orb
|cant|p1a: Cinderace|flinch
|
|upkeep
|turn|13
|
|t:|1758304080
|switch|p2a: Iron Moth|Iron Moth|100/100
|-activate|p2a: Iron Moth|move: Sticky Web
|-unboost|p2a: Iron Moth|spe|1
|move|p1a: Cinderace|Court Change|p1a: Cinderace
|-swapsideconditions
|-activate|p1a: Cinderace|move: Court Change
|
|upkeep
|turn|14
|
|t:|1758304095
|move|p1a: Cinderace|U-turn|p2a: Iron Moth
|-resisted|p2a: Iron Moth
|-damage|p2a: Iron Moth|90/100
|
|t:|1758304098
|switch|p1a: Meowstic|Meowstic-F, F|100/100|[from] U-turn
|-activate|p1a: Meowstic|move: Sticky Web
|-unboost|p1a: Meowstic|spe|1
|-ability|p1a: Meowstic|Competitive|boost
|-boost|p1a: Meowstic|spa|2
|-enditem|p1a: Meowstic|White Herb
|-clearnegativeboost|p1a: Meowstic|[silent]
|move|p2a: Iron Moth|Fiery Dance|p1a: Meowstic
|-damage|p1a: Meowstic|39/100
|-boost|p2a: Iron Moth|spa|1
|
|upkeep
|turn|15
|inactive|Battle timer is ON: inactive players will automatically lose when time's up. (requested by R.para ti)
|
|t:|1758304114
|-terastallize|p2a: Iron Moth|Grass
|move|p1a: Meowstic|Psyshock|p2a: Iron Moth
|-crit|p2a: Iron Moth
|-damage|p2a: Iron Moth|0 fnt
|faint|p2a: Iron Moth
|-end|p2a: Iron Moth|Quark Drive|[silent]
|
|upkeep
|
|t:|1758304121
|switch|p2a: Mienshao|Mienshao, M|100/100
|turn|16
|
|t:|1758304128
|move|p2a: Mienshao|U-turn|p1a: Meowstic
|-supereffective|p1a: Meowstic
|-damage|p1a: Meowstic|0 fnt
|faint|p1a: Meowstic
|-damage|p2a: Mienshao|91/100|[from] item: Life Orb
|
|t:|1758304133
|switch|p2a: Hawlucha|Hawlucha, M|100/100|[from] U-turn
|
|upkeep
|
|t:|1758304140
|switch|p1a: Ogerpon|Ogerpon, F|100/100
|-activate|p1a: Ogerpon|move: Sticky Web
|-unboost|p1a: Ogerpon|spe|1
|-ability|p1a: Ogerpon|Defiant|boost
|-boost|p1a: Ogerpon|atk|2
|-enditem|p1a: Ogerpon|White Herb
|-clearnegativeboost|p1a: Ogerpon|[silent]
|turn|17
|
|t:|1758304149
|-terastallize|p1a: Ogerpon|Grass
|detailschange|p1a: Ogerpon|Ogerpon-Teal-Tera, F, tera:Grass
|-ability|p1a: Ogerpon|Embody Aspect (Teal)|boost
|-boost|p1a: Ogerpon|spe|1
|move|p1a: Ogerpon|Play Rough|p2a: Hawlucha
|-supereffective|p2a: Hawlucha
|-damage|p2a: Hawlucha|0 fnt
|faint|p2a: Hawlucha
|
|upkeep
|
|t:|1758304158
|switch|p2a: Mienshao|Mienshao, M|100/100
|turn|18
|
|t:|1758304171
|move|p2a: Mienshao|Fake Out|p1a: Ogerpon
|-damage|p1a: Ogerpon|81/100
|-damage|p2a: Mienshao|91/100|[from] item: Life Orb
|cant|p1a: Ogerpon|flinch
|
|upkeep
|turn|19
|
|t:|1758304179
|move|p1a: Ogerpon|Play Rough|p2a: Mienshao
|-supereffective|p2a: Mienshao
|-damage|p2a: Mienshao|0 fnt
|faint|p2a: Mienshao
|
|win|R.para ti
|raw|R.para ti's rating: 1080 &rarr; <strong>1110</strong><br />(+30 for winning)
|raw|AlexCHZ's rating: 1103 &rarr; <strong>1076</strong><br />(-27 for losing)
|l|☆R.para ti
|player|p1|
|l|☆AlexCHZ
|player|p2|
