|j|☆Sabriam
|j|☆KONGLIANG
|t:|1758299588
|gametype|singles
|player|p1|Sabriam|palmer|1452
|player|p2|KONGLIANG|steven|1454
|gen|9
|tier|[Gen 9] OU
|rated|
|rule|HP Percentage Mod: HP is shown in percentages
|rule|Endless Battle Clause: Forcing endless battles is banned
|rule|Species Clause: Limit one of each Pokémon
|rule|OHKO Clause: OHKO moves are banned
|rule|Evasion Items Clause: Evasion items are banned
|rule|Evasion Moves Clause: Evasion moves are banned
|rule|Evasion Abilities Clause: Evasion abilities are banned
|rule|Sleep Moves Clause: Sleep-inducing moves are banned
|clearpoke
|poke|p1|Comfey, F|
|poke|p1|Whimsicott, F|
|poke|p1|Iron Moth|
|poke|p1|Walking Wake|
|poke|p1|Great Tusk|
|poke|p1|Ninetales, F|
|poke|p2|Iron Moth|
|poke|p2|Kingambit, M|
|poke|p2|Ogerpon-Wellspring, F|
|poke|p2|Glimmora, M|
|poke|p2|Ursaluna, M|
|poke|p2|Dragapult, M|
|teampreview
|
|t:|1758299597
|teamsize|p1|6
|teamsize|p2|6
|start
|switch|p1a: Ninetales|Ninetales, F|100/100
|switch|p2a: Glimmora|Glimmora, M|100/100
|-weather|SunnyDay|[from] ability: Drought|[of] p1a: Ninetales
|turn|1
|inactive|Battle timer is ON: inactive players will automatically lose when time's up. (requested by KONGLIANG)
|
|t:|1758299628
|switch|p1a: Walking Wake|Walking Wake|100/100
|-activate|p1a: Walking Wake|ability: Protosynthesis
|-start|p1a: Walking Wake|protosynthesisspe
|move|p2a: Glimmora|Meteor Beam||[still]
|-prepare|p2a: Glimmora|Meteor Beam
|-boost|p2a: Glimmora|spa|1
|-enditem|p2a: Glimmora|Power Herb
|-anim|p2a: Glimmora|Meteor Beam|p1a: Walking Wake
|-damage|p1a: Walking Wake|36/100
|
|-weather|SunnyDay|[upkeep]
|upkeep
|turn|2
|
|t:|1758299646
|move|p1a: Walking Wake|Draco Meteor|p2a: Glimmora
|-damage|p2a: Glimmora|25/100
|-unboost|p1a: Walking Wake|spa|2
|move|p2a: Glimmora|Earth Power|p1a: Walking Wake
|-damage|p1a: Walking Wake|5/100
|
|-weather|SunnyDay|[upkeep]
|upkeep
|turn|3
|
|t:|1758299655
|switch|p2a: Ogerpon|Ogerpon-Wellspring, F|100/100
|move|p1a: Walking Wake|Draco Meteor|p2a: Ogerpon
|-crit|p2a: Ogerpon
|-damage|p2a: Ogerpon|0 fnt
|-unboost|p1a: Walking Wake|spa|2
|faint|p2a: Ogerpon
|
|-weather|SunnyDay|[upkeep]
|upkeep
|
|t:|1758299668
|switch|p2a: Dragapult|Dragapult, M|100/100
|turn|4
|
|t:|1758299679
|-end|p1a: Walking Wake|Protosynthesis|[silent]
|switch|p1a: Comfey|Comfey, F|100/100
|move|p2a: Dragapult|Light Screen|p2a: Dragapult
|-sidestart|p2: KONGLIANG|move: Light Screen
|
|-weather|SunnyDay|[upkeep]
|upkeep
|turn|5
|
|t:|1758299686
|move|p2a: Dragapult|Reflect|p2a: Dragapult
|-sidestart|p2: KONGLIANG|Reflect
|move|p1a: Comfey|Growth|p1a: Comfey
|-boost|p1a: Comfey|atk|2
|-boost|p1a: Comfey|spa|2
|
|-weather|SunnyDay|[upkeep]
|upkeep
|turn|6
|
|t:|1758299693
|move|p2a: Dragapult|Curse|p1a: Comfey
|-start|p1a: Comfey|Curse|[of] p2a: Dragapult
|-damage|p2a: Dragapult|50/100
|move|p1a: Comfey|Growth|p1a: Comfey
|-boost|p1a: Comfey|atk|2
|-boost|p1a: Comfey|spa|2
|
|-weather|SunnyDay|[upkeep]
|-damage|p1a: Comfey|76/100|[from] Curse
|upkeep
|turn|7
|
|t:|1758299702
|move|p1a: Comfey|Draining Kiss|p2a: Dragapult
|-supereffective|p2a: Dragapult
|-damage|p2a: Dragapult|0 fnt
|-heal|p1a: Comfey|100/100|[from] drain|[of] p2a: Dragapult
|-start|p1a: Comfey|Disable|Draining Kiss|[from] ability: Cursed Body|[of] p2a: Dragapult
|faint|p2a: Dragapult
|-damage|p1a: Comfey|91/100|[from] item: Life Orb
|
|-weather|SunnyDay|[upkeep]
|-damage|p1a: Comfey|66/100|[from] Curse
|upkeep
|
|t:|1758299711
|switch|p2a: Iron Moth|Iron Moth|100/100
|-enditem|p2a: Iron Moth|Booster Energy
|-activate|p2a: Iron Moth|ability: Quark Drive|[fromitem]
|-start|p2a: Iron Moth|quarkdrivespe
|turn|8
|
|t:|1758299722
|-terastallize|p1a: Comfey|Water
|move|p2a: Iron Moth|Sludge Wave|p1a: Comfey
|-damage|p1a: Comfey|20/100
|move|p1a: Comfey|Stored Power|p2a: Iron Moth
|-supereffective|p2a: Iron Moth
|-crit|p2a: Iron Moth
|-damage|p2a: Iron Moth|0 fnt
|faint|p2a: Iron Moth
|-end|p2a: Iron Moth|Quark Drive|[silent]
|-damage|p1a: Comfey|10/100|[from] item: Life Orb
|
|-weather|none
|-damage|p1a: Comfey|0 fnt|[from] Curse
|faint|p1a: Comfey
|upkeep
|
|t:|1758299737
|switch|p2a: Kingambit|Kingambit, M|100/100
|switch|p1a: Ninetales|Ninetales, F|100/100
|-weather|SunnyDay|[from] ability: Drought|[of] p1a: Ninetales
|-activate|p2a: Kingambit|ability: Supreme Overlord
|-start|p2a: Kingambit|fallen3|[silent]
|turn|9
|
|t:|1758299756
|-end|p2a: Kingambit|fallen3|[silent]
|switch|p2a: Glimmora|Glimmora, M|25/100
|move|p1a: Ninetales|Will-O-Wisp|p2a: Glimmora
|-status|p2a: Glimmora|brn
|
|-weather|SunnyDay|[upkeep]
|-damage|p2a: Glimmora|19/100 brn|[from] brn
|upkeep
|turn|10
|
|t:|1758299761
|move|p1a: Ninetales|Weather Ball|p2a: Glimmora
|-resisted|p2a: Glimmora
|-damage|p2a: Glimmora|4/100 brn
|move|p2a: Glimmora|Stealth Rock|p1a: Ninetales
|-sidestart|p1: Sabriam|move: Stealth Rock
|
|-weather|SunnyDay|[upkeep]
|-damage|p2a: Glimmora|0 fnt|[from] brn
|faint|p2a: Glimmora
|upkeep
|
|t:|1758299765
|switch|p2a: Ursaluna|Ursaluna, M|100/100
|turn|11
|
|t:|1758299774
|move|p1a: Ninetales|Weather Ball|p2a: Ursaluna
|-damage|p2a: Ursaluna|77/100
|move|p2a: Ursaluna|Earthquake|p1a: Ninetales
|-supereffective|p1a: Ninetales
|-damage|p1a: Ninetales|0 fnt
|faint|p1a: Ninetales
|
|-weather|SunnyDay|[upkeep]
|-sideend|p2: KONGLIANG|move: Light Screen
|-status|p2a: Ursaluna|brn|[from] item: Flame Orb
|upkeep
|
|t:|1758299792
|switch|p1a: Whimsicott|Whimsicott, F|100/100
|-damage|p1a: Whimsicott|88/100|[from] Stealth Rock
|turn|12
|
|t:|1758299798
|move|p1a: Whimsicott|Giga Drain|p2a: Ursaluna
|-supereffective|p2a: Ursaluna
|-damage|p2a: Ursaluna|0 fnt
|-heal|p1a: Whimsicott|100/100|[from] drain|[of] p2a: Ursaluna
|faint|p2a: Ursaluna
|-damage|p1a: Whimsicott|91/100|[from] item: Life Orb
|
|-weather|SunnyDay|[upkeep]
|-sideend|p2: KONGLIANG|Reflect
|upkeep
|
|t:|1758299801
|switch|p2a: Kingambit|Kingambit, M|100/100
|-activate|p2a: Kingambit|ability: Supreme Overlord
|-start|p2a: Kingambit|fallen5|[silent]
|turn|13
|
|t:|1758299807
|move|p1a: Whimsicott|Moonblast|p2a: Kingambit
|-damage|p2a: Kingambit|55/100
|-damage|p1a: Whimsicott|81/100|[from] item: Life Orb
|move|p2a: Kingambit|Swords Dance|p2a: Kingambit
|-boost|p2a: Kingambit|atk|2
|
|-weather|SunnyDay|[upkeep]
|-heal|p2a: Kingambit|61/100|[from] item: Leftovers
|upkeep
|turn|14
|
|t:|1758299815
|move|p2a: Kingambit|Sucker Punch|p1a: Whimsicott
|-resisted|p1a: Whimsicott
|-damage|p1a: Whimsicott|1/100
|move|p1a: Whimsicott|Moonblast|p2a: Kingambit
|-damage|p2a: Kingambit|16/100
|-damage|p1a: Whimsicott|0 fnt|[from] item: Life Orb
|faint|p1a: Whimsicott
|
|-weather|SunnyDay|[upkeep]
|-heal|p2a: Kingambit|22/100|[from] item: Leftovers
|upkeep
|
|t:|1758299820
|switch|p1a: Great Tusk|Great Tusk|100/100
|-damage|p1a: Great Tusk|98/100|[from] Stealth Rock
|-activate|p1a: Great Tusk|ability: Protosynthesis
|-start|p1a: Great Tusk|protosynthesisspe
|turn|15
|
|t:|1758299825
|-terastallize|p2a: Kingambit|Fairy
|move|p1a: Great Tusk|Headlong Rush|p2a: Kingambit
|-damage|p2a: Kingambit|0 fnt
|-unboost|p1a: Great Tusk|def|1
|-unboost|p1a: Great Tusk|spd|1
|faint|p2a: Kingambit
|-end|p2a: Kingambit|fallen5|[silent]
|
|win|Sabriam
|raw|Sabriam's rating: 1452 &rarr; <strong>1472</strong><br />(+20 for winning)
|raw|KONGLIANG's rating: 1454 &rarr; <strong>1434</strong><br />(-20 for losing)
|l|☆KONGLIANG
|player|p2|
|l|☆Sabriam
|player|p1|
