|j|☆The Paldea Region
|j|☆miuker
|t:|1758377753
|gametype|singles
|player|p1|The Paldea Region|emma|1466
|player|p2|miuker|102|1438
|gen|9
|tier|[Gen 9] OU
|rated|
|rule|HP Percentage Mod: HP is shown in percentages
|rule|Endless Battle Clause: Forcing endless battles is banned
|rule|Species Clause: Limit one of each Pokémon
|rule|OHKO Clause: OHKO moves are banned
|rule|Evasion Items Clause: Evasion items are banned
|rule|Evasion Moves Clause: Evasion moves are banned
|rule|Evasion Abilities Clause: Evasion abilities are banned
|rule|Sleep Moves Clause: Sleep-inducing moves are banned
|clearpoke
|poke|p1|Veluza, F|
|poke|p1|Tornadus-Therian, M|
|poke|p1|Blissey, F|
|poke|p1|Gliscor, F|
|poke|p1|Iron Valiant|
|poke|p1|Scizor, M|
|poke|p2|Lokix, M|
|poke|p2|Iron Valiant|
|poke|p2|Garganacl, M|
|poke|p2|Great Tusk|
|poke|p2|Samurott-Hisui, F|
|poke|p2|Alomomola, M|
|teampreview
|inactive|Battle timer is ON: inactive players will automatically lose when time's up. (requested by miuker)
|
|t:|1758377762
|teamsize|p1|6
|teamsize|p2|6
|start
|switch|p1a: Veluza|Veluza, F|100/100
|switch|p2a: Samurott|Samurott-Hisui, F|100/100
|-ability|p1a: Veluza|Mold Breaker
|turn|1
|
|t:|1758377767
|move|p1a: Veluza|Final Gambit|p2a: Samurott
|-enditem|p2a: Samurott|Focus Sash
|-damage|p2a: Samurott|1/100
|faint|p1a: Veluza
|move|p2a: Samurott|Ceaseless Edge|p1: Veluza|[notarget]
|-fail|p2a: Samurott
|
|upkeep
|
|t:|1758377774
|switch|p1a: Blissey|Blissey, F|100/100
|turn|2
|
|t:|1758377777
|move|p1a: Blissey|Copycat|p1a: Blissey
|move|p1a: Blissey|Ceaseless Edge|p2a: Samurott|[from] move: Copycat
|-resisted|p2a: Samurott
|-damage|p2a: Samurott|0 fnt
|-sidestart|p2: miuker|Spikes
|faint|p2a: Samurott
|
|upkeep
|
|t:|1758377784
|switch|p2a: Great Tusk|Great Tusk|100/100
|-damage|p2a: Great Tusk|88/100|[from] Spikes
|turn|3
|
|t:|1758377801
|switch|p1a: Gliscor|Gliscor, F|100/100
|move|p2a: Great Tusk|Rapid Spin|p1a: Gliscor
|-damage|p1a: Gliscor|86/100
|-boost|p2a: Great Tusk|spe|1
|-sideend|p2: miuker|Spikes|[from] move: Rapid Spin|[of] p2a: Great Tusk
|
|-status|p1a: Gliscor|tox|[from] item: Toxic Orb
|upkeep
|turn|4
|
|t:|1758377809
|-end|p2a: Great Tusk|Protosynthesis|[silent]
|switch|p2a: Garganacl|Garganacl, M|100/100
|move|p1a: Gliscor|Protect||[still]
|-fail|p1a: Gliscor
|
|-heal|p1a: Gliscor|98/100 tox|[from] ability: Poison Heal
|upkeep
|turn|5
|
|t:|1758377815
|move|p1a: Gliscor|Earthquake|p2a: Garganacl
|-supereffective|p2a: Garganacl
|-damage|p2a: Garganacl|57/100
|move|p2a: Garganacl|Salt Cure|p1a: Gliscor
|-damage|p1a: Gliscor|87/100 tox
|-start|p1a: Gliscor|Salt Cure
|
|-heal|p2a: Garganacl|63/100|[from] item: Leftovers
|-heal|p1a: Gliscor|99/100 tox|[from] ability: Poison Heal
|-damage|p1a: Gliscor|87/100 tox|[from] Salt Cure
|upkeep
|turn|6
|
|t:|1758377825
|switch|p1a: Blissey|Blissey, F|100/100
|switch|p2a: Alomomola|Alomomola, M|100/100
|
|upkeep
|turn|7
|
|t:|1758377855
|move|p1a: Blissey|Trick|p2a: Alomomola
|-activate|p1a: Blissey|move: Trick|[of] p2a: Alomomola
|-item|p2a: Alomomola|Choice Scarf|[from] move: Trick
|-item|p1a: Blissey|Rocky Helmet|[from] move: Trick
|move|p2a: Alomomola|Wish|p2a: Alomomola
|
|upkeep
|turn|8
|
|t:|1758377862
|switch|p2a: Garganacl|Garganacl, M|63/100
|move|p1a: Blissey|Copycat|p1a: Blissey
|move|p1a: Blissey|Wish|p1a: Blissey|[from] move: Copycat
|
|-heal|p2a: Garganacl|100/100|[from] move: Wish|[wisher] Alomomola
|upkeep
|turn|9
|inactive|The Paldea Region has 120 seconds left.
|
|t:|1758377885
|switch|p1a: Gliscor|Gliscor, F|87/100 tox
|move|p2a: Garganacl|Iron Defense|p2a: Garganacl
|-boost|p2a: Garganacl|def|2
|
|-heal|p1a: Gliscor|100/100 tox|[from] move: Wish|[wisher] Blissey
|upkeep
|turn|10
|
|t:|1758377891
|switch|p1a: Iron Valiant|Iron Valiant|100/100
|-enditem|p1a: Iron Valiant|Booster Energy
|-activate|p1a: Iron Valiant|ability: Quark Drive|[fromitem]
|-start|p1a: Iron Valiant|quarkdrivespe
|move|p2a: Garganacl|Salt Cure|p1a: Iron Valiant
|-resisted|p1a: Iron Valiant
|-damage|p1a: Iron Valiant|92/100
|-start|p1a: Iron Valiant|Salt Cure
|
|-damage|p1a: Iron Valiant|79/100|[from] Salt Cure
|upkeep
|turn|11
|
|t:|1758377902
|-terastallize|p2a: Garganacl|Ghost
|move|p1a: Iron Valiant|Moonblast|p2a: Garganacl
|-damage|p2a: Garganacl|71/100
|move|p2a: Garganacl|Iron Defense|p2a: Garganacl
|-boost|p2a: Garganacl|def|2
|
|-heal|p2a: Garganacl|78/100|[from] item: Leftovers
|-damage|p1a: Iron Valiant|67/100|[from] Salt Cure
|upkeep
|turn|12
|
|t:|1758377906
|move|p1a: Iron Valiant|Encore|p2a: Garganacl
|-start|p2a: Garganacl|Encore
|move|p2a: Garganacl|Iron Defense|p2a: Garganacl
|-boost|p2a: Garganacl|def|2
|
|-heal|p2a: Garganacl|84/100|[from] item: Leftovers
|-damage|p1a: Iron Valiant|54/100|[from] Salt Cure
|upkeep
|turn|13
|
|t:|1758377913
|move|p1a: Iron Valiant|Calm Mind|p1a: Iron Valiant
|-boost|p1a: Iron Valiant|spa|1
|-boost|p1a: Iron Valiant|spd|1
|move|p2a: Garganacl|Iron Defense|p2a: Garganacl
|-boost|p2a: Garganacl|def|0
|
|-heal|p2a: Garganacl|90/100|[from] item: Leftovers
|-damage|p1a: Iron Valiant|42/100|[from] Salt Cure
|upkeep
|turn|14
|
|t:|1758377915
|move|p1a: Iron Valiant|Moonblast|p2a: Garganacl
|-damage|p2a: Garganacl|44/100
|move|p2a: Garganacl|Iron Defense|p2a: Garganacl
|-boost|p2a: Garganacl|def|0
|
|-heal|p2a: Garganacl|51/100|[from] item: Leftovers
|-damage|p1a: Iron Valiant|30/100|[from] Salt Cure
|-end|p2a: Garganacl|Encore
|upkeep
|turn|15
|
|t:|1758377919
|switch|p2a: Alomomola|Alomomola, M|100/100
|move|p1a: Iron Valiant|Encore||[still]
|-fail|p1a: Iron Valiant
|
|-damage|p1a: Iron Valiant|17/100|[from] Salt Cure
|upkeep
|turn|16
|
|t:|1758377933
|-end|p1a: Iron Valiant|Quark Drive|[silent]
|switch|p1a: Tornadus|Tornadus-Therian, M|100/100
|move|p2a: Alomomola|Flip Turn|p1a: Tornadus
|-damage|p1a: Tornadus|78/100
|-enditem|p1a: Tornadus|Eject Button
|
|t:|1758377942
|switch|p1a: Scizor|Scizor, M|100/100
|
|upkeep
|turn|17
|
|t:|1758377947
|move|p1a: Scizor|Swords Dance|p1a: Scizor
|-boost|p1a: Scizor|atk|2
|move|p2a: Alomomola|Flip Turn|p1a: Scizor
|-damage|p1a: Scizor|82/100
|
|t:|1758377955
|switch|p2a: Garganacl|Garganacl, M, tera:Ghost|51/100|[from] Flip Turn
|
|-heal|p2a: Garganacl|57/100|[from] item: Leftovers
|upkeep
|turn|18
|
|t:|1758377958
|move|p1a: Scizor|Knock Off|p2a: Garganacl
|-supereffective|p2a: Garganacl
|-damage|p2a: Garganacl|0 fnt
|-enditem|p2a: Garganacl|Leftovers|[from] move: Knock Off|[of] p1a: Scizor
|faint|p2a: Garganacl
|-damage|p1a: Scizor|72/100|[from] item: Life Orb
|
|upkeep
|-message|miuker forfeited.
|
|win|The Paldea Region
|raw|The Paldea Region's rating: 1466 &rarr; <strong>1484</strong><br />(+18 for winning)
|raw|miuker's rating: 1438 &rarr; <strong>1420</strong><br />(-18 for losing)
|l|☆miuker
|player|p2|
