|j|‽Dhaysy1
|j|☆Cocomao7
|t:|1758259434
|gametype|singles
|player|p1|Dhaysy1|lucas|1222
|player|p2|Cocomao7|biker-gen4|1204
|gen|9
|tier|[Gen 9] OU
|rated|
|rule|HP Percentage Mod: HP is shown in percentages
|rule|Endless Battle Clause: Forcing endless battles is banned
|rule|Species Clause: Limit one of each Pokémon
|rule|OHKO Clause: OHKO moves are banned
|rule|Evasion Items Clause: Evasion items are banned
|rule|Evasion Moves Clause: Evasion moves are banned
|rule|Evasion Abilities Clause: Evasion abilities are banned
|rule|Sleep Moves Clause: Sleep-inducing moves are banned
|clearpoke
|poke|p1|Tyranitar, M|
|poke|p1|Excadrill, M|
|poke|p1|Garganacl, F|
|poke|p1|Glimmora, F|
|poke|p1|Gliscor, M|
|poke|p1|Great Tusk|
|poke|p2|Torkoal, F|
|poke|p2|Blaziken, F|
|poke|p2|Grafaiai, M|
|poke|p2|Venusaur, M|
|poke|p2|Quagsire, F|
|poke|p2|Mamoswine, M|
|teampreview
|inactive|Battle timer is ON: inactive players will automatically lose when time's up. (requested by Cocomao7)
|
|t:|1758259442
|teamsize|p1|6
|teamsize|p2|6
|start
|switch|p1a: Tyranitar|Tyranitar, M|100/100
|switch|p2a: JohnnySomali|Grafaiai, M|100/100
|-weather|Sandstorm|[from] ability: Sand Stream|[of] p1a: Tyranitar
|turn|1
|
|t:|1758259450
|move|p2a: JohnnySomali|Taunt|p1a: Tyranitar
|-start|p1a: Tyranitar|move: Taunt
|cant|p1a: Tyranitar|move: Taunt|Dragon Dance
|
|-weather|Sandstorm|[upkeep]
|-damage|p2a: JohnnySomali|95/100|[from] Sandstorm
|upkeep
|turn|2
|
|t:|1758259458
|move|p2a: JohnnySomali|Parting Shot|p1a: Tyranitar
|-fail|p1a: Tyranitar|unboost|[from] item: Clear Amulet|[of] p1a: Tyranitar
|move|p1a: Tyranitar|Knock Off|p2a: JohnnySomali
|-damage|p2a: JohnnySomali|0 fnt
|-enditem|p2a: JohnnySomali|Focus Sash|[from] move: Knock Off|[of] p1a: Tyranitar
|faint|p2a: JohnnySomali
|
|-weather|Sandstorm|[upkeep]
|upkeep
|
|t:|1758259469
|switch|p2a: ShinyVedal|Torkoal, F|100/100
|-weather|SunnyDay|[from] ability: Drought|[of] p2a: ShinyVedal
|turn|3
|
|t:|1758259474
|switch|p1a: Glimmora|Glimmora, F|100/100
|move|p2a: ShinyVedal|Stealth Rock|p1a: Glimmora
|-sidestart|p1: Dhaysy1|move: Stealth Rock
|
|-weather|SunnyDay|[upkeep]
|upkeep
|turn|4
|
|t:|1758259481
|switch|p2a: YourMom|Venusaur, M|100/100
|move|p1a: Glimmora|Mortal Spin|p2a: YourMom
|-damage|p2a: YourMom|92/100
|-sideend|p1: Dhaysy1|Stealth Rock|[from] move: Mortal Spin|[of] p1a: Glimmora
|
|-weather|SunnyDay|[upkeep]
|-heal|p2a: YourMom|98/100|[from] item: Black Sludge
|upkeep
|turn|5
|
|t:|1758259496
|switch|p2a: Old Tusk|Mamoswine, M|100/100
|move|p1a: Glimmora|Spiky Shield||[still]
|-fail|p1a: Glimmora
|
|-weather|SunnyDay|[upkeep]
|upkeep
|turn|6
|
|t:|1758259503
|move|p1a: Glimmora|Stealth Rock|p2a: Old Tusk
|-sidestart|p2: Cocomao7|move: Stealth Rock
|move|p2a: Old Tusk|Earthquake|p1a: Glimmora
|-supereffective|p1a: Glimmora
|-enditem|p1a: Glimmora|Focus Sash
|-damage|p1a: Glimmora|1/100
|-activate|p1a: Glimmora|ability: Toxic Debris
|-sidestart|p2: Cocomao7|move: Toxic Spikes
|
|-weather|SunnyDay|[upkeep]
|upkeep
|turn|7
|
|t:|1758259514
|move|p2a: Old Tusk|Ice Shard|p1a: Glimmora
|-damage|p1a: Glimmora|0 fnt
|-activate|p1a: Glimmora|ability: Toxic Debris
|-sidestart|p2: Cocomao7|move: Toxic Spikes
|faint|p1a: Glimmora
|
|-weather|SunnyDay|[upkeep]
|upkeep
|
|t:|1758259525
|switch|p1a: Great Tusk|Great Tusk|100/100
|-activate|p1a: Great Tusk|ability: Protosynthesis
|-start|p1a: Great Tusk|protosynthesisatk
|turn|8
|
|t:|1758259530
|switch|p2a: YourMom|Venusaur, M|98/100
|-damage|p2a: YourMom|86/100|[from] Stealth Rock
|-sideend|p2: Cocomao7|move: Toxic Spikes|[of] p2a: YourMom
|move|p1a: Great Tusk|Rapid Spin|p2a: YourMom
|-damage|p2a: YourMom|58/100
|-boost|p1a: Great Tusk|spe|1
|
|-weather|SunnyDay|[upkeep]
|-heal|p2a: YourMom|64/100|[from] item: Black Sludge
|upkeep
|turn|9
|
|t:|1758259541
|move|p2a: YourMom|Weather Ball|p1a: Great Tusk
|-damage|p1a: Great Tusk|57/100
|move|p1a: Great Tusk|Ice Spinner|p2a: YourMom
|-supereffective|p2a: YourMom
|-damage|p2a: YourMom|0 fnt
|faint|p2a: YourMom
|
|-weather|SunnyDay|[upkeep]
|upkeep
|
|t:|1758259554
|switch|p2a: ProtectSpeedBstMan|Blaziken, F, shiny|100/100
|-damage|p2a: ProtectSpeedBstMan|88/100|[from] Stealth Rock
|turn|10
|
|t:|1758259560
|-terastallize|p2a: ProtectSpeedBstMan|Fighting
|move|p1a: Great Tusk|Headlong Rush|p2a: ProtectSpeedBstMan
|-damage|p2a: ProtectSpeedBstMan|0 fnt
|-unboost|p1a: Great Tusk|def|1
|-unboost|p1a: Great Tusk|spd|1
|faint|p2a: ProtectSpeedBstMan
|
|-weather|none
|-end|p1a: Great Tusk|Protosynthesis
|upkeep
|-message|Cocomao7 forfeited.
|
|win|Dhaysy1
|raw|Dhaysy1's rating: 1222 &rarr; <strong>1246</strong><br />(+24 for winning)
|raw|Cocomao7's rating: 1204 &rarr; <strong>1180</strong><br />(-24 for losing)
|l|☆Cocomao7
|player|p2|
|l|‽Dhaysy1
|player|p1|
