|j|☆chef three6 mafia
|j|☆will-i-am2
|t:|1758251328
|gametype|singles
|player|p1|chef three6 mafia|265|1524
|player|p2|will-i-am2|101|1517
|gen|9
|tier|[Gen 9] OU
|rated|
|rule|HP Percentage Mod: HP is shown in percentages
|rule|Endless Battle Clause: Forcing endless battles is banned
|rule|Species Clause: Limit one of each Pokémon
|rule|OHKO Clause: OHKO moves are banned
|rule|Evasion Items Clause: Evasion items are banned
|rule|Evasion Moves Clause: Evasion moves are banned
|rule|Evasion Abilities Clause: Evasion abilities are banned
|rule|Sleep Moves Clause: Sleep-inducing moves are banned
|clearpoke
|poke|p1|Darkrai|
|poke|p1|Ogerpon-Wellspring, F|
|poke|p1|Weezing-Galar, M|
|poke|p1|Garchomp, M|
|poke|p1|Hatterene, F|
|poke|p1|Kingambit, M|
|poke|p2|Registeel|
|poke|p2|Mamoswine, M|
|poke|p2|Rhyperior, F|
|poke|p2|Hydreigon, F|
|poke|p2|Slowbro, M|
|poke|p2|Mandibuzz, F|
|teampreview
|inactive|Battle timer is ON: inactive players will automatically lose when time's up. (requested by chef three6 mafia)
|inactive|will-i-am2 has 120 seconds left.
|inactive|will-i-am2 has 90 seconds left.
|
|t:|1758251419
|teamsize|p1|6
|teamsize|p2|6
|start
|switch|p1a: Hatterene|Hatterene, F|100/100
|switch|p2a: Mamoswine|Mamoswine, M|100/100
|turn|1
|
|t:|1758251425
|move|p2a: Mamoswine|Earthquake|p1a: Hatterene
|-damage|p1a: Hatterene|30/100
|move|p1a: Hatterene|Draining Kiss|p2a: Mamoswine
|-damage|p2a: Mamoswine|68/100
|-heal|p1a: Hatterene|57/100|[from] drain|[of] p2a: Mamoswine
|
|upkeep
|turn|2
|
|t:|1758251450
|switch|p2a: Hydreigon|Hydreigon, F|100/100
|switch|p1a: Ogerpon|Ogerpon-Wellspring, F|100/100
|
|upkeep
|turn|3
|
|t:|1758251463
|switch|p1a: Weezing|Weezing-Galar, M|100/100
|-ability|p1a: Weezing|Neutralizing Gas
|move|p2a: Hydreigon|Draco Meteor|p1a: Weezing
|-immune|p1a: Weezing
|
|upkeep
|turn|4
|
|t:|1758251470
|-terastallize|p2a: Hydreigon|Steel
|move|p2a: Hydreigon|Flash Cannon|p1a: Weezing
|-supereffective|p1a: Weezing
|-damage|p1a: Weezing|0 fnt
|faint|p1a: Weezing
|-end|p1a: Weezing|ability: Neutralizing Gas
|
|upkeep
|
|t:|1758251477
|switch|p1a: Kingambit|Kingambit, M|100/100
|-activate|p1a: Kingambit|ability: Supreme Overlord
|-start|p1a: Kingambit|fallen1|[silent]
|turn|5
|
|t:|1758251480
|switch|p2a: Mandibuzz|Mandibuzz, F|100/100
|move|p1a: Kingambit|Swords Dance|p1a: Kingambit
|-boost|p1a: Kingambit|atk|2
|
|upkeep
|turn|6
|
|t:|1758251483
|-terastallize|p1a: Kingambit|Fairy
|move|p1a: Kingambit|Tera Blast|p2a: Mandibuzz|[anim] Tera Blast Fairy
|-supereffective|p2a: Mandibuzz
|-damage|p2a: Mandibuzz|0 fnt
|faint|p2a: Mandibuzz
|
|upkeep
|
|t:|1758251487
|switch|p2a: Registeel|Registeel|100/100
|turn|7
|
|t:|1758251489
|move|p1a: Kingambit|Kowtow Cleave|p2a: Registeel
|-damage|p2a: Registeel|40/100
|move|p2a: Registeel|Body Press|p1a: Kingambit
|-resisted|p1a: Kingambit
|-damage|p1a: Kingambit|88/100
|
|-heal|p1a: Kingambit|94/100|[from] item: Leftovers
|-heal|p2a: Registeel|46/100|[from] item: Leftovers
|upkeep
|turn|8
|
|t:|1758251505
|move|p1a: Kingambit|Kowtow Cleave|p2a: Registeel
|-crit|p2a: Registeel
|-damage|p2a: Registeel|0 fnt
|faint|p2a: Registeel
|
|-heal|p1a: Kingambit|100/100|[from] item: Leftovers
|upkeep
|
|t:|1758251507
|switch|p2a: Hydreigon|Hydreigon, F, tera:Steel|100/100
|turn|9
|
|t:|1758251515
|move|p1a: Kingambit|Sucker Punch|p2a: Hydreigon
|-damage|p2a: Hydreigon|5/100
|move|p2a: Hydreigon|Flash Cannon|p1a: Kingambit
|-supereffective|p1a: Kingambit
|-damage|p1a: Kingambit|0 fnt
|faint|p1a: Kingambit
|-end|p1a: Kingambit|fallen1|[silent]
|
|upkeep
|
|t:|1758251520
|switch|p1a: Darkrai|Darkrai|100/100
|turn|10
|
|t:|1758251526
|move|p1a: Darkrai|Knock Off|p2a: Hydreigon
|-damage|p2a: Hydreigon|0 fnt
|-enditem|p2a: Hydreigon|Expert Belt|[from] move: Knock Off|[of] p1a: Darkrai
|faint|p2a: Hydreigon
|
|upkeep
|
|t:|1758251532
|switch|p2a: Rhyperior|Rhyperior, F|100/100
|turn|11
|
|t:|1758251536
|move|p1a: Darkrai|Dark Pulse|p2a: Rhyperior
|-damage|p2a: Rhyperior|41/100
|cant|p2a: Rhyperior|flinch
|
|upkeep
|turn|12
|
|t:|1758251542
|move|p1a: Darkrai|Dark Pulse|p2a: Rhyperior
|-crit|p2a: Rhyperior
|-damage|p2a: Rhyperior|0 fnt
|faint|p2a: Rhyperior
|
|upkeep
|
|t:|1758251544
|switch|p2a: Mamoswine|Mamoswine, M|68/100
|turn|13
|
|t:|1758251549
|switch|p1a: Hatterene|Hatterene, F|57/100
|move|p2a: Mamoswine|Earthquake|p1a: Hatterene
|-damage|p1a: Hatterene|0 fnt
|faint|p1a: Hatterene
|
|upkeep
|
|t:|1758251551
|switch|p1a: Ogerpon|Ogerpon-Wellspring, F|100/100
|turn|14
|
|t:|1758251555
|switch|p2a: Slowbro|Slowbro, M|100/100
|move|p1a: Ogerpon|Swords Dance|p1a: Ogerpon
|-boost|p1a: Ogerpon|atk|2
|
|upkeep
|turn|15
|
|t:|1758251558
|move|p1a: Ogerpon|Trailblaze|p2a: Slowbro
|-supereffective|p2a: Slowbro
|-damage|p2a: Slowbro|14/100
|-boost|p1a: Ogerpon|spe|1
|move|p2a: Slowbro|Trick Room|p2a: Slowbro
|-fieldstart|move: Trick Room|[of] p2a: Slowbro
|
|-heal|p2a: Slowbro|21/100|[from] item: Leftovers
|upkeep
|turn|16
|
|t:|1758251564
|move|p2a: Slowbro|Psychic|p1a: Ogerpon
|-damage|p1a: Ogerpon|60/100
|move|p1a: Ogerpon|Trailblaze|p2a: Slowbro
|-supereffective|p2a: Slowbro
|-damage|p2a: Slowbro|0 fnt
|-boost|p1a: Ogerpon|spe|1
|faint|p2a: Slowbro
|
|upkeep
|
|t:|1758251568
|switch|p2a: Mamoswine|Mamoswine, M|68/100
|turn|17
|
|t:|1758251571
|move|p2a: Mamoswine|Icicle Crash|p1a: Ogerpon
|-damage|p1a: Ogerpon|0 fnt
|faint|p1a: Ogerpon
|
|upkeep
|
|t:|1758251578
|switch|p1a: Darkrai|Darkrai|100/100
|turn|18
|
|t:|1758251580
|move|p2a: Mamoswine|Icicle Crash|p1a: Darkrai
|-damage|p1a: Darkrai|9/100
|move|p1a: Darkrai|Dark Pulse|p2a: Mamoswine
|-damage|p2a: Mamoswine|10/100
|
|-heal|p1a: Darkrai|15/100|[from] item: Leftovers
|upkeep
|turn|19
|
|t:|1758251584
|move|p2a: Mamoswine|Icicle Crash|p1a: Darkrai
|-damage|p1a: Darkrai|0 fnt
|faint|p1a: Darkrai
|
|-fieldend|move: Trick Room
|upkeep
|
|t:|1758251586
|switch|p1a: Garchomp|Garchomp, M|100/100
|turn|20
|
|t:|1758251588
|move|p2a: Mamoswine|Icicle Crash|p1a: Garchomp
|-supereffective|p1a: Garchomp
|-damage|p1a: Garchomp|0 fnt
|faint|p1a: Garchomp
|
|win|will-i-am2
|raw|chef three6 mafia's rating: 1524 &rarr; <strong>1504</strong><br />(-20 for losing)
|raw|will-i-am2's rating: 1517 &rarr; <strong>1537</strong><br />(+20 for winning)
|c|☆will-i-am2|wow
|l|☆chef three6 mafia
|player|p1|
|c|☆will-i-am2|gg
|l|☆will-i-am2
|player|p2|
