|j|☆weixingzhu
|j|☆EmmanuelR205506
|t:|1758342660
|gametype|singles
|player|p1|weixingzhu|caitlin|1595
|player|p2|EmmanuelR205506|palmer|1660
|gen|9
|tier|[Gen 9] OU
|rated|
|rule|HP Percentage Mod: HP is shown in percentages
|rule|Endless Battle Clause: Forcing endless battles is banned
|rule|Species Clause: Limit one of each Pokémon
|rule|OHKO Clause: OHKO moves are banned
|rule|Evasion Items Clause: Evasion items are banned
|rule|Evasion Moves Clause: Evasion moves are banned
|rule|Evasion Abilities Clause: Evasion abilities are banned
|rule|Sleep Moves Clause: Sleep-inducing moves are banned
|clearpoke
|poke|p1|Dragonite, F|
|poke|p1|Samurott-Hisui, M|
|poke|p1|Landorus-Therian, M|
|poke|p1|Gholdengo|
|poke|p1|Kyurem|
|poke|p1|Darkrai|
|poke|p2|Cinderace, M|
|poke|p2|Gholdengo|
|poke|p2|Heatran, M|
|poke|p2|Great Tusk|
|poke|p2|Primarina, F|
|poke|p2|Iron Valiant|
|teampreview
|inactive|Battle timer is ON: inactive players will automatically lose when time's up. (requested by EmmanuelR205506)
|inactive|weixingzhu also wants the timer to be on.
|
|t:|1758342679
|teamsize|p1|6
|teamsize|p2|6
|start
|switch|p1a: Landorus|Landorus-Therian, M|100/100
|switch|p2a: Cinderace|Cinderace, M|100/100
|-ability|p1a: Landorus|Intimidate|boost
|-unboost|p2a: Cinderace|atk|1
|turn|1
|
|t:|1758342690
|switch|p2a: Great Tusk|Great Tusk|100/100
|move|p1a: Landorus|Earthquake|p2a: Great Tusk
|-damage|p2a: Great Tusk|73/100
|
|upkeep
|turn|2
|
|t:|1758342696
|switch|p1a: Samurott|Samurott-Hisui, M|100/100
|move|p2a: Great Tusk|Knock Off|p1a: Samurott
|-resisted|p1a: Samurott
|-damage|p1a: Samurott|81/100
|-enditem|p1a: Samurott|Assault Vest|[from] move: Knock Off|[of] p2a: Great Tusk
|
|upkeep
|turn|3
|
|t:|1758342699
|move|p1a: Samurott|Razor Shell|p2a: Great Tusk|[miss]
|-miss|p1a: Samurott|p2a: Great Tusk
|move|p2a: Great Tusk|Body Press|p1a: Samurott
|-supereffective|p1a: Samurott
|-damage|p1a: Samurott|0 fnt
|faint|p1a: Samurott
|
|upkeep
|
|t:|1758342712
|switch|p1a: Kyurem|Kyurem|100/100
|-ability|p1a: Kyurem|Pressure
|turn|4
|
|t:|1758342721
|-end|p2a: Great Tusk|Protosynthesis|[silent]
|switch|p2a: Primarina|Primarina, F|100/100
|move|p1a: Kyurem|Substitute|p1a: Kyurem
|-start|p1a: Kyurem|Substitute
|-damage|p1a: Kyurem|76/100
|
|upkeep
|turn|5
|
|t:|1758342726
|move|p1a: Kyurem|Freeze-Dry|p2a: Primarina
|-supereffective|p2a: Primarina
|-damage|p2a: Primarina|60/100
|move|p2a: Primarina|Moonblast|p1a: Kyurem
|-supereffective|p1a: Kyurem
|-end|p1a: Kyurem|Substitute
|
|upkeep
|turn|6
|inactive|weixingzhu has 120 seconds left.
|
|t:|1758342767
|switch|p1a: Gholdengo|Gholdengo|100/100
|-item|p1a: Gholdengo|Air Balloon
|move|p2a: Primarina|Moonblast|p1a: Gholdengo
|-resisted|p1a: Gholdengo
|-damage|p1a: Gholdengo|73/100
|-enditem|p1a: Gholdengo|Air Balloon
|
|upkeep
|turn|7
|
|t:|1758342776
|move|p1a: Gholdengo|Make It Rain|p2a: Primarina
|-damage|p2a: Primarina|32/100
|-unboost|p1a: Gholdengo|spa|1
|move|p2a: Primarina|Hyper Voice|p1a: Gholdengo
|-damage|p1a: Gholdengo|24/100
|
|upkeep
|turn|8
|
|t:|1758342781
|move|p1a: Gholdengo|Thunder Wave|p2a: Primarina
|-status|p2a: Primarina|par
|move|p2a: Primarina|Hyper Voice|p1a: Gholdengo
|-crit|p1a: Gholdengo
|-damage|p1a: Gholdengo|0 fnt
|faint|p1a: Gholdengo
|
|upkeep
|inactive|weixingzhu has 120 seconds left.
|
|t:|1758342792
|switch|p1a: Kyurem|Kyurem|76/100
|-ability|p1a: Kyurem|Pressure
|turn|9
|
|t:|1758342794
|move|p1a: Kyurem|Freeze-Dry|p2a: Primarina
|-supereffective|p2a: Primarina
|-damage|p2a: Primarina|0 fnt
|faint|p2a: Primarina
|
|upkeep
|
|t:|1758342796
|switch|p2a: Cinderace|Cinderace, M|100/100
|turn|10
|
|t:|1758342810
|switch|p1a: Landorus|Landorus-Therian, M|100/100
|-ability|p1a: Landorus|Intimidate|boost
|-unboost|p2a: Cinderace|atk|1
|move|p2a: Cinderace|High Jump Kick|p1a: Landorus
|-start|p2a: Cinderace|typechange|Fighting|[from] ability: Libero
|-resisted|p1a: Landorus
|-damage|p1a: Landorus|63/100
|
|upkeep
|turn|11
|
|t:|1758342818
|switch|p2a: Great Tusk|Great Tusk|73/100
|move|p1a: Landorus|U-turn|p2a: Great Tusk
|-resisted|p2a: Great Tusk
|-damage|p2a: Great Tusk|67/100
|-damage|p1a: Landorus|46/100|[from] item: Rocky Helmet|[of] p2a: Great Tusk
|
|t:|1758342829
|switch|p1a: Kyurem|Kyurem|76/100|[from] U-turn
|-ability|p1a: Kyurem|Pressure
|
|upkeep
|turn|12
|
|t:|1758342834
|move|p1a: Kyurem|Substitute|p1a: Kyurem
|-start|p1a: Kyurem|Substitute
|-damage|p1a: Kyurem|51/100
|move|p2a: Great Tusk|Body Press|p1a: Kyurem
|-supereffective|p1a: Kyurem
|-end|p1a: Kyurem|Substitute
|
|upkeep
|turn|13
|
|t:|1758342839
|move|p1a: Kyurem|Substitute|p1a: Kyurem
|-start|p1a: Kyurem|Substitute
|-damage|p1a: Kyurem|26/100
|move|p2a: Great Tusk|Body Press|p1a: Kyurem
|-supereffective|p1a: Kyurem
|-end|p1a: Kyurem|Substitute
|
|upkeep
|turn|14
|
|t:|1758342841
|-end|p2a: Great Tusk|Protosynthesis|[silent]
|switch|p2a: Cinderace|Cinderace, M|100/100
|move|p1a: Kyurem|Freeze-Dry|p2a: Cinderace
|-resisted|p2a: Cinderace
|-damage|p2a: Cinderace|76/100
|
|upkeep
|turn|15
|
|t:|1758342848
|move|p2a: Cinderace|U-turn|p1a: Kyurem
|-start|p2a: Cinderace|typechange|Bug|[from] ability: Libero
|-damage|p1a: Kyurem|0 fnt
|faint|p1a: Kyurem
|
|t:|1758342851
|switch|p2a: Heatran|Heatran, M|100/100|[from] U-turn
|
|upkeep
|
|t:|1758342855
|switch|p1a: Landorus|Landorus-Therian, M|46/100
|-ability|p1a: Landorus|Intimidate|boost
|-unboost|p2a: Heatran|atk|1
|turn|16
|
|t:|1758342862
|switch|p2a: Great Tusk|Great Tusk|67/100
|move|p1a: Landorus|Earthquake|p2a: Great Tusk
|-damage|p2a: Great Tusk|39/100
|
|upkeep
|turn|17
|
|t:|1758342867
|move|p1a: Landorus|Earthquake|p2a: Great Tusk
|-damage|p2a: Great Tusk|12/100
|move|p2a: Great Tusk|Knock Off|p1a: Landorus
|-damage|p1a: Landorus|15/100
|-enditem|p1a: Landorus|Choice Scarf|[from] move: Knock Off|[of] p2a: Great Tusk
|
|upkeep
|turn|18
|
|t:|1758342871
|move|p1a: Landorus|Stealth Rock|p2a: Great Tusk
|-sidestart|p2: EmmanuelR205506|move: Stealth Rock
|move|p2a: Great Tusk|Body Press|p1a: Landorus
|-resisted|p1a: Landorus
|-damage|p1a: Landorus|0 fnt
|faint|p1a: Landorus
|
|upkeep
|
|t:|1758342888
|switch|p1a: Dragonite|Dragonite, F|100/100
|turn|19
|
|t:|1758342899
|-terastallize|p1a: Dragonite|Ghost
|move|p1a: Dragonite|Dragon Dance|p1a: Dragonite
|-boost|p1a: Dragonite|atk|1
|-boost|p1a: Dragonite|spe|1
|move|p2a: Great Tusk|Knock Off|p1a: Dragonite
|-supereffective|p1a: Dragonite
|-damage|p1a: Dragonite|68/100
|-enditem|p1a: Dragonite|Heavy-Duty Boots|[from] move: Knock Off|[of] p2a: Great Tusk
|
|upkeep
|turn|20
|
|t:|1758342907
|move|p1a: Dragonite|Dragon Dance|p1a: Dragonite
|-boost|p1a: Dragonite|atk|1
|-boost|p1a: Dragonite|spe|1
|move|p2a: Great Tusk|Earthquake|p1a: Dragonite
|-damage|p1a: Dragonite|19/100
|
|upkeep
|turn|21
|
|t:|1758342912
|move|p1a: Dragonite|Tera Blast|p2a: Great Tusk|[anim] Tera Blast Ghost
|-damage|p2a: Great Tusk|0 fnt
|faint|p2a: Great Tusk
|-end|p2a: Great Tusk|Protosynthesis|[silent]
|
|upkeep
|
|t:|1758342918
|switch|p2a: Gholdengo|Gholdengo|100/100
|-damage|p2a: Gholdengo|94/100|[from] Stealth Rock
|turn|22
|
|t:|1758342920
|-terastallize|p2a: Gholdengo|Fairy
|move|p1a: Dragonite|Tera Blast|p2a: Gholdengo|[anim] Tera Blast Ghost
|-damage|p2a: Gholdengo|32/100
|move|p2a: Gholdengo|Hex|p1a: Dragonite
|-supereffective|p1a: Dragonite
|-damage|p1a: Dragonite|0 fnt
|faint|p1a: Dragonite
|
|-heal|p2a: Gholdengo|38/100|[from] item: Leftovers
|upkeep
|
|t:|1758342925
|switch|p1a: Darkrai|Darkrai|100/100
|turn|23
|
|t:|1758342928
|move|p1a: Darkrai|Ice Beam|p2a: Gholdengo
|-damage|p2a: Gholdengo|11/100
|move|p2a: Gholdengo|Thunder Wave|p1a: Darkrai
|-status|p1a: Darkrai|par
|
|-heal|p2a: Gholdengo|17/100|[from] item: Leftovers
|upkeep
|turn|24
|
|t:|1758342932
|move|p2a: Gholdengo|Recover|p2a: Gholdengo
|-heal|p2a: Gholdengo|67/100
|move|p1a: Darkrai|Ice Beam|p2a: Gholdengo
|-damage|p2a: Gholdengo|41/100
|
|-heal|p2a: Gholdengo|47/100|[from] item: Leftovers
|upkeep
|turn|25
|-message|weixingzhu forfeited.
|
|win|EmmanuelR205506
|raw|weixingzhu's rating: 1595 &rarr; <strong>1579</strong><br />(-16 for losing)
|raw|EmmanuelR205506's rating: 1660 &rarr; <strong>1676</strong><br />(+16 for winning)
|l|☆EmmanuelR205506
|player|p2|
|l|☆weixingzhu
|player|p1|
