|j|☆Hunter_of_Keys
|j|☆omnomapuss
|t:|1758353074
|gametype|singles
|player|p1|Hunter_of_Keys|veteran|1463
|player|p2|omnomapuss|crasherwake|1481
|gen|9
|tier|[Gen 9] OU
|rated|
|rule|HP Percentage Mod: HP is shown in percentages
|rule|Endless Battle Clause: Forcing endless battles is banned
|rule|Species Clause: Limit one of each Pokémon
|rule|OHKO Clause: OHKO moves are banned
|rule|Evasion Items Clause: Evasion items are banned
|rule|Evasion Moves Clause: Evasion moves are banned
|rule|Evasion Abilities Clause: Evasion abilities are banned
|rule|Sleep Moves Clause: Sleep-inducing moves are banned
|clearpoke
|poke|p1|Flareon, F|
|poke|p1|Jolteon, F|
|poke|p1|Vaporeon, F|
|poke|p1|Umbreon, F|
|poke|p1|Sylveon, F|
|poke|p1|Espeon, M|
|poke|p2|Primarina, F|
|poke|p2|Dragapult, F|
|poke|p2|Scizor, F|
|poke|p2|Great Tusk|
|poke|p2|Zapdos|
|poke|p2|Slowking-Galar, M|
|teampreview
|inactive|Battle timer is ON: inactive players will automatically lose when time's up. (requested by Hunter_of_Keys)
|
|t:|1758353078
|teamsize|p1|6
|teamsize|p2|6
|start
|switch|p1a: Jolteon|Jolteon, F|100/100
|switch|p2a: Dragapult|Dragapult, F|100/100
|turn|1
|
|t:|1758353087
|switch|p2a: Slowking|Slowking-Galar, M|100/100
|move|p1a: Jolteon|Protect||[still]
|-fail|p1a: Jolteon
|
|-status|p1a: Jolteon|brn|[from] item: Flame Orb
|upkeep
|turn|2
|
|t:|1758353091
|move|p1a: Jolteon|Volt Switch|p2a: Slowking
|-damage|p2a: Slowking|81/100
|
|t:|1758353093
|switch|p1a: Flareon|Flareon, F|100/100|[from] Volt Switch
|move|p2a: Slowking|Future Sight|p1a: Flareon
|-start|p2a: Slowking|move: Future Sight
|
|-status|p1a: Flareon|tox|[from] item: Toxic Orb
|upkeep
|turn|3
|
|t:|1758353107
|switch|p2a: Great Tusk|Great Tusk|100/100
|move|p1a: Flareon|Flare Blitz|p2a: Great Tusk
|-damage|p2a: Great Tusk|29/100
|-damage|p1a: Flareon|84/100 tox|[from] item: Rocky Helmet|[of] p2a: Great Tusk
|-damage|p1a: Flareon|52/100 tox|[from] Recoil
|
|-damage|p1a: Flareon|46/100 tox|[from] psn
|upkeep
|turn|4
|
|t:|1758353116
|move|p1a: Flareon|Quick Attack|p2a: Great Tusk
|-damage|p2a: Great Tusk|13/100
|-damage|p1a: Flareon|29/100 tox|[from] item: Rocky Helmet|[of] p2a: Great Tusk
|move|p2a: Great Tusk|Headlong Rush|p1a: Flareon
|-supereffective|p1a: Flareon
|-damage|p1a: Flareon|0 fnt
|-unboost|p2a: Great Tusk|def|1
|-unboost|p2a: Great Tusk|spd|1
|faint|p1a: Flareon
|
|-hint|Future Sight did not hit because the target is fainted.
|upkeep
|
|t:|1758353121
|switch|p1a: Jolteon|Jolteon, F|100/100 brn
|turn|5
|
|t:|1758353134
|-end|p2a: Great Tusk|Protosynthesis|[silent]
|switch|p2a: Slowking|Slowking-Galar, M|100/100
|move|p1a: Jolteon|Alluring Voice|p2a: Slowking
|-resisted|p2a: Slowking
|-damage|p2a: Slowking|93/100
|
|-damage|p1a: Jolteon|94/100 brn|[from] brn
|upkeep
|turn|6
|
|t:|1758353145
|move|p1a: Jolteon|Volt Switch|p2a: Slowking
|-damage|p2a: Slowking|75/100
|
|t:|1758353167
|switch|p1a: Espeon|Espeon, M|100/100|[from] Volt Switch
|-prepare|p2a: Slowking|Chilly Reception|[premajor]
|move|p2a: Slowking|Chilly Reception|p2a: Slowking
|-weather|Snowscape
|
|t:|1758353181
|switch|p2a: Dragapult|Dragapult, F|100/100|[from] Chilly Reception
|
|-weather|Snowscape|[upkeep]
|upkeep
|turn|7
|
|t:|1758353184
|move|p2a: Dragapult|U-turn|p1a: Espeon
|-supereffective|p1a: Espeon
|-damage|p1a: Espeon|29/100
|
|t:|1758353188
|switch|p2a: Slowking|Slowking-Galar, M|100/100|[from] U-turn
|move|p1a: Espeon|Thunder Wave|p2a: Slowking
|-status|p2a: Slowking|par
|
|-weather|Snowscape|[upkeep]
|upkeep
|turn|8
|
|t:|1758353192
|move|p1a: Espeon|Psyshock|p2a: Slowking
|-damage|p2a: Slowking|62/100 par
|cant|p2a: Slowking|par
|
|-weather|Snowscape|[upkeep]
|upkeep
|turn|9
|
|t:|1758353199
|switch|p2a: Primarina|Primarina, F|100/100
|move|p1a: Espeon|Psyshock|p2a: Primarina
|-damage|p2a: Primarina|57/100
|
|-weather|Snowscape|[upkeep]
|upkeep
|turn|10
|
|t:|1758353202
|move|p1a: Espeon|Psyshock|p2a: Primarina
|-damage|p2a: Primarina|8/100
|move|p2a: Primarina|Moonblast|p1a: Espeon
|-damage|p1a: Espeon|0 fnt
|faint|p1a: Espeon
|
|-weather|none
|upkeep
|
|t:|1758353214
|switch|p1a: Jolteon|Jolteon, F|94/100 brn
|turn|11
|
|t:|1758353218
|move|p1a: Jolteon|Discharge|p2a: Primarina
|-supereffective|p2a: Primarina
|-damage|p2a: Primarina|0 fnt
|faint|p2a: Primarina
|
|-damage|p1a: Jolteon|88/100 brn|[from] brn
|upkeep
|
|t:|1758353224
|switch|p2a: Slowking|Slowking-Galar, M|95/100 par
|turn|12
|
|t:|1758353242
|move|p1a: Jolteon|Discharge|p2a: Slowking
|-damage|p2a: Slowking|74/100 par
|move|p2a: Slowking|Future Sight|p1a: Jolteon
|-start|p2a: Slowking|move: Future Sight
|
|-damage|p1a: Jolteon|82/100 brn|[from] brn
|upkeep
|turn|13
|
|t:|1758353257
|move|p1a: Jolteon|Volt Switch|p2a: Slowking
|-damage|p2a: Slowking|55/100 par
|
|t:|1758353260
|switch|p1a: Umbreon|Umbreon, F|100/100|[from] Volt Switch
|move|p2a: Slowking|Sludge Bomb|p1a: Umbreon
|-damage|p1a: Umbreon|80/100
|
|upkeep
|turn|14
|
|t:|1758353264
|switch|p2a: Great Tusk|Great Tusk|13/100
|move|p1a: Umbreon|Foul Play|p2a: Great Tusk
|-resisted|p2a: Great Tusk
|-damage|p2a: Great Tusk|0 fnt
|-damage|p1a: Umbreon|63/100|[from] item: Rocky Helmet|[of] p2a: Great Tusk
|faint|p2a: Great Tusk
|-end|p2a: Great Tusk|Protosynthesis|[silent]
|
|-end|p1a: Umbreon|move: Future Sight
|-immune|p1a: Umbreon
|upkeep
|
|t:|1758353268
|switch|p2a: Scizor|Scizor, F|100/100
|turn|15
|
|t:|1758353277
|move|p2a: Scizor|U-turn|p1a: Umbreon
|-supereffective|p1a: Umbreon
|-damage|p1a: Umbreon|0 fnt
|-damage|p2a: Scizor|84/100|[from] item: Rocky Helmet|[of] p1a: Umbreon
|faint|p1a: Umbreon
|
|t:|1758353283
|switch|p2a: Zapdos|Zapdos|100/100|[from] U-turn
|
|upkeep
|
|t:|1758353288
|switch|p1a: Sylveon|Sylveon, F|100/100
|turn|16
|
|t:|1758353312
|move|p2a: Zapdos|Thunder Wave|p1a: Sylveon
|-status|p1a: Sylveon|par
|move|p1a: Sylveon|Hyper Voice|p2a: Zapdos
|-damage|p2a: Zapdos|61/100
|-enditem|p1a: Sylveon|Throat Spray
|-boost|p1a: Sylveon|spa|1|[from] item: Throat Spray
|
|upkeep
|turn|17
|
|t:|1758353321
|move|p2a: Zapdos|U-turn|p1a: Sylveon
|-resisted|p1a: Sylveon
|-damage|p1a: Sylveon|95/100 par
|
|t:|1758353323
|switch|p2a: Slowking|Slowking-Galar, M|88/100 par|[from] U-turn
|move|p1a: Sylveon|Hyper Voice|p2a: Slowking
|-resisted|p2a: Slowking
|-damage|p2a: Slowking|69/100 par
|
|upkeep
|turn|18
|
|t:|1758353326
|cant|p1a: Sylveon|par
|cant|p2a: Slowking|par
|
|upkeep
|turn|19
|
|t:|1758353329
|move|p1a: Sylveon|Psyshock|p2a: Slowking
|-damage|p2a: Slowking|34/100 par
|move|p2a: Slowking|Sludge Bomb|p1a: Sylveon
|-supereffective|p1a: Sylveon
|-damage|p1a: Sylveon|50/100 par
|
|upkeep
|turn|20
|
|t:|1758353334
|switch|p2a: Scizor|Scizor, F|84/100
|move|p1a: Sylveon|Psyshock|p2a: Scizor
|-resisted|p2a: Scizor
|-damage|p2a: Scizor|68/100
|
|upkeep
|turn|21
|
|t:|1758353341
|switch|p1a: Vaporeon|Vaporeon, F|100/100
|move|p2a: Scizor|Bullet Punch|p1a: Vaporeon
|-resisted|p1a: Vaporeon
|-damage|p1a: Vaporeon|78/100
|-enditem|p1a: Vaporeon|Kee Berry|[eat]
|-boost|p1a: Vaporeon|def|1|[from] item: Kee Berry
|
|upkeep
|turn|22
|
|t:|1758353367
|switch|p2a: Slowking|Slowking-Galar, M|68/100 par
|move|p1a: Vaporeon|Calm Mind|p1a: Vaporeon
|-boost|p1a: Vaporeon|spa|1
|-boost|p1a: Vaporeon|spd|1
|
|upkeep
|turn|23
|
|t:|1758353377
|move|p1a: Vaporeon|Calm Mind|p1a: Vaporeon
|-boost|p1a: Vaporeon|spa|1
|-boost|p1a: Vaporeon|spd|1
|move|p2a: Slowking|Thunder Wave|p1a: Vaporeon
|-status|p1a: Vaporeon|par
|
|upkeep
|turn|24
|
|t:|1758353383
|move|p1a: Vaporeon|Rain Dance|p1a: Vaporeon
|-weather|RainDance
|-prepare|p2a: Slowking|Chilly Reception|[premajor]
|cant|p2a: Slowking|par
|
|-weather|RainDance|[upkeep]
|-activate|p1a: Vaporeon|ability: Hydration
|-curestatus|p1a: Vaporeon|par|[msg]
|upkeep
|turn|25
|
|t:|1758353387
|move|p1a: Vaporeon|Calm Mind|p1a: Vaporeon
|-boost|p1a: Vaporeon|spa|1
|-boost|p1a: Vaporeon|spd|1
|-prepare|p2a: Slowking|Chilly Reception|[premajor]
|cant|p2a: Slowking|par
|
|-weather|RainDance|[upkeep]
|upkeep
|turn|26
|
|t:|1758353393
|move|p1a: Vaporeon|Scald|p2a: Slowking
|-damage|p2a: Slowking|0 fnt
|faint|p2a: Slowking
|
|-weather|RainDance|[upkeep]
|upkeep
|
|t:|1758353395
|switch|p2a: Dragapult|Dragapult, F|100/100
|turn|27
|
|t:|1758353404
|move|p2a: Dragapult|U-turn|p1a: Vaporeon
|-damage|p1a: Vaporeon|55/100
|
|t:|1758353406
|switch|p2a: Zapdos|Zapdos|61/100|[from] U-turn
|move|p1a: Vaporeon|Scald|p2a: Zapdos
|-damage|p2a: Zapdos|0 fnt
|faint|p2a: Zapdos
|
|-weather|RainDance|[upkeep]
|upkeep
|
|t:|1758353408
|switch|p2a: Dragapult|Dragapult, F|100/100
|turn|28
|
|t:|1758353414
|-terastallize|p2a: Dragapult|Ghost
|move|p2a: Dragapult|Tera Blast|p1a: Vaporeon|[anim] Tera Blast Ghost
|-damage|p1a: Vaporeon|3/100
|move|p1a: Vaporeon|Wish|p1a: Vaporeon
|
|-weather|none
|upkeep
|turn|29
|
|t:|1758353434
|move|p2a: Dragapult|Tera Blast|p1a: Vaporeon|[anim] Tera Blast Ghost
|-damage|p1a: Vaporeon|0 fnt
|faint|p1a: Vaporeon
|
|upkeep
|
|t:|1758353445
|switch|p1a: Jolteon|Jolteon, F|82/100 brn
|turn|30
|
|t:|1758353448
|move|p1a: Jolteon|Discharge|p2a: Dragapult
|-damage|p2a: Dragapult|51/100
|move|p2a: Dragapult|Tera Blast|p1a: Jolteon|[anim] Tera Blast Ghost
|-damage|p1a: Jolteon|0 fnt
|faint|p1a: Jolteon
|
|upkeep
|
|t:|1758353453
|switch|p1a: Sylveon|Sylveon, F|50/100 par
|turn|31
|
|t:|1758353465
|move|p2a: Dragapult|Tera Blast|p1a: Sylveon|[anim] Tera Blast Ghost
|-damage|p1a: Sylveon|0 fnt
|faint|p1a: Sylveon
|
|win|omnomapuss
|raw|Hunter_of_Keys's rating: 1463 &rarr; <strong>1444</strong><br />(-19 for losing)
|raw|omnomapuss's rating: 1481 &rarr; <strong>1500</strong><br />(+19 for winning)
|l|☆Hunter_of_Keys
|player|p1|
|l|☆omnomapuss
|player|p2|
