|j|☆expsnake
|j|☆zskuxxz
|t:|1758240476
|gametype|singles
|player|p1|expsnake|boarder|1497
|player|p2|zskuxxz|crasherwake|1557
|gen|9
|tier|[Gen 9] OU
|rated|
|rule|HP Percentage Mod: HP is shown in percentages
|rule|Endless Battle Clause: Forcing endless battles is banned
|rule|Species Clause: Limit one of each Pokémon
|rule|OHKO Clause: OHKO moves are banned
|rule|Evasion Items Clause: Evasion items are banned
|rule|Evasion Moves Clause: Evasion moves are banned
|rule|Evasion Abilities Clause: Evasion abilities are banned
|rule|Sleep Moves Clause: Sleep-inducing moves are banned
|clearpoke
|poke|p1|Pelipper, F|
|poke|p1|Pincurchin, M|
|poke|p1|Iron Jugulis|
|poke|p1|Iron Treads|
|poke|p1|Raging Bolt|
|poke|p1|Barraskewda, F|
|poke|p2|Pecharunt|
|poke|p2|Iron Treads|
|poke|p2|Ogerpon-Wellspring, F|
|poke|p2|Iron Crown|
|poke|p2|Landorus-Therian, M|
|poke|p2|Samurott-Hisui, M|
|teampreview
|inactive|Battle timer is ON: inactive players will automatically lose when time's up. (requested by expsnake)
|
|t:|1758240491
|teamsize|p1|6
|teamsize|p2|6
|start
|switch|p1a: Pelipper|Pelipper, F|100/100
|switch|p2a: Samurott|Samurott-Hisui, M|100/100
|-weather|RainDance|[from] ability: Drizzle|[of] p1a: Pelipper
|turn|1
|
|t:|1758240494
|move|p2a: Samurott|Ceaseless Edge|p1a: Pelipper|[miss]
|-miss|p2a: Samurott|p1a: Pelipper
|move|p1a: Pelipper|U-turn|p2a: Samurott
|-supereffective|p2a: Samurott
|-damage|p2a: Samurott|78/100
|
|t:|1758240499
|switch|p1a: Pincurchin|Pincurchin, M|100/100|[from] U-turn
|-fieldstart|move: Electric Terrain|[from] ability: Electric Surge|[of] p1a: Pincurchin
|
|-weather|RainDance|[upkeep]
|upkeep
|turn|2
|
|t:|1758240519
|move|p2a: Samurott|Ceaseless Edge|p1a: Pincurchin
|-damage|p1a: Pincurchin|61/100
|-sidestart|p1: expsnake|Spikes
|move|p1a: Pincurchin|Discharge|p2a: Samurott
|-supereffective|p2a: Samurott
|-damage|p2a: Samurott|18/100
|
|-weather|RainDance|[upkeep]
|upkeep
|turn|3
|
|t:|1758240534
|move|p2a: Samurott|Flip Turn|p1a: Pincurchin
|-damage|p1a: Pincurchin|23/100
|
|t:|1758240536
|switch|p2a: Landorus|Landorus-Therian, M|100/100|[from] Flip Turn
|-ability|p2a: Landorus|Intimidate|boost
|-unboost|p1a: Pincurchin|atk|1
|move|p1a: Pincurchin|Discharge|p2a: Landorus
|-immune|p2a: Landorus
|
|-weather|RainDance|[upkeep]
|upkeep
|turn|4
|
|t:|1758240542
|move|p2a: Landorus|U-turn|p1a: Pincurchin
|-damage|p1a: Pincurchin|0 fnt
|faint|p1a: Pincurchin
|
|t:|1758240553
|switch|p2a: Pecharunt|Pecharunt|100/100|[from] U-turn
|
|-weather|RainDance|[upkeep]
|upkeep
|
|t:|1758240556
|switch|p1a: Iron Jugulis|Iron Jugulis|100/100
|-activate|p1a: Iron Jugulis|ability: Quark Drive
|-start|p1a: Iron Jugulis|quarkdrivespe
|turn|5
|
|t:|1758240572
|switch|p2a: Samurott|Samurott-Hisui, M|18/100
|move|p1a: Iron Jugulis|Hydro Pump|p2a: Samurott
|-resisted|p2a: Samurott
|-damage|p2a: Samurott|0 fnt
|faint|p2a: Samurott
|
|-weather|RainDance|[upkeep]
|upkeep
|
|t:|1758240590
|switch|p2a: Ogerpon|Ogerpon-Wellspring, F|100/100
|turn|6
|
|t:|1758240591
|-end|p1a: Iron Jugulis|Quark Drive|[silent]
|switch|p1a: Raging Bolt|Raging Bolt|100/100
|-damage|p1a: Raging Bolt|88/100|[from] Spikes
|-enditem|p1a: Raging Bolt|Booster Energy
|-activate|p1a: Raging Bolt|ability: Protosynthesis|[fromitem]
|-start|p1a: Raging Bolt|protosynthesisspa
|move|p2a: Ogerpon|Swords Dance|p2a: Ogerpon
|-boost|p2a: Ogerpon|atk|2
|
|-weather|RainDance|[upkeep]
|upkeep
|turn|7
|
|t:|1758240598
|switch|p2a: Iron Treads|Iron Treads|100/100
|-activate|p2a: Iron Treads|ability: Quark Drive
|-start|p2a: Iron Treads|quarkdrivedef
|move|p1a: Raging Bolt|Rising Voltage|p2a: Iron Treads
|-immune|p2a: Iron Treads
|
|-weather|RainDance|[upkeep]
|upkeep
|turn|8
|
|t:|1758240602
|move|p2a: Iron Treads|Knock Off|p1a: Raging Bolt
|-damage|p1a: Raging Bolt|74/100
|move|p1a: Raging Bolt|Weather Ball|p2a: Iron Treads
|-supereffective|p2a: Iron Treads
|-damage|p2a: Iron Treads|0 fnt
|faint|p2a: Iron Treads
|-end|p2a: Iron Treads|Quark Drive|[silent]
|
|-weather|none
|-fieldend|move: Electric Terrain
|upkeep
|
|t:|1758240606
|switch|p2a: Landorus|Landorus-Therian, M|100/100
|-ability|p2a: Landorus|Intimidate|boost
|-unboost|p1a: Raging Bolt|atk|1
|turn|9
|
|t:|1758240611
|-end|p1a: Raging Bolt|Protosynthesis|[silent]
|switch|p1a: Pelipper|Pelipper, F|100/100
|-weather|RainDance|[from] ability: Drizzle|[of] p1a: Pelipper
|move|p2a: Landorus|Stone Edge|p1a: Pelipper
|-supereffective|p1a: Pelipper
|-damage|p1a: Pelipper|32/100
|
|-weather|RainDance|[upkeep]
|upkeep
|turn|10
|
|t:|1758240614
|switch|p1a: Iron Treads|Iron Treads|100/100
|-damage|p1a: Iron Treads|88/100|[from] Spikes
|move|p2a: Landorus|Stone Edge|p1a: Iron Treads
|-resisted|p1a: Iron Treads
|-damage|p1a: Iron Treads|79/100
|-enditem|p1a: Iron Treads|Eject Button
|
|t:|1758240630
|-end|p1a: Iron Treads|Quark Drive|[silent]
|switch|p1a: Iron Jugulis|Iron Jugulis|100/100
|
|-weather|RainDance|[upkeep]
|upkeep
|turn|11
|inactive|zskuxxz has 120 seconds left.
|
|t:|1758240674
|-terastallize|p2a: Landorus|Fire
|move|p2a: Landorus|Stone Edge|p1a: Iron Jugulis
|-supereffective|p1a: Iron Jugulis
|-damage|p1a: Iron Jugulis|10/100
|move|p1a: Iron Jugulis|Dark Pulse|p2a: Landorus
|-damage|p2a: Landorus|30/100
|
|-weather|RainDance|[upkeep]
|upkeep
|turn|12
|
|t:|1758240682
|-end|p1a: Iron Jugulis|Quark Drive|[silent]
|switch|p1a: Iron Treads|Iron Treads|79/100
|-damage|p1a: Iron Treads|67/100|[from] Spikes
|move|p2a: Landorus|Stone Edge|p1a: Iron Treads
|-resisted|p1a: Iron Treads
|-damage|p1a: Iron Treads|57/100
|
|-weather|RainDance|[upkeep]
|upkeep
|turn|13
|
|t:|1758240688
|switch|p2a: Pecharunt|Pecharunt|100/100
|move|p1a: Iron Treads|Thunder|p2a: Pecharunt
|-damage|p2a: Pecharunt|73/100
|
|-weather|RainDance|[upkeep]
|upkeep
|turn|14
|
|t:|1758240693
|move|p1a: Iron Treads|Earth Power|p2a: Pecharunt
|-supereffective|p2a: Pecharunt
|-damage|p2a: Pecharunt|12/100
|-unboost|p2a: Pecharunt|spd|1
|move|p2a: Pecharunt|Parting Shot|p1a: Iron Treads
|-unboost|p1a: Iron Treads|atk|1
|-unboost|p1a: Iron Treads|spa|1
|
|t:|1758240697
|switch|p2a: Ogerpon|Ogerpon-Wellspring, F|100/100|[from] Parting Shot
|
|-weather|RainDance|[upkeep]
|upkeep
|turn|15
|inactive|zskuxxz has 120 seconds left.
|
|t:|1758240747
|move|p1a: Iron Treads|Thunder|p2a: Ogerpon
|-damage|p2a: Ogerpon|82/100
|move|p2a: Ogerpon|Swords Dance|p2a: Ogerpon
|-boost|p2a: Ogerpon|atk|2
|
|-weather|RainDance|[upkeep]
|upkeep
|turn|16
|
|t:|1758240756
|move|p1a: Iron Treads|Thunder|p2a: Ogerpon
|-damage|p2a: Ogerpon|64/100
|-status|p2a: Ogerpon|par
|move|p2a: Ogerpon|Swords Dance|p2a: Ogerpon
|-boost|p2a: Ogerpon|atk|2
|
|-weather|none
|upkeep
|turn|17
|
|t:|1758240762
|move|p1a: Iron Treads|Stealth Rock|p2a: Ogerpon
|-sidestart|p2: zskuxxz|move: Stealth Rock
|cant|p2a: Ogerpon|par
|
|upkeep
|turn|18
|
|t:|1758240766
|move|p1a: Iron Treads|Rapid Spin|p2a: Ogerpon
|-damage|p2a: Ogerpon|57/100 par
|-boost|p1a: Iron Treads|spe|1
|-sideend|p1: expsnake|Spikes|[from] move: Rapid Spin|[of] p1a: Iron Treads
|move|p2a: Ogerpon|Trailblaze|p1a: Iron Treads
|-damage|p1a: Iron Treads|0 fnt
|-boost|p2a: Ogerpon|spe|1
|faint|p1a: Iron Treads
|-end|p1a: Iron Treads|Quark Drive|[silent]
|
|upkeep
|
|t:|1758240773
|switch|p1a: Pelipper|Pelipper, F|32/100
|-weather|RainDance|[from] ability: Drizzle|[of] p1a: Pelipper
|turn|19
|
|t:|1758240776
|cant|p2a: Ogerpon|par
|move|p1a: Pelipper|Hurricane|p2a: Ogerpon
|-supereffective|p2a: Ogerpon
|-damage|p2a: Ogerpon|0 fnt
|faint|p2a: Ogerpon
|
|-weather|RainDance|[upkeep]
|upkeep
|
|t:|1758240780
|switch|p2a: Iron Crown|Iron Crown|100/100
|-damage|p2a: Iron Crown|94/100|[from] Stealth Rock
|turn|20
|
|t:|1758240783
|move|p2a: Iron Crown|Volt Switch|p1a: Pelipper
|-supereffective|p1a: Pelipper
|-damage|p1a: Pelipper|0 fnt
|faint|p1a: Pelipper
|
|t:|1758240786
|-end|p2a: Iron Crown|Quark Drive|[silent]
|switch|p2a: Pecharunt|Pecharunt|12/100|[from] Volt Switch
|-damage|p2a: Pecharunt|0 fnt|[from] Stealth Rock
|faint|p2a: Pecharunt
|
|-weather|RainDance|[upkeep]
|upkeep
|
|t:|1758240793
|switch|p2a: Landorus|Landorus-Therian, M, tera:Fire|30/100
|switch|p1a: Barraskewda|Barraskewda, F|100/100
|-damage|p2a: Landorus|5/100|[from] Stealth Rock
|-ability|p2a: Landorus|Intimidate|boost
|-unboost|p1a: Barraskewda|atk|1
|turn|21
|
|t:|1758240798
|move|p1a: Barraskewda|Flip Turn|p2a: Landorus
|-supereffective|p2a: Landorus
|-damage|p2a: Landorus|0 fnt
|faint|p2a: Landorus
|
|t:|1758240800
|switch|p1a: Iron Jugulis|Iron Jugulis|10/100|[from] Flip Turn
|
|-weather|RainDance|[upkeep]
|upkeep
|-message|zskuxxz forfeited.
|
|win|expsnake
|raw|expsnake's rating: 1497 &rarr; <strong>1520</strong><br />(+23 for winning)
|raw|zskuxxz's rating: 1557 &rarr; <strong>1534</strong><br />(-23 for losing)
|l|☆zskuxxz
|player|p2|
