|j|☆jumbolino
|j|☆Zolestgo
|t:|1758276292
|gametype|singles
|player|p1|jumbolino|169|1060
|player|p2|Zolestgo|2|1105
|gen|9
|tier|[Gen 9] OU
|rated|
|rule|HP Percentage Mod: HP is shown in percentages
|rule|Endless Battle Clause: Forcing endless battles is banned
|rule|Species Clause: Limit one of each Pokémon
|rule|OHKO Clause: OHKO moves are banned
|rule|Evasion Items Clause: Evasion items are banned
|rule|Evasion Moves Clause: Evasion moves are banned
|rule|Evasion Abilities Clause: Evasion abilities are banned
|rule|Sleep Moves Clause: Sleep-inducing moves are banned
|clearpoke
|poke|p1|Zapdos|
|poke|p1|Magnezone|
|poke|p1|Jolteon, M|
|poke|p1|Rotom-Wash|
|poke|p1|Eelektross, F|
|poke|p1|Golem-Alola, F|
|poke|p2|Ogerpon-Wellspring, F|
|poke|p2|Kingambit, F|
|poke|p2|Landorus-Therian, M|
|poke|p2|Glimmora, F|
|poke|p2|Dragapult, M|
|poke|p2|Iron Valiant|
|teampreview
|inactive|Battle timer is ON: inactive players will automatically lose when time's up. (requested by Zolestgo)
|
|t:|1758276309
|teamsize|p1|6
|teamsize|p2|6
|start
|switch|p1a: Rotom|Rotom-Wash|100/100
|switch|p2a: Landorus|Landorus-Therian, M|100/100
|-ability|p2a: Landorus|Intimidate|boost
|-unboost|p1a: Rotom|atk|1
|turn|1
|
|t:|1758276319
|switch|p2a: Ogerpon|Ogerpon-Wellspring, F|100/100
|move|p1a: Rotom|Hydro Pump|p2a: Ogerpon
|-immune|p2a: Ogerpon|[from] ability: Water Absorb
|
|upkeep
|turn|2
|
|t:|1758276327
|switch|p1a: Magnezone|Magnezone|100/100
|move|p2a: Ogerpon|Horn Leech|p1a: Magnezone
|-resisted|p1a: Magnezone
|-damage|p1a: Magnezone|86/100
|
|upkeep
|turn|3
|
|t:|1758276346
|switch|p2a: Dragapult|Dragapult, M|100/100
|move|p1a: Magnezone|Flash Cannon|p2a: Dragapult
|-damage|p2a: Dragapult|30/100
|
|upkeep
|turn|4
|
|t:|1758276352
|move|p2a: Dragapult|Flamethrower|p1a: Magnezone
|-supereffective|p1a: Magnezone
|-damage|p1a: Magnezone|4/100
|move|p1a: Magnezone|Flash Cannon|p2a: Dragapult
|-damage|p2a: Dragapult|0 fnt
|faint|p2a: Dragapult
|
|upkeep
|inactive|Zolestgo has 120 seconds left.
|
|t:|1758276396
|switch|p2a: Glimmora|Glimmora, F|100/100
|turn|5
|
|t:|1758276401
|move|p2a: Glimmora|Earth Power|p1a: Magnezone
|-supereffective|p1a: Magnezone
|-damage|p1a: Magnezone|0 fnt
|faint|p1a: Magnezone
|
|upkeep
|
|t:|1758276407
|switch|p1a: Rotom|Rotom-Wash|100/100
|turn|6
|
|t:|1758276415
|switch|p2a: Ogerpon|Ogerpon-Wellspring, F|100/100
|move|p1a: Rotom|Hydro Pump|p2a: Ogerpon
|-immune|p2a: Ogerpon|[from] ability: Water Absorb
|
|upkeep
|turn|7
|
|t:|1758276430
|switch|p1a: Jolteon|Jolteon, M|100/100
|move|p2a: Ogerpon|Ivy Cudgel|p1a: Jolteon|[anim] Ivy Cudgel Water
|-damage|p1a: Jolteon|0 fnt
|faint|p1a: Jolteon
|
|upkeep
|
|t:|1758276436
|switch|p1a: Rotom|Rotom-Wash|100/100
|turn|8
|
|t:|1758276443
|switch|p2a: Landorus|Landorus-Therian, M|100/100
|-ability|p2a: Landorus|Intimidate|boost
|-unboost|p1a: Rotom|atk|1
|move|p1a: Rotom|Volt Switch|p2a: Landorus
|-immune|p2a: Landorus
|
|upkeep
|turn|9
|
|t:|1758276464
|move|p2a: Landorus|U-turn|p1a: Rotom
|-damage|p1a: Rotom|72/100
|inactive|Zolestgo has 120 seconds left.
|
|t:|1758276479
|switch|p2a: Glimmora|Glimmora, F|100/100|[from] U-turn
|move|p1a: Rotom|Hydro Pump|p2a: Glimmora
|-supereffective|p2a: Glimmora
|-damage|p2a: Glimmora|0 fnt
|faint|p2a: Glimmora
|
|-heal|p1a: Rotom|79/100|[from] item: Leftovers
|upkeep
|inactive|Zolestgo has 120 seconds left.
|inactive|Zolestgo has 90 seconds left.
|
|t:|1758276516
|switch|p2a: Ogerpon|Ogerpon-Wellspring, F|100/100
|turn|10
|
|t:|1758276525
|switch|p1a: Zapdos|Zapdos|100/100
|move|p2a: Ogerpon|Horn Leech|p1a: Zapdos
|-resisted|p1a: Zapdos
|-damage|p1a: Zapdos|74/100
|-status|p2a: Ogerpon|par|[from] ability: Static|[of] p1a: Zapdos
|
|upkeep
|turn|11
|
|t:|1758276538
|move|p1a: Zapdos|Hurricane|p2a: Ogerpon
|-supereffective|p2a: Ogerpon
|-damage|p2a: Ogerpon|0 fnt
|faint|p2a: Ogerpon
|
|upkeep
|
|t:|1758276547
|switch|p2a: Iron Valiant|Iron Valiant|100/100
|-enditem|p2a: Iron Valiant|Booster Energy
|-activate|p2a: Iron Valiant|ability: Quark Drive|[fromitem]
|-start|p2a: Iron Valiant|quarkdrivespe
|turn|12
|
|t:|1758276553
|-terastallize|p2a: Iron Valiant|Steel
|move|p2a: Iron Valiant|Swords Dance|p2a: Iron Valiant
|-boost|p2a: Iron Valiant|atk|2
|move|p1a: Zapdos|Hurricane|p2a: Iron Valiant|[miss]
|-miss|p1a: Zapdos|p2a: Iron Valiant
|
|upkeep
|turn|13
|inactive|Zolestgo has 90 seconds left.
|
|t:|1758276595
|move|p2a: Iron Valiant|Spirit Break|p1a: Zapdos
|-damage|p1a: Zapdos|0 fnt
|faint|p1a: Zapdos
|
|upkeep
|inactive|jumbolino has 120 seconds left.
|
|t:|1758276635
|switch|p1a: Golem|Golem-Alola, F|100/100
|turn|14
|
|t:|1758276657
|move|p2a: Iron Valiant|Spirit Break|p1a: Golem
|-damage|p1a: Golem|44/100
|-unboost|p1a: Golem|spa|1
|move|p1a: Golem|Explosion|p2a: Iron Valiant
|-damage|p2a: Iron Valiant|0 fnt
|faint|p1a: Golem
|faint|p2a: Iron Valiant
|-end|p2a: Iron Valiant|Quark Drive|[silent]
|
|upkeep
|inactive|jumbolino has 120 seconds left.
|
|t:|1758276670
|switch|p2a: Landorus|Landorus-Therian, M|100/100
|switch|p1a: Eelektross|Eelektross, F|100/100
|-ability|p2a: Landorus|Intimidate|boost
|-unboost|p1a: Eelektross|atk|1
|turn|15
|inactive|jumbolino has 120 seconds left.
|l|☆jumbolino
|inactive|jumbolino disconnected and has a minute to reconnect!
|player|p1|
|inactive|jumbolino has 30 seconds to reconnect!
|inactive|jumbolino has 20 seconds to reconnect!
|inactive|jumbolino has 15 seconds to reconnect!
|inactive|jumbolino has 10 seconds to reconnect!
|inactive|jumbolino has 5 seconds to reconnect!
|-message|jumbolino lost due to inactivity.
|
|win|Zolestgo
|raw|jumbolino's rating: 1060 &rarr; <strong>1043</strong><br />(-17 for losing)
|raw|Zolestgo's rating: 1105 &rarr; <strong>1127</strong><br />(+22 for winning)
|l|☆Zolestgo
|player|p2|
