|j|☆metakill4r
|j|☆apotato135
|t:|1758310446
|gametype|singles
|player|p1|metakill4r|n|1410
|player|p2|apotato135|swimmer-gen4dp|1422
|gen|9
|tier|[Gen 9] OU
|rated|
|rule|HP Percentage Mod: HP is shown in percentages
|rule|Endless Battle Clause: Forcing endless battles is banned
|rule|Species Clause: Limit one of each Pokémon
|rule|OHKO Clause: OHKO moves are banned
|rule|Evasion Items Clause: Evasion items are banned
|rule|Evasion Moves Clause: Evasion moves are banned
|rule|Evasion Abilities Clause: Evasion abilities are banned
|rule|Sleep Moves Clause: Sleep-inducing moves are banned
|clearpoke
|poke|p1|Great Tusk|
|poke|p1|Slowking-Galar, M|
|poke|p1|Zapdos|
|poke|p1|Cinderace, M|
|poke|p1|Crawdaunt, F|
|poke|p1|Gholdengo|
|poke|p2|Kyurem|
|poke|p2|Iron Valiant|
|poke|p2|Muk-Alola, M|
|poke|p2|Dragapult, F|
|poke|p2|Alomomola, M|
|poke|p2|Great Tusk|
|teampreview
|inactive|Battle timer is ON: inactive players will automatically lose when time's up. (requested by metakill4r)
|
|t:|1758310456
|teamsize|p1|6
|teamsize|p2|6
|start
|switch|p1a: Gholdengo|Gholdengo|100/100
|switch|p2a: Iron Valiant|Iron Valiant|100/100
|turn|1
|
|t:|1758310460
|-end|p2a: Iron Valiant|Quark Drive|[silent]
|switch|p2a: Muk|Muk-Alola, M|100/100
|move|p1a: Gholdengo|Make It Rain|p2a: Muk
|-damage|p2a: Muk|75/100
|-unboost|p1a: Gholdengo|spa|1
|
|upkeep
|turn|2
|
|t:|1758310467
|switch|p1a: Great Tusk|Great Tusk|100/100
|move|p2a: Muk|Knock Off|p1a: Great Tusk
|-resisted|p1a: Great Tusk
|-damage|p1a: Great Tusk|90/100
|-damage|p2a: Muk|58/100|[from] item: Rocky Helmet|[of] p1a: Great Tusk
|-enditem|p1a: Great Tusk|Rocky Helmet|[from] move: Knock Off|[of] p2a: Muk
|
|upkeep
|turn|3
|
|t:|1758310474
|switch|p2a: Alomomola|Alomomola, M|100/100
|move|p1a: Great Tusk|Stealth Rock|p2a: Alomomola
|-sidestart|p2: apotato135|move: Stealth Rock
|
|upkeep
|turn|4
|
|t:|1758310481
|-end|p1a: Great Tusk|Protosynthesis|[silent]
|switch|p1a: Slowking|Slowking-Galar, M|100/100
|move|p2a: Alomomola|Flip Turn|p1a: Slowking
|-damage|p1a: Slowking|84/100
|
|t:|1758310485
|switch|p2a: Great Tusk|Great Tusk|100/100|[from] Flip Turn
|
|upkeep
|turn|5
|
|t:|1758310491
|switch|p1a: Zapdos|Zapdos|100/100
|move|p2a: Great Tusk|Headlong Rush|p1a: Zapdos
|-immune|p1a: Zapdos
|
|upkeep
|turn|6
|
|t:|1758310497
|move|p2a: Great Tusk|Stealth Rock|p1a: Zapdos
|-sidestart|p1: metakill4r|move: Stealth Rock
|move|p1a: Zapdos|Hurricane|p2a: Great Tusk
|-supereffective|p2a: Great Tusk
|-damage|p2a: Great Tusk|0 fnt
|faint|p2a: Great Tusk
|-end|p2a: Great Tusk|Protosynthesis|[silent]
|
|upkeep
|
|t:|1758310500
|switch|p2a: Kyurem|Kyurem|100/100
|-damage|p2a: Kyurem|76/100|[from] Stealth Rock
|-ability|p2a: Kyurem|Pressure
|turn|7
|
|t:|1758310507
|switch|p1a: Gholdengo|Gholdengo|100/100
|-damage|p1a: Gholdengo|94/100|[from] Stealth Rock
|move|p2a: Kyurem|Icicle Spear|p1a: Gholdengo
|-resisted|p1a: Gholdengo
|-damage|p1a: Gholdengo|86/100
|-resisted|p1a: Gholdengo
|-damage|p1a: Gholdengo|78/100
|-resisted|p1a: Gholdengo
|-damage|p1a: Gholdengo|70/100
|-resisted|p1a: Gholdengo
|-damage|p1a: Gholdengo|62/100
|-hitcount|p1a: Gholdengo|4
|
|upkeep
|turn|8
|
|t:|1758310516
|-terastallize|p2a: Kyurem|Electric
|move|p1a: Gholdengo|Make It Rain|p2a: Kyurem
|-resisted|p2a: Kyurem
|-crit|p2a: Kyurem
|-damage|p2a: Kyurem|33/100
|-unboost|p1a: Gholdengo|spa|1
|move|p2a: Kyurem|Dragon Dance|p2a: Kyurem
|-boost|p2a: Kyurem|atk|1
|-boost|p2a: Kyurem|spe|1
|
|upkeep
|turn|9
|
|t:|1758310522
|move|p1a: Gholdengo|Make It Rain|p2a: Kyurem
|-resisted|p2a: Kyurem
|-damage|p2a: Kyurem|12/100
|-unboost|p1a: Gholdengo|spa|1
|move|p2a: Kyurem|Tera Blast|p1a: Gholdengo|[anim] Tera Blast Electric
|-damage|p1a: Gholdengo|0 fnt
|faint|p1a: Gholdengo
|
|upkeep
|
|t:|1758310525
|switch|p1a: Crawdaunt|Crawdaunt, F|100/100
|-damage|p1a: Crawdaunt|88/100|[from] Stealth Rock
|turn|10
|
|t:|1758310535
|switch|p2a: Alomomola|Alomomola, M|100/100
|move|p1a: Crawdaunt|Aqua Jet|p2a: Alomomola
|-resisted|p2a: Alomomola
|-damage|p2a: Alomomola|86/100
|
|upkeep
|turn|11
|
|t:|1758310542
|switch|p1a: Zapdos|Zapdos|100/100
|move|p2a: Alomomola|Flip Turn|p1a: Zapdos
|-damage|p1a: Zapdos|88/100
|
|t:|1758310545
|switch|p2a: Muk|Muk-Alola, M|58/100|[from] Flip Turn
|-damage|p2a: Muk|46/100|[from] Stealth Rock
|
|upkeep
|turn|12
|
|t:|1758310553
|move|p1a: Zapdos|Volt Switch|p2a: Muk
|-damage|p2a: Muk|34/100
|
|t:|1758310557
|switch|p1a: Great Tusk|Great Tusk|90/100|[from] Volt Switch
|-damage|p1a: Great Tusk|87/100|[from] Stealth Rock
|move|p2a: Muk|Knock Off|p1a: Great Tusk
|-resisted|p1a: Great Tusk
|-damage|p1a: Great Tusk|80/100
|
|upkeep
|turn|13
|
|t:|1758310560
|switch|p2a: Alomomola|Alomomola, M|100/100
|move|p1a: Great Tusk|Ice Spinner|p2a: Alomomola
|-resisted|p2a: Alomomola
|-damage|p2a: Alomomola|93/100
|
|upkeep
|turn|14
|
|t:|1758310563
|move|p1a: Great Tusk|Rapid Spin|p2a: Alomomola
|-damage|p2a: Alomomola|85/100
|-boost|p1a: Great Tusk|spe|1
|-sideend|p1: metakill4r|Stealth Rock|[from] move: Rapid Spin|[of] p1a: Great Tusk
|move|p2a: Alomomola|Wish|p2a: Alomomola
|
|upkeep
|turn|15
|
|t:|1758310570
|-end|p1a: Great Tusk|Protosynthesis|[silent]
|switch|p1a: Crawdaunt|Crawdaunt, F|88/100
|move|p2a: Alomomola|Flip Turn|p1a: Crawdaunt
|-resisted|p1a: Crawdaunt
|-damage|p1a: Crawdaunt|77/100
|
|t:|1758310576
|switch|p2a: Kyurem|Kyurem, tera:Electric|12/100|[from] Flip Turn
|-damage|p2a: Kyurem|0 fnt|[from] Stealth Rock
|faint|p2a: Kyurem
|
|upkeep
|
|t:|1758310582
|switch|p2a: Dragapult|Dragapult, F|100/100
|turn|16
|
|t:|1758310590
|switch|p1a: Zapdos|Zapdos|88/100
|move|p2a: Dragapult|Will-O-Wisp|p1a: Zapdos
|-status|p1a: Zapdos|brn
|
|-damage|p1a: Zapdos|82/100 brn|[from] brn
|upkeep
|turn|17
|
|t:|1758310599
|move|p2a: Dragapult|Hex|p1a: Zapdos
|-damage|p1a: Zapdos|34/100 brn
|move|p1a: Zapdos|Thunder Wave|p2a: Dragapult
|-status|p2a: Dragapult|par
|
|-damage|p1a: Zapdos|28/100 brn|[from] brn
|upkeep
|turn|18
|
|t:|1758310606
|move|p1a: Zapdos|Roost|p1a: Zapdos
|-heal|p1a: Zapdos|78/100 brn
|-singleturn|p1a: Zapdos|move: Roost
|cant|p2a: Dragapult|par
|
|-damage|p1a: Zapdos|72/100 brn|[from] brn
|upkeep
|turn|19
|
|t:|1758310610
|move|p1a: Zapdos|Volt Switch|p2a: Dragapult
|-resisted|p2a: Dragapult
|-damage|p2a: Dragapult|79/100 par
|
|t:|1758310613
|switch|p1a: Crawdaunt|Crawdaunt, F|77/100|[from] Volt Switch
|move|p2a: Dragapult|Hex|p1a: Crawdaunt
|-resisted|p1a: Crawdaunt
|-damage|p1a: Crawdaunt|48/100
|
|upkeep
|turn|20
|
|t:|1758310620
|cant|p2a: Dragapult|par
|move|p1a: Crawdaunt|Knock Off|p2a: Dragapult
|-supereffective|p2a: Dragapult
|-damage|p2a: Dragapult|0 fnt
|-enditem|p2a: Dragapult|Heavy-Duty Boots|[from] move: Knock Off|[of] p1a: Crawdaunt
|faint|p2a: Dragapult
|
|upkeep
|
|t:|1758310631
|switch|p2a: Alomomola|Alomomola, M|100/100
|turn|21
|
|t:|1758310633
|move|p1a: Crawdaunt|Knock Off|p2a: Alomomola
|-damage|p2a: Alomomola|36/100
|-enditem|p2a: Alomomola|Heavy-Duty Boots|[from] move: Knock Off|[of] p1a: Crawdaunt
|move|p2a: Alomomola|Wish|p2a: Alomomola
|
|upkeep
|turn|22
|
|t:|1758310639
|move|p2a: Alomomola|Protect|p2a: Alomomola
|-singleturn|p2a: Alomomola|Protect
|move|p1a: Crawdaunt|Knock Off|p2a: Alomomola
|-activate|p2a: Alomomola|move: Protect
|
|-heal|p2a: Alomomola|85/100|[from] move: Wish|[wisher] Alomomola
|upkeep
|turn|23
|
|t:|1758310641
|move|p1a: Crawdaunt|Knock Off|p2a: Alomomola
|-damage|p2a: Alomomola|44/100
|move|p2a: Alomomola|Wish|p2a: Alomomola
|
|upkeep
|turn|24
|
|t:|1758310647
|switch|p1a: Slowking|Slowking-Galar, M|100/100
|move|p2a: Alomomola|Flip Turn|p1a: Slowking
|-damage|p1a: Slowking|85/100
|
|t:|1758310650
|switch|p2a: Muk|Muk-Alola, M|34/100|[from] Flip Turn
|-damage|p2a: Muk|21/100|[from] Stealth Rock
|
|-heal|p2a: Muk|78/100|[from] move: Wish|[wisher] Alomomola
|upkeep
|turn|25
|
|t:|1758310653
|switch|p1a: Great Tusk|Great Tusk|80/100
|move|p2a: Muk|Knock Off|p1a: Great Tusk
|-resisted|p1a: Great Tusk
|-damage|p1a: Great Tusk|73/100
|
|upkeep
|turn|26
|
|t:|1758310659
|switch|p2a: Alomomola|Alomomola, M|77/100
|-damage|p2a: Alomomola|65/100|[from] Stealth Rock
|move|p1a: Great Tusk|Headlong Rush|p2a: Alomomola
|-damage|p2a: Alomomola|32/100
|-unboost|p1a: Great Tusk|def|1
|-unboost|p1a: Great Tusk|spd|1
|
|upkeep
|turn|27
|
|t:|1758310667
|move|p1a: Great Tusk|Headlong Rush|p2a: Alomomola
|-damage|p2a: Alomomola|0 fnt
|-unboost|p1a: Great Tusk|def|1
|-unboost|p1a: Great Tusk|spd|1
|faint|p2a: Alomomola
|
|upkeep
|
|t:|1758310669
|switch|p2a: Iron Valiant|Iron Valiant|100/100
|-damage|p2a: Iron Valiant|94/100|[from] Stealth Rock
|turn|28
|
|t:|1758310674
|-end|p1a: Great Tusk|Protosynthesis|[silent]
|switch|p1a: Zapdos|Zapdos|72/100 brn
|move|p2a: Iron Valiant|Moonblast|p1a: Zapdos
|-damage|p1a: Zapdos|7/100 brn
|
|-damage|p1a: Zapdos|1/100 brn|[from] brn
|upkeep
|turn|29
|
|t:|1758310679
|move|p2a: Iron Valiant|Moonblast|p1a: Zapdos
|-damage|p1a: Zapdos|0 fnt
|faint|p1a: Zapdos
|
|upkeep
|
|t:|1758310683
|switch|p1a: Slowking|Slowking-Galar, M|100/100
|turn|30
|
|t:|1758310685
|-end|p2a: Iron Valiant|Quark Drive|[silent]
|switch|p2a: Muk|Muk-Alola, M|78/100
|-damage|p2a: Muk|66/100|[from] Stealth Rock
|move|p1a: Slowking|Sludge Bomb|p2a: Muk
|-resisted|p2a: Muk
|-damage|p2a: Muk|57/100
|
|upkeep
|turn|31
|
|t:|1758310690
|switch|p1a: Cinderace|Cinderace, M|100/100
|move|p2a: Muk|Drain Punch|p1a: Cinderace
|-damage|p1a: Cinderace|76/100
|-heal|p2a: Muk|66/100|[from] drain|[of] p1a: Cinderace
|-status|p1a: Cinderace|psn|[from] ability: Poison Touch|[of] p2a: Muk
|
|-damage|p1a: Cinderace|64/100 psn|[from] psn
|upkeep
|turn|32
|
|t:|1758310695
|move|p1a: Cinderace|U-turn|p2a: Muk
|-start|p1a: Cinderace|typechange|Bug|[from] ability: Libero
|-damage|p2a: Muk|33/100
|
|t:|1758310697
|switch|p1a: Great Tusk|Great Tusk|73/100|[from] U-turn
|move|p2a: Muk|Knock Off|p1a: Great Tusk
|-resisted|p1a: Great Tusk
|-damage|p1a: Great Tusk|65/100
|-status|p1a: Great Tusk|psn|[from] ability: Poison Touch|[of] p2a: Muk
|
|-damage|p1a: Great Tusk|53/100 psn|[from] psn
|upkeep
|turn|33
|
|t:|1758310707
|switch|p2a: Iron Valiant|Iron Valiant|94/100
|-damage|p2a: Iron Valiant|88/100|[from] Stealth Rock
|move|p1a: Great Tusk|Headlong Rush|p2a: Iron Valiant
|-damage|p2a: Iron Valiant|19/100
|-unboost|p1a: Great Tusk|def|1
|-unboost|p1a: Great Tusk|spd|1
|
|-damage|p1a: Great Tusk|40/100 psn|[from] psn
|upkeep
|turn|34
|
|t:|1758310716
|-end|p1a: Great Tusk|Protosynthesis|[silent]
|switch|p1a: Cinderace|Cinderace, M|64/100 psn
|move|p2a: Iron Valiant|Vacuum Wave|p1a: Cinderace
|-damage|p1a: Cinderace|24/100 psn
|
|-damage|p1a: Cinderace|11/100 psn|[from] psn
|upkeep
|turn|35
|
|t:|1758310720
|move|p2a: Iron Valiant|Vacuum Wave|p1a: Cinderace
|-damage|p1a: Cinderace|0 fnt
|faint|p1a: Cinderace
|
|upkeep
|
|t:|1758310722
|switch|p1a: Slowking|Slowking-Galar, M|100/100
|turn|36
|
|t:|1758310727
|-end|p2a: Iron Valiant|Quark Drive|[silent]
|switch|p2a: Muk|Muk-Alola, M|33/100
|-damage|p2a: Muk|21/100|[from] Stealth Rock
|move|p1a: Slowking|Sludge Bomb|p2a: Muk
|-resisted|p2a: Muk
|-damage|p2a: Muk|12/100
|
|upkeep
|turn|37
|
|t:|1758310731
|move|p2a: Muk|Drain Punch|p1a: Slowking
|-resisted|p1a: Slowking
|-damage|p1a: Slowking|95/100
|-heal|p2a: Muk|15/100|[from] drain|[of] p1a: Slowking
|move|p1a: Slowking|Sludge Bomb|p2a: Muk
|-resisted|p2a: Muk
|-damage|p2a: Muk|7/100
|
|upkeep
|turn|38
|
|t:|1758310735
|move|p2a: Muk|Knock Off|p1a: Slowking
|-supereffective|p1a: Slowking
|-damage|p1a: Slowking|26/100
|-enditem|p1a: Slowking|Assault Vest|[from] move: Knock Off|[of] p2a: Muk
|move|p1a: Slowking|Sludge Bomb|p2a: Muk
|-resisted|p2a: Muk
|-damage|p2a: Muk|0 fnt
|faint|p2a: Muk
|
|upkeep
|
|t:|1758310738
|switch|p2a: Iron Valiant|Iron Valiant|19/100
|-damage|p2a: Iron Valiant|13/100|[from] Stealth Rock
|turn|39
|
|t:|1758310743
|switch|p1a: Great Tusk|Great Tusk|40/100 psn
|move|p2a: Iron Valiant|Vacuum Wave|p1a: Great Tusk
|-damage|p1a: Great Tusk|1/100 psn
|
|-damage|p1a: Great Tusk|0 fnt|[from] psn
|faint|p1a: Great Tusk
|-end|p1a: Great Tusk|Protosynthesis|[silent]
|upkeep
|
|t:|1758310751
|switch|p1a: Slowking|Slowking-Galar, M|60/100
|turn|40
|
|t:|1758310754
|-terastallize|p1a: Slowking|Water
|move|p2a: Iron Valiant|Vacuum Wave|p1a: Slowking
|-damage|p1a: Slowking|38/100
|move|p1a: Slowking|Sludge Bomb|p2a: Iron Valiant
|-supereffective|p2a: Iron Valiant
|-damage|p2a: Iron Valiant|0 fnt
|faint|p2a: Iron Valiant
|-end|p2a: Iron Valiant|Quark Drive|[silent]
|
|win|metakill4r
|raw|metakill4r's rating: 1410 &rarr; <strong>1431</strong><br />(+21 for winning)
|raw|apotato135's rating: 1422 &rarr; <strong>1401</strong><br />(-21 for losing)
|l|☆metakill4r
|player|p1|
|l|☆apotato135
|player|p2|
