|j|☆Lord zebraman
|j|☆rebaar
|t:|1758336508
|gametype|singles
|player|p1|Lord zebraman|2|1464
|player|p2|rebaar|psychic-gen4|1507
|gen|9
|tier|[Gen 9] OU
|rated|
|rule|HP Percentage Mod: HP is shown in percentages
|rule|Endless Battle Clause: Forcing endless battles is banned
|rule|Species Clause: Limit one of each Pokémon
|rule|OHKO Clause: OHKO moves are banned
|rule|Evasion Items Clause: Evasion items are banned
|rule|Evasion Moves Clause: Evasion moves are banned
|rule|Evasion Abilities Clause: Evasion abilities are banned
|rule|Sleep Moves Clause: Sleep-inducing moves are banned
|clearpoke
|poke|p1|Blaziken, F|
|poke|p1|Weavile, F|
|poke|p1|Clefable, M|
|poke|p1|Great Tusk|
|poke|p1|Zapdos|
|poke|p1|Slowking-Galar, M|
|poke|p2|Heatran, M|
|poke|p2|Ogerpon-Wellspring, F|
|poke|p2|Hatterene, F|
|poke|p2|Great Tusk|
|poke|p2|Dragonite, M|
|poke|p2|Dragapult, M|
|teampreview
|inactive|Battle timer is ON: inactive players will automatically lose when time's up. (requested by rebaar)
|
|t:|1758336541
|teamsize|p1|6
|teamsize|p2|6
|start
|switch|p1a: Clefable|Clefable, M|100/100
|switch|p2a: Hatterene|Hatterene, F|100/100
|turn|1
|
|t:|1758336550
|switch|p1a: Slowking|Slowking-Galar, M|100/100
|move|p2a: Hatterene|Nuzzle|p1a: Slowking
|-damage|p1a: Slowking|96/100
|-status|p1a: Slowking|par
|
|-heal|p1a: Slowking|100/100 par|[from] item: Leftovers
|upkeep
|turn|2
|
|t:|1758336560
|switch|p2a: Heatran|Heatran, M|100/100
|move|p1a: Slowking|Future Sight|p2a: Heatran
|-start|p1a: Slowking|move: Future Sight
|
|upkeep
|turn|3
|
|t:|1758336572
|move|p2a: Heatran|Stealth Rock|p1a: Slowking
|-sidestart|p1: Lord zebraman|move: Stealth Rock
|-prepare|p1a: Slowking|Chilly Reception|[premajor]
|cant|p1a: Slowking|par
|
|upkeep
|turn|4
|
|t:|1758336579
|move|p2a: Heatran|Earth Power|p1a: Slowking
|-supereffective|p1a: Slowking
|-damage|p1a: Slowking|71/100 par
|-prepare|p1a: Slowking|Chilly Reception|[premajor]
|move|p1a: Slowking|Chilly Reception|p1a: Slowking
|-weather|Snowscape
|
|t:|1758336582
|switch|p1a: Great Tusk|Great Tusk|100/100|[from] Chilly Reception
|-damage|p1a: Great Tusk|98/100|[from] Stealth Rock
|
|-weather|Snowscape|[upkeep]
|-end|p2a: Heatran|move: Future Sight
|-resisted|p2a: Heatran
|-damage|p2a: Heatran|87/100
|-heal|p2a: Heatran|93/100|[from] item: Leftovers
|upkeep
|turn|5
|
|t:|1758336594
|switch|p2a: Dragapult|Dragapult, M|100/100
|move|p1a: Great Tusk|Stealth Rock|p2a: Dragapult
|-sidestart|p2: rebaar|move: Stealth Rock
|
|-weather|Snowscape|[upkeep]
|upkeep
|turn|6
|
|t:|1758336598
|-end|p1a: Great Tusk|Protosynthesis|[silent]
|switch|p1a: Clefable|Clefable, M|100/100
|move|p2a: Dragapult|U-turn|p1a: Clefable
|-resisted|p1a: Clefable
|-damage|p1a: Clefable|94/100
|
|t:|1758336614
|switch|p2a: Heatran|Heatran, M|93/100|[from] U-turn
|-damage|p2a: Heatran|81/100|[from] Stealth Rock
|
|-weather|Snowscape|[upkeep]
|-heal|p2a: Heatran|87/100|[from] item: Leftovers
|upkeep
|turn|7
|
|t:|1758336618
|switch|p1a: Slowking|Slowking-Galar, M|100/100 par
|-damage|p1a: Slowking|88/100 par|[from] Stealth Rock
|move|p2a: Heatran|Magma Storm|p1a: Slowking
|-damage|p1a: Slowking|64/100 par
|-activate|p1a: Slowking|move: Magma Storm|[of] p2a: Heatran
|
|-weather|Snowscape|[upkeep]
|-heal|p2a: Heatran|93/100|[from] item: Leftovers
|-heal|p1a: Slowking|71/100 par|[from] item: Leftovers
|-damage|p1a: Slowking|58/100 par|[from] move: Magma Storm|[partiallytrapped]
|upkeep
|turn|8
|
|t:|1758336622
|move|p2a: Heatran|Earth Power|p1a: Slowking
|-supereffective|p1a: Slowking
|-damage|p1a: Slowking|27/100 par
|-prepare|p1a: Slowking|Chilly Reception|[premajor]
|move|p1a: Slowking|Chilly Reception|p1a: Slowking
|
|t:|1758336636
|switch|p1a: Blaziken|Blaziken, F|100/100|[from] Chilly Reception
|
|-weather|none
|-heal|p2a: Heatran|99/100|[from] item: Leftovers
|upkeep
|turn|9
|inactive|rebaar has 120 seconds left.
|
|t:|1758336692
|move|p1a: Blaziken|Close Combat|p2a: Heatran
|-supereffective|p2a: Heatran
|-damage|p2a: Heatran|0 fnt
|-unboost|p1a: Blaziken|def|1
|-unboost|p1a: Blaziken|spd|1
|faint|p2a: Heatran
|
|-ability|p1a: Blaziken|Speed Boost|boost
|-boost|p1a: Blaziken|spe|1
|upkeep
|
|t:|1758336702
|switch|p2a: Great Tusk|Great Tusk|100/100
|-damage|p2a: Great Tusk|98/100|[from] Stealth Rock
|-enditem|p2a: Great Tusk|Booster Energy
|-activate|p2a: Great Tusk|ability: Protosynthesis|[fromitem]
|-start|p2a: Great Tusk|protosynthesisatk
|turn|10
|
|t:|1758336710
|switch|p1a: Great Tusk|Great Tusk|98/100
|-damage|p1a: Great Tusk|95/100|[from] Stealth Rock
|move|p2a: Great Tusk|Rapid Spin|p1a: Great Tusk
|-damage|p1a: Great Tusk|84/100
|-boost|p2a: Great Tusk|spe|1
|-damage|p2a: Great Tusk|81/100|[from] item: Rocky Helmet|[of] p1a: Great Tusk
|-sideend|p2: rebaar|Stealth Rock|[from] move: Rapid Spin|[of] p2a: Great Tusk
|
|upkeep
|turn|11
|
|t:|1758336715
|move|p2a: Great Tusk|Ice Spinner|p1a: Great Tusk
|-supereffective|p1a: Great Tusk
|-damage|p1a: Great Tusk|47/100
|-damage|p2a: Great Tusk|65/100|[from] item: Rocky Helmet|[of] p1a: Great Tusk
|move|p1a: Great Tusk|Stealth Rock|p2a: Great Tusk
|-sidestart|p2: rebaar|move: Stealth Rock
|
|upkeep
|turn|12
|
|t:|1758336719
|move|p2a: Great Tusk|Ice Spinner|p1a: Great Tusk
|-supereffective|p1a: Great Tusk
|-damage|p1a: Great Tusk|10/100
|-damage|p2a: Great Tusk|48/100|[from] item: Rocky Helmet|[of] p1a: Great Tusk
|move|p1a: Great Tusk|Rapid Spin|p2a: Great Tusk
|-damage|p2a: Great Tusk|38/100
|-boost|p1a: Great Tusk|spe|1
|-sideend|p1: Lord zebraman|Stealth Rock|[from] move: Rapid Spin|[of] p1a: Great Tusk
|
|upkeep
|turn|13
|
|t:|1758336725
|move|p2a: Great Tusk|Rapid Spin|p1a: Great Tusk
|-damage|p1a: Great Tusk|0 fnt
|-boost|p2a: Great Tusk|spe|1
|-damage|p2a: Great Tusk|22/100|[from] item: Rocky Helmet|[of] p1a: Great Tusk
|-sideend|p2: rebaar|Stealth Rock|[from] move: Rapid Spin|[of] p2a: Great Tusk
|faint|p1a: Great Tusk
|-end|p1a: Great Tusk|Protosynthesis|[silent]
|
|upkeep
|
|t:|1758336728
|switch|p1a: Weavile|Weavile, F|100/100
|-ability|p1a: Weavile|Pressure
|turn|14
|
|t:|1758336744
|-terastallize|p2a: Great Tusk|Ice
|move|p1a: Weavile|Ice Shard|p2a: Great Tusk
|-resisted|p2a: Great Tusk
|-damage|p2a: Great Tusk|12/100
|move|p2a: Great Tusk|Headlong Rush|p1a: Weavile
|-damage|p1a: Weavile|0 fnt
|-unboost|p2a: Great Tusk|def|1
|-unboost|p2a: Great Tusk|spd|1
|faint|p1a: Weavile
|
|upkeep
|
|t:|1758336750
|switch|p1a: Zapdos|Zapdos|100/100
|turn|15
|
|t:|1758336768
|-terastallize|p1a: Zapdos|Electric
|move|p2a: Great Tusk|Headlong Rush|p1a: Zapdos
|-supereffective|p1a: Zapdos
|-damage|p1a: Zapdos|0 fnt
|-unboost|p2a: Great Tusk|def|1
|-unboost|p2a: Great Tusk|spd|1
|-status|p2a: Great Tusk|par|[from] ability: Static|[of] p1a: Zapdos
|faint|p1a: Zapdos
|
|upkeep
|
|t:|1758336779
|switch|p1a: Blaziken|Blaziken, F|100/100
|turn|16
|c|☆rebaar|tragic
|
|t:|1758336784
|move|p1a: Blaziken|Protect|p1a: Blaziken
|-singleturn|p1a: Blaziken|Protect
|move|p2a: Great Tusk|Headlong Rush|p1a: Blaziken
|-activate|p1a: Blaziken|move: Protect
|
|-ability|p1a: Blaziken|Speed Boost|boost
|-boost|p1a: Blaziken|spe|1
|upkeep
|turn|17
|
|t:|1758336804
|move|p1a: Blaziken|Flare Blitz|p2a: Great Tusk
|-supereffective|p2a: Great Tusk
|-damage|p2a: Great Tusk|0 fnt
|faint|p2a: Great Tusk
|-end|p2a: Great Tusk|Protosynthesis|[silent]
|-damage|p1a: Blaziken|96/100|[from] Recoil
|
|-ability|p1a: Blaziken|Speed Boost|boost
|-boost|p1a: Blaziken|spe|1
|upkeep
|
|t:|1758336811
|switch|p2a: Dragonite|Dragonite, M|100/100
|turn|18
|
|t:|1758336817
|switch|p1a: Clefable|Clefable, M|94/100
|move|p2a: Dragonite|Earthquake|p1a: Clefable
|-damage|p1a: Clefable|65/100
|
|upkeep
|turn|19
|
|t:|1758336821
|switch|p2a: Hatterene|Hatterene, F|100/100
|move|p1a: Clefable|Moonblast|p2a: Hatterene
|-damage|p2a: Hatterene|76/100
|-unboost|p2a: Hatterene|spa|1
|
|upkeep
|turn|20
|
|t:|1758336831
|switch|p1a: Slowking|Slowking-Galar, M|60/100 par
|switch|p2a: Dragapult|Dragapult, M|100/100
|
|-heal|p1a: Slowking|66/100 par|[from] item: Leftovers
|upkeep
|turn|21
|
|t:|1758336835
|move|p2a: Dragapult|Shadow Ball|p1a: Slowking
|-supereffective|p1a: Slowking
|-damage|p1a: Slowking|10/100 par
|-unboost|p1a: Slowking|spd|1
|-prepare|p1a: Slowking|Chilly Reception|[premajor]
|move|p1a: Slowking|Chilly Reception|p1a: Slowking
|-weather|Snowscape
|
|t:|1758336841
|switch|p1a: Clefable|Clefable, M|65/100|[from] Chilly Reception
|
|-weather|Snowscape|[upkeep]
|upkeep
|turn|22
|
|t:|1758336857
|switch|p2a: Ogerpon|Ogerpon-Wellspring, F|100/100
|move|p1a: Clefable|Moonlight|p1a: Clefable
|-heal|p1a: Clefable|90/100
|
|-weather|Snowscape|[upkeep]
|upkeep
|turn|23
|
|t:|1758336862
|move|p2a: Ogerpon|Power Whip|p1a: Clefable
|-damage|p1a: Clefable|38/100
|move|p1a: Clefable|Moonblast|p2a: Ogerpon
|-damage|p2a: Ogerpon|51/100
|-unboost|p2a: Ogerpon|spa|1
|
|-weather|Snowscape|[upkeep]
|upkeep
|turn|24
|
|t:|1758336870
|switch|p1a: Blaziken|Blaziken, F|96/100
|move|p2a: Ogerpon|Ivy Cudgel|p1a: Blaziken|[anim] Ivy Cudgel Water
|-supereffective|p1a: Blaziken
|-damage|p1a: Blaziken|0 fnt
|faint|p1a: Blaziken
|
|-weather|Snowscape|[upkeep]
|upkeep
|-message|Lord zebraman forfeited.
|
|win|rebaar
|raw|Lord zebraman's rating: 1464 &rarr; <strong>1446</strong><br />(-18 for losing)
|raw|rebaar's rating: 1507 &rarr; <strong>1525</strong><br />(+18 for winning)
|l|☆Lord zebraman
|player|p1|
