|j|☆Moser Roth
|j|☆David krow
|t:|1758297970
|gametype|singles
|player|p1|Moser Roth|giovanni|1103
|player|p2|David krow|brendan-masters|1093
|gen|9
|tier|[Gen 9] OU
|rated|
|rule|HP Percentage Mod: HP is shown in percentages
|rule|Endless Battle Clause: Forcing endless battles is banned
|rule|Species Clause: Limit one of each Pokémon
|rule|OHKO Clause: OHKO moves are banned
|rule|Evasion Items Clause: Evasion items are banned
|rule|Evasion Moves Clause: Evasion moves are banned
|rule|Evasion Abilities Clause: Evasion abilities are banned
|rule|Sleep Moves Clause: Sleep-inducing moves are banned
|clearpoke
|poke|p1|Ampharos, F|
|poke|p1|Porygon2|
|poke|p1|Granbull, F|
|poke|p1|Kingdra, F|
|poke|p1|Scizor, M|
|poke|p1|Tyranitar, M|
|poke|p2|Ting-Lu|
|poke|p2|Azumarill, F|
|poke|p2|Thundurus-Therian, M|
|poke|p2|Florges, F|
|poke|p2|Mismagius, F|
|poke|p2|Indeedee-F, F|
|teampreview
|
|t:|1758297992
|teamsize|p1|6
|teamsize|p2|6
|start
|switch|p1a: Tyranitar|Tyranitar, M|100/100
|switch|p2a: Ting-Lu|Ting-Lu|100/100
|-weather|Sandstorm|[from] ability: Sand Stream|[of] p1a: Tyranitar
|-ability|p2a: Ting-Lu|Vessel of Ruin
|turn|1
|
|t:|1758298012
|switch|p1a: Granbull|Granbull, F|100/100
|-ability|p1a: Granbull|Intimidate|boost
|-unboost|p2a: Ting-Lu|atk|1
|move|p2a: Ting-Lu|Stealth Rock|p1a: Granbull
|-sidestart|p1: Moser Roth|move: Stealth Rock
|
|-weather|Sandstorm|[upkeep]
|-damage|p1a: Granbull|94/100|[from] Sandstorm
|-heal|p1a: Granbull|100/100|[from] item: Leftovers
|upkeep
|turn|2
|
|t:|1758298025
|move|p1a: Granbull|Play Rough|p2a: Ting-Lu|[miss]
|-miss|p1a: Granbull|p2a: Ting-Lu
|move|p2a: Ting-Lu|Spikes|p1a: Granbull
|-sidestart|p1: Moser Roth|Spikes
|
|-weather|Sandstorm|[upkeep]
|-damage|p1a: Granbull|94/100|[from] Sandstorm
|-heal|p1a: Granbull|100/100|[from] item: Leftovers
|upkeep
|turn|3
|
|t:|1758298033
|-terastallize|p2a: Ting-Lu|Poison
|move|p2a: Ting-Lu|Spikes|p1a: Granbull
|-sidestart|p1: Moser Roth|Spikes
|move|p1a: Granbull|Play Rough|p2a: Ting-Lu
|-resisted|p2a: Ting-Lu
|-damage|p2a: Ting-Lu|90/100
|
|-weather|Sandstorm|[upkeep]
|-damage|p1a: Granbull|94/100|[from] Sandstorm
|-damage|p2a: Ting-Lu|84/100|[from] Sandstorm
|-heal|p1a: Granbull|100/100|[from] item: Leftovers
|-heal|p2a: Ting-Lu|90/100|[from] item: Leftovers
|upkeep
|turn|4
|
|t:|1758298046
|move|p2a: Ting-Lu|Spikes|p1a: Granbull
|-sidestart|p1: Moser Roth|Spikes
|move|p1a: Granbull|Earthquake|p2a: Ting-Lu
|-supereffective|p2a: Ting-Lu
|-damage|p2a: Ting-Lu|62/100
|
|-weather|Sandstorm|[upkeep]
|-damage|p2a: Ting-Lu|56/100|[from] Sandstorm
|-damage|p1a: Granbull|94/100|[from] Sandstorm
|-heal|p2a: Ting-Lu|62/100|[from] item: Leftovers
|-heal|p1a: Granbull|100/100|[from] item: Leftovers
|upkeep
|turn|5
|
|t:|1758298058
|move|p1a: Granbull|Thunder Wave|p2a: Ting-Lu
|-status|p2a: Ting-Lu|par
|move|p2a: Ting-Lu|Whirlwind|p1a: Granbull
|drag|p1a: Scizor|Scizor, M|100/100
|-damage|p1a: Scizor|88/100|[from] Stealth Rock
|-damage|p1a: Scizor|63/100|[from] Spikes
|
|-weather|none
|-heal|p2a: Ting-Lu|68/100 par|[from] item: Leftovers
|upkeep
|turn|6
|
|t:|1758298072
|move|p1a: Scizor|Bullet Punch|p2a: Ting-Lu
|-damage|p2a: Ting-Lu|43/100 par
|-damage|p1a: Scizor|53/100|[from] item: Life Orb
|move|p2a: Ting-Lu|Whirlwind|p1a: Scizor
|drag|p1a: Porygon2|Porygon2|100/100
|-damage|p1a: Porygon2|88/100|[from] Stealth Rock
|-damage|p1a: Porygon2|63/100|[from] Spikes
|-ability|p1a: Porygon2|Vessel of Ruin|Trace|[from] ability: Trace|[of] p2a: Ting-Lu
|-ability|p1a: Porygon2|Vessel of Ruin
|
|-heal|p2a: Ting-Lu|49/100 par|[from] item: Leftovers
|upkeep
|turn|7
|
|t:|1758298090
|move|p1a: Porygon2|Tri Attack|p2a: Ting-Lu
|-damage|p2a: Ting-Lu|34/100 par
|move|p2a: Ting-Lu|Whirlwind|p1a: Porygon2
|drag|p1a: Scizor|Scizor, M|53/100
|-damage|p1a: Scizor|41/100|[from] Stealth Rock
|-damage|p1a: Scizor|16/100|[from] Spikes
|
|-heal|p2a: Ting-Lu|40/100 par|[from] item: Leftovers
|upkeep
|turn|8
|
|t:|1758298102
|move|p1a: Scizor|Tailwind|p1a: Scizor
|-sidestart|p1: Moser Roth|move: Tailwind
|cant|p2a: Ting-Lu|par
|
|-heal|p2a: Ting-Lu|46/100 par|[from] item: Leftovers
|upkeep
|turn|9
|
|t:|1758298110
|move|p1a: Scizor|Knock Off|p2a: Ting-Lu
|-damage|p2a: Ting-Lu|19/100 par
|-enditem|p2a: Ting-Lu|Leftovers|[from] move: Knock Off|[of] p1a: Scizor
|-damage|p1a: Scizor|6/100|[from] item: Life Orb
|move|p2a: Ting-Lu|Whirlwind|p1a: Scizor
|drag|p1a: Porygon2|Porygon2|63/100
|-damage|p1a: Porygon2|50/100|[from] Stealth Rock
|-damage|p1a: Porygon2|25/100|[from] Spikes
|-ability|p1a: Porygon2|Vessel of Ruin|Trace|[from] ability: Trace|[of] p2a: Ting-Lu
|-ability|p1a: Porygon2|Vessel of Ruin
|
|upkeep
|turn|10
|
|t:|1758298123
|move|p1a: Porygon2|Recover|p1a: Porygon2
|-heal|p1a: Porygon2|75/100
|move|p2a: Ting-Lu|Whirlwind|p1a: Porygon2
|drag|p1a: Scizor|Scizor, M|6/100
|-damage|p1a: Scizor|0 fnt|[from] Stealth Rock
|faint|p1a: Scizor
|
|upkeep
|
|t:|1758298134
|switch|p1a: Porygon2|Porygon2|75/100
|-damage|p1a: Porygon2|63/100|[from] Stealth Rock
|-damage|p1a: Porygon2|38/100|[from] Spikes
|-ability|p1a: Porygon2|Vessel of Ruin|Trace|[from] ability: Trace|[of] p2a: Ting-Lu
|-ability|p1a: Porygon2|Vessel of Ruin
|turn|11
|
|t:|1758298143
|move|p1a: Porygon2|Recover|p1a: Porygon2
|-heal|p1a: Porygon2|88/100
|move|p2a: Ting-Lu|Whirlwind|p1a: Porygon2
|drag|p1a: Kingdra|Kingdra, F|100/100
|-damage|p1a: Kingdra|88/100|[from] Stealth Rock
|-damage|p1a: Kingdra|63/100|[from] Spikes
|
|-sideend|p1: Moser Roth|move: Tailwind
|upkeep
|turn|12
|
|t:|1758298165
|switch|p2a: Florges|Florges, F|100/100
|move|p1a: Kingdra|Scald|p2a: Florges
|-damage|p2a: Florges|79/100
|
|-heal|p2a: Florges|85/100|[from] item: Leftovers
|upkeep
|turn|13
|
|t:|1758298175
|move|p1a: Kingdra|Flip Turn|p2a: Florges
|-damage|p2a: Florges|70/100
|
|t:|1758298192
|switch|p1a: Porygon2|Porygon2|88/100|[from] Flip Turn
|-damage|p1a: Porygon2|75/100|[from] Stealth Rock
|-damage|p1a: Porygon2|50/100|[from] Spikes
|-ability|p1a: Porygon2|Flower Veil|Trace|[from] ability: Trace|[of] p2a: Florges
|move|p2a: Florges|Calm Mind|p2a: Florges
|-boost|p2a: Florges|spa|1
|-boost|p2a: Florges|spd|1
|
|-heal|p2a: Florges|76/100|[from] item: Leftovers
|upkeep
|turn|14
|
|t:|1758298204
|move|p2a: Florges|Calm Mind|p2a: Florges
|-boost|p2a: Florges|spa|1
|-boost|p2a: Florges|spd|1
|move|p1a: Porygon2|Thunder Wave|p2a: Florges
|-status|p2a: Florges|par
|
|-heal|p2a: Florges|82/100 par|[from] item: Leftovers
|upkeep
|turn|15
|
|t:|1758298212
|move|p1a: Porygon2|Recover|p1a: Porygon2
|-heal|p1a: Porygon2|100/100
|cant|p2a: Florges|par
|
|-heal|p2a: Florges|88/100 par|[from] item: Leftovers
|upkeep
|turn|16
|
|t:|1758298219
|move|p1a: Porygon2|Tri Attack|p2a: Florges
|-damage|p2a: Florges|78/100 par
|move|p2a: Florges|Calm Mind|p2a: Florges
|-boost|p2a: Florges|spa|1
|-boost|p2a: Florges|spd|1
|
|-heal|p2a: Florges|84/100 par|[from] item: Leftovers
|upkeep
|turn|17
|
|t:|1758298228
|move|p1a: Porygon2|Tri Attack|p2a: Florges
|-damage|p2a: Florges|76/100 par
|cant|p2a: Florges|par
|
|-heal|p2a: Florges|82/100 par|[from] item: Leftovers
|upkeep
|turn|18
|
|t:|1758298238
|move|p1a: Porygon2|Tri Attack|p2a: Florges
|-damage|p2a: Florges|74/100 par
|move|p2a: Florges|Wish|p2a: Florges
|
|-heal|p2a: Florges|80/100 par|[from] item: Leftovers
|upkeep
|turn|19
|
|t:|1758298256
|move|p1a: Porygon2|Tri Attack|p2a: Florges
|-damage|p2a: Florges|72/100 par
|move|p2a: Florges|Calm Mind|p2a: Florges
|-boost|p2a: Florges|spa|1
|-boost|p2a: Florges|spd|1
|
|-heal|p2a: Florges|100/100 par|[from] move: Wish|[wisher] Florges
|upkeep
|turn|20
|
|t:|1758298270
|move|p1a: Porygon2|Ice Beam|p2a: Florges
|-damage|p2a: Florges|96/100 par
|move|p2a: Florges|Moonblast|p1a: Porygon2
|-damage|p1a: Porygon2|32/100
|
|-heal|p2a: Florges|100/100 par|[from] item: Leftovers
|upkeep
|turn|21
|
|t:|1758298279
|move|p1a: Porygon2|Recover|p1a: Porygon2
|-heal|p1a: Porygon2|82/100
|move|p2a: Florges|Calm Mind|p2a: Florges
|-boost|p2a: Florges|spa|1
|-boost|p2a: Florges|spd|1
|
|upkeep
|turn|22
|
|t:|1758298285
|move|p1a: Porygon2|Tri Attack|p2a: Florges
|-damage|p2a: Florges|95/100 par
|move|p2a: Florges|Calm Mind|p2a: Florges
|-boost|p2a: Florges|spa|1
|-boost|p2a: Florges|spd|1
|
|-heal|p2a: Florges|100/100 par|[from] item: Leftovers
|upkeep
|turn|23
|
|t:|1758298301
|move|p1a: Porygon2|Tri Attack|p2a: Florges
|-damage|p2a: Florges|96/100 par
|move|p2a: Florges|Moonblast|p1a: Porygon2
|-damage|p1a: Porygon2|1/100
|
|-heal|p2a: Florges|100/100 par|[from] item: Leftovers
|upkeep
|turn|24
|
|t:|1758298309
|move|p1a: Porygon2|Tri Attack|p2a: Florges
|-damage|p2a: Florges|95/100 par
|move|p2a: Florges|Moonblast|p1a: Porygon2
|-damage|p1a: Porygon2|0 fnt
|faint|p1a: Porygon2
|
|-heal|p2a: Florges|100/100 par|[from] item: Leftovers
|upkeep
|
|t:|1758298327
|switch|p1a: Tyranitar|Tyranitar, M|100/100
|-damage|p1a: Tyranitar|88/100|[from] Stealth Rock
|-damage|p1a: Tyranitar|63/100|[from] Spikes
|-weather|Sandstorm|[from] ability: Sand Stream|[of] p1a: Tyranitar
|turn|25
|
|t:|1758298342
|move|p1a: Tyranitar|Heavy Slam|p2a: Florges
|-supereffective|p2a: Florges
|-damage|p2a: Florges|38/100 par
|cant|p2a: Florges|par
|
|-weather|Sandstorm|[upkeep]
|-damage|p2a: Florges|32/100 par|[from] Sandstorm
|-heal|p2a: Florges|38/100 par|[from] item: Leftovers
|upkeep
|turn|26
|
|t:|1758298350
|move|p1a: Tyranitar|Heavy Slam|p2a: Florges
|-supereffective|p2a: Florges
|-damage|p2a: Florges|0 fnt
|faint|p2a: Florges
|
|-weather|Sandstorm|[upkeep]
|upkeep
|
|t:|1758298360
|switch|p2a: Azumarill|Azumarill, F|100/100
|turn|27
|
|t:|1758298373
|switch|p1a: Ampharos|Ampharos, F|100/100
|-damage|p1a: Ampharos|88/100|[from] Stealth Rock
|-damage|p1a: Ampharos|63/100|[from] Spikes
|move|p2a: Azumarill|Liquidation|p1a: Ampharos
|-damage|p1a: Ampharos|11/100
|
|-weather|Sandstorm|[upkeep]
|-damage|p1a: Ampharos|5/100|[from] Sandstorm
|-damage|p2a: Azumarill|94/100|[from] Sandstorm
|-heal|p1a: Ampharos|11/100|[from] item: Leftovers
|upkeep
|turn|28
|
|t:|1758298391
|move|p2a: Azumarill|Aqua Jet|p1a: Ampharos
|-damage|p1a: Ampharos|0 fnt
|faint|p1a: Ampharos
|
|-weather|Sandstorm|[upkeep]
|-damage|p2a: Azumarill|88/100|[from] Sandstorm
|upkeep
|
|t:|1758298418
|switch|p1a: Kingdra|Kingdra, F|63/100
|-damage|p1a: Kingdra|51/100|[from] Stealth Rock
|-damage|p1a: Kingdra|26/100|[from] Spikes
|turn|29
|
|t:|1758298429
|move|p1a: Kingdra|Scald|p2a: Azumarill
|-resisted|p2a: Azumarill
|-crit|p2a: Azumarill
|-damage|p2a: Azumarill|47/100
|-status|p2a: Azumarill|brn
|-enditem|p2a: Azumarill|Sitrus Berry|[eat]
|-heal|p2a: Azumarill|72/100 brn|[from] item: Sitrus Berry
|move|p2a: Azumarill|Play Rough|p1a: Kingdra
|-supereffective|p1a: Kingdra
|-damage|p1a: Kingdra|0 fnt
|faint|p1a: Kingdra
|
|-weather|none
|-damage|p2a: Azumarill|66/100 brn|[from] brn
|upkeep
|
|t:|1758298444
|switch|p1a: Granbull|Granbull, F|100/100
|-damage|p1a: Granbull|88/100|[from] Stealth Rock
|-damage|p1a: Granbull|63/100|[from] Spikes
|-ability|p1a: Granbull|Intimidate|boost
|-unboost|p2a: Azumarill|atk|1
|turn|30
|
|t:|1758298458
|move|p2a: Azumarill|Liquidation|p1a: Granbull
|-damage|p1a: Granbull|49/100
|move|p1a: Granbull|Play Rough|p2a: Azumarill
|-damage|p2a: Azumarill|28/100 brn
|
|-heal|p1a: Granbull|55/100|[from] item: Leftovers
|-damage|p2a: Azumarill|22/100 brn|[from] brn
|upkeep
|turn|31
|
|t:|1758298470
|switch|p2a: Indeedee|Indeedee-F, F|100/100
|-fieldstart|move: Psychic Terrain|[from] ability: Psychic Surge|[of] p2a: Indeedee
|move|p1a: Granbull|Play Rough|p2a: Indeedee
|-damage|p2a: Indeedee|43/100
|
|-heal|p1a: Granbull|62/100|[from] item: Leftovers
|upkeep
|turn|32
|
|t:|1758298487
|move|p2a: Indeedee|Psyshock|p1a: Granbull
|-damage|p1a: Granbull|27/100
|move|p1a: Granbull|Play Rough|p2a: Indeedee
|-crit|p2a: Indeedee
|-damage|p2a: Indeedee|0 fnt
|faint|p2a: Indeedee
|
|-heal|p1a: Granbull|33/100|[from] item: Leftovers
|upkeep
|
|t:|1758298494
|switch|p2a: Thundurus|Thundurus-Therian, M|100/100
|turn|33
|
|t:|1758298500
|switch|p1a: Tyranitar|Tyranitar, M|63/100
|-damage|p1a: Tyranitar|51/100|[from] Stealth Rock
|-damage|p1a: Tyranitar|26/100|[from] Spikes
|-weather|Sandstorm|[from] ability: Sand Stream|[of] p1a: Tyranitar
|move|p2a: Thundurus|Nasty Plot|p2a: Thundurus
|-boost|p2a: Thundurus|spa|2
|
|-weather|Sandstorm|[upkeep]
|-damage|p2a: Thundurus|94/100|[from] Sandstorm
|upkeep
|turn|34
|
|t:|1758298511
|move|p2a: Thundurus|Grass Knot|p1a: Tyranitar
|-supereffective|p1a: Tyranitar
|-damage|p1a: Tyranitar|0 fnt
|faint|p1a: Tyranitar
|
|-weather|Sandstorm|[upkeep]
|-damage|p2a: Thundurus|88/100|[from] Sandstorm
|upkeep
|
|t:|1758298518
|switch|p1a: Granbull|Granbull, F|33/100
|-damage|p1a: Granbull|20/100|[from] Stealth Rock
|-damage|p1a: Granbull|0 fnt|[from] Spikes
|faint|p1a: Granbull
|
|win|David krow
|raw|Moser Roth's rating: 1103 &rarr; <strong>1077</strong><br />(-26 for losing)
|raw|David krow's rating: 1093 &rarr; <strong>1120</strong><br />(+27 for winning)
|l|☆David krow
|player|p2|
|l|☆Moser Roth
|player|p1|
