|j|☆Uli17chavez
|j|☆ohgabooga
|t:|1758258726
|gametype|singles
|player|p1|Uli17chavez|169|1371
|player|p2|ohgabooga|2|1375
|gen|9
|tier|[Gen 9] OU
|rated|
|rule|HP Percentage Mod: HP is shown in percentages
|rule|Endless Battle Clause: Forcing endless battles is banned
|rule|Species Clause: Limit one of each Pokémon
|rule|OHKO Clause: OHKO moves are banned
|rule|Evasion Items Clause: Evasion items are banned
|rule|Evasion Moves Clause: Evasion moves are banned
|rule|Evasion Abilities Clause: Evasion abilities are banned
|rule|Sleep Moves Clause: Sleep-inducing moves are banned
|clearpoke
|poke|p1|Garchomp, F|
|poke|p1|Espeon, F|
|poke|p1|Cinderace, F|
|poke|p1|Zapdos|
|poke|p1|Ogerpon-Wellspring, F|
|poke|p1|Darkrai|
|poke|p2|Amoonguss, F|
|poke|p2|Dondozo, M|
|poke|p2|Blissey, F|
|poke|p2|Clodsire, M|
|poke|p2|Clefable, M|
|poke|p2|Gliscor, M|
|teampreview
|c|☆Uli17chavez|bro I hate this team archetype
|
|t:|1758258804
|teamsize|p1|6
|teamsize|p2|6
|start
|switch|p1a: Ogerpon|Ogerpon-Wellspring, F|100/100
|switch|p2a: Goat|Amoonguss, F|100/100
|turn|1
|
|t:|1758258812
|switch|p1a: Zapdos|Zapdos|100/100
|-ability|p1a: Zapdos|Pressure
|move|p2a: Goat|Toxic|p1a: Zapdos
|-status|p1a: Zapdos|tox
|
|-damage|p1a: Zapdos|94/100 tox|[from] psn
|upkeep
|turn|2
|inactive|Battle timer is ON: inactive players will automatically lose when time's up. (requested by Uli17chavez)
|
|t:|1758258824
|switch|p2a: Clodsire|Clodsire, M|100/100
|move|p1a: Zapdos|Volt Switch|p2a: Clodsire
|-immune|p2a: Clodsire
|
|-damage|p1a: Zapdos|82/100 tox|[from] psn
|upkeep
|turn|3
|
|t:|1758258836
|switch|p1a: Espeon|Espeon, F|100/100
|move|p2a: Clodsire|Earthquake|p1a: Espeon
|-damage|p1a: Espeon|46/100
|
|upkeep
|turn|4
|
|t:|1758258842
|switch|p2a: Blissey|Blissey, F|100/100
|move|p1a: Espeon|Future Sight|p2a: Blissey
|-start|p1a: Espeon|move: Future Sight
|
|upkeep
|turn|5
|
|t:|1758258847
|move|p1a: Espeon|Psyshock|p2a: Blissey
|-damage|p2a: Blissey|46/100
|-damage|p1a: Espeon|37/100|[from] item: Life Orb
|move|p2a: Blissey|Stealth Rock|p1a: Espeon
|move|p1a: Espeon|Stealth Rock|p2a: Blissey|[from] ability: Magic Bounce
|-sidestart|p2: ohgabooga|move: Stealth Rock
|
|upkeep
|turn|6
|
|t:|1758258856
|-terastallize|p2a: Blissey|Dark
|move|p1a: Espeon|Psyshock|p2a: Blissey
|-immune|p2a: Blissey
|move|p2a: Blissey|Seismic Toss|p1a: Espeon
|-damage|p1a: Espeon|0 fnt
|faint|p1a: Espeon
|
|-end|p2a: Blissey|move: Future Sight
|-immune|p2a: Blissey
|upkeep
|
|t:|1758258865
|switch|p1a: Cinderace|Cinderace, F|100/100
|turn|7
|
|t:|1758258871
|switch|p2a: Dondozo|Dondozo, M|100/100
|move|p1a: Cinderace|U-turn|p2a: Dondozo
|-start|p1a: Cinderace|typechange|Bug|[from] ability: Libero
|-damage|p2a: Dondozo|76/100
|inactive|Uli17chavez has 120 seconds left.
|
|t:|1758258919
|switch|p1a: Ogerpon|Ogerpon-Wellspring, F|100/100|[from] U-turn
|
|upkeep
|turn|8
|
|t:|1758258949
|move|p1a: Ogerpon|Horn Leech|p2a: Dondozo
|-supereffective|p2a: Dondozo
|-damage|p2a: Dondozo|34/100
|move|p2a: Dondozo|Avalanche|p1a: Ogerpon
|-damage|p1a: Ogerpon|66/100
|
|upkeep
|turn|9
|
|t:|1758258956
|switch|p2a: Goat|Amoonguss, F|100/100
|move|p1a: Ogerpon|Horn Leech|p2a: Goat
|-resisted|p2a: Goat
|-damage|p2a: Goat|92/100
|-heal|p1a: Ogerpon|72/100|[from] drain|[of] p2a: Goat
|
|upkeep
|turn|10
|
|t:|1758258964
|switch|p1a: Zapdos|Zapdos|82/100 tox
|-ability|p1a: Zapdos|Pressure
|move|p2a: Goat|Toxic|p1a: Zapdos
|-fail|p1a: Zapdos|tox
|
|-damage|p1a: Zapdos|76/100 tox|[from] psn
|upkeep
|turn|11
|
|t:|1758258975
|switch|p2a: Clodsire|Clodsire, M|100/100
|move|p1a: Zapdos|Hurricane|p2a: Clodsire
|-damage|p2a: Clodsire|53/100
|
|-damage|p1a: Zapdos|63/100 tox|[from] psn
|upkeep
|turn|12
|
|t:|1758258988
|switch|p1a: Garchomp|Garchomp, F|100/100
|move|p2a: Clodsire|Recover|p2a: Clodsire
|-heal|p2a: Clodsire|100/100
|
|upkeep
|turn|13
|
|t:|1758258995
|switch|p2a: Clefable|Clefable, M|100/100
|move|p1a: Garchomp|Swords Dance|p1a: Garchomp
|-boost|p1a: Garchomp|atk|2
|
|upkeep
|turn|14
|
|t:|1758259006
|-terastallize|p1a: Garchomp|Steel
|move|p1a: Garchomp|Earthquake|p2a: Clefable
|-damage|p2a: Clefable|23/100
|move|p2a: Clefable|Moonblast|p1a: Garchomp
|-resisted|p1a: Garchomp
|-crit|p1a: Garchomp
|-damage|p1a: Garchomp|73/100
|
|-heal|p2a: Clefable|29/100|[from] item: Leftovers
|upkeep
|turn|15
|
|t:|1758259018
|move|p1a: Garchomp|Scale Shot|p2a: Clefable
|-immune|p2a: Clefable
|move|p2a: Clefable|Moonblast|p1a: Garchomp
|-resisted|p1a: Garchomp
|-damage|p1a: Garchomp|55/100
|
|-heal|p2a: Clefable|36/100|[from] item: Leftovers
|upkeep
|turn|16
|
|t:|1758259026
|move|p1a: Garchomp|Earthquake|p2a: Clefable
|-damage|p2a: Clefable|0 fnt
|faint|p2a: Clefable
|
|upkeep
|
|t:|1758259030
|switch|p2a: Dondozo|Dondozo, M|34/100
|turn|17
|
|t:|1758259036
|move|p1a: Garchomp|Scale Shot|p2a: Dondozo|[miss]
|-miss|p1a: Garchomp|p2a: Dondozo
|move|p2a: Dondozo|Rest|p2a: Dondozo
|-status|p2a: Dondozo|slp|[from] move: Rest
|-heal|p2a: Dondozo|100/100 slp|[silent]
|
|upkeep
|turn|18
|
|t:|1758259047
|switch|p1a: Ogerpon|Ogerpon-Wellspring, F|72/100
|cant|p2a: Dondozo|slp
|move|p2a: Dondozo|Sleep Talk|p2a: Dondozo
|move|p2a: Dondozo|Curse|p2a: Dondozo|[from] move: Sleep Talk
|-unboost|p2a: Dondozo|spe|1
|-boost|p2a: Dondozo|atk|1
|-boost|p2a: Dondozo|def|1
|
|upkeep
|turn|19
|
|t:|1758259062
|switch|p1a: Zapdos|Zapdos|63/100 tox
|-ability|p1a: Zapdos|Pressure
|cant|p2a: Dondozo|slp
|move|p2a: Dondozo|Sleep Talk|p2a: Dondozo
|move|p2a: Dondozo|Rest||[from] move: Sleep Talk|[still]
|-fail|p2a: Dondozo
|
|-damage|p1a: Zapdos|57/100 tox|[from] psn
|upkeep
|turn|20
|inactive|ohgabooga has 120 seconds left.
|
|t:|1758259094
|switch|p2a: Clodsire|Clodsire, M|100/100
|move|p1a: Zapdos|Volt Switch|p2a: Clodsire
|-immune|p2a: Clodsire
|
|-damage|p1a: Zapdos|45/100 tox|[from] psn
|upkeep
|turn|21
|inactive|ohgabooga has 120 seconds left.
|
|t:|1758259105
|switch|p1a: Darkrai|Darkrai|100/100
|move|p2a: Clodsire|Toxic|p1a: Darkrai
|-status|p1a: Darkrai|tox
|
|-damage|p1a: Darkrai|94/100 tox|[from] psn
|upkeep
|turn|22
|inactive|ohgabooga has 120 seconds left.
|
|t:|1758259115
|move|p1a: Darkrai|Nasty Plot|p1a: Darkrai
|-boost|p1a: Darkrai|spa|2
|move|p2a: Clodsire|Amnesia|p2a: Clodsire
|-boost|p2a: Clodsire|spd|2
|
|-heal|p1a: Darkrai|100/100 tox|[from] item: Leftovers
|-damage|p1a: Darkrai|88/100 tox|[from] psn
|upkeep
|turn|23
|
|t:|1758259127
|switch|p1a: Garchomp|Garchomp, F, tera:Steel|55/100
|move|p2a: Clodsire|Earthquake|p1a: Garchomp
|-supereffective|p1a: Garchomp
|-damage|p1a: Garchomp|3/100
|
|upkeep
|turn|24
|inactive|ohgabooga has 120 seconds left.
|
|t:|1758259142
|switch|p2a: Dondozo|Dondozo, M|100/100 slp
|move|p1a: Garchomp|Earthquake|p2a: Dondozo
|-damage|p2a: Dondozo|77/100 slp
|
|upkeep
|turn|25
|
|t:|1758259150
|switch|p1a: Ogerpon|Ogerpon-Wellspring, F|72/100
|-curestatus|p2a: Dondozo|slp|[msg]
|move|p2a: Dondozo|Avalanche|p1a: Ogerpon
|-damage|p1a: Ogerpon|52/100
|
|upkeep
|turn|26
|
|t:|1758259157
|switch|p2a: Goat|Amoonguss, F|100/100
|move|p1a: Ogerpon|Horn Leech|p2a: Goat
|-resisted|p2a: Goat
|-damage|p2a: Goat|93/100
|-heal|p1a: Ogerpon|57/100|[from] drain|[of] p2a: Goat
|
|upkeep
|turn|27
|
|t:|1758259166
|switch|p1a: Zapdos|Zapdos|45/100 tox
|-ability|p1a: Zapdos|Pressure
|move|p2a: Goat|Toxic|p1a: Zapdos
|-fail|p1a: Zapdos|tox
|
|-damage|p1a: Zapdos|38/100 tox|[from] psn
|upkeep
|turn|28
|
|t:|1758259181
|switch|p2a: Gliscor|Gliscor, M|100/100
|-damage|p2a: Gliscor|88/100|[from] Stealth Rock
|move|p1a: Zapdos|Hurricane|p2a: Gliscor
|-damage|p2a: Gliscor|17/100
|-start|p2a: Gliscor|confusion
|
|-damage|p1a: Zapdos|26/100 tox|[from] psn
|-status|p2a: Gliscor|tox|[from] item: Toxic Orb
|upkeep
|turn|29
|
|t:|1758259191
|switch|p1a: Ogerpon|Ogerpon-Wellspring, F|57/100
|switch|p2a: Clodsire|Clodsire, M|100/100
|
|upkeep
|turn|30
|
|t:|1758259198
|switch|p2a: Goat|Amoonguss, F|100/100
|move|p1a: Ogerpon|Horn Leech|p2a: Goat
|-resisted|p2a: Goat
|-damage|p2a: Goat|92/100
|-heal|p1a: Ogerpon|63/100|[from] drain|[of] p2a: Goat
|
|upkeep
|turn|31
|
|t:|1758259210
|switch|p1a: Darkrai|Darkrai|88/100 tox
|move|p2a: Goat|Toxic|p1a: Darkrai
|-fail|p1a: Darkrai|tox
|
|-heal|p1a: Darkrai|94/100 tox|[from] item: Leftovers
|-damage|p1a: Darkrai|88/100 tox|[from] psn
|upkeep
|turn|32
|
|t:|1758259222
|switch|p2a: Clodsire|Clodsire, M|100/100
|move|p1a: Darkrai|Ice Beam|p2a: Clodsire
|-supereffective|p2a: Clodsire
|-damage|p2a: Clodsire|67/100
|-status|p2a: Clodsire|frz
|
|-heal|p1a: Darkrai|94/100 tox|[from] item: Leftovers
|-damage|p1a: Darkrai|82/100 tox|[from] psn
|upkeep
|turn|33
|
|t:|1758259233
|switch|p1a: Garchomp|Garchomp, F, tera:Steel|3/100
|cant|p2a: Clodsire|frz
|
|upkeep
|turn|34
|
|t:|1758259241
|switch|p1a: Ogerpon|Ogerpon-Wellspring, F|63/100
|cant|p2a: Clodsire|frz
|
|upkeep
|turn|35
|
|t:|1758259246
|switch|p2a: Goat|Amoonguss, F|100/100
|move|p1a: Ogerpon|Swords Dance|p1a: Ogerpon
|-boost|p1a: Ogerpon|atk|2
|
|upkeep
|turn|36
|
|t:|1758259252
|switch|p1a: Darkrai|Darkrai|82/100 tox
|move|p2a: Goat|Foul Play|p1a: Darkrai
|-resisted|p1a: Darkrai
|-damage|p1a: Darkrai|72/100 tox
|
|-heal|p1a: Darkrai|79/100 tox|[from] item: Leftovers
|-damage|p1a: Darkrai|72/100 tox|[from] psn
|upkeep
|turn|37
|
|t:|1758259261
|switch|p2a: Clodsire|Clodsire, M|67/100 frz
|move|p1a: Darkrai|Ice Beam|p2a: Clodsire
|-supereffective|p2a: Clodsire
|-damage|p2a: Clodsire|30/100 frz
|
|-heal|p1a: Darkrai|79/100 tox|[from] item: Leftovers
|-damage|p1a: Darkrai|66/100 tox|[from] psn
|upkeep
|turn|38
|
|t:|1758259269
|move|p1a: Darkrai|Ice Beam|p2a: Clodsire
|-supereffective|p2a: Clodsire
|-damage|p2a: Clodsire|0 fnt
|faint|p2a: Clodsire
|
|-heal|p1a: Darkrai|72/100 tox|[from] item: Leftovers
|-damage|p1a: Darkrai|54/100 tox|[from] psn
|upkeep
|
|t:|1758259277
|switch|p2a: Blissey|Blissey, F, tera:Dark|46/100
|turn|39
|
|t:|1758259280
|switch|p1a: Cinderace|Cinderace, F|100/100
|move|p2a: Blissey|Soft-Boiled|p2a: Blissey
|-heal|p2a: Blissey|96/100
|
|upkeep
|turn|40
|
|t:|1758259288
|switch|p2a: Dondozo|Dondozo, M|77/100
|move|p1a: Cinderace|U-turn|p2a: Dondozo
|-start|p1a: Cinderace|typechange|Bug|[from] ability: Libero
|-damage|p2a: Dondozo|56/100
|
|t:|1758259294
|switch|p1a: Zapdos|Zapdos|26/100 tox|[from] U-turn
|-ability|p1a: Zapdos|Pressure
|
|-damage|p1a: Zapdos|20/100 tox|[from] psn
|upkeep
|turn|41
|
|t:|1758259302
|switch|p2a: Blissey|Blissey, F, tera:Dark|96/100
|move|p1a: Zapdos|Tera Blast|p2a: Blissey
|-damage|p2a: Blissey|83/100
|
|-damage|p1a: Zapdos|7/100 tox|[from] psn
|upkeep
|turn|42
|
|t:|1758259310
|switch|p1a: Ogerpon|Ogerpon-Wellspring, F|63/100
|move|p2a: Blissey|Stealth Rock|p1a: Ogerpon
|-sidestart|p1: Uli17chavez|move: Stealth Rock
|
|upkeep
|turn|43
|
|t:|1758259331
|switch|p1a: Garchomp|Garchomp, F, tera:Steel|3/100
|-damage|p1a: Garchomp|0 fnt|[from] Stealth Rock
|faint|p1a: Garchomp
|switch|p2a: Goat|Amoonguss, F|100/100
|
|upkeep
|
|t:|1758259334
|switch|p1a: Cinderace|Cinderace, F|100/100
|-damage|p1a: Cinderace|76/100|[from] Stealth Rock
|turn|44
|
|t:|1758259346
|switch|p2a: Dondozo|Dondozo, M|56/100
|move|p1a: Cinderace|Gunk Shot|p2a: Dondozo
|-start|p1a: Cinderace|typechange|Poison|[from] ability: Libero
|-damage|p2a: Dondozo|17/100
|
|upkeep
|turn|45
|
|t:|1758259367
|move|p1a: Cinderace|Gunk Shot|p2a: Dondozo
|-damage|p2a: Dondozo|0 fnt
|faint|p2a: Dondozo
|
|upkeep
|
|t:|1758259371
|switch|p2a: Gliscor|Gliscor, M|17/100 tox
|-damage|p2a: Gliscor|4/100 tox|[from] Stealth Rock
|turn|46
|
|t:|1758259378
|switch|p1a: Zapdos|Zapdos|7/100 tox
|-damage|p1a: Zapdos|0 fnt|[from] Stealth Rock
|faint|p1a: Zapdos
|move|p2a: Gliscor|Protect||[still]
|-fail|p2a: Gliscor
|
|-heal|p2a: Gliscor|17/100 tox|[from] ability: Poison Heal
|upkeep
|
|t:|1758259381
|switch|p1a: Darkrai|Darkrai|54/100 tox
|-damage|p1a: Darkrai|42/100 tox|[from] Stealth Rock
|turn|47
|
|t:|1758259388
|move|p2a: Gliscor|Protect|p2a: Gliscor
|-singleturn|p2a: Gliscor|Protect
|move|p1a: Darkrai|Ice Beam|p2a: Gliscor
|-activate|p2a: Gliscor|move: Protect
|
|-heal|p1a: Darkrai|48/100 tox|[from] item: Leftovers
|-damage|p1a: Darkrai|42/100 tox|[from] psn
|-heal|p2a: Gliscor|29/100 tox|[from] ability: Poison Heal
|upkeep
|turn|48
|
|t:|1758259401
|switch|p2a: Blissey|Blissey, F, tera:Dark|83/100
|move|p1a: Darkrai|Dark Pulse|p2a: Blissey
|-resisted|p2a: Blissey
|-damage|p2a: Blissey|77/100
|
|-heal|p1a: Darkrai|48/100 tox|[from] item: Leftovers
|-damage|p1a: Darkrai|36/100 tox|[from] psn
|upkeep
|turn|49
|
|t:|1758259412
|move|p1a: Darkrai|Sludge Bomb|p2a: Blissey
|-damage|p2a: Blissey|67/100
|move|p2a: Blissey|Seismic Toss|p1a: Darkrai
|-damage|p1a: Darkrai|0 fnt
|faint|p1a: Darkrai
|
|upkeep
|
|t:|1758259415
|switch|p1a: Cinderace|Cinderace, F|76/100
|-damage|p1a: Cinderace|51/100|[from] Stealth Rock
|turn|50
|
|t:|1758259421
|move|p1a: Cinderace|Pyro Ball|p2a: Blissey
|-damage|p2a: Blissey|0 fnt
|faint|p2a: Blissey
|
|upkeep
|
|t:|1758259426
|switch|p2a: Gliscor|Gliscor, M|29/100 tox
|-damage|p2a: Gliscor|17/100 tox|[from] Stealth Rock
|turn|51
|
|t:|1758259430
|move|p2a: Gliscor|Protect|p2a: Gliscor
|-singleturn|p2a: Gliscor|Protect
|move|p1a: Cinderace|Pyro Ball|p2a: Gliscor
|-activate|p2a: Gliscor|move: Protect
|
|-heal|p2a: Gliscor|29/100 tox|[from] ability: Poison Heal
|upkeep
|turn|52
|
|t:|1758259438
|move|p1a: Cinderace|Pyro Ball|p2a: Gliscor
|-damage|p2a: Gliscor|0 fnt
|faint|p2a: Gliscor
|
|upkeep
|
|t:|1758259442
|switch|p2a: Goat|Amoonguss, F|100/100
|turn|53
|
|t:|1758259450
|move|p1a: Cinderace|Pyro Ball|p2a: Goat|[miss]
|-miss|p1a: Cinderace|p2a: Goat
|move|p2a: Goat|Foul Play|p1a: Cinderace
|-damage|p1a: Cinderace|8/100
|
|upkeep
|turn|54
|
|t:|1758259455
|move|p1a: Cinderace|Pyro Ball|p2a: Goat|[miss]
|-miss|p1a: Cinderace|p2a: Goat
|move|p2a: Goat|Foul Play|p1a: Cinderace
|-damage|p1a: Cinderace|0 fnt
|faint|p1a: Cinderace
|
|upkeep
|c|☆Uli17chavez|HAHAHHAHAHHAHAHAHHAHAHAHHAHHAHAHAHHAHAHHAHAHHAHAHHAAHHAHA
|
|t:|1758259474
|switch|p1a: Ogerpon|Ogerpon-Wellspring, F|63/100
|-damage|p1a: Ogerpon|51/100|[from] Stealth Rock
|turn|55
|-message|Uli17chavez forfeited.
|
|win|ohgabooga
|raw|Uli17chavez's rating: 1371 &rarr; <strong>1351</strong><br />(-20 for losing)
|raw|ohgabooga's rating: 1375 &rarr; <strong>1395</strong><br />(+20 for winning)
|l|☆Uli17chavez
|player|p1|
|c|☆ohgabooga|Sorry
|l|☆ohgabooga
|player|p2|
