|j|☆Passerby bye
|j|☆earl5000
|t:|1758288855
|gametype|singles
|player|p1|Passerby bye|cyclist|1351
|player|p2|earl5000|palmer|1331
|gen|9
|tier|[Gen 9] OU
|rated|
|rule|HP Percentage Mod: HP is shown in percentages
|rule|Endless Battle Clause: Forcing endless battles is banned
|rule|Species Clause: Limit one of each Pokémon
|rule|OHKO Clause: OHKO moves are banned
|rule|Evasion Items Clause: Evasion items are banned
|rule|Evasion Moves Clause: Evasion moves are banned
|rule|Evasion Abilities Clause: Evasion abilities are banned
|rule|Sleep Moves Clause: Sleep-inducing moves are banned
|clearpoke
|poke|p1|Magnezone|
|poke|p1|Vileplume, M|
|poke|p1|Gyarados, F|
|poke|p1|Houndoom, F|
|poke|p1|Mamoswine, F|
|poke|p1|Azumarill, F|
|poke|p2|Dragonite, F|
|poke|p2|Iron Valiant|
|poke|p2|Glimmora, M|
|poke|p2|Kingambit, F|
|poke|p2|Deoxys-Speed|
|poke|p2|Great Tusk|
|teampreview
|j| DaraghJohn
|
|t:|1758288865
|teamsize|p1|6
|teamsize|p2|6
|start
|switch|p1a: Terrain Team sucks|Mamoswine, F|100/100
|switch|p2a: Deoxys|Deoxys-Speed|100/100
|-ability|p2a: Deoxys|Pressure
|turn|1
|inactive|Battle timer is ON: inactive players will automatically lose when time's up. (requested by earl5000)
|
|t:|1758288877
|move|p2a: Deoxys|Reflect|p2a: Deoxys
|-sidestart|p2: earl5000|Reflect
|move|p1a: Terrain Team sucks|High Horsepower|p2a: Deoxys
|-damage|p2a: Deoxys|69/100
|
|upkeep
|turn|2
|
|t:|1758288883
|switch|p1a: Sample Team sucks|Azumarill, F|100/100
|move|p2a: Deoxys|Psycho Boost|p1a: Sample Team sucks
|-damage|p1a: Sample Team sucks|71/100
|-unboost|p2a: Deoxys|spa|2
|
|upkeep
|turn|3
|
|t:|1758288889
|move|p2a: Deoxys|Taunt|p1a: Sample Team sucks
|-start|p1a: Sample Team sucks|move: Taunt
|move|p1a: Sample Team sucks|Knock Off|p2a: Deoxys
|-supereffective|p2a: Deoxys
|-damage|p2a: Deoxys|23/100
|-enditem|p2a: Deoxys|Light Clay|[from] move: Knock Off|[of] p1a: Sample Team sucks
|
|upkeep
|turn|4
|
|t:|1758288895
|move|p2a: Deoxys|Light Screen|p2a: Deoxys
|-sidestart|p2: earl5000|move: Light Screen
|move|p1a: Sample Team sucks|Knock Off|p2a: Deoxys
|-supereffective|p2a: Deoxys
|-damage|p2a: Deoxys|0 fnt
|faint|p2a: Deoxys
|
|upkeep
|
|t:|1758288914
|switch|p2a: Dragonite|Dragonite, F|100/100
|turn|5
|
|t:|1758288918
|switch|p1a: BST＞540 Pkmn sucks|Gyarados, F, shiny|100/100
|-ability|p1a: BST＞540 Pkmn sucks|Intimidate|boost
|-unboost|p2a: Dragonite|atk|1
|move|p2a: Dragonite|Substitute|p2a: Dragonite
|-start|p2a: Dragonite|Substitute
|-damage|p2a: Dragonite|76/100
|
|-heal|p2a: Dragonite|82/100|[from] item: Leftovers
|upkeep
|turn|6
|
|t:|1758288939
|switch|p1a: Terrain Team sucks|Mamoswine, F|100/100
|move|p2a: Dragonite|Dragon Dance|p2a: Dragonite
|-boost|p2a: Dragonite|atk|1
|-boost|p2a: Dragonite|spe|1
|
|-heal|p2a: Dragonite|88/100|[from] item: Leftovers
|upkeep
|turn|7
|
|t:|1758288946
|-terastallize|p2a: Dragonite|Flying
|move|p1a: Terrain Team sucks|Ice Shard|p2a: Dragonite
|-supereffective|p2a: Dragonite
|-activate|p2a: Dragonite|move: Substitute|[damage]
|move|p2a: Dragonite|Dragon Dance|p2a: Dragonite
|-boost|p2a: Dragonite|atk|1
|-boost|p2a: Dragonite|spe|1
|
|-heal|p2a: Dragonite|94/100|[from] item: Leftovers
|upkeep
|turn|8
|
|t:|1758288955
|move|p1a: Terrain Team sucks|Ice Shard|p2a: Dragonite
|-supereffective|p2a: Dragonite
|-end|p2a: Dragonite|Substitute
|move|p2a: Dragonite|Tera Blast|p1a: Terrain Team sucks|[anim] Tera Blast Flying
|-damage|p1a: Terrain Team sucks|15/100
|
|-heal|p2a: Dragonite|100/100|[from] item: Leftovers
|-sideend|p2: earl5000|Reflect
|-sideend|p2: earl5000|move: Light Screen
|upkeep
|turn|9
|
|t:|1758288965
|move|p1a: Terrain Team sucks|Ice Shard|p2a: Dragonite
|-supereffective|p2a: Dragonite
|-damage|p2a: Dragonite|80/100
|move|p2a: Dragonite|Tera Blast|p1a: Terrain Team sucks|[anim] Tera Blast Flying
|-damage|p1a: Terrain Team sucks|0 fnt
|faint|p1a: Terrain Team sucks
|
|-heal|p2a: Dragonite|87/100|[from] item: Leftovers
|upkeep
|
|t:|1758288972
|switch|p1a: Legend Pkmn sucks|Magnezone|100/100
|turn|10
|
|t:|1758288976
|-terastallize|p1a: Legend Pkmn sucks|Flying
|move|p2a: Dragonite|Substitute|p2a: Dragonite
|-start|p2a: Dragonite|Substitute
|-damage|p2a: Dragonite|62/100
|move|p1a: Legend Pkmn sucks|Thunderbolt|p2a: Dragonite
|-supereffective|p2a: Dragonite
|-end|p2a: Dragonite|Substitute
|
|-heal|p2a: Dragonite|68/100|[from] item: Leftovers
|upkeep
|turn|11
|
|t:|1758288980
|move|p2a: Dragonite|Tera Blast|p1a: Legend Pkmn sucks|[anim] Tera Blast Flying
|-damage|p1a: Legend Pkmn sucks|31/100
|move|p1a: Legend Pkmn sucks|Thunderbolt|p2a: Dragonite
|-supereffective|p2a: Dragonite
|-damage|p2a: Dragonite|0 fnt
|faint|p2a: Dragonite
|
|upkeep
|
|t:|1758288987
|switch|p2a: Glimmora|Glimmora, M|100/100
|turn|12
|
|t:|1758288989
|move|p2a: Glimmora|Meteor Beam||[still]
|-prepare|p2a: Glimmora|Meteor Beam
|-boost|p2a: Glimmora|spa|1
|-enditem|p2a: Glimmora|Power Herb
|-anim|p2a: Glimmora|Meteor Beam|p1a: Legend Pkmn sucks
|-supereffective|p1a: Legend Pkmn sucks
|-damage|p1a: Legend Pkmn sucks|0 fnt
|faint|p1a: Legend Pkmn sucks
|
|upkeep
|
|t:|1758289000
|switch|p1a: BST＞540 Pkmn sucks|Gyarados, F, shiny|100/100
|-ability|p1a: BST＞540 Pkmn sucks|Intimidate|boost
|-unboost|p2a: Glimmora|atk|1
|turn|13
|
|t:|1758289009
|move|p2a: Glimmora|Meteor Beam||[still]
|-prepare|p2a: Glimmora|Meteor Beam
|-boost|p2a: Glimmora|spa|1
|move|p1a: BST＞540 Pkmn sucks|Earthquake|p2a: Glimmora
|-supereffective|p2a: Glimmora
|-damage|p2a: Glimmora|0 fnt
|-activate|p2a: Glimmora|ability: Toxic Debris
|-sidestart|p1: Passerby bye|move: Toxic Spikes
|faint|p2a: Glimmora
|
|upkeep
|
|t:|1758289026
|switch|p2a: Great Tusk|Great Tusk|100/100
|-enditem|p2a: Great Tusk|Booster Energy
|-activate|p2a: Great Tusk|ability: Protosynthesis|[fromitem]
|-start|p2a: Great Tusk|protosynthesisspe
|turn|14
|
|t:|1758289035
|move|p2a: Great Tusk|Bulk Up|p2a: Great Tusk
|-boost|p2a: Great Tusk|atk|1
|-boost|p2a: Great Tusk|def|1
|move|p1a: BST＞540 Pkmn sucks|Waterfall|p2a: Great Tusk
|-supereffective|p2a: Great Tusk
|-damage|p2a: Great Tusk|64/100
|
|upkeep
|turn|15
|
|t:|1758289042
|switch|p1a: Ordinary Pkmn only|Vileplume, M|100/100
|-sideend|p1: Passerby bye|move: Toxic Spikes|[of] p1a: Ordinary Pkmn only
|move|p2a: Great Tusk|Head Smash|p1a: Ordinary Pkmn only
|-damage|p1a: Ordinary Pkmn only|52/100
|-damage|p2a: Great Tusk|48/100|[from] item: Rocky Helmet|[of] p1a: Ordinary Pkmn only
|-damage|p2a: Great Tusk|28/100|[from] Recoil
|
|upkeep
|turn|16
|
|t:|1758289048
|move|p2a: Great Tusk|Headlong Rush|p1a: Ordinary Pkmn only
|-damage|p1a: Ordinary Pkmn only|0 fnt
|-unboost|p2a: Great Tusk|def|1
|-unboost|p2a: Great Tusk|spd|1
|-damage|p2a: Great Tusk|11/100|[from] item: Rocky Helmet|[of] p1a: Ordinary Pkmn only
|-status|p2a: Great Tusk|psn|[from] ability: Effect Spore|[of] p1a: Ordinary Pkmn only
|faint|p1a: Ordinary Pkmn only
|
|-damage|p2a: Great Tusk|0 fnt|[from] psn
|faint|p2a: Great Tusk
|-end|p2a: Great Tusk|Protosynthesis|[silent]
|upkeep
|
|t:|1758289059
|switch|p2a: Iron Valiant|Iron Valiant|100/100
|switch|p1a: BST＞540 Pkmn sucks|Gyarados, F, shiny|100/100
|-ability|p1a: BST＞540 Pkmn sucks|Intimidate|boost
|-unboost|p2a: Iron Valiant|atk|1
|-enditem|p2a: Iron Valiant|Booster Energy
|-activate|p2a: Iron Valiant|ability: Quark Drive|[fromitem]
|-start|p2a: Iron Valiant|quarkdrivespe
|turn|17
|
|t:|1758289068
|move|p2a: Iron Valiant|Moonblast|p1a: BST＞540 Pkmn sucks
|-damage|p1a: BST＞540 Pkmn sucks|52/100
|move|p1a: BST＞540 Pkmn sucks|Thunder Wave|p2a: Iron Valiant
|-status|p2a: Iron Valiant|par
|
|upkeep
|turn|18
|
|t:|1758289073
|cant|p2a: Iron Valiant|par
|move|p1a: BST＞540 Pkmn sucks|Waterfall|p2a: Iron Valiant
|-damage|p2a: Iron Valiant|41/100 par
|
|upkeep
|turn|19
|
|t:|1758289077
|move|p2a: Iron Valiant|Moonblast|p1a: BST＞540 Pkmn sucks
|-damage|p1a: BST＞540 Pkmn sucks|6/100
|move|p1a: BST＞540 Pkmn sucks|Waterfall|p2a: Iron Valiant
|-crit|p2a: Iron Valiant
|-damage|p2a: Iron Valiant|0 fnt
|faint|p2a: Iron Valiant
|-end|p2a: Iron Valiant|Quark Drive|[silent]
|
|upkeep
|
|t:|1758289080
|switch|p2a: Kingambit|Kingambit, F|100/100
|-activate|p2a: Kingambit|ability: Supreme Overlord
|-start|p2a: Kingambit|fallen5|[silent]
|turn|20
|
|t:|1758289084
|move|p2a: Kingambit|Iron Head|p1a: BST＞540 Pkmn sucks
|-resisted|p1a: BST＞540 Pkmn sucks
|-damage|p1a: BST＞540 Pkmn sucks|0 fnt
|faint|p1a: BST＞540 Pkmn sucks
|
|upkeep
|
|t:|1758289086
|switch|p1a: Weather Team sucks|Houndoom, F|100/100
|turn|21
|
|t:|1758289092
|move|p1a: Weather Team sucks|Fire Blast|p2a: Kingambit|[miss]
|-miss|p1a: Weather Team sucks|p2a: Kingambit
|move|p2a: Kingambit|Low Kick|p1a: Weather Team sucks
|-supereffective|p1a: Weather Team sucks
|-damage|p1a: Weather Team sucks|0 fnt
|faint|p1a: Weather Team sucks
|
|upkeep
|
|t:|1758289098
|switch|p1a: Sample Team sucks|Azumarill, F|71/100
|turn|22
|
|t:|1758289103
|move|p2a: Kingambit|Iron Head|p1a: Sample Team sucks
|-damage|p1a: Sample Team sucks|10/100
|move|p1a: Sample Team sucks|Play Rough|p2a: Kingambit
|-damage|p2a: Kingambit|54/100
|
|upkeep
|turn|23
|c|☆earl5000|Rip
|c|☆earl5000|Gg
|inactive|Passerby bye has 120 seconds left.
|c|☆Passerby bye|miss
|c|☆Passerby bye|gg
|c|☆earl5000|Stay mad
|-message|Passerby bye forfeited.
|
|win|earl5000
|raw|Passerby bye's rating: 1351 &rarr; <strong>1330</strong><br />(-21 for losing)
|raw|earl5000's rating: 1331 &rarr; <strong>1352</strong><br />(+21 for winning)
|l|☆Passerby bye
|player|p1|
|l|☆earl5000
|player|p2|
|l| DaraghJohn
