|j|☆QWASXC
|j|☆alexdisme
|t:|1758319903
|gametype|singles
|player|p1|QWASXC|169|1157
|player|p2|alexdisme|102|1099
|gen|9
|tier|[Gen 9] OU
|rated|
|rule|HP Percentage Mod: HP is shown in percentages
|rule|Endless Battle Clause: Forcing endless battles is banned
|rule|Species Clause: Limit one of each Pokémon
|rule|OHKO Clause: OHKO moves are banned
|rule|Evasion Items Clause: Evasion items are banned
|rule|Evasion Moves Clause: Evasion moves are banned
|rule|Evasion Abilities Clause: Evasion abilities are banned
|rule|Sleep Moves Clause: Sleep-inducing moves are banned
|clearpoke
|poke|p1|Araquanid, F|
|poke|p1|Pelipper, M|
|poke|p1|Weavile, F|
|poke|p1|Barraskewda, F|
|poke|p1|Iron Treads|
|poke|p1|Ampharos, F|
|poke|p2|Gastrodon, M|
|poke|p2|Metagross|
|poke|p2|Minior|
|poke|p2|Blaziken, M|
|poke|p2|Darkrai|
|poke|p2|Tatsugiri-Droopy, M|
|teampreview
|
|t:|1758319905
|teamsize|p1|6
|teamsize|p2|6
|start
|switch|p1a: Pelipper|Pelipper, M|100/100
|switch|p2a: Maguro|Tatsugiri-Droopy, M|100/100
|-weather|RainDance|[from] ability: Drizzle|[of] p1a: Pelipper
|turn|1
|
|t:|1758319915
|move|p2a: Maguro|Rapid Spin|p1a: Pelipper
|-damage|p1a: Pelipper|96/100
|-boost|p2a: Maguro|spe|1
|move|p1a: Pelipper|Tailwind|p1a: Pelipper
|-sidestart|p1: QWASXC|move: Tailwind
|
|-weather|RainDance|[upkeep]
|upkeep
|turn|2
|
|t:|1758319934
|move|p2a: Maguro|Nasty Plot|p2a: Maguro
|-boost|p2a: Maguro|spa|2
|move|p1a: Pelipper|U-turn|p2a: Maguro
|-damage|p2a: Maguro|84/100
|
|t:|1758319942
|switch|p1a: Ampharos|Ampharos, F|100/100|[from] U-turn
|-item|p1a: Ampharos|Air Balloon
|
|-weather|RainDance|[upkeep]
|-heal|p2a: Maguro|90/100|[from] item: Leftovers
|upkeep
|turn|3
|
|t:|1758319970
|move|p2a: Maguro|Surf|p1a: Ampharos
|-damage|p1a: Ampharos|0 fnt
|-enditem|p1a: Ampharos|Air Balloon
|faint|p1a: Ampharos
|
|-weather|RainDance|[upkeep]
|-heal|p2a: Maguro|96/100|[from] item: Leftovers
|upkeep
|
|t:|1758319983
|switch|p1a: Weavile|Weavile, F|100/100
|-ability|p1a: Weavile|Pressure
|turn|4
|
|t:|1758319990
|-terastallize|p2a: Maguro|Fairy
|move|p1a: Weavile|Icicle Crash|p2a: Maguro
|-damage|p2a: Maguro|0 fnt
|faint|p2a: Maguro
|-damage|p1a: Weavile|91/100|[from] item: Life Orb
|
|-weather|RainDance|[upkeep]
|-sideend|p1: QWASXC|move: Tailwind
|upkeep
|
|t:|1758320000
|switch|p2a: Metagross|Metagross|100/100
|turn|5
|
|t:|1758320005
|move|p2a: Metagross|Bullet Punch|p1a: Weavile
|-supereffective|p1a: Weavile
|-damage|p1a: Weavile|11/100
|move|p1a: Weavile|Knock Off|p2a: Metagross
|-supereffective|p2a: Metagross
|-damage|p2a: Metagross|0 fnt
|-enditem|p2a: Metagross|Weakness Policy|[from] move: Knock Off|[of] p1a: Weavile
|faint|p2a: Metagross
|-damage|p1a: Weavile|1/100|[from] item: Life Orb
|
|-weather|RainDance|[upkeep]
|upkeep
|l|☆alexdisme
|player|p2|
|inactive|Battle timer is ON: inactive players will automatically lose when time's up. (requested by QWASXC)
|inactive|alexdisme has 30 seconds to reconnect!
|inactive|alexdisme has 20 seconds to reconnect!
|inactive|alexdisme has 15 seconds to reconnect!
|inactive|alexdisme has 10 seconds to reconnect!
|inactive|alexdisme has 5 seconds to reconnect!
|-message|alexdisme lost due to inactivity.
|
|win|QWASXC
|raw|QWASXC's rating: 1157 &rarr; <strong>1178</strong><br />(+21 for winning)
|raw|alexdisme's rating: 1099 &rarr; <strong>1078</strong><br />(-21 for losing)
|l|☆QWASXC
|player|p1|
