|j|☆slash#4700
|j|☆YumeKasumi76
|t:|1758278042
|gametype|singles
|player|p1|slash#4700|2|1536
|player|p2|YumeKasumi76|169|1452
|gen|9
|tier|[Gen 9] OU
|rated|
|rule|HP Percentage Mod: HP is shown in percentages
|rule|Endless Battle Clause: Forcing endless battles is banned
|rule|Species Clause: Limit one of each Pokémon
|rule|OHKO Clause: OHKO moves are banned
|rule|Evasion Items Clause: Evasion items are banned
|rule|Evasion Moves Clause: Evasion moves are banned
|rule|Evasion Abilities Clause: Evasion abilities are banned
|rule|Sleep Moves Clause: Sleep-inducing moves are banned
|clearpoke
|poke|p1|Meowscarada, M|
|poke|p1|Ting-Lu|
|poke|p1|Clefable, M|
|poke|p1|Skeledirge, M|
|poke|p1|Dragapult, F|
|poke|p1|Darkrai|
|poke|p2|Cobalion|
|poke|p2|Weezing-Galar, M|
|poke|p2|Lokix, F|
|poke|p2|Arboliva, M|
|poke|p2|Ceruledge, F|
|poke|p2|Latios, M|
|teampreview
|inactive|Battle timer is ON: inactive players will automatically lose when time's up. (requested by slash#4700)
|
|t:|1758278047
|teamsize|p1|6
|teamsize|p2|6
|start
|switch|p1a: Clefable|Clefable, M|100/100
|switch|p2a: Satsuki|Lokix, F, shiny|100/100
|turn|1
|
|t:|1758278056
|move|p2a: Satsuki|U-turn|p1a: Clefable
|-resisted|p1a: Clefable
|-damage|p1a: Clefable|59/100
|
|t:|1758278059
|switch|p2a: Jalter|Ceruledge, F|100/100|[from] U-turn
|move|p1a: Clefable|Moonblast|p2a: Jalter
|-resisted|p2a: Jalter
|-damage|p2a: Jalter|89/100
|
|-heal|p2a: Jalter|96/100|[from] item: Leftovers
|-heal|p1a: Clefable|65/100|[from] item: Leftovers
|upkeep
|turn|2
|
|t:|1758278066
|move|p2a: Jalter|Poltergeist|p1a: Clefable
|-activate|p1a: Clefable|move: Poltergeist|Leftovers
|-damage|p1a: Clefable|30/100
|move|p1a: Clefable|Stealth Rock|p2a: Jalter
|-sidestart|p2: YumeKasumi76|move: Stealth Rock
|
|-heal|p2a: Jalter|100/100|[from] item: Leftovers
|-heal|p1a: Clefable|36/100|[from] item: Leftovers
|upkeep
|turn|3
|
|t:|1758278083
|move|p2a: Jalter|Poltergeist|p1a: Clefable
|-activate|p1a: Clefable|move: Poltergeist|Leftovers
|-damage|p1a: Clefable|3/100
|move|p1a: Clefable|Moonlight|p1a: Clefable
|-heal|p1a: Clefable|53/100
|
|-heal|p1a: Clefable|59/100|[from] item: Leftovers
|upkeep
|turn|4
|
|t:|1758278093
|switch|p2a: Ironhyde|Cobalion|100/100
|-damage|p2a: Ironhyde|98/100|[from] Stealth Rock
|move|p1a: Clefable|Moonlight|p1a: Clefable
|-heal|p1a: Clefable|100/100
|
|upkeep
|turn|5
|
|t:|1758278102
|switch|p1a: Skeledirge|Skeledirge, M|100/100
|move|p2a: Ironhyde|Stealth Rock|p1a: Skeledirge
|-sidestart|p1: slash#4700|move: Stealth Rock
|
|upkeep
|turn|6
|
|t:|1758278114
|move|p2a: Ironhyde|Volt Switch|p1a: Skeledirge
|-damage|p1a: Skeledirge|88/100
|
|t:|1758278116
|switch|p2a: Jalter|Ceruledge, F|100/100|[from] Volt Switch
|-damage|p2a: Jalter|76/100|[from] Stealth Rock
|move|p1a: Skeledirge|Torch Song|p2a: Jalter
|-start|p2a: Jalter|ability: Flash Fire
|
|-heal|p2a: Jalter|82/100|[from] item: Leftovers
|upkeep
|turn|7
|
|t:|1758278141
|switch|p1a: Ting-Lu|Ting-Lu|100/100
|-damage|p1a: Ting-Lu|94/100|[from] Stealth Rock
|-ability|p1a: Ting-Lu|Vessel of Ruin
|move|p2a: Jalter|Bitter Blade|p1a: Ting-Lu
|-damage|p1a: Ting-Lu|60/100
|-heal|p2a: Jalter|100/100|[from] drain|[of] p1a: Ting-Lu
|
|-heal|p1a: Ting-Lu|67/100|[from] item: Leftovers
|upkeep
|turn|8
|
|t:|1758278155
|move|p2a: Jalter|Bulk Up|p2a: Jalter
|-boost|p2a: Jalter|atk|1
|-boost|p2a: Jalter|def|1
|move|p1a: Ting-Lu|Spikes|p2a: Jalter
|-sidestart|p2: YumeKasumi76|Spikes
|
|-heal|p1a: Ting-Lu|73/100|[from] item: Leftovers
|upkeep
|turn|9
|
|t:|1758278161
|move|p2a: Jalter|Bitter Blade|p1a: Ting-Lu
|-damage|p1a: Ting-Lu|21/100
|move|p1a: Ting-Lu|Whirlwind|p2a: Jalter
|-end|p2a: Jalter|ability: Flash Fire|[silent]
|drag|p2a: Iverson|Latios, M|100/100
|-damage|p2a: Iverson|88/100|[from] Stealth Rock
|
|-heal|p1a: Ting-Lu|27/100|[from] item: Leftovers
|upkeep
|turn|10
|
|t:|1758278171
|switch|p1a: Clefable|Clefable, M|100/100
|move|p2a: Iverson|Flip Turn|p1a: Clefable
|-damage|p1a: Clefable|92/100
|
|t:|1758278177
|switch|p2a: M'affald|Weezing-Galar, M|100/100|[from] Flip Turn
|-ability|p2a: M'affald|Neutralizing Gas
|
|-heal|p1a: Clefable|98/100|[from] item: Leftovers
|upkeep
|turn|11
|
|t:|1758278195
|switch|p1a: Skeledirge|Skeledirge, M|88/100
|move|p2a: M'affald|Defog|p1a: Skeledirge
|-unboost|p1a: Skeledirge|evasion|1
|-sideend|p1: slash#4700|Stealth Rock|[from] move: Defog|[of] p2a: M'affald
|-sideend|p2: YumeKasumi76|Spikes|[from] move: Defog|[of] p2a: M'affald
|-sideend|p2: YumeKasumi76|Stealth Rock|[from] move: Defog|[of] p2a: M'affald
|
|upkeep
|turn|12
|
|t:|1758278201
|-end|p2a: M'affald|ability: Neutralizing Gas
|switch|p2a: Pantheon|Arboliva, M|100/100
|move|p1a: Skeledirge|Hex|p2a: Pantheon
|-immune|p2a: Pantheon
|
|upkeep
|turn|13
|
|t:|1758278210
|move|p1a: Skeledirge|Torch Song|p2a: Pantheon
|-supereffective|p2a: Pantheon
|-damage|p2a: Pantheon|67/100
|-boost|p1a: Skeledirge|spa|1
|-fieldstart|move: Grassy Terrain|[from] ability: Seed Sower|[of] p2a: Pantheon
|move|p2a: Pantheon|Earth Power|p1a: Skeledirge
|-supereffective|p1a: Skeledirge
|-damage|p1a: Skeledirge|36/100
|
|-heal|p1a: Skeledirge|42/100|[from] Grassy Terrain
|-heal|p2a: Pantheon|73/100|[from] Grassy Terrain
|upkeep
|turn|14
|inactive|slash#4700 has 120 seconds left.
|
|t:|1758278242
|switch|p1a: Dragapult|Dragapult, F|100/100
|move|p2a: Pantheon|Earth Power|p1a: Dragapult
|-damage|p1a: Dragapult|58/100
|-unboost|p1a: Dragapult|spd|1
|
|-heal|p1a: Dragapult|64/100|[from] Grassy Terrain
|-heal|p2a: Pantheon|79/100|[from] Grassy Terrain
|upkeep
|turn|15
|inactive|slash#4700 has 120 seconds left.
|
|t:|1758278253
|move|p1a: Dragapult|Dragon Darts|p2a: Pantheon
|-damage|p2a: Pantheon|58/100
|-anim|p1a: Dragapult|Dragon Darts|p2a: Pantheon
|-damage|p2a: Pantheon|38/100
|move|p2a: Pantheon|Giga Drain|p1a: Dragapult
|-resisted|p1a: Dragapult
|-damage|p1a: Dragapult|12/100
|-heal|p2a: Pantheon|61/100|[from] drain|[of] p1a: Dragapult
|
|-heal|p1a: Dragapult|18/100|[from] Grassy Terrain
|-heal|p2a: Pantheon|67/100|[from] Grassy Terrain
|upkeep
|turn|16
|
|t:|1758278258
|switch|p2a: Ironhyde|Cobalion|98/100
|move|p1a: Dragapult|U-turn|p2a: Ironhyde
|-resisted|p2a: Ironhyde
|-damage|p2a: Ironhyde|95/100
|-damage|p1a: Dragapult|1/100|[from] item: Rocky Helmet|[of] p2a: Ironhyde
|
|t:|1758278263
|switch|p1a: Skeledirge|Skeledirge, M|42/100|[from] U-turn
|
|-heal|p2a: Ironhyde|100/100|[from] Grassy Terrain
|-heal|p1a: Skeledirge|48/100|[from] Grassy Terrain
|upkeep
|turn|17
|
|t:|1758278268
|switch|p2a: Jalter|Ceruledge, F|100/100
|move|p1a: Skeledirge|Slack Off|p1a: Skeledirge
|-heal|p1a: Skeledirge|98/100
|
|-heal|p1a: Skeledirge|100/100|[from] Grassy Terrain
|-fieldend|move: Grassy Terrain
|upkeep
|turn|18
|
|t:|1758278282
|switch|p1a: Clefable|Clefable, M|98/100
|move|p2a: Jalter|Poltergeist|p1a: Clefable
|-activate|p1a: Clefable|move: Poltergeist|Leftovers
|-damage|p1a: Clefable|60/100
|
|-heal|p1a: Clefable|66/100|[from] item: Leftovers
|upkeep
|turn|19
|
|t:|1758278293
|switch|p2a: Pantheon|Arboliva, M|67/100
|move|p1a: Clefable|Knock Off|p2a: Pantheon
|-damage|p2a: Pantheon|53/100
|-fieldstart|move: Grassy Terrain|[from] ability: Seed Sower|[of] p2a: Pantheon
|-enditem|p2a: Pantheon|Assault Vest|[from] move: Knock Off|[of] p1a: Clefable
|
|-heal|p1a: Clefable|72/100|[from] Grassy Terrain
|-heal|p1a: Clefable|78/100|[from] item: Leftovers
|-heal|p2a: Pantheon|59/100|[from] Grassy Terrain
|upkeep
|turn|20
|
|t:|1758278300
|move|p1a: Clefable|Stealth Rock|p2a: Pantheon
|-sidestart|p2: YumeKasumi76|move: Stealth Rock
|move|p2a: Pantheon|Giga Drain|p1a: Clefable
|-damage|p1a: Clefable|31/100
|-heal|p2a: Pantheon|84/100|[from] drain|[of] p1a: Clefable
|
|-heal|p1a: Clefable|38/100|[from] Grassy Terrain
|-heal|p1a: Clefable|44/100|[from] item: Leftovers
|-heal|p2a: Pantheon|90/100|[from] Grassy Terrain
|upkeep
|turn|21
|
|t:|1758278303
|move|p1a: Clefable|Moonlight|p1a: Clefable
|-heal|p1a: Clefable|94/100
|move|p2a: Pantheon|Earth Power|p1a: Clefable
|-crit|p1a: Clefable
|-damage|p1a: Clefable|53/100
|
|-heal|p1a: Clefable|59/100|[from] Grassy Terrain
|-heal|p1a: Clefable|65/100|[from] item: Leftovers
|-heal|p2a: Pantheon|97/100|[from] Grassy Terrain
|upkeep
|turn|22
|
|t:|1758278314
|switch|p1a: Meowscarada|Meowscarada, M|100/100
|move|p2a: Pantheon|Giga Drain|p1a: Meowscarada
|-resisted|p1a: Meowscarada
|-damage|p1a: Meowscarada|63/100
|-heal|p2a: Pantheon|100/100|[from] drain|[of] p1a: Meowscarada
|
|-heal|p1a: Meowscarada|69/100|[from] Grassy Terrain
|upkeep
|turn|23
|
|t:|1758278320
|switch|p2a: Ironhyde|Cobalion|100/100
|-damage|p2a: Ironhyde|98/100|[from] Stealth Rock
|move|p1a: Meowscarada|U-turn|p2a: Ironhyde
|-start|p1a: Meowscarada|typechange|Bug|[from] ability: Protean
|-resisted|p2a: Ironhyde
|-damage|p2a: Ironhyde|90/100
|-damage|p1a: Meowscarada|53/100|[from] item: Rocky Helmet|[of] p2a: Ironhyde
|
|t:|1758278335
|switch|p1a: Dragapult|Dragapult, F|1/100|[from] U-turn
|
|-heal|p1a: Dragapult|7/100|[from] Grassy Terrain
|-heal|p2a: Ironhyde|96/100|[from] Grassy Terrain
|-fieldend|move: Grassy Terrain
|upkeep
|turn|24
|
|t:|1758278341
|move|p1a: Dragapult|Will-O-Wisp|p2a: Ironhyde
|-status|p2a: Ironhyde|brn
|move|p2a: Ironhyde|Volt Switch|p1a: Dragapult
|-resisted|p1a: Dragapult
|-damage|p1a: Dragapult|0 fnt
|faint|p1a: Dragapult
|
|t:|1758278345
|switch|p2a: M'affald|Weezing-Galar, M|100/100|[from] Volt Switch
|-ability|p2a: M'affald|Neutralizing Gas
|
|upkeep
|
|t:|1758278355
|switch|p1a: Skeledirge|Skeledirge, M|100/100
|turn|25
|
|t:|1758278363
|-end|p2a: M'affald|ability: Neutralizing Gas
|switch|p2a: Jalter|Ceruledge, F|100/100
|-damage|p2a: Jalter|76/100|[from] Stealth Rock
|move|p1a: Skeledirge|Hex|p2a: Jalter
|-supereffective|p2a: Jalter
|-damage|p2a: Jalter|35/100
|
|-heal|p2a: Jalter|41/100|[from] item: Leftovers
|upkeep
|turn|26
|
|t:|1758278370
|-terastallize|p1a: Skeledirge|Fairy
|move|p2a: Jalter|Poltergeist|p1a: Skeledirge
|-activate|p1a: Skeledirge|move: Poltergeist|Heavy-Duty Boots
|-damage|p1a: Skeledirge|63/100
|move|p1a: Skeledirge|Hex|p2a: Jalter
|-supereffective|p2a: Jalter
|-damage|p2a: Jalter|6/100
|
|-heal|p2a: Jalter|12/100|[from] item: Leftovers
|upkeep
|turn|27
|
|t:|1758278378
|move|p2a: Jalter|Bitter Blade|p1a: Skeledirge
|-damage|p1a: Skeledirge|32/100
|-heal|p2a: Jalter|31/100|[from] drain|[of] p1a: Skeledirge
|move|p1a: Skeledirge|Slack Off|p1a: Skeledirge
|-heal|p1a: Skeledirge|82/100
|
|-heal|p2a: Jalter|37/100|[from] item: Leftovers
|upkeep
|turn|28
|
|t:|1758278384
|move|p2a: Jalter|Bitter Blade|p1a: Skeledirge
|-damage|p1a: Skeledirge|51/100
|-heal|p2a: Jalter|56/100|[from] drain|[of] p1a: Skeledirge
|move|p1a: Skeledirge|Hex|p2a: Jalter
|-supereffective|p2a: Jalter
|-damage|p2a: Jalter|15/100
|
|-heal|p2a: Jalter|21/100|[from] item: Leftovers
|upkeep
|turn|29
|
|t:|1758278395
|switch|p2a: Pantheon|Arboliva, M|100/100
|-damage|p2a: Pantheon|88/100|[from] Stealth Rock
|move|p1a: Skeledirge|Slack Off|p1a: Skeledirge
|-heal|p1a: Skeledirge|100/100
|
|upkeep
|turn|30
|
|t:|1758278401
|move|p1a: Skeledirge|Torch Song|p2a: Pantheon
|-supereffective|p2a: Pantheon
|-damage|p2a: Pantheon|37/100
|-boost|p1a: Skeledirge|spa|1
|-fieldstart|move: Grassy Terrain|[from] ability: Seed Sower|[of] p2a: Pantheon
|move|p2a: Pantheon|Giga Drain|p1a: Skeledirge
|-damage|p1a: Skeledirge|59/100
|-heal|p2a: Pantheon|61/100|[from] drain|[of] p1a: Skeledirge
|
|-heal|p1a: Skeledirge|65/100|[from] Grassy Terrain
|-heal|p2a: Pantheon|67/100|[from] Grassy Terrain
|upkeep
|turn|31
|
|t:|1758278409
|switch|p2a: Jalter|Ceruledge, F|21/100
|-damage|p2a: Jalter|0 fnt|[from] Stealth Rock
|faint|p2a: Jalter
|move|p1a: Skeledirge|Slack Off|p1a: Skeledirge
|-heal|p1a: Skeledirge|100/100
|
|upkeep
|
|t:|1758278416
|switch|p2a: Ironhyde|Cobalion|96/100 brn
|-damage|p2a: Ironhyde|93/100 brn|[from] Stealth Rock
|turn|32
|
|t:|1758278432
|move|p2a: Ironhyde|Stealth Rock|p1a: Skeledirge
|-sidestart|p1: slash#4700|move: Stealth Rock
|move|p1a: Skeledirge|Torch Song|p2a: Ironhyde
|-supereffective|p2a: Ironhyde
|-damage|p2a: Ironhyde|0 fnt
|-boost|p1a: Skeledirge|spa|1
|faint|p2a: Ironhyde
|
|upkeep
|
|t:|1758278438
|switch|p2a: M'affald|Weezing-Galar, M|100/100
|-ability|p2a: M'affald|Neutralizing Gas
|turn|33
|
|t:|1758278453
|move|p1a: Skeledirge|Hex|p2a: M'affald
|-damage|p2a: M'affald|34/100
|move|p2a: M'affald|Sludge Bomb|p1a: Skeledirge
|-supereffective|p1a: Skeledirge
|-damage|p1a: Skeledirge|51/100
|
|-heal|p1a: Skeledirge|57/100|[from] Grassy Terrain
|-heal|p2a: M'affald|40/100|[from] Grassy Terrain
|upkeep
|turn|34
|
|t:|1758278459
|-end|p2a: M'affald|ability: Neutralizing Gas
|switch|p2a: Satsuki|Lokix, F, shiny|100/100
|-damage|p2a: Satsuki|76/100|[from] Stealth Rock
|move|p1a: Skeledirge|Hex|p2a: Satsuki
|-resisted|p2a: Satsuki
|-damage|p2a: Satsuki|25/100
|
|-heal|p2a: Satsuki|31/100|[from] Grassy Terrain
|-heal|p1a: Skeledirge|63/100|[from] Grassy Terrain
|-fieldend|move: Grassy Terrain
|upkeep
|turn|35
|
|t:|1758278469
|-terastallize|p2a: Satsuki|Bug
|move|p2a: Satsuki|U-turn|p1a: Skeledirge
|-resisted|p1a: Skeledirge
|-damage|p1a: Skeledirge|2/100
|
|t:|1758278474
|switch|p2a: Iverson|Latios, M|88/100|[from] U-turn
|-damage|p2a: Iverson|76/100|[from] Stealth Rock
|move|p1a: Skeledirge|Slack Off|p1a: Skeledirge
|-heal|p1a: Skeledirge|52/100
|
|upkeep
|turn|36
|
|t:|1758278481
|move|p2a: Iverson|Luster Purge|p1a: Skeledirge
|-damage|p1a: Skeledirge|4/100
|move|p1a: Skeledirge|Slack Off|p1a: Skeledirge
|-heal|p1a: Skeledirge|54/100
|
|upkeep
|turn|37
|
|t:|1758278491
|move|p2a: Iverson|Luster Purge|p1a: Skeledirge
|-damage|p1a: Skeledirge|8/100
|move|p1a: Skeledirge|Hex|p2a: Iverson
|-supereffective|p2a: Iverson
|-damage|p2a: Iverson|0 fnt
|faint|p2a: Iverson
|
|upkeep
|
|t:|1758278497
|switch|p2a: Satsuki|Lokix, F, shiny, tera:Bug|31/100
|-damage|p2a: Satsuki|6/100|[from] Stealth Rock
|turn|38
|
|t:|1758278502
|move|p2a: Satsuki|U-turn|p1a: Skeledirge
|-resisted|p1a: Skeledirge
|-damage|p1a: Skeledirge|0 fnt
|faint|p1a: Skeledirge
|
|t:|1758278504
|switch|p2a: M'affald|Weezing-Galar, M|40/100|[from] U-turn
|-ability|p2a: M'affald|Neutralizing Gas
|
|upkeep
|-message|YumeKasumi76 forfeited.
|
|win|slash#4700
|raw|slash#4700's rating: 1536 &rarr; <strong>1551</strong><br />(+15 for winning)
|raw|YumeKasumi76's rating: 1452 &rarr; <strong>1437</strong><br />(-15 for losing)
|l|☆YumeKasumi76
|player|p2|
|l|☆slash#4700
|player|p1|
