|j|‽myree
|j|☆Eight Five
|t:|1758242691
|gametype|singles
|player|p1|myree|benga|1587
|player|p2|Eight Five|265|1596
|gen|9
|tier|[Gen 9] OU
|rated|
|rule|HP Percentage Mod: HP is shown in percentages
|rule|Endless Battle Clause: Forcing endless battles is banned
|rule|Species Clause: Limit one of each Pokémon
|rule|OHKO Clause: OHKO moves are banned
|rule|Evasion Items Clause: Evasion items are banned
|rule|Evasion Moves Clause: Evasion moves are banned
|rule|Evasion Abilities Clause: Evasion abilities are banned
|rule|Sleep Moves Clause: Sleep-inducing moves are banned
|clearpoke
|poke|p1|Fezandipiti, M|
|poke|p1|Iron Crown|
|poke|p1|Iron Boulder|
|poke|p1|Iron Hands|
|poke|p1|Samurott-Hisui, F|
|poke|p1|Enamorus-Therian, F|
|poke|p2|Iron Treads|
|poke|p2|Landorus-Therian, M|
|poke|p2|Deoxys-Speed|
|poke|p2|Chandelure, F|
|poke|p2|Primarina, F|
|poke|p2|Zapdos|
|teampreview
|inactive|Battle timer is ON: inactive players will automatically lose when time's up. (requested by Eight Five)
|
|t:|1758242718
|teamsize|p1|6
|teamsize|p2|6
|start
|switch|p1a: Samurott|Samurott-Hisui, F|100/100
|switch|p2a: Zapdos|Zapdos|100/100
|turn|1
|
|t:|1758242726
|switch|p1a: Iron Hands|Iron Hands|100/100
|move|p2a: Zapdos|Volt Switch|p1a: Iron Hands
|-resisted|p1a: Iron Hands
|-damage|p1a: Iron Hands|80/100
|inactive|Eight Five has 120 seconds left.
|
|t:|1758242765
|switch|p2a: Landorus|Landorus-Therian, M|100/100|[from] Volt Switch
|-ability|p2a: Landorus|Intimidate|boost
|-unboost|p1a: Iron Hands|atk|1
|
|upkeep
|turn|2
|
|t:|1758242776
|-end|p1a: Iron Hands|Quark Drive|[silent]
|switch|p1a: Enamorus|Enamorus-Therian, F|100/100
|move|p2a: Landorus|U-turn|p1a: Enamorus
|-resisted|p1a: Enamorus
|-damage|p1a: Enamorus|94/100
|j| kimigoya
|
|t:|1758242786
|switch|p2a: Zapdos|Zapdos|100/100|[from] U-turn
|
|upkeep
|turn|3
|
|t:|1758242791
|switch|p1a: Iron Crown|Iron Crown|100/100
|move|p2a: Zapdos|Volt Switch|p1a: Iron Crown
|-damage|p1a: Iron Crown|71/100
|
|t:|1758242805
|switch|p2a: Landorus|Landorus-Therian, M|100/100|[from] Volt Switch
|-ability|p2a: Landorus|Intimidate|boost
|-unboost|p1a: Iron Crown|atk|1
|
|upkeep
|turn|4
|
|t:|1758242813
|move|p2a: Landorus|U-turn|p1a: Iron Crown
|-damage|p1a: Iron Crown|42/100
|
|t:|1758242821
|switch|p2a: Primarina|Primarina, F|100/100|[from] U-turn
|move|p1a: Iron Crown|Future Sight|p2a: Primarina
|-start|p1a: Iron Crown|move: Future Sight
|
|upkeep
|turn|5
|
|t:|1758242829
|move|p2a: Primarina|Protect|p2a: Primarina
|-singleturn|p2a: Primarina|Protect
|move|p1a: Iron Crown|Psyshock|p2a: Primarina
|-activate|p2a: Primarina|move: Protect
|
|upkeep
|turn|6
|
|t:|1758242833
|switch|p2a: Iron Treads|Iron Treads|100/100
|-enditem|p2a: Iron Treads|Booster Energy
|-activate|p2a: Iron Treads|ability: Quark Drive|[fromitem]
|-start|p2a: Iron Treads|quarkdrivespe
|move|p1a: Iron Crown|Psyshock|p2a: Iron Treads
|-resisted|p2a: Iron Treads
|-damage|p2a: Iron Treads|80/100
|
|-end|p2a: Iron Treads|move: Future Sight
|-resisted|p2a: Iron Treads
|-crit|p2a: Iron Treads
|-damage|p2a: Iron Treads|6/100
|upkeep
|turn|7
|
|t:|1758242840
|-end|p1a: Iron Crown|Quark Drive|[silent]
|switch|p1a: Samurott|Samurott-Hisui, F|100/100
|move|p2a: Iron Treads|Stealth Rock|p1a: Samurott
|-sidestart|p1: myree|move: Stealth Rock
|
|upkeep
|turn|8
|
|t:|1758242848
|move|p2a: Iron Treads|Earthquake|p1a: Samurott
|-damage|p1a: Samurott|52/100
|move|p1a: Samurott|Ceaseless Edge|p2a: Iron Treads
|-damage|p2a: Iron Treads|0 fnt
|-sidestart|p2: Eight Five|Spikes
|faint|p2a: Iron Treads
|-end|p2a: Iron Treads|Quark Drive|[silent]
|
|upkeep
|
|t:|1758242859
|switch|p2a: Zapdos|Zapdos|100/100
|turn|9
|
|t:|1758242865
|switch|p1a: Iron Hands|Iron Hands|80/100
|move|p2a: Zapdos|Volt Switch|p1a: Iron Hands
|-resisted|p1a: Iron Hands
|-damage|p1a: Iron Hands|58/100
|
|t:|1758242881
|switch|p2a: Deoxys|Deoxys-Speed|100/100|[from] Volt Switch
|-damage|p2a: Deoxys|88/100|[from] Spikes
|-ability|p2a: Deoxys|Pressure
|
|upkeep
|turn|10
|
|t:|1758242893
|-end|p1a: Iron Hands|Quark Drive|[silent]
|switch|p1a: Samurott|Samurott-Hisui, F|52/100
|-damage|p1a: Samurott|39/100|[from] Stealth Rock
|move|p2a: Deoxys|Reflect|p2a: Deoxys
|-sidestart|p2: Eight Five|Reflect
|
|upkeep
|turn|11
|
|t:|1758242907
|switch|p2a: Primarina|Primarina, F|100/100
|-damage|p2a: Primarina|88/100|[from] Spikes
|move|p1a: Samurott|Ceaseless Edge|p2a: Primarina
|-resisted|p2a: Primarina
|-damage|p2a: Primarina|79/100
|-sidestart|p2: Eight Five|Spikes
|
|-heal|p2a: Primarina|85/100|[from] item: Leftovers
|upkeep
|turn|12
|
|t:|1758242928
|move|p1a: Samurott|Ceaseless Edge|p2a: Primarina
|-resisted|p2a: Primarina
|-damage|p2a: Primarina|75/100
|-sidestart|p2: Eight Five|Spikes
|move|p2a: Primarina|Calm Mind|p2a: Primarina
|-boost|p2a: Primarina|spa|1
|-boost|p2a: Primarina|spd|1
|
|-heal|p2a: Primarina|81/100|[from] item: Leftovers
|upkeep
|turn|13
|
|t:|1758242937
|move|p1a: Samurott|Razor Shell|p2a: Primarina
|-resisted|p2a: Primarina
|-damage|p2a: Primarina|70/100
|move|p2a: Primarina|Calm Mind|p2a: Primarina
|-boost|p2a: Primarina|spa|1
|-boost|p2a: Primarina|spd|1
|
|-heal|p2a: Primarina|76/100|[from] item: Leftovers
|upkeep
|turn|14
|
|t:|1758242942
|move|p1a: Samurott|Razor Shell|p2a: Primarina
|-resisted|p2a: Primarina
|-damage|p2a: Primarina|65/100
|move|p2a: Primarina|Calm Mind|p2a: Primarina
|-boost|p2a: Primarina|spa|1
|-boost|p2a: Primarina|spd|1
|
|-heal|p2a: Primarina|71/100|[from] item: Leftovers
|upkeep
|turn|15
|
|t:|1758242946
|move|p1a: Samurott|Razor Shell|p2a: Primarina
|-resisted|p2a: Primarina
|-damage|p2a: Primarina|59/100
|move|p2a: Primarina|Draining Kiss|p1a: Samurott
|-supereffective|p1a: Samurott
|-damage|p1a: Samurott|0 fnt
|-heal|p2a: Primarina|89/100|[from] drain|[of] p1a: Samurott
|faint|p1a: Samurott
|
|-heal|p2a: Primarina|95/100|[from] item: Leftovers
|upkeep
|
|t:|1758242959
|switch|p1a: Iron Crown|Iron Crown|42/100
|-damage|p1a: Iron Crown|36/100|[from] Stealth Rock
|turn|16
|c| kimigoya|Prim looking insane rn
|
|t:|1758242986
|move|p1a: Iron Crown|Psyshock|p2a: Primarina
|-damage|p2a: Primarina|62/100
|move|p2a: Primarina|Psychic Noise|p1a: Iron Crown
|-damage|p1a: Iron Crown|0 fnt
|faint|p1a: Iron Crown
|-end|p1a: Iron Crown|Quark Drive|[silent]
|
|-heal|p2a: Primarina|68/100|[from] item: Leftovers
|upkeep
|
|t:|1758243007
|switch|p1a: Fezandipiti|Fezandipiti, M|100/100
|-damage|p1a: Fezandipiti|88/100|[from] Stealth Rock
|-item|p1a: Fezandipiti|Air Balloon
|turn|17
|
|t:|1758243017
|move|p1a: Fezandipiti|Moonblast|p2a: Primarina
|-damage|p2a: Primarina|56/100
|-unboost|p2a: Primarina|spa|1
|-status|p2a: Primarina|tox|[from] ability: Toxic Chain|[of] p1a: Fezandipiti
|move|p2a: Primarina|Psychic Noise|p1a: Fezandipiti
|-damage|p1a: Fezandipiti|29/100
|-start|p1a: Fezandipiti|move: Heal Block
|-enditem|p1a: Fezandipiti|Air Balloon
|
|-heal|p2a: Primarina|62/100 tox|[from] item: Leftovers
|-damage|p2a: Primarina|56/100 tox|[from] psn
|-sideend|p2: Eight Five|Reflect
|upkeep
|turn|18
|
|t:|1758243035
|move|p1a: Fezandipiti|Moonblast|p2a: Primarina
|-damage|p2a: Primarina|46/100 tox
|move|p2a: Primarina|Psychic Noise|p1a: Fezandipiti
|-damage|p1a: Fezandipiti|0 fnt
|faint|p1a: Fezandipiti
|
|-heal|p2a: Primarina|52/100 tox|[from] item: Leftovers
|-damage|p2a: Primarina|40/100 tox|[from] psn
|upkeep
|
|t:|1758243043
|switch|p1a: Iron Boulder|Iron Boulder|100/100
|turn|19
|
|t:|1758243050
|move|p1a: Iron Boulder|Mighty Cleave|p2a: Primarina
|-damage|p2a: Primarina|2/100 tox
|move|p2a: Primarina|Draining Kiss|p1a: Iron Boulder
|-damage|p1a: Iron Boulder|57/100
|-heal|p2a: Primarina|31/100 tox|[from] drain|[of] p1a: Iron Boulder
|
|-heal|p2a: Primarina|37/100 tox|[from] item: Leftovers
|-damage|p2a: Primarina|19/100 tox|[from] psn
|upkeep
|turn|20
|
|t:|1758243063
|move|p1a: Iron Boulder|Mighty Cleave|p2a: Primarina
|-damage|p2a: Primarina|0 fnt
|faint|p2a: Primarina
|
|upkeep
|
|t:|1758243067
|switch|p2a: Deoxys|Deoxys-Speed|88/100
|-damage|p2a: Deoxys|64/100|[from] Spikes
|-ability|p2a: Deoxys|Pressure
|turn|21
|
|t:|1758243076
|move|p2a: Deoxys|Reflect|p2a: Deoxys
|-sidestart|p2: Eight Five|Reflect
|move|p1a: Iron Boulder|Mighty Cleave|p2a: Deoxys
|-damage|p2a: Deoxys|35/100
|
|upkeep
|turn|22
|
|t:|1758243088
|move|p2a: Deoxys|Gravity|p2a: Deoxys
|-fieldstart|move: Gravity
|move|p1a: Iron Boulder|Swords Dance|p1a: Iron Boulder
|-boost|p1a: Iron Boulder|atk|2
|
|upkeep
|turn|23
|
|t:|1758243112
|switch|p2a: Landorus|Landorus-Therian, M|100/100
|-damage|p2a: Landorus|76/100|[from] Spikes
|-ability|p2a: Landorus|Intimidate|boost
|-unboost|p1a: Iron Boulder|atk|1
|move|p1a: Iron Boulder|Swords Dance|p1a: Iron Boulder
|-boost|p1a: Iron Boulder|atk|2
|
|upkeep
|turn|24
|
|t:|1758243117
|move|p1a: Iron Boulder|Mighty Cleave|p2a: Landorus
|-damage|p2a: Landorus|10/100
|move|p2a: Landorus|Earthquake|p1a: Iron Boulder
|-supereffective|p1a: Iron Boulder
|-damage|p1a: Iron Boulder|0 fnt
|faint|p1a: Iron Boulder
|-end|p1a: Iron Boulder|Quark Drive|[silent]
|
|upkeep
|
|t:|1758243122
|switch|p1a: Enamorus|Enamorus-Therian, F|94/100
|turn|25
|
|t:|1758243125
|move|p2a: Landorus|Earthquake|p1a: Enamorus
|-damage|p1a: Enamorus|34/100
|move|p1a: Enamorus|Draining Kiss|p2a: Landorus
|-damage|p2a: Landorus|0 fnt
|-heal|p1a: Enamorus|40/100|[from] drain|[of] p2a: Landorus
|faint|p2a: Landorus
|
|upkeep
|
|t:|1758243135
|switch|p2a: Chandelure|Chandelure, F|100/100
|-damage|p2a: Chandelure|76/100|[from] Spikes
|turn|26
|-message|myree forfeited.
|
|win|Eight Five
|raw|myree's rating: 1587 &rarr; <strong>1568</strong><br />(-19 for losing)
|raw|Eight Five's rating: 1596 &rarr; <strong>1615</strong><br />(+19 for winning)
|l|☆Eight Five
|player|p2|
|l|‽myree
|player|p1|
|l| kimigoya
