|j|☆xxxzzzccc
|j|☆dr.silvey
|t:|1758352068
|gametype|singles
|player|p1|xxxzzzccc|169|1096
|player|p2|dr.silvey|265|1150
|gen|9
|tier|[Gen 9] OU
|rated|
|rule|HP Percentage Mod: HP is shown in percentages
|rule|Endless Battle Clause: Forcing endless battles is banned
|rule|Species Clause: Limit one of each Pokémon
|rule|OHKO Clause: OHKO moves are banned
|rule|Evasion Items Clause: Evasion items are banned
|rule|Evasion Moves Clause: Evasion moves are banned
|rule|Evasion Abilities Clause: Evasion abilities are banned
|rule|Sleep Moves Clause: Sleep-inducing moves are banned
|clearpoke
|poke|p1|Deoxys-Speed|
|poke|p1|Hatterene, F|
|poke|p1|Heatran, F|
|poke|p1|Maushold|
|poke|p1|Ogerpon, F|
|poke|p1|Gliscor, F|
|poke|p2|Great Tusk|
|poke|p2|Zapdos|
|poke|p2|Meowscarada, F|
|poke|p2|Kingambit, F|
|poke|p2|Dragapult, F|
|poke|p2|Clefable, F|
|teampreview
|
|t:|1758352099
|teamsize|p1|6
|teamsize|p2|6
|start
|switch|p1a: Gliscor|Gliscor, F|100/100
|switch|p2a: Great Tusk|Great Tusk|100/100
|turn|1
|
|t:|1758352123
|move|p1a: Gliscor|Protect|p1a: Gliscor
|-singleturn|p1a: Gliscor|Protect
|move|p2a: Great Tusk|Ice Spinner|p1a: Gliscor
|-activate|p1a: Gliscor|move: Protect
|
|-status|p1a: Gliscor|tox|[from] item: Toxic Orb
|upkeep
|turn|2
|
|t:|1758352131
|switch|p1a: Heatran|Heatran, F|100/100
|move|p2a: Great Tusk|Ice Spinner|p1a: Heatran
|-resisted|p1a: Heatran
|-damage|p1a: Heatran|93/100
|
|upkeep
|turn|3
|
|t:|1758352141
|-terastallize|p1a: Heatran|Flying
|move|p1a: Heatran|Flamethrower|p2a: Great Tusk
|-damage|p2a: Great Tusk|23/100
|move|p2a: Great Tusk|Headlong Rush|p1a: Heatran
|-immune|p1a: Heatran
|
|upkeep
|turn|4
|
|t:|1758352149
|move|p1a: Heatran|Flamethrower|p2a: Great Tusk
|-damage|p2a: Great Tusk|0 fnt
|faint|p2a: Great Tusk
|-end|p2a: Great Tusk|Protosynthesis|[silent]
|
|upkeep
|
|t:|1758352158
|switch|p2a: Zapdos|Zapdos|100/100
|turn|5
|
|t:|1758352161
|move|p1a: Heatran|Flamethrower|p2a: Zapdos
|-damage|p2a: Zapdos|59/100
|move|p2a: Zapdos|Volt Switch|p1a: Heatran
|-supereffective|p1a: Heatran
|-damage|p1a: Heatran|34/100
|
|t:|1758352174
|switch|p2a: Dragapult|Dragapult, F|100/100|[from] Volt Switch
|
|upkeep
|turn|6
|
|t:|1758352194
|switch|p1a: Gliscor|Gliscor, F|100/100 tox
|move|p2a: Dragapult|Substitute|p2a: Dragapult
|-start|p2a: Dragapult|Substitute
|-damage|p2a: Dragapult|76/100
|
|-heal|p2a: Dragapult|82/100|[from] item: Leftovers
|upkeep
|turn|7
|
|t:|1758352203
|move|p2a: Dragapult|Hex|p1a: Gliscor
|-damage|p1a: Gliscor|26/100 tox
|move|p1a: Gliscor|Stealth Rock|p2a: Dragapult
|-sidestart|p2: dr.silvey|move: Stealth Rock
|
|-heal|p2a: Dragapult|88/100|[from] item: Leftovers
|-heal|p1a: Gliscor|38/100 tox|[from] ability: Poison Heal
|upkeep
|turn|8
|
|t:|1758352213
|move|p1a: Gliscor|Protect|p1a: Gliscor
|-singleturn|p1a: Gliscor|Protect
|move|p2a: Dragapult|Hex|p1a: Gliscor
|-activate|p1a: Gliscor|move: Protect
|
|-heal|p2a: Dragapult|94/100|[from] item: Leftovers
|-heal|p1a: Gliscor|50/100 tox|[from] ability: Poison Heal
|upkeep
|turn|9
|
|t:|1758352224
|switch|p1a: Maushold|Maushold|100/100
|move|p2a: Dragapult|Hex|p1a: Maushold
|-immune|p1a: Maushold
|
|-heal|p2a: Dragapult|99/100|[from] item: Leftovers
|upkeep
|turn|10
|
|t:|1758352233
|move|p2a: Dragapult|Dragon Darts|p1a: Maushold
|-damage|p1a: Maushold|69/100
|-anim|p2a: Dragapult|Dragon Darts|p1a: Maushold
|-damage|p1a: Maushold|36/100
|move|p1a: Maushold|Tidy Up|p1a: Maushold
|-end|p2a: Dragapult|Substitute
|-sideend|p2: dr.silvey|Stealth Rock
|-activate|p1a: Maushold|move: Tidy Up
|-boost|p1a: Maushold|atk|1
|-boost|p1a: Maushold|spe|1
|
|-heal|p2a: Dragapult|100/100|[from] item: Leftovers
|upkeep
|turn|11
|
|t:|1758352246
|move|p1a: Maushold|Shadow Claw|p2a: Dragapult
|-supereffective|p2a: Dragapult
|-damage|p2a: Dragapult|18/100
|move|p2a: Dragapult|Dragon Darts|p1a: Maushold
|-damage|p1a: Maushold|6/100
|-anim|p2a: Dragapult|Dragon Darts|p1a: Maushold
|-damage|p1a: Maushold|0 fnt
|faint|p1a: Maushold
|
|-heal|p2a: Dragapult|24/100|[from] item: Leftovers
|upkeep
|
|t:|1758352265
|switch|p1a: Heatran|Heatran, F, tera:Flying|34/100
|turn|12
|
|t:|1758352271
|move|p2a: Dragapult|Substitute|p2a: Dragapult
|-fail|p2a: Dragapult|move: Substitute|[weak]
|move|p1a: Heatran|Earth Power|p2a: Dragapult
|-damage|p2a: Dragapult|0 fnt
|faint|p2a: Dragapult
|
|upkeep
|
|t:|1758352278
|switch|p2a: Zapdos|Zapdos|59/100
|turn|13
|
|t:|1758352301
|switch|p1a: Gliscor|Gliscor, F|50/100 tox
|move|p2a: Zapdos|Volt Switch|p1a: Gliscor
|-immune|p1a: Gliscor
|
|-heal|p1a: Gliscor|63/100 tox|[from] ability: Poison Heal
|upkeep
|turn|14
|-message|dr.silvey forfeited.
|
|win|xxxzzzccc
|raw|xxxzzzccc's rating: 1096 &rarr; <strong>1126</strong><br />(+30 for winning)
|raw|dr.silvey's rating: 1150 &rarr; <strong>1121</strong><br />(-29 for losing)
|l|☆xxxzzzccc
|player|p1|
