|j|☆Sauronikov
|j|☆donatoroflove
|t:|1758329344
|gametype|singles
|player|p1|Sauronikov|1|1326
|player|p2|donatoroflove|266|1387
|gen|9
|tier|[Gen 9] OU
|rated|
|rule|HP Percentage Mod: HP is shown in percentages
|rule|Endless Battle Clause: Forcing endless battles is banned
|rule|Species Clause: Limit one of each Pokémon
|rule|OHKO Clause: OHKO moves are banned
|rule|Evasion Items Clause: Evasion items are banned
|rule|Evasion Moves Clause: Evasion moves are banned
|rule|Evasion Abilities Clause: Evasion abilities are banned
|rule|Sleep Moves Clause: Sleep-inducing moves are banned
|clearpoke
|poke|p1|Grimmsnarl, M|
|poke|p1|Rhyperior, M|
|poke|p1|Revavroom, M|
|poke|p1|Raikou|
|poke|p1|Entei|
|poke|p1|Iron Boulder|
|poke|p2|Scizor, M|
|poke|p2|Ogerpon-Wellspring, F|
|poke|p2|Glimmora, M|
|poke|p2|Greninja-*, M|
|poke|p2|Enamorus, F|
|poke|p2|Dragapult, F|
|teampreview
|
|t:|1758329365
|teamsize|p1|6
|teamsize|p2|6
|start
|switch|p1a: Grimmsnarl|Grimmsnarl, M|100/100
|switch|p2a: Enamorus|Enamorus, F|100/100
|turn|1
|
|t:|1758329371
|move|p1a: Grimmsnarl|Light Screen|p1a: Grimmsnarl
|-sidestart|p1: Sauronikov|move: Light Screen
|move|p2a: Enamorus|Moonblast|p1a: Grimmsnarl
|-supereffective|p1a: Grimmsnarl
|-damage|p1a: Grimmsnarl|58/100
|-unboost|p1a: Grimmsnarl|spa|1
|
|upkeep
|turn|2
|
|t:|1758329382
|move|p1a: Grimmsnarl|Parting Shot|p2a: Enamorus
|-boost|p2a: Enamorus|atk|1
|-boost|p2a: Enamorus|spa|1
|
|t:|1758329385
|switch|p1a: Revavroom|Revavroom, M|100/100|[from] Parting Shot
|move|p2a: Enamorus|Moonblast|p1a: Revavroom
|-resisted|p1a: Revavroom
|-damage|p1a: Revavroom|89/100
|
|upkeep
|turn|3
|
|t:|1758329400
|switch|p2a: Ogerpon|Ogerpon-Wellspring, F|100/100
|move|p1a: Revavroom|Shift Gear|p1a: Revavroom
|-boost|p1a: Revavroom|spe|2
|-boost|p1a: Revavroom|atk|1
|
|upkeep
|turn|4
|
|t:|1758329410
|move|p1a: Revavroom|Gunk Shot|p2a: Ogerpon
|-supereffective|p2a: Ogerpon
|-damage|p2a: Ogerpon|0 fnt
|faint|p2a: Ogerpon
|
|upkeep
|inactive|Battle timer is ON: inactive players will automatically lose when time's up. (requested by Sauronikov)
|
|t:|1758329444
|switch|p2a: Glimmora|Glimmora, M|100/100
|-item|p2a: Glimmora|Air Balloon
|turn|5
|
|t:|1758329452
|move|p1a: Revavroom|Temper Flare|p2a: Glimmora
|-resisted|p2a: Glimmora
|-damage|p2a: Glimmora|80/100
|-activate|p2a: Glimmora|ability: Toxic Debris
|-sidestart|p1: Sauronikov|move: Toxic Spikes
|-enditem|p2a: Glimmora|Air Balloon
|move|p2a: Glimmora|Earth Power|p1a: Revavroom
|-supereffective|p1a: Revavroom
|-damage|p1a: Revavroom|38/100
|-enditem|p1a: Revavroom|Weakness Policy
|-boost|p1a: Revavroom|atk|2|[from] item: Weakness Policy
|-boost|p1a: Revavroom|spa|2|[from] item: Weakness Policy
|
|upkeep
|turn|6
|
|t:|1758329475
|move|p1a: Revavroom|High Horsepower|p2a: Glimmora
|-supereffective|p2a: Glimmora
|-damage|p2a: Glimmora|0 fnt
|-activate|p2a: Glimmora|ability: Toxic Debris
|-sidestart|p1: Sauronikov|move: Toxic Spikes
|faint|p2a: Glimmora
|
|upkeep
|inactive|donatoroflove has 120 seconds left.
|
|t:|1758329500
|switch|p2a: Scizor|Scizor, M|100/100
|turn|7
|inactive|donatoroflove has 120 seconds left.
|
|t:|1758329509
|move|p2a: Scizor|Bullet Punch|p1a: Revavroom
|-resisted|p1a: Revavroom
|-damage|p1a: Revavroom|14/100
|move|p1a: Revavroom|Temper Flare|p2a: Scizor
|-supereffective|p2a: Scizor
|-damage|p2a: Scizor|0 fnt
|faint|p2a: Scizor
|
|upkeep
|
|t:|1758329512
|switch|p2a: Dragapult|Dragapult, F|100/100
|turn|8
|
|t:|1758329517
|move|p2a: Dragapult|Sucker Punch|p1a: Revavroom
|-damage|p1a: Revavroom|0 fnt
|faint|p1a: Revavroom
|-damage|p2a: Dragapult|91/100|[from] item: Life Orb
|
|-sideend|p1: Sauronikov|move: Light Screen
|upkeep
|
|t:|1758329522
|switch|p1a: Rhyperior|Rhyperior, M, shiny|100/100
|-status|p1a: Rhyperior|tox
|turn|9
|
|t:|1758329532
|move|p2a: Dragapult|Dragon Dance|p2a: Dragapult
|-boost|p2a: Dragapult|atk|1
|-boost|p2a: Dragapult|spe|1
|move|p1a: Rhyperior|Rock Polish|p1a: Rhyperior
|-boost|p1a: Rhyperior|spe|2
|
|-damage|p1a: Rhyperior|94/100 tox|[from] psn
|upkeep
|turn|10
|
|t:|1758329541
|move|p2a: Dragapult|Dragon Darts|p1a: Rhyperior
|-damage|p1a: Rhyperior|60/100 tox
|-anim|p2a: Dragapult|Dragon Darts|p1a: Rhyperior
|-damage|p1a: Rhyperior|23/100 tox
|-damage|p2a: Dragapult|81/100|[from] item: Life Orb
|move|p1a: Rhyperior|Ice Punch|p2a: Dragapult
|-supereffective|p2a: Dragapult
|-damage|p2a: Dragapult|6/100
|-status|p2a: Dragapult|frz
|
|-damage|p1a: Rhyperior|11/100 tox|[from] psn
|upkeep
|turn|11
|
|t:|1758329553
|cant|p2a: Dragapult|frz
|move|p1a: Rhyperior|Earthquake|p2a: Dragapult
|-damage|p2a: Dragapult|0 fnt
|faint|p2a: Dragapult
|
|-damage|p1a: Rhyperior|0 fnt|[from] psn
|faint|p1a: Rhyperior
|upkeep
|
|t:|1758329566
|switch|p2a: Greninja|Greninja, M|100/100
|switch|p1a: Grimmsnarl|Grimmsnarl, M|58/100
|-status|p1a: Grimmsnarl|tox
|turn|12
|
|t:|1758329585
|move|p1a: Grimmsnarl|Light Screen|p1a: Grimmsnarl
|-sidestart|p1: Sauronikov|move: Light Screen
|move|p2a: Greninja|Surf|p1a: Grimmsnarl
|-damage|p1a: Grimmsnarl|40/100 tox
|
|-damage|p1a: Grimmsnarl|34/100 tox|[from] psn
|upkeep
|turn|13
|
|t:|1758329593
|move|p1a: Grimmsnarl|Reflect|p1a: Grimmsnarl
|-sidestart|p1: Sauronikov|Reflect
|move|p2a: Greninja|Surf|p1a: Grimmsnarl
|-damage|p1a: Grimmsnarl|18/100 tox
|
|-damage|p1a: Grimmsnarl|5/100 tox|[from] psn
|upkeep
|turn|14
|
|t:|1758329600
|move|p1a: Grimmsnarl|Taunt|p2a: Greninja
|-hint|Since gen 7, Dark is immune to Prankster moves.
|-immune|p2a: Greninja
|move|p2a: Greninja|Surf|p1a: Grimmsnarl
|-damage|p1a: Grimmsnarl|0 fnt
|faint|p1a: Grimmsnarl
|-ability|p2a: Greninja|Battle Bond|boost
|-boost|p2a: Greninja|atk|1
|-boost|p2a: Greninja|spa|1
|-boost|p2a: Greninja|spe|1
|-activate|p2a: Greninja|ability: Battle Bond
|
|upkeep
|
|t:|1758329602
|switch|p1a: Raikou|Raikou, shiny|100/100
|-status|p1a: Raikou|tox
|turn|15
|
|t:|1758329610
|-terastallize|p2a: Greninja|Poison
|move|p2a: Greninja|Dark Pulse|p1a: Raikou
|-crit|p1a: Raikou
|-damage|p1a: Raikou|30/100 tox
|move|p1a: Raikou|Thunderbolt|p2a: Greninja
|-damage|p2a: Greninja|25/100
|
|-damage|p1a: Raikou|24/100 tox|[from] psn
|upkeep
|turn|16
|
|t:|1758329617
|move|p2a: Greninja|Dark Pulse|p1a: Raikou
|-damage|p1a: Raikou|1/100 tox
|move|p1a: Raikou|Thunderbolt|p2a: Greninja
|-damage|p2a: Greninja|0 fnt
|faint|p2a: Greninja
|
|-damage|p1a: Raikou|0 fnt|[from] psn
|faint|p1a: Raikou
|upkeep
|
|t:|1758329621
|switch|p2a: Enamorus|Enamorus, F|100/100
|switch|p1a: Iron Boulder|Iron Boulder|100/100
|-status|p1a: Iron Boulder|tox
|turn|17
|
|t:|1758329629
|-terastallize|p1a: Iron Boulder|Steel
|move|p2a: Enamorus|Focus Blast|p1a: Iron Boulder
|-supereffective|p1a: Iron Boulder
|-damage|p1a: Iron Boulder|65/100 tox
|-enditem|p1a: Iron Boulder|Weakness Policy
|-boost|p1a: Iron Boulder|atk|2|[from] item: Weakness Policy
|-boost|p1a: Iron Boulder|spa|2|[from] item: Weakness Policy
|move|p1a: Iron Boulder|Mighty Cleave|p2a: Enamorus
|-supereffective|p2a: Enamorus
|-damage|p2a: Enamorus|0 fnt
|faint|p2a: Enamorus
|
|win|Sauronikov
|raw|Sauronikov's rating: 1326 &rarr; <strong>1349</strong><br />(+23 for winning)
|raw|donatoroflove's rating: 1387 &rarr; <strong>1364</strong><br />(-23 for losing)
|l|☆donatoroflove
|player|p2|
|l|☆Sauronikov
|player|p1|
