|j|☆Heatheart12
|j|☆LOve4RussIA
|t:|1758317324
|gametype|singles
|player|p1|Heatheart12|preschooler|1129
|player|p2|LOve4RussIA|265|1145
|gen|9
|tier|[Gen 9] OU
|rated|
|rule|HP Percentage Mod: HP is shown in percentages
|rule|Endless Battle Clause: Forcing endless battles is banned
|rule|Species Clause: Limit one of each Pokémon
|rule|OHKO Clause: OHKO moves are banned
|rule|Evasion Items Clause: Evasion items are banned
|rule|Evasion Moves Clause: Evasion moves are banned
|rule|Evasion Abilities Clause: Evasion abilities are banned
|rule|Sleep Moves Clause: Sleep-inducing moves are banned
|clearpoke
|poke|p1|Ninetales, F|
|poke|p1|Lanturn, F|
|poke|p1|Exeggutor, M|
|poke|p1|Mabosstiff, F|
|poke|p1|Yanmega, F|
|poke|p1|Noivern, M|
|poke|p2|Hatterene, F|
|poke|p2|Great Tusk|
|poke|p2|Zamazenta-*|
|poke|p2|Landorus-Therian, M|
|poke|p2|Moltres|
|poke|p2|Ogerpon-Wellspring, F|
|teampreview
|inactive|Battle timer is ON: inactive players will automatically lose when time's up. (requested by Heatheart12)
|
|t:|1758317337
|teamsize|p1|6
|teamsize|p2|6
|start
|switch|p1a: Lanturn|Lanturn, F|100/100
|switch|p2a: Hatterene|Hatterene, F|100/100
|turn|1
|
|t:|1758317358
|move|p1a: Lanturn|Discharge|p2a: Hatterene
|-damage|p2a: Hatterene|79/100
|-status|p2a: Hatterene|par
|cant|p2a: Hatterene|par
|
|upkeep
|turn|2
|
|t:|1758317373
|switch|p1a: Exeggutor|Exeggutor, M|100/100
|move|p2a: Hatterene|Future Sight|p1a: Exeggutor
|-start|p2a: Hatterene|move: Future Sight
|
|upkeep
|turn|3
|
|t:|1758317389
|move|p1a: Exeggutor|Calm Mind|p1a: Exeggutor
|-boost|p1a: Exeggutor|spa|1
|-boost|p1a: Exeggutor|spd|1
|move|p2a: Hatterene|Mystical Fire|p1a: Exeggutor
|-supereffective|p1a: Exeggutor
|-damage|p1a: Exeggutor|44/100
|-unboost|p1a: Exeggutor|spa|1
|
|upkeep
|turn|4
|
|t:|1758317407
|-terastallize|p1a: Exeggutor|Psychic
|move|p1a: Exeggutor|Giga Drain|p2a: Hatterene
|-damage|p2a: Hatterene|55/100 par
|-heal|p1a: Exeggutor|56/100|[from] drain|[of] p2a: Hatterene
|move|p2a: Hatterene|Mystical Fire|p1a: Exeggutor
|-damage|p1a: Exeggutor|28/100
|-unboost|p1a: Exeggutor|spa|1
|
|-end|p1a: Exeggutor|move: Future Sight
|-resisted|p1a: Exeggutor
|-damage|p1a: Exeggutor|0 fnt
|faint|p1a: Exeggutor
|upkeep
|
|t:|1758317423
|switch|p1a: Ninetales|Ninetales, F|100/100
|-weather|SunnyDay|[from] ability: Drought|[of] p1a: Ninetales
|turn|5
|
|t:|1758317434
|move|p1a: Ninetales|Flamethrower|p2a: Hatterene
|-damage|p2a: Hatterene|19/100 par
|move|p2a: Hatterene|Nuzzle|p1a: Ninetales
|-crit|p1a: Ninetales
|-damage|p1a: Ninetales|91/100
|-status|p1a: Ninetales|par
|
|-weather|SunnyDay|[upkeep]
|upkeep
|turn|6
|
|t:|1758317447
|move|p1a: Ninetales|Flamethrower|p2a: Hatterene
|-damage|p2a: Hatterene|0 fnt
|faint|p2a: Hatterene
|
|-weather|SunnyDay|[upkeep]
|upkeep
|
|t:|1758317466
|switch|p2a: Landorus|Landorus-Therian, M|100/100
|-ability|p2a: Landorus|Intimidate|boost
|-unboost|p1a: Ninetales|atk|1
|turn|7
|
|t:|1758317472
|move|p2a: Landorus|Stealth Rock|p1a: Ninetales
|-sidestart|p1: Heatheart12|move: Stealth Rock
|move|p1a: Ninetales|Solar Beam||[still]
|-prepare|p1a: Ninetales|Solar Beam
|-anim|p1a: Ninetales|Solar Beam|p2a: Landorus
|-damage|p2a: Landorus|68/100
|
|-weather|SunnyDay|[upkeep]
|upkeep
|turn|8
|
|t:|1758317488
|move|p2a: Landorus|Earthquake|p1a: Ninetales
|-supereffective|p1a: Ninetales
|-damage|p1a: Ninetales|0 fnt
|faint|p1a: Ninetales
|
|-weather|SunnyDay|[upkeep]
|upkeep
|
|t:|1758317491
|switch|p1a: Lanturn|Lanturn, F|100/100
|-damage|p1a: Lanturn|88/100|[from] Stealth Rock
|turn|9
|
|t:|1758317498
|move|p2a: Landorus|Earthquake|p1a: Lanturn
|-supereffective|p1a: Lanturn
|-damage|p1a: Lanturn|0 fnt
|faint|p1a: Lanturn
|
|-weather|none
|upkeep
|
|t:|1758317501
|switch|p1a: Yanmega|Yanmega, F, shiny|100/100
|-damage|p1a: Yanmega|51/100|[from] Stealth Rock
|turn|10
|
|t:|1758317518
|switch|p2a: Moltres|Moltres|100/100
|move|p1a: Yanmega|Air Slash|p2a: Moltres
|-crit|p2a: Moltres
|-damage|p2a: Moltres|39/100
|
|-ability|p1a: Yanmega|Speed Boost|boost
|-boost|p1a: Yanmega|spe|1
|upkeep
|turn|11
|
|t:|1758317531
|move|p1a: Yanmega|Ancient Power|p2a: Moltres
|-supereffective|p2a: Moltres
|-damage|p2a: Moltres|0 fnt
|faint|p2a: Moltres
|
|-ability|p1a: Yanmega|Speed Boost|boost
|-boost|p1a: Yanmega|spe|1
|upkeep
|inactive|LOve4RussIA has 120 seconds left.
|
|t:|1758317555
|switch|p2a: Zamazenta|Zamazenta|100/100
|-ability|p2a: Zamazenta|Dauntless Shield|boost
|-boost|p2a: Zamazenta|def|1
|turn|12
|
|t:|1758317563
|-terastallize|p2a: Zamazenta|Steel
|move|p1a: Yanmega|Air Slash|p2a: Zamazenta
|-resisted|p2a: Zamazenta
|-damage|p2a: Zamazenta|84/100
|move|p2a: Zamazenta|Roar|p1a: Yanmega
|drag|p1a: Noivern|Noivern, M|100/100
|-damage|p1a: Noivern|76/100|[from] Stealth Rock
|
|-heal|p2a: Zamazenta|90/100|[from] item: Leftovers
|upkeep
|turn|13
|inactive|LOve4RussIA has 120 seconds left.
|
|t:|1758317579
|move|p2a: Zamazenta|Body Press|p1a: Noivern
|-resisted|p1a: Noivern
|-damage|p1a: Noivern|45/100
|move|p1a: Noivern|Psychic Noise|p2a: Zamazenta
|-resisted|p2a: Zamazenta
|-damage|p2a: Zamazenta|78/100
|-start|p2a: Zamazenta|move: Heal Block
|
|upkeep
|turn|14
|
|t:|1758317589
|move|p1a: Noivern|Psychic Noise|p2a: Zamazenta
|-resisted|p2a: Zamazenta
|-damage|p2a: Zamazenta|67/100
|move|p2a: Zamazenta|Roar|p1a: Noivern
|drag|p1a: Yanmega|Yanmega, F, shiny|51/100
|-damage|p1a: Yanmega|1/100|[from] Stealth Rock
|
|-end|p2a: Zamazenta|move: Heal Block
|upkeep
|turn|15
|
|t:|1758317602
|move|p1a: Yanmega|Bug Buzz|p2a: Zamazenta
|-resisted|p2a: Zamazenta
|-damage|p2a: Zamazenta|49/100
|move|p2a: Zamazenta|Roar|p1a: Yanmega
|drag|p1a: Mabosstiff|Mabosstiff, F|100/100
|-damage|p1a: Mabosstiff|88/100|[from] Stealth Rock
|-ability|p1a: Mabosstiff|Intimidate|boost
|-unboost|p2a: Zamazenta|atk|1
|
|-heal|p2a: Zamazenta|55/100|[from] item: Leftovers
|-heal|p1a: Mabosstiff|94/100|[from] item: Leftovers
|upkeep
|turn|16
|
|t:|1758317615
|move|p2a: Zamazenta|Body Press|p1a: Mabosstiff
|-supereffective|p1a: Mabosstiff
|-damage|p1a: Mabosstiff|0 fnt
|faint|p1a: Mabosstiff
|
|-heal|p2a: Zamazenta|61/100|[from] item: Leftovers
|upkeep
|
|t:|1758317618
|switch|p1a: Yanmega|Yanmega, F, shiny|1/100
|-damage|p1a: Yanmega|0 fnt|[from] Stealth Rock
|faint|p1a: Yanmega
|
|t:|1758317623
|switch|p1a: Noivern|Noivern, M|45/100
|-damage|p1a: Noivern|20/100|[from] Stealth Rock
|turn|17
|
|t:|1758317631
|move|p2a: Zamazenta|Crunch|p1a: Noivern
|-damage|p1a: Noivern|0 fnt
|faint|p1a: Noivern
|
|win|LOve4RussIA
|raw|Heatheart12's rating: 1129 &rarr; <strong>1105</strong><br />(-24 for losing)
|raw|LOve4RussIA's rating: 1145 &rarr; <strong>1169</strong><br />(+24 for winning)
|l|☆Heatheart12
|player|p1|
|l|☆LOve4RussIA
|player|p2|
