|j|☆lost oblitus
|j|☆114514Ottoman
|t:|1758302665
|gametype|singles
|player|p1|lost oblitus|supernerd|1204
|player|p2|114514Ottoman|266|1179
|gen|9
|tier|[Gen 9] OU
|rated|
|rule|HP Percentage Mod: HP is shown in percentages
|rule|Endless Battle Clause: Forcing endless battles is banned
|rule|Species Clause: Limit one of each Pokémon
|rule|OHKO Clause: OHKO moves are banned
|rule|Evasion Items Clause: Evasion items are banned
|rule|Evasion Moves Clause: Evasion moves are banned
|rule|Evasion Abilities Clause: Evasion abilities are banned
|rule|Sleep Moves Clause: Sleep-inducing moves are banned
|clearpoke
|poke|p1|Moltres-Galar|
|poke|p1|Decidueye-Hisui, M|
|poke|p1|Klawf, M|
|poke|p1|Azumarill, F|
|poke|p1|Sandy Shocks|
|poke|p1|Regidrago|
|poke|p2|Gallade, M|
|poke|p2|Ceruledge, F|
|poke|p2|Iron Valiant|
|poke|p2|Great Tusk|
|poke|p2|Scizor, F|
|poke|p2|Espeon, F|
|teampreview
|
|t:|1758302678
|teamsize|p1|6
|teamsize|p2|6
|start
|switch|p1a: Klawf|Klawf, M|100/100
|switch|p2a: Scizor|Scizor, F, shiny|100/100
|turn|1
|
|t:|1758302684
|move|p1a: Klawf|Knock Off|p2a: Scizor
|-damage|p2a: Scizor|77/100
|-enditem|p2a: Scizor|Life Orb|[from] move: Knock Off|[of] p1a: Klawf
|move|p2a: Scizor|Swords Dance|p2a: Scizor
|-boost|p2a: Scizor|atk|2
|
|upkeep
|turn|2
|
|t:|1758302691
|move|p2a: Scizor|Bullet Punch|p1a: Klawf
|-supereffective|p1a: Klawf
|-damage|p1a: Klawf|6/100
|-damage|p2a: Scizor|61/100|[from] item: Rocky Helmet|[of] p1a: Klawf
|move|p1a: Klawf|Stealth Rock|p2a: Scizor
|-sidestart|p2: 114514Ottoman|move: Stealth Rock
|
|upkeep
|turn|3
|
|t:|1758302700
|move|p1a: Klawf|Rock Tomb|p2a: Scizor
|-damage|p2a: Scizor|40/100
|-unboost|p2a: Scizor|spe|1
|move|p2a: Scizor|Swords Dance|p2a: Scizor
|-boost|p2a: Scizor|atk|2
|
|upkeep
|turn|4
|
|t:|1758302707
|move|p2a: Scizor|Bullet Punch|p1a: Klawf
|-supereffective|p1a: Klawf
|-crit|p1a: Klawf
|-damage|p1a: Klawf|0 fnt
|-damage|p2a: Scizor|24/100|[from] item: Rocky Helmet|[of] p1a: Klawf
|faint|p1a: Klawf
|
|upkeep
|
|t:|1758302711
|switch|p1a: Sandy Shocks|Sandy Shocks|100/100
|turn|5
|
|t:|1758302717
|move|p2a: Scizor|Bullet Punch|p1a: Sandy Shocks
|-resisted|p1a: Sandy Shocks
|-damage|p1a: Sandy Shocks|38/100
|move|p1a: Sandy Shocks|Earth Power|p2a: Scizor
|-damage|p2a: Scizor|0 fnt
|faint|p2a: Scizor
|
|upkeep
|
|t:|1758302728
|switch|p2a: Great Tusk|Great Tusk|100/100
|-damage|p2a: Great Tusk|98/100|[from] Stealth Rock
|turn|6
|
|t:|1758302734
|move|p1a: Sandy Shocks|Earth Power|p2a: Great Tusk
|-damage|p2a: Great Tusk|34/100
|move|p2a: Great Tusk|Rapid Spin|p1a: Sandy Shocks
|-damage|p1a: Sandy Shocks|18/100
|-boost|p2a: Great Tusk|spe|1
|-sideend|p2: 114514Ottoman|Stealth Rock|[from] move: Rapid Spin|[of] p2a: Great Tusk
|
|-heal|p2a: Great Tusk|40/100|[from] item: Leftovers
|upkeep
|turn|7
|
|t:|1758302747
|move|p1a: Sandy Shocks|Earth Power|p2a: Great Tusk
|-damage|p2a: Great Tusk|0 fnt
|faint|p2a: Great Tusk
|-end|p2a: Great Tusk|Protosynthesis|[silent]
|
|upkeep
|
|t:|1758302754
|switch|p2a: Espeon|Espeon, F|100/100
|turn|8
|
|t:|1758302757
|move|p1a: Sandy Shocks|Earth Power|p2a: Espeon
|-damage|p2a: Espeon|39/100
|move|p2a: Espeon|Calm Mind|p2a: Espeon
|-boost|p2a: Espeon|spa|1
|-boost|p2a: Espeon|spd|1
|
|-heal|p2a: Espeon|45/100|[from] item: Leftovers
|upkeep
|turn|9
|
|t:|1758302763
|-end|p1a: Sandy Shocks|Protosynthesis|[silent]
|switch|p1a: Azumarill|Azumarill, F|100/100
|move|p2a: Espeon|Morning Sun|p2a: Espeon
|-heal|p2a: Espeon|95/100
|
|-heal|p2a: Espeon|100/100|[from] item: Leftovers
|upkeep
|turn|10
|
|t:|1758302771
|move|p2a: Espeon|Psychic|p1a: Azumarill
|-damage|p1a: Azumarill|50/100
|move|p1a: Azumarill|Liquidation|p2a: Espeon
|-damage|p2a: Espeon|0 fnt
|faint|p2a: Espeon
|
|upkeep
|
|t:|1758302790
|switch|p2a: Ceruledge|Ceruledge, F, shiny|100/100
|turn|11
|
|t:|1758302794
|move|p2a: Ceruledge|Swords Dance|p2a: Ceruledge
|-boost|p2a: Ceruledge|atk|2
|move|p1a: Azumarill|Liquidation|p2a: Ceruledge
|-supereffective|p2a: Ceruledge
|-enditem|p2a: Ceruledge|Focus Sash
|-damage|p2a: Ceruledge|1/100
|-ability|p2a: Ceruledge|Weak Armor|boost
|-unboost|p2a: Ceruledge|def|1
|-boost|p2a: Ceruledge|spe|2
|
|upkeep
|turn|12
|
|t:|1758302803
|move|p1a: Azumarill|Aqua Jet|p2a: Ceruledge
|-supereffective|p2a: Ceruledge
|-damage|p2a: Ceruledge|0 fnt
|faint|p2a: Ceruledge
|
|upkeep
|
|t:|1758302812
|switch|p2a: Gallade|Gallade, M, shiny|100/100
|turn|13
|
|t:|1758302815
|move|p2a: Gallade|Destiny Bond|p2a: Gallade
|-singlemove|p2a: Gallade|Destiny Bond
|move|p1a: Azumarill|Liquidation|p2a: Gallade
|-enditem|p2a: Gallade|Focus Sash
|-damage|p2a: Gallade|1/100
|
|upkeep
|turn|14
|
|t:|1758302825
|move|p2a: Gallade|Agility|p2a: Gallade
|-boost|p2a: Gallade|spe|2
|move|p1a: Azumarill|Liquidation|p2a: Gallade
|-damage|p2a: Gallade|0 fnt
|faint|p2a: Gallade
|
|upkeep
|
|t:|1758302826
|switch|p2a: Iron Valiant|Iron Valiant|100/100
|turn|15
|-message|114514Ottoman forfeited.
|
|win|lost oblitus
|raw|lost oblitus's rating: 1204 &rarr; <strong>1227</strong><br />(+23 for winning)
|raw|114514Ottoman's rating: 1179 &rarr; <strong>1156</strong><br />(-23 for losing)
|l|☆114514Ottoman
|player|p2|
|l|☆lost oblitus
|player|p1|
