|j|☆Lakey0604
|j|☆ZU Propaganda
|t:|1758327429
|gametype|singles
|player|p1|Lakey0604|koga|1100
|player|p2|ZU Propaganda|pokemonbreeder-gen4|1103
|gen|9
|tier|[Gen 9] OU
|rated|
|rule|HP Percentage Mod: HP is shown in percentages
|rule|Endless Battle Clause: Forcing endless battles is banned
|rule|Species Clause: Limit one of each Pokémon
|rule|OHKO Clause: OHKO moves are banned
|rule|Evasion Items Clause: Evasion items are banned
|rule|Evasion Moves Clause: Evasion moves are banned
|rule|Evasion Abilities Clause: Evasion abilities are banned
|rule|Sleep Moves Clause: Sleep-inducing moves are banned
|clearpoke
|poke|p1|Ogerpon-Wellspring, F|
|poke|p1|Kingambit, M|
|poke|p1|Landorus-Therian, M|
|poke|p1|Glimmora, M|
|poke|p1|Dragapult, F|
|poke|p1|Iron Valiant|
|poke|p2|Basculin-Blue-Striped, F|
|poke|p2|Beartic, M|
|poke|p2|Toedscruel, F|
|poke|p2|Persian-Alola, M|
|poke|p2|Mesprit|
|poke|p2|Magmortar, M|
|teampreview
|
|t:|1758327438
|teamsize|p1|6
|teamsize|p2|6
|start
|switch|p1a: Glimmora|Glimmora, M|100/100
|switch|p2a: Toedscruel|Toedscruel, F|100/100
|turn|1
|
|t:|1758327448
|move|p2a: Toedscruel|Earth Power|p1a: Glimmora
|-supereffective|p1a: Glimmora
|-damage|p1a: Glimmora|0 fnt
|faint|p1a: Glimmora
|
|upkeep
|
|t:|1758327455
|switch|p1a: Landorus|Landorus-Therian, M|100/100
|-ability|p1a: Landorus|Intimidate|boost
|-unboost|p2a: Toedscruel|atk|1
|turn|2
|
|t:|1758327462
|move|p2a: Toedscruel|Sludge Bomb|p1a: Landorus
|-resisted|p1a: Landorus
|-damage|p1a: Landorus|88/100
|move|p1a: Landorus|Stealth Rock|p2a: Toedscruel
|-sidestart|p2: ZU Propaganda|move: Stealth Rock
|
|upkeep
|turn|3
|
|t:|1758327470
|move|p2a: Toedscruel|Giga Drain|p1a: Landorus
|-damage|p1a: Landorus|57/100
|move|p1a: Landorus|Earthquake|p2a: Toedscruel
|-resisted|p2a: Toedscruel
|-damage|p2a: Toedscruel|61/100
|
|upkeep
|turn|4
|
|t:|1758327477
|move|p2a: Toedscruel|Giga Drain|p1a: Landorus
|-damage|p1a: Landorus|26/100
|-heal|p2a: Toedscruel|81/100|[from] drain|[of] p1a: Landorus
|move|p1a: Landorus|U-turn|p2a: Toedscruel
|-supereffective|p2a: Toedscruel
|-damage|p2a: Toedscruel|14/100
|
|t:|1758327485
|switch|p1a: Kingambit|Kingambit, M|100/100|[from] U-turn
|-activate|p1a: Kingambit|ability: Supreme Overlord
|-start|p1a: Kingambit|fallen1|[silent]
|
|upkeep
|turn|5
|
|t:|1758327491
|switch|p2a: Magmortar|Magmortar, M|100/100
|-damage|p2a: Magmortar|76/100|[from] Stealth Rock
|move|p1a: Kingambit|Sucker Punch||[still]
|-fail|p1a: Kingambit
|
|upkeep
|turn|6
|
|t:|1758327500
|-end|p1a: Kingambit|fallen1|[silent]
|switch|p1a: Ogerpon|Ogerpon-Wellspring, F|100/100
|move|p2a: Magmortar|Knock Off|p1a: Ogerpon
|-damage|p1a: Ogerpon|80/100
|
|upkeep
|turn|7
|
|t:|1758327511
|move|p1a: Ogerpon|Taunt|p2a: Magmortar
|-start|p2a: Magmortar|move: Taunt
|move|p2a: Magmortar|Scorching Sands|p1a: Ogerpon
|-resisted|p1a: Ogerpon
|-damage|p1a: Ogerpon|68/100
|-status|p1a: Ogerpon|brn
|
|-damage|p1a: Ogerpon|62/100 brn|[from] brn
|upkeep
|turn|8
|
|t:|1758327532
|switch|p2a: Toedscruel|Toedscruel, F|14/100
|-damage|p2a: Toedscruel|8/100|[from] Stealth Rock
|move|p1a: Ogerpon|Ivy Cudgel|p2a: Toedscruel|[anim] Ivy Cudgel Water
|-damage|p2a: Toedscruel|0 fnt
|faint|p2a: Toedscruel
|
|-damage|p1a: Ogerpon|56/100 brn|[from] brn
|upkeep
|
|t:|1758327550
|switch|p2a: Persian|Persian-Alola, M|100/100
|-damage|p2a: Persian|88/100|[from] Stealth Rock
|turn|9
|
|t:|1758327561
|move|p2a: Persian|Fake Out|p1a: Ogerpon
|-damage|p1a: Ogerpon|49/100 brn
|cant|p1a: Ogerpon|flinch
|
|-damage|p1a: Ogerpon|43/100 brn|[from] brn
|upkeep
|turn|10
|
|t:|1758327589
|move|p1a: Ogerpon|Horn Leech|p2a: Persian
|-damage|p2a: Persian|77/100
|-heal|p1a: Ogerpon|49/100 brn|[from] drain|[of] p2a: Persian
|move|p2a: Persian|Knock Off|p1a: Ogerpon
|-damage|p1a: Ogerpon|28/100 brn
|
|-damage|p1a: Ogerpon|22/100 brn|[from] brn
|upkeep
|turn|11
|
|t:|1758327598
|move|p1a: Ogerpon|Play Rough|p2a: Persian
|-supereffective|p2a: Persian
|-damage|p2a: Persian|60/100
|move|p2a: Persian|Knock Off|p1a: Ogerpon
|-damage|p1a: Ogerpon|2/100 brn
|
|-damage|p1a: Ogerpon|0 fnt|[from] brn
|faint|p1a: Ogerpon
|upkeep
|
|t:|1758327612
|switch|p1a: Iron Valiant|Iron Valiant|100/100
|-enditem|p1a: Iron Valiant|Booster Energy
|-activate|p1a: Iron Valiant|ability: Quark Drive|[fromitem]
|-start|p1a: Iron Valiant|quarkdrivespe
|turn|12
|
|t:|1758327622
|switch|p2a: Magmortar|Magmortar, M|76/100
|-damage|p2a: Magmortar|51/100|[from] Stealth Rock
|move|p1a: Iron Valiant|Swords Dance|p1a: Iron Valiant
|-boost|p1a: Iron Valiant|atk|2
|
|upkeep
|turn|13
|
|t:|1758327640
|move|p1a: Iron Valiant|Knock Off|p2a: Magmortar
|-crit|p2a: Magmortar
|-damage|p2a: Magmortar|0 fnt
|-damage|p1a: Iron Valiant|84/100|[from] item: Rocky Helmet|[of] p2a: Magmortar
|-enditem|p2a: Magmortar|Rocky Helmet|[from] move: Knock Off|[of] p1a: Iron Valiant
|faint|p2a: Magmortar
|
|upkeep
|
|t:|1758327657
|switch|p2a: Basculin|Basculin-Blue-Striped, F|100/100
|-damage|p2a: Basculin|88/100|[from] Stealth Rock
|turn|14
|
|t:|1758327672
|move|p2a: Basculin|Aqua Jet|p1a: Iron Valiant
|-damage|p1a: Iron Valiant|42/100
|-damage|p2a: Basculin|78/100|[from] item: Life Orb
|move|p1a: Iron Valiant|Spirit Break|p2a: Basculin
|-damage|p2a: Basculin|0 fnt
|faint|p2a: Basculin
|
|upkeep
|
|t:|1758327677
|switch|p2a: Mesprit|Mesprit|100/100
|turn|15
|
|t:|1758327688
|move|p1a: Iron Valiant|Knock Off|p2a: Mesprit
|-supereffective|p2a: Mesprit
|-damage|p2a: Mesprit|0 fnt
|-enditem|p2a: Mesprit|Heavy-Duty Boots|[from] move: Knock Off|[of] p1a: Iron Valiant
|faint|p2a: Mesprit
|
|upkeep
|
|t:|1758327693
|switch|p2a: Persian|Persian-Alola, M|60/100
|-damage|p2a: Persian|48/100|[from] Stealth Rock
|turn|16
|
|t:|1758327697
|move|p2a: Persian|Fake Out|p1a: Iron Valiant
|-damage|p1a: Iron Valiant|34/100
|cant|p1a: Iron Valiant|flinch
|
|upkeep
|turn|17
|
|t:|1758327703
|move|p1a: Iron Valiant|Spirit Break|p2a: Persian
|-supereffective|p2a: Persian
|-damage|p2a: Persian|0 fnt
|faint|p2a: Persian
|
|upkeep
|
|t:|1758327705
|switch|p2a: Beartic|Beartic, M|100/100
|-damage|p2a: Beartic|75/100|[from] Stealth Rock
|turn|18
|
|t:|1758327714
|-terastallize|p1a: Iron Valiant|Steel
|-terastallize|p2a: Beartic|Electric
|move|p1a: Iron Valiant|Spirit Break|p2a: Beartic
|-damage|p2a: Beartic|0 fnt
|faint|p2a: Beartic
|
|win|Lakey0604
|raw|Lakey0604's rating: 1100 &rarr; <strong>1125</strong><br />(+25 for winning)
|raw|ZU Propaganda's rating: 1103 &rarr; <strong>1078</strong><br />(-25 for losing)
|l|☆ZU Propaganda
|player|p2|
