|j|☆Crogenius2
|j|☆rookie22
|t:|1758303998
|gametype|singles
|player|p1|Crogenius2|wattson|1668
|player|p2|rookie22|iris-gen5bw2|1791
|gen|9
|tier|[Gen 9] OU
|rated|
|rule|HP Percentage Mod: HP is shown in percentages
|rule|Endless Battle Clause: Forcing endless battles is banned
|rule|Species Clause: Limit one of each Pokémon
|rule|OHKO Clause: OHKO moves are banned
|rule|Evasion Items Clause: Evasion items are banned
|rule|Evasion Moves Clause: Evasion moves are banned
|rule|Evasion Abilities Clause: Evasion abilities are banned
|rule|Sleep Moves Clause: Sleep-inducing moves are banned
|clearpoke
|poke|p1|Vaporeon, F|
|poke|p1|Garchomp, M|
|poke|p1|Gholdengo|
|poke|p1|Darkrai|
|poke|p1|Scizor, F|
|poke|p1|Great Tusk|
|poke|p2|Dragonite, M|
|poke|p2|Meowscarada, M|
|poke|p2|Keldeo|
|poke|p2|Iron Crown|
|poke|p2|Raging Bolt|
|poke|p2|Great Tusk|
|teampreview
|inactive|Battle timer is ON: inactive players will automatically lose when time's up. (requested by rookie22)
|inactive|Crogenius2 also wants the timer to be on.
|
|t:|1758304002
|teamsize|p1|6
|teamsize|p2|6
|start
|switch|p1a: Scizor|Scizor, F|100/100
|switch|p2a: Lisan Al Gaib|Keldeo|100/100
|turn|1
|
|t:|1758304005
|move|p2a: Lisan Al Gaib|Surf|p1a: Scizor
|-damage|p1a: Scizor|2/100
|move|p1a: Scizor|U-turn|p2a: Lisan Al Gaib
|-resisted|p2a: Lisan Al Gaib
|-damage|p2a: Lisan Al Gaib|68/100
|
|t:|1758304016
|switch|p1a: Darkrai|Darkrai|100/100|[from] U-turn
|
|upkeep
|turn|2
|
|t:|1758304036
|move|p1a: Darkrai|Ice Beam|p2a: Lisan Al Gaib
|-resisted|p2a: Lisan Al Gaib
|-damage|p2a: Lisan Al Gaib|42/100
|move|p2a: Lisan Al Gaib|Surf|p1a: Darkrai
|-damage|p1a: Darkrai|7/100
|
|upkeep
|turn|3
|
|t:|1758304039
|switch|p1a: Vaporeon|Vaporeon, F|100/100
|move|p2a: Lisan Al Gaib|Surf|p1a: Vaporeon
|-immune|p1a: Vaporeon|[from] ability: Water Absorb
|
|upkeep
|turn|4
|
|t:|1758304044
|switch|p2a: Raging Bolt|Raging Bolt|100/100
|move|p1a: Vaporeon|Scald|p2a: Raging Bolt
|-resisted|p2a: Raging Bolt
|-damage|p2a: Raging Bolt|88/100
|
|-heal|p2a: Raging Bolt|94/100|[from] item: Leftovers
|upkeep
|turn|5
|
|t:|1758304051
|move|p2a: Raging Bolt|Dragon Pulse|p1a: Vaporeon
|-damage|p1a: Vaporeon|75/100
|move|p1a: Vaporeon|Wish|p1a: Vaporeon
|
|-heal|p2a: Raging Bolt|100/100|[from] item: Leftovers
|-heal|p1a: Vaporeon|81/100|[from] item: Leftovers
|upkeep
|turn|6
|
|t:|1758304056
|switch|p1a: Great Tusk|Great Tusk|100/100
|move|p2a: Raging Bolt|Calm Mind|p2a: Raging Bolt
|-boost|p2a: Raging Bolt|spa|1
|-boost|p2a: Raging Bolt|spd|1
|
|upkeep
|turn|7
|
|t:|1758304059
|-end|p2a: Raging Bolt|Protosynthesis|[silent]
|switch|p2a: Great Tusk|Great Tusk|100/100
|move|p1a: Great Tusk|Earthquake|p2a: Great Tusk
|-damage|p2a: Great Tusk|70/100
|
|-heal|p2a: Great Tusk|76/100|[from] item: Leftovers
|upkeep
|turn|8
|
|t:|1758304064
|move|p1a: Great Tusk|Ice Spinner|p2a: Great Tusk
|-supereffective|p2a: Great Tusk
|-damage|p2a: Great Tusk|39/100
|move|p2a: Great Tusk|Earthquake|p1a: Great Tusk
|-damage|p1a: Great Tusk|56/100
|
|-heal|p2a: Great Tusk|45/100|[from] item: Leftovers
|upkeep
|turn|9
|
|t:|1758304070
|-end|p2a: Great Tusk|Protosynthesis|[silent]
|switch|p2a: Lisan Al Gaib|Keldeo|42/100
|move|p1a: Great Tusk|Ice Spinner|p2a: Lisan Al Gaib
|-resisted|p2a: Lisan Al Gaib
|-damage|p2a: Lisan Al Gaib|25/100
|
|upkeep
|turn|10
|
|t:|1758304077
|-end|p1a: Great Tusk|Protosynthesis|[silent]
|switch|p1a: Vaporeon|Vaporeon, F|81/100
|move|p2a: Lisan Al Gaib|Air Slash|p1a: Vaporeon
|-damage|p1a: Vaporeon|56/100
|
|-heal|p1a: Vaporeon|63/100|[from] item: Leftovers
|upkeep
|turn|11
|
|t:|1758304081
|switch|p2a: Raging Bolt|Raging Bolt|100/100
|move|p1a: Vaporeon|Wish|p1a: Vaporeon
|
|-heal|p1a: Vaporeon|69/100|[from] item: Leftovers
|upkeep
|turn|12
|
|t:|1758304087
|move|p2a: Raging Bolt|Dragon Pulse|p1a: Vaporeon
|-damage|p1a: Vaporeon|41/100
|move|p1a: Vaporeon|Calm Mind|p1a: Vaporeon
|-boost|p1a: Vaporeon|spa|1
|-boost|p1a: Vaporeon|spd|1
|
|-heal|p1a: Vaporeon|91/100|[from] move: Wish|[wisher] Vaporeon
|-heal|p1a: Vaporeon|97/100|[from] item: Leftovers
|upkeep
|turn|13
|
|t:|1758304091
|move|p2a: Raging Bolt|Dragon Pulse|p1a: Vaporeon
|-damage|p1a: Vaporeon|79/100
|move|p1a: Vaporeon|Calm Mind|p1a: Vaporeon
|-boost|p1a: Vaporeon|spa|1
|-boost|p1a: Vaporeon|spd|1
|
|-heal|p1a: Vaporeon|85/100|[from] item: Leftovers
|upkeep
|turn|14
|
|t:|1758304093
|move|p2a: Raging Bolt|Calm Mind|p2a: Raging Bolt
|-boost|p2a: Raging Bolt|spa|1
|-boost|p2a: Raging Bolt|spd|1
|move|p1a: Vaporeon|Scald|p2a: Raging Bolt
|-resisted|p2a: Raging Bolt
|-damage|p2a: Raging Bolt|84/100
|-status|p2a: Raging Bolt|brn
|
|-heal|p2a: Raging Bolt|90/100 brn|[from] item: Leftovers
|-heal|p1a: Vaporeon|91/100|[from] item: Leftovers
|-damage|p2a: Raging Bolt|84/100 brn|[from] brn
|upkeep
|turn|15
|
|t:|1758304096
|move|p2a: Raging Bolt|Calm Mind|p2a: Raging Bolt
|-boost|p2a: Raging Bolt|spa|1
|-boost|p2a: Raging Bolt|spd|1
|move|p1a: Vaporeon|Scald|p2a: Raging Bolt
|-resisted|p2a: Raging Bolt
|-damage|p2a: Raging Bolt|71/100 brn
|
|-heal|p2a: Raging Bolt|77/100 brn|[from] item: Leftovers
|-heal|p1a: Vaporeon|98/100|[from] item: Leftovers
|-damage|p2a: Raging Bolt|71/100 brn|[from] brn
|upkeep
|turn|16
|
|t:|1758304099
|switch|p1a: Great Tusk|Great Tusk|56/100
|move|p2a: Raging Bolt|Thunderbolt|p1a: Great Tusk
|-immune|p1a: Great Tusk
|
|-heal|p2a: Raging Bolt|77/100 brn|[from] item: Leftovers
|-damage|p2a: Raging Bolt|71/100 brn|[from] brn
|upkeep
|turn|17
|
|t:|1758304102
|-terastallize|p2a: Raging Bolt|Fairy
|move|p1a: Great Tusk|Earthquake|p2a: Raging Bolt
|-damage|p2a: Raging Bolt|23/100 brn
|move|p2a: Raging Bolt|Dragon Pulse|p1a: Great Tusk
|-damage|p1a: Great Tusk|0 fnt
|faint|p1a: Great Tusk
|-end|p1a: Great Tusk|Protosynthesis|[silent]
|
|-heal|p2a: Raging Bolt|29/100 brn|[from] item: Leftovers
|-damage|p2a: Raging Bolt|23/100 brn|[from] brn
|upkeep
|
|t:|1758304104
|switch|p1a: Scizor|Scizor, F|2/100
|turn|18
|
|t:|1758304109
|move|p2a: Raging Bolt|Thunderclap|p1a: Scizor
|-damage|p1a: Scizor|0 fnt
|faint|p1a: Scizor
|
|-heal|p2a: Raging Bolt|29/100 brn|[from] item: Leftovers
|-damage|p2a: Raging Bolt|23/100 brn|[from] brn
|upkeep
|
|t:|1758304111
|switch|p1a: Garchomp|Garchomp, M|100/100
|turn|19
|
|t:|1758304115
|move|p1a: Garchomp|Earthquake|p2a: Raging Bolt
|-damage|p2a: Raging Bolt|0 fnt
|faint|p2a: Raging Bolt
|-end|p2a: Raging Bolt|Protosynthesis|[silent]
|
|upkeep
|
|t:|1758304121
|switch|p2a: Great Tusk|Great Tusk|45/100
|turn|20
|
|t:|1758304124
|move|p1a: Garchomp|Earthquake|p2a: Great Tusk
|-damage|p2a: Great Tusk|17/100
|move|p2a: Great Tusk|Earthquake|p1a: Garchomp
|-damage|p1a: Garchomp|67/100
|
|-heal|p2a: Great Tusk|23/100|[from] item: Leftovers
|upkeep
|turn|21
|
|t:|1758304131
|move|p1a: Garchomp|Stealth Rock|p2a: Great Tusk
|-sidestart|p2: rookie22|move: Stealth Rock
|move|p2a: Great Tusk|Earthquake|p1a: Garchomp
|-damage|p1a: Garchomp|30/100
|
|-heal|p2a: Great Tusk|29/100|[from] item: Leftovers
|upkeep
|turn|22
|
|t:|1758304136
|move|p1a: Garchomp|Earthquake|p2a: Great Tusk
|-damage|p2a: Great Tusk|3/100
|move|p2a: Great Tusk|Earthquake|p1a: Garchomp
|-damage|p1a: Garchomp|0 fnt
|faint|p1a: Garchomp
|
|-heal|p2a: Great Tusk|9/100|[from] item: Leftovers
|upkeep
|
|t:|1758304140
|switch|p1a: Darkrai|Darkrai|7/100
|turn|23
|
|t:|1758304147
|move|p1a: Darkrai|Dark Pulse|p2a: Great Tusk
|-resisted|p2a: Great Tusk
|-damage|p2a: Great Tusk|0 fnt
|faint|p2a: Great Tusk
|-end|p2a: Great Tusk|Protosynthesis|[silent]
|
|upkeep
|
|t:|1758304170
|switch|p2a: MEGA DRAGONITE|Dragonite, M|100/100
|turn|24
|
|t:|1758304174
|move|p1a: Darkrai|Dark Pulse|p2a: MEGA DRAGONITE
|-damage|p2a: MEGA DRAGONITE|67/100
|move|p2a: MEGA DRAGONITE|Dragon Dance|p2a: MEGA DRAGONITE
|-boost|p2a: MEGA DRAGONITE|atk|1
|-boost|p2a: MEGA DRAGONITE|spe|1
|
|upkeep
|turn|25
|
|t:|1758304178
|switch|p1a: Gholdengo|Gholdengo|100/100
|move|p2a: MEGA DRAGONITE|Earthquake|p1a: Gholdengo
|-supereffective|p1a: Gholdengo
|-damage|p1a: Gholdengo|0 fnt
|faint|p1a: Gholdengo
|
|upkeep
|-message|Crogenius2 forfeited.
|
|win|rookie22
|raw|Crogenius2's rating: 1668 &rarr; <strong>1654</strong><br />(-14 for losing)
|raw|rookie22's rating: 1769 &rarr; <strong>1783</strong><br />(+14 for winning)
|l|☆Crogenius2
|player|p1|
|l|☆rookie22
|player|p2|
