|j|☆Hunter_of_Keys
|j|☆murder kingdom
|t:|1758348970
|gametype|singles
|player|p1|Hunter_of_Keys|veteran|1420
|player|p2|murder kingdom|169|1398
|gen|9
|tier|[Gen 9] OU
|rated|
|rule|HP Percentage Mod: HP is shown in percentages
|rule|Endless Battle Clause: Forcing endless battles is banned
|rule|Species Clause: Limit one of each Pokémon
|rule|OHKO Clause: OHKO moves are banned
|rule|Evasion Items Clause: Evasion items are banned
|rule|Evasion Moves Clause: Evasion moves are banned
|rule|Evasion Abilities Clause: Evasion abilities are banned
|rule|Sleep Moves Clause: Sleep-inducing moves are banned
|clearpoke
|poke|p1|Espeon, M|
|poke|p1|Indeedee, M|
|poke|p1|Armarouge, M|
|poke|p1|Gallade, M|
|poke|p1|Cresselia, F|
|poke|p1|Rabsca, F|
|poke|p2|Samurott-Hisui, F|
|poke|p2|Great Tusk|
|poke|p2|Volcanion|
|poke|p2|Hydrapple, F|
|poke|p2|Gholdengo|
|poke|p2|Landorus-Therian, M|
|teampreview
|inactive|Battle timer is ON: inactive players will automatically lose when time's up. (requested by Hunter_of_Keys)
|
|t:|1758348974
|teamsize|p1|6
|teamsize|p2|6
|start
|switch|p1a: Gallade|Gallade, M|100/100
|switch|p2a: Samurott|Samurott-Hisui, F|100/100
|turn|1
|
|t:|1758348979
|switch|p2a: Gholdengo|Gholdengo|100/100
|-item|p2a: Gholdengo|Air Balloon
|move|p1a: Gallade|Ice Punch|p2a: Gholdengo
|-resisted|p2a: Gholdengo
|-crit|p2a: Gholdengo
|-damage|p2a: Gholdengo|82/100
|-enditem|p2a: Gholdengo|Air Balloon
|
|upkeep
|turn|2
|
|t:|1758348982
|-terastallize|p1a: Gallade|Dark
|move|p1a: Gallade|Night Slash|p2a: Gholdengo
|-supereffective|p2a: Gholdengo
|-crit|p2a: Gholdengo
|-damage|p2a: Gholdengo|0 fnt
|faint|p2a: Gholdengo
|
|upkeep
|
|t:|1758348992
|switch|p2a: Hydrapple|Hydrapple, F|100/100
|turn|3
|
|t:|1758348999
|move|p1a: Gallade|Ice Punch|p2a: Hydrapple
|-supereffective|p2a: Hydrapple
|-damage|p2a: Hydrapple|33/100
|-damage|p1a: Gallade|84/100|[from] item: Rocky Helmet|[of] p2a: Hydrapple
|move|p2a: Hydrapple|Nasty Plot|p2a: Hydrapple
|-boost|p2a: Hydrapple|spa|2
|
|upkeep
|turn|4
|
|t:|1758349010
|move|p1a: Gallade|Sacred Sword|p2a: Hydrapple
|-damage|p2a: Hydrapple|0 fnt
|-damage|p1a: Gallade|67/100|[from] item: Rocky Helmet|[of] p2a: Hydrapple
|faint|p2a: Hydrapple
|
|upkeep
|
|t:|1758349017
|switch|p2a: Landorus|Landorus-Therian, M|100/100
|-ability|p2a: Landorus|Intimidate|boost
|-unboost|p1a: Gallade|atk|1
|turn|5
|
|t:|1758349020
|switch|p1a: Cresselia|Cresselia, F|100/100
|move|p2a: Landorus|U-turn|p1a: Cresselia
|-supereffective|p1a: Cresselia
|-damage|p1a: Cresselia|72/100
|-damage|p2a: Landorus|84/100|[from] item: Rocky Helmet|[of] p1a: Cresselia
|
|t:|1758349023
|switch|p2a: Samurott|Samurott-Hisui, F|100/100|[from] U-turn
|
|upkeep
|turn|6
|
|t:|1758349028
|move|p2a: Samurott|Knock Off|p1a: Cresselia
|-supereffective|p1a: Cresselia
|-damage|p1a: Cresselia|28/100
|-damage|p2a: Samurott|84/100|[from] item: Rocky Helmet|[of] p1a: Cresselia
|-enditem|p1a: Cresselia|Rocky Helmet|[from] move: Knock Off|[of] p2a: Samurott
|move|p1a: Cresselia|Thunder Wave|p2a: Samurott
|-status|p2a: Samurott|par
|
|upkeep
|turn|7
|
|t:|1758349035
|move|p1a: Cresselia|Lunar Dance|p1a: Cresselia
|faint|p1a: Cresselia
|move|p2a: Samurott|Ceaseless Edge|p1: Cresselia|[notarget]
|-fail|p2a: Samurott
|
|upkeep
|
|t:|1758349038
|switch|p1a: Gallade|Gallade, M, tera:Dark|67/100
|-heal|p1a: Gallade|100/100|[from] move: Lunar Dance
|turn|8
|
|t:|1758349042
|switch|p2a: Landorus|Landorus-Therian, M|84/100
|-ability|p2a: Landorus|Intimidate|boost
|-unboost|p1a: Gallade|atk|1
|move|p1a: Gallade|Sacred Sword|p2a: Landorus
|-resisted|p2a: Landorus
|-damage|p2a: Landorus|55/100
|
|upkeep
|turn|9
|
|t:|1758349048
|switch|p1a: Indeedee|Indeedee, M|100/100
|-fieldstart|move: Psychic Terrain|[from] ability: Psychic Surge|[of] p1a: Indeedee
|move|p2a: Landorus|U-turn|p1a: Indeedee
|-supereffective|p1a: Indeedee
|-damage|p1a: Indeedee|0 fnt
|faint|p1a: Indeedee
|
|t:|1758349053
|switch|p2a: Volcanion|Volcanion|100/100|[from] U-turn
|
|upkeep
|
|t:|1758349063
|switch|p1a: Espeon|Espeon, M|100/100
|turn|10
|
|t:|1758349069
|switch|p2a: Samurott|Samurott-Hisui, F|84/100 par
|move|p1a: Espeon|Psychic Noise|p2a: Samurott
|-immune|p2a: Samurott
|
|upkeep
|turn|11
|
|t:|1758349073
|move|p1a: Espeon|Alluring Voice|p2a: Samurott
|-supereffective|p2a: Samurott
|-damage|p2a: Samurott|50/100 par
|move|p2a: Samurott|Ceaseless Edge|p1a: Espeon
|-supereffective|p1a: Espeon
|-damage|p1a: Espeon|17/100
|-sidestart|p1: Hunter_of_Keys|Spikes
|
|upkeep
|turn|12
|
|t:|1758349079
|move|p2a: Samurott|Sucker Punch|p1a: Espeon
|-activate|p1a: Espeon|move: Psychic Terrain
|move|p1a: Espeon|Alluring Voice|p2a: Samurott
|-supereffective|p2a: Samurott
|-damage|p2a: Samurott|18/100 par
|
|upkeep
|turn|13
|
|t:|1758349084
|move|p1a: Espeon|Alluring Voice|p2a: Samurott
|-supereffective|p2a: Samurott
|-damage|p2a: Samurott|0 fnt
|faint|p2a: Samurott
|
|upkeep
|
|t:|1758349089
|switch|p2a: Landorus|Landorus-Therian, M|55/100
|-ability|p2a: Landorus|Intimidate|boost
|-unboost|p1a: Espeon|atk|1
|turn|14
|
|t:|1758349092
|move|p2a: Landorus|U-turn|p1a: Espeon
|-supereffective|p1a: Espeon
|-damage|p1a: Espeon|0 fnt
|faint|p1a: Espeon
|
|t:|1758349095
|switch|p2a: Volcanion|Volcanion|100/100|[from] U-turn
|
|upkeep
|
|t:|1758349099
|switch|p1a: Armarouge|Armarouge, M|100/100
|-damage|p1a: Armarouge|88/100|[from] Spikes
|turn|15
|
|t:|1758349103
|move|p1a: Armarouge|Endure|p1a: Armarouge
|-singleturn|p1a: Armarouge|move: Endure
|move|p2a: Volcanion|Steam Eruption|p1a: Armarouge
|-supereffective|p1a: Armarouge
|-activate|p1a: Armarouge|move: Endure
|-damage|p1a: Armarouge|1/100
|-enditem|p1a: Armarouge|Weakness Policy
|-boost|p1a: Armarouge|atk|2|[from] item: Weakness Policy
|-boost|p1a: Armarouge|spa|2|[from] item: Weakness Policy
|
|upkeep
|turn|16
|
|t:|1758349108
|move|p1a: Armarouge|Expanding Force|p2a: Volcanion
|-damage|p2a: Volcanion|0 fnt
|faint|p2a: Volcanion
|
|-fieldend|move: Psychic Terrain
|upkeep
|
|t:|1758349113
|switch|p2a: Great Tusk|Great Tusk|100/100
|turn|17
|
|t:|1758349116
|move|p1a: Armarouge|Endure|p1a: Armarouge
|-singleturn|p1a: Armarouge|move: Endure
|move|p2a: Great Tusk|Ice Spinner|p1a: Armarouge
|-resisted|p1a: Armarouge
|-activate|p1a: Armarouge|move: Endure
|-damage|p1a: Armarouge|1/100
|-ability|p1a: Armarouge|Weak Armor|boost
|-unboost|p1a: Armarouge|def|1
|-boost|p1a: Armarouge|spe|2
|
|upkeep
|turn|18
|
|t:|1758349122
|move|p1a: Armarouge|Expanding Force|p2a: Great Tusk
|-supereffective|p2a: Great Tusk
|-damage|p2a: Great Tusk|0 fnt
|faint|p2a: Great Tusk
|-end|p2a: Great Tusk|Protosynthesis|[silent]
|
|upkeep
|
|t:|1758349124
|switch|p2a: Landorus|Landorus-Therian, M|55/100
|-ability|p2a: Landorus|Intimidate|boost
|-unboost|p1a: Armarouge|atk|1
|turn|19
|
|t:|1758349130
|-terastallize|p2a: Landorus|Flying
|move|p1a: Armarouge|Armor Cannon|p2a: Landorus
|-crit|p2a: Landorus
|-damage|p2a: Landorus|0 fnt
|-unboost|p1a: Armarouge|def|1
|-unboost|p1a: Armarouge|spd|1
|faint|p2a: Landorus
|
|win|Hunter_of_Keys
|raw|Hunter_of_Keys's rating: 1420 &rarr; <strong>1439</strong><br />(+19 for winning)
|raw|murder kingdom's rating: 1398 &rarr; <strong>1379</strong><br />(-19 for losing)
|l|☆murder kingdom
|player|p2|
|l|☆Hunter_of_Keys
|player|p1|
