|j|☆Deafoman
|j|☆adinos
|t:|1758354988
|gametype|singles
|player|p1|Deafoman|hoopster|1340
|player|p2|adinos|riley|1320
|gen|9
|tier|[Gen 9] OU
|rated|
|rule|HP Percentage Mod: HP is shown in percentages
|rule|Endless Battle Clause: Forcing endless battles is banned
|rule|Species Clause: Limit one of each Pokémon
|rule|OHKO Clause: OHKO moves are banned
|rule|Evasion Items Clause: Evasion items are banned
|rule|Evasion Moves Clause: Evasion moves are banned
|rule|Evasion Abilities Clause: Evasion abilities are banned
|rule|Sleep Moves Clause: Sleep-inducing moves are banned
|clearpoke
|poke|p1|Skeledirge, F|
|poke|p1|Empoleon, M|
|poke|p1|Kyurem|
|poke|p1|Meowscarada, M|
|poke|p1|Iron Boulder|
|poke|p1|Okidogi, M|
|poke|p2|Zamazenta-*|
|poke|p2|Ninetales-Alola, F|
|poke|p2|Darkrai|
|poke|p2|Ceruledge, F|
|poke|p2|Gliscor, M|
|poke|p2|Hatterene, F|
|teampreview
|inactive|Battle timer is ON: inactive players will automatically lose when time's up. (requested by Deafoman)
|
|t:|1758355015
|teamsize|p1|6
|teamsize|p2|6
|start
|switch|p1a: Okidogi|Okidogi, M|100/100
|switch|p2a: Ninetales|Ninetales-Alola, F|100/100
|-weather|Snowscape|[from] ability: Snow Warning|[of] p2a: Ninetales
|turn|1
|
|t:|1758355023
|move|p2a: Ninetales|Aurora Veil|p2a: Ninetales
|-sidestart|p2: adinos|move: Aurora Veil
|move|p1a: Okidogi|Gunk Shot|p2a: Ninetales
|-supereffective|p2a: Ninetales
|-crit|p2a: Ninetales
|-damage|p2a: Ninetales|0 fnt
|faint|p2a: Ninetales
|
|-weather|Snowscape|[upkeep]
|upkeep
|
|t:|1758355036
|switch|p2a: Darkrai|Darkrai|100/100
|turn|2
|
|t:|1758355040
|move|p2a: Darkrai|Psyshock|p1a: Okidogi
|-supereffective|p1a: Okidogi
|-damage|p1a: Okidogi|7/100
|move|p1a: Okidogi|Bulk Up|p1a: Okidogi
|-boost|p1a: Okidogi|atk|1
|-boost|p1a: Okidogi|def|1
|
|-weather|Snowscape|[upkeep]
|upkeep
|turn|3
|
|t:|1758355045
|move|p2a: Darkrai|Psyshock|p1a: Okidogi
|-supereffective|p1a: Okidogi
|-damage|p1a: Okidogi|0 fnt
|faint|p1a: Okidogi
|
|-weather|Snowscape|[upkeep]
|upkeep
|
|t:|1758355054
|switch|p1a: King|Empoleon, M|100/100
|turn|4
|
|t:|1758355057
|move|p2a: Darkrai|Nasty Plot|p2a: Darkrai
|-boost|p2a: Darkrai|spa|2
|move|p1a: King|Surf|p2a: Darkrai
|-damage|p2a: Darkrai|70/100
|
|-weather|Snowscape|[upkeep]
|-heal|p2a: Darkrai|76/100|[from] item: Leftovers
|upkeep
|turn|5
|
|t:|1758355064
|move|p2a: Darkrai|Focus Blast|p1a: King
|-supereffective|p1a: King
|-damage|p1a: King|0 fnt
|faint|p1a: King
|
|-weather|none
|-heal|p2a: Darkrai|82/100|[from] item: Leftovers
|upkeep
|
|t:|1758355067
|switch|p1a: Kitty Soft Paws|Meowscarada, M|100/100
|turn|6
|
|t:|1758355071
|move|p2a: Darkrai|Focus Blast|p1a: Kitty Soft Paws
|-supereffective|p1a: Kitty Soft Paws
|-damage|p1a: Kitty Soft Paws|0 fnt
|faint|p1a: Kitty Soft Paws
|
|-heal|p2a: Darkrai|88/100|[from] item: Leftovers
|upkeep
|
|t:|1758355074
|switch|p1a: Kyurem|Kyurem, shiny|100/100
|-ability|p1a: Kyurem|Pressure
|turn|7
|c|☆Deafoman|Brain dead team
|
|t:|1758355086
|move|p2a: Darkrai|Focus Blast|p1a: Kyurem
|-supereffective|p1a: Kyurem
|-damage|p1a: Kyurem|0 fnt
|faint|p1a: Kyurem
|
|-heal|p2a: Darkrai|94/100|[from] item: Leftovers
|upkeep
|
|t:|1758355088
|switch|p1a: Iron Boulder|Iron Boulder|100/100
|-enditem|p1a: Iron Boulder|Booster Energy
|-activate|p1a: Iron Boulder|ability: Quark Drive|[fromitem]
|-start|p1a: Iron Boulder|quarkdrivespe
|turn|8
|c|☆adinos|Lol
|
|t:|1758355099
|-terastallize|p1a: Iron Boulder|Fighting
|move|p1a: Iron Boulder|Swords Dance|p1a: Iron Boulder
|-boost|p1a: Iron Boulder|atk|2
|move|p2a: Darkrai|Dark Pulse|p1a: Iron Boulder
|-resisted|p1a: Iron Boulder
|-damage|p1a: Iron Boulder|55/100
|
|-heal|p2a: Darkrai|100/100|[from] item: Leftovers
|-sideend|p2: adinos|move: Aurora Veil
|upkeep
|turn|9
|
|t:|1758355109
|move|p1a: Iron Boulder|Swords Dance|p1a: Iron Boulder
|-boost|p1a: Iron Boulder|atk|2
|move|p2a: Darkrai|Psyshock|p1a: Iron Boulder
|-supereffective|p1a: Iron Boulder
|-damage|p1a: Iron Boulder|0 fnt
|faint|p1a: Iron Boulder
|-end|p1a: Iron Boulder|Quark Drive|[silent]
|
|upkeep
|
|t:|1758355112
|switch|p1a: Skeledirge|Skeledirge, F|100/100
|turn|10
|
|t:|1758355116
|move|p2a: Darkrai|Dark Pulse|p1a: Skeledirge
|-supereffective|p1a: Skeledirge
|-damage|p1a: Skeledirge|29/100
|move|p1a: Skeledirge|Hex|p2a: Darkrai
|-resisted|p2a: Darkrai
|-damage|p2a: Darkrai|82/100
|
|-heal|p2a: Darkrai|88/100|[from] item: Leftovers
|-heal|p1a: Skeledirge|35/100|[from] item: Leftovers
|upkeep
|turn|11
|-message|Deafoman forfeited.
|
|win|adinos
|raw|Deafoman's rating: 1340 &rarr; <strong>1319</strong><br />(-21 for losing)
|raw|adinos's rating: 1320 &rarr; <strong>1341</strong><br />(+21 for winning)
|l|☆Deafoman
|player|p1|
