|j|☆SilkTheSerperior2
|j|☆1bry
|t:|1758306358
|gametype|singles
|player|p1|SilkTheSerperior2|cynthia-gen4|1100
|player|p2|1bry|pokemonranger-gen4|1108
|gen|9
|tier|[Gen 9] OU
|rated|
|rule|HP Percentage Mod: HP is shown in percentages
|rule|Endless Battle Clause: Forcing endless battles is banned
|rule|Species Clause: Limit one of each Pokémon
|rule|OHKO Clause: OHKO moves are banned
|rule|Evasion Items Clause: Evasion items are banned
|rule|Evasion Moves Clause: Evasion moves are banned
|rule|Evasion Abilities Clause: Evasion abilities are banned
|rule|Sleep Moves Clause: Sleep-inducing moves are banned
|clearpoke
|poke|p1|Dragonite, F|
|poke|p1|Dondozo, M|
|poke|p1|Scizor, F|
|poke|p1|Gholdengo|
|poke|p1|Samurott-Hisui, F|
|poke|p1|Weezing-Galar, M|
|poke|p2|Sylveon, M|
|poke|p2|Vaporeon, F|
|poke|p2|Espeon, F|
|poke|p2|Jolteon, M|
|poke|p2|Flareon, M|
|poke|p2|Leafeon, F|
|teampreview
|c|☆SilkTheSerperior2|love the team
|inactive|Battle timer is ON: inactive players will automatically lose when time's up. (requested by 1bry)
|c|☆1bry|ty
|
|t:|1758306385
|teamsize|p1|6
|teamsize|p2|6
|start
|switch|p1a: Samurott|Samurott-Hisui, F|100/100
|switch|p2a: Leafeon|Leafeon, F, shiny|100/100
|turn|1
|
|t:|1758306401
|switch|p1a: Scizor|Scizor, F|100/100
|move|p2a: Leafeon|Sunny Day|p2a: Leafeon
|-weather|SunnyDay
|
|-weather|SunnyDay|[upkeep]
|upkeep
|turn|2
|
|t:|1758306413
|switch|p2a: Vaporeon|Vaporeon, F, shiny|100/100
|move|p1a: Scizor|Dual Wingbeat|p2a: Vaporeon
|-damage|p2a: Vaporeon|61/100
|-damage|p1a: Scizor|84/100|[from] item: Rocky Helmet|[of] p2a: Vaporeon
|-crit|p2a: Vaporeon
|-damage|p2a: Vaporeon|1/100
|-damage|p1a: Scizor|67/100|[from] item: Rocky Helmet|[of] p2a: Vaporeon
|-hitcount|p2a: Vaporeon|2
|
|-weather|SunnyDay|[upkeep]
|upkeep
|turn|3
|
|t:|1758306427
|move|p2a: Vaporeon|Weather Ball|p1a: Scizor
|-supereffective|p1a: Scizor
|-damage|p1a: Scizor|0 fnt
|faint|p1a: Scizor
|
|-weather|SunnyDay|[upkeep]
|upkeep
|
|t:|1758306445
|switch|p1a: Dragonite|Dragonite, F|100/100
|turn|4
|
|t:|1758306461
|move|p1a: Dragonite|Extreme Speed|p2a: Vaporeon
|-damage|p2a: Vaporeon|0 fnt
|-damage|p1a: Dragonite|84/100|[from] item: Rocky Helmet|[of] p2a: Vaporeon
|faint|p2a: Vaporeon
|
|-weather|SunnyDay|[upkeep]
|upkeep
|
|t:|1758306464
|switch|p2a: Espeon|Espeon, F|100/100
|turn|5
|
|t:|1758306477
|switch|p1a: Samurott|Samurott-Hisui, F|100/100
|move|p2a: Espeon|Psychic Terrain|p2a: Espeon
|-fieldstart|move: Psychic Terrain
|
|-weather|SunnyDay|[upkeep]
|upkeep
|turn|6
|
|t:|1758306486
|move|p2a: Espeon|Dazzling Gleam|p1a: Samurott
|-supereffective|p1a: Samurott
|-damage|p1a: Samurott|43/100
|move|p1a: Samurott|Ceaseless Edge|p2a: Espeon
|-supereffective|p2a: Espeon
|-enditem|p2a: Espeon|Focus Sash
|-damage|p2a: Espeon|1/100
|-sidestart|p2: 1bry|Spikes
|
|-weather|SunnyDay|[upkeep]
|upkeep
|turn|7
|
|t:|1758306503
|switch|p1a: Gholdengo|Gholdengo|100/100
|move|p2a: Espeon|Dazzling Gleam|p1a: Gholdengo
|-resisted|p1a: Gholdengo
|-damage|p1a: Gholdengo|84/100
|
|-weather|SunnyDay|[upkeep]
|upkeep
|turn|8
|inactive|1bry has 120 seconds left.
|
|t:|1758306546
|move|p2a: Espeon|Shadow Ball|p1a: Gholdengo
|-supereffective|p1a: Gholdengo
|-damage|p1a: Gholdengo|22/100
|move|p1a: Gholdengo|Make It Rain|p2a: Espeon
|-damage|p2a: Espeon|0 fnt
|-unboost|p1a: Gholdengo|spa|1
|faint|p2a: Espeon
|
|-weather|none
|upkeep
|
|t:|1758306554
|switch|p2a: Leafeon|Leafeon, F, shiny|100/100
|-damage|p2a: Leafeon|88/100|[from] Spikes
|turn|9
|
|t:|1758306574
|switch|p1a: Weezing|Weezing-Galar, M|100/100
|-ability|p1a: Weezing|Neutralizing Gas
|move|p2a: Leafeon|Sunny Day|p2a: Leafeon
|-weather|SunnyDay
|
|-weather|SunnyDay|[upkeep]
|-fieldend|move: Psychic Terrain
|upkeep
|turn|10
|inactive|1bry has 120 seconds left.
|
|t:|1758306591
|move|p2a: Leafeon|Knock Off|p1a: Weezing
|-resisted|p1a: Weezing
|-damage|p1a: Weezing|85/100
|-enditem|p1a: Weezing|Leftovers|[from] move: Knock Off|[of] p2a: Leafeon
|move|p1a: Weezing|Thunderbolt|p2a: Leafeon
|-resisted|p2a: Leafeon
|-crit|p2a: Leafeon
|-damage|p2a: Leafeon|66/100
|-status|p2a: Leafeon|par
|
|-weather|SunnyDay|[upkeep]
|upkeep
|turn|11
|
|t:|1758306603
|move|p1a: Weezing|Dazzling Gleam|p2a: Leafeon
|-damage|p2a: Leafeon|29/100 par
|cant|p2a: Leafeon|par
|
|-weather|SunnyDay|[upkeep]
|upkeep
|turn|12
|inactive|1bry has 120 seconds left.
|
|t:|1758306625
|move|p1a: Weezing|Dazzling Gleam|p2a: Leafeon
|-damage|p2a: Leafeon|0 fnt
|faint|p2a: Leafeon
|
|-weather|SunnyDay|[upkeep]
|upkeep
|
|t:|1758306629
|switch|p2a: Sylveon|Sylveon, M, shiny|100/100
|-damage|p2a: Sylveon|88/100|[from] Spikes
|turn|13
|inactive|1bry has 120 seconds left.
|inactive|SilkTheSerperior2 has 120 seconds left.
|
|t:|1758306671
|-terastallize|p2a: Sylveon|Ground
|move|p1a: Weezing|Will-O-Wisp|p2a: Sylveon
|-status|p2a: Sylveon|brn
|move|p2a: Sylveon|Tera Blast|p1a: Weezing|[anim] Tera Blast Ground
|-supereffective|p1a: Weezing
|-damage|p1a: Weezing|4/100
|
|-weather|SunnyDay|[upkeep]
|-damage|p2a: Sylveon|82/100 brn|[from] brn
|upkeep
|turn|14
|inactive|1bry has 120 seconds left.
|
|t:|1758306689
|move|p1a: Weezing|Pain Split|p2a: Sylveon
|-sethp|p2a: Sylveon|43/100 brn|[from] move: Pain Split|[silent]
|-sethp|p1a: Weezing|48/100|[from] move: Pain Split
|move|p2a: Sylveon|Skill Swap||[still]
|-fail|p2a: Sylveon
|
|-weather|SunnyDay|[upkeep]
|-damage|p2a: Sylveon|36/100 brn|[from] brn
|upkeep
|turn|15
|inactive|1bry has 120 seconds left.
|
|t:|1758306697
|move|p1a: Weezing|Dazzling Gleam|p2a: Sylveon
|-damage|p2a: Sylveon|20/100 brn
|-enditem|p2a: Sylveon|Salac Berry|[eat]
|-boost|p2a: Sylveon|spe|1|[from] item: Salac Berry
|move|p2a: Sylveon|Tera Blast|p1a: Weezing|[anim] Tera Blast Ground
|-supereffective|p1a: Weezing
|-damage|p1a: Weezing|0 fnt
|faint|p1a: Weezing
|-end|p1a: Weezing|ability: Neutralizing Gas
|
|-weather|SunnyDay|[upkeep]
|-damage|p2a: Sylveon|14/100 brn|[from] brn
|upkeep
|
|t:|1758306711
|switch|p1a: Dragonite|Dragonite, F|84/100
|turn|16
|
|t:|1758306721
|-terastallize|p1a: Dragonite|Normal
|move|p1a: Dragonite|Extreme Speed|p2a: Sylveon
|-damage|p2a: Sylveon|0 fnt
|faint|p2a: Sylveon
|
|-weather|none
|upkeep
|
|t:|1758306729
|switch|p2a: Flareon|Flareon, M, shiny|100/100
|-damage|p2a: Flareon|88/100|[from] Spikes
|turn|17
|
|t:|1758306735
|move|p1a: Dragonite|Extreme Speed|p2a: Flareon
|-damage|p2a: Flareon|0 fnt
|faint|p2a: Flareon
|
|upkeep
|
|t:|1758306738
|switch|p2a: Jolteon|Jolteon, M|100/100
|-item|p2a: Jolteon|Air Balloon
|turn|18
|
|t:|1758306743
|move|p1a: Dragonite|Extreme Speed|p2a: Jolteon
|-damage|p2a: Jolteon|0 fnt
|-enditem|p2a: Jolteon|Air Balloon
|faint|p2a: Jolteon
|
|win|SilkTheSerperior2
|raw|SilkTheSerperior2's rating: 1100 &rarr; <strong>1126</strong><br />(+26 for winning)
|raw|1bry's rating: 1108 &rarr; <strong>1082</strong><br />(-26 for losing)
|l|☆1bry
|player|p2|
|c|☆SilkTheSerperior2|gg
|l|☆SilkTheSerperior2
|player|p1|
