|j|☆mcdab
|j|☆MyXoo
|t:|1758361983
|gametype|singles
|player|p1|mcdab|266|1423
|player|p2|MyXoo|bea|1400
|gen|9
|tier|[Gen 9] OU
|rated|
|rule|HP Percentage Mod: HP is shown in percentages
|rule|Endless Battle Clause: Forcing endless battles is banned
|rule|Species Clause: Limit one of each Pokémon
|rule|OHKO Clause: OHKO moves are banned
|rule|Evasion Items Clause: Evasion items are banned
|rule|Evasion Moves Clause: Evasion moves are banned
|rule|Evasion Abilities Clause: Evasion abilities are banned
|rule|Sleep Moves Clause: Sleep-inducing moves are banned
|clearpoke
|poke|p1|Heatran, M|
|poke|p1|Zamazenta-*|
|poke|p1|Serperior, F|
|poke|p1|Landorus-Therian, M|
|poke|p1|Mamoswine, M|
|poke|p1|Greninja-*, F|
|poke|p2|Samurott-Hisui, F|
|poke|p2|Scizor, M|
|poke|p2|Dragapult, F|
|poke|p2|Kingambit, M|
|poke|p2|Landorus-Therian, M|
|poke|p2|Iron Valiant|
|teampreview
|
|t:|1758361999
|teamsize|p1|6
|teamsize|p2|6
|start
|switch|p1a: Zamazenta|Zamazenta|100/100
|switch|p2a: Samurott|Samurott-Hisui, F|100/100
|-ability|p1a: Zamazenta|Dauntless Shield|boost
|-boost|p1a: Zamazenta|def|1
|turn|1
|
|t:|1758362028
|switch|p2a: Dragapult|Dragapult, F|100/100
|move|p1a: Zamazenta|Body Press|p2a: Dragapult
|-immune|p2a: Dragapult
|
|upkeep
|turn|2
|
|t:|1758362038
|switch|p1a: Heatran|Heatran, M|100/100
|move|p2a: Dragapult|Draco Meteor|p1a: Heatran
|-resisted|p1a: Heatran
|-damage|p1a: Heatran|52/100
|-unboost|p2a: Dragapult|spa|2
|
|upkeep
|turn|3
|
|t:|1758362055
|switch|p2a: Samurott|Samurott-Hisui, F|100/100
|move|p1a: Heatran|Fire Blast|p2a: Samurott
|-resisted|p2a: Samurott
|-damage|p2a: Samurott|31/100
|
|upkeep
|turn|4
|
|t:|1758362066
|switch|p1a: Zamazenta|Zamazenta|100/100
|move|p2a: Samurott|Razor Shell|p1a: Zamazenta
|-damage|p1a: Zamazenta|73/100
|-damage|p2a: Samurott|15/100|[from] item: Rocky Helmet|[of] p1a: Zamazenta
|
|upkeep
|turn|5
|
|t:|1758362076
|switch|p2a: Dragapult|Dragapult, F|100/100
|move|p1a: Zamazenta|Crunch|p2a: Dragapult
|-supereffective|p2a: Dragapult
|-damage|p2a: Dragapult|43/100
|-unboost|p2a: Dragapult|def|1
|
|upkeep
|turn|6
|
|t:|1758362085
|move|p2a: Dragapult|Draco Meteor|p1a: Zamazenta
|-damage|p1a: Zamazenta|2/100
|-unboost|p2a: Dragapult|spa|2
|move|p1a: Zamazenta|Crunch|p2a: Dragapult
|-supereffective|p2a: Dragapult
|-damage|p2a: Dragapult|0 fnt
|faint|p2a: Dragapult
|
|upkeep
|
|t:|1758362099
|switch|p2a: Samurott|Samurott-Hisui, F|15/100
|turn|7
|
|t:|1758362102
|move|p2a: Samurott|Sucker Punch|p1a: Zamazenta
|-resisted|p1a: Zamazenta
|-damage|p1a: Zamazenta|0 fnt
|-damage|p2a: Samurott|0 fnt|[from] item: Rocky Helmet|[of] p1a: Zamazenta
|faint|p1a: Zamazenta
|faint|p2a: Samurott
|
|upkeep
|
|t:|1758362124
|switch|p1a: Greninja|Greninja, F|100/100
|switch|p2a: Scizor|Scizor, M|100/100
|turn|8
|
|t:|1758362131
|move|p1a: Greninja|Hydro Pump|p2a: Scizor
|-start|p1a: Greninja|typechange|Water|[from] ability: Protean
|-damage|p2a: Scizor|1/100
|move|p2a: Scizor|Close Combat|p1a: Greninja
|-damage|p1a: Greninja|0 fnt
|-unboost|p2a: Scizor|def|1
|-unboost|p2a: Scizor|spd|1
|faint|p1a: Greninja
|-damage|p2a: Scizor|0 fnt|[from] item: Life Orb
|faint|p2a: Scizor
|
|upkeep
|
|t:|1758362164
|switch|p1a: Mamoswine|Mamoswine, M|100/100
|switch|p2a: Landorus|Landorus-Therian, M|100/100
|-ability|p2a: Landorus|Intimidate|boost
|-fail|p1a: Mamoswine|unboost|Attack|[from] ability: Oblivious|[of] p1a: Mamoswine
|turn|9
|
|t:|1758362191
|-terastallize|p2a: Landorus|Flying
|move|p1a: Mamoswine|Ice Shard|p2a: Landorus
|-supereffective|p2a: Landorus
|-damage|p2a: Landorus|49/100
|move|p2a: Landorus|Tera Blast|p1a: Mamoswine|[anim] Tera Blast Flying
|-damage|p1a: Mamoswine|31/100
|
|upkeep
|turn|10
|
|t:|1758362216
|switch|p2a: Iron Valiant|Iron Valiant|100/100
|-enditem|p2a: Iron Valiant|Booster Energy
|-activate|p2a: Iron Valiant|ability: Quark Drive|[fromitem]
|-start|p2a: Iron Valiant|quarkdrivespe
|move|p1a: Mamoswine|Ice Shard|p2a: Iron Valiant
|-damage|p2a: Iron Valiant|75/100
|
|upkeep
|turn|11
|
|t:|1758362224
|move|p2a: Iron Valiant|Calm Mind|p2a: Iron Valiant
|-boost|p2a: Iron Valiant|spa|1
|-boost|p2a: Iron Valiant|spd|1
|move|p1a: Mamoswine|Icicle Crash|p2a: Iron Valiant
|-damage|p2a: Iron Valiant|12/100
|
|upkeep
|turn|12
|
|t:|1758362239
|move|p2a: Iron Valiant|Vacuum Wave|p1a: Mamoswine
|-supereffective|p1a: Mamoswine
|-crit|p1a: Mamoswine
|-damage|p1a: Mamoswine|0 fnt
|faint|p1a: Mamoswine
|
|upkeep
|
|t:|1758362244
|switch|p1a: Landorus|Landorus-Therian, M|100/100
|-ability|p1a: Landorus|Intimidate|boost
|-unboost|p2a: Iron Valiant|atk|1
|turn|13
|
|t:|1758362264
|move|p2a: Iron Valiant|Moonblast|p1a: Landorus
|-damage|p1a: Landorus|17/100
|move|p1a: Landorus|Earthquake|p2a: Iron Valiant
|-damage|p2a: Iron Valiant|0 fnt
|faint|p2a: Iron Valiant
|-end|p2a: Iron Valiant|Quark Drive|[silent]
|
|upkeep
|
|t:|1758362273
|switch|p2a: Landorus|Landorus-Therian, M, tera:Flying|49/100
|-ability|p2a: Landorus|Intimidate|boost
|-unboost|p1a: Landorus|atk|1
|turn|14
|l|☆mcdab
|player|p1|
|inactive|Battle timer is ON: inactive players will automatically lose when time's up. (requested by MyXoo)
|inactive|mcdab has 30 seconds to reconnect!
|inactive|mcdab has 20 seconds to reconnect!
|inactive|mcdab has 15 seconds to reconnect!
|inactive|mcdab has 10 seconds to reconnect!
|inactive|mcdab has 5 seconds to reconnect!
|-message|mcdab lost due to inactivity.
|
|win|MyXoo
|raw|mcdab's rating: 1423 &rarr; <strong>1402</strong><br />(-21 for losing)
|raw|MyXoo's rating: 1400 &rarr; <strong>1421</strong><br />(+21 for winning)
