|j|☆chovynhooo
|j|☆Shattersong
|t:|1758295203
|gametype|singles
|player|p1|chovynhooo|benga|1251
|player|p2|Shattersong|2|1287
|gen|9
|tier|[Gen 9] OU
|rated|
|rule|HP Percentage Mod: HP is shown in percentages
|rule|Endless Battle Clause: Forcing endless battles is banned
|rule|Species Clause: Limit one of each Pokémon
|rule|OHKO Clause: OHKO moves are banned
|rule|Evasion Items Clause: Evasion items are banned
|rule|Evasion Moves Clause: Evasion moves are banned
|rule|Evasion Abilities Clause: Evasion abilities are banned
|rule|Sleep Moves Clause: Sleep-inducing moves are banned
|clearpoke
|poke|p1|Ribombee, M|
|poke|p1|Cinderace, F|
|poke|p1|Serperior, M|
|poke|p1|Moltres|
|poke|p1|Dragonite, F|
|poke|p1|Bisharp, M|
|poke|p2|Ribombee, F|
|poke|p2|Smeargle, M|
|poke|p2|Serperior, F|
|poke|p2|Malamar, M|
|poke|p2|Empoleon, F|
|poke|p2|Kingambit, M|
|teampreview
|
|t:|1758295210
|teamsize|p1|6
|teamsize|p2|6
|start
|switch|p1a: Ribombee|Ribombee, M|100/100
|switch|p2a: Kai|Smeargle, M|100/100
|turn|1
|
|t:|1758295216
|move|p1a: Ribombee|Stun Spore|p2a: Kai
|-status|p2a: Kai|par
|move|p2a: Kai|Aeroblast|p1a: Ribombee
|-supereffective|p1a: Ribombee
|-damage|p1a: Ribombee|55/100
|
|upkeep
|turn|2
|
|t:|1758295222
|move|p1a: Ribombee|Sticky Web|p2a: Kai
|-sidestart|p2: Shattersong|move: Sticky Web
|move|p2a: Kai|Aeroblast|p1a: Ribombee
|-supereffective|p1a: Ribombee
|-damage|p1a: Ribombee|7/100
|
|upkeep
|turn|3
|
|t:|1758295233
|move|p1a: Ribombee|Moonblast|p2a: Kai
|-enditem|p2a: Kai|Focus Sash
|-damage|p2a: Kai|1/100 par
|-unboost|p2a: Kai|spa|1
|move|p2a: Kai|Aeroblast|p1a: Ribombee
|-supereffective|p1a: Ribombee
|-damage|p1a: Ribombee|0 fnt
|faint|p1a: Ribombee
|
|upkeep
|
|t:|1758295240
|switch|p1a: Dragonite|Dragonite, F|100/100
|turn|4
|
|t:|1758295245
|move|p1a: Dragonite|Extreme Speed|p2a: Kai
|-damage|p2a: Kai|0 fnt
|faint|p2a: Kai
|
|upkeep
|
|t:|1758295254
|switch|p2a: Jade|Empoleon, F|100/100
|-activate|p2a: Jade|move: Sticky Web
|-unboost|p2a: Jade|spe|1
|-ability|p2a: Jade|Competitive|boost
|-boost|p2a: Jade|spa|2
|turn|5
|
|t:|1758295262
|move|p1a: Dragonite|Earthquake|p2a: Jade
|-supereffective|p2a: Jade
|-damage|p2a: Jade|27/100
|move|p2a: Jade|Ice Beam|p1a: Dragonite
|-supereffective|p1a: Dragonite
|-damage|p1a: Dragonite|0 fnt
|faint|p1a: Dragonite
|
|upkeep
|
|t:|1758295268
|switch|p1a: Serperior|Serperior, M|100/100
|turn|6
|
|t:|1758295271
|move|p1a: Serperior|Leaf Storm|p2a: Jade
|-damage|p2a: Jade|0 fnt
|-boost|p1a: Serperior|spa|2
|faint|p2a: Jade
|
|upkeep
|
|t:|1758295278
|switch|p2a: Kingambit|Kingambit, M|100/100
|-activate|p2a: Kingambit|move: Sticky Web
|-unboost|p2a: Kingambit|spe|1
|-ability|p2a: Kingambit|Defiant|boost
|-boost|p2a: Kingambit|atk|2
|turn|7
|
|t:|1758295307
|-terastallize|p1a: Serperior|Fire
|-terastallize|p2a: Kingambit|Fire
|move|p1a: Serperior|Tera Blast|p2a: Kingambit|[anim] Tera Blast Fire
|-resisted|p2a: Kingambit
|-damage|p2a: Kingambit|83/100
|move|p2a: Kingambit|Tera Blast|p1a: Serperior|[anim] Tera Blast Fire
|-resisted|p1a: Serperior
|-damage|p1a: Serperior|42/100
|
|-heal|p1a: Serperior|48/100|[from] item: Leftovers
|upkeep
|turn|8
|
|t:|1758295319
|move|p1a: Serperior|Dragon Pulse|p2a: Kingambit
|-damage|p2a: Kingambit|57/100
|move|p2a: Kingambit|Kowtow Cleave|p1a: Serperior
|-damage|p1a: Serperior|0 fnt
|faint|p1a: Serperior
|
|upkeep
|
|t:|1758295329
|switch|p1a: Moltres|Moltres|100/100
|turn|9
|
|t:|1758295333
|move|p2a: Kingambit|Poison Jab|p1a: Moltres
|-damage|p1a: Moltres|57/100
|move|p1a: Moltres|Roar|p2a: Kingambit
|drag|p2a: Xerosic|Malamar, M|100/100
|-activate|p2a: Xerosic|move: Sticky Web
|-boost|p2a: Xerosic|spe|1
|
|upkeep
|turn|10
|
|t:|1758295344
|move|p2a: Xerosic|Knock Off|p1a: Moltres
|-damage|p1a: Moltres|28/100
|-enditem|p1a: Moltres|Heavy-Duty Boots|[from] move: Knock Off|[of] p2a: Xerosic
|move|p1a: Moltres|Flamethrower|p2a: Xerosic
|-damage|p2a: Xerosic|60/100
|
|-heal|p2a: Xerosic|66/100|[from] item: Leftovers
|upkeep
|turn|11
|
|t:|1758295355
|move|p2a: Xerosic|Superpower|p1a: Moltres
|-resisted|p1a: Moltres
|-damage|p1a: Moltres|15/100
|-boost|p2a: Xerosic|atk|1
|-boost|p2a: Xerosic|def|1
|move|p1a: Moltres|Roost|p1a: Moltres
|-heal|p1a: Moltres|65/100
|-singleturn|p1a: Moltres|move: Roost
|
|-heal|p2a: Xerosic|72/100|[from] item: Leftovers
|upkeep
|turn|12
|
|t:|1758295405
|move|p2a: Xerosic|Psycho Cut|p1a: Moltres
|-damage|p1a: Moltres|32/100
|move|p1a: Moltres|Roar|p2a: Xerosic
|drag|p2a: Moonlight|Ribombee, F, shiny|100/100
|-activate|p2a: Moonlight|move: Sticky Web
|-unboost|p2a: Moonlight|spe|1
|
|upkeep
|turn|13
|
|t:|1758295414
|move|p2a: Moonlight|Psychic Noise|p1a: Moltres
|-damage|p1a: Moltres|10/100
|-start|p1a: Moltres|move: Heal Block
|move|p1a: Moltres|Flamethrower|p2a: Moonlight
|-supereffective|p2a: Moonlight
|-enditem|p2a: Moonlight|Focus Sash
|-damage|p2a: Moonlight|1/100
|
|upkeep
|turn|14
|
|t:|1758295424
|switch|p1a: Bisharp|Bisharp, M|100/100
|move|p2a: Moonlight|Sticky Web|p1a: Bisharp
|-sidestart|p1: chovynhooo|move: Sticky Web
|
|upkeep
|turn|15
|
|t:|1758295430
|move|p2a: Moonlight|Moonblast|p1a: Bisharp
|-damage|p1a: Bisharp|62/100
|move|p1a: Bisharp|Swords Dance|p1a: Bisharp
|-boost|p1a: Bisharp|atk|2
|
|upkeep
|turn|16
|
|t:|1758295436
|move|p2a: Moonlight|Moonblast|p1a: Bisharp
|-damage|p1a: Bisharp|20/100
|move|p1a: Bisharp|Throat Chop|p2a: Moonlight
|-resisted|p2a: Moonlight
|-damage|p2a: Moonlight|0 fnt
|faint|p2a: Moonlight
|
|upkeep
|
|t:|1758295443
|switch|p2a: Kingambit|Kingambit, M, tera:Fire|57/100
|-activate|p2a: Kingambit|move: Sticky Web
|-unboost|p2a: Kingambit|spe|1
|-ability|p2a: Kingambit|Defiant|boost
|-boost|p2a: Kingambit|atk|2
|turn|17
|inactive|Battle timer is ON: inactive players will automatically lose when time's up. (requested by Shattersong)
|inactive|chovynhooo has 120 seconds left.
|inactive|chovynhooo has 90 seconds left.
|inactive|chovynhooo has 60 seconds left.
|inactive|chovynhooo has 30 seconds left.
|inactive|chovynhooo has 20 seconds left.
|inactive|chovynhooo has 15 seconds left.
|inactive|chovynhooo has 10 seconds left.
|inactive|chovynhooo has 5 seconds left.
|-message|chovynhooo lost due to inactivity.
|
|win|Shattersong
|raw|chovynhooo's rating: 1251 &rarr; <strong>1229</strong><br />(-22 for losing)
|raw|Shattersong's rating: 1287 &rarr; <strong>1309</strong><br />(+22 for winning)
|l|☆Shattersong
|player|p2|
