|j|☆Chris466
|j|☆Dylphin
|t:|1758344839
|gametype|singles
|player|p1|Chris466|red|1288
|player|p2|Dylphin|sailor|1336
|gen|9
|tier|[Gen 9] OU
|rated|
|rule|HP Percentage Mod: HP is shown in percentages
|rule|Endless Battle Clause: Forcing endless battles is banned
|rule|Species Clause: Limit one of each Pokémon
|rule|OHKO Clause: OHKO moves are banned
|rule|Evasion Items Clause: Evasion items are banned
|rule|Evasion Moves Clause: Evasion moves are banned
|rule|Evasion Abilities Clause: Evasion abilities are banned
|rule|Sleep Moves Clause: Sleep-inducing moves are banned
|clearpoke
|poke|p1|Iron Crown|
|poke|p1|Iron Hands|
|poke|p1|Kyurem|
|poke|p1|Gholdengo|
|poke|p1|Gliscor, F|
|poke|p1|Samurott-Hisui, M|
|poke|p2|Azumarill, M|
|poke|p2|Dragonite, M|
|poke|p2|Raging Bolt|
|poke|p2|Cinderace, F|
|poke|p2|Iron Jugulis|
|poke|p2|Gholdengo|
|teampreview
|inactive|Battle timer is ON: inactive players will automatically lose when time's up. (requested by Dylphin)
|
|t:|1758344850
|teamsize|p1|6
|teamsize|p2|6
|start
|switch|p1a: Kyurem|Kyurem|100/100
|switch|p2a: iJugs|Iron Jugulis|100/100
|-ability|p1a: Kyurem|Pressure
|turn|1
|
|t:|1758344862
|move|p2a: iJugs|Focus Blast|p1a: Kyurem|[miss]
|-miss|p2a: iJugs|p1a: Kyurem
|move|p1a: Kyurem|Ice Beam|p2a: iJugs
|-supereffective|p2a: iJugs
|-damage|p2a: iJugs|0 fnt
|faint|p2a: iJugs
|-end|p2a: iJugs|Quark Drive|[silent]
|
|upkeep
|
|t:|1758344865
|switch|p2a: Bring da Boom|Azumarill, M, shiny|100/100
|turn|2
|c|☆Chris466|Phew
|
|t:|1758344873
|-terastallize|p1a: Kyurem|Ice
|move|p1a: Kyurem|Freeze-Dry|p2a: Bring da Boom
|-supereffective|p2a: Bring da Boom
|-crit|p2a: Bring da Boom
|-damage|p2a: Bring da Boom|0 fnt
|faint|p2a: Bring da Boom
|
|upkeep
|
|t:|1758344880
|switch|p2a: Bugs|Cinderace, F|100/100
|turn|3
|
|t:|1758344884
|switch|p1a: Samurott|Samurott-Hisui, M|100/100
|move|p2a: Bugs|Pyro Ball|p1a: Samurott
|-resisted|p1a: Samurott
|-damage|p1a: Samurott|72/100
|
|-heal|p1a: Samurott|78/100|[from] item: Leftovers
|upkeep
|turn|4
|
|t:|1758344888
|move|p2a: Bugs|Will-O-Wisp|p1a: Samurott
|-status|p1a: Samurott|brn
|move|p1a: Samurott|Flip Turn|p2a: Bugs
|-supereffective|p2a: Bugs
|-damage|p2a: Bugs|63/100
|
|t:|1758344895
|switch|p1a: Iron Crown|Iron Crown|100/100|[from] Flip Turn
|-enditem|p1a: Iron Crown|Booster Energy
|-activate|p1a: Iron Crown|ability: Quark Drive|[fromitem]
|-start|p1a: Iron Crown|quarkdrivespe
|
|upkeep
|turn|5
|
|t:|1758344903
|move|p1a: Iron Crown|Psyshock|p2a: Bugs
|-damage|p2a: Bugs|13/100
|move|p2a: Bugs|Pyro Ball|p1a: Iron Crown
|-supereffective|p1a: Iron Crown
|-damage|p1a: Iron Crown|0 fnt
|faint|p1a: Iron Crown
|-end|p1a: Iron Crown|Quark Drive|[silent]
|
|upkeep
|
|t:|1758344906
|switch|p1a: Samurott|Samurott-Hisui, M|78/100 brn
|turn|6
|
|t:|1758344908
|move|p1a: Samurott|Aqua Jet|p2a: Bugs
|-supereffective|p2a: Bugs
|-damage|p2a: Bugs|0 fnt
|faint|p2a: Bugs
|
|-heal|p1a: Samurott|84/100 brn|[from] item: Leftovers
|-damage|p1a: Samurott|78/100 brn|[from] brn
|upkeep
|
|t:|1758344911
|switch|p2a: Neverender|Raging Bolt|100/100
|-enditem|p2a: Neverender|Booster Energy
|-activate|p2a: Neverender|ability: Protosynthesis|[fromitem]
|-start|p2a: Neverender|protosynthesisspa
|turn|7
|
|t:|1758344915
|switch|p1a: Iron Hands|Iron Hands|100/100
|move|p2a: Neverender|Calm Mind|p2a: Neverender
|-boost|p2a: Neverender|spa|1
|-boost|p2a: Neverender|spd|1
|
|upkeep
|turn|8
|
|t:|1758344918
|move|p2a: Neverender|Dragon Pulse|p1a: Iron Hands
|-damage|p1a: Iron Hands|38/100
|move|p1a: Iron Hands|Earthquake|p2a: Neverender
|-supereffective|p2a: Neverender
|-damage|p2a: Neverender|39/100
|
|upkeep
|turn|9
|
|t:|1758344924
|move|p2a: Neverender|Dragon Pulse|p1a: Iron Hands
|-damage|p1a: Iron Hands|0 fnt
|faint|p1a: Iron Hands
|-end|p1a: Iron Hands|Quark Drive|[silent]
|
|upkeep
|
|t:|1758344925
|switch|p1a: Gliscor|Gliscor, F|100/100
|turn|10
|
|t:|1758344927
|move|p1a: Gliscor|Earthquake|p2a: Neverender
|-supereffective|p2a: Neverender
|-damage|p2a: Neverender|0 fnt
|faint|p2a: Neverender
|-end|p2a: Neverender|Protosynthesis|[silent]
|
|-status|p1a: Gliscor|tox|[from] item: Toxic Orb
|upkeep
|
|t:|1758344930
|switch|p2a: Apple Jack|Gholdengo|100/100
|turn|11
|
|t:|1758344932
|move|p2a: Apple Jack|Trick|p1a: Gliscor
|-activate|p2a: Apple Jack|move: Trick|[of] p1a: Gliscor
|-item|p1a: Gliscor|Choice Scarf|[from] move: Trick
|-item|p2a: Apple Jack|Toxic Orb|[from] move: Trick
|move|p1a: Gliscor|Earthquake|p2a: Apple Jack
|-supereffective|p2a: Apple Jack
|-damage|p2a: Apple Jack|26/100
|
|upkeep
|turn|12
|
|t:|1758344939
|switch|p1a: Samurott|Samurott-Hisui, M|78/100 brn
|move|p2a: Apple Jack|Shadow Ball|p1a: Samurott
|-resisted|p1a: Samurott
|-damage|p1a: Samurott|56/100 brn
|-unboost|p1a: Samurott|spd|1
|
|-heal|p1a: Samurott|62/100 brn|[from] item: Leftovers
|-damage|p1a: Samurott|56/100 brn|[from] brn
|upkeep
|turn|13
|
|t:|1758344942
|move|p2a: Apple Jack|Focus Blast|p1a: Samurott
|-supereffective|p1a: Samurott
|-damage|p1a: Samurott|0 fnt
|faint|p1a: Samurott
|
|upkeep
|
|t:|1758344945
|switch|p1a: Kyurem|Kyurem, tera:Ice|100/100
|-ability|p1a: Kyurem|Pressure
|turn|14
|
|t:|1758344952
|move|p1a: Kyurem|Earth Power|p2a: Apple Jack
|-supereffective|p2a: Apple Jack
|-damage|p2a: Apple Jack|0 fnt
|faint|p2a: Apple Jack
|
|upkeep
|
|t:|1758344955
|switch|p2a: Puff|Dragonite, M|100/100
|turn|15
|
|t:|1758344963
|-terastallize|p2a: Puff|Normal
|move|p1a: Kyurem|Ice Beam|p2a: Puff
|-damage|p2a: Puff|66/100
|move|p2a: Puff|Dragon Dance|p2a: Puff
|-boost|p2a: Puff|atk|1
|-boost|p2a: Puff|spe|1
|
|upkeep
|turn|16
|
|t:|1758344973
|move|p2a: Puff|Iron Head|p1a: Kyurem
|-supereffective|p1a: Kyurem
|-damage|p1a: Kyurem|18/100
|move|p1a: Kyurem|Draco Meteor|p2a: Puff
|-damage|p2a: Puff|0 fnt
|-unboost|p1a: Kyurem|spa|2
|faint|p2a: Puff
|
|win|Chris466
|raw|Chris466's rating: 1288 &rarr; <strong>1316</strong><br />(+28 for winning)
|raw|Dylphin's rating: 1336 &rarr; <strong>1313</strong><br />(-23 for losing)
|l|☆Dylphin
|player|p2|
