|j|☆addycedo
|j|☆Penguin23434
|t:|1758375471
|gametype|singles
|player|p1|addycedo|hugh|1144
|player|p2|Penguin23434|lucas-gen4pt|1169
|gen|9
|tier|[Gen 9] OU
|rated|
|rule|HP Percentage Mod: HP is shown in percentages
|rule|Endless Battle Clause: Forcing endless battles is banned
|rule|Species Clause: Limit one of each Pokémon
|rule|OHKO Clause: OHKO moves are banned
|rule|Evasion Items Clause: Evasion items are banned
|rule|Evasion Moves Clause: Evasion moves are banned
|rule|Evasion Abilities Clause: Evasion abilities are banned
|rule|Sleep Moves Clause: Sleep-inducing moves are banned
|clearpoke
|poke|p1|Glimmora, M|
|poke|p1|Iron Valiant|
|poke|p1|Gholdengo|
|poke|p1|Zamazenta-*|
|poke|p1|Dragonite, M|
|poke|p1|Dragapult, F|
|poke|p2|Gliscor, M|
|poke|p2|Ogerpon-Wellspring, F|
|poke|p2|Gholdengo|
|poke|p2|Clefable, F|
|poke|p2|Zamazenta-*|
|poke|p2|Corviknight, M|
|teampreview
|
|t:|1758375489
|teamsize|p1|6
|teamsize|p2|6
|start
|switch|p1a: Lazuli|Glimmora, M, shiny|100/100
|switch|p2a: Gholdengo|Gholdengo|100/100
|turn|1
|
|t:|1758375502
|move|p2a: Gholdengo|Trick|p1a: Lazuli
|-activate|p2a: Gholdengo|move: Trick|[of] p1a: Lazuli
|-item|p1a: Lazuli|Choice Scarf|[from] move: Trick
|-item|p2a: Gholdengo|Focus Sash|[from] move: Trick
|move|p1a: Lazuli|Stealth Rock|p2a: Gholdengo
|-sidestart|p2: Penguin23434|move: Stealth Rock
|
|upkeep
|turn|2
|
|t:|1758375516
|switch|p1a: Shrekonite|Dragonite, M, shiny|100/100
|move|p2a: Gholdengo|Nasty Plot|p2a: Gholdengo
|-boost|p2a: Gholdengo|spa|2
|
|upkeep
|turn|3
|
|t:|1758375523
|move|p1a: Shrekonite|Fire Punch|p2a: Gholdengo
|-supereffective|p2a: Gholdengo
|-damage|p2a: Gholdengo|40/100
|move|p2a: Gholdengo|Shadow Ball|p1a: Shrekonite
|-damage|p1a: Shrekonite|9/100
|-unboost|p1a: Shrekonite|spd|1
|
|upkeep
|turn|4
|
|t:|1758375534
|move|p1a: Shrekonite|Extreme Speed|p2a: Gholdengo
|-immune|p2a: Gholdengo
|move|p2a: Gholdengo|Shadow Ball|p1a: Shrekonite
|-damage|p1a: Shrekonite|0 fnt
|faint|p1a: Shrekonite
|
|upkeep
|c|☆addycedo|holy misclick
|
|t:|1758375544
|switch|p1a: Zack|Zamazenta|100/100
|-ability|p1a: Zack|Dauntless Shield|boost
|-boost|p1a: Zack|def|1
|turn|5
|
|t:|1758375554
|move|p1a: Zack|Iron Defense|p1a: Zack
|-boost|p1a: Zack|def|2
|move|p2a: Gholdengo|Make It Rain|p1a: Zack
|-damage|p1a: Zack|0 fnt
|-unboost|p2a: Gholdengo|spa|1
|faint|p1a: Zack
|
|upkeep
|-message|addycedo forfeited.
|
|win|Penguin23434
|raw|addycedo's rating: 1144 &rarr; <strong>1121</strong><br />(-23 for losing)
|raw|Penguin23434's rating: 1169 &rarr; <strong>1192</strong><br />(+23 for winning)
|l|☆addycedo
|player|p1|
