|j|☆Trificient
|j|☆PoliwrathRocks1
|t:|1758321562
|gametype|singles
|player|p1|Trificient|265|1042
|player|p2|PoliwrathRocks1|blue|1019
|gen|9
|tier|[Gen 9] OU
|rated|
|rule|HP Percentage Mod: HP is shown in percentages
|rule|Endless Battle Clause: Forcing endless battles is banned
|rule|Species Clause: Limit one of each Pokémon
|rule|OHKO Clause: OHKO moves are banned
|rule|Evasion Items Clause: Evasion items are banned
|rule|Evasion Moves Clause: Evasion moves are banned
|rule|Evasion Abilities Clause: Evasion abilities are banned
|rule|Sleep Moves Clause: Sleep-inducing moves are banned
|clearpoke
|poke|p1|Ribombee, M|
|poke|p1|Skarmory, M|
|poke|p1|Indeedee, M|
|poke|p1|Toxapex, F|
|poke|p1|Toxtricity, M|
|poke|p1|Hawlucha, M|
|poke|p2|Scizor, M|
|poke|p2|Latias, F|
|poke|p2|Magnezone|
|poke|p2|Moltres|
|poke|p2|Iron Valiant|
|poke|p2|Flygon, M|
|teampreview
|inactive|Battle timer is ON: inactive players will automatically lose when time's up. (requested by Trificient)
|
|t:|1758321574
|teamsize|p1|6
|teamsize|p2|6
|start
|switch|p1a: Ribombee|Ribombee, M|100/100
|switch|p2a: Sonic R|Magnezone|100/100
|turn|1
|
|t:|1758321586
|move|p1a: Ribombee|Sticky Web|p2a: Sonic R
|-sidestart|p2: PoliwrathRocks1|move: Sticky Web
|move|p2a: Sonic R|Thunderbolt|p1a: Ribombee
|-enditem|p1a: Ribombee|Focus Sash
|-damage|p1a: Ribombee|1/100
|
|upkeep
|turn|2
|
|t:|1758321593
|move|p1a: Ribombee|Tailwind|p1a: Ribombee
|-sidestart|p1: Trificient|move: Tailwind
|move|p2a: Sonic R|Thunderbolt|p1a: Ribombee
|-damage|p1a: Ribombee|0 fnt
|faint|p1a: Ribombee
|
|upkeep
|
|t:|1758321602
|switch|p1a: Toxtricity|Toxtricity, M|100/100
|turn|3
|
|t:|1758321611
|move|p1a: Toxtricity|Shift Gear|p1a: Toxtricity
|-boost|p1a: Toxtricity|spe|2
|-boost|p1a: Toxtricity|atk|1
|move|p2a: Sonic R|Thunderbolt|p1a: Toxtricity
|-resisted|p1a: Toxtricity
|-damage|p1a: Toxtricity|42/100
|
|upkeep
|turn|4
|
|t:|1758321617
|move|p1a: Toxtricity|Boomburst|p2a: Sonic R
|-resisted|p2a: Sonic R
|-damage|p2a: Sonic R|65/100
|-enditem|p1a: Toxtricity|Throat Spray
|-boost|p1a: Toxtricity|spa|1|[from] item: Throat Spray
|move|p2a: Sonic R|Thunderbolt|p1a: Toxtricity
|-resisted|p1a: Toxtricity
|-damage|p1a: Toxtricity|0 fnt
|faint|p1a: Toxtricity
|
|upkeep
|
|t:|1758321630
|switch|p1a: Hawlucha|Hawlucha, M|100/100
|turn|5
|
|t:|1758321634
|move|p1a: Hawlucha|Close Combat|p2a: Sonic R
|-supereffective|p2a: Sonic R
|-damage|p2a: Sonic R|0 fnt
|-unboost|p1a: Hawlucha|def|1
|-unboost|p1a: Hawlucha|spd|1
|faint|p2a: Sonic R
|-enditem|p1a: Hawlucha|White Herb
|-clearnegativeboost|p1a: Hawlucha|[silent]
|
|-sideend|p1: Trificient|move: Tailwind
|upkeep
|
|t:|1758321653
|switch|p2a: Gold Ship|Latias, F|100/100
|turn|6
|
|t:|1758321658
|move|p1a: Hawlucha|U-turn|p2a: Gold Ship
|-supereffective|p2a: Gold Ship
|-damage|p2a: Gold Ship|67/100
|-enditem|p2a: Gold Ship|Weakness Policy
|-boost|p2a: Gold Ship|atk|2|[from] item: Weakness Policy
|-boost|p2a: Gold Ship|spa|2|[from] item: Weakness Policy
|
|t:|1758321663
|switch|p1a: Toxapex|Toxapex, F|100/100|[from] U-turn
|move|p2a: Gold Ship|Agility|p2a: Gold Ship
|-boost|p2a: Gold Ship|spe|2
|
|upkeep
|turn|7
|
|t:|1758321680
|move|p2a: Gold Ship|Agility|p2a: Gold Ship
|-boost|p2a: Gold Ship|spe|2
|move|p1a: Toxapex|Haze|p1a: Toxapex
|-clearallboost
|
|upkeep
|turn|8
|
|t:|1758321696
|switch|p2a: still good maybe|Flygon, M|100/100
|move|p1a: Toxapex|Gunk Shot|p2a: still good maybe
|-resisted|p2a: still good maybe
|-damage|p2a: still good maybe|77/100
|
|-heal|p2a: still good maybe|83/100|[from] item: Leftovers
|upkeep
|turn|9
|
|t:|1758321703
|switch|p1a: Skarmory|Skarmory, M|100/100
|move|p2a: still good maybe|Stealth Rock|p1a: Skarmory
|-sidestart|p1: Trificient|move: Stealth Rock
|
|-heal|p2a: still good maybe|89/100|[from] item: Leftovers
|upkeep
|turn|10
|
|t:|1758321711
|move|p2a: still good maybe|Fire Blast|p1a: Skarmory
|-supereffective|p1a: Skarmory
|-damage|p1a: Skarmory|42/100
|move|p1a: Skarmory|Taunt|p2a: still good maybe
|-start|p2a: still good maybe|move: Taunt
|
|-heal|p2a: still good maybe|95/100|[from] item: Leftovers
|upkeep
|turn|11
|
|t:|1758321727
|move|p2a: still good maybe|Fire Blast|p1a: Skarmory
|-supereffective|p1a: Skarmory
|-damage|p1a: Skarmory|0 fnt
|faint|p1a: Skarmory
|
|-heal|p2a: still good maybe|100/100|[from] item: Leftovers
|upkeep
|
|t:|1758321736
|switch|p1a: Toxapex|Toxapex, F|100/100
|turn|12
|
|t:|1758321740
|move|p2a: still good maybe|Earthquake|p1a: Toxapex
|-supereffective|p1a: Toxapex
|-damage|p1a: Toxapex|25/100
|move|p1a: Toxapex|Liquidation|p2a: still good maybe
|-damage|p2a: still good maybe|69/100
|-unboost|p2a: still good maybe|def|1
|
|-heal|p2a: still good maybe|75/100|[from] item: Leftovers
|upkeep
|turn|13
|
|t:|1758321752
|switch|p1a: Hawlucha|Hawlucha, M|100/100
|-damage|p1a: Hawlucha|88/100|[from] Stealth Rock
|move|p2a: still good maybe|Fire Blast|p1a: Hawlucha
|-damage|p1a: Hawlucha|54/100
|-status|p1a: Hawlucha|brn
|
|-heal|p2a: still good maybe|81/100|[from] item: Leftovers
|-damage|p1a: Hawlucha|47/100 brn|[from] brn
|-end|p2a: still good maybe|move: Taunt
|upkeep
|turn|14
|
|t:|1758321779
|move|p1a: Hawlucha|Close Combat|p2a: still good maybe
|-damage|p2a: still good maybe|24/100
|-unboost|p1a: Hawlucha|def|1
|-unboost|p1a: Hawlucha|spd|1
|move|p2a: still good maybe|Fire Blast|p1a: Hawlucha
|-damage|p1a: Hawlucha|0 fnt
|faint|p1a: Hawlucha
|
|-heal|p2a: still good maybe|30/100|[from] item: Leftovers
|upkeep
|
|t:|1758321785
|switch|p1a: Indeedee|Indeedee, M|100/100
|-damage|p1a: Indeedee|88/100|[from] Stealth Rock
|-fieldstart|move: Psychic Terrain|[from] ability: Psychic Surge|[of] p1a: Indeedee
|turn|15
|
|t:|1758321798
|move|p1a: Indeedee|Expanding Force|p2a: still good maybe
|-damage|p2a: still good maybe|0 fnt
|faint|p2a: still good maybe
|
|upkeep
|
|t:|1758321810
|switch|p2a: I HATE fun|Scizor, M|100/100
|-activate|p2a: I HATE fun|move: Sticky Web
|-unboost|p2a: I HATE fun|spe|1
|turn|16
|
|t:|1758321815
|switch|p1a: Toxapex|Toxapex, F|58/100
|move|p2a: I HATE fun|Bug Bite|p1a: Toxapex
|-resisted|p1a: Toxapex
|-damage|p1a: Toxapex|39/100
|
|upkeep
|turn|17
|
|t:|1758321823
|move|p2a: I HATE fun|Swords Dance|p2a: I HATE fun
|-boost|p2a: I HATE fun|atk|2
|move|p1a: Toxapex|Liquidation|p2a: I HATE fun
|-damage|p2a: I HATE fun|81/100
|
|-heal|p2a: I HATE fun|87/100|[from] item: Leftovers
|upkeep
|turn|18
|
|t:|1758321830
|move|p2a: I HATE fun|Bullet Punch|p1a: Toxapex
|-activate|p1a: Toxapex|move: Psychic Terrain
|move|p1a: Toxapex|Haze|p1a: Toxapex
|-clearallboost
|
|-heal|p2a: I HATE fun|94/100|[from] item: Leftovers
|upkeep
|turn|19
|
|t:|1758321840
|move|p2a: I HATE fun|Bug Bite|p1a: Toxapex
|-resisted|p1a: Toxapex
|-damage|p1a: Toxapex|18/100
|move|p1a: Toxapex|Liquidation|p2a: I HATE fun
|-damage|p2a: I HATE fun|74/100
|
|-heal|p2a: I HATE fun|80/100|[from] item: Leftovers
|-fieldend|move: Psychic Terrain
|upkeep
|turn|20
|
|t:|1758321851
|switch|p1a: Indeedee|Indeedee, M|88/100
|-damage|p1a: Indeedee|76/100|[from] Stealth Rock
|-fieldstart|move: Psychic Terrain|[from] ability: Psychic Surge|[of] p1a: Indeedee
|move|p2a: I HATE fun|Bullet Punch|p1a: Indeedee
|-activate|p1a: Indeedee|move: Psychic Terrain
|
|-heal|p2a: I HATE fun|86/100|[from] item: Leftovers
|upkeep
|turn|21
|
|t:|1758321860
|-terastallize|p1a: Indeedee|Fairy
|move|p1a: Indeedee|Shadow Ball|p2a: I HATE fun
|-damage|p2a: I HATE fun|57/100
|move|p2a: I HATE fun|Bug Bite|p1a: Indeedee
|-resisted|p1a: Indeedee
|-crit|p1a: Indeedee
|-damage|p1a: Indeedee|0 fnt
|faint|p1a: Indeedee
|
|-heal|p2a: I HATE fun|64/100|[from] item: Leftovers
|upkeep
|
|t:|1758321867
|switch|p1a: Toxapex|Toxapex, F|51/100
|turn|22
|-message|Trificient forfeited.
|
|win|PoliwrathRocks1
|raw|Trificient's rating: 1042 &rarr; <strong>1025</strong><br />(-17 for losing)
|raw|PoliwrathRocks1's rating: 1019 &rarr; <strong>1059</strong><br />(+40 for winning)
|l|☆Trificient
|player|p1|
