|j|‽trak2
|j|☆plazma_archer98
|t:|1758351575
|gametype|singles
|player|p1|trak2|unknown|1224
|player|p2|plazma_archer98|cynthia|1171
|gen|9
|tier|[Gen 9] OU
|rated|
|rule|HP Percentage Mod: HP is shown in percentages
|rule|Endless Battle Clause: Forcing endless battles is banned
|rule|Species Clause: Limit one of each Pokémon
|rule|OHKO Clause: OHKO moves are banned
|rule|Evasion Items Clause: Evasion items are banned
|rule|Evasion Moves Clause: Evasion moves are banned
|rule|Evasion Abilities Clause: Evasion abilities are banned
|rule|Sleep Moves Clause: Sleep-inducing moves are banned
|clearpoke
|poke|p1|Dragonite, M|
|poke|p1|Grimmsnarl, M|
|poke|p1|Enamorus, F|
|poke|p1|Great Tusk|
|poke|p1|Scizor, M|
|poke|p1|Raging Bolt|
|poke|p2|Spiritomb, M|
|poke|p2|Porygon-Z|
|poke|p2|Lucario, F|
|poke|p2|Milotic, F|
|poke|p2|Garchomp, F|
|poke|p2|Glaceon, F|
|teampreview
|inactive|Battle timer is ON: inactive players will automatically lose when time's up. (requested by trak2)
|
|t:|1758351587
|teamsize|p1|6
|teamsize|p2|6
|start
|switch|p1a: Great Tusk|Great Tusk|100/100
|switch|p2a: Spiritomb|Spiritomb, M|100/100
|-ability|p2a: Spiritomb|Pressure
|-enditem|p1a: Great Tusk|Booster Energy
|-activate|p1a: Great Tusk|ability: Protosynthesis|[fromitem]
|-start|p1a: Great Tusk|protosynthesisspe
|turn|1
|
|t:|1758351593
|move|p1a: Great Tusk|Stealth Rock|p2a: Spiritomb
|-sidestart|p2: plazma_archer98|move: Stealth Rock
|move|p2a: Spiritomb|Psychic|p1a: Great Tusk
|-supereffective|p1a: Great Tusk
|-damage|p1a: Great Tusk|26/100
|
|upkeep
|turn|2
|
|t:|1758351602
|move|p1a: Great Tusk|Headlong Rush|p2a: Spiritomb
|-damage|p2a: Spiritomb|45/100
|-unboost|p1a: Great Tusk|def|1
|-unboost|p1a: Great Tusk|spd|1
|-enditem|p2a: Spiritomb|Sitrus Berry|[eat]
|-heal|p2a: Spiritomb|70/100|[from] item: Sitrus Berry
|move|p2a: Spiritomb|Shadow Ball|p1a: Great Tusk
|-damage|p1a: Great Tusk|0 fnt
|faint|p1a: Great Tusk
|-end|p1a: Great Tusk|Protosynthesis|[silent]
|
|upkeep
|
|t:|1758351617
|switch|p1a: Enamorus|Enamorus, F|100/100
|turn|3
|
|t:|1758351629
|-terastallize|p2a: Spiritomb|Ghost
|move|p1a: Enamorus|Moonblast|p2a: Spiritomb
|-damage|p2a: Spiritomb|6/100
|move|p2a: Spiritomb|Shadow Ball|p1a: Enamorus
|-damage|p1a: Enamorus|31/100
|
|upkeep
|turn|4
|
|t:|1758351636
|move|p2a: Spiritomb|Sucker Punch|p1a: Enamorus
|-resisted|p1a: Enamorus
|-damage|p1a: Enamorus|13/100
|move|p1a: Enamorus|Moonblast|p2a: Spiritomb
|-damage|p2a: Spiritomb|0 fnt
|faint|p2a: Spiritomb
|
|upkeep
|
|t:|1758351651
|switch|p2a: Lucario|Lucario, F|100/100
|-damage|p2a: Lucario|98/100|[from] Stealth Rock
|turn|5
|
|t:|1758351658
|move|p2a: Lucario|Extreme Speed|p1a: Enamorus
|-damage|p1a: Enamorus|0 fnt
|faint|p1a: Enamorus
|
|upkeep
|
|t:|1758351660
|switch|p1a: Grimmsnarl|Grimmsnarl, M|100/100
|turn|6
|
|t:|1758351670
|move|p1a: Grimmsnarl|Reflect|p1a: Grimmsnarl
|-sidestart|p1: trak2|Reflect
|move|p2a: Lucario|Meteor Mash|p1a: Grimmsnarl
|-supereffective|p1a: Grimmsnarl
|-damage|p1a: Grimmsnarl|52/100
|
|upkeep
|turn|7
|
|t:|1758351678
|move|p1a: Grimmsnarl|Light Screen|p1a: Grimmsnarl
|-sidestart|p1: trak2|move: Light Screen
|move|p2a: Lucario|Meteor Mash|p1a: Grimmsnarl
|-supereffective|p1a: Grimmsnarl
|-damage|p1a: Grimmsnarl|3/100
|
|upkeep
|turn|8
|
|t:|1758351690
|move|p2a: Lucario|Extreme Speed|p1a: Grimmsnarl
|-damage|p1a: Grimmsnarl|0 fnt
|faint|p1a: Grimmsnarl
|
|upkeep
|
|t:|1758351693
|switch|p1a: Dragonite|Dragonite, M, shiny|100/100
|turn|9
|
|t:|1758351701
|move|p2a: Lucario|Extreme Speed|p1a: Dragonite
|-crit|p1a: Dragonite
|-damage|p1a: Dragonite|81/100
|move|p1a: Dragonite|Dragon Dance|p1a: Dragonite
|-boost|p1a: Dragonite|atk|1
|-boost|p1a: Dragonite|spe|1
|
|upkeep
|turn|10
|
|t:|1758351706
|move|p2a: Lucario|Extreme Speed|p1a: Dragonite
|-damage|p1a: Dragonite|67/100
|move|p1a: Dragonite|Dragon Dance|p1a: Dragonite
|-boost|p1a: Dragonite|atk|1
|-boost|p1a: Dragonite|spe|1
|
|upkeep
|turn|11
|
|t:|1758351714
|move|p2a: Lucario|Extreme Speed|p1a: Dragonite
|-crit|p1a: Dragonite
|-damage|p1a: Dragonite|27/100
|move|p1a: Dragonite|Earthquake|p2a: Lucario
|-supereffective|p2a: Lucario
|-damage|p2a: Lucario|0 fnt
|faint|p2a: Lucario
|
|upkeep
|
|t:|1758351720
|switch|p2a: Milotic|Milotic, F|100/100
|-damage|p2a: Milotic|88/100|[from] Stealth Rock
|turn|12
|
|t:|1758351724
|-terastallize|p1a: Dragonite|Normal
|move|p1a: Dragonite|Extreme Speed|p2a: Milotic
|-damage|p2a: Milotic|1/100
|move|p2a: Milotic|Ice Beam|p1a: Dragonite
|-damage|p1a: Dragonite|16/100
|
|-status|p2a: Milotic|brn|[from] item: Flame Orb
|upkeep
|turn|13
|
|t:|1758351734
|move|p1a: Dragonite|Earthquake|p2a: Milotic
|-damage|p2a: Milotic|0 fnt
|faint|p2a: Milotic
|
|-sideend|p1: trak2|Reflect
|upkeep
|
|t:|1758351739
|switch|p2a: Garchomp|Garchomp, F|100/100
|-damage|p2a: Garchomp|94/100|[from] Stealth Rock
|turn|14
|
|t:|1758351743
|move|p1a: Dragonite|Ice Spinner|p2a: Garchomp
|-supereffective|p2a: Garchomp
|-enditem|p2a: Garchomp|Yache Berry|[eat]
|-enditem|p2a: Garchomp|Yache Berry|[weaken]
|-damage|p2a: Garchomp|0 fnt
|-damage|p1a: Dragonite|4/100|[from] ability: Rough Skin|[of] p2a: Garchomp
|faint|p2a: Garchomp
|
|-sideend|p1: trak2|move: Light Screen
|upkeep
|
|t:|1758351754
|switch|p2a: Glaceon|Glaceon, F|100/100
|-damage|p2a: Glaceon|76/100|[from] Stealth Rock
|turn|15
|
|t:|1758351759
|move|p1a: Dragonite|Extreme Speed|p2a: Glaceon
|-damage|p2a: Glaceon|0 fnt
|faint|p2a: Glaceon
|
|upkeep
|-message|plazma_archer98 forfeited.
|
|win|trak2
|raw|trak2's rating: 1224 &rarr; <strong>1245</strong><br />(+21 for winning)
|raw|plazma_archer98's rating: 1171 &rarr; <strong>1150</strong><br />(-21 for losing)
|l|☆plazma_archer98
|player|p2|
|l|‽trak2
|player|p1|
