|j|☆sveinung12321
|j|☆Kevinbassonon
|t:|1758374527
|gametype|singles
|player|p1|sveinung12321|169|1489
|player|p2|Kevinbassonon|2|1572
|gen|9
|tier|[Gen 9] OU
|rated|
|rule|HP Percentage Mod: HP is shown in percentages
|rule|Endless Battle Clause: Forcing endless battles is banned
|rule|Species Clause: Limit one of each Pokémon
|rule|OHKO Clause: OHKO moves are banned
|rule|Evasion Items Clause: Evasion items are banned
|rule|Evasion Moves Clause: Evasion moves are banned
|rule|Evasion Abilities Clause: Evasion abilities are banned
|rule|Sleep Moves Clause: Sleep-inducing moves are banned
|clearpoke
|poke|p1|Iron Valiant|
|poke|p1|Iron Crown|
|poke|p1|Corviknight, F|
|poke|p1|Slowking-Galar, F|
|poke|p1|Garganacl, M|
|poke|p1|Hippowdon, F|
|poke|p2|Torkoal, M|
|poke|p2|Walking Wake|
|poke|p2|Great Tusk|
|poke|p2|Hatterene, F|
|poke|p2|Raging Bolt|
|poke|p2|Ceruledge, F|
|teampreview
|inactive|Battle timer is ON: inactive players will automatically lose when time's up. (requested by sveinung12321)
|
|t:|1758374549
|teamsize|p1|6
|teamsize|p2|6
|start
|switch|p1a: Iron Crown|Iron Crown|100/100
|switch|p2a: Galet Pagos|Torkoal, M, shiny|100/100
|-weather|SunnyDay|[from] ability: Drought|[of] p2a: Galet Pagos
|turn|1
|
|t:|1758374555
|switch|p2a: NOISE NOISE|Hatterene, F, shiny|100/100
|move|p1a: Iron Crown|Volt Switch|p2a: NOISE NOISE
|-damage|p2a: NOISE NOISE|77/100
|-enditem|p2a: NOISE NOISE|Eject Button
|
|t:|1758374567
|switch|p2a: Yes I'm Suicune|Walking Wake|100/100
|-activate|p2a: Yes I'm Suicune|ability: Protosynthesis
|-start|p2a: Yes I'm Suicune|protosynthesisspe
|
|-weather|SunnyDay|[upkeep]
|upkeep
|turn|2
|inactive|sveinung12321 has 120 seconds left.
|
|t:|1758374614
|-terastallize|p2a: Yes I'm Suicune|Water
|move|p2a: Yes I'm Suicune|Hydro Steam|p1a: Iron Crown
|-damage|p1a: Iron Crown|0 fnt
|faint|p1a: Iron Crown
|-end|p1a: Iron Crown|Quark Drive|[silent]
|
|-weather|SunnyDay|[upkeep]
|upkeep
|
|t:|1758374632
|switch|p1a: Hippowdon|Hippowdon, F|100/100
|-weather|Sandstorm|[from] ability: Sand Stream|[of] p1a: Hippowdon
|-end|p2a: Yes I'm Suicune|Protosynthesis
|turn|3
|
|t:|1758374636
|-terastallize|p1a: Hippowdon|Steel
|move|p2a: Yes I'm Suicune|Hydro Steam|p1a: Hippowdon
|-damage|p1a: Hippowdon|40/100
|move|p1a: Hippowdon|Earthquake|p2a: Yes I'm Suicune
|-damage|p2a: Yes I'm Suicune|57/100
|
|-weather|Sandstorm|[upkeep]
|-damage|p2a: Yes I'm Suicune|51/100|[from] Sandstorm
|-heal|p1a: Hippowdon|47/100|[from] item: Leftovers
|upkeep
|turn|4
|
|t:|1758374644
|switch|p1a: Slowking|Slowking-Galar, F|100/100
|move|p2a: Yes I'm Suicune|Hydro Steam|p1a: Slowking
|-damage|p1a: Slowking|42/100
|
|-weather|Sandstorm|[upkeep]
|-damage|p2a: Yes I'm Suicune|45/100|[from] Sandstorm
|-damage|p1a: Slowking|36/100|[from] Sandstorm
|upkeep
|turn|5
|
|t:|1758374649
|move|p2a: Yes I'm Suicune|Hydro Steam|p1a: Slowking
|-damage|p1a: Slowking|0 fnt
|faint|p1a: Slowking
|
|-weather|Sandstorm|[upkeep]
|-damage|p2a: Yes I'm Suicune|39/100|[from] Sandstorm
|upkeep
|
|t:|1758374651
|switch|p1a: Iron Valiant|Iron Valiant|100/100
|turn|6
|
|t:|1758374656
|-end|p2a: Yes I'm Suicune|Protosynthesis|[silent]
|switch|p2a: Galet Pagos|Torkoal, M, shiny|100/100
|-weather|SunnyDay|[from] ability: Drought|[of] p2a: Galet Pagos
|move|p1a: Iron Valiant|Moonblast|p2a: Galet Pagos
|-resisted|p2a: Galet Pagos
|-damage|p2a: Galet Pagos|71/100
|
|-weather|SunnyDay|[upkeep]
|upkeep
|turn|7
|inactive|sveinung12321 has 120 seconds left.
|
|t:|1758374680
|-end|p1a: Iron Valiant|Quark Drive|[silent]
|switch|p1a: Hippowdon|Hippowdon, F, tera:Steel|47/100
|-weather|Sandstorm|[from] ability: Sand Stream|[of] p1a: Hippowdon
|switch|p2a: XIOOOONXIOOOON|Ceruledge, F|100/100
|
|-weather|Sandstorm|[upkeep]
|-damage|p2a: XIOOOONXIOOOON|94/100|[from] Sandstorm
|-heal|p1a: Hippowdon|53/100|[from] item: Leftovers
|upkeep
|turn|8
|
|t:|1758374685
|move|p2a: XIOOOONXIOOOON|Bitter Blade|p1a: Hippowdon
|-supereffective|p1a: Hippowdon
|-damage|p1a: Hippowdon|0 fnt
|-heal|p2a: XIOOOONXIOOOON|100/100|[from] drain|[of] p1a: Hippowdon
|faint|p1a: Hippowdon
|
|-weather|Sandstorm|[upkeep]
|-damage|p2a: XIOOOONXIOOOON|94/100|[from] Sandstorm
|upkeep
|
|t:|1758374691
|switch|p1a: Iron Valiant|Iron Valiant|100/100
|turn|9
|
|t:|1758374696
|move|p1a: Iron Valiant|Knock Off|p2a: XIOOOONXIOOOON
|-supereffective|p2a: XIOOOONXIOOOON
|-damage|p2a: XIOOOONXIOOOON|10/100
|-ability|p2a: XIOOOONXIOOOON|Weak Armor|boost
|-unboost|p2a: XIOOOONXIOOOON|def|1
|-boost|p2a: XIOOOONXIOOOON|spe|2
|-enditem|p2a: XIOOOONXIOOOON|Focus Sash|[from] move: Knock Off|[of] p1a: Iron Valiant
|move|p2a: XIOOOONXIOOOON|Poltergeist|p1a: Iron Valiant
|-activate|p1a: Iron Valiant|move: Poltergeist|Heavy-Duty Boots
|-damage|p1a: Iron Valiant|32/100
|
|-weather|Sandstorm|[upkeep]
|-damage|p2a: XIOOOONXIOOOON|4/100|[from] Sandstorm
|-damage|p1a: Iron Valiant|26/100|[from] Sandstorm
|upkeep
|turn|10
|
|t:|1758374706
|move|p2a: XIOOOONXIOOOON|Bitter Blade|p1a: Iron Valiant
|-damage|p1a: Iron Valiant|0 fnt
|-heal|p2a: XIOOOONXIOOOON|16/100|[from] drain|[of] p1a: Iron Valiant
|faint|p1a: Iron Valiant
|-end|p1a: Iron Valiant|Quark Drive|[silent]
|
|-weather|Sandstorm|[upkeep]
|-damage|p2a: XIOOOONXIOOOON|10/100|[from] Sandstorm
|upkeep
|
|t:|1758374710
|switch|p1a: Garganacl|Garganacl, M|100/100
|turn|11
|
|t:|1758374715
|switch|p1a: Corviknight|Corviknight, F|100/100
|-ability|p1a: Corviknight|Pressure
|move|p2a: XIOOOONXIOOOON|Bitter Blade|p1a: Corviknight
|-supereffective|p1a: Corviknight
|-crit|p1a: Corviknight
|-damage|p1a: Corviknight|22/100
|-heal|p2a: XIOOOONXIOOOON|64/100|[from] drain|[of] p1a: Corviknight
|-damage|p2a: XIOOOONXIOOOON|48/100|[from] item: Rocky Helmet|[of] p1a: Corviknight
|
|-weather|none
|upkeep
|turn|12
|
|t:|1758374721
|move|p2a: XIOOOONXIOOOON|Bitter Blade|p1a: Corviknight
|-supereffective|p1a: Corviknight
|-damage|p1a: Corviknight|0 fnt
|-heal|p2a: XIOOOONXIOOOON|62/100|[from] drain|[of] p1a: Corviknight
|-damage|p2a: XIOOOONXIOOOON|46/100|[from] item: Rocky Helmet|[of] p1a: Corviknight
|faint|p1a: Corviknight
|
|upkeep
|
|t:|1758374722
|switch|p1a: Garganacl|Garganacl, M|100/100
|turn|13
|
|t:|1758374726
|move|p2a: XIOOOONXIOOOON|Poltergeist|p1a: Garganacl
|-activate|p1a: Garganacl|move: Poltergeist|Leftovers
|-damage|p1a: Garganacl|82/100
|move|p1a: Garganacl|Salt Cure|p2a: XIOOOONXIOOOON
|-supereffective|p2a: XIOOOONXIOOOON
|-damage|p2a: XIOOOONXIOOOON|0 fnt
|faint|p2a: XIOOOONXIOOOON
|
|-heal|p1a: Garganacl|89/100|[from] item: Leftovers
|upkeep
|
|t:|1758374732
|switch|p2a: Galet Pagos|Torkoal, M, shiny|71/100
|-weather|SunnyDay|[from] ability: Drought|[of] p2a: Galet Pagos
|turn|14
|
|t:|1758374735
|move|p1a: Garganacl|Stealth Rock|p2a: Galet Pagos
|-sidestart|p2: Kevinbassonon|move: Stealth Rock
|move|p2a: Galet Pagos|Body Press|p1a: Garganacl
|-supereffective|p1a: Garganacl
|-damage|p1a: Garganacl|43/100
|
|-weather|SunnyDay|[upkeep]
|-heal|p1a: Garganacl|49/100|[from] item: Leftovers
|upkeep
|turn|15
|
|t:|1758374738
|move|p1a: Garganacl|Recover|p1a: Garganacl
|-heal|p1a: Garganacl|99/100
|move|p2a: Galet Pagos|Body Press|p1a: Garganacl
|-supereffective|p1a: Garganacl
|-damage|p1a: Garganacl|56/100
|
|-weather|SunnyDay|[upkeep]
|-heal|p1a: Garganacl|62/100|[from] item: Leftovers
|upkeep
|turn|16
|
|t:|1758374741
|move|p1a: Garganacl|Recover|p1a: Garganacl
|-heal|p1a: Garganacl|100/100
|move|p2a: Galet Pagos|Body Press|p1a: Garganacl
|-supereffective|p1a: Garganacl
|-damage|p1a: Garganacl|57/100
|
|-weather|SunnyDay|[upkeep]
|-heal|p1a: Garganacl|63/100|[from] item: Leftovers
|upkeep
|turn|17
|
|t:|1758374744
|move|p1a: Garganacl|Salt Cure|p2a: Galet Pagos
|-supereffective|p2a: Galet Pagos
|-damage|p2a: Galet Pagos|53/100
|-start|p2a: Galet Pagos|Salt Cure
|move|p2a: Galet Pagos|Body Press|p1a: Garganacl
|-supereffective|p1a: Garganacl
|-damage|p1a: Garganacl|19/100
|
|-weather|SunnyDay|[upkeep]
|-heal|p1a: Garganacl|25/100|[from] item: Leftovers
|-damage|p2a: Galet Pagos|41/100|[from] Salt Cure
|upkeep
|turn|18
|
|t:|1758374746
|move|p1a: Garganacl|Recover|p1a: Garganacl
|-heal|p1a: Garganacl|75/100
|move|p2a: Galet Pagos|Body Press|p1a: Garganacl
|-supereffective|p1a: Garganacl
|-damage|p1a: Garganacl|27/100
|
|-weather|SunnyDay|[upkeep]
|-heal|p1a: Garganacl|33/100|[from] item: Leftovers
|-damage|p2a: Galet Pagos|29/100|[from] Salt Cure
|upkeep
|turn|19
|
|t:|1758374748
|move|p1a: Garganacl|Recover|p1a: Garganacl
|-heal|p1a: Garganacl|83/100
|move|p2a: Galet Pagos|Body Press|p1a: Garganacl
|-supereffective|p1a: Garganacl
|-damage|p1a: Garganacl|37/100
|
|-weather|SunnyDay|[upkeep]
|-heal|p1a: Garganacl|44/100|[from] item: Leftovers
|-damage|p2a: Galet Pagos|17/100|[from] Salt Cure
|upkeep
|turn|20
|
|t:|1758374751
|move|p1a: Garganacl|Recover|p1a: Garganacl
|-heal|p1a: Garganacl|94/100
|move|p2a: Galet Pagos|Body Press|p1a: Garganacl
|-supereffective|p1a: Garganacl
|-damage|p1a: Garganacl|50/100
|
|-weather|SunnyDay|[upkeep]
|-heal|p1a: Garganacl|57/100|[from] item: Leftovers
|-damage|p2a: Galet Pagos|4/100|[from] Salt Cure
|upkeep
|turn|21
|
|t:|1758374757
|move|p1a: Garganacl|Salt Cure|p2a: Galet Pagos
|-supereffective|p2a: Galet Pagos
|-damage|p2a: Galet Pagos|0 fnt
|faint|p2a: Galet Pagos
|
|-weather|none
|-heal|p1a: Garganacl|63/100|[from] item: Leftovers
|upkeep
|
|t:|1758374761
|switch|p2a: Yes I'm Suicune|Walking Wake, tera:Water|39/100
|-damage|p2a: Yes I'm Suicune|26/100|[from] Stealth Rock
|turn|22
|
|t:|1758374763
|move|p2a: Yes I'm Suicune|Hydro Steam|p1a: Garganacl
|-supereffective|p1a: Garganacl
|-damage|p1a: Garganacl|0 fnt
|faint|p1a: Garganacl
|
|win|Kevinbassonon
|raw|sveinung12321's rating: 1489 &rarr; <strong>1474</strong><br />(-15 for losing)
|raw|Kevinbassonon's rating: 1572 &rarr; <strong>1587</strong><br />(+15 for winning)
|l|☆sveinung12321
|player|p1|
|l|☆Kevinbassonon
|player|p2|
