|j|☆judicaelmangavideo
|j|☆Acastillo631
|t:|1758379025
|gametype|singles
|player|p1|judicaelmangavideo|steven|1739
|player|p2|Acastillo631|silver|1717
|gen|9
|tier|[Gen 9] OU
|rated|
|rule|HP Percentage Mod: HP is shown in percentages
|rule|Endless Battle Clause: Forcing endless battles is banned
|rule|Species Clause: Limit one of each Pokémon
|rule|OHKO Clause: OHKO moves are banned
|rule|Evasion Items Clause: Evasion items are banned
|rule|Evasion Moves Clause: Evasion moves are banned
|rule|Evasion Abilities Clause: Evasion abilities are banned
|rule|Sleep Moves Clause: Sleep-inducing moves are banned
|clearpoke
|poke|p1|Dragapult, M|
|poke|p1|Corviknight, F|
|poke|p1|Scizor, F|
|poke|p1|Great Tusk|
|poke|p1|Blaziken, M|
|poke|p1|Blissey, F|
|poke|p2|Iron Valiant|
|poke|p2|Tyranitar, F|
|poke|p2|Corviknight, F|
|poke|p2|Sinistcha|
|poke|p2|Garchomp, M|
|poke|p2|Muk-Alola, M|
|teampreview
|inactive|Battle timer is ON: inactive players will automatically lose when time's up. (requested by Acastillo631)
|c|☆judicaelmangavideo|Good luck !
|inactive|Acastillo631 has 120 seconds left.
|
|t:|1758379062
|teamsize|p1|6
|teamsize|p2|6
|start
|switch|p1a: Scizor|Scizor, F|100/100
|switch|p2a: Garchomp|Garchomp, M|100/100
|turn|1
|
|t:|1758379067
|move|p2a: Garchomp|Fire Blast|p1a: Scizor
|-supereffective|p1a: Scizor
|-damage|p1a: Scizor|0 fnt
|faint|p1a: Scizor
|-damage|p2a: Garchomp|91/100|[from] item: Life Orb
|
|upkeep
|
|t:|1758379071
|switch|p1a: Dragapute|Dragapult, M|100/100
|turn|2
|
|t:|1758379076
|switch|p2a: Wind Crowrang|Corviknight, F|100/100
|move|p1a: Dragapute|U-turn|p2a: Wind Crowrang
|-resisted|p2a: Wind Crowrang
|-damage|p2a: Wind Crowrang|98/100
|-damage|p1a: Dragapute|84/100|[from] item: Rocky Helmet|[of] p2a: Wind Crowrang
|
|t:|1758379079
|switch|p1a: Blaziken|Blaziken, M, shiny|100/100|[from] U-turn
|
|upkeep
|turn|3
|
|t:|1758379085
|move|p1a: Blaziken|Flare Blitz|p2a: Wind Crowrang
|-supereffective|p2a: Wind Crowrang
|-damage|p2a: Wind Crowrang|0 fnt
|-damage|p1a: Blaziken|84/100|[from] item: Rocky Helmet|[of] p2a: Wind Crowrang
|faint|p2a: Wind Crowrang
|-damage|p1a: Blaziken|42/100|[from] Recoil
|
|-ability|p1a: Blaziken|Speed Boost|boost
|-boost|p1a: Blaziken|spe|1
|upkeep
|j| Bill6pher
|inactive|Acastillo631 has 120 seconds left.
|
|t:|1758379116
|switch|p2a: Wire Sponge|Sinistcha|100/100
|turn|4
|
|t:|1758379117
|move|p1a: Blaziken|Flare Blitz|p2a: Wire Sponge
|-supereffective|p2a: Wire Sponge
|-damage|p2a: Wire Sponge|39/100
|-damage|p1a: Blaziken|18/100|[from] Recoil
|move|p2a: Wire Sponge|Shadow Ball|p1a: Blaziken
|-damage|p1a: Blaziken|0 fnt
|faint|p1a: Blaziken
|
|upkeep
|
|t:|1758379122
|switch|p1a: Dragapute|Dragapult, M|84/100
|turn|5
|
|t:|1758379126
|switch|p2a: Eregion|Tyranitar, F|100/100
|-weather|Sandstorm|[from] ability: Sand Stream|[of] p2a: Eregion
|move|p1a: Dragapute|U-turn|p2a: Eregion
|-supereffective|p2a: Eregion
|-crit|p2a: Eregion
|-damage|p2a: Eregion|61/100
|
|t:|1758379130
|switch|p1a: Great Tusk|Great Tusk|100/100|[from] U-turn
|
|-weather|Sandstorm|[upkeep]
|-heal|p2a: Eregion|67/100|[from] item: Leftovers
|upkeep
|turn|6
|
|t:|1758379140
|-end|p1a: Great Tusk|Protosynthesis|[silent]
|switch|p1a: Dragapute|Dragapult, M|84/100
|move|p2a: Eregion|Ice Beam|p1a: Dragapute
|-supereffective|p1a: Dragapute
|-damage|p1a: Dragapute|27/100
|
|-weather|Sandstorm|[upkeep]
|-damage|p1a: Dragapute|21/100|[from] Sandstorm
|-heal|p2a: Eregion|73/100|[from] item: Leftovers
|upkeep
|turn|7
|
|t:|1758379147
|move|p1a: Dragapute|U-turn|p2a: Eregion
|-supereffective|p2a: Eregion
|-damage|p2a: Eregion|49/100
|
|t:|1758379149
|switch|p1a: Corviknight|Corviknight, F, shiny|100/100|[from] U-turn
|-ability|p1a: Corviknight|Pressure
|move|p2a: Eregion|Ice Beam|p1a: Corviknight
|-damage|p1a: Corviknight|81/100
|-status|p1a: Corviknight|frz
|
|-weather|Sandstorm|[upkeep]
|-heal|p2a: Eregion|55/100|[from] item: Leftovers
|upkeep
|turn|8
|
|t:|1758379153
|cant|p1a: Corviknight|frz
|move|p2a: Eregion|Stealth Rock|p1a: Corviknight
|-sidestart|p1: judicaelmangavideo|move: Stealth Rock
|
|-weather|Sandstorm|[upkeep]
|-heal|p2a: Eregion|61/100|[from] item: Leftovers
|upkeep
|turn|9
|
|t:|1758379156
|cant|p1a: Corviknight|frz
|move|p2a: Eregion|Knock Off|p1a: Corviknight
|-damage|p1a: Corviknight|53/100 frz
|-damage|p2a: Eregion|45/100|[from] item: Rocky Helmet|[of] p1a: Corviknight
|-enditem|p1a: Corviknight|Rocky Helmet|[from] move: Knock Off|[of] p2a: Eregion
|
|-weather|none
|-heal|p2a: Eregion|51/100|[from] item: Leftovers
|upkeep
|turn|10
|
|t:|1758379160
|switch|p2a: Wire Sponge|Sinistcha|39/100
|cant|p1a: Corviknight|frz
|
|upkeep
|turn|11
|
|t:|1758379163
|move|p2a: Wire Sponge|Strength Sap|p1a: Corviknight
|-unboost|p1a: Corviknight|atk|1
|-heal|p2a: Wire Sponge|99/100
|cant|p1a: Corviknight|frz
|
|upkeep
|turn|12
|
|t:|1758379166
|move|p2a: Wire Sponge|Calm Mind|p2a: Wire Sponge
|-boost|p2a: Wire Sponge|spa|1
|-boost|p2a: Wire Sponge|spd|1
|cant|p1a: Corviknight|frz
|
|upkeep
|turn|13
|
|t:|1758379169
|move|p2a: Wire Sponge|Shadow Ball|p1a: Corviknight
|-crit|p1a: Corviknight
|-damage|p1a: Corviknight|0 fnt
|faint|p1a: Corviknight
|
|upkeep
|
|t:|1758379172
|switch|p1a: Dragapute|Dragapult, M|21/100
|-damage|p1a: Dragapute|9/100|[from] Stealth Rock
|turn|14
|
|t:|1758379177
|switch|p2a: Muk|Muk-Alola, M|100/100
|move|p1a: Dragapute|Shadow Ball|p2a: Muk
|-resisted|p2a: Muk
|-damage|p2a: Muk|84/100
|
|-heal|p2a: Muk|90/100|[from] item: Leftovers
|upkeep
|turn|15
|-message|judicaelmangavideo forfeited.
|
|win|Acastillo631
|raw|judicaelmangavideo's rating: 1739 &rarr; <strong>1718</strong><br />(-21 for losing)
|raw|Acastillo631's rating: 1717 &rarr; <strong>1738</strong><br />(+21 for winning)
|l|☆Acastillo631
|player|p2|
|l|☆judicaelmangavideo
|player|p1|
