|j|☆ICElIED
|j|☆SML Shrek
|t:|1758286102
|gametype|singles
|player|p1|ICElIED|steven|1378
|player|p2|SML Shrek|hiker-gen4|1462
|gen|9
|tier|[Gen 9] OU
|rated|
|rule|HP Percentage Mod: HP is shown in percentages
|rule|Endless Battle Clause: Forcing endless battles is banned
|rule|Species Clause: Limit one of each Pokémon
|rule|OHKO Clause: OHKO moves are banned
|rule|Evasion Items Clause: Evasion items are banned
|rule|Evasion Moves Clause: Evasion moves are banned
|rule|Evasion Abilities Clause: Evasion abilities are banned
|rule|Sleep Moves Clause: Sleep-inducing moves are banned
|clearpoke
|poke|p1|Samurott-Hisui, F|
|poke|p1|Clodsire, F|
|poke|p1|Meloetta|
|poke|p1|Ceruledge, F|
|poke|p1|Hydrapple, F|
|poke|p1|Scizor, M|
|poke|p2|Ribombee, F|
|poke|p2|Cinderace, F|
|poke|p2|Quaquaval, M|
|poke|p2|Gholdengo|
|poke|p2|Sinistcha|
|poke|p2|Ting-Lu|
|teampreview
|
|t:|1758286110
|teamsize|p1|6
|teamsize|p2|6
|start
|switch|p1a: Clodsire|Clodsire, F|100/100
|switch|p2a: Ribombee|Ribombee, F|100/100
|turn|1
|
|t:|1758286118
|move|p2a: Ribombee|Sticky Web|p1a: Clodsire
|-sidestart|p1: ICElIED|move: Sticky Web
|move|p1a: Clodsire|Toxic|p2a: Ribombee
|-status|p2a: Ribombee|tox
|
|-damage|p2a: Ribombee|94/100 tox|[from] psn
|upkeep
|turn|2
|
|t:|1758286125
|move|p2a: Ribombee|Stun Spore|p1a: Clodsire
|-status|p1a: Clodsire|par
|cant|p1a: Clodsire|par
|
|-damage|p2a: Ribombee|82/100 tox|[from] psn
|upkeep
|turn|3
|
|t:|1758286135
|switch|p2a: Ting-Lu|Ting-Lu|100/100
|-ability|p2a: Ting-Lu|Vessel of Ruin
|move|p1a: Clodsire|Stealth Rock|p2a: Ting-Lu
|-sidestart|p2: SML Shrek|move: Stealth Rock
|
|upkeep
|turn|4
|
|t:|1758286141
|move|p2a: Ting-Lu|Stealth Rock|p1a: Clodsire
|-sidestart|p1: ICElIED|move: Stealth Rock
|move|p1a: Clodsire|Toxic|p2a: Ting-Lu
|-status|p2a: Ting-Lu|tox
|
|-damage|p2a: Ting-Lu|94/100 tox|[from] psn
|upkeep
|turn|5
|
|t:|1758286150
|switch|p1a: Samurott|Samurott-Hisui, F|100/100
|move|p2a: Ting-Lu|Spikes|p1a: Samurott
|-sidestart|p1: ICElIED|Spikes
|
|-heal|p2a: Ting-Lu|100/100 tox|[from] item: Leftovers
|-damage|p2a: Ting-Lu|88/100 tox|[from] psn
|upkeep
|turn|6
|
|t:|1758286156
|move|p1a: Samurott|Aqua Cutter|p2a: Ting-Lu
|-supereffective|p2a: Ting-Lu
|-damage|p2a: Ting-Lu|32/100 tox
|move|p2a: Ting-Lu|Spikes|p1a: Samurott
|-sidestart|p1: ICElIED|Spikes
|
|-heal|p2a: Ting-Lu|38/100 tox|[from] item: Leftovers
|-damage|p2a: Ting-Lu|19/100 tox|[from] psn
|upkeep
|turn|7
|
|t:|1758286168
|move|p1a: Samurott|Ceaseless Edge|p2a: Ting-Lu
|-resisted|p2a: Ting-Lu
|-damage|p2a: Ting-Lu|6/100 tox
|-sidestart|p2: SML Shrek|Spikes
|move|p2a: Ting-Lu|Spikes|p1a: Samurott
|-sidestart|p1: ICElIED|Spikes
|
|-heal|p2a: Ting-Lu|12/100 tox|[from] item: Leftovers
|-damage|p2a: Ting-Lu|0 fnt|[from] psn
|faint|p2a: Ting-Lu
|upkeep
|
|t:|1758286177
|switch|p2a: Quaquaval|Quaquaval, M|100/100
|-damage|p2a: Quaquaval|94/100|[from] Stealth Rock
|-damage|p2a: Quaquaval|82/100|[from] Spikes
|turn|8
|
|t:|1758286185
|-terastallize|p1a: Samurott|Fairy
|move|p2a: Quaquaval|Rapid Spin|p1a: Samurott
|-damage|p1a: Samurott|82/100
|-boost|p2a: Quaquaval|spe|1
|-sideend|p2: SML Shrek|Spikes|[from] move: Rapid Spin|[of] p2a: Quaquaval
|-sideend|p2: SML Shrek|Stealth Rock|[from] move: Rapid Spin|[of] p2a: Quaquaval
|move|p1a: Samurott|Sacred Sword|p2a: Quaquaval
|-damage|p2a: Quaquaval|22/100
|
|upkeep
|turn|9
|
|t:|1758286196
|move|p2a: Quaquaval|Aqua Step|p1a: Samurott
|-damage|p1a: Samurott|35/100
|-boost|p2a: Quaquaval|spe|1
|move|p1a: Samurott|Sacred Sword|p2a: Quaquaval
|-damage|p2a: Quaquaval|0 fnt
|faint|p2a: Quaquaval
|
|upkeep
|
|t:|1758286204
|switch|p2a: Cinderace|Cinderace, F|100/100
|turn|10
|
|t:|1758286216
|switch|p1a: Clodsire|Clodsire, F|100/100 par
|-activate|p1a: Clodsire|move: Sticky Web
|-unboost|p1a: Clodsire|spe|1
|-damage|p1a: Clodsire|94/100 par|[from] Stealth Rock
|-damage|p1a: Clodsire|69/100 par|[from] Spikes
|move|p2a: Cinderace|Pyro Ball|p1a: Clodsire
|-damage|p1a: Clodsire|3/100 par
|
|-heal|p1a: Clodsire|10/100 par|[from] item: Black Sludge
|upkeep
|turn|11
|
|t:|1758286227
|switch|p1a: Ceruledge|Ceruledge, F|100/100
|move|p2a: Cinderace|U-turn|p1a: Ceruledge
|-start|p2a: Cinderace|typechange|Bug|[from] ability: Libero
|-resisted|p1a: Ceruledge
|-damage|p1a: Ceruledge|90/100
|
|t:|1758286240
|switch|p2a: Ribombee|Ribombee, F|82/100 tox|[from] U-turn
|
|-damage|p2a: Ribombee|76/100 tox|[from] psn
|upkeep
|turn|12
|
|t:|1758286246
|switch|p1a: Clodsire|Clodsire, F|10/100 par
|-activate|p1a: Clodsire|move: Sticky Web
|-unboost|p1a: Clodsire|spe|1
|-damage|p1a: Clodsire|3/100 par|[from] Stealth Rock
|-damage|p1a: Clodsire|0 fnt|[from] Spikes
|faint|p1a: Clodsire
|move|p2a: Ribombee|Stun Spore|p1: Clodsire|[notarget]
|-fail|p2a: Ribombee
|
|-damage|p2a: Ribombee|63/100 tox|[from] psn
|upkeep
|
|t:|1758286248
|switch|p1a: Scizor|Scizor, M|100/100
|turn|13
|
|t:|1758286258
|switch|p2a: Gholdengo|Gholdengo|100/100
|-item|p2a: Gholdengo|Air Balloon
|move|p1a: Scizor|Bullet Punch|p2a: Gholdengo
|-resisted|p2a: Gholdengo
|-damage|p2a: Gholdengo|86/100
|-enditem|p2a: Gholdengo|Air Balloon
|
|upkeep
|turn|14
|
|t:|1758286272
|-terastallize|p2a: Gholdengo|Steel
|move|p2a: Gholdengo|Shadow Ball|p1a: Scizor
|-damage|p1a: Scizor|48/100
|move|p1a: Scizor|Knock Off|p2a: Gholdengo
|-damage|p2a: Gholdengo|64/100
|
|upkeep
|turn|15
|
|t:|1758286284
|switch|p1a: Meloetta|Meloetta|100/100
|-activate|p1a: Meloetta|move: Sticky Web
|-unboost|p1a: Meloetta|spe|1
|-damage|p1a: Meloetta|88/100|[from] Stealth Rock
|-damage|p1a: Meloetta|63/100|[from] Spikes
|move|p2a: Gholdengo|Shadow Ball|p1a: Meloetta
|-immune|p1a: Meloetta
|
|upkeep
|turn|16
|
|t:|1758286298
|move|p2a: Gholdengo|Make It Rain|p1a: Meloetta
|-damage|p1a: Meloetta|21/100
|-unboost|p2a: Gholdengo|spa|1
|move|p1a: Meloetta|Shadow Ball|p2a: Gholdengo
|-damage|p2a: Gholdengo|32/100
|
|upkeep
|turn|17
|
|t:|1758286308
|switch|p2a: Ribombee|Ribombee, F|63/100 tox
|move|p1a: Meloetta|Shadow Ball|p2a: Ribombee
|-damage|p2a: Ribombee|28/100 tox
|
|-damage|p2a: Ribombee|22/100 tox|[from] psn
|upkeep
|turn|18
|
|t:|1758286315
|move|p2a: Ribombee|Moonblast|p1a: Meloetta
|-crit|p1a: Meloetta
|-damage|p1a: Meloetta|0 fnt
|faint|p1a: Meloetta
|
|-damage|p2a: Ribombee|10/100 tox|[from] psn
|upkeep
|
|t:|1758286319
|switch|p1a: Ceruledge|Ceruledge, F|90/100
|turn|19
|
|t:|1758286323
|move|p1a: Ceruledge|Shadow Sneak|p2a: Ribombee
|-damage|p2a: Ribombee|0 fnt
|faint|p2a: Ribombee
|
|upkeep
|
|t:|1758286329
|switch|p2a: Sinistcha|Sinistcha|100/100
|turn|20
|
|t:|1758286332
|move|p1a: Ceruledge|Bulk Up|p1a: Ceruledge
|-boost|p1a: Ceruledge|atk|1
|-boost|p1a: Ceruledge|def|1
|move|p2a: Sinistcha|Stun Spore|p1a: Ceruledge
|-status|p1a: Ceruledge|par
|
|upkeep
|turn|21
|
|t:|1758286340
|move|p2a: Sinistcha|Hex|p1a: Ceruledge
|-supereffective|p1a: Ceruledge
|-damage|p1a: Ceruledge|0 fnt
|faint|p1a: Ceruledge
|
|upkeep
|
|t:|1758286344
|switch|p1a: Samurott|Samurott-Hisui, F, tera:Fairy|35/100
|turn|22
|
|t:|1758286350
|move|p1a: Samurott|Ceaseless Edge|p2a: Sinistcha
|-supereffective|p2a: Sinistcha
|-damage|p2a: Sinistcha|26/100
|-sidestart|p2: SML Shrek|Spikes
|move|p2a: Sinistcha|Hex|p1a: Samurott
|-damage|p1a: Samurott|0 fnt
|faint|p1a: Samurott
|
|-heal|p2a: Sinistcha|32/100|[from] item: Leftovers
|upkeep
|
|t:|1758286356
|switch|p1a: Scizor|Scizor, M|48/100
|turn|23
|
|t:|1758286362
|move|p1a: Scizor|Knock Off|p2a: Sinistcha
|-supereffective|p2a: Sinistcha
|-damage|p2a: Sinistcha|0 fnt
|-enditem|p2a: Sinistcha|Leftovers|[from] move: Knock Off|[of] p1a: Scizor
|faint|p2a: Sinistcha
|
|upkeep
|
|t:|1758286367
|switch|p2a: Cinderace|Cinderace, F|100/100
|turn|24
|
|t:|1758286372
|switch|p1a: Hydrapple|Hydrapple, F|100/100
|move|p2a: Cinderace|Pyro Ball|p1a: Hydrapple
|-damage|p1a: Hydrapple|66/100
|
|upkeep
|turn|25
|
|t:|1758286384
|move|p2a: Cinderace|Pyro Ball|p1a: Hydrapple
|-damage|p1a: Hydrapple|33/100
|move|p1a: Hydrapple|Earth Power|p2a: Cinderace
|-supereffective|p2a: Cinderace
|-crit|p2a: Cinderace
|-damage|p2a: Cinderace|0 fnt
|faint|p2a: Cinderace
|
|upkeep
|
|t:|1758286390
|switch|p2a: Gholdengo|Gholdengo, tera:Steel|32/100
|-damage|p2a: Gholdengo|20/100|[from] Spikes
|turn|26
|
|t:|1758286404
|switch|p1a: Scizor|Scizor, M|48/100
|move|p2a: Gholdengo|Dazzling Gleam|p1a: Scizor
|-resisted|p1a: Scizor
|-damage|p1a: Scizor|31/100
|
|upkeep
|turn|27
|
|t:|1758286411
|move|p1a: Scizor|Bullet Punch|p2a: Gholdengo
|-resisted|p2a: Gholdengo
|-damage|p2a: Gholdengo|5/100
|move|p2a: Gholdengo|Shadow Ball|p1a: Scizor
|-damage|p1a: Scizor|0 fnt
|faint|p1a: Scizor
|
|upkeep
|
|t:|1758286413
|switch|p1a: Hydrapple|Hydrapple, F|66/100
|turn|28
|
|t:|1758286419
|move|p2a: Gholdengo|Dazzling Gleam|p1a: Hydrapple
|-supereffective|p1a: Hydrapple
|-damage|p1a: Hydrapple|8/100
|move|p1a: Hydrapple|Earth Power|p2a: Gholdengo
|-supereffective|p2a: Gholdengo
|-damage|p2a: Gholdengo|0 fnt
|faint|p2a: Gholdengo
|
|win|ICElIED
|raw|ICElIED's rating: 1378 &rarr; <strong>1403</strong><br />(+25 for winning)
|raw|SML Shrek's rating: 1462 &rarr; <strong>1437</strong><br />(-25 for losing)
|l|☆ICElIED
|player|p1|
|l|☆SML Shrek
|player|p2|
