|j|☆panzershock
|j|☆enrique2503
|t:|1758356827
|gametype|singles
|player|p1|panzershock|2|1179
|player|p2|enrique2503|ghetsis|1141
|gen|9
|tier|[Gen 9] OU
|rated|
|rule|HP Percentage Mod: HP is shown in percentages
|rule|Endless Battle Clause: Forcing endless battles is banned
|rule|Species Clause: Limit one of each Pokémon
|rule|OHKO Clause: OHKO moves are banned
|rule|Evasion Items Clause: Evasion items are banned
|rule|Evasion Moves Clause: Evasion moves are banned
|rule|Evasion Abilities Clause: Evasion abilities are banned
|rule|Sleep Moves Clause: Sleep-inducing moves are banned
|clearpoke
|poke|p1|Greninja-*, M|
|poke|p1|Jirachi|
|poke|p1|Fezandipiti, M|
|poke|p1|Flamigo, M|
|poke|p1|Uxie|
|poke|p1|Azelf|
|poke|p2|Araquanid, F|
|poke|p2|Serperior, M|
|poke|p2|Zamazenta-*|
|poke|p2|Gholdengo|
|poke|p2|Garchomp, M|
|poke|p2|Kingambit, M|
|teampreview
|
|t:|1758356837
|teamsize|p1|6
|teamsize|p2|6
|start
|switch|p1a: Flamigo|Flamigo, M|100/100
|switch|p2a: Araquanid|Araquanid, F|100/100
|turn|1
|
|t:|1758356844
|move|p2a: Araquanid|Endure|p2a: Araquanid
|-singleturn|p2a: Araquanid|move: Endure
|move|p1a: Flamigo|Dual Wingbeat|p2a: Araquanid
|-supereffective|p2a: Araquanid
|-damage|p2a: Araquanid|40/100
|-supereffective|p2a: Araquanid
|-activate|p2a: Araquanid|move: Endure
|-damage|p2a: Araquanid|1/100
|-hitcount|p2a: Araquanid|2
|
|upkeep
|turn|2
|-enditem|p2a: Araquanid|Custap Berry|[eat]
|-activate|p2a: Araquanid|item: Custap Berry|[consumed]
|
|t:|1758356853
|move|p2a: Araquanid|Sticky Web|p1a: Flamigo
|-sidestart|p1: panzershock|move: Sticky Web
|move|p1a: Flamigo|Dual Wingbeat|p2a: Araquanid
|-supereffective|p2a: Araquanid
|-damage|p2a: Araquanid|0 fnt
|faint|p2a: Araquanid
|-hitcount|p2: Araquanid|1
|
|upkeep
|
|t:|1758356863
|switch|p2a: temu koraidon|Garchomp, M|100/100
|turn|3
|inactive|Battle timer is ON: inactive players will automatically lose when time's up. (requested by enrique2503)
|
|t:|1758356886
|switch|p1a: Greninja|Greninja, M|100/100
|-activate|p1a: Greninja|move: Sticky Web
|-unboost|p1a: Greninja|spe|1
|-terastallize|p2a: temu koraidon|Fire
|move|p2a: temu koraidon|Swords Dance|p2a: temu koraidon
|-boost|p2a: temu koraidon|atk|2
|
|upkeep
|turn|4
|
|t:|1758356898
|move|p1a: Greninja|Hydro Pump|p2a: temu koraidon
|-start|p1a: Greninja|typechange|Water|[from] ability: Protean
|-supereffective|p2a: temu koraidon
|-damage|p2a: temu koraidon|2/100
|move|p2a: temu koraidon|Scale Shot|p1a: Greninja
|-damage|p1a: Greninja|58/100
|-damage|p1a: Greninja|18/100
|-damage|p1a: Greninja|0 fnt
|faint|p1a: Greninja
|-hitcount|p1: Greninja|3
|-unboost|p2a: temu koraidon|def|1
|-boost|p2a: temu koraidon|spe|1
|
|upkeep
|
|t:|1758356915
|switch|p1a: Uxie|Uxie|100/100
|turn|5
|
|t:|1758356919
|move|p2a: temu koraidon|Scale Shot|p1a: Uxie|[miss]
|-miss|p2a: temu koraidon|p1a: Uxie
|move|p1a: Uxie|Charge Beam|p2a: temu koraidon
|-damage|p2a: temu koraidon|0 fnt
|faint|p2a: temu koraidon
|
|upkeep
|
|t:|1758356927
|switch|p2a: Serperior|Serperior, M|100/100
|turn|6
|
|t:|1758356940
|switch|p1a: Fezandipiti|Fezandipiti, M|100/100
|-activate|p1a: Fezandipiti|move: Sticky Web
|-unboost|p1a: Fezandipiti|spe|1
|move|p2a: Serperior|Leaf Storm|p1a: Fezandipiti|[miss]
|-miss|p2a: Serperior|p1a: Fezandipiti
|
|upkeep
|turn|7
|
|t:|1758356951
|move|p2a: Serperior|Leaf Storm|p1a: Fezandipiti
|-resisted|p1a: Fezandipiti
|-damage|p1a: Fezandipiti|91/100
|-boost|p2a: Serperior|spa|2
|move|p1a: Fezandipiti|Moonblast|p2a: Serperior
|-damage|p2a: Serperior|72/100
|
|-heal|p2a: Serperior|79/100|[from] item: Leftovers
|upkeep
|turn|8
|
|t:|1758356962
|move|p2a: Serperior|Leaf Storm|p1a: Fezandipiti
|-resisted|p1a: Fezandipiti
|-damage|p1a: Fezandipiti|74/100
|-boost|p2a: Serperior|spa|2
|move|p1a: Fezandipiti|Moonblast|p2a: Serperior
|-damage|p2a: Serperior|50/100
|-boost|p2a: Serperior|spa|1
|
|-heal|p2a: Serperior|56/100|[from] item: Leftovers
|upkeep
|turn|9
|
|t:|1758356978
|move|p2a: Serperior|Leaf Storm|p1a: Fezandipiti
|-resisted|p1a: Fezandipiti
|-damage|p1a: Fezandipiti|46/100
|-boost|p2a: Serperior|spa|1
|move|p1a: Fezandipiti|Moonblast|p2a: Serperior
|-damage|p2a: Serperior|26/100
|
|-heal|p2a: Serperior|32/100|[from] item: Leftovers
|upkeep
|turn|10
|
|t:|1758356989
|move|p2a: Serperior|Leaf Storm|p1a: Fezandipiti
|-resisted|p1a: Fezandipiti
|-damage|p1a: Fezandipiti|9/100
|move|p1a: Fezandipiti|Moonblast|p2a: Serperior
|-damage|p2a: Serperior|0 fnt
|faint|p2a: Serperior
|
|upkeep
|
|t:|1758356999
|switch|p2a: Kingambit|Kingambit, M|100/100
|-activate|p2a: Kingambit|ability: Supreme Overlord
|-start|p2a: Kingambit|fallen3|[silent]
|turn|11
|
|t:|1758357006
|move|p2a: Kingambit|Swords Dance|p2a: Kingambit
|-boost|p2a: Kingambit|atk|2
|move|p1a: Fezandipiti|Moonblast|p2a: Kingambit
|-damage|p2a: Kingambit|75/100
|
|-heal|p2a: Kingambit|81/100|[from] item: Leftovers
|upkeep
|turn|12
|
|t:|1758357015
|move|p2a: Kingambit|Kowtow Cleave|p1a: Fezandipiti
|-resisted|p1a: Fezandipiti
|-damage|p1a: Fezandipiti|0 fnt
|faint|p1a: Fezandipiti
|
|-heal|p2a: Kingambit|87/100|[from] item: Leftovers
|upkeep
|
|t:|1758357020
|switch|p1a: Azelf|Azelf|100/100
|turn|13
|
|t:|1758357025
|move|p1a: Azelf|Substitute|p1a: Azelf
|-start|p1a: Azelf|Substitute
|-damage|p1a: Azelf|76/100
|move|p2a: Kingambit|Kowtow Cleave|p1a: Azelf
|-supereffective|p1a: Azelf
|-crit|p1a: Azelf
|-end|p1a: Azelf|Substitute
|
|-heal|p2a: Kingambit|93/100|[from] item: Leftovers
|upkeep
|turn|14
|
|t:|1758357034
|move|p1a: Azelf|Drain Punch|p2a: Kingambit
|-supereffective|p2a: Kingambit
|-damage|p2a: Kingambit|0 fnt
|-heal|p1a: Azelf|100/100|[from] drain|[of] p2a: Kingambit
|faint|p2a: Kingambit
|-end|p2a: Kingambit|fallen3|[silent]
|-damage|p1a: Azelf|91/100|[from] item: Life Orb
|
|upkeep
|
|t:|1758357042
|switch|p2a: Gholdengo|Gholdengo|100/100
|-item|p2a: Gholdengo|Air Balloon
|turn|15
|
|t:|1758357051
|switch|p1a: Flamigo|Flamigo, M|100/100
|move|p2a: Gholdengo|Nasty Plot|p2a: Gholdengo
|-boost|p2a: Gholdengo|spa|2
|
|upkeep
|turn|16
|
|t:|1758357058
|move|p1a: Flamigo|Close Combat|p2a: Gholdengo
|-supereffective|p2a: Gholdengo
|-damage|p2a: Gholdengo|0 fnt
|-unboost|p1a: Flamigo|def|1
|-unboost|p1a: Flamigo|spd|1
|-enditem|p2a: Gholdengo|Air Balloon
|faint|p2a: Gholdengo
|
|upkeep
|
|t:|1758357067
|switch|p2a: Zamazenta|Zamazenta|100/100
|-ability|p2a: Zamazenta|Dauntless Shield|boost
|-boost|p2a: Zamazenta|def|1
|turn|17
|
|t:|1758357076
|switch|p1a: Jirachi|Jirachi|100/100
|-activate|p1a: Jirachi|move: Sticky Web
|-unboost|p1a: Jirachi|spe|1
|move|p2a: Zamazenta|Iron Defense|p2a: Zamazenta
|-boost|p2a: Zamazenta|def|2
|
|upkeep
|turn|18
|
|t:|1758357086
|move|p2a: Zamazenta|Iron Defense|p2a: Zamazenta
|-boost|p2a: Zamazenta|def|2
|move|p1a: Jirachi|Psychic Noise|p2a: Zamazenta
|-supereffective|p2a: Zamazenta
|-damage|p2a: Zamazenta|42/100
|-start|p2a: Zamazenta|move: Heal Block
|
|upkeep
|turn|19
|
|t:|1758357095
|move|p2a: Zamazenta|Body Press|p1a: Jirachi
|-damage|p1a: Jirachi|0 fnt
|faint|p1a: Jirachi
|
|-end|p2a: Zamazenta|move: Heal Block
|upkeep
|
|t:|1758357106
|switch|p1a: Flamigo|Flamigo, M|100/100
|turn|20
|
|t:|1758357113
|move|p2a: Zamazenta|Body Press|p1a: Flamigo
|-resisted|p1a: Flamigo
|-damage|p1a: Flamigo|11/100
|move|p1a: Flamigo|Dual Wingbeat|p2a: Zamazenta
|-supereffective|p2a: Zamazenta
|-damage|p2a: Zamazenta|29/100
|-supereffective|p2a: Zamazenta
|-damage|p2a: Zamazenta|16/100
|-hitcount|p2a: Zamazenta|2
|
|-heal|p2a: Zamazenta|23/100|[from] item: Leftovers
|upkeep
|turn|21
|
|t:|1758357122
|move|p2a: Zamazenta|Body Press|p1a: Flamigo
|-resisted|p1a: Flamigo
|-damage|p1a: Flamigo|0 fnt
|faint|p1a: Flamigo
|
|-heal|p2a: Zamazenta|29/100|[from] item: Leftovers
|upkeep
|
|t:|1758357127
|switch|p1a: Uxie|Uxie|100/100
|turn|22
|
|t:|1758357131
|-terastallize|p1a: Uxie|Fairy
|move|p2a: Zamazenta|Body Press|p1a: Uxie
|-resisted|p1a: Uxie
|-damage|p1a: Uxie|57/100
|move|p1a: Uxie|Draining Kiss|p2a: Zamazenta
|-supereffective|p2a: Zamazenta
|-damage|p2a: Zamazenta|3/100
|-heal|p1a: Uxie|80/100|[from] drain|[of] p2a: Zamazenta
|
|-heal|p2a: Zamazenta|9/100|[from] item: Leftovers
|upkeep
|turn|23
|
|t:|1758357145
|move|p2a: Zamazenta|Body Press|p1a: Uxie
|-resisted|p1a: Uxie
|-damage|p1a: Uxie|32/100
|move|p1a: Uxie|Draining Kiss|p2a: Zamazenta
|-supereffective|p2a: Zamazenta
|-damage|p2a: Zamazenta|0 fnt
|-heal|p1a: Uxie|39/100|[from] drain|[of] p2a: Zamazenta
|faint|p2a: Zamazenta
|
|win|panzershock
|raw|panzershock's rating: 1179 &rarr; <strong>1201</strong><br />(+22 for winning)
|raw|enrique2503's rating: 1141 &rarr; <strong>1119</strong><br />(-22 for losing)
|l|☆enrique2503
|player|p2|
|l|☆panzershock
|player|p1|
