|j|☆FittedCrib04
|j|☆SML Shrek
|t:|1758292168
|gametype|singles
|player|p1|FittedCrib04|wallace|1423
|player|p2|SML Shrek|hiker-gen4|1458
|gen|9
|tier|[Gen 9] OU
|rated|
|rule|HP Percentage Mod: HP is shown in percentages
|rule|Endless Battle Clause: Forcing endless battles is banned
|rule|Species Clause: Limit one of each Pokémon
|rule|OHKO Clause: OHKO moves are banned
|rule|Evasion Items Clause: Evasion items are banned
|rule|Evasion Moves Clause: Evasion moves are banned
|rule|Evasion Abilities Clause: Evasion abilities are banned
|rule|Sleep Moves Clause: Sleep-inducing moves are banned
|clearpoke
|poke|p1|Iron Treads|
|poke|p1|Dachsbun, F|
|poke|p1|Hydreigon, F|
|poke|p1|Mimikyu, M|
|poke|p1|Oricorio-Pom-Pom, F|
|poke|p1|Swampert, F|
|poke|p2|Ribombee, F|
|poke|p2|Cinderace, F|
|poke|p2|Quaquaval, M|
|poke|p2|Gholdengo|
|poke|p2|Sinistcha|
|poke|p2|Ting-Lu|
|teampreview
|
|t:|1758292191
|teamsize|p1|6
|teamsize|p2|6
|start
|switch|p1a: Iron Treads|Iron Treads|100/100
|switch|p2a: Ribombee|Ribombee, F|100/100
|turn|1
|
|t:|1758292196
|move|p2a: Ribombee|Sticky Web|p1a: Iron Treads
|-sidestart|p1: FittedCrib04|move: Sticky Web
|move|p1a: Iron Treads|Rapid Spin|p2a: Ribombee
|-damage|p2a: Ribombee|76/100
|-boost|p1a: Iron Treads|spe|1
|-sideend|p1: FittedCrib04|Sticky Web|[from] move: Rapid Spin|[of] p1a: Iron Treads
|
|upkeep
|turn|2
|
|t:|1758292201
|move|p1a: Iron Treads|Iron Head|p2a: Ribombee
|-supereffective|p2a: Ribombee
|-damage|p2a: Ribombee|0 fnt
|faint|p2a: Ribombee
|
|upkeep
|
|t:|1758292212
|switch|p2a: Sinistcha|Sinistcha|100/100
|turn|3
|
|t:|1758292225
|-end|p1a: Iron Treads|Quark Drive|[silent]
|switch|p1a: Hydreigon|Hydreigon, F, shiny|100/100
|move|p2a: Sinistcha|Stun Spore|p1a: Hydreigon
|-status|p1a: Hydreigon|par
|
|upkeep
|turn|4
|
|t:|1758292233
|switch|p2a: Ting-Lu|Ting-Lu|100/100
|-ability|p2a: Ting-Lu|Vessel of Ruin
|move|p1a: Hydreigon|Substitute|p1a: Hydreigon
|-start|p1a: Hydreigon|Substitute
|-damage|p1a: Hydreigon|76/100 par
|
|-heal|p1a: Hydreigon|82/100 par|[from] item: Leftovers
|upkeep
|turn|5
|
|t:|1758292242
|move|p1a: Hydreigon|Draco Meteor|p2a: Ting-Lu|[miss]
|-miss|p1a: Hydreigon|p2a: Ting-Lu
|move|p2a: Ting-Lu|Stealth Rock|p1a: Hydreigon
|-sidestart|p1: FittedCrib04|move: Stealth Rock
|
|-heal|p1a: Hydreigon|88/100 par|[from] item: Leftovers
|upkeep
|turn|6
|
|t:|1758292248
|move|p1a: Hydreigon|Nasty Plot|p1a: Hydreigon
|-boost|p1a: Hydreigon|spa|2
|move|p2a: Ting-Lu|Spikes|p1a: Hydreigon
|-sidestart|p1: FittedCrib04|Spikes
|
|-heal|p1a: Hydreigon|94/100 par|[from] item: Leftovers
|upkeep
|turn|7
|
|t:|1758292255
|move|p1a: Hydreigon|Draco Meteor|p2a: Ting-Lu
|-damage|p2a: Ting-Lu|44/100
|-unboost|p1a: Hydreigon|spa|2
|move|p2a: Ting-Lu|Spikes|p1a: Hydreigon
|-sidestart|p1: FittedCrib04|Spikes
|
|-heal|p1a: Hydreigon|99/100 par|[from] item: Leftovers
|-heal|p2a: Ting-Lu|50/100|[from] item: Leftovers
|upkeep
|turn|8
|
|t:|1758292264
|move|p1a: Hydreigon|Nasty Plot|p1a: Hydreigon
|-boost|p1a: Hydreigon|spa|2
|move|p2a: Ting-Lu|Whirlwind|p1a: Hydreigon
|drag|p1a: Mimikyu|Mimikyu, M|100/100
|-damage|p1a: Mimikyu|88/100|[from] Stealth Rock
|-damage|p1a: Mimikyu|72/100|[from] Spikes
|
|-heal|p2a: Ting-Lu|56/100|[from] item: Leftovers
|upkeep
|turn|9
|
|t:|1758292276
|move|p1a: Mimikyu|Will-O-Wisp|p2a: Ting-Lu|[miss]
|-miss|p1a: Mimikyu|p2a: Ting-Lu
|move|p2a: Ting-Lu|Ruination|p1a: Mimikyu
|-activate|p1a: Mimikyu|ability: Disguise
|-damage|p1a: Mimikyu|72/100
|detailschange|p1a: Mimikyu|Mimikyu-Busted, M
|-damage|p1a: Mimikyu|59/100|[from] pokemon: Mimikyu-Busted
|
|-heal|p2a: Ting-Lu|63/100|[from] item: Leftovers
|upkeep
|turn|10
|
|t:|1758292286
|move|p1a: Mimikyu|Will-O-Wisp|p2a: Ting-Lu
|-status|p2a: Ting-Lu|brn
|move|p2a: Ting-Lu|Spikes|p1a: Mimikyu
|-sidestart|p1: FittedCrib04|Spikes
|
|-heal|p2a: Ting-Lu|69/100 brn|[from] item: Leftovers
|-damage|p2a: Ting-Lu|63/100 brn|[from] brn
|upkeep
|turn|11
|
|t:|1758292294
|move|p1a: Mimikyu|Drain Punch|p2a: Ting-Lu
|-supereffective|p2a: Ting-Lu
|-damage|p2a: Ting-Lu|42/100 brn
|-heal|p1a: Mimikyu|81/100|[from] drain|[of] p2a: Ting-Lu
|move|p2a: Ting-Lu|Whirlwind|p1a: Mimikyu
|drag|p1a: Zapdos-Lite|Oricorio-Pom-Pom, F|100/100
|
|-heal|p2a: Ting-Lu|48/100 brn|[from] item: Leftovers
|-damage|p2a: Ting-Lu|42/100 brn|[from] brn
|upkeep
|turn|12
|
|t:|1758292305
|move|p1a: Zapdos-Lite|Quiver Dance|p1a: Zapdos-Lite
|-boost|p1a: Zapdos-Lite|spa|1
|-boost|p1a: Zapdos-Lite|spd|1
|-boost|p1a: Zapdos-Lite|spe|1
|move|p2a: Ting-Lu|Whirlwind|p1a: Zapdos-Lite
|drag|p1a: Mimikyu|Mimikyu-Busted, M|81/100
|-damage|p1a: Mimikyu|68/100|[from] Stealth Rock
|-damage|p1a: Mimikyu|44/100|[from] Spikes
|
|-heal|p2a: Ting-Lu|48/100 brn|[from] item: Leftovers
|-damage|p2a: Ting-Lu|42/100 brn|[from] brn
|upkeep
|turn|13
|
|t:|1758292319
|switch|p2a: Cinderace|Cinderace, F|100/100
|move|p1a: Mimikyu|Drain Punch|p2a: Cinderace
|-damage|p2a: Cinderace|69/100
|-heal|p1a: Mimikyu|63/100|[from] drain|[of] p2a: Cinderace
|
|upkeep
|turn|14
|
|t:|1758292328
|switch|p1a: Dachsbun|Dachsbun, F|100/100
|-damage|p1a: Dachsbun|88/100|[from] Stealth Rock
|-damage|p1a: Dachsbun|63/100|[from] Spikes
|move|p2a: Cinderace|U-turn|p1a: Dachsbun
|-start|p2a: Cinderace|typechange|Bug|[from] ability: Libero
|-resisted|p1a: Dachsbun
|-damage|p1a: Dachsbun|52/100
|-damage|p2a: Cinderace|52/100|[from] item: Rocky Helmet|[of] p1a: Dachsbun
|
|t:|1758292342
|switch|p2a: Gholdengo|Gholdengo|100/100|[from] U-turn
|-item|p2a: Gholdengo|Air Balloon
|
|upkeep
|turn|15
|
|t:|1758292361
|switch|p1a: Hydreigon|Hydreigon, F, shiny|99/100 par
|-damage|p1a: Hydreigon|88/100 par|[from] Stealth Rock
|move|p2a: Gholdengo|Make It Rain|p1a: Hydreigon
|-damage|p1a: Hydreigon|13/100 par
|-unboost|p2a: Gholdengo|spa|1
|
|-heal|p1a: Hydreigon|19/100 par|[from] item: Leftovers
|upkeep
|turn|16
|
|t:|1758292371
|move|p2a: Gholdengo|Dazzling Gleam|p1a: Hydreigon
|-supereffective|p1a: Hydreigon
|-damage|p1a: Hydreigon|0 fnt
|faint|p1a: Hydreigon
|
|upkeep
|
|t:|1758292375
|switch|p1a: Zapdos-Lite|Oricorio-Pom-Pom, F|100/100
|turn|17
|
|t:|1758292379
|switch|p2a: Ting-Lu|Ting-Lu|42/100 brn
|-ability|p2a: Ting-Lu|Vessel of Ruin
|move|p1a: Zapdos-Lite|Quiver Dance|p1a: Zapdos-Lite
|-boost|p1a: Zapdos-Lite|spa|1
|-boost|p1a: Zapdos-Lite|spd|1
|-boost|p1a: Zapdos-Lite|spe|1
|
|-heal|p2a: Ting-Lu|48/100 brn|[from] item: Leftovers
|-damage|p2a: Ting-Lu|42/100 brn|[from] brn
|upkeep
|turn|18
|
|t:|1758292391
|-terastallize|p1a: Zapdos-Lite|Fairy
|move|p1a: Zapdos-Lite|Revelation Dance|p2a: Ting-Lu
|-supereffective|p2a: Ting-Lu
|-damage|p2a: Ting-Lu|2/100 brn
|move|p2a: Ting-Lu|Whirlwind|p1a: Zapdos-Lite
|drag|p1a: Iron Treads|Iron Treads|100/100
|
|-heal|p2a: Ting-Lu|8/100 brn|[from] item: Leftovers
|-damage|p2a: Ting-Lu|2/100 brn|[from] brn
|upkeep
|turn|19
|
|t:|1758292403
|switch|p2a: Sinistcha|Sinistcha|100/100
|move|p1a: Iron Treads|Iron Head|p2a: Sinistcha
|-damage|p2a: Sinistcha|72/100
|
|-heal|p2a: Sinistcha|78/100|[from] item: Leftovers
|upkeep
|turn|20
|
|t:|1758292422
|-end|p1a: Iron Treads|Quark Drive|[silent]
|switch|p1a: Zapdos-Lite|Oricorio-Pom-Pom, F, tera:Fairy|100/100
|move|p2a: Sinistcha|Calm Mind|p2a: Sinistcha
|-boost|p2a: Sinistcha|spa|1
|-boost|p2a: Sinistcha|spd|1
|
|-heal|p2a: Sinistcha|84/100|[from] item: Leftovers
|upkeep
|turn|21
|
|t:|1758292428
|move|p1a: Zapdos-Lite|Quiver Dance|p1a: Zapdos-Lite
|-boost|p1a: Zapdos-Lite|spa|1
|-boost|p1a: Zapdos-Lite|spd|1
|-boost|p1a: Zapdos-Lite|spe|1
|move|p2a: Sinistcha|Stun Spore|p1a: Zapdos-Lite
|-status|p1a: Zapdos-Lite|par
|
|-heal|p2a: Sinistcha|90/100|[from] item: Leftovers
|upkeep
|turn|22
|
|t:|1758292436
|move|p1a: Zapdos-Lite|Quiver Dance|p1a: Zapdos-Lite
|-boost|p1a: Zapdos-Lite|spa|1
|-boost|p1a: Zapdos-Lite|spd|1
|-boost|p1a: Zapdos-Lite|spe|1
|move|p2a: Sinistcha|Calm Mind|p2a: Sinistcha
|-boost|p2a: Sinistcha|spa|1
|-boost|p2a: Sinistcha|spd|1
|
|-heal|p2a: Sinistcha|96/100|[from] item: Leftovers
|upkeep
|turn|23
|
|t:|1758292455
|move|p1a: Zapdos-Lite|Quiver Dance|p1a: Zapdos-Lite
|-boost|p1a: Zapdos-Lite|spa|1
|-boost|p1a: Zapdos-Lite|spd|1
|-boost|p1a: Zapdos-Lite|spe|1
|move|p2a: Sinistcha|Hex|p1a: Zapdos-Lite
|-damage|p1a: Zapdos-Lite|45/100 par
|
|-heal|p2a: Sinistcha|100/100|[from] item: Leftovers
|upkeep
|turn|24
|
|t:|1758292462
|move|p1a: Zapdos-Lite|Hurricane|p2a: Sinistcha
|-supereffective|p2a: Sinistcha
|-damage|p2a: Sinistcha|0 fnt
|faint|p2a: Sinistcha
|
|upkeep
|
|t:|1758292471
|switch|p2a: Quaquaval|Quaquaval, M|100/100
|turn|25
|
|t:|1758292477
|cant|p1a: Zapdos-Lite|par
|move|p2a: Quaquaval|Aqua Step|p1a: Zapdos-Lite
|-damage|p1a: Zapdos-Lite|7/100 par
|-boost|p2a: Quaquaval|spe|1
|-activate|p1a: Zapdos-Lite|ability: Dancer
|move|p1a: Zapdos-Lite|Aqua Step|p2a: Quaquaval|[from] ability: Dancer
|-resisted|p2a: Quaquaval
|-damage|p2a: Quaquaval|94/100
|-boost|p1a: Zapdos-Lite|spe|1
|
|upkeep
|turn|26
|inactive|Battle timer is ON: inactive players will automatically lose when time's up. (requested by SML Shrek)
|
|t:|1758292516
|move|p2a: Quaquaval|Aqua Step|p1a: Zapdos-Lite
|-damage|p1a: Zapdos-Lite|0 fnt
|-boost|p2a: Quaquaval|spe|1
|faint|p1a: Zapdos-Lite
|-ability|p2a: Quaquaval|Moxie|boost
|-boost|p2a: Quaquaval|atk|1
|
|upkeep
|-message|FittedCrib04 forfeited.
|
|win|SML Shrek
|raw|FittedCrib04's rating: 1423 &rarr; <strong>1405</strong><br />(-18 for losing)
|raw|SML Shrek's rating: 1458 &rarr; <strong>1476</strong><br />(+18 for winning)
|l|☆FittedCrib04
|player|p1|
|l|☆SML Shrek
|player|p2|
