|j|☆Kiwi84
|j|☆scar_bracho
|t:|1758259282
|gametype|singles
|player|p1|Kiwi84|clown|1169
|player|p2|scar_bracho|shadowtriad|1190
|gen|9
|tier|[Gen 9] OU
|rated|
|rule|HP Percentage Mod: HP is shown in percentages
|rule|Endless Battle Clause: Forcing endless battles is banned
|rule|Species Clause: Limit one of each Pokémon
|rule|OHKO Clause: OHKO moves are banned
|rule|Evasion Items Clause: Evasion items are banned
|rule|Evasion Moves Clause: Evasion moves are banned
|rule|Evasion Abilities Clause: Evasion abilities are banned
|rule|Sleep Moves Clause: Sleep-inducing moves are banned
|clearpoke
|poke|p1|Gliscor, F|
|poke|p1|Magnezone|
|poke|p1|Moltres|
|poke|p1|Toxapex, F|
|poke|p1|Weavile, F|
|poke|p1|Serperior, M|
|poke|p2|Infernape, M|
|poke|p2|Jolteon, F|
|poke|p2|Sableye, F|
|poke|p2|Scizor, M|
|poke|p2|Gengar, M|
|poke|p2|Cyclizar, F|
|teampreview
|inactive|Battle timer is ON: inactive players will automatically lose when time's up. (requested by Kiwi84)
|inactive|Kiwi84 has 120 seconds left.
|
|t:|1758259317
|teamsize|p1|6
|teamsize|p2|6
|start
|switch|p1a: Gliscor|Gliscor, F|100/100
|switch|p2a: Infernape|Infernape, M|100/100
|turn|1
|
|t:|1758259331
|move|p2a: Infernape|Taunt|p1a: Gliscor
|-start|p1a: Gliscor|move: Taunt
|cant|p1a: Gliscor|move: Taunt|Swords Dance
|
|-status|p1a: Gliscor|tox|[from] item: Toxic Orb
|upkeep
|turn|2
|
|t:|1758259344
|move|p2a: Infernape|Stealth Rock|p1a: Gliscor
|-sidestart|p1: Kiwi84|move: Stealth Rock
|move|p1a: Gliscor|Knock Off|p2a: Infernape
|-resisted|p2a: Infernape
|-damage|p2a: Infernape|83/100
|-enditem|p2a: Infernape|Focus Sash|[from] move: Knock Off|[of] p1a: Gliscor
|
|upkeep
|turn|3
|inactive|Kiwi84 has 120 seconds left.
|
|t:|1758259377
|switch|p1a: Serperior|Serperior, M|100/100
|-damage|p1a: Serperior|88/100|[from] Stealth Rock
|move|p2a: Infernape|Raging Fury|p1a: Serperior
|-supereffective|p1a: Serperior
|-damage|p1a: Serperior|0 fnt
|faint|p1a: Serperior
|
|upkeep
|inactive|Kiwi84 has 120 seconds left.
|
|t:|1758259395
|switch|p1a: Toxapex|Toxapex, F|100/100
|turn|4
|
|t:|1758259398
|move|p2a: Infernape|Raging Fury|p1a: Toxapex|[from] lockedmove
|-resisted|p1a: Toxapex
|-damage|p1a: Toxapex|85/100
|-start|p2a: Infernape|confusion|[fatigue]
|move|p1a: Toxapex|Toxic|p2a: Infernape
|-status|p2a: Infernape|tox
|
|-damage|p2a: Infernape|77/100 tox|[from] psn
|upkeep
|turn|5
|
|t:|1758259406
|-activate|p2a: Infernape|confusion
|move|p2a: Infernape|Taunt|p1a: Toxapex
|-start|p1a: Toxapex|move: Taunt
|move|p1a: Toxapex|Surf|p2a: Infernape
|-supereffective|p2a: Infernape
|-damage|p2a: Infernape|19/100 tox
|
|-damage|p2a: Infernape|7/100 tox|[from] psn
|upkeep
|turn|6
|
|t:|1758259428
|switch|p2a: Jolteon|Jolteon, F|100/100
|move|p1a: Toxapex|Surf|p2a: Jolteon
|-damage|p2a: Jolteon|78/100
|
|-status|p2a: Jolteon|brn|[from] item: Flame Orb
|upkeep
|turn|7
|inactive|Kiwi84 has 120 seconds left.
|
|t:|1758259459
|switch|p1a: Magnezone|Magnezone|100/100
|-damage|p1a: Magnezone|94/100|[from] Stealth Rock
|move|p2a: Jolteon|Calm Mind|p2a: Jolteon
|-boost|p2a: Jolteon|spa|1
|-boost|p2a: Jolteon|spd|1
|
|-damage|p2a: Jolteon|71/100 brn|[from] brn
|upkeep
|turn|8
|inactive|Kiwi84 has 90 seconds left.
|
|t:|1758259492
|move|p2a: Jolteon|Calm Mind|p2a: Jolteon
|-boost|p2a: Jolteon|spa|1
|-boost|p2a: Jolteon|spd|1
|move|p1a: Magnezone|Volt Switch|p2a: Jolteon
|-resisted|p2a: Jolteon
|-damage|p2a: Jolteon|53/100 brn
|inactive|Kiwi84 has 90 seconds left.
|
|t:|1758259498
|switch|p1a: Toxapex|Toxapex, F|100/100|[from] Volt Switch
|
|-damage|p2a: Jolteon|46/100 brn|[from] brn
|upkeep
|turn|9
|
|t:|1758259503
|move|p2a: Jolteon|Thunderbolt|p1a: Toxapex
|-supereffective|p1a: Toxapex
|-damage|p1a: Toxapex|0 fnt
|faint|p1a: Toxapex
|
|-damage|p2a: Jolteon|40/100 brn|[from] brn
|upkeep
|
|t:|1758259511
|switch|p1a: Weavile|Weavile, F|100/100
|-damage|p1a: Weavile|76/100|[from] Stealth Rock
|-ability|p1a: Weavile|Pressure
|turn|10
|
|t:|1758259519
|-terastallize|p1a: Weavile|Ice
|move|p1a: Weavile|Ice Shard|p2a: Jolteon
|-crit|p2a: Jolteon
|-damage|p2a: Jolteon|0 fnt
|faint|p2a: Jolteon
|
|upkeep
|
|t:|1758259533
|switch|p2a: Scizor|Scizor, M|100/100
|turn|11
|
|t:|1758259538
|switch|p1a: Moltres|Moltres|100/100
|move|p2a: Scizor|Swords Dance|p2a: Scizor
|-boost|p2a: Scizor|atk|2
|
|upkeep
|turn|12
|
|t:|1758259554
|-terastallize|p2a: Scizor|Fire
|move|p2a: Scizor|Swords Dance|p2a: Scizor
|-boost|p2a: Scizor|atk|2
|move|p1a: Moltres|Roar|p2a: Scizor
|drag|p2a: Infernape|Infernape, M|7/100 tox
|
|-damage|p2a: Infernape|1/100 tox|[from] psn
|upkeep
|turn|13
|
|t:|1758259574
|move|p2a: Infernape|Taunt|p1a: Moltres
|-start|p1a: Moltres|move: Taunt
|move|p1a: Moltres|Flamethrower|p2a: Infernape
|-resisted|p2a: Infernape
|-damage|p2a: Infernape|0 fnt
|faint|p2a: Infernape
|
|upkeep
|
|t:|1758259584
|switch|p2a: Scizor|Scizor, M, tera:Fire|100/100
|turn|14
|
|t:|1758259588
|move|p1a: Moltres|Scorching Sands|p2a: Scizor
|-supereffective|p2a: Scizor
|-damage|p2a: Scizor|58/100
|move|p2a: Scizor|Swords Dance|p2a: Scizor
|-boost|p2a: Scizor|atk|2
|
|upkeep
|turn|15
|
|t:|1758259596
|move|p2a: Scizor|Bullet Punch|p1a: Moltres
|-resisted|p1a: Moltres
|-damage|p1a: Moltres|76/100
|move|p1a: Moltres|Scorching Sands|p2a: Scizor
|-supereffective|p2a: Scizor
|-damage|p2a: Scizor|14/100
|
|-end|p1a: Moltres|move: Taunt
|upkeep
|turn|16
|
|t:|1758259605
|move|p2a: Scizor|Bullet Punch|p1a: Moltres
|-resisted|p1a: Moltres
|-damage|p1a: Moltres|47/100
|move|p1a: Moltres|Scorching Sands|p2a: Scizor
|-supereffective|p2a: Scizor
|-damage|p2a: Scizor|0 fnt
|faint|p2a: Scizor
|
|upkeep
|
|t:|1758259620
|switch|p2a: Gengar|Gengar, M|100/100
|turn|17
|
|t:|1758259624
|move|p2a: Gengar|Shadow Ball|p1a: Moltres
|-crit|p1a: Moltres
|-damage|p1a: Moltres|0 fnt
|faint|p1a: Moltres
|
|upkeep
|
|t:|1758259639
|switch|p1a: Gliscor|Gliscor, F|100/100 tox
|-damage|p1a: Gliscor|88/100 tox|[from] Stealth Rock
|turn|18
|
|t:|1758259650
|move|p2a: Gengar|Shadow Ball|p1a: Gliscor
|-damage|p1a: Gliscor|49/100 tox
|move|p1a: Gliscor|Knock Off|p2a: Gengar
|-supereffective|p2a: Gengar
|-damage|p2a: Gengar|16/100
|-enditem|p2a: Gengar|Choice Scarf|[from] move: Knock Off|[of] p1a: Gliscor
|
|-heal|p1a: Gliscor|62/100 tox|[from] ability: Poison Heal
|upkeep
|turn|19
|
|t:|1758259660
|move|p2a: Gengar|Shadow Ball|p1a: Gliscor
|-damage|p1a: Gliscor|26/100 tox
|move|p1a: Gliscor|Knock Off|p2a: Gengar
|-supereffective|p2a: Gengar
|-damage|p2a: Gengar|0 fnt
|-start|p1a: Gliscor|Disable|Knock Off|[from] ability: Cursed Body|[of] p2a: Gengar
|faint|p2a: Gengar
|
|-heal|p1a: Gliscor|38/100 tox|[from] ability: Poison Heal
|upkeep
|
|t:|1758259666
|switch|p2a: Cyclizar|Cyclizar, F|100/100
|turn|20
|
|t:|1758259678
|move|p2a: Cyclizar|Ice Spinner|p1a: Gliscor
|-supereffective|p1a: Gliscor
|-damage|p1a: Gliscor|0 fnt
|faint|p1a: Gliscor
|
|upkeep
|
|t:|1758259683
|switch|p1a: Magnezone|Magnezone|94/100
|-damage|p1a: Magnezone|88/100|[from] Stealth Rock
|turn|21
|
|t:|1758259704
|move|p1a: Magnezone|Thunderbolt|p2a: Cyclizar
|-resisted|p2a: Cyclizar
|-damage|p2a: Cyclizar|34/100
|move|p2a: Cyclizar|Dragon Tail|p1a: Magnezone
|-resisted|p1a: Magnezone
|-damage|p1a: Magnezone|77/100
|drag|p1a: Weavile|Weavile, F, tera:Ice|76/100
|-damage|p1a: Weavile|51/100|[from] Stealth Rock
|-ability|p1a: Weavile|Pressure
|
|upkeep
|turn|22
|
|t:|1758259719
|move|p1a: Weavile|Ice Shard|p2a: Cyclizar
|-supereffective|p2a: Cyclizar
|-damage|p2a: Cyclizar|0 fnt
|faint|p2a: Cyclizar
|
|upkeep
|
|t:|1758259723
|switch|p2a: Sableye|Sableye, F|100/100
|turn|23
|
|t:|1758259732
|switch|p1a: Magnezone|Magnezone|77/100
|-damage|p1a: Magnezone|71/100|[from] Stealth Rock
|move|p2a: Sableye|Knock Off|p1a: Magnezone
|-damage|p1a: Magnezone|41/100
|-enditem|p1a: Magnezone|Choice Specs|[from] move: Knock Off|[of] p2a: Sableye
|
|upkeep
|turn|24
|
|t:|1758259746
|move|p1a: Magnezone|Thunderbolt|p2a: Sableye
|-damage|p2a: Sableye|50/100
|move|p2a: Sableye|Knock Off|p1a: Magnezone
|-damage|p1a: Magnezone|22/100
|
|-heal|p2a: Sableye|56/100|[from] item: Leftovers
|upkeep
|turn|25
|
|t:|1758259753
|move|p1a: Magnezone|Thunderbolt|p2a: Sableye
|-damage|p2a: Sableye|1/100
|-status|p2a: Sableye|par
|move|p2a: Sableye|Knock Off|p1a: Magnezone
|-damage|p1a: Magnezone|2/100
|
|-heal|p2a: Sableye|7/100 par|[from] item: Leftovers
|upkeep
|turn|26
|-message|scar_bracho forfeited.
|
|win|Kiwi84
|raw|Kiwi84's rating: 1169 &rarr; <strong>1196</strong><br />(+27 for winning)
|raw|scar_bracho's rating: 1190 &rarr; <strong>1163</strong><br />(-27 for losing)
|l|☆scar_bracho
|player|p2|
|l|☆Kiwi84
|player|p1|
