|j|☆asapbunny
|j|☆zerodz
|t:|1758324688
|gametype|singles
|player|p1|asapbunny|170|1496
|player|p2|zerodz|rocker-gen3|1505
|gen|9
|tier|[Gen 9] OU
|rated|
|rule|HP Percentage Mod: HP is shown in percentages
|rule|Endless Battle Clause: Forcing endless battles is banned
|rule|Species Clause: Limit one of each Pokémon
|rule|OHKO Clause: OHKO moves are banned
|rule|Evasion Items Clause: Evasion items are banned
|rule|Evasion Moves Clause: Evasion moves are banned
|rule|Evasion Abilities Clause: Evasion abilities are banned
|rule|Sleep Moves Clause: Sleep-inducing moves are banned
|clearpoke
|poke|p1|Ursaluna, M|
|poke|p1|Slowking, F|
|poke|p1|Cinderace, F|
|poke|p1|Gholdengo|
|poke|p1|Dragapult, M|
|poke|p1|Iron Hands|
|poke|p2|Zapdos|
|poke|p2|Great Tusk|
|poke|p2|Dragapult, F|
|poke|p2|Slowking-Galar, M|
|poke|p2|Kingambit, F|
|poke|p2|Zamazenta-*|
|teampreview
|inactive|Battle timer is ON: inactive players will automatically lose when time's up. (requested by zerodz)
|
|t:|1758324701
|teamsize|p1|6
|teamsize|p2|6
|start
|switch|p1a: Dragapult|Dragapult, M|100/100
|switch|p2a: Dragapult|Dragapult, F, shiny|100/100
|turn|1
|inactive|asapbunny has 120 seconds left.
|
|t:|1758324738
|switch|p2a: Slowking|Slowking-Galar, M|100/100
|move|p1a: Dragapult|Dragon Darts|p2a: Slowking
|-crit|p2a: Slowking
|-damage|p2a: Slowking|32/100
|-anim|p1a: Dragapult|Dragon Darts|p2a: Slowking
|-crit|p2a: Slowking
|-damage|p2a: Slowking|0 fnt
|faint|p2a: Slowking
|
|upkeep
|
|t:|1758324760
|switch|p2a: Kingambit|Kingambit, F|100/100
|-activate|p2a: Kingambit|ability: Supreme Overlord
|-start|p2a: Kingambit|fallen1|[silent]
|turn|2
|
|t:|1758324770
|switch|p1a: Iron Hands|Iron Hands, shiny|100/100
|-end|p2a: Kingambit|fallen1|[silent]
|switch|p2a: Great Tusk|Great Tusk|100/100
|
|upkeep
|turn|3
|
|t:|1758324779
|-terastallize|p1a: Iron Hands|Grass
|move|p2a: Great Tusk|Knock Off|p1a: Iron Hands
|-damage|p1a: Iron Hands|83/100
|-enditem|p1a: Iron Hands|Punching Glove|[from] move: Knock Off|[of] p2a: Great Tusk
|move|p1a: Iron Hands|Ice Punch|p2a: Great Tusk
|-supereffective|p2a: Great Tusk
|-damage|p2a: Great Tusk|64/100
|
|upkeep
|turn|4
|
|t:|1758324789
|-end|p2a: Great Tusk|Protosynthesis|[silent]
|switch|p2a: Zapdos|Zapdos|100/100
|move|p1a: Iron Hands|Swords Dance|p1a: Iron Hands
|-boost|p1a: Iron Hands|atk|2
|
|upkeep
|turn|5
|
|t:|1758324796
|move|p2a: Zapdos|Hurricane|p1a: Iron Hands
|-supereffective|p1a: Iron Hands
|-damage|p1a: Iron Hands|4/100
|move|p1a: Iron Hands|Ice Punch|p2a: Zapdos
|-supereffective|p2a: Zapdos
|-damage|p2a: Zapdos|17/100
|-status|p2a: Zapdos|frz
|-status|p1a: Iron Hands|par|[from] ability: Static|[of] p2a: Zapdos
|
|upkeep
|turn|6
|
|t:|1758324804
|-curestatus|p2a: Zapdos|frz|[msg]
|move|p2a: Zapdos|Roost|p2a: Zapdos
|-heal|p2a: Zapdos|67/100
|-singleturn|p2a: Zapdos|move: Roost
|move|p1a: Iron Hands|Drain Punch|p2a: Zapdos
|-damage|p2a: Zapdos|0 fnt
|-heal|p1a: Iron Hands|29/100 par|[from] drain|[of] p2a: Zapdos
|faint|p2a: Zapdos
|
|upkeep
|
|t:|1758324824
|switch|p2a: Kingambit|Kingambit, F|100/100
|-activate|p2a: Kingambit|ability: Supreme Overlord
|-start|p2a: Kingambit|fallen2|[silent]
|turn|7
|
|t:|1758324829
|move|p2a: Kingambit|Kowtow Cleave|p1a: Iron Hands
|-damage|p1a: Iron Hands|0 fnt
|faint|p1a: Iron Hands
|-end|p1a: Iron Hands|Quark Drive|[silent]
|
|upkeep
|
|t:|1758324834
|switch|p1a: Ursaluna|Ursaluna, M|100/100
|turn|8
|
|t:|1758324844
|-terastallize|p2a: Kingambit|Fighting
|move|p2a: Kingambit|Low Kick|p1a: Ursaluna
|-supereffective|p1a: Ursaluna
|-damage|p1a: Ursaluna|0 fnt
|faint|p1a: Ursaluna
|
|upkeep
|l|☆asapbunny
|inactive|asapbunny disconnected and has a minute to reconnect!
|player|p1|
|c|☆zerodz|come on bruh
|c|☆zerodz|cant hax me like that and run away crying
|inactive|asapbunny has 30 seconds to reconnect!
|inactive|asapbunny has 20 seconds to reconnect!
|inactive|asapbunny has 15 seconds to reconnect!
|inactive|asapbunny has 10 seconds to reconnect!
|inactive|asapbunny has 5 seconds to reconnect!
|-message|asapbunny lost due to inactivity.
|
|win|zerodz
|raw|asapbunny's rating: 1496 &rarr; <strong>1477</strong><br />(-19 for losing)
|raw|zerodz's rating: 1505 &rarr; <strong>1524</strong><br />(+19 for winning)
