|j|☆tomatoparis
|j|‽TTExergy
|t:|1758294668
|gametype|singles
|player|p1|tomatoparis|265|1593
|player|p2|TTExergy|101|1552
|gen|9
|tier|[Gen 9] OU
|rated|
|rule|HP Percentage Mod: HP is shown in percentages
|rule|Endless Battle Clause: Forcing endless battles is banned
|rule|Species Clause: Limit one of each Pokémon
|rule|OHKO Clause: OHKO moves are banned
|rule|Evasion Items Clause: Evasion items are banned
|rule|Evasion Moves Clause: Evasion moves are banned
|rule|Evasion Abilities Clause: Evasion abilities are banned
|rule|Sleep Moves Clause: Sleep-inducing moves are banned
|clearpoke
|poke|p1|Pelipper, F|
|poke|p1|Zamazenta-*|
|poke|p1|Kingdra, M|
|poke|p1|Barraskewda, M|
|poke|p1|Dondozo, F|
|poke|p1|Mamoswine, M|
|poke|p2|Enamorus, F|
|poke|p2|Araquanid, M|
|poke|p2|Raging Bolt|
|poke|p2|Iron Treads|
|poke|p2|Moltres|
|poke|p2|Zamazenta-*|
|teampreview
|inactive|Battle timer is ON: inactive players will automatically lose when time's up. (requested by TTExergy)
|
|t:|1758294720
|teamsize|p1|6
|teamsize|p2|6
|start
|switch|p1a: Pelipper|Pelipper, F|100/100
|switch|p2a: Enamorus|Enamorus, F|100/100
|-weather|RainDance|[from] ability: Drizzle|[of] p1a: Pelipper
|turn|1
|
|t:|1758294733
|switch|p1a: Mamoswine|Mamoswine, M|100/100
|move|p2a: Enamorus|Moonblast|p1a: Mamoswine
|-damage|p1a: Mamoswine|0 fnt
|faint|p1a: Mamoswine
|
|-weather|RainDance|[upkeep]
|upkeep
|
|t:|1758294739
|switch|p1a: Kingdra|Kingdra, M|100/100
|turn|2
|
|t:|1758294742
|switch|p2a: Araquanid|Araquanid, M|100/100
|move|p1a: Kingdra|Surf|p2a: Araquanid
|-resisted|p2a: Araquanid
|-damage|p2a: Araquanid|71/100
|-damage|p1a: Kingdra|91/100|[from] item: Life Orb
|
|-weather|RainDance|[upkeep]
|upkeep
|turn|3
|
|t:|1758294747
|move|p1a: Kingdra|Hurricane|p2a: Araquanid
|-supereffective|p2a: Araquanid
|-damage|p2a: Araquanid|3/100
|-damage|p1a: Kingdra|81/100|[from] item: Life Orb
|move|p2a: Araquanid|Sticky Web|p1a: Kingdra
|-sidestart|p1: tomatoparis|move: Sticky Web
|
|-weather|RainDance|[upkeep]
|upkeep
|turn|4
|-enditem|p2a: Araquanid|Custap Berry|[eat]
|-activate|p2a: Araquanid|item: Custap Berry|[consumed]
|
|t:|1758294751
|switch|p1a: Dondozo|Dondozo, F|100/100
|-activate|p1a: Dondozo|move: Sticky Web
|-unboost|p1a: Dondozo|spe|1
|move|p2a: Araquanid|Endeavor|p1a: Dondozo
|-damage|p1a: Dondozo|2/100
|-damage|p2a: Araquanid|0 fnt|[from] item: Rocky Helmet|[of] p1a: Dondozo
|faint|p2a: Araquanid
|
|-weather|RainDance|[upkeep]
|upkeep
|
|t:|1758294760
|switch|p2a: Enamorus|Enamorus, F|100/100
|turn|5
|
|t:|1758294766
|move|p2a: Enamorus|Moonblast|p1a: Dondozo
|-damage|p1a: Dondozo|0 fnt
|faint|p1a: Dondozo
|
|-weather|RainDance|[upkeep]
|upkeep
|
|t:|1758294768
|switch|p1a: Barraskewda|Barraskewda, M|100/100
|-activate|p1a: Barraskewda|move: Sticky Web
|-unboost|p1a: Barraskewda|spe|1
|turn|6
|
|t:|1758294771
|switch|p2a: Raging Bolt|Raging Bolt|100/100
|-enditem|p2a: Raging Bolt|Booster Energy
|-activate|p2a: Raging Bolt|ability: Protosynthesis|[fromitem]
|-start|p2a: Raging Bolt|protosynthesisspa
|move|p1a: Barraskewda|Waterfall|p2a: Raging Bolt
|-resisted|p2a: Raging Bolt
|-damage|p2a: Raging Bolt|60/100
|
|-weather|RainDance|[upkeep]
|upkeep
|turn|7
|
|t:|1758294777
|-terastallize|p1a: Barraskewda|Ground
|move|p1a: Barraskewda|Waterfall|p2a: Raging Bolt
|-resisted|p2a: Raging Bolt
|-damage|p2a: Raging Bolt|23/100
|cant|p2a: Raging Bolt|flinch
|
|-weather|RainDance|[upkeep]
|upkeep
|turn|8
|
|t:|1758294783
|move|p1a: Barraskewda|Waterfall|p2a: Raging Bolt
|-resisted|p2a: Raging Bolt
|-damage|p2a: Raging Bolt|0 fnt
|faint|p2a: Raging Bolt
|-end|p2a: Raging Bolt|Protosynthesis|[silent]
|
|-weather|none
|upkeep
|
|t:|1758294789
|switch|p2a: Zamazenta|Zamazenta|100/100
|-ability|p2a: Zamazenta|Dauntless Shield|boost
|-boost|p2a: Zamazenta|def|1
|turn|9
|
|t:|1758294794
|switch|p1a: Pelipper|Pelipper, F|100/100
|-weather|RainDance|[from] ability: Drizzle|[of] p1a: Pelipper
|move|p2a: Zamazenta|Body Press|p1a: Pelipper
|-resisted|p1a: Pelipper
|-damage|p1a: Pelipper|84/100
|
|-weather|RainDance|[upkeep]
|upkeep
|turn|10
|
|t:|1758294798
|switch|p2a: Moltres|Moltres|100/100
|move|p1a: Pelipper|Hurricane|p2a: Moltres
|-damage|p2a: Moltres|72/100
|-start|p2a: Moltres|confusion
|
|-weather|RainDance|[upkeep]
|upkeep
|turn|11
|
|t:|1758294818
|-terastallize|p2a: Moltres|Water
|-activate|p2a: Moltres|confusion
|move|p2a: Moltres|Roost|p2a: Moltres
|-heal|p2a: Moltres|100/100
|move|p1a: Pelipper|Hydro Pump|p2a: Moltres
|-resisted|p2a: Moltres
|-damage|p2a: Moltres|81/100
|
|-weather|RainDance|[upkeep]
|upkeep
|turn|12
|
|t:|1758294823
|-activate|p2a: Moltres|confusion
|move|p2a: Moltres|Will-O-Wisp|p1a: Pelipper
|-status|p1a: Pelipper|brn
|move|p1a: Pelipper|U-turn|p2a: Moltres
|-damage|p2a: Moltres|77/100
|
|t:|1758294827
|switch|p1a: Kingdra|Kingdra, M|81/100|[from] U-turn
|-activate|p1a: Kingdra|move: Sticky Web
|-unboost|p1a: Kingdra|spe|1
|
|-weather|RainDance|[upkeep]
|upkeep
|turn|13
|
|t:|1758294831
|move|p1a: Kingdra|Draco Meteor|p2a: Moltres
|-damage|p2a: Moltres|22/100
|-unboost|p1a: Kingdra|spa|2
|-damage|p1a: Kingdra|71/100|[from] item: Life Orb
|-activate|p2a: Moltres|confusion
|move|p2a: Moltres|U-turn|p1a: Kingdra
|-damage|p1a: Kingdra|53/100
|
|t:|1758294837
|switch|p2a: Enamorus|Enamorus, F|100/100|[from] U-turn
|
|-weather|RainDance|[upkeep]
|upkeep
|turn|14
|
|t:|1758294843
|move|p1a: Kingdra|Wave Crash|p2a: Enamorus
|-damage|p2a: Enamorus|0 fnt
|faint|p2a: Enamorus
|-damage|p1a: Kingdra|20/100|[from] Recoil
|-damage|p1a: Kingdra|10/100|[from] item: Life Orb
|
|-weather|RainDance|[upkeep]
|upkeep
|
|t:|1758294846
|switch|p2a: Zamazenta|Zamazenta|100/100
|turn|15
|
|t:|1758294851
|switch|p1a: Zamazenta|Zamazenta|100/100
|-activate|p1a: Zamazenta|move: Sticky Web
|-unboost|p1a: Zamazenta|spe|1
|-ability|p1a: Zamazenta|Dauntless Shield|boost
|-boost|p1a: Zamazenta|def|1
|move|p2a: Zamazenta|Body Press|p1a: Zamazenta
|-damage|p1a: Zamazenta|80/100
|
|-weather|RainDance|[upkeep]
|upkeep
|turn|16
|
|t:|1758294860
|move|p2a: Zamazenta|Iron Defense|p2a: Zamazenta
|-boost|p2a: Zamazenta|def|2
|move|p1a: Zamazenta|Close Combat|p2a: Zamazenta
|-damage|p2a: Zamazenta|68/100
|-unboost|p1a: Zamazenta|def|1
|-unboost|p1a: Zamazenta|spd|1
|
|-weather|none
|-heal|p2a: Zamazenta|74/100|[from] item: Leftovers
|upkeep
|turn|17
|
|t:|1758294863
|switch|p1a: Pelipper|Pelipper, F|84/100 brn
|-weather|RainDance|[from] ability: Drizzle|[of] p1a: Pelipper
|move|p2a: Zamazenta|Body Press|p1a: Pelipper
|-resisted|p1a: Pelipper
|-damage|p1a: Pelipper|61/100 brn
|
|-weather|RainDance|[upkeep]
|-heal|p2a: Zamazenta|80/100|[from] item: Leftovers
|-damage|p1a: Pelipper|55/100 brn|[from] brn
|upkeep
|turn|18
|
|t:|1758294867
|switch|p2a: Iron Treads|Iron Treads|100/100
|move|p1a: Pelipper|Hurricane|p2a: Iron Treads
|-resisted|p2a: Iron Treads
|-damage|p2a: Iron Treads|79/100
|-start|p2a: Iron Treads|confusion
|
|-weather|RainDance|[upkeep]
|-heal|p2a: Iron Treads|86/100|[from] item: Leftovers
|-damage|p1a: Pelipper|49/100 brn|[from] brn
|upkeep
|turn|19
|
|t:|1758294875
|-activate|p2a: Iron Treads|confusion
|move|p2a: Iron Treads|Knock Off|p1a: Pelipper
|-damage|p1a: Pelipper|31/100 brn
|-enditem|p1a: Pelipper|Damp Rock|[from] move: Knock Off|[of] p2a: Iron Treads
|move|p1a: Pelipper|Roost|p1a: Pelipper
|-heal|p1a: Pelipper|82/100 brn
|-singleturn|p1a: Pelipper|move: Roost
|
|-weather|RainDance|[upkeep]
|-heal|p2a: Iron Treads|92/100|[from] item: Leftovers
|-damage|p1a: Pelipper|75/100 brn|[from] brn
|upkeep
|turn|20
|
|t:|1758294878
|-activate|p2a: Iron Treads|confusion
|-damage|p2a: Iron Treads|86/100|[from] confusion
|move|p1a: Pelipper|Hydro Pump|p2a: Iron Treads
|-supereffective|p2a: Iron Treads
|-damage|p2a: Iron Treads|0 fnt
|faint|p2a: Iron Treads
|-end|p2a: Iron Treads|Quark Drive|[silent]
|
|-weather|RainDance|[upkeep]
|-damage|p1a: Pelipper|69/100 brn|[from] brn
|upkeep
|
|t:|1758294881
|switch|p2a: Moltres|Moltres, tera:Water|22/100
|turn|21
|
|t:|1758294886
|move|p2a: Moltres|Roost|p2a: Moltres
|-heal|p2a: Moltres|72/100
|move|p1a: Pelipper|U-turn|p2a: Moltres
|-damage|p2a: Moltres|68/100
|
|t:|1758294892
|switch|p1a: Zamazenta|Zamazenta|80/100|[from] U-turn
|-activate|p1a: Zamazenta|move: Sticky Web
|-unboost|p1a: Zamazenta|spe|1
|
|-weather|RainDance|[upkeep]
|upkeep
|turn|22
|
|t:|1758294897
|move|p1a: Zamazenta|Close Combat|p2a: Moltres
|-damage|p2a: Moltres|0 fnt
|-unboost|p1a: Zamazenta|def|1
|-unboost|p1a: Zamazenta|spd|1
|faint|p2a: Moltres
|
|-weather|RainDance|[upkeep]
|upkeep
|
|t:|1758294900
|switch|p2a: Zamazenta|Zamazenta|80/100
|turn|23
|
|t:|1758294902
|move|p2a: Zamazenta|Iron Defense|p2a: Zamazenta
|-boost|p2a: Zamazenta|def|2
|move|p1a: Zamazenta|Close Combat|p2a: Zamazenta
|-damage|p2a: Zamazenta|46/100
|-unboost|p1a: Zamazenta|def|1
|-unboost|p1a: Zamazenta|spd|1
|
|-weather|RainDance|[upkeep]
|-heal|p2a: Zamazenta|52/100|[from] item: Leftovers
|upkeep
|turn|24
|
|t:|1758294905
|move|p2a: Zamazenta|Iron Defense|p2a: Zamazenta
|-boost|p2a: Zamazenta|def|2
|move|p1a: Zamazenta|Close Combat|p2a: Zamazenta
|-damage|p2a: Zamazenta|28/100
|-unboost|p1a: Zamazenta|def|1
|-unboost|p1a: Zamazenta|spd|1
|
|-weather|none
|-heal|p2a: Zamazenta|34/100|[from] item: Leftovers
|upkeep
|turn|25
|
|t:|1758294909
|switch|p1a: Pelipper|Pelipper, F|69/100 brn
|-weather|RainDance|[from] ability: Drizzle|[of] p1a: Pelipper
|move|p2a: Zamazenta|Iron Defense|p2a: Zamazenta
|-boost|p2a: Zamazenta|def|2
|
|-weather|RainDance|[upkeep]
|-heal|p2a: Zamazenta|40/100|[from] item: Leftovers
|-damage|p1a: Pelipper|63/100 brn|[from] brn
|upkeep
|turn|26
|
|t:|1758294917
|move|p2a: Zamazenta|Body Press|p1a: Pelipper
|-resisted|p1a: Pelipper
|-damage|p1a: Pelipper|13/100 brn
|move|p1a: Pelipper|Hurricane|p2a: Zamazenta
|-supereffective|p2a: Zamazenta
|-damage|p2a: Zamazenta|0 fnt
|faint|p2a: Zamazenta
|
|win|tomatoparis
|raw|tomatoparis's rating: 1593 &rarr; <strong>1611</strong><br />(+18 for winning)
|raw|TTExergy's rating: 1552 &rarr; <strong>1534</strong><br />(-18 for losing)
|l|‽TTExergy
|player|p2|
|l|☆tomatoparis
|player|p1|
