|j|☆RyleyTheDinoBrain
|j|☆Apolo_k9e
|t:|1758366025
|gametype|singles
|player|p1|RyleyTheDinoBrain|grimsley|1042
|player|p2|Apolo_k9e|steven|1065
|gen|9
|tier|[Gen 9] OU
|rated|
|rule|HP Percentage Mod: HP is shown in percentages
|rule|Endless Battle Clause: Forcing endless battles is banned
|rule|Species Clause: Limit one of each Pokémon
|rule|OHKO Clause: OHKO moves are banned
|rule|Evasion Items Clause: Evasion items are banned
|rule|Evasion Moves Clause: Evasion moves are banned
|rule|Evasion Abilities Clause: Evasion abilities are banned
|rule|Sleep Moves Clause: Sleep-inducing moves are banned
|clearpoke
|poke|p1|Milotic, M|
|poke|p1|Gyarados, M|
|poke|p1|Ribombee, M|
|poke|p1|Lokix, F|
|poke|p1|Araquanid, F|
|poke|p1|Sableye, M|
|poke|p2|Quaquaval, M|
|poke|p2|Toxapex, F|
|poke|p2|Grimmsnarl, M|
|poke|p2|Dragapult, M|
|poke|p2|Garganacl, M|
|poke|p2|Garchomp, F|
|teampreview
|
|t:|1758366029
|teamsize|p1|6
|teamsize|p2|6
|start
|switch|p1a: Do that again!|Sableye, M, shiny|100/100
|switch|p2a: Grimmsnarl|Grimmsnarl, M|100/100
|turn|1
|
|t:|1758366037
|move|p2a: Grimmsnarl|Parting Shot|p1a: Do that again!
|-hint|Since gen 7, Dark is immune to Prankster moves.
|-immune|p1a: Do that again!
|move|p1a: Do that again!|Will-O-Wisp|p2a: Grimmsnarl
|-hint|Since gen 7, Dark is immune to Prankster moves.
|-immune|p2a: Grimmsnarl
|
|upkeep
|turn|2
|
|t:|1758366054
|switch|p2a: Toxapex|Toxapex, F|100/100
|move|p1a: Do that again!|Encore||[still]
|-fail|p1a: Do that again!
|
|upkeep
|turn|3
|
|t:|1758366061
|move|p1a: Do that again!|Will-O-Wisp|p2a: Toxapex
|-status|p2a: Toxapex|brn
|move|p2a: Toxapex|Toxic|p1a: Do that again!
|-status|p1a: Do that again!|tox
|
|-damage|p1a: Do that again!|94/100 tox|[from] psn
|-damage|p2a: Toxapex|94/100 brn|[from] brn
|upkeep
|turn|4
|
|t:|1758366078
|move|p1a: Do that again!|Encore|p2a: Toxapex
|-start|p2a: Toxapex|Encore
|move|p2a: Toxapex|Toxic|p1a: Do that again!
|-fail|p1a: Do that again!|tox
|
|-heal|p1a: Do that again!|100/100 tox|[from] item: Leftovers
|-heal|p2a: Toxapex|100/100 brn|[from] item: Black Sludge
|-damage|p1a: Do that again!|88/100 tox|[from] psn
|-damage|p2a: Toxapex|94/100 brn|[from] brn
|upkeep
|turn|5
|c|☆RyleyTheDinoBrain|Do it again!
|
|t:|1758366091
|switch|p2a: Garchomp|Garchomp, F|100/100
|move|p1a: Do that again!|Shadow Ball|p2a: Garchomp
|-damage|p2a: Garchomp|78/100
|
|-heal|p1a: Do that again!|94/100 tox|[from] item: Leftovers
|-damage|p1a: Do that again!|75/100 tox|[from] psn
|upkeep
|turn|6
|
|t:|1758366108
|move|p1a: Do that again!|Will-O-Wisp|p2a: Garchomp
|-status|p2a: Garchomp|brn
|move|p2a: Garchomp|Dragon Claw|p1a: Do that again!
|-damage|p1a: Do that again!|47/100 tox
|
|-heal|p1a: Do that again!|53/100 tox|[from] item: Leftovers
|-damage|p1a: Do that again!|28/100 tox|[from] psn
|-damage|p2a: Garchomp|71/100 brn|[from] brn
|upkeep
|turn|7
|
|t:|1758366123
|move|p1a: Do that again!|Encore|p2a: Garchomp
|-start|p2a: Garchomp|Encore
|move|p2a: Garchomp|Dragon Claw|p1a: Do that again!
|-damage|p1a: Do that again!|0 fnt
|faint|p1a: Do that again!
|
|-damage|p2a: Garchomp|65/100 brn|[from] brn
|upkeep
|
|t:|1758366126
|switch|p1a: Buzzy|Ribombee, M, shiny|100/100
|turn|8
|
|t:|1758366137
|switch|p2a: Garganacl|Garganacl, M, shiny|100/100
|move|p1a: Buzzy|Sticky Web|p2a: Garganacl
|-sidestart|p2: Apolo_k9e|move: Sticky Web
|
|upkeep
|turn|9
|
|t:|1758366143
|move|p1a: Buzzy|Stun Spore|p2a: Garganacl
|-immune|p2a: Garganacl|[from] ability: Purifying Salt
|move|p2a: Garganacl|Salt Cure|p1a: Buzzy
|-supereffective|p1a: Buzzy
|-damage|p1a: Buzzy|43/100
|
|upkeep
|turn|10
|
|t:|1758366152
|move|p1a: Buzzy|Moonblast|p2a: Garganacl
|-damage|p2a: Garganacl|63/100
|move|p2a: Garganacl|Iron Defense|p2a: Garganacl
|-boost|p2a: Garganacl|def|2
|
|-heal|p2a: Garganacl|70/100|[from] item: Leftovers
|upkeep
|turn|11
|
|t:|1758366165
|move|p1a: Buzzy|Psychic Noise|p2a: Garganacl
|-damage|p2a: Garganacl|50/100
|-start|p2a: Garganacl|move: Heal Block
|move|p2a: Garganacl|Iron Defense|p2a: Garganacl
|-boost|p2a: Garganacl|def|2
|
|upkeep
|turn|12
|
|t:|1758366176
|move|p1a: Buzzy|Moonblast|p2a: Garganacl
|-damage|p2a: Garganacl|13/100
|-unboost|p2a: Garganacl|spa|1
|move|p2a: Garganacl|Salt Cure|p1a: Buzzy
|-supereffective|p1a: Buzzy
|-damage|p1a: Buzzy|0 fnt
|faint|p1a: Buzzy
|
|-end|p2a: Garganacl|move: Heal Block
|upkeep
|
|t:|1758366180
|switch|p1a: Hi-Bye|Lokix, F, shiny|100/100
|turn|13
|
|t:|1758366193
|move|p1a: Hi-Bye|First Impression|p2a: Garganacl
|-damage|p2a: Garganacl|5/100
|move|p2a: Garganacl|Recover|p2a: Garganacl
|-heal|p2a: Garganacl|55/100
|
|-heal|p2a: Garganacl|62/100|[from] item: Leftovers
|upkeep
|turn|14
|
|t:|1758366202
|move|p1a: Hi-Bye|U-turn|p2a: Garganacl
|-damage|p2a: Garganacl|56/100
|
|t:|1758366206
|switch|p1a: I am Not speed|Araquanid, F, shiny|100/100|[from] U-turn
|move|p2a: Garganacl|Salt Cure|p1a: I am Not speed
|-supereffective|p1a: I am Not speed
|-damage|p1a: I am Not speed|70/100
|-start|p1a: I am Not speed|Salt Cure
|
|-heal|p2a: Garganacl|62/100|[from] item: Leftovers
|-damage|p1a: I am Not speed|46/100|[from] Salt Cure
|upkeep
|turn|15
|
|t:|1758366218
|move|p1a: I am Not speed|Liquidation|p2a: Garganacl
|-supereffective|p2a: Garganacl
|-damage|p2a: Garganacl|47/100
|move|p2a: Garganacl|Recover|p2a: Garganacl
|-heal|p2a: Garganacl|97/100
|
|-heal|p2a: Garganacl|100/100|[from] item: Leftovers
|-damage|p1a: I am Not speed|21/100|[from] Salt Cure
|upkeep
|turn|16
|-enditem|p1a: I am Not speed|Custap Berry|[eat]
|-activate|p1a: I am Not speed|item: Custap Berry|[consumed]
|
|t:|1758366230
|move|p1a: I am Not speed|Surf|p2a: Garganacl
|-supereffective|p2a: Garganacl
|-damage|p2a: Garganacl|0 fnt
|faint|p2a: Garganacl
|
|-damage|p1a: I am Not speed|0 fnt|[from] Salt Cure
|faint|p1a: I am Not speed
|upkeep
|inactive|Battle timer is ON: inactive players will automatically lose when time's up. (requested by RyleyTheDinoBrain)
|
|t:|1758366264
|switch|p1a: Hi-Bye|Lokix, F, shiny|100/100
|switch|p2a: Quaquaval|Quaquaval, M|100/100
|-activate|p2a: Quaquaval|move: Sticky Web
|-unboost|p2a: Quaquaval|spe|1
|turn|17
|
|t:|1758366276
|move|p1a: Hi-Bye|First Impression|p2a: Quaquaval
|-resisted|p2a: Quaquaval
|-damage|p2a: Quaquaval|49/100
|move|p2a: Quaquaval|Brick Break|p1a: Hi-Bye
|-damage|p1a: Hi-Bye|47/100
|
|upkeep
|turn|18
|
|t:|1758366285
|move|p1a: Hi-Bye|Leech Life|p2a: Quaquaval
|-resisted|p2a: Quaquaval
|-damage|p2a: Quaquaval|1/100
|-heal|p1a: Hi-Bye|74/100|[from] drain|[of] p2a: Quaquaval
|move|p2a: Quaquaval|Brick Break|p1a: Hi-Bye
|-damage|p1a: Hi-Bye|20/100
|
|upkeep
|turn|19
|
|t:|1758366294
|move|p1a: Hi-Bye|U-turn|p2a: Quaquaval
|-resisted|p2a: Quaquaval
|-damage|p2a: Quaquaval|0 fnt
|faint|p2a: Quaquaval
|
|t:|1758366297
|switch|p1a: Baby boo|Milotic, M, shiny|100/100|[from] U-turn
|
|-status|p1a: Baby boo|brn|[from] item: Flame Orb
|upkeep
|
|t:|1758366308
|switch|p2a: Dragapult|Dragapult, M|100/100
|-activate|p2a: Dragapult|move: Sticky Web
|-unboost|p2a: Dragapult|spe|1
|turn|20
|
|t:|1758366317
|move|p2a: Dragapult|Dragon Darts|p1a: Baby boo
|-damage|p1a: Baby boo|78/100 brn
|-anim|p2a: Dragapult|Dragon Darts|p1a: Baby boo
|-damage|p1a: Baby boo|58/100 brn
|move|p1a: Baby boo|Dragon Tail|p2a: Dragapult|[miss]
|-miss|p1a: Baby boo|p2a: Dragapult
|
|-damage|p1a: Baby boo|52/100 brn|[from] brn
|upkeep
|turn|21
|
|t:|1758366327
|move|p2a: Dragapult|Dragon Darts|p1a: Baby boo
|-damage|p1a: Baby boo|30/100 brn
|-anim|p2a: Dragapult|Dragon Darts|p1a: Baby boo
|-damage|p1a: Baby boo|7/100 brn
|move|p1a: Baby boo|Recover|p1a: Baby boo
|-heal|p1a: Baby boo|57/100 brn
|
|-damage|p1a: Baby boo|51/100 brn|[from] brn
|upkeep
|turn|22
|
|t:|1758366338
|move|p2a: Dragapult|Dragon Darts|p1a: Baby boo
|-damage|p1a: Baby boo|29/100 brn
|-anim|p2a: Dragapult|Dragon Darts|p1a: Baby boo
|-damage|p1a: Baby boo|8/100 brn
|move|p1a: Baby boo|Ice Beam|p2a: Dragapult
|-supereffective|p2a: Dragapult
|-damage|p2a: Dragapult|49/100
|
|-damage|p1a: Baby boo|2/100 brn|[from] brn
|upkeep
|turn|23
|
|t:|1758366348
|move|p2a: Dragapult|Dragon Darts|p1a: Baby boo
|-damage|p1a: Baby boo|0 fnt
|faint|p1a: Baby boo
|
|upkeep
|
|t:|1758366350
|switch|p1a: Hi-Bye|Lokix, F, shiny|20/100
|turn|24
|
|t:|1758366355
|move|p1a: Hi-Bye|First Impression|p2a: Dragapult
|-resisted|p2a: Dragapult
|-damage|p2a: Dragapult|0 fnt
|faint|p2a: Dragapult
|
|upkeep
|
|t:|1758366363
|switch|p2a: Garchomp|Garchomp, F|65/100 brn
|-activate|p2a: Garchomp|move: Sticky Web
|-unboost|p2a: Garchomp|spe|1
|turn|25
|
|t:|1758366373
|move|p1a: Hi-Bye|U-turn|p2a: Garchomp
|-damage|p2a: Garchomp|34/100 brn
|-damage|p1a: Hi-Bye|8/100|[from] ability: Rough Skin|[of] p2a: Garchomp
|-damage|p1a: Hi-Bye|0 fnt|[from] item: Rocky Helmet|[of] p2a: Garchomp
|faint|p1a: Hi-Bye
|move|p2a: Garchomp|Dragon Claw|p1: Hi-Bye|[notarget]
|-fail|p2a: Garchomp
|
|-damage|p2a: Garchomp|28/100 brn|[from] brn
|upkeep
|
|t:|1758366375
|switch|p1a: Princess Glitter|Gyarados, M, shiny|100/100
|turn|26
|
|t:|1758366387
|move|p2a: Garchomp|Dragon Claw|p1a: Princess Glitter
|-damage|p1a: Princess Glitter|79/100
|move|p1a: Princess Glitter|Dragon Dance|p1a: Princess Glitter
|-boost|p1a: Princess Glitter|atk|1
|-boost|p1a: Princess Glitter|spe|1
|
|-damage|p2a: Garchomp|22/100 brn|[from] brn
|upkeep
|turn|27
|
|t:|1758366396
|move|p1a: Princess Glitter|Waterfall|p2a: Garchomp
|-damage|p2a: Garchomp|0 fnt
|-damage|p1a: Princess Glitter|66/100|[from] ability: Rough Skin|[of] p2a: Garchomp
|-damage|p1a: Princess Glitter|50/100|[from] item: Rocky Helmet|[of] p2a: Garchomp
|-enditem|p1a: Princess Glitter|Sitrus Berry|[eat]
|-heal|p1a: Princess Glitter|75/100|[from] item: Sitrus Berry
|faint|p2a: Garchomp
|-ability|p1a: Princess Glitter|Moxie|boost
|-boost|p1a: Princess Glitter|atk|1
|
|upkeep
|
|t:|1758366408
|switch|p2a: Toxapex|Toxapex, F|100/100 brn
|-activate|p2a: Toxapex|move: Sticky Web
|-unboost|p2a: Toxapex|spe|1
|turn|28
|
|t:|1758366413
|-terastallize|p1a: Princess Glitter|Electric
|move|p1a: Princess Glitter|Tera Blast|p2a: Toxapex|[anim] Tera Blast Electric
|-supereffective|p2a: Toxapex
|-damage|p2a: Toxapex|0 fnt
|faint|p2a: Toxapex
|-ability|p1a: Princess Glitter|Moxie|boost
|-boost|p1a: Princess Glitter|atk|1
|
|upkeep
|c|☆RyleyTheDinoBrain|no.
|
|t:|1758366422
|switch|p2a: Grimmsnarl|Grimmsnarl, M|100/100
|-activate|p2a: Grimmsnarl|move: Sticky Web
|-unboost|p2a: Grimmsnarl|spe|1
|turn|29
|
|t:|1758366428
|move|p2a: Grimmsnarl|Parting Shot|p1a: Princess Glitter
|-unboost|p1a: Princess Glitter|atk|1
|-unboost|p1a: Princess Glitter|spa|1
|move|p1a: Princess Glitter|Taunt|p2a: Grimmsnarl
|-start|p2a: Grimmsnarl|move: Taunt
|
|upkeep
|turn|30
|
|t:|1758366436
|move|p1a: Princess Glitter|Tera Blast|p2a: Grimmsnarl|[anim] Tera Blast Electric
|-damage|p2a: Grimmsnarl|30/100
|-activate|p2a: Grimmsnarl|move: Struggle
|move|p2a: Grimmsnarl|Struggle|p1a: Princess Glitter
|-damage|p1a: Princess Glitter|62/100
|-damage|p2a: Grimmsnarl|5/100|[from] recoil
|
|-heal|p2a: Grimmsnarl|11/100|[from] item: Leftovers
|upkeep
|turn|31
|-message|Apolo_k9e forfeited.
|
|win|RyleyTheDinoBrain
|raw|RyleyTheDinoBrain's rating: 1042 &rarr; <strong>1078</strong><br />(+36 for winning)
|raw|Apolo_k9e's rating: 1065 &rarr; <strong>1044</strong><br />(-21 for losing)
|l|☆Apolo_k9e
|player|p2|
