|j|☆Catactual
|j|☆god of joe
|t:|1758306379
|gametype|singles
|player|p1|Catactual|2|1595
|player|p2|god of joe|fisherman|1647
|gen|9
|tier|[Gen 9] OU
|rated|
|rule|HP Percentage Mod: HP is shown in percentages
|rule|Endless Battle Clause: Forcing endless battles is banned
|rule|Species Clause: Limit one of each Pokémon
|rule|OHKO Clause: OHKO moves are banned
|rule|Evasion Items Clause: Evasion items are banned
|rule|Evasion Moves Clause: Evasion moves are banned
|rule|Evasion Abilities Clause: Evasion abilities are banned
|rule|Sleep Moves Clause: Sleep-inducing moves are banned
|clearpoke
|poke|p1|Moltres|
|poke|p1|Wo-Chien|
|poke|p1|Raging Bolt|
|poke|p1|Great Tusk|
|poke|p1|Iron Crown|
|poke|p1|Dragapult, F|
|poke|p2|Dragapult, M|
|poke|p2|Glimmora, M|
|poke|p2|Great Tusk|
|poke|p2|Ting-Lu|
|poke|p2|Gholdengo|
|poke|p2|Moltres|
|teampreview
|j| AntdonPokemon
|
|t:|1758306403
|teamsize|p1|6
|teamsize|p2|6
|start
|switch|p1a: Iron Crown|Iron Crown|100/100
|switch|p2a: Dragapult|Dragapult, M|100/100
|turn|1
|l| AntdonPokemon
|
|t:|1758306409
|-end|p1a: Iron Crown|Quark Drive|[silent]
|switch|p1a: Wo-Chien|Wo-Chien|100/100
|-ability|p1a: Wo-Chien|Tablets of Ruin
|move|p2a: Dragapult|U-turn|p1a: Wo-Chien
|-supereffective|p1a: Wo-Chien
|-damage|p1a: Wo-Chien|68/100
|inactive|Battle timer is ON: inactive players will automatically lose when time's up. (requested by Catactual)
|
|t:|1758306419
|switch|p2a: Great Tusk|Great Tusk|100/100|[from] U-turn
|
|upkeep
|turn|2
|
|t:|1758306439
|move|p2a: Great Tusk|Close Combat|p1a: Wo-Chien
|-supereffective|p1a: Wo-Chien
|-damage|p1a: Wo-Chien|0 fnt
|-unboost|p2a: Great Tusk|def|1
|-unboost|p2a: Great Tusk|spd|1
|faint|p1a: Wo-Chien
|
|upkeep
|
|t:|1758306446
|switch|p1a: Dragapult|Dragapult, F|100/100
|turn|3
|
|t:|1758306451
|-end|p2a: Great Tusk|Protosynthesis|[silent]
|switch|p2a: Ting-Lu|Ting-Lu|100/100
|-ability|p2a: Ting-Lu|Vessel of Ruin
|move|p1a: Dragapult|Dragon Darts|p2a: Ting-Lu
|-damage|p2a: Ting-Lu|79/100
|-anim|p1a: Dragapult|Dragon Darts|p2a: Ting-Lu
|-damage|p2a: Ting-Lu|58/100
|
|-heal|p2a: Ting-Lu|64/100|[from] item: Leftovers
|upkeep
|turn|4
|
|t:|1758306461
|move|p1a: Dragapult|Dragon Darts|p2a: Ting-Lu
|-damage|p2a: Ting-Lu|44/100
|-anim|p1a: Dragapult|Dragon Darts|p2a: Ting-Lu
|-damage|p2a: Ting-Lu|21/100
|move|p2a: Ting-Lu|Ruination|p1a: Dragapult
|-damage|p1a: Dragapult|51/100
|
|-heal|p2a: Ting-Lu|27/100|[from] item: Leftovers
|upkeep
|turn|5
|
|t:|1758306467
|switch|p2a: Glimmora|Glimmora, M|100/100
|move|p1a: Dragapult|Dragon Darts|p2a: Glimmora
|-damage|p2a: Glimmora|48/100
|-activate|p2a: Glimmora|ability: Toxic Debris
|-sidestart|p1: Catactual|move: Toxic Spikes
|-anim|p1a: Dragapult|Dragon Darts|p2a: Glimmora
|-damage|p2a: Glimmora|1/100
|-activate|p2a: Glimmora|ability: Toxic Debris
|-sidestart|p1: Catactual|move: Toxic Spikes
|-enditem|p2a: Glimmora|Red Card|[of] p1a: Dragapult
|drag|p1a: Raging Bolt|Raging Bolt|100/100
|-status|p1a: Raging Bolt|tox
|
|-damage|p1a: Raging Bolt|94/100 tox|[from] psn
|upkeep
|turn|6
|
|t:|1758306474
|move|p2a: Glimmora|Stealth Rock|p1a: Raging Bolt
|-sidestart|p1: Catactual|move: Stealth Rock
|move|p1a: Raging Bolt|Volt Switch|p2a: Glimmora
|-crit|p2a: Glimmora
|-damage|p2a: Glimmora|0 fnt
|faint|p2a: Glimmora
|
|t:|1758306483
|-end|p1a: Raging Bolt|Protosynthesis|[silent]
|switch|p1a: Moltres|Moltres|100/100|[from] Volt Switch
|
|upkeep
|
|t:|1758306489
|switch|p2a: Dragapult|Dragapult, M|100/100
|turn|7
|
|t:|1758306496
|-terastallize|p2a: Dragapult|Ghost
|move|p2a: Dragapult|Shadow Ball|p1a: Moltres
|-damage|p1a: Moltres|31/100
|-unboost|p1a: Moltres|spd|1
|move|p1a: Moltres|Will-O-Wisp|p2a: Dragapult
|-status|p2a: Dragapult|brn
|
|-damage|p2a: Dragapult|95/100 brn|[from] brn
|upkeep
|turn|8
|
|t:|1758306511
|move|p2a: Dragapult|Shadow Ball|p1a: Moltres
|-damage|p1a: Moltres|0 fnt
|faint|p1a: Moltres
|
|-damage|p2a: Dragapult|89/100 brn|[from] brn
|upkeep
|
|t:|1758306513
|switch|p1a: Raging Bolt|Raging Bolt|94/100 tox
|-damage|p1a: Raging Bolt|82/100 tox|[from] Stealth Rock
|turn|9
|
|t:|1758306521
|switch|p2a: Ting-Lu|Ting-Lu|27/100
|-ability|p2a: Ting-Lu|Vessel of Ruin
|move|p1a: Raging Bolt|Draco Meteor|p2a: Ting-Lu
|-damage|p2a: Ting-Lu|0 fnt
|-unboost|p1a: Raging Bolt|spa|2
|faint|p2a: Ting-Lu
|
|-damage|p1a: Raging Bolt|76/100 tox|[from] psn
|upkeep
|
|t:|1758306528
|switch|p2a: Great Tusk|Great Tusk|100/100
|turn|10
|
|t:|1758306532
|move|p2a: Great Tusk|Headlong Rush|p1a: Raging Bolt
|-supereffective|p1a: Raging Bolt
|-damage|p1a: Raging Bolt|0 fnt
|-unboost|p2a: Great Tusk|def|1
|-unboost|p2a: Great Tusk|spd|1
|faint|p1a: Raging Bolt
|-end|p1a: Raging Bolt|Protosynthesis|[silent]
|
|upkeep
|
|t:|1758306535
|switch|p1a: Great Tusk|Great Tusk|100/100
|turn|11
|
|t:|1758306538
|-end|p2a: Great Tusk|Protosynthesis|[silent]
|switch|p2a: Gholdengo|Gholdengo|100/100
|move|p1a: Great Tusk|Ice Spinner|p2a: Gholdengo
|-resisted|p2a: Gholdengo
|-damage|p2a: Gholdengo|90/100
|-damage|p1a: Great Tusk|84/100|[from] item: Rocky Helmet|[of] p2a: Gholdengo
|
|upkeep
|turn|12
|
|t:|1758306547
|switch|p2a: Moltres|Moltres|100/100
|move|p1a: Great Tusk|Headlong Rush|p2a: Moltres
|-immune|p2a: Moltres
|
|upkeep
|turn|13
|
|t:|1758306553
|move|p1a: Great Tusk|Rapid Spin|p2a: Moltres
|-damage|p2a: Moltres|88/100
|-boost|p1a: Great Tusk|spe|1
|-sideend|p1: Catactual|Toxic Spikes|[from] move: Rapid Spin|[of] p1a: Great Tusk
|-sideend|p1: Catactual|Stealth Rock|[from] move: Rapid Spin|[of] p1a: Great Tusk
|move|p2a: Moltres|U-turn|p1a: Great Tusk
|-resisted|p1a: Great Tusk
|-damage|p1a: Great Tusk|78/100
|
|t:|1758306556
|switch|p2a: Great Tusk|Great Tusk|100/100|[from] U-turn
|
|upkeep
|turn|14
|
|t:|1758306560
|move|p1a: Great Tusk|Ice Spinner|p2a: Great Tusk
|-supereffective|p2a: Great Tusk
|-damage|p2a: Great Tusk|57/100
|move|p2a: Great Tusk|Headlong Rush|p1a: Great Tusk
|-damage|p1a: Great Tusk|9/100
|-unboost|p2a: Great Tusk|def|1
|-unboost|p2a: Great Tusk|spd|1
|
|upkeep
|turn|15
|
|t:|1758306564
|-end|p2a: Great Tusk|Protosynthesis|[silent]
|switch|p2a: Moltres|Moltres|88/100
|move|p1a: Great Tusk|Ice Spinner|p2a: Moltres
|-damage|p2a: Moltres|68/100
|
|upkeep
|turn|16
|
|t:|1758306566
|move|p1a: Great Tusk|Stealth Rock|p2a: Moltres
|-sidestart|p2: god of joe|move: Stealth Rock
|move|p2a: Moltres|Roost|p2a: Moltres
|-heal|p2a: Moltres|100/100
|-singleturn|p2a: Moltres|move: Roost
|
|upkeep
|turn|17
|
|t:|1758306570
|move|p1a: Great Tusk|Ice Spinner|p2a: Moltres
|-damage|p2a: Moltres|82/100
|move|p2a: Moltres|Flamethrower|p1a: Great Tusk
|-damage|p1a: Great Tusk|0 fnt
|faint|p1a: Great Tusk
|-end|p1a: Great Tusk|Protosynthesis|[silent]
|
|upkeep
|
|t:|1758306575
|switch|p1a: Iron Crown|Iron Crown|100/100
|turn|18
|
|t:|1758306583
|move|p1a: Iron Crown|Psychic Noise|p2a: Moltres
|-damage|p2a: Moltres|40/100
|-start|p2a: Moltres|move: Heal Block
|move|p2a: Moltres|Flamethrower|p1a: Iron Crown
|-supereffective|p1a: Iron Crown
|-damage|p1a: Iron Crown|26/100
|
|-heal|p1a: Iron Crown|32/100|[from] item: Leftovers
|upkeep
|turn|19
|
|t:|1758306592
|-end|p1a: Iron Crown|Quark Drive|[silent]
|switch|p1a: Dragapult|Dragapult, F|51/100
|switch|p2a: Gholdengo|Gholdengo|90/100
|-damage|p2a: Gholdengo|84/100|[from] Stealth Rock
|
|upkeep
|turn|20
|
|t:|1758306596
|-terastallize|p1a: Dragapult|Ghost
|move|p1a: Dragapult|Tera Blast|p2a: Gholdengo|[anim] Tera Blast Ghost
|-supereffective|p2a: Gholdengo
|-damage|p2a: Gholdengo|0 fnt
|faint|p2a: Gholdengo
|
|upkeep
|
|t:|1758306602
|switch|p2a: Great Tusk|Great Tusk|57/100
|-damage|p2a: Great Tusk|54/100|[from] Stealth Rock
|turn|21
|
|t:|1758306606
|move|p1a: Dragapult|Tera Blast|p2a: Great Tusk|[anim] Tera Blast Ghost
|-damage|p2a: Great Tusk|0 fnt
|faint|p2a: Great Tusk
|-end|p2a: Great Tusk|Protosynthesis|[silent]
|
|upkeep
|
|t:|1758306611
|switch|p2a: Dragapult|Dragapult, M, tera:Ghost|89/100 brn
|-damage|p2a: Dragapult|76/100 brn|[from] Stealth Rock
|turn|22
|
|t:|1758306617
|move|p2a: Dragapult|Shadow Ball|p1a: Dragapult
|-supereffective|p1a: Dragapult
|-damage|p1a: Dragapult|0 fnt
|faint|p1a: Dragapult
|
|-damage|p2a: Dragapult|70/100 brn|[from] brn
|upkeep
|-message|Catactual forfeited.
|
|win|god of joe
|raw|Catactual's rating: 1595 &rarr; <strong>1578</strong><br />(-17 for losing)
|raw|god of joe's rating: 1647 &rarr; <strong>1664</strong><br />(+17 for winning)
|l|☆Catactual
|player|p1|
|l|☆god of joe
|player|p2|
