|j|☆2ss
|j|☆ryyyrrt
|t:|1758360712
|gametype|singles
|player|p1|2ss|gentleman-gen4dp|1181
|player|p2|ryyyrrt|266|1134
|gen|9
|tier|[Gen 9] OU
|rated|
|rule|HP Percentage Mod: HP is shown in percentages
|rule|Endless Battle Clause: Forcing endless battles is banned
|rule|Species Clause: Limit one of each Pokémon
|rule|OHKO Clause: OHKO moves are banned
|rule|Evasion Items Clause: Evasion items are banned
|rule|Evasion Moves Clause: Evasion moves are banned
|rule|Evasion Abilities Clause: Evasion abilities are banned
|rule|Sleep Moves Clause: Sleep-inducing moves are banned
|clearpoke
|poke|p1|Clodsire, M|
|poke|p1|Gliscor, F|
|poke|p1|Blissey, F|
|poke|p1|Gholdengo|
|poke|p1|Darkrai|
|poke|p1|Dondozo, M|
|poke|p2|Gastrodon-East, F|
|poke|p2|Great Tusk|
|poke|p2|Corviknight, M|
|poke|p2|Gliscor, M|
|poke|p2|Kingambit, M|
|poke|p2|Garganacl, M|
|teampreview
|
|t:|1758360726
|teamsize|p1|6
|teamsize|p2|6
|start
|switch|p1a: Clodsire|Clodsire, M|100/100
|switch|p2a: Gliscor|Gliscor, M|100/100
|turn|1
|
|t:|1758360734
|move|p2a: Gliscor|Knock Off|p1a: Clodsire
|-damage|p1a: Clodsire|81/100
|-enditem|p1a: Clodsire|Leftovers|[from] move: Knock Off|[of] p2a: Gliscor
|move|p1a: Clodsire|Stealth Rock|p2a: Gliscor
|-sidestart|p2: ryyyrrt|move: Stealth Rock
|
|-status|p2a: Gliscor|tox|[from] item: Toxic Orb
|upkeep
|turn|2
|
|t:|1758360744
|switch|p2a: Corviknight|Corviknight, M, shiny|100/100
|-damage|p2a: Corviknight|88/100|[from] Stealth Rock
|-ability|p2a: Corviknight|Pressure
|switch|p1a: Dondozo|Dondozo, M, shiny|100/100
|
|-heal|p2a: Corviknight|94/100|[from] item: Leftovers
|upkeep
|turn|3
|
|t:|1758360751
|move|p2a: Corviknight|U-turn|p1a: Dondozo
|-damage|p1a: Dondozo|95/100
|
|t:|1758360754
|switch|p2a: Gastrodon|Gastrodon-East, F|100/100|[from] U-turn
|-damage|p2a: Gastrodon|94/100|[from] Stealth Rock
|move|p1a: Dondozo|Curse|p1a: Dondozo
|-unboost|p1a: Dondozo|spe|1
|-boost|p1a: Dondozo|atk|1
|-boost|p1a: Dondozo|def|1
|
|-heal|p2a: Gastrodon|100/100|[from] item: Leftovers
|-heal|p1a: Dondozo|100/100|[from] item: Leftovers
|upkeep
|turn|4
|
|t:|1758360761
|move|p2a: Gastrodon|Earth Power|p1a: Dondozo
|-damage|p1a: Dondozo|73/100
|move|p1a: Dondozo|Waterfall|p2a: Gastrodon
|-ability|p2a: Gastrodon|Storm Drain|boost
|-boost|p2a: Gastrodon|spa|1
|
|-heal|p1a: Dondozo|79/100|[from] item: Leftovers
|upkeep
|turn|5
|
|t:|1758360772
|switch|p1a: Gliscor|Gliscor, F, shiny|100/100
|move|p2a: Gastrodon|Spikes|p1a: Gliscor
|-sidestart|p1: 2ss|Spikes
|
|-status|p1a: Gliscor|tox|[from] item: Toxic Orb
|upkeep
|turn|6
|
|t:|1758360780
|switch|p2a: Gliscor|Gliscor, M|100/100 tox
|-damage|p2a: Gliscor|88/100 tox|[from] Stealth Rock
|move|p1a: Gliscor|Toxic|p2a: Gliscor
|-fail|p2a: Gliscor|tox
|
|-heal|p2a: Gliscor|100/100 tox|[from] ability: Poison Heal
|upkeep
|turn|7
|
|t:|1758360786
|move|p1a: Gliscor|Protect|p1a: Gliscor
|-singleturn|p1a: Gliscor|Protect
|move|p2a: Gliscor|Swords Dance|p2a: Gliscor
|-boost|p2a: Gliscor|atk|2
|
|upkeep
|turn|8
|
|t:|1758360796
|move|p2a: Gliscor|Facade|p1a: Gliscor
|-damage|p1a: Gliscor|63/100 tox
|move|p1a: Gliscor|Substitute|p1a: Gliscor
|-start|p1a: Gliscor|Substitute
|-damage|p1a: Gliscor|38/100 tox
|
|-heal|p1a: Gliscor|50/100 tox|[from] ability: Poison Heal
|upkeep
|turn|9
|
|t:|1758360803
|move|p1a: Gliscor|Protect|p1a: Gliscor
|-singleturn|p1a: Gliscor|Protect
|move|p2a: Gliscor|Swords Dance|p2a: Gliscor
|-boost|p2a: Gliscor|atk|2
|
|-heal|p1a: Gliscor|63/100 tox|[from] ability: Poison Heal
|upkeep
|turn|10
|
|t:|1758360819
|switch|p1a: Dondozo|Dondozo, M, shiny|79/100
|-damage|p1a: Dondozo|67/100|[from] Spikes
|move|p2a: Gliscor|Knock Off|p1a: Dondozo
|-damage|p1a: Dondozo|57/100
|-enditem|p1a: Dondozo|Leftovers|[from] move: Knock Off|[of] p2a: Gliscor
|
|upkeep
|turn|11
|
|t:|1758360826
|switch|p2a: Gastrodon|Gastrodon-East, F|100/100
|-damage|p2a: Gastrodon|94/100|[from] Stealth Rock
|move|p1a: Dondozo|Curse|p1a: Dondozo
|-unboost|p1a: Dondozo|spe|1
|-boost|p1a: Dondozo|atk|1
|-boost|p1a: Dondozo|def|1
|
|-heal|p2a: Gastrodon|100/100|[from] item: Leftovers
|upkeep
|turn|12
|
|t:|1758360836
|switch|p1a: Blissey|Blissey, F, shiny|100/100
|-damage|p1a: Blissey|88/100|[from] Spikes
|move|p2a: Gastrodon|Spikes|p1a: Blissey
|-sidestart|p1: 2ss|Spikes
|
|-heal|p1a: Blissey|94/100|[from] item: Leftovers
|upkeep
|turn|13
|
|t:|1758360847
|switch|p2a: Corviknight|Corviknight, M, shiny|94/100
|-damage|p2a: Corviknight|82/100|[from] Stealth Rock
|-ability|p2a: Corviknight|Pressure
|move|p1a: Blissey|Seismic Toss|p2a: Corviknight
|-damage|p2a: Corviknight|57/100
|
|-heal|p1a: Blissey|99/100|[from] item: Leftovers
|-heal|p2a: Corviknight|63/100|[from] item: Leftovers
|upkeep
|turn|14
|
|t:|1758360856
|move|p1a: Blissey|Seismic Toss|p2a: Corviknight
|-damage|p2a: Corviknight|38/100
|move|p2a: Corviknight|U-turn|p1a: Blissey
|-damage|p1a: Blissey|88/100
|
|t:|1758360860
|switch|p2a: Great Tusk|Great Tusk|100/100|[from] U-turn
|-damage|p2a: Great Tusk|98/100|[from] Stealth Rock
|
|-heal|p2a: Great Tusk|100/100|[from] item: Leftovers
|-heal|p1a: Blissey|94/100|[from] item: Leftovers
|upkeep
|turn|15
|
|t:|1758360868
|switch|p1a: Gholdengo|Gholdengo, shiny|100/100
|-damage|p1a: Gholdengo|84/100|[from] Spikes
|move|p2a: Great Tusk|Stealth Rock|p1a: Gholdengo
|-sidestart|p1: 2ss|move: Stealth Rock
|
|upkeep
|turn|16
|-message|2ss forfeited.
|
|win|ryyyrrt
|raw|2ss's rating: 1181 &rarr; <strong>1153</strong><br />(-28 for losing)
|raw|ryyyrrt's rating: 1134 &rarr; <strong>1162</strong><br />(+28 for winning)
|l|☆2ss
|player|p1|
