|j|☆ThatBrownBoy
|j|☆teubinrv
|t:|1758320745
|gametype|singles
|player|p1|ThatBrownBoy|169|1382
|player|p2|teubinrv|benga|1394
|gen|9
|tier|[Gen 9] OU
|rated|
|rule|HP Percentage Mod: HP is shown in percentages
|rule|Endless Battle Clause: Forcing endless battles is banned
|rule|Species Clause: Limit one of each Pokémon
|rule|OHKO Clause: OHKO moves are banned
|rule|Evasion Items Clause: Evasion items are banned
|rule|Evasion Moves Clause: Evasion moves are banned
|rule|Evasion Abilities Clause: Evasion abilities are banned
|rule|Sleep Moves Clause: Sleep-inducing moves are banned
|clearpoke
|poke|p1|Ambipom, F|
|poke|p1|Grimmsnarl, M|
|poke|p1|Ursaluna, F|
|poke|p1|Dragonite, M|
|poke|p1|Zoroark-Hisui, M|
|poke|p1|Corviknight, F|
|poke|p2|Iron Moth|
|poke|p2|Kingambit, M|
|poke|p2|Tinkaton, F|
|poke|p2|Samurott-Hisui, M|
|poke|p2|Zapdos|
|poke|p2|Great Tusk|
|teampreview
|inactive|Battle timer is ON: inactive players will automatically lose when time's up. (requested by teubinrv)
|inactive|ThatBrownBoy also wants the timer to be on.
|
|t:|1758320758
|teamsize|p1|6
|teamsize|p2|6
|start
|switch|p1a: Ursaluna|Ursaluna, F, shiny|100/100
|switch|p2a: Tinkaton|Tinkaton, F|100/100
|-item|p2a: Tinkaton|Air Balloon
|turn|1
|inactive|teubinrv has 120 seconds left.
|inactive|teubinrv has 90 seconds left.
|
|t:|1758320820
|switch|p1a: Corviknight|Corviknight, F|100/100
|-ability|p1a: Corviknight|Pressure
|move|p2a: Tinkaton|Stealth Rock|p1a: Corviknight
|-sidestart|p1: ThatBrownBoy|move: Stealth Rock
|
|upkeep
|turn|2
|
|t:|1758320827
|switch|p2a: Zapdos|Zapdos|100/100
|move|p1a: Corviknight|Defog|p2a: Zapdos
|-unboost|p2a: Zapdos|evasion|1
|-sideend|p1: ThatBrownBoy|Stealth Rock|[from] move: Defog|[of] p1a: Corviknight
|
|upkeep
|turn|3
|
|t:|1758320834
|switch|p1a: Ursaluna|Ursaluna, F, shiny|100/100
|move|p2a: Zapdos|Thunderbolt|p1a: Ursaluna
|-immune|p1a: Ursaluna
|
|-status|p1a: Ursaluna|brn|[from] item: Flame Orb
|upkeep
|turn|4
|
|t:|1758320838
|move|p2a: Zapdos|Hurricane|p1a: Ursaluna
|-damage|p1a: Ursaluna|56/100 brn
|move|p1a: Ursaluna|Ice Punch|p2a: Zapdos
|-supereffective|p2a: Zapdos
|-damage|p2a: Zapdos|5/100
|
|-damage|p1a: Ursaluna|50/100 brn|[from] brn
|upkeep
|turn|5
|
|t:|1758320843
|move|p2a: Zapdos|Hurricane|p1a: Ursaluna
|-damage|p1a: Ursaluna|3/100 brn
|move|p1a: Ursaluna|Facade|p2a: Zapdos
|-damage|p2a: Zapdos|0 fnt
|faint|p2a: Zapdos
|
|-damage|p1a: Ursaluna|0 fnt|[from] brn
|faint|p1a: Ursaluna
|upkeep
|inactive|teubinrv has 120 seconds left.
|
|t:|1758320853
|switch|p2a: Tinkaton|Tinkaton, F|100/100
|switch|p1a: Ambipom|Ambipom, F, shiny|100/100
|-item|p2a: Tinkaton|Air Balloon
|turn|6
|
|t:|1758320858
|move|p1a: Ambipom|U-turn|p2a: Tinkaton
|-resisted|p2a: Tinkaton
|-damage|p2a: Tinkaton|95/100
|-enditem|p2a: Tinkaton|Air Balloon
|-enditem|p1a: Ambipom|Silk Scarf|[silent]|[from] ability: Pickpocket|[of] p1a: Ambipom
|-item|p2a: Tinkaton|Silk Scarf|[from] ability: Pickpocket|[of] p1a: Ambipom
|
|t:|1758320869
|switch|p1a: Corviknight|Corviknight, F|100/100|[from] U-turn
|-ability|p1a: Corviknight|Pressure
|move|p2a: Tinkaton|Thunder Wave|p1a: Corviknight
|-status|p1a: Corviknight|par
|
|upkeep
|turn|7
|
|t:|1758320876
|move|p2a: Tinkaton|Stealth Rock|p1a: Corviknight
|-sidestart|p1: ThatBrownBoy|move: Stealth Rock
|cant|p1a: Corviknight|par
|
|upkeep
|turn|8
|inactive|teubinrv has 120 seconds left.
|
|t:|1758320926
|move|p2a: Tinkaton|Knock Off|p1a: Corviknight
|-damage|p1a: Corviknight|91/100 par
|-damage|p2a: Tinkaton|79/100|[from] item: Rocky Helmet|[of] p1a: Corviknight
|-enditem|p1a: Corviknight|Rocky Helmet|[from] move: Knock Off|[of] p2a: Tinkaton
|move|p1a: Corviknight|Defog|p2a: Tinkaton
|-unboost|p2a: Tinkaton|evasion|1
|-sideend|p1: ThatBrownBoy|Stealth Rock|[from] move: Defog|[of] p1a: Corviknight
|
|upkeep
|turn|9
|
|t:|1758320939
|move|p2a: Tinkaton|Stealth Rock|p1a: Corviknight
|-sidestart|p1: ThatBrownBoy|move: Stealth Rock
|move|p1a: Corviknight|Body Press|p2a: Tinkaton
|-damage|p2a: Tinkaton|48/100
|
|upkeep
|turn|10
|
|t:|1758320951
|move|p2a: Tinkaton|Gigaton Hammer|p1a: Corviknight
|-resisted|p1a: Corviknight
|-damage|p1a: Corviknight|79/100 par
|move|p1a: Corviknight|Defog|p2a: Tinkaton
|-unboost|p2a: Tinkaton|evasion|1
|-sideend|p1: ThatBrownBoy|Stealth Rock|[from] move: Defog|[of] p1a: Corviknight
|
|upkeep
|turn|11
|
|t:|1758320958
|move|p2a: Tinkaton|Stealth Rock|p1a: Corviknight
|-sidestart|p1: ThatBrownBoy|move: Stealth Rock
|move|p1a: Corviknight|Body Press|p2a: Tinkaton
|-damage|p2a: Tinkaton|19/100
|
|upkeep
|turn|12
|inactive|teubinrv has 120 seconds left.
|
|t:|1758320965
|move|p2a: Tinkaton|Knock Off|p1a: Corviknight
|-crit|p1a: Corviknight
|-damage|p1a: Corviknight|67/100 par
|move|p1a: Corviknight|Defog|p2a: Tinkaton
|-unboost|p2a: Tinkaton|evasion|1
|-sideend|p1: ThatBrownBoy|Stealth Rock|[from] move: Defog|[of] p1a: Corviknight
|
|upkeep
|turn|13
|
|t:|1758320969
|move|p2a: Tinkaton|Gigaton Hammer|p1a: Corviknight
|-resisted|p1a: Corviknight
|-damage|p1a: Corviknight|55/100 par
|move|p1a: Corviknight|Roost|p1a: Corviknight
|-heal|p1a: Corviknight|100/100 par
|-singleturn|p1a: Corviknight|move: Roost
|
|upkeep
|turn|14
|
|t:|1758320982
|move|p2a: Tinkaton|Knock Off|p1a: Corviknight
|-damage|p1a: Corviknight|93/100 par
|cant|p1a: Corviknight|par
|
|upkeep
|turn|15
|
|t:|1758320996
|move|p2a: Tinkaton|Knock Off|p1a: Corviknight
|-damage|p1a: Corviknight|86/100 par
|cant|p1a: Corviknight|par
|
|upkeep
|turn|16
|
|t:|1758321004
|move|p2a: Tinkaton|Gigaton Hammer|p1a: Corviknight
|-resisted|p1a: Corviknight
|-damage|p1a: Corviknight|72/100 par
|cant|p1a: Corviknight|par
|
|upkeep
|turn|17
|
|t:|1758321009
|move|p2a: Tinkaton|Knock Off|p1a: Corviknight
|-damage|p1a: Corviknight|66/100 par
|move|p1a: Corviknight|Roost|p1a: Corviknight
|-heal|p1a: Corviknight|100/100 par
|-singleturn|p1a: Corviknight|move: Roost
|
|upkeep
|turn|18
|
|t:|1758321017
|move|p2a: Tinkaton|Gigaton Hammer|p1a: Corviknight
|-resisted|p1a: Corviknight
|-damage|p1a: Corviknight|88/100 par
|move|p1a: Corviknight|Body Press|p2a: Tinkaton
|-damage|p2a: Tinkaton|0 fnt
|faint|p2a: Tinkaton
|
|upkeep
|
|t:|1758321026
|switch|p2a: Iron Moth|Iron Moth|100/100
|-enditem|p2a: Iron Moth|Booster Energy
|-activate|p2a: Iron Moth|ability: Quark Drive|[fromitem]
|-start|p2a: Iron Moth|quarkdrivespa
|turn|19
|
|t:|1758321036
|move|p2a: Iron Moth|Fiery Dance|p1a: Corviknight
|-supereffective|p1a: Corviknight
|-damage|p1a: Corviknight|0 fnt
|-boost|p2a: Iron Moth|spa|1
|faint|p1a: Corviknight
|
|upkeep
|
|t:|1758321040
|switch|p1a: Dragonite|Dragonite, M, shiny|100/100
|turn|20
|
|t:|1758321045
|-terastallize|p2a: Iron Moth|Fairy
|move|p2a: Iron Moth|Dazzling Gleam|p1a: Dragonite
|-supereffective|p1a: Dragonite
|-damage|p1a: Dragonite|10/100
|move|p1a: Dragonite|Dragon Dance|p1a: Dragonite
|-boost|p1a: Dragonite|atk|1
|-boost|p1a: Dragonite|spe|1
|
|upkeep
|turn|21
|
|t:|1758321050
|move|p1a: Dragonite|Extreme Speed|p2a: Iron Moth
|-damage|p2a: Iron Moth|24/100
|move|p2a: Iron Moth|Dazzling Gleam|p1a: Dragonite
|-supereffective|p1a: Dragonite
|-damage|p1a: Dragonite|0 fnt
|faint|p1a: Dragonite
|
|upkeep
|
|t:|1758321055
|switch|p1a: Ambipom|Ambipom, F, shiny|100/100
|turn|22
|
|t:|1758321058
|move|p1a: Ambipom|Fake Out|p2a: Iron Moth
|-damage|p2a: Iron Moth|0 fnt
|faint|p2a: Iron Moth
|-end|p2a: Iron Moth|Quark Drive|[silent]
|
|upkeep
|
|t:|1758321062
|switch|p2a: Samurott|Samurott-Hisui, M|100/100
|turn|23
|
|t:|1758321065
|switch|p1a: Grimmsnarl|Grimmsnarl, M, shiny|100/100
|move|p2a: Samurott|Sacred Sword|p1a: Grimmsnarl
|-damage|p1a: Grimmsnarl|46/100
|
|upkeep
|turn|24
|
|t:|1758321073
|move|p1a: Grimmsnarl|Fake Out|p2a: Samurott
|-crit|p2a: Samurott
|-damage|p2a: Samurott|75/100
|cant|p2a: Samurott|flinch
|
|upkeep
|turn|25
|
|t:|1758321076
|move|p2a: Samurott|Sacred Sword|p1a: Grimmsnarl
|-damage|p1a: Grimmsnarl|0 fnt
|faint|p1a: Grimmsnarl
|
|upkeep
|
|t:|1758321081
|switch|p1a: Ambipom|Ambipom, F, shiny|100/100
|turn|26
|
|t:|1758321087
|-terastallize|p1a: Ambipom|Normal
|move|p1a: Ambipom|Fake Out|p2a: Samurott
|-crit|p2a: Samurott
|-damage|p2a: Samurott|12/100
|cant|p2a: Samurott|flinch
|
|upkeep
|turn|27
|
|t:|1758321093
|move|p2a: Samurott|Sacred Sword|p1a: Ambipom
|-supereffective|p1a: Ambipom
|-damage|p1a: Ambipom|0 fnt
|faint|p1a: Ambipom
|
|upkeep
|
|t:|1758321099
|switch|p1a: Zoroark|Zoroark-Hisui, M, shiny|100/100
|turn|28
|
|t:|1758321102
|move|p2a: Samurott|Sacred Sword|p1a: Zoroark
|-immune|p1a: Zoroark
|move|p1a: Zoroark|Nasty Plot|p1a: Zoroark
|-boost|p1a: Zoroark|spa|2
|
|upkeep
|turn|29
|
|t:|1758321107
|move|p2a: Samurott|Sacred Sword|p1a: Zoroark
|-immune|p1a: Zoroark
|move|p1a: Zoroark|Hyper Voice|p2a: Samurott
|-damage|p2a: Samurott|0 fnt
|faint|p2a: Samurott
|
|upkeep
|
|t:|1758321110
|switch|p2a: Great Tusk|Great Tusk|100/100
|turn|30
|
|t:|1758321112
|move|p1a: Zoroark|Hyper Voice|p2a: Great Tusk
|-damage|p2a: Great Tusk|0 fnt
|faint|p2a: Great Tusk
|-end|p2a: Great Tusk|Protosynthesis|[silent]
|
|upkeep
|
|t:|1758321115
|switch|p2a: Kingambit|Kingambit, M|100/100
|-activate|p2a: Kingambit|ability: Supreme Overlord
|-start|p2a: Kingambit|fallen5|[silent]
|turn|31
|
|t:|1758321118
|move|p2a: Kingambit|Sucker Punch|p1a: Zoroark
|-supereffective|p1a: Zoroark
|-enditem|p1a: Zoroark|Focus Sash
|-damage|p1a: Zoroark|1/100
|move|p1a: Zoroark|Flamethrower|p2a: Kingambit
|-supereffective|p2a: Kingambit
|-damage|p2a: Kingambit|0 fnt
|faint|p2a: Kingambit
|-end|p2a: Kingambit|fallen5|[silent]
|
|win|ThatBrownBoy
|raw|ThatBrownBoy's rating: 1382 &rarr; <strong>1403</strong><br />(+21 for winning)
|raw|teubinrv's rating: 1394 &rarr; <strong>1373</strong><br />(-21 for losing)
|c|☆ThatBrownBoy|gg
|c|☆teubinrv|GG
|l|☆teubinrv
|player|p2|
