|j|☆Beto1769
|j|☆Nikator98
|t:|1758297949
|gametype|singles
|player|p1|Beto1769|erika|1637
|player|p2|Nikator98|giovanni|1635
|gen|9
|tier|[Gen 9] OU
|rated|
|rule|HP Percentage Mod: HP is shown in percentages
|rule|Endless Battle Clause: Forcing endless battles is banned
|rule|Species Clause: Limit one of each Pokémon
|rule|OHKO Clause: OHKO moves are banned
|rule|Evasion Items Clause: Evasion items are banned
|rule|Evasion Moves Clause: Evasion moves are banned
|rule|Evasion Abilities Clause: Evasion abilities are banned
|rule|Sleep Moves Clause: Sleep-inducing moves are banned
|clearpoke
|poke|p1|Dragonite, F|
|poke|p1|Zamazenta-*|
|poke|p1|Landorus-Therian, M|
|poke|p1|Gholdengo|
|poke|p1|Darkrai|
|poke|p1|Hatterene, F|
|poke|p2|Metagross|
|poke|p2|Great Tusk|
|poke|p2|Haxorus, M|
|poke|p2|Iron Moth|
|poke|p2|Zoroark-Hisui, M|
|poke|p2|Ninetales-Alola, F|
|teampreview
|inactive|Battle timer is ON: inactive players will automatically lose when time's up. (requested by Nikator98)
|
|t:|1758297983
|teamsize|p1|6
|teamsize|p2|6
|start
|switch|p1a: Darkrai|Darkrai|100/100
|switch|p2a: Arquillian Sentry|Metagross|100/100
|turn|1
|
|t:|1758297989
|-terastallize|p2a: Arquillian Sentry|Fairy
|move|p1a: Darkrai|Will-O-Wisp|p2a: Arquillian Sentry
|-status|p2a: Arquillian Sentry|brn
|move|p2a: Arquillian Sentry|Tera Blast|p1a: Darkrai|[anim] Tera Blast Fairy
|-supereffective|p1a: Darkrai
|-damage|p1a: Darkrai|0 fnt
|faint|p1a: Darkrai
|
|-damage|p2a: Arquillian Sentry|95/100 brn|[from] brn
|upkeep
|c|☆Beto1769|wow
|c|☆Beto1769|strong mon
|inactive|Beto1769 has 120 seconds left.
|
|t:|1758298019
|switch|p1a: Hatterene|Hatterene, F|100/100
|turn|2
|
|t:|1758298025
|switch|p2a: Arquillian Sentry|Metagross|100/100
|move|p1a: Hatterene|Mystical Fire|p2a: Arquillian Sentry
|-supereffective|p2a: Arquillian Sentry
|-damage|p2a: Arquillian Sentry|41/100
|
|upkeep
|turn|3
|
|t:|1758298035
|switch|p1a: Landorus|Landorus-Therian, M|100/100
|-ability|p1a: Landorus|Intimidate|boost
|-fail|p2a: Arquillian Sentry|unboost|[from] ability: Clear Body|[of] p2a: Arquillian Sentry
|move|p2a: Arquillian Sentry|Meteor Mash|p1a: Landorus
|-damage|p1a: Landorus|52/100
|-damage|p2a: Arquillian Sentry|25/100|[from] item: Rocky Helmet|[of] p1a: Landorus
|
|upkeep
|turn|4
|
|t:|1758298044
|switch|p2a: Asfaloth|Ninetales-Alola, F, shiny|100/100
|-weather|Snowscape|[from] ability: Snow Warning|[of] p2a: Asfaloth
|move|p1a: Landorus|Stealth Rock|p2a: Asfaloth
|-sidestart|p2: Nikator98|move: Stealth Rock
|
|-weather|Snowscape|[upkeep]
|upkeep
|turn|5
|
|t:|1758298055
|switch|p1a: Hatterene|Hatterene, F|100/100
|move|p2a: Asfaloth|Aurora Veil|p2a: Asfaloth
|-sidestart|p2: Nikator98|move: Aurora Veil
|
|-weather|Snowscape|[upkeep]
|upkeep
|turn|6
|
|t:|1758298065
|move|p2a: Asfaloth|Moonblast|p1a: Hatterene
|-damage|p1a: Hatterene|81/100
|-unboost|p1a: Hatterene|spa|1
|move|p1a: Hatterene|Mystical Fire|p2a: Asfaloth
|-supereffective|p2a: Asfaloth
|-crit|p2a: Asfaloth
|-damage|p2a: Asfaloth|10/100
|-unboost|p2a: Asfaloth|spa|1
|
|-weather|Snowscape|[upkeep]
|upkeep
|turn|7
|
|t:|1758298085
|move|p2a: Asfaloth|Moonblast|p1a: Hatterene
|-damage|p1a: Hatterene|68/100
|move|p1a: Hatterene|Psychic Noise|p2a: Asfaloth
|-damage|p2a: Asfaloth|0 fnt
|faint|p2a: Asfaloth
|
|-weather|Snowscape|[upkeep]
|upkeep
|
|t:|1758298099
|switch|p2a: Kumaryia|Great Tusk, shiny, tera:Fairy|95/100 brn
|-damage|p2a: Kumaryia|82/100 brn|[from] Stealth Rock
|turn|8
|
|t:|1758298109
|move|p2a: Kumaryia|Bitter Malice|p1a: Hatterene
|-supereffective|p1a: Hatterene
|-damage|p1a: Hatterene|0 fnt
|faint|p1a: Hatterene
|
|-weather|none
|-damage|p2a: Kumaryia|76/100 brn|[from] brn
|upkeep
|c|☆Beto1769|!dt mitter malice
'mitter malice' has no exact match. Approximate match:
|raw|<ul class="utilichart"><li class="result"><span class="col movenamecol"><a href="https://dex.pokemonshowdown.com/moves/bittermalice">Bitter Malice</a></span> <span class="col typecol"><img src="//play.pokemonshowdown.com/sprites/types/Ghost.png" alt="Ghost" width="32" height="14"><img src="//play.pokemonshowdown.com/sprites/categories/Special.png" alt="Special" width="32" height="14"></span> <span class="col labelcol"><em>Power</em><br>75</span> <span class="col widelabelcol"><em>Accuracy</em><br>100%</span> <span class="col pplabelcol"><em>PP</em><br>16</span> <span class="col movedesccol">100% chance to lower the target's Attack by 1.</span> </li><li style="clear:both"></li></ul>
|raw|<font size="1"><font color="#686868">Priority:</font> 0&nbsp;|&ThickSpace;<font color="#686868">Gen:</font> 9&nbsp;|&ThickSpace;&#10003; Boosted by Sheer Force&nbsp;|&ThickSpace;<font color="#686868">Z-Power:</font> 140&nbsp;|&ThickSpace;<font color="#686868">Target:</font> One Adjacent Pokémon</font>

|inactive|Beto1769 has 120 seconds left.
|
|t:|1758298139
|switch|p1a: Dragonite|Dragonite, F|100/100
|turn|9
|
|t:|1758298144
|move|p2a: Kumaryia|Bitter Malice|p1a: Dragonite
|-damage|p1a: Dragonite|69/100
|-unboost|p1a: Dragonite|atk|1
|move|p1a: Dragonite|Dragon Dance|p1a: Dragonite
|-boost|p1a: Dragonite|atk|1
|-boost|p1a: Dragonite|spe|1
|
|-damage|p2a: Kumaryia|70/100 brn|[from] brn
|upkeep
|turn|10
|inactive|Beto1769 has 120 seconds left.
|
|t:|1758298167
|move|p1a: Dragonite|Earthquake|p2a: Kumaryia
|-damage|p2a: Kumaryia|34/100 brn
|replace|p2a: Van Helsing|Zoroark-Hisui, M, shiny
|-end|p2a: Van Helsing|Illusion
|move|p2a: Van Helsing|Bitter Malice|p1a: Dragonite
|-damage|p1a: Dragonite|5/100
|-unboost|p1a: Dragonite|atk|1
|
|-damage|p2a: Van Helsing|28/100 brn|[from] brn
|upkeep
|turn|11
|inactive|Beto1769 has 120 seconds left.
|
|t:|1758298181
|move|p1a: Dragonite|Earthquake|p2a: Van Helsing
|-damage|p2a: Van Helsing|4/100 brn
|move|p2a: Van Helsing|Bitter Malice|p1a: Dragonite
|-damage|p1a: Dragonite|0 fnt
|faint|p1a: Dragonite
|
|-damage|p2a: Van Helsing|0 fnt|[from] brn
|faint|p2a: Van Helsing
|upkeep
|inactive|Beto1769 has 120 seconds left.
|inactive|Nikator98 has 120 seconds left.
|
|t:|1758298209
|switch|p2a: Kumaryia|Great Tusk, shiny|100/100
|switch|p1a: Landorus|Landorus-Therian, M|52/100
|-ability|p1a: Landorus|Intimidate|boost
|-unboost|p2a: Kumaryia|atk|1
|turn|12
|
|t:|1758298215
|move|p2a: Kumaryia|Knock Off|p1a: Landorus
|-damage|p1a: Landorus|32/100
|-damage|p2a: Kumaryia|84/100|[from] item: Rocky Helmet|[of] p1a: Landorus
|-enditem|p1a: Landorus|Rocky Helmet|[from] move: Knock Off|[of] p2a: Kumaryia
|move|p1a: Landorus|U-turn|p2a: Kumaryia
|-resisted|p2a: Kumaryia
|-damage|p2a: Kumaryia|80/100
|
|t:|1758298217
|switch|p1a: Zamazenta|Zamazenta|100/100|[from] U-turn
|-ability|p1a: Zamazenta|Dauntless Shield|boost
|-boost|p1a: Zamazenta|def|1
|
|-sideend|p2: Nikator98|move: Aurora Veil
|upkeep
|turn|13
|j| wgw2333
|
|t:|1758298226
|move|p1a: Zamazenta|Iron Defense|p1a: Zamazenta
|-boost|p1a: Zamazenta|def|2
|move|p2a: Kumaryia|Rapid Spin|p1a: Zamazenta
|-damage|p1a: Zamazenta|97/100
|-boost|p2a: Kumaryia|spe|1
|-sideend|p2: Nikator98|Stealth Rock|[from] move: Rapid Spin|[of] p2a: Kumaryia
|
|-heal|p1a: Zamazenta|100/100|[from] item: Leftovers
|upkeep
|turn|14
|
|t:|1758298234
|move|p2a: Kumaryia|Knock Off|p1a: Zamazenta
|-resisted|p1a: Zamazenta
|-damage|p1a: Zamazenta|97/100
|-enditem|p1a: Zamazenta|Leftovers|[from] move: Knock Off|[of] p2a: Kumaryia
|move|p1a: Zamazenta|Iron Defense|p1a: Zamazenta
|-boost|p1a: Zamazenta|def|2
|
|upkeep
|turn|15
|
|t:|1758298242
|move|p2a: Kumaryia|Headlong Rush|p1a: Zamazenta
|-damage|p1a: Zamazenta|88/100
|-unboost|p2a: Kumaryia|def|1
|-unboost|p2a: Kumaryia|spd|1
|move|p1a: Zamazenta|Body Press|p2a: Kumaryia
|-damage|p2a: Kumaryia|0 fnt
|faint|p2a: Kumaryia
|-end|p2a: Kumaryia|Protosynthesis|[silent]
|
|upkeep
|
|t:|1758298252
|switch|p2a: Arquillian Sentry|Metagross|25/100
|turn|16
|-enditem|p2a: Arquillian Sentry|Custap Berry|[eat]
|-activate|p2a: Arquillian Sentry|item: Custap Berry|[consumed]
|
|t:|1758298255
|move|p2a: Arquillian Sentry|Psychic Fangs|p1a: Zamazenta
|-supereffective|p1a: Zamazenta
|-crit|p1a: Zamazenta
|-damage|p1a: Zamazenta|0 fnt
|faint|p1a: Zamazenta
|
|upkeep
|c|☆Beto1769|ohh
|c|☆Nikator98|sry
|c|☆Nikator98|for crit
|
|t:|1758298277
|switch|p1a: Landorus|Landorus-Therian, M|32/100
|-ability|p1a: Landorus|Intimidate|boost
|-fail|p2a: Arquillian Sentry|unboost|[from] ability: Clear Body|[of] p2a: Arquillian Sentry
|turn|17
|
|t:|1758298283
|move|p1a: Landorus|Stealth Rock|p2a: Arquillian Sentry
|-sidestart|p2: Nikator98|move: Stealth Rock
|move|p2a: Arquillian Sentry|Meteor Mash|p1a: Landorus
|-damage|p1a: Landorus|0 fnt
|faint|p1a: Landorus
|
|upkeep
|
|t:|1758298289
|switch|p1a: Gholdengo|Gholdengo|100/100
|turn|18
|
|t:|1758298293
|move|p1a: Gholdengo|Nasty Plot|p1a: Gholdengo
|-boost|p1a: Gholdengo|spa|2
|move|p2a: Arquillian Sentry|Meteor Mash|p1a: Gholdengo
|-resisted|p1a: Gholdengo
|-damage|p1a: Gholdengo|75/100
|
|upkeep
|turn|19
|
|t:|1758298299
|move|p1a: Gholdengo|Thunderbolt|p2a: Arquillian Sentry
|-damage|p2a: Arquillian Sentry|0 fnt
|faint|p2a: Arquillian Sentry
|
|upkeep
|
|t:|1758298314
|switch|p2a: Lacelle|Haxorus, M|100/100
|-damage|p2a: Lacelle|88/100|[from] Stealth Rock
|-ability|p2a: Lacelle|Mold Breaker
|turn|20
|
|t:|1758298319
|-terastallize|p1a: Gholdengo|Steel
|move|p2a: Lacelle|Scale Shot|p1a: Gholdengo
|-resisted|p1a: Gholdengo
|-damage|p1a: Gholdengo|67/100
|-resisted|p1a: Gholdengo
|-damage|p1a: Gholdengo|60/100
|-resisted|p1a: Gholdengo
|-damage|p1a: Gholdengo|54/100
|-resisted|p1a: Gholdengo
|-damage|p1a: Gholdengo|46/100
|-resisted|p1a: Gholdengo
|-crit|p1a: Gholdengo
|-damage|p1a: Gholdengo|34/100
|-hitcount|p1a: Gholdengo|5
|-unboost|p2a: Lacelle|def|1
|-boost|p2a: Lacelle|spe|1
|move|p1a: Gholdengo|Make It Rain|p2a: Lacelle
|-damage|p2a: Lacelle|0 fnt
|-unboost|p1a: Gholdengo|spa|1
|faint|p2a: Lacelle
|
|upkeep
|
|t:|1758298337
|switch|p2a: Gothmog|Iron Moth|100/100
|-damage|p2a: Gothmog|76/100|[from] Stealth Rock
|-enditem|p2a: Gothmog|Booster Energy
|-activate|p2a: Gothmog|ability: Quark Drive|[fromitem]
|-start|p2a: Gothmog|quarkdrivespe
|turn|21
|c|☆Nikator98|gg
|
|t:|1758298343
|move|p2a: Gothmog|Fiery Dance|p1a: Gholdengo
|-supereffective|p1a: Gholdengo
|-damage|p1a: Gholdengo|0 fnt
|-boost|p2a: Gothmog|spa|1
|faint|p1a: Gholdengo
|
|win|Nikator98
|raw|Beto1769's rating: 1637 &rarr; <strong>1617</strong><br />(-20 for losing)
|raw|Nikator98's rating: 1635 &rarr; <strong>1655</strong><br />(+20 for winning)
|c|☆Beto1769|gg
|l|☆Beto1769
|player|p1|
|l| wgw2333
