|j|☆Neggets
|j|☆lpdfwfwfw
|t:|1758343382
|gametype|singles
|player|p1|Neggets|lucas-gen4pt|1075
|player|p2|lpdfwfwfw|dawn-gen4pt|1118
|gen|9
|tier|[Gen 9] OU
|rated|
|rule|HP Percentage Mod: HP is shown in percentages
|rule|Endless Battle Clause: Forcing endless battles is banned
|rule|Species Clause: Limit one of each Pokémon
|rule|OHKO Clause: OHKO moves are banned
|rule|Evasion Items Clause: Evasion items are banned
|rule|Evasion Moves Clause: Evasion moves are banned
|rule|Evasion Abilities Clause: Evasion abilities are banned
|rule|Sleep Moves Clause: Sleep-inducing moves are banned
|clearpoke
|poke|p1|Virizion|
|poke|p1|Corviknight, M|
|poke|p1|Dondozo, F|
|poke|p1|Ting-Lu|
|poke|p1|Araquanid, F|
|poke|p1|Hatterene, F|
|poke|p2|Zapdos|
|poke|p2|Scizor, F|
|poke|p2|Basculegion, M|
|poke|p2|Pelipper, M|
|poke|p2|Greninja-*, M|
|poke|p2|Sandy Shocks|
|teampreview
|inactive|Battle timer is ON: inactive players will automatically lose when time's up. (requested by lpdfwfwfw)
|
|t:|1758343396
|teamsize|p1|6
|teamsize|p2|6
|start
|switch|p1a: Araquanid|Araquanid, F|100/100
|switch|p2a: Pelipper|Pelipper, M|100/100
|-weather|RainDance|[from] ability: Drizzle|[of] p2a: Pelipper
|turn|1
|
|t:|1758343411
|-terastallize|p1a: Araquanid|Water
|move|p2a: Pelipper|Hurricane|p1a: Araquanid
|-damage|p1a: Araquanid|59/100
|move|p1a: Araquanid|Liquidation|p2a: Pelipper
|-resisted|p2a: Pelipper
|-damage|p2a: Pelipper|5/100
|
|-weather|RainDance|[upkeep]
|upkeep
|turn|2
|c|☆Neggets|What a thic bird
|
|t:|1758343440
|switch|p1a: Corviknight|Corviknight, M|100/100
|move|p2a: Pelipper|Weather Ball|p1a: Corviknight
|-damage|p1a: Corviknight|35/100
|
|-weather|RainDance|[upkeep]
|upkeep
|turn|3
|
|t:|1758343453
|switch|p2a: Scizor|Scizor, F|100/100
|move|p1a: Corviknight|Brave Bird|p2a: Scizor
|-damage|p2a: Scizor|61/100
|-damage|p1a: Corviknight|23/100|[from] Recoil
|
|-weather|RainDance|[upkeep]
|upkeep
|turn|4
|
|t:|1758343466
|switch|p1a: Dondozo|Dondozo, F|100/100
|move|p2a: Scizor|Close Combat|p1a: Dondozo
|-damage|p1a: Dondozo|75/100
|-unboost|p2a: Scizor|def|1
|-unboost|p2a: Scizor|spd|1
|
|-weather|RainDance|[upkeep]
|-heal|p1a: Dondozo|81/100|[from] item: Leftovers
|upkeep
|turn|5
|
|t:|1758343482
|move|p2a: Scizor|U-turn|p1a: Dondozo
|-damage|p1a: Dondozo|59/100
|
|t:|1758343487
|switch|p2a: Zapdos|Zapdos|100/100|[from] U-turn
|move|p1a: Dondozo|Wave Crash|p2a: Zapdos
|-damage|p2a: Zapdos|18/100
|-damage|p1a: Dondozo|41/100|[from] Recoil
|
|-weather|RainDance|[upkeep]
|-heal|p1a: Dondozo|47/100|[from] item: Leftovers
|upkeep
|turn|6
|
|t:|1758343514
|switch|p1a: Ting-Lu|Ting-Lu|100/100
|-ability|p1a: Ting-Lu|Vessel of Ruin
|move|p2a: Zapdos|U-turn|p1a: Ting-Lu
|-supereffective|p1a: Ting-Lu
|-damage|p1a: Ting-Lu|89/100
|c|☆lpdfwfwfw|haha
|
|t:|1758343523
|switch|p2a: Basculegion|Basculegion, M|100/100|[from] U-turn
|
|-weather|RainDance|[upkeep]
|upkeep
|turn|7
|
|t:|1758343530
|-terastallize|p2a: Basculegion|Water
|move|p2a: Basculegion|Wave Crash|p1a: Ting-Lu
|-supereffective|p1a: Ting-Lu
|-damage|p1a: Ting-Lu|0 fnt
|faint|p1a: Ting-Lu
|-damage|p2a: Basculegion|63/100|[from] Recoil
|
|-weather|RainDance|[upkeep]
|upkeep
|
|t:|1758343535
|switch|p1a: Virizion|Virizion, shiny|100/100
|turn|8
|c|☆lpdfwfwfw|where are you from
|
|t:|1758343549
|move|p2a: Basculegion|Wave Crash|p1a: Virizion
|-resisted|p1a: Virizion
|-damage|p1a: Virizion|0 fnt
|faint|p1a: Virizion
|-damage|p2a: Basculegion|35/100|[from] Recoil
|
|-weather|none
|upkeep
|
|t:|1758343554
|switch|p1a: Dondozo|Dondozo, F|47/100
|turn|9
|
|t:|1758343567
|move|p2a: Basculegion|Wave Crash|p1a: Dondozo
|-resisted|p1a: Dondozo
|-damage|p1a: Dondozo|8/100
|-damage|p2a: Basculegion|19/100|[from] Recoil
|move|p1a: Dondozo|Avalanche|p2a: Basculegion
|-resisted|p2a: Basculegion
|-damage|p2a: Basculegion|0 fnt
|faint|p2a: Basculegion
|
|-heal|p1a: Dondozo|14/100|[from] item: Leftovers
|upkeep
|
|t:|1758343580
|switch|p2a: Greninja|Greninja, M|100/100
|turn|10
|
|t:|1758343590
|move|p2a: Greninja|Dark Pulse|p1a: Dondozo
|-damage|p1a: Dondozo|0 fnt
|faint|p1a: Dondozo
|-ability|p2a: Greninja|Battle Bond|boost
|-boost|p2a: Greninja|atk|1
|-boost|p2a: Greninja|spa|1
|-boost|p2a: Greninja|spe|1
|-activate|p2a: Greninja|ability: Battle Bond
|-damage|p2a: Greninja|91/100|[from] item: Life Orb
|
|upkeep
|
|t:|1758343595
|switch|p1a: Araquanid|Araquanid, F, tera:Water|59/100
|turn|11
|
|t:|1758343607
|move|p2a: Greninja|Dark Pulse|p1a: Araquanid
|-damage|p1a: Araquanid|0 fnt
|faint|p1a: Araquanid
|-damage|p2a: Greninja|81/100|[from] item: Life Orb
|
|upkeep
|
|t:|1758343614
|switch|p1a: Corviknight|Corviknight, M|23/100
|turn|12
|
|t:|1758343621
|move|p2a: Greninja|Dark Pulse|p1a: Corviknight
|-damage|p1a: Corviknight|0 fnt
|faint|p1a: Corviknight
|-damage|p2a: Greninja|71/100|[from] item: Life Orb
|
|upkeep
|
|t:|1758343624
|switch|p1a: Hatterene|Hatterene, F|100/100
|turn|13
|c|☆Neggets|I need to know why I cant win
|-message|Neggets forfeited.
|
|win|lpdfwfwfw
|raw|Neggets's rating: 1075 &rarr; <strong>1056</strong><br />(-19 for losing)
|raw|lpdfwfwfw's rating: 1118 &rarr; <strong>1140</strong><br />(+22 for winning)
|l|☆Neggets
|player|p1|
|l|☆lpdfwfwfw
|player|p2|
|j|☆lpdfwfwfw
|player|p2|lpdfwfwfw|dawn-gen4pt|
|l|☆lpdfwfwfw
|player|p2|
