|j|☆GLOCKED
|j|☆Mobian
|t:|1758353278
|gametype|singles
|player|p1|GLOCKED|brock|1290
|player|p2|Mobian|n|1278
|gen|9
|tier|[Gen 9] OU
|rated|
|rule|HP Percentage Mod: HP is shown in percentages
|rule|Endless Battle Clause: Forcing endless battles is banned
|rule|Species Clause: Limit one of each Pokémon
|rule|OHKO Clause: OHKO moves are banned
|rule|Evasion Items Clause: Evasion items are banned
|rule|Evasion Moves Clause: Evasion moves are banned
|rule|Evasion Abilities Clause: Evasion abilities are banned
|rule|Sleep Moves Clause: Sleep-inducing moves are banned
|clearpoke
|poke|p1|Alomomola, M|
|poke|p1|Pecharunt|
|poke|p1|Wo-Chien|
|poke|p1|Corviknight, M|
|poke|p1|Mandibuzz, F|
|poke|p1|Salazzle, F|
|poke|p2|Darkrai|
|poke|p2|Slowking-Galar, F|
|poke|p2|Ogerpon-Wellspring, F|
|poke|p2|Great Tusk|
|poke|p2|Zapdos|
|poke|p2|Zoroark-Hisui, F|
|teampreview
|
|t:|1758353320
|teamsize|p1|6
|teamsize|p2|6
|start
|switch|p1a: Pecharunt|Pecharunt|100/100
|switch|p2a: Darkrai|Darkrai, shiny|100/100
|turn|1
|
|t:|1758353362
|switch|p1a: Alomomola|Alomomola, M|100/100
|move|p2a: Darkrai|Calm Mind|p2a: Darkrai
|-boost|p2a: Darkrai|spa|1
|-boost|p2a: Darkrai|spd|1
|
|upkeep
|turn|2
|
|t:|1758353368
|move|p2a: Darkrai|Hyper Voice|p1a: Alomomola
|-damage|p1a: Alomomola|56/100
|-damage|p2a: Darkrai|91/100|[from] item: Life Orb
|move|p1a: Alomomola|Mirror Coat|p2a: Darkrai
|-damage|p2a: Darkrai|0 fnt
|replace|p2a: Zoroark|Zoroark-Hisui, F
|-end|p2a: Zoroark|Illusion
|faint|p2a: Zoroark
|
|upkeep
|c|☆Mobian|going for mirror coat against an illusion darkrai is so weird
|
|t:|1758353400
|switch|p2a: Zapdos|Zapdos|100/100
|turn|3
|inactive|Battle timer is ON: inactive players will automatically lose when time's up. (requested by Mobian)
|inactive|GLOCKED has 120 seconds left.
|
|t:|1758353488
|switch|p1a: Wo-Chien|Wo-Chien|100/100
|-ability|p1a: Wo-Chien|Tablets of Ruin
|move|p2a: Zapdos|Hurricane|p1a: Wo-Chien|[miss]
|-miss|p2a: Zapdos|p1a: Wo-Chien
|
|upkeep
|turn|4
|
|t:|1758353503
|switch|p1a: Pecharunt|Pecharunt|100/100
|move|p2a: Zapdos|Hurricane|p1a: Pecharunt
|-damage|p1a: Pecharunt|57/100
|
|upkeep
|turn|5
|
|t:|1758353508
|switch|p2a: Slowking|Slowking-Galar, F|100/100
|move|p1a: Pecharunt|Recover|p1a: Pecharunt
|-heal|p1a: Pecharunt|100/100
|
|upkeep
|turn|6
|
|t:|1758353510
|move|p1a: Pecharunt|Parting Shot|p2a: Slowking
|-unboost|p2a: Slowking|atk|1
|-unboost|p2a: Slowking|spa|1
|
|t:|1758353522
|switch|p1a: Mandibuzz|Mandibuzz, F|100/100|[from] Parting Shot
|-prepare|p2a: Slowking|Chilly Reception|[premajor]
|move|p2a: Slowking|Chilly Reception|p2a: Slowking
|-weather|Snowscape
|
|t:|1758353529
|switch|p2a: Darkrai|Darkrai, shiny|100/100|[from] Chilly Reception
|
|-weather|Snowscape|[upkeep]
|upkeep
|turn|7
|
|t:|1758353534
|move|p2a: Darkrai|Nasty Plot|p2a: Darkrai
|-boost|p2a: Darkrai|spa|2
|move|p1a: Mandibuzz|U-turn|p2a: Darkrai
|-supereffective|p2a: Darkrai
|-damage|p2a: Darkrai|70/100
|
|t:|1758353540
|switch|p1a: Alomomola|Alomomola, M|89/100|[from] U-turn
|
|-weather|Snowscape|[upkeep]
|-heal|p2a: Darkrai|76/100|[from] item: Leftovers
|upkeep
|turn|8
|
|t:|1758353549
|move|p2a: Darkrai|Dark Pulse|p1a: Alomomola
|-crit|p1a: Alomomola
|-damage|p1a: Alomomola|28/100
|move|p1a: Alomomola|Flip Turn|p2a: Darkrai
|-damage|p2a: Darkrai|55/100
|
|t:|1758353572
|switch|p1a: Pecharunt|Pecharunt|100/100|[from] Flip Turn
|
|-weather|Snowscape|[upkeep]
|-heal|p2a: Darkrai|61/100|[from] item: Leftovers
|upkeep
|turn|9
|
|t:|1758353582
|-terastallize|p2a: Darkrai|Electric
|-terastallize|p1a: Pecharunt|Fire
|move|p2a: Darkrai|Tera Blast|p1a: Pecharunt|[anim] Tera Blast Electric
|-damage|p1a: Pecharunt|40/100
|move|p1a: Pecharunt|Malignant Chain|p2a: Darkrai
|-damage|p2a: Darkrai|22/100
|
|-weather|Snowscape|[upkeep]
|-heal|p2a: Darkrai|28/100|[from] item: Leftovers
|upkeep
|turn|10
|
|t:|1758353592
|switch|p1a: Wo-Chien|Wo-Chien|100/100
|-ability|p1a: Wo-Chien|Tablets of Ruin
|move|p2a: Darkrai|Dark Pulse|p1a: Wo-Chien
|-resisted|p1a: Wo-Chien
|-damage|p1a: Wo-Chien|71/100
|
|-weather|none
|-heal|p2a: Darkrai|34/100|[from] item: Leftovers
|-heal|p1a: Wo-Chien|77/100|[from] item: Leftovers
|upkeep
|turn|11
|
|t:|1758353594
|move|p2a: Darkrai|Ice Beam|p1a: Wo-Chien
|-supereffective|p1a: Wo-Chien
|-damage|p1a: Wo-Chien|0 fnt
|faint|p1a: Wo-Chien
|
|-heal|p2a: Darkrai|40/100|[from] item: Leftovers
|upkeep
|
|t:|1758353602
|switch|p1a: Salazzle|Salazzle, F|100/100
|turn|12
|
|t:|1758353607
|move|p2a: Darkrai|Dark Pulse|p1a: Salazzle
|-damage|p1a: Salazzle|0 fnt
|faint|p1a: Salazzle
|
|-heal|p2a: Darkrai|46/100|[from] item: Leftovers
|upkeep
|-message|GLOCKED forfeited.
|
|win|Mobian
|raw|GLOCKED's rating: 1290 &rarr; <strong>1264</strong><br />(-26 for losing)
|raw|Mobian's rating: 1278 &rarr; <strong>1304</strong><br />(+26 for winning)
|l|☆GLOCKED
|player|p1|
|l|☆Mobian
|player|p2|
