|j|☆dicolibri
|j|☆s0urs
|t:|1758289532
|gametype|singles
|player|p1|dicolibri|hiker|1558
|player|p2|s0urs|1|1617
|gen|9
|tier|[Gen 9] OU
|rated|
|rule|HP Percentage Mod: HP is shown in percentages
|rule|Endless Battle Clause: Forcing endless battles is banned
|rule|Species Clause: Limit one of each Pokémon
|rule|OHKO Clause: OHKO moves are banned
|rule|Evasion Items Clause: Evasion items are banned
|rule|Evasion Moves Clause: Evasion moves are banned
|rule|Evasion Abilities Clause: Evasion abilities are banned
|rule|Sleep Moves Clause: Sleep-inducing moves are banned
|clearpoke
|poke|p1|Mesprit|
|poke|p1|Hatterene, F|
|poke|p1|Iron Hands|
|poke|p1|Ursaluna, F|
|poke|p1|Volcanion|
|poke|p1|Hoopa-Unbound|
|poke|p2|Pelipper, F|
|poke|p2|Hatterene, F|
|poke|p2|Iron Treads|
|poke|p2|Toxicroak, F|
|poke|p2|Barraskewda, F|
|poke|p2|Zapdos|
|teampreview
|inactive|Battle timer is ON: inactive players will automatically lose when time's up. (requested by dicolibri)
|inactive|s0urs has 120 seconds left.
|
|t:|1758289608
|teamsize|p1|6
|teamsize|p2|6
|start
|switch|p1a: Iron Hands|Iron Hands|100/100
|switch|p2a: Pelipper|Pelipper, F|100/100
|-weather|RainDance|[from] ability: Drizzle|[of] p2a: Pelipper
|-enditem|p1a: Iron Hands|Booster Energy
|-activate|p1a: Iron Hands|ability: Quark Drive|[fromitem]
|-start|p1a: Iron Hands|quarkdriveatk
|turn|1
|
|t:|1758289617
|switch|p2a: Hatterene|Hatterene, F|100/100
|move|p1a: Iron Hands|Swords Dance|p1a: Iron Hands
|-boost|p1a: Iron Hands|atk|2
|
|-weather|RainDance|[upkeep]
|upkeep
|turn|2
|
|t:|1758289625
|move|p2a: Hatterene|Psychic Noise|p1a: Iron Hands
|-supereffective|p1a: Iron Hands
|-damage|p1a: Iron Hands|34/100
|-start|p1a: Iron Hands|move: Heal Block
|move|p1a: Iron Hands|Thunder Punch|p2a: Hatterene
|-damage|p2a: Hatterene|0 fnt
|faint|p2a: Hatterene
|
|-weather|RainDance|[upkeep]
|upkeep
|
|t:|1758289643
|switch|p2a: Zapdos|Zapdos|100/100
|turn|3
|
|t:|1758289652
|-end|p1a: Iron Hands|Quark Drive|[silent]
|switch|p1a: Mesprit|Mesprit|100/100
|move|p2a: Zapdos|Hurricane|p1a: Mesprit
|-damage|p1a: Mesprit|42/100
|
|-weather|RainDance|[upkeep]
|upkeep
|turn|4
|
|t:|1758289663
|move|p2a: Zapdos|Hurricane|p1a: Mesprit
|-damage|p1a: Mesprit|0 fnt
|faint|p1a: Mesprit
|
|-weather|RainDance|[upkeep]
|upkeep
|
|t:|1758289675
|switch|p1a: Hoopa|Hoopa-Unbound|100/100
|turn|5
|inactive|s0urs has 120 seconds left.
|
|t:|1758289727
|switch|p2a: Iron Treads|Iron Treads|100/100
|move|p1a: Hoopa|Trick Room|p1a: Hoopa
|-fieldstart|move: Trick Room|[of] p1a: Hoopa
|
|-weather|RainDance|[upkeep]
|upkeep
|turn|6
|
|t:|1758289736
|switch|p1a: Ursaluna|Ursaluna, F|100/100
|move|p2a: Iron Treads|Earthquake|p1a: Ursaluna
|-damage|p1a: Ursaluna|72/100
|
|-weather|RainDance|[upkeep]
|-status|p1a: Ursaluna|brn|[from] item: Flame Orb
|upkeep
|turn|7
|inactive|s0urs has 90 seconds left.
|
|t:|1758289777
|move|p1a: Ursaluna|Facade|p2a: Iron Treads
|-resisted|p2a: Iron Treads
|-damage|p2a: Iron Treads|52/100
|move|p2a: Iron Treads|Earthquake|p1a: Ursaluna
|-damage|p1a: Ursaluna|46/100 brn
|
|-weather|RainDance|[upkeep]
|-heal|p2a: Iron Treads|58/100|[from] item: Leftovers
|-damage|p1a: Ursaluna|40/100 brn|[from] brn
|upkeep
|turn|8
|
|t:|1758289787
|-end|p2a: Iron Treads|Quark Drive|[silent]
|switch|p2a: Toxicroak|Toxicroak, F|100/100
|move|p1a: Ursaluna|Headlong Rush|p2a: Toxicroak
|-supereffective|p2a: Toxicroak
|-damage|p2a: Toxicroak|0 fnt
|-unboost|p1a: Ursaluna|def|1
|-unboost|p1a: Ursaluna|spd|1
|-damage|p1a: Ursaluna|23/100 brn|[from] item: Rocky Helmet|[of] p2a: Toxicroak
|faint|p2a: Toxicroak
|
|-weather|none
|-damage|p1a: Ursaluna|17/100 brn|[from] brn
|upkeep
|
|t:|1758289799
|switch|p2a: Barraskewda|Barraskewda, F|100/100
|turn|9
|
|t:|1758289803
|switch|p1a: Volcanion|Volcanion|100/100
|move|p2a: Barraskewda|Aqua Jet|p1a: Volcanion
|-immune|p1a: Volcanion|[from] ability: Water Absorb
|
|-fieldend|move: Trick Room
|upkeep
|turn|10
|
|t:|1758289825
|switch|p2a: Pelipper|Pelipper, F|100/100
|-weather|RainDance|[from] ability: Drizzle|[of] p2a: Pelipper
|move|p1a: Volcanion|Steam Eruption|p2a: Pelipper
|-resisted|p2a: Pelipper
|-damage|p2a: Pelipper|58/100
|
|-weather|RainDance|[upkeep]
|upkeep
|turn|11
|inactive|s0urs has 90 seconds left.
|
|t:|1758289840
|switch|p1a: Ursaluna|Ursaluna, F|17/100 brn
|move|p2a: Pelipper|U-turn|p1a: Ursaluna
|-damage|p1a: Ursaluna|10/100 brn
|
|t:|1758289860
|switch|p2a: Iron Treads|Iron Treads|58/100|[from] U-turn
|
|-weather|RainDance|[upkeep]
|-heal|p2a: Iron Treads|64/100|[from] item: Leftovers
|-damage|p1a: Ursaluna|4/100 brn|[from] brn
|upkeep
|turn|12
|
|t:|1758289866
|move|p2a: Iron Treads|Earthquake|p1a: Ursaluna
|-damage|p1a: Ursaluna|0 fnt
|faint|p1a: Ursaluna
|
|-weather|RainDance|[upkeep]
|-heal|p2a: Iron Treads|70/100|[from] item: Leftovers
|upkeep
|
|t:|1758289886
|switch|p1a: Hoopa|Hoopa-Unbound|100/100
|turn|13
|inactive|s0urs has 90 seconds left.
|
|t:|1758289893
|move|p2a: Iron Treads|Earthquake|p1a: Hoopa
|-damage|p1a: Hoopa|49/100
|move|p1a: Hoopa|Trick Room|p1a: Hoopa
|-fieldstart|move: Trick Room|[of] p1a: Hoopa
|
|-weather|RainDance|[upkeep]
|-heal|p2a: Iron Treads|76/100|[from] item: Leftovers
|upkeep
|turn|14
|inactive|s0urs has 90 seconds left.
|
|t:|1758289904
|move|p1a: Hoopa|Drain Punch|p2a: Iron Treads
|-supereffective|p2a: Iron Treads
|-damage|p2a: Iron Treads|12/100
|-heal|p1a: Hoopa|83/100|[from] drain|[of] p2a: Iron Treads
|-damage|p1a: Hoopa|73/100|[from] item: Life Orb
|move|p2a: Iron Treads|Earthquake|p1a: Hoopa
|-damage|p1a: Hoopa|19/100
|
|-weather|RainDance|[upkeep]
|-heal|p2a: Iron Treads|18/100|[from] item: Leftovers
|upkeep
|turn|15
|inactive|s0urs has 90 seconds left.
|
|t:|1758289916
|move|p1a: Hoopa|Hyperspace Fury|p2a: Iron Treads
|-damage|p2a: Iron Treads|0 fnt
|-unboost|p1a: Hoopa|def|1
|faint|p2a: Iron Treads
|-end|p2a: Iron Treads|Quark Drive|[silent]
|-damage|p1a: Hoopa|9/100|[from] item: Life Orb
|
|-weather|RainDance|[upkeep]
|upkeep
|inactive|s0urs has 90 seconds left.
|inactive|s0urs has 60 seconds left.
|
|t:|1758289959
|switch|p2a: Barraskewda|Barraskewda, F|100/100
|turn|16
|
|t:|1758289965
|move|p2a: Barraskewda|Aqua Jet|p1a: Hoopa
|-damage|p1a: Hoopa|0 fnt
|faint|p1a: Hoopa
|
|-weather|RainDance|[upkeep]
|upkeep
|
|t:|1758289971
|switch|p1a: Volcanion|Volcanion|100/100
|turn|17
|
|t:|1758289986
|-terastallize|p1a: Volcanion|Water
|move|p2a: Barraskewda|Aqua Jet|p1a: Volcanion
|-immune|p1a: Volcanion|[from] ability: Water Absorb
|move|p1a: Volcanion|Steam Eruption|p2a: Barraskewda
|-resisted|p2a: Barraskewda
|-damage|p2a: Barraskewda|0 fnt
|faint|p2a: Barraskewda
|
|-weather|none
|-fieldend|move: Trick Room
|upkeep
|
|t:|1758289994
|switch|p2a: Pelipper|Pelipper, F|58/100
|-weather|RainDance|[from] ability: Drizzle|[of] p2a: Pelipper
|turn|18
|j| Nikator98
|l| Nikator98
|
|t:|1758290023
|move|p1a: Volcanion|Steam Eruption|p2a: Pelipper
|-resisted|p2a: Pelipper
|-damage|p2a: Pelipper|0 fnt
|faint|p2a: Pelipper
|
|-weather|RainDance|[upkeep]
|upkeep
|
|t:|1758290027
|switch|p2a: Zapdos|Zapdos|100/100
|turn|19
|
|t:|1758290034
|switch|p1a: Iron Hands|Iron Hands|34/100
|-terastallize|p2a: Zapdos|Flying
|move|p2a: Zapdos|Hurricane|p1a: Iron Hands
|-damage|p1a: Iron Hands|0 fnt
|faint|p1a: Iron Hands
|-end|p1a: Iron Hands|Quark Drive|[silent]
|
|-weather|RainDance|[upkeep]
|upkeep
|
|t:|1758290042
|switch|p1a: Hatterene|Hatterene, F|100/100
|turn|20
|
|t:|1758290044
|move|p2a: Zapdos|Hurricane|p1a: Hatterene
|-damage|p1a: Hatterene|0 fnt
|faint|p1a: Hatterene
|
|-weather|RainDance|[upkeep]
|upkeep
|
|t:|1758290047
|switch|p1a: Volcanion|Volcanion, tera:Water|100/100
|turn|21
|
|t:|1758290049
|move|p2a: Zapdos|Hurricane|p1a: Volcanion
|-damage|p1a: Volcanion|0 fnt
|faint|p1a: Volcanion
|
|win|s0urs
|raw|dicolibri's rating: 1558 &rarr; <strong>1541</strong><br />(-17 for losing)
|raw|s0urs's rating: 1617 &rarr; <strong>1634</strong><br />(+17 for winning)
|c|☆s0urs|gg
|l|☆dicolibri
|player|p1|
|l|☆s0urs
|player|p2|
