|j|☆Barronmaster
|j|☆chessontop
|t:|1758370832
|gametype|singles
|player|p1|Barronmaster|170|1570
|player|p2|chessontop|unknownf|1621
|gen|9
|tier|[Gen 9] OU
|rated|
|rule|HP Percentage Mod: HP is shown in percentages
|rule|Endless Battle Clause: Forcing endless battles is banned
|rule|Species Clause: Limit one of each Pokémon
|rule|OHKO Clause: OHKO moves are banned
|rule|Evasion Items Clause: Evasion items are banned
|rule|Evasion Moves Clause: Evasion moves are banned
|rule|Evasion Abilities Clause: Evasion abilities are banned
|rule|Sleep Moves Clause: Sleep-inducing moves are banned
|clearpoke
|poke|p1|Hoopa-Unbound|
|poke|p1|Ninetales-Alola, F|
|poke|p1|Slowking-Galar, F|
|poke|p1|Cloyster, F|
|poke|p1|Zoroark, M|
|poke|p1|Indeedee, M|
|poke|p2|Gholdengo|
|poke|p2|Garganacl, F|
|poke|p2|Great Tusk|
|poke|p2|Samurott-Hisui, M|
|poke|p2|Dragapult, F|
|poke|p2|Zapdos|
|teampreview
|inactive|Battle timer is ON: inactive players will automatically lose when time's up. (requested by chessontop)
|
|t:|1758370842
|teamsize|p1|6
|teamsize|p2|6
|start
|switch|p1a: Hoopa|Hoopa-Unbound|100/100
|switch|p2a: Gholdengo|Gholdengo|100/100
|turn|1
|
|t:|1758370860
|switch|p2a: Zapdos|Zapdos|100/100
|move|p1a: Hoopa|Knock Off|p2a: Zapdos
|-damage|p2a: Zapdos|57/100
|-enditem|p2a: Zapdos|Heavy-Duty Boots|[from] move: Knock Off|[of] p1a: Hoopa
|-damage|p1a: Hoopa|91/100|[from] item: Life Orb
|
|upkeep
|turn|2
|
|t:|1758370871
|switch|p1a: Ninetales|Ninetales-Alola, F|100/100
|-weather|Snowscape|[from] ability: Snow Warning|[of] p1a: Ninetales
|move|p2a: Zapdos|Roost|p2a: Zapdos
|-heal|p2a: Zapdos|100/100
|-singleturn|p2a: Zapdos|move: Roost
|
|-weather|Snowscape|[upkeep]
|upkeep
|turn|3
|
|t:|1758370885
|switch|p2a: Gholdengo|Gholdengo|100/100
|move|p1a: Ninetales|Aurora Veil|p1a: Ninetales
|-sidestart|p1: Barronmaster|move: Aurora Veil
|
|-weather|Snowscape|[upkeep]
|upkeep
|turn|4
|
|t:|1758370899
|switch|p1a: Hoopa|Hoopa-Unbound|100/100
|move|p2a: Gholdengo|Trick|p1a: Hoopa
|-activate|p2a: Gholdengo|move: Trick|[of] p1a: Hoopa
|-item|p1a: Hoopa|Choice Scarf|[from] move: Trick
|-item|p2a: Gholdengo|Assault Vest|[from] move: Trick
|
|-weather|Snowscape|[upkeep]
|upkeep
|turn|5
|
|t:|1758370909
|switch|p2a: Zapdos|Zapdos|100/100
|move|p1a: Hoopa|Psychic Noise|p2a: Zapdos
|-damage|p2a: Zapdos|50/100
|-start|p2a: Zapdos|move: Heal Block
|
|-weather|Snowscape|[upkeep]
|upkeep
|turn|6
|
|t:|1758370926
|switch|p1a: Ninetales|Ninetales-Alola, F|100/100
|move|p2a: Zapdos|Volt Switch|p1a: Ninetales
|-damage|p1a: Ninetales|83/100
|
|t:|1758370932
|switch|p2a: Gholdengo|Gholdengo|100/100|[from] Volt Switch
|
|-weather|none
|upkeep
|turn|7
|
|t:|1758370960
|switch|p1a: Hoopa|Hoopa-Unbound|100/100
|switch|p2a: Dragapult|Dragapult, F|100/100
|
|upkeep
|turn|8
|inactive|Barronmaster has 120 seconds left.
|
|t:|1758370986
|move|p2a: Dragapult|U-turn|p1a: Hoopa
|-supereffective|p1a: Hoopa
|-damage|p1a: Hoopa|0 fnt
|faint|p1a: Hoopa
|inactive|chessontop has 120 seconds left.
|
|t:|1758371000
|switch|p2a: Gholdengo|Gholdengo|100/100|[from] U-turn
|
|upkeep
|
|t:|1758371004
|switch|p1a: Ninetales|Ninetales-Alola, F|91/100
|turn|9
|
|t:|1758371013
|move|p1a: Ninetales|Knock Off|p2a: Gholdengo
|-supereffective|p2a: Gholdengo
|-damage|p2a: Gholdengo|0 fnt
|-enditem|p2a: Gholdengo|Assault Vest|[from] move: Knock Off|[of] p1a: Ninetales
|faint|p2a: Gholdengo
|-damage|p1a: Ninetales|81/100|[from] item: Life Orb
|
|upkeep
|inactive|chessontop has 120 seconds left.
|
|t:|1758371040
|switch|p2a: Samurott|Samurott-Hisui, M|100/100
|turn|10
|
|t:|1758371048
|move|p1a: Ninetales|U-turn|p2a: Samurott
|-supereffective|p2a: Samurott
|-damage|p2a: Samurott|24/100
|-damage|p1a: Ninetales|71/100|[from] item: Life Orb
|
|t:|1758371051
|switch|p1a: Ninetales|Ninetales-Alola, F|83/100|[from] U-turn
|-weather|Snowscape|[from] ability: Snow Warning|[of] p1a: Ninetales
|move|p2a: Samurott|Ceaseless Edge|p1a: Ninetales
|-resisted|p1a: Ninetales
|-damage|p1a: Ninetales|72/100
|-sidestart|p1: Barronmaster|Spikes
|
|-weather|Snowscape|[upkeep]
|-sideend|p1: Barronmaster|move: Aurora Veil
|upkeep
|turn|11
|inactive|chessontop has 120 seconds left.
|
|t:|1758371061
|move|p1a: Ninetales|Aurora Veil|p1a: Ninetales
|-sidestart|p1: Barronmaster|move: Aurora Veil
|move|p2a: Samurott|Encore|p1a: Ninetales
|-start|p1a: Ninetales|Encore
|
|-weather|Snowscape|[upkeep]
|upkeep
|turn|12
|
|t:|1758371067
|switch|p1a: Cloyster|Cloyster, F|100/100
|move|p2a: Samurott|Ceaseless Edge|p1a: Cloyster
|-damage|p1a: Cloyster|88/100
|-sidestart|p1: Barronmaster|Spikes
|
|-weather|Snowscape|[upkeep]
|upkeep
|turn|13
|
|t:|1758371074
|move|p2a: Samurott|Encore||[still]
|-fail|p2a: Samurott
|move|p1a: Cloyster|Shell Smash|p1a: Cloyster
|-unboost|p1a: Cloyster|def|1
|-unboost|p1a: Cloyster|spd|1
|-boost|p1a: Cloyster|atk|2
|-boost|p1a: Cloyster|spa|2
|-boost|p1a: Cloyster|spe|2
|
|-weather|Snowscape|[upkeep]
|upkeep
|turn|14
|
|t:|1758371082
|switch|p2a: Zapdos|Zapdos|50/100
|move|p1a: Cloyster|Icicle Spear|p2a: Zapdos
|-supereffective|p2a: Zapdos
|-damage|p2a: Zapdos|17/100
|-supereffective|p2a: Zapdos
|-damage|p2a: Zapdos|0 fnt
|faint|p2a: Zapdos
|-hitcount|p2: Zapdos|2
|
|-weather|none
|upkeep
|
|t:|1758371095
|switch|p2a: Garganacl|Garganacl, F|100/100
|turn|15
|
|t:|1758371101
|move|p1a: Cloyster|Icicle Spear|p2a: Garganacl
|-damage|p2a: Garganacl|85/100
|-damage|p2a: Garganacl|69/100
|-damage|p2a: Garganacl|54/100
|-damage|p2a: Garganacl|38/100
|-damage|p2a: Garganacl|22/100
|-hitcount|p2a: Garganacl|5
|move|p2a: Garganacl|Salt Cure|p1a: Cloyster
|-supereffective|p1a: Cloyster
|-damage|p1a: Cloyster|71/100
|-start|p1a: Cloyster|Salt Cure
|
|-heal|p2a: Garganacl|28/100|[from] item: Leftovers
|-damage|p1a: Cloyster|47/100|[from] Salt Cure
|upkeep
|turn|16
|
|t:|1758371122
|move|p1a: Cloyster|Icicle Spear|p2a: Garganacl
|-damage|p2a: Garganacl|12/100
|-damage|p2a: Garganacl|0 fnt
|faint|p2a: Garganacl
|-hitcount|p2: Garganacl|2
|
|-damage|p1a: Cloyster|22/100|[from] Salt Cure
|upkeep
|inactive|chessontop has 120 seconds left.
|
|t:|1758371133
|switch|p2a: Great Tusk|Great Tusk|100/100
|turn|17
|
|t:|1758371138
|-terastallize|p2a: Great Tusk|Steel
|move|p1a: Cloyster|Icicle Spear|p2a: Great Tusk
|-resisted|p2a: Great Tusk
|-damage|p2a: Great Tusk|91/100
|-resisted|p2a: Great Tusk
|-damage|p2a: Great Tusk|82/100
|-resisted|p2a: Great Tusk
|-damage|p2a: Great Tusk|74/100
|-resisted|p2a: Great Tusk
|-damage|p2a: Great Tusk|66/100
|-resisted|p2a: Great Tusk
|-damage|p2a: Great Tusk|57/100
|-hitcount|p2a: Great Tusk|5
|move|p2a: Great Tusk|Stealth Rock|p1a: Cloyster
|-sidestart|p1: Barronmaster|move: Stealth Rock
|
|-damage|p1a: Cloyster|0 fnt|[from] Salt Cure
|faint|p1a: Cloyster
|upkeep
|
|t:|1758371143
|switch|p1a: Ninetales|Ninetales-Alola, F|72/100
|-damage|p1a: Ninetales|55/100|[from] Spikes
|-damage|p1a: Ninetales|30/100|[from] Stealth Rock
|-weather|Snowscape|[from] ability: Snow Warning|[of] p1a: Ninetales
|turn|18
|
|t:|1758371161
|move|p1a: Ninetales|Blizzard|p2a: Great Tusk
|-resisted|p2a: Great Tusk
|-damage|p2a: Great Tusk|23/100
|move|p2a: Great Tusk|Headlong Rush|p1a: Ninetales
|-damage|p1a: Ninetales|0 fnt
|-unboost|p2a: Great Tusk|def|1
|-unboost|p2a: Great Tusk|spd|1
|faint|p1a: Ninetales
|
|-weather|Snowscape|[upkeep]
|-sideend|p1: Barronmaster|move: Aurora Veil
|upkeep
|
|t:|1758371164
|switch|p1a: Slowking|Slowking-Galar, F|71/100
|-damage|p1a: Slowking|54/100|[from] Spikes
|-damage|p1a: Slowking|42/100|[from] Stealth Rock
|turn|19
|
|t:|1758371187
|move|p1a: Slowking|Knock Off|p2a: Great Tusk
|-damage|p2a: Great Tusk|0 fnt
|-enditem|p2a: Great Tusk|Heavy-Duty Boots|[from] move: Knock Off|[of] p1a: Slowking
|faint|p2a: Great Tusk
|-end|p2a: Great Tusk|Protosynthesis|[silent]
|-damage|p1a: Slowking|32/100|[from] item: Life Orb
|
|-weather|Snowscape|[upkeep]
|upkeep
|
|t:|1758371195
|switch|p2a: Dragapult|Dragapult, F|100/100
|turn|20
|
|t:|1758371202
|move|p1a: Slowking|Sucker Punch|p2a: Dragapult
|-supereffective|p2a: Dragapult
|-damage|p2a: Dragapult|0 fnt
|faint|p2a: Dragapult
|-damage|p1a: Slowking|22/100|[from] item: Life Orb
|
|-weather|Snowscape|[upkeep]
|upkeep
|
|t:|1758371207
|switch|p2a: Samurott|Samurott-Hisui, M|24/100
|turn|21
|
|t:|1758371216
|move|p1a: Slowking|U-turn|p2a: Samurott
|-supereffective|p2a: Samurott
|-damage|p2a: Samurott|0 fnt
|faint|p2a: Samurott
|-damage|p1a: Slowking|12/100|[from] item: Life Orb
|
|win|Barronmaster
|raw|Barronmaster's rating: 1570 &rarr; <strong>1593</strong><br />(+23 for winning)
|raw|chessontop's rating: 1621 &rarr; <strong>1598</strong><br />(-23 for losing)
|l|☆chessontop
|player|p2|
|l|☆Barronmaster
|player|p1|
