|j|☆Firo丶Ennis
|j|☆Pipikaka1510
|t:|1758272770
|gametype|singles
|player|p1|Firo丶Ennis|266|1085
|player|p2|Pipikaka1510|blue|1126
|gen|9
|tier|[Gen 9] OU
|rated|
|rule|HP Percentage Mod: HP is shown in percentages
|rule|Endless Battle Clause: Forcing endless battles is banned
|rule|Species Clause: Limit one of each Pokémon
|rule|OHKO Clause: OHKO moves are banned
|rule|Evasion Items Clause: Evasion items are banned
|rule|Evasion Moves Clause: Evasion moves are banned
|rule|Evasion Abilities Clause: Evasion abilities are banned
|rule|Sleep Moves Clause: Sleep-inducing moves are banned
|clearpoke
|poke|p1|Glimmora, F|
|poke|p1|Dragonite, M|
|poke|p1|Deoxys-Speed|
|poke|p1|Araquanid, F|
|poke|p1|Scizor, M|
|poke|p1|Iron Moth|
|poke|p2|Luxray, F|
|poke|p2|Slowbro, M|
|poke|p2|Exeggutor-Alola, F|
|poke|p2|Rhyperior, M|
|poke|p2|Muk-Alola, M|
|poke|p2|Crabominable, M|
|teampreview
|
|t:|1758272776
|teamsize|p1|6
|teamsize|p2|6
|start
|switch|p1a: Glimmora|Glimmora, F|100/100
|switch|p2a: Nick T.|Slowbro, M, shiny|100/100
|turn|1
|inactive|Battle timer is ON: inactive players will automatically lose when time's up. (requested by Firo丶Ennis)
|l|☆Firo丶Ennis
|inactive|Firo丶Ennis disconnected and has a minute to reconnect!
|player|p1|
|inactive|Firo丶Ennis has 30 seconds to reconnect!
|inactive|Firo丶Ennis has 20 seconds to reconnect!
|inactive|Firo丶Ennis has 15 seconds to reconnect!
|inactive|Firo丶Ennis has 10 seconds to reconnect!
|j|☆Firo丶Ennis
|inactive|Firo丶Ennis reconnected and has 100 seconds left.
|player|p1|Firo丶Ennis|266|
|
|t:|1758272848
|move|p1a: Glimmora|Stealth Rock|p2a: Nick T.
|-sidestart|p2: Pipikaka1510|move: Stealth Rock
|move|p2a: Nick T.|Trick Room|p2a: Nick T.
|-fieldstart|move: Trick Room|[of] p2a: Nick T.
|
|upkeep
|turn|2
|
|t:|1758272858
|move|p1a: Glimmora|Spiky Shield|p1a: Glimmora
|-singleturn|p1a: Glimmora|move: Protect
|move|p2a: Nick T.|Surf|p1a: Glimmora
|-activate|p1a: Glimmora|move: Protect
|
|upkeep
|turn|3
|
|t:|1758272868
|switch|p1a: Araquanid|Araquanid, F|100/100
|move|p2a: Nick T.|Psychic|p1a: Araquanid
|-damage|p1a: Araquanid|68/100
|
|upkeep
|turn|4
|
|t:|1758272877
|switch|p2a: Rainer W.|Rhyperior, M|100/100
|-damage|p2a: Rainer W.|94/100|[from] Stealth Rock
|move|p1a: Araquanid|Leech Life|p2a: Rainer W.
|-damage|p2a: Rainer W.|64/100
|-heal|p1a: Araquanid|85/100|[from] drain|[of] p2a: Rainer W.
|-damage|p1a: Araquanid|75/100|[from] item: Life Orb
|
|upkeep
|turn|5
|
|t:|1758272888
|move|p2a: Rainer W.|Stone Edge|p1a: Araquanid
|-supereffective|p1a: Araquanid
|-damage|p1a: Araquanid|0 fnt
|faint|p1a: Araquanid
|-damage|p2a: Rainer W.|54/100|[from] item: Life Orb
|
|-fieldend|move: Trick Room
|upkeep
|
|t:|1758272899
|switch|p1a: Scizor|Scizor, M|100/100
|turn|6
|
|t:|1758272907
|-terastallize|p2a: Rainer W.|Bug
|move|p1a: Scizor|Swords Dance|p1a: Scizor
|-boost|p1a: Scizor|atk|2
|move|p2a: Rainer W.|Earthquake|p1a: Scizor
|-damage|p1a: Scizor|3/100
|-damage|p2a: Rainer W.|44/100|[from] item: Life Orb
|
|upkeep
|turn|7
|
|t:|1758272916
|move|p1a: Scizor|Bullet Punch|p2a: Rainer W.
|-damage|p2a: Rainer W.|0 fnt
|faint|p2a: Rainer W.
|
|upkeep
|
|t:|1758272927
|switch|p2a: Kylo Ren|Luxray, F|100/100
|-damage|p2a: Kylo Ren|88/100|[from] Stealth Rock
|turn|8
|
|t:|1758272935
|move|p1a: Scizor|Bullet Punch|p2a: Kylo Ren
|-resisted|p2a: Kylo Ren
|-damage|p2a: Kylo Ren|55/100
|move|p2a: Kylo Ren|Quick Attack|p1a: Scizor
|-resisted|p1a: Scizor
|-damage|p1a: Scizor|0 fnt
|faint|p1a: Scizor
|
|-status|p2a: Kylo Ren|brn|[from] item: Flame Orb
|upkeep
|l|☆Firo丶Ennis
|inactive|Firo丶Ennis disconnected and has a minute to reconnect!
|player|p1|
|j|☆Firo丶Ennis
|inactive|Firo丶Ennis reconnected and has 135 seconds left.
|player|p1|Firo丶Ennis|266|
|inactive|Firo丶Ennis has 120 seconds left.
|
|t:|1758272976
|switch|p1a: Glimmora|Glimmora, F|100/100
|turn|9
|
|t:|1758272985
|move|p1a: Glimmora|Stealth Rock||[still]
|-fail|p1a: Glimmora
|move|p2a: Kylo Ren|Supercell Slam|p1a: Glimmora
|-damage|p1a: Glimmora|40/100
|-activate|p1a: Glimmora|ability: Toxic Debris
|-sidestart|p2: Pipikaka1510|move: Toxic Spikes
|
|-heal|p1a: Glimmora|46/100|[from] item: Leftovers
|-damage|p2a: Kylo Ren|49/100 brn|[from] brn
|upkeep
|turn|10
|
|t:|1758272996
|move|p1a: Glimmora|Spiky Shield|p1a: Glimmora
|-singleturn|p1a: Glimmora|move: Protect
|move|p2a: Kylo Ren|Supercell Slam|p1a: Glimmora
|-activate|p1a: Glimmora|move: Protect
|-damage|p2a: Kylo Ren|37/100 brn|[from] Spiky Shield|[of] p1a: Glimmora
|-damage|p2a: Kylo Ren|0 fnt|[from] supercellslam
|faint|p2a: Kylo Ren
|
|-heal|p1a: Glimmora|52/100|[from] item: Leftovers
|upkeep
|
|t:|1758273008
|switch|p2a: Nick T.|Slowbro, M, shiny|100/100
|-damage|p2a: Nick T.|88/100|[from] Stealth Rock
|-status|p2a: Nick T.|psn
|turn|11
|
|t:|1758273022
|-terastallize|p1a: Glimmora|Grass
|move|p1a: Glimmora|Stealth Rock||[still]
|-fail|p1a: Glimmora
|move|p2a: Nick T.|Trick Room|p2a: Nick T.
|-fieldstart|move: Trick Room|[of] p2a: Nick T.
|
|-heal|p2a: Nick T.|94/100 psn|[from] item: Leftovers
|-heal|p1a: Glimmora|58/100|[from] item: Leftovers
|-damage|p2a: Nick T.|82/100 psn|[from] psn
|upkeep
|turn|12
|
|t:|1758273032
|switch|p2a: Mr. Krabs|Crabominable, M, shiny|100/100
|-damage|p2a: Mr. Krabs|88/100|[from] Stealth Rock
|-status|p2a: Mr. Krabs|psn
|move|p1a: Glimmora|Power Gem|p2a: Mr. Krabs
|-damage|p2a: Mr. Krabs|35/100 psn
|
|-heal|p1a: Glimmora|65/100|[from] item: Leftovers
|-damage|p2a: Mr. Krabs|23/100 psn|[from] psn
|upkeep
|turn|13
|
|t:|1758273047
|move|p1a: Glimmora|Spiky Shield|p1a: Glimmora
|-singleturn|p1a: Glimmora|move: Protect
|move|p2a: Mr. Krabs|Ice Hammer|p1a: Glimmora
|-activate|p1a: Glimmora|move: Protect
|
|-heal|p1a: Glimmora|71/100|[from] item: Leftovers
|-damage|p2a: Mr. Krabs|11/100 psn|[from] psn
|upkeep
|turn|14
|
|t:|1758273057
|move|p2a: Mr. Krabs|Ice Hammer|p1a: Glimmora
|-supereffective|p1a: Glimmora
|-damage|p1a: Glimmora|0 fnt
|-unboost|p2a: Mr. Krabs|spe|1
|-activate|p1a: Glimmora|ability: Toxic Debris
|-sidestart|p2: Pipikaka1510|move: Toxic Spikes
|faint|p1a: Glimmora
|
|-damage|p2a: Mr. Krabs|0 fnt|[from] psn
|faint|p2a: Mr. Krabs
|upkeep
|
|t:|1758273071
|switch|p2a: Schleimofotzus|Muk-Alola, M|100/100
|switch|p1a: Dragonite|Dragonite, M|100/100
|-damage|p2a: Schleimofotzus|88/100|[from] Stealth Rock
|-sideend|p2: Pipikaka1510|move: Toxic Spikes|[of] p2a: Schleimofotzus
|turn|15
|
|t:|1758273080
|move|p2a: Schleimofotzus|Knock Off|p1a: Dragonite
|-damage|p1a: Dragonite|77/100
|-enditem|p1a: Dragonite|Heavy-Duty Boots|[from] move: Knock Off|[of] p2a: Schleimofotzus
|move|p1a: Dragonite|Dragon Dance|p1a: Dragonite
|-boost|p1a: Dragonite|atk|1
|-boost|p1a: Dragonite|spe|1
|
|-heal|p2a: Schleimofotzus|94/100|[from] item: Leftovers
|-fieldend|move: Trick Room
|upkeep
|turn|16
|
|t:|1758273095
|move|p1a: Dragonite|Earthquake|p2a: Schleimofotzus
|-supereffective|p2a: Schleimofotzus
|-damage|p2a: Schleimofotzus|0 fnt
|faint|p2a: Schleimofotzus
|
|upkeep
|
|t:|1758273100
|switch|p2a: Nick T.|Slowbro, M, shiny|100/100 psn
|-damage|p2a: Nick T.|88/100 psn|[from] Stealth Rock
|turn|17
|
|t:|1758273107
|move|p1a: Dragonite|Roost|p1a: Dragonite
|-heal|p1a: Dragonite|100/100
|-singleturn|p1a: Dragonite|move: Roost
|move|p2a: Nick T.|Trick Room|p2a: Nick T.
|-fieldstart|move: Trick Room|[of] p2a: Nick T.
|
|-heal|p2a: Nick T.|94/100 psn|[from] item: Leftovers
|-damage|p2a: Nick T.|82/100 psn|[from] psn
|upkeep
|turn|18
|
|t:|1758273120
|move|p2a: Nick T.|Ice Beam|p1a: Dragonite
|-supereffective|p1a: Dragonite
|-damage|p1a: Dragonite|47/100
|move|p1a: Dragonite|Dragon Dance|p1a: Dragonite
|-boost|p1a: Dragonite|atk|1
|-boost|p1a: Dragonite|spe|1
|
|-heal|p2a: Nick T.|88/100 psn|[from] item: Leftovers
|-damage|p2a: Nick T.|75/100 psn|[from] psn
|upkeep
|turn|19
|
|t:|1758273129
|move|p1a: Dragonite|Extreme Speed|p2a: Nick T.
|-damage|p2a: Nick T.|18/100 psn
|move|p2a: Nick T.|Ice Beam|p1a: Dragonite
|-supereffective|p1a: Dragonite
|-damage|p1a: Dragonite|0 fnt
|faint|p1a: Dragonite
|
|-heal|p2a: Nick T.|24/100 psn|[from] item: Leftovers
|-damage|p2a: Nick T.|12/100 psn|[from] psn
|upkeep
|
|t:|1758273137
|switch|p1a: Iron Moth|Iron Moth|100/100
|-enditem|p1a: Iron Moth|Booster Energy
|-activate|p1a: Iron Moth|ability: Quark Drive|[fromitem]
|-start|p1a: Iron Moth|quarkdrivespa
|turn|20
|
|t:|1758273147
|move|p2a: Nick T.|Surf|p1a: Iron Moth
|-supereffective|p1a: Iron Moth
|-damage|p1a: Iron Moth|11/100
|move|p1a: Iron Moth|Discharge|p2a: Nick T.
|-supereffective|p2a: Nick T.
|-damage|p2a: Nick T.|0 fnt
|faint|p2a: Nick T.
|
|upkeep
|
|t:|1758273156
|switch|p2a: Kakanussbaum|Exeggutor-Alola, F, shiny|100/100
|-damage|p2a: Kakanussbaum|88/100|[from] Stealth Rock
|turn|21
|
|t:|1758273167
|move|p2a: Kakanussbaum|Draco Meteor|p1a: Iron Moth
|-damage|p1a: Iron Moth|0 fnt
|-unboost|p2a: Kakanussbaum|spa|2
|faint|p1a: Iron Moth
|-end|p1a: Iron Moth|Quark Drive|[silent]
|
|-fieldend|move: Trick Room
|upkeep
|
|t:|1758273170
|switch|p1a: Deoxys|Deoxys-Speed|100/100
|-ability|p1a: Deoxys|Pressure
|turn|22
|
|t:|1758273180
|move|p1a: Deoxys|Ice Beam|p2a: Kakanussbaum
|-supereffective|p2a: Kakanussbaum
|-damage|p2a: Kakanussbaum|0 fnt
|faint|p2a: Kakanussbaum
|
|win|Firo丶Ennis
|raw|Firo丶Ennis's rating: 1085 &rarr; <strong>1115</strong><br />(+30 for winning)
|raw|Pipikaka1510's rating: 1126 &rarr; <strong>1098</strong><br />(-28 for losing)
|l|☆Pipikaka1510
|player|p2|
|l|☆Firo丶Ennis
|player|p1|
