|j|☆napkin_56
|j|☆20120414x
|t:|1758362647
|gametype|singles
|player|p1|napkin_56|policeman-gen4|1265
|player|p2|20120414x|winona|1274
|gen|9
|tier|[Gen 9] OU
|rated|
|rule|HP Percentage Mod: HP is shown in percentages
|rule|Endless Battle Clause: Forcing endless battles is banned
|rule|Species Clause: Limit one of each Pokémon
|rule|OHKO Clause: OHKO moves are banned
|rule|Evasion Items Clause: Evasion items are banned
|rule|Evasion Moves Clause: Evasion moves are banned
|rule|Evasion Abilities Clause: Evasion abilities are banned
|rule|Sleep Moves Clause: Sleep-inducing moves are banned
|clearpoke
|poke|p1|Rillaboom, F|
|poke|p1|Hawlucha, M|
|poke|p1|Ogerpon-Wellspring, F|
|poke|p1|Moltres|
|poke|p1|Great Tusk|
|poke|p1|Slowking-Galar, F|
|poke|p2|Zamazenta-*|
|poke|p2|Great Tusk|
|poke|p2|Quaquaval, F|
|poke|p2|Cobalion|
|poke|p2|Tyranitar, F|
|poke|p2|Drednaw, F|
|teampreview
|inactive|Battle timer is ON: inactive players will automatically lose when time's up. (requested by napkin_56)
|
|t:|1758362669
|teamsize|p1|6
|teamsize|p2|6
|start
|switch|p1a: Rillaboom|Rillaboom, F|100/100
|switch|p2a: Cobalion|Cobalion|100/100
|-fieldstart|move: Grassy Terrain|[from] ability: Grassy Surge|[of] p1a: Rillaboom
|turn|1
|
|t:|1758362678
|move|p2a: Cobalion|Stealth Rock|p1a: Rillaboom
|-sidestart|p1: napkin_56|move: Stealth Rock
|move|p1a: Rillaboom|U-turn|p2a: Cobalion
|-resisted|p2a: Cobalion
|-crit|p2a: Cobalion
|-damage|p2a: Cobalion|92/100
|-damage|p1a: Rillaboom|84/100|[from] item: Rocky Helmet|[of] p2a: Cobalion
|
|t:|1758362688
|switch|p1a: Hawlucha|Hawlucha, M|100/100|[from] U-turn
|-damage|p1a: Hawlucha|88/100|[from] Stealth Rock
|-enditem|p1a: Hawlucha|Grassy Seed
|-boost|p1a: Hawlucha|def|1|[from] item: Grassy Seed
|
|-heal|p2a: Cobalion|98/100|[from] Grassy Terrain
|upkeep
|turn|2
|
|t:|1758362698
|move|p1a: Hawlucha|Swords Dance|p1a: Hawlucha
|-boost|p1a: Hawlucha|atk|2
|move|p2a: Cobalion|Steel Beam|p1a: Hawlucha
|-damage|p1a: Hawlucha|0 fnt
|-damage|p2a: Cobalion|48/100|[from] steelbeam
|faint|p1a: Hawlucha
|
|-heal|p2a: Cobalion|54/100|[from] Grassy Terrain
|upkeep
|
|t:|1758362709
|switch|p1a: Moltres|Moltres|100/100
|turn|3
|
|t:|1758362715
|move|p2a: Cobalion|Taunt|p1a: Moltres
|-start|p1a: Moltres|move: Taunt
|move|p1a: Moltres|Flamethrower|p2a: Cobalion
|-supereffective|p2a: Cobalion
|-damage|p2a: Cobalion|0 fnt
|faint|p2a: Cobalion
|
|upkeep
|
|t:|1758362725
|switch|p2a: Tyranitar|Tyranitar, F|100/100
|-weather|Sandstorm|[from] ability: Sand Stream|[of] p2a: Tyranitar
|turn|4
|
|t:|1758362732
|move|p1a: Moltres|U-turn|p2a: Tyranitar
|-supereffective|p2a: Tyranitar
|-damage|p2a: Tyranitar|72/100
|
|t:|1758362735
|switch|p1a: Great Tusk|Great Tusk|100/100|[from] U-turn
|-damage|p1a: Great Tusk|98/100|[from] Stealth Rock
|move|p2a: Tyranitar|Stone Edge|p1a: Great Tusk
|-resisted|p1a: Great Tusk
|-damage|p1a: Great Tusk|89/100
|
|-weather|Sandstorm|[upkeep]
|-heal|p1a: Great Tusk|95/100|[from] Grassy Terrain
|-heal|p1a: Great Tusk|100/100|[from] item: Leftovers
|-heal|p2a: Tyranitar|79/100|[from] Grassy Terrain
|upkeep
|turn|5
|
|t:|1758362750
|move|p1a: Great Tusk|Rapid Spin|p2a: Tyranitar
|-resisted|p2a: Tyranitar
|-damage|p2a: Tyranitar|71/100
|-boost|p1a: Great Tusk|spe|1
|-sideend|p1: napkin_56|Stealth Rock|[from] move: Rapid Spin|[of] p1a: Great Tusk
|move|p2a: Tyranitar|Ice Beam|p1a: Great Tusk
|-supereffective|p1a: Great Tusk
|-damage|p1a: Great Tusk|27/100
|
|-weather|Sandstorm|[upkeep]
|-heal|p1a: Great Tusk|34/100|[from] Grassy Terrain
|-heal|p1a: Great Tusk|40/100|[from] item: Leftovers
|-heal|p2a: Tyranitar|77/100|[from] Grassy Terrain
|-fieldend|move: Grassy Terrain
|upkeep
|turn|6
|
|t:|1758362771
|move|p1a: Great Tusk|Close Combat|p2a: Tyranitar
|-supereffective|p2a: Tyranitar
|-damage|p2a: Tyranitar|0 fnt
|-unboost|p1a: Great Tusk|def|1
|-unboost|p1a: Great Tusk|spd|1
|faint|p2a: Tyranitar
|
|-weather|Sandstorm|[upkeep]
|-heal|p1a: Great Tusk|46/100|[from] item: Leftovers
|upkeep
|inactive|20120414x has 120 seconds left.
|
|t:|1758362782
|switch|p2a: Zamazenta|Zamazenta|100/100
|-ability|p2a: Zamazenta|Dauntless Shield|boost
|-boost|p2a: Zamazenta|def|1
|turn|7
|
|t:|1758362787
|-end|p1a: Great Tusk|Protosynthesis|[silent]
|switch|p1a: Moltres|Moltres|100/100
|move|p2a: Zamazenta|Substitute|p2a: Zamazenta
|-start|p2a: Zamazenta|Substitute
|-damage|p2a: Zamazenta|76/100
|
|-weather|Sandstorm|[upkeep]
|-damage|p2a: Zamazenta|70/100|[from] Sandstorm
|-damage|p1a: Moltres|94/100|[from] Sandstorm
|-heal|p2a: Zamazenta|76/100|[from] item: Leftovers
|upkeep
|turn|8
|
|t:|1758362799
|move|p2a: Zamazenta|Iron Defense|p2a: Zamazenta
|-boost|p2a: Zamazenta|def|2
|move|p1a: Moltres|Roar|p2a: Zamazenta
|drag|p2a: Drednaw|Drednaw, F|100/100
|
|-weather|none
|upkeep
|turn|9
|
|t:|1758362823
|switch|p1a: Great Tusk|Great Tusk|46/100
|move|p2a: Drednaw|Shell Smash|p2a: Drednaw
|-unboost|p2a: Drednaw|def|1
|-unboost|p2a: Drednaw|spd|1
|-boost|p2a: Drednaw|atk|2
|-boost|p2a: Drednaw|spa|2
|-boost|p2a: Drednaw|spe|2
|
|-heal|p1a: Great Tusk|52/100|[from] item: Leftovers
|upkeep
|turn|10
|
|t:|1758362834
|move|p2a: Drednaw|Liquidation|p1a: Great Tusk
|-supereffective|p1a: Great Tusk
|-damage|p1a: Great Tusk|0 fnt
|faint|p1a: Great Tusk
|-end|p1a: Great Tusk|Protosynthesis|[silent]
|
|upkeep
|
|t:|1758362836
|switch|p1a: Rillaboom|Rillaboom, F|84/100
|-fieldstart|move: Grassy Terrain|[from] ability: Grassy Surge|[of] p1a: Rillaboom
|turn|11
|
|t:|1758362845
|move|p1a: Rillaboom|Grassy Glide|p2a: Drednaw
|-supereffective|p2a: Drednaw
|-enditem|p2a: Drednaw|Focus Sash
|-damage|p2a: Drednaw|1/100
|move|p2a: Drednaw|Ice Fang|p1a: Rillaboom
|-supereffective|p1a: Rillaboom
|-damage|p1a: Rillaboom|0 fnt
|faint|p1a: Rillaboom
|
|-heal|p2a: Drednaw|7/100|[from] Grassy Terrain
|upkeep
|
|t:|1758362849
|switch|p1a: Ogerpon|Ogerpon-Wellspring, F|100/100
|turn|12
|
|t:|1758362859
|move|p1a: Ogerpon|Grassy Glide|p2a: Drednaw
|-supereffective|p2a: Drednaw
|-damage|p2a: Drednaw|0 fnt
|faint|p2a: Drednaw
|
|upkeep
|
|t:|1758362867
|switch|p2a: Zamazenta|Zamazenta|76/100
|turn|13
|
|t:|1758362872
|move|p1a: Ogerpon|Swords Dance|p1a: Ogerpon
|-boost|p1a: Ogerpon|atk|2
|move|p2a: Zamazenta|Iron Defense|p2a: Zamazenta
|-boost|p2a: Zamazenta|def|2
|
|-heal|p2a: Zamazenta|82/100|[from] Grassy Terrain
|-heal|p2a: Zamazenta|88/100|[from] item: Leftovers
|upkeep
|turn|14
|
|t:|1758362883
|-terastallize|p1a: Ogerpon|Water
|detailschange|p1a: Ogerpon|Ogerpon-Wellspring-Tera, F, tera:Water
|-ability|p1a: Ogerpon|Embody Aspect (Wellspring)|boost
|-boost|p1a: Ogerpon|spd|1
|move|p1a: Ogerpon|Ivy Cudgel|p2a: Zamazenta|[anim] Ivy Cudgel Water
|-damage|p2a: Zamazenta|39/100
|move|p2a: Zamazenta|Body Press|p1a: Ogerpon
|-damage|p1a: Ogerpon|0 fnt
|faint|p1a: Ogerpon
|detailschange|p1: Ogerpon|Ogerpon-Wellspring, F|[silent]
|
|-heal|p2a: Zamazenta|45/100|[from] Grassy Terrain
|-heal|p2a: Zamazenta|51/100|[from] item: Leftovers
|upkeep
|
|t:|1758362891
|switch|p1a: Slowking|Slowking-Galar, F|100/100
|turn|15
|
|t:|1758362902
|move|p2a: Zamazenta|Substitute|p2a: Zamazenta
|-start|p2a: Zamazenta|Substitute
|-damage|p2a: Zamazenta|26/100
|move|p1a: Slowking|Future Sight|p2a: Zamazenta
|-start|p1a: Slowking|move: Future Sight
|
|-heal|p2a: Zamazenta|32/100|[from] Grassy Terrain
|-heal|p2a: Zamazenta|39/100|[from] item: Leftovers
|-fieldend|move: Grassy Terrain
|upkeep
|turn|16
|
|t:|1758362913
|move|p2a: Zamazenta|Iron Defense|p2a: Zamazenta
|-boost|p2a: Zamazenta|def|2
|move|p1a: Slowking|Sludge Bomb|p2a: Zamazenta
|-end|p2a: Zamazenta|Substitute
|
|-heal|p2a: Zamazenta|45/100|[from] item: Leftovers
|upkeep
|turn|17
|
|t:|1758362929
|-terastallize|p2a: Zamazenta|Steel
|move|p2a: Zamazenta|Body Press|p1a: Slowking
|-resisted|p1a: Slowking
|-damage|p1a: Slowking|66/100
|-prepare|p1a: Slowking|Chilly Reception|[premajor]
|move|p1a: Slowking|Chilly Reception|p1a: Slowking
|-weather|Snowscape
|
|t:|1758362934
|switch|p1a: Moltres|Moltres|94/100|[from] Chilly Reception
|
|-weather|Snowscape|[upkeep]
|-end|p2a: Zamazenta|move: Future Sight
|-resisted|p2a: Zamazenta
|-damage|p2a: Zamazenta|27/100
|-heal|p2a: Zamazenta|34/100|[from] item: Leftovers
|upkeep
|turn|18
|
|t:|1758362947
|move|p2a: Zamazenta|Body Press|p1a: Moltres
|-resisted|p1a: Moltres
|-damage|p1a: Moltres|48/100
|move|p1a: Moltres|Roar|p2a: Zamazenta
|drag|p2a: Quaquaval|Quaquaval, F|100/100
|
|-weather|Snowscape|[upkeep]
|upkeep
|turn|19
|
|t:|1758362957
|switch|p1a: Slowking|Slowking-Galar, F|99/100
|move|p2a: Quaquaval|Aqua Step|p1a: Slowking
|-damage|p1a: Slowking|53/100
|-boost|p2a: Quaquaval|spe|1
|
|-weather|Snowscape|[upkeep]
|upkeep
|turn|20
|
|t:|1758362966
|move|p2a: Quaquaval|Knock Off|p1a: Slowking
|-supereffective|p1a: Slowking
|-damage|p1a: Slowking|0 fnt
|-enditem|p1a: Slowking|Heavy-Duty Boots|[from] move: Knock Off|[of] p2a: Quaquaval
|faint|p1a: Slowking
|-ability|p2a: Quaquaval|Moxie|boost
|-boost|p2a: Quaquaval|atk|1
|
|-weather|Snowscape|[upkeep]
|upkeep
|-message|napkin_56 forfeited.
|
|win|20120414x
|raw|napkin_56's rating: 1265 &rarr; <strong>1241</strong><br />(-24 for losing)
|raw|20120414x's rating: 1274 &rarr; <strong>1298</strong><br />(+24 for winning)
|l|☆napkin_56
|player|p1|
|l|☆20120414x
|player|p2|
