|j|☆TheGamingPolitoed
|j|☆LimeLightPokemon
|t:|1758376926
|gametype|singles
|player|p1|TheGamingPolitoed|cress|1327
|player|p2|LimeLightPokemon|medium|1302
|gen|9
|tier|[Gen 9] OU
|rated|
|rule|HP Percentage Mod: HP is shown in percentages
|rule|Endless Battle Clause: Forcing endless battles is banned
|rule|Species Clause: Limit one of each Pokémon
|rule|OHKO Clause: OHKO moves are banned
|rule|Evasion Items Clause: Evasion items are banned
|rule|Evasion Moves Clause: Evasion moves are banned
|rule|Evasion Abilities Clause: Evasion abilities are banned
|rule|Sleep Moves Clause: Sleep-inducing moves are banned
|clearpoke
|poke|p1|Primarina, F|
|poke|p1|Ludicolo, M|
|poke|p1|Samurott-Hisui, M|
|poke|p1|Toxapex, F|
|poke|p1|Politoed, M|
|poke|p1|Walking Wake|
|poke|p2|Garganacl, M|
|poke|p2|Clefable, F|
|poke|p2|Cinderace, M|
|poke|p2|Manaphy|
|poke|p2|Ogerpon-Cornerstone, F|
|poke|p2|Great Tusk|
|teampreview
|
|t:|1758376939
|teamsize|p1|6
|teamsize|p2|6
|start
|switch|p1a: Donny Ronny|Samurott-Hisui, M|100/100
|switch|p2a: I'm teraing|Garganacl, M|100/100
|turn|1
|
|t:|1758376944
|-terastallize|p2a: I'm teraing|Water
|move|p1a: Donny Ronny|Knock Off|p2a: I'm teraing
|-damage|p2a: I'm teraing|69/100
|-enditem|p2a: I'm teraing|Leftovers|[from] move: Knock Off|[of] p1a: Donny Ronny
|move|p2a: I'm teraing|Stealth Rock|p1a: Donny Ronny
|-sidestart|p1: TheGamingPolitoed|move: Stealth Rock
|
|upkeep
|turn|2
|
|t:|1758376951
|move|p1a: Donny Ronny|Ceaseless Edge|p2a: I'm teraing
|-damage|p2a: I'm teraing|37/100
|-sidestart|p2: LimeLightPokemon|Spikes
|move|p2a: I'm teraing|Salt Cure|p1a: Donny Ronny
|-damage|p1a: Donny Ronny|85/100
|-start|p1a: Donny Ronny|Salt Cure
|
|-damage|p1a: Donny Ronny|60/100|[from] Salt Cure
|upkeep
|turn|3
|
|t:|1758376958
|move|p2a: I'm teraing|Protect|p2a: I'm teraing
|-singleturn|p2a: I'm teraing|Protect
|move|p1a: Donny Ronny|Ceaseless Edge|p2a: I'm teraing
|-activate|p2a: I'm teraing|move: Protect
|
|-damage|p1a: Donny Ronny|35/100|[from] Salt Cure
|upkeep
|turn|4
|
|t:|1758376967
|switch|p1a: Ecomare|Primarina, F|100/100
|-damage|p1a: Ecomare|88/100|[from] Stealth Rock
|switch|p2a: Great Tusk|Great Tusk|100/100
|
|-heal|p1a: Ecomare|94/100|[from] item: Leftovers
|upkeep
|turn|5
|
|t:|1758376976
|move|p2a: Great Tusk|Rapid Spin|p1a: Ecomare
|-damage|p1a: Ecomare|74/100
|-boost|p2a: Great Tusk|spe|1
|-sideend|p2: LimeLightPokemon|Spikes|[from] move: Rapid Spin|[of] p2a: Great Tusk
|move|p1a: Ecomare|Moonblast|p2a: Great Tusk
|-supereffective|p2a: Great Tusk
|-damage|p2a: Great Tusk|0 fnt
|faint|p2a: Great Tusk
|-end|p2a: Great Tusk|Protosynthesis|[silent]
|
|-heal|p1a: Ecomare|80/100|[from] item: Leftovers
|upkeep
|
|t:|1758376987
|switch|p2a: Ogerpon|Ogerpon-Cornerstone, F|100/100
|turn|6
|
|t:|1758376990
|switch|p1a: Toxatax|Toxapex, F|100/100
|-damage|p1a: Toxatax|88/100|[from] Stealth Rock
|move|p2a: Ogerpon|Swords Dance|p2a: Ogerpon
|-boost|p2a: Ogerpon|atk|2
|
|upkeep
|turn|7
|
|t:|1758377005
|move|p2a: Ogerpon|Ivy Cudgel|p1a: Toxatax|[anim] Ivy Cudgel Rock
|-damage|p1a: Toxatax|11/100
|move|p1a: Toxatax|Haze|p1a: Toxatax
|-clearallboost
|
|upkeep
|turn|8
|
|t:|1758377012
|switch|p1a: Donny Ronny|Samurott-Hisui, M|35/100
|-damage|p1a: Donny Ronny|22/100|[from] Stealth Rock
|move|p2a: Ogerpon|Swords Dance|p2a: Ogerpon
|-boost|p2a: Ogerpon|atk|2
|
|upkeep
|turn|9
|
|t:|1758377020
|move|p1a: Donny Ronny|Aqua Jet|p2a: Ogerpon
|-damage|p2a: Ogerpon|75/100
|move|p2a: Ogerpon|Horn Leech|p1a: Donny Ronny
|-supereffective|p1a: Donny Ronny
|-damage|p1a: Donny Ronny|0 fnt
|-heal|p2a: Ogerpon|88/100|[from] drain|[of] p1a: Donny Ronny
|faint|p1a: Donny Ronny
|
|upkeep
|
|t:|1758377031
|switch|p1a: The King|Politoed, M|100/100
|-damage|p1a: The King|88/100|[from] Stealth Rock
|-weather|RainDance|[from] ability: Drizzle|[of] p1a: The King
|turn|10
|
|t:|1758377040
|switch|p1a: Toxatax|Toxapex, F|44/100
|-damage|p1a: Toxatax|32/100|[from] Stealth Rock
|move|p2a: Ogerpon|Horn Leech|p1a: Toxatax
|-damage|p1a: Toxatax|0 fnt
|-heal|p2a: Ogerpon|100/100|[from] drain|[of] p1a: Toxatax
|-damage|p2a: Ogerpon|84/100|[from] item: Rocky Helmet|[of] p1a: Toxatax
|faint|p1a: Toxatax
|
|-weather|RainDance|[upkeep]
|upkeep
|
|t:|1758377050
|switch|p1a: Juan|Ludicolo, M|100/100
|-damage|p1a: Juan|88/100|[from] Stealth Rock
|turn|11
|
|t:|1758377058
|-terastallize|p1a: Juan|Water
|move|p1a: Juan|Hydro Pump|p2a: Ogerpon
|-damage|p2a: Ogerpon|0 fnt
|faint|p2a: Ogerpon
|-damage|p1a: Juan|78/100|[from] item: Life Orb
|
|-weather|RainDance|[upkeep]
|upkeep
|
|t:|1758377065
|switch|p2a: Clefable|Clefable, F|100/100
|turn|12
|
|t:|1758377068
|move|p1a: Juan|Hydro Pump|p2a: Clefable
|-damage|p2a: Clefable|0 fnt
|faint|p2a: Clefable
|-damage|p1a: Juan|68/100|[from] item: Life Orb
|
|-weather|RainDance|[upkeep]
|upkeep
|
|t:|1758377074
|switch|p2a: I'm teraing|Garganacl, M, tera:Water|37/100
|turn|13
|
|t:|1758377076
|move|p2a: I'm teraing|Protect|p2a: I'm teraing
|-singleturn|p2a: I'm teraing|Protect
|move|p1a: Juan|Giga Drain|p2a: I'm teraing
|-activate|p2a: I'm teraing|move: Protect
|
|-weather|RainDance|[upkeep]
|upkeep
|turn|14
|
|t:|1758377086
|move|p1a: Juan|Giga Drain|p2a: I'm teraing
|-supereffective|p2a: I'm teraing
|-damage|p2a: I'm teraing|0 fnt
|-heal|p1a: Juan|93/100|[from] drain|[of] p2a: I'm teraing
|faint|p2a: I'm teraing
|-damage|p1a: Juan|83/100|[from] item: Life Orb
|
|-weather|RainDance|[upkeep]
|upkeep
|
|t:|1758377090
|switch|p2a: John|Manaphy|100/100
|turn|15
|
|t:|1758377098
|move|p1a: Juan|Giga Drain|p2a: John
|-supereffective|p2a: John
|-damage|p2a: John|18/100
|-heal|p1a: Juan|100/100|[from] drain|[of] p2a: John
|-damage|p1a: Juan|91/100|[from] item: Life Orb
|move|p2a: John|Tail Glow|p2a: John
|-boost|p2a: John|spa|3
|
|-weather|RainDance|[upkeep]
|-heal|p2a: John|24/100|[from] item: Leftovers
|upkeep
|turn|16
|-message|LimeLightPokemon forfeited.
|
|win|TheGamingPolitoed
|raw|TheGamingPolitoed's rating: 1327 &rarr; <strong>1346</strong><br />(+19 for winning)
|raw|LimeLightPokemon's rating: 1302 &rarr; <strong>1283</strong><br />(-19 for losing)
|l|☆LimeLightPokemon
|player|p2|
|l|☆TheGamingPolitoed
|player|p1|
