|j|☆mucino
|j|☆Dabfabi
|t:|1758346273
|gametype|singles
|player|p1|mucino|1|1238
|player|p2|Dabfabi|emmet|1246
|gen|9
|tier|[Gen 9] OU
|rated|
|rule|HP Percentage Mod: HP is shown in percentages
|rule|Endless Battle Clause: Forcing endless battles is banned
|rule|Species Clause: Limit one of each Pokémon
|rule|OHKO Clause: OHKO moves are banned
|rule|Evasion Items Clause: Evasion items are banned
|rule|Evasion Moves Clause: Evasion moves are banned
|rule|Evasion Abilities Clause: Evasion abilities are banned
|rule|Sleep Moves Clause: Sleep-inducing moves are banned
|clearpoke
|poke|p1|Clodsire, M|
|poke|p1|Kingambit, M|
|poke|p1|Dragonite, M|
|poke|p1|Chandelure, F|
|poke|p1|Primarina, M|
|poke|p1|Grimmsnarl, M|
|poke|p2|Ting-Lu|
|poke|p2|Darkrai|
|poke|p2|Corviknight, M|
|poke|p2|Fezandipiti, M|
|poke|p2|Pecharunt|
|poke|p2|Latios, M|
|teampreview
|inactive|Battle timer is ON: inactive players will automatically lose when time's up. (requested by mucino)
|
|t:|1758346291
|teamsize|p1|6
|teamsize|p2|6
|start
|switch|p1a: Grimmsnarl|Grimmsnarl, M|100/100
|switch|p2a: Cosmic Owl|Fezandipiti, M|100/100
|turn|1
|
|t:|1758346296
|move|p1a: Grimmsnarl|Taunt|p2a: Cosmic Owl
|-start|p2a: Cosmic Owl|move: Taunt
|move|p2a: Cosmic Owl|Sludge Bomb|p1a: Grimmsnarl
|-supereffective|p1a: Grimmsnarl
|-damage|p1a: Grimmsnarl|48/100
|-status|p1a: Grimmsnarl|tox|[from] ability: Toxic Chain|[of] p2a: Cosmic Owl
|
|-damage|p1a: Grimmsnarl|42/100 tox|[from] psn
|upkeep
|turn|2
|
|t:|1758346300
|move|p1a: Grimmsnarl|Light Screen|p1a: Grimmsnarl
|-sidestart|p1: mucino|move: Light Screen
|move|p2a: Cosmic Owl|Moonblast|p1a: Grimmsnarl
|-supereffective|p1a: Grimmsnarl
|-damage|p1a: Grimmsnarl|14/100 tox
|-unboost|p1a: Grimmsnarl|spa|1
|
|-damage|p1a: Grimmsnarl|2/100 tox|[from] psn
|upkeep
|turn|3
|
|t:|1758346308
|move|p1a: Grimmsnarl|Reflect|p1a: Grimmsnarl
|-sidestart|p1: mucino|Reflect
|move|p2a: Cosmic Owl|Sludge Bomb|p1a: Grimmsnarl
|-supereffective|p1a: Grimmsnarl
|-damage|p1a: Grimmsnarl|0 fnt
|faint|p1a: Grimmsnarl
|
|-end|p2a: Cosmic Owl|move: Taunt
|upkeep
|
|t:|1758346329
|switch|p1a: Kingambit|Kingambit, M|100/100
|-activate|p1a: Kingambit|ability: Supreme Overlord
|-start|p1a: Kingambit|fallen1|[silent]
|turn|4
|
|t:|1758346332
|switch|p2a: Yami|Corviknight, M, shiny|100/100
|-ability|p2a: Yami|Pressure
|move|p1a: Kingambit|Iron Head|p2a: Yami
|-resisted|p2a: Yami
|-damage|p2a: Yami|84/100
|-damage|p1a: Kingambit|84/100|[from] item: Rocky Helmet|[of] p2a: Yami
|
|upkeep
|turn|5
|
|t:|1758346337
|-end|p1a: Kingambit|fallen1|[silent]
|switch|p1a: Chandelure|Chandelure, F|100/100
|move|p2a: Yami|U-turn|p1a: Chandelure
|-resisted|p1a: Chandelure
|-damage|p1a: Chandelure|98/100
|
|t:|1758346341
|switch|p2a: Goliath|Ting-Lu|100/100|[from] U-turn
|-ability|p2a: Goliath|Vessel of Ruin
|
|upkeep
|turn|6
|
|t:|1758346343
|move|p1a: Chandelure|Trick|p2a: Goliath
|-activate|p1a: Chandelure|move: Trick|[of] p2a: Goliath
|-item|p2a: Goliath|Choice Scarf|[from] move: Trick
|-item|p1a: Chandelure|Leftovers|[from] move: Trick
|move|p2a: Goliath|Stealth Rock|p1a: Chandelure
|-sidestart|p1: mucino|move: Stealth Rock
|
|-heal|p1a: Chandelure|100/100|[from] item: Leftovers
|upkeep
|turn|7
|
|t:|1758346350
|switch|p2a: Cosmic Owl|Fezandipiti, M|100/100
|move|p1a: Chandelure|Flamethrower|p2a: Cosmic Owl
|-damage|p2a: Cosmic Owl|67/100
|
|upkeep
|turn|8
|
|t:|1758346360
|move|p1a: Chandelure|Flamethrower|p2a: Cosmic Owl
|-damage|p2a: Cosmic Owl|36/100
|move|p2a: Cosmic Owl|Roost|p2a: Cosmic Owl
|-heal|p2a: Cosmic Owl|87/100
|-singleturn|p2a: Cosmic Owl|move: Roost
|
|upkeep
|turn|9
|
|t:|1758346369
|move|p1a: Chandelure|Trick|p2a: Cosmic Owl
|-activate|p1a: Chandelure|move: Trick|[of] p2a: Cosmic Owl
|-item|p2a: Cosmic Owl|Leftovers|[from] move: Trick
|-item|p1a: Chandelure|Heavy-Duty Boots|[from] move: Trick
|move|p2a: Cosmic Owl|Calm Mind|p2a: Cosmic Owl
|-boost|p2a: Cosmic Owl|spa|1
|-boost|p2a: Cosmic Owl|spd|1
|
|-heal|p2a: Cosmic Owl|93/100|[from] item: Leftovers
|-sideend|p1: mucino|move: Light Screen
|upkeep
|turn|10
|
|t:|1758346377
|switch|p1a: Clodsire|Clodsire, M|100/100
|-damage|p1a: Clodsire|94/100|[from] Stealth Rock
|move|p2a: Cosmic Owl|Sludge Bomb|p1a: Clodsire
|-resisted|p1a: Clodsire
|-damage|p1a: Clodsire|90/100
|
|-heal|p2a: Cosmic Owl|99/100|[from] item: Leftovers
|-heal|p1a: Clodsire|96/100|[from] item: Leftovers
|-sideend|p1: mucino|Reflect
|upkeep
|turn|11
|
|t:|1758346380
|switch|p2a: Goliath|Ting-Lu|100/100
|-ability|p2a: Goliath|Vessel of Ruin
|move|p1a: Clodsire|Earthquake|p2a: Goliath
|-damage|p2a: Goliath|87/100
|
|-heal|p1a: Clodsire|100/100|[from] item: Leftovers
|upkeep
|turn|12
|
|t:|1758346383
|move|p2a: Goliath|Ruination|p1a: Clodsire
|-damage|p1a: Clodsire|50/100
|move|p1a: Clodsire|Toxic|p2a: Goliath
|-status|p2a: Goliath|tox
|
|-heal|p1a: Clodsire|57/100|[from] item: Leftovers
|-damage|p2a: Goliath|81/100 tox|[from] psn
|upkeep
|turn|13
|
|t:|1758346386
|move|p2a: Goliath|Ruination|p1a: Clodsire
|-damage|p1a: Clodsire|29/100
|move|p1a: Clodsire|Stealth Rock|p2a: Goliath
|-sidestart|p2: Dabfabi|move: Stealth Rock
|
|-heal|p1a: Clodsire|35/100|[from] item: Leftovers
|-damage|p2a: Goliath|68/100 tox|[from] psn
|upkeep
|turn|14
|
|t:|1758346389
|move|p2a: Goliath|Ruination|p1a: Clodsire
|-damage|p1a: Clodsire|18/100
|move|p1a: Clodsire|Recover|p1a: Clodsire
|-heal|p1a: Clodsire|68/100
|
|-heal|p1a: Clodsire|74/100|[from] item: Leftovers
|-damage|p2a: Goliath|49/100 tox|[from] psn
|upkeep
|turn|15
|
|t:|1758346393
|move|p2a: Goliath|Ruination|p1a: Clodsire
|-damage|p1a: Clodsire|37/100
|move|p1a: Clodsire|Recover|p1a: Clodsire
|-heal|p1a: Clodsire|87/100
|
|-heal|p1a: Clodsire|94/100|[from] item: Leftovers
|-damage|p2a: Goliath|24/100 tox|[from] psn
|upkeep
|turn|16
|
|t:|1758346396
|switch|p2a: Avalon|Latios, M, shiny|100/100
|-damage|p2a: Avalon|88/100|[from] Stealth Rock
|move|p1a: Clodsire|Earthquake|p2a: Avalon
|-immune|p2a: Avalon|[from] ability: Levitate
|
|-heal|p1a: Clodsire|99/100|[from] item: Leftovers
|upkeep
|turn|17
|
|t:|1758346398
|move|p2a: Avalon|Psychic Noise|p1a: Clodsire
|-supereffective|p1a: Clodsire
|-damage|p1a: Clodsire|38/100
|-start|p1a: Clodsire|move: Heal Block
|move|p1a: Clodsire|Toxic|p2a: Avalon
|-status|p2a: Avalon|tox
|
|-damage|p2a: Avalon|82/100 tox|[from] psn
|upkeep
|turn|18
|
|t:|1758346403
|switch|p1a: Kingambit|Kingambit, M|84/100
|-damage|p1a: Kingambit|78/100|[from] Stealth Rock
|-activate|p1a: Kingambit|ability: Supreme Overlord
|-start|p1a: Kingambit|fallen1|[silent]
|move|p2a: Avalon|Aura Sphere|p1a: Kingambit
|-supereffective|p1a: Kingambit
|-damage|p1a: Kingambit|0 fnt
|faint|p1a: Kingambit
|-end|p1a: Kingambit|fallen1|[silent]
|
|-damage|p2a: Avalon|70/100 tox|[from] psn
|upkeep
|
|t:|1758346407
|switch|p1a: Chandelure|Chandelure, F|100/100
|turn|19
|
|t:|1758346413
|switch|p2a: Goliath|Ting-Lu|24/100 tox
|-damage|p2a: Goliath|18/100 tox|[from] Stealth Rock
|-ability|p2a: Goliath|Vessel of Ruin
|move|p1a: Chandelure|Shadow Ball|p2a: Goliath
|-resisted|p2a: Goliath
|-damage|p2a: Goliath|9/100 tox
|
|-damage|p2a: Goliath|3/100 tox|[from] psn
|upkeep
|turn|20
|
|t:|1758346417
|move|p1a: Chandelure|Energy Ball|p2a: Goliath
|-supereffective|p2a: Goliath
|-damage|p2a: Goliath|0 fnt
|faint|p2a: Goliath
|
|upkeep
|
|t:|1758346427
|switch|p2a: Avalon|Latios, M, shiny|70/100 tox
|-damage|p2a: Avalon|58/100 tox|[from] Stealth Rock
|turn|21
|
|t:|1758346432
|switch|p1a: Primarina|Primarina, M|100/100
|-damage|p1a: Primarina|88/100|[from] Stealth Rock
|move|p2a: Avalon|Dragon Pulse|p1a: Primarina
|-immune|p1a: Primarina
|
|-damage|p2a: Avalon|52/100 tox|[from] psn
|upkeep
|turn|22
|
|t:|1758346436
|switch|p2a: Cosmic Owl|Fezandipiti, M|99/100
|-damage|p2a: Cosmic Owl|86/100|[from] Stealth Rock
|move|p1a: Primarina|Moonblast|p2a: Cosmic Owl
|-resisted|p2a: Cosmic Owl
|-damage|p2a: Cosmic Owl|70/100
|
|-heal|p2a: Cosmic Owl|76/100|[from] item: Leftovers
|upkeep
|turn|23
|
|t:|1758346443
|switch|p2a: Avalon|Latios, M, shiny|52/100 tox
|-damage|p2a: Avalon|40/100 tox|[from] Stealth Rock
|-terastallize|p1a: Primarina|Ground
|move|p1a: Primarina|Tera Blast|p2a: Avalon|[anim] Tera Blast Ground
|-immune|p2a: Avalon|[from] ability: Levitate
|
|-damage|p2a: Avalon|34/100 tox|[from] psn
|upkeep
|turn|24
|
|t:|1758346454
|move|p2a: Avalon|Psychic Noise|p1a: Primarina
|-damage|p1a: Primarina|66/100
|-start|p1a: Primarina|move: Heal Block
|move|p1a: Primarina|Ice Beam|p2a: Avalon
|-supereffective|p2a: Avalon
|-damage|p2a: Avalon|0 fnt
|faint|p2a: Avalon
|
|upkeep
|
|t:|1758346463
|switch|p2a: Yagami|Darkrai, shiny|100/100
|turn|25
|
|t:|1758346465
|-terastallize|p2a: Yagami|Poison
|move|p2a: Yagami|Ice Beam|p1a: Primarina
|-supereffective|p1a: Primarina
|-damage|p1a: Primarina|27/100
|move|p1a: Primarina|Moonblast|p2a: Yagami
|-resisted|p2a: Yagami
|-damage|p2a: Yagami|59/100
|-unboost|p2a: Yagami|spa|1
|
|-end|p1a: Primarina|move: Heal Block
|upkeep
|turn|26
|
|t:|1758346469
|move|p2a: Yagami|Ice Beam|p1a: Primarina
|-supereffective|p1a: Primarina
|-damage|p1a: Primarina|3/100
|move|p1a: Primarina|Tera Blast|p2a: Yagami|[anim] Tera Blast Ground
|-supereffective|p2a: Yagami
|-damage|p2a: Yagami|0 fnt
|faint|p2a: Yagami
|
|upkeep
|
|t:|1758346479
|switch|p2a: Yami|Corviknight, M, shiny|84/100
|-damage|p2a: Yami|72/100|[from] Stealth Rock
|-ability|p2a: Yami|Pressure
|turn|27
|
|t:|1758346482
|move|p2a: Yami|U-turn|p1a: Primarina
|-damage|p1a: Primarina|0 fnt
|faint|p1a: Primarina
|
|t:|1758346484
|switch|p2a: Overseer|Pecharunt|100/100|[from] U-turn
|
|upkeep
|
|t:|1758346487
|switch|p1a: Clodsire|Clodsire, M|38/100
|-damage|p1a: Clodsire|32/100|[from] Stealth Rock
|turn|28
|
|t:|1758346494
|move|p2a: Overseer|Parting Shot|p1a: Clodsire
|-unboost|p1a: Clodsire|atk|1
|-unboost|p1a: Clodsire|spa|1
|
|t:|1758346495
|switch|p2a: Yami|Corviknight, M, shiny|72/100|[from] Parting Shot
|-damage|p2a: Yami|60/100|[from] Stealth Rock
|-ability|p2a: Yami|Pressure
|move|p1a: Clodsire|Recover|p1a: Clodsire
|-heal|p1a: Clodsire|82/100
|
|-heal|p1a: Clodsire|88/100|[from] item: Leftovers
|upkeep
|turn|29
|
|t:|1758346505
|move|p2a: Yami|U-turn|p1a: Clodsire
|-resisted|p1a: Clodsire
|-damage|p1a: Clodsire|83/100
|
|t:|1758346509
|switch|p2a: Overseer|Pecharunt|100/100|[from] U-turn
|move|p1a: Clodsire|Earthquake|p2a: Overseer
|-supereffective|p2a: Overseer
|-damage|p2a: Overseer|84/100
|
|-heal|p1a: Clodsire|89/100|[from] item: Leftovers
|upkeep
|turn|30
|
|t:|1758346517
|switch|p1a: Dragonite|Dragonite, M|100/100
|move|p2a: Overseer|Foul Play|p1a: Dragonite
|-damage|p1a: Dragonite|79/100
|
|upkeep
|turn|31
|
|t:|1758346520
|switch|p1a: Chandelure|Chandelure, F|100/100
|move|p2a: Overseer|Foul Play|p1a: Chandelure
|-supereffective|p1a: Chandelure
|-damage|p1a: Chandelure|71/100
|
|upkeep
|turn|32
|
|t:|1758346529
|switch|p1a: Dragonite|Dragonite, M|79/100
|switch|p2a: Cosmic Owl|Fezandipiti, M|76/100
|-damage|p2a: Cosmic Owl|64/100|[from] Stealth Rock
|
|-heal|p2a: Cosmic Owl|70/100|[from] item: Leftovers
|upkeep
|turn|33
|
|t:|1758346532
|switch|p2a: Yami|Corviknight, M, shiny|60/100
|-damage|p2a: Yami|47/100|[from] Stealth Rock
|-ability|p2a: Yami|Pressure
|move|p1a: Dragonite|Earthquake|p2a: Yami
|-immune|p2a: Yami
|
|upkeep
|turn|34
|
|t:|1758346536
|move|p1a: Dragonite|Dragon Dance|p1a: Dragonite
|-boost|p1a: Dragonite|atk|1
|-boost|p1a: Dragonite|spe|1
|move|p2a: Yami|Roost|p2a: Yami
|-heal|p2a: Yami|97/100
|-singleturn|p2a: Yami|move: Roost
|
|upkeep
|turn|35
|
|t:|1758346538
|move|p1a: Dragonite|Dragon Dance|p1a: Dragonite
|-boost|p1a: Dragonite|atk|1
|-boost|p1a: Dragonite|spe|1
|move|p2a: Yami|Iron Defense|p2a: Yami
|-boost|p2a: Yami|def|2
|
|upkeep
|turn|36
|
|t:|1758346540
|move|p1a: Dragonite|Dragon Dance|p1a: Dragonite
|-boost|p1a: Dragonite|atk|1
|-boost|p1a: Dragonite|spe|1
|move|p2a: Yami|U-turn|p1a: Dragonite
|-resisted|p1a: Dragonite
|-damage|p1a: Dragonite|72/100
|
|t:|1758346543
|switch|p2a: Overseer|Pecharunt|84/100|[from] U-turn
|
|upkeep
|turn|37
|
|t:|1758346546
|switch|p2a: Yami|Corviknight, M, shiny|97/100
|-damage|p2a: Yami|85/100|[from] Stealth Rock
|-ability|p2a: Yami|Pressure
|move|p1a: Dragonite|Earthquake|p2a: Yami
|-immune|p2a: Yami
|
|upkeep
|turn|38
|
|t:|1758346551
|move|p1a: Dragonite|Extreme Speed|p2a: Yami
|-resisted|p2a: Yami
|-crit|p2a: Yami
|-damage|p2a: Yami|48/100
|-damage|p1a: Dragonite|55/100|[from] item: Rocky Helmet|[of] p2a: Yami
|move|p2a: Yami|Iron Defense|p2a: Yami
|-boost|p2a: Yami|def|2
|
|upkeep
|turn|39
|
|t:|1758346555
|move|p1a: Dragonite|Extreme Speed|p2a: Yami
|-resisted|p2a: Yami
|-damage|p2a: Yami|35/100
|-damage|p1a: Dragonite|39/100|[from] item: Rocky Helmet|[of] p2a: Yami
|move|p2a: Yami|Roost|p2a: Yami
|-heal|p2a: Yami|85/100
|-singleturn|p2a: Yami|move: Roost
|
|upkeep
|turn|40
|
|t:|1758346557
|switch|p1a: Chandelure|Chandelure, F|71/100
|move|p2a: Yami|Iron Defense|p2a: Yami
|-boost|p2a: Yami|def|2
|
|upkeep
|turn|41
|
|t:|1758346559
|switch|p2a: Cosmic Owl|Fezandipiti, M|70/100
|-damage|p2a: Cosmic Owl|58/100|[from] Stealth Rock
|move|p1a: Chandelure|Shadow Ball|p2a: Cosmic Owl
|-damage|p2a: Cosmic Owl|27/100
|
|-heal|p2a: Cosmic Owl|33/100|[from] item: Leftovers
|upkeep
|turn|42
|
|t:|1758346566
|move|p1a: Chandelure|Shadow Ball|p2a: Cosmic Owl
|-damage|p2a: Cosmic Owl|5/100
|-unboost|p2a: Cosmic Owl|spd|1
|move|p2a: Cosmic Owl|Roost|p2a: Cosmic Owl
|-heal|p2a: Cosmic Owl|55/100
|-singleturn|p2a: Cosmic Owl|move: Roost
|
|-heal|p2a: Cosmic Owl|61/100|[from] item: Leftovers
|upkeep
|turn|43
|
|t:|1758346570
|move|p1a: Chandelure|Shadow Ball|p2a: Cosmic Owl
|-damage|p2a: Cosmic Owl|18/100
|move|p2a: Cosmic Owl|Sludge Bomb|p1a: Chandelure
|-resisted|p1a: Chandelure
|-damage|p1a: Chandelure|56/100
|
|-heal|p2a: Cosmic Owl|24/100|[from] item: Leftovers
|upkeep
|turn|44
|
|t:|1758346574
|move|p1a: Chandelure|Shadow Ball|p2a: Cosmic Owl
|-damage|p2a: Cosmic Owl|0 fnt
|faint|p2a: Cosmic Owl
|
|upkeep
|
|t:|1758346576
|switch|p2a: Overseer|Pecharunt|84/100
|turn|45
|
|t:|1758346578
|move|p1a: Chandelure|Shadow Ball|p2a: Overseer
|-supereffective|p2a: Overseer
|-damage|p2a: Overseer|0 fnt
|faint|p2a: Overseer
|
|upkeep
|-message|Dabfabi forfeited.
|
|win|mucino
|raw|mucino's rating: 1238 &rarr; <strong>1264</strong><br />(+26 for winning)
|raw|Dabfabi's rating: 1246 &rarr; <strong>1220</strong><br />(-26 for losing)
|l|☆Dabfabi
|player|p2|
|l|☆mucino
|player|p1|
