|j|☆swumpy mumpus
|j|☆shiyuyehenku
|t:|1758340675
|gametype|singles
|player|p1|swumpy mumpus|170|1545
|player|p2|shiyuyehenku|2|1524
|gen|9
|tier|[Gen 9] OU
|rated|
|rule|HP Percentage Mod: HP is shown in percentages
|rule|Endless Battle Clause: Forcing endless battles is banned
|rule|Species Clause: Limit one of each Pokémon
|rule|OHKO Clause: OHKO moves are banned
|rule|Evasion Items Clause: Evasion items are banned
|rule|Evasion Moves Clause: Evasion moves are banned
|rule|Evasion Abilities Clause: Evasion abilities are banned
|rule|Sleep Moves Clause: Sleep-inducing moves are banned
|clearpoke
|poke|p1|Okidogi, M|
|poke|p1|Weezing-Galar, M|
|poke|p1|Ogerpon-Wellspring, F|
|poke|p1|Hatterene, F|
|poke|p1|Weavile, F|
|poke|p1|Hawlucha, M|
|poke|p2|Raging Bolt|
|poke|p2|Serperior, F|
|poke|p2|Kingambit, M|
|poke|p2|Enamorus, F|
|poke|p2|Great Tusk|
|poke|p2|Zamazenta-*|
|teampreview
|
|t:|1758340691
|teamsize|p1|6
|teamsize|p2|6
|start
|switch|p1a: Weezing|Weezing-Galar, M|100/100
|switch|p2a: Enamorus|Enamorus, F|100/100
|-fieldstart|move: Misty Terrain|[from] ability: Misty Surge|[of] p1a: Weezing
|turn|1
|
|t:|1758340708
|switch|p1a: Hatterene|Hatterene, F|100/100
|move|p2a: Enamorus|Earth Power|p1a: Hatterene
|-damage|p1a: Hatterene|80/100
|
|upkeep
|turn|2
|
|t:|1758340721
|switch|p2a: Kingambit|Kingambit, M|100/100
|move|p1a: Hatterene|Mystical Fire|p2a: Kingambit
|-supereffective|p2a: Kingambit
|-damage|p2a: Kingambit|43/100
|-unboost|p2a: Kingambit|spa|1
|
|-heal|p2a: Kingambit|49/100|[from] item: Leftovers
|upkeep
|turn|3
|
|t:|1758340728
|-end|p2a: Kingambit|fallenundefined|[silent]
|switch|p2a: Enamorus|Enamorus, F|100/100
|switch|p1a: Okidogi|Okidogi, M|100/100
|
|upkeep
|turn|4
|
|t:|1758340740
|switch|p1a: Weezing|Weezing-Galar, M|100/100
|move|p2a: Enamorus|Earth Power|p1a: Weezing
|-supereffective|p1a: Weezing
|-damage|p1a: Weezing|5/100
|
|upkeep
|turn|5
|
|t:|1758340749
|switch|p1a: Hatterene|Hatterene, F|80/100
|move|p2a: Enamorus|Earth Power|p1a: Hatterene
|-damage|p1a: Hatterene|57/100
|
|upkeep
|turn|6
|
|t:|1758340755
|move|p2a: Enamorus|Earth Power|p1a: Hatterene
|-damage|p1a: Hatterene|38/100
|move|p1a: Hatterene|Draining Kiss|p2a: Enamorus
|-damage|p2a: Enamorus|60/100
|-heal|p1a: Hatterene|66/100|[from] drain|[of] p2a: Enamorus
|
|upkeep
|turn|7
|
|t:|1758340763
|switch|p2a: Kingambit|Kingambit, M|49/100
|move|p1a: Hatterene|Draining Kiss|p2a: Kingambit
|-damage|p2a: Kingambit|19/100
|-heal|p1a: Hatterene|92/100|[from] drain|[of] p2a: Kingambit
|
|-heal|p2a: Kingambit|25/100|[from] item: Leftovers
|upkeep
|turn|8
|
|t:|1758340772
|switch|p1a: Okidogi|Okidogi, M|100/100
|move|p2a: Kingambit|Kowtow Cleave|p1a: Okidogi
|-resisted|p1a: Okidogi
|-damage|p1a: Okidogi|79/100
|
|-heal|p1a: Okidogi|85/100|[from] item: Leftovers
|-heal|p2a: Kingambit|32/100|[from] item: Leftovers
|-fieldend|Misty Terrain
|upkeep
|turn|9
|
|t:|1758340779
|-end|p2a: Kingambit|fallenundefined|[silent]
|switch|p2a: Enamorus|Enamorus, F|60/100
|move|p1a: Okidogi|Bulk Up|p1a: Okidogi
|-boost|p1a: Okidogi|atk|1
|-boost|p1a: Okidogi|def|1
|
|-heal|p1a: Okidogi|91/100|[from] item: Leftovers
|upkeep
|turn|10
|
|t:|1758340788
|switch|p1a: Ogerpon|Ogerpon-Wellspring, F|100/100
|move|p2a: Enamorus|Moonblast|p1a: Ogerpon
|-damage|p1a: Ogerpon|39/100
|-unboost|p1a: Ogerpon|spa|1
|
|upkeep
|turn|11
|
|t:|1758340812
|switch|p1a: Hatterene|Hatterene, F|92/100
|move|p2a: Enamorus|Moonblast|p1a: Hatterene
|-damage|p1a: Hatterene|61/100
|
|upkeep
|turn|12
|
|t:|1758340819
|move|p2a: Enamorus|Moonblast|p1a: Hatterene
|-damage|p1a: Hatterene|29/100
|-unboost|p1a: Hatterene|spa|1
|move|p1a: Hatterene|Draining Kiss|p2a: Enamorus
|-damage|p2a: Enamorus|36/100
|-heal|p1a: Hatterene|46/100|[from] drain|[of] p2a: Enamorus
|
|upkeep
|turn|13
|
|t:|1758340826
|move|p2a: Enamorus|Moonblast|p1a: Hatterene
|-damage|p1a: Hatterene|12/100
|-unboost|p1a: Hatterene|spa|1
|move|p1a: Hatterene|Psyshock|p2a: Enamorus
|-damage|p2a: Enamorus|3/100
|
|upkeep
|turn|14
|
|t:|1758340833
|switch|p1a: Weezing|Weezing-Galar, M|5/100
|-fieldstart|move: Misty Terrain|[from] ability: Misty Surge|[of] p1a: Weezing
|move|p2a: Enamorus|Moonblast|p1a: Weezing
|-resisted|p1a: Weezing
|-damage|p1a: Weezing|0 fnt
|faint|p1a: Weezing
|
|upkeep
|
|t:|1758340834
|switch|p1a: Weavile|Weavile, F|100/100
|-ability|p1a: Weavile|Pressure
|turn|15
|
|t:|1758340846
|switch|p2a: Zamazenta|Zamazenta|100/100
|-ability|p2a: Zamazenta|Dauntless Shield|boost
|-boost|p2a: Zamazenta|def|1
|move|p1a: Weavile|Triple Axel|p2a: Zamazenta
|-damage|p2a: Zamazenta|92/100
|-damage|p2a: Zamazenta|76/100
|-damage|p2a: Zamazenta|52/100
|-hitcount|p2a: Zamazenta|3
|
|-heal|p2a: Zamazenta|58/100|[from] item: Leftovers
|upkeep
|turn|16
|
|t:|1758340860
|switch|p1a: Okidogi|Okidogi, M|91/100
|move|p2a: Zamazenta|Iron Defense|p2a: Zamazenta
|-boost|p2a: Zamazenta|def|2
|
|-heal|p2a: Zamazenta|65/100|[from] item: Leftovers
|-heal|p1a: Okidogi|97/100|[from] item: Leftovers
|upkeep
|turn|17
|
|t:|1758340872
|move|p2a: Zamazenta|Substitute|p2a: Zamazenta
|-start|p2a: Zamazenta|Substitute
|-damage|p2a: Zamazenta|40/100
|move|p1a: Okidogi|Bulk Up|p1a: Okidogi
|-boost|p1a: Okidogi|atk|1
|-boost|p1a: Okidogi|def|1
|
|-heal|p2a: Zamazenta|46/100|[from] item: Leftovers
|-heal|p1a: Okidogi|100/100|[from] item: Leftovers
|upkeep
|turn|18
|
|t:|1758340877
|move|p2a: Zamazenta|Iron Defense|p2a: Zamazenta
|-boost|p2a: Zamazenta|def|2
|move|p1a: Okidogi|Bulk Up|p1a: Okidogi
|-boost|p1a: Okidogi|atk|1
|-boost|p1a: Okidogi|def|1
|
|-heal|p2a: Zamazenta|52/100|[from] item: Leftovers
|upkeep
|turn|19
|
|t:|1758340883
|move|p2a: Zamazenta|Body Press|p1a: Okidogi
|-resisted|p1a: Okidogi
|-damage|p1a: Okidogi|76/100
|move|p1a: Okidogi|Bulk Up|p1a: Okidogi
|-boost|p1a: Okidogi|atk|1
|-boost|p1a: Okidogi|def|1
|
|-heal|p2a: Zamazenta|58/100|[from] item: Leftovers
|-heal|p1a: Okidogi|82/100|[from] item: Leftovers
|upkeep
|turn|20
|
|t:|1758340892
|move|p2a: Zamazenta|Body Press|p1a: Okidogi
|-resisted|p1a: Okidogi
|-damage|p1a: Okidogi|62/100
|move|p1a: Okidogi|Bulk Up|p1a: Okidogi
|-boost|p1a: Okidogi|atk|1
|-boost|p1a: Okidogi|def|1
|
|-heal|p2a: Zamazenta|65/100|[from] item: Leftovers
|-heal|p1a: Okidogi|68/100|[from] item: Leftovers
|upkeep
|turn|21
|
|t:|1758340898
|move|p2a: Zamazenta|Body Press|p1a: Okidogi
|-resisted|p1a: Okidogi
|-damage|p1a: Okidogi|52/100
|move|p1a: Okidogi|Bulk Up|p1a: Okidogi
|-boost|p1a: Okidogi|atk|1
|-boost|p1a: Okidogi|def|1
|
|-heal|p2a: Zamazenta|71/100|[from] item: Leftovers
|-heal|p1a: Okidogi|58/100|[from] item: Leftovers
|-fieldend|Misty Terrain
|upkeep
|turn|22
|
|t:|1758340904
|move|p2a: Zamazenta|Body Press|p1a: Okidogi
|-resisted|p1a: Okidogi
|-damage|p1a: Okidogi|43/100
|move|p1a: Okidogi|Drain Punch|p2a: Zamazenta
|-end|p2a: Zamazenta|Substitute
|-heal|p1a: Okidogi|54/100|[from] drain|[of] p2a: Zamazenta
|
|-heal|p2a: Zamazenta|77/100|[from] item: Leftovers
|-heal|p1a: Okidogi|60/100|[from] item: Leftovers
|upkeep
|turn|23
|
|t:|1758340916
|move|p2a: Zamazenta|Body Press|p1a: Okidogi
|-resisted|p1a: Okidogi
|-damage|p1a: Okidogi|47/100
|move|p1a: Okidogi|Drain Punch|p2a: Zamazenta
|-damage|p2a: Zamazenta|49/100
|-heal|p1a: Okidogi|59/100|[from] drain|[of] p2a: Zamazenta
|
|-heal|p2a: Zamazenta|55/100|[from] item: Leftovers
|-heal|p1a: Okidogi|65/100|[from] item: Leftovers
|upkeep
|turn|24
|
|t:|1758340926
|move|p2a: Zamazenta|Body Press|p1a: Okidogi
|-resisted|p1a: Okidogi
|-damage|p1a: Okidogi|50/100
|move|p1a: Okidogi|Bulk Up|p1a: Okidogi
|-boost|p1a: Okidogi|atk|1
|-boost|p1a: Okidogi|def|1
|
|-heal|p2a: Zamazenta|62/100|[from] item: Leftovers
|-heal|p1a: Okidogi|56/100|[from] item: Leftovers
|upkeep
|turn|25
|
|t:|1758340933
|move|p2a: Zamazenta|Body Press|p1a: Okidogi
|-resisted|p1a: Okidogi
|-damage|p1a: Okidogi|42/100
|move|p1a: Okidogi|Drain Punch|p2a: Zamazenta
|-damage|p2a: Zamazenta|30/100
|-heal|p1a: Okidogi|56/100|[from] drain|[of] p2a: Zamazenta
|
|-heal|p2a: Zamazenta|36/100|[from] item: Leftovers
|-heal|p1a: Okidogi|62/100|[from] item: Leftovers
|upkeep
|turn|26
|
|t:|1758340938
|move|p2a: Zamazenta|Body Press|p1a: Okidogi
|-resisted|p1a: Okidogi
|-damage|p1a: Okidogi|49/100
|move|p1a: Okidogi|Drain Punch|p2a: Zamazenta
|-damage|p2a: Zamazenta|0 fnt
|-heal|p1a: Okidogi|65/100|[from] drain|[of] p2a: Zamazenta
|faint|p2a: Zamazenta
|
|-heal|p1a: Okidogi|71/100|[from] item: Leftovers
|upkeep
|
|t:|1758340949
|switch|p2a: Enamorus|Enamorus, F|3/100
|turn|27
|
|t:|1758340954
|switch|p1a: Hatterene|Hatterene, F|12/100
|move|p2a: Enamorus|Moonblast|p1a: Hatterene
|-damage|p1a: Hatterene|0 fnt
|faint|p1a: Hatterene
|
|upkeep
|
|t:|1758340957
|switch|p1a: Weavile|Weavile, F|100/100
|-ability|p1a: Weavile|Pressure
|turn|28
|
|t:|1758340966
|switch|p2a: Great Tusk|Great Tusk|100/100
|-enditem|p2a: Great Tusk|Booster Energy
|-activate|p2a: Great Tusk|ability: Protosynthesis|[fromitem]
|-start|p2a: Great Tusk|protosynthesisatk
|move|p1a: Weavile|Ice Shard|p2a: Great Tusk
|-supereffective|p2a: Great Tusk
|-damage|p2a: Great Tusk|57/100
|
|upkeep
|turn|29
|
|t:|1758340999
|switch|p1a: Hawlucha|Hawlucha, M|100/100
|move|p2a: Great Tusk|Headlong Rush|p1a: Hawlucha
|-immune|p1a: Hawlucha
|
|upkeep
|turn|30
|
|t:|1758341010
|move|p1a: Hawlucha|Encore|p2a: Great Tusk
|-start|p2a: Great Tusk|Encore
|move|p2a: Great Tusk|Headlong Rush|p1a: Hawlucha
|-immune|p1a: Hawlucha
|
|upkeep
|turn|31
|
|t:|1758341021
|-end|p2a: Great Tusk|Protosynthesis|[silent]
|switch|p2a: Raging Bolt|Raging Bolt|100/100
|move|p1a: Hawlucha|Close Combat|p2a: Raging Bolt
|-damage|p2a: Raging Bolt|56/100
|-unboost|p1a: Hawlucha|def|1
|-unboost|p1a: Hawlucha|spd|1
|
|upkeep
|turn|32
|
|t:|1758341029
|move|p1a: Hawlucha|Close Combat|p2a: Raging Bolt
|-damage|p2a: Raging Bolt|13/100
|-unboost|p1a: Hawlucha|def|1
|-unboost|p1a: Hawlucha|spd|1
|move|p2a: Raging Bolt|Thunderbolt|p1a: Hawlucha
|-supereffective|p1a: Hawlucha
|-damage|p1a: Hawlucha|0 fnt
|faint|p1a: Hawlucha
|
|upkeep
|
|t:|1758341033
|switch|p1a: Weavile|Weavile, F|100/100
|-ability|p1a: Weavile|Pressure
|turn|33
|
|t:|1758341041
|move|p1a: Weavile|Ice Shard|p2a: Raging Bolt
|-supereffective|p2a: Raging Bolt
|-damage|p2a: Raging Bolt|0 fnt
|faint|p2a: Raging Bolt
|-end|p2a: Raging Bolt|Protosynthesis|[silent]
|
|upkeep
|
|t:|1758341046
|switch|p2a: Serperior|Serperior, F|100/100
|turn|34
|
|t:|1758341061
|-terastallize|p2a: Serperior|Steel
|move|p1a: Weavile|Ice Shard|p2a: Serperior
|-resisted|p2a: Serperior
|-damage|p2a: Serperior|84/100
|move|p2a: Serperior|Glare|p1a: Weavile
|-status|p1a: Weavile|par
|
|-heal|p2a: Serperior|90/100|[from] item: Leftovers
|upkeep
|turn|35
|
|t:|1758341065
|switch|p1a: Ogerpon|Ogerpon-Wellspring, F|39/100
|move|p2a: Serperior|Substitute|p2a: Serperior
|-start|p2a: Serperior|Substitute
|-damage|p2a: Serperior|65/100
|
|-heal|p2a: Serperior|71/100|[from] item: Leftovers
|upkeep
|turn|36
|
|t:|1758341069
|move|p2a: Serperior|Glare|p1a: Ogerpon
|-status|p1a: Ogerpon|par
|cant|p1a: Ogerpon|par
|
|-heal|p2a: Serperior|77/100|[from] item: Leftovers
|upkeep
|turn|37
|
|t:|1758341074
|move|p2a: Serperior|Leaf Storm|p1a: Ogerpon|[miss]
|-miss|p2a: Serperior|p1a: Ogerpon
|move|p1a: Ogerpon|Ivy Cudgel|p2a: Serperior|[anim] Ivy Cudgel Water
|-end|p2a: Serperior|Substitute
|
|-heal|p2a: Serperior|83/100|[from] item: Leftovers
|upkeep
|turn|38
|
|t:|1758341079
|move|p2a: Serperior|Substitute|p2a: Serperior
|-start|p2a: Serperior|Substitute
|-damage|p2a: Serperior|59/100
|move|p1a: Ogerpon|Ivy Cudgel|p2a: Serperior|[anim] Ivy Cudgel Water
|-end|p2a: Serperior|Substitute
|
|-heal|p2a: Serperior|65/100|[from] item: Leftovers
|upkeep
|turn|39
|
|t:|1758341086
|move|p2a: Serperior|Substitute|p2a: Serperior
|-start|p2a: Serperior|Substitute
|-damage|p2a: Serperior|40/100
|move|p1a: Ogerpon|Ivy Cudgel|p2a: Serperior|[anim] Ivy Cudgel Water
|-end|p2a: Serperior|Substitute
|
|-heal|p2a: Serperior|46/100|[from] item: Leftovers
|upkeep
|turn|40
|
|t:|1758341091
|move|p2a: Serperior|Substitute|p2a: Serperior
|-start|p2a: Serperior|Substitute
|-damage|p2a: Serperior|21/100
|move|p1a: Ogerpon|Ivy Cudgel|p2a: Serperior|[anim] Ivy Cudgel Water
|-end|p2a: Serperior|Substitute
|
|-heal|p2a: Serperior|27/100|[from] item: Leftovers
|upkeep
|turn|41
|
|t:|1758341097
|move|p2a: Serperior|Substitute|p2a: Serperior
|-start|p2a: Serperior|Substitute
|-damage|p2a: Serperior|2/100
|move|p1a: Ogerpon|Ivy Cudgel|p2a: Serperior|[anim] Ivy Cudgel Water
|-end|p2a: Serperior|Substitute
|
|-heal|p2a: Serperior|8/100|[from] item: Leftovers
|upkeep
|turn|42
|
|t:|1758341101
|switch|p1a: Weavile|Weavile, F|100/100 par
|-ability|p1a: Weavile|Pressure
|move|p2a: Serperior|Leaf Storm|p1a: Weavile
|-damage|p1a: Weavile|49/100 par
|-boost|p2a: Serperior|spa|2
|
|-heal|p2a: Serperior|14/100|[from] item: Leftovers
|upkeep
|turn|43
|
|t:|1758341109
|-terastallize|p1a: Weavile|Ice
|cant|p1a: Weavile|par
|move|p2a: Serperior|Leaf Storm|p1a: Weavile
|-damage|p1a: Weavile|0 fnt
|-boost|p2a: Serperior|spa|2
|faint|p1a: Weavile
|
|-heal|p2a: Serperior|20/100|[from] item: Leftovers
|upkeep
|-message|swumpy mumpus forfeited.
|
|win|shiyuyehenku
|raw|swumpy mumpus's rating: 1545 &rarr; <strong>1524</strong><br />(-21 for losing)
|raw|shiyuyehenku's rating: 1524 &rarr; <strong>1545</strong><br />(+21 for winning)
|l|☆swumpy mumpus
|player|p1|
|l|☆shiyuyehenku
|player|p2|
