|j|☆zachimations
|j|☆takeyouout
|t:|1758252704
|gametype|singles
|player|p1|zachimations|sordward|1485
|player|p2|takeyouout|richboy|1529
|gen|9
|tier|[Gen 9] OU
|rated|
|rule|HP Percentage Mod: HP is shown in percentages
|rule|Endless Battle Clause: Forcing endless battles is banned
|rule|Species Clause: Limit one of each Pokémon
|rule|OHKO Clause: OHKO moves are banned
|rule|Evasion Items Clause: Evasion items are banned
|rule|Evasion Moves Clause: Evasion moves are banned
|rule|Evasion Abilities Clause: Evasion abilities are banned
|rule|Sleep Moves Clause: Sleep-inducing moves are banned
|clearpoke
|poke|p1|Great Tusk|
|poke|p1|Dragapult, M|
|poke|p1|Kingambit, M|
|poke|p1|Moltres|
|poke|p1|Slowking-Galar, M|
|poke|p1|Ogerpon-Wellspring, F|
|poke|p2|Tyranitar, F|
|poke|p2|Garganacl, M|
|poke|p2|Deoxys-Speed|
|poke|p2|Alomomola, F|
|poke|p2|Excadrill, M|
|poke|p2|Tornadus-Therian, M|
|teampreview
|inactive|Battle timer is ON: inactive players will automatically lose when time's up. (requested by zachimations)
|
|t:|1758252721
|teamsize|p1|6
|teamsize|p2|6
|start
|switch|p1a: Tomas Lavanini|Ogerpon-Wellspring, F|100/100
|switch|p2a: Sri Lanka|Tornadus-Therian, M|100/100
|turn|1
|
|t:|1758252735
|switch|p1a: Hippolini Meeni|Slowking-Galar, M|100/100
|move|p2a: Sri Lanka|Nasty Plot|p2a: Sri Lanka
|-boost|p2a: Sri Lanka|spa|2
|
|upkeep
|turn|2
|
|t:|1758252741
|-terastallize|p2a: Sri Lanka|Dark
|move|p2a: Sri Lanka|Dark Pulse|p1a: Hippolini Meeni
|-supereffective|p1a: Hippolini Meeni
|-damage|p1a: Hippolini Meeni|0 fnt
|faint|p1a: Hippolini Meeni
|-damage|p2a: Sri Lanka|90/100|[from] item: Life Orb
|
|upkeep
|
|t:|1758252748
|switch|p1a: Imagine Dragon|Dragapult, M|100/100
|turn|3
|
|t:|1758252751
|move|p1a: Imagine Dragon|U-turn|p2a: Sri Lanka
|-supereffective|p2a: Sri Lanka
|-crit|p2a: Sri Lanka
|-damage|p2a: Sri Lanka|22/100
|
|t:|1758252756
|switch|p1a: Shaved Bumhole|Great Tusk|100/100|[from] U-turn
|move|p2a: Sri Lanka|Dark Pulse|p1a: Shaved Bumhole
|-resisted|p1a: Shaved Bumhole
|-damage|p1a: Shaved Bumhole|27/100
|-damage|p2a: Sri Lanka|12/100|[from] item: Life Orb
|
|upkeep
|turn|4
|inactive|takeyouout has 120 seconds left.
|inactive|takeyouout has 90 seconds left.
|
|t:|1758252817
|switch|p2a: Molllllyyyyy|Alomomola, F, shiny|100/100
|-end|p1a: Shaved Bumhole|Protosynthesis|[silent]
|switch|p1a: Pawnhub Premium|Kingambit, M|100/100
|-activate|p1a: Pawnhub Premium|ability: Supreme Overlord
|-start|p1a: Pawnhub Premium|fallen1|[silent]
|
|upkeep
|turn|5
|
|t:|1758252825
|-end|p1a: Pawnhub Premium|fallen1|[silent]
|switch|p1a: Tomas Lavanini|Ogerpon-Wellspring, F|100/100
|switch|p2a: 99|Deoxys-Speed|100/100
|-ability|p2a: 99|Pressure
|
|upkeep
|turn|6
|
|t:|1758252830
|move|p2a: 99|Psycho Boost|p1a: Tomas Lavanini
|-damage|p1a: Tomas Lavanini|7/100
|-unboost|p2a: 99|spa|2
|-damage|p2a: 99|91/100|[from] item: Life Orb
|move|p1a: Tomas Lavanini|Knock Off|p2a: 99
|-supereffective|p2a: 99
|-damage|p2a: 99|0 fnt
|-enditem|p2a: 99|Life Orb|[from] move: Knock Off|[of] p1a: Tomas Lavanini
|faint|p2a: 99
|
|upkeep
|
|t:|1758252834
|switch|p2a: Sri Lanka|Tornadus-Therian, M, tera:Dark|46/100
|turn|7
|
|t:|1758252839
|move|p2a: Sri Lanka|Focus Blast|p1a: Tomas Lavanini
|-damage|p1a: Tomas Lavanini|0 fnt
|faint|p1a: Tomas Lavanini
|-damage|p2a: Sri Lanka|36/100|[from] item: Life Orb
|
|upkeep
|
|t:|1758252844
|switch|p1a: Imagine Dragon|Dragapult, M|100/100
|turn|8
|
|t:|1758252846
|switch|p2a: Molllllyyyyy|Alomomola, F, shiny|100/100
|move|p1a: Imagine Dragon|U-turn|p2a: Molllllyyyyy
|-damage|p2a: Molllllyyyyy|89/100
|-damage|p1a: Imagine Dragon|84/100|[from] item: Rocky Helmet|[of] p2a: Molllllyyyyy
|
|t:|1758252869
|switch|p1a: Pawnhub Premium|Kingambit, M|100/100|[from] U-turn
|-activate|p1a: Pawnhub Premium|ability: Supreme Overlord
|-start|p1a: Pawnhub Premium|fallen2|[silent]
|
|upkeep
|turn|9
|
|t:|1758252872
|move|p1a: Pawnhub Premium|Swords Dance|p1a: Pawnhub Premium
|-boost|p1a: Pawnhub Premium|atk|2
|move|p2a: Molllllyyyyy|Flip Turn|p1a: Pawnhub Premium
|-damage|p1a: Pawnhub Premium|86/100
|
|t:|1758252874
|switch|p2a: Starscream|Excadrill, M|100/100|[from] Flip Turn
|
|-heal|p1a: Pawnhub Premium|92/100|[from] item: Leftovers
|upkeep
|turn|10
|
|t:|1758252895
|switch|p2a: Sri Lanka|Tornadus-Therian, M, tera:Dark|69/100
|move|p1a: Pawnhub Premium|Sucker Punch||[still]
|-fail|p1a: Pawnhub Premium
|
|-heal|p1a: Pawnhub Premium|98/100|[from] item: Leftovers
|upkeep
|turn|11
|
|t:|1758252901
|-terastallize|p1a: Pawnhub Premium|Ghost
|move|p2a: Sri Lanka|Focus Blast|p1a: Pawnhub Premium
|-immune|p1a: Pawnhub Premium
|move|p1a: Pawnhub Premium|Iron Head|p2a: Sri Lanka
|-damage|p2a: Sri Lanka|0 fnt
|faint|p2a: Sri Lanka
|
|-heal|p1a: Pawnhub Premium|100/100|[from] item: Leftovers
|upkeep
|
|t:|1758252931
|switch|p2a: Broomhilda|Tyranitar, F, shiny|100/100
|-weather|Sandstorm|[from] ability: Sand Stream|[of] p2a: Broomhilda
|turn|12
|
|t:|1758252953
|-end|p1a: Pawnhub Premium|fallen2|[silent]
|switch|p1a: Shaved Bumhole|Great Tusk|27/100
|switch|p2a: Molllllyyyyy|Alomomola, F, shiny|100/100
|
|-weather|Sandstorm|[upkeep]
|-damage|p2a: Molllllyyyyy|94/100|[from] Sandstorm
|upkeep
|turn|13
|
|t:|1758252964
|move|p1a: Shaved Bumhole|Stealth Rock|p2a: Molllllyyyyy
|-sidestart|p2: takeyouout|move: Stealth Rock
|move|p2a: Molllllyyyyy|Flip Turn|p1a: Shaved Bumhole
|-supereffective|p1a: Shaved Bumhole
|-damage|p1a: Shaved Bumhole|4/100
|
|t:|1758252969
|switch|p2a: Starscream|Excadrill, M|100/100|[from] Flip Turn
|-damage|p2a: Starscream|97/100|[from] Stealth Rock
|
|-weather|Sandstorm|[upkeep]
|upkeep
|turn|14
|
|t:|1758252973
|move|p2a: Starscream|Rock Slide|p1a: Shaved Bumhole
|-resisted|p1a: Shaved Bumhole
|-damage|p1a: Shaved Bumhole|0 fnt
|faint|p1a: Shaved Bumhole
|-end|p1a: Shaved Bumhole|Protosynthesis|[silent]
|
|-weather|Sandstorm|[upkeep]
|upkeep
|
|t:|1758252992
|switch|p1a: Pawnhub Premium|Kingambit, M, tera:Ghost|100/100
|-activate|p1a: Pawnhub Premium|ability: Supreme Overlord
|-start|p1a: Pawnhub Premium|fallen3|[silent]
|turn|15
|
|t:|1758253006
|move|p2a: Starscream|Rock Slide|p1a: Pawnhub Premium
|-damage|p1a: Pawnhub Premium|68/100
|move|p1a: Pawnhub Premium|Kowtow Cleave|p2a: Starscream
|-damage|p2a: Starscream|0 fnt
|faint|p2a: Starscream
|
|-weather|Sandstorm|[upkeep]
|-damage|p1a: Pawnhub Premium|61/100|[from] Sandstorm
|-heal|p1a: Pawnhub Premium|68/100|[from] item: Leftovers
|upkeep
|
|t:|1758253010
|switch|p2a: Broomhilda|Tyranitar, F, shiny|100/100
|turn|16
|
|t:|1758253018
|-end|p1a: Pawnhub Premium|fallen3|[silent]
|switch|p1a: Steve|Moltres, shiny|100/100
|move|p2a: Broomhilda|Knock Off|p1a: Steve
|-damage|p1a: Steve|70/100
|-status|p2a: Broomhilda|brn|[from] ability: Flame Body|[of] p1a: Steve
|-enditem|p1a: Steve|Heavy-Duty Boots|[from] move: Knock Off|[of] p2a: Broomhilda
|
|-weather|none
|-damage|p2a: Broomhilda|94/100 brn|[from] brn
|upkeep
|turn|17
|
|t:|1758253033
|move|p1a: Steve|Roost|p1a: Steve
|-heal|p1a: Steve|100/100
|-singleturn|p1a: Steve|move: Roost
|move|p2a: Broomhilda|Stealth Rock|p1a: Steve
|-sidestart|p1: zachimations|move: Stealth Rock
|
|-damage|p2a: Broomhilda|88/100 brn|[from] brn
|upkeep
|turn|18
|
|t:|1758253047
|switch|p2a: Molllllyyyyy|Alomomola, F, shiny|100/100
|-damage|p2a: Molllllyyyyy|88/100|[from] Stealth Rock
|move|p1a: Steve|Flamethrower|p2a: Molllllyyyyy
|-resisted|p2a: Molllllyyyyy
|-damage|p2a: Molllllyyyyy|71/100
|
|upkeep
|turn|19
|
|t:|1758253052
|switch|p1a: Imagine Dragon|Dragapult, M|84/100
|-damage|p1a: Imagine Dragon|72/100|[from] Stealth Rock
|move|p2a: Molllllyyyyy|Flip Turn|p1a: Imagine Dragon
|-resisted|p1a: Imagine Dragon
|-damage|p1a: Imagine Dragon|61/100
|
|t:|1758253055
|switch|p2a: RockIce|Garganacl, M|100/100|[from] Flip Turn
|-damage|p2a: RockIce|88/100|[from] Stealth Rock
|
|-heal|p2a: RockIce|94/100|[from] item: Leftovers
|upkeep
|turn|20
|
|t:|1758253062
|move|p1a: Imagine Dragon|U-turn|p2a: RockIce
|-damage|p2a: RockIce|82/100
|
|t:|1758253064
|switch|p1a: Steve|Moltres, shiny|100/100|[from] U-turn
|-damage|p1a: Steve|51/100|[from] Stealth Rock
|move|p2a: RockIce|Curse|p2a: RockIce
|-unboost|p2a: RockIce|spe|1
|-boost|p2a: RockIce|atk|1
|-boost|p2a: RockIce|def|1
|
|-heal|p2a: RockIce|88/100|[from] item: Leftovers
|upkeep
|turn|21
|
|t:|1758253066
|move|p2a: RockIce|Salt Cure|p1a: Steve
|-supereffective|p1a: Steve
|-damage|p1a: Steve|0 fnt
|faint|p1a: Steve
|
|-heal|p2a: RockIce|94/100|[from] item: Leftovers
|upkeep
|
|t:|1758253070
|switch|p1a: Pawnhub Premium|Kingambit, M, tera:Ghost|68/100
|-damage|p1a: Pawnhub Premium|55/100|[from] Stealth Rock
|-activate|p1a: Pawnhub Premium|ability: Supreme Overlord
|-start|p1a: Pawnhub Premium|fallen4|[silent]
|turn|22
|
|t:|1758253073
|move|p1a: Pawnhub Premium|Iron Head|p2a: RockIce
|-supereffective|p2a: RockIce
|-crit|p2a: RockIce
|-damage|p2a: RockIce|0 fnt
|faint|p2a: RockIce
|
|-heal|p1a: Pawnhub Premium|61/100|[from] item: Leftovers
|upkeep
|inactive|takeyouout has 120 seconds left.
|
|t:|1758253116
|switch|p2a: Broomhilda|Tyranitar, F, shiny|88/100 brn
|-weather|Sandstorm|[from] ability: Sand Stream|[of] p2a: Broomhilda
|turn|23
|
|t:|1758253126
|move|p1a: Pawnhub Premium|Iron Head|p2a: Broomhilda
|-supereffective|p2a: Broomhilda
|-damage|p2a: Broomhilda|0 fnt
|faint|p2a: Broomhilda
|
|-weather|Sandstorm|[upkeep]
|-damage|p1a: Pawnhub Premium|55/100|[from] Sandstorm
|-heal|p1a: Pawnhub Premium|61/100|[from] item: Leftovers
|upkeep
|-message|takeyouout forfeited.
|
|win|zachimations
|raw|zachimations's rating: 1485 &rarr; <strong>1508</strong><br />(+23 for winning)
|raw|takeyouout's rating: 1529 &rarr; <strong>1506</strong><br />(-23 for losing)
|l|☆takeyouout
|player|p2|
|c|☆zachimations|damn that is a slow tyranitar
|c|☆zachimations|gg
