|j|☆ICElIED
|j|☆kfqqfj
|t:|1758278818
|gametype|singles
|player|p1|ICElIED|steven|1433
|player|p2|kfqqfj|li|1417
|gen|9
|tier|[Gen 9] OU
|rated|
|rule|HP Percentage Mod: HP is shown in percentages
|rule|Endless Battle Clause: Forcing endless battles is banned
|rule|Species Clause: Limit one of each Pokémon
|rule|OHKO Clause: OHKO moves are banned
|rule|Evasion Items Clause: Evasion items are banned
|rule|Evasion Moves Clause: Evasion moves are banned
|rule|Evasion Abilities Clause: Evasion abilities are banned
|rule|Sleep Moves Clause: Sleep-inducing moves are banned
|clearpoke
|poke|p1|Samurott-Hisui, F|
|poke|p1|Clodsire, M|
|poke|p1|Meloetta|
|poke|p1|Skarmory, F|
|poke|p1|Ceruledge, M|
|poke|p1|Hydrapple, F|
|poke|p2|Dragonite, M|
|poke|p2|Gholdengo|
|poke|p2|Regidrago|
|poke|p2|Scizor, F|
|poke|p2|Ting-Lu|
|poke|p2|Weezing-Galar, F|
|teampreview
|inactive|Battle timer is ON: inactive players will automatically lose when time's up. (requested by kfqqfj)
|
|t:|1758278837
|teamsize|p1|6
|teamsize|p2|6
|start
|switch|p1a: Samurott|Samurott-Hisui, F|100/100
|switch|p2a: Regidrago|Regidrago|100/100
|turn|1
|
|t:|1758278863
|move|p2a: Regidrago|Dragon Energy|p1a: Samurott
|-enditem|p1a: Samurott|Focus Sash
|-damage|p1a: Samurott|1/100
|move|p1a: Samurott|Ceaseless Edge|p2a: Regidrago
|-damage|p2a: Regidrago|45/100
|-sidestart|p2: kfqqfj|Spikes
|
|upkeep
|turn|2
|
|t:|1758278872
|move|p1a: Samurott|Sucker Punch|p2a: Regidrago
|-damage|p2a: Regidrago|7/100
|move|p2a: Regidrago|Dragon Energy|p1a: Samurott
|-damage|p1a: Samurott|0 fnt
|faint|p1a: Samurott
|
|upkeep
|
|t:|1758278886
|switch|p1a: Clodsire|Clodsire, M|100/100
|turn|3
|
|t:|1758278900
|switch|p2a: Weezing|Weezing-Galar, F|100/100
|-ability|p2a: Weezing|Neutralizing Gas
|move|p1a: Clodsire|Earthquake|p2a: Weezing
|-supereffective|p2a: Weezing
|-damage|p2a: Weezing|66/100
|
|upkeep
|turn|4
|
|t:|1758278917
|switch|p1a: Meloetta|Meloetta|100/100
|move|p2a: Weezing|Will-O-Wisp|p1a: Meloetta
|-status|p1a: Meloetta|brn
|
|-damage|p1a: Meloetta|94/100 brn|[from] brn
|upkeep
|turn|5
|
|t:|1758278925
|-end|p2a: Weezing|ability: Neutralizing Gas
|switch|p2a: Ting-Lu|Ting-Lu|100/100
|-damage|p2a: Ting-Lu|88/100|[from] Spikes
|-ability|p2a: Ting-Lu|Vessel of Ruin
|move|p1a: Meloetta|Hyper Voice|p2a: Ting-Lu
|-crit|p2a: Ting-Lu
|-damage|p2a: Ting-Lu|61/100
|
|-heal|p2a: Ting-Lu|67/100|[from] item: Leftovers
|-damage|p1a: Meloetta|88/100 brn|[from] brn
|upkeep
|turn|6
|
|t:|1758278941
|switch|p1a: Hydrapple|Hydrapple, F|100/100
|move|p2a: Ting-Lu|Stealth Rock|p1a: Hydrapple
|-sidestart|p1: ICElIED|move: Stealth Rock
|
|-heal|p2a: Ting-Lu|73/100|[from] item: Leftovers
|upkeep
|turn|7
|
|t:|1758278955
|move|p2a: Ting-Lu|Ruination|p1a: Hydrapple
|-damage|p1a: Hydrapple|50/100
|move|p1a: Hydrapple|Fickle Beam|p2a: Ting-Lu
|-damage|p2a: Ting-Lu|60/100
|
|-heal|p2a: Ting-Lu|66/100|[from] item: Leftovers
|upkeep
|turn|8
|
|t:|1758278961
|move|p1a: Hydrapple|Giga Drain|p2a: Ting-Lu
|-supereffective|p2a: Ting-Lu
|-damage|p2a: Ting-Lu|40/100
|-heal|p1a: Hydrapple|67/100|[from] drain|[of] p2a: Ting-Lu
|move|p2a: Ting-Lu|Whirlwind|p1a: Hydrapple
|drag|p1a: Meloetta|Meloetta|88/100 brn
|-damage|p1a: Meloetta|76/100 brn|[from] Stealth Rock
|
|-heal|p2a: Ting-Lu|46/100|[from] item: Leftovers
|-damage|p1a: Meloetta|70/100 brn|[from] brn
|upkeep
|turn|9
|
|t:|1758278973
|move|p1a: Meloetta|Alluring Voice|p2a: Ting-Lu
|-supereffective|p2a: Ting-Lu
|-damage|p2a: Ting-Lu|23/100
|move|p2a: Ting-Lu|Whirlwind|p1a: Meloetta
|drag|p1a: Skarmory|Skarmory, F|100/100
|-damage|p1a: Skarmory|88/100|[from] Stealth Rock
|
|-heal|p2a: Ting-Lu|30/100|[from] item: Leftovers
|upkeep
|turn|10
|inactive|kfqqfj has 120 seconds left.
|inactive|kfqqfj has 90 seconds left.
|
|t:|1758279053
|move|p1a: Skarmory|Brave Bird|p2a: Ting-Lu
|-damage|p2a: Ting-Lu|1/100
|-damage|p1a: Skarmory|72/100|[from] Recoil
|move|p2a: Ting-Lu|Ruination|p1a: Skarmory
|-damage|p1a: Skarmory|36/100
|
|-heal|p2a: Ting-Lu|8/100|[from] item: Leftovers
|upkeep
|turn|11
|
|t:|1758279060
|move|p1a: Skarmory|Brave Bird|p2a: Ting-Lu
|-damage|p2a: Ting-Lu|0 fnt
|faint|p2a: Ting-Lu
|-damage|p1a: Skarmory|32/100|[from] Recoil
|
|upkeep
|
|t:|1758279072
|switch|p2a: Gholdengo|Gholdengo|100/100
|-damage|p2a: Gholdengo|88/100|[from] Spikes
|turn|12
|
|t:|1758279078
|switch|p1a: Meloetta|Meloetta|70/100 brn
|-damage|p1a: Meloetta|57/100 brn|[from] Stealth Rock
|move|p2a: Gholdengo|Nasty Plot|p2a: Gholdengo
|-boost|p2a: Gholdengo|spa|2
|
|-damage|p1a: Meloetta|51/100 brn|[from] brn
|upkeep
|turn|13
|
|t:|1758279091
|move|p1a: Meloetta|Shadow Ball|p2a: Gholdengo
|-supereffective|p2a: Gholdengo
|-damage|p2a: Gholdengo|21/100
|-unboost|p2a: Gholdengo|spd|1
|move|p2a: Gholdengo|Make It Rain|p1a: Meloetta
|-damage|p1a: Meloetta|0 fnt
|-unboost|p2a: Gholdengo|spa|1
|faint|p1a: Meloetta
|
|upkeep
|
|t:|1758279100
|switch|p1a: Ceruledge|Ceruledge, M|100/100
|turn|14
|
|t:|1758279109
|move|p1a: Ceruledge|Bitter Blade|p2a: Gholdengo
|-supereffective|p2a: Gholdengo
|-damage|p2a: Gholdengo|0 fnt
|faint|p2a: Gholdengo
|
|upkeep
|
|t:|1758279114
|switch|p2a: Dragonite|Dragonite, M|100/100
|turn|15
|
|t:|1758279121
|switch|p1a: Clodsire|Clodsire, M|100/100
|-damage|p1a: Clodsire|94/100|[from] Stealth Rock
|move|p2a: Dragonite|Dragon Dance|p2a: Dragonite
|-boost|p2a: Dragonite|atk|1
|-boost|p2a: Dragonite|spe|1
|
|-heal|p1a: Clodsire|100/100|[from] item: Black Sludge
|upkeep
|turn|16
|
|t:|1758279148
|switch|p1a: Skarmory|Skarmory, F|32/100
|-damage|p1a: Skarmory|20/100|[from] Stealth Rock
|move|p2a: Dragonite|Earthquake|p1a: Skarmory
|-immune|p1a: Skarmory
|
|upkeep
|turn|17
|
|t:|1758279156
|-terastallize|p2a: Dragonite|Normal
|move|p2a: Dragonite|Extreme Speed|p1a: Skarmory
|-resisted|p1a: Skarmory
|-damage|p1a: Skarmory|0 fnt
|faint|p1a: Skarmory
|
|upkeep
|inactive|ICElIED has 120 seconds left.
|
|t:|1758279179
|switch|p1a: Hydrapple|Hydrapple, F|99/100
|turn|18
|inactive|kfqqfj has 120 seconds left.
|
|t:|1758279185
|move|p2a: Dragonite|Dragon Dance|p2a: Dragonite
|-boost|p2a: Dragonite|atk|1
|-boost|p2a: Dragonite|spe|1
|move|p1a: Hydrapple|Fickle Beam|p2a: Dragonite|[anim] Fickle Beam All Out
|-activate|p1a: Hydrapple|move: Fickle Beam
|-damage|p2a: Dragonite|66/100
|
|upkeep
|turn|19
|
|t:|1758279193
|move|p2a: Dragonite|Roost|p2a: Dragonite
|-heal|p2a: Dragonite|100/100
|move|p1a: Hydrapple|Fickle Beam|p2a: Dragonite|[anim] Fickle Beam All Out
|-activate|p1a: Hydrapple|move: Fickle Beam
|-damage|p2a: Dragonite|68/100
|
|upkeep
|turn|20
|
|t:|1758279199
|move|p2a: Dragonite|Extreme Speed|p1a: Hydrapple
|-damage|p1a: Hydrapple|48/100
|move|p1a: Hydrapple|Nasty Plot|p1a: Hydrapple
|-boost|p1a: Hydrapple|spa|2
|
|upkeep
|turn|21
|
|t:|1758279204
|move|p2a: Dragonite|Extreme Speed|p1a: Hydrapple
|-damage|p1a: Hydrapple|0 fnt
|faint|p1a: Hydrapple
|
|upkeep
|
|t:|1758279209
|switch|p1a: Ceruledge|Ceruledge, M|100/100
|turn|22
|
|t:|1758279214
|move|p2a: Dragonite|Earthquake|p1a: Ceruledge
|-supereffective|p1a: Ceruledge
|-damage|p1a: Ceruledge|0 fnt
|faint|p1a: Ceruledge
|
|upkeep
|
|t:|1758279217
|switch|p1a: Clodsire|Clodsire, M|100/100
|-damage|p1a: Clodsire|94/100|[from] Stealth Rock
|turn|23
|-message|ICElIED forfeited.
|
|win|kfqqfj
|raw|ICElIED's rating: 1433 &rarr; <strong>1412</strong><br />(-21 for losing)
|raw|kfqqfj's rating: 1417 &rarr; <strong>1438</strong><br />(+21 for winning)
|l|☆ICElIED
|player|p1|
|l|☆kfqqfj
|player|p2|
