|j|☆RobustLoki
|j|☆Aflyingmermaid
|t:|1758299182
|gametype|singles
|player|p1|RobustLoki|scientist|1555
|player|p2|Aflyingmermaid|266|1579
|gen|9
|tier|[Gen 9] OU
|rated|
|rule|HP Percentage Mod: HP is shown in percentages
|rule|Endless Battle Clause: Forcing endless battles is banned
|rule|Species Clause: Limit one of each Pokémon
|rule|OHKO Clause: OHKO moves are banned
|rule|Evasion Items Clause: Evasion items are banned
|rule|Evasion Moves Clause: Evasion moves are banned
|rule|Evasion Abilities Clause: Evasion abilities are banned
|rule|Sleep Moves Clause: Sleep-inducing moves are banned
|clearpoke
|poke|p1|Ninetales-Alola, F|
|poke|p1|Farigiraf, M|
|poke|p1|Gliscor, M|
|poke|p1|Hatterene, F|
|poke|p1|Ceruledge, F|
|poke|p1|Meowscarada, F|
|poke|p2|Landorus-Therian, M|
|poke|p2|Samurott-Hisui, F|
|poke|p2|Pecharunt|
|poke|p2|Scizor, M|
|poke|p2|Latios, M|
|poke|p2|Zamazenta-*|
|teampreview
|
|t:|1758299195
|teamsize|p1|6
|teamsize|p2|6
|start
|switch|p1a: 3fold Affliction|Meowscarada, F|100/100
|switch|p2a: Scizor|Scizor, M|100/100
|turn|1
|
|t:|1758299200
|move|p2a: Scizor|Bullet Punch|p1a: 3fold Affliction
|-damage|p1a: 3fold Affliction|44/100
|move|p1a: 3fold Affliction|Trick|p2a: Scizor
|-start|p1a: 3fold Affliction|typechange|Psychic|[from] ability: Protean
|-activate|p1a: 3fold Affliction|move: Trick|[of] p2a: Scizor
|-item|p2a: Scizor|Choice Scarf|[from] move: Trick
|-item|p1a: 3fold Affliction|Heavy-Duty Boots|[from] move: Trick
|
|upkeep
|turn|2
|
|t:|1758299215
|switch|p1a: Deadly Sentencing|Gliscor, M|100/100
|move|p2a: Scizor|Knock Off|p1a: Deadly Sentencing
|-damage|p1a: Deadly Sentencing|70/100
|-enditem|p1a: Deadly Sentencing|Toxic Orb|[from] move: Knock Off|[of] p2a: Scizor
|
|upkeep
|turn|3
|
|t:|1758299226
|switch|p2a: Samurott|Samurott-Hisui, F|100/100
|switch|p1a: 3fold Affliction|Meowscarada, F|44/100
|
|upkeep
|turn|4
|
|t:|1758299242
|switch|p2a: Scizor|Scizor, M|100/100
|move|p1a: 3fold Affliction|U-turn|p2a: Scizor
|-start|p1a: 3fold Affliction|typechange|Bug|[from] ability: Protean
|-resisted|p2a: Scizor
|-damage|p2a: Scizor|81/100
|inactive|Battle timer is ON: inactive players will automatically lose when time's up. (requested by Aflyingmermaid)
|
|t:|1758299253
|switch|p1a: Ryoiki Tenkai.. :|Ninetales-Alola, F|100/100|[from] U-turn
|-weather|Snowscape|[from] ability: Snow Warning|[of] p1a: Ryoiki Tenkai.. :
|
|-weather|Snowscape|[upkeep]
|upkeep
|turn|5
|
|t:|1758299260
|switch|p1a: Idle Death Gamble.|Farigiraf, M|100/100
|move|p2a: Scizor|Bullet Punch||[still]
|cant|p1a: Idle Death Gamble.|ability: Armor Tail|Bullet Punch|[of] p2a: Scizor
|
|-weather|Snowscape|[upkeep]
|upkeep
|turn|6
|
|t:|1758299267
|switch|p2a: Samurott|Samurott-Hisui, F|100/100
|switch|p1a: 3fold Affliction|Meowscarada, F|44/100
|
|-weather|Snowscape|[upkeep]
|upkeep
|turn|7
|
|t:|1758299280
|switch|p2a: Scizor|Scizor, M|81/100
|move|p1a: 3fold Affliction|U-turn|p2a: Scizor
|-start|p1a: 3fold Affliction|typechange|Bug|[from] ability: Protean
|-resisted|p2a: Scizor
|-damage|p2a: Scizor|63/100
|
|t:|1758299289
|switch|p1a: Deadly Sentencing|Gliscor, M|70/100|[from] U-turn
|
|-weather|Snowscape|[upkeep]
|upkeep
|turn|8
|
|t:|1758299296
|switch|p2a: Samurott|Samurott-Hisui, F|100/100
|move|p1a: Deadly Sentencing|Earthquake|p2a: Samurott
|-damage|p2a: Samurott|55/100
|
|-weather|none
|upkeep
|turn|9
|
|t:|1758299303
|switch|p1a: 3fold Affliction|Meowscarada, F|44/100
|move|p2a: Samurott|Ceaseless Edge|p1a: 3fold Affliction
|-resisted|p1a: 3fold Affliction
|-damage|p1a: 3fold Affliction|3/100
|-sidestart|p1: RobustLoki|Spikes
|
|upkeep
|turn|10
|
|t:|1758299310
|move|p2a: Samurott|Aqua Jet|p1a: 3fold Affliction
|-resisted|p1a: 3fold Affliction
|-damage|p1a: 3fold Affliction|0 fnt
|faint|p1a: 3fold Affliction
|
|upkeep
|
|t:|1758299313
|switch|p1a: Ryoiki Tenkai.. :|Ninetales-Alola, F|100/100
|-damage|p1a: Ryoiki Tenkai.. :|88/100|[from] Spikes
|-weather|Snowscape|[from] ability: Snow Warning|[of] p1a: Ryoiki Tenkai.. :
|turn|11
|
|t:|1758299318
|move|p1a: Ryoiki Tenkai.. :|Aurora Veil|p1a: Ryoiki Tenkai.. :
|-sidestart|p1: RobustLoki|move: Aurora Veil
|move|p2a: Samurott|Knock Off|p1a: Ryoiki Tenkai.. :
|-resisted|p1a: Ryoiki Tenkai.. :
|-damage|p1a: Ryoiki Tenkai.. :|78/100
|-enditem|p1a: Ryoiki Tenkai.. :|Light Clay|[from] move: Knock Off|[of] p2a: Samurott
|
|-weather|Snowscape|[upkeep]
|upkeep
|turn|12
|inactive|Aflyingmermaid has 120 seconds left.
|
|t:|1758299348
|switch|p2a: Scizor|Scizor, M|63/100
|move|p1a: Ryoiki Tenkai.. :|Freeze-Dry|p2a: Scizor
|-resisted|p2a: Scizor
|-damage|p2a: Scizor|47/100
|
|-weather|Snowscape|[upkeep]
|upkeep
|turn|13
|
|t:|1758299360
|move|p1a: Ryoiki Tenkai.. :|Freeze-Dry|p2a: Scizor
|-resisted|p2a: Scizor
|-damage|p2a: Scizor|33/100
|move|p2a: Scizor|Knock Off|p1a: Ryoiki Tenkai.. :
|-resisted|p1a: Ryoiki Tenkai.. :
|-damage|p1a: Ryoiki Tenkai.. :|73/100
|
|-weather|Snowscape|[upkeep]
|upkeep
|turn|14
|
|t:|1758299367
|switch|p1a: Idle Death Gamble.|Farigiraf, M|100/100
|-damage|p1a: Idle Death Gamble.|88/100|[from] Spikes
|move|p2a: Scizor|Knock Off|p1a: Idle Death Gamble.
|-supereffective|p1a: Idle Death Gamble.
|-damage|p1a: Idle Death Gamble.|49/100
|-enditem|p1a: Idle Death Gamble.|Weakness Policy
|-boost|p1a: Idle Death Gamble.|atk|2|[from] item: Weakness Policy
|-boost|p1a: Idle Death Gamble.|spa|2|[from] item: Weakness Policy
|
|-weather|Snowscape|[upkeep]
|upkeep
|turn|15
|
|t:|1758299380
|-terastallize|p1a: Idle Death Gamble.|Ground
|move|p2a: Scizor|Knock Off|p1a: Idle Death Gamble.
|-damage|p1a: Idle Death Gamble.|36/100
|move|p1a: Idle Death Gamble.|Agility|p1a: Idle Death Gamble.
|-boost|p1a: Idle Death Gamble.|spe|2
|
|-weather|none
|upkeep
|turn|16
|inactive|Aflyingmermaid has 120 seconds left.
|c|☆RobustLoki|gg?
|inactive|Aflyingmermaid has 90 seconds left.
|
|t:|1758299456
|switch|p2a: Pecharunt|Pecharunt|100/100
|move|p1a: Idle Death Gamble.|Agility|p1a: Idle Death Gamble.
|-boost|p1a: Idle Death Gamble.|spe|2
|
|upkeep
|turn|17
|
|t:|1758299464
|move|p1a: Idle Death Gamble.|Stored Power|p2a: Pecharunt
|-supereffective|p2a: Pecharunt
|-damage|p2a: Pecharunt|0 fnt
|faint|p2a: Pecharunt
|
|upkeep
|inactive|Aflyingmermaid has 60 seconds left.
|
|t:|1758299509
|switch|p2a: Latios|Latios, M|100/100
|turn|18
|inactive|Aflyingmermaid has 30 seconds left.
|inactive|Aflyingmermaid has 20 seconds left.
|inactive|Aflyingmermaid has 15 seconds left.
|inactive|Aflyingmermaid has 10 seconds left.
|
|t:|1758299557
|-terastallize|p2a: Latios|Steel
|move|p1a: Idle Death Gamble.|Stored Power|p2a: Latios
|-resisted|p2a: Latios
|-damage|p2a: Latios|10/100
|move|p2a: Latios|Draco Meteor|p1a: Idle Death Gamble.
|-damage|p1a: Idle Death Gamble.|0 fnt
|-unboost|p2a: Latios|spa|2
|faint|p1a: Idle Death Gamble.
|
|-sideend|p1: RobustLoki|move: Aurora Veil
|upkeep
|c|☆RobustLoki|close
|
|t:|1758299569
|switch|p1a: Ryoiki Tenkai.. :|Ninetales-Alola, F|73/100
|-damage|p1a: Ryoiki Tenkai.. :|61/100|[from] Spikes
|-weather|Snowscape|[from] ability: Snow Warning|[of] p1a: Ryoiki Tenkai.. :
|turn|19
|inactive|Aflyingmermaid has 25 seconds left this turn.
|
|t:|1758299574
|move|p1a: Ryoiki Tenkai.. :|Aurora Veil|p1a: Ryoiki Tenkai.. :
|-sidestart|p1: RobustLoki|move: Aurora Veil
|move|p2a: Latios|Recover|p2a: Latios
|-heal|p2a: Latios|60/100
|
|-weather|Snowscape|[upkeep]
|upkeep
|turn|20
|
|t:|1758299578
|move|p1a: Ryoiki Tenkai.. :|Encore|p2a: Latios
|-start|p2a: Latios|Encore
|move|p2a: Latios|Recover|p2a: Latios
|-heal|p2a: Latios|100/100
|
|-weather|Snowscape|[upkeep]
|upkeep
|turn|21
|
|t:|1758299607
|switch|p1a: Deadly Sentencing|Gliscor, M|70/100
|switch|p2a: Scizor|Scizor, M|33/100
|
|-weather|Snowscape|[upkeep]
|upkeep
|turn|22
|
|t:|1758299615
|switch|p2a: Latios|Latios, M, tera:Steel|100/100
|switch|p1a: Infinite Void|Hatterene, F|100/100
|-damage|p1a: Infinite Void|88/100|[from] Spikes
|
|-weather|Snowscape|[upkeep]
|-heal|p1a: Infinite Void|94/100|[from] item: Leftovers
|upkeep
|turn|23
|
|t:|1758299633
|move|p2a: Latios|Calm Mind|p2a: Latios
|-boost|p2a: Latios|spa|1
|-boost|p2a: Latios|spd|1
|move|p1a: Infinite Void|Mystical Fire|p2a: Latios
|-supereffective|p2a: Latios
|-damage|p2a: Latios|67/100
|-unboost|p2a: Latios|spa|1
|
|-weather|none
|-heal|p1a: Infinite Void|99/100|[from] item: Leftovers
|-sideend|p1: RobustLoki|move: Aurora Veil
|upkeep
|turn|24
|
|t:|1758299637
|switch|p2a: Samurott|Samurott-Hisui, F|55/100
|move|p1a: Infinite Void|Calm Mind|p1a: Infinite Void
|-boost|p1a: Infinite Void|spa|1
|-boost|p1a: Infinite Void|spd|1
|
|-heal|p1a: Infinite Void|100/100|[from] item: Leftovers
|upkeep
|turn|25
|
|t:|1758299643
|move|p2a: Samurott|Ceaseless Edge|p1a: Infinite Void
|-damage|p1a: Infinite Void|59/100
|-sidestart|p1: RobustLoki|Spikes
|move|p1a: Infinite Void|Draining Kiss|p2a: Samurott
|-supereffective|p2a: Samurott
|-damage|p2a: Samurott|0 fnt
|-heal|p1a: Infinite Void|100/100|[from] drain|[of] p2a: Samurott
|faint|p2a: Samurott
|
|upkeep
|
|t:|1758299651
|switch|p2a: Scizor|Scizor, M|33/100
|turn|26
|
|t:|1758299654
|switch|p1a: Deadly Sentencing|Gliscor, M|70/100
|move|p2a: Scizor|Bullet Punch|p1a: Deadly Sentencing
|-damage|p1a: Deadly Sentencing|43/100
|
|upkeep
|turn|27
|
|t:|1758299668
|switch|p2a: Latios|Latios, M, tera:Steel|67/100
|switch|p1a: Ryoiki Tenkai.. :|Ninetales-Alola, F|61/100
|-damage|p1a: Ryoiki Tenkai.. :|44/100|[from] Spikes
|-weather|Snowscape|[from] ability: Snow Warning|[of] p1a: Ryoiki Tenkai.. :
|
|-weather|Snowscape|[upkeep]
|upkeep
|turn|28
|
|t:|1758299673
|move|p1a: Ryoiki Tenkai.. :|Aurora Veil|p1a: Ryoiki Tenkai.. :
|-sidestart|p1: RobustLoki|move: Aurora Veil
|move|p2a: Latios|Psychic Noise|p1a: Ryoiki Tenkai.. :
|-damage|p1a: Ryoiki Tenkai.. :|19/100
|-start|p1a: Ryoiki Tenkai.. :|move: Heal Block
|
|-weather|Snowscape|[upkeep]
|upkeep
|turn|29
|
|t:|1758299683
|move|p1a: Ryoiki Tenkai.. :|Encore|p2a: Latios
|-start|p2a: Latios|Encore
|move|p2a: Latios|Psychic Noise|p1a: Ryoiki Tenkai.. :
|-damage|p1a: Ryoiki Tenkai.. :|0 fnt
|faint|p1a: Ryoiki Tenkai.. :
|
|-weather|Snowscape|[upkeep]
|upkeep
|
|t:|1758299689
|switch|p1a: Malevolent Shrine|Ceruledge, F|100/100
|-damage|p1a: Malevolent Shrine|84/100|[from] Spikes
|turn|30
|
|t:|1758299698
|switch|p2a: Zamazenta|Zamazenta|100/100
|-ability|p2a: Zamazenta|Dauntless Shield|boost
|-boost|p2a: Zamazenta|def|1
|move|p1a: Malevolent Shrine|Bulk Up|p1a: Malevolent Shrine
|-boost|p1a: Malevolent Shrine|atk|1
|-boost|p1a: Malevolent Shrine|def|1
|
|-weather|Snowscape|[upkeep]
|upkeep
|turn|31
|
|t:|1758299703
|move|p2a: Zamazenta|Iron Defense|p2a: Zamazenta
|-boost|p2a: Zamazenta|def|2
|move|p1a: Malevolent Shrine|Taunt|p2a: Zamazenta
|-start|p2a: Zamazenta|move: Taunt
|
|-weather|none
|upkeep
|turn|32
|
|t:|1758299708
|move|p2a: Zamazenta|Crunch|p1a: Malevolent Shrine
|-supereffective|p1a: Malevolent Shrine
|-damage|p1a: Malevolent Shrine|67/100
|move|p1a: Malevolent Shrine|Bulk Up|p1a: Malevolent Shrine
|-boost|p1a: Malevolent Shrine|atk|1
|-boost|p1a: Malevolent Shrine|def|1
|
|-sideend|p1: RobustLoki|move: Aurora Veil
|upkeep
|turn|33
|
|t:|1758299712
|move|p2a: Zamazenta|Crunch|p1a: Malevolent Shrine
|-supereffective|p1a: Malevolent Shrine
|-damage|p1a: Malevolent Shrine|42/100
|move|p1a: Malevolent Shrine|Bulk Up|p1a: Malevolent Shrine
|-boost|p1a: Malevolent Shrine|atk|1
|-boost|p1a: Malevolent Shrine|def|1
|
|upkeep
|turn|34
|
|t:|1758299715
|move|p2a: Zamazenta|Crunch|p1a: Malevolent Shrine
|-supereffective|p1a: Malevolent Shrine
|-damage|p1a: Malevolent Shrine|22/100
|move|p1a: Malevolent Shrine|Bitter Blade|p2a: Zamazenta
|-damage|p2a: Zamazenta|73/100
|-heal|p1a: Malevolent Shrine|36/100|[from] drain|[of] p2a: Zamazenta
|
|-heal|p2a: Zamazenta|80/100|[from] item: Leftovers
|-end|p2a: Zamazenta|move: Taunt
|upkeep
|turn|35
|
|t:|1758299724
|move|p2a: Zamazenta|Crunch|p1a: Malevolent Shrine
|-supereffective|p1a: Malevolent Shrine
|-damage|p1a: Malevolent Shrine|14/100
|move|p1a: Malevolent Shrine|Bulk Up|p1a: Malevolent Shrine
|-boost|p1a: Malevolent Shrine|atk|1
|-boost|p1a: Malevolent Shrine|def|1
|
|-heal|p2a: Zamazenta|86/100|[from] item: Leftovers
|upkeep
|turn|36
|
|t:|1758299728
|move|p1a: Malevolent Shrine|Bitter Blade|p2a: Zamazenta
|-damage|p2a: Zamazenta|54/100
|-heal|p1a: Malevolent Shrine|29/100|[from] drain|[of] p2a: Zamazenta
|move|p2a: Zamazenta|Roar|p1a: Malevolent Shrine
|drag|p1a: Deadly Sentencing|Gliscor, M|43/100
|
|-heal|p2a: Zamazenta|60/100|[from] item: Leftovers
|upkeep
|turn|37
|
|t:|1758299733
|move|p2a: Zamazenta|Body Press|p1a: Deadly Sentencing
|-resisted|p1a: Deadly Sentencing
|-damage|p1a: Deadly Sentencing|3/100
|move|p1a: Deadly Sentencing|Earthquake|p2a: Zamazenta
|-damage|p2a: Zamazenta|48/100
|
|-heal|p2a: Zamazenta|54/100|[from] item: Leftovers
|upkeep
|turn|38
|
|t:|1758299751
|move|p2a: Zamazenta|Iron Defense|p2a: Zamazenta
|-boost|p2a: Zamazenta|def|2
|move|p1a: Deadly Sentencing|Earthquake|p2a: Zamazenta
|-damage|p2a: Zamazenta|46/100
|
|-heal|p2a: Zamazenta|52/100|[from] item: Leftovers
|upkeep
|turn|39
|
|t:|1758299757
|move|p2a: Zamazenta|Body Press|p1a: Deadly Sentencing
|-resisted|p1a: Deadly Sentencing
|-damage|p1a: Deadly Sentencing|0 fnt
|faint|p1a: Deadly Sentencing
|
|-heal|p2a: Zamazenta|58/100|[from] item: Leftovers
|upkeep
|
|t:|1758299760
|switch|p1a: Infinite Void|Hatterene, F|100/100
|-damage|p1a: Infinite Void|84/100|[from] Spikes
|turn|40
|
|t:|1758299763
|move|p2a: Zamazenta|Body Press|p1a: Infinite Void
|-resisted|p1a: Infinite Void
|-damage|p1a: Infinite Void|57/100
|move|p1a: Infinite Void|Draining Kiss|p2a: Zamazenta
|-supereffective|p2a: Zamazenta
|-damage|p2a: Zamazenta|19/100
|-heal|p1a: Infinite Void|89/100|[from] drain|[of] p2a: Zamazenta
|
|-heal|p2a: Zamazenta|25/100|[from] item: Leftovers
|-heal|p1a: Infinite Void|95/100|[from] item: Leftovers
|upkeep
|turn|41
|
|t:|1758299770
|move|p2a: Zamazenta|Body Press|p1a: Infinite Void
|-resisted|p1a: Infinite Void
|-damage|p1a: Infinite Void|68/100
|move|p1a: Infinite Void|Draining Kiss|p2a: Zamazenta
|-supereffective|p2a: Zamazenta
|-damage|p2a: Zamazenta|0 fnt
|-heal|p1a: Infinite Void|89/100|[from] drain|[of] p2a: Zamazenta
|faint|p2a: Zamazenta
|
|-heal|p1a: Infinite Void|95/100|[from] item: Leftovers
|upkeep
|c|☆RobustLoki|gg
|
|t:|1758299773
|switch|p2a: Scizor|Scizor, M|33/100
|turn|42
|c|☆RobustLoki|wp
|
|t:|1758299789
|move|p2a: Scizor|Bullet Punch|p1a: Infinite Void
|-supereffective|p1a: Infinite Void
|-damage|p1a: Infinite Void|42/100
|move|p1a: Infinite Void|Mystical Fire|p2a: Scizor
|-supereffective|p2a: Scizor
|-damage|p2a: Scizor|0 fnt
|faint|p2a: Scizor
|
|-heal|p1a: Infinite Void|48/100|[from] item: Leftovers
|upkeep
|
|t:|1758299791
|switch|p2a: Landorus|Landorus-Therian, M|100/100
|-ability|p2a: Landorus|Intimidate|boost
|-unboost|p1a: Infinite Void|atk|1
|turn|43
|
|t:|1758299796
|move|p2a: Landorus|Earthquake|p1a: Infinite Void
|-crit|p1a: Infinite Void
|-damage|p1a: Infinite Void|0 fnt
|faint|p1a: Infinite Void
|
|upkeep
|
|t:|1758299799
|switch|p1a: Malevolent Shrine|Ceruledge, F|29/100
|-damage|p1a: Malevolent Shrine|13/100|[from] Spikes
|turn|44
|
|t:|1758299802
|move|p2a: Landorus|Earthquake|p1a: Malevolent Shrine
|-supereffective|p1a: Malevolent Shrine
|-damage|p1a: Malevolent Shrine|0 fnt
|faint|p1a: Malevolent Shrine
|
|win|Aflyingmermaid
|raw|RobustLoki's rating: 1555 &rarr; <strong>1536</strong><br />(-19 for losing)
|raw|Aflyingmermaid's rating: 1579 &rarr; <strong>1598</strong><br />(+19 for winning)
|l|☆RobustLoki
|player|p1|
|l|☆Aflyingmermaid
|player|p2|
|j| wgw2333
|l| wgw2333
