|j|☆the.ramen.gang
|j|☆kiarnjd
|t:|1758237320
|gametype|singles
|player|p1|the.ramen.gang|170|1222
|player|p2|kiarnjd|red|1249
|gen|9
|tier|[Gen 9] OU
|rated|
|rule|HP Percentage Mod: HP is shown in percentages
|rule|Endless Battle Clause: Forcing endless battles is banned
|rule|Species Clause: Limit one of each Pokémon
|rule|OHKO Clause: OHKO moves are banned
|rule|Evasion Items Clause: Evasion items are banned
|rule|Evasion Moves Clause: Evasion moves are banned
|rule|Evasion Abilities Clause: Evasion abilities are banned
|rule|Sleep Moves Clause: Sleep-inducing moves are banned
|clearpoke
|poke|p1|Noctowl, M|
|poke|p1|Plusle, M|
|poke|p1|Vigoroth, F|
|poke|p1|Houndstone, M|
|poke|p1|Torkoal, M|
|poke|p1|Goodra-Hisui, M|
|poke|p2|Thundurus-Therian, M|
|poke|p2|Cinderace, F|
|poke|p2|Quaquaval, M|
|poke|p2|Clefable, F|
|poke|p2|Pecharunt|
|poke|p2|Iron Boulder|
|teampreview
|inactive|Battle timer is ON: inactive players will automatically lose when time's up. (requested by kiarnjd)
|
|t:|1758237326
|teamsize|p1|6
|teamsize|p2|6
|start
|switch|p1a: Plusle|Plusle, M|100/100
|switch|p2a: Clefable|Clefable, F|100/100
|turn|1
|
|t:|1758237334
|move|p1a: Plusle|Nasty Plot|p1a: Plusle
|-boost|p1a: Plusle|spa|2
|move|p2a: Clefable|Stealth Rock|p1a: Plusle
|-sidestart|p1: the.ramen.gang|move: Stealth Rock
|
|upkeep
|turn|2
|
|t:|1758237337
|move|p1a: Plusle|Thunderbolt|p2a: Clefable
|-damage|p2a: Clefable|30/100
|move|p2a: Clefable|Moonblast|p1a: Plusle
|-damage|p1a: Plusle|48/100
|
|-heal|p2a: Clefable|36/100|[from] item: Leftovers
|upkeep
|turn|3
|
|t:|1758237347
|move|p1a: Plusle|Thunderbolt|p2a: Clefable
|-damage|p2a: Clefable|0 fnt
|faint|p2a: Clefable
|
|upkeep
|
|t:|1758237349
|switch|p2a: Cinderace|Cinderace, F|100/100
|turn|4
|
|t:|1758237352
|move|p2a: Cinderace|Pyro Ball|p1a: Plusle
|-damage|p1a: Plusle|0 fnt
|faint|p1a: Plusle
|
|upkeep
|
|t:|1758237357
|switch|p1a: Noctowl|Noctowl, M|100/100
|turn|5
|
|t:|1758237362
|move|p2a: Cinderace|Pyro Ball|p1a: Noctowl
|-damage|p1a: Noctowl|13/100
|move|p1a: Noctowl|Defog|p2a: Cinderace
|-unboost|p2a: Cinderace|evasion|1
|-sideend|p1: the.ramen.gang|Stealth Rock|[from] move: Defog|[of] p1a: Noctowl
|
|upkeep
|turn|6
|
|t:|1758237366
|move|p2a: Cinderace|Pyro Ball|p1a: Noctowl
|-damage|p1a: Noctowl|0 fnt
|faint|p1a: Noctowl
|
|upkeep
|
|t:|1758237377
|switch|p1a: Vigoroth|Vigoroth, F|100/100
|turn|7
|
|t:|1758237382
|move|p2a: Cinderace|U-turn|p1a: Vigoroth
|-start|p2a: Cinderace|typechange|Bug|[from] ability: Libero
|-damage|p1a: Vigoroth|76/100
|
|t:|1758237386
|switch|p2a: Pecharunt|Pecharunt|100/100|[from] U-turn
|move|p1a: Vigoroth|Bulk Up|p1a: Vigoroth
|-boost|p1a: Vigoroth|atk|1
|-boost|p1a: Vigoroth|def|1
|
|upkeep
|turn|8
|
|t:|1758237393
|move|p2a: Pecharunt|Nasty Plot|p2a: Pecharunt
|-boost|p2a: Pecharunt|spa|2
|move|p1a: Vigoroth|Bulk Up|p1a: Vigoroth
|-boost|p1a: Vigoroth|atk|1
|-boost|p1a: Vigoroth|def|1
|
|upkeep
|turn|9
|
|t:|1758237402
|move|p2a: Pecharunt|Malignant Chain|p1a: Vigoroth
|-damage|p1a: Vigoroth|18/100
|-status|p1a: Vigoroth|tox
|-start|p1a: Vigoroth|confusion|[from] ability: Poison Puppeteer|[of] p2a: Pecharunt
|-activate|p1a: Vigoroth|confusion
|-damage|p1a: Vigoroth|8/100 tox|[from] confusion
|
|-damage|p1a: Vigoroth|2/100 tox|[from] psn
|upkeep
|turn|10
|
|t:|1758237407
|move|p2a: Pecharunt|Hex|p1a: Vigoroth
|-immune|p1a: Vigoroth
|-activate|p1a: Vigoroth|confusion
|move|p1a: Vigoroth|Shadow Claw|p2a: Pecharunt
|-supereffective|p2a: Pecharunt
|-damage|p2a: Pecharunt|56/100
|
|-damage|p1a: Vigoroth|0 fnt|[from] psn
|faint|p1a: Vigoroth
|upkeep
|
|t:|1758237413
|switch|p1a: Goodra|Goodra-Hisui, M|100/100
|turn|11
|
|t:|1758237416
|move|p2a: Pecharunt|Nasty Plot|p2a: Pecharunt
|-boost|p2a: Pecharunt|spa|2
|move|p1a: Goodra|Curse|p1a: Goodra
|-unboost|p1a: Goodra|spe|1
|-boost|p1a: Goodra|atk|1
|-boost|p1a: Goodra|def|1
|
|upkeep
|turn|12
|
|t:|1758237420
|move|p2a: Pecharunt|Hex|p1a: Goodra
|-damage|p1a: Goodra|64/100
|move|p1a: Goodra|Curse|p1a: Goodra
|-unboost|p1a: Goodra|spe|1
|-boost|p1a: Goodra|atk|1
|-boost|p1a: Goodra|def|1
|
|upkeep
|turn|13
|
|t:|1758237426
|move|p2a: Pecharunt|Hex|p1a: Goodra
|-damage|p1a: Goodra|23/100
|move|p1a: Goodra|Curse|p1a: Goodra
|-unboost|p1a: Goodra|spe|1
|-boost|p1a: Goodra|atk|1
|-boost|p1a: Goodra|def|1
|
|upkeep
|turn|14
|
|t:|1758237431
|move|p2a: Pecharunt|Hex|p1a: Goodra
|-damage|p1a: Goodra|0 fnt
|faint|p1a: Goodra
|
|upkeep
|c|☆kiarnjd|what are we doing?
|
|t:|1758237441
|switch|p1a: Houndstone|Houndstone, M|100/100
|turn|15
|
|t:|1758237445
|move|p2a: Pecharunt|Hex|p1a: Houndstone
|-supereffective|p1a: Houndstone
|-damage|p1a: Houndstone|0 fnt
|faint|p1a: Houndstone
|
|upkeep
|
|t:|1758237447
|switch|p1a: Torkoal|Torkoal, M|100/100
|turn|16
|
|t:|1758237458
|move|p2a: Pecharunt|Malignant Chain|p1a: Torkoal
|-damage|p1a: Torkoal|4/100
|move|p1a: Torkoal|Lava Plume|p2a: Pecharunt
|-damage|p2a: Pecharunt|21/100
|
|upkeep
|turn|17
|
|t:|1758237461
|move|p2a: Pecharunt|Hex|p1a: Torkoal
|-damage|p1a: Torkoal|0 fnt
|faint|p1a: Torkoal
|
|win|kiarnjd
|raw|the.ramen.gang's rating: 1222 &rarr; <strong>1199</strong><br />(-23 for losing)
|raw|kiarnjd's rating: 1249 &rarr; <strong>1272</strong><br />(+23 for winning)
|c|☆kiarnjd|gg
|l|☆the.ramen.gang
|player|p1|
|l|☆kiarnjd
|player|p2|
