|j|☆Yesman247alt
|j|☆Pacmomazo
|t:|1758258653
|gametype|singles
|player|p1|Yesman247alt|102|1195
|player|p2|Pacmomazo|silver|1162
|gen|9
|tier|[Gen 9] OU
|rated|
|rule|HP Percentage Mod: HP is shown in percentages
|rule|Endless Battle Clause: Forcing endless battles is banned
|rule|Species Clause: Limit one of each Pokémon
|rule|OHKO Clause: OHKO moves are banned
|rule|Evasion Items Clause: Evasion items are banned
|rule|Evasion Moves Clause: Evasion moves are banned
|rule|Evasion Abilities Clause: Evasion abilities are banned
|rule|Sleep Moves Clause: Sleep-inducing moves are banned
|clearpoke
|poke|p1|Tyranitar, M|
|poke|p1|Excadrill, M|
|poke|p1|Moltres|
|poke|p1|Zamazenta-*|
|poke|p1|Hydrapple, F|
|poke|p1|Slowking-Galar, M|
|poke|p2|Kingambit, M|
|poke|p2|Tinkaton, F|
|poke|p2|Ogerpon-Wellspring, F|
|poke|p2|Glimmora, F|
|poke|p2|Great Tusk|
|poke|p2|Chandelure, F|
|teampreview
|inactive|Battle timer is ON: inactive players will automatically lose when time's up. (requested by Yesman247alt)
|
|t:|1758258678
|teamsize|p1|6
|teamsize|p2|6
|start
|switch|p1a: Tyranitar|Tyranitar, M|100/100
|switch|p2a: Glimmora|Glimmora, F, shiny|100/100
|-weather|Sandstorm|[from] ability: Sand Stream|[of] p1a: Tyranitar
|turn|1
|inactive|Pacmomazo has 120 seconds left.
|
|t:|1758258712
|move|p2a: Glimmora|Earth Power|p1a: Tyranitar
|-supereffective|p1a: Tyranitar
|-damage|p1a: Tyranitar|77/100
|move|p1a: Tyranitar|Stealth Rock|p2a: Glimmora
|-sidestart|p2: Pacmomazo|move: Stealth Rock
|
|-weather|Sandstorm|[upkeep]
|upkeep
|turn|2
|inactive|Yesman247alt has 120 seconds left.
|
|t:|1758258741
|move|p2a: Glimmora|Stealth Rock|p1a: Tyranitar
|-sidestart|p1: Yesman247alt|move: Stealth Rock
|move|p1a: Tyranitar|Ice Beam|p2a: Glimmora
|-damage|p2a: Glimmora|84/100
|-enditem|p2a: Glimmora|Red Card|[of] p1a: Tyranitar
|drag|p1a: Slowking|Slowking-Galar, M|100/100
|-damage|p1a: Slowking|88/100|[from] Stealth Rock
|
|-weather|Sandstorm|[upkeep]
|-damage|p1a: Slowking|82/100|[from] Sandstorm
|upkeep
|turn|3
|inactive|Yesman247alt has 120 seconds left.
|
|t:|1758258757
|move|p2a: Glimmora|Earth Power|p1a: Slowking
|-supereffective|p1a: Slowking
|-damage|p1a: Slowking|54/100
|move|p1a: Slowking|Psyshock|p2a: Glimmora
|-supereffective|p2a: Glimmora
|-damage|p2a: Glimmora|0 fnt
|faint|p2a: Glimmora
|
|-weather|Sandstorm|[upkeep]
|-damage|p1a: Slowking|47/100|[from] Sandstorm
|upkeep
|inactive|Pacmomazo has 120 seconds left.
|
|t:|1758258790
|switch|p2a: Chandelure|Chandelure, F, shiny|100/100
|-damage|p2a: Chandelure|76/100|[from] Stealth Rock
|turn|4
|
|t:|1758258800
|switch|p1a: Tyranitar|Tyranitar, M|77/100
|-damage|p1a: Tyranitar|64/100|[from] Stealth Rock
|move|p2a: Chandelure|Shadow Ball|p1a: Tyranitar
|-resisted|p1a: Tyranitar
|-damage|p1a: Tyranitar|55/100
|
|-weather|Sandstorm|[upkeep]
|-damage|p2a: Chandelure|69/100|[from] Sandstorm
|upkeep
|turn|5
|
|t:|1758258810
|move|p2a: Chandelure|Energy Ball|p1a: Tyranitar
|-supereffective|p1a: Tyranitar
|-damage|p1a: Tyranitar|27/100
|move|p1a: Tyranitar|Knock Off|p2a: Chandelure
|-supereffective|p2a: Chandelure
|-damage|p2a: Chandelure|0 fnt
|-enditem|p2a: Chandelure|Blunder Policy|[from] move: Knock Off|[of] p1a: Tyranitar
|faint|p2a: Chandelure
|
|-weather|Sandstorm|[upkeep]
|upkeep
|
|t:|1758258816
|switch|p2a: Great Tusk|Great Tusk, shiny|100/100
|-damage|p2a: Great Tusk|98/100|[from] Stealth Rock
|-enditem|p2a: Great Tusk|Booster Energy
|-activate|p2a: Great Tusk|ability: Protosynthesis|[fromitem]
|-start|p2a: Great Tusk|protosynthesisatk
|turn|6
|inactive|Pacmomazo has 120 seconds left.
|
|t:|1758258832
|switch|p1a: Moltres|Moltres|100/100
|move|p2a: Great Tusk|Earthquake|p1a: Moltres
|-immune|p1a: Moltres
|
|-weather|Sandstorm|[upkeep]
|-damage|p1a: Moltres|94/100|[from] Sandstorm
|upkeep
|turn|7
|
|t:|1758258841
|move|p2a: Great Tusk|Rapid Spin|p1a: Moltres
|-damage|p1a: Moltres|78/100
|-boost|p2a: Great Tusk|spe|1
|-sideend|p2: Pacmomazo|Stealth Rock|[from] move: Rapid Spin|[of] p2a: Great Tusk
|move|p1a: Moltres|Will-O-Wisp|p2a: Great Tusk
|-status|p2a: Great Tusk|brn
|
|-weather|Sandstorm|[upkeep]
|-damage|p1a: Moltres|72/100|[from] Sandstorm
|-damage|p2a: Great Tusk|91/100 brn|[from] brn
|upkeep
|turn|8
|
|t:|1758258853
|move|p2a: Great Tusk|Close Combat|p1a: Moltres
|-resisted|p1a: Moltres
|-damage|p1a: Moltres|59/100
|-unboost|p2a: Great Tusk|def|1
|-unboost|p2a: Great Tusk|spd|1
|move|p1a: Moltres|Flamethrower|p2a: Great Tusk
|-damage|p2a: Great Tusk|3/100 brn
|
|-weather|none
|-damage|p2a: Great Tusk|0 fnt|[from] brn
|faint|p2a: Great Tusk
|-end|p2a: Great Tusk|Protosynthesis|[silent]
|upkeep
|
|t:|1758258856
|switch|p2a: Ogerpon|Ogerpon-Wellspring, F|100/100
|turn|9
|
|t:|1758258878
|switch|p1a: Hydrapple|Hydrapple, F|100/100
|-terastallize|p2a: Ogerpon|Water
|detailschange|p2a: Ogerpon|Ogerpon-Wellspring-Tera, F, tera:Water
|-ability|p2a: Ogerpon|Embody Aspect (Wellspring)|boost
|-boost|p2a: Ogerpon|spd|1
|move|p2a: Ogerpon|Tera Blast|p1a: Hydrapple|[anim] Tera Blast Water
|-resisted|p1a: Hydrapple
|-damage|p1a: Hydrapple|91/100
|
|upkeep
|turn|10
|-message|Pacmomazo forfeited.
|
|win|Yesman247alt
|raw|Yesman247alt's rating: 1195 &rarr; <strong>1218</strong><br />(+23 for winning)
|raw|Pacmomazo's rating: 1162 &rarr; <strong>1139</strong><br />(-23 for losing)
|l|☆Pacmomazo
|player|p2|
|l|☆Yesman247alt
|player|p1|
