|j|☆dftfgtg
|j|☆Dario666
|t:|1758363147
|gametype|singles
|player|p1|dftfgtg|rosa|1000
|player|p2|Dario666|170|1000
|gen|9
|tier|[Gen 9] OU
|rated|
|rule|HP Percentage Mod: HP is shown in percentages
|rule|Endless Battle Clause: Forcing endless battles is banned
|rule|Species Clause: Limit one of each Pokémon
|rule|OHKO Clause: OHKO moves are banned
|rule|Evasion Items Clause: Evasion items are banned
|rule|Evasion Moves Clause: Evasion moves are banned
|rule|Evasion Abilities Clause: Evasion abilities are banned
|rule|Sleep Moves Clause: Sleep-inducing moves are banned
|clearpoke
|poke|p1|Blissey, F|
|poke|p1|Scizor, M|
|poke|p1|Ceruledge, M|
|poke|p1|Amoonguss, F|
|poke|p1|Iron Treads|
|poke|p1|Gliscor, F|
|poke|p2|Dragapult, M|
|poke|p2|Ceruledge, F|
|poke|p2|Gholdengo|
|poke|p2|Cinderace, M|
|poke|p2|Garganacl, F|
|poke|p2|Dragonite, M|
|teampreview
|inactive|Battle timer is ON: inactive players will automatically lose when time's up. (requested by dftfgtg)
|
|t:|1758363160
|teamsize|p1|6
|teamsize|p2|6
|start
|switch|p1a: Gliscor|Gliscor, F|100/100
|switch|p2a: Garganacl|Garganacl, F|100/100
|turn|1
|
|t:|1758363168
|move|p1a: Gliscor|Substitute|p1a: Gliscor
|-start|p1a: Gliscor|Substitute
|-damage|p1a: Gliscor|76/100
|move|p2a: Garganacl|Earthquake|p1a: Gliscor
|-immune|p1a: Gliscor
|
|-status|p1a: Gliscor|tox|[from] item: Toxic Orb
|upkeep
|turn|2
|
|t:|1758363177
|move|p1a: Gliscor|Spikes|p2a: Garganacl
|-sidestart|p2: Dario666|Spikes
|move|p2a: Garganacl|Fire Punch|p1a: Gliscor
|-activate|p1a: Gliscor|move: Substitute|[damage]
|
|-heal|p1a: Gliscor|88/100 tox|[from] ability: Poison Heal
|upkeep
|turn|3
|
|t:|1758363189
|move|p1a: Gliscor|Spikes|p2a: Garganacl
|-sidestart|p2: Dario666|Spikes
|move|p2a: Garganacl|Fire Punch|p1a: Gliscor
|-end|p1a: Gliscor|Substitute
|
|-heal|p1a: Gliscor|100/100 tox|[from] ability: Poison Heal
|upkeep
|turn|4
|
|t:|1758363202
|move|p1a: Gliscor|Substitute|p1a: Gliscor
|-start|p1a: Gliscor|Substitute
|-damage|p1a: Gliscor|76/100 tox
|move|p2a: Garganacl|Earthquake|p1a: Gliscor
|-immune|p1a: Gliscor
|
|-heal|p1a: Gliscor|88/100 tox|[from] ability: Poison Heal
|upkeep
|turn|5
|
|t:|1758363213
|switch|p2a: Dragapult|Dragapult, M|100/100
|-item|p2a: Dragapult|Air Balloon
|move|p1a: Gliscor|Spikes|p2a: Dragapult
|-sidestart|p2: Dario666|Spikes
|
|-heal|p1a: Gliscor|100/100 tox|[from] ability: Poison Heal
|upkeep
|turn|6
|
|t:|1758363224
|move|p2a: Dragapult|Acrobatics|p1a: Gliscor
|-activate|p1a: Gliscor|move: Substitute|[damage]
|move|p1a: Gliscor|Swords Dance|p1a: Gliscor
|-boost|p1a: Gliscor|atk|2
|
|upkeep
|turn|7
|
|t:|1758363231
|move|p2a: Dragapult|Acrobatics|p1a: Gliscor
|-activate|p1a: Gliscor|move: Substitute|[damage]
|move|p1a: Gliscor|Gunk Shot|p2a: Dragapult|[miss]
|-miss|p1a: Gliscor|p2a: Dragapult
|
|upkeep
|turn|8
|
|t:|1758363239
|move|p2a: Dragapult|Acrobatics|p1a: Gliscor
|-end|p1a: Gliscor|Substitute
|move|p1a: Gliscor|Swords Dance|p1a: Gliscor
|-boost|p1a: Gliscor|atk|2
|
|upkeep
|turn|9
|
|t:|1758363246
|move|p2a: Dragapult|Draco Meteor|p1a: Gliscor
|-damage|p1a: Gliscor|38/100 tox
|-unboost|p2a: Dragapult|spa|2
|move|p1a: Gliscor|Substitute|p1a: Gliscor
|-start|p1a: Gliscor|Substitute
|-damage|p1a: Gliscor|13/100 tox
|
|-heal|p1a: Gliscor|25/100 tox|[from] ability: Poison Heal
|upkeep
|turn|10
|
|t:|1758363257
|move|p2a: Dragapult|Dragon Dance|p2a: Dragapult
|-boost|p2a: Dragapult|atk|1
|-boost|p2a: Dragapult|spe|1
|move|p1a: Gliscor|Gunk Shot|p2a: Dragapult
|-resisted|p2a: Dragapult
|-damage|p2a: Dragapult|35/100
|-status|p2a: Dragapult|psn
|-enditem|p2a: Dragapult|Air Balloon
|
|-damage|p2a: Dragapult|22/100 psn|[from] psn
|-heal|p1a: Gliscor|38/100 tox|[from] ability: Poison Heal
|upkeep
|turn|11
|
|t:|1758363270
|move|p2a: Dragapult|Draco Meteor|p1a: Gliscor
|-end|p1a: Gliscor|Substitute
|-unboost|p2a: Dragapult|spa|2
|move|p1a: Gliscor|Gunk Shot|p2a: Dragapult
|-resisted|p2a: Dragapult
|-damage|p2a: Dragapult|0 fnt
|faint|p2a: Dragapult
|
|-heal|p1a: Gliscor|50/100 tox|[from] ability: Poison Heal
|upkeep
|
|t:|1758363281
|switch|p2a: Dragonite|Dragonite, M|100/100
|turn|12
|
|t:|1758363287
|move|p2a: Dragonite|Aqua Jet|p1a: Gliscor
|-supereffective|p1a: Gliscor
|-damage|p1a: Gliscor|32/100 tox
|move|p1a: Gliscor|Substitute|p1a: Gliscor
|-start|p1a: Gliscor|Substitute
|-damage|p1a: Gliscor|7/100 tox
|
|-heal|p1a: Gliscor|20/100 tox|[from] ability: Poison Heal
|upkeep
|turn|13
|
|t:|1758363297
|move|p1a: Gliscor|Gunk Shot|p2a: Dragonite|[miss]
|-miss|p1a: Gliscor|p2a: Dragonite
|move|p2a: Dragonite|Thunderbolt|p1a: Gliscor
|-immune|p1a: Gliscor
|
|-heal|p1a: Gliscor|32/100 tox|[from] ability: Poison Heal
|upkeep
|turn|14
|
|t:|1758363306
|move|p1a: Gliscor|Gunk Shot|p2a: Dragonite|[miss]
|-miss|p1a: Gliscor|p2a: Dragonite
|move|p2a: Dragonite|Thunderbolt|p1a: Gliscor
|-immune|p1a: Gliscor
|
|-heal|p1a: Gliscor|45/100 tox|[from] ability: Poison Heal
|upkeep
|turn|15
|
|t:|1758363315
|move|p1a: Gliscor|Swords Dance|p1a: Gliscor
|-boost|p1a: Gliscor|atk|2
|move|p2a: Dragonite|Blizzard|p1a: Gliscor
|-supereffective|p1a: Gliscor
|-end|p1a: Gliscor|Substitute
|
|-heal|p1a: Gliscor|57/100 tox|[from] ability: Poison Heal
|upkeep
|turn|16
|
|t:|1758363325
|move|p1a: Gliscor|Substitute|p1a: Gliscor
|-start|p1a: Gliscor|Substitute
|-damage|p1a: Gliscor|32/100 tox
|move|p2a: Dragonite|Blizzard|p1a: Gliscor
|-supereffective|p1a: Gliscor
|-end|p1a: Gliscor|Substitute
|
|-heal|p1a: Gliscor|45/100 tox|[from] ability: Poison Heal
|upkeep
|turn|17
|
|t:|1758363335
|move|p1a: Gliscor|Substitute|p1a: Gliscor
|-start|p1a: Gliscor|Substitute
|-damage|p1a: Gliscor|20/100 tox
|move|p2a: Dragonite|Blizzard|p1a: Gliscor
|-supereffective|p1a: Gliscor
|-end|p1a: Gliscor|Substitute
|
|-heal|p1a: Gliscor|32/100 tox|[from] ability: Poison Heal
|upkeep
|turn|18
|
|t:|1758363348
|switch|p1a: Ceruledge|Ceruledge, M|100/100
|move|p2a: Dragonite|Blizzard|p1a: Ceruledge
|-resisted|p1a: Ceruledge
|-damage|p1a: Ceruledge|86/100
|
|upkeep
|turn|19
|
|t:|1758363356
|move|p2a: Dragonite|Aqua Jet|p1a: Ceruledge
|-supereffective|p1a: Ceruledge
|-damage|p1a: Ceruledge|43/100
|move|p1a: Ceruledge|Swords Dance|p1a: Ceruledge
|-boost|p1a: Ceruledge|atk|2
|
|upkeep
|turn|20
|
|t:|1758363366
|switch|p1a: Blissey|Blissey, F|100/100
|move|p2a: Dragonite|Aqua Jet|p1a: Blissey
|-damage|p1a: Blissey|89/100
|
|upkeep
|turn|21
|
|t:|1758363373
|move|p2a: Dragonite|Blizzard|p1a: Blissey
|-damage|p1a: Blissey|79/100
|move|p1a: Blissey|Thunder Wave|p2a: Dragonite
|-status|p2a: Dragonite|par
|
|upkeep
|turn|22
|
|t:|1758363391
|switch|p2a: Ceruledge|Ceruledge, F|100/100
|-damage|p2a: Ceruledge|76/100|[from] Spikes
|move|p1a: Blissey|Stealth Rock|p2a: Ceruledge
|-sidestart|p2: Dario666|move: Stealth Rock
|
|upkeep
|turn|23
|
|t:|1758363399
|move|p2a: Ceruledge|Close Combat|p1a: Blissey
|-supereffective|p1a: Blissey
|-damage|p1a: Blissey|14/100
|-unboost|p2a: Ceruledge|def|1
|-unboost|p2a: Ceruledge|spd|1
|move|p1a: Blissey|Thunder Wave|p2a: Ceruledge
|-status|p2a: Ceruledge|par
|
|upkeep
|turn|24
|
|t:|1758363408
|-terastallize|p1a: Blissey|Ghost
|move|p1a: Blissey|Soft-Boiled|p1a: Blissey
|-heal|p1a: Blissey|64/100
|move|p2a: Ceruledge|Bitter Blade|p1a: Blissey
|-damage|p1a: Blissey|30/100
|-heal|p2a: Ceruledge|100/100 par|[from] drain|[of] p1a: Blissey
|
|upkeep
|turn|25
|
|t:|1758363423
|switch|p1a: Ceruledge|Ceruledge, M|43/100
|cant|p2a: Ceruledge|par
|
|upkeep
|turn|26
|
|t:|1758363437
|-terastallize|p2a: Ceruledge|Fire
|move|p1a: Ceruledge|Bitter Blade|p2a: Ceruledge
|-start|p2a: Ceruledge|ability: Flash Fire
|move|p2a: Ceruledge|Bitter Blade|p1a: Ceruledge
|-start|p1a: Ceruledge|ability: Flash Fire
|
|upkeep
|turn|27
|
|t:|1758363448
|move|p1a: Ceruledge|Shadow Sneak|p2a: Ceruledge
|-damage|p2a: Ceruledge|39/100 par
|-damage|p1a: Ceruledge|33/100|[from] item: Life Orb
|move|p2a: Ceruledge|Dragon Claw|p1a: Ceruledge
|-damage|p1a: Ceruledge|0 fnt
|faint|p1a: Ceruledge
|
|upkeep
|
|t:|1758363459
|switch|p1a: Gliscor|Gliscor, F|32/100 tox
|turn|28
|
|t:|1758363468
|move|p1a: Gliscor|Substitute|p1a: Gliscor
|-start|p1a: Gliscor|Substitute
|-damage|p1a: Gliscor|7/100 tox
|cant|p2a: Ceruledge|par
|
|-heal|p1a: Gliscor|20/100 tox|[from] ability: Poison Heal
|upkeep
|turn|29
|
|t:|1758363478
|-end|p2a: Ceruledge|ability: Flash Fire|[silent]
|switch|p2a: Dragonite|Dragonite, M|100/100 par
|-damage|p2a: Dragonite|76/100 par|[from] Stealth Rock
|move|p1a: Gliscor|Gunk Shot|p2a: Dragonite
|-damage|p2a: Dragonite|49/100 par
|
|-heal|p1a: Gliscor|32/100 tox|[from] ability: Poison Heal
|upkeep
|turn|30
|
|t:|1758363489
|move|p1a: Gliscor|Gunk Shot|p2a: Dragonite|[miss]
|-miss|p1a: Gliscor|p2a: Dragonite
|cant|p2a: Dragonite|par
|
|-heal|p1a: Gliscor|45/100 tox|[from] ability: Poison Heal
|upkeep
|turn|31
|
|t:|1758363497
|move|p1a: Gliscor|Gunk Shot|p2a: Dragonite
|-damage|p2a: Dragonite|21/100 par
|move|p2a: Dragonite|Blizzard|p1a: Gliscor|[miss]
|-miss|p2a: Dragonite|p1a: Gliscor
|
|-heal|p1a: Gliscor|57/100 tox|[from] ability: Poison Heal
|upkeep
|turn|32
|
|t:|1758363520
|switch|p1a: Scizor|Scizor, M|100/100
|cant|p2a: Dragonite|par
|
|upkeep
|turn|33
|
|t:|1758363527
|switch|p2a: Cinderace|Cinderace, M|100/100
|-damage|p2a: Cinderace|75/100|[from] Spikes
|-damage|p2a: Cinderace|50/100|[from] Stealth Rock
|move|p1a: Scizor|Bullet Punch|p2a: Cinderace
|-resisted|p2a: Cinderace
|-damage|p2a: Cinderace|22/100
|
|upkeep
|turn|34
|
|t:|1758363540
|move|p1a: Scizor|Bullet Punch|p2a: Cinderace
|-resisted|p2a: Cinderace
|-crit|p2a: Cinderace
|-damage|p2a: Cinderace|0 fnt
|faint|p2a: Cinderace
|
|upkeep
|
|t:|1758363546
|switch|p2a: Garganacl|Garganacl, F|100/100
|-damage|p2a: Garganacl|76/100|[from] Spikes
|-damage|p2a: Garganacl|63/100|[from] Stealth Rock
|turn|35
|
|t:|1758363552
|move|p1a: Scizor|Bullet Punch|p2a: Garganacl
|-supereffective|p2a: Garganacl
|-damage|p2a: Garganacl|0 fnt
|-damage|p1a: Scizor|84/100|[from] item: Rocky Helmet|[of] p2a: Garganacl
|faint|p2a: Garganacl
|
|upkeep
|-message|Dario666 forfeited.
|
|win|dftfgtg
|raw|dftfgtg's rating: 1000 &rarr; <strong>1040</strong><br />(+40 for winning)
|raw|Dario666's rating: 1000 &rarr; <strong>1000</strong><br />(+0 for losing)
|l|☆Dario666
|player|p2|
