|j|☆chrqm
|j|☆Supersayan999
|t:|1758326871
|gametype|singles
|player|p1|chrqm|266|1439
|player|p2|Supersayan999|palmer|1441
|gen|9
|tier|[Gen 9] OU
|rated|
|rule|HP Percentage Mod: HP is shown in percentages
|rule|Endless Battle Clause: Forcing endless battles is banned
|rule|Species Clause: Limit one of each Pokémon
|rule|OHKO Clause: OHKO moves are banned
|rule|Evasion Items Clause: Evasion items are banned
|rule|Evasion Moves Clause: Evasion moves are banned
|rule|Evasion Abilities Clause: Evasion abilities are banned
|rule|Sleep Moves Clause: Sleep-inducing moves are banned
|clearpoke
|poke|p1|Pecharunt|
|poke|p1|Great Tusk|
|poke|p1|Primarina, M|
|poke|p1|Weavile, F|
|poke|p1|Heatran, F|
|poke|p1|Ogerpon, F|
|poke|p2|Ogerpon, F|
|poke|p2|Cinderace, M|
|poke|p2|Clefable, F|
|poke|p2|Deoxys-Defense|
|poke|p2|Primarina, M|
|poke|p2|Lokix, M|
|teampreview
|
|t:|1758326887
|teamsize|p1|6
|teamsize|p2|6
|start
|switch|p1a: Bovis Johnson|Weavile, F|100/100
|switch|p2a: Ogerpon|Ogerpon, F|100/100
|-ability|p1a: Bovis Johnson|Pressure
|turn|1
|
|t:|1758326898
|switch|p2a: Clefable|Clefable, F|100/100
|move|p1a: Bovis Johnson|Triple Axel|p2a: Clefable
|-damage|p2a: Clefable|89/100
|-damage|p2a: Clefable|64/100
|-damage|p2a: Clefable|32/100
|-hitcount|p2a: Clefable|3
|
|-heal|p2a: Clefable|38/100|[from] item: Leftovers
|upkeep
|turn|2
|
|t:|1758326913
|move|p2a: Clefable|Protect|p2a: Clefable
|-singleturn|p2a: Clefable|Protect
|move|p1a: Bovis Johnson|Triple Axel|p2a: Clefable
|-activate|p2a: Clefable|move: Protect
|
|-heal|p2a: Clefable|44/100|[from] item: Leftovers
|upkeep
|turn|3
|
|t:|1758326922
|switch|p2a: Deoxys|Deoxys-Defense|100/100
|-ability|p2a: Deoxys|Pressure
|move|p1a: Bovis Johnson|Triple Axel|p2a: Deoxys
|-damage|p2a: Deoxys|91/100
|-damage|p1a: Bovis Johnson|84/100|[from] item: Rocky Helmet|[of] p2a: Deoxys
|-damage|p2a: Deoxys|72/100
|-damage|p1a: Bovis Johnson|68/100|[from] item: Rocky Helmet|[of] p2a: Deoxys
|-damage|p2a: Deoxys|46/100
|-damage|p1a: Bovis Johnson|51/100|[from] item: Rocky Helmet|[of] p2a: Deoxys
|-hitcount|p2a: Deoxys|3
|
|upkeep
|turn|4
|
|t:|1758326939
|switch|p1a: Whole Melt Cart|Heatran, F|100/100
|-terastallize|p2a: Deoxys|Fighting
|move|p2a: Deoxys|Recover|p2a: Deoxys
|-heal|p2a: Deoxys|96/100
|
|upkeep
|turn|5
|
|t:|1758326952
|switch|p2a: Primarina|Primarina, M|100/100
|move|p1a: Whole Melt Cart|Magma Storm|p2a: Primarina
|-resisted|p2a: Primarina
|-damage|p2a: Primarina|80/100
|-activate|p2a: Primarina|move: Magma Storm|[of] p1a: Whole Melt Cart
|
|-damage|p2a: Primarina|68/100|[from] move: Magma Storm|[partiallytrapped]
|upkeep
|turn|6
|
|t:|1758326963
|switch|p1a: Prime Fini|Primarina, M|100/100
|move|p2a: Primarina|Sparkling Aria|p1a: Prime Fini
|-resisted|p1a: Prime Fini
|-damage|p1a: Prime Fini|78/100
|
|-end|p2a: Primarina|Magma Storm|[partiallytrapped]|[silent]
|upkeep
|turn|7
|
|t:|1758326978
|switch|p2a: Deoxys|Deoxys-Defense, tera:Fighting|96/100
|-ability|p2a: Deoxys|Pressure
|move|p1a: Prime Fini|Moonblast|p2a: Deoxys
|-supereffective|p2a: Deoxys
|-damage|p2a: Deoxys|29/100
|
|upkeep
|turn|8
|
|t:|1758326992
|move|p2a: Deoxys|Stealth Rock|p1a: Prime Fini
|-sidestart|p1: chrqm|move: Stealth Rock
|move|p1a: Prime Fini|Moonblast|p2a: Deoxys
|-supereffective|p2a: Deoxys
|-damage|p2a: Deoxys|0 fnt
|faint|p2a: Deoxys
|
|upkeep
|
|t:|1758327002
|switch|p2a: Ogerpon|Ogerpon, F|100/100
|turn|9
|
|t:|1758327023
|switch|p1a: David|Pecharunt|100/100
|move|p2a: Ogerpon|Stomping Tantrum|p1a: David
|-supereffective|p1a: David
|-damage|p1a: David|64/100
|
|upkeep
|turn|10
|
|t:|1758327037
|switch|p2a: Lokix|Lokix, M|100/100
|move|p1a: David|Malignant Chain|p2a: Lokix
|-damage|p2a: Lokix|43/100
|
|upkeep
|turn|11
|
|t:|1758327047
|switch|p1a: Prime Fini|Primarina, M|78/100
|-damage|p1a: Prime Fini|66/100|[from] Stealth Rock
|move|p2a: Lokix|Leech Life|p1a: Prime Fini
|-resisted|p1a: Prime Fini
|-damage|p1a: Prime Fini|10/100
|-heal|p2a: Lokix|75/100|[from] drain|[of] p1a: Prime Fini
|
|upkeep
|turn|12
|
|t:|1758327058
|move|p2a: Lokix|U-turn|p1a: Prime Fini
|-resisted|p1a: Prime Fini
|-damage|p1a: Prime Fini|0 fnt
|faint|p1a: Prime Fini
|
|t:|1758327068
|switch|p2a: Primarina|Primarina, M|68/100|[from] U-turn
|
|upkeep
|
|t:|1758327072
|switch|p1a: Dobe Johnson|Ogerpon, F|100/100
|-damage|p1a: Dobe Johnson|88/100|[from] Stealth Rock
|turn|13
|
|t:|1758327080
|switch|p2a: Lokix|Lokix, M|75/100
|move|p1a: Dobe Johnson|Ivy Cudgel|p2a: Lokix
|-resisted|p2a: Lokix
|-damage|p2a: Lokix|18/100
|
|upkeep
|turn|14
|
|t:|1758327089
|switch|p1a: Whole Melt Cart|Heatran, F|100/100
|-damage|p1a: Whole Melt Cart|88/100|[from] Stealth Rock
|move|p2a: Lokix|First Impression|p1a: Whole Melt Cart
|-resisted|p1a: Whole Melt Cart
|-damage|p1a: Whole Melt Cart|62/100
|
|-heal|p1a: Whole Melt Cart|68/100|[from] item: Leftovers
|upkeep
|turn|15
|
|t:|1758327100
|move|p2a: Lokix|U-turn|p1a: Whole Melt Cart
|-resisted|p1a: Whole Melt Cart
|-damage|p1a: Whole Melt Cart|50/100
|
|t:|1758327110
|switch|p2a: Cinderace|Cinderace, M|100/100|[from] U-turn
|move|p1a: Whole Melt Cart|Earth Power|p2a: Cinderace
|-supereffective|p2a: Cinderace
|-damage|p2a: Cinderace|3/100
|
|-heal|p1a: Whole Melt Cart|57/100|[from] item: Leftovers
|upkeep
|turn|16
|
|t:|1758327124
|move|p2a: Cinderace|Low Kick|p1a: Whole Melt Cart
|-start|p2a: Cinderace|typechange|Fighting|[from] ability: Libero
|-supereffective|p1a: Whole Melt Cart
|-damage|p1a: Whole Melt Cart|0 fnt
|faint|p1a: Whole Melt Cart
|
|upkeep
|
|t:|1758327130
|switch|p1a: Great Tusk|Great Tusk|100/100
|turn|17
|
|t:|1758327141
|switch|p2a: Clefable|Clefable, F|44/100
|move|p1a: Great Tusk|Rapid Spin|p2a: Clefable
|-damage|p2a: Clefable|32/100
|-boost|p1a: Great Tusk|spe|1
|-sideend|p1: chrqm|Stealth Rock|[from] move: Rapid Spin|[of] p1a: Great Tusk
|
|-heal|p2a: Clefable|38/100|[from] item: Leftovers
|upkeep
|turn|18
|
|t:|1758327164
|move|p1a: Great Tusk|Headlong Rush|p2a: Clefable
|-damage|p2a: Clefable|0 fnt
|-unboost|p1a: Great Tusk|def|1
|-unboost|p1a: Great Tusk|spd|1
|faint|p2a: Clefable
|
|upkeep
|
|t:|1758327179
|switch|p2a: Ogerpon|Ogerpon, F|100/100
|turn|19
|
|t:|1758327196
|-end|p1a: Great Tusk|Protosynthesis|[silent]
|switch|p1a: David|Pecharunt|64/100
|move|p2a: Ogerpon|Ivy Cudgel|p1a: David
|-resisted|p1a: David
|-damage|p1a: David|46/100
|
|upkeep
|turn|20
|
|t:|1758327205
|switch|p2a: Cinderace|Cinderace, M|3/100
|move|p1a: David|Recover|p1a: David
|-heal|p1a: David|96/100
|
|upkeep
|turn|21
|
|t:|1758327218
|move|p2a: Cinderace|Pyro Ball|p1a: David
|-damage|p1a: David|68/100
|move|p1a: David|Parting Shot|p2a: Cinderace
|-unboost|p2a: Cinderace|atk|1
|-unboost|p2a: Cinderace|spa|1
|
|t:|1758327222
|switch|p1a: Great Tusk|Great Tusk|100/100|[from] Parting Shot
|
|upkeep
|turn|22
|
|t:|1758327232
|move|p2a: Cinderace|Pyro Ball|p1a: Great Tusk
|-damage|p1a: Great Tusk|71/100
|move|p1a: Great Tusk|Rapid Spin|p2a: Cinderace
|-damage|p2a: Cinderace|0 fnt
|-boost|p1a: Great Tusk|spe|1
|faint|p2a: Cinderace
|
|upkeep
|
|t:|1758327243
|switch|p2a: Ogerpon|Ogerpon, F|100/100
|turn|23
|
|t:|1758327257
|move|p1a: Great Tusk|Ice Spinner|p2a: Ogerpon
|-supereffective|p2a: Ogerpon
|-damage|p2a: Ogerpon|26/100
|move|p2a: Ogerpon|Knock Off|p1a: Great Tusk
|-resisted|p1a: Great Tusk
|-damage|p1a: Great Tusk|53/100
|-enditem|p1a: Great Tusk|Heavy-Duty Boots|[from] move: Knock Off|[of] p2a: Ogerpon
|
|upkeep
|turn|24
|
|t:|1758327271
|switch|p2a: Primarina|Primarina, M|68/100
|move|p1a: Great Tusk|Ice Spinner|p2a: Primarina
|-resisted|p2a: Primarina
|-damage|p2a: Primarina|50/100
|
|upkeep
|turn|25
|
|t:|1758327287
|move|p1a: Great Tusk|Headlong Rush|p2a: Primarina
|-damage|p2a: Primarina|0 fnt
|-unboost|p1a: Great Tusk|def|1
|-unboost|p1a: Great Tusk|spd|1
|faint|p2a: Primarina
|
|upkeep
|
|t:|1758327293
|switch|p2a: Lokix|Lokix, M|18/100
|turn|26
|
|t:|1758327298
|move|p2a: Lokix|First Impression|p1a: Great Tusk
|-resisted|p1a: Great Tusk
|-damage|p1a: Great Tusk|0 fnt
|faint|p1a: Great Tusk
|-end|p1a: Great Tusk|Protosynthesis|[silent]
|
|upkeep
|
|t:|1758327313
|switch|p1a: Bovis Johnson|Weavile, F|51/100
|-ability|p1a: Bovis Johnson|Pressure
|turn|27
|
|t:|1758327317
|switch|p2a: Ogerpon|Ogerpon, F|26/100
|move|p1a: Bovis Johnson|Ice Shard|p2a: Ogerpon
|-supereffective|p2a: Ogerpon
|-damage|p2a: Ogerpon|0 fnt
|faint|p2a: Ogerpon
|
|upkeep
|
|t:|1758327325
|switch|p2a: Lokix|Lokix, M|18/100
|turn|28
|
|t:|1758327328
|switch|p1a: Dobe Johnson|Ogerpon, F|88/100
|move|p2a: Lokix|First Impression|p1a: Dobe Johnson
|-supereffective|p1a: Dobe Johnson
|-damage|p1a: Dobe Johnson|0 fnt
|faint|p1a: Dobe Johnson
|
|upkeep
|
|t:|1758327330
|switch|p1a: Bovis Johnson|Weavile, F|51/100
|-ability|p1a: Bovis Johnson|Pressure
|turn|29
|
|t:|1758327340
|move|p1a: Bovis Johnson|Ice Shard|p2a: Lokix
|-damage|p2a: Lokix|0 fnt
|faint|p2a: Lokix
|
|win|chrqm
|raw|chrqm's rating: 1439 &rarr; <strong>1459</strong><br />(+20 for winning)
|raw|Supersayan999's rating: 1441 &rarr; <strong>1421</strong><br />(-20 for losing)
|l|☆Supersayan999
|player|p2|
|l|☆chrqm
|player|p1|
