|j|☆GorgeousGal
|j|☆3ndgam3
|t:|1758377525
|gametype|singles
|player|p1|GorgeousGal|265|1366
|player|p2|3ndgam3|red-gen1main|1265
|gen|9
|tier|[Gen 9] OU
|rated|
|rule|HP Percentage Mod: HP is shown in percentages
|rule|Endless Battle Clause: Forcing endless battles is banned
|rule|Species Clause: Limit one of each Pokémon
|rule|OHKO Clause: OHKO moves are banned
|rule|Evasion Items Clause: Evasion items are banned
|rule|Evasion Moves Clause: Evasion moves are banned
|rule|Evasion Abilities Clause: Evasion abilities are banned
|rule|Sleep Moves Clause: Sleep-inducing moves are banned
|clearpoke
|poke|p1|Ogerpon-Wellspring, F|
|poke|p1|Cloyster, M|
|poke|p1|Ninetales-Alola, F|
|poke|p1|Polteageist|
|poke|p1|Iron Treads|
|poke|p1|Dragonite, M|
|poke|p2|Iron Valiant|
|poke|p2|Dragapult, M|
|poke|p2|Glimmora, M|
|poke|p2|Ogerpon-Wellspring, F|
|poke|p2|Landorus-Therian, M|
|poke|p2|Kingambit, M|
|teampreview
|inactive|Battle timer is ON: inactive players will automatically lose when time's up. (requested by GorgeousGal)
|
|t:|1758377538
|teamsize|p1|6
|teamsize|p2|6
|start
|switch|p1a: Ninetales|Ninetales-Alola, F|100/100
|switch|p2a: Glimmora|Glimmora, M, shiny|100/100
|-weather|Snowscape|[from] ability: Snow Warning|[of] p1a: Ninetales
|turn|1
|
|t:|1758377545
|move|p1a: Ninetales|Freeze-Dry|p2a: Glimmora
|-damage|p2a: Glimmora|67/100
|-status|p2a: Glimmora|frz
|cant|p2a: Glimmora|frz
|
|-weather|Snowscape|[upkeep]
|upkeep
|turn|2
|
|t:|1758377551
|switch|p2a: Kingambit|Kingambit, M, shiny|100/100
|move|p1a: Ninetales|Aurora Veil|p1a: Ninetales
|-sidestart|p1: GorgeousGal|move: Aurora Veil
|
|-weather|Snowscape|[upkeep]
|upkeep
|turn|3
|
|t:|1758377561
|-end|p2a: Kingambit|fallenundefined|[silent]
|switch|p2a: Landorus|Landorus-Therian, M, shiny|100/100
|-ability|p2a: Landorus|Intimidate|boost
|-unboost|p1a: Ninetales|atk|1
|move|p1a: Ninetales|Moonblast|p2a: Landorus
|-damage|p2a: Landorus|59/100
|
|-weather|Snowscape|[upkeep]
|upkeep
|turn|4
|
|t:|1758377567
|switch|p2a: Kingambit|Kingambit, M, shiny|100/100
|move|p1a: Ninetales|Freeze-Dry|p2a: Kingambit
|-resisted|p2a: Kingambit
|-damage|p2a: Kingambit|88/100
|
|-weather|Snowscape|[upkeep]
|-heal|p2a: Kingambit|94/100|[from] item: Leftovers
|upkeep
|turn|5
|
|t:|1758377575
|switch|p1a: Cloyster|Cloyster, M|100/100
|-end|p2a: Kingambit|fallenundefined|[silent]
|switch|p2a: Landorus|Landorus-Therian, M, shiny|59/100
|-ability|p2a: Landorus|Intimidate|boost
|-unboost|p1a: Cloyster|atk|1
|
|-weather|none
|upkeep
|turn|6
|
|t:|1758377577
|move|p2a: Landorus|Taunt|p1a: Cloyster
|-start|p1a: Cloyster|move: Taunt
|cant|p1a: Cloyster|move: Taunt|Shell Smash
|
|upkeep
|turn|7
|
|t:|1758377589
|switch|p1a: Ogerpon|Ogerpon-Wellspring, F|100/100
|move|p2a: Landorus|Stealth Rock|p1a: Ogerpon
|-sidestart|p1: GorgeousGal|move: Stealth Rock
|
|upkeep
|turn|8
|
|t:|1758377596
|move|p1a: Ogerpon|Ivy Cudgel|p2a: Landorus|[anim] Ivy Cudgel Water
|-supereffective|p2a: Landorus
|-damage|p2a: Landorus|0 fnt
|faint|p2a: Landorus
|
|upkeep
|
|t:|1758377603
|switch|p2a: Dragapult|Dragapult, M, shiny|100/100
|turn|9
|
|t:|1758377606
|move|p2a: Dragapult|U-turn|p1a: Ogerpon
|-supereffective|p1a: Ogerpon
|-damage|p1a: Ogerpon|79/100
|
|t:|1758377608
|switch|p2a: Glimmora|Glimmora, M, shiny|67/100 frz|[from] U-turn
|move|p1a: Ogerpon|Play Rough|p2a: Glimmora
|-resisted|p2a: Glimmora
|-damage|p2a: Glimmora|45/100 frz
|-activate|p2a: Glimmora|ability: Toxic Debris
|-sidestart|p1: GorgeousGal|move: Toxic Spikes
|
|-sideend|p1: GorgeousGal|move: Aurora Veil
|upkeep
|turn|10
|
|t:|1758377621
|switch|p1a: Cloyster|Cloyster, M|100/100
|-damage|p1a: Cloyster|76/100|[from] Stealth Rock
|-status|p1a: Cloyster|psn
|cant|p2a: Glimmora|frz
|
|-damage|p1a: Cloyster|63/100 psn|[from] psn
|upkeep
|turn|11
|
|t:|1758377629
|cant|p2a: Glimmora|frz
|move|p1a: Cloyster|Shell Smash|p1a: Cloyster
|-unboost|p1a: Cloyster|def|1
|-unboost|p1a: Cloyster|spd|1
|-boost|p1a: Cloyster|atk|2
|-boost|p1a: Cloyster|spa|2
|-boost|p1a: Cloyster|spe|2
|
|-damage|p1a: Cloyster|51/100 psn|[from] psn
|upkeep
|turn|12
|
|t:|1758377633
|move|p1a: Cloyster|Shell Smash|p1a: Cloyster
|-unboost|p1a: Cloyster|def|1
|-unboost|p1a: Cloyster|spd|1
|-boost|p1a: Cloyster|atk|2
|-boost|p1a: Cloyster|spa|2
|-boost|p1a: Cloyster|spe|2
|cant|p2a: Glimmora|frz
|
|-damage|p1a: Cloyster|39/100 psn|[from] psn
|upkeep
|turn|13
|
|t:|1758377636
|move|p1a: Cloyster|Icicle Spear|p2a: Glimmora
|-damage|p2a: Glimmora|0 fnt
|-activate|p2a: Glimmora|ability: Toxic Debris
|-sidestart|p1: GorgeousGal|move: Toxic Spikes
|faint|p2a: Glimmora
|-hitcount|p2: Glimmora|1
|
|-damage|p1a: Cloyster|27/100 psn|[from] psn
|upkeep
|
|t:|1758377638
|switch|p2a: Kingambit|Kingambit, M, shiny|94/100
|-activate|p2a: Kingambit|ability: Supreme Overlord
|-start|p2a: Kingambit|fallen2|[silent]
|turn|14
|
|t:|1758377647
|move|p1a: Cloyster|Ice Shard|p2a: Kingambit
|-resisted|p2a: Kingambit
|-damage|p2a: Kingambit|69/100
|move|p2a: Kingambit|Sucker Punch||[still]
|-fail|p2a: Kingambit
|
|-heal|p2a: Kingambit|75/100|[from] item: Leftovers
|-damage|p1a: Cloyster|14/100 psn|[from] psn
|upkeep
|turn|15
|
|t:|1758377652
|move|p2a: Kingambit|Sucker Punch|p1a: Cloyster
|-damage|p1a: Cloyster|0 fnt
|faint|p1a: Cloyster
|
|-heal|p2a: Kingambit|81/100|[from] item: Leftovers
|upkeep
|
|t:|1758377660
|switch|p1a: Iron Treads|Iron Treads|100/100
|-damage|p1a: Iron Treads|97/100|[from] Stealth Rock
|-enditem|p1a: Iron Treads|Booster Energy
|-activate|p1a: Iron Treads|ability: Quark Drive|[fromitem]
|-start|p1a: Iron Treads|quarkdrivespe
|turn|16
|
|t:|1758377674
|-end|p2a: Kingambit|fallen2|[silent]
|switch|p2a: Dragapult|Dragapult, M, shiny|100/100
|move|p1a: Iron Treads|Earth Power|p2a: Dragapult
|-damage|p2a: Dragapult|57/100
|
|upkeep
|turn|17
|
|t:|1758377681
|move|p1a: Iron Treads|Steel Beam|p2a: Dragapult
|-damage|p2a: Dragapult|0 fnt
|-damage|p1a: Iron Treads|47/100|[from] steelbeam
|faint|p2a: Dragapult
|
|upkeep
|
|t:|1758377688
|switch|p2a: Kingambit|Kingambit, M, shiny|81/100
|-activate|p2a: Kingambit|ability: Supreme Overlord
|-start|p2a: Kingambit|fallen3|[silent]
|turn|18
|inactive|3ndgam3 has 120 seconds left.
|
|t:|1758377719
|move|p2a: Kingambit|Sucker Punch|p1a: Iron Treads
|-damage|p1a: Iron Treads|0 fnt
|faint|p1a: Iron Treads
|-end|p1a: Iron Treads|Quark Drive|[silent]
|
|-heal|p2a: Kingambit|87/100|[from] item: Leftovers
|upkeep
|
|t:|1758377727
|switch|p1a: Ninetales|Ninetales-Alola, F|100/100
|-damage|p1a: Ninetales|76/100|[from] Stealth Rock
|-status|p1a: Ninetales|tox
|-weather|Snowscape|[from] ability: Snow Warning|[of] p1a: Ninetales
|turn|19
|
|t:|1758377736
|move|p1a: Ninetales|Aurora Veil|p1a: Ninetales
|-sidestart|p1: GorgeousGal|move: Aurora Veil
|move|p2a: Kingambit|Swords Dance|p2a: Kingambit
|-boost|p2a: Kingambit|atk|2
|
|-weather|Snowscape|[upkeep]
|-heal|p2a: Kingambit|94/100|[from] item: Leftovers
|-damage|p1a: Ninetales|70/100 tox|[from] psn
|upkeep
|turn|20
|
|t:|1758377741
|-end|p2a: Kingambit|fallen3|[silent]
|switch|p2a: Ogerpon|Ogerpon-Wellspring, F|100/100
|move|p1a: Ninetales|Encore||[still]
|-fail|p1a: Ninetales
|
|-weather|Snowscape|[upkeep]
|-damage|p1a: Ninetales|58/100 tox|[from] psn
|upkeep
|turn|21
|
|t:|1758377750
|switch|p2a: Kingambit|Kingambit, M, shiny|94/100
|-activate|p2a: Kingambit|ability: Supreme Overlord
|-start|p2a: Kingambit|fallen3|[silent]
|move|p1a: Ninetales|Freeze-Dry|p2a: Kingambit
|-resisted|p2a: Kingambit
|-damage|p2a: Kingambit|81/100
|-status|p2a: Kingambit|frz
|
|-weather|Snowscape|[upkeep]
|-heal|p2a: Kingambit|87/100 frz|[from] item: Leftovers
|-damage|p1a: Ninetales|40/100 tox|[from] psn
|upkeep
|turn|22
|
|t:|1758377760
|switch|p1a: Dragonite|Dragonite, M|100/100
|-end|p2a: Kingambit|fallen3|[silent]
|switch|p2a: Ogerpon|Ogerpon-Wellspring, F|100/100
|
|-weather|Snowscape|[upkeep]
|upkeep
|turn|23
|
|t:|1758377762
|move|p2a: Ogerpon|Taunt|p1a: Dragonite
|-start|p1a: Dragonite|move: Taunt
|cant|p1a: Dragonite|move: Taunt|Dragon Dance
|
|-weather|none
|upkeep
|turn|24
|
|t:|1758377767
|move|p2a: Ogerpon|Play Rough|p1a: Dragonite
|-supereffective|p1a: Dragonite
|-damage|p1a: Dragonite|80/100
|-unboost|p1a: Dragonite|atk|1
|move|p1a: Dragonite|Ice Spinner|p2a: Ogerpon
|-damage|p2a: Ogerpon|71/100
|
|upkeep
|turn|25
|
|t:|1758377773
|switch|p1a: Ninetales|Ninetales-Alola, F|40/100 tox
|-damage|p1a: Ninetales|15/100 tox|[from] Stealth Rock
|-weather|Snowscape|[from] ability: Snow Warning|[of] p1a: Ninetales
|move|p2a: Ogerpon|Play Rough|p1a: Ninetales
|-damage|p1a: Ninetales|0 fnt
|faint|p1a: Ninetales
|
|-weather|Snowscape|[upkeep]
|upkeep
|
|t:|1758377776
|switch|p1a: Dragonite|Dragonite, M|80/100
|turn|26
|
|t:|1758377779
|move|p1a: Dragonite|Extreme Speed|p2a: Ogerpon
|-damage|p2a: Ogerpon|32/100
|move|p2a: Ogerpon|Taunt|p1a: Dragonite
|-start|p1a: Dragonite|move: Taunt
|
|-weather|Snowscape|[upkeep]
|-sideend|p1: GorgeousGal|move: Aurora Veil
|upkeep
|turn|27
|
|t:|1758377784
|move|p1a: Dragonite|Extreme Speed|p2a: Ogerpon
|-damage|p2a: Ogerpon|0 fnt
|faint|p2a: Ogerpon
|
|-weather|Snowscape|[upkeep]
|upkeep
|
|t:|1758377786
|switch|p2a: Iron Valiant|Iron Valiant, shiny|100/100
|-enditem|p2a: Iron Valiant|Booster Energy
|-activate|p2a: Iron Valiant|ability: Quark Drive|[fromitem]
|-start|p2a: Iron Valiant|quarkdrivespe
|turn|28
|
|t:|1758377799
|-terastallize|p2a: Iron Valiant|Steel
|-terastallize|p1a: Dragonite|Normal
|move|p1a: Dragonite|Extreme Speed|p2a: Iron Valiant
|-resisted|p2a: Iron Valiant
|-damage|p2a: Iron Valiant|70/100
|move|p2a: Iron Valiant|Encore|p1a: Dragonite
|-start|p1a: Dragonite|Encore
|
|-weather|Snowscape|[upkeep]
|upkeep
|turn|29
|
|t:|1758377810
|move|p1a: Dragonite|Extreme Speed|p2a: Iron Valiant
|-resisted|p2a: Iron Valiant
|-damage|p2a: Iron Valiant|40/100
|move|p2a: Iron Valiant|Swords Dance|p2a: Iron Valiant
|-boost|p2a: Iron Valiant|atk|2
|
|-weather|none
|-end|p1a: Dragonite|move: Taunt
|upkeep
|turn|30
|
|t:|1758377813
|move|p1a: Dragonite|Extreme Speed|p2a: Iron Valiant
|-resisted|p2a: Iron Valiant
|-damage|p2a: Iron Valiant|11/100
|move|p2a: Iron Valiant|Spirit Break|p1a: Dragonite
|-damage|p1a: Dragonite|0 fnt
|faint|p1a: Dragonite
|
|upkeep
|
|t:|1758377820
|switch|p1a: Polteageist|Polteageist|100/100
|-damage|p1a: Polteageist|88/100|[from] Stealth Rock
|-status|p1a: Polteageist|tox
|turn|31
|-message|GorgeousGal forfeited.
|
|win|3ndgam3
|raw|GorgeousGal's rating: 1366 &rarr; <strong>1340</strong><br />(-26 for losing)
|raw|3ndgam3's rating: 1265 &rarr; <strong>1297</strong><br />(+32 for winning)
|l|☆GorgeousGal
|player|p1|
