|j|☆tiawinter
|j|☆ohgabooga
|t:|1758251897
|gametype|singles
|player|p1|tiawinter|101|1409
|player|p2|ohgabooga|2|1405
|gen|9
|tier|[Gen 9] OU
|rated|
|rule|HP Percentage Mod: HP is shown in percentages
|rule|Endless Battle Clause: Forcing endless battles is banned
|rule|Species Clause: Limit one of each Pokémon
|rule|OHKO Clause: OHKO moves are banned
|rule|Evasion Items Clause: Evasion items are banned
|rule|Evasion Moves Clause: Evasion moves are banned
|rule|Evasion Abilities Clause: Evasion abilities are banned
|rule|Sleep Moves Clause: Sleep-inducing moves are banned
|clearpoke
|poke|p1|Great Tusk|
|poke|p1|Heatran, M|
|poke|p1|Weavile, M|
|poke|p1|Primarina, M|
|poke|p1|Ogerpon, F|
|poke|p1|Pecharunt|
|poke|p2|Dondozo, M|
|poke|p2|Weezing-Galar, M|
|poke|p2|Toxapex, F|
|poke|p2|Iron Treads|
|poke|p2|Blissey, F|
|poke|p2|Alomomola, M|
|teampreview
|inactive|Battle timer is ON: inactive players will automatically lose when time's up. (requested by tiawinter)
|
|t:|1758251920
|teamsize|p1|6
|teamsize|p2|6
|start
|switch|p1a: temu rillaboom|Ogerpon, F|100/100
|switch|p2a: Wishy Minaj|Alomomola, M|100/100
|turn|1
|
|t:|1758251931
|switch|p2a: Wheezy F(og) Baby|Weezing-Galar, M|100/100
|-ability|p2a: Wheezy F(og) Baby|Neutralizing Gas
|move|p1a: temu rillaboom|Knock Off|p2a: Wheezy F(og) Baby
|-resisted|p2a: Wheezy F(og) Baby
|-damage|p2a: Wheezy F(og) Baby|84/100
|-enditem|p2a: Wheezy F(og) Baby|Heavy-Duty Boots|[from] move: Knock Off|[of] p1a: temu rillaboom
|
|upkeep
|turn|2
|
|t:|1758251939
|switch|p1a: tran rights|Heatran, M, shiny|100/100
|-item|p1a: tran rights|Air Balloon
|move|p2a: Wheezy F(og) Baby|Will-O-Wisp|p1a: tran rights
|-immune|p1a: tran rights
|
|upkeep
|turn|3
|
|t:|1758251952
|-end|p2a: Wheezy F(og) Baby|ability: Neutralizing Gas
|switch|p2a: Traverse Scott|Iron Treads|100/100
|move|p1a: tran rights|Stealth Rock|p2a: Traverse Scott
|-sidestart|p2: ohgabooga|move: Stealth Rock
|
|upkeep
|turn|4
|
|t:|1758251960
|move|p1a: tran rights|Magma Storm|p2a: Traverse Scott
|-supereffective|p2a: Traverse Scott
|-damage|p2a: Traverse Scott|22/100
|-activate|p2a: Traverse Scott|move: Magma Storm|[of] p1a: tran rights
|move|p2a: Traverse Scott|Rapid Spin|p1a: tran rights
|-resisted|p1a: tran rights
|-damage|p1a: tran rights|94/100
|-boost|p2a: Traverse Scott|spe|1
|-enditem|p1a: tran rights|Air Balloon
|-sideend|p2: ohgabooga|Stealth Rock|[from] move: Rapid Spin|[of] p2a: Traverse Scott
|-end|p2a: Traverse Scott|Magma Storm|[partiallytrapped]
|
|-heal|p2a: Traverse Scott|29/100|[from] item: Leftovers
|upkeep
|turn|5
|
|t:|1758251972
|switch|p1a: temu rillaboom|Ogerpon, F|100/100
|move|p2a: Traverse Scott|Earthquake|p1a: temu rillaboom
|-resisted|p1a: temu rillaboom
|-damage|p1a: temu rillaboom|75/100
|
|-heal|p2a: Traverse Scott|35/100|[from] item: Leftovers
|upkeep
|turn|6
|
|t:|1758251984
|switch|p1a: forsaken|Pecharunt|100/100
|move|p2a: Traverse Scott|Protect||[still]
|-fail|p2a: Traverse Scott
|
|-heal|p2a: Traverse Scott|41/100|[from] item: Leftovers
|upkeep
|turn|7
|
|t:|1758251991
|switch|p1a: temu rillaboom|Ogerpon, F|75/100
|move|p2a: Traverse Scott|Earthquake|p1a: temu rillaboom
|-resisted|p1a: temu rillaboom
|-damage|p1a: temu rillaboom|51/100
|
|-heal|p2a: Traverse Scott|47/100|[from] item: Leftovers
|upkeep
|turn|8
|
|t:|1758252002
|-end|p2a: Traverse Scott|Quark Drive|[silent]
|switch|p2a: Wheezy F(og) Baby|Weezing-Galar, M|84/100
|-ability|p2a: Wheezy F(og) Baby|Neutralizing Gas
|move|p1a: temu rillaboom|Ivy Cudgel|p2a: Wheezy F(og) Baby
|-resisted|p2a: Wheezy F(og) Baby
|-damage|p2a: Wheezy F(og) Baby|61/100
|
|upkeep
|turn|9
|
|t:|1758252012
|switch|p1a: tran rights|Heatran, M, shiny|94/100
|move|p2a: Wheezy F(og) Baby|Will-O-Wisp|p1a: tran rights
|-immune|p1a: tran rights
|
|upkeep
|turn|10
|
|t:|1758252030
|-end|p2a: Wheezy F(og) Baby|ability: Neutralizing Gas
|switch|p2a: Toxapex|Toxapex, F|100/100
|move|p1a: tran rights|Magma Storm|p2a: Toxapex|[miss]
|-miss|p1a: tran rights|p2a: Toxapex
|
|upkeep
|turn|11
|
|t:|1758252040
|switch|p1a: forsaken|Pecharunt|100/100
|move|p2a: Toxapex|Surf|p1a: forsaken
|-damage|p1a: forsaken|75/100
|
|upkeep
|turn|12
|
|t:|1758252052
|switch|p2a: Traverse Scott|Iron Treads|47/100
|move|p1a: forsaken|Parting Shot|p2a: Traverse Scott
|-unboost|p2a: Traverse Scott|atk|1
|-unboost|p2a: Traverse Scott|spa|1
|
|t:|1758252064
|switch|p1a: #real|Weavile, M|100/100|[from] Parting Shot
|-ability|p1a: #real|Pressure
|
|-heal|p2a: Traverse Scott|54/100|[from] item: Leftovers
|upkeep
|turn|13
|
|t:|1758252073
|-end|p2a: Traverse Scott|Quark Drive|[silent]
|switch|p2a: Wishy Minaj|Alomomola, M|100/100
|move|p1a: #real|Knock Off|p2a: Wishy Minaj
|-damage|p2a: Wishy Minaj|61/100
|-damage|p1a: #real|84/100|[from] item: Rocky Helmet|[of] p2a: Wishy Minaj
|-enditem|p2a: Wishy Minaj|Rocky Helmet|[from] move: Knock Off|[of] p1a: #real
|
|upkeep
|turn|14
|
|t:|1758252083
|switch|p1a: temu rillaboom|Ogerpon, F|51/100
|move|p2a: Wishy Minaj|Wish|p2a: Wishy Minaj
|
|upkeep
|turn|15
|
|t:|1758252088
|switch|p2a: Wheezy F(og) Baby|Weezing-Galar, M|61/100
|-ability|p2a: Wheezy F(og) Baby|Neutralizing Gas
|move|p1a: temu rillaboom|U-turn|p2a: Wheezy F(og) Baby
|-resisted|p2a: Wheezy F(og) Baby
|-damage|p2a: Wheezy F(og) Baby|55/100
|
|t:|1758252094
|switch|p1a: tran rights|Heatran, M, shiny|94/100|[from] U-turn
|
|-heal|p2a: Wheezy F(og) Baby|100/100|[from] move: Wish|[wisher] Wishy Minaj
|upkeep
|turn|16
|
|t:|1758252101
|-end|p2a: Wheezy F(og) Baby|ability: Neutralizing Gas
|switch|p2a: Toxapex|Toxapex, F|100/100
|move|p1a: tran rights|Magma Storm|p2a: Toxapex|[miss]
|-miss|p1a: tran rights|p2a: Toxapex
|
|upkeep
|turn|17
|
|t:|1758252115
|switch|p1a: forsaken|Pecharunt|75/100
|move|p2a: Toxapex|Infestation|p1a: forsaken
|-resisted|p1a: forsaken
|-crit|p1a: forsaken
|-damage|p1a: forsaken|74/100
|-activate|p1a: forsaken|move: Infestation|[of] p2a: Toxapex
|-damage|p2a: Toxapex|84/100|[from] item: Rocky Helmet|[of] p1a: forsaken
|
|-damage|p1a: forsaken|61/100|[from] move: Infestation|[partiallytrapped]
|upkeep
|turn|18
|
|t:|1758252125
|move|p1a: forsaken|Recover|p1a: forsaken
|-heal|p1a: forsaken|100/100
|move|p2a: Toxapex|Surf|p1a: forsaken
|-damage|p1a: forsaken|73/100
|
|-damage|p1a: forsaken|60/100|[from] move: Infestation|[partiallytrapped]
|upkeep
|turn|19
|
|t:|1758252134
|move|p1a: forsaken|Parting Shot|p2a: Toxapex
|-unboost|p2a: Toxapex|atk|1
|-unboost|p2a: Toxapex|spa|1
|
|t:|1758252145
|switch|p1a: girlboss|Primarina, M|100/100|[from] Parting Shot
|move|p2a: Toxapex|Surf|p1a: girlboss
|-resisted|p1a: girlboss
|-damage|p1a: girlboss|96/100
|
|upkeep
|turn|20
|
|t:|1758252152
|move|p1a: girlboss|Whirlpool|p2a: Toxapex|[miss]
|-miss|p1a: girlboss|p2a: Toxapex
|move|p2a: Toxapex|Sludge Bomb|p1a: girlboss
|-supereffective|p1a: girlboss
|-damage|p1a: girlboss|75/100
|-status|p1a: girlboss|psn
|
|-damage|p1a: girlboss|63/100 psn|[from] psn
|upkeep
|turn|21
|
|t:|1758252162
|move|p1a: girlboss|Whirlpool|p2a: Toxapex
|-resisted|p2a: Toxapex
|-damage|p2a: Toxapex|79/100
|-activate|p2a: Toxapex|move: Whirlpool|[of] p1a: girlboss
|move|p2a: Toxapex|Sludge Bomb|p1a: girlboss
|-supereffective|p1a: girlboss
|-damage|p1a: girlboss|44/100 psn
|
|-damage|p1a: girlboss|32/100 psn|[from] psn
|-damage|p2a: Toxapex|67/100|[from] move: Whirlpool|[partiallytrapped]
|upkeep
|turn|22
|
|t:|1758252173
|move|p1a: girlboss|Psychic Noise|p2a: Toxapex
|-resisted|p2a: Toxapex
|-damage|p2a: Toxapex|56/100
|-start|p2a: Toxapex|move: Heal Block
|move|p2a: Toxapex|Sludge Bomb|p1a: girlboss
|-supereffective|p1a: girlboss
|-crit|p1a: girlboss
|-damage|p1a: girlboss|0 fnt
|faint|p1a: girlboss
|
|-end|p2a: Toxapex|Whirlpool|[partiallytrapped]|[silent]
|upkeep
|
|t:|1758252195
|switch|p1a: big horny|Great Tusk|100/100
|turn|23
|
|t:|1758252206
|switch|p2a: Wishy Minaj|Alomomola, M|94/100
|-terastallize|p1a: big horny|Ground
|move|p1a: big horny|Headlong Rush|p2a: Wishy Minaj
|-damage|p2a: Wishy Minaj|50/100
|-unboost|p1a: big horny|def|1
|-unboost|p1a: big horny|spd|1
|
|upkeep
|turn|24
|
|t:|1758252226
|-terastallize|p2a: Wishy Minaj|Flying
|move|p1a: big horny|Headlong Rush|p2a: Wishy Minaj
|-immune|p2a: Wishy Minaj
|move|p2a: Wishy Minaj|Wish|p2a: Wishy Minaj
|
|upkeep
|turn|25
|
|t:|1758252235
|-end|p1a: big horny|Protosynthesis|[silent]
|switch|p1a: forsaken|Pecharunt|60/100
|move|p2a: Wishy Minaj|Acrobatics|p1a: forsaken
|-damage|p1a: forsaken|47/100
|-damage|p2a: Wishy Minaj|33/100|[from] item: Rocky Helmet|[of] p1a: forsaken
|
|-heal|p2a: Wishy Minaj|83/100|[from] move: Wish|[wisher] Wishy Minaj
|upkeep
|turn|26
|
|t:|1758252256
|switch|p2a: Toxapex|Toxapex, F|89/100
|move|p1a: forsaken|Recover|p1a: forsaken
|-heal|p1a: forsaken|98/100
|
|upkeep
|turn|27
|
|t:|1758252264
|move|p1a: forsaken|Parting Shot|p2a: Toxapex
|-unboost|p2a: Toxapex|atk|1
|-unboost|p2a: Toxapex|spa|1
|
|t:|1758252272
|switch|p1a: tran rights|Heatran, M, shiny|94/100|[from] Parting Shot
|move|p2a: Toxapex|Infestation|p1a: tran rights
|-resisted|p1a: tran rights
|-damage|p1a: tran rights|93/100
|-activate|p1a: tran rights|move: Infestation|[of] p2a: Toxapex
|
|-damage|p1a: tran rights|81/100|[from] move: Infestation|[partiallytrapped]
|upkeep
|turn|28
|
|t:|1758252280
|move|p1a: tran rights|Stealth Rock|p2a: Toxapex
|-sidestart|p2: ohgabooga|move: Stealth Rock
|move|p2a: Toxapex|Surf|p1a: tran rights
|-supereffective|p1a: tran rights
|-damage|p1a: tran rights|42/100
|
|-damage|p1a: tran rights|29/100|[from] move: Infestation|[partiallytrapped]
|upkeep
|turn|29
|
|t:|1758252295
|move|p1a: tran rights|Earth Power|p2a: Toxapex
|-supereffective|p2a: Toxapex
|-damage|p2a: Toxapex|53/100
|move|p2a: Toxapex|Surf|p1a: tran rights
|-supereffective|p1a: tran rights
|-damage|p1a: tran rights|0 fnt
|faint|p1a: tran rights
|
|upkeep
|
|t:|1758252308
|switch|p1a: #real|Weavile, M|84/100
|-ability|p1a: #real|Pressure
|turn|30
|
|t:|1758252319
|switch|p2a: Notorious ZZZ|Dondozo, M|100/100
|move|p1a: #real|Knock Off|p2a: Notorious ZZZ
|-damage|p2a: Notorious ZZZ|68/100
|-enditem|p2a: Notorious ZZZ|Heavy-Duty Boots|[from] move: Knock Off|[of] p1a: #real
|
|upkeep
|turn|31
|
|t:|1758252327
|switch|p1a: temu rillaboom|Ogerpon, F|51/100
|move|p2a: Notorious ZZZ|Body Press|p1a: temu rillaboom
|-damage|p1a: temu rillaboom|14/100
|
|upkeep
|turn|32
|
|t:|1758252333
|switch|p2a: Wishy Minaj|Alomomola, M, tera:Flying|100/100
|-damage|p2a: Wishy Minaj|76/100|[from] Stealth Rock
|move|p1a: temu rillaboom|Ivy Cudgel|p2a: Wishy Minaj
|-resisted|p2a: Wishy Minaj
|-damage|p2a: Wishy Minaj|55/100
|
|upkeep
|turn|33
|
|t:|1758252341
|switch|p1a: forsaken|Pecharunt|98/100
|move|p2a: Wishy Minaj|Acrobatics|p1a: forsaken
|-damage|p1a: forsaken|83/100
|-damage|p2a: Wishy Minaj|39/100|[from] item: Rocky Helmet|[of] p1a: forsaken
|
|upkeep
|turn|34
|
|t:|1758252349
|switch|p2a: Toxapex|Toxapex, F|86/100
|-damage|p2a: Toxapex|74/100|[from] Stealth Rock
|move|p1a: forsaken|Malignant Chain|p2a: Toxapex
|-resisted|p2a: Toxapex
|-crit|p2a: Toxapex
|-damage|p2a: Toxapex|60/100
|
|upkeep
|turn|35
|
|t:|1758252362
|move|p1a: forsaken|Shadow Ball|p2a: Toxapex
|-damage|p2a: Toxapex|45/100
|move|p2a: Toxapex|Infestation|p1a: forsaken
|-resisted|p1a: forsaken
|-damage|p1a: forsaken|82/100
|-activate|p1a: forsaken|move: Infestation|[of] p2a: Toxapex
|-damage|p2a: Toxapex|29/100|[from] item: Rocky Helmet|[of] p1a: forsaken
|
|-damage|p1a: forsaken|69/100|[from] move: Infestation|[partiallytrapped]
|upkeep
|turn|36
|
|t:|1758252374
|switch|p2a: Traverse Scott|Iron Treads|54/100
|-damage|p2a: Traverse Scott|50/100|[from] Stealth Rock
|move|p1a: forsaken|Shadow Ball|p2a: Traverse Scott
|-damage|p2a: Traverse Scott|31/100
|
|-heal|p2a: Traverse Scott|37/100|[from] item: Leftovers
|-end|p1a: forsaken|Infestation|[partiallytrapped]|[silent]
|upkeep
|turn|37
|
|t:|1758252385
|move|p2a: Traverse Scott|Earthquake|p1a: forsaken
|-supereffective|p1a: forsaken
|-crit|p1a: forsaken
|-damage|p1a: forsaken|13/100
|move|p1a: forsaken|Shadow Ball|p2a: Traverse Scott
|-damage|p2a: Traverse Scott|18/100
|
|-heal|p2a: Traverse Scott|24/100|[from] item: Leftovers
|upkeep
|turn|38
|
|t:|1758252394
|switch|p1a: #real|Weavile, M|84/100
|-ability|p1a: #real|Pressure
|move|p2a: Traverse Scott|Earthquake|p1a: #real
|-damage|p1a: #real|17/100
|
|-heal|p2a: Traverse Scott|31/100|[from] item: Leftovers
|upkeep
|turn|39
|
|t:|1758252403
|move|p2a: Traverse Scott|Protect|p2a: Traverse Scott
|-singleturn|p2a: Traverse Scott|Protect
|move|p1a: #real|Knock Off|p2a: Traverse Scott
|-activate|p2a: Traverse Scott|move: Protect
|
|-heal|p2a: Traverse Scott|37/100|[from] item: Leftovers
|upkeep
|turn|40
|
|t:|1758252416
|switch|p1a: temu rillaboom|Ogerpon, F|14/100
|-end|p2a: Traverse Scott|Quark Drive|[silent]
|switch|p2a: Notorious ZZZ|Dondozo, M|68/100
|-damage|p2a: Notorious ZZZ|56/100|[from] Stealth Rock
|
|upkeep
|turn|41
|
|t:|1758252431
|switch|p2a: Wishy Minaj|Alomomola, M, tera:Flying|72/100
|-damage|p2a: Wishy Minaj|47/100|[from] Stealth Rock
|move|p1a: temu rillaboom|Ivy Cudgel|p2a: Wishy Minaj
|-resisted|p2a: Wishy Minaj
|-crit|p2a: Wishy Minaj
|-damage|p2a: Wishy Minaj|20/100
|
|upkeep
|turn|42
|
|t:|1758252442
|move|p1a: temu rillaboom|Ivy Cudgel|p2a: Wishy Minaj
|-resisted|p2a: Wishy Minaj
|-damage|p2a: Wishy Minaj|1/100
|move|p2a: Wishy Minaj|Acrobatics|p1a: temu rillaboom
|-supereffective|p1a: temu rillaboom
|-damage|p1a: temu rillaboom|0 fnt
|faint|p1a: temu rillaboom
|
|upkeep
|
|t:|1758252451
|switch|p1a: big horny|Great Tusk, tera:Ground|100/100
|turn|43
|
|t:|1758252462
|switch|p2a: Notorious ZZZ|Dondozo, M|56/100
|-damage|p2a: Notorious ZZZ|43/100|[from] Stealth Rock
|move|p1a: big horny|Rapid Spin|p2a: Notorious ZZZ
|-damage|p2a: Notorious ZZZ|35/100
|-boost|p1a: big horny|spe|1
|
|upkeep
|turn|44
|
|t:|1758252471
|move|p1a: big horny|Headlong Rush|p2a: Notorious ZZZ
|-damage|p2a: Notorious ZZZ|0 fnt
|-unboost|p1a: big horny|def|1
|-unboost|p1a: big horny|spd|1
|faint|p2a: Notorious ZZZ
|
|upkeep
|
|t:|1758252482
|switch|p2a: Wheezy F(og) Baby|Weezing-Galar, M|100/100
|-ability|p2a: Wheezy F(og) Baby|Neutralizing Gas
|-damage|p2a: Wheezy F(og) Baby|88/100|[from] Stealth Rock
|turn|45
|
|t:|1758252488
|move|p1a: big horny|Headlong Rush|p2a: Wheezy F(og) Baby
|-supereffective|p2a: Wheezy F(og) Baby
|-crit|p2a: Wheezy F(og) Baby
|-damage|p2a: Wheezy F(og) Baby|0 fnt
|-unboost|p1a: big horny|def|1
|-unboost|p1a: big horny|spd|1
|faint|p2a: Wheezy F(og) Baby
|-end|p2a: Wheezy F(og) Baby|ability: Neutralizing Gas
|
|upkeep
|
|t:|1758252503
|switch|p2a: Wishy Minaj|Alomomola, M, tera:Flying|34/100
|-damage|p2a: Wishy Minaj|9/100|[from] Stealth Rock
|turn|46
|
|t:|1758252520
|switch|p2a: Toxapex|Toxapex, F|62/100
|-damage|p2a: Toxapex|50/100|[from] Stealth Rock
|move|p1a: big horny|Ice Spinner|p2a: Toxapex
|-resisted|p2a: Toxapex
|-damage|p2a: Toxapex|40/100
|
|upkeep
|turn|47
|inactive|ohgabooga has 120 seconds left.
|
|t:|1758252540
|switch|p2a: Blissey Elliot|Blissey, F|100/100
|-damage|p2a: Blissey Elliot|88/100|[from] Stealth Rock
|move|p1a: big horny|Headlong Rush|p2a: Blissey Elliot
|-crit|p2a: Blissey Elliot
|-damage|p2a: Blissey Elliot|0 fnt
|-unboost|p1a: big horny|def|1
|-unboost|p1a: big horny|spd|1
|faint|p2a: Blissey Elliot
|
|upkeep
|inactive|ohgabooga has 120 seconds left.
|
|t:|1758252552
|switch|p2a: Wishy Minaj|Alomomola, M, tera:Flying|43/100
|-damage|p2a: Wishy Minaj|18/100|[from] Stealth Rock
|turn|48
|inactive|ohgabooga has 120 seconds left.
|-message|ohgabooga forfeited.
|
|win|tiawinter
|raw|tiawinter's rating: 1409 &rarr; <strong>1429</strong><br />(+20 for winning)
|raw|ohgabooga's rating: 1405 &rarr; <strong>1385</strong><br />(-20 for losing)
|l|☆ohgabooga
|player|p2|
