|j|‽Jagonite
|j|☆roasted_kitchen
|t:|1758291297
|gametype|singles
|player|p1|Jagonite|swimmer|1323
|player|p2|roasted_kitchen|265|1360
|gen|9
|tier|[Gen 9] OU
|rated|
|rule|HP Percentage Mod: HP is shown in percentages
|rule|Endless Battle Clause: Forcing endless battles is banned
|rule|Species Clause: Limit one of each Pokémon
|rule|OHKO Clause: OHKO moves are banned
|rule|Evasion Items Clause: Evasion items are banned
|rule|Evasion Moves Clause: Evasion moves are banned
|rule|Evasion Abilities Clause: Evasion abilities are banned
|rule|Sleep Moves Clause: Sleep-inducing moves are banned
|clearpoke
|poke|p1|Chansey, F|
|poke|p1|Cinderace, M|
|poke|p1|Dragapult, F|
|poke|p1|Corviknight, M|
|poke|p1|Primarina, F|
|poke|p1|Ursaluna, F|
|poke|p2|Garchomp, F|
|poke|p2|Corviknight, M|
|poke|p2|Primarina, F|
|poke|p2|Eelektross, F|
|poke|p2|Chandelure, M|
|poke|p2|Rillaboom, F|
|teampreview
|
|t:|1758291309
|teamsize|p1|6
|teamsize|p2|6
|start
|switch|p1a: Cinderace|Cinderace, M|100/100
|switch|p2a: Garchomp|Garchomp, F|100/100
|turn|1
|
|t:|1758291359
|move|p1a: Cinderace|Will-O-Wisp|p2a: Garchomp
|-status|p2a: Garchomp|brn
|move|p2a: Garchomp|Scale Shot|p1a: Cinderace
|-damage|p1a: Cinderace|90/100
|-damage|p1a: Cinderace|81/100
|-damage|p1a: Cinderace|72/100
|-damage|p1a: Cinderace|62/100
|-damage|p1a: Cinderace|53/100
|-hitcount|p1a: Cinderace|5
|-unboost|p2a: Garchomp|def|1
|-boost|p2a: Garchomp|spe|1
|
|-damage|p2a: Garchomp|94/100 brn|[from] brn
|upkeep
|turn|2
|
|t:|1758291380
|switch|p1a: Primarina|Primarina, F, shiny|100/100
|move|p2a: Garchomp|Swords Dance|p2a: Garchomp
|-boost|p2a: Garchomp|atk|2
|
|-damage|p2a: Garchomp|88/100 brn|[from] brn
|upkeep
|turn|3
|
|t:|1758291385
|move|p2a: Garchomp|Earthquake|p1a: Primarina
|-damage|p1a: Primarina|35/100
|move|p1a: Primarina|Moonblast|p2a: Garchomp
|-supereffective|p2a: Garchomp
|-damage|p2a: Garchomp|0 fnt
|faint|p2a: Garchomp
|
|-heal|p1a: Primarina|41/100|[from] item: Leftovers
|upkeep
|
|t:|1758291390
|switch|p2a: Eelektross|Eelektross, F|100/100
|turn|4
|
|t:|1758291400
|switch|p1a: Ursaluna|Ursaluna, F, shiny|100/100
|move|p2a: Eelektross|Coil|p2a: Eelektross
|-boost|p2a: Eelektross|atk|1
|-boost|p2a: Eelektross|def|1
|-boost|p2a: Eelektross|accuracy|1
|
|upkeep
|turn|5
|
|t:|1758291403
|move|p1a: Ursaluna|Earthquake|p2a: Eelektross
|-immune|p2a: Eelektross|[from] ability: Levitate
|move|p2a: Eelektross|Drain Punch|p1a: Ursaluna
|-supereffective|p1a: Ursaluna
|-damage|p1a: Ursaluna|38/100
|
|-heal|p1a: Ursaluna|45/100|[from] item: Leftovers
|upkeep
|turn|6
|
|t:|1758291427
|switch|p1a: Dragapult|Dragapult, F, shiny|100/100
|move|p2a: Eelektross|Drain Punch|p1a: Dragapult
|-immune|p1a: Dragapult
|
|upkeep
|turn|7
|
|t:|1758291432
|move|p1a: Dragapult|Will-O-Wisp|p2a: Eelektross
|-status|p2a: Eelektross|brn
|move|p2a: Eelektross|Knock Off|p1a: Dragapult
|-supereffective|p1a: Dragapult
|-crit|p1a: Dragapult
|-damage|p1a: Dragapult|0 fnt
|-enditem|p1a: Dragapult|Leftovers|[from] move: Knock Off|[of] p2a: Eelektross
|faint|p1a: Dragapult
|
|-damage|p2a: Eelektross|94/100 brn|[from] brn
|upkeep
|
|t:|1758291465
|switch|p1a: Primarina|Primarina, F, shiny|41/100
|turn|8
|
|t:|1758291486
|move|p1a: Primarina|Psychic Noise|p2a: Eelektross
|-damage|p2a: Eelektross|52/100 brn
|-start|p2a: Eelektross|move: Heal Block
|move|p2a: Eelektross|Supercell Slam|p1a: Primarina
|-supereffective|p1a: Primarina
|-crit|p1a: Primarina
|-damage|p1a: Primarina|0 fnt
|faint|p1a: Primarina
|
|-damage|p2a: Eelektross|46/100 brn|[from] brn
|upkeep
|-message|Jagonite forfeited.
|
|win|roasted_kitchen
|raw|Jagonite's rating: 1323 &rarr; <strong>1305</strong><br />(-18 for losing)
|raw|roasted_kitchen's rating: 1360 &rarr; <strong>1378</strong><br />(+18 for winning)
|l|‽Jagonite
|player|p1|
|l|☆roasted_kitchen
|player|p2|
