|j|☆Trumpismessiah
|j|☆Kis Vegallomas
|t:|1758308544
|gametype|singles
|player|p1|Trumpismessiah|265|1424
|player|p2|Kis Vegallomas|169|1452
|gen|9
|tier|[Gen 9] OU
|rated|
|rule|HP Percentage Mod: HP is shown in percentages
|rule|Endless Battle Clause: Forcing endless battles is banned
|rule|Species Clause: Limit one of each Pokémon
|rule|OHKO Clause: OHKO moves are banned
|rule|Evasion Items Clause: Evasion items are banned
|rule|Evasion Moves Clause: Evasion moves are banned
|rule|Evasion Abilities Clause: Evasion abilities are banned
|rule|Sleep Moves Clause: Sleep-inducing moves are banned
|clearpoke
|poke|p1|Necrozma|
|poke|p1|Oricorio, M|
|poke|p1|Dondozo, M|
|poke|p1|Ambipom, M|
|poke|p1|Revavroom, M|
|poke|p1|Comfey, M|
|poke|p2|Goodra-Hisui, F|
|poke|p2|Pecharunt|
|poke|p2|Tsareena, F|
|poke|p2|Skeledirge, M|
|poke|p2|Scizor, M|
|poke|p2|Azumarill, M|
|teampreview
|inactive|Battle timer is ON: inactive players will automatically lose when time's up. (requested by Trumpismessiah)
|
|t:|1758308549
|teamsize|p1|6
|teamsize|p2|6
|start
|switch|p1a: Ambipom|Ambipom, M|100/100
|switch|p2a: Scizor|Scizor, M|100/100
|turn|1
|
|t:|1758308554
|switch|p2a: Skeledirge|Skeledirge, M|100/100
|move|p1a: Ambipom|Fake Out|p2a: Skeledirge
|-immune|p2a: Skeledirge
|
|upkeep
|turn|2
|
|t:|1758308559
|move|p1a: Ambipom|Beat Up|p2a: Skeledirge
|-supereffective|p2a: Skeledirge
|-crit|p2a: Skeledirge
|-damage|p2a: Skeledirge|79/100
|-supereffective|p2a: Skeledirge
|-damage|p2a: Skeledirge|68/100
|-supereffective|p2a: Skeledirge
|-damage|p2a: Skeledirge|54/100
|-supereffective|p2a: Skeledirge
|-damage|p2a: Skeledirge|41/100
|-supereffective|p2a: Skeledirge
|-damage|p2a: Skeledirge|26/100
|-supereffective|p2a: Skeledirge
|-damage|p2a: Skeledirge|18/100
|-hitcount|p2a: Skeledirge|6
|move|p2a: Skeledirge|Torch Song|p1a: Ambipom
|-damage|p1a: Ambipom|31/100
|-boost|p2a: Skeledirge|spa|1
|
|upkeep
|turn|3
|
|t:|1758308578
|switch|p2a: Goodra|Goodra-Hisui, F|100/100
|move|p1a: Ambipom|Beat Up|p2a: Goodra
|-damage|p2a: Goodra|94/100
|-damage|p2a: Goodra|89/100
|-damage|p2a: Goodra|83/100
|-damage|p2a: Goodra|77/100
|-damage|p2a: Goodra|70/100
|-damage|p2a: Goodra|66/100
|-hitcount|p2a: Goodra|6
|
|upkeep
|turn|4
|
|t:|1758308586
|move|p1a: Ambipom|Low Kick|p2a: Goodra
|-supereffective|p2a: Goodra
|-damage|p2a: Goodra|0 fnt
|-ability|p2a: Goodra|Gooey
|-unboost|p1a: Ambipom|spe|1
|faint|p2a: Goodra
|
|upkeep
|
|t:|1758308590
|switch|p2a: Azumarill|Azumarill, M|100/100
|turn|5
|
|t:|1758308594
|switch|p1a: Dondozo|Dondozo, M|100/100
|move|p2a: Azumarill|Knock Off|p1a: Dondozo
|-damage|p1a: Dondozo|65/100
|-enditem|p1a: Dondozo|Leftovers|[from] move: Knock Off|[of] p2a: Azumarill
|
|upkeep
|turn|6
|
|t:|1758308600
|switch|p2a: Tsareena|Tsareena, F|100/100
|move|p1a: Dondozo|Liquidation|p2a: Tsareena
|-resisted|p2a: Tsareena
|-damage|p2a: Tsareena|89/100
|
|upkeep
|turn|7
|
|t:|1758308604
|switch|p1a: Ambipom|Ambipom, M|31/100
|move|p2a: Tsareena|Reflect|p2a: Tsareena
|-sidestart|p2: Kis Vegallomas|Reflect
|
|upkeep
|turn|8
|
|t:|1758308609
|move|p1a: Ambipom|Triple Axel|p2a: Tsareena
|-supereffective|p2a: Tsareena
|-damage|p2a: Tsareena|81/100
|-supereffective|p2a: Tsareena
|-damage|p2a: Tsareena|65/100
|-supereffective|p2a: Tsareena
|-damage|p2a: Tsareena|41/100
|-hitcount|p2a: Tsareena|3
|move|p2a: Tsareena|Power Whip|p1a: Ambipom
|-damage|p1a: Ambipom|0 fnt
|faint|p1a: Ambipom
|
|upkeep
|inactive|Trumpismessiah has 120 seconds left.
|
|t:|1758308650
|switch|p1a: Necrozma|Necrozma|100/100
|turn|9
|
|t:|1758308656
|move|p1a: Necrozma|Dragon Dance|p1a: Necrozma
|-boost|p1a: Necrozma|atk|1
|-boost|p1a: Necrozma|spe|1
|move|p2a: Tsareena|Light Screen|p2a: Tsareena
|-sidestart|p2: Kis Vegallomas|move: Light Screen
|
|upkeep
|turn|10
|
|t:|1758308660
|switch|p2a: Azumarill|Azumarill, M|100/100
|move|p1a: Necrozma|Brick Break|p2a: Azumarill
|-sideend|p2: Kis Vegallomas|Reflect
|-sideend|p2: Kis Vegallomas|move: Light Screen
|-resisted|p2a: Azumarill
|-damage|p2a: Azumarill|82/100
|
|upkeep
|turn|11
|
|t:|1758308665
|move|p1a: Necrozma|Photon Geyser|p2a: Azumarill
|-damage|p2a: Azumarill|0 fnt
|faint|p2a: Azumarill
|
|upkeep
|
|t:|1758308677
|switch|p2a: Scizor|Scizor, M|100/100
|turn|12
|
|t:|1758308679
|move|p1a: Necrozma|Knock Off|p2a: Scizor
|-damage|p2a: Scizor|52/100
|-enditem|p2a: Scizor|Red Card|[from] move: Knock Off|[of] p1a: Necrozma
|move|p2a: Scizor|Swords Dance|p2a: Scizor
|-boost|p2a: Scizor|atk|2
|
|upkeep
|turn|13
|
|t:|1758308693
|switch|p1a: Dondozo|Dondozo, M|65/100
|move|p2a: Scizor|Knock Off|p1a: Dondozo
|-damage|p1a: Dondozo|50/100
|
|upkeep
|turn|14
|
|t:|1758308700
|switch|p2a: Pecharunt|Pecharunt|100/100
|move|p1a: Dondozo|Rest|p1a: Dondozo
|-status|p1a: Dondozo|slp|[from] move: Rest
|-heal|p1a: Dondozo|100/100 slp|[silent]
|
|upkeep
|turn|15
|
|t:|1758308703
|move|p2a: Pecharunt|Nasty Plot|p2a: Pecharunt
|-boost|p2a: Pecharunt|spa|2
|cant|p1a: Dondozo|slp
|move|p1a: Dondozo|Sleep Talk|p1a: Dondozo
|move|p1a: Dondozo|Curse|p1a: Dondozo|[from] move: Sleep Talk
|-unboost|p1a: Dondozo|spe|1
|-boost|p1a: Dondozo|atk|1
|-boost|p1a: Dondozo|def|1
|
|upkeep
|turn|16
|
|t:|1758308716
|switch|p2a: Skeledirge|Skeledirge, M|18/100
|cant|p1a: Dondozo|slp
|move|p1a: Dondozo|Sleep Talk|p1a: Dondozo
|move|p1a: Dondozo|Curse|p1a: Dondozo|[from] move: Sleep Talk
|-unboost|p1a: Dondozo|spe|1
|-boost|p1a: Dondozo|atk|1
|-boost|p1a: Dondozo|def|1
|
|upkeep
|turn|17
|
|t:|1758308719
|move|p2a: Skeledirge|Slack Off|p2a: Skeledirge
|-heal|p2a: Skeledirge|68/100
|-curestatus|p1a: Dondozo|slp|[msg]
|move|p1a: Dondozo|Liquidation|p2a: Skeledirge
|-supereffective|p2a: Skeledirge
|-crit|p2a: Skeledirge
|-damage|p2a: Skeledirge|0 fnt
|faint|p2a: Skeledirge
|
|upkeep
|
|t:|1758308726
|switch|p2a: Pecharunt|Pecharunt|100/100
|turn|18
|
|t:|1758308728
|move|p2a: Pecharunt|Malignant Chain|p1a: Dondozo
|-damage|p1a: Dondozo|73/100
|move|p1a: Dondozo|Liquidation|p2a: Pecharunt
|-damage|p2a: Pecharunt|66/100
|
|upkeep
|turn|19
|
|t:|1758308731
|move|p2a: Pecharunt|Malignant Chain|p1a: Dondozo
|-crit|p1a: Dondozo
|-damage|p1a: Dondozo|33/100
|move|p1a: Dondozo|Curse|p1a: Dondozo
|-unboost|p1a: Dondozo|spe|1
|-boost|p1a: Dondozo|atk|1
|-boost|p1a: Dondozo|def|1
|
|upkeep
|turn|20
|
|t:|1758308736
|move|p2a: Pecharunt|Malignant Chain|p1a: Dondozo
|-damage|p1a: Dondozo|5/100
|move|p1a: Dondozo|Rest|p1a: Dondozo
|-status|p1a: Dondozo|slp|[from] move: Rest
|-heal|p1a: Dondozo|100/100 slp|[silent]
|
|upkeep
|turn|21
|
|t:|1758308742
|move|p2a: Pecharunt|Recover|p2a: Pecharunt
|-heal|p2a: Pecharunt|100/100
|cant|p1a: Dondozo|slp
|move|p1a: Dondozo|Sleep Talk|p1a: Dondozo
|move|p1a: Dondozo|Liquidation|p2a: Pecharunt|[from] move: Sleep Talk
|-damage|p2a: Pecharunt|59/100
|
|upkeep
|turn|22
|
|t:|1758308745
|move|p2a: Pecharunt|Shadow Ball|p1a: Dondozo
|-damage|p1a: Dondozo|78/100 slp
|cant|p1a: Dondozo|slp
|move|p1a: Dondozo|Sleep Talk|p1a: Dondozo
|move|p1a: Dondozo|Curse|p1a: Dondozo|[from] move: Sleep Talk
|-unboost|p1a: Dondozo|spe|1
|-boost|p1a: Dondozo|atk|1
|-boost|p1a: Dondozo|def|1
|
|upkeep
|turn|23
|
|t:|1758308748
|move|p2a: Pecharunt|Shadow Ball|p1a: Dondozo
|-damage|p1a: Dondozo|57/100 slp
|-curestatus|p1a: Dondozo|slp|[msg]
|move|p1a: Dondozo|Liquidation|p2a: Pecharunt
|-damage|p2a: Pecharunt|8/100
|
|upkeep
|turn|24
|
|t:|1758308752
|move|p2a: Pecharunt|Recover|p2a: Pecharunt
|-heal|p2a: Pecharunt|58/100
|move|p1a: Dondozo|Liquidation|p2a: Pecharunt
|-damage|p2a: Pecharunt|10/100
|
|upkeep
|turn|25
|
|t:|1758308757
|move|p2a: Pecharunt|Malignant Chain|p1a: Dondozo
|-damage|p1a: Dondozo|27/100
|-status|p1a: Dondozo|tox
|-start|p1a: Dondozo|confusion|[from] ability: Poison Puppeteer|[of] p2a: Pecharunt
|-activate|p1a: Dondozo|confusion
|move|p1a: Dondozo|Liquidation|p2a: Pecharunt
|-damage|p2a: Pecharunt|0 fnt
|faint|p2a: Pecharunt
|
|-damage|p1a: Dondozo|21/100 tox|[from] psn
|upkeep
|
|t:|1758308761
|switch|p2a: Scizor|Scizor, M|52/100
|turn|26
|
|t:|1758308764
|move|p2a: Scizor|Swords Dance|p2a: Scizor
|-boost|p2a: Scizor|atk|2
|-activate|p1a: Dondozo|confusion
|move|p1a: Dondozo|Rest|p1a: Dondozo
|-status|p1a: Dondozo|slp|[from] move: Rest
|-heal|p1a: Dondozo|100/100 slp|[silent]
|
|upkeep
|turn|27
|
|t:|1758308766
|move|p2a: Scizor|Swords Dance|p2a: Scizor
|-boost|p2a: Scizor|atk|2
|cant|p1a: Dondozo|slp
|-activate|p1a: Dondozo|confusion
|-damage|p1a: Dondozo|95/100 slp|[from] confusion
|
|upkeep
|turn|28
|-message|Kis Vegallomas forfeited.
|
|win|Trumpismessiah
|raw|Trumpismessiah's rating: 1424 &rarr; <strong>1446</strong><br />(+22 for winning)
|raw|Kis Vegallomas's rating: 1452 &rarr; <strong>1430</strong><br />(-22 for losing)
|l|☆Kis Vegallomas
|player|p2|
|l|☆Trumpismessiah
|player|p1|
