|j|☆Alexboss30
|j|☆Rolioli7
|t:|1758302743
|gametype|singles
|player|p1|Alexboss30|marlon|1193
|player|p2|Rolioli7|ghetsis-gen5bw|1170
|gen|9
|tier|[Gen 9] OU
|rated|
|rule|HP Percentage Mod: HP is shown in percentages
|rule|Endless Battle Clause: Forcing endless battles is banned
|rule|Species Clause: Limit one of each Pokémon
|rule|OHKO Clause: OHKO moves are banned
|rule|Evasion Items Clause: Evasion items are banned
|rule|Evasion Moves Clause: Evasion moves are banned
|rule|Evasion Abilities Clause: Evasion abilities are banned
|rule|Sleep Moves Clause: Sleep-inducing moves are banned
|clearpoke
|poke|p1|Pelipper, F|
|poke|p1|Cloyster, M|
|poke|p1|Quaquaval, M|
|poke|p1|Whiscash, M|
|poke|p1|Qwilfish, M|
|poke|p1|Ogerpon-Wellspring, F|
|poke|p2|Samurott-Hisui, F|
|poke|p2|Great Tusk|
|poke|p2|Volcanion|
|poke|p2|Hydrapple, M|
|poke|p2|Gholdengo|
|poke|p2|Landorus-Therian, M|
|teampreview
|
|t:|1758302759
|teamsize|p1|6
|teamsize|p2|6
|start
|switch|p1a: Pelipper|Pelipper, F|100/100
|switch|p2a: Hydrapple|Hydrapple, M, shiny|100/100
|-weather|RainDance|[from] ability: Drizzle|[of] p1a: Pelipper
|turn|1
|inactive|Battle timer is ON: inactive players will automatically lose when time's up. (requested by Alexboss30)
|
|t:|1758302768
|move|p1a: Pelipper|Ice Beam|p2a: Hydrapple
|-supereffective|p2a: Hydrapple
|-damage|p2a: Hydrapple|18/100
|-status|p2a: Hydrapple|frz
|cant|p2a: Hydrapple|frz
|
|-weather|RainDance|[upkeep]
|upkeep
|turn|2
|
|t:|1758302777
|move|p1a: Pelipper|Hurricane|p2a: Hydrapple
|-supereffective|p2a: Hydrapple
|-damage|p2a: Hydrapple|0 fnt
|faint|p2a: Hydrapple
|
|-weather|RainDance|[upkeep]
|upkeep
|
|t:|1758302786
|switch|p2a: Gholdengo|Gholdengo|100/100
|-item|p2a: Gholdengo|Air Balloon
|turn|3
|
|t:|1758302790
|switch|p1a: Whiscash|Whiscash, M|100/100
|move|p2a: Gholdengo|Nasty Plot|p2a: Gholdengo
|-boost|p2a: Gholdengo|spa|2
|
|-weather|RainDance|[upkeep]
|upkeep
|turn|4
|
|t:|1758302800
|move|p2a: Gholdengo|Make It Rain|p1a: Whiscash
|-resisted|p1a: Whiscash
|-damage|p1a: Whiscash|26/100
|-unboost|p2a: Gholdengo|spa|1
|move|p1a: Whiscash|Liquidation|p2a: Gholdengo
|-damage|p2a: Gholdengo|39/100
|-enditem|p2a: Gholdengo|Air Balloon
|-damage|p1a: Whiscash|16/100|[from] item: Life Orb
|
|-weather|RainDance|[upkeep]
|upkeep
|turn|5
|
|t:|1758302812
|move|p2a: Gholdengo|Shadow Ball|p1a: Whiscash
|-damage|p1a: Whiscash|0 fnt
|faint|p1a: Whiscash
|
|-weather|RainDance|[upkeep]
|upkeep
|
|t:|1758302821
|switch|p1a: Quaquaval|Quaquaval, M|100/100
|turn|6
|
|t:|1758302827
|move|p1a: Quaquaval|Aqua Step|p2a: Gholdengo
|-damage|p2a: Gholdengo|0 fnt
|-boost|p1a: Quaquaval|spe|1
|faint|p2a: Gholdengo
|-ability|p1a: Quaquaval|Moxie|boost
|-boost|p1a: Quaquaval|atk|1
|
|-weather|RainDance|[upkeep]
|upkeep
|
|t:|1758302841
|switch|p2a: Volcanion|Volcanion|100/100
|turn|7
|
|t:|1758302846
|move|p1a: Quaquaval|Close Combat|p2a: Volcanion
|-damage|p2a: Volcanion|34/100
|-unboost|p1a: Quaquaval|def|1
|-unboost|p1a: Quaquaval|spd|1
|move|p2a: Volcanion|Sludge Bomb|p1a: Quaquaval
|-damage|p1a: Quaquaval|39/100
|
|-weather|RainDance|[upkeep]
|upkeep
|turn|8
|
|t:|1758302857
|switch|p2a: Samurott|Samurott-Hisui, F, shiny|100/100
|move|p1a: Quaquaval|Close Combat|p2a: Samurott
|-supereffective|p2a: Samurott
|-damage|p2a: Samurott|0 fnt
|-unboost|p1a: Quaquaval|def|1
|-unboost|p1a: Quaquaval|spd|1
|faint|p2a: Samurott
|-ability|p1a: Quaquaval|Moxie|boost
|-boost|p1a: Quaquaval|atk|1
|
|-weather|none
|upkeep
|-message|Rolioli7 forfeited.
|
|win|Alexboss30
|raw|Alexboss30's rating: 1193 &rarr; <strong>1216</strong><br />(+23 for winning)
|raw|Rolioli7's rating: 1170 &rarr; <strong>1147</strong><br />(-23 for losing)
|l|☆Rolioli7
|player|p2|
|l|☆Alexboss30
|player|p1|
