|j|☆Cruzrooni
|j|☆crepuscules
|t:|1758268902
|gametype|singles
|player|p1|Cruzrooni|pryce|1229
|player|p2|crepuscules|266|1297
|gen|9
|tier|[Gen 9] OU
|rated|
|rule|HP Percentage Mod: HP is shown in percentages
|rule|Endless Battle Clause: Forcing endless battles is banned
|rule|Species Clause: Limit one of each Pokémon
|rule|OHKO Clause: OHKO moves are banned
|rule|Evasion Items Clause: Evasion items are banned
|rule|Evasion Moves Clause: Evasion moves are banned
|rule|Evasion Abilities Clause: Evasion abilities are banned
|rule|Sleep Moves Clause: Sleep-inducing moves are banned
|clearpoke
|poke|p1|Clodsire, M|
|poke|p1|Cetitan, M|
|poke|p1|Slowking, F|
|poke|p1|Great Tusk|
|poke|p1|Salamence, M|
|poke|p1|Frosmoth, F|
|poke|p2|Ribombee, F|
|poke|p2|Cinderace, F|
|poke|p2|Serperior, F|
|poke|p2|Mimikyu, M|
|poke|p2|Dragapult, F|
|poke|p2|Bisharp, M|
|teampreview
|j| Gold D Joseph
|
|t:|1758268914
|teamsize|p1|6
|teamsize|p2|6
|start
|switch|p1a: Clodsire|Clodsire, M|100/100
|switch|p2a: Ribombee|Ribombee, F|100/100
|turn|1
|
|t:|1758268927
|move|p2a: Ribombee|Sticky Web|p1a: Clodsire
|-sidestart|p1: Cruzrooni|move: Sticky Web
|move|p1a: Clodsire|Toxic|p2a: Ribombee
|-status|p2a: Ribombee|tox
|
|-damage|p2a: Ribombee|94/100 tox|[from] psn
|upkeep
|turn|2
|
|t:|1758268939
|move|p2a: Ribombee|Moonblast|p1a: Clodsire
|-resisted|p1a: Clodsire
|-damage|p1a: Clodsire|91/100
|move|p1a: Clodsire|Earthquake|p2a: Ribombee
|-resisted|p2a: Ribombee
|-damage|p2a: Ribombee|68/100 tox
|
|-heal|p1a: Clodsire|97/100|[from] item: Black Sludge
|-damage|p2a: Ribombee|56/100 tox|[from] psn
|upkeep
|turn|3
|
|t:|1758268952
|move|p2a: Ribombee|Psychic Noise|p1a: Clodsire
|-supereffective|p1a: Clodsire
|-damage|p1a: Clodsire|74/100
|-start|p1a: Clodsire|move: Heal Block
|move|p1a: Clodsire|Earthquake|p2a: Ribombee
|-resisted|p2a: Ribombee
|-damage|p2a: Ribombee|30/100 tox
|
|-damage|p2a: Ribombee|11/100 tox|[from] psn
|upkeep
|turn|4
|l| Gold D Joseph
|
|t:|1758268961
|move|p2a: Ribombee|Psychic Noise|p1a: Clodsire
|-supereffective|p1a: Clodsire
|-damage|p1a: Clodsire|53/100
|move|p1a: Clodsire|Stealth Rock|p2a: Ribombee
|-sidestart|p2: crepuscules|move: Stealth Rock
|
|-damage|p2a: Ribombee|0 fnt|[from] psn
|faint|p2a: Ribombee
|-end|p1a: Clodsire|move: Heal Block
|upkeep
|
|t:|1758268971
|switch|p2a: Dragapult|Dragapult, F|100/100
|-damage|p2a: Dragapult|88/100|[from] Stealth Rock
|turn|5
|
|t:|1758268976
|move|p2a: Dragapult|Hydro Pump|p1a: Clodsire
|-heal|p1a: Clodsire|78/100|[from] ability: Water Absorb|[of] p2a: Dragapult
|move|p1a: Clodsire|Toxic|p2a: Dragapult
|-status|p2a: Dragapult|tox
|
|-heal|p1a: Clodsire|84/100|[from] item: Black Sludge
|-damage|p2a: Dragapult|82/100 tox|[from] psn
|upkeep
|turn|6
|inactive|Battle timer is ON: inactive players will automatically lose when time's up. (requested by crepuscules)
|
|t:|1758269003
|move|p2a: Dragapult|Dragon Darts|p1a: Clodsire
|-damage|p1a: Clodsire|55/100
|-anim|p2a: Dragapult|Dragon Darts|p1a: Clodsire
|-damage|p1a: Clodsire|26/100
|-damage|p2a: Dragapult|72/100 tox|[from] item: Life Orb
|move|p1a: Clodsire|Earthquake|p2a: Dragapult
|-damage|p2a: Dragapult|33/100 tox
|
|-heal|p1a: Clodsire|32/100|[from] item: Black Sludge
|-damage|p2a: Dragapult|21/100 tox|[from] psn
|upkeep
|turn|7
|
|t:|1758269014
|switch|p1a: Slowking|Slowking, F|100/100
|-activate|p1a: Slowking|move: Sticky Web
|-unboost|p1a: Slowking|spe|1
|move|p2a: Dragapult|Dragon Darts|p1a: Slowking
|-damage|p1a: Slowking|82/100
|-anim|p2a: Dragapult|Dragon Darts|p1a: Slowking
|-damage|p1a: Slowking|64/100
|-damage|p2a: Dragapult|12/100 tox|[from] item: Life Orb
|
|-damage|p2a: Dragapult|0 fnt|[from] psn
|faint|p2a: Dragapult
|upkeep
|
|t:|1758269026
|switch|p2a: Serperior|Serperior, F|100/100
|-damage|p2a: Serperior|88/100|[from] Stealth Rock
|turn|8
|
|t:|1758269040
|-terastallize|p1a: Slowking|Bug
|move|p2a: Serperior|Leaf Storm|p1a: Slowking
|-resisted|p1a: Slowking
|-damage|p1a: Slowking|44/100
|-boost|p2a: Serperior|spa|2
|-prepare|p1a: Slowking|Chilly Reception|[premajor]
|move|p1a: Slowking|Chilly Reception|p1a: Slowking
|-weather|Snowscape
|
|t:|1758269045
|switch|p1a: Cetitan|Cetitan, M, shiny|100/100|[from] Chilly Reception
|-activate|p1a: Cetitan|move: Sticky Web
|-unboost|p1a: Cetitan|spe|1
|
|-weather|Snowscape|[upkeep]
|-heal|p2a: Serperior|94/100|[from] item: Leftovers
|upkeep
|turn|9
|
|t:|1758269061
|switch|p2a: Cinderace|Cinderace, F|100/100
|move|p1a: Cetitan|Ice Spinner|p2a: Cinderace
|-resisted|p2a: Cinderace
|-damage|p2a: Cinderace|74/100
|
|-weather|Snowscape|[upkeep]
|upkeep
|turn|10
|
|t:|1758269069
|move|p2a: Cinderace|Court Change|p2a: Cinderace
|-swapsideconditions
|-activate|p2a: Cinderace|move: Court Change
|move|p1a: Cetitan|Earthquake|p2a: Cinderace
|-supereffective|p2a: Cinderace
|-damage|p2a: Cinderace|0 fnt
|faint|p2a: Cinderace
|
|-weather|Snowscape|[upkeep]
|upkeep
|
|t:|1758269078
|switch|p2a: Serperior|Serperior, F|94/100
|-activate|p2a: Serperior|move: Sticky Web
|-boost|p2a: Serperior|spe|1
|turn|11
|
|t:|1758269088
|switch|p1a: Clodsire|Clodsire, M|32/100
|-damage|p1a: Clodsire|26/100|[from] Stealth Rock
|-terastallize|p2a: Serperior|Fire
|move|p2a: Serperior|Leaf Storm|p1a: Clodsire
|-damage|p1a: Clodsire|1/100
|-boost|p2a: Serperior|spa|2
|
|-weather|Snowscape|[upkeep]
|-heal|p2a: Serperior|100/100|[from] item: Leftovers
|-heal|p1a: Clodsire|7/100|[from] item: Black Sludge
|upkeep
|turn|12
|
|t:|1758269099
|move|p2a: Serperior|Leaf Storm|p1a: Clodsire|[miss]
|-miss|p2a: Serperior|p1a: Clodsire
|move|p1a: Clodsire|Recover|p1a: Clodsire
|-heal|p1a: Clodsire|57/100
|
|-weather|Snowscape|[upkeep]
|-heal|p1a: Clodsire|63/100|[from] item: Black Sludge
|upkeep
|turn|13
|
|t:|1758269107
|move|p2a: Serperior|Substitute|p2a: Serperior
|-start|p2a: Serperior|Substitute
|-damage|p2a: Serperior|76/100
|move|p1a: Clodsire|Earthquake|p2a: Serperior
|-supereffective|p2a: Serperior
|-end|p2a: Serperior|Substitute
|
|-weather|Snowscape|[upkeep]
|-heal|p2a: Serperior|82/100|[from] item: Leftovers
|-heal|p1a: Clodsire|70/100|[from] item: Black Sludge
|upkeep
|turn|14
|
|t:|1758269117
|move|p2a: Serperior|Leaf Storm|p1a: Clodsire|[miss]
|-miss|p2a: Serperior|p1a: Clodsire
|move|p1a: Clodsire|Earthquake|p2a: Serperior
|-supereffective|p2a: Serperior
|-damage|p2a: Serperior|9/100
|
|-weather|Snowscape|[upkeep]
|-heal|p2a: Serperior|15/100|[from] item: Leftovers
|-heal|p1a: Clodsire|76/100|[from] item: Black Sludge
|upkeep
|turn|15
|
|t:|1758269129
|move|p2a: Serperior|Leaf Storm|p1a: Clodsire|[miss]
|-miss|p2a: Serperior|p1a: Clodsire
|move|p1a: Clodsire|Earthquake|p2a: Serperior
|-supereffective|p2a: Serperior
|-damage|p2a: Serperior|0 fnt
|faint|p2a: Serperior
|
|-weather|none
|-heal|p1a: Clodsire|82/100|[from] item: Black Sludge
|upkeep
|-message|crepuscules forfeited.
|
|win|Cruzrooni
|raw|Cruzrooni's rating: 1229 &rarr; <strong>1259</strong><br />(+30 for winning)
|raw|crepuscules's rating: 1297 &rarr; <strong>1267</strong><br />(-30 for losing)
|l|☆crepuscules
|player|p2|
|l|☆Cruzrooni
|player|p1|
