|j|☆epicgamer069420
|j|☆chickentalk2006
|t:|1758304003
|gametype|singles
|player|p1|epicgamer069420|hilbert|1625
|player|p2|chickentalk2006|galacticgruntf|1610
|gen|9
|tier|[Gen 9] OU
|rated|
|rule|HP Percentage Mod: HP is shown in percentages
|rule|Endless Battle Clause: Forcing endless battles is banned
|rule|Species Clause: Limit one of each Pokémon
|rule|OHKO Clause: OHKO moves are banned
|rule|Evasion Items Clause: Evasion items are banned
|rule|Evasion Moves Clause: Evasion moves are banned
|rule|Evasion Abilities Clause: Evasion abilities are banned
|rule|Sleep Moves Clause: Sleep-inducing moves are banned
|clearpoke
|poke|p1|Cinderace, F|
|poke|p1|Enamorus, F|
|poke|p1|Iron Treads|
|poke|p1|Samurott-Hisui, F|
|poke|p1|Alomomola, F|
|poke|p1|Dragapult, F|
|poke|p2|Hatterene, F|
|poke|p2|Hoopa-Unbound|
|poke|p2|Samurott-Hisui, F|
|poke|p2|Slowking-Galar, M|
|poke|p2|Iron Hands|
|poke|p2|Cinderace, M|
|teampreview
|inactive|Battle timer is ON: inactive players will automatically lose when time's up. (requested by epicgamer069420)
|
|t:|1758304012
|teamsize|p1|6
|teamsize|p2|6
|start
|switch|p1a: Cinderace|Cinderace, F|100/100
|switch|p2a: aceRomani|Cinderace, M|100/100
|turn|1
|
|t:|1758304015
|move|p2a: aceRomani|Pyro Ball|p1a: Cinderace
|-resisted|p1a: Cinderace
|-damage|p1a: Cinderace|56/100
|move|p1a: Cinderace|Pyro Ball|p2a: aceRomani|[miss]
|-miss|p1a: Cinderace|p2a: aceRomani
|
|upkeep
|turn|2
|
|t:|1758304020
|switch|p1a: Alomomola|Alomomola, F|100/100
|move|p2a: aceRomani|High Jump Kick|p1a: Alomomola
|-start|p2a: aceRomani|typechange|Fighting|[from] ability: Libero
|-damage|p1a: Alomomola|65/100
|-damage|p2a: aceRomani|84/100|[from] item: Rocky Helmet|[of] p1a: Alomomola
|
|upkeep
|turn|3
|
|t:|1758304028
|move|p2a: aceRomani|High Jump Kick|p1a: Alomomola
|-damage|p1a: Alomomola|33/100
|-damage|p2a: aceRomani|67/100|[from] item: Rocky Helmet|[of] p1a: Alomomola
|move|p1a: Alomomola|Wish|p1a: Alomomola
|
|upkeep
|turn|4
|
|t:|1758304035
|switch|p2a: 30RoundClipGlwking|Slowking-Galar, M|100/100
|move|p1a: Alomomola|Protect||[still]
|-fail|p1a: Alomomola
|
|-heal|p1a: Alomomola|83/100|[from] move: Wish|[wisher] Alomomola
|upkeep
|turn|5
|
|t:|1758304038
|move|p1a: Alomomola|Wish|p1a: Alomomola
|move|p2a: 30RoundClipGlwking|Trick Room|p2a: 30RoundClipGlwking
|-fieldstart|move: Trick Room|[of] p2a: 30RoundClipGlwking
|
|upkeep
|turn|6
|
|t:|1758304040
|move|p2a: 30RoundClipGlwking|Sludge Bomb|p1a: Alomomola
|-crit|p1a: Alomomola
|-damage|p1a: Alomomola|25/100
|-status|p1a: Alomomola|psn
|move|p1a: Alomomola|Flip Turn|p2a: 30RoundClipGlwking
|-damage|p2a: 30RoundClipGlwking|87/100
|
|t:|1758304043
|switch|p1a: Cinderace|Cinderace, F|56/100|[from] Flip Turn
|
|-heal|p1a: Cinderace|100/100|[from] move: Wish|[wisher] Alomomola
|upkeep
|turn|7
|
|t:|1758304046
|switch|p1a: Samurott|Samurott-Hisui, F|100/100
|move|p2a: 30RoundClipGlwking|Sludge Bomb|p1a: Samurott
|-damage|p1a: Samurott|75/100
|
|upkeep
|turn|8
|
|t:|1758304051
|-prepare|p2a: 30RoundClipGlwking|Chilly Reception|[premajor]
|move|p2a: 30RoundClipGlwking|Chilly Reception|p2a: 30RoundClipGlwking
|-weather|Snowscape
|
|t:|1758304053
|switch|p2a: RXKHands|Iron Hands|100/100|[from] Chilly Reception
|-enditem|p2a: RXKHands|Booster Energy
|-activate|p2a: RXKHands|ability: Quark Drive|[fromitem]
|-start|p2a: RXKHands|quarkdriveatk
|move|p1a: Samurott|Ceaseless Edge|p2a: RXKHands|[miss]
|-miss|p1a: Samurott|p2a: RXKHands
|
|-weather|Snowscape|[upkeep]
|upkeep
|turn|9
|
|t:|1758304067
|switch|p1a: Dragapult|Dragapult, F|100/100
|move|p2a: RXKHands|Close Combat|p1a: Dragapult
|-immune|p1a: Dragapult
|
|-weather|Snowscape|[upkeep]
|-fieldend|move: Trick Room
|upkeep
|turn|10
|
|t:|1758304073
|-end|p2a: RXKHands|Quark Drive|[silent]
|switch|p2a: aceRomani|Cinderace, M|67/100
|move|p1a: Dragapult|Draco Meteor|p2a: aceRomani
|-damage|p2a: aceRomani|0 fnt
|-unboost|p1a: Dragapult|spa|2
|faint|p2a: aceRomani
|
|-weather|Snowscape|[upkeep]
|upkeep
|
|t:|1758304081
|switch|p2a: Hoopa-Tiji|Hoopa-Unbound|100/100
|turn|11
|
|t:|1758304091
|switch|p1a: Samurott|Samurott-Hisui, F|75/100
|move|p2a: Hoopa-Tiji|Trick Room|p2a: Hoopa-Tiji
|-fieldstart|move: Trick Room|[of] p2a: Hoopa-Tiji
|
|-weather|Snowscape|[upkeep]
|upkeep
|turn|12
|
|t:|1758304098
|switch|p1a: Alomomola|Alomomola, F|58/100 psn
|move|p2a: Hoopa-Tiji|Drain Punch|p1a: Alomomola
|-damage|p1a: Alomomola|39/100 psn
|-damage|p2a: Hoopa-Tiji|84/100|[from] item: Rocky Helmet|[of] p1a: Alomomola
|
|-weather|none
|-damage|p1a: Alomomola|27/100 psn|[from] psn
|upkeep
|turn|13
|
|t:|1758304102
|switch|p1a: Enamorus|Enamorus, F|100/100
|move|p2a: Hoopa-Tiji|Psychic Noise|p1a: Enamorus
|-damage|p1a: Enamorus|46/100
|-start|p1a: Enamorus|move: Heal Block
|
|upkeep
|turn|14
|
|t:|1758304109
|switch|p1a: Samurott|Samurott-Hisui, F|75/100
|move|p2a: Hoopa-Tiji|Psychic Noise|p1a: Samurott
|-immune|p1a: Samurott
|
|upkeep
|turn|15
|
|t:|1758304117
|switch|p1a: Enamorus|Enamorus, F|46/100
|move|p2a: Hoopa-Tiji|Drain Punch|p1a: Enamorus
|-resisted|p1a: Enamorus
|-damage|p1a: Enamorus|34/100
|-heal|p2a: Hoopa-Tiji|89/100|[from] drain|[of] p1a: Enamorus
|
|-fieldend|move: Trick Room
|upkeep
|turn|16
|
|t:|1758304122
|switch|p2a: 30RoundClipGlwking|Slowking-Galar, M|100/100
|move|p1a: Enamorus|Moonblast|p2a: 30RoundClipGlwking
|-resisted|p2a: 30RoundClipGlwking
|-damage|p2a: 30RoundClipGlwking|81/100
|
|upkeep
|turn|17
|
|t:|1758304127
|switch|p1a: Samurott|Samurott-Hisui, F|75/100
|move|p2a: 30RoundClipGlwking|Trick Room|p2a: 30RoundClipGlwking
|-fieldstart|move: Trick Room|[of] p2a: 30RoundClipGlwking
|
|upkeep
|turn|18
|
|t:|1758304133
|switch|p2a: RXKHands|Iron Hands|100/100
|move|p1a: Samurott|Flip Turn|p2a: RXKHands
|-damage|p2a: RXKHands|84/100
|
|t:|1758304139
|switch|p1a: Enamorus|Enamorus, F|34/100|[from] Flip Turn
|
|upkeep
|turn|19
|
|t:|1758304154
|switch|p1a: Iron Treads|Iron Treads|100/100
|move|p2a: RXKHands|Ice Punch|p1a: Iron Treads
|-damage|p1a: Iron Treads|74/100
|
|-heal|p1a: Iron Treads|80/100|[from] item: Leftovers
|upkeep
|turn|20
|
|t:|1758304159
|-end|p1a: Iron Treads|Quark Drive|[silent]
|switch|p1a: Dragapult|Dragapult, F|100/100
|move|p2a: RXKHands|Close Combat|p1a: Dragapult
|-immune|p1a: Dragapult
|
|upkeep
|turn|21
|
|t:|1758304164
|-end|p2a: RXKHands|Quark Drive|[silent]
|switch|p2a: 30RoundClipGlwking|Slowking-Galar, M|100/100
|switch|p1a: Alomomola|Alomomola, F|60/100 psn
|
|-damage|p1a: Alomomola|48/100 psn|[from] psn
|-fieldend|move: Trick Room
|upkeep
|turn|22
|
|t:|1758304171
|move|p1a: Alomomola|Wish|p1a: Alomomola
|move|p2a: 30RoundClipGlwking|Sludge Bomb|p1a: Alomomola
|-damage|p1a: Alomomola|7/100 psn
|
|-damage|p1a: Alomomola|0 fnt|[from] psn
|faint|p1a: Alomomola
|upkeep
|
|t:|1758304176
|switch|p1a: Samurott|Samurott-Hisui, F|75/100
|turn|23
|
|t:|1758304183
|switch|p2a: RXKHands|Iron Hands|84/100
|move|p1a: Samurott|Ceaseless Edge|p2a: RXKHands
|-resisted|p2a: RXKHands
|-damage|p2a: RXKHands|70/100
|-sidestart|p2: chickentalk2006|Spikes
|
|-heal|p1a: Samurott|100/100|[from] move: Wish|[wisher] Alomomola
|upkeep
|turn|24
|
|t:|1758304190
|move|p1a: Samurott|Flip Turn|p2a: RXKHands
|-damage|p2a: RXKHands|52/100
|
|t:|1758304195
|switch|p1a: Dragapult|Dragapult, F|100/100|[from] Flip Turn
|move|p2a: RXKHands|Close Combat|p1a: Dragapult
|-immune|p1a: Dragapult
|
|upkeep
|turn|25
|
|t:|1758304207
|-end|p2a: RXKHands|Quark Drive|[silent]
|switch|p2a: 30RoundClipGlwking|Slowking-Galar, M|100/100
|-damage|p2a: 30RoundClipGlwking|88/100|[from] Spikes
|move|p1a: Dragapult|U-turn|p2a: 30RoundClipGlwking
|-damage|p2a: 30RoundClipGlwking|75/100
|
|t:|1758304211
|switch|p1a: Samurott|Samurott-Hisui, F|100/100|[from] U-turn
|
|upkeep
|turn|26
|
|t:|1758304215
|move|p1a: Samurott|Ceaseless Edge|p2a: 30RoundClipGlwking|[miss]
|-miss|p1a: Samurott|p2a: 30RoundClipGlwking
|move|p2a: 30RoundClipGlwking|Trick Room|p2a: 30RoundClipGlwking
|-fieldstart|move: Trick Room|[of] p2a: 30RoundClipGlwking
|
|upkeep
|turn|27
|c|☆epicgamer069420|man
|c|☆epicgamer069420|2nd time
|
|t:|1758304228
|switch|p2a: RXKHands|Iron Hands|52/100
|-damage|p2a: RXKHands|40/100|[from] Spikes
|move|p1a: Samurott|Flip Turn|p2a: RXKHands
|-damage|p2a: RXKHands|22/100
|inactive|epicgamer069420 has 120 seconds left.
|
|t:|1758304277
|switch|p1a: Cinderace|Cinderace, F|100/100|[from] Flip Turn
|
|upkeep
|turn|28
|
|t:|1758304284
|move|p2a: RXKHands|Earthquake|p1a: Cinderace
|-supereffective|p1a: Cinderace
|-damage|p1a: Cinderace|0 fnt
|faint|p1a: Cinderace
|
|upkeep
|
|t:|1758304301
|switch|p1a: Iron Treads|Iron Treads|80/100
|turn|29
|
|t:|1758304308
|-end|p2a: RXKHands|Quark Drive|[silent]
|switch|p2a: Imogen Hatt|Hatterene, F|100/100
|-item|p2a: Imogen Hatt|Air Balloon
|-end|p1a: Iron Treads|Quark Drive|[silent]
|switch|p1a: Enamorus|Enamorus, F|34/100
|
|upkeep
|turn|30
|
|t:|1758304315
|switch|p1a: Samurott|Samurott-Hisui, F|100/100
|move|p2a: Imogen Hatt|Psychic Noise|p1a: Samurott
|-immune|p1a: Samurott
|
|-fieldend|move: Trick Room
|upkeep
|turn|31
|
|t:|1758304318
|move|p1a: Samurott|Flip Turn|p2a: Imogen Hatt
|-damage|p2a: Imogen Hatt|71/100
|-enditem|p2a: Imogen Hatt|Air Balloon
|inactive|epicgamer069420 has 120 seconds left.
|
|t:|1758304327
|switch|p1a: Iron Treads|Iron Treads|80/100|[from] Flip Turn
|move|p2a: Imogen Hatt|Trick Room|p2a: Imogen Hatt
|-fieldstart|move: Trick Room|[of] p2a: Imogen Hatt
|
|-heal|p1a: Iron Treads|86/100|[from] item: Leftovers
|upkeep
|turn|32
|
|t:|1758304329
|move|p2a: Imogen Hatt|Mystical Fire|p1a: Iron Treads
|-supereffective|p1a: Iron Treads
|-damage|p1a: Iron Treads|15/100
|-unboost|p1a: Iron Treads|spa|1
|move|p1a: Iron Treads|Earthquake|p2a: Imogen Hatt
|-damage|p2a: Imogen Hatt|22/100
|
|-heal|p1a: Iron Treads|21/100|[from] item: Leftovers
|upkeep
|turn|33
|inactive|epicgamer069420 has 120 seconds left.
|
|t:|1758304381
|-terastallize|p1a: Iron Treads|Water
|move|p2a: Imogen Hatt|Mystical Fire|p1a: Iron Treads
|-resisted|p1a: Iron Treads
|-damage|p1a: Iron Treads|2/100
|-unboost|p1a: Iron Treads|spa|1
|move|p1a: Iron Treads|Earthquake|p2a: Imogen Hatt
|-damage|p2a: Imogen Hatt|0 fnt
|faint|p2a: Imogen Hatt
|
|-heal|p1a: Iron Treads|9/100|[from] item: Leftovers
|upkeep
|
|t:|1758304391
|switch|p2a: the rott|Samurott-Hisui, F|100/100
|-damage|p2a: the rott|88/100|[from] Spikes
|turn|34
|
|t:|1758304404
|move|p2a: the rott|Swords Dance|p2a: the rott
|-boost|p2a: the rott|atk|2
|move|p1a: Iron Treads|Earthquake|p2a: the rott
|-damage|p2a: the rott|30/100
|
|-heal|p1a: Iron Treads|15/100|[from] item: Leftovers
|upkeep
|turn|35
|
|t:|1758304411
|move|p2a: the rott|Aqua Cutter|p1a: Iron Treads
|-resisted|p1a: Iron Treads
|-damage|p1a: Iron Treads|0 fnt
|faint|p1a: Iron Treads
|-end|p1a: Iron Treads|Quark Drive|[silent]
|
|-fieldend|move: Trick Room
|upkeep
|
|t:|1758304421
|switch|p1a: Samurott|Samurott-Hisui, F|100/100
|turn|36
|
|t:|1758304426
|move|p1a: Samurott|Razor Shell|p2a: the rott
|-resisted|p2a: the rott
|-damage|p2a: the rott|5/100
|-unboost|p2a: the rott|def|1
|move|p2a: the rott|Ceaseless Edge|p1a: Samurott
|-resisted|p1a: Samurott
|-crit|p1a: Samurott
|-damage|p1a: Samurott|9/100
|-sidestart|p1: epicgamer069420|Spikes
|
|upkeep
|turn|37
|inactive|epicgamer069420 has 120 seconds left.
|
|t:|1758304440
|switch|p1a: Dragapult|Dragapult, F|100/100
|-damage|p1a: Dragapult|88/100|[from] Spikes
|move|p2a: the rott|Sucker Punch||[still]
|-fail|p2a: the rott
|
|upkeep
|turn|38
|inactive|epicgamer069420 has 120 seconds left.
|
|t:|1758304464
|switch|p1a: Enamorus|Enamorus, F|34/100
|move|p2a: the rott|Sucker Punch||[still]
|-fail|p2a: the rott
|
|upkeep
|turn|39
|inactive|epicgamer069420 has 90 seconds left.
|
|t:|1758304503
|switch|p1a: Dragapult|Dragapult, F|88/100
|-damage|p1a: Dragapult|76/100|[from] Spikes
|move|p2a: the rott|Aqua Cutter|p1a: Dragapult
|-resisted|p1a: Dragapult
|-damage|p1a: Dragapult|10/100
|
|upkeep
|turn|40
|
|t:|1758304523
|switch|p1a: Enamorus|Enamorus, F|34/100
|move|p2a: the rott|Sucker Punch||[still]
|-fail|p2a: the rott
|
|upkeep
|turn|41
|
|t:|1758304543
|move|p1a: Enamorus|Healing Wish|p1a: Enamorus
|faint|p1a: Enamorus
|move|p2a: the rott|Aqua Cutter|p1: Enamorus|[notarget]
|-fail|p2a: the rott
|
|upkeep
|
|t:|1758304547
|switch|p1a: Samurott|Samurott-Hisui, F|9/100
|-heal|p1a: Samurott|100/100|[from] move: Healing Wish
|-damage|p1a: Samurott|88/100|[from] Spikes
|turn|42
|
|t:|1758304553
|move|p2a: the rott|Sucker Punch|p1a: Samurott
|-resisted|p1a: Samurott
|-damage|p1a: Samurott|44/100
|move|p1a: Samurott|Knock Off|p2a: the rott
|-resisted|p2a: the rott
|-damage|p2a: the rott|0 fnt
|-enditem|p2a: the rott|Black Glasses|[from] move: Knock Off|[of] p1a: Samurott
|faint|p2a: the rott
|
|upkeep
|
|t:|1758304560
|switch|p2a: Hoopa-Tiji|Hoopa-Unbound|89/100
|-damage|p2a: Hoopa-Tiji|76/100|[from] Spikes
|turn|43
|inactive|epicgamer069420 has 90 seconds left.
|
|t:|1758304565
|-terastallize|p2a: Hoopa-Tiji|Fairy
|move|p1a: Samurott|Razor Shell|p2a: Hoopa-Tiji
|-damage|p2a: Hoopa-Tiji|10/100
|-unboost|p2a: Hoopa-Tiji|def|1
|move|p2a: Hoopa-Tiji|Trick Room|p2a: Hoopa-Tiji
|-fieldstart|move: Trick Room|[of] p2a: Hoopa-Tiji
|
|upkeep
|turn|44
|-message|epicgamer069420 forfeited.
|
|win|chickentalk2006
|raw|epicgamer069420's rating: 1625 &rarr; <strong>1604</strong><br />(-21 for losing)
|raw|chickentalk2006's rating: 1610 &rarr; <strong>1631</strong><br />(+21 for winning)
|l|☆epicgamer069420
|player|p1|
