|badge|p1|bronze|gen9monotype|100-6
|badge|p1|bronze|gen9ru|100-6
|uhtml|medal-msg|<div class="broadcast-blue">Curious what those medals under the avatar are? PS now has Ladder Seasons! For more information, check out the <a href="https://www.smogon.com/forums/threads/3740067/">thread on Smogon.</a></div>
|badge|p2|bronze|gen9ou|100-6
|uhtml|medal-msg|<div class="broadcast-blue">Curious what those medals under the avatar are? PS now has Ladder Seasons! For more information, check out the <a href="https://www.smogon.com/forums/threads/3740067/">thread on Smogon.</a></div>
|j|☆domingo a noite
|j|☆Mr Tpen
|t:|1758315627
|gametype|singles
|player|p1|domingo a noite|miku-ice|1793
|player|p2|Mr Tpen|169|1825
|gen|9
|tier|[Gen 9] OU
|rated|
|rule|HP Percentage Mod: HP is shown in percentages
|rule|Endless Battle Clause: Forcing endless battles is banned
|rule|Species Clause: Limit one of each Pokémon
|rule|OHKO Clause: OHKO moves are banned
|rule|Evasion Items Clause: Evasion items are banned
|rule|Evasion Moves Clause: Evasion moves are banned
|rule|Evasion Abilities Clause: Evasion abilities are banned
|rule|Sleep Moves Clause: Sleep-inducing moves are banned
|clearpoke
|poke|p1|Araquanid, F|
|poke|p1|Iron Treads|
|poke|p1|Kingambit, F|
|poke|p1|Enamorus, F|
|poke|p1|Iron Valiant|
|poke|p1|Iron Moth|
|poke|p2|Enamorus, F|
|poke|p2|Kyurem|
|poke|p2|Landorus-Therian, M|
|poke|p2|Kingambit, F|
|poke|p2|Ogerpon-Wellspring, F|
|poke|p2|Glimmora, F|
|teampreview
|
|t:|1758315634
|teamsize|p1|6
|teamsize|p2|6
|start
|switch|p1a: 10:36|Iron Treads|100/100
|switch|p2a: Ogerpon|Ogerpon-Wellspring, F|100/100
|-enditem|p1a: 10:36|Booster Energy
|-activate|p1a: 10:36|ability: Quark Drive|[fromitem]
|-start|p1a: 10:36|quarkdrivespe
|turn|1
|
|t:|1758315636
|move|p1a: 10:36|Stealth Rock|p2a: Ogerpon
|-sidestart|p2: Mr Tpen|move: Stealth Rock
|move|p2a: Ogerpon|Ivy Cudgel|p1a: 10:36|[anim] Ivy Cudgel Water
|-supereffective|p1a: 10:36
|-damage|p1a: 10:36|0 fnt
|faint|p1a: 10:36
|-end|p1a: 10:36|Quark Drive|[silent]
|
|upkeep
|
|t:|1758315641
|switch|p1a: Magdalene|Iron Moth|100/100
|-enditem|p1a: Magdalene|Booster Energy
|-activate|p1a: Magdalene|ability: Quark Drive|[fromitem]
|-start|p1a: Magdalene|quarkdrivespa
|turn|2
|j| Zeubigboss
|
|t:|1758315643
|move|p1a: Magdalene|Sludge Wave|p2a: Ogerpon
|-supereffective|p2a: Ogerpon
|-damage|p2a: Ogerpon|0 fnt
|faint|p2a: Ogerpon
|
|upkeep
|
|t:|1758315645
|switch|p2a: Glimmora|Glimmora, F|100/100
|-damage|p2a: Glimmora|88/100|[from] Stealth Rock
|turn|3
|
|t:|1758315651
|-end|p1a: Magdalene|Quark Drive|[silent]
|switch|p1a: Everest|Kingambit, F|100/100
|-activate|p1a: Everest|ability: Supreme Overlord
|-start|p1a: Everest|fallen1|[silent]
|-item|p1a: Everest|Air Balloon
|move|p2a: Glimmora|Mortal Spin|p1a: Everest
|-immune|p1a: Everest
|
|upkeep
|turn|4
|l| Zeubigboss
|
|t:|1758315654
|switch|p2a: Landorus|Landorus-Therian, M|100/100
|-damage|p2a: Landorus|88/100|[from] Stealth Rock
|-ability|p2a: Landorus|Intimidate|boost
|-unboost|p1a: Everest|atk|1
|move|p1a: Everest|Iron Head|p2a: Landorus
|-damage|p2a: Landorus|52/100
|-damage|p1a: Everest|84/100|[from] item: Rocky Helmet|[of] p2a: Landorus
|
|upkeep
|turn|5
|
|t:|1758315659
|-end|p1a: Everest|fallen1|[silent]
|switch|p1a: Yoshimi|Enamorus, F|100/100
|move|p2a: Landorus|Stealth Rock|p1a: Yoshimi
|-sidestart|p1: domingo a noite|move: Stealth Rock
|
|upkeep
|turn|6
|
|t:|1758315664
|move|p1a: Yoshimi|Moonblast|p2a: Landorus
|-damage|p2a: Landorus|0 fnt
|faint|p2a: Landorus
|
|upkeep
|
|t:|1758315666
|switch|p2a: Kyurem|Kyurem|100/100
|-damage|p2a: Kyurem|76/100|[from] Stealth Rock
|-ability|p2a: Kyurem|Pressure
|turn|7
|
|t:|1758315667
|move|p2a: Kyurem|Ice Beam|p1a: Yoshimi
|-supereffective|p1a: Yoshimi
|-damage|p1a: Yoshimi|0 fnt
|faint|p1a: Yoshimi
|
|upkeep
|
|t:|1758315670
|switch|p1a: Beaches|Araquanid, F|100/100
|-damage|p1a: Beaches|75/100|[from] Stealth Rock
|turn|8
|
|t:|1758315674
|switch|p2a: Glimmora|Glimmora, F|88/100
|-damage|p2a: Glimmora|75/100|[from] Stealth Rock
|move|p1a: Beaches|Sticky Web|p2a: Glimmora
|-sidestart|p2: Mr Tpen|move: Sticky Web
|
|upkeep
|turn|9
|
|t:|1758315678
|move|p2a: Glimmora|Power Gem|p1a: Beaches
|-supereffective|p1a: Beaches
|-damage|p1a: Beaches|20/100
|move|p1a: Beaches|Surf|p2a: Glimmora
|-supereffective|p2a: Glimmora
|-damage|p2a: Glimmora|0 fnt
|faint|p2a: Glimmora
|
|upkeep
|
|t:|1758315683
|switch|p2a: Enamorus|Enamorus, F|100/100
|turn|10
|-enditem|p1a: Beaches|Custap Berry|[eat]
|-activate|p1a: Beaches|item: Custap Berry|[consumed]
|
|t:|1758315688
|move|p1a: Beaches|Endeavor|p2a: Enamorus
|-damage|p2a: Enamorus|24/100
|move|p2a: Enamorus|Moonblast|p1a: Beaches
|-damage|p1a: Beaches|0 fnt
|faint|p1a: Beaches
|
|upkeep
|j| moodrandom
|
|t:|1758315695
|switch|p1a: Magdalene|Iron Moth|100/100
|-damage|p1a: Magdalene|76/100|[from] Stealth Rock
|turn|11
|
|t:|1758315698
|move|p1a: Magdalene|Fiery Dance|p2a: Enamorus
|-damage|p2a: Enamorus|0 fnt
|faint|p2a: Enamorus
|
|upkeep
|
|t:|1758315700
|switch|p2a: Kyurem|Kyurem|76/100
|-damage|p2a: Kyurem|51/100|[from] Stealth Rock
|-activate|p2a: Kyurem|move: Sticky Web
|-unboost|p2a: Kyurem|spe|1
|-ability|p2a: Kyurem|Pressure
|turn|12
|
|t:|1758315703
|move|p1a: Magdalene|Sludge Wave|p2a: Kyurem
|-damage|p2a: Kyurem|0 fnt
|faint|p2a: Kyurem
|
|upkeep
|
|t:|1758315705
|switch|p2a: Kingambit|Kingambit, F|100/100
|-damage|p2a: Kingambit|94/100|[from] Stealth Rock
|-activate|p2a: Kingambit|ability: Supreme Overlord
|-start|p2a: Kingambit|fallen5|[silent]
|-item|p2a: Kingambit|Air Balloon
|turn|13
|
|t:|1758315711
|move|p2a: Kingambit|Sucker Punch|p1a: Magdalene
|-damage|p1a: Magdalene|0 fnt
|faint|p1a: Magdalene
|-end|p1a: Magdalene|Quark Drive|[silent]
|
|upkeep
|
|t:|1758315713
|switch|p1a: Forest|Iron Valiant|100/100
|-damage|p1a: Forest|94/100|[from] Stealth Rock
|-enditem|p1a: Forest|Booster Energy
|-activate|p1a: Forest|ability: Quark Drive|[fromitem]
|-start|p1a: Forest|quarkdrivespa
|turn|14
|
|t:|1758315718
|-terastallize|p2a: Kingambit|Ghost
|move|p1a: Forest|Vacuum Wave|p2a: Kingambit
|-immune|p2a: Kingambit
|move|p2a: Kingambit|Iron Head|p1a: Forest
|-supereffective|p1a: Forest
|-damage|p1a: Forest|0 fnt
|faint|p1a: Forest
|-end|p1a: Forest|Quark Drive|[silent]
|
|upkeep
|
|t:|1758315722
|switch|p1a: Everest|Kingambit, F|84/100
|-damage|p1a: Everest|78/100|[from] Stealth Rock
|-activate|p1a: Everest|ability: Supreme Overlord
|-start|p1a: Everest|fallen5|[silent]
|-item|p1a: Everest|Air Balloon
|turn|15
|
|t:|1758315728
|move|p2a: Kingambit|Low Kick|p1a: Everest
|-supereffective|p1a: Everest
|-crit|p1a: Everest
|-damage|p1a: Everest|0 fnt
|-enditem|p1a: Everest|Air Balloon
|faint|p1a: Everest
|-end|p1a: Everest|fallen5|[silent]
|
|win|Mr Tpen
|raw|domingo a noite's rating: 1793 &rarr; <strong>1775</strong><br />(-18 for losing)
|raw|Mr Tpen's rating: 1825 &rarr; <strong>1843</strong><br />(+18 for winning)
|l|☆domingo a noite
|player|p1|
|c|☆Mr Tpen|Don’t call it a comeback
|l|☆Mr Tpen
|player|p2|
|c| moodrandom|backcome
|l| moodrandom
|j| Tidk
