|j|☆Goldfishguy123
|j|☆Heatheart12
|t:|1758317875
|gametype|singles
|player|p1|Goldfishguy123|265|1134
|player|p2|Heatheart12|preschooler|1107
|gen|9
|tier|[Gen 9] OU
|rated|
|rule|HP Percentage Mod: HP is shown in percentages
|rule|Endless Battle Clause: Forcing endless battles is banned
|rule|Species Clause: Limit one of each Pokémon
|rule|OHKO Clause: OHKO moves are banned
|rule|Evasion Items Clause: Evasion items are banned
|rule|Evasion Moves Clause: Evasion moves are banned
|rule|Evasion Abilities Clause: Evasion abilities are banned
|rule|Sleep Moves Clause: Sleep-inducing moves are banned
|clearpoke
|poke|p1|Arboliva, F|
|poke|p1|Torterra, F|
|poke|p1|Abomasnow, M|
|poke|p1|Meowscarada, F|
|poke|p1|Vileplume, F|
|poke|p1|Hydrapple, F|
|poke|p2|Morpeko, M|
|poke|p2|Noctowl, M|
|poke|p2|Oinkologne, M|
|poke|p2|Vikavolt, F|
|poke|p2|Arcanine, M|
|poke|p2|Salamence, F|
|teampreview
|inactive|Battle timer is ON: inactive players will automatically lose when time's up. (requested by Heatheart12)
|
|t:|1758317893
|teamsize|p1|6
|teamsize|p2|6
|start
|switch|p1a: Meowscarada|Meowscarada, F|100/100
|switch|p2a: Oinkologne|Oinkologne, M|100/100
|turn|1
|
|t:|1758317911
|move|p1a: Meowscarada|Play Rough|p2a: Oinkologne
|-start|p1a: Meowscarada|typechange|Fairy|[from] ability: Protean
|-damage|p2a: Oinkologne|43/100
|-enditem|p2a: Oinkologne|Ganlon Berry|[eat]
|-boost|p2a: Oinkologne|def|1|[from] item: Ganlon Berry
|-damage|p1a: Meowscarada|91/100|[from] item: Life Orb
|move|p2a: Oinkologne|Trailblaze|p1a: Meowscarada
|-damage|p1a: Meowscarada|73/100
|-boost|p2a: Oinkologne|spe|1
|
|upkeep
|turn|2
|
|t:|1758317926
|move|p1a: Meowscarada|Knock Off|p2a: Oinkologne
|-damage|p2a: Oinkologne|24/100
|-damage|p1a: Meowscarada|63/100|[from] item: Life Orb
|move|p2a: Oinkologne|Body Slam|p1a: Meowscarada
|-damage|p1a: Meowscarada|17/100
|
|upkeep
|turn|3
|
|t:|1758317949
|move|p1a: Meowscarada|Play Rough|p2a: Oinkologne
|-damage|p2a: Oinkologne|0 fnt
|faint|p2a: Oinkologne
|-damage|p1a: Meowscarada|7/100|[from] item: Life Orb
|
|upkeep
|
|t:|1758317959
|switch|p2a: Vikavolt|Vikavolt, F|100/100
|turn|4
|
|t:|1758317967
|switch|p1a: Vileplume|Vileplume, F|100/100
|move|p2a: Vikavolt|Agility|p2a: Vikavolt
|-boost|p2a: Vikavolt|spe|2
|
|upkeep
|turn|5
|
|t:|1758317981
|move|p2a: Vikavolt|Bug Buzz|p1a: Vileplume
|-damage|p1a: Vileplume|46/100
|move|p1a: Vileplume|Moonblast|p2a: Vikavolt
|-damage|p2a: Vikavolt|65/100
|
|-heal|p1a: Vileplume|52/100|[from] item: Leftovers
|upkeep
|turn|6
|
|t:|1758317990
|move|p1a: Vileplume|Protect|p1a: Vileplume
|-singleturn|p1a: Vileplume|Protect
|move|p2a: Vikavolt|Bug Buzz|p1a: Vileplume
|-activate|p1a: Vileplume|move: Protect
|
|-heal|p1a: Vileplume|58/100|[from] item: Leftovers
|upkeep
|turn|7
|
|t:|1758317998
|move|p2a: Vikavolt|Bug Buzz|p1a: Vileplume
|-damage|p1a: Vileplume|6/100
|move|p1a: Vileplume|Sludge Bomb|p2a: Vikavolt
|-damage|p2a: Vikavolt|6/100
|
|-heal|p1a: Vileplume|12/100|[from] item: Leftovers
|upkeep
|turn|8
|
|t:|1758318006
|move|p1a: Vileplume|Protect|p1a: Vileplume
|-singleturn|p1a: Vileplume|Protect
|move|p2a: Vikavolt|Bug Buzz|p1a: Vileplume
|-activate|p1a: Vileplume|move: Protect
|
|-heal|p1a: Vileplume|18/100|[from] item: Leftovers
|upkeep
|turn|9
|
|t:|1758318022
|move|p2a: Vikavolt|Bug Buzz|p1a: Vileplume
|-damage|p1a: Vileplume|0 fnt
|faint|p1a: Vileplume
|
|upkeep
|
|t:|1758318026
|switch|p1a: Abomasnow|Abomasnow, M|100/100
|-weather|Snowscape|[from] ability: Snow Warning|[of] p1a: Abomasnow
|turn|10
|
|t:|1758318032
|move|p1a: Abomasnow|Ice Shard|p2a: Vikavolt
|-damage|p2a: Vikavolt|0 fnt
|faint|p2a: Vikavolt
|
|-weather|Snowscape|[upkeep]
|upkeep
|
|t:|1758318040
|switch|p2a: Arcanine|Arcanine, M|100/100
|-ability|p2a: Arcanine|Intimidate|boost
|-unboost|p1a: Abomasnow|atk|1
|turn|11
|
|t:|1758318049
|-terastallize|p1a: Abomasnow|Ground
|move|p2a: Arcanine|Fire Fang|p1a: Abomasnow
|-damage|p1a: Abomasnow|71/100
|move|p1a: Abomasnow|Aurora Veil|p1a: Abomasnow
|-sidestart|p1: Goldfishguy123|move: Aurora Veil
|
|-weather|Snowscape|[upkeep]
|upkeep
|turn|12
|
|t:|1758318057
|move|p2a: Arcanine|Psychic Fangs|p1a: Abomasnow
|-sideend|p1: Goldfishguy123|move: Aurora Veil
|-damage|p1a: Abomasnow|46/100
|move|p1a: Abomasnow|Earthquake|p2a: Arcanine
|-supereffective|p2a: Arcanine
|-damage|p2a: Arcanine|44/100
|
|-weather|Snowscape|[upkeep]
|upkeep
|turn|13
|
|t:|1758318064
|move|p2a: Arcanine|Body Slam|p1a: Abomasnow
|-damage|p1a: Abomasnow|22/100
|-status|p1a: Abomasnow|par
|move|p1a: Abomasnow|Earthquake|p2a: Arcanine
|-supereffective|p2a: Arcanine
|-damage|p2a: Arcanine|0 fnt
|faint|p2a: Arcanine
|
|-weather|Snowscape|[upkeep]
|upkeep
|
|t:|1758318071
|switch|p2a: Noctowl|Noctowl, M|100/100
|turn|14
|
|t:|1758318076
|move|p2a: Noctowl|Tailwind|p2a: Noctowl
|-sidestart|p2: Heatheart12|move: Tailwind
|move|p1a: Abomasnow|Aurora Veil|p1a: Abomasnow
|-sidestart|p1: Goldfishguy123|move: Aurora Veil
|
|-weather|none
|upkeep
|turn|15
|
|t:|1758318084
|switch|p1a: Hydrapple|Hydrapple, F, shiny|100/100
|move|p2a: Noctowl|Hyper Voice|p1a: Hydrapple
|-damage|p1a: Hydrapple|87/100
|-enditem|p2a: Noctowl|Throat Spray
|-boost|p2a: Noctowl|spa|1|[from] item: Throat Spray
|
|upkeep
|turn|16
|
|t:|1758318097
|move|p2a: Noctowl|Air Slash|p1a: Hydrapple
|-supereffective|p1a: Hydrapple
|-damage|p1a: Hydrapple|57/100
|move|p1a: Hydrapple|Fickle Beam|p2a: Noctowl|[anim] Fickle Beam All Out
|-activate|p1a: Hydrapple|move: Fickle Beam
|-damage|p2a: Noctowl|31/100
|
|upkeep
|turn|17
|
|t:|1758318104
|move|p1a: Hydrapple|Sucker Punch|p2a: Noctowl
|-damage|p2a: Noctowl|13/100
|move|p2a: Noctowl|Moonblast|p1a: Hydrapple
|-supereffective|p1a: Hydrapple
|-damage|p1a: Hydrapple|29/100
|
|-sideend|p2: Heatheart12|move: Tailwind
|upkeep
|turn|18
|
|t:|1758318115
|move|p1a: Hydrapple|Sucker Punch||[still]
|-fail|p1a: Hydrapple
|move|p2a: Noctowl|Tailwind|p2a: Noctowl
|-sidestart|p2: Heatheart12|move: Tailwind
|
|upkeep
|turn|19
|
|t:|1758318119
|move|p1a: Hydrapple|Sucker Punch|p2a: Noctowl
|-damage|p2a: Noctowl|0 fnt
|faint|p2a: Noctowl
|
|upkeep
|
|t:|1758318123
|switch|p2a: Morpeko|Morpeko, M|100/100
|-item|p2a: Morpeko|Air Balloon
|turn|20
|
|t:|1758318140
|switch|p1a: Arboliva|Arboliva, F|100/100
|move|p2a: Morpeko|Ice Fang|p1a: Arboliva
|-supereffective|p1a: Arboliva
|-damage|p1a: Arboliva|83/100
|
|-formechange|p2a: Morpeko|Morpeko-Hangry||[from] ability: Hunger Switch
|upkeep
|turn|21
|
|t:|1758318151
|move|p2a: Morpeko|Charge|p2a: Morpeko
|-boost|p2a: Morpeko|spd|1
|-start|p2a: Morpeko|Charge
|move|p1a: Arboliva|Hyper Voice|p2a: Morpeko
|-damage|p2a: Morpeko|41/100
|-enditem|p2a: Morpeko|Air Balloon
|
|-sideend|p2: Heatheart12|move: Tailwind
|-sideend|p1: Goldfishguy123|move: Aurora Veil
|-formechange|p2a: Morpeko|Morpeko||[from] ability: Hunger Switch
|upkeep
|turn|22
|
|t:|1758318162
|move|p2a: Morpeko|Aura Wheel|p1a: Arboliva
|-resisted|p1a: Arboliva
|-damage|p1a: Arboliva|41/100
|-boost|p2a: Morpeko|spe|1
|-enditem|p1a: Arboliva|Sitrus Berry|[eat]
|-heal|p1a: Arboliva|66/100|[from] item: Sitrus Berry
|-end|p2a: Morpeko|Charge|[silent]
|move|p1a: Arboliva|Earth Power|p2a: Morpeko
|-supereffective|p2a: Morpeko
|-damage|p2a: Morpeko|0 fnt
|faint|p2a: Morpeko
|
|upkeep
|
|t:|1758318170
|switch|p2a: Salamence|Salamence, F|100/100
|turn|23
|
|t:|1758318175
|move|p2a: Salamence|Dragon Dance|p2a: Salamence
|-boost|p2a: Salamence|atk|1
|-boost|p2a: Salamence|spe|1
|move|p1a: Arboliva|Strength Sap|p2a: Salamence
|-unboost|p2a: Salamence|atk|1
|-heal|p1a: Arboliva|100/100
|
|-item|p1a: Arboliva|Sitrus Berry|[from] ability: Harvest
|upkeep
|turn|24
|
|t:|1758318184
|move|p2a: Salamence|Dragon Dance|p2a: Salamence
|-boost|p2a: Salamence|atk|1
|-boost|p2a: Salamence|spe|1
|move|p1a: Arboliva|Hyper Voice|p2a: Salamence
|-damage|p2a: Salamence|52/100
|
|upkeep
|turn|25
|
|t:|1758318190
|move|p2a: Salamence|Dual Wingbeat|p1a: Arboliva
|-supereffective|p1a: Arboliva
|-damage|p1a: Arboliva|35/100
|-enditem|p1a: Arboliva|Sitrus Berry|[eat]
|-heal|p1a: Arboliva|60/100|[from] item: Sitrus Berry
|-supereffective|p1a: Arboliva
|-damage|p1a: Arboliva|0 fnt
|faint|p1a: Arboliva
|-ability|p2a: Salamence|Moxie|boost
|-boost|p2a: Salamence|atk|1
|-hitcount|p1: Arboliva|2
|
|upkeep
|
|t:|1758318203
|switch|p1a: Abomasnow|Abomasnow, M, tera:Ground|22/100 par
|-weather|Snowscape|[from] ability: Snow Warning|[of] p1a: Abomasnow
|turn|26
|
|t:|1758318210
|-terastallize|p2a: Salamence|Steel
|cant|p1a: Abomasnow|par
|move|p2a: Salamence|Dragon Claw|p1a: Abomasnow
|-damage|p1a: Abomasnow|0 fnt
|faint|p1a: Abomasnow
|-ability|p2a: Salamence|Moxie|boost
|-boost|p2a: Salamence|atk|1
|
|-weather|Snowscape|[upkeep]
|upkeep
|
|t:|1758318231
|switch|p1a: Torterra|Torterra, F|100/100
|turn|27
|
|t:|1758318239
|move|p2a: Salamence|Dual Wingbeat|p1a: Torterra
|-supereffective|p1a: Torterra
|-damage|p1a: Torterra|0 fnt
|faint|p1a: Torterra
|-ability|p2a: Salamence|Moxie|boost
|-boost|p2a: Salamence|atk|1
|-hitcount|p1: Torterra|1
|
|-weather|Snowscape|[upkeep]
|upkeep
|
|t:|1758318246
|switch|p1a: Hydrapple|Hydrapple, F, shiny|62/100
|turn|28
|
|t:|1758318250
|move|p1a: Hydrapple|Sucker Punch|p2a: Salamence
|-damage|p2a: Salamence|35/100
|move|p2a: Salamence|Dragon Claw|p1a: Hydrapple
|-supereffective|p1a: Hydrapple
|-damage|p1a: Hydrapple|0 fnt
|faint|p1a: Hydrapple
|-ability|p2a: Salamence|Moxie|boost
|-boost|p2a: Salamence|atk|1
|
|-weather|Snowscape|[upkeep]
|upkeep
|inactive|Goldfishguy123 has 120 seconds left.
|
|t:|1758318299
|switch|p1a: Meowscarada|Meowscarada, F|7/100
|turn|29
|
|t:|1758318306
|move|p2a: Salamence|Iron Head|p1a: Meowscarada
|-damage|p1a: Meowscarada|0 fnt
|faint|p1a: Meowscarada
|
|win|Heatheart12
|raw|Goldfishguy123's rating: 1134 &rarr; <strong>1107</strong><br />(-27 for losing)
|raw|Heatheart12's rating: 1107 &rarr; <strong>1134</strong><br />(+27 for winning)
|l|☆Heatheart12
|player|p2|
