|j|‽LocalBusDriver
|j|☆Smoochywalus773!
|t:|1758299626
|gametype|singles
|player|p1|LocalBusDriver|hugh|1432
|player|p2|Smoochywalus773!|169|1379
|gen|9
|tier|[Gen 9] OU
|rated|
|rule|HP Percentage Mod: HP is shown in percentages
|rule|Endless Battle Clause: Forcing endless battles is banned
|rule|Species Clause: Limit one of each Pokémon
|rule|OHKO Clause: OHKO moves are banned
|rule|Evasion Items Clause: Evasion items are banned
|rule|Evasion Moves Clause: Evasion moves are banned
|rule|Evasion Abilities Clause: Evasion abilities are banned
|rule|Sleep Moves Clause: Sleep-inducing moves are banned
|clearpoke
|poke|p1|Pelipper, M|
|poke|p1|Barraskewda, F|
|poke|p1|Raging Bolt|
|poke|p1|Lycanroc-Dusk, M|
|poke|p1|Beartic, M|
|poke|p1|Kingambit, F|
|poke|p2|Alomomola, M|
|poke|p2|Ursaluna, F|
|poke|p2|Gliscor, M|
|poke|p2|Kingambit, M|
|poke|p2|Hoopa-Unbound|
|poke|p2|Skeledirge, F|
|teampreview
|inactive|Battle timer is ON: inactive players will automatically lose when time's up. (requested by Smoochywalus773!)
|
|t:|1758299654
|teamsize|p1|6
|teamsize|p2|6
|start
|switch|p1a: Lycanroc|Lycanroc-Dusk, M|100/100
|switch|p2a: Hoopa|Hoopa-Unbound|100/100
|turn|1
|
|t:|1758299660
|switch|p2a: Ursaluna|Ursaluna, F|100/100
|move|p1a: Lycanroc|Stealth Rock|p2a: Ursaluna
|-sidestart|p2: Smoochywalus773!|move: Stealth Rock
|
|-status|p2a: Ursaluna|brn|[from] item: Flame Orb
|upkeep
|turn|2
|
|t:|1758299668
|move|p1a: Lycanroc|Close Combat|p2a: Ursaluna
|-supereffective|p2a: Ursaluna
|-damage|p2a: Ursaluna|23/100 brn
|-unboost|p1a: Lycanroc|def|1
|-unboost|p1a: Lycanroc|spd|1
|move|p2a: Ursaluna|Facade|p1a: Lycanroc
|-resisted|p1a: Lycanroc
|-enditem|p1a: Lycanroc|Focus Sash
|-damage|p1a: Lycanroc|1/100
|
|-damage|p2a: Ursaluna|17/100 brn|[from] brn
|upkeep
|turn|3
|
|t:|1758299683
|switch|p2a: Gliscor|Gliscor, M|100/100
|-damage|p2a: Gliscor|88/100|[from] Stealth Rock
|move|p1a: Lycanroc|Close Combat|p2a: Gliscor
|-resisted|p2a: Gliscor
|-damage|p2a: Gliscor|72/100
|-unboost|p1a: Lycanroc|def|1
|-unboost|p1a: Lycanroc|spd|1
|
|-status|p2a: Gliscor|tox|[from] item: Toxic Orb
|upkeep
|turn|4
|
|t:|1758299686
|move|p2a: Gliscor|Protect|p2a: Gliscor
|-singleturn|p2a: Gliscor|Protect
|move|p1a: Lycanroc|Endeavor|p2a: Gliscor
|-activate|p2a: Gliscor|move: Protect
|
|-heal|p2a: Gliscor|85/100 tox|[from] ability: Poison Heal
|upkeep
|turn|5
|
|t:|1758299691
|move|p1a: Lycanroc|Endeavor|p2a: Gliscor
|-damage|p2a: Gliscor|1/100 tox
|move|p2a: Gliscor|Spikes|p1a: Lycanroc
|-sidestart|p1: LocalBusDriver|Spikes
|
|-heal|p2a: Gliscor|13/100 tox|[from] ability: Poison Heal
|upkeep
|turn|6
|
|t:|1758299704
|move|p2a: Gliscor|Protect|p2a: Gliscor
|-singleturn|p2a: Gliscor|Protect
|move|p1a: Lycanroc|Accelerock|p2a: Gliscor
|-activate|p2a: Gliscor|move: Protect
|
|-heal|p2a: Gliscor|26/100 tox|[from] ability: Poison Heal
|upkeep
|turn|7
|
|t:|1758299707
|move|p1a: Lycanroc|Accelerock|p2a: Gliscor
|-damage|p2a: Gliscor|11/100 tox
|move|p2a: Gliscor|Earthquake|p1a: Lycanroc
|-supereffective|p1a: Lycanroc
|-damage|p1a: Lycanroc|0 fnt
|faint|p1a: Lycanroc
|
|-heal|p2a: Gliscor|23/100 tox|[from] ability: Poison Heal
|upkeep
|
|t:|1758299717
|switch|p1a: Barraskewda|Barraskewda, F|100/100
|-damage|p1a: Barraskewda|88/100|[from] Spikes
|turn|8
|
|t:|1758299722
|move|p2a: Gliscor|Protect|p2a: Gliscor
|-singleturn|p2a: Gliscor|Protect
|move|p1a: Barraskewda|Flip Turn|p2a: Gliscor
|-activate|p2a: Gliscor|move: Protect
|
|-heal|p2a: Gliscor|36/100 tox|[from] ability: Poison Heal
|upkeep
|turn|9
|
|t:|1758299728
|switch|p2a: Alomomola|Alomomola, M|100/100
|move|p1a: Barraskewda|Flip Turn|p2a: Alomomola
|-resisted|p2a: Alomomola
|-damage|p2a: Alomomola|85/100
|
|t:|1758299735
|switch|p1a: Pelipper|Pelipper, M|100/100|[from] Flip Turn
|-weather|RainDance|[from] ability: Drizzle|[of] p1a: Pelipper
|
|-weather|RainDance|[upkeep]
|upkeep
|turn|10
|
|t:|1758299748
|move|p2a: Alomomola|Wish|p2a: Alomomola
|move|p1a: Pelipper|Knock Off|p2a: Alomomola
|-damage|p2a: Alomomola|76/100
|-enditem|p2a: Alomomola|Heavy-Duty Boots|[from] move: Knock Off|[of] p1a: Pelipper
|
|-weather|RainDance|[upkeep]
|upkeep
|turn|11
|
|t:|1758299754
|move|p2a: Alomomola|Flip Turn|p1a: Pelipper
|-resisted|p1a: Pelipper
|-damage|p1a: Pelipper|92/100
|
|t:|1758299758
|switch|p2a: Hoopa|Hoopa-Unbound|100/100|[from] Flip Turn
|-damage|p2a: Hoopa|88/100|[from] Stealth Rock
|move|p1a: Pelipper|Hurricane|p2a: Hoopa
|-damage|p2a: Hoopa|68/100
|
|-weather|RainDance|[upkeep]
|-heal|p2a: Hoopa|100/100|[from] move: Wish|[wisher] Alomomola
|upkeep
|turn|12
|
|t:|1758299786
|switch|p1a: Kingambit|Kingambit, F|100/100
|-activate|p1a: Kingambit|ability: Supreme Overlord
|-start|p1a: Kingambit|fallen1|[silent]
|-item|p1a: Kingambit|Air Balloon
|move|p2a: Hoopa|Future Sight|p1a: Kingambit
|-start|p2a: Hoopa|move: Future Sight
|
|-weather|RainDance|[upkeep]
|upkeep
|turn|13
|inactive|LocalBusDriver has 120 seconds left.
|
|t:|1758299826
|-terastallize|p1a: Kingambit|Fairy
|move|p2a: Hoopa|Focus Blast|p1a: Kingambit|[miss]
|-miss|p2a: Hoopa|p1a: Kingambit
|move|p1a: Kingambit|Swords Dance|p1a: Kingambit
|-boost|p1a: Kingambit|atk|2
|
|-weather|RainDance|[upkeep]
|upkeep
|turn|14
|
|t:|1758299835
|switch|p2a: Skeledirge|Skeledirge, F|100/100
|move|p1a: Kingambit|Kowtow Cleave|p2a: Skeledirge
|-supereffective|p2a: Skeledirge
|-damage|p2a: Skeledirge|15/100
|
|-weather|RainDance|[upkeep]
|-end|p1a: Kingambit|move: Future Sight
|-damage|p1a: Kingambit|8/100
|-enditem|p1a: Kingambit|Air Balloon
|upkeep
|turn|15
|
|t:|1758299851
|-terastallize|p2a: Skeledirge|Fairy
|move|p1a: Kingambit|Kowtow Cleave|p2a: Skeledirge
|-resisted|p2a: Skeledirge
|-damage|p2a: Skeledirge|0 fnt
|faint|p2a: Skeledirge
|
|-weather|RainDance|[upkeep]
|upkeep
|
|t:|1758299860
|switch|p2a: Alomomola|Alomomola, M|100/100
|-damage|p2a: Alomomola|88/100|[from] Stealth Rock
|turn|16
|
|t:|1758299870
|move|p1a: Kingambit|Kowtow Cleave|p2a: Alomomola
|-damage|p2a: Alomomola|12/100
|move|p2a: Alomomola|Flip Turn|p1a: Kingambit
|-damage|p1a: Kingambit|0 fnt
|faint|p1a: Kingambit
|-end|p1a: Kingambit|fallen1|[silent]
|
|t:|1758299876
|switch|p2a: Gliscor|Gliscor, M|36/100 tox|[from] Flip Turn
|-damage|p2a: Gliscor|23/100 tox|[from] Stealth Rock
|
|-weather|none
|-heal|p2a: Gliscor|36/100 tox|[from] ability: Poison Heal
|upkeep
|inactive|LocalBusDriver has 90 seconds left.
|
|t:|1758299910
|switch|p1a: Pelipper|Pelipper, M|92/100
|-weather|RainDance|[from] ability: Drizzle|[of] p1a: Pelipper
|turn|17
|inactive|LocalBusDriver has 90 seconds left.
|
|t:|1758299925
|switch|p1a: Beartic|Beartic, M|100/100
|-damage|p1a: Beartic|88/100|[from] Spikes
|move|p2a: Gliscor|Protect||[still]
|-fail|p2a: Gliscor
|
|-weather|RainDance|[upkeep]
|-heal|p2a: Gliscor|48/100 tox|[from] ability: Poison Heal
|upkeep
|turn|18
|inactive|LocalBusDriver has 90 seconds left.
|
|t:|1758299934
|move|p1a: Beartic|Swords Dance|p1a: Beartic
|-boost|p1a: Beartic|atk|2
|move|p2a: Gliscor|Earthquake|p1a: Beartic
|-damage|p1a: Beartic|48/100
|
|-weather|RainDance|[upkeep]
|-heal|p2a: Gliscor|61/100 tox|[from] ability: Poison Heal
|upkeep
|turn|19
|
|t:|1758299942
|switch|p2a: Ursaluna|Ursaluna, F|17/100 brn
|-damage|p2a: Ursaluna|11/100 brn|[from] Stealth Rock
|move|p1a: Beartic|Icicle Spear|p2a: Ursaluna
|-supereffective|p2a: Ursaluna
|-damage|p2a: Ursaluna|0 fnt
|faint|p2a: Ursaluna
|-hitcount|p2: Ursaluna|1
|
|-weather|RainDance|[upkeep]
|upkeep
|
|t:|1758299943
|switch|p2a: Alomomola|Alomomola, M|46/100
|-damage|p2a: Alomomola|33/100|[from] Stealth Rock
|turn|20
|
|t:|1758299949
|switch|p2a: Gliscor|Gliscor, M|61/100 tox
|-damage|p2a: Gliscor|48/100 tox|[from] Stealth Rock
|move|p1a: Beartic|Close Combat|p2a: Gliscor
|-resisted|p2a: Gliscor
|-damage|p2a: Gliscor|24/100 tox
|-unboost|p1a: Beartic|def|1
|-unboost|p1a: Beartic|spd|1
|
|-weather|RainDance|[upkeep]
|-heal|p2a: Gliscor|36/100 tox|[from] ability: Poison Heal
|upkeep
|turn|21
|
|t:|1758299958
|switch|p2a: Alomomola|Alomomola, M|67/100
|-damage|p2a: Alomomola|54/100|[from] Stealth Rock
|move|p1a: Beartic|Icicle Spear|p2a: Alomomola
|-resisted|p2a: Alomomola
|-damage|p2a: Alomomola|46/100
|-resisted|p2a: Alomomola
|-damage|p2a: Alomomola|37/100
|-resisted|p2a: Alomomola
|-damage|p2a: Alomomola|28/100
|-resisted|p2a: Alomomola
|-damage|p2a: Alomomola|19/100
|-hitcount|p2a: Alomomola|4
|
|-weather|RainDance|[upkeep]
|upkeep
|turn|22
|
|t:|1758299969
|move|p2a: Alomomola|Protect|p2a: Alomomola
|-singleturn|p2a: Alomomola|Protect
|move|p1a: Beartic|Icicle Spear|p2a: Alomomola
|-activate|p2a: Alomomola|move: Protect
|
|-weather|RainDance|[upkeep]
|upkeep
|turn|23
|
|t:|1758299976
|move|p1a: Beartic|Icicle Spear|p2a: Alomomola
|-resisted|p2a: Alomomola
|-damage|p2a: Alomomola|11/100
|-resisted|p2a: Alomomola
|-damage|p2a: Alomomola|2/100
|-resisted|p2a: Alomomola
|-crit|p2a: Alomomola
|-damage|p2a: Alomomola|0 fnt
|faint|p2a: Alomomola
|-hitcount|p2: Alomomola|3
|
|-weather|RainDance|[upkeep]
|upkeep
|
|t:|1758299978
|switch|p2a: Gliscor|Gliscor, M|36/100 tox
|-damage|p2a: Gliscor|24/100 tox|[from] Stealth Rock
|turn|24
|
|t:|1758299989
|move|p2a: Gliscor|Protect|p2a: Gliscor
|-singleturn|p2a: Gliscor|Protect
|move|p1a: Beartic|Icicle Spear|p2a: Gliscor
|-activate|p2a: Gliscor|move: Protect
|
|-weather|none
|-heal|p2a: Gliscor|36/100 tox|[from] ability: Poison Heal
|upkeep
|turn|25
|
|t:|1758299993
|move|p2a: Gliscor|Earthquake|p1a: Beartic
|-crit|p1a: Beartic
|-damage|p1a: Beartic|0 fnt
|faint|p1a: Beartic
|
|-heal|p2a: Gliscor|49/100 tox|[from] ability: Poison Heal
|upkeep
|
|t:|1758300007
|switch|p1a: Barraskewda|Barraskewda, F|88/100
|-damage|p1a: Barraskewda|76/100|[from] Spikes
|turn|26
|
|t:|1758300021
|switch|p2a: Hoopa|Hoopa-Unbound|100/100
|-damage|p2a: Hoopa|88/100|[from] Stealth Rock
|move|p1a: Barraskewda|Flip Turn|p2a: Hoopa
|-damage|p2a: Hoopa|8/100
|inactive|LocalBusDriver has 120 seconds left.
|
|t:|1758300052
|switch|p1a: Pelipper|Pelipper, M|92/100|[from] Flip Turn
|-weather|RainDance|[from] ability: Drizzle|[of] p1a: Pelipper
|
|-weather|RainDance|[upkeep]
|upkeep
|turn|27
|inactive|LocalBusDriver has 120 seconds left.
|
|t:|1758300080
|move|p2a: Hoopa|Dark Pulse|p1a: Pelipper
|-damage|p1a: Pelipper|9/100
|move|p1a: Pelipper|Knock Off|p2a: Hoopa
|-damage|p2a: Hoopa|0 fnt
|-enditem|p2a: Hoopa|Assault Vest|[from] move: Knock Off|[of] p1a: Pelipper
|faint|p2a: Hoopa
|
|-weather|RainDance|[upkeep]
|upkeep
|
|t:|1758300087
|switch|p2a: Gliscor|Gliscor, M|49/100 tox
|-damage|p2a: Gliscor|36/100 tox|[from] Stealth Rock
|turn|28
|inactive|LocalBusDriver has 120 seconds left.
|
|t:|1758300099
|move|p2a: Gliscor|Ice Fang|p1a: Pelipper
|-damage|p1a: Pelipper|0 fnt
|faint|p1a: Pelipper
|
|-weather|RainDance|[upkeep]
|-heal|p2a: Gliscor|49/100 tox|[from] ability: Poison Heal
|upkeep
|
|t:|1758300102
|switch|p1a: Barraskewda|Barraskewda, F|76/100
|-damage|p1a: Barraskewda|64/100|[from] Spikes
|turn|29
|
|t:|1758300106
|move|p2a: Gliscor|Protect|p2a: Gliscor
|-singleturn|p2a: Gliscor|Protect
|move|p1a: Barraskewda|Liquidation|p2a: Gliscor
|-activate|p2a: Gliscor|move: Protect
|
|-weather|RainDance|[upkeep]
|-heal|p2a: Gliscor|61/100 tox|[from] ability: Poison Heal
|upkeep
|turn|30
|
|t:|1758300110
|move|p1a: Barraskewda|Liquidation|p2a: Gliscor
|-supereffective|p2a: Gliscor
|-damage|p2a: Gliscor|0 fnt
|faint|p2a: Gliscor
|
|-weather|RainDance|[upkeep]
|upkeep
|
|t:|1758300112
|switch|p2a: Kingambit|Kingambit, M|100/100
|-damage|p2a: Kingambit|94/100|[from] Stealth Rock
|-activate|p2a: Kingambit|ability: Supreme Overlord
|-start|p2a: Kingambit|fallen5|[silent]
|turn|31
|
|t:|1758300114
|move|p2a: Kingambit|Sucker Punch|p1a: Barraskewda
|-damage|p1a: Barraskewda|0 fnt
|faint|p1a: Barraskewda
|
|-weather|RainDance|[upkeep]
|-heal|p2a: Kingambit|100/100|[from] item: Leftovers
|upkeep
|
|t:|1758300116
|switch|p1a: Raging Bolt|Raging Bolt|100/100
|-damage|p1a: Raging Bolt|88/100|[from] Spikes
|turn|32
|
|t:|1758300124
|move|p1a: Raging Bolt|Thunderbolt|p2a: Kingambit
|-damage|p2a: Kingambit|49/100
|-status|p2a: Kingambit|par
|move|p2a: Kingambit|Kowtow Cleave|p1a: Raging Bolt
|-damage|p1a: Raging Bolt|24/100
|
|-weather|RainDance|[upkeep]
|-heal|p1a: Raging Bolt|30/100|[from] item: Leftovers
|-heal|p2a: Kingambit|55/100 par|[from] item: Leftovers
|upkeep
|turn|33
|
|t:|1758300130
|move|p1a: Raging Bolt|Thunderclap|p2a: Kingambit
|-damage|p2a: Kingambit|12/100 par
|cant|p2a: Kingambit|par
|
|-weather|none
|-heal|p1a: Raging Bolt|36/100|[from] item: Leftovers
|-heal|p2a: Kingambit|19/100 par|[from] item: Leftovers
|upkeep
|turn|34
|-message|Smoochywalus773! forfeited.
|
|win|LocalBusDriver
|raw|LocalBusDriver's rating: 1432 &rarr; <strong>1449</strong><br />(+17 for winning)
|raw|Smoochywalus773!'s rating: 1379 &rarr; <strong>1362</strong><br />(-17 for losing)
|l|☆Smoochywalus773!
|player|p2|
|l|‽LocalBusDriver
|player|p1|
