|j|☆edras16
|j|☆will1994
|t:|1758309089
|gametype|singles
|player|p1|edras16|265|1519
|player|p2|will1994|red|1519
|gen|9
|tier|[Gen 9] OU
|rated|
|rule|HP Percentage Mod: HP is shown in percentages
|rule|Endless Battle Clause: Forcing endless battles is banned
|rule|Species Clause: Limit one of each Pokémon
|rule|OHKO Clause: OHKO moves are banned
|rule|Evasion Items Clause: Evasion items are banned
|rule|Evasion Moves Clause: Evasion moves are banned
|rule|Evasion Abilities Clause: Evasion abilities are banned
|rule|Sleep Moves Clause: Sleep-inducing moves are banned
|clearpoke
|poke|p1|Ceruledge, M|
|poke|p1|Dragapult, F|
|poke|p1|Iron Valiant|
|poke|p1|Samurott-Hisui, F|
|poke|p1|Scizor, M|
|poke|p1|Iron Treads|
|poke|p2|Rillaboom, M|
|poke|p2|Charizard, M|
|poke|p2|Corviknight, M|
|poke|p2|Kleavor, F|
|poke|p2|Clodsire, M|
|poke|p2|Samurott-Hisui, F|
|teampreview
|
|t:|1758309095
|teamsize|p1|6
|teamsize|p2|6
|start
|switch|p1a: Ceruledge|Ceruledge, M|100/100
|switch|p2a: Kleavor|Kleavor, F|100/100
|turn|1
|
|t:|1758309100
|switch|p1a: Iron Treads|Iron Treads|100/100
|move|p2a: Kleavor|Stone Axe|p1a: Iron Treads
|-resisted|p1a: Iron Treads
|-damage|p1a: Iron Treads|88/100
|-sidestart|p1: edras16|move: Stealth Rock
|
|upkeep
|turn|2
|
|t:|1758309103
|switch|p2a: Corviknight|Corviknight, M|100/100
|-ability|p2a: Corviknight|Pressure
|move|p1a: Iron Treads|Earthquake|p2a: Corviknight
|-immune|p2a: Corviknight
|
|upkeep
|turn|3
|
|t:|1758309107
|-end|p1a: Iron Treads|Quark Drive|[silent]
|switch|p1a: Ceruledge|Ceruledge, M|100/100
|-damage|p1a: Ceruledge|76/100|[from] Stealth Rock
|move|p2a: Corviknight|Brave Bird|p1a: Ceruledge
|-damage|p1a: Ceruledge|23/100
|-damage|p2a: Corviknight|88/100|[from] Recoil
|
|upkeep
|turn|4
|
|t:|1758309119
|switch|p2a: Charizard|Charizard, M|100/100
|move|p1a: Ceruledge|Bitter Blade|p2a: Charizard
|-resisted|p2a: Charizard
|-damage|p2a: Charizard|53/100
|-heal|p1a: Ceruledge|47/100|[from] drain|[of] p2a: Charizard
|
|upkeep
|turn|5
|
|t:|1758309124
|move|p2a: Charizard|Scorching Sands|p1a: Ceruledge
|-supereffective|p1a: Ceruledge
|-damage|p1a: Ceruledge|0 fnt
|faint|p1a: Ceruledge
|
|upkeep
|
|t:|1758309134
|switch|p1a: Samurott|Samurott-Hisui, F|100/100
|-damage|p1a: Samurott|88/100|[from] Stealth Rock
|turn|6
|
|t:|1758309137
|switch|p2a: Corviknight|Corviknight, M|88/100
|-ability|p2a: Corviknight|Pressure
|move|p1a: Samurott|Razor Shell|p2a: Corviknight
|-damage|p2a: Corviknight|38/100
|-damage|p1a: Samurott|72/100|[from] item: Rocky Helmet|[of] p2a: Corviknight
|
|upkeep
|turn|7
|
|t:|1758309147
|switch|p2a: Rillaboom|Rillaboom, M|100/100
|-fieldstart|move: Grassy Terrain|[from] ability: Grassy Surge|[of] p2a: Rillaboom
|move|p1a: Samurott|Razor Shell|p2a: Rillaboom
|-resisted|p2a: Rillaboom
|-damage|p2a: Rillaboom|59/100
|
|-heal|p1a: Samurott|78/100|[from] Grassy Terrain
|-heal|p2a: Rillaboom|65/100|[from] Grassy Terrain
|upkeep
|turn|8
|
|t:|1758309152
|switch|p1a: Scizor|Scizor, M|100/100
|-damage|p1a: Scizor|88/100|[from] Stealth Rock
|move|p2a: Rillaboom|Grassy Glide|p1a: Scizor
|-resisted|p1a: Scizor
|-damage|p1a: Scizor|73/100
|
|-heal|p2a: Rillaboom|71/100|[from] Grassy Terrain
|-heal|p1a: Scizor|79/100|[from] Grassy Terrain
|upkeep
|turn|9
|
|t:|1758309156
|switch|p2a: Corviknight|Corviknight, M|38/100
|-ability|p2a: Corviknight|Pressure
|move|p1a: Scizor|Close Combat|p2a: Corviknight
|-damage|p2a: Corviknight|0 fnt
|-unboost|p1a: Scizor|def|1
|-unboost|p1a: Scizor|spd|1
|-damage|p1a: Scizor|62/100|[from] item: Rocky Helmet|[of] p2a: Corviknight
|faint|p2a: Corviknight
|
|-heal|p1a: Scizor|68/100|[from] Grassy Terrain
|upkeep
|j| AntdonPokemon
|l| AntdonPokemon
|
|t:|1758309171
|switch|p2a: Charizard|Charizard, M|53/100
|turn|10
|
|t:|1758309176
|switch|p1a: Samurott|Samurott-Hisui, F|78/100
|-damage|p1a: Samurott|65/100|[from] Stealth Rock
|move|p2a: Charizard|Air Slash|p1a: Samurott
|-damage|p1a: Samurott|0 fnt
|faint|p1a: Samurott
|
|upkeep
|
|t:|1758309179
|switch|p1a: Dragapult|Dragapult, F|100/100
|-damage|p1a: Dragapult|88/100|[from] Stealth Rock
|turn|11
|
|t:|1758309184
|switch|p2a: Samurott|Samurott-Hisui, F|100/100
|-terastallize|p1a: Dragapult|Dragon
|move|p1a: Dragapult|Dragon Darts|p2a: Samurott
|-damage|p2a: Samurott|50/100
|-anim|p1a: Dragapult|Dragon Darts|p2a: Samurott
|-damage|p2a: Samurott|0 fnt
|faint|p2a: Samurott
|
|-heal|p1a: Dragapult|94/100|[from] Grassy Terrain
|-fieldend|move: Grassy Terrain
|upkeep
|
|t:|1758309192
|switch|p2a: Clodsire|Clodsire, M|100/100
|turn|12
|
|t:|1758309198
|switch|p1a: Iron Treads|Iron Treads|88/100
|-damage|p1a: Iron Treads|85/100|[from] Stealth Rock
|move|p2a: Clodsire|Stockpile|p2a: Clodsire
|-start|p2a: Clodsire|stockpile1
|-boost|p2a: Clodsire|def|1
|-boost|p2a: Clodsire|spd|1
|
|upkeep
|turn|13
|
|t:|1758309202
|move|p1a: Iron Treads|Earthquake|p2a: Clodsire
|-supereffective|p2a: Clodsire
|-damage|p2a: Clodsire|33/100
|move|p2a: Clodsire|Stockpile|p2a: Clodsire
|-start|p2a: Clodsire|stockpile2
|-boost|p2a: Clodsire|def|1
|-boost|p2a: Clodsire|spd|1
|
|-heal|p2a: Clodsire|40/100|[from] item: Leftovers
|upkeep
|turn|14
|
|t:|1758309207
|-terastallize|p2a: Clodsire|Fighting
|move|p1a: Iron Treads|Earthquake|p2a: Clodsire
|-damage|p2a: Clodsire|15/100
|move|p2a: Clodsire|Recover|p2a: Clodsire
|-heal|p2a: Clodsire|65/100
|
|-heal|p2a: Clodsire|71/100|[from] item: Leftovers
|upkeep
|turn|15
|
|t:|1758309210
|-end|p1a: Iron Treads|Quark Drive|[silent]
|switch|p1a: Iron Valiant|Iron Valiant|100/100
|-damage|p1a: Iron Valiant|94/100|[from] Stealth Rock
|move|p2a: Clodsire|Stockpile|p2a: Clodsire
|-start|p2a: Clodsire|stockpile3
|-boost|p2a: Clodsire|def|1
|-boost|p2a: Clodsire|spd|1
|
|-heal|p2a: Clodsire|77/100|[from] item: Leftovers
|upkeep
|turn|16
|
|t:|1758309213
|move|p1a: Iron Valiant|Spirit Break|p2a: Clodsire
|-supereffective|p2a: Clodsire
|-damage|p2a: Clodsire|46/100
|-unboost|p2a: Clodsire|spa|1
|move|p2a: Clodsire|Toxic|p1a: Iron Valiant|[miss]
|-miss|p2a: Clodsire|p1a: Iron Valiant
|
|-heal|p2a: Clodsire|52/100|[from] item: Leftovers
|upkeep
|turn|17
|
|t:|1758309217
|move|p1a: Iron Valiant|Spirit Break|p2a: Clodsire
|-supereffective|p2a: Clodsire
|-damage|p2a: Clodsire|16/100
|-unboost|p2a: Clodsire|spa|1
|move|p2a: Clodsire|Recover|p2a: Clodsire
|-heal|p2a: Clodsire|66/100
|
|-heal|p2a: Clodsire|72/100|[from] item: Leftovers
|upkeep
|turn|18
|
|t:|1758309219
|move|p1a: Iron Valiant|Spirit Break|p2a: Clodsire
|-supereffective|p2a: Clodsire
|-damage|p2a: Clodsire|39/100
|-unboost|p2a: Clodsire|spa|1
|move|p2a: Clodsire|Toxic|p1a: Iron Valiant
|-status|p1a: Iron Valiant|tox
|
|-heal|p2a: Clodsire|45/100|[from] item: Leftovers
|-damage|p1a: Iron Valiant|88/100 tox|[from] psn
|upkeep
|turn|19
|
|t:|1758309221
|move|p1a: Iron Valiant|Spirit Break|p2a: Clodsire
|-supereffective|p2a: Clodsire
|-damage|p2a: Clodsire|13/100
|-unboost|p2a: Clodsire|spa|1
|move|p2a: Clodsire|Recover|p2a: Clodsire
|-heal|p2a: Clodsire|63/100
|
|-heal|p2a: Clodsire|69/100|[from] item: Leftovers
|-damage|p1a: Iron Valiant|76/100 tox|[from] psn
|upkeep
|turn|20
|
|t:|1758309223
|move|p1a: Iron Valiant|Spirit Break|p2a: Clodsire
|-supereffective|p2a: Clodsire
|-damage|p2a: Clodsire|34/100
|-unboost|p2a: Clodsire|spa|1
|move|p2a: Clodsire|Recover|p2a: Clodsire
|-heal|p2a: Clodsire|84/100
|
|-heal|p2a: Clodsire|90/100|[from] item: Leftovers
|-damage|p1a: Iron Valiant|57/100 tox|[from] psn
|upkeep
|turn|21
|
|t:|1758309227
|move|p1a: Iron Valiant|Spirit Break|p2a: Clodsire
|-supereffective|p2a: Clodsire
|-damage|p2a: Clodsire|55/100
|-unboost|p2a: Clodsire|spa|1
|move|p2a: Clodsire|Body Press|p1a: Iron Valiant
|-resisted|p1a: Iron Valiant
|-damage|p1a: Iron Valiant|10/100 tox
|
|-heal|p2a: Clodsire|61/100|[from] item: Leftovers
|-damage|p1a: Iron Valiant|0 fnt|[from] psn
|faint|p1a: Iron Valiant
|-end|p1a: Iron Valiant|Quark Drive|[silent]
|upkeep
|
|t:|1758309235
|switch|p1a: Iron Treads|Iron Treads|85/100
|-damage|p1a: Iron Treads|81/100|[from] Stealth Rock
|turn|22
|
|t:|1758309242
|move|p1a: Iron Treads|Earthquake|p2a: Clodsire
|-damage|p2a: Clodsire|41/100
|move|p2a: Clodsire|Body Press|p1a: Iron Treads
|-supereffective|p1a: Iron Treads
|-damage|p1a: Iron Treads|0 fnt
|faint|p1a: Iron Treads
|-end|p1a: Iron Treads|Quark Drive|[silent]
|
|-heal|p2a: Clodsire|47/100|[from] item: Leftovers
|upkeep
|
|t:|1758309246
|switch|p1a: Dragapult|Dragapult, F, tera:Dragon|94/100
|-damage|p1a: Dragapult|82/100|[from] Stealth Rock
|turn|23
|
|t:|1758309249
|move|p1a: Dragapult|Dragon Darts|p2a: Clodsire
|-damage|p2a: Clodsire|33/100
|-anim|p1a: Dragapult|Dragon Darts|p2a: Clodsire
|-damage|p2a: Clodsire|18/100
|move|p2a: Clodsire|Recover|p2a: Clodsire
|-heal|p2a: Clodsire|68/100
|
|-heal|p2a: Clodsire|75/100|[from] item: Leftovers
|upkeep
|turn|24
|
|t:|1758309252
|move|p1a: Dragapult|Dragon Darts|p2a: Clodsire
|-damage|p2a: Clodsire|59/100
|-anim|p1a: Dragapult|Dragon Darts|p2a: Clodsire
|-damage|p2a: Clodsire|44/100
|move|p2a: Clodsire|Toxic|p1a: Dragapult
|-status|p1a: Dragapult|tox
|
|-heal|p2a: Clodsire|51/100|[from] item: Leftovers
|-damage|p1a: Dragapult|76/100 tox|[from] psn
|upkeep
|turn|25
|
|t:|1758309254
|move|p1a: Dragapult|Dragon Darts|p2a: Clodsire
|-damage|p2a: Clodsire|36/100
|-anim|p1a: Dragapult|Dragon Darts|p2a: Clodsire
|-damage|p2a: Clodsire|21/100
|move|p2a: Clodsire|Recover|p2a: Clodsire
|-heal|p2a: Clodsire|71/100
|
|-heal|p2a: Clodsire|77/100|[from] item: Leftovers
|-damage|p1a: Dragapult|64/100 tox|[from] psn
|upkeep
|turn|26
|
|t:|1758309256
|move|p1a: Dragapult|Dragon Darts|p2a: Clodsire
|-damage|p2a: Clodsire|64/100
|-anim|p1a: Dragapult|Dragon Darts|p2a: Clodsire
|-damage|p2a: Clodsire|49/100
|move|p2a: Clodsire|Body Press|p1a: Dragapult
|-damage|p1a: Dragapult|0 fnt
|faint|p1a: Dragapult
|
|-heal|p2a: Clodsire|55/100|[from] item: Leftovers
|upkeep
|-message|edras16 forfeited.
|
|win|will1994
|raw|edras16's rating: 1519 &rarr; <strong>1499</strong><br />(-20 for losing)
|raw|will1994's rating: 1519 &rarr; <strong>1539</strong><br />(+20 for winning)
|l|☆edras16
|player|p1|
