|j|☆Sumoterminator
|j|☆masonthechef
|t:|1758240206
|gametype|singles
|player|p1|Sumoterminator|fisherman-gen4|1100
|player|p2|masonthechef|pryce|1108
|gen|9
|tier|[Gen 9] OU
|rated|
|rule|HP Percentage Mod: HP is shown in percentages
|rule|Endless Battle Clause: Forcing endless battles is banned
|rule|Species Clause: Limit one of each Pokémon
|rule|OHKO Clause: OHKO moves are banned
|rule|Evasion Items Clause: Evasion items are banned
|rule|Evasion Moves Clause: Evasion moves are banned
|rule|Evasion Abilities Clause: Evasion abilities are banned
|rule|Sleep Moves Clause: Sleep-inducing moves are banned
|clearpoke
|poke|p1|Toxicroak, F|
|poke|p1|Pelipper, F|
|poke|p1|Quaquaval, F|
|poke|p1|Barraskewda, F|
|poke|p1|Zapdos|
|poke|p1|Raging Bolt|
|poke|p2|Ninetales-Alola, M|
|poke|p2|Articuno|
|poke|p2|Hitmontop, M|
|poke|p2|Glimmora, M|
|poke|p2|Gyarados, F|
|poke|p2|Goodra-Hisui, M|
|teampreview
|inactive|Battle timer is ON: inactive players will automatically lose when time's up. (requested by Sumoterminator)
|
|t:|1758240216
|teamsize|p1|6
|teamsize|p2|6
|start
|switch|p1a: Toxicroak|Toxicroak, F|100/100
|switch|p2a: Glimmora|Glimmora, M|100/100
|turn|1
|
|t:|1758240224
|move|p2a: Glimmora|Earth Power|p1a: Toxicroak
|-supereffective|p1a: Toxicroak
|-damage|p1a: Toxicroak|33/100
|move|p1a: Toxicroak|Encore|p2a: Glimmora
|-start|p2a: Glimmora|Encore
|
|-heal|p1a: Toxicroak|39/100|[from] item: Black Sludge
|upkeep
|turn|2
|
|t:|1758240242
|switch|p2a: Gunkanmaki|Gyarados, F|100/100
|-ability|p2a: Gunkanmaki|Intimidate|boost
|-unboost|p1a: Toxicroak|atk|1
|switch|p1a: Zapdos|Zapdos|100/100
|
|upkeep
|turn|3
|
|t:|1758240253
|switch|p2a: Goodra|Goodra-Hisui, M|100/100
|move|p1a: Zapdos|U-turn|p2a: Goodra
|-resisted|p2a: Goodra
|-damage|p2a: Goodra|96/100
|
|t:|1758240257
|switch|p1a: Pelipper|Pelipper, F|100/100|[from] U-turn
|-weather|RainDance|[from] ability: Drizzle|[of] p1a: Pelipper
|
|-weather|RainDance|[upkeep]
|-heal|p2a: Goodra|100/100|[from] item: Leftovers
|upkeep
|turn|4
|
|t:|1758240266
|move|p1a: Pelipper|U-turn|p2a: Goodra
|-resisted|p2a: Goodra
|-damage|p2a: Goodra|98/100
|
|t:|1758240270
|switch|p1a: Toxicroak|Toxicroak, F|39/100|[from] U-turn
|move|p2a: Goodra|Dragon Tail|p1a: Toxicroak
|-damage|p1a: Toxicroak|23/100
|drag|p1a: Pelipper|Pelipper, F|100/100
|
|-weather|RainDance|[upkeep]
|-heal|p2a: Goodra|100/100|[from] item: Leftovers
|upkeep
|turn|5
|
|t:|1758240280
|move|p1a: Pelipper|U-turn|p2a: Goodra
|-resisted|p2a: Goodra
|-damage|p2a: Goodra|97/100
|
|t:|1758240281
|switch|p1a: Toxicroak|Toxicroak, F|23/100|[from] U-turn
|move|p2a: Goodra|Shelter|p2a: Goodra
|-boost|p2a: Goodra|def|2
|
|-weather|RainDance|[upkeep]
|-heal|p1a: Toxicroak|35/100|[from] ability: Dry Skin
|-heal|p1a: Toxicroak|42/100|[from] item: Black Sludge
|-heal|p2a: Goodra|100/100|[from] item: Leftovers
|upkeep
|turn|6
|
|t:|1758240299
|switch|p2a: Glimmora|Glimmora, M|100/100
|move|p1a: Toxicroak|Encore||[still]
|-fail|p1a: Toxicroak
|
|-weather|RainDance|[upkeep]
|-heal|p1a: Toxicroak|54/100|[from] ability: Dry Skin
|-heal|p1a: Toxicroak|60/100|[from] item: Black Sludge
|upkeep
|turn|7
|
|t:|1758240309
|switch|p1a: Quaquaval|Quaquaval, F|100/100
|move|p2a: Glimmora|Stealth Rock|p1a: Quaquaval
|-sidestart|p1: Sumoterminator|move: Stealth Rock
|
|-weather|RainDance|[upkeep]
|upkeep
|turn|8
|
|t:|1758240320
|switch|p2a: Gunkanmaki|Gyarados, F|100/100
|-ability|p2a: Gunkanmaki|Intimidate|boost
|-unboost|p1a: Quaquaval|atk|1
|move|p1a: Quaquaval|Rapid Spin|p2a: Gunkanmaki
|-crit|p2a: Gunkanmaki
|-damage|p2a: Gunkanmaki|69/100
|-boost|p1a: Quaquaval|spe|1
|-sideend|p1: Sumoterminator|Stealth Rock|[from] move: Rapid Spin|[of] p1a: Quaquaval
|
|-weather|RainDance|[upkeep]
|upkeep
|turn|9
|
|t:|1758240343
|move|p1a: Quaquaval|U-turn|p2a: Gunkanmaki
|-resisted|p2a: Gunkanmaki
|-damage|p2a: Gunkanmaki|60/100
|
|t:|1758240348
|switch|p1a: Zapdos|Zapdos|100/100|[from] U-turn
|move|p2a: Gunkanmaki|Waterfall|p1a: Zapdos
|-damage|p1a: Zapdos|28/100
|-status|p2a: Gunkanmaki|par|[from] ability: Static|[of] p1a: Zapdos
|
|-weather|RainDance|[upkeep]
|upkeep
|turn|10
|
|t:|1758240360
|switch|p2a: Glimmora|Glimmora, M|100/100
|move|p1a: Zapdos|Hurricane|p2a: Glimmora
|-resisted|p2a: Glimmora
|-crit|p2a: Glimmora
|-damage|p2a: Glimmora|29/100
|-start|p2a: Glimmora|confusion
|
|-weather|none
|upkeep
|turn|11
|
|t:|1758240372
|switch|p2a: Goodra|Goodra-Hisui, M|100/100
|move|p1a: Zapdos|Hurricane|p2a: Goodra
|-resisted|p2a: Goodra
|-damage|p2a: Goodra|70/100
|
|-heal|p2a: Goodra|77/100|[from] item: Leftovers
|upkeep
|turn|12
|
|t:|1758240382
|switch|p1a: Pelipper|Pelipper, F|100/100
|-weather|RainDance|[from] ability: Drizzle|[of] p1a: Pelipper
|move|p2a: Goodra|Dragon Tail|p1a: Pelipper
|-damage|p1a: Pelipper|84/100
|drag|p1a: Zapdos|Zapdos|28/100
|
|-weather|RainDance|[upkeep]
|-heal|p2a: Goodra|83/100|[from] item: Leftovers
|upkeep
|turn|13
|
|t:|1758240394
|move|p1a: Zapdos|Hurricane|p2a: Goodra
|-resisted|p2a: Goodra
|-damage|p2a: Goodra|56/100
|-start|p2a: Goodra|confusion
|-activate|p2a: Goodra|confusion
|move|p2a: Goodra|Shelter|p2a: Goodra
|-boost|p2a: Goodra|def|2
|
|-weather|RainDance|[upkeep]
|-heal|p2a: Goodra|62/100|[from] item: Leftovers
|upkeep
|turn|14
|
|t:|1758240404
|move|p1a: Zapdos|Hurricane|p2a: Goodra
|-resisted|p2a: Goodra
|-damage|p2a: Goodra|35/100
|-activate|p2a: Goodra|confusion
|-damage|p2a: Goodra|32/100|[from] confusion
|
|-weather|RainDance|[upkeep]
|-heal|p2a: Goodra|39/100|[from] item: Leftovers
|upkeep
|turn|15
|
|t:|1758240417
|move|p1a: Zapdos|Hurricane|p2a: Goodra
|-resisted|p2a: Goodra
|-damage|p2a: Goodra|11/100
|-activate|p2a: Goodra|confusion
|move|p2a: Goodra|Life Dew|p2a: Goodra
|-heal|p2a: Goodra|36/100
|
|-weather|RainDance|[upkeep]
|-heal|p2a: Goodra|42/100|[from] item: Leftovers
|upkeep
|turn|16
|
|t:|1758240427
|move|p1a: Zapdos|Hurricane|p2a: Goodra
|-resisted|p2a: Goodra
|-damage|p2a: Goodra|15/100
|-end|p2a: Goodra|confusion
|move|p2a: Goodra|Life Dew|p2a: Goodra
|-heal|p2a: Goodra|40/100
|
|-weather|RainDance|[upkeep]
|-heal|p2a: Goodra|46/100|[from] item: Leftovers
|upkeep
|turn|17
|
|t:|1758240437
|move|p1a: Zapdos|Hurricane|p2a: Goodra
|-resisted|p2a: Goodra
|-damage|p2a: Goodra|17/100
|move|p2a: Goodra|Life Dew|p2a: Goodra
|-heal|p2a: Goodra|42/100
|
|-weather|RainDance|[upkeep]
|-heal|p2a: Goodra|48/100|[from] item: Leftovers
|upkeep
|turn|18
|
|t:|1758240449
|move|p1a: Zapdos|Hurricane|p2a: Goodra
|-resisted|p2a: Goodra
|-damage|p2a: Goodra|21/100
|move|p2a: Goodra|Dragon Tail|p1a: Zapdos
|-damage|p1a: Zapdos|6/100
|-status|p2a: Goodra|par|[from] ability: Static|[of] p1a: Zapdos
|drag|p1a: Quaquaval|Quaquaval, F|100/100
|
|-weather|RainDance|[upkeep]
|-heal|p2a: Goodra|27/100 par|[from] item: Leftovers
|upkeep
|turn|19
|
|t:|1758240470
|switch|p1a: Raging Bolt|Raging Bolt|100/100
|-terastallize|p2a: Goodra|Ghost
|move|p2a: Goodra|Life Dew|p2a: Goodra
|-heal|p2a: Goodra|52/100 par
|
|-weather|none
|-heal|p2a: Goodra|58/100 par|[from] item: Leftovers
|upkeep
|turn|20
|
|t:|1758240481
|move|p1a: Raging Bolt|Volt Switch|p2a: Goodra
|-damage|p2a: Goodra|23/100 par
|-damage|p1a: Raging Bolt|91/100|[from] item: Life Orb
|
|t:|1758240487
|-end|p1a: Raging Bolt|Protosynthesis|[silent]
|switch|p1a: Pelipper|Pelipper, F|84/100|[from] Volt Switch
|-weather|RainDance|[from] ability: Drizzle|[of] p1a: Pelipper
|move|p2a: Goodra|Dragon Tail|p1a: Pelipper
|-damage|p1a: Pelipper|69/100
|drag|p1a: Toxicroak|Toxicroak, F|60/100
|
|-weather|RainDance|[upkeep]
|-heal|p1a: Toxicroak|73/100|[from] ability: Dry Skin
|-heal|p1a: Toxicroak|79/100|[from] item: Black Sludge
|-heal|p2a: Goodra|29/100 par|[from] item: Leftovers
|upkeep
|turn|21
|
|t:|1758240501
|move|p1a: Toxicroak|Knock Off|p2a: Goodra
|-supereffective|p2a: Goodra
|-damage|p2a: Goodra|12/100 par
|-enditem|p2a: Goodra|Leftovers|[from] move: Knock Off|[of] p1a: Toxicroak
|move|p2a: Goodra|Life Dew|p2a: Goodra
|-heal|p2a: Goodra|37/100 par
|
|-weather|RainDance|[upkeep]
|-heal|p1a: Toxicroak|91/100|[from] ability: Dry Skin
|-heal|p1a: Toxicroak|98/100|[from] item: Black Sludge
|upkeep
|turn|22
|
|t:|1758240512
|move|p1a: Toxicroak|Encore|p2a: Goodra
|-start|p2a: Goodra|Encore
|cant|p2a: Goodra|par
|
|-weather|RainDance|[upkeep]
|-heal|p1a: Toxicroak|100/100|[from] ability: Dry Skin
|upkeep
|turn|23
|
|t:|1758240521
|switch|p1a: Raging Bolt|Raging Bolt|91/100
|switch|p2a: Glimmora|Glimmora, M|29/100
|
|-weather|RainDance|[upkeep]
|upkeep
|turn|24
|
|t:|1758240532
|move|p2a: Glimmora|Earth Power|p1a: Raging Bolt
|-supereffective|p1a: Raging Bolt
|-damage|p1a: Raging Bolt|48/100
|move|p1a: Raging Bolt|Volt Switch|p2a: Glimmora
|-damage|p2a: Glimmora|0 fnt
|faint|p2a: Glimmora
|-damage|p1a: Raging Bolt|38/100|[from] item: Life Orb
|
|t:|1758240539
|-end|p1a: Raging Bolt|Protosynthesis|[silent]
|switch|p1a: Zapdos|Zapdos|6/100|[from] Volt Switch
|
|-weather|RainDance|[upkeep]
|upkeep
|
|t:|1758240545
|switch|p2a: Hitmontop|Hitmontop, M|100/100
|-ability|p2a: Hitmontop|Intimidate|boost
|-unboost|p1a: Zapdos|atk|1
|turn|25
|
|t:|1758240553
|move|p2a: Hitmontop|Fake Out|p1a: Zapdos
|-damage|p1a: Zapdos|0 fnt
|-status|p2a: Hitmontop|par|[from] ability: Static|[of] p1a: Zapdos
|faint|p1a: Zapdos
|
|-weather|RainDance|[upkeep]
|upkeep
|
|t:|1758240558
|switch|p1a: Barraskewda|Barraskewda, F|100/100
|turn|26
|
|t:|1758240576
|-terastallize|p1a: Barraskewda|Water
|move|p1a: Barraskewda|Flip Turn|p2a: Hitmontop
|-damage|p2a: Hitmontop|0 fnt
|faint|p2a: Hitmontop
|
|t:|1758240592
|switch|p1a: Raging Bolt|Raging Bolt|38/100|[from] Flip Turn
|
|-weather|RainDance|[upkeep]
|upkeep
|
|t:|1758240597
|switch|p2a: Articuno|Articuno|100/100
|-ability|p2a: Articuno|Pressure
|turn|27
|
|t:|1758240602
|move|p1a: Raging Bolt|Thunderclap|p2a: Articuno
|-supereffective|p2a: Articuno
|-damage|p2a: Articuno|11/100
|-damage|p1a: Raging Bolt|28/100|[from] item: Life Orb
|move|p2a: Articuno|Freeze-Dry|p1a: Raging Bolt
|-supereffective|p1a: Raging Bolt
|-damage|p1a: Raging Bolt|0 fnt
|faint|p1a: Raging Bolt
|-end|p1a: Raging Bolt|Protosynthesis|[silent]
|
|-weather|none
|upkeep
|
|t:|1758240606
|switch|p1a: Pelipper|Pelipper, F|69/100
|-weather|RainDance|[from] ability: Drizzle|[of] p1a: Pelipper
|turn|28
|
|t:|1758240617
|switch|p1a: Quaquaval|Quaquaval, F|100/100
|move|p2a: Articuno|Freeze-Dry|p1a: Quaquaval
|-supereffective|p1a: Quaquaval
|-damage|p1a: Quaquaval|18/100
|
|-weather|RainDance|[upkeep]
|upkeep
|turn|29
|
|t:|1758240629
|switch|p2a: Gunkanmaki|Gyarados, F|60/100 par
|-ability|p2a: Gunkanmaki|Intimidate|boost
|-unboost|p1a: Quaquaval|atk|1
|move|p1a: Quaquaval|Liquidation|p2a: Gunkanmaki
|-resisted|p2a: Gunkanmaki
|-damage|p2a: Gunkanmaki|34/100 par
|
|-weather|RainDance|[upkeep]
|upkeep
|turn|30
|
|t:|1758240640
|move|p1a: Quaquaval|Liquidation|p2a: Gunkanmaki
|-resisted|p2a: Gunkanmaki
|-damage|p2a: Gunkanmaki|8/100 par
|move|p2a: Gunkanmaki|Earthquake|p1a: Quaquaval
|-damage|p1a: Quaquaval|0 fnt
|faint|p1a: Quaquaval
|
|-weather|RainDance|[upkeep]
|upkeep
|
|t:|1758240643
|switch|p1a: Barraskewda|Barraskewda, F, tera:Water|100/100
|turn|31
|
|t:|1758240651
|switch|p2a: Goodra|Goodra-Hisui, M, tera:Ghost|37/100 par
|move|p1a: Barraskewda|Liquidation|p2a: Goodra
|-damage|p2a: Goodra|0 fnt
|faint|p2a: Goodra
|
|-weather|RainDance|[upkeep]
|upkeep
|
|t:|1758240660
|switch|p2a: Ninetales|Ninetales-Alola, M|100/100
|-weather|Snowscape|[from] ability: Snow Warning|[of] p2a: Ninetales
|turn|32
|
|t:|1758240667
|switch|p1a: Toxicroak|Toxicroak, F|100/100
|move|p2a: Ninetales|Freeze-Dry|p1a: Toxicroak
|-damage|p1a: Toxicroak|69/100
|
|-weather|Snowscape|[upkeep]
|-heal|p1a: Toxicroak|75/100|[from] item: Black Sludge
|upkeep
|turn|33
|
|t:|1758240675
|move|p2a: Ninetales|Aurora Veil|p2a: Ninetales
|-sidestart|p2: masonthechef|move: Aurora Veil
|move|p1a: Toxicroak|Toxic|p2a: Ninetales
|-status|p2a: Ninetales|tox
|
|-weather|Snowscape|[upkeep]
|-heal|p1a: Toxicroak|81/100|[from] item: Black Sludge
|-damage|p2a: Ninetales|94/100 tox|[from] psn
|upkeep
|turn|34
|
|t:|1758240687
|move|p2a: Ninetales|Encore|p1a: Toxicroak
|-start|p1a: Toxicroak|Encore
|move|p1a: Toxicroak|Toxic|p2a: Ninetales
|-fail|p2a: Ninetales|tox
|
|-weather|Snowscape|[upkeep]
|-heal|p1a: Toxicroak|87/100|[from] item: Black Sludge
|-damage|p2a: Ninetales|82/100 tox|[from] psn
|upkeep
|turn|35
|
|t:|1758240696
|switch|p2a: Articuno|Articuno|11/100
|-ability|p2a: Articuno|Pressure
|move|p1a: Toxicroak|Toxic|p2a: Articuno
|-status|p2a: Articuno|tox
|
|-weather|Snowscape|[upkeep]
|-heal|p1a: Toxicroak|93/100|[from] item: Black Sludge
|-damage|p2a: Articuno|5/100 tox|[from] psn
|upkeep
|turn|36
|
|t:|1758240706
|move|p2a: Articuno|Hurricane|p1a: Toxicroak
|-supereffective|p1a: Toxicroak
|-damage|p1a: Toxicroak|0 fnt
|faint|p1a: Toxicroak
|
|-weather|none
|-damage|p2a: Articuno|0 fnt|[from] psn
|faint|p2a: Articuno
|upkeep
|
|t:|1758240714
|switch|p2a: Gunkanmaki|Gyarados, F|8/100 par
|switch|p1a: Pelipper|Pelipper, F|69/100
|-weather|RainDance|[from] ability: Drizzle|[of] p1a: Pelipper
|-ability|p2a: Gunkanmaki|Intimidate|boost
|-unboost|p1a: Pelipper|atk|1
|turn|37
|
|t:|1758240722
|move|p1a: Pelipper|Surf|p2a: Gunkanmaki
|-resisted|p2a: Gunkanmaki
|-damage|p2a: Gunkanmaki|0 fnt
|faint|p2a: Gunkanmaki
|
|-weather|RainDance|[upkeep]
|upkeep
|
|t:|1758240727
|switch|p2a: Ninetales|Ninetales-Alola, M|82/100 tox
|-weather|Snowscape|[from] ability: Snow Warning|[of] p2a: Ninetales
|turn|38
|
|t:|1758240736
|move|p2a: Ninetales|Freeze-Dry|p1a: Pelipper
|-supereffective|p1a: Pelipper
|-damage|p1a: Pelipper|0 fnt
|faint|p1a: Pelipper
|
|-weather|Snowscape|[upkeep]
|-damage|p2a: Ninetales|75/100 tox|[from] psn
|upkeep
|
|t:|1758240738
|switch|p1a: Barraskewda|Barraskewda, F, tera:Water|100/100
|turn|39
|
|t:|1758240745
|move|p1a: Barraskewda|Liquidation|p2a: Ninetales
|-damage|p2a: Ninetales|31/100 tox
|move|p2a: Ninetales|Freeze-Dry|p1a: Barraskewda
|-supereffective|p1a: Barraskewda
|-crit|p1a: Barraskewda
|-damage|p1a: Barraskewda|0 fnt
|faint|p1a: Barraskewda
|
|win|masonthechef
|raw|Sumoterminator's rating: 1100 &rarr; <strong>1076</strong><br />(-24 for losing)
|raw|masonthechef's rating: 1108 &rarr; <strong>1132</strong><br />(+24 for winning)
|l|☆Sumoterminator
|player|p1|
