|j|☆Tuncovski
|j|☆kinhojoker
|t:|1758368469
|gametype|singles
|player|p1|Tuncovski|gentleman-gen4|1108
|player|p2|kinhojoker|cynthia|1148
|gen|9
|tier|[Gen 9] OU
|rated|
|rule|HP Percentage Mod: HP is shown in percentages
|rule|Endless Battle Clause: Forcing endless battles is banned
|rule|Species Clause: Limit one of each Pokémon
|rule|OHKO Clause: OHKO moves are banned
|rule|Evasion Items Clause: Evasion items are banned
|rule|Evasion Moves Clause: Evasion moves are banned
|rule|Evasion Abilities Clause: Evasion abilities are banned
|rule|Sleep Moves Clause: Sleep-inducing moves are banned
|clearpoke
|poke|p1|Dragonite, F|
|poke|p1|Zamazenta-*|
|poke|p1|Sylveon, F|
|poke|p1|Dondozo, M|
|poke|p1|Dragapult, F|
|poke|p1|Kingambit, M|
|poke|p2|Great Tusk|
|poke|p2|Rillaboom, F|
|poke|p2|Gliscor, M|
|poke|p2|Iron Crown|
|poke|p2|Zapdos|
|poke|p2|Scizor, F|
|teampreview
|
|t:|1758368478
|teamsize|p1|6
|teamsize|p2|6
|start
|switch|p1a: Sylveon|Sylveon, F|100/100
|switch|p2a: Zapdos|Zapdos|100/100
|-ability|p2a: Zapdos|Pressure
|turn|1
|
|t:|1758368491
|move|p2a: Zapdos|Discharge|p1a: Sylveon
|-damage|p1a: Sylveon|69/100
|move|p1a: Sylveon|Reflect|p1a: Sylveon
|-sidestart|p1: Tuncovski|Reflect
|
|upkeep
|turn|2
|
|t:|1758368498
|move|p2a: Zapdos|Substitute|p2a: Zapdos
|-start|p2a: Zapdos|Substitute
|-damage|p2a: Zapdos|75/100
|move|p1a: Sylveon|Hyper Voice|p2a: Zapdos
|-damage|p2a: Zapdos|25/100
|-enditem|p1a: Sylveon|Throat Spray
|-boost|p1a: Sylveon|spa|1|[from] item: Throat Spray
|
|-heal|p2a: Zapdos|31/100|[from] item: Leftovers
|upkeep
|turn|3
|
|t:|1758368511
|move|p2a: Zapdos|Protect|p2a: Zapdos
|-singleturn|p2a: Zapdos|Protect
|move|p1a: Sylveon|Hyper Voice|p2a: Zapdos
|-activate|p2a: Zapdos|move: Protect
|
|-heal|p2a: Zapdos|37/100|[from] item: Leftovers
|upkeep
|turn|4
|
|t:|1758368522
|switch|p2a: Iron Crown|Iron Crown|100/100
|move|p1a: Sylveon|Hyper Voice|p2a: Iron Crown
|-resisted|p2a: Iron Crown
|-damage|p2a: Iron Crown|57/100
|
|-heal|p2a: Iron Crown|63/100|[from] item: Leftovers
|upkeep
|turn|5
|
|t:|1758368535
|move|p1a: Sylveon|Protect|p1a: Sylveon
|-singleturn|p1a: Sylveon|Protect
|move|p2a: Iron Crown|Future Sight|p1a: Sylveon
|-start|p2a: Iron Crown|move: Future Sight
|
|-heal|p2a: Iron Crown|69/100|[from] item: Leftovers
|-sideend|p1: Tuncovski|Reflect
|upkeep
|turn|6
|
|t:|1758368545
|-terastallize|p1a: Sylveon|Psychic
|move|p2a: Iron Crown|Calm Mind|p2a: Iron Crown
|-boost|p2a: Iron Crown|spa|1
|-boost|p2a: Iron Crown|spd|1
|move|p1a: Sylveon|Psychic|p2a: Iron Crown
|-resisted|p2a: Iron Crown
|-damage|p2a: Iron Crown|58/100
|
|-heal|p2a: Iron Crown|64/100|[from] item: Leftovers
|upkeep
|turn|7
|
|t:|1758368559
|move|p2a: Iron Crown|Calm Mind|p2a: Iron Crown
|-boost|p2a: Iron Crown|spa|1
|-boost|p2a: Iron Crown|spd|1
|move|p1a: Sylveon|Hyper Voice|p2a: Iron Crown
|-resisted|p2a: Iron Crown
|-damage|p2a: Iron Crown|42/100
|
|-end|p1a: Sylveon|move: Future Sight
|-resisted|p1a: Sylveon
|-damage|p1a: Sylveon|30/100
|-heal|p2a: Iron Crown|48/100|[from] item: Leftovers
|upkeep
|turn|8
|
|t:|1758368570
|move|p2a: Iron Crown|Flash Cannon|p1a: Sylveon
|-damage|p1a: Sylveon|0 fnt
|faint|p1a: Sylveon
|
|-heal|p2a: Iron Crown|55/100|[from] item: Leftovers
|upkeep
|
|t:|1758368577
|switch|p1a: Dondozo|Dondozo, M|100/100
|turn|9
|
|t:|1758368584
|move|p2a: Iron Crown|Future Sight|p1a: Dondozo
|-start|p2a: Iron Crown|move: Future Sight
|move|p1a: Dondozo|Curse|p1a: Dondozo
|-unboost|p1a: Dondozo|spe|1
|-boost|p1a: Dondozo|atk|1
|-boost|p1a: Dondozo|def|1
|
|-heal|p2a: Iron Crown|61/100|[from] item: Leftovers
|upkeep
|turn|10
|
|t:|1758368593
|move|p2a: Iron Crown|Expanding Force|p1a: Dondozo
|-damage|p1a: Dondozo|70/100
|move|p1a: Dondozo|Curse|p1a: Dondozo
|-unboost|p1a: Dondozo|spe|1
|-boost|p1a: Dondozo|atk|1
|-boost|p1a: Dondozo|def|1
|
|-heal|p2a: Iron Crown|67/100|[from] item: Leftovers
|-heal|p1a: Dondozo|77/100|[from] item: Leftovers
|upkeep
|turn|11
|
|t:|1758368608
|move|p2a: Iron Crown|Calm Mind|p2a: Iron Crown
|-boost|p2a: Iron Crown|spa|1
|-boost|p2a: Iron Crown|spd|1
|move|p1a: Dondozo|Wave Crash|p2a: Iron Crown
|-damage|p2a: Iron Crown|0 fnt
|faint|p2a: Iron Crown
|-end|p2a: Iron Crown|Quark Drive|[silent]
|-damage|p1a: Dondozo|60/100|[from] Recoil
|
|-end|p1a: Dondozo|move: Future Sight
|-damage|p1a: Dondozo|16/100
|-heal|p1a: Dondozo|22/100|[from] item: Leftovers
|upkeep
|
|t:|1758368621
|switch|p2a: Rillaboom|Rillaboom, F|100/100
|-fieldstart|move: Grassy Terrain|[from] ability: Grassy Surge|[of] p2a: Rillaboom
|turn|12
|
|t:|1758368631
|switch|p1a: Dragonite|Dragonite, F|100/100
|move|p2a: Rillaboom|Grassy Glide|p1a: Dragonite
|-resisted|p1a: Dragonite
|-damage|p1a: Dragonite|93/100
|-damage|p2a: Rillaboom|91/100|[from] item: Life Orb
|
|-heal|p2a: Rillaboom|97/100|[from] Grassy Terrain
|upkeep
|turn|13
|
|t:|1758368646
|switch|p2a: Gliscor|Gliscor, M|100/100
|move|p1a: Dragonite|Dragon Tail|p2a: Gliscor
|-damage|p2a: Gliscor|82/100
|drag|p2a: Scizor|Scizor, F|100/100
|
|upkeep
|turn|14
|
|t:|1758368658
|move|p2a: Scizor|Bullet Punch|p1a: Dragonite
|-damage|p1a: Dragonite|66/100
|-damage|p2a: Scizor|91/100|[from] item: Life Orb
|move|p1a: Dragonite|Scale Shot|p2a: Scizor
|-resisted|p2a: Scizor
|-damage|p2a: Scizor|85/100
|-resisted|p2a: Scizor
|-damage|p2a: Scizor|80/100
|-resisted|p2a: Scizor
|-damage|p2a: Scizor|74/100
|-resisted|p2a: Scizor
|-damage|p2a: Scizor|69/100
|-resisted|p2a: Scizor
|-damage|p2a: Scizor|64/100
|-hitcount|p2a: Scizor|5
|-unboost|p1a: Dragonite|def|1
|-boost|p1a: Dragonite|spe|1
|
|-heal|p2a: Scizor|70/100|[from] Grassy Terrain
|upkeep
|turn|15
|
|t:|1758368677
|move|p2a: Scizor|Swords Dance|p2a: Scizor
|-boost|p2a: Scizor|atk|2
|move|p1a: Dragonite|Dragon Tail|p2a: Scizor
|-resisted|p2a: Scizor
|-damage|p2a: Scizor|58/100
|drag|p2a: Zapdos|Zapdos|37/100
|-ability|p2a: Zapdos|Pressure
|
|-heal|p2a: Zapdos|43/100|[from] item: Leftovers
|upkeep
|turn|16
|
|t:|1758368696
|move|p1a: Dragonite|Scale Shot|p2a: Zapdos
|-damage|p2a: Zapdos|29/100
|-damage|p2a: Zapdos|15/100
|-damage|p2a: Zapdos|0 fnt
|faint|p2a: Zapdos
|-hitcount|p2: Zapdos|3
|-unboost|p1a: Dragonite|def|1
|-boost|p1a: Dragonite|spe|1
|
|-fieldend|move: Grassy Terrain
|upkeep
|
|t:|1758368710
|switch|p2a: Scizor|Scizor, F|58/100
|turn|17
|
|t:|1758368716
|move|p2a: Scizor|Bullet Punch|p1a: Dragonite
|-damage|p1a: Dragonite|12/100
|-damage|p2a: Scizor|48/100|[from] item: Life Orb
|move|p1a: Dragonite|Dragon Tail|p2a: Scizor
|-resisted|p2a: Scizor
|-damage|p2a: Scizor|36/100
|drag|p2a: Great Tusk|Great Tusk|100/100
|-enditem|p2a: Great Tusk|Booster Energy
|-activate|p2a: Great Tusk|ability: Protosynthesis|[fromitem]
|-start|p2a: Great Tusk|protosynthesisspe
|
|upkeep
|turn|18
|
|t:|1758368736
|move|p1a: Dragonite|Scale Shot|p2a: Great Tusk
|-damage|p2a: Great Tusk|93/100
|-damage|p2a: Great Tusk|85/100
|-damage|p2a: Great Tusk|76/100
|-damage|p2a: Great Tusk|68/100
|-hitcount|p2a: Great Tusk|4
|-unboost|p1a: Dragonite|def|1
|-boost|p1a: Dragonite|spe|1
|move|p2a: Great Tusk|Rapid Spin|p1a: Dragonite
|-damage|p1a: Dragonite|0 fnt
|-boost|p2a: Great Tusk|spe|1
|faint|p1a: Dragonite
|
|upkeep
|
|t:|1758368751
|switch|p1a: Dondozo|Dondozo, M|22/100
|turn|19
|
|t:|1758368755
|move|p2a: Great Tusk|Body Press|p1a: Dondozo
|-damage|p1a: Dondozo|4/100
|move|p1a: Dondozo|Rest|p1a: Dondozo
|-status|p1a: Dondozo|slp|[from] move: Rest
|-heal|p1a: Dondozo|100/100 slp|[silent]
|
|upkeep
|turn|20
|
|t:|1758368763
|move|p2a: Great Tusk|Stealth Rock|p1a: Dondozo
|-sidestart|p1: Tuncovski|move: Stealth Rock
|cant|p1a: Dondozo|slp
|move|p1a: Dondozo|Sleep Talk|p1a: Dondozo
|move|p1a: Dondozo|Curse|p1a: Dondozo|[from] move: Sleep Talk
|-unboost|p1a: Dondozo|spe|1
|-boost|p1a: Dondozo|atk|1
|-boost|p1a: Dondozo|def|1
|
|upkeep
|turn|21
|
|t:|1758368776
|-end|p2a: Great Tusk|Protosynthesis|[silent]
|switch|p2a: Rillaboom|Rillaboom, F|97/100
|-fieldstart|move: Grassy Terrain|[from] ability: Grassy Surge|[of] p2a: Rillaboom
|cant|p1a: Dondozo|slp
|move|p1a: Dondozo|Sleep Talk|p1a: Dondozo
|move|p1a: Dondozo|Curse|p1a: Dondozo|[from] move: Sleep Talk
|-unboost|p1a: Dondozo|spe|1
|-boost|p1a: Dondozo|atk|1
|-boost|p1a: Dondozo|def|1
|
|-heal|p2a: Rillaboom|100/100|[from] Grassy Terrain
|upkeep
|turn|22
|
|t:|1758368790
|move|p2a: Rillaboom|Swords Dance|p2a: Rillaboom
|-boost|p2a: Rillaboom|atk|2
|-curestatus|p1a: Dondozo|slp|[msg]
|move|p1a: Dondozo|Wave Crash|p2a: Rillaboom
|-resisted|p2a: Rillaboom
|-damage|p2a: Rillaboom|53/100
|-damage|p1a: Dondozo|89/100|[from] Recoil
|
|-heal|p2a: Rillaboom|60/100|[from] Grassy Terrain
|-heal|p1a: Dondozo|95/100|[from] Grassy Terrain
|-heal|p1a: Dondozo|100/100|[from] item: Leftovers
|upkeep
|turn|23
|
|t:|1758368805
|-terastallize|p2a: Rillaboom|Grass
|move|p2a: Rillaboom|Swords Dance|p2a: Rillaboom
|-boost|p2a: Rillaboom|atk|2
|move|p1a: Dondozo|Wave Crash|p2a: Rillaboom
|-resisted|p2a: Rillaboom
|-damage|p2a: Rillaboom|16/100
|-damage|p1a: Dondozo|89/100|[from] Recoil
|
|-heal|p2a: Rillaboom|22/100|[from] Grassy Terrain
|-heal|p1a: Dondozo|96/100|[from] Grassy Terrain
|-heal|p1a: Dondozo|100/100|[from] item: Leftovers
|upkeep
|turn|24
|
|t:|1758368829
|move|p2a: Rillaboom|Grassy Glide|p1a: Dondozo
|-supereffective|p1a: Dondozo
|-damage|p1a: Dondozo|64/100
|-damage|p2a: Rillaboom|12/100|[from] item: Life Orb
|move|p1a: Dondozo|Wave Crash|p2a: Rillaboom
|-resisted|p2a: Rillaboom
|-crit|p2a: Rillaboom
|-damage|p2a: Rillaboom|0 fnt
|faint|p2a: Rillaboom
|-damage|p1a: Dondozo|61/100|[from] Recoil
|
|-heal|p1a: Dondozo|67/100|[from] Grassy Terrain
|-heal|p1a: Dondozo|73/100|[from] item: Leftovers
|upkeep
|
|t:|1758368846
|switch|p2a: Gliscor|Gliscor, M|82/100
|turn|25
|
|t:|1758368852
|move|p2a: Gliscor|Toxic|p1a: Dondozo
|-status|p1a: Dondozo|tox
|move|p1a: Dondozo|Wave Crash|p2a: Gliscor
|-supereffective|p2a: Gliscor
|-damage|p2a: Gliscor|0 fnt
|faint|p2a: Gliscor
|-damage|p1a: Dondozo|52/100 tox|[from] Recoil
|
|-heal|p1a: Dondozo|58/100 tox|[from] Grassy Terrain
|-heal|p1a: Dondozo|64/100 tox|[from] item: Leftovers
|-damage|p1a: Dondozo|58/100 tox|[from] psn
|-fieldend|move: Grassy Terrain
|upkeep
|
|t:|1758368868
|switch|p2a: Scizor|Scizor, F|36/100
|turn|26
|
|t:|1758368877
|move|p2a: Scizor|Dual Wingbeat|p1a: Dondozo
|-damage|p1a: Dondozo|53/100 tox
|-damage|p1a: Dondozo|49/100 tox
|-hitcount|p1a: Dondozo|2
|-damage|p2a: Scizor|26/100|[from] item: Life Orb
|move|p1a: Dondozo|Rest|p1a: Dondozo
|-status|p1a: Dondozo|slp|[from] move: Rest
|-heal|p1a: Dondozo|100/100 slp|[silent]
|
|upkeep
|turn|27
|-message|kinhojoker forfeited.
|
|win|Tuncovski
|raw|Tuncovski's rating: 1108 &rarr; <strong>1136</strong><br />(+28 for winning)
|raw|kinhojoker's rating: 1148 &rarr; <strong>1120</strong><br />(-28 for losing)
|l|☆kinhojoker
|player|p2|
