|j|☆Cubavision
|j|☆emorawr79
|t:|1758340105
|gametype|singles
|player|p1|Cubavision|musician|1335
|player|p2|emorawr79|170|1377
|gen|9
|tier|[Gen 9] OU
|rated|
|rule|HP Percentage Mod: HP is shown in percentages
|rule|Endless Battle Clause: Forcing endless battles is banned
|rule|Species Clause: Limit one of each Pokémon
|rule|OHKO Clause: OHKO moves are banned
|rule|Evasion Items Clause: Evasion items are banned
|rule|Evasion Moves Clause: Evasion moves are banned
|rule|Evasion Abilities Clause: Evasion abilities are banned
|rule|Sleep Moves Clause: Sleep-inducing moves are banned
|clearpoke
|poke|p1|Muk-Alola, F|
|poke|p1|Dondozo, F|
|poke|p1|Blissey, F|
|poke|p1|Iron Treads|
|poke|p1|Hydrapple, M|
|poke|p1|Corviknight, M|
|poke|p2|Rillaboom, F|
|poke|p2|Zamazenta-*|
|poke|p2|Ogerpon-Wellspring, F|
|poke|p2|Slowking-Galar, F|
|poke|p2|Haxorus, F|
|poke|p2|Pecharunt|
|teampreview
|inactive|Battle timer is ON: inactive players will automatically lose when time's up. (requested by emorawr79)
|
|t:|1758340139
|teamsize|p1|6
|teamsize|p2|6
|start
|switch|p1a: Muk|Muk-Alola, F|100/100
|switch|p2a: Pecharunt|Pecharunt|100/100
|-item|p2a: Pecharunt|Air Balloon
|turn|1
|
|t:|1758340145
|move|p2a: Pecharunt|Parting Shot|p1a: Muk
|-unboost|p1a: Muk|atk|1
|-unboost|p1a: Muk|spa|1
|
|t:|1758340150
|switch|p2a: Zamazenta|Zamazenta|100/100|[from] Parting Shot
|-ability|p2a: Zamazenta|Dauntless Shield|boost
|-boost|p2a: Zamazenta|def|1
|move|p1a: Muk|Knock Off|p2a: Zamazenta
|-resisted|p2a: Zamazenta
|-damage|p2a: Zamazenta|95/100
|-status|p2a: Zamazenta|psn|[from] ability: Poison Touch|[of] p1a: Muk
|-enditem|p2a: Zamazenta|Lum Berry|[eat]
|-curestatus|p2a: Zamazenta|psn|[msg]
|
|upkeep
|turn|2
|
|t:|1758340164
|move|p2a: Zamazenta|Body Press|p1a: Muk
|-damage|p1a: Muk|43/100
|move|p1a: Muk|Knock Off|p2a: Zamazenta
|-resisted|p2a: Zamazenta
|-damage|p2a: Zamazenta|90/100
|
|-heal|p1a: Muk|49/100|[from] item: Leftovers
|upkeep
|turn|3
|
|t:|1758340170
|switch|p1a: Hydrapple|Hydrapple, M|100/100
|move|p2a: Zamazenta|Body Press|p1a: Hydrapple
|-damage|p1a: Hydrapple|67/100
|
|upkeep
|turn|4
|
|t:|1758340173
|move|p2a: Zamazenta|Body Press|p1a: Hydrapple
|-damage|p1a: Hydrapple|36/100
|move|p1a: Hydrapple|Giga Drain|p2a: Zamazenta
|-damage|p2a: Zamazenta|62/100
|-heal|p1a: Hydrapple|47/100|[from] drain|[of] p2a: Zamazenta
|
|upkeep
|turn|5
|
|t:|1758340176
|move|p2a: Zamazenta|Body Press|p1a: Hydrapple
|-damage|p1a: Hydrapple|16/100
|move|p1a: Hydrapple|Giga Drain|p2a: Zamazenta
|-damage|p2a: Zamazenta|35/100
|-heal|p1a: Hydrapple|26/100|[from] drain|[of] p2a: Zamazenta
|
|upkeep
|turn|6
|
|t:|1758340184
|switch|p1a: Dondozo|Dondozo, F|100/100
|move|p2a: Zamazenta|Body Press|p1a: Dondozo
|-damage|p1a: Dondozo|82/100
|
|-heal|p1a: Dondozo|89/100|[from] item: Leftovers
|upkeep
|turn|7
|
|t:|1758340187
|move|p2a: Zamazenta|Body Press|p1a: Dondozo
|-damage|p1a: Dondozo|71/100
|move|p1a: Dondozo|Curse|p1a: Dondozo
|-unboost|p1a: Dondozo|spe|1
|-boost|p1a: Dondozo|atk|1
|-boost|p1a: Dondozo|def|1
|
|-heal|p1a: Dondozo|77/100|[from] item: Leftovers
|upkeep
|turn|8
|
|t:|1758340190
|switch|p2a: Ogerpon|Ogerpon-Wellspring, F|100/100
|move|p1a: Dondozo|Body Press|p2a: Ogerpon
|-damage|p2a: Ogerpon|44/100
|
|-heal|p1a: Dondozo|83/100|[from] item: Leftovers
|upkeep
|turn|9
|
|t:|1758340193
|move|p2a: Ogerpon|Encore|p1a: Dondozo
|-start|p1a: Dondozo|Encore
|move|p1a: Dondozo|Body Press|p2a: Ogerpon
|-damage|p2a: Ogerpon|0 fnt
|faint|p2a: Ogerpon
|
|-heal|p1a: Dondozo|89/100|[from] item: Leftovers
|upkeep
|
|t:|1758340196
|switch|p2a: Haxorus|Haxorus, F|100/100
|-ability|p2a: Haxorus|Mold Breaker
|turn|10
|
|t:|1758340199
|move|p2a: Haxorus|Swords Dance|p2a: Haxorus
|-boost|p2a: Haxorus|atk|2
|move|p1a: Dondozo|Body Press|p2a: Haxorus
|-damage|p2a: Haxorus|46/100
|
|-heal|p1a: Dondozo|95/100|[from] item: Leftovers
|upkeep
|turn|11
|
|t:|1758340201
|move|p2a: Haxorus|Scale Shot|p1a: Dondozo
|-damage|p1a: Dondozo|85/100
|-damage|p1a: Dondozo|75/100
|-damage|p1a: Dondozo|65/100
|-damage|p1a: Dondozo|56/100
|-hitcount|p1a: Dondozo|4
|-unboost|p2a: Haxorus|def|1
|-boost|p2a: Haxorus|spe|1
|move|p1a: Dondozo|Body Press|p2a: Haxorus
|-damage|p2a: Haxorus|0 fnt
|faint|p2a: Haxorus
|
|-heal|p1a: Dondozo|63/100|[from] item: Leftovers
|-end|p1a: Dondozo|Encore
|upkeep
|
|t:|1758340205
|switch|p2a: Pecharunt|Pecharunt|100/100
|-item|p2a: Pecharunt|Air Balloon
|turn|12
|
|t:|1758340209
|switch|p1a: Muk|Muk-Alola, F|49/100
|move|p2a: Pecharunt|Malignant Chain|p1a: Muk
|-resisted|p1a: Muk
|-damage|p1a: Muk|40/100
|
|-heal|p1a: Muk|46/100|[from] item: Leftovers
|upkeep
|turn|13
|
|t:|1758340215
|move|p1a: Muk|Protect|p1a: Muk
|-singleturn|p1a: Muk|Protect
|move|p2a: Pecharunt|Parting Shot|p1a: Muk
|-activate|p1a: Muk|move: Protect
|
|-heal|p1a: Muk|52/100|[from] item: Leftovers
|upkeep
|turn|14
|l|☆emorawr79
|inactive|emorawr79 disconnected and has a minute to reconnect!
|player|p2|
|inactive|emorawr79 has 30 seconds to reconnect!
|j|☆emorawr79
|inactive|emorawr79 reconnected and has 115 seconds left.
|player|p2|emorawr79|170|
|
|t:|1758340257
|move|p2a: Pecharunt|Parting Shot|p1a: Muk
|-unboost|p1a: Muk|atk|1
|-unboost|p1a: Muk|spa|1
|
|t:|1758340260
|switch|p2a: Slowking|Slowking-Galar, F|100/100|[from] Parting Shot
|move|p1a: Muk|Knock Off|p2a: Slowking
|-supereffective|p2a: Slowking
|-damage|p2a: Slowking|53/100
|-enditem|p2a: Slowking|Heavy-Duty Boots|[from] move: Knock Off|[of] p1a: Muk
|
|-heal|p1a: Muk|58/100|[from] item: Leftovers
|upkeep
|turn|15
|
|t:|1758340270
|switch|p1a: Iron Treads|Iron Treads|100/100
|move|p2a: Slowking|Future Sight|p1a: Iron Treads
|-start|p2a: Slowking|move: Future Sight
|
|upkeep
|turn|16
|
|t:|1758340274
|move|p1a: Iron Treads|Stealth Rock|p2a: Slowking
|-sidestart|p2: emorawr79|move: Stealth Rock
|move|p2a: Slowking|Focus Blast|p1a: Iron Treads
|-supereffective|p1a: Iron Treads
|-damage|p1a: Iron Treads|49/100
|
|-heal|p1a: Iron Treads|56/100|[from] item: Leftovers
|upkeep
|turn|17
|
|t:|1758340280
|-end|p1a: Iron Treads|Quark Drive|[silent]
|switch|p1a: Muk|Muk-Alola, F|58/100
|move|p2a: Slowking|Focus Blast|p1a: Muk
|-damage|p1a: Muk|41/100
|-unboost|p1a: Muk|spd|1
|
|-end|p1a: Muk|move: Future Sight
|-immune|p1a: Muk
|-heal|p1a: Muk|47/100|[from] item: Leftovers
|upkeep
|turn|18
|
|t:|1758340287
|move|p1a: Muk|Knock Off|p2a: Slowking
|-supereffective|p2a: Slowking
|-crit|p2a: Slowking
|-damage|p2a: Slowking|0 fnt
|faint|p2a: Slowking
|
|-heal|p1a: Muk|53/100|[from] item: Leftovers
|upkeep
|
|t:|1758340290
|switch|p2a: Rillaboom|Rillaboom, F|100/100
|-damage|p2a: Rillaboom|88/100|[from] Stealth Rock
|-fieldstart|move: Grassy Terrain|[from] ability: Grassy Surge|[of] p2a: Rillaboom
|turn|19
|
|t:|1758340295
|move|p1a: Muk|Protect|p1a: Muk
|-singleturn|p1a: Muk|Protect
|move|p2a: Rillaboom|Swords Dance|p2a: Rillaboom
|-boost|p2a: Rillaboom|atk|2
|
|-heal|p2a: Rillaboom|94/100|[from] Grassy Terrain
|-heal|p1a: Muk|59/100|[from] Grassy Terrain
|-heal|p1a: Muk|65/100|[from] item: Leftovers
|upkeep
|turn|20
|
|t:|1758340300
|switch|p1a: Corviknight|Corviknight, M|100/100
|-ability|p1a: Corviknight|Pressure
|move|p2a: Rillaboom|High Horsepower|p1a: Corviknight
|-immune|p1a: Corviknight
|
|-heal|p2a: Rillaboom|100/100|[from] Grassy Terrain
|upkeep
|turn|21
|
|t:|1758340307
|move|p2a: Rillaboom|Knock Off|p1a: Corviknight
|-damage|p1a: Corviknight|44/100
|-enditem|p1a: Corviknight|Leftovers|[from] move: Knock Off|[of] p2a: Rillaboom
|-damage|p2a: Rillaboom|91/100|[from] item: Life Orb
|move|p1a: Corviknight|Brave Bird|p2a: Rillaboom
|-supereffective|p2a: Rillaboom
|-damage|p2a: Rillaboom|21/100
|-damage|p1a: Corviknight|21/100|[from] Recoil
|
|-heal|p2a: Rillaboom|27/100|[from] Grassy Terrain
|upkeep
|turn|22
|
|t:|1758340313
|move|p2a: Rillaboom|Knock Off|p1a: Corviknight
|-damage|p1a: Corviknight|0 fnt
|faint|p1a: Corviknight
|-damage|p2a: Rillaboom|17/100|[from] item: Life Orb
|
|-heal|p2a: Rillaboom|23/100|[from] Grassy Terrain
|upkeep
|
|t:|1758340324
|switch|p1a: Dondozo|Dondozo, F|63/100
|turn|23
|
|t:|1758340328
|-terastallize|p2a: Rillaboom|Grass
|-terastallize|p1a: Dondozo|Fighting
|move|p2a: Rillaboom|Grassy Glide|p1a: Dondozo
|-damage|p1a: Dondozo|33/100
|-damage|p2a: Rillaboom|13/100|[from] item: Life Orb
|move|p1a: Dondozo|Body Press|p2a: Rillaboom
|-damage|p2a: Rillaboom|0 fnt
|faint|p2a: Rillaboom
|
|-heal|p1a: Dondozo|39/100|[from] Grassy Terrain
|-heal|p1a: Dondozo|45/100|[from] item: Leftovers
|-fieldend|move: Grassy Terrain
|upkeep
|
|t:|1758340330
|switch|p2a: Pecharunt|Pecharunt|100/100
|-damage|p2a: Pecharunt|88/100|[from] Stealth Rock
|-item|p2a: Pecharunt|Air Balloon
|turn|24
|
|t:|1758340333
|switch|p1a: Muk|Muk-Alola, F|65/100
|move|p2a: Pecharunt|Parting Shot|p1a: Muk
|-unboost|p1a: Muk|atk|1
|-unboost|p1a: Muk|spa|1
|
|t:|1758340335
|switch|p2a: Zamazenta|Zamazenta|35/100|[from] Parting Shot
|-damage|p2a: Zamazenta|29/100|[from] Stealth Rock
|
|-heal|p1a: Muk|71/100|[from] item: Leftovers
|upkeep
|turn|25
|
|t:|1758340340
|move|p1a: Muk|Protect|p1a: Muk
|-singleturn|p1a: Muk|Protect
|move|p2a: Zamazenta|Iron Defense|p2a: Zamazenta
|-boost|p2a: Zamazenta|def|2
|
|-heal|p1a: Muk|77/100|[from] item: Leftovers
|upkeep
|turn|26
|
|t:|1758340346
|switch|p1a: Dondozo|Dondozo, F, tera:Fighting|45/100
|move|p2a: Zamazenta|Body Press|p1a: Dondozo
|-damage|p1a: Dondozo|28/100
|
|-heal|p1a: Dondozo|34/100|[from] item: Leftovers
|upkeep
|turn|27
|
|t:|1758340349
|move|p2a: Zamazenta|Body Press|p1a: Dondozo
|-damage|p1a: Dondozo|19/100
|move|p1a: Dondozo|Rest|p1a: Dondozo
|-status|p1a: Dondozo|slp|[from] move: Rest
|-heal|p1a: Dondozo|100/100 slp|[silent]
|
|upkeep
|turn|28
|
|t:|1758340352
|switch|p2a: Pecharunt|Pecharunt|88/100
|-damage|p2a: Pecharunt|76/100|[from] Stealth Rock
|-item|p2a: Pecharunt|Air Balloon
|cant|p1a: Dondozo|slp
|
|upkeep
|turn|29
|
|t:|1758340356
|switch|p1a: Muk|Muk-Alola, F|77/100
|move|p2a: Pecharunt|Malignant Chain|p1a: Muk
|-resisted|p1a: Muk
|-damage|p1a: Muk|69/100
|
|-heal|p1a: Muk|75/100|[from] item: Leftovers
|upkeep
|turn|30
|-message|emorawr79 forfeited.
|
|win|Cubavision
|raw|Cubavision's rating: 1335 &rarr; <strong>1357</strong><br />(+22 for winning)
|raw|emorawr79's rating: 1377 &rarr; <strong>1355</strong><br />(-22 for losing)
|l|☆emorawr79
|player|p2|
