|j|☆BlueDash
|j|☆Lolfrog123
|t:|1758256539
|gametype|singles
|player|p1|BlueDash|shadowtriad|1341
|player|p2|Lolfrog123|1|1325
|gen|9
|tier|[Gen 9] OU
|rated|
|rule|HP Percentage Mod: HP is shown in percentages
|rule|Endless Battle Clause: Forcing endless battles is banned
|rule|Species Clause: Limit one of each Pokémon
|rule|OHKO Clause: OHKO moves are banned
|rule|Evasion Items Clause: Evasion items are banned
|rule|Evasion Moves Clause: Evasion moves are banned
|rule|Evasion Abilities Clause: Evasion abilities are banned
|rule|Sleep Moves Clause: Sleep-inducing moves are banned
|clearpoke
|poke|p1|Sinistcha-Masterpiece|
|poke|p1|Donphan, M|
|poke|p1|Braviary-Hisui, M|
|poke|p1|Grimmsnarl, M|
|poke|p1|Dragonite, M|
|poke|p1|Samurott-Hisui, M|
|poke|p2|Torkoal, F|
|poke|p2|Hatterene, F|
|poke|p2|Raging Bolt|
|poke|p2|Slither Wing|
|poke|p2|Venusaur, F|
|poke|p2|Walking Wake|
|teampreview
|inactive|Battle timer is ON: inactive players will automatically lose when time's up. (requested by Lolfrog123)
|
|t:|1758256553
|teamsize|p1|6
|teamsize|p2|6
|start
|switch|p1a: Braviary|Braviary-Hisui, M, shiny|100/100
|switch|p2a: Torkoal|Torkoal, F|100/100
|-weather|SunnyDay|[from] ability: Drought|[of] p2a: Torkoal
|turn|1
|
|t:|1758256580
|move|p1a: Braviary|Agility|p1a: Braviary
|-boost|p1a: Braviary|spe|2
|move|p2a: Torkoal|Stealth Rock|p1a: Braviary
|-sidestart|p1: BlueDash|move: Stealth Rock
|
|-weather|SunnyDay|[upkeep]
|upkeep
|turn|2
|
|t:|1758256584
|move|p1a: Braviary|Esper Wing|p2a: Torkoal
|-damage|p2a: Torkoal|16/100
|move|p2a: Torkoal|Overheat|p1a: Braviary
|-damage|p1a: Braviary|3/100
|-unboost|p2a: Torkoal|spa|2
|
|-weather|SunnyDay|[upkeep]
|upkeep
|turn|3
|
|t:|1758256589
|move|p1a: Braviary|Esper Wing|p2a: Torkoal
|-damage|p2a: Torkoal|0 fnt
|faint|p2a: Torkoal
|
|-weather|SunnyDay|[upkeep]
|upkeep
|
|t:|1758256595
|switch|p2a: Venusaur|Venusaur, F|100/100
|turn|4
|
|t:|1758256603
|move|p2a: Venusaur|Weather Ball|p1a: Braviary
|-damage|p1a: Braviary|0 fnt
|faint|p1a: Braviary
|-damage|p2a: Venusaur|91/100|[from] item: Life Orb
|
|-weather|SunnyDay|[upkeep]
|upkeep
|
|t:|1758256607
|switch|p1a: Grimmsnarl|Grimmsnarl, M|100/100
|-damage|p1a: Grimmsnarl|88/100|[from] Stealth Rock
|turn|5
|
|t:|1758256613
|move|p1a: Grimmsnarl|Light Screen|p1a: Grimmsnarl
|-sidestart|p1: BlueDash|move: Light Screen
|move|p2a: Venusaur|Growth|p2a: Venusaur
|-boost|p2a: Venusaur|atk|2
|-boost|p2a: Venusaur|spa|2
|
|-weather|SunnyDay|[upkeep]
|upkeep
|turn|6
|
|t:|1758256633
|move|p1a: Grimmsnarl|Reflect|p1a: Grimmsnarl
|-sidestart|p1: BlueDash|Reflect
|move|p2a: Venusaur|Growth|p2a: Venusaur
|-boost|p2a: Venusaur|atk|2
|-boost|p2a: Venusaur|spa|2
|
|-weather|SunnyDay|[upkeep]
|upkeep
|turn|7
|
|t:|1758256638
|move|p2a: Venusaur|Weather Ball|p1a: Grimmsnarl
|-damage|p1a: Grimmsnarl|24/100
|-damage|p2a: Venusaur|81/100|[from] item: Life Orb
|move|p1a: Grimmsnarl|Spirit Break|p2a: Venusaur
|-resisted|p2a: Venusaur
|-damage|p2a: Venusaur|61/100
|-unboost|p2a: Venusaur|spa|1
|
|-weather|SunnyDay|[upkeep]
|upkeep
|turn|8
|
|t:|1758256656
|move|p2a: Venusaur|Weather Ball|p1a: Grimmsnarl
|-crit|p1a: Grimmsnarl
|-damage|p1a: Grimmsnarl|0 fnt
|faint|p1a: Grimmsnarl
|-damage|p2a: Venusaur|51/100|[from] item: Life Orb
|
|-weather|none
|upkeep
|inactive|BlueDash has 120 seconds left.
|
|t:|1758256678
|switch|p1a: Donphan|Donphan, M, shiny|100/100
|turn|9
|
|t:|1758256685
|move|p2a: Venusaur|Giga Drain|p1a: Donphan
|-supereffective|p1a: Donphan
|-ability|p1a: Donphan|Sturdy
|-damage|p1a: Donphan|1/100
|-heal|p2a: Venusaur|100/100|[from] drain|[of] p1a: Donphan
|-damage|p2a: Venusaur|91/100|[from] item: Life Orb
|move|p1a: Donphan|Knock Off|p2a: Venusaur
|-damage|p2a: Venusaur|46/100
|-enditem|p2a: Venusaur|Life Orb|[from] move: Knock Off|[of] p1a: Donphan
|
|upkeep
|turn|10
|
|t:|1758256698
|move|p1a: Donphan|Ice Shard|p2a: Venusaur
|-supereffective|p2a: Venusaur
|-damage|p2a: Venusaur|4/100
|move|p2a: Venusaur|Giga Drain|p1a: Donphan
|-supereffective|p1a: Donphan
|-damage|p1a: Donphan|0 fnt
|-heal|p2a: Venusaur|5/100|[from] drain|[of] p1a: Donphan
|faint|p1a: Donphan
|
|upkeep
|
|t:|1758256702
|switch|p1a: Samurott|Samurott-Hisui, M|100/100
|-damage|p1a: Samurott|88/100|[from] Stealth Rock
|turn|11
|
|t:|1758256705
|move|p1a: Samurott|Flip Turn|p2a: Venusaur
|-resisted|p2a: Venusaur
|-damage|p2a: Venusaur|0 fnt
|faint|p2a: Venusaur
|
|t:|1758256723
|switch|p1a: Sinistcha|Sinistcha-Masterpiece, shiny|100/100|[from] Flip Turn
|-damage|p1a: Sinistcha|88/100|[from] Stealth Rock
|
|-heal|p1a: Sinistcha|94/100|[from] item: Leftovers
|upkeep
|
|t:|1758256741
|switch|p2a: Raging Bolt|Raging Bolt|100/100
|turn|12
|
|t:|1758256749
|move|p2a: Raging Bolt|Dragon Pulse|p1a: Sinistcha
|-damage|p1a: Sinistcha|56/100
|-damage|p2a: Raging Bolt|91/100|[from] item: Life Orb
|move|p1a: Sinistcha|Calm Mind|p1a: Sinistcha
|-boost|p1a: Sinistcha|spa|1
|-boost|p1a: Sinistcha|spd|1
|
|-heal|p1a: Sinistcha|62/100|[from] item: Leftovers
|-sideend|p1: BlueDash|move: Light Screen
|upkeep
|turn|13
|
|t:|1758256759
|move|p2a: Raging Bolt|Dragon Pulse|p1a: Sinistcha
|-damage|p1a: Sinistcha|11/100
|-damage|p2a: Raging Bolt|81/100|[from] item: Life Orb
|move|p1a: Sinistcha|Matcha Gotcha|p2a: Raging Bolt
|-resisted|p2a: Raging Bolt
|-damage|p2a: Raging Bolt|50/100
|-heal|p1a: Sinistcha|28/100|[from] drain|[of] p2a: Raging Bolt
|
|-heal|p1a: Sinistcha|34/100|[from] item: Leftovers
|-sideend|p1: BlueDash|Reflect
|upkeep
|turn|14
|
|t:|1758256788
|move|p2a: Raging Bolt|Dragon Pulse|p1a: Sinistcha
|-damage|p1a: Sinistcha|0 fnt
|faint|p1a: Sinistcha
|-damage|p2a: Raging Bolt|40/100|[from] item: Life Orb
|
|upkeep
|
|t:|1758256791
|switch|p1a: Samurott|Samurott-Hisui, M|88/100
|-damage|p1a: Samurott|76/100|[from] Stealth Rock
|turn|15
|inactive|BlueDash has 120 seconds left.
|
|t:|1758256814
|move|p2a: Raging Bolt|Thunderclap|p1a: Samurott
|-supereffective|p1a: Samurott
|-damage|p1a: Samurott|0 fnt
|faint|p1a: Samurott
|-damage|p2a: Raging Bolt|30/100|[from] item: Life Orb
|
|upkeep
|
|t:|1758256815
|switch|p1a: Dragonite|Dragonite, M|100/100
|-damage|p1a: Dragonite|76/100|[from] Stealth Rock
|turn|16
|
|t:|1758256841
|-terastallize|p1a: Dragonite|Normal
|move|p1a: Dragonite|Extreme Speed|p2a: Raging Bolt
|-damage|p2a: Raging Bolt|0 fnt
|faint|p2a: Raging Bolt
|-end|p2a: Raging Bolt|Protosynthesis|[silent]
|
|upkeep
|
|t:|1758256849
|switch|p2a: Slither Wing|Slither Wing|100/100
|turn|17
|
|t:|1758256854
|move|p2a: Slither Wing|First Impression|p1a: Dragonite
|-damage|p1a: Dragonite|0 fnt
|faint|p1a: Dragonite
|
|win|Lolfrog123
|raw|BlueDash's rating: 1341 &rarr; <strong>1320</strong><br />(-21 for losing)
|raw|Lolfrog123's rating: 1325 &rarr; <strong>1346</strong><br />(+21 for winning)
|l|☆BlueDash
|player|p1|
|l|☆Lolfrog123
|player|p2|
