|j|☆DARKNES5
|j|☆Jonyko
|t:|1758330401
|gametype|singles
|player|p1|DARKNES5|hilbert-wonderlauncher|
|player|p2|Jonyko|lucas-contest|
|gen|9
|tier|[Gen 9] OU
|rule|HP Percentage Mod: HP is shown in percentages
|rule|Endless Battle Clause: Forcing endless battles is banned
|rule|Species Clause: Limit one of each Pokémon
|rule|OHKO Clause: OHKO moves are banned
|rule|Evasion Items Clause: Evasion items are banned
|rule|Evasion Moves Clause: Evasion moves are banned
|rule|Evasion Abilities Clause: Evasion abilities are banned
|rule|Sleep Moves Clause: Sleep-inducing moves are banned
|clearpoke
|poke|p1|Garganacl, M|
|poke|p1|Gliscor, M|
|poke|p1|Scizor, F|
|poke|p1|Corviknight, M|
|poke|p1|Walking Wake|
|poke|p1|Clefable, F|
|poke|p2|Ribombee, F|
|poke|p2|Rampardos, F|
|poke|p2|Rillaboom, F|
|poke|p2|Great Tusk|
|poke|p2|Gholdengo|
|poke|p2|Ceruledge, M|
|teampreview
|
|t:|1758330409
|teamsize|p1|6
|teamsize|p2|6
|start
|switch|p1a: El Salao|Garganacl, M|100/100
|switch|p2a: Great Tusk|Great Tusk|100/100
|-item|p1a: El Salao|Air Balloon
|turn|1
|
|t:|1758330414
|move|p2a: Great Tusk|Body Press|p1a: El Salao
|-supereffective|p1a: El Salao
|-damage|p1a: El Salao|35/100
|-enditem|p1a: El Salao|Air Balloon
|move|p1a: El Salao|Stealth Rock|p2a: Great Tusk
|-sidestart|p2: Jonyko|move: Stealth Rock
|
|upkeep
|turn|2
|
|t:|1758330422
|move|p2a: Great Tusk|Stealth Rock|p1a: El Salao
|-sidestart|p1: DARKNES5|move: Stealth Rock
|move|p1a: El Salao|Curse|p1a: El Salao
|-unboost|p1a: El Salao|spe|1
|-boost|p1a: El Salao|atk|1
|-boost|p1a: El Salao|def|1
|
|upkeep
|turn|3
|
|t:|1758330425
|move|p2a: Great Tusk|Body Press|p1a: El Salao
|-supereffective|p1a: El Salao
|-damage|p1a: El Salao|0 fnt
|faint|p1a: El Salao
|
|upkeep
|
|t:|1758330440
|switch|p1a: La Gorda del BBVA|Clefable, F, shiny|100/100
|turn|4
|
|t:|1758330447
|-end|p2a: Great Tusk|Protosynthesis|[silent]
|switch|p2a: Gholdengo|Gholdengo|100/100
|-damage|p2a: Gholdengo|94/100|[from] Stealth Rock
|move|p1a: La Gorda del BBVA|Moonblast|p2a: Gholdengo
|-resisted|p2a: Gholdengo
|-damage|p2a: Gholdengo|67/100
|
|upkeep
|turn|5
|
|t:|1758330454
|move|p2a: Gholdengo|Recover|p2a: Gholdengo
|-heal|p2a: Gholdengo|100/100
|move|p1a: La Gorda del BBVA|Psyshock|p2a: Gholdengo
|-resisted|p2a: Gholdengo
|-damage|p2a: Gholdengo|86/100
|
|upkeep
|turn|6
|
|t:|1758330467
|switch|p1a: La Cabra|Gliscor, M, shiny|100/100
|-damage|p1a: La Cabra|88/100|[from] Stealth Rock
|move|p2a: Gholdengo|Nasty Plot|p2a: Gholdengo
|-boost|p2a: Gholdengo|spa|2
|
|-status|p1a: La Cabra|tox|[from] item: Toxic Orb
|upkeep
|turn|7
|
|t:|1758330474
|move|p1a: La Cabra|Fire Fang|p2a: Gholdengo
|-supereffective|p2a: Gholdengo
|-damage|p2a: Gholdengo|47/100
|move|p2a: Gholdengo|Make It Rain|p1a: La Cabra
|-damage|p1a: La Cabra|0 fnt
|-unboost|p2a: Gholdengo|spa|1
|faint|p1a: La Cabra
|
|upkeep
|
|t:|1758330482
|switch|p1a: La P0ll4|Walking Wake|100/100
|-damage|p1a: La P0ll4|88/100|[from] Stealth Rock
|-enditem|p1a: La P0ll4|Booster Energy
|-activate|p1a: La P0ll4|ability: Protosynthesis|[fromitem]
|-start|p1a: La P0ll4|protosynthesisspa
|turn|8
|
|t:|1758330486
|switch|p2a: R¡|Rillaboom, F|100/100
|-damage|p2a: R¡|88/100|[from] Stealth Rock
|-fieldstart|move: Grassy Terrain|[from] ability: Grassy Surge|[of] p2a: R¡
|-terastallize|p1a: La P0ll4|Ghost
|move|p1a: La P0ll4|Flamethrower|p2a: R¡
|-supereffective|p2a: R¡
|-damage|p2a: R¡|27/100
|
|-heal|p1a: La P0ll4|94/100|[from] Grassy Terrain
|-heal|p2a: R¡|33/100|[from] Grassy Terrain
|upkeep
|turn|9
|
|t:|1758330498
|move|p2a: R¡|Grassy Glide|p1a: La P0ll4
|-damage|p1a: La P0ll4|48/100
|move|p1a: La P0ll4|Flamethrower|p2a: R¡
|-supereffective|p2a: R¡
|-damage|p2a: R¡|0 fnt
|faint|p2a: R¡
|
|-heal|p1a: La P0ll4|54/100|[from] Grassy Terrain
|upkeep
|
|t:|1758330507
|switch|p2a: Ri|Ribombee, F|100/100
|-damage|p2a: Ri|76/100|[from] Stealth Rock
|turn|10
|
|t:|1758330510
|move|p2a: Ri|Stun Spore|p1a: La P0ll4
|-status|p1a: La P0ll4|par
|move|p1a: La P0ll4|Flamethrower|p2a: Ri
|-supereffective|p2a: Ri
|-crit|p2a: Ri
|-damage|p2a: Ri|0 fnt
|faint|p2a: Ri
|
|-heal|p1a: La P0ll4|61/100 par|[from] Grassy Terrain
|upkeep
|
|t:|1758330543
|switch|p2a: Gholdengo|Gholdengo|47/100
|-damage|p2a: Gholdengo|41/100|[from] Stealth Rock
|turn|11
|
|t:|1758330549
|move|p2a: Gholdengo|Make It Rain|p1a: La P0ll4
|-crit|p1a: La P0ll4
|-damage|p1a: La P0ll4|0 fnt
|-unboost|p2a: Gholdengo|spa|1
|faint|p1a: La P0ll4
|-end|p1a: La P0ll4|Protosynthesis|[silent]
|
|-heal|p2a: Gholdengo|47/100|[from] Grassy Terrain
|upkeep
|
|t:|1758330557
|switch|p1a: La Pampara|Scizor, F|100/100
|-damage|p1a: La Pampara|88/100|[from] Stealth Rock
|turn|12
|
|t:|1758330566
|switch|p2a: Ceruledge|Ceruledge, M, shiny|100/100
|-damage|p2a: Ceruledge|76/100|[from] Stealth Rock
|move|p1a: La Pampara|Bug Bite|p2a: Ceruledge
|-resisted|p2a: Ceruledge
|-damage|p2a: Ceruledge|53/100
|
|-heal|p2a: Ceruledge|60/100|[from] Grassy Terrain
|-heal|p1a: La Pampara|94/100|[from] Grassy Terrain
|-fieldend|move: Grassy Terrain
|upkeep
|turn|13
|
|t:|1758330573
|switch|p1a: La Gorda del BBVA|Clefable, F, shiny|100/100
|-terastallize|p2a: Ceruledge|Fire
|move|p2a: Ceruledge|Bitter Blade|p1a: La Gorda del BBVA
|-damage|p1a: La Gorda del BBVA|44/100
|-heal|p2a: Ceruledge|91/100|[from] drain|[of] p1a: La Gorda del BBVA
|
|upkeep
|turn|14
|
|t:|1758330578
|move|p2a: Ceruledge|Bitter Blade|p1a: La Gorda del BBVA
|-damage|p1a: La Gorda del BBVA|0 fnt
|-heal|p2a: Ceruledge|100/100|[from] drain|[of] p1a: La Gorda del BBVA
|faint|p1a: La Gorda del BBVA
|
|upkeep
|
|t:|1758330582
|switch|p1a: La Pampara|Scizor, F|94/100
|-damage|p1a: La Pampara|82/100|[from] Stealth Rock
|turn|15
|
|t:|1758330584
|move|p2a: Ceruledge|Bitter Blade|p1a: La Pampara
|-supereffective|p1a: La Pampara
|-damage|p1a: La Pampara|0 fnt
|faint|p1a: La Pampara
|
|upkeep
|
|t:|1758330586
|switch|p1a: La Tula Voladora|Corviknight, M, shiny|100/100
|-damage|p1a: La Tula Voladora|88/100|[from] Stealth Rock
|turn|16
|
|t:|1758330588
|switch|p2a: Ra-wr|Rampardos, F, shiny|100/100
|-damage|p2a: Ra-wr|88/100|[from] Stealth Rock
|-ability|p2a: Ra-wr|Mold Breaker
|move|p1a: La Tula Voladora|Brave Bird|p2a: Ra-wr
|-resisted|p2a: Ra-wr
|-damage|p2a: Ra-wr|49/100
|-damage|p1a: La Tula Voladora|77/100|[from] Recoil
|
|-heal|p1a: La Tula Voladora|83/100|[from] item: Leftovers
|upkeep
|turn|17
|
|t:|1758330591
|move|p2a: Ra-wr|Head Smash|p1a: La Tula Voladora
|-damage|p1a: La Tula Voladora|3/100
|-damage|p2a: Ra-wr|2/100|[from] Recoil
|move|p1a: La Tula Voladora|Heavy Slam|p2a: Ra-wr
|-supereffective|p2a: Ra-wr
|-damage|p2a: Ra-wr|0 fnt
|faint|p2a: Ra-wr
|
|-heal|p1a: La Tula Voladora|9/100|[from] item: Leftovers
|upkeep
|
|t:|1758330599
|switch|p2a: Ceruledge|Ceruledge, M, shiny, tera:Fire|100/100
|-damage|p2a: Ceruledge|76/100|[from] Stealth Rock
|turn|18
|
|t:|1758330603
|move|p2a: Ceruledge|Bitter Blade|p1a: La Tula Voladora
|-supereffective|p1a: La Tula Voladora
|-damage|p1a: La Tula Voladora|0 fnt
|-heal|p2a: Ceruledge|81/100|[from] drain|[of] p1a: La Tula Voladora
|faint|p1a: La Tula Voladora
|
|win|Jonyko
|c|☆Jonyko|Se mata solo tlj
