|j|☆TrialNdErr0r
|j|☆PirateKingJoyBoy
|t:|1758295719
|gametype|singles
|player|p1|TrialNdErr0r|169|1660
|player|p2|PirateKingJoyBoy|2|1575
|gen|9
|tier|[Gen 9] OU
|rated|
|rule|HP Percentage Mod: HP is shown in percentages
|rule|Endless Battle Clause: Forcing endless battles is banned
|rule|Species Clause: Limit one of each Pokémon
|rule|OHKO Clause: OHKO moves are banned
|rule|Evasion Items Clause: Evasion items are banned
|rule|Evasion Moves Clause: Evasion moves are banned
|rule|Evasion Abilities Clause: Evasion abilities are banned
|rule|Sleep Moves Clause: Sleep-inducing moves are banned
|clearpoke
|poke|p1|Zamazenta-*|
|poke|p1|Kingambit, F|
|poke|p1|Rotom-Wash|
|poke|p1|Garchomp, M|
|poke|p1|Cinderace, F|
|poke|p1|Pecharunt|
|poke|p2|Cinderace, F|
|poke|p2|Landorus-Therian, M|
|poke|p2|Gholdengo|
|poke|p2|Clefable, M|
|poke|p2|Mimikyu, M|
|poke|p2|Toxapex, M|
|teampreview
|inactive|Battle timer is ON: inactive players will automatically lose when time's up. (requested by TrialNdErr0r)
|
|t:|1758295737
|teamsize|p1|6
|teamsize|p2|6
|start
|switch|p1a: Rotom|Rotom-Wash|100/100
|switch|p2a: Toxapex|Toxapex, M|100/100
|turn|1
|
|t:|1758295742
|move|p1a: Rotom|Volt Switch|p2a: Toxapex
|-supereffective|p2a: Toxapex
|-damage|p2a: Toxapex|66/100
|
|t:|1758295745
|switch|p1a: Pecharunt|Pecharunt|100/100|[from] Volt Switch
|move|p2a: Toxapex|Toxic|p1a: Pecharunt
|-immune|p1a: Pecharunt
|
|-heal|p2a: Toxapex|73/100|[from] item: Leftovers
|upkeep
|turn|2
|
|t:|1758295751
|move|p1a: Pecharunt|Shadow Ball|p2a: Toxapex
|-damage|p2a: Toxapex|57/100
|move|p2a: Toxapex|Surf|p1a: Pecharunt
|-damage|p1a: Pecharunt|80/100
|
|-heal|p2a: Toxapex|64/100|[from] item: Leftovers
|upkeep
|turn|3
|
|t:|1758295758
|move|p1a: Pecharunt|Shadow Ball|p2a: Toxapex
|-damage|p2a: Toxapex|48/100
|move|p2a: Toxapex|Surf|p1a: Pecharunt
|-damage|p1a: Pecharunt|63/100
|
|-heal|p2a: Toxapex|54/100|[from] item: Leftovers
|upkeep
|turn|4
|
|t:|1758295765
|move|p1a: Pecharunt|Shadow Ball|p2a: Toxapex
|-damage|p2a: Toxapex|37/100
|move|p2a: Toxapex|Recover|p2a: Toxapex
|-heal|p2a: Toxapex|87/100
|
|-heal|p2a: Toxapex|93/100|[from] item: Leftovers
|upkeep
|turn|5
|
|t:|1758295771
|move|p1a: Pecharunt|Shadow Ball|p2a: Toxapex
|-damage|p2a: Toxapex|78/100
|move|p2a: Toxapex|Surf|p1a: Pecharunt
|-damage|p1a: Pecharunt|43/100
|
|-heal|p2a: Toxapex|84/100|[from] item: Leftovers
|upkeep
|turn|6
|
|t:|1758295780
|switch|p2a: Gholdengo|Gholdengo|100/100
|move|p1a: Pecharunt|Recover|p1a: Pecharunt
|-heal|p1a: Pecharunt|93/100
|
|upkeep
|turn|7
|
|t:|1758295785
|switch|p1a: Kingambit|Kingambit, F, shiny|100/100
|move|p2a: Gholdengo|Shadow Ball|p1a: Kingambit
|-resisted|p1a: Kingambit
|-damage|p1a: Kingambit|78/100
|
|-heal|p1a: Kingambit|84/100|[from] item: Leftovers
|upkeep
|turn|8
|
|t:|1758295793
|switch|p2a: Landorus|Landorus-Therian, M|100/100
|-ability|p2a: Landorus|Intimidate|boost
|-unboost|p1a: Kingambit|atk|1
|move|p1a: Kingambit|Kowtow Cleave|p2a: Landorus
|-damage|p2a: Landorus|69/100
|
|-heal|p2a: Landorus|75/100|[from] item: Leftovers
|-heal|p1a: Kingambit|90/100|[from] item: Leftovers
|upkeep
|turn|9
|
|t:|1758295801
|-end|p1a: Kingambit|fallenundefined|[silent]
|switch|p1a: Rotom|Rotom-Wash|100/100
|move|p2a: Landorus|Earthquake|p1a: Rotom
|-immune|p1a: Rotom|[from] ability: Levitate
|
|-heal|p2a: Landorus|81/100|[from] item: Leftovers
|upkeep
|turn|10
|
|t:|1758295809
|move|p2a: Landorus|U-turn|p1a: Rotom
|-damage|p1a: Rotom|81/100
|
|t:|1758295812
|switch|p2a: Toxapex|Toxapex, M|100/100|[from] U-turn
|move|p1a: Rotom|Thunder Wave|p2a: Toxapex|[miss]
|-miss|p1a: Rotom|p2a: Toxapex
|
|-heal|p1a: Rotom|88/100|[from] item: Leftovers
|upkeep
|turn|11
|
|t:|1758295821
|move|p1a: Rotom|Volt Switch|p2a: Toxapex
|-supereffective|p2a: Toxapex
|-damage|p2a: Toxapex|70/100
|
|t:|1758295822
|switch|p1a: Pecharunt|Pecharunt|93/100|[from] Volt Switch
|move|p2a: Toxapex|Toxic|p1a: Pecharunt
|-immune|p1a: Pecharunt
|
|-heal|p2a: Toxapex|76/100|[from] item: Leftovers
|upkeep
|turn|12
|
|t:|1758295837
|move|p1a: Pecharunt|Parting Shot|p2a: Toxapex
|-unboost|p2a: Toxapex|atk|1
|-unboost|p2a: Toxapex|spa|1
|
|t:|1758295840
|switch|p1a: Kingambit|Kingambit, F, shiny|90/100|[from] Parting Shot
|move|p2a: Toxapex|Surf|p1a: Kingambit
|-damage|p1a: Kingambit|78/100
|
|-heal|p1a: Kingambit|84/100|[from] item: Leftovers
|-heal|p2a: Toxapex|83/100|[from] item: Leftovers
|upkeep
|turn|13
|
|t:|1758295856
|move|p1a: Kingambit|Iron Head|p2a: Toxapex
|-resisted|p2a: Toxapex
|-damage|p2a: Toxapex|66/100
|cant|p2a: Toxapex|flinch
|
|-heal|p1a: Kingambit|90/100|[from] item: Leftovers
|-heal|p2a: Toxapex|72/100|[from] item: Leftovers
|upkeep
|turn|14
|inactive|PirateKingJoyBoy has 120 seconds left.
|
|t:|1758295882
|switch|p2a: Landorus|Landorus-Therian, M|81/100
|-ability|p2a: Landorus|Intimidate|boost
|-unboost|p1a: Kingambit|atk|1
|move|p1a: Kingambit|Iron Head|p2a: Landorus
|-damage|p2a: Landorus|50/100
|
|-heal|p2a: Landorus|56/100|[from] item: Leftovers
|-heal|p1a: Kingambit|97/100|[from] item: Leftovers
|upkeep
|turn|15
|inactive|PirateKingJoyBoy has 120 seconds left.
|
|t:|1758295894
|-end|p1a: Kingambit|fallenundefined|[silent]
|switch|p1a: Rotom|Rotom-Wash|88/100
|move|p2a: Landorus|Stealth Rock|p1a: Rotom
|-sidestart|p1: TrialNdErr0r|move: Stealth Rock
|
|-heal|p2a: Landorus|62/100|[from] item: Leftovers
|-heal|p1a: Rotom|94/100|[from] item: Leftovers
|upkeep
|turn|16
|
|t:|1758295900
|move|p2a: Landorus|U-turn|p1a: Rotom
|-crit|p1a: Rotom
|-damage|p1a: Rotom|70/100
|
|t:|1758295904
|switch|p2a: Toxapex|Toxapex, M|100/100|[from] U-turn
|move|p1a: Rotom|Thunder Wave|p2a: Toxapex
|-status|p2a: Toxapex|par
|
|-heal|p1a: Rotom|76/100|[from] item: Leftovers
|upkeep
|turn|17
|
|t:|1758295911
|switch|p2a: Landorus|Landorus-Therian, M|62/100
|-ability|p2a: Landorus|Intimidate|boost
|-unboost|p1a: Rotom|atk|1
|move|p1a: Rotom|Volt Switch|p2a: Landorus
|-immune|p2a: Landorus
|
|-heal|p2a: Landorus|68/100|[from] item: Leftovers
|-heal|p1a: Rotom|82/100|[from] item: Leftovers
|upkeep
|turn|18
|
|t:|1758295920
|move|p2a: Landorus|U-turn|p1a: Rotom
|-damage|p1a: Rotom|63/100
|
|t:|1758295924
|switch|p2a: Gholdengo|Gholdengo|100/100|[from] U-turn
|move|p1a: Rotom|Hydro Pump|p2a: Gholdengo|[miss]
|-miss|p1a: Rotom|p2a: Gholdengo
|
|-heal|p1a: Rotom|69/100|[from] item: Leftovers
|upkeep
|turn|19
|
|t:|1758295934
|move|p2a: Gholdengo|Trick|p1a: Rotom
|-activate|p2a: Gholdengo|move: Trick|[of] p1a: Rotom
|-item|p1a: Rotom|Choice Scarf|[from] move: Trick
|-item|p2a: Gholdengo|Leftovers|[from] move: Trick
|move|p1a: Rotom|Volt Switch|p2a: Gholdengo
|-damage|p2a: Gholdengo|73/100
|
|t:|1758295941
|switch|p1a: Garchomp|Garchomp, M|100/100|[from] Volt Switch
|-damage|p1a: Garchomp|94/100|[from] Stealth Rock
|
|-heal|p2a: Gholdengo|79/100|[from] item: Leftovers
|upkeep
|turn|20
|
|t:|1758295947
|switch|p2a: Landorus|Landorus-Therian, M|68/100
|-ability|p2a: Landorus|Intimidate|boost
|-unboost|p1a: Garchomp|atk|1
|move|p1a: Garchomp|Swords Dance|p1a: Garchomp
|-boost|p1a: Garchomp|atk|2
|
|-heal|p2a: Landorus|74/100|[from] item: Leftovers
|upkeep
|turn|21
|
|t:|1758295957
|move|p1a: Garchomp|Liquidation|p2a: Landorus
|-supereffective|p2a: Landorus
|-damage|p2a: Landorus|0 fnt
|faint|p2a: Landorus
|
|upkeep
|
|t:|1758295962
|switch|p2a: Clefable|Clefable, M|100/100
|turn|22
|
|t:|1758295966
|switch|p1a: Pecharunt|Pecharunt|93/100
|move|p2a: Clefable|Ice Beam|p1a: Pecharunt
|-damage|p1a: Pecharunt|59/100
|
|upkeep
|turn|23
|
|t:|1758295972
|switch|p2a: Gholdengo|Gholdengo|79/100
|move|p1a: Pecharunt|Shadow Ball|p2a: Gholdengo
|-supereffective|p2a: Gholdengo
|-damage|p2a: Gholdengo|15/100
|
|-heal|p2a: Gholdengo|21/100|[from] item: Leftovers
|upkeep
|turn|24
|
|t:|1758295987
|switch|p1a: Cinderace|Cinderace, F|100/100
|-terastallize|p2a: Gholdengo|Fighting
|move|p2a: Gholdengo|Tera Blast|p1a: Cinderace|[anim] Tera Blast Fighting
|-damage|p1a: Cinderace|49/100
|
|-heal|p2a: Gholdengo|27/100|[from] item: Leftovers
|upkeep
|turn|25
|-message|PirateKingJoyBoy forfeited.
|
|win|TrialNdErr0r
|raw|TrialNdErr0r's rating: 1660 &rarr; <strong>1675</strong><br />(+15 for winning)
|raw|PirateKingJoyBoy's rating: 1575 &rarr; <strong>1560</strong><br />(-15 for losing)
|l|☆PirateKingJoyBoy
|player|p2|
|l|☆TrialNdErr0r
|player|p1|
