|j|☆MrCooke510
|j|☆noahthebadplayer
|t:|1758258893
|gametype|singles
|player|p1|MrCooke510|1|1261
|player|p2|noahthebadplayer|170|1226
|gen|9
|tier|[Gen 9] OU
|rated|
|rule|HP Percentage Mod: HP is shown in percentages
|rule|Endless Battle Clause: Forcing endless battles is banned
|rule|Species Clause: Limit one of each Pokémon
|rule|OHKO Clause: OHKO moves are banned
|rule|Evasion Items Clause: Evasion items are banned
|rule|Evasion Moves Clause: Evasion moves are banned
|rule|Evasion Abilities Clause: Evasion abilities are banned
|rule|Sleep Moves Clause: Sleep-inducing moves are banned
|clearpoke
|poke|p1|Quaquaval, F|
|poke|p1|Corviknight, F|
|poke|p1|Samurott-Hisui, M|
|poke|p1|Cinderace, F|
|poke|p1|Gliscor, F|
|poke|p1|Raikou|
|poke|p2|Iron Treads|
|poke|p2|Iron Valiant|
|poke|p2|Serperior, F|
|poke|p2|Chandelure, M|
|poke|p2|Dragonite, F|
|poke|p2|Hariyama, M|
|teampreview
|c|☆noahthebadplayer|Glhf
|
|t:|1758258911
|teamsize|p1|6
|teamsize|p2|6
|start
|switch|p1a: Gliscor|Gliscor, F|100/100
|switch|p2a: Hariyama|Hariyama, M|100/100
|turn|1
|
|t:|1758258928
|-terastallize|p2a: Hariyama|Fairy
|move|p1a: Gliscor|Swords Dance|p1a: Gliscor
|-boost|p1a: Gliscor|atk|2
|move|p2a: Hariyama|Tera Blast|p1a: Gliscor|[anim] Tera Blast Fairy
|-damage|p1a: Gliscor|59/100
|
|-status|p1a: Gliscor|tox|[from] item: Toxic Orb
|-status|p2a: Hariyama|brn|[from] item: Flame Orb
|upkeep
|turn|2
|inactive|Battle timer is ON: inactive players will automatically lose when time's up. (requested by noahthebadplayer)
|
|t:|1758258941
|move|p1a: Gliscor|Earthquake|p2a: Hariyama
|-damage|p2a: Hariyama|7/100 brn
|move|p2a: Hariyama|Tera Blast|p1a: Gliscor|[anim] Tera Blast Fairy
|-damage|p1a: Gliscor|0 fnt
|faint|p1a: Gliscor
|
|-damage|p2a: Hariyama|1/100 brn|[from] brn
|upkeep
|
|t:|1758258953
|switch|p1a: Samurott|Samurott-Hisui, M|100/100
|turn|3
|
|t:|1758258956
|move|p2a: Hariyama|Bullet Punch|p1a: Samurott
|-resisted|p1a: Samurott
|-damage|p1a: Samurott|89/100
|move|p1a: Samurott|Ceaseless Edge|p2a: Hariyama
|-resisted|p2a: Hariyama
|-damage|p2a: Hariyama|0 fnt
|-sidestart|p2: noahthebadplayer|Spikes
|faint|p2a: Hariyama
|
|upkeep
|
|t:|1758258969
|switch|p2a: Dragonite|Dragonite, F|100/100
|turn|4
|
|t:|1758258974
|move|p2a: Dragonite|Thunderbolt|p1a: Samurott
|-supereffective|p1a: Samurott
|-damage|p1a: Samurott|14/100
|move|p1a: Samurott|Ceaseless Edge|p2a: Dragonite
|-damage|p2a: Dragonite|75/100
|-sidestart|p2: noahthebadplayer|Spikes
|
|upkeep
|turn|5
|
|t:|1758258981
|move|p1a: Samurott|Aqua Jet|p2a: Dragonite
|-resisted|p2a: Dragonite
|-damage|p2a: Dragonite|64/100
|move|p2a: Dragonite|Thunderbolt|p1a: Samurott
|-supereffective|p1a: Samurott
|-damage|p1a: Samurott|0 fnt
|faint|p1a: Samurott
|
|upkeep
|inactive|MrCooke510 has 120 seconds left.
|
|t:|1758259022
|switch|p1a: Corviknight|Corviknight, F|100/100
|turn|6
|
|t:|1758259025
|move|p2a: Dragonite|Thunderbolt|p1a: Corviknight
|-supereffective|p1a: Corviknight
|-damage|p1a: Corviknight|49/100
|-status|p1a: Corviknight|par
|-enditem|p1a: Corviknight|Sitrus Berry|[eat]
|-heal|p1a: Corviknight|74/100 par|[from] item: Sitrus Berry
|move|p1a: Corviknight|Bulk Up|p1a: Corviknight
|-boost|p1a: Corviknight|atk|1
|-boost|p1a: Corviknight|def|1
|
|upkeep
|turn|7
|
|t:|1758259034
|move|p2a: Dragonite|Thunderbolt|p1a: Corviknight
|-supereffective|p1a: Corviknight
|-damage|p1a: Corviknight|13/100 par
|move|p1a: Corviknight|Brave Bird|p2a: Dragonite
|-damage|p2a: Dragonite|0 fnt
|faint|p2a: Dragonite
|-damage|p1a: Corviknight|0 fnt|[from] Recoil
|faint|p1a: Corviknight
|
|upkeep
|
|t:|1758259045
|switch|p2a: Iron Treads|Iron Treads|100/100
|switch|p1a: Quaquaval|Quaquaval, F|100/100
|turn|8
|
|t:|1758259050
|move|p2a: Iron Treads|Rapid Spin|p1a: Quaquaval
|-damage|p1a: Quaquaval|82/100
|-boost|p2a: Iron Treads|spe|1
|-sideend|p2: noahthebadplayer|Spikes|[from] move: Rapid Spin|[of] p2a: Iron Treads
|move|p1a: Quaquaval|Aqua Step|p2a: Iron Treads
|-supereffective|p2a: Iron Treads
|-damage|p2a: Iron Treads|11/100
|-boost|p1a: Quaquaval|spe|1
|-damage|p1a: Quaquaval|72/100|[from] item: Life Orb
|
|upkeep
|turn|9
|
|t:|1758259059
|move|p2a: Iron Treads|Earthquake|p1a: Quaquaval
|-damage|p1a: Quaquaval|17/100
|move|p1a: Quaquaval|Aqua Step|p2a: Iron Treads
|-supereffective|p2a: Iron Treads
|-damage|p2a: Iron Treads|0 fnt
|-boost|p1a: Quaquaval|spe|1
|faint|p2a: Iron Treads
|-end|p2a: Iron Treads|Quark Drive|[silent]
|-ability|p1a: Quaquaval|Moxie|boost
|-boost|p1a: Quaquaval|atk|1
|-damage|p1a: Quaquaval|8/100|[from] item: Life Orb
|
|upkeep
|
|t:|1758259067
|switch|p2a: Serperior|Serperior, F|100/100
|turn|10
|
|t:|1758259070
|move|p1a: Quaquaval|Brave Bird|p2a: Serperior
|-supereffective|p2a: Serperior
|-damage|p2a: Serperior|0 fnt
|faint|p2a: Serperior
|-ability|p1a: Quaquaval|Moxie|boost
|-boost|p1a: Quaquaval|atk|1
|-damage|p1a: Quaquaval|0 fnt|[from] Recoil
|faint|p1a: Quaquaval
|
|upkeep
|
|t:|1758259082
|switch|p2a: Chandelure|Chandelure, M|100/100
|switch|p1a: Raikou|Raikou|100/100
|turn|11
|
|t:|1758259088
|move|p2a: Chandelure|Shadow Ball|p1a: Raikou
|-damage|p1a: Raikou|61/100
|-enditem|p1a: Raikou|Red Card|[of] p2a: Chandelure
|drag|p2a: Iron Valiant|Iron Valiant|100/100
|move|p1a: Raikou|Scald|p2a: Iron Valiant
|-damage|p2a: Iron Valiant|58/100
|
|upkeep
|turn|12
|
|t:|1758259099
|switch|p1a: Cinderace|Cinderace, F|100/100
|move|p2a: Iron Valiant|Spirit Break|p1a: Cinderace
|-resisted|p1a: Cinderace
|-damage|p1a: Cinderace|71/100
|-unboost|p1a: Cinderace|spa|1
|
|upkeep
|turn|13
|
|t:|1758259107
|move|p2a: Iron Valiant|Close Combat|p1a: Cinderace
|-damage|p1a: Cinderace|0 fnt
|-unboost|p2a: Iron Valiant|def|1
|-unboost|p2a: Iron Valiant|spd|1
|faint|p1a: Cinderace
|
|upkeep
|
|t:|1758259113
|switch|p1a: Raikou|Raikou|61/100
|turn|14
|
|t:|1758259116
|move|p2a: Iron Valiant|Close Combat|p1a: Raikou
|-damage|p1a: Raikou|0 fnt
|-unboost|p2a: Iron Valiant|def|1
|-unboost|p2a: Iron Valiant|spd|1
|faint|p1a: Raikou
|
|win|noahthebadplayer
|raw|MrCooke510's rating: 1261 &rarr; <strong>1233</strong><br />(-28 for losing)
|raw|noahthebadplayer's rating: 1226 &rarr; <strong>1254</strong><br />(+28 for winning)
|l|☆noahthebadplayer
|player|p2|
|l|☆MrCooke510
|player|p1|
