|j|☆frozenmoon77
|j|☆Mexi-Squad
|t:|1758255039
|gametype|singles
|player|p1|frozenmoon77|2|1424
|player|p2|Mexi-Squad|170|1452
|gen|9
|tier|[Gen 9] OU
|rated|
|rule|HP Percentage Mod: HP is shown in percentages
|rule|Endless Battle Clause: Forcing endless battles is banned
|rule|Species Clause: Limit one of each Pokémon
|rule|OHKO Clause: OHKO moves are banned
|rule|Evasion Items Clause: Evasion items are banned
|rule|Evasion Moves Clause: Evasion moves are banned
|rule|Evasion Abilities Clause: Evasion abilities are banned
|rule|Sleep Moves Clause: Sleep-inducing moves are banned
|clearpoke
|poke|p1|Fezandipiti, M|
|poke|p1|Chesnaught, M|
|poke|p1|Gholdengo|
|poke|p1|Weezing-Galar, M|
|poke|p1|Heatran, M|
|poke|p1|Hydreigon, F|
|poke|p2|Araquanid, F|
|poke|p2|Zapdos|
|poke|p2|Rillaboom, F|
|poke|p2|Landorus-Therian, M|
|poke|p2|Kingambit, F|
|poke|p2|Iron Moth|
|teampreview
|inactive|Battle timer is ON: inactive players will automatically lose when time's up. (requested by frozenmoon77)
|l|☆Mexi-Squad
|inactive|Mexi-Squad disconnected and has a minute to reconnect!
|player|p2|
|
|t:|1758255063
|teamsize|p1|6
|teamsize|p2|6
|start
|switch|p1a: Hydreigon|Hydreigon, F|100/100
|switch|p2a: Zapdos|Zapdos|100/100
|-ability|p2a: Zapdos|Pressure
|turn|1
|j|☆Mexi-Squad
|inactive|Mexi-Squad reconnected and has 150 seconds left.
|player|p2|Mexi-Squad|170|
|
|t:|1758255075
|move|p1a: Hydreigon|Draco Meteor|p2a: Zapdos
|-damage|p2a: Zapdos|0 fnt
|-unboost|p1a: Hydreigon|spa|2
|faint|p2a: Zapdos
|
|upkeep
|
|t:|1758255095
|switch|p2a: Iron Moth|Iron Moth|100/100
|-enditem|p2a: Iron Moth|Booster Energy
|-activate|p2a: Iron Moth|ability: Quark Drive|[fromitem]
|-start|p2a: Iron Moth|quarkdrivespe
|turn|2
|
|t:|1758255102
|-end|p2a: Iron Moth|Quark Drive|[silent]
|switch|p2a: Landorus|Landorus-Therian, M|100/100
|-ability|p2a: Landorus|Intimidate|boost
|-unboost|p1a: Hydreigon|atk|1
|switch|p1a: Heatran|Heatran, M|100/100
|
|upkeep
|turn|3
|
|t:|1758255115
|switch|p1a: Chesnaught|Chesnaught, M|100/100
|move|p2a: Landorus|U-turn|p1a: Chesnaught
|-damage|p1a: Chesnaught|85/100
|-damage|p2a: Landorus|84/100|[from] item: Rocky Helmet|[of] p1a: Chesnaught
|
|t:|1758255118
|switch|p2a: Iron Moth|Iron Moth|100/100|[from] U-turn
|
|upkeep
|turn|4
|
|t:|1758255128
|switch|p1a: Heatran|Heatran, M|100/100
|move|p2a: Iron Moth|Fiery Dance|p1a: Heatran
|-damage|p1a: Heatran|77/100
|-boost|p2a: Iron Moth|spa|1
|
|-heal|p1a: Heatran|83/100|[from] item: Leftovers
|upkeep
|turn|5
|
|t:|1758255142
|move|p2a: Iron Moth|Fiery Dance|p1a: Heatran
|-damage|p1a: Heatran|46/100
|move|p1a: Heatran|Will-O-Wisp|p2a: Iron Moth
|-immune|p2a: Iron Moth
|
|-heal|p1a: Heatran|52/100|[from] item: Leftovers
|upkeep
|turn|6
|
|t:|1758255149
|move|p2a: Iron Moth|Fiery Dance|p1a: Heatran
|-damage|p1a: Heatran|14/100
|move|p1a: Heatran|Earth Power|p2a: Iron Moth
|-supereffective|p2a: Iron Moth
|-damage|p2a: Iron Moth|0 fnt
|faint|p2a: Iron Moth
|-end|p2a: Iron Moth|Quark Drive|[silent]
|
|-heal|p1a: Heatran|21/100|[from] item: Leftovers
|upkeep
|
|t:|1758255158
|switch|p2a: Landorus|Landorus-Therian, M|84/100
|-ability|p2a: Landorus|Intimidate|boost
|-unboost|p1a: Heatran|atk|1
|turn|7
|
|t:|1758255170
|move|p2a: Landorus|U-turn|p1a: Heatran
|-resisted|p1a: Heatran
|-damage|p1a: Heatran|15/100
|
|t:|1758255173
|switch|p2a: Araquanid|Araquanid, F|100/100|[from] U-turn
|move|p1a: Heatran|Lava Plume|p2a: Araquanid
|-damage|p2a: Araquanid|86/100
|
|-heal|p1a: Heatran|21/100|[from] item: Leftovers
|upkeep
|turn|8
|
|t:|1758255180
|move|p1a: Heatran|Stealth Rock|p2a: Araquanid
|-sidestart|p2: Mexi-Squad|move: Stealth Rock
|move|p2a: Araquanid|Surf|p1a: Heatran
|-supereffective|p1a: Heatran
|-damage|p1a: Heatran|0 fnt
|faint|p1a: Heatran
|
|upkeep
|
|t:|1758255205
|switch|p1a: Hydreigon|Hydreigon, F|100/100
|turn|9
|
|t:|1758255224
|move|p2a: Araquanid|Endure|p2a: Araquanid
|-singleturn|p2a: Araquanid|move: Endure
|move|p1a: Hydreigon|Draco Meteor|p2a: Araquanid
|-damage|p2a: Araquanid|10/100
|-unboost|p1a: Hydreigon|spa|2
|
|upkeep
|turn|10
|-enditem|p2a: Araquanid|Custap Berry|[eat]
|-activate|p2a: Araquanid|item: Custap Berry|[consumed]
|
|t:|1758255232
|switch|p1a: Gholdengo|Gholdengo|100/100
|move|p2a: Araquanid|Endeavor|p1a: Gholdengo
|-immune|p1a: Gholdengo
|
|upkeep
|turn|11
|
|t:|1758255255
|move|p1a: Gholdengo|Shadow Ball|p2a: Araquanid
|-crit|p2a: Araquanid
|-damage|p2a: Araquanid|0 fnt
|faint|p2a: Araquanid
|
|upkeep
|inactive|Mexi-Squad has 120 seconds left.
|
|t:|1758255287
|switch|p2a: Kingambit|Kingambit, F|100/100
|-damage|p2a: Kingambit|94/100|[from] Stealth Rock
|-activate|p2a: Kingambit|ability: Supreme Overlord
|-start|p2a: Kingambit|fallen3|[silent]
|turn|12
|
|t:|1758255307
|switch|p1a: Chesnaught|Chesnaught, M|85/100
|move|p2a: Kingambit|Swords Dance|p2a: Kingambit
|-boost|p2a: Kingambit|atk|2
|
|-heal|p2a: Kingambit|100/100|[from] item: Leftovers
|upkeep
|turn|13
|inactive|Mexi-Squad has 120 seconds left.
|
|t:|1758255316
|-terastallize|p2a: Kingambit|Ghost
|move|p1a: Chesnaught|Iron Defense|p1a: Chesnaught
|-boost|p1a: Chesnaught|def|2
|move|p2a: Kingambit|Iron Head|p1a: Chesnaught
|-damage|p1a: Chesnaught|51/100
|-damage|p2a: Kingambit|84/100|[from] item: Rocky Helmet|[of] p1a: Chesnaught
|
|-heal|p2a: Kingambit|90/100|[from] item: Leftovers
|upkeep
|turn|14
|
|t:|1758255327
|move|p1a: Chesnaught|Leech Seed|p2a: Kingambit
|-start|p2a: Kingambit|move: Leech Seed
|move|p2a: Kingambit|Swords Dance|p2a: Kingambit
|-boost|p2a: Kingambit|atk|2
|
|-heal|p2a: Kingambit|96/100|[from] item: Leftovers
|-damage|p2a: Kingambit|84/100|[from] Leech Seed|[of] p1a: Chesnaught
|-heal|p1a: Chesnaught|64/100|[silent]
|upkeep
|turn|15
|
|t:|1758255335
|move|p1a: Chesnaught|Iron Defense|p1a: Chesnaught
|-boost|p1a: Chesnaught|def|2
|move|p2a: Kingambit|Iron Head|p1a: Chesnaught
|-damage|p1a: Chesnaught|29/100
|-damage|p2a: Kingambit|67/100|[from] item: Rocky Helmet|[of] p1a: Chesnaught
|
|-heal|p2a: Kingambit|73/100|[from] item: Leftovers
|-damage|p2a: Kingambit|61/100|[from] Leech Seed|[of] p1a: Chesnaught
|-heal|p1a: Chesnaught|42/100|[silent]
|upkeep
|turn|16
|
|t:|1758255347
|move|p1a: Chesnaught|Iron Defense|p1a: Chesnaught
|-boost|p1a: Chesnaught|def|2
|move|p2a: Kingambit|Iron Head|p1a: Chesnaught
|-damage|p1a: Chesnaught|14/100
|-damage|p2a: Kingambit|44/100|[from] item: Rocky Helmet|[of] p1a: Chesnaught
|
|-heal|p2a: Kingambit|50/100|[from] item: Leftovers
|-damage|p2a: Kingambit|38/100|[from] Leech Seed|[of] p1a: Chesnaught
|-heal|p1a: Chesnaught|27/100|[silent]
|upkeep
|turn|17
|-message|Mexi-Squad forfeited.
|
|win|frozenmoon77
|raw|frozenmoon77's rating: 1424 &rarr; <strong>1446</strong><br />(+22 for winning)
|raw|Mexi-Squad's rating: 1452 &rarr; <strong>1430</strong><br />(-22 for losing)
|l|☆Mexi-Squad
|player|p2|
|l|☆frozenmoon77
|player|p1|
