|j|☆SML Shrek
|j|☆bigbenjen
|t:|1758275698
|gametype|singles
|player|p1|SML Shrek|hiker-gen4|1413
|player|p2|bigbenjen|brycenman|1459
|gen|9
|tier|[Gen 9] OU
|rated|
|rule|HP Percentage Mod: HP is shown in percentages
|rule|Endless Battle Clause: Forcing endless battles is banned
|rule|Species Clause: Limit one of each Pokémon
|rule|OHKO Clause: OHKO moves are banned
|rule|Evasion Items Clause: Evasion items are banned
|rule|Evasion Moves Clause: Evasion moves are banned
|rule|Evasion Abilities Clause: Evasion abilities are banned
|rule|Sleep Moves Clause: Sleep-inducing moves are banned
|clearpoke
|poke|p1|Ribombee, F|
|poke|p1|Torkoal, M|
|poke|p1|Great Tusk|
|poke|p1|Walking Wake|
|poke|p1|Raging Bolt|
|poke|p1|Ting-Lu|
|poke|p2|Great Tusk|
|poke|p2|Moltres|
|poke|p2|Hydrapple, F|
|poke|p2|Metagross|
|poke|p2|Blissey, F|
|poke|p2|Dragapult, M|
|teampreview
|inactive|Battle timer is ON: inactive players will automatically lose when time's up. (requested by bigbenjen)
|
|t:|1758275705
|teamsize|p1|6
|teamsize|p2|6
|start
|switch|p1a: Ting-Lu|Ting-Lu|100/100
|switch|p2a: Metagross|Metagross|100/100
|-ability|p1a: Ting-Lu|Vessel of Ruin
|turn|1
|
|t:|1758275712
|switch|p2a: Great Tusk|Great Tusk|100/100
|-terastallize|p1a: Ting-Lu|Ghost
|move|p1a: Ting-Lu|Spikes|p2a: Great Tusk
|-sidestart|p2: bigbenjen|Spikes
|
|upkeep
|turn|2
|
|t:|1758275720
|-end|p2a: Great Tusk|Protosynthesis|[silent]
|switch|p2a: Hydrapple|Hydrapple, F|100/100
|-damage|p2a: Hydrapple|88/100|[from] Spikes
|move|p1a: Ting-Lu|Ruination|p2a: Hydrapple
|-damage|p2a: Hydrapple|44/100
|
|upkeep
|turn|3
|
|t:|1758275727
|move|p1a: Ting-Lu|Spikes|p2a: Hydrapple
|-sidestart|p2: bigbenjen|Spikes
|move|p2a: Hydrapple|Draco Meteor|p1a: Ting-Lu
|-damage|p1a: Ting-Lu|59/100
|-unboost|p2a: Hydrapple|spa|2
|
|-heal|p1a: Ting-Lu|65/100|[from] item: Leftovers
|upkeep
|turn|4
|
|t:|1758275736
|switch|p2a: Dragapult|Dragapult, M|100/100
|-damage|p2a: Dragapult|84/100|[from] Spikes
|move|p1a: Ting-Lu|Spikes|p2a: Dragapult
|-sidestart|p2: bigbenjen|Spikes
|
|-heal|p1a: Ting-Lu|72/100|[from] item: Leftovers
|upkeep
|turn|5
|
|t:|1758275745
|switch|p1a: Torkoal|Torkoal, M|100/100
|-weather|SunnyDay|[from] ability: Drought|[of] p1a: Torkoal
|move|p2a: Dragapult|U-turn|p1a: Torkoal
|-resisted|p1a: Torkoal
|-crit|p1a: Torkoal
|-damage|p1a: Torkoal|83/100
|
|t:|1758275748
|switch|p2a: Great Tusk|Great Tusk|100/100|[from] U-turn
|-damage|p2a: Great Tusk|76/100|[from] Spikes
|-activate|p2a: Great Tusk|ability: Protosynthesis
|-start|p2a: Great Tusk|protosynthesisdef
|
|-weather|SunnyDay|[upkeep]
|-heal|p2a: Great Tusk|82/100|[from] item: Leftovers
|upkeep
|turn|6
|
|t:|1758275759
|switch|p1a: Ting-Lu|Ting-Lu, tera:Ghost|72/100
|-ability|p1a: Ting-Lu|Vessel of Ruin
|move|p2a: Great Tusk|Headlong Rush|p1a: Ting-Lu
|-damage|p1a: Ting-Lu|42/100
|-unboost|p2a: Great Tusk|def|1
|-unboost|p2a: Great Tusk|spd|1
|
|-weather|SunnyDay|[upkeep]
|-heal|p2a: Great Tusk|88/100|[from] item: Leftovers
|-heal|p1a: Ting-Lu|48/100|[from] item: Leftovers
|upkeep
|turn|7
|
|t:|1758275771
|move|p2a: Great Tusk|Headlong Rush|p1a: Ting-Lu
|-damage|p1a: Ting-Lu|17/100
|-unboost|p2a: Great Tusk|def|1
|-unboost|p2a: Great Tusk|spd|1
|move|p1a: Ting-Lu|Whirlwind|p2a: Great Tusk
|-end|p2a: Great Tusk|Protosynthesis|[silent]
|drag|p2a: Moltres|Moltres|100/100
|
|-weather|SunnyDay|[upkeep]
|-heal|p1a: Ting-Lu|23/100|[from] item: Leftovers
|upkeep
|turn|8
|
|t:|1758275784
|switch|p1a: Torkoal|Torkoal, M|83/100
|move|p2a: Moltres|Flamethrower|p1a: Torkoal
|-resisted|p1a: Torkoal
|-damage|p1a: Torkoal|55/100
|
|-weather|SunnyDay|[upkeep]
|upkeep
|turn|9
|
|t:|1758275791
|move|p2a: Moltres|U-turn|p1a: Torkoal
|-resisted|p1a: Torkoal
|-damage|p1a: Torkoal|50/100
|
|t:|1758275794
|switch|p2a: Great Tusk|Great Tusk|88/100|[from] U-turn
|-damage|p2a: Great Tusk|63/100|[from] Spikes
|-activate|p2a: Great Tusk|ability: Protosynthesis
|-start|p2a: Great Tusk|protosynthesisdef
|move|p1a: Torkoal|Stealth Rock|p2a: Great Tusk
|-sidestart|p2: bigbenjen|move: Stealth Rock
|
|-weather|SunnyDay|[upkeep]
|-heal|p2a: Great Tusk|69/100|[from] item: Leftovers
|upkeep
|turn|10
|
|t:|1758275804
|switch|p1a: Ting-Lu|Ting-Lu, tera:Ghost|23/100
|-ability|p1a: Ting-Lu|Vessel of Ruin
|move|p2a: Great Tusk|Headlong Rush|p1a: Ting-Lu
|-damage|p1a: Ting-Lu|0 fnt
|-unboost|p2a: Great Tusk|def|1
|-unboost|p2a: Great Tusk|spd|1
|faint|p1a: Ting-Lu
|
|-weather|SunnyDay|[upkeep]
|-heal|p2a: Great Tusk|75/100|[from] item: Leftovers
|upkeep
|
|t:|1758275822
|switch|p1a: Walking Wake|Walking Wake|100/100
|-activate|p1a: Walking Wake|ability: Protosynthesis
|-start|p1a: Walking Wake|protosynthesisspa
|turn|11
|
|t:|1758275832
|-end|p1a: Walking Wake|Protosynthesis|[silent]
|switch|p1a: Great Tusk|Great Tusk|100/100
|-activate|p1a: Great Tusk|ability: Protosynthesis
|-start|p1a: Great Tusk|protosynthesisatk
|-end|p2a: Great Tusk|Protosynthesis|[silent]
|switch|p2a: Blissey|Blissey, F|100/100
|
|-weather|SunnyDay|[upkeep]
|upkeep
|turn|12
|
|t:|1758275840
|switch|p2a: Moltres|Moltres|100/100
|move|p1a: Great Tusk|Knock Off|p2a: Moltres
|-crit|p2a: Moltres
|-damage|p2a: Moltres|32/100
|-enditem|p2a: Moltres|Heavy-Duty Boots|[from] move: Knock Off|[of] p1a: Great Tusk
|
|-weather|none
|-end|p1a: Great Tusk|Protosynthesis
|upkeep
|turn|13
|
|t:|1758275859
|-end|p1a: Great Tusk|Protosynthesis|[silent]
|switch|p1a: Walking Wake|Walking Wake|100/100
|move|p2a: Moltres|Roost|p2a: Moltres
|-heal|p2a: Moltres|82/100
|-singleturn|p2a: Moltres|move: Roost
|
|upkeep
|turn|14
|
|t:|1758275869
|-end|p1a: Walking Wake|Protosynthesis|[silent]
|switch|p1a: Great Tusk|Great Tusk|100/100
|switch|p2a: Blissey|Blissey, F|100/100
|
|upkeep
|turn|15
|
|t:|1758275880
|-end|p1a: Great Tusk|Protosynthesis|[silent]
|switch|p1a: Raging Bolt|Raging Bolt|100/100
|-item|p1a: Raging Bolt|Air Balloon
|switch|p2a: Great Tusk|Great Tusk|75/100
|-damage|p2a: Great Tusk|50/100|[from] Spikes
|-damage|p2a: Great Tusk|48/100|[from] Stealth Rock
|
|-heal|p2a: Great Tusk|54/100|[from] item: Leftovers
|upkeep
|turn|16
|
|t:|1758275890
|move|p2a: Great Tusk|Rapid Spin|p1a: Raging Bolt
|-damage|p1a: Raging Bolt|86/100
|-boost|p2a: Great Tusk|spe|1
|-enditem|p1a: Raging Bolt|Air Balloon
|-sideend|p2: bigbenjen|Spikes|[from] move: Rapid Spin|[of] p2a: Great Tusk
|-sideend|p2: bigbenjen|Stealth Rock|[from] move: Rapid Spin|[of] p2a: Great Tusk
|move|p1a: Raging Bolt|Dragon Pulse|p2a: Great Tusk
|-damage|p2a: Great Tusk|0 fnt
|faint|p2a: Great Tusk
|-end|p2a: Great Tusk|Protosynthesis|[silent]
|
|upkeep
|
|t:|1758275895
|switch|p2a: Blissey|Blissey, F|100/100
|turn|17
|
|t:|1758275906
|-end|p1a: Raging Bolt|Protosynthesis|[silent]
|switch|p1a: Great Tusk|Great Tusk|100/100
|move|p2a: Blissey|Stealth Rock|p1a: Great Tusk
|-sidestart|p1: SML Shrek|move: Stealth Rock
|
|upkeep
|turn|18
|
|t:|1758275912
|switch|p2a: Moltres|Moltres|82/100
|move|p1a: Great Tusk|Knock Off|p2a: Moltres
|-damage|p2a: Moltres|58/100
|
|upkeep
|turn|19
|
|t:|1758275917
|move|p2a: Moltres|U-turn|p1a: Great Tusk
|-resisted|p1a: Great Tusk
|-damage|p1a: Great Tusk|95/100
|-damage|p2a: Moltres|42/100|[from] item: Rocky Helmet|[of] p1a: Great Tusk
|
|t:|1758275921
|switch|p2a: Dragapult|Dragapult, M|84/100|[from] U-turn
|move|p1a: Great Tusk|Stealth Rock|p2a: Dragapult
|-sidestart|p2: bigbenjen|move: Stealth Rock
|
|upkeep
|turn|20
|
|t:|1758275933
|-end|p1a: Great Tusk|Protosynthesis|[silent]
|switch|p1a: Torkoal|Torkoal, M|50/100
|-damage|p1a: Torkoal|25/100|[from] Stealth Rock
|-weather|SunnyDay|[from] ability: Drought|[of] p1a: Torkoal
|move|p2a: Dragapult|Dragon Darts|p1a: Torkoal
|-damage|p1a: Torkoal|1/100
|-anim|p2a: Dragapult|Dragon Darts|p1a: Torkoal
|-damage|p1a: Torkoal|0 fnt
|faint|p1a: Torkoal
|
|-weather|SunnyDay|[upkeep]
|upkeep
|
|t:|1758275959
|switch|p1a: Ribombee|Ribombee, F|100/100
|-damage|p1a: Ribombee|75/100|[from] Stealth Rock
|turn|21
|
|t:|1758275965
|switch|p2a: Metagross|Metagross|100/100
|-damage|p2a: Metagross|95/100|[from] Stealth Rock
|move|p1a: Ribombee|Stun Spore|p2a: Metagross
|-status|p2a: Metagross|par
|
|-weather|SunnyDay|[upkeep]
|upkeep
|turn|22
|
|t:|1758275974
|move|p1a: Ribombee|Sticky Web|p2a: Metagross
|-sidestart|p2: bigbenjen|move: Sticky Web
|move|p2a: Metagross|Earthquake|p1a: Ribombee
|-resisted|p1a: Ribombee
|-damage|p1a: Ribombee|43/100
|
|-weather|SunnyDay|[upkeep]
|upkeep
|turn|23
|
|t:|1758275984
|switch|p1a: Raging Bolt|Raging Bolt|86/100
|-damage|p1a: Raging Bolt|74/100|[from] Stealth Rock
|-activate|p1a: Raging Bolt|ability: Protosynthesis
|-start|p1a: Raging Bolt|protosynthesisspa
|move|p2a: Metagross|Bullet Punch|p1a: Raging Bolt
|-resisted|p1a: Raging Bolt
|-damage|p1a: Raging Bolt|62/100
|
|-weather|SunnyDay|[upkeep]
|upkeep
|turn|24
|
|t:|1758275995
|move|p1a: Raging Bolt|Thunderbolt|p2a: Metagross
|-damage|p2a: Metagross|7/100 par
|move|p2a: Metagross|Earthquake|p1a: Raging Bolt
|-supereffective|p1a: Raging Bolt
|-damage|p1a: Raging Bolt|0 fnt
|faint|p1a: Raging Bolt
|-end|p1a: Raging Bolt|Protosynthesis|[silent]
|
|-weather|SunnyDay|[upkeep]
|upkeep
|
|t:|1758276004
|switch|p1a: Walking Wake|Walking Wake|100/100
|-damage|p1a: Walking Wake|88/100|[from] Stealth Rock
|-activate|p1a: Walking Wake|ability: Protosynthesis
|-start|p1a: Walking Wake|protosynthesisspa
|turn|25
|
|t:|1758276009
|move|p2a: Metagross|Bullet Punch|p1a: Walking Wake
|-resisted|p1a: Walking Wake
|-damage|p1a: Walking Wake|74/100
|move|p1a: Walking Wake|Hydro Steam|p2a: Metagross
|-damage|p2a: Metagross|0 fnt
|faint|p2a: Metagross
|
|-weather|SunnyDay|[upkeep]
|upkeep
|
|t:|1758276014
|switch|p2a: Hydrapple|Hydrapple, F|78/100
|-damage|p2a: Hydrapple|65/100|[from] Stealth Rock
|-activate|p2a: Hydrapple|move: Sticky Web
|-unboost|p2a: Hydrapple|spe|1
|turn|26
|
|t:|1758276022
|-end|p1a: Walking Wake|Protosynthesis|[silent]
|switch|p1a: Ribombee|Ribombee, F|43/100
|-damage|p1a: Ribombee|18/100|[from] Stealth Rock
|move|p2a: Hydrapple|Leaf Storm|p1a: Ribombee
|-resisted|p1a: Ribombee
|-damage|p1a: Ribombee|0 fnt
|-unboost|p2a: Hydrapple|spa|2
|faint|p1a: Ribombee
|
|-weather|SunnyDay|[upkeep]
|upkeep
|-message|SML Shrek forfeited.
|
|win|bigbenjen
|raw|SML Shrek's rating: 1413 &rarr; <strong>1396</strong><br />(-17 for losing)
|raw|bigbenjen's rating: 1459 &rarr; <strong>1476</strong><br />(+17 for winning)
|l|☆SML Shrek
|player|p1|
|l|☆bigbenjen
|player|p2|
