|j|☆arhg955
|j|☆ind14n
|t:|1758347725
|gametype|singles
|player|p1|arhg955|cheren-gen5bw2|1147
|player|p2|ind14n|170|1129
|gen|9
|tier|[Gen 9] OU
|rated|
|rule|HP Percentage Mod: HP is shown in percentages
|rule|Endless Battle Clause: Forcing endless battles is banned
|rule|Species Clause: Limit one of each Pokémon
|rule|OHKO Clause: OHKO moves are banned
|rule|Evasion Items Clause: Evasion items are banned
|rule|Evasion Moves Clause: Evasion moves are banned
|rule|Evasion Abilities Clause: Evasion abilities are banned
|rule|Sleep Moves Clause: Sleep-inducing moves are banned
|clearpoke
|poke|p1|Samurott-Hisui, F|
|poke|p1|Garchomp, F|
|poke|p1|Dragapult, F|
|poke|p1|Walking Wake|
|poke|p1|Iron Moth|
|poke|p1|Kingambit, M|
|poke|p2|Cinderace, M|
|poke|p2|Dondozo, F|
|poke|p2|Thundurus-Therian, M|
|poke|p2|Goodra, F|
|poke|p2|Excadrill, M|
|poke|p2|Spiritomb, M|
|teampreview
|inactive|Battle timer is ON: inactive players will automatically lose when time's up. (requested by ind14n)
|inactive|arhg955 also wants the timer to be on.
|
|t:|1758347737
|teamsize|p1|6
|teamsize|p2|6
|start
|switch|p1a: Samurott|Samurott-Hisui, F|100/100
|switch|p2a: Goodra|Goodra, F|100/100
|turn|1
|
|t:|1758347749
|switch|p2a: Thundurus|Thundurus-Therian, M|100/100
|move|p1a: Samurott|Ceaseless Edge|p2a: Thundurus
|-damage|p2a: Thundurus|34/100
|-sidestart|p2: ind14n|Spikes
|
|upkeep
|turn|2
|
|t:|1758347763
|-terastallize|p1a: Samurott|Dark
|move|p2a: Thundurus|Thunderbolt|p1a: Samurott
|-enditem|p1a: Samurott|Focus Sash
|-damage|p1a: Samurott|1/100
|-damage|p2a: Thundurus|24/100|[from] item: Life Orb
|move|p1a: Samurott|Ceaseless Edge|p2a: Thundurus
|-damage|p2a: Thundurus|0 fnt
|-sidestart|p2: ind14n|Spikes
|faint|p2a: Thundurus
|
|upkeep
|
|t:|1758347767
|switch|p2a: Excadrill|Excadrill, M|100/100
|-damage|p2a: Excadrill|84/100|[from] Spikes
|-ability|p2a: Excadrill|Mold Breaker
|turn|3
|
|t:|1758347780
|move|p2a: Excadrill|Rapid Spin|p1a: Samurott
|-damage|p1a: Samurott|0 fnt
|-boost|p2a: Excadrill|spe|1
|-sideend|p2: ind14n|Spikes|[from] move: Rapid Spin|[of] p2a: Excadrill
|faint|p1a: Samurott
|
|upkeep
|
|t:|1758347790
|switch|p1a: Iron Moth|Iron Moth|100/100
|-enditem|p1a: Iron Moth|Booster Energy
|-activate|p1a: Iron Moth|ability: Quark Drive|[fromitem]
|-start|p1a: Iron Moth|quarkdrivespa
|turn|4
|
|t:|1758347798
|move|p2a: Excadrill|Drill Run|p1a: Iron Moth
|-supereffective|p1a: Iron Moth
|-damage|p1a: Iron Moth|0 fnt
|faint|p1a: Iron Moth
|-end|p1a: Iron Moth|Quark Drive|[silent]
|
|upkeep
|
|t:|1758347805
|switch|p1a: Walking Wake|Walking Wake|100/100
|-enditem|p1a: Walking Wake|Booster Energy
|-activate|p1a: Walking Wake|ability: Protosynthesis|[fromitem]
|-start|p1a: Walking Wake|protosynthesisspa
|turn|5
|inactive|ind14n has 120 seconds left.
|
|t:|1758347839
|switch|p2a: Dondozo|Dondozo, F|100/100
|move|p1a: Walking Wake|Hydro Steam|p2a: Dondozo
|-resisted|p2a: Dondozo
|-damage|p2a: Dondozo|77/100
|
|-heal|p2a: Dondozo|83/100|[from] item: Leftovers
|upkeep
|turn|6
|
|t:|1758347851
|move|p1a: Walking Wake|Flip Turn|p2a: Dondozo
|-resisted|p2a: Dondozo
|-crit|p2a: Dondozo
|-damage|p2a: Dondozo|77/100
|
|t:|1758347859
|-end|p1a: Walking Wake|Protosynthesis|[silent]
|switch|p1a: Dragapult|Dragapult, F|100/100|[from] Flip Turn
|move|p2a: Dondozo|Body Press|p1a: Dragapult
|-immune|p1a: Dragapult
|
|-heal|p2a: Dondozo|83/100|[from] item: Leftovers
|upkeep
|turn|7
|
|t:|1758347880
|switch|p2a: Cinderace|Cinderace, M|100/100
|move|p1a: Dragapult|Shadow Ball|p2a: Cinderace
|-damage|p2a: Cinderace|28/100
|
|upkeep
|turn|8
|
|t:|1758347899
|move|p1a: Dragapult|Shadow Ball|p2a: Cinderace
|-damage|p2a: Cinderace|0 fnt
|faint|p2a: Cinderace
|
|upkeep
|
|t:|1758347902
|switch|p2a: Spiritomb|Spiritomb, M|100/100
|turn|9
|
|t:|1758347909
|move|p1a: Dragapult|Shadow Ball|p2a: Spiritomb
|-damage|p2a: Spiritomb|57/100
|move|p2a: Spiritomb|Toxic|p1a: Dragapult
|-status|p1a: Dragapult|tox
|
|-damage|p1a: Dragapult|95/100 tox|[from] psn
|upkeep
|turn|10
|
|t:|1758347917
|move|p1a: Dragapult|Shadow Ball|p2a: Spiritomb
|-damage|p2a: Spiritomb|17/100
|move|p2a: Spiritomb|Hex|p1a: Dragapult
|-supereffective|p1a: Dragapult
|-damage|p1a: Dragapult|0 fnt
|faint|p1a: Dragapult
|
|upkeep
|
|t:|1758347927
|switch|p1a: Walking Wake|Walking Wake|100/100
|turn|11
|
|t:|1758347934
|move|p2a: Spiritomb|Sucker Punch|p1a: Walking Wake
|-damage|p1a: Walking Wake|77/100
|move|p1a: Walking Wake|Hydro Steam|p2a: Spiritomb
|-damage|p2a: Spiritomb|0 fnt
|faint|p2a: Spiritomb
|
|upkeep
|
|t:|1758347936
|switch|p2a: Goodra|Goodra, F|100/100
|turn|12
|
|t:|1758347948
|move|p1a: Walking Wake|Draco Meteor|p2a: Goodra
|-supereffective|p2a: Goodra
|-damage|p2a: Goodra|46/100
|-unboost|p1a: Walking Wake|spa|2
|move|p2a: Goodra|Draco Meteor|p1a: Walking Wake
|-supereffective|p1a: Walking Wake
|-damage|p1a: Walking Wake|0 fnt
|-unboost|p2a: Goodra|spa|2
|faint|p1a: Walking Wake
|-end|p1a: Walking Wake|Protosynthesis|[silent]
|
|upkeep
|
|t:|1758347959
|switch|p1a: Garchomp|Garchomp, F|100/100
|turn|13
|l|☆arhg955
|inactive|arhg955 disconnected and has a minute to reconnect!
|player|p1|
|j|☆arhg955
|inactive|arhg955 reconnected and has 125 seconds left.
|player|p1|arhg955|cheren-gen5bw2|
|inactive|arhg955 has 120 seconds left.
|l|☆arhg955
|inactive|arhg955 disconnected and has a minute to reconnect!
|player|p1|
|j|☆arhg955
|inactive|arhg955 reconnected and has 115 seconds left.
|player|p1|arhg955|cheren-gen5bw2|
|
|t:|1758347995
|move|p1a: Garchomp|Earthquake|p2a: Goodra
|-damage|p2a: Goodra|0 fnt
|faint|p2a: Goodra
|
|upkeep
|
|t:|1758348012
|switch|p2a: Dondozo|Dondozo, F|83/100
|turn|14
|inactive|arhg955 has 120 seconds left.
|
|t:|1758348018
|move|p2a: Dondozo|Curse|p2a: Dondozo
|-unboost|p2a: Dondozo|spe|1
|-boost|p2a: Dondozo|atk|1
|-boost|p2a: Dondozo|def|1
|move|p1a: Garchomp|Dragon Tail|p2a: Dondozo
|-damage|p2a: Dondozo|75/100
|drag|p2a: Excadrill|Excadrill, M|84/100
|-ability|p2a: Excadrill|Mold Breaker
|
|upkeep
|turn|15
|inactive|arhg955 has 120 seconds left.
|
|t:|1758348033
|move|p1a: Garchomp|Earthquake|p2a: Excadrill
|-supereffective|p2a: Excadrill
|-damage|p2a: Excadrill|0 fnt
|faint|p2a: Excadrill
|
|upkeep
|
|t:|1758348035
|switch|p2a: Dondozo|Dondozo, F|75/100
|turn|16
|
|t:|1758348044
|move|p1a: Garchomp|Earthquake|p2a: Dondozo
|-damage|p2a: Dondozo|56/100
|move|p2a: Dondozo|Curse|p2a: Dondozo
|-unboost|p2a: Dondozo|spe|1
|-boost|p2a: Dondozo|atk|1
|-boost|p2a: Dondozo|def|1
|
|-heal|p2a: Dondozo|62/100|[from] item: Leftovers
|upkeep
|turn|17
|
|t:|1758348058
|move|p1a: Garchomp|Fire Blast|p2a: Dondozo
|-resisted|p2a: Dondozo
|-damage|p2a: Dondozo|54/100
|move|p2a: Dondozo|Curse|p2a: Dondozo
|-unboost|p2a: Dondozo|spe|1
|-boost|p2a: Dondozo|atk|1
|-boost|p2a: Dondozo|def|1
|
|-heal|p2a: Dondozo|60/100|[from] item: Leftovers
|upkeep
|turn|18
|
|t:|1758348069
|switch|p1a: Kingambit|Kingambit, M|100/100
|-activate|p1a: Kingambit|ability: Supreme Overlord
|-start|p1a: Kingambit|fallen4|[silent]
|move|p2a: Dondozo|Curse|p2a: Dondozo
|-unboost|p2a: Dondozo|spe|1
|-boost|p2a: Dondozo|atk|1
|-boost|p2a: Dondozo|def|1
|
|-heal|p2a: Dondozo|66/100|[from] item: Leftovers
|upkeep
|turn|19
|
|t:|1758348081
|move|p1a: Kingambit|Low Kick|p2a: Dondozo
|-damage|p2a: Dondozo|54/100
|move|p2a: Dondozo|Rest|p2a: Dondozo
|-status|p2a: Dondozo|slp|[from] move: Rest
|-heal|p2a: Dondozo|100/100 slp|[silent]
|
|upkeep
|turn|20
|
|t:|1758348090
|move|p1a: Kingambit|Swords Dance|p1a: Kingambit
|-boost|p1a: Kingambit|atk|2
|cant|p2a: Dondozo|slp
|move|p2a: Dondozo|Sleep Talk|p2a: Dondozo
|move|p2a: Dondozo|Curse|p2a: Dondozo|[from] move: Sleep Talk
|-unboost|p2a: Dondozo|spe|1
|-boost|p2a: Dondozo|atk|1
|-boost|p2a: Dondozo|def|1
|
|upkeep
|turn|21
|c|☆ind14n|yeah its wraps bro sorry
|
|t:|1758348101
|move|p1a: Kingambit|Swords Dance|p1a: Kingambit
|-boost|p1a: Kingambit|atk|2
|cant|p2a: Dondozo|slp
|move|p2a: Dondozo|Sleep Talk|p2a: Dondozo
|move|p2a: Dondozo|Body Press|p1a: Kingambit|[from] move: Sleep Talk
|-supereffective|p1a: Kingambit
|-damage|p1a: Kingambit|0 fnt
|faint|p1a: Kingambit
|-end|p1a: Kingambit|fallen4|[silent]
|
|upkeep
|c|☆ind14n|gg wp
|inactive|arhg955 has 120 seconds left.
|c|☆arhg955|Jaja yes i usted dodonzo on My team before
|c|☆ind14n|lmfaooo
|c|☆ind14n|literally the goat
|c|☆arhg955|But it was getting electrocuted xD
|inactive|arhg955 has 90 seconds left.
|c|☆arhg955|I should have not chances him gg wp
|-message|arhg955 forfeited.
|
|win|ind14n
|raw|arhg955's rating: 1147 &rarr; <strong>1121</strong><br />(-26 for losing)
|raw|ind14n's rating: 1129 &rarr; <strong>1155</strong><br />(+26 for winning)
|l|☆arhg955
|player|p1|
|c|☆ind14n|haha I put three others to counter electric lol
|l|☆ind14n
|player|p2|
