|j|☆houkuro
|j|☆amacklai
|t:|1758290686
|gametype|singles
|player|p1|houkuro|170|1070
|player|p2|amacklai|101|1088
|gen|9
|tier|[Gen 9] OU
|rated|
|rule|HP Percentage Mod: HP is shown in percentages
|rule|Endless Battle Clause: Forcing endless battles is banned
|rule|Species Clause: Limit one of each Pokémon
|rule|OHKO Clause: OHKO moves are banned
|rule|Evasion Items Clause: Evasion items are banned
|rule|Evasion Moves Clause: Evasion moves are banned
|rule|Evasion Abilities Clause: Evasion abilities are banned
|rule|Sleep Moves Clause: Sleep-inducing moves are banned
|clearpoke
|poke|p1|Ogerpon-Wellspring, F|
|poke|p1|Garganacl, M|
|poke|p1|Regice|
|poke|p1|Basculegion-F, F|
|poke|p1|Pelipper, M|
|poke|p1|Feraligatr, M|
|poke|p2|Golem-Alola, F|
|poke|p2|Crawdaunt, M|
|poke|p2|Krookodile, F|
|poke|p2|Gholdengo|
|poke|p2|Ninetales-Alola, F|
|poke|p2|Dragapult, M|
|teampreview
|
|t:|1758290692
|teamsize|p1|6
|teamsize|p2|6
|start
|switch|p1a: Garganacl|Garganacl, M|100/100
|switch|p2a: Golem|Golem-Alola, F|100/100
|turn|1
|
|t:|1758290700
|move|p2a: Golem|Stealth Rock|p1a: Garganacl
|-sidestart|p1: houkuro|move: Stealth Rock
|move|p1a: Garganacl|Body Press|p2a: Golem
|-supereffective|p2a: Golem
|-crit|p2a: Golem
|-damage|p2a: Golem|31/100
|
|upkeep
|turn|2
|
|t:|1758290709
|move|p2a: Golem|Explosion|p1a: Garganacl
|-damage|p1a: Garganacl|24/100
|faint|p2a: Golem
|move|p1a: Garganacl|Salt Cure|p2: Golem|[notarget]
|-fail|p1a: Garganacl
|
|-heal|p1a: Garganacl|30/100|[from] item: Leftovers
|upkeep
|
|t:|1758290718
|switch|p2a: Crawdaunt|Crawdaunt, M|100/100
|turn|3
|
|t:|1758290726
|move|p2a: Crawdaunt|Dragon Dance|p2a: Crawdaunt
|-boost|p2a: Crawdaunt|atk|1
|-boost|p2a: Crawdaunt|spe|1
|move|p1a: Garganacl|Rest||[still]
|-fail|p1a: Garganacl
|
|-heal|p1a: Garganacl|36/100|[from] item: Leftovers
|upkeep
|turn|4
|
|t:|1758290739
|move|p2a: Crawdaunt|Crabhammer|p1a: Garganacl
|-supereffective|p1a: Garganacl
|-damage|p1a: Garganacl|0 fnt
|faint|p1a: Garganacl
|
|upkeep
|
|t:|1758290743
|switch|p1a: Regice|Regice|100/100
|-damage|p1a: Regice|76/100|[from] Stealth Rock
|turn|5
|
|t:|1758290752
|-terastallize|p2a: Crawdaunt|Water
|move|p2a: Crawdaunt|Crabhammer|p1a: Regice|[miss]
|-miss|p2a: Crawdaunt|p1a: Regice
|move|p1a: Regice|Thunder|p2a: Crawdaunt
|-supereffective|p2a: Crawdaunt
|-enditem|p2a: Crawdaunt|Focus Sash
|-damage|p2a: Crawdaunt|1/100
|
|upkeep
|turn|6
|
|t:|1758290763
|move|p2a: Crawdaunt|Crabhammer|p1a: Regice|[miss]
|-miss|p2a: Crawdaunt|p1a: Regice
|move|p1a: Regice|Ice Beam|p2a: Crawdaunt
|-resisted|p2a: Crawdaunt
|-damage|p2a: Crawdaunt|0 fnt
|faint|p2a: Crawdaunt
|
|upkeep
|
|t:|1758290773
|switch|p2a: Gholdengo|Gholdengo|100/100
|turn|7
|
|t:|1758290779
|move|p2a: Gholdengo|Nasty Plot|p2a: Gholdengo
|-boost|p2a: Gholdengo|spa|2
|move|p1a: Regice|Thunder|p2a: Gholdengo
|-damage|p2a: Gholdengo|68/100
|-status|p2a: Gholdengo|par
|
|upkeep
|turn|8
|
|t:|1758290787
|move|p1a: Regice|Thunder|p2a: Gholdengo
|-damage|p2a: Gholdengo|35/100 par
|move|p2a: Gholdengo|Focus Blast|p1a: Regice
|-supereffective|p1a: Regice
|-damage|p1a: Regice|11/100
|
|upkeep
|turn|9
|
|t:|1758290795
|move|p1a: Regice|Thunder|p2a: Gholdengo
|-crit|p2a: Gholdengo
|-damage|p2a: Gholdengo|0 fnt
|faint|p2a: Gholdengo
|
|upkeep
|
|t:|1758290800
|switch|p2a: Krookodile|Krookodile, F|100/100
|turn|10
|
|t:|1758290803
|move|p2a: Krookodile|Bulk Up|p2a: Krookodile
|-boost|p2a: Krookodile|atk|1
|-boost|p2a: Krookodile|def|1
|move|p1a: Regice|Ice Beam|p2a: Krookodile
|-supereffective|p2a: Krookodile
|-damage|p2a: Krookodile|0 fnt
|faint|p2a: Krookodile
|
|upkeep
|-message|amacklai forfeited.
|
|win|houkuro
|raw|houkuro's rating: 1070 &rarr; <strong>1101</strong><br />(+31 for winning)
|raw|amacklai's rating: 1088 &rarr; <strong>1064</strong><br />(-24 for losing)
|l|☆amacklai
|player|p2|
|l|☆houkuro
|player|p1|
