|j|☆Chris466
|j|‽trak2
|t:|1758344297
|gametype|singles
|player|p1|Chris466|red|1286
|player|p2|trak2|unknown|1262
|gen|9
|tier|[Gen 9] OU
|rated|
|rule|HP Percentage Mod: HP is shown in percentages
|rule|Endless Battle Clause: Forcing endless battles is banned
|rule|Species Clause: Limit one of each Pokémon
|rule|OHKO Clause: OHKO moves are banned
|rule|Evasion Items Clause: Evasion items are banned
|rule|Evasion Moves Clause: Evasion moves are banned
|rule|Evasion Abilities Clause: Evasion abilities are banned
|rule|Sleep Moves Clause: Sleep-inducing moves are banned
|clearpoke
|poke|p1|Meowscarada, F|
|poke|p1|Iron Valiant|
|poke|p1|Tyranitar, M|
|poke|p1|Corviknight, M|
|poke|p1|Raging Bolt|
|poke|p1|Gholdengo|
|poke|p2|Dragonite, M|
|poke|p2|Grimmsnarl, M|
|poke|p2|Enamorus, F|
|poke|p2|Great Tusk|
|poke|p2|Scizor, M|
|poke|p2|Raging Bolt|
|teampreview
|inactive|Battle timer is ON: inactive players will automatically lose when time's up. (requested by trak2)
|
|t:|1758344309
|teamsize|p1|6
|teamsize|p2|6
|start
|switch|p1a: Meowscarada|Meowscarada, F|100/100
|switch|p2a: Great Tusk|Great Tusk|100/100
|-enditem|p2a: Great Tusk|Booster Energy
|-activate|p2a: Great Tusk|ability: Protosynthesis|[fromitem]
|-start|p2a: Great Tusk|protosynthesisspe
|turn|1
|
|t:|1758344319
|switch|p1a: Corviknight|Corviknight, M|100/100
|-ability|p1a: Corviknight|Pressure
|move|p2a: Great Tusk|Stealth Rock|p1a: Corviknight
|-sidestart|p1: Chris466|move: Stealth Rock
|
|upkeep
|turn|2
|
|t:|1758344322
|move|p2a: Great Tusk|Rapid Spin|p1a: Corviknight
|-resisted|p1a: Corviknight
|-damage|p1a: Corviknight|96/100
|-boost|p2a: Great Tusk|spe|1
|move|p1a: Corviknight|Defog|p2a: Great Tusk
|-unboost|p2a: Great Tusk|evasion|1
|-sideend|p1: Chris466|Stealth Rock|[from] move: Defog|[of] p1a: Corviknight
|
|-heal|p1a: Corviknight|100/100|[from] item: Leftovers
|upkeep
|turn|3
|
|t:|1758344333
|-end|p2a: Great Tusk|Protosynthesis|[silent]
|switch|p2a: Enamorus|Enamorus, F|100/100
|move|p1a: Corviknight|Brave Bird|p2a: Enamorus
|-damage|p2a: Enamorus|47/100
|-damage|p1a: Corviknight|88/100|[from] Recoil
|
|-heal|p1a: Corviknight|94/100|[from] item: Leftovers
|upkeep
|turn|4
|
|t:|1758344337
|switch|p1a: Tyranitar|Tyranitar, M|100/100
|-weather|Sandstorm|[from] ability: Sand Stream|[of] p1a: Tyranitar
|move|p2a: Enamorus|Mystical Fire|p1a: Tyranitar
|-resisted|p1a: Tyranitar
|-damage|p1a: Tyranitar|92/100
|-unboost|p1a: Tyranitar|spa|1
|
|-weather|Sandstorm|[upkeep]
|-damage|p2a: Enamorus|40/100|[from] Sandstorm
|upkeep
|turn|5
|
|t:|1758344341
|switch|p2a: Great Tusk|Great Tusk|100/100
|move|p1a: Tyranitar|Stealth Rock|p2a: Great Tusk
|-sidestart|p2: trak2|move: Stealth Rock
|
|-weather|Sandstorm|[upkeep]
|upkeep
|turn|6
|
|t:|1758344345
|-terastallize|p1a: Tyranitar|Ghost
|move|p2a: Great Tusk|Stealth Rock|p1a: Tyranitar
|-sidestart|p1: Chris466|move: Stealth Rock
|move|p1a: Tyranitar|Ice Beam|p2a: Great Tusk
|-supereffective|p2a: Great Tusk
|-damage|p2a: Great Tusk|50/100
|
|-weather|Sandstorm|[upkeep]
|-damage|p1a: Tyranitar|85/100|[from] Sandstorm
|upkeep
|turn|7
|
|t:|1758344348
|move|p2a: Great Tusk|Ice Spinner|p1a: Tyranitar
|-damage|p1a: Tyranitar|69/100
|move|p1a: Tyranitar|Ice Beam|p2a: Great Tusk
|-supereffective|p2a: Great Tusk
|-damage|p2a: Great Tusk|4/100
|
|-weather|Sandstorm|[upkeep]
|-damage|p1a: Tyranitar|62/100|[from] Sandstorm
|upkeep
|turn|8
|
|t:|1758344354
|move|p2a: Great Tusk|Headlong Rush|p1a: Tyranitar
|-damage|p1a: Tyranitar|25/100
|-unboost|p2a: Great Tusk|def|1
|-unboost|p2a: Great Tusk|spd|1
|move|p1a: Tyranitar|Ice Beam|p2a: Great Tusk
|-supereffective|p2a: Great Tusk
|-damage|p2a: Great Tusk|0 fnt
|faint|p2a: Great Tusk
|-end|p2a: Great Tusk|Protosynthesis|[silent]
|
|-weather|none
|upkeep
|
|t:|1758344358
|switch|p2a: Grimmsnarl|Grimmsnarl, M|100/100
|-damage|p2a: Grimmsnarl|88/100|[from] Stealth Rock
|turn|9
|
|t:|1758344362
|move|p2a: Grimmsnarl|Light Screen|p2a: Grimmsnarl
|-sidestart|p2: trak2|move: Light Screen
|move|p1a: Tyranitar|Stone Edge|p2a: Grimmsnarl
|-damage|p2a: Grimmsnarl|38/100
|
|upkeep
|turn|10
|
|t:|1758344369
|switch|p1a: Meowscarada|Meowscarada, F|100/100
|move|p2a: Grimmsnarl|Reflect|p2a: Grimmsnarl
|-sidestart|p2: trak2|Reflect
|
|upkeep
|turn|11
|
|t:|1758344372
|move|p2a: Grimmsnarl|Parting Shot|p1a: Meowscarada
|-hint|Since gen 7, Dark is immune to Prankster moves.
|-immune|p1a: Meowscarada
|move|p1a: Meowscarada|Spikes|p2a: Grimmsnarl
|-sidestart|p2: trak2|Spikes
|
|upkeep
|turn|12
|
|t:|1758344377
|move|p1a: Meowscarada|Spikes|p2a: Grimmsnarl
|-sidestart|p2: trak2|Spikes
|move|p2a: Grimmsnarl|Spirit Break|p1a: Meowscarada
|-supereffective|p1a: Meowscarada
|-damage|p1a: Meowscarada|8/100
|-unboost|p1a: Meowscarada|spa|1
|
|upkeep
|turn|13
|
|t:|1758344382
|move|p1a: Meowscarada|Spikes|p2a: Grimmsnarl
|-sidestart|p2: trak2|Spikes
|move|p2a: Grimmsnarl|Spirit Break|p1a: Meowscarada
|-supereffective|p1a: Meowscarada
|-damage|p1a: Meowscarada|0 fnt
|faint|p1a: Meowscarada
|
|upkeep
|l|☆Chris466
|inactive|Chris466 disconnected and has a minute to reconnect!
|player|p1|
|j|☆Chris466
|inactive|Chris466 reconnected and has 140 seconds left.
|player|p1|Chris466|red|
|
|t:|1758344403
|switch|p1a: Iron Valiant|Iron Valiant|100/100
|-damage|p1a: Iron Valiant|94/100|[from] Stealth Rock
|turn|14
|
|t:|1758344414
|move|p1a: Iron Valiant|Close Combat|p2a: Grimmsnarl
|-damage|p2a: Grimmsnarl|0 fnt
|-unboost|p1a: Iron Valiant|def|1
|-unboost|p1a: Iron Valiant|spd|1
|faint|p2a: Grimmsnarl
|
|upkeep
|
|t:|1758344416
|switch|p2a: Scizor|Scizor, M|100/100
|-damage|p2a: Scizor|88/100|[from] Stealth Rock
|-damage|p2a: Scizor|63/100|[from] Spikes
|turn|15
|
|t:|1758344419
|-end|p1a: Iron Valiant|Quark Drive|[silent]
|switch|p1a: Raging Bolt|Raging Bolt|100/100
|move|p2a: Scizor|Swords Dance|p2a: Scizor
|-boost|p2a: Scizor|atk|2
|
|upkeep
|turn|16
|
|t:|1758344422
|move|p1a: Raging Bolt|Thunderbolt|p2a: Scizor
|-damage|p2a: Scizor|24/100
|move|p2a: Scizor|Swords Dance|p2a: Scizor
|-boost|p2a: Scizor|atk|2
|
|-sideend|p2: trak2|move: Light Screen
|upkeep
|turn|17
|
|t:|1758344425
|-terastallize|p2a: Scizor|Steel
|move|p1a: Raging Bolt|Thunderclap|p2a: Scizor
|-damage|p2a: Scizor|0 fnt
|faint|p2a: Scizor
|
|-sideend|p2: trak2|Reflect
|upkeep
|-message|trak2 forfeited.
|
|win|Chris466
|raw|Chris466's rating: 1286 &rarr; <strong>1309</strong><br />(+23 for winning)
|raw|trak2's rating: 1262 &rarr; <strong>1239</strong><br />(-23 for losing)
|l|‽trak2
|player|p2|
