|j|☆gwest314
|j|☆BlackliightJester
|t:|1758262548
|gametype|singles
|player|p1|gwest314|steven|1147
|player|p2|BlackliightJester|will|1096
|gen|9
|tier|[Gen 9] OU
|rated|
|rule|HP Percentage Mod: HP is shown in percentages
|rule|Endless Battle Clause: Forcing endless battles is banned
|rule|Species Clause: Limit one of each Pokémon
|rule|OHKO Clause: OHKO moves are banned
|rule|Evasion Items Clause: Evasion items are banned
|rule|Evasion Moves Clause: Evasion moves are banned
|rule|Evasion Abilities Clause: Evasion abilities are banned
|rule|Sleep Moves Clause: Sleep-inducing moves are banned
|clearpoke
|poke|p1|Araquanid, F|
|poke|p1|Lokix, M|
|poke|p1|Corviknight, F|
|poke|p1|Iron Crown|
|poke|p1|Raging Bolt|
|poke|p1|Iron Valiant|
|poke|p2|Meowstic, M|
|poke|p2|Flapple, F|
|poke|p2|Weezing-Galar, M|
|poke|p2|Alomomola, F|
|poke|p2|Landorus-Therian, M|
|poke|p2|Zapdos|
|teampreview
|inactive|Battle timer is ON: inactive players will automatically lose when time's up. (requested by BlackliightJester)
|inactive|gwest314 also wants the timer to be on.
|
|t:|1758262554
|teamsize|p1|6
|teamsize|p2|6
|start
|switch|p1a: Iron Valiant|Iron Valiant|100/100
|switch|p2a: Meowstic|Meowstic, M|100/100
|turn|1
|
|t:|1758262560
|move|p2a: Meowstic|Gravity|p2a: Meowstic
|-fieldstart|move: Gravity
|move|p1a: Iron Valiant|Trick|p2a: Meowstic
|-activate|p1a: Iron Valiant|move: Trick|[of] p2a: Meowstic
|-item|p2a: Meowstic|Choice Scarf|[from] move: Trick
|-item|p1a: Iron Valiant|Eject Button|[from] move: Trick
|
|upkeep
|turn|2
|
|t:|1758262572
|move|p2a: Meowstic|Psychic Noise|p1a: Iron Valiant
|-supereffective|p1a: Iron Valiant
|-damage|p1a: Iron Valiant|11/100
|-start|p1a: Iron Valiant|move: Heal Block
|-enditem|p1a: Iron Valiant|Eject Button
|
|t:|1758262577
|-end|p1a: Iron Valiant|Quark Drive|[silent]
|switch|p1a: Lokicks|Lokix, M, shiny|100/100
|
|upkeep
|turn|3
|
|t:|1758262587
|move|p2a: Meowstic|Psychic Noise|p1a: Lokicks
|-immune|p1a: Lokicks
|move|p1a: Lokicks|U-turn|p2a: Meowstic
|-supereffective|p2a: Meowstic
|-damage|p2a: Meowstic|11/100
|
|t:|1758262593
|switch|p1a: Iron Valiant|Iron Valiant|11/100|[from] U-turn
|
|upkeep
|turn|4
|
|t:|1758262597
|-end|p1a: Iron Valiant|Quark Drive|[silent]
|switch|p1a: Lokicks|Lokix, M, shiny|100/100
|move|p2a: Meowstic|Psychic Noise|p1a: Lokicks
|-immune|p1a: Lokicks
|
|upkeep
|turn|5
|
|t:|1758262607
|switch|p2a: Landorus|Landorus-Therian, M|100/100
|-ability|p2a: Landorus|Intimidate|boost
|-unboost|p1a: Lokicks|atk|1
|move|p1a: Lokicks|First Impression|p2a: Landorus
|-resisted|p2a: Landorus
|-damage|p2a: Landorus|65/100
|
|-fieldend|move: Gravity
|upkeep
|turn|6
|
|t:|1758262618
|move|p1a: Lokicks|U-turn|p2a: Landorus
|-resisted|p2a: Landorus
|-damage|p2a: Landorus|39/100
|
|t:|1758262621
|switch|p1a: Corviknight|Corviknight, F|100/100|[from] U-turn
|move|p2a: Landorus|Stealth Rock|p1a: Corviknight
|-sidestart|p1: gwest314|move: Stealth Rock
|
|upkeep
|turn|7
|
|t:|1758262628
|move|p2a: Landorus|U-turn|p1a: Corviknight
|-resisted|p1a: Corviknight
|-damage|p1a: Corviknight|94/100
|-damage|p2a: Landorus|22/100|[from] item: Rocky Helmet|[of] p1a: Corviknight
|-damage|p2a: Landorus|13/100|[from] item: Life Orb
|
|t:|1758262634
|switch|p2a: Meowstic|Meowstic, M|11/100|[from] U-turn
|move|p1a: Corviknight|Defog|p2a: Meowstic
|-unboost|p2a: Meowstic|evasion|1
|-sideend|p1: gwest314|Stealth Rock|[from] move: Defog|[of] p1a: Corviknight
|
|upkeep
|turn|8
|
|t:|1758262642
|move|p2a: Meowstic|Gravity|p2a: Meowstic
|-fieldstart|move: Gravity
|move|p1a: Corviknight|Body Press|p2a: Meowstic
|-resisted|p2a: Meowstic
|-damage|p2a: Meowstic|0 fnt
|faint|p2a: Meowstic
|
|upkeep
|
|t:|1758262656
|switch|p2a: Zapdos|Zapdos|100/100
|turn|9
|
|t:|1758262660
|switch|p1a: Raging Bol|Raging Bolt|100/100
|move|p2a: Zapdos|Zap Cannon|p1a: Raging Bol
|-resisted|p1a: Raging Bol
|-damage|p1a: Raging Bol|87/100
|
|upkeep
|turn|10
|
|t:|1758262670
|move|p2a: Zapdos|Hurricane|p1a: Raging Bol
|-resisted|p1a: Raging Bol
|-damage|p1a: Raging Bol|60/100
|move|p1a: Raging Bol|Calm Mind|p1a: Raging Bol
|-boost|p1a: Raging Bol|spa|1
|-boost|p1a: Raging Bol|spd|1
|
|upkeep
|turn|11
|-message|BlackliightJester forfeited.
|
|win|gwest314
|raw|gwest314's rating: 1147 &rarr; <strong>1168</strong><br />(+21 for winning)
|raw|BlackliightJester's rating: 1096 &rarr; <strong>1075</strong><br />(-21 for losing)
|l|☆BlackliightJester
|player|p2|
|l|☆gwest314
|player|p1|
