|j|☆Schmilkus
|j|☆TPX05
|t:|1758367039
|gametype|singles
|player|p1|Schmilkus|266|1400
|player|p2|TPX05|1|1445
|gen|9
|tier|[Gen 9] OU
|rated|
|rule|HP Percentage Mod: HP is shown in percentages
|rule|Endless Battle Clause: Forcing endless battles is banned
|rule|Species Clause: Limit one of each Pokémon
|rule|OHKO Clause: OHKO moves are banned
|rule|Evasion Items Clause: Evasion items are banned
|rule|Evasion Moves Clause: Evasion moves are banned
|rule|Evasion Abilities Clause: Evasion abilities are banned
|rule|Sleep Moves Clause: Sleep-inducing moves are banned
|clearpoke
|poke|p1|Garganacl, M|
|poke|p1|Sableye, M|
|poke|p1|Weezing-Galar, F|
|poke|p1|Scizor, M|
|poke|p1|Moltres|
|poke|p1|Gholdengo|
|poke|p2|Araquanid, F|
|poke|p2|Gholdengo|
|poke|p2|Kingambit, F|
|poke|p2|Raging Bolt|
|poke|p2|Enamorus, F|
|poke|p2|Iron Moth|
|teampreview
|inactive|Battle timer is ON: inactive players will automatically lose when time's up. (requested by Schmilkus)
|inactive|TPX05 also wants the timer to be on.
|
|t:|1758367049
|teamsize|p1|6
|teamsize|p2|6
|start
|switch|p1a: Sableye|Sableye, M|100/100
|switch|p2a: Araquanid|Araquanid, F|100/100
|turn|1
|
|t:|1758367056
|move|p1a: Sableye|Thunder Wave|p2a: Araquanid
|-status|p2a: Araquanid|par
|move|p2a: Araquanid|Liquidation|p1a: Sableye
|-damage|p1a: Sableye|25/100
|
|-heal|p1a: Sableye|31/100|[from] item: Leftovers
|upkeep
|turn|2
|
|t:|1758367063
|move|p1a: Sableye|Disable|p2a: Araquanid
|-start|p2a: Araquanid|Disable|Liquidation
|cant|p2a: Araquanid|Disable|Liquidation
|
|-heal|p1a: Sableye|38/100|[from] item: Leftovers
|upkeep
|turn|3
|
|t:|1758367070
|move|p1a: Sableye|Knock Off|p2a: Araquanid
|-damage|p2a: Araquanid|74/100 par
|-enditem|p2a: Araquanid|Custap Berry|[from] move: Knock Off|[of] p1a: Sableye
|cant|p2a: Araquanid|par
|
|-heal|p1a: Sableye|44/100|[from] item: Leftovers
|upkeep
|turn|4
|
|t:|1758367077
|move|p1a: Sableye|Encore|p2a: Araquanid
|-start|p2a: Araquanid|Encore
|cant|p2a: Araquanid|Disable|Liquidation
|
|-heal|p1a: Sableye|50/100|[from] item: Leftovers
|upkeep
|turn|5
|
|t:|1758367087
|switch|p2a: Kingambit|Kingambit, F|100/100
|move|p1a: Sableye|Knock Off|p2a: Kingambit
|-resisted|p2a: Kingambit
|-damage|p2a: Kingambit|90/100
|-enditem|p2a: Kingambit|Black Glasses|[from] move: Knock Off|[of] p1a: Sableye
|
|-heal|p1a: Sableye|56/100|[from] item: Leftovers
|upkeep
|turn|6
|
|t:|1758367098
|-end|p2a: Kingambit|fallenundefined|[silent]
|switch|p2a: Raging Bolt|Raging Bolt|100/100
|-enditem|p2a: Raging Bolt|Booster Energy
|-activate|p2a: Raging Bolt|ability: Protosynthesis|[fromitem]
|-start|p2a: Raging Bolt|protosynthesisspa
|switch|p1a: Moltres|Moltres|100/100
|
|upkeep
|turn|7
|
|t:|1758367109
|move|p1a: Moltres|U-turn|p2a: Raging Bolt
|-damage|p2a: Raging Bolt|87/100
|
|t:|1758367119
|switch|p1a: Sableye|Sableye, M|56/100|[from] U-turn
|move|p2a: Raging Bolt|Thunderbolt|p1a: Sableye
|-damage|p1a: Sableye|0 fnt
|faint|p1a: Sableye
|
|upkeep
|
|t:|1758367125
|switch|p1a: Garganacl|Garganacl, M|100/100
|turn|8
|
|t:|1758367129
|move|p2a: Raging Bolt|Thunderbolt|p1a: Garganacl
|-damage|p1a: Garganacl|51/100
|move|p1a: Garganacl|Salt Cure|p2a: Raging Bolt
|-damage|p2a: Raging Bolt|74/100
|-start|p2a: Raging Bolt|Salt Cure
|
|-heal|p1a: Garganacl|57/100|[from] item: Leftovers
|-damage|p2a: Raging Bolt|61/100|[from] Salt Cure
|upkeep
|turn|9
|
|t:|1758367136
|-end|p2a: Raging Bolt|Protosynthesis|[silent]
|switch|p2a: Gholdengo|Gholdengo|100/100
|-item|p2a: Gholdengo|Air Balloon
|move|p1a: Garganacl|Recover|p1a: Garganacl
|-heal|p1a: Garganacl|100/100
|
|upkeep
|turn|10
|
|t:|1758367140
|-terastallize|p1a: Garganacl|Ghost
|move|p2a: Gholdengo|Nasty Plot|p2a: Gholdengo
|-boost|p2a: Gholdengo|spa|2
|move|p1a: Garganacl|Salt Cure|p2a: Gholdengo
|-resisted|p2a: Gholdengo
|-damage|p2a: Gholdengo|93/100
|-start|p2a: Gholdengo|Salt Cure
|-enditem|p2a: Gholdengo|Air Balloon
|
|-damage|p2a: Gholdengo|68/100|[from] Salt Cure
|upkeep
|turn|11
|
|t:|1758367147
|move|p2a: Gholdengo|Shadow Ball|p1a: Garganacl
|-supereffective|p1a: Garganacl
|-damage|p1a: Garganacl|38/100
|move|p1a: Garganacl|Recover|p1a: Garganacl
|-heal|p1a: Garganacl|88/100
|
|-heal|p1a: Garganacl|94/100|[from] item: Leftovers
|-damage|p2a: Gholdengo|43/100|[from] Salt Cure
|upkeep
|turn|12
|
|t:|1758367162
|switch|p2a: Raging Bolt|Raging Bolt|61/100
|move|p1a: Garganacl|Recover|p1a: Garganacl
|-heal|p1a: Garganacl|100/100
|
|upkeep
|turn|13
|
|t:|1758367168
|move|p2a: Raging Bolt|Thunderbolt|p1a: Garganacl
|-damage|p1a: Garganacl|62/100
|move|p1a: Garganacl|Salt Cure|p2a: Raging Bolt
|-damage|p2a: Raging Bolt|49/100
|-start|p2a: Raging Bolt|Salt Cure
|
|-heal|p1a: Garganacl|69/100|[from] item: Leftovers
|-damage|p2a: Raging Bolt|37/100|[from] Salt Cure
|upkeep
|turn|14
|
|t:|1758367177
|-end|p2a: Raging Bolt|Protosynthesis|[silent]
|switch|p2a: Kingambit|Kingambit, F|90/100
|move|p1a: Garganacl|Recover|p1a: Garganacl
|-heal|p1a: Garganacl|100/100
|
|upkeep
|turn|15
|
|t:|1758367182
|-terastallize|p2a: Kingambit|Dark
|move|p2a: Kingambit|Swords Dance|p2a: Kingambit
|-boost|p2a: Kingambit|atk|2
|move|p1a: Garganacl|Body Press|p2a: Kingambit
|-supereffective|p2a: Kingambit
|-damage|p2a: Kingambit|46/100
|
|upkeep
|turn|16
|
|t:|1758367190
|switch|p1a: Moltres|Moltres|100/100
|move|p2a: Kingambit|Kowtow Cleave|p1a: Moltres
|-damage|p1a: Moltres|0 fnt
|faint|p1a: Moltres
|
|upkeep
|
|t:|1758367192
|switch|p1a: Scizor|Scizor, M|100/100
|turn|17
|
|t:|1758367198
|-end|p2a: Kingambit|fallenundefined|[silent]
|switch|p2a: Iron Moth|Iron Moth|100/100
|-enditem|p2a: Iron Moth|Booster Energy
|-activate|p2a: Iron Moth|ability: Quark Drive|[fromitem]
|-start|p2a: Iron Moth|quarkdrivespa
|move|p1a: Scizor|Bullet Punch|p2a: Iron Moth
|-resisted|p2a: Iron Moth
|-damage|p2a: Iron Moth|55/100
|
|upkeep
|turn|18
|
|t:|1758367204
|switch|p1a: Garganacl|Garganacl, M, tera:Ghost|100/100
|move|p2a: Iron Moth|Fiery Dance|p1a: Garganacl
|-damage|p1a: Garganacl|62/100
|
|-heal|p1a: Garganacl|68/100|[from] item: Leftovers
|upkeep
|turn|19
|
|t:|1758367212
|move|p2a: Iron Moth|Fiery Dance|p1a: Garganacl
|-damage|p1a: Garganacl|28/100
|-boost|p2a: Iron Moth|spa|1
|move|p1a: Garganacl|Recover|p1a: Garganacl
|-heal|p1a: Garganacl|78/100
|
|-heal|p1a: Garganacl|84/100|[from] item: Leftovers
|upkeep
|turn|20
|
|t:|1758367214
|move|p2a: Iron Moth|Fiery Dance|p1a: Garganacl
|-damage|p1a: Garganacl|22/100
|move|p1a: Garganacl|Salt Cure|p2a: Iron Moth
|-supereffective|p2a: Iron Moth
|-damage|p2a: Iron Moth|10/100
|-start|p2a: Iron Moth|Salt Cure
|
|-heal|p1a: Garganacl|28/100|[from] item: Leftovers
|-damage|p2a: Iron Moth|0 fnt|[from] Salt Cure
|faint|p2a: Iron Moth
|-end|p2a: Iron Moth|Quark Drive|[silent]
|upkeep
|
|t:|1758367221
|switch|p2a: Kingambit|Kingambit, F, tera:Dark|46/100
|-activate|p2a: Kingambit|ability: Supreme Overlord
|-start|p2a: Kingambit|fallen1|[silent]
|turn|21
|
|t:|1758367226
|move|p2a: Kingambit|Kowtow Cleave|p1a: Garganacl
|-supereffective|p1a: Garganacl
|-damage|p1a: Garganacl|0 fnt
|faint|p1a: Garganacl
|
|upkeep
|
|t:|1758367229
|switch|p1a: Weezing|Weezing-Galar, F|100/100
|-ability|p1a: Weezing|Neutralizing Gas
|turn|22
|
|t:|1758367238
|-end|p2a: Kingambit|fallen1|[silent]
|switch|p2a: Araquanid|Araquanid, F|74/100 par
|move|p1a: Weezing|Strange Steam|p2a: Araquanid
|-damage|p2a: Araquanid|53/100 par
|
|upkeep
|turn|23
|
|t:|1758367244
|move|p1a: Weezing|Strange Steam|p2a: Araquanid|[miss]
|-miss|p1a: Weezing|p2a: Araquanid
|cant|p2a: Araquanid|par
|
|upkeep
|turn|24
|
|t:|1758367246
|move|p1a: Weezing|Strange Steam|p2a: Araquanid
|-damage|p2a: Araquanid|29/100 par
|move|p2a: Araquanid|Liquidation|p1a: Weezing
|-damage|p1a: Weezing|76/100
|
|-heal|p1a: Weezing|82/100|[from] item: Black Sludge
|upkeep
|turn|25
|
|t:|1758367251
|move|p1a: Weezing|Strange Steam|p2a: Araquanid
|-damage|p2a: Araquanid|7/100 par
|move|p2a: Araquanid|Liquidation|p1a: Weezing
|-damage|p1a: Weezing|59/100
|
|-heal|p1a: Weezing|65/100|[from] item: Black Sludge
|upkeep
|turn|26
|
|t:|1758367258
|move|p1a: Weezing|Strange Steam|p2a: Araquanid
|-crit|p2a: Araquanid
|-damage|p2a: Araquanid|0 fnt
|faint|p2a: Araquanid
|
|-heal|p1a: Weezing|71/100|[from] item: Black Sludge
|upkeep
|
|t:|1758367263
|switch|p2a: Enamorus|Enamorus, F|100/100
|turn|27
|
|t:|1758367270
|move|p2a: Enamorus|Earth Power|p1a: Weezing
|-supereffective|p1a: Weezing
|-damage|p1a: Weezing|0 fnt
|faint|p1a: Weezing
|-end|p1a: Weezing|ability: Neutralizing Gas
|
|upkeep
|
|t:|1758367273
|switch|p1a: Gholdengo|Gholdengo|100/100
|turn|28
|
|t:|1758367278
|switch|p2a: Raging Bolt|Raging Bolt|37/100
|move|p1a: Gholdengo|Make It Rain|p2a: Raging Bolt
|-resisted|p2a: Raging Bolt
|-damage|p2a: Raging Bolt|4/100
|-unboost|p1a: Gholdengo|spa|1
|
|upkeep
|turn|29
|
|t:|1758367282
|move|p1a: Gholdengo|Make It Rain|p2a: Raging Bolt
|-resisted|p2a: Raging Bolt
|-damage|p2a: Raging Bolt|0 fnt
|-unboost|p1a: Gholdengo|spa|1
|faint|p2a: Raging Bolt
|-end|p2a: Raging Bolt|Protosynthesis|[silent]
|
|upkeep
|
|t:|1758367286
|switch|p2a: Kingambit|Kingambit, F, tera:Dark|46/100
|-activate|p2a: Kingambit|ability: Supreme Overlord
|-start|p2a: Kingambit|fallen3|[silent]
|turn|30
|
|t:|1758367291
|move|p1a: Gholdengo|Make It Rain|p2a: Kingambit
|-crit|p2a: Kingambit
|-damage|p2a: Kingambit|0 fnt
|-unboost|p1a: Gholdengo|spa|1
|faint|p2a: Kingambit
|-end|p2a: Kingambit|fallen3|[silent]
|
|upkeep
|
|t:|1758367301
|switch|p2a: Enamorus|Enamorus, F|100/100
|turn|31
|
|t:|1758367311
|switch|p1a: Scizor|Scizor, M|100/100
|move|p2a: Enamorus|Healing Wish|p2a: Enamorus
|faint|p2a: Enamorus
|
|upkeep
|
|t:|1758367313
|switch|p2a: Gholdengo|Gholdengo|43/100
|-heal|p2a: Gholdengo|100/100|[from] move: Healing Wish
|turn|32
|
|t:|1758367317
|move|p2a: Gholdengo|Nasty Plot|p2a: Gholdengo
|-boost|p2a: Gholdengo|spa|2
|move|p1a: Scizor|Knock Off|p2a: Gholdengo
|-supereffective|p2a: Gholdengo
|-damage|p2a: Gholdengo|19/100
|
|upkeep
|turn|33
|
|t:|1758367327
|move|p2a: Gholdengo|Shadow Ball|p1a: Scizor
|-damage|p1a: Scizor|0 fnt
|faint|p1a: Scizor
|
|upkeep
|
|t:|1758367329
|switch|p1a: Gholdengo|Gholdengo|100/100
|turn|34
|
|t:|1758367331
|move|p1a: Gholdengo|Shadow Ball|p2a: Gholdengo
|-supereffective|p2a: Gholdengo
|-damage|p2a: Gholdengo|0 fnt
|faint|p2a: Gholdengo
|
|win|Schmilkus
|raw|Schmilkus's rating: 1400 &rarr; <strong>1423</strong><br />(+23 for winning)
|raw|TPX05's rating: 1445 &rarr; <strong>1422</strong><br />(-23 for losing)
|l|☆Schmilkus
|player|p1|
|l|☆TPX05
|player|p2|
