|j|☆zain20739
|j|☆dnite dancer
|t:|1758285155
|gametype|singles
|player|p1|zain20739|169|1343
|player|p2|dnite dancer|dragontamer|1314
|gen|9
|tier|[Gen 9] OU
|rated|
|rule|HP Percentage Mod: HP is shown in percentages
|rule|Endless Battle Clause: Forcing endless battles is banned
|rule|Species Clause: Limit one of each Pokémon
|rule|OHKO Clause: OHKO moves are banned
|rule|Evasion Items Clause: Evasion items are banned
|rule|Evasion Moves Clause: Evasion moves are banned
|rule|Evasion Abilities Clause: Evasion abilities are banned
|rule|Sleep Moves Clause: Sleep-inducing moves are banned
|clearpoke
|poke|p1|Alomomola, F|
|poke|p1|Slowking-Galar, F|
|poke|p1|Kingambit, F|
|poke|p1|Great Tusk|
|poke|p1|Cinderace, F|
|poke|p1|Thundurus-Therian, M|
|poke|p2|Deoxys-Speed|
|poke|p2|Ogerpon-Wellspring, F|
|poke|p2|Alomomola, M|
|poke|p2|Iron Crown|
|poke|p2|Great Tusk|
|poke|p2|Gliscor, M|
|teampreview
|inactive|Battle timer is ON: inactive players will automatically lose when time's up. (requested by zain20739)
|
|t:|1758285168
|teamsize|p1|6
|teamsize|p2|6
|start
|switch|p1a: Cinderace|Cinderace, F|100/100
|switch|p2a: Ogerpon|Ogerpon-Wellspring, F|100/100
|turn|1
|
|t:|1758285176
|switch|p2a: Alomomola|Alomomola, M|100/100
|move|p1a: Cinderace|U-turn|p2a: Alomomola
|-start|p1a: Cinderace|typechange|Bug|[from] ability: Libero
|-damage|p2a: Alomomola|84/100
|-damage|p1a: Cinderace|84/100|[from] item: Rocky Helmet|[of] p2a: Alomomola
|
|t:|1758285185
|switch|p1a: Slowking|Slowking-Galar, F|100/100|[from] U-turn
|
|upkeep
|turn|2
|
|t:|1758285188
|move|p2a: Alomomola|Scald|p1a: Slowking
|-damage|p1a: Slowking|93/100
|move|p1a: Slowking|Future Sight|p2a: Alomomola
|-start|p1a: Slowking|move: Future Sight
|
|upkeep
|turn|3
|
|t:|1758285193
|move|p2a: Alomomola|Scald|p1a: Slowking
|-damage|p1a: Slowking|84/100
|-status|p1a: Slowking|brn
|-prepare|p1a: Slowking|Chilly Reception|[premajor]
|move|p1a: Slowking|Chilly Reception|p1a: Slowking
|-weather|Snowscape
|
|t:|1758285196
|switch|p1a: Thundurus|Thundurus-Therian, M|100/100|[from] Chilly Reception
|
|-weather|Snowscape|[upkeep]
|upkeep
|turn|4
|
|t:|1758285199
|move|p2a: Alomomola|Protect|p2a: Alomomola
|-singleturn|p2a: Alomomola|Protect
|move|p1a: Thundurus|Volt Switch|p2a: Alomomola
|-activate|p2a: Alomomola|move: Protect
|
|-weather|Snowscape|[upkeep]
|-end|p2a: Alomomola|move: Future Sight
|-damage|p2a: Alomomola|33/100
|upkeep
|turn|5
|
|t:|1758285203
|switch|p2a: Gliscor|Gliscor, M|100/100
|move|p1a: Thundurus|Volt Switch|p2a: Gliscor
|-immune|p2a: Gliscor
|
|-weather|Snowscape|[upkeep]
|-status|p2a: Gliscor|tox|[from] item: Toxic Orb
|upkeep
|turn|6
|
|t:|1758285205
|switch|p1a: Great Tusk|Great Tusk|100/100
|move|p2a: Gliscor|Stealth Rock|p1a: Great Tusk
|-sidestart|p1: zain20739|move: Stealth Rock
|
|-weather|Snowscape|[upkeep]
|upkeep
|turn|7
|
|t:|1758285211
|switch|p2a: Alomomola|Alomomola, M|66/100
|move|p1a: Great Tusk|Rapid Spin|p2a: Alomomola
|-damage|p2a: Alomomola|57/100
|-boost|p1a: Great Tusk|spe|1
|-damage|p1a: Great Tusk|84/100|[from] item: Rocky Helmet|[of] p2a: Alomomola
|-sideend|p1: zain20739|Stealth Rock|[from] move: Rapid Spin|[of] p1a: Great Tusk
|
|-weather|none
|upkeep
|turn|8
|
|t:|1758285215
|switch|p2a: Gliscor|Gliscor, M|100/100 tox
|move|p1a: Great Tusk|Stealth Rock|p2a: Gliscor
|-sidestart|p2: dnite dancer|move: Stealth Rock
|
|upkeep
|turn|9
|
|t:|1758285220
|switch|p2a: Alomomola|Alomomola, M|90/100
|-damage|p2a: Alomomola|78/100|[from] Stealth Rock
|move|p1a: Great Tusk|Ice Spinner|p2a: Alomomola
|-resisted|p2a: Alomomola
|-damage|p2a: Alomomola|70/100
|-damage|p1a: Great Tusk|68/100|[from] item: Rocky Helmet|[of] p2a: Alomomola
|
|upkeep
|turn|10
|
|t:|1758285223
|-end|p1a: Great Tusk|Protosynthesis|[silent]
|switch|p1a: Thundurus|Thundurus-Therian, M|100/100
|move|p2a: Alomomola|Scald|p1a: Thundurus
|-damage|p1a: Thundurus|81/100
|-status|p1a: Thundurus|brn
|
|-damage|p1a: Thundurus|75/100 brn|[from] brn
|upkeep
|turn|11
|
|t:|1758285229
|move|p2a: Alomomola|Protect|p2a: Alomomola
|-singleturn|p2a: Alomomola|Protect
|move|p1a: Thundurus|Knock Off|p2a: Alomomola
|-activate|p2a: Alomomola|move: Protect
|
|-damage|p1a: Thundurus|69/100 brn|[from] brn
|upkeep
|turn|12
|
|t:|1758285235
|move|p1a: Thundurus|Knock Off|p2a: Alomomola
|-damage|p2a: Alomomola|65/100
|-damage|p1a: Thundurus|53/100 brn|[from] item: Rocky Helmet|[of] p2a: Alomomola
|-enditem|p2a: Alomomola|Rocky Helmet|[from] move: Knock Off|[of] p1a: Thundurus
|move|p2a: Alomomola|Flip Turn|p1a: Thundurus
|-damage|p1a: Thundurus|31/100 brn
|
|t:|1758285244
|switch|p2a: Ogerpon|Ogerpon-Wellspring, F|100/100|[from] Flip Turn
|-damage|p2a: Ogerpon|88/100|[from] Stealth Rock
|
|-damage|p1a: Thundurus|25/100 brn|[from] brn
|upkeep
|turn|13
|
|t:|1758285250
|switch|p1a: Alomomola|Alomomola, F|100/100
|move|p2a: Ogerpon|Knock Off|p1a: Alomomola
|-damage|p1a: Alomomola|76/100
|-enditem|p1a: Alomomola|Red Card|[from] move: Knock Off|[of] p2a: Ogerpon
|
|upkeep
|turn|14
|
|t:|1758285258
|move|p2a: Ogerpon|Ivy Cudgel|p1a: Alomomola|[anim] Ivy Cudgel Water
|-resisted|p1a: Alomomola
|-damage|p1a: Alomomola|58/100
|move|p1a: Alomomola|Acrobatics|p2a: Ogerpon
|-supereffective|p2a: Ogerpon
|-damage|p2a: Ogerpon|34/100
|
|upkeep
|turn|15
|
|t:|1758285262
|move|p2a: Ogerpon|Horn Leech|p1a: Alomomola
|-supereffective|p1a: Alomomola
|-damage|p1a: Alomomola|2/100
|-heal|p2a: Ogerpon|78/100|[from] drain|[of] p1a: Alomomola
|move|p1a: Alomomola|Acrobatics|p2a: Ogerpon
|-supereffective|p2a: Ogerpon
|-damage|p2a: Ogerpon|26/100
|
|upkeep
|turn|16
|
|t:|1758285268
|switch|p1a: Cinderace|Cinderace, F|84/100
|move|p2a: Ogerpon|Ivy Cudgel|p1a: Cinderace|[anim] Ivy Cudgel Water
|-supereffective|p1a: Cinderace
|-damage|p1a: Cinderace|0 fnt
|faint|p1a: Cinderace
|
|upkeep
|
|t:|1758285272
|switch|p1a: Kingambit|Kingambit, F|100/100
|-activate|p1a: Kingambit|ability: Supreme Overlord
|-start|p1a: Kingambit|fallen1|[silent]
|turn|17
|
|t:|1758285281
|switch|p2a: Great Tusk|Great Tusk|100/100
|-damage|p2a: Great Tusk|98/100|[from] Stealth Rock
|move|p1a: Kingambit|Kowtow Cleave|p2a: Great Tusk
|-resisted|p2a: Great Tusk
|-damage|p2a: Great Tusk|77/100
|
|-heal|p2a: Great Tusk|83/100|[from] item: Leftovers
|upkeep
|turn|18
|
|t:|1758285289
|-end|p1a: Kingambit|fallen1|[silent]
|switch|p1a: Alomomola|Alomomola, F|35/100
|move|p2a: Great Tusk|Rapid Spin|p1a: Alomomola
|-damage|p1a: Alomomola|24/100
|-boost|p2a: Great Tusk|spe|1
|-sideend|p2: dnite dancer|Stealth Rock|[from] move: Rapid Spin|[of] p2a: Great Tusk
|
|-heal|p2a: Great Tusk|89/100|[from] item: Leftovers
|upkeep
|turn|19
|
|t:|1758285300
|-end|p2a: Great Tusk|Protosynthesis|[silent]
|switch|p2a: Ogerpon|Ogerpon-Wellspring, F|26/100
|switch|p1a: Great Tusk|Great Tusk|68/100
|
|upkeep
|turn|20
|
|t:|1758285313
|-terastallize|p1a: Great Tusk|Dragon
|move|p2a: Ogerpon|Ivy Cudgel|p1a: Great Tusk|[anim] Ivy Cudgel Water
|-resisted|p1a: Great Tusk
|-damage|p1a: Great Tusk|47/100
|move|p1a: Great Tusk|Rapid Spin|p2a: Ogerpon
|-damage|p2a: Ogerpon|3/100
|-boost|p1a: Great Tusk|spe|1
|
|upkeep
|turn|21
|
|t:|1758285324
|switch|p2a: Alomomola|Alomomola, M|98/100
|move|p1a: Great Tusk|Ice Spinner|p2a: Alomomola
|-resisted|p2a: Alomomola
|-damage|p2a: Alomomola|91/100
|
|upkeep
|turn|22
|
|t:|1758285332
|-end|p1a: Great Tusk|Protosynthesis|[silent]
|switch|p1a: Slowking|Slowking-Galar, F|100/100 brn
|move|p2a: Alomomola|Scald|p1a: Slowking
|-damage|p1a: Slowking|93/100 brn
|
|-damage|p1a: Slowking|87/100 brn|[from] brn
|upkeep
|turn|23
|
|t:|1758285334
|move|p2a: Alomomola|Wish|p2a: Alomomola
|move|p1a: Slowking|Future Sight|p2a: Alomomola
|-start|p1a: Slowking|move: Future Sight
|
|-damage|p1a: Slowking|81/100 brn|[from] brn
|upkeep
|turn|24
|
|t:|1758285338
|move|p2a: Alomomola|Flip Turn|p1a: Slowking
|-damage|p1a: Slowking|65/100 brn
|
|t:|1758285339
|switch|p2a: Ogerpon|Ogerpon-Wellspring, F|3/100|[from] Flip Turn
|-prepare|p1a: Slowking|Chilly Reception|[premajor]
|move|p1a: Slowking|Chilly Reception|p1a: Slowking
|-weather|Snowscape
|
|t:|1758285345
|switch|p1a: Thundurus|Thundurus-Therian, M|25/100 brn|[from] Chilly Reception
|
|-weather|Snowscape|[upkeep]
|-heal|p2a: Ogerpon|92/100|[from] move: Wish|[wisher] Alomomola
|-damage|p1a: Thundurus|19/100 brn|[from] brn
|upkeep
|turn|25
|
|t:|1758285351
|switch|p2a: Gliscor|Gliscor, M|100/100 tox
|move|p1a: Thundurus|Volt Switch|p2a: Gliscor
|-immune|p2a: Gliscor
|
|-weather|Snowscape|[upkeep]
|-end|p2a: Gliscor|move: Future Sight
|-damage|p2a: Gliscor|50/100 tox
|-heal|p2a: Gliscor|63/100 tox|[from] ability: Poison Heal
|-damage|p1a: Thundurus|13/100 brn|[from] brn
|upkeep
|turn|26
|
|t:|1758285357
|switch|p1a: Great Tusk|Great Tusk, tera:Dragon|47/100
|move|p2a: Gliscor|Stealth Rock|p1a: Great Tusk
|-sidestart|p1: zain20739|move: Stealth Rock
|
|-weather|Snowscape|[upkeep]
|-heal|p2a: Gliscor|75/100 tox|[from] ability: Poison Heal
|upkeep
|turn|27
|
|t:|1758285361
|move|p1a: Great Tusk|Rapid Spin|p2a: Gliscor
|-damage|p2a: Gliscor|63/100 tox
|-boost|p1a: Great Tusk|spe|1
|-sideend|p1: zain20739|Stealth Rock|[from] move: Rapid Spin|[of] p1a: Great Tusk
|move|p2a: Gliscor|Earthquake|p1a: Great Tusk
|-damage|p1a: Great Tusk|22/100
|
|-weather|Snowscape|[upkeep]
|-heal|p2a: Gliscor|76/100 tox|[from] ability: Poison Heal
|upkeep
|turn|28
|
|t:|1758285367
|switch|p2a: Alomomola|Alomomola, M|100/100
|move|p1a: Great Tusk|Ice Spinner|p2a: Alomomola
|-resisted|p2a: Alomomola
|-damage|p2a: Alomomola|93/100
|
|-weather|none
|upkeep
|turn|29
|
|t:|1758285369
|move|p1a: Great Tusk|Stealth Rock|p2a: Alomomola
|-sidestart|p2: dnite dancer|move: Stealth Rock
|move|p2a: Alomomola|Scald|p1a: Great Tusk
|-resisted|p1a: Great Tusk
|-damage|p1a: Great Tusk|12/100
|-status|p1a: Great Tusk|brn
|
|-damage|p1a: Great Tusk|5/100 brn|[from] brn
|upkeep
|turn|30
|
|t:|1758285375
|move|p1a: Great Tusk|Ice Spinner|p2a: Alomomola
|-resisted|p2a: Alomomola
|-damage|p2a: Alomomola|90/100
|move|p2a: Alomomola|Flip Turn|p1a: Great Tusk
|-resisted|p1a: Great Tusk
|-damage|p1a: Great Tusk|0 fnt
|-damage|p2a: Alomomola|73/100|[from] item: Rocky Helmet|[of] p1a: Great Tusk
|faint|p1a: Great Tusk
|-end|p1a: Great Tusk|Protosynthesis|[silent]
|
|t:|1758285379
|switch|p2a: Great Tusk|Great Tusk|89/100|[from] Flip Turn
|-damage|p2a: Great Tusk|86/100|[from] Stealth Rock
|
|-heal|p2a: Great Tusk|93/100|[from] item: Leftovers
|upkeep
|
|t:|1758285383
|switch|p1a: Thundurus|Thundurus-Therian, M|13/100 brn
|turn|31
|
|t:|1758285386
|-end|p2a: Great Tusk|Protosynthesis|[silent]
|switch|p2a: Iron Crown|Iron Crown|100/100
|-damage|p2a: Iron Crown|94/100|[from] Stealth Rock
|move|p1a: Thundurus|Grass Knot|p2a: Iron Crown
|-resisted|p2a: Iron Crown
|-damage|p2a: Iron Crown|78/100
|
|-damage|p1a: Thundurus|7/100 brn|[from] brn
|upkeep
|turn|32
|
|t:|1758285391
|move|p1a: Thundurus|Grass Knot|p2a: Iron Crown
|-resisted|p2a: Iron Crown
|-damage|p2a: Iron Crown|60/100
|move|p2a: Iron Crown|Future Sight|p1a: Thundurus
|-start|p2a: Iron Crown|move: Future Sight
|
|-damage|p1a: Thundurus|0 fnt|[from] brn
|faint|p1a: Thundurus
|upkeep
|
|t:|1758285395
|switch|p1a: Alomomola|Alomomola, F|57/100
|turn|33
|
|t:|1758285400
|move|p2a: Iron Crown|Volt Switch|p1a: Alomomola
|-supereffective|p1a: Alomomola
|-damage|p1a: Alomomola|15/100
|
|t:|1758285404
|-end|p2a: Iron Crown|Quark Drive|[silent]
|switch|p2a: Ogerpon|Ogerpon-Wellspring, F|92/100|[from] Volt Switch
|-damage|p2a: Ogerpon|79/100|[from] Stealth Rock
|move|p1a: Alomomola|Flip Turn|p2a: Ogerpon
|-heal|p2a: Ogerpon|100/100|[from] ability: Water Absorb|[of] p1a: Alomomola
|
|upkeep
|turn|34
|
|t:|1758285407
|move|p2a: Ogerpon|Knock Off|p1a: Alomomola
|-damage|p1a: Alomomola|0 fnt
|faint|p1a: Alomomola
|
|-hint|Future Sight did not hit because the target is fainted.
|upkeep
|
|t:|1758285410
|switch|p1a: Slowking|Slowking-Galar, F|98/100 brn
|turn|35
|
|t:|1758285412
|move|p2a: Ogerpon|Knock Off|p1a: Slowking
|-supereffective|p1a: Slowking
|-damage|p1a: Slowking|23/100 brn
|-enditem|p1a: Slowking|Heavy-Duty Boots|[from] move: Knock Off|[of] p2a: Ogerpon
|move|p1a: Slowking|Sludge Bomb|p2a: Ogerpon
|-supereffective|p2a: Ogerpon
|-damage|p2a: Ogerpon|25/100
|
|-damage|p1a: Slowking|17/100 brn|[from] brn
|upkeep
|turn|36
|
|t:|1758285419
|move|p2a: Ogerpon|Knock Off|p1a: Slowking
|-supereffective|p1a: Slowking
|-damage|p1a: Slowking|0 fnt
|faint|p1a: Slowking
|
|upkeep
|
|t:|1758285421
|switch|p1a: Kingambit|Kingambit, F|100/100
|-activate|p1a: Kingambit|ability: Supreme Overlord
|-start|p1a: Kingambit|fallen5|[silent]
|turn|37
|
|t:|1758285425
|switch|p2a: Great Tusk|Great Tusk|93/100
|-damage|p2a: Great Tusk|90/100|[from] Stealth Rock
|move|p1a: Kingambit|Swords Dance|p1a: Kingambit
|-boost|p1a: Kingambit|atk|2
|
|-heal|p2a: Great Tusk|96/100|[from] item: Leftovers
|upkeep
|turn|38
|
|t:|1758285430
|move|p2a: Great Tusk|Headlong Rush|p1a: Kingambit
|-supereffective|p1a: Kingambit
|-damage|p1a: Kingambit|12/100
|-unboost|p2a: Great Tusk|def|1
|-unboost|p2a: Great Tusk|spd|1
|move|p1a: Kingambit|Iron Head|p2a: Great Tusk
|-damage|p2a: Great Tusk|0 fnt
|faint|p2a: Great Tusk
|-end|p2a: Great Tusk|Protosynthesis|[silent]
|
|-heal|p1a: Kingambit|18/100|[from] item: Leftovers
|upkeep
|
|t:|1758285435
|switch|p2a: Gliscor|Gliscor, M|76/100 tox
|-damage|p2a: Gliscor|63/100 tox|[from] Stealth Rock
|turn|39
|
|t:|1758285440
|move|p1a: Kingambit|Sucker Punch|p2a: Gliscor
|-damage|p2a: Gliscor|0 fnt
|faint|p2a: Gliscor
|
|-heal|p1a: Kingambit|25/100|[from] item: Leftovers
|upkeep
|
|t:|1758285443
|switch|p2a: Alomomola|Alomomola, M|100/100
|-damage|p2a: Alomomola|88/100|[from] Stealth Rock
|turn|40
|
|t:|1758285450
|move|p2a: Alomomola|Scald|p1a: Kingambit
|-damage|p1a: Kingambit|11/100
|move|p1a: Kingambit|Swords Dance|p1a: Kingambit
|-boost|p1a: Kingambit|atk|2
|
|-heal|p1a: Kingambit|17/100|[from] item: Leftovers
|upkeep
|turn|41
|
|t:|1758285454
|move|p1a: Kingambit|Sucker Punch||[still]
|-fail|p1a: Kingambit
|move|p2a: Alomomola|Wish|p2a: Alomomola
|
|-heal|p1a: Kingambit|24/100|[from] item: Leftovers
|upkeep
|turn|42
|
|t:|1758285457
|move|p2a: Alomomola|Flip Turn|p1a: Kingambit
|-damage|p1a: Kingambit|12/100
|
|t:|1758285461
|switch|p2a: Ogerpon|Ogerpon-Wellspring, F|25/100|[from] Flip Turn
|-damage|p2a: Ogerpon|12/100|[from] Stealth Rock
|move|p1a: Kingambit|Kowtow Cleave|p2a: Ogerpon
|-damage|p2a: Ogerpon|0 fnt
|faint|p2a: Ogerpon
|
|-heal|p1a: Kingambit|18/100|[from] item: Leftovers
|upkeep
|
|t:|1758285463
|switch|p2a: Iron Crown|Iron Crown|60/100
|-damage|p2a: Iron Crown|54/100|[from] Stealth Rock
|turn|43
|
|t:|1758285467
|-terastallize|p2a: Iron Crown|Fighting
|move|p1a: Kingambit|Sucker Punch|p2a: Iron Crown
|-resisted|p2a: Iron Crown
|-damage|p2a: Iron Crown|0 fnt
|faint|p2a: Iron Crown
|-end|p2a: Iron Crown|Quark Drive|[silent]
|
|-heal|p1a: Kingambit|24/100|[from] item: Leftovers
|upkeep
|
|t:|1758285471
|switch|p2a: Alomomola|Alomomola, M|100/100
|-damage|p2a: Alomomola|88/100|[from] Stealth Rock
|turn|44
|
|t:|1758285476
|move|p1a: Kingambit|Sucker Punch|p2a: Alomomola
|-damage|p2a: Alomomola|0 fnt
|faint|p2a: Alomomola
|
|-heal|p1a: Kingambit|30/100|[from] item: Leftovers
|upkeep
|
|t:|1758285480
|switch|p2a: Deoxys|Deoxys-Speed|100/100
|-damage|p2a: Deoxys|88/100|[from] Stealth Rock
|-ability|p2a: Deoxys|Pressure
|turn|45
|
|t:|1758285485
|move|p1a: Kingambit|Sucker Punch||[still]
|-fail|p1a: Kingambit
|move|p2a: Deoxys|Nasty Plot|p2a: Deoxys
|-boost|p2a: Deoxys|spa|2
|
|-heal|p1a: Kingambit|37/100|[from] item: Leftovers
|upkeep
|turn|46
|
|t:|1758285489
|move|p2a: Deoxys|Nasty Plot|p2a: Deoxys
|-boost|p2a: Deoxys|spa|2
|move|p1a: Kingambit|Kowtow Cleave|p2a: Deoxys
|-supereffective|p2a: Deoxys
|-damage|p2a: Deoxys|0 fnt
|faint|p2a: Deoxys
|
|win|zain20739
|raw|zain20739's rating: 1343 &rarr; <strong>1361</strong><br />(+18 for winning)
|raw|dnite dancer's rating: 1314 &rarr; <strong>1296</strong><br />(-18 for losing)
|l|☆dnite dancer
|player|p2|
