|j|☆xnl
|j|☆dwembox
|t:|1758293822
|gametype|singles
|player|p1|xnl|veteran|1362
|player|p2|dwembox|1|1356
|gen|9
|tier|[Gen 9] OU
|rated|
|rule|HP Percentage Mod: HP is shown in percentages
|rule|Endless Battle Clause: Forcing endless battles is banned
|rule|Species Clause: Limit one of each Pokémon
|rule|OHKO Clause: OHKO moves are banned
|rule|Evasion Items Clause: Evasion items are banned
|rule|Evasion Moves Clause: Evasion moves are banned
|rule|Evasion Abilities Clause: Evasion abilities are banned
|rule|Sleep Moves Clause: Sleep-inducing moves are banned
|clearpoke
|poke|p1|Jirachi|
|poke|p1|Serperior, F|
|poke|p1|Iron Hands|
|poke|p1|Clefable, M|
|poke|p1|Talonflame, M|
|poke|p1|Dragonite, F|
|poke|p2|Blissey, F|
|poke|p2|Salazzle, F|
|poke|p2|Corviknight, F|
|poke|p2|Hydrapple, F|
|poke|p2|Quagsire, M|
|poke|p2|Okidogi, M|
|teampreview
|
|t:|1758293835
|teamsize|p1|6
|teamsize|p2|6
|start
|switch|p1a: Serperior|Serperior, F|100/100
|switch|p2a: Salazzle|Salazzle, F|100/100
|turn|1
|
|t:|1758293843
|move|p2a: Salazzle|Substitute|p2a: Salazzle
|-start|p2a: Salazzle|Substitute
|-damage|p2a: Salazzle|76/100
|move|p1a: Serperior|Glare||[still]
|-fail|p1a: Serperior
|
|-heal|p2a: Salazzle|82/100|[from] item: Leftovers
|upkeep
|turn|2
|
|t:|1758293849
|move|p2a: Salazzle|Flamethrower|p1a: Serperior
|-supereffective|p1a: Serperior
|-enditem|p1a: Serperior|Occa Berry|[eat]
|-enditem|p1a: Serperior|Occa Berry|[weaken]
|-damage|p1a: Serperior|65/100
|move|p1a: Serperior|Dragon Pulse|p2a: Salazzle
|-activate|p2a: Salazzle|move: Substitute|[damage]
|
|-heal|p2a: Salazzle|88/100|[from] item: Leftovers
|upkeep
|turn|3
|
|t:|1758293857
|move|p2a: Salazzle|Flamethrower|p1a: Serperior
|-supereffective|p1a: Serperior
|-damage|p1a: Serperior|0 fnt
|faint|p1a: Serperior
|
|-heal|p2a: Salazzle|94/100|[from] item: Leftovers
|upkeep
|inactive|Battle timer is ON: inactive players will automatically lose when time's up. (requested by dwembox)
|
|t:|1758293872
|switch|p1a: Dragonite|Dragonite, F|100/100
|turn|4
|
|t:|1758293878
|move|p2a: Salazzle|Toxic|p1a: Dragonite
|-status|p1a: Dragonite|tox
|move|p1a: Dragonite|Dragon Claw|p2a: Salazzle
|-end|p2a: Salazzle|Substitute
|
|-heal|p2a: Salazzle|100/100|[from] item: Leftovers
|-damage|p1a: Dragonite|94/100 tox|[from] psn
|upkeep
|turn|5
|
|t:|1758293887
|move|p2a: Salazzle|Protect|p2a: Salazzle
|-singleturn|p2a: Salazzle|Protect
|move|p1a: Dragonite|Dragon Claw|p2a: Salazzle
|-activate|p2a: Salazzle|move: Protect
|
|-damage|p1a: Dragonite|82/100 tox|[from] psn
|upkeep
|turn|6
|
|t:|1758293894
|move|p2a: Salazzle|Substitute|p2a: Salazzle
|-start|p2a: Salazzle|Substitute
|-damage|p2a: Salazzle|76/100
|move|p1a: Dragonite|Dragon Claw|p2a: Salazzle
|-crit|p2a: Salazzle
|-end|p2a: Salazzle|Substitute
|
|-heal|p2a: Salazzle|82/100|[from] item: Leftovers
|-damage|p1a: Dragonite|64/100 tox|[from] psn
|upkeep
|turn|7
|
|t:|1758293902
|move|p2a: Salazzle|Protect|p2a: Salazzle
|-singleturn|p2a: Salazzle|Protect
|move|p1a: Dragonite|Dragon Dance|p1a: Dragonite
|-boost|p1a: Dragonite|atk|1
|-boost|p1a: Dragonite|spe|1
|
|-heal|p2a: Salazzle|88/100|[from] item: Leftovers
|-damage|p1a: Dragonite|40/100 tox|[from] psn
|upkeep
|turn|8
|
|t:|1758293911
|switch|p2a: Quagsire|Quagsire, M|100/100
|move|p1a: Dragonite|Dragon Claw|p2a: Quagsire
|-damage|p2a: Quagsire|67/100
|
|-heal|p2a: Quagsire|73/100|[from] item: Leftovers
|-damage|p1a: Dragonite|10/100 tox|[from] psn
|upkeep
|turn|9
|
|t:|1758293918
|switch|p1a: Clefable|Clefable, M|100/100
|move|p2a: Quagsire|Recover|p2a: Quagsire
|-heal|p2a: Quagsire|100/100
|
|upkeep
|turn|10
|
|t:|1758293929
|switch|p2a: Okidogi|Okidogi, M|100/100
|move|p1a: Clefable|Stealth Rock|p2a: Okidogi
|-sidestart|p2: dwembox|move: Stealth Rock
|
|upkeep
|turn|11
|
|t:|1758293933
|move|p2a: Okidogi|Gunk Shot|p1a: Clefable
|-supereffective|p1a: Clefable
|-damage|p1a: Clefable|0 fnt
|faint|p1a: Clefable
|
|upkeep
|
|t:|1758293936
|switch|p1a: Jirachi|Jirachi|100/100
|turn|12
|
|t:|1758293939
|move|p1a: Jirachi|Body Slam|p2a: Okidogi
|-damage|p2a: Okidogi|86/100
|move|p2a: Okidogi|Knock Off|p1a: Jirachi
|-supereffective|p1a: Jirachi
|-damage|p1a: Jirachi|41/100
|-enditem|p1a: Jirachi|Leftovers|[from] move: Knock Off|[of] p2a: Okidogi
|
|upkeep
|turn|13
|
|t:|1758293944
|move|p1a: Jirachi|Body Slam|p2a: Okidogi
|-damage|p2a: Okidogi|69/100
|-status|p2a: Okidogi|par
|move|p2a: Okidogi|Knock Off|p1a: Jirachi
|-supereffective|p1a: Jirachi
|-damage|p1a: Jirachi|1/100
|
|upkeep
|turn|14
|
|t:|1758293949
|move|p1a: Jirachi|Wish|p1a: Jirachi
|move|p2a: Okidogi|Knock Off|p1a: Jirachi
|-supereffective|p1a: Jirachi
|-damage|p1a: Jirachi|0 fnt
|faint|p1a: Jirachi
|
|upkeep
|
|t:|1758293952
|switch|p1a: Dragonite|Dragonite, F|10/100 tox
|turn|15
|
|t:|1758293956
|move|p1a: Dragonite|Earthquake|p2a: Okidogi
|-supereffective|p2a: Okidogi
|-damage|p2a: Okidogi|0 fnt
|faint|p2a: Okidogi
|
|-heal|p1a: Dragonite|68/100 tox|[from] move: Wish|[wisher] Jirachi
|-damage|p1a: Dragonite|62/100 tox|[from] psn
|upkeep
|
|t:|1758293963
|switch|p2a: Quagsire|Quagsire, M|100/100
|-damage|p2a: Quagsire|94/100|[from] Stealth Rock
|turn|16
|
|t:|1758293972
|switch|p1a: Talonflame|Talonflame, M|100/100
|move|p2a: Quagsire|Recover|p2a: Quagsire
|-heal|p2a: Quagsire|100/100
|
|upkeep
|turn|17
|
|t:|1758293977
|move|p1a: Talonflame|U-turn|p2a: Quagsire
|-damage|p2a: Quagsire|92/100
|
|t:|1758293980
|switch|p1a: Iron Hands|Iron Hands|100/100|[from] U-turn
|move|p2a: Quagsire|Toxic|p1a: Iron Hands
|-status|p1a: Iron Hands|tox
|
|-heal|p2a: Quagsire|98/100|[from] item: Leftovers
|-damage|p1a: Iron Hands|94/100 tox|[from] psn
|upkeep
|turn|18
|inactive|xnl has 120 seconds left.
|inactive|xnl has 90 seconds left.
|inactive|xnl has 60 seconds left.
|inactive|xnl has 30 seconds left.
|inactive|xnl has 20 seconds left.
|inactive|xnl has 15 seconds left.
|inactive|xnl has 10 seconds left.
|inactive|xnl has 5 seconds left.
|-message|xnl lost due to inactivity.
|
|win|dwembox
|raw|xnl's rating: 1362 &rarr; <strong>1342</strong><br />(-20 for losing)
|raw|dwembox's rating: 1356 &rarr; <strong>1376</strong><br />(+20 for winning)
|l|☆dwembox
|player|p2|
|l|☆xnl
|player|p1|
