|j|☆epicgamer069420
|j|☆Vredge
|t:|1758303633
|gametype|singles
|player|p1|epicgamer069420|hilbert|1608
|player|p2|Vredge|hilbert-wonderlauncher|1577
|gen|9
|tier|[Gen 9] OU
|rated|
|rule|HP Percentage Mod: HP is shown in percentages
|rule|Endless Battle Clause: Forcing endless battles is banned
|rule|Species Clause: Limit one of each Pokémon
|rule|OHKO Clause: OHKO moves are banned
|rule|Evasion Items Clause: Evasion items are banned
|rule|Evasion Moves Clause: Evasion moves are banned
|rule|Evasion Abilities Clause: Evasion abilities are banned
|rule|Sleep Moves Clause: Sleep-inducing moves are banned
|clearpoke
|poke|p1|Cinderace, M|
|poke|p1|Enamorus, F|
|poke|p1|Iron Treads|
|poke|p1|Samurott-Hisui, F|
|poke|p1|Alomomola, F|
|poke|p1|Dragapult, F|
|poke|p2|Inteleon, M|
|poke|p2|Dragapult, F|
|poke|p2|Great Tusk|
|poke|p2|Ting-Lu|
|poke|p2|Clefable, M|
|poke|p2|Wo-Chien|
|teampreview
|inactive|Battle timer is ON: inactive players will automatically lose when time's up. (requested by Vredge)
|inactive|epicgamer069420 also wants the timer to be on.
|
|t:|1758303638
|teamsize|p1|6
|teamsize|p2|6
|start
|switch|p1a: Cinderace|Cinderace, M|100/100
|switch|p2a: Wo-Chien|Wo-Chien|100/100
|-ability|p2a: Wo-Chien|Tablets of Ruin
|turn|1
|
|t:|1758303654
|move|p1a: Cinderace|U-turn|p2a: Wo-Chien
|-start|p1a: Cinderace|typechange|Bug|[from] ability: Libero
|-supereffective|p2a: Wo-Chien
|-damage|p2a: Wo-Chien|0 fnt
|faint|p2a: Wo-Chien
|
|t:|1758303667
|switch|p1a: Enamorus|Enamorus, F|100/100|[from] U-turn
|
|upkeep
|
|t:|1758303676
|switch|p2a: Ting-Lu|Ting-Lu|100/100
|-ability|p2a: Ting-Lu|Vessel of Ruin
|turn|2
|
|t:|1758303686
|switch|p1a: Alomomola|Alomomola, F|100/100
|move|p2a: Ting-Lu|Stone Edge|p1a: Alomomola
|-damage|p1a: Alomomola|72/100
|
|upkeep
|turn|3
|
|t:|1758303699
|switch|p2a: Clefable|Clefable, M|100/100
|move|p1a: Alomomola|Scald|p2a: Clefable
|-damage|p2a: Clefable|92/100
|
|upkeep
|turn|4
|
|t:|1758303702
|move|p2a: Clefable|Stealth Rock|p1a: Alomomola
|-sidestart|p1: epicgamer069420|move: Stealth Rock
|move|p1a: Alomomola|Scald|p2a: Clefable
|-damage|p2a: Clefable|82/100
|
|upkeep
|turn|5
|
|t:|1758303706
|move|p2a: Clefable|Moonblast|p1a: Alomomola
|-damage|p1a: Alomomola|33/100
|-unboost|p1a: Alomomola|spa|1
|move|p1a: Alomomola|Wish|p1a: Alomomola
|
|upkeep
|turn|6
|
|t:|1758303713
|switch|p2a: Dragapult|Dragapult, F|100/100
|switch|p1a: Cinderace|Cinderace, M|100/100
|-damage|p1a: Cinderace|76/100|[from] Stealth Rock
|
|-heal|p1a: Cinderace|100/100|[from] move: Wish|[wisher] Alomomola
|upkeep
|turn|7
|
|t:|1758303718
|move|p2a: Dragapult|Dragon Darts|p1a: Cinderace
|-damage|p1a: Cinderace|70/100
|-anim|p2a: Dragapult|Dragon Darts|p1a: Cinderace
|-damage|p1a: Cinderace|40/100
|move|p1a: Cinderace|Pyro Ball|p2a: Dragapult
|-resisted|p2a: Dragapult
|-damage|p2a: Dragapult|41/100
|
|upkeep
|turn|8
|
|t:|1758303726
|switch|p1a: Enamorus|Enamorus, F|100/100
|-damage|p1a: Enamorus|76/100|[from] Stealth Rock
|move|p2a: Dragapult|Dragon Darts|p1a: Enamorus
|-immune|p1a: Enamorus
|
|upkeep
|turn|9
|
|t:|1758303729
|switch|p2a: Clefable|Clefable, M|82/100
|move|p1a: Enamorus|Moonblast|p2a: Clefable
|-damage|p2a: Clefable|49/100
|
|upkeep
|turn|10
|
|t:|1758303747
|switch|p1a: Cinderace|Cinderace, M|40/100
|-damage|p1a: Cinderace|15/100|[from] Stealth Rock
|move|p2a: Clefable|Moonlight|p2a: Clefable
|-heal|p2a: Clefable|99/100
|
|upkeep
|turn|11
|
|t:|1758303760
|move|p1a: Cinderace|Gunk Shot|p2a: Clefable
|-start|p1a: Cinderace|typechange|Poison|[from] ability: Libero
|-supereffective|p2a: Clefable
|-damage|p2a: Clefable|0 fnt
|faint|p2a: Clefable
|
|upkeep
|
|t:|1758303762
|switch|p2a: Dragapult|Dragapult, F|41/100
|turn|12
|
|t:|1758303767
|switch|p1a: Samurott|Samurott-Hisui, F|100/100
|-damage|p1a: Samurott|88/100|[from] Stealth Rock
|move|p2a: Dragapult|Hex|p1a: Samurott
|-resisted|p1a: Samurott
|-damage|p1a: Samurott|79/100
|
|upkeep
|turn|13
|
|t:|1758303771
|move|p2a: Dragapult|U-turn|p1a: Samurott
|-supereffective|p1a: Samurott
|-damage|p1a: Samurott|38/100
|
|t:|1758303794
|switch|p2a: Great Tusk|Great Tusk|100/100|[from] U-turn
|move|p1a: Samurott|Flip Turn|p2a: Great Tusk
|-supereffective|p2a: Great Tusk
|-damage|p2a: Great Tusk|65/100
|
|t:|1758303803
|switch|p1a: Dragapult|Dragapult, F|100/100|[from] Flip Turn
|-damage|p1a: Dragapult|88/100|[from] Stealth Rock
|
|upkeep
|turn|14
|
|t:|1758303811
|move|p1a: Dragapult|U-turn|p2a: Great Tusk
|-resisted|p2a: Great Tusk
|-damage|p2a: Great Tusk|59/100
|
|t:|1758303816
|switch|p1a: Alomomola|Alomomola, F|66/100|[from] U-turn
|-damage|p1a: Alomomola|54/100|[from] Stealth Rock
|move|p2a: Great Tusk|Headlong Rush|p1a: Alomomola
|-damage|p1a: Alomomola|28/100
|-unboost|p2a: Great Tusk|def|1
|-unboost|p2a: Great Tusk|spd|1
|-damage|p2a: Great Tusk|42/100|[from] item: Rocky Helmet|[of] p1a: Alomomola
|
|upkeep
|turn|15
|
|t:|1758303823
|move|p2a: Great Tusk|Ice Spinner|p1a: Alomomola
|-resisted|p1a: Alomomola
|-damage|p1a: Alomomola|22/100
|-damage|p2a: Great Tusk|26/100|[from] item: Rocky Helmet|[of] p1a: Alomomola
|move|p1a: Alomomola|Wish|p1a: Alomomola
|
|upkeep
|turn|16
|
|t:|1758303828
|-end|p2a: Great Tusk|Protosynthesis|[silent]
|switch|p2a: Dragapult|Dragapult, F|41/100
|move|p1a: Alomomola|Protect||[still]
|-fail|p1a: Alomomola
|
|-heal|p1a: Alomomola|72/100|[from] move: Wish|[wisher] Alomomola
|upkeep
|turn|17
|
|t:|1758303834
|move|p2a: Dragapult|Will-O-Wisp|p1a: Alomomola
|-status|p1a: Alomomola|brn
|move|p1a: Alomomola|Wish|p1a: Alomomola
|
|-damage|p1a: Alomomola|66/100 brn|[from] brn
|upkeep
|turn|18
|
|t:|1758303845
|switch|p1a: Enamorus|Enamorus, F|76/100
|-damage|p1a: Enamorus|51/100|[from] Stealth Rock
|move|p2a: Dragapult|Dragon Darts|p1a: Enamorus
|-immune|p1a: Enamorus
|
|-heal|p1a: Enamorus|100/100|[from] move: Wish|[wisher] Alomomola
|upkeep
|turn|19
|
|t:|1758303850
|switch|p2a: Great Tusk|Great Tusk|26/100
|move|p1a: Enamorus|Moonblast|p2a: Great Tusk
|-supereffective|p2a: Great Tusk
|-damage|p2a: Great Tusk|0 fnt
|faint|p2a: Great Tusk
|-end|p2a: Great Tusk|Protosynthesis|[silent]
|
|upkeep
|
|t:|1758303851
|switch|p2a: Inteleon|Inteleon, M|100/100
|turn|20
|
|t:|1758303855
|move|p1a: Enamorus|Moonblast|p2a: Inteleon
|-damage|p2a: Inteleon|8/100
|-unboost|p2a: Inteleon|spa|1
|move|p2a: Inteleon|Snipe Shot|p1a: Enamorus
|-crit|p1a: Enamorus
|-damage|p1a: Enamorus|0 fnt
|faint|p1a: Enamorus
|
|upkeep
|inactive|epicgamer069420 has 120 seconds left.
|
|t:|1758303899
|switch|p1a: Dragapult|Dragapult, F|88/100
|-damage|p1a: Dragapult|76/100|[from] Stealth Rock
|turn|21
|
|t:|1758303906
|switch|p2a: Dragapult|Dragapult, F|41/100
|move|p1a: Dragapult|U-turn|p2a: Dragapult
|-resisted|p2a: Dragapult
|-damage|p2a: Dragapult|29/100
|
|t:|1758303915
|switch|p1a: Iron Treads|Iron Treads|100/100|[from] U-turn
|-damage|p1a: Iron Treads|97/100|[from] Stealth Rock
|
|-heal|p1a: Iron Treads|100/100|[from] item: Leftovers
|upkeep
|turn|22
|
|t:|1758303927
|move|p2a: Dragapult|U-turn|p1a: Iron Treads
|-resisted|p1a: Iron Treads
|-damage|p1a: Iron Treads|92/100
|
|t:|1758303928
|switch|p2a: Ting-Lu|Ting-Lu|100/100|[from] U-turn
|-ability|p2a: Ting-Lu|Vessel of Ruin
|move|p1a: Iron Treads|Ice Spinner|p2a: Ting-Lu
|-supereffective|p2a: Ting-Lu
|-damage|p2a: Ting-Lu|66/100
|
|-heal|p1a: Iron Treads|98/100|[from] item: Leftovers
|upkeep
|turn|23
|
|t:|1758303944
|-terastallize|p1a: Iron Treads|Water
|move|p1a: Iron Treads|Rapid Spin|p2a: Ting-Lu
|-damage|p2a: Ting-Lu|56/100
|-boost|p1a: Iron Treads|spe|1
|-sideend|p1: epicgamer069420|Stealth Rock|[from] move: Rapid Spin|[of] p1a: Iron Treads
|move|p2a: Ting-Lu|Earthquake|p1a: Iron Treads
|-crit|p1a: Iron Treads
|-damage|p1a: Iron Treads|0 fnt
|faint|p1a: Iron Treads
|-end|p1a: Iron Treads|Quark Drive|[silent]
|
|upkeep
|inactive|epicgamer069420 has 120 seconds left.
|
|t:|1758303971
|switch|p1a: Cinderace|Cinderace, M|15/100
|turn|24
|
|t:|1758303975
|move|p1a: Cinderace|U-turn|p2a: Ting-Lu
|-start|p1a: Cinderace|typechange|Bug|[from] ability: Libero
|-supereffective|p2a: Ting-Lu
|-damage|p2a: Ting-Lu|0 fnt
|faint|p2a: Ting-Lu
|inactive|epicgamer069420 has 120 seconds left.
|
|t:|1758303981
|switch|p1a: Dragapult|Dragapult, F|76/100|[from] U-turn
|
|upkeep
|
|t:|1758303983
|switch|p2a: Dragapult|Dragapult, F|29/100
|turn|25
|
|t:|1758303991
|move|p1a: Dragapult|Shadow Ball|p2a: Dragapult
|-supereffective|p2a: Dragapult
|-damage|p2a: Dragapult|0 fnt
|faint|p2a: Dragapult
|
|upkeep
|
|t:|1758303992
|switch|p2a: Inteleon|Inteleon, M|8/100
|turn|26
|
|t:|1758303994
|move|p1a: Dragapult|Shadow Ball|p2a: Inteleon
|-damage|p2a: Inteleon|0 fnt
|faint|p2a: Inteleon
|
|win|epicgamer069420
|raw|epicgamer069420's rating: 1608 &rarr; <strong>1625</strong><br />(+17 for winning)
|raw|Vredge's rating: 1553 &rarr; <strong>1536</strong><br />(-17 for losing)
|l|☆epicgamer069420
|player|p1|
