|j|☆rookie22
|j|☆choppedkins
|t:|1758289266
|gametype|singles
|player|p1|rookie22|iris-gen5bw2|1720
|player|p2|choppedkins|tate|1688
|gen|9
|tier|[Gen 9] OU
|rated|
|rule|HP Percentage Mod: HP is shown in percentages
|rule|Endless Battle Clause: Forcing endless battles is banned
|rule|Species Clause: Limit one of each Pokémon
|rule|OHKO Clause: OHKO moves are banned
|rule|Evasion Items Clause: Evasion items are banned
|rule|Evasion Moves Clause: Evasion moves are banned
|rule|Evasion Abilities Clause: Evasion abilities are banned
|rule|Sleep Moves Clause: Sleep-inducing moves are banned
|clearpoke
|poke|p1|Dragonite, F|
|poke|p1|Meowscarada, M|
|poke|p1|Keldeo|
|poke|p1|Iron Crown|
|poke|p1|Raging Bolt|
|poke|p1|Great Tusk|
|poke|p2|Rillaboom, F|
|poke|p2|Ogerpon-Cornerstone, F|
|poke|p2|Gholdengo|
|poke|p2|Iron Treads|
|poke|p2|Hawlucha, M|
|poke|p2|Iron Moth|
|teampreview
|inactive|Battle timer is ON: inactive players will automatically lose when time's up. (requested by rookie22)
|
|t:|1758289283
|teamsize|p1|6
|teamsize|p2|6
|start
|switch|p1a: Raging Bolt|Raging Bolt|100/100
|switch|p2a: Iron Treads|Iron Treads, shiny|100/100
|-enditem|p2a: Iron Treads|Booster Energy
|-activate|p2a: Iron Treads|ability: Quark Drive|[fromitem]
|-start|p2a: Iron Treads|quarkdrivespe
|turn|1
|
|t:|1758289297
|-end|p1a: Raging Bolt|Protosynthesis|[silent]
|switch|p1a: Great Tusk|Great Tusk|100/100
|move|p2a: Iron Treads|Stealth Rock|p1a: Great Tusk
|-sidestart|p1: rookie22|move: Stealth Rock
|
|upkeep
|turn|2
|inactive|rookie22 has 120 seconds left.
|
|t:|1758289354
|move|p2a: Iron Treads|Earth Power|p1a: Great Tusk
|-damage|p1a: Great Tusk|54/100
|move|p1a: Great Tusk|Earthquake|p2a: Iron Treads
|-supereffective|p2a: Iron Treads
|-damage|p2a: Iron Treads|3/100
|
|-heal|p1a: Great Tusk|60/100|[from] item: Leftovers
|upkeep
|turn|3
|inactive|rookie22 has 90 seconds left.
|
|t:|1758289378
|-end|p2a: Iron Treads|Quark Drive|[silent]
|switch|p2a: Gholdengo|Gholdengo|100/100
|move|p1a: Great Tusk|Rapid Spin|p2a: Gholdengo
|-immune|p2a: Gholdengo
|
|-heal|p1a: Great Tusk|66/100|[from] item: Leftovers
|upkeep
|turn|4
|
|t:|1758289382
|switch|p2a: Rillaboom|Rillaboom, F|100/100
|-fieldstart|move: Grassy Terrain|[from] ability: Grassy Surge|[of] p2a: Rillaboom
|-end|p1a: Great Tusk|Protosynthesis|[silent]
|switch|p1a: Raging Bolt|Raging Bolt|100/100
|-damage|p1a: Raging Bolt|88/100|[from] Stealth Rock
|
|-heal|p1a: Raging Bolt|94/100|[from] Grassy Terrain
|-heal|p1a: Raging Bolt|100/100|[from] item: Leftovers
|upkeep
|turn|5
|
|t:|1758289390
|move|p2a: Rillaboom|U-turn|p1a: Raging Bolt
|-damage|p1a: Raging Bolt|65/100
|
|t:|1758289400
|switch|p2a: Iron Treads|Iron Treads, shiny|3/100|[from] U-turn
|move|p1a: Raging Bolt|Dragon Pulse|p2a: Iron Treads
|-resisted|p2a: Iron Treads
|-damage|p2a: Iron Treads|0 fnt
|faint|p2a: Iron Treads
|-end|p2a: Iron Treads|Quark Drive|[silent]
|
|-heal|p1a: Raging Bolt|71/100|[from] Grassy Terrain
|-heal|p1a: Raging Bolt|77/100|[from] item: Leftovers
|upkeep
|
|t:|1758289411
|switch|p2a: Ogerpon|Ogerpon-Cornerstone, F|100/100
|turn|6
|
|t:|1758289417
|move|p2a: Ogerpon|Ivy Cudgel|p1a: Raging Bolt|[anim] Ivy Cudgel Rock
|-damage|p1a: Raging Bolt|25/100
|move|p1a: Raging Bolt|Dragon Pulse|p2a: Ogerpon
|-damage|p2a: Ogerpon|41/100
|
|-heal|p2a: Ogerpon|47/100|[from] Grassy Terrain
|-heal|p1a: Raging Bolt|31/100|[from] Grassy Terrain
|-heal|p1a: Raging Bolt|38/100|[from] item: Leftovers
|upkeep
|turn|7
|inactive|rookie22 has 120 seconds left.
|
|t:|1758289424
|move|p1a: Raging Bolt|Thunderclap|p2a: Ogerpon
|-resisted|p2a: Ogerpon
|-damage|p2a: Ogerpon|22/100
|move|p2a: Ogerpon|Ivy Cudgel|p1a: Raging Bolt|[anim] Ivy Cudgel Rock
|-damage|p1a: Raging Bolt|0 fnt
|faint|p1a: Raging Bolt
|-end|p1a: Raging Bolt|Protosynthesis|[silent]
|
|-heal|p2a: Ogerpon|28/100|[from] Grassy Terrain
|upkeep
|inactive|rookie22 has 120 seconds left.
|
|t:|1758289431
|switch|p1a: Meowscarada|Meowscarada, M|100/100
|turn|8
|
|t:|1758289443
|switch|p2a: Gholdengo|Gholdengo|100/100
|-enditem|p2a: Gholdengo|Grassy Seed
|-boost|p2a: Gholdengo|def|1|[from] item: Grassy Seed
|move|p1a: Meowscarada|Flower Trick|p2a: Gholdengo
|-start|p1a: Meowscarada|typechange|Grass|[from] ability: Protean
|-resisted|p2a: Gholdengo
|-crit|p2a: Gholdengo
|-damage|p2a: Gholdengo|74/100
|
|-heal|p2a: Gholdengo|80/100|[from] Grassy Terrain
|-fieldend|move: Grassy Terrain
|upkeep
|turn|9
|
|t:|1758289454
|switch|p1a: Lisan Al Gaib|Keldeo|100/100
|-damage|p1a: Lisan Al Gaib|94/100|[from] Stealth Rock
|move|p2a: Gholdengo|Shadow Ball|p1a: Lisan Al Gaib
|-damage|p1a: Lisan Al Gaib|53/100
|
|upkeep
|turn|10
|
|t:|1758289460
|move|p1a: Lisan Al Gaib|Surf|p2a: Gholdengo
|-damage|p2a: Gholdengo|7/100
|move|p2a: Gholdengo|Shadow Ball|p1a: Lisan Al Gaib
|-damage|p1a: Lisan Al Gaib|15/100
|
|upkeep
|turn|11
|
|t:|1758289465
|switch|p2a: Rillaboom|Rillaboom, F|100/100
|-fieldstart|move: Grassy Terrain|[from] ability: Grassy Surge|[of] p2a: Rillaboom
|move|p1a: Lisan Al Gaib|Surf|p2a: Rillaboom
|-resisted|p2a: Rillaboom
|-damage|p2a: Rillaboom|47/100
|
|-heal|p1a: Lisan Al Gaib|21/100|[from] Grassy Terrain
|-heal|p2a: Rillaboom|53/100|[from] Grassy Terrain
|upkeep
|turn|12
|
|t:|1758289475
|switch|p1a: Bene Gesserit|Iron Crown|100/100
|-damage|p1a: Bene Gesserit|94/100|[from] Stealth Rock
|move|p2a: Rillaboom|Grassy Glide|p1a: Bene Gesserit
|-resisted|p1a: Bene Gesserit
|-damage|p1a: Bene Gesserit|61/100
|
|-heal|p1a: Bene Gesserit|68/100|[from] Grassy Terrain
|-heal|p2a: Rillaboom|59/100|[from] Grassy Terrain
|upkeep
|turn|13
|
|t:|1758289481
|switch|p2a: Gholdengo|Gholdengo|7/100
|move|p1a: Bene Gesserit|Tachyon Cutter|p2a: Gholdengo
|-resisted|p2a: Gholdengo
|-damage|p2a: Gholdengo|0 fnt
|faint|p2a: Gholdengo
|-hitcount|p2: Gholdengo|1
|
|-heal|p1a: Bene Gesserit|74/100|[from] Grassy Terrain
|upkeep
|
|t:|1758289502
|switch|p2a: Ogerpon|Ogerpon-Cornerstone, F|28/100
|turn|14
|
|t:|1758289513
|-end|p1a: Bene Gesserit|Quark Drive|[silent]
|switch|p1a: Meowscarada|Meowscarada, M|100/100
|move|p2a: Ogerpon|Knock Off|p1a: Meowscarada
|-resisted|p1a: Meowscarada
|-damage|p1a: Meowscarada|70/100
|-enditem|p1a: Meowscarada|Heavy-Duty Boots|[from] move: Knock Off|[of] p2a: Ogerpon
|
|-heal|p1a: Meowscarada|76/100|[from] Grassy Terrain
|-heal|p2a: Ogerpon|34/100|[from] Grassy Terrain
|upkeep
|turn|15
|
|t:|1758289529
|switch|p2a: Iron Moth|Iron Moth, shiny|100/100
|-enditem|p2a: Iron Moth|Booster Energy
|-activate|p2a: Iron Moth|ability: Quark Drive|[fromitem]
|-start|p2a: Iron Moth|quarkdrivespe
|move|p1a: Meowscarada|Knock Off|p2a: Iron Moth
|-start|p1a: Meowscarada|typechange|Dark|[from] ability: Protean
|-damage|p2a: Iron Moth|54/100
|
|-heal|p2a: Iron Moth|60/100|[from] Grassy Terrain
|-heal|p1a: Meowscarada|82/100|[from] Grassy Terrain
|-fieldend|move: Grassy Terrain
|upkeep
|turn|16
|
|t:|1758289556
|switch|p1a: Bene Gesserit|Iron Crown|74/100
|-damage|p1a: Bene Gesserit|68/100|[from] Stealth Rock
|move|p2a: Iron Moth|Fiery Dance|p1a: Bene Gesserit
|-supereffective|p1a: Bene Gesserit
|-damage|p1a: Bene Gesserit|16/100
|
|upkeep
|turn|17
|
|t:|1758289562
|move|p2a: Iron Moth|Fiery Dance|p1a: Bene Gesserit
|-supereffective|p1a: Bene Gesserit
|-damage|p1a: Bene Gesserit|0 fnt
|-boost|p2a: Iron Moth|spa|1
|faint|p1a: Bene Gesserit
|-end|p1a: Bene Gesserit|Quark Drive|[silent]
|
|upkeep
|
|t:|1758289566
|switch|p1a: MEGA DRAGONITE|Dragonite, F|100/100
|turn|18
|
|t:|1758289580
|move|p2a: Iron Moth|Dazzling Gleam|p1a: MEGA DRAGONITE
|-supereffective|p1a: MEGA DRAGONITE
|-damage|p1a: MEGA DRAGONITE|58/100
|move|p1a: MEGA DRAGONITE|Earthquake|p2a: Iron Moth
|-supereffective|p2a: Iron Moth
|-damage|p2a: Iron Moth|0 fnt
|faint|p2a: Iron Moth
|-end|p2a: Iron Moth|Quark Drive|[silent]
|
|upkeep
|
|t:|1758289586
|switch|p2a: Rillaboom|Rillaboom, F|59/100
|-fieldstart|move: Grassy Terrain|[from] ability: Grassy Surge|[of] p2a: Rillaboom
|turn|19
|
|t:|1758289595
|move|p1a: MEGA DRAGONITE|Ice Spinner|p2a: Rillaboom
|-supereffective|p2a: Rillaboom
|-damage|p2a: Rillaboom|0 fnt
|-fieldend|move: Grassy Terrain
|faint|p2a: Rillaboom
|
|upkeep
|
|t:|1758289601
|switch|p2a: Ogerpon|Ogerpon-Cornerstone, F|34/100
|turn|20
|
|t:|1758289607
|switch|p1a: Meowscarada|Meowscarada, M|82/100
|-damage|p1a: Meowscarada|70/100|[from] Stealth Rock
|move|p2a: Ogerpon|Ivy Cudgel|p1a: Meowscarada|[anim] Ivy Cudgel Rock
|-damage|p1a: Meowscarada|0 fnt
|faint|p1a: Meowscarada
|
|upkeep
|
|t:|1758289621
|switch|p1a: Great Tusk|Great Tusk|66/100
|-damage|p1a: Great Tusk|63/100|[from] Stealth Rock
|turn|21
|
|t:|1758289624
|-terastallize|p1a: Great Tusk|Steel
|move|p2a: Ogerpon|Power Whip|p1a: Great Tusk|[miss]
|-miss|p2a: Ogerpon|p1a: Great Tusk
|move|p1a: Great Tusk|Rapid Spin|p2a: Ogerpon
|-resisted|p2a: Ogerpon
|-damage|p2a: Ogerpon|21/100
|-boost|p1a: Great Tusk|spe|1
|-sideend|p1: rookie22|Stealth Rock|[from] move: Rapid Spin|[of] p1a: Great Tusk
|
|-heal|p1a: Great Tusk|69/100|[from] item: Leftovers
|upkeep
|turn|22
|
|t:|1758289631
|switch|p2a: Hawlucha|Hawlucha, M|100/100
|move|p1a: Great Tusk|Rapid Spin|p2a: Hawlucha
|-damage|p2a: Hawlucha|73/100
|-boost|p1a: Great Tusk|spe|1
|
|-heal|p1a: Great Tusk|75/100|[from] item: Leftovers
|upkeep
|turn|23
|
|t:|1758289634
|move|p1a: Great Tusk|Ice Spinner|p2a: Hawlucha
|-supereffective|p2a: Hawlucha
|-damage|p2a: Hawlucha|0 fnt
|faint|p2a: Hawlucha
|
|-heal|p1a: Great Tusk|81/100|[from] item: Leftovers
|upkeep
|
|t:|1758289644
|switch|p2a: Ogerpon|Ogerpon-Cornerstone, F|21/100
|turn|24
|
|t:|1758289647
|move|p1a: Great Tusk|Earthquake|p2a: Ogerpon
|-damage|p2a: Ogerpon|0 fnt
|faint|p2a: Ogerpon
|
|win|rookie22
|raw|rookie22's rating: 1720 &rarr; <strong>1738</strong><br />(+18 for winning)
|raw|choppedkins's rating: 1688 &rarr; <strong>1670</strong><br />(-18 for losing)
|l|☆rookie22
|player|p1|
