|j|☆thqrun
|j|☆sudks
|t:|1758289242
|gametype|singles
|player|p1|thqrun|2|1510
|player|p2|sudks|101|1514
|gen|9
|tier|[Gen 9] OU
|rated|
|rule|HP Percentage Mod: HP is shown in percentages
|rule|Endless Battle Clause: Forcing endless battles is banned
|rule|Species Clause: Limit one of each Pokémon
|rule|OHKO Clause: OHKO moves are banned
|rule|Evasion Items Clause: Evasion items are banned
|rule|Evasion Moves Clause: Evasion moves are banned
|rule|Evasion Abilities Clause: Evasion abilities are banned
|rule|Sleep Moves Clause: Sleep-inducing moves are banned
|clearpoke
|poke|p1|Regice|
|poke|p1|Slowking-Galar, F|
|poke|p1|Gliscor, F|
|poke|p1|Clefable, F|
|poke|p1|Amoonguss, M|
|poke|p1|Corviknight, M|
|poke|p2|Gholdengo|
|poke|p2|Great Tusk|
|poke|p2|Toxapex, M|
|poke|p2|Zapdos|
|poke|p2|Kingambit, F|
|poke|p2|Kyurem|
|teampreview
|inactive|Battle timer is ON: inactive players will automatically lose when time's up. (requested by sudks)
|
|t:|1758289263
|teamsize|p1|6
|teamsize|p2|6
|start
|switch|p1a: Clefable|Clefable, F|100/100
|switch|p2a: Great Tusk|Great Tusk|100/100
|turn|1
|
|t:|1758289271
|-end|p2a: Great Tusk|Protosynthesis|[silent]
|switch|p2a: Gholdengo|Gholdengo|100/100
|move|p1a: Clefable|Knock Off|p2a: Gholdengo
|-supereffective|p2a: Gholdengo
|-damage|p2a: Gholdengo|72/100
|-enditem|p2a: Gholdengo|Leftovers|[from] move: Knock Off|[of] p1a: Clefable
|
|upkeep
|turn|2
|
|t:|1758289285
|switch|p1a: Gliscor|Gliscor, F, shiny|100/100
|move|p2a: Gholdengo|Nasty Plot|p2a: Gholdengo
|-boost|p2a: Gholdengo|spa|2
|
|-status|p1a: Gliscor|tox|[from] item: Toxic Orb
|upkeep
|turn|3
|
|t:|1758289295
|move|p1a: Gliscor|Earthquake|p2a: Gholdengo
|-supereffective|p2a: Gholdengo
|-damage|p2a: Gholdengo|7/100
|move|p2a: Gholdengo|Shadow Ball|p1a: Gliscor
|-damage|p1a: Gliscor|15/100 tox
|
|-heal|p1a: Gliscor|27/100 tox|[from] ability: Poison Heal
|upkeep
|turn|4
|
|t:|1758289308
|-terastallize|p2a: Gholdengo|Flying
|move|p1a: Gliscor|Knock Off|p2a: Gholdengo
|-damage|p2a: Gholdengo|0 fnt
|faint|p2a: Gholdengo
|
|-heal|p1a: Gliscor|40/100 tox|[from] ability: Poison Heal
|upkeep
|
|t:|1758289326
|switch|p2a: Great Tusk|Great Tusk|100/100
|turn|5
|
|t:|1758289330
|move|p1a: Gliscor|Protect|p1a: Gliscor
|-singleturn|p1a: Gliscor|Protect
|move|p2a: Great Tusk|Ice Spinner|p1a: Gliscor
|-activate|p1a: Gliscor|move: Protect
|
|-heal|p1a: Gliscor|52/100 tox|[from] ability: Poison Heal
|upkeep
|turn|6
|
|t:|1758289339
|switch|p1a: Clefable|Clefable, F|100/100
|move|p2a: Great Tusk|Ice Spinner|p1a: Clefable
|-damage|p1a: Clefable|77/100
|
|upkeep
|turn|7
|
|t:|1758289355
|-end|p2a: Great Tusk|Protosynthesis|[silent]
|switch|p2a: Zapdos|Zapdos|100/100
|move|p1a: Clefable|Knock Off|p2a: Zapdos
|-damage|p2a: Zapdos|83/100
|-enditem|p2a: Zapdos|Leftovers|[from] move: Knock Off|[of] p1a: Clefable
|
|upkeep
|turn|8
|
|t:|1758289363
|move|p2a: Zapdos|Hurricane|p1a: Clefable
|-damage|p1a: Clefable|24/100
|-start|p1a: Clefable|confusion
|-activate|p1a: Clefable|confusion
|-damage|p1a: Clefable|19/100|[from] confusion
|
|upkeep
|turn|9
|
|t:|1758289373
|switch|p1a: Slowking|Slowking-Galar, F, shiny|100/100
|move|p2a: Zapdos|Hurricane|p1a: Slowking
|-damage|p1a: Slowking|66/100
|
|upkeep
|turn|10
|
|t:|1758289382
|move|p2a: Zapdos|Volt Switch|p1a: Slowking
|-damage|p1a: Slowking|43/100
|
|t:|1758289388
|switch|p2a: Great Tusk|Great Tusk|100/100|[from] Volt Switch
|move|p1a: Slowking|Future Sight|p2a: Great Tusk
|-start|p1a: Slowking|move: Future Sight
|
|upkeep
|turn|11
|
|t:|1758289398
|switch|p1a: Amoonguss|Amoonguss, M, shiny|100/100
|move|p2a: Great Tusk|Knock Off|p1a: Amoonguss
|-damage|p1a: Amoonguss|75/100
|-enditem|p1a: Amoonguss|Heavy-Duty Boots|[from] move: Knock Off|[of] p2a: Great Tusk
|
|upkeep
|turn|12
|
|t:|1758289413
|-end|p2a: Great Tusk|Protosynthesis|[silent]
|switch|p2a: Kingambit|Kingambit, F|100/100
|-activate|p2a: Kingambit|ability: Supreme Overlord
|-start|p2a: Kingambit|fallen1|[silent]
|move|p1a: Amoonguss|Toxic|p2a: Kingambit
|-immune|p2a: Kingambit
|
|-end|p2a: Kingambit|move: Future Sight
|-immune|p2a: Kingambit
|upkeep
|turn|13
|
|t:|1758289425
|move|p2a: Kingambit|Kowtow Cleave|p1a: Amoonguss
|-damage|p1a: Amoonguss|32/100
|move|p1a: Amoonguss|Stomping Tantrum|p2a: Kingambit
|-supereffective|p2a: Kingambit
|-damage|p2a: Kingambit|55/100
|
|upkeep
|turn|14
|
|t:|1758289435
|switch|p1a: Corviknight|Corviknight, M|100/100
|-ability|p1a: Corviknight|Pressure
|move|p2a: Kingambit|Kowtow Cleave|p1a: Corviknight
|-damage|p1a: Corviknight|55/100
|-damage|p2a: Kingambit|38/100|[from] item: Rocky Helmet|[of] p1a: Corviknight
|
|upkeep
|turn|15
|
|t:|1758289446
|-end|p2a: Kingambit|fallen1|[silent]
|switch|p2a: Zapdos|Zapdos|83/100
|move|p1a: Corviknight|Roost|p1a: Corviknight
|-heal|p1a: Corviknight|100/100
|-singleturn|p1a: Corviknight|move: Roost
|
|upkeep
|turn|16
|
|t:|1758289454
|switch|p1a: Regice|Regice, shiny|100/100
|move|p2a: Zapdos|Heat Wave|p1a: Regice
|-supereffective|p1a: Regice
|-damage|p1a: Regice|62/100
|
|upkeep
|turn|17
|
|t:|1758289464
|move|p2a: Zapdos|Heat Wave|p1a: Regice
|-supereffective|p1a: Regice
|-damage|p1a: Regice|24/100
|move|p1a: Regice|Ice Beam|p2a: Zapdos
|-supereffective|p2a: Zapdos
|-damage|p2a: Zapdos|11/100
|
|upkeep
|turn|18
|
|t:|1758289473
|switch|p1a: Slowking|Slowking-Galar, F, shiny|76/100
|move|p2a: Zapdos|Volt Switch|p1a: Slowking
|-damage|p1a: Slowking|55/100
|
|t:|1758289492
|switch|p2a: Great Tusk|Great Tusk|100/100|[from] Volt Switch
|
|upkeep
|turn|19
|
|t:|1758289500
|switch|p1a: Gliscor|Gliscor, F, shiny|52/100 tox
|move|p2a: Great Tusk|Knock Off|p1a: Gliscor
|-damage|p1a: Gliscor|20/100 tox
|-enditem|p1a: Gliscor|Toxic Orb|[from] move: Knock Off|[of] p2a: Great Tusk
|
|-heal|p1a: Gliscor|33/100 tox|[from] ability: Poison Heal
|upkeep
|turn|20
|
|t:|1758289517
|move|p1a: Gliscor|Protect|p1a: Gliscor
|-singleturn|p1a: Gliscor|Protect
|move|p2a: Great Tusk|Ice Spinner|p1a: Gliscor
|-activate|p1a: Gliscor|move: Protect
|
|-heal|p1a: Gliscor|45/100 tox|[from] ability: Poison Heal
|upkeep
|turn|21
|
|t:|1758289526
|switch|p1a: Clefable|Clefable, F|19/100
|move|p2a: Great Tusk|Ice Spinner|p1a: Clefable
|-damage|p1a: Clefable|0 fnt
|faint|p1a: Clefable
|
|upkeep
|
|t:|1758289534
|switch|p1a: Amoonguss|Amoonguss, M, shiny|65/100
|turn|22
|
|t:|1758289538
|move|p2a: Great Tusk|Ice Spinner|p1a: Amoonguss
|-supereffective|p1a: Amoonguss
|-damage|p1a: Amoonguss|22/100
|move|p1a: Amoonguss|Giga Drain|p2a: Great Tusk
|-supereffective|p2a: Great Tusk
|-damage|p2a: Great Tusk|64/100
|-heal|p1a: Amoonguss|40/100|[from] drain|[of] p2a: Great Tusk
|
|upkeep
|turn|23
|
|t:|1758289548
|switch|p1a: Corviknight|Corviknight, M|100/100
|-ability|p1a: Corviknight|Pressure
|move|p2a: Great Tusk|Ice Spinner|p1a: Corviknight
|-damage|p1a: Corviknight|82/100
|-damage|p2a: Great Tusk|48/100|[from] item: Rocky Helmet|[of] p1a: Corviknight
|
|upkeep
|turn|24
|
|t:|1758289561
|switch|p1a: Amoonguss|Amoonguss, M, shiny|74/100
|move|p2a: Great Tusk|Knock Off|p1a: Amoonguss
|-damage|p1a: Amoonguss|56/100
|
|upkeep
|turn|25
|
|t:|1758289574
|-end|p2a: Great Tusk|Protosynthesis|[silent]
|switch|p2a: Kyurem|Kyurem|100/100
|-ability|p2a: Kyurem|Pressure
|move|p1a: Amoonguss|Giga Drain|p2a: Kyurem
|-resisted|p2a: Kyurem
|-damage|p2a: Kyurem|90/100
|-heal|p1a: Amoonguss|60/100|[from] drain|[of] p2a: Kyurem
|
|upkeep
|turn|26
|
|t:|1758289597
|move|p2a: Kyurem|Freeze-Dry|p1a: Amoonguss
|-supereffective|p1a: Amoonguss
|-damage|p1a: Amoonguss|0 fnt
|faint|p1a: Amoonguss
|
|upkeep
|
|t:|1758289602
|switch|p1a: Regice|Regice, shiny|24/100
|turn|27
|
|t:|1758289607
|switch|p2a: Toxapex|Toxapex, M|100/100
|move|p1a: Regice|Rest|p1a: Regice
|-status|p1a: Regice|slp|[from] move: Rest
|-heal|p1a: Regice|100/100 slp|[silent]
|
|upkeep
|turn|28
|
|t:|1758289621
|cant|p1a: Regice|slp
|move|p1a: Regice|Sleep Talk|p1a: Regice
|move|p1a: Regice|Ice Beam|p2a: Toxapex|[from] move: Sleep Talk
|-resisted|p2a: Toxapex
|-damage|p2a: Toxapex|87/100
|move|p2a: Toxapex|Surf|p1a: Regice
|-damage|p1a: Regice|89/100 slp
|
|upkeep
|turn|29
|
|t:|1758289633
|switch|p2a: Kingambit|Kingambit, F|38/100
|-activate|p2a: Kingambit|ability: Supreme Overlord
|-start|p2a: Kingambit|fallen1|[silent]
|cant|p1a: Regice|slp
|move|p1a: Regice|Sleep Talk|p1a: Regice
|move|p1a: Regice|Rest||[from] move: Sleep Talk|[still]
|-fail|p1a: Regice
|
|upkeep
|turn|30
|
|t:|1758289655
|switch|p1a: Corviknight|Corviknight, M|82/100
|-ability|p1a: Corviknight|Pressure
|move|p2a: Kingambit|Swords Dance|p2a: Kingambit
|-boost|p2a: Kingambit|atk|2
|
|upkeep
|turn|31
|
|t:|1758289664
|-end|p2a: Kingambit|fallen1|[silent]
|switch|p2a: Toxapex|Toxapex, M|100/100
|move|p1a: Corviknight|Iron Defense|p1a: Corviknight
|-boost|p1a: Corviknight|def|2
|
|upkeep
|turn|32
|
|t:|1758289670
|move|p1a: Corviknight|U-turn|p2a: Toxapex
|-resisted|p2a: Toxapex
|-damage|p2a: Toxapex|96/100
|-damage|p1a: Corviknight|65/100|[from] item: Rocky Helmet|[of] p2a: Toxapex
|
|t:|1758289676
|switch|p1a: Slowking|Slowking-Galar, F, shiny|89/100|[from] U-turn
|move|p2a: Toxapex|Toxic Spikes|p1a: Slowking
|-sidestart|p1: thqrun|move: Toxic Spikes
|
|upkeep
|turn|33
|
|t:|1758289686
|switch|p2a: Zapdos|Zapdos|11/100
|move|p1a: Slowking|Future Sight|p2a: Zapdos
|-start|p1a: Slowking|move: Future Sight
|
|upkeep
|turn|34
|
|t:|1758289697
|move|p2a: Zapdos|Roost|p2a: Zapdos
|-heal|p2a: Zapdos|61/100
|-singleturn|p2a: Zapdos|move: Roost
|move|p1a: Slowking|Flamethrower|p2a: Zapdos
|-damage|p2a: Zapdos|36/100
|-status|p2a: Zapdos|brn
|
|-damage|p2a: Zapdos|29/100 brn|[from] brn
|upkeep
|turn|35
|
|t:|1758289708
|move|p2a: Zapdos|Volt Switch|p1a: Slowking
|-damage|p1a: Slowking|67/100
|
|t:|1758289713
|switch|p2a: Toxapex|Toxapex, M|100/100|[from] Volt Switch
|move|p1a: Slowking|Flamethrower|p2a: Toxapex
|-resisted|p2a: Toxapex
|-damage|p2a: Toxapex|91/100
|
|-end|p2a: Toxapex|move: Future Sight
|-supereffective|p2a: Toxapex
|-crit|p2a: Toxapex
|-damage|p2a: Toxapex|0 fnt
|faint|p2a: Toxapex
|upkeep
|
|t:|1758289726
|switch|p2a: Great Tusk|Great Tusk|48/100
|turn|36
|
|t:|1758289736
|switch|p1a: Corviknight|Corviknight, M|65/100
|-ability|p1a: Corviknight|Pressure
|move|p2a: Great Tusk|Knock Off|p1a: Corviknight
|-damage|p1a: Corviknight|41/100
|-damage|p2a: Great Tusk|31/100|[from] item: Rocky Helmet|[of] p1a: Corviknight
|-enditem|p1a: Corviknight|Rocky Helmet|[from] move: Knock Off|[of] p2a: Great Tusk
|
|upkeep
|turn|37
|
|t:|1758289749
|move|p2a: Great Tusk|Close Combat|p1a: Corviknight
|-damage|p1a: Corviknight|0 fnt
|-unboost|p2a: Great Tusk|def|1
|-unboost|p2a: Great Tusk|spd|1
|faint|p1a: Corviknight
|
|upkeep
|
|t:|1758289759
|switch|p1a: Slowking|Slowking-Galar, F, shiny|100/100
|-sideend|p1: thqrun|move: Toxic Spikes|[of] p1a: Slowking
|turn|38
|
|t:|1758289766
|move|p2a: Great Tusk|Knock Off|p1a: Slowking
|-supereffective|p1a: Slowking
|-damage|p1a: Slowking|28/100
|-enditem|p1a: Slowking|Heavy-Duty Boots|[from] move: Knock Off|[of] p2a: Great Tusk
|move|p1a: Slowking|Flamethrower|p2a: Great Tusk
|-damage|p2a: Great Tusk|0 fnt
|faint|p2a: Great Tusk
|-end|p2a: Great Tusk|Protosynthesis|[silent]
|
|upkeep
|
|t:|1758289777
|switch|p2a: Kingambit|Kingambit, F|38/100
|-activate|p2a: Kingambit|ability: Supreme Overlord
|-start|p2a: Kingambit|fallen3|[silent]
|turn|39
|
|t:|1758289785
|move|p2a: Kingambit|Kowtow Cleave|p1a: Slowking
|-supereffective|p1a: Slowking
|-damage|p1a: Slowking|0 fnt
|faint|p1a: Slowking
|
|upkeep
|
|t:|1758289790
|switch|p1a: Gliscor|Gliscor, F, shiny|45/100 tox
|turn|40
|
|t:|1758289794
|-end|p2a: Kingambit|fallen3|[silent]
|switch|p2a: Zapdos|Zapdos|29/100 brn
|move|p1a: Gliscor|Earthquake|p2a: Zapdos
|-immune|p2a: Zapdos
|
|-heal|p1a: Gliscor|58/100 tox|[from] ability: Poison Heal
|-damage|p2a: Zapdos|23/100 brn|[from] brn
|upkeep
|turn|41
|
|t:|1758289804
|move|p2a: Zapdos|Roost|p2a: Zapdos
|-heal|p2a: Zapdos|73/100 brn
|-singleturn|p2a: Zapdos|move: Roost
|move|p1a: Gliscor|Spikes|p2a: Zapdos
|-sidestart|p2: sudks|Spikes
|
|-heal|p1a: Gliscor|70/100 tox|[from] ability: Poison Heal
|-damage|p2a: Zapdos|67/100 brn|[from] brn
|upkeep
|turn|42
|
|t:|1758289815
|move|p1a: Gliscor|Protect|p1a: Gliscor
|-singleturn|p1a: Gliscor|Protect
|move|p2a: Zapdos|Hurricane|p1a: Gliscor
|-activate|p1a: Gliscor|move: Protect
|
|-heal|p1a: Gliscor|83/100 tox|[from] ability: Poison Heal
|-damage|p2a: Zapdos|61/100 brn|[from] brn
|upkeep
|turn|43
|
|t:|1758289825
|move|p2a: Zapdos|Hurricane|p1a: Gliscor
|-damage|p1a: Gliscor|27/100 tox
|move|p1a: Gliscor|Spikes|p2a: Zapdos
|-sidestart|p2: sudks|Spikes
|
|-heal|p1a: Gliscor|40/100 tox|[from] ability: Poison Heal
|-damage|p2a: Zapdos|55/100 brn|[from] brn
|upkeep
|turn|44
|
|t:|1758289835
|move|p1a: Gliscor|Protect|p1a: Gliscor
|-singleturn|p1a: Gliscor|Protect
|move|p2a: Zapdos|Roost|p2a: Zapdos
|-heal|p2a: Zapdos|100/100 brn
|-singleturn|p2a: Zapdos|move: Roost
|
|-heal|p1a: Gliscor|52/100 tox|[from] ability: Poison Heal
|-damage|p2a: Zapdos|94/100 brn|[from] brn
|upkeep
|turn|45
|
|t:|1758289849
|move|p2a: Zapdos|Hurricane|p1a: Gliscor|[miss]
|-miss|p2a: Zapdos|p1a: Gliscor
|move|p1a: Gliscor|Spikes|p2a: Zapdos
|-sidestart|p2: sudks|Spikes
|
|-heal|p1a: Gliscor|65/100 tox|[from] ability: Poison Heal
|-damage|p2a: Zapdos|88/100 brn|[from] brn
|upkeep
|turn|46
|
|t:|1758289859
|move|p1a: Gliscor|Protect|p1a: Gliscor
|-singleturn|p1a: Gliscor|Protect
|move|p2a: Zapdos|Hurricane|p1a: Gliscor
|-activate|p1a: Gliscor|move: Protect
|
|-heal|p1a: Gliscor|77/100 tox|[from] ability: Poison Heal
|-damage|p2a: Zapdos|82/100 brn|[from] brn
|upkeep
|turn|47
|
|t:|1758289869
|switch|p1a: Regice|Regice, shiny|89/100 slp
|move|p2a: Zapdos|Hurricane|p1a: Regice
|-damage|p1a: Regice|57/100 slp
|
|-damage|p2a: Zapdos|76/100 brn|[from] brn
|upkeep
|turn|48
|
|t:|1758289879
|move|p2a: Zapdos|Heat Wave|p1a: Regice
|-supereffective|p1a: Regice
|-damage|p1a: Regice|18/100 slp
|-curestatus|p1a: Regice|slp|[msg]
|move|p1a: Regice|Rest|p1a: Regice
|-status|p1a: Regice|slp|[from] move: Rest
|-heal|p1a: Regice|100/100 slp|[silent]
|
|-damage|p2a: Zapdos|70/100 brn|[from] brn
|upkeep
|turn|49
|
|t:|1758289893
|move|p2a: Zapdos|Heat Wave|p1a: Regice
|-supereffective|p1a: Regice
|-damage|p1a: Regice|64/100 slp
|cant|p1a: Regice|slp
|move|p1a: Regice|Sleep Talk|p1a: Regice
|move|p1a: Regice|Rest||[from] move: Sleep Talk|[still]
|-fail|p1a: Regice
|
|-damage|p2a: Zapdos|64/100 brn|[from] brn
|upkeep
|turn|50
|
|t:|1758289905
|switch|p1a: Gliscor|Gliscor, F, shiny|77/100 tox
|move|p2a: Zapdos|Volt Switch|p1a: Gliscor
|-immune|p1a: Gliscor
|
|-heal|p1a: Gliscor|90/100 tox|[from] ability: Poison Heal
|-damage|p2a: Zapdos|58/100 brn|[from] brn
|upkeep
|turn|51
|j| Esiroi974
|l| Esiroi974
|
|t:|1758289915
|move|p2a: Zapdos|Hurricane|p1a: Gliscor
|-damage|p1a: Gliscor|38/100 tox
|-start|p1a: Gliscor|confusion
|-activate|p1a: Gliscor|confusion
|-damage|p1a: Gliscor|31/100 tox|[from] confusion
|
|-heal|p1a: Gliscor|43/100 tox|[from] ability: Poison Heal
|-damage|p2a: Zapdos|52/100 brn|[from] brn
|upkeep
|turn|52
|
|t:|1758289925
|switch|p1a: Regice|Regice, shiny|64/100 slp
|move|p2a: Zapdos|Hurricane|p1a: Regice
|-damage|p1a: Regice|32/100 slp
|
|-damage|p2a: Zapdos|46/100 brn|[from] brn
|upkeep
|turn|53
|
|t:|1758289935
|switch|p1a: Gliscor|Gliscor, F, shiny|43/100 tox
|move|p2a: Zapdos|Heat Wave|p1a: Gliscor
|-damage|p1a: Gliscor|14/100 tox
|
|-heal|p1a: Gliscor|26/100 tox|[from] ability: Poison Heal
|-damage|p2a: Zapdos|40/100 brn|[from] brn
|upkeep
|turn|54
|-message|thqrun forfeited.
|
|win|sudks
|raw|thqrun's rating: 1510 &rarr; <strong>1490</strong><br />(-20 for losing)
|raw|sudks's rating: 1514 &rarr; <strong>1534</strong><br />(+20 for winning)
|l|☆thqrun
|player|p1|
|l|☆sudks
|player|p2|
