|j|☆thqrun
|j|☆jlce
|t:|1758290309
|gametype|singles
|player|p1|thqrun|2|1448
|player|p2|jlce|101|1476
|gen|9
|tier|[Gen 9] OU
|rated|
|rule|HP Percentage Mod: HP is shown in percentages
|rule|Endless Battle Clause: Forcing endless battles is banned
|rule|Species Clause: Limit one of each Pokémon
|rule|OHKO Clause: OHKO moves are banned
|rule|Evasion Items Clause: Evasion items are banned
|rule|Evasion Moves Clause: Evasion moves are banned
|rule|Evasion Abilities Clause: Evasion abilities are banned
|rule|Sleep Moves Clause: Sleep-inducing moves are banned
|clearpoke
|poke|p1|Regice|
|poke|p1|Slowking-Galar, M|
|poke|p1|Gliscor, M|
|poke|p1|Clefable, M|
|poke|p1|Amoonguss, M|
|poke|p1|Corviknight, F|
|poke|p2|Dragapult, M|
|poke|p2|Weavile, F|
|poke|p2|Greninja-*, M|
|poke|p2|Tentacruel, F|
|poke|p2|Samurott-Hisui, F|
|poke|p2|Sinistcha|
|teampreview
|
|t:|1758290316
|teamsize|p1|6
|teamsize|p2|6
|start
|switch|p1a: Clefable|Clefable, M|100/100
|switch|p2a: Weavile|Weavile, F|100/100
|turn|1
|
|t:|1758290327
|switch|p2a: Tentacruel|Tentacruel, F|100/100
|move|p1a: Clefable|Stealth Rock|p2a: Tentacruel
|-sidestart|p2: jlce|move: Stealth Rock
|
|upkeep
|turn|2
|
|t:|1758290333
|move|p2a: Tentacruel|Rapid Spin|p1a: Clefable
|-damage|p1a: Clefable|94/100
|-boost|p2a: Tentacruel|spe|1
|-sideend|p2: jlce|Stealth Rock|[from] move: Rapid Spin|[of] p2a: Tentacruel
|move|p1a: Clefable|Knock Off|p2a: Tentacruel
|-damage|p2a: Tentacruel|82/100
|-enditem|p2a: Tentacruel|Heavy-Duty Boots|[from] move: Knock Off|[of] p1a: Clefable
|
|upkeep
|turn|3
|
|t:|1758290342
|move|p2a: Tentacruel|Sludge Wave|p1a: Clefable
|-supereffective|p1a: Clefable
|-damage|p1a: Clefable|43/100
|move|p1a: Clefable|Stealth Rock|p2a: Tentacruel
|-sidestart|p2: jlce|move: Stealth Rock
|
|upkeep
|turn|4
|
|t:|1758290348
|move|p2a: Tentacruel|Rapid Spin|p1a: Clefable
|-damage|p1a: Clefable|37/100
|-boost|p2a: Tentacruel|spe|1
|-sideend|p2: jlce|Stealth Rock|[from] move: Rapid Spin|[of] p2a: Tentacruel
|move|p1a: Clefable|Moonlight|p1a: Clefable
|-heal|p1a: Clefable|87/100
|
|-damage|p2a: Tentacruel|69/100|[from] item: Sticky Barb
|upkeep
|turn|5
|
|t:|1758290358
|switch|p1a: Slowking|Slowking-Galar, M, shiny|100/100
|move|p2a: Tentacruel|Sludge Wave|p1a: Slowking
|-resisted|p1a: Slowking
|-damage|p1a: Slowking|93/100
|
|-damage|p2a: Tentacruel|57/100|[from] item: Sticky Barb
|upkeep
|turn|6
|
|t:|1758290367
|move|p2a: Tentacruel|Flip Turn|p1a: Slowking
|-damage|p1a: Slowking|77/100
|
|t:|1758290368
|switch|p2a: Samurott|Samurott-Hisui, F|100/100|[from] Flip Turn
|-prepare|p1a: Slowking|Chilly Reception|[premajor]
|move|p1a: Slowking|Chilly Reception|p1a: Slowking
|-weather|Snowscape
|
|t:|1758290375
|switch|p1a: Clefable|Clefable, M|87/100|[from] Chilly Reception
|
|-weather|Snowscape|[upkeep]
|upkeep
|turn|7
|
|t:|1758290382
|move|p2a: Samurott|Flip Turn|p1a: Clefable
|-damage|p1a: Clefable|65/100
|
|t:|1758290384
|switch|p2a: Tentacruel|Tentacruel, F|57/100|[from] Flip Turn
|move|p1a: Clefable|Stealth Rock|p2a: Tentacruel
|-sidestart|p2: jlce|move: Stealth Rock
|
|-weather|Snowscape|[upkeep]
|-damage|p2a: Tentacruel|45/100|[from] item: Sticky Barb
|upkeep
|turn|8
|
|t:|1758290393
|move|p2a: Tentacruel|Rapid Spin|p1a: Clefable
|-damage|p1a: Clefable|59/100
|-boost|p2a: Tentacruel|spe|1
|-sideend|p2: jlce|Stealth Rock|[from] move: Rapid Spin|[of] p2a: Tentacruel
|move|p1a: Clefable|Moonlight|p1a: Clefable
|-heal|p1a: Clefable|84/100
|
|-weather|Snowscape|[upkeep]
|-damage|p2a: Tentacruel|32/100|[from] item: Sticky Barb
|upkeep
|turn|9
|
|t:|1758290404
|switch|p1a: Slowking|Slowking-Galar, M, shiny|100/100
|move|p2a: Tentacruel|Flip Turn|p1a: Slowking
|-damage|p1a: Slowking|85/100
|
|t:|1758290407
|switch|p2a: Samurott|Samurott-Hisui, F|100/100|[from] Flip Turn
|
|-weather|Snowscape|[upkeep]
|upkeep
|turn|10
|
|t:|1758290414
|switch|p1a: Corviknight|Corviknight, F|100/100
|-ability|p1a: Corviknight|Pressure
|move|p2a: Samurott|Ceaseless Edge|p1a: Corviknight
|-damage|p1a: Corviknight|72/100
|-damage|p2a: Samurott|84/100|[from] item: Rocky Helmet|[of] p1a: Corviknight
|-sidestart|p1: thqrun|Spikes
|
|-weather|none
|upkeep
|turn|11
|
|t:|1758290425
|move|p2a: Samurott|Flip Turn|p1a: Corviknight
|-damage|p1a: Corviknight|55/100
|-damage|p2a: Samurott|67/100|[from] item: Rocky Helmet|[of] p1a: Corviknight
|
|t:|1758290429
|switch|p2a: Dragapult|Dragapult, M|100/100|[from] Flip Turn
|move|p1a: Corviknight|Roost|p1a: Corviknight
|-heal|p1a: Corviknight|100/100
|-singleturn|p1a: Corviknight|move: Roost
|
|upkeep
|turn|12
|
|t:|1758290439
|switch|p1a: Clefable|Clefable, M|84/100
|move|p2a: Dragapult|Fire Blast|p1a: Clefable
|-damage|p1a: Clefable|55/100
|-damage|p2a: Dragapult|91/100|[from] item: Life Orb
|
|upkeep
|turn|13
|
|t:|1758290456
|switch|p2a: Tentacruel|Tentacruel, F|32/100
|move|p1a: Clefable|Moonlight|p1a: Clefable
|-heal|p1a: Clefable|100/100
|
|-damage|p2a: Tentacruel|20/100|[from] item: Sticky Barb
|upkeep
|turn|14
|
|t:|1758290465
|switch|p1a: Corviknight|Corviknight, F|100/100
|-ability|p1a: Corviknight|Pressure
|move|p2a: Tentacruel|Sludge Wave|p1a: Corviknight
|-immune|p1a: Corviknight
|
|-damage|p2a: Tentacruel|8/100|[from] item: Sticky Barb
|upkeep
|turn|15
|
|t:|1758290479
|switch|p2a: Sinistcha|Sinistcha|100/100
|move|p1a: Corviknight|U-turn|p2a: Sinistcha
|-damage|p2a: Sinistcha|91/100
|
|t:|1758290486
|switch|p1a: Amoonguss|Amoonguss, M, shiny|100/100|[from] U-turn
|
|-heal|p2a: Sinistcha|97/100|[from] item: Leftovers
|upkeep
|turn|16
|inactive|Battle timer is ON: inactive players will automatically lose when time's up. (requested by thqrun)
|
|t:|1758290497
|switch|p2a: Weavile|Weavile, F|100/100
|move|p1a: Amoonguss|Toxic|p2a: Weavile
|-status|p2a: Weavile|tox
|
|-damage|p2a: Weavile|94/100 tox|[from] psn
|upkeep
|turn|17
|
|t:|1758290506
|switch|p1a: Corviknight|Corviknight, F|100/100
|-ability|p1a: Corviknight|Pressure
|move|p2a: Weavile|Knock Off|p1a: Corviknight
|-damage|p1a: Corviknight|58/100
|-damage|p2a: Weavile|78/100 tox|[from] item: Rocky Helmet|[of] p1a: Corviknight
|-enditem|p1a: Corviknight|Rocky Helmet|[from] move: Knock Off|[of] p2a: Weavile
|-damage|p2a: Weavile|68/100 tox|[from] item: Life Orb
|
|-damage|p2a: Weavile|56/100 tox|[from] psn
|upkeep
|turn|18
|
|t:|1758290518
|move|p2a: Weavile|Triple Axel|p1a: Corviknight
|-damage|p1a: Corviknight|50/100
|-damage|p1a: Corviknight|34/100
|-damage|p1a: Corviknight|10/100
|-hitcount|p1a: Corviknight|3
|-damage|p2a: Weavile|46/100 tox|[from] item: Life Orb
|move|p1a: Corviknight|Roost|p1a: Corviknight
|-heal|p1a: Corviknight|60/100
|-singleturn|p1a: Corviknight|move: Roost
|
|-damage|p2a: Weavile|28/100 tox|[from] psn
|upkeep
|turn|19
|
|t:|1758290531
|switch|p2a: Greninja|Greninja, M|100/100
|move|p1a: Corviknight|Roost|p1a: Corviknight
|-heal|p1a: Corviknight|100/100
|-singleturn|p1a: Corviknight|move: Roost
|
|upkeep
|turn|20
|
|t:|1758290539
|switch|p1a: Regice|Regice, shiny|100/100
|move|p2a: Greninja|Dark Pulse|p1a: Regice
|-damage|p1a: Regice|79/100
|-damage|p2a: Greninja|91/100|[from] item: Life Orb
|
|upkeep
|turn|21
|
|t:|1758290549
|move|p2a: Greninja|Hydro Pump|p1a: Regice
|-damage|p1a: Regice|49/100
|-damage|p2a: Greninja|81/100|[from] item: Life Orb
|move|p1a: Regice|Body Press|p2a: Greninja
|-supereffective|p2a: Greninja
|-damage|p2a: Greninja|4/100
|
|upkeep
|turn|22
|
|t:|1758290557
|move|p2a: Greninja|Dark Pulse|p1a: Regice
|-damage|p1a: Regice|29/100
|-damage|p2a: Greninja|0 fnt|[from] item: Life Orb
|faint|p2a: Greninja
|move|p1a: Regice|Rest|p1a: Regice
|-status|p1a: Regice|slp|[from] move: Rest
|-heal|p1a: Regice|100/100 slp|[silent]
|
|upkeep
|
|t:|1758290561
|switch|p2a: Samurott|Samurott-Hisui, F|67/100
|turn|23
|
|t:|1758290571
|switch|p1a: Corviknight|Corviknight, F|100/100
|-ability|p1a: Corviknight|Pressure
|move|p2a: Samurott|Ceaseless Edge|p1a: Corviknight
|-damage|p1a: Corviknight|70/100
|-sidestart|p1: thqrun|Spikes
|
|upkeep
|turn|24
|
|t:|1758290580
|move|p2a: Samurott|Razor Shell|p1a: Corviknight
|-damage|p1a: Corviknight|37/100
|-unboost|p1a: Corviknight|def|1
|move|p1a: Corviknight|Roost|p1a: Corviknight
|-heal|p1a: Corviknight|87/100
|-singleturn|p1a: Corviknight|move: Roost
|
|upkeep
|turn|25
|
|t:|1758290588
|move|p2a: Samurott|Ceaseless Edge|p1a: Corviknight
|-damage|p1a: Corviknight|45/100
|-sidestart|p1: thqrun|Spikes
|move|p1a: Corviknight|Body Press|p2a: Samurott
|-supereffective|p2a: Samurott
|-damage|p2a: Samurott|23/100
|
|upkeep
|turn|26
|
|t:|1758290608
|move|p2a: Samurott|Razor Shell|p1a: Corviknight
|-damage|p1a: Corviknight|0 fnt
|faint|p1a: Corviknight
|
|upkeep
|
|t:|1758290614
|switch|p1a: Clefable|Clefable, M|100/100
|turn|27
|
|t:|1758290619
|move|p2a: Samurott|Razor Shell|p1a: Clefable
|-damage|p1a: Clefable|59/100
|-unboost|p1a: Clefable|def|1
|move|p1a: Clefable|Stealth Rock|p2a: Samurott
|-sidestart|p2: jlce|move: Stealth Rock
|
|upkeep
|turn|28
|
|t:|1758290626
|switch|p1a: Amoonguss|Amoonguss, M, shiny|100/100
|move|p2a: Samurott|Razor Shell|p1a: Amoonguss
|-resisted|p1a: Amoonguss
|-damage|p1a: Amoonguss|81/100
|-unboost|p1a: Amoonguss|def|1
|
|upkeep
|turn|29
|
|t:|1758290635
|move|p2a: Samurott|Ceaseless Edge|p1a: Amoonguss
|-damage|p1a: Amoonguss|33/100
|move|p1a: Amoonguss|Giga Drain|p2a: Samurott
|-supereffective|p2a: Samurott
|-damage|p2a: Samurott|0 fnt
|-heal|p1a: Amoonguss|42/100|[from] drain|[of] p2a: Samurott
|faint|p2a: Samurott
|
|upkeep
|
|t:|1758290640
|switch|p2a: Dragapult|Dragapult, M|91/100
|-damage|p2a: Dragapult|78/100|[from] Stealth Rock
|turn|30
|
|t:|1758290661
|switch|p1a: Gliscor|Gliscor, M, shiny|100/100
|move|p2a: Dragapult|Dragon Dance|p2a: Dragapult
|-boost|p2a: Dragapult|atk|1
|-boost|p2a: Dragapult|spe|1
|
|-status|p1a: Gliscor|tox|[from] item: Toxic Orb
|upkeep
|turn|31
|
|t:|1758290671
|move|p2a: Dragapult|Phantom Force||[still]
|-prepare|p2a: Dragapult|Phantom Force
|move|p1a: Gliscor|Knock Off|p2a: Dragapult|[miss]
|-miss|p1a: Gliscor|p2a: Dragapult
|
|upkeep
|turn|32
|
|t:|1758290682
|-terastallize|p1a: Gliscor|Dark
|move|p2a: Dragapult|Phantom Force|p1a: Gliscor|[from] lockedmove
|-resisted|p1a: Gliscor
|-damage|p1a: Gliscor|63/100 tox
|-damage|p2a: Dragapult|69/100|[from] item: Life Orb
|move|p1a: Gliscor|Knock Off|p2a: Dragapult
|-supereffective|p2a: Dragapult
|-damage|p2a: Dragapult|0 fnt
|-enditem|p2a: Dragapult|Life Orb|[from] move: Knock Off|[of] p1a: Gliscor
|faint|p2a: Dragapult
|
|-heal|p1a: Gliscor|75/100 tox|[from] ability: Poison Heal
|upkeep
|
|t:|1758290688
|switch|p2a: Weavile|Weavile, F|28/100 tox
|-damage|p2a: Weavile|3/100 tox|[from] Stealth Rock
|turn|33
|-message|jlce forfeited.
|
|win|thqrun
|raw|thqrun's rating: 1448 &rarr; <strong>1470</strong><br />(+22 for winning)
|raw|jlce's rating: 1476 &rarr; <strong>1454</strong><br />(-22 for losing)
|l|☆jlce
|player|p2|
|l|☆thqrun
|player|p1|
|j|☆thqrun
|player|p1|thqrun|2|
