|j|☆mo007001
|j|☆beentheredonepat
|t:|1758278841
|gametype|singles
|player|p1|mo007001|clerk|1137
|player|p2|beentheredonepat|ethan|1090
|gen|9
|tier|[Gen 9] OU
|rated|
|rule|HP Percentage Mod: HP is shown in percentages
|rule|Endless Battle Clause: Forcing endless battles is banned
|rule|Species Clause: Limit one of each Pokémon
|rule|OHKO Clause: OHKO moves are banned
|rule|Evasion Items Clause: Evasion items are banned
|rule|Evasion Moves Clause: Evasion moves are banned
|rule|Evasion Abilities Clause: Evasion abilities are banned
|rule|Sleep Moves Clause: Sleep-inducing moves are banned
|clearpoke
|poke|p1|Pelipper, F|
|poke|p1|Azumarill, F|
|poke|p1|Floatzel, F|
|poke|p1|Kingdra, F|
|poke|p1|Torterra, F|
|poke|p1|Scizor, M|
|poke|p2|Typhlosion, M|
|poke|p2|Ninetales, M|
|poke|p2|Shiftry, M|
|poke|p2|Ursaluna, F|
|poke|p2|Torkoal, M|
|poke|p2|Hatterene, F|
|teampreview
|
|t:|1758278847
|teamsize|p1|6
|teamsize|p2|6
|start
|switch|p1a: 大嘴丸|Pelipper, F|100/100
|switch|p2a: Nymph|Hatterene, F|100/100
|-weather|RainDance|[from] ability: Drizzle|[of] p1a: 大嘴丸
|turn|1
|
|t:|1758278856
|switch|p1a: 勘九螂|Scizor, M|100/100
|move|p2a: Nymph|Trick|p1a: 勘九螂
|-activate|p2a: Nymph|move: Trick|[of] p1a: 勘九螂
|-item|p1a: 勘九螂|Choice Scarf|[from] move: Trick
|-item|p2a: Nymph|Leftovers|[from] move: Trick
|
|-weather|RainDance|[upkeep]
|upkeep
|turn|2
|
|t:|1758278865
|move|p1a: 勘九螂|U-turn|p2a: Nymph
|-damage|p2a: Nymph|67/100
|
|t:|1758278870
|switch|p1a: 黑土|Torterra, F|100/100|[from] U-turn
|move|p2a: Nymph|Nuzzle|p1a: 黑土
|-immune|p1a: 黑土
|
|-weather|RainDance|[upkeep]
|-heal|p2a: Nymph|73/100|[from] item: Leftovers
|upkeep
|turn|3
|
|t:|1758278880
|move|p1a: 黑土|Shell Smash|p1a: 黑土
|-unboost|p1a: 黑土|def|1
|-unboost|p1a: 黑土|spd|1
|-boost|p1a: 黑土|atk|2
|-boost|p1a: 黑土|spa|2
|-boost|p1a: 黑土|spe|2
|move|p2a: Nymph|Trick Room|p2a: Nymph
|-fieldstart|move: Trick Room|[of] p2a: Nymph
|
|-weather|RainDance|[upkeep]
|-heal|p2a: Nymph|79/100|[from] item: Leftovers
|upkeep
|turn|4
|
|t:|1758278900
|move|p2a: Nymph|Healing Wish|p2a: Nymph
|faint|p2a: Nymph
|move|p1a: 黑土|Bullet Seed|p2: Nymph|[notarget]
|-fail|p1a: 黑土
|
|-weather|RainDance|[upkeep]
|upkeep
|
|t:|1758278904
|switch|p2a: Mama Bear|Ursaluna, F|100/100
|turn|5
|
|t:|1758278911
|move|p2a: Mama Bear|Ice Punch|p1a: 黑土
|-supereffective|p1a: 黑土
|-damage|p1a: 黑土|0 fnt
|faint|p1a: 黑土
|
|-weather|RainDance|[upkeep]
|-status|p2a: Mama Bear|brn|[from] item: Flame Orb
|upkeep
|
|t:|1758278921
|switch|p1a: 勘九螂|Scizor, M|100/100
|turn|6
|
|t:|1758278929
|move|p1a: 勘九螂|Bullet Punch|p2a: Mama Bear
|-damage|p2a: Mama Bear|79/100 brn
|move|p2a: Mama Bear|Drain Punch|p1a: 勘九螂
|-damage|p1a: 勘九螂|68/100
|-heal|p2a: Mama Bear|94/100 brn|[from] drain|[of] p1a: 勘九螂
|
|-weather|RainDance|[upkeep]
|-damage|p2a: Mama Bear|87/100 brn|[from] brn
|upkeep
|turn|7
|
|t:|1758278939
|move|p1a: 勘九螂|Bullet Punch|p2a: Mama Bear
|-damage|p2a: Mama Bear|65/100 brn
|move|p2a: Mama Bear|Facade|p1a: 勘九螂
|-resisted|p1a: 勘九螂
|-damage|p1a: 勘九螂|14/100
|
|-weather|RainDance|[upkeep]
|-damage|p2a: Mama Bear|58/100 brn|[from] brn
|-fieldend|move: Trick Room
|upkeep
|turn|8
|
|t:|1758278949
|move|p1a: 勘九螂|Bullet Punch|p2a: Mama Bear
|-damage|p2a: Mama Bear|36/100 brn
|move|p2a: Mama Bear|Facade|p1a: 勘九螂
|-resisted|p1a: 勘九螂
|-damage|p1a: 勘九螂|0 fnt
|faint|p1a: 勘九螂
|
|-weather|none
|-damage|p2a: Mama Bear|30/100 brn|[from] brn
|upkeep
|
|t:|1758278959
|switch|p1a: 大嘴丸|Pelipper, F|100/100
|-weather|RainDance|[from] ability: Drizzle|[of] p1a: 大嘴丸
|turn|9
|
|t:|1758278965
|move|p1a: 大嘴丸|Surf|p2a: Mama Bear
|-supereffective|p2a: Mama Bear
|-damage|p2a: Mama Bear|0 fnt
|faint|p2a: Mama Bear
|
|-weather|RainDance|[upkeep]
|upkeep
|
|t:|1758278969
|switch|p2a: Sol|Torkoal, M|100/100
|-weather|SunnyDay|[from] ability: Drought|[of] p2a: Sol
|turn|10
|
|t:|1758278980
|move|p1a: 大嘴丸|Surf|p2a: Sol
|-supereffective|p2a: Sol
|-damage|p2a: Sol|56/100
|move|p2a: Sol|Stealth Rock|p1a: 大嘴丸
|-sidestart|p1: mo007001|move: Stealth Rock
|
|-weather|SunnyDay|[upkeep]
|upkeep
|turn|11
|
|t:|1758278988
|move|p1a: 大嘴丸|Surf|p2a: Sol
|-supereffective|p2a: Sol
|-damage|p2a: Sol|13/100
|move|p2a: Sol|Giga Impact|p1a: 大嘴丸
|-crit|p1a: 大嘴丸
|-damage|p1a: 大嘴丸|55/100
|-mustrecharge|p2a: Sol
|
|-weather|SunnyDay|[upkeep]
|upkeep
|turn|12
|
|t:|1758278996
|move|p1a: 大嘴丸|Surf|p2a: Sol
|-supereffective|p2a: Sol
|-damage|p2a: Sol|0 fnt
|faint|p2a: Sol
|
|-weather|SunnyDay|[upkeep]
|upkeep
|
|t:|1758279000
|switch|p2a: Shinobi|Shiftry, M|100/100
|turn|13
|
|t:|1758279007
|switch|p1a: 日向宁刺|Kingdra, F|100/100
|-damage|p1a: 日向宁刺|88/100|[from] Stealth Rock
|-terastallize|p2a: Shinobi|Grass
|move|p2a: Shinobi|Solar Blade||[still]
|-prepare|p2a: Shinobi|Solar Blade
|-anim|p2a: Shinobi|Solar Blade|p1a: 日向宁刺
|-damage|p1a: 日向宁刺|0 fnt
|faint|p1a: 日向宁刺
|
|-weather|SunnyDay|[upkeep]
|upkeep
|
|t:|1758279022
|switch|p1a: 大嘴丸|Pelipper, F|55/100
|-damage|p1a: 大嘴丸|30/100|[from] Stealth Rock
|-weather|RainDance|[from] ability: Drizzle|[of] p1a: 大嘴丸
|turn|14
|
|t:|1758279038
|switch|p2a: Tollomot|Ninetales, M|100/100
|-weather|SunnyDay|[from] ability: Drought|[of] p2a: Tollomot
|move|p1a: 大嘴丸|U-turn|p2a: Tollomot
|-resisted|p2a: Tollomot
|-damage|p2a: Tollomot|95/100
|
|t:|1758279047
|switch|p1a: 阿斯玛|Azumarill, F|100/100|[from] U-turn
|-damage|p1a: 阿斯玛|88/100|[from] Stealth Rock
|
|-weather|SunnyDay|[upkeep]
|upkeep
|turn|15
|
|t:|1758279062
|switch|p1a: 大嘴丸|Pelipper, F|30/100
|-damage|p1a: 大嘴丸|5/100|[from] Stealth Rock
|-weather|RainDance|[from] ability: Drizzle|[of] p1a: 大嘴丸
|move|p2a: Tollomot|Solar Beam||[still]
|-prepare|p2a: Tollomot|Solar Beam
|
|-weather|RainDance|[upkeep]
|upkeep
|turn|16
|
|t:|1758279072
|move|p2a: Tollomot|Solar Beam|p1a: 大嘴丸|[from] lockedmove
|-damage|p1a: 大嘴丸|0 fnt
|faint|p1a: 大嘴丸
|
|-weather|RainDance|[upkeep]
|upkeep
|
|t:|1758279080
|switch|p1a: 宇智波鼬|Floatzel, F|100/100
|-damage|p1a: 宇智波鼬|88/100|[from] Stealth Rock
|turn|17
|
|t:|1758279087
|switch|p2a: Charlie|Typhlosion, M|100/100
|move|p1a: 宇智波鼬|Wave Crash|p2a: Charlie
|-supereffective|p2a: Charlie
|-damage|p2a: Charlie|0 fnt
|faint|p2a: Charlie
|-damage|p1a: 宇智波鼬|57/100|[from] Recoil
|
|-weather|RainDance|[upkeep]
|upkeep
|
|t:|1758279092
|switch|p2a: Tollomot|Ninetales, M|95/100
|-heal|p2a: Tollomot|100/100|[from] move: Healing Wish
|-weather|SunnyDay|[from] ability: Drought|[of] p2a: Tollomot
|turn|18
|
|t:|1758279102
|-terastallize|p1a: 宇智波鼬|Water
|move|p1a: 宇智波鼬|Wave Crash|p2a: Tollomot
|-supereffective|p2a: Tollomot
|-damage|p2a: Tollomot|0 fnt
|faint|p2a: Tollomot
|-damage|p1a: 宇智波鼬|26/100|[from] Recoil
|
|-weather|SunnyDay|[upkeep]
|upkeep
|
|t:|1758279107
|switch|p2a: Shinobi|Shiftry, M, tera:Grass|100/100
|turn|19
|
|t:|1758279114
|move|p2a: Shinobi|Solar Blade||[still]
|-prepare|p2a: Shinobi|Solar Blade
|-anim|p2a: Shinobi|Solar Blade|p1a: 宇智波鼬
|-supereffective|p1a: 宇智波鼬
|-damage|p1a: 宇智波鼬|0 fnt
|faint|p1a: 宇智波鼬
|
|-weather|SunnyDay|[upkeep]
|upkeep
|
|t:|1758279123
|switch|p1a: 阿斯玛|Azumarill, F|88/100
|-damage|p1a: 阿斯玛|76/100|[from] Stealth Rock
|turn|20
|
|t:|1758279137
|move|p1a: 阿斯玛|Aqua Jet|p2a: Shinobi
|-resisted|p2a: Shinobi
|-crit|p2a: Shinobi
|-damage|p2a: Shinobi|86/100
|move|p2a: Shinobi|Solar Blade||[still]
|-prepare|p2a: Shinobi|Solar Blade
|-anim|p2a: Shinobi|Solar Blade|p1a: 阿斯玛
|-supereffective|p1a: 阿斯玛
|-damage|p1a: 阿斯玛|0 fnt
|faint|p1a: 阿斯玛
|-heal|p2a: Shinobi|96/100|[from] item: Shell Bell|[of] p1: 阿斯玛
|
|win|beentheredonepat
|raw|mo007001's rating: 1137 &rarr; <strong>1109</strong><br />(-28 for losing)
|raw|beentheredonepat's rating: 1090 &rarr; <strong>1120</strong><br />(+30 for winning)
|l|☆mo007001
|player|p1|
|l|☆beentheredonepat
|player|p2|
