|j|☆pantalonescondidos
|j|☆edras16
|t:|1758309487
|gametype|singles
|player|p1|pantalonescondidos|169|1511
|player|p2|edras16|265|1514
|gen|9
|tier|[Gen 9] OU
|rated|
|rule|HP Percentage Mod: HP is shown in percentages
|rule|Endless Battle Clause: Forcing endless battles is banned
|rule|Species Clause: Limit one of each Pokémon
|rule|OHKO Clause: OHKO moves are banned
|rule|Evasion Items Clause: Evasion items are banned
|rule|Evasion Moves Clause: Evasion moves are banned
|rule|Evasion Abilities Clause: Evasion abilities are banned
|rule|Sleep Moves Clause: Sleep-inducing moves are banned
|clearpoke
|poke|p1|Sylveon, F|
|poke|p1|Slowking-Galar, M|
|poke|p1|Toxapex, F|
|poke|p1|Great Tusk|
|poke|p1|Kingambit, F|
|poke|p1|Rotom-Heat|
|poke|p2|Ceruledge, M|
|poke|p2|Dragapult, F|
|poke|p2|Iron Valiant|
|poke|p2|Samurott-Hisui, M|
|poke|p2|Scizor, M|
|poke|p2|Iron Treads|
|teampreview
|inactive|Battle timer is ON: inactive players will automatically lose when time's up. (requested by pantalonescondidos)
|
|t:|1758309502
|teamsize|p1|6
|teamsize|p2|6
|start
|switch|p1a: Rotom|Rotom-Heat, shiny|100/100
|switch|p2a: Ceruledge|Ceruledge, M|100/100
|turn|1
|
|t:|1758309506
|move|p1a: Rotom|Trick|p2a: Ceruledge
|-activate|p1a: Rotom|move: Trick|[of] p2a: Ceruledge
|-item|p2a: Ceruledge|Choice Scarf|[from] move: Trick
|-item|p1a: Rotom|Choice Band|[from] move: Trick
|move|p2a: Ceruledge|Poltergeist|p1a: Rotom
|-activate|p1a: Rotom|move: Poltergeist|Choice Band
|-damage|p1a: Rotom|34/100
|
|upkeep
|turn|2
|
|t:|1758309513
|switch|p1a: Toxapex|Toxapex, F|100/100
|move|p2a: Ceruledge|Poltergeist|p1a: Toxapex
|-activate|p1a: Toxapex|move: Poltergeist|Rocky Helmet
|-damage|p1a: Toxapex|67/100
|
|upkeep
|turn|3
|
|t:|1758309517
|switch|p2a: Iron Treads|Iron Treads|100/100
|move|p1a: Toxapex|Baneful Bunker||[still]
|-fail|p1a: Toxapex
|
|upkeep
|turn|4
|
|t:|1758309523
|switch|p1a: Great Tusk|Great Tusk|100/100
|move|p2a: Iron Treads|Knock Off|p1a: Great Tusk
|-resisted|p1a: Great Tusk
|-damage|p1a: Great Tusk|84/100
|-enditem|p1a: Great Tusk|Heavy-Duty Boots|[from] move: Knock Off|[of] p2a: Iron Treads
|
|upkeep
|turn|5
|
|t:|1758309529
|-end|p2a: Iron Treads|Quark Drive|[silent]
|switch|p2a: Dragapult|Dragapult, F|100/100
|move|p1a: Great Tusk|Headlong Rush|p2a: Dragapult
|-damage|p2a: Dragapult|18/100
|-unboost|p1a: Great Tusk|def|1
|-unboost|p1a: Great Tusk|spd|1
|
|upkeep
|turn|6
|
|t:|1758309536
|-end|p1a: Great Tusk|Protosynthesis|[silent]
|switch|p1a: Sylveon|Sylveon, F, shiny|100/100
|move|p2a: Dragapult|U-turn|p1a: Sylveon
|-resisted|p1a: Sylveon
|-damage|p1a: Sylveon|80/100
|
|t:|1758309546
|switch|p2a: Scizor|Scizor, M|100/100|[from] U-turn
|
|-heal|p1a: Sylveon|87/100|[from] item: Leftovers
|upkeep
|turn|7
|
|t:|1758309550
|switch|p1a: Toxapex|Toxapex, F|99/100
|move|p2a: Scizor|U-turn|p1a: Toxapex
|-resisted|p1a: Toxapex
|-damage|p1a: Toxapex|82/100
|-damage|p2a: Scizor|84/100|[from] item: Rocky Helmet|[of] p1a: Toxapex
|
|t:|1758309557
|switch|p2a: Iron Treads|Iron Treads|100/100|[from] U-turn
|
|upkeep
|turn|8
|
|t:|1758309561
|switch|p1a: Great Tusk|Great Tusk|84/100
|move|p2a: Iron Treads|Earthquake|p1a: Great Tusk
|-damage|p1a: Great Tusk|34/100
|
|upkeep
|turn|9
|
|t:|1758309569
|-end|p2a: Iron Treads|Quark Drive|[silent]
|switch|p2a: Samurott|Samurott-Hisui, M|100/100
|move|p1a: Great Tusk|Headlong Rush|p2a: Samurott
|-damage|p2a: Samurott|14/100
|-unboost|p1a: Great Tusk|def|1
|-unboost|p1a: Great Tusk|spd|1
|
|upkeep
|turn|10
|
|t:|1758309575
|-end|p1a: Great Tusk|Protosynthesis|[silent]
|switch|p1a: Toxapex|Toxapex, F|100/100
|move|p2a: Samurott|Razor Shell|p1a: Toxapex|[miss]
|-miss|p2a: Samurott|p1a: Toxapex
|
|upkeep
|turn|11
|
|t:|1758309583
|switch|p2a: Dragapult|Dragapult, F|18/100
|move|p1a: Toxapex|Surf|p2a: Dragapult
|-resisted|p2a: Dragapult
|-damage|p2a: Dragapult|5/100
|
|upkeep
|turn|12
|
|t:|1758309586
|move|p1a: Toxapex|Baneful Bunker|p1a: Toxapex
|-singleturn|p1a: Toxapex|move: Protect
|move|p2a: Dragapult|Dragon Darts|p1a: Toxapex
|-activate|p1a: Toxapex|move: Protect
|
|upkeep
|turn|13
|
|t:|1758309591
|switch|p1a: Sylveon|Sylveon, F, shiny|87/100
|move|p2a: Dragapult|Dragon Darts|p1a: Sylveon
|-immune|p1a: Sylveon
|
|-heal|p1a: Sylveon|93/100|[from] item: Leftovers
|upkeep
|turn|14
|
|t:|1758309594
|switch|p2a: Scizor|Scizor, M|84/100
|move|p1a: Sylveon|Wish|p1a: Sylveon
|
|-heal|p1a: Sylveon|99/100|[from] item: Leftovers
|upkeep
|turn|15
|
|t:|1758309598
|switch|p1a: Toxapex|Toxapex, F|100/100
|move|p2a: Scizor|Bullet Punch|p1a: Toxapex
|-resisted|p1a: Toxapex
|-damage|p1a: Toxapex|85/100
|-damage|p2a: Scizor|67/100|[from] item: Rocky Helmet|[of] p1a: Toxapex
|
|-heal|p1a: Toxapex|100/100|[from] move: Wish|[wisher] Sylveon
|upkeep
|turn|16
|
|t:|1758309604
|switch|p2a: Iron Treads|Iron Treads|100/100
|move|p1a: Toxapex|Surf|p2a: Iron Treads
|-supereffective|p2a: Iron Treads
|-damage|p2a: Iron Treads|44/100
|
|upkeep
|turn|17
|
|t:|1758309611
|move|p2a: Iron Treads|Earthquake|p1a: Toxapex
|-supereffective|p1a: Toxapex
|-damage|p1a: Toxapex|18/100
|move|p1a: Toxapex|Surf|p2a: Iron Treads
|-supereffective|p2a: Iron Treads
|-crit|p2a: Iron Treads
|-damage|p2a: Iron Treads|0 fnt
|faint|p2a: Iron Treads
|-end|p2a: Iron Treads|Quark Drive|[silent]
|
|upkeep
|
|t:|1758309614
|switch|p2a: Samurott|Samurott-Hisui, M|14/100
|turn|18
|
|t:|1758309618
|move|p1a: Toxapex|Baneful Bunker|p1a: Toxapex
|-singleturn|p1a: Toxapex|move: Protect
|move|p2a: Samurott|Razor Shell|p1a: Toxapex
|-activate|p1a: Toxapex|move: Protect
|-status|p2a: Samurott|psn
|
|-damage|p2a: Samurott|2/100 psn|[from] psn
|upkeep
|turn|19
|
|t:|1758309623
|switch|p1a: Kingambit|Kingambit, F|100/100
|move|p2a: Samurott|Razor Shell|p1a: Kingambit|[miss]
|-miss|p2a: Samurott|p1a: Kingambit
|
|-damage|p2a: Samurott|0 fnt|[from] psn
|faint|p2a: Samurott
|upkeep
|
|t:|1758309635
|switch|p2a: Scizor|Scizor, M|67/100
|turn|20
|
|t:|1758309639
|-end|p1a: Kingambit|fallenundefined|[silent]
|switch|p1a: Toxapex|Toxapex, F|51/100
|move|p2a: Scizor|U-turn|p1a: Toxapex
|-resisted|p1a: Toxapex
|-damage|p1a: Toxapex|33/100
|-damage|p2a: Scizor|51/100|[from] item: Rocky Helmet|[of] p1a: Toxapex
|
|t:|1758309648
|switch|p2a: Iron Valiant|Iron Valiant|100/100|[from] U-turn
|
|upkeep
|turn|21
|
|t:|1758309651
|switch|p1a: Sylveon|Sylveon, F, shiny|99/100
|move|p2a: Iron Valiant|Zen Headbutt|p1a: Sylveon|[miss]
|-miss|p2a: Iron Valiant|p1a: Sylveon
|
|-heal|p1a: Sylveon|100/100|[from] item: Leftovers
|upkeep
|turn|22
|
|t:|1758309657
|-end|p2a: Iron Valiant|Quark Drive|[silent]
|switch|p2a: Scizor|Scizor, M|51/100
|move|p1a: Sylveon|Hyper Voice|p2a: Scizor
|-resisted|p2a: Scizor
|-damage|p2a: Scizor|26/100
|
|upkeep
|turn|23
|
|t:|1758309667
|switch|p2a: Iron Valiant|Iron Valiant|100/100
|move|p1a: Sylveon|Protect||[still]
|-fail|p1a: Sylveon
|
|upkeep
|turn|24
|
|t:|1758309671
|-terastallize|p2a: Iron Valiant|Fairy
|move|p1a: Sylveon|Protect|p1a: Sylveon
|-singleturn|p1a: Sylveon|Protect
|move|p2a: Iron Valiant|Spirit Break|p1a: Sylveon
|-activate|p1a: Sylveon|move: Protect
|
|upkeep
|turn|25
|
|t:|1758309677
|switch|p1a: Slowking|Slowking-Galar, M, shiny|100/100
|move|p2a: Iron Valiant|Spirit Break|p1a: Slowking
|-resisted|p1a: Slowking
|-damage|p1a: Slowking|59/100
|-unboost|p1a: Slowking|spa|1
|
|upkeep
|turn|26
|
|t:|1758309682
|-end|p2a: Iron Valiant|Quark Drive|[silent]
|switch|p2a: Ceruledge|Ceruledge, M|100/100
|move|p1a: Slowking|Sludge Bomb|p2a: Ceruledge
|-resisted|p2a: Ceruledge
|-damage|p2a: Ceruledge|87/100
|
|upkeep
|turn|27
|
|t:|1758309690
|switch|p1a: Toxapex|Toxapex, F|67/100
|move|p2a: Ceruledge|Poltergeist|p1a: Toxapex
|-activate|p1a: Toxapex|move: Poltergeist|Rocky Helmet
|-damage|p1a: Toxapex|36/100
|
|upkeep
|turn|28
|
|t:|1758309695
|move|p1a: Toxapex|Baneful Bunker|p1a: Toxapex
|-singleturn|p1a: Toxapex|move: Protect
|move|p2a: Ceruledge|Poltergeist|p1a: Toxapex
|-activate|p1a: Toxapex|move: Protect
|
|upkeep
|turn|29
|
|t:|1758309697
|switch|p2a: Iron Valiant|Iron Valiant, tera:Fairy|100/100
|switch|p1a: Kingambit|Kingambit, F|100/100
|
|upkeep
|turn|30
|
|t:|1758309701
|-end|p1a: Kingambit|fallenundefined|[silent]
|switch|p1a: Toxapex|Toxapex, F|69/100
|move|p2a: Iron Valiant|Close Combat|p1a: Toxapex
|-resisted|p1a: Toxapex
|-damage|p1a: Toxapex|41/100
|-unboost|p2a: Iron Valiant|def|1
|-unboost|p2a: Iron Valiant|spd|1
|-damage|p2a: Iron Valiant|84/100|[from] item: Rocky Helmet|[of] p1a: Toxapex
|
|upkeep
|turn|31
|
|t:|1758309706
|-end|p2a: Iron Valiant|Quark Drive|[silent]
|switch|p2a: Ceruledge|Ceruledge, M|87/100
|move|p1a: Toxapex|Recover|p1a: Toxapex
|-heal|p1a: Toxapex|91/100
|
|upkeep
|turn|32
|
|t:|1758309709
|move|p2a: Ceruledge|Poltergeist|p1a: Toxapex
|-activate|p1a: Toxapex|move: Poltergeist|Rocky Helmet
|-damage|p1a: Toxapex|55/100
|move|p1a: Toxapex|Toxic|p2a: Ceruledge
|-status|p2a: Ceruledge|tox
|
|-damage|p2a: Ceruledge|81/100 tox|[from] psn
|upkeep
|turn|33
|
|t:|1758309714
|move|p1a: Toxapex|Baneful Bunker|p1a: Toxapex
|-singleturn|p1a: Toxapex|move: Protect
|move|p2a: Ceruledge|Poltergeist|p1a: Toxapex
|-activate|p1a: Toxapex|move: Protect
|
|-damage|p2a: Ceruledge|69/100 tox|[from] psn
|upkeep
|turn|34
|
|t:|1758309716
|move|p2a: Ceruledge|Poltergeist|p1a: Toxapex
|-activate|p1a: Toxapex|move: Poltergeist|Rocky Helmet
|-damage|p1a: Toxapex|24/100
|move|p1a: Toxapex|Recover|p1a: Toxapex
|-heal|p1a: Toxapex|74/100
|
|-damage|p2a: Ceruledge|50/100 tox|[from] psn
|upkeep
|turn|35
|
|t:|1758309718
|move|p1a: Toxapex|Baneful Bunker|p1a: Toxapex
|-singleturn|p1a: Toxapex|move: Protect
|move|p2a: Ceruledge|Poltergeist|p1a: Toxapex
|-activate|p1a: Toxapex|move: Protect
|
|-damage|p2a: Ceruledge|26/100 tox|[from] psn
|upkeep
|turn|36
|
|t:|1758309721
|-activate|p2a: Ceruledge|move: Struggle
|move|p2a: Ceruledge|Struggle|p1a: Toxapex
|-damage|p1a: Toxapex|63/100
|-damage|p2a: Ceruledge|9/100 tox|[from] item: Rocky Helmet|[of] p1a: Toxapex
|-damage|p2a: Ceruledge|0 fnt|[from] recoil
|faint|p2a: Ceruledge
|move|p1a: Toxapex|Surf|p2: Ceruledge|[notarget]
|-fail|p1a: Toxapex
|
|upkeep
|
|t:|1758309726
|switch|p2a: Dragapult|Dragapult, F|5/100
|turn|37
|
|t:|1758309729
|move|p1a: Toxapex|Baneful Bunker|p1a: Toxapex
|-singleturn|p1a: Toxapex|move: Protect
|move|p2a: Dragapult|Phantom Force||[still]
|-prepare|p2a: Dragapult|Phantom Force
|
|upkeep
|turn|38
|
|t:|1758309734
|switch|p1a: Kingambit|Kingambit, F|100/100
|move|p2a: Dragapult|Phantom Force|p1a: Kingambit|[from] lockedmove
|-resisted|p1a: Kingambit
|-damage|p1a: Kingambit|74/100
|
|upkeep
|turn|39
|
|t:|1758309736
|switch|p2a: Scizor|Scizor, M|26/100
|move|p1a: Kingambit|Kowtow Cleave|p2a: Scizor
|-damage|p2a: Scizor|0 fnt
|faint|p2a: Scizor
|
|upkeep
|
|t:|1758309739
|switch|p2a: Iron Valiant|Iron Valiant, tera:Fairy|84/100
|turn|40
|c|☆pantalonescondidos|Toxapex solos ;D
|
|t:|1758309748
|-end|p1a: Kingambit|fallenundefined|[silent]
|switch|p1a: Toxapex|Toxapex, F|97/100
|move|p2a: Iron Valiant|Zen Headbutt|p1a: Toxapex
|-supereffective|p1a: Toxapex
|-damage|p1a: Toxapex|45/100
|-damage|p2a: Iron Valiant|67/100|[from] item: Rocky Helmet|[of] p1a: Toxapex
|
|upkeep
|turn|41
|c|☆edras16|yeah when your opponent has 6 bands
|
|t:|1758309764
|move|p1a: Toxapex|Baneful Bunker|p1a: Toxapex
|-singleturn|p1a: Toxapex|move: Protect
|move|p2a: Iron Valiant|Zen Headbutt|p1a: Toxapex
|-activate|p1a: Toxapex|move: Protect
|-status|p2a: Iron Valiant|psn
|
|-damage|p2a: Iron Valiant|55/100 psn|[from] psn
|upkeep
|turn|42
|c|☆pantalonescondidos|Thats what i said
|c|☆pantalonescondidos|Lol
|
|t:|1758309783
|-end|p2a: Iron Valiant|Quark Drive|[silent]
|switch|p2a: Dragapult|Dragapult, F|5/100
|switch|p1a: Kingambit|Kingambit, F|74/100
|
|upkeep
|turn|43
|c|☆edras16|a Weedle with protect could solo this team
|
|t:|1758309793
|move|p1a: Kingambit|Sucker Punch|p2a: Dragapult
|-supereffective|p2a: Dragapult
|-damage|p2a: Dragapult|0 fnt
|faint|p2a: Dragapult
|
|upkeep
|
|t:|1758309795
|switch|p2a: Iron Valiant|Iron Valiant, tera:Fairy|55/100 psn
|turn|44
|c|☆pantalonescondidos|Nah
|c|☆pantalonescondidos|A tox can
|
|t:|1758309810
|-end|p1a: Kingambit|fallenundefined|[silent]
|switch|p1a: Slowking|Slowking-Galar, M, shiny|92/100
|move|p2a: Iron Valiant|Spirit Break|p1a: Slowking
|-resisted|p1a: Slowking
|-damage|p1a: Slowking|52/100
|-unboost|p1a: Slowking|spa|1
|
|-damage|p2a: Iron Valiant|42/100 psn|[from] psn
|upkeep
|turn|45
|
|t:|1758309813
|switch|p1a: Toxapex|Toxapex, F|78/100
|move|p2a: Iron Valiant|Spirit Break|p1a: Toxapex
|-resisted|p1a: Toxapex
|-damage|p1a: Toxapex|55/100
|-unboost|p1a: Toxapex|spa|1
|-damage|p2a: Iron Valiant|26/100 psn|[from] item: Rocky Helmet|[of] p1a: Toxapex
|
|-damage|p2a: Iron Valiant|13/100 psn|[from] psn
|upkeep
|turn|46
|
|t:|1758309818
|move|p2a: Iron Valiant|Spirit Break|p1a: Toxapex
|-resisted|p1a: Toxapex
|-damage|p1a: Toxapex|30/100
|-unboost|p1a: Toxapex|spa|1
|-damage|p2a: Iron Valiant|0 fnt|[from] item: Rocky Helmet|[of] p1a: Toxapex
|faint|p2a: Iron Valiant
|-end|p2a: Iron Valiant|Quark Drive|[silent]
|
|win|pantalonescondidos
|raw|pantalonescondidos's rating: 1511 &rarr; <strong>1531</strong><br />(+20 for winning)
|raw|edras16's rating: 1514 &rarr; <strong>1494</strong><br />(-20 for losing)
|l|☆edras16
|player|p2|
|l|☆pantalonescondidos
|player|p1|
