|j|☆huida
|j|☆ouku bakuza
|t:|1758262288
|gametype|singles
|player|p1|huida|2|1575
|player|p2|ouku bakuza|266|1519
|gen|9
|tier|[Gen 9] OU
|rated|
|rule|HP Percentage Mod: HP is shown in percentages
|rule|Endless Battle Clause: Forcing endless battles is banned
|rule|Species Clause: Limit one of each Pokémon
|rule|OHKO Clause: OHKO moves are banned
|rule|Evasion Items Clause: Evasion items are banned
|rule|Evasion Moves Clause: Evasion moves are banned
|rule|Evasion Abilities Clause: Evasion abilities are banned
|rule|Sleep Moves Clause: Sleep-inducing moves are banned
|clearpoke
|poke|p1|Darkrai|
|poke|p1|Slowking-Galar, F|
|poke|p1|Gliscor, F|
|poke|p1|Dragapult, F|
|poke|p1|Ogerpon-Wellspring, F|
|poke|p1|Cinderace, M|
|poke|p2|Great Tusk|
|poke|p2|Dragonite, F|
|poke|p2|Gholdengo|
|poke|p2|Iron Treads|
|poke|p2|Rotom-Wash|
|poke|p2|Iron Valiant|
|teampreview
|inactive|Battle timer is ON: inactive players will automatically lose when time's up. (requested by ouku bakuza)
|j| Rocksane
|
|t:|1758262307
|teamsize|p1|6
|teamsize|p2|6
|start
|switch|p1a: Gliscor|Gliscor, F|100/100
|switch|p2a: Rotom|Rotom-Wash|100/100
|turn|1
|
|t:|1758262315
|switch|p2a: good horns|Great Tusk|100/100
|-enditem|p2a: good horns|Booster Energy
|-activate|p2a: good horns|ability: Protosynthesis|[fromitem]
|-start|p2a: good horns|protosynthesisatk
|move|p1a: Gliscor|Protect||[still]
|-fail|p1a: Gliscor
|
|-status|p1a: Gliscor|tox|[from] item: Toxic Orb
|upkeep
|turn|2
|
|t:|1758262328
|move|p2a: good horns|Ice Spinner|p1a: Gliscor
|-supereffective|p1a: Gliscor
|-damage|p1a: Gliscor|8/100 tox
|move|p1a: Gliscor|Toxic|p2a: good horns
|-status|p2a: good horns|tox
|
|-damage|p2a: good horns|94/100 tox|[from] psn
|-heal|p1a: Gliscor|21/100 tox|[from] ability: Poison Heal
|upkeep
|turn|3
|
|t:|1758262342
|move|p1a: Gliscor|Protect|p1a: Gliscor
|-singleturn|p1a: Gliscor|Protect
|move|p2a: good horns|Ice Spinner|p1a: Gliscor
|-activate|p1a: Gliscor|move: Protect
|
|-damage|p2a: good horns|82/100 tox|[from] psn
|-heal|p1a: Gliscor|33/100 tox|[from] ability: Poison Heal
|upkeep
|turn|4
|
|t:|1758262350
|switch|p1a: Cinderace|Cinderace, M|100/100
|move|p2a: good horns|Rapid Spin|p1a: Cinderace
|-damage|p1a: Cinderace|66/100
|-boost|p2a: good horns|spe|1
|
|-damage|p2a: good horns|63/100 tox|[from] psn
|upkeep
|turn|5
|
|t:|1758262360
|switch|p1a: Gliscor|Gliscor, F|33/100 tox
|move|p2a: good horns|Close Combat|p1a: Gliscor
|-resisted|p1a: Gliscor
|-damage|p1a: Gliscor|8/100 tox
|-unboost|p2a: good horns|def|1
|-unboost|p2a: good horns|spd|1
|
|-damage|p2a: good horns|39/100 tox|[from] psn
|-heal|p1a: Gliscor|20/100 tox|[from] ability: Poison Heal
|upkeep
|turn|6
|
|t:|1758262370
|move|p1a: Gliscor|Protect|p1a: Gliscor
|-singleturn|p1a: Gliscor|Protect
|move|p2a: good horns|Ice Spinner|p1a: Gliscor
|-activate|p1a: Gliscor|move: Protect
|
|-damage|p2a: good horns|8/100 tox|[from] psn
|-heal|p1a: Gliscor|33/100 tox|[from] ability: Poison Heal
|upkeep
|turn|7
|
|t:|1758262379
|switch|p1a: Cinderace|Cinderace, M|66/100
|move|p2a: good horns|Ice Spinner|p1a: Cinderace
|-resisted|p1a: Cinderace
|-damage|p1a: Cinderace|39/100
|
|-damage|p2a: good horns|0 fnt|[from] psn
|faint|p2a: good horns
|-end|p2a: good horns|Protosynthesis|[silent]
|upkeep
|
|t:|1758262395
|switch|p2a: Iron Valiant|Iron Valiant|100/100
|-enditem|p2a: Iron Valiant|Booster Energy
|-activate|p2a: Iron Valiant|ability: Quark Drive|[fromitem]
|-start|p2a: Iron Valiant|quarkdrivespe
|turn|8
|
|t:|1758262405
|switch|p1a: Slowking|Slowking-Galar, F|100/100
|move|p2a: Iron Valiant|Knock Off|p1a: Slowking
|-supereffective|p1a: Slowking
|-damage|p1a: Slowking|35/100
|-enditem|p1a: Slowking|Heavy-Duty Boots|[from] move: Knock Off|[of] p2a: Iron Valiant
|
|upkeep
|turn|9
|
|t:|1758262415
|switch|p1a: Cinderace|Cinderace, M|39/100
|move|p2a: Iron Valiant|Knock Off|p1a: Cinderace
|-damage|p1a: Cinderace|0 fnt
|-enditem|p1a: Cinderace|Heavy-Duty Boots|[from] move: Knock Off|[of] p2a: Iron Valiant
|faint|p1a: Cinderace
|
|upkeep
|
|t:|1758262422
|switch|p1a: Slowking|Slowking-Galar, F|68/100
|turn|10
|
|t:|1758262428
|move|p2a: Iron Valiant|Knock Off|p1a: Slowking
|-supereffective|p1a: Slowking
|-damage|p1a: Slowking|22/100
|move|p1a: Slowking|Thunder Wave|p2a: Iron Valiant
|-status|p2a: Iron Valiant|par
|
|upkeep
|turn|11
|
|t:|1758262441
|switch|p1a: Gliscor|Gliscor, F|33/100 tox
|cant|p2a: Iron Valiant|par
|
|-heal|p1a: Gliscor|45/100 tox|[from] ability: Poison Heal
|upkeep
|turn|12
|
|t:|1758262449
|move|p1a: Gliscor|Protect|p1a: Gliscor
|-singleturn|p1a: Gliscor|Protect
|move|p2a: Iron Valiant|Ice Punch|p1a: Gliscor
|-activate|p1a: Gliscor|move: Protect
|
|-heal|p1a: Gliscor|58/100 tox|[from] ability: Poison Heal
|upkeep
|turn|13
|
|t:|1758262459
|switch|p1a: Slowking|Slowking-Galar, F|55/100
|move|p2a: Iron Valiant|Ice Punch|p1a: Slowking
|-damage|p1a: Slowking|29/100
|
|upkeep
|turn|14
|
|t:|1758262474
|switch|p1a: Gliscor|Gliscor, F|58/100 tox
|move|p2a: Iron Valiant|Knock Off|p1a: Gliscor
|-damage|p1a: Gliscor|37/100 tox
|-enditem|p1a: Gliscor|Toxic Orb|[from] move: Knock Off|[of] p2a: Iron Valiant
|
|-heal|p1a: Gliscor|50/100 tox|[from] ability: Poison Heal
|upkeep
|turn|15
|
|t:|1758262482
|move|p1a: Gliscor|Protect|p1a: Gliscor
|-singleturn|p1a: Gliscor|Protect
|cant|p2a: Iron Valiant|par
|
|-heal|p1a: Gliscor|62/100 tox|[from] ability: Poison Heal
|upkeep
|turn|16
|
|t:|1758262489
|move|p1a: Gliscor|Protect||[still]
|-fail|p1a: Gliscor
|move|p2a: Iron Valiant|Ice Punch|p1a: Gliscor
|-supereffective|p1a: Gliscor
|-damage|p1a: Gliscor|4/100 tox
|
|-heal|p1a: Gliscor|17/100 tox|[from] ability: Poison Heal
|upkeep
|turn|17
|
|t:|1758262497
|move|p1a: Gliscor|Protect|p1a: Gliscor
|-singleturn|p1a: Gliscor|Protect
|cant|p2a: Iron Valiant|par
|
|-heal|p1a: Gliscor|29/100 tox|[from] ability: Poison Heal
|upkeep
|turn|18
|inactive|huida has 120 seconds left.
|
|t:|1758262543
|switch|p1a: Slowking|Slowking-Galar, F|63/100
|move|p2a: Iron Valiant|Ice Punch|p1a: Slowking
|-damage|p1a: Slowking|38/100
|
|upkeep
|turn|19
|j| Ctannn
|
|t:|1758262550
|cant|p2a: Iron Valiant|par
|move|p1a: Slowking|Sludge Bomb|p2a: Iron Valiant
|-supereffective|p2a: Iron Valiant
|-damage|p2a: Iron Valiant|0 fnt
|faint|p2a: Iron Valiant
|-end|p2a: Iron Valiant|Quark Drive|[silent]
|
|upkeep
|l| Ctannn
|
|t:|1758262558
|switch|p2a: Iron Treads|Iron Treads|100/100
|-enditem|p2a: Iron Treads|Booster Energy
|-activate|p2a: Iron Treads|ability: Quark Drive|[fromitem]
|-start|p2a: Iron Treads|quarkdrivespe
|turn|20
|inactive|huida has 120 seconds left.
|
|t:|1758262570
|switch|p1a: Gliscor|Gliscor, F|29/100 tox
|move|p2a: Iron Treads|Stealth Rock|p1a: Gliscor
|-sidestart|p1: huida|move: Stealth Rock
|
|-heal|p1a: Gliscor|42/100 tox|[from] ability: Poison Heal
|upkeep
|turn|21
|j| wgw2333
|inactive|huida has 120 seconds left.
|
|t:|1758262581
|-terastallize|p1a: Gliscor|Fairy
|move|p2a: Iron Treads|Iron Head|p1a: Gliscor
|-supereffective|p1a: Gliscor
|-damage|p1a: Gliscor|0 fnt
|faint|p1a: Gliscor
|
|upkeep
|inactive|huida has 120 seconds left.
|
|t:|1758262589
|switch|p1a: Ogerpon|Ogerpon-Wellspring, F|100/100
|-damage|p1a: Ogerpon|88/100|[from] Stealth Rock
|turn|22
|
|t:|1758262595
|move|p2a: Iron Treads|Iron Head|p1a: Ogerpon
|-resisted|p1a: Ogerpon
|-damage|p1a: Ogerpon|67/100
|move|p1a: Ogerpon|Ivy Cudgel|p2a: Iron Treads|[anim] Ivy Cudgel Water
|-supereffective|p2a: Iron Treads
|-damage|p2a: Iron Treads|0 fnt
|faint|p2a: Iron Treads
|-end|p2a: Iron Treads|Quark Drive|[silent]
|
|upkeep
|l|☆ouku bakuza
|inactive|ouku bakuza disconnected and has a minute to reconnect!
|player|p2|
|j|☆ouku bakuza
|inactive|ouku bakuza reconnected and has 115 seconds left.
|player|p2|ouku bakuza|266|
|l| Rocksane
|j| Rocksane
|l| Rocksane
|
|t:|1758262643
|switch|p2a: Dragonite|Dragonite, F|100/100
|turn|23
|inactive|huida has 120 seconds left.
|
|t:|1758262673
|switch|p1a: Slowking|Slowking-Galar, F|71/100
|-damage|p1a: Slowking|59/100|[from] Stealth Rock
|move|p2a: Dragonite|Dragon Dance|p2a: Dragonite
|-boost|p2a: Dragonite|atk|1
|-boost|p2a: Dragonite|spe|1
|
|upkeep
|turn|24
|
|t:|1758262681
|move|p2a: Dragonite|Dragon Claw|p1a: Slowking
|-damage|p1a: Slowking|0 fnt
|faint|p1a: Slowking
|
|upkeep
|inactive|huida has 120 seconds left.
|
|t:|1758262700
|switch|p1a: Dragapult|Dragapult, F|100/100
|-damage|p1a: Dragapult|88/100|[from] Stealth Rock
|turn|25
|
|t:|1758262709
|-terastallize|p2a: Dragonite|Fire
|move|p1a: Dragapult|Draco Meteor|p2a: Dragonite
|-damage|p2a: Dragonite|60/100
|-unboost|p1a: Dragapult|spa|2
|move|p2a: Dragonite|Dragon Dance|p2a: Dragonite
|-boost|p2a: Dragonite|atk|1
|-boost|p2a: Dragonite|spe|1
|
|-heal|p2a: Dragonite|66/100|[from] item: Leftovers
|upkeep
|turn|26
|-message|huida forfeited.
|
|win|ouku bakuza
|raw|huida's rating: 1575 &rarr; <strong>1552</strong><br />(-23 for losing)
|raw|ouku bakuza's rating: 1519 &rarr; <strong>1542</strong><br />(+23 for winning)
|l|☆huida
|player|p1|
