|j|☆iivvv
|j|☆I am a chinese.
|t:|1758367361
|gametype|singles
|player|p1|iivvv|clerk|
|player|p2|I am a chinese.|maid|
|gen|9
|tier|[Gen 9] OU
|rule|HP Percentage Mod: HP is shown in percentages
|rule|Endless Battle Clause: Forcing endless battles is banned
|rule|Species Clause: Limit one of each Pokémon
|rule|OHKO Clause: OHKO moves are banned
|rule|Evasion Items Clause: Evasion items are banned
|rule|Evasion Moves Clause: Evasion moves are banned
|rule|Evasion Abilities Clause: Evasion abilities are banned
|rule|Sleep Moves Clause: Sleep-inducing moves are banned
|clearpoke
|poke|p1|Zamazenta-*|
|poke|p1|Clodsire, F|
|poke|p1|Gholdengo|
|poke|p1|Kingambit, M|
|poke|p1|Talonflame, M|
|poke|p1|Ogerpon-Wellspring, F|
|poke|p2|Porygon-Z|
|poke|p2|Araquanid, M|
|poke|p2|Lokix, M|
|poke|p2|Skeledirge, F|
|poke|p2|Ogerpon-Wellspring, F|
|poke|p2|Dragapult, M|
|teampreview
|
|t:|1758367376
|teamsize|p1|6
|teamsize|p2|6
|start
|switch|p1a: Talonflame|Talonflame, M|100/100
|switch|p2a: Lokix|Lokix, M|100/100
|turn|1
|
|t:|1758367398
|switch|p2a: Skeledirge|Skeledirge, F|100/100
|move|p1a: Talonflame|U-turn|p2a: Skeledirge
|-resisted|p2a: Skeledirge
|-damage|p2a: Skeledirge|98/100
|
|t:|1758367408
|switch|p1a: Ogerpon|Ogerpon-Wellspring, F|100/100|[from] U-turn
|
|upkeep
|turn|2
|
|t:|1758367417
|move|p1a: Ogerpon|Ivy Cudgel|p2a: Skeledirge|[anim] Ivy Cudgel Water
|-supereffective|p2a: Skeledirge
|-damage|p2a: Skeledirge|8/100
|move|p2a: Skeledirge|Will-O-Wisp|p1a: Ogerpon
|-status|p1a: Ogerpon|brn
|
|-damage|p1a: Ogerpon|95/100 brn|[from] brn
|upkeep
|turn|3
|
|t:|1758367424
|switch|p2a: Araquanid|Araquanid, M|100/100
|move|p1a: Ogerpon|Ivy Cudgel|p2a: Araquanid|[anim] Ivy Cudgel Water
|-resisted|p2a: Araquanid
|-damage|p2a: Araquanid|84/100
|
|-damage|p1a: Ogerpon|89/100 brn|[from] brn
|upkeep
|turn|4
|
|t:|1758367445
|switch|p1a: Talonflame|Talonflame, M|100/100
|move|p2a: Araquanid|Sticky Web|p1a: Talonflame
|-sidestart|p1: iivvv|move: Sticky Web
|
|upkeep
|turn|5
|
|t:|1758367452
|-terastallize|p2a: Araquanid|Water
|move|p1a: Talonflame|Defog|p2a: Araquanid
|-unboost|p2a: Araquanid|evasion|1
|-sideend|p1: iivvv|Sticky Web|[from] move: Defog|[of] p1a: Talonflame
|move|p2a: Araquanid|Liquidation|p1a: Talonflame
|-supereffective|p1a: Talonflame
|-damage|p1a: Talonflame|0 fnt
|faint|p1a: Talonflame
|
|upkeep
|
|t:|1758367473
|switch|p1a: Clodsire|Clodsire, F|100/100
|turn|6
|
|t:|1758367493
|switch|p2a: Skeledirge|Skeledirge, F|8/100
|move|p1a: Clodsire|Stealth Rock|p2a: Skeledirge
|-sidestart|p2: I am a chinese.|move: Stealth Rock
|
|upkeep
|turn|7
|
|t:|1758367501
|move|p2a: Skeledirge|Will-O-Wisp|p1a: Clodsire
|-status|p1a: Clodsire|brn
|move|p1a: Clodsire|Earthquake|p2a: Skeledirge
|-supereffective|p2a: Skeledirge
|-damage|p2a: Skeledirge|0 fnt
|faint|p2a: Skeledirge
|
|-damage|p1a: Clodsire|94/100 brn|[from] brn
|upkeep
|
|t:|1758367513
|switch|p2a: Dragapult|Dragapult, M|100/100
|-damage|p2a: Dragapult|88/100|[from] Stealth Rock
|turn|8
|
|t:|1758367516
|move|p2a: Dragapult|Substitute|p2a: Dragapult
|-start|p2a: Dragapult|Substitute
|-damage|p2a: Dragapult|63/100
|move|p1a: Clodsire|Toxic||[still]
|-fail|p1a: Clodsire
|
|-heal|p2a: Dragapult|69/100|[from] item: Leftovers
|-heal|p1a: Clodsire|100/100 brn|[from] item: Leftovers
|-damage|p1a: Clodsire|94/100 brn|[from] brn
|upkeep
|turn|9
|
|t:|1758367520
|switch|p1a: Ogerpon|Ogerpon-Wellspring, F|89/100 brn
|move|p2a: Dragapult|Dragon Dance|p2a: Dragapult
|-boost|p2a: Dragapult|atk|1
|-boost|p2a: Dragapult|spe|1
|
|-heal|p2a: Dragapult|75/100|[from] item: Leftovers
|-damage|p1a: Ogerpon|83/100 brn|[from] brn
|upkeep
|turn|10
|
|t:|1758367531
|move|p2a: Dragapult|Phantom Force||[still]
|-prepare|p2a: Dragapult|Phantom Force
|move|p1a: Ogerpon|Play Rough|p2a: Dragapult|[miss]
|-miss|p1a: Ogerpon|p2a: Dragapult
|
|-heal|p2a: Dragapult|81/100|[from] item: Leftovers
|-damage|p1a: Ogerpon|77/100 brn|[from] brn
|upkeep
|turn|11
|
|t:|1758367535
|move|p2a: Dragapult|Phantom Force|p1a: Ogerpon|[from] lockedmove
|-damage|p1a: Ogerpon|0 fnt
|faint|p1a: Ogerpon
|
|-heal|p2a: Dragapult|87/100|[from] item: Leftovers
|upkeep
|
|t:|1758367541
|switch|p1a: Gholdengo|Gholdengo|100/100
|turn|12
|
|t:|1758367543
|move|p2a: Dragapult|Phantom Force||[still]
|-prepare|p2a: Dragapult|Phantom Force
|move|p1a: Gholdengo|Substitute|p1a: Gholdengo
|-start|p1a: Gholdengo|Substitute
|-damage|p1a: Gholdengo|76/100
|
|-heal|p2a: Dragapult|93/100|[from] item: Leftovers
|-heal|p1a: Gholdengo|82/100|[from] item: Leftovers
|upkeep
|turn|13
|
|t:|1758367546
|move|p2a: Dragapult|Phantom Force|p1a: Gholdengo|[from] lockedmove
|-supereffective|p1a: Gholdengo
|-end|p1a: Gholdengo|Substitute
|move|p1a: Gholdengo|Shadow Ball|p2a: Dragapult
|-supereffective|p2a: Dragapult
|-end|p2a: Dragapult|Substitute
|
|-heal|p2a: Dragapult|99/100|[from] item: Leftovers
|-heal|p1a: Gholdengo|88/100|[from] item: Leftovers
|upkeep
|turn|14
|
|t:|1758367560
|move|p2a: Dragapult|Substitute|p2a: Dragapult
|-start|p2a: Dragapult|Substitute
|-damage|p2a: Dragapult|74/100
|move|p1a: Gholdengo|Substitute|p1a: Gholdengo
|-start|p1a: Gholdengo|Substitute
|-damage|p1a: Gholdengo|63/100
|
|-heal|p2a: Dragapult|80/100|[from] item: Leftovers
|-heal|p1a: Gholdengo|69/100|[from] item: Leftovers
|upkeep
|turn|15
|
|t:|1758367568
|move|p2a: Dragapult|Phantom Force||[still]
|-prepare|p2a: Dragapult|Phantom Force
|move|p1a: Gholdengo|Nasty Plot|p1a: Gholdengo
|-boost|p1a: Gholdengo|spa|2
|
|-heal|p2a: Dragapult|86/100|[from] item: Leftovers
|-heal|p1a: Gholdengo|75/100|[from] item: Leftovers
|upkeep
|turn|16
|
|t:|1758367571
|move|p2a: Dragapult|Phantom Force|p1a: Gholdengo|[from] lockedmove
|-supereffective|p1a: Gholdengo
|-end|p1a: Gholdengo|Substitute
|move|p1a: Gholdengo|Shadow Ball|p2a: Dragapult
|-supereffective|p2a: Dragapult
|-end|p2a: Dragapult|Substitute
|
|-heal|p2a: Dragapult|92/100|[from] item: Leftovers
|-heal|p1a: Gholdengo|82/100|[from] item: Leftovers
|upkeep
|turn|17
|
|t:|1758367576
|move|p2a: Dragapult|Substitute|p2a: Dragapult
|-start|p2a: Dragapult|Substitute
|-damage|p2a: Dragapult|67/100
|move|p1a: Gholdengo|Substitute|p1a: Gholdengo
|-start|p1a: Gholdengo|Substitute
|-damage|p1a: Gholdengo|57/100
|
|-heal|p2a: Dragapult|73/100|[from] item: Leftovers
|-heal|p1a: Gholdengo|63/100|[from] item: Leftovers
|upkeep
|turn|18
|
|t:|1758367586
|move|p2a: Dragapult|Dragon Dance|p2a: Dragapult
|-boost|p2a: Dragapult|atk|1
|-boost|p2a: Dragapult|spe|1
|move|p1a: Gholdengo|Nasty Plot|p1a: Gholdengo
|-boost|p1a: Gholdengo|spa|2
|
|-heal|p2a: Dragapult|79/100|[from] item: Leftovers
|-heal|p1a: Gholdengo|69/100|[from] item: Leftovers
|upkeep
|turn|19
|
|t:|1758367591
|move|p2a: Dragapult|Dragon Darts|p1a: Gholdengo
|-resisted|p1a: Gholdengo
|-activate|p1a: Gholdengo|move: Substitute|[damage]
|-anim|p2a: Dragapult|Dragon Darts|p1a: Gholdengo
|-resisted|p1a: Gholdengo
|-end|p1a: Gholdengo|Substitute
|move|p1a: Gholdengo|Shadow Ball|p2a: Dragapult
|-supereffective|p2a: Dragapult
|-end|p2a: Dragapult|Substitute
|
|-heal|p2a: Dragapult|85/100|[from] item: Leftovers
|-heal|p1a: Gholdengo|75/100|[from] item: Leftovers
|upkeep
|turn|20
|
|t:|1758367599
|move|p2a: Dragapult|Substitute|p2a: Dragapult
|-start|p2a: Dragapult|Substitute
|-damage|p2a: Dragapult|61/100
|move|p1a: Gholdengo|Shadow Ball|p2a: Dragapult
|-supereffective|p2a: Dragapult
|-end|p2a: Dragapult|Substitute
|
|-heal|p2a: Dragapult|67/100|[from] item: Leftovers
|-heal|p1a: Gholdengo|81/100|[from] item: Leftovers
|upkeep
|turn|21
|
|t:|1758367605
|move|p2a: Dragapult|Substitute|p2a: Dragapult
|-start|p2a: Dragapult|Substitute
|-damage|p2a: Dragapult|42/100
|move|p1a: Gholdengo|Substitute|p1a: Gholdengo
|-start|p1a: Gholdengo|Substitute
|-damage|p1a: Gholdengo|56/100
|
|-heal|p2a: Dragapult|48/100|[from] item: Leftovers
|-heal|p1a: Gholdengo|63/100|[from] item: Leftovers
|upkeep
|turn|22
|
|t:|1758367618
|move|p2a: Dragapult|Phantom Force||[still]
|-prepare|p2a: Dragapult|Phantom Force
|move|p1a: Gholdengo|Shadow Ball|p2a: Dragapult|[miss]
|-miss|p1a: Gholdengo|p2a: Dragapult
|
|-heal|p2a: Dragapult|54/100|[from] item: Leftovers
|-heal|p1a: Gholdengo|69/100|[from] item: Leftovers
|upkeep
|turn|23
|
|t:|1758367621
|move|p2a: Dragapult|Phantom Force|p1a: Gholdengo|[from] lockedmove
|-supereffective|p1a: Gholdengo
|-end|p1a: Gholdengo|Substitute
|move|p1a: Gholdengo|Shadow Ball|p2a: Dragapult
|-supereffective|p2a: Dragapult
|-end|p2a: Dragapult|Substitute
|
|-heal|p2a: Dragapult|60/100|[from] item: Leftovers
|-heal|p1a: Gholdengo|75/100|[from] item: Leftovers
|upkeep
|turn|24
|
|t:|1758367634
|move|p2a: Dragapult|Phantom Force||[still]
|-prepare|p2a: Dragapult|Phantom Force
|move|p1a: Gholdengo|Shadow Ball|p2a: Dragapult|[miss]
|-miss|p1a: Gholdengo|p2a: Dragapult
|
|-heal|p2a: Dragapult|66/100|[from] item: Leftovers
|-heal|p1a: Gholdengo|81/100|[from] item: Leftovers
|upkeep
|turn|25
|
|t:|1758367653
|switch|p1a: Zamazenta|Zamazenta|100/100
|-ability|p1a: Zamazenta|Dauntless Shield|boost
|-boost|p1a: Zamazenta|def|1
|move|p2a: Dragapult|Phantom Force|p1a: Zamazenta|[from] lockedmove
|-damage|p1a: Zamazenta|64/100
|
|-heal|p2a: Dragapult|72/100|[from] item: Leftovers
|-heal|p1a: Zamazenta|70/100|[from] item: Leftovers
|upkeep
|turn|26
|
|t:|1758367667
|switch|p1a: Kingambit|Kingambit, M|100/100
|-activate|p1a: Kingambit|ability: Supreme Overlord
|-start|p1a: Kingambit|fallen2|[silent]
|move|p2a: Dragapult|Dragon Darts|p1a: Kingambit
|-resisted|p1a: Kingambit
|-damage|p1a: Kingambit|80/100
|-anim|p2a: Dragapult|Dragon Darts|p1a: Kingambit
|-resisted|p1a: Kingambit
|-damage|p1a: Kingambit|60/100
|
|-heal|p2a: Dragapult|78/100|[from] item: Leftovers
|upkeep
|turn|27
|
|t:|1758367677
|move|p2a: Dragapult|Substitute|p2a: Dragapult
|-start|p2a: Dragapult|Substitute
|-damage|p2a: Dragapult|53/100
|move|p1a: Kingambit|Kowtow Cleave|p2a: Dragapult
|-supereffective|p2a: Dragapult
|-end|p2a: Dragapult|Substitute
|
|-heal|p2a: Dragapult|59/100|[from] item: Leftovers
|upkeep
|turn|28
|
|t:|1758367686
|move|p2a: Dragapult|Dragon Darts|p1a: Kingambit
|-resisted|p1a: Kingambit
|-damage|p1a: Kingambit|40/100
|-anim|p2a: Dragapult|Dragon Darts|p1a: Kingambit
|-resisted|p1a: Kingambit
|-damage|p1a: Kingambit|20/100
|move|p1a: Kingambit|Kowtow Cleave|p2a: Dragapult
|-supereffective|p2a: Dragapult
|-damage|p2a: Dragapult|0 fnt
|faint|p2a: Dragapult
|
|upkeep
|
|t:|1758367695
|switch|p2a: Lokix|Lokix, M|100/100
|turn|29
|
|t:|1758367703
|-end|p1a: Kingambit|fallen2|[silent]
|switch|p1a: Gholdengo|Gholdengo|81/100
|move|p2a: Lokix|First Impression|p1a: Gholdengo
|-resisted|p1a: Gholdengo
|-damage|p1a: Gholdengo|60/100
|
|-heal|p1a: Gholdengo|66/100|[from] item: Leftovers
|upkeep
|turn|30
|
|t:|1758367711
|move|p2a: Lokix|Knock Off|p1a: Gholdengo
|-supereffective|p1a: Gholdengo
|-damage|p1a: Gholdengo|0 fnt
|-enditem|p1a: Gholdengo|Leftovers|[from] move: Knock Off|[of] p2a: Lokix
|faint|p1a: Gholdengo
|
|upkeep
|
|t:|1758367715
|switch|p1a: Zamazenta|Zamazenta|70/100
|turn|31
|
|t:|1758367721
|switch|p2a: Araquanid|Araquanid, M, tera:Water|84/100
|-damage|p2a: Araquanid|71/100|[from] Stealth Rock
|move|p1a: Zamazenta|Substitute|p1a: Zamazenta
|-start|p1a: Zamazenta|Substitute
|-damage|p1a: Zamazenta|45/100
|
|-heal|p1a: Zamazenta|51/100|[from] item: Leftovers
|upkeep
|turn|32
|
|t:|1758367726
|move|p1a: Zamazenta|Iron Defense|p1a: Zamazenta
|-boost|p1a: Zamazenta|def|2
|move|p2a: Araquanid|Liquidation|p1a: Zamazenta
|-activate|p1a: Zamazenta|move: Substitute|[damage]
|
|-heal|p1a: Zamazenta|58/100|[from] item: Leftovers
|upkeep
|turn|33
|
|t:|1758367729
|move|p1a: Zamazenta|Iron Defense|p1a: Zamazenta
|-boost|p1a: Zamazenta|def|2
|move|p2a: Araquanid|Liquidation|p1a: Zamazenta
|-end|p1a: Zamazenta|Substitute
|
|-heal|p1a: Zamazenta|64/100|[from] item: Leftovers
|upkeep
|turn|34
|
|t:|1758367744
|move|p1a: Zamazenta|Substitute|p1a: Zamazenta
|-start|p1a: Zamazenta|Substitute
|-damage|p1a: Zamazenta|39/100
|move|p2a: Araquanid|Liquidation|p1a: Zamazenta
|-activate|p1a: Zamazenta|move: Substitute|[damage]
|
|-heal|p1a: Zamazenta|45/100|[from] item: Leftovers
|upkeep
|turn|35
|
|t:|1758367750
|move|p1a: Zamazenta|Protect|p1a: Zamazenta
|-singleturn|p1a: Zamazenta|Protect
|move|p2a: Araquanid|Liquidation|p1a: Zamazenta
|-activate|p1a: Zamazenta|move: Protect
|
|-heal|p1a: Zamazenta|51/100|[from] item: Leftovers
|upkeep
|turn|36
|
|t:|1758367754
|move|p1a: Zamazenta|Iron Defense|p1a: Zamazenta
|-boost|p1a: Zamazenta|def|2
|move|p2a: Araquanid|Liquidation|p1a: Zamazenta
|-activate|p1a: Zamazenta|move: Substitute|[damage]
|
|-heal|p1a: Zamazenta|58/100|[from] item: Leftovers
|upkeep
|turn|37
|
|t:|1758367757
|move|p1a: Zamazenta|Body Press|p2a: Araquanid
|-damage|p2a: Araquanid|0 fnt
|faint|p2a: Araquanid
|
|-heal|p1a: Zamazenta|64/100|[from] item: Leftovers
|upkeep
|
|t:|1758367761
|switch|p2a: Ogerpon|Ogerpon-Wellspring, F|100/100
|-damage|p2a: Ogerpon|88/100|[from] Stealth Rock
|turn|38
|
|t:|1758367764
|move|p1a: Zamazenta|Protect|p1a: Zamazenta
|-singleturn|p1a: Zamazenta|Protect
|move|p2a: Ogerpon|Ivy Cudgel|p1a: Zamazenta|[anim] Ivy Cudgel Water
|-activate|p1a: Zamazenta|move: Protect
|
|-heal|p1a: Zamazenta|70/100|[from] item: Leftovers
|upkeep
|turn|39
|
|t:|1758367770
|move|p1a: Zamazenta|Body Press|p2a: Ogerpon
|-damage|p2a: Ogerpon|0 fnt
|faint|p2a: Ogerpon
|
|-heal|p1a: Zamazenta|76/100|[from] item: Leftovers
|upkeep
|
|t:|1758367774
|switch|p2a: Lokix|Lokix, M|100/100
|turn|40
|
|t:|1758367777
|move|p2a: Lokix|First Impression|p1a: Zamazenta
|-resisted|p1a: Zamazenta
|-end|p1a: Zamazenta|Substitute
|move|p1a: Zamazenta|Substitute|p1a: Zamazenta
|-start|p1a: Zamazenta|Substitute
|-damage|p1a: Zamazenta|51/100
|
|-heal|p1a: Zamazenta|58/100|[from] item: Leftovers
|upkeep
|turn|41
|
|t:|1758367783
|move|p1a: Zamazenta|Body Press|p2a: Lokix
|-damage|p2a: Lokix|0 fnt
|faint|p2a: Lokix
|
|-heal|p1a: Zamazenta|64/100|[from] item: Leftovers
|upkeep
|-message|I am a chinese. forfeited.
|
|win|iivvv
|l|☆I am a chinese.
|player|p2|
