|j|☆d00d guy
|j|☆BrodyMD
|t:|1758336713
|gametype|singles
|player|p1|d00d guy|brock|1350
|player|p2|BrodyMD|colress|1322
|gen|9
|tier|[Gen 9] OU
|rated|
|rule|HP Percentage Mod: HP is shown in percentages
|rule|Endless Battle Clause: Forcing endless battles is banned
|rule|Species Clause: Limit one of each Pokémon
|rule|OHKO Clause: OHKO moves are banned
|rule|Evasion Items Clause: Evasion items are banned
|rule|Evasion Moves Clause: Evasion moves are banned
|rule|Evasion Abilities Clause: Evasion abilities are banned
|rule|Sleep Moves Clause: Sleep-inducing moves are banned
|clearpoke
|poke|p1|Hatterene, F|
|poke|p1|Ursaluna, M|
|poke|p1|Porygon2|
|poke|p1|Cresselia, F|
|poke|p1|Malamar, M|
|poke|p1|Torkoal, M|
|poke|p2|Kricketune, M|
|poke|p2|Gholdengo|
|poke|p2|Meowscarada, M|
|poke|p2|Raging Bolt|
|poke|p2|Darkrai|
|poke|p2|Iron Valiant|
|teampreview
|
|t:|1758336738
|teamsize|p1|6
|teamsize|p2|6
|start
|switch|p1a: TARS|Porygon2, shiny|100/100
|switch|p2a: BABY SAJA|Gholdengo|100/100
|-item|p2a: BABY SAJA|Air Balloon
|-ability|p1a: TARS|Download|boost
|-boost|p1a: TARS|spa|1
|turn|1
|
|t:|1758336747
|move|p2a: BABY SAJA|Focus Blast|p1a: TARS
|-supereffective|p1a: TARS
|-damage|p1a: TARS|37/100
|move|p1a: TARS|Trick Room|p1a: TARS
|-fieldstart|move: Trick Room|[of] p1a: TARS
|
|upkeep
|turn|2
|
|t:|1758336763
|switch|p1a: Cooper|Torkoal, M|100/100
|-weather|SunnyDay|[from] ability: Drought|[of] p1a: Cooper
|switch|p2a: ZOEY|Meowscarada, M, shiny|100/100
|
|-weather|SunnyDay|[upkeep]
|upkeep
|turn|3
|
|t:|1758336774
|move|p1a: Cooper|Eruption|p2a: ZOEY
|-supereffective|p2a: ZOEY
|-damage|p2a: ZOEY|0 fnt
|faint|p2a: ZOEY
|
|-weather|SunnyDay|[upkeep]
|upkeep
|
|t:|1758336776
|switch|p2a: BOBBY|Kricketune, M, shiny|100/100
|turn|4
|
|t:|1758336779
|move|p1a: Cooper|Eruption|p2a: BOBBY
|-supereffective|p2a: BOBBY
|-enditem|p2a: BOBBY|Focus Sash
|-damage|p2a: BOBBY|1/100
|move|p2a: BOBBY|Endeavor|p1a: Cooper
|-damage|p1a: Cooper|1/100
|
|-weather|SunnyDay|[upkeep]
|upkeep
|turn|5
|
|t:|1758336783
|move|p1a: Cooper|Eruption|p2a: BOBBY
|-supereffective|p2a: BOBBY
|-damage|p2a: BOBBY|0 fnt
|faint|p2a: BOBBY
|
|-weather|SunnyDay|[upkeep]
|-fieldend|move: Trick Room
|upkeep
|
|t:|1758336797
|switch|p2a: RUMI|Raging Bolt|100/100
|-activate|p2a: RUMI|ability: Protosynthesis
|-start|p2a: RUMI|protosynthesisspa
|turn|6
|
|t:|1758336807
|switch|p1a: Miller|Cresselia, F, shiny|100/100
|move|p2a: RUMI|Calm Mind|p2a: RUMI
|-boost|p2a: RUMI|spa|1
|-boost|p2a: RUMI|spd|1
|
|-weather|none
|-end|p2a: RUMI|Protosynthesis
|upkeep
|-enditem|p2a: RUMI|Booster Energy
|-activate|p2a: RUMI|ability: Protosynthesis|[fromitem]
|-start|p2a: RUMI|protosynthesisspa
|turn|7
|
|t:|1758336811
|move|p2a: RUMI|Thunderbolt|p1a: Miller
|-damage|p1a: Miller|34/100
|move|p1a: Miller|Trick Room|p1a: Miller
|-fieldstart|move: Trick Room|[of] p1a: Miller
|
|upkeep
|turn|8
|
|t:|1758336815
|move|p1a: Miller|Lunar Dance|p1a: Miller
|faint|p1a: Miller
|move|p2a: RUMI|Dragon Pulse|p1: Miller|[notarget]
|-fail|p2a: RUMI
|
|upkeep
|
|t:|1758336821
|switch|p1a: Mann|Ursaluna, M|100/100
|turn|9
|
|t:|1758336832
|-end|p2a: RUMI|Protosynthesis|[silent]
|switch|p2a: MIRA|Iron Valiant, shiny|100/100
|move|p1a: Mann|Headlong Rush|p2a: MIRA
|-damage|p2a: MIRA|1/100
|-unboost|p1a: Mann|def|1
|-unboost|p1a: Mann|spd|1
|
|-status|p1a: Mann|brn|[from] item: Flame Orb
|upkeep
|turn|10
|
|t:|1758336838
|move|p1a: Mann|Facade|p2a: MIRA
|-damage|p2a: MIRA|0 fnt
|faint|p2a: MIRA
|-end|p2a: MIRA|Quark Drive|[silent]
|
|-damage|p1a: Mann|94/100 brn|[from] brn
|upkeep
|
|t:|1758336840
|switch|p2a: BABY SAJA|Gholdengo|100/100
|-item|p2a: BABY SAJA|Air Balloon
|turn|11
|
|t:|1758336846
|move|p1a: Mann|Fire Punch|p2a: BABY SAJA
|-supereffective|p2a: BABY SAJA
|-damage|p2a: BABY SAJA|0 fnt
|-enditem|p2a: BABY SAJA|Air Balloon
|faint|p2a: BABY SAJA
|
|-damage|p1a: Mann|88/100 brn|[from] brn
|-fieldend|move: Trick Room
|upkeep
|
|t:|1758336849
|switch|p2a: GWI-MA|Darkrai, shiny|100/100
|turn|12
|
|t:|1758336853
|move|p2a: GWI-MA|Ice Beam|p1a: Mann
|-supereffective|p1a: Mann
|-crit|p1a: Mann
|-damage|p1a: Mann|0 fnt
|faint|p1a: Mann
|
|upkeep
|
|t:|1758336857
|switch|p1a: Brand|Hatterene, F, shiny|100/100
|turn|13
|
|t:|1758336865
|move|p2a: GWI-MA|Dark Pulse|p1a: Brand
|-damage|p1a: Brand|59/100
|move|p1a: Brand|Trick Room|p1a: Brand
|-fieldstart|move: Trick Room|[of] p1a: Brand
|
|upkeep
|turn|14
|
|t:|1758336872
|move|p1a: Brand|Dazzling Gleam|p2a: GWI-MA
|-supereffective|p2a: GWI-MA
|-enditem|p2a: GWI-MA|Focus Sash
|-damage|p2a: GWI-MA|1/100
|move|p2a: GWI-MA|Dark Pulse|p1a: Brand
|-damage|p1a: Brand|15/100
|
|upkeep
|turn|15
|
|t:|1758336881
|move|p1a: Brand|Dazzling Gleam|p2a: GWI-MA
|-supereffective|p2a: GWI-MA
|-damage|p2a: GWI-MA|0 fnt
|faint|p2a: GWI-MA
|
|upkeep
|
|t:|1758336882
|switch|p2a: RUMI|Raging Bolt|100/100
|turn|16
|
|t:|1758336889
|-terastallize|p2a: RUMI|Electric
|move|p2a: RUMI|Thunderclap||[still]
|-fail|p2a: RUMI
|move|p1a: Brand|Healing Wish|p1a: Brand
|faint|p1a: Brand
|
|upkeep
|
|t:|1758336897
|switch|p1a: TARS|Porygon2, shiny|37/100
|-heal|p1a: TARS|100/100|[from] move: Lunar Dance
|-ability|p1a: TARS|Download|boost
|-boost|p1a: TARS|spa|1
|turn|17
|
|t:|1758336903
|-terastallize|p1a: TARS|Ground
|move|p1a: TARS|Tera Blast|p2a: RUMI|[anim] Tera Blast Ground
|-supereffective|p2a: RUMI
|-damage|p2a: RUMI|0 fnt
|faint|p2a: RUMI
|-end|p2a: RUMI|Protosynthesis|[silent]
|
|win|d00d guy
|raw|d00d guy's rating: 1350 &rarr; <strong>1367</strong><br />(+17 for winning)
|raw|BrodyMD's rating: 1299 &rarr; <strong>1278</strong><br />(-21 for losing)
|l|☆BrodyMD
|player|p2|
|l|☆d00d guy
|player|p1|
