|j|☆CherylBush
|j|☆jamel1
|t:|1758269260
|gametype|singles
|player|p1|CherylBush|mallow-masters|1587
|player|p2|jamel1|cyrus|1798
|gen|9
|tier|[Gen 9] OU
|rated|
|rule|HP Percentage Mod: HP is shown in percentages
|rule|Endless Battle Clause: Forcing endless battles is banned
|rule|Species Clause: Limit one of each Pokémon
|rule|OHKO Clause: OHKO moves are banned
|rule|Evasion Items Clause: Evasion items are banned
|rule|Evasion Moves Clause: Evasion moves are banned
|rule|Evasion Abilities Clause: Evasion abilities are banned
|rule|Sleep Moves Clause: Sleep-inducing moves are banned
|clearpoke
|poke|p1|Landorus-Therian, M|
|poke|p1|Skeledirge, M|
|poke|p1|Skarmory, M|
|poke|p1|Hydrapple, M|
|poke|p1|Samurott-Hisui, M|
|poke|p1|Fezandipiti, M|
|poke|p2|Sandaconda, M|
|poke|p2|Deoxys-Defense|
|poke|p2|Gyarados, F|
|poke|p2|Maushold|
|poke|p2|Serperior, F|
|poke|p2|Alcremie, F|
|teampreview
|
|t:|1758269277
|teamsize|p1|6
|teamsize|p2|6
|start
|switch|p1a: Samurott|Samurott-Hisui, M, shiny|100/100
|switch|p2a: Sandaconda|Sandaconda, M|100/100
|turn|1
|
|t:|1758269285
|move|p1a: Samurott|Ceaseless Edge|p2a: Sandaconda
|-damage|p2a: Sandaconda|56/100
|-sidestart|p2: jamel1|Spikes
|move|p2a: Sandaconda|Glare|p1a: Samurott
|-status|p1a: Samurott|par
|
|upkeep
|turn|2
|
|t:|1758269289
|move|p2a: Sandaconda|Stealth Rock|p1a: Samurott
|-sidestart|p1: CherylBush|move: Stealth Rock
|move|p1a: Samurott|Flip Turn|p2a: Sandaconda
|-supereffective|p2a: Sandaconda
|-damage|p2a: Sandaconda|0 fnt
|faint|p2a: Sandaconda
|
|t:|1758269300
|switch|p1a: Landorus|Landorus-Therian, M, shiny|100/100|[from] Flip Turn
|-damage|p1a: Landorus|88/100|[from] Stealth Rock
|
|upkeep
|
|t:|1758269310
|switch|p2a: Serperior|Serperior, F, shiny|100/100
|-damage|p2a: Serperior|88/100|[from] Spikes
|turn|3
|
|t:|1758269314
|move|p1a: Landorus|U-turn|p2a: Serperior
|-supereffective|p2a: Serperior
|-damage|p2a: Serperior|27/100
|
|t:|1758269320
|switch|p1a: Fez Boi|Fezandipiti, M|100/100|[from] U-turn
|move|p2a: Serperior|Reflect|p2a: Serperior
|-sidestart|p2: jamel1|Reflect
|
|upkeep
|turn|4
|
|t:|1758269324
|move|p2a: Serperior|Light Screen|p2a: Serperior
|-sidestart|p2: jamel1|move: Light Screen
|move|p1a: Fez Boi|Moonblast|p2a: Serperior
|-damage|p2a: Serperior|12/100
|
|upkeep
|turn|5
|
|t:|1758269332
|move|p2a: Serperior|Leaf Storm|p1a: Fez Boi
|-resisted|p1a: Fez Boi
|-damage|p1a: Fez Boi|87/100
|-boost|p2a: Serperior|spa|2
|move|p1a: Fez Boi|Calm Mind|p1a: Fez Boi
|-boost|p1a: Fez Boi|spa|1
|-boost|p1a: Fez Boi|spd|1
|
|upkeep
|turn|6
|
|t:|1758269336
|move|p2a: Serperior|Leaf Storm|p1a: Fez Boi
|-resisted|p1a: Fez Boi
|-damage|p1a: Fez Boi|68/100
|-boost|p2a: Serperior|spa|2
|move|p1a: Fez Boi|Calm Mind|p1a: Fez Boi
|-boost|p1a: Fez Boi|spa|1
|-boost|p1a: Fez Boi|spd|1
|
|upkeep
|turn|7
|
|t:|1758269339
|move|p2a: Serperior|Leaf Storm|p1a: Fez Boi
|-resisted|p1a: Fez Boi
|-damage|p1a: Fez Boi|46/100
|-boost|p2a: Serperior|spa|2
|move|p1a: Fez Boi|Roost|p1a: Fez Boi
|-heal|p1a: Fez Boi|97/100
|-singleturn|p1a: Fez Boi|move: Roost
|
|upkeep
|turn|8
|
|t:|1758269343
|move|p2a: Serperior|Tera Blast|p1a: Fez Boi
|-damage|p1a: Fez Boi|75/100
|move|p1a: Fez Boi|Moonblast|p2a: Serperior
|-damage|p2a: Serperior|0 fnt
|faint|p2a: Serperior
|
|upkeep
|
|t:|1758269356
|switch|p2a: Maushold|Maushold|100/100
|-damage|p2a: Maushold|88/100|[from] Spikes
|turn|9
|
|t:|1758269361
|switch|p1a: Skarmory|Skarmory, M, shiny|100/100
|-damage|p1a: Skarmory|88/100|[from] Stealth Rock
|move|p2a: Maushold|Thunder Wave|p1a: Skarmory
|-status|p1a: Skarmory|par
|
|upkeep
|turn|10
|
|t:|1758269368
|move|p2a: Maushold|Tidy Up|p2a: Maushold
|-sideend|p2: jamel1|Spikes
|-sideend|p1: CherylBush|Stealth Rock
|-activate|p2a: Maushold|move: Tidy Up
|-boost|p2a: Maushold|atk|1
|-boost|p2a: Maushold|spe|1
|move|p1a: Skarmory|Body Press|p2a: Maushold
|-supereffective|p2a: Maushold
|-damage|p2a: Maushold|53/100
|
|-sideend|p2: jamel1|Reflect
|upkeep
|turn|11
|
|t:|1758269372
|move|p2a: Maushold|Population Bomb|p1a: Skarmory
|-resisted|p1a: Skarmory
|-damage|p1a: Skarmory|84/100 par
|-resisted|p1a: Skarmory
|-damage|p1a: Skarmory|79/100 par
|-resisted|p1a: Skarmory
|-damage|p1a: Skarmory|75/100 par
|-hitcount|p1a: Skarmory|3
|move|p1a: Skarmory|Body Press|p2a: Maushold
|-supereffective|p2a: Maushold
|-damage|p2a: Maushold|0 fnt
|faint|p2a: Maushold
|
|-sideend|p2: jamel1|move: Light Screen
|upkeep
|
|t:|1758269378
|switch|p2a: Gyarados|Gyarados, F, shiny|100/100
|turn|12
|
|t:|1758269381
|move|p2a: Gyarados|Dragon Dance|p2a: Gyarados
|-boost|p2a: Gyarados|atk|1
|-boost|p2a: Gyarados|spe|1
|move|p1a: Skarmory|Stealth Rock|p2a: Gyarados
|-sidestart|p2: jamel1|move: Stealth Rock
|
|upkeep
|turn|13
|
|t:|1758269388
|switch|p1a: Landorus|Landorus-Therian, M, shiny|88/100
|-ability|p1a: Landorus|Intimidate|boost
|-unboost|p2a: Gyarados|atk|1
|move|p2a: Gyarados|Waterfall|p1a: Landorus
|-supereffective|p1a: Landorus
|-damage|p1a: Landorus|0 fnt
|faint|p1a: Landorus
|-ability|p2a: Gyarados|Moxie|boost
|-boost|p2a: Gyarados|atk|1
|
|upkeep
|
|t:|1758269395
|switch|p1a: Skeledirge|Skeledirge, M, shiny|100/100
|turn|14
|
|t:|1758269401
|-terastallize|p1a: Skeledirge|Ice
|move|p2a: Gyarados|Substitute|p2a: Gyarados
|-start|p2a: Gyarados|Substitute
|-damage|p2a: Gyarados|76/100
|move|p1a: Skeledirge|Tera Blast|p2a: Gyarados|[anim] Tera Blast Ice
|-end|p2a: Gyarados|Substitute
|
|-heal|p2a: Gyarados|82/100|[from] item: Leftovers
|upkeep
|turn|15
|
|t:|1758269405
|move|p2a: Gyarados|Waterfall|p1a: Skeledirge
|-damage|p1a: Skeledirge|71/100
|move|p1a: Skeledirge|Tera Blast|p2a: Gyarados|[anim] Tera Blast Ice
|-damage|p2a: Gyarados|52/100
|
|-heal|p2a: Gyarados|59/100|[from] item: Leftovers
|upkeep
|turn|16
|
|t:|1758269408
|move|p2a: Gyarados|Waterfall|p1a: Skeledirge
|-damage|p1a: Skeledirge|44/100
|move|p1a: Skeledirge|Slack Off|p1a: Skeledirge
|-heal|p1a: Skeledirge|94/100
|
|-heal|p2a: Gyarados|65/100|[from] item: Leftovers
|upkeep
|turn|17
|
|t:|1758269411
|move|p2a: Gyarados|Waterfall|p1a: Skeledirge
|-damage|p1a: Skeledirge|62/100
|move|p1a: Skeledirge|Tera Blast|p2a: Gyarados|[anim] Tera Blast Ice
|-damage|p2a: Gyarados|34/100
|
|-heal|p2a: Gyarados|40/100|[from] item: Leftovers
|upkeep
|turn|18
|j| Gen9oupipipi
|
|t:|1758269414
|move|p2a: Gyarados|Waterfall|p1a: Skeledirge
|-damage|p1a: Skeledirge|32/100
|move|p1a: Skeledirge|Slack Off|p1a: Skeledirge
|-heal|p1a: Skeledirge|82/100
|
|-heal|p2a: Gyarados|46/100|[from] item: Leftovers
|upkeep
|turn|19
|
|t:|1758269417
|move|p2a: Gyarados|Waterfall|p1a: Skeledirge
|-damage|p1a: Skeledirge|52/100
|move|p1a: Skeledirge|Tera Blast|p2a: Gyarados|[anim] Tera Blast Ice
|-damage|p2a: Gyarados|14/100
|
|-heal|p2a: Gyarados|20/100|[from] item: Leftovers
|upkeep
|turn|20
|
|t:|1758269419
|move|p2a: Gyarados|Waterfall|p1a: Skeledirge
|-damage|p1a: Skeledirge|20/100
|move|p1a: Skeledirge|Slack Off|p1a: Skeledirge
|-heal|p1a: Skeledirge|70/100
|
|-heal|p2a: Gyarados|26/100|[from] item: Leftovers
|upkeep
|turn|21
|
|t:|1758269422
|move|p2a: Gyarados|Waterfall|p1a: Skeledirge
|-damage|p1a: Skeledirge|39/100
|move|p1a: Skeledirge|Tera Blast|p2a: Gyarados|[anim] Tera Blast Ice
|-damage|p2a: Gyarados|0 fnt
|faint|p2a: Gyarados
|
|upkeep
|
|t:|1758269427
|switch|p2a: Deoxys|Deoxys-Defense|100/100
|-damage|p2a: Deoxys|88/100|[from] Stealth Rock
|-ability|p2a: Deoxys|Pressure
|turn|22
|
|t:|1758269433
|move|p2a: Deoxys|Cosmic Power|p2a: Deoxys
|-boost|p2a: Deoxys|def|1
|-boost|p2a: Deoxys|spd|1
|move|p1a: Skeledirge|Torch Song|p2a: Deoxys
|-damage|p2a: Deoxys|69/100
|-boost|p1a: Skeledirge|spa|1
|
|upkeep
|turn|23
|
|t:|1758269438
|move|p2a: Deoxys|Low Kick|p1a: Skeledirge
|-supereffective|p1a: Skeledirge
|-damage|p1a: Skeledirge|11/100
|move|p1a: Skeledirge|Torch Song|p2a: Deoxys
|-damage|p2a: Deoxys|37/100
|-boost|p1a: Skeledirge|spa|1
|
|upkeep
|turn|24
|
|t:|1758269445
|move|p2a: Deoxys|Low Kick|p1a: Skeledirge
|-supereffective|p1a: Skeledirge
|-damage|p1a: Skeledirge|0 fnt
|faint|p1a: Skeledirge
|
|upkeep
|
|t:|1758269448
|switch|p1a: Fez Boi|Fezandipiti, M|75/100
|turn|25
|
|t:|1758269454
|-terastallize|p2a: Deoxys|Steel
|move|p1a: Fez Boi|Moonblast|p2a: Deoxys
|-resisted|p2a: Deoxys
|-damage|p2a: Deoxys|32/100
|-unboost|p2a: Deoxys|spa|1
|move|p2a: Deoxys|Cosmic Power|p2a: Deoxys
|-boost|p2a: Deoxys|def|1
|-boost|p2a: Deoxys|spd|1
|
|upkeep
|turn|26
|
|t:|1758269461
|switch|p1a: Leviathan|Hydrapple, M, shiny|100/100
|move|p2a: Deoxys|Recover|p2a: Deoxys
|-heal|p2a: Deoxys|82/100
|
|upkeep
|turn|27
|
|t:|1758269464
|move|p2a: Deoxys|Cosmic Power|p2a: Deoxys
|-boost|p2a: Deoxys|def|1
|-boost|p2a: Deoxys|spd|1
|move|p1a: Leviathan|Nasty Plot|p1a: Leviathan
|-boost|p1a: Leviathan|spa|2
|
|upkeep
|turn|28
|
|t:|1758269466
|move|p2a: Deoxys|Cosmic Power|p2a: Deoxys
|-boost|p2a: Deoxys|def|1
|-boost|p2a: Deoxys|spd|1
|move|p1a: Leviathan|Nasty Plot|p1a: Leviathan
|-boost|p1a: Leviathan|spa|2
|
|upkeep
|turn|29
|
|t:|1758269468
|move|p2a: Deoxys|Cosmic Power|p2a: Deoxys
|-boost|p2a: Deoxys|def|1
|-boost|p2a: Deoxys|spd|1
|move|p1a: Leviathan|Earth Power|p2a: Deoxys
|-supereffective|p2a: Deoxys
|-damage|p2a: Deoxys|53/100
|-enditem|p2a: Deoxys|Weakness Policy
|-boost|p2a: Deoxys|atk|2|[from] item: Weakness Policy
|-boost|p2a: Deoxys|spa|2|[from] item: Weakness Policy
|
|upkeep
|turn|30
|
|t:|1758269470
|move|p2a: Deoxys|Stored Power|p1a: Leviathan
|-damage|p1a: Leviathan|3/100
|move|p1a: Leviathan|Nasty Plot|p1a: Leviathan
|-boost|p1a: Leviathan|spa|2
|
|upkeep
|turn|31
|
|t:|1758269473
|move|p2a: Deoxys|Stored Power|p1a: Leviathan
|-damage|p1a: Leviathan|0 fnt
|faint|p1a: Leviathan
|
|upkeep
|
|t:|1758269476
|switch|p1a: Samurott|Samurott-Hisui, M, shiny|100/100 par
|turn|32
|
|t:|1758269482
|move|p2a: Deoxys|Low Kick|p1a: Samurott
|-supereffective|p1a: Samurott
|-damage|p1a: Samurott|34/100 par
|cant|p1a: Samurott|par
|
|upkeep
|turn|33
|c|☆CherylBush|God what did I do to get this team
|-message|CherylBush forfeited.
|
|win|jamel1
|raw|CherylBush's rating: 1587 &rarr; <strong>1578</strong><br />(-9 for losing)
|raw|jamel1's rating: 1798 &rarr; <strong>1807</strong><br />(+9 for winning)
|l|☆CherylBush
|player|p1|
|l| Gen9oupipipi
|j| wgw2333
|l|☆jamel1
|player|p2|
