|j|☆borutokun88
|j|☆lasg95
|t:|1758236201
|gametype|singles
|player|p1|borutokun88|veteran|1254
|player|p2|lasg95|170|1208
|gen|9
|tier|[Gen 9] OU
|rated|
|rule|HP Percentage Mod: HP is shown in percentages
|rule|Endless Battle Clause: Forcing endless battles is banned
|rule|Species Clause: Limit one of each Pokémon
|rule|OHKO Clause: OHKO moves are banned
|rule|Evasion Items Clause: Evasion items are banned
|rule|Evasion Moves Clause: Evasion moves are banned
|rule|Evasion Abilities Clause: Evasion abilities are banned
|rule|Sleep Moves Clause: Sleep-inducing moves are banned
|clearpoke
|poke|p1|Kingambit, M|
|poke|p1|Toxapex, M|
|poke|p1|Great Tusk|
|poke|p1|Zapdos|
|poke|p1|Skeledirge, M|
|poke|p1|Ogerpon-Wellspring, F|
|poke|p2|Dragonite, M|
|poke|p2|Charizard, F|
|poke|p2|Lapras, F|
|poke|p2|Espeon, M|
|poke|p2|Gengar, F|
|poke|p2|Venusaur, M|
|teampreview
|inactive|Battle timer is ON: inactive players will automatically lose when time's up. (requested by borutokun88)
|inactive|lasg95 has 120 seconds left.
|
|t:|1758236236
|teamsize|p1|6
|teamsize|p2|6
|start
|switch|p1a: Ogerpon|Ogerpon-Wellspring, F|100/100
|switch|p2a: Venusaur|Venusaur, M|100/100
|turn|1
|inactive|lasg95 has 120 seconds left.
|
|t:|1758236272
|move|p1a: Ogerpon|U-turn|p2a: Venusaur
|-damage|p2a: Venusaur|81/100
|inactive|borutokun88 has 120 seconds left.
|
|t:|1758236298
|switch|p1a: Kingambit|Kingambit, M|100/100|[from] U-turn
|move|p2a: Venusaur|Sludge Bomb|p1a: Kingambit
|-immune|p1a: Kingambit
|
|-heal|p2a: Venusaur|87/100|[from] item: Leftovers
|upkeep
|turn|2
|inactive|borutokun88 has 120 seconds left.
|inactive|lasg95 has 120 seconds left.
|
|t:|1758236313
|move|p2a: Venusaur|Leech Seed|p1a: Kingambit
|-start|p1a: Kingambit|move: Leech Seed
|move|p1a: Kingambit|Kowtow Cleave|p2a: Venusaur
|-damage|p2a: Venusaur|41/100
|
|-heal|p2a: Venusaur|47/100|[from] item: Leftovers
|-damage|p1a: Kingambit|88/100|[from] Leech Seed|[of] p2a: Venusaur
|-heal|p2a: Venusaur|60/100|[silent]
|upkeep
|turn|3
|inactive|borutokun88 has 120 seconds left.
|
|t:|1758236334
|-end|p1a: Kingambit|fallenundefined|[silent]
|switch|p1a: Toxapex|Toxapex, M|100/100
|move|p2a: Venusaur|Earth Power|p1a: Toxapex
|-supereffective|p1a: Toxapex
|-damage|p1a: Toxapex|72/100
|
|-heal|p2a: Venusaur|66/100|[from] item: Leftovers
|-heal|p1a: Toxapex|78/100|[from] item: Black Sludge
|upkeep
|turn|4
|
|t:|1758236342
|move|p2a: Venusaur|Leech Seed|p1a: Toxapex
|-start|p1a: Toxapex|move: Leech Seed
|move|p1a: Toxapex|Toxic Spikes|p2a: Venusaur
|-sidestart|p2: lasg95|move: Toxic Spikes
|
|-heal|p2a: Venusaur|72/100|[from] item: Leftovers
|-heal|p1a: Toxapex|84/100|[from] item: Black Sludge
|-damage|p1a: Toxapex|72/100|[from] Leech Seed|[of] p2a: Venusaur
|-heal|p2a: Venusaur|83/100|[silent]
|upkeep
|turn|5
|inactive|borutokun88 has 120 seconds left.
|
|t:|1758236366
|switch|p1a: Zapdos|Zapdos|100/100
|move|p2a: Venusaur|Giga Drain|p1a: Zapdos
|-resisted|p1a: Zapdos
|-damage|p1a: Zapdos|87/100
|-heal|p2a: Venusaur|90/100|[from] drain|[of] p1a: Zapdos
|
|-heal|p2a: Venusaur|96/100|[from] item: Leftovers
|upkeep
|turn|6
|
|t:|1758236376
|-terastallize|p2a: Venusaur|Fire
|move|p1a: Zapdos|Thunder Wave|p2a: Venusaur
|-status|p2a: Venusaur|par
|move|p2a: Venusaur|Leech Seed|p1a: Zapdos
|-start|p1a: Zapdos|move: Leech Seed
|
|-heal|p2a: Venusaur|100/100 par|[from] item: Leftovers
|-damage|p1a: Zapdos|75/100|[from] Leech Seed|[of] p2a: Venusaur
|upkeep
|turn|7
|inactive|borutokun88 has 120 seconds left.
|
|t:|1758236385
|move|p1a: Zapdos|Volt Switch|p2a: Venusaur
|-damage|p2a: Venusaur|71/100 par
|inactive|borutokun88 has 120 seconds left.
|
|t:|1758236396
|switch|p1a: Ogerpon|Ogerpon-Wellspring, F|100/100|[from] Volt Switch
|move|p2a: Venusaur|Giga Drain|p1a: Ogerpon
|-damage|p1a: Ogerpon|71/100
|-heal|p2a: Venusaur|84/100 par|[from] drain|[of] p1a: Ogerpon
|
|-heal|p2a: Venusaur|90/100 par|[from] item: Leftovers
|upkeep
|turn|8
|inactive|borutokun88 has 120 seconds left.
|
|t:|1758236404
|move|p1a: Ogerpon|Ivy Cudgel|p2a: Venusaur|[anim] Ivy Cudgel Water
|-supereffective|p2a: Venusaur
|-damage|p2a: Venusaur|0 fnt
|faint|p2a: Venusaur
|
|upkeep
|
|t:|1758236429
|switch|p2a: Dragonite|Dragonite, M|100/100
|turn|9
|
|t:|1758236437
|move|p1a: Ogerpon|U-turn|p2a: Dragonite
|-resisted|p2a: Dragonite
|-damage|p2a: Dragonite|94/100
|
|t:|1758236440
|switch|p1a: Skeledirge|Skeledirge, M|100/100|[from] U-turn
|move|p2a: Dragonite|Dragon Dance|p2a: Dragonite
|-boost|p2a: Dragonite|atk|1
|-boost|p2a: Dragonite|spe|1
|
|upkeep
|turn|10
|
|t:|1758236451
|move|p2a: Dragonite|Earthquake|p1a: Skeledirge
|-supereffective|p1a: Skeledirge
|-damage|p1a: Skeledirge|55/100
|move|p1a: Skeledirge|Will-O-Wisp|p2a: Dragonite
|-status|p2a: Dragonite|brn
|
|-damage|p2a: Dragonite|87/100 brn|[from] brn
|upkeep
|turn|11
|
|t:|1758236458
|move|p2a: Dragonite|Earthquake|p1a: Skeledirge
|-supereffective|p1a: Skeledirge
|-damage|p1a: Skeledirge|33/100
|move|p1a: Skeledirge|Slack Off|p1a: Skeledirge
|-heal|p1a: Skeledirge|83/100
|
|-damage|p2a: Dragonite|81/100 brn|[from] brn
|upkeep
|turn|12
|
|t:|1758236468
|move|p2a: Dragonite|Dragon Dance|p2a: Dragonite
|-boost|p2a: Dragonite|atk|1
|-boost|p2a: Dragonite|spe|1
|move|p1a: Skeledirge|Torch Song|p2a: Dragonite
|-resisted|p2a: Dragonite
|-damage|p2a: Dragonite|64/100 brn
|-boost|p1a: Skeledirge|spa|1
|
|-damage|p2a: Dragonite|58/100 brn|[from] brn
|upkeep
|turn|13
|
|t:|1758236474
|move|p2a: Dragonite|Dragon Dance|p2a: Dragonite
|-boost|p2a: Dragonite|atk|1
|-boost|p2a: Dragonite|spe|1
|move|p1a: Skeledirge|Torch Song|p2a: Dragonite
|-resisted|p2a: Dragonite
|-damage|p2a: Dragonite|37/100 brn
|-boost|p1a: Skeledirge|spa|1
|
|-damage|p2a: Dragonite|31/100 brn|[from] brn
|upkeep
|turn|14
|
|t:|1758236487
|move|p2a: Dragonite|Earthquake|p1a: Skeledirge
|-supereffective|p1a: Skeledirge
|-damage|p1a: Skeledirge|61/100
|move|p1a: Skeledirge|Torch Song|p2a: Dragonite
|-resisted|p2a: Dragonite
|-crit|p2a: Dragonite
|-damage|p2a: Dragonite|0 fnt
|-boost|p1a: Skeledirge|spa|1
|faint|p2a: Dragonite
|
|upkeep
|
|t:|1758236493
|switch|p2a: Lapras|Lapras, F|100/100
|-status|p2a: Lapras|psn
|turn|15
|
|t:|1758236500
|move|p1a: Skeledirge|Hex|p2a: Lapras
|-damage|p2a: Lapras|36/100 psn
|move|p2a: Lapras|Surf|p1a: Skeledirge
|-supereffective|p1a: Skeledirge
|-damage|p1a: Skeledirge|2/100
|
|-heal|p2a: Lapras|43/100 psn|[from] item: Leftovers
|-damage|p2a: Lapras|30/100 psn|[from] psn
|upkeep
|turn|16
|
|t:|1758236508
|move|p1a: Skeledirge|Hex|p2a: Lapras
|-damage|p2a: Lapras|0 fnt
|faint|p2a: Lapras
|
|upkeep
|
|t:|1758236514
|switch|p2a: Gengar|Gengar, F|100/100
|-sideend|p2: lasg95|move: Toxic Spikes|[of] p2a: Gengar
|turn|17
|
|t:|1758236530
|move|p2a: Gengar|Shadow Ball|p1a: Skeledirge
|-supereffective|p1a: Skeledirge
|-damage|p1a: Skeledirge|0 fnt
|faint|p1a: Skeledirge
|
|upkeep
|
|t:|1758236536
|switch|p1a: Ogerpon|Ogerpon-Wellspring, F|71/100
|turn|18
|
|t:|1758236544
|move|p1a: Ogerpon|Knock Off|p2a: Gengar
|-supereffective|p2a: Gengar
|-enditem|p2a: Gengar|Focus Sash
|-damage|p2a: Gengar|1/100
|-start|p1a: Ogerpon|Disable|Knock Off|[from] ability: Cursed Body|[of] p2a: Gengar
|move|p2a: Gengar|Sludge Bomb|p1a: Ogerpon
|-supereffective|p1a: Ogerpon
|-damage|p1a: Ogerpon|0 fnt
|faint|p1a: Ogerpon
|
|upkeep
|
|t:|1758236558
|switch|p1a: Kingambit|Kingambit, M|88/100
|-activate|p1a: Kingambit|ability: Supreme Overlord
|-start|p1a: Kingambit|fallen2|[silent]
|turn|19
|
|t:|1758236564
|move|p2a: Gengar|Destiny Bond|p2a: Gengar
|-singlemove|p2a: Gengar|Destiny Bond
|move|p1a: Kingambit|Swords Dance|p1a: Kingambit
|-boost|p1a: Kingambit|atk|2
|
|upkeep
|turn|20
|
|t:|1758236575
|move|p2a: Gengar|Focus Blast|p1a: Kingambit
|-supereffective|p1a: Kingambit
|-damage|p1a: Kingambit|0 fnt
|faint|p1a: Kingambit
|-end|p1a: Kingambit|fallen2|[silent]
|
|upkeep
|
|t:|1758236582
|switch|p1a: Zapdos|Zapdos|75/100
|turn|21
|
|t:|1758236597
|move|p2a: Gengar|Destiny Bond|p2a: Gengar
|-singlemove|p2a: Gengar|Destiny Bond
|move|p1a: Zapdos|Thunder Wave|p2a: Gengar
|-status|p2a: Gengar|par
|
|upkeep
|turn|22
|
|t:|1758236607
|switch|p1a: Great Tusk|Great Tusk|100/100
|move|p2a: Gengar|Shadow Ball|p1a: Great Tusk
|-damage|p1a: Great Tusk|38/100
|
|upkeep
|turn|23
|
|t:|1758236617
|move|p1a: Great Tusk|Stealth Rock|p2a: Gengar
|-sidestart|p2: lasg95|move: Stealth Rock
|move|p2a: Gengar|Shadow Ball|p1a: Great Tusk
|-crit|p1a: Great Tusk
|-damage|p1a: Great Tusk|0 fnt
|faint|p1a: Great Tusk
|-end|p1a: Great Tusk|Protosynthesis|[silent]
|
|upkeep
|
|t:|1758236622
|switch|p1a: Zapdos|Zapdos|75/100
|turn|24
|
|t:|1758236632
|move|p1a: Zapdos|Volt Switch|p2a: Gengar
|-damage|p2a: Gengar|0 fnt
|-start|p1a: Zapdos|Disable|Volt Switch|[from] ability: Cursed Body|[of] p2a: Gengar
|faint|p2a: Gengar
|
|t:|1758236635
|switch|p1a: Toxapex|Toxapex, M|100/100|[from] Volt Switch
|
|upkeep
|
|t:|1758236643
|switch|p2a: Espeon|Espeon, M|100/100
|-damage|p2a: Espeon|88/100|[from] Stealth Rock
|turn|25
|
|t:|1758236648
|move|p2a: Espeon|Psychic|p1a: Toxapex
|-supereffective|p1a: Toxapex
|-damage|p1a: Toxapex|29/100
|move|p1a: Toxapex|Toxic|p2a: Espeon
|move|p2a: Espeon|Toxic|p1a: Toxapex|[from] ability: Magic Bounce
|-immune|p1a: Toxapex
|
|-heal|p1a: Toxapex|35/100|[from] item: Black Sludge
|upkeep
|turn|26
|
|t:|1758236656
|switch|p1a: Zapdos|Zapdos|75/100
|move|p2a: Espeon|Psychic|p1a: Zapdos
|-damage|p1a: Zapdos|16/100
|-unboost|p1a: Zapdos|spd|1
|
|upkeep
|turn|27
|-message|borutokun88 forfeited.
|
|win|lasg95
|raw|borutokun88's rating: 1254 &rarr; <strong>1226</strong><br />(-28 for losing)
|raw|lasg95's rating: 1208 &rarr; <strong>1236</strong><br />(+28 for winning)
|l|☆borutokun88
|player|p1|
|l|☆lasg95
|player|p2|
