|j|☆rahul's troy
|j|☆Mperlop
|t:|1758271545
|gametype|singles
|player|p1|rahul's troy|170|1380
|player|p2|Mperlop|265|1429
|gen|9
|tier|[Gen 9] OU
|rated|
|rule|HP Percentage Mod: HP is shown in percentages
|rule|Endless Battle Clause: Forcing endless battles is banned
|rule|Species Clause: Limit one of each Pokémon
|rule|OHKO Clause: OHKO moves are banned
|rule|Evasion Items Clause: Evasion items are banned
|rule|Evasion Moves Clause: Evasion moves are banned
|rule|Evasion Abilities Clause: Evasion abilities are banned
|rule|Sleep Moves Clause: Sleep-inducing moves are banned
|clearpoke
|poke|p1|Araquanid, M|
|poke|p1|Great Tusk|
|poke|p1|Kyurem|
|poke|p1|Enamorus, F|
|poke|p1|Zapdos|
|poke|p1|Scizor, M|
|poke|p2|Tornadus, M|
|poke|p2|Toxtricity, M|
|poke|p2|Iron Valiant|
|poke|p2|Arcanine-Hisui, M|
|poke|p2|Brambleghast, M|
|poke|p2|Hydreigon, M|
|teampreview
|inactive|Battle timer is ON: inactive players will automatically lose when time's up. (requested by Mperlop)
|
|t:|1758271569
|teamsize|p1|6
|teamsize|p2|6
|start
|switch|p1a: "Gluttony"|Great Tusk|100/100
|switch|p2a: Tornadus|Tornadus, M, shiny|100/100
|turn|1
|
|t:|1758271575
|-end|p1a: "Gluttony"|Protosynthesis|[silent]
|switch|p1a: "Wrath"|Zapdos|100/100
|move|p2a: Tornadus|Tailwind|p2a: Tornadus
|-sidestart|p2: Mperlop|move: Tailwind
|
|upkeep
|turn|2
|
|t:|1758271583
|switch|p2a: Toxtricity|Toxtricity, M, shiny|100/100
|move|p1a: "Wrath"|Volt Switch|p2a: Toxtricity
|-resisted|p2a: Toxtricity
|-damage|p2a: Toxtricity|78/100
|
|t:|1758271597
|switch|p1a: "Gluttony"|Great Tusk|100/100|[from] Volt Switch
|
|upkeep
|turn|3
|
|t:|1758271603
|move|p2a: Toxtricity|Boomburst|p1a: "Gluttony"
|-damage|p1a: "Gluttony"|0 fnt
|faint|p1a: "Gluttony"
|-end|p1a: "Gluttony"|Protosynthesis|[silent]
|
|upkeep
|
|t:|1758271610
|switch|p1a: "Pride"|Scizor, M|100/100
|turn|4
|
|t:|1758271618
|move|p2a: Toxtricity|Boomburst|p1a: "Pride"
|-resisted|p1a: "Pride"
|-damage|p1a: "Pride"|41/100
|move|p1a: "Pride"|Knock Off|p2a: Toxtricity
|-crit|p2a: Toxtricity
|-damage|p2a: Toxtricity|0 fnt
|-enditem|p2a: Toxtricity|Choice Specs|[from] move: Knock Off|[of] p1a: "Pride"
|faint|p2a: Toxtricity
|
|-sideend|p2: Mperlop|move: Tailwind
|upkeep
|
|t:|1758271628
|switch|p2a: Tornadus|Tornadus, M, shiny|100/100
|turn|5
|
|t:|1758271633
|move|p2a: Tornadus|Tailwind|p2a: Tornadus
|-sidestart|p2: Mperlop|move: Tailwind
|move|p1a: "Pride"|Knock Off|p2a: Tornadus
|-damage|p2a: Tornadus|12/100
|-enditem|p2a: Tornadus|Eject Button|[from] move: Knock Off|[of] p1a: "Pride"
|
|upkeep
|turn|6
|
|t:|1758271641
|switch|p1a: "Wrath"|Zapdos|100/100
|move|p2a: Tornadus|Focus Blast|p1a: "Wrath"
|-resisted|p1a: "Wrath"
|-damage|p1a: "Wrath"|87/100
|
|upkeep
|turn|7
|
|t:|1758271647
|move|p2a: Tornadus|Taunt|p1a: "Wrath"
|-start|p1a: "Wrath"|move: Taunt
|move|p1a: "Wrath"|Volt Switch|p2a: Tornadus
|-supereffective|p2a: Tornadus
|-damage|p2a: Tornadus|0 fnt
|faint|p2a: Tornadus
|
|t:|1758271666
|switch|p1a: "Greed"|Araquanid, M|100/100|[from] Volt Switch
|
|upkeep
|
|t:|1758271671
|switch|p2a: Brambleghast|Brambleghast, M, shiny|100/100
|-ability|p2a: Brambleghast|Wind Rider|boost
|-boost|p2a: Brambleghast|atk|1
|turn|8
|
|t:|1758271679
|move|p2a: Brambleghast|Rapid Spin|p1a: "Greed"
|-damage|p1a: "Greed"|66/100
|-boost|p2a: Brambleghast|spe|1
|-damage|p2a: Brambleghast|91/100|[from] item: Life Orb
|move|p1a: "Greed"|Ice Beam|p2a: Brambleghast
|-supereffective|p2a: Brambleghast
|-damage|p2a: Brambleghast|49/100
|
|-sideend|p2: Mperlop|move: Tailwind
|upkeep
|turn|9
|
|t:|1758271693
|move|p2a: Brambleghast|Poltergeist|p1a: "Greed"
|-activate|p1a: "Greed"|move: Poltergeist|Mystic Water
|-damage|p1a: "Greed"|0 fnt
|faint|p1a: "Greed"
|-damage|p2a: Brambleghast|39/100|[from] item: Life Orb
|
|upkeep
|
|t:|1758271700
|switch|p1a: "Pride"|Scizor, M|41/100
|turn|10
|
|t:|1758271704
|move|p2a: Brambleghast|Shadow Sneak|p1a: "Pride"
|-damage|p1a: "Pride"|0 fnt
|faint|p1a: "Pride"
|-damage|p2a: Brambleghast|29/100|[from] item: Life Orb
|
|upkeep
|
|t:|1758271732
|switch|p1a: "Lust"|Enamorus, F|100/100
|turn|11
|
|t:|1758271739
|move|p1a: "Lust"|Moonblast|p2a: Brambleghast
|-damage|p2a: Brambleghast|0 fnt
|faint|p2a: Brambleghast
|
|upkeep
|
|t:|1758271751
|switch|p2a: Arcanine|Arcanine-Hisui, M, shiny|100/100
|turn|12
|inactive|rahul's troy has 120 seconds left.
|inactive|rahul's troy has 90 seconds left.
|inactive|rahul's troy has 60 seconds left.
|
|t:|1758271844
|switch|p1a: "Wrath"|Zapdos|87/100
|move|p2a: Arcanine|Head Smash|p1a: "Wrath"
|-supereffective|p1a: "Wrath"
|-damage|p1a: "Wrath"|0 fnt
|-status|p2a: Arcanine|par|[from] ability: Static|[of] p1a: "Wrath"
|faint|p1a: "Wrath"
|
|upkeep
|inactive|rahul's troy has 60 seconds left.
|
|t:|1758271857
|switch|p1a: "Lust"|Enamorus, F|100/100
|turn|13
|inactive|rahul's troy has 60 seconds left.
|
|t:|1758271862
|move|p1a: "Lust"|Focus Blast|p2a: Arcanine
|-supereffective|p2a: Arcanine
|-damage|p2a: Arcanine|0 fnt
|faint|p2a: Arcanine
|
|upkeep
|
|t:|1758271872
|switch|p2a: Iron Valiant|Iron Valiant, shiny|100/100
|turn|14
|
|t:|1758271878
|switch|p1a: "Sloth"|Kyurem|100/100
|-ability|p1a: "Sloth"|Pressure
|-terastallize|p2a: Iron Valiant|Fairy
|move|p2a: Iron Valiant|Moonblast|p1a: "Sloth"
|-supereffective|p1a: "Sloth"
|-damage|p1a: "Sloth"|0 fnt
|faint|p1a: "Sloth"
|
|upkeep
|
|t:|1758271887
|switch|p1a: "Lust"|Enamorus, F|100/100
|turn|15
|
|t:|1758271893
|-terastallize|p1a: "Lust"|Fairy
|move|p1a: "Lust"|Moonblast|p2a: Iron Valiant
|-damage|p2a: Iron Valiant|0 fnt
|faint|p2a: Iron Valiant
|-end|p2a: Iron Valiant|Quark Drive|[silent]
|
|upkeep
|
|t:|1758271898
|switch|p2a: Hydreigon|Hydreigon, M, shiny|100/100
|turn|16
|
|t:|1758271902
|move|p1a: "Lust"|Moonblast|p2a: Hydreigon
|-supereffective|p2a: Hydreigon
|-damage|p2a: Hydreigon|0 fnt
|faint|p2a: Hydreigon
|
|win|rahul's troy
|raw|rahul&apos;s troy's rating: 1380 &rarr; <strong>1403</strong><br />(+23 for winning)
|raw|Mperlop's rating: 1429 &rarr; <strong>1406</strong><br />(-23 for losing)
|l|☆Mperlop
|player|p2|
