|j|☆kklnlk
|j|☆Swag_SerotoninYT
|t:|1758378509
|gametype|singles
|player|p1|kklnlk|101|1097
|player|p2|Swag_SerotoninYT|harlequin|1150
|gen|9
|tier|[Gen 9] OU
|rated|
|rule|HP Percentage Mod: HP is shown in percentages
|rule|Endless Battle Clause: Forcing endless battles is banned
|rule|Species Clause: Limit one of each Pokémon
|rule|OHKO Clause: OHKO moves are banned
|rule|Evasion Items Clause: Evasion items are banned
|rule|Evasion Moves Clause: Evasion moves are banned
|rule|Evasion Abilities Clause: Evasion abilities are banned
|rule|Sleep Moves Clause: Sleep-inducing moves are banned
|clearpoke
|poke|p1|Blissey, F|
|poke|p1|Cloyster, M|
|poke|p1|Clefable, M|
|poke|p1|Scizor, F|
|poke|p1|Dragapult, M|
|poke|p1|Kommo-o, M|
|poke|p2|Gastrodon, M|
|poke|p2|Masquerain, M|
|poke|p2|Stantler, F|
|poke|p2|Chandelure, M|
|poke|p2|Grimmsnarl, M|
|poke|p2|Sandslash-Alola, M|
|teampreview
|inactive|Battle timer is ON: inactive players will automatically lose when time's up. (requested by Swag_SerotoninYT)
|
|t:|1758378521
|teamsize|p1|6
|teamsize|p2|6
|start
|switch|p1a: Blissey|Blissey, F|100/100
|switch|p2a: Masquerain|Masquerain, M|100/100
|-ability|p2a: Masquerain|Intimidate|boost
|-unboost|p1a: Blissey|atk|1
|turn|1
|
|t:|1758378526
|move|p2a: Masquerain|Sticky Web|p1a: Blissey
|-sidestart|p1: kklnlk|move: Sticky Web
|move|p1a: Blissey|Calm Mind|p1a: Blissey
|-boost|p1a: Blissey|spa|1
|-boost|p1a: Blissey|spd|1
|
|upkeep
|turn|2
|
|t:|1758378529
|move|p2a: Masquerain|Stun Spore|p1a: Blissey|[miss]
|-miss|p2a: Masquerain|p1a: Blissey
|move|p1a: Blissey|Calm Mind|p1a: Blissey
|-boost|p1a: Blissey|spa|1
|-boost|p1a: Blissey|spd|1
|
|upkeep
|turn|3
|
|t:|1758378534
|move|p2a: Masquerain|Stun Spore|p1a: Blissey
|-status|p1a: Blissey|par
|move|p1a: Blissey|Calm Mind|p1a: Blissey
|-boost|p1a: Blissey|spa|1
|-boost|p1a: Blissey|spd|1
|
|upkeep
|turn|4
|
|t:|1758378558
|switch|p2a: Sandslash|Sandslash-Alola, M|100/100
|cant|p1a: Blissey|par
|
|upkeep
|turn|5
|
|t:|1758378569
|move|p2a: Sandslash|Ice Spinner|p1a: Blissey
|-damage|p1a: Blissey|74/100 par
|cant|p1a: Blissey|par
|
|-heal|p1a: Blissey|80/100 par|[from] item: Leftovers
|upkeep
|turn|6
|
|t:|1758378577
|move|p2a: Sandslash|Ice Spinner|p1a: Blissey
|-damage|p1a: Blissey|49/100 par
|cant|p1a: Blissey|par
|
|-heal|p1a: Blissey|55/100 par|[from] item: Leftovers
|upkeep
|turn|7
|
|t:|1758378583
|move|p2a: Sandslash|Ice Spinner|p1a: Blissey
|-damage|p1a: Blissey|25/100 par
|move|p1a: Blissey|Soft-Boiled|p1a: Blissey
|-heal|p1a: Blissey|75/100 par
|
|-heal|p1a: Blissey|81/100 par|[from] item: Leftovers
|upkeep
|turn|8
|
|t:|1758378588
|move|p2a: Sandslash|Ice Spinner|p1a: Blissey
|-damage|p1a: Blissey|53/100 par
|move|p1a: Blissey|Soft-Boiled|p1a: Blissey
|-heal|p1a: Blissey|100/100 par
|
|upkeep
|turn|9
|
|t:|1758378605
|switch|p2a: Stantler|Stantler, F|100/100
|move|p1a: Blissey|Stored Power|p2a: Stantler
|-damage|p2a: Stantler|45/100
|
|upkeep
|turn|10
|
|t:|1758378612
|move|p2a: Stantler|Rest|p2a: Stantler
|-status|p2a: Stantler|slp|[from] move: Rest
|-heal|p2a: Stantler|100/100 slp|[silent]
|move|p1a: Blissey|Stored Power|p2a: Stantler
|-damage|p2a: Stantler|43/100 slp
|
|upkeep
|turn|11
|
|t:|1758378618
|cant|p2a: Stantler|slp
|move|p2a: Stantler|Sleep Talk|p2a: Stantler
|move|p2a: Stantler|Rest||[from] move: Sleep Talk|[still]
|-fail|p2a: Stantler
|move|p1a: Blissey|Calm Mind|p1a: Blissey
|-boost|p1a: Blissey|spa|1
|-boost|p1a: Blissey|spd|1
|
|upkeep
|turn|12
|
|t:|1758378625
|cant|p2a: Stantler|slp
|move|p2a: Stantler|Sleep Talk|p2a: Stantler
|move|p2a: Stantler|Psyshield Bash|p1a: Blissey|[from] move: Sleep Talk
|-damage|p1a: Blissey|81/100 par
|-boost|p2a: Stantler|def|1
|move|p1a: Blissey|Stored Power|p2a: Stantler
|-damage|p2a: Stantler|0 fnt
|faint|p2a: Stantler
|
|-heal|p1a: Blissey|88/100 par|[from] item: Leftovers
|upkeep
|
|t:|1758378636
|switch|p2a: Grimmsnarl|Grimmsnarl, M|100/100
|turn|13
|
|t:|1758378640
|-terastallize|p1a: Blissey|Ghost
|move|p2a: Grimmsnarl|Spirit Break|p1a: Blissey
|-damage|p1a: Blissey|51/100 par
|-unboost|p1a: Blissey|spa|1
|cant|p1a: Blissey|par
|
|-heal|p1a: Blissey|57/100 par|[from] item: Leftovers
|upkeep
|turn|14
|
|t:|1758378649
|move|p2a: Grimmsnarl|Spirit Break|p1a: Blissey
|-damage|p1a: Blissey|24/100 par
|-unboost|p1a: Blissey|spa|1
|move|p1a: Blissey|Drain Punch|p2a: Grimmsnarl
|-damage|p2a: Grimmsnarl|97/100
|-heal|p1a: Blissey|25/100 par|[from] drain|[of] p2a: Grimmsnarl
|
|-heal|p1a: Blissey|32/100 par|[from] item: Leftovers
|upkeep
|turn|15
|
|t:|1758378669
|move|p2a: Grimmsnarl|Spirit Break|p1a: Blissey
|-damage|p1a: Blissey|0 fnt
|faint|p1a: Blissey
|
|upkeep
|
|t:|1758378683
|switch|p1a: Scizor|Scizor, F|100/100
|-activate|p1a: Scizor|move: Sticky Web
|-unboost|p1a: Scizor|spe|1
|turn|16
|
|t:|1758378692
|move|p2a: Grimmsnarl|Parting Shot|p1a: Scizor
|-unboost|p1a: Scizor|atk|1
|-unboost|p1a: Scizor|spa|1
|
|t:|1758378694
|switch|p2a: Chandelure|Chandelure, M|100/100|[from] Parting Shot
|move|p1a: Scizor|Bullet Punch|p2a: Chandelure
|-resisted|p2a: Chandelure
|-damage|p2a: Chandelure|83/100
|
|upkeep
|turn|17
|
|t:|1758378706
|switch|p1a: Cloyster|Cloyster, M|100/100
|-activate|p1a: Cloyster|move: Sticky Web
|-unboost|p1a: Cloyster|spe|1
|move|p2a: Chandelure|Fire Spin|p1a: Cloyster
|-damage|p1a: Cloyster|48/100
|-activate|p1a: Cloyster|move: Fire Spin|[of] p2a: Chandelure
|
|-damage|p1a: Cloyster|36/100|[from] move: Fire Spin|[partiallytrapped]
|upkeep
|turn|18
|
|t:|1758378713
|move|p2a: Chandelure|Energy Ball|p1a: Cloyster
|-supereffective|p1a: Cloyster
|-damage|p1a: Cloyster|0 fnt
|faint|p1a: Cloyster
|
|upkeep
|
|t:|1758378717
|switch|p1a: Dragapult|Dragapult, M|100/100
|turn|19
|
|t:|1758378728
|switch|p2a: Grimmsnarl|Grimmsnarl, M|97/100
|move|p1a: Dragapult|Dragon Dance|p1a: Dragapult
|-boost|p1a: Dragapult|atk|1
|-boost|p1a: Dragapult|spe|1
|
|upkeep
|turn|20
|
|t:|1758378757
|move|p1a: Dragapult|Thunderbolt|p2a: Grimmsnarl
|-damage|p2a: Grimmsnarl|74/100
|move|p2a: Grimmsnarl|Spirit Break|p1a: Dragapult
|-supereffective|p1a: Dragapult
|-damage|p1a: Dragapult|0 fnt
|faint|p1a: Dragapult
|
|upkeep
|
|t:|1758378766
|switch|p1a: Kommo-o|Kommo-o, M|100/100
|-activate|p1a: Kommo-o|move: Sticky Web
|-unboost|p1a: Kommo-o|spe|1
|turn|21
|
|t:|1758378771
|move|p1a: Kommo-o|Belly Drum|p1a: Kommo-o
|-damage|p1a: Kommo-o|50/100
|-setboost|p1a: Kommo-o|atk|6|[from] move: Belly Drum
|move|p2a: Grimmsnarl|Spirit Break|p1a: Kommo-o
|-supereffective|p1a: Kommo-o
|-damage|p1a: Kommo-o|0 fnt
|faint|p1a: Kommo-o
|
|upkeep
|
|t:|1758378778
|switch|p1a: Scizor|Scizor, F|100/100
|-activate|p1a: Scizor|move: Sticky Web
|-unboost|p1a: Scizor|spe|1
|turn|22
|
|t:|1758378786
|move|p2a: Grimmsnarl|Parting Shot|p1a: Scizor
|-unboost|p1a: Scizor|atk|1
|-unboost|p1a: Scizor|spa|1
|
|t:|1758378788
|switch|p2a: Chandelure|Chandelure, M|83/100|[from] Parting Shot
|move|p1a: Scizor|Knock Off|p2a: Chandelure
|-supereffective|p2a: Chandelure
|-damage|p2a: Chandelure|0 fnt
|-enditem|p2a: Chandelure|Assault Vest|[from] move: Knock Off|[of] p1a: Scizor
|faint|p2a: Chandelure
|
|upkeep
|
|t:|1758378811
|switch|p2a: Gastrodon|Gastrodon, M|100/100
|turn|23
|
|t:|1758378816
|move|p2a: Gastrodon|Hydro Pump|p1a: Scizor
|-damage|p1a: Scizor|60/100
|move|p1a: Scizor|Knock Off|p2a: Gastrodon
|-crit|p2a: Gastrodon
|-damage|p2a: Gastrodon|21/100
|-enditem|p2a: Gastrodon|Leftovers|[from] move: Knock Off|[of] p1a: Scizor
|
|upkeep
|turn|24
|
|t:|1758378824
|move|p2a: Gastrodon|Hydro Pump|p1a: Scizor
|-damage|p1a: Scizor|14/100
|move|p1a: Scizor|Knock Off|p2a: Gastrodon
|-damage|p2a: Gastrodon|0 fnt
|faint|p2a: Gastrodon
|
|upkeep
|
|t:|1758378834
|switch|p2a: Masquerain|Masquerain, M|100/100
|-ability|p2a: Masquerain|Intimidate|boost
|-unboost|p1a: Scizor|atk|1
|turn|25
|
|t:|1758378837
|move|p2a: Masquerain|Bug Buzz|p1a: Scizor
|-resisted|p1a: Scizor
|-damage|p1a: Scizor|0 fnt
|faint|p1a: Scizor
|
|upkeep
|
|t:|1758378840
|switch|p1a: Clefable|Clefable, M|100/100
|-activate|p1a: Clefable|move: Sticky Web
|-unboost|p1a: Clefable|spe|1
|turn|26
|
|t:|1758378842
|move|p2a: Masquerain|Stun Spore|p1a: Clefable
|-status|p1a: Clefable|par
|cant|p1a: Clefable|par
|
|upkeep
|turn|27
|
|t:|1758378848
|move|p2a: Masquerain|Ice Beam|p1a: Clefable
|-damage|p1a: Clefable|76/100 par
|move|p1a: Clefable|Calm Mind|p1a: Clefable
|-boost|p1a: Clefable|spa|1
|-boost|p1a: Clefable|spd|1
|
|-heal|p1a: Clefable|82/100 par|[from] item: Leftovers
|upkeep
|turn|28
|-message|kklnlk forfeited.
|
|win|Swag_SerotoninYT
|raw|kklnlk's rating: 1097 &rarr; <strong>1076</strong><br />(-21 for losing)
|raw|Swag_SerotoninYT's rating: 1150 &rarr; <strong>1171</strong><br />(+21 for winning)
|l|☆kklnlk
|player|p1|
|l|☆Swag_SerotoninYT
|player|p2|
