|j|☆mighelycodyy
|j|☆legrosport
|t:|1758379503
|gametype|singles
|player|p1|mighelycodyy|n|1105
|player|p2|legrosport|170|1095
|gen|9
|tier|[Gen 9] OU
|rated|
|rule|HP Percentage Mod: HP is shown in percentages
|rule|Endless Battle Clause: Forcing endless battles is banned
|rule|Species Clause: Limit one of each Pokémon
|rule|OHKO Clause: OHKO moves are banned
|rule|Evasion Items Clause: Evasion items are banned
|rule|Evasion Moves Clause: Evasion moves are banned
|rule|Evasion Abilities Clause: Evasion abilities are banned
|rule|Sleep Moves Clause: Sleep-inducing moves are banned
|clearpoke
|poke|p1|Meganium, F|
|poke|p1|Delphox, F|
|poke|p1|Raichu, M|
|poke|p1|Hawlucha, M|
|poke|p1|Greninja-*, M|
|poke|p1|Froslass, F|
|poke|p2|Zamazenta-*|
|poke|p2|Ogerpon-Wellspring, F|
|poke|p2|Raging Bolt|
|poke|p2|Hatterene, F|
|poke|p2|Ceruledge, F|
|poke|p2|Glimmora, M|
|teampreview
|
|t:|1758379510
|teamsize|p1|6
|teamsize|p2|6
|start
|switch|p1a: Greninja|Greninja, M|100/100
|switch|p2a: Glimmora|Glimmora, M|100/100
|turn|1
|inactive|Battle timer is ON: inactive players will automatically lose when time's up. (requested by mighelycodyy)
|
|t:|1758379531
|move|p1a: Greninja|Water Shuriken|p2a: Glimmora
|-supereffective|p2a: Glimmora
|-damage|p2a: Glimmora|72/100
|-supereffective|p2a: Glimmora
|-damage|p2a: Glimmora|46/100
|-hitcount|p2a: Glimmora|2
|-enditem|p2a: Glimmora|Red Card|[of] p1a: Greninja
|drag|p1a: Raichu|Raichu, M|100/100
|-item|p1a: Raichu|Air Balloon
|move|p2a: Glimmora|Stealth Rock|p1a: Raichu
|-sidestart|p1: mighelycodyy|move: Stealth Rock
|
|upkeep
|turn|2
|
|t:|1758379542
|move|p2a: Glimmora|Protect|p2a: Glimmora
|-singleturn|p2a: Glimmora|Protect
|move|p1a: Raichu|Surf|p2a: Glimmora
|-activate|p2a: Glimmora|move: Protect
|
|upkeep
|turn|3
|
|t:|1758379553
|move|p1a: Raichu|Surf|p2a: Glimmora
|-supereffective|p2a: Glimmora
|-damage|p2a: Glimmora|0 fnt
|faint|p2a: Glimmora
|
|upkeep
|
|t:|1758379565
|switch|p2a: Raging Bolt|Raging Bolt|100/100
|-enditem|p2a: Raging Bolt|Booster Energy
|-activate|p2a: Raging Bolt|ability: Protosynthesis|[fromitem]
|-start|p2a: Raging Bolt|protosynthesisspa
|turn|4
|
|t:|1758379573
|move|p1a: Raichu|Nasty Plot|p1a: Raichu
|-boost|p1a: Raichu|spa|2
|move|p2a: Raging Bolt|Calm Mind|p2a: Raging Bolt
|-boost|p2a: Raging Bolt|spa|1
|-boost|p2a: Raging Bolt|spd|1
|
|upkeep
|turn|5
|
|t:|1758379583
|move|p1a: Raichu|Alluring Voice|p2a: Raging Bolt
|-supereffective|p2a: Raging Bolt
|-damage|p2a: Raging Bolt|45/100
|move|p2a: Raging Bolt|Dragon Pulse|p1a: Raichu
|-damage|p1a: Raichu|0 fnt
|-enditem|p1a: Raichu|Air Balloon
|faint|p1a: Raichu
|
|upkeep
|
|t:|1758379590
|switch|p1a: Meganium|Meganium, F|100/100
|-damage|p1a: Meganium|88/100|[from] Stealth Rock
|turn|6
|
|t:|1758379607
|move|p1a: Meganium|Earthquake|p2a: Raging Bolt
|-supereffective|p2a: Raging Bolt
|-damage|p2a: Raging Bolt|0 fnt
|faint|p2a: Raging Bolt
|-end|p2a: Raging Bolt|Protosynthesis|[silent]
|
|upkeep
|
|t:|1758379611
|switch|p2a: Ceruledge|Ceruledge, F|100/100
|turn|7
|
|t:|1758379616
|switch|p1a: Greninja|Greninja, M|100/100
|-damage|p1a: Greninja|88/100|[from] Stealth Rock
|move|p2a: Ceruledge|Swords Dance|p2a: Ceruledge
|-boost|p2a: Ceruledge|atk|2
|
|upkeep
|turn|8
|
|t:|1758379631
|move|p1a: Greninja|Dark Pulse|p2a: Ceruledge
|-supereffective|p2a: Ceruledge
|-enditem|p2a: Ceruledge|Focus Sash
|-damage|p2a: Ceruledge|1/100
|-damage|p1a: Greninja|78/100|[from] item: Life Orb
|cant|p2a: Ceruledge|flinch
|
|upkeep
|turn|9
|-message|legrosport forfeited.
|
|win|mighelycodyy
|raw|mighelycodyy's rating: 1105 &rarr; <strong>1129</strong><br />(+24 for winning)
|raw|legrosport's rating: 1095 &rarr; <strong>1071</strong><br />(-24 for losing)
|l|☆legrosport
|player|p2|
|l|☆mighelycodyy
|player|p1|
|j|☆mighelycodyy
|player|p1|mighelycodyy|n|
|l|☆mighelycodyy
|player|p1|
