|j|☆Vacodrish
|j|☆PrimeXStriker
|t:|1758256920
|gametype|singles
|player|p1|Vacodrish|beauty-masters|1414
|player|p2|PrimeXStriker|marshal|1381
|gen|9
|tier|[Gen 9] OU
|rated|
|rule|HP Percentage Mod: HP is shown in percentages
|rule|Endless Battle Clause: Forcing endless battles is banned
|rule|Species Clause: Limit one of each Pokémon
|rule|OHKO Clause: OHKO moves are banned
|rule|Evasion Items Clause: Evasion items are banned
|rule|Evasion Moves Clause: Evasion moves are banned
|rule|Evasion Abilities Clause: Evasion abilities are banned
|rule|Sleep Moves Clause: Sleep-inducing moves are banned
|clearpoke
|poke|p1|Iron Moth|
|poke|p1|Ting-Lu|
|poke|p1|Torkoal, F|
|poke|p1|Walking Wake|
|poke|p1|Great Tusk|
|poke|p1|Slither Wing|
|poke|p2|Pawmot, M|
|poke|p2|Zamazenta-*|
|poke|p2|Tyranitar, M|
|poke|p2|Darkrai|
|poke|p2|Iron Valiant|
|poke|p2|Corviknight, M|
|teampreview
|
|t:|1758256965
|teamsize|p1|6
|teamsize|p2|6
|start
|switch|p1a: Slither Wing|Slither Wing|100/100
|switch|p2a: Iron Valiant|Iron Valiant|100/100
|-enditem|p2a: Iron Valiant|Booster Energy
|-activate|p2a: Iron Valiant|ability: Quark Drive|[fromitem]
|-start|p2a: Iron Valiant|quarkdrivespe
|turn|1
|inactive|Battle timer is ON: inactive players will automatically lose when time's up. (requested by PrimeXStriker)
|
|t:|1758256976
|-terastallize|p2a: Iron Valiant|Fairy
|-terastallize|p1a: Slither Wing|Fire
|move|p2a: Iron Valiant|Moonblast|p1a: Slither Wing
|-resisted|p1a: Slither Wing
|-damage|p1a: Slither Wing|70/100
|move|p1a: Slither Wing|Flare Blitz|p2a: Iron Valiant
|-damage|p2a: Iron Valiant|0 fnt
|faint|p2a: Iron Valiant
|-end|p2a: Iron Valiant|Quark Drive|[silent]
|-damage|p1a: Slither Wing|40/100|[from] Recoil
|
|upkeep
|
|t:|1758256995
|switch|p2a: Pawmot|Pawmot, M|100/100
|turn|2
|
|t:|1758257018
|-end|p1a: Slither Wing|Protosynthesis|[silent]
|switch|p1a: Torkoal|Torkoal, F|100/100
|-weather|SunnyDay|[from] ability: Drought|[of] p1a: Torkoal
|move|p2a: Pawmot|Close Combat|p1a: Torkoal
|-damage|p1a: Torkoal|60/100
|-unboost|p2a: Pawmot|def|1
|-unboost|p2a: Pawmot|spd|1
|-damage|p2a: Pawmot|91/100|[from] item: Life Orb
|
|-weather|SunnyDay|[upkeep]
|upkeep
|turn|3
|
|t:|1758257027
|switch|p2a: Tyranitar|Tyranitar, M|100/100
|-weather|Sandstorm|[from] ability: Sand Stream|[of] p2a: Tyranitar
|move|p1a: Torkoal|Lava Plume|p2a: Tyranitar
|-resisted|p2a: Tyranitar
|-damage|p2a: Tyranitar|96/100
|
|-weather|Sandstorm|[upkeep]
|-damage|p1a: Torkoal|54/100|[from] Sandstorm
|-heal|p2a: Tyranitar|100/100|[from] item: Leftovers
|upkeep
|turn|4
|
|t:|1758257036
|switch|p1a: Great Tusk|Great Tusk|100/100
|move|p2a: Tyranitar|Roar|p1a: Great Tusk
|-end|p1a: Great Tusk|Protosynthesis|[silent]
|drag|p1a: Walking Wake|Walking Wake|100/100
|
|-weather|Sandstorm|[upkeep]
|-damage|p1a: Walking Wake|94/100|[from] Sandstorm
|upkeep
|turn|5
|
|t:|1758257048
|move|p1a: Walking Wake|Hydro Steam|p2a: Tyranitar
|-supereffective|p2a: Tyranitar
|-damage|p2a: Tyranitar|50/100
|move|p2a: Tyranitar|Knock Off|p1a: Walking Wake
|-damage|p1a: Walking Wake|45/100
|-enditem|p1a: Walking Wake|Choice Specs|[from] move: Knock Off|[of] p2a: Tyranitar
|
|-weather|Sandstorm|[upkeep]
|-damage|p1a: Walking Wake|39/100|[from] Sandstorm
|-heal|p2a: Tyranitar|56/100|[from] item: Leftovers
|upkeep
|turn|6
|
|t:|1758257058
|-end|p1a: Walking Wake|Protosynthesis|[silent]
|switch|p1a: Great Tusk|Great Tusk|100/100
|move|p2a: Tyranitar|Knock Off|p1a: Great Tusk
|-resisted|p1a: Great Tusk
|-damage|p1a: Great Tusk|87/100
|-enditem|p1a: Great Tusk|Heavy-Duty Boots|[from] move: Knock Off|[of] p2a: Tyranitar
|
|-weather|Sandstorm|[upkeep]
|-heal|p2a: Tyranitar|62/100|[from] item: Leftovers
|upkeep
|turn|7
|
|t:|1758257065
|-end|p1a: Great Tusk|Protosynthesis|[silent]
|switch|p1a: Torkoal|Torkoal, F|54/100
|-weather|SunnyDay|[from] ability: Drought|[of] p1a: Torkoal
|switch|p2a: Corviknight|Corviknight, M|100/100
|-ability|p2a: Corviknight|Pressure
|
|-weather|SunnyDay|[upkeep]
|upkeep
|turn|8
|
|t:|1758257068
|switch|p2a: Tyranitar|Tyranitar, M|62/100
|-weather|Sandstorm|[from] ability: Sand Stream|[of] p2a: Tyranitar
|move|p1a: Torkoal|Will-O-Wisp|p2a: Tyranitar
|-status|p2a: Tyranitar|brn
|
|-weather|Sandstorm|[upkeep]
|-damage|p1a: Torkoal|48/100|[from] Sandstorm
|-heal|p2a: Tyranitar|68/100 brn|[from] item: Leftovers
|-damage|p2a: Tyranitar|62/100 brn|[from] brn
|upkeep
|turn|9
|
|t:|1758257077
|switch|p1a: Great Tusk|Great Tusk|87/100
|move|p2a: Tyranitar|Stealth Rock|p1a: Great Tusk
|-sidestart|p1: Vacodrish|move: Stealth Rock
|
|-weather|Sandstorm|[upkeep]
|-heal|p2a: Tyranitar|68/100 brn|[from] item: Leftovers
|-damage|p2a: Tyranitar|62/100 brn|[from] brn
|upkeep
|turn|10
|
|t:|1758257080
|switch|p2a: Corviknight|Corviknight, M|100/100
|-ability|p2a: Corviknight|Pressure
|move|p1a: Great Tusk|Rapid Spin|p2a: Corviknight
|-resisted|p2a: Corviknight
|-damage|p2a: Corviknight|96/100
|-boost|p1a: Great Tusk|spe|1
|-damage|p1a: Great Tusk|70/100|[from] item: Rocky Helmet|[of] p2a: Corviknight
|-sideend|p1: Vacodrish|Stealth Rock|[from] move: Rapid Spin|[of] p1a: Great Tusk
|
|-weather|Sandstorm|[upkeep]
|upkeep
|turn|11
|
|t:|1758257097
|-end|p1a: Great Tusk|Protosynthesis|[silent]
|switch|p1a: Torkoal|Torkoal, F|48/100
|-weather|SunnyDay|[from] ability: Drought|[of] p1a: Torkoal
|move|p2a: Corviknight|Body Press|p1a: Torkoal
|-damage|p1a: Torkoal|32/100
|
|-weather|SunnyDay|[upkeep]
|upkeep
|turn|12
|
|t:|1758257105
|switch|p2a: Tyranitar|Tyranitar, M|62/100 brn
|-weather|Sandstorm|[from] ability: Sand Stream|[of] p2a: Tyranitar
|switch|p1a: Slither Wing|Slither Wing, tera:Fire|40/100
|
|-weather|Sandstorm|[upkeep]
|-damage|p1a: Slither Wing|34/100|[from] Sandstorm
|-heal|p2a: Tyranitar|68/100 brn|[from] item: Leftovers
|-damage|p2a: Tyranitar|62/100 brn|[from] brn
|upkeep
|turn|13
|
|t:|1758257118
|switch|p2a: Zamazenta|Zamazenta|100/100
|-ability|p2a: Zamazenta|Dauntless Shield|boost
|-boost|p2a: Zamazenta|def|1
|move|p1a: Slither Wing|Close Combat|p2a: Zamazenta
|-damage|p2a: Zamazenta|48/100
|-unboost|p1a: Slither Wing|def|1
|-unboost|p1a: Slither Wing|spd|1
|
|-weather|Sandstorm|[upkeep]
|-damage|p2a: Zamazenta|42/100|[from] Sandstorm
|-damage|p1a: Slither Wing|28/100|[from] Sandstorm
|-heal|p2a: Zamazenta|48/100|[from] item: Leftovers
|upkeep
|turn|14
|
|t:|1758257143
|-end|p1a: Slither Wing|Protosynthesis|[silent]
|switch|p1a: Great Tusk|Great Tusk|70/100
|move|p2a: Zamazenta|Body Press|p1a: Great Tusk
|-damage|p1a: Great Tusk|37/100
|
|-weather|Sandstorm|[upkeep]
|-damage|p2a: Zamazenta|42/100|[from] Sandstorm
|-heal|p2a: Zamazenta|48/100|[from] item: Leftovers
|upkeep
|turn|15
|
|t:|1758257159
|switch|p2a: Corviknight|Corviknight, M|96/100
|-ability|p2a: Corviknight|Pressure
|move|p1a: Great Tusk|Headlong Rush|p2a: Corviknight
|-immune|p2a: Corviknight
|
|-weather|Sandstorm|[upkeep]
|upkeep
|turn|16
|
|t:|1758257181
|-end|p1a: Great Tusk|Protosynthesis|[silent]
|switch|p1a: Ting-Lu|Ting-Lu|100/100
|-ability|p1a: Ting-Lu|Vessel of Ruin
|move|p2a: Corviknight|U-turn|p1a: Ting-Lu
|-supereffective|p1a: Ting-Lu
|-damage|p1a: Ting-Lu|84/100
|inactive|PrimeXStriker has 120 seconds left.
|l|☆PrimeXStriker
|inactive|PrimeXStriker disconnected and has a minute to reconnect!
|player|p2|
|j|☆PrimeXStriker
|inactive|PrimeXStriker reconnected and has 95 seconds left.
|player|p2|PrimeXStriker|marshal|
|inactive|PrimeXStriker has 90 seconds left.
|
|t:|1758257223
|switch|p2a: Zamazenta|Zamazenta|48/100|[from] U-turn
|
|-weather|none
|-heal|p2a: Zamazenta|55/100|[from] item: Leftovers
|-heal|p1a: Ting-Lu|90/100|[from] item: Leftovers
|upkeep
|turn|17
|
|t:|1758257233
|switch|p1a: Torkoal|Torkoal, F|32/100
|-weather|SunnyDay|[from] ability: Drought|[of] p1a: Torkoal
|move|p2a: Zamazenta|Body Press|p1a: Torkoal
|-crit|p1a: Torkoal
|-damage|p1a: Torkoal|0 fnt
|faint|p1a: Torkoal
|
|-weather|SunnyDay|[upkeep]
|-heal|p2a: Zamazenta|61/100|[from] item: Leftovers
|upkeep
|
|t:|1758257238
|switch|p1a: Walking Wake|Walking Wake|39/100
|-activate|p1a: Walking Wake|ability: Protosynthesis
|-start|p1a: Walking Wake|protosynthesisspe
|turn|18
|
|t:|1758257244
|switch|p2a: Tyranitar|Tyranitar, M|62/100 brn
|-weather|Sandstorm|[from] ability: Sand Stream|[of] p2a: Tyranitar
|-end|p1a: Walking Wake|Protosynthesis
|move|p1a: Walking Wake|Hydro Steam|p2a: Tyranitar
|-supereffective|p2a: Tyranitar
|-damage|p2a: Tyranitar|27/100 brn
|
|-weather|Sandstorm|[upkeep]
|-damage|p1a: Walking Wake|33/100|[from] Sandstorm
|-heal|p2a: Tyranitar|33/100 brn|[from] item: Leftovers
|-damage|p2a: Tyranitar|27/100 brn|[from] brn
|upkeep
|turn|19
|
|t:|1758257265
|move|p1a: Walking Wake|Hydro Steam|p2a: Tyranitar
|-supereffective|p2a: Tyranitar
|-damage|p2a: Tyranitar|0 fnt
|faint|p2a: Tyranitar
|
|-weather|Sandstorm|[upkeep]
|-damage|p1a: Walking Wake|27/100|[from] Sandstorm
|upkeep
|
|t:|1758257268
|switch|p2a: Zamazenta|Zamazenta|61/100
|turn|20
|
|t:|1758257271
|move|p2a: Zamazenta|Body Press|p1a: Walking Wake
|-damage|p1a: Walking Wake|0 fnt
|faint|p1a: Walking Wake
|-end|p1a: Walking Wake|Protosynthesis|[silent]
|
|-weather|Sandstorm|[upkeep]
|-damage|p2a: Zamazenta|55/100|[from] Sandstorm
|-heal|p2a: Zamazenta|61/100|[from] item: Leftovers
|upkeep
|
|t:|1758257273
|switch|p1a: Iron Moth|Iron Moth|100/100
|turn|21
|inactive|PrimeXStriker has 120 seconds left.
|
|t:|1758257285
|move|p2a: Zamazenta|Crunch|p1a: Iron Moth
|-damage|p1a: Iron Moth|65/100
|move|p1a: Iron Moth|Overheat|p2a: Zamazenta|[miss]
|-miss|p1a: Iron Moth|p2a: Zamazenta
|
|-weather|Sandstorm|[upkeep]
|-damage|p2a: Zamazenta|55/100|[from] Sandstorm
|-damage|p1a: Iron Moth|59/100|[from] Sandstorm
|-heal|p2a: Zamazenta|61/100|[from] item: Leftovers
|upkeep
|turn|22
|inactive|PrimeXStriker has 120 seconds left.
|
|t:|1758257290
|move|p2a: Zamazenta|Crunch|p1a: Iron Moth
|-damage|p1a: Iron Moth|24/100
|move|p1a: Iron Moth|Overheat|p2a: Zamazenta
|-damage|p2a: Zamazenta|0 fnt
|-unboost|p1a: Iron Moth|spa|2
|faint|p2a: Zamazenta
|
|-weather|none
|upkeep
|inactive|PrimeXStriker has 120 seconds left.
|
|t:|1758257307
|switch|p2a: Darkrai|Darkrai|100/100
|turn|23
|
|t:|1758257309
|-end|p1a: Iron Moth|Quark Drive|[silent]
|switch|p1a: Ting-Lu|Ting-Lu|90/100
|-ability|p1a: Ting-Lu|Vessel of Ruin
|move|p2a: Darkrai|Dark Pulse|p1a: Ting-Lu
|-resisted|p1a: Ting-Lu
|-damage|p1a: Ting-Lu|81/100
|
|-heal|p1a: Ting-Lu|87/100|[from] item: Leftovers
|upkeep
|turn|24
|
|t:|1758257316
|move|p2a: Darkrai|Ice Beam|p1a: Ting-Lu
|-supereffective|p1a: Ting-Lu
|-damage|p1a: Ting-Lu|61/100
|-status|p1a: Ting-Lu|frz
|cant|p1a: Ting-Lu|frz
|
|-heal|p1a: Ting-Lu|68/100 frz|[from] item: Leftovers
|upkeep
|turn|25
|
|t:|1758257322
|move|p2a: Darkrai|Ice Beam|p1a: Ting-Lu
|-supereffective|p1a: Ting-Lu
|-damage|p1a: Ting-Lu|40/100 frz
|cant|p1a: Ting-Lu|frz
|
|-heal|p1a: Ting-Lu|47/100 frz|[from] item: Leftovers
|upkeep
|turn|26
|
|t:|1758257326
|move|p2a: Darkrai|Ice Beam|p1a: Ting-Lu
|-supereffective|p1a: Ting-Lu
|-damage|p1a: Ting-Lu|21/100 frz
|-curestatus|p1a: Ting-Lu|frz|[msg]
|move|p1a: Ting-Lu|Ruination|p2a: Darkrai
|-damage|p2a: Darkrai|51/100
|
|-heal|p1a: Ting-Lu|27/100|[from] item: Leftovers
|upkeep
|turn|27
|
|t:|1758257339
|move|p2a: Darkrai|Ice Beam|p1a: Ting-Lu
|-supereffective|p1a: Ting-Lu
|-damage|p1a: Ting-Lu|0 fnt
|faint|p1a: Ting-Lu
|
|upkeep
|
|t:|1758257341
|switch|p1a: Slither Wing|Slither Wing, tera:Fire|28/100
|turn|28
|
|t:|1758257351
|move|p2a: Darkrai|Dark Pulse|p1a: Slither Wing
|-damage|p1a: Slither Wing|0 fnt
|faint|p1a: Slither Wing
|-end|p1a: Slither Wing|Protosynthesis|[silent]
|
|upkeep
|-message|Vacodrish forfeited.
|
|win|PrimeXStriker
|raw|Vacodrish's rating: 1414 &rarr; <strong>1392</strong><br />(-22 for losing)
|raw|PrimeXStriker's rating: 1381 &rarr; <strong>1403</strong><br />(+22 for winning)
|l|☆Vacodrish
|player|p1|
|l|☆PrimeXStriker
|player|p2|
