|j|☆Salmonroe Sushi
|j|☆totou6753
|t:|1758318098
|gametype|singles
|player|p1|Salmonroe Sushi|shadowtriad|1126
|player|p2|totou6753|emmet|1080
|gen|9
|tier|[Gen 9] OU
|rated|
|rule|HP Percentage Mod: HP is shown in percentages
|rule|Endless Battle Clause: Forcing endless battles is banned
|rule|Species Clause: Limit one of each Pokémon
|rule|OHKO Clause: OHKO moves are banned
|rule|Evasion Items Clause: Evasion items are banned
|rule|Evasion Moves Clause: Evasion moves are banned
|rule|Evasion Abilities Clause: Evasion abilities are banned
|rule|Sleep Moves Clause: Sleep-inducing moves are banned
|clearpoke
|poke|p1|Lilligant, F|
|poke|p1|Beartic, F|
|poke|p1|Ariados, F|
|poke|p1|Armarouge, M|
|poke|p1|Raging Bolt|
|poke|p1|Clawitzer, M|
|poke|p2|Infernape, M|
|poke|p2|Garchomp, M|
|poke|p2|Empoleon, M|
|poke|p2|Kricketune, F|
|poke|p2|Electivire, M|
|poke|p2|Azelf|
|teampreview
|inactive|Battle timer is ON: inactive players will automatically lose when time's up. (requested by Salmonroe Sushi)
|
|t:|1758318118
|teamsize|p1|6
|teamsize|p2|6
|start
|switch|p1a: Beartic|Beartic, F|100/100
|switch|p2a: Kricketune|Kricketune, F|100/100
|turn|1
|
|t:|1758318143
|move|p2a: Kricketune|Sticky Web|p1a: Beartic
|-sidestart|p1: Salmonroe Sushi|move: Sticky Web
|move|p1a: Beartic|Curse|p1a: Beartic
|-unboost|p1a: Beartic|spe|1
|-boost|p1a: Beartic|atk|1
|-boost|p1a: Beartic|def|1
|
|upkeep
|turn|2
|
|t:|1758318171
|move|p2a: Kricketune|Knock Off|p1a: Beartic
|-damage|p1a: Beartic|84/100
|-enditem|p1a: Beartic|Leftovers|[from] move: Knock Off|[of] p2a: Kricketune
|move|p1a: Beartic|Curse|p1a: Beartic
|-unboost|p1a: Beartic|spe|1
|-boost|p1a: Beartic|atk|1
|-boost|p1a: Beartic|def|1
|
|upkeep
|turn|3
|
|t:|1758318183
|move|p2a: Kricketune|Leech Life|p1a: Beartic
|-damage|p1a: Beartic|68/100
|move|p1a: Beartic|Avalanche|p2a: Kricketune
|-enditem|p2a: Kricketune|Focus Sash
|-damage|p2a: Kricketune|1/100
|
|upkeep
|turn|4
|
|t:|1758318191
|move|p2a: Kricketune|Leech Life|p1a: Beartic
|-damage|p1a: Beartic|42/100
|-heal|p2a: Kricketune|18/100|[from] drain|[of] p1a: Beartic
|move|p1a: Beartic|Body Press|p2a: Kricketune
|-resisted|p2a: Kricketune
|-damage|p2a: Kricketune|0 fnt
|faint|p2a: Kricketune
|
|upkeep
|
|t:|1758318200
|switch|p2a: Empoleon|Empoleon, M, shiny|100/100
|turn|5
|
|t:|1758318204
|move|p2a: Empoleon|Flash Cannon|p1a: Beartic
|-supereffective|p1a: Beartic
|-damage|p1a: Beartic|0 fnt
|faint|p1a: Beartic
|
|upkeep
|
|t:|1758318225
|switch|p1a: Ariados|Ariados, F, shiny|100/100
|-activate|p1a: Ariados|move: Sticky Web
|-unboost|p1a: Ariados|spe|1
|turn|6
|
|t:|1758318238
|move|p2a: Empoleon|Stealth Rock|p1a: Ariados
|-sidestart|p1: Salmonroe Sushi|move: Stealth Rock
|move|p1a: Ariados|Night Slash|p2a: Empoleon
|-crit|p2a: Empoleon
|-damage|p2a: Empoleon|55/100
|
|-heal|p2a: Empoleon|61/100|[from] item: Leftovers
|upkeep
|turn|7
|
|t:|1758318250
|move|p2a: Empoleon|Surf|p1a: Ariados
|-damage|p1a: Ariados|65/100
|move|p1a: Ariados|Night Slash|p2a: Empoleon
|-damage|p2a: Empoleon|43/100
|
|-heal|p2a: Empoleon|49/100|[from] item: Leftovers
|upkeep
|turn|8
|
|t:|1758318265
|move|p2a: Empoleon|Surf|p1a: Ariados
|-damage|p1a: Ariados|35/100
|move|p1a: Ariados|Leech Life|p2a: Empoleon
|-resisted|p2a: Empoleon
|-damage|p2a: Empoleon|32/100
|-heal|p1a: Ariados|42/100|[from] drain|[of] p2a: Empoleon
|
|-heal|p2a: Empoleon|38/100|[from] item: Leftovers
|upkeep
|turn|9
|
|t:|1758318276
|move|p2a: Empoleon|Surf|p1a: Ariados
|-damage|p1a: Ariados|9/100
|move|p1a: Ariados|Leech Life|p2a: Empoleon
|-resisted|p2a: Empoleon
|-damage|p2a: Empoleon|23/100
|-heal|p1a: Ariados|16/100|[from] drain|[of] p2a: Empoleon
|
|-heal|p2a: Empoleon|29/100|[from] item: Leftovers
|upkeep
|turn|10
|
|t:|1758318287
|move|p1a: Ariados|Shadow Sneak|p2a: Empoleon
|-damage|p2a: Empoleon|19/100
|move|p2a: Empoleon|Surf|p1a: Ariados
|-damage|p1a: Ariados|0 fnt
|faint|p1a: Ariados
|
|-heal|p2a: Empoleon|25/100|[from] item: Leftovers
|upkeep
|
|t:|1758318292
|switch|p1a: Lilligant|Lilligant, F|100/100
|-activate|p1a: Lilligant|move: Sticky Web
|-unboost|p1a: Lilligant|spe|1
|-damage|p1a: Lilligant|88/100|[from] Stealth Rock
|turn|11
|
|t:|1758318301
|move|p1a: Lilligant|Quiver Dance|p1a: Lilligant
|-boost|p1a: Lilligant|spa|1
|-boost|p1a: Lilligant|spd|1
|-boost|p1a: Lilligant|spe|1
|move|p2a: Empoleon|Ice Beam|p1a: Lilligant
|-supereffective|p1a: Lilligant
|-damage|p1a: Lilligant|36/100
|
|-heal|p2a: Empoleon|31/100|[from] item: Leftovers
|upkeep
|turn|12
|
|t:|1758318321
|move|p1a: Lilligant|Petal Dance|p2a: Empoleon
|-damage|p2a: Empoleon|0 fnt
|faint|p2a: Empoleon
|
|upkeep
|
|t:|1758318327
|switch|p2a: Infernape|Infernape, M, shiny|100/100
|turn|13
|
|t:|1758318333
|move|p1a: Lilligant|Petal Dance|p2a: Infernape|[from] lockedmove
|-resisted|p2a: Infernape
|-damage|p2a: Infernape|50/100
|move|p2a: Infernape|Swords Dance|p2a: Infernape
|-boost|p2a: Infernape|atk|2
|
|upkeep
|turn|14
|
|t:|1758318341
|move|p1a: Lilligant|Petal Dance|p2a: Infernape
|-resisted|p2a: Infernape
|-damage|p2a: Infernape|0 fnt
|faint|p2a: Infernape
|
|upkeep
|
|t:|1758318348
|switch|p2a: Azelf|Azelf, shiny|100/100
|turn|15
|
|t:|1758318361
|-terastallize|p2a: Azelf|Fire
|move|p2a: Azelf|Flamethrower|p1a: Lilligant
|-supereffective|p1a: Lilligant
|-enditem|p1a: Lilligant|Occa Berry|[eat]
|-enditem|p1a: Lilligant|Occa Berry|[weaken]
|-damage|p1a: Lilligant|0 fnt
|faint|p1a: Lilligant
|
|upkeep
|
|t:|1758318366
|switch|p1a: Clawitzer|Clawitzer, M|100/100
|-activate|p1a: Clawitzer|move: Sticky Web
|-unboost|p1a: Clawitzer|spe|1
|-damage|p1a: Clawitzer|88/100|[from] Stealth Rock
|turn|16
|
|t:|1758318385
|move|p2a: Azelf|Mystical Power|p1a: Clawitzer
|-damage|p1a: Clawitzer|58/100
|-boost|p2a: Azelf|spa|1
|move|p1a: Clawitzer|Hydro Pump|p2a: Azelf
|-supereffective|p2a: Azelf
|-damage|p2a: Azelf|0 fnt
|faint|p2a: Azelf
|
|upkeep
|inactive|totou6753 has 120 seconds left.
|
|t:|1758318407
|switch|p2a: Electivire|Electivire, M, shiny|100/100
|turn|17
|
|t:|1758318421
|move|p2a: Electivire|Thunderbolt|p1a: Clawitzer
|-supereffective|p1a: Clawitzer
|-damage|p1a: Clawitzer|0 fnt
|faint|p1a: Clawitzer
|
|upkeep
|
|t:|1758318425
|switch|p1a: Armarouge|Armarouge, M|100/100
|-activate|p1a: Armarouge|move: Sticky Web
|-unboost|p1a: Armarouge|spe|1
|-damage|p1a: Armarouge|76/100|[from] Stealth Rock
|turn|18
|
|t:|1758318431
|move|p2a: Electivire|Thunderbolt|p1a: Armarouge
|-damage|p1a: Armarouge|0 fnt
|faint|p1a: Armarouge
|
|upkeep
|
|t:|1758318436
|switch|p1a: Raging Bolt|Raging Bolt|100/100
|-activate|p1a: Raging Bolt|move: Sticky Web
|-unboost|p1a: Raging Bolt|spe|1
|-damage|p1a: Raging Bolt|88/100|[from] Stealth Rock
|turn|19
|
|t:|1758318443
|switch|p2a: Garchomp|Garchomp, M, shiny|100/100
|move|p1a: Raging Bolt|Hyper Voice|p2a: Garchomp
|-damage|p2a: Garchomp|68/100
|
|upkeep
|turn|20
|
|t:|1758318459
|move|p2a: Garchomp|Earthquake|p1a: Raging Bolt
|-supereffective|p1a: Raging Bolt
|-crit|p1a: Raging Bolt
|-damage|p1a: Raging Bolt|0 fnt
|faint|p1a: Raging Bolt
|-end|p1a: Raging Bolt|Protosynthesis|[silent]
|
|win|totou6753
|raw|Salmonroe Sushi's rating: 1126 &rarr; <strong>1098</strong><br />(-28 for losing)
|raw|totou6753's rating: 1080 &rarr; <strong>1112</strong><br />(+32 for winning)
|l|☆totou6753
|player|p2|
|l|☆Salmonroe Sushi
|player|p1|
