|j|☆Charle_phate
|j|☆Chris466
|t:|1758343797
|gametype|singles
|player|p1|Charle_phate|blue|1271
|player|p2|Chris466|red|1262
|gen|9
|tier|[Gen 9] OU
|rated|
|rule|HP Percentage Mod: HP is shown in percentages
|rule|Endless Battle Clause: Forcing endless battles is banned
|rule|Species Clause: Limit one of each Pokémon
|rule|OHKO Clause: OHKO moves are banned
|rule|Evasion Items Clause: Evasion items are banned
|rule|Evasion Moves Clause: Evasion moves are banned
|rule|Evasion Abilities Clause: Evasion abilities are banned
|rule|Sleep Moves Clause: Sleep-inducing moves are banned
|clearpoke
|poke|p1|Serperior, F|
|poke|p1|Rotom-Wash|
|poke|p1|Zapdos|
|poke|p1|Heatran, F|
|poke|p1|Clefable, F|
|poke|p1|Landorus-Therian, M|
|poke|p2|Meowscarada, M|
|poke|p2|Iron Valiant|
|poke|p2|Tyranitar, M|
|poke|p2|Corviknight, F|
|poke|p2|Raging Bolt|
|poke|p2|Gholdengo|
|teampreview
|
|t:|1758343815
|teamsize|p1|6
|teamsize|p2|6
|start
|switch|p1a: Rotom|Rotom-Wash|100/100
|switch|p2a: Iron Valiant|Iron Valiant|100/100
|turn|1
|inactive|Battle timer is ON: inactive players will automatically lose when time's up. (requested by Charle_phate)
|
|t:|1758343821
|-end|p2a: Iron Valiant|Quark Drive|[silent]
|switch|p2a: Raging Bolt|Raging Bolt|100/100
|move|p1a: Rotom|Thunder Wave|p2a: Raging Bolt
|-immune|p2a: Raging Bolt
|
|upkeep
|turn|2
|inactive|Charle_phate has 120 seconds left.
|
|t:|1758343860
|switch|p1a: Landorus|Landorus-Therian, M|100/100
|-ability|p1a: Landorus|Intimidate|boost
|-unboost|p2a: Raging Bolt|atk|1
|move|p2a: Raging Bolt|Volt Switch|p1a: Landorus
|-immune|p1a: Landorus
|
|upkeep
|turn|3
|
|t:|1758343865
|-end|p2a: Raging Bolt|Protosynthesis|[silent]
|switch|p2a: Corviknight|Corviknight, F|100/100
|-ability|p2a: Corviknight|Pressure
|move|p1a: Landorus|Earthquake|p2a: Corviknight
|-immune|p2a: Corviknight
|
|upkeep
|turn|4
|
|t:|1758343868
|switch|p1a: Zapdos|Zapdos|100/100
|move|p2a: Corviknight|U-turn|p1a: Zapdos
|-resisted|p1a: Zapdos
|-damage|p1a: Zapdos|94/100
|
|t:|1758343877
|switch|p2a: Tyranitar|Tyranitar, M|100/100|[from] U-turn
|-weather|Sandstorm|[from] ability: Sand Stream|[of] p2a: Tyranitar
|
|-weather|Sandstorm|[upkeep]
|-damage|p1a: Zapdos|88/100|[from] Sandstorm
|-heal|p1a: Zapdos|94/100|[from] item: Leftovers
|upkeep
|turn|5
|
|t:|1758343890
|switch|p1a: Rotom|Rotom-Wash|100/100
|move|p2a: Tyranitar|Ice Beam|p1a: Rotom
|-resisted|p1a: Rotom
|-damage|p1a: Rotom|86/100
|
|-weather|Sandstorm|[upkeep]
|-damage|p1a: Rotom|80/100|[from] Sandstorm
|-heal|p1a: Rotom|86/100|[from] item: Leftovers
|upkeep
|turn|6
|
|t:|1758343897
|switch|p2a: Raging Bolt|Raging Bolt|100/100
|move|p1a: Rotom|Thunder Wave|p2a: Raging Bolt
|-immune|p2a: Raging Bolt
|
|-weather|Sandstorm|[upkeep]
|-damage|p2a: Raging Bolt|94/100|[from] Sandstorm
|-damage|p1a: Rotom|80/100|[from] Sandstorm
|-heal|p1a: Rotom|86/100|[from] item: Leftovers
|upkeep
|turn|7
|
|t:|1758343921
|move|p2a: Raging Bolt|Dragon Pulse|p1a: Rotom
|-damage|p1a: Rotom|38/100
|move|p1a: Rotom|Charge Beam|p2a: Raging Bolt
|-resisted|p2a: Raging Bolt
|-damage|p2a: Raging Bolt|90/100
|
|-weather|Sandstorm|[upkeep]
|-damage|p2a: Raging Bolt|84/100|[from] Sandstorm
|-damage|p1a: Rotom|32/100|[from] Sandstorm
|-heal|p1a: Rotom|38/100|[from] item: Leftovers
|upkeep
|turn|8
|
|t:|1758343926
|move|p2a: Raging Bolt|Dragon Pulse|p1a: Rotom
|-damage|p1a: Rotom|0 fnt
|faint|p1a: Rotom
|
|-weather|none
|upkeep
|inactive|Charle_phate has 120 seconds left.
|
|t:|1758343955
|switch|p1a: Landorus|Landorus-Therian, M|100/100
|-ability|p1a: Landorus|Intimidate|boost
|-unboost|p2a: Raging Bolt|atk|1
|turn|9
|
|t:|1758343958
|-end|p2a: Raging Bolt|Protosynthesis|[silent]
|switch|p2a: Corviknight|Corviknight, F|100/100
|-ability|p2a: Corviknight|Pressure
|move|p1a: Landorus|Swords Dance|p1a: Landorus
|-boost|p1a: Landorus|atk|2
|
|upkeep
|turn|10
|
|t:|1758343977
|move|p1a: Landorus|Stone Edge|p2a: Corviknight
|-damage|p2a: Corviknight|44/100
|-damage|p1a: Landorus|90/100|[from] item: Life Orb
|move|p2a: Corviknight|U-turn|p1a: Landorus
|-resisted|p1a: Landorus
|-damage|p1a: Landorus|82/100
|
|t:|1758343982
|switch|p2a: Iron Valiant|Iron Valiant|100/100|[from] U-turn
|
|upkeep
|turn|11
|inactive|Charle_phate has 120 seconds left.
|
|t:|1758344011
|move|p2a: Iron Valiant|Ice Punch|p1a: Landorus
|-supereffective|p1a: Landorus
|-damage|p1a: Landorus|0 fnt
|faint|p1a: Landorus
|
|upkeep
|
|t:|1758344021
|switch|p1a: Zapdos|Zapdos|94/100
|turn|12
|
|t:|1758344025
|switch|p1a: Heatran|Heatran, F|100/100
|-terastallize|p2a: Iron Valiant|Electric
|move|p2a: Iron Valiant|Ice Punch|p1a: Heatran
|-resisted|p1a: Heatran
|-damage|p1a: Heatran|92/100
|
|-heal|p1a: Heatran|98/100|[from] item: Leftovers
|upkeep
|turn|13
|inactive|Charle_phate has 120 seconds left.
|
|t:|1758344048
|-end|p2a: Iron Valiant|Quark Drive|[silent]
|switch|p2a: Tyranitar|Tyranitar, M|100/100
|-weather|Sandstorm|[from] ability: Sand Stream|[of] p2a: Tyranitar
|move|p1a: Heatran|Lava Plume|p2a: Tyranitar
|-resisted|p2a: Tyranitar
|-damage|p2a: Tyranitar|90/100
|-status|p2a: Tyranitar|brn
|
|-weather|Sandstorm|[upkeep]
|-heal|p1a: Heatran|100/100|[from] item: Leftovers
|-damage|p2a: Tyranitar|84/100 brn|[from] brn
|upkeep
|turn|14
|inactive|Charle_phate has 120 seconds left.
|
|t:|1758344055
|switch|p1a: Serperior|Serperior, F|100/100
|move|p2a: Tyranitar|Stealth Rock|p1a: Serperior
|-sidestart|p1: Charle_phate|move: Stealth Rock
|
|-weather|Sandstorm|[upkeep]
|-damage|p1a: Serperior|94/100|[from] Sandstorm
|-heal|p1a: Serperior|100/100|[from] item: Leftovers
|-damage|p2a: Tyranitar|78/100 brn|[from] brn
|upkeep
|turn|15
|
|t:|1758344061
|switch|p2a: Raging Bolt|Raging Bolt|84/100
|move|p1a: Serperior|Leech Seed|p2a: Raging Bolt
|-start|p2a: Raging Bolt|move: Leech Seed
|
|-weather|Sandstorm|[upkeep]
|-damage|p1a: Serperior|94/100|[from] Sandstorm
|-damage|p2a: Raging Bolt|78/100|[from] Sandstorm
|-heal|p1a: Serperior|100/100|[from] item: Leftovers
|-damage|p2a: Raging Bolt|66/100|[from] Leech Seed|[of] p1a: Serperior
|upkeep
|turn|16
|
|t:|1758344077
|move|p1a: Serperior|Substitute|p1a: Serperior
|-start|p1a: Serperior|Substitute
|-damage|p1a: Serperior|75/100
|move|p2a: Raging Bolt|Thunderbolt|p1a: Serperior
|-resisted|p1a: Serperior
|-end|p1a: Serperior|Substitute
|
|-weather|Sandstorm|[upkeep]
|-damage|p1a: Serperior|69/100|[from] Sandstorm
|-damage|p2a: Raging Bolt|60/100|[from] Sandstorm
|-heal|p1a: Serperior|75/100|[from] item: Leftovers
|-damage|p2a: Raging Bolt|47/100|[from] Leech Seed|[of] p1a: Serperior
|-heal|p1a: Serperior|92/100|[silent]
|upkeep
|turn|17
|
|t:|1758344084
|move|p1a: Serperior|Substitute|p1a: Serperior
|-start|p1a: Serperior|Substitute
|-damage|p1a: Serperior|67/100
|move|p2a: Raging Bolt|Volt Switch|p1a: Serperior
|-resisted|p1a: Serperior
|-activate|p1a: Serperior|move: Substitute|[damage]
|
|t:|1758344096
|-end|p2a: Raging Bolt|Protosynthesis|[silent]
|switch|p2a: Iron Valiant|Iron Valiant, tera:Electric|100/100|[from] Volt Switch
|
|-weather|none
|-heal|p1a: Serperior|73/100|[from] item: Leftovers
|upkeep
|turn|18
|inactive|Charle_phate has 120 seconds left.
|
|t:|1758344149
|move|p2a: Iron Valiant|Ice Punch|p1a: Serperior
|-supereffective|p1a: Serperior
|-end|p1a: Serperior|Substitute
|move|p1a: Serperior|Leaf Storm|p2a: Iron Valiant
|-damage|p2a: Iron Valiant|18/100
|-boost|p1a: Serperior|spa|2
|
|-heal|p1a: Serperior|79/100|[from] item: Leftovers
|upkeep
|turn|19
|
|t:|1758344160
|move|p2a: Iron Valiant|Ice Punch|p1a: Serperior
|-supereffective|p1a: Serperior
|-damage|p1a: Serperior|0 fnt
|faint|p1a: Serperior
|
|upkeep
|inactive|Charle_phate has 90 seconds left.
|
|t:|1758344171
|switch|p1a: Heatran|Heatran, F|100/100
|-damage|p1a: Heatran|88/100|[from] Stealth Rock
|turn|20
|
|t:|1758344177
|-end|p2a: Iron Valiant|Quark Drive|[silent]
|switch|p2a: Tyranitar|Tyranitar, M|78/100 brn
|-weather|Sandstorm|[from] ability: Sand Stream|[of] p2a: Tyranitar
|move|p1a: Heatran|Ancient Power|p2a: Tyranitar
|-damage|p2a: Tyranitar|69/100 brn
|
|-weather|Sandstorm|[upkeep]
|-heal|p1a: Heatran|94/100|[from] item: Leftovers
|-damage|p2a: Tyranitar|63/100 brn|[from] brn
|upkeep
|turn|21
|
|t:|1758344190
|move|p1a: Heatran|Substitute|p1a: Heatran
|-start|p1a: Heatran|Substitute
|-damage|p1a: Heatran|69/100
|move|p2a: Tyranitar|Earth Power|p1a: Heatran
|-supereffective|p1a: Heatran
|-end|p1a: Heatran|Substitute
|
|-weather|Sandstorm|[upkeep]
|-heal|p1a: Heatran|76/100|[from] item: Leftovers
|-damage|p2a: Tyranitar|56/100 brn|[from] brn
|upkeep
|turn|22
|
|t:|1758344205
|move|p1a: Heatran|Ancient Power|p2a: Tyranitar
|-damage|p2a: Tyranitar|47/100 brn
|move|p2a: Tyranitar|Earth Power|p1a: Heatran
|-supereffective|p1a: Heatran
|-damage|p1a: Heatran|6/100
|-unboost|p1a: Heatran|spd|1
|
|-weather|Sandstorm|[upkeep]
|-heal|p1a: Heatran|12/100|[from] item: Leftovers
|-damage|p2a: Tyranitar|41/100 brn|[from] brn
|upkeep
|turn|23
|
|t:|1758344213
|move|p1a: Heatran|Ancient Power|p2a: Tyranitar
|-damage|p2a: Tyranitar|30/100 brn
|move|p2a: Tyranitar|Earth Power|p1a: Heatran
|-supereffective|p1a: Heatran
|-damage|p1a: Heatran|0 fnt
|faint|p1a: Heatran
|
|-weather|Sandstorm|[upkeep]
|-damage|p2a: Tyranitar|24/100 brn|[from] brn
|upkeep
|
|t:|1758344218
|switch|p1a: Zapdos|Zapdos|94/100
|-damage|p1a: Zapdos|69/100|[from] Stealth Rock
|turn|24
|
|t:|1758344222
|move|p1a: Zapdos|Ancient Power|p2a: Tyranitar
|-damage|p2a: Tyranitar|14/100 brn
|move|p2a: Tyranitar|Ice Beam|p1a: Zapdos
|-supereffective|p1a: Zapdos
|-damage|p1a: Zapdos|23/100
|
|-weather|none
|-heal|p1a: Zapdos|29/100|[from] item: Leftovers
|-damage|p2a: Tyranitar|8/100 brn|[from] brn
|upkeep
|turn|25
|inactive|Charle_phate has 120 seconds left.
|
|t:|1758344237
|move|p1a: Zapdos|Roost|p1a: Zapdos
|-heal|p1a: Zapdos|79/100
|-singleturn|p1a: Zapdos|move: Roost
|move|p2a: Tyranitar|Earth Power|p1a: Zapdos
|-supereffective|p1a: Zapdos
|-damage|p1a: Zapdos|28/100
|-unboost|p1a: Zapdos|spd|1
|
|-heal|p1a: Zapdos|34/100|[from] item: Leftovers
|-damage|p2a: Tyranitar|1/100 brn|[from] brn
|upkeep
|turn|26
|
|t:|1758344242
|move|p1a: Zapdos|Ancient Power|p2a: Tyranitar
|-damage|p2a: Tyranitar|0 fnt
|faint|p2a: Tyranitar
|
|-heal|p1a: Zapdos|40/100|[from] item: Leftovers
|upkeep
|
|t:|1758344248
|switch|p2a: Iron Valiant|Iron Valiant, tera:Electric|18/100
|turn|27
|
|t:|1758344261
|move|p2a: Iron Valiant|Thunder Punch|p1a: Zapdos
|-crit|p1a: Zapdos
|-damage|p1a: Zapdos|0 fnt
|faint|p1a: Zapdos
|
|upkeep
|
|t:|1758344263
|switch|p1a: Clefable|Clefable, F|100/100
|turn|28
|
|t:|1758344266
|move|p2a: Iron Valiant|Thunder Punch|p1a: Clefable
|-damage|p1a: Clefable|52/100
|move|p1a: Clefable|Cosmic Power|p1a: Clefable
|-boost|p1a: Clefable|def|1
|-boost|p1a: Clefable|spd|1
|
|-heal|p1a: Clefable|58/100|[from] item: Leftovers
|upkeep
|turn|29
|
|t:|1758344279
|move|p2a: Iron Valiant|Thunder Punch|p1a: Clefable
|-damage|p1a: Clefable|22/100
|move|p1a: Clefable|Cosmic Power|p1a: Clefable
|-boost|p1a: Clefable|def|1
|-boost|p1a: Clefable|spd|1
|
|-heal|p1a: Clefable|28/100|[from] item: Leftovers
|upkeep
|turn|30
|
|t:|1758344285
|move|p2a: Iron Valiant|Thunder Punch|p1a: Clefable
|-damage|p1a: Clefable|2/100
|-status|p1a: Clefable|par
|cant|p1a: Clefable|par
|
|-heal|p1a: Clefable|8/100 par|[from] item: Leftovers
|upkeep
|turn|31
|-message|Charle_phate forfeited.
|
|win|Chris466
|raw|Charle_phate's rating: 1242 &rarr; <strong>1218</strong><br />(-24 for losing)
|raw|Chris466's rating: 1262 &rarr; <strong>1286</strong><br />(+24 for winning)
|l|☆Charle_phate
|player|p1|
