|j|☆LikeEmerald
|j|☆Klynn_6z
|t:|1758312893
|gametype|singles
|player|p1|LikeEmerald|265|1124
|player|p2|Klynn_6z|ariana|1109
|gen|9
|tier|[Gen 9] OU
|rated|
|rule|HP Percentage Mod: HP is shown in percentages
|rule|Endless Battle Clause: Forcing endless battles is banned
|rule|Species Clause: Limit one of each Pokémon
|rule|OHKO Clause: OHKO moves are banned
|rule|Evasion Items Clause: Evasion items are banned
|rule|Evasion Moves Clause: Evasion moves are banned
|rule|Evasion Abilities Clause: Evasion abilities are banned
|rule|Sleep Moves Clause: Sleep-inducing moves are banned
|clearpoke
|poke|p1|Vivillon-Pokeball, F|
|poke|p1|Samurott-Hisui, F|
|poke|p1|Slowking-Galar, M|
|poke|p1|Dragonite, M|
|poke|p1|Lucario, M|
|poke|p1|Arcanine-Hisui, M|
|poke|p2|Pelipper, F|
|poke|p2|Floatzel, M|
|poke|p2|Corviknight, M|
|poke|p2|Quagsire, M|
|poke|p2|Greninja-*, M|
|poke|p2|Raging Bolt|
|teampreview
|
|t:|1758312906
|teamsize|p1|6
|teamsize|p2|6
|start
|switch|p1a: Samurott|Samurott-Hisui, F|100/100
|switch|p2a: Pelipper|Pelipper, F, shiny|100/100
|-weather|RainDance|[from] ability: Drizzle|[of] p2a: Pelipper
|turn|1
|
|t:|1758312913
|move|p1a: Samurott|Ceaseless Edge|p2a: Pelipper
|-damage|p2a: Pelipper|61/100
|-sidestart|p2: Klynn_6z|Spikes
|move|p2a: Pelipper|U-turn|p1a: Samurott
|-supereffective|p1a: Samurott
|-damage|p1a: Samurott|81/100
|
|t:|1758312920
|switch|p2a: Corviknight|Corviknight, M|100/100|[from] U-turn
|
|-weather|RainDance|[upkeep]
|upkeep
|turn|2
|
|t:|1758312933
|switch|p1a: Dragonite|Dragonite, M|100/100
|move|p2a: Corviknight|Body Press|p1a: Dragonite
|-resisted|p1a: Dragonite
|-crit|p1a: Dragonite
|-damage|p1a: Dragonite|89/100
|
|-weather|RainDance|[upkeep]
|upkeep
|turn|3
|
|t:|1758312941
|move|p1a: Dragonite|Dragon Dance|p1a: Dragonite
|-boost|p1a: Dragonite|atk|1
|-boost|p1a: Dragonite|spe|1
|move|p2a: Corviknight|Defog|p1a: Dragonite
|-unboost|p1a: Dragonite|evasion|1
|-sideend|p2: Klynn_6z|Spikes|[from] move: Defog|[of] p2a: Corviknight
|
|-weather|RainDance|[upkeep]
|upkeep
|turn|4
|
|t:|1758312950
|switch|p2a: Quagsire|Quagsire, M, shiny|100/100
|move|p1a: Dragonite|Dragon Dance|p1a: Dragonite
|-boost|p1a: Dragonite|atk|1
|-boost|p1a: Dragonite|spe|1
|
|-weather|RainDance|[upkeep]
|upkeep
|turn|5
|inactive|Battle timer is ON: inactive players will automatically lose when time's up. (requested by Klynn_6z)
|
|t:|1758312975
|-terastallize|p1a: Dragonite|Dragon
|move|p1a: Dragonite|Outrage|p2a: Quagsire
|-damage|p2a: Quagsire|0 fnt
|faint|p2a: Quagsire
|
|-weather|RainDance|[upkeep]
|upkeep
|
|t:|1758312987
|switch|p2a: Corviknight|Corviknight, M|100/100
|turn|6
|
|t:|1758312992
|move|p1a: Dragonite|Outrage|p2a: Corviknight|[from] lockedmove
|-resisted|p2a: Corviknight
|-damage|p2a: Corviknight|44/100
|-damage|p1a: Dragonite|72/100|[from] item: Rocky Helmet|[of] p2a: Corviknight
|-start|p1a: Dragonite|confusion|[fatigue]
|-enditem|p1a: Dragonite|Lum Berry|[eat]
|-end|p1a: Dragonite|confusion
|move|p2a: Corviknight|Body Press|p1a: Dragonite
|-damage|p1a: Dragonite|44/100
|
|-weather|RainDance|[upkeep]
|upkeep
|turn|7
|
|t:|1758313005
|move|p1a: Dragonite|Outrage|p2a: Corviknight
|-resisted|p2a: Corviknight
|-damage|p2a: Corviknight|0 fnt
|-damage|p1a: Dragonite|28/100|[from] item: Rocky Helmet|[of] p2a: Corviknight
|faint|p2a: Corviknight
|
|-weather|RainDance|[upkeep]
|upkeep
|
|t:|1758313015
|switch|p2a: Floatzel|Floatzel, M|100/100
|turn|8
|
|t:|1758313023
|move|p2a: Floatzel|Ice Spinner|p1a: Dragonite
|-supereffective|p1a: Dragonite
|-damage|p1a: Dragonite|0 fnt
|faint|p1a: Dragonite
|
|-weather|none
|upkeep
|
|t:|1758313036
|switch|p1a: Samurott|Samurott-Hisui, F|81/100
|turn|9
|
|t:|1758313041
|switch|p2a: Raging Bolt|Raging Bolt|100/100
|-enditem|p2a: Raging Bolt|Booster Energy
|-activate|p2a: Raging Bolt|ability: Protosynthesis|[fromitem]
|-start|p2a: Raging Bolt|protosynthesisspa
|move|p1a: Samurott|Ceaseless Edge|p2a: Raging Bolt
|-damage|p2a: Raging Bolt|67/100
|-sidestart|p2: Klynn_6z|Spikes
|
|upkeep
|turn|10
|
|t:|1758313052
|switch|p1a: Slowking|Slowking-Galar, M|100/100
|move|p2a: Raging Bolt|Thunderclap||[still]
|-fail|p2a: Raging Bolt
|
|upkeep
|turn|11
|
|t:|1758313059
|move|p2a: Raging Bolt|Calm Mind|p2a: Raging Bolt
|-boost|p2a: Raging Bolt|spa|1
|-boost|p2a: Raging Bolt|spd|1
|move|p1a: Slowking|Future Sight|p2a: Raging Bolt
|-start|p1a: Slowking|move: Future Sight
|
|upkeep
|turn|12
|
|t:|1758313064
|move|p2a: Raging Bolt|Thunder|p1a: Slowking
|-damage|p1a: Slowking|5/100
|-status|p1a: Slowking|par
|cant|p1a: Slowking|par
|
|upkeep
|turn|13
|
|t:|1758313070
|move|p2a: Raging Bolt|Calm Mind|p2a: Raging Bolt
|-boost|p2a: Raging Bolt|spa|1
|-boost|p2a: Raging Bolt|spd|1
|move|p1a: Slowking|Sludge Bomb|p2a: Raging Bolt
|-damage|p2a: Raging Bolt|48/100
|
|-end|p2a: Raging Bolt|move: Future Sight
|-damage|p2a: Raging Bolt|23/100
|upkeep
|turn|14
|
|t:|1758313078
|move|p2a: Raging Bolt|Dragon Pulse|p1a: Slowking
|-damage|p1a: Slowking|0 fnt
|faint|p1a: Slowking
|
|upkeep
|
|t:|1758313090
|switch|p1a: Lucario|Lucario, M|100/100
|turn|15
|
|t:|1758313094
|move|p1a: Lucario|Extreme Speed|p2a: Raging Bolt
|-damage|p2a: Raging Bolt|2/100
|move|p2a: Raging Bolt|Thunderclap||[still]
|-fail|p2a: Raging Bolt
|
|upkeep
|turn|16
|
|t:|1758313105
|move|p1a: Lucario|Extreme Speed|p2a: Raging Bolt
|-damage|p2a: Raging Bolt|0 fnt
|faint|p2a: Raging Bolt
|-end|p2a: Raging Bolt|Protosynthesis|[silent]
|
|upkeep
|
|t:|1758313110
|switch|p2a: Pelipper|Pelipper, F, shiny|61/100
|-weather|RainDance|[from] ability: Drizzle|[of] p2a: Pelipper
|turn|17
|
|t:|1758313114
|move|p2a: Pelipper|Hurricane|p1a: Lucario
|-damage|p1a: Lucario|58/100
|-enditem|p1a: Lucario|Red Card|[of] p2a: Pelipper
|drag|p2a: Floatzel|Floatzel, M|100/100
|-damage|p2a: Floatzel|88/100|[from] Spikes
|move|p1a: Lucario|Swords Dance|p1a: Lucario
|-boost|p1a: Lucario|atk|2
|
|-weather|RainDance|[upkeep]
|upkeep
|turn|18
|
|t:|1758313126
|move|p1a: Lucario|Extreme Speed|p2a: Floatzel
|-damage|p2a: Floatzel|0 fnt
|faint|p2a: Floatzel
|
|-weather|RainDance|[upkeep]
|upkeep
|
|t:|1758313131
|switch|p2a: Greninja|Greninja, M|100/100
|-damage|p2a: Greninja|88/100|[from] Spikes
|turn|19
|
|t:|1758313137
|move|p1a: Lucario|Extreme Speed|p2a: Greninja
|-damage|p2a: Greninja|0 fnt
|faint|p2a: Greninja
|
|-weather|RainDance|[upkeep]
|upkeep
|
|t:|1758313142
|switch|p2a: Pelipper|Pelipper, F, shiny|61/100
|turn|20
|
|t:|1758313146
|move|p1a: Lucario|Extreme Speed|p2a: Pelipper
|-damage|p2a: Pelipper|14/100
|move|p2a: Pelipper|Roost|p2a: Pelipper
|-heal|p2a: Pelipper|64/100
|-singleturn|p2a: Pelipper|move: Roost
|
|-weather|RainDance|[upkeep]
|upkeep
|turn|21
|
|t:|1758313157
|move|p1a: Lucario|Extreme Speed|p2a: Pelipper
|-damage|p2a: Pelipper|15/100
|move|p2a: Pelipper|Weather Ball|p1a: Lucario
|-damage|p1a: Lucario|0 fnt
|faint|p1a: Lucario
|
|-weather|RainDance|[upkeep]
|upkeep
|
|t:|1758313165
|switch|p1a: Arcanine|Arcanine-Hisui, M|100/100
|-item|p1a: Arcanine|Air Balloon
|turn|22
|
|t:|1758313170
|move|p1a: Arcanine|Wild Charge|p2a: Pelipper
|-supereffective|p2a: Pelipper
|-damage|p2a: Pelipper|0 fnt
|faint|p2a: Pelipper
|
|win|LikeEmerald
|raw|LikeEmerald's rating: 1124 &rarr; <strong>1148</strong><br />(+24 for winning)
|raw|Klynn_6z's rating: 1109 &rarr; <strong>1085</strong><br />(-24 for losing)
|c|☆LikeEmerald|gg
|l|☆Klynn_6z
|player|p2|
