|badge|p1|bronze|gen9monotype|100-6
|badge|p1|bronze|gen9uu|100-6
|uhtml|medal-msg|<div class="broadcast-blue">Curious what those medals under the avatar are? PS now has Ladder Seasons! For more information, check out the <a href="https://www.smogon.com/forums/threads/3740067/">thread on Smogon.</a></div>
|j|☆domingo a noite
|j|☆lolgod2
|t:|1758276260
|gametype|singles
|player|p1|domingo a noite|miku-ice|1666
|player|p2|lolgod2|unknownf|1713
|gen|9
|tier|[Gen 9] OU
|rated|
|rule|HP Percentage Mod: HP is shown in percentages
|rule|Endless Battle Clause: Forcing endless battles is banned
|rule|Species Clause: Limit one of each Pokémon
|rule|OHKO Clause: OHKO moves are banned
|rule|Evasion Items Clause: Evasion items are banned
|rule|Evasion Moves Clause: Evasion moves are banned
|rule|Evasion Abilities Clause: Evasion abilities are banned
|rule|Sleep Moves Clause: Sleep-inducing moves are banned
|clearpoke
|poke|p1|Kyurem|
|poke|p1|Slowking-Galar, F|
|poke|p1|Landorus-Therian, M|
|poke|p1|Great Tusk|
|poke|p1|Samurott-Hisui, F|
|poke|p1|Kingambit, F|
|poke|p2|Ninetales-Alola, F|
|poke|p2|Latias, F|
|poke|p2|Kingambit, M|
|poke|p2|Kyurem|
|poke|p2|Zamazenta-*|
|poke|p2|Iron Moth|
|teampreview
|inactive|Battle timer is ON: inactive players will automatically lose when time's up. (requested by lolgod2)
|j| zbddb
|j| amimec
|
|t:|1758276275
|teamsize|p1|6
|teamsize|p2|6
|start
|switch|p1a: Valediction|Samurott-Hisui, F|100/100
|switch|p2a: Ninetales|Ninetales-Alola, F|100/100
|-weather|Snowscape|[from] ability: Snow Warning|[of] p2a: Ninetales
|turn|1
|
|t:|1758276282
|move|p2a: Ninetales|Moonblast|p1a: Valediction
|-supereffective|p1a: Valediction
|-damage|p1a: Valediction|55/100
|move|p1a: Valediction|Ceaseless Edge|p2a: Ninetales
|-resisted|p2a: Ninetales
|-damage|p2a: Ninetales|79/100
|-sidestart|p2: lolgod2|Spikes
|
|-weather|Snowscape|[upkeep]
|upkeep
|turn|2
|
|t:|1758276288
|move|p2a: Ninetales|Moonblast|p1a: Valediction
|-supereffective|p1a: Valediction
|-damage|p1a: Valediction|9/100
|move|p1a: Valediction|Ceaseless Edge|p2a: Ninetales|[miss]
|-miss|p1a: Valediction|p2a: Ninetales
|
|-weather|Snowscape|[upkeep]
|upkeep
|turn|3
|
|t:|1758276293
|switch|p1a: Contagion|Slowking-Galar, F|100/100
|move|p2a: Ninetales|Moonblast|p1a: Contagion
|-resisted|p1a: Contagion
|-damage|p1a: Contagion|90/100
|
|-weather|Snowscape|[upkeep]
|-heal|p1a: Contagion|96/100|[from] item: Black Sludge
|upkeep
|turn|4
|
|t:|1758276298
|move|p2a: Ninetales|Aurora Veil|p2a: Ninetales
|-sidestart|p2: lolgod2|move: Aurora Veil
|move|p1a: Contagion|Trick|p2a: Ninetales
|-activate|p1a: Contagion|move: Trick|[of] p2a: Ninetales
|-item|p2a: Ninetales|Black Sludge|[from] move: Trick
|-item|p1a: Contagion|Light Clay|[from] move: Trick
|
|-weather|Snowscape|[upkeep]
|-damage|p2a: Ninetales|67/100|[from] item: Black Sludge
|upkeep
|turn|5
|
|t:|1758276305
|switch|p2a: Kingambit|Kingambit, M|100/100
|-damage|p2a: Kingambit|88/100|[from] Spikes
|-prepare|p1a: Contagion|Chilly Reception|[premajor]
|move|p1a: Contagion|Chilly Reception|p1a: Contagion
|
|t:|1758276333
|switch|p1a: Grax|Great Tusk|100/100|[from] Chilly Reception
|
|-weather|none
|-heal|p2a: Kingambit|94/100|[from] item: Leftovers
|upkeep
|turn|6
|
|t:|1758276355
|-end|p2a: Kingambit|fallenundefined|[silent]
|switch|p2a: Latias|Latias, F|100/100
|move|p1a: Grax|Stealth Rock|p2a: Latias
|-sidestart|p2: lolgod2|move: Stealth Rock
|
|upkeep
|turn|7
|
|t:|1758276373
|move|p1a: Grax|Knock Off|p2a: Latias
|-supereffective|p2a: Latias
|-damage|p2a: Latias|67/100
|-enditem|p2a: Latias|Weakness Policy
|-boost|p2a: Latias|atk|2|[from] item: Weakness Policy
|-boost|p2a: Latias|spa|2|[from] item: Weakness Policy
|move|p2a: Latias|Agility|p2a: Latias
|-boost|p2a: Latias|spe|2
|
|upkeep
|turn|8
|
|t:|1758276382
|-end|p1a: Grax|Protosynthesis|[silent]
|switch|p1a: Contagion|Slowking-Galar, F|100/100
|move|p2a: Latias|Calm Mind|p2a: Latias
|-boost|p2a: Latias|spa|1
|-boost|p2a: Latias|spd|1
|
|upkeep
|turn|9
|
|t:|1758276387
|move|p2a: Latias|Stored Power|p1a: Contagion
|-damage|p1a: Contagion|0 fnt
|faint|p1a: Contagion
|
|upkeep
|
|t:|1758276389
|switch|p1a: Murasama|Kingambit, F|100/100
|-activate|p1a: Murasama|ability: Supreme Overlord
|-start|p1a: Murasama|fallen1|[silent]
|turn|10
|
|t:|1758276393
|-end|p1a: Murasama|fallen1|[silent]
|switch|p1a: Grax|Great Tusk|100/100
|-terastallize|p2a: Latias|Fairy
|move|p2a: Latias|Draining Kiss|p1a: Grax
|-supereffective|p1a: Grax
|-damage|p1a: Grax|0 fnt
|-heal|p2a: Latias|100/100|[from] drain|[of] p1a: Grax
|-damage|p2a: Latias|84/100|[from] item: Rocky Helmet|[of] p1a: Grax
|faint|p1a: Grax
|-end|p1a: Grax|Protosynthesis|[silent]
|
|upkeep
|
|t:|1758276397
|switch|p1a: Valediction|Samurott-Hisui, F|9/100
|turn|11
|
|t:|1758276401
|move|p1a: Valediction|Aqua Jet|p2a: Latias
|-damage|p2a: Latias|75/100
|move|p2a: Latias|Draining Kiss|p1a: Valediction
|-supereffective|p1a: Valediction
|-damage|p1a: Valediction|0 fnt
|-heal|p2a: Latias|82/100|[from] drain|[of] p1a: Valediction
|faint|p1a: Valediction
|
|-sideend|p2: lolgod2|move: Aurora Veil
|upkeep
|
|t:|1758276403
|switch|p1a: Murasama|Kingambit, F|100/100
|-activate|p1a: Murasama|ability: Supreme Overlord
|-start|p1a: Murasama|fallen3|[silent]
|turn|12
|
|t:|1758276405
|move|p2a: Latias|Draining Kiss|p1a: Murasama
|-damage|p1a: Murasama|29/100
|-heal|p2a: Latias|100/100|[from] drain|[of] p1a: Murasama
|move|p1a: Murasama|Iron Head|p2a: Latias
|-supereffective|p2a: Latias
|-damage|p2a: Latias|0 fnt
|faint|p2a: Latias
|
|-heal|p1a: Murasama|35/100|[from] item: Leftovers
|upkeep
|
|t:|1758276414
|switch|p2a: Iron Moth|Iron Moth|100/100
|-damage|p2a: Iron Moth|88/100|[from] Spikes
|-damage|p2a: Iron Moth|63/100|[from] Stealth Rock
|-enditem|p2a: Iron Moth|Booster Energy
|-activate|p2a: Iron Moth|ability: Quark Drive|[fromitem]
|-start|p2a: Iron Moth|quarkdrivespe
|turn|13
|inactive|domingo a noite has 120 seconds left.
|
|t:|1758276462
|move|p1a: Murasama|Sucker Punch|p2a: Iron Moth
|-damage|p2a: Iron Moth|0 fnt
|faint|p2a: Iron Moth
|-end|p2a: Iron Moth|Quark Drive|[silent]
|
|-heal|p1a: Murasama|41/100|[from] item: Leftovers
|upkeep
|
|t:|1758276465
|switch|p2a: Zamazenta|Zamazenta|100/100
|-damage|p2a: Zamazenta|88/100|[from] Spikes
|-damage|p2a: Zamazenta|82/100|[from] Stealth Rock
|-ability|p2a: Zamazenta|Dauntless Shield|boost
|-boost|p2a: Zamazenta|def|1
|turn|14
|
|t:|1758276481
|-end|p1a: Murasama|fallen3|[silent]
|switch|p1a: Earth|Landorus-Therian, M|100/100
|-ability|p1a: Earth|Intimidate|boost
|-unboost|p2a: Zamazenta|atk|1
|move|p2a: Zamazenta|Iron Defense|p2a: Zamazenta
|-boost|p2a: Zamazenta|def|2
|
|-heal|p2a: Zamazenta|88/100|[from] item: Leftovers
|upkeep
|turn|15
|
|t:|1758276488
|move|p1a: Earth|U-turn|p2a: Zamazenta
|-resisted|p2a: Zamazenta
|-damage|p2a: Zamazenta|84/100
|
|t:|1758276491
|switch|p1a: Absolute Zero|Kyurem|100/100|[from] U-turn
|-ability|p1a: Absolute Zero|Pressure
|move|p2a: Zamazenta|Body Press|p1a: Absolute Zero
|-supereffective|p1a: Absolute Zero
|-damage|p1a: Absolute Zero|0 fnt
|faint|p1a: Absolute Zero
|
|-heal|p2a: Zamazenta|90/100|[from] item: Leftovers
|upkeep
|
|t:|1758276496
|switch|p1a: Murasama|Kingambit, F|41/100
|-activate|p1a: Murasama|ability: Supreme Overlord
|-start|p1a: Murasama|fallen4|[silent]
|turn|16
|
|t:|1758276498
|move|p2a: Zamazenta|Body Press|p1a: Murasama
|-supereffective|p1a: Murasama
|-damage|p1a: Murasama|0 fnt
|faint|p1a: Murasama
|-end|p1a: Murasama|fallen4|[silent]
|
|-heal|p2a: Zamazenta|97/100|[from] item: Leftovers
|upkeep
|-message|domingo a noite forfeited.
|
|win|lolgod2
|raw|domingo a noite's rating: 1682 &rarr; <strong>1664</strong><br />(-18 for losing)
|raw|lolgod2's rating: 1713 &rarr; <strong>1731</strong><br />(+18 for winning)
|l|☆domingo a noite
|player|p1|
|c|☆lolgod2|ill assume that wasnt scarf draco meteor kyurem
|c|☆lolgod2|which would probably 1 tap zama
|l|☆lolgod2
|player|p2|
