|j|☆Arcangel666
|j|☆mathismathin
|t:|1758338201
|gametype|singles
|player|p1|Arcangel666|steven|1784
|player|p2|mathismathin|hilbert|1806
|gen|9
|tier|[Gen 9] OU
|rated|
|rule|HP Percentage Mod: HP is shown in percentages
|rule|Endless Battle Clause: Forcing endless battles is banned
|rule|Species Clause: Limit one of each Pokémon
|rule|OHKO Clause: OHKO moves are banned
|rule|Evasion Items Clause: Evasion items are banned
|rule|Evasion Moves Clause: Evasion moves are banned
|rule|Evasion Abilities Clause: Evasion abilities are banned
|rule|Sleep Moves Clause: Sleep-inducing moves are banned
|clearpoke
|poke|p1|Ting-Lu|
|poke|p1|Kingambit, M|
|poke|p1|Dragapult, M|
|poke|p1|Skeledirge, F|
|poke|p1|Iron Valiant|
|poke|p1|Rotom-Wash|
|poke|p2|Krookodile, F|
|poke|p2|Noivern, F|
|poke|p2|Porygon-Z|
|poke|p2|Jirachi|
|poke|p2|Slowbro, F|
|poke|p2|Mienshao, F|
|teampreview
|
|t:|1758338229
|teamsize|p1|6
|teamsize|p2|6
|start
|switch|p1a: Ting-Lu|Ting-Lu|100/100
|switch|p2a: Jirachi|Jirachi|100/100
|-ability|p1a: Ting-Lu|Vessel of Ruin
|turn|1
|
|t:|1758338233
|move|p2a: Jirachi|Trick|p1a: Ting-Lu
|-activate|p2a: Jirachi|move: Trick|[of] p1a: Ting-Lu
|-item|p1a: Ting-Lu|Choice Scarf|[from] move: Trick
|-item|p2a: Jirachi|Leftovers|[from] move: Trick
|move|p1a: Ting-Lu|Stealth Rock|p2a: Jirachi
|-sidestart|p2: mathismathin|move: Stealth Rock
|
|upkeep
|turn|2
|
|t:|1758338239
|switch|p1a: Rotom|Rotom-Wash, shiny|100/100
|move|p2a: Jirachi|U-turn|p1a: Rotom
|-damage|p1a: Rotom|71/100
|
|t:|1758338244
|switch|p2a: Noivern|Noivern, F|100/100|[from] U-turn
|
|-heal|p1a: Rotom|77/100|[from] item: Leftovers
|upkeep
|turn|3
|
|t:|1758338247
|switch|p1a: Ting-Lu|Ting-Lu|100/100
|-ability|p1a: Ting-Lu|Vessel of Ruin
|move|p2a: Noivern|Defog|p1a: Ting-Lu
|-unboost|p1a: Ting-Lu|evasion|1
|-sideend|p2: mathismathin|Stealth Rock|[from] move: Defog|[of] p2a: Noivern
|
|upkeep
|turn|4
|
|t:|1758338252
|switch|p2a: Mienshao|Mienshao, F|100/100
|move|p1a: Ting-Lu|Spikes|p2a: Mienshao
|-sidestart|p2: mathismathin|Spikes
|
|upkeep
|turn|5
|
|t:|1758338255
|move|p2a: Mienshao|Knock Off|p1a: Ting-Lu
|-resisted|p1a: Ting-Lu
|-damage|p1a: Ting-Lu|91/100
|-enditem|p1a: Ting-Lu|Choice Scarf|[from] move: Knock Off|[of] p2a: Mienshao
|move|p1a: Ting-Lu|Spikes|p2a: Mienshao
|-sidestart|p2: mathismathin|Spikes
|
|upkeep
|turn|6
|
|t:|1758338257
|switch|p1a: Skeledirge|Skeledirge, F, shiny|100/100
|move|p2a: Mienshao|Close Combat|p1a: Skeledirge
|-immune|p1a: Skeledirge
|
|upkeep
|turn|7
|
|t:|1758338259
|move|p2a: Mienshao|Knock Off|p1a: Skeledirge
|-supereffective|p1a: Skeledirge
|-damage|p1a: Skeledirge|51/100
|-enditem|p1a: Skeledirge|Heavy-Duty Boots|[from] move: Knock Off|[of] p2a: Mienshao
|move|p1a: Skeledirge|Will-O-Wisp|p2a: Mienshao
|-status|p2a: Mienshao|brn
|
|-damage|p2a: Mienshao|95/100 brn|[from] brn
|upkeep
|turn|8
|
|t:|1758338262
|move|p2a: Mienshao|U-turn|p1a: Skeledirge
|-resisted|p1a: Skeledirge
|-damage|p1a: Skeledirge|50/100
|
|t:|1758338263
|switch|p2a: Noivern|Noivern, F|100/100|[from] U-turn
|move|p1a: Skeledirge|Slack Off|p1a: Skeledirge
|-heal|p1a: Skeledirge|99/100
|
|upkeep
|turn|9
|
|t:|1758338266
|move|p2a: Noivern|Defog|p1a: Skeledirge
|-unboost|p1a: Skeledirge|evasion|1
|-sideend|p2: mathismathin|Spikes|[from] move: Defog|[of] p2a: Noivern
|move|p1a: Skeledirge|Will-O-Wisp|p2a: Noivern
|-status|p2a: Noivern|brn
|
|-damage|p2a: Noivern|94/100 brn|[from] brn
|upkeep
|turn|10
|
|t:|1758338270
|switch|p2a: Krookodile|Krookodile, F|100/100
|-ability|p2a: Krookodile|Intimidate|boost
|-unboost|p1a: Skeledirge|atk|1
|switch|p1a: Ting-Lu|Ting-Lu|91/100
|-ability|p1a: Ting-Lu|Vessel of Ruin
|
|upkeep
|turn|11
|
|t:|1758338273
|move|p2a: Krookodile|Taunt|p1a: Ting-Lu
|-start|p1a: Ting-Lu|move: Taunt
|cant|p1a: Ting-Lu|move: Taunt|Spikes
|
|upkeep
|turn|12
|
|t:|1758338275
|move|p2a: Krookodile|Stealth Rock|p1a: Ting-Lu
|-sidestart|p1: Arcangel666|move: Stealth Rock
|move|p1a: Ting-Lu|Ruination|p2a: Krookodile
|-damage|p2a: Krookodile|51/100
|
|-heal|p2a: Krookodile|57/100|[from] item: Leftovers
|upkeep
|turn|13
|
|t:|1758338279
|move|p2a: Krookodile|Earthquake|p1a: Ting-Lu
|-damage|p1a: Ting-Lu|62/100
|move|p1a: Ting-Lu|Ruination|p2a: Krookodile
|-damage|p2a: Krookodile|29/100
|
|-heal|p2a: Krookodile|35/100|[from] item: Leftovers
|-end|p1a: Ting-Lu|move: Taunt
|upkeep
|turn|14
|
|t:|1758338282
|switch|p1a: Iron Valiant|Iron Valiant, shiny|100/100
|-damage|p1a: Iron Valiant|94/100|[from] Stealth Rock
|move|p2a: Krookodile|Taunt|p1a: Iron Valiant
|-start|p1a: Iron Valiant|move: Taunt
|
|-heal|p2a: Krookodile|41/100|[from] item: Leftovers
|upkeep
|turn|15
|
|t:|1758338285
|switch|p2a: Jirachi|Jirachi|100/100
|move|p1a: Iron Valiant|Moonblast|p2a: Jirachi
|-resisted|p2a: Jirachi
|-damage|p2a: Jirachi|64/100
|
|-heal|p2a: Jirachi|70/100|[from] item: Leftovers
|upkeep
|turn|16
|
|t:|1758338291
|-end|p1a: Iron Valiant|Quark Drive|[silent]
|switch|p1a: Rotom|Rotom-Wash, shiny|77/100
|-damage|p1a: Rotom|64/100|[from] Stealth Rock
|move|p2a: Jirachi|Iron Head|p1a: Rotom
|-resisted|p1a: Rotom
|-damage|p1a: Rotom|52/100
|
|-heal|p2a: Jirachi|76/100|[from] item: Leftovers
|-heal|p1a: Rotom|58/100|[from] item: Leftovers
|upkeep
|turn|17
|
|t:|1758338294
|move|p2a: Jirachi|U-turn|p1a: Rotom
|-damage|p1a: Rotom|32/100
|
|t:|1758338298
|switch|p2a: Noivern|Noivern, F|94/100 brn|[from] U-turn
|move|p1a: Rotom|Thunderbolt|p2a: Noivern
|-damage|p2a: Noivern|53/100 brn
|
|-heal|p1a: Rotom|38/100|[from] item: Leftovers
|-damage|p2a: Noivern|47/100 brn|[from] brn
|upkeep
|turn|18
|
|t:|1758338302
|switch|p1a: Ting-Lu|Ting-Lu|62/100
|-damage|p1a: Ting-Lu|56/100|[from] Stealth Rock
|-ability|p1a: Ting-Lu|Vessel of Ruin
|move|p2a: Noivern|Draco Meteor|p1a: Ting-Lu|[miss]
|-miss|p2a: Noivern|p1a: Ting-Lu
|
|-damage|p2a: Noivern|41/100 brn|[from] brn
|upkeep
|turn|19
|
|t:|1758338314
|switch|p2a: Krookodile|Krookodile, F|41/100
|-ability|p2a: Krookodile|Intimidate|boost
|-unboost|p1a: Ting-Lu|atk|1
|move|p1a: Ting-Lu|Spikes|p2a: Krookodile
|-sidestart|p2: mathismathin|Spikes
|
|-heal|p2a: Krookodile|48/100|[from] item: Leftovers
|upkeep
|turn|20
|
|t:|1758338317
|switch|p1a: Iron Valiant|Iron Valiant, shiny|94/100
|-damage|p1a: Iron Valiant|88/100|[from] Stealth Rock
|move|p2a: Krookodile|Earthquake|p1a: Iron Valiant
|-damage|p1a: Iron Valiant|26/100
|
|-heal|p2a: Krookodile|54/100|[from] item: Leftovers
|upkeep
|turn|21
|
|t:|1758338322
|switch|p2a: Jirachi|Jirachi|76/100
|-damage|p2a: Jirachi|64/100|[from] Spikes
|move|p1a: Iron Valiant|Trick|p2a: Jirachi
|-activate|p1a: Iron Valiant|move: Trick|[of] p2a: Jirachi
|-item|p2a: Jirachi|Choice Specs|[from] move: Trick
|-item|p1a: Iron Valiant|Leftovers|[from] move: Trick
|
|-heal|p1a: Iron Valiant|33/100|[from] item: Leftovers
|upkeep
|turn|22
|
|t:|1758338327
|-end|p1a: Iron Valiant|Quark Drive|[silent]
|switch|p1a: Ting-Lu|Ting-Lu|56/100
|-damage|p1a: Ting-Lu|50/100|[from] Stealth Rock
|-ability|p1a: Ting-Lu|Vessel of Ruin
|move|p2a: Jirachi|U-turn|p1a: Ting-Lu
|-supereffective|p1a: Ting-Lu
|-damage|p1a: Ting-Lu|28/100
|
|t:|1758338342
|switch|p2a: Porygon-Z|Porygon-Z|100/100|[from] U-turn
|-damage|p2a: Porygon-Z|88/100|[from] Spikes
|-ability|p2a: Porygon-Z|Download|boost
|-boost|p2a: Porygon-Z|spa|1
|
|upkeep
|turn|23
|
|t:|1758338346
|move|p2a: Porygon-Z|Ice Beam|p1a: Ting-Lu
|-supereffective|p1a: Ting-Lu
|-damage|p1a: Ting-Lu|0 fnt
|faint|p1a: Ting-Lu
|
|upkeep
|
|t:|1758338348
|switch|p1a: Kingambit|Kingambit, M, shiny|100/100
|-activate|p1a: Kingambit|ability: Supreme Overlord
|-start|p1a: Kingambit|fallen1|[silent]
|turn|24
|
|t:|1758338361
|switch|p2a: Jirachi|Jirachi|64/100
|-damage|p2a: Jirachi|52/100|[from] Spikes
|move|p1a: Kingambit|Kowtow Cleave|p2a: Jirachi
|-supereffective|p2a: Jirachi
|-damage|p2a: Jirachi|0 fnt
|faint|p2a: Jirachi
|
|upkeep
|
|t:|1758338364
|switch|p2a: Krookodile|Krookodile, F|54/100
|-damage|p2a: Krookodile|41/100|[from] Spikes
|-ability|p2a: Krookodile|Intimidate|boost
|-unboost|p1a: Kingambit|atk|1
|turn|25
|
|t:|1758338368
|-end|p1a: Kingambit|fallen1|[silent]
|switch|p1a: Rotom|Rotom-Wash, shiny|38/100
|-damage|p1a: Rotom|25/100|[from] Stealth Rock
|move|p2a: Krookodile|Earthquake|p1a: Rotom
|-immune|p1a: Rotom|[from] ability: Levitate
|
|-heal|p1a: Rotom|32/100|[from] item: Leftovers
|-heal|p2a: Krookodile|48/100|[from] item: Leftovers
|upkeep
|turn|26
|
|t:|1758338370
|move|p1a: Rotom|Hydro Pump|p2a: Krookodile|[miss]
|-miss|p1a: Rotom|p2a: Krookodile
|move|p2a: Krookodile|Knock Off|p1a: Rotom
|-damage|p1a: Rotom|0 fnt
|-enditem|p1a: Rotom|Leftovers|[from] move: Knock Off|[of] p2a: Krookodile
|faint|p1a: Rotom
|
|-heal|p2a: Krookodile|54/100|[from] item: Leftovers
|upkeep
|
|t:|1758338373
|switch|p1a: Iron Valiant|Iron Valiant, shiny|33/100
|-damage|p1a: Iron Valiant|26/100|[from] Stealth Rock
|turn|27
|
|t:|1758338388
|switch|p2a: Noivern|Noivern, F|41/100 brn
|move|p1a: Iron Valiant|Moonblast|p2a: Noivern
|-supereffective|p2a: Noivern
|-damage|p2a: Noivern|0 fnt
|faint|p2a: Noivern
|
|-heal|p1a: Iron Valiant|33/100|[from] item: Leftovers
|upkeep
|
|t:|1758338389
|switch|p2a: Slowbro|Slowbro, F|100/100
|-damage|p2a: Slowbro|88/100|[from] Spikes
|turn|28
|
|t:|1758338391
|move|p1a: Iron Valiant|Shadow Ball|p2a: Slowbro
|-supereffective|p2a: Slowbro
|-damage|p2a: Slowbro|31/100
|move|p2a: Slowbro|Scald|p1a: Iron Valiant
|-damage|p1a: Iron Valiant|0 fnt
|faint|p1a: Iron Valiant
|-end|p1a: Iron Valiant|Quark Drive|[silent]
|
|upkeep
|
|t:|1758338394
|switch|p1a: Dragapult|Dragapult, M, shiny|100/100
|-damage|p1a: Dragapult|88/100|[from] Stealth Rock
|turn|29
|
|t:|1758338404
|switch|p2a: Mienshao|Mienshao, F|100/100 brn
|-damage|p2a: Mienshao|88/100 brn|[from] Spikes
|move|p1a: Dragapult|Substitute|p1a: Dragapult
|-start|p1a: Dragapult|Substitute
|-damage|p1a: Dragapult|63/100
|
|-heal|p1a: Dragapult|69/100|[from] item: Leftovers
|-damage|p2a: Mienshao|82/100 brn|[from] brn
|upkeep
|turn|30
|
|t:|1758338406
|move|p1a: Dragapult|Dragon Dance|p1a: Dragapult
|-boost|p1a: Dragapult|atk|1
|-boost|p1a: Dragapult|spe|1
|move|p2a: Mienshao|Knock Off|p1a: Dragapult
|-supereffective|p1a: Dragapult
|-end|p1a: Dragapult|Substitute
|
|-heal|p1a: Dragapult|75/100|[from] item: Leftovers
|-damage|p2a: Mienshao|77/100 brn|[from] brn
|upkeep
|turn|31
|
|t:|1758338409
|move|p1a: Dragapult|Dragon Darts|p2a: Mienshao
|-damage|p2a: Mienshao|5/100 brn
|-anim|p1a: Dragapult|Dragon Darts|p2a: Mienshao
|-damage|p2a: Mienshao|0 fnt
|faint|p2a: Mienshao
|
|-heal|p1a: Dragapult|81/100|[from] item: Leftovers
|upkeep
|
|t:|1758338410
|switch|p2a: Slowbro|Slowbro, F|64/100
|-damage|p2a: Slowbro|52/100|[from] Spikes
|turn|32
|
|t:|1758338414
|-terastallize|p1a: Dragapult|Ghost
|-terastallize|p2a: Slowbro|Fairy
|move|p1a: Dragapult|Tera Blast|p2a: Slowbro|[anim] Tera Blast Ghost
|-damage|p2a: Slowbro|1/100
|move|p2a: Slowbro|Slack Off|p2a: Slowbro
|-heal|p2a: Slowbro|51/100
|
|-heal|p1a: Dragapult|87/100|[from] item: Leftovers
|upkeep
|turn|33
|
|t:|1758338416
|move|p1a: Dragapult|Tera Blast|p2a: Slowbro|[anim] Tera Blast Ghost
|-damage|p2a: Slowbro|5/100
|move|p2a: Slowbro|Foul Play|p1a: Dragapult
|-supereffective|p1a: Dragapult
|-damage|p1a: Dragapult|0 fnt
|faint|p1a: Dragapult
|
|upkeep
|
|t:|1758338419
|switch|p1a: Kingambit|Kingambit, M, shiny|100/100
|-activate|p1a: Kingambit|ability: Supreme Overlord
|-start|p1a: Kingambit|fallen4|[silent]
|turn|34
|
|t:|1758338428
|move|p1a: Kingambit|Swords Dance|p1a: Kingambit
|-boost|p1a: Kingambit|atk|2
|move|p2a: Slowbro|Body Press|p1a: Kingambit
|-supereffective|p1a: Kingambit
|-damage|p1a: Kingambit|19/100
|
|upkeep
|turn|35
|
|t:|1758338444
|move|p1a: Kingambit|Iron Head|p2a: Slowbro
|-supereffective|p2a: Slowbro
|-damage|p2a: Slowbro|0 fnt
|-damage|p1a: Kingambit|3/100|[from] item: Rocky Helmet|[of] p2a: Slowbro
|faint|p2a: Slowbro
|
|upkeep
|
|t:|1758338446
|switch|p2a: Porygon-Z|Porygon-Z|88/100
|-damage|p2a: Porygon-Z|76/100|[from] Spikes
|-ability|p2a: Porygon-Z|Download|boost
|-boost|p2a: Porygon-Z|spa|1
|turn|36
|
|t:|1758338452
|move|p2a: Porygon-Z|Shadow Ball|p1a: Kingambit
|-resisted|p1a: Kingambit
|-damage|p1a: Kingambit|0 fnt
|faint|p1a: Kingambit
|-end|p1a: Kingambit|fallen4|[silent]
|
|upkeep
|
|t:|1758338454
|switch|p1a: Skeledirge|Skeledirge, F, shiny|99/100
|-damage|p1a: Skeledirge|75/100|[from] Stealth Rock
|turn|37
|
|t:|1758338457
|move|p2a: Porygon-Z|Shadow Ball|p1a: Skeledirge
|-supereffective|p1a: Skeledirge
|-damage|p1a: Skeledirge|0 fnt
|faint|p1a: Skeledirge
|
|win|mathismathin
|raw|Arcangel666's rating: 1784 &rarr; <strong>1765</strong><br />(-19 for losing)
|raw|mathismathin's rating: 1806 &rarr; <strong>1825</strong><br />(+19 for winning)
|c|☆mathismathin|gg
|l|☆Arcangel666
|player|p1|
|l|☆mathismathin
|player|p2|
