|j|☆imjjjyyyhhh
|j|☆humunitzy
|t:|1758351840
|gametype|singles
|player|p1|imjjjyyyhhh|2|1362
|player|p2|humunitzy|gentleman|1375
|gen|9
|tier|[Gen 9] OU
|rated|
|rule|HP Percentage Mod: HP is shown in percentages
|rule|Endless Battle Clause: Forcing endless battles is banned
|rule|Species Clause: Limit one of each Pokémon
|rule|OHKO Clause: OHKO moves are banned
|rule|Evasion Items Clause: Evasion items are banned
|rule|Evasion Moves Clause: Evasion moves are banned
|rule|Evasion Abilities Clause: Evasion abilities are banned
|rule|Sleep Moves Clause: Sleep-inducing moves are banned
|clearpoke
|poke|p1|Kingambit, F|
|poke|p1|Deoxys-Speed|
|poke|p1|Great Tusk|
|poke|p1|Dragonite, F|
|poke|p1|Iron Moth|
|poke|p1|Primarina, F|
|poke|p2|Iron Crown|
|poke|p2|Iron Jugulis|
|poke|p2|Kingambit, M|
|poke|p2|Cinderace, M|
|poke|p2|Slowking-Galar, M|
|poke|p2|Zamazenta-*|
|teampreview
|inactive|Battle timer is ON: inactive players will automatically lose when time's up. (requested by imjjjyyyhhh)
|
|t:|1758351855
|teamsize|p1|6
|teamsize|p2|6
|start
|switch|p1a: Yoshi|Dragonite, F, shiny|100/100
|switch|p2a: Iron Crown|Iron Crown|100/100
|-enditem|p2a: Iron Crown|Booster Energy
|-activate|p2a: Iron Crown|ability: Quark Drive|[fromitem]
|-start|p2a: Iron Crown|quarkdrivespa
|turn|1
|
|t:|1758351868
|move|p2a: Iron Crown|Tachyon Cutter|p1a: Yoshi
|-damage|p1a: Yoshi|83/100
|-damage|p1a: Yoshi|49/100
|-hitcount|p1a: Yoshi|2
|move|p1a: Yoshi|Fire Punch|p2a: Iron Crown
|-supereffective|p2a: Iron Crown
|-damage|p2a: Iron Crown|5/100
|
|upkeep
|turn|2
|
|t:|1758351881
|switch|p1a: Meruem|Kingambit, F|100/100
|move|p2a: Iron Crown|Tachyon Cutter|p1a: Meruem
|-resisted|p1a: Meruem
|-damage|p1a: Meruem|85/100
|-resisted|p1a: Meruem
|-damage|p1a: Meruem|68/100
|-hitcount|p1a: Meruem|2
|
|-heal|p1a: Meruem|74/100|[from] item: Leftovers
|upkeep
|turn|3
|
|t:|1758351908
|-end|p2a: Iron Crown|Quark Drive|[silent]
|switch|p2a: Kingambit|Kingambit, M|100/100
|move|p1a: Meruem|Sucker Punch||[still]
|-fail|p1a: Meruem
|
|-heal|p1a: Meruem|80/100|[from] item: Leftovers
|upkeep
|turn|4
|
|t:|1758351918
|-end|p1a: Meruem|fallenundefined|[silent]
|switch|p1a: Anomaly|Great Tusk|100/100
|-enditem|p1a: Anomaly|Booster Energy
|-activate|p1a: Anomaly|ability: Protosynthesis|[fromitem]
|-start|p1a: Anomaly|protosynthesisatk
|move|p2a: Kingambit|Low Kick|p1a: Anomaly
|-crit|p1a: Anomaly
|-damage|p1a: Anomaly|53/100
|
|upkeep
|turn|5
|inactive|humunitzy has 120 seconds left.
|
|t:|1758351936
|-end|p2a: Kingambit|fallenundefined|[silent]
|switch|p2a: Iron Jugulis|Iron Jugulis|100/100
|-enditem|p2a: Iron Jugulis|Booster Energy
|-activate|p2a: Iron Jugulis|ability: Quark Drive|[fromitem]
|-start|p2a: Iron Jugulis|quarkdrivespe
|move|p1a: Anomaly|Close Combat|p2a: Iron Jugulis
|-damage|p2a: Iron Jugulis|3/100
|-unboost|p1a: Anomaly|def|1
|-unboost|p1a: Anomaly|spd|1
|
|upkeep
|turn|6
|inactive|humunitzy has 120 seconds left.
|
|t:|1758351962
|-end|p1a: Anomaly|Protosynthesis|[silent]
|switch|p1a: Siren|Primarina, F|100/100
|move|p2a: Iron Jugulis|Hydro Pump|p1a: Siren
|-resisted|p1a: Siren
|-damage|p1a: Siren|88/100
|
|upkeep
|turn|7
|
|t:|1758351976
|move|p2a: Iron Jugulis|Hurricane|p1a: Siren
|-damage|p1a: Siren|55/100
|move|p1a: Siren|Surf|p2a: Iron Jugulis
|-damage|p2a: Iron Jugulis|0 fnt
|faint|p2a: Iron Jugulis
|-end|p2a: Iron Jugulis|Quark Drive|[silent]
|
|upkeep
|
|t:|1758351996
|switch|p2a: Slowking|Slowking-Galar, M|100/100
|turn|8
|
|t:|1758352001
|switch|p1a: Meruem|Kingambit, F|80/100
|move|p2a: Slowking|Sludge Bomb|p1a: Meruem
|-immune|p1a: Meruem
|
|-heal|p1a: Meruem|86/100|[from] item: Leftovers
|upkeep
|turn|9
|
|t:|1758352012
|switch|p2a: Kingambit|Kingambit, M|100/100
|-activate|p2a: Kingambit|ability: Supreme Overlord
|-start|p2a: Kingambit|fallen1|[silent]
|move|p1a: Meruem|Iron Head|p2a: Kingambit
|-resisted|p2a: Kingambit
|-damage|p2a: Kingambit|81/100
|
|-heal|p2a: Kingambit|87/100|[from] item: Leftovers
|-heal|p1a: Meruem|92/100|[from] item: Leftovers
|upkeep
|turn|10
|
|t:|1758352024
|-end|p1a: Meruem|fallenundefined|[silent]
|switch|p1a: Anomaly|Great Tusk|53/100
|move|p2a: Kingambit|Swords Dance|p2a: Kingambit
|-boost|p2a: Kingambit|atk|2
|
|-heal|p2a: Kingambit|93/100|[from] item: Leftovers
|upkeep
|turn|11
|
|t:|1758352036
|move|p2a: Kingambit|Sucker Punch|p1a: Anomaly
|-resisted|p1a: Anomaly
|-damage|p1a: Anomaly|22/100
|move|p1a: Anomaly|Close Combat|p2a: Kingambit
|-supereffective|p2a: Kingambit
|-damage|p2a: Kingambit|0 fnt
|-unboost|p1a: Anomaly|def|1
|-unboost|p1a: Anomaly|spd|1
|faint|p2a: Kingambit
|-end|p2a: Kingambit|fallen1|[silent]
|
|upkeep
|
|t:|1758352048
|switch|p2a: Iron Crown|Iron Crown|5/100
|turn|12
|
|t:|1758352061
|-end|p1a: Anomaly|Protosynthesis|[silent]
|switch|p1a: Meruem|Kingambit, F|92/100
|move|p2a: Iron Crown|Air Slash|p1a: Meruem
|-resisted|p1a: Meruem
|-damage|p1a: Meruem|79/100
|
|-heal|p1a: Meruem|85/100|[from] item: Leftovers
|upkeep
|turn|13
|
|t:|1758352071
|move|p1a: Meruem|Sucker Punch|p2a: Iron Crown
|-supereffective|p2a: Iron Crown
|-damage|p2a: Iron Crown|0 fnt
|faint|p2a: Iron Crown
|-end|p2a: Iron Crown|Quark Drive|[silent]
|
|-heal|p1a: Meruem|91/100|[from] item: Leftovers
|upkeep
|
|t:|1758352079
|switch|p2a: Zamazenta|Zamazenta|100/100
|-ability|p2a: Zamazenta|Dauntless Shield|boost
|-boost|p2a: Zamazenta|def|1
|turn|14
|
|t:|1758352085
|-end|p1a: Meruem|fallenundefined|[silent]
|switch|p1a: Siren|Primarina, F|55/100
|move|p2a: Zamazenta|Iron Defense|p2a: Zamazenta
|-boost|p2a: Zamazenta|def|2
|
|upkeep
|turn|15
|inactive|humunitzy has 120 seconds left.
|inactive|humunitzy has 90 seconds left.
|
|t:|1758352121
|-terastallize|p2a: Zamazenta|Fire
|move|p2a: Zamazenta|Body Press|p1a: Siren
|-resisted|p1a: Siren
|-damage|p1a: Siren|0 fnt
|faint|p1a: Siren
|
|upkeep
|
|t:|1758352144
|switch|p1a: Anomаly|Iron Moth|100/100
|-enditem|p1a: Anomаly|Booster Energy
|-activate|p1a: Anomаly|ability: Quark Drive|[fromitem]
|-start|p1a: Anomаly|quarkdrivespe
|turn|16
|
|t:|1758352156
|move|p1a: Anomаly|Sludge Wave|p2a: Zamazenta
|-damage|p2a: Zamazenta|65/100
|move|p2a: Zamazenta|Body Press|p1a: Anomаly
|-resisted|p1a: Anomаly
|-damage|p1a: Anomаly|29/100
|
|-heal|p2a: Zamazenta|72/100|[from] item: Leftovers
|upkeep
|turn|17
|inactive|imjjjyyyhhh has 120 seconds left.
|
|t:|1758352184
|move|p1a: Anomаly|Sludge Wave|p2a: Zamazenta
|-damage|p2a: Zamazenta|35/100
|move|p2a: Zamazenta|Body Press|p1a: Anomаly
|-resisted|p1a: Anomаly
|-damage|p1a: Anomаly|0 fnt
|faint|p1a: Anomаly
|-end|p1a: Anomаly|Quark Drive|[silent]
|
|-heal|p2a: Zamazenta|41/100|[from] item: Leftovers
|upkeep
|inactive|imjjjyyyhhh has 120 seconds left.
|
|t:|1758352189
|switch|p1a: Moebius|Deoxys-Speed|100/100
|-ability|p1a: Moebius|Pressure
|turn|18
|inactive|humunitzy has 90 seconds left.
|
|t:|1758352229
|switch|p2a: Slowking|Slowking-Galar, M|100/100
|move|p1a: Moebius|Psycho Boost|p2a: Slowking
|-damage|p2a: Slowking|61/100
|-unboost|p1a: Moebius|spa|2
|-damage|p1a: Moebius|91/100|[from] item: Life Orb
|
|upkeep
|turn|19
|
|t:|1758352252
|switch|p1a: Yoshi|Dragonite, F, shiny|49/100
|move|p2a: Slowking|Flamethrower|p1a: Yoshi
|-resisted|p1a: Yoshi
|-crit|p1a: Yoshi
|-damage|p1a: Yoshi|25/100
|
|upkeep
|turn|20
|inactive|humunitzy has 60 seconds left.
|
|t:|1758352269
|move|p1a: Yoshi|Outrage|p2a: Slowking
|-damage|p2a: Slowking|0 fnt
|faint|p2a: Slowking
|
|upkeep
|inactive|humunitzy has 60 seconds left.
|
|t:|1758352279
|switch|p2a: Zamazenta|Zamazenta, tera:Fire|41/100
|turn|21
|inactive|humunitzy has 60 seconds left.
|
|t:|1758352285
|move|p2a: Zamazenta|Iron Defense|p2a: Zamazenta
|-boost|p2a: Zamazenta|def|2
|move|p1a: Yoshi|Outrage|p2a: Zamazenta|[from] lockedmove
|-damage|p2a: Zamazenta|8/100
|
|-heal|p2a: Zamazenta|14/100|[from] item: Leftovers
|upkeep
|turn|22
|inactive|humunitzy has 60 seconds left.
|
|t:|1758352296
|move|p2a: Zamazenta|Body Press|p1a: Yoshi
|-resisted|p1a: Yoshi
|-damage|p1a: Yoshi|0 fnt
|faint|p1a: Yoshi
|
|-heal|p2a: Zamazenta|21/100|[from] item: Leftovers
|upkeep
|
|t:|1758352298
|switch|p1a: Moebius|Deoxys-Speed|91/100
|-ability|p1a: Moebius|Pressure
|turn|23
|
|t:|1758352311
|move|p1a: Moebius|Psycho Boost|p2a: Zamazenta
|-damage|p2a: Zamazenta|0 fnt
|-unboost|p1a: Moebius|spa|2
|faint|p2a: Zamazenta
|-damage|p1a: Moebius|81/100|[from] item: Life Orb
|
|upkeep
|
|t:|1758352319
|switch|p2a: Cinderace|Cinderace, M|100/100
|turn|24
|
|t:|1758352324
|move|p1a: Moebius|Psycho Boost|p2a: Cinderace|[miss]
|-miss|p1a: Moebius|p2a: Cinderace
|move|p2a: Cinderace|Pyro Ball|p1a: Moebius
|-damage|p1a: Moebius|0 fnt
|faint|p1a: Moebius
|
|upkeep
|
|t:|1758352330
|switch|p1a: Meruem|Kingambit, F|91/100
|-activate|p1a: Meruem|ability: Supreme Overlord
|-start|p1a: Meruem|fallen4|[silent]
|turn|25
|
|t:|1758352348
|-terastallize|p1a: Meruem|Ghost
|move|p2a: Cinderace|Pyro Ball|p1a: Meruem
|-damage|p1a: Meruem|45/100
|move|p1a: Meruem|Kowtow Cleave|p2a: Cinderace
|-damage|p2a: Cinderace|0 fnt
|faint|p2a: Cinderace
|
|win|imjjjyyyhhh
|raw|imjjjyyyhhh's rating: 1362 &rarr; <strong>1383</strong><br />(+21 for winning)
|raw|humunitzy's rating: 1375 &rarr; <strong>1354</strong><br />(-21 for losing)
|l|☆humunitzy
|player|p2|
|l|☆imjjjyyyhhh
|player|p1|
