|j|☆malumacaballano
|j|☆Jonyko
|t:|1758327915
|gametype|singles
|player|p1|malumacaballano|dragontamer|
|player|p2|Jonyko|lucas-contest|
|gen|9
|tier|[Gen 9] OU
|rule|HP Percentage Mod: HP is shown in percentages
|rule|Endless Battle Clause: Forcing endless battles is banned
|rule|Species Clause: Limit one of each Pokémon
|rule|OHKO Clause: OHKO moves are banned
|rule|Evasion Items Clause: Evasion items are banned
|rule|Evasion Moves Clause: Evasion moves are banned
|rule|Evasion Abilities Clause: Evasion abilities are banned
|rule|Sleep Moves Clause: Sleep-inducing moves are banned
|clearpoke
|poke|p1|Meowscarada, M|
|poke|p1|Farigiraf, M|
|poke|p1|Skeledirge, F|
|poke|p1|Garganacl, M|
|poke|p1|Maushold-Four|
|poke|p1|Clodsire, M|
|poke|p2|Ribombee, F|
|poke|p2|Rampardos, F|
|poke|p2|Rillaboom, M|
|poke|p2|Great Tusk|
|poke|p2|Gholdengo|
|poke|p2|Ceruledge, M|
|teampreview
|
|t:|1758327958
|teamsize|p1|6
|teamsize|p2|6
|start
|switch|p1a: Meowscarada|Meowscarada, M|100/100
|switch|p2a: Ri|Ribombee, F|100/100
|turn|1
|j| DARKNES5
|l| DARKNES5
|j| DARKNES5
|l| DARKNES5
|c|☆Jonyko|Esperando que digan que sí
|
|t:|1758328172
|move|p1a: Meowscarada|Sucker Punch||[still]
|-fail|p1a: Meowscarada
|move|p2a: Ri|Sticky Web|p1a: Meowscarada
|-sidestart|p1: malumacaballano|move: Sticky Web
|
|upkeep
|turn|2
|
|t:|1758328245
|move|p2a: Ri|Moonblast|p1a: Meowscarada
|-supereffective|p1a: Meowscarada
|-damage|p1a: Meowscarada|0 fnt
|faint|p1a: Meowscarada
|
|upkeep
|
|t:|1758328256
|switch|p1a: Garganacl|Garganacl, M|100/100
|-activate|p1a: Garganacl|move: Sticky Web
|-unboost|p1a: Garganacl|spe|1
|turn|3
|
|t:|1758328266
|switch|p2a: R¡|Rillaboom, M|100/100
|-fieldstart|move: Grassy Terrain|[from] ability: Grassy Surge|[of] p2a: R¡
|move|p1a: Garganacl|Salt Cure|p2a: R¡
|-damage|p2a: R¡|87/100
|-start|p2a: R¡|Salt Cure
|
|-heal|p2a: R¡|93/100|[from] Grassy Terrain
|-damage|p2a: R¡|81/100|[from] Salt Cure
|upkeep
|turn|4
|
|t:|1758328289
|-terastallize|p1a: Garganacl|Ghost
|move|p2a: R¡|Knock Off|p1a: Garganacl
|-supereffective|p1a: Garganacl
|-damage|p1a: Garganacl|54/100
|-enditem|p1a: Garganacl|Leftovers|[from] move: Knock Off|[of] p2a: R¡
|move|p1a: Garganacl|Iron Defense|p1a: Garganacl
|-boost|p1a: Garganacl|def|2
|
|-heal|p2a: R¡|87/100|[from] Grassy Terrain
|-heal|p1a: Garganacl|60/100|[from] Grassy Terrain
|-damage|p2a: R¡|75/100|[from] Salt Cure
|upkeep
|turn|5
|
|t:|1758328305
|move|p2a: R¡|U-turn|p1a: Garganacl
|-resisted|p1a: Garganacl
|-damage|p1a: Garganacl|56/100
|
|t:|1758328308
|switch|p2a: Gholdengo|Gholdengo|100/100|[from] U-turn
|move|p1a: Garganacl|Recover|p1a: Garganacl
|-heal|p1a: Garganacl|100/100
|
|upkeep
|turn|6
|
|t:|1758328323
|switch|p1a: Farigiraf|Farigiraf, M|100/100
|-activate|p1a: Farigiraf|move: Sticky Web
|-unboost|p1a: Farigiraf|spe|1
|move|p2a: Gholdengo|Nasty Plot|p2a: Gholdengo
|-boost|p2a: Gholdengo|spa|2
|
|upkeep
|turn|7
|
|t:|1758328337
|move|p2a: Gholdengo|Make It Rain|p1a: Farigiraf
|-damage|p1a: Farigiraf|0 fnt
|-unboost|p2a: Gholdengo|spa|1
|faint|p1a: Farigiraf
|
|-fieldend|move: Grassy Terrain
|upkeep
|
|t:|1758328349
|switch|p1a: Maushold|Maushold-Four|100/100
|-activate|p1a: Maushold|move: Sticky Web
|-unboost|p1a: Maushold|spe|1
|turn|8
|
|t:|1758328369
|move|p2a: Gholdengo|Make It Rain|p1a: Maushold
|-damage|p1a: Maushold|0 fnt
|-unboost|p2a: Gholdengo|spa|1
|faint|p1a: Maushold
|
|upkeep
|
|t:|1758328381
|switch|p1a: Garganacl|Garganacl, M, tera:Ghost|100/100
|-activate|p1a: Garganacl|move: Sticky Web
|-unboost|p1a: Garganacl|spe|1
|turn|9
|
|t:|1758328388
|move|p2a: Gholdengo|Nasty Plot|p2a: Gholdengo
|-boost|p2a: Gholdengo|spa|2
|move|p1a: Garganacl|Salt Cure|p2a: Gholdengo
|-resisted|p2a: Gholdengo
|-damage|p2a: Gholdengo|93/100
|-start|p2a: Gholdengo|Salt Cure
|
|-damage|p2a: Gholdengo|68/100|[from] Salt Cure
|upkeep
|turn|10
|
|t:|1758328404
|move|p2a: Gholdengo|Make It Rain|p1a: Garganacl
|-damage|p1a: Garganacl|0 fnt
|-unboost|p2a: Gholdengo|spa|1
|faint|p1a: Garganacl
|
|-damage|p2a: Gholdengo|43/100|[from] Salt Cure
|upkeep
|
|t:|1758328409
|switch|p1a: Skeledirge|Skeledirge, F|100/100
|-activate|p1a: Skeledirge|move: Sticky Web
|-unboost|p1a: Skeledirge|spe|1
|turn|11
|
|t:|1758328416
|move|p2a: Gholdengo|Make It Rain|p1a: Skeledirge
|-resisted|p1a: Skeledirge
|-damage|p1a: Skeledirge|53/100
|-unboost|p2a: Gholdengo|spa|1
|move|p1a: Skeledirge|Shadow Ball|p2a: Gholdengo
|-supereffective|p2a: Gholdengo
|-damage|p2a: Gholdengo|0 fnt
|faint|p2a: Gholdengo
|-damage|p1a: Skeledirge|43/100|[from] item: Life Orb
|
|upkeep
|
|t:|1758328418
|switch|p2a: Ra-wr|Rampardos, F, shiny|100/100
|-ability|p2a: Ra-wr|Mold Breaker
|turn|12
|c|☆Jonyko|*falla*
|
|t:|1758328437
|switch|p1a: Clodsire|Clodsire, M|100/100
|-activate|p1a: Clodsire|move: Sticky Web
|-unboost|p1a: Clodsire|spe|1
|move|p2a: Ra-wr|Head Smash|p1a: Clodsire
|-resisted|p1a: Clodsire
|-crit|p1a: Clodsire
|-damage|p1a: Clodsire|12/100
|-damage|p2a: Ra-wr|41/100|[from] Recoil
|
|-heal|p1a: Clodsire|18/100|[from] item: Leftovers
|upkeep
|turn|13
|
|t:|1758328454
|move|p2a: Ra-wr|Trailblaze|p1a: Clodsire
|-crit|p1a: Clodsire
|-damage|p1a: Clodsire|0 fnt
|-boost|p2a: Ra-wr|spe|1
|faint|p1a: Clodsire
|
|upkeep
|
|t:|1758328460
|switch|p1a: Skeledirge|Skeledirge, F|43/100
|-activate|p1a: Skeledirge|move: Sticky Web
|-unboost|p1a: Skeledirge|spe|1
|turn|14
|c|☆Jonyko|2 críticos seguidos
|c|☆Jonyko|Se pasó
|c|☆Jonyko|Pobresito clodsire
|
|t:|1758328472
|move|p2a: Ra-wr|Head Smash|p1a: Skeledirge
|-supereffective|p1a: Skeledirge
|-damage|p1a: Skeledirge|0 fnt
|faint|p1a: Skeledirge
|-damage|p2a: Ra-wr|15/100|[from] Recoil
|
|win|Jonyko
