|j|☆kenjihibiki
|j|☆randombananaYAY
|t:|1758260201
|gametype|singles
|player|p1|kenjihibiki|hilbert|1468
|player|p2|randombananaYAY|102|1521
|gen|9
|tier|[Gen 9] OU
|rated|
|rule|HP Percentage Mod: HP is shown in percentages
|rule|Endless Battle Clause: Forcing endless battles is banned
|rule|Species Clause: Limit one of each Pokémon
|rule|OHKO Clause: OHKO moves are banned
|rule|Evasion Items Clause: Evasion items are banned
|rule|Evasion Moves Clause: Evasion moves are banned
|rule|Evasion Abilities Clause: Evasion abilities are banned
|rule|Sleep Moves Clause: Sleep-inducing moves are banned
|clearpoke
|poke|p1|Pelipper, F|
|poke|p1|Kingdra, M|
|poke|p1|Feraligatr, M|
|poke|p1|Scizor, M|
|poke|p1|Ogerpon-Wellspring, F|
|poke|p1|Great Tusk|
|poke|p2|Alomomola, F|
|poke|p2|Gliscor, F|
|poke|p2|Dondozo, F|
|poke|p2|Blissey, F|
|poke|p2|Toxapex, F|
|poke|p2|Clodsire, F|
|teampreview
|inactive|Battle timer is ON: inactive players will automatically lose when time's up. (requested by kenjihibiki)
|
|t:|1758260213
|teamsize|p1|6
|teamsize|p2|6
|start
|switch|p1a: Ogerpon|Ogerpon-Wellspring, F|100/100
|switch|p2a: Gliscor|Gliscor, F|100/100
|turn|1
|
|t:|1758260218
|move|p2a: Gliscor|Protect|p2a: Gliscor
|-singleturn|p2a: Gliscor|Protect
|move|p1a: Ogerpon|Substitute|p1a: Ogerpon
|-start|p1a: Ogerpon|Substitute
|-damage|p1a: Ogerpon|76/100
|
|-status|p2a: Gliscor|tox|[from] item: Toxic Orb
|upkeep
|turn|2
|
|t:|1758260225
|switch|p2a: Toxapex|Toxapex, F|100/100
|move|p1a: Ogerpon|Swords Dance|p1a: Ogerpon
|-boost|p1a: Ogerpon|atk|2
|
|upkeep
|turn|3
|
|t:|1758260237
|move|p2a: Toxapex|Baneful Bunker|p2a: Toxapex
|-singleturn|p2a: Toxapex|move: Protect
|move|p1a: Ogerpon|Horn Leech|p2a: Toxapex
|-activate|p2a: Toxapex|move: Protect
|-status|p1a: Ogerpon|psn
|
|-damage|p1a: Ogerpon|63/100 psn|[from] psn
|upkeep
|turn|4
|
|t:|1758260248
|switch|p2a: Dondozo|Dondozo, F|100/100
|move|p1a: Ogerpon|Ivy Cudgel|p2a: Dondozo|[anim] Ivy Cudgel Water
|-resisted|p2a: Dondozo
|-damage|p2a: Dondozo|88/100
|
|-damage|p1a: Ogerpon|51/100 psn|[from] psn
|upkeep
|turn|5
|
|t:|1758260261
|-terastallize|p2a: Dondozo|Dragon
|move|p1a: Ogerpon|Horn Leech|p2a: Dondozo
|-resisted|p2a: Dondozo
|-crit|p2a: Dondozo
|-damage|p2a: Dondozo|73/100
|-heal|p1a: Ogerpon|64/100 psn|[from] drain|[of] p2a: Dondozo
|move|p2a: Dondozo|Avalanche|p1a: Ogerpon
|-end|p1a: Ogerpon|Substitute
|
|-damage|p1a: Ogerpon|52/100 psn|[from] psn
|upkeep
|turn|6
|
|t:|1758260279
|switch|p1a: Pelipper|Pelipper, F|100/100
|-weather|RainDance|[from] ability: Drizzle|[of] p1a: Pelipper
|move|p2a: Dondozo|Avalanche|p1a: Pelipper
|-damage|p1a: Pelipper|88/100
|
|-weather|RainDance|[upkeep]
|upkeep
|turn|7
|
|t:|1758260294
|switch|p2a: Toxapex|Toxapex, F|100/100
|move|p1a: Pelipper|Hurricane|p2a: Toxapex
|-damage|p2a: Toxapex|79/100
|
|-weather|RainDance|[upkeep]
|upkeep
|turn|8
|
|t:|1758260303
|move|p1a: Pelipper|U-turn|p2a: Toxapex
|-resisted|p2a: Toxapex
|-damage|p2a: Toxapex|76/100
|
|t:|1758260307
|switch|p1a: Scizor|Scizor, M|100/100|[from] U-turn
|move|p2a: Toxapex|Infestation|p1a: Scizor
|-resisted|p1a: Scizor
|-crit|p1a: Scizor
|-damage|p1a: Scizor|98/100
|-activate|p1a: Scizor|move: Infestation|[of] p2a: Toxapex
|
|-weather|RainDance|[upkeep]
|-heal|p1a: Scizor|100/100|[from] item: Leftovers
|-damage|p1a: Scizor|88/100|[from] move: Infestation|[partiallytrapped]
|upkeep
|turn|9
|
|t:|1758260317
|move|p2a: Toxapex|Baneful Bunker|p2a: Toxapex
|-singleturn|p2a: Toxapex|move: Protect
|move|p1a: Scizor|Swords Dance|p1a: Scizor
|-boost|p1a: Scizor|atk|2
|
|-weather|RainDance|[upkeep]
|-heal|p1a: Scizor|94/100|[from] item: Leftovers
|-damage|p1a: Scizor|82/100|[from] move: Infestation|[partiallytrapped]
|upkeep
|turn|10
|
|t:|1758260326
|switch|p2a: Dondozo|Dondozo, F, tera:Dragon|73/100
|move|p1a: Scizor|Knock Off|p2a: Dondozo
|-damage|p2a: Dondozo|56/100
|-enditem|p2a: Dondozo|Heavy-Duty Boots|[from] move: Knock Off|[of] p1a: Scizor
|
|-weather|RainDance|[upkeep]
|-heal|p1a: Scizor|88/100|[from] item: Leftovers
|-end|p1a: Scizor|Infestation|[partiallytrapped]|[silent]
|upkeep
|turn|11
|
|t:|1758260340
|move|p1a: Scizor|U-turn|p2a: Dondozo
|-damage|p2a: Dondozo|38/100
|
|t:|1758260347
|switch|p1a: Feraligatr|Feraligatr, M|100/100|[from] U-turn
|move|p2a: Dondozo|Curse|p2a: Dondozo
|-unboost|p2a: Dondozo|spe|1
|-boost|p2a: Dondozo|atk|1
|-boost|p2a: Dondozo|def|1
|
|-weather|RainDance|[upkeep]
|upkeep
|turn|12
|
|t:|1758260354
|switch|p2a: Toxapex|Toxapex, F|100/100
|move|p1a: Feraligatr|Ice Punch|p2a: Toxapex
|-resisted|p2a: Toxapex
|-damage|p2a: Toxapex|86/100
|
|-weather|RainDance|[upkeep]
|upkeep
|turn|13
|
|t:|1758260367
|switch|p1a: Great Tusk|Great Tusk|100/100
|move|p2a: Toxapex|Infestation|p1a: Great Tusk
|-resisted|p1a: Great Tusk
|-damage|p1a: Great Tusk|98/100
|-activate|p1a: Great Tusk|move: Infestation|[of] p2a: Toxapex
|
|-weather|none
|-damage|p1a: Great Tusk|86/100|[from] move: Infestation|[partiallytrapped]
|upkeep
|turn|14
|
|t:|1758260375
|move|p2a: Toxapex|Baneful Bunker|p2a: Toxapex
|-singleturn|p2a: Toxapex|move: Protect
|move|p1a: Great Tusk|Stealth Rock|p2a: Toxapex
|-sidestart|p2: randombananaYAY|move: Stealth Rock
|
|-damage|p1a: Great Tusk|73/100|[from] move: Infestation|[partiallytrapped]
|upkeep
|turn|15
|
|t:|1758260381
|switch|p2a: Alomomola|Alomomola, F|100/100
|move|p1a: Great Tusk|Ice Spinner|p2a: Alomomola
|-resisted|p2a: Alomomola
|-damage|p2a: Alomomola|93/100
|
|-end|p1a: Great Tusk|Infestation|[partiallytrapped]|[silent]
|upkeep
|turn|16
|
|t:|1758260391
|-end|p1a: Great Tusk|Protosynthesis|[silent]
|switch|p1a: Ogerpon|Ogerpon-Wellspring, F|52/100 psn
|move|p2a: Alomomola|Wish|p2a: Alomomola
|
|-damage|p1a: Ogerpon|39/100 psn|[from] psn
|upkeep
|turn|17
|
|t:|1758260401
|switch|p2a: Toxapex|Toxapex, F|100/100
|move|p1a: Ogerpon|Horn Leech|p2a: Toxapex
|-damage|p2a: Toxapex|68/100
|-heal|p1a: Ogerpon|56/100 psn|[from] drain|[of] p2a: Toxapex
|
|-heal|p2a: Toxapex|100/100|[from] move: Wish|[wisher] Alomomola
|-damage|p1a: Ogerpon|44/100 psn|[from] psn
|upkeep
|turn|18
|
|t:|1758260413
|switch|p1a: Scizor|Scizor, M|88/100
|move|p2a: Toxapex|Infestation|p1a: Scizor
|-resisted|p1a: Scizor
|-damage|p1a: Scizor|86/100
|-activate|p1a: Scizor|move: Infestation|[of] p2a: Toxapex
|
|-heal|p1a: Scizor|92/100|[from] item: Leftovers
|-damage|p1a: Scizor|80/100|[from] move: Infestation|[partiallytrapped]
|upkeep
|turn|19
|-message|kenjihibiki forfeited.
|
|win|randombananaYAY
|raw|kenjihibiki's rating: 1468 &rarr; <strong>1451</strong><br />(-17 for losing)
|raw|randombananaYAY's rating: 1521 &rarr; <strong>1538</strong><br />(+17 for winning)
|l|☆kenjihibiki
|player|p1|
|l|☆randombananaYAY
|player|p2|
