|j|☆hugokokoko
|j|☆Eddozz00006
|t:|1758293541
|gametype|singles
|player|p1|hugokokoko|101|1399
|player|p2|Eddozz00006|maxie-gen6|1413
|gen|9
|tier|[Gen 9] OU
|rated|
|rule|HP Percentage Mod: HP is shown in percentages
|rule|Endless Battle Clause: Forcing endless battles is banned
|rule|Species Clause: Limit one of each Pokémon
|rule|OHKO Clause: OHKO moves are banned
|rule|Evasion Items Clause: Evasion items are banned
|rule|Evasion Moves Clause: Evasion moves are banned
|rule|Evasion Abilities Clause: Evasion abilities are banned
|rule|Sleep Moves Clause: Sleep-inducing moves are banned
|clearpoke
|poke|p1|Blissey, F|
|poke|p1|Dondozo, M|
|poke|p1|Gliscor, F|
|poke|p1|Toxapex, F|
|poke|p1|Clefable, F|
|poke|p1|Clodsire, M|
|poke|p2|Tauros, M|
|poke|p2|Snorlax, F|
|poke|p2|Chansey, F|
|poke|p2|Exeggutor, F|
|poke|p2|Zapdos|
|poke|p2|Rhydon, M|
|teampreview
|inactive|Battle timer is ON: inactive players will automatically lose when time's up. (requested by hugokokoko)
|
|t:|1758293556
|teamsize|p1|6
|teamsize|p2|6
|start
|switch|p1a: Toxapex|Toxapex, F|100/100
|switch|p2a: Exeggutor|Exeggutor, F|100/100
|turn|1
|
|t:|1758293562
|move|p1a: Toxapex|Baneful Bunker|p1a: Toxapex
|-singleturn|p1a: Toxapex|move: Protect
|move|p2a: Exeggutor|Leech Seed|p1a: Toxapex
|-activate|p1a: Toxapex|move: Protect
|
|upkeep
|turn|2
|
|t:|1758293566
|move|p2a: Exeggutor|Psychic|p1a: Toxapex
|-supereffective|p1a: Toxapex
|-damage|p1a: Toxapex|37/100
|move|p1a: Toxapex|Toxic Spikes|p2a: Exeggutor
|-sidestart|p2: Eddozz00006|move: Toxic Spikes
|
|upkeep
|turn|3
|
|t:|1758293573
|switch|p1a: Blissey|Blissey, F|100/100
|move|p2a: Exeggutor|Leech Seed|p1a: Blissey
|-start|p1a: Blissey|move: Leech Seed
|
|-damage|p1a: Blissey|88/100|[from] Leech Seed|[of] p2a: Exeggutor
|upkeep
|turn|4
|
|t:|1758293583
|switch|p2a: Tauros|Tauros, M|100/100
|move|p1a: Blissey|Stealth Rock|p2a: Tauros
|-sidestart|p2: Eddozz00006|move: Stealth Rock
|
|-damage|p1a: Blissey|76/100|[from] Leech Seed|[of] p2a: Tauros
|upkeep
|turn|5
|
|t:|1758293600
|switch|p1a: Gliscor|Gliscor, F|100/100
|move|p2a: Tauros|Double-Edge|p1a: Gliscor
|-damage|p1a: Gliscor|68/100
|-damage|p2a: Tauros|87/100|[from] Recoil
|
|-status|p1a: Gliscor|tox|[from] item: Toxic Orb
|upkeep
|turn|6
|
|t:|1758293605
|switch|p2a: Exeggutor|Exeggutor, F|100/100
|-status|p2a: Exeggutor|psn
|-damage|p2a: Exeggutor|88/100 psn|[from] Stealth Rock
|move|p1a: Gliscor|Knock Off|p2a: Exeggutor
|-supereffective|p2a: Exeggutor
|-damage|p2a: Exeggutor|59/100 psn
|-enditem|p2a: Exeggutor|Sitrus Berry|[from] move: Knock Off|[of] p1a: Gliscor
|
|-heal|p1a: Gliscor|81/100 tox|[from] ability: Poison Heal
|-damage|p2a: Exeggutor|46/100 psn|[from] psn
|upkeep
|turn|7
|
|t:|1758293620
|move|p1a: Gliscor|Protect|p1a: Gliscor
|-singleturn|p1a: Gliscor|Protect
|move|p2a: Exeggutor|Giga Drain|p1a: Gliscor
|-activate|p1a: Gliscor|move: Protect
|
|-heal|p1a: Gliscor|93/100 tox|[from] ability: Poison Heal
|-damage|p2a: Exeggutor|34/100 psn|[from] psn
|upkeep
|turn|8
|
|t:|1758293627
|switch|p1a: Toxapex|Toxapex, F|70/100
|move|p2a: Exeggutor|Psychic|p1a: Toxapex
|-supereffective|p1a: Toxapex
|-damage|p1a: Toxapex|13/100
|
|-damage|p2a: Exeggutor|21/100 psn|[from] psn
|upkeep
|turn|9
|
|t:|1758293633
|switch|p1a: Blissey|Blissey, F|76/100
|move|p2a: Exeggutor|Giga Drain|p1a: Blissey
|-damage|p1a: Blissey|66/100
|-heal|p2a: Exeggutor|29/100 psn|[from] drain|[of] p1a: Blissey
|
|-damage|p2a: Exeggutor|17/100 psn|[from] psn
|upkeep
|turn|10
|
|t:|1758293639
|move|p1a: Blissey|Soft-Boiled|p1a: Blissey
|-heal|p1a: Blissey|100/100
|move|p2a: Exeggutor|Leech Seed|p1a: Blissey
|-start|p1a: Blissey|move: Leech Seed
|
|-damage|p1a: Blissey|88/100|[from] Leech Seed|[of] p2a: Exeggutor
|-heal|p2a: Exeggutor|38/100 psn|[silent]
|-damage|p2a: Exeggutor|25/100 psn|[from] psn
|upkeep
|turn|11
|
|t:|1758293648
|switch|p1a: Gliscor|Gliscor, F|93/100 tox
|move|p2a: Exeggutor|Protect||[still]
|-fail|p2a: Exeggutor
|
|-heal|p1a: Gliscor|100/100 tox|[from] ability: Poison Heal
|-damage|p2a: Exeggutor|13/100 psn|[from] psn
|upkeep
|turn|12
|
|t:|1758293674
|switch|p2a: Zapdos|Zapdos|100/100
|move|p1a: Gliscor|Knock Off|p2a: Zapdos
|-damage|p2a: Zapdos|80/100
|-enditem|p2a: Zapdos|Heavy-Duty Boots|[from] move: Knock Off|[of] p1a: Gliscor
|
|upkeep
|turn|13
|
|t:|1758293681
|move|p1a: Gliscor|Protect|p1a: Gliscor
|-singleturn|p1a: Gliscor|Protect
|move|p2a: Zapdos|Volt Switch|p1a: Gliscor
|-activate|p1a: Gliscor|move: Protect
|
|upkeep
|turn|14
|
|t:|1758293685
|move|p2a: Zapdos|Hurricane|p1a: Gliscor
|-damage|p1a: Gliscor|24/100 tox
|-start|p1a: Gliscor|confusion
|-activate|p1a: Gliscor|confusion
|-damage|p1a: Gliscor|19/100 tox|[from] confusion
|
|-heal|p1a: Gliscor|31/100 tox|[from] ability: Poison Heal
|upkeep
|turn|15
|
|t:|1758293692
|-activate|p1a: Gliscor|confusion
|move|p1a: Gliscor|Protect|p1a: Gliscor
|-singleturn|p1a: Gliscor|Protect
|move|p2a: Zapdos|Volt Switch|p1a: Gliscor
|-activate|p1a: Gliscor|move: Protect
|
|-heal|p1a: Gliscor|44/100 tox|[from] ability: Poison Heal
|upkeep
|turn|16
|
|t:|1758293700
|switch|p1a: Clodsire|Clodsire, M|100/100
|move|p2a: Zapdos|Volt Switch|p1a: Clodsire
|-immune|p1a: Clodsire
|
|upkeep
|turn|17
|
|t:|1758293704
|switch|p2a: Exeggutor|Exeggutor, F|13/100 psn
|-damage|p2a: Exeggutor|0 fnt|[from] Stealth Rock
|faint|p2a: Exeggutor
|move|p1a: Clodsire|Spikes|p2: Exeggutor
|-sidestart|p2: Eddozz00006|Spikes
|
|upkeep
|
|t:|1758293710
|switch|p2a: Tauros|Tauros, M|87/100
|turn|18
|
|t:|1758293715
|switch|p1a: Dondozo|Dondozo, M|100/100
|move|p2a: Tauros|Double-Edge|p1a: Dondozo
|-damage|p1a: Dondozo|79/100
|-damage|p2a: Tauros|75/100|[from] Recoil
|
|upkeep
|turn|19
|
|t:|1758293722
|switch|p2a: Zapdos|Zapdos|80/100
|-damage|p2a: Zapdos|55/100|[from] Stealth Rock
|switch|p1a: Toxapex|Toxapex, F|46/100
|
|upkeep
|turn|20
|
|t:|1758293732
|switch|p1a: Gliscor|Gliscor, F|44/100 tox
|move|p2a: Zapdos|Roost|p2a: Zapdos
|-heal|p2a: Zapdos|100/100
|-singleturn|p2a: Zapdos|move: Roost
|
|-heal|p1a: Gliscor|56/100 tox|[from] ability: Poison Heal
|upkeep
|turn|21
|
|t:|1758293737
|move|p1a: Gliscor|Protect|p1a: Gliscor
|-singleturn|p1a: Gliscor|Protect
|move|p2a: Zapdos|Hurricane|p1a: Gliscor
|-activate|p1a: Gliscor|move: Protect
|
|-heal|p1a: Gliscor|69/100 tox|[from] ability: Poison Heal
|upkeep
|turn|22
|
|t:|1758293748
|switch|p1a: Clodsire|Clodsire, M|100/100
|move|p2a: Zapdos|Hurricane|p1a: Clodsire|[miss]
|-miss|p2a: Zapdos|p1a: Clodsire
|
|upkeep
|turn|23
|
|t:|1758293753
|switch|p2a: Tauros|Tauros, M|75/100
|move|p1a: Clodsire|Spikes|p2a: Tauros
|-sidestart|p2: Eddozz00006|Spikes
|
|upkeep
|turn|24
|
|t:|1758293761
|switch|p1a: Dondozo|Dondozo, M|79/100
|move|p2a: Tauros|Earthquake|p1a: Dondozo
|-damage|p1a: Dondozo|66/100
|
|upkeep
|turn|25
|
|t:|1758293769
|switch|p2a: Zapdos|Zapdos|100/100
|-damage|p2a: Zapdos|76/100|[from] Stealth Rock
|switch|p1a: Toxapex|Toxapex, F|80/100
|
|upkeep
|turn|26
|
|t:|1758293780
|move|p2a: Zapdos|Hurricane|p1a: Toxapex|[miss]
|-miss|p2a: Zapdos|p1a: Toxapex
|move|p1a: Toxapex|Toxic|p2a: Zapdos
|-status|p2a: Zapdos|tox
|
|-damage|p2a: Zapdos|70/100 tox|[from] psn
|upkeep
|turn|27
|
|t:|1758293784
|switch|p2a: Tauros|Tauros, M|75/100
|switch|p1a: Clodsire|Clodsire, M|100/100
|
|upkeep
|turn|28
|
|t:|1758293793
|switch|p1a: Dondozo|Dondozo, M|66/100
|move|p2a: Tauros|Double-Edge|p1a: Dondozo
|-damage|p1a: Dondozo|44/100
|-damage|p2a: Tauros|63/100|[from] Recoil
|
|upkeep
|turn|29
|
|t:|1758293807
|switch|p2a: Zapdos|Zapdos|70/100 tox
|-damage|p2a: Zapdos|45/100 tox|[from] Stealth Rock
|move|p1a: Dondozo|Rest|p1a: Dondozo
|-status|p1a: Dondozo|slp|[from] move: Rest
|-heal|p1a: Dondozo|100/100 slp|[silent]
|
|-damage|p2a: Zapdos|39/100 tox|[from] psn
|upkeep
|turn|30
|
|t:|1758293819
|switch|p1a: Gliscor|Gliscor, F|69/100 tox
|move|p2a: Zapdos|Volt Switch|p1a: Gliscor
|-immune|p1a: Gliscor
|
|-damage|p2a: Zapdos|27/100 tox|[from] psn
|-heal|p1a: Gliscor|81/100 tox|[from] ability: Poison Heal
|upkeep
|turn|31
|
|t:|1758293824
|move|p1a: Gliscor|Protect|p1a: Gliscor
|-singleturn|p1a: Gliscor|Protect
|move|p2a: Zapdos|Hurricane|p1a: Gliscor
|-activate|p1a: Gliscor|move: Protect
|
|-damage|p2a: Zapdos|9/100 tox|[from] psn
|-heal|p1a: Gliscor|94/100 tox|[from] ability: Poison Heal
|upkeep
|turn|32
|
|t:|1758293830
|move|p2a: Zapdos|Hurricane|p1a: Gliscor
|-damage|p1a: Gliscor|21/100 tox
|move|p1a: Gliscor|Swords Dance|p1a: Gliscor
|-boost|p1a: Gliscor|atk|2
|
|-damage|p2a: Zapdos|0 fnt|[from] psn
|faint|p2a: Zapdos
|-heal|p1a: Gliscor|33/100 tox|[from] ability: Poison Heal
|upkeep
|
|t:|1758293836
|switch|p2a: Tauros|Tauros, M|63/100
|turn|33
|
|t:|1758293840
|move|p1a: Gliscor|Protect|p1a: Gliscor
|-singleturn|p1a: Gliscor|Protect
|move|p2a: Tauros|Double-Edge|p1a: Gliscor
|-activate|p1a: Gliscor|move: Protect
|
|-heal|p1a: Gliscor|46/100 tox|[from] ability: Poison Heal
|upkeep
|turn|34
|
|t:|1758293856
|switch|p1a: Dondozo|Dondozo, M|100/100 slp
|-terastallize|p2a: Tauros|Normal
|move|p2a: Tauros|Double-Edge|p1a: Dondozo
|-damage|p1a: Dondozo|69/100 slp
|-damage|p2a: Tauros|44/100|[from] Recoil
|
|upkeep
|turn|35
|
|t:|1758293864
|-terastallize|p1a: Dondozo|Fighting
|move|p2a: Tauros|Double-Edge|p1a: Dondozo
|-damage|p1a: Dondozo|38/100 slp
|-damage|p2a: Tauros|27/100|[from] Recoil
|cant|p1a: Dondozo|slp
|move|p1a: Dondozo|Sleep Talk|p1a: Dondozo
|move|p1a: Dondozo|Waterfall|p2a: Tauros|[from] move: Sleep Talk
|-damage|p2a: Tauros|0 fnt
|faint|p2a: Tauros
|
|upkeep
|
|t:|1758293876
|switch|p2a: Rhydon|Rhydon, M|100/100
|-status|p2a: Rhydon|psn
|-damage|p2a: Rhydon|94/100 psn|[from] Stealth Rock
|-damage|p2a: Rhydon|78/100 psn|[from] Spikes
|turn|36
|
|t:|1758293885
|move|p2a: Rhydon|Earthquake|p1a: Dondozo
|-damage|p1a: Dondozo|12/100 slp
|cant|p1a: Dondozo|slp
|move|p1a: Dondozo|Sleep Talk|p1a: Dondozo
|move|p1a: Dondozo|Curse|p1a: Dondozo|[from] move: Sleep Talk
|-unboost|p1a: Dondozo|spe|1
|-boost|p1a: Dondozo|atk|1
|-boost|p1a: Dondozo|def|1
|
|-damage|p2a: Rhydon|65/100 psn|[from] psn
|upkeep
|turn|37
|
|t:|1758293890
|move|p2a: Rhydon|Earthquake|p1a: Dondozo
|-damage|p1a: Dondozo|0 fnt
|faint|p1a: Dondozo
|
|-damage|p2a: Rhydon|53/100 psn|[from] psn
|upkeep
|
|t:|1758293897
|switch|p1a: Gliscor|Gliscor, F|46/100 tox
|turn|38
|
|t:|1758293903
|move|p1a: Gliscor|Protect|p1a: Gliscor
|-singleturn|p1a: Gliscor|Protect
|move|p2a: Rhydon|Ice Punch|p1a: Gliscor
|-activate|p1a: Gliscor|move: Protect
|
|-heal|p1a: Gliscor|58/100 tox|[from] ability: Poison Heal
|-damage|p2a: Rhydon|41/100 psn|[from] psn
|upkeep
|turn|39
|
|t:|1758293916
|switch|p1a: Toxapex|Toxapex, F|100/100
|move|p2a: Rhydon|Earthquake|p1a: Toxapex
|-supereffective|p1a: Toxapex
|-damage|p1a: Toxapex|29/100
|
|-damage|p2a: Rhydon|29/100 psn|[from] psn
|upkeep
|turn|40
|
|t:|1758293921
|switch|p2a: Snorlax|Snorlax, F|100/100
|-status|p2a: Snorlax|psn
|-damage|p2a: Snorlax|88/100 psn|[from] Stealth Rock
|-damage|p2a: Snorlax|71/100 psn|[from] Spikes
|move|p1a: Toxapex|Baneful Bunker||[still]
|-fail|p1a: Toxapex
|
|-heal|p2a: Snorlax|78/100 psn|[from] item: Leftovers
|-damage|p2a: Snorlax|65/100 psn|[from] psn
|upkeep
|turn|41
|
|t:|1758293940
|move|p1a: Toxapex|Toxic Spikes|p2a: Snorlax
|-sidestart|p2: Eddozz00006|move: Toxic Spikes
|move|p2a: Snorlax|Earthquake|p1a: Toxapex
|-supereffective|p1a: Toxapex
|-damage|p1a: Toxapex|0 fnt
|faint|p1a: Toxapex
|
|-heal|p2a: Snorlax|71/100 psn|[from] item: Leftovers
|-damage|p2a: Snorlax|59/100 psn|[from] psn
|upkeep
|
|t:|1758293944
|switch|p1a: Gliscor|Gliscor, F|58/100 tox
|turn|42
|
|t:|1758293949
|move|p1a: Gliscor|Protect|p1a: Gliscor
|-singleturn|p1a: Gliscor|Protect
|move|p2a: Snorlax|Curse|p2a: Snorlax
|-unboost|p2a: Snorlax|spe|1
|-boost|p2a: Snorlax|atk|1
|-boost|p2a: Snorlax|def|1
|
|-heal|p2a: Snorlax|65/100 psn|[from] item: Leftovers
|-heal|p1a: Gliscor|71/100 tox|[from] ability: Poison Heal
|-damage|p2a: Snorlax|53/100 psn|[from] psn
|upkeep
|turn|43
|
|t:|1758293961
|move|p1a: Gliscor|Knock Off|p2a: Snorlax
|-damage|p2a: Snorlax|40/100 psn
|-enditem|p2a: Snorlax|Leftovers|[from] move: Knock Off|[of] p1a: Gliscor
|move|p2a: Snorlax|Heat Crash|p1a: Gliscor
|-damage|p1a: Gliscor|43/100 tox
|
|-heal|p1a: Gliscor|55/100 tox|[from] ability: Poison Heal
|-damage|p2a: Snorlax|28/100 psn|[from] psn
|upkeep
|turn|44
|
|t:|1758293967
|switch|p1a: Clefable|Clefable, F|100/100
|move|p2a: Snorlax|Heat Crash|p1a: Clefable
|-damage|p1a: Clefable|69/100
|
|-damage|p2a: Snorlax|15/100 psn|[from] psn
|-damage|p2a: Snorlax|3/100 psn|[from] item: Sticky Barb
|upkeep
|turn|45
|
|t:|1758293971
|move|p1a: Clefable|Moonblast|p2a: Snorlax
|-damage|p2a: Snorlax|0 fnt
|faint|p2a: Snorlax
|
|upkeep
|
|t:|1758293973
|switch|p2a: Chansey|Chansey, F|100/100
|-status|p2a: Chansey|tox
|-damage|p2a: Chansey|88/100 tox|[from] Stealth Rock
|-damage|p2a: Chansey|71/100 tox|[from] Spikes
|turn|46
|
|t:|1758293981
|move|p1a: Clefable|Knock Off|p2a: Chansey
|-damage|p2a: Chansey|62/100 tox
|-enditem|p2a: Chansey|Eviolite|[from] move: Knock Off|[of] p1a: Clefable
|move|p2a: Chansey|Seismic Toss|p1a: Clefable
|-damage|p1a: Clefable|43/100
|
|-damage|p2a: Chansey|56/100 tox|[from] psn
|upkeep
|turn|47
|
|t:|1758293987
|move|p1a: Clefable|Moonlight|p1a: Clefable
|-heal|p1a: Clefable|93/100
|move|p2a: Chansey|Seismic Toss|p1a: Clefable
|-damage|p1a: Clefable|68/100
|
|-damage|p2a: Chansey|43/100 tox|[from] psn
|upkeep
|turn|48
|
|t:|1758293992
|move|p1a: Clefable|Moonlight|p1a: Clefable
|-heal|p1a: Clefable|100/100
|move|p2a: Chansey|Seismic Toss|p1a: Clefable
|-damage|p1a: Clefable|75/100
|
|-damage|p2a: Chansey|25/100 tox|[from] psn
|upkeep
|turn|49
|
|t:|1758293996
|move|p1a: Clefable|Moonblast|p2a: Chansey
|-damage|p2a: Chansey|10/100 tox
|move|p2a: Chansey|Thunder Wave|p1a: Clefable
|-status|p1a: Clefable|par
|
|-damage|p2a: Chansey|0 fnt|[from] psn
|faint|p2a: Chansey
|upkeep
|
|t:|1758293999
|switch|p2a: Rhydon|Rhydon, M|29/100 psn
|-damage|p2a: Rhydon|22/100 psn|[from] Stealth Rock
|-damage|p2a: Rhydon|6/100 psn|[from] Spikes
|turn|50
|
|t:|1758294002
|move|p2a: Rhydon|Earthquake|p1a: Clefable
|-damage|p1a: Clefable|31/100 par
|move|p1a: Clefable|Moonblast|p2a: Rhydon
|-damage|p2a: Rhydon|0 fnt
|faint|p2a: Rhydon
|
|win|hugokokoko
|raw|hugokokoko's rating: 1399 &rarr; <strong>1420</strong><br />(+21 for winning)
|raw|Eddozz00006's rating: 1413 &rarr; <strong>1392</strong><br />(-21 for losing)
|l|☆hugokokoko
|player|p1|
|c|☆Eddozz00006|nice ass team
|l|☆Eddozz00006
|player|p2|
