|j|☆adil
|j|‽malk tyme
|t:|1758294356
|gametype|singles
|player|p1|adil|170|1527
|player|p2|malk tyme|2|1578
|gen|9
|tier|[Gen 9] OU
|rated|
|rule|HP Percentage Mod: HP is shown in percentages
|rule|Endless Battle Clause: Forcing endless battles is banned
|rule|Species Clause: Limit one of each Pokémon
|rule|OHKO Clause: OHKO moves are banned
|rule|Evasion Items Clause: Evasion items are banned
|rule|Evasion Moves Clause: Evasion moves are banned
|rule|Evasion Abilities Clause: Evasion abilities are banned
|rule|Sleep Moves Clause: Sleep-inducing moves are banned
|clearpoke
|poke|p1|Dragonite, F|
|poke|p1|Ting-Lu|
|poke|p1|Zamazenta-*|
|poke|p1|Weezing-Galar, M|
|poke|p1|Alomomola, F|
|poke|p1|Raging Bolt|
|poke|p2|Golem, M|
|poke|p2|Clawitzer, F|
|poke|p2|Cinderace, M|
|poke|p2|Zapdos|
|poke|p2|Clefable, M|
|poke|p2|Tinkaton, F|
|teampreview
|
|t:|1758294425
|teamsize|p1|6
|teamsize|p2|6
|start
|switch|p1a: Zamazenta|Zamazenta|100/100
|switch|p2a: Clawitzer|Clawitzer, F|100/100
|-ability|p1a: Zamazenta|Dauntless Shield|boost
|-boost|p1a: Zamazenta|def|1
|turn|1
|
|t:|1758294446
|switch|p2a: Clefable|Clefable, M|100/100
|move|p1a: Zamazenta|Close Combat|p2a: Clefable
|-resisted|p2a: Clefable
|-damage|p2a: Clefable|61/100
|-unboost|p1a: Zamazenta|def|1
|-unboost|p1a: Zamazenta|spd|1
|
|-heal|p2a: Clefable|67/100|[from] item: Leftovers
|upkeep
|turn|2
|
|t:|1758294466
|switch|p1a: Alomomola|Alomomola, F|100/100
|move|p2a: Clefable|Thunder Wave|p1a: Alomomola
|-status|p1a: Alomomola|par
|
|-heal|p2a: Clefable|73/100|[from] item: Leftovers
|upkeep
|turn|3
|
|t:|1758294496
|move|p2a: Clefable|Cosmic Power|p2a: Clefable
|-boost|p2a: Clefable|def|1
|-boost|p2a: Clefable|spd|1
|move|p1a: Alomomola|Flip Turn|p2a: Clefable
|-damage|p2a: Clefable|64/100
|
|t:|1758294499
|switch|p1a: Dragonite|Dragonite, F|100/100|[from] Flip Turn
|
|-heal|p2a: Clefable|70/100|[from] item: Leftovers
|upkeep
|turn|4
|inactive|Battle timer is ON: inactive players will automatically lose when time's up. (requested by adil)
|inactive|malk tyme has 120 seconds left.
|
|t:|1758294617
|move|p1a: Dragonite|Encore|p2a: Clefable
|-start|p2a: Clefable|Encore
|move|p2a: Clefable|Cosmic Power|p2a: Clefable
|-boost|p2a: Clefable|def|1
|-boost|p2a: Clefable|spd|1
|
|-heal|p2a: Clefable|76/100|[from] item: Leftovers
|upkeep
|turn|5
|inactive|adil has 120 seconds left.
|
|t:|1758294660
|switch|p1a: Zamazenta|Zamazenta|100/100
|move|p2a: Clefable|Cosmic Power|p2a: Clefable
|-boost|p2a: Clefable|def|1
|-boost|p2a: Clefable|spd|1
|
|-heal|p2a: Clefable|82/100|[from] item: Leftovers
|upkeep
|turn|6
|
|t:|1758294665
|switch|p1a: Dragonite|Dragonite, F|100/100
|move|p2a: Clefable|Cosmic Power|p2a: Clefable
|-boost|p2a: Clefable|def|1
|-boost|p2a: Clefable|spd|1
|
|-heal|p2a: Clefable|88/100|[from] item: Leftovers
|-end|p2a: Clefable|Encore
|upkeep
|turn|7
|
|t:|1758294669
|switch|p2a: Tinkaton|Tinkaton, F|100/100
|-ability|p2a: Tinkaton|Mold Breaker
|move|p1a: Dragonite|Encore||[still]
|-fail|p1a: Dragonite
|
|upkeep
|turn|8
|
|t:|1758294676
|switch|p1a: Alomomola|Alomomola, F|100/100 par
|move|p2a: Tinkaton|Swords Dance|p2a: Tinkaton
|-boost|p2a: Tinkaton|atk|2
|
|upkeep
|turn|9
|
|t:|1758294682
|move|p2a: Tinkaton|Swords Dance|p2a: Tinkaton
|-boost|p2a: Tinkaton|atk|2
|move|p1a: Alomomola|Flip Turn|p2a: Tinkaton
|-damage|p2a: Tinkaton|76/100
|
|t:|1758294685
|switch|p1a: Zamazenta|Zamazenta|100/100|[from] Flip Turn
|
|upkeep
|turn|10
|
|t:|1758294693
|-terastallize|p2a: Tinkaton|Fairy
|move|p1a: Zamazenta|Close Combat|p2a: Tinkaton
|-resisted|p2a: Tinkaton
|-damage|p2a: Tinkaton|18/100
|-unboost|p1a: Zamazenta|def|1
|-unboost|p1a: Zamazenta|spd|1
|move|p2a: Tinkaton|Play Rough|p1a: Zamazenta
|-supereffective|p1a: Zamazenta
|-damage|p1a: Zamazenta|0 fnt
|faint|p1a: Zamazenta
|
|upkeep
|
|t:|1758294698
|switch|p1a: Dragonite|Dragonite, F|100/100
|turn|11
|
|t:|1758294702
|switch|p2a: Zapdos|Zapdos|100/100
|move|p1a: Dragonite|Extreme Speed|p2a: Zapdos
|-damage|p2a: Zapdos|77/100
|
|upkeep
|turn|12
|
|t:|1758294716
|switch|p1a: Ting-Lu|Ting-Lu|100/100
|-ability|p1a: Ting-Lu|Vessel of Ruin
|switch|p2a: Tinkaton|Tinkaton, F, tera:Fairy|18/100
|-ability|p2a: Tinkaton|Mold Breaker
|
|upkeep
|turn|13
|
|t:|1758294723
|switch|p1a: Alomomola|Alomomola, F|100/100 par
|move|p2a: Tinkaton|Play Rough|p1a: Alomomola
|-damage|p1a: Alomomola|76/100 par
|
|upkeep
|turn|14
|
|t:|1758294727
|switch|p2a: Zapdos|Zapdos|77/100
|move|p1a: Alomomola|Flip Turn|p2a: Zapdos
|-damage|p2a: Zapdos|65/100
|
|t:|1758294731
|switch|p1a: Raging Bolt|Raging Bolt|100/100|[from] Flip Turn
|
|upkeep
|turn|15
|
|t:|1758294735
|switch|p2a: Tinkaton|Tinkaton, F, tera:Fairy|18/100
|-ability|p2a: Tinkaton|Mold Breaker
|move|p1a: Raging Bolt|Thunderbolt|p2a: Tinkaton
|-damage|p2a: Tinkaton|0 fnt
|faint|p2a: Tinkaton
|
|upkeep
|
|t:|1758294740
|switch|p2a: Golem|Golem, M|100/100
|turn|16
|
|t:|1758294744
|-end|p1a: Raging Bolt|Protosynthesis|[silent]
|switch|p1a: Alomomola|Alomomola, F|100/100 par
|move|p2a: Golem|Earthquake|p1a: Alomomola
|-damage|p1a: Alomomola|48/100 par
|
|upkeep
|turn|17
|
|t:|1758294751
|switch|p2a: Zapdos|Zapdos|65/100
|switch|p1a: Dragonite|Dragonite, F|100/100
|
|upkeep
|turn|18
|
|t:|1758294755
|switch|p1a: Ting-Lu|Ting-Lu|100/100
|-ability|p1a: Ting-Lu|Vessel of Ruin
|move|p2a: Zapdos|Hurricane|p1a: Ting-Lu
|-damage|p1a: Ting-Lu|82/100
|
|-heal|p1a: Ting-Lu|88/100|[from] item: Leftovers
|upkeep
|turn|19
|
|t:|1758294761
|switch|p2a: Cinderace|Cinderace, M|100/100
|move|p1a: Ting-Lu|Stealth Rock|p2a: Cinderace
|-sidestart|p2: malk tyme|move: Stealth Rock
|
|-heal|p1a: Ting-Lu|94/100|[from] item: Leftovers
|upkeep
|turn|20
|
|t:|1758294764
|move|p2a: Cinderace|Low Kick|p1a: Ting-Lu
|-start|p2a: Cinderace|typechange|Fighting|[from] ability: Libero
|-supereffective|p1a: Ting-Lu
|-damage|p1a: Ting-Lu|28/100
|move|p1a: Ting-Lu|Earthquake|p2a: Cinderace
|-crit|p2a: Cinderace
|-damage|p2a: Cinderace|24/100
|
|-heal|p1a: Ting-Lu|34/100|[from] item: Leftovers
|upkeep
|turn|21
|
|t:|1758294769
|switch|p1a: Alomomola|Alomomola, F|81/100 par
|move|p2a: Cinderace|Court Change|p2a: Cinderace
|-swapsideconditions
|-activate|p2a: Cinderace|move: Court Change
|
|upkeep
|turn|22
|
|t:|1758294774
|switch|p2a: Zapdos|Zapdos|65/100
|cant|p1a: Alomomola|par
|
|upkeep
|turn|23
|
|t:|1758294778
|switch|p1a: Raging Bolt|Raging Bolt|100/100
|-damage|p1a: Raging Bolt|88/100|[from] Stealth Rock
|move|p2a: Zapdos|Discharge|p1a: Raging Bolt
|-resisted|p1a: Raging Bolt
|-damage|p1a: Raging Bolt|80/100
|
|-heal|p1a: Raging Bolt|86/100|[from] item: Leftovers
|upkeep
|turn|24
|
|t:|1758294785
|switch|p2a: Clefable|Clefable, M|88/100
|move|p1a: Raging Bolt|Dragon Pulse|p2a: Clefable
|-immune|p2a: Clefable
|
|-heal|p1a: Raging Bolt|93/100|[from] item: Leftovers
|-heal|p2a: Clefable|94/100|[from] item: Leftovers
|upkeep
|turn|25
|
|t:|1758294789
|-end|p1a: Raging Bolt|Protosynthesis|[silent]
|switch|p1a: Weezing|Weezing-Galar, M|100/100
|-ability|p1a: Weezing|Neutralizing Gas
|move|p2a: Clefable|Moonblast|p1a: Weezing
|-resisted|p1a: Weezing
|-damage|p1a: Weezing|81/100
|
|-heal|p2a: Clefable|100/100|[from] item: Leftovers
|upkeep
|turn|26
|
|t:|1758294795
|switch|p2a: Clawitzer|Clawitzer, F|100/100
|-end|p1a: Weezing|ability: Neutralizing Gas
|switch|p1a: Alomomola|Alomomola, F|100/100 par
|
|upkeep
|turn|27
|
|t:|1758294799
|move|p2a: Clawitzer|Dark Pulse|p1a: Alomomola
|-damage|p1a: Alomomola|62/100 par
|move|p1a: Alomomola|Wish|p1a: Alomomola
|
|upkeep
|turn|28
|
|t:|1758294813
|switch|p1a: Raging Bolt|Raging Bolt|93/100
|-damage|p1a: Raging Bolt|80/100|[from] Stealth Rock
|move|p2a: Clawitzer|Dark Pulse|p1a: Raging Bolt
|-damage|p1a: Raging Bolt|37/100
|
|-heal|p1a: Raging Bolt|98/100|[from] move: Wish|[wisher] Alomomola
|-heal|p1a: Raging Bolt|100/100|[from] item: Leftovers
|upkeep
|turn|29
|
|t:|1758294821
|move|p1a: Raging Bolt|Volt Switch|p2a: Clawitzer
|-supereffective|p2a: Clawitzer
|-damage|p2a: Clawitzer|43/100
|
|t:|1758294825
|-end|p1a: Raging Bolt|Protosynthesis|[silent]
|switch|p1a: Alomomola|Alomomola, F|96/100 par|[from] Volt Switch
|move|p2a: Clawitzer|Dragon Pulse|p1a: Alomomola
|-damage|p1a: Alomomola|52/100 par
|
|upkeep
|turn|30
|
|t:|1758294838
|move|p2a: Clawitzer|Dark Pulse|p1a: Alomomola
|-damage|p1a: Alomomola|16/100 par
|cant|p1a: Alomomola|flinch
|
|upkeep
|turn|31
|
|t:|1758294843
|switch|p1a: Dragonite|Dragonite, F|100/100
|move|p2a: Clawitzer|Dragon Pulse|p1a: Dragonite
|-supereffective|p1a: Dragonite
|-damage|p1a: Dragonite|56/100
|
|upkeep
|turn|32
|
|t:|1758294850
|-terastallize|p1a: Dragonite|Normal
|move|p1a: Dragonite|Extreme Speed|p2a: Clawitzer
|-damage|p2a: Clawitzer|0 fnt
|faint|p2a: Clawitzer
|
|upkeep
|
|t:|1758294853
|switch|p2a: Golem|Golem, M|100/100
|turn|33
|inactive|adil has 120 seconds left.
|
|t:|1758294904
|switch|p1a: Alomomola|Alomomola, F|50/100 par
|move|p2a: Golem|Earthquake|p1a: Alomomola
|-damage|p1a: Alomomola|0 fnt
|faint|p1a: Alomomola
|
|upkeep
|
|t:|1758294906
|switch|p1a: Raging Bolt|Raging Bolt|100/100
|-damage|p1a: Raging Bolt|88/100|[from] Stealth Rock
|turn|34
|
|t:|1758294909
|move|p1a: Raging Bolt|Dragon Pulse|p2a: Golem
|-damage|p2a: Golem|21/100
|move|p2a: Golem|Earthquake|p1a: Raging Bolt
|-supereffective|p1a: Raging Bolt
|-damage|p1a: Raging Bolt|0 fnt
|faint|p1a: Raging Bolt
|-end|p1a: Raging Bolt|Protosynthesis|[silent]
|
|upkeep
|
|t:|1758294916
|switch|p1a: Ting-Lu|Ting-Lu|34/100
|-damage|p1a: Ting-Lu|28/100|[from] Stealth Rock
|-ability|p1a: Ting-Lu|Vessel of Ruin
|turn|35
|
|t:|1758294919
|move|p2a: Golem|Earthquake|p1a: Ting-Lu
|-damage|p1a: Ting-Lu|0 fnt
|faint|p1a: Ting-Lu
|
|upkeep
|
|t:|1758294921
|switch|p1a: Weezing|Weezing-Galar, M|81/100
|-ability|p1a: Weezing|Neutralizing Gas
|turn|36
|
|t:|1758294924
|move|p2a: Golem|Earthquake|p1a: Weezing
|-supereffective|p1a: Weezing
|-damage|p1a: Weezing|0 fnt
|faint|p1a: Weezing
|-end|p1a: Weezing|ability: Neutralizing Gas
|
|upkeep
|l|☆adil
|inactive|adil disconnected and has a minute to reconnect!
|player|p1|
|inactive|adil has 30 seconds to reconnect!
|inactive|adil has 20 seconds to reconnect!
|inactive|adil has 15 seconds to reconnect!
|inactive|adil has 10 seconds to reconnect!
|inactive|adil has 5 seconds to reconnect!
|-message|adil lost due to inactivity.
|
|win|malk tyme
|raw|adil's rating: 1527 &rarr; <strong>1510</strong><br />(-17 for losing)
|raw|malk tyme's rating: 1578 &rarr; <strong>1595</strong><br />(+17 for winning)
|l|‽malk tyme
|player|p2|
