|j|☆cesarito110
|j|☆sallieUwU
|t:|1758335892
|gametype|singles
|player|p1|cesarito110|102|
|player|p2|sallieUwU|whitney|
|gen|9
|tier|[Gen 9] OU
|rule|HP Percentage Mod: HP is shown in percentages
|rule|Endless Battle Clause: Forcing endless battles is banned
|rule|Species Clause: Limit one of each Pokémon
|rule|OHKO Clause: OHKO moves are banned
|rule|Evasion Items Clause: Evasion items are banned
|rule|Evasion Moves Clause: Evasion moves are banned
|rule|Evasion Abilities Clause: Evasion abilities are banned
|rule|Sleep Moves Clause: Sleep-inducing moves are banned
|clearpoke
|poke|p1|Tyranitar, M|
|poke|p1|Blaziken, M|
|poke|p1|Rhyperior, F|
|poke|p1|Mamoswine, F|
|poke|p1|Hydreigon, M|
|poke|p1|Dragapult, M|
|poke|p2|Latias, F|
|poke|p2|Virizion|
|poke|p2|Primarina, F|
|poke|p2|Chandelure, M|
|poke|p2|Haxorus, M|
|poke|p2|Chansey, F|
|teampreview
|j| neighborbull
|c| neighborbull|dale pa
|c| neighborbull|que pro
|
|t:|1758336119
|teamsize|p1|6
|teamsize|p2|6
|start
|switch|p1a: Tyranitar|Tyranitar, M|100/100
|switch|p2a: tophy|Virizion|100/100
|-weather|Sandstorm|[from] ability: Sand Stream|[of] p1a: Tyranitar
|turn|1
|c| neighborbull|vamos yair
|c| neighborbull|vamos cesarito
|inactive|Battle timer is ON: inactive players will automatically lose when time's up. (requested by sallieUwU)
|c| neighborbull|pegale como papa curao
|
|t:|1758336175
|move|p2a: tophy|Leaf Blade|p1a: Tyranitar
|-supereffective|p1a: Tyranitar
|-damage|p1a: Tyranitar|14/100
|-damage|p2a: tophy|91/100|[from] item: Life Orb
|move|p1a: Tyranitar|Crunch|p2a: tophy
|-resisted|p2a: tophy
|-damage|p2a: tophy|56/100
|-unboost|p2a: tophy|def|1
|-ability|p2a: tophy|Justified|boost
|-boost|p2a: tophy|atk|1
|
|-weather|Sandstorm|[upkeep]
|-damage|p2a: tophy|50/100|[from] Sandstorm
|-heal|p1a: Tyranitar|20/100|[from] item: Leftovers
|upkeep
|turn|2
|
|t:|1758336194
|-terastallize|p2a: tophy|Rock
|move|p2a: tophy|Leaf Blade|p1a: Tyranitar
|-supereffective|p1a: Tyranitar
|-damage|p1a: Tyranitar|0 fnt
|faint|p1a: Tyranitar
|-damage|p2a: tophy|40/100|[from] item: Life Orb
|
|-weather|Sandstorm|[upkeep]
|upkeep
|c| neighborbull|aguanta como mujer
|
|t:|1758336203
|switch|p1a: Blaziken|Blaziken, M|100/100
|turn|3
|j| nacho_killer-79
|
|t:|1758336221
|move|p2a: tophy|Stone Edge|p1a: Blaziken
|-enditem|p1a: Blaziken|Focus Sash
|-damage|p1a: Blaziken|1/100
|-damage|p2a: tophy|30/100|[from] item: Life Orb
|move|p1a: Blaziken|Close Combat|p2a: tophy
|-supereffective|p2a: tophy
|-damage|p2a: tophy|0 fnt
|-unboost|p1a: Blaziken|def|1
|-unboost|p1a: Blaziken|spd|1
|faint|p2a: tophy
|
|-weather|Sandstorm|[upkeep]
|-damage|p1a: Blaziken|0 fnt|[from] Sandstorm
|faint|p1a: Blaziken
|upkeep
|c| neighborbull|pegale una patada como a los curaos
|inactive|cesarito110 has 270 seconds left.
|
|t:|1758336249
|switch|p2a: coraline|Primarina, F|100/100
|switch|p1a: Dragapult|Dragapult, M|100/100
|turn|4
|inactive|cesarito110 has 240 seconds left.
|
|t:|1758336286
|move|p1a: Dragapult|Dragon Claw|p2a: coraline
|-immune|p2a: coraline
|move|p2a: coraline|Ice Beam|p1a: Dragapult
|-supereffective|p1a: Dragapult
|-damage|p1a: Dragapult|0 fnt
|faint|p1a: Dragapult
|
|-weather|Sandstorm|[upkeep]
|-damage|p2a: coraline|94/100|[from] Sandstorm
|upkeep
|c| neighborbull|como me gustaria darle a ese pokemon
|j| labubuduvai
|
|t:|1758336296
|switch|p1a: Mamoswine|Mamoswine, F|100/100
|turn|5
|j| Yorucchi
|inactive|cesarito110 has 240 seconds left.
|inactive|sallieUwU has 270 seconds left.
|
|t:|1758336350
|move|p1a: Mamoswine|Ice Shard|p2a: coraline
|-resisted|p2a: coraline
|-damage|p2a: coraline|83/100
|move|p2a: coraline|Ice Beam|p1a: Mamoswine
|-damage|p1a: Mamoswine|67/100
|
|-weather|none
|upkeep
|turn|6
|inactive|cesarito110 has 210 seconds left.
|c| neighborbull|ese se parece a mi
|c| neighborbull|tirale un guataso
|
|t:|1758336387
|move|p1a: Mamoswine|Earthquake|p2a: coraline
|-damage|p2a: coraline|29/100
|move|p2a: coraline|Ice Beam|p1a: Mamoswine
|-damage|p1a: Mamoswine|30/100
|
|upkeep
|turn|7
|
|t:|1758336401
|switch|p2a: bianca|Latias, F|100/100
|move|p1a: Mamoswine|Earthquake|p2a: bianca
|-immune|p2a: bianca|[from] ability: Levitate
|
|upkeep
|turn|8
|
|t:|1758336422
|move|p1a: Mamoswine|Ice Shard|p2a: bianca
|-supereffective|p2a: bianca
|-damage|p2a: bianca|61/100
|move|p2a: bianca|Shadow Ball|p1a: Mamoswine
|-damage|p1a: Mamoswine|0 fnt
|faint|p1a: Mamoswine
|
|-heal|p2a: bianca|67/100|[from] item: Leftovers
|upkeep
|inactive|cesarito110 has 180 seconds left.
|
|t:|1758336439
|switch|p1a: Rhyperior|Rhyperior, F|100/100
|turn|9
|c| neighborbull|vamos de mal en peor
|inactive|cesarito110 has 180 seconds left.
|c| neighborbull|vamos cesarito el mas capito
|
|t:|1758336457
|switch|p2a: coraline|Primarina, F|29/100
|move|p1a: Rhyperior|Earthquake|p2a: coraline
|-damage|p2a: coraline|0 fnt
|faint|p2a: coraline
|
|upkeep
|inactive|sallieUwU has 240 seconds left.
|
|t:|1758336474
|switch|p2a: henrietta|Chansey, F, shiny|100/100
|turn|10
|inactive|cesarito110 has 180 seconds left.
|c| neighborbull|pegale fuerte
|c| neighborbull|es mujer
|
|t:|1758336509
|move|p2a: henrietta|Ice Beam|p1a: Rhyperior
|-supereffective|p1a: Rhyperior
|-damage|p1a: Rhyperior|84/100
|move|p1a: Rhyperior|Stone Edge|p2a: henrietta
|-damage|p2a: henrietta|60/100
|
|-heal|p1a: Rhyperior|90/100|[from] item: Leftovers
|upkeep
|turn|11
|
|t:|1758336521
|move|p2a: henrietta|Thunder Wave|p1a: Rhyperior
|-immune|p1a: Rhyperior
|move|p1a: Rhyperior|Stealth Rock|p2a: henrietta
|-sidestart|p2: sallieUwU|move: Stealth Rock
|
|-heal|p1a: Rhyperior|96/100|[from] item: Leftovers
|upkeep
|turn|12
|
|t:|1758336534
|move|p2a: henrietta|Ice Beam|p1a: Rhyperior
|-supereffective|p1a: Rhyperior
|-damage|p1a: Rhyperior|78/100
|move|p1a: Rhyperior|Earthquake|p2a: henrietta
|-damage|p2a: henrietta|20/100
|
|-heal|p1a: Rhyperior|85/100|[from] item: Leftovers
|upkeep
|turn|13
|c| neighborbull|que weon el rayo culiao
|
|t:|1758336544
|move|p2a: henrietta|Soft-Boiled|p2a: henrietta
|-heal|p2a: henrietta|70/100
|move|p1a: Rhyperior|Stone Edge|p2a: henrietta
|-damage|p2a: henrietta|30/100
|
|-heal|p1a: Rhyperior|91/100|[from] item: Leftovers
|upkeep
|turn|14
|inactive|sallieUwU has 270 seconds left.
|
|t:|1758336555
|move|p2a: henrietta|Ice Beam|p1a: Rhyperior
|-supereffective|p1a: Rhyperior
|-damage|p1a: Rhyperior|73/100
|move|p1a: Rhyperior|Earthquake|p2a: henrietta
|-damage|p2a: henrietta|0 fnt
|faint|p2a: henrietta
|
|-heal|p1a: Rhyperior|79/100|[from] item: Leftovers
|upkeep
|l| labubuduvai
|inactive|sallieUwU has 270 seconds left.
|c| neighborbull|remontada
|
|t:|1758336576
|switch|p2a: bianca|Latias, F|67/100
|-damage|p2a: bianca|55/100|[from] Stealth Rock
|turn|15
|
|t:|1758336585
|move|p2a: bianca|Draco Meteor|p1a: Rhyperior
|-damage|p1a: Rhyperior|17/100
|-unboost|p2a: bianca|spa|2
|move|p1a: Rhyperior|Stealth Rock||[still]
|-fail|p1a: Rhyperior
|
|-heal|p2a: bianca|61/100|[from] item: Leftovers
|-heal|p1a: Rhyperior|23/100|[from] item: Leftovers
|upkeep
|turn|16
|c| neighborbull|vamos cesarito que aposte la casa
|
|t:|1758336598
|move|p2a: bianca|Shadow Ball|p1a: Rhyperior
|-damage|p1a: Rhyperior|9/100
|-unboost|p1a: Rhyperior|spd|1
|move|p1a: Rhyperior|Stone Edge|p2a: bianca|[miss]
|-miss|p1a: Rhyperior|p2a: bianca
|
|-heal|p2a: bianca|67/100|[from] item: Leftovers
|-heal|p1a: Rhyperior|16/100|[from] item: Leftovers
|upkeep
|turn|17
|
|t:|1758336615
|move|p2a: bianca|Shadow Ball|p1a: Rhyperior
|-damage|p1a: Rhyperior|0 fnt
|faint|p1a: Rhyperior
|
|-heal|p2a: bianca|73/100|[from] item: Leftovers
|upkeep
|
|t:|1758336623
|switch|p1a: Hydreigon|Hydreigon, M|100/100
|turn|18
|c| neighborbull|pegale con el poto
|
|t:|1758336638
|move|p1a: Hydreigon|Draco Meteor|p2a: bianca
|-supereffective|p2a: bianca
|-damage|p2a: bianca|0 fnt
|-unboost|p1a: Hydreigon|spa|2
|faint|p2a: bianca
|
|upkeep
|c| neighborbull|locura
|inactive|sallieUwU has 270 seconds left.
|
|t:|1758336666
|switch|p2a: machetazo|Haxorus, M, shiny|100/100
|turn|19
|c| neighborbull|te pusiste nervioda?
|
|t:|1758336673
|move|p1a: Hydreigon|Draco Meteor|p2a: machetazo|[miss]
|-miss|p1a: Hydreigon|p2a: machetazo
|move|p2a: machetazo|Outrage|p1a: Hydreigon
|-supereffective|p1a: Hydreigon
|-damage|p1a: Hydreigon|0 fnt
|faint|p1a: Hydreigon
|
|win|sallieUwU
|c| neighborbull|nooooooooooooooooo
|l| nacho_killer-79
|c| neighborbull|me quede sin casa
|l|☆sallieUwU
|player|p2|
