|j|☆WithVadehors
|j|☆lolcano46
|t:|1758233635
|gametype|singles
|player|p1|WithVadehors|elesa-masters2|1555
|player|p2|lolcano46|fisherman-gen4|1515
|gen|9
|tier|[Gen 9] OU
|rated|
|rule|HP Percentage Mod: HP is shown in percentages
|rule|Endless Battle Clause: Forcing endless battles is banned
|rule|Species Clause: Limit one of each Pokémon
|rule|OHKO Clause: OHKO moves are banned
|rule|Evasion Items Clause: Evasion items are banned
|rule|Evasion Moves Clause: Evasion moves are banned
|rule|Evasion Abilities Clause: Evasion abilities are banned
|rule|Sleep Moves Clause: Sleep-inducing moves are banned
|clearpoke
|poke|p1|Pelipper, F|
|poke|p1|Hydrapple, M|
|poke|p1|Iron Treads|
|poke|p1|Dragapult, F|
|poke|p1|Alomomola, L99, M|
|poke|p1|Iron Crown|
|poke|p2|Azelf|
|poke|p2|Ogerpon-Wellspring, F|
|poke|p2|Scizor, M|
|poke|p2|Gengar, M|
|poke|p2|Raging Bolt|
|poke|p2|Cinderace, M|
|teampreview
|inactive|Battle timer is ON: inactive players will automatically lose when time's up. (requested by lolcano46)
|
|t:|1758233653
|teamsize|p1|6
|teamsize|p2|6
|start
|switch|p1a: Dragapult|Dragapult, F|100/100
|switch|p2a: Azelf|Azelf|100/100
|turn|1
|
|t:|1758233658
|-terastallize|p2a: Azelf|Fairy
|move|p1a: Dragapult|Dragon Darts|p2a: Azelf
|-immune|p2a: Azelf
|move|p2a: Azelf|Dazzling Gleam|p1a: Dragapult
|-supereffective|p1a: Dragapult
|-crit|p1a: Dragapult
|-damage|p1a: Dragapult|0 fnt
|faint|p1a: Dragapult
|
|upkeep
|
|t:|1758233669
|switch|p1a: Iron Crown|Iron Crown|100/100
|turn|2
|
|t:|1758233674
|switch|p2a: Cinderace|Cinderace, M|100/100
|move|p1a: Iron Crown|Tachyon Cutter|p2a: Cinderace
|-resisted|p2a: Cinderace
|-damage|p2a: Cinderace|81/100
|-resisted|p2a: Cinderace
|-damage|p2a: Cinderace|62/100
|-hitcount|p2a: Cinderace|2
|
|upkeep
|turn|3
|
|t:|1758233680
|-end|p1a: Iron Crown|Quark Drive|[silent]
|switch|p1a: Alomomola|Alomomola, L99, M|100/100
|switch|p2a: Azelf|Azelf, tera:Fairy|100/100
|
|upkeep
|turn|4
|inactive|WithVadehors has 120 seconds left.
|
|t:|1758233720
|move|p2a: Azelf|Thunderbolt|p1a: Alomomola
|-supereffective|p1a: Alomomola
|-damage|p1a: Alomomola|58/100
|move|p1a: Alomomola|Flip Turn|p2a: Azelf
|-damage|p2a: Azelf|78/100
|
|t:|1758233722
|switch|p1a: Iron Crown|Iron Crown|100/100|[from] Flip Turn
|
|upkeep
|turn|5
|
|t:|1758233728
|move|p1a: Iron Crown|Volt Switch|p2a: Azelf
|-damage|p2a: Azelf|40/100
|
|t:|1758233731
|-end|p1a: Iron Crown|Quark Drive|[silent]
|switch|p1a: Alomomola|Alomomola, L99, M|91/100|[from] Volt Switch
|move|p2a: Azelf|Flamethrower|p1a: Alomomola
|-resisted|p1a: Alomomola
|-damage|p1a: Alomomola|82/100
|
|upkeep
|turn|6
|
|t:|1758233735
|move|p2a: Azelf|Thunderbolt|p1a: Alomomola
|-supereffective|p1a: Alomomola
|-damage|p1a: Alomomola|41/100
|-status|p1a: Alomomola|par
|cant|p1a: Alomomola|par
|
|upkeep
|turn|7
|
|t:|1758233764
|switch|p1a: Iron Treads|Iron Treads|100/100
|move|p2a: Azelf|Flamethrower|p1a: Iron Treads
|-supereffective|p1a: Iron Treads
|-damage|p1a: Iron Treads|8/100
|-status|p1a: Iron Treads|brn
|
|-heal|p1a: Iron Treads|14/100 brn|[from] item: Leftovers
|-damage|p1a: Iron Treads|8/100 brn|[from] brn
|upkeep
|turn|8
|-message|WithVadehors forfeited.
|
|win|lolcano46
|raw|WithVadehors's rating: 1555 &rarr; <strong>1533</strong><br />(-22 for losing)
|raw|lolcano46's rating: 1515 &rarr; <strong>1537</strong><br />(+22 for winning)
|l|☆WithVadehors
|player|p1|
|l|☆lolcano46
|player|p2|
