|j|☆Johnsoncom
|j|☆c.empty
|t:|1758344854
|gametype|singles
|player|p1|Johnsoncom|byron|1172
|player|p2|c.empty|2|1175
|gen|9
|tier|[Gen 9] OU
|rated|
|rule|HP Percentage Mod: HP is shown in percentages
|rule|Endless Battle Clause: Forcing endless battles is banned
|rule|Species Clause: Limit one of each Pokémon
|rule|OHKO Clause: OHKO moves are banned
|rule|Evasion Items Clause: Evasion items are banned
|rule|Evasion Moves Clause: Evasion moves are banned
|rule|Evasion Abilities Clause: Evasion abilities are banned
|rule|Sleep Moves Clause: Sleep-inducing moves are banned
|clearpoke
|poke|p1|Ceruledge, F|
|poke|p1|Great Tusk|
|poke|p1|Gastrodon, F|
|poke|p1|Meowscarada, M|
|poke|p1|Toxapex, F|
|poke|p1|Dragapult, F|
|poke|p2|Ninetales, F|
|poke|p2|Great Tusk|
|poke|p2|Walking Wake|
|poke|p2|Dragonite, M|
|poke|p2|Ting-Lu|
|poke|p2|Venusaur, F|
|teampreview
|
|t:|1758344879
|teamsize|p1|6
|teamsize|p2|6
|start
|switch|p1a: Ceruledge|Ceruledge, F|100/100
|switch|p2a: Venusaur|Venusaur, F|100/100
|turn|1
|
|t:|1758344890
|switch|p2a: Ninetales|Ninetales, F|100/100
|-weather|SunnyDay|[from] ability: Drought|[of] p2a: Ninetales
|move|p1a: Ceruledge|Bitter Blade|p2a: Ninetales
|-resisted|p2a: Ninetales
|-damage|p2a: Ninetales|58/100
|
|-weather|SunnyDay|[upkeep]
|upkeep
|turn|2
|
|t:|1758344909
|switch|p2a: Walking Wake|Walking Wake|100/100
|-activate|p2a: Walking Wake|ability: Protosynthesis
|-start|p2a: Walking Wake|protosynthesisspa
|-terastallize|p1a: Ceruledge|Grass
|move|p1a: Ceruledge|Swords Dance|p1a: Ceruledge
|-boost|p1a: Ceruledge|atk|2
|
|-weather|SunnyDay|[upkeep]
|upkeep
|turn|3
|
|t:|1758344952
|move|p2a: Walking Wake|Draco Meteor|p1a: Ceruledge
|-damage|p1a: Ceruledge|0 fnt
|-unboost|p2a: Walking Wake|spa|2
|faint|p1a: Ceruledge
|
|-weather|SunnyDay|[upkeep]
|upkeep
|
|t:|1758344961
|switch|p1a: Dragapult|Dragapult, F|100/100
|turn|4
|
|t:|1758344972
|-terastallize|p2a: Walking Wake|Fairy
|move|p1a: Dragapult|Draco Meteor|p2a: Walking Wake
|-immune|p2a: Walking Wake
|move|p2a: Walking Wake|Knock Off|p1a: Dragapult
|-supereffective|p1a: Dragapult
|-damage|p1a: Dragapult|51/100
|-enditem|p1a: Dragapult|Choice Specs|[from] move: Knock Off|[of] p2a: Walking Wake
|
|-weather|SunnyDay|[upkeep]
|upkeep
|turn|5
|
|t:|1758344998
|switch|p1a: Toxapex|Toxapex, F|100/100
|move|p2a: Walking Wake|Flip Turn|p1a: Toxapex
|-resisted|p1a: Toxapex
|-damage|p1a: Toxapex|99/100
|
|t:|1758345007
|-end|p2a: Walking Wake|Protosynthesis|[silent]
|switch|p2a: Venusaur|Venusaur, F|100/100|[from] Flip Turn
|
|-weather|SunnyDay|[upkeep]
|-heal|p1a: Toxapex|100/100|[from] item: Black Sludge
|upkeep
|turn|6
|
|t:|1758345015
|move|p2a: Venusaur|Growth|p2a: Venusaur
|-boost|p2a: Venusaur|atk|2
|-boost|p2a: Venusaur|spa|2
|move|p1a: Toxapex|Toxic Spikes|p2a: Venusaur
|-sidestart|p2: c.empty|move: Toxic Spikes
|
|-weather|SunnyDay|[upkeep]
|upkeep
|turn|7
|inactive|Battle timer is ON: inactive players will automatically lose when time's up. (requested by Johnsoncom)
|
|t:|1758345034
|move|p2a: Venusaur|Giga Drain|p1a: Toxapex
|-damage|p1a: Toxapex|31/100
|-damage|p2a: Venusaur|91/100|[from] item: Life Orb
|move|p1a: Toxapex|Haze|p1a: Toxapex
|-clearallboost
|
|-weather|SunnyDay|[upkeep]
|-heal|p1a: Toxapex|37/100|[from] item: Black Sludge
|upkeep
|turn|8
|
|t:|1758345045
|move|p2a: Venusaur|Giga Drain|p1a: Toxapex
|-damage|p1a: Toxapex|5/100
|-heal|p2a: Venusaur|100/100|[from] drain|[of] p1a: Toxapex
|-damage|p2a: Venusaur|91/100|[from] item: Life Orb
|move|p1a: Toxapex|Recover|p1a: Toxapex
|-heal|p1a: Toxapex|55/100
|
|-weather|none
|-heal|p1a: Toxapex|61/100|[from] item: Black Sludge
|upkeep
|turn|9
|
|t:|1758345056
|switch|p2a: Great Tusk|Great Tusk|100/100
|move|p1a: Toxapex|Recover|p1a: Toxapex
|-heal|p1a: Toxapex|100/100
|
|upkeep
|turn|10
|
|t:|1758345062
|move|p2a: Great Tusk|Rapid Spin|p1a: Toxapex
|-damage|p1a: Toxapex|90/100
|-boost|p2a: Great Tusk|spe|1
|-sideend|p2: c.empty|Toxic Spikes|[from] move: Rapid Spin|[of] p2a: Great Tusk
|move|p1a: Toxapex|Toxic Spikes|p2a: Great Tusk
|-sidestart|p2: c.empty|move: Toxic Spikes
|
|-heal|p1a: Toxapex|96/100|[from] item: Black Sludge
|upkeep
|turn|11
|
|t:|1758345069
|move|p2a: Great Tusk|Headlong Rush|p1a: Toxapex
|-supereffective|p1a: Toxapex
|-damage|p1a: Toxapex|15/100
|-unboost|p2a: Great Tusk|def|1
|-unboost|p2a: Great Tusk|spd|1
|move|p1a: Toxapex|Chilling Water|p2a: Great Tusk
|-supereffective|p2a: Great Tusk
|-damage|p2a: Great Tusk|50/100
|-unboost|p2a: Great Tusk|atk|1
|
|-heal|p1a: Toxapex|21/100|[from] item: Black Sludge
|upkeep
|turn|12
|
|t:|1758345088
|switch|p1a: Meowscarada|Meowscarada, M|100/100
|move|p2a: Great Tusk|Rapid Spin|p1a: Meowscarada
|-damage|p1a: Meowscarada|83/100
|-boost|p2a: Great Tusk|spe|1
|-sideend|p2: c.empty|Toxic Spikes|[from] move: Rapid Spin|[of] p2a: Great Tusk
|
|upkeep
|turn|13
|
|t:|1758345101
|move|p2a: Great Tusk|Close Combat|p1a: Meowscarada
|-supereffective|p1a: Meowscarada
|-damage|p1a: Meowscarada|0 fnt
|-unboost|p2a: Great Tusk|def|1
|-unboost|p2a: Great Tusk|spd|1
|faint|p1a: Meowscarada
|
|upkeep
|inactive|Johnsoncom has 120 seconds left.
|
|t:|1758345143
|switch|p1a: Great Tusk|Great Tusk|100/100
|-enditem|p1a: Great Tusk|Booster Energy
|-activate|p1a: Great Tusk|ability: Protosynthesis|[fromitem]
|-start|p1a: Great Tusk|protosynthesisatk
|turn|14
|
|t:|1758345155
|move|p2a: Great Tusk|Ice Spinner|p1a: Great Tusk
|-supereffective|p1a: Great Tusk
|-damage|p1a: Great Tusk|75/100
|move|p1a: Great Tusk|Headlong Rush|p2a: Great Tusk
|-damage|p2a: Great Tusk|0 fnt
|-unboost|p1a: Great Tusk|def|1
|-unboost|p1a: Great Tusk|spd|1
|faint|p2a: Great Tusk
|-end|p2a: Great Tusk|Protosynthesis|[silent]
|
|upkeep
|
|t:|1758345168
|switch|p2a: Ninetales|Ninetales, F|58/100
|-weather|SunnyDay|[from] ability: Drought|[of] p2a: Ninetales
|turn|15
|
|t:|1758345181
|switch|p2a: Dragonite|Dragonite, M|100/100
|move|p1a: Great Tusk|Headlong Rush|p2a: Dragonite
|-immune|p2a: Dragonite
|
|-weather|SunnyDay|[upkeep]
|upkeep
|turn|16
|
|t:|1758345199
|-end|p1a: Great Tusk|Protosynthesis|[silent]
|switch|p1a: Gastrodon|Gastrodon, F|100/100
|move|p2a: Dragonite|Dragon Dance|p2a: Dragonite
|-boost|p2a: Dragonite|atk|1
|-boost|p2a: Dragonite|spe|1
|
|-weather|SunnyDay|[upkeep]
|upkeep
|turn|17
|
|t:|1758345212
|switch|p2a: Venusaur|Venusaur, F|91/100
|move|p1a: Gastrodon|Clear Smog|p2a: Venusaur
|-damage|p2a: Venusaur|78/100
|-clearboost|p2a: Venusaur
|
|-weather|SunnyDay|[upkeep]
|upkeep
|turn|18
|
|t:|1758345221
|switch|p1a: Dragapult|Dragapult, F|51/100
|move|p2a: Venusaur|Giga Drain|p1a: Dragapult
|-resisted|p1a: Dragapult
|-crit|p1a: Dragapult
|-damage|p1a: Dragapult|9/100
|-heal|p2a: Venusaur|99/100|[from] drain|[of] p1a: Dragapult
|-damage|p2a: Venusaur|90/100|[from] item: Life Orb
|
|-weather|SunnyDay|[upkeep]
|upkeep
|turn|19
|inactive|Johnsoncom has 120 seconds left.
|
|t:|1758345228
|move|p2a: Venusaur|Giga Drain|p1a: Dragapult
|-resisted|p1a: Dragapult
|-damage|p1a: Dragapult|0 fnt
|-heal|p2a: Venusaur|94/100|[from] drain|[of] p1a: Dragapult
|faint|p1a: Dragapult
|-damage|p2a: Venusaur|84/100|[from] item: Life Orb
|
|-weather|SunnyDay|[upkeep]
|upkeep
|inactive|Johnsoncom has 120 seconds left.
|
|t:|1758345245
|switch|p1a: Great Tusk|Great Tusk|75/100
|-activate|p1a: Great Tusk|ability: Protosynthesis
|-start|p1a: Great Tusk|protosynthesisatk
|turn|20
|
|t:|1758345254
|move|p2a: Venusaur|Giga Drain|p1a: Great Tusk
|-supereffective|p1a: Great Tusk
|-damage|p1a: Great Tusk|0 fnt
|-heal|p2a: Venusaur|100/100|[from] drain|[of] p1a: Great Tusk
|faint|p1a: Great Tusk
|-end|p1a: Great Tusk|Protosynthesis|[silent]
|-damage|p2a: Venusaur|91/100|[from] item: Life Orb
|
|-weather|SunnyDay|[upkeep]
|upkeep
|c|☆c.empty|gg
|c|☆Johnsoncom|gg
|
|t:|1758345281
|switch|p1a: Toxapex|Toxapex, F|54/100
|turn|21
|
|t:|1758345289
|move|p2a: Venusaur|Giga Drain|p1a: Toxapex
|-damage|p1a: Toxapex|18/100
|-heal|p2a: Venusaur|100/100|[from] drain|[of] p1a: Toxapex
|-damage|p2a: Venusaur|91/100|[from] item: Life Orb
|move|p1a: Toxapex|Toxic Spikes|p2a: Venusaur
|-sidestart|p2: c.empty|move: Toxic Spikes
|
|-weather|SunnyDay|[upkeep]
|-heal|p1a: Toxapex|25/100|[from] item: Black Sludge
|upkeep
|turn|22
|
|t:|1758345295
|move|p2a: Venusaur|Giga Drain|p1a: Toxapex
|-damage|p1a: Toxapex|0 fnt
|-heal|p2a: Venusaur|100/100|[from] drain|[of] p1a: Toxapex
|faint|p1a: Toxapex
|-damage|p2a: Venusaur|91/100|[from] item: Life Orb
|
|-weather|none
|upkeep
|
|t:|1758345297
|switch|p1a: Gastrodon|Gastrodon, F|100/100
|turn|23
|
|t:|1758345302
|move|p2a: Venusaur|Giga Drain|p1a: Gastrodon
|-supereffective|p1a: Gastrodon
|-crit|p1a: Gastrodon
|-damage|p1a: Gastrodon|0 fnt
|-heal|p2a: Venusaur|100/100|[from] drain|[of] p1a: Gastrodon
|faint|p1a: Gastrodon
|-damage|p2a: Venusaur|91/100|[from] item: Life Orb
|
|win|c.empty
|raw|Johnsoncom's rating: 1172 &rarr; <strong>1147</strong><br />(-25 for losing)
|raw|c.empty's rating: 1175 &rarr; <strong>1200</strong><br />(+25 for winning)
|l|☆Johnsoncom
|player|p1|
|l|☆c.empty
|player|p2|
