|j|☆Jon Mateo
|j|☆omenkiller rollo
|t:|1758299974
|gametype|singles
|player|p1|Jon Mateo|265|1393
|player|p2|omenkiller rollo|policeman-gen4|1390
|gen|9
|tier|[Gen 9] OU
|rated|
|rule|HP Percentage Mod: HP is shown in percentages
|rule|Endless Battle Clause: Forcing endless battles is banned
|rule|Species Clause: Limit one of each Pokémon
|rule|OHKO Clause: OHKO moves are banned
|rule|Evasion Items Clause: Evasion items are banned
|rule|Evasion Moves Clause: Evasion moves are banned
|rule|Evasion Abilities Clause: Evasion abilities are banned
|rule|Sleep Moves Clause: Sleep-inducing moves are banned
|clearpoke
|poke|p1|Ceruledge, M|
|poke|p1|Lokix, M|
|poke|p1|Quaquaval, M|
|poke|p1|Gardevoir, F|
|poke|p1|Garchomp, F|
|poke|p1|Rotom-Frost|
|poke|p2|Slowking-Galar, F|
|poke|p2|Great Tusk|
|poke|p2|Zapdos|
|poke|p2|Weavile, F|
|poke|p2|Ogerpon-Wellspring, F|
|poke|p2|Enamorus, F|
|teampreview
|inactive|Battle timer is ON: inactive players will automatically lose when time's up. (requested by omenkiller rollo)
|
|t:|1758299994
|teamsize|p1|6
|teamsize|p2|6
|start
|switch|p1a: Rotom|Rotom-Frost|100/100
|switch|p2a: Enamorus|Enamorus, F|100/100
|turn|1
|inactive|Jon Mateo has 120 seconds left.
|
|t:|1758300042
|switch|p2a: Slowking|Slowking-Galar, F|100/100
|move|p1a: Rotom|Blizzard|p2a: Slowking
|-damage|p2a: Slowking|72/100
|
|upkeep
|turn|2
|
|t:|1758300053
|switch|p1a: Garchomp|Garchomp, F|100/100
|-prepare|p2a: Slowking|Chilly Reception|[premajor]
|move|p2a: Slowking|Chilly Reception|p2a: Slowking
|-weather|Snowscape
|
|t:|1758300055
|switch|p2a: Enamorus|Enamorus, F|100/100|[from] Chilly Reception
|
|-weather|Snowscape|[upkeep]
|upkeep
|turn|3
|
|t:|1758300063
|move|p2a: Enamorus|Moonblast|p1a: Garchomp
|-supereffective|p1a: Garchomp
|-damage|p1a: Garchomp|8/100
|move|p1a: Garchomp|Iron Head|p2a: Enamorus
|-supereffective|p2a: Enamorus
|-damage|p2a: Enamorus|6/100
|
|-weather|Snowscape|[upkeep]
|upkeep
|turn|4
|
|t:|1758300068
|switch|p1a: Ceruledge|Ceruledge, M|100/100
|move|p2a: Enamorus|Moonblast|p1a: Ceruledge
|-resisted|p1a: Ceruledge
|-damage|p1a: Ceruledge|75/100
|
|-weather|Snowscape|[upkeep]
|upkeep
|turn|5
|
|t:|1758300079
|switch|p2a: Ogerpon|Ogerpon-Wellspring, F|100/100
|move|p1a: Ceruledge|Swords Dance|p1a: Ceruledge
|-boost|p1a: Ceruledge|atk|2
|
|-weather|Snowscape|[upkeep]
|upkeep
|turn|6
|
|t:|1758300084
|move|p1a: Ceruledge|Shadow Sneak|p2a: Ogerpon
|-damage|p2a: Ogerpon|26/100
|-damage|p1a: Ceruledge|65/100|[from] item: Life Orb
|move|p2a: Ogerpon|Ivy Cudgel|p1a: Ceruledge|[anim] Ivy Cudgel Water
|-supereffective|p1a: Ceruledge
|-damage|p1a: Ceruledge|0 fnt
|faint|p1a: Ceruledge
|
|-weather|none
|upkeep
|
|t:|1758300090
|switch|p1a: Lokix|Lokix, M|100/100
|turn|7
|
|t:|1758300097
|switch|p2a: Zapdos|Zapdos|100/100
|move|p1a: Lokix|U-turn|p2a: Zapdos
|-resisted|p2a: Zapdos
|-damage|p2a: Zapdos|67/100
|-status|p1a: Lokix|par|[from] ability: Static|[of] p2a: Zapdos
|
|t:|1758300102
|switch|p1a: Rotom|Rotom-Frost|100/100|[from] U-turn
|
|upkeep
|turn|8
|
|t:|1758300107
|switch|p2a: Slowking|Slowking-Galar, F|100/100
|move|p1a: Rotom|Volt Switch|p2a: Slowking
|-crit|p2a: Slowking
|-damage|p2a: Slowking|75/100
|
|t:|1758300120
|switch|p1a: Garchomp|Garchomp, F|8/100|[from] Volt Switch
|
|upkeep
|turn|9
|
|t:|1758300134
|switch|p2a: Enamorus|Enamorus, F|6/100
|move|p1a: Garchomp|Iron Head|p2a: Enamorus
|-supereffective|p2a: Enamorus
|-damage|p2a: Enamorus|0 fnt
|faint|p2a: Enamorus
|
|upkeep
|
|t:|1758300138
|switch|p2a: Ogerpon|Ogerpon-Wellspring, F|26/100
|turn|10
|
|t:|1758300147
|move|p2a: Ogerpon|Ivy Cudgel|p1a: Garchomp|[anim] Ivy Cudgel Water
|-damage|p1a: Garchomp|0 fnt
|faint|p1a: Garchomp
|
|upkeep
|
|t:|1758300153
|switch|p1a: Lokix|Lokix, M|100/100 par
|turn|11
|
|t:|1758300158
|move|p1a: Lokix|First Impression|p2a: Ogerpon
|-supereffective|p2a: Ogerpon
|-damage|p2a: Ogerpon|0 fnt
|faint|p2a: Ogerpon
|
|upkeep
|
|t:|1758300167
|switch|p2a: Zapdos|Zapdos|67/100
|turn|12
|
|t:|1758300171
|move|p2a: Zapdos|U-turn|p1a: Lokix
|-supereffective|p1a: Lokix
|-damage|p1a: Lokix|67/100 par
|
|t:|1758300175
|switch|p2a: Great Tusk|Great Tusk|100/100|[from] U-turn
|move|p1a: Lokix|U-turn|p2a: Great Tusk
|-resisted|p2a: Great Tusk
|-damage|p2a: Great Tusk|79/100
|
|t:|1758300183
|switch|p1a: Quaquaval|Quaquaval, M|100/100|[from] U-turn
|
|-heal|p2a: Great Tusk|85/100|[from] item: Leftovers
|upkeep
|turn|13
|
|t:|1758300210
|-terastallize|p1a: Quaquaval|Water
|move|p1a: Quaquaval|Aqua Jet|p2a: Great Tusk
|-supereffective|p2a: Great Tusk
|-damage|p2a: Great Tusk|25/100
|move|p2a: Great Tusk|Rapid Spin|p1a: Quaquaval
|-damage|p1a: Quaquaval|80/100
|-boost|p2a: Great Tusk|spe|1
|
|-heal|p2a: Great Tusk|31/100|[from] item: Leftovers
|upkeep
|turn|14
|inactive|omenkiller rollo has 120 seconds left.
|
|t:|1758300243
|-end|p2a: Great Tusk|Protosynthesis|[silent]
|switch|p2a: Zapdos|Zapdos|67/100
|move|p1a: Quaquaval|Aqua Jet|p2a: Zapdos
|-damage|p2a: Zapdos|21/100
|
|upkeep
|turn|15
|inactive|Jon Mateo has 120 seconds left.
|
|t:|1758300294
|move|p1a: Quaquaval|Aqua Jet|p2a: Zapdos
|-damage|p2a: Zapdos|0 fnt
|faint|p2a: Zapdos
|-ability|p1a: Quaquaval|Moxie|boost
|-boost|p1a: Quaquaval|atk|1
|
|upkeep
|
|t:|1758300298
|switch|p2a: Slowking|Slowking-Galar, F|100/100
|turn|16
|
|t:|1758300308
|move|p1a: Quaquaval|Aqua Jet|p2a: Slowking
|-damage|p2a: Slowking|35/100
|move|p2a: Slowking|Sludge Bomb|p1a: Quaquaval
|-damage|p1a: Quaquaval|43/100
|
|upkeep
|turn|17
|
|t:|1758300315
|move|p1a: Quaquaval|Aqua Jet|p2a: Slowking
|-damage|p2a: Slowking|0 fnt
|faint|p2a: Slowking
|-ability|p1a: Quaquaval|Moxie|boost
|-boost|p1a: Quaquaval|atk|1
|
|upkeep
|-message|omenkiller rollo forfeited.
|
|win|Jon Mateo
|raw|Jon Mateo's rating: 1393 &rarr; <strong>1413</strong><br />(+20 for winning)
|raw|omenkiller rollo's rating: 1390 &rarr; <strong>1370</strong><br />(-20 for losing)
|l|☆omenkiller rollo
|player|p2|
|l|☆Jon Mateo
|player|p1|
