|j|☆the.ramen.gang
|j|☆LuckyLucario1
|t:|1758237508
|gametype|singles
|player|p1|the.ramen.gang|170|1199
|player|p2|LuckyLucario1|170|1246
|gen|9
|tier|[Gen 9] OU
|rated|
|rule|HP Percentage Mod: HP is shown in percentages
|rule|Endless Battle Clause: Forcing endless battles is banned
|rule|Species Clause: Limit one of each Pokémon
|rule|OHKO Clause: OHKO moves are banned
|rule|Evasion Items Clause: Evasion items are banned
|rule|Evasion Moves Clause: Evasion moves are banned
|rule|Evasion Abilities Clause: Evasion abilities are banned
|rule|Sleep Moves Clause: Sleep-inducing moves are banned
|clearpoke
|poke|p1|Sableye, F|
|poke|p1|Hitmontop, M|
|poke|p1|Toedscruel, F|
|poke|p1|Pincurchin, F|
|poke|p1|Swanna, F|
|poke|p1|Clawitzer, M|
|poke|p2|Pelipper, F|
|poke|p2|Hatterene, F|
|poke|p2|Iron Treads|
|poke|p2|Toxicroak, F|
|poke|p2|Barraskewda, F|
|poke|p2|Zapdos|
|teampreview
|
|t:|1758237524
|teamsize|p1|6
|teamsize|p2|6
|start
|switch|p1a: Hitmontop|Hitmontop, M|100/100
|switch|p2a: Iron Treads|Iron Treads|100/100
|turn|1
|
|t:|1758237534
|-end|p2a: Iron Treads|Quark Drive|[silent]
|switch|p2a: Pelipper|Pelipper, F|100/100
|-weather|RainDance|[from] ability: Drizzle|[of] p2a: Pelipper
|move|p1a: Hitmontop|Fake Out|p2a: Pelipper
|-damage|p2a: Pelipper|81/100
|
|-weather|RainDance|[upkeep]
|upkeep
|turn|2
|
|t:|1758237545
|switch|p1a: Swanna|Swanna, F|100/100
|move|p2a: Pelipper|Hurricane|p1a: Swanna
|-damage|p1a: Swanna|65/100
|
|-weather|RainDance|[upkeep]
|upkeep
|turn|3
|
|t:|1758237549
|move|p1a: Swanna|Hurricane|p2a: Pelipper
|-damage|p2a: Pelipper|49/100
|move|p2a: Pelipper|U-turn|p1a: Swanna
|-resisted|p1a: Swanna
|-damage|p1a: Swanna|58/100
|inactive|Battle timer is ON: inactive players will automatically lose when time's up. (requested by the.ramen.gang)
|
|t:|1758237573
|switch|p2a: Barraskewda|Barraskewda, F|100/100|[from] U-turn
|
|-weather|RainDance|[upkeep]
|upkeep
|turn|4
|
|t:|1758237587
|-terastallize|p2a: Barraskewda|Water
|move|p2a: Barraskewda|Liquidation|p1a: Swanna
|-resisted|p1a: Swanna
|-damage|p1a: Swanna|0 fnt
|faint|p1a: Swanna
|
|-weather|RainDance|[upkeep]
|upkeep
|
|t:|1758237593
|switch|p1a: Hitmontop|Hitmontop, M|100/100
|turn|5
|
|t:|1758237597
|move|p1a: Hitmontop|Fake Out|p2a: Barraskewda
|-damage|p2a: Barraskewda|67/100
|cant|p2a: Barraskewda|flinch
|
|-weather|RainDance|[upkeep]
|upkeep
|turn|6
|
|t:|1758237603
|move|p1a: Hitmontop|Mach Punch|p2a: Barraskewda
|-damage|p2a: Barraskewda|11/100
|move|p2a: Barraskewda|Liquidation|p1a: Hitmontop
|-damage|p1a: Hitmontop|0 fnt
|faint|p1a: Hitmontop
|
|-weather|RainDance|[upkeep]
|upkeep
|
|t:|1758237609
|switch|p1a: Pincurchin|Pincurchin, F|100/100
|turn|7
|
|t:|1758237612
|move|p2a: Barraskewda|Liquidation|p1a: Pincurchin
|-damage|p1a: Pincurchin|0 fnt
|-damage|p2a: Barraskewda|0 fnt|[from] item: Rocky Helmet|[of] p1a: Pincurchin
|faint|p1a: Pincurchin
|faint|p2a: Barraskewda
|
|-weather|RainDance|[upkeep]
|upkeep
|
|t:|1758237620
|switch|p2a: Iron Treads|Iron Treads|100/100
|switch|p1a: Clawitzer|Clawitzer, M|100/100
|turn|8
|
|t:|1758237626
|move|p2a: Iron Treads|Volt Switch|p1a: Clawitzer
|-supereffective|p1a: Clawitzer
|-damage|p1a: Clawitzer|74/100
|
|t:|1758237633
|-end|p2a: Iron Treads|Quark Drive|[silent]
|switch|p2a: Toxicroak|Toxicroak, F|100/100|[from] Volt Switch
|move|p1a: Clawitzer|Aura Sphere|p2a: Toxicroak
|-resisted|p2a: Toxicroak
|-crit|p2a: Toxicroak
|-damage|p2a: Toxicroak|41/100
|
|-weather|none
|upkeep
|turn|9
|
|t:|1758237638
|move|p2a: Toxicroak|Toxic|p1a: Clawitzer
|-status|p1a: Clawitzer|tox
|move|p1a: Clawitzer|Aura Sphere|p2a: Toxicroak
|-resisted|p2a: Toxicroak
|-damage|p2a: Toxicroak|0 fnt
|faint|p2a: Toxicroak
|
|-damage|p1a: Clawitzer|68/100 tox|[from] psn
|upkeep
|
|t:|1758237643
|switch|p2a: Pelipper|Pelipper, F|49/100
|-weather|RainDance|[from] ability: Drizzle|[of] p2a: Pelipper
|turn|10
|
|t:|1758237647
|switch|p1a: Sableye|Sableye, F|100/100
|move|p2a: Pelipper|Hurricane|p1a: Sableye
|-damage|p1a: Sableye|39/100
|
|-weather|RainDance|[upkeep]
|-heal|p1a: Sableye|45/100|[from] item: Leftovers
|upkeep
|turn|11
|
|t:|1758237649
|move|p1a: Sableye|Recover|p1a: Sableye
|-heal|p1a: Sableye|95/100
|move|p2a: Pelipper|Roost|p2a: Pelipper
|-heal|p2a: Pelipper|99/100
|-singleturn|p2a: Pelipper|move: Roost
|
|-weather|RainDance|[upkeep]
|-heal|p1a: Sableye|100/100|[from] item: Leftovers
|upkeep
|turn|12
|
|t:|1758237656
|switch|p2a: Hatterene|Hatterene, F|100/100
|move|p1a: Sableye|Knock Off|p2a: Hatterene
|-damage|p2a: Hatterene|76/100
|-enditem|p2a: Hatterene|Eject Button|[from] move: Knock Off|[of] p1a: Sableye
|
|-weather|RainDance|[upkeep]
|upkeep
|turn|13
|
|t:|1758237663
|switch|p1a: Toedscruel|Toedscruel, F|100/100
|move|p2a: Hatterene|Draining Kiss|p1a: Toedscruel
|-damage|p1a: Toedscruel|86/100
|-heal|p2a: Hatterene|88/100|[from] drain|[of] p1a: Toedscruel
|
|-weather|RainDance|[upkeep]
|upkeep
|turn|14
|
|t:|1758237670
|switch|p2a: Zapdos|Zapdos|100/100
|move|p1a: Toedscruel|Giga Drain|p2a: Zapdos
|-resisted|p2a: Zapdos
|-damage|p2a: Zapdos|89/100
|-heal|p1a: Toedscruel|93/100|[from] drain|[of] p2a: Zapdos
|
|-weather|RainDance|[upkeep]
|upkeep
|turn|15
|
|t:|1758237674
|move|p2a: Zapdos|Hurricane|p1a: Toedscruel
|-supereffective|p1a: Toedscruel
|-damage|p1a: Toedscruel|0 fnt
|faint|p1a: Toedscruel
|
|-weather|RainDance|[upkeep]
|upkeep
|
|t:|1758237678
|switch|p1a: Clawitzer|Clawitzer, M|68/100 tox
|turn|16
|
|t:|1758237684
|-terastallize|p1a: Clawitzer|Dragon
|move|p2a: Zapdos|Hurricane|p1a: Clawitzer
|-damage|p1a: Clawitzer|0 fnt
|faint|p1a: Clawitzer
|
|-weather|RainDance|[upkeep]
|upkeep
|
|t:|1758237689
|switch|p1a: Sableye|Sableye, F|100/100
|turn|17
|
|t:|1758237692
|move|p2a: Zapdos|Hurricane|p1a: Sableye
|-damage|p1a: Sableye|0 fnt
|faint|p1a: Sableye
|
|win|LuckyLucario1
|raw|the.ramen.gang's rating: 1199 &rarr; <strong>1177</strong><br />(-22 for losing)
|raw|LuckyLucario1's rating: 1246 &rarr; <strong>1268</strong><br />(+22 for winning)
|l|☆the.ramen.gang
|player|p1|
|l|☆LuckyLucario1
|player|p2|
