|j|☆Trumpismessiah
|j|☆Leapon
|t:|1758341082
|gametype|singles
|player|p1|Trumpismessiah|266|1502
|player|p2|Leapon|steven|1451
|gen|9
|tier|[Gen 9] OU
|rated|
|rule|HP Percentage Mod: HP is shown in percentages
|rule|Endless Battle Clause: Forcing endless battles is banned
|rule|Species Clause: Limit one of each Pokémon
|rule|OHKO Clause: OHKO moves are banned
|rule|Evasion Items Clause: Evasion items are banned
|rule|Evasion Moves Clause: Evasion moves are banned
|rule|Evasion Abilities Clause: Evasion abilities are banned
|rule|Sleep Moves Clause: Sleep-inducing moves are banned
|clearpoke
|poke|p1|Snorlax, F|
|poke|p1|Pikachu, F|
|poke|p1|Gengar, M|
|poke|p1|Moltres|
|poke|p1|Vileplume, F|
|poke|p1|Vaporeon, M|
|poke|p2|Rillaboom, M|
|poke|p2|Dragonite, F|
|poke|p2|Skeledirge, M|
|poke|p2|Sylveon, F|
|poke|p2|Samurott-Hisui, F|
|poke|p2|Iron Crown|
|teampreview
|inactive|Battle timer is ON: inactive players will automatically lose when time's up. (requested by Trumpismessiah)
|
|t:|1758341108
|teamsize|p1|6
|teamsize|p2|6
|start
|switch|p1a: Pikachu|Pikachu, F|100/100
|switch|p2a: Samurott|Samurott-Hisui, F|100/100
|turn|1
|
|t:|1758341120
|switch|p2a: Sylveon|Sylveon, F|100/100
|move|p1a: Pikachu|Fake Out|p2a: Sylveon
|-damage|p2a: Sylveon|79/100
|
|-heal|p2a: Sylveon|86/100|[from] item: Leftovers
|upkeep
|turn|2
|
|t:|1758341130
|move|p1a: Pikachu|Volt Tackle|p2a: Sylveon
|-damage|p2a: Sylveon|4/100
|-status|p2a: Sylveon|par
|-damage|p1a: Pikachu|50/100|[from] Recoil
|move|p2a: Sylveon|Calm Mind|p2a: Sylveon
|-boost|p2a: Sylveon|spa|1
|-boost|p2a: Sylveon|spd|1
|
|-heal|p2a: Sylveon|10/100 par|[from] item: Leftovers
|upkeep
|turn|3
|
|t:|1758341142
|switch|p2a: Skeledirge|Skeledirge, M|100/100
|move|p1a: Pikachu|Volt Tackle|p2a: Skeledirge
|-damage|p2a: Skeledirge|53/100
|-damage|p1a: Pikachu|34/100|[from] item: Rocky Helmet|[of] p2a: Skeledirge
|-damage|p1a: Pikachu|3/100|[from] Recoil
|
|upkeep
|turn|4
|
|t:|1758341151
|move|p1a: Pikachu|Surf|p2a: Skeledirge
|-supereffective|p2a: Skeledirge
|-damage|p2a: Skeledirge|11/100
|move|p2a: Skeledirge|Slack Off|p2a: Skeledirge
|-heal|p2a: Skeledirge|61/100
|
|upkeep
|turn|5
|
|t:|1758341166
|move|p1a: Pikachu|Surf|p2a: Skeledirge
|-supereffective|p2a: Skeledirge
|-damage|p2a: Skeledirge|14/100
|move|p2a: Skeledirge|Slack Off|p2a: Skeledirge
|-heal|p2a: Skeledirge|64/100
|
|upkeep
|turn|6
|
|t:|1758341177
|move|p1a: Pikachu|Surf|p2a: Skeledirge
|-supereffective|p2a: Skeledirge
|-damage|p2a: Skeledirge|20/100
|move|p2a: Skeledirge|Torch Song|p1a: Pikachu
|-damage|p1a: Pikachu|0 fnt
|-boost|p2a: Skeledirge|spa|1
|faint|p1a: Pikachu
|
|upkeep
|
|t:|1758341187
|switch|p1a: Gengar|Gengar, M|100/100
|turn|7
|
|t:|1758341192
|switch|p2a: Sylveon|Sylveon, F|10/100 par
|move|p1a: Gengar|Sludge Wave|p2a: Sylveon
|-supereffective|p2a: Sylveon
|-damage|p2a: Sylveon|0 fnt
|faint|p2a: Sylveon
|
|upkeep
|
|t:|1758341201
|switch|p2a: Samurott|Samurott-Hisui, F|100/100
|turn|8
|
|t:|1758341209
|move|p1a: Gengar|Sludge Wave|p2a: Samurott
|-damage|p2a: Samurott|0 fnt
|faint|p2a: Samurott
|
|upkeep
|
|t:|1758341217
|switch|p2a: Dragonite|Dragonite, F|100/100
|turn|9
|
|t:|1758341225
|switch|p1a: Moltres|Moltres|100/100
|move|p2a: Dragonite|Dragon Dance|p2a: Dragonite
|-boost|p2a: Dragonite|atk|1
|-boost|p2a: Dragonite|spe|1
|
|upkeep
|turn|10
|
|t:|1758341234
|move|p2a: Dragonite|Dragon Claw|p1a: Moltres
|-damage|p1a: Moltres|49/100
|move|p1a: Moltres|Will-O-Wisp|p2a: Dragonite
|-status|p2a: Dragonite|brn
|
|-damage|p2a: Dragonite|94/100 brn|[from] brn
|upkeep
|turn|11
|
|t:|1758341245
|move|p2a: Dragonite|Dragon Dance|p2a: Dragonite
|-boost|p2a: Dragonite|atk|1
|-boost|p2a: Dragonite|spe|1
|move|p1a: Moltres|Roost|p1a: Moltres
|-heal|p1a: Moltres|99/100
|-singleturn|p1a: Moltres|move: Roost
|
|-damage|p2a: Dragonite|88/100 brn|[from] brn
|upkeep
|turn|12
|
|t:|1758341256
|move|p2a: Dragonite|Dragon Claw|p1a: Moltres
|-damage|p1a: Moltres|65/100
|move|p1a: Moltres|U-turn|p2a: Dragonite
|-resisted|p2a: Dragonite
|-damage|p2a: Dragonite|80/100 brn
|
|t:|1758341260
|switch|p1a: Vileplume|Vileplume, F|100/100|[from] U-turn
|
|-damage|p2a: Dragonite|74/100 brn|[from] brn
|upkeep
|turn|13
|
|t:|1758341270
|switch|p2a: Iron Crown|Iron Crown|100/100
|-enditem|p2a: Iron Crown|Booster Energy
|-activate|p2a: Iron Crown|ability: Quark Drive|[fromitem]
|-start|p2a: Iron Crown|quarkdrivespa
|move|p1a: Vileplume|Sludge Bomb|p2a: Iron Crown
|-immune|p2a: Iron Crown
|
|upkeep
|turn|14
|
|t:|1758341280
|switch|p1a: Vaporeon|Vaporeon, M|100/100
|move|p2a: Iron Crown|Psychic|p1a: Vaporeon
|-damage|p1a: Vaporeon|66/100
|
|-heal|p1a: Vaporeon|72/100|[from] item: Leftovers
|upkeep
|turn|15
|
|t:|1758341289
|move|p2a: Iron Crown|Calm Mind|p2a: Iron Crown
|-boost|p2a: Iron Crown|spa|1
|-boost|p2a: Iron Crown|spd|1
|move|p1a: Vaporeon|Shadow Ball|p2a: Iron Crown
|-supereffective|p2a: Iron Crown
|-damage|p2a: Iron Crown|74/100
|
|-heal|p1a: Vaporeon|79/100|[from] item: Leftovers
|upkeep
|turn|16
|
|t:|1758341299
|move|p2a: Iron Crown|Calm Mind|p2a: Iron Crown
|-boost|p2a: Iron Crown|spa|1
|-boost|p2a: Iron Crown|spd|1
|move|p1a: Vaporeon|Shadow Ball|p2a: Iron Crown
|-supereffective|p2a: Iron Crown
|-damage|p2a: Iron Crown|57/100
|
|-heal|p1a: Vaporeon|85/100|[from] item: Leftovers
|upkeep
|turn|17
|
|t:|1758341310
|move|p2a: Iron Crown|Psychic|p1a: Vaporeon
|-damage|p1a: Vaporeon|10/100
|move|p1a: Vaporeon|Shadow Ball|p2a: Iron Crown
|-supereffective|p2a: Iron Crown
|-damage|p2a: Iron Crown|38/100
|-unboost|p2a: Iron Crown|spd|1
|
|-heal|p1a: Vaporeon|16/100|[from] item: Leftovers
|upkeep
|turn|18
|
|t:|1758341321
|move|p2a: Iron Crown|Psychic|p1a: Vaporeon
|-damage|p1a: Vaporeon|0 fnt
|faint|p1a: Vaporeon
|
|upkeep
|
|t:|1758341323
|switch|p1a: Gengar|Gengar, M|100/100
|turn|19
|
|t:|1758341330
|-terastallize|p1a: Gengar|Ghost
|move|p1a: Gengar|Shadow Ball|p2a: Iron Crown
|-supereffective|p2a: Iron Crown
|-damage|p2a: Iron Crown|0 fnt
|faint|p2a: Iron Crown
|-end|p2a: Iron Crown|Quark Drive|[silent]
|
|upkeep
|
|t:|1758341341
|switch|p2a: Super Saiyajin3|Rillaboom, M|100/100
|-fieldstart|move: Grassy Terrain|[from] ability: Grassy Surge|[of] p2a: Super Saiyajin3
|-enditem|p2a: Super Saiyajin3|Grassy Seed
|-boost|p2a: Super Saiyajin3|def|1|[from] item: Grassy Seed
|turn|20
|
|t:|1758341349
|switch|p1a: Moltres|Moltres|65/100
|-terastallize|p2a: Super Saiyajin3|Fire
|move|p2a: Super Saiyajin3|Swords Dance|p2a: Super Saiyajin3
|-boost|p2a: Super Saiyajin3|atk|2
|
|upkeep
|turn|21
|
|t:|1758341357
|move|p2a: Super Saiyajin3|Acrobatics|p1a: Moltres
|-damage|p1a: Moltres|9/100
|move|p1a: Moltres|U-turn|p2a: Super Saiyajin3
|-resisted|p2a: Super Saiyajin3
|-damage|p2a: Super Saiyajin3|96/100
|
|t:|1758341365
|switch|p1a: Snorlax|Snorlax, F|100/100|[from] U-turn
|
|-heal|p2a: Super Saiyajin3|100/100|[from] Grassy Terrain
|upkeep
|turn|22
|
|t:|1758341373
|move|p2a: Super Saiyajin3|Acrobatics|p1a: Snorlax
|-damage|p1a: Snorlax|21/100
|move|p1a: Snorlax|Body Slam|p2a: Super Saiyajin3
|-damage|p2a: Super Saiyajin3|71/100
|
|-heal|p2a: Super Saiyajin3|77/100|[from] Grassy Terrain
|-heal|p1a: Snorlax|27/100|[from] Grassy Terrain
|upkeep
|turn|23
|-enditem|p1a: Snorlax|Custap Berry|[eat]
|-activate|p1a: Snorlax|item: Custap Berry|[consumed]
|
|t:|1758341383
|move|p1a: Snorlax|Body Slam|p2a: Super Saiyajin3
|-damage|p2a: Super Saiyajin3|51/100
|move|p2a: Super Saiyajin3|Acrobatics|p1a: Snorlax
|-damage|p1a: Snorlax|0 fnt
|faint|p1a: Snorlax
|
|-heal|p2a: Super Saiyajin3|57/100|[from] Grassy Terrain
|upkeep
|
|t:|1758341391
|switch|p1a: Moltres|Moltres|9/100
|turn|24
|
|t:|1758341397
|move|p2a: Super Saiyajin3|Acrobatics|p1a: Moltres
|-damage|p1a: Moltres|0 fnt
|faint|p1a: Moltres
|
|-heal|p2a: Super Saiyajin3|63/100|[from] Grassy Terrain
|-fieldend|move: Grassy Terrain
|upkeep
|
|t:|1758341404
|switch|p1a: Gengar|Gengar, M, tera:Ghost|100/100
|turn|25
|
|t:|1758341408
|switch|p2a: Dragonite|Dragonite, F|74/100 brn
|move|p1a: Gengar|Shadow Ball|p2a: Dragonite
|-damage|p2a: Dragonite|0 fnt
|faint|p2a: Dragonite
|
|upkeep
|
|t:|1758341418
|switch|p2a: Super Saiyajin3|Rillaboom, M, tera:Fire|63/100
|-fieldstart|move: Grassy Terrain|[from] ability: Grassy Surge|[of] p2a: Super Saiyajin3
|turn|26
|
|t:|1758341425
|move|p1a: Gengar|Shadow Ball|p2a: Super Saiyajin3
|-damage|p2a: Super Saiyajin3|0 fnt
|faint|p2a: Super Saiyajin3
|
|upkeep
|-message|Leapon forfeited.
|
|win|Trumpismessiah
|raw|Trumpismessiah's rating: 1502 &rarr; <strong>1519</strong><br />(+17 for winning)
|raw|Leapon's rating: 1451 &rarr; <strong>1434</strong><br />(-17 for losing)
|l|☆Leapon
|player|p2|
