|j|☆Juggperc1
|j|☆REX_1A91S
|t:|1758262099
|gametype|singles
|player|p1|Juggperc1|camper|1328
|player|p2|REX_1A91S|riley|1367
|gen|9
|tier|[Gen 9] OU
|rated|
|rule|HP Percentage Mod: HP is shown in percentages
|rule|Endless Battle Clause: Forcing endless battles is banned
|rule|Species Clause: Limit one of each Pokémon
|rule|OHKO Clause: OHKO moves are banned
|rule|Evasion Items Clause: Evasion items are banned
|rule|Evasion Moves Clause: Evasion moves are banned
|rule|Evasion Abilities Clause: Evasion abilities are banned
|rule|Sleep Moves Clause: Sleep-inducing moves are banned
|clearpoke
|poke|p1|Gardevoir, F|
|poke|p1|Ogerpon-Wellspring, F|
|poke|p1|Glimmora, M|
|poke|p1|Gliscor, F|
|poke|p1|Zamazenta-*|
|poke|p1|Weezing-Galar, M|
|poke|p2|Corviknight, M|
|poke|p2|Slowking-Galar, F|
|poke|p2|Pecharunt|
|poke|p2|Kyurem|
|poke|p2|Zamazenta-*|
|poke|p2|Darkrai|
|teampreview
|
|t:|1758262107
|teamsize|p1|6
|teamsize|p2|6
|start
|switch|p1a: Gardevoir|Gardevoir, F|100/100
|switch|p2a: Darkrai|Darkrai|100/100
|-ability|p1a: Gardevoir|Bad Dreams|Trace|[from] ability: Trace|[of] p2a: Darkrai
|turn|1
|
|t:|1758262117
|switch|p2a: Slowking|Slowking-Galar, F|100/100
|move|p1a: Gardevoir|Moonblast|p2a: Slowking
|-resisted|p2a: Slowking
|-damage|p2a: Slowking|89/100
|
|upkeep
|turn|2
|inactive|Battle timer is ON: inactive players will automatically lose when time's up. (requested by Juggperc1)
|
|t:|1758262124
|switch|p1a: Gliscor|Gliscor, F|100/100
|move|p2a: Slowking|Flamethrower|p1a: Gliscor
|-damage|p1a: Gliscor|76/100
|
|-status|p1a: Gliscor|tox|[from] item: Toxic Orb
|upkeep
|turn|3
|
|t:|1758262131
|move|p1a: Gliscor|Knock Off|p2a: Slowking
|-supereffective|p2a: Slowking
|-damage|p2a: Slowking|40/100
|-enditem|p2a: Slowking|Assault Vest|[from] move: Knock Off|[of] p1a: Gliscor
|move|p2a: Slowking|Ice Beam|p1a: Gliscor
|-supereffective|p1a: Gliscor
|-crit|p1a: Gliscor
|-damage|p1a: Gliscor|0 fnt
|faint|p1a: Gliscor
|
|upkeep
|
|t:|1758262148
|switch|p1a: Glimmora|Glimmora, M|100/100
|turn|4
|
|t:|1758262154
|move|p1a: Glimmora|Meteor Beam||[still]
|-prepare|p1a: Glimmora|Meteor Beam
|-boost|p1a: Glimmora|spa|1
|-enditem|p1a: Glimmora|Power Herb
|-anim|p1a: Glimmora|Meteor Beam|p2a: Slowking
|-damage|p2a: Slowking|0 fnt
|faint|p2a: Slowking
|
|upkeep
|
|t:|1758262167
|switch|p2a: Kyurem|Kyurem|100/100
|-ability|p2a: Kyurem|Pressure
|turn|5
|
|t:|1758262174
|switch|p1a: Weezing|Weezing-Galar, M|100/100
|-ability|p1a: Weezing|Neutralizing Gas
|-item|p1a: Weezing|Air Balloon
|move|p2a: Kyurem|Earth Power|p1a: Weezing
|-immune|p1a: Weezing
|
|upkeep
|turn|6
|
|t:|1758262184
|switch|p2a: Corviknight|Corviknight, M|100/100
|-end|p1a: Weezing|ability: Neutralizing Gas
|-ability|p2a: Corviknight|Pressure
|switch|p1a: Gardevoir|Gardevoir, F|100/100
|-ability|p1a: Gardevoir|Pressure|Trace|[from] ability: Trace|[of] p2a: Corviknight
|-ability|p1a: Gardevoir|Pressure
|
|upkeep
|turn|7
|
|t:|1758262194
|move|p1a: Gardevoir|Trick|p2a: Corviknight
|-activate|p1a: Gardevoir|move: Trick|[of] p2a: Corviknight
|-item|p2a: Corviknight|Choice Scarf|[from] move: Trick
|-item|p1a: Gardevoir|Leftovers|[from] move: Trick
|move|p2a: Corviknight|U-turn|p1a: Gardevoir
|-damage|p1a: Gardevoir|77/100
|
|t:|1758262206
|switch|p2a: Darkrai|Darkrai|100/100|[from] U-turn
|
|-heal|p1a: Gardevoir|83/100|[from] item: Leftovers
|upkeep
|turn|8
|
|t:|1758262213
|switch|p1a: Glimmora|Glimmora, M|100/100
|-terastallize|p2a: Darkrai|Poison
|move|p2a: Darkrai|Sludge Bomb|p1a: Glimmora
|-resisted|p1a: Glimmora
|-damage|p1a: Glimmora|80/100
|-damage|p2a: Darkrai|91/100|[from] item: Life Orb
|
|upkeep
|turn|9
|
|t:|1758262224
|move|p2a: Darkrai|Focus Blast|p1a: Glimmora
|-damage|p1a: Glimmora|1/100
|-damage|p2a: Darkrai|81/100|[from] item: Life Orb
|move|p1a: Glimmora|Earth Power|p2a: Darkrai
|-supereffective|p2a: Darkrai
|-damage|p2a: Darkrai|3/100
|
|upkeep
|turn|10
|
|t:|1758262242
|move|p2a: Darkrai|Dark Pulse|p1a: Glimmora
|-damage|p1a: Glimmora|0 fnt
|faint|p1a: Glimmora
|-damage|p2a: Darkrai|0 fnt|[from] item: Life Orb
|faint|p2a: Darkrai
|
|upkeep
|
|t:|1758262253
|switch|p2a: Kyurem|Kyurem|100/100
|switch|p1a: Gardevoir|Gardevoir, F|83/100
|-ability|p2a: Kyurem|Pressure
|-ability|p1a: Gardevoir|Pressure|Trace|[from] ability: Trace|[of] p2a: Kyurem
|-ability|p1a: Gardevoir|Pressure
|turn|11
|
|t:|1758262262
|switch|p2a: Corviknight|Corviknight, M|100/100
|-ability|p2a: Corviknight|Pressure
|move|p1a: Gardevoir|Moonblast|p2a: Corviknight
|-resisted|p2a: Corviknight
|-damage|p2a: Corviknight|76/100
|
|-heal|p1a: Gardevoir|89/100|[from] item: Leftovers
|upkeep
|turn|12
|
|t:|1758262271
|move|p1a: Gardevoir|Mystical Fire|p2a: Corviknight
|-supereffective|p2a: Corviknight
|-damage|p2a: Corviknight|26/100
|-unboost|p2a: Corviknight|spa|1
|move|p2a: Corviknight|U-turn|p1a: Gardevoir
|-damage|p1a: Gardevoir|62/100
|
|t:|1758262277
|switch|p2a: Kyurem|Kyurem|100/100|[from] U-turn
|-ability|p2a: Kyurem|Pressure
|
|-heal|p1a: Gardevoir|68/100|[from] item: Leftovers
|upkeep
|turn|13
|
|t:|1758262283
|move|p2a: Kyurem|Freeze-Dry|p1a: Gardevoir
|-damage|p1a: Gardevoir|4/100
|-status|p1a: Gardevoir|frz
|cant|p1a: Gardevoir|frz
|
|-heal|p1a: Gardevoir|10/100 frz|[from] item: Leftovers
|upkeep
|turn|14
|
|t:|1758262291
|move|p2a: Kyurem|Freeze-Dry|p1a: Gardevoir
|-damage|p1a: Gardevoir|0 fnt
|faint|p1a: Gardevoir
|
|upkeep
|
|t:|1758262296
|switch|p1a: Zamazenta|Zamazenta|100/100
|-ability|p1a: Zamazenta|Dauntless Shield|boost
|-boost|p1a: Zamazenta|def|1
|turn|15
|
|t:|1758262301
|switch|p2a: Pecharunt|Pecharunt|100/100
|move|p1a: Zamazenta|Close Combat|p2a: Pecharunt
|-immune|p2a: Pecharunt
|
|upkeep
|turn|16
|
|t:|1758262307
|switch|p1a: Weezing|Weezing-Galar, M|100/100
|-ability|p1a: Weezing|Neutralizing Gas
|-item|p1a: Weezing|Air Balloon
|move|p2a: Pecharunt|Parting Shot|p1a: Weezing
|-unboost|p1a: Weezing|atk|1
|-unboost|p1a: Weezing|spa|1
|
|t:|1758262315
|switch|p2a: Corviknight|Corviknight, M|26/100|[from] Parting Shot
|
|upkeep
|turn|17
|
|t:|1758262320
|move|p2a: Corviknight|Brave Bird|p1a: Weezing
|-damage|p1a: Weezing|69/100
|-enditem|p1a: Weezing|Air Balloon
|-damage|p2a: Corviknight|18/100|[from] Recoil
|move|p1a: Weezing|Fire Blast|p2a: Corviknight
|-supereffective|p2a: Corviknight
|-damage|p2a: Corviknight|0 fnt
|faint|p2a: Corviknight
|
|upkeep
|
|t:|1758262329
|switch|p2a: Kyurem|Kyurem|100/100
|turn|18
|
|t:|1758262332
|move|p2a: Kyurem|Ice Beam|p1a: Weezing
|-damage|p1a: Weezing|0 fnt
|faint|p1a: Weezing
|-end|p1a: Weezing|ability: Neutralizing Gas
|-ability|p2a: Kyurem|Pressure
|
|upkeep
|
|t:|1758262336
|switch|p1a: Zamazenta|Zamazenta|100/100
|turn|19
|
|t:|1758262340
|switch|p2a: Pecharunt|Pecharunt|100/100
|move|p1a: Zamazenta|Crunch|p2a: Pecharunt
|-supereffective|p2a: Pecharunt
|-damage|p2a: Pecharunt|75/100
|
|upkeep
|turn|20
|
|t:|1758262346
|-terastallize|p1a: Zamazenta|Dark
|move|p1a: Zamazenta|Crunch|p2a: Pecharunt
|-supereffective|p2a: Pecharunt
|-damage|p2a: Pecharunt|40/100
|move|p2a: Pecharunt|Malignant Chain|p1a: Zamazenta
|-damage|p1a: Zamazenta|71/100
|-status|p1a: Zamazenta|tox
|-start|p1a: Zamazenta|confusion|[from] ability: Poison Puppeteer|[of] p2a: Pecharunt
|
|-damage|p1a: Zamazenta|65/100 tox|[from] psn
|upkeep
|turn|21
|
|t:|1758262358
|-activate|p1a: Zamazenta|confusion
|move|p1a: Zamazenta|Crunch|p2a: Pecharunt
|-supereffective|p2a: Pecharunt
|-damage|p2a: Pecharunt|4/100
|move|p2a: Pecharunt|Recover|p2a: Pecharunt
|-heal|p2a: Pecharunt|54/100
|
|-damage|p1a: Zamazenta|52/100 tox|[from] psn
|upkeep
|turn|22
|l|☆Juggperc1
|inactive|Juggperc1 disconnected and has a minute to reconnect!
|player|p1|
|inactive|Juggperc1 has 30 seconds to reconnect!
|inactive|Juggperc1 has 20 seconds to reconnect!
|inactive|Juggperc1 has 15 seconds to reconnect!
|inactive|Juggperc1 has 10 seconds to reconnect!
|inactive|Juggperc1 has 5 seconds to reconnect!
|-message|Juggperc1 lost due to inactivity.
|
|win|REX_1A91S
|raw|Juggperc1's rating: 1328 &rarr; <strong>1310</strong><br />(-18 for losing)
|raw|REX_1A91S's rating: 1367 &rarr; <strong>1385</strong><br />(+18 for winning)
|l|☆REX_1A91S
|player|p2|
|j|☆Juggperc1
|player|p1|Juggperc1|camper|
|l|☆Juggperc1
|player|p1|
