|j|☆WeR#4Hay!
|j|☆raditzisthebest
|t:|1758332893
|gametype|singles
|player|p1|WeR#4Hay!|102|1631
|player|p2|raditzisthebest|bruno|1627
|gen|9
|tier|[Gen 9] OU
|rated|
|rule|HP Percentage Mod: HP is shown in percentages
|rule|Endless Battle Clause: Forcing endless battles is banned
|rule|Species Clause: Limit one of each Pokémon
|rule|OHKO Clause: OHKO moves are banned
|rule|Evasion Items Clause: Evasion items are banned
|rule|Evasion Moves Clause: Evasion moves are banned
|rule|Evasion Abilities Clause: Evasion abilities are banned
|rule|Sleep Moves Clause: Sleep-inducing moves are banned
|clearpoke
|poke|p1|Hydrapple, M|
|poke|p1|Slowking, M|
|poke|p1|Iron Treads|
|poke|p1|Moltres|
|poke|p1|Zamazenta-*|
|poke|p1|Kingambit, F|
|poke|p2|Dragapult, F|
|poke|p2|Glimmora, M|
|poke|p2|Comfey, F|
|poke|p2|Kingambit, M|
|poke|p2|Ogerpon-Wellspring, F|
|poke|p2|Blaziken, M|
|teampreview
|inactive|Battle timer is ON: inactive players will automatically lose when time's up. (requested by raditzisthebest)
|
|t:|1758332911
|teamsize|p1|6
|teamsize|p2|6
|start
|switch|p1a: Slowking|Slowking, M|100/100
|switch|p2a: Ogerpon|Ogerpon-Wellspring, F|100/100
|turn|1
|
|t:|1758332916
|switch|p1a: Moltres|Moltres|100/100
|move|p2a: Ogerpon|U-turn|p1a: Moltres
|-resisted|p1a: Moltres
|-damage|p1a: Moltres|96/100
|
|t:|1758332918
|switch|p2a: Glimmora|Glimmora, M, shiny|100/100|[from] U-turn
|
|upkeep
|turn|2
|
|t:|1758332932
|switch|p1a: Iron Treads|Iron Treads|100/100
|move|p2a: Glimmora|Stealth Rock|p1a: Iron Treads
|-sidestart|p1: WeR#4Hay!|move: Stealth Rock
|
|upkeep
|turn|3
|
|t:|1758332943
|move|p1a: Iron Treads|Rapid Spin|p2a: Glimmora
|-resisted|p2a: Glimmora
|-damage|p2a: Glimmora|96/100
|-boost|p1a: Iron Treads|spe|1
|-activate|p2a: Glimmora|ability: Toxic Debris
|-sidestart|p1: WeR#4Hay!|move: Toxic Spikes
|-sideend|p1: WeR#4Hay!|Toxic Spikes|[from] move: Rapid Spin|[of] p1a: Iron Treads
|-sideend|p1: WeR#4Hay!|Stealth Rock|[from] move: Rapid Spin|[of] p1a: Iron Treads
|-enditem|p2a: Glimmora|Red Card|[of] p1a: Iron Treads
|-end|p1a: Iron Treads|Quark Drive|[silent]
|drag|p1a: Moltres|Moltres|96/100
|move|p2a: Glimmora|Earth Power|p1a: Moltres
|-immune|p1a: Moltres
|
|upkeep
|turn|4
|
|t:|1758332948
|switch|p1a: Iron Treads|Iron Treads|100/100
|move|p2a: Glimmora|Stealth Rock|p1a: Iron Treads
|-sidestart|p1: WeR#4Hay!|move: Stealth Rock
|
|upkeep
|turn|5
|j| Ctannn
|
|t:|1758332953
|move|p1a: Iron Treads|Rapid Spin|p2a: Glimmora
|-resisted|p2a: Glimmora
|-damage|p2a: Glimmora|92/100
|-boost|p1a: Iron Treads|spe|1
|-activate|p2a: Glimmora|ability: Toxic Debris
|-sidestart|p1: WeR#4Hay!|move: Toxic Spikes
|-sideend|p1: WeR#4Hay!|Toxic Spikes|[from] move: Rapid Spin|[of] p1a: Iron Treads
|-sideend|p1: WeR#4Hay!|Stealth Rock|[from] move: Rapid Spin|[of] p1a: Iron Treads
|move|p2a: Glimmora|Earth Power|p1a: Iron Treads
|-supereffective|p1a: Iron Treads
|-damage|p1a: Iron Treads|58/100
|
|-heal|p1a: Iron Treads|64/100|[from] item: Leftovers
|upkeep
|turn|6
|
|t:|1758332972
|move|p1a: Iron Treads|Earthquake|p2a: Glimmora
|-supereffective|p2a: Glimmora
|-damage|p2a: Glimmora|0 fnt
|-activate|p2a: Glimmora|ability: Toxic Debris
|-sidestart|p1: WeR#4Hay!|move: Toxic Spikes
|faint|p2a: Glimmora
|
|-heal|p1a: Iron Treads|70/100|[from] item: Leftovers
|upkeep
|
|t:|1758332976
|switch|p2a: Dragapult|Dragapult, F, shiny|100/100
|turn|7
|inactive|WeR#4Hay! has 120 seconds left.
|inactive|WeR#4Hay! has 90 seconds left.
|
|t:|1758333036
|-end|p1a: Iron Treads|Quark Drive|[silent]
|switch|p1a: Moltres|Moltres|96/100
|move|p2a: Dragapult|Flamethrower|p1a: Moltres
|-resisted|p1a: Moltres
|-damage|p1a: Moltres|80/100
|-damage|p2a: Dragapult|91/100|[from] item: Life Orb
|
|upkeep
|turn|8
|inactive|WeR#4Hay! has 90 seconds left.
|j| Dogerunner
|
|t:|1758333070
|switch|p1a: TheTransGambit|Kingambit, F|100/100
|move|p2a: Dragapult|Dragon Darts|p1a: TheTransGambit
|-resisted|p1a: TheTransGambit
|-damage|p1a: TheTransGambit|91/100
|-anim|p2a: Dragapult|Dragon Darts|p1a: TheTransGambit
|-resisted|p1a: TheTransGambit
|-damage|p1a: TheTransGambit|81/100
|-damage|p2a: Dragapult|81/100|[from] item: Life Orb
|
|-heal|p1a: TheTransGambit|87/100|[from] item: Leftovers
|upkeep
|turn|9
|
|t:|1758333076
|move|p1a: TheTransGambit|Sucker Punch|p2a: Dragapult
|-supereffective|p2a: Dragapult
|-damage|p2a: Dragapult|0 fnt
|faint|p2a: Dragapult
|
|-heal|p1a: TheTransGambit|94/100|[from] item: Leftovers
|upkeep
|
|t:|1758333080
|switch|p2a: Blaziken|Blaziken, M, shiny|100/100
|turn|10
|inactive|WeR#4Hay! has 60 seconds left.
|
|t:|1758333120
|switch|p2a: Ogerpon|Ogerpon-Wellspring, F|100/100
|-end|p1a: TheTransGambit|fallenundefined|[silent]
|switch|p1a: Slowking|Slowking, M|100/100
|
|upkeep
|turn|11
|
|t:|1758333127
|switch|p1a: Moltres|Moltres|80/100
|move|p2a: Ogerpon|Ivy Cudgel|p1a: Moltres|[anim] Ivy Cudgel Water
|-supereffective|p1a: Moltres
|-damage|p1a: Moltres|5/100
|
|upkeep
|turn|12
|inactive|WeR#4Hay! has 60 seconds left.
|inactive|WeR#4Hay! has 30 seconds left.
|inactive|WeR#4Hay! has 20 seconds left.
|inactive|WeR#4Hay! has 15 seconds left.
|inactive|WeR#4Hay! has 10 seconds left.
|inactive|WeR#4Hay! has 5 seconds left.
|
|t:|1758333188
|move|p2a: Ogerpon|Ivy Cudgel|p1a: Moltres|[anim] Ivy Cudgel Water
|-supereffective|p1a: Moltres
|-crit|p1a: Moltres
|-damage|p1a: Moltres|0 fnt
|faint|p1a: Moltres
|
|upkeep
|inactive|WeR#4Hay! has 10 seconds left this turn.
|inactive|WeR#4Hay! has 5 seconds left.
|
|t:|1758333194
|switch|p1a: Hydrapple|Hydrapple, M|100/100
|-status|p1a: Hydrapple|psn
|turn|13
|inactive|WeR#4Hay! has 15 seconds left this turn.
|
|t:|1758333198
|move|p2a: Ogerpon|U-turn|p1a: Hydrapple
|-supereffective|p1a: Hydrapple
|-damage|p1a: Hydrapple|54/100 psn
|
|t:|1758333206
|switch|p2a: Comfey|Comfey, F, shiny|100/100|[from] U-turn
|move|p1a: Hydrapple|Leaf Storm|p2a: Comfey
|-damage|p2a: Comfey|11/100
|-unboost|p1a: Hydrapple|spa|2
|-damage|p1a: Hydrapple|44/100 psn|[from] item: Life Orb
|
|-damage|p1a: Hydrapple|31/100 psn|[from] psn
|upkeep
|turn|14
|inactive|WeR#4Hay! has 30 seconds left this turn.
|
|t:|1758333218
|switch|p2a: Blaziken|Blaziken, M, shiny|100/100
|switch|p1a: Iron Treads|Iron Treads|70/100
|
|-heal|p1a: Iron Treads|76/100|[from] item: Leftovers
|upkeep
|turn|15
|
|t:|1758333223
|-end|p1a: Iron Treads|Quark Drive|[silent]
|switch|p1a: Slowking|Slowking, M|100/100
|move|p2a: Blaziken|Protect||[still]
|-fail|p2a: Blaziken
|
|-ability|p2a: Blaziken|Speed Boost|boost
|-boost|p2a: Blaziken|spe|1
|upkeep
|turn|16
|
|t:|1758333229
|move|p2a: Blaziken|Knock Off|p1a: Slowking
|-supereffective|p1a: Slowking
|-damage|p1a: Slowking|13/100
|-enditem|p1a: Slowking|Heavy-Duty Boots|[from] move: Knock Off|[of] p2a: Blaziken
|-damage|p2a: Blaziken|91/100|[from] item: Life Orb
|move|p1a: Slowking|Thunder Wave|p2a: Blaziken
|-status|p2a: Blaziken|par
|
|-ability|p2a: Blaziken|Speed Boost|boost
|-boost|p2a: Blaziken|spe|1
|upkeep
|turn|17
|
|t:|1758333241
|cant|p2a: Blaziken|par
|move|p1a: Slowking|Scald|p2a: Blaziken
|-supereffective|p2a: Blaziken
|-damage|p2a: Blaziken|10/100 par
|
|-ability|p2a: Blaziken|Speed Boost|boost
|-boost|p2a: Blaziken|spe|1
|upkeep
|turn|18
|
|t:|1758333245
|move|p2a: Blaziken|Close Combat|p1a: Slowking
|-resisted|p1a: Slowking
|-damage|p1a: Slowking|0 fnt
|-unboost|p2a: Blaziken|def|1
|-unboost|p2a: Blaziken|spd|1
|faint|p1a: Slowking
|-damage|p2a: Blaziken|0 fnt|[from] item: Life Orb
|faint|p2a: Blaziken
|
|upkeep
|inactive|WeR#4Hay! has 60 seconds left.
|
|t:|1758333266
|switch|p2a: Ogerpon|Ogerpon-Wellspring, F|100/100
|switch|p1a: Hydrapple|Hydrapple, M|65/100 psn
|turn|19
|l| Ctannn
|
|t:|1758333277
|move|p2a: Ogerpon|U-turn|p1a: Hydrapple
|-supereffective|p1a: Hydrapple
|-damage|p1a: Hydrapple|19/100 psn
|
|t:|1758333279
|switch|p2a: Comfey|Comfey, F, shiny|11/100|[from] U-turn
|move|p1a: Hydrapple|Leaf Storm|p2a: Comfey
|-damage|p2a: Comfey|0 fnt
|-unboost|p1a: Hydrapple|spa|2
|faint|p2a: Comfey
|-damage|p1a: Hydrapple|9/100 psn|[from] item: Life Orb
|
|-damage|p1a: Hydrapple|0 fnt|[from] psn
|faint|p1a: Hydrapple
|upkeep
|
|t:|1758333292
|switch|p2a: Ogerpon|Ogerpon-Wellspring, F|100/100
|switch|p1a: TheTransGambit|Kingambit, F|94/100
|-activate|p1a: TheTransGambit|ability: Supreme Overlord
|-start|p1a: TheTransGambit|fallen3|[silent]
|turn|20
|
|t:|1758333298
|move|p2a: Ogerpon|Taunt|p1a: TheTransGambit
|-start|p1a: TheTransGambit|move: Taunt
|move|p1a: TheTransGambit|Kowtow Cleave|p2a: Ogerpon
|-damage|p2a: Ogerpon|16/100
|
|-heal|p1a: TheTransGambit|99/100|[from] item: Leftovers
|upkeep
|turn|21
|
|t:|1758333304
|move|p2a: Ogerpon|Ivy Cudgel|p1a: TheTransGambit|[anim] Ivy Cudgel Water
|-damage|p1a: TheTransGambit|59/100
|move|p1a: TheTransGambit|Kowtow Cleave|p2a: Ogerpon
|-damage|p2a: Ogerpon|0 fnt
|faint|p2a: Ogerpon
|
|-heal|p1a: TheTransGambit|66/100|[from] item: Leftovers
|upkeep
|
|t:|1758333308
|switch|p2a: Kingambit|Kingambit, M|100/100
|-activate|p2a: Kingambit|ability: Supreme Overlord
|-start|p2a: Kingambit|fallen5|[silent]
|turn|22
|l| Dogerunner
|
|t:|1758333327
|-end|p1a: TheTransGambit|fallen3|[silent]
|switch|p1a: Iron Treads|Iron Treads|76/100
|-terastallize|p2a: Kingambit|Fire
|move|p2a: Kingambit|Swords Dance|p2a: Kingambit
|-boost|p2a: Kingambit|atk|2
|
|-heal|p1a: Iron Treads|82/100|[from] item: Leftovers
|upkeep
|turn|23
|
|t:|1758333334
|-terastallize|p1a: Iron Treads|Fairy
|move|p2a: Kingambit|Sucker Punch|p1a: Iron Treads
|-resisted|p1a: Iron Treads
|-damage|p1a: Iron Treads|33/100
|move|p1a: Iron Treads|Earthquake|p2a: Kingambit
|-supereffective|p2a: Kingambit
|-damage|p2a: Kingambit|44/100
|
|-heal|p1a: Iron Treads|39/100|[from] item: Leftovers
|-heal|p2a: Kingambit|50/100|[from] item: Leftovers
|upkeep
|turn|24
|
|t:|1758333342
|move|p2a: Kingambit|Sucker Punch|p1a: Iron Treads
|-resisted|p1a: Iron Treads
|-crit|p1a: Iron Treads
|-damage|p1a: Iron Treads|0 fnt
|faint|p1a: Iron Treads
|-end|p1a: Iron Treads|Quark Drive|[silent]
|
|-heal|p2a: Kingambit|56/100|[from] item: Leftovers
|upkeep
|j| Dogerunner
|l| Dogerunner
|inactive|WeR#4Hay! has 60 seconds left.
|
|t:|1758333383
|switch|p1a: Zamazenta|Zamazenta|100/100
|-status|p1a: Zamazenta|psn
|-ability|p1a: Zamazenta|Dauntless Shield|boost
|-boost|p1a: Zamazenta|def|1
|turn|25
|
|t:|1758333387
|move|p1a: Zamazenta|Close Combat|p2a: Kingambit
|-damage|p2a: Kingambit|0 fnt
|-unboost|p1a: Zamazenta|def|1
|-unboost|p1a: Zamazenta|spd|1
|faint|p2a: Kingambit
|-end|p2a: Kingambit|fallen5|[silent]
|
|win|WeR#4Hay!
|raw|WeR#4Hay!'s rating: 1631 &rarr; <strong>1651</strong><br />(+20 for winning)
|raw|raditzisthebest's rating: 1627 &rarr; <strong>1607</strong><br />(-20 for losing)
|c|☆WeR#4Hay!|gg
|c|☆raditzisthebest|ggs
|l|☆raditzisthebest
|player|p2|
