|j|☆Shibuya Arc
|j|☆rookie22
|t:|1758369628
|gametype|singles
|player|p1|Shibuya Arc|101|1768
|player|p2|rookie22|iris-gen5bw2|1716
|gen|9
|tier|[Gen 9] OU
|rated|
|rule|HP Percentage Mod: HP is shown in percentages
|rule|Endless Battle Clause: Forcing endless battles is banned
|rule|Species Clause: Limit one of each Pokémon
|rule|OHKO Clause: OHKO moves are banned
|rule|Evasion Items Clause: Evasion items are banned
|rule|Evasion Moves Clause: Evasion moves are banned
|rule|Evasion Abilities Clause: Evasion abilities are banned
|rule|Sleep Moves Clause: Sleep-inducing moves are banned
|clearpoke
|poke|p1|Dragapult, F|
|poke|p1|Dragonite, F|
|poke|p1|Ting-Lu|
|poke|p1|Weezing-Galar, F|
|poke|p1|Iron Crown|
|poke|p1|Zapdos|
|poke|p2|Dragonite, F|
|poke|p2|Meowscarada, F|
|poke|p2|Keldeo|
|poke|p2|Iron Crown|
|poke|p2|Raging Bolt|
|poke|p2|Great Tusk|
|teampreview
|inactive|Battle timer is ON: inactive players will automatically lose when time's up. (requested by rookie22)
|
|t:|1758369637
|teamsize|p1|6
|teamsize|p2|6
|start
|switch|p1a: Dragapult|Dragapult, F|100/100
|switch|p2a: Lisan Al Gaib|Keldeo|100/100
|turn|1
|inactive|Shibuya Arc also wants the timer to be on.
|
|t:|1758369643
|switch|p2a: Bene Gesserit|Iron Crown|100/100
|move|p1a: Dragapult|Dragon Darts|p2a: Bene Gesserit
|-resisted|p2a: Bene Gesserit
|-damage|p2a: Bene Gesserit|89/100
|-anim|p1a: Dragapult|Dragon Darts|p2a: Bene Gesserit
|-resisted|p2a: Bene Gesserit
|-damage|p2a: Bene Gesserit|77/100
|
|upkeep
|turn|2
|
|t:|1758369651
|move|p1a: Dragapult|U-turn|p2a: Bene Gesserit
|-damage|p2a: Bene Gesserit|56/100
|
|t:|1758369658
|switch|p1a: Ting-Lu|Ting-Lu|100/100|[from] U-turn
|-ability|p1a: Ting-Lu|Vessel of Ruin
|move|p2a: Bene Gesserit|Tachyon Cutter|p1a: Ting-Lu
|-damage|p1a: Ting-Lu|90/100
|-damage|p1a: Ting-Lu|80/100
|-hitcount|p1a: Ting-Lu|2
|
|-heal|p1a: Ting-Lu|87/100|[from] item: Leftovers
|upkeep
|turn|3
|
|t:|1758369665
|-end|p2a: Bene Gesserit|Quark Drive|[silent]
|switch|p2a: Great Tusk|Great Tusk|100/100
|move|p1a: Ting-Lu|Ruination|p2a: Great Tusk
|-damage|p2a: Great Tusk|51/100
|
|-heal|p2a: Great Tusk|57/100|[from] item: Leftovers
|-heal|p1a: Ting-Lu|93/100|[from] item: Leftovers
|upkeep
|turn|4
|
|t:|1758369675
|move|p2a: Great Tusk|Stealth Rock|p1a: Ting-Lu
|-sidestart|p1: Shibuya Arc|move: Stealth Rock
|move|p1a: Ting-Lu|Ruination|p2a: Great Tusk
|-damage|p2a: Great Tusk|29/100
|
|-heal|p2a: Great Tusk|35/100|[from] item: Leftovers
|-heal|p1a: Ting-Lu|99/100|[from] item: Leftovers
|upkeep
|turn|5
|
|t:|1758369682
|-end|p2a: Great Tusk|Protosynthesis|[silent]
|switch|p2a: Meowscarada|Meowscarada, F|100/100
|move|p1a: Ting-Lu|Earthquake|p2a: Meowscarada
|-resisted|p2a: Meowscarada
|-damage|p2a: Meowscarada|71/100
|
|-heal|p1a: Ting-Lu|100/100|[from] item: Leftovers
|upkeep
|turn|6
|
|t:|1758369691
|switch|p1a: Weezing|Weezing-Galar, F|100/100
|-ability|p1a: Weezing|Neutralizing Gas
|move|p2a: Meowscarada|Knock Off|p1a: Weezing
|-resisted|p1a: Weezing
|-damage|p1a: Weezing|87/100
|-enditem|p1a: Weezing|Heavy-Duty Boots|[from] move: Knock Off|[of] p2a: Meowscarada
|
|upkeep
|turn|7
|
|t:|1758369699
|move|p2a: Meowscarada|Taunt|p1a: Weezing
|-start|p1a: Weezing|move: Taunt
|cant|p1a: Weezing|move: Taunt|Defog
|
|upkeep
|turn|8
|
|t:|1758369706
|switch|p2a: Bene Gesserit|Iron Crown|56/100
|-end|p1a: Weezing|ability: Neutralizing Gas
|switch|p1a: Dragonite|Dragonite, F|100/100
|
|upkeep
|turn|9
|
|t:|1758369712
|move|p2a: Bene Gesserit|Volt Switch|p1a: Dragonite
|-damage|p1a: Dragonite|89/100
|
|t:|1758369715
|-end|p2a: Bene Gesserit|Quark Drive|[silent]
|switch|p2a: Great Tusk|Great Tusk|35/100|[from] Volt Switch
|move|p1a: Dragonite|Dragon Dance|p1a: Dragonite
|-boost|p1a: Dragonite|atk|1
|-boost|p1a: Dragonite|spe|1
|
|-heal|p2a: Great Tusk|41/100|[from] item: Leftovers
|upkeep
|turn|10
|
|t:|1758369721
|move|p1a: Dragonite|Dragon Dance|p1a: Dragonite
|-boost|p1a: Dragonite|atk|1
|-boost|p1a: Dragonite|spe|1
|move|p2a: Great Tusk|Ice Spinner|p1a: Dragonite
|-supereffective|p1a: Dragonite
|-damage|p1a: Dragonite|0 fnt
|faint|p1a: Dragonite
|
|-heal|p2a: Great Tusk|47/100|[from] item: Leftovers
|upkeep
|
|t:|1758369729
|switch|p1a: Iron Crown|Iron Crown|100/100
|-damage|p1a: Iron Crown|94/100|[from] Stealth Rock
|turn|11
|
|t:|1758369738
|-end|p2a: Great Tusk|Protosynthesis|[silent]
|switch|p2a: Bene Gesserit|Iron Crown|56/100
|move|p1a: Iron Crown|Tachyon Cutter|p2a: Bene Gesserit
|-resisted|p2a: Bene Gesserit
|-damage|p2a: Bene Gesserit|42/100
|-resisted|p2a: Bene Gesserit
|-damage|p2a: Bene Gesserit|30/100
|-hitcount|p2a: Bene Gesserit|2
|
|upkeep
|turn|12
|
|t:|1758369748
|-end|p1a: Iron Crown|Quark Drive|[silent]
|switch|p1a: Ting-Lu|Ting-Lu|100/100
|-damage|p1a: Ting-Lu|94/100|[from] Stealth Rock
|-ability|p1a: Ting-Lu|Vessel of Ruin
|-end|p2a: Bene Gesserit|Quark Drive|[silent]
|switch|p2a: Raging Bolt|Raging Bolt|100/100
|
|-heal|p1a: Ting-Lu|100/100|[from] item: Leftovers
|upkeep
|turn|13
|
|t:|1758369754
|-end|p2a: Raging Bolt|Protosynthesis|[silent]
|switch|p2a: Great Tusk|Great Tusk|47/100
|move|p1a: Ting-Lu|Ruination|p2a: Great Tusk
|-damage|p2a: Great Tusk|24/100
|
|-heal|p2a: Great Tusk|30/100|[from] item: Leftovers
|upkeep
|turn|14
|
|t:|1758369767
|-end|p2a: Great Tusk|Protosynthesis|[silent]
|switch|p2a: Meowscarada|Meowscarada, F|71/100
|move|p1a: Ting-Lu|Earthquake|p2a: Meowscarada
|-resisted|p2a: Meowscarada
|-damage|p2a: Meowscarada|44/100
|
|upkeep
|turn|15
|j| woairibi
|
|t:|1758369781
|move|p2a: Meowscarada|Triple Axel|p1a: Ting-Lu
|-start|p2a: Meowscarada|typechange|Ice|[from] ability: Protean
|-supereffective|p1a: Ting-Lu
|-damage|p1a: Ting-Lu|90/100
|-supereffective|p1a: Ting-Lu
|-damage|p1a: Ting-Lu|67/100
|-supereffective|p1a: Ting-Lu
|-damage|p1a: Ting-Lu|35/100
|-hitcount|p1a: Ting-Lu|3
|move|p1a: Ting-Lu|Stealth Rock|p2a: Meowscarada
|-sidestart|p2: rookie22|move: Stealth Rock
|
|-heal|p1a: Ting-Lu|41/100|[from] item: Leftovers
|upkeep
|turn|16
|
|t:|1758369788
|move|p2a: Meowscarada|Knock Off|p1a: Ting-Lu
|-resisted|p1a: Ting-Lu
|-damage|p1a: Ting-Lu|33/100
|-enditem|p1a: Ting-Lu|Leftovers|[from] move: Knock Off|[of] p2a: Meowscarada
|move|p1a: Ting-Lu|Earthquake|p2a: Meowscarada
|-damage|p2a: Meowscarada|0 fnt
|faint|p2a: Meowscarada
|
|upkeep
|inactive|rookie22 has 120 seconds left.
|
|t:|1758369827
|switch|p2a: Lisan Al Gaib|Keldeo|100/100
|-damage|p2a: Lisan Al Gaib|94/100|[from] Stealth Rock
|turn|17
|l| woairibi
|
|t:|1758369834
|-terastallize|p1a: Ting-Lu|Water
|move|p2a: Lisan Al Gaib|Surf|p1a: Ting-Lu
|-resisted|p1a: Ting-Lu
|-crit|p1a: Ting-Lu
|-damage|p1a: Ting-Lu|10/100
|move|p1a: Ting-Lu|Ruination|p2a: Lisan Al Gaib
|-damage|p2a: Lisan Al Gaib|48/100
|-ability|p2a: Lisan Al Gaib|Justified|boost
|-boost|p2a: Lisan Al Gaib|atk|1
|
|upkeep
|turn|18
|inactive|rookie22 has 120 seconds left.
|c|☆rookie22|one thing is that ting lu is going to be annoying until the end
|
|t:|1758369862
|move|p2a: Lisan Al Gaib|Surf|p1a: Ting-Lu
|-resisted|p1a: Ting-Lu
|-damage|p1a: Ting-Lu|0 fnt
|faint|p1a: Ting-Lu
|
|upkeep
|
|t:|1758369868
|switch|p1a: Iron Crown|Iron Crown|94/100
|-damage|p1a: Iron Crown|88/100|[from] Stealth Rock
|turn|19
|inactive|rookie22 has 120 seconds left.
|j| Okeyko
|
|t:|1758369892
|-end|p1a: Iron Crown|Quark Drive|[silent]
|switch|p1a: Dragapult|Dragapult, F|100/100
|switch|p2a: Bene Gesserit|Iron Crown|30/100
|-damage|p2a: Bene Gesserit|24/100|[from] Stealth Rock
|
|upkeep
|turn|20
|
|t:|1758369902
|move|p1a: Dragapult|Hex|p2a: Bene Gesserit
|-supereffective|p2a: Bene Gesserit
|-damage|p2a: Bene Gesserit|0 fnt
|faint|p2a: Bene Gesserit
|-end|p2a: Bene Gesserit|Quark Drive|[silent]
|
|upkeep
|
|t:|1758369914
|switch|p2a: Raging Bolt|Raging Bolt|100/100
|-damage|p2a: Raging Bolt|88/100|[from] Stealth Rock
|turn|21
|
|t:|1758369926
|-terastallize|p2a: Raging Bolt|Fairy
|move|p1a: Dragapult|U-turn|p2a: Raging Bolt
|-resisted|p2a: Raging Bolt
|-damage|p2a: Raging Bolt|80/100
|
|t:|1758369933
|switch|p1a: Zapdos|Zapdos|100/100|[from] U-turn
|move|p2a: Raging Bolt|Calm Mind|p2a: Raging Bolt
|-boost|p2a: Raging Bolt|spa|1
|-boost|p2a: Raging Bolt|spd|1
|
|-heal|p2a: Raging Bolt|86/100|[from] item: Leftovers
|upkeep
|turn|22
|
|t:|1758369940
|move|p1a: Zapdos|Hurricane|p2a: Raging Bolt
|-crit|p2a: Raging Bolt
|-damage|p2a: Raging Bolt|17/100
|move|p2a: Raging Bolt|Calm Mind|p2a: Raging Bolt
|-boost|p2a: Raging Bolt|spa|1
|-boost|p2a: Raging Bolt|spd|1
|
|-heal|p2a: Raging Bolt|23/100|[from] item: Leftovers
|upkeep
|turn|23
|
|t:|1758369950
|move|p2a: Raging Bolt|Thunderclap|p1a: Zapdos
|-damage|p1a: Zapdos|0 fnt
|faint|p1a: Zapdos
|
|-heal|p2a: Raging Bolt|30/100|[from] item: Leftovers
|upkeep
|
|t:|1758369957
|switch|p1a: Iron Crown|Iron Crown|88/100
|-damage|p1a: Iron Crown|82/100|[from] Stealth Rock
|turn|24
|
|t:|1758369963
|move|p2a: Raging Bolt|Thunderclap|p1a: Iron Crown
|-damage|p1a: Iron Crown|0 fnt
|faint|p1a: Iron Crown
|-end|p1a: Iron Crown|Quark Drive|[silent]
|
|-heal|p2a: Raging Bolt|36/100|[from] item: Leftovers
|upkeep
|
|t:|1758369970
|switch|p1a: Dragapult|Dragapult, F|100/100
|turn|25
|
|t:|1758369976
|move|p1a: Dragapult|Hex|p2a: Raging Bolt
|-damage|p2a: Raging Bolt|24/100
|move|p2a: Raging Bolt|Dragon Pulse|p1a: Dragapult
|-supereffective|p1a: Dragapult
|-damage|p1a: Dragapult|0 fnt
|faint|p1a: Dragapult
|
|-heal|p2a: Raging Bolt|30/100|[from] item: Leftovers
|upkeep
|
|t:|1758369981
|switch|p1a: Weezing|Weezing-Galar, F|87/100
|-ability|p1a: Weezing|Neutralizing Gas
|-damage|p1a: Weezing|74/100|[from] Stealth Rock
|turn|26
|
|t:|1758369984
|move|p2a: Raging Bolt|Thunderbolt|p1a: Weezing
|-damage|p1a: Weezing|0 fnt
|faint|p1a: Weezing
|-end|p1a: Weezing|ability: Neutralizing Gas
|
|win|rookie22
|raw|Shibuya Arc's rating: 1768 &rarr; <strong>1745</strong><br />(-23 for losing)
|raw|rookie22's rating: 1716 &rarr; <strong>1739</strong><br />(+23 for winning)
|l|☆Shibuya Arc
|player|p1|
|l|☆rookie22
|player|p2|
