|j|☆Yanea
|j|☆Samarand
|t:|1758359637
|gametype|singles
|player|p1|Yanea|102|1363
|player|p2|Samarand|veteranf|1362
|gen|9
|tier|[Gen 9] OU
|rated|
|rule|HP Percentage Mod: HP is shown in percentages
|rule|Endless Battle Clause: Forcing endless battles is banned
|rule|Species Clause: Limit one of each Pokémon
|rule|OHKO Clause: OHKO moves are banned
|rule|Evasion Items Clause: Evasion items are banned
|rule|Evasion Moves Clause: Evasion moves are banned
|rule|Evasion Abilities Clause: Evasion abilities are banned
|rule|Sleep Moves Clause: Sleep-inducing moves are banned
|clearpoke
|poke|p1|Goodra-Hisui, F|
|poke|p1|Great Tusk|
|poke|p1|Zapdos|
|poke|p1|Kingambit, M|
|poke|p1|Ogerpon-Wellspring, F|
|poke|p1|Enamorus, F|
|poke|p2|Delphox, F|
|poke|p2|Diancie|
|poke|p2|Corviknight, F|
|poke|p2|Primarina, F|
|poke|p2|Regice|
|poke|p2|Ninetales-Alola, M|
|teampreview
|inactive|Battle timer is ON: inactive players will automatically lose when time's up. (requested by Yanea)
|
|t:|1758359665
|teamsize|p1|6
|teamsize|p2|6
|start
|switch|p1a: Goodra|Goodra-Hisui, F|100/100
|switch|p2a: Ninetales|Ninetales-Alola, M|100/100
|-weather|Snowscape|[from] ability: Snow Warning|[of] p2a: Ninetales
|turn|1
|
|t:|1758359688
|switch|p2a: Delphox|Delphox, F|100/100
|move|p1a: Goodra|Flash Cannon|p2a: Delphox
|-resisted|p2a: Delphox
|-damage|p2a: Delphox|83/100
|-unboost|p2a: Delphox|spd|1
|
|-weather|Snowscape|[upkeep]
|upkeep
|turn|2
|
|t:|1758359694
|move|p2a: Delphox|Calm Mind|p2a: Delphox
|-boost|p2a: Delphox|spa|1
|-boost|p2a: Delphox|spd|1
|move|p1a: Goodra|Knock Off|p2a: Delphox
|-supereffective|p2a: Delphox
|-damage|p2a: Delphox|17/100
|-enditem|p2a: Delphox|Heavy-Duty Boots|[from] move: Knock Off|[of] p1a: Goodra
|
|-weather|Snowscape|[upkeep]
|upkeep
|turn|3
|
|t:|1758359702
|move|p2a: Delphox|Flamethrower|p1a: Goodra
|-damage|p1a: Goodra|71/100
|move|p1a: Goodra|Knock Off|p2a: Delphox
|-supereffective|p2a: Delphox
|-damage|p2a: Delphox|0 fnt
|faint|p2a: Delphox
|
|-weather|Snowscape|[upkeep]
|upkeep
|
|t:|1758359724
|switch|p2a: Regice|Regice|100/100
|turn|4
|
|t:|1758359740
|-terastallize|p2a: Regice|Electric
|move|p1a: Goodra|Flash Cannon|p2a: Regice
|-resisted|p2a: Regice
|-damage|p2a: Regice|93/100
|move|p2a: Regice|Blizzard|p1a: Goodra
|-damage|p1a: Goodra|54/100
|-status|p1a: Goodra|frz
|
|-weather|Snowscape|[upkeep]
|-heal|p2a: Regice|99/100|[from] ability: Ice Body
|-heal|p2a: Regice|100/100|[from] item: Leftovers
|upkeep
|turn|5
|
|t:|1758359749
|move|p2a: Regice|Charge Beam|p1a: Goodra
|-resisted|p1a: Goodra
|-damage|p1a: Goodra|49/100 frz
|-boost|p2a: Regice|spa|1
|cant|p1a: Goodra|frz
|
|-weather|none
|upkeep
|turn|6
|
|t:|1758359752
|move|p2a: Regice|Snowscape|p2a: Regice
|-weather|Snowscape
|cant|p1a: Goodra|frz
|
|-weather|Snowscape|[upkeep]
|upkeep
|turn|7
|
|t:|1758359759
|move|p2a: Regice|Blizzard|p1a: Goodra
|-damage|p1a: Goodra|23/100 frz
|cant|p1a: Goodra|frz
|
|-weather|Snowscape|[upkeep]
|upkeep
|turn|8
|
|t:|1758359766
|move|p2a: Regice|Blizzard|p1a: Goodra
|-damage|p1a: Goodra|0 fnt
|faint|p1a: Goodra
|
|-weather|Snowscape|[upkeep]
|upkeep
|
|t:|1758359769
|switch|p1a: Great Tusk|Great Tusk|100/100
|turn|9
|
|t:|1758359774
|switch|p2a: Corviknight|Corviknight, F|100/100
|move|p1a: Great Tusk|Headlong Rush|p2a: Corviknight
|-immune|p2a: Corviknight
|
|-weather|Snowscape|[upkeep]
|upkeep
|turn|10
|
|t:|1758359787
|switch|p2a: Diancie|Diancie|100/100
|move|p1a: Great Tusk|Stealth Rock|p2a: Diancie
|-sidestart|p2: Samarand|move: Stealth Rock
|
|-weather|none
|upkeep
|turn|11
|
|t:|1758359793
|switch|p2a: Corviknight|Corviknight, F|100/100
|-damage|p2a: Corviknight|88/100|[from] Stealth Rock
|move|p1a: Great Tusk|Headlong Rush|p2a: Corviknight
|-immune|p2a: Corviknight
|
|upkeep
|turn|12
|
|t:|1758359798
|-end|p1a: Great Tusk|Protosynthesis|[silent]
|switch|p1a: Zapdos|Zapdos|100/100
|move|p2a: Corviknight|Defog|p1a: Zapdos
|-unboost|p1a: Zapdos|evasion|1
|-sideend|p2: Samarand|Stealth Rock|[from] move: Defog|[of] p2a: Corviknight
|
|upkeep
|turn|13
|
|t:|1758359802
|switch|p2a: Regice|Regice, tera:Electric|100/100
|move|p1a: Zapdos|U-turn|p2a: Regice
|-damage|p2a: Regice|89/100
|
|t:|1758359807
|switch|p1a: Great Tusk|Great Tusk|100/100|[from] U-turn
|
|-heal|p2a: Regice|95/100|[from] item: Leftovers
|upkeep
|turn|14
|
|t:|1758359812
|switch|p2a: Ninetales|Ninetales-Alola, M|100/100
|-weather|Snowscape|[from] ability: Snow Warning|[of] p2a: Ninetales
|move|p1a: Great Tusk|Stealth Rock|p2a: Ninetales
|-sidestart|p2: Samarand|move: Stealth Rock
|
|-weather|Snowscape|[upkeep]
|upkeep
|turn|15
|
|t:|1758359819
|-end|p1a: Great Tusk|Protosynthesis|[silent]
|switch|p1a: Kingambit|Kingambit, M|100/100
|-activate|p1a: Kingambit|ability: Supreme Overlord
|-start|p1a: Kingambit|fallen1|[silent]
|move|p2a: Ninetales|Aurora Veil|p2a: Ninetales
|-sidestart|p2: Samarand|move: Aurora Veil
|
|-weather|Snowscape|[upkeep]
|upkeep
|turn|16
|
|t:|1758359833
|move|p1a: Kingambit|Iron Head|p2a: Ninetales
|-supereffective|p2a: Ninetales
|-damage|p2a: Ninetales|16/100
|cant|p2a: Ninetales|flinch
|
|-weather|Snowscape|[upkeep]
|upkeep
|turn|17
|
|t:|1758359842
|switch|p2a: Corviknight|Corviknight, F|88/100
|-damage|p2a: Corviknight|76/100|[from] Stealth Rock
|move|p1a: Kingambit|Swords Dance|p1a: Kingambit
|-boost|p1a: Kingambit|atk|2
|
|-weather|Snowscape|[upkeep]
|upkeep
|turn|18
|
|t:|1758359867
|-terastallize|p1a: Kingambit|Fire
|move|p2a: Corviknight|Bulk Up|p2a: Corviknight
|-boost|p2a: Corviknight|atk|1
|-boost|p2a: Corviknight|def|1
|move|p1a: Kingambit|Swords Dance|p1a: Kingambit
|-boost|p1a: Kingambit|atk|2
|
|-weather|none
|upkeep
|turn|19
|
|t:|1758359874
|move|p2a: Corviknight|Bulk Up|p2a: Corviknight
|-boost|p2a: Corviknight|atk|1
|-boost|p2a: Corviknight|def|1
|move|p1a: Kingambit|Kowtow Cleave|p2a: Corviknight
|-damage|p2a: Corviknight|43/100
|
|-sideend|p2: Samarand|move: Aurora Veil
|upkeep
|turn|20
|
|t:|1758359882
|-end|p1a: Kingambit|fallen1|[silent]
|switch|p1a: Zapdos|Zapdos|100/100
|move|p2a: Corviknight|Roost|p2a: Corviknight
|-heal|p2a: Corviknight|93/100
|-singleturn|p2a: Corviknight|move: Roost
|
|upkeep
|turn|21
|
|t:|1758359893
|move|p1a: Zapdos|Discharge|p2a: Corviknight
|-supereffective|p2a: Corviknight
|-damage|p2a: Corviknight|39/100
|move|p2a: Corviknight|Power Trip|p1a: Zapdos
|-damage|p1a: Zapdos|54/100
|
|upkeep
|turn|22
|
|t:|1758359901
|switch|p2a: Diancie|Diancie|100/100
|-damage|p2a: Diancie|88/100|[from] Stealth Rock
|move|p1a: Zapdos|Roost|p1a: Zapdos
|-heal|p1a: Zapdos|100/100
|-singleturn|p1a: Zapdos|move: Roost
|
|-heal|p2a: Diancie|94/100|[from] item: Leftovers
|upkeep
|turn|23
|
|t:|1758359905
|move|p1a: Zapdos|U-turn|p2a: Diancie
|-resisted|p2a: Diancie
|-damage|p2a: Diancie|89/100
|
|t:|1758359907
|switch|p1a: Great Tusk|Great Tusk|100/100|[from] U-turn
|move|p2a: Diancie|Iron Defense|p2a: Diancie
|-boost|p2a: Diancie|def|2
|
|-heal|p2a: Diancie|96/100|[from] item: Leftovers
|upkeep
|turn|24
|
|t:|1758359914
|move|p1a: Great Tusk|Headlong Rush|p2a: Diancie
|-supereffective|p2a: Diancie
|-damage|p2a: Diancie|48/100
|-unboost|p1a: Great Tusk|def|1
|-unboost|p1a: Great Tusk|spd|1
|move|p2a: Diancie|Moonblast|p1a: Great Tusk
|-supereffective|p1a: Great Tusk
|-damage|p1a: Great Tusk|0 fnt
|faint|p1a: Great Tusk
|-end|p1a: Great Tusk|Protosynthesis|[silent]
|
|-heal|p2a: Diancie|54/100|[from] item: Leftovers
|upkeep
|
|t:|1758359920
|switch|p1a: Kingambit|Kingambit, M, tera:Fire|100/100
|-activate|p1a: Kingambit|ability: Supreme Overlord
|-start|p1a: Kingambit|fallen2|[silent]
|turn|25
|
|t:|1758359928
|switch|p2a: Corviknight|Corviknight, F|39/100
|-damage|p2a: Corviknight|26/100|[from] Stealth Rock
|move|p1a: Kingambit|Iron Head|p2a: Corviknight
|-resisted|p2a: Corviknight
|-damage|p2a: Corviknight|5/100
|
|upkeep
|turn|26
|
|t:|1758359934
|move|p2a: Corviknight|Roost|p2a: Corviknight
|-heal|p2a: Corviknight|55/100
|-singleturn|p2a: Corviknight|move: Roost
|move|p1a: Kingambit|Iron Head|p2a: Corviknight
|-resisted|p2a: Corviknight
|-damage|p2a: Corviknight|33/100
|
|upkeep
|turn|27
|
|t:|1758359937
|move|p2a: Corviknight|Roost|p2a: Corviknight
|-heal|p2a: Corviknight|83/100
|-singleturn|p2a: Corviknight|move: Roost
|move|p1a: Kingambit|Swords Dance|p1a: Kingambit
|-boost|p1a: Kingambit|atk|2
|
|upkeep
|turn|28
|
|t:|1758359940
|move|p2a: Corviknight|Bulk Up|p2a: Corviknight
|-boost|p2a: Corviknight|atk|1
|-boost|p2a: Corviknight|def|1
|move|p1a: Kingambit|Kowtow Cleave|p2a: Corviknight
|-damage|p2a: Corviknight|14/100
|
|upkeep
|turn|29
|
|t:|1758359943
|move|p2a: Corviknight|Roost|p2a: Corviknight
|-heal|p2a: Corviknight|64/100
|-singleturn|p2a: Corviknight|move: Roost
|move|p1a: Kingambit|Kowtow Cleave|p2a: Corviknight
|-damage|p2a: Corviknight|0 fnt
|faint|p2a: Corviknight
|
|upkeep
|
|t:|1758359952
|switch|p2a: Primarina|Primarina, F|100/100
|-damage|p2a: Primarina|88/100|[from] Stealth Rock
|turn|30
|
|t:|1758359958
|-end|p1a: Kingambit|fallen2|[silent]
|switch|p1a: Zapdos|Zapdos|100/100
|move|p2a: Primarina|Surf|p1a: Zapdos
|-damage|p1a: Zapdos|46/100
|
|-heal|p2a: Primarina|94/100|[from] item: Leftovers
|upkeep
|turn|31
|
|t:|1758359964
|switch|p2a: Ninetales|Ninetales-Alola, M|16/100
|-weather|Snowscape|[from] ability: Snow Warning|[of] p2a: Ninetales
|move|p1a: Zapdos|Roost|p1a: Zapdos
|-heal|p1a: Zapdos|96/100
|-singleturn|p1a: Zapdos|move: Roost
|
|-weather|Snowscape|[upkeep]
|upkeep
|turn|32
|
|t:|1758359973
|move|p2a: Ninetales|Aurora Veil|p2a: Ninetales
|-sidestart|p2: Samarand|move: Aurora Veil
|move|p1a: Zapdos|Discharge|p2a: Ninetales
|-damage|p2a: Ninetales|0 fnt
|faint|p2a: Ninetales
|
|-weather|Snowscape|[upkeep]
|upkeep
|
|t:|1758359980
|switch|p2a: Regice|Regice, tera:Electric|95/100
|-damage|p2a: Regice|82/100|[from] Stealth Rock
|turn|33
|
|t:|1758359995
|move|p1a: Zapdos|U-turn|p2a: Regice
|-damage|p2a: Regice|77/100
|
|t:|1758359998
|switch|p1a: Kingambit|Kingambit, M, tera:Fire|100/100|[from] U-turn
|-activate|p1a: Kingambit|ability: Supreme Overlord
|-start|p1a: Kingambit|fallen2|[silent]
|move|p2a: Regice|Charge Beam|p1a: Kingambit
|-damage|p1a: Kingambit|72/100
|
|-weather|Snowscape|[upkeep]
|-heal|p2a: Regice|83/100|[from] ability: Ice Body
|-heal|p2a: Regice|89/100|[from] item: Leftovers
|-heal|p1a: Kingambit|78/100|[from] item: Leftovers
|upkeep
|turn|34
|
|t:|1758360008
|move|p1a: Kingambit|Iron Head|p2a: Regice
|-resisted|p2a: Regice
|-damage|p2a: Regice|75/100
|move|p2a: Regice|Charge Beam|p1a: Kingambit
|-damage|p1a: Kingambit|49/100
|
|-weather|Snowscape|[upkeep]
|-heal|p2a: Regice|81/100|[from] ability: Ice Body
|-heal|p2a: Regice|87/100|[from] item: Leftovers
|-heal|p1a: Kingambit|55/100|[from] item: Leftovers
|upkeep
|turn|35
|
|t:|1758360017
|move|p1a: Kingambit|Kowtow Cleave|p2a: Regice
|-damage|p2a: Regice|59/100
|move|p2a: Regice|Charge Beam|p1a: Kingambit
|-damage|p1a: Kingambit|27/100
|-boost|p2a: Regice|spa|1
|
|-weather|none
|-heal|p2a: Regice|65/100|[from] item: Leftovers
|-heal|p1a: Kingambit|33/100|[from] item: Leftovers
|upkeep
|turn|36
|
|t:|1758360023
|-end|p1a: Kingambit|fallen2|[silent]
|switch|p1a: Zapdos|Zapdos|96/100
|move|p2a: Regice|Charge Beam|p1a: Zapdos
|-damage|p1a: Zapdos|54/100
|-boost|p2a: Regice|spa|1
|
|-heal|p2a: Regice|71/100|[from] item: Leftovers
|-sideend|p2: Samarand|move: Aurora Veil
|upkeep
|turn|37
|
|t:|1758360032
|move|p1a: Zapdos|Hurricane|p2a: Regice
|-resisted|p2a: Regice
|-damage|p2a: Regice|58/100
|move|p2a: Regice|Snowscape|p2a: Regice
|-weather|Snowscape
|
|-weather|Snowscape|[upkeep]
|-heal|p2a: Regice|65/100|[from] ability: Ice Body
|-heal|p2a: Regice|71/100|[from] item: Leftovers
|upkeep
|turn|38
|
|t:|1758360042
|move|p2a: Regice|Protect|p2a: Regice
|-singleturn|p2a: Regice|Protect
|move|p1a: Zapdos|Hurricane|p2a: Regice
|-activate|p2a: Regice|move: Protect
|
|-weather|Snowscape|[upkeep]
|-heal|p2a: Regice|77/100|[from] ability: Ice Body
|-heal|p2a: Regice|83/100|[from] item: Leftovers
|upkeep
|turn|39
|
|t:|1758360051
|move|p1a: Zapdos|Hurricane|p2a: Regice|[miss]
|-miss|p1a: Zapdos|p2a: Regice
|move|p2a: Regice|Charge Beam|p1a: Zapdos
|-damage|p1a: Zapdos|0 fnt
|-boost|p2a: Regice|spa|1
|faint|p1a: Zapdos
|
|-weather|Snowscape|[upkeep]
|-heal|p2a: Regice|89/100|[from] ability: Ice Body
|-heal|p2a: Regice|95/100|[from] item: Leftovers
|upkeep
|
|t:|1758360054
|switch|p1a: Enamorus|Enamorus, F|100/100
|turn|40
|
|t:|1758360058
|move|p1a: Enamorus|Moonblast|p2a: Regice
|-damage|p2a: Regice|69/100
|move|p2a: Regice|Charge Beam|p1a: Enamorus
|-supereffective|p1a: Enamorus
|-damage|p1a: Enamorus|0 fnt
|-boost|p2a: Regice|spa|1
|faint|p1a: Enamorus
|
|-weather|Snowscape|[upkeep]
|-heal|p2a: Regice|75/100|[from] ability: Ice Body
|-heal|p2a: Regice|81/100|[from] item: Leftovers
|upkeep
|
|t:|1758360062
|switch|p1a: Ogerpon|Ogerpon-Wellspring, F|100/100
|turn|41
|
|t:|1758360071
|move|p2a: Regice|Protect|p2a: Regice
|-singleturn|p2a: Regice|Protect
|move|p1a: Ogerpon|Horn Leech|p2a: Regice
|-activate|p2a: Regice|move: Protect
|
|-weather|none
|-heal|p2a: Regice|87/100|[from] item: Leftovers
|upkeep
|turn|42
|
|t:|1758360080
|move|p1a: Ogerpon|Horn Leech|p2a: Regice
|-damage|p2a: Regice|47/100
|move|p2a: Regice|Charge Beam|p1a: Ogerpon
|-damage|p1a: Ogerpon|5/100
|-boost|p2a: Regice|spa|1
|
|-heal|p2a: Regice|54/100|[from] item: Leftovers
|upkeep
|turn|43
|
|t:|1758360090
|move|p2a: Regice|Protect|p2a: Regice
|-singleturn|p2a: Regice|Protect
|move|p1a: Ogerpon|Swords Dance|p1a: Ogerpon
|-boost|p1a: Ogerpon|atk|2
|
|-heal|p2a: Regice|60/100|[from] item: Leftovers
|upkeep
|turn|44
|
|t:|1758360096
|move|p1a: Ogerpon|Horn Leech|p2a: Regice
|-damage|p2a: Regice|0 fnt
|-heal|p1a: Ogerpon|41/100|[from] drain|[of] p2a: Regice
|faint|p2a: Regice
|
|upkeep
|-message|Samarand forfeited.
|
|win|Yanea
|raw|Yanea's rating: 1363 &rarr; <strong>1383</strong><br />(+20 for winning)
|raw|Samarand's rating: 1362 &rarr; <strong>1342</strong><br />(-20 for losing)
|l|☆Samarand
|player|p2|
