|j|☆kinsword
|j|‽Khromatology
|t:|1758255845
|gametype|singles
|player|p1|kinsword|2|1272
|player|p2|Khromatology|ninjaboy|1262
|gen|9
|tier|[Gen 9] OU
|rated|
|rule|HP Percentage Mod: HP is shown in percentages
|rule|Endless Battle Clause: Forcing endless battles is banned
|rule|Species Clause: Limit one of each Pokémon
|rule|OHKO Clause: OHKO moves are banned
|rule|Evasion Items Clause: Evasion items are banned
|rule|Evasion Moves Clause: Evasion moves are banned
|rule|Evasion Abilities Clause: Evasion abilities are banned
|rule|Sleep Moves Clause: Sleep-inducing moves are banned
|clearpoke
|poke|p1|Dragalge, F|
|poke|p1|Rotom-Wash|
|poke|p1|Mamoswine, M|
|poke|p1|Iron Boulder|
|poke|p1|Blastoise, M|
|poke|p1|Corviknight, F|
|poke|p2|Kingambit, M|
|poke|p2|Kyurem|
|poke|p2|Meowscarada, M|
|poke|p2|Primarina, F|
|poke|p2|Great Tusk|
|poke|p2|Iron Moth|
|teampreview
|inactive|Battle timer is ON: inactive players will automatically lose when time's up. (requested by kinsword)
|
|t:|1758255856
|teamsize|p1|6
|teamsize|p2|6
|start
|switch|p1a: Iron Boulder|Iron Boulder|100/100
|switch|p2a: Great Tusk|Great Tusk|100/100
|-enditem|p1a: Iron Boulder|Booster Energy
|-activate|p1a: Iron Boulder|ability: Quark Drive|[fromitem]
|-start|p1a: Iron Boulder|quarkdrivespe
|turn|1
|
|t:|1758255873
|-terastallize|p1a: Iron Boulder|Grass
|move|p1a: Iron Boulder|Swords Dance|p1a: Iron Boulder
|-boost|p1a: Iron Boulder|atk|2
|move|p2a: Great Tusk|Headlong Rush|p1a: Iron Boulder
|-resisted|p1a: Iron Boulder
|-damage|p1a: Iron Boulder|66/100
|-unboost|p2a: Great Tusk|def|1
|-unboost|p2a: Great Tusk|spd|1
|
|upkeep
|turn|2
|
|t:|1758255893
|move|p1a: Iron Boulder|Zen Headbutt|p2a: Great Tusk
|-supereffective|p2a: Great Tusk
|-damage|p2a: Great Tusk|0 fnt
|-damage|p1a: Iron Boulder|49/100|[from] item: Rocky Helmet|[of] p2a: Great Tusk
|faint|p2a: Great Tusk
|-end|p2a: Great Tusk|Protosynthesis|[silent]
|
|upkeep
|inactive|Khromatology has 120 seconds left.
|
|t:|1758255919
|switch|p2a: Iron Moth|Iron Moth|100/100
|-enditem|p2a: Iron Moth|Booster Energy
|-activate|p2a: Iron Moth|ability: Quark Drive|[fromitem]
|-start|p2a: Iron Moth|quarkdrivespe
|turn|3
|
|t:|1758255930
|-terastallize|p2a: Iron Moth|Ground
|move|p1a: Iron Boulder|Mighty Cleave|p2a: Iron Moth
|-resisted|p2a: Iron Moth
|-damage|p2a: Iron Moth|33/100
|move|p2a: Iron Moth|Fiery Dance|p1a: Iron Boulder
|-supereffective|p1a: Iron Boulder
|-damage|p1a: Iron Boulder|0 fnt
|faint|p1a: Iron Boulder
|-end|p1a: Iron Boulder|Quark Drive|[silent]
|
|upkeep
|
|t:|1758255946
|switch|p1a: Dragalge|Dragalge, F|100/100
|turn|4
|inactive|Khromatology has 120 seconds left.
|
|t:|1758255959
|move|p2a: Iron Moth|Tera Blast|p1a: Dragalge|[anim] Tera Blast Ground
|-supereffective|p1a: Dragalge
|-damage|p1a: Dragalge|55/100
|move|p1a: Dragalge|Dragon Pulse|p2a: Iron Moth
|-damage|p2a: Iron Moth|0 fnt
|faint|p2a: Iron Moth
|-end|p2a: Iron Moth|Quark Drive|[silent]
|
|upkeep
|
|t:|1758255967
|switch|p2a: Kyurem|Kyurem|100/100
|-ability|p2a: Kyurem|Pressure
|turn|5
|inactive|Khromatology has 120 seconds left.
|
|t:|1758255975
|move|p2a: Kyurem|Ice Beam|p1a: Dragalge
|-supereffective|p1a: Dragalge
|-damage|p1a: Dragalge|0 fnt
|faint|p1a: Dragalge
|
|upkeep
|
|t:|1758255982
|switch|p1a: Corviknight|Corviknight, F|100/100
|turn|6
|
|t:|1758255986
|move|p2a: Kyurem|Ice Beam|p1a: Corviknight
|-damage|p1a: Corviknight|30/100
|move|p1a: Corviknight|Body Press|p2a: Kyurem
|-supereffective|p2a: Kyurem
|-damage|p2a: Kyurem|51/100
|
|upkeep
|turn|7
|
|t:|1758255993
|move|p2a: Kyurem|Ice Beam|p1a: Corviknight
|-damage|p1a: Corviknight|0 fnt
|faint|p1a: Corviknight
|
|upkeep
|
|t:|1758255998
|switch|p1a: Blastoise|Blastoise, M|100/100
|turn|8
|
|t:|1758256002
|switch|p2a: Meowscarada|Meowscarada, M|100/100
|move|p1a: Blastoise|Shell Smash|p1a: Blastoise
|-unboost|p1a: Blastoise|def|1
|-unboost|p1a: Blastoise|spd|1
|-boost|p1a: Blastoise|atk|2
|-boost|p1a: Blastoise|spa|2
|-boost|p1a: Blastoise|spe|2
|-enditem|p1a: Blastoise|White Herb
|-clearnegativeboost|p1a: Blastoise|[silent]
|
|upkeep
|turn|9
|
|t:|1758256012
|move|p1a: Blastoise|Ice Beam|p2a: Meowscarada
|-supereffective|p2a: Meowscarada
|-damage|p2a: Meowscarada|0 fnt
|faint|p2a: Meowscarada
|
|upkeep
|
|t:|1758256021
|switch|p2a: Primarina|Primarina, F|100/100
|turn|10
|
|t:|1758256027
|switch|p1a: Rotom|Rotom-Wash|100/100
|move|p2a: Primarina|Moonblast|p1a: Rotom
|-damage|p1a: Rotom|47/100
|
|-heal|p1a: Rotom|53/100|[from] item: Leftovers
|upkeep
|turn|11
|
|t:|1758256039
|move|p1a: Rotom|Volt Switch|p2a: Primarina
|-supereffective|p2a: Primarina
|-damage|p2a: Primarina|59/100
|
|t:|1758256045
|switch|p1a: Blastoise|Blastoise, M|100/100|[from] Volt Switch
|move|p2a: Primarina|Moonblast|p1a: Blastoise
|-damage|p1a: Blastoise|47/100
|
|upkeep
|turn|12
|
|t:|1758256053
|move|p1a: Blastoise|Tera Blast|p2a: Primarina
|-damage|p2a: Primarina|45/100
|move|p2a: Primarina|Moonblast|p1a: Blastoise
|-damage|p1a: Blastoise|0 fnt
|faint|p1a: Blastoise
|
|upkeep
|
|t:|1758256061
|switch|p1a: Mamoswine|Mamoswine, M|100/100
|turn|13
|
|t:|1758256067
|move|p1a: Mamoswine|Earthquake|p2a: Primarina
|-damage|p2a: Primarina|0 fnt
|faint|p2a: Primarina
|
|upkeep
|
|t:|1758256072
|switch|p2a: Kyurem|Kyurem|51/100
|-ability|p2a: Kyurem|Pressure
|turn|14
|
|t:|1758256080
|move|p2a: Kyurem|Freeze-Dry|p1a: Mamoswine
|-damage|p1a: Mamoswine|64/100
|move|p1a: Mamoswine|Earthquake|p2a: Kyurem
|-damage|p2a: Kyurem|4/100
|
|upkeep
|turn|15
|
|t:|1758256087
|move|p1a: Mamoswine|Ice Shard|p2a: Kyurem
|-damage|p2a: Kyurem|0 fnt
|faint|p2a: Kyurem
|
|upkeep
|
|t:|1758256089
|switch|p2a: Kingambit|Kingambit, M|100/100
|-activate|p2a: Kingambit|ability: Supreme Overlord
|-start|p2a: Kingambit|fallen5|[silent]
|turn|16
|
|t:|1758256095
|move|p1a: Mamoswine|Earthquake|p2a: Kingambit
|-supereffective|p2a: Kingambit
|-damage|p2a: Kingambit|7/100
|move|p2a: Kingambit|Low Kick|p1a: Mamoswine
|-supereffective|p1a: Mamoswine
|-crit|p1a: Mamoswine
|-damage|p1a: Mamoswine|0 fnt
|faint|p1a: Mamoswine
|
|-heal|p2a: Kingambit|13/100|[from] item: Leftovers
|upkeep
|
|t:|1758256105
|switch|p1a: Rotom|Rotom-Wash|53/100
|turn|17
|
|t:|1758256111
|move|p2a: Kingambit|Sucker Punch||[still]
|-fail|p2a: Kingambit
|move|p1a: Rotom|Will-O-Wisp|p2a: Kingambit
|-status|p2a: Kingambit|brn
|
|-heal|p1a: Rotom|59/100|[from] item: Leftovers
|-heal|p2a: Kingambit|20/100 brn|[from] item: Leftovers
|-damage|p2a: Kingambit|13/100 brn|[from] brn
|upkeep
|turn|18
|
|t:|1758256121
|move|p2a: Kingambit|Sucker Punch|p1a: Rotom
|-damage|p1a: Rotom|27/100
|move|p1a: Rotom|Volt Switch|p2a: Kingambit
|-damage|p2a: Kingambit|0 fnt
|faint|p2a: Kingambit
|-end|p2a: Kingambit|fallen5|[silent]
|
|win|kinsword
|raw|kinsword's rating: 1272 &rarr; <strong>1296</strong><br />(+24 for winning)
|raw|Khromatology's rating: 1262 &rarr; <strong>1238</strong><br />(-24 for losing)
|l|‽Khromatology
|player|p2|
|l|☆kinsword
|player|p1|
