|j|☆Mouu'D
|j|☆Hate ur face
|t:|1758234229
|gametype|singles
|player|p1|Mouu'D|buck|1097
|player|p2|Hate ur face|266|1088
|gen|9
|tier|[Gen 9] OU
|rated|
|rule|HP Percentage Mod: HP is shown in percentages
|rule|Endless Battle Clause: Forcing endless battles is banned
|rule|Species Clause: Limit one of each Pokémon
|rule|OHKO Clause: OHKO moves are banned
|rule|Evasion Items Clause: Evasion items are banned
|rule|Evasion Moves Clause: Evasion moves are banned
|rule|Evasion Abilities Clause: Evasion abilities are banned
|rule|Sleep Moves Clause: Sleep-inducing moves are banned
|clearpoke
|poke|p1|Slowbro, M|
|poke|p1|Diancie|
|poke|p1|Oranguru, F|
|poke|p1|Ursaluna, F|
|poke|p1|Incineroar, M|
|poke|p1|Conkeldurr, M|
|poke|p2|Tyranitar, M|
|poke|p2|Excadrill, F|
|poke|p2|Kingambit, F|
|poke|p2|Garchomp, F|
|poke|p2|Pecharunt|
|poke|p2|Rotom-Wash|
|teampreview
|
|t:|1758234254
|teamsize|p1|6
|teamsize|p2|6
|start
|switch|p1a: Crocus|Oranguru, F|100/100
|switch|p2a: Tyranitar|Tyranitar, M|100/100
|-weather|Sandstorm|[from] ability: Sand Stream|[of] p2a: Tyranitar
|turn|1
|
|t:|1758234273
|switch|p1a: Robin|Diancie|100/100
|move|p2a: Tyranitar|Knock Off|p1a: Robin
|-resisted|p1a: Robin
|-damage|p1a: Robin|84/100
|-enditem|p1a: Robin|Focus Sash|[from] move: Knock Off|[of] p2a: Tyranitar
|
|-weather|Sandstorm|[upkeep]
|upkeep
|turn|2
|
|t:|1758234287
|switch|p2a: Rotom|Rotom-Wash|100/100
|move|p1a: Robin|Trick Room|p1a: Robin
|-fieldstart|move: Trick Room|[of] p1a: Robin
|
|-weather|Sandstorm|[upkeep]
|-damage|p2a: Rotom|94/100|[from] Sandstorm
|-heal|p2a: Rotom|100/100|[from] item: Leftovers
|upkeep
|turn|3
|
|t:|1758234296
|switch|p1a: Luffy gear 4th|Conkeldurr, M|100/100
|move|p2a: Rotom|Hydro Pump|p1a: Luffy gear 4th|[miss]
|-miss|p2a: Rotom|p1a: Luffy gear 4th
|
|-weather|Sandstorm|[upkeep]
|-damage|p1a: Luffy gear 4th|94/100|[from] Sandstorm
|-damage|p2a: Rotom|94/100|[from] Sandstorm
|-heal|p2a: Rotom|100/100|[from] item: Leftovers
|-status|p1a: Luffy gear 4th|brn|[from] item: Flame Orb
|upkeep
|turn|4
|
|t:|1758234309
|-terastallize|p1a: Luffy gear 4th|Fighting
|move|p1a: Luffy gear 4th|Drain Punch|p2a: Rotom
|-damage|p2a: Rotom|31/100
|-heal|p1a: Luffy gear 4th|100/100 brn|[from] drain|[of] p2a: Rotom
|move|p2a: Rotom|Volt Switch|p1a: Luffy gear 4th
|-damage|p1a: Luffy gear 4th|71/100 brn
|
|t:|1758234318
|switch|p2a: Garchomp|Garchomp, F|100/100|[from] Volt Switch
|
|-weather|Sandstorm|[upkeep]
|-damage|p1a: Luffy gear 4th|65/100 brn|[from] Sandstorm
|-damage|p1a: Luffy gear 4th|59/100 brn|[from] brn
|upkeep
|turn|5
|inactive|Battle timer is ON: inactive players will automatically lose when time's up. (requested by Mouu'D)
|
|t:|1758234333
|move|p1a: Luffy gear 4th|Ice Punch|p2a: Garchomp
|-supereffective|p2a: Garchomp
|-damage|p2a: Garchomp|0 fnt
|-damage|p1a: Luffy gear 4th|46/100 brn|[from] ability: Rough Skin|[of] p2a: Garchomp
|faint|p2a: Garchomp
|
|-weather|Sandstorm|[upkeep]
|-damage|p1a: Luffy gear 4th|40/100 brn|[from] Sandstorm
|-damage|p1a: Luffy gear 4th|34/100 brn|[from] brn
|upkeep
|-message|Hate ur face forfeited.
|
|win|Mouu'D
|raw|Mouu&apos;D's rating: 1097 &rarr; <strong>1122</strong><br />(+25 for winning)
|raw|Hate ur face's rating: 1088 &rarr; <strong>1065</strong><br />(-23 for losing)
|l|☆Hate ur face
|player|p2|
|l|☆Mouu'D
|player|p1|
