|j|☆ChiefGreenLeaf3
|j|☆The Pokemon Place
|t:|1758308665
|gametype|singles
|player|p1|ChiefGreenLeaf3|giovanni-gen1|1769
|player|p2|The Pokemon Place|169|1716
|gen|9
|tier|[Gen 9] OU
|rated|
|rule|HP Percentage Mod: HP is shown in percentages
|rule|Endless Battle Clause: Forcing endless battles is banned
|rule|Species Clause: Limit one of each Pokémon
|rule|OHKO Clause: OHKO moves are banned
|rule|Evasion Items Clause: Evasion items are banned
|rule|Evasion Moves Clause: Evasion moves are banned
|rule|Evasion Abilities Clause: Evasion abilities are banned
|rule|Sleep Moves Clause: Sleep-inducing moves are banned
|clearpoke
|poke|p1|Iron Moth|
|poke|p1|Iron Valiant|
|poke|p1|Iron Jugulis|
|poke|p1|Zamazenta-*|
|poke|p1|Comfey, F|
|poke|p1|Cloyster, F|
|poke|p2|Darkrai|
|poke|p2|Dragapult, M|
|poke|p2|Primarina, F|
|poke|p2|Ting-Lu|
|poke|p2|Tinkaton, F|
|poke|p2|Zamazenta-*|
|teampreview
|
|t:|1758308682
|teamsize|p1|6
|teamsize|p2|6
|start
|switch|p1a: Iron Valiant|Iron Valiant, shiny|100/100
|switch|p2a: Dragapult|Dragapult, M|100/100
|-enditem|p1a: Iron Valiant|Booster Energy
|-activate|p1a: Iron Valiant|ability: Quark Drive|[fromitem]
|-start|p1a: Iron Valiant|quarkdrivespe
|turn|1
|
|t:|1758308686
|switch|p2a: Tinkaton|Tinkaton, F|100/100
|-item|p2a: Tinkaton|Air Balloon
|move|p1a: Iron Valiant|Moonblast|p2a: Tinkaton
|-resisted|p2a: Tinkaton
|-damage|p2a: Tinkaton|81/100
|-unboost|p2a: Tinkaton|spa|1
|-enditem|p2a: Tinkaton|Air Balloon
|
|upkeep
|turn|2
|
|t:|1758308689
|move|p1a: Iron Valiant|Taunt|p2a: Tinkaton
|-start|p2a: Tinkaton|move: Taunt
|move|p2a: Tinkaton|Gigaton Hammer|p1a: Iron Valiant
|-supereffective|p1a: Iron Valiant
|-damage|p1a: Iron Valiant|0 fnt
|faint|p1a: Iron Valiant
|-end|p1a: Iron Valiant|Quark Drive|[silent]
|
|upkeep
|j| IWasBornFaat
|
|t:|1758308701
|switch|p1a: Cloyster|Cloyster, F, shiny|100/100
|turn|3
|
|t:|1758308705
|switch|p2a: Primarina|Primarina, F|100/100
|move|p1a: Cloyster|Shell Smash|p1a: Cloyster
|-unboost|p1a: Cloyster|def|1
|-unboost|p1a: Cloyster|spd|1
|-boost|p1a: Cloyster|atk|2
|-boost|p1a: Cloyster|spa|2
|-boost|p1a: Cloyster|spe|2
|
|upkeep
|turn|4
|
|t:|1758308706
|move|p1a: Cloyster|Rock Blast|p2a: Primarina
|-damage|p2a: Primarina|82/100
|-damage|p2a: Primarina|61/100
|-damage|p2a: Primarina|43/100
|-damage|p2a: Primarina|23/100
|-damage|p2a: Primarina|3/100
|-hitcount|p2a: Primarina|5
|move|p2a: Primarina|Moonblast|p1a: Cloyster
|-enditem|p1a: Cloyster|Focus Sash
|-damage|p1a: Cloyster|1/100
|
|upkeep
|turn|5
|
|t:|1758308712
|move|p1a: Cloyster|Icicle Spear|p2a: Primarina
|-resisted|p2a: Primarina
|-damage|p2a: Primarina|0 fnt
|faint|p2a: Primarina
|-hitcount|p2: Primarina|1
|
|upkeep
|
|t:|1758308713
|switch|p2a: Tinkaton|Tinkaton, F|81/100
|turn|6
|
|t:|1758308717
|move|p1a: Cloyster|Icicle Spear|p2a: Tinkaton
|-resisted|p2a: Tinkaton
|-damage|p2a: Tinkaton|68/100
|-resisted|p2a: Tinkaton
|-damage|p2a: Tinkaton|56/100
|-resisted|p2a: Tinkaton
|-damage|p2a: Tinkaton|42/100
|-resisted|p2a: Tinkaton
|-damage|p2a: Tinkaton|29/100
|-resisted|p2a: Tinkaton
|-crit|p2a: Tinkaton
|-damage|p2a: Tinkaton|10/100
|-hitcount|p2a: Tinkaton|5
|move|p2a: Tinkaton|Gigaton Hammer|p1a: Cloyster
|-damage|p1a: Cloyster|0 fnt
|faint|p1a: Cloyster
|
|upkeep
|
|t:|1758308722
|switch|p1a: Iron Jugulis|Iron Jugulis, shiny|100/100
|-enditem|p1a: Iron Jugulis|Booster Energy
|-activate|p1a: Iron Jugulis|ability: Quark Drive|[fromitem]
|-start|p1a: Iron Jugulis|quarkdrivespe
|turn|7
|
|t:|1758308725
|switch|p2a: Ting-Lu|Ting-Lu|100/100
|-ability|p2a: Ting-Lu|Vessel of Ruin
|move|p1a: Iron Jugulis|Earth Power|p2a: Ting-Lu
|-damage|p2a: Ting-Lu|84/100
|
|-heal|p2a: Ting-Lu|90/100|[from] item: Leftovers
|upkeep
|turn|8
|
|t:|1758308727
|move|p1a: Iron Jugulis|Taunt|p2a: Ting-Lu
|-start|p2a: Ting-Lu|move: Taunt
|move|p2a: Ting-Lu|Ruination|p1a: Iron Jugulis
|-damage|p1a: Iron Jugulis|51/100
|
|-heal|p2a: Ting-Lu|96/100|[from] item: Leftovers
|upkeep
|turn|9
|
|t:|1758308735
|switch|p2a: Tinkaton|Tinkaton, F|10/100
|move|p1a: Iron Jugulis|Hurricane|p2a: Tinkaton|[miss]
|-miss|p1a: Iron Jugulis|p2a: Tinkaton
|
|upkeep
|turn|10
|
|t:|1758308743
|move|p1a: Iron Jugulis|Dark Pulse|p2a: Tinkaton
|-resisted|p2a: Tinkaton
|-damage|p2a: Tinkaton|0 fnt
|faint|p2a: Tinkaton
|
|upkeep
|
|t:|1758308744
|switch|p2a: Darkrai|Darkrai|100/100
|turn|11
|
|t:|1758308746
|move|p1a: Iron Jugulis|Hurricane|p2a: Darkrai|[miss]
|-miss|p1a: Iron Jugulis|p2a: Darkrai
|move|p2a: Darkrai|Ice Beam|p1a: Iron Jugulis
|-supereffective|p1a: Iron Jugulis
|-damage|p1a: Iron Jugulis|0 fnt
|faint|p1a: Iron Jugulis
|-end|p1a: Iron Jugulis|Quark Drive|[silent]
|
|upkeep
|
|t:|1758308765
|switch|p1a: Comfey|Comfey, F|100/100
|turn|12
|
|t:|1758308773
|move|p2a: Darkrai|Sludge Bomb|p1a: Comfey
|-supereffective|p1a: Comfey
|-damage|p1a: Comfey|38/100
|-status|p1a: Comfey|psn
|move|p1a: Comfey|Trick|p2a: Darkrai
|-activate|p1a: Comfey|move: Trick|[of] p2a: Darkrai
|-item|p2a: Darkrai|Choice Specs|[from] move: Trick
|-item|p1a: Comfey|Heavy-Duty Boots|[from] move: Trick
|
|-damage|p1a: Comfey|26/100 psn|[from] psn
|upkeep
|turn|13
|
|t:|1758308779
|move|p1a: Comfey|Draining Kiss|p2a: Darkrai
|-supereffective|p2a: Darkrai
|-damage|p2a: Darkrai|47/100
|-heal|p1a: Comfey|63/100 psn|[from] drain|[of] p2a: Darkrai
|move|p2a: Darkrai|Sludge Bomb|p1a: Comfey
|-supereffective|p1a: Comfey
|-damage|p1a: Comfey|0 fnt
|faint|p1a: Comfey
|
|upkeep
|
|t:|1758308781
|switch|p1a: Iron Moth|Iron Moth, shiny|100/100
|-enditem|p1a: Iron Moth|Booster Energy
|-activate|p1a: Iron Moth|ability: Quark Drive|[fromitem]
|-start|p1a: Iron Moth|quarkdrivespe
|turn|14
|
|t:|1758308785
|switch|p2a: Ting-Lu|Ting-Lu|96/100
|-ability|p2a: Ting-Lu|Vessel of Ruin
|move|p1a: Iron Moth|Fiery Dance|p2a: Ting-Lu
|-damage|p2a: Ting-Lu|73/100
|-boost|p1a: Iron Moth|spa|1
|
|-heal|p2a: Ting-Lu|80/100|[from] item: Leftovers
|upkeep
|turn|15
|
|t:|1758308787
|move|p1a: Iron Moth|Fiery Dance|p2a: Ting-Lu
|-damage|p2a: Ting-Lu|43/100
|-boost|p1a: Iron Moth|spa|1
|move|p2a: Ting-Lu|Earthquake|p1a: Iron Moth
|-supereffective|p1a: Iron Moth
|-damage|p1a: Iron Moth|0 fnt
|faint|p1a: Iron Moth
|-end|p1a: Iron Moth|Quark Drive|[silent]
|
|-heal|p2a: Ting-Lu|49/100|[from] item: Leftovers
|upkeep
|
|t:|1758308788
|switch|p1a: Zamazenta|Zamazenta|100/100
|-ability|p1a: Zamazenta|Dauntless Shield|boost
|-boost|p1a: Zamazenta|def|1
|turn|16
|
|t:|1758308790
|move|p1a: Zamazenta|Iron Defense|p1a: Zamazenta
|-boost|p1a: Zamazenta|def|2
|move|p2a: Ting-Lu|Ruination|p1a: Zamazenta
|-damage|p1a: Zamazenta|50/100
|
|-heal|p1a: Zamazenta|57/100|[from] item: Leftovers
|-heal|p2a: Ting-Lu|56/100|[from] item: Leftovers
|upkeep
|turn|17
|
|t:|1758308792
|move|p1a: Zamazenta|Substitute|p1a: Zamazenta
|-start|p1a: Zamazenta|Substitute
|-damage|p1a: Zamazenta|32/100
|move|p2a: Ting-Lu|Ruination|p1a: Zamazenta
|-activate|p1a: Zamazenta|move: Substitute|[damage]
|
|-heal|p1a: Zamazenta|38/100|[from] item: Leftovers
|-heal|p2a: Ting-Lu|62/100|[from] item: Leftovers
|upkeep
|turn|18
|
|t:|1758308795
|move|p1a: Zamazenta|Iron Defense|p1a: Zamazenta
|-boost|p1a: Zamazenta|def|2
|move|p2a: Ting-Lu|Ruination|p1a: Zamazenta
|-end|p1a: Zamazenta|Substitute
|
|-heal|p1a: Zamazenta|44/100|[from] item: Leftovers
|-heal|p2a: Ting-Lu|68/100|[from] item: Leftovers
|upkeep
|turn|19
|j| AntdonPokemon
|l| AntdonPokemon
|
|t:|1758308803
|move|p1a: Zamazenta|Body Press|p2a: Ting-Lu
|-supereffective|p2a: Ting-Lu
|-damage|p2a: Ting-Lu|0 fnt
|faint|p2a: Ting-Lu
|
|-heal|p1a: Zamazenta|50/100|[from] item: Leftovers
|upkeep
|
|t:|1758308805
|switch|p2a: Dragapult|Dragapult, M|100/100
|turn|20
|
|t:|1758308808
|-terastallize|p1a: Zamazenta|Fire
|move|p2a: Dragapult|Draco Meteor|p1a: Zamazenta
|-damage|p1a: Zamazenta|0 fnt
|-unboost|p2a: Dragapult|spa|2
|faint|p1a: Zamazenta
|
|win|The Pokemon Place
|raw|ChiefGreenLeaf3's rating: 1769 &rarr; <strong>1746</strong><br />(-23 for losing)
|raw|The Pokemon Place's rating: 1716 &rarr; <strong>1739</strong><br />(+23 for winning)
|l|☆ChiefGreenLeaf3
|player|p1|
|l|☆The Pokemon Place
|player|p2|
