|j|☆Luxkyym394
|j|☆liujian0914
|t:|1758254604
|gametype|singles
|player|p1|Luxkyym394|gambler|1072
|player|p2|liujian0914|1|1143
|gen|9
|tier|[Gen 9] OU
|rated|
|rule|HP Percentage Mod: HP is shown in percentages
|rule|Endless Battle Clause: Forcing endless battles is banned
|rule|Species Clause: Limit one of each Pokémon
|rule|OHKO Clause: OHKO moves are banned
|rule|Evasion Items Clause: Evasion items are banned
|rule|Evasion Moves Clause: Evasion moves are banned
|rule|Evasion Abilities Clause: Evasion abilities are banned
|rule|Sleep Moves Clause: Sleep-inducing moves are banned
|clearpoke
|poke|p1|Swampert, M|
|poke|p1|Talonflame, M|
|poke|p1|Pawmot, M|
|poke|p1|Glimmora, M|
|poke|p1|Ninetales-Alola, M|
|poke|p1|Meowstic, M|
|poke|p2|Alomomola, M|
|poke|p2|Dragapult, M|
|poke|p2|Rillaboom, M|
|poke|p2|Heatran, F|
|poke|p2|Garganacl, M|
|poke|p2|Landorus-Therian, M|
|teampreview
|inactive|Battle timer is ON: inactive players will automatically lose when time's up. (requested by Luxkyym394)
|
|t:|1758254617
|teamsize|p1|6
|teamsize|p2|6
|start
|switch|p1a: Glimmora|Glimmora, M|100/100
|switch|p2a: Garganacl|Garganacl, M|100/100
|turn|1
|
|t:|1758254628
|move|p1a: Glimmora|Spiky Shield|p1a: Glimmora
|-singleturn|p1a: Glimmora|move: Protect
|move|p2a: Garganacl|Stealth Rock|p1a: Glimmora
|-sidestart|p1: Luxkyym394|move: Stealth Rock
|
|upkeep
|turn|2
|
|t:|1758254637
|move|p1a: Glimmora|Earth Power|p2a: Garganacl
|-supereffective|p2a: Garganacl
|-damage|p2a: Garganacl|52/100
|move|p2a: Garganacl|Salt Cure|p1a: Glimmora
|-damage|p1a: Glimmora|86/100
|-start|p1a: Glimmora|Salt Cure
|
|-heal|p1a: Glimmora|93/100|[from] item: Black Sludge
|-heal|p2a: Garganacl|59/100|[from] item: Leftovers
|-damage|p1a: Glimmora|80/100|[from] Salt Cure
|upkeep
|turn|3
|
|t:|1758254654
|switch|p1a: Talonflame|Talonflame, M|100/100
|move|p2a: Garganacl|Recover|p2a: Garganacl
|-heal|p2a: Garganacl|100/100
|
|upkeep
|turn|4
|
|t:|1758254661
|move|p1a: Talonflame|Defog|p2a: Garganacl
|-unboost|p2a: Garganacl|evasion|1
|-sideend|p1: Luxkyym394|Stealth Rock|[from] move: Defog|[of] p1a: Talonflame
|move|p2a: Garganacl|Salt Cure|p1a: Talonflame
|-supereffective|p1a: Talonflame
|-damage|p1a: Talonflame|26/100
|-start|p1a: Talonflame|Salt Cure
|
|-damage|p1a: Talonflame|14/100|[from] Salt Cure
|upkeep
|turn|5
|
|t:|1758254671
|switch|p1a: Ninetales|Ninetales-Alola, M|100/100
|-weather|Snowscape|[from] ability: Snow Warning|[of] p1a: Ninetales
|move|p2a: Garganacl|Stealth Rock|p1a: Ninetales
|-sidestart|p1: Luxkyym394|move: Stealth Rock
|
|-weather|Snowscape|[upkeep]
|upkeep
|turn|6
|
|t:|1758254680
|move|p1a: Ninetales|Aurora Veil|p1a: Ninetales
|-sidestart|p1: Luxkyym394|move: Aurora Veil
|move|p2a: Garganacl|Salt Cure|p1a: Ninetales
|-supereffective|p1a: Ninetales
|-damage|p1a: Ninetales|86/100
|-start|p1a: Ninetales|Salt Cure
|
|-weather|Snowscape|[upkeep]
|-damage|p1a: Ninetales|73/100|[from] Salt Cure
|upkeep
|turn|7
|
|t:|1758254691
|move|p1a: Ninetales|Blizzard|p2a: Garganacl
|-damage|p2a: Garganacl|63/100
|move|p2a: Garganacl|Body Press|p1a: Ninetales
|-damage|p1a: Ninetales|58/100
|
|-weather|Snowscape|[upkeep]
|-heal|p2a: Garganacl|69/100|[from] item: Leftovers
|-damage|p1a: Ninetales|46/100|[from] Salt Cure
|upkeep
|turn|8
|
|t:|1758254701
|move|p1a: Ninetales|Blizzard|p2a: Garganacl
|-damage|p2a: Garganacl|27/100
|move|p2a: Garganacl|Recover|p2a: Garganacl
|-heal|p2a: Garganacl|77/100
|
|-weather|Snowscape|[upkeep]
|-heal|p2a: Garganacl|84/100|[from] item: Leftovers
|-damage|p1a: Ninetales|34/100|[from] Salt Cure
|upkeep
|turn|9
|
|t:|1758254714
|switch|p1a: Glimmora|Glimmora, M|80/100
|-damage|p1a: Glimmora|68/100|[from] Stealth Rock
|move|p2a: Garganacl|Salt Cure|p1a: Glimmora
|-damage|p1a: Glimmora|60/100
|-start|p1a: Glimmora|Salt Cure
|
|-weather|none
|-heal|p1a: Glimmora|67/100|[from] item: Black Sludge
|-heal|p2a: Garganacl|90/100|[from] item: Leftovers
|-damage|p1a: Glimmora|54/100|[from] Salt Cure
|upkeep
|turn|10
|
|t:|1758254733
|move|p1a: Glimmora|Earth Power|p2a: Garganacl
|-supereffective|p2a: Garganacl
|-damage|p2a: Garganacl|38/100
|move|p2a: Garganacl|Recover|p2a: Garganacl
|-heal|p2a: Garganacl|88/100
|
|-heal|p1a: Glimmora|60/100|[from] item: Black Sludge
|-heal|p2a: Garganacl|94/100|[from] item: Leftovers
|-damage|p1a: Glimmora|48/100|[from] Salt Cure
|upkeep
|turn|11
|
|t:|1758254754
|move|p1a: Glimmora|Earth Power|p2a: Garganacl
|-supereffective|p2a: Garganacl
|-damage|p2a: Garganacl|47/100
|-unboost|p2a: Garganacl|spd|1
|move|p2a: Garganacl|Body Press|p1a: Glimmora
|-damage|p1a: Glimmora|31/100
|
|-heal|p1a: Glimmora|38/100|[from] item: Black Sludge
|-heal|p2a: Garganacl|53/100|[from] item: Leftovers
|-damage|p1a: Glimmora|25/100|[from] Salt Cure
|upkeep
|turn|12
|inactive|liujian0914 has 120 seconds left.
|
|t:|1758254792
|switch|p2a: Landorus|Landorus-Therian, M|100/100
|-ability|p2a: Landorus|Intimidate|boost
|-unboost|p1a: Glimmora|atk|1
|move|p1a: Glimmora|Toxic|p2a: Landorus
|-status|p2a: Landorus|tox
|
|-heal|p1a: Glimmora|31/100|[from] item: Black Sludge
|-damage|p2a: Landorus|94/100 tox|[from] psn
|-damage|p1a: Glimmora|19/100|[from] Salt Cure
|upkeep
|turn|13
|
|t:|1758254803
|move|p1a: Glimmora|Spiky Shield|p1a: Glimmora
|-singleturn|p1a: Glimmora|move: Protect
|move|p2a: Landorus|Outrage|p1a: Glimmora
|-activate|p1a: Glimmora|move: Protect
|-damage|p2a: Landorus|82/100 tox|[from] Spiky Shield|[of] p1a: Glimmora
|
|-heal|p1a: Glimmora|25/100|[from] item: Black Sludge
|-damage|p2a: Landorus|69/100 tox|[from] psn
|-damage|p1a: Glimmora|13/100|[from] Salt Cure
|-sideend|p1: Luxkyym394|move: Aurora Veil
|upkeep
|turn|14
|
|t:|1758254815
|switch|p1a: Ninetales|Ninetales-Alola, M|34/100
|-damage|p1a: Ninetales|9/100|[from] Stealth Rock
|-weather|Snowscape|[from] ability: Snow Warning|[of] p1a: Ninetales
|move|p2a: Landorus|Earthquake|p1a: Ninetales
|-damage|p1a: Ninetales|0 fnt
|faint|p1a: Ninetales
|
|-weather|Snowscape|[upkeep]
|-damage|p2a: Landorus|50/100 tox|[from] psn
|upkeep
|inactive|Luxkyym394 has 120 seconds left.
|
|t:|1758254833
|switch|p1a: Glimmora|Glimmora, M|13/100
|-damage|p1a: Glimmora|0 fnt|[from] Stealth Rock
|faint|p1a: Glimmora
|inactive|Luxkyym394 has 120 seconds left.
|
|t:|1758254838
|switch|p1a: Talonflame|Talonflame, M|14/100
|turn|15
|
|t:|1758254848
|switch|p2a: Alomomola|Alomomola, M|100/100
|move|p1a: Talonflame|Defog|p2a: Alomomola
|-unboost|p2a: Alomomola|evasion|1
|-sideend|p1: Luxkyym394|Stealth Rock|[from] move: Defog|[of] p1a: Talonflame
|
|-weather|Snowscape|[upkeep]
|upkeep
|turn|16
|
|t:|1758254858
|move|p1a: Talonflame|Will-O-Wisp|p2a: Alomomola
|-status|p2a: Alomomola|brn
|move|p2a: Alomomola|Wish|p2a: Alomomola
|
|-weather|Snowscape|[upkeep]
|-damage|p2a: Alomomola|94/100 brn|[from] brn
|upkeep
|turn|17
|
|t:|1758254867
|move|p1a: Talonflame|U-turn|p2a: Alomomola
|-damage|p2a: Alomomola|86/100 brn
|-damage|p1a: Talonflame|0 fnt|[from] item: Rocky Helmet|[of] p2a: Alomomola
|faint|p1a: Talonflame
|move|p2a: Alomomola|Flip Turn|p1: Talonflame|[notarget]
|-fail|p2a: Alomomola
|
|-weather|Snowscape|[upkeep]
|-heal|p2a: Alomomola|100/100 brn|[from] move: Wish|[wisher] Alomomola
|-damage|p2a: Alomomola|94/100 brn|[from] brn
|upkeep
|
|t:|1758254884
|switch|p1a: Swampert|Swampert, M|100/100
|turn|18
|
|t:|1758254903
|move|p1a: Swampert|Bulk Up|p1a: Swampert
|-boost|p1a: Swampert|atk|1
|-boost|p1a: Swampert|def|1
|move|p2a: Alomomola|Flip Turn|p1a: Swampert
|-damage|p1a: Swampert|96/100
|
|t:|1758254909
|switch|p2a: Rillaboom|Rillaboom, M|100/100|[from] Flip Turn
|-fieldstart|move: Grassy Terrain|[from] ability: Grassy Surge|[of] p2a: Rillaboom
|
|-weather|none
|-heal|p1a: Swampert|100/100|[from] Grassy Terrain
|upkeep
|turn|19
|
|t:|1758254917
|-terastallize|p1a: Swampert|Poison
|move|p2a: Rillaboom|Grassy Glide|p1a: Swampert
|-resisted|p1a: Swampert
|-damage|p1a: Swampert|85/100
|move|p1a: Swampert|Poison Jab|p2a: Rillaboom
|-supereffective|p2a: Rillaboom
|-damage|p2a: Rillaboom|0 fnt
|faint|p2a: Rillaboom
|
|-heal|p1a: Swampert|91/100|[from] Grassy Terrain
|upkeep
|inactive|liujian0914 has 120 seconds left.
|
|t:|1758254952
|switch|p2a: Heatran|Heatran, F|100/100
|-item|p2a: Heatran|Air Balloon
|turn|20
|
|t:|1758254958
|-terastallize|p2a: Heatran|Bug
|move|p2a: Heatran|Will-O-Wisp|p1a: Swampert
|-status|p1a: Swampert|brn
|move|p1a: Swampert|Liquidation|p2a: Heatran
|-damage|p2a: Heatran|80/100
|-enditem|p2a: Heatran|Air Balloon
|
|-heal|p2a: Heatran|86/100|[from] Grassy Terrain
|-heal|p1a: Swampert|97/100 brn|[from] Grassy Terrain
|-damage|p1a: Swampert|91/100 brn|[from] brn
|upkeep
|turn|21
|
|t:|1758254971
|move|p2a: Heatran|Magma Storm|p1a: Swampert
|-damage|p1a: Swampert|58/100 brn
|-activate|p1a: Swampert|move: Magma Storm|[of] p2a: Heatran
|move|p1a: Swampert|Bulk Up|p1a: Swampert
|-boost|p1a: Swampert|atk|1
|-boost|p1a: Swampert|def|1
|
|-heal|p2a: Heatran|92/100|[from] Grassy Terrain
|-heal|p1a: Swampert|64/100 brn|[from] Grassy Terrain
|-damage|p1a: Swampert|58/100 brn|[from] brn
|-damage|p1a: Swampert|45/100 brn|[from] move: Magma Storm|[partiallytrapped]
|upkeep
|turn|22
|
|t:|1758254989
|move|p2a: Heatran|Flash Cannon|p1a: Swampert
|-damage|p1a: Swampert|17/100 brn
|move|p1a: Swampert|Earthquake|p2a: Heatran
|-resisted|p2a: Heatran
|-damage|p2a: Heatran|84/100
|
|-heal|p2a: Heatran|90/100|[from] Grassy Terrain
|-heal|p1a: Swampert|23/100 brn|[from] Grassy Terrain
|-damage|p1a: Swampert|17/100 brn|[from] brn
|-damage|p1a: Swampert|5/100 brn|[from] move: Magma Storm|[partiallytrapped]
|-fieldend|move: Grassy Terrain
|upkeep
|turn|23
|inactive|liujian0914 has 120 seconds left.
|
|t:|1758255006
|move|p2a: Heatran|Will-O-Wisp|p1a: Swampert|[miss]
|-miss|p2a: Heatran|p1a: Swampert
|move|p1a: Swampert|Liquidation|p2a: Heatran
|-damage|p2a: Heatran|48/100
|
|-damage|p1a: Swampert|0 fnt|[from] brn
|faint|p1a: Swampert
|upkeep
|
|t:|1758255016
|switch|p1a: Pawmot|Pawmot, M|100/100
|turn|24
|
|t:|1758255025
|move|p1a: Pawmot|Ice Punch|p2a: Heatran
|-damage|p2a: Heatran|22/100
|move|p2a: Heatran|Will-O-Wisp|p1a: Pawmot
|-status|p1a: Pawmot|brn
|
|-damage|p1a: Pawmot|94/100 brn|[from] brn
|upkeep
|turn|25
|
|t:|1758255043
|switch|p2a: Dragapult|Dragapult, M|100/100
|move|p1a: Pawmot|Thunder Punch|p2a: Dragapult
|-resisted|p2a: Dragapult
|-crit|p2a: Dragapult
|-damage|p2a: Dragapult|77/100
|
|-damage|p1a: Pawmot|88/100 brn|[from] brn
|upkeep
|turn|26
|
|t:|1758255052
|move|p2a: Dragapult|Dragon Darts|p1a: Pawmot
|-damage|p1a: Pawmot|31/100 brn
|-anim|p2a: Dragapult|Dragon Darts|p1a: Pawmot
|-damage|p1a: Pawmot|0 fnt
|faint|p1a: Pawmot
|
|upkeep
|
|t:|1758255058
|switch|p1a: Meowstic|Meowstic, M|100/100
|turn|27
|
|t:|1758255062
|move|p1a: Meowstic|Trick|p2a: Dragapult
|-activate|p1a: Meowstic|move: Trick|[of] p2a: Dragapult
|-item|p2a: Dragapult|Black Sludge|[from] move: Trick
|-item|p1a: Meowstic|Choice Band|[from] move: Trick
|move|p2a: Dragapult|Dragon Darts|p1a: Meowstic
|-damage|p1a: Meowstic|70/100
|-anim|p2a: Dragapult|Dragon Darts|p1a: Meowstic
|-damage|p1a: Meowstic|40/100
|
|-damage|p2a: Dragapult|65/100|[from] item: Black Sludge
|upkeep
|turn|28
|
|t:|1758255080
|move|p1a: Meowstic|Charm|p2a: Dragapult
|-fail|p2a: Dragapult|unboost|[from] ability: Clear Body|[of] p2a: Dragapult
|move|p2a: Dragapult|Dragon Darts|p1a: Meowstic
|-damage|p1a: Meowstic|9/100
|-anim|p2a: Dragapult|Dragon Darts|p1a: Meowstic
|-damage|p1a: Meowstic|0 fnt
|faint|p1a: Meowstic
|
|win|liujian0914
|raw|Luxkyym394's rating: 1072 &rarr; <strong>1055</strong><br />(-17 for losing)
|raw|liujian0914's rating: 1143 &rarr; <strong>1163</strong><br />(+20 for winning)
|l|☆Luxkyym394
|player|p1|
