|j|☆FrostBiteGZ
|j|☆annefrank67
|t:|1758297170
|gametype|singles
|player|p1|FrostBiteGZ|pokekid|1071
|player|p2|annefrank67|elesa|1086
|gen|9
|tier|[Gen 9] OU
|rated|
|rule|HP Percentage Mod: HP is shown in percentages
|rule|Endless Battle Clause: Forcing endless battles is banned
|rule|Species Clause: Limit one of each Pokémon
|rule|OHKO Clause: OHKO moves are banned
|rule|Evasion Items Clause: Evasion items are banned
|rule|Evasion Moves Clause: Evasion moves are banned
|rule|Evasion Abilities Clause: Evasion abilities are banned
|rule|Sleep Moves Clause: Sleep-inducing moves are banned
|clearpoke
|poke|p1|Luxray, M|
|poke|p1|Sinistcha|
|poke|p1|Trevenant, F|
|poke|p1|Ribombee, F|
|poke|p1|Glimmora, F|
|poke|p1|Gholdengo|
|poke|p2|Weezing-Galar, M|
|poke|p2|Gholdengo|
|poke|p2|Gliscor, F|
|poke|p2|Araquanid, F|
|poke|p2|Zamazenta-*|
|poke|p2|Cinderace, F|
|teampreview
|
|t:|1758297180
|teamsize|p1|6
|teamsize|p2|6
|start
|switch|p1a: Rose|Glimmora, F, shiny|100/100
|switch|p2a: Gliscor|Gliscor, F, shiny|100/100
|turn|1
|
|t:|1758297186
|move|p2a: Gliscor|Earthquake|p1a: Rose
|-supereffective|p1a: Rose
|-enditem|p1a: Rose|Focus Sash
|-damage|p1a: Rose|1/100
|-activate|p1a: Rose|ability: Toxic Debris
|-sidestart|p2: annefrank67|move: Toxic Spikes
|move|p1a: Rose|Stealth Rock|p2a: Gliscor
|-sidestart|p2: annefrank67|move: Stealth Rock
|
|-status|p2a: Gliscor|tox|[from] item: Toxic Orb
|upkeep
|turn|2
|
|t:|1758297199
|move|p2a: Gliscor|Crabhammer|p1a: Rose
|-supereffective|p1a: Rose
|-damage|p1a: Rose|0 fnt
|-activate|p1a: Rose|ability: Toxic Debris
|-sidestart|p2: annefrank67|move: Toxic Spikes
|faint|p1a: Rose
|
|upkeep
|
|t:|1758297207
|switch|p1a: Rebecca|Ribombee, F, shiny|100/100
|turn|3
|
|t:|1758297217
|move|p1a: Rebecca|Sticky Web|p2a: Gliscor
|-sidestart|p2: annefrank67|move: Sticky Web
|move|p2a: Gliscor|Taunt|p1a: Rebecca
|-start|p1a: Rebecca|move: Taunt
|
|upkeep
|turn|4
|c|☆FrostBiteGZ|I'm faff boi
|
|t:|1758297232
|switch|p2a: Cinderace|Cinderace, F|100/100
|move|p1a: Rebecca|Bug Buzz|p2a: Cinderace
|-resisted|p2a: Cinderace
|-damage|p2a: Cinderace|75/100
|
|upkeep
|turn|5
|c|☆FrostBiteGZ|please no
|c|☆FrostBiteGZ|please
|c|☆FrostBiteGZ|I beg
|c|☆annefrank67|you can have it all back man
|
|t:|1758297249
|move|p1a: Rebecca|Psychic|p2a: Cinderace
|-damage|p2a: Cinderace|36/100
|move|p2a: Cinderace|Court Change|p2a: Cinderace
|-start|p2a: Cinderace|typechange|Normal|[from] ability: Libero
|-swapsideconditions
|-activate|p2a: Cinderace|move: Court Change
|
|upkeep
|turn|6
|c|☆FrostBiteGZ|:(
|c|☆FrostBiteGZ|bruh
|c|☆annefrank67|youll do better with it than i will I promise
|c|☆FrostBiteGZ|why not just defog it with weezing
|c|☆FrostBiteGZ|:(
|
|t:|1758297283
|switch|p2a: Gholdengo|Gholdengo|100/100
|move|p1a: Rebecca|Moonblast|p2a: Gholdengo
|-resisted|p2a: Gholdengo
|-damage|p2a: Gholdengo|79/100
|
|-heal|p2a: Gholdengo|85/100|[from] item: Leftovers
|-end|p1a: Rebecca|move: Taunt
|upkeep
|turn|7
|
|t:|1758297292
|move|p1a: Rebecca|Sticky Web|p2a: Gholdengo
|-sidestart|p2: annefrank67|move: Sticky Web
|move|p2a: Gholdengo|Power Gem|p1a: Rebecca
|-supereffective|p1a: Rebecca
|-damage|p1a: Rebecca|4/100
|
|-heal|p2a: Gholdengo|91/100|[from] item: Leftovers
|upkeep
|turn|8
|
|t:|1758297301
|move|p1a: Rebecca|Moonblast|p2a: Gholdengo
|-resisted|p2a: Gholdengo
|-damage|p2a: Gholdengo|67/100
|move|p2a: Gholdengo|Power Gem|p1a: Rebecca
|-supereffective|p1a: Rebecca
|-damage|p1a: Rebecca|0 fnt
|faint|p1a: Rebecca
|
|-heal|p2a: Gholdengo|73/100|[from] item: Leftovers
|upkeep
|
|t:|1758297310
|switch|p1a: Teacup|Sinistcha|100/100
|-status|p1a: Teacup|tox
|-damage|p1a: Teacup|88/100 tox|[from] Stealth Rock
|-activate|p1a: Teacup|move: Sticky Web
|-unboost|p1a: Teacup|spe|1
|turn|9
|c|☆annefrank67|i didnt feel like it tbh
|
|t:|1758297323
|-terastallize|p2a: Gholdengo|Steel
|move|p2a: Gholdengo|Shadow Ball|p1a: Teacup
|-supereffective|p1a: Teacup
|-damage|p1a: Teacup|0 fnt
|faint|p1a: Teacup
|
|-heal|p2a: Gholdengo|79/100|[from] item: Leftovers
|upkeep
|c|☆annefrank67|just giving back to the community ykwim?
|
|t:|1758297353
|switch|p1a: Da Tree|Trevenant, F|100/100
|-status|p1a: Da Tree|tox
|-damage|p1a: Da Tree|88/100 tox|[from] Stealth Rock
|-activate|p1a: Da Tree|move: Sticky Web
|-unboost|p1a: Da Tree|spe|1
|turn|10
|c|☆FrostBiteGZ|court change
|c|☆FrostBiteGZ|is such a b*tch move
|
|t:|1758297377
|move|p2a: Gholdengo|Shadow Ball|p1a: Da Tree
|-supereffective|p1a: Da Tree
|-damage|p1a: Da Tree|24/100 tox
|-enditem|p1a: Da Tree|Sitrus Berry|[eat]
|-heal|p1a: Da Tree|49/100 tox|[from] item: Sitrus Berry
|move|p1a: Da Tree|Leech Seed|p2a: Gholdengo
|-immune|p2a: Gholdengo|[from] ability: Good as Gold
|
|-heal|p2a: Gholdengo|85/100|[from] item: Leftovers
|-damage|p1a: Da Tree|42/100 tox|[from] psn
|-item|p1a: Da Tree|Sitrus Berry|[from] ability: Harvest
|upkeep
|-enditem|p1a: Da Tree|Sitrus Berry|[eat]
|-heal|p1a: Da Tree|67/100 tox|[from] item: Sitrus Berry
|turn|11
|c|☆FrostBiteGZ|how do I forfeit
|-message|FrostBiteGZ forfeited.
|
|win|annefrank67
|raw|FrostBiteGZ's rating: 1071 &rarr; <strong>1051</strong><br />(-20 for losing)
|raw|annefrank67's rating: 1086 &rarr; <strong>1112</strong><br />(+26 for winning)
|c|☆annefrank67|you press x on the match tab and it asks you
|l|☆FrostBiteGZ
|player|p1|
|c|☆annefrank67|ye there you go
|c|☆annefrank67|gg
