|j|☆Southside Mike
|j|☆ChiefGreenLeaf3
|t:|1758297551
|gametype|singles
|player|p1|Southside Mike|rocketgrunt|1542
|player|p2|ChiefGreenLeaf3|giovanni-gen1|1696
|gen|9
|tier|[Gen 9] OU
|rated|
|rule|HP Percentage Mod: HP is shown in percentages
|rule|Endless Battle Clause: Forcing endless battles is banned
|rule|Species Clause: Limit one of each Pokémon
|rule|OHKO Clause: OHKO moves are banned
|rule|Evasion Items Clause: Evasion items are banned
|rule|Evasion Moves Clause: Evasion moves are banned
|rule|Evasion Abilities Clause: Evasion abilities are banned
|rule|Sleep Moves Clause: Sleep-inducing moves are banned
|clearpoke
|poke|p1|Deoxys-Speed|
|poke|p1|Hoopa-Unbound|
|poke|p1|Manaphy|
|poke|p1|Iron Valiant|
|poke|p1|Ursaluna, F|
|poke|p1|Cinderace, F|
|poke|p2|Iron Moth|
|poke|p2|Iron Valiant|
|poke|p2|Iron Jugulis|
|poke|p2|Zamazenta-*|
|poke|p2|Comfey, M|
|poke|p2|Cloyster, F|
|teampreview
|inactive|Battle timer is ON: inactive players will automatically lose when time's up. (requested by Southside Mike)
|
|t:|1758297562
|teamsize|p1|6
|teamsize|p2|6
|start
|switch|p1a: Deoxys|Deoxys-Speed|100/100
|switch|p2a: Iron Valiant|Iron Valiant, shiny|100/100
|-ability|p1a: Deoxys|Pressure
|-enditem|p2a: Iron Valiant|Booster Energy
|-activate|p2a: Iron Valiant|ability: Quark Drive|[fromitem]
|-start|p2a: Iron Valiant|quarkdrivespe
|turn|1
|inactive|Southside Mike has 120 seconds left.
|inactive|Southside Mike has 90 seconds left.
|
|t:|1758297627
|move|p2a: Iron Valiant|Taunt|p1a: Deoxys
|-start|p1a: Deoxys|move: Taunt
|move|p1a: Deoxys|Psycho Boost|p2a: Iron Valiant
|-supereffective|p2a: Iron Valiant
|-damage|p2a: Iron Valiant|0 fnt
|-unboost|p1a: Deoxys|spa|2
|faint|p2a: Iron Valiant
|-end|p2a: Iron Valiant|Quark Drive|[silent]
|
|upkeep
|inactive|ChiefGreenLeaf3 has 120 seconds left.
|
|t:|1758297659
|switch|p2a: Iron Jugulis|Iron Jugulis, shiny|100/100
|-enditem|p2a: Iron Jugulis|Booster Energy
|-activate|p2a: Iron Jugulis|ability: Quark Drive|[fromitem]
|-start|p2a: Iron Jugulis|quarkdrivespe
|turn|2
|
|t:|1758297668
|switch|p1a: Hoopa|Hoopa-Unbound|100/100
|move|p2a: Iron Jugulis|Hurricane|p1a: Hoopa
|-damage|p1a: Hoopa|73/100
|-start|p1a: Hoopa|confusion
|
|upkeep
|turn|3
|
|t:|1758297675
|move|p2a: Iron Jugulis|Dark Pulse|p1a: Hoopa
|-damage|p1a: Hoopa|55/100
|-activate|p1a: Hoopa|confusion
|move|p1a: Hoopa|Thunderbolt|p2a: Iron Jugulis
|-supereffective|p2a: Iron Jugulis
|-damage|p2a: Iron Jugulis|0 fnt
|faint|p2a: Iron Jugulis
|-end|p2a: Iron Jugulis|Quark Drive|[silent]
|
|upkeep
|
|t:|1758297687
|switch|p2a: Zamazenta|Zamazenta|100/100
|-ability|p2a: Zamazenta|Dauntless Shield|boost
|-boost|p2a: Zamazenta|def|1
|turn|4
|
|t:|1758297692
|switch|p1a: Deoxys|Deoxys-Speed|100/100
|-ability|p1a: Deoxys|Pressure
|move|p2a: Zamazenta|Body Press|p1a: Deoxys
|-resisted|p1a: Deoxys
|-damage|p1a: Deoxys|68/100
|
|upkeep
|turn|5
|
|t:|1758297709
|-terastallize|p2a: Zamazenta|Fire
|move|p1a: Deoxys|Reflect|p1a: Deoxys
|-sidestart|p1: Southside Mike|Reflect
|move|p2a: Zamazenta|Crunch|p1a: Deoxys
|-supereffective|p1a: Deoxys
|-damage|p1a: Deoxys|40/100
|
|upkeep
|turn|6
|
|t:|1758297716
|move|p1a: Deoxys|Taunt|p2a: Zamazenta
|-start|p2a: Zamazenta|move: Taunt
|cant|p2a: Zamazenta|move: Taunt|Iron Defense
|
|upkeep
|turn|7
|
|t:|1758297721
|move|p1a: Deoxys|Light Screen|p1a: Deoxys
|-sidestart|p1: Southside Mike|move: Light Screen
|move|p2a: Zamazenta|Crunch|p1a: Deoxys
|-supereffective|p1a: Deoxys
|-damage|p1a: Deoxys|12/100
|
|upkeep
|turn|8
|
|t:|1758297726
|move|p1a: Deoxys|Psycho Boost|p2a: Zamazenta
|-damage|p2a: Zamazenta|54/100
|-unboost|p1a: Deoxys|spa|2
|move|p2a: Zamazenta|Crunch|p1a: Deoxys
|-supereffective|p1a: Deoxys
|-damage|p1a: Deoxys|0 fnt
|faint|p1a: Deoxys
|
|-heal|p2a: Zamazenta|60/100|[from] item: Leftovers
|-end|p2a: Zamazenta|move: Taunt
|upkeep
|
|t:|1758297742
|switch|p1a: Iron Valiant|Iron Valiant|100/100
|-enditem|p1a: Iron Valiant|Booster Energy
|-activate|p1a: Iron Valiant|ability: Quark Drive|[fromitem]
|-start|p1a: Iron Valiant|quarkdrivespe
|turn|9
|
|t:|1758297747
|move|p1a: Iron Valiant|Encore|p2a: Zamazenta
|-start|p2a: Zamazenta|Encore
|move|p2a: Zamazenta|Crunch|p1a: Iron Valiant
|-resisted|p1a: Iron Valiant
|-damage|p1a: Iron Valiant|97/100
|-unboost|p1a: Iron Valiant|def|1
|
|-heal|p2a: Zamazenta|66/100|[from] item: Leftovers
|upkeep
|turn|10
|
|t:|1758297755
|switch|p2a: Iron Moth|Iron Moth, shiny|100/100
|-enditem|p2a: Iron Moth|Booster Energy
|-activate|p2a: Iron Moth|ability: Quark Drive|[fromitem]
|-start|p2a: Iron Moth|quarkdrivespe
|move|p1a: Iron Valiant|Psyshock|p2a: Iron Moth
|-supereffective|p2a: Iron Moth
|-damage|p2a: Iron Moth|24/100
|
|upkeep
|turn|11
|
|t:|1758297764
|move|p1a: Iron Valiant|Psyshock|p2a: Iron Moth
|-supereffective|p2a: Iron Moth
|-damage|p2a: Iron Moth|0 fnt
|faint|p2a: Iron Moth
|-end|p2a: Iron Moth|Quark Drive|[silent]
|
|upkeep
|
|t:|1758297765
|switch|p2a: Comfey|Comfey, M|100/100
|turn|12
|
|t:|1758297777
|-terastallize|p1a: Iron Valiant|Steel
|move|p1a: Iron Valiant|Encore||[still]
|-fail|p1a: Iron Valiant
|move|p2a: Comfey|Trick|p1a: Iron Valiant
|-activate|p2a: Comfey|move: Trick|[of] p1a: Iron Valiant
|-item|p1a: Iron Valiant|Choice Specs|[from] move: Trick
|-enditem|p2a: Comfey|Choice Specs|[silent]|[from] move: Trick
|
|-sideend|p1: Southside Mike|Reflect
|upkeep
|turn|13
|
|t:|1758297789
|move|p1a: Iron Valiant|Moonblast|p2a: Comfey
|-damage|p2a: Comfey|34/100
|move|p2a: Comfey|Calm Mind|p2a: Comfey
|-boost|p2a: Comfey|spa|1
|-boost|p2a: Comfey|spd|1
|
|upkeep
|turn|14
|
|t:|1758297795
|move|p2a: Comfey|Draining Kiss|p1a: Iron Valiant
|-resisted|p1a: Iron Valiant
|-damage|p1a: Iron Valiant|82/100
|-heal|p2a: Comfey|44/100|[from] drain|[of] p1a: Iron Valiant
|move|p1a: Iron Valiant|Moonblast|p2a: Comfey
|-damage|p2a: Comfey|0 fnt
|faint|p2a: Comfey
|
|-sideend|p1: Southside Mike|move: Light Screen
|upkeep
|
|t:|1758297799
|switch|p2a: Zamazenta|Zamazenta, tera:Fire|66/100
|turn|15
|
|t:|1758297806
|move|p1a: Iron Valiant|Moonblast|p2a: Zamazenta
|-resisted|p2a: Zamazenta
|-damage|p2a: Zamazenta|32/100
|move|p2a: Zamazenta|Iron Defense|p2a: Zamazenta
|-boost|p2a: Zamazenta|def|2
|
|-heal|p2a: Zamazenta|38/100|[from] item: Leftovers
|upkeep
|turn|16
|
|t:|1758297814
|move|p1a: Iron Valiant|Moonblast|p2a: Zamazenta
|-resisted|p2a: Zamazenta
|-damage|p2a: Zamazenta|8/100
|move|p2a: Zamazenta|Body Press|p1a: Iron Valiant
|-supereffective|p1a: Iron Valiant
|-damage|p1a: Iron Valiant|0 fnt
|faint|p1a: Iron Valiant
|-end|p1a: Iron Valiant|Quark Drive|[silent]
|
|-heal|p2a: Zamazenta|14/100|[from] item: Leftovers
|upkeep
|
|t:|1758297829
|switch|p1a: Manaphy|Manaphy|100/100
|turn|17
|
|t:|1758297833
|move|p2a: Zamazenta|Body Press|p1a: Manaphy
|-damage|p1a: Manaphy|37/100
|move|p1a: Manaphy|Scald|p2a: Zamazenta
|-supereffective|p2a: Zamazenta
|-damage|p2a: Zamazenta|0 fnt
|faint|p2a: Zamazenta
|
|-heal|p1a: Manaphy|43/100|[from] item: Leftovers
|upkeep
|
|t:|1758297834
|switch|p2a: Cloyster|Cloyster, F, shiny|100/100
|turn|18
|
|t:|1758297843
|move|p1a: Manaphy|Acid Armor|p1a: Manaphy
|-boost|p1a: Manaphy|def|2
|move|p2a: Cloyster|Shell Smash|p2a: Cloyster
|-unboost|p2a: Cloyster|def|1
|-unboost|p2a: Cloyster|spd|1
|-boost|p2a: Cloyster|atk|2
|-boost|p2a: Cloyster|spa|2
|-boost|p2a: Cloyster|spe|2
|
|-heal|p1a: Manaphy|50/100|[from] item: Leftovers
|upkeep
|turn|19
|
|t:|1758297860
|move|p2a: Cloyster|Rock Blast|p1a: Manaphy
|-damage|p1a: Manaphy|43/100
|-damage|p1a: Manaphy|36/100
|-damage|p1a: Manaphy|30/100
|-damage|p1a: Manaphy|23/100
|-damage|p1a: Manaphy|17/100
|-hitcount|p1a: Manaphy|5
|move|p1a: Manaphy|Scald|p2a: Cloyster
|-resisted|p2a: Cloyster
|-damage|p2a: Cloyster|43/100
|
|-heal|p1a: Manaphy|24/100|[from] item: Leftovers
|upkeep
|turn|20
|
|t:|1758297872
|move|p2a: Cloyster|Rock Blast|p1a: Manaphy
|-damage|p1a: Manaphy|17/100
|-damage|p1a: Manaphy|11/100
|-damage|p1a: Manaphy|4/100
|-damage|p1a: Manaphy|0 fnt
|faint|p1a: Manaphy
|-hitcount|p1: Manaphy|4
|
|upkeep
|
|t:|1758297882
|switch|p1a: Ursaluna|Ursaluna, F|100/100
|turn|21
|l|☆ChiefGreenLeaf3
|inactive|ChiefGreenLeaf3 disconnected and has a minute to reconnect!
|player|p2|
|j|☆ChiefGreenLeaf3
|inactive|ChiefGreenLeaf3 reconnected and has 110 seconds left.
|player|p2|ChiefGreenLeaf3|giovanni-gen1|
|
|t:|1758297926
|move|p2a: Cloyster|Icicle Spear|p1a: Ursaluna
|-supereffective|p1a: Ursaluna
|-damage|p1a: Ursaluna|67/100
|-supereffective|p1a: Ursaluna
|-damage|p1a: Ursaluna|34/100
|-supereffective|p1a: Ursaluna
|-damage|p1a: Ursaluna|2/100
|-supereffective|p1a: Ursaluna
|-damage|p1a: Ursaluna|0 fnt
|faint|p1a: Ursaluna
|-hitcount|p1: Ursaluna|4
|
|upkeep
|
|t:|1758297938
|switch|p1a: Cinderace|Cinderace, F|100/100
|turn|22
|
|t:|1758297942
|move|p1a: Cinderace|Sucker Punch|p2a: Cloyster
|-start|p1a: Cinderace|typechange|Dark|[from] ability: Libero
|-damage|p2a: Cloyster|0 fnt
|faint|p2a: Cloyster
|
|win|Southside Mike
|raw|Southside Mike's rating: 1542 &rarr; <strong>1571</strong><br />(+29 for winning)
|raw|ChiefGreenLeaf3's rating: 1713 &rarr; <strong>1684</strong><br />(-29 for losing)
|c|☆ChiefGreenLeaf3|moron
|c|☆Southside Mike|gg
|l|☆ChiefGreenLeaf3
|player|p2|
|c|☆Southside Mike|lol
|l|☆Southside Mike
|player|p1|
