|j|☆notmeezo
|j|☆3idk
|t:|1758349109
|gametype|singles
|player|p1|notmeezo|lucas|1435
|player|p2|3idk|cynthia-masters|1449
|gen|9
|tier|[Gen 9] OU
|rated|
|rule|HP Percentage Mod: HP is shown in percentages
|rule|Endless Battle Clause: Forcing endless battles is banned
|rule|Species Clause: Limit one of each Pokémon
|rule|OHKO Clause: OHKO moves are banned
|rule|Evasion Items Clause: Evasion items are banned
|rule|Evasion Moves Clause: Evasion moves are banned
|rule|Evasion Abilities Clause: Evasion abilities are banned
|rule|Sleep Moves Clause: Sleep-inducing moves are banned
|clearpoke
|poke|p1|Zamazenta-*|
|poke|p1|Serperior, M|
|poke|p1|Rotom-Heat|
|poke|p1|Corviknight, M|
|poke|p1|Gliscor, F|
|poke|p1|Ogerpon-Wellspring, F|
|poke|p2|Pelipper, F|
|poke|p2|Hatterene, F|
|poke|p2|Iron Treads|
|poke|p2|Toxicroak, F|
|poke|p2|Barraskewda, F|
|poke|p2|Zapdos|
|teampreview
|inactive|Battle timer is ON: inactive players will automatically lose when time's up. (requested by notmeezo)
|
|t:|1758349124
|teamsize|p1|6
|teamsize|p2|6
|start
|switch|p1a: Telkom|Rotom-Heat|100/100
|switch|p2a: Barraskewda|Barraskewda, F|100/100
|turn|1
|
|t:|1758349136
|switch|p1a: Corviknight|Corviknight, M|100/100
|move|p2a: Barraskewda|Flip Turn|p1a: Corviknight
|-damage|p1a: Corviknight|73/100
|-damage|p2a: Barraskewda|84/100|[from] item: Rocky Helmet|[of] p1a: Corviknight
|
|t:|1758349141
|switch|p2a: Zapdos|Zapdos|100/100|[from] Flip Turn
|
|upkeep
|turn|2
|
|t:|1758349147
|switch|p1a: Pinch|Gliscor, F|100/100
|move|p2a: Zapdos|Hurricane|p1a: Pinch
|-damage|p1a: Pinch|29/100
|
|-status|p1a: Pinch|tox|[from] item: Toxic Orb
|upkeep
|turn|3
|
|t:|1758349152
|switch|p1a: Telkom|Rotom-Heat|100/100
|move|p2a: Zapdos|Hurricane|p1a: Telkom
|-resisted|p1a: Telkom
|-damage|p1a: Telkom|41/100
|
|upkeep
|turn|4
|
|t:|1758349177
|move|p1a: Telkom|Overheat|p2a: Zapdos|[miss]
|-miss|p1a: Telkom|p2a: Zapdos
|move|p2a: Zapdos|Hurricane|p1a: Telkom|[miss]
|-miss|p2a: Zapdos|p1a: Telkom
|
|upkeep
|turn|5
|
|t:|1758349184
|switch|p2a: Pelipper|Pelipper, F|100/100
|-weather|RainDance|[from] ability: Drizzle|[of] p2a: Pelipper
|move|p1a: Telkom|Overheat|p2a: Pelipper
|-resisted|p2a: Pelipper
|-damage|p2a: Pelipper|87/100
|-unboost|p1a: Telkom|spa|2
|
|-weather|RainDance|[upkeep]
|upkeep
|turn|6
|
|t:|1758349188
|switch|p1a: Mystic|Ogerpon-Wellspring, F|100/100
|move|p2a: Pelipper|U-turn|p1a: Mystic
|-supereffective|p1a: Mystic
|-damage|p1a: Mystic|75/100
|
|t:|1758349195
|switch|p2a: Toxicroak|Toxicroak, F|100/100|[from] U-turn
|
|-weather|RainDance|[upkeep]
|upkeep
|turn|7
|
|t:|1758349199
|move|p1a: Mystic|U-turn|p2a: Toxicroak
|-resisted|p2a: Toxicroak
|-damage|p2a: Toxicroak|95/100
|-damage|p1a: Mystic|59/100|[from] item: Rocky Helmet|[of] p2a: Toxicroak
|
|t:|1758349207
|switch|p1a: Corviknight|Corviknight, M|73/100|[from] U-turn
|move|p2a: Toxicroak|Knock Off|p1a: Corviknight
|-damage|p1a: Corviknight|59/100
|-damage|p2a: Toxicroak|78/100|[from] item: Rocky Helmet|[of] p1a: Corviknight
|-enditem|p1a: Corviknight|Rocky Helmet|[from] move: Knock Off|[of] p2a: Toxicroak
|
|-weather|RainDance|[upkeep]
|-heal|p2a: Toxicroak|90/100|[from] ability: Dry Skin
|upkeep
|turn|8
|
|t:|1758349213
|switch|p2a: Zapdos|Zapdos|100/100
|move|p1a: Corviknight|Defog|p2a: Zapdos
|-unboost|p2a: Zapdos|evasion|1
|
|-weather|RainDance|[upkeep]
|upkeep
|turn|9
|
|t:|1758349220
|switch|p1a: Telkom|Rotom-Heat|41/100
|move|p2a: Zapdos|Hurricane|p1a: Telkom
|-resisted|p1a: Telkom
|-damage|p1a: Telkom|0 fnt
|faint|p1a: Telkom
|
|-weather|RainDance|[upkeep]
|upkeep
|
|t:|1758349240
|switch|p1a: Mystic|Ogerpon-Wellspring, F|59/100
|turn|10
|
|t:|1758349259
|switch|p2a: Toxicroak|Toxicroak, F|90/100
|move|p1a: Mystic|Ivy Cudgel|p2a: Toxicroak|[anim] Ivy Cudgel Water
|-heal|p2a: Toxicroak|100/100|[from] ability: Dry Skin|[of] p1a: Mystic
|
|-weather|RainDance|[upkeep]
|upkeep
|turn|11
|
|t:|1758349268
|move|p1a: Mystic|U-turn|p2a: Toxicroak
|-resisted|p2a: Toxicroak
|-damage|p2a: Toxicroak|94/100
|-damage|p1a: Mystic|42/100|[from] item: Rocky Helmet|[of] p2a: Toxicroak
|
|t:|1758349278
|switch|p1a: Corviknight|Corviknight, M|59/100|[from] U-turn
|move|p2a: Toxicroak|Knock Off|p1a: Corviknight
|-damage|p1a: Corviknight|50/100
|
|-weather|RainDance|[upkeep]
|-heal|p2a: Toxicroak|100/100|[from] ability: Dry Skin
|upkeep
|turn|12
|
|t:|1758349283
|switch|p2a: Zapdos|Zapdos|100/100
|move|p1a: Corviknight|Roost|p1a: Corviknight
|-heal|p1a: Corviknight|99/100
|-singleturn|p1a: Corviknight|move: Roost
|
|-weather|none
|upkeep
|turn|13
|
|t:|1758349299
|switch|p1a: Pinch|Gliscor, F|29/100 tox
|move|p2a: Zapdos|Hurricane|p1a: Pinch
|-damage|p1a: Pinch|0 fnt
|faint|p1a: Pinch
|
|upkeep
|
|t:|1758349303
|switch|p1a: Fuzzy|Serperior, M|100/100
|turn|14
|
|t:|1758349311
|-terastallize|p1a: Fuzzy|Electric
|move|p1a: Fuzzy|Substitute|p1a: Fuzzy
|-start|p1a: Fuzzy|Substitute
|-damage|p1a: Fuzzy|75/100
|move|p2a: Zapdos|Hurricane|p1a: Fuzzy
|-resisted|p1a: Fuzzy
|-end|p1a: Fuzzy|Substitute
|
|-heal|p1a: Fuzzy|82/100|[from] item: Leftovers
|upkeep
|turn|15
|
|t:|1758349321
|switch|p2a: Iron Treads|Iron Treads|100/100
|move|p1a: Fuzzy|Leaf Storm|p2a: Iron Treads
|-damage|p2a: Iron Treads|70/100
|-boost|p1a: Fuzzy|spa|2
|
|-heal|p1a: Fuzzy|88/100|[from] item: Leftovers
|-heal|p2a: Iron Treads|76/100|[from] item: Leftovers
|upkeep
|turn|16
|
|t:|1758349326
|switch|p1a: Corviknight|Corviknight, M|99/100
|move|p2a: Iron Treads|Earthquake|p1a: Corviknight
|-immune|p1a: Corviknight
|
|-heal|p2a: Iron Treads|82/100|[from] item: Leftovers
|upkeep
|turn|17
|
|t:|1758349330
|move|p2a: Iron Treads|Volt Switch|p1a: Corviknight
|-supereffective|p1a: Corviknight
|-damage|p1a: Corviknight|77/100
|
|t:|1758349337
|-end|p2a: Iron Treads|Quark Drive|[silent]
|switch|p2a: Pelipper|Pelipper, F|87/100|[from] Volt Switch
|-weather|RainDance|[from] ability: Drizzle|[of] p2a: Pelipper
|move|p1a: Corviknight|Body Press|p2a: Pelipper
|-resisted|p2a: Pelipper
|-damage|p2a: Pelipper|74/100
|
|-weather|RainDance|[upkeep]
|upkeep
|turn|18
|
|t:|1758349346
|move|p1a: Corviknight|Body Press|p2a: Pelipper
|-resisted|p2a: Pelipper
|-damage|p2a: Pelipper|60/100
|move|p2a: Pelipper|U-turn|p1a: Corviknight
|-resisted|p1a: Corviknight
|-damage|p1a: Corviknight|75/100
|
|t:|1758349351
|switch|p2a: Zapdos|Zapdos|100/100|[from] U-turn
|
|-weather|RainDance|[upkeep]
|upkeep
|turn|19
|
|t:|1758349355
|switch|p1a: Fuzzy|Serperior, M, tera:Electric|88/100
|move|p2a: Zapdos|Volt Switch|p1a: Fuzzy
|-resisted|p1a: Fuzzy
|-damage|p1a: Fuzzy|59/100
|
|t:|1758349360
|switch|p2a: Barraskewda|Barraskewda, F|84/100|[from] Volt Switch
|
|-weather|RainDance|[upkeep]
|-heal|p1a: Fuzzy|65/100|[from] item: Leftovers
|upkeep
|turn|20
|
|t:|1758349365
|switch|p1a: Mystic|Ogerpon-Wellspring, F|42/100
|move|p2a: Barraskewda|Close Combat|p1a: Mystic
|-damage|p1a: Mystic|0 fnt
|-unboost|p2a: Barraskewda|def|1
|-unboost|p2a: Barraskewda|spd|1
|faint|p1a: Mystic
|
|-weather|RainDance|[upkeep]
|upkeep
|
|t:|1758349371
|switch|p1a: Shield|Zamazenta|100/100
|-ability|p1a: Shield|Dauntless Shield|boost
|-boost|p1a: Shield|def|1
|turn|21
|
|t:|1758349376
|switch|p2a: Hatterene|Hatterene, F|100/100
|move|p1a: Shield|Body Press|p2a: Hatterene
|-resisted|p2a: Hatterene
|-damage|p2a: Hatterene|88/100
|-enditem|p2a: Hatterene|Eject Button
|
|t:|1758349386
|switch|p2a: Barraskewda|Barraskewda, F|84/100
|
|-weather|RainDance|[upkeep]
|upkeep
|turn|22
|
|t:|1758349391
|-terastallize|p2a: Barraskewda|Water
|move|p2a: Barraskewda|Flip Turn|p1a: Shield
|-damage|p1a: Shield|52/100
|
|t:|1758349396
|switch|p2a: Hatterene|Hatterene, F|88/100|[from] Flip Turn
|move|p1a: Shield|Ice Fang|p2a: Hatterene
|-damage|p2a: Hatterene|70/100
|-status|p2a: Hatterene|frz
|
|-weather|RainDance|[upkeep]
|upkeep
|turn|23
|
|t:|1758349402
|switch|p2a: Toxicroak|Toxicroak, F|100/100
|move|p1a: Shield|Ice Fang|p2a: Toxicroak
|-damage|p2a: Toxicroak|83/100
|-damage|p1a: Shield|35/100|[from] item: Rocky Helmet|[of] p2a: Toxicroak
|
|-weather|RainDance|[upkeep]
|-heal|p2a: Toxicroak|96/100|[from] ability: Dry Skin
|upkeep
|turn|24
|
|t:|1758349409
|move|p2a: Toxicroak|Knock Off|p1a: Shield
|-resisted|p1a: Shield
|-damage|p1a: Shield|29/100
|-enditem|p1a: Shield|Aguav Berry|[from] move: Knock Off|[of] p2a: Toxicroak
|move|p1a: Shield|Roar|p2a: Toxicroak
|drag|p2a: Pelipper|Pelipper, F|60/100
|
|-weather|none
|upkeep
|turn|25
|
|t:|1758349418
|switch|p1a: Fuzzy|Serperior, M, tera:Electric|65/100
|switch|p2a: Toxicroak|Toxicroak, F|96/100
|
|-heal|p1a: Fuzzy|71/100|[from] item: Leftovers
|upkeep
|turn|26
|
|t:|1758349424
|move|p1a: Fuzzy|Glare|p2a: Toxicroak
|-status|p2a: Toxicroak|par
|cant|p2a: Toxicroak|par
|
|-heal|p1a: Fuzzy|77/100|[from] item: Leftovers
|upkeep
|turn|27
|
|t:|1758349434
|move|p1a: Fuzzy|Substitute|p1a: Fuzzy
|-start|p1a: Fuzzy|Substitute
|-damage|p1a: Fuzzy|52/100
|move|p2a: Toxicroak|Drain Punch|p1a: Fuzzy
|-end|p1a: Fuzzy|Substitute
|-heal|p2a: Toxicroak|100/100 par|[from] drain|[of] p1a: Fuzzy
|
|-heal|p1a: Fuzzy|58/100|[from] item: Leftovers
|upkeep
|turn|28
|
|t:|1758349441
|switch|p1a: Corviknight|Corviknight, M|75/100
|switch|p2a: Iron Treads|Iron Treads|82/100
|
|-heal|p2a: Iron Treads|88/100|[from] item: Leftovers
|upkeep
|turn|29
|
|t:|1758349445
|move|p2a: Iron Treads|Volt Switch|p1a: Corviknight
|-supereffective|p1a: Corviknight
|-damage|p1a: Corviknight|53/100
|
|t:|1758349449
|-end|p2a: Iron Treads|Quark Drive|[silent]
|switch|p2a: Pelipper|Pelipper, F|60/100|[from] Volt Switch
|-weather|RainDance|[from] ability: Drizzle|[of] p2a: Pelipper
|move|p1a: Corviknight|Body Press|p2a: Pelipper
|-resisted|p2a: Pelipper
|-damage|p2a: Pelipper|46/100
|
|-weather|RainDance|[upkeep]
|upkeep
|turn|30
|
|t:|1758349453
|move|p1a: Corviknight|Roost|p1a: Corviknight
|-heal|p1a: Corviknight|100/100
|-singleturn|p1a: Corviknight|move: Roost
|move|p2a: Pelipper|U-turn|p1a: Corviknight
|-resisted|p1a: Corviknight
|-damage|p1a: Corviknight|98/100
|
|t:|1758349456
|switch|p2a: Zapdos|Zapdos|100/100|[from] U-turn
|
|-weather|RainDance|[upkeep]
|upkeep
|turn|31
|
|t:|1758349462
|switch|p1a: Fuzzy|Serperior, M, tera:Electric|58/100
|move|p2a: Zapdos|Thunder|p1a: Fuzzy
|-resisted|p1a: Fuzzy
|-damage|p1a: Fuzzy|14/100
|
|-weather|RainDance|[upkeep]
|-heal|p1a: Fuzzy|21/100|[from] item: Leftovers
|upkeep
|turn|32
|
|t:|1758349468
|move|p1a: Fuzzy|Leaf Storm|p2a: Zapdos
|-resisted|p2a: Zapdos
|-damage|p2a: Zapdos|78/100
|-boost|p1a: Fuzzy|spa|2
|move|p2a: Zapdos|Thunder|p1a: Fuzzy
|-resisted|p1a: Fuzzy
|-damage|p1a: Fuzzy|0 fnt
|faint|p1a: Fuzzy
|
|-weather|RainDance|[upkeep]
|upkeep
|
|t:|1758349471
|switch|p1a: Shield|Zamazenta|29/100
|turn|33
|
|t:|1758349475
|switch|p2a: Toxicroak|Toxicroak, F|100/100 par
|move|p1a: Shield|Ice Fang|p2a: Toxicroak
|-damage|p2a: Toxicroak|84/100 par
|-damage|p1a: Shield|13/100|[from] item: Rocky Helmet|[of] p2a: Toxicroak
|
|-weather|RainDance|[upkeep]
|-heal|p2a: Toxicroak|96/100 par|[from] ability: Dry Skin
|upkeep
|turn|34
|c|☆notmeezo|gg
|-message|notmeezo forfeited.
|
|win|3idk
|raw|notmeezo's rating: 1435 &rarr; <strong>1416</strong><br />(-19 for losing)
|raw|3idk's rating: 1449 &rarr; <strong>1468</strong><br />(+19 for winning)
|l|☆notmeezo
|player|p1|
|l|☆3idk
|player|p2|
