|j|☆diversehaddock4
|j|☆Nami-Schib
|t:|1758288180
|gametype|singles
|player|p1|diversehaddock4|wallace|1114
|player|p2|Nami-Schib|101|1136
|gen|9
|tier|[Gen 9] OU
|rated|
|rule|HP Percentage Mod: HP is shown in percentages
|rule|Endless Battle Clause: Forcing endless battles is banned
|rule|Species Clause: Limit one of each Pokémon
|rule|OHKO Clause: OHKO moves are banned
|rule|Evasion Items Clause: Evasion items are banned
|rule|Evasion Moves Clause: Evasion moves are banned
|rule|Evasion Abilities Clause: Evasion abilities are banned
|rule|Sleep Moves Clause: Sleep-inducing moves are banned
|clearpoke
|poke|p1|Hatterene, F|
|poke|p1|Kyurem|
|poke|p1|Corviknight, F|
|poke|p1|Kingambit, F|
|poke|p1|Walking Wake|
|poke|p1|Pecharunt|
|poke|p2|Galvantula, M|
|poke|p2|Lucario, F|
|poke|p2|Dragonite, F|
|poke|p2|Tentacruel, F|
|poke|p2|Rotom-Wash|
|poke|p2|Golurk|
|teampreview
|inactive|Battle timer is ON: inactive players will automatically lose when time's up. (requested by diversehaddock4)
|inactive|diversehaddock4 has 120 seconds left.
|
|t:|1758288215
|teamsize|p1|6
|teamsize|p2|6
|start
|switch|p1a: Corviknight|Corviknight, F|100/100
|switch|p2a: Golurk|Golurk, shiny|100/100
|-ability|p1a: Corviknight|Pressure
|turn|1
|
|t:|1758288222
|move|p1a: Corviknight|U-turn|p2a: Golurk
|-resisted|p2a: Golurk
|-damage|p2a: Golurk|92/100
|
|t:|1758288229
|switch|p1a: Kyurem|Kyurem|100/100|[from] U-turn
|-ability|p1a: Kyurem|Pressure
|move|p2a: Golurk|Dynamic Punch|p1a: Kyurem
|-supereffective|p1a: Kyurem
|-damage|p1a: Kyurem|37/100
|-start|p1a: Kyurem|confusion
|
|upkeep
|turn|2
|
|t:|1758288243
|-activate|p1a: Kyurem|confusion
|move|p1a: Kyurem|Ice Beam|p2a: Golurk
|-supereffective|p2a: Golurk
|-damage|p2a: Golurk|0 fnt
|faint|p2a: Golurk
|
|upkeep
|
|t:|1758288249
|switch|p2a: Lucario|Lucario, F|100/100
|turn|3
|inactive|diversehaddock4 has 120 seconds left.
|inactive|Nami-Schib has 120 seconds left.
|
|t:|1758288288
|switch|p1a: Corviknight|Corviknight, F|100/100
|-ability|p1a: Corviknight|Pressure
|move|p2a: Lucario|Force Palm|p1a: Corviknight
|-damage|p1a: Corviknight|86/100
|
|-heal|p1a: Corviknight|92/100|[from] item: Leftovers
|upkeep
|turn|4
|inactive|Nami-Schib has 120 seconds left.
|inactive|diversehaddock4 has 120 seconds left.
|
|t:|1758288308
|move|p2a: Lucario|Work Up|p2a: Lucario
|-boost|p2a: Lucario|atk|1
|-boost|p2a: Lucario|spa|1
|move|p1a: Corviknight|Brave Bird|p2a: Lucario
|-damage|p2a: Lucario|38/100
|-damage|p1a: Corviknight|78/100|[from] Recoil
|
|-heal|p2a: Lucario|44/100|[from] item: Leftovers
|-heal|p1a: Corviknight|84/100|[from] item: Leftovers
|upkeep
|turn|5
|inactive|diversehaddock4 has 120 seconds left.
|
|t:|1758288314
|move|p2a: Lucario|Aura Sphere|p1a: Corviknight
|-damage|p1a: Corviknight|33/100
|move|p1a: Corviknight|Brave Bird|p2a: Lucario
|-damage|p2a: Lucario|0 fnt
|faint|p2a: Lucario
|-damage|p1a: Corviknight|22/100|[from] Recoil
|
|-heal|p1a: Corviknight|28/100|[from] item: Leftovers
|upkeep
|
|t:|1758288319
|switch|p2a: Galvantula|Galvantula, M, shiny|100/100
|turn|6
|inactive|diversehaddock4 has 120 seconds left.
|
|t:|1758288341
|move|p2a: Galvantula|Thunderbolt|p1a: Corviknight
|-supereffective|p1a: Corviknight
|-damage|p1a: Corviknight|0 fnt
|faint|p1a: Corviknight
|
|upkeep
|
|t:|1758288351
|switch|p1a: Pecharunt|Pecharunt|100/100
|turn|7
|
|t:|1758288358
|move|p2a: Galvantula|Thunder Wave|p1a: Pecharunt
|-status|p1a: Pecharunt|par
|cant|p1a: Pecharunt|par
|
|upkeep
|turn|8
|
|t:|1758288362
|move|p2a: Galvantula|Sticky Web|p1a: Pecharunt
|-sidestart|p1: diversehaddock4|move: Sticky Web
|move|p1a: Pecharunt|Malignant Chain|p2a: Galvantula
|-crit|p2a: Galvantula
|-enditem|p2a: Galvantula|Focus Sash
|-damage|p2a: Galvantula|1/100
|
|upkeep
|turn|9
|
|t:|1758288374
|move|p2a: Galvantula|Thunderbolt|p1a: Pecharunt
|-damage|p1a: Pecharunt|61/100 par
|move|p1a: Pecharunt|Malignant Chain|p2a: Galvantula
|-damage|p2a: Galvantula|0 fnt
|faint|p2a: Galvantula
|
|upkeep
|
|t:|1758288387
|switch|p2a: Dragonite|Dragonite, F|100/100
|turn|10
|
|t:|1758288405
|move|p2a: Dragonite|Earthquake|p1a: Pecharunt
|-supereffective|p1a: Pecharunt
|-damage|p1a: Pecharunt|20/100 par
|-enditem|p1a: Pecharunt|Sitrus Berry|[eat]
|-heal|p1a: Pecharunt|45/100 par|[from] item: Sitrus Berry
|move|p1a: Pecharunt|Malignant Chain|p2a: Dragonite
|-damage|p2a: Dragonite|77/100
|
|upkeep
|turn|11
|
|t:|1758288416
|move|p2a: Dragonite|Earthquake|p1a: Pecharunt
|-supereffective|p1a: Pecharunt
|-damage|p1a: Pecharunt|0 fnt
|faint|p1a: Pecharunt
|
|upkeep
|inactive|diversehaddock4 has 120 seconds left.
|
|t:|1758288428
|switch|p1a: Hatterene|Hatterene, F|100/100
|-activate|p1a: Hatterene|move: Sticky Web
|-unboost|p1a: Hatterene|spe|1
|turn|12
|
|t:|1758288436
|move|p2a: Dragonite|Earthquake|p1a: Hatterene
|-damage|p1a: Hatterene|69/100
|-enditem|p1a: Hatterene|Eject Button
|
|t:|1758288441
|switch|p1a: Kyurem|Kyurem|37/100
|-activate|p1a: Kyurem|move: Sticky Web
|-unboost|p1a: Kyurem|spe|1
|-ability|p1a: Kyurem|Pressure
|
|upkeep
|turn|13
|
|t:|1758288446
|move|p2a: Dragonite|Dragon Claw|p1a: Kyurem
|-supereffective|p1a: Kyurem
|-damage|p1a: Kyurem|0 fnt
|faint|p1a: Kyurem
|
|upkeep
|
|t:|1758288455
|switch|p1a: Hatterene|Hatterene, F|69/100
|-activate|p1a: Hatterene|move: Sticky Web
|-unboost|p1a: Hatterene|spe|1
|turn|14
|
|t:|1758288462
|move|p2a: Dragonite|Earthquake|p1a: Hatterene
|-damage|p1a: Hatterene|35/100
|move|p1a: Hatterene|Dazzling Gleam|p2a: Dragonite
|-supereffective|p2a: Dragonite
|-damage|p2a: Dragonite|3/100
|
|upkeep
|turn|15
|
|t:|1758288468
|move|p2a: Dragonite|Earthquake|p1a: Hatterene
|-damage|p1a: Hatterene|2/100
|move|p1a: Hatterene|Dazzling Gleam|p2a: Dragonite
|-supereffective|p2a: Dragonite
|-damage|p2a: Dragonite|0 fnt
|faint|p2a: Dragonite
|
|upkeep
|
|t:|1758288471
|switch|p2a: Tentacruel|Tentacruel, F|100/100
|turn|16
|
|t:|1758288492
|move|p2a: Tentacruel|Rapid Spin|p1a: Hatterene
|-damage|p1a: Hatterene|0 fnt
|-boost|p2a: Tentacruel|spe|1
|faint|p1a: Hatterene
|
|upkeep
|
|t:|1758288498
|switch|p1a: Walking Wake|Walking Wake|100/100
|-activate|p1a: Walking Wake|move: Sticky Web
|-unboost|p1a: Walking Wake|spe|1
|turn|17
|
|t:|1758288503
|move|p2a: Tentacruel|Sludge Bomb|p1a: Walking Wake
|-damage|p1a: Walking Wake|61/100
|move|p1a: Walking Wake|Dragon Pulse|p2a: Tentacruel
|-damage|p2a: Tentacruel|37/100
|
|-heal|p2a: Tentacruel|43/100|[from] item: Black Sludge
|upkeep
|turn|18
|
|t:|1758288509
|move|p2a: Tentacruel|Sludge Bomb|p1a: Walking Wake
|-damage|p1a: Walking Wake|22/100
|move|p1a: Walking Wake|Dragon Pulse|p2a: Tentacruel
|-damage|p2a: Tentacruel|0 fnt
|faint|p2a: Tentacruel
|
|upkeep
|
|t:|1758288514
|switch|p2a: Rotom|Rotom-Wash|100/100
|turn|19
|
|t:|1758288519
|move|p2a: Rotom|Thunderbolt|p1a: Walking Wake
|-damage|p1a: Walking Wake|0 fnt
|faint|p1a: Walking Wake
|-end|p1a: Walking Wake|Protosynthesis|[silent]
|
|upkeep
|
|t:|1758288521
|switch|p1a: Kingambit|Kingambit, F|100/100
|-activate|p1a: Kingambit|move: Sticky Web
|-unboost|p1a: Kingambit|spe|1
|-activate|p1a: Kingambit|ability: Supreme Overlord
|-start|p1a: Kingambit|fallen5|[silent]
|turn|20
|
|t:|1758288540
|-terastallize|p1a: Kingambit|Dark
|move|p1a: Kingambit|Sucker Punch||[still]
|-fail|p1a: Kingambit
|move|p2a: Rotom|Will-O-Wisp|p1a: Kingambit
|-status|p1a: Kingambit|brn
|
|-damage|p1a: Kingambit|94/100 brn|[from] brn
|upkeep
|turn|21
|
|t:|1758288548
|move|p2a: Rotom|Hydro Pump|p1a: Kingambit|[miss]
|-miss|p2a: Rotom|p1a: Kingambit
|move|p1a: Kingambit|Iron Head|p2a: Rotom
|-resisted|p2a: Rotom
|-damage|p2a: Rotom|88/100
|
|-heal|p2a: Rotom|94/100|[from] item: Leftovers
|-damage|p1a: Kingambit|88/100 brn|[from] brn
|upkeep
|turn|22
|
|t:|1758288557
|move|p2a: Rotom|Hydro Pump|p1a: Kingambit
|-damage|p1a: Kingambit|35/100 brn
|move|p1a: Kingambit|Swords Dance|p1a: Kingambit
|-boost|p1a: Kingambit|atk|2
|
|-heal|p2a: Rotom|100/100|[from] item: Leftovers
|-damage|p1a: Kingambit|29/100 brn|[from] brn
|upkeep
|turn|23
|
|t:|1758288561
|move|p1a: Kingambit|Sucker Punch|p2a: Rotom
|-damage|p2a: Rotom|0 fnt
|faint|p2a: Rotom
|
|win|diversehaddock4
|raw|diversehaddock4's rating: 1114 &rarr; <strong>1141</strong><br />(+27 for winning)
|raw|Nami-Schib's rating: 1136 &rarr; <strong>1109</strong><br />(-27 for losing)
|l|☆Nami-Schib
|player|p2|
