|j|☆jzhuc1841
|j|☆sunny dancing
|t:|1758252396
|gametype|singles
|player|p1|jzhuc1841|hilbert-wonderlauncher|1534
|player|p2|sunny dancing|1|1608
|gen|9
|tier|[Gen 9] OU
|rated|
|rule|HP Percentage Mod: HP is shown in percentages
|rule|Endless Battle Clause: Forcing endless battles is banned
|rule|Species Clause: Limit one of each Pokémon
|rule|OHKO Clause: OHKO moves are banned
|rule|Evasion Items Clause: Evasion items are banned
|rule|Evasion Moves Clause: Evasion moves are banned
|rule|Evasion Abilities Clause: Evasion abilities are banned
|rule|Sleep Moves Clause: Sleep-inducing moves are banned
|clearpoke
|poke|p1|Iron Crown|
|poke|p1|Dragapult, M|
|poke|p1|Zamazenta-*|
|poke|p1|Moltres|
|poke|p1|Ogerpon-Wellspring, F|
|poke|p1|Glimmora, M|
|poke|p2|Ogerpon-Wellspring, F|
|poke|p2|Slowking-Galar, F|
|poke|p2|Great Tusk|
|poke|p2|Moltres|
|poke|p2|Dragapult, F|
|poke|p2|Kingambit, F|
|teampreview
|
|t:|1758252407
|teamsize|p1|6
|teamsize|p2|6
|start
|switch|p1a: Ogerpon|Ogerpon-Wellspring, F|100/100
|switch|p2a: Slowking|Slowking-Galar, F|100/100
|turn|1
|inactive|Battle timer is ON: inactive players will automatically lose when time's up. (requested by sunny dancing)
|
|t:|1758252414
|move|p1a: Ogerpon|U-turn|p2a: Slowking
|-damage|p2a: Slowking|75/100
|
|t:|1758252417
|switch|p1a: Glimmora|Glimmora, M|100/100|[from] U-turn
|move|p2a: Slowking|Sludge Bomb|p1a: Glimmora
|-resisted|p1a: Glimmora
|-damage|p1a: Glimmora|87/100
|
|upkeep
|turn|2
|
|t:|1758252429
|move|p1a: Glimmora|Meteor Beam||[still]
|-prepare|p1a: Glimmora|Meteor Beam
|-boost|p1a: Glimmora|spa|1
|-enditem|p1a: Glimmora|Power Herb
|-anim|p1a: Glimmora|Meteor Beam|p2a: Slowking|[miss]
|-miss|p1a: Glimmora|p2a: Slowking
|move|p2a: Slowking|Psyshock|p1a: Glimmora
|-supereffective|p1a: Glimmora
|-damage|p1a: Glimmora|0 fnt
|faint|p1a: Glimmora
|
|upkeep
|
|t:|1758252442
|switch|p1a: Ogerpon|Ogerpon-Wellspring, F|100/100
|turn|3
|l|☆jzhuc1841
|inactive|jzhuc1841 disconnected and has a minute to reconnect!
|player|p1|
|inactive|jzhuc1841 has 30 seconds to reconnect!
|inactive|jzhuc1841 has 20 seconds to reconnect!
|inactive|jzhuc1841 has 15 seconds to reconnect!
|inactive|jzhuc1841 has 10 seconds to reconnect!
|j|☆jzhuc1841
|inactive|jzhuc1841 reconnected and has 90 seconds left.
|player|p1|jzhuc1841|hilbert-wonderlauncher|
|
|t:|1758252505
|switch|p2a: Moltres|Moltres|100/100
|move|p1a: Ogerpon|Knock Off|p2a: Moltres
|-damage|p2a: Moltres|72/100
|-status|p1a: Ogerpon|brn|[from] ability: Flame Body|[of] p2a: Moltres
|-enditem|p2a: Moltres|Heavy-Duty Boots|[from] move: Knock Off|[of] p1a: Ogerpon
|
|-damage|p1a: Ogerpon|95/100 brn|[from] brn
|upkeep
|turn|4
|inactive|jzhuc1841 has 90 seconds left.
|
|t:|1758252511
|move|p1a: Ogerpon|U-turn|p2a: Moltres
|-resisted|p2a: Moltres
|-damage|p2a: Moltres|69/100
|
|t:|1758252515
|switch|p1a: Moltres|Moltres|100/100|[from] U-turn
|move|p2a: Moltres|Roost|p2a: Moltres
|-heal|p2a: Moltres|100/100
|-singleturn|p2a: Moltres|move: Roost
|
|upkeep
|turn|5
|
|t:|1758252521
|switch|p2a: Slowking|Slowking-Galar, F|100/100
|move|p1a: Moltres|U-turn|p2a: Slowking
|-damage|p2a: Slowking|88/100
|
|t:|1758252526
|switch|p1a: Iron Crown|Iron Crown|100/100|[from] U-turn
|
|upkeep
|turn|6
|
|t:|1758252532
|move|p1a: Iron Crown|Future Sight|p2a: Slowking
|-start|p1a: Iron Crown|move: Future Sight
|move|p2a: Slowking|Flamethrower|p1a: Iron Crown
|-supereffective|p1a: Iron Crown
|-damage|p1a: Iron Crown|66/100
|-status|p1a: Iron Crown|brn
|
|-damage|p1a: Iron Crown|60/100 brn|[from] brn
|upkeep
|turn|7
|
|t:|1758252541
|move|p1a: Iron Crown|Volt Switch|p2a: Slowking
|-damage|p2a: Slowking|76/100
|
|t:|1758252544
|-end|p1a: Iron Crown|Quark Drive|[silent]
|switch|p1a: Ogerpon|Ogerpon-Wellspring, F|95/100 brn|[from] Volt Switch
|move|p2a: Slowking|Flamethrower|p1a: Ogerpon
|-damage|p1a: Ogerpon|61/100 brn
|
|-damage|p1a: Ogerpon|55/100 brn|[from] brn
|upkeep
|turn|8
|
|t:|1758252551
|switch|p2a: Kingambit|Kingambit, F|100/100
|move|p1a: Ogerpon|Ivy Cudgel|p2a: Kingambit|[anim] Ivy Cudgel Water
|-damage|p2a: Kingambit|76/100
|
|-end|p2a: Kingambit|move: Future Sight
|-immune|p2a: Kingambit
|-heal|p2a: Kingambit|82/100|[from] item: Leftovers
|-damage|p1a: Ogerpon|49/100 brn|[from] brn
|upkeep
|turn|9
|
|t:|1758252557
|move|p2a: Kingambit|Sucker Punch|p1a: Ogerpon
|-crit|p1a: Ogerpon
|-damage|p1a: Ogerpon|0 fnt
|faint|p1a: Ogerpon
|
|-heal|p2a: Kingambit|88/100|[from] item: Leftovers
|upkeep
|
|t:|1758252559
|switch|p1a: Zamazenta|Zamazenta|100/100
|-ability|p1a: Zamazenta|Dauntless Shield|boost
|-boost|p1a: Zamazenta|def|1
|turn|10
|
|t:|1758252565
|-end|p2a: Kingambit|fallenundefined|[silent]
|switch|p2a: Moltres|Moltres|100/100
|move|p1a: Zamazenta|Stone Edge|p2a: Moltres
|-supereffective|p2a: Moltres
|-damage|p2a: Moltres|0 fnt
|faint|p2a: Moltres
|
|upkeep
|
|t:|1758252574
|switch|p2a: Slowking|Slowking-Galar, F|100/100
|turn|11
|
|t:|1758252582
|switch|p1a: Iron Crown|Iron Crown|60/100 brn
|move|p2a: Slowking|Psyshock|p1a: Iron Crown
|-resisted|p1a: Iron Crown
|-damage|p1a: Iron Crown|50/100 brn
|
|-damage|p1a: Iron Crown|44/100 brn|[from] brn
|upkeep
|turn|12
|
|t:|1758252588
|move|p1a: Iron Crown|Future Sight|p2a: Slowking
|-start|p1a: Iron Crown|move: Future Sight
|move|p2a: Slowking|Flamethrower|p1a: Iron Crown
|-supereffective|p1a: Iron Crown
|-damage|p1a: Iron Crown|9/100 brn
|
|-damage|p1a: Iron Crown|3/100 brn|[from] brn
|upkeep
|turn|13
|
|t:|1758252595
|move|p1a: Iron Crown|Volt Switch|p2a: Slowking
|-damage|p2a: Slowking|88/100
|
|t:|1758252599
|-end|p1a: Iron Crown|Quark Drive|[silent]
|switch|p1a: Dragapult|Dragapult, M|100/100|[from] Volt Switch
|move|p2a: Slowking|Sludge Bomb|p1a: Dragapult
|-resisted|p1a: Dragapult
|-damage|p1a: Dragapult|73/100
|
|upkeep
|turn|14
|
|t:|1758252612
|switch|p2a: Kingambit|Kingambit, F|88/100
|-activate|p2a: Kingambit|ability: Supreme Overlord
|-start|p2a: Kingambit|fallen1|[silent]
|move|p1a: Dragapult|U-turn|p2a: Kingambit
|-damage|p2a: Kingambit|74/100
|
|t:|1758252619
|switch|p1a: Zamazenta|Zamazenta|100/100|[from] U-turn
|
|-end|p2a: Kingambit|move: Future Sight
|-immune|p2a: Kingambit
|-heal|p2a: Kingambit|80/100|[from] item: Leftovers
|upkeep
|turn|15
|
|t:|1758252625
|-end|p2a: Kingambit|fallen1|[silent]
|switch|p2a: Slowking|Slowking-Galar, F|100/100
|move|p1a: Zamazenta|Crunch|p2a: Slowking
|-supereffective|p2a: Slowking
|-damage|p2a: Slowking|20/100
|
|upkeep
|turn|16
|
|t:|1758252632
|switch|p2a: Kingambit|Kingambit, F|80/100
|-activate|p2a: Kingambit|ability: Supreme Overlord
|-start|p2a: Kingambit|fallen1|[silent]
|move|p1a: Zamazenta|Crunch|p2a: Kingambit
|-resisted|p2a: Kingambit
|-damage|p2a: Kingambit|64/100
|
|-heal|p2a: Kingambit|70/100|[from] item: Leftovers
|upkeep
|turn|17
|
|t:|1758252638
|switch|p1a: Moltres|Moltres|100/100
|-end|p2a: Kingambit|fallen1|[silent]
|switch|p2a: Slowking|Slowking-Galar, F|53/100
|
|upkeep
|turn|18
|
|t:|1758252644
|switch|p2a: Dragapult|Dragapult, F|100/100
|move|p1a: Moltres|U-turn|p2a: Dragapult
|-resisted|p2a: Dragapult
|-damage|p2a: Dragapult|90/100
|
|t:|1758252649
|switch|p1a: Dragapult|Dragapult, M|73/100|[from] U-turn
|
|upkeep
|turn|19
|
|t:|1758252655
|switch|p2a: Kingambit|Kingambit, F|70/100
|-activate|p2a: Kingambit|ability: Supreme Overlord
|-start|p2a: Kingambit|fallen1|[silent]
|move|p1a: Dragapult|Draco Meteor|p2a: Kingambit
|-resisted|p2a: Kingambit
|-damage|p2a: Kingambit|24/100
|-unboost|p1a: Dragapult|spa|2
|
|-heal|p2a: Kingambit|30/100|[from] item: Leftovers
|upkeep
|turn|20
|
|t:|1758252669
|switch|p1a: Moltres|Moltres|100/100
|move|p2a: Kingambit|Iron Head|p1a: Moltres
|-resisted|p1a: Moltres
|-damage|p1a: Moltres|84/100
|
|-heal|p2a: Kingambit|36/100|[from] item: Leftovers
|upkeep
|turn|21
|
|t:|1758252680
|-end|p2a: Kingambit|fallen1|[silent]
|switch|p2a: Slowking|Slowking-Galar, F|87/100
|move|p1a: Moltres|Will-O-Wisp|p2a: Slowking
|-status|p2a: Slowking|brn
|
|-damage|p2a: Slowking|81/100 brn|[from] brn
|upkeep
|turn|22
|
|t:|1758252686
|switch|p2a: Dragapult|Dragapult, F|90/100
|move|p1a: Moltres|U-turn|p2a: Dragapult
|-resisted|p2a: Dragapult
|-damage|p2a: Dragapult|79/100
|
|t:|1758252692
|switch|p1a: Dragapult|Dragapult, M|73/100|[from] U-turn
|
|upkeep
|turn|23
|
|t:|1758252698
|move|p1a: Dragapult|Draco Meteor|p2a: Dragapult
|-supereffective|p2a: Dragapult
|-damage|p2a: Dragapult|0 fnt
|-unboost|p1a: Dragapult|spa|2
|faint|p2a: Dragapult
|
|upkeep
|
|t:|1758252704
|switch|p2a: Slowking|Slowking-Galar, F|100/100 brn
|turn|24
|
|t:|1758252711
|switch|p1a: Moltres|Moltres|84/100
|switch|p2a: Kingambit|Kingambit, F|36/100
|-activate|p2a: Kingambit|ability: Supreme Overlord
|-start|p2a: Kingambit|fallen2|[silent]
|
|-heal|p2a: Kingambit|42/100|[from] item: Leftovers
|upkeep
|turn|25
|
|t:|1758252717
|-end|p2a: Kingambit|fallen2|[silent]
|switch|p2a: Slowking|Slowking-Galar, F|100/100 brn
|move|p1a: Moltres|Flamethrower|p2a: Slowking
|-damage|p2a: Slowking|83/100 brn
|
|-damage|p2a: Slowking|77/100 brn|[from] brn
|upkeep
|turn|26
|
|t:|1758252726
|move|p1a: Moltres|U-turn|p2a: Slowking
|-damage|p2a: Slowking|62/100 brn
|
|t:|1758252729
|switch|p1a: Iron Crown|Iron Crown|3/100 brn|[from] U-turn
|move|p2a: Slowking|Psyshock|p1a: Iron Crown
|-resisted|p1a: Iron Crown
|-damage|p1a: Iron Crown|0 fnt
|faint|p1a: Iron Crown
|-end|p1a: Iron Crown|Quark Drive|[silent]
|
|-damage|p2a: Slowking|55/100 brn|[from] brn
|upkeep
|
|t:|1758252735
|switch|p1a: Dragapult|Dragapult, M|73/100
|turn|27
|
|t:|1758252741
|switch|p2a: Kingambit|Kingambit, F|42/100
|-activate|p2a: Kingambit|ability: Supreme Overlord
|-start|p2a: Kingambit|fallen2|[silent]
|move|p1a: Dragapult|Draco Meteor|p2a: Kingambit
|-resisted|p2a: Kingambit
|-damage|p2a: Kingambit|0 fnt
|-unboost|p1a: Dragapult|spa|2
|faint|p2a: Kingambit
|-end|p2a: Kingambit|fallen2|[silent]
|
|upkeep
|
|t:|1758252748
|switch|p2a: Slowking|Slowking-Galar, F|89/100 brn
|turn|28
|
|t:|1758252754
|switch|p1a: Moltres|Moltres|84/100
|move|p2a: Slowking|Sludge Bomb|p1a: Moltres
|-damage|p1a: Moltres|39/100
|-status|p1a: Moltres|psn
|
|-damage|p1a: Moltres|27/100 psn|[from] psn
|-damage|p2a: Slowking|83/100 brn|[from] brn
|upkeep
|turn|29
|
|t:|1758252762
|move|p1a: Moltres|U-turn|p2a: Slowking
|-damage|p2a: Slowking|69/100 brn
|
|t:|1758252765
|switch|p1a: Dragapult|Dragapult, M|73/100|[from] U-turn
|move|p2a: Slowking|Sludge Bomb|p1a: Dragapult
|-resisted|p1a: Dragapult
|-damage|p1a: Dragapult|43/100
|
|-damage|p2a: Slowking|63/100 brn|[from] brn
|upkeep
|turn|30
|
|t:|1758252772
|-terastallize|p2a: Slowking|Water
|move|p1a: Dragapult|Shadow Ball|p2a: Slowking
|-damage|p2a: Slowking|37/100 brn
|-unboost|p2a: Slowking|spd|1
|move|p2a: Slowking|Psyshock|p1a: Dragapult
|-damage|p1a: Dragapult|0 fnt
|faint|p1a: Dragapult
|
|-damage|p2a: Slowking|31/100 brn|[from] brn
|upkeep
|
|t:|1758252781
|switch|p1a: Zamazenta|Zamazenta|100/100
|turn|31
|
|t:|1758252788
|move|p1a: Zamazenta|Close Combat|p2a: Slowking
|-damage|p2a: Slowking|0 fnt
|-unboost|p1a: Zamazenta|def|1
|-unboost|p1a: Zamazenta|spd|1
|faint|p2a: Slowking
|
|upkeep
|
|t:|1758252794
|switch|p2a: Great Tusk|Great Tusk|100/100
|turn|32
|
|t:|1758252799
|switch|p1a: Moltres|Moltres|27/100 psn
|move|p2a: Great Tusk|Headlong Rush|p1a: Moltres
|-immune|p1a: Moltres
|
|-damage|p1a: Moltres|14/100 psn|[from] psn
|upkeep
|turn|33
|
|t:|1758252805
|move|p2a: Great Tusk|Ice Spinner|p1a: Moltres
|-damage|p1a: Moltres|0 fnt
|-status|p2a: Great Tusk|brn|[from] ability: Flame Body|[of] p1a: Moltres
|faint|p1a: Moltres
|
|-damage|p2a: Great Tusk|94/100 brn|[from] brn
|upkeep
|l|☆jzhuc1841
|inactive|jzhuc1841 disconnected and has a minute to reconnect!
|player|p1|
|inactive|jzhuc1841 has 30 seconds to reconnect!
|j|☆jzhuc1841
|inactive|jzhuc1841 reconnected and has 90 seconds left.
|player|p1|jzhuc1841|hilbert-wonderlauncher|
|
|t:|1758252871
|switch|p1a: Zamazenta|Zamazenta|100/100
|turn|34
|
|t:|1758252877
|move|p1a: Zamazenta|Close Combat|p2a: Great Tusk
|-damage|p2a: Great Tusk|34/100 brn
|-unboost|p1a: Zamazenta|def|1
|-unboost|p1a: Zamazenta|spd|1
|-damage|p1a: Zamazenta|84/100|[from] item: Rocky Helmet|[of] p2a: Great Tusk
|move|p2a: Great Tusk|Rapid Spin|p1a: Zamazenta
|-damage|p1a: Zamazenta|71/100
|-boost|p2a: Great Tusk|spe|1
|
|-damage|p2a: Great Tusk|27/100 brn|[from] brn
|upkeep
|turn|35
|
|t:|1758252884
|move|p2a: Great Tusk|Headlong Rush|p1a: Zamazenta
|-damage|p1a: Zamazenta|24/100
|-unboost|p2a: Great Tusk|def|1
|-unboost|p2a: Great Tusk|spd|1
|move|p1a: Zamazenta|Close Combat|p2a: Great Tusk
|-damage|p2a: Great Tusk|0 fnt
|-unboost|p1a: Zamazenta|def|1
|-unboost|p1a: Zamazenta|spd|1
|-damage|p1a: Zamazenta|7/100|[from] item: Rocky Helmet|[of] p2a: Great Tusk
|faint|p2a: Great Tusk
|-end|p2a: Great Tusk|Protosynthesis|[silent]
|
|upkeep
|
|t:|1758252889
|switch|p2a: Ogerpon|Ogerpon-Wellspring, F|100/100
|turn|36
|
|t:|1758252894
|move|p1a: Zamazenta|Close Combat|p2a: Ogerpon
|-damage|p2a: Ogerpon|0 fnt
|-unboost|p1a: Zamazenta|def|1
|-unboost|p1a: Zamazenta|spd|1
|faint|p2a: Ogerpon
|
|win|jzhuc1841
|raw|jzhuc1841's rating: 1534 &rarr; <strong>1558</strong><br />(+24 for winning)
|raw|sunny dancing's rating: 1608 &rarr; <strong>1584</strong><br />(-24 for losing)
|l|☆sunny dancing
|player|p2|
|c|☆jzhuc1841|gg
|l|☆jzhuc1841
|player|p1|
|j| vywxiwjxjwk
