|j|☆love is simple
|j|☆ay cheu
|t:|1758294007
|gametype|singles
|player|p1|love is simple|dawn|1564
|player|p2|ay cheu|riley|1534
|gen|9
|tier|[Gen 9] OU
|rated|
|rule|HP Percentage Mod: HP is shown in percentages
|rule|Endless Battle Clause: Forcing endless battles is banned
|rule|Species Clause: Limit one of each Pokémon
|rule|OHKO Clause: OHKO moves are banned
|rule|Evasion Items Clause: Evasion items are banned
|rule|Evasion Moves Clause: Evasion moves are banned
|rule|Evasion Abilities Clause: Evasion abilities are banned
|rule|Sleep Moves Clause: Sleep-inducing moves are banned
|clearpoke
|poke|p1|Dondozo, F|
|poke|p1|Blissey, F|
|poke|p1|Corviknight, M|
|poke|p1|Weezing-Galar, M|
|poke|p1|Gliscor, M|
|poke|p1|Toxapex, F|
|poke|p2|Hydreigon, M|
|poke|p2|Mimikyu, M|
|poke|p2|Excadrill, M|
|poke|p2|Greninja-*, M|
|poke|p2|Vileplume, F|
|poke|p2|Iron Hands|
|teampreview
|inactive|Battle timer is ON: inactive players will automatically lose when time's up. (requested by love is simple)
|inactive|ay cheu also wants the timer to be on.
|
|t:|1758294014
|teamsize|p1|6
|teamsize|p2|6
|start
|switch|p1a: Gliscor|Gliscor, M|100/100
|switch|p2a: Excadrill|Excadrill, M|100/100
|-ability|p2a: Excadrill|Mold Breaker
|turn|1
|
|t:|1758294028
|move|p1a: Gliscor|Earthquake|p2a: Excadrill
|-supereffective|p2a: Excadrill
|-damage|p2a: Excadrill|26/100
|move|p2a: Excadrill|Stealth Rock|p1a: Gliscor
|-sidestart|p1: love is simple|move: Stealth Rock
|
|-heal|p2a: Excadrill|33/100|[from] item: Leftovers
|-status|p1a: Gliscor|tox|[from] item: Toxic Orb
|upkeep
|turn|2
|
|t:|1758294036
|move|p2a: Excadrill|Protect|p2a: Excadrill
|-singleturn|p2a: Excadrill|Protect
|move|p1a: Gliscor|Knock Off|p2a: Excadrill
|-activate|p2a: Excadrill|move: Protect
|
|-heal|p2a: Excadrill|39/100|[from] item: Leftovers
|upkeep
|turn|3
|
|t:|1758294043
|switch|p2a: Vileplume|Vileplume, F|100/100
|move|p1a: Gliscor|Knock Off|p2a: Vileplume
|-damage|p2a: Vileplume|85/100
|-damage|p1a: Gliscor|84/100 tox|[from] item: Rocky Helmet|[of] p2a: Vileplume
|-enditem|p2a: Vileplume|Rocky Helmet|[from] move: Knock Off|[of] p1a: Gliscor
|
|-heal|p1a: Gliscor|97/100 tox|[from] ability: Poison Heal
|upkeep
|turn|4
|
|t:|1758294051
|move|p1a: Gliscor|Spikes|p2a: Vileplume
|-sidestart|p2: ay cheu|Spikes
|move|p2a: Vileplume|Giga Drain|p1a: Gliscor
|-damage|p1a: Gliscor|74/100 tox
|-heal|p2a: Vileplume|96/100|[from] drain|[of] p1a: Gliscor
|
|-heal|p1a: Gliscor|87/100 tox|[from] ability: Poison Heal
|upkeep
|turn|5
|
|t:|1758294057
|switch|p2a: Hydreigon|Hydreigon, M|100/100
|move|p1a: Gliscor|Protect||[still]
|-fail|p1a: Gliscor
|
|-heal|p1a: Gliscor|99/100 tox|[from] ability: Poison Heal
|upkeep
|turn|6
|
|t:|1758294060
|switch|p1a: Blissey|Blissey, F|100/100
|-damage|p1a: Blissey|88/100|[from] Stealth Rock
|move|p2a: Hydreigon|Draco Meteor|p1a: Blissey
|-damage|p1a: Blissey|56/100
|-unboost|p2a: Hydreigon|spa|2
|
|-heal|p1a: Blissey|62/100|[from] item: Leftovers
|upkeep
|turn|7
|
|t:|1758294065
|switch|p2a: Mimikyu|Mimikyu, M|100/100
|-damage|p2a: Mimikyu|88/100|[from] Spikes
|move|p1a: Blissey|Seismic Toss|p2a: Mimikyu
|-immune|p2a: Mimikyu
|
|-heal|p1a: Blissey|68/100|[from] item: Leftovers
|upkeep
|turn|8
|
|t:|1758294070
|switch|p1a: Gliscor|Gliscor, M|99/100 tox
|-damage|p1a: Gliscor|87/100 tox|[from] Stealth Rock
|move|p2a: Mimikyu|Substitute|p2a: Mimikyu
|-start|p2a: Mimikyu|Substitute
|-damage|p2a: Mimikyu|63/100
|
|-heal|p1a: Gliscor|99/100 tox|[from] ability: Poison Heal
|upkeep
|turn|9
|
|t:|1758294077
|move|p2a: Mimikyu|Curse|p1a: Gliscor
|-start|p1a: Gliscor|Curse|[of] p2a: Mimikyu
|-damage|p2a: Mimikyu|13/100
|-enditem|p2a: Mimikyu|Salac Berry|[eat]
|-boost|p2a: Mimikyu|spe|1|[from] item: Salac Berry
|move|p1a: Gliscor|Earthquake|p2a: Mimikyu
|-end|p2a: Mimikyu|Substitute
|
|-heal|p1a: Gliscor|100/100 tox|[from] ability: Poison Heal
|-damage|p1a: Gliscor|75/100 tox|[from] Curse
|upkeep
|turn|10
|
|t:|1758294082
|switch|p1a: Toxapex|Toxapex, F|100/100
|-damage|p1a: Toxapex|88/100|[from] Stealth Rock
|move|p2a: Mimikyu|Pain Split|p1a: Toxapex
|-sethp|p1a: Toxapex|51/100|[from] move: Pain Split|[silent]
|-sethp|p2a: Mimikyu|49/100|[from] move: Pain Split
|
|-heal|p1a: Toxapex|57/100|[from] item: Leftovers
|upkeep
|turn|11
|
|t:|1758294087
|move|p2a: Mimikyu|Substitute|p2a: Mimikyu
|-start|p2a: Mimikyu|Substitute
|-damage|p2a: Mimikyu|24/100
|move|p1a: Toxapex|Toxic||[still]
|-fail|p1a: Toxapex
|
|-heal|p1a: Toxapex|63/100|[from] item: Leftovers
|upkeep
|turn|12
|
|t:|1758294091
|move|p2a: Mimikyu|Pain Split|p1a: Toxapex
|-sethp|p1a: Toxapex|44/100|[from] move: Pain Split|[silent]
|-sethp|p2a: Mimikyu|43/100|[from] move: Pain Split
|move|p1a: Toxapex|Toxic Spikes|p2a: Mimikyu
|-sidestart|p2: ay cheu|move: Toxic Spikes
|
|-heal|p1a: Toxapex|50/100|[from] item: Leftovers
|upkeep
|turn|13
|
|t:|1758294100
|switch|p1a: Gliscor|Gliscor, M|75/100 tox
|-damage|p1a: Gliscor|63/100 tox|[from] Stealth Rock
|move|p2a: Mimikyu|Shadow Claw|p1a: Gliscor
|-crit|p1a: Gliscor
|-damage|p1a: Gliscor|39/100 tox
|
|-heal|p1a: Gliscor|51/100 tox|[from] ability: Poison Heal
|upkeep
|turn|14
|
|t:|1758294104
|move|p1a: Gliscor|Protect|p1a: Gliscor
|-singleturn|p1a: Gliscor|Protect
|move|p2a: Mimikyu|Shadow Claw|p1a: Gliscor
|-activate|p1a: Gliscor|move: Protect
|
|-heal|p1a: Gliscor|64/100 tox|[from] ability: Poison Heal
|upkeep
|turn|15
|
|t:|1758294110
|move|p2a: Mimikyu|Pain Split|p1a: Gliscor
|-sethp|p1a: Gliscor|51/100 tox|[from] move: Pain Split|[silent]
|-sethp|p2a: Mimikyu|57/100|[from] move: Pain Split
|move|p1a: Gliscor|Earthquake|p2a: Mimikyu
|-end|p2a: Mimikyu|Substitute
|
|-heal|p1a: Gliscor|64/100 tox|[from] ability: Poison Heal
|upkeep
|turn|16
|
|t:|1758294126
|move|p2a: Mimikyu|Substitute|p2a: Mimikyu
|-start|p2a: Mimikyu|Substitute
|-damage|p2a: Mimikyu|32/100
|move|p1a: Gliscor|Earthquake|p2a: Mimikyu
|-end|p2a: Mimikyu|Substitute
|
|-heal|p1a: Gliscor|76/100 tox|[from] ability: Poison Heal
|upkeep
|turn|17
|
|t:|1758294129
|move|p2a: Mimikyu|Substitute|p2a: Mimikyu
|-start|p2a: Mimikyu|Substitute
|-damage|p2a: Mimikyu|8/100
|move|p1a: Gliscor|Earthquake|p2a: Mimikyu
|-end|p2a: Mimikyu|Substitute
|
|-heal|p1a: Gliscor|89/100 tox|[from] ability: Poison Heal
|upkeep
|turn|18
|
|t:|1758294132
|move|p2a: Mimikyu|Pain Split|p1a: Gliscor
|-sethp|p1a: Gliscor|48/100 tox|[from] move: Pain Split|[silent]
|-sethp|p2a: Mimikyu|54/100|[from] move: Pain Split
|move|p1a: Gliscor|Earthquake|p2a: Mimikyu
|-activate|p2a: Mimikyu|ability: Disguise
|-damage|p2a: Mimikyu|54/100
|detailschange|p2a: Mimikyu|Mimikyu-Busted, M
|-damage|p2a: Mimikyu|41/100|[from] pokemon: Mimikyu-Busted
|
|-heal|p1a: Gliscor|60/100 tox|[from] ability: Poison Heal
|upkeep
|turn|19
|
|t:|1758294136
|move|p2a: Mimikyu|Substitute|p2a: Mimikyu
|-start|p2a: Mimikyu|Substitute
|-damage|p2a: Mimikyu|16/100
|move|p1a: Gliscor|Earthquake|p2a: Mimikyu
|-end|p2a: Mimikyu|Substitute
|
|-heal|p1a: Gliscor|73/100 tox|[from] ability: Poison Heal
|upkeep
|turn|20
|
|t:|1758294139
|move|p2a: Mimikyu|Pain Split|p1a: Gliscor
|-sethp|p1a: Gliscor|43/100 tox|[from] move: Pain Split|[silent]
|-sethp|p2a: Mimikyu|49/100|[from] move: Pain Split
|move|p1a: Gliscor|Earthquake|p2a: Mimikyu
|-damage|p2a: Mimikyu|4/100
|
|-heal|p1a: Gliscor|56/100 tox|[from] ability: Poison Heal
|upkeep
|turn|21
|
|t:|1758294147
|move|p2a: Mimikyu|Pain Split|p1a: Gliscor
|-sethp|p1a: Gliscor|29/100 tox|[from] move: Pain Split|[silent]
|-sethp|p2a: Mimikyu|33/100|[from] move: Pain Split
|move|p1a: Gliscor|Earthquake|p2a: Mimikyu
|-damage|p2a: Mimikyu|0 fnt
|faint|p2a: Mimikyu
|
|-heal|p1a: Gliscor|42/100 tox|[from] ability: Poison Heal
|upkeep
|
|t:|1758294151
|switch|p2a: Hydreigon|Hydreigon, M|100/100
|turn|22
|
|t:|1758294154
|-terastallize|p2a: Hydreigon|Dragon
|move|p1a: Gliscor|Protect|p1a: Gliscor
|-singleturn|p1a: Gliscor|Protect
|move|p2a: Hydreigon|Draco Meteor|p1a: Gliscor
|-activate|p1a: Gliscor|move: Protect
|
|-heal|p1a: Gliscor|54/100 tox|[from] ability: Poison Heal
|upkeep
|turn|23
|
|t:|1758294158
|switch|p1a: Weezing|Weezing-Galar, M|100/100
|-ability|p1a: Weezing|Neutralizing Gas
|move|p2a: Hydreigon|Draco Meteor|p1a: Weezing
|-immune|p1a: Weezing
|
|upkeep
|turn|24
|-message|ay cheu forfeited.
|
|win|love is simple
|raw|love is simple's rating: 1564 &rarr; <strong>1582</strong><br />(+18 for winning)
|raw|ay cheu's rating: 1534 &rarr; <strong>1516</strong><br />(-18 for losing)
|l|☆ay cheu
|player|p2|
|l|☆love is simple
|player|p1|
