|j|☆Litryes
|j|☆mequetrefe13
|t:|1758288653
|gametype|singles
|player|p1|Litryes|265|1142
|player|p2|mequetrefe13|drayden|1198
|gen|9
|tier|[Gen 9] OU
|rated|
|rule|HP Percentage Mod: HP is shown in percentages
|rule|Endless Battle Clause: Forcing endless battles is banned
|rule|Species Clause: Limit one of each Pokémon
|rule|OHKO Clause: OHKO moves are banned
|rule|Evasion Items Clause: Evasion items are banned
|rule|Evasion Moves Clause: Evasion moves are banned
|rule|Evasion Abilities Clause: Evasion abilities are banned
|rule|Sleep Moves Clause: Sleep-inducing moves are banned
|clearpoke
|poke|p1|Braviary-Hisui, M|
|poke|p1|Chesnaught, F|
|poke|p1|Golurk|
|poke|p1|Milotic, F|
|poke|p1|Forretress, M|
|poke|p1|Darkrai|
|poke|p2|Dusclops, M|
|poke|p2|Corviknight, M|
|poke|p2|Great Tusk|
|poke|p2|Cinderace, F|
|poke|p2|Serperior, M|
|poke|p2|Rotom-Wash|
|teampreview
|inactive|Battle timer is ON: inactive players will automatically lose when time's up. (requested by Litryes)
|
|t:|1758288662
|teamsize|p1|6
|teamsize|p2|6
|start
|switch|p1a: BFG|Golurk, shiny|100/100
|switch|p2a: Rotom|Rotom-Wash|100/100
|turn|1
|
|t:|1758288672
|switch|p1a: Kimono|Milotic, F, shiny|100/100
|move|p2a: Rotom|Hydro Pump|p1a: Kimono
|-resisted|p1a: Kimono
|-damage|p1a: Kimono|90/100
|
|upkeep
|turn|2
|
|t:|1758288680
|move|p2a: Rotom|Thunderbolt|p1a: Kimono
|-supereffective|p1a: Kimono
|-damage|p1a: Kimono|49/100
|move|p1a: Kimono|Scald|p2a: Rotom
|-resisted|p2a: Rotom
|-damage|p2a: Rotom|77/100
|-status|p2a: Rotom|brn
|
|-heal|p2a: Rotom|83/100 brn|[from] item: Leftovers
|-damage|p2a: Rotom|77/100 brn|[from] brn
|upkeep
|turn|3
|
|t:|1758288687
|switch|p1a: Salem|Chesnaught, F, shiny|100/100
|move|p2a: Rotom|Thunderbolt|p1a: Salem
|-resisted|p1a: Salem
|-damage|p1a: Salem|79/100
|
|-heal|p2a: Rotom|83/100 brn|[from] item: Leftovers
|-heal|p1a: Salem|85/100|[from] item: Leftovers
|-damage|p2a: Rotom|77/100 brn|[from] brn
|upkeep
|turn|4
|
|t:|1758288697
|move|p1a: Salem|Spiky Shield|p1a: Salem
|-singleturn|p1a: Salem|move: Protect
|move|p2a: Rotom|Volt Switch|p1a: Salem
|-activate|p1a: Salem|move: Protect
|
|-heal|p2a: Rotom|83/100 brn|[from] item: Leftovers
|-heal|p1a: Salem|91/100|[from] item: Leftovers
|-damage|p2a: Rotom|77/100 brn|[from] brn
|upkeep
|turn|5
|
|t:|1758288702
|move|p2a: Rotom|Volt Switch|p1a: Salem
|-resisted|p1a: Salem
|-damage|p1a: Salem|74/100
|
|t:|1758288715
|switch|p2a: Corviknight|Corviknight, M|100/100|[from] Volt Switch
|move|p1a: Salem|Substitute|p1a: Salem
|-start|p1a: Salem|Substitute
|-damage|p1a: Salem|50/100
|
|-heal|p1a: Salem|56/100|[from] item: Leftovers
|upkeep
|turn|6
|
|t:|1758288725
|move|p2a: Corviknight|Drill Peck|p1a: Salem
|-supereffective|p1a: Salem
|-end|p1a: Salem|Substitute
|move|p1a: Salem|Leech Seed|p2a: Corviknight|[miss]
|-miss|p1a: Salem|p2a: Corviknight
|
|-heal|p1a: Salem|62/100|[from] item: Leftovers
|upkeep
|turn|7
|
|t:|1758288730
|move|p1a: Salem|Spiky Shield|p1a: Salem
|-singleturn|p1a: Salem|move: Protect
|move|p2a: Corviknight|Drill Peck|p1a: Salem
|-activate|p1a: Salem|move: Protect
|-damage|p2a: Corviknight|88/100|[from] Spiky Shield|[of] p1a: Salem
|
|-heal|p2a: Corviknight|94/100|[from] item: Leftovers
|-heal|p1a: Salem|68/100|[from] item: Leftovers
|upkeep
|turn|8
|
|t:|1758288743
|switch|p1a: 5-Star|Forretress, M, shiny|100/100
|move|p2a: Corviknight|Iron Defense|p2a: Corviknight
|-boost|p2a: Corviknight|def|2
|
|-heal|p2a: Corviknight|100/100|[from] item: Leftovers
|upkeep
|turn|9
|
|t:|1758288749
|move|p2a: Corviknight|Iron Defense|p2a: Corviknight
|-boost|p2a: Corviknight|def|2
|move|p1a: 5-Star|Volt Switch|p2a: Corviknight
|-supereffective|p2a: Corviknight
|-damage|p2a: Corviknight|81/100
|
|t:|1758288753
|switch|p1a: Kimono|Milotic, F, shiny|49/100|[from] Volt Switch
|
|-heal|p2a: Corviknight|87/100|[from] item: Leftovers
|upkeep
|turn|10
|
|t:|1758288766
|move|p2a: Corviknight|Body Press|p1a: Kimono
|-damage|p1a: Kimono|0 fnt
|faint|p1a: Kimono
|
|-heal|p2a: Corviknight|93/100|[from] item: Leftovers
|upkeep
|
|t:|1758288772
|switch|p1a: Umbra|Darkrai|100/100
|turn|11
|
|t:|1758288775
|move|p1a: Umbra|Will-O-Wisp|p2a: Corviknight
|-status|p2a: Corviknight|brn
|move|p2a: Corviknight|Body Press|p1a: Umbra
|-supereffective|p1a: Umbra
|-damage|p1a: Umbra|44/100
|
|-heal|p1a: Umbra|50/100|[from] item: Leftovers
|-heal|p2a: Corviknight|99/100 brn|[from] item: Leftovers
|-damage|p2a: Corviknight|93/100 brn|[from] brn
|upkeep
|turn|12
|
|t:|1758288784
|switch|p1a: Nightwing|Braviary-Hisui, M, shiny|100/100
|move|p2a: Corviknight|Body Press|p1a: Nightwing
|-resisted|p1a: Nightwing
|-damage|p1a: Nightwing|92/100
|
|-heal|p2a: Corviknight|99/100 brn|[from] item: Leftovers
|-damage|p2a: Corviknight|93/100 brn|[from] brn
|upkeep
|turn|13
|
|t:|1758288794
|move|p1a: Nightwing|Heat Wave|p2a: Corviknight
|-supereffective|p2a: Corviknight
|-damage|p2a: Corviknight|23/100 brn
|move|p2a: Corviknight|Iron Defense|p2a: Corviknight
|-boost|p2a: Corviknight|def|2
|
|-heal|p2a: Corviknight|29/100 brn|[from] item: Leftovers
|-damage|p2a: Corviknight|23/100 brn|[from] brn
|upkeep
|turn|14
|
|t:|1758288802
|switch|p2a: Rotom|Rotom-Wash|77/100 brn
|move|p1a: Nightwing|Heat Wave|p2a: Rotom|[miss]
|-miss|p1a: Nightwing|p2a: Rotom
|
|-heal|p2a: Rotom|83/100 brn|[from] item: Leftovers
|-damage|p2a: Rotom|77/100 brn|[from] brn
|upkeep
|turn|15
|
|t:|1758288808
|switch|p1a: Salem|Chesnaught, F, shiny|68/100
|move|p2a: Rotom|Thunder Wave|p1a: Salem
|-status|p1a: Salem|par
|
|-heal|p2a: Rotom|83/100 brn|[from] item: Leftovers
|-heal|p1a: Salem|74/100 par|[from] item: Leftovers
|-damage|p2a: Rotom|77/100 brn|[from] brn
|upkeep
|turn|16
|
|t:|1758288814
|move|p2a: Rotom|Volt Switch|p1a: Salem
|-resisted|p1a: Salem
|-damage|p1a: Salem|56/100 par
|
|t:|1758288818
|switch|p2a: Corviknight|Corviknight, M|23/100 brn|[from] Volt Switch
|move|p1a: Salem|Substitute|p1a: Salem
|-start|p1a: Salem|Substitute
|-damage|p1a: Salem|32/100 par
|
|-heal|p2a: Corviknight|29/100 brn|[from] item: Leftovers
|-heal|p1a: Salem|38/100 par|[from] item: Leftovers
|-damage|p2a: Corviknight|23/100 brn|[from] brn
|upkeep
|turn|17
|
|t:|1758288824
|move|p2a: Corviknight|Drill Peck|p1a: Salem
|-supereffective|p1a: Salem
|-crit|p1a: Salem
|-end|p1a: Salem|Substitute
|move|p1a: Salem|Leech Seed|p2a: Corviknight
|-start|p2a: Corviknight|move: Leech Seed
|
|-heal|p2a: Corviknight|29/100 brn|[from] item: Leftovers
|-heal|p1a: Salem|44/100 par|[from] item: Leftovers
|-damage|p2a: Corviknight|17/100 brn|[from] Leech Seed|[of] p1a: Salem
|-heal|p1a: Salem|57/100 par|[silent]
|-damage|p2a: Corviknight|10/100 brn|[from] brn
|upkeep
|turn|18
|
|t:|1758288829
|move|p1a: Salem|Spiky Shield|p1a: Salem
|-singleturn|p1a: Salem|move: Protect
|move|p2a: Corviknight|Drill Peck|p1a: Salem
|-activate|p1a: Salem|move: Protect
|-damage|p2a: Corviknight|0 fnt|[from] Spiky Shield|[of] p1a: Salem
|faint|p2a: Corviknight
|
|-heal|p1a: Salem|63/100 par|[from] item: Leftovers
|upkeep
|
|t:|1758288834
|switch|p2a: Cinderace|Cinderace, F|100/100
|turn|19
|
|t:|1758288842
|cant|p1a: Salem|par
|move|p2a: Cinderace|Pyro Ball|p1a: Salem
|-immune|p1a: Salem|[from] ability: Bulletproof
|
|-heal|p1a: Salem|69/100 par|[from] item: Leftovers
|upkeep
|turn|20
|c|☆Litryes|HAHAH
|
|t:|1758288858
|switch|p2a: Serperior|Serperior, M|100/100
|move|p1a: Salem|Knock Off|p2a: Serperior
|-damage|p2a: Serperior|69/100
|-enditem|p2a: Serperior|Leftovers|[from] move: Knock Off|[of] p1a: Salem
|
|-heal|p1a: Salem|75/100 par|[from] item: Leftovers
|upkeep
|turn|21
|c|☆Litryes|BULLETPROOF 4 THA WIN
|
|t:|1758288867
|switch|p1a: 5-Star|Forretress, M, shiny|100/100
|move|p2a: Serperior|Leaf Storm|p1a: 5-Star
|-resisted|p1a: 5-Star
|-damage|p1a: 5-Star|84/100
|-boost|p2a: Serperior|spa|2
|
|-heal|p1a: 5-Star|90/100|[from] item: Leftovers
|upkeep
|turn|22
|
|t:|1758288873
|move|p2a: Serperior|Leaf Storm|p1a: 5-Star
|-resisted|p1a: 5-Star
|-damage|p1a: 5-Star|56/100
|-boost|p2a: Serperior|spa|2
|move|p1a: 5-Star|Body Press|p2a: Serperior
|-damage|p2a: Serperior|31/100
|
|-heal|p1a: 5-Star|62/100|[from] item: Leftovers
|upkeep
|turn|23
|
|t:|1758288880
|move|p2a: Serperior|Leaf Storm|p1a: 5-Star
|-resisted|p1a: 5-Star
|-damage|p1a: 5-Star|11/100
|-boost|p2a: Serperior|spa|2
|move|p1a: 5-Star|Body Press|p2a: Serperior
|-damage|p2a: Serperior|0 fnt
|faint|p2a: Serperior
|
|-heal|p1a: 5-Star|17/100|[from] item: Leftovers
|upkeep
|
|t:|1758288887
|switch|p2a: Cinderace|Cinderace, F|100/100
|turn|24
|
|t:|1758288890
|switch|p1a: Salem|Chesnaught, F, shiny|75/100 par
|move|p2a: Cinderace|U-turn|p1a: Salem
|-start|p2a: Cinderace|typechange|Bug|[from] ability: Libero
|-damage|p1a: Salem|44/100 par
|
|t:|1758288900
|switch|p2a: Great Tusk|Great Tusk|100/100|[from] U-turn
|-enditem|p2a: Great Tusk|Booster Energy
|-activate|p2a: Great Tusk|ability: Protosynthesis|[fromitem]
|-start|p2a: Great Tusk|protosynthesisatk
|
|-heal|p1a: Salem|50/100 par|[from] item: Leftovers
|upkeep
|turn|25
|
|t:|1758288907
|move|p2a: Great Tusk|Close Combat|p1a: Salem
|-damage|p1a: Salem|7/100 par
|-unboost|p2a: Great Tusk|def|1
|-unboost|p2a: Great Tusk|spd|1
|move|p1a: Salem|Leech Seed|p2a: Great Tusk
|-start|p2a: Great Tusk|move: Leech Seed
|
|-heal|p1a: Salem|13/100 par|[from] item: Leftovers
|-damage|p2a: Great Tusk|88/100|[from] Leech Seed|[of] p1a: Salem
|-heal|p1a: Salem|25/100 par|[silent]
|upkeep
|turn|26
|
|t:|1758288917
|move|p1a: Salem|Spiky Shield|p1a: Salem
|-singleturn|p1a: Salem|move: Protect
|move|p2a: Great Tusk|Close Combat|p1a: Salem
|-activate|p1a: Salem|move: Protect
|-damage|p2a: Great Tusk|76/100|[from] Spiky Shield|[of] p1a: Salem
|
|-heal|p1a: Salem|31/100 par|[from] item: Leftovers
|-damage|p2a: Great Tusk|63/100|[from] Leech Seed|[of] p1a: Salem
|-heal|p1a: Salem|43/100 par|[silent]
|upkeep
|turn|27
|
|t:|1758288925
|switch|p1a: BFG|Golurk, shiny|100/100
|move|p2a: Great Tusk|Close Combat|p1a: BFG
|-immune|p1a: BFG
|
|-damage|p2a: Great Tusk|51/100|[from] Leech Seed|[of] p1a: BFG
|upkeep
|turn|28
|
|t:|1758288934
|-end|p2a: Great Tusk|Protosynthesis|[silent]
|switch|p2a: Rotom|Rotom-Wash|77/100 brn
|move|p1a: BFG|Earthquake|p2a: Rotom
|-immune|p2a: Rotom|[from] ability: Levitate
|
|-heal|p2a: Rotom|83/100 brn|[from] item: Leftovers
|-damage|p2a: Rotom|77/100 brn|[from] brn
|upkeep
|turn|29
|
|t:|1758288948
|switch|p2a: Cinderace|Cinderace, F|100/100
|switch|p1a: 5-Star|Forretress, M, shiny|17/100
|
|-heal|p1a: 5-Star|23/100|[from] item: Leftovers
|upkeep
|turn|30
|
|t:|1758288964
|move|p2a: Cinderace|High Jump Kick|p1a: 5-Star
|-start|p2a: Cinderace|typechange|Fighting|[from] ability: Libero
|-damage|p1a: 5-Star|0 fnt
|faint|p1a: 5-Star
|
|upkeep
|
|t:|1758288971
|switch|p1a: Nightwing|Braviary-Hisui, M, shiny|92/100
|turn|31
|
|t:|1758288983
|switch|p2a: Rotom|Rotom-Wash|77/100 brn
|move|p1a: Nightwing|Psychic|p2a: Rotom
|-damage|p2a: Rotom|0 fnt
|faint|p2a: Rotom
|
|upkeep
|
|t:|1758288995
|switch|p2a: Dusclops|Dusclops, M|100/100
|-item|p1a: Nightwing|Choice Scarf|[from] ability: Frisk|[of] p2a: Dusclops
|turn|32
|
|t:|1758289010
|switch|p1a: Salem|Chesnaught, F, shiny|43/100 par
|move|p2a: Dusclops|Will-O-Wisp||[still]
|-fail|p2a: Dusclops
|
|-heal|p1a: Salem|49/100 par|[from] item: Leftovers
|upkeep
|turn|33
|
|t:|1758289017
|move|p2a: Dusclops|Night Shade|p1a: Salem
|-damage|p1a: Salem|23/100 par
|move|p1a: Salem|Knock Off|p2a: Dusclops
|-supereffective|p2a: Dusclops
|-damage|p2a: Dusclops|67/100
|-enditem|p2a: Dusclops|Eviolite|[from] move: Knock Off|[of] p1a: Salem
|
|-heal|p1a: Salem|29/100 par|[from] item: Leftovers
|upkeep
|turn|34
|
|t:|1758289024
|move|p1a: Salem|Spiky Shield|p1a: Salem
|-singleturn|p1a: Salem|move: Protect
|move|p2a: Dusclops|Night Shade|p1a: Salem
|-activate|p1a: Salem|move: Protect
|
|-heal|p1a: Salem|35/100 par|[from] item: Leftovers
|upkeep
|turn|35
|
|t:|1758289028
|move|p2a: Dusclops|Night Shade|p1a: Salem
|-damage|p1a: Salem|9/100 par
|move|p1a: Salem|Leech Seed|p2a: Dusclops
|-start|p2a: Dusclops|move: Leech Seed
|
|-heal|p1a: Salem|15/100 par|[from] item: Leftovers
|-damage|p2a: Dusclops|54/100|[from] Leech Seed|[of] p1a: Salem
|-heal|p1a: Salem|24/100 par|[silent]
|upkeep
|turn|36
|
|t:|1758289035
|switch|p2a: Cinderace|Cinderace, F|100/100
|move|p1a: Salem|Spiky Shield||[still]
|-fail|p1a: Salem
|
|-heal|p1a: Salem|30/100 par|[from] item: Leftovers
|upkeep
|turn|37
|
|t:|1758289047
|move|p1a: Salem|Spiky Shield|p1a: Salem
|-singleturn|p1a: Salem|move: Protect
|move|p2a: Cinderace|Gunk Shot|p1a: Salem
|-start|p2a: Cinderace|typechange|Poison|[from] ability: Libero
|-activate|p1a: Salem|move: Protect
|
|-heal|p1a: Salem|36/100 par|[from] item: Leftovers
|upkeep
|turn|38
|
|t:|1758289055
|switch|p2a: Dusclops|Dusclops, M|54/100
|-item|p1a: Salem|Leftovers|[from] ability: Frisk|[of] p2a: Dusclops
|cant|p1a: Salem|par
|
|-heal|p1a: Salem|42/100 par|[from] item: Leftovers
|upkeep
|turn|39
|
|t:|1758289062
|switch|p2a: Cinderace|Cinderace, F|100/100
|move|p1a: Salem|Leech Seed|p2a: Cinderace
|-start|p2a: Cinderace|move: Leech Seed
|
|-heal|p1a: Salem|48/100 par|[from] item: Leftovers
|-damage|p2a: Cinderace|88/100|[from] Leech Seed|[of] p1a: Salem
|-heal|p1a: Salem|58/100 par|[silent]
|upkeep
|turn|40
|
|t:|1758289067
|move|p1a: Salem|Spiky Shield|p1a: Salem
|-singleturn|p1a: Salem|move: Protect
|move|p2a: Cinderace|Gunk Shot|p1a: Salem
|-start|p2a: Cinderace|typechange|Poison|[from] ability: Libero
|-activate|p1a: Salem|move: Protect
|
|-heal|p1a: Salem|64/100 par|[from] item: Leftovers
|-damage|p2a: Cinderace|76/100|[from] Leech Seed|[of] p1a: Salem
|-heal|p1a: Salem|74/100 par|[silent]
|upkeep
|turn|41
|
|t:|1758289075
|move|p2a: Cinderace|Gunk Shot|p1a: Salem
|-supereffective|p1a: Salem
|-damage|p1a: Salem|0 fnt
|faint|p1a: Salem
|
|upkeep
|
|t:|1758289080
|switch|p1a: Nightwing|Braviary-Hisui, M, shiny|92/100
|turn|42
|
|t:|1758289085
|switch|p2a: Dusclops|Dusclops, M|54/100
|-item|p1a: Nightwing|Choice Scarf|[from] ability: Frisk|[of] p2a: Dusclops
|move|p1a: Nightwing|Psychic|p2a: Dusclops
|-damage|p2a: Dusclops|15/100
|
|upkeep
|turn|43
|
|t:|1758289092
|move|p1a: Nightwing|Psychic|p2a: Dusclops
|-damage|p2a: Dusclops|0 fnt
|faint|p2a: Dusclops
|
|upkeep
|
|t:|1758289102
|switch|p2a: Cinderace|Cinderace, F|76/100
|turn|44
|
|t:|1758289115
|-terastallize|p2a: Cinderace|Fire
|move|p1a: Nightwing|Psychic|p2a: Cinderace
|-damage|p2a: Cinderace|0 fnt
|faint|p2a: Cinderace
|
|upkeep
|
|t:|1758289121
|switch|p2a: Great Tusk|Great Tusk|51/100
|turn|45
|
|t:|1758289124
|move|p1a: Nightwing|Psychic|p2a: Great Tusk
|-supereffective|p2a: Great Tusk
|-damage|p2a: Great Tusk|0 fnt
|faint|p2a: Great Tusk
|-end|p2a: Great Tusk|Protosynthesis|[silent]
|
|win|Litryes
|raw|Litryes's rating: 1142 &rarr; <strong>1171</strong><br />(+29 for winning)
|raw|mequetrefe13's rating: 1198 &rarr; <strong>1169</strong><br />(-29 for losing)
|l|☆mequetrefe13
|player|p2|
|l|☆Litryes
|player|p1|
