|j|☆glastrier#1
|j|☆ladderere
|t:|1758371830
|gametype|singles
|player|p1|glastrier#1|2|1262
|player|p2|ladderere|red|1326
|gen|9
|tier|[Gen 9] OU
|rated|
|rule|HP Percentage Mod: HP is shown in percentages
|rule|Endless Battle Clause: Forcing endless battles is banned
|rule|Species Clause: Limit one of each Pokémon
|rule|OHKO Clause: OHKO moves are banned
|rule|Evasion Items Clause: Evasion items are banned
|rule|Evasion Moves Clause: Evasion moves are banned
|rule|Evasion Abilities Clause: Evasion abilities are banned
|rule|Sleep Moves Clause: Sleep-inducing moves are banned
|clearpoke
|poke|p1|Dragapult, F|
|poke|p1|Glastrier|
|poke|p1|Tinkaton, F|
|poke|p1|Ting-Lu|
|poke|p1|Iron Hands|
|poke|p1|Moltres|
|poke|p2|Great Tusk|
|poke|p2|Kingambit, M|
|poke|p2|Raging Bolt|
|poke|p2|Walking Wake|
|poke|p2|Ninetales, M|
|poke|p2|Ceruledge, M|
|teampreview
|
|t:|1758371835
|teamsize|p1|6
|teamsize|p2|6
|start
|switch|p1a: Dragapult|Dragapult, F|100/100
|switch|p2a: Ninetales|Ninetales, M|100/100
|-weather|SunnyDay|[from] ability: Drought|[of] p2a: Ninetales
|turn|1
|
|t:|1758371843
|move|p1a: Dragapult|Thunder Wave|p2a: Ninetales
|-status|p2a: Ninetales|par
|move|p2a: Ninetales|Overheat|p1a: Dragapult
|-resisted|p1a: Dragapult
|-damage|p1a: Dragapult|49/100
|-unboost|p2a: Ninetales|spa|2
|
|-weather|SunnyDay|[upkeep]
|upkeep
|turn|2
|
|t:|1758371851
|move|p1a: Dragapult|Hex|p2a: Ninetales
|-damage|p2a: Ninetales|37/100 par
|move|p2a: Ninetales|Encore|p1a: Dragapult
|-start|p1a: Dragapult|Encore
|
|-weather|SunnyDay|[upkeep]
|upkeep
|turn|3
|
|t:|1758371859
|switch|p2a: Walking Wake|Walking Wake|100/100
|-activate|p2a: Walking Wake|ability: Protosynthesis
|-start|p2a: Walking Wake|protosynthesisspe
|move|p1a: Dragapult|Hex|p2a: Walking Wake
|-damage|p2a: Walking Wake|66/100
|
|-weather|SunnyDay|[upkeep]
|upkeep
|turn|4
|
|t:|1758371869
|switch|p1a: Tinkaton|Tinkaton, F|100/100
|-item|p1a: Tinkaton|Air Balloon
|move|p2a: Walking Wake|Hydro Steam|p1a: Tinkaton
|-damage|p1a: Tinkaton|44/100
|-enditem|p1a: Tinkaton|Air Balloon
|
|-weather|SunnyDay|[upkeep]
|upkeep
|turn|5
|
|t:|1758371878
|move|p2a: Walking Wake|Weather Ball|p1a: Tinkaton
|-supereffective|p1a: Tinkaton
|-crit|p1a: Tinkaton
|-damage|p1a: Tinkaton|0 fnt
|faint|p1a: Tinkaton
|
|-weather|SunnyDay|[upkeep]
|upkeep
|
|t:|1758371885
|switch|p1a: Iron Hands|Iron Hands|100/100
|turn|6
|
|t:|1758371889
|move|p2a: Walking Wake|Flip Turn|p1a: Iron Hands
|-damage|p1a: Iron Hands|95/100
|
|t:|1758371893
|-end|p2a: Walking Wake|Protosynthesis|[silent]
|switch|p2a: Raging Bolt|Raging Bolt|100/100|[from] Flip Turn
|-activate|p2a: Raging Bolt|ability: Protosynthesis
|-start|p2a: Raging Bolt|protosynthesisspa
|move|p1a: Iron Hands|Drain Punch|p2a: Raging Bolt
|-damage|p2a: Raging Bolt|57/100
|-heal|p1a: Iron Hands|100/100|[from] drain|[of] p2a: Raging Bolt
|
|-weather|SunnyDay|[upkeep]
|upkeep
|turn|7
|
|t:|1758371908
|move|p2a: Raging Bolt|Solar Beam||[still]
|-prepare|p2a: Raging Bolt|Solar Beam
|-anim|p2a: Raging Bolt|Solar Beam|p1a: Iron Hands
|-crit|p1a: Iron Hands
|-damage|p1a: Iron Hands|0 fnt
|faint|p1a: Iron Hands
|-end|p1a: Iron Hands|Quark Drive|[silent]
|-damage|p2a: Raging Bolt|47/100|[from] item: Life Orb
|
|-weather|SunnyDay|[upkeep]
|upkeep
|
|t:|1758371915
|switch|p1a: Dragapult|Dragapult, F|49/100
|turn|8
|
|t:|1758371918
|-terastallize|p2a: Raging Bolt|Flying
|move|p1a: Dragapult|Draco Meteor|p2a: Raging Bolt|[miss]
|-miss|p1a: Dragapult|p2a: Raging Bolt
|move|p2a: Raging Bolt|Dragon Pulse|p1a: Dragapult
|-supereffective|p1a: Dragapult
|-damage|p1a: Dragapult|0 fnt
|faint|p1a: Dragapult
|-damage|p2a: Raging Bolt|37/100|[from] item: Life Orb
|
|-weather|none
|-end|p2a: Raging Bolt|Protosynthesis
|upkeep
|
|t:|1758371926
|switch|p1a: Ting-Lu|Ting-Lu|100/100
|-ability|p1a: Ting-Lu|Vessel of Ruin
|turn|9
|
|t:|1758371931
|-end|p2a: Raging Bolt|Protosynthesis|[silent]
|switch|p2a: Ninetales|Ninetales, M|37/100 par
|-weather|SunnyDay|[from] ability: Drought|[of] p2a: Ninetales
|move|p1a: Ting-Lu|Spikes|p2a: Ninetales
|-sidestart|p2: ladderere|Spikes
|
|-weather|SunnyDay|[upkeep]
|upkeep
|turn|10
|
|t:|1758371939
|move|p2a: Ninetales|Encore|p1a: Ting-Lu
|-start|p1a: Ting-Lu|Encore
|move|p1a: Ting-Lu|Spikes|p2a: Ninetales
|-sidestart|p2: ladderere|Spikes
|
|-weather|SunnyDay|[upkeep]
|upkeep
|turn|11
|
|t:|1758371944
|move|p2a: Ninetales|Healing Wish|p2a: Ninetales
|faint|p2a: Ninetales
|move|p1a: Ting-Lu|Spikes|p2: Ninetales
|-sidestart|p2: ladderere|Spikes
|
|-weather|SunnyDay|[upkeep]
|upkeep
|
|t:|1758371950
|switch|p2a: Walking Wake|Walking Wake|66/100
|-heal|p2a: Walking Wake|100/100|[from] move: Healing Wish
|-damage|p2a: Walking Wake|76/100|[from] Spikes
|-activate|p2a: Walking Wake|ability: Protosynthesis
|-start|p2a: Walking Wake|protosynthesisspe
|turn|12
|
|t:|1758371961
|switch|p1a: Moltres|Moltres|100/100
|move|p2a: Walking Wake|Hydro Steam|p1a: Moltres
|-supereffective|p1a: Moltres
|-damage|p1a: Moltres|0 fnt
|faint|p1a: Moltres
|
|-weather|SunnyDay|[upkeep]
|upkeep
|
|t:|1758371963
|switch|p1a: Ting-Lu|Ting-Lu|100/100
|-ability|p1a: Ting-Lu|Vessel of Ruin
|turn|13
|
|t:|1758371971
|-terastallize|p1a: Ting-Lu|Water
|move|p2a: Walking Wake|Hydro Steam|p1a: Ting-Lu
|-resisted|p1a: Ting-Lu
|-damage|p1a: Ting-Lu|87/100
|move|p1a: Ting-Lu|Whirlwind|p2a: Walking Wake
|-end|p2a: Walking Wake|Protosynthesis|[silent]
|drag|p2a: Great Tusk|Great Tusk|100/100
|-damage|p2a: Great Tusk|76/100|[from] Spikes
|-activate|p2a: Great Tusk|ability: Protosynthesis
|-start|p2a: Great Tusk|protosynthesisatk
|
|-weather|SunnyDay|[upkeep]
|-heal|p1a: Ting-Lu|93/100|[from] item: Leftovers
|upkeep
|turn|14
|
|t:|1758371983
|move|p2a: Great Tusk|Rapid Spin|p1a: Ting-Lu
|-damage|p1a: Ting-Lu|80/100
|-boost|p2a: Great Tusk|spe|1
|-sideend|p2: ladderere|Spikes|[from] move: Rapid Spin|[of] p2a: Great Tusk
|move|p1a: Ting-Lu|Whirlwind|p2a: Great Tusk
|-end|p2a: Great Tusk|Protosynthesis|[silent]
|drag|p2a: Walking Wake|Walking Wake|76/100
|-activate|p2a: Walking Wake|ability: Protosynthesis
|-start|p2a: Walking Wake|protosynthesisspe
|
|-weather|SunnyDay|[upkeep]
|-heal|p1a: Ting-Lu|86/100|[from] item: Leftovers
|upkeep
|turn|15
|
|t:|1758371995
|move|p2a: Walking Wake|Draco Meteor|p1a: Ting-Lu
|-damage|p1a: Ting-Lu|55/100
|-unboost|p2a: Walking Wake|spa|2
|move|p1a: Ting-Lu|Earthquake|p2a: Walking Wake
|-damage|p2a: Walking Wake|35/100
|
|-weather|SunnyDay|[upkeep]
|-heal|p1a: Ting-Lu|62/100|[from] item: Leftovers
|upkeep
|turn|16
|
|t:|1758372007
|-end|p2a: Walking Wake|Protosynthesis|[silent]
|switch|p2a: Great Tusk|Great Tusk|76/100
|-activate|p2a: Great Tusk|ability: Protosynthesis
|-start|p2a: Great Tusk|protosynthesisatk
|move|p1a: Ting-Lu|Spikes|p2a: Great Tusk
|-sidestart|p2: ladderere|Spikes
|
|-weather|none
|-end|p2a: Great Tusk|Protosynthesis
|-heal|p1a: Ting-Lu|68/100|[from] item: Leftovers
|upkeep
|turn|17
|
|t:|1758372017
|move|p2a: Great Tusk|Headlong Rush|p1a: Ting-Lu
|-damage|p1a: Ting-Lu|33/100
|-unboost|p2a: Great Tusk|def|1
|-unboost|p2a: Great Tusk|spd|1
|move|p1a: Ting-Lu|Spikes|p2a: Great Tusk
|-sidestart|p2: ladderere|Spikes
|
|-heal|p1a: Ting-Lu|39/100|[from] item: Leftovers
|upkeep
|turn|18
|
|t:|1758372025
|move|p2a: Great Tusk|Headlong Rush|p1a: Ting-Lu
|-damage|p1a: Ting-Lu|0 fnt
|-unboost|p2a: Great Tusk|def|1
|-unboost|p2a: Great Tusk|spd|1
|faint|p1a: Ting-Lu
|
|upkeep
|
|t:|1758372029
|switch|p1a: Glastrier|Glastrier|100/100
|turn|19
|
|t:|1758372033
|move|p2a: Great Tusk|Rapid Spin|p1a: Glastrier
|-damage|p1a: Glastrier|86/100
|-boost|p2a: Great Tusk|spe|1
|-sideend|p2: ladderere|Spikes|[from] move: Rapid Spin|[of] p2a: Great Tusk
|move|p1a: Glastrier|Icicle Crash|p2a: Great Tusk
|-supereffective|p2a: Great Tusk
|-damage|p2a: Great Tusk|0 fnt
|faint|p2a: Great Tusk
|-end|p2a: Great Tusk|Protosynthesis|[silent]
|-ability|p1a: Glastrier|Chilling Neigh|boost
|-boost|p1a: Glastrier|atk|1
|
|upkeep
|
|t:|1758372042
|switch|p2a: Ceruledge|Ceruledge, M|100/100
|turn|20
|
|t:|1758372045
|move|p2a: Ceruledge|Bitter Blade|p1a: Glastrier
|-supereffective|p1a: Glastrier
|-damage|p1a: Glastrier|7/100
|move|p1a: Glastrier|High Horsepower|p2a: Ceruledge
|-supereffective|p2a: Ceruledge
|-damage|p2a: Ceruledge|0 fnt
|faint|p2a: Ceruledge
|-ability|p1a: Glastrier|Chilling Neigh|boost
|-boost|p1a: Glastrier|atk|1
|
|upkeep
|
|t:|1758372056
|switch|p2a: Raging Bolt|Raging Bolt, tera:Flying|37/100
|turn|21
|
|t:|1758372060
|move|p2a: Raging Bolt|Thunderclap|p1a: Glastrier
|-damage|p1a: Glastrier|0 fnt
|faint|p1a: Glastrier
|-damage|p2a: Raging Bolt|27/100|[from] item: Life Orb
|
|win|ladderere
|raw|glastrier#1's rating: 1262 &rarr; <strong>1242</strong><br />(-20 for losing)
|raw|ladderere's rating: 1326 &rarr; <strong>1342</strong><br />(+16 for winning)
|l|☆glastrier#1
|player|p1|
|l|☆ladderere
|player|p2|
