|j|☆gliscor maroto
|j|☆Elcar Casas
|t:|1758341492
|gametype|singles
|player|p1|gliscor maroto|bea|1235
|player|p2|Elcar Casas|red-gen7|1210
|gen|9
|tier|[Gen 9] OU
|rated|
|rule|HP Percentage Mod: HP is shown in percentages
|rule|Endless Battle Clause: Forcing endless battles is banned
|rule|Species Clause: Limit one of each Pokémon
|rule|OHKO Clause: OHKO moves are banned
|rule|Evasion Items Clause: Evasion items are banned
|rule|Evasion Moves Clause: Evasion moves are banned
|rule|Evasion Abilities Clause: Evasion abilities are banned
|rule|Sleep Moves Clause: Sleep-inducing moves are banned
|clearpoke
|poke|p1|Dachsbun, F|
|poke|p1|Skeledirge, F|
|poke|p1|Ting-Lu|
|poke|p1|Corviknight, M|
|poke|p1|Dragapult, F|
|poke|p1|Great Tusk|
|poke|p2|Great Tusk|
|poke|p2|Iron Crown|
|poke|p2|Iron Moth|
|poke|p2|Iron Valiant|
|poke|p2|Walking Wake|
|poke|p2|Iron Boulder|
|teampreview
|
|t:|1758341515
|teamsize|p1|6
|teamsize|p2|6
|start
|switch|p1a: Great Tusk|Great Tusk|100/100
|switch|p2a: Iron Boulder|Iron Boulder|100/100
|turn|1
|inactive|Battle timer is ON: inactive players will automatically lose when time's up. (requested by gliscor maroto)
|
|t:|1758341532
|move|p1a: Great Tusk|Earthquake|p2a: Iron Boulder
|-supereffective|p2a: Iron Boulder
|-damage|p2a: Iron Boulder|0 fnt
|faint|p2a: Iron Boulder
|-end|p2a: Iron Boulder|Quark Drive|[silent]
|
|upkeep
|
|t:|1758341562
|switch|p2a: Iron Valiant|Iron Valiant|100/100
|turn|2
|inactive|gliscor maroto has 120 seconds left.
|inactive|gliscor maroto has 90 seconds left.
|
|t:|1758341627
|-end|p1a: Great Tusk|Protosynthesis|[silent]
|switch|p1a: Corviknight|Corviknight, M|100/100
|-ability|p1a: Corviknight|Pressure
|move|p2a: Iron Valiant|Swords Dance|p2a: Iron Valiant
|-boost|p2a: Iron Valiant|atk|2
|
|upkeep
|turn|3
|inactive|gliscor maroto has 90 seconds left.
|
|t:|1758341652
|move|p2a: Iron Valiant|Shadow Sneak|p1a: Corviknight
|-damage|p1a: Corviknight|81/100
|-damage|p2a: Iron Valiant|84/100|[from] item: Rocky Helmet|[of] p1a: Corviknight
|move|p1a: Corviknight|Brave Bird|p2a: Iron Valiant
|-supereffective|p2a: Iron Valiant
|-damage|p2a: Iron Valiant|0 fnt
|faint|p2a: Iron Valiant
|-end|p2a: Iron Valiant|Quark Drive|[silent]
|-damage|p1a: Corviknight|61/100|[from] Recoil
|
|upkeep
|
|t:|1758341656
|switch|p2a: Iron Moth|Iron Moth|100/100
|turn|4
|inactive|gliscor maroto has 90 seconds left.
|
|t:|1758341671
|switch|p1a: Ting-Lu|Ting-Lu|100/100
|-ability|p1a: Ting-Lu|Vessel of Ruin
|move|p2a: Iron Moth|Fiery Dance|p1a: Ting-Lu
|-damage|p1a: Ting-Lu|82/100
|-boost|p2a: Iron Moth|spa|1
|
|-heal|p1a: Ting-Lu|88/100|[from] item: Leftovers
|upkeep
|turn|5
|inactive|gliscor maroto has 90 seconds left.
|
|t:|1758341687
|move|p2a: Iron Moth|Air Slash|p1a: Ting-Lu
|-damage|p1a: Ting-Lu|70/100
|cant|p1a: Ting-Lu|flinch
|
|-heal|p1a: Ting-Lu|76/100|[from] item: Leftovers
|upkeep
|turn|6
|
|t:|1758341702
|-end|p2a: Iron Moth|Quark Drive|[silent]
|switch|p2a: Walking Wake|Walking Wake|100/100
|move|p1a: Ting-Lu|Earthquake|p2a: Walking Wake
|-damage|p2a: Walking Wake|61/100
|
|-heal|p1a: Ting-Lu|82/100|[from] item: Leftovers
|upkeep
|turn|7
|inactive|gliscor maroto has 90 seconds left.
|inactive|gliscor maroto has 60 seconds left.
|
|t:|1758341763
|switch|p1a: (Eevee)|Dachsbun, F|100/100
|move|p2a: Walking Wake|Surf|p1a: (Eevee)
|-damage|p1a: (Eevee)|38/100
|
|-heal|p1a: (Eevee)|44/100|[from] item: Leftovers
|upkeep
|turn|8
|
|t:|1758341772
|move|p1a: (Eevee)|Protect|p1a: (Eevee)
|-singleturn|p1a: (Eevee)|Protect
|move|p2a: Walking Wake|Surf|p1a: (Eevee)
|-activate|p1a: (Eevee)|move: Protect
|
|-heal|p1a: (Eevee)|50/100|[from] item: Leftovers
|upkeep
|turn|9
|
|t:|1758341787
|move|p1a: (Eevee)|Protect|p1a: (Eevee)
|-singleturn|p1a: (Eevee)|Protect
|move|p2a: Walking Wake|Surf|p1a: (Eevee)
|-activate|p1a: (Eevee)|move: Protect
|
|-heal|p1a: (Eevee)|56/100|[from] item: Leftovers
|upkeep
|turn|10
|
|t:|1758341799
|move|p1a: (Eevee)|Protect|p1a: (Eevee)
|-singleturn|p1a: (Eevee)|Protect
|move|p2a: Walking Wake|Surf|p1a: (Eevee)
|-activate|p1a: (Eevee)|move: Protect
|
|-heal|p1a: (Eevee)|62/100|[from] item: Leftovers
|upkeep
|turn|11
|
|t:|1758341808
|move|p2a: Walking Wake|Surf|p1a: (Eevee)
|-damage|p1a: (Eevee)|0 fnt
|faint|p1a: (Eevee)
|
|upkeep
|
|t:|1758341817
|switch|p1a: Dragapult|Dragapult, F|100/100
|turn|12
|inactive|Elcar Casas has 120 seconds left.
|inactive|gliscor maroto has 30 seconds left.
|inactive|gliscor maroto has 20 seconds left.
|inactive|gliscor maroto has 15 seconds left.
|inactive|gliscor maroto has 10 seconds left.
|
|t:|1758341875
|move|p1a: Dragapult|U-turn|p2a: Walking Wake
|-damage|p2a: Walking Wake|26/100
|inactive|gliscor maroto has 15 seconds left this turn.
|inactive|gliscor maroto has 10 seconds left.
|
|t:|1758341883
|switch|p1a: Skeledirge|Skeledirge, F|100/100|[from] U-turn
|move|p2a: Walking Wake|Surf|p1a: Skeledirge
|-supereffective|p1a: Skeledirge
|-damage|p1a: Skeledirge|0 fnt
|faint|p1a: Skeledirge
|
|upkeep
|inactive|gliscor maroto has 15 seconds left this turn.
|inactive|gliscor maroto has 10 seconds left.
|
|t:|1758341890
|switch|p1a: Dragapult|Dragapult, F|100/100
|turn|13
|inactive|gliscor maroto has 20 seconds left this turn.
|inactive|Elcar Casas has 120 seconds left.
|
|t:|1758341906
|move|p1a: Dragapult|U-turn|p2a: Walking Wake
|-damage|p2a: Walking Wake|0 fnt
|faint|p2a: Walking Wake
|-end|p2a: Walking Wake|Protosynthesis|[silent]
|inactive|gliscor maroto has 25 seconds left this turn.
|inactive|gliscor maroto has 20 seconds left.
|inactive|gliscor maroto has 15 seconds left.
|inactive|gliscor maroto has 10 seconds left.
|
|t:|1758341922
|switch|p1a: Great Tusk|Great Tusk|100/100|[from] U-turn
|
|upkeep
|inactive|Elcar Casas has 120 seconds left.
|
|t:|1758341933
|switch|p2a: Great Tusk|Great Tusk|100/100
|-enditem|p2a: Great Tusk|Booster Energy
|-activate|p2a: Great Tusk|ability: Protosynthesis|[fromitem]
|-start|p2a: Great Tusk|protosynthesisatk
|turn|14
|inactive|gliscor maroto has 25 seconds left this turn.
|inactive|gliscor maroto has 20 seconds left.
|inactive|gliscor maroto has 15 seconds left.
|inactive|gliscor maroto has 10 seconds left.
|
|t:|1758341951
|move|p1a: Great Tusk|Earthquake|p2a: Great Tusk
|-damage|p2a: Great Tusk|65/100
|move|p2a: Great Tusk|Rapid Spin|p1a: Great Tusk
|-damage|p1a: Great Tusk|83/100
|-boost|p2a: Great Tusk|spe|1
|
|upkeep
|turn|15
|inactive|gliscor maroto has 20 seconds left this turn.
|inactive|gliscor maroto has 15 seconds left.
|
|t:|1758341957
|move|p1a: Great Tusk|Earthquake|p2a: Great Tusk
|-damage|p2a: Great Tusk|26/100
|move|p2a: Great Tusk|Ice Spinner|p1a: Great Tusk
|-supereffective|p1a: Great Tusk
|-damage|p1a: Great Tusk|28/100
|
|upkeep
|turn|16
|inactive|gliscor maroto has 25 seconds left this turn.
|inactive|gliscor maroto has 20 seconds left.
|inactive|gliscor maroto has 15 seconds left.
|inactive|gliscor maroto has 10 seconds left.
|
|t:|1758341973
|move|p1a: Great Tusk|Earthquake|p2a: Great Tusk
|-damage|p2a: Great Tusk|0 fnt
|faint|p2a: Great Tusk
|-end|p2a: Great Tusk|Protosynthesis|[silent]
|
|upkeep
|
|t:|1758341984
|switch|p2a: Iron Crown|Iron Crown|100/100
|turn|17
|inactive|gliscor maroto has 25 seconds left this turn.
|inactive|gliscor maroto has 20 seconds left.
|inactive|gliscor maroto has 15 seconds left.
|inactive|gliscor maroto has 10 seconds left.
|
|t:|1758342003
|-terastallize|p1a: Great Tusk|Ground
|-terastallize|p2a: Iron Crown|Ground
|move|p1a: Great Tusk|Earthquake|p2a: Iron Crown
|-damage|p2a: Iron Crown|35/100
|move|p2a: Iron Crown|Tachyon Cutter|p1a: Great Tusk
|-damage|p1a: Great Tusk|0 fnt
|faint|p1a: Great Tusk
|-end|p1a: Great Tusk|Protosynthesis|[silent]
|-hitcount|p1: Great Tusk|1
|
|-heal|p2a: Iron Crown|42/100|[from] item: Leftovers
|upkeep
|inactive|gliscor maroto has 15 seconds left this turn.
|inactive|gliscor maroto has 10 seconds left.
|inactive|gliscor maroto has 5 seconds left.
|-message|gliscor maroto lost due to inactivity.
|
|win|Elcar Casas
|raw|gliscor maroto's rating: 1235 &rarr; <strong>1208</strong><br />(-27 for losing)
|raw|Elcar Casas's rating: 1210 &rarr; <strong>1237</strong><br />(+27 for winning)
|l|☆Elcar Casas
|player|p2|
|l|☆gliscor maroto
|player|p1|
