|j|☆Shibuya Arc
|j|☆mantikarp2.0
|t:|1758256446
|gametype|singles
|player|p1|Shibuya Arc|265|1584
|player|p2|mantikarp2.0|medium|1530
|gen|9
|tier|[Gen 9] OU
|rated|
|rule|HP Percentage Mod: HP is shown in percentages
|rule|Endless Battle Clause: Forcing endless battles is banned
|rule|Species Clause: Limit one of each Pokémon
|rule|OHKO Clause: OHKO moves are banned
|rule|Evasion Items Clause: Evasion items are banned
|rule|Evasion Moves Clause: Evasion moves are banned
|rule|Evasion Abilities Clause: Evasion abilities are banned
|rule|Sleep Moves Clause: Sleep-inducing moves are banned
|clearpoke
|poke|p1|Dragapult, M|
|poke|p1|Dragonite, F|
|poke|p1|Ting-Lu|
|poke|p1|Weezing-Galar, F|
|poke|p1|Iron Crown|
|poke|p1|Zapdos|
|poke|p2|Scizor, F|
|poke|p2|Meowscarada, F|
|poke|p2|Skarmory, M|
|poke|p2|Heatran, M|
|poke|p2|Dragapult, F|
|poke|p2|Gliscor, M|
|teampreview
|inactive|Battle timer is ON: inactive players will automatically lose when time's up. (requested by mantikarp2.0)
|inactive|Shibuya Arc also wants the timer to be on.
|
|t:|1758256459
|teamsize|p1|6
|teamsize|p2|6
|start
|switch|p1a: Ting-Lu|Ting-Lu|100/100
|switch|p2a: Heatran|Heatran, M|100/100
|-ability|p1a: Ting-Lu|Vessel of Ruin
|turn|1
|
|t:|1758256464
|move|p2a: Heatran|Stealth Rock|p1a: Ting-Lu
|-sidestart|p1: Shibuya Arc|move: Stealth Rock
|move|p1a: Ting-Lu|Stealth Rock|p2a: Heatran
|-sidestart|p2: mantikarp2.0|move: Stealth Rock
|
|upkeep
|turn|2
|
|t:|1758256469
|switch|p2a: Gliscor|Gliscor, M|100/100
|-damage|p2a: Gliscor|88/100|[from] Stealth Rock
|move|p1a: Ting-Lu|Ruination|p2a: Gliscor|[miss]
|-miss|p1a: Ting-Lu|p2a: Gliscor
|
|-status|p2a: Gliscor|tox|[from] item: Toxic Orb
|upkeep
|turn|3
|
|t:|1758256476
|switch|p1a: Weezing|Weezing-Galar, F|100/100
|-ability|p1a: Weezing|Neutralizing Gas
|move|p2a: Gliscor|Protect||[still]
|-fail|p2a: Gliscor
|
|-damage|p2a: Gliscor|82/100 tox|[from] psn
|upkeep
|turn|4
|
|t:|1758256482
|switch|p2a: Skarmory|Skarmory, M|100/100
|-damage|p2a: Skarmory|88/100|[from] Stealth Rock
|move|p1a: Weezing|Toxic Spikes|p2a: Skarmory
|-sidestart|p2: mantikarp2.0|move: Toxic Spikes
|
|upkeep
|turn|5
|
|t:|1758256487
|move|p2a: Skarmory|Spikes|p1a: Weezing
|-sidestart|p1: Shibuya Arc|Spikes
|move|p1a: Weezing|Will-O-Wisp|p2a: Skarmory
|-status|p2a: Skarmory|brn
|
|-damage|p2a: Skarmory|82/100 brn|[from] brn
|upkeep
|turn|6
|
|t:|1758256491
|move|p2a: Skarmory|Spikes|p1a: Weezing
|-sidestart|p1: Shibuya Arc|Spikes
|move|p1a: Weezing|Toxic Spikes|p2a: Skarmory
|-sidestart|p2: mantikarp2.0|move: Toxic Spikes
|
|-damage|p2a: Skarmory|76/100 brn|[from] brn
|upkeep
|turn|7
|
|t:|1758256497
|move|p2a: Skarmory|Roost|p2a: Skarmory
|-heal|p2a: Skarmory|100/100 brn
|-singleturn|p2a: Skarmory|move: Roost
|move|p1a: Weezing|Will-O-Wisp|p2a: Skarmory
|-fail|p2a: Skarmory|brn
|
|-damage|p2a: Skarmory|94/100 brn|[from] brn
|upkeep
|turn|8
|
|t:|1758256505
|move|p2a: Skarmory|Spikes|p1a: Weezing
|-sidestart|p1: Shibuya Arc|Spikes
|move|p1a: Weezing|Will-O-Wisp|p2a: Skarmory
|-fail|p2a: Skarmory|brn
|
|-damage|p2a: Skarmory|88/100 brn|[from] brn
|upkeep
|turn|9
|
|t:|1758256509
|switch|p2a: Heatran|Heatran, M|100/100
|-damage|p2a: Heatran|88/100|[from] Stealth Rock
|move|p1a: Weezing|Will-O-Wisp|p2a: Heatran
|-immune|p2a: Heatran
|
|-heal|p2a: Heatran|94/100|[from] item: Leftovers
|upkeep
|turn|10
|
|t:|1758256520
|-end|p1a: Weezing|ability: Neutralizing Gas
|switch|p1a: Dragonite|Dragonite, F|100/100
|move|p2a: Heatran|Will-O-Wisp|p1a: Dragonite
|-status|p1a: Dragonite|brn
|
|-heal|p2a: Heatran|100/100|[from] item: Leftovers
|-damage|p1a: Dragonite|94/100 brn|[from] brn
|upkeep
|turn|11
|
|t:|1758256528
|switch|p2a: Skarmory|Skarmory, M|88/100 brn
|-damage|p2a: Skarmory|76/100 brn|[from] Stealth Rock
|move|p1a: Dragonite|Dragon Dance|p1a: Dragonite
|-boost|p1a: Dragonite|atk|1
|-boost|p1a: Dragonite|spe|1
|
|-damage|p1a: Dragonite|88/100 brn|[from] brn
|-damage|p2a: Skarmory|70/100 brn|[from] brn
|upkeep
|turn|12
|
|t:|1758256532
|move|p1a: Dragonite|Earthquake|p2a: Skarmory
|-immune|p2a: Skarmory
|move|p2a: Skarmory|Iron Defense|p2a: Skarmory
|-boost|p2a: Skarmory|def|2
|
|-damage|p1a: Dragonite|82/100 brn|[from] brn
|-damage|p2a: Skarmory|64/100 brn|[from] brn
|upkeep
|turn|13
|
|t:|1758256537
|move|p1a: Dragonite|Dragon Dance|p1a: Dragonite
|-boost|p1a: Dragonite|atk|1
|-boost|p1a: Dragonite|spe|1
|move|p2a: Skarmory|Roost|p2a: Skarmory
|-heal|p2a: Skarmory|100/100 brn
|-singleturn|p2a: Skarmory|move: Roost
|
|-damage|p1a: Dragonite|76/100 brn|[from] brn
|-damage|p2a: Skarmory|94/100 brn|[from] brn
|upkeep
|turn|14
|
|t:|1758256542
|move|p1a: Dragonite|Earthquake|p2a: Skarmory
|-immune|p2a: Skarmory
|move|p2a: Skarmory|Iron Defense|p2a: Skarmory
|-boost|p2a: Skarmory|def|2
|
|-damage|p1a: Dragonite|70/100 brn|[from] brn
|-damage|p2a: Skarmory|88/100 brn|[from] brn
|upkeep
|turn|15
|
|t:|1758256546
|move|p1a: Dragonite|Earthquake|p2a: Skarmory
|-immune|p2a: Skarmory
|move|p2a: Skarmory|Body Press|p1a: Dragonite
|-resisted|p1a: Dragonite
|-damage|p1a: Dragonite|45/100 brn
|
|-damage|p1a: Dragonite|39/100 brn|[from] brn
|-damage|p2a: Skarmory|82/100 brn|[from] brn
|upkeep
|turn|16
|c|☆mantikarp2.0|bro what r these plays
|
|t:|1758256558
|move|p1a: Dragonite|Roost|p1a: Dragonite
|-heal|p1a: Dragonite|90/100 brn
|-singleturn|p1a: Dragonite|move: Roost
|move|p2a: Skarmory|Body Press|p1a: Dragonite
|-damage|p1a: Dragonite|36/100 brn
|
|-damage|p1a: Dragonite|30/100 brn|[from] brn
|-damage|p2a: Skarmory|76/100 brn|[from] brn
|upkeep
|turn|17
|
|t:|1758256566
|move|p1a: Dragonite|Roost|p1a: Dragonite
|-heal|p1a: Dragonite|80/100 brn
|-singleturn|p1a: Dragonite|move: Roost
|move|p2a: Skarmory|Body Press|p1a: Dragonite
|-damage|p1a: Dragonite|29/100 brn
|
|-damage|p1a: Dragonite|23/100 brn|[from] brn
|-damage|p2a: Skarmory|70/100 brn|[from] brn
|upkeep
|turn|18
|
|t:|1758256572
|move|p1a: Dragonite|Roost|p1a: Dragonite
|-heal|p1a: Dragonite|73/100 brn
|-singleturn|p1a: Dragonite|move: Roost
|move|p2a: Skarmory|Body Press|p1a: Dragonite
|-damage|p1a: Dragonite|21/100 brn
|
|-damage|p1a: Dragonite|15/100 brn|[from] brn
|-damage|p2a: Skarmory|64/100 brn|[from] brn
|upkeep
|turn|19
|
|t:|1758256578
|move|p1a: Dragonite|Roost|p1a: Dragonite
|-heal|p1a: Dragonite|65/100 brn
|-singleturn|p1a: Dragonite|move: Roost
|move|p2a: Skarmory|Body Press|p1a: Dragonite
|-damage|p1a: Dragonite|17/100 brn
|
|-damage|p1a: Dragonite|11/100 brn|[from] brn
|-damage|p2a: Skarmory|58/100 brn|[from] brn
|upkeep
|turn|20
|
|t:|1758256584
|move|p1a: Dragonite|Roost|p1a: Dragonite
|-heal|p1a: Dragonite|61/100 brn
|-singleturn|p1a: Dragonite|move: Roost
|move|p2a: Skarmory|Body Press|p1a: Dragonite
|-damage|p1a: Dragonite|11/100 brn
|
|-damage|p1a: Dragonite|5/100 brn|[from] brn
|-damage|p2a: Skarmory|52/100 brn|[from] brn
|upkeep
|turn|21
|
|t:|1758256591
|switch|p1a: Dragapult|Dragapult, M|100/100
|move|p2a: Skarmory|Body Press|p1a: Dragapult
|-immune|p1a: Dragapult
|
|-damage|p2a: Skarmory|46/100 brn|[from] brn
|upkeep
|turn|22
|
|t:|1758256596
|switch|p2a: Heatran|Heatran, M|100/100
|-damage|p2a: Heatran|88/100|[from] Stealth Rock
|move|p1a: Dragapult|Hex|p2a: Heatran
|-damage|p2a: Heatran|73/100
|
|-heal|p2a: Heatran|79/100|[from] item: Leftovers
|upkeep
|turn|23
|
|t:|1758256603
|move|p1a: Dragapult|U-turn|p2a: Heatran
|-resisted|p2a: Heatran
|-damage|p2a: Heatran|75/100
|
|t:|1758256608
|switch|p1a: Ting-Lu|Ting-Lu|100/100|[from] U-turn
|-damage|p1a: Ting-Lu|94/100|[from] Stealth Rock
|-damage|p1a: Ting-Lu|69/100|[from] Spikes
|-ability|p1a: Ting-Lu|Vessel of Ruin
|move|p2a: Heatran|Lava Plume|p1a: Ting-Lu
|-damage|p1a: Ting-Lu|54/100
|-status|p1a: Ting-Lu|brn
|
|-heal|p2a: Heatran|81/100|[from] item: Leftovers
|-heal|p1a: Ting-Lu|60/100 brn|[from] item: Leftovers
|-damage|p1a: Ting-Lu|54/100 brn|[from] brn
|upkeep
|turn|24
|
|t:|1758256618
|switch|p2a: Skarmory|Skarmory, M|46/100 brn
|-damage|p2a: Skarmory|34/100 brn|[from] Stealth Rock
|move|p1a: Ting-Lu|Ruination|p2a: Skarmory|[miss]
|-miss|p1a: Ting-Lu|p2a: Skarmory
|
|-heal|p1a: Ting-Lu|60/100 brn|[from] item: Leftovers
|-damage|p2a: Skarmory|28/100 brn|[from] brn
|-damage|p1a: Ting-Lu|54/100 brn|[from] brn
|upkeep
|turn|25
|
|t:|1758256623
|move|p2a: Skarmory|Roost|p2a: Skarmory
|-heal|p2a: Skarmory|78/100 brn
|-singleturn|p2a: Skarmory|move: Roost
|move|p1a: Ting-Lu|Ruination|p2a: Skarmory
|-damage|p2a: Skarmory|40/100 brn
|
|-heal|p1a: Ting-Lu|60/100 brn|[from] item: Leftovers
|-damage|p2a: Skarmory|34/100 brn|[from] brn
|-damage|p1a: Ting-Lu|54/100 brn|[from] brn
|upkeep
|turn|26
|
|t:|1758256633
|move|p2a: Skarmory|Body Press|p1a: Ting-Lu
|-supereffective|p1a: Ting-Lu
|-damage|p1a: Ting-Lu|36/100 brn
|move|p1a: Ting-Lu|Ruination|p2a: Skarmory
|-damage|p2a: Skarmory|17/100 brn
|
|-heal|p1a: Ting-Lu|42/100 brn|[from] item: Leftovers
|-damage|p2a: Skarmory|11/100 brn|[from] brn
|-damage|p1a: Ting-Lu|36/100 brn|[from] brn
|upkeep
|turn|27
|
|t:|1758256640
|move|p2a: Skarmory|Roost|p2a: Skarmory
|-heal|p2a: Skarmory|61/100 brn
|-singleturn|p2a: Skarmory|move: Roost
|move|p1a: Ting-Lu|Ruination|p2a: Skarmory
|-damage|p2a: Skarmory|31/100 brn
|
|-heal|p1a: Ting-Lu|42/100 brn|[from] item: Leftovers
|-damage|p2a: Skarmory|25/100 brn|[from] brn
|-damage|p1a: Ting-Lu|36/100 brn|[from] brn
|upkeep
|turn|28
|
|t:|1758256647
|move|p2a: Skarmory|Roost|p2a: Skarmory
|-heal|p2a: Skarmory|75/100 brn
|-singleturn|p2a: Skarmory|move: Roost
|move|p1a: Ting-Lu|Ruination|p2a: Skarmory
|-damage|p2a: Skarmory|38/100 brn
|
|-heal|p1a: Ting-Lu|42/100 brn|[from] item: Leftovers
|-damage|p2a: Skarmory|32/100 brn|[from] brn
|-damage|p1a: Ting-Lu|36/100 brn|[from] brn
|upkeep
|turn|29
|
|t:|1758256653
|move|p2a: Skarmory|Body Press|p1a: Ting-Lu
|-supereffective|p1a: Ting-Lu
|-damage|p1a: Ting-Lu|19/100 brn
|move|p1a: Ting-Lu|Ruination|p2a: Skarmory
|-damage|p2a: Skarmory|16/100 brn
|
|-heal|p1a: Ting-Lu|25/100 brn|[from] item: Leftovers
|-damage|p2a: Skarmory|10/100 brn|[from] brn
|-damage|p1a: Ting-Lu|19/100 brn|[from] brn
|upkeep
|turn|30
|
|t:|1758256662
|move|p2a: Skarmory|Roost|p2a: Skarmory
|-heal|p2a: Skarmory|60/100 brn
|-singleturn|p2a: Skarmory|move: Roost
|move|p1a: Ting-Lu|Ruination|p2a: Skarmory
|-damage|p2a: Skarmory|31/100 brn
|
|-heal|p1a: Ting-Lu|25/100 brn|[from] item: Leftovers
|-damage|p2a: Skarmory|25/100 brn|[from] brn
|-damage|p1a: Ting-Lu|19/100 brn|[from] brn
|upkeep
|turn|31
|
|t:|1758256668
|move|p2a: Skarmory|Body Press|p1a: Ting-Lu
|-supereffective|p1a: Ting-Lu
|-damage|p1a: Ting-Lu|1/100 brn
|move|p1a: Ting-Lu|Ruination|p2a: Skarmory
|-damage|p2a: Skarmory|13/100 brn
|
|-heal|p1a: Ting-Lu|7/100 brn|[from] item: Leftovers
|-damage|p2a: Skarmory|7/100 brn|[from] brn
|-damage|p1a: Ting-Lu|1/100 brn|[from] brn
|upkeep
|turn|32
|
|t:|1758256676
|move|p2a: Skarmory|Roost|p2a: Skarmory
|-heal|p2a: Skarmory|57/100 brn
|-singleturn|p2a: Skarmory|move: Roost
|move|p1a: Ting-Lu|Ruination|p2a: Skarmory
|-damage|p2a: Skarmory|29/100 brn
|
|-heal|p1a: Ting-Lu|7/100 brn|[from] item: Leftovers
|-damage|p2a: Skarmory|23/100 brn|[from] brn
|-damage|p1a: Ting-Lu|1/100 brn|[from] brn
|upkeep
|turn|33
|
|t:|1758256683
|switch|p2a: Gliscor|Gliscor, M|82/100 tox
|-damage|p2a: Gliscor|70/100 tox|[from] Stealth Rock
|move|p1a: Ting-Lu|Ruination|p2a: Gliscor
|-damage|p2a: Gliscor|35/100 tox
|
|-heal|p1a: Ting-Lu|7/100 brn|[from] item: Leftovers
|-heal|p2a: Gliscor|48/100 tox|[from] ability: Poison Heal
|-damage|p1a: Ting-Lu|1/100 brn|[from] brn
|upkeep
|turn|34
|
|t:|1758256691
|move|p2a: Gliscor|Protect|p2a: Gliscor
|-singleturn|p2a: Gliscor|Protect
|move|p1a: Ting-Lu|Ruination|p2a: Gliscor
|-activate|p2a: Gliscor|move: Protect
|
|-heal|p1a: Ting-Lu|7/100 brn|[from] item: Leftovers
|-heal|p2a: Gliscor|60/100 tox|[from] ability: Poison Heal
|-damage|p1a: Ting-Lu|1/100 brn|[from] brn
|upkeep
|turn|35
|
|t:|1758256701
|move|p2a: Gliscor|Facade|p1a: Ting-Lu
|-crit|p1a: Ting-Lu
|-damage|p1a: Ting-Lu|0 fnt
|faint|p1a: Ting-Lu
|
|-heal|p2a: Gliscor|72/100 tox|[from] ability: Poison Heal
|upkeep
|
|t:|1758256709
|switch|p1a: Zapdos|Zapdos|100/100
|turn|36
|
|t:|1758256714
|move|p1a: Zapdos|Hurricane|p2a: Gliscor
|-damage|p2a: Gliscor|0 fnt
|faint|p2a: Gliscor
|
|upkeep
|
|t:|1758256726
|switch|p2a: Heatran|Heatran, M|81/100
|-damage|p2a: Heatran|68/100|[from] Stealth Rock
|turn|37
|
|t:|1758256731
|move|p1a: Zapdos|Hurricane|p2a: Heatran|[miss]
|-miss|p1a: Zapdos|p2a: Heatran
|move|p2a: Heatran|Lava Plume|p1a: Zapdos
|-damage|p1a: Zapdos|64/100
|
|-heal|p2a: Heatran|75/100|[from] item: Leftovers
|upkeep
|turn|38
|
|t:|1758256736
|move|p1a: Zapdos|Hurricane|p2a: Heatran
|-resisted|p2a: Heatran
|-damage|p2a: Heatran|56/100
|move|p2a: Heatran|Lava Plume|p1a: Zapdos
|-damage|p1a: Zapdos|27/100
|
|-heal|p2a: Heatran|62/100|[from] item: Leftovers
|upkeep
|turn|39
|
|t:|1758256742
|move|p1a: Zapdos|Roost|p1a: Zapdos
|-heal|p1a: Zapdos|77/100
|-singleturn|p1a: Zapdos|move: Roost
|move|p2a: Heatran|Lava Plume|p1a: Zapdos
|-damage|p1a: Zapdos|39/100
|
|-heal|p2a: Heatran|69/100|[from] item: Leftovers
|upkeep
|turn|40
|
|t:|1758256747
|move|p1a: Zapdos|Roost|p1a: Zapdos
|-heal|p1a: Zapdos|89/100
|-singleturn|p1a: Zapdos|move: Roost
|move|p2a: Heatran|Earth Power|p1a: Zapdos
|-supereffective|p1a: Zapdos
|-damage|p1a: Zapdos|32/100
|
|-heal|p2a: Heatran|75/100|[from] item: Leftovers
|upkeep
|turn|41
|
|t:|1758256752
|move|p1a: Zapdos|Roost|p1a: Zapdos
|-heal|p1a: Zapdos|82/100
|-singleturn|p1a: Zapdos|move: Roost
|move|p2a: Heatran|Lava Plume|p1a: Zapdos
|-damage|p1a: Zapdos|46/100
|
|-heal|p2a: Heatran|81/100|[from] item: Leftovers
|upkeep
|turn|42
|
|t:|1758256757
|move|p1a: Zapdos|Roost|p1a: Zapdos
|-heal|p1a: Zapdos|96/100
|-singleturn|p1a: Zapdos|move: Roost
|move|p2a: Heatran|Earth Power|p1a: Zapdos
|-supereffective|p1a: Zapdos
|-damage|p1a: Zapdos|41/100
|
|-heal|p2a: Heatran|87/100|[from] item: Leftovers
|upkeep
|turn|43
|
|t:|1758256762
|move|p1a: Zapdos|Roost|p1a: Zapdos
|-heal|p1a: Zapdos|91/100
|-singleturn|p1a: Zapdos|move: Roost
|move|p2a: Heatran|Earth Power|p1a: Zapdos
|-supereffective|p1a: Zapdos
|-damage|p1a: Zapdos|35/100
|
|-heal|p2a: Heatran|94/100|[from] item: Leftovers
|upkeep
|turn|44
|
|t:|1758256767
|move|p1a: Zapdos|Roost|p1a: Zapdos
|-heal|p1a: Zapdos|85/100
|-singleturn|p1a: Zapdos|move: Roost
|move|p2a: Heatran|Lava Plume|p1a: Zapdos
|-crit|p1a: Zapdos
|-damage|p1a: Zapdos|29/100
|-status|p1a: Zapdos|brn
|
|-heal|p2a: Heatran|99/100|[from] item: Leftovers
|-damage|p1a: Zapdos|23/100 brn|[from] brn
|upkeep
|turn|45
|
|t:|1758256772
|move|p1a: Zapdos|Roost|p1a: Zapdos
|-heal|p1a: Zapdos|73/100 brn
|-singleturn|p1a: Zapdos|move: Roost
|move|p2a: Heatran|Lava Plume|p1a: Zapdos
|-damage|p1a: Zapdos|32/100 brn
|
|-heal|p2a: Heatran|100/100|[from] item: Leftovers
|-damage|p1a: Zapdos|26/100 brn|[from] brn
|upkeep
|turn|46
|
|t:|1758256777
|move|p1a: Zapdos|Hurricane|p2a: Heatran
|-resisted|p2a: Heatran
|-damage|p2a: Heatran|82/100
|move|p2a: Heatran|Earth Power|p1a: Zapdos
|-immune|p1a: Zapdos
|
|-heal|p2a: Heatran|88/100|[from] item: Leftovers
|-damage|p1a: Zapdos|20/100 brn|[from] brn
|upkeep
|turn|47
|
|t:|1758256782
|move|p1a: Zapdos|Volt Switch|p2a: Heatran
|-damage|p2a: Heatran|65/100
|
|t:|1758256787
|switch|p1a: Dragonite|Dragonite, F|5/100 brn|[from] Volt Switch
|move|p2a: Heatran|Lava Plume|p1a: Dragonite
|-resisted|p1a: Dragonite
|-crit|p1a: Dragonite
|-damage|p1a: Dragonite|0 fnt
|faint|p1a: Dragonite
|
|-heal|p2a: Heatran|71/100|[from] item: Leftovers
|upkeep
|
|t:|1758256792
|switch|p1a: Iron Crown|Iron Crown|100/100
|-damage|p1a: Iron Crown|94/100|[from] Stealth Rock
|-damage|p1a: Iron Crown|69/100|[from] Spikes
|turn|48
|
|t:|1758256796
|move|p1a: Iron Crown|Focus Blast|p2a: Heatran
|-supereffective|p2a: Heatran
|-damage|p2a: Heatran|0 fnt
|faint|p2a: Heatran
|
|upkeep
|
|t:|1758256805
|switch|p2a: Dragapult|Dragapult, F|100/100
|turn|49
|
|t:|1758256809
|-end|p1a: Iron Crown|Quark Drive|[silent]
|switch|p1a: Weezing|Weezing-Galar, F|100/100
|-ability|p1a: Weezing|Neutralizing Gas
|move|p2a: Dragapult|Hex|p1a: Weezing
|-crit|p1a: Weezing
|-damage|p1a: Weezing|46/100
|
|upkeep
|turn|50
|
|t:|1758256820
|move|p2a: Dragapult|Thunder Wave|p1a: Weezing
|-status|p1a: Weezing|par
|move|p1a: Weezing|Pain Split|p2a: Dragapult
|-sethp|p2a: Dragapult|74/100|[from] move: Pain Split|[silent]
|-sethp|p1a: Weezing|71/100 par|[from] move: Pain Split
|
|upkeep
|turn|51
|
|t:|1758256827
|move|p2a: Dragapult|Hex|p1a: Weezing
|-damage|p1a: Weezing|0 fnt
|faint|p1a: Weezing
|-end|p1a: Weezing|ability: Neutralizing Gas
|
|upkeep
|
|t:|1758256834
|switch|p1a: Dragapult|Dragapult, M|100/100
|turn|52
|
|t:|1758256840
|switch|p2a: Skarmory|Skarmory, M|23/100 brn
|-damage|p2a: Skarmory|10/100 brn|[from] Stealth Rock
|move|p1a: Dragapult|Will-O-Wisp|p2a: Skarmory
|-fail|p2a: Skarmory|brn
|
|-damage|p2a: Skarmory|4/100 brn|[from] brn
|upkeep
|turn|53
|
|t:|1758256847
|move|p1a: Dragapult|Dragon Darts|p2a: Skarmory
|-resisted|p2a: Skarmory
|-damage|p2a: Skarmory|0 fnt
|faint|p2a: Skarmory
|
|upkeep
|
|t:|1758256851
|switch|p2a: Scizor|Scizor, F|100/100
|turn|54
|
|t:|1758256855
|-terastallize|p2a: Scizor|Steel
|move|p2a: Scizor|Bullet Punch|p1a: Dragapult
|-damage|p1a: Dragapult|34/100
|move|p1a: Dragapult|Will-O-Wisp|p2a: Scizor|[miss]
|-miss|p1a: Dragapult|p2a: Scizor
|
|upkeep
|turn|55
|c|☆mantikarp2.0|sry
|
|t:|1758256866
|switch|p1a: Zapdos|Zapdos|20/100 brn
|move|p2a: Scizor|Bullet Punch|p1a: Zapdos
|-resisted|p1a: Zapdos
|-damage|p1a: Zapdos|0 fnt
|faint|p1a: Zapdos
|
|upkeep
|
|t:|1758256871
|switch|p1a: Iron Crown|Iron Crown|69/100
|-damage|p1a: Iron Crown|63/100|[from] Stealth Rock
|-damage|p1a: Iron Crown|38/100|[from] Spikes
|turn|56
|
|t:|1758256882
|switch|p2a: Dragapult|Dragapult, F|74/100
|move|p1a: Iron Crown|Focus Blast|p2a: Dragapult
|-immune|p2a: Dragapult
|
|upkeep
|turn|57
|
|t:|1758256886
|move|p2a: Dragapult|Hex|p1a: Iron Crown
|-supereffective|p1a: Iron Crown
|-damage|p1a: Iron Crown|0 fnt
|faint|p1a: Iron Crown
|-end|p1a: Iron Crown|Quark Drive|[silent]
|
|upkeep
|
|t:|1758256893
|switch|p1a: Dragapult|Dragapult, M|34/100
|turn|58
|
|t:|1758256897
|-terastallize|p1a: Dragapult|Dragon
|move|p1a: Dragapult|Dragon Darts|p2a: Dragapult
|-supereffective|p2a: Dragapult
|-damage|p2a: Dragapult|1/100
|-anim|p1a: Dragapult|Dragon Darts|p2a: Dragapult
|-supereffective|p2a: Dragapult
|-damage|p2a: Dragapult|0 fnt
|faint|p2a: Dragapult
|
|upkeep
|
|t:|1758256904
|switch|p2a: Scizor|Scizor, F, tera:Steel|100/100
|turn|59
|
|t:|1758256908
|move|p2a: Scizor|Bullet Punch|p1a: Dragapult
|-crit|p1a: Dragapult
|-damage|p1a: Dragapult|0 fnt
|faint|p1a: Dragapult
|
|win|mantikarp2.0
|raw|Shibuya Arc's rating: 1584 &rarr; <strong>1561</strong><br />(-23 for losing)
|raw|mantikarp2.0's rating: 1530 &rarr; <strong>1553</strong><br />(+23 for winning)
|l|☆Shibuya Arc
|player|p1|
|l|☆mantikarp2.0
|player|p2|
