|j|☆HumanPersonThing
|j|☆homunculus74
|t:|1758292992
|gametype|singles
|player|p1|HumanPersonThing|giovanni|1277
|player|p2|homunculus74|bruno|1291
|gen|9
|tier|[Gen 9] OU
|rated|
|rule|HP Percentage Mod: HP is shown in percentages
|rule|Endless Battle Clause: Forcing endless battles is banned
|rule|Species Clause: Limit one of each Pokémon
|rule|OHKO Clause: OHKO moves are banned
|rule|Evasion Items Clause: Evasion items are banned
|rule|Evasion Moves Clause: Evasion moves are banned
|rule|Evasion Abilities Clause: Evasion abilities are banned
|rule|Sleep Moves Clause: Sleep-inducing moves are banned
|clearpoke
|poke|p1|Pincurchin, M|
|poke|p1|Raichu-Alola, M|
|poke|p1|Iron Treads|
|poke|p1|Iron Moth|
|poke|p1|Iron Valiant|
|poke|p1|Iron Jugulis|
|poke|p2|Scizor, F|
|poke|p2|Keldeo-Resolute|
|poke|p2|Iron Treads|
|poke|p2|Kingambit, M|
|poke|p2|Dragonite, F|
|poke|p2|Iron Valiant|
|teampreview
|inactive|Battle timer is ON: inactive players will automatically lose when time's up. (requested by homunculus74)
|
|t:|1758293006
|teamsize|p1|6
|teamsize|p2|6
|start
|switch|p1a: Raichu|Raichu-Alola, M, shiny|100/100
|switch|p2a: Iron Treads|Iron Treads|100/100
|-enditem|p2a: Iron Treads|Booster Energy
|-activate|p2a: Iron Treads|ability: Quark Drive|[fromitem]
|-start|p2a: Iron Treads|quarkdrivespe
|turn|1
|
|t:|1758293014
|switch|p1a: Iron Jugulis|Iron Jugulis|100/100
|move|p2a: Iron Treads|Earth Power|p1a: Iron Jugulis
|-immune|p1a: Iron Jugulis
|
|upkeep
|turn|2
|
|t:|1758293024
|-end|p1a: Iron Jugulis|Quark Drive|[silent]
|switch|p1a: Pincurchin|Pincurchin, M, shiny|100/100
|-fieldstart|move: Electric Terrain|[from] ability: Electric Surge|[of] p1a: Pincurchin
|move|p2a: Iron Treads|Stealth Rock|p1a: Pincurchin
|-sidestart|p1: HumanPersonThing|move: Stealth Rock
|
|upkeep
|turn|3
|
|t:|1758293036
|-end|p2a: Iron Treads|Quark Drive|[silent]
|switch|p2a: Iron Valiant|Iron Valiant|100/100
|-activate|p2a: Iron Valiant|ability: Quark Drive
|-start|p2a: Iron Valiant|quarkdrivespe
|switch|p1a: Iron Jugulis|Iron Jugulis|100/100
|-damage|p1a: Iron Jugulis|76/100|[from] Stealth Rock
|-activate|p1a: Iron Jugulis|ability: Quark Drive
|-start|p1a: Iron Jugulis|quarkdrivespe
|
|upkeep
|turn|4
|
|t:|1758293045
|-terastallize|p1a: Iron Jugulis|Steel
|move|p2a: Iron Valiant|Calm Mind|p2a: Iron Valiant
|-boost|p2a: Iron Valiant|spa|1
|-boost|p2a: Iron Valiant|spd|1
|move|p1a: Iron Jugulis|Air Slash|p2a: Iron Valiant
|-supereffective|p2a: Iron Valiant
|-damage|p2a: Iron Valiant|19/100
|
|upkeep
|turn|5
|
|t:|1758293059
|move|p2a: Iron Valiant|Thunderbolt|p1a: Iron Jugulis
|-damage|p1a: Iron Jugulis|0 fnt
|faint|p1a: Iron Jugulis
|-end|p1a: Iron Jugulis|Quark Drive|[silent]
|
|upkeep
|
|t:|1758293062
|switch|p1a: Raichu|Raichu-Alola, M, shiny|100/100
|-damage|p1a: Raichu|88/100|[from] Stealth Rock
|turn|6
|
|t:|1758293067
|move|p1a: Raichu|Surf|p2a: Iron Valiant
|-damage|p2a: Iron Valiant|0 fnt
|faint|p2a: Iron Valiant
|-end|p2a: Iron Valiant|Quark Drive|[silent]
|
|upkeep
|
|t:|1758293076
|switch|p2a: Dragonite|Dragonite, F|100/100
|turn|7
|
|t:|1758293078
|switch|p1a: Iron Treads|Iron Treads, shiny|100/100
|-damage|p1a: Iron Treads|97/100|[from] Stealth Rock
|-activate|p1a: Iron Treads|ability: Quark Drive
|-start|p1a: Iron Treads|quarkdrivespe
|move|p2a: Dragonite|Dragon Dance|p2a: Dragonite
|-boost|p2a: Dragonite|atk|1
|-boost|p2a: Dragonite|spe|1
|
|upkeep
|turn|8
|
|t:|1758293084
|-terastallize|p2a: Dragonite|Normal
|move|p1a: Iron Treads|Ice Spinner|p2a: Dragonite
|-damage|p2a: Dragonite|87/100
|-fieldend|move: Electric Terrain
|-end|p1a: Iron Treads|Quark Drive
|move|p2a: Dragonite|Dragon Dance|p2a: Dragonite
|-boost|p2a: Dragonite|atk|1
|-boost|p2a: Dragonite|spe|1
|
|upkeep
|turn|9
|-message|HumanPersonThing forfeited.
|
|win|homunculus74
|raw|HumanPersonThing's rating: 1277 &rarr; <strong>1253</strong><br />(-24 for losing)
|raw|homunculus74's rating: 1291 &rarr; <strong>1315</strong><br />(+24 for winning)
|l|☆HumanPersonThing
|player|p1|
|l|☆homunculus74
|player|p2|
