|j|☆dark rivial
|j|☆antok206
|t:|1758274688
|gametype|singles
|player|p1|dark rivial|2|1220
|player|p2|antok206|giovanni|1161
|gen|9
|tier|[Gen 9] OU
|rated|
|rule|HP Percentage Mod: HP is shown in percentages
|rule|Endless Battle Clause: Forcing endless battles is banned
|rule|Species Clause: Limit one of each Pokémon
|rule|OHKO Clause: OHKO moves are banned
|rule|Evasion Items Clause: Evasion items are banned
|rule|Evasion Moves Clause: Evasion moves are banned
|rule|Evasion Abilities Clause: Evasion abilities are banned
|rule|Sleep Moves Clause: Sleep-inducing moves are banned
|clearpoke
|poke|p1|Araquanid, F|
|poke|p1|Zamazenta-*|
|poke|p1|Talonflame, M|
|poke|p1|Meowscarada, M|
|poke|p1|Glimmora, F|
|poke|p1|Dragapult, F|
|poke|p2|Ariados, F|
|poke|p2|Cramorant, M|
|poke|p2|Trevenant, M|
|poke|p2|Braviary, M|
|poke|p2|Hitmontop, M|
|poke|p2|Flygon, F|
|teampreview
|
|t:|1758274730
|teamsize|p1|6
|teamsize|p2|6
|start
|switch|p1a: Glimmora|Glimmora, F|100/100
|switch|p2a: Braviary|Braviary, M|100/100
|turn|1
|
|t:|1758274740
|switch|p2a: Flygon|Flygon, F|100/100
|move|p1a: Glimmora|Power Gem|p2a: Flygon
|-resisted|p2a: Flygon
|-damage|p2a: Flygon|80/100
|
|upkeep
|turn|2
|
|t:|1758274747
|move|p1a: Glimmora|Mortal Spin|p2a: Flygon
|-resisted|p2a: Flygon
|-damage|p2a: Flygon|76/100
|-status|p2a: Flygon|psn
|move|p2a: Flygon|Fire Spin|p1a: Glimmora|[miss]
|-miss|p2a: Flygon|p1a: Glimmora
|
|-damage|p2a: Flygon|63/100 psn|[from] psn
|upkeep
|turn|3
|
|t:|1758274755
|move|p1a: Glimmora|Spiky Shield|p1a: Glimmora
|-singleturn|p1a: Glimmora|move: Protect
|move|p2a: Flygon|Earth Power|p1a: Glimmora
|-activate|p1a: Glimmora|move: Protect
|
|-damage|p2a: Flygon|51/100 psn|[from] psn
|upkeep
|turn|4
|
|t:|1758274763
|switch|p1a: Talonflame|Talonflame, M|100/100
|move|p2a: Flygon|Fire Spin|p1a: Talonflame|[miss]
|-miss|p2a: Flygon|p1a: Talonflame
|
|-damage|p2a: Flygon|39/100 psn|[from] psn
|upkeep
|turn|5
|
|t:|1758274771
|move|p1a: Talonflame|Substitute|p1a: Talonflame
|-start|p1a: Talonflame|Substitute
|-damage|p1a: Talonflame|76/100
|move|p2a: Flygon|Rest|p2a: Flygon
|-status|p2a: Flygon|slp|[from] move: Rest
|-heal|p2a: Flygon|100/100 slp|[silent]
|-enditem|p2a: Flygon|Chesto Berry|[eat]
|-curestatus|p2a: Flygon|slp|[msg]
|
|upkeep
|turn|6
|
|t:|1758274780
|move|p1a: Talonflame|Swords Dance|p1a: Talonflame
|-boost|p1a: Talonflame|atk|2
|move|p2a: Flygon|U-turn|p1a: Talonflame
|-resisted|p1a: Talonflame
|-activate|p1a: Talonflame|move: Substitute|[damage]
|
|t:|1758274786
|switch|p2a: Hitmontop|Hitmontop, M|100/100|[from] U-turn
|
|upkeep
|turn|7
|
|t:|1758274791
|move|p2a: Hitmontop|Fake Out|p1a: Talonflame
|-end|p1a: Talonflame|Substitute
|move|p1a: Talonflame|Acrobatics|p2a: Hitmontop
|-supereffective|p2a: Hitmontop
|-damage|p2a: Hitmontop|0 fnt
|faint|p2a: Hitmontop
|
|upkeep
|
|t:|1758274813
|switch|p2a: Ariados|Ariados, F|100/100
|turn|8
|
|t:|1758274817
|-terastallize|p2a: Ariados|Dark
|move|p2a: Ariados|Sucker Punch||[still]
|-fail|p2a: Ariados
|move|p1a: Talonflame|Substitute|p1a: Talonflame
|-start|p1a: Talonflame|Substitute
|-damage|p1a: Talonflame|51/100
|
|upkeep
|turn|9
|
|t:|1758274828
|move|p2a: Ariados|Shadow Sneak|p1a: Talonflame
|-activate|p1a: Talonflame|move: Substitute|[damage]
|move|p1a: Talonflame|Acrobatics|p2a: Ariados
|-damage|p2a: Ariados|60/100
|
|upkeep
|turn|10
|
|t:|1758274842
|move|p2a: Ariados|Sucker Punch||[still]
|-fail|p2a: Ariados
|move|p1a: Talonflame|Substitute|p1a: Talonflame
|-fail|p1a: Talonflame|move: Substitute
|
|upkeep
|turn|11
|
|t:|1758274851
|move|p1a: Talonflame|Swords Dance|p1a: Talonflame
|-boost|p1a: Talonflame|atk|2
|move|p2a: Ariados|Focus Energy|p2a: Ariados
|-start|p2a: Ariados|move: Focus Energy
|
|upkeep
|turn|12
|
|t:|1758274860
|move|p2a: Ariados|Shadow Sneak|p1a: Talonflame
|-crit|p1a: Talonflame
|-end|p1a: Talonflame|Substitute
|move|p1a: Talonflame|Acrobatics|p2a: Ariados
|-damage|p2a: Ariados|0 fnt
|faint|p2a: Ariados
|
|upkeep
|
|t:|1758274871
|switch|p2a: Flygon|Flygon, F|100/100
|turn|13
|
|t:|1758274877
|move|p1a: Talonflame|Substitute|p1a: Talonflame
|-start|p1a: Talonflame|Substitute
|-damage|p1a: Talonflame|26/100
|move|p2a: Flygon|Fire Spin|p1a: Talonflame
|-resisted|p1a: Talonflame
|-activate|p1a: Talonflame|move: Substitute|[damage]
|
|upkeep
|turn|14
|-message|antok206 forfeited.
|
|win|dark rivial
|raw|dark rivial's rating: 1220 &rarr; <strong>1241</strong><br />(+21 for winning)
|raw|antok206's rating: 1161 &rarr; <strong>1140</strong><br />(-21 for losing)
|l|☆antok206
|player|p2|
|l|☆dark rivial
|player|p1|
