|j|☆AP Precalculus
|j|☆AzureNoire
|t:|1758257495
|gametype|singles
|player|p1|AP Precalculus|gentleman|1401
|player|p2|AzureNoire|101|1451
|gen|9
|tier|[Gen 9] OU
|rated|
|rule|HP Percentage Mod: HP is shown in percentages
|rule|Endless Battle Clause: Forcing endless battles is banned
|rule|Species Clause: Limit one of each Pokémon
|rule|OHKO Clause: OHKO moves are banned
|rule|Evasion Items Clause: Evasion items are banned
|rule|Evasion Moves Clause: Evasion moves are banned
|rule|Evasion Abilities Clause: Evasion abilities are banned
|rule|Sleep Moves Clause: Sleep-inducing moves are banned
|clearpoke
|poke|p1|Grimmsnarl, M|
|poke|p1|Latios, M|
|poke|p1|Glimmora, F|
|poke|p1|Iron Moth|
|poke|p1|Kommo-o, M|
|poke|p1|Iron Hands|
|poke|p2|Mandibuzz, F|
|poke|p2|Armarouge, F|
|poke|p2|Blaziken, F|
|poke|p2|Lokix, F|
|poke|p2|Hatterene, F|
|poke|p2|Lapras, F|
|teampreview
|inactive|Battle timer is ON: inactive players will automatically lose when time's up. (requested by AzureNoire)
|inactive|AP Precalculus also wants the timer to be on.
|
|t:|1758257504
|teamsize|p1|6
|teamsize|p2|6
|start
|switch|p1a: Bing Bong|Glimmora, F|100/100
|switch|p2a: Hatterene|Hatterene, F|100/100
|turn|1
|
|t:|1758257510
|move|p1a: Bing Bong|Mortal Spin|p2a: Hatterene
|-supereffective|p2a: Hatterene
|-damage|p2a: Hatterene|87/100
|move|p2a: Hatterene|Psyshock|p1a: Bing Bong
|-supereffective|p1a: Bing Bong
|-damage|p1a: Bing Bong|12/100
|
|upkeep
|turn|2
|
|t:|1758257536
|move|p1a: Bing Bong|Power Gem|p2a: Hatterene
|-damage|p2a: Hatterene|43/100
|move|p2a: Hatterene|Calm Mind|p2a: Hatterene
|-boost|p2a: Hatterene|spa|1
|-boost|p2a: Hatterene|spd|1
|
|upkeep
|turn|3
|
|t:|1758257548
|move|p1a: Bing Bong|Power Gem|p2a: Hatterene
|-damage|p2a: Hatterene|12/100
|move|p2a: Hatterene|Draining Kiss|p1a: Bing Bong
|-resisted|p1a: Bing Bong
|-damage|p1a: Bing Bong|0 fnt
|-heal|p2a: Hatterene|22/100|[from] drain|[of] p1a: Bing Bong
|faint|p1a: Bing Bong
|
|upkeep
|
|t:|1758257557
|switch|p1a: a bug?|Iron Moth|100/100
|-enditem|p1a: a bug?|Booster Energy
|-activate|p1a: a bug?|ability: Quark Drive|[fromitem]
|-start|p1a: a bug?|quarkdrivespa
|turn|4
|
|t:|1758257561
|move|p1a: a bug?|Fiery Dance|p2a: Hatterene
|-damage|p2a: Hatterene|0 fnt
|faint|p2a: Hatterene
|
|upkeep
|
|t:|1758257566
|switch|p2a: Lapras|Lapras, F|100/100
|turn|5
|
|t:|1758257575
|-terastallize|p1a: a bug?|Grass
|move|p1a: a bug?|Fiery Dance|p2a: Lapras
|-damage|p2a: Lapras|56/100
|move|p2a: Lapras|Dragon Dance|p2a: Lapras
|-boost|p2a: Lapras|atk|1
|-boost|p2a: Lapras|spe|1
|
|-heal|p2a: Lapras|63/100|[from] item: Leftovers
|upkeep
|turn|6
|
|t:|1758257586
|move|p1a: a bug?|Energy Ball|p2a: Lapras
|-supereffective|p2a: Lapras
|-damage|p2a: Lapras|0 fnt
|faint|p2a: Lapras
|
|upkeep
|
|t:|1758257589
|switch|p2a: Lokix|Lokix, F|100/100
|turn|7
|
|t:|1758257601
|-end|p1a: a bug?|Quark Drive|[silent]
|switch|p1a: THE HANDS|Iron Hands|100/100
|-enditem|p1a: THE HANDS|Booster Energy
|-activate|p1a: THE HANDS|ability: Quark Drive|[fromitem]
|-start|p1a: THE HANDS|quarkdriveatk
|move|p2a: Lokix|U-turn|p1a: THE HANDS
|-resisted|p1a: THE HANDS
|-damage|p1a: THE HANDS|66/100
|
|t:|1758257603
|switch|p2a: Mandibuzz|Mandibuzz, F|100/100|[from] U-turn
|
|upkeep
|turn|8
|
|t:|1758257616
|move|p2a: Mandibuzz|Toxic|p1a: THE HANDS
|-status|p1a: THE HANDS|tox
|move|p1a: THE HANDS|Wild Charge|p2a: Mandibuzz
|-supereffective|p2a: Mandibuzz
|-damage|p2a: Mandibuzz|0 fnt
|faint|p2a: Mandibuzz
|-damage|p1a: THE HANDS|43/100 tox|[from] Recoil
|
|-damage|p1a: THE HANDS|37/100 tox|[from] psn
|upkeep
|
|t:|1758257633
|switch|p2a: Lokix|Lokix, F|100/100
|turn|9
|
|t:|1758257637
|move|p2a: Lokix|Axe Kick|p1a: THE HANDS
|-damage|p1a: THE HANDS|1/100 tox
|-start|p1a: THE HANDS|confusion
|-activate|p1a: THE HANDS|confusion
|move|p1a: THE HANDS|Drain Punch|p2a: Lokix
|-damage|p2a: Lokix|10/100
|-heal|p1a: THE HANDS|29/100 tox|[from] drain|[of] p2a: Lokix
|
|-damage|p1a: THE HANDS|17/100 tox|[from] psn
|upkeep
|turn|10
|
|t:|1758257647
|switch|p2a: Armarouge|Armarouge, F|100/100
|-activate|p1a: THE HANDS|confusion
|move|p1a: THE HANDS|Drain Punch|p2a: Armarouge
|-resisted|p2a: Armarouge
|-damage|p2a: Armarouge|75/100
|-heal|p1a: THE HANDS|27/100 tox|[from] drain|[of] p2a: Armarouge
|-ability|p2a: Armarouge|Weak Armor|boost
|-unboost|p2a: Armarouge|def|1
|-boost|p2a: Armarouge|spe|2
|
|-damage|p1a: THE HANDS|9/100 tox|[from] psn
|upkeep
|turn|11
|
|t:|1758257654
|move|p2a: Armarouge|Iron Defense|p2a: Armarouge
|-boost|p2a: Armarouge|def|2
|-activate|p1a: THE HANDS|confusion
|-damage|p1a: THE HANDS|0 fnt|[from] confusion
|faint|p1a: THE HANDS
|-end|p1a: THE HANDS|Quark Drive|[silent]
|
|upkeep
|
|t:|1758257663
|switch|p1a: Mr Grimm|Grimmsnarl, M|100/100
|turn|12
|
|t:|1758257671
|move|p1a: Mr Grimm|Light Screen|p1a: Mr Grimm
|-sidestart|p1: AP Precalculus|move: Light Screen
|move|p2a: Armarouge|Calm Mind|p2a: Armarouge
|-boost|p2a: Armarouge|spa|1
|-boost|p2a: Armarouge|spd|1
|
|upkeep
|turn|13
|
|t:|1758257675
|move|p1a: Mr Grimm|Taunt|p2a: Armarouge
|-start|p2a: Armarouge|move: Taunt
|cant|p2a: Armarouge|move: Taunt|Calm Mind
|
|upkeep
|turn|14
|
|t:|1758257680
|move|p2a: Armarouge|Aura Sphere|p1a: Mr Grimm
|-damage|p1a: Mr Grimm|89/100
|move|p1a: Mr Grimm|Spirit Break|p2a: Armarouge
|-resisted|p2a: Armarouge
|-damage|p2a: Armarouge|66/100
|-unboost|p2a: Armarouge|spa|1
|-ability|p2a: Armarouge|Weak Armor|boost
|-unboost|p2a: Armarouge|def|1
|-boost|p2a: Armarouge|spe|2
|
|upkeep
|turn|15
|
|t:|1758257693
|switch|p2a: Lokix|Lokix, F|10/100
|move|p1a: Mr Grimm|Spirit Break|p2a: Lokix
|-supereffective|p2a: Lokix
|-damage|p2a: Lokix|0 fnt
|faint|p2a: Lokix
|
|upkeep
|
|t:|1758257696
|switch|p2a: Blaziken|Blaziken, F|100/100
|turn|16
|
|t:|1758257720
|move|p1a: Mr Grimm|Taunt|p2a: Blaziken
|-start|p2a: Blaziken|move: Taunt
|cant|p2a: Blaziken|move: Taunt|Focus Energy
|
|-ability|p2a: Blaziken|Speed Boost|boost
|-boost|p2a: Blaziken|spe|1
|upkeep
|turn|17
|
|t:|1758257727
|switch|p2a: Armarouge|Armarouge, F|66/100
|move|p1a: Mr Grimm|Reflect|p1a: Mr Grimm
|-sidestart|p1: AP Precalculus|Reflect
|
|upkeep
|turn|18
|
|t:|1758257737
|move|p1a: Mr Grimm|Taunt|p2a: Armarouge
|-start|p2a: Armarouge|move: Taunt
|move|p2a: Armarouge|Aura Sphere|p1a: Mr Grimm
|-damage|p1a: Mr Grimm|81/100
|
|upkeep
|turn|19
|
|t:|1758257748
|switch|p1a: Which One|Latios, M, shiny|100/100
|move|p2a: Armarouge|Aura Sphere|p1a: Which One
|-resisted|p1a: Which One
|-damage|p1a: Which One|96/100
|
|-sideend|p1: AP Precalculus|move: Light Screen
|upkeep
|turn|20
|
|t:|1758257757
|move|p1a: Which One|Agility|p1a: Which One
|-boost|p1a: Which One|spe|2
|move|p2a: Armarouge|Aura Sphere|p1a: Which One
|-resisted|p1a: Which One
|-damage|p1a: Which One|85/100
|
|-end|p2a: Armarouge|move: Taunt
|upkeep
|turn|21
|
|t:|1758257765
|move|p1a: Which One|Calm Mind|p1a: Which One
|-boost|p1a: Which One|spa|1
|-boost|p1a: Which One|spd|1
|move|p2a: Armarouge|Calm Mind|p2a: Armarouge
|-boost|p2a: Armarouge|spa|1
|-boost|p2a: Armarouge|spd|1
|
|upkeep
|turn|22
|
|t:|1758257770
|move|p1a: Which One|Calm Mind|p1a: Which One
|-boost|p1a: Which One|spa|1
|-boost|p1a: Which One|spd|1
|move|p2a: Armarouge|Calm Mind|p2a: Armarouge
|-boost|p2a: Armarouge|spa|1
|-boost|p2a: Armarouge|spd|1
|
|upkeep
|turn|23
|
|t:|1758257773
|move|p1a: Which One|Calm Mind|p1a: Which One
|-boost|p1a: Which One|spa|1
|-boost|p1a: Which One|spd|1
|move|p2a: Armarouge|Stored Power|p1a: Which One
|-resisted|p1a: Which One
|-damage|p1a: Which One|70/100
|
|upkeep
|turn|24
|
|t:|1758257778
|move|p1a: Which One|Calm Mind|p1a: Which One
|-boost|p1a: Which One|spa|1
|-boost|p1a: Which One|spd|1
|move|p2a: Armarouge|Stored Power|p1a: Which One
|-resisted|p1a: Which One
|-damage|p1a: Which One|57/100
|
|-sideend|p1: AP Precalculus|Reflect
|upkeep
|turn|25
|
|t:|1758257781
|move|p1a: Which One|Stored Power|p2a: Armarouge
|-resisted|p2a: Armarouge
|-damage|p2a: Armarouge|5/100
|move|p2a: Armarouge|Calm Mind|p2a: Armarouge
|-boost|p2a: Armarouge|spa|1
|-boost|p2a: Armarouge|spd|1
|
|upkeep
|turn|26
|
|t:|1758257785
|move|p1a: Which One|Stored Power|p2a: Armarouge
|-resisted|p2a: Armarouge
|-damage|p2a: Armarouge|0 fnt
|faint|p2a: Armarouge
|
|upkeep
|
|t:|1758257789
|switch|p2a: Blaziken|Blaziken, F|100/100
|turn|27
|
|t:|1758257791
|move|p1a: Which One|Stored Power|p2a: Blaziken
|-supereffective|p2a: Blaziken
|-damage|p2a: Blaziken|0 fnt
|faint|p2a: Blaziken
|
|win|AP Precalculus
|raw|AP Precalculus's rating: 1401 &rarr; <strong>1424</strong><br />(+23 for winning)
|raw|AzureNoire's rating: 1451 &rarr; <strong>1428</strong><br />(-23 for losing)
|l|☆AzureNoire
|player|p2|
|l|☆AP Precalculus
|player|p1|
