|j|☆pantalonescondidos
|j|☆gateauaukebab
|t:|1758306412
|gametype|singles
|player|p1|pantalonescondidos|169|1472
|player|p2|gateauaukebab|265|1499
|gen|9
|tier|[Gen 9] OU
|rated|
|rule|HP Percentage Mod: HP is shown in percentages
|rule|Endless Battle Clause: Forcing endless battles is banned
|rule|Species Clause: Limit one of each Pokémon
|rule|OHKO Clause: OHKO moves are banned
|rule|Evasion Items Clause: Evasion items are banned
|rule|Evasion Moves Clause: Evasion moves are banned
|rule|Evasion Abilities Clause: Evasion abilities are banned
|rule|Sleep Moves Clause: Sleep-inducing moves are banned
|clearpoke
|poke|p1|Sylveon, F|
|poke|p1|Slowking-Galar, F|
|poke|p1|Toxapex, F|
|poke|p1|Great Tusk|
|poke|p1|Kingambit, F|
|poke|p1|Rotom-Heat|
|poke|p2|Dragapult, F|
|poke|p2|Enamorus, F|
|poke|p2|Glimmora, M|
|poke|p2|Iron Moth|
|poke|p2|Kingambit, F|
|poke|p2|Manaphy|
|teampreview
|inactive|Battle timer is ON: inactive players will automatically lose when time's up. (requested by pantalonescondidos)
|inactive|gateauaukebab also wants the timer to be on.
|inactive|pantalonescondidos has 120 seconds left.
|inactive|pantalonescondidos has 90 seconds left.
|
|t:|1758306498
|teamsize|p1|6
|teamsize|p2|6
|start
|switch|p1a: Rotom|Rotom-Heat, shiny|100/100
|switch|p2a: Manaphy|Manaphy|100/100
|turn|1
|
|t:|1758306513
|move|p1a: Rotom|Volt Switch|p2a: Manaphy
|-supereffective|p2a: Manaphy
|-damage|p2a: Manaphy|48/100
|
|t:|1758306521
|switch|p1a: Sylveon|Sylveon, F, shiny|100/100|[from] Volt Switch
|move|p2a: Manaphy|Surf|p1a: Sylveon
|-damage|p1a: Sylveon|79/100
|
|-heal|p2a: Manaphy|54/100|[from] item: Leftovers
|-heal|p1a: Sylveon|85/100|[from] item: Leftovers
|upkeep
|turn|2
|
|t:|1758306529
|move|p2a: Manaphy|Tail Glow|p2a: Manaphy
|-boost|p2a: Manaphy|spa|3
|move|p1a: Sylveon|Hyper Voice|p2a: Manaphy
|-damage|p2a: Manaphy|11/100
|
|-heal|p2a: Manaphy|18/100|[from] item: Leftovers
|-heal|p1a: Sylveon|91/100|[from] item: Leftovers
|upkeep
|turn|3
|
|t:|1758306532
|move|p2a: Manaphy|Surf|p1a: Sylveon
|-damage|p1a: Sylveon|43/100
|move|p1a: Sylveon|Hyper Voice|p2a: Manaphy
|-damage|p2a: Manaphy|0 fnt
|faint|p2a: Manaphy
|
|-heal|p1a: Sylveon|49/100|[from] item: Leftovers
|upkeep
|
|t:|1758306537
|switch|p2a: Iron Moth|Iron Moth|100/100
|-enditem|p2a: Iron Moth|Booster Energy
|-activate|p2a: Iron Moth|ability: Quark Drive|[fromitem]
|-start|p2a: Iron Moth|quarkdrivespe
|turn|4
|
|t:|1758306541
|move|p2a: Iron Moth|Fiery Dance|p1a: Sylveon
|-damage|p1a: Sylveon|26/100
|-boost|p2a: Iron Moth|spa|1
|move|p1a: Sylveon|Roar|p2a: Iron Moth
|-end|p2a: Iron Moth|Quark Drive|[silent]
|drag|p2a: Glimmora|Glimmora, M|100/100
|
|-heal|p1a: Sylveon|32/100|[from] item: Leftovers
|upkeep
|turn|5
|
|t:|1758306547
|switch|p1a: Slowking|Slowking-Galar, F, shiny|100/100
|move|p2a: Glimmora|Mortal Spin|p1a: Slowking
|-resisted|p1a: Slowking
|-damage|p1a: Slowking|97/100
|
|upkeep
|turn|6
|
|t:|1758306553
|switch|p2a: Kingambit|Kingambit, F|100/100
|-activate|p2a: Kingambit|ability: Supreme Overlord
|-start|p2a: Kingambit|fallen1|[silent]
|move|p1a: Slowking|Surf|p2a: Kingambit
|-damage|p2a: Kingambit|77/100
|
|-heal|p2a: Kingambit|83/100|[from] item: Leftovers
|upkeep
|turn|7
|
|t:|1758306558
|switch|p1a: Great Tusk|Great Tusk|100/100
|move|p2a: Kingambit|Iron Head|p1a: Great Tusk
|-damage|p1a: Great Tusk|65/100
|
|-heal|p2a: Kingambit|89/100|[from] item: Leftovers
|upkeep
|turn|8
|
|t:|1758306563
|-end|p1a: Great Tusk|Protosynthesis|[silent]
|switch|p1a: Rotom|Rotom-Heat, shiny|100/100
|-end|p2a: Kingambit|fallen1|[silent]
|switch|p2a: Enamorus|Enamorus, F|100/100
|
|upkeep
|turn|9
|
|t:|1758306576
|move|p1a: Rotom|Volt Switch|p2a: Enamorus
|-supereffective|p2a: Enamorus
|-damage|p2a: Enamorus|22/100
|
|t:|1758306581
|switch|p1a: Slowking|Slowking-Galar, F, shiny|100/100|[from] Volt Switch
|move|p2a: Enamorus|Substitute|p2a: Enamorus
|-fail|p2a: Enamorus|move: Substitute|[weak]
|
|-heal|p2a: Enamorus|28/100|[from] item: Leftovers
|upkeep
|turn|10
|
|t:|1758306589
|switch|p2a: Kingambit|Kingambit, F|89/100
|-activate|p2a: Kingambit|ability: Supreme Overlord
|-start|p2a: Kingambit|fallen1|[silent]
|move|p1a: Slowking|Future Sight|p2a: Kingambit
|-start|p1a: Slowking|move: Future Sight
|
|-heal|p2a: Kingambit|95/100|[from] item: Leftovers
|upkeep
|turn|11
|
|t:|1758306594
|switch|p1a: Rotom|Rotom-Heat, shiny|100/100
|move|p2a: Kingambit|Kowtow Cleave|p1a: Rotom
|-damage|p1a: Rotom|23/100
|
|-heal|p2a: Kingambit|100/100|[from] item: Leftovers
|upkeep
|turn|12
|
|t:|1758306602
|move|p2a: Kingambit|Sucker Punch||[still]
|-fail|p2a: Kingambit
|move|p1a: Rotom|Trick|p2a: Kingambit
|-activate|p1a: Rotom|move: Trick|[of] p2a: Kingambit
|-item|p2a: Kingambit|Choice Scarf|[from] move: Trick
|-item|p1a: Rotom|Leftovers|[from] move: Trick
|
|-end|p2a: Kingambit|move: Future Sight
|-immune|p2a: Kingambit
|-heal|p1a: Rotom|30/100|[from] item: Leftovers
|upkeep
|turn|13
|
|t:|1758306612
|switch|p1a: Toxapex|Toxapex, F|100/100
|move|p2a: Kingambit|Kowtow Cleave|p1a: Toxapex
|-damage|p1a: Toxapex|69/100
|-damage|p2a: Kingambit|84/100|[from] item: Rocky Helmet|[of] p1a: Toxapex
|
|upkeep
|turn|14
|
|t:|1758306624
|-end|p2a: Kingambit|fallen1|[silent]
|switch|p2a: Enamorus|Enamorus, F|28/100
|move|p1a: Toxapex|Surf|p2a: Enamorus
|-damage|p2a: Enamorus|4/100
|
|-heal|p2a: Enamorus|10/100|[from] item: Leftovers
|upkeep
|turn|15
|
|t:|1758306629
|switch|p1a: Slowking|Slowking-Galar, F, shiny|100/100
|move|p2a: Enamorus|Earth Power|p1a: Slowking
|-supereffective|p1a: Slowking
|-damage|p1a: Slowking|76/100
|
|-heal|p2a: Enamorus|16/100|[from] item: Leftovers
|upkeep
|turn|16
|
|t:|1758306635
|move|p2a: Enamorus|Earth Power|p1a: Slowking
|-supereffective|p1a: Slowking
|-damage|p1a: Slowking|49/100
|move|p1a: Slowking|Flamethrower|p2a: Enamorus
|-damage|p2a: Enamorus|0 fnt
|faint|p2a: Enamorus
|
|upkeep
|
|t:|1758306640
|switch|p2a: Dragapult|Dragapult, F|100/100
|turn|17
|
|t:|1758306645
|switch|p1a: Kingambit|Kingambit, F|100/100
|move|p2a: Dragapult|Dragon Dance|p2a: Dragapult
|-boost|p2a: Dragapult|atk|1
|-boost|p2a: Dragapult|spe|1
|
|upkeep
|turn|18
|
|t:|1758306653
|-terastallize|p2a: Dragapult|Fire
|move|p2a: Dragapult|Tera Blast|p1a: Kingambit|[anim] Tera Blast Fire
|-supereffective|p1a: Kingambit
|-damage|p1a: Kingambit|3/100
|move|p1a: Kingambit|Kowtow Cleave|p2a: Dragapult
|-damage|p2a: Dragapult|12/100
|
|upkeep
|turn|19
|
|t:|1758306664
|move|p1a: Kingambit|Sucker Punch||[still]
|-fail|p1a: Kingambit
|move|p2a: Dragapult|Dragon Dance|p2a: Dragapult
|-boost|p2a: Dragapult|atk|1
|-boost|p2a: Dragapult|spe|1
|
|upkeep
|turn|20
|
|t:|1758306694
|-end|p1a: Kingambit|fallenundefined|[silent]
|switch|p1a: Rotom|Rotom-Heat, shiny|30/100
|move|p2a: Dragapult|Tera Blast|p1a: Rotom|[anim] Tera Blast Fire
|-resisted|p1a: Rotom
|-damage|p1a: Rotom|0 fnt
|faint|p1a: Rotom
|
|upkeep
|
|t:|1758306697
|switch|p1a: Toxapex|Toxapex, F|100/100
|turn|21
|
|t:|1758306705
|move|p2a: Dragapult|Dragon Darts|p1a: Toxapex
|-damage|p1a: Toxapex|67/100
|-anim|p2a: Dragapult|Dragon Darts|p1a: Toxapex
|-damage|p1a: Toxapex|35/100
|move|p1a: Toxapex|Surf|p2a: Dragapult
|-supereffective|p2a: Dragapult
|-damage|p2a: Dragapult|0 fnt
|faint|p2a: Dragapult
|
|upkeep
|
|t:|1758306716
|switch|p2a: Glimmora|Glimmora, M|100/100
|turn|22
|
|t:|1758306718
|switch|p1a: Slowking|Slowking-Galar, F, shiny|82/100
|move|p2a: Glimmora|Earth Power|p1a: Slowking
|-supereffective|p1a: Slowking
|-damage|p1a: Slowking|57/100
|
|upkeep
|turn|23
|
|t:|1758306724
|move|p2a: Glimmora|Stealth Rock|p1a: Slowking
|-sidestart|p1: pantalonescondidos|move: Stealth Rock
|move|p1a: Slowking|Surf|p2a: Glimmora
|-supereffective|p2a: Glimmora
|-damage|p2a: Glimmora|26/100
|
|upkeep
|turn|24
|
|t:|1758306727
|move|p2a: Glimmora|Earth Power|p1a: Slowking
|-supereffective|p1a: Slowking
|-damage|p1a: Slowking|29/100
|move|p1a: Slowking|Future Sight|p2a: Glimmora
|-start|p1a: Slowking|move: Future Sight
|
|upkeep
|turn|25
|
|t:|1758306734
|switch|p1a: Sylveon|Sylveon, F, shiny|32/100
|-damage|p1a: Sylveon|20/100|[from] Stealth Rock
|move|p2a: Glimmora|Earth Power|p1a: Sylveon
|-damage|p1a: Sylveon|4/100
|
|-heal|p1a: Sylveon|10/100|[from] item: Leftovers
|upkeep
|turn|26
|inactive|gateauaukebab has 120 seconds left.
|
|t:|1758306766
|move|p2a: Glimmora|Earth Power|p1a: Sylveon
|-damage|p1a: Sylveon|0 fnt
|faint|p1a: Sylveon
|
|-end|p2a: Glimmora|move: Future Sight
|-supereffective|p2a: Glimmora
|-damage|p2a: Glimmora|0 fnt
|faint|p2a: Glimmora
|upkeep
|
|t:|1758306771
|switch|p2a: Kingambit|Kingambit, F|84/100
|switch|p1a: Slowking|Slowking-Galar, F, shiny|62/100
|-activate|p2a: Kingambit|ability: Supreme Overlord
|-start|p2a: Kingambit|fallen4|[silent]
|-damage|p1a: Slowking|50/100|[from] Stealth Rock
|turn|27
|
|t:|1758306779
|switch|p1a: Toxapex|Toxapex, F|68/100
|-damage|p1a: Toxapex|56/100|[from] Stealth Rock
|move|p2a: Kingambit|Kowtow Cleave|p1a: Toxapex
|-damage|p1a: Toxapex|13/100
|-damage|p2a: Kingambit|67/100|[from] item: Rocky Helmet|[of] p1a: Toxapex
|
|upkeep
|turn|28
|
|t:|1758306786
|move|p1a: Toxapex|Baneful Bunker|p1a: Toxapex
|-singleturn|p1a: Toxapex|move: Protect
|move|p2a: Kingambit|Kowtow Cleave|p1a: Toxapex
|-activate|p1a: Toxapex|move: Protect
|
|upkeep
|turn|29
|
|t:|1758306792
|move|p2a: Kingambit|Kowtow Cleave|p1a: Toxapex
|-damage|p1a: Toxapex|0 fnt
|-damage|p2a: Kingambit|51/100|[from] item: Rocky Helmet|[of] p1a: Toxapex
|faint|p1a: Toxapex
|
|upkeep
|
|t:|1758306794
|switch|p1a: Great Tusk|Great Tusk|65/100
|turn|30
|
|t:|1758306797
|move|p1a: Great Tusk|Rapid Spin|p2a: Kingambit
|-resisted|p2a: Kingambit
|-damage|p2a: Kingambit|44/100
|-boost|p1a: Great Tusk|spe|1
|-sideend|p1: pantalonescondidos|Stealth Rock|[from] move: Rapid Spin|[of] p1a: Great Tusk
|move|p2a: Kingambit|Kowtow Cleave|p1a: Great Tusk
|-resisted|p1a: Great Tusk
|-damage|p1a: Great Tusk|41/100
|
|upkeep
|turn|31
|
|t:|1758306804
|move|p1a: Great Tusk|Close Combat|p2a: Kingambit
|-supereffective|p2a: Kingambit
|-damage|p2a: Kingambit|0 fnt
|-unboost|p1a: Great Tusk|def|1
|-unboost|p1a: Great Tusk|spd|1
|faint|p2a: Kingambit
|-end|p2a: Kingambit|fallen4|[silent]
|
|upkeep
|
|t:|1758306807
|switch|p2a: Iron Moth|Iron Moth|100/100
|turn|32
|
|t:|1758306812
|move|p1a: Great Tusk|Headlong Rush|p2a: Iron Moth
|-supereffective|p2a: Iron Moth
|-damage|p2a: Iron Moth|0 fnt
|-unboost|p1a: Great Tusk|def|1
|-unboost|p1a: Great Tusk|spd|1
|faint|p2a: Iron Moth
|-end|p2a: Iron Moth|Quark Drive|[silent]
|
|win|pantalonescondidos
|raw|pantalonescondidos's rating: 1472 &rarr; <strong>1494</strong><br />(+22 for winning)
|raw|gateauaukebab's rating: 1499 &rarr; <strong>1477</strong><br />(-22 for losing)
|l|☆pantalonescondidos
|player|p1|
|l|☆gateauaukebab
|player|p2|
