|j|☆slash#4700
|j|☆carloss prates
|t:|1758266094
|gametype|singles
|player|p1|slash#4700|2|1485
|player|p2|carloss prates|bruno|1570
|gen|9
|tier|[Gen 9] OU
|rated|
|rule|HP Percentage Mod: HP is shown in percentages
|rule|Endless Battle Clause: Forcing endless battles is banned
|rule|Species Clause: Limit one of each Pokémon
|rule|OHKO Clause: OHKO moves are banned
|rule|Evasion Items Clause: Evasion items are banned
|rule|Evasion Moves Clause: Evasion moves are banned
|rule|Evasion Abilities Clause: Evasion abilities are banned
|rule|Sleep Moves Clause: Sleep-inducing moves are banned
|clearpoke
|poke|p1|Meowscarada, F|
|poke|p1|Iron Crown|
|poke|p1|Ting-Lu|
|poke|p1|Clefable, M|
|poke|p1|Skeledirge, M|
|poke|p1|Dragapult, M|
|poke|p2|Ninetales-Alola, M|
|poke|p2|Dondozo, F|
|poke|p2|Iron Treads|
|poke|p2|Kyurem|
|poke|p2|Comfey, M|
|poke|p2|Polteageist|
|teampreview
|inactive|Battle timer is ON: inactive players will automatically lose when time's up. (requested by slash#4700)
|
|t:|1758266109
|teamsize|p1|6
|teamsize|p2|6
|start
|switch|p1a: Iron Crown|Iron Crown|100/100
|switch|p2a: Iron Treads|Iron Treads|100/100
|-enditem|p2a: Iron Treads|Booster Energy
|-activate|p2a: Iron Treads|ability: Quark Drive|[fromitem]
|-start|p2a: Iron Treads|quarkdrivespe
|turn|1
|
|t:|1758266125
|-end|p1a: Iron Crown|Quark Drive|[silent]
|switch|p1a: Clefable|Clefable, M|100/100
|move|p2a: Iron Treads|Stealth Rock|p1a: Clefable
|-sidestart|p1: slash#4700|move: Stealth Rock
|
|upkeep
|turn|2
|
|t:|1758266129
|move|p2a: Iron Treads|Steel Beam|p1a: Clefable
|-supereffective|p1a: Clefable
|-damage|p1a: Clefable|2/100
|-damage|p2a: Iron Treads|50/100|[from] steelbeam
|move|p1a: Clefable|Knock Off|p2a: Iron Treads
|-damage|p2a: Iron Treads|41/100
|
|-heal|p1a: Clefable|8/100|[from] item: Leftovers
|upkeep
|turn|3
|
|t:|1758266138
|switch|p1a: Ting-Lu|Ting-Lu|100/100
|-damage|p1a: Ting-Lu|94/100|[from] Stealth Rock
|-ability|p1a: Ting-Lu|Vessel of Ruin
|move|p2a: Iron Treads|Earth Power|p1a: Ting-Lu
|-damage|p1a: Ting-Lu|80/100
|
|-heal|p1a: Ting-Lu|86/100|[from] item: Leftovers
|upkeep
|turn|4
|
|t:|1758266144
|-end|p2a: Iron Treads|Quark Drive|[silent]
|switch|p2a: Kyurem|Kyurem|100/100
|-ability|p2a: Kyurem|Pressure
|move|p1a: Ting-Lu|Earthquake|p2a: Kyurem
|-damage|p2a: Kyurem|59/100
|
|-heal|p1a: Ting-Lu|93/100|[from] item: Leftovers
|upkeep
|turn|5
|
|t:|1758266150
|move|p2a: Kyurem|Icicle Spear|p1a: Ting-Lu
|-supereffective|p1a: Ting-Lu
|-damage|p1a: Ting-Lu|75/100
|-supereffective|p1a: Ting-Lu
|-damage|p1a: Ting-Lu|60/100
|-supereffective|p1a: Ting-Lu
|-damage|p1a: Ting-Lu|43/100
|-hitcount|p1a: Ting-Lu|3
|move|p1a: Ting-Lu|Earthquake|p2a: Kyurem
|-damage|p2a: Kyurem|21/100
|
|-heal|p1a: Ting-Lu|49/100|[from] item: Leftovers
|upkeep
|turn|6
|
|t:|1758266157
|switch|p1a: Iron Crown|Iron Crown|100/100
|-damage|p1a: Iron Crown|94/100|[from] Stealth Rock
|move|p2a: Kyurem|Icicle Spear|p1a: Iron Crown
|-resisted|p1a: Iron Crown
|-damage|p1a: Iron Crown|86/100
|-resisted|p1a: Iron Crown
|-damage|p1a: Iron Crown|78/100
|-hitcount|p1a: Iron Crown|2
|
|upkeep
|turn|7
|
|t:|1758266166
|switch|p2a: Iron Treads|Iron Treads|41/100
|move|p1a: Iron Crown|Tachyon Cutter|p2a: Iron Treads
|-resisted|p2a: Iron Treads
|-damage|p2a: Iron Treads|15/100
|-resisted|p2a: Iron Treads
|-damage|p2a: Iron Treads|0 fnt
|faint|p2a: Iron Treads
|-end|p2a: Iron Treads|Quark Drive|[silent]
|-hitcount|p2: Iron Treads|2
|
|upkeep
|
|t:|1758266172
|switch|p2a: Dondozo|Dondozo, F|100/100
|turn|8
|
|t:|1758266179
|-end|p1a: Iron Crown|Quark Drive|[silent]
|switch|p1a: Clefable|Clefable, M|8/100
|move|p2a: Dondozo|Avalanche|p1a: Clefable
|-crit|p1a: Clefable
|-damage|p1a: Clefable|0 fnt
|faint|p1a: Clefable
|
|upkeep
|
|t:|1758266200
|switch|p1a: Iron Crown|Iron Crown|78/100
|-damage|p1a: Iron Crown|72/100|[from] Stealth Rock
|turn|9
|
|t:|1758266204
|switch|p2a: Kyurem|Kyurem|21/100
|-ability|p2a: Kyurem|Pressure
|move|p1a: Iron Crown|Volt Switch|p2a: Kyurem
|-resisted|p2a: Kyurem
|-damage|p2a: Kyurem|6/100
|
|t:|1758266210
|-end|p1a: Iron Crown|Quark Drive|[silent]
|switch|p1a: Dragapult|Dragapult, M|100/100|[from] Volt Switch
|
|upkeep
|turn|10
|
|t:|1758266215
|switch|p2a: Dondozo|Dondozo, F|100/100
|move|p1a: Dragapult|Hex|p2a: Dondozo
|-damage|p2a: Dondozo|84/100
|
|-heal|p2a: Dondozo|90/100|[from] item: Leftovers
|upkeep
|turn|11
|
|t:|1758266220
|move|p1a: Dragapult|Will-O-Wisp|p2a: Dondozo
|-status|p2a: Dondozo|brn
|move|p2a: Dondozo|Avalanche|p1a: Dragapult
|-supereffective|p1a: Dragapult
|-damage|p1a: Dragapult|81/100
|
|-heal|p2a: Dondozo|97/100 brn|[from] item: Leftovers
|-damage|p2a: Dondozo|90/100 brn|[from] brn
|upkeep
|turn|12
|
|t:|1758266226
|switch|p2a: Kyurem|Kyurem|6/100
|-ability|p2a: Kyurem|Pressure
|move|p1a: Dragapult|Hex|p2a: Kyurem
|-damage|p2a: Kyurem|0 fnt
|faint|p2a: Kyurem
|
|upkeep
|
|t:|1758266227
|switch|p2a: Ninetales|Ninetales-Alola, M|100/100
|-weather|Snowscape|[from] ability: Snow Warning|[of] p2a: Ninetales
|turn|13
|
|t:|1758266235
|move|p1a: Dragapult|U-turn|p2a: Ninetales
|-resisted|p2a: Ninetales
|-damage|p2a: Ninetales|92/100
|
|t:|1758266238
|switch|p1a: Iron Crown|Iron Crown|72/100|[from] U-turn
|-damage|p1a: Iron Crown|65/100|[from] Stealth Rock
|move|p2a: Ninetales|Aurora Veil|p2a: Ninetales
|-sidestart|p2: carloss prates|move: Aurora Veil
|
|-weather|Snowscape|[upkeep]
|upkeep
|turn|14
|
|t:|1758266241
|switch|p2a: Dondozo|Dondozo, F|90/100 brn
|move|p1a: Iron Crown|Tachyon Cutter|p2a: Dondozo
|-resisted|p2a: Dondozo
|-damage|p2a: Dondozo|84/100 brn
|-resisted|p2a: Dondozo
|-damage|p2a: Dondozo|78/100 brn
|-hitcount|p2a: Dondozo|2
|
|-weather|Snowscape|[upkeep]
|-heal|p2a: Dondozo|84/100 brn|[from] item: Leftovers
|-damage|p2a: Dondozo|78/100 brn|[from] brn
|upkeep
|turn|15
|
|t:|1758266255
|-end|p1a: Iron Crown|Quark Drive|[silent]
|switch|p1a: Ting-Lu|Ting-Lu|49/100
|-damage|p1a: Ting-Lu|43/100|[from] Stealth Rock
|-ability|p1a: Ting-Lu|Vessel of Ruin
|switch|p2a: Comfey|Comfey, M|100/100
|
|-weather|Snowscape|[upkeep]
|-heal|p1a: Ting-Lu|49/100|[from] item: Leftovers
|upkeep
|turn|16
|
|t:|1758266266
|move|p2a: Comfey|Calm Mind|p2a: Comfey
|-boost|p2a: Comfey|spa|1
|-boost|p2a: Comfey|spd|1
|move|p1a: Ting-Lu|Spikes|p2a: Comfey
|-sidestart|p2: carloss prates|Spikes
|
|-weather|Snowscape|[upkeep]
|-heal|p1a: Ting-Lu|56/100|[from] item: Leftovers
|upkeep
|turn|17
|
|t:|1758266269
|move|p2a: Comfey|Draining Kiss|p1a: Ting-Lu
|-supereffective|p1a: Ting-Lu
|-crit|p1a: Ting-Lu
|-damage|p1a: Ting-Lu|15/100
|move|p1a: Ting-Lu|Whirlwind|p2a: Comfey
|drag|p2a: Ninetales|Ninetales-Alola, M|92/100
|-damage|p2a: Ninetales|80/100|[from] Spikes
|
|-weather|none
|-heal|p1a: Ting-Lu|21/100|[from] item: Leftovers
|upkeep
|turn|18
|
|t:|1758266278
|move|p2a: Ninetales|Freeze-Dry|p1a: Ting-Lu
|-supereffective|p1a: Ting-Lu
|-damage|p1a: Ting-Lu|4/100
|move|p1a: Ting-Lu|Whirlwind|p2a: Ninetales
|drag|p2a: Dondozo|Dondozo, F|78/100 brn
|-damage|p2a: Dondozo|66/100 brn|[from] Spikes
|
|-heal|p1a: Ting-Lu|10/100|[from] item: Leftovers
|-heal|p2a: Dondozo|72/100 brn|[from] item: Leftovers
|-damage|p2a: Dondozo|66/100 brn|[from] brn
|upkeep
|turn|19
|
|t:|1758266282
|move|p2a: Dondozo|Wave Crash|p1a: Ting-Lu
|-supereffective|p1a: Ting-Lu
|-crit|p1a: Ting-Lu
|-damage|p1a: Ting-Lu|0 fnt
|faint|p1a: Ting-Lu
|-damage|p2a: Dondozo|62/100 brn|[from] Recoil
|
|-heal|p2a: Dondozo|69/100 brn|[from] item: Leftovers
|-damage|p2a: Dondozo|62/100 brn|[from] brn
|upkeep
|
|t:|1758266288
|switch|p1a: Dragapult|Dragapult, M|81/100
|turn|20
|
|t:|1758266294
|move|p1a: Dragapult|Hex|p2a: Dondozo
|-damage|p2a: Dondozo|30/100 brn
|move|p2a: Dondozo|Avalanche|p1a: Dragapult
|-supereffective|p1a: Dragapult
|-damage|p1a: Dragapult|43/100
|
|-heal|p2a: Dondozo|36/100 brn|[from] item: Leftovers
|-damage|p2a: Dondozo|30/100 brn|[from] brn
|-sideend|p2: carloss prates|move: Aurora Veil
|upkeep
|turn|21
|
|t:|1758266303
|switch|p2a: Comfey|Comfey, M|100/100
|-damage|p2a: Comfey|88/100|[from] Spikes
|move|p1a: Dragapult|Hex|p2a: Comfey
|-crit|p2a: Comfey
|-damage|p2a: Comfey|48/100
|
|upkeep
|turn|22
|
|t:|1758266315
|switch|p1a: Iron Crown|Iron Crown|65/100
|-damage|p1a: Iron Crown|59/100|[from] Stealth Rock
|move|p2a: Comfey|Draining Kiss|p1a: Iron Crown
|-resisted|p1a: Iron Crown
|-damage|p1a: Iron Crown|49/100
|-heal|p2a: Comfey|56/100|[from] drain|[of] p1a: Iron Crown
|
|upkeep
|turn|23
|
|t:|1758266332
|-terastallize|p1a: Iron Crown|Steel
|move|p1a: Iron Crown|Tachyon Cutter|p2a: Comfey
|-supereffective|p2a: Comfey
|-damage|p2a: Comfey|0 fnt
|faint|p2a: Comfey
|-hitcount|p2: Comfey|1
|
|upkeep
|
|t:|1758266337
|switch|p2a: Ninetales|Ninetales-Alola, M|80/100
|-damage|p2a: Ninetales|68/100|[from] Spikes
|-weather|Snowscape|[from] ability: Snow Warning|[of] p2a: Ninetales
|turn|24
|
|t:|1758266339
|move|p2a: Ninetales|Aurora Veil|p2a: Ninetales
|-sidestart|p2: carloss prates|move: Aurora Veil
|move|p1a: Iron Crown|Tachyon Cutter|p2a: Ninetales
|-supereffective|p2a: Ninetales
|-damage|p2a: Ninetales|0 fnt
|faint|p2a: Ninetales
|-hitcount|p2: Ninetales|1
|
|-weather|Snowscape|[upkeep]
|upkeep
|
|t:|1758266342
|switch|p2a: Polteageist|Polteageist|100/100
|-damage|p2a: Polteageist|88/100|[from] Spikes
|turn|25
|
|t:|1758266344
|move|p1a: Iron Crown|Tachyon Cutter|p2a: Polteageist
|-damage|p2a: Polteageist|64/100
|-damage|p2a: Polteageist|40/100
|-hitcount|p2a: Polteageist|2
|move|p2a: Polteageist|Shell Smash|p2a: Polteageist
|-unboost|p2a: Polteageist|def|1
|-unboost|p2a: Polteageist|spd|1
|-boost|p2a: Polteageist|atk|2
|-boost|p2a: Polteageist|spa|2
|-boost|p2a: Polteageist|spe|2
|-enditem|p2a: Polteageist|White Herb
|-clearnegativeboost|p2a: Polteageist|[silent]
|
|-weather|Snowscape|[upkeep]
|upkeep
|turn|26
|
|t:|1758266350
|move|p2a: Polteageist|Strength Sap|p1a: Iron Crown
|-unboost|p1a: Iron Crown|atk|1
|-heal|p2a: Polteageist|87/100
|move|p1a: Iron Crown|Tachyon Cutter|p2a: Polteageist
|-damage|p2a: Polteageist|65/100
|-start|p1a: Iron Crown|Disable|Tachyon Cutter|[from] ability: Cursed Body|[of] p2a: Polteageist
|-damage|p2a: Polteageist|41/100
|-hitcount|p2a: Polteageist|2
|
|-weather|Snowscape|[upkeep]
|upkeep
|turn|27
|
|t:|1758266364
|-end|p1a: Iron Crown|Quark Drive|[silent]
|switch|p1a: Dragapult|Dragapult, M|43/100
|move|p2a: Polteageist|Strength Sap|p1a: Dragapult
|-unboost|p1a: Dragapult|atk|1
|-heal|p2a: Polteageist|100/100
|
|-weather|Snowscape|[upkeep]
|upkeep
|turn|28
|
|t:|1758266368
|move|p2a: Polteageist|Shadow Ball|p1a: Dragapult
|-supereffective|p1a: Dragapult
|-damage|p1a: Dragapult|0 fnt
|faint|p1a: Dragapult
|
|-weather|none
|upkeep
|
|t:|1758266376
|switch|p1a: Iron Crown|Iron Crown, tera:Steel|49/100
|-damage|p1a: Iron Crown|43/100|[from] Stealth Rock
|turn|29
|
|t:|1758266378
|move|p2a: Polteageist|Shadow Ball|p1a: Iron Crown
|-damage|p1a: Iron Crown|0 fnt
|faint|p1a: Iron Crown
|-end|p1a: Iron Crown|Quark Drive|[silent]
|
|upkeep
|
|t:|1758266383
|switch|p1a: Meowscarada|Meowscarada, F|100/100
|-damage|p1a: Meowscarada|88/100|[from] Stealth Rock
|turn|30
|
|t:|1758266388
|move|p2a: Polteageist|Tera Blast|p1a: Meowscarada
|-damage|p1a: Meowscarada|14/100
|move|p1a: Meowscarada|Knock Off|p2a: Polteageist
|-start|p1a: Meowscarada|typechange|Dark|[from] ability: Protean
|-supereffective|p2a: Polteageist
|-damage|p2a: Polteageist|48/100
|
|upkeep
|turn|31
|
|t:|1758266393
|move|p2a: Polteageist|Shadow Ball|p1a: Meowscarada
|-resisted|p1a: Meowscarada
|-damage|p1a: Meowscarada|0 fnt
|faint|p1a: Meowscarada
|
|-sideend|p2: carloss prates|move: Aurora Veil
|upkeep
|
|t:|1758266396
|switch|p1a: Skeledirge|Skeledirge, M|100/100
|turn|32
|
|t:|1758266400
|move|p2a: Polteageist|Strength Sap|p1a: Skeledirge
|-unboost|p1a: Skeledirge|atk|1
|-heal|p2a: Polteageist|91/100
|move|p1a: Skeledirge|Hex|p2a: Polteageist
|-supereffective|p2a: Polteageist
|-damage|p2a: Polteageist|42/100
|-start|p1a: Skeledirge|Disable|Hex|[from] ability: Cursed Body|[of] p2a: Polteageist
|
|upkeep
|turn|33
|
|t:|1758266408
|move|p2a: Polteageist|Strength Sap|p1a: Skeledirge
|-unboost|p1a: Skeledirge|atk|1
|-heal|p2a: Polteageist|71/100
|move|p1a: Skeledirge|Torch Song|p2a: Polteageist
|-damage|p2a: Polteageist|45/100
|-boost|p1a: Skeledirge|spa|1
|
|upkeep
|turn|34
|
|t:|1758266413
|move|p2a: Polteageist|Shadow Ball|p1a: Skeledirge
|-supereffective|p1a: Skeledirge
|-damage|p1a: Skeledirge|45/100
|move|p1a: Skeledirge|Torch Song|p2a: Polteageist
|-damage|p2a: Polteageist|4/100
|-boost|p1a: Skeledirge|spa|1
|
|upkeep
|turn|35
|
|t:|1758266418
|move|p2a: Polteageist|Shadow Ball|p1a: Skeledirge
|-supereffective|p1a: Skeledirge
|-damage|p1a: Skeledirge|0 fnt
|faint|p1a: Skeledirge
|
|win|carloss prates
|raw|slash#4700's rating: 1485 &rarr; <strong>1470</strong><br />(-15 for losing)
|raw|carloss prates's rating: 1570 &rarr; <strong>1585</strong><br />(+15 for winning)
|l|☆carloss prates
|player|p2|
