|j|☆Reginald Chaos
|j|☆AsuraBoi
|t:|1758255877
|gametype|singles
|player|p1|Reginald Chaos|102|1134
|player|p2|AsuraBoi|101|1094
|gen|9
|tier|[Gen 9] OU
|rated|
|rule|HP Percentage Mod: HP is shown in percentages
|rule|Endless Battle Clause: Forcing endless battles is banned
|rule|Species Clause: Limit one of each Pokémon
|rule|OHKO Clause: OHKO moves are banned
|rule|Evasion Items Clause: Evasion items are banned
|rule|Evasion Moves Clause: Evasion moves are banned
|rule|Evasion Abilities Clause: Evasion abilities are banned
|rule|Sleep Moves Clause: Sleep-inducing moves are banned
|clearpoke
|poke|p1|Pelipper, M|
|poke|p1|Beartic, F|
|poke|p1|Barraskewda, F|
|poke|p1|Ogerpon-Wellspring, F|
|poke|p1|Zapdos|
|poke|p1|Hatterene, F|
|poke|p2|Garganacl, F|
|poke|p2|Ogerpon-Wellspring, F|
|poke|p2|Hatterene, F|
|poke|p2|Ceruledge, F|
|poke|p2|Glimmora, F|
|poke|p2|Dragonite, F|
|teampreview
|inactive|Battle timer is ON: inactive players will automatically lose when time's up. (requested by Reginald Chaos)
|
|t:|1758255885
|teamsize|p1|6
|teamsize|p2|6
|start
|switch|p1a: Pelipper|Pelipper, M|100/100
|switch|p2a: Hatterene|Hatterene, F|100/100
|-weather|RainDance|[from] ability: Drizzle|[of] p1a: Pelipper
|turn|1
|
|t:|1758255901
|move|p1a: Pelipper|U-turn|p2a: Hatterene
|-damage|p2a: Hatterene|93/100
|
|t:|1758255904
|switch|p1a: Zapdos|Zapdos|100/100|[from] U-turn
|move|p2a: Hatterene|Calm Mind|p2a: Hatterene
|-boost|p2a: Hatterene|spa|1
|-boost|p2a: Hatterene|spd|1
|
|-weather|RainDance|[upkeep]
|-heal|p2a: Hatterene|99/100|[from] item: Leftovers
|upkeep
|turn|2
|
|t:|1758255923
|move|p1a: Zapdos|Thunder|p2a: Hatterene
|-damage|p2a: Hatterene|62/100
|-status|p2a: Hatterene|par
|move|p2a: Hatterene|Calm Mind|p2a: Hatterene
|-boost|p2a: Hatterene|spa|1
|-boost|p2a: Hatterene|spd|1
|
|-weather|RainDance|[upkeep]
|-heal|p2a: Hatterene|68/100 par|[from] item: Leftovers
|upkeep
|turn|3
|
|t:|1758255935
|move|p1a: Zapdos|Volt Switch|p2a: Hatterene
|-damage|p2a: Hatterene|49/100 par
|
|t:|1758255937
|switch|p1a: Beartic|Beartic, F|100/100|[from] Volt Switch
|move|p2a: Hatterene|Draining Kiss|p1a: Beartic
|-damage|p1a: Beartic|42/100
|-heal|p2a: Hatterene|95/100 par|[from] drain|[of] p1a: Beartic
|
|-weather|RainDance|[upkeep]
|-heal|p2a: Hatterene|100/100 par|[from] item: Leftovers
|upkeep
|turn|4
|
|t:|1758255948
|move|p1a: Beartic|Icicle Spear|p2a: Hatterene
|-damage|p2a: Hatterene|87/100 par
|-damage|p2a: Hatterene|73/100 par
|-damage|p2a: Hatterene|60/100 par
|-damage|p2a: Hatterene|48/100 par
|-hitcount|p2a: Hatterene|4
|move|p2a: Hatterene|Mystical Fire|p1a: Beartic
|-supereffective|p1a: Beartic
|-damage|p1a: Beartic|0 fnt
|faint|p1a: Beartic
|
|-weather|RainDance|[upkeep]
|-heal|p2a: Hatterene|54/100 par|[from] item: Leftovers
|upkeep
|
|t:|1758255956
|switch|p1a: Barraskewda|Barraskewda, F|100/100
|turn|5
|
|t:|1758255965
|switch|p2a: Ogerpon|Ogerpon-Wellspring, F|100/100
|move|p1a: Barraskewda|Liquidation|p2a: Ogerpon
|-immune|p2a: Ogerpon|[from] ability: Water Absorb
|
|-weather|RainDance|[upkeep]
|upkeep
|turn|6
|
|t:|1758255979
|move|p1a: Barraskewda|Poison Jab|p2a: Ogerpon
|-supereffective|p2a: Ogerpon
|-damage|p2a: Ogerpon|34/100
|-status|p2a: Ogerpon|psn
|move|p2a: Ogerpon|Swords Dance|p2a: Ogerpon
|-boost|p2a: Ogerpon|atk|2
|
|-weather|RainDance|[upkeep]
|-damage|p2a: Ogerpon|22/100 psn|[from] psn
|upkeep
|turn|7
|
|t:|1758255991
|move|p1a: Barraskewda|Poison Jab|p2a: Ogerpon
|-supereffective|p2a: Ogerpon
|-damage|p2a: Ogerpon|0 fnt
|faint|p2a: Ogerpon
|
|-weather|RainDance|[upkeep]
|upkeep
|
|t:|1758255996
|switch|p2a: Dragonite|Dragonite, F|100/100
|turn|8
|
|t:|1758256003
|move|p1a: Barraskewda|Flip Turn|p2a: Dragonite
|-resisted|p2a: Dragonite
|-damage|p2a: Dragonite|85/100
|
|t:|1758256011
|switch|p1a: Zapdos|Zapdos|100/100|[from] Flip Turn
|move|p2a: Dragonite|Dragon Dance|p2a: Dragonite
|-boost|p2a: Dragonite|atk|1
|-boost|p2a: Dragonite|spe|1
|
|-weather|none
|upkeep
|turn|9
|inactive|AsuraBoi has 120 seconds left.
|
|t:|1758256042
|switch|p2a: Garganacl|Garganacl, F|100/100
|move|p1a: Zapdos|Thunder|p2a: Garganacl
|-damage|p2a: Garganacl|46/100
|
|-heal|p2a: Garganacl|52/100|[from] item: Leftovers
|upkeep
|turn|10
|
|t:|1758256052
|move|p1a: Zapdos|Volt Switch|p2a: Garganacl
|-damage|p2a: Garganacl|19/100
|
|t:|1758256056
|switch|p1a: Hatterene|Hatterene, F|100/100|[from] Volt Switch
|move|p2a: Garganacl|Salt Cure|p1a: Hatterene
|-damage|p1a: Hatterene|86/100
|-start|p1a: Hatterene|Salt Cure
|-enditem|p1a: Hatterene|Eject Button
|
|t:|1758256061
|switch|p1a: Pelipper|Pelipper, M|100/100
|-weather|RainDance|[from] ability: Drizzle|[of] p1a: Pelipper
|
|-weather|RainDance|[upkeep]
|-heal|p2a: Garganacl|25/100|[from] item: Leftovers
|upkeep
|turn|11
|
|t:|1758256069
|move|p1a: Pelipper|Surf|p2a: Garganacl
|-supereffective|p2a: Garganacl
|-damage|p2a: Garganacl|0 fnt
|faint|p2a: Garganacl
|
|-weather|RainDance|[upkeep]
|upkeep
|-message|AsuraBoi forfeited.
|
|win|Reginald Chaos
|raw|Reginald Chaos's rating: 1134 &rarr; <strong>1156</strong><br />(+22 for winning)
|raw|AsuraBoi's rating: 1094 &rarr; <strong>1073</strong><br />(-21 for losing)
|l|☆AsuraBoi
|player|p2|
|l|☆Reginald Chaos
|player|p1|
