|j|☆ablazekicked
|j|☆scrubtest98
|t:|1758254683
|gametype|singles
|player|p1|ablazekicked|byron|1456
|player|p2|scrubtest98|102|1470
|gen|9
|tier|[Gen 9] OU
|rated|
|rule|HP Percentage Mod: HP is shown in percentages
|rule|Endless Battle Clause: Forcing endless battles is banned
|rule|Species Clause: Limit one of each Pokémon
|rule|OHKO Clause: OHKO moves are banned
|rule|Evasion Items Clause: Evasion items are banned
|rule|Evasion Moves Clause: Evasion moves are banned
|rule|Evasion Abilities Clause: Evasion abilities are banned
|rule|Sleep Moves Clause: Sleep-inducing moves are banned
|clearpoke
|poke|p1|Kyurem|
|poke|p1|Ambipom, M|
|poke|p1|Cinderace, F|
|poke|p1|Rillaboom, M|
|poke|p1|Hatterene, F|
|poke|p1|Gliscor, F|
|poke|p2|Zamazenta-*|
|poke|p2|Rillaboom, F|
|poke|p2|Gholdengo|
|poke|p2|Ting-Lu|
|poke|p2|Tornadus-Therian, M|
|poke|p2|Hawlucha, M|
|teampreview
|
|t:|1758254722
|teamsize|p1|6
|teamsize|p2|6
|start
|switch|p1a: Cinderace|Cinderace, F|100/100
|switch|p2a: Rillaboom|Rillaboom, F|100/100
|-fieldstart|move: Grassy Terrain|[from] ability: Grassy Surge|[of] p2a: Rillaboom
|turn|1
|
|t:|1758254746
|switch|p2a: Hawlucha|Hawlucha, M|100/100
|-enditem|p2a: Hawlucha|Grassy Seed
|-boost|p2a: Hawlucha|def|1|[from] item: Grassy Seed
|move|p1a: Cinderace|Pyro Ball|p2a: Hawlucha
|-damage|p2a: Hawlucha|50/100
|
|upkeep
|turn|2
|
|t:|1758254758
|move|p2a: Hawlucha|Acrobatics|p1a: Cinderace
|-damage|p1a: Cinderace|30/100
|move|p1a: Cinderace|Pyro Ball|p2a: Hawlucha
|-damage|p2a: Hawlucha|0 fnt
|faint|p2a: Hawlucha
|
|-heal|p1a: Cinderace|36/100|[from] Grassy Terrain
|upkeep
|
|t:|1758254765
|switch|p2a: Tornadus|Tornadus-Therian, M|100/100
|turn|3
|
|t:|1758254791
|switch|p1a: Hatterene|Hatterene, F|100/100
|move|p2a: Tornadus|Nasty Plot|p2a: Tornadus
|-boost|p2a: Tornadus|spa|2
|
|upkeep
|turn|4
|
|t:|1758254811
|move|p2a: Tornadus|Bleakwind Storm|p1a: Hatterene
|-damage|p1a: Hatterene|45/100
|move|p1a: Hatterene|Nuzzle|p2a: Tornadus
|-supereffective|p2a: Tornadus
|-damage|p2a: Tornadus|91/100
|-status|p2a: Tornadus|par
|
|-heal|p1a: Hatterene|51/100|[from] Grassy Terrain
|upkeep
|turn|5
|
|t:|1758254826
|move|p2a: Tornadus|Bleakwind Storm|p1a: Hatterene
|-damage|p1a: Hatterene|0 fnt
|faint|p1a: Hatterene
|
|-fieldend|move: Grassy Terrain
|upkeep
|
|t:|1758254832
|switch|p1a: Kyurem|Kyurem|100/100
|-ability|p1a: Kyurem|Pressure
|turn|6
|
|t:|1758254839
|switch|p2a: Gholdengo|Gholdengo|100/100
|move|p1a: Kyurem|Ice Beam|p2a: Gholdengo
|-resisted|p2a: Gholdengo
|-damage|p2a: Gholdengo|67/100
|
|upkeep
|turn|7
|
|t:|1758254848
|switch|p1a: Gliscor|Gliscor, F|100/100
|move|p2a: Gholdengo|Recover|p2a: Gholdengo
|-heal|p2a: Gholdengo|100/100
|
|-status|p1a: Gliscor|tox|[from] item: Toxic Orb
|upkeep
|turn|8
|
|t:|1758254863
|switch|p2a: Rillaboom|Rillaboom, F|100/100
|-fieldstart|move: Grassy Terrain|[from] ability: Grassy Surge|[of] p2a: Rillaboom
|move|p1a: Gliscor|Agility|p1a: Gliscor
|-boost|p1a: Gliscor|spe|2
|
|upkeep
|turn|9
|
|t:|1758254874
|switch|p1a: Kyurem|Kyurem|100/100
|-ability|p1a: Kyurem|Pressure
|move|p2a: Rillaboom|Wood Hammer|p1a: Kyurem
|-resisted|p1a: Kyurem
|-crit|p1a: Kyurem
|-damage|p1a: Kyurem|15/100
|-damage|p2a: Rillaboom|68/100|[from] Recoil
|
|-heal|p1a: Kyurem|21/100|[from] Grassy Terrain
|-heal|p2a: Rillaboom|74/100|[from] Grassy Terrain
|upkeep
|turn|10
|
|t:|1758254884
|switch|p2a: Ting-Lu|Ting-Lu|100/100
|-ability|p2a: Ting-Lu|Vessel of Ruin
|move|p1a: Kyurem|Ice Beam|p2a: Ting-Lu
|-supereffective|p2a: Ting-Lu
|-damage|p2a: Ting-Lu|40/100
|
|-heal|p1a: Kyurem|27/100|[from] Grassy Terrain
|-heal|p2a: Ting-Lu|46/100|[from] Grassy Terrain
|-heal|p2a: Ting-Lu|52/100|[from] item: Leftovers
|upkeep
|turn|11
|
|t:|1758254887
|move|p1a: Kyurem|Ice Beam|p2a: Ting-Lu
|-supereffective|p2a: Ting-Lu
|-damage|p2a: Ting-Lu|0 fnt
|faint|p2a: Ting-Lu
|
|-heal|p1a: Kyurem|33/100|[from] Grassy Terrain
|upkeep
|
|t:|1758254893
|switch|p2a: Zamazenta|Zamazenta|100/100
|-ability|p2a: Zamazenta|Dauntless Shield|boost
|-boost|p2a: Zamazenta|def|1
|turn|12
|
|t:|1758254929
|switch|p1a: Gliscor|Gliscor, F|100/100 tox
|move|p2a: Zamazenta|Iron Defense|p2a: Zamazenta
|-boost|p2a: Zamazenta|def|2
|
|-fieldend|move: Grassy Terrain
|upkeep
|turn|13
|
|t:|1758254939
|move|p2a: Zamazenta|Substitute|p2a: Zamazenta
|-start|p2a: Zamazenta|Substitute
|-damage|p2a: Zamazenta|75/100
|move|p1a: Gliscor|Earthquake|p2a: Zamazenta
|-activate|p2a: Zamazenta|move: Substitute|[damage]
|
|-heal|p2a: Zamazenta|82/100|[from] item: Leftovers
|upkeep
|turn|14
|-message|ablazekicked forfeited.
|
|win|scrubtest98
|raw|ablazekicked's rating: 1456 &rarr; <strong>1437</strong><br />(-19 for losing)
|raw|scrubtest98's rating: 1470 &rarr; <strong>1489</strong><br />(+19 for winning)
|l|☆ablazekicked
|player|p1|
|l|☆scrubtest98
|player|p2|
