|j|☆Modgrols
|j|☆liffehh
|t:|1758235784
|gametype|singles
|player|p1|Modgrols|scientist-gen4dp|1251
|player|p2|liffehh|dawn|1307
|gen|9
|tier|[Gen 9] OU
|rated|
|rule|HP Percentage Mod: HP is shown in percentages
|rule|Endless Battle Clause: Forcing endless battles is banned
|rule|Species Clause: Limit one of each Pokémon
|rule|OHKO Clause: OHKO moves are banned
|rule|Evasion Items Clause: Evasion items are banned
|rule|Evasion Moves Clause: Evasion moves are banned
|rule|Evasion Abilities Clause: Evasion abilities are banned
|rule|Sleep Moves Clause: Sleep-inducing moves are banned
|clearpoke
|poke|p1|Electrode-Hisui|
|poke|p1|Gallade, M|
|poke|p1|Slowking-Galar, M|
|poke|p1|Alomomola, M|
|poke|p1|Great Tusk|
|poke|p1|Landorus-Therian, M|
|poke|p2|Indeedee, M|
|poke|p2|Hatterene, F|
|poke|p2|Mimikyu, M|
|poke|p2|Iron Hands|
|poke|p2|Ursaluna, F|
|poke|p2|Hoopa-Unbound|
|teampreview
|
|t:|1758235792
|teamsize|p1|6
|teamsize|p2|6
|start
|switch|p1a: Landorus|Landorus-Therian, M|100/100
|switch|p2a: Iron Hands|Iron Hands|100/100
|-ability|p1a: Landorus|Intimidate|boost
|-unboost|p2a: Iron Hands|atk|1
|-enditem|p2a: Iron Hands|Booster Energy
|-activate|p2a: Iron Hands|ability: Quark Drive|[fromitem]
|-start|p2a: Iron Hands|quarkdriveatk
|turn|1
|inactive|Battle timer is ON: inactive players will automatically lose when time's up. (requested by Modgrols)
|
|t:|1758235802
|move|p1a: Landorus|Stealth Rock|p2a: Iron Hands
|-sidestart|p2: liffehh|move: Stealth Rock
|move|p2a: Iron Hands|Ice Punch|p1a: Landorus
|-supereffective|p1a: Landorus
|-damage|p1a: Landorus|24/100
|-damage|p2a: Iron Hands|84/100|[from] item: Rocky Helmet|[of] p1a: Landorus
|
|upkeep
|turn|2
|
|t:|1758235810
|move|p1a: Landorus|U-turn|p2a: Iron Hands
|-resisted|p2a: Iron Hands
|-damage|p2a: Iron Hands|76/100
|
|t:|1758235813
|switch|p1a: Alomomola|Alomomola, M, shiny|100/100|[from] U-turn
|move|p2a: Iron Hands|Close Combat|p1a: Alomomola
|-damage|p1a: Alomomola|65/100
|-unboost|p2a: Iron Hands|def|1
|-unboost|p2a: Iron Hands|spd|1
|
|upkeep
|turn|3
|
|t:|1758235822
|-end|p2a: Iron Hands|Quark Drive|[silent]
|switch|p2a: Indeedee|Indeedee, M, shiny|100/100
|-damage|p2a: Indeedee|88/100|[from] Stealth Rock
|-fieldstart|move: Psychic Terrain|[from] ability: Psychic Surge|[of] p2a: Indeedee
|move|p1a: Alomomola|Scald|p2a: Indeedee
|-damage|p2a: Indeedee|73/100
|-status|p2a: Indeedee|brn
|
|-damage|p2a: Indeedee|67/100 brn|[from] brn
|upkeep
|turn|4
|
|t:|1758235836
|move|p1a: Alomomola|Wish|p1a: Alomomola
|move|p2a: Indeedee|Trick Room|p2a: Indeedee
|-fieldstart|move: Trick Room|[of] p2a: Indeedee
|
|-damage|p2a: Indeedee|61/100 brn|[from] brn
|upkeep
|turn|5
|
|t:|1758235844
|switch|p2a: Ursaluna|Ursaluna, F, shiny|100/100
|-damage|p2a: Ursaluna|94/100|[from] Stealth Rock
|move|p1a: Alomomola|Flip Turn|p2a: Ursaluna
|-supereffective|p2a: Ursaluna
|-damage|p2a: Ursaluna|70/100
|
|t:|1758235851
|switch|p1a: Landorus|Landorus-Therian, M|24/100|[from] Flip Turn
|-ability|p1a: Landorus|Intimidate|boost
|-unboost|p2a: Ursaluna|atk|1
|
|-heal|p1a: Landorus|96/100|[from] move: Wish|[wisher] Alomomola
|-status|p2a: Ursaluna|brn|[from] item: Flame Orb
|upkeep
|turn|6
|
|t:|1758235860
|switch|p1a: Alomomola|Alomomola, M, shiny|98/100
|move|p2a: Ursaluna|Ice Punch|p1a: Alomomola
|-resisted|p1a: Alomomola
|-damage|p1a: Alomomola|91/100
|
|-damage|p2a: Ursaluna|64/100 brn|[from] brn
|upkeep
|turn|7
|
|t:|1758235869
|move|p2a: Ursaluna|Supercell Slam|p1a: Alomomola
|-supereffective|p1a: Alomomola
|-damage|p1a: Alomomola|49/100
|move|p1a: Alomomola|Flip Turn|p2a: Ursaluna
|-supereffective|p2a: Ursaluna
|-damage|p2a: Ursaluna|39/100 brn
|
|t:|1758235875
|switch|p1a: Landorus|Landorus-Therian, M|96/100|[from] Flip Turn
|-ability|p1a: Landorus|Intimidate|boost
|-unboost|p2a: Ursaluna|atk|1
|
|-damage|p2a: Ursaluna|33/100 brn|[from] brn
|upkeep
|turn|8
|
|t:|1758235892
|move|p2a: Ursaluna|Ice Punch|p1a: Landorus
|-supereffective|p1a: Landorus
|-damage|p1a: Landorus|25/100
|-damage|p2a: Ursaluna|16/100 brn|[from] item: Rocky Helmet|[of] p1a: Landorus
|move|p1a: Landorus|U-turn|p2a: Ursaluna
|-damage|p2a: Ursaluna|0 fnt
|faint|p2a: Ursaluna
|
|t:|1758235901
|switch|p1a: Gallade|Gallade, M, shiny|100/100|[from] U-turn
|
|-fieldend|move: Trick Room
|upkeep
|
|t:|1758235918
|switch|p2a: Hatterene|Hatterene, F, shiny|100/100
|-damage|p2a: Hatterene|88/100|[from] Stealth Rock
|turn|9
|
|t:|1758235923
|move|p1a: Gallade|Knock Off|p2a: Hatterene
|-damage|p2a: Hatterene|33/100
|-enditem|p2a: Hatterene|Life Orb|[from] move: Knock Off|[of] p1a: Gallade
|move|p2a: Hatterene|Trick Room|p2a: Hatterene
|-fieldstart|move: Trick Room|[of] p2a: Hatterene
|
|upkeep
|turn|10
|
|t:|1758235933
|switch|p1a: Slowking|Slowking-Galar, M|100/100
|move|p2a: Hatterene|Expanding Force|p1a: Slowking
|-damage|p1a: Slowking|45/100
|
|-fieldend|move: Psychic Terrain
|upkeep
|turn|11
|
|t:|1758235943
|move|p2a: Hatterene|Expanding Force|p1a: Slowking
|-damage|p1a: Slowking|18/100
|move|p1a: Slowking|Sludge Bomb|p2a: Hatterene
|-supereffective|p2a: Hatterene
|-damage|p2a: Hatterene|0 fnt
|faint|p2a: Hatterene
|
|upkeep
|
|t:|1758235946
|switch|p2a: Indeedee|Indeedee, M, shiny|61/100 brn
|-damage|p2a: Indeedee|48/100 brn|[from] Stealth Rock
|-fieldstart|move: Psychic Terrain|[from] ability: Psychic Surge|[of] p2a: Indeedee
|turn|12
|
|t:|1758235962
|move|p1a: Slowking|Sludge Bomb|p2a: Indeedee
|-damage|p2a: Indeedee|14/100 brn
|move|p2a: Indeedee|Expanding Force|p1a: Slowking
|-damage|p1a: Slowking|0 fnt
|faint|p1a: Slowking
|
|-damage|p2a: Indeedee|8/100 brn|[from] brn
|upkeep
|
|t:|1758235972
|switch|p1a: Alomomola|Alomomola, M, shiny|82/100
|turn|13
|
|t:|1758235976
|move|p1a: Alomomola|Flip Turn|p2a: Indeedee
|-damage|p2a: Indeedee|0 fnt
|faint|p2a: Indeedee
|
|t:|1758235980
|switch|p1a: Landorus|Landorus-Therian, M|25/100|[from] Flip Turn
|
|-fieldend|move: Trick Room
|upkeep
|
|t:|1758235982
|switch|p2a: Mimikyu|Mimikyu, M, shiny|100/100
|-damage|p2a: Mimikyu|88/100|[from] Stealth Rock
|turn|14
|
|t:|1758235988
|move|p1a: Landorus|Taunt|p2a: Mimikyu
|-start|p2a: Mimikyu|move: Taunt
|cant|p2a: Mimikyu|move: Taunt|Trick Room
|
|upkeep
|turn|15
|
|t:|1758235993
|move|p1a: Landorus|U-turn|p2a: Mimikyu
|-activate|p2a: Mimikyu|ability: Disguise
|-damage|p2a: Mimikyu|88/100
|detailschange|p2a: Mimikyu|Mimikyu-Busted, M, shiny
|-damage|p2a: Mimikyu|76/100|[from] pokemon: Mimikyu-Busted
|-enditem|p2a: Mimikyu|Red Card|[of] p1a: Landorus
|drag|p1a: Electrode|Electrode-Hisui, shiny|100/100
|move|p2a: Mimikyu|Play Rough|p1a: Electrode
|-damage|p1a: Electrode|50/100
|
|upkeep
|turn|16
|
|t:|1758236005
|move|p1a: Electrode|Volt Switch|p2a: Mimikyu
|-damage|p2a: Mimikyu|32/100
|
|t:|1758236008
|switch|p1a: Alomomola|Alomomola, M, shiny|100/100|[from] Volt Switch
|move|p2a: Mimikyu|Play Rough|p1a: Alomomola
|-damage|p1a: Alomomola|86/100
|
|-end|p2a: Mimikyu|move: Taunt
|upkeep
|turn|17
|
|t:|1758236021
|move|p1a: Alomomola|Wish|p1a: Alomomola
|move|p2a: Mimikyu|Trick Room|p2a: Mimikyu
|-fieldstart|move: Trick Room|[of] p2a: Mimikyu
|
|upkeep
|turn|18
|
|t:|1758236025
|move|p1a: Alomomola|Flip Turn|p2a: Mimikyu
|-damage|p2a: Mimikyu|18/100
|
|t:|1758236028
|switch|p1a: Landorus|Landorus-Therian, M|25/100|[from] Flip Turn
|-ability|p1a: Landorus|Intimidate|boost
|-unboost|p2a: Mimikyu|atk|1
|move|p2a: Mimikyu|Play Rough|p1a: Landorus
|-damage|p1a: Landorus|12/100
|-damage|p2a: Mimikyu|1/100|[from] item: Rocky Helmet|[of] p1a: Landorus
|
|-heal|p1a: Landorus|84/100|[from] move: Wish|[wisher] Alomomola
|upkeep
|turn|19
|
|t:|1758236041
|move|p2a: Mimikyu|Destiny Bond|p2a: Mimikyu
|-singlemove|p2a: Mimikyu|Destiny Bond
|move|p1a: Landorus|U-turn|p2a: Mimikyu
|-resisted|p2a: Mimikyu
|-damage|p2a: Mimikyu|0 fnt
|faint|p2a: Mimikyu
|-activate|p2a: Mimikyu|move: Destiny Bond
|faint|p1a: Landorus
|
|-fieldend|move: Psychic Terrain
|upkeep
|
|t:|1758236052
|switch|p2a: Iron Hands|Iron Hands|76/100
|switch|p1a: Great Tusk|Great Tusk|100/100
|-damage|p2a: Iron Hands|70/100|[from] Stealth Rock
|turn|20
|
|t:|1758236059
|-terastallize|p2a: Iron Hands|Flying
|move|p2a: Iron Hands|Ice Punch|p1a: Great Tusk
|-supereffective|p1a: Great Tusk
|-damage|p1a: Great Tusk|57/100
|move|p1a: Great Tusk|Headlong Rush|p2a: Iron Hands
|-immune|p2a: Iron Hands
|
|upkeep
|turn|21
|
|t:|1758236067
|move|p2a: Iron Hands|Ice Punch|p1a: Great Tusk
|-supereffective|p1a: Great Tusk
|-damage|p1a: Great Tusk|13/100
|move|p1a: Great Tusk|Head Smash|p2a: Iron Hands
|-supereffective|p2a: Iron Hands
|-damage|p2a: Iron Hands|0 fnt
|faint|p2a: Iron Hands
|-end|p2a: Iron Hands|Quark Drive|[silent]
|-damage|p1a: Great Tusk|0 fnt|[from] Recoil
|faint|p1a: Great Tusk
|-end|p1a: Great Tusk|Protosynthesis|[silent]
|
|-fieldend|move: Trick Room
|upkeep
|
|t:|1758236080
|switch|p1a: Gallade|Gallade, M, shiny|100/100
|switch|p2a: Hoopa|Hoopa-Unbound|100/100
|-damage|p2a: Hoopa|88/100|[from] Stealth Rock
|turn|22
|c|☆Modgrols|Gg
|
|t:|1758236090
|move|p1a: Gallade|Sacred Sword|p2a: Hoopa
|-damage|p2a: Hoopa|0 fnt
|faint|p2a: Hoopa
|
|win|Modgrols
|raw|Modgrols's rating: 1251 &rarr; <strong>1280</strong><br />(+29 for winning)
|raw|liffehh's rating: 1307 &rarr; <strong>1284</strong><br />(-23 for losing)
