|j|☆cloudout
|j|☆lilaqueenofthe7k
|t:|1758315386
|gametype|singles
|player|p1|cloudout|giovanni|1277
|player|p2|lilaqueenofthe7k|elesa|1272
|gen|9
|tier|[Gen 9] OU
|rated|
|rule|HP Percentage Mod: HP is shown in percentages
|rule|Endless Battle Clause: Forcing endless battles is banned
|rule|Species Clause: Limit one of each Pokémon
|rule|OHKO Clause: OHKO moves are banned
|rule|Evasion Items Clause: Evasion items are banned
|rule|Evasion Moves Clause: Evasion moves are banned
|rule|Evasion Abilities Clause: Evasion abilities are banned
|rule|Sleep Moves Clause: Sleep-inducing moves are banned
|clearpoke
|poke|p1|Cinderace, M|
|poke|p1|Masquerain, M|
|poke|p1|Grimmsnarl, M|
|poke|p1|Gliscor, M|
|poke|p1|Darkrai|
|poke|p1|Heatran, F|
|poke|p2|Torkoal, M|
|poke|p2|Walking Wake|
|poke|p2|Cinderace, F|
|poke|p2|Great Tusk|
|poke|p2|Hatterene, F|
|poke|p2|Rillaboom, F|
|teampreview
|inactive|Battle timer is ON: inactive players will automatically lose when time's up. (requested by cloudout)
|
|t:|1758315394
|teamsize|p1|6
|teamsize|p2|6
|start
|switch|p1a: Cinderace|Cinderace, M|100/100
|switch|p2a: Torkoal|Torkoal, M|100/100
|-weather|SunnyDay|[from] ability: Drought|[of] p2a: Torkoal
|turn|1
|
|t:|1758315400
|move|p1a: Cinderace|High Jump Kick|p2a: Torkoal
|-start|p1a: Cinderace|typechange|Fighting|[from] ability: Libero
|-damage|p2a: Torkoal|51/100
|move|p2a: Torkoal|Stealth Rock|p1a: Cinderace
|-sidestart|p1: cloudout|move: Stealth Rock
|
|-weather|SunnyDay|[upkeep]
|upkeep
|turn|2
|
|t:|1758315409
|switch|p2a: Hatterene|Hatterene, F|100/100
|move|p1a: Cinderace|High Jump Kick|p2a: Hatterene
|-resisted|p2a: Hatterene
|-damage|p2a: Hatterene|83/100
|-enditem|p2a: Hatterene|Eject Button
|
|t:|1758315417
|switch|p2a: Walking Wake|Walking Wake|100/100
|-activate|p2a: Walking Wake|ability: Protosynthesis
|-start|p2a: Walking Wake|protosynthesisspe
|
|-weather|SunnyDay|[upkeep]
|upkeep
|turn|3
|inactive|cloudout has 120 seconds left.
|
|t:|1758315455
|switch|p1a: Darkrai|Darkrai|100/100
|-damage|p1a: Darkrai|88/100|[from] Stealth Rock
|move|p2a: Walking Wake|Hydro Steam|p1a: Darkrai
|-damage|p1a: Darkrai|0 fnt
|faint|p1a: Darkrai
|
|-weather|SunnyDay|[upkeep]
|upkeep
|
|t:|1758315457
|switch|p1a: Grimmsnarl|Grimmsnarl, M|100/100
|turn|4
|
|t:|1758315461
|move|p1a: Grimmsnarl|Thunder Wave|p2a: Walking Wake
|-status|p2a: Walking Wake|par
|move|p2a: Walking Wake|Hydro Steam|p1a: Grimmsnarl
|-damage|p1a: Grimmsnarl|0 fnt
|faint|p1a: Grimmsnarl
|
|-weather|SunnyDay|[upkeep]
|upkeep
|
|t:|1758315476
|switch|p1a: Malcolm X|Masquerain, M|100/100
|-ability|p1a: Malcolm X|Intimidate|boost
|-unboost|p2a: Walking Wake|atk|1
|turn|5
|
|t:|1758315483
|move|p2a: Walking Wake|Hydro Steam|p1a: Malcolm X
|-damage|p1a: Malcolm X|2/100
|move|p1a: Malcolm X|Quiver Dance|p1a: Malcolm X
|-boost|p1a: Malcolm X|spa|1
|-boost|p1a: Malcolm X|spd|1
|-boost|p1a: Malcolm X|spe|1
|
|-weather|SunnyDay|[upkeep]
|upkeep
|turn|6
|
|t:|1758315492
|move|p1a: Malcolm X|Quiver Dance|p1a: Malcolm X
|-boost|p1a: Malcolm X|spa|1
|-boost|p1a: Malcolm X|spd|1
|-boost|p1a: Malcolm X|spe|1
|move|p2a: Walking Wake|Hydro Steam|p1a: Malcolm X
|-crit|p1a: Malcolm X
|-damage|p1a: Malcolm X|0 fnt
|faint|p1a: Malcolm X
|
|-weather|SunnyDay|[upkeep]
|upkeep
|
|t:|1758315502
|switch|p1a: Cinderace|Cinderace, M|100/100
|-damage|p1a: Cinderace|76/100|[from] Stealth Rock
|turn|7
|
|t:|1758315513
|move|p1a: Cinderace|High Jump Kick|p2a: Walking Wake
|-start|p1a: Cinderace|typechange|Fighting|[from] ability: Libero
|-damage|p2a: Walking Wake|5/100 par
|cant|p2a: Walking Wake|par
|
|-weather|SunnyDay|[upkeep]
|upkeep
|turn|8
|
|t:|1758315522
|switch|p1a: Heatran|Heatran, F|100/100
|-damage|p1a: Heatran|88/100|[from] Stealth Rock
|-item|p1a: Heatran|Air Balloon
|move|p2a: Walking Wake|Hydro Steam|p1a: Heatran
|-supereffective|p1a: Heatran
|-damage|p1a: Heatran|0 fnt
|-enditem|p1a: Heatran|Air Balloon
|faint|p1a: Heatran
|
|-weather|none
|-end|p2a: Walking Wake|Protosynthesis
|upkeep
|-message|cloudout forfeited.
|
|win|lilaqueenofthe7k
|raw|cloudout's rating: 1277 &rarr; <strong>1252</strong><br />(-25 for losing)
|raw|lilaqueenofthe7k's rating: 1272 &rarr; <strong>1297</strong><br />(+25 for winning)
|l|☆cloudout
|player|p1|
|l|☆lilaqueenofthe7k
|player|p2|
