|j|☆Cchronos
|j|☆NormalDude1989
|t:|1758342648
|gametype|singles
|player|p1|Cchronos|clerk|1536
|player|p2|NormalDude1989|emmet|1530
|gen|9
|tier|[Gen 9] OU
|rated|
|rule|HP Percentage Mod: HP is shown in percentages
|rule|Endless Battle Clause: Forcing endless battles is banned
|rule|Species Clause: Limit one of each Pokémon
|rule|OHKO Clause: OHKO moves are banned
|rule|Evasion Items Clause: Evasion items are banned
|rule|Evasion Moves Clause: Evasion moves are banned
|rule|Evasion Abilities Clause: Evasion abilities are banned
|rule|Sleep Moves Clause: Sleep-inducing moves are banned
|clearpoke
|poke|p1|Iron Valiant|
|poke|p1|Gliscor, F|
|poke|p1|Gholdengo|
|poke|p1|Zamazenta-*|
|poke|p1|Great Tusk|
|poke|p1|Dragonite, F|
|poke|p2|Kingambit, M|
|poke|p2|Hatterene, F|
|poke|p2|Ogerpon-Wellspring, F|
|poke|p2|Great Tusk|
|poke|p2|Latios, M|
|poke|p2|Zapdos|
|teampreview
|
|t:|1758342666
|teamsize|p1|6
|teamsize|p2|6
|start
|switch|p1a: Gholdengo|Gholdengo|100/100
|switch|p2a: Minerva|Hatterene, F|100/100
|turn|1
|
|t:|1758342672
|move|p1a: Gholdengo|Make It Rain|p2a: Minerva
|-supereffective|p2a: Minerva
|-damage|p2a: Minerva|5/100
|-unboost|p1a: Gholdengo|spa|1
|move|p2a: Minerva|Nuzzle|p1a: Gholdengo
|-damage|p1a: Gholdengo|96/100
|-status|p1a: Gholdengo|par
|
|upkeep
|turn|2
|
|t:|1758342685
|switch|p1a: Gliscor|Gliscor, F|100/100
|move|p2a: Minerva|Mystical Fire|p1a: Gliscor
|-damage|p1a: Gliscor|78/100
|-unboost|p1a: Gliscor|spa|1
|
|-status|p1a: Gliscor|tox|[from] item: Toxic Orb
|upkeep
|turn|3
|
|t:|1758342694
|move|p1a: Gliscor|Knock Off|p2a: Minerva
|-crit|p2a: Minerva
|-damage|p2a: Minerva|0 fnt
|-enditem|p2a: Minerva|Assault Vest|[from] move: Knock Off|[of] p1a: Gliscor
|faint|p2a: Minerva
|
|-heal|p1a: Gliscor|90/100 tox|[from] ability: Poison Heal
|upkeep
|
|t:|1758342696
|switch|p2a: Carly Beth|Ogerpon-Wellspring, F|100/100
|turn|4
|
|t:|1758342707
|move|p2a: Carly Beth|Swords Dance|p2a: Carly Beth
|-boost|p2a: Carly Beth|atk|2
|move|p1a: Gliscor|Toxic|p2a: Carly Beth
|-status|p2a: Carly Beth|tox
|
|-damage|p2a: Carly Beth|95/100 tox|[from] psn
|-heal|p1a: Gliscor|100/100 tox|[from] ability: Poison Heal
|upkeep
|turn|5
|
|t:|1758342733
|move|p2a: Carly Beth|Swords Dance|p2a: Carly Beth
|-boost|p2a: Carly Beth|atk|2
|move|p1a: Gliscor|Spikes|p2a: Carly Beth
|-sidestart|p2: NormalDude1989|Spikes
|
|-damage|p2a: Carly Beth|83/100 tox|[from] psn
|upkeep
|turn|6
|
|t:|1758342745
|move|p1a: Gliscor|Protect|p1a: Gliscor
|-singleturn|p1a: Gliscor|Protect
|move|p2a: Carly Beth|Ivy Cudgel|p1a: Gliscor|[anim] Ivy Cudgel Water
|-activate|p1a: Gliscor|move: Protect
|
|-damage|p2a: Carly Beth|65/100 tox|[from] psn
|upkeep
|turn|7
|
|t:|1758342769
|switch|p1a: Dragonite|Dragonite, F|100/100
|move|p2a: Carly Beth|Ivy Cudgel|p1a: Dragonite|[anim] Ivy Cudgel Water
|-resisted|p1a: Dragonite
|-damage|p1a: Dragonite|51/100
|
|-damage|p2a: Carly Beth|41/100 tox|[from] psn
|upkeep
|turn|8
|
|t:|1758342778
|move|p2a: Carly Beth|Ivy Cudgel|p1a: Dragonite|[anim] Ivy Cudgel Water
|-resisted|p1a: Dragonite
|-damage|p1a: Dragonite|0 fnt
|faint|p1a: Dragonite
|
|-damage|p2a: Carly Beth|11/100 tox|[from] psn
|upkeep
|
|t:|1758342786
|switch|p1a: Gliscor|Gliscor, F|100/100 tox
|turn|9
|
|t:|1758342793
|switch|p2a: Muramasa|Kingambit, M|100/100
|-damage|p2a: Muramasa|88/100|[from] Spikes
|-activate|p2a: Muramasa|ability: Supreme Overlord
|-start|p2a: Muramasa|fallen1|[silent]
|move|p1a: Gliscor|Protect||[still]
|-fail|p1a: Gliscor
|
|-heal|p2a: Muramasa|94/100|[from] item: Leftovers
|upkeep
|turn|10
|
|t:|1758342805
|switch|p1a: Great Tusk|Great Tusk|100/100
|-enditem|p1a: Great Tusk|Booster Energy
|-activate|p1a: Great Tusk|ability: Protosynthesis|[fromitem]
|-start|p1a: Great Tusk|protosynthesisatk
|move|p2a: Muramasa|Swords Dance|p2a: Muramasa
|-boost|p2a: Muramasa|atk|2
|
|-heal|p2a: Muramasa|100/100|[from] item: Leftovers
|upkeep
|turn|11
|
|t:|1758342816
|-terastallize|p2a: Muramasa|Water
|move|p1a: Great Tusk|Rapid Spin|p2a: Muramasa
|-damage|p2a: Muramasa|86/100
|-boost|p1a: Great Tusk|spe|1
|move|p2a: Muramasa|Iron Head|p1a: Great Tusk
|-damage|p1a: Great Tusk|29/100
|
|-heal|p2a: Muramasa|92/100|[from] item: Leftovers
|upkeep
|turn|12
|
|t:|1758342829
|move|p1a: Great Tusk|Stealth Rock|p2a: Muramasa
|-sidestart|p2: NormalDude1989|move: Stealth Rock
|move|p2a: Muramasa|Iron Head|p1a: Great Tusk
|-damage|p1a: Great Tusk|0 fnt
|faint|p1a: Great Tusk
|-end|p1a: Great Tusk|Protosynthesis|[silent]
|
|-heal|p2a: Muramasa|98/100|[from] item: Leftovers
|upkeep
|
|t:|1758342873
|switch|p1a: Iron Valiant|Iron Valiant|100/100
|-enditem|p1a: Iron Valiant|Booster Energy
|-activate|p1a: Iron Valiant|ability: Quark Drive|[fromitem]
|-start|p1a: Iron Valiant|quarkdrivespe
|turn|13
|
|t:|1758342884
|move|p1a: Iron Valiant|Thunderbolt|p2a: Muramasa
|-supereffective|p2a: Muramasa
|-damage|p2a: Muramasa|39/100
|move|p2a: Muramasa|Iron Head|p1a: Iron Valiant
|-supereffective|p1a: Iron Valiant
|-damage|p1a: Iron Valiant|0 fnt
|faint|p1a: Iron Valiant
|-end|p1a: Iron Valiant|Quark Drive|[silent]
|
|-heal|p2a: Muramasa|45/100|[from] item: Leftovers
|upkeep
|
|t:|1758342897
|switch|p1a: Zamazenta|Zamazenta|100/100
|-ability|p1a: Zamazenta|Dauntless Shield|boost
|-boost|p1a: Zamazenta|def|1
|turn|14
|
|t:|1758342902
|-end|p2a: Muramasa|fallen1|[silent]
|switch|p2a: Morpho|Zapdos|100/100
|-damage|p2a: Morpho|76/100|[from] Stealth Rock
|move|p1a: Zamazenta|Close Combat|p2a: Morpho
|-resisted|p2a: Morpho
|-damage|p2a: Morpho|55/100
|-unboost|p1a: Zamazenta|def|1
|-unboost|p1a: Zamazenta|spd|1
|-damage|p1a: Zamazenta|84/100|[from] item: Rocky Helmet|[of] p2a: Morpho
|
|upkeep
|turn|15
|
|t:|1758342931
|switch|p1a: Gliscor|Gliscor, F|100/100 tox
|move|p2a: Morpho|Roost|p2a: Morpho
|-heal|p2a: Morpho|100/100
|-singleturn|p2a: Morpho|move: Roost
|
|upkeep
|turn|16
|
|t:|1758342943
|switch|p2a: Carly Beth|Ogerpon-Wellspring, F|11/100 tox
|-damage|p2a: Carly Beth|0 fnt|[from] Spikes
|faint|p2a: Carly Beth
|move|p1a: Gliscor|Spikes|p2: Carly Beth
|-sidestart|p2: NormalDude1989|Spikes
|
|upkeep
|
|t:|1758342947
|switch|p2a: Ivan|Great Tusk|100/100
|-damage|p2a: Ivan|84/100|[from] Spikes
|-damage|p2a: Ivan|81/100|[from] Stealth Rock
|turn|17
|
|t:|1758342953
|switch|p1a: Gholdengo|Gholdengo|96/100 par
|move|p2a: Ivan|Rapid Spin|p1a: Gholdengo
|-immune|p1a: Gholdengo
|
|-heal|p2a: Ivan|87/100|[from] item: Leftovers
|upkeep
|turn|18
|
|t:|1758342962
|move|p2a: Ivan|Temper Flare|p1a: Gholdengo
|-supereffective|p1a: Gholdengo
|-damage|p1a: Gholdengo|0 fnt
|faint|p1a: Gholdengo
|
|-heal|p2a: Ivan|93/100|[from] item: Leftovers
|upkeep
|
|t:|1758342983
|switch|p1a: Gliscor|Gliscor, F|100/100 tox
|turn|19
|
|t:|1758342990
|move|p2a: Ivan|Rapid Spin|p1a: Gliscor
|-damage|p1a: Gliscor|88/100 tox
|-boost|p2a: Ivan|spe|1
|-sideend|p2: NormalDude1989|Spikes|[from] move: Rapid Spin|[of] p2a: Ivan
|-sideend|p2: NormalDude1989|Stealth Rock|[from] move: Rapid Spin|[of] p2a: Ivan
|move|p1a: Gliscor|Toxic|p2a: Ivan
|-status|p2a: Ivan|tox
|
|-heal|p2a: Ivan|99/100 tox|[from] item: Leftovers
|-damage|p2a: Ivan|93/100 tox|[from] psn
|-heal|p1a: Gliscor|100/100 tox|[from] ability: Poison Heal
|upkeep
|turn|20
|
|t:|1758343004
|-end|p2a: Ivan|Protosynthesis|[silent]
|switch|p2a: Azure|Latios, M|100/100
|move|p1a: Gliscor|Spikes|p2a: Azure
|-sidestart|p2: NormalDude1989|Spikes
|
|upkeep
|turn|21
|
|t:|1758343011
|move|p2a: Azure|Calm Mind|p2a: Azure
|-boost|p2a: Azure|spa|1
|-boost|p2a: Azure|spd|1
|move|p1a: Gliscor|Knock Off|p2a: Azure
|-supereffective|p2a: Azure
|-damage|p2a: Azure|40/100
|-enditem|p2a: Azure|Soul Dew|[from] move: Knock Off|[of] p1a: Gliscor
|
|upkeep
|turn|22
|
|t:|1758343019
|move|p2a: Azure|Draco Meteor|p1a: Gliscor
|-damage|p1a: Gliscor|7/100 tox
|-unboost|p2a: Azure|spa|2
|move|p1a: Gliscor|Toxic|p2a: Azure
|-status|p2a: Azure|tox
|
|-damage|p2a: Azure|34/100 tox|[from] psn
|-heal|p1a: Gliscor|20/100 tox|[from] ability: Poison Heal
|upkeep
|turn|23
|
|t:|1758343029
|move|p1a: Gliscor|Protect|p1a: Gliscor
|-singleturn|p1a: Gliscor|Protect
|move|p2a: Azure|Calm Mind|p2a: Azure
|-boost|p2a: Azure|spa|1
|-boost|p2a: Azure|spd|1
|
|-damage|p2a: Azure|22/100 tox|[from] psn
|-heal|p1a: Gliscor|32/100 tox|[from] ability: Poison Heal
|upkeep
|turn|24
|
|t:|1758343037
|move|p1a: Gliscor|Protect||[still]
|-fail|p1a: Gliscor
|move|p2a: Azure|Luster Purge|p1a: Gliscor
|-damage|p1a: Gliscor|0 fnt
|faint|p1a: Gliscor
|
|-damage|p2a: Azure|4/100 tox|[from] psn
|upkeep
|
|t:|1758343046
|switch|p1a: Zamazenta|Zamazenta|84/100
|turn|25
|
|t:|1758343058
|move|p1a: Zamazenta|Stone Edge|p2a: Azure|[miss]
|-miss|p1a: Zamazenta|p2a: Azure
|move|p2a: Azure|Luster Purge|p1a: Zamazenta
|-supereffective|p1a: Zamazenta
|-damage|p1a: Zamazenta|0 fnt
|faint|p1a: Zamazenta
|
|win|NormalDude1989
|raw|Cchronos's rating: 1536 &rarr; <strong>1516</strong><br />(-20 for losing)
|raw|NormalDude1989's rating: 1530 &rarr; <strong>1550</strong><br />(+20 for winning)
|l|☆Cchronos
|player|p1|
|l|☆NormalDude1989
|player|p2|
