|j|☆BlueDash
|j|☆AyyAyyRon7
|t:|1758257650
|gametype|singles
|player|p1|BlueDash|shadowtriad|1320
|player|p2|AyyAyyRon7|2|1267
|gen|9
|tier|[Gen 9] OU
|rated|
|rule|HP Percentage Mod: HP is shown in percentages
|rule|Endless Battle Clause: Forcing endless battles is banned
|rule|Species Clause: Limit one of each Pokémon
|rule|OHKO Clause: OHKO moves are banned
|rule|Evasion Items Clause: Evasion items are banned
|rule|Evasion Moves Clause: Evasion moves are banned
|rule|Evasion Abilities Clause: Evasion abilities are banned
|rule|Sleep Moves Clause: Sleep-inducing moves are banned
|clearpoke
|poke|p1|Gallade, M|
|poke|p1|Flygon, M|
|poke|p1|Umbreon, M|
|poke|p1|Empoleon, M|
|poke|p1|Moltres-Galar|
|poke|p1|Lycanroc-Dusk, M|
|poke|p2|Scizor, F|
|poke|p2|Kleavor, M|
|poke|p2|Barraskewda, M|
|poke|p2|Zapdos|
|poke|p2|Slither Wing|
|poke|p2|Vikavolt, F|
|teampreview
|inactive|Battle timer is ON: inactive players will automatically lose when time's up. (requested by BlueDash)
|
|t:|1758257662
|teamsize|p1|6
|teamsize|p2|6
|start
|switch|p1a: Lycanroc|Lycanroc-Dusk, M|100/100
|switch|p2a: Barraskewda|Barraskewda, M|100/100
|turn|1
|
|t:|1758257675
|move|p1a: Lycanroc|Accelerock|p2a: Barraskewda
|-damage|p2a: Barraskewda|48/100
|move|p2a: Barraskewda|Close Combat|p1a: Lycanroc
|-supereffective|p1a: Lycanroc
|-enditem|p1a: Lycanroc|Focus Sash
|-damage|p1a: Lycanroc|1/100
|-unboost|p2a: Barraskewda|def|1
|-unboost|p2a: Barraskewda|spd|1
|
|upkeep
|turn|2
|
|t:|1758257679
|switch|p2a: Scizor|Scizor, F|100/100
|move|p1a: Lycanroc|Accelerock|p2a: Scizor
|-damage|p2a: Scizor|73/100
|
|upkeep
|turn|3
|
|t:|1758257683
|move|p1a: Lycanroc|Accelerock|p2a: Scizor
|-damage|p2a: Scizor|47/100
|move|p2a: Scizor|U-turn|p1a: Lycanroc
|-damage|p1a: Lycanroc|0 fnt
|faint|p1a: Lycanroc
|
|t:|1758257688
|switch|p2a: Barraskewda|Barraskewda, M|48/100|[from] U-turn
|
|upkeep
|
|t:|1758257692
|switch|p1a: Empoleon|Empoleon, M, shiny|100/100
|turn|4
|
|t:|1758257702
|-terastallize|p1a: Empoleon|Ghost
|move|p2a: Barraskewda|Close Combat|p1a: Empoleon
|-immune|p1a: Empoleon
|move|p1a: Empoleon|Surf|p2a: Barraskewda
|-resisted|p2a: Barraskewda
|-damage|p2a: Barraskewda|0 fnt
|faint|p2a: Barraskewda
|
|upkeep
|
|t:|1758257709
|switch|p2a: Zapdos|Zapdos|100/100
|turn|5
|
|t:|1758257722
|switch|p1a: Blacky|Umbreon, M, shiny|100/100
|move|p2a: Zapdos|Hurricane|p1a: Blacky|[miss]
|-miss|p2a: Zapdos|p1a: Blacky
|
|upkeep
|turn|6
|
|t:|1758257727
|switch|p2a: Scizor|Scizor, F|47/100
|move|p1a: Blacky|Toxic|p2a: Scizor
|-immune|p2a: Scizor
|
|upkeep
|turn|7
|
|t:|1758257731
|move|p1a: Blacky|Foul Play|p2a: Scizor
|-damage|p2a: Scizor|0 fnt
|faint|p2a: Scizor
|
|upkeep
|
|t:|1758257735
|switch|p2a: Slither Wing|Slither Wing|100/100
|turn|8
|
|t:|1758257739
|move|p2a: Slither Wing|U-turn|p1a: Blacky
|-supereffective|p1a: Blacky
|-damage|p1a: Blacky|9/100
|
|t:|1758257743
|-end|p2a: Slither Wing|Protosynthesis|[silent]
|switch|p2a: Vikavolt|Vikavolt, F|100/100|[from] U-turn
|move|p1a: Blacky|Foul Play|p2a: Vikavolt
|-damage|p2a: Vikavolt|80/100
|
|-heal|p1a: Blacky|15/100|[from] item: Leftovers
|upkeep
|turn|9
|
|t:|1758257747
|move|p1a: Blacky|Toxic|p2a: Vikavolt
|-status|p2a: Vikavolt|tox
|move|p2a: Vikavolt|Bug Buzz|p1a: Blacky
|-supereffective|p1a: Blacky
|-damage|p1a: Blacky|0 fnt
|faint|p1a: Blacky
|
|-damage|p2a: Vikavolt|74/100 tox|[from] psn
|upkeep
|
|t:|1758257751
|switch|p1a: Moltres|Moltres-Galar, shiny|100/100
|turn|10
|
|t:|1758257758
|switch|p2a: Zapdos|Zapdos|100/100
|move|p1a: Moltres|Hurricane|p2a: Zapdos|[miss]
|-miss|p1a: Moltres|p2a: Zapdos
|
|upkeep
|turn|11
|
|t:|1758257763
|move|p2a: Zapdos|Volt Switch|p1a: Moltres
|-supereffective|p1a: Moltres
|-damage|p1a: Moltres|5/100
|-ability|p1a: Moltres|Berserk|boost
|-boost|p1a: Moltres|spa|1
|
|t:|1758257767
|switch|p2a: Vikavolt|Vikavolt, F|74/100 tox|[from] Volt Switch
|move|p1a: Moltres|Fiery Wrath|p2a: Vikavolt
|-damage|p2a: Vikavolt|4/100 tox
|
|-damage|p2a: Vikavolt|0 fnt|[from] psn
|faint|p2a: Vikavolt
|upkeep
|
|t:|1758257769
|switch|p2a: Zapdos|Zapdos|100/100
|turn|12
|
|t:|1758257774
|move|p2a: Zapdos|Hurricane|p1a: Moltres|[miss]
|-miss|p2a: Zapdos|p1a: Moltres
|move|p1a: Moltres|Fiery Wrath|p2a: Zapdos
|-damage|p2a: Zapdos|28/100
|
|upkeep
|turn|13
|
|t:|1758257780
|move|p2a: Zapdos|Hurricane|p1a: Moltres|[miss]
|-miss|p2a: Zapdos|p1a: Moltres
|move|p1a: Moltres|Fiery Wrath|p2a: Zapdos
|-damage|p2a: Zapdos|0 fnt
|faint|p2a: Zapdos
|
|upkeep
|-message|AyyAyyRon7 forfeited.
|
|win|BlueDash
|raw|BlueDash's rating: 1320 &rarr; <strong>1337</strong><br />(+17 for winning)
|raw|AyyAyyRon7's rating: 1267 &rarr; <strong>1246</strong><br />(-21 for losing)
|l|☆AyyAyyRon7
|player|p2|
|l|☆BlueDash
|player|p1|
