|j|☆hydromissfocushit
|j|☆sultansafa
|t:|1758255411
|gametype|singles
|player|p1|hydromissfocushit|102|1253
|player|p2|sultansafa|steven|1290
|gen|9
|tier|[Gen 9] OU
|rated|
|rule|HP Percentage Mod: HP is shown in percentages
|rule|Endless Battle Clause: Forcing endless battles is banned
|rule|Species Clause: Limit one of each Pokémon
|rule|OHKO Clause: OHKO moves are banned
|rule|Evasion Items Clause: Evasion items are banned
|rule|Evasion Moves Clause: Evasion moves are banned
|rule|Evasion Abilities Clause: Evasion abilities are banned
|rule|Sleep Moves Clause: Sleep-inducing moves are banned
|clearpoke
|poke|p1|Kyurem|
|poke|p1|Quaquaval, M|
|poke|p1|Alomomola, F|
|poke|p1|Ting-Lu|
|poke|p1|Zapdos|
|poke|p1|Heatran, M|
|poke|p2|Weezing, F|
|poke|p2|Kyurem|
|poke|p2|Dondozo, M|
|poke|p2|Tyranitar, F|
|poke|p2|Great Tusk|
|poke|p2|Excadrill, F|
|teampreview
|inactive|Battle timer is ON: inactive players will automatically lose when time's up. (requested by sultansafa)
|
|t:|1758255437
|teamsize|p1|6
|teamsize|p2|6
|start
|switch|p1a: Heatran|Heatran, M|100/100
|switch|p2a: FRIMPONG|Kyurem|100/100
|-ability|p2a: FRIMPONG|Pressure
|turn|1
|
|t:|1758255452
|switch|p1a: Zapdos|Zapdos|100/100
|move|p2a: FRIMPONG|Earth Power|p1a: Zapdos
|-immune|p1a: Zapdos
|
|upkeep
|turn|2
|c|☆sultansafa|OH HELL NAH
|c|☆sultansafa|dude
|
|t:|1758255471
|switch|p2a: BIGSTEPPA|Tyranitar, F|100/100
|-weather|Sandstorm|[from] ability: Sand Stream|[of] p2a: BIGSTEPPA
|move|p1a: Zapdos|Heat Wave|p2a: BIGSTEPPA
|-resisted|p2a: BIGSTEPPA
|-damage|p2a: BIGSTEPPA|93/100
|
|-weather|Sandstorm|[upkeep]
|-damage|p1a: Zapdos|94/100|[from] Sandstorm
|-heal|p2a: BIGSTEPPA|99/100|[from] item: Leftovers
|upkeep
|turn|3
|
|t:|1758255478
|switch|p1a: Quaquaval|Quaquaval, M|100/100
|move|p2a: BIGSTEPPA|Knock Off|p1a: Quaquaval
|-resisted|p1a: Quaquaval
|-damage|p1a: Quaquaval|67/100
|-enditem|p1a: Quaquaval|Assault Vest|[from] move: Knock Off|[of] p2a: BIGSTEPPA
|
|-weather|Sandstorm|[upkeep]
|-damage|p1a: Quaquaval|61/100|[from] Sandstorm
|-heal|p2a: BIGSTEPPA|100/100|[from] item: Leftovers
|upkeep
|turn|4
|
|t:|1758255490
|switch|p2a: GAKPO|Weezing, F, shiny|100/100
|move|p1a: Quaquaval|Knock Off|p2a: GAKPO
|-damage|p2a: GAKPO|70/100
|-enditem|p2a: GAKPO|Heavy-Duty Boots|[from] move: Knock Off|[of] p1a: Quaquaval
|
|-weather|Sandstorm|[upkeep]
|-damage|p1a: Quaquaval|55/100|[from] Sandstorm
|-damage|p2a: GAKPO|64/100|[from] Sandstorm
|upkeep
|turn|5
|
|t:|1758255501
|switch|p1a: Heatran|Heatran, M|100/100
|move|p2a: GAKPO|Toxic Spikes|p1a: Heatran
|-sidestart|p1: hydromissfocushit|move: Toxic Spikes
|
|-weather|Sandstorm|[upkeep]
|-damage|p2a: GAKPO|58/100|[from] Sandstorm
|upkeep
|turn|6
|
|t:|1758255511
|switch|p2a: BONUCCI|Great Tusk|100/100
|move|p1a: Heatran|Stealth Rock|p2a: BONUCCI
|-sidestart|p2: sultansafa|move: Stealth Rock
|
|-weather|none
|upkeep
|turn|7
|
|t:|1758255518
|switch|p1a: Alomomola|Alomomola, F|100/100
|move|p2a: BONUCCI|Rapid Spin|p1a: Alomomola
|-damage|p1a: Alomomola|92/100
|-boost|p2a: BONUCCI|spe|1
|-sideend|p2: sultansafa|Stealth Rock|[from] move: Rapid Spin|[of] p2a: BONUCCI
|
|upkeep
|turn|8
|
|t:|1758255546
|move|p2a: BONUCCI|Rapid Spin|p1a: Alomomola
|-damage|p1a: Alomomola|82/100
|-boost|p2a: BONUCCI|spe|1
|move|p1a: Alomomola|Flip Turn|p2a: BONUCCI
|-supereffective|p2a: BONUCCI
|-damage|p2a: BONUCCI|76/100
|
|t:|1758255558
|switch|p1a: Zapdos|Zapdos|94/100|[from] Flip Turn
|
|upkeep
|turn|9
|
|t:|1758255564
|-end|p2a: BONUCCI|Protosynthesis|[silent]
|switch|p2a: BIGSTEPPA|Tyranitar, F|100/100
|-weather|Sandstorm|[from] ability: Sand Stream|[of] p2a: BIGSTEPPA
|move|p1a: Zapdos|Hurricane|p2a: BIGSTEPPA
|-resisted|p2a: BIGSTEPPA
|-damage|p2a: BIGSTEPPA|88/100
|
|-weather|Sandstorm|[upkeep]
|-damage|p1a: Zapdos|88/100|[from] Sandstorm
|-heal|p2a: BIGSTEPPA|94/100|[from] item: Leftovers
|upkeep
|turn|10
|
|t:|1758255573
|move|p1a: Zapdos|Volt Switch|p2a: BIGSTEPPA
|-damage|p2a: BIGSTEPPA|78/100
|
|t:|1758255576
|switch|p1a: Quaquaval|Quaquaval, M|55/100|[from] Volt Switch
|-status|p1a: Quaquaval|psn
|move|p2a: BIGSTEPPA|Stealth Rock|p1a: Quaquaval
|-sidestart|p1: hydromissfocushit|move: Stealth Rock
|
|-weather|Sandstorm|[upkeep]
|-damage|p1a: Quaquaval|48/100 psn|[from] Sandstorm
|-heal|p2a: BIGSTEPPA|84/100|[from] item: Leftovers
|-damage|p1a: Quaquaval|36/100 psn|[from] psn
|upkeep
|turn|11
|
|t:|1758255580
|switch|p2a: HAZARD|Dondozo, M, shiny|100/100
|move|p1a: Quaquaval|Rapid Spin|p2a: HAZARD
|-damage|p2a: HAZARD|92/100
|-boost|p1a: Quaquaval|spe|1
|-sideend|p1: hydromissfocushit|Toxic Spikes|[from] move: Rapid Spin|[of] p1a: Quaquaval
|-sideend|p1: hydromissfocushit|Stealth Rock|[from] move: Rapid Spin|[of] p1a: Quaquaval
|
|-weather|Sandstorm|[upkeep]
|-damage|p1a: Quaquaval|30/100 psn|[from] Sandstorm
|-damage|p2a: HAZARD|86/100|[from] Sandstorm
|-heal|p2a: HAZARD|92/100|[from] item: Leftovers
|-damage|p1a: Quaquaval|18/100 psn|[from] psn
|upkeep
|turn|12
|
|t:|1758255584
|switch|p1a: Zapdos|Zapdos|88/100
|move|p2a: HAZARD|Liquidation|p1a: Zapdos
|-damage|p1a: Zapdos|52/100
|
|-weather|Sandstorm|[upkeep]
|-damage|p1a: Zapdos|45/100|[from] Sandstorm
|-damage|p2a: HAZARD|86/100|[from] Sandstorm
|-heal|p2a: HAZARD|92/100|[from] item: Leftovers
|upkeep
|turn|13
|
|t:|1758255590
|move|p1a: Zapdos|Volt Switch|p2a: HAZARD
|-supereffective|p2a: HAZARD
|-damage|p2a: HAZARD|20/100
|
|t:|1758255595
|switch|p1a: Kyurem|Kyurem|100/100|[from] Volt Switch
|-ability|p1a: Kyurem|Pressure
|move|p2a: HAZARD|Curse|p2a: HAZARD
|-unboost|p2a: HAZARD|spe|1
|-boost|p2a: HAZARD|atk|1
|-boost|p2a: HAZARD|def|1
|
|-weather|none
|-heal|p2a: HAZARD|26/100|[from] item: Leftovers
|upkeep
|turn|14
|
|t:|1758255607
|switch|p2a: BIGSTEPPA|Tyranitar, F|84/100
|-weather|Sandstorm|[from] ability: Sand Stream|[of] p2a: BIGSTEPPA
|move|p1a: Kyurem|Freeze-Dry|p2a: BIGSTEPPA
|-damage|p2a: BIGSTEPPA|56/100
|
|-weather|Sandstorm|[upkeep]
|-damage|p1a: Kyurem|94/100|[from] Sandstorm
|-heal|p2a: BIGSTEPPA|62/100|[from] item: Leftovers
|upkeep
|turn|15
|
|t:|1758255618
|switch|p1a: Ting-Lu|Ting-Lu|100/100
|-ability|p1a: Ting-Lu|Vessel of Ruin
|move|p2a: BIGSTEPPA|Stealth Rock|p1a: Ting-Lu
|-sidestart|p1: hydromissfocushit|move: Stealth Rock
|
|-weather|Sandstorm|[upkeep]
|-heal|p2a: BIGSTEPPA|68/100|[from] item: Leftovers
|upkeep
|turn|16
|
|t:|1758255626
|switch|p2a: GAKPO|Weezing, F, shiny|58/100
|move|p1a: Ting-Lu|Spikes|p2a: GAKPO
|-sidestart|p2: sultansafa|Spikes
|
|-weather|Sandstorm|[upkeep]
|-damage|p2a: GAKPO|52/100|[from] Sandstorm
|upkeep
|turn|17
|
|t:|1758255635
|switch|p1a: Heatran|Heatran, M|100/100
|-damage|p1a: Heatran|88/100|[from] Stealth Rock
|move|p2a: GAKPO|Toxic|p1a: Heatran
|-immune|p1a: Heatran
|
|-weather|Sandstorm|[upkeep]
|-damage|p2a: GAKPO|46/100|[from] Sandstorm
|-heal|p1a: Heatran|94/100|[from] item: Leftovers
|upkeep
|turn|18
|
|t:|1758255650
|switch|p2a: BONUCCI|Great Tusk|76/100
|move|p1a: Heatran|Magma Storm|p2a: BONUCCI
|-damage|p2a: BONUCCI|10/100
|-activate|p2a: BONUCCI|move: Magma Storm|[of] p1a: Heatran
|
|-weather|none
|-heal|p1a: Heatran|100/100|[from] item: Leftovers
|-damage|p2a: BONUCCI|0 fnt|[from] move: Magma Storm|[partiallytrapped]
|faint|p2a: BONUCCI
|-end|p2a: BONUCCI|Protosynthesis|[silent]
|upkeep
|
|t:|1758255654
|switch|p2a: BIGSTEPPA|Tyranitar, F|68/100
|-damage|p2a: BIGSTEPPA|56/100|[from] Spikes
|-weather|Sandstorm|[from] ability: Sand Stream|[of] p2a: BIGSTEPPA
|turn|19
|
|t:|1758255666
|move|p1a: Heatran|Stealth Rock|p2a: BIGSTEPPA
|-sidestart|p2: sultansafa|move: Stealth Rock
|move|p2a: BIGSTEPPA|Thunder Wave|p1a: Heatran
|-status|p1a: Heatran|par
|
|-weather|Sandstorm|[upkeep]
|-heal|p2a: BIGSTEPPA|62/100|[from] item: Leftovers
|upkeep
|turn|20
|
|t:|1758255671
|move|p2a: BIGSTEPPA|Knock Off|p1a: Heatran
|-damage|p1a: Heatran|62/100 par
|-enditem|p1a: Heatran|Leftovers|[from] move: Knock Off|[of] p2a: BIGSTEPPA
|cant|p1a: Heatran|par
|
|-weather|Sandstorm|[upkeep]
|-heal|p2a: BIGSTEPPA|68/100|[from] item: Leftovers
|upkeep
|turn|21
|
|t:|1758255684
|switch|p2a: SALAH|Excadrill, F|100/100
|-damage|p2a: SALAH|97/100|[from] Stealth Rock
|-item|p2a: SALAH|Air Balloon
|cant|p1a: Heatran|par
|
|-weather|Sandstorm|[upkeep]
|upkeep
|turn|22
|
|t:|1758255692
|move|p2a: SALAH|Swords Dance|p2a: SALAH
|-boost|p2a: SALAH|atk|2
|move|p1a: Heatran|Magma Storm|p2a: SALAH|[miss]
|-miss|p1a: Heatran|p2a: SALAH
|
|-weather|Sandstorm|[upkeep]
|upkeep
|turn|23
|
|t:|1758255701
|move|p2a: SALAH|Earthquake|p1a: Heatran
|-supereffective|p1a: Heatran
|-damage|p1a: Heatran|0 fnt
|faint|p1a: Heatran
|
|-weather|none
|upkeep
|
|t:|1758255705
|switch|p1a: Zapdos|Zapdos|45/100
|turn|24
|
|t:|1758255717
|move|p1a: Zapdos|Volt Switch|p2a: SALAH
|-immune|p2a: SALAH
|move|p2a: SALAH|Rapid Spin|p1a: Zapdos
|-damage|p1a: Zapdos|0 fnt
|-boost|p2a: SALAH|spe|1
|-sideend|p2: sultansafa|Spikes|[from] move: Rapid Spin|[of] p2a: SALAH
|-sideend|p2: sultansafa|Stealth Rock|[from] move: Rapid Spin|[of] p2a: SALAH
|faint|p1a: Zapdos
|
|upkeep
|
|t:|1758255722
|switch|p1a: Ting-Lu|Ting-Lu|100/100
|-damage|p1a: Ting-Lu|94/100|[from] Stealth Rock
|-ability|p1a: Ting-Lu|Vessel of Ruin
|turn|25
|c|☆sultansafa|uhh
|
|t:|1758255725
|move|p2a: SALAH|Earthquake|p1a: Ting-Lu
|-damage|p1a: Ting-Lu|30/100
|move|p1a: Ting-Lu|Whirlwind|p2a: SALAH
|drag|p2a: FRIMPONG|Kyurem|100/100
|-ability|p2a: FRIMPONG|Pressure
|
|-heal|p1a: Ting-Lu|37/100|[from] item: Leftovers
|upkeep
|turn|26
|
|t:|1758255733
|move|p2a: FRIMPONG|Freeze-Dry|p1a: Ting-Lu
|-supereffective|p1a: Ting-Lu
|-damage|p1a: Ting-Lu|6/100
|move|p1a: Ting-Lu|Earthquake|p2a: FRIMPONG
|-damage|p2a: FRIMPONG|62/100
|
|-heal|p1a: Ting-Lu|13/100|[from] item: Leftovers
|upkeep
|turn|27
|
|t:|1758255739
|move|p2a: FRIMPONG|Freeze-Dry|p1a: Ting-Lu
|-supereffective|p1a: Ting-Lu
|-damage|p1a: Ting-Lu|0 fnt
|faint|p1a: Ting-Lu
|
|upkeep
|
|t:|1758255742
|switch|p1a: Kyurem|Kyurem|94/100
|-damage|p1a: Kyurem|70/100|[from] Stealth Rock
|-ability|p1a: Kyurem|Pressure
|turn|28
|
|t:|1758255746
|switch|p2a: BIGSTEPPA|Tyranitar, F|68/100
|-weather|Sandstorm|[from] ability: Sand Stream|[of] p2a: BIGSTEPPA
|move|p1a: Kyurem|Blizzard|p2a: BIGSTEPPA
|-damage|p2a: BIGSTEPPA|28/100
|
|-weather|Sandstorm|[upkeep]
|-damage|p1a: Kyurem|63/100|[from] Sandstorm
|-heal|p2a: BIGSTEPPA|34/100|[from] item: Leftovers
|upkeep
|turn|29
|
|t:|1758255753
|move|p1a: Kyurem|Blizzard|p2a: BIGSTEPPA|[miss]
|-miss|p1a: Kyurem|p2a: BIGSTEPPA
|move|p2a: BIGSTEPPA|Knock Off|p1a: Kyurem
|-crit|p1a: Kyurem
|-damage|p1a: Kyurem|0 fnt
|-enditem|p1a: Kyurem|Choice Specs|[from] move: Knock Off|[of] p2a: BIGSTEPPA
|faint|p1a: Kyurem
|
|-weather|Sandstorm|[upkeep]
|-heal|p2a: BIGSTEPPA|40/100|[from] item: Leftovers
|upkeep
|-message|hydromissfocushit forfeited.
|
|win|sultansafa
|raw|hydromissfocushit's rating: 1253 &rarr; <strong>1231</strong><br />(-22 for losing)
|raw|sultansafa's rating: 1290 &rarr; <strong>1312</strong><br />(+22 for winning)
|l|☆hydromissfocushit
|player|p1|
|c|☆sultansafa|sheesh
|l|☆sultansafa
|player|p2|
