|j|☆apotato135
|j|☆ljdarkrai_meme
|t:|1758330132
|gametype|singles
|player|p1|apotato135|swimmer-gen4dp|1523
|player|p2|ljdarkrai_meme|pryce|1569
|gen|9
|tier|[Gen 9] OU
|rated|
|rule|HP Percentage Mod: HP is shown in percentages
|rule|Endless Battle Clause: Forcing endless battles is banned
|rule|Species Clause: Limit one of each Pokémon
|rule|OHKO Clause: OHKO moves are banned
|rule|Evasion Items Clause: Evasion items are banned
|rule|Evasion Moves Clause: Evasion moves are banned
|rule|Evasion Abilities Clause: Evasion abilities are banned
|rule|Sleep Moves Clause: Sleep-inducing moves are banned
|clearpoke
|poke|p1|Ninetales-Alola, M|
|poke|p1|Kyurem|
|poke|p1|Cloyster, M|
|poke|p1|Enamorus, F|
|poke|p1|Primeape, F|
|poke|p1|Iron Treads|
|poke|p2|Dragapult, F|
|poke|p2|Kingambit, F|
|poke|p2|Kyurem|
|poke|p2|Cinderace, F|
|poke|p2|Garganacl, M|
|poke|p2|Corviknight, F|
|teampreview
|inactive|Battle timer is ON: inactive players will automatically lose when time's up. (requested by ljdarkrai_meme)
|j| Cassimir Bazan
|l| Cassimir Bazan
|inactive|apotato135 has 120 seconds left.
|
|t:|1758330190
|teamsize|p1|6
|teamsize|p2|6
|start
|switch|p1a: Iron Treads|Iron Treads|100/100
|switch|p2a: Garganacl|Garganacl, M|100/100
|-enditem|p1a: Iron Treads|Booster Energy
|-activate|p1a: Iron Treads|ability: Quark Drive|[fromitem]
|-start|p1a: Iron Treads|quarkdrivespe
|turn|1
|
|t:|1758330202
|move|p1a: Iron Treads|Earth Power|p2a: Garganacl
|-supereffective|p2a: Garganacl
|-damage|p2a: Garganacl|60/100
|move|p2a: Garganacl|Salt Cure|p1a: Iron Treads
|-resisted|p1a: Iron Treads
|-damage|p1a: Iron Treads|98/100
|-start|p1a: Iron Treads|Salt Cure
|
|-heal|p2a: Garganacl|67/100|[from] item: Leftovers
|-damage|p1a: Iron Treads|73/100|[from] Salt Cure
|upkeep
|turn|2
|
|t:|1758330209
|move|p1a: Iron Treads|Stealth Rock|p2a: Garganacl
|-sidestart|p2: ljdarkrai_meme|move: Stealth Rock
|move|p2a: Garganacl|Recover|p2a: Garganacl
|-heal|p2a: Garganacl|100/100
|
|-damage|p1a: Iron Treads|48/100|[from] Salt Cure
|upkeep
|turn|3
|
|t:|1758330214
|switch|p2a: Corviknight|Corviknight, F|100/100
|-damage|p2a: Corviknight|88/100|[from] Stealth Rock
|-ability|p2a: Corviknight|Pressure
|move|p1a: Iron Treads|Steel Beam|p2a: Corviknight
|-resisted|p2a: Corviknight
|-damage|p2a: Corviknight|66/100
|-damage|p1a: Iron Treads|0 fnt|[from] steelbeam
|faint|p1a: Iron Treads
|-end|p1a: Iron Treads|Quark Drive|[silent]
|
|-heal|p2a: Corviknight|72/100|[from] item: Leftovers
|upkeep
|
|t:|1758330218
|switch|p1a: Primeape|Primeape, F|100/100
|turn|4
|
|t:|1758330229
|move|p1a: Primeape|Bulk Up|p1a: Primeape
|-boost|p1a: Primeape|atk|1
|-boost|p1a: Primeape|def|1
|move|p2a: Corviknight|Brave Bird|p1a: Primeape
|-supereffective|p1a: Primeape
|-damage|p1a: Primeape|46/100
|-damage|p2a: Corviknight|56/100|[from] Recoil
|
|-heal|p2a: Corviknight|63/100|[from] item: Leftovers
|upkeep
|turn|5
|
|t:|1758330236
|switch|p1a: Ninetales|Ninetales-Alola, M|100/100
|-weather|Snowscape|[from] ability: Snow Warning|[of] p1a: Ninetales
|move|p2a: Corviknight|Brave Bird|p1a: Ninetales
|-damage|p1a: Ninetales|69/100
|-damage|p2a: Corviknight|53/100|[from] Recoil
|
|-weather|Snowscape|[upkeep]
|-heal|p2a: Corviknight|60/100|[from] item: Leftovers
|upkeep
|turn|6
|
|t:|1758330240
|move|p1a: Ninetales|Encore|p2a: Corviknight
|-start|p2a: Corviknight|Encore
|move|p2a: Corviknight|Brave Bird|p1a: Ninetales
|-damage|p1a: Ninetales|39/100
|-damage|p2a: Corviknight|50/100|[from] Recoil
|
|-weather|Snowscape|[upkeep]
|-heal|p2a: Corviknight|57/100|[from] item: Leftovers
|upkeep
|turn|7
|
|t:|1758330248
|switch|p2a: Garganacl|Garganacl, M|100/100
|-damage|p2a: Garganacl|88/100|[from] Stealth Rock
|move|p1a: Ninetales|Aurora Veil|p1a: Ninetales
|-sidestart|p1: apotato135|move: Aurora Veil
|
|-weather|Snowscape|[upkeep]
|-heal|p2a: Garganacl|94/100|[from] item: Leftovers
|upkeep
|turn|8
|
|t:|1758330253
|move|p1a: Ninetales|Freeze-Dry|p2a: Garganacl
|-damage|p2a: Garganacl|80/100
|move|p2a: Garganacl|Salt Cure|p1a: Ninetales
|-supereffective|p1a: Ninetales
|-damage|p1a: Ninetales|28/100
|-start|p1a: Ninetales|Salt Cure
|
|-weather|Snowscape|[upkeep]
|-heal|p2a: Garganacl|86/100|[from] item: Leftovers
|-damage|p1a: Ninetales|16/100|[from] Salt Cure
|upkeep
|turn|9
|
|t:|1758330263
|switch|p2a: Cinderace|Cinderace, F|100/100
|move|p1a: Ninetales|Freeze-Dry|p2a: Cinderace
|-resisted|p2a: Cinderace
|-damage|p2a: Cinderace|86/100
|
|-weather|none
|-damage|p1a: Ninetales|3/100|[from] Salt Cure
|upkeep
|turn|10
|
|t:|1758330270
|switch|p1a: Primeape|Primeape, F|46/100
|move|p2a: Cinderace|Court Change|p2a: Cinderace
|-start|p2a: Cinderace|typechange|Normal|[from] ability: Libero
|-swapsideconditions
|-activate|p2a: Cinderace|move: Court Change
|
|upkeep
|turn|11
|
|t:|1758330281
|-terastallize|p1a: Primeape|Fire
|move|p2a: Cinderace|Pyro Ball|p1a: Primeape
|-resisted|p1a: Primeape
|-damage|p1a: Primeape|24/100
|move|p1a: Primeape|Bulk Up|p1a: Primeape
|-boost|p1a: Primeape|atk|1
|-boost|p1a: Primeape|def|1
|
|upkeep
|turn|12
|
|t:|1758330287
|switch|p2a: Corviknight|Corviknight, F|57/100
|-ability|p2a: Corviknight|Pressure
|move|p1a: Primeape|Rage Fist|p2a: Corviknight
|-damage|p2a: Corviknight|40/100
|
|-heal|p2a: Corviknight|46/100|[from] item: Leftovers
|upkeep
|turn|13
|
|t:|1758330295
|move|p1a: Primeape|Drain Punch|p2a: Corviknight
|-damage|p2a: Corviknight|32/100
|-heal|p1a: Primeape|32/100|[from] drain|[of] p2a: Corviknight
|move|p2a: Corviknight|Brave Bird|p1a: Primeape
|-damage|p1a: Primeape|6/100
|-damage|p2a: Corviknight|25/100|[from] Recoil
|
|-heal|p2a: Corviknight|31/100|[from] item: Leftovers
|upkeep
|turn|14
|
|t:|1758330300
|move|p1a: Primeape|Rage Fist|p2a: Corviknight
|-damage|p2a: Corviknight|4/100
|move|p2a: Corviknight|Brave Bird|p1a: Primeape
|-damage|p1a: Primeape|0 fnt
|faint|p1a: Primeape
|-damage|p2a: Corviknight|3/100|[from] Recoil
|
|-heal|p2a: Corviknight|9/100|[from] item: Leftovers
|-sideend|p2: ljdarkrai_meme|move: Aurora Veil
|upkeep
|
|t:|1758330306
|switch|p1a: Kyurem|Kyurem|100/100
|-damage|p1a: Kyurem|76/100|[from] Stealth Rock
|-ability|p1a: Kyurem|Pressure
|turn|15
|
|t:|1758330311
|move|p1a: Kyurem|Dragon Dance|p1a: Kyurem
|-boost|p1a: Kyurem|atk|1
|-boost|p1a: Kyurem|spe|1
|move|p2a: Corviknight|Brave Bird|p1a: Kyurem
|-damage|p1a: Kyurem|40/100
|-damage|p2a: Corviknight|0 fnt|[from] Recoil
|faint|p2a: Corviknight
|
|upkeep
|
|t:|1758330319
|switch|p2a: Kingambit|Kingambit, F|100/100
|-activate|p2a: Kingambit|ability: Supreme Overlord
|-start|p2a: Kingambit|fallen1|[silent]
|turn|16
|
|t:|1758330325
|switch|p1a: Ninetales|Ninetales-Alola, M|3/100
|-damage|p1a: Ninetales|0 fnt|[from] Stealth Rock
|faint|p1a: Ninetales
|move|p2a: Kingambit|Kowtow Cleave|p1: Ninetales|[notarget]
|-fail|p2a: Kingambit
|
|upkeep
|
|t:|1758330327
|switch|p1a: Enamorus|Enamorus, F|100/100
|-damage|p1a: Enamorus|76/100|[from] Stealth Rock
|turn|17
|
|t:|1758330336
|-end|p2a: Kingambit|fallen1|[silent]
|switch|p2a: Cinderace|Cinderace, F|86/100
|move|p1a: Enamorus|Superpower|p2a: Cinderace
|-damage|p2a: Cinderace|40/100
|-boost|p1a: Enamorus|atk|1
|-boost|p1a: Enamorus|def|1
|
|upkeep
|turn|18
|
|t:|1758330340
|move|p1a: Enamorus|Superpower|p2a: Cinderace
|-damage|p2a: Cinderace|0 fnt
|-boost|p1a: Enamorus|atk|1
|-boost|p1a: Enamorus|def|1
|faint|p2a: Cinderace
|
|upkeep
|
|t:|1758330346
|switch|p2a: Dragapult|Dragapult, F|100/100
|turn|19
|
|t:|1758330350
|switch|p1a: Kyurem|Kyurem|40/100
|-damage|p1a: Kyurem|15/100|[from] Stealth Rock
|-ability|p1a: Kyurem|Pressure
|move|p2a: Dragapult|Dragon Dance|p2a: Dragapult
|-boost|p2a: Dragapult|atk|1
|-boost|p2a: Dragapult|spe|1
|
|upkeep
|turn|20
|
|t:|1758330377
|switch|p1a: Enamorus|Enamorus, F|76/100
|-damage|p1a: Enamorus|51/100|[from] Stealth Rock
|move|p2a: Dragapult|Dragon Darts|p1a: Enamorus
|-immune|p1a: Enamorus
|
|upkeep
|turn|21
|
|t:|1758330386
|move|p2a: Dragapult|Phantom Force||[still]
|-prepare|p2a: Dragapult|Phantom Force
|move|p1a: Enamorus|Moonblast|p2a: Dragapult|[miss]
|-miss|p1a: Enamorus|p2a: Dragapult
|
|upkeep
|turn|22
|
|t:|1758330390
|move|p2a: Dragapult|Phantom Force|p1a: Enamorus|[from] lockedmove
|-damage|p1a: Enamorus|0 fnt
|faint|p1a: Enamorus
|-damage|p2a: Dragapult|91/100|[from] item: Life Orb
|
|upkeep
|
|t:|1758330393
|switch|p1a: Cloyster|Cloyster, M|100/100
|-damage|p1a: Cloyster|76/100|[from] Stealth Rock
|turn|23
|
|t:|1758330402
|-terastallize|p2a: Dragapult|Fighting
|move|p1a: Cloyster|Ice Shard|p2a: Dragapult
|-damage|p2a: Dragapult|63/100
|move|p2a: Dragapult|Tera Blast|p1a: Cloyster|[anim] Tera Blast Fighting
|-supereffective|p1a: Cloyster
|-damage|p1a: Cloyster|0 fnt
|faint|p1a: Cloyster
|-damage|p2a: Dragapult|53/100|[from] item: Life Orb
|
|upkeep
|-message|apotato135 forfeited.
|
|win|ljdarkrai_meme
|raw|apotato135's rating: 1523 &rarr; <strong>1506</strong><br />(-17 for losing)
|raw|ljdarkrai_meme's rating: 1569 &rarr; <strong>1586</strong><br />(+17 for winning)
|l|☆apotato135
|player|p1|
|l|☆ljdarkrai_meme
|player|p2|
