|j|☆orange_blue_10
|j|☆zhar99
|t:|1758265856
|gametype|singles
|player|p1|orange_blue_10|red|1248
|player|p2|zhar99|170|1204
|gen|9
|tier|[Gen 9] OU
|rated|
|rule|HP Percentage Mod: HP is shown in percentages
|rule|Endless Battle Clause: Forcing endless battles is banned
|rule|Species Clause: Limit one of each Pokémon
|rule|OHKO Clause: OHKO moves are banned
|rule|Evasion Items Clause: Evasion items are banned
|rule|Evasion Moves Clause: Evasion moves are banned
|rule|Evasion Abilities Clause: Evasion abilities are banned
|rule|Sleep Moves Clause: Sleep-inducing moves are banned
|clearpoke
|poke|p1|Charizard, F|
|poke|p1|Walking Wake|
|poke|p1|Venusaur, M|
|poke|p1|Great Tusk|
|poke|p1|Glimmora, F|
|poke|p1|Ninetales, F|
|poke|p2|Indeedee, M|
|poke|p2|Armarouge, M|
|poke|p2|Dragapult, M|
|poke|p2|Iron Treads|
|poke|p2|Hawlucha, M|
|poke|p2|Ogerpon-Wellspring, F|
|teampreview
|
|t:|1758265870
|teamsize|p1|6
|teamsize|p2|6
|start
|switch|p1a: Charizard|Charizard, F|100/100
|switch|p2a: Iron Treads|Iron Treads|100/100
|-enditem|p2a: Iron Treads|Booster Energy
|-activate|p2a: Iron Treads|ability: Quark Drive|[fromitem]
|-start|p2a: Iron Treads|quarkdrivespe
|turn|1
|inactive|Battle timer is ON: inactive players will automatically lose when time's up. (requested by orange_blue_10)
|
|t:|1758265889
|move|p2a: Iron Treads|Stealth Rock|p1a: Charizard
|-sidestart|p1: orange_blue_10|move: Stealth Rock
|move|p1a: Charizard|Fire Blast|p2a: Iron Treads|[miss]
|-miss|p1a: Charizard|p2a: Iron Treads
|
|upkeep
|turn|2
|
|t:|1758265896
|move|p2a: Iron Treads|Volt Switch|p1a: Charizard
|-supereffective|p1a: Charizard
|-damage|p1a: Charizard|57/100
|
|t:|1758265901
|-end|p2a: Iron Treads|Quark Drive|[silent]
|switch|p2a: Dragapult|Dragapult, M|100/100|[from] Volt Switch
|move|p1a: Charizard|Fire Blast|p2a: Dragapult|[miss]
|-miss|p1a: Charizard|p2a: Dragapult
|
|upkeep
|turn|3
|
|t:|1758265912
|move|p2a: Dragapult|Substitute|p2a: Dragapult
|-start|p2a: Dragapult|Substitute
|-damage|p2a: Dragapult|76/100
|move|p1a: Charizard|Air Slash|p2a: Dragapult|[miss]
|-miss|p1a: Charizard|p2a: Dragapult
|
|upkeep
|turn|4
|
|t:|1758265922
|move|p2a: Dragapult|Dragon Dance|p2a: Dragapult
|-boost|p2a: Dragapult|atk|1
|-boost|p2a: Dragapult|spe|1
|move|p1a: Charizard|Air Slash|p2a: Dragapult
|-end|p2a: Dragapult|Substitute
|
|upkeep
|turn|5
|
|t:|1758265929
|move|p2a: Dragapult|Substitute|p2a: Dragapult
|-start|p2a: Dragapult|Substitute
|-damage|p2a: Dragapult|51/100
|move|p1a: Charizard|Air Slash|p2a: Dragapult
|-end|p2a: Dragapult|Substitute
|
|upkeep
|turn|6
|
|t:|1758265936
|move|p2a: Dragapult|Substitute|p2a: Dragapult
|-start|p2a: Dragapult|Substitute
|-damage|p2a: Dragapult|26/100
|move|p1a: Charizard|Air Slash|p2a: Dragapult
|-end|p2a: Dragapult|Substitute
|
|upkeep
|turn|7
|
|t:|1758265946
|move|p2a: Dragapult|Substitute|p2a: Dragapult
|-start|p2a: Dragapult|Substitute
|-damage|p2a: Dragapult|1/100
|move|p1a: Charizard|Air Slash|p2a: Dragapult
|-end|p2a: Dragapult|Substitute
|
|upkeep
|turn|8
|
|t:|1758265953
|move|p2a: Dragapult|Dragon Darts|p1a: Charizard
|-damage|p1a: Charizard|1/100
|-anim|p2a: Dragapult|Dragon Darts|p1a: Charizard
|-damage|p1a: Charizard|0 fnt
|faint|p1a: Charizard
|
|upkeep
|
|t:|1758265961
|switch|p1a: Great Tusk|Great Tusk|100/100
|-damage|p1a: Great Tusk|98/100|[from] Stealth Rock
|turn|9
|
|t:|1758265966
|-terastallize|p1a: Great Tusk|Fairy
|move|p2a: Dragapult|Dragon Darts|p1a: Great Tusk
|-immune|p1a: Great Tusk
|move|p1a: Great Tusk|Play Rough|p2a: Dragapult
|-supereffective|p2a: Dragapult
|-damage|p2a: Dragapult|0 fnt
|faint|p2a: Dragapult
|
|upkeep
|
|t:|1758265978
|switch|p2a: Armarouge|Armarouge, M|100/100
|turn|10
|
|t:|1758265982
|move|p2a: Armarouge|Endure|p2a: Armarouge
|-singleturn|p2a: Armarouge|move: Endure
|move|p1a: Great Tusk|Earthquake|p2a: Armarouge
|-supereffective|p2a: Armarouge
|-activate|p2a: Armarouge|move: Endure
|-damage|p2a: Armarouge|1/100
|-ability|p2a: Armarouge|Weak Armor|boost
|-unboost|p2a: Armarouge|def|1
|-boost|p2a: Armarouge|spe|2
|-enditem|p2a: Armarouge|Weakness Policy
|-boost|p2a: Armarouge|atk|2|[from] item: Weakness Policy
|-boost|p2a: Armarouge|spa|2|[from] item: Weakness Policy
|
|upkeep
|turn|11
|
|t:|1758265995
|move|p2a: Armarouge|Stored Power|p1a: Great Tusk
|-damage|p1a: Great Tusk|0 fnt
|faint|p1a: Great Tusk
|-end|p1a: Great Tusk|Protosynthesis|[silent]
|
|upkeep
|
|t:|1758266003
|switch|p1a: Ninetales|Ninetales, F|100/100
|-damage|p1a: Ninetales|76/100|[from] Stealth Rock
|-weather|SunnyDay|[from] ability: Drought|[of] p1a: Ninetales
|turn|12
|
|t:|1758266010
|move|p2a: Armarouge|Stored Power|p1a: Ninetales
|-damage|p1a: Ninetales|0 fnt
|faint|p1a: Ninetales
|
|-weather|SunnyDay|[upkeep]
|upkeep
|
|t:|1758266017
|switch|p1a: Walking Wake|Walking Wake|100/100
|-damage|p1a: Walking Wake|88/100|[from] Stealth Rock
|-activate|p1a: Walking Wake|ability: Protosynthesis
|-start|p1a: Walking Wake|protosynthesisspe
|turn|13
|
|t:|1758266025
|move|p1a: Walking Wake|Hydro Steam|p2a: Armarouge
|-supereffective|p2a: Armarouge
|-damage|p2a: Armarouge|0 fnt
|faint|p2a: Armarouge
|-damage|p1a: Walking Wake|78/100|[from] item: Life Orb
|
|-weather|SunnyDay|[upkeep]
|upkeep
|
|t:|1758266030
|switch|p2a: Indeedee|Indeedee, M|100/100
|-fieldstart|move: Psychic Terrain|[from] ability: Psychic Surge|[of] p2a: Indeedee
|turn|14
|
|t:|1758266039
|move|p1a: Walking Wake|Hydro Steam|p2a: Indeedee
|-damage|p2a: Indeedee|0 fnt
|faint|p2a: Indeedee
|-damage|p1a: Walking Wake|69/100|[from] item: Life Orb
|
|-weather|SunnyDay|[upkeep]
|upkeep
|
|t:|1758266042
|switch|p2a: Hawlucha|Hawlucha, M|100/100
|-enditem|p2a: Hawlucha|Psychic Seed
|-boost|p2a: Hawlucha|spd|1|[from] item: Psychic Seed
|turn|15
|
|t:|1758266052
|move|p2a: Hawlucha|Close Combat|p1a: Walking Wake
|-damage|p1a: Walking Wake|15/100
|-unboost|p2a: Hawlucha|def|1
|-unboost|p2a: Hawlucha|spd|1
|move|p1a: Walking Wake|Hydro Steam|p2a: Hawlucha
|-damage|p2a: Hawlucha|0 fnt
|faint|p2a: Hawlucha
|-damage|p1a: Walking Wake|6/100|[from] item: Life Orb
|
|-weather|SunnyDay|[upkeep]
|upkeep
|
|t:|1758266056
|switch|p2a: Ogerpon|Ogerpon-Wellspring, F|100/100
|turn|16
|
|t:|1758266067
|move|p1a: Walking Wake|Draco Meteor|p2a: Ogerpon
|-damage|p2a: Ogerpon|0 fnt
|-unboost|p1a: Walking Wake|spa|2
|faint|p2a: Ogerpon
|-damage|p1a: Walking Wake|0 fnt|[from] item: Life Orb
|faint|p1a: Walking Wake
|-end|p1a: Walking Wake|Protosynthesis|[silent]
|
|-weather|SunnyDay|[upkeep]
|upkeep
|-message|zhar99 forfeited.
|
|win|orange_blue_10
|raw|orange_blue_10's rating: 1248 &rarr; <strong>1270</strong><br />(+22 for winning)
|raw|zhar99's rating: 1204 &rarr; <strong>1182</strong><br />(-22 for losing)
|l|☆zhar99
|player|p2|
|l|☆orange_blue_10
|player|p1|
