|j|☆John Kritter
|j|☆snow is mid
|t:|1758337802
|gametype|singles
|player|p1|John Kritter|pokemaniac|1631
|player|p2|snow is mid|gentleman-gen4dp|1606
|gen|9
|tier|[Gen 9] OU
|rated|
|rule|HP Percentage Mod: HP is shown in percentages
|rule|Endless Battle Clause: Forcing endless battles is banned
|rule|Species Clause: Limit one of each Pokémon
|rule|OHKO Clause: OHKO moves are banned
|rule|Evasion Items Clause: Evasion items are banned
|rule|Evasion Moves Clause: Evasion moves are banned
|rule|Evasion Abilities Clause: Evasion abilities are banned
|rule|Sleep Moves Clause: Sleep-inducing moves are banned
|clearpoke
|poke|p1|Torkoal, F|
|poke|p1|Walking Wake|
|poke|p1|Hatterene, F|
|poke|p1|Great Tusk|
|poke|p1|Ceruledge, M|
|poke|p1|Enamorus, F|
|poke|p2|Blissey, F|
|poke|p2|Clefable, F|
|poke|p2|Gliscor, F|
|poke|p2|Dondozo, F|
|poke|p2|Toxapex, M|
|poke|p2|Heatran, F|
|teampreview
|inactive|Battle timer is ON: inactive players will automatically lose when time's up. (requested by John Kritter)
|
|t:|1758337809
|teamsize|p1|6
|teamsize|p2|6
|start
|switch|p1a: Torkoal|Torkoal, F|100/100
|switch|p2a: Heatran|Heatran, F|100/100
|-weather|SunnyDay|[from] ability: Drought|[of] p1a: Torkoal
|turn|1
|
|t:|1758337817
|switch|p1a: Hatterene|Hatterene, F, shiny|100/100
|move|p2a: Heatran|Magma Storm|p1a: Hatterene
|-damage|p1a: Hatterene|42/100
|-activate|p1a: Hatterene|move: Magma Storm|[of] p2a: Heatran
|-enditem|p1a: Hatterene|Eject Button
|
|t:|1758337823
|switch|p1a: Walking Wake|Walking Wake|100/100
|-activate|p1a: Walking Wake|ability: Protosynthesis
|-start|p1a: Walking Wake|protosynthesisspa
|
|-weather|SunnyDay|[upkeep]
|upkeep
|turn|2
|
|t:|1758337828
|-terastallize|p1a: Walking Wake|Water
|move|p2a: Heatran|Protect|p2a: Heatran
|-singleturn|p2a: Heatran|Protect
|move|p1a: Walking Wake|Hydro Steam|p2a: Heatran
|-activate|p2a: Heatran|move: Protect
|
|-weather|SunnyDay|[upkeep]
|upkeep
|turn|3
|
|t:|1758337834
|switch|p2a: Blissey|Blissey, F|100/100
|move|p1a: Walking Wake|Hydro Steam|p2a: Blissey
|-damage|p2a: Blissey|44/100
|
|-weather|SunnyDay|[upkeep]
|upkeep
|turn|4
|
|t:|1758337848
|switch|p2a: Toxapex|Toxapex, M|100/100
|move|p1a: Walking Wake|Hydro Steam|p2a: Toxapex
|-resisted|p2a: Toxapex
|-damage|p2a: Toxapex|28/100
|
|-weather|SunnyDay|[upkeep]
|upkeep
|turn|5
|
|t:|1758337860
|switch|p2a: Dondozo|Dondozo, F|100/100
|move|p1a: Walking Wake|Hydro Steam|p2a: Dondozo
|-resisted|p2a: Dondozo
|-damage|p2a: Dondozo|23/100
|
|-weather|SunnyDay|[upkeep]
|upkeep
|turn|6
|
|t:|1758337865
|move|p1a: Walking Wake|Hydro Steam|p2a: Dondozo
|-resisted|p2a: Dondozo
|-damage|p2a: Dondozo|0 fnt
|faint|p2a: Dondozo
|
|-weather|SunnyDay|[upkeep]
|upkeep
|
|t:|1758337872
|switch|p2a: Gliscor|Gliscor, F|100/100
|turn|7
|
|t:|1758337875
|move|p2a: Gliscor|Protect|p2a: Gliscor
|-singleturn|p2a: Gliscor|Protect
|move|p1a: Walking Wake|Hydro Steam|p2a: Gliscor
|-activate|p2a: Gliscor|move: Protect
|
|-weather|SunnyDay|[upkeep]
|-status|p2a: Gliscor|tox|[from] item: Toxic Orb
|upkeep
|turn|8
|
|t:|1758337883
|switch|p2a: Clefable|Clefable, F|100/100
|move|p1a: Walking Wake|Hydro Steam|p2a: Clefable
|-damage|p2a: Clefable|0 fnt
|faint|p2a: Clefable
|
|-weather|none
|-end|p1a: Walking Wake|Protosynthesis
|upkeep
|-message|snow is mid forfeited.
|
|win|John Kritter
|raw|John Kritter's rating: 1631 &rarr; <strong>1650</strong><br />(+19 for winning)
|raw|snow is mid's rating: 1606 &rarr; <strong>1587</strong><br />(-19 for losing)
|l|☆snow is mid
|player|p2|
|l|☆John Kritter
|player|p1|
