|j|☆TheDeivi9
|j|☆OUOG Aelleden
|t:|1758298778
|gametype|singles
|player|p1|TheDeivi9|102|1482
|player|p2|OUOG Aelleden|winona|1494
|gen|9
|tier|[Gen 9] OU
|rated|
|rule|HP Percentage Mod: HP is shown in percentages
|rule|Endless Battle Clause: Forcing endless battles is banned
|rule|Species Clause: Limit one of each Pokémon
|rule|OHKO Clause: OHKO moves are banned
|rule|Evasion Items Clause: Evasion items are banned
|rule|Evasion Moves Clause: Evasion moves are banned
|rule|Evasion Abilities Clause: Evasion abilities are banned
|rule|Sleep Moves Clause: Sleep-inducing moves are banned
|clearpoke
|poke|p1|Gliscor, F|
|poke|p1|Politoed, F|
|poke|p1|Darkrai|
|poke|p1|Infernape, M|
|poke|p1|Forretress, F|
|poke|p1|Cresselia, F|
|poke|p2|Kommo-o, F|
|poke|p2|Ogerpon-Wellspring, F|
|poke|p2|Iron Treads|
|poke|p2|Enamorus, F|
|poke|p2|Scizor, M|
|poke|p2|Dragapult, F|
|teampreview
|inactive|Battle timer is ON: inactive players will automatically lose when time's up. (requested by OUOG Aelleden)
|
|t:|1758298812
|teamsize|p1|6
|teamsize|p2|6
|start
|switch|p1a: Darkrai|Darkrai|100/100
|switch|p2a: Iron Treads|Iron Treads|100/100
|-enditem|p2a: Iron Treads|Booster Energy
|-activate|p2a: Iron Treads|ability: Quark Drive|[fromitem]
|-start|p2a: Iron Treads|quarkdrivespe
|turn|1
|
|t:|1758298821
|switch|p1a: Forretress|Forretress, F, shiny|100/100
|move|p2a: Iron Treads|Stealth Rock|p1a: Forretress
|-sidestart|p1: TheDeivi9|move: Stealth Rock
|
|upkeep
|turn|2
|
|t:|1758298827
|-end|p2a: Iron Treads|Quark Drive|[silent]
|switch|p2a: Dragapult|Dragapult, F|100/100
|move|p1a: Forretress|Rapid Spin|p2a: Dragapult
|-immune|p2a: Dragapult
|
|upkeep
|turn|3
|inactive|TheDeivi9 has 120 seconds left.
|
|t:|1758298862
|move|p2a: Dragapult|Flamethrower|p1a: Forretress
|-supereffective|p1a: Forretress
|-damage|p1a: Forretress|0 fnt
|faint|p1a: Forretress
|
|upkeep
|inactive|TheDeivi9 has 120 seconds left.
|
|t:|1758298867
|switch|p1a: Politoed|Politoed, F|100/100
|-damage|p1a: Politoed|88/100|[from] Stealth Rock
|-weather|RainDance|[from] ability: Drizzle|[of] p1a: Politoed
|turn|4
|
|t:|1758298883
|switch|p2a: Iron Treads|Iron Treads|100/100
|move|p1a: Politoed|Ice Beam|p2a: Iron Treads
|-damage|p2a: Iron Treads|51/100
|
|-weather|RainDance|[upkeep]
|upkeep
|turn|5
|
|t:|1758298899
|move|p2a: Iron Treads|Earth Power|p1a: Politoed
|-damage|p1a: Politoed|51/100
|-unboost|p1a: Politoed|spd|1
|move|p1a: Politoed|Ice Beam|p2a: Iron Treads
|-damage|p2a: Iron Treads|0 fnt
|faint|p2a: Iron Treads
|-end|p2a: Iron Treads|Quark Drive|[silent]
|
|-weather|RainDance|[upkeep]
|upkeep
|inactive|OUOG Aelleden has 120 seconds left.
|
|t:|1758298922
|switch|p2a: Dragapult|Dragapult, F|100/100
|turn|6
|
|t:|1758298933
|move|p2a: Dragapult|Shadow Ball|p1a: Politoed
|-damage|p1a: Politoed|0 fnt
|faint|p1a: Politoed
|
|-weather|RainDance|[upkeep]
|upkeep
|
|t:|1758298939
|switch|p1a: Gliscor|Gliscor, F|100/100
|-damage|p1a: Gliscor|88/100|[from] Stealth Rock
|turn|7
|
|t:|1758298942
|move|p2a: Dragapult|Shadow Ball|p1a: Gliscor
|-damage|p1a: Gliscor|28/100
|move|p1a: Gliscor|Toxic|p2a: Dragapult
|-status|p2a: Dragapult|tox
|
|-weather|RainDance|[upkeep]
|-damage|p2a: Dragapult|95/100 tox|[from] psn
|-status|p1a: Gliscor|tox|[from] item: Toxic Orb
|upkeep
|turn|8
|
|t:|1758298951
|switch|p2a: Ogerpon|Ogerpon-Wellspring, F|100/100
|move|p1a: Gliscor|Protect||[still]
|-fail|p1a: Gliscor
|
|-weather|none
|-heal|p1a: Gliscor|41/100 tox|[from] ability: Poison Heal
|upkeep
|turn|9
|
|t:|1758298970
|move|p2a: Ogerpon|Ivy Cudgel|p1a: Gliscor|[anim] Ivy Cudgel Water
|-supereffective|p1a: Gliscor
|-damage|p1a: Gliscor|0 fnt
|faint|p1a: Gliscor
|
|upkeep
|
|t:|1758298973
|switch|p1a: Darkrai|Darkrai|100/100
|-damage|p1a: Darkrai|88/100|[from] Stealth Rock
|turn|10
|
|t:|1758298981
|switch|p2a: Scizor|Scizor, M|100/100
|move|p1a: Darkrai|Sludge Bomb|p2a: Scizor
|-immune|p2a: Scizor
|
|upkeep
|turn|11
|
|t:|1758298988
|move|p1a: Darkrai|Dark Pulse|p2a: Scizor
|-damage|p2a: Scizor|43/100
|move|p2a: Scizor|U-turn|p1a: Darkrai
|-supereffective|p1a: Darkrai
|-crit|p1a: Darkrai
|-damage|p1a: Darkrai|0 fnt
|faint|p1a: Darkrai
|
|t:|1758298994
|switch|p2a: Dragapult|Dragapult, F|95/100 tox|[from] U-turn
|
|-damage|p2a: Dragapult|89/100 tox|[from] psn
|upkeep
|
|t:|1758298997
|switch|p1a: Cresselia|Cresselia, F|100/100
|-damage|p1a: Cresselia|88/100|[from] Stealth Rock
|turn|12
|
|t:|1758299002
|-terastallize|p1a: Cresselia|Electric
|move|p2a: Dragapult|Shadow Ball|p1a: Cresselia
|-damage|p1a: Cresselia|55/100
|move|p1a: Cresselia|Calm Mind|p1a: Cresselia
|-boost|p1a: Cresselia|spa|1
|-boost|p1a: Cresselia|spd|1
|
|-heal|p1a: Cresselia|61/100|[from] item: Leftovers
|-damage|p2a: Dragapult|77/100 tox|[from] psn
|upkeep
|turn|13
|
|t:|1758299025
|switch|p2a: Scizor|Scizor, M|43/100
|move|p1a: Cresselia|Calm Mind|p1a: Cresselia
|-boost|p1a: Cresselia|spa|1
|-boost|p1a: Cresselia|spd|1
|
|-heal|p1a: Cresselia|67/100|[from] item: Leftovers
|upkeep
|turn|14
|
|t:|1758299049
|move|p1a: Cresselia|Thunderbolt|p2a: Scizor
|-damage|p2a: Scizor|0 fnt
|faint|p2a: Scizor
|
|-heal|p1a: Cresselia|73/100|[from] item: Leftovers
|upkeep
|inactive|OUOG Aelleden has 120 seconds left.
|
|t:|1758299077
|switch|p2a: Ogerpon|Ogerpon-Wellspring, F|100/100
|turn|15
|
|t:|1758299103
|move|p2a: Ogerpon|Ivy Cudgel|p1a: Cresselia|[anim] Ivy Cudgel Water
|-damage|p1a: Cresselia|35/100
|move|p1a: Cresselia|Thunderbolt|p2a: Ogerpon
|-damage|p2a: Ogerpon|29/100
|
|-heal|p1a: Cresselia|41/100|[from] item: Leftovers
|upkeep
|turn|16
|
|t:|1758299115
|-terastallize|p2a: Ogerpon|Water
|detailschange|p2a: Ogerpon|Ogerpon-Wellspring-Tera, F, tera:Water
|-ability|p2a: Ogerpon|Embody Aspect (Wellspring)|boost
|-boost|p2a: Ogerpon|spd|1
|move|p2a: Ogerpon|Ivy Cudgel|p1a: Cresselia|[anim] Ivy Cudgel Water
|-damage|p1a: Cresselia|0 fnt
|faint|p1a: Cresselia
|
|upkeep
|
|t:|1758299121
|switch|p1a: Infernape|Infernape, M|100/100
|-damage|p1a: Infernape|88/100|[from] Stealth Rock
|turn|17
|
|t:|1758299126
|move|p1a: Infernape|Mach Punch|p2a: Ogerpon
|-damage|p2a: Ogerpon|0 fnt
|faint|p2a: Ogerpon
|detailschange|p2: Ogerpon|Ogerpon-Wellspring, F|[silent]
|-damage|p1a: Infernape|78/100|[from] item: Life Orb
|
|upkeep
|
|t:|1758299131
|switch|p2a: Dragapult|Dragapult, F|77/100 tox
|turn|18
|
|t:|1758299159
|move|p2a: Dragapult|Shadow Ball|p1a: Infernape
|-damage|p1a: Infernape|2/100
|move|p1a: Infernape|Flare Blitz|p2a: Dragapult
|-resisted|p2a: Dragapult
|-damage|p2a: Dragapult|27/100 tox
|-damage|p1a: Infernape|0 fnt|[from] Recoil
|faint|p1a: Infernape
|
|win|OUOG Aelleden
|raw|TheDeivi9's rating: 1482 &rarr; <strong>1463</strong><br />(-19 for losing)
|raw|OUOG Aelleden's rating: 1494 &rarr; <strong>1513</strong><br />(+19 for winning)
|l|☆TheDeivi9
|player|p1|
|l|☆OUOG Aelleden
|player|p2|
