|j|☆gtxjos
|j|☆Red123167
|t:|1758280392
|gametype|singles
|player|p1|gtxjos|veteran|1341
|player|p2|Red123167|170|1325
|gen|9
|tier|[Gen 9] OU
|rated|
|rule|HP Percentage Mod: HP is shown in percentages
|rule|Endless Battle Clause: Forcing endless battles is banned
|rule|Species Clause: Limit one of each Pokémon
|rule|OHKO Clause: OHKO moves are banned
|rule|Evasion Items Clause: Evasion items are banned
|rule|Evasion Moves Clause: Evasion moves are banned
|rule|Evasion Abilities Clause: Evasion abilities are banned
|rule|Sleep Moves Clause: Sleep-inducing moves are banned
|clearpoke
|poke|p1|Great Tusk|
|poke|p1|Raging Bolt|
|poke|p1|Garganacl, F|
|poke|p1|Ogerpon-Wellspring, F|
|poke|p1|Cinderace, F|
|poke|p1|Hatterene, F|
|poke|p2|Great Tusk|
|poke|p2|Slowking-Galar, M|
|poke|p2|Zapdos|
|poke|p2|Walking Wake|
|poke|p2|Garganacl, F|
|poke|p2|Kingambit, M|
|teampreview
|inactive|Battle timer is ON: inactive players will automatically lose when time's up. (requested by gtxjos)
|
|t:|1758280421
|teamsize|p1|6
|teamsize|p2|6
|start
|switch|p1a: Hatterene|Hatterene, F, shiny|100/100
|switch|p2a: Zapdos|Zapdos|100/100
|turn|1
|
|t:|1758280428
|move|p2a: Zapdos|Discharge|p1a: Hatterene
|-damage|p1a: Hatterene|60/100
|-status|p1a: Hatterene|par
|move|p1a: Hatterene|Mystical Fire|p2a: Zapdos
|-damage|p2a: Zapdos|78/100
|-unboost|p2a: Zapdos|spa|1
|
|upkeep
|turn|2
|
|t:|1758280439
|move|p2a: Zapdos|U-turn|p1a: Hatterene
|-damage|p1a: Hatterene|46/100 par
|-damage|p2a: Zapdos|61/100|[from] item: Rocky Helmet|[of] p1a: Hatterene
|
|t:|1758280443
|switch|p2a: Slowking|Slowking-Galar, M|100/100|[from] U-turn
|move|p1a: Hatterene|Psychic|p2a: Slowking
|-damage|p2a: Slowking|71/100
|
|upkeep
|turn|3
|
|t:|1758280450
|move|p2a: Slowking|Future Sight|p1a: Hatterene
|-start|p2a: Slowking|move: Future Sight
|cant|p1a: Hatterene|par
|
|upkeep
|turn|4
|
|t:|1758280455
|move|p2a: Slowking|Sludge Bomb|p1a: Hatterene
|-supereffective|p1a: Hatterene
|-damage|p1a: Hatterene|0 fnt
|faint|p1a: Hatterene
|
|upkeep
|
|t:|1758280463
|switch|p1a: Ogerpon|Ogerpon-Wellspring, F|100/100
|turn|5
|
|t:|1758280471
|-terastallize|p1a: Ogerpon|Water
|detailschange|p1a: Ogerpon|Ogerpon-Wellspring-Tera, F, tera:Water
|-ability|p1a: Ogerpon|Embody Aspect (Wellspring)|boost
|-boost|p1a: Ogerpon|spd|1
|move|p1a: Ogerpon|Swords Dance|p1a: Ogerpon
|-boost|p1a: Ogerpon|atk|2
|move|p2a: Slowking|Sludge Bomb|p1a: Ogerpon
|-damage|p1a: Ogerpon|74/100
|
|-end|p1a: Ogerpon|move: Future Sight
|-damage|p1a: Ogerpon|38/100
|upkeep
|turn|6
|
|t:|1758280484
|switch|p2a: Zapdos|Zapdos|61/100
|move|p1a: Ogerpon|Ivy Cudgel|p2a: Zapdos|[anim] Ivy Cudgel Water
|-damage|p2a: Zapdos|0 fnt
|faint|p2a: Zapdos
|
|upkeep
|
|t:|1758280492
|switch|p2a: Kingambit|Kingambit, M|100/100
|-activate|p2a: Kingambit|ability: Supreme Overlord
|-start|p2a: Kingambit|fallen1|[silent]
|turn|7
|
|t:|1758280500
|move|p1a: Ogerpon|Quick Attack|p2a: Kingambit
|-resisted|p2a: Kingambit
|-damage|p2a: Kingambit|88/100
|move|p2a: Kingambit|Kowtow Cleave|p1a: Ogerpon
|-damage|p1a: Ogerpon|0 fnt
|faint|p1a: Ogerpon
|detailschange|p1: Ogerpon|Ogerpon-Wellspring, F|[silent]
|-damage|p2a: Kingambit|78/100|[from] item: Life Orb
|
|upkeep
|
|t:|1758280510
|switch|p1a: Great Tusk|Great Tusk|100/100
|turn|8
|
|t:|1758280515
|-end|p2a: Kingambit|fallen1|[silent]
|switch|p2a: Great Tusk|Great Tusk|100/100
|move|p1a: Great Tusk|Rapid Spin|p2a: Great Tusk
|-damage|p2a: Great Tusk|90/100
|-boost|p1a: Great Tusk|spe|1
|
|-heal|p2a: Great Tusk|96/100|[from] item: Leftovers
|upkeep
|turn|9
|
|t:|1758280525
|move|p1a: Great Tusk|Earthquake|p2a: Great Tusk
|-damage|p2a: Great Tusk|63/100
|move|p2a: Great Tusk|Ice Spinner|p1a: Great Tusk
|-supereffective|p1a: Great Tusk
|-damage|p1a: Great Tusk|71/100
|-damage|p2a: Great Tusk|46/100|[from] item: Rocky Helmet|[of] p1a: Great Tusk
|
|-heal|p2a: Great Tusk|53/100|[from] item: Leftovers
|upkeep
|turn|10
|
|t:|1758280542
|-end|p2a: Great Tusk|Protosynthesis|[silent]
|switch|p2a: Garganacl|Garganacl, F|100/100
|move|p1a: Great Tusk|Earthquake|p2a: Garganacl
|-supereffective|p2a: Garganacl
|-crit|p2a: Garganacl
|-damage|p2a: Garganacl|27/100
|
|-heal|p2a: Garganacl|33/100|[from] item: Leftovers
|upkeep
|turn|11
|
|t:|1758280551
|-terastallize|p2a: Garganacl|Ghost
|move|p1a: Great Tusk|Earthquake|p2a: Garganacl
|-damage|p2a: Garganacl|12/100
|move|p2a: Garganacl|Recover|p2a: Garganacl
|-heal|p2a: Garganacl|62/100
|
|-heal|p2a: Garganacl|68/100|[from] item: Leftovers
|upkeep
|turn|12
|
|t:|1758280562
|move|p1a: Great Tusk|Earthquake|p2a: Garganacl
|-damage|p2a: Garganacl|45/100
|move|p2a: Garganacl|Salt Cure|p1a: Great Tusk
|-resisted|p1a: Great Tusk
|-damage|p1a: Great Tusk|70/100
|-start|p1a: Great Tusk|Salt Cure
|
|-heal|p2a: Garganacl|51/100|[from] item: Leftovers
|-damage|p1a: Great Tusk|57/100|[from] Salt Cure
|upkeep
|turn|13
|c|☆Red123167|That crit almost got me
|
|t:|1758280575
|-end|p1a: Great Tusk|Protosynthesis|[silent]
|switch|p1a: Gorgont|Garganacl, F, shiny|100/100
|move|p2a: Garganacl|Recover|p2a: Garganacl
|-heal|p2a: Garganacl|100/100
|
|upkeep
|turn|14
|
|t:|1758280581
|move|p1a: Gorgont|Salt Cure|p2a: Garganacl
|-damage|p2a: Garganacl|94/100
|-start|p2a: Garganacl|Salt Cure
|move|p2a: Garganacl|Stealth Rock|p1a: Gorgont
|-sidestart|p1: gtxjos|move: Stealth Rock
|
|-heal|p2a: Garganacl|99/100|[from] item: Leftovers
|-damage|p2a: Garganacl|88/100|[from] Salt Cure
|upkeep
|turn|15
|
|t:|1758280592
|switch|p1a: Cinderace|Cinderace, F, shiny|100/100
|move|p2a: Garganacl|Salt Cure|p1a: Cinderace
|-supereffective|p1a: Cinderace
|-damage|p1a: Cinderace|63/100
|-start|p1a: Cinderace|Salt Cure
|
|-heal|p2a: Garganacl|94/100|[from] item: Leftovers
|-damage|p1a: Cinderace|50/100|[from] Salt Cure
|-damage|p2a: Garganacl|81/100|[from] Salt Cure
|upkeep
|turn|16
|
|t:|1758280604
|move|p1a: Cinderace|Pyro Ball|p2a: Garganacl
|-damage|p2a: Garganacl|52/100
|move|p2a: Garganacl|Salt Cure|p1a: Cinderace
|-supereffective|p1a: Cinderace
|-damage|p1a: Cinderace|14/100
|
|-heal|p2a: Garganacl|58/100|[from] item: Leftovers
|-damage|p1a: Cinderace|1/100|[from] Salt Cure
|-damage|p2a: Garganacl|46/100|[from] Salt Cure
|upkeep
|turn|17
|
|t:|1758280614
|move|p1a: Cinderace|Pyro Ball|p2a: Garganacl
|-damage|p2a: Garganacl|19/100
|move|p2a: Garganacl|Recover|p2a: Garganacl
|-heal|p2a: Garganacl|69/100
|
|-heal|p2a: Garganacl|75/100|[from] item: Leftovers
|-damage|p1a: Cinderace|0 fnt|[from] Salt Cure
|faint|p1a: Cinderace
|-damage|p2a: Garganacl|63/100|[from] Salt Cure
|upkeep
|
|t:|1758280628
|switch|p1a: Raging Bolt|Raging Bolt|100/100
|-damage|p1a: Raging Bolt|88/100|[from] Stealth Rock
|-enditem|p1a: Raging Bolt|Booster Energy
|-activate|p1a: Raging Bolt|ability: Protosynthesis|[fromitem]
|-start|p1a: Raging Bolt|protosynthesisspa
|turn|18
|
|t:|1758280635
|switch|p2a: Great Tusk|Great Tusk|53/100
|move|p1a: Raging Bolt|Calm Mind|p1a: Raging Bolt
|-boost|p1a: Raging Bolt|spa|1
|-boost|p1a: Raging Bolt|spd|1
|
|-heal|p2a: Great Tusk|59/100|[from] item: Leftovers
|upkeep
|turn|19
|
|t:|1758280644
|move|p2a: Great Tusk|Headlong Rush|p1a: Raging Bolt
|-supereffective|p1a: Raging Bolt
|-damage|p1a: Raging Bolt|0 fnt
|-unboost|p2a: Great Tusk|def|1
|-unboost|p2a: Great Tusk|spd|1
|faint|p1a: Raging Bolt
|-end|p1a: Raging Bolt|Protosynthesis|[silent]
|
|-heal|p2a: Great Tusk|65/100|[from] item: Leftovers
|upkeep
|-message|gtxjos forfeited.
|
|win|Red123167
|raw|gtxjos's rating: 1341 &rarr; <strong>1320</strong><br />(-21 for losing)
|raw|Red123167's rating: 1325 &rarr; <strong>1346</strong><br />(+21 for winning)
|l|☆gtxjos
|player|p1|
