|inactive|Battle timer is ON: inactive players will automatically lose when time's up.
|badge|p1|bronze|gen9lc|100-6
|uhtml|medal-msg|<div class="broadcast-blue">Curious what those medals under the avatar are? PS now has Ladder Seasons! For more information, check out the <a href="https://www.smogon.com/forums/threads/3740067/">thread on Smogon.</a></div>
|t:|1758315670
|gametype|singles
|player|p1|mipc|102|
|player|p2|sire clod|#scl5machines|
|gen|9
|tier|[Gen 9] OU
|rule|HP Percentage Mod: HP is shown in percentages
|rule|Endless Battle Clause: Forcing endless battles is banned
|rule|Species Clause: Limit one of each Pokémon
|rule|OHKO Clause: OHKO moves are banned
|rule|Evasion Items Clause: Evasion items are banned
|rule|Evasion Moves Clause: Evasion moves are banned
|rule|Evasion Abilities Clause: Evasion abilities are banned
|rule|Sleep Moves Clause: Sleep-inducing moves are banned
|clearpoke
|poke|p1|Kyurem|
|poke|p1|Slowking-Galar, F|
|poke|p1|Skarmory, F|
|poke|p1|Clefable, F|
|poke|p1|Dragapult, M|
|poke|p1|Great Tusk|
|poke|p2|Rillaboom, M|
|poke|p2|Fezandipiti, M|
|poke|p2|Samurott-Hisui, M|
|poke|p2|Cobalion|
|poke|p2|Gliscor, F|
|poke|p2|Dragapult, M|
|teampreview
|c|☆sire clod|hf
|c|☆mipc|hf
|inactive|mipc has 270 seconds left.
|inactive|sire clod has 270 seconds left.
|
|t:|1758315723
|teamsize|p1|6
|teamsize|p2|6
|start
|switch|p1a: Clefable|Clefable, F|100/100
|switch|p2a: Dragapult|Dragapult, M|100/100
|turn|1
|
|t:|1758315728
|switch|p2a: Cobalion|Cobalion|100/100
|move|p1a: Clefable|Stealth Rock|p2a: Cobalion
|-sidestart|p2: sire clod|move: Stealth Rock
|
|upkeep
|turn|2
|
|t:|1758315735
|switch|p1a: Dragapult|Dragapult, M|100/100
|move|p2a: Cobalion|Stealth Rock|p1a: Dragapult
|-sidestart|p1: mipc|move: Stealth Rock
|
|upkeep
|turn|3
|
|t:|1758315745
|switch|p1a: Great Tusk|Great Tusk|100/100
|move|p2a: Cobalion|Thunder Wave|p1a: Great Tusk
|-immune|p1a: Great Tusk
|
|upkeep
|turn|4
|
|t:|1758315761
|move|p1a: Great Tusk|Knock Off|p2a: Cobalion
|-resisted|p2a: Cobalion
|-damage|p2a: Cobalion|91/100
|-damage|p1a: Great Tusk|84/100|[from] item: Rocky Helmet|[of] p2a: Cobalion
|-ability|p2a: Cobalion|Justified|boost
|-boost|p2a: Cobalion|atk|1
|-enditem|p2a: Cobalion|Rocky Helmet|[from] move: Knock Off|[of] p1a: Great Tusk
|move|p2a: Cobalion|Flash Cannon|p1a: Great Tusk
|-damage|p1a: Great Tusk|42/100
|
|upkeep
|turn|5
|
|t:|1758315773
|move|p1a: Great Tusk|Headlong Rush|p2a: Cobalion
|-supereffective|p2a: Cobalion
|-damage|p2a: Cobalion|20/100
|-unboost|p1a: Great Tusk|def|1
|-unboost|p1a: Great Tusk|spd|1
|move|p2a: Cobalion|Flash Cannon|p1a: Great Tusk
|-damage|p1a: Great Tusk|0 fnt
|faint|p1a: Great Tusk
|-end|p1a: Great Tusk|Protosynthesis|[silent]
|
|upkeep
|
|t:|1758315784
|switch|p1a: Dragapult|Dragapult, M|100/100
|turn|6
|
|t:|1758315795
|move|p1a: Dragapult|Hex|p2a: Cobalion
|-damage|p2a: Cobalion|0 fnt
|faint|p2a: Cobalion
|
|upkeep
|
|t:|1758315815
|switch|p2a: Gliscor|Gliscor, F|100/100
|-damage|p2a: Gliscor|88/100|[from] Stealth Rock
|turn|7
|
|t:|1758315819
|switch|p1a: Kyurem|Kyurem|100/100
|-damage|p1a: Kyurem|76/100|[from] Stealth Rock
|-ability|p1a: Kyurem|Pressure
|move|p2a: Gliscor|Protect||[still]
|-fail|p2a: Gliscor
|
|-status|p2a: Gliscor|tox|[from] item: Toxic Orb
|upkeep
|turn|8
|
|t:|1758315839
|-terastallize|p2a: Gliscor|Normal
|move|p2a: Gliscor|Knock Off|p1a: Kyurem
|-damage|p1a: Kyurem|56/100
|-enditem|p1a: Kyurem|Choice Specs|[from] move: Knock Off|[of] p2a: Gliscor
|move|p1a: Kyurem|Ice Beam|p2a: Gliscor
|-damage|p2a: Gliscor|27/100 tox
|
|-heal|p2a: Gliscor|39/100 tox|[from] ability: Poison Heal
|upkeep
|turn|9
|
|t:|1758315846
|move|p2a: Gliscor|Protect|p2a: Gliscor
|-singleturn|p2a: Gliscor|Protect
|move|p1a: Kyurem|Ice Beam|p2a: Gliscor
|-activate|p2a: Gliscor|move: Protect
|
|-heal|p2a: Gliscor|52/100 tox|[from] ability: Poison Heal
|upkeep
|turn|10
|
|t:|1758315856
|switch|p2a: Rillaboom|Rillaboom, M|100/100
|-damage|p2a: Rillaboom|88/100|[from] Stealth Rock
|-fieldstart|move: Grassy Terrain|[from] ability: Grassy Surge|[of] p2a: Rillaboom
|move|p1a: Kyurem|Earth Power|p2a: Rillaboom
|-resisted|p2a: Rillaboom
|-damage|p2a: Rillaboom|72/100
|
|-heal|p1a: Kyurem|62/100|[from] Grassy Terrain
|-heal|p2a: Rillaboom|78/100|[from] Grassy Terrain
|upkeep
|turn|11
|
|t:|1758315866
|move|p1a: Kyurem|Ice Beam|p2a: Rillaboom
|-supereffective|p2a: Rillaboom
|-damage|p2a: Rillaboom|0 fnt
|faint|p2a: Rillaboom
|
|-heal|p1a: Kyurem|68/100|[from] Grassy Terrain
|upkeep
|
|t:|1758315868
|switch|p2a: Fezandipiti|Fezandipiti, M|100/100
|-damage|p2a: Fezandipiti|88/100|[from] Stealth Rock
|-enditem|p2a: Fezandipiti|Grassy Seed
|-boost|p2a: Fezandipiti|def|1|[from] item: Grassy Seed
|turn|12
|
|t:|1758315882
|move|p2a: Fezandipiti|Calm Mind|p2a: Fezandipiti
|-boost|p2a: Fezandipiti|spa|1
|-boost|p2a: Fezandipiti|spd|1
|move|p1a: Kyurem|Earth Power|p2a: Fezandipiti
|-supereffective|p2a: Fezandipiti
|-damage|p2a: Fezandipiti|53/100
|
|-heal|p2a: Fezandipiti|59/100|[from] Grassy Terrain
|-heal|p1a: Kyurem|74/100|[from] Grassy Terrain
|upkeep
|turn|13
|
|t:|1758315896
|switch|p1a: Slowking|Slowking-Galar, F|100/100
|move|p2a: Fezandipiti|Calm Mind|p2a: Fezandipiti
|-boost|p2a: Fezandipiti|spa|1
|-boost|p2a: Fezandipiti|spd|1
|
|-heal|p2a: Fezandipiti|66/100|[from] Grassy Terrain
|upkeep
|turn|14
|
|t:|1758315921
|move|p2a: Fezandipiti|Taunt|p1a: Slowking
|-start|p1a: Slowking|move: Taunt
|move|p1a: Slowking|Future Sight|p2a: Fezandipiti
|-start|p1a: Slowking|move: Future Sight
|
|-heal|p2a: Fezandipiti|72/100|[from] Grassy Terrain
|upkeep
|turn|15
|
|t:|1758315924
|move|p2a: Fezandipiti|Calm Mind|p2a: Fezandipiti
|-boost|p2a: Fezandipiti|spa|1
|-boost|p2a: Fezandipiti|spd|1
|move|p1a: Slowking|Sludge Bomb|p2a: Fezandipiti
|-damage|p2a: Fezandipiti|61/100
|
|-heal|p2a: Fezandipiti|67/100|[from] Grassy Terrain
|upkeep
|turn|16
|
|t:|1758315932
|move|p2a: Fezandipiti|Calm Mind|p2a: Fezandipiti
|-boost|p2a: Fezandipiti|spa|1
|-boost|p2a: Fezandipiti|spd|1
|move|p1a: Slowking|Sludge Bomb|p2a: Fezandipiti
|-damage|p2a: Fezandipiti|58/100
|
|-end|p2a: Fezandipiti|move: Future Sight
|-supereffective|p2a: Fezandipiti
|-damage|p2a: Fezandipiti|34/100
|-heal|p2a: Fezandipiti|40/100|[from] Grassy Terrain
|-end|p1a: Slowking|move: Taunt
|upkeep
|turn|17
|
|t:|1758315941
|move|p2a: Fezandipiti|Taunt|p1a: Slowking
|-start|p1a: Slowking|move: Taunt
|move|p1a: Slowking|Future Sight|p2a: Fezandipiti
|-start|p1a: Slowking|move: Future Sight
|
|-heal|p2a: Fezandipiti|46/100|[from] Grassy Terrain
|-fieldend|move: Grassy Terrain
|upkeep
|turn|18
|
|t:|1758315946
|move|p2a: Fezandipiti|Roost|p2a: Fezandipiti
|-heal|p2a: Fezandipiti|96/100
|-singleturn|p2a: Fezandipiti|move: Roost
|move|p1a: Slowking|Sludge Bomb|p2a: Fezandipiti
|-damage|p2a: Fezandipiti|87/100
|
|upkeep
|turn|19
|
|t:|1758315951
|move|p2a: Fezandipiti|Calm Mind|p2a: Fezandipiti
|-boost|p2a: Fezandipiti|spa|1
|-boost|p2a: Fezandipiti|spd|1
|move|p1a: Slowking|Sludge Bomb|p2a: Fezandipiti
|-damage|p2a: Fezandipiti|80/100
|
|-end|p2a: Fezandipiti|move: Future Sight
|-supereffective|p2a: Fezandipiti
|-damage|p2a: Fezandipiti|61/100
|-end|p1a: Slowking|move: Taunt
|upkeep
|turn|20
|
|t:|1758315954
|move|p2a: Fezandipiti|Calm Mind|p2a: Fezandipiti
|-boost|p2a: Fezandipiti|spa|1
|-boost|p2a: Fezandipiti|spd|1
|move|p1a: Slowking|Future Sight|p2a: Fezandipiti
|-start|p1a: Slowking|move: Future Sight
|
|upkeep
|turn|21
|
|t:|1758315957
|move|p2a: Fezandipiti|Roost|p2a: Fezandipiti
|-heal|p2a: Fezandipiti|100/100
|-singleturn|p2a: Fezandipiti|move: Roost
|move|p1a: Slowking|Sludge Bomb|p2a: Fezandipiti
|-damage|p2a: Fezandipiti|94/100
|
|upkeep
|turn|22
|
|t:|1758315960
|move|p2a: Fezandipiti|Moonblast|p1a: Slowking
|-resisted|p1a: Slowking
|-damage|p1a: Slowking|70/100
|move|p1a: Slowking|Sludge Bomb|p2a: Fezandipiti
|-damage|p2a: Fezandipiti|88/100
|
|-end|p2a: Fezandipiti|move: Future Sight
|-supereffective|p2a: Fezandipiti
|-damage|p2a: Fezandipiti|72/100
|upkeep
|turn|23
|
|t:|1758315965
|move|p2a: Fezandipiti|Moonblast|p1a: Slowking
|-resisted|p1a: Slowking
|-damage|p1a: Slowking|37/100
|move|p1a: Slowking|Future Sight|p2a: Fezandipiti
|-start|p1a: Slowking|move: Future Sight
|
|upkeep
|turn|24
|inactive|sire clod has 270 seconds left.
|
|t:|1758315999
|move|p2a: Fezandipiti|Taunt|p1a: Slowking
|-start|p1a: Slowking|move: Taunt
|cant|p1a: Slowking|move: Taunt|Slack Off
|
|upkeep
|turn|25
|inactive|sire clod has 270 seconds left.
|
|t:|1758316011
|move|p2a: Fezandipiti|Roost|p2a: Fezandipiti
|-heal|p2a: Fezandipiti|100/100
|-singleturn|p2a: Fezandipiti|move: Roost
|move|p1a: Slowking|Sludge Bomb|p2a: Fezandipiti
|-damage|p2a: Fezandipiti|94/100
|
|-end|p2a: Fezandipiti|move: Future Sight
|-supereffective|p2a: Fezandipiti
|-damage|p2a: Fezandipiti|78/100
|upkeep
|turn|26
|
|t:|1758316015
|move|p2a: Fezandipiti|Moonblast|p1a: Slowking
|-resisted|p1a: Slowking
|-damage|p1a: Slowking|6/100
|move|p1a: Slowking|Future Sight|p2a: Fezandipiti
|-start|p1a: Slowking|move: Future Sight
|
|-end|p1a: Slowking|move: Taunt
|upkeep
|turn|27
|
|t:|1758316024
|move|p2a: Fezandipiti|Taunt|p1a: Slowking
|-start|p1a: Slowking|move: Taunt
|move|p1a: Slowking|Sludge Bomb|p2a: Fezandipiti
|-damage|p2a: Fezandipiti|72/100
|
|upkeep
|turn|28
|
|t:|1758316030
|move|p2a: Fezandipiti|Roost|p2a: Fezandipiti
|-heal|p2a: Fezandipiti|100/100
|-singleturn|p2a: Fezandipiti|move: Roost
|move|p1a: Slowking|Sludge Bomb|p2a: Fezandipiti
|-damage|p2a: Fezandipiti|94/100
|
|-end|p2a: Fezandipiti|move: Future Sight
|-supereffective|p2a: Fezandipiti
|-damage|p2a: Fezandipiti|76/100
|upkeep
|turn|29
|
|t:|1758316034
|move|p2a: Fezandipiti|Moonblast|p1a: Slowking
|-resisted|p1a: Slowking
|-damage|p1a: Slowking|0 fnt
|faint|p1a: Slowking
|
|upkeep
|c|☆mipc|gg
|-message|mipc forfeited.
|
|win|sire clod
|player|p1|
|c|☆sire clod|gg
