|j|☆mmmspicy69
|j|☆whichjuanz
|t:|1758318316
|gametype|singles
|player|p1|mmmspicy69|169|1498
|player|p2|whichjuanz|hiker-gen4|1448
|gen|9
|tier|[Gen 9] OU
|rated|
|rule|HP Percentage Mod: HP is shown in percentages
|rule|Endless Battle Clause: Forcing endless battles is banned
|rule|Species Clause: Limit one of each Pokémon
|rule|OHKO Clause: OHKO moves are banned
|rule|Evasion Items Clause: Evasion items are banned
|rule|Evasion Moves Clause: Evasion moves are banned
|rule|Evasion Abilities Clause: Evasion abilities are banned
|rule|Sleep Moves Clause: Sleep-inducing moves are banned
|clearpoke
|poke|p1|Great Tusk|
|poke|p1|Gliscor, M|
|poke|p1|Zamazenta-*|
|poke|p1|Hatterene, F|
|poke|p1|Dragapult, M|
|poke|p1|Braviary-Hisui, M|
|poke|p2|Brambleghast, F|
|poke|p2|Pawmot, F|
|poke|p2|Shiftry, M|
|poke|p2|Araquanid, M|
|poke|p2|Rotom-Wash|
|poke|p2|Slither Wing|
|teampreview
|inactive|Battle timer is ON: inactive players will automatically lose when time's up. (requested by whichjuanz)
|c|☆mmmspicy69|I love araquanit and brambleghast
|
|t:|1758318344
|teamsize|p1|6
|teamsize|p2|6
|start
|switch|p1a: Braviary|Braviary-Hisui, M|100/100
|switch|p2a: Shiftry|Shiftry, M|100/100
|turn|1
|
|t:|1758318351
|move|p2a: Shiftry|Tailwind|p2a: Shiftry
|-sidestart|p2: whichjuanz|move: Tailwind
|-ability|p2a: Shiftry|Wind Rider|boost
|-boost|p2a: Shiftry|atk|1
|move|p1a: Braviary|Air Slash|p2a: Shiftry
|-supereffective|p2a: Shiftry
|-crit|p2a: Shiftry
|-enditem|p2a: Shiftry|Focus Sash
|-damage|p2a: Shiftry|1/100
|
|upkeep
|turn|2
|
|t:|1758318359
|switch|p1a: Zamazenta|Zamazenta|100/100
|-ability|p1a: Zamazenta|Dauntless Shield|boost
|-boost|p1a: Zamazenta|def|1
|move|p2a: Shiftry|Explosion|p1a: Zamazenta
|-damage|p1a: Zamazenta|34/100
|faint|p2a: Shiftry
|
|upkeep
|inactive|whichjuanz has 120 seconds left.
|
|t:|1758318399
|switch|p2a: Araquanid|Araquanid, M|100/100
|turn|3
|
|t:|1758318403
|move|p1a: Zamazenta|Rest|p1a: Zamazenta
|-status|p1a: Zamazenta|slp|[from] move: Rest
|-heal|p1a: Zamazenta|100/100 slp|[silent]
|-enditem|p1a: Zamazenta|Chesto Berry|[eat]
|-curestatus|p1a: Zamazenta|slp|[msg]
|move|p2a: Araquanid|Sticky Web|p1a: Zamazenta
|-sidestart|p1: mmmspicy69|move: Sticky Web
|
|upkeep
|turn|4
|
|t:|1758318421
|move|p1a: Zamazenta|Iron Defense|p1a: Zamazenta
|-boost|p1a: Zamazenta|def|2
|move|p2a: Araquanid|Rain Dance|p2a: Araquanid
|-weather|RainDance
|
|-weather|RainDance|[upkeep]
|-sideend|p2: whichjuanz|move: Tailwind
|upkeep
|turn|5
|
|t:|1758318428
|move|p1a: Zamazenta|Body Press|p2a: Araquanid
|-resisted|p2a: Araquanid
|-damage|p2a: Araquanid|60/100
|move|p2a: Araquanid|Liquidation|p1a: Zamazenta
|-damage|p1a: Zamazenta|67/100
|
|-weather|RainDance|[upkeep]
|upkeep
|turn|6
|
|t:|1758318433
|move|p1a: Zamazenta|Body Press|p2a: Araquanid
|-resisted|p2a: Araquanid
|-damage|p2a: Araquanid|21/100
|move|p2a: Araquanid|Liquidation|p1a: Zamazenta
|-damage|p1a: Zamazenta|38/100
|
|-weather|RainDance|[upkeep]
|upkeep
|turn|7
|-enditem|p2a: Araquanid|Custap Berry|[eat]
|-activate|p2a: Araquanid|item: Custap Berry|[consumed]
|
|t:|1758318444
|-terastallize|p2a: Araquanid|Water
|move|p2a: Araquanid|Liquidation|p1a: Zamazenta
|-damage|p1a: Zamazenta|0 fnt
|faint|p1a: Zamazenta
|
|-weather|RainDance|[upkeep]
|upkeep
|
|t:|1758318453
|switch|p1a: Braviary|Braviary-Hisui, M|100/100
|turn|8
|
|t:|1758318472
|move|p1a: Braviary|Psychic|p2a: Araquanid
|-damage|p2a: Araquanid|0 fnt
|faint|p2a: Araquanid
|
|-weather|none
|upkeep
|
|t:|1758318479
|switch|p2a: Brambleghast|Brambleghast, F|100/100
|turn|9
|
|t:|1758318493
|-terastallize|p1a: Braviary|Psychic
|move|p2a: Brambleghast|Poltergeist|p1a: Braviary
|-activate|p1a: Braviary|move: Poltergeist|Life Orb
|-supereffective|p1a: Braviary
|-damage|p1a: Braviary|0 fnt
|faint|p1a: Braviary
|-damage|p2a: Brambleghast|91/100|[from] item: Life Orb
|
|upkeep
|
|t:|1758318506
|switch|p1a: Great Tusk|Great Tusk|100/100
|-activate|p1a: Great Tusk|move: Sticky Web
|-unboost|p1a: Great Tusk|spe|1
|-enditem|p1a: Great Tusk|Booster Energy
|-activate|p1a: Great Tusk|ability: Protosynthesis|[fromitem]
|-start|p1a: Great Tusk|protosynthesisatk
|turn|10
|
|t:|1758318508
|move|p2a: Brambleghast|Power Whip|p1a: Great Tusk
|-supereffective|p1a: Great Tusk
|-damage|p1a: Great Tusk|0 fnt
|faint|p1a: Great Tusk
|-end|p1a: Great Tusk|Protosynthesis|[silent]
|-damage|p2a: Brambleghast|81/100|[from] item: Life Orb
|
|upkeep
|
|t:|1758318512
|switch|p1a: Gliscor|Gliscor, M|100/100
|turn|11
|
|t:|1758318516
|move|p2a: Brambleghast|Power Whip|p1a: Gliscor|[miss]
|-miss|p2a: Brambleghast|p1a: Gliscor
|move|p1a: Gliscor|Swords Dance|p1a: Gliscor
|-boost|p1a: Gliscor|atk|2
|
|-status|p1a: Gliscor|tox|[from] item: Toxic Orb
|upkeep
|turn|12
|
|t:|1758318523
|move|p2a: Brambleghast|Power Whip|p1a: Gliscor
|-damage|p1a: Gliscor|47/100 tox
|-damage|p2a: Brambleghast|71/100|[from] item: Life Orb
|move|p1a: Gliscor|Knock Off|p2a: Brambleghast
|-supereffective|p2a: Brambleghast
|-damage|p2a: Brambleghast|0 fnt
|-enditem|p2a: Brambleghast|Life Orb|[from] move: Knock Off|[of] p1a: Gliscor
|faint|p2a: Brambleghast
|
|-heal|p1a: Gliscor|60/100 tox|[from] ability: Poison Heal
|upkeep
|
|t:|1758318527
|switch|p2a: Rotom|Rotom-Wash|100/100
|turn|13
|
|t:|1758318537
|move|p1a: Gliscor|Protect|p1a: Gliscor
|-singleturn|p1a: Gliscor|Protect
|move|p2a: Rotom|Hydro Pump|p1a: Gliscor
|-activate|p1a: Gliscor|move: Protect
|
|-heal|p1a: Gliscor|72/100 tox|[from] ability: Poison Heal
|upkeep
|turn|14
|
|t:|1758318549
|switch|p1a: Dragapult|Dragapult, M|100/100
|-activate|p1a: Dragapult|move: Sticky Web
|-unboost|p1a: Dragapult|spe|1
|move|p2a: Rotom|Hydro Pump|p1a: Dragapult
|-resisted|p1a: Dragapult
|-damage|p1a: Dragapult|75/100
|-start|p2a: Rotom|Disable|Hydro Pump|[from] ability: Cursed Body|[of] p1a: Dragapult
|
|upkeep
|turn|15
|
|t:|1758318557
|move|p1a: Dragapult|U-turn|p2a: Rotom
|-damage|p2a: Rotom|88/100
|
|t:|1758318559
|switch|p1a: Hatterene|Hatterene, F|100/100|[from] U-turn
|-activate|p1a: Hatterene|move: Sticky Web
|-unboost|p1a: Hatterene|spe|1
|move|p2a: Rotom|Pain Split|p1a: Hatterene
|-sethp|p1a: Hatterene|100/100|[from] move: Pain Split|[silent]
|-sethp|p2a: Rotom|86/100|[from] move: Pain Split
|
|-heal|p2a: Rotom|92/100|[from] item: Leftovers
|upkeep
|turn|16
|
|t:|1758318568
|move|p2a: Rotom|Volt Switch|p1a: Hatterene
|-damage|p1a: Hatterene|66/100
|
|t:|1758318571
|switch|p2a: Pawmot|Pawmot, F|100/100|[from] Volt Switch
|-item|p2a: Pawmot|Air Balloon
|move|p1a: Hatterene|Calm Mind|p1a: Hatterene
|-boost|p1a: Hatterene|spa|1
|-boost|p1a: Hatterene|spd|1
|
|-heal|p1a: Hatterene|72/100|[from] item: Leftovers
|upkeep
|turn|17
|
|t:|1758318578
|move|p2a: Pawmot|Wild Charge|p1a: Hatterene
|-damage|p1a: Hatterene|17/100
|-damage|p2a: Pawmot|88/100|[from] Recoil
|move|p1a: Hatterene|Draining Kiss|p2a: Pawmot
|-supereffective|p2a: Pawmot
|-damage|p2a: Pawmot|0 fnt
|-heal|p1a: Hatterene|90/100|[from] drain|[of] p2a: Pawmot
|-enditem|p2a: Pawmot|Air Balloon
|faint|p2a: Pawmot
|
|-heal|p1a: Hatterene|95/100|[from] item: Leftovers
|upkeep
|
|t:|1758318582
|switch|p2a: Slither Wing|Slither Wing|100/100
|-enditem|p2a: Slither Wing|Booster Energy
|-activate|p2a: Slither Wing|ability: Protosynthesis|[fromitem]
|-start|p2a: Slither Wing|protosynthesisspd
|turn|18
|
|t:|1758318594
|move|p2a: Slither Wing|Bulk Up|p2a: Slither Wing
|-boost|p2a: Slither Wing|atk|1
|-boost|p2a: Slither Wing|def|1
|move|p1a: Hatterene|Draining Kiss|p2a: Slither Wing
|-supereffective|p2a: Slither Wing
|-damage|p2a: Slither Wing|52/100
|-heal|p1a: Hatterene|100/100|[from] drain|[of] p2a: Slither Wing
|
|upkeep
|turn|19
|
|t:|1758318600
|move|p2a: Slither Wing|Leech Life|p1a: Hatterene
|-damage|p1a: Hatterene|46/100
|-heal|p2a: Slither Wing|71/100|[from] drain|[of] p1a: Hatterene
|move|p1a: Hatterene|Mystical Fire|p2a: Slither Wing
|-supereffective|p2a: Slither Wing
|-damage|p2a: Slither Wing|24/100
|-unboost|p2a: Slither Wing|spa|1
|
|-heal|p1a: Hatterene|52/100|[from] item: Leftovers
|upkeep
|turn|20
|
|t:|1758318611
|move|p2a: Slither Wing|Leech Life|p1a: Hatterene
|-damage|p1a: Hatterene|0 fnt
|-heal|p2a: Slither Wing|42/100|[from] drain|[of] p1a: Hatterene
|faint|p1a: Hatterene
|
|upkeep
|
|t:|1758318616
|switch|p1a: Dragapult|Dragapult, M|75/100
|-activate|p1a: Dragapult|move: Sticky Web
|-unboost|p1a: Dragapult|spe|1
|turn|21
|
|t:|1758318623
|move|p1a: Dragapult|Flamethrower|p2a: Slither Wing
|-supereffective|p2a: Slither Wing
|-damage|p2a: Slither Wing|6/100
|move|p2a: Slither Wing|Morning Sun|p2a: Slither Wing
|-heal|p2a: Slither Wing|56/100
|
|upkeep
|turn|22
|
|t:|1758318628
|switch|p1a: Gliscor|Gliscor, M|72/100 tox
|move|p2a: Slither Wing|Morning Sun|p2a: Slither Wing
|-heal|p2a: Slither Wing|100/100
|
|-heal|p1a: Gliscor|85/100 tox|[from] ability: Poison Heal
|upkeep
|turn|23
|
|t:|1758318633
|move|p1a: Gliscor|Swords Dance|p1a: Gliscor
|-boost|p1a: Gliscor|atk|2
|move|p2a: Slither Wing|Bulk Up|p2a: Slither Wing
|-boost|p2a: Slither Wing|atk|1
|-boost|p2a: Slither Wing|def|1
|
|-heal|p1a: Gliscor|97/100 tox|[from] ability: Poison Heal
|upkeep
|turn|24
|
|t:|1758318637
|move|p1a: Gliscor|Swords Dance|p1a: Gliscor
|-boost|p1a: Gliscor|atk|2
|move|p2a: Slither Wing|Flame Charge|p1a: Gliscor
|-damage|p1a: Gliscor|76/100 tox
|-boost|p2a: Slither Wing|spe|1
|
|-heal|p1a: Gliscor|88/100 tox|[from] ability: Poison Heal
|upkeep
|turn|25
|
|t:|1758318642
|move|p2a: Slither Wing|Bulk Up|p2a: Slither Wing
|-boost|p2a: Slither Wing|atk|1
|-boost|p2a: Slither Wing|def|1
|move|p1a: Gliscor|Swords Dance|p1a: Gliscor
|-boost|p1a: Gliscor|atk|2
|
|-heal|p1a: Gliscor|100/100 tox|[from] ability: Poison Heal
|upkeep
|turn|26
|
|t:|1758318647
|move|p2a: Slither Wing|Bulk Up|p2a: Slither Wing
|-boost|p2a: Slither Wing|atk|1
|-boost|p2a: Slither Wing|def|1
|move|p1a: Gliscor|Facade|p2a: Slither Wing
|-damage|p2a: Slither Wing|48/100
|
|upkeep
|turn|27
|
|t:|1758318657
|move|p2a: Slither Wing|Bulk Up|p2a: Slither Wing
|-boost|p2a: Slither Wing|atk|1
|-boost|p2a: Slither Wing|def|1
|move|p1a: Gliscor|Facade|p2a: Slither Wing
|-damage|p2a: Slither Wing|9/100
|
|upkeep
|turn|28
|
|t:|1758318662
|move|p2a: Slither Wing|Morning Sun|p2a: Slither Wing
|-heal|p2a: Slither Wing|59/100
|move|p1a: Gliscor|Facade|p2a: Slither Wing
|-damage|p2a: Slither Wing|18/100
|
|upkeep
|turn|29
|
|t:|1758318667
|move|p2a: Slither Wing|Morning Sun|p2a: Slither Wing
|-heal|p2a: Slither Wing|68/100
|move|p1a: Gliscor|Facade|p2a: Slither Wing
|-damage|p2a: Slither Wing|27/100
|
|upkeep
|turn|30
|
|t:|1758318673
|move|p2a: Slither Wing|Morning Sun|p2a: Slither Wing
|-heal|p2a: Slither Wing|77/100
|move|p1a: Gliscor|Facade|p2a: Slither Wing
|-damage|p2a: Slither Wing|35/100
|
|upkeep
|turn|31
|
|t:|1758318678
|move|p2a: Slither Wing|Morning Sun|p2a: Slither Wing
|-heal|p2a: Slither Wing|85/100
|move|p1a: Gliscor|Facade|p2a: Slither Wing
|-damage|p2a: Slither Wing|45/100
|
|upkeep
|turn|32
|
|t:|1758318688
|move|p2a: Slither Wing|Bulk Up|p2a: Slither Wing
|-boost|p2a: Slither Wing|atk|1
|-boost|p2a: Slither Wing|def|1
|move|p1a: Gliscor|Facade|p2a: Slither Wing
|-damage|p2a: Slither Wing|8/100
|
|upkeep
|turn|33
|l|☆mmmspicy69
|inactive|mmmspicy69 disconnected and has a minute to reconnect!
|player|p1|
|j|☆mmmspicy69
|inactive|mmmspicy69 reconnected and has 145 seconds left.
|player|p1|mmmspicy69|169|
|
|t:|1758318699
|move|p2a: Slither Wing|Morning Sun|p2a: Slither Wing
|-heal|p2a: Slither Wing|58/100
|move|p1a: Gliscor|Facade|p2a: Slither Wing
|-damage|p2a: Slither Wing|18/100
|
|upkeep
|turn|34
|
|t:|1758318706
|move|p2a: Slither Wing|Morning Sun|p2a: Slither Wing
|-heal|p2a: Slither Wing|68/100
|move|p1a: Gliscor|Facade|p2a: Slither Wing
|-damage|p2a: Slither Wing|34/100
|
|upkeep
|turn|35
|
|t:|1758318711
|move|p2a: Slither Wing|Leech Life|p1a: Gliscor
|-resisted|p1a: Gliscor
|-damage|p1a: Gliscor|51/100 tox
|-heal|p2a: Slither Wing|57/100|[from] drain|[of] p1a: Gliscor
|move|p1a: Gliscor|Facade|p2a: Slither Wing
|-damage|p2a: Slither Wing|18/100
|
|-heal|p1a: Gliscor|64/100 tox|[from] ability: Poison Heal
|upkeep
|turn|36
|
|t:|1758318719
|move|p1a: Gliscor|Protect|p1a: Gliscor
|-singleturn|p1a: Gliscor|Protect
|move|p2a: Slither Wing|Leech Life|p1a: Gliscor
|-activate|p1a: Gliscor|move: Protect
|
|-heal|p1a: Gliscor|76/100 tox|[from] ability: Poison Heal
|upkeep
|turn|37
|
|t:|1758318722
|move|p2a: Slither Wing|Leech Life|p1a: Gliscor
|-resisted|p1a: Gliscor
|-damage|p1a: Gliscor|26/100 tox
|-heal|p2a: Slither Wing|42/100|[from] drain|[of] p1a: Gliscor
|move|p1a: Gliscor|Facade|p2a: Slither Wing
|-damage|p2a: Slither Wing|3/100
|
|-heal|p1a: Gliscor|39/100 tox|[from] ability: Poison Heal
|upkeep
|turn|38
|
|t:|1758318732
|move|p1a: Gliscor|Protect|p1a: Gliscor
|-singleturn|p1a: Gliscor|Protect
|move|p2a: Slither Wing|Leech Life|p1a: Gliscor
|-activate|p1a: Gliscor|move: Protect
|
|-heal|p1a: Gliscor|51/100 tox|[from] ability: Poison Heal
|upkeep
|turn|39
|
|t:|1758318739
|move|p2a: Slither Wing|Leech Life|p1a: Gliscor
|-resisted|p1a: Gliscor
|-damage|p1a: Gliscor|4/100 tox
|-heal|p2a: Slither Wing|26/100|[from] drain|[of] p1a: Gliscor
|move|p1a: Gliscor|Facade|p2a: Slither Wing
|-damage|p2a: Slither Wing|0 fnt
|faint|p2a: Slither Wing
|-end|p2a: Slither Wing|Protosynthesis|[silent]
|
|-heal|p1a: Gliscor|16/100 tox|[from] ability: Poison Heal
|upkeep
|
|t:|1758318742
|switch|p2a: Rotom|Rotom-Wash|92/100
|turn|40
|
|t:|1758318748
|move|p1a: Gliscor|Protect|p1a: Gliscor
|-singleturn|p1a: Gliscor|Protect
|move|p2a: Rotom|Hydro Pump|p1a: Gliscor
|-activate|p1a: Gliscor|move: Protect
|
|-heal|p2a: Rotom|99/100|[from] item: Leftovers
|-heal|p1a: Gliscor|29/100 tox|[from] ability: Poison Heal
|upkeep
|turn|41
|
|t:|1758318752
|move|p1a: Gliscor|Facade|p2a: Rotom
|-damage|p2a: Rotom|0 fnt
|faint|p2a: Rotom
|
|win|mmmspicy69
|raw|mmmspicy69's rating: 1498 &rarr; <strong>1515</strong><br />(+17 for winning)
|raw|whichjuanz's rating: 1448 &rarr; <strong>1431</strong><br />(-17 for losing)
|l|☆mmmspicy69
|player|p1|
|l|☆whichjuanz
|player|p2|
