|j|☆ErickToy
|j|☆lucario_1254
|t:|1758334513
|gametype|singles
|player|p1|ErickToy|riley|1195
|player|p2|lucario_1254|102|1168
|gen|9
|tier|[Gen 9] OU
|rated|
|rule|HP Percentage Mod: HP is shown in percentages
|rule|Endless Battle Clause: Forcing endless battles is banned
|rule|Species Clause: Limit one of each Pokémon
|rule|OHKO Clause: OHKO moves are banned
|rule|Evasion Items Clause: Evasion items are banned
|rule|Evasion Moves Clause: Evasion moves are banned
|rule|Evasion Abilities Clause: Evasion abilities are banned
|rule|Sleep Moves Clause: Sleep-inducing moves are banned
|clearpoke
|poke|p1|Blaziken, M|
|poke|p1|Darkrai|
|poke|p1|Scizor, M|
|poke|p1|Ninetales-Alola, F|
|poke|p1|Weezing-Galar, M|
|poke|p1|Rotom-Wash|
|poke|p2|Torterra, F|
|poke|p2|Moltres|
|poke|p2|Iron Leaves|
|poke|p2|Iron Treads|
|poke|p2|Flareon, M|
|poke|p2|Rotom-Wash|
|teampreview
|inactive|Battle timer is ON: inactive players will automatically lose when time's up. (requested by ErickToy)
|
|t:|1758334521
|teamsize|p1|6
|teamsize|p2|6
|start
|switch|p1a: Rotom|Rotom-Wash|100/100
|switch|p2a: Flareon|Flareon, M|100/100
|turn|1
|
|t:|1758334529
|move|p1a: Rotom|Discharge|p2a: Flareon
|-damage|p2a: Flareon|56/100
|move|p2a: Flareon|Will-O-Wisp|p1a: Rotom|[miss]
|-miss|p2a: Flareon|p1a: Rotom
|
|-status|p2a: Flareon|tox|[from] item: Toxic Orb
|upkeep
|turn|2
|
|t:|1758334536
|move|p1a: Rotom|Hex|p2a: Flareon
|-damage|p2a: Flareon|14/100 tox
|move|p2a: Flareon|Facade|p1a: Rotom
|-damage|p1a: Rotom|0 fnt
|faint|p1a: Rotom
|
|-damage|p2a: Flareon|8/100 tox|[from] psn
|upkeep
|
|t:|1758334554
|switch|p1a: Ninetales|Ninetales-Alola, F, shiny|100/100
|-weather|Snowscape|[from] ability: Snow Warning|[of] p1a: Ninetales
|turn|3
|
|t:|1758334558
|move|p1a: Ninetales|Aurora Veil|p1a: Ninetales
|-sidestart|p1: ErickToy|move: Aurora Veil
|move|p2a: Flareon|Facade|p1a: Ninetales
|-damage|p1a: Ninetales|66/100
|
|-weather|Snowscape|[upkeep]
|-damage|p2a: Flareon|0 fnt|[from] psn
|faint|p2a: Flareon
|upkeep
|
|t:|1758334568
|switch|p2a: Moltres|Moltres|100/100
|turn|4
|
|t:|1758334576
|move|p1a: Ninetales|Blizzard|p2a: Moltres
|-damage|p2a: Moltres|50/100
|move|p2a: Moltres|Ancient Power|p1a: Ninetales
|-supereffective|p1a: Ninetales
|-damage|p1a: Ninetales|39/100
|
|-weather|Snowscape|[upkeep]
|upkeep
|turn|5
|
|t:|1758334587
|move|p1a: Ninetales|Blizzard|p2a: Moltres
|-damage|p2a: Moltres|1/100
|-status|p2a: Moltres|frz
|cant|p2a: Moltres|frz
|
|-weather|Snowscape|[upkeep]
|upkeep
|turn|6
|
|t:|1758334606
|move|p1a: Ninetales|Moonblast|p2a: Moltres
|-resisted|p2a: Moltres
|-damage|p2a: Moltres|0 fnt
|faint|p2a: Moltres
|
|-weather|Snowscape|[upkeep]
|upkeep
|
|t:|1758334619
|switch|p2a: Iron Treads|Iron Treads|100/100
|turn|7
|
|t:|1758334625
|move|p1a: Ninetales|Blizzard|p2a: Iron Treads
|-damage|p2a: Iron Treads|43/100
|move|p2a: Iron Treads|Iron Head|p1a: Ninetales
|-supereffective|p1a: Ninetales
|-damage|p1a: Ninetales|0 fnt
|faint|p1a: Ninetales
|-damage|p2a: Iron Treads|33/100|[from] item: Life Orb
|
|-weather|none
|upkeep
|
|t:|1758334630
|switch|p1a: Scizor|Scizor, M|100/100
|turn|8
|
|t:|1758334636
|move|p2a: Iron Treads|Earthquake|p1a: Scizor
|-damage|p1a: Scizor|73/100
|-damage|p2a: Iron Treads|23/100|[from] item: Life Orb
|move|p1a: Scizor|Swords Dance|p1a: Scizor
|-boost|p1a: Scizor|atk|2
|
|-heal|p1a: Scizor|79/100|[from] item: Leftovers
|upkeep
|turn|9
|
|t:|1758334647
|move|p2a: Iron Treads|Supercell Slam|p1a: Scizor
|-damage|p1a: Scizor|58/100
|-damage|p2a: Iron Treads|13/100|[from] item: Life Orb
|move|p1a: Scizor|Trailblaze|p2a: Iron Treads
|-damage|p2a: Iron Treads|0 fnt
|-boost|p1a: Scizor|spe|1
|faint|p2a: Iron Treads
|-end|p2a: Iron Treads|Quark Drive|[silent]
|
|-heal|p1a: Scizor|64/100|[from] item: Leftovers
|upkeep
|
|t:|1758334660
|switch|p2a: Torterra|Torterra, F|100/100
|turn|10
|
|t:|1758334664
|move|p1a: Scizor|Dual Wingbeat|p2a: Torterra
|-supereffective|p2a: Torterra
|-damage|p2a: Torterra|9/100
|-supereffective|p2a: Torterra
|-damage|p2a: Torterra|0 fnt
|faint|p2a: Torterra
|-hitcount|p2: Torterra|2
|
|-heal|p1a: Scizor|70/100|[from] item: Leftovers
|-sideend|p1: ErickToy|move: Aurora Veil
|upkeep
|-message|lucario_1254 forfeited.
|
|win|ErickToy
|raw|ErickToy's rating: 1195 &rarr; <strong>1218</strong><br />(+23 for winning)
|raw|lucario_1254's rating: 1168 &rarr; <strong>1145</strong><br />(-23 for losing)
|l|☆lucario_1254
|player|p2|
|l|☆ErickToy
|player|p1|
