|j|☆WithVadehors
|j|☆xrr rewriting
|t:|1758326215
|gametype|singles
|player|p1|WithVadehors|elesa-masters2|1530
|player|p2|xrr rewriting|266|1528
|gen|9
|tier|[Gen 9] OU
|rated|
|rule|HP Percentage Mod: HP is shown in percentages
|rule|Endless Battle Clause: Forcing endless battles is banned
|rule|Species Clause: Limit one of each Pokémon
|rule|OHKO Clause: OHKO moves are banned
|rule|Evasion Items Clause: Evasion items are banned
|rule|Evasion Moves Clause: Evasion moves are banned
|rule|Evasion Abilities Clause: Evasion abilities are banned
|rule|Sleep Moves Clause: Sleep-inducing moves are banned
|clearpoke
|poke|p1|Pelipper, M|
|poke|p1|Hydrapple, M|
|poke|p1|Iron Treads|
|poke|p1|Dragapult, M|
|poke|p1|Alomomola, L99, M|
|poke|p1|Iron Crown|
|poke|p2|Dragonite, F|
|poke|p2|Hatterene, F|
|poke|p2|Great Tusk|
|poke|p2|Ceruledge, M|
|poke|p2|Ting-Lu|
|poke|p2|Kyurem|
|teampreview
|l|☆xrr rewriting
|player|p2|
|j|☆xrr rewriting
|player|p2|xrr rewriting|266|
|inactive|Battle timer is ON: inactive players will automatically lose when time's up. (requested by xrr rewriting)
|
|t:|1758326234
|teamsize|p1|6
|teamsize|p2|6
|start
|switch|p1a: Alomomola|Alomomola, L99, M|100/100
|switch|p2a: Kyurem|Kyurem|100/100
|-ability|p2a: Kyurem|Pressure
|turn|1
|
|t:|1758326248
|switch|p2a: Hatterene|Hatterene, F|100/100
|move|p1a: Alomomola|Mirror Coat||[still]
|-fail|p1a: Alomomola
|
|upkeep
|turn|2
|
|t:|1758326254
|move|p1a: Alomomola|Flip Turn|p2a: Hatterene
|-damage|p2a: Hatterene|85/100
|
|t:|1758326270
|switch|p1a: Iron Crown|Iron Crown|100/100|[from] Flip Turn
|move|p2a: Hatterene|Nuzzle|p1a: Iron Crown
|-damage|p1a: Iron Crown|96/100
|-status|p1a: Iron Crown|par
|
|upkeep
|turn|3
|
|t:|1758326277
|-end|p1a: Iron Crown|Quark Drive|[silent]
|switch|p1a: Pel y pleut|Pelipper, M|100/100
|-weather|RainDance|[from] ability: Drizzle|[of] p1a: Pel y pleut
|switch|p2a: Ting-Lu|Ting-Lu|100/100
|-ability|p2a: Ting-Lu|Vessel of Ruin
|
|-weather|RainDance|[upkeep]
|upkeep
|turn|4
|
|t:|1758326284
|switch|p2a: Hatterene|Hatterene, F|85/100
|move|p1a: Pel y pleut|Weather Ball|p2a: Hatterene
|-damage|p2a: Hatterene|21/100
|
|-weather|RainDance|[upkeep]
|upkeep
|turn|5
|
|t:|1758326290
|move|p1a: Pel y pleut|Weather Ball|p2a: Hatterene
|-damage|p2a: Hatterene|0 fnt
|faint|p2a: Hatterene
|
|-weather|RainDance|[upkeep]
|upkeep
|
|t:|1758326299
|switch|p2a: Kyurem|Kyurem|100/100
|-ability|p2a: Kyurem|Pressure
|turn|6
|
|t:|1758326306
|switch|p1a: Iron Crown|Iron Crown|96/100 par
|move|p2a: Kyurem|Dragon Dance|p2a: Kyurem
|-boost|p2a: Kyurem|atk|1
|-boost|p2a: Kyurem|spe|1
|
|-weather|RainDance|[upkeep]
|upkeep
|turn|7
|
|t:|1758326312
|-terastallize|p2a: Kyurem|Fire
|move|p2a: Kyurem|Dragon Dance|p2a: Kyurem
|-boost|p2a: Kyurem|atk|1
|-boost|p2a: Kyurem|spe|1
|move|p1a: Iron Crown|Tachyon Cutter|p2a: Kyurem
|-resisted|p2a: Kyurem
|-damage|p2a: Kyurem|87/100
|-resisted|p2a: Kyurem
|-damage|p2a: Kyurem|75/100
|-hitcount|p2a: Kyurem|2
|
|-weather|none
|upkeep
|turn|8
|
|t:|1758326322
|-end|p1a: Iron Crown|Quark Drive|[silent]
|switch|p1a: Pel y pleut|Pelipper, M|100/100
|-weather|RainDance|[from] ability: Drizzle|[of] p1a: Pel y pleut
|move|p2a: Kyurem|Tera Blast|p1a: Pel y pleut|[anim] Tera Blast Fire
|-resisted|p1a: Pel y pleut
|-damage|p1a: Pel y pleut|72/100
|
|-weather|RainDance|[upkeep]
|upkeep
|turn|9
|
|t:|1758326333
|switch|p1a: Alomomola|Alomomola, L99, M|100/100
|move|p2a: Kyurem|Icicle Spear|p1a: Alomomola
|-resisted|p1a: Alomomola
|-damage|p1a: Alomomola|92/100
|-resisted|p1a: Alomomola
|-damage|p1a: Alomomola|84/100
|-resisted|p1a: Alomomola
|-damage|p1a: Alomomola|75/100
|-resisted|p1a: Alomomola
|-damage|p1a: Alomomola|67/100
|-resisted|p1a: Alomomola
|-damage|p1a: Alomomola|58/100
|-hitcount|p1a: Alomomola|5
|
|-weather|RainDance|[upkeep]
|upkeep
|turn|10
|
|t:|1758326347
|move|p2a: Kyurem|Scale Shot|p1a: Alomomola
|-damage|p1a: Alomomola|40/100
|-damage|p1a: Alomomola|23/100
|-damage|p1a: Alomomola|6/100
|-damage|p1a: Alomomola|0 fnt
|faint|p1a: Alomomola
|-hitcount|p1: Alomomola|4
|-unboost|p2a: Kyurem|def|1
|-boost|p2a: Kyurem|spe|1
|
|-weather|RainDance|[upkeep]
|upkeep
|
|t:|1758326362
|switch|p1a: Iron Treads|Iron Treads|100/100
|turn|11
|
|t:|1758326368
|move|p2a: Kyurem|Icicle Spear|p1a: Iron Treads
|-damage|p1a: Iron Treads|85/100
|-damage|p1a: Iron Treads|69/100
|-damage|p1a: Iron Treads|54/100
|-damage|p1a: Iron Treads|38/100
|-damage|p1a: Iron Treads|22/100
|-hitcount|p1a: Iron Treads|5
|move|p1a: Iron Treads|Earthquake|p2a: Kyurem
|-supereffective|p2a: Kyurem
|-damage|p2a: Kyurem|0 fnt
|faint|p2a: Kyurem
|
|-weather|RainDance|[upkeep]
|-heal|p1a: Iron Treads|28/100|[from] item: Leftovers
|upkeep
|
|t:|1758326383
|switch|p2a: Great Tusk|Great Tusk|100/100
|turn|12
|
|t:|1758326389
|move|p2a: Great Tusk|Rapid Spin|p1a: Iron Treads
|-resisted|p1a: Iron Treads
|-damage|p1a: Iron Treads|23/100
|-boost|p2a: Great Tusk|spe|1
|move|p1a: Iron Treads|Stealth Rock|p2a: Great Tusk
|-sidestart|p2: xrr rewriting|move: Stealth Rock
|
|-weather|none
|-heal|p1a: Iron Treads|29/100|[from] item: Leftovers
|upkeep
|turn|13
|
|t:|1758326396
|-end|p1a: Iron Treads|Quark Drive|[silent]
|switch|p1a: Pel y pleut|Pelipper, M|72/100
|-weather|RainDance|[from] ability: Drizzle|[of] p1a: Pel y pleut
|move|p2a: Great Tusk|Ice Spinner|p1a: Pel y pleut
|-damage|p1a: Pel y pleut|37/100
|
|-weather|RainDance|[upkeep]
|upkeep
|turn|14
|
|t:|1758326406
|move|p2a: Great Tusk|Close Combat|p1a: Pel y pleut
|-resisted|p1a: Pel y pleut
|-damage|p1a: Pel y pleut|0 fnt
|-unboost|p2a: Great Tusk|def|1
|-unboost|p2a: Great Tusk|spd|1
|faint|p1a: Pel y pleut
|
|-weather|RainDance|[upkeep]
|upkeep
|
|t:|1758326413
|switch|p1a: Hydrapple|Hydrapple, M|100/100
|turn|15
|
|t:|1758326424
|-terastallize|p1a: Hydrapple|Steel
|move|p2a: Great Tusk|Rapid Spin|p1a: Hydrapple
|-resisted|p1a: Hydrapple
|-damage|p1a: Hydrapple|95/100
|-boost|p2a: Great Tusk|spe|1
|-sideend|p2: xrr rewriting|Stealth Rock|[from] move: Rapid Spin|[of] p2a: Great Tusk
|move|p1a: Hydrapple|Giga Drain|p2a: Great Tusk
|-supereffective|p2a: Great Tusk
|-damage|p2a: Great Tusk|0 fnt
|-heal|p1a: Hydrapple|100/100|[from] drain|[of] p2a: Great Tusk
|faint|p2a: Great Tusk
|-end|p2a: Great Tusk|Protosynthesis|[silent]
|
|-weather|RainDance|[upkeep]
|upkeep
|
|t:|1758326437
|switch|p2a: Ceruledge|Ceruledge, M|100/100
|turn|16
|
|t:|1758326443
|move|p2a: Ceruledge|Swords Dance|p2a: Ceruledge
|-boost|p2a: Ceruledge|atk|2
|move|p1a: Hydrapple|Draco Meteor|p2a: Ceruledge
|-damage|p2a: Ceruledge|40/100
|-unboost|p1a: Hydrapple|spa|2
|
|-weather|RainDance|[upkeep]
|upkeep
|turn|17
|
|t:|1758326456
|switch|p1a: Iron Treads|Iron Treads|29/100
|move|p2a: Ceruledge|Bitter Blade|p1a: Iron Treads
|-supereffective|p1a: Iron Treads
|-damage|p1a: Iron Treads|0 fnt
|-heal|p2a: Ceruledge|59/100|[from] drain|[of] p1a: Iron Treads
|faint|p1a: Iron Treads
|-end|p1a: Iron Treads|Quark Drive|[silent]
|
|-weather|none
|upkeep
|
|t:|1758326468
|switch|p1a: Hydrapple|Hydrapple, M, tera:Steel|100/100
|turn|18
|
|t:|1758326471
|move|p2a: Ceruledge|Bitter Blade|p1a: Hydrapple
|-supereffective|p1a: Hydrapple
|-damage|p1a: Hydrapple|0 fnt
|-heal|p2a: Ceruledge|100/100|[from] drain|[of] p1a: Hydrapple
|faint|p1a: Hydrapple
|
|upkeep
|-message|WithVadehors forfeited.
|
|win|xrr rewriting
|raw|WithVadehors's rating: 1530 &rarr; <strong>1510</strong><br />(-20 for losing)
|raw|xrr rewriting's rating: 1528 &rarr; <strong>1548</strong><br />(+20 for winning)
|l|☆WithVadehors
|player|p1|
