|j|☆Thibault56
|j|☆will1994
|t:|1758366925
|gametype|singles
|player|p1|Thibault56|acetrainer|1722
|player|p2|will1994|red|1589
|gen|9
|tier|[Gen 9] OU
|rated|
|rule|HP Percentage Mod: HP is shown in percentages
|rule|Endless Battle Clause: Forcing endless battles is banned
|rule|Species Clause: Limit one of each Pokémon
|rule|OHKO Clause: OHKO moves are banned
|rule|Evasion Items Clause: Evasion items are banned
|rule|Evasion Moves Clause: Evasion moves are banned
|rule|Evasion Abilities Clause: Evasion abilities are banned
|rule|Sleep Moves Clause: Sleep-inducing moves are banned
|clearpoke
|poke|p1|Clodsire, F|
|poke|p1|Pelipper, F|
|poke|p1|Barraskewda, F|
|poke|p1|Zapdos|
|poke|p1|Corviknight, F|
|poke|p1|Incineroar, M|
|poke|p2|Rillaboom, M|
|poke|p2|Charizard, M|
|poke|p2|Corviknight, F|
|poke|p2|Kleavor, M|
|poke|p2|Clodsire, F|
|poke|p2|Samurott-Hisui, F|
|teampreview
|inactive|Battle timer is ON: inactive players will automatically lose when time's up. (requested by will1994)
|
|t:|1758366945
|teamsize|p1|6
|teamsize|p2|6
|start
|switch|p1a: Barraskewda|Barraskewda, F|100/100
|switch|p2a: Kleavor|Kleavor, M|100/100
|turn|1
|
|t:|1758366954
|move|p2a: Kleavor|U-turn|p1a: Barraskewda
|-damage|p1a: Barraskewda|25/100
|
|t:|1758366956
|switch|p2a: Corviknight|Corviknight, F|100/100|[from] U-turn
|-ability|p2a: Corviknight|Pressure
|move|p1a: Barraskewda|Flip Turn|p2a: Corviknight
|-crit|p2a: Corviknight
|-damage|p2a: Corviknight|59/100
|-damage|p1a: Barraskewda|9/100|[from] item: Rocky Helmet|[of] p2a: Corviknight
|
|t:|1758366964
|switch|p1a: Pelipper|Pelipper, F|100/100|[from] Flip Turn
|-weather|RainDance|[from] ability: Drizzle|[of] p1a: Pelipper
|
|-weather|RainDance|[upkeep]
|upkeep
|turn|2
|
|t:|1758366986
|switch|p2a: Samurott|Samurott-Hisui, F|100/100
|move|p1a: Pelipper|Weather Ball|p2a: Samurott
|-resisted|p2a: Samurott
|-damage|p2a: Samurott|81/100
|
|-weather|RainDance|[upkeep]
|upkeep
|turn|3
|
|t:|1758366996
|move|p2a: Samurott|Ceaseless Edge|p1a: Pelipper
|-damage|p1a: Pelipper|63/100
|-sidestart|p1: Thibault56|Spikes
|move|p1a: Pelipper|Hurricane|p2a: Samurott
|-damage|p2a: Samurott|51/100
|
|-weather|RainDance|[upkeep]
|upkeep
|turn|4
|
|t:|1758367003
|move|p2a: Samurott|Ceaseless Edge|p1a: Pelipper
|-damage|p1a: Pelipper|26/100
|-sidestart|p1: Thibault56|Spikes
|move|p1a: Pelipper|Roost|p1a: Pelipper
|-heal|p1a: Pelipper|76/100
|-singleturn|p1a: Pelipper|move: Roost
|
|-weather|RainDance|[upkeep]
|upkeep
|turn|5
|
|t:|1758367010
|move|p2a: Samurott|Ceaseless Edge|p1a: Pelipper
|-damage|p1a: Pelipper|36/100
|-sidestart|p1: Thibault56|Spikes
|move|p1a: Pelipper|Roost|p1a: Pelipper
|-heal|p1a: Pelipper|86/100
|-singleturn|p1a: Pelipper|move: Roost
|
|-weather|RainDance|[upkeep]
|upkeep
|turn|6
|
|t:|1758367028
|move|p2a: Samurott|Ceaseless Edge|p1a: Pelipper
|-damage|p1a: Pelipper|45/100
|move|p1a: Pelipper|Hurricane|p2a: Samurott
|-damage|p2a: Samurott|24/100
|
|-weather|RainDance|[upkeep]
|upkeep
|turn|7
|
|t:|1758367032
|switch|p2a: Kleavor|Kleavor, M|100/100
|move|p1a: Pelipper|Roost|p1a: Pelipper
|-heal|p1a: Pelipper|95/100
|-singleturn|p1a: Pelipper|move: Roost
|
|-weather|RainDance|[upkeep]
|upkeep
|turn|8
|
|t:|1758367039
|switch|p1a: Corviknight|Corviknight, F|100/100
|-ability|p1a: Corviknight|Pressure
|move|p2a: Kleavor|Stone Axe|p1a: Corviknight|[miss]
|-miss|p2a: Kleavor|p1a: Corviknight
|
|-weather|none
|upkeep
|turn|9
|
|t:|1758367045
|switch|p2a: Charizard|Charizard, M|100/100
|move|p1a: Corviknight|Defog|p2a: Charizard
|-unboost|p2a: Charizard|evasion|1
|-sideend|p1: Thibault56|Spikes|[from] move: Defog|[of] p1a: Corviknight
|
|upkeep
|turn|10
|
|t:|1758367052
|switch|p1a: Pelipper|Pelipper, F|95/100
|-weather|RainDance|[from] ability: Drizzle|[of] p1a: Pelipper
|move|p2a: Charizard|Air Slash|p1a: Pelipper
|-damage|p1a: Pelipper|17/100
|
|-weather|RainDance|[upkeep]
|upkeep
|turn|11
|
|t:|1758367058
|switch|p1a: Clodsire|Clodsire, F|100/100
|move|p2a: Charizard|Air Slash|p1a: Clodsire
|-damage|p1a: Clodsire|73/100
|
|-weather|RainDance|[upkeep]
|-heal|p1a: Clodsire|79/100|[from] item: Leftovers
|upkeep
|turn|12
|
|t:|1758367062
|switch|p2a: Corviknight|Corviknight, F|59/100
|-ability|p2a: Corviknight|Pressure
|switch|p1a: Zapdos|Zapdos|100/100
|
|-weather|RainDance|[upkeep]
|upkeep
|turn|13
|
|t:|1758367076
|switch|p2a: Clodsire|Clodsire, F|100/100
|move|p1a: Zapdos|Hurricane|p2a: Clodsire
|-damage|p2a: Clodsire|62/100
|
|-weather|RainDance|[upkeep]
|-heal|p2a: Clodsire|68/100|[from] item: Leftovers
|upkeep
|turn|14
|
|t:|1758367085
|switch|p1a: Incineroar|Incineroar, M|100/100
|-ability|p1a: Incineroar|Intimidate|boost
|-unboost|p2a: Clodsire|atk|1
|move|p2a: Clodsire|Recover|p2a: Clodsire
|-heal|p2a: Clodsire|100/100
|
|-weather|RainDance|[upkeep]
|upkeep
|turn|15
|
|t:|1758367092
|move|p1a: Incineroar|Will-O-Wisp|p2a: Clodsire
|-status|p2a: Clodsire|brn
|move|p2a: Clodsire|Toxic|p1a: Incineroar
|-status|p1a: Incineroar|tox
|
|-weather|RainDance|[upkeep]
|-damage|p1a: Incineroar|94/100 tox|[from] psn
|-damage|p2a: Clodsire|94/100 brn|[from] brn
|upkeep
|turn|16
|
|t:|1758367096
|move|p1a: Incineroar|Knock Off|p2a: Clodsire
|-damage|p2a: Clodsire|65/100 brn
|-enditem|p2a: Clodsire|Leftovers|[from] move: Knock Off|[of] p1a: Incineroar
|move|p2a: Clodsire|Stockpile|p2a: Clodsire
|-start|p2a: Clodsire|stockpile1
|-boost|p2a: Clodsire|def|1
|-boost|p2a: Clodsire|spd|1
|
|-weather|RainDance|[upkeep]
|-damage|p1a: Incineroar|82/100 tox|[from] psn
|-damage|p2a: Clodsire|58/100 brn|[from] brn
|upkeep
|turn|17
|
|t:|1758367102
|move|p1a: Incineroar|Parting Shot|p2a: Clodsire
|-unboost|p2a: Clodsire|atk|1
|-unboost|p2a: Clodsire|spa|1
|
|t:|1758367111
|switch|p1a: Pelipper|Pelipper, F|17/100|[from] Parting Shot
|move|p2a: Clodsire|Recover|p2a: Clodsire
|-heal|p2a: Clodsire|100/100 brn
|
|-weather|none
|-damage|p2a: Clodsire|94/100 brn|[from] brn
|upkeep
|turn|18
|
|t:|1758367119
|switch|p1a: Corviknight|Corviknight, F|100/100
|-ability|p1a: Corviknight|Pressure
|move|p2a: Clodsire|Toxic|p1a: Corviknight
|-immune|p1a: Corviknight
|
|-damage|p2a: Clodsire|88/100 brn|[from] brn
|upkeep
|turn|19
|
|t:|1758367130
|move|p1a: Corviknight|U-turn|p2a: Clodsire
|-resisted|p2a: Clodsire
|-damage|p2a: Clodsire|85/100 brn
|
|t:|1758367134
|switch|p1a: Incineroar|Incineroar, M|82/100 tox|[from] U-turn
|-ability|p1a: Incineroar|Intimidate|boost
|-unboost|p2a: Clodsire|atk|1
|move|p2a: Clodsire|Toxic|p1a: Incineroar
|-fail|p1a: Incineroar|tox
|
|-damage|p1a: Incineroar|76/100 tox|[from] psn
|-damage|p2a: Clodsire|79/100 brn|[from] brn
|upkeep
|turn|20
|
|t:|1758367144
|move|p1a: Incineroar|Parting Shot|p2a: Clodsire
|-unboost|p2a: Clodsire|atk|1
|-unboost|p2a: Clodsire|spa|1
|
|t:|1758367147
|switch|p1a: Corviknight|Corviknight, F|100/100|[from] Parting Shot
|-ability|p1a: Corviknight|Pressure
|move|p2a: Clodsire|Stockpile|p2a: Clodsire
|-start|p2a: Clodsire|stockpile2
|-boost|p2a: Clodsire|def|1
|-boost|p2a: Clodsire|spd|1
|
|-damage|p2a: Clodsire|72/100 brn|[from] brn
|upkeep
|turn|21
|
|t:|1758367156
|move|p1a: Corviknight|U-turn|p2a: Clodsire
|-resisted|p2a: Clodsire
|-damage|p2a: Clodsire|70/100 brn
|
|t:|1758367159
|switch|p1a: Clodsire|Clodsire, F|79/100|[from] U-turn
|move|p2a: Clodsire|Toxic|p1a: Clodsire
|-immune|p1a: Clodsire
|
|-heal|p1a: Clodsire|86/100|[from] item: Leftovers
|-damage|p2a: Clodsire|63/100 brn|[from] brn
|upkeep
|turn|22
|
|t:|1758367165
|switch|p2a: Corviknight|Corviknight, F|59/100
|-ability|p2a: Corviknight|Pressure
|move|p1a: Clodsire|Earthquake|p2a: Corviknight
|-immune|p2a: Corviknight
|
|-heal|p1a: Clodsire|92/100|[from] item: Leftovers
|upkeep
|turn|23
|
|t:|1758367169
|switch|p1a: Zapdos|Zapdos|100/100
|move|p2a: Corviknight|U-turn|p1a: Zapdos
|-resisted|p1a: Zapdos
|-damage|p1a: Zapdos|93/100
|
|t:|1758367173
|switch|p2a: Charizard|Charizard, M|100/100|[from] U-turn
|
|upkeep
|turn|24
|
|t:|1758367178
|switch|p1a: Clodsire|Clodsire, F|92/100
|-terastallize|p2a: Charizard|Fire
|move|p2a: Charizard|Overheat|p1a: Clodsire
|-damage|p1a: Clodsire|31/100
|-unboost|p2a: Charizard|spa|2
|
|-heal|p1a: Clodsire|37/100|[from] item: Leftovers
|upkeep
|turn|25
|
|t:|1758367197
|move|p2a: Charizard|Overheat|p1a: Clodsire
|-damage|p1a: Clodsire|2/100
|-unboost|p2a: Charizard|spa|2
|move|p1a: Clodsire|Recover|p1a: Clodsire
|-heal|p1a: Clodsire|52/100
|
|-heal|p1a: Clodsire|59/100|[from] item: Leftovers
|upkeep
|turn|26
|
|t:|1758367214
|switch|p2a: Rillaboom|Rillaboom, M|100/100
|-fieldstart|move: Grassy Terrain|[from] ability: Grassy Surge|[of] p2a: Rillaboom
|move|p1a: Clodsire|Recover|p1a: Clodsire
|-heal|p1a: Clodsire|100/100
|
|upkeep
|turn|27
|j| Nikator98
|
|t:|1758367219
|switch|p1a: Zapdos|Zapdos|93/100
|move|p2a: Rillaboom|Knock Off|p1a: Zapdos
|-damage|p1a: Zapdos|26/100
|-enditem|p1a: Zapdos|Heavy-Duty Boots|[from] move: Knock Off|[of] p2a: Rillaboom
|
|upkeep
|turn|28
|l| Nikator98
|
|t:|1758367234
|switch|p2a: Kleavor|Kleavor, M|100/100
|move|p1a: Zapdos|Roost|p1a: Zapdos
|-heal|p1a: Zapdos|76/100
|-singleturn|p1a: Zapdos|move: Roost
|
|-heal|p1a: Zapdos|82/100|[from] Grassy Terrain
|upkeep
|turn|29
|
|t:|1758367237
|switch|p1a: Corviknight|Corviknight, F|100/100
|-ability|p1a: Corviknight|Pressure
|move|p2a: Kleavor|Stone Axe|p1a: Corviknight
|-damage|p1a: Corviknight|72/100
|-damage|p2a: Kleavor|84/100|[from] item: Rocky Helmet|[of] p1a: Corviknight
|-sidestart|p1: Thibault56|move: Stealth Rock
|
|-heal|p2a: Kleavor|90/100|[from] Grassy Terrain
|upkeep
|turn|30
|
|t:|1758367243
|switch|p2a: Charizard|Charizard, M, tera:Fire|100/100
|move|p1a: Corviknight|Defog|p2a: Charizard
|-unboost|p2a: Charizard|evasion|1
|-sideend|p1: Thibault56|Stealth Rock|[from] move: Defog|[of] p1a: Corviknight
|-fieldend|move: Grassy Terrain
|
|upkeep
|turn|31
|j| idjsyfudsjh
|
|t:|1758367248
|switch|p1a: Clodsire|Clodsire, F|100/100
|move|p2a: Charizard|Flamethrower|p1a: Clodsire
|-damage|p1a: Clodsire|55/100
|
|-heal|p1a: Clodsire|61/100|[from] item: Leftovers
|upkeep
|turn|32
|
|t:|1758367258
|switch|p2a: Rillaboom|Rillaboom, M|100/100
|-fieldstart|move: Grassy Terrain|[from] ability: Grassy Surge|[of] p2a: Rillaboom
|move|p1a: Clodsire|Recover|p1a: Clodsire
|-heal|p1a: Clodsire|100/100
|
|upkeep
|turn|33
|
|t:|1758367265
|switch|p1a: Zapdos|Zapdos|82/100
|move|p2a: Rillaboom|U-turn|p1a: Zapdos
|-resisted|p1a: Zapdos
|-damage|p1a: Zapdos|58/100
|
|t:|1758367274
|switch|p2a: Kleavor|Kleavor, M|90/100|[from] U-turn
|
|-heal|p2a: Kleavor|96/100|[from] Grassy Terrain
|upkeep
|turn|34
|
|t:|1758367277
|switch|p1a: Corviknight|Corviknight, F|72/100
|-ability|p1a: Corviknight|Pressure
|move|p2a: Kleavor|Stone Axe|p1a: Corviknight
|-damage|p1a: Corviknight|39/100
|-damage|p2a: Kleavor|80/100|[from] item: Rocky Helmet|[of] p1a: Corviknight
|-sidestart|p1: Thibault56|move: Stealth Rock
|
|-heal|p2a: Kleavor|86/100|[from] Grassy Terrain
|upkeep
|turn|35
|
|t:|1758367286
|switch|p2a: Charizard|Charizard, M, tera:Fire|100/100
|move|p1a: Corviknight|Roost|p1a: Corviknight
|-heal|p1a: Corviknight|89/100
|-singleturn|p1a: Corviknight|move: Roost
|
|-heal|p1a: Corviknight|95/100|[from] Grassy Terrain
|upkeep
|turn|36
|
|t:|1758367291
|switch|p1a: Clodsire|Clodsire, F|100/100
|-damage|p1a: Clodsire|94/100|[from] Stealth Rock
|move|p2a: Charizard|Overheat|p1a: Clodsire
|-damage|p1a: Clodsire|25/100
|-unboost|p2a: Charizard|spa|2
|
|-heal|p1a: Clodsire|32/100|[from] Grassy Terrain
|-heal|p1a: Clodsire|38/100|[from] item: Leftovers
|-fieldend|move: Grassy Terrain
|upkeep
|turn|37
|
|t:|1758367301
|switch|p2a: Rillaboom|Rillaboom, M|100/100
|-fieldstart|move: Grassy Terrain|[from] ability: Grassy Surge|[of] p2a: Rillaboom
|move|p1a: Clodsire|Recover|p1a: Clodsire
|-heal|p1a: Clodsire|88/100
|
|-heal|p1a: Clodsire|94/100|[from] Grassy Terrain
|-heal|p1a: Clodsire|99/100|[from] item: Leftovers
|upkeep
|turn|38
|
|t:|1758367305
|switch|p1a: Corviknight|Corviknight, F|95/100
|-damage|p1a: Corviknight|82/100|[from] Stealth Rock
|-ability|p1a: Corviknight|Pressure
|move|p2a: Rillaboom|Knock Off|p1a: Corviknight
|-damage|p1a: Corviknight|51/100
|-damage|p2a: Rillaboom|84/100|[from] item: Rocky Helmet|[of] p1a: Corviknight
|-enditem|p1a: Corviknight|Rocky Helmet|[from] move: Knock Off|[of] p2a: Rillaboom
|
|-heal|p2a: Rillaboom|90/100|[from] Grassy Terrain
|upkeep
|turn|39
|
|t:|1758367311
|switch|p2a: Charizard|Charizard, M, tera:Fire|100/100
|move|p1a: Corviknight|Roost|p1a: Corviknight
|-heal|p1a: Corviknight|100/100
|-singleturn|p1a: Corviknight|move: Roost
|
|upkeep
|turn|40
|
|t:|1758367314
|switch|p1a: Clodsire|Clodsire, F|99/100
|-damage|p1a: Clodsire|94/100|[from] Stealth Rock
|move|p2a: Charizard|Overheat|p1a: Clodsire
|-damage|p1a: Clodsire|32/100
|-unboost|p2a: Charizard|spa|2
|
|-heal|p1a: Clodsire|38/100|[from] Grassy Terrain
|-heal|p1a: Clodsire|44/100|[from] item: Leftovers
|upkeep
|turn|41
|
|t:|1758367333
|move|p2a: Charizard|Overheat|p1a: Clodsire
|-damage|p1a: Clodsire|13/100
|-unboost|p2a: Charizard|spa|2
|move|p1a: Clodsire|Recover|p1a: Clodsire
|-heal|p1a: Clodsire|63/100
|
|-heal|p1a: Clodsire|69/100|[from] Grassy Terrain
|-heal|p1a: Clodsire|75/100|[from] item: Leftovers
|-fieldend|move: Grassy Terrain
|upkeep
|turn|42
|
|t:|1758367337
|switch|p2a: Rillaboom|Rillaboom, M|90/100
|-fieldstart|move: Grassy Terrain|[from] ability: Grassy Surge|[of] p2a: Rillaboom
|move|p1a: Clodsire|Recover|p1a: Clodsire
|-heal|p1a: Clodsire|100/100
|
|-heal|p2a: Rillaboom|96/100|[from] Grassy Terrain
|upkeep
|turn|43
|
|t:|1758367340
|switch|p1a: Corviknight|Corviknight, F|100/100
|-damage|p1a: Corviknight|88/100|[from] Stealth Rock
|-ability|p1a: Corviknight|Pressure
|move|p2a: Rillaboom|Knock Off|p1a: Corviknight
|-damage|p1a: Corviknight|67/100
|
|-heal|p2a: Rillaboom|100/100|[from] Grassy Terrain
|upkeep
|turn|44
|
|t:|1758367348
|switch|p2a: Charizard|Charizard, M, tera:Fire|100/100
|move|p1a: Corviknight|Defog|p2a: Charizard
|-unboost|p2a: Charizard|evasion|1
|-sideend|p1: Thibault56|Stealth Rock|[from] move: Defog|[of] p1a: Corviknight
|-fieldend|move: Grassy Terrain
|
|upkeep
|turn|45
|j| Nikator98
|
|t:|1758367355
|switch|p1a: Clodsire|Clodsire, F|100/100
|move|p2a: Charizard|Scorching Sands|p1a: Clodsire
|-supereffective|p1a: Clodsire
|-damage|p1a: Clodsire|64/100
|
|-heal|p1a: Clodsire|71/100|[from] item: Leftovers
|upkeep
|turn|46
|
|t:|1758367366
|switch|p2a: Corviknight|Corviknight, F|59/100
|-ability|p2a: Corviknight|Pressure
|switch|p1a: Pelipper|Pelipper, F|17/100
|-weather|RainDance|[from] ability: Drizzle|[of] p1a: Pelipper
|
|-weather|RainDance|[upkeep]
|upkeep
|turn|47
|
|t:|1758367368
|move|p2a: Corviknight|Brave Bird|p1a: Pelipper
|-damage|p1a: Pelipper|0 fnt
|faint|p1a: Pelipper
|-damage|p2a: Corviknight|54/100|[from] Recoil
|
|-weather|RainDance|[upkeep]
|upkeep
|
|t:|1758367378
|switch|p1a: Zapdos|Zapdos|58/100
|turn|48
|
|t:|1758367383
|switch|p2a: Clodsire|Clodsire, F|63/100 brn
|move|p1a: Zapdos|Hurricane|p2a: Clodsire
|-damage|p2a: Clodsire|19/100 brn
|-start|p2a: Clodsire|confusion
|
|-weather|RainDance|[upkeep]
|-damage|p2a: Clodsire|13/100 brn|[from] brn
|upkeep
|turn|49
|
|t:|1758367407
|move|p1a: Zapdos|Hurricane|p2a: Clodsire
|-damage|p2a: Clodsire|0 fnt
|faint|p2a: Clodsire
|
|-weather|RainDance|[upkeep]
|upkeep
|
|t:|1758367409
|switch|p2a: Kleavor|Kleavor, M|86/100
|turn|50
|
|t:|1758367413
|switch|p1a: Corviknight|Corviknight, F|67/100
|-ability|p1a: Corviknight|Pressure
|move|p2a: Kleavor|Stone Axe|p1a: Corviknight
|-damage|p1a: Corviknight|38/100
|-sidestart|p1: Thibault56|move: Stealth Rock
|
|-weather|RainDance|[upkeep]
|upkeep
|turn|51
|inactive|will1994 has 120 seconds left.
|
|t:|1758367444
|move|p2a: Kleavor|Stone Axe|p1a: Corviknight
|-damage|p1a: Corviknight|9/100
|move|p1a: Corviknight|Roost|p1a: Corviknight
|-heal|p1a: Corviknight|59/100
|-singleturn|p1a: Corviknight|move: Roost
|
|-weather|RainDance|[upkeep]
|upkeep
|turn|52
|
|t:|1758367453
|move|p2a: Kleavor|Stone Axe|p1a: Corviknight
|-damage|p1a: Corviknight|26/100
|move|p1a: Corviknight|Roost|p1a: Corviknight
|-heal|p1a: Corviknight|76/100
|-singleturn|p1a: Corviknight|move: Roost
|
|-weather|RainDance|[upkeep]
|upkeep
|turn|53
|
|t:|1758367459
|switch|p2a: Charizard|Charizard, M, tera:Fire|100/100
|move|p1a: Corviknight|Defog|p2a: Charizard
|-unboost|p2a: Charizard|evasion|1
|-sideend|p1: Thibault56|Stealth Rock|[from] move: Defog|[of] p1a: Corviknight
|
|-weather|none
|upkeep
|turn|54
|
|t:|1758367468
|switch|p1a: Incineroar|Incineroar, M|76/100 tox
|-ability|p1a: Incineroar|Intimidate|boost
|-unboost|p2a: Charizard|atk|1
|move|p2a: Charizard|Flamethrower|p1a: Incineroar
|-resisted|p1a: Incineroar
|-damage|p1a: Incineroar|50/100 tox
|
|-damage|p1a: Incineroar|44/100 tox|[from] psn
|upkeep
|turn|55
|
|t:|1758367481
|switch|p2a: Samurott|Samurott-Hisui, F|24/100
|move|p1a: Incineroar|Parting Shot|p2a: Samurott
|-unboost|p2a: Samurott|atk|1
|-unboost|p2a: Samurott|spa|1
|
|t:|1758367490
|switch|p1a: Zapdos|Zapdos|58/100|[from] Parting Shot
|
|upkeep
|turn|56
|
|t:|1758367496
|move|p1a: Zapdos|Volt Switch|p2a: Samurott
|-supereffective|p2a: Samurott
|-damage|p2a: Samurott|0 fnt
|faint|p2a: Samurott
|
|t:|1758367504
|switch|p1a: Clodsire|Clodsire, F|71/100|[from] Volt Switch
|
|-heal|p1a: Clodsire|77/100|[from] item: Leftovers
|upkeep
|
|t:|1758367508
|switch|p2a: Rillaboom|Rillaboom, M|100/100
|-fieldstart|move: Grassy Terrain|[from] ability: Grassy Surge|[of] p2a: Rillaboom
|turn|57
|
|t:|1758367513
|switch|p1a: Incineroar|Incineroar, M|44/100 tox
|-ability|p1a: Incineroar|Intimidate|boost
|-unboost|p2a: Rillaboom|atk|1
|move|p2a: Rillaboom|Knock Off|p1a: Incineroar
|-resisted|p1a: Incineroar
|-damage|p1a: Incineroar|29/100 tox
|-enditem|p1a: Incineroar|Heavy-Duty Boots|[from] move: Knock Off|[of] p2a: Rillaboom
|
|-heal|p1a: Incineroar|35/100 tox|[from] Grassy Terrain
|-damage|p1a: Incineroar|29/100 tox|[from] psn
|upkeep
|turn|58
|
|t:|1758367524
|switch|p2a: Charizard|Charizard, M, tera:Fire|100/100
|move|p1a: Incineroar|Parting Shot|p2a: Charizard
|-unboost|p2a: Charizard|atk|1
|-unboost|p2a: Charizard|spa|1
|
|t:|1758367527
|switch|p1a: Clodsire|Clodsire, F|77/100|[from] Parting Shot
|
|-heal|p1a: Clodsire|83/100|[from] Grassy Terrain
|-heal|p1a: Clodsire|89/100|[from] item: Leftovers
|upkeep
|turn|59
|
|t:|1758367534
|switch|p2a: Corviknight|Corviknight, F|54/100
|-ability|p2a: Corviknight|Pressure
|switch|p1a: Zapdos|Zapdos|58/100
|
|upkeep
|turn|60
|
|t:|1758367539
|switch|p2a: Rillaboom|Rillaboom, M|100/100
|move|p1a: Zapdos|Volt Switch|p2a: Rillaboom
|-resisted|p2a: Rillaboom
|-damage|p2a: Rillaboom|78/100
|
|t:|1758367543
|switch|p1a: Corviknight|Corviknight, F|76/100|[from] Volt Switch
|-ability|p1a: Corviknight|Pressure
|
|-heal|p2a: Rillaboom|84/100|[from] Grassy Terrain
|upkeep
|turn|61
|
|t:|1758367548
|move|p2a: Rillaboom|U-turn|p1a: Corviknight
|-resisted|p1a: Corviknight
|-crit|p1a: Corviknight
|-damage|p1a: Corviknight|67/100
|
|t:|1758367557
|switch|p2a: Charizard|Charizard, M, tera:Fire|100/100|[from] U-turn
|move|p1a: Corviknight|U-turn|p2a: Charizard
|-resisted|p2a: Charizard
|-damage|p2a: Charizard|91/100
|
|t:|1758367566
|switch|p1a: Clodsire|Clodsire, F|89/100|[from] U-turn
|
|-heal|p2a: Charizard|97/100|[from] Grassy Terrain
|-heal|p1a: Clodsire|96/100|[from] Grassy Terrain
|-heal|p1a: Clodsire|100/100|[from] item: Leftovers
|-fieldend|move: Grassy Terrain
|upkeep
|turn|62
|
|t:|1758367577
|switch|p2a: Rillaboom|Rillaboom, M|84/100
|-fieldstart|move: Grassy Terrain|[from] ability: Grassy Surge|[of] p2a: Rillaboom
|switch|p1a: Zapdos|Zapdos|58/100
|
|-heal|p2a: Rillaboom|90/100|[from] Grassy Terrain
|upkeep
|turn|63
|
|t:|1758367582
|move|p1a: Zapdos|Hurricane|p2a: Rillaboom
|-supereffective|p2a: Rillaboom
|-damage|p2a: Rillaboom|0 fnt
|faint|p2a: Rillaboom
|
|upkeep
|
|t:|1758367588
|switch|p2a: Kleavor|Kleavor, M|86/100
|turn|64
|
|t:|1758367596
|switch|p1a: Incineroar|Incineroar, M|29/100 tox
|-ability|p1a: Incineroar|Intimidate|boost
|-unboost|p2a: Kleavor|atk|1
|move|p2a: Kleavor|Stone Axe|p1a: Incineroar|[miss]
|-miss|p2a: Kleavor|p1a: Incineroar
|
|-heal|p2a: Kleavor|92/100|[from] Grassy Terrain
|-heal|p1a: Incineroar|35/100 tox|[from] Grassy Terrain
|-damage|p1a: Incineroar|29/100 tox|[from] psn
|upkeep
|turn|65
|
|t:|1758367602
|switch|p1a: Corviknight|Corviknight, F|67/100
|-ability|p1a: Corviknight|Pressure
|move|p2a: Kleavor|Stone Axe|p1a: Corviknight
|-damage|p1a: Corviknight|47/100
|-sidestart|p1: Thibault56|move: Stealth Rock
|
|-heal|p2a: Kleavor|98/100|[from] Grassy Terrain
|upkeep
|turn|66
|
|t:|1758367611
|switch|p2a: Charizard|Charizard, M, tera:Fire|97/100
|move|p1a: Corviknight|Defog|p2a: Charizard
|-unboost|p2a: Charizard|evasion|1
|-sideend|p1: Thibault56|Stealth Rock|[from] move: Defog|[of] p1a: Corviknight
|-fieldend|move: Grassy Terrain
|
|upkeep
|turn|67
|
|t:|1758367615
|switch|p1a: Clodsire|Clodsire, F|100/100
|move|p2a: Charizard|Flamethrower|p1a: Clodsire
|-damage|p1a: Clodsire|58/100
|
|-heal|p1a: Clodsire|65/100|[from] item: Leftovers
|upkeep
|turn|68
|
|t:|1758367619
|move|p2a: Charizard|Flamethrower|p1a: Clodsire
|-damage|p1a: Clodsire|21/100
|move|p1a: Clodsire|Recover|p1a: Clodsire
|-heal|p1a: Clodsire|71/100
|
|-heal|p1a: Clodsire|77/100|[from] item: Leftovers
|upkeep
|turn|69
|
|t:|1758367629
|switch|p2a: Corviknight|Corviknight, F|54/100
|-ability|p2a: Corviknight|Pressure
|switch|p1a: Incineroar|Incineroar, M|29/100 tox
|-ability|p1a: Incineroar|Intimidate|boost
|-unboost|p2a: Corviknight|atk|1
|
|-damage|p1a: Incineroar|23/100 tox|[from] psn
|upkeep
|turn|70
|
|t:|1758367635
|move|p2a: Corviknight|Brave Bird|p1a: Incineroar
|-damage|p1a: Incineroar|0 fnt
|faint|p1a: Incineroar
|-damage|p2a: Corviknight|47/100|[from] Recoil
|
|upkeep
|
|t:|1758367638
|switch|p1a: Zapdos|Zapdos|58/100
|turn|71
|
|t:|1758367649
|switch|p2a: Kleavor|Kleavor, M|98/100
|move|p1a: Zapdos|Thunder|p2a: Kleavor
|-damage|p2a: Kleavor|14/100
|
|upkeep
|turn|72
|
|t:|1758367667
|-terastallize|p1a: Zapdos|Grass
|move|p2a: Kleavor|Stone Axe|p1a: Zapdos
|-damage|p1a: Zapdos|0 fnt
|-sidestart|p1: Thibault56|move: Stealth Rock
|faint|p1a: Zapdos
|
|upkeep
|
|t:|1758367675
|switch|p1a: Corviknight|Corviknight, F|47/100
|-damage|p1a: Corviknight|35/100|[from] Stealth Rock
|-ability|p1a: Corviknight|Pressure
|turn|73
|
|t:|1758367682
|move|p2a: Kleavor|Stone Axe|p1a: Corviknight
|-damage|p1a: Corviknight|2/100
|move|p1a: Corviknight|Roost|p1a: Corviknight
|-heal|p1a: Corviknight|52/100
|-singleturn|p1a: Corviknight|move: Roost
|
|upkeep
|turn|74
|
|t:|1758367685
|switch|p2a: Charizard|Charizard, M, tera:Fire|97/100
|move|p1a: Corviknight|Roost|p1a: Corviknight
|-heal|p1a: Corviknight|100/100
|-singleturn|p1a: Corviknight|move: Roost
|
|upkeep
|turn|75
|
|t:|1758367694
|switch|p1a: Clodsire|Clodsire, F|77/100
|-damage|p1a: Clodsire|71/100|[from] Stealth Rock
|move|p2a: Charizard|Overheat|p1a: Clodsire
|-damage|p1a: Clodsire|12/100
|-unboost|p2a: Charizard|spa|2
|
|-heal|p1a: Clodsire|19/100|[from] item: Leftovers
|upkeep
|turn|76
|
|t:|1758367701
|move|p2a: Charizard|Overheat|p1a: Clodsire
|-damage|p1a: Clodsire|0 fnt
|-unboost|p2a: Charizard|spa|2
|faint|p1a: Clodsire
|
|upkeep
|-message|Thibault56 forfeited.
|
|win|will1994
|raw|Thibault56's rating: 1722 &rarr; <strong>1695</strong><br />(-27 for losing)
|raw|will1994's rating: 1589 &rarr; <strong>1616</strong><br />(+27 for winning)
|l|☆Thibault56
|player|p1|
|c|☆will1994|gg
|l| idjsyfudsjh
