|j|☆EnderKing57
|j|☆MalamarMyBestie
|t:|1758290689
|gametype|singles
|player|p1|EnderKing57|riley|1244
|player|p2|MalamarMyBestie|will|1235
|gen|9
|tier|[Gen 9] OU
|rated|
|rule|HP Percentage Mod: HP is shown in percentages
|rule|Endless Battle Clause: Forcing endless battles is banned
|rule|Species Clause: Limit one of each Pokémon
|rule|OHKO Clause: OHKO moves are banned
|rule|Evasion Items Clause: Evasion items are banned
|rule|Evasion Moves Clause: Evasion moves are banned
|rule|Evasion Abilities Clause: Evasion abilities are banned
|rule|Sleep Moves Clause: Sleep-inducing moves are banned
|clearpoke
|poke|p1|Latios, M|
|poke|p1|Ceruledge, M|
|poke|p1|Pelipper, F|
|poke|p1|Basculegion, M|
|poke|p1|Regidrago|
|poke|p1|Cinccino, F|
|poke|p2|Ninetales, M|
|poke|p2|Ceruledge, M|
|poke|p2|Venusaur, F|
|poke|p2|Hatterene, F|
|poke|p2|Great Tusk|
|poke|p2|Walking Wake|
|teampreview
|
|t:|1758290693
|teamsize|p1|6
|teamsize|p2|6
|start
|switch|p1a: Roi Vicos II|Latios, M|100/100
|switch|p2a: Nicki Mage-naj|Hatterene, F|100/100
|turn|1
|
|t:|1758290702
|move|p1a: Roi Vicos II|Light Screen|p1a: Roi Vicos II
|-sidestart|p1: EnderKing57|move: Light Screen
|move|p2a: Nicki Mage-naj|Nuzzle|p1a: Roi Vicos II
|-resisted|p1a: Roi Vicos II
|-damage|p1a: Roi Vicos II|98/100
|-status|p1a: Roi Vicos II|par
|
|upkeep
|turn|2
|
|t:|1758290709
|cant|p1a: Roi Vicos II|par
|move|p2a: Nicki Mage-naj|Dazzling Gleam|p1a: Roi Vicos II
|-supereffective|p1a: Roi Vicos II
|-damage|p1a: Roi Vicos II|69/100 par
|
|upkeep
|turn|3
|
|t:|1758290715
|move|p1a: Roi Vicos II|Reflect|p1a: Roi Vicos II
|-sidestart|p1: EnderKing57|Reflect
|move|p2a: Nicki Mage-naj|Dazzling Gleam|p1a: Roi Vicos II
|-supereffective|p1a: Roi Vicos II
|-damage|p1a: Roi Vicos II|40/100 par
|
|upkeep
|turn|4
|
|t:|1758290721
|cant|p1a: Roi Vicos II|par
|move|p2a: Nicki Mage-naj|Dazzling Gleam|p1a: Roi Vicos II
|-supereffective|p1a: Roi Vicos II
|-damage|p1a: Roi Vicos II|10/100 par
|
|upkeep
|turn|5
|
|t:|1758290727
|move|p1a: Roi Vicos II|Memento|p2a: Nicki Mage-naj
|-unboost|p2a: Nicki Mage-naj|atk|2
|-unboost|p2a: Nicki Mage-naj|spa|2
|faint|p1a: Roi Vicos II
|move|p2a: Nicki Mage-naj|Dazzling Gleam|p1: Roi Vicos II|[notarget]
|-fail|p2a: Nicki Mage-naj
|
|upkeep
|
|t:|1758290733
|switch|p1a: Il fait mouillé|Pelipper, F|100/100
|-weather|RainDance|[from] ability: Drizzle|[of] p1a: Il fait mouillé
|turn|6
|
|t:|1758290743
|switch|p2a: Childish 9-bino|Ninetales, M|100/100
|-weather|SunnyDay|[from] ability: Drought|[of] p2a: Childish 9-bino
|move|p1a: Il fait mouillé|Weather Ball|p2a: Childish 9-bino
|-resisted|p2a: Childish 9-bino
|-damage|p2a: Childish 9-bino|79/100
|
|-weather|SunnyDay|[upkeep]
|upkeep
|turn|7
|
|t:|1758290752
|switch|p2a: Dino The Creator|Walking Wake|100/100
|-activate|p2a: Dino The Creator|ability: Protosynthesis
|-start|p2a: Dino The Creator|protosynthesisspa
|switch|p1a: Main character|Ceruledge, M|100/100
|
|-weather|SunnyDay|[upkeep]
|upkeep
|turn|8
|
|t:|1758290768
|move|p2a: Dino The Creator|Hydro Steam|p1a: Main character
|-supereffective|p1a: Main character
|-damage|p1a: Main character|0 fnt
|faint|p1a: Main character
|
|-weather|SunnyDay|[upkeep]
|-sideend|p1: EnderKing57|move: Light Screen
|upkeep
|
|t:|1758290774
|switch|p1a: RegidraCo|Regidrago|100/100
|turn|9
|
|t:|1758290778
|-end|p2a: Dino The Creator|Protosynthesis|[silent]
|switch|p2a: Nicki Mage-naj|Hatterene, F|100/100
|move|p1a: RegidraCo|Dragon Energy|p2a: Nicki Mage-naj
|-immune|p2a: Nicki Mage-naj
|
|-weather|SunnyDay|[upkeep]
|upkeep
|turn|10
|
|t:|1758290789
|switch|p1a: Il fait mouillé|Pelipper, F|100/100
|-weather|RainDance|[from] ability: Drizzle|[of] p1a: Il fait mouillé
|move|p2a: Nicki Mage-naj|Dazzling Gleam|p1a: Il fait mouillé
|-damage|p1a: Il fait mouillé|37/100
|
|-weather|RainDance|[upkeep]
|-sideend|p1: EnderKing57|Reflect
|upkeep
|turn|11
|
|t:|1758290797
|move|p1a: Il fait mouillé|U-turn|p2a: Nicki Mage-naj
|-crit|p2a: Nicki Mage-naj
|-damage|p2a: Nicki Mage-naj|89/100
|-enditem|p2a: Nicki Mage-naj|Eject Button
|
|t:|1758290800
|switch|p2a: Childish 9-bino|Ninetales, M|79/100
|-weather|SunnyDay|[from] ability: Drought|[of] p2a: Childish 9-bino
|
|-weather|SunnyDay|[upkeep]
|upkeep
|turn|12
|
|t:|1758290810
|move|p2a: Childish 9-bino|Flamethrower|p1a: Il fait mouillé
|-resisted|p1a: Il fait mouillé
|-damage|p1a: Il fait mouillé|5/100
|move|p1a: Il fait mouillé|U-turn|p2a: Childish 9-bino
|-resisted|p2a: Childish 9-bino
|-damage|p2a: Childish 9-bino|74/100
|
|t:|1758290816
|switch|p1a: Pash|Cinccino, F|100/100|[from] U-turn
|
|-weather|SunnyDay|[upkeep]
|upkeep
|turn|13
|
|t:|1758290823
|switch|p2a: Bladeboi Carti|Ceruledge, M|100/100
|move|p1a: Pash|Tidy Up|p1a: Pash
|-boost|p1a: Pash|atk|1
|-boost|p1a: Pash|spe|1
|
|-weather|SunnyDay|[upkeep]
|upkeep
|turn|14
|-message|EnderKing57 forfeited.
|
|win|MalamarMyBestie
|raw|EnderKing57's rating: 1244 &rarr; <strong>1218</strong><br />(-26 for losing)
|raw|MalamarMyBestie's rating: 1235 &rarr; <strong>1261</strong><br />(+26 for winning)
|l|☆EnderKing57
|player|p1|
|l|☆MalamarMyBestie
|player|p2|
