|badge|p2|bronze|gen9ou|100-6
|uhtml|medal-msg|<div class="broadcast-blue">Curious what those medals under the avatar are? PS now has Ladder Seasons! For more information, check out the <a href="https://www.smogon.com/forums/threads/3740067/">thread on Smogon.</a></div>
|j|☆lerendezvous
|j|☆tokiwa kano
|t:|1758357511
|gametype|singles
|player|p1|lerendezvous|101|1723
|player|p2|tokiwa kano|acetrainerf|1809
|gen|9
|tier|[Gen 9] OU
|rated|
|rule|HP Percentage Mod: HP is shown in percentages
|rule|Endless Battle Clause: Forcing endless battles is banned
|rule|Species Clause: Limit one of each Pokémon
|rule|OHKO Clause: OHKO moves are banned
|rule|Evasion Items Clause: Evasion items are banned
|rule|Evasion Moves Clause: Evasion moves are banned
|rule|Evasion Abilities Clause: Evasion abilities are banned
|rule|Sleep Moves Clause: Sleep-inducing moves are banned
|clearpoke
|poke|p1|Ogerpon-Wellspring, F|
|poke|p1|Slowking-Galar, M|
|poke|p1|Great Tusk|
|poke|p1|Moltres|
|poke|p1|Dragapult, F|
|poke|p1|Kingambit, F|
|poke|p2|Ogerpon-Cornerstone, F|
|poke|p2|Hatterene, F|
|poke|p2|Pecharunt|
|poke|p2|Landorus-Therian, M|
|poke|p2|Kingambit, F|
|poke|p2|Latios, M|
|teampreview
|inactive|Battle timer is ON: inactive players will automatically lose when time's up. (requested by lerendezvous)
|
|t:|1758357524
|teamsize|p1|6
|teamsize|p2|6
|start
|switch|p1a: Kingambit|Kingambit, F|100/100
|switch|p2a: Latios|Latios, M|100/100
|turn|1
|
|t:|1758357530
|switch|p2a: Landorus|Landorus-Therian, M|100/100
|-ability|p2a: Landorus|Intimidate|boost
|-unboost|p1a: Kingambit|atk|1
|-end|p1a: Kingambit|fallenundefined|[silent]
|switch|p1a: Slowking|Slowking-Galar, M|100/100
|
|upkeep
|turn|2
|
|t:|1758357534
|move|p2a: Landorus|Stealth Rock|p1a: Slowking
|-sidestart|p1: lerendezvous|move: Stealth Rock
|move|p1a: Slowking|Ice Beam|p2a: Landorus
|-supereffective|p2a: Landorus
|-damage|p2a: Landorus|0 fnt
|faint|p2a: Landorus
|
|upkeep
|
|t:|1758357542
|switch|p2a: Kingambit|Kingambit, F|100/100
|-activate|p2a: Kingambit|ability: Supreme Overlord
|-start|p2a: Kingambit|fallen1|[silent]
|turn|3
|
|t:|1758357547
|switch|p1a: Kingambit|Kingambit, F|100/100
|-damage|p1a: Kingambit|94/100|[from] Stealth Rock
|move|p2a: Kingambit|Swords Dance|p2a: Kingambit
|-boost|p2a: Kingambit|atk|2
|
|-heal|p1a: Kingambit|100/100|[from] item: Leftovers
|upkeep
|turn|4
|
|t:|1758357551
|-terastallize|p2a: Kingambit|Ghost
|move|p1a: Kingambit|Low Kick|p2a: Kingambit
|-immune|p2a: Kingambit
|move|p2a: Kingambit|Low Kick|p1a: Kingambit
|-supereffective|p1a: Kingambit
|-damage|p1a: Kingambit|0 fnt
|faint|p1a: Kingambit
|-end|p1a: Kingambit|fallenundefined|[silent]
|
|upkeep
|
|t:|1758357560
|switch|p1a: Moltres|Moltres|100/100
|turn|5
|
|t:|1758357567
|-end|p2a: Kingambit|fallen1|[silent]
|switch|p2a: Hatterene|Hatterene, F|100/100
|-terastallize|p1a: Moltres|Fairy
|move|p1a: Moltres|Flamethrower|p2a: Hatterene
|-damage|p2a: Hatterene|78/100
|
|upkeep
|turn|6
|
|t:|1758357575
|move|p1a: Moltres|U-turn|p2a: Hatterene
|-damage|p2a: Hatterene|62/100
|
|t:|1758357580
|switch|p1a: Slowking|Slowking-Galar, M|100/100|[from] U-turn
|-damage|p1a: Slowking|88/100|[from] Stealth Rock
|move|p2a: Hatterene|Nuzzle|p1a: Slowking
|-damage|p1a: Slowking|84/100
|-status|p1a: Slowking|par
|
|upkeep
|turn|7
|
|t:|1758357590
|switch|p2a: Kingambit|Kingambit, F, tera:Ghost|100/100
|-activate|p2a: Kingambit|ability: Supreme Overlord
|-start|p2a: Kingambit|fallen1|[silent]
|move|p1a: Slowking|Sludge Bomb|p2a: Kingambit
|-resisted|p2a: Kingambit
|-damage|p2a: Kingambit|76/100
|-status|p2a: Kingambit|psn
|
|-heal|p2a: Kingambit|82/100 psn|[from] item: Leftovers
|-damage|p2a: Kingambit|70/100 psn|[from] psn
|upkeep
|turn|8
|
|t:|1758357599
|switch|p1a: Great Tusk|Great Tusk|100/100
|-damage|p1a: Great Tusk|98/100|[from] Stealth Rock
|move|p2a: Kingambit|Kowtow Cleave|p1a: Great Tusk
|-resisted|p1a: Great Tusk
|-damage|p1a: Great Tusk|78/100
|-damage|p2a: Kingambit|53/100 psn|[from] item: Rocky Helmet|[of] p1a: Great Tusk
|
|-heal|p2a: Kingambit|59/100 psn|[from] item: Leftovers
|-damage|p2a: Kingambit|47/100 psn|[from] psn
|upkeep
|turn|9
|
|t:|1758357606
|move|p1a: Great Tusk|Stealth Rock|p2a: Kingambit
|-sidestart|p2: tokiwa kano|move: Stealth Rock
|move|p2a: Kingambit|Low Kick|p1a: Great Tusk
|-damage|p1a: Great Tusk|41/100
|-damage|p2a: Kingambit|31/100 psn|[from] item: Rocky Helmet|[of] p1a: Great Tusk
|
|-heal|p2a: Kingambit|37/100 psn|[from] item: Leftovers
|-damage|p2a: Kingambit|25/100 psn|[from] psn
|upkeep
|turn|10
|
|t:|1758357613
|-end|p2a: Kingambit|fallen1|[silent]
|switch|p2a: Latios|Latios, M|100/100
|-damage|p2a: Latios|88/100|[from] Stealth Rock
|move|p1a: Great Tusk|Headlong Rush|p2a: Latios
|-immune|p2a: Latios|[from] ability: Levitate
|
|upkeep
|turn|11
|
|t:|1758357617
|-end|p1a: Great Tusk|Protosynthesis|[silent]
|switch|p1a: Slowking|Slowking-Galar, M|100/100 par
|-damage|p1a: Slowking|88/100 par|[from] Stealth Rock
|move|p2a: Latios|Luster Purge|p1a: Slowking
|-damage|p1a: Slowking|62/100 par
|
|upkeep
|turn|12
|
|t:|1758357623
|move|p2a: Latios|Luster Purge|p1a: Slowking
|-damage|p1a: Slowking|37/100 par
|move|p1a: Slowking|Ice Beam|p2a: Latios
|-supereffective|p2a: Latios
|-damage|p2a: Latios|35/100
|
|upkeep
|turn|13
|
|t:|1758357629
|move|p2a: Latios|Luster Purge|p1a: Slowking
|-damage|p1a: Slowking|12/100 par
|-unboost|p1a: Slowking|spd|1
|move|p1a: Slowking|Ice Beam|p2a: Latios
|-supereffective|p2a: Latios
|-damage|p2a: Latios|0 fnt
|faint|p2a: Latios
|
|upkeep
|
|t:|1758357636
|switch|p2a: Hatterene|Hatterene, F|62/100
|-damage|p2a: Hatterene|49/100|[from] Stealth Rock
|turn|14
|
|t:|1758357641
|move|p2a: Hatterene|Psychic Noise|p1a: Slowking
|-damage|p1a: Slowking|0 fnt
|faint|p1a: Slowking
|
|upkeep
|
|t:|1758357645
|switch|p1a: Great Tusk|Great Tusk|41/100
|-damage|p1a: Great Tusk|38/100|[from] Stealth Rock
|turn|15
|
|t:|1758357651
|switch|p2a: Kingambit|Kingambit, F, tera:Ghost|25/100 psn
|-damage|p2a: Kingambit|12/100 psn|[from] Stealth Rock
|-activate|p2a: Kingambit|ability: Supreme Overlord
|-start|p2a: Kingambit|fallen2|[silent]
|move|p1a: Great Tusk|Headlong Rush|p2a: Kingambit
|-damage|p2a: Kingambit|0 fnt
|-unboost|p1a: Great Tusk|def|1
|-unboost|p1a: Great Tusk|spd|1
|faint|p2a: Kingambit
|-end|p2a: Kingambit|fallen2|[silent]
|
|upkeep
|
|t:|1758357655
|switch|p2a: Ogerpon|Ogerpon-Cornerstone, F|100/100
|-damage|p2a: Ogerpon|88/100|[from] Stealth Rock
|turn|16
|
|t:|1758357660
|-end|p1a: Great Tusk|Protosynthesis|[silent]
|switch|p1a: Moltres|Moltres, tera:Fairy|100/100
|move|p2a: Ogerpon|Power Whip|p1a: Moltres
|-damage|p1a: Moltres|51/100
|
|upkeep
|turn|17
|
|t:|1758357665
|move|p2a: Ogerpon|Ivy Cudgel|p1a: Moltres|[anim] Ivy Cudgel Rock
|-crit|p1a: Moltres
|-damage|p1a: Moltres|0 fnt
|faint|p1a: Moltres
|
|upkeep
|
|t:|1758357669
|switch|p1a: Dragapult|Dragapult, F|100/100
|turn|18
|
|t:|1758357674
|move|p1a: Dragapult|U-turn|p2a: Ogerpon
|-supereffective|p2a: Ogerpon
|-damage|p2a: Ogerpon|39/100
|
|t:|1758357678
|switch|p1a: Great Tusk|Great Tusk|38/100|[from] U-turn
|-damage|p1a: Great Tusk|35/100|[from] Stealth Rock
|move|p2a: Ogerpon|Knock Off|p1a: Great Tusk
|-resisted|p1a: Great Tusk
|-crit|p1a: Great Tusk
|-damage|p1a: Great Tusk|13/100
|-damage|p2a: Ogerpon|22/100|[from] item: Rocky Helmet|[of] p1a: Great Tusk
|-enditem|p1a: Great Tusk|Rocky Helmet|[from] move: Knock Off|[of] p2a: Ogerpon
|
|upkeep
|turn|19
|
|t:|1758357683
|move|p2a: Ogerpon|Power Whip|p1a: Great Tusk
|-supereffective|p1a: Great Tusk
|-damage|p1a: Great Tusk|0 fnt
|faint|p1a: Great Tusk
|-end|p1a: Great Tusk|Protosynthesis|[silent]
|
|upkeep
|
|t:|1758357687
|switch|p1a: Dragapult|Dragapult, F|100/100
|turn|20
|
|t:|1758357693
|move|p1a: Dragapult|Hex|p2a: Ogerpon
|-damage|p2a: Ogerpon|0 fnt
|faint|p2a: Ogerpon
|
|upkeep
|
|t:|1758357697
|switch|p2a: Hatterene|Hatterene, F|49/100
|-damage|p2a: Hatterene|37/100|[from] Stealth Rock
|turn|21
|
|t:|1758357701
|move|p1a: Dragapult|U-turn|p2a: Hatterene
|-damage|p2a: Hatterene|12/100
|
|t:|1758357706
|switch|p1a: Ogerpon|Ogerpon-Wellspring, F|100/100|[from] U-turn
|-damage|p1a: Ogerpon|88/100|[from] Stealth Rock
|move|p2a: Hatterene|Nuzzle|p1a: Ogerpon
|-damage|p1a: Ogerpon|83/100
|-status|p1a: Ogerpon|par
|
|upkeep
|turn|22
|
|t:|1758357712
|move|p1a: Ogerpon|U-turn|p2a: Hatterene
|-damage|p2a: Hatterene|0 fnt
|faint|p2a: Hatterene
|
|t:|1758357716
|switch|p1a: Dragapult|Dragapult, F|100/100|[from] U-turn
|
|upkeep
|
|t:|1758357718
|switch|p2a: Pecharunt|Pecharunt|100/100
|turn|23
|
|t:|1758357722
|move|p1a: Dragapult|Will-O-Wisp|p2a: Pecharunt
|-status|p2a: Pecharunt|brn
|move|p2a: Pecharunt|Shadow Ball|p1a: Dragapult
|-supereffective|p1a: Dragapult
|-damage|p1a: Dragapult|23/100
|-unboost|p1a: Dragapult|spd|1
|
|-damage|p2a: Pecharunt|94/100 brn|[from] brn
|upkeep
|turn|24
|
|t:|1758357726
|move|p1a: Dragapult|Hex|p2a: Pecharunt
|-supereffective|p2a: Pecharunt
|-damage|p2a: Pecharunt|0 fnt
|faint|p2a: Pecharunt
|
|win|lerendezvous
|raw|lerendezvous's rating: 1723 &rarr; <strong>1748</strong><br />(+25 for winning)
|raw|tokiwa kano's rating: 1809 &rarr; <strong>1784</strong><br />(-25 for losing)
|l|☆lerendezvous
|player|p1|
|l|☆tokiwa kano
|player|p2|
