|j|☆Ctannn
|j|☆ferguma
|t:|1758350100
|gametype|singles
|player|p1|Ctannn|2|1825
|player|p2|ferguma|lucas|1672
|gen|9
|tier|[Gen 9] OU
|rated|
|rule|HP Percentage Mod: HP is shown in percentages
|rule|Endless Battle Clause: Forcing endless battles is banned
|rule|Species Clause: Limit one of each Pokémon
|rule|OHKO Clause: OHKO moves are banned
|rule|Evasion Items Clause: Evasion items are banned
|rule|Evasion Moves Clause: Evasion moves are banned
|rule|Evasion Abilities Clause: Evasion abilities are banned
|rule|Sleep Moves Clause: Sleep-inducing moves are banned
|clearpoke
|poke|p1|Rillaboom, F|
|poke|p1|Garganacl, M|
|poke|p1|Cinderace, M|
|poke|p1|Raging Bolt|
|poke|p1|Slowking-Galar, M|
|poke|p1|Landorus-Therian, M|
|poke|p2|Meowscarada, M|
|poke|p2|Kingambit, F|
|poke|p2|Gholdengo|
|poke|p2|Great Tusk|
|poke|p2|Garganacl, F|
|poke|p2|Iron Valiant|
|teampreview
|
|t:|1758350107
|teamsize|p1|6
|teamsize|p2|6
|start
|switch|p1a: Cinderace|Cinderace, M|100/100
|switch|p2a: Meowscarada|Meowscarada, M|100/100
|turn|1
|inactive|Battle timer is ON: inactive players will automatically lose when time's up. (requested by ferguma)
|
|t:|1758350115
|switch|p1a: Slowking|Slowking-Galar, M|100/100
|move|p2a: Meowscarada|Spikes|p1a: Slowking
|-sidestart|p1: Ctannn|Spikes
|
|upkeep
|turn|2
|
|t:|1758350122
|move|p2a: Meowscarada|Knock Off|p1a: Slowking
|-supereffective|p1a: Slowking
|-damage|p1a: Slowking|35/100
|-damage|p2a: Meowscarada|84/100|[from] item: Rocky Helmet|[of] p1a: Slowking
|-enditem|p1a: Slowking|Rocky Helmet|[from] move: Knock Off|[of] p2a: Meowscarada
|move|p1a: Slowking|Ice Beam|p2a: Meowscarada
|-supereffective|p2a: Meowscarada
|-damage|p2a: Meowscarada|18/100
|-status|p2a: Meowscarada|frz
|
|upkeep
|turn|3
|
|t:|1758350134
|cant|p2a: Meowscarada|frz
|-prepare|p1a: Slowking|Chilly Reception|[premajor]
|move|p1a: Slowking|Chilly Reception|p1a: Slowking
|-weather|Snowscape
|
|t:|1758350141
|switch|p1a: Cinderace|Cinderace, M|100/100|[from] Chilly Reception
|
|-weather|Snowscape|[upkeep]
|upkeep
|turn|4
|
|t:|1758350147
|switch|p2a: Great Tusk|Great Tusk|100/100
|move|p1a: Cinderace|U-turn|p2a: Great Tusk
|-start|p1a: Cinderace|typechange|Bug|[from] ability: Libero
|-resisted|p2a: Great Tusk
|-damage|p2a: Great Tusk|93/100
|-damage|p1a: Cinderace|84/100|[from] item: Rocky Helmet|[of] p2a: Great Tusk
|
|t:|1758350157
|switch|p1a: Landorus|Landorus-Therian, M|100/100|[from] U-turn
|-ability|p1a: Landorus|Intimidate|boost
|-unboost|p2a: Great Tusk|atk|1
|
|-weather|Snowscape|[upkeep]
|upkeep
|turn|5
|
|t:|1758350161
|move|p2a: Great Tusk|Knock Off|p1a: Landorus
|-damage|p1a: Landorus|86/100
|-damage|p2a: Great Tusk|77/100|[from] item: Rocky Helmet|[of] p1a: Landorus
|-enditem|p1a: Landorus|Rocky Helmet|[from] move: Knock Off|[of] p2a: Great Tusk
|move|p1a: Landorus|Weather Ball|p2a: Great Tusk
|-supereffective|p2a: Great Tusk
|-damage|p2a: Great Tusk|11/100
|
|-weather|Snowscape|[upkeep]
|upkeep
|turn|6
|
|t:|1758350171
|-end|p2a: Great Tusk|Protosynthesis|[silent]
|switch|p2a: Meowscarada|Meowscarada, M|18/100 frz
|move|p1a: Landorus|Weather Ball|p2a: Meowscarada
|-supereffective|p2a: Meowscarada
|-damage|p2a: Meowscarada|0 fnt
|faint|p2a: Meowscarada
|
|-weather|Snowscape|[upkeep]
|upkeep
|
|t:|1758350181
|switch|p2a: Gholdengo|Gholdengo|100/100
|-item|p2a: Gholdengo|Air Balloon
|turn|7
|
|t:|1758350191
|move|p2a: Gholdengo|Make It Rain|p1a: Landorus
|-damage|p1a: Landorus|33/100
|-unboost|p2a: Gholdengo|spa|1
|move|p1a: Landorus|U-turn|p2a: Gholdengo
|-resisted|p2a: Gholdengo
|-damage|p2a: Gholdengo|96/100
|-enditem|p2a: Gholdengo|Air Balloon
|
|t:|1758350200
|switch|p1a: Cinderace|Cinderace, M|84/100|[from] U-turn
|
|-weather|none
|upkeep
|turn|8
|
|t:|1758350203
|switch|p2a: Great Tusk|Great Tusk|11/100
|move|p1a: Cinderace|Pyro Ball|p2a: Great Tusk
|-damage|p2a: Great Tusk|0 fnt
|faint|p2a: Great Tusk
|-end|p2a: Great Tusk|Protosynthesis|[silent]
|
|upkeep
|
|t:|1758350207
|switch|p2a: Garganacl|Garganacl, F|100/100
|turn|9
|
|t:|1758350210
|move|p1a: Cinderace|High Jump Kick|p2a: Garganacl
|-start|p1a: Cinderace|typechange|Fighting|[from] ability: Libero
|-supereffective|p2a: Garganacl
|-damage|p2a: Garganacl|15/100
|move|p2a: Garganacl|Salt Cure|p1a: Cinderace
|-resisted|p1a: Cinderace
|-damage|p1a: Cinderace|74/100
|-start|p1a: Cinderace|Salt Cure
|
|-heal|p2a: Garganacl|21/100|[from] item: Leftovers
|-damage|p1a: Cinderace|62/100|[from] Salt Cure
|upkeep
|turn|10
|
|t:|1758350213
|move|p1a: Cinderace|Court Change|p1a: Cinderace
|-swapsideconditions
|-activate|p1a: Cinderace|move: Court Change
|move|p2a: Garganacl|Recover|p2a: Garganacl
|-heal|p2a: Garganacl|71/100
|
|-heal|p2a: Garganacl|78/100|[from] item: Leftovers
|-damage|p1a: Cinderace|49/100|[from] Salt Cure
|upkeep
|turn|11
|
|t:|1758350219
|switch|p2a: Gholdengo|Gholdengo|96/100
|-damage|p2a: Gholdengo|83/100|[from] Spikes
|move|p1a: Cinderace|U-turn|p2a: Gholdengo
|-resisted|p2a: Gholdengo
|-crit|p2a: Gholdengo
|-damage|p2a: Gholdengo|75/100
|
|t:|1758350225
|switch|p1a: Raging Bolt|Raging Bolt|100/100|[from] U-turn
|
|upkeep
|turn|12
|
|t:|1758350228
|move|p1a: Raging Bolt|Thunderbolt|p2a: Gholdengo
|-damage|p2a: Gholdengo|19/100
|move|p2a: Gholdengo|Shadow Ball|p1a: Raging Bolt
|-damage|p1a: Raging Bolt|67/100
|
|upkeep
|turn|13
|
|t:|1758350233
|move|p1a: Raging Bolt|Thunderbolt|p2a: Gholdengo
|-damage|p2a: Gholdengo|0 fnt
|faint|p2a: Gholdengo
|
|upkeep
|
|t:|1758350235
|switch|p2a: Iron Valiant|Iron Valiant|100/100
|-damage|p2a: Iron Valiant|88/100|[from] Spikes
|-enditem|p2a: Iron Valiant|Booster Energy
|-activate|p2a: Iron Valiant|ability: Quark Drive|[fromitem]
|-start|p2a: Iron Valiant|quarkdrivespe
|turn|14
|
|t:|1758350238
|-end|p1a: Raging Bolt|Protosynthesis|[silent]
|switch|p1a: Landorus|Landorus-Therian, M|33/100
|-ability|p1a: Landorus|Intimidate|boost
|-unboost|p2a: Iron Valiant|atk|1
|move|p2a: Iron Valiant|Knock Off|p1a: Landorus
|-damage|p1a: Landorus|24/100
|
|upkeep
|turn|15
|
|t:|1758350241
|move|p2a: Iron Valiant|Moonblast|p1a: Landorus
|-damage|p1a: Landorus|0 fnt
|faint|p1a: Landorus
|
|upkeep
|
|t:|1758350244
|switch|p1a: Slowking|Slowking-Galar, M|68/100
|turn|16
|
|t:|1758350248
|-end|p2a: Iron Valiant|Quark Drive|[silent]
|switch|p2a: Kingambit|Kingambit, F|100/100
|-damage|p2a: Kingambit|88/100|[from] Spikes
|-activate|p2a: Kingambit|ability: Supreme Overlord
|-start|p2a: Kingambit|fallen3|[silent]
|move|p1a: Slowking|Psychic|p2a: Kingambit
|-immune|p2a: Kingambit
|
|-heal|p2a: Kingambit|94/100|[from] item: Leftovers
|upkeep
|turn|17
|
|t:|1758350252
|move|p2a: Kingambit|Swords Dance|p2a: Kingambit
|-boost|p2a: Kingambit|atk|2
|-prepare|p1a: Slowking|Chilly Reception|[premajor]
|move|p1a: Slowking|Chilly Reception|p1a: Slowking
|-weather|Snowscape
|
|t:|1758350254
|switch|p1a: Raging Bolt|Raging Bolt|67/100|[from] Chilly Reception
|
|-weather|Snowscape|[upkeep]
|-heal|p2a: Kingambit|99/100|[from] item: Leftovers
|upkeep
|turn|18
|
|t:|1758350258
|-terastallize|p1a: Raging Bolt|Fairy
|move|p1a: Raging Bolt|Thunderbolt|p2a: Kingambit
|-damage|p2a: Kingambit|23/100
|move|p2a: Kingambit|Kowtow Cleave|p1a: Raging Bolt
|-resisted|p1a: Raging Bolt
|-damage|p1a: Raging Bolt|2/100
|
|-weather|Snowscape|[upkeep]
|-heal|p2a: Kingambit|29/100|[from] item: Leftovers
|upkeep
|turn|19
|
|t:|1758350267
|move|p2a: Kingambit|Sucker Punch|p1a: Raging Bolt
|-resisted|p1a: Raging Bolt
|-damage|p1a: Raging Bolt|0 fnt
|faint|p1a: Raging Bolt
|-end|p1a: Raging Bolt|Protosynthesis|[silent]
|
|-weather|Snowscape|[upkeep]
|-heal|p2a: Kingambit|36/100|[from] item: Leftovers
|upkeep
|
|t:|1758350270
|switch|p1a: Rillaboom|Rillaboom, F|100/100
|-fieldstart|move: Grassy Terrain|[from] ability: Grassy Surge|[of] p1a: Rillaboom
|turn|20
|
|t:|1758350274
|move|p2a: Kingambit|Sucker Punch|p1a: Rillaboom
|-damage|p1a: Rillaboom|0 fnt
|faint|p1a: Rillaboom
|
|-weather|Snowscape|[upkeep]
|-heal|p2a: Kingambit|42/100|[from] Grassy Terrain
|-heal|p2a: Kingambit|48/100|[from] item: Leftovers
|upkeep
|-message|Ctannn forfeited.
|
|win|ferguma
|raw|Ctannn's rating: 1825 &rarr; <strong>1797</strong><br />(-28 for losing)
|raw|ferguma's rating: 1672 &rarr; <strong>1700</strong><br />(+28 for winning)
|l|☆Ctannn
|player|p1|
|l|☆ferguma
|player|p2|
