|j|☆mantikarp2.0
|j|☆Crocodile E
|t:|1758345510
|gametype|singles
|player|p1|mantikarp2.0|medium|1431
|player|p2|Crocodile E|depotagent|1459
|gen|9
|tier|[Gen 9] OU
|rated|
|rule|HP Percentage Mod: HP is shown in percentages
|rule|Endless Battle Clause: Forcing endless battles is banned
|rule|Species Clause: Limit one of each Pokémon
|rule|OHKO Clause: OHKO moves are banned
|rule|Evasion Items Clause: Evasion items are banned
|rule|Evasion Moves Clause: Evasion moves are banned
|rule|Evasion Abilities Clause: Evasion abilities are banned
|rule|Sleep Moves Clause: Sleep-inducing moves are banned
|clearpoke
|poke|p1|Ribombee, F|
|poke|p1|Gholdengo|
|poke|p1|Great Tusk|
|poke|p1|Raging Bolt|
|poke|p1|Ogerpon-Cornerstone, F|
|poke|p1|Ceruledge, F|
|poke|p2|Deoxys-Speed|
|poke|p2|Gholdengo|
|poke|p2|Ting-Lu|
|poke|p2|Ogerpon-Wellspring, F|
|poke|p2|Kingambit, F|
|poke|p2|Raging Bolt|
|teampreview
|inactive|Battle timer is ON: inactive players will automatically lose when time's up. (requested by mantikarp2.0)
|
|t:|1758345524
|teamsize|p1|6
|teamsize|p2|6
|start
|switch|p1a: NEW DROP|Ribombee, F, shiny|100/100
|switch|p2a: Deoxys|Deoxys-Speed|100/100
|-ability|p2a: Deoxys|Pressure
|turn|1
|
|t:|1758345527
|move|p2a: Deoxys|Knock Off|p1a: NEW DROP
|-resisted|p1a: NEW DROP
|-damage|p1a: NEW DROP|74/100
|-enditem|p1a: NEW DROP|Focus Sash|[from] move: Knock Off|[of] p2a: Deoxys
|move|p1a: NEW DROP|Sticky Web|p2a: Deoxys
|-sidestart|p2: Crocodile E|move: Sticky Web
|
|upkeep
|turn|2
|
|t:|1758345530
|move|p2a: Deoxys|Psycho Boost|p1a: NEW DROP|[miss]
|-miss|p2a: Deoxys|p1a: NEW DROP
|move|p1a: NEW DROP|Moonblast|p2a: Deoxys
|-damage|p2a: Deoxys|28/100
|
|upkeep
|turn|3
|
|t:|1758345533
|move|p2a: Deoxys|Psycho Boost|p1a: NEW DROP
|-damage|p1a: NEW DROP|0 fnt
|-unboost|p2a: Deoxys|spa|2
|faint|p1a: NEW DROP
|
|upkeep
|
|t:|1758345536
|switch|p1a: TORE UP|Ceruledge, F, shiny|100/100
|turn|4
|
|t:|1758345539
|move|p1a: TORE UP|Shadow Sneak|p2a: Deoxys
|-supereffective|p2a: Deoxys
|-damage|p2a: Deoxys|0 fnt
|faint|p2a: Deoxys
|
|upkeep
|
|t:|1758345545
|switch|p2a: Ting-Lu|Ting-Lu|100/100
|-activate|p2a: Ting-Lu|move: Sticky Web
|-unboost|p2a: Ting-Lu|spe|1
|-ability|p2a: Ting-Lu|Vessel of Ruin
|turn|5
|
|t:|1758345563
|switch|p1a: BANDIT|Great Tusk, shiny|100/100
|-enditem|p1a: BANDIT|Booster Energy
|-activate|p1a: BANDIT|ability: Protosynthesis|[fromitem]
|-start|p1a: BANDIT|protosynthesisatk
|move|p2a: Ting-Lu|Whirlwind|p1a: BANDIT
|-end|p1a: BANDIT|Protosynthesis|[silent]
|drag|p1a: BROTHER STONE|Ogerpon-Cornerstone, F|100/100
|
|upkeep
|turn|6
|
|t:|1758345573
|move|p1a: BROTHER STONE|Encore|p2a: Ting-Lu
|-start|p2a: Ting-Lu|Encore
|move|p2a: Ting-Lu|Whirlwind|p1a: BROTHER STONE
|drag|p1a: BANDIT|Great Tusk, shiny|100/100
|
|upkeep
|turn|7
|
|t:|1758345578
|switch|p2a: Gholdengo|Gholdengo|100/100
|-item|p2a: Gholdengo|Air Balloon
|move|p1a: BANDIT|Close Combat|p2a: Gholdengo
|-immune|p2a: Gholdengo
|
|upkeep
|turn|8
|
|t:|1758345584
|move|p1a: BANDIT|Ice Spinner|p2a: Gholdengo
|-resisted|p2a: Gholdengo
|-damage|p2a: Gholdengo|90/100
|-enditem|p2a: Gholdengo|Air Balloon
|move|p2a: Gholdengo|Nasty Plot|p2a: Gholdengo
|-boost|p2a: Gholdengo|spa|2
|
|upkeep
|turn|9
|
|t:|1758345589
|-terastallize|p2a: Gholdengo|Fairy
|move|p1a: BANDIT|Headlong Rush|p2a: Gholdengo
|-damage|p2a: Gholdengo|40/100
|-unboost|p1a: BANDIT|def|1
|-unboost|p1a: BANDIT|spd|1
|move|p2a: Gholdengo|Shadow Ball|p1a: BANDIT
|-crit|p1a: BANDIT
|-damage|p1a: BANDIT|0 fnt
|faint|p1a: BANDIT
|-end|p1a: BANDIT|Protosynthesis|[silent]
|
|upkeep
|
|t:|1758345606
|switch|p1a: BROTHER STONE|Ogerpon-Cornerstone, F|100/100
|turn|10
|
|t:|1758345611
|move|p1a: BROTHER STONE|Ivy Cudgel|p2a: Gholdengo|[anim] Ivy Cudgel Rock
|-damage|p2a: Gholdengo|0 fnt
|faint|p2a: Gholdengo
|
|upkeep
|
|t:|1758345617
|switch|p2a: Ogerpon|Ogerpon-Wellspring, F|100/100
|-activate|p2a: Ogerpon|move: Sticky Web
|-unboost|p2a: Ogerpon|spe|1
|turn|11
|
|t:|1758345627
|move|p1a: BROTHER STONE|Power Whip|p2a: Ogerpon
|-damage|p2a: Ogerpon|0 fnt
|faint|p2a: Ogerpon
|
|upkeep
|
|t:|1758345632
|switch|p2a: Kingambit|Kingambit, F|100/100
|-activate|p2a: Kingambit|move: Sticky Web
|-unboost|p2a: Kingambit|spe|1
|-activate|p2a: Kingambit|ability: Supreme Overlord
|-start|p2a: Kingambit|fallen3|[silent]
|turn|12
|
|t:|1758345635
|move|p1a: BROTHER STONE|Low Kick|p2a: Kingambit
|-supereffective|p2a: Kingambit
|-damage|p2a: Kingambit|0 fnt
|faint|p2a: Kingambit
|-end|p2a: Kingambit|fallen3|[silent]
|
|upkeep
|-message|Crocodile E forfeited.
|
|win|mantikarp2.0
|raw|mantikarp2.0's rating: 1431 &rarr; <strong>1453</strong><br />(+22 for winning)
|raw|Crocodile E's rating: 1459 &rarr; <strong>1437</strong><br />(-22 for losing)
|l|☆Crocodile E
|player|p2|
|l|☆mantikarp2.0
|player|p1|
