|j|☆LilSmoke445
|j|☆bobbydeoliscool
|t:|1758256447
|gametype|singles
|player|p1|LilSmoke445|alder|1354
|player|p2|bobbydeoliscool|265|1389
|gen|9
|tier|[Gen 9] OU
|rated|
|rule|HP Percentage Mod: HP is shown in percentages
|rule|Endless Battle Clause: Forcing endless battles is banned
|rule|Species Clause: Limit one of each Pokémon
|rule|OHKO Clause: OHKO moves are banned
|rule|Evasion Items Clause: Evasion items are banned
|rule|Evasion Moves Clause: Evasion moves are banned
|rule|Evasion Abilities Clause: Evasion abilities are banned
|rule|Sleep Moves Clause: Sleep-inducing moves are banned
|clearpoke
|poke|p1|Walking Wake|
|poke|p1|Torkoal, F|
|poke|p1|Lilligant-Hisui, F|
|poke|p1|Hatterene, F|
|poke|p1|Great Tusk|
|poke|p1|Samurott-Hisui, F|
|poke|p2|Moltres|
|poke|p2|Zamazenta-*|
|poke|p2|Darkrai|
|poke|p2|Hydrapple, M|
|poke|p2|Ting-Lu|
|poke|p2|Tinkaton, F|
|teampreview
|inactive|Battle timer is ON: inactive players will automatically lose when time's up. (requested by bobbydeoliscool)
|
|t:|1758256481
|teamsize|p1|6
|teamsize|p2|6
|start
|switch|p1a: Pood my drawers|Torkoal, F|100/100
|switch|p2a: Hydrapple|Hydrapple, M|100/100
|-weather|SunnyDay|[from] ability: Drought|[of] p1a: Pood my drawers
|turn|1
|
|t:|1758256487
|move|p2a: Hydrapple|Earth Power|p1a: Pood my drawers
|-supereffective|p1a: Pood my drawers
|-damage|p1a: Pood my drawers|37/100
|move|p1a: Pood my drawers|Lava Plume|p2a: Hydrapple
|-damage|p2a: Hydrapple|67/100
|
|-weather|SunnyDay|[upkeep]
|upkeep
|turn|2
|
|t:|1758256491
|move|p2a: Hydrapple|Fickle Beam|p1a: Pood my drawers|[anim] Fickle Beam All Out
|-activate|p2a: Hydrapple|move: Fickle Beam
|-damage|p1a: Pood my drawers|0 fnt
|faint|p1a: Pood my drawers
|
|-weather|SunnyDay|[upkeep]
|upkeep
|
|t:|1758256499
|switch|p1a: Shat my pants|Walking Wake|100/100
|-activate|p1a: Shat my pants|ability: Protosynthesis
|-start|p1a: Shat my pants|protosynthesisspe
|turn|3
|
|t:|1758256511
|switch|p2a: Tinkaton|Tinkaton, F|100/100
|-ability|p2a: Tinkaton|Mold Breaker
|-item|p2a: Tinkaton|Air Balloon
|move|p1a: Shat my pants|Dragon Pulse|p2a: Tinkaton
|-immune|p2a: Tinkaton
|
|-weather|SunnyDay|[upkeep]
|upkeep
|turn|4
|
|t:|1758256517
|-end|p1a: Shat my pants|Protosynthesis|[silent]
|switch|p1a: soild my undrgarms|Great Tusk|100/100
|-activate|p1a: soild my undrgarms|ability: Protosynthesis
|-start|p1a: soild my undrgarms|protosynthesisdef
|move|p2a: Tinkaton|Stealth Rock|p1a: soild my undrgarms
|-sidestart|p1: LilSmoke445|move: Stealth Rock
|
|-weather|SunnyDay|[upkeep]
|upkeep
|turn|5
|
|t:|1758256528
|switch|p2a: Moltres|Moltres|100/100
|move|p1a: soild my undrgarms|Rapid Spin|p2a: Moltres
|-damage|p2a: Moltres|90/100
|-boost|p1a: soild my undrgarms|spe|1
|-sideend|p1: LilSmoke445|Stealth Rock|[from] move: Rapid Spin|[of] p1a: soild my undrgarms
|
|-weather|SunnyDay|[upkeep]
|upkeep
|turn|6
|
|t:|1758256544
|-end|p1a: soild my undrgarms|Protosynthesis|[silent]
|switch|p1a: Shat my pants|Walking Wake|100/100
|-activate|p1a: Shat my pants|ability: Protosynthesis
|-start|p1a: Shat my pants|protosynthesisspe
|move|p2a: Moltres|Flamethrower|p1a: Shat my pants
|-resisted|p1a: Shat my pants
|-damage|p1a: Shat my pants|85/100
|
|-weather|SunnyDay|[upkeep]
|upkeep
|turn|7
|
|t:|1758256548
|switch|p2a: Tinkaton|Tinkaton, F|100/100
|-ability|p2a: Tinkaton|Mold Breaker
|-item|p2a: Tinkaton|Air Balloon
|-terastallize|p1a: Shat my pants|Water
|move|p1a: Shat my pants|Hydro Steam|p2a: Tinkaton
|-damage|p2a: Tinkaton|0 fnt
|-enditem|p2a: Tinkaton|Air Balloon
|faint|p2a: Tinkaton
|
|-weather|SunnyDay|[upkeep]
|upkeep
|
|t:|1758256558
|switch|p2a: Hydrapple|Hydrapple, M|99/100
|turn|8
|
|t:|1758256572
|move|p1a: Shat my pants|Hydro Steam|p2a: Hydrapple
|-resisted|p2a: Hydrapple
|-damage|p2a: Hydrapple|69/100
|move|p2a: Hydrapple|Giga Drain|p1a: Shat my pants
|-supereffective|p1a: Shat my pants
|-damage|p1a: Shat my pants|4/100
|-heal|p2a: Hydrapple|100/100|[from] drain|[of] p1a: Shat my pants
|
|-weather|none
|-end|p1a: Shat my pants|Protosynthesis
|upkeep
|turn|9
|
|t:|1758256578
|-end|p1a: Shat my pants|Protosynthesis|[silent]
|switch|p1a: NO. 2d my britches|Hatterene, F|100/100
|move|p2a: Hydrapple|Fickle Beam|p1a: NO. 2d my britches
|-immune|p1a: NO. 2d my britches
|
|upkeep
|turn|10
|
|t:|1758256585
|switch|p2a: Moltres|Moltres|90/100
|move|p1a: NO. 2d my britches|Nuzzle|p2a: Moltres
|-supereffective|p2a: Moltres
|-damage|p2a: Moltres|84/100
|-status|p2a: Moltres|par
|-status|p1a: NO. 2d my britches|brn|[from] ability: Flame Body|[of] p2a: Moltres
|
|-damage|p1a: NO. 2d my britches|95/100 brn|[from] brn
|upkeep
|turn|11
|
|t:|1758256591
|move|p1a: NO. 2d my britches|Psychic|p2a: Moltres
|-damage|p2a: Moltres|44/100 par
|cant|p2a: Moltres|par
|
|-damage|p1a: NO. 2d my britches|89/100 brn|[from] brn
|upkeep
|turn|12
|
|t:|1758256597
|move|p1a: NO. 2d my britches|Psychic|p2a: Moltres
|-crit|p2a: Moltres
|-damage|p2a: Moltres|0 fnt
|faint|p2a: Moltres
|
|-damage|p1a: NO. 2d my britches|83/100 brn|[from] brn
|upkeep
|
|t:|1758256620
|switch|p2a: Darkrai|Darkrai, shiny|100/100
|turn|13
|
|t:|1758256624
|-terastallize|p2a: Darkrai|Poison
|move|p2a: Darkrai|Sludge Bomb|p1a: NO. 2d my britches
|-supereffective|p1a: NO. 2d my britches
|-damage|p1a: NO. 2d my britches|0 fnt
|faint|p1a: NO. 2d my britches
|
|upkeep
|
|t:|1758256632
|switch|p1a: soild my undrgarms|Great Tusk|100/100
|turn|14
|
|t:|1758256638
|move|p2a: Darkrai|Ice Beam|p1a: soild my undrgarms
|-supereffective|p1a: soild my undrgarms
|-damage|p1a: soild my undrgarms|17/100
|move|p1a: soild my undrgarms|Earthquake|p2a: Darkrai
|-supereffective|p2a: Darkrai
|-damage|p2a: Darkrai|0 fnt
|faint|p2a: Darkrai
|
|-heal|p1a: soild my undrgarms|23/100|[from] item: Leftovers
|upkeep
|
|t:|1758256641
|switch|p2a: Ting-Lu|Ting-Lu|100/100
|-ability|p2a: Ting-Lu|Vessel of Ruin
|turn|15
|
|t:|1758256647
|move|p1a: soild my undrgarms|Body Press|p2a: Ting-Lu
|-supereffective|p2a: Ting-Lu
|-crit|p2a: Ting-Lu
|-damage|p2a: Ting-Lu|19/100
|move|p2a: Ting-Lu|Spikes|p1a: soild my undrgarms
|-sidestart|p1: LilSmoke445|Spikes
|
|-heal|p1a: soild my undrgarms|29/100|[from] item: Leftovers
|-heal|p2a: Ting-Lu|26/100|[from] item: Leftovers
|upkeep
|turn|16
|
|t:|1758256653
|move|p1a: soild my undrgarms|Body Press|p2a: Ting-Lu
|-supereffective|p2a: Ting-Lu
|-damage|p2a: Ting-Lu|0 fnt
|faint|p2a: Ting-Lu
|
|-heal|p1a: soild my undrgarms|35/100|[from] item: Leftovers
|upkeep
|
|t:|1758256655
|switch|p2a: Zamazenta|Zamazenta|100/100
|-ability|p2a: Zamazenta|Dauntless Shield|boost
|-boost|p2a: Zamazenta|def|1
|turn|17
|
|t:|1758256671
|-end|p1a: soild my undrgarms|Protosynthesis|[silent]
|switch|p1a: Shat my pants|Walking Wake, tera:Water|4/100
|-damage|p1a: Shat my pants|0 fnt|[from] Spikes
|faint|p1a: Shat my pants
|-end|p1a: Shat my pants|Protosynthesis|[silent]
|move|p2a: Zamazenta|Close Combat|p1: Shat my pants|[notarget]
|-fail|p2a: Zamazenta
|
|upkeep
|
|t:|1758256678
|switch|p1a: Leaf my undies|Lilligant-Hisui, F, shiny|100/100
|-damage|p1a: Leaf my undies|88/100|[from] Spikes
|turn|18
|
|t:|1758256681
|move|p2a: Zamazenta|Close Combat|p1a: Leaf my undies
|-damage|p1a: Leaf my undies|4/100
|-unboost|p2a: Zamazenta|def|1
|-unboost|p2a: Zamazenta|spd|1
|move|p1a: Leaf my undies|Victory Dance|p1a: Leaf my undies
|-boost|p1a: Leaf my undies|atk|1
|-boost|p1a: Leaf my undies|def|1
|-boost|p1a: Leaf my undies|spe|1
|
|upkeep
|turn|19
|
|t:|1758256687
|move|p1a: Leaf my undies|Leaf Blade|p2a: Zamazenta
|-damage|p2a: Zamazenta|13/100
|-damage|p1a: Leaf my undies|0 fnt|[from] item: Life Orb
|faint|p1a: Leaf my undies
|move|p2a: Zamazenta|Crunch|p1: Leaf my undies|[notarget]
|-fail|p2a: Zamazenta
|
|upkeep
|inactive|LilSmoke445 has 120 seconds left.
|
|t:|1758256727
|switch|p1a: Water|Samurott-Hisui, F|100/100
|turn|20
|inactive|LilSmoke445 has 120 seconds left.
|
|t:|1758256755
|move|p2a: Zamazenta|Close Combat|p1a: Water
|-supereffective|p1a: Water
|-damage|p1a: Water|0 fnt
|-unboost|p2a: Zamazenta|def|1
|-unboost|p2a: Zamazenta|spd|1
|faint|p1a: Water
|
|upkeep
|
|t:|1758256758
|switch|p1a: soild my undrgarms|Great Tusk|35/100
|-damage|p1a: soild my undrgarms|23/100|[from] Spikes
|turn|21
|
|t:|1758256764
|move|p2a: Zamazenta|Close Combat|p1a: soild my undrgarms
|-damage|p1a: soild my undrgarms|0 fnt
|-unboost|p2a: Zamazenta|def|1
|-unboost|p2a: Zamazenta|spd|1
|faint|p1a: soild my undrgarms
|-end|p1a: soild my undrgarms|Protosynthesis|[silent]
|
|win|bobbydeoliscool
|raw|LilSmoke445's rating: 1354 &rarr; <strong>1336</strong><br />(-18 for losing)
|raw|bobbydeoliscool's rating: 1389 &rarr; <strong>1407</strong><br />(+18 for winning)
|l|☆bobbydeoliscool
|player|p2|
|l|☆LilSmoke445
|player|p1|
