|j|☆Jukiepoo
|j|☆darkmaniman+minus
|t:|1758269071
|gametype|singles
|player|p1|Jukiepoo|1|1399
|player|p2|darkmaniman+minus|palmer|1379
|gen|9
|tier|[Gen 9] OU
|rated|
|rule|HP Percentage Mod: HP is shown in percentages
|rule|Endless Battle Clause: Forcing endless battles is banned
|rule|Species Clause: Limit one of each Pokémon
|rule|OHKO Clause: OHKO moves are banned
|rule|Evasion Items Clause: Evasion items are banned
|rule|Evasion Moves Clause: Evasion moves are banned
|rule|Evasion Abilities Clause: Evasion abilities are banned
|rule|Sleep Moves Clause: Sleep-inducing moves are banned
|clearpoke
|poke|p1|Gholdengo|
|poke|p1|Dragonite, M|
|poke|p1|Slowking-Galar, M|
|poke|p1|Iron Treads|
|poke|p1|Quaquaval, F|
|poke|p1|Ting-Lu|
|poke|p2|Drifblim, M|
|poke|p2|Rillaboom, M|
|poke|p2|Magnezone|
|poke|p2|Ogerpon-Wellspring, F|
|poke|p2|Slowking-Galar, F|
|poke|p2|Cinderace, M|
|teampreview
|
|t:|1758269083
|teamsize|p1|6
|teamsize|p2|6
|start
|switch|p1a: Iron Treads|Iron Treads|100/100
|switch|p2a: Rillaboom|Rillaboom, M|100/100
|-fieldstart|move: Grassy Terrain|[from] ability: Grassy Surge|[of] p2a: Rillaboom
|turn|1
|
|t:|1758269095
|move|p2a: Rillaboom|Grassy Glide|p1a: Iron Treads
|-damage|p1a: Iron Treads|64/100
|move|p1a: Iron Treads|Stealth Rock|p2a: Rillaboom
|-sidestart|p2: darkmaniman+minus|move: Stealth Rock
|
|-heal|p1a: Iron Treads|70/100|[from] Grassy Terrain
|-heal|p1a: Iron Treads|76/100|[from] item: Leftovers
|upkeep
|turn|2
|
|t:|1758269105
|move|p2a: Rillaboom|Grassy Glide|p1a: Iron Treads
|-damage|p1a: Iron Treads|42/100
|move|p1a: Iron Treads|Knock Off|p2a: Rillaboom
|-damage|p2a: Rillaboom|73/100
|-enditem|p2a: Rillaboom|Terrain Extender|[from] move: Knock Off|[of] p1a: Iron Treads
|
|-heal|p1a: Iron Treads|48/100|[from] Grassy Terrain
|-heal|p1a: Iron Treads|54/100|[from] item: Leftovers
|-heal|p2a: Rillaboom|79/100|[from] Grassy Terrain
|upkeep
|turn|3
|
|t:|1758269126
|-end|p1a: Iron Treads|Quark Drive|[silent]
|switch|p1a: Slowking|Slowking-Galar, M|100/100
|move|p2a: Rillaboom|U-turn|p1a: Slowking
|-damage|p1a: Slowking|83/100
|
|t:|1758269136
|switch|p2a: Ogerpon|Ogerpon-Wellspring, F|100/100|[from] U-turn
|-damage|p2a: Ogerpon|88/100|[from] Stealth Rock
|
|-heal|p2a: Ogerpon|94/100|[from] Grassy Terrain
|-heal|p1a: Slowking|89/100|[from] Grassy Terrain
|upkeep
|turn|4
|
|t:|1758269147
|move|p2a: Ogerpon|Swords Dance|p2a: Ogerpon
|-boost|p2a: Ogerpon|atk|2
|move|p1a: Slowking|Sludge Bomb|p2a: Ogerpon
|-supereffective|p2a: Ogerpon
|-damage|p2a: Ogerpon|20/100
|-status|p2a: Ogerpon|psn
|
|-heal|p2a: Ogerpon|26/100 psn|[from] Grassy Terrain
|-heal|p1a: Slowking|95/100|[from] Grassy Terrain
|-damage|p2a: Ogerpon|13/100 psn|[from] psn
|upkeep
|turn|5
|
|t:|1758269177
|move|p2a: Ogerpon|Play Rough|p1a: Slowking
|-resisted|p1a: Slowking
|-damage|p1a: Slowking|68/100
|move|p1a: Slowking|Sludge Bomb|p2a: Ogerpon
|-supereffective|p2a: Ogerpon
|-damage|p2a: Ogerpon|0 fnt
|faint|p2a: Ogerpon
|
|-heal|p1a: Slowking|74/100|[from] Grassy Terrain
|upkeep
|
|t:|1758269185
|switch|p2a: Magnezone|Magnezone|100/100
|-damage|p2a: Magnezone|94/100|[from] Stealth Rock
|turn|6
|
|t:|1758269199
|move|p2a: Magnezone|Flash Cannon|p1a: Slowking
|-damage|p1a: Slowking|21/100
|move|p1a: Slowking|Future Sight|p2a: Magnezone
|-start|p1a: Slowking|move: Future Sight
|
|-heal|p2a: Magnezone|100/100|[from] Grassy Terrain
|-heal|p1a: Slowking|27/100|[from] Grassy Terrain
|upkeep
|turn|7
|
|t:|1758269206
|switch|p1a: Ting-Lu|Ting-Lu|100/100
|-ability|p1a: Ting-Lu|Vessel of Ruin
|move|p2a: Magnezone|Flash Cannon|p1a: Ting-Lu
|-damage|p1a: Ting-Lu|64/100
|
|-heal|p1a: Ting-Lu|70/100|[from] Grassy Terrain
|-heal|p1a: Ting-Lu|76/100|[from] item: Leftovers
|upkeep
|turn|8
|
|t:|1758269219
|switch|p2a: Slowking|Slowking-Galar, F|100/100
|move|p1a: Ting-Lu|Spikes|p2a: Slowking
|-sidestart|p2: darkmaniman+minus|Spikes
|
|-end|p2a: Slowking|move: Future Sight
|-damage|p2a: Slowking|80/100
|-heal|p1a: Ting-Lu|82/100|[from] Grassy Terrain
|-heal|p1a: Ting-Lu|89/100|[from] item: Leftovers
|-heal|p2a: Slowking|86/100|[from] Grassy Terrain
|-fieldend|move: Grassy Terrain
|upkeep
|turn|9
|
|t:|1758269232
|switch|p2a: Cinderace|Cinderace, M|100/100
|move|p1a: Ting-Lu|Spikes|p2a: Cinderace
|-sidestart|p2: darkmaniman+minus|Spikes
|
|-heal|p1a: Ting-Lu|95/100|[from] item: Leftovers
|upkeep
|turn|10
|
|t:|1758269240
|move|p2a: Cinderace|Court Change|p2a: Cinderace
|-swapsideconditions
|-activate|p2a: Cinderace|move: Court Change
|move|p1a: Ting-Lu|Earthquake|p2a: Cinderace
|-supereffective|p2a: Cinderace
|-damage|p2a: Cinderace|15/100
|
|-heal|p1a: Ting-Lu|100/100|[from] item: Leftovers
|upkeep
|turn|11
|
|t:|1758269250
|move|p2a: Cinderace|U-turn|p1a: Ting-Lu
|-supereffective|p1a: Ting-Lu
|-damage|p1a: Ting-Lu|79/100
|
|t:|1758269253
|switch|p2a: Rillaboom|Rillaboom, M|79/100|[from] U-turn
|-fieldstart|move: Grassy Terrain|[from] ability: Grassy Surge|[of] p2a: Rillaboom
|move|p1a: Ting-Lu|Earthquake|p2a: Rillaboom
|-resisted|p2a: Rillaboom
|-damage|p2a: Rillaboom|70/100
|
|-heal|p2a: Rillaboom|76/100|[from] Grassy Terrain
|-heal|p1a: Ting-Lu|85/100|[from] Grassy Terrain
|-heal|p1a: Ting-Lu|92/100|[from] item: Leftovers
|upkeep
|turn|12
|
|t:|1758269259
|move|p2a: Rillaboom|U-turn|p1a: Ting-Lu
|-supereffective|p1a: Ting-Lu
|-damage|p1a: Ting-Lu|63/100
|
|t:|1758269263
|switch|p2a: Cinderace|Cinderace, M|15/100|[from] U-turn
|move|p1a: Ting-Lu|Spikes|p2a: Cinderace
|-sidestart|p2: darkmaniman+minus|Spikes
|
|-heal|p2a: Cinderace|21/100|[from] Grassy Terrain
|-heal|p1a: Ting-Lu|69/100|[from] Grassy Terrain
|-heal|p1a: Ting-Lu|76/100|[from] item: Leftovers
|upkeep
|turn|13
|
|t:|1758269273
|move|p2a: Cinderace|Will-O-Wisp|p1a: Ting-Lu
|-status|p1a: Ting-Lu|brn
|move|p1a: Ting-Lu|Earthquake|p2a: Cinderace
|-supereffective|p2a: Cinderace
|-damage|p2a: Cinderace|0 fnt
|faint|p2a: Cinderace
|
|-heal|p1a: Ting-Lu|82/100 brn|[from] Grassy Terrain
|-heal|p1a: Ting-Lu|88/100 brn|[from] item: Leftovers
|-damage|p1a: Ting-Lu|82/100 brn|[from] brn
|upkeep
|
|t:|1758269277
|switch|p2a: Magnezone|Magnezone|100/100
|-damage|p2a: Magnezone|88/100|[from] Spikes
|turn|14
|
|t:|1758269280
|move|p2a: Magnezone|Flash Cannon|p1a: Ting-Lu
|-damage|p1a: Ting-Lu|53/100 brn
|move|p1a: Ting-Lu|Earthquake|p2a: Magnezone
|-supereffective|p2a: Magnezone
|-damage|p2a: Magnezone|54/100
|
|-heal|p2a: Magnezone|60/100|[from] Grassy Terrain
|-heal|p1a: Ting-Lu|59/100 brn|[from] Grassy Terrain
|-heal|p1a: Ting-Lu|65/100 brn|[from] item: Leftovers
|-damage|p1a: Ting-Lu|59/100 brn|[from] brn
|upkeep
|turn|15
|
|t:|1758269287
|move|p2a: Magnezone|Flash Cannon|p1a: Ting-Lu
|-damage|p1a: Ting-Lu|30/100 brn
|move|p1a: Ting-Lu|Spikes|p2a: Magnezone
|-sidestart|p2: darkmaniman+minus|Spikes
|
|-heal|p2a: Magnezone|66/100|[from] Grassy Terrain
|-heal|p1a: Ting-Lu|36/100 brn|[from] Grassy Terrain
|-heal|p1a: Ting-Lu|43/100 brn|[from] item: Leftovers
|-damage|p1a: Ting-Lu|36/100 brn|[from] brn
|-fieldend|move: Grassy Terrain
|upkeep
|turn|16
|
|t:|1758269294
|switch|p2a: Rillaboom|Rillaboom, M|76/100
|-damage|p2a: Rillaboom|60/100|[from] Spikes
|-fieldstart|move: Grassy Terrain|[from] ability: Grassy Surge|[of] p2a: Rillaboom
|move|p1a: Ting-Lu|Spikes|p2a: Rillaboom
|-sidestart|p2: darkmaniman+minus|Spikes
|
|-heal|p2a: Rillaboom|66/100|[from] Grassy Terrain
|-heal|p1a: Ting-Lu|43/100 brn|[from] Grassy Terrain
|-heal|p1a: Ting-Lu|49/100 brn|[from] item: Leftovers
|-damage|p1a: Ting-Lu|43/100 brn|[from] brn
|upkeep
|turn|17
|
|t:|1758269302
|move|p2a: Rillaboom|Leech Seed|p1a: Ting-Lu
|-start|p1a: Ting-Lu|move: Leech Seed
|move|p1a: Ting-Lu|Ruination|p2a: Rillaboom
|-damage|p2a: Rillaboom|33/100
|
|-heal|p2a: Rillaboom|40/100|[from] Grassy Terrain
|-heal|p1a: Ting-Lu|49/100 brn|[from] Grassy Terrain
|-heal|p1a: Ting-Lu|55/100 brn|[from] item: Leftovers
|-damage|p1a: Ting-Lu|43/100 brn|[from] Leech Seed|[of] p2a: Rillaboom
|-heal|p2a: Rillaboom|58/100|[silent]
|-damage|p1a: Ting-Lu|36/100 brn|[from] brn
|upkeep
|turn|18
|
|t:|1758269313
|switch|p2a: Magnezone|Magnezone|66/100
|-damage|p2a: Magnezone|41/100|[from] Spikes
|move|p1a: Ting-Lu|Whirlwind|p2a: Magnezone
|drag|p2a: Slowking|Slowking-Galar, F|100/100
|
|-heal|p1a: Ting-Lu|43/100 brn|[from] Grassy Terrain
|-heal|p1a: Ting-Lu|49/100 brn|[from] item: Leftovers
|-damage|p1a: Ting-Lu|36/100 brn|[from] Leech Seed|[of] p2a: Slowking
|-damage|p1a: Ting-Lu|30/100 brn|[from] brn
|upkeep
|turn|19
|
|t:|1758269327
|switch|p1a: Iron Treads|Iron Treads|54/100
|-damage|p1a: Iron Treads|51/100|[from] Stealth Rock
|-damage|p1a: Iron Treads|34/100|[from] Spikes
|move|p2a: Slowking|Future Sight|p1a: Iron Treads
|-start|p2a: Slowking|move: Future Sight
|
|-heal|p1a: Iron Treads|41/100|[from] Grassy Terrain
|-heal|p1a: Iron Treads|47/100|[from] item: Leftovers
|upkeep
|turn|20
|
|t:|1758269342
|switch|p2a: Drifblim|Drifblim, M|100/100
|-enditem|p2a: Drifblim|Grassy Seed
|-boost|p2a: Drifblim|def|1|[from] item: Grassy Seed
|move|p1a: Iron Treads|Knock Off|p2a: Drifblim
|-supereffective|p2a: Drifblim
|-damage|p2a: Drifblim|71/100
|
|-heal|p1a: Iron Treads|53/100|[from] Grassy Terrain
|-heal|p1a: Iron Treads|59/100|[from] item: Leftovers
|-fieldend|move: Grassy Terrain
|upkeep
|turn|21
|
|t:|1758269362
|move|p2a: Drifblim|Calm Mind|p2a: Drifblim
|-boost|p2a: Drifblim|spa|1
|-boost|p2a: Drifblim|spd|1
|move|p1a: Iron Treads|Stealth Rock|p2a: Drifblim
|-sidestart|p2: darkmaniman+minus|move: Stealth Rock
|
|-end|p1a: Iron Treads|move: Future Sight
|-resisted|p1a: Iron Treads
|-damage|p1a: Iron Treads|29/100
|-heal|p1a: Iron Treads|35/100|[from] item: Leftovers
|upkeep
|turn|22
|
|t:|1758269370
|-end|p1a: Iron Treads|Quark Drive|[silent]
|switch|p1a: Ting-Lu|Ting-Lu|30/100 brn
|-damage|p1a: Ting-Lu|24/100 brn|[from] Stealth Rock
|-damage|p1a: Ting-Lu|7/100 brn|[from] Spikes
|-ability|p1a: Ting-Lu|Vessel of Ruin
|move|p2a: Drifblim|Calm Mind|p2a: Drifblim
|-boost|p2a: Drifblim|spa|1
|-boost|p2a: Drifblim|spd|1
|
|-heal|p1a: Ting-Lu|14/100 brn|[from] item: Leftovers
|-damage|p1a: Ting-Lu|7/100 brn|[from] brn
|upkeep
|turn|23
|
|t:|1758269373
|move|p2a: Drifblim|Shadow Ball|p1a: Ting-Lu
|-resisted|p1a: Ting-Lu
|-damage|p1a: Ting-Lu|0 fnt
|faint|p1a: Ting-Lu
|
|upkeep
|
|t:|1758269391
|switch|p1a: Gholdengo|Gholdengo|100/100
|-damage|p1a: Gholdengo|94/100|[from] Stealth Rock
|-damage|p1a: Gholdengo|78/100|[from] Spikes
|turn|24
|
|t:|1758269403
|-terastallize|p1a: Gholdengo|Fairy
|move|p2a: Drifblim|Shadow Ball|p1a: Gholdengo
|-damage|p1a: Gholdengo|0 fnt
|faint|p1a: Gholdengo
|
|upkeep
|c|☆darkmaniman+minus|K bro
|c|☆darkmaniman+minus|Wrap it up
|
|t:|1758269421
|switch|p1a: Iron Treads|Iron Treads|35/100
|-damage|p1a: Iron Treads|32/100|[from] Stealth Rock
|-damage|p1a: Iron Treads|16/100|[from] Spikes
|turn|25
|
|t:|1758269425
|move|p2a: Drifblim|Shadow Ball|p1a: Iron Treads
|-damage|p1a: Iron Treads|0 fnt
|faint|p1a: Iron Treads
|-end|p1a: Iron Treads|Quark Drive|[silent]
|
|upkeep
|
|t:|1758269435
|switch|p1a: Slowking|Slowking-Galar, M|61/100
|-damage|p1a: Slowking|48/100|[from] Stealth Rock
|-damage|p1a: Slowking|32/100|[from] Spikes
|turn|26
|
|t:|1758269438
|move|p2a: Drifblim|Shadow Ball|p1a: Slowking
|-supereffective|p1a: Slowking
|-damage|p1a: Slowking|0 fnt
|faint|p1a: Slowking
|
|upkeep
|
|t:|1758269441
|switch|p1a: Quaquaval|Quaquaval, F|100/100
|-damage|p1a: Quaquaval|94/100|[from] Stealth Rock
|-damage|p1a: Quaquaval|78/100|[from] Spikes
|turn|27
|
|t:|1758269444
|move|p1a: Quaquaval|Aqua Jet|p2a: Drifblim
|-damage|p2a: Drifblim|46/100
|move|p2a: Drifblim|Will-O-Wisp|p1a: Quaquaval
|-status|p1a: Quaquaval|brn
|
|-damage|p1a: Quaquaval|72/100 brn|[from] brn
|upkeep
|turn|28
|
|t:|1758269449
|move|p1a: Quaquaval|Aqua Jet|p2a: Drifblim
|-damage|p2a: Drifblim|34/100
|move|p2a: Drifblim|Calm Mind|p2a: Drifblim
|-boost|p2a: Drifblim|spa|1
|-boost|p2a: Drifblim|spd|1
|
|-damage|p1a: Quaquaval|66/100 brn|[from] brn
|upkeep
|turn|29
|
|t:|1758269452
|move|p1a: Quaquaval|Aqua Jet|p2a: Drifblim
|-damage|p2a: Drifblim|21/100
|move|p2a: Drifblim|Strength Sap|p1a: Quaquaval
|-unboost|p1a: Quaquaval|atk|1
|-heal|p2a: Drifblim|98/100
|
|-damage|p1a: Quaquaval|60/100 brn|[from] brn
|upkeep
|turn|30
|
|t:|1758269457
|move|p1a: Quaquaval|Aqua Jet|p2a: Drifblim
|-damage|p2a: Drifblim|90/100
|move|p2a: Drifblim|Calm Mind|p2a: Drifblim
|-boost|p2a: Drifblim|spa|1
|-boost|p2a: Drifblim|spd|1
|
|-damage|p1a: Quaquaval|54/100 brn|[from] brn
|upkeep
|turn|31
|-message|Jukiepoo forfeited.
|
|win|darkmaniman+minus
|raw|Jukiepoo's rating: 1399 &rarr; <strong>1378</strong><br />(-21 for losing)
|raw|darkmaniman+minus's rating: 1379 &rarr; <strong>1400</strong><br />(+21 for winning)
|l|☆Jukiepoo
|player|p1|
|l|☆darkmaniman+minus
|player|p2|
