|j|☆711851l
|j|☆djalove62
|t:|1758356421
|gametype|singles
|player|p1|711851l|unknown|1143
|player|p2|djalove62|waitress|1110
|gen|9
|tier|[Gen 9] OU
|rated|
|rule|HP Percentage Mod: HP is shown in percentages
|rule|Endless Battle Clause: Forcing endless battles is banned
|rule|Species Clause: Limit one of each Pokémon
|rule|OHKO Clause: OHKO moves are banned
|rule|Evasion Items Clause: Evasion items are banned
|rule|Evasion Moves Clause: Evasion moves are banned
|rule|Evasion Abilities Clause: Evasion abilities are banned
|rule|Sleep Moves Clause: Sleep-inducing moves are banned
|clearpoke
|poke|p1|Incineroar, F|
|poke|p1|Typhlosion-Hisui, F|
|poke|p1|Serperior, M|
|poke|p1|Chesnaught, M|
|poke|p1|Greninja-*, M|
|poke|p1|Empoleon, F|
|poke|p2|Reuniclus, M|
|poke|p2|Dragonite, F|
|poke|p2|Alomomola, F|
|poke|p2|Mandibuzz, F|
|poke|p2|Tornadus-Therian, M|
|poke|p2|Dipplin, M|
|teampreview
|inactive|Battle timer is ON: inactive players will automatically lose when time's up. (requested by 711851l)
|
|t:|1758356428
|teamsize|p1|6
|teamsize|p2|6
|start
|switch|p1a: Incineroar|Incineroar, F|100/100
|switch|p2a: Reuniclus|Reuniclus, M, shiny|100/100
|-ability|p1a: Incineroar|Intimidate|boost
|-unboost|p2a: Reuniclus|atk|1
|turn|1
|
|t:|1758356450
|switch|p2a: Dipplin|Dipplin, M|100/100
|move|p1a: Incineroar|Knock Off|p2a: Dipplin
|-damage|p2a: Dipplin|82/100
|-activate|p2a: Dipplin|ability: Sticky Hold
|
|upkeep
|turn|2
|
|t:|1758356459
|move|p1a: Incineroar|Parting Shot|p2a: Dipplin
|-unboost|p2a: Dipplin|atk|1
|-unboost|p2a: Dipplin|spa|1
|
|t:|1758356472
|switch|p1a: Serperior|Serperior, M, shiny|100/100|[from] Parting Shot
|move|p2a: Dipplin|Infestation|p1a: Serperior
|-supereffective|p1a: Serperior
|-crit|p1a: Serperior
|-damage|p1a: Serperior|84/100
|-activate|p1a: Serperior|move: Infestation|[of] p2a: Dipplin
|
|-damage|p1a: Serperior|72/100|[from] move: Infestation|[partiallytrapped]
|upkeep
|turn|3
|
|t:|1758356485
|move|p1a: Serperior|Leaf Storm|p2a: Dipplin
|-resisted|p2a: Dipplin
|-damage|p2a: Dipplin|74/100
|-boost|p1a: Serperior|spa|2
|-heal|p1a: Serperior|73/100|[from] item: Shell Bell|[of] p2a: Dipplin
|move|p2a: Dipplin|Dragon Breath|p1a: Serperior
|-damage|p1a: Serperior|57/100
|
|-damage|p1a: Serperior|44/100|[from] move: Infestation|[partiallytrapped]
|upkeep
|turn|4
|
|t:|1758356498
|move|p1a: Serperior|Leaf Storm|p2a: Dipplin
|-resisted|p2a: Dipplin
|-damage|p2a: Dipplin|57/100
|-boost|p1a: Serperior|spa|2
|-heal|p1a: Serperior|47/100|[from] item: Shell Bell|[of] p2a: Dipplin
|move|p2a: Dipplin|Dragon Breath|p1a: Serperior
|-damage|p1a: Serperior|33/100
|-status|p1a: Serperior|par
|
|-damage|p1a: Serperior|20/100 par|[from] move: Infestation|[partiallytrapped]
|upkeep
|turn|5
|
|t:|1758356510
|cant|p1a: Serperior|par
|move|p2a: Dipplin|Recover|p2a: Dipplin
|-heal|p2a: Dipplin|100/100
|
|-damage|p1a: Serperior|8/100 par|[from] move: Infestation|[partiallytrapped]
|upkeep
|turn|6
|
|t:|1758356518
|move|p1a: Serperior|Dragon Pulse|p2a: Dipplin
|-supereffective|p2a: Dipplin
|-damage|p2a: Dipplin|6/100
|-heal|p1a: Serperior|21/100 par|[from] item: Shell Bell|[of] p2a: Dipplin
|move|p2a: Dipplin|Recover|p2a: Dipplin
|-heal|p2a: Dipplin|56/100
|
|-damage|p1a: Serperior|9/100 par|[from] move: Infestation|[partiallytrapped]
|upkeep
|turn|7
|
|t:|1758356545
|switch|p2a: Tornadus|Tornadus-Therian, M|100/100
|move|p1a: Serperior|Dragon Pulse|p2a: Tornadus
|-damage|p2a: Tornadus|28/100
|-heal|p1a: Serperior|17/100 par|[from] item: Shell Bell|[of] p2a: Tornadus
|
|-end|p1a: Serperior|Infestation|[partiallytrapped]
|upkeep
|turn|8
|
|t:|1758356561
|move|p1a: Serperior|Protect|p1a: Serperior
|-singleturn|p1a: Serperior|Protect
|move|p2a: Tornadus|U-turn|p1a: Serperior
|-activate|p1a: Serperior|move: Protect
|
|upkeep
|turn|9
|
|t:|1758356569
|-terastallize|p1a: Serperior|Dragon
|move|p2a: Tornadus|Heat Wave|p1a: Serperior
|-resisted|p1a: Serperior
|-damage|p1a: Serperior|2/100 par
|move|p1a: Serperior|Leech Seed|p2a: Tornadus
|-start|p2a: Tornadus|move: Leech Seed
|
|-damage|p2a: Tornadus|16/100|[from] Leech Seed|[of] p1a: Serperior
|-heal|p1a: Serperior|13/100 par|[silent]
|upkeep
|turn|10
|
|t:|1758356581
|move|p1a: Serperior|Protect|p1a: Serperior
|-singleturn|p1a: Serperior|Protect
|move|p2a: Tornadus|Sludge Bomb|p1a: Serperior
|-activate|p1a: Serperior|move: Protect
|
|-damage|p2a: Tornadus|3/100|[from] Leech Seed|[of] p1a: Serperior
|-heal|p1a: Serperior|25/100 par|[silent]
|upkeep
|turn|11
|
|t:|1758356592
|move|p2a: Tornadus|U-turn|p1a: Serperior
|-damage|p1a: Serperior|9/100 par
|
|t:|1758356595
|switch|p2a: Dipplin|Dipplin, M|56/100|[from] U-turn
|cant|p1a: Serperior|par
|
|upkeep
|turn|12
|
|t:|1758356603
|move|p1a: Serperior|Dragon Pulse|p2a: Dipplin
|-supereffective|p2a: Dipplin
|-damage|p2a: Dipplin|0 fnt
|faint|p2a: Dipplin
|-heal|p1a: Serperior|16/100 par|[from] item: Shell Bell|[of] p2: Dipplin
|
|upkeep
|
|t:|1758356611
|switch|p2a: Dragonite|Dragonite, F|100/100
|turn|13
|
|t:|1758356615
|move|p2a: Dragonite|Extreme Speed|p1a: Serperior
|-crit|p1a: Serperior
|-damage|p1a: Serperior|0 fnt
|faint|p1a: Serperior
|
|upkeep
|
|t:|1758356621
|switch|p1a: Typhlosion|Typhlosion-Hisui, F|100/100
|turn|14
|
|t:|1758356628
|switch|p2a: Mandibuzz|Mandibuzz, F|100/100
|move|p1a: Typhlosion|Eruption|p2a: Mandibuzz
|-damage|p2a: Mandibuzz|41/100
|
|upkeep
|turn|15
|
|t:|1758356635
|move|p1a: Typhlosion|Eruption|p2a: Mandibuzz
|-damage|p2a: Mandibuzz|0 fnt
|faint|p2a: Mandibuzz
|
|upkeep
|
|t:|1758356641
|switch|p2a: Alomomola|Alomomola, F|100/100
|turn|16
|
|t:|1758356645
|switch|p1a: Chesnaught|Chesnaught, M|100/100
|move|p2a: Alomomola|Mirror Coat||[still]
|-fail|p2a: Alomomola
|
|upkeep
|turn|17
|
|t:|1758356654
|switch|p2a: Tornadus|Tornadus-Therian, M|36/100
|move|p1a: Chesnaught|Iron Defense|p1a: Chesnaught
|-boost|p1a: Chesnaught|def|2
|
|upkeep
|turn|18
|
|t:|1758356663
|move|p2a: Tornadus|Hurricane|p1a: Chesnaught|[miss]
|-miss|p2a: Tornadus|p1a: Chesnaught
|move|p1a: Chesnaught|Body Press|p2a: Tornadus
|-resisted|p2a: Tornadus
|-damage|p2a: Tornadus|0 fnt
|faint|p2a: Tornadus
|
|upkeep
|
|t:|1758356670
|switch|p2a: Reuniclus|Reuniclus, M, shiny|100/100
|turn|19
|
|t:|1758356674
|switch|p1a: Incineroar|Incineroar, F|100/100
|-ability|p1a: Incineroar|Intimidate|boost
|-unboost|p2a: Reuniclus|atk|1
|move|p2a: Reuniclus|Future Sight|p1a: Incineroar
|-start|p2a: Reuniclus|move: Future Sight
|
|upkeep
|turn|20
|
|t:|1758356682
|switch|p2a: Alomomola|Alomomola, F|100/100
|move|p1a: Incineroar|Knock Off|p2a: Alomomola
|-damage|p2a: Alomomola|77/100
|-enditem|p2a: Alomomola|Leftovers|[from] move: Knock Off|[of] p1a: Incineroar
|
|upkeep
|turn|21
|
|t:|1758356695
|move|p1a: Incineroar|Parting Shot|p2a: Alomomola
|-unboost|p2a: Alomomola|atk|1
|-unboost|p2a: Alomomola|spa|1
|
|t:|1758356698
|switch|p1a: Greninja|Greninja, M|100/100|[from] Parting Shot
|move|p2a: Alomomola|Flip Turn|p1a: Greninja
|-resisted|p1a: Greninja
|-damage|p1a: Greninja|92/100
|
|t:|1758356706
|switch|p2a: Dragonite|Dragonite, F|100/100|[from] Flip Turn
|
|-end|p1a: Greninja|move: Future Sight
|-immune|p1a: Greninja
|upkeep
|turn|22
|
|t:|1758356717
|move|p1a: Greninja|Ice Beam|p2a: Dragonite
|-supereffective|p2a: Dragonite
|-damage|p2a: Dragonite|36/100
|move|p2a: Dragonite|Dragon Dance|p2a: Dragonite
|-boost|p2a: Dragonite|atk|1
|-boost|p2a: Dragonite|spe|1
|
|upkeep
|turn|23
|
|t:|1758356725
|-terastallize|p2a: Dragonite|Normal
|move|p2a: Dragonite|Extreme Speed|p1a: Greninja
|-damage|p1a: Greninja|0 fnt
|faint|p1a: Greninja
|
|upkeep
|
|t:|1758356733
|switch|p1a: Typhlosion|Typhlosion-Hisui, F|100/100
|turn|24
|
|t:|1758356751
|move|p1a: Typhlosion|Shadow Ball|p2a: Dragonite
|-immune|p2a: Dragonite
|move|p2a: Dragonite|Earthquake|p1a: Typhlosion
|-supereffective|p1a: Typhlosion
|-damage|p1a: Typhlosion|0 fnt
|faint|p1a: Typhlosion
|
|upkeep
|
|t:|1758356759
|switch|p1a: Incineroar|Incineroar, F|100/100
|-ability|p1a: Incineroar|Intimidate|boost
|-unboost|p2a: Dragonite|atk|1
|turn|25
|
|t:|1758356764
|move|p1a: Incineroar|Fake Out|p2a: Dragonite
|-damage|p2a: Dragonite|22/100
|cant|p2a: Dragonite|flinch
|
|upkeep
|turn|26
|
|t:|1758356770
|move|p2a: Dragonite|Earthquake|p1a: Incineroar
|-supereffective|p1a: Incineroar
|-damage|p1a: Incineroar|19/100
|move|p1a: Incineroar|Knock Off|p2a: Dragonite
|-crit|p2a: Dragonite
|-damage|p2a: Dragonite|0 fnt
|-enditem|p2a: Dragonite|Heavy-Duty Boots|[from] move: Knock Off|[of] p1a: Incineroar
|faint|p2a: Dragonite
|
|upkeep
|
|t:|1758356778
|switch|p2a: Alomomola|Alomomola, F|100/100
|turn|27
|
|t:|1758356782
|switch|p1a: Chesnaught|Chesnaught, M|100/100
|move|p2a: Alomomola|Flip Turn|p1a: Chesnaught
|-resisted|p1a: Chesnaught
|-damage|p1a: Chesnaught|94/100
|
|t:|1758356787
|switch|p2a: Reuniclus|Reuniclus, M, shiny|100/100|[from] Flip Turn
|
|upkeep
|turn|28
|
|t:|1758356796
|move|p1a: Chesnaught|Earthquake|p2a: Reuniclus
|-damage|p2a: Reuniclus|75/100
|move|p2a: Reuniclus|Shadow Ball|p1a: Chesnaught
|-damage|p1a: Chesnaught|62/100
|-unboost|p1a: Chesnaught|spd|1
|
|upkeep
|turn|29
|
|t:|1758356805
|switch|p1a: Incineroar|Incineroar, F|19/100
|-ability|p1a: Incineroar|Intimidate|boost
|-unboost|p2a: Reuniclus|atk|1
|move|p2a: Reuniclus|Shadow Ball|p1a: Incineroar
|-resisted|p1a: Incineroar
|-damage|p1a: Incineroar|5/100
|
|upkeep
|turn|30
|
|t:|1758356815
|switch|p2a: Alomomola|Alomomola, F|100/100
|move|p1a: Incineroar|Fake Out|p2a: Alomomola
|-damage|p2a: Alomomola|94/100
|
|upkeep
|turn|31
|
|t:|1758356832
|move|p1a: Incineroar|Flare Blitz|p2a: Alomomola
|-resisted|p2a: Alomomola
|-damage|p2a: Alomomola|79/100
|-damage|p1a: Incineroar|0 fnt|[from] Recoil
|faint|p1a: Incineroar
|move|p2a: Alomomola|Flip Turn|p1: Incineroar|[notarget]
|-fail|p2a: Alomomola
|
|upkeep
|
|t:|1758356845
|switch|p1a: Chesnaught|Chesnaught, M|62/100
|turn|32
|
|t:|1758356850
|move|p2a: Alomomola|Flip Turn|p1a: Chesnaught
|-resisted|p1a: Chesnaught
|-damage|p1a: Chesnaught|55/100
|
|t:|1758356853
|switch|p2a: Reuniclus|Reuniclus, M, shiny|100/100|[from] Flip Turn
|move|p1a: Chesnaught|Iron Defense|p1a: Chesnaught
|-boost|p1a: Chesnaught|def|2
|
|upkeep
|turn|33
|
|t:|1758356861
|move|p1a: Chesnaught|Iron Defense|p1a: Chesnaught
|-boost|p1a: Chesnaught|def|2
|move|p2a: Reuniclus|Future Sight|p1a: Chesnaught
|-start|p2a: Reuniclus|move: Future Sight
|
|upkeep
|turn|34
|
|t:|1758356867
|switch|p2a: Alomomola|Alomomola, F|100/100
|move|p1a: Chesnaught|Iron Defense|p1a: Chesnaught
|-boost|p1a: Chesnaught|def|2
|
|upkeep
|turn|35
|
|t:|1758356874
|move|p2a: Alomomola|Protect|p2a: Alomomola
|-singleturn|p2a: Alomomola|Protect
|move|p1a: Chesnaught|Body Press|p2a: Alomomola
|-activate|p2a: Alomomola|move: Protect
|
|-end|p1a: Chesnaught|move: Future Sight
|-supereffective|p1a: Chesnaught
|-damage|p1a: Chesnaught|0 fnt
|faint|p1a: Chesnaught
|upkeep
|
|t:|1758356883
|switch|p1a: Empoleon|Empoleon, F|100/100
|turn|36
|
|t:|1758356890
|move|p2a: Alomomola|Flip Turn|p1a: Empoleon
|-resisted|p1a: Empoleon
|-damage|p1a: Empoleon|93/100
|
|t:|1758356893
|switch|p2a: Reuniclus|Reuniclus, M, shiny|100/100|[from] Flip Turn
|move|p1a: Empoleon|Surf|p2a: Reuniclus
|-damage|p2a: Reuniclus|76/100
|
|-heal|p1a: Empoleon|99/100|[from] item: Leftovers
|upkeep
|turn|37
|
|t:|1758356908
|move|p1a: Empoleon|Ice Beam|p2a: Reuniclus
|-damage|p2a: Reuniclus|60/100
|move|p2a: Reuniclus|Energy Ball|p1a: Empoleon
|-damage|p1a: Empoleon|69/100
|
|-heal|p1a: Empoleon|75/100|[from] item: Leftovers
|upkeep
|turn|38
|
|t:|1758356917
|move|p1a: Empoleon|Surf|p2a: Reuniclus
|-damage|p2a: Reuniclus|36/100
|move|p2a: Reuniclus|Energy Ball|p1a: Empoleon
|-damage|p1a: Empoleon|39/100
|
|-heal|p1a: Empoleon|45/100|[from] item: Leftovers
|upkeep
|turn|39
|
|t:|1758356926
|move|p1a: Empoleon|Surf|p2a: Reuniclus
|-damage|p2a: Reuniclus|10/100
|move|p2a: Reuniclus|Energy Ball|p1a: Empoleon
|-damage|p1a: Empoleon|10/100
|
|-heal|p1a: Empoleon|17/100|[from] item: Leftovers
|upkeep
|turn|40
|
|t:|1758356937
|switch|p2a: Alomomola|Alomomola, F|100/100
|move|p1a: Empoleon|Surf|p2a: Alomomola
|-resisted|p2a: Alomomola
|-damage|p2a: Alomomola|77/100
|
|-heal|p1a: Empoleon|23/100|[from] item: Leftovers
|upkeep
|turn|41
|
|t:|1758356947
|move|p1a: Empoleon|Vacuum Wave|p2a: Alomomola
|-damage|p2a: Alomomola|62/100
|move|p2a: Alomomola|Mirror Coat|p1a: Empoleon
|-damage|p1a: Empoleon|0 fnt
|faint|p1a: Empoleon
|
|win|djalove62
|raw|711851l's rating: 1143 &rarr; <strong>1116</strong><br />(-27 for losing)
|raw|djalove62's rating: 1110 &rarr; <strong>1137</strong><br />(+27 for winning)
|l|☆711851l
|player|p1|
|l|☆djalove62
|player|p2|
