|badge|p2|silver|gen9ru|30-6
|uhtml|medal-msg|<div class="broadcast-blue">Curious what those medals under the avatar are? PS now has Ladder Seasons! For more information, check out the <a href="https://www.smogon.com/forums/threads/3740067/">thread on Smogon.</a></div>
|j|☆123Neil
|j|☆JoelMasterX@!
|inactive|Battle timer is ON: inactive players will automatically lose when time's up.
|t:|1758311409
|gametype|singles
|player|p1|123Neil|crasherwake|
|player|p2|JoelMasterX|carmine-festival|
|gen|9
|tier|[Gen 9] OU
|rated|Tournament battle
|rule|HP Percentage Mod: HP is shown in percentages
|rule|Endless Battle Clause: Forcing endless battles is banned
|rule|Species Clause: Limit one of each Pokémon
|rule|OHKO Clause: OHKO moves are banned
|rule|Evasion Items Clause: Evasion items are banned
|rule|Evasion Moves Clause: Evasion moves are banned
|rule|Evasion Abilities Clause: Evasion abilities are banned
|rule|Sleep Moves Clause: Sleep-inducing moves are banned
|clearpoke
|poke|p1|Garganacl, M|
|poke|p1|Toxapex, F|
|poke|p1|Dragapult, M|
|poke|p1|Blissey, F|
|poke|p1|Malamar, M|
|poke|p1|Forretress, F|
|poke|p2|Meowscarada, F|
|poke|p2|Gholdengo|
|poke|p2|Slowking-Galar, F|
|poke|p2|Ting-Lu|
|poke|p2|Dragonite, M|
|poke|p2|Great Tusk|
|teampreview
|j|*Lady Monita ☀
|
|t:|1758311421
|teamsize|p1|6
|teamsize|p2|6
|start
|switch|p1a: Dragapult|Dragapult, M|100/100
|switch|p2a: Ting-Lu|Ting-Lu|100/100
|-ability|p2a: Ting-Lu|Vessel of Ruin
|turn|1
|
|t:|1758311426
|move|p1a: Dragapult|Substitute|p1a: Dragapult
|-start|p1a: Dragapult|Substitute
|-damage|p1a: Dragapult|76/100
|move|p2a: Ting-Lu|Spikes|p1a: Dragapult
|-sidestart|p1: 123Neil|Spikes
|
|-heal|p1a: Dragapult|82/100|[from] item: Leftovers
|upkeep
|turn|2
|
|t:|1758311430
|move|p1a: Dragapult|Dragon Darts|p2a: Ting-Lu
|-damage|p2a: Ting-Lu|88/100
|-anim|p1a: Dragapult|Dragon Darts|p2a: Ting-Lu
|-damage|p2a: Ting-Lu|75/100
|move|p2a: Ting-Lu|Whirlwind|p1a: Dragapult
|drag|p1a: Garganacl|Garganacl, M|100/100
|-damage|p1a: Garganacl|88/100|[from] Spikes
|
|-heal|p2a: Ting-Lu|81/100|[from] item: Leftovers
|-heal|p1a: Garganacl|94/100|[from] item: Leftovers
|upkeep
|turn|3
|j| Albrtix
|
|t:|1758311439
|move|p2a: Ting-Lu|Spikes|p1a: Garganacl
|-sidestart|p1: 123Neil|Spikes
|move|p1a: Garganacl|Salt Cure|p2a: Ting-Lu
|-resisted|p2a: Ting-Lu
|-damage|p2a: Ting-Lu|77/100
|-start|p2a: Ting-Lu|Salt Cure
|
|-heal|p2a: Ting-Lu|83/100|[from] item: Leftovers
|-heal|p1a: Garganacl|100/100|[from] item: Leftovers
|-damage|p2a: Ting-Lu|71/100|[from] Salt Cure
|upkeep
|turn|4
|
|t:|1758311446
|move|p2a: Ting-Lu|Spikes|p1a: Garganacl
|-sidestart|p1: 123Neil|Spikes
|move|p1a: Garganacl|Earthquake|p2a: Ting-Lu
|-damage|p2a: Ting-Lu|58/100
|
|-heal|p2a: Ting-Lu|65/100|[from] item: Leftovers
|-damage|p2a: Ting-Lu|52/100|[from] Salt Cure
|upkeep
|turn|5
|
|t:|1758311453
|switch|p2a: Great Tusk|Great Tusk|100/100
|move|p1a: Garganacl|Protect||[still]
|-fail|p1a: Garganacl
|
|upkeep
|turn|6
|
|t:|1758311458
|move|p2a: Great Tusk|Stealth Rock|p1a: Garganacl
|-sidestart|p1: 123Neil|move: Stealth Rock
|move|p1a: Garganacl|Salt Cure|p2a: Great Tusk
|-resisted|p2a: Great Tusk
|-damage|p2a: Great Tusk|98/100
|-start|p2a: Great Tusk|Salt Cure
|
|-damage|p2a: Great Tusk|85/100|[from] Salt Cure
|upkeep
|turn|7
|
|t:|1758311479
|move|p1a: Garganacl|Protect|p1a: Garganacl
|-singleturn|p1a: Garganacl|Protect
|move|p2a: Great Tusk|Knock Off|p1a: Garganacl
|-activate|p1a: Garganacl|move: Protect
|
|-damage|p2a: Great Tusk|73/100|[from] Salt Cure
|upkeep
|turn|8
|
|t:|1758311488
|move|p2a: Great Tusk|Knock Off|p1a: Garganacl
|-damage|p1a: Garganacl|84/100
|-enditem|p1a: Garganacl|Leftovers|[from] move: Knock Off|[of] p2a: Great Tusk
|move|p1a: Garganacl|Salt Cure|p2a: Great Tusk
|-resisted|p2a: Great Tusk
|-damage|p2a: Great Tusk|71/100
|
|-damage|p2a: Great Tusk|58/100|[from] Salt Cure
|upkeep
|turn|9
|
|t:|1758311495
|-end|p2a: Great Tusk|Protosynthesis|[silent]
|switch|p2a: Slowking|Slowking-Galar, F|100/100
|move|p1a: Garganacl|Salt Cure|p2a: Slowking
|-damage|p2a: Slowking|91/100
|-start|p2a: Slowking|Salt Cure
|
|-damage|p2a: Slowking|79/100|[from] Salt Cure
|upkeep
|turn|10
|
|t:|1758311500
|move|p1a: Garganacl|Salt Cure|p2a: Slowking
|-damage|p2a: Slowking|69/100
|move|p2a: Slowking|Future Sight|p1a: Garganacl
|-start|p2a: Slowking|move: Future Sight
|
|-damage|p2a: Slowking|56/100|[from] Salt Cure
|upkeep
|turn|11
|
|t:|1758311506
|move|p1a: Garganacl|Salt Cure|p2a: Slowking
|-damage|p2a: Slowking|46/100
|-prepare|p2a: Slowking|Chilly Reception|[premajor]
|move|p2a: Slowking|Chilly Reception|p2a: Slowking
|-weather|Snowscape
|
|t:|1758311508
|switch|p2a: Gholdengo|Gholdengo|100/100|[from] Chilly Reception
|
|-weather|Snowscape|[upkeep]
|upkeep
|turn|12
|
|t:|1758311518
|switch|p1a: Blissey|Blissey, F|100/100
|-damage|p1a: Blissey|76/100|[from] Spikes
|-damage|p1a: Blissey|63/100|[from] Stealth Rock
|move|p2a: Gholdengo|Make It Rain|p1a: Blissey
|-damage|p1a: Blissey|40/100
|-unboost|p2a: Gholdengo|spa|1
|
|-weather|Snowscape|[upkeep]
|-end|p1a: Blissey|move: Future Sight
|-damage|p1a: Blissey|22/100
|-heal|p1a: Blissey|29/100|[from] item: Leftovers
|upkeep
|turn|13
|
|t:|1758311528
|switch|p2a: Meowscarada|Meowscarada, F|100/100
|move|p1a: Blissey|Rest|p1a: Blissey
|-status|p1a: Blissey|slp|[from] move: Rest
|-heal|p1a: Blissey|100/100 slp|[silent]
|
|-weather|Snowscape|[upkeep]
|upkeep
|turn|14
|
|t:|1758311534
|-curestatus|p1a: Blissey|slp|[from] ability: Natural Cure
|switch|p1a: Forretress|Forretress, F|100/100
|move|p2a: Meowscarada|U-turn|p1a: Forretress
|-start|p2a: Meowscarada|typechange|Bug|[from] ability: Protean
|-resisted|p1a: Forretress
|-damage|p1a: Forretress|88/100
|
|t:|1758311538
|switch|p2a: Gholdengo|Gholdengo|100/100|[from] U-turn
|
|-weather|Snowscape|[upkeep]
|upkeep
|turn|15
|
|t:|1758311544
|move|p2a: Gholdengo|Trick|p1a: Forretress
|-activate|p2a: Gholdengo|move: Trick|[of] p1a: Forretress
|-item|p1a: Forretress|Choice Scarf|[from] move: Trick
|-item|p2a: Gholdengo|Heavy-Duty Boots|[from] move: Trick
|move|p1a: Forretress|Thunder Wave|p2a: Gholdengo
|-immune|p2a: Gholdengo|[from] ability: Good as Gold
|
|-weather|none
|upkeep
|turn|16
|
|t:|1758311562
|switch|p1a: Blissey|Blissey, F|100/100
|-damage|p1a: Blissey|76/100|[from] Spikes
|-damage|p1a: Blissey|63/100|[from] Stealth Rock
|move|p2a: Gholdengo|Make It Rain|p1a: Blissey
|-damage|p1a: Blissey|42/100
|-unboost|p2a: Gholdengo|spa|1
|
|-heal|p1a: Blissey|48/100|[from] item: Leftovers
|upkeep
|turn|17
|
|t:|1758311567
|switch|p2a: Meowscarada|Meowscarada, F|100/100
|move|p1a: Blissey|Flamethrower|p2a: Meowscarada
|-supereffective|p2a: Meowscarada
|-damage|p2a: Meowscarada|51/100
|
|-heal|p1a: Blissey|54/100|[from] item: Leftovers
|upkeep
|turn|18
|
|t:|1758311575
|move|p1a: Blissey|Protect|p1a: Blissey
|-singleturn|p1a: Blissey|Protect
|move|p2a: Meowscarada|U-turn|p1a: Blissey
|-start|p2a: Meowscarada|typechange|Bug|[from] ability: Protean
|-activate|p1a: Blissey|move: Protect
|
|-heal|p1a: Blissey|60/100|[from] item: Leftovers
|upkeep
|turn|19
|
|t:|1758311596
|move|p2a: Meowscarada|U-turn|p1a: Blissey
|-damage|p1a: Blissey|21/100
|
|t:|1758311601
|switch|p2a: Great Tusk|Great Tusk|58/100|[from] U-turn
|move|p1a: Blissey|Flamethrower|p2a: Great Tusk
|-damage|p2a: Great Tusk|33/100
|
|-heal|p1a: Blissey|27/100|[from] item: Leftovers
|upkeep
|turn|20
|
|t:|1758311605
|move|p1a: Blissey|Protect|p1a: Blissey
|-singleturn|p1a: Blissey|Protect
|move|p2a: Great Tusk|Stone Edge|p1a: Blissey
|-activate|p1a: Blissey|move: Protect
|
|-heal|p1a: Blissey|34/100|[from] item: Leftovers
|upkeep
|turn|21
|
|t:|1758311612
|move|p2a: Great Tusk|Stone Edge|p1a: Blissey
|-damage|p1a: Blissey|2/100
|move|p1a: Blissey|Rest|p1a: Blissey
|-status|p1a: Blissey|slp|[from] move: Rest
|-heal|p1a: Blissey|100/100 slp|[silent]
|
|upkeep
|turn|22
|
|t:|1758311619
|-end|p2a: Great Tusk|Protosynthesis|[silent]
|switch|p2a: Gholdengo|Gholdengo|100/100
|-curestatus|p1a: Blissey|slp|[from] ability: Natural Cure
|switch|p1a: Garganacl|Garganacl, M|84/100
|-damage|p1a: Garganacl|59/100|[from] Spikes
|-damage|p1a: Garganacl|47/100|[from] Stealth Rock
|
|upkeep
|turn|23
|
|t:|1758311625
|move|p1a: Garganacl|Protect|p1a: Garganacl
|-singleturn|p1a: Garganacl|Protect
|move|p2a: Gholdengo|Make It Rain|p1a: Garganacl
|-activate|p1a: Garganacl|move: Protect
|
|upkeep
|turn|24
|
|t:|1758311635
|-terastallize|p1a: Garganacl|Dragon
|move|p2a: Gholdengo|Make It Rain|p1a: Garganacl
|-damage|p1a: Garganacl|0 fnt
|-unboost|p2a: Gholdengo|spa|1
|faint|p1a: Garganacl
|
|upkeep
|
|t:|1758311642
|switch|p1a: Dragapult|Dragapult, M|82/100
|-damage|p1a: Dragapult|57/100|[from] Spikes
|-damage|p1a: Dragapult|44/100|[from] Stealth Rock
|turn|25
|
|t:|1758311646
|switch|p2a: Ting-Lu|Ting-Lu|52/100
|-ability|p2a: Ting-Lu|Vessel of Ruin
|move|p1a: Dragapult|Substitute|p1a: Dragapult
|-start|p1a: Dragapult|Substitute
|-damage|p1a: Dragapult|19/100
|
|-heal|p1a: Dragapult|25/100|[from] item: Leftovers
|-heal|p2a: Ting-Lu|58/100|[from] item: Leftovers
|upkeep
|turn|26
|
|t:|1758311651
|move|p1a: Dragapult|Dragon Darts|p2a: Ting-Lu
|-damage|p2a: Ting-Lu|45/100
|-anim|p1a: Dragapult|Dragon Darts|p2a: Ting-Lu
|-damage|p2a: Ting-Lu|32/100
|move|p2a: Ting-Lu|Whirlwind|p1a: Dragapult
|drag|p1a: Forretress|Forretress, F|88/100
|-damage|p1a: Forretress|63/100|[from] Spikes
|-damage|p1a: Forretress|51/100|[from] Stealth Rock
|
|-heal|p2a: Ting-Lu|39/100|[from] item: Leftovers
|upkeep
|turn|27
|
|t:|1758311658
|switch|p2a: Gholdengo|Gholdengo|100/100
|move|p1a: Forretress|Rapid Spin|p2a: Gholdengo
|-immune|p2a: Gholdengo
|
|upkeep
|turn|28
|
|t:|1758311664
|move|p2a: Gholdengo|Shadow Ball|p1a: Forretress
|-damage|p1a: Forretress|0 fnt
|faint|p1a: Forretress
|
|upkeep
|
|t:|1758311667
|switch|p1a: Dragapult|Dragapult, M|25/100
|-damage|p1a: Dragapult|0 fnt|[from] Spikes
|faint|p1a: Dragapult
|
|t:|1758311672
|switch|p1a: Toxapex|Toxapex, F|100/100
|-damage|p1a: Toxapex|76/100|[from] Spikes
|-damage|p1a: Toxapex|64/100|[from] Stealth Rock
|turn|29
|
|t:|1758311677
|move|p2a: Gholdengo|Shadow Ball|p1a: Toxapex
|-damage|p1a: Toxapex|27/100
|move|p1a: Toxapex|Recover|p1a: Toxapex
|-heal|p1a: Toxapex|77/100
|
|upkeep
|turn|30
|
|t:|1758311681
|move|p2a: Gholdengo|Shadow Ball|p1a: Toxapex
|-damage|p1a: Toxapex|39/100
|move|p1a: Toxapex|Infestation|p2a: Gholdengo
|-resisted|p2a: Gholdengo
|-damage|p2a: Gholdengo|99/100
|-activate|p2a: Gholdengo|move: Infestation|[of] p1a: Toxapex
|
|-damage|p2a: Gholdengo|83/100|[from] move: Infestation|[partiallytrapped]
|upkeep
|turn|31
|
|t:|1758311685
|move|p1a: Toxapex|Baneful Bunker|p1a: Toxapex
|-singleturn|p1a: Toxapex|move: Protect
|move|p2a: Gholdengo|Shadow Ball|p1a: Toxapex
|-activate|p1a: Toxapex|move: Protect
|
|-damage|p2a: Gholdengo|67/100|[from] move: Infestation|[partiallytrapped]
|upkeep
|turn|32
|
|t:|1758311689
|switch|p1a: Blissey|Blissey, F|100/100
|-damage|p1a: Blissey|76/100|[from] Spikes
|-damage|p1a: Blissey|63/100|[from] Stealth Rock
|move|p2a: Gholdengo|Shadow Ball|p1a: Blissey
|-immune|p1a: Blissey
|
|-heal|p1a: Blissey|69/100|[from] item: Leftovers
|-end|p2a: Gholdengo|Infestation|[partiallytrapped]|[silent]
|upkeep
|turn|33
|
|t:|1758311700
|switch|p2a: Meowscarada|Meowscarada, F|51/100
|move|p1a: Blissey|Flamethrower|p2a: Meowscarada
|-supereffective|p2a: Meowscarada
|-damage|p2a: Meowscarada|5/100
|
|-heal|p1a: Blissey|75/100|[from] item: Leftovers
|upkeep
|turn|34
|
|t:|1758311709
|move|p1a: Blissey|Protect|p1a: Blissey
|-singleturn|p1a: Blissey|Protect
|move|p2a: Meowscarada|Flower Trick|p1a: Blissey
|-start|p2a: Meowscarada|typechange|Grass|[from] ability: Protean
|-activate|p1a: Blissey|move: Protect
|
|-heal|p1a: Blissey|82/100|[from] item: Leftovers
|upkeep
|turn|35
|
|t:|1758311717
|move|p2a: Meowscarada|Flower Trick|p1a: Blissey
|-crit|p1a: Blissey
|-damage|p1a: Blissey|21/100
|move|p1a: Blissey|Flamethrower|p2a: Meowscarada
|-supereffective|p2a: Meowscarada
|-damage|p2a: Meowscarada|0 fnt
|faint|p2a: Meowscarada
|
|-heal|p1a: Blissey|27/100|[from] item: Leftovers
|upkeep
|
|t:|1758311722
|switch|p2a: Dragonite|Dragonite, M|100/100
|turn|36
|
|t:|1758311729
|move|p1a: Blissey|Protect|p1a: Blissey
|-singleturn|p1a: Blissey|Protect
|move|p2a: Dragonite|Dragon Dance|p2a: Dragonite
|-boost|p2a: Dragonite|atk|1
|-boost|p2a: Dragonite|spe|1
|
|-heal|p1a: Blissey|33/100|[from] item: Leftovers
|upkeep
|turn|37
|
|t:|1758311734
|move|p2a: Dragonite|Earthquake|p1a: Blissey
|-damage|p1a: Blissey|0 fnt
|faint|p1a: Blissey
|
|upkeep
|
|t:|1758311737
|switch|p1a: Malamar|Malamar, M|100/100
|-damage|p1a: Malamar|76/100|[from] Spikes
|-damage|p1a: Malamar|63/100|[from] Stealth Rock
|turn|38
|
|t:|1758311740
|-terastallize|p2a: Dragonite|Normal
|move|p2a: Dragonite|Extreme Speed|p1a: Malamar
|-damage|p1a: Malamar|13/100
|move|p1a: Malamar|Topsy-Turvy|p2a: Dragonite
|-invertboost|p2a: Dragonite|[from] move: Topsy-Turvy
|
|upkeep
|turn|39
|
|t:|1758311747
|move|p2a: Dragonite|Extreme Speed|p1a: Malamar
|-damage|p1a: Malamar|0 fnt
|faint|p1a: Malamar
|
|upkeep
|
|t:|1758311748
|switch|p1a: Toxapex|Toxapex, F|72/100
|-damage|p1a: Toxapex|48/100|[from] Spikes
|-damage|p1a: Toxapex|35/100|[from] Stealth Rock
|turn|40
|
|t:|1758311751
|move|p2a: Dragonite|Dragon Dance|p2a: Dragonite
|-boost|p2a: Dragonite|atk|1
|-boost|p2a: Dragonite|spe|1
|move|p1a: Toxapex|Recover|p1a: Toxapex
|-heal|p1a: Toxapex|86/100
|
|upkeep
|turn|41
|
|t:|1758311757
|move|p2a: Dragonite|Dragon Dance|p2a: Dragonite
|-boost|p2a: Dragonite|atk|1
|-boost|p2a: Dragonite|spe|1
|move|p1a: Toxapex|Infestation|p2a: Dragonite
|-damage|p2a: Dragonite|99/100
|-activate|p2a: Dragonite|move: Infestation|[of] p1a: Toxapex
|
|-damage|p2a: Dragonite|82/100|[from] move: Infestation|[partiallytrapped]
|upkeep
|turn|42
|
|t:|1758311761
|move|p1a: Toxapex|Baneful Bunker|p1a: Toxapex
|-singleturn|p1a: Toxapex|move: Protect
|move|p2a: Dragonite|Earthquake|p1a: Toxapex
|-activate|p1a: Toxapex|move: Protect
|
|-damage|p2a: Dragonite|66/100|[from] move: Infestation|[partiallytrapped]
|upkeep
|turn|43
|
|t:|1758311768
|move|p2a: Dragonite|Earthquake|p1a: Toxapex
|-supereffective|p1a: Toxapex
|-damage|p1a: Toxapex|9/100
|move|p1a: Toxapex|Recover|p1a: Toxapex
|-heal|p1a: Toxapex|59/100
|
|-damage|p2a: Dragonite|49/100|[from] move: Infestation|[partiallytrapped]
|upkeep
|turn|44
|
|t:|1758311771
|move|p1a: Toxapex|Baneful Bunker|p1a: Toxapex
|-singleturn|p1a: Toxapex|move: Protect
|move|p2a: Dragonite|Dragon Dance|p2a: Dragonite
|-boost|p2a: Dragonite|atk|1
|-boost|p2a: Dragonite|spe|1
|
|-damage|p2a: Dragonite|33/100|[from] move: Infestation|[partiallytrapped]
|upkeep
|turn|45
|
|t:|1758311775
|move|p2a: Dragonite|Earthquake|p1a: Toxapex
|-supereffective|p1a: Toxapex
|-damage|p1a: Toxapex|0 fnt
|faint|p1a: Toxapex
|
|win|JoelMasterX
|n|☆123Neil|123neil
|n|☆JoelMasterX@!|joelmasterx
|n|*Lady Monita ☀|ladymonita
|n| Albrtix|albrtix
|l|*Lady Monita ☀
|l|☆123Neil
|player|p1|
|c|☆JoelMasterX|gg
|l|☆JoelMasterX
|player|p2|
