|j|☆IASFAATG
|j|☆reginam
|t:|1758361046
|gametype|singles
|player|p1|IASFAATG|scientist-gen4dp|1101
|player|p2|reginam|101|1119
|gen|9
|tier|[Gen 9] OU
|rated|
|rule|HP Percentage Mod: HP is shown in percentages
|rule|Endless Battle Clause: Forcing endless battles is banned
|rule|Species Clause: Limit one of each Pokémon
|rule|OHKO Clause: OHKO moves are banned
|rule|Evasion Items Clause: Evasion items are banned
|rule|Evasion Moves Clause: Evasion moves are banned
|rule|Evasion Abilities Clause: Evasion abilities are banned
|rule|Sleep Moves Clause: Sleep-inducing moves are banned
|clearpoke
|poke|p1|Electrode-Hisui|
|poke|p1|Gallade, M|
|poke|p1|Slowking-Galar, F|
|poke|p1|Alomomola, M|
|poke|p1|Great Tusk|
|poke|p1|Landorus-Therian, M|
|poke|p2|Torkoal, F|
|poke|p2|Hatterene, F|
|poke|p2|Venusaur, M|
|poke|p2|Walking Wake|
|poke|p2|Lilligant-Hisui, F|
|poke|p2|Arcanine-Hisui, M|
|teampreview
|
|t:|1758361050
|teamsize|p1|6
|teamsize|p2|6
|start
|switch|p1a: Slowking|Slowking-Galar, F|100/100
|switch|p2a: Torkoal|Torkoal, F|100/100
|-weather|SunnyDay|[from] ability: Drought|[of] p2a: Torkoal
|turn|1
|
|t:|1758361058
|move|p2a: Torkoal|Stealth Rock|p1a: Slowking
|-sidestart|p1: IASFAATG|move: Stealth Rock
|-prepare|p1a: Slowking|Chilly Reception|[premajor]
|move|p1a: Slowking|Chilly Reception|p1a: Slowking
|-weather|Snowscape
|
|t:|1758361064
|switch|p1a: Great Tusk|Great Tusk|100/100|[from] Chilly Reception
|
|-weather|Snowscape|[upkeep]
|upkeep
|turn|2
|
|t:|1758361079
|move|p1a: Great Tusk|Rapid Spin|p2a: Torkoal
|-damage|p2a: Torkoal|87/100
|-boost|p1a: Great Tusk|spe|1
|-sideend|p1: IASFAATG|Stealth Rock|[from] move: Rapid Spin|[of] p1a: Great Tusk
|move|p2a: Torkoal|Will-O-Wisp|p1a: Great Tusk
|-status|p1a: Great Tusk|brn
|
|-weather|Snowscape|[upkeep]
|-damage|p1a: Great Tusk|94/100 brn|[from] brn
|upkeep
|turn|3
|l|☆IASFAATG
|player|p1|
|inactive|Battle timer is ON: inactive players will automatically lose when time's up. (requested by reginam)
|j|☆IASFAATG
|inactive|IASFAATG reconnected and has 135 seconds left.
|player|p1|IASFAATG|scientist-gen4dp|
|
|t:|1758361146
|move|p1a: Great Tusk|Headlong Rush|p2a: Torkoal
|-supereffective|p2a: Torkoal
|-damage|p2a: Torkoal|38/100
|-unboost|p1a: Great Tusk|def|1
|-unboost|p1a: Great Tusk|spd|1
|move|p2a: Torkoal|Stealth Rock|p1a: Great Tusk
|-sidestart|p1: IASFAATG|move: Stealth Rock
|
|-weather|Snowscape|[upkeep]
|-damage|p1a: Great Tusk|88/100 brn|[from] brn
|upkeep
|turn|4
|
|t:|1758361159
|switch|p2a: Lilligant|Lilligant-Hisui, F|100/100
|move|p1a: Great Tusk|Rapid Spin|p2a: Lilligant
|-damage|p2a: Lilligant|87/100
|-boost|p1a: Great Tusk|spe|1
|-sideend|p1: IASFAATG|Stealth Rock|[from] move: Rapid Spin|[of] p1a: Great Tusk
|
|-weather|Snowscape|[upkeep]
|-damage|p1a: Great Tusk|82/100 brn|[from] brn
|upkeep
|turn|5
|
|t:|1758361170
|move|p1a: Great Tusk|Ice Spinner|p2a: Lilligant
|-supereffective|p2a: Lilligant
|-damage|p2a: Lilligant|42/100
|move|p2a: Lilligant|Triple Axel|p1a: Great Tusk
|-supereffective|p1a: Great Tusk
|-damage|p1a: Great Tusk|66/100 brn
|-supereffective|p1a: Great Tusk
|-damage|p1a: Great Tusk|32/100 brn
|-supereffective|p1a: Great Tusk
|-damage|p1a: Great Tusk|0 fnt
|faint|p1a: Great Tusk
|-end|p1a: Great Tusk|Protosynthesis|[silent]
|-hitcount|p1: Great Tusk|3
|
|-weather|none
|upkeep
|
|t:|1758361184
|switch|p1a: Electrode|Electrode-Hisui, shiny|100/100
|turn|6
|
|t:|1758361191
|switch|p2a: Hatterene|Hatterene, F|100/100
|move|p1a: Electrode|Volt Switch|p2a: Hatterene
|-damage|p2a: Hatterene|56/100
|-enditem|p2a: Hatterene|Eject Button
|
|t:|1758361198
|switch|p2a: Torkoal|Torkoal, F|38/100
|-weather|SunnyDay|[from] ability: Drought|[of] p2a: Torkoal
|
|-weather|SunnyDay|[upkeep]
|upkeep
|turn|7
|
|t:|1758361213
|switch|p2a: Venusaur|Venusaur, M|100/100
|move|p1a: Electrode|Volt Switch|p2a: Venusaur
|-resisted|p2a: Venusaur
|-damage|p2a: Venusaur|80/100
|
|t:|1758361220
|switch|p1a: Slowking|Slowking-Galar, F|100/100|[from] Volt Switch
|
|-weather|SunnyDay|[upkeep]
|upkeep
|turn|8
|
|t:|1758361232
|move|p2a: Venusaur|Earth Power|p1a: Slowking
|-supereffective|p1a: Slowking
|-damage|p1a: Slowking|59/100
|-damage|p2a: Venusaur|70/100|[from] item: Life Orb
|-prepare|p1a: Slowking|Chilly Reception|[premajor]
|move|p1a: Slowking|Chilly Reception|p1a: Slowking
|-weather|Snowscape
|
|t:|1758361240
|switch|p1a: Gallade|Gallade, M, shiny|100/100|[from] Chilly Reception
|
|-weather|Snowscape|[upkeep]
|upkeep
|turn|9
|
|t:|1758361256
|switch|p2a: Hatterene|Hatterene, F|56/100
|move|p1a: Gallade|Knock Off|p2a: Hatterene
|-damage|p2a: Hatterene|30/100
|
|-weather|Snowscape|[upkeep]
|upkeep
|turn|10
|
|t:|1758361267
|switch|p1a: Slowking|Slowking-Galar, F|92/100
|move|p2a: Hatterene|Draining Kiss|p1a: Slowking
|-resisted|p1a: Slowking
|-damage|p1a: Slowking|86/100
|-heal|p2a: Hatterene|36/100|[from] drain|[of] p1a: Slowking
|
|-weather|Snowscape|[upkeep]
|upkeep
|turn|11
|inactive|reginam has 120 seconds left.
|
|t:|1758361298
|switch|p2a: Torkoal|Torkoal, F|38/100
|-weather|SunnyDay|[from] ability: Drought|[of] p2a: Torkoal
|move|p1a: Slowking|Future Sight|p2a: Torkoal
|-start|p1a: Slowking|move: Future Sight
|
|-weather|SunnyDay|[upkeep]
|upkeep
|turn|12
|inactive|reginam has 120 seconds left.
|
|t:|1758361308
|move|p2a: Torkoal|Stealth Rock|p1a: Slowking
|-sidestart|p1: IASFAATG|move: Stealth Rock
|-prepare|p1a: Slowking|Chilly Reception|[premajor]
|move|p1a: Slowking|Chilly Reception|p1a: Slowking
|-weather|Snowscape
|
|t:|1758361313
|switch|p1a: Electrode|Electrode-Hisui, shiny|100/100|[from] Chilly Reception
|-damage|p1a: Electrode|88/100|[from] Stealth Rock
|
|-weather|Snowscape|[upkeep]
|upkeep
|turn|13
|
|t:|1758361323
|switch|p2a: Hatterene|Hatterene, F|36/100
|move|p1a: Electrode|Volt Switch|p2a: Hatterene
|-damage|p2a: Hatterene|0 fnt
|faint|p2a: Hatterene
|
|t:|1758361338
|switch|p1a: Slowking|Slowking-Galar, F|100/100|[from] Volt Switch
|
|-weather|Snowscape|[upkeep]
|-hint|Future Sight did not hit because the target is fainted.
|upkeep
|
|t:|1758361346
|switch|p2a: Arcanine|Arcanine-Hisui, M|100/100
|turn|14
|
|t:|1758361350
|switch|p1a: Landorus|Landorus-Therian, M|100/100
|-damage|p1a: Landorus|88/100|[from] Stealth Rock
|-ability|p1a: Landorus|Intimidate|boost
|-unboost|p2a: Arcanine|atk|1
|move|p2a: Arcanine|Head Smash|p1a: Landorus
|-damage|p1a: Landorus|34/100
|-damage|p2a: Arcanine|84/100|[from] item: Rocky Helmet|[of] p1a: Landorus
|
|-weather|Snowscape|[upkeep]
|upkeep
|turn|15
|
|t:|1758361362
|move|p2a: Arcanine|Head Smash|p1a: Landorus
|-crit|p1a: Landorus
|-damage|p1a: Landorus|0 fnt
|-damage|p2a: Arcanine|67/100|[from] item: Rocky Helmet|[of] p1a: Landorus
|faint|p1a: Landorus
|
|-weather|Snowscape|[upkeep]
|upkeep
|
|t:|1758361369
|switch|p1a: Alomomola|Alomomola, M, shiny|100/100
|turn|16
|
|t:|1758361384
|switch|p2a: Venusaur|Venusaur, M|70/100
|move|p1a: Alomomola|Flip Turn|p2a: Venusaur
|-resisted|p2a: Venusaur
|-damage|p2a: Venusaur|59/100
|
|t:|1758361399
|switch|p1a: Gallade|Gallade, M, shiny|100/100|[from] Flip Turn
|-damage|p1a: Gallade|94/100|[from] Stealth Rock
|
|-weather|none
|upkeep
|turn|17
|
|t:|1758361422
|switch|p2a: Torkoal|Torkoal, F|38/100
|-weather|SunnyDay|[from] ability: Drought|[of] p2a: Torkoal
|move|p1a: Gallade|Psycho Cut|p2a: Torkoal
|-damage|p2a: Torkoal|0 fnt
|faint|p2a: Torkoal
|
|-weather|SunnyDay|[upkeep]
|upkeep
|inactive|reginam has 120 seconds left.
|
|t:|1758361439
|switch|p2a: Lilligant|Lilligant-Hisui, F|42/100
|turn|18
|
|t:|1758361456
|move|p2a: Lilligant|Solar Blade||[still]
|-prepare|p2a: Lilligant|Solar Blade
|-anim|p2a: Lilligant|Solar Blade|p1a: Gallade
|-damage|p1a: Gallade|3/100
|move|p1a: Gallade|Psycho Cut|p2a: Lilligant
|-supereffective|p2a: Lilligant
|-damage|p2a: Lilligant|0 fnt
|faint|p2a: Lilligant
|
|-weather|SunnyDay|[upkeep]
|upkeep
|inactive|reginam has 120 seconds left.
|
|t:|1758361476
|switch|p2a: Venusaur|Venusaur, M|59/100
|turn|19
|inactive|reginam has 120 seconds left.
|
|t:|1758361488
|move|p2a: Venusaur|Earth Power|p1a: Gallade
|-damage|p1a: Gallade|0 fnt
|faint|p1a: Gallade
|-damage|p2a: Venusaur|49/100|[from] item: Life Orb
|
|-weather|SunnyDay|[upkeep]
|upkeep
|
|t:|1758361496
|switch|p1a: Slowking|Slowking-Galar, F|100/100
|turn|20
|
|t:|1758361500
|move|p2a: Venusaur|Growth|p2a: Venusaur
|-boost|p2a: Venusaur|atk|2
|-boost|p2a: Venusaur|spa|2
|-prepare|p1a: Slowking|Chilly Reception|[premajor]
|move|p1a: Slowking|Chilly Reception|p1a: Slowking
|-weather|Snowscape
|
|t:|1758361506
|switch|p1a: Electrode|Electrode-Hisui, shiny|88/100|[from] Chilly Reception
|-damage|p1a: Electrode|76/100|[from] Stealth Rock
|
|-weather|Snowscape|[upkeep]
|upkeep
|turn|21
|
|t:|1758361513
|-terastallize|p1a: Electrode|Ice
|move|p1a: Electrode|Tera Blast|p2a: Venusaur|[anim] Tera Blast Ice
|-supereffective|p2a: Venusaur
|-damage|p2a: Venusaur|0 fnt
|faint|p2a: Venusaur
|
|-weather|Snowscape|[upkeep]
|upkeep
|
|t:|1758361533
|switch|p2a: Arcanine|Arcanine-Hisui, M|67/100
|turn|22
|
|t:|1758361541
|switch|p1a: Alomomola|Alomomola, M, shiny|100/100
|move|p2a: Arcanine|Head Smash|p1a: Alomomola
|-damage|p1a: Alomomola|45/100
|
|-weather|Snowscape|[upkeep]
|upkeep
|turn|23
|
|t:|1758361553
|move|p2a: Arcanine|Head Smash|p1a: Alomomola
|-damage|p1a: Alomomola|0 fnt
|faint|p1a: Alomomola
|
|-weather|Snowscape|[upkeep]
|upkeep
|
|t:|1758361559
|switch|p1a: Electrode|Electrode-Hisui, shiny, tera:Ice|76/100
|-damage|p1a: Electrode|51/100|[from] Stealth Rock
|turn|24
|
|t:|1758361578
|move|p1a: Electrode|Leaf Storm|p2a: Arcanine
|-damage|p2a: Arcanine|0 fnt
|-unboost|p1a: Electrode|spa|2
|faint|p2a: Arcanine
|
|-weather|none
|upkeep
|
|t:|1758361581
|switch|p2a: Walking Wake|Walking Wake|100/100
|turn|25
|
|t:|1758361592
|switch|p1a: Slowking|Slowking-Galar, F|100/100
|move|p2a: Walking Wake|Substitute|p2a: Walking Wake
|-start|p2a: Walking Wake|Substitute
|-damage|p2a: Walking Wake|76/100
|
|-heal|p2a: Walking Wake|82/100|[from] item: Leftovers
|upkeep
|turn|26
|
|t:|1758361605
|move|p2a: Walking Wake|Hydro Steam|p1a: Slowking
|-damage|p1a: Slowking|75/100
|move|p1a: Slowking|Future Sight|p2a: Walking Wake
|-start|p1a: Slowking|move: Future Sight
|
|-heal|p2a: Walking Wake|88/100|[from] item: Leftovers
|upkeep
|turn|27
|
|t:|1758361613
|move|p2a: Walking Wake|Hydro Steam|p1a: Slowking
|-damage|p1a: Slowking|53/100
|move|p1a: Slowking|Sludge Bomb|p2a: Walking Wake
|-end|p2a: Walking Wake|Substitute
|
|-heal|p2a: Walking Wake|94/100|[from] item: Leftovers
|upkeep
|turn|28
|
|t:|1758361628
|move|p2a: Walking Wake|Substitute|p2a: Walking Wake
|-start|p2a: Walking Wake|Substitute
|-damage|p2a: Walking Wake|70/100
|move|p1a: Slowking|Sludge Bomb|p2a: Walking Wake
|-end|p2a: Walking Wake|Substitute
|
|-end|p2a: Walking Wake|move: Future Sight
|-damage|p2a: Walking Wake|16/100
|-heal|p2a: Walking Wake|22/100|[from] item: Leftovers
|upkeep
|turn|29
|
|t:|1758361641
|move|p2a: Walking Wake|Hydro Steam|p1a: Slowking
|-damage|p1a: Slowking|29/100
|move|p1a: Slowking|Sludge Bomb|p2a: Walking Wake
|-crit|p2a: Walking Wake
|-damage|p2a: Walking Wake|0 fnt
|faint|p2a: Walking Wake
|-end|p2a: Walking Wake|Protosynthesis|[silent]
|
|win|IASFAATG
|raw|IASFAATG's rating: 1101 &rarr; <strong>1127</strong><br />(+26 for winning)
|raw|reginam's rating: 1119 &rarr; <strong>1093</strong><br />(-26 for losing)
|l|☆reginam
|player|p2|
