|j|☆Teilong
|j|☆BoiledB
|t:|1758295744
|gametype|singles
|player|p1|Teilong|psychic|1175
|player|p2|BoiledB|roark|1171
|gen|9
|tier|[Gen 9] OU
|rated|
|rule|HP Percentage Mod: HP is shown in percentages
|rule|Endless Battle Clause: Forcing endless battles is banned
|rule|Species Clause: Limit one of each Pokémon
|rule|OHKO Clause: OHKO moves are banned
|rule|Evasion Items Clause: Evasion items are banned
|rule|Evasion Moves Clause: Evasion moves are banned
|rule|Evasion Abilities Clause: Evasion abilities are banned
|rule|Sleep Moves Clause: Sleep-inducing moves are banned
|clearpoke
|poke|p1|Arcanine-Hisui, M|
|poke|p1|Sinistcha-Masterpiece|
|poke|p1|Slowking-Galar, M|
|poke|p1|Zamazenta-*|
|poke|p1|Iron Treads|
|poke|p1|Tornadus-Therian, M|
|poke|p2|Skuntank, F|
|poke|p2|Dragapult, F|
|poke|p2|Alomomola, F|
|poke|p2|Rillaboom, M|
|poke|p2|Great Tusk|
|poke|p2|Heatran, M|
|teampreview
|
|t:|1758295764
|teamsize|p1|6
|teamsize|p2|6
|start
|switch|p1a: Slowking|Slowking-Galar, M|100/100
|switch|p2a: Great Tusk|Great Tusk|100/100
|turn|1
|
|t:|1758295784
|move|p2a: Great Tusk|Stealth Rock|p1a: Slowking
|-sidestart|p1: Teilong|move: Stealth Rock
|move|p1a: Slowking|Ice Beam|p2a: Great Tusk
|-supereffective|p2a: Great Tusk
|-damage|p2a: Great Tusk|29/100
|
|upkeep
|turn|2
|
|t:|1758295790
|move|p2a: Great Tusk|Earthquake|p1a: Slowking
|-supereffective|p1a: Slowking
|-damage|p1a: Slowking|0 fnt
|faint|p1a: Slowking
|
|upkeep
|
|t:|1758295796
|switch|p1a: Iron Treads|Iron Treads|100/100
|-damage|p1a: Iron Treads|98/100|[from] Stealth Rock
|turn|3
|
|t:|1758295803
|-end|p2a: Great Tusk|Protosynthesis|[silent]
|switch|p2a: Dragapult|Dragapult, F|100/100
|move|p1a: Iron Treads|Rapid Spin|p2a: Dragapult
|-immune|p2a: Dragapult
|
|upkeep
|turn|4
|
|t:|1758295811
|move|p2a: Dragapult|Fire Blast|p1a: Iron Treads
|-supereffective|p1a: Iron Treads
|-damage|p1a: Iron Treads|35/100
|-damage|p2a: Dragapult|91/100|[from] item: Life Orb
|move|p1a: Iron Treads|Knock Off|p2a: Dragapult
|-supereffective|p2a: Dragapult
|-damage|p2a: Dragapult|24/100
|-enditem|p2a: Dragapult|Life Orb|[from] move: Knock Off|[of] p1a: Iron Treads
|
|upkeep
|turn|5
|
|t:|1758295842
|move|p2a: Dragapult|Draco Meteor|p1a: Iron Treads
|-resisted|p1a: Iron Treads
|-damage|p1a: Iron Treads|11/100
|-unboost|p2a: Dragapult|spa|2
|move|p1a: Iron Treads|Ice Spinner|p2a: Dragapult
|-supereffective|p2a: Dragapult
|-damage|p2a: Dragapult|0 fnt
|faint|p2a: Dragapult
|
|upkeep
|
|t:|1758295854
|switch|p2a: Rillaboom|Rillaboom, M|100/100
|-fieldstart|move: Grassy Terrain|[from] ability: Grassy Surge|[of] p2a: Rillaboom
|turn|6
|
|t:|1758295871
|move|p2a: Rillaboom|Grassy Glide|p1a: Iron Treads
|-damage|p1a: Iron Treads|0 fnt
|faint|p1a: Iron Treads
|-end|p1a: Iron Treads|Quark Drive|[silent]
|
|upkeep
|
|t:|1758295889
|switch|p1a: Tornadus|Tornadus-Therian, M|100/100
|-damage|p1a: Tornadus|76/100|[from] Stealth Rock
|turn|7
|
|t:|1758295900
|switch|p2a: Heatran|Heatran, M|100/100
|move|p1a: Tornadus|Nasty Plot|p1a: Tornadus
|-boost|p1a: Tornadus|spa|2
|
|upkeep
|turn|8
|
|t:|1758295916
|-terastallize|p1a: Tornadus|Dark
|move|p1a: Tornadus|Dark Pulse|p2a: Heatran
|-damage|p2a: Heatran|45/100
|-damage|p1a: Tornadus|66/100|[from] item: Life Orb
|cant|p2a: Heatran|flinch
|
|-heal|p1a: Tornadus|72/100|[from] Grassy Terrain
|-heal|p2a: Heatran|51/100|[from] Grassy Terrain
|-heal|p2a: Heatran|57/100|[from] item: Leftovers
|upkeep
|turn|9
|
|t:|1758295928
|move|p1a: Tornadus|Dark Pulse|p2a: Heatran
|-damage|p2a: Heatran|0 fnt
|faint|p2a: Heatran
|-damage|p1a: Tornadus|62/100|[from] item: Life Orb
|
|-heal|p1a: Tornadus|68/100|[from] Grassy Terrain
|upkeep
|
|t:|1758295952
|switch|p2a: Skuntank|Skuntank, F|100/100
|turn|10
|
|t:|1758295974
|move|p1a: Tornadus|Taunt|p2a: Skuntank
|-start|p2a: Skuntank|move: Taunt
|move|p2a: Skuntank|Gunk Shot|p1a: Tornadus
|-damage|p1a: Tornadus|0 fnt
|faint|p1a: Tornadus
|
|-fieldend|move: Grassy Terrain
|upkeep
|
|t:|1758295992
|switch|p1a: Arcanine|Arcanine-Hisui, M|100/100
|-damage|p1a: Arcanine|76/100|[from] Stealth Rock
|turn|11
|
|t:|1758295997
|switch|p2a: Alomomola|Alomomola, F|100/100
|move|p1a: Arcanine|Head Smash|p2a: Alomomola
|-damage|p2a: Alomomola|48/100
|-damage|p1a: Arcanine|59/100|[from] item: Rocky Helmet|[of] p2a: Alomomola
|
|upkeep
|turn|12
|
|t:|1758296008
|switch|p1a: Sinistcha|Sinistcha-Masterpiece|100/100
|-damage|p1a: Sinistcha|88/100|[from] Stealth Rock
|move|p2a: Alomomola|Protect||[still]
|-fail|p2a: Alomomola
|
|-heal|p1a: Sinistcha|94/100|[from] item: Leftovers
|upkeep
|turn|13
|
|t:|1758296028
|switch|p2a: Skuntank|Skuntank, F|100/100
|move|p1a: Sinistcha|Matcha Gotcha|p2a: Skuntank
|-resisted|p2a: Skuntank
|-damage|p2a: Skuntank|88/100
|-heal|p1a: Sinistcha|99/100|[from] drain|[of] p2a: Skuntank
|
|-heal|p1a: Sinistcha|100/100|[from] item: Leftovers
|upkeep
|turn|14
|
|t:|1758296041
|switch|p1a: Zamazenta|Zamazenta|100/100
|-ability|p1a: Zamazenta|Dauntless Shield|boost
|-boost|p1a: Zamazenta|def|1
|move|p2a: Skuntank|Gunk Shot|p1a: Zamazenta
|-damage|p1a: Zamazenta|71/100
|-status|p1a: Zamazenta|psn
|
|-damage|p1a: Zamazenta|58/100 psn|[from] psn
|upkeep
|turn|15
|
|t:|1758296068
|switch|p2a: Rillaboom|Rillaboom, M|100/100
|-fieldstart|move: Grassy Terrain|[from] ability: Grassy Surge|[of] p2a: Rillaboom
|move|p1a: Zamazenta|Close Combat|p2a: Rillaboom
|-damage|p2a: Rillaboom|40/100
|-unboost|p1a: Zamazenta|def|1
|-unboost|p1a: Zamazenta|spd|1
|
|-heal|p1a: Zamazenta|64/100 psn|[from] Grassy Terrain
|-heal|p2a: Rillaboom|46/100|[from] Grassy Terrain
|-damage|p1a: Zamazenta|52/100 psn|[from] psn
|upkeep
|turn|16
|
|t:|1758296093
|move|p2a: Rillaboom|Grassy Glide|p1a: Zamazenta
|-damage|p1a: Zamazenta|0 fnt
|faint|p1a: Zamazenta
|
|-heal|p2a: Rillaboom|52/100|[from] Grassy Terrain
|upkeep
|
|t:|1758296102
|switch|p1a: Arcanine|Arcanine-Hisui, M|59/100
|-damage|p1a: Arcanine|34/100|[from] Stealth Rock
|turn|17
|
|t:|1758296108
|move|p2a: Rillaboom|Grassy Glide|p1a: Arcanine
|-crit|p1a: Arcanine
|-damage|p1a: Arcanine|0 fnt
|faint|p1a: Arcanine
|
|-heal|p2a: Rillaboom|58/100|[from] Grassy Terrain
|upkeep
|l|☆Teilong
|player|p1|
|inactive|Battle timer is ON: inactive players will automatically lose when time's up. (requested by BoiledB)
|inactive|Teilong has 30 seconds to reconnect!
|inactive|Teilong has 20 seconds to reconnect!
|inactive|Teilong has 15 seconds to reconnect!
|inactive|Teilong has 10 seconds to reconnect!
|inactive|Teilong has 5 seconds to reconnect!
|-message|Teilong lost due to inactivity.
|
|win|BoiledB
|raw|Teilong's rating: 1175 &rarr; <strong>1150</strong><br />(-25 for losing)
|raw|BoiledB's rating: 1171 &rarr; <strong>1196</strong><br />(+25 for winning)
