|j|☆potatogaming1444
|j|☆Coyotekid64
|t:|1758370982
|gametype|singles
|player|p1|potatogaming1444|fisherman-gen4|1173
|player|p2|Coyotekid64|169|1215
|gen|9
|tier|[Gen 9] OU
|rated|
|rule|HP Percentage Mod: HP is shown in percentages
|rule|Endless Battle Clause: Forcing endless battles is banned
|rule|Species Clause: Limit one of each Pokémon
|rule|OHKO Clause: OHKO moves are banned
|rule|Evasion Items Clause: Evasion items are banned
|rule|Evasion Moves Clause: Evasion moves are banned
|rule|Evasion Abilities Clause: Evasion abilities are banned
|rule|Sleep Moves Clause: Sleep-inducing moves are banned
|clearpoke
|poke|p1|Araquanid, F|
|poke|p1|Rampardos, M|
|poke|p1|Corviknight, F|
|poke|p1|Rotom-Mow|
|poke|p1|Iron Treads|
|poke|p1|Moltres|
|poke|p2|Samurott, F|
|poke|p2|Rillaboom, F|
|poke|p2|Hawlucha, M|
|poke|p2|Gholdengo|
|poke|p2|Hatterene, F|
|poke|p2|Great Tusk|
|teampreview
|inactive|Battle timer is ON: inactive players will automatically lose when time's up. (requested by Coyotekid64)
|
|t:|1758371002
|teamsize|p1|6
|teamsize|p2|6
|start
|switch|p1a: Araquanid|Araquanid, F|100/100
|switch|p2a: Rillaboom|Rillaboom, F|100/100
|-fieldstart|move: Grassy Terrain|[from] ability: Grassy Surge|[of] p2a: Rillaboom
|turn|1
|
|t:|1758371010
|move|p2a: Rillaboom|U-turn|p1a: Araquanid
|-damage|p1a: Araquanid|75/100
|
|t:|1758371012
|switch|p2a: Hatterene|Hatterene, F|100/100|[from] U-turn
|move|p1a: Araquanid|Sticky Web|p2a: Hatterene
|move|p2a: Hatterene|Sticky Web|p1a: Araquanid|[from] ability: Magic Bounce
|-sidestart|p1: potatogaming1444|move: Sticky Web
|
|-heal|p1a: Araquanid|81/100|[from] Grassy Terrain
|upkeep
|turn|2
|
|t:|1758371031
|switch|p2a: Hawlucha|Hawlucha, M|100/100
|-enditem|p2a: Hawlucha|Grassy Seed
|-boost|p2a: Hawlucha|def|1|[from] item: Grassy Seed
|move|p1a: Araquanid|Liquidation|p2a: Hawlucha
|-damage|p2a: Hawlucha|55/100
|-unboost|p2a: Hawlucha|def|1
|
|-heal|p1a: Araquanid|88/100|[from] Grassy Terrain
|upkeep
|turn|3
|
|t:|1758371042
|move|p1a: Araquanid|Endure|p1a: Araquanid
|-singleturn|p1a: Araquanid|move: Endure
|move|p2a: Hawlucha|Acrobatics|p1a: Araquanid
|-supereffective|p1a: Araquanid
|-activate|p1a: Araquanid|move: Endure
|-damage|p1a: Araquanid|1/100
|
|-heal|p1a: Araquanid|7/100|[from] Grassy Terrain
|upkeep
|turn|4
|-enditem|p1a: Araquanid|Custap Berry|[eat]
|-activate|p1a: Araquanid|item: Custap Berry|[consumed]
|
|t:|1758371060
|move|p1a: Araquanid|Liquidation|p2a: Hawlucha
|-damage|p2a: Hawlucha|0 fnt
|faint|p2a: Hawlucha
|
|-heal|p1a: Araquanid|13/100|[from] Grassy Terrain
|upkeep
|
|t:|1758371068
|switch|p2a: Great Tusk|Great Tusk|100/100
|turn|5
|
|t:|1758371078
|move|p2a: Great Tusk|Rapid Spin|p1a: Araquanid
|-damage|p1a: Araquanid|0 fnt
|-boost|p2a: Great Tusk|spe|1
|faint|p1a: Araquanid
|
|upkeep
|
|t:|1758371082
|switch|p1a: Moltres|Moltres|100/100
|-ability|p1a: Moltres|Pressure
|turn|6
|
|t:|1758371092
|-end|p2a: Great Tusk|Protosynthesis|[silent]
|switch|p2a: Samurott|Samurott, F|100/100
|move|p1a: Moltres|Hurricane|p2a: Samurott
|-damage|p2a: Samurott|55/100
|
|-heal|p2a: Samurott|62/100|[from] Grassy Terrain
|upkeep
|turn|7
|
|t:|1758371102
|switch|p1a: Rotom|Rotom-Mow|100/100
|move|p2a: Samurott|Razor Shell|p1a: Rotom
|-resisted|p1a: Rotom
|-damage|p1a: Rotom|78/100
|-unboost|p1a: Rotom|def|1
|-enditem|p1a: Rotom|Eject Pack
|
|t:|1758371115
|switch|p1a: Corviknight|Corviknight, F|100/100
|-ability|p1a: Corviknight|Pressure
|
|-heal|p2a: Samurott|68/100|[from] Grassy Terrain
|upkeep
|turn|8
|
|t:|1758371124
|switch|p2a: Gholdengo|Gholdengo|100/100
|-item|p2a: Gholdengo|Air Balloon
|move|p1a: Corviknight|U-turn|p2a: Gholdengo
|-resisted|p2a: Gholdengo
|-damage|p2a: Gholdengo|98/100
|-enditem|p2a: Gholdengo|Air Balloon
|inactive|potatogaming1444 has 120 seconds left.
|
|t:|1758371157
|switch|p1a: Moltres|Moltres|100/100|[from] U-turn
|-ability|p1a: Moltres|Pressure
|
|-heal|p2a: Gholdengo|100/100|[from] Grassy Terrain
|-fieldend|move: Grassy Terrain
|upkeep
|turn|9
|
|t:|1758371170
|-terastallize|p2a: Gholdengo|Fairy
|move|p1a: Moltres|Fire Blast|p2a: Gholdengo
|-damage|p2a: Gholdengo|35/100
|move|p2a: Gholdengo|Thunder Wave|p1a: Moltres
|-status|p1a: Moltres|par
|
|upkeep
|turn|10
|
|t:|1758371183
|move|p2a: Gholdengo|Recover|p2a: Gholdengo
|-heal|p2a: Gholdengo|85/100
|move|p1a: Moltres|Fire Blast|p2a: Gholdengo
|-damage|p2a: Gholdengo|28/100
|
|upkeep
|turn|11
|
|t:|1758371189
|switch|p1a: Iron Treads|Iron Treads|100/100
|-item|p1a: Iron Treads|Air Balloon
|move|p2a: Gholdengo|Hex|p1a: Iron Treads
|-damage|p1a: Iron Treads|58/100
|-enditem|p1a: Iron Treads|Air Balloon
|
|upkeep
|turn|12
|
|t:|1758371198
|move|p1a: Iron Treads|Rapid Spin|p2a: Gholdengo
|-damage|p2a: Gholdengo|17/100
|-boost|p1a: Iron Treads|spe|1
|-sideend|p1: potatogaming1444|Sticky Web|[from] move: Rapid Spin|[of] p1a: Iron Treads
|move|p2a: Gholdengo|Thunder Wave|p1a: Iron Treads
|-immune|p1a: Iron Treads
|
|upkeep
|turn|13
|
|t:|1758371208
|move|p1a: Iron Treads|Earthquake|p2a: Gholdengo
|-damage|p2a: Gholdengo|0 fnt
|faint|p2a: Gholdengo
|
|upkeep
|
|t:|1758371221
|switch|p2a: Great Tusk|Great Tusk|100/100
|turn|14
|
|t:|1758371229
|-end|p1a: Iron Treads|Quark Drive|[silent]
|switch|p1a: Moltres|Moltres|100/100 par
|-ability|p1a: Moltres|Pressure
|move|p2a: Great Tusk|Headlong Rush|p1a: Moltres
|-immune|p1a: Moltres
|
|upkeep
|turn|15
|
|t:|1758371237
|move|p2a: Great Tusk|Stealth Rock|p1a: Moltres
|-sidestart|p1: potatogaming1444|move: Stealth Rock
|cant|p1a: Moltres|par
|
|upkeep
|turn|16
|
|t:|1758371245
|-end|p2a: Great Tusk|Protosynthesis|[silent]
|switch|p2a: Hatterene|Hatterene, F|100/100
|move|p1a: Moltres|Hurricane|p2a: Hatterene|[miss]
|-miss|p1a: Moltres|p2a: Hatterene
|
|upkeep
|turn|17
|
|t:|1758371252
|cant|p1a: Moltres|par
|move|p2a: Hatterene|Calm Mind|p2a: Hatterene
|-boost|p2a: Hatterene|spa|1
|-boost|p2a: Hatterene|spd|1
|
|upkeep
|turn|18
|
|t:|1758371259
|switch|p1a: Rampardos|Rampardos, M|100/100
|-damage|p1a: Rampardos|88/100|[from] Stealth Rock
|move|p2a: Hatterene|Mystical Fire|p1a: Rampardos
|-resisted|p1a: Rampardos
|-damage|p1a: Rampardos|56/100
|-unboost|p1a: Rampardos|spa|1
|
|upkeep
|turn|19
|
|t:|1758371268
|switch|p2a: Great Tusk|Great Tusk|100/100
|move|p1a: Rampardos|Iron Head|p2a: Great Tusk
|-damage|p2a: Great Tusk|71/100
|
|upkeep
|turn|20
|
|t:|1758371276
|switch|p1a: Moltres|Moltres|100/100 par
|-ability|p1a: Moltres|Pressure
|move|p2a: Great Tusk|Ice Spinner|p1a: Moltres
|-damage|p1a: Moltres|67/100 par
|
|upkeep
|turn|21
|
|t:|1758371285
|move|p2a: Great Tusk|Ice Spinner|p1a: Moltres
|-damage|p1a: Moltres|34/100 par
|move|p1a: Moltres|Fire Blast|p2a: Great Tusk
|-damage|p2a: Great Tusk|0 fnt
|faint|p2a: Great Tusk
|-end|p2a: Great Tusk|Protosynthesis|[silent]
|
|upkeep
|
|t:|1758371291
|switch|p2a: Samurott|Samurott, F|68/100
|turn|22
|
|t:|1758371293
|switch|p1a: Rotom|Rotom-Mow|78/100
|-damage|p1a: Rotom|65/100|[from] Stealth Rock
|move|p2a: Samurott|Ice Beam|p1a: Rotom
|-supereffective|p1a: Rotom
|-crit|p1a: Rotom
|-damage|p1a: Rotom|0 fnt
|faint|p1a: Rotom
|
|upkeep
|
|t:|1758371304
|switch|p1a: Rampardos|Rampardos, M|56/100
|-damage|p1a: Rampardos|44/100|[from] Stealth Rock
|turn|23
|
|t:|1758371309
|move|p2a: Samurott|Aqua Jet|p1a: Rampardos
|-supereffective|p1a: Rampardos
|-damage|p1a: Rampardos|0 fnt
|faint|p1a: Rampardos
|
|upkeep
|
|t:|1758371312
|switch|p1a: Corviknight|Corviknight, F|100/100
|-damage|p1a: Corviknight|88/100|[from] Stealth Rock
|-ability|p1a: Corviknight|Pressure
|turn|24
|-message|potatogaming1444 forfeited.
|
|win|Coyotekid64
|raw|potatogaming1444's rating: 1173 &rarr; <strong>1151</strong><br />(-22 for losing)
|raw|Coyotekid64's rating: 1215 &rarr; <strong>1237</strong><br />(+22 for winning)
|l|☆potatogaming1444
|player|p1|
|l|☆Coyotekid64
|player|p2|
