|j|☆lolcano46
|j|☆whichjuanz
|t:|1758321739
|gametype|singles
|player|p1|lolcano46|fisherman-gen4|1450
|player|p2|whichjuanz|hiker-gen4|1458
|gen|9
|tier|[Gen 9] OU
|rated|
|rule|HP Percentage Mod: HP is shown in percentages
|rule|Endless Battle Clause: Forcing endless battles is banned
|rule|Species Clause: Limit one of each Pokémon
|rule|OHKO Clause: OHKO moves are banned
|rule|Evasion Items Clause: Evasion items are banned
|rule|Evasion Moves Clause: Evasion moves are banned
|rule|Evasion Abilities Clause: Evasion abilities are banned
|rule|Sleep Moves Clause: Sleep-inducing moves are banned
|clearpoke
|poke|p1|Azelf|
|poke|p1|Ogerpon-Wellspring, F|
|poke|p1|Scizor, F|
|poke|p1|Gengar, M|
|poke|p1|Raging Bolt|
|poke|p1|Cinderace, M|
|poke|p2|Dragapult, M|
|poke|p2|Garchomp, F|
|poke|p2|Brambleghast, F|
|poke|p2|Crawdaunt, M|
|poke|p2|Shiftry, F|
|poke|p2|Araquanid, F|
|teampreview
|inactive|Battle timer is ON: inactive players will automatically lose when time's up. (requested by whichjuanz)
|inactive|lolcano46 also wants the timer to be on.
|
|t:|1758321769
|teamsize|p1|6
|teamsize|p2|6
|start
|switch|p1a: Gengar|Gengar, M|100/100
|switch|p2a: Shiftry|Shiftry, F|100/100
|turn|1
|
|t:|1758321776
|move|p1a: Gengar|Sludge Bomb|p2a: Shiftry
|-supereffective|p2a: Shiftry
|-enditem|p2a: Shiftry|Focus Sash
|-damage|p2a: Shiftry|1/100
|move|p2a: Shiftry|Tailwind|p2a: Shiftry
|-sidestart|p2: whichjuanz|move: Tailwind
|-ability|p2a: Shiftry|Wind Rider|boost
|-boost|p2a: Shiftry|atk|1
|
|upkeep
|turn|2
|
|t:|1758321786
|move|p2a: Shiftry|Beat Up|p1a: Gengar
|-supereffective|p1a: Gengar
|-damage|p1a: Gengar|57/100
|-supereffective|p1a: Gengar
|-damage|p1a: Gengar|10/100
|-supereffective|p1a: Gengar
|-damage|p1a: Gengar|0 fnt
|-start|p2a: Shiftry|Disable|Beat Up|[from] ability: Cursed Body|[of] p1a: Gengar
|faint|p1a: Gengar
|-hitcount|p1: Gengar|3
|
|upkeep
|
|t:|1758321789
|switch|p1a: Scizor|Scizor, F|100/100
|turn|3
|
|t:|1758321795
|switch|p2a: Araquanid|Araquanid, F|100/100
|move|p1a: Scizor|Bullet Punch|p2a: Araquanid
|-resisted|p2a: Araquanid
|-damage|p2a: Araquanid|79/100
|
|upkeep
|turn|4
|
|t:|1758321798
|move|p2a: Araquanid|Sticky Web|p1a: Scizor
|-sidestart|p1: lolcano46|move: Sticky Web
|move|p1a: Scizor|Knock Off|p2a: Araquanid
|-damage|p2a: Araquanid|36/100
|-enditem|p2a: Araquanid|Custap Berry|[from] move: Knock Off|[of] p1a: Scizor
|
|-sideend|p2: whichjuanz|move: Tailwind
|upkeep
|turn|5
|
|t:|1758321806
|move|p1a: Scizor|Swords Dance|p1a: Scizor
|-boost|p1a: Scizor|atk|2
|move|p2a: Araquanid|Endeavor|p1a: Scizor
|-damage|p1a: Scizor|40/100
|
|upkeep
|turn|6
|
|t:|1758321810
|move|p1a: Scizor|Knock Off|p2a: Araquanid
|-damage|p2a: Araquanid|0 fnt
|faint|p2a: Araquanid
|
|upkeep
|
|t:|1758321815
|switch|p2a: Crawdaunt|Crawdaunt, M|100/100
|turn|7
|
|t:|1758321818
|switch|p1a: Cinderace|Cinderace, M|100/100
|move|p2a: Crawdaunt|Aqua Jet|p1a: Cinderace
|-supereffective|p1a: Cinderace
|-damage|p1a: Cinderace|23/100
|
|upkeep
|turn|8
|
|t:|1758321824
|switch|p1a: Ogerpon|Ogerpon-Wellspring, F|100/100
|-activate|p1a: Ogerpon|move: Sticky Web
|-unboost|p1a: Ogerpon|spe|1
|move|p2a: Crawdaunt|Aqua Jet|p1a: Ogerpon
|-immune|p1a: Ogerpon|[from] ability: Water Absorb
|
|upkeep
|turn|9
|
|t:|1758321829
|switch|p2a: Shiftry|Shiftry, F|1/100
|move|p1a: Ogerpon|Play Rough|p2a: Shiftry
|-supereffective|p2a: Shiftry
|-damage|p2a: Shiftry|0 fnt
|faint|p2a: Shiftry
|
|upkeep
|
|t:|1758321834
|switch|p2a: Dragapult|Dragapult, M|100/100
|turn|10
|
|t:|1758321840
|move|p2a: Dragapult|Dragon Darts|p1a: Ogerpon
|-damage|p1a: Ogerpon|56/100
|-anim|p2a: Dragapult|Dragon Darts|p1a: Ogerpon
|-damage|p1a: Ogerpon|12/100
|-damage|p2a: Dragapult|91/100|[from] item: Life Orb
|move|p1a: Ogerpon|Play Rough|p2a: Dragapult
|-supereffective|p2a: Dragapult
|-crit|p2a: Dragapult
|-damage|p2a: Dragapult|0 fnt
|faint|p2a: Dragapult
|
|upkeep
|
|t:|1758321844
|switch|p2a: Crawdaunt|Crawdaunt, M|100/100
|turn|11
|
|t:|1758321850
|move|p1a: Ogerpon|Horn Leech|p2a: Crawdaunt
|-supereffective|p2a: Crawdaunt
|-crit|p2a: Crawdaunt
|-damage|p2a: Crawdaunt|0 fnt
|-heal|p1a: Ogerpon|57/100|[from] drain|[of] p2a: Crawdaunt
|faint|p2a: Crawdaunt
|
|upkeep
|
|t:|1758321853
|switch|p2a: Brambleghast|Brambleghast, F|100/100
|turn|12
|
|t:|1758321860
|move|p2a: Brambleghast|Poltergeist|p1a: Ogerpon
|-activate|p1a: Ogerpon|move: Poltergeist|Wellspring Mask
|-damage|p1a: Ogerpon|0 fnt
|faint|p1a: Ogerpon
|
|upkeep
|
|t:|1758321863
|switch|p1a: Cinderace|Cinderace, M|23/100
|turn|13
|
|t:|1758321867
|move|p2a: Brambleghast|Shadow Sneak|p1a: Cinderace
|-damage|p1a: Cinderace|0 fnt
|faint|p1a: Cinderace
|
|upkeep
|
|t:|1758321871
|switch|p1a: Raging Bolt|Raging Bolt|100/100
|-activate|p1a: Raging Bolt|move: Sticky Web
|-unboost|p1a: Raging Bolt|spe|1
|-enditem|p1a: Raging Bolt|Booster Energy
|-activate|p1a: Raging Bolt|ability: Protosynthesis|[fromitem]
|-start|p1a: Raging Bolt|protosynthesisspa
|turn|14
|
|t:|1758321875
|switch|p2a: Garchomp|Garchomp, F|100/100
|move|p1a: Raging Bolt|Dragon Pulse|p2a: Garchomp
|-supereffective|p2a: Garchomp
|-damage|p2a: Garchomp|0 fnt
|faint|p2a: Garchomp
|
|upkeep
|
|t:|1758321876
|switch|p2a: Brambleghast|Brambleghast, F|100/100
|turn|15
|-message|whichjuanz forfeited.
|
|win|lolcano46
|raw|lolcano46's rating: 1450 &rarr; <strong>1470</strong><br />(+20 for winning)
|raw|whichjuanz's rating: 1458 &rarr; <strong>1438</strong><br />(-20 for losing)
|l|☆whichjuanz
|player|p2|
|l|☆lolcano46
|player|p1|
