|j|☆jarvisim0_
|j|☆moonstone saint
|t:|1758230981
|gametype|singles
|player|p1|jarvisim0_|acetrainer-gen4dp|1350
|player|p2|moonstone saint|argenta|1302
|gen|9
|tier|[Gen 9] OU
|rated|
|rule|HP Percentage Mod: HP is shown in percentages
|rule|Endless Battle Clause: Forcing endless battles is banned
|rule|Species Clause: Limit one of each Pokémon
|rule|OHKO Clause: OHKO moves are banned
|rule|Evasion Items Clause: Evasion items are banned
|rule|Evasion Moves Clause: Evasion moves are banned
|rule|Evasion Abilities Clause: Evasion abilities are banned
|rule|Sleep Moves Clause: Sleep-inducing moves are banned
|clearpoke
|poke|p1|Weezing-Galar, M|
|poke|p1|Volcanion|
|poke|p1|Rillaboom, F|
|poke|p1|Gholdengo|
|poke|p1|Great Tusk|
|poke|p1|Dragonite, M|
|poke|p2|Scizor, M|
|poke|p2|Slowking-Galar, F|
|poke|p2|Iron Valiant|
|poke|p2|Alomomola, F|
|poke|p2|Great Tusk|
|poke|p2|Dragonite, M|
|teampreview
|
|t:|1758231010
|teamsize|p1|6
|teamsize|p2|6
|start
|switch|p1a: Rillaboom|Rillaboom, F|100/100
|switch|p2a: Scizor|Scizor, M, shiny|100/100
|-fieldstart|move: Grassy Terrain|[from] ability: Grassy Surge|[of] p1a: Rillaboom
|turn|1
|
|t:|1758231018
|move|p1a: Rillaboom|U-turn|p2a: Scizor
|-resisted|p2a: Scizor
|-damage|p2a: Scizor|81/100
|
|t:|1758231019
|switch|p1a: Great Tusk|Great Tusk|100/100|[from] U-turn
|move|p2a: Scizor|U-turn|p1a: Great Tusk
|-resisted|p1a: Great Tusk
|-damage|p1a: Great Tusk|80/100
|-damage|p2a: Scizor|64/100|[from] item: Rocky Helmet|[of] p1a: Great Tusk
|-damage|p2a: Scizor|54/100|[from] item: Life Orb
|
|t:|1758231026
|switch|p2a: Iron Valiant|Iron Valiant|100/100|[from] U-turn
|
|-heal|p1a: Great Tusk|86/100|[from] Grassy Terrain
|upkeep
|turn|2
|
|t:|1758231067
|-end|p1a: Great Tusk|Protosynthesis|[silent]
|switch|p1a: Weezing|Weezing-Galar, M|100/100
|-ability|p1a: Weezing|Neutralizing Gas
|move|p2a: Iron Valiant|Shadow Ball|p1a: Weezing
|-damage|p1a: Weezing|66/100
|-unboost|p1a: Weezing|spd|1
|
|-heal|p1a: Weezing|72/100|[from] Grassy Terrain
|upkeep
|turn|3
|inactive|Battle timer is ON: inactive players will automatically lose when time's up. (requested by jarvisim0_)
|
|t:|1758231126
|-end|p2a: Iron Valiant|Quark Drive|[silent]
|switch|p2a: Scizor|Scizor, M, shiny|54/100
|move|p1a: Weezing|Pain Split|p2a: Scizor
|-sethp|p2a: Scizor|70/100|[from] move: Pain Split|[silent]
|-sethp|p1a: Weezing|59/100|[from] move: Pain Split
|
|-heal|p2a: Scizor|76/100|[from] Grassy Terrain
|-heal|p1a: Weezing|65/100|[from] Grassy Terrain
|upkeep
|turn|4
|
|t:|1758231138
|-end|p1a: Weezing|ability: Neutralizing Gas
|switch|p1a: Great Tusk|Great Tusk|86/100
|move|p2a: Scizor|U-turn|p1a: Great Tusk
|-resisted|p1a: Great Tusk
|-crit|p1a: Great Tusk
|-damage|p1a: Great Tusk|59/100
|-damage|p2a: Scizor|60/100|[from] item: Rocky Helmet|[of] p1a: Great Tusk
|-damage|p2a: Scizor|50/100|[from] item: Life Orb
|
|t:|1758231141
|switch|p2a: Iron Valiant|Iron Valiant|100/100|[from] U-turn
|
|-heal|p1a: Great Tusk|65/100|[from] Grassy Terrain
|upkeep
|turn|5
|
|t:|1758231152
|-end|p1a: Great Tusk|Protosynthesis|[silent]
|switch|p1a: Volcanion|Volcanion|100/100
|move|p2a: Iron Valiant|Moonblast|p1a: Volcanion
|-resisted|p1a: Volcanion
|-damage|p1a: Volcanion|76/100
|-unboost|p1a: Volcanion|spa|1
|
|-heal|p1a: Volcanion|82/100|[from] Grassy Terrain
|-fieldend|move: Grassy Terrain
|upkeep
|turn|6
|
|t:|1758231160
|-end|p2a: Iron Valiant|Quark Drive|[silent]
|switch|p2a: Slowking|Slowking-Galar, F|100/100
|move|p1a: Volcanion|Steam Eruption|p2a: Slowking
|-damage|p2a: Slowking|81/100
|
|upkeep
|turn|7
|
|t:|1758231179
|move|p1a: Volcanion|Steam Eruption|p2a: Slowking
|-damage|p2a: Slowking|64/100
|-status|p2a: Slowking|brn
|move|p2a: Slowking|Future Sight|p1a: Volcanion
|-start|p2a: Slowking|move: Future Sight
|
|-damage|p2a: Slowking|58/100 brn|[from] brn
|upkeep
|turn|8
|
|t:|1758231199
|switch|p1a: Gholdengo|Gholdengo|100/100
|-prepare|p2a: Slowking|Chilly Reception|[premajor]
|move|p2a: Slowking|Chilly Reception|p2a: Slowking
|-weather|Snowscape
|inactive|moonstone saint has 120 seconds left.
|
|t:|1758231217
|switch|p2a: Scizor|Scizor, M, shiny|50/100|[from] Chilly Reception
|
|-weather|Snowscape|[upkeep]
|upkeep
|turn|9
|inactive|moonstone saint has 120 seconds left.
|inactive|moonstone saint has 90 seconds left.
|
|t:|1758231265
|switch|p1a: Volcanion|Volcanion|82/100
|switch|p2a: Slowking|Slowking-Galar, F|91/100 brn
|
|-weather|Snowscape|[upkeep]
|-end|p1a: Volcanion|move: Future Sight
|-damage|p1a: Volcanion|47/100
|-damage|p2a: Slowking|85/100 brn|[from] brn
|upkeep
|turn|10
|inactive|moonstone saint has 90 seconds left.
|
|t:|1758231279
|move|p1a: Volcanion|Earth Power|p2a: Slowking
|-supereffective|p2a: Slowking
|-damage|p2a: Slowking|56/100 brn
|-prepare|p2a: Slowking|Chilly Reception|[premajor]
|move|p2a: Slowking|Chilly Reception|p2a: Slowking
|
|t:|1758231290
|switch|p2a: Great Tusk|Great Tusk|100/100|[from] Chilly Reception
|
|-weather|Snowscape|[upkeep]
|upkeep
|turn|11
|
|t:|1758231304
|-end|p2a: Great Tusk|Protosynthesis|[silent]
|switch|p2a: Scizor|Scizor, M, shiny|50/100
|move|p1a: Volcanion|Steam Eruption|p2a: Scizor
|-damage|p2a: Scizor|0 fnt
|faint|p2a: Scizor
|
|-weather|Snowscape|[upkeep]
|upkeep
|inactive|moonstone saint has 90 seconds left.
|
|t:|1758231333
|switch|p2a: Iron Valiant|Iron Valiant|100/100
|turn|12
|
|t:|1758231339
|move|p2a: Iron Valiant|Thunderbolt|p1a: Volcanion
|-supereffective|p1a: Volcanion
|-damage|p1a: Volcanion|0 fnt
|faint|p1a: Volcanion
|
|-weather|none
|upkeep
|
|t:|1758231354
|switch|p1a: Gholdengo|Gholdengo|100/100
|turn|13
|inactive|moonstone saint has 90 seconds left.
|
|t:|1758231365
|-end|p2a: Iron Valiant|Quark Drive|[silent]
|switch|p2a: Slowking|Slowking-Galar, F|90/100 brn
|move|p1a: Gholdengo|Make It Rain|p2a: Slowking
|-damage|p2a: Slowking|52/100 brn
|-unboost|p1a: Gholdengo|spa|1
|
|-damage|p2a: Slowking|46/100 brn|[from] brn
|upkeep
|turn|14
|inactive|moonstone saint has 90 seconds left.
|
|t:|1758231375
|switch|p1a: Great Tusk|Great Tusk|65/100
|-prepare|p2a: Slowking|Chilly Reception|[premajor]
|move|p2a: Slowking|Chilly Reception|p2a: Slowking
|-weather|Snowscape
|
|t:|1758231378
|switch|p2a: Iron Valiant|Iron Valiant|100/100|[from] Chilly Reception
|
|-weather|Snowscape|[upkeep]
|upkeep
|turn|15
|inactive|moonstone saint has 90 seconds left.
|
|t:|1758231405
|-end|p1a: Great Tusk|Protosynthesis|[silent]
|switch|p1a: Weezing|Weezing-Galar, M|65/100
|-ability|p1a: Weezing|Neutralizing Gas
|-terastallize|p2a: Iron Valiant|Fairy
|move|p2a: Iron Valiant|Moonblast|p1a: Weezing
|-resisted|p1a: Weezing
|-damage|p1a: Weezing|19/100
|
|-weather|Snowscape|[upkeep]
|upkeep
|turn|16
|
|t:|1758231415
|move|p2a: Iron Valiant|Moonblast|p1a: Weezing
|-resisted|p1a: Weezing
|-damage|p1a: Weezing|0 fnt
|faint|p1a: Weezing
|-end|p1a: Weezing|ability: Neutralizing Gas
|
|-weather|Snowscape|[upkeep]
|upkeep
|
|t:|1758231417
|switch|p1a: Gholdengo|Gholdengo|100/100
|turn|17
|
|t:|1758231435
|-end|p2a: Iron Valiant|Quark Drive|[silent]
|switch|p2a: Slowking|Slowking-Galar, F|79/100 brn
|move|p1a: Gholdengo|Shadow Ball|p2a: Slowking
|-supereffective|p2a: Slowking
|-damage|p2a: Slowking|33/100 brn
|
|-weather|Snowscape|[upkeep]
|-damage|p2a: Slowking|27/100 brn|[from] brn
|upkeep
|turn|18
|
|t:|1758231443
|move|p1a: Gholdengo|Shadow Ball|p2a: Slowking
|-supereffective|p2a: Slowking
|-damage|p2a: Slowking|0 fnt
|faint|p2a: Slowking
|
|-weather|none
|upkeep
|
|t:|1758231445
|switch|p2a: Great Tusk|Great Tusk|100/100
|turn|19
|inactive|moonstone saint has 90 seconds left.
|
|t:|1758231473
|switch|p1a: Rillaboom|Rillaboom, F|100/100
|-fieldstart|move: Grassy Terrain|[from] ability: Grassy Surge|[of] p1a: Rillaboom
|-end|p2a: Great Tusk|Protosynthesis|[silent]
|switch|p2a: Dragonite|Dragonite, M|100/100
|
|upkeep
|turn|20
|inactive|moonstone saint has 90 seconds left.
|
|t:|1758231499
|move|p1a: Rillaboom|U-turn|p2a: Dragonite
|-resisted|p2a: Dragonite
|-damage|p2a: Dragonite|91/100
|
|t:|1758231501
|switch|p1a: Gholdengo|Gholdengo|100/100|[from] U-turn
|move|p2a: Dragonite|Outrage|p1a: Gholdengo
|-resisted|p1a: Gholdengo
|-damage|p1a: Gholdengo|39/100
|
|-heal|p1a: Gholdengo|45/100|[from] Grassy Terrain
|upkeep
|turn|21
|
|t:|1758231514
|switch|p1a: Great Tusk|Great Tusk|65/100
|move|p2a: Dragonite|Outrage|p1a: Great Tusk|[from] lockedmove
|-damage|p1a: Great Tusk|0 fnt
|-damage|p2a: Dragonite|74/100|[from] item: Rocky Helmet|[of] p1a: Great Tusk
|faint|p1a: Great Tusk
|-end|p1a: Great Tusk|Protosynthesis|[silent]
|
|upkeep
|
|t:|1758231538
|switch|p1a: Dragonite|Dragonite, M|100/100
|turn|22
|
|t:|1758231542
|-terastallize|p1a: Dragonite|Normal
|move|p2a: Dragonite|Outrage|p1a: Dragonite|[from] lockedmove
|-damage|p1a: Dragonite|38/100
|-start|p2a: Dragonite|confusion|[fatigue]
|move|p1a: Dragonite|Dragon Dance|p1a: Dragonite
|-boost|p1a: Dragonite|atk|1
|-boost|p1a: Dragonite|spe|1
|
|-heal|p1a: Dragonite|44/100|[from] Grassy Terrain
|upkeep
|turn|23
|
|t:|1758231564
|switch|p2a: Alomomola|Alomomola, F, shiny|100/100
|move|p1a: Dragonite|Extreme Speed|p2a: Alomomola
|-damage|p2a: Alomomola|62/100
|-damage|p1a: Dragonite|27/100|[from] item: Rocky Helmet|[of] p2a: Alomomola
|
|-heal|p1a: Dragonite|34/100|[from] Grassy Terrain
|-heal|p2a: Alomomola|68/100|[from] Grassy Terrain
|-fieldend|move: Grassy Terrain
|upkeep
|turn|24
|
|t:|1758231573
|move|p1a: Dragonite|Dragon Dance|p1a: Dragonite
|-boost|p1a: Dragonite|atk|1
|-boost|p1a: Dragonite|spe|1
|move|p2a: Alomomola|Tickle|p1a: Dragonite
|-unboost|p1a: Dragonite|atk|1
|-unboost|p1a: Dragonite|def|1
|
|upkeep
|turn|25
|inactive|moonstone saint has 90 seconds left.
|inactive|moonstone saint has 60 seconds left.
|
|t:|1758231638
|move|p1a: Dragonite|Dragon Dance|p1a: Dragonite
|-boost|p1a: Dragonite|atk|1
|-boost|p1a: Dragonite|spe|1
|move|p2a: Alomomola|Tickle|p1a: Dragonite
|-unboost|p1a: Dragonite|atk|1
|-unboost|p1a: Dragonite|def|1
|
|upkeep
|turn|26
|
|t:|1758231644
|move|p1a: Dragonite|Encore|p2a: Alomomola
|-start|p2a: Alomomola|Encore
|move|p2a: Alomomola|Tickle|p1a: Dragonite
|-unboost|p1a: Dragonite|atk|1
|-unboost|p1a: Dragonite|def|1
|
|upkeep
|turn|27
|inactive|moonstone saint has 60 seconds left.
|
|t:|1758231653
|switch|p1a: Rillaboom|Rillaboom, F|100/100
|-fieldstart|move: Grassy Terrain|[from] ability: Grassy Surge|[of] p1a: Rillaboom
|switch|p2a: Dragonite|Dragonite, M|74/100
|
|upkeep
|turn|28
|inactive|moonstone saint has 60 seconds left.
|
|t:|1758231670
|move|p1a: Rillaboom|Knock Off|p2a: Dragonite
|-damage|p2a: Dragonite|16/100
|-enditem|p2a: Dragonite|Choice Band|[from] move: Knock Off|[of] p1a: Rillaboom
|move|p2a: Dragonite|Outrage|p1a: Rillaboom
|-damage|p1a: Rillaboom|23/100
|
|-heal|p1a: Rillaboom|29/100|[from] Grassy Terrain
|upkeep
|turn|29
|inactive|moonstone saint has 60 seconds left.
|
|t:|1758231676
|move|p1a: Rillaboom|Knock Off|p2a: Dragonite
|-damage|p2a: Dragonite|0 fnt
|faint|p2a: Dragonite
|
|-heal|p1a: Rillaboom|35/100|[from] Grassy Terrain
|upkeep
|inactive|moonstone saint has 60 seconds left.
|
|t:|1758231685
|switch|p2a: Iron Valiant|Iron Valiant, tera:Fairy|100/100
|turn|30
|inactive|moonstone saint has 60 seconds left.
|
|t:|1758231696
|switch|p1a: Dragonite|Dragonite, M, tera:Normal|34/100
|move|p2a: Iron Valiant|Moonblast|p1a: Dragonite
|-damage|p1a: Dragonite|0 fnt
|faint|p1a: Dragonite
|
|upkeep
|
|t:|1758231699
|switch|p1a: Gholdengo|Gholdengo|45/100
|turn|31
|
|t:|1758231713
|-end|p2a: Iron Valiant|Quark Drive|[silent]
|switch|p2a: Alomomola|Alomomola, F, shiny|100/100
|move|p1a: Gholdengo|Shadow Ball|p2a: Alomomola
|-damage|p2a: Alomomola|50/100
|
|-heal|p1a: Gholdengo|51/100|[from] Grassy Terrain
|-heal|p2a: Alomomola|56/100|[from] Grassy Terrain
|-fieldend|move: Grassy Terrain
|upkeep
|turn|32
|
|t:|1758231720
|switch|p1a: Rillaboom|Rillaboom, F|35/100
|-fieldstart|move: Grassy Terrain|[from] ability: Grassy Surge|[of] p1a: Rillaboom
|move|p2a: Alomomola|Flip Turn|p1a: Rillaboom
|-resisted|p1a: Rillaboom
|-damage|p1a: Rillaboom|27/100
|
|t:|1758231723
|switch|p2a: Iron Valiant|Iron Valiant, tera:Fairy|100/100|[from] Flip Turn
|
|-heal|p1a: Rillaboom|33/100|[from] Grassy Terrain
|upkeep
|turn|33
|
|t:|1758231730
|move|p1a: Rillaboom|Grassy Glide|p2a: Iron Valiant
|-damage|p2a: Iron Valiant|26/100
|move|p2a: Iron Valiant|Moonblast|p1a: Rillaboom
|-damage|p1a: Rillaboom|0 fnt
|faint|p1a: Rillaboom
|
|-heal|p2a: Iron Valiant|32/100|[from] Grassy Terrain
|upkeep
|
|t:|1758231734
|switch|p1a: Gholdengo|Gholdengo|51/100
|turn|34
|
|t:|1758231737
|move|p1a: Gholdengo|Shadow Ball|p2a: Iron Valiant
|-damage|p2a: Iron Valiant|0 fnt
|faint|p2a: Iron Valiant
|-end|p2a: Iron Valiant|Quark Drive|[silent]
|
|-heal|p1a: Gholdengo|57/100|[from] Grassy Terrain
|upkeep
|
|t:|1758231744
|switch|p2a: Alomomola|Alomomola, F, shiny|89/100
|turn|35
|
|t:|1758231751
|move|p1a: Gholdengo|Shadow Ball|p2a: Alomomola
|-damage|p2a: Alomomola|36/100
|move|p2a: Alomomola|Tickle|p1a: Gholdengo
|-immune|p1a: Gholdengo|[from] ability: Good as Gold
|
|-heal|p1a: Gholdengo|63/100|[from] Grassy Terrain
|-heal|p2a: Alomomola|42/100|[from] Grassy Terrain
|upkeep
|turn|36
|
|t:|1758231759
|move|p1a: Gholdengo|Shadow Ball|p2a: Alomomola
|-damage|p2a: Alomomola|0 fnt
|faint|p2a: Alomomola
|
|-heal|p1a: Gholdengo|69/100|[from] Grassy Terrain
|-fieldend|move: Grassy Terrain
|upkeep
|
|t:|1758231760
|switch|p2a: Great Tusk|Great Tusk|100/100
|turn|37
|
|t:|1758231764
|move|p1a: Gholdengo|Shadow Ball|p2a: Great Tusk
|-damage|p2a: Great Tusk|45/100
|move|p2a: Great Tusk|Headlong Rush|p1a: Gholdengo
|-supereffective|p1a: Gholdengo
|-damage|p1a: Gholdengo|0 fnt
|-unboost|p2a: Great Tusk|def|1
|-unboost|p2a: Great Tusk|spd|1
|faint|p1a: Gholdengo
|
|win|moonstone saint
|raw|jarvisim0_'s rating: 1350 &rarr; <strong>1327</strong><br />(-23 for losing)
|raw|moonstone saint's rating: 1302 &rarr; <strong>1325</strong><br />(+23 for winning)
|l|☆jarvisim0_
|player|p1|
