|j|☆supersplinter
|j|☆AllegianceIs2UrMom
|t:|1758316981
|gametype|singles
|player|p1|supersplinter|dancer|1527
|player|p2|AllegianceIs2UrMom|170|1577
|gen|9
|tier|[Gen 9] OU
|rated|
|rule|HP Percentage Mod: HP is shown in percentages
|rule|Endless Battle Clause: Forcing endless battles is banned
|rule|Species Clause: Limit one of each Pokémon
|rule|OHKO Clause: OHKO moves are banned
|rule|Evasion Items Clause: Evasion items are banned
|rule|Evasion Moves Clause: Evasion moves are banned
|rule|Evasion Abilities Clause: Evasion abilities are banned
|rule|Sleep Moves Clause: Sleep-inducing moves are banned
|clearpoke
|poke|p1|Iron Treads|
|poke|p1|Tornadus-Therian, M|
|poke|p1|Samurott-Hisui, F|
|poke|p1|Heatran, M|
|poke|p1|Pecharunt|
|poke|p1|Raging Bolt|
|poke|p2|Metagross|
|poke|p2|Hatterene, F|
|poke|p2|Iron Hands|
|poke|p2|Toedscruel, F|
|poke|p2|Pelipper, F|
|poke|p2|Ursaluna, F|
|teampreview
|
|t:|1758317002
|teamsize|p1|6
|teamsize|p2|6
|start
|switch|p1a: Tornadus|Tornadus-Therian, M|100/100
|switch|p2a: Iron Hands|Iron Hands|100/100
|turn|1
|inactive|Battle timer is ON: inactive players will automatically lose when time's up. (requested by AllegianceIs2UrMom)
|
|t:|1758317011
|switch|p1a: Pecharunt|Pecharunt|100/100
|move|p2a: Iron Hands|Supercell Slam|p1a: Pecharunt
|-damage|p1a: Pecharunt|73/100
|-damage|p2a: Iron Hands|84/100|[from] item: Rocky Helmet|[of] p1a: Pecharunt
|
|-heal|p2a: Iron Hands|90/100|[from] item: Leftovers
|upkeep
|turn|2
|
|t:|1758317019
|-end|p2a: Iron Hands|Quark Drive|[silent]
|switch|p2a: Ursaluna|Ursaluna, F|100/100
|move|p1a: Pecharunt|Malignant Chain|p2a: Ursaluna
|-resisted|p2a: Ursaluna
|-damage|p2a: Ursaluna|87/100
|
|-status|p2a: Ursaluna|brn|[from] item: Flame Orb
|upkeep
|turn|3
|
|t:|1758317026
|move|p1a: Pecharunt|Parting Shot|p2a: Ursaluna
|-unboost|p2a: Ursaluna|atk|1
|-unboost|p2a: Ursaluna|spa|1
|
|t:|1758317035
|switch|p1a: Iron Treads|Iron Treads|100/100|[from] Parting Shot
|move|p2a: Ursaluna|Facade|p1a: Iron Treads
|-resisted|p1a: Iron Treads
|-damage|p1a: Iron Treads|67/100
|
|-damage|p2a: Ursaluna|81/100 brn|[from] brn
|upkeep
|turn|4
|
|t:|1758317042
|switch|p2a: Hatterene|Hatterene, F|100/100
|move|p1a: Iron Treads|Ice Spinner|p2a: Hatterene
|-damage|p2a: Hatterene|80/100
|
|-heal|p2a: Hatterene|86/100|[from] item: Leftovers
|upkeep
|turn|5
|
|t:|1758317048
|-end|p1a: Iron Treads|Quark Drive|[silent]
|switch|p1a: Heatran|Heatran, M|100/100
|move|p2a: Hatterene|Trick Room|p2a: Hatterene
|-fieldstart|move: Trick Room|[of] p2a: Hatterene
|
|-heal|p2a: Hatterene|92/100|[from] item: Leftovers
|upkeep
|turn|6
|
|t:|1758317053
|switch|p2a: Pelipper|Pelipper, F|100/100
|-weather|RainDance|[from] ability: Drizzle|[of] p2a: Pelipper
|move|p1a: Heatran|Magma Storm|p2a: Pelipper
|-resisted|p2a: Pelipper
|-damage|p2a: Pelipper|84/100
|-activate|p2a: Pelipper|move: Magma Storm|[of] p1a: Heatran
|
|-weather|RainDance|[upkeep]
|-damage|p2a: Pelipper|72/100|[from] move: Magma Storm|[partiallytrapped]
|upkeep
|turn|7
|
|t:|1758317067
|switch|p1a: Raging Bolt|Raging Bolt|100/100
|move|p2a: Pelipper|U-turn|p1a: Raging Bolt
|-damage|p1a: Raging Bolt|94/100
|
|t:|1758317071
|switch|p2a: Ursaluna|Ursaluna, F|81/100 brn|[from] U-turn
|
|-weather|RainDance|[upkeep]
|-heal|p1a: Raging Bolt|100/100|[from] item: Leftovers
|-damage|p2a: Ursaluna|75/100 brn|[from] brn
|upkeep
|turn|8
|
|t:|1758317079
|-end|p1a: Raging Bolt|Protosynthesis|[silent]
|switch|p1a: Iron Treads|Iron Treads|67/100
|move|p2a: Ursaluna|Headlong Rush|p1a: Iron Treads
|-supereffective|p1a: Iron Treads
|-damage|p1a: Iron Treads|0 fnt
|-unboost|p2a: Ursaluna|def|1
|-unboost|p2a: Ursaluna|spd|1
|faint|p1a: Iron Treads
|-end|p1a: Iron Treads|Quark Drive|[silent]
|
|-weather|RainDance|[upkeep]
|-damage|p2a: Ursaluna|69/100 brn|[from] brn
|upkeep
|
|t:|1758317092
|switch|p1a: Pecharunt|Pecharunt|73/100
|turn|9
|
|t:|1758317098
|switch|p1a: Tornadus|Tornadus-Therian, M|100/100
|move|p2a: Ursaluna|Facade|p1a: Tornadus
|-damage|p1a: Tornadus|0 fnt
|faint|p1a: Tornadus
|
|-weather|RainDance|[upkeep]
|-damage|p2a: Ursaluna|63/100 brn|[from] brn
|-fieldend|move: Trick Room
|upkeep
|
|t:|1758317108
|switch|p1a: Samurott|Samurott-Hisui, F|100/100
|turn|10
|
|t:|1758317112
|switch|p2a: Iron Hands|Iron Hands|90/100
|move|p1a: Samurott|Razor Shell|p2a: Iron Hands
|-damage|p2a: Iron Hands|44/100
|-unboost|p2a: Iron Hands|def|1
|
|-weather|none
|-heal|p2a: Iron Hands|50/100|[from] item: Leftovers
|upkeep
|turn|11
|
|t:|1758317128
|-end|p2a: Iron Hands|Quark Drive|[silent]
|switch|p2a: Pelipper|Pelipper, F|72/100
|-weather|RainDance|[from] ability: Drizzle|[of] p2a: Pelipper
|move|p1a: Samurott|Razor Shell|p2a: Pelipper
|-resisted|p2a: Pelipper
|-damage|p2a: Pelipper|29/100
|-unboost|p2a: Pelipper|def|1
|
|-weather|RainDance|[upkeep]
|upkeep
|turn|12
|
|t:|1758317134
|move|p1a: Samurott|Ceaseless Edge|p2a: Pelipper
|-damage|p2a: Pelipper|0 fnt
|-sidestart|p2: AllegianceIs2UrMom|Spikes
|faint|p2a: Pelipper
|
|-weather|RainDance|[upkeep]
|upkeep
|
|t:|1758317137
|switch|p2a: Toedscruel|Toedscruel, F|100/100
|-damage|p2a: Toedscruel|88/100|[from] Spikes
|turn|13
|
|t:|1758317144
|move|p1a: Samurott|Razor Shell|p2a: Toedscruel
|-damage|p2a: Toedscruel|0 fnt
|faint|p2a: Toedscruel
|
|-weather|RainDance|[upkeep]
|upkeep
|
|t:|1758317150
|switch|p2a: Hatterene|Hatterene, F|92/100
|-damage|p2a: Hatterene|80/100|[from] Spikes
|turn|14
|
|t:|1758317154
|move|p1a: Samurott|Ceaseless Edge|p2a: Hatterene
|-damage|p2a: Hatterene|45/100
|-sidestart|p2: AllegianceIs2UrMom|Spikes
|move|p2a: Hatterene|Trick Room|p2a: Hatterene
|-fieldstart|move: Trick Room|[of] p2a: Hatterene
|
|-weather|RainDance|[upkeep]
|-heal|p2a: Hatterene|50/100|[from] item: Leftovers
|upkeep
|turn|15
|
|t:|1758317161
|switch|p1a: Heatran|Heatran, M|100/100
|move|p2a: Hatterene|Draining Kiss|p1a: Heatran
|-resisted|p1a: Heatran
|-damage|p1a: Heatran|97/100
|-heal|p2a: Hatterene|54/100|[from] drain|[of] p1a: Heatran
|
|-weather|none
|-heal|p2a: Hatterene|60/100|[from] item: Leftovers
|-heal|p1a: Heatran|100/100|[from] item: Leftovers
|upkeep
|turn|16
|
|t:|1758317168
|switch|p2a: Ursaluna|Ursaluna, F|63/100 brn
|-damage|p2a: Ursaluna|46/100 brn|[from] Spikes
|move|p1a: Heatran|Magma Storm|p2a: Ursaluna
|-damage|p2a: Ursaluna|14/100 brn
|-activate|p2a: Ursaluna|move: Magma Storm|[of] p1a: Heatran
|
|-damage|p2a: Ursaluna|8/100 brn|[from] brn
|-damage|p2a: Ursaluna|0 fnt|[from] move: Magma Storm|[partiallytrapped]
|faint|p2a: Ursaluna
|upkeep
|
|t:|1758317171
|switch|p2a: Iron Hands|Iron Hands|50/100
|-damage|p2a: Iron Hands|34/100|[from] Spikes
|turn|17
|
|t:|1758317180
|-terastallize|p1a: Heatran|Ghost
|move|p2a: Iron Hands|Swords Dance|p2a: Iron Hands
|-boost|p2a: Iron Hands|atk|2
|move|p1a: Heatran|Stealth Rock|p2a: Iron Hands
|-sidestart|p2: AllegianceIs2UrMom|move: Stealth Rock
|
|-heal|p2a: Iron Hands|40/100|[from] item: Leftovers
|upkeep
|turn|18
|
|t:|1758317187
|switch|p1a: Pecharunt|Pecharunt|73/100
|move|p2a: Iron Hands|Supercell Slam|p1a: Pecharunt
|-damage|p1a: Pecharunt|16/100
|-damage|p2a: Iron Hands|23/100|[from] item: Rocky Helmet|[of] p1a: Pecharunt
|
|-heal|p2a: Iron Hands|29/100|[from] item: Leftovers
|-fieldend|move: Trick Room
|upkeep
|turn|19
|
|t:|1758317193
|move|p1a: Pecharunt|Malignant Chain|p2a: Iron Hands
|-damage|p2a: Iron Hands|2/100
|-status|p2a: Iron Hands|tox
|-start|p2a: Iron Hands|confusion|[from] ability: Poison Puppeteer|[of] p1a: Pecharunt
|-activate|p2a: Iron Hands|confusion
|-damage|p2a: Iron Hands|0 fnt|[from] confusion
|faint|p2a: Iron Hands
|-end|p2a: Iron Hands|Quark Drive|[silent]
|
|upkeep
|-message|AllegianceIs2UrMom forfeited.
|
|win|supersplinter
|raw|supersplinter's rating: 1527 &rarr; <strong>1550</strong><br />(+23 for winning)
|raw|AllegianceIs2UrMom's rating: 1577 &rarr; <strong>1554</strong><br />(-23 for losing)
|l|☆AllegianceIs2UrMom
|player|p2|
|l|☆supersplinter
|player|p1|
