|j|☆Yarnicles
|j|☆queimaj
|t:|1758288556
|gametype|singles
|player|p1|Yarnicles|265|1096
|player|p2|queimaj|266|1096
|gen|9
|tier|[Gen 9] OU
|rated|
|rule|HP Percentage Mod: HP is shown in percentages
|rule|Endless Battle Clause: Forcing endless battles is banned
|rule|Species Clause: Limit one of each Pokémon
|rule|OHKO Clause: OHKO moves are banned
|rule|Evasion Items Clause: Evasion items are banned
|rule|Evasion Moves Clause: Evasion moves are banned
|rule|Evasion Abilities Clause: Evasion abilities are banned
|rule|Sleep Moves Clause: Sleep-inducing moves are banned
|clearpoke
|poke|p1|Zamazenta-*|
|poke|p1|Vaporeon, F|
|poke|p1|Great Tusk|
|poke|p1|Scizor, M|
|poke|p1|Porygon-Z|
|poke|p1|Kingambit, F|
|poke|p2|Feraligatr, M|
|poke|p2|Noctowl, F|
|poke|p2|Ampharos, F|
|poke|p2|Heracross, F|
|poke|p2|Houndoom, F|
|poke|p2|Donphan, F|
|teampreview
|
|t:|1758288578
|teamsize|p1|6
|teamsize|p2|6
|start
|switch|p1a: Zamazenta|Zamazenta|100/100
|switch|p2a: Feraligatr|Feraligatr, M|100/100
|-ability|p1a: Zamazenta|Dauntless Shield|boost
|-boost|p1a: Zamazenta|def|1
|turn|1
|
|t:|1758288595
|move|p1a: Zamazenta|Body Press|p2a: Feraligatr
|-damage|p2a: Feraligatr|48/100
|-damage|p1a: Zamazenta|84/100|[from] item: Rocky Helmet|[of] p2a: Feraligatr
|move|p2a: Feraligatr|Aqua Tail|p1a: Zamazenta
|-damage|p1a: Zamazenta|66/100
|
|upkeep
|turn|2
|
|t:|1758288604
|move|p1a: Zamazenta|Body Press|p2a: Feraligatr
|-damage|p2a: Feraligatr|0 fnt
|-damage|p1a: Zamazenta|49/100|[from] item: Rocky Helmet|[of] p2a: Feraligatr
|faint|p2a: Feraligatr
|
|upkeep
|
|t:|1758288616
|switch|p2a: Noctowl|Noctowl, F|100/100
|turn|3
|
|t:|1758288631
|-terastallize|p1a: Zamazenta|Dark
|move|p1a: Zamazenta|Crunch|p2a: Noctowl
|-damage|p2a: Noctowl|59/100
|move|p2a: Noctowl|Extrasensory|p1a: Zamazenta
|-immune|p1a: Zamazenta
|
|upkeep
|turn|4
|
|t:|1758288646
|move|p1a: Zamazenta|Crunch|p2a: Noctowl
|-damage|p2a: Noctowl|16/100
|move|p2a: Noctowl|Air Slash|p1a: Zamazenta
|-damage|p1a: Zamazenta|32/100
|
|upkeep
|turn|5
|
|t:|1758288653
|move|p1a: Zamazenta|Crunch|p2a: Noctowl
|-damage|p2a: Noctowl|0 fnt
|faint|p2a: Noctowl
|
|upkeep
|
|t:|1758288658
|switch|p2a: Heracross|Heracross, F|100/100
|turn|6
|
|t:|1758288662
|move|p1a: Zamazenta|Iron Head|p2a: Heracross
|-damage|p2a: Heracross|74/100
|move|p2a: Heracross|Brick Break|p1a: Zamazenta
|-supereffective|p1a: Zamazenta
|-damage|p1a: Zamazenta|0 fnt
|faint|p1a: Zamazenta
|
|-status|p2a: Heracross|brn|[from] item: Flame Orb
|upkeep
|
|t:|1758288671
|switch|p1a: Scizor|Scizor, M|100/100
|turn|7
|
|t:|1758288680
|move|p1a: Scizor|Swords Dance|p1a: Scizor
|-boost|p1a: Scizor|atk|2
|move|p2a: Heracross|Brick Break|p1a: Scizor
|-damage|p1a: Scizor|37/100
|
|-damage|p2a: Heracross|67/100 brn|[from] brn
|upkeep
|turn|8
|
|t:|1758288689
|move|p1a: Scizor|Bullet Punch|p2a: Heracross
|-damage|p2a: Heracross|0 fnt
|faint|p2a: Heracross
|
|upkeep
|
|t:|1758288695
|switch|p2a: Ampharos|Ampharos, F|100/100
|-item|p2a: Ampharos|Air Balloon
|turn|9
|
|t:|1758288701
|move|p1a: Scizor|Bullet Punch|p2a: Ampharos
|-resisted|p2a: Ampharos
|-damage|p2a: Ampharos|68/100
|-status|p1a: Scizor|par|[from] ability: Static|[of] p2a: Ampharos
|-enditem|p2a: Ampharos|Air Balloon
|move|p2a: Ampharos|Thunderbolt|p1a: Scizor
|-damage|p1a: Scizor|0 fnt
|faint|p1a: Scizor
|
|upkeep
|c|☆Yarnicles|apparently electric resists steel
|c|☆Yarnicles|I was unaware of this
|
|t:|1758288719
|switch|p1a: Great Tusk|Great Tusk|100/100
|turn|10
|
|t:|1758288723
|move|p1a: Great Tusk|Knock Off|p2a: Ampharos
|-damage|p2a: Ampharos|48/100
|move|p2a: Ampharos|Dazzling Gleam|p1a: Great Tusk
|-supereffective|p1a: Great Tusk
|-damage|p1a: Great Tusk|40/100
|
|upkeep
|turn|11
|
|t:|1758288737
|-end|p1a: Great Tusk|Protosynthesis|[silent]
|switch|p1a: Porygon-Z|Porygon-Z|100/100
|move|p2a: Ampharos|Dazzling Gleam|p1a: Porygon-Z
|-damage|p1a: Porygon-Z|67/100
|
|-heal|p1a: Porygon-Z|73/100|[from] item: Leftovers
|upkeep
|turn|12
|
|t:|1758288747
|move|p1a: Porygon-Z|Nasty Plot|p1a: Porygon-Z
|-boost|p1a: Porygon-Z|spa|2
|move|p2a: Ampharos|Thunderbolt|p1a: Porygon-Z
|-damage|p1a: Porygon-Z|16/100
|
|-heal|p1a: Porygon-Z|22/100|[from] item: Leftovers
|upkeep
|turn|13
|
|t:|1758288756
|move|p1a: Porygon-Z|Tri Attack|p2a: Ampharos
|-damage|p2a: Ampharos|0 fnt
|faint|p2a: Ampharos
|
|-heal|p1a: Porygon-Z|28/100|[from] item: Leftovers
|upkeep
|
|t:|1758288764
|switch|p2a: Houndoom|Houndoom, F|100/100
|turn|14
|
|t:|1758288769
|move|p1a: Porygon-Z|Tri Attack|p2a: Houndoom
|-damage|p2a: Houndoom|0 fnt
|faint|p2a: Houndoom
|
|-heal|p1a: Porygon-Z|34/100|[from] item: Leftovers
|upkeep
|
|t:|1758288776
|switch|p2a: Donphan|Donphan, F|100/100
|turn|15
|c|☆Yarnicles|I thought you were going to outspeed, actually
|c|☆Yarnicles|gg
|c|☆Yarnicles|well played
|
|t:|1758288788
|move|p1a: Porygon-Z|Tri Attack|p2a: Donphan
|-ability|p2a: Donphan|Sturdy
|-damage|p2a: Donphan|1/100
|move|p2a: Donphan|Earthquake|p1a: Porygon-Z
|-damage|p1a: Porygon-Z|0 fnt
|faint|p1a: Porygon-Z
|
|upkeep
|
|t:|1758288793
|switch|p1a: AU Feeshdrake|Vaporeon, F|100/100
|turn|16
|
|t:|1758288800
|move|p1a: AU Feeshdrake|Scald|p2a: Donphan
|-supereffective|p2a: Donphan
|-damage|p2a: Donphan|0 fnt
|faint|p2a: Donphan
|
|win|Yarnicles
|raw|Yarnicles's rating: 1096 &rarr; <strong>1122</strong><br />(+26 for winning)
|raw|queimaj's rating: 1096 &rarr; <strong>1072</strong><br />(-24 for losing)
|l|☆queimaj
|player|p2|
|l|☆Yarnicles
|player|p1|
