|j|‽jcandjc
|j|☆BrazyBray
|t:|1758295840
|gametype|singles
|player|p1|jcandjc|red|1143
|player|p2|BrazyBray|265|1098
|gen|9
|tier|[Gen 9] OU
|rated|
|rule|HP Percentage Mod: HP is shown in percentages
|rule|Endless Battle Clause: Forcing endless battles is banned
|rule|Species Clause: Limit one of each Pokémon
|rule|OHKO Clause: OHKO moves are banned
|rule|Evasion Items Clause: Evasion items are banned
|rule|Evasion Moves Clause: Evasion moves are banned
|rule|Evasion Abilities Clause: Evasion abilities are banned
|rule|Sleep Moves Clause: Sleep-inducing moves are banned
|clearpoke
|poke|p1|Serperior, M|
|poke|p1|Conkeldurr, F|
|poke|p1|Alomomola, F|
|poke|p1|Mienshao, F|
|poke|p1|Amoonguss, F|
|poke|p1|Mandibuzz, F|
|poke|p2|Indeedee, M|
|poke|p2|Hatterene, F|
|poke|p2|Iron Treads|
|poke|p2|Deoxys-Speed|
|poke|p2|Ceruledge, M|
|poke|p2|Walking Wake|
|teampreview
|inactive|Battle timer is ON: inactive players will automatically lose when time's up. (requested by jcandjc)
|c|☆BrazyBray|omg this team looks annoying
|
|t:|1758295858
|teamsize|p1|6
|teamsize|p2|6
|start
|switch|p1a: Mienshao|Mienshao, F|100/100
|switch|p2a: Indeedee|Indeedee, M|100/100
|-fieldstart|move: Psychic Terrain|[from] ability: Psychic Surge|[of] p2a: Indeedee
|turn|1
|
|t:|1758295864
|move|p1a: Mienshao|U-turn|p2a: Indeedee
|-supereffective|p2a: Indeedee
|-damage|p2a: Indeedee|5/100
|
|t:|1758295869
|switch|p1a: Mandibuzz|Mandibuzz, F|100/100|[from] U-turn
|move|p2a: Indeedee|Dazzling Gleam|p1a: Mandibuzz
|-supereffective|p1a: Mandibuzz
|-damage|p1a: Mandibuzz|66/100
|
|upkeep
|turn|2
|
|t:|1758295880
|switch|p2a: Walking Wake|Walking Wake|100/100
|-enditem|p2a: Walking Wake|Booster Energy
|-activate|p2a: Walking Wake|ability: Protosynthesis|[fromitem]
|-start|p2a: Walking Wake|protosynthesisspa
|move|p1a: Mandibuzz|Foul Play|p2a: Walking Wake
|-damage|p2a: Walking Wake|76/100
|
|upkeep
|turn|3
|
|t:|1758295891
|switch|p1a: Amoonguss|Amoonguss, F|100/100
|move|p2a: Walking Wake|Draco Meteor|p1a: Amoonguss
|-damage|p1a: Amoonguss|49/100
|-unboost|p2a: Walking Wake|spa|2
|
|-heal|p1a: Amoonguss|55/100|[from] item: Black Sludge
|upkeep
|turn|4
|
|t:|1758295904
|-end|p2a: Walking Wake|Protosynthesis|[silent]
|switch|p2a: Hatterene|Hatterene, F|100/100
|move|p1a: Amoonguss|Giga Drain|p2a: Hatterene
|-damage|p2a: Hatterene|79/100
|-heal|p1a: Amoonguss|63/100|[from] drain|[of] p2a: Hatterene
|
|-heal|p1a: Amoonguss|69/100|[from] item: Black Sludge
|upkeep
|turn|5
|
|t:|1758295920
|move|p2a: Hatterene|Nuzzle|p1a: Amoonguss
|-resisted|p1a: Amoonguss
|-damage|p1a: Amoonguss|67/100
|-status|p1a: Amoonguss|par
|move|p1a: Amoonguss|Clear Smog|p2a: Hatterene
|-supereffective|p2a: Hatterene
|-damage|p2a: Hatterene|46/100
|-clearboost|p2a: Hatterene
|
|-heal|p1a: Amoonguss|74/100 par|[from] item: Black Sludge
|upkeep
|turn|6
|
|t:|1758295940
|move|p2a: Hatterene|Psychic Noise|p1a: Amoonguss
|-supereffective|p1a: Amoonguss
|-damage|p1a: Amoonguss|10/100 par
|-start|p1a: Amoonguss|move: Heal Block
|move|p1a: Amoonguss|Hex|p2a: Hatterene
|-supereffective|p2a: Hatterene
|-damage|p2a: Hatterene|21/100
|
|upkeep
|turn|7
|-enditem|p2a: Hatterene|Custap Berry|[eat]
|-activate|p2a: Hatterene|item: Custap Berry|[consumed]
|
|t:|1758295950
|switch|p1a: Mandibuzz|Mandibuzz, F|66/100
|move|p2a: Hatterene|Draining Kiss|p1a: Mandibuzz
|-supereffective|p1a: Mandibuzz
|-damage|p1a: Mandibuzz|32/100
|-heal|p2a: Hatterene|54/100|[from] drain|[of] p1a: Mandibuzz
|
|upkeep
|turn|8
|
|t:|1758295974
|switch|p2a: Indeedee|Indeedee, M|5/100
|move|p1a: Mandibuzz|Foul Play|p2a: Indeedee
|-supereffective|p2a: Indeedee
|-damage|p2a: Indeedee|0 fnt
|faint|p2a: Indeedee
|
|-fieldend|move: Psychic Terrain
|upkeep
|inactive|BrazyBray has 120 seconds left.
|
|t:|1758296007
|switch|p2a: Ceruledge|Ceruledge, M|100/100
|turn|9
|
|t:|1758296018
|switch|p1a: Alomomola|Alomomola, F|100/100
|-terastallize|p2a: Ceruledge|Bug
|move|p2a: Ceruledge|Swords Dance|p2a: Ceruledge
|-boost|p2a: Ceruledge|atk|2
|
|upkeep
|turn|10
|
|t:|1758296030
|move|p2a: Ceruledge|Swords Dance|p2a: Ceruledge
|-boost|p2a: Ceruledge|atk|2
|move|p1a: Alomomola|Flip Turn|p2a: Ceruledge
|-damage|p2a: Ceruledge|77/100
|-ability|p2a: Ceruledge|Weak Armor|boost
|-unboost|p2a: Ceruledge|def|1
|-boost|p2a: Ceruledge|spe|2
|
|t:|1758296038
|switch|p1a: Mienshao|Mienshao, F|100/100|[from] Flip Turn
|
|upkeep
|turn|11
|
|t:|1758296048
|move|p2a: Ceruledge|Bitter Blade|p1a: Mienshao
|-damage|p1a: Mienshao|0 fnt
|-heal|p2a: Ceruledge|100/100|[from] drain|[of] p1a: Mienshao
|faint|p1a: Mienshao
|
|upkeep
|
|t:|1758296059
|switch|p1a: Conkeldurr|Conkeldurr, F|100/100
|turn|12
|
|t:|1758296083
|switch|p1a: Alomomola|Alomomola, F|100/100
|move|p2a: Ceruledge|Close Combat|p1a: Alomomola
|-damage|p1a: Alomomola|37/100
|-unboost|p2a: Ceruledge|def|1
|-unboost|p2a: Ceruledge|spd|1
|-damage|p2a: Ceruledge|84/100|[from] item: Rocky Helmet|[of] p1a: Alomomola
|
|upkeep
|turn|13
|
|t:|1758296094
|move|p2a: Ceruledge|Poltergeist|p1a: Alomomola
|-activate|p1a: Alomomola|move: Poltergeist|Rocky Helmet
|-damage|p1a: Alomomola|0 fnt
|faint|p1a: Alomomola
|
|upkeep
|
|t:|1758296100
|switch|p1a: Conkeldurr|Conkeldurr, F|100/100
|turn|14
|
|t:|1758296108
|move|p2a: Ceruledge|Bitter Blade|p1a: Conkeldurr
|-damage|p1a: Conkeldurr|0 fnt
|-heal|p2a: Ceruledge|100/100|[from] drain|[of] p1a: Conkeldurr
|faint|p1a: Conkeldurr
|
|upkeep
|
|t:|1758296114
|switch|p1a: Serperior|Serperior, M|100/100
|turn|15
|
|t:|1758296125
|move|p2a: Ceruledge|Poltergeist|p1a: Serperior
|-activate|p1a: Serperior|move: Poltergeist|Leftovers
|-damage|p1a: Serperior|0 fnt
|faint|p1a: Serperior
|
|upkeep
|-message|jcandjc forfeited.
|
|win|BrazyBray
|raw|jcandjc's rating: 1143 &rarr; <strong>1115</strong><br />(-28 for losing)
|raw|BrazyBray's rating: 1098 &rarr; <strong>1127</strong><br />(+29 for winning)
|l|‽jcandjc
|player|p1|
