|j|☆Desert Tail
|j|☆otto114
|t:|1758348321
|gametype|singles
|player|p1|Desert Tail|169|1131
|player|p2|otto114|170|1067
|gen|9
|tier|[Gen 9] OU
|rated|
|rule|HP Percentage Mod: HP is shown in percentages
|rule|Endless Battle Clause: Forcing endless battles is banned
|rule|Species Clause: Limit one of each Pokémon
|rule|OHKO Clause: OHKO moves are banned
|rule|Evasion Items Clause: Evasion items are banned
|rule|Evasion Moves Clause: Evasion moves are banned
|rule|Evasion Abilities Clause: Evasion abilities are banned
|rule|Sleep Moves Clause: Sleep-inducing moves are banned
|clearpoke
|poke|p1|Raichu, F|
|poke|p1|Ninetales-Alola, M|
|poke|p1|Gallade, M|
|poke|p1|Crabominable, M|
|poke|p1|Sandaconda, M|
|poke|p1|Polteageist|
|poke|p2|Avalugg, F|
|poke|p2|Toxapex, F|
|poke|p2|Garganacl, M|
|poke|p2|Clodsire, F|
|poke|p2|Amoonguss, M|
|poke|p2|Regice|
|teampreview
|
|t:|1758348339
|teamsize|p1|6
|teamsize|p2|6
|start
|switch|p1a: MaleQueen|Ninetales-Alola, M, shiny|100/100
|switch|p2a: Toxapex|Toxapex, F|100/100
|-weather|Snowscape|[from] ability: Snow Warning|[of] p1a: MaleQueen
|turn|1
|inactive|Battle timer is ON: inactive players will automatically lose when time's up. (requested by Desert Tail)
|
|t:|1758348346
|move|p1a: MaleQueen|Aurora Veil|p1a: MaleQueen
|-sidestart|p1: Desert Tail|move: Aurora Veil
|move|p2a: Toxapex|Sludge Wave|p1a: MaleQueen
|-supereffective|p1a: MaleQueen
|-damage|p1a: MaleQueen|80/100
|
|-weather|Snowscape|[upkeep]
|upkeep
|turn|2
|inactive|otto114 has 120 seconds left.
|
|t:|1758348378
|switch|p1a: Abombom|Crabominable, M, shiny|100/100
|move|p2a: Toxapex|Toxic|p1a: Abombom
|-status|p1a: Abombom|tox
|
|-weather|Snowscape|[upkeep]
|-damage|p1a: Abombom|95/100 tox|[from] psn
|upkeep
|turn|3
|inactive|otto114 has 120 seconds left.
|
|t:|1758348395
|switch|p2a: Avalugg|Avalugg, F|100/100
|move|p1a: Abombom|Bulk Up|p1a: Abombom
|-boost|p1a: Abombom|atk|1
|-boost|p1a: Abombom|def|1
|
|-weather|Snowscape|[upkeep]
|-heal|p1a: Abombom|100/100 tox|[from] item: Leftovers
|-damage|p1a: Abombom|89/100 tox|[from] psn
|upkeep
|turn|4
|
|t:|1758348406
|-terastallize|p1a: Abombom|Ghost
|move|p1a: Abombom|Bulk Up|p1a: Abombom
|-boost|p1a: Abombom|atk|1
|-boost|p1a: Abombom|def|1
|move|p2a: Avalugg|Iron Defense|p2a: Avalugg
|-boost|p2a: Avalugg|def|2
|
|-weather|Snowscape|[upkeep]
|-heal|p1a: Abombom|95/100 tox|[from] item: Leftovers
|-damage|p1a: Abombom|77/100 tox|[from] psn
|upkeep
|turn|5
|
|t:|1758348418
|switch|p2a: Toxapex|Toxapex, F|100/100
|move|p1a: Abombom|Bulk Up|p1a: Abombom
|-boost|p1a: Abombom|atk|1
|-boost|p1a: Abombom|def|1
|
|-weather|none
|-heal|p1a: Abombom|83/100 tox|[from] item: Leftovers
|-damage|p1a: Abombom|59/100 tox|[from] psn
|upkeep
|turn|6
|
|t:|1758348430
|move|p1a: Abombom|Thunder Punch|p2a: Toxapex
|-supereffective|p2a: Toxapex
|-damage|p2a: Toxapex|2/100
|move|p2a: Toxapex|Haze|p2a: Toxapex
|-clearallboost
|
|-heal|p1a: Abombom|65/100 tox|[from] item: Leftovers
|-damage|p1a: Abombom|35/100 tox|[from] psn
|upkeep
|turn|7
|
|t:|1758348435
|move|p1a: Abombom|Thunder Punch|p2a: Toxapex
|-supereffective|p2a: Toxapex
|-damage|p2a: Toxapex|0 fnt
|faint|p2a: Toxapex
|
|-heal|p1a: Abombom|41/100 tox|[from] item: Leftovers
|-damage|p1a: Abombom|5/100 tox|[from] psn
|upkeep
|
|t:|1758348442
|switch|p2a: Garganacl|Garganacl, M|100/100
|turn|8
|
|t:|1758348447
|move|p2a: Garganacl|Stealth Rock|p1a: Abombom
|-sidestart|p1: Desert Tail|move: Stealth Rock
|move|p1a: Abombom|Drain Punch|p2a: Garganacl
|-supereffective|p2a: Garganacl
|-damage|p2a: Garganacl|44/100
|-heal|p1a: Abombom|39/100 tox|[from] drain|[of] p2a: Garganacl
|
|-heal|p2a: Garganacl|50/100|[from] item: Leftovers
|-heal|p1a: Abombom|45/100 tox|[from] item: Leftovers
|-damage|p1a: Abombom|3/100 tox|[from] psn
|-sideend|p1: Desert Tail|move: Aurora Veil
|upkeep
|turn|9
|
|t:|1758348454
|move|p2a: Garganacl|Recover|p2a: Garganacl
|-heal|p2a: Garganacl|99/100
|move|p1a: Abombom|Drain Punch|p2a: Garganacl
|-supereffective|p2a: Garganacl
|-damage|p2a: Garganacl|49/100
|-heal|p1a: Abombom|34/100 tox|[from] drain|[of] p2a: Garganacl
|
|-heal|p2a: Garganacl|55/100|[from] item: Leftovers
|-heal|p1a: Abombom|40/100 tox|[from] item: Leftovers
|-damage|p1a: Abombom|0 fnt|[from] psn
|faint|p1a: Abombom
|upkeep
|
|t:|1758348464
|switch|p1a: Silver|Gallade, M, shiny|100/100
|-damage|p1a: Silver|94/100|[from] Stealth Rock
|turn|10
|
|t:|1758348471
|-terastallize|p2a: Garganacl|Ghost
|move|p1a: Silver|Sacred Sword|p2a: Garganacl
|-immune|p2a: Garganacl
|move|p2a: Garganacl|Recover|p2a: Garganacl
|-heal|p2a: Garganacl|100/100
|
|upkeep
|turn|11
|
|t:|1758348478
|move|p1a: Silver|Leaf Blade|p2a: Garganacl
|-damage|p2a: Garganacl|65/100
|move|p2a: Garganacl|Salt Cure|p1a: Silver
|-resisted|p1a: Silver
|-damage|p1a: Silver|81/100
|-start|p1a: Silver|Salt Cure
|
|-heal|p2a: Garganacl|71/100|[from] item: Leftovers
|-damage|p1a: Silver|69/100|[from] Salt Cure
|upkeep
|turn|12
|
|t:|1758348483
|move|p1a: Silver|Psycho Cut|p2a: Garganacl
|-damage|p2a: Garganacl|32/100
|move|p2a: Garganacl|Iron Defense|p2a: Garganacl
|-boost|p2a: Garganacl|def|2
|
|-heal|p2a: Garganacl|38/100|[from] item: Leftovers
|-damage|p1a: Silver|57/100|[from] Salt Cure
|upkeep
|turn|13
|
|t:|1758348487
|move|p1a: Silver|Psycho Cut|p2a: Garganacl
|-damage|p2a: Garganacl|21/100
|move|p2a: Garganacl|Recover|p2a: Garganacl
|-heal|p2a: Garganacl|71/100
|
|-heal|p2a: Garganacl|77/100|[from] item: Leftovers
|-damage|p1a: Silver|45/100|[from] Salt Cure
|upkeep
|turn|14
|-message|Desert Tail forfeited.
|
|win|otto114
|raw|Desert Tail's rating: 1131 &rarr; <strong>1101</strong><br />(-30 for losing)
|raw|otto114's rating: 1067 &rarr; <strong>1102</strong><br />(+35 for winning)
|l|☆Desert Tail
|player|p1|
|l|☆otto114
|player|p2|
