|j|☆billy_bebrik
|j|☆xail44
|t:|1758305869
|gametype|singles
|player|p1|billy_bebrik|2|1132
|player|p2|xail44|102|1152
|gen|9
|tier|[Gen 9] OU
|rated|
|rule|HP Percentage Mod: HP is shown in percentages
|rule|Endless Battle Clause: Forcing endless battles is banned
|rule|Species Clause: Limit one of each Pokémon
|rule|OHKO Clause: OHKO moves are banned
|rule|Evasion Items Clause: Evasion items are banned
|rule|Evasion Moves Clause: Evasion moves are banned
|rule|Evasion Abilities Clause: Evasion abilities are banned
|rule|Sleep Moves Clause: Sleep-inducing moves are banned
|clearpoke
|poke|p1|Iron Crown|
|poke|p1|Meowscarada, F|
|poke|p1|Great Tusk|
|poke|p1|Pecharunt|
|poke|p1|Ting-Lu|
|poke|p1|Iron Valiant|
|poke|p2|Hatterene, F|
|poke|p2|Honchkrow, M|
|poke|p2|Terrakion|
|poke|p2|Alomomola, F|
|poke|p2|Metagross|
|poke|p2|Salazzle, F|
|teampreview
|inactive|Battle timer is ON: inactive players will automatically lose when time's up. (requested by billy_bebrik)
|inactive|xail44 also wants the timer to be on.
|
|t:|1758305883
|teamsize|p1|6
|teamsize|p2|6
|start
|switch|p1a: Meowscarada|Meowscarada, F|100/100
|switch|p2a: Terrakion|Terrakion|100/100
|turn|1
|
|t:|1758305904
|-terastallize|p2a: Terrakion|Ghost
|move|p1a: Meowscarada|Triple Axel|p2a: Terrakion
|-start|p1a: Meowscarada|typechange|Ice|[from] ability: Protean
|-damage|p2a: Terrakion|84/100
|-damage|p2a: Terrakion|52/100
|-damage|p2a: Terrakion|1/100
|-hitcount|p2a: Terrakion|3
|move|p2a: Terrakion|Stealth Rock|p1a: Meowscarada
|-sidestart|p1: billy_bebrik|move: Stealth Rock
|
|-heal|p2a: Terrakion|7/100|[from] item: Leftovers
|upkeep
|turn|2
|
|t:|1758305915
|move|p1a: Meowscarada|Triple Axel|p2a: Terrakion
|-damage|p2a: Terrakion|0 fnt
|faint|p2a: Terrakion
|-hitcount|p2: Terrakion|1
|
|upkeep
|
|t:|1758305918
|switch|p2a: Hatterene|Hatterene, F|100/100
|turn|3
|
|t:|1758305925
|move|p1a: Meowscarada|Triple Axel|p2a: Hatterene
|-damage|p2a: Hatterene|84/100
|-damage|p2a: Hatterene|55/100
|-damage|p2a: Hatterene|7/100
|-hitcount|p2a: Hatterene|3
|move|p2a: Hatterene|Trick Room|p2a: Hatterene
|-fieldstart|move: Trick Room|[of] p2a: Hatterene
|
|upkeep
|turn|4
|
|t:|1758305936
|move|p2a: Hatterene|Misty Explosion|p1a: Meowscarada
|-damage|p1a: Meowscarada|13/100
|faint|p2a: Hatterene
|move|p1a: Meowscarada|Triple Axel|p2: Hatterene|[notarget]
|-fail|p1a: Meowscarada
|
|upkeep
|
|t:|1758305940
|switch|p2a: Honchkrow|Honchkrow, M|100/100
|-enditem|p2a: Honchkrow|Room Service
|-unboost|p2a: Honchkrow|spe|1|[from] item: Room Service
|turn|5
|
|t:|1758305945
|move|p2a: Honchkrow|Acrobatics|p1a: Meowscarada
|-damage|p1a: Meowscarada|0 fnt
|faint|p1a: Meowscarada
|-ability|p2a: Honchkrow|Moxie|boost
|-boost|p2a: Honchkrow|atk|1
|
|upkeep
|
|t:|1758305961
|switch|p1a: Pecharunt|Pecharunt|100/100
|turn|6
|
|t:|1758305964
|move|p2a: Honchkrow|Night Slash|p1a: Pecharunt
|-supereffective|p1a: Pecharunt
|-damage|p1a: Pecharunt|47/100
|move|p1a: Pecharunt|Malignant Chain|p2a: Honchkrow
|-damage|p2a: Honchkrow|55/100
|
|upkeep
|turn|7
|
|t:|1758305971
|move|p2a: Honchkrow|Night Slash|p1a: Pecharunt
|-supereffective|p1a: Pecharunt
|-damage|p1a: Pecharunt|0 fnt
|faint|p1a: Pecharunt
|-ability|p2a: Honchkrow|Moxie|boost
|-boost|p2a: Honchkrow|atk|1
|
|-fieldend|move: Trick Room
|upkeep
|
|t:|1758305974
|switch|p1a: Ting-Lu|Ting-Lu|100/100
|-damage|p1a: Ting-Lu|94/100|[from] Stealth Rock
|-ability|p1a: Ting-Lu|Vessel of Ruin
|turn|8
|
|t:|1758305980
|move|p1a: Ting-Lu|Stealth Rock|p2a: Honchkrow
|-sidestart|p2: xail44|move: Stealth Rock
|move|p2a: Honchkrow|Acrobatics|p1a: Ting-Lu
|-damage|p1a: Ting-Lu|29/100
|
|-heal|p1a: Ting-Lu|36/100|[from] item: Leftovers
|upkeep
|turn|9
|
|t:|1758305985
|move|p2a: Honchkrow|Sucker Punch||[still]
|-fail|p2a: Honchkrow
|move|p1a: Ting-Lu|Whirlwind|p2a: Honchkrow
|drag|p2a: Metagross|Metagross|100/100
|-damage|p2a: Metagross|94/100|[from] Stealth Rock
|
|-heal|p1a: Ting-Lu|42/100|[from] item: Leftovers
|upkeep
|turn|10
|
|t:|1758305994
|switch|p2a: Alomomola|Alomomola, F|100/100
|-damage|p2a: Alomomola|88/100|[from] Stealth Rock
|move|p1a: Ting-Lu|Earthquake|p2a: Alomomola
|-crit|p2a: Alomomola
|-damage|p2a: Alomomola|49/100
|
|-heal|p1a: Ting-Lu|48/100|[from] item: Leftovers
|upkeep
|turn|11
|
|t:|1758306017
|move|p2a: Alomomola|Wish|p2a: Alomomola
|move|p1a: Ting-Lu|Ruination|p2a: Alomomola
|-damage|p2a: Alomomola|25/100
|
|-heal|p1a: Ting-Lu|54/100|[from] item: Leftovers
|upkeep
|turn|12
|
|t:|1758306029
|move|p2a: Alomomola|Scald|p1a: Ting-Lu
|-supereffective|p1a: Ting-Lu
|-damage|p1a: Ting-Lu|41/100
|move|p1a: Ting-Lu|Earthquake|p2a: Alomomola
|-damage|p2a: Alomomola|0 fnt
|faint|p2a: Alomomola
|
|-heal|p1a: Ting-Lu|48/100|[from] item: Leftovers
|upkeep
|
|t:|1758306038
|switch|p2a: Salazzle|Salazzle, F|100/100
|-damage|p2a: Salazzle|76/100|[from] Stealth Rock
|-item|p2a: Salazzle|Air Balloon
|turn|13
|
|t:|1758306047
|move|p2a: Salazzle|Toxic Spikes|p1a: Ting-Lu
|-sidestart|p1: billy_bebrik|move: Toxic Spikes
|move|p1a: Ting-Lu|Ruination|p2a: Salazzle
|-damage|p2a: Salazzle|38/100
|-enditem|p2a: Salazzle|Air Balloon
|
|-heal|p1a: Ting-Lu|54/100|[from] item: Leftovers
|upkeep
|turn|14
|
|t:|1758306053
|move|p2a: Salazzle|Flamethrower|p1a: Ting-Lu
|-damage|p1a: Ting-Lu|37/100
|move|p1a: Ting-Lu|Earthquake|p2a: Salazzle
|-supereffective|p2a: Salazzle
|-damage|p2a: Salazzle|0 fnt
|faint|p2a: Salazzle
|
|-heal|p1a: Ting-Lu|44/100|[from] item: Leftovers
|upkeep
|
|t:|1758306062
|switch|p2a: Honchkrow|Honchkrow, M|55/100
|-damage|p2a: Honchkrow|30/100|[from] Stealth Rock
|turn|15
|
|t:|1758306084
|move|p2a: Honchkrow|Acrobatics|p1a: Ting-Lu
|-damage|p1a: Ting-Lu|8/100
|move|p1a: Ting-Lu|Whirlwind|p2a: Honchkrow
|drag|p2a: Metagross|Metagross|94/100
|-damage|p2a: Metagross|88/100|[from] Stealth Rock
|
|-heal|p1a: Ting-Lu|15/100|[from] item: Leftovers
|upkeep
|turn|16
|
|t:|1758306093
|move|p2a: Metagross|Flash Cannon|p1a: Ting-Lu
|-crit|p1a: Ting-Lu
|-damage|p1a: Ting-Lu|0 fnt
|faint|p1a: Ting-Lu
|
|upkeep
|
|t:|1758306107
|switch|p1a: Great Tusk|Great Tusk|100/100
|-damage|p1a: Great Tusk|98/100|[from] Stealth Rock
|-status|p1a: Great Tusk|psn
|turn|17
|
|t:|1758306115
|move|p1a: Great Tusk|Ice Spinner|p2a: Metagross
|-resisted|p2a: Metagross
|-damage|p2a: Metagross|79/100
|move|p2a: Metagross|Psychic|p1a: Great Tusk
|-supereffective|p1a: Great Tusk
|-damage|p1a: Great Tusk|0 fnt
|faint|p1a: Great Tusk
|-end|p1a: Great Tusk|Protosynthesis|[silent]
|
|upkeep
|
|t:|1758306123
|switch|p1a: Iron Crown|Iron Crown|100/100
|-damage|p1a: Iron Crown|94/100|[from] Stealth Rock
|turn|18
|
|t:|1758306140
|move|p1a: Iron Crown|Focus Blast|p2a: Metagross
|-damage|p2a: Metagross|22/100
|move|p2a: Metagross|Psychic|p1a: Iron Crown
|-resisted|p1a: Iron Crown
|-damage|p1a: Iron Crown|83/100
|-unboost|p1a: Iron Crown|spd|1
|
|upkeep
|turn|19
|
|t:|1758306145
|move|p1a: Iron Crown|Focus Blast|p2a: Metagross
|-damage|p2a: Metagross|0 fnt
|faint|p2a: Metagross
|
|upkeep
|
|t:|1758306148
|switch|p2a: Honchkrow|Honchkrow, M|30/100
|-damage|p2a: Honchkrow|5/100|[from] Stealth Rock
|turn|20
|
|t:|1758306152
|move|p2a: Honchkrow|Sucker Punch|p1a: Iron Crown
|-supereffective|p1a: Iron Crown
|-damage|p1a: Iron Crown|0 fnt
|faint|p1a: Iron Crown
|-end|p1a: Iron Crown|Quark Drive|[silent]
|-ability|p2a: Honchkrow|Moxie|boost
|-boost|p2a: Honchkrow|atk|1
|
|upkeep
|
|t:|1758306154
|switch|p1a: Iron Valiant|Iron Valiant|100/100
|-damage|p1a: Iron Valiant|94/100|[from] Stealth Rock
|-status|p1a: Iron Valiant|psn
|-enditem|p1a: Iron Valiant|Booster Energy
|-activate|p1a: Iron Valiant|ability: Quark Drive|[fromitem]
|-start|p1a: Iron Valiant|quarkdrivespe
|turn|21
|
|t:|1758306164
|move|p1a: Iron Valiant|Moonblast|p2a: Honchkrow
|-supereffective|p2a: Honchkrow
|-damage|p2a: Honchkrow|0 fnt
|faint|p2a: Honchkrow
|
|win|billy_bebrik
|raw|billy_bebrik's rating: 1132 &rarr; <strong>1158</strong><br />(+26 for winning)
|raw|xail44's rating: 1152 &rarr; <strong>1126</strong><br />(-26 for losing)
|l|☆xail44
|player|p2|
|l|☆billy_bebrik
|player|p1|
