|j|☆LikeEmerald
|j|☆JesusSavedMe_04
|t:|1758309836
|gametype|singles
|player|p1|LikeEmerald|265|1150
|player|p2|JesusSavedMe_04|hilbert-wonderlauncher|1159
|gen|9
|tier|[Gen 9] OU
|rated|
|rule|HP Percentage Mod: HP is shown in percentages
|rule|Endless Battle Clause: Forcing endless battles is banned
|rule|Species Clause: Limit one of each Pokémon
|rule|OHKO Clause: OHKO moves are banned
|rule|Evasion Items Clause: Evasion items are banned
|rule|Evasion Moves Clause: Evasion moves are banned
|rule|Evasion Abilities Clause: Evasion abilities are banned
|rule|Sleep Moves Clause: Sleep-inducing moves are banned
|clearpoke
|poke|p1|Vivillon-Pokeball, M|
|poke|p1|Samurott-Hisui, M|
|poke|p1|Slowking-Galar, M|
|poke|p1|Dragonite, F|
|poke|p1|Lucario, M|
|poke|p1|Arcanine-Hisui, M|
|poke|p2|Ninetales-Alola, F|
|poke|p2|Deoxys-Speed|
|poke|p2|Kingambit, F|
|poke|p2|Iron Valiant|
|poke|p2|Great Tusk|
|poke|p2|Dragapult, M|
|teampreview
|
|t:|1758309850
|teamsize|p1|6
|teamsize|p2|6
|start
|switch|p1a: Samurott|Samurott-Hisui, M|100/100
|switch|p2a: Ninetales|Ninetales-Alola, F|100/100
|-weather|Snowscape|[from] ability: Snow Warning|[of] p2a: Ninetales
|turn|1
|
|t:|1758309860
|move|p1a: Samurott|Flip Turn|p2a: Ninetales
|-damage|p2a: Ninetales|76/100
|
|t:|1758309865
|switch|p1a: Lucario|Lucario, M|100/100|[from] Flip Turn
|move|p2a: Ninetales|Aurora Veil|p2a: Ninetales
|-sidestart|p2: JesusSavedMe_04|move: Aurora Veil
|
|-weather|Snowscape|[upkeep]
|upkeep
|turn|2
|
|t:|1758309896
|move|p2a: Ninetales|Moonblast|p1a: Lucario
|-damage|p1a: Lucario|69/100
|-enditem|p1a: Lucario|Red Card|[of] p2a: Ninetales
|drag|p2a: Ronaldo|Kingambit, F|100/100
|move|p1a: Lucario|Swords Dance|p1a: Lucario
|-boost|p1a: Lucario|atk|2
|
|-weather|Snowscape|[upkeep]
|upkeep
|turn|3
|
|t:|1758309917
|move|p2a: Ronaldo|Sucker Punch|p1a: Lucario
|-resisted|p1a: Lucario
|-damage|p1a: Lucario|44/100
|move|p1a: Lucario|Circle Throw|p2a: Ronaldo
|-supereffective|p2a: Ronaldo
|-damage|p2a: Ronaldo|14/100
|-end|p2a: Ronaldo|fallenundefined|[silent]
|drag|p2a: Mbappé|Deoxys-Speed|100/100
|-ability|p2a: Mbappé|Pressure
|
|-weather|Snowscape|[upkeep]
|upkeep
|turn|4
|
|t:|1758309932
|move|p1a: Lucario|Extreme Speed|p2a: Mbappé
|-damage|p2a: Mbappé|73/100
|-damage|p1a: Lucario|27/100|[from] item: Rocky Helmet|[of] p2a: Mbappé
|move|p2a: Mbappé|Taunt|p1a: Lucario
|-start|p1a: Lucario|move: Taunt
|
|-weather|Snowscape|[upkeep]
|upkeep
|turn|5
|
|t:|1758309949
|move|p2a: Mbappé|Psychic Noise|p1a: Lucario
|-damage|p1a: Lucario|0 fnt
|faint|p1a: Lucario
|
|-weather|Snowscape|[upkeep]
|-sideend|p2: JesusSavedMe_04|move: Aurora Veil
|upkeep
|
|t:|1758309956
|switch|p1a: Samurott|Samurott-Hisui, M|100/100
|turn|6
|
|t:|1758309968
|move|p2a: Mbappé|Stealth Rock|p1a: Samurott
|-sidestart|p1: LikeEmerald|move: Stealth Rock
|move|p1a: Samurott|Flip Turn|p2a: Mbappé
|-damage|p2a: Mbappé|46/100
|-damage|p1a: Samurott|84/100|[from] item: Rocky Helmet|[of] p2a: Mbappé
|
|t:|1758309988
|switch|p1a: Slowking|Slowking-Galar, M|100/100|[from] Flip Turn
|
|-weather|Snowscape|[upkeep]
|upkeep
|turn|7
|
|t:|1758310000
|move|p2a: Mbappé|Knock Off|p1a: Slowking
|-supereffective|p1a: Slowking
|-damage|p1a: Slowking|54/100
|-enditem|p1a: Slowking|Heavy-Duty Boots|[from] move: Knock Off|[of] p2a: Mbappé
|move|p1a: Slowking|Future Sight|p2a: Mbappé
|-start|p1a: Slowking|move: Future Sight
|
|-weather|Snowscape|[upkeep]
|upkeep
|turn|8
|
|t:|1758310012
|move|p2a: Mbappé|Knock Off|p1a: Slowking
|-supereffective|p1a: Slowking
|-damage|p1a: Slowking|25/100
|move|p1a: Slowking|Sludge Bomb|p2a: Mbappé
|-crit|p2a: Mbappé
|-damage|p2a: Mbappé|0 fnt
|faint|p2a: Mbappé
|
|-weather|none
|upkeep
|
|t:|1758310038
|switch|p2a: Ngolo|Great Tusk|100/100
|-enditem|p2a: Ngolo|Booster Energy
|-activate|p2a: Ngolo|ability: Protosynthesis|[fromitem]
|-start|p2a: Ngolo|protosynthesisatk
|turn|9
|
|t:|1758310049
|move|p2a: Ngolo|Ice Spinner|p1a: Slowking
|-damage|p1a: Slowking|0 fnt
|faint|p1a: Slowking
|
|-end|p2a: Ngolo|move: Future Sight
|-supereffective|p2a: Ngolo
|-damage|p2a: Ngolo|0 fnt
|faint|p2a: Ngolo
|-end|p2a: Ngolo|Protosynthesis|[silent]
|upkeep
|
|t:|1758310076
|switch|p2a: Ninetales|Ninetales-Alola, F|76/100
|switch|p1a: Arcanine|Arcanine-Hisui, M|100/100
|-weather|Snowscape|[from] ability: Snow Warning|[of] p2a: Ninetales
|-damage|p1a: Arcanine|76/100|[from] Stealth Rock
|-item|p1a: Arcanine|Air Balloon
|turn|10
|
|t:|1758310096
|-terastallize|p2a: Ninetales|Water
|move|p2a: Ninetales|Aurora Veil|p2a: Ninetales
|-sidestart|p2: JesusSavedMe_04|move: Aurora Veil
|move|p1a: Arcanine|Head Smash|p2a: Ninetales
|-damage|p2a: Ninetales|34/100
|
|-weather|Snowscape|[upkeep]
|upkeep
|turn|11
|
|t:|1758310112
|switch|p1a: Samurott|Samurott-Hisui, M|84/100
|-damage|p1a: Samurott|72/100|[from] Stealth Rock
|move|p2a: Ninetales|Moonblast|p1a: Samurott
|-supereffective|p1a: Samurott
|-damage|p1a: Samurott|0 fnt
|faint|p1a: Samurott
|
|-weather|Snowscape|[upkeep]
|upkeep
|
|t:|1758310123
|switch|p1a: Vivillon|Vivillon-Pokeball, M|100/100
|-damage|p1a: Vivillon|51/100|[from] Stealth Rock
|turn|12
|
|t:|1758310137
|-terastallize|p1a: Vivillon|Fire
|move|p2a: Ninetales|Freeze-Dry|p1a: Vivillon
|-resisted|p1a: Vivillon
|-damage|p1a: Vivillon|29/100
|move|p1a: Vivillon|Quiver Dance|p1a: Vivillon
|-boost|p1a: Vivillon|spa|1
|-boost|p1a: Vivillon|spd|1
|-boost|p1a: Vivillon|spe|1
|
|-weather|Snowscape|[upkeep]
|upkeep
|turn|13
|
|t:|1758310152
|move|p1a: Vivillon|Hurricane|p2a: Ninetales
|-damage|p2a: Ninetales|0 fnt
|faint|p2a: Ninetales
|
|-weather|Snowscape|[upkeep]
|upkeep
|
|t:|1758310170
|switch|p2a: Dragapult|Dragapult, M|100/100
|turn|14
|
|t:|1758310178
|move|p2a: Dragapult|Shadow Ball|p1a: Vivillon
|-damage|p1a: Vivillon|0 fnt
|faint|p1a: Vivillon
|
|-weather|Snowscape|[upkeep]
|-sideend|p2: JesusSavedMe_04|move: Aurora Veil
|upkeep
|
|t:|1758310186
|switch|p1a: Dragonite|Dragonite, F|100/100
|-damage|p1a: Dragonite|76/100|[from] Stealth Rock
|turn|15
|
|t:|1758310195
|switch|p2a: Haaland|Iron Valiant|100/100
|-enditem|p2a: Haaland|Booster Energy
|-activate|p2a: Haaland|ability: Quark Drive|[fromitem]
|-start|p2a: Haaland|quarkdrivespe
|move|p1a: Dragonite|Dragon Dance|p1a: Dragonite
|-boost|p1a: Dragonite|atk|1
|-boost|p1a: Dragonite|spe|1
|
|-weather|Snowscape|[upkeep]
|upkeep
|turn|16
|
|t:|1758310209
|move|p2a: Haaland|Moonblast|p1a: Dragonite
|-supereffective|p1a: Dragonite
|-damage|p1a: Dragonite|0 fnt
|faint|p1a: Dragonite
|
|-weather|Snowscape|[upkeep]
|upkeep
|
|t:|1758310211
|switch|p1a: Arcanine|Arcanine-Hisui, M|76/100
|-damage|p1a: Arcanine|51/100|[from] Stealth Rock
|-item|p1a: Arcanine|Air Balloon
|turn|17
|
|t:|1758310222
|move|p2a: Haaland|Moonblast|p1a: Arcanine
|-resisted|p1a: Arcanine
|-crit|p1a: Arcanine
|-damage|p1a: Arcanine|7/100
|-enditem|p1a: Arcanine|Air Balloon
|move|p1a: Arcanine|Head Smash|p2a: Haaland
|-resisted|p2a: Haaland
|-damage|p2a: Haaland|52/100
|
|-weather|none
|upkeep
|turn|18
|-message|LikeEmerald forfeited.
|
|win|JesusSavedMe_04
|raw|LikeEmerald's rating: 1150 &rarr; <strong>1126</strong><br />(-24 for losing)
|raw|JesusSavedMe_04's rating: 1159 &rarr; <strong>1183</strong><br />(+24 for winning)
|l|☆LikeEmerald
|player|p1|
