|j|☆MasterFAB13
|j|☆Poulitto
|t:|1758257941
|gametype|singles
|player|p1|MasterFAB13|unknown|1060
|player|p2|Poulitto|kamado-armor|1087
|gen|9
|tier|[Gen 9] OU
|rated|
|rule|HP Percentage Mod: HP is shown in percentages
|rule|Endless Battle Clause: Forcing endless battles is banned
|rule|Species Clause: Limit one of each Pokémon
|rule|OHKO Clause: OHKO moves are banned
|rule|Evasion Items Clause: Evasion items are banned
|rule|Evasion Moves Clause: Evasion moves are banned
|rule|Evasion Abilities Clause: Evasion abilities are banned
|rule|Sleep Moves Clause: Sleep-inducing moves are banned
|clearpoke
|poke|p1|Greninja-*, M|
|poke|p1|Mimikyu, F|
|poke|p1|Thundurus, M|
|poke|p1|Garchomp, F|
|poke|p1|Metagross|
|poke|p1|Iron Moth|
|poke|p2|Kleavor, M|
|poke|p2|Heracross, F|
|poke|p2|Scyther, F|
|poke|p2|Scizor, F|
|poke|p2|Venomoth, M|
|poke|p2|Vikavolt, M|
|teampreview
|inactive|Battle timer is ON: inactive players will automatically lose when time's up. (requested by Poulitto)
|
|t:|1758257974
|teamsize|p1|6
|teamsize|p2|6
|start
|switch|p1a: Iron Moth|Iron Moth|100/100
|switch|p2a: Venomoth|Venomoth, M, shiny|100/100
|-enditem|p1a: Iron Moth|Booster Energy
|-activate|p1a: Iron Moth|ability: Quark Drive|[fromitem]
|-start|p1a: Iron Moth|quarkdrivespe
|turn|1
|
|t:|1758257987
|move|p1a: Iron Moth|Fiery Dance|p2a: Venomoth
|-supereffective|p2a: Venomoth
|-damage|p2a: Venomoth|0 fnt
|faint|p2a: Venomoth
|
|upkeep
|
|t:|1758257994
|switch|p2a: Kleavor|Kleavor, M|100/100
|turn|2
|
|t:|1758258014
|move|p1a: Iron Moth|Fiery Dance|p2a: Kleavor
|-damage|p2a: Kleavor|39/100
|-boost|p1a: Iron Moth|spa|1
|move|p2a: Kleavor|Stone Axe|p1a: Iron Moth
|-supereffective|p1a: Iron Moth
|-damage|p1a: Iron Moth|0 fnt
|-sidestart|p1: MasterFAB13|move: Stealth Rock
|faint|p1a: Iron Moth
|-end|p1a: Iron Moth|Quark Drive|[silent]
|
|upkeep
|
|t:|1758258022
|switch|p1a: Greninja|Greninja, M|100/100
|-damage|p1a: Greninja|88/100|[from] Stealth Rock
|turn|3
|
|t:|1758258026
|move|p1a: Greninja|Water Shuriken|p2a: Kleavor
|-supereffective|p2a: Kleavor
|-damage|p2a: Kleavor|15/100
|-supereffective|p2a: Kleavor
|-damage|p2a: Kleavor|0 fnt
|faint|p2a: Kleavor
|-ability|p1a: Greninja|Battle Bond|boost
|-boost|p1a: Greninja|atk|1
|-boost|p1a: Greninja|spa|1
|-boost|p1a: Greninja|spe|1
|-activate|p1a: Greninja|ability: Battle Bond
|-hitcount|p2: Kleavor|2
|
|upkeep
|
|t:|1758258038
|switch|p2a: Vikavolt|Vikavolt, M|100/100
|turn|4
|
|t:|1758258053
|move|p1a: Greninja|Ice Beam|p2a: Vikavolt
|-damage|p2a: Vikavolt|55/100
|move|p2a: Vikavolt|Sticky Web|p1a: Greninja
|-sidestart|p1: MasterFAB13|move: Sticky Web
|
|upkeep
|turn|5
|
|t:|1758258064
|move|p1a: Greninja|Dark Pulse|p2a: Vikavolt
|-damage|p2a: Vikavolt|0 fnt
|faint|p2a: Vikavolt
|
|upkeep
|
|t:|1758258080
|switch|p2a: Scyther|Scyther, F|100/100
|turn|6
|
|t:|1758258084
|move|p1a: Greninja|Ice Beam|p2a: Scyther
|-supereffective|p2a: Scyther
|-damage|p2a: Scyther|0 fnt
|faint|p2a: Scyther
|
|upkeep
|
|t:|1758258087
|switch|p2a: Scizor|Scizor, F|100/100
|turn|7
|
|t:|1758258099
|move|p1a: Greninja|Dark Pulse|p2a: Scizor
|-damage|p2a: Scizor|40/100
|move|p2a: Scizor|U-turn|p1a: Greninja
|-supereffective|p1a: Greninja
|-damage|p1a: Greninja|0 fnt
|faint|p1a: Greninja
|
|t:|1758258102
|switch|p2a: Heracross|Heracross, F|100/100|[from] U-turn
|
|upkeep
|
|t:|1758258108
|switch|p1a: Mimikyu|Mimikyu, F|100/100
|turn|8
|
|t:|1758258121
|move|p1a: Mimikyu|Swords Dance|p1a: Mimikyu
|-boost|p1a: Mimikyu|atk|2
|move|p2a: Heracross|Knock Off|p1a: Mimikyu
|-activate|p1a: Mimikyu|ability: Disguise
|-damage|p1a: Mimikyu|100/100
|-enditem|p1a: Mimikyu|Heavy-Duty Boots|[from] move: Knock Off|[of] p2a: Heracross
|detailschange|p1a: Mimikyu|Mimikyu-Busted, F
|-damage|p1a: Mimikyu|88/100|[from] pokemon: Mimikyu-Busted
|
|upkeep
|turn|9
|
|t:|1758258133
|move|p1a: Mimikyu|Play Rough|p2a: Heracross
|-supereffective|p2a: Heracross
|-damage|p2a: Heracross|0 fnt
|faint|p2a: Heracross
|
|upkeep
|
|t:|1758258140
|switch|p2a: Scizor|Scizor, F|40/100
|turn|10
|
|t:|1758258168
|move|p1a: Mimikyu|Shadow Sneak|p2a: Scizor
|-damage|p2a: Scizor|7/100
|move|p2a: Scizor|Knock Off|p1a: Mimikyu
|-damage|p1a: Mimikyu|24/100
|
|upkeep
|turn|11
|
|t:|1758258174
|move|p1a: Mimikyu|Drain Punch|p2a: Scizor
|-damage|p2a: Scizor|0 fnt
|-heal|p1a: Mimikyu|29/100|[from] drain|[of] p2a: Scizor
|faint|p2a: Scizor
|
|win|MasterFAB13
|raw|MasterFAB13's rating: 1060 &rarr; <strong>1093</strong><br />(+33 for winning)
|raw|Poulitto's rating: 1087 &rarr; <strong>1062</strong><br />(-25 for losing)
|l|☆Poulitto
|player|p2|
|l|☆MasterFAB13
|player|p1|
