|j|☆loneslopeman
|j|☆Dylphin
|t:|1758341884
|gametype|singles
|player|p1|loneslopeman|2|1227
|player|p2|Dylphin|sailor|1210
|gen|9
|tier|[Gen 9] OU
|rated|
|rule|HP Percentage Mod: HP is shown in percentages
|rule|Endless Battle Clause: Forcing endless battles is banned
|rule|Species Clause: Limit one of each Pokémon
|rule|OHKO Clause: OHKO moves are banned
|rule|Evasion Items Clause: Evasion items are banned
|rule|Evasion Moves Clause: Evasion moves are banned
|rule|Evasion Abilities Clause: Evasion abilities are banned
|rule|Sleep Moves Clause: Sleep-inducing moves are banned
|clearpoke
|poke|p1|Zarude-Dada|
|poke|p1|Torkoal, M|
|poke|p1|Scream Tail|
|poke|p1|Great Tusk|
|poke|p1|Zamazenta-*|
|poke|p1|Walking Wake|
|poke|p2|Azumarill, F|
|poke|p2|Dragonite, F|
|poke|p2|Raging Bolt|
|poke|p2|Cinderace, F|
|poke|p2|Iron Jugulis|
|poke|p2|Gholdengo|
|teampreview
|inactive|Battle timer is ON: inactive players will automatically lose when time's up. (requested by Dylphin)
|
|t:|1758341896
|teamsize|p1|6
|teamsize|p2|6
|start
|switch|p1a: Scream Tail|Scream Tail|100/100
|switch|p2a: iJugs|Iron Jugulis|100/100
|turn|1
|
|t:|1758341917
|move|p2a: iJugs|Charge Beam|p1a: Scream Tail
|-damage|p1a: Scream Tail|90/100
|-boost|p2a: iJugs|spa|1
|move|p1a: Scream Tail|Light Screen|p1a: Scream Tail
|-sidestart|p1: loneslopeman|move: Light Screen
|
|upkeep
|turn|2
|
|t:|1758341922
|move|p2a: iJugs|Charge Beam|p1a: Scream Tail
|-damage|p1a: Scream Tail|81/100
|move|p1a: Scream Tail|Thunder Wave|p2a: iJugs
|-status|p2a: iJugs|par
|
|upkeep
|turn|3
|
|t:|1758341946
|-end|p1a: Scream Tail|Protosynthesis|[silent]
|switch|p1a: Walking Wake|Walking Wake|100/100
|move|p2a: iJugs|Charge Beam|p1a: Walking Wake
|-damage|p1a: Walking Wake|86/100
|-boost|p2a: iJugs|spa|1
|
|upkeep
|turn|4
|
|t:|1758341960
|move|p1a: Walking Wake|Hydro Steam|p2a: iJugs
|-damage|p2a: iJugs|41/100 par
|-damage|p1a: Walking Wake|76/100|[from] item: Life Orb
|move|p2a: iJugs|Hurricane|p1a: Walking Wake
|-damage|p1a: Walking Wake|8/100
|
|upkeep
|turn|5
|
|t:|1758341969
|move|p1a: Walking Wake|Hydro Steam|p2a: iJugs
|-damage|p2a: iJugs|0 fnt
|faint|p2a: iJugs
|-end|p2a: iJugs|Quark Drive|[silent]
|-damage|p1a: Walking Wake|0 fnt|[from] item: Life Orb
|faint|p1a: Walking Wake
|-end|p1a: Walking Wake|Protosynthesis|[silent]
|
|upkeep
|
|t:|1758341975
|switch|p1a: Torkoal|Torkoal, M|100/100
|switch|p2a: Bring da Boom|Azumarill, F, shiny|100/100
|-weather|SunnyDay|[from] ability: Drought|[of] p1a: Torkoal
|turn|6
|
|t:|1758341982
|switch|p2a: Bugs|Cinderace, F|100/100
|switch|p1a: Scream Tail|Scream Tail|81/100
|-activate|p1a: Scream Tail|ability: Protosynthesis
|-start|p1a: Scream Tail|protosynthesisspd
|
|-weather|SunnyDay|[upkeep]
|upkeep
|turn|7
|
|t:|1758341988
|move|p2a: Bugs|Pyro Ball|p1a: Scream Tail
|-damage|p1a: Scream Tail|26/100
|move|p1a: Scream Tail|Reflect|p1a: Scream Tail
|-sidestart|p1: loneslopeman|Reflect
|
|-weather|SunnyDay|[upkeep]
|upkeep
|turn|8
|
|t:|1758341993
|move|p2a: Bugs|Pyro Ball|p1a: Scream Tail
|-damage|p1a: Scream Tail|0 fnt
|faint|p1a: Scream Tail
|-end|p1a: Scream Tail|Protosynthesis|[silent]
|
|-weather|SunnyDay|[upkeep]
|-sideend|p1: loneslopeman|move: Light Screen
|upkeep
|
|t:|1758342002
|switch|p1a: Great Tusk|Great Tusk|100/100
|-activate|p1a: Great Tusk|ability: Protosynthesis
|-start|p1a: Great Tusk|protosynthesisatk
|turn|9
|
|t:|1758342013
|move|p2a: Bugs|Court Change|p2a: Bugs
|-start|p2a: Bugs|typechange|Normal|[from] ability: Libero
|-swapsideconditions
|-activate|p2a: Bugs|move: Court Change
|move|p1a: Great Tusk|Rapid Spin|p2a: Bugs
|-damage|p2a: Bugs|84/100
|-boost|p1a: Great Tusk|spe|1
|
|-weather|SunnyDay|[upkeep]
|upkeep
|turn|10
|
|t:|1758342029
|move|p2a: Bugs|Will-O-Wisp|p1a: Great Tusk|[miss]
|-miss|p2a: Bugs|p1a: Great Tusk
|move|p1a: Great Tusk|Rapid Spin|p2a: Bugs
|-damage|p2a: Bugs|64/100
|-boost|p1a: Great Tusk|spe|1
|
|-weather|SunnyDay|[upkeep]
|upkeep
|turn|11
|
|t:|1758342039
|-terastallize|p1a: Great Tusk|Ground
|move|p1a: Great Tusk|Earthquake|p2a: Bugs
|-damage|p2a: Bugs|0 fnt
|faint|p2a: Bugs
|
|-weather|SunnyDay|[upkeep]
|upkeep
|
|t:|1758342045
|switch|p2a: Apple Jack|Gholdengo|100/100
|turn|12
|
|t:|1758342048
|move|p2a: Apple Jack|Trick|p1a: Great Tusk
|-activate|p2a: Apple Jack|move: Trick|[of] p1a: Great Tusk
|-item|p1a: Great Tusk|Choice Scarf|[from] move: Trick
|-item|p2a: Apple Jack|Assault Vest|[from] move: Trick
|move|p1a: Great Tusk|Earthquake|p2a: Apple Jack
|-supereffective|p2a: Apple Jack
|-damage|p2a: Apple Jack|0 fnt
|faint|p2a: Apple Jack
|
|-weather|SunnyDay|[upkeep]
|upkeep
|
|t:|1758342050
|switch|p2a: Puff|Dragonite, F|100/100
|turn|13
|
|t:|1758342069
|-end|p1a: Great Tusk|Protosynthesis|[silent]
|switch|p1a: Zamazenta|Zamazenta|100/100
|-ability|p1a: Zamazenta|Dauntless Shield|boost
|-boost|p1a: Zamazenta|def|1
|move|p2a: Puff|Dragon Dance|p2a: Puff
|-boost|p2a: Puff|atk|1
|-boost|p2a: Puff|spe|1
|
|-weather|none
|upkeep
|turn|14
|
|t:|1758342074
|switch|p2a: Neverender|Raging Bolt|100/100
|-enditem|p2a: Neverender|Booster Energy
|-activate|p2a: Neverender|ability: Protosynthesis|[fromitem]
|-start|p2a: Neverender|protosynthesisspa
|move|p1a: Zamazenta|Iron Defense|p1a: Zamazenta
|-boost|p1a: Zamazenta|def|2
|
|-sideend|p2: Dylphin|Reflect
|upkeep
|turn|15
|
|t:|1758342080
|move|p1a: Zamazenta|Body Press|p2a: Neverender
|-damage|p2a: Neverender|26/100
|move|p2a: Neverender|Thunderbolt|p1a: Zamazenta
|-damage|p1a: Zamazenta|49/100
|
|-heal|p1a: Zamazenta|55/100|[from] item: Leftovers
|upkeep
|turn|16
|
|t:|1758342087
|move|p2a: Neverender|Thunderclap||[still]
|-fail|p2a: Neverender
|move|p1a: Zamazenta|Iron Defense|p1a: Zamazenta
|-boost|p1a: Zamazenta|def|2
|
|-heal|p1a: Zamazenta|62/100|[from] item: Leftovers
|upkeep
|turn|17
|
|t:|1758342095
|move|p2a: Neverender|Thunderclap|p1a: Zamazenta
|-damage|p1a: Zamazenta|17/100
|move|p1a: Zamazenta|Body Press|p2a: Neverender
|-damage|p2a: Neverender|0 fnt
|faint|p2a: Neverender
|-end|p2a: Neverender|Protosynthesis|[silent]
|
|-heal|p1a: Zamazenta|23/100|[from] item: Leftovers
|upkeep
|
|t:|1758342098
|switch|p2a: Bring da Boom|Azumarill, F, shiny|100/100
|turn|18
|
|t:|1758342108
|move|p1a: Zamazenta|Body Press|p2a: Bring da Boom
|-resisted|p2a: Bring da Boom
|-damage|p2a: Bring da Boom|27/100
|-enditem|p2a: Bring da Boom|Sitrus Berry|[eat]
|-heal|p2a: Bring da Boom|52/100|[from] item: Sitrus Berry
|move|p2a: Bring da Boom|Play Rough|p1a: Zamazenta
|-supereffective|p1a: Zamazenta
|-crit|p1a: Zamazenta
|-damage|p1a: Zamazenta|0 fnt
|faint|p1a: Zamazenta
|
|upkeep
|inactive|loneslopeman has 120 seconds left.
|-message|Dylphin forfeited.
|
|win|loneslopeman
|raw|loneslopeman's rating: 1227 &rarr; <strong>1251</strong><br />(+24 for winning)
|raw|Dylphin's rating: 1210 &rarr; <strong>1186</strong><br />(-24 for losing)
|l|☆Dylphin
|player|p2|
|l|☆loneslopeman
|player|p1|
