|j|☆judicaelmangavideo
|j|☆Panormos4
|t:|1758364501
|gametype|singles
|player|p1|judicaelmangavideo|steven|1633
|player|p2|Panormos4|2|1639
|gen|9
|tier|[Gen 9] OU
|rated|
|rule|HP Percentage Mod: HP is shown in percentages
|rule|Endless Battle Clause: Forcing endless battles is banned
|rule|Species Clause: Limit one of each Pokémon
|rule|OHKO Clause: OHKO moves are banned
|rule|Evasion Items Clause: Evasion items are banned
|rule|Evasion Moves Clause: Evasion moves are banned
|rule|Evasion Abilities Clause: Evasion abilities are banned
|rule|Sleep Moves Clause: Sleep-inducing moves are banned
|clearpoke
|poke|p1|Dragapult, M|
|poke|p1|Corviknight, M|
|poke|p1|Scizor, M|
|poke|p1|Great Tusk|
|poke|p1|Blaziken, M|
|poke|p1|Blissey, F|
|poke|p2|Ting-Lu|
|poke|p2|Latios, M|
|poke|p2|Corviknight, M|
|poke|p2|Goodra-Hisui, M|
|poke|p2|Pecharunt|
|poke|p2|Scizor, M|
|teampreview
|inactive|Battle timer is ON: inactive players will automatically lose when time's up. (requested by Panormos4)
|
|t:|1758364514
|teamsize|p1|6
|teamsize|p2|6
|start
|switch|p1a: Scizor|Scizor, M|100/100
|switch|p2a: Goodra|Goodra-Hisui, M|100/100
|turn|1
|
|t:|1758364522
|move|p1a: Scizor|Knock Off|p2a: Goodra
|-damage|p2a: Goodra|68/100
|-enditem|p2a: Goodra|Assault Vest|[from] move: Knock Off|[of] p1a: Scizor
|move|p2a: Goodra|Fire Blast|p1a: Scizor|[miss]
|-miss|p2a: Goodra|p1a: Scizor
|
|upkeep
|turn|2
|
|t:|1758364533
|switch|p1a: Blissey|Blissey, F, shiny|100/100
|move|p2a: Goodra|Heavy Slam|p1a: Blissey
|-damage|p1a: Blissey|68/100
|
|-heal|p1a: Blissey|74/100|[from] item: Leftovers
|upkeep
|turn|3
|
|t:|1758364542
|switch|p2a: Corviknight|Corviknight, M|100/100
|-ability|p2a: Corviknight|Pressure
|move|p1a: Blissey|Stealth Rock|p2a: Corviknight
|-sidestart|p2: Panormos4|move: Stealth Rock
|
|-heal|p1a: Blissey|80/100|[from] item: Leftovers
|upkeep
|turn|4
|
|t:|1758364551
|move|p2a: Corviknight|Defog|p1a: Blissey
|-unboost|p1a: Blissey|evasion|1
|-sideend|p2: Panormos4|Stealth Rock|[from] move: Defog|[of] p2a: Corviknight
|move|p1a: Blissey|Thunder Wave|p2a: Corviknight
|-status|p2a: Corviknight|par
|
|-heal|p1a: Blissey|86/100|[from] item: Leftovers
|upkeep
|turn|5
|
|t:|1758364562
|move|p1a: Blissey|Stealth Rock|p2a: Corviknight
|-sidestart|p2: Panormos4|move: Stealth Rock
|cant|p2a: Corviknight|par
|
|-heal|p1a: Blissey|92/100|[from] item: Leftovers
|upkeep
|turn|6
|
|t:|1758364571
|switch|p1a: Great Tusk|Great Tusk|100/100
|move|p2a: Corviknight|Defog|p1a: Great Tusk
|-unboost|p1a: Great Tusk|evasion|1
|-sideend|p2: Panormos4|Stealth Rock|[from] move: Defog|[of] p2a: Corviknight
|
|upkeep
|turn|7
|
|t:|1758364581
|move|p1a: Great Tusk|Bulk Up|p1a: Great Tusk
|-boost|p1a: Great Tusk|atk|1
|-boost|p1a: Great Tusk|def|1
|cant|p2a: Corviknight|par
|
|upkeep
|turn|8
|
|t:|1758364588
|move|p1a: Great Tusk|Rapid Spin|p2a: Corviknight
|-resisted|p2a: Corviknight
|-damage|p2a: Corviknight|92/100 par
|-boost|p1a: Great Tusk|spe|1
|-damage|p1a: Great Tusk|84/100|[from] item: Rocky Helmet|[of] p2a: Corviknight
|move|p2a: Corviknight|U-turn|p1a: Great Tusk
|-resisted|p1a: Great Tusk
|-damage|p1a: Great Tusk|81/100
|
|t:|1758364604
|switch|p2a: Pecharunt|Pecharunt|100/100|[from] U-turn
|-item|p2a: Pecharunt|Air Balloon
|
|-heal|p1a: Great Tusk|87/100|[from] item: Leftovers
|upkeep
|turn|9
|
|t:|1758364613
|-end|p1a: Great Tusk|Protosynthesis|[silent]
|switch|p1a: Blissey|Blissey, F, shiny|92/100
|move|p2a: Pecharunt|Malignant Chain|p1a: Blissey
|-damage|p1a: Blissey|81/100
|-status|p1a: Blissey|tox
|-start|p1a: Blissey|confusion|[from] ability: Poison Puppeteer|[of] p2a: Pecharunt
|
|-heal|p1a: Blissey|87/100 tox|[from] item: Leftovers
|-damage|p1a: Blissey|81/100 tox|[from] psn
|upkeep
|turn|10
|
|t:|1758364625
|move|p2a: Pecharunt|Parting Shot|p1a: Blissey
|-unboost|p1a: Blissey|atk|1
|-unboost|p1a: Blissey|spa|1
|
|t:|1758364632
|switch|p2a: Ting-Lu|Ting-Lu|100/100|[from] Parting Shot
|-ability|p2a: Ting-Lu|Vessel of Ruin
|-activate|p1a: Blissey|confusion
|move|p1a: Blissey|Stealth Rock|p2a: Ting-Lu
|-sidestart|p2: Panormos4|move: Stealth Rock
|
|-heal|p1a: Blissey|87/100 tox|[from] item: Leftovers
|-damage|p1a: Blissey|75/100 tox|[from] psn
|upkeep
|turn|11
|
|t:|1758364643
|-curestatus|p1a: Blissey|tox|[from] ability: Natural Cure
|switch|p1a: Blaziken|Blaziken, M, shiny|100/100
|move|p2a: Ting-Lu|Spikes|p1a: Blaziken
|-sidestart|p1: judicaelmangavideo|Spikes
|
|upkeep
|turn|12
|
|t:|1758364650
|move|p1a: Blaziken|Flare Blitz|p2a: Ting-Lu
|-damage|p2a: Ting-Lu|49/100
|-damage|p1a: Blaziken|72/100|[from] Recoil
|move|p2a: Ting-Lu|Spikes|p1a: Blaziken
|-sidestart|p1: judicaelmangavideo|Spikes
|
|-heal|p2a: Ting-Lu|56/100|[from] item: Leftovers
|-ability|p1a: Blaziken|Speed Boost|boost
|-boost|p1a: Blaziken|spe|1
|upkeep
|turn|13
|
|t:|1758364662
|-terastallize|p1a: Blaziken|Fire
|move|p1a: Blaziken|Flare Blitz|p2a: Ting-Lu
|-damage|p2a: Ting-Lu|0 fnt
|faint|p2a: Ting-Lu
|-damage|p1a: Blaziken|41/100|[from] Recoil
|
|-ability|p1a: Blaziken|Speed Boost|boost
|-boost|p1a: Blaziken|spe|1
|upkeep
|
|t:|1758364678
|switch|p2a: Pecharunt|Pecharunt|100/100
|-damage|p2a: Pecharunt|88/100|[from] Stealth Rock
|-item|p2a: Pecharunt|Air Balloon
|turn|14
|
|t:|1758364686
|move|p1a: Blaziken|Flare Blitz|p2a: Pecharunt
|-damage|p2a: Pecharunt|28/100
|-enditem|p2a: Pecharunt|Air Balloon
|-damage|p1a: Blaziken|16/100|[from] Recoil
|move|p2a: Pecharunt|Malignant Chain|p1a: Blaziken
|-damage|p1a: Blaziken|0 fnt
|faint|p1a: Blaziken
|
|upkeep
|
|t:|1758364693
|switch|p1a: Dragapute|Dragapult, M|100/100
|-damage|p1a: Dragapute|84/100|[from] Spikes
|turn|15
|
|t:|1758364705
|switch|p2a: Goodra|Goodra-Hisui, M|68/100
|-damage|p2a: Goodra|61/100|[from] Stealth Rock
|move|p1a: Dragapute|Shadow Ball|p2a: Goodra
|-damage|p2a: Goodra|26/100
|
|upkeep
|turn|16
|
|t:|1758364714
|move|p1a: Dragapute|Shadow Ball|p2a: Goodra
|-damage|p2a: Goodra|0 fnt
|faint|p2a: Goodra
|
|upkeep
|
|t:|1758364720
|switch|p2a: Scizor|Scizor, M|100/100
|-damage|p2a: Scizor|88/100|[from] Stealth Rock
|turn|17
|
|t:|1758364724
|switch|p1a: Corviknight|Corviknight, M, shiny|100/100
|-ability|p1a: Corviknight|Pressure
|move|p2a: Scizor|Bullet Punch|p1a: Corviknight
|-resisted|p1a: Corviknight
|-damage|p1a: Corviknight|85/100
|-damage|p2a: Scizor|71/100|[from] item: Rocky Helmet|[of] p1a: Corviknight
|
|upkeep
|turn|18
|
|t:|1758364734
|switch|p2a: Pecharunt|Pecharunt|28/100
|-damage|p2a: Pecharunt|16/100|[from] Stealth Rock
|move|p1a: Corviknight|Defog|p2a: Pecharunt
|-unboost|p2a: Pecharunt|evasion|1
|-sideend|p2: Panormos4|Stealth Rock|[from] move: Defog|[of] p1a: Corviknight
|-sideend|p1: judicaelmangavideo|Spikes|[from] move: Defog|[of] p1a: Corviknight
|
|upkeep
|turn|19
|
|t:|1758364745
|move|p2a: Pecharunt|Recover|p2a: Pecharunt
|-heal|p2a: Pecharunt|66/100
|move|p1a: Corviknight|U-turn|p2a: Pecharunt
|-resisted|p2a: Pecharunt
|-damage|p2a: Pecharunt|65/100
|
|t:|1758364747
|switch|p1a: Dragapute|Dragapult, M|84/100|[from] U-turn
|
|upkeep
|turn|20
|
|t:|1758364755
|-terastallize|p2a: Pecharunt|Dark
|move|p1a: Dragapute|Shadow Ball|p2a: Pecharunt
|-resisted|p2a: Pecharunt
|-damage|p2a: Pecharunt|40/100
|move|p2a: Pecharunt|Foul Play|p1a: Dragapute
|-supereffective|p1a: Dragapute
|-crit|p1a: Dragapute
|-damage|p1a: Dragapute|0 fnt
|faint|p1a: Dragapute
|
|upkeep
|
|t:|1758364759
|switch|p1a: Scizor|Scizor, M|100/100
|turn|21
|
|t:|1758364770
|move|p1a: Scizor|Bullet Punch|p2a: Pecharunt
|-damage|p2a: Pecharunt|23/100
|move|p2a: Pecharunt|Recover|p2a: Pecharunt
|-heal|p2a: Pecharunt|73/100
|
|upkeep
|turn|22
|
|t:|1758364778
|switch|p1a: Blissey|Blissey, F, shiny|75/100
|move|p2a: Pecharunt|Parting Shot|p1a: Blissey
|-unboost|p1a: Blissey|atk|1
|-unboost|p1a: Blissey|spa|1
|
|t:|1758364786
|switch|p2a: Scizor|Scizor, M|71/100|[from] Parting Shot
|
|-heal|p1a: Blissey|81/100|[from] item: Leftovers
|upkeep
|turn|23
|
|t:|1758364793
|switch|p1a: Corviknight|Corviknight, M, shiny|85/100
|-ability|p1a: Corviknight|Pressure
|move|p2a: Scizor|Knock Off|p1a: Corviknight
|-damage|p1a: Corviknight|49/100
|-damage|p2a: Scizor|55/100|[from] item: Rocky Helmet|[of] p1a: Corviknight
|-enditem|p1a: Corviknight|Rocky Helmet|[from] move: Knock Off|[of] p2a: Scizor
|
|upkeep
|turn|24
|
|t:|1758364805
|switch|p2a: Latios|Latios, M|100/100
|move|p1a: Corviknight|U-turn|p2a: Latios
|-supereffective|p2a: Latios
|-damage|p2a: Latios|63/100
|
|t:|1758364813
|switch|p1a: Scizor|Scizor, M|100/100|[from] U-turn
|
|upkeep
|turn|25
|
|t:|1758364818
|switch|p2a: Corviknight|Corviknight, M|92/100 par
|-ability|p2a: Corviknight|Pressure
|move|p1a: Scizor|Bullet Punch|p2a: Corviknight
|-resisted|p2a: Corviknight
|-damage|p2a: Corviknight|80/100 par
|-damage|p1a: Scizor|84/100|[from] item: Rocky Helmet|[of] p2a: Corviknight
|
|-heal|p1a: Scizor|90/100|[from] item: Leftovers
|upkeep
|turn|26
|
|t:|1758364829
|move|p1a: Scizor|Swords Dance|p1a: Scizor
|-boost|p1a: Scizor|atk|2
|move|p2a: Corviknight|U-turn|p1a: Scizor
|-resisted|p1a: Scizor
|-damage|p1a: Scizor|83/100
|
|t:|1758364837
|switch|p2a: Pecharunt|Pecharunt, tera:Dark|73/100|[from] U-turn
|
|-heal|p1a: Scizor|89/100|[from] item: Leftovers
|upkeep
|turn|27
|
|t:|1758364843
|switch|p1a: Blissey|Blissey, F, shiny|81/100
|move|p2a: Pecharunt|Foul Play|p1a: Blissey
|-damage|p1a: Blissey|78/100
|
|-heal|p1a: Blissey|84/100|[from] item: Leftovers
|upkeep
|turn|28
|
|t:|1758364852
|move|p2a: Pecharunt|Parting Shot|p1a: Blissey
|-unboost|p1a: Blissey|atk|1
|-unboost|p1a: Blissey|spa|1
|
|t:|1758364856
|switch|p2a: Corviknight|Corviknight, M|80/100 par|[from] Parting Shot
|-ability|p2a: Corviknight|Pressure
|move|p1a: Blissey|Stealth Rock|p2a: Corviknight
|-sidestart|p2: Panormos4|move: Stealth Rock
|
|-heal|p1a: Blissey|90/100|[from] item: Leftovers
|upkeep
|turn|29
|
|t:|1758364866
|switch|p1a: Great Tusk|Great Tusk|87/100
|move|p2a: Corviknight|Defog|p1a: Great Tusk
|-unboost|p1a: Great Tusk|evasion|1
|-sideend|p2: Panormos4|Stealth Rock|[from] move: Defog|[of] p2a: Corviknight
|
|-heal|p1a: Great Tusk|94/100|[from] item: Leftovers
|upkeep
|turn|30
|
|t:|1758364875
|move|p1a: Great Tusk|Rapid Spin|p2a: Corviknight
|-resisted|p2a: Corviknight
|-damage|p2a: Corviknight|74/100 par
|-boost|p1a: Great Tusk|spe|1
|-damage|p1a: Great Tusk|77/100|[from] item: Rocky Helmet|[of] p2a: Corviknight
|move|p2a: Corviknight|U-turn|p1a: Great Tusk
|-resisted|p1a: Great Tusk
|-damage|p1a: Great Tusk|72/100
|
|t:|1758364883
|switch|p2a: Pecharunt|Pecharunt, tera:Dark|73/100|[from] U-turn
|
|-heal|p1a: Great Tusk|78/100|[from] item: Leftovers
|upkeep
|turn|31
|
|t:|1758364891
|move|p1a: Great Tusk|Close Combat|p2a: Pecharunt
|-supereffective|p2a: Pecharunt
|-damage|p2a: Pecharunt|14/100
|-unboost|p1a: Great Tusk|def|1
|-unboost|p1a: Great Tusk|spd|1
|move|p2a: Pecharunt|Parting Shot|p1a: Great Tusk
|-unboost|p1a: Great Tusk|atk|1
|-unboost|p1a: Great Tusk|spa|1
|
|t:|1758364906
|switch|p2a: Corviknight|Corviknight, M|74/100 par|[from] Parting Shot
|-ability|p2a: Corviknight|Pressure
|
|-heal|p1a: Great Tusk|85/100|[from] item: Leftovers
|upkeep
|turn|32
|
|t:|1758364914
|move|p1a: Great Tusk|Bulk Up|p1a: Great Tusk
|-boost|p1a: Great Tusk|atk|1
|-boost|p1a: Great Tusk|def|1
|move|p2a: Corviknight|U-turn|p1a: Great Tusk
|-resisted|p1a: Great Tusk
|-damage|p1a: Great Tusk|81/100
|
|t:|1758364926
|switch|p2a: Latios|Latios, M|63/100|[from] U-turn
|
|-heal|p1a: Great Tusk|87/100|[from] item: Leftovers
|upkeep
|turn|33
|
|t:|1758364934
|-end|p1a: Great Tusk|Protosynthesis|[silent]
|switch|p1a: Corviknight|Corviknight, M, shiny|49/100
|-ability|p1a: Corviknight|Pressure
|move|p2a: Latios|Luster Purge|p1a: Corviknight
|-resisted|p1a: Corviknight
|-damage|p1a: Corviknight|21/100
|
|upkeep
|turn|34
|
|t:|1758364942
|switch|p1a: Blissey|Blissey, F, shiny|90/100
|move|p2a: Latios|Luster Purge|p1a: Blissey
|-damage|p1a: Blissey|69/100
|
|-heal|p1a: Blissey|75/100|[from] item: Leftovers
|upkeep
|turn|35
|
|t:|1758364951
|switch|p2a: Corviknight|Corviknight, M|74/100 par
|-ability|p2a: Corviknight|Pressure
|move|p1a: Blissey|Stealth Rock|p2a: Corviknight
|-sidestart|p2: Panormos4|move: Stealth Rock
|
|-heal|p1a: Blissey|81/100|[from] item: Leftovers
|upkeep
|turn|36
|
|t:|1758364960
|switch|p1a: Scizor|Scizor, M|89/100
|move|p2a: Corviknight|Defog|p1a: Scizor
|-unboost|p1a: Scizor|evasion|1
|-sideend|p2: Panormos4|Stealth Rock|[from] move: Defog|[of] p2a: Corviknight
|
|-heal|p1a: Scizor|95/100|[from] item: Leftovers
|upkeep
|turn|37
|
|t:|1758364969
|move|p1a: Scizor|Knock Off|p2a: Corviknight
|-damage|p2a: Corviknight|52/100 par
|-damage|p1a: Scizor|78/100|[from] item: Rocky Helmet|[of] p2a: Corviknight
|-enditem|p2a: Corviknight|Rocky Helmet|[from] move: Knock Off|[of] p1a: Scizor
|move|p2a: Corviknight|Body Press|p1a: Scizor
|-damage|p1a: Scizor|50/100
|
|-heal|p1a: Scizor|56/100|[from] item: Leftovers
|upkeep
|turn|38
|
|t:|1758364988
|switch|p1a: Corviknight|Corviknight, M, shiny|21/100
|-ability|p1a: Corviknight|Pressure
|cant|p2a: Corviknight|par
|
|upkeep
|turn|39
|
|t:|1758364994
|move|p1a: Corviknight|Roost|p1a: Corviknight
|-heal|p1a: Corviknight|71/100
|-singleturn|p1a: Corviknight|move: Roost
|move|p2a: Corviknight|U-turn|p1a: Corviknight
|-resisted|p1a: Corviknight
|-damage|p1a: Corviknight|66/100
|
|t:|1758365002
|switch|p2a: Latios|Latios, M|63/100|[from] U-turn
|
|upkeep
|turn|40
|
|t:|1758365007
|move|p2a: Latios|Draco Meteor|p1a: Corviknight
|-resisted|p1a: Corviknight
|-damage|p1a: Corviknight|26/100
|-unboost|p2a: Latios|spa|2
|move|p1a: Corviknight|U-turn|p2a: Latios
|-supereffective|p2a: Latios
|-damage|p2a: Latios|22/100
|
|t:|1758365011
|switch|p1a: Scizor|Scizor, M|56/100|[from] U-turn
|
|-heal|p1a: Scizor|62/100|[from] item: Leftovers
|upkeep
|turn|41
|
|t:|1758365022
|switch|p2a: Corviknight|Corviknight, M|52/100 par
|-ability|p2a: Corviknight|Pressure
|move|p1a: Scizor|Swords Dance|p1a: Scizor
|-boost|p1a: Scizor|atk|2
|
|-heal|p1a: Scizor|68/100|[from] item: Leftovers
|upkeep
|turn|42
|
|t:|1758365032
|move|p1a: Scizor|Knock Off|p2a: Corviknight
|-damage|p2a: Corviknight|21/100 par
|move|p2a: Corviknight|Roost|p2a: Corviknight
|-heal|p2a: Corviknight|71/100 par
|-singleturn|p2a: Corviknight|move: Roost
|
|-heal|p1a: Scizor|74/100|[from] item: Leftovers
|upkeep
|turn|43
|
|t:|1758365042
|move|p1a: Scizor|Swords Dance|p1a: Scizor
|-boost|p1a: Scizor|atk|2
|move|p2a: Corviknight|Roost|p2a: Corviknight
|-heal|p2a: Corviknight|100/100 par
|-singleturn|p2a: Corviknight|move: Roost
|
|-heal|p1a: Scizor|80/100|[from] item: Leftovers
|upkeep
|turn|44
|
|t:|1758365052
|move|p1a: Scizor|Swords Dance|p1a: Scizor
|-boost|p1a: Scizor|atk|2
|cant|p2a: Corviknight|par
|
|-heal|p1a: Scizor|86/100|[from] item: Leftovers
|upkeep
|turn|45
|-message|Panormos4 forfeited.
|
|win|judicaelmangavideo
|raw|judicaelmangavideo's rating: 1633 &rarr; <strong>1653</strong><br />(+20 for winning)
|raw|Panormos4's rating: 1639 &rarr; <strong>1619</strong><br />(-20 for losing)
|l|☆Panormos4
|player|p2|
|l|☆judicaelmangavideo
|player|p1|
