|j|☆fiveStitches
|j|‽bigfreakerjr
|t:|1758331812
|gametype|singles
|player|p1|fiveStitches|pokemaniac|
|player|p2|bigfreakerjr|266|
|gen|9
|tier|[Gen 9] OU
|rule|HP Percentage Mod: HP is shown in percentages
|rule|Endless Battle Clause: Forcing endless battles is banned
|rule|Species Clause: Limit one of each Pokémon
|rule|OHKO Clause: OHKO moves are banned
|rule|Evasion Items Clause: Evasion items are banned
|rule|Evasion Moves Clause: Evasion moves are banned
|rule|Evasion Abilities Clause: Evasion abilities are banned
|rule|Sleep Moves Clause: Sleep-inducing moves are banned
|clearpoke
|poke|p1|Kingambit, M|
|poke|p1|Great Tusk|
|poke|p1|Rotom-Wash|
|poke|p1|Tornadus-Therian, M|
|poke|p1|Diancie|
|poke|p1|Gallade, M|
|poke|p2|Iron Hands|
|poke|p2|Skeledirge, M|
|poke|p2|Barraskewda, F|
|poke|p2|Kleavor, M|
|poke|p2|Empoleon, F|
|poke|p2|Rhyperior, F|
|teampreview
|j| FaithyUWU
|
|t:|1758331843
|teamsize|p1|6
|teamsize|p2|6
|start
|switch|p1a: barbenheimer|Diancie|100/100
|switch|p2a: Kleavor|Kleavor, M|100/100
|turn|1
|
|t:|1758331893
|switch|p1a: jim bob|Gallade, M|100/100
|move|p2a: Kleavor|U-turn|p1a: jim bob
|-damage|p1a: jim bob|37/100
|
|t:|1758331901
|switch|p2a: Rhyperior|Rhyperior, F|100/100|[from] U-turn
|
|upkeep
|turn|2
|
|t:|1758331923
|move|p1a: jim bob|Leaf Blade|p2a: Rhyperior
|-supereffective|p2a: Rhyperior
|-damage|p2a: Rhyperior|2/100
|-enditem|p2a: Rhyperior|Weakness Policy
|-boost|p2a: Rhyperior|atk|2|[from] item: Weakness Policy
|-boost|p2a: Rhyperior|spa|2|[from] item: Weakness Policy
|move|p2a: Rhyperior|Rock Polish|p2a: Rhyperior
|-boost|p2a: Rhyperior|spe|2
|
|upkeep
|turn|3
|
|t:|1758331937
|move|p2a: Rhyperior|Earthquake|p1a: jim bob
|-damage|p1a: jim bob|0 fnt
|faint|p1a: jim bob
|
|upkeep
|
|t:|1758331943
|switch|p1a: squirt|Rotom-Wash|100/100
|turn|4
|
|t:|1758331961
|move|p2a: Rhyperior|Stone Edge|p1a: squirt
|-damage|p1a: squirt|4/100
|move|p1a: squirt|Hydro Pump|p2a: Rhyperior|[miss]
|-miss|p1a: squirt|p2a: Rhyperior
|
|upkeep
|turn|5
|c|☆fiveStitches|ok
|c| FaithyUWU|MISSED
|
|t:|1758331987
|move|p2a: Rhyperior|Rock Polish|p2a: Rhyperior
|-boost|p2a: Rhyperior|spe|2
|move|p1a: squirt|Will-O-Wisp|p2a: Rhyperior
|-status|p2a: Rhyperior|brn
|
|-damage|p2a: Rhyperior|0 fnt|[from] brn
|faint|p2a: Rhyperior
|upkeep
|
|t:|1758332013
|switch|p2a: Iron Hands|Iron Hands|100/100
|turn|6
|
|t:|1758332025
|move|p1a: squirt|Will-O-Wisp|p2a: Iron Hands|[miss]
|-miss|p1a: squirt|p2a: Iron Hands
|move|p2a: Iron Hands|Substitute|p2a: Iron Hands
|-start|p2a: Iron Hands|Substitute
|-damage|p2a: Iron Hands|75/100
|
|upkeep
|turn|7
|c|☆fiveStitches|85% chance miss am i going to kill myself yes
|
|t:|1758332051
|move|p1a: squirt|Hydro Pump|p2a: Iron Hands|[miss]
|-miss|p1a: squirt|p2a: Iron Hands
|move|p2a: Iron Hands|Drain Punch|p1a: squirt
|-damage|p1a: squirt|0 fnt
|-heal|p2a: Iron Hands|77/100|[from] drain|[of] p1a: squirt
|faint|p1a: squirt
|
|upkeep
|j| submarineset4
|c|☆fiveStitches|NO WAY
|c|☆fiveStitches|NO WAY THAT MISSED
|
|t:|1758332102
|switch|p1a: birdn't|Tornadus-Therian, M|100/100
|turn|8
|
|t:|1758332113
|-end|p2a: Iron Hands|Quark Drive|[silent]
|switch|p2a: Skeledirge|Skeledirge, M|100/100
|move|p1a: birdn't|Tailwind|p1a: birdn't
|-sidestart|p1: fiveStitches|move: Tailwind
|
|upkeep
|turn|9
|
|t:|1758332149
|switch|p1a: barbenheimer|Diancie|100/100
|move|p2a: Skeledirge|Torch Song|p1a: barbenheimer
|-resisted|p1a: barbenheimer
|-damage|p1a: barbenheimer|91/100
|-boost|p2a: Skeledirge|spa|1
|-enditem|p2a: Skeledirge|Throat Spray
|-boost|p2a: Skeledirge|spa|1|[from] item: Throat Spray
|
|-heal|p1a: barbenheimer|98/100|[from] item: Leftovers
|upkeep
|turn|10
|
|t:|1758332162
|move|p1a: barbenheimer|Sand Tomb|p2a: Skeledirge
|-supereffective|p2a: Skeledirge
|-damage|p2a: Skeledirge|88/100
|-activate|p2a: Skeledirge|move: Sand Tomb|[of] p1a: barbenheimer
|move|p2a: Skeledirge|Shadow Ball|p1a: barbenheimer
|-damage|p1a: barbenheimer|63/100
|
|-heal|p1a: barbenheimer|69/100|[from] item: Leftovers
|-damage|p2a: Skeledirge|76/100|[from] move: Sand Tomb|[partiallytrapped]
|upkeep
|turn|11
|
|t:|1758332183
|move|p1a: barbenheimer|Diamond Storm|p2a: Skeledirge
|-supereffective|p2a: Skeledirge
|-damage|p2a: Skeledirge|22/100
|move|p2a: Skeledirge|Torch Song|p1a: barbenheimer
|-resisted|p1a: barbenheimer
|-damage|p1a: barbenheimer|50/100
|-boost|p2a: Skeledirge|spa|1
|
|-heal|p1a: barbenheimer|56/100|[from] item: Leftovers
|-damage|p2a: Skeledirge|9/100|[from] move: Sand Tomb|[partiallytrapped]
|-sideend|p1: fiveStitches|move: Tailwind
|upkeep
|turn|12
|
|t:|1758332198
|move|p2a: Skeledirge|Shadow Ball|p1a: barbenheimer
|-damage|p1a: barbenheimer|8/100
|move|p1a: barbenheimer|Reflect|p1a: barbenheimer
|-sidestart|p1: fiveStitches|Reflect
|
|-heal|p1a: barbenheimer|15/100|[from] item: Leftovers
|-damage|p2a: Skeledirge|0 fnt|[from] move: Sand Tomb|[partiallytrapped]
|faint|p2a: Skeledirge
|upkeep
|
|t:|1758332208
|switch|p2a: Empoleon|Empoleon, F|100/100
|turn|13
|
|t:|1758332218
|move|p2a: Empoleon|Flash Cannon|p1a: barbenheimer
|-supereffective|p1a: barbenheimer
|-damage|p1a: barbenheimer|0 fnt
|faint|p1a: barbenheimer
|
|upkeep
|c| submarineset4|LETS GOOO MATT
|
|t:|1758332240
|switch|p1a: elefun|Great Tusk|100/100
|-enditem|p1a: elefun|Booster Energy
|-activate|p1a: elefun|ability: Protosynthesis|[fromitem]
|-start|p1a: elefun|protosynthesisatk
|turn|14
|
|t:|1758332297
|-end|p1a: elefun|Protosynthesis|[silent]
|switch|p1a: birdn't|Tornadus-Therian, M|100/100
|move|p2a: Empoleon|Surf|p1a: birdn't
|-damage|p1a: birdn't|62/100
|
|upkeep
|turn|15
|
|t:|1758332305
|move|p1a: birdn't|Tailwind|p1a: birdn't
|-sidestart|p1: fiveStitches|move: Tailwind
|move|p2a: Empoleon|Stealth Rock|p1a: birdn't
|-sidestart|p1: fiveStitches|move: Stealth Rock
|
|upkeep
|turn|16
|
|t:|1758332322
|move|p1a: birdn't|Brick Break|p2a: Empoleon
|-supereffective|p2a: Empoleon
|-damage|p2a: Empoleon|54/100
|move|p2a: Empoleon|Roar|p1a: birdn't
|drag|p1a: elefun|Great Tusk|100/100
|-damage|p1a: elefun|98/100|[from] Stealth Rock
|
|-heal|p2a: Empoleon|60/100|[from] item: Leftovers
|-sideend|p1: fiveStitches|Reflect
|upkeep
|turn|17
|
|t:|1758332340
|move|p1a: elefun|Earthquake|p2a: Empoleon
|-supereffective|p2a: Empoleon
|-damage|p2a: Empoleon|0 fnt
|faint|p2a: Empoleon
|
|upkeep
|
|t:|1758332353
|switch|p2a: Barraskewda|Barraskewda, F|100/100
|turn|18
|
|t:|1758332377
|-end|p1a: elefun|Protosynthesis|[silent]
|switch|p1a: birdn't|Tornadus-Therian, M|95/100
|-damage|p1a: birdn't|70/100|[from] Stealth Rock
|move|p2a: Barraskewda|Liquidation|p1a: birdn't
|-damage|p1a: birdn't|0 fnt
|faint|p1a: birdn't
|-damage|p2a: Barraskewda|91/100|[from] item: Life Orb
|
|-sideend|p1: fiveStitches|move: Tailwind
|upkeep
|
|t:|1758332388
|switch|p1a: elefun|Great Tusk|98/100
|-damage|p1a: elefun|95/100|[from] Stealth Rock
|turn|19
|j| BigFreakerSr
|
|t:|1758332463
|move|p2a: Barraskewda|Liquidation|p1a: elefun
|-supereffective|p1a: elefun
|-damage|p1a: elefun|12/100
|-damage|p2a: Barraskewda|81/100|[from] item: Life Orb
|move|p1a: elefun|Close Combat|p2a: Barraskewda
|-damage|p2a: Barraskewda|0 fnt
|-unboost|p1a: elefun|def|1
|-unboost|p1a: elefun|spd|1
|faint|p2a: Barraskewda
|
|upkeep
|
|t:|1758332474
|switch|p2a: Kleavor|Kleavor, M|100/100
|turn|20
|
|t:|1758332492
|move|p2a: Kleavor|X-Scissor|p1a: elefun
|-resisted|p1a: elefun
|-damage|p1a: elefun|0 fnt
|faint|p1a: elefun
|-end|p1a: elefun|Protosynthesis|[silent]
|
|upkeep
|
|t:|1758332497
|switch|p1a: aura farmer|Kingambit, M, shiny|100/100
|-damage|p1a: aura farmer|94/100|[from] Stealth Rock
|-activate|p1a: aura farmer|ability: Supreme Overlord
|-start|p1a: aura farmer|fallen5|[silent]
|turn|21
|
|t:|1758332575
|-terastallize|p1a: aura farmer|Ghost
|move|p2a: Kleavor|X-Scissor|p1a: aura farmer
|-resisted|p1a: aura farmer
|-damage|p1a: aura farmer|68/100
|move|p1a: aura farmer|Grass Knot|p2a: Kleavor
|-damage|p2a: Kleavor|73/100
|
|-heal|p1a: aura farmer|74/100|[from] item: Leftovers
|upkeep
|turn|22
|
|t:|1758332594
|move|p2a: Kleavor|X-Scissor|p1a: aura farmer
|-resisted|p1a: aura farmer
|-damage|p1a: aura farmer|48/100
|move|p1a: aura farmer|Kowtow Cleave|p2a: Kleavor
|-damage|p2a: Kleavor|0 fnt
|faint|p2a: Kleavor
|
|-heal|p1a: aura farmer|54/100|[from] item: Leftovers
|upkeep
|
|t:|1758332602
|switch|p2a: Iron Hands|Iron Hands|77/100
|turn|23
|
|t:|1758332657
|move|p1a: aura farmer|Grass Knot|p2a: Iron Hands
|-damage|p2a: Iron Hands|55/100
|move|p2a: Iron Hands|Thunder Punch|p1a: aura farmer
|-damage|p1a: aura farmer|14/100
|-status|p1a: aura farmer|par
|
|-heal|p1a: aura farmer|20/100 par|[from] item: Leftovers
|upkeep
|turn|24
|
|t:|1758332666
|move|p1a: aura farmer|Sucker Punch|p2a: Iron Hands
|-resisted|p2a: Iron Hands
|-damage|p2a: Iron Hands|37/100
|move|p2a: Iron Hands|Thunder Punch|p1a: aura farmer
|-damage|p1a: aura farmer|0 fnt
|faint|p1a: aura farmer
|-end|p1a: aura farmer|fallen5|[silent]
|
|win|bigfreakerjr
|c|☆fiveStitches|gg gamer
