|j|☆fullbodyhakiman
|j|☆Volga123
|t:|1758289638
|gametype|singles
|player|p1|fullbodyhakiman|hoopster|1395
|player|p2|Volga123|cynthia|1438
|gen|9
|tier|[Gen 9] OU
|rated|
|rule|HP Percentage Mod: HP is shown in percentages
|rule|Endless Battle Clause: Forcing endless battles is banned
|rule|Species Clause: Limit one of each Pokémon
|rule|OHKO Clause: OHKO moves are banned
|rule|Evasion Items Clause: Evasion items are banned
|rule|Evasion Moves Clause: Evasion moves are banned
|rule|Evasion Abilities Clause: Evasion abilities are banned
|rule|Sleep Moves Clause: Sleep-inducing moves are banned
|clearpoke
|poke|p1|Landorus-Therian, M|
|poke|p1|Samurott-Hisui, M|
|poke|p1|Pecharunt|
|poke|p1|Scizor, M|
|poke|p1|Latios, M|
|poke|p1|Zamazenta-*|
|poke|p2|Torkoal, M|
|poke|p2|Scovillain, F|
|poke|p2|Walking Wake|
|poke|p2|Arcanine-Hisui, F|
|poke|p2|Great Tusk|
|poke|p2|Grimmsnarl, M|
|teampreview
|
|t:|1758289657
|teamsize|p1|6
|teamsize|p2|6
|start
|switch|p1a: Landorus|Landorus-Therian, M|100/100
|switch|p2a: Torkoal|Torkoal, M|100/100
|-ability|p1a: Landorus|Intimidate|boost
|-unboost|p2a: Torkoal|atk|1
|-weather|SunnyDay|[from] ability: Drought|[of] p2a: Torkoal
|turn|1
|
|t:|1758289665
|switch|p2a: Great Tusk|Great Tusk|100/100
|-activate|p2a: Great Tusk|ability: Protosynthesis
|-start|p2a: Great Tusk|protosynthesisatk
|move|p1a: Landorus|Stealth Rock|p2a: Great Tusk
|-sidestart|p2: Volga123|move: Stealth Rock
|
|-weather|SunnyDay|[upkeep]
|upkeep
|turn|2
|
|t:|1758289675
|move|p1a: Landorus|Earthquake|p2a: Great Tusk
|-damage|p2a: Great Tusk|72/100
|move|p2a: Great Tusk|Headlong Rush|p1a: Landorus
|-immune|p1a: Landorus
|
|-weather|SunnyDay|[upkeep]
|-heal|p2a: Great Tusk|78/100|[from] item: Leftovers
|upkeep
|turn|3
|
|t:|1758289683
|move|p1a: Landorus|U-turn|p2a: Great Tusk
|-resisted|p2a: Great Tusk
|-damage|p2a: Great Tusk|72/100
|
|t:|1758289691
|switch|p1a: Pecharunt|Pecharunt|100/100|[from] U-turn
|move|p2a: Great Tusk|Knock Off|p1a: Pecharunt
|-supereffective|p1a: Pecharunt
|-damage|p1a: Pecharunt|46/100
|-enditem|p1a: Pecharunt|Heavy-Duty Boots|[from] move: Knock Off|[of] p2a: Great Tusk
|
|-weather|SunnyDay|[upkeep]
|-heal|p2a: Great Tusk|78/100|[from] item: Leftovers
|upkeep
|turn|4
|
|t:|1758289718
|-terastallize|p1a: Pecharunt|Ghost
|move|p1a: Pecharunt|Recover|p1a: Pecharunt
|-heal|p1a: Pecharunt|96/100
|move|p2a: Great Tusk|Headlong Rush|p1a: Pecharunt
|-damage|p1a: Pecharunt|39/100
|-unboost|p2a: Great Tusk|def|1
|-unboost|p2a: Great Tusk|spd|1
|
|-weather|SunnyDay|[upkeep]
|-heal|p2a: Great Tusk|84/100|[from] item: Leftovers
|upkeep
|turn|5
|
|t:|1758289727
|-end|p2a: Great Tusk|Protosynthesis|[silent]
|switch|p2a: Grimmsnarl|Grimmsnarl, M|100/100
|-damage|p2a: Grimmsnarl|88/100|[from] Stealth Rock
|move|p1a: Pecharunt|Recover|p1a: Pecharunt
|-heal|p1a: Pecharunt|89/100
|
|-weather|SunnyDay|[upkeep]
|upkeep
|turn|6
|
|t:|1758289731
|move|p2a: Grimmsnarl|Light Screen|p2a: Grimmsnarl
|-sidestart|p2: Volga123|move: Light Screen
|move|p1a: Pecharunt|Malignant Chain|p2a: Grimmsnarl
|-supereffective|p2a: Grimmsnarl
|-damage|p2a: Grimmsnarl|66/100
|-status|p2a: Grimmsnarl|tox
|-start|p2a: Grimmsnarl|confusion|[from] ability: Poison Puppeteer|[of] p1a: Pecharunt
|
|-weather|SunnyDay|[upkeep]
|-damage|p2a: Grimmsnarl|60/100 tox|[from] psn
|upkeep
|turn|7
|
|t:|1758289753
|switch|p2a: Arcanine|Arcanine-Hisui, F|100/100
|-damage|p2a: Arcanine|76/100|[from] Stealth Rock
|move|p1a: Pecharunt|Parting Shot|p2a: Arcanine
|-unboost|p2a: Arcanine|atk|1
|-unboost|p2a: Arcanine|spa|1
|
|t:|1758289759
|switch|p1a: Landorus|Landorus-Therian, M|100/100|[from] Parting Shot
|-ability|p1a: Landorus|Intimidate|boost
|-unboost|p2a: Arcanine|atk|1
|
|-weather|SunnyDay|[upkeep]
|upkeep
|turn|8
|
|t:|1758289766
|switch|p2a: Great Tusk|Great Tusk|84/100
|-damage|p2a: Great Tusk|81/100|[from] Stealth Rock
|-activate|p2a: Great Tusk|ability: Protosynthesis
|-start|p2a: Great Tusk|protosynthesisatk
|move|p1a: Landorus|Earthquake|p2a: Great Tusk
|-damage|p2a: Great Tusk|53/100
|
|-weather|none
|-end|p2a: Great Tusk|Protosynthesis
|-heal|p2a: Great Tusk|59/100|[from] item: Leftovers
|upkeep
|turn|9
|inactive|Battle timer is ON: inactive players will automatically lose when time's up. (requested by Volga123)
|
|t:|1758289796
|switch|p1a: Pecharunt|Pecharunt, tera:Ghost|89/100
|-end|p2a: Great Tusk|Protosynthesis|[silent]
|switch|p2a: Torkoal|Torkoal, M|100/100
|-damage|p2a: Torkoal|75/100|[from] Stealth Rock
|-weather|SunnyDay|[from] ability: Drought|[of] p2a: Torkoal
|
|-weather|SunnyDay|[upkeep]
|upkeep
|turn|10
|
|t:|1758289801
|move|p1a: Pecharunt|Malignant Chain|p2a: Torkoal
|-damage|p2a: Torkoal|55/100
|move|p2a: Torkoal|Stealth Rock|p1a: Pecharunt
|-sidestart|p1: fullbodyhakiman|move: Stealth Rock
|
|-weather|SunnyDay|[upkeep]
|upkeep
|turn|11
|
|t:|1758289824
|switch|p2a: Arcanine|Arcanine-Hisui, F|76/100
|-damage|p2a: Arcanine|51/100|[from] Stealth Rock
|move|p1a: Pecharunt|Shadow Ball|p2a: Arcanine
|-damage|p2a: Arcanine|31/100
|
|-weather|SunnyDay|[upkeep]
|upkeep
|turn|12
|
|t:|1758289847
|switch|p1a: Landorus|Landorus-Therian, M|100/100
|-damage|p1a: Landorus|88/100|[from] Stealth Rock
|-ability|p1a: Landorus|Intimidate|boost
|-unboost|p2a: Arcanine|atk|1
|move|p2a: Arcanine|Flare Blitz|p1a: Landorus
|-damage|p1a: Landorus|12/100
|-damage|p2a: Arcanine|14/100|[from] item: Rocky Helmet|[of] p1a: Landorus
|-damage|p2a: Arcanine|4/100|[from] item: Life Orb
|
|-weather|SunnyDay|[upkeep]
|upkeep
|turn|13
|
|t:|1758289860
|move|p1a: Landorus|Earthquake|p2a: Arcanine
|-supereffective|p2a: Arcanine
|-damage|p2a: Arcanine|0 fnt
|faint|p2a: Arcanine
|
|-weather|SunnyDay|[upkeep]
|-sideend|p2: Volga123|move: Light Screen
|upkeep
|
|t:|1758289866
|switch|p2a: Walking Wake|Walking Wake|100/100
|-damage|p2a: Walking Wake|88/100|[from] Stealth Rock
|-activate|p2a: Walking Wake|ability: Protosynthesis
|-start|p2a: Walking Wake|protosynthesisspe
|turn|14
|
|t:|1758289872
|move|p2a: Walking Wake|Hydro Steam|p1a: Landorus
|-supereffective|p1a: Landorus
|-damage|p1a: Landorus|0 fnt
|faint|p1a: Landorus
|-damage|p2a: Walking Wake|78/100|[from] item: Life Orb
|
|-weather|SunnyDay|[upkeep]
|upkeep
|
|t:|1758289875
|switch|p1a: Samurott|Samurott-Hisui, M|100/100
|-damage|p1a: Samurott|88/100|[from] Stealth Rock
|turn|15
|
|t:|1758289894
|-terastallize|p2a: Walking Wake|Electric
|move|p2a: Walking Wake|Tera Blast|p1a: Samurott|[anim] Tera Blast Electric
|-supereffective|p1a: Samurott
|-damage|p1a: Samurott|0 fnt
|faint|p1a: Samurott
|-damage|p2a: Walking Wake|69/100|[from] item: Life Orb
|
|-weather|SunnyDay|[upkeep]
|upkeep
|
|t:|1758289919
|switch|p1a: Zamazenta|Zamazenta|100/100
|-damage|p1a: Zamazenta|94/100|[from] Stealth Rock
|-ability|p1a: Zamazenta|Dauntless Shield|boost
|-boost|p1a: Zamazenta|def|1
|turn|16
|
|t:|1758289924
|move|p2a: Walking Wake|Hydro Steam|p1a: Zamazenta
|-damage|p1a: Zamazenta|29/100
|-damage|p2a: Walking Wake|59/100|[from] item: Life Orb
|move|p1a: Zamazenta|Body Press|p2a: Walking Wake
|-damage|p2a: Walking Wake|0 fnt
|faint|p2a: Walking Wake
|-end|p2a: Walking Wake|Protosynthesis|[silent]
|
|-weather|none
|-heal|p1a: Zamazenta|35/100|[from] item: Leftovers
|upkeep
|
|t:|1758289928
|switch|p2a: Torkoal|Torkoal, M|55/100
|-damage|p2a: Torkoal|30/100|[from] Stealth Rock
|-weather|SunnyDay|[from] ability: Drought|[of] p2a: Torkoal
|turn|17
|
|t:|1758289955
|move|p1a: Zamazenta|Body Press|p2a: Torkoal
|-damage|p2a: Torkoal|0 fnt
|faint|p2a: Torkoal
|
|-weather|SunnyDay|[upkeep]
|-heal|p1a: Zamazenta|41/100|[from] item: Leftovers
|upkeep
|
|t:|1758289960
|switch|p2a: Scovillain|Scovillain, F|100/100
|-damage|p2a: Scovillain|76/100|[from] Stealth Rock
|turn|18
|
|t:|1758289970
|move|p2a: Scovillain|Fire Blast|p1a: Zamazenta
|-damage|p1a: Zamazenta|0 fnt
|faint|p1a: Zamazenta
|-damage|p2a: Scovillain|66/100|[from] item: Life Orb
|
|-weather|SunnyDay|[upkeep]
|upkeep
|
|t:|1758289974
|switch|p1a: Scizor|Scizor, M|100/100
|turn|19
|
|t:|1758289986
|move|p1a: Scizor|Bullet Punch|p2a: Scovillain
|-resisted|p2a: Scovillain
|-damage|p2a: Scovillain|36/100
|move|p2a: Scovillain|Fire Blast|p1a: Scizor
|-supereffective|p1a: Scizor
|-damage|p1a: Scizor|0 fnt
|faint|p1a: Scizor
|-damage|p2a: Scovillain|26/100|[from] item: Life Orb
|
|-weather|SunnyDay|[upkeep]
|upkeep
|
|t:|1758289994
|switch|p1a: Latios|Latios, M|100/100
|-damage|p1a: Latios|88/100|[from] Stealth Rock
|turn|20
|
|t:|1758290004
|move|p2a: Scovillain|Fire Blast|p1a: Latios
|-resisted|p1a: Latios
|-damage|p1a: Latios|36/100
|-damage|p2a: Scovillain|16/100|[from] item: Life Orb
|move|p1a: Latios|Recover|p1a: Latios
|-heal|p1a: Latios|86/100
|
|-weather|SunnyDay|[upkeep]
|upkeep
|turn|21
|
|t:|1758290010
|move|p2a: Scovillain|Leech Seed|p1a: Latios
|-start|p1a: Latios|move: Leech Seed
|move|p1a: Latios|Calm Mind|p1a: Latios
|-boost|p1a: Latios|spa|1
|-boost|p1a: Latios|spd|1
|
|-weather|SunnyDay|[upkeep]
|-damage|p1a: Latios|74/100|[from] Leech Seed|[of] p2a: Scovillain
|-heal|p2a: Scovillain|29/100|[silent]
|upkeep
|turn|22
|
|t:|1758290016
|move|p2a: Scovillain|Fire Blast|p1a: Latios
|-resisted|p1a: Latios
|-damage|p1a: Latios|38/100
|-damage|p2a: Scovillain|19/100|[from] item: Life Orb
|move|p1a: Latios|Recover|p1a: Latios
|-heal|p1a: Latios|88/100
|
|-weather|SunnyDay|[upkeep]
|-damage|p1a: Latios|76/100|[from] Leech Seed|[of] p2a: Scovillain
|-heal|p2a: Scovillain|33/100|[silent]
|upkeep
|turn|23
|
|t:|1758290019
|move|p2a: Scovillain|Will-O-Wisp|p1a: Latios
|-status|p1a: Latios|brn
|move|p1a: Latios|Psychic Noise|p2a: Scovillain
|-damage|p2a: Scovillain|0 fnt
|faint|p2a: Scovillain
|
|-weather|SunnyDay|[upkeep]
|-damage|p1a: Latios|70/100 brn|[from] brn
|upkeep
|
|t:|1758290022
|switch|p2a: Grimmsnarl|Grimmsnarl, M|60/100 tox
|-damage|p2a: Grimmsnarl|47/100 tox|[from] Stealth Rock
|turn|24
|
|t:|1758290051
|switch|p1a: Pecharunt|Pecharunt, tera:Ghost|89/100
|-damage|p1a: Pecharunt|76/100|[from] Stealth Rock
|move|p2a: Grimmsnarl|Light Screen|p2a: Grimmsnarl
|-sidestart|p2: Volga123|move: Light Screen
|
|-weather|none
|-damage|p2a: Grimmsnarl|41/100 tox|[from] psn
|upkeep
|turn|25
|
|t:|1758290061
|move|p1a: Pecharunt|Shadow Ball|p2a: Grimmsnarl
|-resisted|p2a: Grimmsnarl
|-damage|p2a: Grimmsnarl|35/100 tox
|move|p2a: Grimmsnarl|Crunch|p1a: Pecharunt
|-supereffective|p1a: Pecharunt
|-damage|p1a: Pecharunt|37/100
|
|-damage|p2a: Grimmsnarl|23/100 tox|[from] psn
|upkeep
|turn|26
|
|t:|1758290066
|switch|p2a: Great Tusk|Great Tusk|59/100
|-damage|p2a: Great Tusk|56/100|[from] Stealth Rock
|move|p1a: Pecharunt|Recover|p1a: Pecharunt
|-heal|p1a: Pecharunt|87/100
|
|-heal|p2a: Great Tusk|62/100|[from] item: Leftovers
|upkeep
|turn|27
|
|t:|1758290072
|move|p1a: Pecharunt|Parting Shot|p2a: Great Tusk
|-unboost|p2a: Great Tusk|atk|1
|-unboost|p2a: Great Tusk|spa|1
|
|t:|1758290073
|switch|p1a: Latios|Latios, M|70/100 brn|[from] Parting Shot
|-damage|p1a: Latios|57/100 brn|[from] Stealth Rock
|move|p2a: Great Tusk|Knock Off|p1a: Latios
|-supereffective|p1a: Latios
|-damage|p1a: Latios|0 fnt
|-enditem|p1a: Latios|Soul Dew|[from] move: Knock Off|[of] p2a: Great Tusk
|faint|p1a: Latios
|
|-heal|p2a: Great Tusk|68/100|[from] item: Leftovers
|upkeep
|
|t:|1758290075
|switch|p1a: Pecharunt|Pecharunt, tera:Ghost|87/100
|-damage|p1a: Pecharunt|75/100|[from] Stealth Rock
|turn|28
|
|t:|1758290082
|-end|p2a: Great Tusk|Protosynthesis|[silent]
|switch|p2a: Grimmsnarl|Grimmsnarl, M|23/100 tox
|-damage|p2a: Grimmsnarl|10/100 tox|[from] Stealth Rock
|move|p1a: Pecharunt|Parting Shot|p2a: Grimmsnarl
|-unboost|p2a: Grimmsnarl|atk|1
|-unboost|p2a: Grimmsnarl|spa|1
|
|-damage|p2a: Grimmsnarl|4/100 tox|[from] psn
|upkeep
|turn|29
|
|t:|1758290086
|move|p1a: Pecharunt|Recover|p1a: Pecharunt
|-heal|p1a: Pecharunt|100/100
|move|p2a: Grimmsnarl|Crunch|p1a: Pecharunt
|-supereffective|p1a: Pecharunt
|-damage|p1a: Pecharunt|73/100
|
|-damage|p2a: Grimmsnarl|0 fnt|[from] psn
|faint|p2a: Grimmsnarl
|upkeep
|
|t:|1758290088
|switch|p2a: Great Tusk|Great Tusk|68/100
|-damage|p2a: Great Tusk|65/100|[from] Stealth Rock
|turn|30
|
|t:|1758290093
|move|p1a: Pecharunt|Parting Shot|p2a: Great Tusk
|-unboost|p2a: Great Tusk|atk|1
|-unboost|p2a: Great Tusk|spa|1
|move|p2a: Great Tusk|Knock Off|p1a: Pecharunt
|-supereffective|p1a: Pecharunt
|-damage|p1a: Pecharunt|52/100
|
|-heal|p2a: Great Tusk|72/100|[from] item: Leftovers
|upkeep
|turn|31
|-message|Volga123 forfeited.
|
|win|fullbodyhakiman
|raw|fullbodyhakiman's rating: 1395 &rarr; <strong>1417</strong><br />(+22 for winning)
|raw|Volga123's rating: 1438 &rarr; <strong>1416</strong><br />(-22 for losing)
|l|☆Volga123
|player|p2|
|l|☆fullbodyhakiman
|player|p1|
