|j|☆Plug Kristmas
|j|☆xilandrekawaiuwu
|t:|1758322633
|gametype|singles
|player|p1|Plug Kristmas|rood|1113
|player|p2|xilandrekawaiuwu|101|1065
|gen|9
|tier|[Gen 9] OU
|rated|
|rule|HP Percentage Mod: HP is shown in percentages
|rule|Endless Battle Clause: Forcing endless battles is banned
|rule|Species Clause: Limit one of each Pokémon
|rule|OHKO Clause: OHKO moves are banned
|rule|Evasion Items Clause: Evasion items are banned
|rule|Evasion Moves Clause: Evasion moves are banned
|rule|Evasion Abilities Clause: Evasion abilities are banned
|rule|Sleep Moves Clause: Sleep-inducing moves are banned
|clearpoke
|poke|p1|Alcremie-Rainbow-Swirl, F|
|poke|p1|Hariyama, F|
|poke|p1|Forretress, F|
|poke|p1|Manaphy|
|poke|p1|Iron Valiant|
|poke|p1|Heatran, M|
|poke|p2|Blaziken, F|
|poke|p2|Scizor, F|
|poke|p2|Goodra-Hisui, F|
|poke|p2|Primarina, M|
|poke|p2|Rotom-Mow|
|poke|p2|Gliscor, F|
|teampreview
|
|t:|1758322647
|teamsize|p1|6
|teamsize|p2|6
|start
|switch|p1a: Manaphy|Manaphy|100/100
|switch|p2a: Gliscor|Gliscor, F|100/100
|turn|1
|
|t:|1758322657
|move|p1a: Manaphy|Tail Glow|p1a: Manaphy
|-boost|p1a: Manaphy|spa|3
|move|p2a: Gliscor|Toxic|p1a: Manaphy
|-status|p1a: Manaphy|tox
|
|-damage|p1a: Manaphy|94/100 tox|[from] psn
|-status|p2a: Gliscor|tox|[from] item: Toxic Orb
|upkeep
|turn|2
|
|t:|1758322667
|move|p1a: Manaphy|Surf|p2a: Gliscor
|-supereffective|p2a: Gliscor
|-damage|p2a: Gliscor|0 fnt
|faint|p2a: Gliscor
|
|-heal|p1a: Manaphy|100/100 tox|[from] item: Leftovers
|-damage|p1a: Manaphy|88/100 tox|[from] psn
|upkeep
|
|t:|1758322683
|switch|p2a: Rotom|Rotom-Mow|100/100
|turn|3
|
|t:|1758322696
|move|p2a: Rotom|Thunderbolt|p1a: Manaphy
|-supereffective|p1a: Manaphy
|-damage|p1a: Manaphy|5/100 tox
|move|p1a: Manaphy|Blizzard|p2a: Rotom|[miss]
|-miss|p1a: Manaphy|p2a: Rotom
|
|-heal|p1a: Manaphy|12/100 tox|[from] item: Leftovers
|-damage|p1a: Manaphy|0 fnt|[from] psn
|faint|p1a: Manaphy
|upkeep
|
|t:|1758322712
|switch|p1a: Forretress|Forretress, F|100/100
|turn|4
|
|t:|1758322717
|move|p2a: Rotom|Thunderbolt|p1a: Forretress
|-damage|p1a: Forretress|30/100
|move|p1a: Forretress|Toxic Spikes|p2a: Rotom
|-sidestart|p2: xilandrekawaiuwu|move: Toxic Spikes
|
|upkeep
|turn|5
|
|t:|1758322725
|move|p2a: Rotom|Thunderbolt|p1a: Forretress
|-damage|p1a: Forretress|0 fnt
|faint|p1a: Forretress
|
|upkeep
|
|t:|1758322732
|switch|p1a: Heatran|Heatran, M|100/100
|-item|p1a: Heatran|Air Balloon
|turn|6
|
|t:|1758322737
|move|p2a: Rotom|Thunderbolt|p1a: Heatran
|-damage|p1a: Heatran|61/100
|-enditem|p1a: Heatran|Air Balloon
|move|p1a: Heatran|Flamethrower|p2a: Rotom
|-supereffective|p2a: Rotom
|-damage|p2a: Rotom|0 fnt
|faint|p2a: Rotom
|
|upkeep
|
|t:|1758322750
|switch|p2a: Blaziken|Blaziken, F|100/100
|-status|p2a: Blaziken|psn
|turn|7
|
|t:|1758322769
|-terastallize|p1a: Heatran|Fire
|move|p2a: Blaziken|Close Combat|p1a: Heatran
|-damage|p1a: Heatran|0 fnt
|-unboost|p2a: Blaziken|def|1
|-unboost|p2a: Blaziken|spd|1
|faint|p1a: Heatran
|-damage|p2a: Blaziken|91/100 psn|[from] item: Life Orb
|
|-damage|p2a: Blaziken|78/100 psn|[from] psn
|-ability|p2a: Blaziken|Speed Boost|boost
|-boost|p2a: Blaziken|spe|1
|upkeep
|
|t:|1758322791
|switch|p1a: Alcremie|Alcremie-Rainbow-Swirl, F|100/100
|turn|8
|
|t:|1758322812
|move|p2a: Blaziken|Close Combat|p1a: Alcremie
|-resisted|p1a: Alcremie
|-damage|p1a: Alcremie|46/100
|-unboost|p2a: Blaziken|def|1
|-unboost|p2a: Blaziken|spd|1
|-damage|p2a: Blaziken|68/100 psn|[from] item: Life Orb
|move|p1a: Alcremie|Draining Kiss|p2a: Blaziken
|-damage|p2a: Blaziken|14/100 psn
|-heal|p1a: Alcremie|82/100|[from] drain|[of] p2a: Blaziken
|
|-heal|p1a: Alcremie|88/100|[from] item: Leftovers
|-damage|p2a: Blaziken|2/100 psn|[from] psn
|-ability|p2a: Blaziken|Speed Boost|boost
|-boost|p2a: Blaziken|spe|1
|upkeep
|turn|9
|
|t:|1758322827
|move|p2a: Blaziken|Close Combat|p1a: Alcremie
|-resisted|p1a: Alcremie
|-damage|p1a: Alcremie|31/100
|-unboost|p2a: Blaziken|def|1
|-unboost|p2a: Blaziken|spd|1
|-damage|p2a: Blaziken|0 fnt|[from] item: Life Orb
|faint|p2a: Blaziken
|move|p1a: Alcremie|Recover|p1a: Alcremie
|-heal|p1a: Alcremie|81/100
|
|-heal|p1a: Alcremie|87/100|[from] item: Leftovers
|upkeep
|
|t:|1758322839
|switch|p2a: Scizor|Scizor, F|100/100
|turn|10
|
|t:|1758322847
|switch|p1a: Hariyama|Hariyama, F|100/100
|move|p2a: Scizor|Bullet Punch|p1a: Hariyama
|-damage|p1a: Hariyama|61/100
|
|-status|p1a: Hariyama|brn|[from] item: Flame Orb
|upkeep
|turn|11
|
|t:|1758322873
|move|p2a: Scizor|Bullet Punch|p1a: Hariyama
|-damage|p1a: Hariyama|14/100 brn
|move|p1a: Hariyama|Close Combat|p2a: Scizor
|-damage|p2a: Scizor|11/100
|-unboost|p1a: Hariyama|def|1
|-unboost|p1a: Hariyama|spd|1
|
|-damage|p1a: Hariyama|8/100 brn|[from] brn
|upkeep
|turn|12
|inactive|Battle timer is ON: inactive players will automatically lose when time's up. (requested by xilandrekawaiuwu)
|
|t:|1758322909
|move|p2a: Scizor|Bullet Punch|p1a: Hariyama
|-damage|p1a: Hariyama|0 fnt
|faint|p1a: Hariyama
|
|upkeep
|
|t:|1758322915
|switch|p1a: Iron Valiant|Iron Valiant|100/100
|-enditem|p1a: Iron Valiant|Booster Energy
|-activate|p1a: Iron Valiant|ability: Quark Drive|[fromitem]
|-start|p1a: Iron Valiant|quarkdrivespe
|turn|13
|
|t:|1758322922
|move|p2a: Scizor|Bullet Punch|p1a: Iron Valiant
|-supereffective|p1a: Iron Valiant
|-damage|p1a: Iron Valiant|0 fnt
|faint|p1a: Iron Valiant
|-end|p1a: Iron Valiant|Quark Drive|[silent]
|
|upkeep
|
|t:|1758322928
|switch|p1a: Alcremie|Alcremie-Rainbow-Swirl, F|87/100
|turn|14
|
|t:|1758322932
|move|p2a: Scizor|Bullet Punch|p1a: Alcremie
|-supereffective|p1a: Alcremie
|-damage|p1a: Alcremie|0 fnt
|faint|p1a: Alcremie
|
|win|xilandrekawaiuwu
|raw|Plug Kristmas's rating: 1113 &rarr; <strong>1085</strong><br />(-28 for losing)
|raw|xilandrekawaiuwu's rating: 1065 &rarr; <strong>1099</strong><br />(+34 for winning)
|l|☆xilandrekawaiuwu
|player|p2|
|l|☆Plug Kristmas
|player|p1|
