|j|☆ExecutiveExeggcute
|j|☆TheMarshyBoi
|t:|1758234507
|gametype|singles
|player|p1|ExecutiveExeggcute|265|1430
|player|p2|TheMarshyBoi|cynthia|1380
|gen|9
|tier|[Gen 9] OU
|rated|
|rule|HP Percentage Mod: HP is shown in percentages
|rule|Endless Battle Clause: Forcing endless battles is banned
|rule|Species Clause: Limit one of each Pokémon
|rule|OHKO Clause: OHKO moves are banned
|rule|Evasion Items Clause: Evasion items are banned
|rule|Evasion Moves Clause: Evasion moves are banned
|rule|Evasion Abilities Clause: Evasion abilities are banned
|rule|Sleep Moves Clause: Sleep-inducing moves are banned
|clearpoke
|poke|p1|Indeedee, M|
|poke|p1|Armarouge, M|
|poke|p1|Hawlucha, M|
|poke|p1|Polteageist-Antique|
|poke|p1|Morpeko, M|
|poke|p1|Glaceon, F|
|poke|p2|Ogerpon, F|
|poke|p2|Raging Bolt|
|poke|p2|Slowking-Galar, M|
|poke|p2|Ting-Lu|
|poke|p2|Iron Crown|
|poke|p2|Great Tusk|
|teampreview
|
|t:|1758234518
|teamsize|p1|6
|teamsize|p2|6
|start
|switch|p1a: Short King|Hawlucha, M|100/100
|switch|p2a: Ting-Lu|Ting-Lu|100/100
|-ability|p2a: Ting-Lu|Vessel of Ruin
|turn|1
|
|t:|1758234526
|switch|p2a: Slowking|Slowking-Galar, M|100/100
|move|p1a: Short King|Swords Dance|p1a: Short King
|-boost|p1a: Short King|atk|2
|
|upkeep
|turn|2
|
|t:|1758234531
|move|p1a: Short King|Throat Chop|p2a: Slowking
|-supereffective|p2a: Slowking
|-enditem|p2a: Slowking|Colbur Berry|[eat]
|-enditem|p2a: Slowking|Colbur Berry|[weaken]
|-damage|p2a: Slowking|66/100
|-start|p2a: Slowking|Throat Chop|[silent]
|move|p2a: Slowking|Thunder Wave|p1a: Short King
|-status|p1a: Short King|par
|
|upkeep
|turn|3
|
|t:|1758234546
|move|p1a: Short King|Close Combat|p2a: Slowking
|-resisted|p2a: Slowking
|-damage|p2a: Slowking|47/100
|-unboost|p1a: Short King|def|1
|-unboost|p1a: Short King|spd|1
|-prepare|p2a: Slowking|Chilly Reception|[premajor]
|move|p2a: Slowking|Chilly Reception|p2a: Slowking
|-weather|Snowscape
|
|t:|1758234555
|switch|p2a: Raging Bolt|Raging Bolt|100/100|[from] Chilly Reception
|
|-weather|Snowscape|[upkeep]
|upkeep
|turn|4
|
|t:|1758234570
|switch|p1a: Hampter|Morpeko, M, shiny|100/100
|move|p2a: Raging Bolt|Volt Switch|p1a: Hampter
|-resisted|p1a: Hampter
|-damage|p1a: Hampter|35/100
|
|t:|1758234582
|-end|p2a: Raging Bolt|Protosynthesis|[silent]
|switch|p2a: Ting-Lu|Ting-Lu|100/100|[from] Volt Switch
|-ability|p2a: Ting-Lu|Vessel of Ruin
|
|-weather|Snowscape|[upkeep]
|-formechange|p1a: Hampter|Morpeko-Hangry||[from] ability: Hunger Switch
|upkeep
|turn|5
|
|t:|1758234585
|move|p1a: Hampter|Taunt|p2a: Ting-Lu
|-start|p2a: Ting-Lu|move: Taunt
|cant|p2a: Ting-Lu|move: Taunt|Stealth Rock
|
|-weather|Snowscape|[upkeep]
|-formechange|p1a: Hampter|Morpeko||[from] ability: Hunger Switch
|upkeep
|turn|6
|
|t:|1758234591
|move|p1a: Hampter|Parting Shot|p2a: Ting-Lu
|-unboost|p2a: Ting-Lu|atk|1
|-unboost|p2a: Ting-Lu|spa|1
|
|t:|1758234597
|switch|p1a: Emma Frost|Glaceon, F, shiny|100/100|[from] Parting Shot
|move|p2a: Ting-Lu|Ruination|p1a: Emma Frost
|-damage|p1a: Emma Frost|51/100
|
|-weather|Snowscape|[upkeep]
|-heal|p1a: Emma Frost|57/100|[from] ability: Ice Body
|upkeep
|turn|7
|
|t:|1758234608
|switch|p2a: Iron Crown|Iron Crown|100/100
|move|p1a: Emma Frost|Ice Beam|p2a: Iron Crown
|-resisted|p2a: Iron Crown
|-damage|p2a: Iron Crown|84/100
|-status|p2a: Iron Crown|frz
|
|-weather|none
|upkeep
|turn|8
|
|t:|1758234619
|switch|p1a: Hampter|Morpeko, M, shiny|35/100
|cant|p2a: Iron Crown|frz
|
|-formechange|p1a: Hampter|Morpeko-Hangry||[from] ability: Hunger Switch
|upkeep
|turn|9
|
|t:|1758234626
|cant|p2a: Iron Crown|frz
|move|p1a: Hampter|Aura Wheel|p2a: Iron Crown
|-supereffective|p2a: Iron Crown
|-damage|p2a: Iron Crown|0 fnt
|-boost|p1a: Hampter|spe|1
|faint|p2a: Iron Crown
|-end|p2a: Iron Crown|Quark Drive|[silent]
|
|-formechange|p1a: Hampter|Morpeko||[from] ability: Hunger Switch
|upkeep
|
|t:|1758234632
|switch|p2a: Raging Bolt|Raging Bolt|100/100
|turn|10
|
|t:|1758234636
|move|p1a: Hampter|Parting Shot|p2a: Raging Bolt
|-unboost|p2a: Raging Bolt|atk|1
|-unboost|p2a: Raging Bolt|spa|1
|
|t:|1758234648
|switch|p1a: Femboy Maid|Indeedee, M|100/100|[from] Parting Shot
|-fieldstart|move: Psychic Terrain|[from] ability: Psychic Surge|[of] p1a: Femboy Maid
|move|p2a: Raging Bolt|Volt Switch|p1a: Femboy Maid
|-damage|p1a: Femboy Maid|45/100
|
|t:|1758234655
|-end|p2a: Raging Bolt|Protosynthesis|[silent]
|switch|p2a: Ogerpon|Ogerpon, F|100/100|[from] Volt Switch
|
|upkeep
|turn|11
|
|t:|1758234659
|switch|p1a: Gacha Eyes|Armarouge, M, shiny|100/100
|move|p2a: Ogerpon|U-turn|p1a: Gacha Eyes
|-damage|p1a: Gacha Eyes|60/100
|-ability|p1a: Gacha Eyes|Weak Armor|boost
|-unboost|p1a: Gacha Eyes|def|1
|-boost|p1a: Gacha Eyes|spe|2
|
|t:|1758234663
|switch|p2a: Ting-Lu|Ting-Lu|100/100|[from] U-turn
|-ability|p2a: Ting-Lu|Vessel of Ruin
|
|upkeep
|turn|12
|
|t:|1758234667
|move|p1a: Gacha Eyes|Armor Cannon|p2a: Ting-Lu
|-damage|p2a: Ting-Lu|55/100
|-unboost|p1a: Gacha Eyes|def|1
|-unboost|p1a: Gacha Eyes|spd|1
|move|p2a: Ting-Lu|Earthquake|p1a: Gacha Eyes
|-supereffective|p1a: Gacha Eyes
|-damage|p1a: Gacha Eyes|0 fnt
|faint|p1a: Gacha Eyes
|
|-heal|p2a: Ting-Lu|62/100|[from] item: Leftovers
|upkeep
|
|t:|1758234683
|switch|p1a: Emma Frost|Glaceon, F, shiny|57/100
|turn|13
|
|t:|1758234689
|switch|p2a: Slowking|Slowking-Galar, M|81/100
|move|p1a: Emma Frost|Ice Beam|p2a: Slowking
|-damage|p2a: Slowking|44/100
|
|upkeep
|turn|14
|
|t:|1758234698
|switch|p1a: Hampter|Morpeko, M, shiny|35/100
|-prepare|p2a: Slowking|Chilly Reception|[premajor]
|move|p2a: Slowking|Chilly Reception|p2a: Slowking
|-weather|Snowscape
|
|t:|1758234702
|switch|p2a: Ogerpon|Ogerpon, F|100/100|[from] Chilly Reception
|
|-weather|Snowscape|[upkeep]
|-formechange|p1a: Hampter|Morpeko-Hangry||[from] ability: Hunger Switch
|upkeep
|turn|15
|
|t:|1758234713
|switch|p1a: Emma Frost|Glaceon, F, shiny|57/100
|-terastallize|p2a: Ogerpon|Grass
|detailschange|p2a: Ogerpon|Ogerpon-Teal-Tera, F, tera:Grass
|-ability|p2a: Ogerpon|Embody Aspect (Teal)|boost
|-boost|p2a: Ogerpon|spe|1
|move|p2a: Ogerpon|U-turn|p1a: Emma Frost
|-damage|p1a: Emma Frost|29/100
|
|t:|1758234718
|switch|p2a: Great Tusk|Great Tusk|100/100|[from] U-turn
|
|-weather|Snowscape|[upkeep]
|-heal|p1a: Emma Frost|34/100|[from] ability: Ice Body
|upkeep
|turn|16
|
|t:|1758234725
|move|p1a: Emma Frost|Ice Beam|p2a: Great Tusk
|-supereffective|p2a: Great Tusk
|-damage|p2a: Great Tusk|0 fnt
|faint|p2a: Great Tusk
|-end|p2a: Great Tusk|Protosynthesis|[silent]
|
|-weather|Snowscape|[upkeep]
|-heal|p1a: Emma Frost|40/100|[from] ability: Ice Body
|upkeep
|
|t:|1758234732
|switch|p2a: Slowking|Slowking-Galar, M|77/100
|turn|17
|
|t:|1758234738
|switch|p1a: Hampter|Morpeko, M, shiny|35/100
|move|p2a: Slowking|Sludge Bomb|p1a: Hampter
|-damage|p1a: Hampter|0 fnt
|faint|p1a: Hampter
|
|-weather|Snowscape|[upkeep]
|-fieldend|move: Psychic Terrain
|upkeep
|
|t:|1758234744
|switch|p1a: Femboy Maid|Indeedee, M|45/100
|-fieldstart|move: Psychic Terrain|[from] ability: Psychic Surge|[of] p1a: Femboy Maid
|turn|18
|
|t:|1758234753
|switch|p2a: Ting-Lu|Ting-Lu|62/100
|-ability|p2a: Ting-Lu|Vessel of Ruin
|move|p1a: Femboy Maid|Healing Wish|p1a: Femboy Maid
|faint|p1a: Femboy Maid
|
|-weather|none
|-heal|p2a: Ting-Lu|68/100|[from] item: Leftovers
|upkeep
|
|t:|1758234764
|switch|p1a: Body Tea|Polteageist-Antique, shiny|100/100
|turn|19
|
|t:|1758234768
|move|p1a: Body Tea|Shell Smash|p1a: Body Tea
|-unboost|p1a: Body Tea|def|1
|-unboost|p1a: Body Tea|spd|1
|-boost|p1a: Body Tea|atk|2
|-boost|p1a: Body Tea|spa|2
|-boost|p1a: Body Tea|spe|2
|move|p2a: Ting-Lu|Whirlwind|p1a: Body Tea
|drag|p1a: Emma Frost|Glaceon, F, shiny|40/100
|-heal|p1a: Emma Frost|100/100|[from] move: Healing Wish
|
|-heal|p2a: Ting-Lu|74/100|[from] item: Leftovers
|upkeep
|turn|20
|
|t:|1758234783
|switch|p2a: Slowking|Slowking-Galar, M|100/100
|move|p1a: Emma Frost|Ice Beam|p2a: Slowking
|-damage|p2a: Slowking|60/100
|
|upkeep
|turn|21
|
|t:|1758234794
|move|p1a: Emma Frost|Ice Beam|p2a: Slowking
|-damage|p2a: Slowking|21/100
|move|p2a: Slowking|Flamethrower|p1a: Emma Frost
|-supereffective|p1a: Emma Frost
|-damage|p1a: Emma Frost|41/100
|
|upkeep
|turn|22
|
|t:|1758234801
|switch|p2a: Ting-Lu|Ting-Lu|74/100
|-ability|p2a: Ting-Lu|Vessel of Ruin
|move|p1a: Emma Frost|Ice Beam|p2a: Ting-Lu
|-supereffective|p2a: Ting-Lu
|-damage|p2a: Ting-Lu|36/100
|
|-heal|p2a: Ting-Lu|43/100|[from] item: Leftovers
|upkeep
|turn|23
|
|t:|1758234808
|move|p1a: Emma Frost|Ice Beam|p2a: Ting-Lu
|-supereffective|p2a: Ting-Lu
|-damage|p2a: Ting-Lu|0 fnt
|faint|p2a: Ting-Lu
|
|upkeep
|
|t:|1758234811
|switch|p2a: Ogerpon|Ogerpon-Teal-Tera, F, tera:Grass|100/100
|-ability|p2a: Ogerpon|Embody Aspect (Teal)|boost
|-boost|p2a: Ogerpon|spe|1
|turn|24
|
|t:|1758234822
|switch|p1a: Short King|Hawlucha, M|100/100 par
|-enditem|p1a: Short King|Psychic Seed
|-boost|p1a: Short King|spd|1|[from] item: Psychic Seed
|move|p2a: Ogerpon|Ivy Cudgel|p1a: Short King
|-resisted|p1a: Short King
|-damage|p1a: Short King|15/100 par
|
|upkeep
|turn|25
|
|t:|1758234836
|move|p2a: Ogerpon|Ivy Cudgel|p1a: Short King
|-resisted|p1a: Short King
|-damage|p1a: Short King|0 fnt
|faint|p1a: Short King
|
|-fieldend|move: Psychic Terrain
|upkeep
|
|t:|1758234837
|switch|p1a: Body Tea|Polteageist-Antique, shiny|100/100
|turn|26
|
|t:|1758234850
|move|p2a: Ogerpon|Ivy Cudgel|p1a: Body Tea
|-enditem|p1a: Body Tea|Focus Sash
|-damage|p1a: Body Tea|1/100
|-ability|p1a: Body Tea|Weak Armor|boost
|-unboost|p1a: Body Tea|def|1
|-boost|p1a: Body Tea|spe|2
|move|p1a: Body Tea|Shell Smash|p1a: Body Tea
|-unboost|p1a: Body Tea|def|1
|-unboost|p1a: Body Tea|spd|1
|-boost|p1a: Body Tea|atk|2
|-boost|p1a: Body Tea|spa|2
|-boost|p1a: Body Tea|spe|2
|
|upkeep
|turn|27
|
|t:|1758234859
|move|p1a: Body Tea|Stored Power|p2a: Ogerpon
|-damage|p2a: Ogerpon|0 fnt
|faint|p2a: Ogerpon
|detailschange|p2: Ogerpon|Ogerpon, F|[silent]
|
|upkeep
|
|t:|1758234862
|switch|p2a: Raging Bolt|Raging Bolt|100/100
|turn|28
|
|t:|1758234869
|move|p2a: Raging Bolt|Thunderclap|p1a: Body Tea
|-damage|p1a: Body Tea|0 fnt
|faint|p1a: Body Tea
|
|upkeep
|
|t:|1758234870
|switch|p1a: Emma Frost|Glaceon, F, shiny|41/100
|turn|29
|
|t:|1758234874
|-terastallize|p1a: Emma Frost|Ground
|move|p2a: Raging Bolt|Thunderclap|p1a: Emma Frost
|-immune|p1a: Emma Frost
|move|p1a: Emma Frost|Tera Blast|p2a: Raging Bolt|[anim] Tera Blast Ground
|-supereffective|p2a: Raging Bolt
|-damage|p2a: Raging Bolt|13/100
|
|upkeep
|turn|30
|
|t:|1758234881
|-end|p2a: Raging Bolt|Protosynthesis|[silent]
|switch|p2a: Slowking|Slowking-Galar, M|54/100
|move|p1a: Emma Frost|Tera Blast|p2a: Slowking|[anim] Tera Blast Ground
|-supereffective|p2a: Slowking
|-damage|p2a: Slowking|0 fnt
|faint|p2a: Slowking
|
|upkeep
|
|t:|1758234884
|switch|p2a: Raging Bolt|Raging Bolt|13/100
|turn|31
|c|☆ExecutiveExeggcute|Holy clutch
|c|☆ExecutiveExeggcute|ggs
|
|t:|1758234892
|move|p1a: Emma Frost|Tera Blast|p2a: Raging Bolt|[anim] Tera Blast Ground
|-supereffective|p2a: Raging Bolt
|-crit|p2a: Raging Bolt
|-damage|p2a: Raging Bolt|0 fnt
|faint|p2a: Raging Bolt
|-end|p2a: Raging Bolt|Protosynthesis|[silent]
|
|win|ExecutiveExeggcute
|raw|ExecutiveExeggcute's rating: 1430 &rarr; <strong>1447</strong><br />(+17 for winning)
|raw|TheMarshyBoi's rating: 1380 &rarr; <strong>1363</strong><br />(-17 for losing)
|l|☆TheMarshyBoi
|player|p2|
