|j|☆chaintrainalt
|j|☆starkkklll
|t:|1758343440
|gametype|singles
|player|p1|chaintrainalt|cyclistf|1153
|player|p2|starkkklll|101|1108
|gen|9
|tier|[Gen 9] OU
|rated|
|rule|HP Percentage Mod: HP is shown in percentages
|rule|Endless Battle Clause: Forcing endless battles is banned
|rule|Species Clause: Limit one of each Pokémon
|rule|OHKO Clause: OHKO moves are banned
|rule|Evasion Items Clause: Evasion items are banned
|rule|Evasion Moves Clause: Evasion moves are banned
|rule|Evasion Abilities Clause: Evasion abilities are banned
|rule|Sleep Moves Clause: Sleep-inducing moves are banned
|clearpoke
|poke|p1|Ribombee, F|
|poke|p1|Gholdengo|
|poke|p1|Garchomp, F|
|poke|p1|Iron Moth|
|poke|p1|Iron Valiant|
|poke|p1|Samurott-Hisui, M|
|poke|p2|Iron Crown|
|poke|p2|Iron Boulder|
|poke|p2|Iron Leaves|
|poke|p2|Moltres-Galar|
|poke|p2|Articuno-Galar|
|poke|p2|Zapdos-Galar|
|teampreview
|inactive|Battle timer is ON: inactive players will automatically lose when time's up. (requested by chaintrainalt)
|
|t:|1758343459
|teamsize|p1|6
|teamsize|p2|6
|start
|switch|p1a: Ribombee|Ribombee, F|100/100
|switch|p2a: Moltres|Moltres-Galar|100/100
|turn|1
|
|t:|1758343469
|move|p1a: Ribombee|Sticky Web|p2a: Moltres
|-sidestart|p2: starkkklll|move: Sticky Web
|move|p2a: Moltres|Air Slash|p1a: Ribombee
|-supereffective|p1a: Ribombee
|-enditem|p1a: Ribombee|Focus Sash
|-damage|p1a: Ribombee|1/100
|
|upkeep
|turn|2
|
|t:|1758343477
|move|p1a: Ribombee|Moonblast|p2a: Moltres
|-supereffective|p2a: Moltres
|-damage|p2a: Moltres|37/100
|-unboost|p2a: Moltres|spa|1
|-ability|p2a: Moltres|Berserk|boost
|-boost|p2a: Moltres|spa|1
|move|p2a: Moltres|Air Slash|p1a: Ribombee
|-supereffective|p1a: Ribombee
|-damage|p1a: Ribombee|0 fnt
|faint|p1a: Ribombee
|
|upkeep
|
|t:|1758343486
|switch|p1a: Iron Moth|Iron Moth|100/100
|-enditem|p1a: Iron Moth|Booster Energy
|-activate|p1a: Iron Moth|ability: Quark Drive|[fromitem]
|-start|p1a: Iron Moth|quarkdrivespa
|turn|3
|
|t:|1758343493
|move|p1a: Iron Moth|Fiery Dance|p2a: Moltres
|-damage|p2a: Moltres|0 fnt
|faint|p2a: Moltres
|
|upkeep
|
|t:|1758343504
|switch|p2a: Iron Boulder|Iron Boulder|100/100
|-activate|p2a: Iron Boulder|move: Sticky Web
|-unboost|p2a: Iron Boulder|spe|1
|-enditem|p2a: Iron Boulder|Booster Energy
|-activate|p2a: Iron Boulder|ability: Quark Drive|[fromitem]
|-start|p2a: Iron Boulder|quarkdriveatk
|turn|4
|
|t:|1758343523
|-terastallize|p1a: Iron Moth|Ground
|move|p1a: Iron Moth|Tera Blast|p2a: Iron Boulder|[anim] Tera Blast Ground
|-supereffective|p2a: Iron Boulder
|-damage|p2a: Iron Boulder|0 fnt
|faint|p2a: Iron Boulder
|-end|p2a: Iron Boulder|Quark Drive|[silent]
|
|upkeep
|
|t:|1758343533
|switch|p2a: Articuno|Articuno-Galar|100/100
|turn|5
|
|t:|1758343541
|move|p1a: Iron Moth|Overheat|p2a: Articuno
|-damage|p2a: Articuno|9/100
|-unboost|p1a: Iron Moth|spa|2
|move|p2a: Articuno|Freezing Glare|p1a: Iron Moth
|-crit|p1a: Iron Moth
|-damage|p1a: Iron Moth|0 fnt
|faint|p1a: Iron Moth
|-end|p1a: Iron Moth|Quark Drive|[silent]
|-damage|p2a: Articuno|0 fnt|[from] item: Life Orb
|faint|p2a: Articuno
|
|upkeep
|-message|starkkklll forfeited.
|
|win|chaintrainalt
|raw|chaintrainalt's rating: 1153 &rarr; <strong>1175</strong><br />(+22 for winning)
|raw|starkkklll's rating: 1108 &rarr; <strong>1086</strong><br />(-22 for losing)
|l|☆starkkklll
|player|p2|
|l|☆chaintrainalt
|player|p1|
