|j|☆BestLink
|j|☆javiconb
|t:|1758274254
|gametype|singles
|player|p1|BestLink|cynthia-gen4|1216
|player|p2|javiconb|266|1266
|gen|9
|tier|[Gen 9] OU
|rated|
|rule|HP Percentage Mod: HP is shown in percentages
|rule|Endless Battle Clause: Forcing endless battles is banned
|rule|Species Clause: Limit one of each Pokémon
|rule|OHKO Clause: OHKO moves are banned
|rule|Evasion Items Clause: Evasion items are banned
|rule|Evasion Moves Clause: Evasion moves are banned
|rule|Evasion Abilities Clause: Evasion abilities are banned
|rule|Sleep Moves Clause: Sleep-inducing moves are banned
|clearpoke
|poke|p1|Gliscor, M|
|poke|p1|Raikou|
|poke|p1|Cinderace, F|
|poke|p1|Great Tusk|
|poke|p1|Ditto|
|poke|p1|Primarina, M|
|poke|p2|Dragonite, F|
|poke|p2|Grimmsnarl, M|
|poke|p2|Enamorus, F|
|poke|p2|Great Tusk|
|poke|p2|Scizor, F|
|poke|p2|Raging Bolt|
|teampreview
|
|t:|1758274281
|teamsize|p1|6
|teamsize|p2|6
|start
|switch|p1a: Raikou|Raikou|100/100
|switch|p2a: Great Tusk|Great Tusk|100/100
|-ability|p1a: Raikou|Pressure
|-enditem|p2a: Great Tusk|Booster Energy
|-activate|p2a: Great Tusk|ability: Protosynthesis|[fromitem]
|-start|p2a: Great Tusk|protosynthesisspe
|turn|1
|
|t:|1758274289
|move|p2a: Great Tusk|Stealth Rock|p1a: Raikou
|-sidestart|p1: BestLink|move: Stealth Rock
|move|p1a: Raikou|Scald|p2a: Great Tusk
|-supereffective|p2a: Great Tusk
|-damage|p2a: Great Tusk|47/100
|-status|p2a: Great Tusk|brn
|
|-damage|p2a: Great Tusk|41/100 brn|[from] brn
|upkeep
|turn|2
|
|t:|1758274298
|switch|p1a: Gliscor|Gliscor, M|100/100
|-damage|p1a: Gliscor|88/100|[from] Stealth Rock
|move|p2a: Great Tusk|Headlong Rush|p1a: Gliscor
|-immune|p1a: Gliscor
|
|-damage|p2a: Great Tusk|35/100 brn|[from] brn
|-status|p1a: Gliscor|tox|[from] item: Toxic Orb
|upkeep
|turn|3
|inactive|Battle timer is ON: inactive players will automatically lose when time's up. (requested by javiconb)
|
|t:|1758274316
|switch|p1a: Primarina|Primarina, M|100/100
|-damage|p1a: Primarina|88/100|[from] Stealth Rock
|move|p2a: Great Tusk|Ice Spinner|p1a: Primarina
|-resisted|p1a: Primarina
|-damage|p1a: Primarina|81/100
|
|-damage|p2a: Great Tusk|29/100 brn|[from] brn
|upkeep
|turn|4
|
|t:|1758274331
|-end|p2a: Great Tusk|Protosynthesis|[silent]
|switch|p2a: Scizor|Scizor, F|100/100
|move|p1a: Primarina|Aqua Jet|p2a: Scizor
|-damage|p2a: Scizor|89/100
|
|upkeep
|turn|5
|
|t:|1758274346
|switch|p1a: Cinderace|Cinderace, F|100/100
|move|p2a: Scizor|Knock Off|p1a: Cinderace
|-damage|p1a: Cinderace|46/100
|-enditem|p1a: Cinderace|Heavy-Duty Boots|[from] move: Knock Off|[of] p2a: Scizor
|
|upkeep
|turn|6
|
|t:|1758274358
|move|p2a: Scizor|Bullet Punch|p1a: Cinderace
|-resisted|p1a: Cinderace
|-damage|p1a: Cinderace|18/100
|move|p1a: Cinderace|Pyro Ball|p2a: Scizor
|-supereffective|p2a: Scizor
|-damage|p2a: Scizor|0 fnt
|faint|p2a: Scizor
|
|upkeep
|
|t:|1758274379
|switch|p2a: Enamorus|Enamorus, F|100/100
|turn|7
|
|t:|1758274384
|move|p2a: Enamorus|Moonblast|p1a: Cinderace
|-resisted|p1a: Cinderace
|-damage|p1a: Cinderace|0 fnt
|faint|p1a: Cinderace
|
|upkeep
|
|t:|1758274388
|switch|p1a: Raikou|Raikou|100/100
|-ability|p1a: Raikou|Pressure
|turn|8
|
|t:|1758274398
|switch|p2a: Great Tusk|Great Tusk|29/100 brn
|move|p1a: Raikou|Scald|p2a: Great Tusk
|-supereffective|p2a: Great Tusk
|-damage|p2a: Great Tusk|0 fnt
|faint|p2a: Great Tusk
|-end|p2a: Great Tusk|Protosynthesis|[silent]
|
|upkeep
|
|t:|1758274423
|switch|p2a: Grimmsnarl|Grimmsnarl, M|100/100
|turn|9
|
|t:|1758274429
|move|p2a: Grimmsnarl|Light Screen|p2a: Grimmsnarl
|-sidestart|p2: javiconb|move: Light Screen
|move|p1a: Raikou|Volt Switch|p2a: Grimmsnarl
|-damage|p2a: Grimmsnarl|90/100
|
|t:|1758274438
|switch|p1a: Great Tusk|Great Tusk|100/100|[from] Volt Switch
|-damage|p1a: Great Tusk|98/100|[from] Stealth Rock
|-enditem|p1a: Great Tusk|Booster Energy
|-activate|p1a: Great Tusk|ability: Protosynthesis|[fromitem]
|-start|p1a: Great Tusk|protosynthesisatk
|
|upkeep
|turn|10
|l|☆BestLink
|inactive|BestLink disconnected and has a minute to reconnect!
|player|p1|
|j|☆BestLink
|inactive|BestLink reconnected and has 140 seconds left.
|player|p1|BestLink|cynthia-gen4|
|
|t:|1758274455
|move|p2a: Grimmsnarl|Reflect|p2a: Grimmsnarl
|-sidestart|p2: javiconb|Reflect
|move|p1a: Great Tusk|Rapid Spin|p2a: Grimmsnarl
|-damage|p2a: Grimmsnarl|76/100
|-boost|p1a: Great Tusk|spe|1
|-sideend|p1: BestLink|Stealth Rock|[from] move: Rapid Spin|[of] p1a: Great Tusk
|
|upkeep
|turn|11
|
|t:|1758274462
|move|p1a: Great Tusk|Stealth Rock|p2a: Grimmsnarl
|-sidestart|p2: javiconb|move: Stealth Rock
|move|p2a: Grimmsnarl|Spirit Break|p1a: Great Tusk
|-supereffective|p1a: Great Tusk
|-damage|p1a: Great Tusk|55/100
|-unboost|p1a: Great Tusk|spa|1
|
|upkeep
|turn|12
|
|t:|1758274474
|-end|p1a: Great Tusk|Protosynthesis|[silent]
|switch|p1a: Gliscor|Gliscor, M|88/100 tox
|move|p2a: Grimmsnarl|Spirit Break|p1a: Gliscor
|-damage|p1a: Gliscor|69/100 tox
|-unboost|p1a: Gliscor|spa|1
|
|-heal|p1a: Gliscor|81/100 tox|[from] ability: Poison Heal
|upkeep
|turn|13
|
|t:|1758274489
|move|p2a: Grimmsnarl|Parting Shot|p1a: Gliscor
|-unboost|p1a: Gliscor|atk|1
|-unboost|p1a: Gliscor|spa|1
|
|t:|1758274493
|switch|p2a: Raging Bolt|Raging Bolt|100/100|[from] Parting Shot
|-damage|p2a: Raging Bolt|88/100|[from] Stealth Rock
|-enditem|p2a: Raging Bolt|Booster Energy
|-activate|p2a: Raging Bolt|ability: Protosynthesis|[fromitem]
|-start|p2a: Raging Bolt|protosynthesisspa
|move|p1a: Gliscor|Knock Off|p2a: Raging Bolt
|-damage|p2a: Raging Bolt|83/100
|
|-heal|p1a: Gliscor|93/100 tox|[from] ability: Poison Heal
|upkeep
|turn|14
|
|t:|1758274511
|switch|p1a: Primarina|Primarina, M|81/100
|move|p2a: Raging Bolt|Dragon Pulse|p1a: Primarina
|-immune|p1a: Primarina
|
|upkeep
|turn|15
|
|t:|1758274522
|move|p2a: Raging Bolt|Thunderbolt|p1a: Primarina
|-supereffective|p1a: Primarina
|-damage|p1a: Primarina|2/100
|move|p1a: Primarina|Moonblast|p2a: Raging Bolt
|-supereffective|p2a: Raging Bolt
|-damage|p2a: Raging Bolt|32/100
|
|upkeep
|turn|16
|
|t:|1758274530
|move|p1a: Primarina|Aqua Jet|p2a: Raging Bolt
|-resisted|p2a: Raging Bolt
|-damage|p2a: Raging Bolt|28/100
|move|p2a: Raging Bolt|Thunderbolt|p1a: Primarina
|-supereffective|p1a: Primarina
|-damage|p1a: Primarina|0 fnt
|faint|p1a: Primarina
|
|-sideend|p2: javiconb|move: Light Screen
|upkeep
|
|t:|1758274547
|switch|p1a: Great Tusk|Great Tusk|55/100
|turn|17
|
|t:|1758274554
|move|p1a: Great Tusk|Ice Spinner|p2a: Raging Bolt
|-supereffective|p2a: Raging Bolt
|-damage|p2a: Raging Bolt|3/100
|move|p2a: Raging Bolt|Dragon Pulse|p1a: Great Tusk
|-damage|p1a: Great Tusk|0 fnt
|faint|p1a: Great Tusk
|-end|p1a: Great Tusk|Protosynthesis|[silent]
|
|-sideend|p2: javiconb|Reflect
|upkeep
|
|t:|1758274561
|switch|p1a: Raikou|Raikou|100/100
|-ability|p1a: Raikou|Pressure
|turn|18
|
|t:|1758274566
|move|p2a: Raging Bolt|Thunderclap|p1a: Raikou
|-resisted|p1a: Raikou
|-damage|p1a: Raikou|74/100
|move|p1a: Raikou|Volt Switch|p2a: Raging Bolt
|-resisted|p2a: Raging Bolt
|-damage|p2a: Raging Bolt|0 fnt
|faint|p2a: Raging Bolt
|-end|p2a: Raging Bolt|Protosynthesis|[silent]
|
|t:|1758274575
|switch|p1a: Gliscor|Gliscor, M|93/100 tox|[from] Volt Switch
|
|-heal|p1a: Gliscor|100/100 tox|[from] ability: Poison Heal
|upkeep
|inactive|javiconb has 120 seconds left.
|
|t:|1758274619
|switch|p2a: Enamorus|Enamorus, F|100/100
|-damage|p2a: Enamorus|76/100|[from] Stealth Rock
|turn|19
|
|t:|1758274630
|move|p2a: Enamorus|Moonblast|p1a: Gliscor
|-damage|p1a: Gliscor|55/100 tox
|move|p1a: Gliscor|Knock Off|p2a: Enamorus
|-resisted|p2a: Enamorus
|-damage|p2a: Enamorus|59/100
|-enditem|p2a: Enamorus|Choice Scarf|[from] move: Knock Off|[of] p1a: Gliscor
|
|-heal|p1a: Gliscor|68/100 tox|[from] ability: Poison Heal
|upkeep
|turn|20
|
|t:|1758274639
|move|p1a: Gliscor|Protect|p1a: Gliscor
|-singleturn|p1a: Gliscor|Protect
|move|p2a: Enamorus|Moonblast|p1a: Gliscor
|-activate|p1a: Gliscor|move: Protect
|
|-heal|p1a: Gliscor|80/100 tox|[from] ability: Poison Heal
|upkeep
|turn|21
|
|t:|1758274648
|move|p2a: Enamorus|Moonblast|p1a: Gliscor
|-damage|p1a: Gliscor|33/100 tox
|move|p1a: Gliscor|Swords Dance|p1a: Gliscor
|-boost|p1a: Gliscor|atk|2
|
|-heal|p1a: Gliscor|45/100 tox|[from] ability: Poison Heal
|upkeep
|turn|22
|
|t:|1758274657
|move|p1a: Gliscor|Protect|p1a: Gliscor
|-singleturn|p1a: Gliscor|Protect
|move|p2a: Enamorus|Moonblast|p1a: Gliscor
|-activate|p1a: Gliscor|move: Protect
|
|-heal|p1a: Gliscor|58/100 tox|[from] ability: Poison Heal
|upkeep
|turn|23
|
|t:|1758274666
|move|p2a: Enamorus|Moonblast|p1a: Gliscor
|-damage|p1a: Gliscor|12/100 tox
|move|p1a: Gliscor|Knock Off|p2a: Enamorus
|-resisted|p2a: Enamorus
|-damage|p2a: Enamorus|37/100
|
|-heal|p1a: Gliscor|24/100 tox|[from] ability: Poison Heal
|upkeep
|turn|24
|
|t:|1758274682
|switch|p1a: Raikou|Raikou|74/100
|-ability|p1a: Raikou|Pressure
|move|p2a: Enamorus|Moonblast|p1a: Raikou
|-damage|p1a: Raikou|28/100
|-unboost|p1a: Raikou|spa|1
|
|upkeep
|turn|25
|
|t:|1758274693
|move|p1a: Raikou|Volt Switch|p2a: Enamorus
|-supereffective|p2a: Enamorus
|-damage|p2a: Enamorus|0 fnt
|faint|p2a: Enamorus
|
|t:|1758274697
|switch|p1a: Gliscor|Gliscor, M|24/100 tox|[from] Volt Switch
|
|-heal|p1a: Gliscor|36/100 tox|[from] ability: Poison Heal
|upkeep
|
|t:|1758274720
|switch|p2a: Grimmsnarl|Grimmsnarl, M|76/100
|-damage|p2a: Grimmsnarl|63/100|[from] Stealth Rock
|turn|26
|
|t:|1758274726
|move|p1a: Gliscor|Protect|p1a: Gliscor
|-singleturn|p1a: Gliscor|Protect
|move|p2a: Grimmsnarl|Reflect|p2a: Grimmsnarl
|-sidestart|p2: javiconb|Reflect
|
|-heal|p1a: Gliscor|49/100 tox|[from] ability: Poison Heal
|upkeep
|turn|27
|
|t:|1758274733
|move|p2a: Grimmsnarl|Parting Shot|p1a: Gliscor
|-unboost|p1a: Gliscor|atk|1
|-unboost|p1a: Gliscor|spa|1
|
|t:|1758274735
|switch|p2a: Dragonite|Dragonite, F|100/100|[from] Parting Shot
|-damage|p2a: Dragonite|76/100|[from] Stealth Rock
|move|p1a: Gliscor|Knock Off|p2a: Dragonite
|-damage|p2a: Dragonite|69/100
|-enditem|p2a: Dragonite|Silk Scarf|[from] move: Knock Off|[of] p1a: Gliscor
|
|-heal|p1a: Gliscor|61/100 tox|[from] ability: Poison Heal
|upkeep
|turn|28
|
|t:|1758274751
|move|p2a: Dragonite|Dragon Dance|p2a: Dragonite
|-boost|p2a: Dragonite|atk|1
|-boost|p2a: Dragonite|spe|1
|move|p1a: Gliscor|Knock Off|p2a: Dragonite
|-damage|p2a: Dragonite|63/100
|
|-heal|p1a: Gliscor|74/100 tox|[from] ability: Poison Heal
|upkeep
|turn|29
|
|t:|1758274760
|move|p2a: Dragonite|Dragon Dance|p2a: Dragonite
|-boost|p2a: Dragonite|atk|1
|-boost|p2a: Dragonite|spe|1
|move|p1a: Gliscor|Knock Off|p2a: Dragonite
|-damage|p2a: Dragonite|58/100
|
|-heal|p1a: Gliscor|86/100 tox|[from] ability: Poison Heal
|upkeep
|turn|30
|
|t:|1758274767
|move|p2a: Dragonite|Ice Spinner|p1a: Gliscor
|-supereffective|p1a: Gliscor
|-crit|p1a: Gliscor
|-damage|p1a: Gliscor|0 fnt
|faint|p1a: Gliscor
|
|upkeep
|
|t:|1758274772
|switch|p1a: Ditto|Ditto|100/100
|-transform|p1a: Ditto|p2a: Dragonite|[from] ability: Imposter
|turn|31
|
|t:|1758274781
|-terastallize|p1a: Ditto|Normal
|-terastallize|p2a: Dragonite|Normal
|move|p1a: Ditto|Extreme Speed|p2a: Dragonite
|-damage|p2a: Dragonite|3/100
|move|p2a: Dragonite|Extreme Speed|p1a: Ditto
|-crit|p1a: Ditto
|-damage|p1a: Ditto|10/100
|
|upkeep
|turn|32
|
|t:|1758274798
|move|p1a: Ditto|Extreme Speed|p2a: Dragonite
|-damage|p2a: Dragonite|0 fnt
|faint|p2a: Dragonite
|
|upkeep
|
|t:|1758274802
|switch|p2a: Grimmsnarl|Grimmsnarl, M|63/100
|-damage|p2a: Grimmsnarl|51/100|[from] Stealth Rock
|turn|33
|
|t:|1758274807
|move|p1a: Ditto|Extreme Speed|p2a: Grimmsnarl
|-damage|p2a: Grimmsnarl|0 fnt
|faint|p2a: Grimmsnarl
|
|win|BestLink
|raw|BestLink's rating: 1216 &rarr; <strong>1245</strong><br />(+29 for winning)
|raw|javiconb's rating: 1266 &rarr; <strong>1237</strong><br />(-29 for losing)
|l|☆javiconb
|player|p2|
|l|☆BestLink
|player|p1|
