|j|☆kiarnjd
|j|☆nicolasgimenez
|t:|1758237537
|gametype|singles
|player|p1|kiarnjd|red|1272
|player|p2|nicolasgimenez|101|1274
|gen|9
|tier|[Gen 9] OU
|rated|
|rule|HP Percentage Mod: HP is shown in percentages
|rule|Endless Battle Clause: Forcing endless battles is banned
|rule|Species Clause: Limit one of each Pokémon
|rule|OHKO Clause: OHKO moves are banned
|rule|Evasion Items Clause: Evasion items are banned
|rule|Evasion Moves Clause: Evasion moves are banned
|rule|Evasion Abilities Clause: Evasion abilities are banned
|rule|Sleep Moves Clause: Sleep-inducing moves are banned
|clearpoke
|poke|p1|Thundurus-Therian, M|
|poke|p1|Cinderace, F|
|poke|p1|Quaquaval, F|
|poke|p1|Clefable, F|
|poke|p1|Pecharunt|
|poke|p1|Iron Boulder|
|poke|p2|Diancie|
|poke|p2|Decidueye, M|
|poke|p2|Rillaboom, M|
|poke|p2|Latias, F|
|poke|p2|Toxapex, M|
|poke|p2|Salazzle, F|
|teampreview
|inactive|Battle timer is ON: inactive players will automatically lose when time's up. (requested by kiarnjd)
|l|☆nicolasgimenez
|inactive|nicolasgimenez disconnected and has a minute to reconnect!
|player|p2|
|j|☆nicolasgimenez
|inactive|nicolasgimenez reconnected and has 120 seconds left.
|player|p2|nicolasgimenez|101|
|
|t:|1758237577
|teamsize|p1|6
|teamsize|p2|6
|start
|switch|p1a: Clefable|Clefable, F|100/100
|switch|p2a: Rillaboom|Rillaboom, M|100/100
|-fieldstart|move: Grassy Terrain|[from] ability: Grassy Surge|[of] p2a: Rillaboom
|turn|1
|
|t:|1758237591
|move|p2a: Rillaboom|Wood Hammer|p1a: Clefable
|-damage|p1a: Clefable|30/100
|-damage|p2a: Rillaboom|74/100|[from] Recoil
|move|p1a: Clefable|Thunder Wave|p2a: Rillaboom
|-status|p2a: Rillaboom|par
|
|-heal|p2a: Rillaboom|80/100 par|[from] Grassy Terrain
|-heal|p1a: Clefable|37/100|[from] Grassy Terrain
|-heal|p1a: Clefable|43/100|[from] item: Leftovers
|upkeep
|turn|2
|
|t:|1758237604
|switch|p1a: Thundurus|Thundurus-Therian, M|100/100
|move|p2a: Rillaboom|Wood Hammer|p1a: Thundurus
|-resisted|p1a: Thundurus
|-crit|p1a: Thundurus
|-damage|p1a: Thundurus|0 fnt
|faint|p1a: Thundurus
|-damage|p2a: Rillaboom|51/100 par|[from] Recoil
|
|-heal|p2a: Rillaboom|57/100 par|[from] Grassy Terrain
|upkeep
|c|☆kiarnjd|gg
|inactive|kiarnjd has 120 seconds left.
|c|☆kiarnjd|craziest thing ive seen today
|
|t:|1758237643
|switch|p1a: Cinderace|Cinderace, F|100/100
|turn|3
|
|t:|1758237648
|switch|p2a: Toxapex|Toxapex, M|100/100
|move|p1a: Cinderace|Pyro Ball|p2a: Toxapex
|-resisted|p2a: Toxapex
|-damage|p2a: Toxapex|84/100
|
|-heal|p2a: Toxapex|91/100|[from] Grassy Terrain
|upkeep
|turn|4
|
|t:|1758237659
|move|p1a: Cinderace|U-turn|p2a: Toxapex
|-start|p1a: Cinderace|typechange|Bug|[from] ability: Libero
|-resisted|p2a: Toxapex
|-damage|p2a: Toxapex|80/100
|-damage|p1a: Cinderace|84/100|[from] item: Rocky Helmet|[of] p2a: Toxapex
|
|t:|1758237663
|switch|p1a: Pecharunt|Pecharunt|100/100|[from] U-turn
|move|p2a: Toxapex|Acid Spray|p1a: Pecharunt
|-resisted|p1a: Pecharunt
|-damage|p1a: Pecharunt|98/100
|-unboost|p1a: Pecharunt|spd|2
|
|-heal|p1a: Pecharunt|100/100|[from] Grassy Terrain
|-heal|p2a: Toxapex|86/100|[from] Grassy Terrain
|upkeep
|turn|5
|
|t:|1758237676
|switch|p2a: Salazzle|Salazzle, F|100/100
|move|p1a: Pecharunt|Nasty Plot|p1a: Pecharunt
|-boost|p1a: Pecharunt|spa|2
|
|-fieldend|move: Grassy Terrain
|upkeep
|turn|6
|
|t:|1758237685
|move|p2a: Salazzle|Toxic|p1a: Pecharunt
|-status|p1a: Pecharunt|tox
|move|p1a: Pecharunt|Hex|p2a: Salazzle
|-damage|p2a: Salazzle|15/100
|
|-heal|p2a: Salazzle|21/100|[from] item: Black Sludge
|-damage|p1a: Pecharunt|95/100 tox|[from] psn
|upkeep
|turn|7
|
|t:|1758237695
|move|p2a: Salazzle|Flamethrower|p1a: Pecharunt
|-damage|p1a: Pecharunt|6/100 tox
|move|p1a: Pecharunt|Hex|p2a: Salazzle
|-damage|p2a: Salazzle|0 fnt
|faint|p2a: Salazzle
|
|-damage|p1a: Pecharunt|0 fnt|[from] psn
|faint|p1a: Pecharunt
|upkeep
|
|t:|1758237713
|switch|p2a: Rillaboom|Rillaboom, M|57/100 par
|switch|p1a: Cinderace|Cinderace, F|84/100
|-fieldstart|move: Grassy Terrain|[from] ability: Grassy Surge|[of] p2a: Rillaboom
|turn|8
|
|t:|1758237723
|switch|p2a: Toxapex|Toxapex, M|100/100
|move|p1a: Cinderace|Pyro Ball|p2a: Toxapex
|-resisted|p2a: Toxapex
|-damage|p2a: Toxapex|83/100
|-status|p2a: Toxapex|brn
|
|-heal|p1a: Cinderace|90/100|[from] Grassy Terrain
|-heal|p2a: Toxapex|90/100 brn|[from] Grassy Terrain
|-damage|p2a: Toxapex|83/100 brn|[from] brn
|upkeep
|turn|9
|
|t:|1758237747
|switch|p1a: Quaquaval|Quaquaval, F|100/100
|move|p2a: Toxapex|Toxic|p1a: Quaquaval
|-status|p1a: Quaquaval|tox
|
|-heal|p2a: Toxapex|90/100 brn|[from] Grassy Terrain
|-damage|p1a: Quaquaval|94/100 tox|[from] psn
|-damage|p2a: Toxapex|83/100 brn|[from] brn
|upkeep
|turn|10
|
|t:|1758237759
|move|p1a: Quaquaval|Knock Off|p2a: Toxapex
|-damage|p2a: Toxapex|63/100 brn
|-damage|p1a: Quaquaval|78/100 tox|[from] item: Rocky Helmet|[of] p2a: Toxapex
|-enditem|p2a: Toxapex|Rocky Helmet|[from] move: Knock Off|[of] p1a: Quaquaval
|move|p2a: Toxapex|Acid Spray|p1a: Quaquaval
|-crit|p1a: Quaquaval
|-damage|p1a: Quaquaval|65/100 tox
|-unboost|p1a: Quaquaval|spd|2
|
|-heal|p1a: Quaquaval|72/100 tox|[from] Grassy Terrain
|-heal|p2a: Toxapex|69/100 brn|[from] Grassy Terrain
|-damage|p1a: Quaquaval|59/100 tox|[from] psn
|-damage|p2a: Toxapex|63/100 brn|[from] brn
|upkeep
|turn|11
|
|t:|1758237785
|move|p1a: Quaquaval|Knock Off|p2a: Toxapex
|-damage|p2a: Toxapex|49/100 brn
|move|p2a: Toxapex|Acid Spray|p1a: Quaquaval
|-damage|p1a: Quaquaval|44/100 tox
|-unboost|p1a: Quaquaval|spd|2
|
|-heal|p1a: Quaquaval|50/100 tox|[from] Grassy Terrain
|-heal|p2a: Toxapex|55/100 brn|[from] Grassy Terrain
|-damage|p1a: Quaquaval|32/100 tox|[from] psn
|-damage|p2a: Toxapex|49/100 brn|[from] brn
|upkeep
|turn|12
|
|t:|1758237798
|switch|p1a: Iron Boulder|Iron Boulder|100/100
|-enditem|p1a: Iron Boulder|Booster Energy
|-activate|p1a: Iron Boulder|ability: Quark Drive|[fromitem]
|-start|p1a: Iron Boulder|quarkdrivespe
|switch|p2a: Rillaboom|Rillaboom, M|57/100 par
|
|-heal|p2a: Rillaboom|63/100 par|[from] Grassy Terrain
|-fieldend|move: Grassy Terrain
|upkeep
|turn|13
|
|t:|1758237813
|switch|p2a: Toxapex|Toxapex, M|82/100 brn
|-terastallize|p1a: Iron Boulder|Fighting
|move|p1a: Iron Boulder|Mighty Cleave|p2a: Toxapex
|-damage|p2a: Toxapex|52/100 brn
|
|-damage|p2a: Toxapex|46/100 brn|[from] brn
|upkeep
|turn|14
|
|t:|1758237824
|move|p1a: Iron Boulder|Earthquake|p2a: Toxapex
|-supereffective|p2a: Toxapex
|-damage|p2a: Toxapex|5/100 brn
|move|p2a: Toxapex|Toxic|p1a: Iron Boulder
|-status|p1a: Iron Boulder|tox
|
|-damage|p1a: Iron Boulder|94/100 tox|[from] psn
|-damage|p2a: Toxapex|0 fnt|[from] brn
|faint|p2a: Toxapex
|upkeep
|c|☆kiarnjd|ok man
|inactive|nicolasgimenez has 120 seconds left.
|
|t:|1758237842
|switch|p2a: Rillaboom|Rillaboom, M|63/100 par
|-fieldstart|move: Grassy Terrain|[from] ability: Grassy Surge|[of] p2a: Rillaboom
|turn|15
|c|☆kiarnjd|teach me the way
|inactive|nicolasgimenez has 120 seconds left.
|
|t:|1758237855
|move|p1a: Iron Boulder|Swords Dance|p1a: Iron Boulder
|-boost|p1a: Iron Boulder|atk|2
|cant|p2a: Rillaboom|par
|
|-heal|p1a: Iron Boulder|100/100 tox|[from] Grassy Terrain
|-heal|p2a: Rillaboom|70/100 par|[from] Grassy Terrain
|-damage|p1a: Iron Boulder|88/100 tox|[from] psn
|upkeep
|turn|16
|inactive|nicolasgimenez has 120 seconds left.
|
|t:|1758237867
|move|p1a: Iron Boulder|Mighty Cleave|p2a: Rillaboom
|-damage|p2a: Rillaboom|0 fnt
|faint|p2a: Rillaboom
|
|-heal|p1a: Iron Boulder|94/100 tox|[from] Grassy Terrain
|-damage|p1a: Iron Boulder|76/100 tox|[from] psn
|upkeep
|
|t:|1758237880
|switch|p2a: Decidueye|Decidueye, M|100/100
|turn|17
|
|t:|1758237886
|move|p1a: Iron Boulder|Mighty Cleave|p2a: Decidueye
|-damage|p2a: Decidueye|0 fnt
|faint|p2a: Decidueye
|
|-heal|p1a: Iron Boulder|82/100 tox|[from] Grassy Terrain
|-damage|p1a: Iron Boulder|57/100 tox|[from] psn
|upkeep
|
|t:|1758237895
|switch|p2a: Latias|Latias, F|100/100
|turn|18
|inactive|nicolasgimenez has 120 seconds left.
|
|t:|1758237905
|move|p1a: Iron Boulder|Mighty Cleave|p2a: Latias
|-damage|p2a: Latias|0 fnt
|faint|p2a: Latias
|
|-heal|p1a: Iron Boulder|63/100 tox|[from] Grassy Terrain
|-damage|p1a: Iron Boulder|32/100 tox|[from] psn
|upkeep
|inactive|nicolasgimenez has 120 seconds left.
|
|t:|1758237914
|switch|p2a: Diancie|Diancie|100/100
|turn|19
|
|t:|1758237922
|-terastallize|p2a: Diancie|Fairy
|move|p1a: Iron Boulder|Close Combat|p2a: Diancie
|-resisted|p2a: Diancie
|-damage|p2a: Diancie|42/100
|-unboost|p1a: Iron Boulder|def|1
|-unboost|p1a: Iron Boulder|spd|1
|move|p2a: Diancie|Diamond Storm|p1a: Iron Boulder|[miss]
|-miss|p2a: Diancie|p1a: Iron Boulder
|
|-heal|p1a: Iron Boulder|38/100 tox|[from] Grassy Terrain
|-heal|p2a: Diancie|48/100|[from] Grassy Terrain
|-damage|p1a: Iron Boulder|1/100 tox|[from] psn
|-fieldend|move: Grassy Terrain
|upkeep
|turn|20
|inactive|nicolasgimenez has 120 seconds left.
|
|t:|1758237937
|move|p1a: Iron Boulder|Mighty Cleave|p2a: Diancie
|-damage|p2a: Diancie|0 fnt
|faint|p2a: Diancie
|
|win|kiarnjd
|raw|kiarnjd's rating: 1272 &rarr; <strong>1297</strong><br />(+25 for winning)
|raw|nicolasgimenez's rating: 1274 &rarr; <strong>1249</strong><br />(-25 for losing)
|l|☆nicolasgimenez
|player|p2|
