|j|☆ccncn123
|j|☆quartzion
|t:|1758240826
|gametype|singles
|player|p1|ccncn123|swimmerf-gen4|1289
|player|p2|quartzion|265|1267
|gen|9
|tier|[Gen 9] OU
|rated|
|rule|HP Percentage Mod: HP is shown in percentages
|rule|Endless Battle Clause: Forcing endless battles is banned
|rule|Species Clause: Limit one of each Pokémon
|rule|OHKO Clause: OHKO moves are banned
|rule|Evasion Items Clause: Evasion items are banned
|rule|Evasion Moves Clause: Evasion moves are banned
|rule|Evasion Abilities Clause: Evasion abilities are banned
|rule|Sleep Moves Clause: Sleep-inducing moves are banned
|clearpoke
|poke|p1|Kyurem|
|poke|p1|Dragapult, F|
|poke|p1|Great Tusk|
|poke|p1|Cinderace, F|
|poke|p1|Gholdengo|
|poke|p1|Clefable, F|
|poke|p2|Cinccino, F|
|poke|p2|Serperior, M|
|poke|p2|Skeledirge, M|
|poke|p2|Quaquaval, M|
|poke|p2|Toxapex, F|
|poke|p2|Oricorio-Pom-Pom, F|
|teampreview
|inactive|Battle timer is ON: inactive players will automatically lose when time's up. (requested by quartzion)
|
|t:|1758240838
|teamsize|p1|6
|teamsize|p2|6
|start
|switch|p1a: Kyurem|Kyurem|100/100
|switch|p2a: Oricorio|Oricorio-Pom-Pom, F|100/100
|-ability|p1a: Kyurem|Pressure
|turn|1
|
|t:|1758240855
|switch|p2a: Toxapex|Toxapex, F|100/100
|move|p1a: Kyurem|Freeze-Dry|p2a: Toxapex
|-supereffective|p2a: Toxapex
|-damage|p2a: Toxapex|17/100
|
|-heal|p2a: Toxapex|23/100|[from] item: Leftovers
|upkeep
|turn|2
|
|t:|1758240865
|move|p1a: Kyurem|Freeze-Dry|p2a: Toxapex
|-supereffective|p2a: Toxapex
|-damage|p2a: Toxapex|0 fnt
|faint|p2a: Toxapex
|
|upkeep
|
|t:|1758240866
|switch|p2a: Skeledirge|Skeledirge, M|100/100
|turn|3
|
|t:|1758240869
|switch|p1a: Clefable|Clefable, F|100/100
|move|p2a: Skeledirge|Flame Charge|p1a: Clefable
|-damage|p1a: Clefable|87/100
|-boost|p2a: Skeledirge|spe|1
|
|-damage|p1a: Clefable|74/100|[from] item: Sticky Barb
|upkeep
|turn|4
|
|t:|1758240878
|move|p2a: Skeledirge|Torch Song|p1a: Clefable
|-damage|p1a: Clefable|47/100
|-boost|p2a: Skeledirge|spa|1
|move|p1a: Clefable|Trick|p2a: Skeledirge
|-activate|p1a: Clefable|move: Trick|[of] p2a: Skeledirge
|-item|p2a: Skeledirge|Sticky Barb|[from] move: Trick
|-item|p1a: Clefable|Assault Vest|[from] move: Trick
|
|-damage|p2a: Skeledirge|88/100|[from] item: Sticky Barb
|upkeep
|turn|5
|
|t:|1758240888
|move|p2a: Skeledirge|Torch Song|p1a: Clefable
|-damage|p1a: Clefable|30/100
|-boost|p2a: Skeledirge|spa|1
|move|p1a: Clefable|Moonblast|p2a: Skeledirge
|-resisted|p2a: Skeledirge
|-damage|p2a: Skeledirge|66/100
|
|-damage|p2a: Skeledirge|54/100|[from] item: Sticky Barb
|upkeep
|turn|6
|
|t:|1758240901
|move|p2a: Skeledirge|Flame Charge|p1a: Clefable
|-damage|p1a: Clefable|17/100
|-boost|p2a: Skeledirge|spe|1
|move|p1a: Clefable|Moonblast|p2a: Skeledirge
|-resisted|p2a: Skeledirge
|-damage|p2a: Skeledirge|33/100
|
|-damage|p2a: Skeledirge|21/100|[from] item: Sticky Barb
|upkeep
|turn|7
|
|t:|1758240910
|move|p2a: Skeledirge|Torch Song|p1a: Clefable
|-damage|p1a: Clefable|0 fnt
|-boost|p2a: Skeledirge|spa|1
|faint|p1a: Clefable
|
|-damage|p2a: Skeledirge|9/100|[from] item: Sticky Barb
|upkeep
|
|t:|1758240919
|switch|p1a: Dragapult|Dragapult, F|100/100
|turn|8
|
|t:|1758240926
|move|p1a: Dragapult|Sucker Punch|p2a: Skeledirge
|-supereffective|p2a: Skeledirge
|-damage|p2a: Skeledirge|0 fnt
|faint|p2a: Skeledirge
|
|upkeep
|
|t:|1758240931
|switch|p2a: Oricorio|Oricorio-Pom-Pom, F|100/100
|turn|9
|
|t:|1758240940
|move|p1a: Dragapult|U-turn|p2a: Oricorio
|-resisted|p2a: Oricorio
|-damage|p2a: Oricorio|82/100
|
|t:|1758240947
|switch|p1a: Gholdengo|Gholdengo|100/100|[from] U-turn
|-item|p1a: Gholdengo|Air Balloon
|move|p2a: Oricorio|Quiver Dance|p2a: Oricorio
|-boost|p2a: Oricorio|spa|1
|-boost|p2a: Oricorio|spd|1
|-boost|p2a: Oricorio|spe|1
|
|-heal|p2a: Oricorio|88/100|[from] item: Leftovers
|upkeep
|turn|10
|
|t:|1758240971
|move|p2a: Oricorio|Revelation Dance|p1a: Gholdengo
|-damage|p1a: Gholdengo|36/100
|-enditem|p1a: Gholdengo|Air Balloon
|move|p1a: Gholdengo|Make It Rain|p2a: Oricorio
|-resisted|p2a: Oricorio
|-damage|p2a: Oricorio|59/100
|-unboost|p1a: Gholdengo|spa|1
|
|-heal|p2a: Oricorio|65/100|[from] item: Leftovers
|upkeep
|turn|11
|
|t:|1758240981
|move|p2a: Oricorio|Quiver Dance|p2a: Oricorio
|-boost|p2a: Oricorio|spa|1
|-boost|p2a: Oricorio|spd|1
|-boost|p2a: Oricorio|spe|1
|move|p1a: Gholdengo|Recover|p1a: Gholdengo
|-heal|p1a: Gholdengo|86/100
|
|-heal|p2a: Oricorio|71/100|[from] item: Leftovers
|upkeep
|turn|12
|
|t:|1758241011
|move|p2a: Oricorio|Revelation Dance|p1a: Gholdengo
|-damage|p1a: Gholdengo|8/100
|move|p1a: Gholdengo|Shadow Ball|p2a: Oricorio
|-damage|p2a: Oricorio|49/100
|
|-heal|p2a: Oricorio|55/100|[from] item: Leftovers
|upkeep
|turn|13
|
|t:|1758241018
|move|p2a: Oricorio|Revelation Dance|p1a: Gholdengo
|-damage|p1a: Gholdengo|0 fnt
|faint|p1a: Gholdengo
|
|-heal|p2a: Oricorio|62/100|[from] item: Leftovers
|upkeep
|
|t:|1758241022
|switch|p1a: Kyurem|Kyurem|100/100
|-ability|p1a: Kyurem|Pressure
|turn|14
|
|t:|1758241034
|move|p2a: Oricorio|Air Slash|p1a: Kyurem
|-damage|p1a: Kyurem|34/100
|move|p1a: Kyurem|Freeze-Dry|p2a: Oricorio
|-supereffective|p2a: Oricorio
|-damage|p2a: Oricorio|0 fnt
|faint|p2a: Oricorio
|
|upkeep
|
|t:|1758241050
|switch|p2a: Serperior|Serperior, M|100/100
|turn|15
|
|t:|1758241056
|switch|p1a: Cinderace|Cinderace, F|100/100
|-terastallize|p2a: Serperior|Rock
|move|p2a: Serperior|Leaf Storm|p1a: Cinderace
|-resisted|p1a: Cinderace
|-damage|p1a: Cinderace|68/100
|-boost|p2a: Serperior|spa|2
|
|upkeep
|turn|16
|
|t:|1758241068
|move|p1a: Cinderace|U-turn|p2a: Serperior
|-start|p1a: Cinderace|typechange|Bug|[from] ability: Libero
|-damage|p2a: Serperior|59/100
|
|t:|1758241073
|switch|p1a: Great Tusk|Great Tusk|100/100|[from] U-turn
|move|p2a: Serperior|Tera Blast|p1a: Great Tusk|[anim] Tera Blast Rock
|-resisted|p1a: Great Tusk
|-damage|p1a: Great Tusk|83/100
|
|-heal|p2a: Serperior|65/100|[from] item: Leftovers
|upkeep
|turn|17
|
|t:|1758241080
|move|p2a: Serperior|Giga Drain|p1a: Great Tusk
|-supereffective|p1a: Great Tusk
|-damage|p1a: Great Tusk|0 fnt
|-heal|p2a: Serperior|100/100|[from] drain|[of] p1a: Great Tusk
|faint|p1a: Great Tusk
|-end|p1a: Great Tusk|Protosynthesis|[silent]
|
|upkeep
|
|t:|1758241088
|switch|p1a: Dragapult|Dragapult, F|100/100
|turn|18
|
|t:|1758241104
|-terastallize|p1a: Dragapult|Fighting
|move|p1a: Dragapult|Tera Blast|p2a: Serperior|[anim] Tera Blast Fighting
|-supereffective|p2a: Serperior
|-damage|p2a: Serperior|9/100
|move|p2a: Serperior|Dragon Pulse|p1a: Dragapult
|-damage|p1a: Dragapult|46/100
|
|-heal|p2a: Serperior|15/100|[from] item: Leftovers
|upkeep
|turn|19
|
|t:|1758241113
|move|p1a: Dragapult|Tera Blast|p2a: Serperior|[anim] Tera Blast Fighting
|-supereffective|p2a: Serperior
|-damage|p2a: Serperior|0 fnt
|faint|p2a: Serperior
|
|upkeep
|
|t:|1758241117
|switch|p2a: Quaquaval|Quaquaval, M|100/100
|turn|20
|
|t:|1758241121
|move|p1a: Dragapult|Dragon Darts|p2a: Quaquaval
|-damage|p2a: Quaquaval|67/100
|-anim|p1a: Dragapult|Dragon Darts|p2a: Quaquaval
|-damage|p2a: Quaquaval|32/100
|move|p2a: Quaquaval|Aqua Step|p1a: Dragapult
|-damage|p1a: Dragapult|0 fnt
|-boost|p2a: Quaquaval|spe|1
|faint|p1a: Dragapult
|-ability|p2a: Quaquaval|Moxie|boost
|-boost|p2a: Quaquaval|atk|1
|
|upkeep
|
|t:|1758241129
|switch|p1a: Cinderace|Cinderace, F|68/100
|turn|21
|
|t:|1758241136
|move|p1a: Cinderace|Sucker Punch|p2a: Quaquaval
|-start|p1a: Cinderace|typechange|Dark|[from] ability: Libero
|-resisted|p2a: Quaquaval
|-damage|p2a: Quaquaval|11/100
|move|p2a: Quaquaval|Aqua Step|p1a: Cinderace
|-damage|p1a: Cinderace|0 fnt
|-boost|p2a: Quaquaval|spe|1
|faint|p1a: Cinderace
|-ability|p2a: Quaquaval|Moxie|boost
|-boost|p2a: Quaquaval|atk|1
|
|upkeep
|
|t:|1758241141
|switch|p1a: Kyurem|Kyurem|34/100
|-ability|p1a: Kyurem|Pressure
|turn|22
|
|t:|1758241144
|move|p2a: Quaquaval|Close Combat|p1a: Kyurem
|-supereffective|p1a: Kyurem
|-damage|p1a: Kyurem|0 fnt
|-unboost|p2a: Quaquaval|def|1
|-unboost|p2a: Quaquaval|spd|1
|faint|p1a: Kyurem
|-enditem|p2a: Quaquaval|White Herb
|-clearnegativeboost|p2a: Quaquaval|[silent]
|
|win|quartzion
|raw|ccncn123's rating: 1289 &rarr; <strong>1262</strong><br />(-27 for losing)
|raw|quartzion's rating: 1267 &rarr; <strong>1294</strong><br />(+27 for winning)
|l|☆ccncn123
|player|p1|
|l|☆quartzion
|player|p2|
