|j|☆LDJohnson
|j|☆IreneColdHeart
|t:|1758264375
|gametype|singles
|player|p1|LDJohnson|265|1186
|player|p2|IreneColdHeart|lady|1198
|gen|9
|tier|[Gen 9] OU
|rated|
|rule|HP Percentage Mod: HP is shown in percentages
|rule|Endless Battle Clause: Forcing endless battles is banned
|rule|Species Clause: Limit one of each Pokémon
|rule|OHKO Clause: OHKO moves are banned
|rule|Evasion Items Clause: Evasion items are banned
|rule|Evasion Moves Clause: Evasion moves are banned
|rule|Evasion Abilities Clause: Evasion abilities are banned
|rule|Sleep Moves Clause: Sleep-inducing moves are banned
|clearpoke
|poke|p1|Samurott-Hisui, F|
|poke|p1|Ceruledge, F|
|poke|p1|Slowking-Galar, F|
|poke|p1|Great Tusk|
|poke|p1|Zapdos|
|poke|p1|Kyurem|
|poke|p2|Avalugg-Hisui, M|
|poke|p2|Iron Valiant|
|poke|p2|Samurott-Hisui, F|
|poke|p2|Slowking-Galar, M|
|poke|p2|Garchomp, F|
|poke|p2|Ogerpon-Wellspring, F|
|teampreview
|
|t:|1758264401
|teamsize|p1|6
|teamsize|p2|6
|start
|switch|p1a: Zapdos|Zapdos|100/100
|switch|p2a: Avalugg|Avalugg-Hisui, M|100/100
|turn|1
|
|t:|1758264408
|move|p1a: Zapdos|Volt Switch|p2a: Avalugg
|-damage|p2a: Avalugg|17/100
|
|t:|1758264413
|switch|p1a: Great Tusk|Great Tusk|100/100|[from] Volt Switch
|move|p2a: Avalugg|Stealth Rock|p1a: Great Tusk
|-sidestart|p1: LDJohnson|move: Stealth Rock
|
|upkeep
|turn|2
|-enditem|p2a: Avalugg|Custap Berry|[eat]
|-activate|p2a: Avalugg|item: Custap Berry|[consumed]
|
|t:|1758264419
|move|p2a: Avalugg|Mountain Gale|p1a: Great Tusk
|-supereffective|p1a: Great Tusk
|-damage|p1a: Great Tusk|34/100
|cant|p1a: Great Tusk|flinch
|
|upkeep
|turn|3
|
|t:|1758264429
|move|p1a: Great Tusk|Rapid Spin|p2a: Avalugg
|-resisted|p2a: Avalugg
|-damage|p2a: Avalugg|13/100
|-boost|p1a: Great Tusk|spe|1
|-sideend|p1: LDJohnson|Stealth Rock|[from] move: Rapid Spin|[of] p1a: Great Tusk
|move|p2a: Avalugg|Mountain Gale|p1a: Great Tusk
|-supereffective|p1a: Great Tusk
|-damage|p1a: Great Tusk|0 fnt
|faint|p1a: Great Tusk
|-end|p1a: Great Tusk|Protosynthesis|[silent]
|
|upkeep
|
|t:|1758264440
|switch|p1a: Ceruledge|Ceruledge, F|100/100
|turn|4
|
|t:|1758264447
|move|p1a: Ceruledge|Bulk Up|p1a: Ceruledge
|-boost|p1a: Ceruledge|atk|1
|-boost|p1a: Ceruledge|def|1
|move|p2a: Avalugg|Stealth Rock|p1a: Ceruledge
|-sidestart|p1: LDJohnson|move: Stealth Rock
|
|upkeep
|turn|5
|
|t:|1758264453
|move|p1a: Ceruledge|Bulk Up|p1a: Ceruledge
|-boost|p1a: Ceruledge|atk|1
|-boost|p1a: Ceruledge|def|1
|move|p2a: Avalugg|Rock Blast|p1a: Ceruledge
|-supereffective|p1a: Ceruledge
|-damage|p1a: Ceruledge|83/100
|-ability|p1a: Ceruledge|Weak Armor|boost
|-unboost|p1a: Ceruledge|def|1
|-boost|p1a: Ceruledge|spe|2
|-enditem|p1a: Ceruledge|Weakness Policy
|-boost|p1a: Ceruledge|atk|2|[from] item: Weakness Policy
|-boost|p1a: Ceruledge|spa|2|[from] item: Weakness Policy
|-supereffective|p1a: Ceruledge
|-damage|p1a: Ceruledge|58/100
|-ability|p1a: Ceruledge|Weak Armor|boost
|-unboost|p1a: Ceruledge|def|1
|-boost|p1a: Ceruledge|spe|2
|-supereffective|p1a: Ceruledge
|-damage|p1a: Ceruledge|20/100
|-ability|p1a: Ceruledge|Weak Armor|boost
|-unboost|p1a: Ceruledge|def|1
|-boost|p1a: Ceruledge|spe|2
|-hitcount|p1a: Ceruledge|3
|
|upkeep
|turn|6
|
|t:|1758264472
|move|p1a: Ceruledge|Bitter Blade|p2a: Avalugg
|-damage|p2a: Avalugg|0 fnt
|-heal|p1a: Ceruledge|26/100|[from] drain|[of] p2a: Avalugg
|faint|p2a: Avalugg
|
|upkeep
|
|t:|1758264487
|switch|p2a: Iron Valiant|Iron Valiant|100/100
|-enditem|p2a: Iron Valiant|Booster Energy
|-activate|p2a: Iron Valiant|ability: Quark Drive|[fromitem]
|-start|p2a: Iron Valiant|quarkdrivespe
|turn|7
|
|t:|1758264495
|move|p1a: Ceruledge|Bitter Blade|p2a: Iron Valiant
|-damage|p2a: Iron Valiant|0 fnt
|-heal|p1a: Ceruledge|72/100|[from] drain|[of] p2a: Iron Valiant
|faint|p2a: Iron Valiant
|-end|p2a: Iron Valiant|Quark Drive|[silent]
|
|upkeep
|
|t:|1758264504
|switch|p2a: Ogerpon|Ogerpon-Wellspring, F|100/100
|turn|8
|
|t:|1758264514
|move|p2a: Ogerpon|Spiky Shield|p2a: Ogerpon
|-singleturn|p2a: Ogerpon|move: Protect
|move|p1a: Ceruledge|Poltergeist|p2a: Ogerpon
|-activate|p2a: Ogerpon|move: Protect
|
|upkeep
|turn|9
|
|t:|1758264547
|switch|p2a: Samurott|Samurott-Hisui, F|100/100
|move|p1a: Ceruledge|Close Combat|p2a: Samurott
|-supereffective|p2a: Samurott
|-damage|p2a: Samurott|0 fnt
|-unboost|p1a: Ceruledge|def|1
|-unboost|p1a: Ceruledge|spd|1
|faint|p2a: Samurott
|
|upkeep
|
|t:|1758264556
|switch|p2a: Ogerpon|Ogerpon-Wellspring, F|100/100
|turn|10
|
|t:|1758264565
|move|p1a: Ceruledge|Poltergeist|p2a: Ogerpon
|-activate|p2a: Ogerpon|move: Poltergeist|Wellspring Mask
|-damage|p2a: Ogerpon|0 fnt
|faint|p2a: Ogerpon
|
|upkeep
|-message|IreneColdHeart forfeited.
|
|win|LDJohnson
|raw|LDJohnson's rating: 1186 &rarr; <strong>1212</strong><br />(+26 for winning)
|raw|IreneColdHeart's rating: 1198 &rarr; <strong>1172</strong><br />(-26 for losing)
|l|☆IreneColdHeart
|player|p2|
|l|☆LDJohnson
|player|p1|
