|j|☆SalomonX09
|j|☆bejron males
|t:|1758256895
|gametype|singles
|player|p1|SalomonX09|riley|1108
|player|p2|bejron males|boarder|1102
|gen|9
|tier|[Gen 9] OU
|rated|
|rule|HP Percentage Mod: HP is shown in percentages
|rule|Endless Battle Clause: Forcing endless battles is banned
|rule|Species Clause: Limit one of each Pokémon
|rule|OHKO Clause: OHKO moves are banned
|rule|Evasion Items Clause: Evasion items are banned
|rule|Evasion Moves Clause: Evasion moves are banned
|rule|Evasion Abilities Clause: Evasion abilities are banned
|rule|Sleep Moves Clause: Sleep-inducing moves are banned
|clearpoke
|poke|p1|Ambipom, M|
|poke|p1|Serperior, F|
|poke|p1|Toxicroak, M|
|poke|p1|Rotom-Wash|
|poke|p1|Talonflame, F|
|poke|p1|Tyranitar, M|
|poke|p2|Arcanine-Hisui, M|
|poke|p2|Corviknight, F|
|poke|p2|Walking Wake|
|poke|p2|Meowscarada, F|
|poke|p2|Sawsbuck-Winter, F|
|poke|p2|Dragapult, M|
|teampreview
|
|t:|1758256915
|teamsize|p1|6
|teamsize|p2|6
|start
|switch|p1a: Serperior|Serperior, F, shiny|100/100
|switch|p2a: Corviknight|Corviknight, F|100/100
|turn|1
|
|t:|1758256921
|move|p1a: Serperior|Glare|p2a: Corviknight
|-status|p2a: Corviknight|par
|cant|p2a: Corviknight|par
|
|upkeep
|turn|2
|
|t:|1758256925
|move|p1a: Serperior|Leaf Storm|p2a: Corviknight
|-resisted|p2a: Corviknight
|-crit|p2a: Corviknight
|-damage|p2a: Corviknight|85/100 par
|-boost|p1a: Serperior|spa|2
|move|p2a: Corviknight|Sunny Day|p2a: Corviknight
|-weather|SunnyDay
|
|-weather|SunnyDay|[upkeep]
|upkeep
|turn|3
|
|t:|1758256933
|switch|p2a: Arcanine|Arcanine-Hisui, M, shiny|100/100
|move|p1a: Serperior|Leaf Storm|p2a: Arcanine
|-damage|p2a: Arcanine|0 fnt
|-boost|p1a: Serperior|spa|2
|faint|p2a: Arcanine
|
|-weather|SunnyDay|[upkeep]
|upkeep
|
|t:|1758256946
|switch|p2a: Walking Wake|Walking Wake|100/100
|-activate|p2a: Walking Wake|ability: Protosynthesis
|-start|p2a: Walking Wake|protosynthesisspa
|turn|4
|
|t:|1758256952
|move|p2a: Walking Wake|Flamethrower|p1a: Serperior
|-supereffective|p1a: Serperior
|-enditem|p1a: Serperior|Focus Sash
|-damage|p1a: Serperior|1/100
|move|p1a: Serperior|Mirror Coat|p2a: Walking Wake
|-damage|p2a: Walking Wake|0 fnt
|faint|p2a: Walking Wake
|-end|p2a: Walking Wake|Protosynthesis|[silent]
|
|-weather|SunnyDay|[upkeep]
|upkeep
|
|t:|1758256961
|switch|p2a: Dragapult|Dragapult, M|100/100
|turn|5
|
|t:|1758256967
|-terastallize|p1a: Serperior|Fairy
|move|p2a: Dragapult|U-turn|p1a: Serperior
|-resisted|p1a: Serperior
|-damage|p1a: Serperior|0 fnt
|faint|p1a: Serperior
|inactive|Battle timer is ON: inactive players will automatically lose when time's up. (requested by SalomonX09)
|
|t:|1758256975
|switch|p2a: Meowscarada|Meowscarada, F|100/100|[from] U-turn
|-item|p2a: Meowscarada|Air Balloon
|
|-weather|SunnyDay|[upkeep]
|upkeep
|
|t:|1758256978
|switch|p1a: Talonflame|Talonflame, F, shiny|100/100
|turn|6
|
|t:|1758256984
|move|p1a: Talonflame|Flame Charge|p2a: Meowscarada
|-supereffective|p2a: Meowscarada
|-damage|p2a: Meowscarada|0 fnt
|-boost|p1a: Talonflame|spe|1
|-enditem|p2a: Meowscarada|Air Balloon
|faint|p2a: Meowscarada
|-damage|p1a: Talonflame|91/100|[from] item: Life Orb
|
|-weather|none
|upkeep
|
|t:|1758256995
|switch|p2a: Corviknight|Corviknight, F|85/100 par
|turn|7
|
|t:|1758256998
|move|p1a: Talonflame|Bulk Up|p1a: Talonflame
|-boost|p1a: Talonflame|atk|1
|-boost|p1a: Talonflame|def|1
|move|p2a: Corviknight|Sunny Day|p2a: Corviknight
|-weather|SunnyDay
|
|-weather|SunnyDay|[upkeep]
|upkeep
|turn|8
|
|t:|1758257005
|switch|p2a: Dragapult|Dragapult, M|100/100
|move|p1a: Talonflame|Flame Charge|p2a: Dragapult
|-resisted|p2a: Dragapult
|-damage|p2a: Dragapult|62/100
|-boost|p1a: Talonflame|spe|1
|-damage|p1a: Talonflame|81/100|[from] item: Life Orb
|
|-weather|SunnyDay|[upkeep]
|upkeep
|turn|9
|
|t:|1758257019
|switch|p2a: Sawsbuck|Sawsbuck-Winter, F|100/100
|move|p1a: Talonflame|Brave Bird|p2a: Sawsbuck
|-supereffective|p2a: Sawsbuck
|-damage|p2a: Sawsbuck|0 fnt
|faint|p2a: Sawsbuck
|-damage|p1a: Talonflame|48/100|[from] Recoil
|-damage|p1a: Talonflame|38/100|[from] item: Life Orb
|
|-weather|SunnyDay|[upkeep]
|upkeep
|
|t:|1758257028
|switch|p2a: Dragapult|Dragapult, M|62/100
|turn|10
|
|t:|1758257033
|move|p1a: Talonflame|Brave Bird|p2a: Dragapult
|-damage|p2a: Dragapult|0 fnt
|faint|p2a: Dragapult
|-damage|p1a: Talonflame|17/100|[from] Recoil
|-damage|p1a: Talonflame|7/100|[from] item: Life Orb
|
|-weather|SunnyDay|[upkeep]
|upkeep
|-message|bejron males forfeited.
|
|win|SalomonX09
|raw|SalomonX09's rating: 1108 &rarr; <strong>1133</strong><br />(+25 for winning)
|raw|bejron males's rating: 1102 &rarr; <strong>1077</strong><br />(-25 for losing)
|l|☆bejron males
|player|p2|
|l|☆SalomonX09
|player|p1|
