|j|☆reginam
|j|☆gtyhjk8888
|t:|1758361649
|gametype|singles
|player|p1|reginam|101|1093
|player|p2|gtyhjk8888|102|1043
|gen|9
|tier|[Gen 9] OU
|rated|
|rule|HP Percentage Mod: HP is shown in percentages
|rule|Endless Battle Clause: Forcing endless battles is banned
|rule|Species Clause: Limit one of each Pokémon
|rule|OHKO Clause: OHKO moves are banned
|rule|Evasion Items Clause: Evasion items are banned
|rule|Evasion Moves Clause: Evasion moves are banned
|rule|Evasion Abilities Clause: Evasion abilities are banned
|rule|Sleep Moves Clause: Sleep-inducing moves are banned
|clearpoke
|poke|p1|Torkoal, M|
|poke|p1|Hatterene, F|
|poke|p1|Venusaur, M|
|poke|p1|Walking Wake|
|poke|p1|Lilligant-Hisui, F|
|poke|p1|Arcanine-Hisui, M|
|poke|p2|Slowking-Galar, F|
|poke|p2|Skarmory, M|
|poke|p2|Lokix, M|
|poke|p2|Walking Wake|
|poke|p2|Mamoswine, F|
|poke|p2|Zamazenta-*|
|teampreview
|
|t:|1758361667
|teamsize|p1|6
|teamsize|p2|6
|start
|switch|p1a: Arcanine|Arcanine-Hisui, M|100/100
|switch|p2a: Slowking|Slowking-Galar, F|100/100
|turn|1
|inactive|Battle timer is ON: inactive players will automatically lose when time's up. (requested by reginam)
|
|t:|1758361714
|switch|p2a: Skarmory|Skarmory, M|100/100
|move|p1a: Arcanine|Head Smash|p2a: Skarmory
|-damage|p2a: Skarmory|38/100
|-damage|p1a: Arcanine|84/100|[from] item: Rocky Helmet|[of] p2a: Skarmory
|
|upkeep
|turn|2
|
|t:|1758361722
|move|p1a: Arcanine|Head Smash|p2a: Skarmory
|-damage|p2a: Skarmory|0 fnt
|-damage|p1a: Arcanine|67/100|[from] item: Rocky Helmet|[of] p2a: Skarmory
|faint|p2a: Skarmory
|
|upkeep
|
|t:|1758361724
|switch|p2a: Zamazenta|Zamazenta|100/100
|-ability|p2a: Zamazenta|Dauntless Shield|boost
|-boost|p2a: Zamazenta|def|1
|turn|3
|
|t:|1758361733
|switch|p1a: Torkoal|Torkoal, M|100/100
|-weather|SunnyDay|[from] ability: Drought|[of] p1a: Torkoal
|move|p2a: Zamazenta|Body Press|p1a: Torkoal
|-damage|p1a: Torkoal|64/100
|
|-weather|SunnyDay|[upkeep]
|upkeep
|turn|4
|inactive|gtyhjk8888 has 120 seconds left.
|
|t:|1758361763
|move|p2a: Zamazenta|Body Press|p1a: Torkoal
|-damage|p1a: Torkoal|30/100
|move|p1a: Torkoal|Will-O-Wisp|p2a: Zamazenta
|-status|p2a: Zamazenta|brn
|
|-weather|SunnyDay|[upkeep]
|-damage|p2a: Zamazenta|94/100 brn|[from] brn
|upkeep
|turn|5
|
|t:|1758361769
|move|p2a: Zamazenta|Body Press|p1a: Torkoal
|-damage|p1a: Torkoal|12/100
|move|p1a: Torkoal|Stealth Rock|p2a: Zamazenta
|-sidestart|p2: gtyhjk8888|move: Stealth Rock
|
|-weather|SunnyDay|[upkeep]
|-heal|p2a: Zamazenta|100/100 brn|[from] item: Leftovers
|-damage|p2a: Zamazenta|94/100 brn|[from] brn
|upkeep
|turn|6
|
|t:|1758361778
|switch|p1a: Venusaur|Venusaur, M|100/100
|move|p2a: Zamazenta|Body Press|p1a: Venusaur
|-resisted|p1a: Venusaur
|-damage|p1a: Venusaur|86/100
|
|-weather|SunnyDay|[upkeep]
|-heal|p2a: Zamazenta|100/100 brn|[from] item: Leftovers
|-damage|p2a: Zamazenta|94/100 brn|[from] brn
|upkeep
|turn|7
|
|t:|1758361789
|move|p1a: Venusaur|Growth|p1a: Venusaur
|-boost|p1a: Venusaur|atk|2
|-boost|p1a: Venusaur|spa|2
|move|p2a: Zamazenta|Substitute|p2a: Zamazenta
|-start|p2a: Zamazenta|Substitute
|-damage|p2a: Zamazenta|70/100 brn
|
|-weather|SunnyDay|[upkeep]
|-heal|p2a: Zamazenta|76/100 brn|[from] item: Leftovers
|-damage|p2a: Zamazenta|70/100 brn|[from] brn
|upkeep
|turn|8
|
|t:|1758361801
|move|p1a: Venusaur|Earth Power|p2a: Zamazenta
|-end|p2a: Zamazenta|Substitute
|-damage|p1a: Venusaur|76/100|[from] item: Life Orb
|move|p2a: Zamazenta|Body Press|p1a: Venusaur
|-resisted|p1a: Venusaur
|-damage|p1a: Venusaur|62/100
|
|-weather|SunnyDay|[upkeep]
|-heal|p2a: Zamazenta|76/100 brn|[from] item: Leftovers
|-damage|p2a: Zamazenta|70/100 brn|[from] brn
|upkeep
|turn|9
|
|t:|1758361809
|move|p1a: Venusaur|Weather Ball|p2a: Zamazenta
|-damage|p2a: Zamazenta|0 fnt
|faint|p2a: Zamazenta
|-damage|p1a: Venusaur|52/100|[from] item: Life Orb
|
|-weather|SunnyDay|[upkeep]
|upkeep
|
|t:|1758361828
|switch|p2a: Lokix|Lokix, M|100/100
|-damage|p2a: Lokix|76/100|[from] Stealth Rock
|turn|10
|
|t:|1758361850
|switch|p1a: Arcanine|Arcanine-Hisui, M|67/100
|move|p2a: Lokix|First Impression|p1a: Arcanine
|-resisted|p1a: Arcanine
|-damage|p1a: Arcanine|0 fnt
|faint|p1a: Arcanine
|
|-weather|none
|upkeep
|
|t:|1758361856
|switch|p1a: Torkoal|Torkoal, M|12/100
|-weather|SunnyDay|[from] ability: Drought|[of] p1a: Torkoal
|turn|11
|
|t:|1758361869
|switch|p2a: Slowking|Slowking-Galar, F|100/100
|-damage|p2a: Slowking|88/100|[from] Stealth Rock
|switch|p1a: Hatterene|Hatterene, F|100/100
|
|-weather|SunnyDay|[upkeep]
|-heal|p2a: Slowking|94/100|[from] item: Leftovers
|upkeep
|turn|12
|
|t:|1758361889
|move|p1a: Hatterene|Thunder Wave|p2a: Slowking
|-status|p2a: Slowking|par
|cant|p2a: Slowking|par
|
|-weather|SunnyDay|[upkeep]
|-heal|p2a: Slowking|99/100 par|[from] item: Leftovers
|upkeep
|turn|13
|
|t:|1758361902
|move|p1a: Hatterene|Mystical Fire|p2a: Slowking
|-crit|p2a: Slowking
|-damage|p2a: Slowking|71/100 par
|-unboost|p2a: Slowking|spa|1
|-prepare|p2a: Slowking|Chilly Reception|[premajor]
|move|p2a: Slowking|Chilly Reception|p2a: Slowking
|-weather|Snowscape
|
|t:|1758361909
|switch|p2a: Mamoswine|Mamoswine, F|100/100|[from] Chilly Reception
|-damage|p2a: Mamoswine|88/100|[from] Stealth Rock
|
|-weather|Snowscape|[upkeep]
|-heal|p2a: Mamoswine|94/100|[from] item: Leftovers
|upkeep
|turn|14
|
|t:|1758361933
|move|p2a: Mamoswine|Heavy Slam|p1a: Hatterene
|-supereffective|p1a: Hatterene
|-damage|p1a: Hatterene|23/100
|-enditem|p1a: Hatterene|Eject Button
|
|t:|1758361937
|switch|p1a: Torkoal|Torkoal, M|12/100
|-weather|SunnyDay|[from] ability: Drought|[of] p1a: Torkoal
|
|-weather|SunnyDay|[upkeep]
|-heal|p2a: Mamoswine|99/100|[from] item: Leftovers
|upkeep
|turn|15
|
|t:|1758361961
|move|p2a: Mamoswine|Heavy Slam|p1a: Torkoal
|-resisted|p1a: Torkoal
|-damage|p1a: Torkoal|2/100
|move|p1a: Torkoal|Lava Plume|p2a: Mamoswine
|-supereffective|p2a: Mamoswine
|-damage|p2a: Mamoswine|57/100
|
|-weather|SunnyDay|[upkeep]
|-heal|p2a: Mamoswine|63/100|[from] item: Leftovers
|upkeep
|turn|16
|inactive|gtyhjk8888 has 120 seconds left.
|
|t:|1758362012
|switch|p1a: Lilligant|Lilligant-Hisui, F|100/100
|move|p2a: Mamoswine|Heavy Slam|p1a: Lilligant
|-damage|p1a: Lilligant|25/100
|
|-weather|SunnyDay|[upkeep]
|-heal|p2a: Mamoswine|70/100|[from] item: Leftovers
|upkeep
|turn|17
|inactive|gtyhjk8888 has 90 seconds left.
|inactive|gtyhjk8888 has 60 seconds left.
|
|t:|1758362076
|move|p2a: Mamoswine|Ice Shard|p1a: Lilligant
|-supereffective|p1a: Lilligant
|-damage|p1a: Lilligant|0 fnt
|faint|p1a: Lilligant
|
|-weather|SunnyDay|[upkeep]
|-heal|p2a: Mamoswine|76/100|[from] item: Leftovers
|upkeep
|
|t:|1758362078
|switch|p1a: Walking Wake|Walking Wake|100/100
|-activate|p1a: Walking Wake|ability: Protosynthesis
|-start|p1a: Walking Wake|protosynthesisspa
|turn|18
|
|t:|1758362091
|switch|p2a: Walking Wake|Walking Wake|100/100
|-damage|p2a: Walking Wake|88/100|[from] Stealth Rock
|-activate|p2a: Walking Wake|ability: Protosynthesis
|-start|p2a: Walking Wake|protosynthesisspe
|move|p1a: Walking Wake|Hydro Steam|p2a: Walking Wake
|-resisted|p2a: Walking Wake
|-damage|p2a: Walking Wake|64/100
|
|-weather|SunnyDay|[upkeep]
|upkeep
|turn|19
|
|t:|1758362105
|-end|p1a: Walking Wake|Protosynthesis|[silent]
|switch|p1a: Hatterene|Hatterene, F|23/100
|-terastallize|p2a: Walking Wake|Water
|move|p2a: Walking Wake|Draco Meteor|p1a: Hatterene
|-immune|p1a: Hatterene
|
|-weather|SunnyDay|[upkeep]
|upkeep
|turn|20
|inactive|gtyhjk8888 has 60 seconds left.
|
|t:|1758362113
|move|p2a: Walking Wake|Scald|p1a: Hatterene
|-damage|p1a: Hatterene|0 fnt
|faint|p1a: Hatterene
|
|-weather|SunnyDay|[upkeep]
|upkeep
|
|t:|1758362116
|switch|p1a: Venusaur|Venusaur, M|52/100
|turn|21
|
|t:|1758362121
|move|p1a: Venusaur|Sludge Bomb|p2a: Walking Wake
|-damage|p2a: Walking Wake|2/100
|-damage|p1a: Venusaur|42/100|[from] item: Life Orb
|move|p2a: Walking Wake|Draco Meteor|p1a: Venusaur
|-damage|p1a: Venusaur|0 fnt
|-unboost|p2a: Walking Wake|spa|2
|faint|p1a: Venusaur
|
|-weather|none
|-end|p2a: Walking Wake|Protosynthesis
|upkeep
|-enditem|p2a: Walking Wake|Booster Energy
|-activate|p2a: Walking Wake|ability: Protosynthesis|[fromitem]
|-start|p2a: Walking Wake|protosynthesisspe
|
|t:|1758362137
|switch|p1a: Walking Wake|Walking Wake|100/100
|turn|22
|
|t:|1758362157
|-terastallize|p1a: Walking Wake|Fire
|move|p2a: Walking Wake|Draco Meteor|p1a: Walking Wake
|-damage|p1a: Walking Wake|60/100
|-unboost|p2a: Walking Wake|spa|2
|move|p1a: Walking Wake|Hydro Steam|p2a: Walking Wake
|-resisted|p2a: Walking Wake
|-damage|p2a: Walking Wake|0 fnt
|faint|p2a: Walking Wake
|-end|p2a: Walking Wake|Protosynthesis|[silent]
|
|-heal|p1a: Walking Wake|66/100|[from] item: Leftovers
|upkeep
|
|t:|1758362178
|switch|p2a: Lokix|Lokix, M|76/100
|-damage|p2a: Lokix|51/100|[from] Stealth Rock
|turn|23
|
|t:|1758362188
|-end|p1a: Walking Wake|Protosynthesis|[silent]
|switch|p1a: Torkoal|Torkoal, M|2/100
|-weather|SunnyDay|[from] ability: Drought|[of] p1a: Torkoal
|move|p2a: Lokix|First Impression|p1a: Torkoal
|-resisted|p1a: Torkoal
|-damage|p1a: Torkoal|0 fnt
|faint|p1a: Torkoal
|
|-weather|SunnyDay|[upkeep]
|upkeep
|
|t:|1758362192
|switch|p1a: Walking Wake|Walking Wake, tera:Fire|66/100
|-activate|p1a: Walking Wake|ability: Protosynthesis
|-start|p1a: Walking Wake|protosynthesisspa
|turn|24
|inactive|gtyhjk8888 has 90 seconds left.
|
|t:|1758362213
|switch|p2a: Slowking|Slowking-Galar, F|100/100 par
|-damage|p2a: Slowking|88/100 par|[from] Stealth Rock
|move|p1a: Walking Wake|Hydro Steam|p2a: Slowking
|-damage|p2a: Slowking|42/100 par
|
|-weather|SunnyDay|[upkeep]
|-heal|p1a: Walking Wake|72/100|[from] item: Leftovers
|-heal|p2a: Slowking|48/100 par|[from] item: Leftovers
|upkeep
|turn|25
|
|t:|1758362222
|move|p1a: Walking Wake|Substitute|p1a: Walking Wake
|-start|p1a: Walking Wake|Substitute
|-damage|p1a: Walking Wake|47/100
|-prepare|p2a: Slowking|Chilly Reception|[premajor]
|cant|p2a: Slowking|par
|
|-weather|SunnyDay|[upkeep]
|-heal|p1a: Walking Wake|54/100|[from] item: Leftovers
|-heal|p2a: Slowking|54/100 par|[from] item: Leftovers
|upkeep
|turn|26
|
|t:|1758362233
|move|p1a: Walking Wake|Flamethrower|p2a: Slowking
|-damage|p2a: Slowking|0 fnt
|faint|p2a: Slowking
|
|-weather|SunnyDay|[upkeep]
|-heal|p1a: Walking Wake|60/100|[from] item: Leftovers
|upkeep
|
|t:|1758362237
|switch|p2a: Mamoswine|Mamoswine, F|76/100
|-damage|p2a: Mamoswine|63/100|[from] Stealth Rock
|turn|27
|
|t:|1758362240
|move|p1a: Walking Wake|Hydro Steam|p2a: Mamoswine
|-supereffective|p2a: Mamoswine
|-damage|p2a: Mamoswine|0 fnt
|faint|p2a: Mamoswine
|
|-weather|SunnyDay|[upkeep]
|-heal|p1a: Walking Wake|66/100|[from] item: Leftovers
|upkeep
|
|t:|1758362243
|switch|p2a: Lokix|Lokix, M|51/100
|-damage|p2a: Lokix|26/100|[from] Stealth Rock
|turn|28
|
|t:|1758362247
|move|p2a: Lokix|Sucker Punch|p1a: Walking Wake
|-end|p1a: Walking Wake|Substitute
|move|p1a: Walking Wake|Flamethrower|p2a: Lokix
|-supereffective|p2a: Lokix
|-damage|p2a: Lokix|0 fnt
|faint|p2a: Lokix
|
|win|reginam
|raw|reginam's rating: 1093 &rarr; <strong>1115</strong><br />(+22 for winning)
|raw|gtyhjk8888's rating: 1043 &rarr; <strong>1029</strong><br />(-14 for losing)
