|j|☆malamarFriend25
|j|☆PalworldDX
|t:|1758341542
|gametype|singles
|player|p1|malamarFriend25|marley|1328
|player|p2|PalworldDX|palmer|1254
|gen|9
|tier|[Gen 9] OU
|rated|
|rule|HP Percentage Mod: HP is shown in percentages
|rule|Endless Battle Clause: Forcing endless battles is banned
|rule|Species Clause: Limit one of each Pokémon
|rule|OHKO Clause: OHKO moves are banned
|rule|Evasion Items Clause: Evasion items are banned
|rule|Evasion Moves Clause: Evasion moves are banned
|rule|Evasion Abilities Clause: Evasion abilities are banned
|rule|Sleep Moves Clause: Sleep-inducing moves are banned
|clearpoke
|poke|p1|Malamar, F|
|poke|p1|Araquanid, M|
|poke|p1|Gengar, F|
|poke|p1|Iron Crown|
|poke|p1|Great Tusk|
|poke|p1|Dragonite, F|
|poke|p2|Great Tusk|
|poke|p2|Slowking-Galar, M|
|poke|p2|Incineroar, M|
|poke|p2|Jirachi|
|poke|p2|Umbreon, M|
|poke|p2|Lapras, F|
|teampreview
|
|t:|1758341589
|teamsize|p1|6
|teamsize|p2|6
|start
|switch|p1a: Araquanid|Araquanid, M|100/100
|switch|p2a: Lapras|Lapras, F|100/100
|turn|1
|inactive|Battle timer is ON: inactive players will automatically lose when time's up. (requested by PalworldDX)
|
|t:|1758341595
|move|p2a: Lapras|Dragon Dance|p2a: Lapras
|-boost|p2a: Lapras|atk|1
|-boost|p2a: Lapras|spe|1
|move|p1a: Araquanid|Sticky Web|p2a: Lapras
|-sidestart|p2: PalworldDX|move: Sticky Web
|
|upkeep
|turn|2
|
|t:|1758341600
|switch|p1a: Malamar|Malamar, F, shiny|100/100
|move|p2a: Lapras|Dragon Dance|p2a: Lapras
|-boost|p2a: Lapras|atk|1
|-boost|p2a: Lapras|spe|1
|
|upkeep
|turn|3
|
|t:|1758341610
|move|p2a: Lapras|Waterfall|p1a: Malamar
|-crit|p1a: Malamar
|-enditem|p1a: Malamar|Focus Sash
|-damage|p1a: Malamar|1/100
|move|p1a: Malamar|Topsy-Turvy|p2a: Lapras
|-invertboost|p2a: Lapras|[from] move: Topsy-Turvy
|
|upkeep
|turn|4
|
|t:|1758341620
|move|p1a: Malamar|Knock Off|p2a: Lapras
|-damage|p2a: Lapras|53/100
|-enditem|p2a: Lapras|Red Card|[from] move: Knock Off|[of] p1a: Malamar
|move|p2a: Lapras|Dragon Dance|p2a: Lapras
|-boost|p2a: Lapras|atk|1
|-boost|p2a: Lapras|spe|1
|
|upkeep
|turn|5
|
|t:|1758341629
|move|p2a: Lapras|Ice Shard|p1a: Malamar
|-damage|p1a: Malamar|0 fnt
|faint|p1a: Malamar
|
|upkeep
|
|t:|1758341637
|switch|p1a: Gengar|Gengar, F|100/100
|turn|6
|
|t:|1758341651
|switch|p2a: Incineroar|Incineroar, M|100/100
|-activate|p2a: Incineroar|move: Sticky Web
|-unboost|p2a: Incineroar|spe|1
|-ability|p2a: Incineroar|Intimidate|boost
|-unboost|p1a: Gengar|atk|1
|move|p1a: Gengar|Sludge Wave|p2a: Incineroar
|-damage|p2a: Incineroar|56/100
|
|upkeep
|turn|7
|
|t:|1758341661
|switch|p1a: Great Tusk|Great Tusk|100/100
|move|p2a: Incineroar|Knock Off|p1a: Great Tusk
|-resisted|p1a: Great Tusk
|-damage|p1a: Great Tusk|83/100
|-enditem|p1a: Great Tusk|Leftovers|[from] move: Knock Off|[of] p2a: Incineroar
|
|upkeep
|turn|8
|
|t:|1758341670
|switch|p2a: Great Tusk|Great Tusk|100/100
|move|p1a: Great Tusk|Stealth Rock|p2a: Great Tusk
|-sidestart|p2: PalworldDX|move: Stealth Rock
|
|upkeep
|turn|9
|
|t:|1758341680
|move|p2a: Great Tusk|Bulk Up|p2a: Great Tusk
|-boost|p2a: Great Tusk|atk|1
|-boost|p2a: Great Tusk|def|1
|move|p1a: Great Tusk|Knock Off|p2a: Great Tusk
|-resisted|p2a: Great Tusk
|-damage|p2a: Great Tusk|94/100
|-enditem|p2a: Great Tusk|Heavy-Duty Boots|[from] move: Knock Off|[of] p1a: Great Tusk
|
|upkeep
|turn|10
|
|t:|1758341688
|-end|p1a: Great Tusk|Protosynthesis|[silent]
|switch|p1a: Gengar|Gengar, F|100/100
|move|p2a: Great Tusk|Bulk Up|p2a: Great Tusk
|-boost|p2a: Great Tusk|atk|1
|-boost|p2a: Great Tusk|def|1
|
|upkeep
|turn|11
|
|t:|1758341696
|-terastallize|p2a: Great Tusk|Steel
|move|p1a: Gengar|Shadow Ball|p2a: Great Tusk
|-damage|p2a: Great Tusk|30/100
|move|p2a: Great Tusk|Knock Off|p1a: Gengar
|-supereffective|p1a: Gengar
|-enditem|p1a: Gengar|Focus Sash
|-damage|p1a: Gengar|1/100
|
|upkeep
|turn|12
|
|t:|1758341706
|move|p1a: Gengar|Shadow Ball|p2a: Great Tusk
|-damage|p2a: Great Tusk|0 fnt
|faint|p2a: Great Tusk
|-end|p2a: Great Tusk|Protosynthesis|[silent]
|
|upkeep
|
|t:|1758341710
|switch|p2a: Lapras|Lapras, F|53/100
|-activate|p2a: Lapras|move: Sticky Web
|-unboost|p2a: Lapras|spe|1
|-damage|p2a: Lapras|28/100|[from] Stealth Rock
|turn|13
|
|t:|1758341715
|move|p2a: Lapras|Ice Shard|p1a: Gengar
|-damage|p1a: Gengar|0 fnt
|faint|p1a: Gengar
|
|upkeep
|
|t:|1758341719
|switch|p1a: Iron Crown|Iron Crown|100/100
|-enditem|p1a: Iron Crown|Booster Energy
|-activate|p1a: Iron Crown|ability: Quark Drive|[fromitem]
|-start|p1a: Iron Crown|quarkdrivespe
|turn|14
|
|t:|1758341739
|move|p1a: Iron Crown|Calm Mind|p1a: Iron Crown
|-boost|p1a: Iron Crown|spa|1
|-boost|p1a: Iron Crown|spd|1
|move|p2a: Lapras|Earthquake|p1a: Iron Crown
|-supereffective|p1a: Iron Crown
|-damage|p1a: Iron Crown|45/100
|
|upkeep
|turn|15
|
|t:|1758341745
|move|p1a: Iron Crown|Tachyon Cutter|p2a: Lapras
|-damage|p2a: Lapras|0 fnt
|faint|p2a: Lapras
|-hitcount|p2: Lapras|1
|
|upkeep
|
|t:|1758341755
|switch|p2a: Umbreon|Umbreon, M|100/100
|-activate|p2a: Umbreon|move: Sticky Web
|-unboost|p2a: Umbreon|spe|1
|-damage|p2a: Umbreon|88/100|[from] Stealth Rock
|turn|16
|
|t:|1758341763
|move|p1a: Iron Crown|Tachyon Cutter|p2a: Umbreon
|-damage|p2a: Umbreon|64/100
|-damage|p2a: Umbreon|41/100
|-hitcount|p2a: Umbreon|2
|move|p2a: Umbreon|Foul Play|p1a: Iron Crown
|-supereffective|p1a: Iron Crown
|-damage|p1a: Iron Crown|0 fnt
|faint|p1a: Iron Crown
|-end|p1a: Iron Crown|Quark Drive|[silent]
|
|-heal|p2a: Umbreon|47/100|[from] item: Leftovers
|upkeep
|
|t:|1758341771
|switch|p1a: Araquanid|Araquanid, M|100/100
|turn|17
|
|t:|1758341781
|switch|p2a: Slowking|Slowking-Galar, M|100/100
|-activate|p2a: Slowking|move: Sticky Web
|-unboost|p2a: Slowking|spe|1
|-damage|p2a: Slowking|88/100|[from] Stealth Rock
|move|p1a: Araquanid|Liquidation|p2a: Slowking
|-crit|p2a: Slowking
|-damage|p2a: Slowking|0 fnt
|faint|p2a: Slowking
|
|upkeep
|
|t:|1758341791
|switch|p2a: Jirachi|Jirachi|100/100
|-activate|p2a: Jirachi|move: Sticky Web
|-unboost|p2a: Jirachi|spe|1
|-damage|p2a: Jirachi|94/100|[from] Stealth Rock
|turn|18
|
|t:|1758341797
|move|p2a: Jirachi|Wish|p2a: Jirachi
|move|p1a: Araquanid|Liquidation|p2a: Jirachi
|-damage|p2a: Jirachi|38/100
|
|-heal|p2a: Jirachi|44/100|[from] item: Leftovers
|upkeep
|turn|19
|
|t:|1758341802
|move|p2a: Jirachi|Protect|p2a: Jirachi
|-singleturn|p2a: Jirachi|Protect
|move|p1a: Araquanid|Liquidation|p2a: Jirachi
|-activate|p2a: Jirachi|move: Protect
|
|-heal|p2a: Jirachi|94/100|[from] move: Wish|[wisher] Jirachi
|-heal|p2a: Jirachi|99/100|[from] item: Leftovers
|upkeep
|turn|20
|
|t:|1758341807
|-terastallize|p1a: Araquanid|Water
|move|p2a: Jirachi|Wish|p2a: Jirachi
|move|p1a: Araquanid|Liquidation|p2a: Jirachi
|-damage|p2a: Jirachi|23/100
|
|-heal|p2a: Jirachi|29/100|[from] item: Leftovers
|upkeep
|turn|21
|
|t:|1758341816
|move|p2a: Jirachi|Protect|p2a: Jirachi
|-singleturn|p2a: Jirachi|Protect
|move|p1a: Araquanid|Liquidation|p2a: Jirachi
|-activate|p2a: Jirachi|move: Protect
|
|-heal|p2a: Jirachi|79/100|[from] move: Wish|[wisher] Jirachi
|-heal|p2a: Jirachi|86/100|[from] item: Leftovers
|upkeep
|turn|22
|
|t:|1758341820
|move|p2a: Jirachi|Wish|p2a: Jirachi
|move|p1a: Araquanid|Liquidation|p2a: Jirachi
|-damage|p2a: Jirachi|10/100
|-unboost|p2a: Jirachi|def|1
|
|-heal|p2a: Jirachi|17/100|[from] item: Leftovers
|upkeep
|turn|23
|
|t:|1758341825
|move|p2a: Jirachi|Protect|p2a: Jirachi
|-singleturn|p2a: Jirachi|Protect
|move|p1a: Araquanid|Liquidation|p2a: Jirachi
|-activate|p2a: Jirachi|move: Protect
|
|-heal|p2a: Jirachi|67/100|[from] move: Wish|[wisher] Jirachi
|-heal|p2a: Jirachi|73/100|[from] item: Leftovers
|upkeep
|turn|24
|
|t:|1758341839
|switch|p2a: Incineroar|Incineroar, M|56/100
|-activate|p2a: Incineroar|move: Sticky Web
|-unboost|p2a: Incineroar|spe|1
|-damage|p2a: Incineroar|31/100|[from] Stealth Rock
|-ability|p2a: Incineroar|Intimidate|boost
|-unboost|p1a: Araquanid|atk|1
|move|p1a: Araquanid|Liquidation|p2a: Incineroar
|-supereffective|p2a: Incineroar
|-damage|p2a: Incineroar|0 fnt
|faint|p2a: Incineroar
|
|upkeep
|
|t:|1758341856
|switch|p2a: Umbreon|Umbreon, M|47/100
|-activate|p2a: Umbreon|move: Sticky Web
|-unboost|p2a: Umbreon|spe|1
|-damage|p2a: Umbreon|34/100|[from] Stealth Rock
|turn|25
|
|t:|1758341859
|move|p2a: Umbreon|Protect|p2a: Umbreon
|-singleturn|p2a: Umbreon|Protect
|move|p1a: Araquanid|Liquidation|p2a: Umbreon
|-activate|p2a: Umbreon|move: Protect
|
|-heal|p2a: Umbreon|40/100|[from] item: Leftovers
|upkeep
|turn|26
|
|t:|1758341866
|move|p1a: Araquanid|Liquidation|p2a: Umbreon
|-damage|p2a: Umbreon|0 fnt
|faint|p2a: Umbreon
|
|upkeep
|-message|PalworldDX forfeited.
|
|win|malamarFriend25
|raw|malamarFriend25's rating: 1328 &rarr; <strong>1344</strong><br />(+16 for winning)
|raw|PalworldDX's rating: 1254 &rarr; <strong>1234</strong><br />(-20 for losing)
|l|☆PalworldDX
|player|p2|
|l|☆malamarFriend25
|player|p1|
