|j|☆Bandersnatch34
|j|☆JPBuck
|t:|1758261326
|gametype|singles
|player|p1|Bandersnatch34|gardenia|1318
|player|p2|JPBuck|cynthia-gen4|1353
|gen|9
|tier|[Gen 9] OU
|rated|
|rule|HP Percentage Mod: HP is shown in percentages
|rule|Endless Battle Clause: Forcing endless battles is banned
|rule|Species Clause: Limit one of each Pokémon
|rule|OHKO Clause: OHKO moves are banned
|rule|Evasion Items Clause: Evasion items are banned
|rule|Evasion Moves Clause: Evasion moves are banned
|rule|Evasion Abilities Clause: Evasion abilities are banned
|rule|Sleep Moves Clause: Sleep-inducing moves are banned
|clearpoke
|poke|p1|Heatran, F|
|poke|p1|Great Tusk|
|poke|p1|Primarina, M|
|poke|p1|Gliscor, F|
|poke|p1|Alomomola, F|
|poke|p1|Munkidori, M|
|poke|p2|Serperior, M|
|poke|p2|Moltres-Galar|
|poke|p2|Garganacl, F|
|poke|p2|Slowking-Galar, M|
|poke|p2|Iron Hands|
|poke|p2|Landorus-Therian, M|
|teampreview
|
|t:|1758261335
|teamsize|p1|6
|teamsize|p2|6
|start
|switch|p1a: Gliscor|Gliscor, F|100/100
|switch|p2a: Landorus|Landorus-Therian, M|100/100
|-ability|p2a: Landorus|Intimidate|boost
|-unboost|p1a: Gliscor|atk|1
|turn|1
|
|t:|1758261345
|move|p2a: Landorus|Taunt|p1a: Gliscor
|-start|p1a: Gliscor|move: Taunt
|cant|p1a: Gliscor|move: Taunt|Spikes
|
|-status|p1a: Gliscor|tox|[from] item: Toxic Orb
|upkeep
|turn|2
|
|t:|1758261351
|switch|p1a: Great Tusk|Great Tusk|100/100
|move|p2a: Landorus|U-turn|p1a: Great Tusk
|-resisted|p1a: Great Tusk
|-damage|p1a: Great Tusk|92/100
|
|t:|1758261356
|switch|p2a: Serperior|Serperior, M|100/100|[from] U-turn
|
|upkeep
|turn|3
|
|t:|1758261362
|-end|p1a: Great Tusk|Protosynthesis|[silent]
|switch|p1a: Munkidori|Munkidori, M|100/100
|move|p2a: Serperior|Leech Seed|p1a: Munkidori
|-start|p1a: Munkidori|move: Leech Seed
|
|-damage|p1a: Munkidori|88/100|[from] Leech Seed|[of] p2a: Serperior
|upkeep
|turn|4
|
|t:|1758261370
|switch|p2a: Garganacl|Garganacl, F|100/100
|move|p1a: Munkidori|Sludge Bomb|p2a: Garganacl
|-resisted|p2a: Garganacl
|-damage|p2a: Garganacl|78/100
|
|-heal|p2a: Garganacl|85/100|[from] item: Leftovers
|-damage|p1a: Munkidori|76/100|[from] Leech Seed|[of] p2a: Garganacl
|-heal|p2a: Garganacl|94/100|[silent]
|upkeep
|turn|5
|
|t:|1758261382
|switch|p1a: Great Tusk|Great Tusk|92/100
|move|p2a: Garganacl|Substitute|p2a: Garganacl
|-start|p2a: Garganacl|Substitute
|-damage|p2a: Garganacl|69/100
|
|-heal|p2a: Garganacl|75/100|[from] item: Leftovers
|upkeep
|turn|6
|
|t:|1758261391
|-terastallize|p2a: Garganacl|Flying
|move|p1a: Great Tusk|Knock Off|p2a: Garganacl
|-activate|p2a: Garganacl|move: Substitute|[damage]
|move|p2a: Garganacl|Curse|p2a: Garganacl
|-unboost|p2a: Garganacl|spe|1
|-boost|p2a: Garganacl|atk|1
|-boost|p2a: Garganacl|def|1
|
|-heal|p2a: Garganacl|82/100|[from] item: Leftovers
|upkeep
|turn|7
|
|t:|1758261402
|move|p1a: Great Tusk|Ice Spinner|p2a: Garganacl
|-supereffective|p2a: Garganacl
|-end|p2a: Garganacl|Substitute
|move|p2a: Garganacl|Curse|p2a: Garganacl
|-unboost|p2a: Garganacl|spe|1
|-boost|p2a: Garganacl|atk|1
|-boost|p2a: Garganacl|def|1
|
|-heal|p2a: Garganacl|88/100|[from] item: Leftovers
|upkeep
|turn|8
|
|t:|1758261420
|-end|p1a: Great Tusk|Protosynthesis|[silent]
|switch|p1a: Primarina|Primarina, M|100/100
|move|p2a: Garganacl|Substitute|p2a: Garganacl
|-start|p2a: Garganacl|Substitute
|-damage|p2a: Garganacl|63/100
|
|-heal|p2a: Garganacl|69/100|[from] item: Leftovers
|upkeep
|turn|9
|
|t:|1758261428
|move|p1a: Primarina|Surf|p2a: Garganacl
|-end|p2a: Garganacl|Substitute
|move|p2a: Garganacl|Salt Cure|p1a: Primarina
|-damage|p1a: Primarina|68/100
|-start|p1a: Primarina|Salt Cure
|
|-heal|p2a: Garganacl|75/100|[from] item: Leftovers
|-damage|p1a: Primarina|43/100|[from] Salt Cure
|upkeep
|turn|10
|
|t:|1758261440
|switch|p2a: Slowking|Slowking-Galar, M|100/100
|move|p1a: Primarina|Surf|p2a: Slowking
|-damage|p2a: Slowking|69/100
|
|-heal|p2a: Slowking|75/100|[from] item: Leftovers
|-damage|p1a: Primarina|18/100|[from] Salt Cure
|upkeep
|turn|11
|
|t:|1758261449
|switch|p1a: Alomomola|Alomomola, F, shiny|100/100
|move|p2a: Slowking|Future Sight|p1a: Alomomola
|-start|p2a: Slowking|move: Future Sight
|
|-heal|p2a: Slowking|81/100|[from] item: Leftovers
|upkeep
|turn|12
|
|t:|1758261455
|move|p1a: Alomomola|Wish|p1a: Alomomola
|move|p2a: Slowking|Toxic|p1a: Alomomola
|-status|p1a: Alomomola|tox
|
|-heal|p2a: Slowking|87/100|[from] item: Leftovers
|-damage|p1a: Alomomola|94/100 tox|[from] psn
|upkeep
|turn|13
|
|t:|1758261461
|move|p1a: Alomomola|Flip Turn|p2a: Slowking
|-damage|p2a: Slowking|72/100
|
|t:|1758261465
|switch|p1a: Primarina|Primarina, M|18/100|[from] Flip Turn
|move|p2a: Slowking|Sludge Wave|p1a: Primarina
|-supereffective|p1a: Primarina
|-damage|p1a: Primarina|0 fnt
|faint|p1a: Primarina
|
|-hint|Future Sight did not hit because the target is fainted.
|-heal|p2a: Slowking|78/100|[from] item: Leftovers
|upkeep
|
|t:|1758261473
|switch|p1a: Heatran|Heatran, F|100/100
|turn|14
|
|t:|1758261480
|switch|p2a: Landorus|Landorus-Therian, M|100/100
|-ability|p2a: Landorus|Intimidate|boost
|-unboost|p1a: Heatran|atk|1
|move|p1a: Heatran|Taunt|p2a: Landorus
|-start|p2a: Landorus|move: Taunt
|
|upkeep
|turn|15
|
|t:|1758261488
|switch|p1a: Gliscor|Gliscor, F|100/100 tox
|move|p2a: Landorus|Rock Slide|p1a: Gliscor|[miss]
|-miss|p2a: Landorus|p1a: Gliscor
|
|upkeep
|turn|16
|
|t:|1758261493
|move|p2a: Landorus|U-turn|p1a: Gliscor
|-resisted|p1a: Gliscor
|-damage|p1a: Gliscor|90/100 tox
|
|t:|1758261502
|switch|p2a: Garganacl|Garganacl, F, tera:Flying|75/100|[from] U-turn
|move|p1a: Gliscor|Spikes|p2a: Garganacl
|-sidestart|p2: JPBuck|Spikes
|
|-heal|p2a: Garganacl|81/100|[from] item: Leftovers
|-heal|p1a: Gliscor|100/100 tox|[from] ability: Poison Heal
|upkeep
|turn|17
|
|t:|1758261517
|switch|p1a: Great Tusk|Great Tusk|92/100
|move|p2a: Garganacl|Substitute|p2a: Garganacl
|-start|p2a: Garganacl|Substitute
|-damage|p2a: Garganacl|56/100
|
|-heal|p2a: Garganacl|63/100|[from] item: Leftovers
|upkeep
|turn|18
|
|t:|1758261523
|move|p1a: Great Tusk|Ice Spinner|p2a: Garganacl
|-supereffective|p2a: Garganacl
|-activate|p2a: Garganacl|move: Substitute|[damage]
|move|p2a: Garganacl|Curse|p2a: Garganacl
|-unboost|p2a: Garganacl|spe|1
|-boost|p2a: Garganacl|atk|1
|-boost|p2a: Garganacl|def|1
|
|-heal|p2a: Garganacl|69/100|[from] item: Leftovers
|upkeep
|turn|19
|
|t:|1758261534
|move|p1a: Great Tusk|Ice Spinner|p2a: Garganacl
|-supereffective|p2a: Garganacl
|-end|p2a: Garganacl|Substitute
|move|p2a: Garganacl|Curse|p2a: Garganacl
|-unboost|p2a: Garganacl|spe|1
|-boost|p2a: Garganacl|atk|1
|-boost|p2a: Garganacl|def|1
|
|-heal|p2a: Garganacl|75/100|[from] item: Leftovers
|upkeep
|turn|20
|
|t:|1758261548
|-end|p1a: Great Tusk|Protosynthesis|[silent]
|switch|p1a: Munkidori|Munkidori, M|76/100
|move|p2a: Garganacl|Recover|p2a: Garganacl
|-heal|p2a: Garganacl|100/100
|
|upkeep
|turn|21
|
|t:|1758261558
|move|p1a: Munkidori|Psychic Noise|p2a: Garganacl
|-damage|p2a: Garganacl|66/100
|-start|p2a: Garganacl|move: Heal Block
|move|p2a: Garganacl|Salt Cure|p1a: Munkidori
|-damage|p1a: Munkidori|33/100
|-start|p1a: Munkidori|Salt Cure
|
|-damage|p1a: Munkidori|21/100|[from] Salt Cure
|upkeep
|turn|22
|
|t:|1758261587
|move|p1a: Munkidori|Psychic Noise|p2a: Garganacl
|-damage|p2a: Garganacl|28/100
|move|p2a: Garganacl|Substitute|p2a: Garganacl
|-start|p2a: Garganacl|Substitute
|-damage|p2a: Garganacl|3/100
|
|-damage|p1a: Munkidori|9/100|[from] Salt Cure
|-end|p2a: Garganacl|move: Heal Block
|upkeep
|turn|23
|-message|Bandersnatch34 forfeited.
|
|win|JPBuck
|raw|Bandersnatch34's rating: 1318 &rarr; <strong>1300</strong><br />(-18 for losing)
|raw|JPBuck's rating: 1353 &rarr; <strong>1371</strong><br />(+18 for winning)
|l|☆Bandersnatch34
|player|p1|
|l|☆JPBuck
|player|p2|
