|j|☆UnexpectdSets
|j|‽Attackthegoat
|t:|1758249294
|gametype|singles
|player|p1|UnexpectdSets|102|1349
|player|p2|Attackthegoat|101|1410
|gen|9
|tier|[Gen 9] OU
|rated|
|rule|HP Percentage Mod: HP is shown in percentages
|rule|Endless Battle Clause: Forcing endless battles is banned
|rule|Species Clause: Limit one of each Pokémon
|rule|OHKO Clause: OHKO moves are banned
|rule|Evasion Items Clause: Evasion items are banned
|rule|Evasion Moves Clause: Evasion moves are banned
|rule|Evasion Abilities Clause: Evasion abilities are banned
|rule|Sleep Moves Clause: Sleep-inducing moves are banned
|clearpoke
|poke|p1|Primeape, M|
|poke|p1|Articuno-Galar|
|poke|p1|Ogerpon, F|
|poke|p1|Cloyster, M|
|poke|p1|Tauros, M|
|poke|p1|Sandslash-Alola, M|
|poke|p2|Quaquaval, F|
|poke|p2|Dragonite, F|
|poke|p2|Talonflame, M|
|poke|p2|Ceruledge, F|
|poke|p2|Galvantula, F|
|poke|p2|Goodra, M|
|teampreview
|inactive|Battle timer is ON: inactive players will automatically lose when time's up. (requested by UnexpectdSets)
|
|t:|1758249320
|teamsize|p1|6
|teamsize|p2|6
|start
|switch|p1a: Articuno|Articuno-Galar|100/100
|switch|p2a: Galvantula|Galvantula, F|100/100
|turn|1
|
|t:|1758249342
|-terastallize|p1a: Articuno|Electric
|move|p2a: Galvantula|Thunder|p1a: Articuno
|-resisted|p1a: Articuno
|-damage|p1a: Articuno|75/100
|move|p1a: Articuno|Agility|p1a: Articuno
|-boost|p1a: Articuno|spe|2
|
|upkeep
|turn|2
|
|t:|1758249348
|move|p1a: Articuno|Calm Mind|p1a: Articuno
|-boost|p1a: Articuno|spa|1
|-boost|p1a: Articuno|spd|1
|move|p2a: Galvantula|Sticky Web|p1a: Articuno
|-sidestart|p1: UnexpectdSets|move: Sticky Web
|
|upkeep
|turn|3
|
|t:|1758249354
|switch|p2a: Goodra|Goodra, M|100/100
|move|p1a: Articuno|Calm Mind|p1a: Articuno
|-boost|p1a: Articuno|spa|1
|-boost|p1a: Articuno|spd|1
|
|upkeep
|turn|4
|
|t:|1758249365
|move|p1a: Articuno|Air Slash|p2a: Goodra
|-damage|p2a: Goodra|67/100
|move|p2a: Goodra|Dragon Pulse|p1a: Articuno
|-damage|p1a: Articuno|54/100
|
|upkeep
|turn|5
|
|t:|1758249379
|move|p1a: Articuno|Calm Mind|p1a: Articuno
|-boost|p1a: Articuno|spa|1
|-boost|p1a: Articuno|spd|1
|move|p2a: Goodra|Dragon Pulse|p1a: Articuno
|-damage|p1a: Articuno|35/100
|
|upkeep
|turn|6
|
|t:|1758249390
|move|p1a: Articuno|Stored Power|p2a: Goodra
|-damage|p2a: Goodra|0 fnt
|faint|p2a: Goodra
|
|upkeep
|
|t:|1758249396
|switch|p2a: Dragonite|Dragonite, F|100/100
|turn|7
|
|t:|1758249399
|move|p2a: Dragonite|Extreme Speed|p1a: Articuno
|-damage|p1a: Articuno|2/100
|move|p1a: Articuno|Stored Power|p2a: Dragonite
|-damage|p2a: Dragonite|0 fnt
|faint|p2a: Dragonite
|
|upkeep
|
|t:|1758249406
|switch|p2a: Ceruledge|Ceruledge, F|100/100
|turn|8
|
|t:|1758249412
|move|p2a: Ceruledge|Shadow Sneak|p1a: Articuno
|-damage|p1a: Articuno|0 fnt
|faint|p1a: Articuno
|
|upkeep
|
|t:|1758249415
|switch|p1a: Primeape|Primeape, M|100/100
|-activate|p1a: Primeape|move: Sticky Web
|-unboost|p1a: Primeape|spe|1
|-ability|p1a: Primeape|Defiant|boost
|-boost|p1a: Primeape|atk|2
|turn|9
|
|t:|1758249433
|move|p2a: Ceruledge|Swords Dance|p2a: Ceruledge
|-boost|p2a: Ceruledge|atk|2
|move|p1a: Primeape|U-turn|p2a: Ceruledge
|-resisted|p2a: Ceruledge
|-damage|p2a: Ceruledge|85/100
|-ability|p2a: Ceruledge|Weak Armor|boost
|-unboost|p2a: Ceruledge|def|1
|-boost|p2a: Ceruledge|spe|2
|
|t:|1758249443
|switch|p1a: Cloyster|Cloyster, M|100/100|[from] U-turn
|-activate|p1a: Cloyster|move: Sticky Web
|-unboost|p1a: Cloyster|spe|1
|
|upkeep
|turn|10
|inactive|Attackthegoat has 120 seconds left.
|inactive|Attackthegoat has 90 seconds left.
|inactive|Attackthegoat has 60 seconds left.
|inactive|UnexpectdSets has 120 seconds left.
|inactive|Attackthegoat has 30 seconds left.
|inactive|Attackthegoat has 20 seconds left.
|inactive|Attackthegoat has 15 seconds left.
|inactive|Attackthegoat has 10 seconds left.
|inactive|Attackthegoat has 5 seconds left.
|-message|Attackthegoat lost due to inactivity.
|
|win|UnexpectdSets
|raw|UnexpectdSets's rating: 1349 &rarr; <strong>1372</strong><br />(+23 for winning)
|raw|Attackthegoat's rating: 1410 &rarr; <strong>1387</strong><br />(-23 for losing)
|l|☆UnexpectdSets
|player|p1|
|l|‽Attackthegoat
|player|p2|
