|j|☆Sandvich_eater
|j|☆mexcrusader
|t:|1758308136
|gametype|singles
|player|p1|Sandvich_eater|hiker-gen4|1324
|player|p2|mexcrusader|266|1333
|gen|9
|tier|[Gen 9] OU
|rated|
|rule|HP Percentage Mod: HP is shown in percentages
|rule|Endless Battle Clause: Forcing endless battles is banned
|rule|Species Clause: Limit one of each Pokémon
|rule|OHKO Clause: OHKO moves are banned
|rule|Evasion Items Clause: Evasion items are banned
|rule|Evasion Moves Clause: Evasion moves are banned
|rule|Evasion Abilities Clause: Evasion abilities are banned
|rule|Sleep Moves Clause: Sleep-inducing moves are banned
|clearpoke
|poke|p1|Incineroar, M|
|poke|p1|Cyclizar, M|
|poke|p1|Alomomola, F|
|poke|p1|Gholdengo|
|poke|p1|Ogerpon-Wellspring, F|
|poke|p1|Dragapult, F|
|poke|p2|Excadrill, F|
|poke|p2|Tyranitar, M|
|poke|p2|Salamence, F|
|poke|p2|Greninja-*, F|
|poke|p2|Hatterene, F|
|poke|p2|Zapdos|
|teampreview
|inactive|Battle timer is ON: inactive players will automatically lose when time's up. (requested by mexcrusader)
|
|t:|1758308149
|teamsize|p1|6
|teamsize|p2|6
|start
|switch|p1a: Heel|Incineroar, M|100/100
|switch|p2a: Zapdos|Zapdos|100/100
|-ability|p1a: Heel|Intimidate|boost
|-unboost|p2a: Zapdos|atk|1
|turn|1
|
|t:|1758308157
|switch|p1a: The worst|Gholdengo|100/100
|move|p2a: Zapdos|Thunder Wave|p1a: The worst
|-immune|p1a: The worst|[from] ability: Good as Gold
|
|upkeep
|turn|2
|
|t:|1758308164
|move|p2a: Zapdos|Volt Switch|p1a: The worst
|-damage|p1a: The worst|64/100
|
|t:|1758308170
|switch|p2a: Greninja|Greninja, F|100/100|[from] Volt Switch
|move|p1a: The worst|Hex|p2a: Greninja
|-resisted|p2a: Greninja
|-damage|p2a: Greninja|77/100
|
|-heal|p1a: The worst|70/100|[from] item: Leftovers
|upkeep
|turn|3
|
|t:|1758308177
|switch|p1a: Fat fish|Alomomola, F|100/100
|move|p2a: Greninja|U-turn|p1a: Fat fish
|-start|p2a: Greninja|typechange|Bug|[from] ability: Protean
|-damage|p1a: Fat fish|89/100
|
|t:|1758308180
|switch|p2a: Zapdos|Zapdos|100/100|[from] U-turn
|
|upkeep
|turn|4
|
|t:|1758308184
|move|p2a: Zapdos|Volt Switch|p1a: Fat fish
|-supereffective|p1a: Fat fish
|-damage|p1a: Fat fish|0 fnt
|faint|p1a: Fat fish
|
|t:|1758308186
|switch|p2a: Tyranitar|Tyranitar, M|100/100|[from] Volt Switch
|-weather|Sandstorm|[from] ability: Sand Stream|[of] p2a: Tyranitar
|
|-weather|Sandstorm|[upkeep]
|upkeep
|
|t:|1758308191
|switch|p1a: Heel|Incineroar, M|100/100
|-ability|p1a: Heel|Intimidate|boost
|-unboost|p2a: Tyranitar|atk|1
|turn|5
|inactive|mexcrusader has 120 seconds left.
|
|t:|1758308228
|move|p2a: Tyranitar|Thunder Wave|p1a: Heel
|-status|p1a: Heel|par
|move|p1a: Heel|Will-O-Wisp|p2a: Tyranitar
|-status|p2a: Tyranitar|brn
|
|-weather|Sandstorm|[upkeep]
|-damage|p1a: Heel|94/100 par|[from] Sandstorm
|-damage|p2a: Tyranitar|94/100 brn|[from] brn
|upkeep
|turn|6
|
|t:|1758308235
|move|p2a: Tyranitar|Stealth Rock|p1a: Heel
|-sidestart|p1: Sandvich_eater|move: Stealth Rock
|move|p1a: Heel|Parting Shot|p2a: Tyranitar
|-unboost|p2a: Tyranitar|atk|1
|-unboost|p2a: Tyranitar|spa|1
|
|t:|1758308240
|switch|p1a: The worst|Gholdengo|70/100|[from] Parting Shot
|-damage|p1a: The worst|64/100|[from] Stealth Rock
|
|-weather|Sandstorm|[upkeep]
|-heal|p1a: The worst|70/100|[from] item: Leftovers
|-damage|p2a: Tyranitar|88/100 brn|[from] brn
|upkeep
|turn|7
|
|t:|1758308252
|move|p1a: The worst|Recover|p1a: The worst
|-heal|p1a: The worst|100/100
|move|p2a: Tyranitar|Crunch|p1a: The worst
|-supereffective|p1a: The worst
|-crit|p1a: The worst
|-damage|p1a: The worst|49/100
|
|-weather|Sandstorm|[upkeep]
|-heal|p1a: The worst|55/100|[from] item: Leftovers
|-damage|p2a: Tyranitar|82/100 brn|[from] brn
|upkeep
|turn|8
|
|t:|1758308257
|move|p1a: The worst|Recover|p1a: The worst
|-heal|p1a: The worst|100/100
|move|p2a: Tyranitar|Crunch|p1a: The worst
|-supereffective|p1a: The worst
|-damage|p1a: The worst|83/100
|
|-weather|Sandstorm|[upkeep]
|-heal|p1a: The worst|89/100|[from] item: Leftovers
|-damage|p2a: Tyranitar|76/100 brn|[from] brn
|upkeep
|turn|9
|
|t:|1758308268
|move|p1a: The worst|Dazzling Gleam|p2a: Tyranitar
|-supereffective|p2a: Tyranitar
|-damage|p2a: Tyranitar|50/100 brn
|move|p2a: Tyranitar|Crunch|p1a: The worst
|-supereffective|p1a: The worst
|-damage|p1a: The worst|72/100
|
|-weather|Sandstorm|[upkeep]
|-heal|p1a: The worst|78/100|[from] item: Leftovers
|-damage|p2a: Tyranitar|44/100 brn|[from] brn
|upkeep
|turn|10
|
|t:|1758308276
|switch|p2a: Zapdos|Zapdos|100/100
|move|p1a: The worst|Dazzling Gleam|p2a: Zapdos
|-damage|p2a: Zapdos|79/100
|
|-weather|Sandstorm|[upkeep]
|-damage|p2a: Zapdos|73/100|[from] Sandstorm
|-heal|p1a: The worst|84/100|[from] item: Leftovers
|upkeep
|turn|11
|
|t:|1758308282
|move|p2a: Zapdos|Volt Switch|p1a: The worst
|-damage|p1a: The worst|45/100
|
|t:|1758308298
|switch|p2a: Greninja|Greninja, F|77/100|[from] Volt Switch
|move|p1a: The worst|Thunder Wave|p2a: Greninja
|-status|p2a: Greninja|par
|
|-weather|none
|-heal|p1a: The worst|51/100|[from] item: Leftovers
|upkeep
|turn|12
|
|t:|1758308306
|switch|p1a: Spin out|Cyclizar, M|100/100
|move|p2a: Greninja|Water Shuriken|p1a: Spin out
|-start|p2a: Greninja|typechange|Water|[from] ability: Protean
|-resisted|p1a: Spin out
|-damage|p1a: Spin out|92/100
|-resisted|p1a: Spin out
|-damage|p1a: Spin out|82/100
|-resisted|p1a: Spin out
|-damage|p1a: Spin out|73/100
|-hitcount|p1a: Spin out|3
|
|upkeep
|turn|13
|
|t:|1758308311
|switch|p2a: Zapdos|Zapdos|73/100
|move|p1a: Spin out|Draco Meteor|p2a: Zapdos
|-damage|p2a: Zapdos|22/100
|-unboost|p1a: Spin out|spa|2
|
|upkeep
|turn|14
|
|t:|1758308316
|move|p1a: Spin out|Knock Off|p2a: Zapdos
|-damage|p2a: Zapdos|1/100
|-enditem|p2a: Zapdos|Heavy-Duty Boots|[from] move: Knock Off|[of] p1a: Spin out
|move|p2a: Zapdos|Roost|p2a: Zapdos
|-heal|p2a: Zapdos|51/100
|-singleturn|p2a: Zapdos|move: Roost
|
|upkeep
|turn|15
|
|t:|1758308323
|move|p1a: Spin out|U-turn|p2a: Zapdos
|-resisted|p2a: Zapdos
|-damage|p2a: Zapdos|43/100
|
|t:|1758308327
|switch|p1a: The worst|Gholdengo|51/100|[from] U-turn
|-damage|p1a: The worst|45/100|[from] Stealth Rock
|move|p2a: Zapdos|Thunder Wave|p1a: The worst
|-immune|p1a: The worst|[from] ability: Good as Gold
|
|-heal|p1a: The worst|51/100|[from] item: Leftovers
|upkeep
|turn|16
|
|t:|1758308329
|move|p2a: Zapdos|Volt Switch|p1a: The worst
|-damage|p1a: The worst|16/100
|
|t:|1758308334
|switch|p2a: Greninja|Greninja, F|77/100 par|[from] Volt Switch
|move|p1a: The worst|Recover|p1a: The worst
|-heal|p1a: The worst|66/100
|
|-heal|p1a: The worst|72/100|[from] item: Leftovers
|upkeep
|turn|17
|
|t:|1758308341
|switch|p1a: Spin out|Cyclizar, M|100/100
|move|p2a: Greninja|Water Shuriken|p1a: Spin out
|-start|p2a: Greninja|typechange|Water|[from] ability: Protean
|-resisted|p1a: Spin out
|-damage|p1a: Spin out|93/100
|-resisted|p1a: Spin out
|-crit|p1a: Spin out
|-damage|p1a: Spin out|80/100
|-resisted|p1a: Spin out
|-damage|p1a: Spin out|72/100
|-resisted|p1a: Spin out
|-damage|p1a: Spin out|63/100
|-resisted|p1a: Spin out
|-damage|p1a: Spin out|54/100
|-hitcount|p1a: Spin out|5
|
|upkeep
|turn|18
|
|t:|1758308348
|move|p2a: Greninja|Water Shuriken|p1a: Spin out
|-resisted|p1a: Spin out
|-damage|p1a: Spin out|45/100
|-resisted|p1a: Spin out
|-damage|p1a: Spin out|36/100
|-hitcount|p1a: Spin out|2
|move|p1a: Spin out|Rapid Spin|p2a: Greninja
|-damage|p2a: Greninja|48/100 par
|-boost|p1a: Spin out|spe|1
|-sideend|p1: Sandvich_eater|Stealth Rock|[from] move: Rapid Spin|[of] p1a: Spin out
|
|upkeep
|turn|19
|
|t:|1758308354
|move|p2a: Greninja|Water Shuriken|p1a: Spin out
|-resisted|p1a: Spin out
|-damage|p1a: Spin out|28/100
|-resisted|p1a: Spin out
|-damage|p1a: Spin out|19/100
|-resisted|p1a: Spin out
|-damage|p1a: Spin out|10/100
|-resisted|p1a: Spin out
|-damage|p1a: Spin out|1/100
|-resisted|p1a: Spin out
|-damage|p1a: Spin out|0 fnt
|faint|p1a: Spin out
|-hitcount|p1: Spin out|5
|
|upkeep
|
|t:|1758308370
|switch|p1a: Silly :3|Ogerpon-Wellspring, F|100/100
|turn|20
|
|t:|1758308375
|switch|p2a: Zapdos|Zapdos|43/100
|move|p1a: Silly :3|Swords Dance|p1a: Silly :3
|-boost|p1a: Silly :3|atk|2
|
|upkeep
|turn|21
|
|t:|1758308379
|-terastallize|p1a: Silly :3|Water
|detailschange|p1a: Silly :3|Ogerpon-Wellspring-Tera, F, tera:Water
|-ability|p1a: Silly :3|Embody Aspect (Wellspring)|boost
|-boost|p1a: Silly :3|spd|1
|move|p1a: Silly :3|Trailblaze|p2a: Zapdos
|-resisted|p2a: Zapdos
|-damage|p2a: Zapdos|11/100
|-boost|p1a: Silly :3|spe|1
|-status|p1a: Silly :3|par|[from] ability: Static|[of] p2a: Zapdos
|move|p2a: Zapdos|Thunder Wave|p1a: Silly :3|[miss]
|-miss|p2a: Zapdos|p1a: Silly :3
|
|upkeep
|turn|22
|
|t:|1758308389
|move|p1a: Silly :3|Trailblaze|p2a: Zapdos
|-resisted|p2a: Zapdos
|-damage|p2a: Zapdos|0 fnt
|-boost|p1a: Silly :3|spe|1
|faint|p2a: Zapdos
|
|upkeep
|
|t:|1758308401
|switch|p2a: Salamence|Salamence, F|100/100
|-ability|p2a: Salamence|Intimidate|boost
|-unboost|p1a: Silly :3|atk|1
|turn|23
|
|t:|1758308415
|-terastallize|p2a: Salamence|Steel
|move|p1a: Silly :3|Swords Dance|p1a: Silly :3
|-boost|p1a: Silly :3|atk|2
|move|p2a: Salamence|Dragon Dance|p2a: Salamence
|-boost|p2a: Salamence|atk|1
|-boost|p2a: Salamence|spe|1
|
|upkeep
|turn|24
|
|t:|1758308418
|move|p2a: Salamence|Breaking Swipe|p1a: Silly :3
|-damage|p1a: Silly :3|45/100 par
|-unboost|p1a: Silly :3|atk|1
|move|p1a: Silly :3|Ivy Cudgel|p2a: Salamence|[anim] Ivy Cudgel Water
|-damage|p2a: Salamence|0 fnt
|faint|p2a: Salamence
|
|upkeep
|
|t:|1758308423
|switch|p2a: Tyranitar|Tyranitar, M|44/100 brn
|-weather|Sandstorm|[from] ability: Sand Stream|[of] p2a: Tyranitar
|turn|25
|
|t:|1758308427
|move|p1a: Silly :3|Horn Leech|p2a: Tyranitar
|-supereffective|p2a: Tyranitar
|-damage|p2a: Tyranitar|0 fnt
|-heal|p1a: Silly :3|74/100 par|[from] drain|[of] p2a: Tyranitar
|faint|p2a: Tyranitar
|
|-weather|Sandstorm|[upkeep]
|-damage|p1a: Silly :3|68/100 par|[from] Sandstorm
|upkeep
|
|t:|1758308430
|switch|p2a: Excadrill|Excadrill, F|100/100
|-item|p2a: Excadrill|Air Balloon
|turn|26
|
|t:|1758308434
|move|p2a: Excadrill|Earthquake|p1a: Silly :3
|-damage|p1a: Silly :3|0 fnt
|faint|p1a: Silly :3
|detailschange|p1: Silly :3|Ogerpon-Wellspring, F|[silent]
|
|-weather|Sandstorm|[upkeep]
|upkeep
|
|t:|1758308437
|switch|p1a: Heel|Incineroar, M|94/100 par
|-ability|p1a: Heel|Intimidate|boost
|-unboost|p2a: Excadrill|atk|1
|turn|27
|
|t:|1758308443
|move|p2a: Excadrill|Earthquake|p1a: Heel
|-supereffective|p1a: Heel
|-damage|p1a: Heel|19/100 par
|cant|p1a: Heel|par
|
|-weather|Sandstorm|[upkeep]
|-damage|p1a: Heel|13/100 par|[from] Sandstorm
|upkeep
|turn|28
|
|t:|1758308449
|move|p2a: Excadrill|Iron Head|p1a: Heel
|-resisted|p1a: Heel
|-damage|p1a: Heel|0 fnt
|faint|p1a: Heel
|
|-weather|Sandstorm|[upkeep]
|upkeep
|
|t:|1758308470
|switch|p1a: The worst|Gholdengo|72/100
|turn|29
|
|t:|1758308473
|move|p2a: Excadrill|Earthquake|p1a: The worst
|-supereffective|p1a: The worst
|-damage|p1a: The worst|13/100
|move|p1a: The worst|Recover|p1a: The worst
|-heal|p1a: The worst|63/100
|
|-weather|Sandstorm|[upkeep]
|-heal|p1a: The worst|69/100|[from] item: Leftovers
|upkeep
|turn|30
|
|t:|1758308478
|move|p2a: Excadrill|Swords Dance|p2a: Excadrill
|-boost|p2a: Excadrill|atk|2
|move|p1a: The worst|Recover|p1a: The worst
|-heal|p1a: The worst|100/100
|
|-weather|Sandstorm|[upkeep]
|upkeep
|turn|31
|
|t:|1758308482
|move|p2a: Excadrill|Earthquake|p1a: The worst
|-supereffective|p1a: The worst
|-damage|p1a: The worst|0 fnt
|faint|p1a: The worst
|
|-weather|Sandstorm|[upkeep]
|upkeep
|
|t:|1758308485
|switch|p1a: Dragapult|Dragapult, F|100/100
|turn|32
|
|t:|1758308491
|move|p2a: Excadrill|Iron Head|p1a: Dragapult
|-damage|p1a: Dragapult|0 fnt
|faint|p1a: Dragapult
|
|win|mexcrusader
|raw|Sandvich_eater's rating: 1324 &rarr; <strong>1303</strong><br />(-21 for losing)
|raw|mexcrusader's rating: 1314 &rarr; <strong>1335</strong><br />(+21 for winning)
|l|☆mexcrusader
|player|p2|
|l|☆Sandvich_eater
|player|p1|
