|j|☆miamiaquatic
|j|☆SemperMamba
|t:|1758287543
|gametype|singles
|player|p1|miamiaquatic|170|1293
|player|p2|SemperMamba|101|1329
|gen|9
|tier|[Gen 9] OU
|rated|
|rule|HP Percentage Mod: HP is shown in percentages
|rule|Endless Battle Clause: Forcing endless battles is banned
|rule|Species Clause: Limit one of each Pokémon
|rule|OHKO Clause: OHKO moves are banned
|rule|Evasion Items Clause: Evasion items are banned
|rule|Evasion Moves Clause: Evasion moves are banned
|rule|Evasion Abilities Clause: Evasion abilities are banned
|rule|Sleep Moves Clause: Sleep-inducing moves are banned
|clearpoke
|poke|p1|Dragonite, M|
|poke|p1|Blastoise, F|
|poke|p1|Clefable, M|
|poke|p1|Scizor, F|
|poke|p1|Ceruledge, M|
|poke|p1|Raichu, M|
|poke|p2|Lokix, F|
|poke|p2|Iron Crown|
|poke|p2|Gliscor, M|
|poke|p2|Garganacl, M|
|poke|p2|Pecharunt|
|poke|p2|Cinderace, F|
|teampreview
|
|t:|1758287582
|teamsize|p1|6
|teamsize|p2|6
|start
|switch|p1a: Raichu|Raichu, M|100/100
|switch|p2a: Iron Crown|Iron Crown|100/100
|turn|1
|
|t:|1758287588
|-end|p2a: Iron Crown|Quark Drive|[silent]
|switch|p2a: Garganacl|Garganacl, M|100/100
|move|p1a: Raichu|Nuzzle|p2a: Garganacl
|-damage|p2a: Garganacl|95/100
|-damage|p1a: Raichu|91/100|[from] item: Life Orb
|
|-heal|p2a: Garganacl|100/100|[from] item: Leftovers
|upkeep
|turn|2
|
|t:|1758287598
|-terastallize|p1a: Raichu|Water
|move|p1a: Raichu|Surf|p2a: Garganacl
|-supereffective|p2a: Garganacl
|-damage|p2a: Garganacl|36/100
|-damage|p1a: Raichu|81/100|[from] item: Life Orb
|move|p2a: Garganacl|Stealth Rock|p1a: Raichu
|-sidestart|p1: miamiaquatic|move: Stealth Rock
|
|-heal|p2a: Garganacl|42/100|[from] item: Leftovers
|upkeep
|turn|3
|
|t:|1758287608
|move|p2a: Garganacl|Protect|p2a: Garganacl
|-singleturn|p2a: Garganacl|Protect
|move|p1a: Raichu|Surf|p2a: Garganacl
|-activate|p2a: Garganacl|move: Protect
|
|-heal|p2a: Garganacl|49/100|[from] item: Leftovers
|upkeep
|turn|4
|
|t:|1758287619
|-terastallize|p2a: Garganacl|Water
|move|p1a: Raichu|Surf|p2a: Garganacl
|-resisted|p2a: Garganacl
|-damage|p2a: Garganacl|32/100
|-damage|p1a: Raichu|71/100|[from] item: Life Orb
|move|p2a: Garganacl|Salt Cure|p1a: Raichu
|-damage|p1a: Raichu|40/100
|-start|p1a: Raichu|Salt Cure
|
|-heal|p2a: Garganacl|38/100|[from] item: Leftovers
|-damage|p1a: Raichu|15/100|[from] Salt Cure
|upkeep
|turn|5
|
|t:|1758287631
|switch|p2a: Gliscor|Gliscor, M|100/100
|move|p1a: Raichu|Thunderbolt|p2a: Gliscor
|-immune|p2a: Gliscor
|
|-damage|p1a: Raichu|0 fnt|[from] Salt Cure
|faint|p1a: Raichu
|-status|p2a: Gliscor|tox|[from] item: Toxic Orb
|upkeep
|
|t:|1758287635
|switch|p1a: Scizor|Scizor, F|100/100
|-damage|p1a: Scizor|88/100|[from] Stealth Rock
|turn|6
|
|t:|1758287640
|move|p2a: Gliscor|Swords Dance|p2a: Gliscor
|-boost|p2a: Gliscor|atk|2
|move|p1a: Scizor|Swords Dance|p1a: Scizor
|-boost|p1a: Scizor|atk|2
|
|upkeep
|turn|7
|
|t:|1758287646
|move|p2a: Gliscor|Earthquake|p1a: Scizor
|-damage|p1a: Scizor|16/100
|-enditem|p1a: Scizor|Sitrus Berry|[eat]
|-heal|p1a: Scizor|41/100|[from] item: Sitrus Berry
|move|p1a: Scizor|Defog|p2a: Gliscor
|-unboost|p2a: Gliscor|evasion|1
|-sideend|p1: miamiaquatic|Stealth Rock|[from] move: Defog|[of] p1a: Scizor
|
|upkeep
|turn|8
|
|t:|1758287657
|move|p2a: Gliscor|Earthquake|p1a: Scizor
|-damage|p1a: Scizor|0 fnt
|faint|p1a: Scizor
|
|upkeep
|
|t:|1758287660
|switch|p1a: Blastoise|Blastoise, F|100/100
|turn|9
|
|t:|1758287674
|move|p2a: Gliscor|Earthquake|p1a: Blastoise
|-damage|p1a: Blastoise|14/100
|move|p1a: Blastoise|Shell Smash|p1a: Blastoise
|-unboost|p1a: Blastoise|def|1
|-unboost|p1a: Blastoise|spd|1
|-boost|p1a: Blastoise|atk|2
|-boost|p1a: Blastoise|spa|2
|-boost|p1a: Blastoise|spe|2
|-enditem|p1a: Blastoise|White Herb
|-clearnegativeboost|p1a: Blastoise|[silent]
|
|upkeep
|turn|10
|
|t:|1758287681
|switch|p2a: Garganacl|Garganacl, M, tera:Water|38/100
|move|p1a: Blastoise|Ice Beam|p2a: Garganacl
|-resisted|p2a: Garganacl
|-damage|p2a: Garganacl|21/100
|
|-heal|p2a: Garganacl|27/100|[from] item: Leftovers
|upkeep
|turn|11
|
|t:|1758287695
|move|p2a: Garganacl|Protect|p2a: Garganacl
|-singleturn|p2a: Garganacl|Protect
|move|p1a: Blastoise|Dark Pulse|p2a: Garganacl
|-activate|p2a: Garganacl|move: Protect
|
|-heal|p2a: Garganacl|34/100|[from] item: Leftovers
|upkeep
|turn|12
|
|t:|1758287705
|move|p1a: Blastoise|Dark Pulse|p2a: Garganacl
|-damage|p2a: Garganacl|2/100
|move|p2a: Garganacl|Stealth Rock|p1a: Blastoise
|-sidestart|p1: miamiaquatic|move: Stealth Rock
|
|-heal|p2a: Garganacl|8/100|[from] item: Leftovers
|upkeep
|turn|13
|
|t:|1758287714
|move|p2a: Garganacl|Protect|p2a: Garganacl
|-singleturn|p2a: Garganacl|Protect
|move|p1a: Blastoise|Dark Pulse|p2a: Garganacl
|-activate|p2a: Garganacl|move: Protect
|
|-heal|p2a: Garganacl|14/100|[from] item: Leftovers
|upkeep
|turn|14
|
|t:|1758287730
|move|p1a: Blastoise|Surf|p2a: Garganacl
|-resisted|p2a: Garganacl
|-damage|p2a: Garganacl|0 fnt
|faint|p2a: Garganacl
|
|upkeep
|
|t:|1758287733
|switch|p2a: Lokix|Lokix, F|100/100
|turn|15
|
|t:|1758287741
|switch|p1a: Ceruledge|Ceruledge, M|100/100
|-damage|p1a: Ceruledge|75/100|[from] Stealth Rock
|move|p2a: Lokix|Sucker Punch||[still]
|-fail|p2a: Lokix
|
|upkeep
|turn|16
|
|t:|1758287750
|move|p2a: Lokix|Knock Off|p1a: Ceruledge
|-supereffective|p1a: Ceruledge
|-damage|p1a: Ceruledge|0 fnt
|-enditem|p1a: Ceruledge|Focus Sash|[from] move: Knock Off|[of] p2a: Lokix
|faint|p1a: Ceruledge
|
|upkeep
|
|t:|1758287755
|switch|p1a: Clefable|Clefable, M|100/100
|-damage|p1a: Clefable|88/100|[from] Stealth Rock
|turn|17
|
|t:|1758287760
|move|p2a: Lokix|U-turn|p1a: Clefable
|-resisted|p1a: Clefable
|-damage|p1a: Clefable|54/100
|
|t:|1758287764
|switch|p2a: Gliscor|Gliscor, M|100/100 tox|[from] U-turn
|move|p1a: Clefable|Cosmic Power|p1a: Clefable
|-boost|p1a: Clefable|def|1
|-boost|p1a: Clefable|spd|1
|
|upkeep
|turn|18
|-message|miamiaquatic forfeited.
|
|win|SemperMamba
|raw|miamiaquatic's rating: 1293 &rarr; <strong>1271</strong><br />(-22 for losing)
|raw|SemperMamba's rating: 1329 &rarr; <strong>1347</strong><br />(+18 for winning)
|l|☆miamiaquatic
|player|p1|
|l|☆SemperMamba
|player|p2|
