|j|☆raffwastaken
|j|☆Gayroach
|t:|1758247854
|gametype|singles
|player|p1|raffwastaken|aaron|1107
|player|p2|Gayroach|bruno|1000
|gen|9
|tier|[Gen 9] OU
|rated|
|rule|HP Percentage Mod: HP is shown in percentages
|rule|Endless Battle Clause: Forcing endless battles is banned
|rule|Species Clause: Limit one of each Pokémon
|rule|OHKO Clause: OHKO moves are banned
|rule|Evasion Items Clause: Evasion items are banned
|rule|Evasion Moves Clause: Evasion moves are banned
|rule|Evasion Abilities Clause: Evasion abilities are banned
|rule|Sleep Moves Clause: Sleep-inducing moves are banned
|clearpoke
|poke|p1|Kingambit, M|
|poke|p1|Alomomola, F|
|poke|p1|Great Tusk|
|poke|p1|Scizor, M|
|poke|p1|Iron Valiant|
|poke|p1|Gliscor, M|
|poke|p2|Hawlucha, F|
|poke|p2|Dodrio, M|
|poke|p2|Cacturne, F|
|poke|p2|Sandaconda, F|
|poke|p2|Malamar, M|
|poke|p2|Incineroar, M|
|teampreview
|inactive|Battle timer is ON: inactive players will automatically lose when time's up. (requested by raffwastaken)
|c|☆raffwastaken|Nice team
|c|☆raffwastaken|our friend malamar
|c|☆raffwastaken|our friend malamar
|c|☆raffwastaken|our friend malamar
|inactive|Gayroach has 120 seconds left.
|
|t:|1758247890
|teamsize|p1|6
|teamsize|p2|6
|start
|switch|p1a: Great Tusk|Great Tusk|100/100
|switch|p2a: Incineroar|Incineroar, M|100/100
|-ability|p2a: Incineroar|Intimidate|boost
|-unboost|p1a: Great Tusk|atk|1
|turn|1
|
|t:|1758247902
|move|p1a: Great Tusk|Stealth Rock|p2a: Incineroar
|-sidestart|p2: Gayroach|move: Stealth Rock
|move|p2a: Incineroar|Flame Charge|p1a: Great Tusk
|-damage|p1a: Great Tusk|82/100
|-boost|p2a: Incineroar|spe|1
|
|upkeep
|turn|2
|
|t:|1758247914
|move|p2a: Incineroar|Bulk Up|p2a: Incineroar
|-boost|p2a: Incineroar|atk|1
|-boost|p2a: Incineroar|def|1
|move|p1a: Great Tusk|Headlong Rush|p2a: Incineroar
|-supereffective|p2a: Incineroar
|-damage|p2a: Incineroar|42/100
|-unboost|p1a: Great Tusk|def|1
|-unboost|p1a: Great Tusk|spd|1
|-enditem|p2a: Incineroar|Weakness Policy
|-boost|p2a: Incineroar|atk|2|[from] item: Weakness Policy
|-boost|p2a: Incineroar|spa|2|[from] item: Weakness Policy
|
|upkeep
|turn|3
|
|t:|1758247927
|move|p2a: Incineroar|Power Trip|p1a: Great Tusk
|-resisted|p1a: Great Tusk
|-damage|p1a: Great Tusk|0 fnt
|faint|p1a: Great Tusk
|-end|p1a: Great Tusk|Protosynthesis|[silent]
|
|upkeep
|
|t:|1758247944
|switch|p1a: Iron Valiant|Iron Valiant|100/100
|turn|4
|
|t:|1758247955
|move|p1a: Iron Valiant|Moonblast|p2a: Incineroar
|-damage|p2a: Incineroar|0 fnt
|faint|p2a: Incineroar
|
|upkeep
|
|t:|1758247961
|switch|p2a: Cacturne|Cacturne, F|100/100
|-damage|p2a: Cacturne|88/100|[from] Stealth Rock
|turn|5
|
|t:|1758247968
|move|p2a: Cacturne|Sucker Punch|p1a: Iron Valiant
|-resisted|p1a: Iron Valiant
|-damage|p1a: Iron Valiant|89/100
|move|p1a: Iron Valiant|Moonblast|p2a: Cacturne
|-supereffective|p2a: Cacturne
|-damage|p2a: Cacturne|0 fnt
|faint|p2a: Cacturne
|
|upkeep
|
|t:|1758247978
|switch|p2a: Dodrio|Dodrio, M|100/100
|-damage|p2a: Dodrio|76/100|[from] Stealth Rock
|turn|6
|
|t:|1758247985
|-end|p1a: Iron Valiant|Quark Drive|[silent]
|switch|p1a: Gliscor|Gliscor, M|100/100
|move|p2a: Dodrio|Endure||[still]
|-fail|p2a: Dodrio
|
|-status|p1a: Gliscor|tox|[from] item: Toxic Orb
|upkeep
|turn|7
|
|t:|1758247997
|move|p2a: Dodrio|Acrobatics|p1a: Gliscor
|-damage|p1a: Gliscor|82/100 tox
|move|p1a: Gliscor|Facade|p2a: Dodrio
|-damage|p2a: Dodrio|21/100
|-enditem|p2a: Dodrio|Liechi Berry|[eat]
|-boost|p2a: Dodrio|atk|1|[from] item: Liechi Berry
|
|-heal|p1a: Gliscor|95/100 tox|[from] ability: Poison Heal
|upkeep
|turn|8
|
|t:|1758248015
|move|p2a: Dodrio|Endure|p2a: Dodrio
|-singleturn|p2a: Dodrio|move: Endure
|move|p1a: Gliscor|Swords Dance|p1a: Gliscor
|-boost|p1a: Gliscor|atk|2
|
|-heal|p1a: Gliscor|100/100 tox|[from] ability: Poison Heal
|upkeep
|turn|9
|
|t:|1758248023
|move|p2a: Dodrio|Flail|p1a: Gliscor
|-damage|p1a: Gliscor|46/100 tox
|move|p1a: Gliscor|Facade|p2a: Dodrio
|-damage|p2a: Dodrio|0 fnt
|faint|p2a: Dodrio
|
|-heal|p1a: Gliscor|58/100 tox|[from] ability: Poison Heal
|upkeep
|
|t:|1758248034
|switch|p2a: Malamar|Malamar, M|100/100
|-damage|p2a: Malamar|88/100|[from] Stealth Rock
|turn|10
|
|t:|1758248041
|move|p1a: Gliscor|Facade|p2a: Malamar
|-damage|p2a: Malamar|24/100
|move|p2a: Malamar|Topsy-Turvy|p1a: Gliscor
|-invertboost|p1a: Gliscor|[from] move: Topsy-Turvy
|
|-heal|p2a: Malamar|30/100|[from] item: Leftovers
|-heal|p1a: Gliscor|71/100 tox|[from] ability: Poison Heal
|upkeep
|turn|11
|
|t:|1758248054
|switch|p1a: Scizor|Scizor, M|100/100
|move|p2a: Malamar|Trick Room|p2a: Malamar
|-fieldstart|move: Trick Room|[of] p2a: Malamar
|
|-heal|p2a: Malamar|36/100|[from] item: Leftovers
|upkeep
|turn|12
|
|t:|1758248062
|move|p1a: Scizor|Bullet Punch|p2a: Malamar
|-damage|p2a: Malamar|0 fnt
|faint|p2a: Malamar
|-damage|p1a: Scizor|91/100|[from] item: Life Orb
|
|upkeep
|
|t:|1758248069
|switch|p2a: Sandaconda|Sandaconda, F|100/100
|-damage|p2a: Sandaconda|94/100|[from] Stealth Rock
|turn|13
|
|t:|1758248076
|move|p2a: Sandaconda|Coil|p2a: Sandaconda
|-boost|p2a: Sandaconda|atk|1
|-boost|p2a: Sandaconda|def|1
|-boost|p2a: Sandaconda|accuracy|1
|move|p1a: Scizor|Swords Dance|p1a: Scizor
|-boost|p1a: Scizor|atk|2
|
|upkeep
|turn|14
|c|☆raffwastaken|Prob shed skin
|c|☆raffwastaken|Yep
|
|t:|1758248084
|move|p2a: Sandaconda|Coil|p2a: Sandaconda
|-boost|p2a: Sandaconda|atk|1
|-boost|p2a: Sandaconda|def|1
|-boost|p2a: Sandaconda|accuracy|1
|move|p1a: Scizor|Knock Off|p2a: Sandaconda
|-damage|p2a: Sandaconda|54/100
|-enditem|p2a: Sandaconda|Loaded Dice|[from] move: Knock Off|[of] p1a: Scizor
|-damage|p1a: Scizor|81/100|[from] item: Life Orb
|
|upkeep
|turn|15
|
|t:|1758248094
|move|p2a: Sandaconda|Rock Blast|p1a: Scizor
|-damage|p1a: Scizor|62/100
|-damage|p1a: Scizor|43/100
|-hitcount|p1a: Scizor|2
|move|p1a: Scizor|Close Combat|p2a: Sandaconda
|-damage|p2a: Sandaconda|2/100
|-unboost|p1a: Scizor|def|1
|-unboost|p1a: Scizor|spd|1
|-damage|p1a: Scizor|33/100|[from] item: Life Orb
|
|-fieldend|move: Trick Room
|upkeep
|turn|16
|
|t:|1758248106
|move|p1a: Scizor|Knock Off|p2a: Sandaconda
|-damage|p2a: Sandaconda|0 fnt
|faint|p2a: Sandaconda
|-damage|p1a: Scizor|23/100|[from] item: Life Orb
|
|upkeep
|
|t:|1758248112
|switch|p2a: Hawlucha|Hawlucha, F|100/100
|-damage|p2a: Hawlucha|88/100|[from] Stealth Rock
|turn|17
|
|t:|1758248119
|switch|p1a: Iron Valiant|Iron Valiant|89/100
|move|p2a: Hawlucha|Upper Hand||[still]
|-fail|p2a: Hawlucha
|
|upkeep
|turn|18
|
|t:|1758248127
|move|p2a: Hawlucha|Endure|p2a: Hawlucha
|-singleturn|p2a: Hawlucha|move: Endure
|move|p1a: Iron Valiant|Trick|p2a: Hawlucha
|-activate|p1a: Iron Valiant|move: Trick|[of] p2a: Hawlucha
|-item|p2a: Hawlucha|Choice Specs|[from] move: Trick
|-item|p1a: Iron Valiant|Liechi Berry|[from] move: Trick
|
|upkeep
|turn|19
|c|☆raffwastaken|I knew it
|
|t:|1758248136
|move|p2a: Hawlucha|Acrobatics|p1a: Iron Valiant
|-supereffective|p1a: Iron Valiant
|-damage|p1a: Iron Valiant|30/100
|move|p1a: Iron Valiant|Moonblast|p2a: Hawlucha
|-supereffective|p2a: Hawlucha
|-damage|p2a: Hawlucha|0 fnt
|faint|p2a: Hawlucha
|
|win|raffwastaken
|raw|raffwastaken's rating: 1107 &rarr; <strong>1125</strong><br />(+18 for winning)
|raw|Gayroach's rating: 1000 &rarr; <strong>1000</strong><br />(+0 for losing)
|l|☆Gayroach
|player|p2|
