|j|☆Hunter_of_Keys
|j|☆Celestial_dubkun
|t:|1758352526
|gametype|singles
|player|p1|Hunter_of_Keys|veteran|1456
|player|p2|Celestial_dubkun|hiker-gen4|1645
|gen|9
|tier|[Gen 9] OU
|rated|
|rule|HP Percentage Mod: HP is shown in percentages
|rule|Endless Battle Clause: Forcing endless battles is banned
|rule|Species Clause: Limit one of each Pokémon
|rule|OHKO Clause: OHKO moves are banned
|rule|Evasion Items Clause: Evasion items are banned
|rule|Evasion Moves Clause: Evasion moves are banned
|rule|Evasion Abilities Clause: Evasion abilities are banned
|rule|Sleep Moves Clause: Sleep-inducing moves are banned
|clearpoke
|poke|p1|Flareon, M|
|poke|p1|Jolteon, F|
|poke|p1|Vaporeon, M|
|poke|p1|Umbreon, F|
|poke|p1|Sylveon, F|
|poke|p1|Espeon, F|
|poke|p2|Toxapex, F|
|poke|p2|Goodra-Hisui, F|
|poke|p2|Corviknight, M|
|poke|p2|Great Tusk|
|poke|p2|Enamorus, F|
|poke|p2|Darkrai|
|teampreview
|inactive|Battle timer is ON: inactive players will automatically lose when time's up. (requested by Hunter_of_Keys)
|inactive|Celestial_dubkun has 120 seconds left.
|
|t:|1758352564
|teamsize|p1|6
|teamsize|p2|6
|start
|switch|p1a: Jolteon|Jolteon, F|100/100
|switch|p2a: Enamorus|Enamorus, F|100/100
|turn|1
|
|t:|1758352571
|switch|p2a: Goodra|Goodra-Hisui, F|100/100
|move|p1a: Jolteon|Protect||[still]
|-fail|p1a: Jolteon
|
|-status|p1a: Jolteon|brn|[from] item: Flame Orb
|upkeep
|turn|2
|
|t:|1758352583
|move|p1a: Jolteon|Volt Switch|p2a: Goodra
|-resisted|p2a: Goodra
|-damage|p2a: Goodra|93/100
|
|t:|1758352585
|switch|p1a: Flareon|Flareon, M|100/100|[from] Volt Switch
|move|p2a: Goodra|Earthquake|p1a: Flareon
|-supereffective|p1a: Flareon
|-damage|p1a: Flareon|0 fnt
|faint|p1a: Flareon
|
|upkeep
|
|t:|1758352598
|switch|p1a: Vaporeon|Vaporeon, M|100/100
|turn|3
|
|t:|1758352605
|move|p2a: Goodra|Knock Off|p1a: Vaporeon
|-damage|p1a: Vaporeon|76/100
|-enditem|p1a: Vaporeon|Kee Berry|[from] move: Knock Off|[of] p2a: Goodra
|move|p1a: Vaporeon|Calm Mind|p1a: Vaporeon
|-boost|p1a: Vaporeon|spa|1
|-boost|p1a: Vaporeon|spd|1
|
|upkeep
|turn|4
|
|t:|1758352612
|move|p1a: Vaporeon|Calm Mind|p1a: Vaporeon
|-boost|p1a: Vaporeon|spa|1
|-boost|p1a: Vaporeon|spd|1
|move|p2a: Goodra|Dragon Tail|p1a: Vaporeon|[miss]
|-miss|p2a: Goodra|p1a: Vaporeon
|
|upkeep
|turn|5
|
|t:|1758352619
|move|p1a: Vaporeon|Scald|p2a: Goodra
|-resisted|p2a: Goodra
|-damage|p2a: Goodra|80/100
|move|p2a: Goodra|Dragon Tail|p1a: Vaporeon
|-damage|p1a: Vaporeon|53/100
|drag|p1a: Sylveon|Sylveon, F|100/100
|
|upkeep
|turn|6
|
|t:|1758352626
|move|p2a: Goodra|Heavy Slam|p1a: Sylveon
|-supereffective|p1a: Sylveon
|-damage|p1a: Sylveon|0 fnt
|faint|p1a: Sylveon
|
|upkeep
|
|t:|1758352630
|switch|p1a: Umbreon|Umbreon, F|100/100
|turn|7
|
|t:|1758352641
|move|p1a: Umbreon|Foul Play|p2a: Goodra
|-damage|p2a: Goodra|41/100
|move|p2a: Goodra|Knock Off|p1a: Umbreon
|-resisted|p1a: Umbreon
|-damage|p1a: Umbreon|91/100
|-damage|p2a: Goodra|24/100|[from] item: Rocky Helmet|[of] p1a: Umbreon
|-enditem|p1a: Umbreon|Rocky Helmet|[from] move: Knock Off|[of] p2a: Goodra
|
|upkeep
|turn|8
|
|t:|1758352650
|switch|p2a: Corviknight|Corviknight, M|100/100
|-ability|p2a: Corviknight|Pressure
|move|p1a: Umbreon|Foul Play|p2a: Corviknight
|-damage|p2a: Corviknight|81/100
|-damage|p1a: Umbreon|75/100|[from] item: Rocky Helmet|[of] p2a: Corviknight
|
|upkeep
|turn|9
|
|t:|1758352655
|move|p1a: Umbreon|Wish|p1a: Umbreon
|move|p2a: Corviknight|U-turn|p1a: Umbreon
|-supereffective|p1a: Umbreon
|-damage|p1a: Umbreon|57/100
|
|t:|1758352657
|switch|p2a: Enamorus|Enamorus, F|100/100|[from] U-turn
|
|upkeep
|turn|10
|
|t:|1758352666
|switch|p1a: Vaporeon|Vaporeon, M|53/100
|move|p2a: Enamorus|Moonblast|p1a: Vaporeon
|-damage|p1a: Vaporeon|0 fnt
|faint|p1a: Vaporeon
|
|upkeep
|
|t:|1758352671
|switch|p1a: Jolteon|Jolteon, F|100/100 brn
|turn|11
|
|t:|1758352684
|-terastallize|p2a: Enamorus|Fairy
|move|p1a: Jolteon|Discharge|p2a: Enamorus
|-damage|p2a: Enamorus|51/100
|move|p2a: Enamorus|Moonblast|p1a: Jolteon
|-damage|p1a: Jolteon|0 fnt
|faint|p1a: Jolteon
|
|upkeep
|
|t:|1758352690
|switch|p1a: Espeon|Espeon, F|100/100
|turn|12
|
|t:|1758352700
|switch|p2a: Goodra|Goodra-Hisui, F|24/100
|move|p1a: Espeon|Psychic Noise|p2a: Goodra
|-resisted|p2a: Goodra
|-damage|p2a: Goodra|18/100
|-start|p2a: Goodra|move: Heal Block
|
|upkeep
|turn|13
|
|t:|1758352708
|move|p1a: Espeon|Shadow Ball|p2a: Goodra
|-damage|p2a: Goodra|7/100
|move|p2a: Goodra|Earthquake|p1a: Espeon
|-damage|p1a: Espeon|68/100
|
|-end|p2a: Goodra|move: Heal Block
|upkeep
|turn|14
|
|t:|1758352713
|move|p1a: Espeon|Alluring Voice|p2a: Goodra
|-damage|p2a: Goodra|0 fnt
|faint|p2a: Goodra
|
|upkeep
|
|t:|1758352729
|switch|p2a: Darkrai|Darkrai|100/100
|turn|15
|
|t:|1758352734
|-terastallize|p1a: Espeon|Fighting
|move|p2a: Darkrai|Dark Pulse|p1a: Espeon
|-resisted|p1a: Espeon
|-damage|p1a: Espeon|44/100
|move|p1a: Espeon|Alluring Voice|p2a: Darkrai
|-supereffective|p2a: Darkrai
|-crit|p2a: Darkrai
|-damage|p2a: Darkrai|12/100
|
|upkeep
|turn|16
|
|t:|1758352742
|move|p2a: Darkrai|Sludge Bomb|p1a: Espeon
|-damage|p1a: Espeon|7/100
|move|p1a: Espeon|Alluring Voice|p2a: Darkrai
|-supereffective|p2a: Darkrai
|-damage|p2a: Darkrai|0 fnt
|faint|p2a: Darkrai
|
|upkeep
|
|t:|1758352748
|switch|p2a: Corviknight|Corviknight, M|81/100
|-ability|p2a: Corviknight|Pressure
|turn|17
|
|t:|1758352751
|move|p1a: Espeon|Thunder Wave|p2a: Corviknight
|-status|p2a: Corviknight|par
|move|p2a: Corviknight|U-turn|p1a: Espeon
|-resisted|p1a: Espeon
|-damage|p1a: Espeon|0 fnt
|faint|p1a: Espeon
|
|t:|1758352754
|switch|p2a: Enamorus|Enamorus, F, tera:Fairy|51/100|[from] U-turn
|
|upkeep
|
|t:|1758352756
|switch|p1a: Umbreon|Umbreon, F|57/100
|turn|18
|
|t:|1758352758
|move|p2a: Enamorus|Moonblast|p1a: Umbreon
|-supereffective|p1a: Umbreon
|-damage|p1a: Umbreon|0 fnt
|faint|p1a: Umbreon
|
|win|Celestial_dubkun
|raw|Hunter_of_Keys's rating: 1456 &rarr; <strong>1446</strong><br />(-10 for losing)
|raw|Celestial_dubkun's rating: 1645 &rarr; <strong>1655</strong><br />(+10 for winning)
|l|☆Hunter_of_Keys
|player|p1|
|l|☆Celestial_dubkun
|player|p2|
