|j|☆scarfwake
|j|☆rulorules2
|t:|1758333323
|gametype|singles
|player|p1|scarfwake|miku-flying|1486
|player|p2|rulorules2|red|1428
|gen|9
|tier|[Gen 9] OU
|rated|
|rule|HP Percentage Mod: HP is shown in percentages
|rule|Endless Battle Clause: Forcing endless battles is banned
|rule|Species Clause: Limit one of each Pokémon
|rule|OHKO Clause: OHKO moves are banned
|rule|Evasion Items Clause: Evasion items are banned
|rule|Evasion Moves Clause: Evasion moves are banned
|rule|Evasion Abilities Clause: Evasion abilities are banned
|rule|Sleep Moves Clause: Sleep-inducing moves are banned
|clearpoke
|poke|p1|Heatran, F|
|poke|p1|Rillaboom, M|
|poke|p1|Ogerpon-Wellspring, F|
|poke|p1|Great Tusk|
|poke|p1|Kyurem|
|poke|p1|Darkrai|
|poke|p2|Zamazenta-*|
|poke|p2|Breloom, F|
|poke|p2|Great Tusk|
|poke|p2|Kingambit, M|
|poke|p2|Gholdengo|
|poke|p2|Garganacl, M|
|teampreview
|inactive|Battle timer is ON: inactive players will automatically lose when time's up. (requested by rulorules2)
|
|t:|1758333362
|teamsize|p1|6
|teamsize|p2|6
|start
|switch|p1a: Rillaboom|Rillaboom, M|100/100
|switch|p2a: Breloom|Breloom, F|100/100
|-fieldstart|move: Grassy Terrain|[from] ability: Grassy Surge|[of] p1a: Rillaboom
|turn|1
|
|t:|1758333386
|-terastallize|p2a: Breloom|Grass
|move|p1a: Rillaboom|U-turn|p2a: Breloom
|-supereffective|p2a: Breloom
|-damage|p2a: Breloom|28/100
|
|t:|1758333397
|switch|p1a: Heatran|Heatran, F|100/100|[from] U-turn
|move|p2a: Breloom|Bullet Seed|p1a: Heatran
|-resisted|p1a: Heatran
|-damage|p1a: Heatran|92/100
|-resisted|p1a: Heatran
|-damage|p1a: Heatran|84/100
|-resisted|p1a: Heatran
|-damage|p1a: Heatran|75/100
|-resisted|p1a: Heatran
|-damage|p1a: Heatran|67/100
|-hitcount|p1a: Heatran|4
|
|-heal|p1a: Heatran|73/100|[from] Grassy Terrain
|-heal|p1a: Heatran|79/100|[from] item: Leftovers
|-heal|p2a: Breloom|34/100|[from] Grassy Terrain
|upkeep
|turn|2
|inactive|scarfwake has 120 seconds left.
|
|t:|1758333433
|switch|p2a: Garganacl|Garganacl, M|100/100
|move|p1a: Heatran|Body Press|p2a: Garganacl
|-supereffective|p2a: Garganacl
|-damage|p2a: Garganacl|75/100
|
|-heal|p1a: Heatran|85/100|[from] Grassy Terrain
|-heal|p1a: Heatran|91/100|[from] item: Leftovers
|-heal|p2a: Garganacl|81/100|[from] Grassy Terrain
|-heal|p2a: Garganacl|87/100|[from] item: Leftovers
|upkeep
|turn|3
|
|t:|1758333441
|switch|p1a: Great Tusk|Great Tusk|100/100
|move|p2a: Garganacl|Salt Cure|p1a: Great Tusk
|-resisted|p1a: Great Tusk
|-damage|p1a: Great Tusk|98/100
|-start|p1a: Great Tusk|Salt Cure
|
|-heal|p1a: Great Tusk|100/100|[from] Grassy Terrain
|-heal|p2a: Garganacl|93/100|[from] Grassy Terrain
|-heal|p2a: Garganacl|99/100|[from] item: Leftovers
|-damage|p1a: Great Tusk|88/100|[from] Salt Cure
|upkeep
|turn|4
|
|t:|1758333447
|switch|p2a: Zamazenta|Zamazenta|100/100
|-ability|p2a: Zamazenta|Dauntless Shield|boost
|-boost|p2a: Zamazenta|def|1
|move|p1a: Great Tusk|Stealth Rock|p2a: Zamazenta
|-sidestart|p2: rulorules2|move: Stealth Rock
|
|-heal|p1a: Great Tusk|94/100|[from] Grassy Terrain
|-damage|p1a: Great Tusk|82/100|[from] Salt Cure
|upkeep
|turn|5
|inactive|scarfwake has 120 seconds left.
|
|t:|1758333476
|-end|p1a: Great Tusk|Protosynthesis|[silent]
|switch|p1a: Rillaboom|Rillaboom, M|100/100
|move|p2a: Zamazenta|Iron Defense|p2a: Zamazenta
|-boost|p2a: Zamazenta|def|2
|
|upkeep
|turn|6
|
|t:|1758333485
|move|p2a: Zamazenta|Body Press|p1a: Rillaboom
|-damage|p1a: Rillaboom|8/100
|move|p1a: Rillaboom|U-turn|p2a: Zamazenta
|-resisted|p2a: Zamazenta
|-damage|p2a: Zamazenta|97/100
|
|t:|1758333507
|switch|p1a: Darkrai|Darkrai|100/100|[from] U-turn
|
|-heal|p2a: Zamazenta|100/100|[from] Grassy Terrain
|upkeep
|turn|7
|
|t:|1758333512
|move|p1a: Darkrai|Will-O-Wisp|p2a: Zamazenta
|-status|p2a: Zamazenta|brn
|move|p2a: Zamazenta|Body Press|p1a: Darkrai
|-supereffective|p1a: Darkrai
|-damage|p1a: Darkrai|0 fnt
|faint|p1a: Darkrai
|
|-damage|p2a: Zamazenta|94/100 brn|[from] brn
|upkeep
|
|t:|1758333527
|switch|p1a: Heatran|Heatran, F|91/100
|turn|8
|
|t:|1758333532
|-terastallize|p1a: Heatran|Fighting
|move|p2a: Zamazenta|Body Press|p1a: Heatran
|-damage|p1a: Heatran|61/100
|move|p1a: Heatran|Iron Defense|p1a: Heatran
|-boost|p1a: Heatran|def|2
|
|-heal|p2a: Zamazenta|100/100 brn|[from] Grassy Terrain
|-heal|p1a: Heatran|67/100|[from] Grassy Terrain
|-heal|p1a: Heatran|73/100|[from] item: Leftovers
|-damage|p2a: Zamazenta|94/100 brn|[from] brn
|-fieldend|move: Grassy Terrain
|upkeep
|turn|9
|
|t:|1758333542
|switch|p2a: Gholdengo|Gholdengo|100/100
|-damage|p2a: Gholdengo|94/100|[from] Stealth Rock
|move|p1a: Heatran|Dark Pulse|p2a: Gholdengo
|-supereffective|p2a: Gholdengo
|-damage|p2a: Gholdengo|38/100
|
|-heal|p1a: Heatran|79/100|[from] item: Leftovers
|upkeep
|turn|10
|
|t:|1758333552
|move|p2a: Gholdengo|Make It Rain|p1a: Heatran
|-damage|p1a: Heatran|21/100
|-unboost|p2a: Gholdengo|spa|1
|move|p1a: Heatran|Dark Pulse|p2a: Gholdengo
|-supereffective|p2a: Gholdengo
|-damage|p2a: Gholdengo|0 fnt
|faint|p2a: Gholdengo
|
|-heal|p1a: Heatran|27/100|[from] item: Leftovers
|upkeep
|
|t:|1758333580
|switch|p2a: Zamazenta|Zamazenta|94/100 brn
|-damage|p2a: Zamazenta|88/100 brn|[from] Stealth Rock
|turn|11
|inactive|scarfwake has 120 seconds left.
|
|t:|1758333603
|move|p2a: Zamazenta|Iron Defense|p2a: Zamazenta
|-boost|p2a: Zamazenta|def|2
|move|p1a: Heatran|Body Press|p2a: Zamazenta
|-damage|p2a: Zamazenta|65/100 brn
|
|-heal|p2a: Zamazenta|71/100 brn|[from] item: Leftovers
|-heal|p1a: Heatran|33/100|[from] item: Leftovers
|-damage|p2a: Zamazenta|65/100 brn|[from] brn
|upkeep
|turn|12
|
|t:|1758333607
|move|p2a: Zamazenta|Iron Defense|p2a: Zamazenta
|-boost|p2a: Zamazenta|def|2
|move|p1a: Heatran|Iron Defense|p1a: Heatran
|-boost|p1a: Heatran|def|2
|
|-heal|p2a: Zamazenta|71/100 brn|[from] item: Leftovers
|-heal|p1a: Heatran|39/100|[from] item: Leftovers
|-damage|p2a: Zamazenta|65/100 brn|[from] brn
|upkeep
|turn|13
|
|t:|1758333610
|move|p2a: Zamazenta|Iron Defense|p2a: Zamazenta
|-boost|p2a: Zamazenta|def|2
|move|p1a: Heatran|Body Press|p2a: Zamazenta
|-damage|p2a: Zamazenta|46/100 brn
|
|-heal|p2a: Zamazenta|52/100 brn|[from] item: Leftovers
|-heal|p1a: Heatran|45/100|[from] item: Leftovers
|-damage|p2a: Zamazenta|46/100 brn|[from] brn
|upkeep
|turn|14
|
|t:|1758333613
|move|p2a: Zamazenta|Body Press|p1a: Heatran
|-damage|p1a: Heatran|29/100
|move|p1a: Heatran|Body Press|p2a: Zamazenta
|-damage|p2a: Zamazenta|25/100 brn
|
|-heal|p2a: Zamazenta|31/100 brn|[from] item: Leftovers
|-heal|p1a: Heatran|35/100|[from] item: Leftovers
|-damage|p2a: Zamazenta|25/100 brn|[from] brn
|upkeep
|turn|15
|
|t:|1758333617
|move|p2a: Zamazenta|Body Press|p1a: Heatran
|-damage|p1a: Heatran|19/100
|move|p1a: Heatran|Body Press|p2a: Zamazenta
|-damage|p2a: Zamazenta|6/100 brn
|
|-heal|p2a: Zamazenta|12/100 brn|[from] item: Leftovers
|-heal|p1a: Heatran|25/100|[from] item: Leftovers
|-damage|p2a: Zamazenta|6/100 brn|[from] brn
|upkeep
|turn|16
|
|t:|1758333622
|move|p2a: Zamazenta|Body Press|p1a: Heatran
|-damage|p1a: Heatran|9/100
|move|p1a: Heatran|Body Press|p2a: Zamazenta
|-crit|p2a: Zamazenta
|-damage|p2a: Zamazenta|0 fnt
|faint|p2a: Zamazenta
|
|-heal|p1a: Heatran|15/100|[from] item: Leftovers
|upkeep
|
|t:|1758333632
|switch|p2a: Great Tusk|Great Tusk|100/100
|-damage|p2a: Great Tusk|98/100|[from] Stealth Rock
|-enditem|p2a: Great Tusk|Booster Energy
|-activate|p2a: Great Tusk|ability: Protosynthesis|[fromitem]
|-start|p2a: Great Tusk|protosynthesisatk
|turn|17
|
|t:|1758333643
|switch|p1a: Rillaboom|Rillaboom, M|8/100
|-fieldstart|move: Grassy Terrain|[from] ability: Grassy Surge|[of] p1a: Rillaboom
|move|p2a: Great Tusk|Close Combat|p1a: Rillaboom
|-damage|p1a: Rillaboom|0 fnt
|-unboost|p2a: Great Tusk|def|1
|-unboost|p2a: Great Tusk|spd|1
|faint|p1a: Rillaboom
|
|-heal|p2a: Great Tusk|100/100|[from] Grassy Terrain
|upkeep
|
|t:|1758333647
|switch|p1a: Ogerpon|Ogerpon-Wellspring, F|100/100
|turn|18
|
|t:|1758333656
|-end|p2a: Great Tusk|Protosynthesis|[silent]
|switch|p2a: Garganacl|Garganacl, M|99/100
|-damage|p2a: Garganacl|87/100|[from] Stealth Rock
|move|p1a: Ogerpon|Ivy Cudgel|p2a: Garganacl|[anim] Ivy Cudgel Water
|-supereffective|p2a: Garganacl
|-damage|p2a: Garganacl|25/100
|
|-heal|p2a: Garganacl|31/100|[from] Grassy Terrain
|-heal|p2a: Garganacl|37/100|[from] item: Leftovers
|upkeep
|turn|19
|
|t:|1758333658
|move|p2a: Garganacl|Protect|p2a: Garganacl
|-singleturn|p2a: Garganacl|Protect
|move|p1a: Ogerpon|Ivy Cudgel|p2a: Garganacl|[anim] Ivy Cudgel Water
|-activate|p2a: Garganacl|move: Protect
|
|-heal|p2a: Garganacl|43/100|[from] Grassy Terrain
|-heal|p2a: Garganacl|50/100|[from] item: Leftovers
|upkeep
|turn|20
|
|t:|1758333674
|move|p2a: Garganacl|Protect|p2a: Garganacl
|-singleturn|p2a: Garganacl|Protect
|move|p1a: Ogerpon|Grassy Glide|p2a: Garganacl
|-activate|p2a: Garganacl|move: Protect
|
|-heal|p2a: Garganacl|56/100|[from] Grassy Terrain
|-heal|p2a: Garganacl|62/100|[from] item: Leftovers
|upkeep
|turn|21
|
|t:|1758333688
|move|p1a: Ogerpon|Ivy Cudgel|p2a: Garganacl|[anim] Ivy Cudgel Water
|-supereffective|p2a: Garganacl
|-damage|p2a: Garganacl|1/100
|move|p2a: Garganacl|Recover|p2a: Garganacl
|-heal|p2a: Garganacl|51/100
|
|-heal|p2a: Garganacl|57/100|[from] Grassy Terrain
|-heal|p2a: Garganacl|63/100|[from] item: Leftovers
|upkeep
|turn|22
|
|t:|1758333694
|move|p2a: Garganacl|Protect|p2a: Garganacl
|-singleturn|p2a: Garganacl|Protect
|move|p1a: Ogerpon|Swords Dance|p1a: Ogerpon
|-boost|p1a: Ogerpon|atk|2
|
|-heal|p2a: Garganacl|70/100|[from] Grassy Terrain
|-heal|p2a: Garganacl|76/100|[from] item: Leftovers
|upkeep
|turn|23
|
|t:|1758333698
|move|p1a: Ogerpon|Grassy Glide|p2a: Garganacl
|-supereffective|p2a: Garganacl
|-damage|p2a: Garganacl|0 fnt
|faint|p2a: Garganacl
|
|upkeep
|
|t:|1758333704
|switch|p2a: Breloom|Breloom, F, tera:Grass|34/100
|-damage|p2a: Breloom|22/100|[from] Stealth Rock
|turn|24
|
|t:|1758333710
|move|p1a: Ogerpon|Grassy Glide|p2a: Breloom
|-resisted|p2a: Breloom
|-damage|p2a: Breloom|0 fnt
|faint|p2a: Breloom
|
|-fieldend|move: Grassy Terrain
|upkeep
|
|t:|1758333714
|switch|p2a: Great Tusk|Great Tusk|100/100
|-damage|p2a: Great Tusk|98/100|[from] Stealth Rock
|turn|25
|
|t:|1758333718
|move|p1a: Ogerpon|Ivy Cudgel|p2a: Great Tusk|[anim] Ivy Cudgel Water
|-supereffective|p2a: Great Tusk
|-damage|p2a: Great Tusk|0 fnt
|faint|p2a: Great Tusk
|-end|p2a: Great Tusk|Protosynthesis|[silent]
|
|upkeep
|
|t:|1758333721
|switch|p2a: Kingambit|Kingambit, M|100/100
|-damage|p2a: Kingambit|94/100|[from] Stealth Rock
|-activate|p2a: Kingambit|ability: Supreme Overlord
|-start|p2a: Kingambit|fallen5|[silent]
|turn|26
|
|t:|1758333726
|move|p2a: Kingambit|Sucker Punch|p1a: Ogerpon
|-damage|p1a: Ogerpon|1/100
|move|p1a: Ogerpon|Ivy Cudgel|p2a: Kingambit|[anim] Ivy Cudgel Water
|-damage|p2a: Kingambit|0 fnt
|faint|p2a: Kingambit
|-end|p2a: Kingambit|fallen5|[silent]
|
|win|scarfwake
|raw|scarfwake's rating: 1486 &rarr; <strong>1503</strong><br />(+17 for winning)
|raw|rulorules2's rating: 1428 &rarr; <strong>1411</strong><br />(-17 for losing)
|c|☆scarfwake|gg
|l|☆rulorules2
|player|p2|
|j| 54 Insane Rats
|j| Ominous Void
|l|☆scarfwake
|player|p1|
|l| Ominous Void
