|j|☆Shibuya Arc
|j|☆boundbythetusklow
|t:|1758301620
|gametype|singles
|player|p1|Shibuya Arc|101|1549
|player|p2|boundbythetusklow|galacticgruntf|1602
|gen|9
|tier|[Gen 9] OU
|rated|
|rule|HP Percentage Mod: HP is shown in percentages
|rule|Endless Battle Clause: Forcing endless battles is banned
|rule|Species Clause: Limit one of each Pokémon
|rule|OHKO Clause: OHKO moves are banned
|rule|Evasion Items Clause: Evasion items are banned
|rule|Evasion Moves Clause: Evasion moves are banned
|rule|Evasion Abilities Clause: Evasion abilities are banned
|rule|Sleep Moves Clause: Sleep-inducing moves are banned
|clearpoke
|poke|p1|Dragapult, M|
|poke|p1|Dragonite, F|
|poke|p1|Ting-Lu|
|poke|p1|Weezing-Galar, F|
|poke|p1|Iron Crown|
|poke|p1|Zapdos|
|poke|p2|Hatterene, F|
|poke|p2|Hoopa-Unbound|
|poke|p2|Samurott-Hisui, M|
|poke|p2|Slowking-Galar, F|
|poke|p2|Iron Hands|
|poke|p2|Cinderace, F|
|teampreview
|inactive|Battle timer is ON: inactive players will automatically lose when time's up. (requested by Shibuya Arc)
|
|t:|1758301650
|teamsize|p1|6
|teamsize|p2|6
|start
|switch|p1a: Iron Crown|Iron Crown|100/100
|switch|p2a: the rott|Samurott-Hisui, M|100/100
|turn|1
|
|t:|1758301654
|move|p1a: Iron Crown|Volt Switch|p2a: the rott
|-supereffective|p2a: the rott
|-damage|p2a: the rott|5/100
|
|t:|1758301662
|-end|p1a: Iron Crown|Quark Drive|[silent]
|switch|p1a: Dragonite|Dragonite, F|100/100|[from] Volt Switch
|move|p2a: the rott|Ceaseless Edge|p1a: Dragonite
|-damage|p1a: Dragonite|72/100
|-sidestart|p1: Shibuya Arc|Spikes
|
|upkeep
|turn|2
|
|t:|1758301668
|switch|p2a: 30RoundClipGlwking|Slowking-Galar, F|100/100
|move|p1a: Dragonite|Extreme Speed|p2a: 30RoundClipGlwking
|-crit|p2a: 30RoundClipGlwking
|-damage|p2a: 30RoundClipGlwking|63/100
|
|upkeep
|turn|3
|
|t:|1758301678
|move|p1a: Dragonite|Dragon Dance|p1a: Dragonite
|-boost|p1a: Dragonite|atk|1
|-boost|p1a: Dragonite|spe|1
|move|p2a: 30RoundClipGlwking|Ice Beam|p1a: Dragonite
|-supereffective|p1a: Dragonite
|-damage|p1a: Dragonite|0 fnt
|faint|p1a: Dragonite
|
|upkeep
|
|t:|1758301688
|switch|p1a: Ting-Lu|Ting-Lu|100/100
|-damage|p1a: Ting-Lu|88/100|[from] Spikes
|-ability|p1a: Ting-Lu|Vessel of Ruin
|turn|4
|
|t:|1758301705
|switch|p2a: Imogen Hatt|Hatterene, F|100/100
|-item|p2a: Imogen Hatt|Air Balloon
|move|p1a: Ting-Lu|Ruination|p2a: Imogen Hatt|[miss]
|-miss|p1a: Ting-Lu|p2a: Imogen Hatt
|
|-heal|p1a: Ting-Lu|94/100|[from] item: Leftovers
|upkeep
|turn|5
|
|t:|1758301709
|move|p1a: Ting-Lu|Ruination|p2a: Imogen Hatt
|-damage|p2a: Imogen Hatt|50/100
|-enditem|p2a: Imogen Hatt|Air Balloon
|move|p2a: Imogen Hatt|Trick Room|p2a: Imogen Hatt
|-fieldstart|move: Trick Room|[of] p2a: Imogen Hatt
|
|-heal|p1a: Ting-Lu|100/100|[from] item: Leftovers
|upkeep
|turn|6
|
|t:|1758301720
|switch|p2a: RXKHands|Iron Hands|100/100
|-enditem|p2a: RXKHands|Booster Energy
|-activate|p2a: RXKHands|ability: Quark Drive|[fromitem]
|-start|p2a: RXKHands|quarkdriveatk
|switch|p1a: Zapdos|Zapdos|100/100
|
|upkeep
|turn|7
|
|t:|1758301724
|move|p2a: RXKHands|Ice Punch|p1a: Zapdos
|-supereffective|p1a: Zapdos
|-damage|p1a: Zapdos|14/100
|move|p1a: Zapdos|Hurricane|p2a: RXKHands
|-damage|p2a: RXKHands|53/100
|
|upkeep
|turn|8
|j| sujisuji
|
|t:|1758301737
|switch|p1a: Weezing|Weezing-Galar, F|100/100
|-ability|p1a: Weezing|Neutralizing Gas
|move|p2a: RXKHands|Ice Punch|p1a: Weezing
|-damage|p1a: Weezing|80/100
|
|upkeep
|turn|9
|
|t:|1758301743
|-end|p2a: RXKHands|Quark Drive|[silent]
|switch|p2a: 30RoundClipGlwking|Slowking-Galar, F|97/100
|move|p1a: Weezing|Will-O-Wisp|p2a: 30RoundClipGlwking|[miss]
|-miss|p1a: Weezing|p2a: 30RoundClipGlwking
|
|-fieldend|move: Trick Room
|upkeep
|turn|10
|
|t:|1758301747
|-end|p1a: Weezing|ability: Neutralizing Gas
|switch|p1a: Ting-Lu|Ting-Lu|100/100
|-damage|p1a: Ting-Lu|88/100|[from] Spikes
|-ability|p1a: Ting-Lu|Vessel of Ruin
|move|p2a: 30RoundClipGlwking|Trick Room|p2a: 30RoundClipGlwking
|-fieldstart|move: Trick Room|[of] p2a: 30RoundClipGlwking
|
|-heal|p1a: Ting-Lu|94/100|[from] item: Leftovers
|upkeep
|turn|11
|
|t:|1758301766
|switch|p2a: Imogen Hatt|Hatterene, F|50/100
|move|p1a: Ting-Lu|Whirlwind|p2a: Imogen Hatt
|move|p2a: Imogen Hatt|Whirlwind|p1a: Ting-Lu|[from] ability: Magic Bounce
|drag|p1a: Weezing|Weezing-Galar, F|80/100
|-ability|p1a: Weezing|Neutralizing Gas
|
|upkeep
|turn|12
|
|t:|1758301770
|-end|p1a: Weezing|ability: Neutralizing Gas
|switch|p1a: Ting-Lu|Ting-Lu|94/100
|-damage|p1a: Ting-Lu|82/100|[from] Spikes
|-ability|p1a: Ting-Lu|Vessel of Ruin
|move|p2a: Imogen Hatt|Psychic Noise|p1a: Ting-Lu
|-immune|p1a: Ting-Lu
|
|-heal|p1a: Ting-Lu|88/100|[from] item: Leftovers
|upkeep
|turn|13
|
|t:|1758301780
|switch|p2a: RXKHands|Iron Hands|53/100
|switch|p1a: Weezing|Weezing-Galar, F|80/100
|-ability|p1a: Weezing|Neutralizing Gas
|
|upkeep
|turn|14
|
|t:|1758301784
|-end|p2a: RXKHands|Quark Drive|[silent]
|switch|p2a: 30RoundClipGlwking|Slowking-Galar, F|100/100
|move|p1a: Weezing|Will-O-Wisp|p2a: 30RoundClipGlwking
|-status|p2a: 30RoundClipGlwking|brn
|
|-damage|p2a: 30RoundClipGlwking|94/100 brn|[from] brn
|-fieldend|move: Trick Room
|upkeep
|turn|15
|
|t:|1758301788
|-end|p1a: Weezing|ability: Neutralizing Gas
|switch|p1a: Ting-Lu|Ting-Lu|88/100
|-damage|p1a: Ting-Lu|76/100|[from] Spikes
|-ability|p1a: Ting-Lu|Vessel of Ruin
|move|p2a: 30RoundClipGlwking|Trick Room|p2a: 30RoundClipGlwking
|-fieldstart|move: Trick Room|[of] p2a: 30RoundClipGlwking
|
|-heal|p1a: Ting-Lu|82/100|[from] item: Leftovers
|-damage|p2a: 30RoundClipGlwking|88/100 brn|[from] brn
|upkeep
|turn|16
|
|t:|1758301792
|switch|p2a: Imogen Hatt|Hatterene, F|50/100
|move|p1a: Ting-Lu|Whirlwind|p2a: Imogen Hatt
|move|p2a: Imogen Hatt|Whirlwind|p1a: Ting-Lu|[from] ability: Magic Bounce
|drag|p1a: Weezing|Weezing-Galar, F|80/100
|-ability|p1a: Weezing|Neutralizing Gas
|
|upkeep
|turn|17
|
|t:|1758301797
|-end|p1a: Weezing|ability: Neutralizing Gas
|switch|p1a: Ting-Lu|Ting-Lu|82/100
|-damage|p1a: Ting-Lu|69/100|[from] Spikes
|-ability|p1a: Ting-Lu|Vessel of Ruin
|move|p2a: Imogen Hatt|Psychic Noise|p1a: Ting-Lu
|-immune|p1a: Ting-Lu
|
|-heal|p1a: Ting-Lu|76/100|[from] item: Leftovers
|upkeep
|turn|18
|l| sujisuji
|
|t:|1758301801
|switch|p1a: Weezing|Weezing-Galar, F|80/100
|-ability|p1a: Weezing|Neutralizing Gas
|move|p2a: Imogen Hatt|Healing Wish|p2a: Imogen Hatt
|faint|p2a: Imogen Hatt
|
|upkeep
|
|t:|1758301804
|switch|p2a: Hoopa-Tiji|Hoopa-Unbound|100/100
|turn|19
|
|t:|1758301808
|-end|p1a: Weezing|ability: Neutralizing Gas
|switch|p1a: Ting-Lu|Ting-Lu|76/100
|-damage|p1a: Ting-Lu|63/100|[from] Spikes
|-ability|p1a: Ting-Lu|Vessel of Ruin
|move|p2a: Hoopa-Tiji|Psychic Noise|p1a: Ting-Lu
|-immune|p1a: Ting-Lu
|
|-heal|p1a: Ting-Lu|69/100|[from] item: Leftovers
|-fieldend|move: Trick Room
|upkeep
|turn|20
|
|t:|1758301812
|move|p2a: Hoopa-Tiji|Drain Punch|p1a: Ting-Lu
|-supereffective|p1a: Ting-Lu
|-damage|p1a: Ting-Lu|33/100
|move|p1a: Ting-Lu|Ruination|p2a: Hoopa-Tiji
|-damage|p2a: Hoopa-Tiji|51/100
|
|-heal|p1a: Ting-Lu|40/100|[from] item: Leftovers
|upkeep
|turn|21
|
|t:|1758301822
|move|p2a: Hoopa-Tiji|Knock Off|p1a: Ting-Lu
|-resisted|p1a: Ting-Lu
|-damage|p1a: Ting-Lu|23/100
|-enditem|p1a: Ting-Lu|Leftovers|[from] move: Knock Off|[of] p2a: Hoopa-Tiji
|move|p1a: Ting-Lu|Earthquake|p2a: Hoopa-Tiji
|-damage|p2a: Hoopa-Tiji|4/100
|
|upkeep
|turn|22
|
|t:|1758301827
|move|p2a: Hoopa-Tiji|Drain Punch|p1a: Ting-Lu
|-supereffective|p1a: Ting-Lu
|-damage|p1a: Ting-Lu|0 fnt
|-heal|p2a: Hoopa-Tiji|20/100|[from] drain|[of] p1a: Ting-Lu
|faint|p1a: Ting-Lu
|
|upkeep
|
|t:|1758301831
|switch|p1a: Dragapult|Dragapult, M|100/100
|turn|23
|
|t:|1758301847
|switch|p2a: aceRomani|Cinderace, F|100/100
|move|p1a: Dragapult|U-turn|p2a: aceRomani
|-resisted|p2a: aceRomani
|-damage|p2a: aceRomani|86/100
|
|t:|1758301854
|switch|p1a: Weezing|Weezing-Galar, F|80/100|[from] U-turn
|-ability|p1a: Weezing|Neutralizing Gas
|
|upkeep
|turn|24
|
|t:|1758301858
|move|p2a: aceRomani|Pyro Ball|p1a: Weezing
|-damage|p1a: Weezing|44/100
|move|p1a: Weezing|Will-O-Wisp|p2a: aceRomani
|-immune|p2a: aceRomani
|
|upkeep
|turn|25
|
|t:|1758301864
|-end|p1a: Weezing|ability: Neutralizing Gas
|switch|p1a: Zapdos|Zapdos|14/100
|move|p2a: aceRomani|Pyro Ball|p1a: Zapdos
|-damage|p1a: Zapdos|0 fnt
|faint|p1a: Zapdos
|
|upkeep
|
|t:|1758301870
|switch|p1a: Dragapult|Dragapult, M|100/100
|turn|26
|
|t:|1758301898
|move|p2a: aceRomani|Sucker Punch|p1a: Dragapult
|-start|p2a: aceRomani|typechange|Dark|[from] ability: Libero
|-supereffective|p1a: Dragapult
|-damage|p1a: Dragapult|15/100
|move|p1a: Dragapult|Dragon Darts|p2a: aceRomani
|-damage|p2a: aceRomani|57/100
|-anim|p1a: Dragapult|Dragon Darts|p2a: aceRomani
|-damage|p2a: aceRomani|25/100
|
|upkeep
|turn|27
|
|t:|1758301906
|move|p1a: Dragapult|Will-O-Wisp|p2a: aceRomani
|-status|p2a: aceRomani|brn
|move|p2a: aceRomani|Pyro Ball|p1a: Dragapult
|-resisted|p1a: Dragapult
|-damage|p1a: Dragapult|3/100
|
|-damage|p2a: aceRomani|19/100 brn|[from] brn
|upkeep
|turn|28
|
|t:|1758301911
|move|p2a: aceRomani|Sucker Punch||[still]
|-fail|p2a: aceRomani
|move|p1a: Dragapult|Will-O-Wisp|p2a: aceRomani
|-fail|p2a: aceRomani|brn
|
|-damage|p2a: aceRomani|13/100 brn|[from] brn
|upkeep
|turn|29
|
|t:|1758301914
|move|p2a: aceRomani|Sucker Punch||[still]
|-fail|p2a: aceRomani
|move|p1a: Dragapult|Will-O-Wisp|p2a: aceRomani
|-fail|p2a: aceRomani|brn
|
|-damage|p2a: aceRomani|7/100 brn|[from] brn
|upkeep
|turn|30
|
|t:|1758301918
|switch|p1a: Weezing|Weezing-Galar, F|44/100
|-ability|p1a: Weezing|Neutralizing Gas
|move|p2a: aceRomani|Sucker Punch||[still]
|-fail|p2a: aceRomani
|
|-damage|p2a: aceRomani|1/100 brn|[from] brn
|upkeep
|turn|31
|
|t:|1758301922
|move|p2a: aceRomani|Pyro Ball|p1a: Weezing
|-damage|p1a: Weezing|31/100
|move|p1a: Weezing|Will-O-Wisp|p2a: aceRomani|[miss]
|-miss|p1a: Weezing|p2a: aceRomani
|
|-damage|p2a: aceRomani|0 fnt|[from] brn
|faint|p2a: aceRomani
|upkeep
|
|t:|1758301927
|switch|p2a: Hoopa-Tiji|Hoopa-Unbound|20/100
|-heal|p2a: Hoopa-Tiji|100/100|[from] move: Healing Wish
|turn|32
|
|t:|1758301930
|move|p2a: Hoopa-Tiji|Psychic Noise|p1a: Weezing
|-supereffective|p1a: Weezing
|-damage|p1a: Weezing|0 fnt
|faint|p1a: Weezing
|-end|p1a: Weezing|ability: Neutralizing Gas
|
|upkeep
|
|t:|1758301934
|switch|p1a: Dragapult|Dragapult, M|3/100
|turn|33
|
|t:|1758301938
|move|p1a: Dragapult|Dragon Darts|p2a: Hoopa-Tiji
|-crit|p2a: Hoopa-Tiji
|-damage|p2a: Hoopa-Tiji|58/100
|-anim|p1a: Dragapult|Dragon Darts|p2a: Hoopa-Tiji
|-damage|p2a: Hoopa-Tiji|31/100
|move|p2a: Hoopa-Tiji|Trick Room|p2a: Hoopa-Tiji
|-fieldstart|move: Trick Room|[of] p2a: Hoopa-Tiji
|
|upkeep
|turn|34
|
|t:|1758301943
|move|p2a: Hoopa-Tiji|Knock Off|p1a: Dragapult
|-supereffective|p1a: Dragapult
|-damage|p1a: Dragapult|0 fnt
|-enditem|p1a: Dragapult|Heavy-Duty Boots|[from] move: Knock Off|[of] p2a: Hoopa-Tiji
|faint|p1a: Dragapult
|
|upkeep
|
|t:|1758301947
|switch|p1a: Iron Crown|Iron Crown|100/100
|-damage|p1a: Iron Crown|88/100|[from] Spikes
|turn|35
|
|t:|1758301950
|-terastallize|p1a: Iron Crown|Steel
|move|p2a: Hoopa-Tiji|Knock Off|p1a: Iron Crown
|-damage|p1a: Iron Crown|23/100
|-enditem|p1a: Iron Crown|Choice Specs|[from] move: Knock Off|[of] p2a: Hoopa-Tiji
|move|p1a: Iron Crown|Focus Blast|p2a: Hoopa-Tiji
|-damage|p2a: Hoopa-Tiji|0 fnt
|faint|p2a: Hoopa-Tiji
|
|upkeep
|
|t:|1758301954
|switch|p2a: RXKHands|Iron Hands|53/100
|turn|36
|
|t:|1758301957
|move|p2a: RXKHands|Close Combat|p1a: Iron Crown
|-supereffective|p1a: Iron Crown
|-damage|p1a: Iron Crown|0 fnt
|-unboost|p2a: RXKHands|def|1
|-unboost|p2a: RXKHands|spd|1
|faint|p1a: Iron Crown
|-end|p1a: Iron Crown|Quark Drive|[silent]
|
|win|boundbythetusklow
|raw|Shibuya Arc's rating: 1549 &rarr; <strong>1531</strong><br />(-18 for losing)
|raw|boundbythetusklow's rating: 1576 &rarr; <strong>1594</strong><br />(+18 for winning)
|l|☆Shibuya Arc
|player|p1|
