|j|☆krookodile fangirl
|j|☆DeCompaniu
|t:|1758302754
|gametype|singles
|player|p1|krookodile fangirl|roughneck|1224
|player|p2|DeCompaniu|richboy|1219
|gen|9
|tier|[Gen 9] OU
|rated|
|rule|HP Percentage Mod: HP is shown in percentages
|rule|Endless Battle Clause: Forcing endless battles is banned
|rule|Species Clause: Limit one of each Pokémon
|rule|OHKO Clause: OHKO moves are banned
|rule|Evasion Items Clause: Evasion items are banned
|rule|Evasion Moves Clause: Evasion moves are banned
|rule|Evasion Abilities Clause: Evasion abilities are banned
|rule|Sleep Moves Clause: Sleep-inducing moves are banned
|clearpoke
|poke|p1|Krookodile, M|
|poke|p1|Ogerpon-Wellspring, F|
|poke|p1|Pecharunt|
|poke|p1|Cyclizar, M|
|poke|p1|Iron Valiant|
|poke|p1|Skarmory, M|
|poke|p2|Greedent, M|
|poke|p2|Malamar, M|
|poke|p2|Hawlucha, F|
|poke|p2|Glimmora, F|
|poke|p2|Indeedee, M|
|poke|p2|Polteageist-Antique|
|teampreview
|inactive|Battle timer is ON: inactive players will automatically lose when time's up. (requested by krookodile fangirl)
|
|t:|1758302766
|teamsize|p1|6
|teamsize|p2|6
|start
|switch|p1a: Majora|Ogerpon-Wellspring, F|100/100
|switch|p2a: Malamar|Malamar, M|100/100
|turn|1
|
|t:|1758302786
|move|p2a: Malamar|Superpower|p1a: Majora
|-damage|p1a: Majora|62/100
|-boost|p2a: Malamar|atk|1
|-boost|p2a: Malamar|def|1
|move|p1a: Majora|U-turn|p2a: Malamar
|-supereffective|p2a: Malamar
|-crit|p2a: Malamar
|-damage|p2a: Malamar|0 fnt
|faint|p2a: Malamar
|
|t:|1758302796
|switch|p1a: Baconator|Krookodile, M, shiny|100/100|[from] U-turn
|
|upkeep
|
|t:|1758302808
|switch|p2a: Glimmora|Glimmora, F|100/100
|turn|2
|
|t:|1758302812
|move|p1a: Baconator|Earthquake|p2a: Glimmora
|-supereffective|p2a: Glimmora
|-enditem|p2a: Glimmora|Focus Sash
|-damage|p2a: Glimmora|1/100
|-activate|p2a: Glimmora|ability: Toxic Debris
|-sidestart|p1: krookodile fangirl|move: Toxic Spikes
|move|p2a: Glimmora|Stealth Rock|p1a: Baconator
|-sidestart|p1: krookodile fangirl|move: Stealth Rock
|
|upkeep
|turn|3
|
|t:|1758302825
|move|p1a: Baconator|Earthquake|p2a: Glimmora
|-supereffective|p2a: Glimmora
|-damage|p2a: Glimmora|0 fnt
|-activate|p2a: Glimmora|ability: Toxic Debris
|-sidestart|p1: krookodile fangirl|move: Toxic Spikes
|faint|p2a: Glimmora
|-ability|p1a: Baconator|Moxie|boost
|-boost|p1a: Baconator|atk|1
|
|upkeep
|
|t:|1758302834
|switch|p2a: Indeedee|Indeedee, M|100/100
|-fieldstart|move: Psychic Terrain|[from] ability: Psychic Surge|[of] p2a: Indeedee
|turn|4
|
|t:|1758302839
|switch|p2a: Hawlucha|Hawlucha, F|100/100
|-enditem|p2a: Hawlucha|Psychic Seed
|-boost|p2a: Hawlucha|spd|1|[from] item: Psychic Seed
|switch|p1a: Pizza Delivery Guy|Cyclizar, M|100/100
|
|upkeep
|turn|5
|
|t:|1758302850
|-terastallize|p1a: Pizza Delivery Guy|Fairy
|move|p2a: Hawlucha|Acrobatics|p1a: Pizza Delivery Guy
|-damage|p1a: Pizza Delivery Guy|21/100
|move|p1a: Pizza Delivery Guy|Rapid Spin|p2a: Hawlucha
|-damage|p2a: Hawlucha|79/100
|-boost|p1a: Pizza Delivery Guy|spe|1
|-sideend|p1: krookodile fangirl|Toxic Spikes|[from] move: Rapid Spin|[of] p1a: Pizza Delivery Guy
|-sideend|p1: krookodile fangirl|Stealth Rock|[from] move: Rapid Spin|[of] p1a: Pizza Delivery Guy
|
|upkeep
|turn|6
|
|t:|1758302861
|switch|p1a: John The Fisherman|Skarmory, M|100/100
|move|p2a: Hawlucha|Acrobatics|p1a: John The Fisherman
|-resisted|p1a: John The Fisherman
|-damage|p1a: John The Fisherman|84/100
|-enditem|p1a: John The Fisherman|Red Card|[of] p2a: Hawlucha
|drag|p2a: Greedent|Greedent, M|100/100
|
|upkeep
|turn|7
|-message|DeCompaniu forfeited.
|
|win|krookodile fangirl
|raw|krookodile fangirl's rating: 1224 &rarr; <strong>1249</strong><br />(+25 for winning)
|raw|DeCompaniu's rating: 1219 &rarr; <strong>1194</strong><br />(-25 for losing)
|l|☆DeCompaniu
|player|p2|
