|j|☆Avl2121
|j|☆Imurdadwithmilk
|t:|1758346348
|gametype|singles
|player|p1|Avl2121|dragontamer|1091
|player|p2|Imurdadwithmilk|blackbelt-gen4|1141
|gen|9
|tier|[Gen 9] OU
|rated|
|rule|HP Percentage Mod: HP is shown in percentages
|rule|Endless Battle Clause: Forcing endless battles is banned
|rule|Species Clause: Limit one of each Pokémon
|rule|OHKO Clause: OHKO moves are banned
|rule|Evasion Items Clause: Evasion items are banned
|rule|Evasion Moves Clause: Evasion moves are banned
|rule|Evasion Abilities Clause: Evasion abilities are banned
|rule|Sleep Moves Clause: Sleep-inducing moves are banned
|clearpoke
|poke|p1|Sinistcha-Masterpiece|
|poke|p1|Blaziken, F|
|poke|p1|Garganacl, F|
|poke|p1|Garchomp, M|
|poke|p1|Dragapult, M|
|poke|p1|Crabominable, M|
|poke|p2|Scizor, F|
|poke|p2|Scyther, M|
|poke|p2|Clefable, M|
|poke|p2|Kingambit, F|
|poke|p2|Samurott-Hisui, M|
|poke|p2|Kleavor, F|
|teampreview
|inactive|Battle timer is ON: inactive players will automatically lose when time's up. (requested by Imurdadwithmilk)
|
|t:|1758346353
|teamsize|p1|6
|teamsize|p2|6
|start
|switch|p1a: Crabominable|Crabominable, M|100/100
|switch|p2a: Samurott|Samurott-Hisui, M|100/100
|turn|1
|
|t:|1758346359
|move|p2a: Samurott|Flip Turn|p1a: Crabominable
|-damage|p1a: Crabominable|71/100
|
|t:|1758346362
|switch|p2a: Clefable|Clefable, M|100/100|[from] Flip Turn
|move|p1a: Crabominable|Thunder Punch|p2a: Clefable
|-damage|p2a: Clefable|50/100
|-damage|p1a: Crabominable|61/100|[from] item: Life Orb
|
|-heal|p2a: Clefable|56/100|[from] item: Leftovers
|upkeep
|turn|2
|
|t:|1758346370
|move|p2a: Clefable|Moonblast|p1a: Crabominable
|-supereffective|p1a: Crabominable
|-damage|p1a: Crabominable|0 fnt
|faint|p1a: Crabominable
|
|-heal|p2a: Clefable|62/100|[from] item: Leftovers
|upkeep
|
|t:|1758346378
|switch|p1a: Sinistcha|Sinistcha-Masterpiece|100/100
|turn|3
|
|t:|1758346382
|move|p1a: Sinistcha|Calm Mind|p1a: Sinistcha
|-boost|p1a: Sinistcha|spa|1
|-boost|p1a: Sinistcha|spd|1
|move|p2a: Clefable|Stealth Rock|p1a: Sinistcha
|-sidestart|p1: Avl2121|move: Stealth Rock
|
|-heal|p2a: Clefable|68/100|[from] item: Leftovers
|upkeep
|turn|4
|
|t:|1758346387
|move|p1a: Sinistcha|Matcha Gotcha|p2a: Clefable
|-damage|p2a: Clefable|26/100
|move|p2a: Clefable|Encore|p1a: Sinistcha
|-start|p1a: Sinistcha|Encore
|
|-heal|p2a: Clefable|32/100|[from] item: Leftovers
|upkeep
|turn|5
|
|t:|1758346394
|switch|p2a: Scyther|Scyther, M|100/100
|move|p1a: Sinistcha|Matcha Gotcha|p2a: Scyther
|-resisted|p2a: Scyther
|-damage|p2a: Scyther|76/100
|
|upkeep
|turn|6
|
|t:|1758346403
|move|p2a: Scyther|Dual Wingbeat|p1a: Sinistcha
|-supereffective|p1a: Sinistcha
|-damage|p1a: Sinistcha|28/100
|-supereffective|p1a: Sinistcha
|-damage|p1a: Sinistcha|0 fnt
|faint|p1a: Sinistcha
|-hitcount|p1: Sinistcha|2
|
|upkeep
|
|t:|1758346409
|switch|p1a: Garganacl|Garganacl, F|100/100
|-damage|p1a: Garganacl|88/100|[from] Stealth Rock
|turn|7
|
|t:|1758346412
|switch|p2a: Clefable|Clefable, M|32/100
|move|p1a: Garganacl|Salt Cure|p2a: Clefable
|-damage|p2a: Clefable|17/100
|-start|p2a: Clefable|Salt Cure
|
|-heal|p2a: Clefable|23/100|[from] item: Leftovers
|-heal|p1a: Garganacl|94/100|[from] item: Leftovers
|upkeep
|turn|8
|
|t:|1758346420
|move|p2a: Clefable|Reflect|p2a: Clefable
|-sidestart|p2: Imurdadwithmilk|Reflect
|move|p1a: Garganacl|Salt Cure|p2a: Clefable
|-damage|p2a: Clefable|15/100
|
|-heal|p2a: Clefable|21/100|[from] item: Leftovers
|-heal|p1a: Garganacl|100/100|[from] item: Leftovers
|upkeep
|turn|9
|
|t:|1758346430
|move|p2a: Clefable|Moonblast|p1a: Garganacl
|-damage|p1a: Garganacl|71/100
|move|p1a: Garganacl|Curse|p1a: Garganacl
|-unboost|p1a: Garganacl|spe|1
|-boost|p1a: Garganacl|atk|1
|-boost|p1a: Garganacl|def|1
|
|-heal|p2a: Clefable|27/100|[from] item: Leftovers
|-heal|p1a: Garganacl|77/100|[from] item: Leftovers
|upkeep
|turn|10
|
|t:|1758346435
|move|p2a: Clefable|Moonblast|p1a: Garganacl
|-damage|p1a: Garganacl|49/100
|move|p1a: Garganacl|Salt Cure|p2a: Clefable
|-damage|p2a: Clefable|16/100
|
|-heal|p2a: Clefable|22/100|[from] item: Leftovers
|-heal|p1a: Garganacl|55/100|[from] item: Leftovers
|upkeep
|turn|11
|
|t:|1758346442
|move|p2a: Clefable|Moonblast|p1a: Garganacl
|-damage|p1a: Garganacl|28/100
|move|p1a: Garganacl|Recover|p1a: Garganacl
|-heal|p1a: Garganacl|78/100
|
|-heal|p2a: Clefable|28/100|[from] item: Leftovers
|-heal|p1a: Garganacl|84/100|[from] item: Leftovers
|upkeep
|turn|12
|
|t:|1758346448
|switch|p2a: Samurott|Samurott-Hisui, M|100/100
|move|p1a: Garganacl|Curse|p1a: Garganacl
|-unboost|p1a: Garganacl|spe|1
|-boost|p1a: Garganacl|atk|1
|-boost|p1a: Garganacl|def|1
|
|-heal|p1a: Garganacl|90/100|[from] item: Leftovers
|-sideend|p2: Imurdadwithmilk|Reflect
|upkeep
|turn|13
|
|t:|1758346454
|move|p1a: Garganacl|Protect|p1a: Garganacl
|-singleturn|p1a: Garganacl|Protect
|move|p2a: Samurott|Ceaseless Edge|p1a: Garganacl
|-activate|p1a: Garganacl|move: Protect
|
|-heal|p1a: Garganacl|97/100|[from] item: Leftovers
|upkeep
|turn|14
|
|t:|1758346460
|move|p2a: Samurott|Ceaseless Edge|p1a: Garganacl
|-damage|p1a: Garganacl|84/100
|-sidestart|p1: Avl2121|Spikes
|move|p1a: Garganacl|Salt Cure|p2a: Samurott
|-damage|p2a: Samurott|68/100
|-start|p2a: Samurott|Salt Cure
|
|-heal|p1a: Garganacl|91/100|[from] item: Leftovers
|-damage|p2a: Samurott|43/100|[from] Salt Cure
|upkeep
|turn|15
|
|t:|1758346467
|move|p2a: Samurott|Flip Turn|p1a: Garganacl
|-supereffective|p1a: Garganacl
|-damage|p1a: Garganacl|75/100
|
|t:|1758346470
|switch|p2a: Clefable|Clefable, M|28/100|[from] Flip Turn
|move|p1a: Garganacl|Salt Cure|p2a: Clefable
|-damage|p2a: Clefable|0 fnt
|faint|p2a: Clefable
|
|-heal|p1a: Garganacl|81/100|[from] item: Leftovers
|upkeep
|
|t:|1758346486
|switch|p2a: Samurott|Samurott-Hisui, M|43/100
|turn|16
|
|t:|1758346488
|move|p2a: Samurott|Knock Off|p1a: Garganacl
|-damage|p1a: Garganacl|69/100
|-enditem|p1a: Garganacl|Leftovers|[from] move: Knock Off|[of] p2a: Samurott
|move|p1a: Garganacl|Salt Cure|p2a: Samurott
|-damage|p2a: Samurott|11/100
|-start|p2a: Samurott|Salt Cure
|
|-damage|p2a: Samurott|0 fnt|[from] Salt Cure
|faint|p2a: Samurott
|upkeep
|
|t:|1758346500
|switch|p2a: Kleavor|Kleavor, F|100/100
|turn|17
|
|t:|1758346503
|move|p2a: Kleavor|Swords Dance|p2a: Kleavor
|-boost|p2a: Kleavor|atk|2
|move|p1a: Garganacl|Salt Cure|p2a: Kleavor
|-supereffective|p2a: Kleavor
|-damage|p2a: Kleavor|27/100
|-start|p2a: Kleavor|Salt Cure
|
|-damage|p2a: Kleavor|15/100|[from] Salt Cure
|upkeep
|turn|18
|
|t:|1758346508
|move|p1a: Garganacl|Protect|p1a: Garganacl
|-singleturn|p1a: Garganacl|Protect
|move|p2a: Kleavor|Night Slash|p1a: Garganacl
|-activate|p1a: Garganacl|move: Protect
|
|-damage|p2a: Kleavor|2/100|[from] Salt Cure
|upkeep
|turn|19
|
|t:|1758346513
|move|p2a: Kleavor|Night Slash|p1a: Garganacl
|-damage|p1a: Garganacl|50/100
|move|p1a: Garganacl|Recover|p1a: Garganacl
|-heal|p1a: Garganacl|99/100
|
|-damage|p2a: Kleavor|0 fnt|[from] Salt Cure
|faint|p2a: Kleavor
|upkeep
|
|t:|1758346521
|switch|p2a: Scyther|Scyther, M|76/100
|turn|20
|
|t:|1758346524
|move|p2a: Scyther|Trailblaze|p1a: Garganacl
|-supereffective|p1a: Garganacl
|-damage|p1a: Garganacl|83/100
|-boost|p2a: Scyther|spe|1
|move|p1a: Garganacl|Salt Cure|p2a: Scyther
|-supereffective|p2a: Scyther
|-damage|p2a: Scyther|0 fnt
|faint|p2a: Scyther
|
|upkeep
|
|t:|1758346529
|switch|p2a: Scizor|Scizor, F|100/100
|turn|21
|
|t:|1758346534
|-terastallize|p2a: Scizor|Bug
|move|p2a: Scizor|Swords Dance|p2a: Scizor
|-boost|p2a: Scizor|atk|2
|move|p1a: Garganacl|Salt Cure|p2a: Scizor
|-supereffective|p2a: Scizor
|-damage|p2a: Scizor|40/100
|-start|p2a: Scizor|Salt Cure
|
|-damage|p2a: Scizor|28/100|[from] Salt Cure
|upkeep
|turn|22
|
|t:|1758346545
|move|p2a: Scizor|Close Combat|p1a: Garganacl
|-supereffective|p1a: Garganacl
|-damage|p1a: Garganacl|37/100
|-unboost|p2a: Scizor|def|1
|-unboost|p2a: Scizor|spd|1
|move|p1a: Garganacl|Recover|p1a: Garganacl
|-heal|p1a: Garganacl|87/100
|
|-damage|p2a: Scizor|16/100|[from] Salt Cure
|upkeep
|turn|23
|
|t:|1758346549
|move|p1a: Garganacl|Protect|p1a: Garganacl
|-singleturn|p1a: Garganacl|Protect
|move|p2a: Scizor|Close Combat|p1a: Garganacl
|-activate|p1a: Garganacl|move: Protect
|
|-damage|p2a: Scizor|4/100|[from] Salt Cure
|upkeep
|turn|24
|
|t:|1758346554
|move|p2a: Scizor|Close Combat|p1a: Garganacl
|-supereffective|p1a: Garganacl
|-damage|p1a: Garganacl|40/100
|-unboost|p2a: Scizor|def|1
|-unboost|p2a: Scizor|spd|1
|move|p1a: Garganacl|Recover|p1a: Garganacl
|-heal|p1a: Garganacl|90/100
|
|-damage|p2a: Scizor|0 fnt|[from] Salt Cure
|faint|p2a: Scizor
|upkeep
|
|t:|1758346557
|switch|p2a: Kingambit|Kingambit, F|100/100
|-activate|p2a: Kingambit|ability: Supreme Overlord
|-start|p2a: Kingambit|fallen5|[silent]
|turn|25
|c|☆Imurdadwithmilk|Stall wins
|
|t:|1758346572
|move|p2a: Kingambit|Iron Head|p1a: Garganacl
|-supereffective|p1a: Garganacl
|-damage|p1a: Garganacl|53/100
|cant|p1a: Garganacl|flinch
|
|upkeep
|turn|26
|
|t:|1758346577
|move|p1a: Garganacl|Protect|p1a: Garganacl
|-singleturn|p1a: Garganacl|Protect
|move|p2a: Kingambit|Iron Head|p1a: Garganacl
|-activate|p1a: Garganacl|move: Protect
|
|upkeep
|turn|27
|
|t:|1758346580
|move|p2a: Kingambit|Iron Head|p1a: Garganacl
|-supereffective|p1a: Garganacl
|-damage|p1a: Garganacl|20/100
|move|p1a: Garganacl|Salt Cure|p2a: Kingambit
|-resisted|p2a: Kingambit
|-damage|p2a: Kingambit|91/100
|-start|p2a: Kingambit|Salt Cure
|
|-heal|p2a: Kingambit|97/100|[from] item: Leftovers
|-damage|p2a: Kingambit|72/100|[from] Salt Cure
|upkeep
|turn|28
|
|t:|1758346585
|move|p1a: Garganacl|Protect|p1a: Garganacl
|-singleturn|p1a: Garganacl|Protect
|move|p2a: Kingambit|Swords Dance|p2a: Kingambit
|-boost|p2a: Kingambit|atk|2
|
|-heal|p2a: Kingambit|78/100|[from] item: Leftovers
|-damage|p2a: Kingambit|53/100|[from] Salt Cure
|upkeep
|turn|29
|
|t:|1758346592
|move|p2a: Kingambit|Iron Head|p1a: Garganacl
|-supereffective|p1a: Garganacl
|-crit|p1a: Garganacl
|-damage|p1a: Garganacl|0 fnt
|faint|p1a: Garganacl
|
|-heal|p2a: Kingambit|60/100|[from] item: Leftovers
|-damage|p2a: Kingambit|35/100|[from] Salt Cure
|upkeep
|
|t:|1758346595
|switch|p1a: Dragapult|Dragapult, M|100/100
|-damage|p1a: Dragapult|88/100|[from] Stealth Rock
|-damage|p1a: Dragapult|76/100|[from] Spikes
|turn|30
|
|t:|1758346598
|-terastallize|p1a: Dragapult|Steel
|move|p2a: Kingambit|Sucker Punch||[still]
|-fail|p2a: Kingambit
|move|p1a: Dragapult|Will-O-Wisp|p2a: Kingambit
|-status|p2a: Kingambit|brn
|
|-heal|p2a: Kingambit|41/100 brn|[from] item: Leftovers
|-damage|p2a: Kingambit|35/100 brn|[from] brn
|-damage|p2a: Kingambit|10/100 brn|[from] Salt Cure
|upkeep
|turn|31
|
|t:|1758346605
|move|p1a: Dragapult|Confuse Ray|p2a: Kingambit
|-start|p2a: Kingambit|confusion
|-activate|p2a: Kingambit|confusion
|move|p2a: Kingambit|Iron Head|p1a: Dragapult
|-resisted|p1a: Dragapult
|-damage|p1a: Dragapult|38/100
|
|-heal|p2a: Kingambit|16/100 brn|[from] item: Leftovers
|-damage|p2a: Kingambit|10/100 brn|[from] brn
|-damage|p2a: Kingambit|0 fnt|[from] Salt Cure
|faint|p2a: Kingambit
|-end|p2a: Kingambit|fallen5|[silent]
|
|win|Avl2121
|raw|Avl2121's rating: 1091 &rarr; <strong>1121</strong><br />(+30 for winning)
|raw|Imurdadwithmilk's rating: 1141 &rarr; <strong>1112</strong><br />(-29 for losing)
|l|☆Imurdadwithmilk
|player|p2|
|l|☆Avl2121
|player|p1|
