|j|☆PinkyWinkyt
|j|☆ThatBrownBoy
|t:|1758319571
|gametype|singles
|player|p1|PinkyWinkyt|dawn|1429
|player|p2|ThatBrownBoy|169|1358
|gen|9
|tier|[Gen 9] OU
|rated|
|rule|HP Percentage Mod: HP is shown in percentages
|rule|Endless Battle Clause: Forcing endless battles is banned
|rule|Species Clause: Limit one of each Pokémon
|rule|OHKO Clause: OHKO moves are banned
|rule|Evasion Items Clause: Evasion items are banned
|rule|Evasion Moves Clause: Evasion moves are banned
|rule|Evasion Abilities Clause: Evasion abilities are banned
|rule|Sleep Moves Clause: Sleep-inducing moves are banned
|clearpoke
|poke|p1|Corviknight, M|
|poke|p1|Garganacl, F|
|poke|p1|Skeledirge, F|
|poke|p1|Zoroark-Hisui, M|
|poke|p1|Ogerpon-Wellspring, F|
|poke|p1|Raging Bolt|
|poke|p2|Ambipom, F|
|poke|p2|Grimmsnarl, M|
|poke|p2|Ursaluna, F|
|poke|p2|Dragonite, M|
|poke|p2|Zoroark-Hisui, M|
|poke|p2|Corviknight, M|
|teampreview
|inactive|Battle timer is ON: inactive players will automatically lose when time's up. (requested by ThatBrownBoy)
|
|t:|1758319585
|teamsize|p1|6
|teamsize|p2|6
|start
|switch|p1a: Raging Bolt|Raging Bolt|100/100
|switch|p2a: Ursaluna|Ursaluna, F, shiny|100/100
|turn|1
|
|t:|1758319594
|switch|p2a: Corviknight|Corviknight, M|100/100
|-ability|p2a: Corviknight|Pressure
|move|p1a: Raging Bolt|Nasty Plot|p1a: Raging Bolt
|-boost|p1a: Raging Bolt|spa|2
|
|upkeep
|turn|2
|
|t:|1758319609
|move|p1a: Raging Bolt|Shadow Ball|p2a: Corviknight
|-damage|p2a: Corviknight|7/100
|-damage|p1a: Raging Bolt|91/100|[from] item: Life Orb
|move|p2a: Corviknight|U-turn|p1a: Raging Bolt
|-resisted|p1a: Raging Bolt
|-damage|p1a: Raging Bolt|76/100
|replace|p1a: Zoroark|Zoroark-Hisui, M
|-end|p1a: Zoroark|Illusion
|
|t:|1758319627
|switch|p2a: Grimmsnarl|Grimmsnarl, M, shiny|100/100|[from] U-turn
|
|upkeep
|turn|3
|c|☆ThatBrownBoy|have a feeling we have the same one
|
|t:|1758319642
|move|p2a: Grimmsnarl|Thunder Wave|p1a: Zoroark
|-status|p1a: Zoroark|par
|move|p1a: Zoroark|Hyper Voice|p2a: Grimmsnarl
|-damage|p2a: Grimmsnarl|0 fnt
|faint|p2a: Grimmsnarl
|-damage|p1a: Zoroark|66/100 par|[from] item: Life Orb
|
|upkeep
|
|t:|1758319652
|switch|p2a: Ambipom|Ambipom, F, shiny|100/100
|turn|4
|
|t:|1758319662
|move|p2a: Ambipom|Knock Off|p1a: Zoroark
|-supereffective|p1a: Zoroark
|-damage|p1a: Zoroark|0 fnt
|-enditem|p1a: Zoroark|Life Orb|[from] move: Knock Off|[of] p2a: Ambipom
|faint|p1a: Zoroark
|
|upkeep
|
|t:|1758319669
|switch|p1a: Garganacl|Garganacl, F|100/100
|turn|5
|
|t:|1758319680
|switch|p2a: Corviknight|Corviknight, M|7/100
|-ability|p2a: Corviknight|Pressure
|move|p1a: Garganacl|Salt Cure|p2a: Corviknight
|-damage|p2a: Corviknight|0 fnt
|faint|p2a: Corviknight
|
|upkeep
|
|t:|1758319685
|switch|p2a: Ursaluna|Ursaluna, F, shiny|100/100
|turn|6
|
|t:|1758319702
|move|p2a: Ursaluna|Headlong Rush|p1a: Garganacl
|-supereffective|p1a: Garganacl
|-damage|p1a: Garganacl|26/100
|-unboost|p2a: Ursaluna|def|1
|-unboost|p2a: Ursaluna|spd|1
|move|p1a: Garganacl|Salt Cure|p2a: Ursaluna
|-resisted|p2a: Ursaluna
|-damage|p2a: Ursaluna|93/100
|-start|p2a: Ursaluna|Salt Cure
|
|-heal|p1a: Garganacl|32/100|[from] item: Leftovers
|-damage|p2a: Ursaluna|81/100|[from] Salt Cure
|-status|p2a: Ursaluna|brn|[from] item: Flame Orb
|upkeep
|turn|7
|
|t:|1758319707
|switch|p2a: Dragonite|Dragonite, M, shiny|100/100
|switch|p1a: Ogerpon|Ogerpon-Wellspring, F|100/100
|
|upkeep
|turn|8
|
|t:|1758319711
|move|p1a: Ogerpon|Knock Off|p2a: Dragonite
|-damage|p2a: Dragonite|78/100
|-enditem|p2a: Dragonite|Heavy-Duty Boots|[from] move: Knock Off|[of] p1a: Ogerpon
|move|p2a: Dragonite|Dragon Dance|p2a: Dragonite
|-boost|p2a: Dragonite|atk|1
|-boost|p2a: Dragonite|spe|1
|
|upkeep
|turn|9
|
|t:|1758319717
|switch|p1a: Skeledirge|Skeledirge, F, shiny|100/100
|move|p2a: Dragonite|Dragon Dance|p2a: Dragonite
|-boost|p2a: Dragonite|atk|1
|-boost|p2a: Dragonite|spe|1
|
|upkeep
|turn|10
|
|t:|1758319720
|move|p2a: Dragonite|Earthquake|p1a: Skeledirge
|-supereffective|p1a: Skeledirge
|-damage|p1a: Skeledirge|54/100
|move|p1a: Skeledirge|Will-O-Wisp|p2a: Dragonite
|-status|p2a: Dragonite|brn
|
|-damage|p2a: Dragonite|71/100 brn|[from] brn
|upkeep
|turn|11
|
|t:|1758319729
|move|p2a: Dragonite|Earthquake|p1a: Skeledirge
|-supereffective|p1a: Skeledirge
|-damage|p1a: Skeledirge|31/100
|move|p1a: Skeledirge|Slack Off|p1a: Skeledirge
|-heal|p1a: Skeledirge|81/100
|
|-damage|p2a: Dragonite|65/100 brn|[from] brn
|upkeep
|turn|12
|
|t:|1758319739
|move|p2a: Dragonite|Dragon Dance|p2a: Dragonite
|-boost|p2a: Dragonite|atk|1
|-boost|p2a: Dragonite|spe|1
|move|p1a: Skeledirge|Torch Song|p2a: Dragonite
|-resisted|p2a: Dragonite
|-damage|p2a: Dragonite|50/100 brn
|-boost|p1a: Skeledirge|spa|1
|
|-damage|p2a: Dragonite|44/100 brn|[from] brn
|upkeep
|turn|13
|
|t:|1758319742
|move|p2a: Dragonite|Dragon Dance|p2a: Dragonite
|-boost|p2a: Dragonite|atk|1
|-boost|p2a: Dragonite|spe|1
|move|p1a: Skeledirge|Torch Song|p2a: Dragonite
|-resisted|p2a: Dragonite
|-damage|p2a: Dragonite|22/100 brn
|-boost|p1a: Skeledirge|spa|1
|
|-damage|p2a: Dragonite|16/100 brn|[from] brn
|upkeep
|turn|14
|
|t:|1758319744
|move|p2a: Dragonite|Earthquake|p1a: Skeledirge
|-supereffective|p1a: Skeledirge
|-damage|p1a: Skeledirge|57/100
|move|p1a: Skeledirge|Torch Song|p2a: Dragonite
|-resisted|p2a: Dragonite
|-damage|p2a: Dragonite|0 fnt
|-boost|p1a: Skeledirge|spa|1
|faint|p2a: Dragonite
|
|upkeep
|
|t:|1758319749
|switch|p2a: Ursaluna|Ursaluna, F, shiny|100/100
|turn|15
|
|t:|1758319765
|switch|p1a: Corviknight|Corviknight, M, shiny|100/100
|move|p2a: Ursaluna|Shadow Ball|p1a: Corviknight
|-damage|p1a: Corviknight|74/100
|
|upkeep
|turn|16
|
|t:|1758319772
|move|p2a: Ursaluna|Nasty Plot|p2a: Ursaluna
|-boost|p2a: Ursaluna|spa|2
|move|p1a: Corviknight|Brave Bird|p2a: Ursaluna
|-damage|p2a: Ursaluna|30/100
|replace|p2a: Zoroark|Zoroark-Hisui, M, shiny
|-end|p2a: Zoroark|Illusion
|-damage|p1a: Corviknight|60/100|[from] Recoil
|
|upkeep
|turn|17
|
|t:|1758319775
|move|p2a: Zoroark|Flamethrower|p1a: Corviknight
|-supereffective|p1a: Corviknight
|-damage|p1a: Corviknight|0 fnt
|faint|p1a: Corviknight
|
|upkeep
|
|t:|1758319784
|switch|p1a: Ogerpon|Ogerpon-Wellspring, F|100/100
|turn|18
|
|t:|1758319788
|move|p2a: Zoroark|Hyper Voice|p1a: Ogerpon
|-damage|p1a: Ogerpon|0 fnt
|faint|p1a: Ogerpon
|
|upkeep
|
|t:|1758319794
|switch|p1a: Raging Bolt|Raging Bolt|100/100
|-enditem|p1a: Raging Bolt|Booster Energy
|-activate|p1a: Raging Bolt|ability: Protosynthesis|[fromitem]
|-start|p1a: Raging Bolt|protosynthesisspa
|turn|19
|
|t:|1758319797
|switch|p2a: Ursaluna|Ursaluna, F, shiny|81/100 brn
|move|p1a: Raging Bolt|Thunderclap||[still]
|-fail|p1a: Raging Bolt
|
|-damage|p2a: Ursaluna|75/100 brn|[from] brn
|upkeep
|turn|20
|
|t:|1758319806
|-terastallize|p1a: Raging Bolt|Fairy
|move|p1a: Raging Bolt|Calm Mind|p1a: Raging Bolt
|-boost|p1a: Raging Bolt|spa|1
|-boost|p1a: Raging Bolt|spd|1
|move|p2a: Ursaluna|Headlong Rush|p1a: Raging Bolt
|-damage|p1a: Raging Bolt|16/100
|-unboost|p2a: Ursaluna|def|1
|-unboost|p2a: Ursaluna|spd|1
|
|-damage|p2a: Ursaluna|69/100 brn|[from] brn
|upkeep
|turn|21
|
|t:|1758319814
|-terastallize|p2a: Ursaluna|Steel
|move|p1a: Raging Bolt|Dragon Pulse|p2a: Ursaluna
|-resisted|p2a: Ursaluna
|-damage|p2a: Ursaluna|2/100 brn
|move|p2a: Ursaluna|Facade|p1a: Raging Bolt
|-damage|p1a: Raging Bolt|0 fnt
|faint|p1a: Raging Bolt
|-end|p1a: Raging Bolt|Protosynthesis|[silent]
|
|-damage|p2a: Ursaluna|0 fnt|[from] brn
|faint|p2a: Ursaluna
|upkeep
|
|t:|1758319826
|switch|p1a: Garganacl|Garganacl, F|32/100
|switch|p2a: Ambipom|Ambipom, F, shiny|100/100
|turn|22
|
|t:|1758319832
|move|p2a: Ambipom|Fake Out|p1a: Garganacl
|-resisted|p1a: Garganacl
|-damage|p1a: Garganacl|25/100
|cant|p1a: Garganacl|flinch
|
|-heal|p1a: Garganacl|31/100|[from] item: Leftovers
|upkeep
|turn|23
|
|t:|1758319834
|move|p2a: Ambipom|Low Kick|p1a: Garganacl
|-supereffective|p1a: Garganacl
|-damage|p1a: Garganacl|0 fnt
|faint|p1a: Garganacl
|
|upkeep
|
|t:|1758319836
|switch|p1a: Skeledirge|Skeledirge, F, shiny|57/100
|turn|24
|
|t:|1758319838
|move|p2a: Ambipom|Knock Off|p1a: Skeledirge
|-supereffective|p1a: Skeledirge
|-damage|p1a: Skeledirge|22/100
|-enditem|p1a: Skeledirge|Heavy-Duty Boots|[from] move: Knock Off|[of] p2a: Ambipom
|move|p1a: Skeledirge|Slack Off|p1a: Skeledirge
|-heal|p1a: Skeledirge|72/100
|
|upkeep
|turn|25
|
|t:|1758319844
|move|p2a: Ambipom|Knock Off|p1a: Skeledirge
|-supereffective|p1a: Skeledirge
|-damage|p1a: Skeledirge|50/100
|move|p1a: Skeledirge|Will-O-Wisp|p2a: Ambipom
|-status|p2a: Ambipom|brn
|
|-damage|p2a: Ambipom|94/100 brn|[from] brn
|upkeep
|turn|26
|
|t:|1758319847
|move|p2a: Ambipom|Knock Off|p1a: Skeledirge
|-supereffective|p1a: Skeledirge
|-damage|p1a: Skeledirge|37/100
|move|p1a: Skeledirge|Slack Off|p1a: Skeledirge
|-heal|p1a: Skeledirge|87/100
|
|-damage|p2a: Ambipom|88/100 brn|[from] brn
|upkeep
|turn|27
|
|t:|1758319850
|move|p2a: Ambipom|Knock Off|p1a: Skeledirge
|-supereffective|p1a: Skeledirge
|-crit|p1a: Skeledirge
|-damage|p1a: Skeledirge|71/100
|move|p1a: Skeledirge|Slack Off|p1a: Skeledirge
|-heal|p1a: Skeledirge|100/100
|
|-damage|p2a: Ambipom|82/100 brn|[from] brn
|upkeep
|turn|28
|
|t:|1758319853
|move|p2a: Ambipom|Knock Off|p1a: Skeledirge
|-supereffective|p1a: Skeledirge
|-damage|p1a: Skeledirge|90/100
|move|p1a: Skeledirge|Torch Song|p2a: Ambipom
|-damage|p2a: Ambipom|29/100 brn
|-boost|p1a: Skeledirge|spa|1
|
|-damage|p2a: Ambipom|23/100 brn|[from] brn
|upkeep
|turn|29
|
|t:|1758319857
|move|p2a: Ambipom|Knock Off|p1a: Skeledirge
|-supereffective|p1a: Skeledirge
|-damage|p1a: Skeledirge|78/100
|move|p1a: Skeledirge|Torch Song|p2a: Ambipom
|-damage|p2a: Ambipom|0 fnt
|-boost|p1a: Skeledirge|spa|1
|faint|p2a: Ambipom
|
|upkeep
|
|t:|1758319861
|switch|p2a: Zoroark|Zoroark-Hisui, M, shiny|30/100
|turn|30
|
|t:|1758319866
|move|p2a: Zoroark|Shadow Ball|p1a: Skeledirge
|-supereffective|p1a: Skeledirge
|-damage|p1a: Skeledirge|0 fnt
|faint|p1a: Skeledirge
|
|win|ThatBrownBoy
|raw|PinkyWinkyt's rating: 1429 &rarr; <strong>1405</strong><br />(-24 for losing)
|raw|ThatBrownBoy's rating: 1358 &rarr; <strong>1382</strong><br />(+24 for winning)
|l|☆PinkyWinkyt
|player|p1|
|c|☆ThatBrownBoy|gg
