|j|☆JayQualin
|j|☆culad
|t:|1758291040
|gametype|singles
|player|p1|JayQualin|266|1243
|player|p2|culad|101|1264
|gen|9
|tier|[Gen 9] OU
|rated|
|rule|HP Percentage Mod: HP is shown in percentages
|rule|Endless Battle Clause: Forcing endless battles is banned
|rule|Species Clause: Limit one of each Pokémon
|rule|OHKO Clause: OHKO moves are banned
|rule|Evasion Items Clause: Evasion items are banned
|rule|Evasion Moves Clause: Evasion moves are banned
|rule|Evasion Abilities Clause: Evasion abilities are banned
|rule|Sleep Moves Clause: Sleep-inducing moves are banned
|clearpoke
|poke|p1|Arcanine-Hisui, M|
|poke|p1|Weavile, F|
|poke|p1|Gholdengo|
|poke|p1|Iron Valiant|
|poke|p1|Great Tusk|
|poke|p1|Dragonite, F|
|poke|p2|Garganacl, M|
|poke|p2|Dragapult, F|
|poke|p2|Moltres|
|poke|p2|Ogerpon-Wellspring, F|
|poke|p2|Zamazenta-*|
|poke|p2|Iron Treads|
|teampreview
|inactive|Battle timer is ON: inactive players will automatically lose when time's up. (requested by JayQualin)
|
|t:|1758291066
|teamsize|p1|6
|teamsize|p2|6
|start
|switch|p1a: Arcanine|Arcanine-Hisui, M|100/100
|switch|p2a: Dragapult|Dragapult, F|100/100
|turn|1
|
|t:|1758291073
|move|p2a: Dragapult|U-turn|p1a: Arcanine
|-resisted|p1a: Arcanine
|-damage|p1a: Arcanine|90/100
|
|t:|1758291078
|switch|p2a: Garganacl|Garganacl, M|100/100|[from] U-turn
|move|p1a: Arcanine|Head Smash|p2a: Garganacl
|-damage|p2a: Garganacl|28/100
|
|-heal|p2a: Garganacl|34/100|[from] item: Leftovers
|upkeep
|turn|2
|
|t:|1758291091
|move|p1a: Arcanine|Head Smash|p2a: Garganacl
|-damage|p2a: Garganacl|0 fnt
|faint|p2a: Garganacl
|
|upkeep
|
|t:|1758291099
|switch|p2a: Zamazenta|Zamazenta|100/100
|-ability|p2a: Zamazenta|Dauntless Shield|boost
|-boost|p2a: Zamazenta|def|1
|turn|3
|
|t:|1758291121
|switch|p1a: Gholdengo|Gholdengo|100/100
|-item|p1a: Gholdengo|Air Balloon
|move|p2a: Zamazenta|Crunch|p1a: Gholdengo
|-supereffective|p1a: Gholdengo
|-damage|p1a: Gholdengo|35/100
|-enditem|p1a: Gholdengo|Air Balloon
|
|upkeep
|turn|4
|
|t:|1758291130
|move|p2a: Zamazenta|Crunch|p1a: Gholdengo
|-supereffective|p1a: Gholdengo
|-damage|p1a: Gholdengo|0 fnt
|faint|p1a: Gholdengo
|
|upkeep
|
|t:|1758291149
|switch|p1a: Iron Valiant|Iron Valiant|100/100
|-enditem|p1a: Iron Valiant|Booster Energy
|-activate|p1a: Iron Valiant|ability: Quark Drive|[fromitem]
|-start|p1a: Iron Valiant|quarkdrivespe
|turn|5
|
|t:|1758291157
|switch|p2a: Iron Treads|Iron Treads|100/100
|move|p1a: Iron Valiant|Calm Mind|p1a: Iron Valiant
|-boost|p1a: Iron Valiant|spa|1
|-boost|p1a: Iron Valiant|spd|1
|
|upkeep
|turn|6
|
|t:|1758291163
|-terastallize|p1a: Iron Valiant|Ghost
|move|p1a: Iron Valiant|Shadow Ball|p2a: Iron Treads
|-damage|p2a: Iron Treads|48/100
|move|p2a: Iron Treads|Knock Off|p1a: Iron Valiant
|-supereffective|p1a: Iron Valiant
|-damage|p1a: Iron Valiant|44/100
|
|-heal|p2a: Iron Treads|54/100|[from] item: Leftovers
|upkeep
|turn|7
|
|t:|1758291173
|move|p1a: Iron Valiant|Shadow Ball|p2a: Iron Treads
|-damage|p2a: Iron Treads|1/100
|move|p2a: Iron Treads|Stealth Rock|p1a: Iron Valiant
|-sidestart|p1: JayQualin|move: Stealth Rock
|
|-heal|p2a: Iron Treads|7/100|[from] item: Leftovers
|upkeep
|turn|8
|
|t:|1758291181
|move|p1a: Iron Valiant|Encore|p2a: Iron Treads
|-start|p2a: Iron Treads|Encore
|move|p2a: Iron Treads|Stealth Rock||[still]
|-fail|p2a: Iron Treads
|
|-heal|p2a: Iron Treads|13/100|[from] item: Leftovers
|upkeep
|turn|9
|
|t:|1758291201
|-end|p2a: Iron Treads|Quark Drive|[silent]
|switch|p2a: Zamazenta|Zamazenta|100/100
|move|p1a: Iron Valiant|Calm Mind|p1a: Iron Valiant
|-boost|p1a: Iron Valiant|spa|1
|-boost|p1a: Iron Valiant|spd|1
|
|upkeep
|turn|10
|
|t:|1758291210
|move|p1a: Iron Valiant|Moonblast|p2a: Zamazenta
|-supereffective|p2a: Zamazenta
|-damage|p2a: Zamazenta|0 fnt
|faint|p2a: Zamazenta
|
|upkeep
|
|t:|1758291214
|switch|p2a: Moltres|Moltres|100/100
|turn|11
|inactive|JayQualin has 120 seconds left.
|
|t:|1758291261
|move|p1a: Iron Valiant|Shadow Ball|p2a: Moltres
|-damage|p2a: Moltres|34/100
|move|p2a: Moltres|Roar|p1a: Iron Valiant
|-end|p1a: Iron Valiant|Quark Drive|[silent]
|drag|p1a: Great Tusk|Great Tusk|100/100
|
|upkeep
|turn|12
|
|t:|1758291272
|move|p1a: Great Tusk|Rapid Spin|p2a: Moltres
|-damage|p2a: Moltres|20/100
|-boost|p1a: Great Tusk|spe|1
|-status|p1a: Great Tusk|brn|[from] ability: Flame Body|[of] p2a: Moltres
|-sideend|p1: JayQualin|Stealth Rock|[from] move: Rapid Spin|[of] p1a: Great Tusk
|move|p2a: Moltres|Roost|p2a: Moltres
|-heal|p2a: Moltres|70/100
|-singleturn|p2a: Moltres|move: Roost
|
|-damage|p1a: Great Tusk|94/100 brn|[from] brn
|upkeep
|turn|13
|
|t:|1758291282
|move|p1a: Great Tusk|Stealth Rock|p2a: Moltres
|-sidestart|p2: culad|move: Stealth Rock
|move|p2a: Moltres|Flamethrower|p1a: Great Tusk
|-damage|p1a: Great Tusk|41/100 brn
|
|-damage|p1a: Great Tusk|34/100 brn|[from] brn
|upkeep
|turn|14
|
|t:|1758291291
|-end|p1a: Great Tusk|Protosynthesis|[silent]
|switch|p1a: Arcanine|Arcanine-Hisui, M|90/100
|move|p2a: Moltres|Roar|p1a: Arcanine
|drag|p1a: Dragonite|Dragonite, F|100/100
|
|upkeep
|turn|15
|
|t:|1758291298
|switch|p1a: Great Tusk|Great Tusk|34/100 brn
|move|p2a: Moltres|Will-O-Wisp|p1a: Great Tusk
|-fail|p1a: Great Tusk|brn
|
|-damage|p1a: Great Tusk|28/100 brn|[from] brn
|upkeep
|turn|16
|
|t:|1758291307
|-end|p1a: Great Tusk|Protosynthesis|[silent]
|switch|p1a: Arcanine|Arcanine-Hisui, M|90/100
|move|p2a: Moltres|Roar|p1a: Arcanine
|drag|p1a: Great Tusk|Great Tusk|28/100 brn
|
|-damage|p1a: Great Tusk|22/100 brn|[from] brn
|upkeep
|turn|17
|
|t:|1758291316
|-end|p1a: Great Tusk|Protosynthesis|[silent]
|switch|p1a: Arcanine|Arcanine-Hisui, M|90/100
|switch|p2a: Ogerpon|Ogerpon-Wellspring, F|100/100
|-damage|p2a: Ogerpon|88/100|[from] Stealth Rock
|
|upkeep
|turn|18
|inactive|JayQualin has 120 seconds left.
|
|t:|1758291355
|switch|p1a: Great Tusk|Great Tusk|22/100 brn
|move|p2a: Ogerpon|Ivy Cudgel|p1a: Great Tusk|[anim] Ivy Cudgel Water
|-supereffective|p1a: Great Tusk
|-damage|p1a: Great Tusk|0 fnt
|faint|p1a: Great Tusk
|-end|p1a: Great Tusk|Protosynthesis|[silent]
|
|upkeep
|
|t:|1758291382
|switch|p1a: Iron Valiant|Iron Valiant, tera:Ghost|44/100
|turn|19
|
|t:|1758291395
|-terastallize|p2a: Ogerpon|Water
|detailschange|p2a: Ogerpon|Ogerpon-Wellspring-Tera, F, tera:Water
|-ability|p2a: Ogerpon|Embody Aspect (Wellspring)|boost
|-boost|p2a: Ogerpon|spd|1
|move|p1a: Iron Valiant|Moonblast|p2a: Ogerpon
|-damage|p2a: Ogerpon|57/100
|-unboost|p2a: Ogerpon|spa|1
|move|p2a: Ogerpon|Ivy Cudgel|p1a: Iron Valiant|[anim] Ivy Cudgel Water
|-damage|p1a: Iron Valiant|0 fnt
|faint|p1a: Iron Valiant
|-end|p1a: Iron Valiant|Quark Drive|[silent]
|
|upkeep
|
|t:|1758291406
|switch|p1a: Dragonite|Dragonite, F|100/100
|turn|20
|
|t:|1758291414
|move|p2a: Ogerpon|Ivy Cudgel|p1a: Dragonite|[anim] Ivy Cudgel Water
|-resisted|p1a: Dragonite
|-damage|p1a: Dragonite|80/100
|move|p1a: Dragonite|Dragon Dance|p1a: Dragonite
|-boost|p1a: Dragonite|atk|1
|-boost|p1a: Dragonite|spe|1
|
|upkeep
|turn|21
|
|t:|1758291424
|move|p1a: Dragonite|Dragon Dance|p1a: Dragonite
|-boost|p1a: Dragonite|atk|1
|-boost|p1a: Dragonite|spe|1
|move|p2a: Ogerpon|Ivy Cudgel|p1a: Dragonite|[anim] Ivy Cudgel Water
|-resisted|p1a: Dragonite
|-damage|p1a: Dragonite|40/100
|
|upkeep
|turn|22
|
|t:|1758291431
|move|p1a: Dragonite|Extreme Speed|p2a: Ogerpon
|-damage|p2a: Ogerpon|0 fnt
|faint|p2a: Ogerpon
|detailschange|p2: Ogerpon|Ogerpon-Wellspring, F|[silent]
|
|upkeep
|
|t:|1758291437
|switch|p2a: Moltres|Moltres|70/100
|turn|23
|
|t:|1758291441
|move|p1a: Dragonite|Extreme Speed|p2a: Moltres
|-damage|p2a: Moltres|19/100
|-status|p1a: Dragonite|brn|[from] ability: Flame Body|[of] p2a: Moltres
|move|p2a: Moltres|Roar|p1a: Dragonite
|drag|p1a: Weavile|Weavile, F|100/100
|-ability|p1a: Weavile|Pressure
|
|upkeep
|turn|24
|
|t:|1758291450
|move|p1a: Weavile|Knock Off|p2a: Moltres
|-damage|p2a: Moltres|0 fnt
|-enditem|p2a: Moltres|Heavy-Duty Boots|[from] move: Knock Off|[of] p1a: Weavile
|faint|p2a: Moltres
|
|upkeep
|
|t:|1758291459
|switch|p2a: Dragapult|Dragapult, F|100/100
|turn|25
|
|t:|1758291465
|move|p1a: Weavile|Ice Shard|p2a: Dragapult
|-supereffective|p2a: Dragapult
|-damage|p2a: Dragapult|49/100
|move|p2a: Dragapult|Draco Meteor|p1a: Weavile
|-damage|p1a: Weavile|18/100
|-unboost|p2a: Dragapult|spa|2
|
|upkeep
|turn|26
|
|t:|1758291478
|move|p1a: Weavile|Ice Shard|p2a: Dragapult
|-supereffective|p2a: Dragapult
|-crit|p2a: Dragapult
|-damage|p2a: Dragapult|0 fnt
|faint|p2a: Dragapult
|
|upkeep
|-message|culad forfeited.
|
|win|JayQualin
|raw|JayQualin's rating: 1299 &rarr; <strong>1321</strong><br />(+22 for winning)
|raw|culad's rating: 1264 &rarr; <strong>1242</strong><br />(-22 for losing)
|l|☆culad
|player|p2|
