|j|☆touchingfishrn
|j|☆Usbsns
|t:|1758377061
|gametype|singles
|player|p1|touchingfishrn|1|1076
|player|p2|Usbsns|169|1080
|gen|9
|tier|[Gen 9] OU
|rated|
|rule|HP Percentage Mod: HP is shown in percentages
|rule|Endless Battle Clause: Forcing endless battles is banned
|rule|Species Clause: Limit one of each Pokémon
|rule|OHKO Clause: OHKO moves are banned
|rule|Evasion Items Clause: Evasion items are banned
|rule|Evasion Moves Clause: Evasion moves are banned
|rule|Evasion Abilities Clause: Evasion abilities are banned
|rule|Sleep Moves Clause: Sleep-inducing moves are banned
|clearpoke
|poke|p1|Great Tusk|
|poke|p1|Gholdengo|
|poke|p1|Kingambit, M|
|poke|p1|Dragapult, F|
|poke|p1|Iron Valiant|
|poke|p1|Tornadus-Therian, M|
|poke|p2|Hitmonchan, M|
|poke|p2|Alomomola, F|
|poke|p2|Primarina, F|
|poke|p2|Farigiraf, M|
|poke|p2|Tauros, M|
|poke|p2|Cinderace, M|
|teampreview
|inactive|Battle timer is ON: inactive players will automatically lose when time's up. (requested by Usbsns)
|
|t:|1758377069
|teamsize|p1|6
|teamsize|p2|6
|start
|switch|p1a: Tornadus|Tornadus-Therian, M|100/100
|switch|p2a: Hitmonchan|Hitmonchan, M|100/100
|turn|1
|
|t:|1758377076
|-terastallize|p2a: Hitmonchan|Fire
|move|p1a: Tornadus|Bleakwind Storm|p2a: Hitmonchan
|-damage|p2a: Hitmonchan|59/100
|move|p2a: Hitmonchan|Ice Punch|p1a: Tornadus
|-supereffective|p1a: Tornadus
|-damage|p1a: Tornadus|32/100
|
|upkeep
|turn|2
|
|t:|1758377097
|move|p1a: Tornadus|U-turn|p2a: Hitmonchan
|-resisted|p2a: Hitmonchan
|-damage|p2a: Hitmonchan|49/100
|
|t:|1758377099
|switch|p1a: Great Tusk|Great Tusk|100/100|[from] U-turn
|move|p2a: Hitmonchan|Drain Punch|p1a: Great Tusk
|-damage|p1a: Great Tusk|77/100
|-heal|p2a: Hitmonchan|66/100|[from] drain|[of] p1a: Great Tusk
|
|-heal|p1a: Great Tusk|83/100|[from] item: Leftovers
|upkeep
|turn|3
|
|t:|1758377110
|switch|p2a: Alomomola|Alomomola, F|100/100
|move|p1a: Great Tusk|Rapid Spin|p2a: Alomomola
|-damage|p2a: Alomomola|92/100
|-boost|p1a: Great Tusk|spe|1
|
|-heal|p1a: Great Tusk|89/100|[from] item: Leftovers
|-heal|p2a: Alomomola|98/100|[from] item: Leftovers
|upkeep
|turn|4
|
|t:|1758377121
|move|p1a: Great Tusk|Knock Off|p2a: Alomomola
|-damage|p2a: Alomomola|84/100
|-enditem|p2a: Alomomola|Leftovers|[from] move: Knock Off|[of] p1a: Great Tusk
|move|p2a: Alomomola|Aqua Ring|p2a: Alomomola
|-start|p2a: Alomomola|Aqua Ring
|
|-heal|p1a: Great Tusk|96/100|[from] item: Leftovers
|-heal|p2a: Alomomola|90/100|[from] Aqua Ring
|upkeep
|turn|5
|
|t:|1758377133
|move|p1a: Great Tusk|Stealth Rock|p2a: Alomomola
|-sidestart|p2: Usbsns|move: Stealth Rock
|move|p2a: Alomomola|Whirlpool|p1a: Great Tusk
|-supereffective|p1a: Great Tusk
|-damage|p1a: Great Tusk|80/100
|-activate|p1a: Great Tusk|move: Whirlpool|[of] p2a: Alomomola
|
|-heal|p1a: Great Tusk|87/100|[from] item: Leftovers
|-heal|p2a: Alomomola|96/100|[from] Aqua Ring
|-damage|p1a: Great Tusk|74/100|[from] move: Whirlpool|[partiallytrapped]
|upkeep
|turn|6
|
|t:|1758377143
|move|p1a: Great Tusk|Rapid Spin|p2a: Alomomola
|-damage|p2a: Alomomola|88/100
|-boost|p1a: Great Tusk|spe|1
|-end|p1a: Great Tusk|Whirlpool|[partiallytrapped]
|move|p2a: Alomomola|Alluring Voice|p1a: Great Tusk
|-supereffective|p1a: Great Tusk
|-damage|p1a: Great Tusk|54/100
|-start|p1a: Great Tusk|confusion
|
|-heal|p1a: Great Tusk|60/100|[from] item: Leftovers
|-heal|p2a: Alomomola|94/100|[from] Aqua Ring
|upkeep
|turn|7
|
|t:|1758377162
|-end|p1a: Great Tusk|Protosynthesis|[silent]
|switch|p1a: Iron Valiant|Iron Valiant|100/100
|-enditem|p1a: Iron Valiant|Booster Energy
|-activate|p1a: Iron Valiant|ability: Quark Drive|[fromitem]
|-start|p1a: Iron Valiant|quarkdrivespe
|move|p2a: Alomomola|Whirlpool|p1a: Iron Valiant|[miss]
|-miss|p2a: Alomomola|p1a: Iron Valiant
|
|-heal|p2a: Alomomola|99/100|[from] Aqua Ring
|upkeep
|turn|8
|
|t:|1758377172
|move|p1a: Iron Valiant|Encore|p2a: Alomomola
|-start|p2a: Alomomola|Encore
|move|p2a: Alomomola|Whirlpool|p1a: Iron Valiant
|-damage|p1a: Iron Valiant|89/100
|-activate|p1a: Iron Valiant|move: Whirlpool|[of] p2a: Alomomola
|
|-heal|p2a: Alomomola|100/100|[from] Aqua Ring
|-damage|p1a: Iron Valiant|77/100|[from] move: Whirlpool|[partiallytrapped]
|upkeep
|turn|9
|
|t:|1758377187
|switch|p2a: Hitmonchan|Hitmonchan, M, tera:Fire|66/100
|-damage|p2a: Hitmonchan|41/100|[from] Stealth Rock
|move|p1a: Iron Valiant|Spirit Break|p2a: Hitmonchan
|-resisted|p2a: Hitmonchan
|-damage|p2a: Hitmonchan|13/100
|-unboost|p2a: Hitmonchan|spa|1
|
|-end|p1a: Iron Valiant|Whirlpool|[partiallytrapped]|[silent]
|upkeep
|turn|10
|
|t:|1758377196
|move|p2a: Hitmonchan|Mach Punch|p1a: Iron Valiant
|-resisted|p1a: Iron Valiant
|-damage|p1a: Iron Valiant|61/100
|move|p1a: Iron Valiant|Knock Off|p2a: Hitmonchan
|-damage|p2a: Hitmonchan|0 fnt
|-enditem|p2a: Hitmonchan|Punching Glove|[from] move: Knock Off|[of] p1a: Iron Valiant
|faint|p2a: Hitmonchan
|
|upkeep
|
|t:|1758377206
|switch|p2a: Alomomola|Alomomola, F|100/100
|-damage|p2a: Alomomola|88/100|[from] Stealth Rock
|turn|11
|
|t:|1758377213
|move|p1a: Iron Valiant|Close Combat|p2a: Alomomola
|-damage|p2a: Alomomola|56/100
|-unboost|p1a: Iron Valiant|def|1
|-unboost|p1a: Iron Valiant|spd|1
|move|p2a: Alomomola|Alluring Voice|p1a: Iron Valiant
|-supereffective|p1a: Iron Valiant
|-damage|p1a: Iron Valiant|11/100
|
|upkeep
|turn|12
|
|t:|1758377241
|-end|p1a: Iron Valiant|Quark Drive|[silent]
|switch|p1a: Gholdengo|Gholdengo|100/100
|-item|p1a: Gholdengo|Air Balloon
|move|p2a: Alomomola|Alluring Voice|p1a: Gholdengo
|-resisted|p1a: Gholdengo
|-damage|p1a: Gholdengo|95/100
|-enditem|p1a: Gholdengo|Air Balloon
|
|upkeep
|turn|13
|
|t:|1758377253
|move|p1a: Gholdengo|Nasty Plot|p1a: Gholdengo
|-boost|p1a: Gholdengo|spa|2
|move|p2a: Alomomola|Aqua Ring|p2a: Alomomola
|-start|p2a: Alomomola|Aqua Ring
|
|-heal|p2a: Alomomola|62/100|[from] Aqua Ring
|upkeep
|turn|14
|
|t:|1758377265
|move|p1a: Gholdengo|Shadow Ball|p2a: Alomomola
|-damage|p2a: Alomomola|0 fnt
|faint|p2a: Alomomola
|
|upkeep
|
|t:|1758377275
|switch|p2a: Tauros|Tauros, M|100/100
|-damage|p2a: Tauros|88/100|[from] Stealth Rock
|turn|15
|
|t:|1758377279
|-terastallize|p1a: Gholdengo|Flying
|move|p2a: Tauros|Throat Chop|p1a: Gholdengo
|-damage|p1a: Gholdengo|53/100
|move|p1a: Gholdengo|Make It Rain|p2a: Tauros
|-damage|p2a: Tauros|0 fnt
|-unboost|p1a: Gholdengo|spa|1
|faint|p2a: Tauros
|
|upkeep
|
|t:|1758377294
|switch|p2a: Cinderace|Cinderace, M, shiny|100/100
|-damage|p2a: Cinderace|76/100|[from] Stealth Rock
|turn|16
|
|t:|1758377312
|move|p2a: Cinderace|Pyro Ball|p1a: Gholdengo
|-damage|p1a: Gholdengo|0 fnt
|faint|p1a: Gholdengo
|
|upkeep
|
|t:|1758377315
|switch|p1a: Iron Valiant|Iron Valiant|11/100
|turn|17
|
|t:|1758377320
|move|p2a: Cinderace|Quick Attack|p1a: Iron Valiant
|-start|p2a: Cinderace|typechange|Normal|[from] ability: Libero
|-damage|p1a: Iron Valiant|0 fnt
|faint|p1a: Iron Valiant
|-end|p1a: Iron Valiant|Quark Drive|[silent]
|
|upkeep
|
|t:|1758377338
|switch|p1a: Dragapult|Dragapult, F|100/100
|turn|18
|
|t:|1758377348
|move|p1a: Dragapult|Flamethrower|p2a: Cinderace
|-damage|p2a: Cinderace|24/100
|move|p2a: Cinderace|Gunk Shot|p1a: Dragapult
|-resisted|p1a: Dragapult
|-damage|p1a: Dragapult|77/100
|
|upkeep
|turn|19
|
|t:|1758377361
|switch|p1a: Great Tusk|Great Tusk|60/100
|switch|p2a: Primarina|Primarina, F|100/100
|-damage|p2a: Primarina|88/100|[from] Stealth Rock
|
|-heal|p1a: Great Tusk|66/100|[from] item: Leftovers
|-heal|p2a: Primarina|94/100|[from] item: Leftovers
|upkeep
|turn|20
|
|t:|1758377374
|-end|p1a: Great Tusk|Protosynthesis|[silent]
|switch|p1a: Tornadus|Tornadus-Therian, M|65/100
|move|p2a: Primarina|Ice Beam|p1a: Tornadus
|-supereffective|p1a: Tornadus
|-damage|p1a: Tornadus|0 fnt
|faint|p1a: Tornadus
|
|-heal|p2a: Primarina|99/100|[from] item: Leftovers
|upkeep
|inactive|touchingfishrn has 120 seconds left.
|
|t:|1758377410
|switch|p1a: Kingambit|Kingambit, M|100/100
|-activate|p1a: Kingambit|ability: Supreme Overlord
|-start|p1a: Kingambit|fallen3|[silent]
|turn|21
|
|t:|1758377422
|move|p2a: Primarina|Alluring Voice|p1a: Kingambit
|-damage|p1a: Kingambit|60/100
|move|p1a: Kingambit|Swords Dance|p1a: Kingambit
|-boost|p1a: Kingambit|atk|2
|
|-heal|p2a: Primarina|100/100|[from] item: Leftovers
|upkeep
|turn|22
|
|t:|1758377432
|move|p2a: Primarina|Alluring Voice|p1a: Kingambit
|-damage|p1a: Kingambit|20/100
|move|p1a: Kingambit|Iron Head|p2a: Primarina
|-damage|p2a: Primarina|0 fnt
|faint|p2a: Primarina
|
|upkeep
|
|t:|1758377440
|switch|p2a: Cinderace|Cinderace, M, shiny|24/100
|-damage|p2a: Cinderace|0 fnt|[from] Stealth Rock
|faint|p2a: Cinderace
|
|t:|1758377446
|switch|p2a: Farigiraf|Farigiraf, M|100/100
|-damage|p2a: Farigiraf|88/100|[from] Stealth Rock
|turn|23
|
|t:|1758377458
|move|p2a: Farigiraf|Energy Ball|p1a: Kingambit
|-resisted|p1a: Kingambit
|-damage|p1a: Kingambit|5/100
|move|p1a: Kingambit|Kowtow Cleave|p2a: Farigiraf
|-supereffective|p2a: Farigiraf
|-damage|p2a: Farigiraf|0 fnt
|faint|p2a: Farigiraf
|
|win|touchingfishrn
|raw|touchingfishrn's rating: 1107 &rarr; <strong>1130</strong><br />(+23 for winning)
|raw|Usbsns's rating: 1080 &rarr; <strong>1060</strong><br />(-20 for losing)
|l|☆touchingfishrn
|player|p1|
|l|☆Usbsns
|player|p2|
