|j|☆constant sorrow
|j|☆Penguinxdd
|t:|1758301095
|gametype|singles
|player|p1|constant sorrow|iris-gen5bw2|1299
|player|p2|Penguinxdd|veteran|1347
|gen|9
|tier|[Gen 9] OU
|rated|
|rule|HP Percentage Mod: HP is shown in percentages
|rule|Endless Battle Clause: Forcing endless battles is banned
|rule|Species Clause: Limit one of each Pokémon
|rule|OHKO Clause: OHKO moves are banned
|rule|Evasion Items Clause: Evasion items are banned
|rule|Evasion Moves Clause: Evasion moves are banned
|rule|Evasion Abilities Clause: Evasion abilities are banned
|rule|Sleep Moves Clause: Sleep-inducing moves are banned
|clearpoke
|poke|p1|Iron Thorns|
|poke|p1|Persian-Alola, M|
|poke|p1|Tentacruel, M|
|poke|p1|Ninetales-Alola, M|
|poke|p1|Umbreon, M|
|poke|p1|Azumarill, M|
|poke|p2|Weezing-Galar, F|
|poke|p2|Iron Valiant|
|poke|p2|Gholdengo|
|poke|p2|Primarina, F|
|poke|p2|Ting-Lu|
|poke|p2|Comfey, M|
|teampreview
|inactive|Battle timer is ON: inactive players will automatically lose when time's up. (requested by constant sorrow)
|l|☆Penguinxdd
|inactive|Penguinxdd disconnected and has a minute to reconnect!
|player|p2|
|j|☆Penguinxdd
|inactive|Penguinxdd reconnected and has 120 seconds left.
|player|p2|Penguinxdd|veteran|
|
|t:|1758301142
|teamsize|p1|6
|teamsize|p2|6
|start
|switch|p1a: Azumarill|Azumarill, M|100/100
|switch|p2a: Gholdengo|Gholdengo|100/100
|turn|1
|
|t:|1758301147
|move|p2a: Gholdengo|Make It Rain|p1a: Azumarill
|-damage|p1a: Azumarill|38/100
|-unboost|p2a: Gholdengo|spa|1
|-enditem|p1a: Azumarill|Sitrus Berry|[eat]
|-heal|p1a: Azumarill|63/100|[from] item: Sitrus Berry
|move|p1a: Azumarill|Liquidation|p2a: Gholdengo
|-crit|p2a: Gholdengo
|-damage|p2a: Gholdengo|6/100
|
|upkeep
|turn|2
|
|t:|1758301166
|switch|p2a: Weezing|Weezing-Galar, F|100/100
|-ability|p2a: Weezing|Neutralizing Gas
|move|p1a: Azumarill|Aqua Jet|p2a: Weezing
|-damage|p2a: Weezing|92/100
|
|upkeep
|turn|3
|
|t:|1758301172
|switch|p1a: Umbreon|Umbreon, M|100/100
|move|p2a: Weezing|Will-O-Wisp|p1a: Umbreon|[miss]
|-miss|p2a: Weezing|p1a: Umbreon
|
|upkeep
|turn|4
|
|t:|1758301184
|move|p1a: Umbreon|Thunder Wave|p2a: Weezing|[miss]
|-miss|p1a: Umbreon|p2a: Weezing
|move|p2a: Weezing|Will-O-Wisp|p1a: Umbreon
|-status|p1a: Umbreon|brn
|
|-damage|p1a: Umbreon|94/100 brn|[from] brn
|upkeep
|turn|5
|
|t:|1758301192
|-end|p2a: Weezing|ability: Neutralizing Gas
|switch|p2a: Ting-Lu|Ting-Lu|100/100
|-ability|p2a: Ting-Lu|Vessel of Ruin
|move|p1a: Umbreon|Thunder Wave|p2a: Ting-Lu
|-immune|p2a: Ting-Lu
|
|-damage|p1a: Umbreon|88/100 brn|[from] brn
|upkeep
|turn|6
|
|t:|1758301195
|move|p1a: Umbreon|Toxic|p2a: Ting-Lu
|-status|p2a: Ting-Lu|tox
|move|p2a: Ting-Lu|Stealth Rock|p1a: Umbreon
|-sidestart|p1: constant sorrow|move: Stealth Rock
|
|-damage|p2a: Ting-Lu|94/100 tox|[from] psn
|-damage|p1a: Umbreon|82/100 brn|[from] brn
|upkeep
|turn|7
|
|t:|1758301200
|move|p1a: Umbreon|Wish|p1a: Umbreon
|move|p2a: Ting-Lu|Earthquake|p1a: Umbreon
|-damage|p1a: Umbreon|52/100 brn
|
|-heal|p2a: Ting-Lu|100/100 tox|[from] item: Leftovers
|-damage|p2a: Ting-Lu|88/100 tox|[from] psn
|-damage|p1a: Umbreon|46/100 brn|[from] brn
|upkeep
|turn|8
|
|t:|1758301208
|move|p1a: Umbreon|Foul Play|p2a: Ting-Lu
|-resisted|p2a: Ting-Lu
|-damage|p2a: Ting-Lu|84/100 tox
|move|p2a: Ting-Lu|Earthquake|p1a: Umbreon
|-damage|p1a: Umbreon|15/100 brn
|
|-heal|p1a: Umbreon|65/100 brn|[from] move: Wish|[wisher] Umbreon
|-heal|p2a: Ting-Lu|90/100 tox|[from] item: Leftovers
|-damage|p2a: Ting-Lu|71/100 tox|[from] psn
|-damage|p1a: Umbreon|59/100 brn|[from] brn
|upkeep
|turn|9
|
|t:|1758301220
|switch|p2a: Comfey|Comfey, M|100/100
|move|p1a: Umbreon|Wish|p1a: Umbreon
|
|-damage|p1a: Umbreon|53/100 brn|[from] brn
|upkeep
|turn|10
|
|t:|1758301223
|move|p2a: Comfey|Draining Kiss|p1a: Umbreon
|-supereffective|p1a: Umbreon
|-damage|p1a: Umbreon|24/100 brn
|-damage|p2a: Comfey|84/100|[from] item: Rocky Helmet|[of] p1a: Umbreon
|-damage|p2a: Comfey|74/100|[from] item: Life Orb
|move|p1a: Umbreon|Toxic|p2a: Comfey
|-status|p2a: Comfey|tox
|
|-heal|p1a: Umbreon|74/100 brn|[from] move: Wish|[wisher] Umbreon
|-damage|p2a: Comfey|68/100 tox|[from] psn
|-damage|p1a: Umbreon|68/100 brn|[from] brn
|upkeep
|turn|11
|
|t:|1758301229
|move|p2a: Comfey|Calm Mind|p2a: Comfey
|-boost|p2a: Comfey|spa|1
|-boost|p2a: Comfey|spd|1
|move|p1a: Umbreon|Wish|p1a: Umbreon
|
|-damage|p2a: Comfey|55/100 tox|[from] psn
|-damage|p1a: Umbreon|62/100 brn|[from] brn
|upkeep
|turn|12
|
|t:|1758301237
|move|p2a: Comfey|Calm Mind|p2a: Comfey
|-boost|p2a: Comfey|spa|1
|-boost|p2a: Comfey|spd|1
|move|p1a: Umbreon|Foul Play|p2a: Comfey
|-resisted|p2a: Comfey
|-damage|p2a: Comfey|50/100 tox
|
|-heal|p1a: Umbreon|100/100 brn|[from] move: Wish|[wisher] Umbreon
|-damage|p2a: Comfey|31/100 tox|[from] psn
|-damage|p1a: Umbreon|94/100 brn|[from] brn
|upkeep
|turn|13
|
|t:|1758301257
|move|p2a: Comfey|Draining Kiss|p1a: Umbreon
|-supereffective|p1a: Umbreon
|-damage|p1a: Umbreon|37/100 brn
|-heal|p2a: Comfey|86/100 tox|[from] drain|[of] p1a: Umbreon
|-damage|p2a: Comfey|70/100 tox|[from] item: Rocky Helmet|[of] p1a: Umbreon
|-damage|p2a: Comfey|60/100 tox|[from] item: Life Orb
|move|p1a: Umbreon|Wish|p1a: Umbreon
|
|-damage|p2a: Comfey|35/100 tox|[from] psn
|-damage|p1a: Umbreon|31/100 brn|[from] brn
|upkeep
|turn|14
|
|t:|1758301261
|move|p2a: Comfey|Draining Kiss|p1a: Umbreon
|-supereffective|p1a: Umbreon
|-damage|p1a: Umbreon|0 fnt
|-heal|p2a: Comfey|65/100 tox|[from] drain|[of] p1a: Umbreon
|-damage|p2a: Comfey|48/100 tox|[from] item: Rocky Helmet|[of] p1a: Umbreon
|faint|p1a: Umbreon
|-damage|p2a: Comfey|38/100 tox|[from] item: Life Orb
|
|-damage|p2a: Comfey|7/100 tox|[from] psn
|upkeep
|
|t:|1758301288
|switch|p1a: Tentacruel|Tentacruel, M|100/100
|-damage|p1a: Tentacruel|88/100|[from] Stealth Rock
|turn|15
|
|t:|1758301292
|move|p1a: Tentacruel|Rapid Spin|p2a: Comfey
|-damage|p2a: Comfey|0 fnt
|-boost|p1a: Tentacruel|spe|1
|-sideend|p1: constant sorrow|Stealth Rock|[from] move: Rapid Spin|[of] p1a: Tentacruel
|faint|p2a: Comfey
|
|upkeep
|
|t:|1758301318
|switch|p2a: Ting-Lu|Ting-Lu|71/100 tox
|-ability|p2a: Ting-Lu|Vessel of Ruin
|turn|16
|
|t:|1758301333
|move|p1a: Tentacruel|Surf|p2a: Ting-Lu
|-supereffective|p2a: Ting-Lu
|-damage|p2a: Ting-Lu|37/100 tox
|move|p2a: Ting-Lu|Earthquake|p1a: Tentacruel
|-supereffective|p1a: Tentacruel
|-damage|p1a: Tentacruel|0 fnt
|faint|p1a: Tentacruel
|
|-heal|p2a: Ting-Lu|43/100 tox|[from] item: Leftovers
|-damage|p2a: Ting-Lu|37/100 tox|[from] psn
|upkeep
|inactive|constant sorrow has 120 seconds left.
|
|t:|1758301362
|switch|p1a: Iron Thorns|Iron Thorns|100/100
|turn|17
|
|t:|1758301366
|-terastallize|p1a: Iron Thorns|Bug
|move|p1a: Iron Thorns|Dragon Dance|p1a: Iron Thorns
|-boost|p1a: Iron Thorns|atk|1
|-boost|p1a: Iron Thorns|spe|1
|move|p2a: Ting-Lu|Earthquake|p1a: Iron Thorns
|-resisted|p1a: Iron Thorns
|-damage|p1a: Iron Thorns|83/100
|
|-heal|p2a: Ting-Lu|43/100 tox|[from] item: Leftovers
|-damage|p2a: Ting-Lu|31/100 tox|[from] psn
|upkeep
|turn|18
|
|t:|1758301376
|move|p1a: Iron Thorns|Pin Missile|p2a: Ting-Lu
|-supereffective|p2a: Ting-Lu
|-damage|p2a: Ting-Lu|6/100 tox
|-supereffective|p2a: Ting-Lu
|-damage|p2a: Ting-Lu|0 fnt
|faint|p2a: Ting-Lu
|-hitcount|p2: Ting-Lu|2
|
|upkeep
|
|t:|1758301380
|switch|p2a: Iron Valiant|Iron Valiant|100/100
|-enditem|p2a: Iron Valiant|Booster Energy
|-activate|p2a: Iron Valiant|ability: Quark Drive|[fromitem]
|-start|p2a: Iron Valiant|quarkdrivespe
|turn|19
|
|t:|1758301401
|move|p2a: Iron Valiant|Moonblast|p1a: Iron Thorns
|-damage|p1a: Iron Thorns|31/100
|-unboost|p1a: Iron Thorns|spa|1
|move|p1a: Iron Thorns|Thunder Punch|p2a: Iron Valiant
|-damage|p2a: Iron Valiant|20/100
|
|upkeep
|turn|20
|
|t:|1758301408
|move|p2a: Iron Valiant|Moonblast|p1a: Iron Thorns
|-damage|p1a: Iron Thorns|0 fnt
|faint|p1a: Iron Thorns
|-end|p1a: Iron Thorns|Quark Drive|[silent]
|
|upkeep
|
|t:|1758301410
|switch|p1a: Azumarill|Azumarill, M|63/100
|turn|21
|
|t:|1758301416
|move|p1a: Azumarill|Aqua Jet|p2a: Iron Valiant
|-damage|p2a: Iron Valiant|0 fnt
|faint|p2a: Iron Valiant
|-end|p2a: Iron Valiant|Quark Drive|[silent]
|
|upkeep
|
|t:|1758301433
|switch|p2a: Weezing|Weezing-Galar, F|92/100
|-ability|p2a: Weezing|Neutralizing Gas
|turn|22
|
|t:|1758301442
|move|p2a: Weezing|Will-O-Wisp|p1a: Azumarill
|-status|p1a: Azumarill|brn
|move|p1a: Azumarill|Liquidation|p2a: Weezing
|-crit|p2a: Weezing
|-damage|p2a: Weezing|77/100
|
|-damage|p1a: Azumarill|57/100 brn|[from] brn
|upkeep
|turn|23
|
|t:|1758301459
|move|p2a: Weezing|Sludge Bomb|p1a: Azumarill
|-supereffective|p1a: Azumarill
|-damage|p1a: Azumarill|0 fnt
|faint|p1a: Azumarill
|
|upkeep
|
|t:|1758301466
|switch|p1a: Persian|Persian-Alola, M|100/100
|turn|24
|
|t:|1758301480
|move|p1a: Persian|Switcheroo|p2a: Weezing
|-activate|p1a: Persian|move: Trick|[of] p2a: Weezing
|-item|p2a: Weezing|Choice Band|[from] move: Switcheroo
|-item|p1a: Persian|Heavy-Duty Boots|[from] move: Switcheroo
|move|p2a: Weezing|Will-O-Wisp|p1a: Persian
|-status|p1a: Persian|brn
|
|-damage|p1a: Persian|95/100 brn|[from] brn
|upkeep
|turn|25
|
|t:|1758301488
|-end|p2a: Weezing|ability: Neutralizing Gas
|switch|p2a: Primarina|Primarina, F|100/100
|move|p1a: Persian|Knock Off|p2a: Primarina
|-resisted|p2a: Primarina
|-damage|p2a: Primarina|96/100
|-enditem|p2a: Primarina|Leftovers|[from] move: Knock Off|[of] p1a: Persian
|
|-damage|p1a: Persian|89/100 brn|[from] brn
|upkeep
|turn|26
|
|t:|1758301496
|move|p1a: Persian|Thunder Wave|p2a: Primarina
|-status|p2a: Primarina|par
|move|p2a: Primarina|Calm Mind|p2a: Primarina
|-boost|p2a: Primarina|spa|1
|-boost|p2a: Primarina|spd|1
|
|-damage|p1a: Persian|83/100 brn|[from] brn
|upkeep
|turn|27
|
|t:|1758301500
|move|p1a: Persian|Parting Shot|p2a: Primarina
|-unboost|p2a: Primarina|atk|1
|-unboost|p2a: Primarina|spa|1
|
|t:|1758301501
|switch|p1a: Ninetales|Ninetales-Alola, M|100/100|[from] Parting Shot
|-weather|Snowscape|[from] ability: Snow Warning|[of] p1a: Ninetales
|move|p2a: Primarina|Draining Kiss|p1a: Ninetales
|-damage|p1a: Ninetales|74/100
|-heal|p2a: Primarina|100/100 par|[from] drain|[of] p1a: Ninetales
|
|-weather|Snowscape|[upkeep]
|upkeep
|turn|28
|
|t:|1758301509
|move|p1a: Ninetales|Aurora Veil|p1a: Ninetales
|-sidestart|p1: constant sorrow|move: Aurora Veil
|move|p2a: Primarina|Calm Mind|p2a: Primarina
|-boost|p2a: Primarina|spa|1
|-boost|p2a: Primarina|spd|1
|
|-weather|Snowscape|[upkeep]
|upkeep
|turn|29
|
|t:|1758301514
|move|p1a: Ninetales|Freeze-Dry|p2a: Primarina
|-supereffective|p2a: Primarina
|-damage|p2a: Primarina|79/100 par
|move|p2a: Primarina|Calm Mind|p2a: Primarina
|-boost|p2a: Primarina|spa|1
|-boost|p2a: Primarina|spd|1
|
|-weather|Snowscape|[upkeep]
|upkeep
|turn|30
|
|t:|1758301519
|move|p1a: Ninetales|Freeze-Dry|p2a: Primarina
|-supereffective|p2a: Primarina
|-damage|p2a: Primarina|62/100 par
|cant|p2a: Primarina|par
|
|-weather|Snowscape|[upkeep]
|upkeep
|turn|31
|
|t:|1758301521
|move|p1a: Ninetales|Freeze-Dry|p2a: Primarina
|-supereffective|p2a: Primarina
|-damage|p2a: Primarina|43/100 par
|move|p2a: Primarina|Draining Kiss|p1a: Ninetales
|-damage|p1a: Ninetales|51/100
|-heal|p2a: Primarina|57/100 par|[from] drain|[of] p1a: Ninetales
|
|-weather|none
|upkeep
|turn|32
|
|t:|1758301524
|move|p1a: Ninetales|Freeze-Dry|p2a: Primarina
|-supereffective|p2a: Primarina
|-damage|p2a: Primarina|41/100 par
|move|p2a: Primarina|Draining Kiss|p1a: Ninetales
|-damage|p1a: Ninetales|26/100
|-heal|p2a: Primarina|55/100 par|[from] drain|[of] p1a: Ninetales
|
|upkeep
|turn|33
|
|t:|1758301526
|move|p1a: Ninetales|Freeze-Dry|p2a: Primarina
|-supereffective|p2a: Primarina
|-damage|p2a: Primarina|35/100 par
|move|p2a: Primarina|Draining Kiss|p1a: Ninetales
|-damage|p1a: Ninetales|1/100
|-heal|p2a: Primarina|50/100 par|[from] drain|[of] p1a: Ninetales
|
|upkeep
|turn|34
|
|t:|1758301528
|move|p1a: Ninetales|Freeze-Dry|p2a: Primarina
|-supereffective|p2a: Primarina
|-damage|p2a: Primarina|34/100 par
|cant|p2a: Primarina|par
|
|upkeep
|turn|35
|
|t:|1758301530
|move|p1a: Ninetales|Freeze-Dry|p2a: Primarina
|-supereffective|p2a: Primarina
|-damage|p2a: Primarina|16/100 par
|cant|p2a: Primarina|par
|
|-sideend|p1: constant sorrow|move: Aurora Veil
|upkeep
|turn|36
|
|t:|1758301532
|move|p1a: Ninetales|Freeze-Dry|p2a: Primarina
|-supereffective|p2a: Primarina
|-damage|p2a: Primarina|0 fnt
|faint|p2a: Primarina
|
|upkeep
|
|t:|1758301536
|switch|p2a: Gholdengo|Gholdengo|6/100
|turn|37
|
|t:|1758301541
|move|p2a: Gholdengo|Shadow Ball|p1a: Ninetales
|-damage|p1a: Ninetales|0 fnt
|faint|p1a: Ninetales
|
|upkeep
|
|t:|1758301542
|switch|p1a: Persian|Persian-Alola, M|83/100 brn
|turn|38
|
|t:|1758301545
|move|p2a: Gholdengo|Shadow Ball|p1a: Persian
|-resisted|p1a: Persian
|-damage|p1a: Persian|50/100 brn
|move|p1a: Persian|Knock Off|p2a: Gholdengo
|-supereffective|p2a: Gholdengo
|-damage|p2a: Gholdengo|0 fnt
|-enditem|p2a: Gholdengo|Choice Scarf|[from] move: Knock Off|[of] p1a: Persian
|faint|p2a: Gholdengo
|
|-damage|p1a: Persian|44/100 brn|[from] brn
|upkeep
|
|t:|1758301546
|switch|p2a: Weezing|Weezing-Galar, F|77/100
|-ability|p2a: Weezing|Neutralizing Gas
|turn|39
|
|t:|1758301549
|move|p1a: Persian|Thunder Wave|p2a: Weezing|[miss]
|-miss|p1a: Persian|p2a: Weezing
|move|p2a: Weezing|Sludge Bomb|p1a: Persian
|-damage|p1a: Persian|6/100 brn
|
|-damage|p1a: Persian|0 fnt|[from] brn
|faint|p1a: Persian
|
|win|Penguinxdd
|raw|constant sorrow's rating: 1299 &rarr; <strong>1277</strong><br />(-22 for losing)
|raw|Penguinxdd's rating: 1347 &rarr; <strong>1364</strong><br />(+17 for winning)
|l|☆Penguinxdd
|player|p2|
|l|☆constant sorrow
|player|p1|
