|j|☆douadyrabbit
|j|☆sandgangboss
|t:|1758259317
|gametype|singles
|player|p1|douadyrabbit|pokefanf-gen2|1095
|player|p2|sandgangboss|170|1129
|gen|9
|tier|[Gen 9] OU
|rated|
|rule|HP Percentage Mod: HP is shown in percentages
|rule|Endless Battle Clause: Forcing endless battles is banned
|rule|Species Clause: Limit one of each Pokémon
|rule|OHKO Clause: OHKO moves are banned
|rule|Evasion Items Clause: Evasion items are banned
|rule|Evasion Moves Clause: Evasion moves are banned
|rule|Evasion Abilities Clause: Evasion abilities are banned
|rule|Sleep Moves Clause: Sleep-inducing moves are banned
|clearpoke
|poke|p1|Slowking, M|
|poke|p1|Blissey, F|
|poke|p1|Alomomola, M|
|poke|p1|Clefable, M|
|poke|p1|Hatterene, F|
|poke|p1|Slowbro, F|
|poke|p2|Thundurus-Therian, M|
|poke|p2|Alomomola, M|
|poke|p2|Slowking-Galar, F|
|poke|p2|Great Tusk|
|poke|p2|Kyurem|
|poke|p2|Dragonite, F|
|teampreview
|c|☆sandgangboss|Big pink stall
|c|☆sandgangboss|Thanks
|c|☆sandgangboss|I hate it
|
|t:|1758259336
|teamsize|p1|6
|teamsize|p2|6
|start
|switch|p1a: Slowbro|Slowbro, F|100/100
|switch|p2a: Slowking|Slowking-Galar, F|100/100
|turn|1
|
|t:|1758259347
|move|p2a: Slowking|Toxic|p1a: Slowbro
|-status|p1a: Slowbro|tox
|move|p1a: Slowbro|Trick|p2a: Slowking
|-activate|p1a: Slowbro|move: Trick|[of] p2a: Slowking
|-item|p2a: Slowking|Choice Specs|[from] move: Trick
|-item|p1a: Slowbro|Heavy-Duty Boots|[from] move: Trick
|
|-damage|p1a: Slowbro|94/100 tox|[from] psn
|upkeep
|turn|2
|
|t:|1758259357
|switch|p1a: Blissey|Blissey, F|100/100
|move|p2a: Slowking|Future Sight|p1a: Blissey
|-start|p2a: Slowking|move: Future Sight
|
|upkeep
|turn|3
|
|t:|1758259366
|switch|p2a: Dragonite|Dragonite, F|100/100
|move|p1a: Blissey|Heal Bell|p1a: Blissey
|-activate|p1a: Blissey|move: Heal Bell
|-curestatus|p1: Slowbro|tox|[msg]
|
|upkeep
|turn|4
|
|t:|1758259374
|switch|p1a: Clefable|Clefable, M|100/100
|move|p2a: Dragonite|Dragon Tail|p1a: Clefable
|-immune|p1a: Clefable
|
|-end|p1a: Clefable|move: Future Sight
|-damage|p1a: Clefable|56/100
|-heal|p1a: Clefable|62/100|[from] item: Leftovers
|upkeep
|turn|5
|
|t:|1758259385
|switch|p2a: Alomomola|Alomomola, M|100/100
|move|p1a: Clefable|Wish|p1a: Clefable
|
|-heal|p1a: Clefable|69/100|[from] item: Leftovers
|upkeep
|turn|6
|
|t:|1758259392
|move|p2a: Alomomola|Flip Turn|p1a: Clefable
|-damage|p1a: Clefable|56/100
|
|t:|1758259401
|switch|p2a: Thundurus|Thundurus-Therian, M|100/100|[from] Flip Turn
|move|p1a: Clefable|Thunder Wave|p2a: Thundurus
|-immune|p2a: Thundurus|[from] ability: Volt Absorb
|
|-heal|p1a: Clefable|100/100|[from] move: Wish|[wisher] Clefable
|upkeep
|turn|7
|
|t:|1758259410
|move|p2a: Thundurus|Volt Switch|p1a: Clefable
|-damage|p1a: Clefable|46/100
|
|t:|1758259414
|switch|p2a: Great Tusk|Great Tusk|100/100|[from] Volt Switch
|move|p1a: Clefable|Calm Mind|p1a: Clefable
|-boost|p1a: Clefable|spa|1
|-boost|p1a: Clefable|spd|1
|
|-heal|p1a: Clefable|52/100|[from] item: Leftovers
|upkeep
|turn|8
|
|t:|1758259423
|switch|p1a: Alomomola|Alomomola, M|100/100
|move|p2a: Great Tusk|Headlong Rush|p1a: Alomomola
|-damage|p1a: Alomomola|74/100
|-unboost|p2a: Great Tusk|def|1
|-unboost|p2a: Great Tusk|spd|1
|
|upkeep
|turn|9
|
|t:|1758259432
|-end|p2a: Great Tusk|Protosynthesis|[silent]
|switch|p2a: Alomomola|Alomomola, M|100/100
|move|p1a: Alomomola|Wish|p1a: Alomomola
|
|upkeep
|turn|10
|
|t:|1758259448
|move|p1a: Alomomola|Flip Turn|p2a: Alomomola
|-resisted|p2a: Alomomola
|-damage|p2a: Alomomola|97/100
|-damage|p1a: Alomomola|57/100|[from] item: Rocky Helmet|[of] p2a: Alomomola
|
|t:|1758259452
|switch|p1a: Clefable|Clefable, M|52/100|[from] Flip Turn
|move|p2a: Alomomola|Wish|p2a: Alomomola
|
|-heal|p1a: Clefable|100/100|[from] move: Wish|[wisher] Alomomola
|upkeep
|turn|11
|
|t:|1758259470
|move|p2a: Alomomola|Flip Turn|p1a: Clefable
|-damage|p1a: Clefable|89/100
|
|t:|1758259473
|switch|p2a: Thundurus|Thundurus-Therian, M|100/100|[from] Flip Turn
|move|p1a: Clefable|Moonblast|p2a: Thundurus
|-damage|p2a: Thundurus|59/100
|
|-heal|p2a: Thundurus|100/100|[from] move: Wish|[wisher] Alomomola
|-heal|p1a: Clefable|95/100|[from] item: Leftovers
|upkeep
|turn|12
|
|t:|1758259482
|move|p2a: Thundurus|Thunderbolt|p1a: Clefable
|-damage|p1a: Clefable|23/100
|move|p1a: Clefable|Wish|p1a: Clefable
|
|-heal|p1a: Clefable|29/100|[from] item: Leftovers
|upkeep
|turn|13
|
|t:|1758259489
|switch|p1a: Blissey|Blissey, F|100/100
|move|p2a: Thundurus|Thunderbolt|p1a: Blissey
|-damage|p1a: Blissey|72/100
|
|-heal|p1a: Blissey|99/100|[from] move: Wish|[wisher] Clefable
|upkeep
|turn|14
|
|t:|1758259498
|switch|p2a: Kyurem|Kyurem|100/100
|-ability|p2a: Kyurem|Pressure
|move|p1a: Blissey|Seismic Toss|p2a: Kyurem
|-damage|p2a: Kyurem|75/100
|
|upkeep
|turn|15
|
|t:|1758259508
|move|p2a: Kyurem|Dragon Dance|p2a: Kyurem
|-boost|p2a: Kyurem|atk|1
|-boost|p2a: Kyurem|spe|1
|move|p1a: Blissey|Seismic Toss|p2a: Kyurem
|-damage|p2a: Kyurem|49/100
|
|upkeep
|turn|16
|
|t:|1758259515
|switch|p1a: Alomomola|Alomomola, M|90/100
|move|p2a: Kyurem|Icicle Spear|p1a: Alomomola
|-resisted|p1a: Alomomola
|-damage|p1a: Alomomola|85/100
|-resisted|p1a: Alomomola
|-damage|p1a: Alomomola|79/100
|-resisted|p1a: Alomomola
|-crit|p1a: Alomomola
|-damage|p1a: Alomomola|70/100
|-resisted|p1a: Alomomola
|-damage|p1a: Alomomola|64/100
|-hitcount|p1a: Alomomola|4
|
|upkeep
|turn|17
|
|t:|1758259527
|-terastallize|p2a: Kyurem|Electric
|move|p2a: Kyurem|Tera Blast|p1a: Alomomola|[anim] Tera Blast Electric
|-supereffective|p1a: Alomomola
|-damage|p1a: Alomomola|0 fnt
|faint|p1a: Alomomola
|
|upkeep
|
|t:|1758259542
|switch|p1a: Hatterene|Hatterene, F|100/100
|turn|18
|
|t:|1758259548
|move|p2a: Kyurem|Icicle Spear|p1a: Hatterene
|-damage|p1a: Hatterene|78/100
|-damage|p1a: Hatterene|54/100
|-crit|p1a: Hatterene
|-damage|p1a: Hatterene|18/100
|-damage|p1a: Hatterene|0 fnt
|faint|p1a: Hatterene
|-hitcount|p1: Hatterene|4
|
|upkeep
|
|t:|1758259559
|switch|p1a: Clefable|Clefable, M|29/100
|turn|19
|
|t:|1758259562
|-terastallize|p1a: Clefable|Grass
|move|p2a: Kyurem|Icicle Spear|p1a: Clefable
|-supereffective|p1a: Clefable
|-damage|p1a: Clefable|7/100
|-supereffective|p1a: Clefable
|-damage|p1a: Clefable|0 fnt
|faint|p1a: Clefable
|-hitcount|p1: Clefable|2
|
|upkeep
|c|☆douadyrabbit|lol
|
|t:|1758259569
|switch|p1a: Slowking|Slowking, M|100/100
|turn|20
|c|☆sandgangboss|Too many water types
|
|t:|1758259580
|move|p2a: Kyurem|Tera Blast|p1a: Slowking|[anim] Tera Blast Electric
|-supereffective|p1a: Slowking
|-damage|p1a: Slowking|0 fnt
|faint|p1a: Slowking
|
|upkeep
|
|t:|1758259586
|switch|p1a: Slowbro|Slowbro, F|100/100
|turn|21
|
|t:|1758259590
|move|p2a: Kyurem|Tera Blast|p1a: Slowbro|[anim] Tera Blast Electric
|-supereffective|p1a: Slowbro
|-damage|p1a: Slowbro|27/100
|move|p1a: Slowbro|Psychic Noise|p2a: Kyurem
|-damage|p2a: Kyurem|22/100
|-start|p2a: Kyurem|move: Heal Block
|
|upkeep
|turn|22
|
|t:|1758259600
|move|p2a: Kyurem|Tera Blast|p1a: Slowbro|[anim] Tera Blast Electric
|-supereffective|p1a: Slowbro
|-damage|p1a: Slowbro|0 fnt
|faint|p1a: Slowbro
|
|-end|p2a: Kyurem|move: Heal Block
|upkeep
|
|t:|1758259606
|switch|p1a: Blissey|Blissey, F|99/100
|turn|23
|inactive|Battle timer is ON: inactive players will automatically lose when time's up. (requested by douadyrabbit)
|
|t:|1758259630
|move|p2a: Kyurem|Icicle Spear|p1a: Blissey
|-damage|p1a: Blissey|82/100
|-damage|p1a: Blissey|64/100
|-damage|p1a: Blissey|45/100
|-damage|p1a: Blissey|26/100
|-hitcount|p1a: Blissey|4
|move|p1a: Blissey|Seismic Toss|p2a: Kyurem
|-damage|p2a: Kyurem|0 fnt
|faint|p2a: Kyurem
|
|upkeep
|
|t:|1758259644
|switch|p2a: Great Tusk|Great Tusk|100/100
|turn|24
|
|t:|1758259648
|move|p2a: Great Tusk|Headlong Rush|p1a: Blissey
|-damage|p1a: Blissey|0 fnt
|-unboost|p2a: Great Tusk|def|1
|-unboost|p2a: Great Tusk|spd|1
|faint|p1a: Blissey
|
|win|sandgangboss
|raw|douadyrabbit's rating: 1095 &rarr; <strong>1073</strong><br />(-22 for losing)
|raw|sandgangboss's rating: 1129 &rarr; <strong>1152</strong><br />(+23 for winning)
|l|☆douadyrabbit
|player|p1|
|l|☆sandgangboss
|player|p2|
|j|☆sandgangboss
|player|p2|sandgangboss|170|
|l|☆sandgangboss
|player|p2|
