|j|☆Flyingfrog98
|j|☆Rufflebirdium
|t:|1758303220
|gametype|singles
|player|p1|Flyingfrog98|n|1135
|player|p2|Rufflebirdium|falkner|1117
|gen|9
|tier|[Gen 9] OU
|rated|
|rule|HP Percentage Mod: HP is shown in percentages
|rule|Endless Battle Clause: Forcing endless battles is banned
|rule|Species Clause: Limit one of each Pokémon
|rule|OHKO Clause: OHKO moves are banned
|rule|Evasion Items Clause: Evasion items are banned
|rule|Evasion Moves Clause: Evasion moves are banned
|rule|Evasion Abilities Clause: Evasion abilities are banned
|rule|Sleep Moves Clause: Sleep-inducing moves are banned
|clearpoke
|poke|p1|Ogerpon-Wellspring, F|
|poke|p1|Great Tusk|
|poke|p1|Gholdengo|
|poke|p1|Dragapult, F|
|poke|p1|Iron Valiant|
|poke|p1|Kingambit, F|
|poke|p2|Ninetales-Alola, M|
|poke|p2|Abomasnow, M|
|poke|p2|Eiscue, M|
|poke|p2|Cetitan, M|
|poke|p2|Slowking-Galar, M|
|poke|p2|Frosmoth, M|
|teampreview
|inactive|Battle timer is ON: inactive players will automatically lose when time's up. (requested by Rufflebirdium)
|
|t:|1758303232
|teamsize|p1|6
|teamsize|p2|6
|start
|switch|p1a: Great Tusk|Great Tusk|100/100
|switch|p2a: Slowking|Slowking-Galar, M|100/100
|turn|1
|
|t:|1758303245
|move|p1a: Great Tusk|Stealth Rock|p2a: Slowking
|-sidestart|p2: Rufflebirdium|move: Stealth Rock
|move|p2a: Slowking|Eerie Spell|p1a: Great Tusk
|-supereffective|p1a: Great Tusk
|-damage|p1a: Great Tusk|9/100
|-activate|p1a: Great Tusk|move: Eerie Spell|Stealth Rock|3
|
|-heal|p1a: Great Tusk|15/100|[from] item: Leftovers
|upkeep
|turn|2
|
|t:|1758303253
|move|p1a: Great Tusk|Knock Off|p2a: Slowking
|-supereffective|p2a: Slowking
|-damage|p2a: Slowking|57/100
|-enditem|p2a: Slowking|Icy Rock|[from] move: Knock Off|[of] p1a: Great Tusk
|move|p2a: Slowking|Chilling Water|p1a: Great Tusk
|-supereffective|p1a: Great Tusk
|-damage|p1a: Great Tusk|0 fnt
|faint|p1a: Great Tusk
|-end|p1a: Great Tusk|Protosynthesis|[silent]
|
|upkeep
|
|t:|1758303273
|switch|p1a: Gholdengo|Gholdengo|100/100
|turn|3
|
|t:|1758303277
|move|p1a: Gholdengo|Shadow Ball|p2a: Slowking
|-supereffective|p2a: Slowking
|-damage|p2a: Slowking|0 fnt
|faint|p2a: Slowking
|
|upkeep
|
|t:|1758303282
|switch|p2a: Frosmoth|Frosmoth, M|100/100
|turn|4
|
|t:|1758303293
|switch|p1a: Kingambit|Kingambit, F|100/100
|-activate|p1a: Kingambit|ability: Supreme Overlord
|-start|p1a: Kingambit|fallen1|[silent]
|move|p2a: Frosmoth|Quiver Dance|p2a: Frosmoth
|-boost|p2a: Frosmoth|spa|1
|-boost|p2a: Frosmoth|spd|1
|-boost|p2a: Frosmoth|spe|1
|
|upkeep
|turn|5
|
|t:|1758303302
|move|p2a: Frosmoth|Defog|p1a: Kingambit
|-unboost|p1a: Kingambit|evasion|1
|-sideend|p2: Rufflebirdium|Stealth Rock|[from] move: Defog|[of] p2a: Frosmoth
|move|p1a: Kingambit|Iron Head|p2a: Frosmoth
|-supereffective|p2a: Frosmoth
|-damage|p2a: Frosmoth|0 fnt
|faint|p2a: Frosmoth
|
|upkeep
|
|t:|1758303313
|switch|p2a: Ninetales|Ninetales-Alola, M|100/100
|-weather|Snowscape|[from] ability: Snow Warning|[of] p2a: Ninetales
|turn|6
|
|t:|1758303321
|move|p2a: Ninetales|Aurora Veil|p2a: Ninetales
|-sidestart|p2: Rufflebirdium|move: Aurora Veil
|move|p1a: Kingambit|Iron Head|p2a: Ninetales
|-supereffective|p2a: Ninetales
|-damage|p2a: Ninetales|0 fnt
|faint|p2a: Ninetales
|
|-weather|Snowscape|[upkeep]
|upkeep
|
|t:|1758303331
|switch|p2a: Eiscue|Eiscue, M|100/100
|turn|7
|
|t:|1758303339
|-end|p1a: Kingambit|fallen1|[silent]
|switch|p1a: Ogerpon|Ogerpon-Wellspring, F|100/100
|move|p2a: Eiscue|Belly Drum|p2a: Eiscue
|-damage|p2a: Eiscue|50/100
|-setboost|p2a: Eiscue|atk|6|[from] move: Belly Drum
|-enditem|p2a: Eiscue|Sitrus Berry|[eat]
|-heal|p2a: Eiscue|75/100|[from] item: Sitrus Berry
|
|-weather|Snowscape|[upkeep]
|upkeep
|turn|8
|
|t:|1758303353
|move|p1a: Ogerpon|Play Rough|p2a: Eiscue
|-activate|p2a: Eiscue|ability: Ice Face
|-damage|p2a: Eiscue|75/100
|detailschange|p2a: Eiscue|Eiscue-Noice, M
|move|p2a: Eiscue|Icicle Crash|p1a: Ogerpon
|-damage|p1a: Ogerpon|0 fnt
|faint|p1a: Ogerpon
|
|-weather|Snowscape|[upkeep]
|upkeep
|
|t:|1758303374
|switch|p1a: Iron Valiant|Iron Valiant|100/100
|-enditem|p1a: Iron Valiant|Booster Energy
|-activate|p1a: Iron Valiant|ability: Quark Drive|[fromitem]
|-start|p1a: Iron Valiant|quarkdrivespe
|turn|9
|
|t:|1758303385
|move|p1a: Iron Valiant|Close Combat|p2a: Eiscue
|-supereffective|p2a: Eiscue
|-damage|p2a: Eiscue|7/100
|-unboost|p1a: Iron Valiant|def|1
|-unboost|p1a: Iron Valiant|spd|1
|move|p2a: Eiscue|Icicle Crash|p1a: Iron Valiant
|-damage|p1a: Iron Valiant|0 fnt
|faint|p1a: Iron Valiant
|-end|p1a: Iron Valiant|Quark Drive|[silent]
|
|-weather|Snowscape|[upkeep]
|upkeep
|
|t:|1758303397
|switch|p1a: Gholdengo|Gholdengo|100/100
|turn|10
|
|t:|1758303404
|move|p1a: Gholdengo|Make It Rain|p2a: Eiscue
|-supereffective|p2a: Eiscue
|-damage|p2a: Eiscue|0 fnt
|-unboost|p1a: Gholdengo|spa|1
|faint|p2a: Eiscue
|
|-weather|Snowscape|[upkeep]
|-sideend|p2: Rufflebirdium|move: Aurora Veil
|upkeep
|
|t:|1758303412
|switch|p2a: Abomasnow|Abomasnow, M|100/100
|turn|11
|
|t:|1758303418
|switch|p1a: Dragapult|Dragapult, F|100/100
|move|p2a: Abomasnow|Aurora Veil|p2a: Abomasnow
|-sidestart|p2: Rufflebirdium|move: Aurora Veil
|
|-weather|Snowscape|[upkeep]
|upkeep
|turn|12
|
|t:|1758303429
|-terastallize|p1a: Dragapult|Ghost
|move|p1a: Dragapult|Will-O-Wisp|p2a: Abomasnow
|-status|p2a: Abomasnow|brn
|move|p2a: Abomasnow|Blizzard|p1a: Dragapult
|-crit|p1a: Dragapult
|-damage|p1a: Dragapult|0 fnt
|faint|p1a: Dragapult
|
|-weather|Snowscape|[upkeep]
|-damage|p2a: Abomasnow|94/100 brn|[from] brn
|upkeep
|
|t:|1758303445
|switch|p1a: Gholdengo|Gholdengo|100/100
|turn|13
|
|t:|1758303456
|switch|p2a: Cetitan|Cetitan, M|100/100
|move|p1a: Gholdengo|Make It Rain|p2a: Cetitan
|-supereffective|p2a: Cetitan
|-damage|p2a: Cetitan|53/100
|-unboost|p1a: Gholdengo|spa|1
|
|-weather|none
|upkeep
|turn|14
|
|t:|1758303466
|switch|p2a: Abomasnow|Abomasnow, M|94/100 brn
|-weather|Snowscape|[from] ability: Snow Warning|[of] p2a: Abomasnow
|move|p1a: Gholdengo|Make It Rain|p2a: Abomasnow
|-supereffective|p2a: Abomasnow
|-damage|p2a: Abomasnow|50/100 brn
|-unboost|p1a: Gholdengo|spa|1
|
|-weather|Snowscape|[upkeep]
|-damage|p2a: Abomasnow|44/100 brn|[from] brn
|upkeep
|turn|15
|
|t:|1758303482
|move|p1a: Gholdengo|Make It Rain|p2a: Abomasnow
|-supereffective|p2a: Abomasnow
|-damage|p2a: Abomasnow|12/100 brn
|-unboost|p1a: Gholdengo|spa|1
|move|p2a: Abomasnow|Blizzard|p1a: Gholdengo
|-resisted|p1a: Gholdengo
|-damage|p1a: Gholdengo|70/100
|
|-weather|Snowscape|[upkeep]
|-damage|p2a: Abomasnow|6/100 brn|[from] brn
|upkeep
|turn|16
|
|t:|1758303495
|switch|p1a: Kingambit|Kingambit, F|100/100
|-activate|p1a: Kingambit|ability: Supreme Overlord
|-start|p1a: Kingambit|fallen4|[silent]
|move|p2a: Abomasnow|Blizzard|p1a: Kingambit
|-resisted|p1a: Kingambit
|-damage|p1a: Kingambit|75/100
|
|-weather|Snowscape|[upkeep]
|-damage|p2a: Abomasnow|0 fnt|[from] brn
|faint|p2a: Abomasnow
|upkeep
|
|t:|1758303504
|switch|p2a: Cetitan|Cetitan, M|53/100
|turn|17
|
|t:|1758303509
|-terastallize|p2a: Cetitan|Ground
|move|p2a: Cetitan|Earthquake|p1a: Kingambit
|-supereffective|p1a: Kingambit
|-damage|p1a: Kingambit|0 fnt
|faint|p1a: Kingambit
|-end|p1a: Kingambit|fallen4|[silent]
|
|-weather|Snowscape|[upkeep]
|upkeep
|
|t:|1758303517
|switch|p1a: Gholdengo|Gholdengo|70/100
|turn|18
|
|t:|1758303523
|move|p2a: Cetitan|Earthquake|p1a: Gholdengo
|-supereffective|p1a: Gholdengo
|-damage|p1a: Gholdengo|0 fnt
|faint|p1a: Gholdengo
|
|win|Rufflebirdium
|raw|Flyingfrog98's rating: 1135 &rarr; <strong>1109</strong><br />(-26 for losing)
|raw|Rufflebirdium's rating: 1117 &rarr; <strong>1143</strong><br />(+26 for winning)
|l|☆Flyingfrog98
|player|p1|
|l|☆Rufflebirdium
|player|p2|
