|j|☆LGsusplay18
|j|☆amacklai
|t:|1758299035
|gametype|singles
|player|p1|LGsusplay18|hilbert|1149
|player|p2|amacklai|102|1115
|gen|9
|tier|[Gen 9] OU
|rated|
|rule|HP Percentage Mod: HP is shown in percentages
|rule|Endless Battle Clause: Forcing endless battles is banned
|rule|Species Clause: Limit one of each Pokémon
|rule|OHKO Clause: OHKO moves are banned
|rule|Evasion Items Clause: Evasion items are banned
|rule|Evasion Moves Clause: Evasion moves are banned
|rule|Evasion Abilities Clause: Evasion abilities are banned
|rule|Sleep Moves Clause: Sleep-inducing moves are banned
|clearpoke
|poke|p1|Gliscor, F|
|poke|p1|Primarina, M|
|poke|p1|Excadrill, F|
|poke|p1|Hatterene, F|
|poke|p1|Incineroar, M|
|poke|p1|Iron Hands|
|poke|p2|Golem-Alola, M|
|poke|p2|Crawdaunt, M|
|poke|p2|Krookodile, F|
|poke|p2|Gholdengo|
|poke|p2|Ninetales-Alola, F|
|poke|p2|Dragapult, M|
|teampreview
|inactive|Battle timer is ON: inactive players will automatically lose when time's up. (requested by LGsusplay18)
|
|t:|1758299043
|teamsize|p1|6
|teamsize|p2|6
|start
|switch|p1a: Incineroar|Incineroar, M|100/100
|switch|p2a: Dragapult|Dragapult, M|100/100
|-ability|p1a: Incineroar|Intimidate|boost
|-unboost|p2a: Dragapult|atk|1
|-enditem|p2a: Dragapult|Eject Pack
|
|t:|1758299050
|switch|p2a: Crawdaunt|Crawdaunt, M|100/100
|turn|1
|
|t:|1758299060
|move|p1a: Incineroar|Fake Out|p2a: Crawdaunt
|-damage|p2a: Crawdaunt|79/100
|cant|p2a: Crawdaunt|flinch
|
|upkeep
|turn|2
|
|t:|1758299067
|move|p2a: Crawdaunt|Crabhammer|p1a: Incineroar
|-supereffective|p1a: Incineroar
|-damage|p1a: Incineroar|0 fnt
|faint|p1a: Incineroar
|
|upkeep
|
|t:|1758299082
|switch|p1a: Iron Hands|Iron Hands|100/100
|-enditem|p1a: Iron Hands|Booster Energy
|-activate|p1a: Iron Hands|ability: Quark Drive|[fromitem]
|-start|p1a: Iron Hands|quarkdriveatk
|turn|3
|
|t:|1758299088
|move|p1a: Iron Hands|Fake Out|p2a: Crawdaunt
|-damage|p2a: Crawdaunt|49/100
|cant|p2a: Crawdaunt|flinch
|
|upkeep
|turn|4
|
|t:|1758299101
|move|p2a: Crawdaunt|Crabhammer|p1a: Iron Hands
|-damage|p1a: Iron Hands|59/100
|move|p1a: Iron Hands|Brick Break|p2a: Crawdaunt
|-supereffective|p2a: Crawdaunt
|-damage|p2a: Crawdaunt|0 fnt
|faint|p2a: Crawdaunt
|
|upkeep
|
|t:|1758299111
|switch|p2a: Dragapult|Dragapult, M|100/100
|turn|5
|
|t:|1758299127
|move|p2a: Dragapult|Will-O-Wisp|p1a: Iron Hands
|-status|p1a: Iron Hands|brn
|move|p1a: Iron Hands|Ice Punch|p2a: Dragapult
|-supereffective|p2a: Dragapult
|-damage|p2a: Dragapult|48/100
|
|-damage|p1a: Iron Hands|53/100 brn|[from] brn
|upkeep
|turn|6
|
|t:|1758299137
|move|p2a: Dragapult|Hex|p1a: Iron Hands
|-damage|p1a: Iron Hands|0 fnt
|faint|p1a: Iron Hands
|-end|p1a: Iron Hands|Quark Drive|[silent]
|
|upkeep
|
|t:|1758299149
|switch|p1a: Hatterene|Hatterene, F|100/100
|turn|7
|
|t:|1758299156
|move|p2a: Dragapult|U-turn|p1a: Hatterene
|-damage|p1a: Hatterene|82/100
|
|t:|1758299161
|switch|p2a: Golem|Golem-Alola, M|100/100|[from] U-turn
|move|p1a: Hatterene|Draining Kiss|p2a: Golem
|-damage|p2a: Golem|61/100
|-heal|p1a: Hatterene|100/100|[from] drain|[of] p2a: Golem
|
|upkeep
|turn|8
|
|t:|1758299172
|move|p2a: Golem|Stealth Rock|p1a: Hatterene
|move|p1a: Hatterene|Stealth Rock|p2a: Golem|[from] ability: Magic Bounce
|-sidestart|p2: amacklai|move: Stealth Rock
|move|p1a: Hatterene|Psychic Noise|p2a: Golem
|-damage|p2a: Golem|5/100
|-start|p2a: Golem|move: Heal Block
|
|upkeep
|turn|9
|-enditem|p2a: Golem|Custap Berry|[eat]
|-activate|p2a: Golem|item: Custap Berry|[consumed]
|
|t:|1758299183
|move|p2a: Golem|Explosion|p1a: Hatterene
|-damage|p1a: Hatterene|0 fnt
|faint|p2a: Golem
|faint|p1a: Hatterene
|
|upkeep
|
|t:|1758299200
|switch|p2a: Gholdengo|Gholdengo|100/100
|switch|p1a: Gliscor|Gliscor, F|100/100
|-damage|p2a: Gholdengo|94/100|[from] Stealth Rock
|turn|10
|
|t:|1758299209
|-terastallize|p2a: Gholdengo|Fighting
|move|p1a: Gliscor|Knock Off|p2a: Gholdengo
|-resisted|p2a: Gholdengo
|-damage|p2a: Gholdengo|84/100
|-enditem|p2a: Gholdengo|Blunder Policy|[from] move: Knock Off|[of] p1a: Gliscor
|move|p2a: Gholdengo|Nasty Plot|p2a: Gholdengo
|-boost|p2a: Gholdengo|spa|2
|
|-status|p1a: Gliscor|tox|[from] item: Toxic Orb
|upkeep
|turn|11
|
|t:|1758299221
|move|p1a: Gliscor|Toxic|p2a: Gholdengo
|-immune|p2a: Gholdengo|[from] ability: Good as Gold
|move|p2a: Gholdengo|Nasty Plot|p2a: Gholdengo
|-boost|p2a: Gholdengo|spa|2
|
|upkeep
|turn|12
|
|t:|1758299232
|switch|p1a: Primarina|Primarina, M|100/100
|move|p2a: Gholdengo|Make It Rain|p1a: Primarina
|-damage|p1a: Primarina|0 fnt
|-unboost|p2a: Gholdengo|spa|1
|faint|p1a: Primarina
|
|upkeep
|
|t:|1758299238
|switch|p1a: Excadrill|Excadrill, F|100/100
|-ability|p1a: Excadrill|Mold Breaker
|turn|13
|
|t:|1758299253
|move|p1a: Excadrill|Earthquake|p2a: Gholdengo
|-damage|p2a: Gholdengo|29/100
|move|p2a: Gholdengo|Focus Blast|p1a: Excadrill
|-supereffective|p1a: Excadrill
|-damage|p1a: Excadrill|0 fnt
|faint|p1a: Excadrill
|
|upkeep
|
|t:|1758299258
|switch|p1a: Gliscor|Gliscor, F|100/100 tox
|turn|14
|
|t:|1758299263
|move|p1a: Gliscor|Knock Off|p2a: Gholdengo
|-resisted|p2a: Gholdengo
|-damage|p2a: Gholdengo|22/100
|move|p2a: Gholdengo|Make It Rain|p1a: Gliscor
|-damage|p1a: Gliscor|0 fnt
|-unboost|p2a: Gholdengo|spa|1
|faint|p1a: Gliscor
|
|win|amacklai
|raw|LGsusplay18's rating: 1149 &rarr; <strong>1122</strong><br />(-27 for losing)
|raw|amacklai's rating: 1115 &rarr; <strong>1142</strong><br />(+27 for winning)
|l|☆LGsusplay18
|player|p1|
|l|☆amacklai
|player|p2|
