|j|☆HiImMrMeme
|j|☆Spgdd
|t:|1758296942
|gametype|singles
|player|p1|HiImMrMeme|102|1064
|player|p2|Spgdd|swimmerf|1115
|gen|9
|tier|[Gen 9] OU
|rated|
|rule|HP Percentage Mod: HP is shown in percentages
|rule|Endless Battle Clause: Forcing endless battles is banned
|rule|Species Clause: Limit one of each Pokémon
|rule|OHKO Clause: OHKO moves are banned
|rule|Evasion Items Clause: Evasion items are banned
|rule|Evasion Moves Clause: Evasion moves are banned
|rule|Evasion Abilities Clause: Evasion abilities are banned
|rule|Sleep Moves Clause: Sleep-inducing moves are banned
|clearpoke
|poke|p1|Dragapult, F|
|poke|p1|Alomomola, F|
|poke|p1|Grimmsnarl, M|
|poke|p1|Lokix, F|
|poke|p1|Corviknight, M|
|poke|p1|Glimmora, M|
|poke|p2|Alomomola, F|
|poke|p2|Corviknight, M|
|poke|p2|Hatterene, F|
|poke|p2|Dragapult, M|
|poke|p2|Hydrapple, M|
|poke|p2|Ting-Lu|
|teampreview
|inactive|Battle timer is ON: inactive players will automatically lose when time's up. (requested by Spgdd)
|
|t:|1758296959
|teamsize|p1|6
|teamsize|p2|6
|start
|switch|p1a: Grimmsnarl|Grimmsnarl, M|100/100
|switch|p2a: Ting-Lu|Ting-Lu, shiny|100/100
|-ability|p2a: Ting-Lu|Vessel of Ruin
|turn|1
|
|t:|1758296988
|switch|p2a: Hatterene|Hatterene, F, shiny|100/100
|move|p1a: Grimmsnarl|Thunder Wave|p2a: Hatterene
|move|p2a: Hatterene|Thunder Wave|p1a: Grimmsnarl|[from] ability: Magic Bounce
|-status|p1a: Grimmsnarl|par
|
|upkeep
|turn|2
|
|t:|1758296998
|move|p1a: Grimmsnarl|Light Screen|p1a: Grimmsnarl
|-sidestart|p1: HiImMrMeme|move: Light Screen
|move|p2a: Hatterene|Calm Mind|p2a: Hatterene
|-boost|p2a: Hatterene|spa|1
|-boost|p2a: Hatterene|spd|1
|
|upkeep
|turn|3
|
|t:|1758297004
|move|p1a: Grimmsnarl|Reflect|p1a: Grimmsnarl
|-sidestart|p1: HiImMrMeme|Reflect
|move|p2a: Hatterene|Calm Mind|p2a: Hatterene
|-boost|p2a: Hatterene|spa|1
|-boost|p2a: Hatterene|spd|1
|
|upkeep
|turn|4
|
|t:|1758297012
|move|p1a: Grimmsnarl|Parting Shot|p2a: Hatterene
|move|p2a: Hatterene|Parting Shot|p1a: Grimmsnarl|[from] ability: Magic Bounce
|-unboost|p1a: Grimmsnarl|atk|1
|-unboost|p1a: Grimmsnarl|spa|1
|
|t:|1758297028
|switch|p2a: Ting-Lu|Ting-Lu, shiny|100/100|[from] Parting Shot
|-ability|p2a: Ting-Lu|Vessel of Ruin
|
|upkeep
|turn|5
|c|☆HiImMrMeme|HAHAHAHA
|
|t:|1758297037
|move|p1a: Grimmsnarl|Parting Shot|p2a: Ting-Lu
|-hint|Since gen 7, Dark is immune to Prankster moves.
|-immune|p2a: Ting-Lu
|move|p2a: Ting-Lu|Stealth Rock|p1a: Grimmsnarl
|-sidestart|p1: HiImMrMeme|move: Stealth Rock
|
|upkeep
|turn|6
|
|t:|1758297048
|switch|p1a: Corviknight|Corviknight, M|100/100
|-damage|p1a: Corviknight|88/100|[from] Stealth Rock
|-ability|p1a: Corviknight|Pressure
|move|p2a: Ting-Lu|Earthquake|p1a: Corviknight
|-immune|p1a: Corviknight
|
|-heal|p1a: Corviknight|94/100|[from] item: Leftovers
|-sideend|p1: HiImMrMeme|move: Light Screen
|upkeep
|turn|7
|
|t:|1758297060
|switch|p2a: Hatterene|Hatterene, F, shiny|100/100
|move|p1a: Corviknight|Defog|p2a: Hatterene
|move|p2a: Hatterene|Defog|p1a: Corviknight|[from] ability: Magic Bounce
|-unboost|p1a: Corviknight|evasion|1
|-sideend|p1: HiImMrMeme|Reflect
|-sideend|p1: HiImMrMeme|Stealth Rock|[from] move: Defog|[of] p2a: Hatterene
|
|-heal|p1a: Corviknight|99/100|[from] item: Leftovers
|upkeep
|turn|8
|
|t:|1758297073
|move|p1a: Corviknight|Iron Head|p2a: Hatterene
|-supereffective|p2a: Hatterene
|-damage|p2a: Hatterene|37/100
|move|p2a: Hatterene|Calm Mind|p2a: Hatterene
|-boost|p2a: Hatterene|spa|1
|-boost|p2a: Hatterene|spd|1
|
|-heal|p1a: Corviknight|100/100|[from] item: Leftovers
|upkeep
|turn|9
|
|t:|1758297083
|switch|p2a: Alomomola|Alomomola, F, shiny|100/100
|move|p1a: Corviknight|Iron Head|p2a: Alomomola
|-resisted|p2a: Alomomola
|-damage|p2a: Alomomola|90/100
|-damage|p1a: Corviknight|84/100|[from] item: Rocky Helmet|[of] p2a: Alomomola
|
|-heal|p1a: Corviknight|90/100|[from] item: Leftovers
|upkeep
|turn|10
|
|t:|1758297093
|switch|p1a: Glimmora|Glimmora, M|100/100
|move|p2a: Alomomola|Wish|p2a: Alomomola
|
|upkeep
|turn|11
|
|t:|1758297105
|move|p1a: Glimmora|Gunk Shot|p2a: Alomomola
|-damage|p2a: Alomomola|63/100
|move|p2a: Alomomola|Scald|p1a: Glimmora
|-supereffective|p1a: Glimmora
|-damage|p1a: Glimmora|63/100
|
|-heal|p2a: Alomomola|100/100|[from] move: Wish|[wisher] Alomomola
|upkeep
|turn|12
|
|t:|1758297115
|move|p1a: Glimmora|Mortal Spin|p2a: Alomomola
|-damage|p2a: Alomomola|94/100
|-status|p2a: Alomomola|psn
|-damage|p1a: Glimmora|47/100|[from] item: Rocky Helmet|[of] p2a: Alomomola
|move|p2a: Alomomola|Wish|p2a: Alomomola
|
|-damage|p2a: Alomomola|81/100 psn|[from] psn
|upkeep
|turn|13
|
|t:|1758297127
|move|p1a: Glimmora|Stealth Rock|p2a: Alomomola
|-sidestart|p2: Spgdd|move: Stealth Rock
|move|p2a: Alomomola|Scald|p1a: Glimmora
|-supereffective|p1a: Glimmora
|-damage|p1a: Glimmora|10/100
|
|-heal|p2a: Alomomola|100/100 psn|[from] move: Wish|[wisher] Alomomola
|-damage|p2a: Alomomola|88/100 psn|[from] psn
|upkeep
|turn|14
|
|t:|1758297139
|switch|p1a: Grimmsnarl|Grimmsnarl, M|100/100 par
|move|p2a: Alomomola|Scald|p1a: Grimmsnarl
|-damage|p1a: Grimmsnarl|91/100 par
|
|-damage|p2a: Alomomola|76/100 psn|[from] psn
|upkeep
|turn|15
|
|t:|1758297148
|move|p1a: Grimmsnarl|Reflect|p1a: Grimmsnarl
|-sidestart|p1: HiImMrMeme|Reflect
|move|p2a: Alomomola|Wish|p2a: Alomomola
|
|-damage|p2a: Alomomola|63/100 psn|[from] psn
|upkeep
|turn|16
|
|t:|1758297155
|cant|p1a: Grimmsnarl|par
|move|p2a: Alomomola|Flip Turn|p1a: Grimmsnarl
|-damage|p1a: Grimmsnarl|82/100 par
|
|t:|1758297171
|switch|p2a: Hydrapple|Hydrapple, M, shiny|100/100|[from] Flip Turn
|-damage|p2a: Hydrapple|88/100|[from] Stealth Rock
|
|-heal|p2a: Hydrapple|100/100|[from] move: Wish|[wisher] Alomomola
|upkeep
|turn|17
|
|t:|1758297191
|-terastallize|p2a: Hydrapple|Water
|move|p1a: Grimmsnarl|Parting Shot|p2a: Hydrapple
|-unboost|p2a: Hydrapple|atk|1
|-unboost|p2a: Hydrapple|spa|1
|
|t:|1758297196
|switch|p1a: Alomomola|Alomomola, F, shiny|100/100|[from] Parting Shot
|move|p2a: Hydrapple|Hydro Pump|p1a: Alomomola
|-resisted|p1a: Alomomola
|-damage|p1a: Alomomola|79/100
|
|upkeep
|turn|18
|
|t:|1758297207
|move|p1a: Alomomola|Wish|p1a: Alomomola
|move|p2a: Hydrapple|Leaf Storm|p1a: Alomomola
|-supereffective|p1a: Alomomola
|-damage|p1a: Alomomola|0 fnt
|-unboost|p2a: Hydrapple|spa|2
|faint|p1a: Alomomola
|
|upkeep
|
|t:|1758297213
|switch|p1a: Dragapult|Dragapult, F|100/100
|turn|19
|
|t:|1758297223
|switch|p2a: Ting-Lu|Ting-Lu, shiny|100/100
|-damage|p2a: Ting-Lu|94/100|[from] Stealth Rock
|-ability|p2a: Ting-Lu|Vessel of Ruin
|move|p1a: Dragapult|Draco Meteor|p2a: Ting-Lu
|-damage|p2a: Ting-Lu|50/100
|-unboost|p1a: Dragapult|spa|2
|
|-heal|p2a: Ting-Lu|57/100|[from] item: Leftovers
|-sideend|p1: HiImMrMeme|Reflect
|upkeep
|turn|20
|
|t:|1758297239
|switch|p1a: Lokix|Lokix, F|100/100
|move|p2a: Ting-Lu|Payback|p1a: Lokix
|-resisted|p1a: Lokix
|-damage|p1a: Lokix|88/100
|
|-heal|p2a: Ting-Lu|63/100|[from] item: Leftovers
|upkeep
|turn|21
|
|t:|1758297253
|switch|p2a: Corviknight|Corviknight, M, shiny|100/100
|-damage|p2a: Corviknight|88/100|[from] Stealth Rock
|-ability|p2a: Corviknight|Pressure
|move|p1a: Lokix|First Impression|p2a: Corviknight
|-resisted|p2a: Corviknight
|-damage|p2a: Corviknight|76/100
|-damage|p1a: Lokix|71/100|[from] item: Rocky Helmet|[of] p2a: Corviknight
|
|upkeep
|turn|22
|inactive|HiImMrMeme has 120 seconds left.
|
|t:|1758297287
|switch|p1a: Grimmsnarl|Grimmsnarl, M|82/100 par
|move|p2a: Corviknight|Iron Defense|p2a: Corviknight
|-boost|p2a: Corviknight|def|2
|
|upkeep
|turn|23
|inactive|HiImMrMeme has 120 seconds left.
|
|t:|1758297316
|move|p1a: Grimmsnarl|Thunder Wave|p2a: Corviknight
|-status|p2a: Corviknight|par
|move|p2a: Corviknight|Body Press|p1a: Grimmsnarl
|-damage|p1a: Grimmsnarl|23/100 par
|
|upkeep
|turn|24
|
|t:|1758297325
|move|p1a: Grimmsnarl|Parting Shot|p2a: Corviknight
|-unboost|p2a: Corviknight|atk|1
|-unboost|p2a: Corviknight|spa|1
|
|t:|1758297328
|switch|p1a: Dragapult|Dragapult, F|100/100|[from] Parting Shot
|move|p2a: Corviknight|Body Press|p1a: Dragapult
|-immune|p1a: Dragapult
|
|upkeep
|turn|25
|inactive|HiImMrMeme has 120 seconds left.
|
|t:|1758297346
|switch|p2a: Alomomola|Alomomola, F, shiny|97/100 psn
|-damage|p2a: Alomomola|84/100 psn|[from] Stealth Rock
|move|p1a: Dragapult|Flamethrower|p2a: Alomomola
|-resisted|p2a: Alomomola
|-damage|p2a: Alomomola|69/100 psn
|
|-damage|p2a: Alomomola|56/100 psn|[from] psn
|upkeep
|turn|26
|inactive|HiImMrMeme has 120 seconds left.
|
|t:|1758297357
|switch|p1a: Glimmora|Glimmora, M|10/100
|move|p2a: Alomomola|Alluring Voice|p1a: Glimmora
|-resisted|p1a: Glimmora
|-damage|p1a: Glimmora|3/100
|
|-damage|p2a: Alomomola|44/100 psn|[from] psn
|upkeep
|turn|27
|
|t:|1758297366
|move|p1a: Glimmora|Spikes|p2a: Alomomola
|-sidestart|p2: Spgdd|Spikes
|move|p2a: Alomomola|Scald|p1a: Glimmora
|-supereffective|p1a: Glimmora
|-damage|p1a: Glimmora|0 fnt
|faint|p1a: Glimmora
|
|-damage|p2a: Alomomola|32/100 psn|[from] psn
|upkeep
|
|t:|1758297373
|switch|p1a: Dragapult|Dragapult, F|100/100
|turn|28
|
|t:|1758297383
|switch|p2a: Corviknight|Corviknight, M, shiny|76/100 par
|-damage|p2a: Corviknight|63/100 par|[from] Stealth Rock
|-ability|p2a: Corviknight|Pressure
|move|p1a: Dragapult|Draco Meteor|p2a: Corviknight
|-resisted|p2a: Corviknight
|-damage|p2a: Corviknight|26/100 par
|-unboost|p1a: Dragapult|spa|2
|
|upkeep
|turn|29
|
|t:|1758297396
|switch|p1a: Grimmsnarl|Grimmsnarl, M|23/100 par
|move|p2a: Corviknight|Defog|p1a: Grimmsnarl
|-unboost|p1a: Grimmsnarl|evasion|1
|-sideend|p2: Spgdd|Spikes|[from] move: Defog|[of] p2a: Corviknight
|-sideend|p2: Spgdd|Stealth Rock|[from] move: Defog|[of] p2a: Corviknight
|
|upkeep
|turn|30
|-message|HiImMrMeme forfeited.
|
|win|Spgdd
|raw|HiImMrMeme's rating: 1064 &rarr; <strong>1047</strong><br />(-17 for losing)
|raw|Spgdd's rating: 1115 &rarr; <strong>1136</strong><br />(+21 for winning)
|l|☆HiImMrMeme
|player|p1|
