|j|☆dadadadaxiji
|j|☆bishop1
|t:|1758274388
|gametype|singles
|player|p1|dadadadaxiji|dawn|1570
|player|p2|bishop1|265|1554
|gen|9
|tier|[Gen 9] OU
|rated|
|rule|HP Percentage Mod: HP is shown in percentages
|rule|Endless Battle Clause: Forcing endless battles is banned
|rule|Species Clause: Limit one of each Pokémon
|rule|OHKO Clause: OHKO moves are banned
|rule|Evasion Items Clause: Evasion items are banned
|rule|Evasion Moves Clause: Evasion moves are banned
|rule|Evasion Abilities Clause: Evasion abilities are banned
|rule|Sleep Moves Clause: Sleep-inducing moves are banned
|clearpoke
|poke|p1|Talonflame, F|
|poke|p1|Ceruledge, F|
|poke|p1|Cinderace, M|
|poke|p1|Iron Moth|
|poke|p1|Heatran, F|
|poke|p1|Rotom-Heat|
|poke|p2|Zamazenta-*|
|poke|p2|Ninetales-Alola, F|
|poke|p2|Darkrai|
|poke|p2|Ceruledge, M|
|poke|p2|Gliscor, M|
|poke|p2|Hatterene, F|
|teampreview
|inactive|Battle timer is ON: inactive players will automatically lose when time's up. (requested by dadadadaxiji)
|
|t:|1758274402
|teamsize|p1|6
|teamsize|p2|6
|start
|switch|p1a: Heatran|Heatran, F|100/100
|switch|p2a: Ninetales|Ninetales-Alola, F|100/100
|-weather|Snowscape|[from] ability: Snow Warning|[of] p2a: Ninetales
|turn|1
|c|☆bishop1|it's very hot
|
|t:|1758274425
|move|p2a: Ninetales|Aurora Veil|p2a: Ninetales
|-sidestart|p2: bishop1|move: Aurora Veil
|move|p1a: Heatran|Magma Storm|p2a: Ninetales
|-supereffective|p2a: Ninetales
|-damage|p2a: Ninetales|61/100
|-activate|p2a: Ninetales|move: Magma Storm|[of] p1a: Heatran
|
|-weather|Snowscape|[upkeep]
|-damage|p2a: Ninetales|48/100|[from] move: Magma Storm|[partiallytrapped]
|upkeep
|turn|2
|
|t:|1758274430
|move|p1a: Heatran|Stealth Rock|p2a: Ninetales
|-sidestart|p2: bishop1|move: Stealth Rock
|move|p2a: Ninetales|Roar|p1a: Heatran
|drag|p1a: Ceruledge|Ceruledge, F|100/100
|
|-weather|Snowscape|[upkeep]
|-end|p2a: Ninetales|Magma Storm|[partiallytrapped]|[silent]
|upkeep
|turn|3
|
|t:|1758274436
|switch|p2a: Gliscor|Gliscor, M|100/100
|-damage|p2a: Gliscor|88/100|[from] Stealth Rock
|switch|p1a: Heatran|Heatran, F|100/100
|
|-weather|Snowscape|[upkeep]
|-status|p2a: Gliscor|tox|[from] item: Toxic Orb
|upkeep
|turn|4
|
|t:|1758274444
|switch|p1a: Ceruledge|Ceruledge, F|100/100
|move|p2a: Gliscor|Agility|p2a: Gliscor
|-boost|p2a: Gliscor|spe|2
|
|-weather|Snowscape|[upkeep]
|-heal|p2a: Gliscor|100/100 tox|[from] ability: Poison Heal
|upkeep
|turn|5
|
|t:|1758274449
|move|p1a: Ceruledge|Endure|p1a: Ceruledge
|-singleturn|p1a: Ceruledge|move: Endure
|move|p2a: Gliscor|Swords Dance|p2a: Gliscor
|-boost|p2a: Gliscor|atk|2
|
|-weather|none
|upkeep
|turn|6
|
|t:|1758274465
|switch|p1a: Rotom|Rotom-Heat|100/100
|move|p2a: Gliscor|Earthquake|p1a: Rotom
|-immune|p1a: Rotom|[from] ability: Levitate
|
|upkeep
|turn|7
|
|t:|1758274474
|switch|p1a: Ceruledge|Ceruledge, F|100/100
|move|p2a: Gliscor|Swords Dance|p2a: Gliscor
|-boost|p2a: Gliscor|atk|2
|
|upkeep
|turn|8
|
|t:|1758274480
|move|p1a: Ceruledge|Endure|p1a: Ceruledge
|-singleturn|p1a: Ceruledge|move: Endure
|move|p2a: Gliscor|Agility|p2a: Gliscor
|-boost|p2a: Gliscor|spe|2
|
|-sideend|p2: bishop1|move: Aurora Veil
|upkeep
|turn|9
|
|t:|1758274487
|switch|p1a: Rotom|Rotom-Heat|100/100
|move|p2a: Gliscor|Earthquake|p1a: Rotom
|-immune|p1a: Rotom|[from] ability: Levitate
|
|upkeep
|turn|10
|
|t:|1758274494
|-terastallize|p2a: Gliscor|Normal
|move|p2a: Gliscor|Facade|p1a: Rotom
|-damage|p1a: Rotom|0 fnt
|-damage|p2a: Gliscor|84/100 tox|[from] item: Rocky Helmet|[of] p1a: Rotom
|faint|p1a: Rotom
|
|-heal|p2a: Gliscor|97/100 tox|[from] ability: Poison Heal
|upkeep
|
|t:|1758274501
|switch|p1a: Ceruledge|Ceruledge, F|100/100
|turn|11
|
|t:|1758274517
|-terastallize|p1a: Ceruledge|Fighting
|move|p2a: Gliscor|Earthquake|p1a: Ceruledge
|-damage|p1a: Ceruledge|0 fnt
|faint|p1a: Ceruledge
|
|-heal|p2a: Gliscor|100/100 tox|[from] ability: Poison Heal
|upkeep
|-message|dadadadaxiji forfeited.
|
|win|bishop1
|raw|dadadadaxiji's rating: 1570 &rarr; <strong>1549</strong><br />(-21 for losing)
|raw|bishop1's rating: 1554 &rarr; <strong>1575</strong><br />(+21 for winning)
|l|☆dadadadaxiji
|player|p1|
|l|☆bishop1
|player|p2|
