|j|☆zabbaman
|j|☆SittinGamer
|t:|1758251905
|gametype|singles
|player|p1|zabbaman|266|1684
|player|p2|SittinGamer|dawn-gen4pt|1695
|gen|9
|tier|[Gen 9] OU
|rated|
|rule|HP Percentage Mod: HP is shown in percentages
|rule|Endless Battle Clause: Forcing endless battles is banned
|rule|Species Clause: Limit one of each Pokémon
|rule|OHKO Clause: OHKO moves are banned
|rule|Evasion Items Clause: Evasion items are banned
|rule|Evasion Moves Clause: Evasion moves are banned
|rule|Evasion Abilities Clause: Evasion abilities are banned
|rule|Sleep Moves Clause: Sleep-inducing moves are banned
|clearpoke
|poke|p1|Tyranitar, F|
|poke|p1|Garchomp, M|
|poke|p1|Salamence, M|
|poke|p1|Clefable, M|
|poke|p1|Gholdengo|
|poke|p1|Excadrill, M|
|poke|p2|Infernape, M|
|poke|p2|Ogerpon-Wellspring, F|
|poke|p2|Gholdengo|
|poke|p2|Hatterene, F|
|poke|p2|Great Tusk|
|poke|p2|Zamazenta-*|
|teampreview
|
|t:|1758251919
|teamsize|p1|6
|teamsize|p2|6
|start
|switch|p1a: Garchomp|Garchomp, M|100/100
|switch|p2a: Infernape|Infernape, M|100/100
|turn|1
|
|t:|1758251923
|move|p2a: Infernape|Will-O-Wisp|p1a: Garchomp|[miss]
|-miss|p2a: Infernape|p1a: Garchomp
|move|p1a: Garchomp|Earthquake|p2a: Infernape
|-supereffective|p2a: Infernape
|-enditem|p2a: Infernape|Focus Sash
|-damage|p2a: Infernape|1/100
|
|upkeep
|turn|2
|j| lamebiz
|
|t:|1758251926
|switch|p1a: Tyranitar|Tyranitar, F, shiny|100/100
|-weather|Sandstorm|[from] ability: Sand Stream|[of] p1a: Tyranitar
|move|p2a: Infernape|Stealth Rock|p1a: Tyranitar
|-sidestart|p1: zabbaman|move: Stealth Rock
|
|-weather|Sandstorm|[upkeep]
|-damage|p2a: Infernape|0 fnt|[from] Sandstorm
|faint|p2a: Infernape
|upkeep
|inactive|Battle timer is ON: inactive players will automatically lose when time's up. (requested by zabbaman)
|
|t:|1758251935
|switch|p2a: Ogerpon|Ogerpon-Wellspring, F|100/100
|turn|3
|
|t:|1758251939
|switch|p1a: Salamence|Salamence, M|100/100
|-ability|p1a: Salamence|Intimidate|boost
|-unboost|p2a: Ogerpon|atk|1
|move|p2a: Ogerpon|Swords Dance|p2a: Ogerpon
|-boost|p2a: Ogerpon|atk|2
|
|-weather|Sandstorm|[upkeep]
|-damage|p2a: Ogerpon|95/100|[from] Sandstorm
|-damage|p1a: Salamence|94/100|[from] Sandstorm
|upkeep
|turn|4
|
|t:|1758251948
|-terastallize|p2a: Ogerpon|Water
|detailschange|p2a: Ogerpon|Ogerpon-Wellspring-Tera, F, tera:Water
|-ability|p2a: Ogerpon|Embody Aspect (Wellspring)|boost
|-boost|p2a: Ogerpon|spd|1
|move|p2a: Ogerpon|Trailblaze|p1a: Salamence
|-resisted|p1a: Salamence
|-damage|p1a: Salamence|86/100
|-boost|p2a: Ogerpon|spe|1
|move|p1a: Salamence|Hurricane|p2a: Ogerpon
|-damage|p2a: Ogerpon|62/100
|
|-weather|Sandstorm|[upkeep]
|-damage|p2a: Ogerpon|56/100|[from] Sandstorm
|-damage|p1a: Salamence|80/100|[from] Sandstorm
|upkeep
|turn|5
|
|t:|1758251959
|move|p2a: Ogerpon|Swords Dance|p2a: Ogerpon
|-boost|p2a: Ogerpon|atk|2
|move|p1a: Salamence|Dragon Tail|p2a: Ogerpon
|-damage|p2a: Ogerpon|23/100
|drag|p2a: Gholdengo|Gholdengo|100/100
|
|-weather|Sandstorm|[upkeep]
|-damage|p1a: Salamence|74/100|[from] Sandstorm
|upkeep
|turn|6
|
|t:|1758251971
|switch|p1a: Garchomp|Garchomp, M|100/100
|-damage|p1a: Garchomp|94/100|[from] Stealth Rock
|move|p2a: Gholdengo|Shadow Ball|p1a: Garchomp
|-damage|p1a: Garchomp|49/100
|-unboost|p1a: Garchomp|spd|1
|
|-weather|none
|upkeep
|turn|7
|
|t:|1758251982
|move|p2a: Gholdengo|Shadow Ball|p1a: Garchomp
|-damage|p1a: Garchomp|0 fnt
|faint|p1a: Garchomp
|
|upkeep
|
|t:|1758251996
|switch|p1a: Tyranitar|Tyranitar, F, shiny|100/100
|-damage|p1a: Tyranitar|88/100|[from] Stealth Rock
|-weather|Sandstorm|[from] ability: Sand Stream|[of] p1a: Tyranitar
|turn|8
|j| wgw2333
|
|t:|1758252001
|switch|p2a: Great Tusk|Great Tusk|100/100
|-enditem|p2a: Great Tusk|Booster Energy
|-activate|p2a: Great Tusk|ability: Protosynthesis|[fromitem]
|-start|p2a: Great Tusk|protosynthesisatk
|move|p1a: Tyranitar|Earthquake|p2a: Great Tusk
|-damage|p2a: Great Tusk|74/100
|-damage|p1a: Tyranitar|78/100|[from] item: Life Orb
|
|-weather|Sandstorm|[upkeep]
|upkeep
|turn|9
|
|t:|1758252005
|switch|p1a: Salamence|Salamence, M|74/100
|-ability|p1a: Salamence|Intimidate|boost
|-unboost|p2a: Great Tusk|atk|1
|move|p2a: Great Tusk|Knock Off|p1a: Salamence
|-damage|p1a: Salamence|53/100
|-enditem|p1a: Salamence|Heavy-Duty Boots|[from] move: Knock Off|[of] p2a: Great Tusk
|
|-weather|Sandstorm|[upkeep]
|-damage|p1a: Salamence|47/100|[from] Sandstorm
|upkeep
|turn|10
|
|t:|1758252011
|move|p2a: Great Tusk|Ice Spinner|p1a: Salamence
|-supereffective|p1a: Salamence
|-damage|p1a: Salamence|0 fnt
|faint|p1a: Salamence
|
|-weather|Sandstorm|[upkeep]
|upkeep
|
|t:|1758252017
|switch|p1a: Clefable|Clefable, M, shiny|100/100
|turn|11
|
|t:|1758252026
|move|p2a: Great Tusk|Headlong Rush|p1a: Clefable
|-damage|p1a: Clefable|43/100
|-unboost|p2a: Great Tusk|def|1
|-unboost|p2a: Great Tusk|spd|1
|move|p1a: Clefable|Moonblast|p2a: Great Tusk
|-supereffective|p2a: Great Tusk
|-damage|p2a: Great Tusk|0 fnt
|faint|p2a: Great Tusk
|-end|p2a: Great Tusk|Protosynthesis|[silent]
|
|-weather|Sandstorm|[upkeep]
|-heal|p1a: Clefable|49/100|[from] item: Leftovers
|upkeep
|
|t:|1758252029
|switch|p2a: Gholdengo|Gholdengo|100/100
|turn|12
|
|t:|1758252033
|switch|p1a: Tyranitar|Tyranitar, F, shiny|78/100
|-damage|p1a: Tyranitar|66/100|[from] Stealth Rock
|move|p2a: Gholdengo|Make It Rain|p1a: Tyranitar
|-supereffective|p1a: Tyranitar
|-damage|p1a: Tyranitar|0 fnt
|-unboost|p2a: Gholdengo|spa|1
|faint|p1a: Tyranitar
|
|-weather|none
|upkeep
|
|t:|1758252037
|switch|p1a: Excadrill|Excadrill, M, shiny|100/100
|-damage|p1a: Excadrill|97/100|[from] Stealth Rock
|-item|p1a: Excadrill|Air Balloon
|turn|13
|
|t:|1758252044
|switch|p2a: Zamazenta|Zamazenta|100/100
|-ability|p2a: Zamazenta|Dauntless Shield|boost
|-boost|p2a: Zamazenta|def|1
|move|p1a: Excadrill|Earthquake|p2a: Zamazenta
|-damage|p2a: Zamazenta|72/100
|
|-heal|p2a: Zamazenta|78/100|[from] item: Leftovers
|upkeep
|turn|14
|
|t:|1758252048
|switch|p1a: Gholdengo|Gholdengo|100/100
|-damage|p1a: Gholdengo|94/100|[from] Stealth Rock
|-item|p1a: Gholdengo|Air Balloon
|move|p2a: Zamazenta|Body Press|p1a: Gholdengo
|-immune|p1a: Gholdengo
|
|-heal|p2a: Zamazenta|84/100|[from] item: Leftovers
|upkeep
|turn|15
|
|t:|1758252055
|move|p2a: Zamazenta|Crunch|p1a: Gholdengo
|-supereffective|p1a: Gholdengo
|-damage|p1a: Gholdengo|52/100
|-enditem|p1a: Gholdengo|Air Balloon
|move|p1a: Gholdengo|Nasty Plot|p1a: Gholdengo
|-boost|p1a: Gholdengo|spa|2
|
|-heal|p2a: Zamazenta|90/100|[from] item: Leftovers
|upkeep
|turn|16
|
|t:|1758252057
|move|p2a: Zamazenta|Crunch|p1a: Gholdengo
|-supereffective|p1a: Gholdengo
|-damage|p1a: Gholdengo|11/100
|-unboost|p1a: Gholdengo|def|1
|move|p1a: Gholdengo|Recover|p1a: Gholdengo
|-heal|p1a: Gholdengo|61/100
|
|-heal|p2a: Zamazenta|96/100|[from] item: Leftovers
|upkeep
|turn|17
|
|t:|1758252060
|-terastallize|p1a: Gholdengo|Fairy
|move|p2a: Zamazenta|Crunch|p1a: Gholdengo
|-resisted|p1a: Gholdengo
|-damage|p1a: Gholdengo|45/100
|move|p1a: Gholdengo|Dazzling Gleam|p2a: Zamazenta
|-supereffective|p2a: Zamazenta
|-damage|p2a: Zamazenta|0 fnt
|faint|p2a: Zamazenta
|
|upkeep
|
|t:|1758252063
|switch|p2a: Gholdengo|Gholdengo|100/100
|turn|18
|
|t:|1758252073
|switch|p1a: Excadrill|Excadrill, M, shiny|97/100
|-damage|p1a: Excadrill|94/100|[from] Stealth Rock
|-item|p1a: Excadrill|Air Balloon
|move|p2a: Gholdengo|Make It Rain|p1a: Excadrill
|-resisted|p1a: Excadrill
|-damage|p1a: Excadrill|49/100
|-unboost|p2a: Gholdengo|spa|1
|-enditem|p1a: Excadrill|Air Balloon
|
|upkeep
|turn|19
|
|t:|1758252080
|switch|p2a: Ogerpon|Ogerpon-Wellspring-Tera, F, tera:Water|23/100
|-ability|p2a: Ogerpon|Embody Aspect (Wellspring)|boost
|-boost|p2a: Ogerpon|spd|1
|move|p1a: Excadrill|Earthquake|p2a: Ogerpon
|-damage|p2a: Ogerpon|0 fnt
|faint|p2a: Ogerpon
|detailschange|p2: Ogerpon|Ogerpon-Wellspring, F|[silent]
|
|upkeep
|
|t:|1758252083
|switch|p2a: Gholdengo|Gholdengo|100/100
|turn|20
|
|t:|1758252093
|switch|p1a: Gholdengo|Gholdengo, tera:Fairy|45/100
|-damage|p1a: Gholdengo|33/100|[from] Stealth Rock
|move|p2a: Gholdengo|Shadow Ball|p1a: Gholdengo
|-damage|p1a: Gholdengo|0 fnt
|faint|p1a: Gholdengo
|
|upkeep
|
|t:|1758252095
|switch|p1a: Clefable|Clefable, M, shiny|49/100
|turn|21
|
|t:|1758252098
|move|p2a: Gholdengo|Shadow Ball|p1a: Clefable
|-damage|p1a: Clefable|22/100
|move|p1a: Clefable|Healing Wish|p1a: Clefable
|faint|p1a: Clefable
|
|upkeep
|
|t:|1758252101
|switch|p1a: Excadrill|Excadrill, M, shiny|49/100
|-heal|p1a: Excadrill|100/100|[from] move: Healing Wish
|-damage|p1a: Excadrill|97/100|[from] Stealth Rock
|turn|22
|
|t:|1758252104
|move|p2a: Gholdengo|Shadow Ball|p1a: Excadrill
|-damage|p1a: Excadrill|38/100
|move|p1a: Excadrill|Earthquake|p2a: Gholdengo
|-supereffective|p2a: Gholdengo
|-damage|p2a: Gholdengo|0 fnt
|faint|p2a: Gholdengo
|
|upkeep
|
|t:|1758252106
|switch|p2a: Hatterene|Hatterene, F|100/100
|turn|23
|
|t:|1758252108
|move|p1a: Excadrill|Iron Head|p2a: Hatterene
|-supereffective|p2a: Hatterene
|-damage|p2a: Hatterene|4/100
|move|p2a: Hatterene|Mystical Fire|p1a: Excadrill
|-supereffective|p1a: Excadrill
|-crit|p1a: Excadrill
|-damage|p1a: Excadrill|0 fnt
|faint|p1a: Excadrill
|
|win|SittinGamer
|raw|zabbaman's rating: 1684 &rarr; <strong>1665</strong><br />(-19 for losing)
|raw|SittinGamer's rating: 1695 &rarr; <strong>1714</strong><br />(+19 for winning)
|l|☆zabbaman
|player|p1|
|l|☆SittinGamer
|player|p2|
|l| lamebiz
