|j|☆Crocodile E
|j|☆Mortifi
|t:|1758367829
|gametype|singles
|player|p1|Crocodile E|depotagent|1618
|player|p2|Mortifi|pokemaniac|1694
|gen|9
|tier|[Gen 9] OU
|rated|
|rule|HP Percentage Mod: HP is shown in percentages
|rule|Endless Battle Clause: Forcing endless battles is banned
|rule|Species Clause: Limit one of each Pokémon
|rule|OHKO Clause: OHKO moves are banned
|rule|Evasion Items Clause: Evasion items are banned
|rule|Evasion Moves Clause: Evasion moves are banned
|rule|Evasion Abilities Clause: Evasion abilities are banned
|rule|Sleep Moves Clause: Sleep-inducing moves are banned
|clearpoke
|poke|p1|Deoxys-Speed|
|poke|p1|Gholdengo|
|poke|p1|Ting-Lu|
|poke|p1|Ogerpon-Wellspring, F|
|poke|p1|Kingambit, M|
|poke|p1|Raging Bolt|
|poke|p2|Primarina, M|
|poke|p2|Deoxys-Speed|
|poke|p2|Great Tusk|
|poke|p2|Raging Bolt|
|poke|p2|Gholdengo|
|poke|p2|Skarmory, F|
|teampreview
|
|t:|1758367836
|teamsize|p1|6
|teamsize|p2|6
|start
|switch|p1a: Deoxys|Deoxys-Speed|100/100
|switch|p2a: Primarina|Primarina, M|100/100
|-ability|p1a: Deoxys|Pressure
|turn|1
|inactive|Battle timer is ON: inactive players will automatically lose when time's up. (requested by Crocodile E)
|
|t:|1758367847
|switch|p1a: Ogerpon|Ogerpon-Wellspring, F|100/100
|move|p2a: Primarina|Moonblast|p1a: Ogerpon
|-damage|p1a: Ogerpon|12/100
|
|upkeep
|turn|2
|
|t:|1758367854
|switch|p2a: Skarmory|Skarmory, F|100/100
|move|p1a: Ogerpon|Horn Leech|p2a: Skarmory
|-resisted|p2a: Skarmory
|-damage|p2a: Skarmory|94/100
|-heal|p1a: Ogerpon|15/100|[from] drain|[of] p2a: Skarmory
|-damage|p1a: Ogerpon|0 fnt|[from] item: Rocky Helmet|[of] p2a: Skarmory
|faint|p1a: Ogerpon
|
|upkeep
|
|t:|1758367857
|switch|p1a: Raging Bolt|Raging Bolt|100/100
|turn|3
|
|t:|1758367866
|switch|p2a: Gholdengo|Gholdengo|100/100
|move|p1a: Raging Bolt|Draco Meteor|p2a: Gholdengo
|-resisted|p2a: Gholdengo
|-damage|p2a: Gholdengo|70/100
|-unboost|p1a: Raging Bolt|spa|2
|
|upkeep
|turn|4
|
|t:|1758367883
|-end|p1a: Raging Bolt|Protosynthesis|[silent]
|switch|p1a: Ting-Lu|Ting-Lu|100/100
|-ability|p1a: Ting-Lu|Vessel of Ruin
|move|p2a: Gholdengo|Make It Rain|p1a: Ting-Lu
|-damage|p1a: Ting-Lu|78/100
|-unboost|p2a: Gholdengo|spa|1
|
|-heal|p1a: Ting-Lu|84/100|[from] item: Leftovers
|upkeep
|turn|5
|j| idjsyfudsjh
|
|t:|1758367897
|switch|p2a: Primarina|Primarina, M|100/100
|move|p1a: Ting-Lu|Stealth Rock|p2a: Primarina
|-sidestart|p2: Mortifi|move: Stealth Rock
|
|-heal|p1a: Ting-Lu|90/100|[from] item: Leftovers
|upkeep
|turn|6
|
|t:|1758367907
|switch|p1a: Gholdengo|Gholdengo|100/100
|-item|p1a: Gholdengo|Air Balloon
|move|p2a: Primarina|Moonblast|p1a: Gholdengo
|-resisted|p1a: Gholdengo
|-damage|p1a: Gholdengo|62/100
|-enditem|p1a: Gholdengo|Air Balloon
|
|upkeep
|turn|7
|
|t:|1758367917
|switch|p2a: Raging Bolt|Raging Bolt|100/100
|-damage|p2a: Raging Bolt|88/100|[from] Stealth Rock
|move|p1a: Gholdengo|Recover|p1a: Gholdengo
|-heal|p1a: Gholdengo|100/100
|
|upkeep
|turn|8
|
|t:|1758367928
|switch|p1a: Ting-Lu|Ting-Lu|90/100
|-ability|p1a: Ting-Lu|Vessel of Ruin
|-end|p2a: Raging Bolt|Protosynthesis|[silent]
|switch|p2a: Primarina|Primarina, M|100/100
|-damage|p2a: Primarina|88/100|[from] Stealth Rock
|
|-heal|p1a: Ting-Lu|96/100|[from] item: Leftovers
|upkeep
|turn|9
|
|t:|1758367940
|move|p2a: Primarina|Surf|p1a: Ting-Lu
|-supereffective|p1a: Ting-Lu
|-damage|p1a: Ting-Lu|27/100
|move|p1a: Ting-Lu|Ruination|p2a: Primarina
|-damage|p2a: Primarina|44/100
|
|-heal|p1a: Ting-Lu|33/100|[from] item: Leftovers
|upkeep
|turn|10
|
|t:|1758367948
|switch|p1a: Raging Bolt|Raging Bolt|100/100
|move|p2a: Primarina|Surf|p1a: Raging Bolt
|-resisted|p1a: Raging Bolt
|-crit|p1a: Raging Bolt
|-damage|p1a: Raging Bolt|49/100
|
|-heal|p1a: Raging Bolt|55/100|[from] item: Leftovers
|upkeep
|turn|11
|
|t:|1758367959
|switch|p2a: Gholdengo|Gholdengo|70/100
|move|p1a: Raging Bolt|Thunderclap||[still]
|-fail|p1a: Raging Bolt
|
|-heal|p1a: Raging Bolt|61/100|[from] item: Leftovers
|upkeep
|turn|12
|
|t:|1758367970
|-end|p1a: Raging Bolt|Protosynthesis|[silent]
|switch|p1a: Ting-Lu|Ting-Lu|33/100
|-ability|p1a: Ting-Lu|Vessel of Ruin
|move|p2a: Gholdengo|Hex|p1a: Ting-Lu
|-resisted|p1a: Ting-Lu
|-damage|p1a: Ting-Lu|26/100
|
|-heal|p1a: Ting-Lu|32/100|[from] item: Leftovers
|upkeep
|turn|13
|
|t:|1758367985
|switch|p2a: Great Tusk|Great Tusk|100/100
|move|p1a: Ting-Lu|Earthquake|p2a: Great Tusk
|-damage|p2a: Great Tusk|74/100
|
|-heal|p1a: Ting-Lu|39/100|[from] item: Leftovers
|upkeep
|turn|14
|
|t:|1758367994
|move|p2a: Great Tusk|Knock Off|p1a: Ting-Lu
|-resisted|p1a: Ting-Lu
|-damage|p1a: Ting-Lu|30/100
|-enditem|p1a: Ting-Lu|Leftovers|[from] move: Knock Off|[of] p2a: Great Tusk
|move|p1a: Ting-Lu|Ruination|p2a: Great Tusk
|-damage|p2a: Great Tusk|37/100
|
|upkeep
|turn|15
|
|t:|1758368002
|switch|p1a: Gholdengo|Gholdengo|100/100
|move|p2a: Great Tusk|Headlong Rush|p1a: Gholdengo
|-supereffective|p1a: Gholdengo
|-crit|p1a: Gholdengo
|-damage|p1a: Gholdengo|0 fnt
|-unboost|p2a: Great Tusk|def|1
|-unboost|p2a: Great Tusk|spd|1
|faint|p1a: Gholdengo
|
|upkeep
|
|t:|1758368008
|switch|p1a: Deoxys|Deoxys-Speed|100/100
|-ability|p1a: Deoxys|Pressure
|turn|16
|
|t:|1758368017
|-end|p2a: Great Tusk|Protosynthesis|[silent]
|switch|p2a: Deoxys|Deoxys-Speed|100/100
|-ability|p2a: Deoxys|Pressure
|move|p1a: Deoxys|Ice Beam|p2a: Deoxys
|-damage|p2a: Deoxys|71/100
|
|upkeep
|turn|17
|
|t:|1758368025
|move|p1a: Deoxys|Knock Off|p2a: Deoxys
|-supereffective|p2a: Deoxys
|-damage|p2a: Deoxys|3/100
|-enditem|p2a: Deoxys|Heavy-Duty Boots|[from] move: Knock Off|[of] p1a: Deoxys
|move|p2a: Deoxys|Stealth Rock|p1a: Deoxys
|-sidestart|p1: Crocodile E|move: Stealth Rock
|
|upkeep
|turn|18
|
|t:|1758368032
|move|p1a: Deoxys|Knock Off|p2a: Deoxys
|-supereffective|p2a: Deoxys
|-damage|p2a: Deoxys|0 fnt
|faint|p2a: Deoxys
|
|upkeep
|
|t:|1758368041
|switch|p2a: Gholdengo|Gholdengo|70/100
|turn|19
|
|t:|1758368051
|move|p1a: Deoxys|Knock Off|p2a: Gholdengo
|-supereffective|p2a: Gholdengo
|-damage|p2a: Gholdengo|12/100
|-enditem|p2a: Gholdengo|Heavy-Duty Boots|[from] move: Knock Off|[of] p1a: Deoxys
|move|p2a: Gholdengo|Recover|p2a: Gholdengo
|-heal|p2a: Gholdengo|62/100
|
|upkeep
|turn|20
|
|t:|1758368058
|move|p1a: Deoxys|Knock Off|p2a: Gholdengo
|-supereffective|p2a: Gholdengo
|-damage|p2a: Gholdengo|26/100
|move|p2a: Gholdengo|Recover|p2a: Gholdengo
|-heal|p2a: Gholdengo|76/100
|
|upkeep
|turn|21
|
|t:|1758368064
|switch|p1a: Ting-Lu|Ting-Lu|30/100
|-damage|p1a: Ting-Lu|24/100|[from] Stealth Rock
|-ability|p1a: Ting-Lu|Vessel of Ruin
|move|p2a: Gholdengo|Recover|p2a: Gholdengo
|-heal|p2a: Gholdengo|100/100
|
|upkeep
|turn|22
|
|t:|1758368076
|switch|p2a: Great Tusk|Great Tusk|37/100
|move|p1a: Ting-Lu|Earthquake|p2a: Great Tusk
|-damage|p2a: Great Tusk|12/100
|
|upkeep
|turn|23
|
|t:|1758368082
|move|p2a: Great Tusk|Headlong Rush|p1a: Ting-Lu
|-damage|p1a: Ting-Lu|0 fnt
|-unboost|p2a: Great Tusk|def|1
|-unboost|p2a: Great Tusk|spd|1
|faint|p1a: Ting-Lu
|
|upkeep
|
|t:|1758368086
|switch|p1a: Deoxys|Deoxys-Speed|100/100
|-damage|p1a: Deoxys|88/100|[from] Stealth Rock
|-ability|p1a: Deoxys|Pressure
|turn|24
|
|t:|1758368093
|-end|p2a: Great Tusk|Protosynthesis|[silent]
|switch|p2a: Gholdengo|Gholdengo|100/100
|-damage|p2a: Gholdengo|94/100|[from] Stealth Rock
|move|p1a: Deoxys|Ice Beam|p2a: Gholdengo
|-resisted|p2a: Gholdengo
|-damage|p2a: Gholdengo|84/100
|
|upkeep
|turn|25
|
|t:|1758368101
|switch|p1a: Kingambit|Kingambit, M|100/100
|-damage|p1a: Kingambit|94/100|[from] Stealth Rock
|-activate|p1a: Kingambit|ability: Supreme Overlord
|-start|p1a: Kingambit|fallen3|[silent]
|move|p2a: Gholdengo|Thunder Wave|p1a: Kingambit
|-status|p1a: Kingambit|par
|
|upkeep
|turn|26
|
|t:|1758368110
|switch|p2a: Skarmory|Skarmory, F|94/100
|-damage|p2a: Skarmory|82/100|[from] Stealth Rock
|move|p1a: Kingambit|Kowtow Cleave|p2a: Skarmory
|-damage|p2a: Skarmory|46/100
|-damage|p1a: Kingambit|78/100 par|[from] item: Rocky Helmet|[of] p2a: Skarmory
|
|upkeep
|turn|27
|
|t:|1758368118
|-end|p1a: Kingambit|fallen3|[silent]
|switch|p1a: Deoxys|Deoxys-Speed|88/100
|-damage|p1a: Deoxys|76/100|[from] Stealth Rock
|-ability|p1a: Deoxys|Pressure
|move|p2a: Skarmory|Roost|p2a: Skarmory
|-heal|p2a: Skarmory|96/100
|-singleturn|p2a: Skarmory|move: Roost
|
|upkeep
|turn|28
|l| idjsyfudsjh
|
|t:|1758368126
|switch|p2a: Gholdengo|Gholdengo|84/100
|-damage|p2a: Gholdengo|78/100|[from] Stealth Rock
|move|p1a: Deoxys|Knock Off|p2a: Gholdengo
|-supereffective|p2a: Gholdengo
|-damage|p2a: Gholdengo|38/100
|
|upkeep
|turn|29
|
|t:|1758368152
|move|p1a: Deoxys|Knock Off|p2a: Gholdengo
|-supereffective|p2a: Gholdengo
|-damage|p2a: Gholdengo|0 fnt
|faint|p2a: Gholdengo
|
|upkeep
|
|t:|1758368159
|switch|p2a: Raging Bolt|Raging Bolt|88/100
|-damage|p2a: Raging Bolt|76/100|[from] Stealth Rock
|turn|30
|
|t:|1758368165
|move|p1a: Deoxys|Ice Beam|p2a: Raging Bolt
|-supereffective|p2a: Raging Bolt
|-damage|p2a: Raging Bolt|40/100
|move|p2a: Raging Bolt|Draco Meteor|p1a: Deoxys
|-damage|p1a: Deoxys|0 fnt
|-unboost|p2a: Raging Bolt|spa|2
|faint|p1a: Deoxys
|
|upkeep
|
|t:|1758368171
|switch|p1a: Raging Bolt|Raging Bolt|61/100
|-damage|p1a: Raging Bolt|49/100|[from] Stealth Rock
|turn|31
|
|t:|1758368191
|-terastallize|p1a: Raging Bolt|Fairy
|move|p1a: Raging Bolt|Calm Mind|p1a: Raging Bolt
|-boost|p1a: Raging Bolt|spa|1
|-boost|p1a: Raging Bolt|spd|1
|move|p2a: Raging Bolt|Draco Meteor|p1a: Raging Bolt
|-immune|p1a: Raging Bolt
|
|-heal|p1a: Raging Bolt|55/100|[from] item: Leftovers
|upkeep
|turn|32
|
|t:|1758368201
|move|p2a: Raging Bolt|Thunderclap|p1a: Raging Bolt
|-damage|p1a: Raging Bolt|41/100
|move|p1a: Raging Bolt|Draco Meteor|p2a: Raging Bolt
|-supereffective|p2a: Raging Bolt
|-damage|p2a: Raging Bolt|0 fnt
|-unboost|p1a: Raging Bolt|spa|2
|faint|p2a: Raging Bolt
|-end|p2a: Raging Bolt|Protosynthesis|[silent]
|
|-heal|p1a: Raging Bolt|48/100|[from] item: Leftovers
|upkeep
|
|t:|1758368211
|switch|p2a: Great Tusk|Great Tusk|12/100
|turn|33
|
|t:|1758368218
|-end|p1a: Raging Bolt|Protosynthesis|[silent]
|switch|p1a: Kingambit|Kingambit, M|78/100 par
|-damage|p1a: Kingambit|72/100 par|[from] Stealth Rock
|-activate|p1a: Kingambit|ability: Supreme Overlord
|-start|p1a: Kingambit|fallen4|[silent]
|move|p2a: Great Tusk|Headlong Rush|p1a: Kingambit
|-supereffective|p1a: Kingambit
|-damage|p1a: Kingambit|0 fnt
|-unboost|p2a: Great Tusk|def|1
|-unboost|p2a: Great Tusk|spd|1
|faint|p1a: Kingambit
|-end|p1a: Kingambit|fallen4|[silent]
|
|upkeep
|
|t:|1758368220
|switch|p1a: Raging Bolt|Raging Bolt, tera:Fairy|48/100
|-damage|p1a: Raging Bolt|35/100|[from] Stealth Rock
|turn|34
|
|t:|1758368231
|move|p2a: Great Tusk|Headlong Rush|p1a: Raging Bolt
|-damage|p1a: Raging Bolt|0 fnt
|-unboost|p2a: Great Tusk|def|1
|-unboost|p2a: Great Tusk|spd|1
|faint|p1a: Raging Bolt
|-end|p1a: Raging Bolt|Protosynthesis|[silent]
|
|win|Mortifi
|raw|Crocodile E's rating: 1618 &rarr; <strong>1602</strong><br />(-16 for losing)
|raw|Mortifi's rating: 1694 &rarr; <strong>1710</strong><br />(+16 for winning)
|l|☆Crocodile E
|player|p1|
|l|☆Mortifi
|player|p2|
