|j|☆darkprobz
|j|☆Torontotalonflames
|t:|1758323825
|gametype|singles
|player|p1|darkprobz|blackbelt-gen4|1658
|player|p2|Torontotalonflames|cynthia-gen4|1533
|gen|9
|tier|[Gen 9] OU
|rated|
|rule|HP Percentage Mod: HP is shown in percentages
|rule|Endless Battle Clause: Forcing endless battles is banned
|rule|Species Clause: Limit one of each Pokémon
|rule|OHKO Clause: OHKO moves are banned
|rule|Evasion Items Clause: Evasion items are banned
|rule|Evasion Moves Clause: Evasion moves are banned
|rule|Evasion Abilities Clause: Evasion abilities are banned
|rule|Sleep Moves Clause: Sleep-inducing moves are banned
|clearpoke
|poke|p1|Great Tusk|
|poke|p1|Slowking-Galar, M|
|poke|p1|Regigigas|
|poke|p1|Corviknight, F|
|poke|p1|Meowscarada, M|
|poke|p1|Azumarill, F|
|poke|p2|Dragapult, M|
|poke|p2|Serperior, F|
|poke|p2|Moltres|
|poke|p2|Samurott-Hisui, F|
|poke|p2|Iron Treads|
|poke|p2|Garganacl, F|
|teampreview
|inactive|Battle timer is ON: inactive players will automatically lose when time's up. (requested by Torontotalonflames)
|inactive|Torontotalonflames has 120 seconds left.
|
|t:|1758323856
|teamsize|p1|6
|teamsize|p2|6
|start
|switch|p1a: Meowscarada|Meowscarada, M, shiny|100/100
|switch|p2a: Moltres|Moltres|100/100
|turn|1
|
|t:|1758323862
|switch|p1a: Slowking|Slowking-Galar, M|100/100
|move|p2a: Moltres|U-turn|p1a: Slowking
|-damage|p1a: Slowking|87/100
|
|t:|1758323865
|switch|p2a: Samurott|Samurott-Hisui, F|100/100|[from] U-turn
|
|upkeep
|turn|2
|
|t:|1758323876
|switch|p1a: Meowscarada|Meowscarada, M, shiny|100/100
|move|p2a: Samurott|Ceaseless Edge|p1a: Meowscarada
|-resisted|p1a: Meowscarada
|-damage|p1a: Meowscarada|65/100
|-sidestart|p1: darkprobz|Spikes
|
|upkeep
|turn|3
|
|t:|1758323891
|switch|p2a: Moltres|Moltres|100/100
|move|p1a: Meowscarada|Knock Off|p2a: Moltres
|-start|p1a: Meowscarada|typechange|Dark|[from] ability: Protean
|-damage|p2a: Moltres|61/100
|-enditem|p2a: Moltres|Heavy-Duty Boots|[from] move: Knock Off|[of] p1a: Meowscarada
|
|upkeep
|turn|4
|
|t:|1758323898
|switch|p1a: Slowking|Slowking-Galar, M|100/100
|-damage|p1a: Slowking|88/100|[from] Spikes
|move|p2a: Moltres|Roost|p2a: Moltres
|-heal|p2a: Moltres|100/100
|-singleturn|p2a: Moltres|move: Roost
|
|upkeep
|turn|5
|
|t:|1758323901
|move|p2a: Moltres|U-turn|p1a: Slowking
|-damage|p1a: Slowking|74/100
|
|t:|1758323902
|switch|p2a: Iron Treads|Iron Treads|100/100|[from] U-turn
|-prepare|p1a: Slowking|Chilly Reception|[premajor]
|move|p1a: Slowking|Chilly Reception|p1a: Slowking
|-weather|Snowscape
|
|t:|1758323905
|switch|p1a: Great Tusk|Great Tusk|100/100|[from] Chilly Reception
|-damage|p1a: Great Tusk|88/100|[from] Spikes
|
|-weather|Snowscape|[upkeep]
|-heal|p1a: Great Tusk|94/100|[from] item: Leftovers
|upkeep
|turn|6
|
|t:|1758323909
|-end|p2a: Iron Treads|Quark Drive|[silent]
|switch|p2a: Moltres|Moltres|100/100
|move|p1a: Great Tusk|Rapid Spin|p2a: Moltres
|-damage|p2a: Moltres|87/100
|-boost|p1a: Great Tusk|spe|1
|-sideend|p1: darkprobz|Spikes|[from] move: Rapid Spin|[of] p1a: Great Tusk
|
|-weather|Snowscape|[upkeep]
|-heal|p1a: Great Tusk|100/100|[from] item: Leftovers
|upkeep
|turn|7
|
|t:|1758323912
|move|p1a: Great Tusk|Stealth Rock|p2a: Moltres
|-sidestart|p2: Torontotalonflames|move: Stealth Rock
|move|p2a: Moltres|U-turn|p1a: Great Tusk
|-resisted|p1a: Great Tusk
|-damage|p1a: Great Tusk|97/100
|
|t:|1758323917
|switch|p2a: Serperior|Serperior, F|100/100|[from] U-turn
|-damage|p2a: Serperior|88/100|[from] Stealth Rock
|
|-weather|Snowscape|[upkeep]
|-heal|p2a: Serperior|94/100|[from] item: Leftovers
|-heal|p1a: Great Tusk|100/100|[from] item: Leftovers
|upkeep
|turn|8
|
|t:|1758323922
|-end|p1a: Great Tusk|Protosynthesis|[silent]
|switch|p1a: Slowking|Slowking-Galar, M|100/100
|move|p2a: Serperior|Glare|p1a: Slowking
|-status|p1a: Slowking|par
|
|-weather|Snowscape|[upkeep]
|-heal|p2a: Serperior|100/100|[from] item: Leftovers
|upkeep
|turn|9
|
|t:|1758323925
|move|p2a: Serperior|Substitute|p2a: Serperior
|-start|p2a: Serperior|Substitute
|-damage|p2a: Serperior|76/100
|-prepare|p1a: Slowking|Chilly Reception|[premajor]
|move|p1a: Slowking|Chilly Reception|p1a: Slowking
|
|t:|1758323930
|switch|p1a: Meowscarada|Meowscarada, M, shiny|65/100|[from] Chilly Reception
|
|-weather|none
|-heal|p2a: Serperior|82/100|[from] item: Leftovers
|upkeep
|turn|10
|
|t:|1758323934
|move|p1a: Meowscarada|Triple Axel|p2a: Serperior
|-start|p1a: Meowscarada|typechange|Ice|[from] ability: Protean
|-supereffective|p2a: Serperior
|-activate|p2a: Serperior|move: Substitute|[damage]
|-supereffective|p2a: Serperior
|-end|p2a: Serperior|Substitute
|-supereffective|p2a: Serperior
|-damage|p2a: Serperior|26/100
|-hitcount|p2a: Serperior|3
|move|p2a: Serperior|Leech Seed|p1a: Meowscarada
|-start|p1a: Meowscarada|move: Leech Seed
|
|-heal|p2a: Serperior|32/100|[from] item: Leftovers
|-damage|p1a: Meowscarada|53/100|[from] Leech Seed|[of] p2a: Serperior
|-heal|p2a: Serperior|42/100|[silent]
|upkeep
|turn|11
|
|t:|1758323952
|move|p1a: Meowscarada|Triple Axel|p2a: Serperior
|-supereffective|p2a: Serperior
|-damage|p2a: Serperior|22/100
|-supereffective|p2a: Serperior
|-damage|p2a: Serperior|0 fnt
|faint|p2a: Serperior
|-hitcount|p2: Serperior|2
|
|upkeep
|
|t:|1758323958
|switch|p2a: Iron Treads|Iron Treads|100/100
|-damage|p2a: Iron Treads|97/100|[from] Stealth Rock
|turn|12
|
|t:|1758323962
|switch|p1a: Great Tusk|Great Tusk|100/100
|move|p2a: Iron Treads|Rapid Spin|p1a: Great Tusk
|-damage|p1a: Great Tusk|94/100
|-boost|p2a: Iron Treads|spe|1
|-sideend|p2: Torontotalonflames|Stealth Rock|[from] move: Rapid Spin|[of] p2a: Iron Treads
|
|-heal|p1a: Great Tusk|99/100|[from] item: Leftovers
|upkeep
|turn|13
|
|t:|1758323968
|-end|p2a: Iron Treads|Quark Drive|[silent]
|switch|p2a: Dragapult|Dragapult, M|100/100
|move|p1a: Great Tusk|Stealth Rock|p2a: Dragapult
|-sidestart|p2: Torontotalonflames|move: Stealth Rock
|
|-heal|p1a: Great Tusk|100/100|[from] item: Leftovers
|upkeep
|turn|14
|
|t:|1758323979
|-end|p1a: Great Tusk|Protosynthesis|[silent]
|switch|p1a: Slowking|Slowking-Galar, M|100/100 par
|move|p2a: Dragapult|U-turn|p1a: Slowking
|-damage|p1a: Slowking|86/100 par
|
|t:|1758323983
|switch|p2a: Samurott|Samurott-Hisui, F|100/100|[from] U-turn
|-damage|p2a: Samurott|88/100|[from] Stealth Rock
|
|upkeep
|turn|15
|
|t:|1758323988
|switch|p1a: Corviknight|Corviknight, F|100/100
|-ability|p1a: Corviknight|Pressure
|move|p2a: Samurott|Ceaseless Edge|p1a: Corviknight
|-damage|p1a: Corviknight|61/100
|-sidestart|p1: darkprobz|Spikes
|
|-heal|p1a: Corviknight|67/100|[from] item: Leftovers
|upkeep
|turn|16
|
|t:|1758323994
|switch|p2a: Moltres|Moltres|87/100
|-damage|p2a: Moltres|37/100|[from] Stealth Rock
|move|p1a: Corviknight|Roost|p1a: Corviknight
|-heal|p1a: Corviknight|100/100
|-singleturn|p1a: Corviknight|move: Roost
|
|upkeep
|turn|17
|
|t:|1758324000
|move|p2a: Moltres|U-turn|p1a: Corviknight
|-resisted|p1a: Corviknight
|-damage|p1a: Corviknight|98/100
|
|t:|1758324002
|switch|p2a: Iron Treads|Iron Treads|97/100|[from] U-turn
|-damage|p2a: Iron Treads|94/100|[from] Stealth Rock
|move|p1a: Corviknight|U-turn|p2a: Iron Treads
|-resisted|p2a: Iron Treads
|-damage|p2a: Iron Treads|88/100
|
|t:|1758324007
|switch|p1a: Azumarill|Azumarill, F|100/100|[from] U-turn
|-damage|p1a: Azumarill|88/100|[from] Spikes
|
|upkeep
|turn|18
|
|t:|1758324014
|move|p2a: Iron Treads|Rapid Spin|p1a: Azumarill
|-damage|p1a: Azumarill|70/100
|-boost|p2a: Iron Treads|spe|1
|-sideend|p2: Torontotalonflames|Stealth Rock|[from] move: Rapid Spin|[of] p2a: Iron Treads
|move|p1a: Azumarill|Belly Drum|p1a: Azumarill
|-damage|p1a: Azumarill|20/100
|-setboost|p1a: Azumarill|atk|6|[from] move: Belly Drum
|-enditem|p1a: Azumarill|Sitrus Berry|[eat]
|-heal|p1a: Azumarill|45/100|[from] item: Sitrus Berry
|
|upkeep
|turn|19
|
|t:|1758324021
|-end|p2a: Iron Treads|Quark Drive|[silent]
|switch|p2a: Moltres|Moltres|37/100
|move|p1a: Azumarill|Aqua Jet|p2a: Moltres
|-supereffective|p2a: Moltres
|-damage|p2a: Moltres|0 fnt
|-status|p1a: Azumarill|brn|[from] ability: Flame Body|[of] p2a: Moltres
|faint|p2a: Moltres
|
|-damage|p1a: Azumarill|39/100 brn|[from] brn
|upkeep
|
|t:|1758324028
|switch|p2a: Dragapult|Dragapult, M|100/100
|turn|20
|
|t:|1758324031
|move|p1a: Azumarill|Aqua Jet|p2a: Dragapult
|-resisted|p2a: Dragapult
|-damage|p2a: Dragapult|65/100
|move|p2a: Dragapult|Shadow Ball|p1a: Azumarill
|-damage|p1a: Azumarill|0 fnt
|faint|p1a: Azumarill
|
|upkeep
|
|t:|1758324040
|switch|p1a: Regigigas|Regigigas|100/100
|-damage|p1a: Regigigas|88/100|[from] Spikes
|-start|p1a: Regigigas|ability: Slow Start
|turn|21
|
|t:|1758324047
|switch|p2a: Garganacl|Garganacl, F|100/100
|move|p1a: Regigigas|Earth Power|p2a: Garganacl
|-supereffective|p2a: Garganacl
|-damage|p2a: Garganacl|41/100
|
|-heal|p2a: Garganacl|47/100|[from] item: Leftovers
|upkeep
|turn|22
|
|t:|1758324053
|-terastallize|p2a: Garganacl|Water
|move|p1a: Regigigas|Earth Power|p2a: Garganacl
|-crit|p2a: Garganacl
|-damage|p2a: Garganacl|3/100
|move|p2a: Garganacl|Recover|p2a: Garganacl
|-heal|p2a: Garganacl|53/100
|
|-heal|p2a: Garganacl|59/100|[from] item: Leftovers
|upkeep
|turn|23
|
|t:|1758324058
|move|p1a: Regigigas|Earth Power|p2a: Garganacl
|-damage|p2a: Garganacl|32/100
|move|p2a: Garganacl|Recover|p2a: Garganacl
|-heal|p2a: Garganacl|82/100
|
|-heal|p2a: Garganacl|89/100|[from] item: Leftovers
|upkeep
|turn|24
|
|t:|1758324061
|move|p1a: Regigigas|Earth Power|p2a: Garganacl
|-damage|p2a: Garganacl|59/100
|move|p2a: Garganacl|Salt Cure|p1a: Regigigas
|-damage|p1a: Regigigas|78/100
|-start|p1a: Regigigas|Salt Cure
|
|-heal|p2a: Garganacl|65/100|[from] item: Leftovers
|-damage|p1a: Regigigas|65/100|[from] Salt Cure
|upkeep
|turn|25
|
|t:|1758324065
|switch|p1a: Meowscarada|Meowscarada, M, shiny|53/100
|-damage|p1a: Meowscarada|41/100|[from] Spikes
|move|p2a: Garganacl|Stealth Rock|p1a: Meowscarada
|-sidestart|p1: darkprobz|move: Stealth Rock
|
|-heal|p2a: Garganacl|71/100|[from] item: Leftovers
|upkeep
|turn|26
|
|t:|1758324070
|switch|p2a: Dragapult|Dragapult, M|65/100
|move|p1a: Meowscarada|Flower Trick|p2a: Dragapult
|-start|p1a: Meowscarada|typechange|Grass|[from] ability: Protean
|-resisted|p2a: Dragapult
|-crit|p2a: Dragapult
|-damage|p2a: Dragapult|33/100
|
|upkeep
|turn|27
|
|t:|1758324076
|move|p1a: Meowscarada|Flower Trick|p2a: Dragapult
|-resisted|p2a: Dragapult
|-crit|p2a: Dragapult
|-damage|p2a: Dragapult|2/100
|move|p2a: Dragapult|Shadow Ball|p1a: Meowscarada
|-damage|p1a: Meowscarada|0 fnt
|faint|p1a: Meowscarada
|
|upkeep
|
|t:|1758324088
|switch|p1a: Regigigas|Regigigas|65/100
|-damage|p1a: Regigigas|53/100|[from] Spikes
|-damage|p1a: Regigigas|40/100|[from] Stealth Rock
|-start|p1a: Regigigas|ability: Slow Start
|turn|28
|
|t:|1758324094
|switch|p2a: Garganacl|Garganacl, F, tera:Water|71/100
|move|p1a: Regigigas|Tera Blast|p2a: Garganacl
|-damage|p2a: Garganacl|34/100
|
|-heal|p2a: Garganacl|40/100|[from] item: Leftovers
|upkeep
|turn|29
|
|t:|1758324096
|move|p1a: Regigigas|Tera Blast|p2a: Garganacl
|-damage|p2a: Garganacl|4/100
|move|p2a: Garganacl|Recover|p2a: Garganacl
|-heal|p2a: Garganacl|54/100
|
|-heal|p2a: Garganacl|60/100|[from] item: Leftovers
|upkeep
|turn|30
|
|t:|1758324100
|move|p1a: Regigigas|Tera Blast|p2a: Garganacl
|-damage|p2a: Garganacl|22/100
|move|p2a: Garganacl|Recover|p2a: Garganacl
|-heal|p2a: Garganacl|72/100
|
|-heal|p2a: Garganacl|78/100|[from] item: Leftovers
|upkeep
|turn|31
|
|t:|1758324102
|move|p1a: Regigigas|Tera Blast|p2a: Garganacl
|-damage|p2a: Garganacl|38/100
|move|p2a: Garganacl|Salt Cure|p1a: Regigigas
|-damage|p1a: Regigigas|30/100
|-start|p1a: Regigigas|Salt Cure
|
|-heal|p2a: Garganacl|44/100|[from] item: Leftovers
|-damage|p1a: Regigigas|18/100|[from] Salt Cure
|upkeep
|turn|32
|
|t:|1758324105
|move|p1a: Regigigas|Tera Blast|p2a: Garganacl
|-damage|p2a: Garganacl|6/100
|move|p2a: Garganacl|Recover|p2a: Garganacl
|-heal|p2a: Garganacl|56/100
|
|-heal|p2a: Garganacl|63/100|[from] item: Leftovers
|-damage|p1a: Regigigas|5/100|[from] Salt Cure
|-end|p1a: Regigigas|Slow Start
|upkeep
|turn|33
|
|t:|1758324107
|move|p1a: Regigigas|Tera Blast|p2a: Garganacl
|-damage|p2a: Garganacl|28/100
|move|p2a: Garganacl|Recover|p2a: Garganacl
|-heal|p2a: Garganacl|78/100
|
|-heal|p2a: Garganacl|84/100|[from] item: Leftovers
|-damage|p1a: Regigigas|0 fnt|[from] Salt Cure
|faint|p1a: Regigigas
|upkeep
|
|t:|1758324110
|switch|p1a: Great Tusk|Great Tusk|100/100
|-damage|p1a: Great Tusk|88/100|[from] Spikes
|-damage|p1a: Great Tusk|85/100|[from] Stealth Rock
|turn|34
|
|t:|1758324112
|move|p1a: Great Tusk|Stealth Rock|p2a: Garganacl
|-sidestart|p2: Torontotalonflames|move: Stealth Rock
|move|p2a: Garganacl|Curse|p2a: Garganacl
|-unboost|p2a: Garganacl|spe|1
|-boost|p2a: Garganacl|atk|1
|-boost|p2a: Garganacl|def|1
|
|-heal|p1a: Great Tusk|91/100|[from] item: Leftovers
|-heal|p2a: Garganacl|90/100|[from] item: Leftovers
|upkeep
|turn|35
|
|t:|1758324118
|move|p1a: Great Tusk|Rapid Spin|p2a: Garganacl
|-damage|p2a: Garganacl|84/100
|-boost|p1a: Great Tusk|spe|1
|-sideend|p1: darkprobz|Spikes|[from] move: Rapid Spin|[of] p1a: Great Tusk
|-sideend|p1: darkprobz|Stealth Rock|[from] move: Rapid Spin|[of] p1a: Great Tusk
|move|p2a: Garganacl|Curse|p2a: Garganacl
|-unboost|p2a: Garganacl|spe|1
|-boost|p2a: Garganacl|atk|1
|-boost|p2a: Garganacl|def|1
|
|-heal|p1a: Great Tusk|98/100|[from] item: Leftovers
|-heal|p2a: Garganacl|90/100|[from] item: Leftovers
|upkeep
|turn|36
|
|t:|1758324121
|-end|p1a: Great Tusk|Protosynthesis|[silent]
|switch|p1a: Slowking|Slowking-Galar, M|100/100 par
|move|p2a: Garganacl|Salt Cure|p1a: Slowking
|-damage|p1a: Slowking|74/100 par
|-start|p1a: Slowking|Salt Cure
|
|-heal|p2a: Garganacl|97/100|[from] item: Leftovers
|-damage|p1a: Slowking|61/100 par|[from] Salt Cure
|upkeep
|turn|37
|
|t:|1758324123
|move|p2a: Garganacl|Stealth Rock|p1a: Slowking
|-sidestart|p1: darkprobz|move: Stealth Rock
|move|p1a: Slowking|Future Sight|p2a: Garganacl
|-start|p1a: Slowking|move: Future Sight
|
|-heal|p2a: Garganacl|100/100|[from] item: Leftovers
|-damage|p1a: Slowking|49/100 par|[from] Salt Cure
|upkeep
|turn|38
|
|t:|1758324128
|switch|p1a: Great Tusk|Great Tusk|98/100
|-damage|p1a: Great Tusk|95/100|[from] Stealth Rock
|move|p2a: Garganacl|Curse|p2a: Garganacl
|-unboost|p2a: Garganacl|spe|1
|-boost|p2a: Garganacl|atk|1
|-boost|p2a: Garganacl|def|1
|
|-heal|p1a: Great Tusk|100/100|[from] item: Leftovers
|upkeep
|turn|39
|
|t:|1758324132
|move|p1a: Great Tusk|Knock Off|p2a: Garganacl
|-damage|p2a: Garganacl|94/100
|-enditem|p2a: Garganacl|Leftovers|[from] move: Knock Off|[of] p1a: Great Tusk
|move|p2a: Garganacl|Salt Cure|p1a: Great Tusk
|-resisted|p1a: Great Tusk
|-damage|p1a: Great Tusk|96/100
|-start|p1a: Great Tusk|Salt Cure
|
|-end|p2a: Garganacl|move: Future Sight
|-damage|p2a: Garganacl|57/100
|-heal|p1a: Great Tusk|100/100|[from] item: Leftovers
|-damage|p1a: Great Tusk|88/100|[from] Salt Cure
|upkeep
|turn|40
|
|t:|1758324139
|move|p1a: Great Tusk|Rapid Spin|p2a: Garganacl
|-damage|p2a: Garganacl|54/100
|-boost|p1a: Great Tusk|spe|1
|-sideend|p1: darkprobz|Stealth Rock|[from] move: Rapid Spin|[of] p1a: Great Tusk
|move|p2a: Garganacl|Salt Cure|p1a: Great Tusk
|-resisted|p1a: Great Tusk
|-damage|p1a: Great Tusk|84/100
|
|-heal|p1a: Great Tusk|90/100|[from] item: Leftovers
|-damage|p1a: Great Tusk|78/100|[from] Salt Cure
|upkeep
|turn|41
|
|t:|1758324155
|-end|p1a: Great Tusk|Protosynthesis|[silent]
|switch|p1a: Slowking|Slowking-Galar, M|82/100 par
|move|p2a: Garganacl|Stealth Rock|p1a: Slowking
|-sidestart|p1: darkprobz|move: Stealth Rock
|
|upkeep
|turn|42
|
|t:|1758324157
|move|p2a: Garganacl|Salt Cure|p1a: Slowking
|-damage|p1a: Slowking|49/100 par
|-start|p1a: Slowking|Salt Cure
|move|p1a: Slowking|Future Sight|p2a: Garganacl
|-start|p1a: Slowking|move: Future Sight
|
|-damage|p1a: Slowking|36/100 par|[from] Salt Cure
|upkeep
|turn|43
|
|t:|1758324161
|switch|p1a: Great Tusk|Great Tusk|78/100
|-damage|p1a: Great Tusk|75/100|[from] Stealth Rock
|move|p2a: Garganacl|Salt Cure|p1a: Great Tusk
|-resisted|p1a: Great Tusk
|-damage|p1a: Great Tusk|71/100
|-start|p1a: Great Tusk|Salt Cure
|
|-heal|p1a: Great Tusk|77/100|[from] item: Leftovers
|-damage|p1a: Great Tusk|65/100|[from] Salt Cure
|upkeep
|turn|44
|
|t:|1758324165
|move|p1a: Great Tusk|Rapid Spin|p2a: Garganacl
|-damage|p2a: Garganacl|50/100
|-boost|p1a: Great Tusk|spe|1
|-sideend|p1: darkprobz|Stealth Rock|[from] move: Rapid Spin|[of] p1a: Great Tusk
|move|p2a: Garganacl|Curse|p2a: Garganacl
|-unboost|p2a: Garganacl|spe|1
|-boost|p2a: Garganacl|atk|1
|-boost|p2a: Garganacl|def|1
|
|-end|p2a: Garganacl|move: Future Sight
|-damage|p2a: Garganacl|18/100
|-heal|p1a: Great Tusk|71/100|[from] item: Leftovers
|-damage|p1a: Great Tusk|58/100|[from] Salt Cure
|upkeep
|turn|45
|
|t:|1758324170
|-end|p1a: Great Tusk|Protosynthesis|[silent]
|switch|p1a: Slowking|Slowking-Galar, M|70/100 par
|move|p2a: Garganacl|Recover|p2a: Garganacl
|-heal|p2a: Garganacl|68/100
|
|upkeep
|turn|46
|
|t:|1758324174
|cant|p1a: Slowking|par
|move|p2a: Garganacl|Curse|p2a: Garganacl
|-unboost|p2a: Garganacl|spe|1
|-boost|p2a: Garganacl|atk|1
|-boost|p2a: Garganacl|def|1
|
|upkeep
|turn|47
|
|t:|1758324177
|move|p1a: Slowking|Future Sight|p2a: Garganacl
|-start|p1a: Slowking|move: Future Sight
|move|p2a: Garganacl|Salt Cure|p1a: Slowking
|-damage|p1a: Slowking|22/100 par
|-start|p1a: Slowking|Salt Cure
|
|-damage|p1a: Slowking|10/100 par|[from] Salt Cure
|upkeep
|turn|48
|
|t:|1758324195
|switch|p1a: Great Tusk|Great Tusk|58/100
|move|p2a: Garganacl|Salt Cure|p1a: Great Tusk
|-resisted|p1a: Great Tusk
|-damage|p1a: Great Tusk|53/100
|-start|p1a: Great Tusk|Salt Cure
|
|-heal|p1a: Great Tusk|59/100|[from] item: Leftovers
|-damage|p1a: Great Tusk|47/100|[from] Salt Cure
|upkeep
|turn|49
|
|t:|1758324206
|move|p1a: Great Tusk|Earthquake|p2a: Garganacl
|-damage|p2a: Garganacl|60/100
|move|p2a: Garganacl|Salt Cure|p1a: Great Tusk
|-resisted|p1a: Great Tusk
|-damage|p1a: Great Tusk|41/100
|
|-end|p2a: Garganacl|move: Future Sight
|-damage|p2a: Garganacl|28/100
|-heal|p1a: Great Tusk|47/100|[from] item: Leftovers
|-damage|p1a: Great Tusk|35/100|[from] Salt Cure
|upkeep
|turn|50
|
|t:|1758324210
|-end|p1a: Great Tusk|Protosynthesis|[silent]
|switch|p1a: Slowking|Slowking-Galar, M|43/100 par
|move|p2a: Garganacl|Recover|p2a: Garganacl
|-heal|p2a: Garganacl|78/100
|
|upkeep
|turn|51
|
|t:|1758324212
|switch|p1a: Great Tusk|Great Tusk|35/100
|move|p2a: Garganacl|Salt Cure|p1a: Great Tusk
|-resisted|p1a: Great Tusk
|-damage|p1a: Great Tusk|29/100
|-start|p1a: Great Tusk|Salt Cure
|
|-heal|p1a: Great Tusk|35/100|[from] item: Leftovers
|-damage|p1a: Great Tusk|22/100|[from] Salt Cure
|upkeep
|turn|52
|
|t:|1758324225
|move|p1a: Great Tusk|Earthquake|p2a: Garganacl
|-damage|p2a: Garganacl|71/100
|move|p2a: Garganacl|Salt Cure|p1a: Great Tusk
|-resisted|p1a: Great Tusk
|-damage|p1a: Great Tusk|16/100
|
|-heal|p1a: Great Tusk|22/100|[from] item: Leftovers
|-damage|p1a: Great Tusk|10/100|[from] Salt Cure
|upkeep
|turn|53
|
|t:|1758324229
|-end|p1a: Great Tusk|Protosynthesis|[silent]
|switch|p1a: Corviknight|Corviknight, F|98/100
|-ability|p1a: Corviknight|Pressure
|move|p2a: Garganacl|Stealth Rock|p1a: Corviknight
|-sidestart|p1: darkprobz|move: Stealth Rock
|
|-heal|p1a: Corviknight|100/100|[from] item: Leftovers
|upkeep
|turn|54
|
|t:|1758324238
|move|p1a: Corviknight|Brave Bird|p2a: Garganacl
|-damage|p2a: Garganacl|64/100
|-damage|p1a: Corviknight|98/100|[from] Recoil
|move|p2a: Garganacl|Salt Cure|p1a: Corviknight
|-damage|p1a: Corviknight|58/100
|-start|p1a: Corviknight|Salt Cure
|
|-heal|p1a: Corviknight|65/100|[from] item: Leftovers
|-damage|p1a: Corviknight|40/100|[from] Salt Cure
|upkeep
|turn|55
|
|t:|1758324241
|move|p1a: Corviknight|U-turn|p2a: Garganacl
|-damage|p2a: Garganacl|61/100
|
|t:|1758324243
|switch|p1a: Slowking|Slowking-Galar, M|76/100 par|[from] U-turn
|-damage|p1a: Slowking|64/100 par|[from] Stealth Rock
|move|p2a: Garganacl|Salt Cure|p1a: Slowking
|-crit|p1a: Slowking
|-damage|p1a: Slowking|0 fnt
|faint|p1a: Slowking
|
|upkeep
|-message|darkprobz forfeited.
|
|win|Torontotalonflames
|raw|darkprobz's rating: 1658 &rarr; <strong>1631</strong><br />(-27 for losing)
|raw|Torontotalonflames's rating: 1533 &rarr; <strong>1560</strong><br />(+27 for winning)
|l|☆darkprobz
|player|p1|
|l|☆Torontotalonflames
|player|p2|
