|j|☆ccdesir
|j|☆testytestest
|t:|1758341146
|gametype|singles
|player|p1|ccdesir|cynthia|1210
|player|p2|testytestest|102|1151
|gen|9
|tier|[Gen 9] OU
|rated|
|rule|HP Percentage Mod: HP is shown in percentages
|rule|Endless Battle Clause: Forcing endless battles is banned
|rule|Species Clause: Limit one of each Pokémon
|rule|OHKO Clause: OHKO moves are banned
|rule|Evasion Items Clause: Evasion items are banned
|rule|Evasion Moves Clause: Evasion moves are banned
|rule|Evasion Abilities Clause: Evasion abilities are banned
|rule|Sleep Moves Clause: Sleep-inducing moves are banned
|clearpoke
|poke|p1|Tyranitar, F|
|poke|p1|Gholdengo|
|poke|p1|Zamazenta-*|
|poke|p1|Rillaboom, M|
|poke|p1|Garchomp, F|
|poke|p1|Zapdos|
|poke|p2|Hydrapple, F|
|poke|p2|Clodsire, M|
|poke|p2|Excadrill, M|
|poke|p2|Garchomp, M|
|poke|p2|Slowking, F|
|poke|p2|Slither Wing|
|teampreview
|c|☆testytestest|Hf
|c|☆testytestest|Why are there so many legendary spammers in this tier?
|c|☆testytestest|People are so unoriginal
|
|t:|1758341177
|teamsize|p1|6
|teamsize|p2|6
|start
|switch|p1a: Zapdos|Zapdos|100/100
|switch|p2a: Slowking|Slowking, F|100/100
|turn|1
|
|t:|1758341186
|switch|p2a: Clodsire|Clodsire, M|100/100
|move|p1a: Zapdos|Volt Switch|p2a: Clodsire
|-immune|p2a: Clodsire
|
|upkeep
|turn|2
|
|t:|1758341204
|switch|p1a: Gholdengo|Gholdengo|100/100
|-item|p1a: Gholdengo|Air Balloon
|move|p2a: Clodsire|Toxic|p1a: Gholdengo
|-immune|p1a: Gholdengo|[from] ability: Good as Gold
|
|upkeep
|turn|3
|
|t:|1758341240
|switch|p2a: Hydrapple|Hydrapple, F, shiny|100/100
|move|p1a: Gholdengo|Make It Rain|p2a: Hydrapple
|-damage|p2a: Hydrapple|47/100
|-unboost|p1a: Gholdengo|spa|1
|
|upkeep
|turn|4
|
|t:|1758341249
|switch|p2a: Slowking|Slowking, F|100/100
|-terastallize|p1a: Gholdengo|Fairy
|move|p1a: Gholdengo|Dazzling Gleam|p2a: Slowking
|-damage|p2a: Slowking|81/100
|
|upkeep
|turn|5
|
|t:|1758341257
|move|p1a: Gholdengo|Hex|p2a: Slowking
|-supereffective|p2a: Slowking
|-damage|p2a: Slowking|53/100
|move|p2a: Slowking|Thunder Wave|p1a: Gholdengo
|-immune|p1a: Gholdengo|[from] ability: Good as Gold
|
|upkeep
|turn|6
|
|t:|1758341310
|switch|p1a: Rillaboom|Rillaboom, M|100/100
|-fieldstart|move: Grassy Terrain|[from] ability: Grassy Surge|[of] p1a: Rillaboom
|-prepare|p2a: Slowking|Chilly Reception|[premajor]
|move|p2a: Slowking|Chilly Reception|p2a: Slowking
|-weather|Snowscape
|
|t:|1758341322
|switch|p2a: Garchomp|Garchomp, M, shiny|100/100|[from] Chilly Reception
|
|-weather|Snowscape|[upkeep]
|upkeep
|turn|7
|
|t:|1758341327
|move|p1a: Rillaboom|Knock Off|p2a: Garchomp
|-crit|p2a: Garchomp
|-damage|p2a: Garchomp|67/100
|-damage|p1a: Rillaboom|88/100|[from] ability: Rough Skin|[of] p2a: Garchomp
|-damage|p1a: Rillaboom|72/100|[from] item: Rocky Helmet|[of] p2a: Garchomp
|-enditem|p2a: Garchomp|Rocky Helmet|[from] move: Knock Off|[of] p1a: Rillaboom
|move|p2a: Garchomp|Stealth Rock|p1a: Rillaboom
|-sidestart|p1: ccdesir|move: Stealth Rock
|
|-weather|Snowscape|[upkeep]
|-heal|p1a: Rillaboom|78/100|[from] Grassy Terrain
|-heal|p2a: Garchomp|73/100|[from] Grassy Terrain
|upkeep
|turn|8
|
|t:|1758341337
|move|p1a: Rillaboom|Wood Hammer|p2a: Garchomp
|-damage|p2a: Garchomp|21/100
|-damage|p1a: Rillaboom|65/100|[from] ability: Rough Skin|[of] p2a: Garchomp
|-damage|p1a: Rillaboom|44/100|[from] Recoil
|move|p2a: Garchomp|Spikes|p1a: Rillaboom
|-sidestart|p1: ccdesir|Spikes
|
|-weather|Snowscape|[upkeep]
|-heal|p1a: Rillaboom|50/100|[from] Grassy Terrain
|-heal|p2a: Garchomp|27/100|[from] Grassy Terrain
|upkeep
|turn|9
|
|t:|1758341357
|switch|p2a: Hydrapple|Hydrapple, F, shiny|80/100
|move|p1a: Rillaboom|Grassy Glide|p2a: Hydrapple
|-resisted|p2a: Hydrapple
|-damage|p2a: Hydrapple|74/100
|
|-weather|Snowscape|[upkeep]
|-heal|p1a: Rillaboom|56/100|[from] Grassy Terrain
|-heal|p2a: Hydrapple|80/100|[from] Grassy Terrain
|upkeep
|turn|10
|
|t:|1758341367
|move|p1a: Rillaboom|Knock Off|p2a: Hydrapple
|-damage|p2a: Hydrapple|60/100
|-enditem|p2a: Hydrapple|Heavy-Duty Boots|[from] move: Knock Off|[of] p1a: Rillaboom
|move|p2a: Hydrapple|Fickle Beam|p1a: Rillaboom
|-damage|p1a: Rillaboom|12/100
|
|-weather|none
|-heal|p1a: Rillaboom|19/100|[from] Grassy Terrain
|-heal|p2a: Hydrapple|66/100|[from] Grassy Terrain
|-fieldend|move: Grassy Terrain
|upkeep
|turn|11
|
|t:|1758341377
|move|p1a: Rillaboom|U-turn|p2a: Hydrapple
|-supereffective|p2a: Hydrapple
|-crit|p2a: Hydrapple
|-damage|p2a: Hydrapple|19/100
|
|t:|1758341381
|switch|p1a: Garchomp|Garchomp, F|100/100|[from] U-turn
|-damage|p1a: Garchomp|94/100|[from] Stealth Rock
|-damage|p1a: Garchomp|82/100|[from] Spikes
|move|p2a: Hydrapple|Fickle Beam|p1a: Garchomp|[anim] Fickle Beam All Out
|-activate|p2a: Hydrapple|move: Fickle Beam
|-supereffective|p1a: Garchomp
|-damage|p1a: Garchomp|0 fnt
|faint|p1a: Garchomp
|
|upkeep
|
|t:|1758341393
|switch|p1a: Gholdengo|Gholdengo, tera:Fairy|100/100
|-damage|p1a: Gholdengo|88/100|[from] Stealth Rock
|-item|p1a: Gholdengo|Air Balloon
|turn|12
|
|t:|1758341403
|switch|p2a: Slowking|Slowking, F|86/100
|move|p1a: Gholdengo|Make It Rain|p2a: Slowking
|-resisted|p2a: Slowking
|-damage|p2a: Slowking|65/100
|-unboost|p1a: Gholdengo|spa|1
|
|upkeep
|turn|13
|
|t:|1758341417
|move|p1a: Gholdengo|Hex|p2a: Slowking
|-supereffective|p2a: Slowking
|-damage|p2a: Slowking|34/100
|move|p2a: Slowking|Future Sight|p1a: Gholdengo
|-start|p2a: Slowking|move: Future Sight
|
|upkeep
|turn|14
|
|t:|1758341434
|switch|p2a: Hydrapple|Hydrapple, F, shiny|53/100
|move|p1a: Gholdengo|Hex|p2a: Hydrapple
|-damage|p2a: Hydrapple|34/100
|
|upkeep
|turn|15
|
|t:|1758341450
|switch|p2a: Slowking|Slowking, F|68/100
|move|p1a: Gholdengo|Dazzling Gleam|p2a: Slowking
|-damage|p2a: Slowking|48/100
|
|-end|p1a: Gholdengo|move: Future Sight
|-damage|p1a: Gholdengo|46/100
|-enditem|p1a: Gholdengo|Air Balloon
|upkeep
|turn|16
|
|t:|1758341465
|move|p1a: Gholdengo|Recover|p1a: Gholdengo
|-heal|p1a: Gholdengo|97/100
|move|p2a: Slowking|Scald|p1a: Gholdengo
|-damage|p1a: Gholdengo|68/100
|-status|p1a: Gholdengo|brn
|
|-damage|p1a: Gholdengo|62/100 brn|[from] brn
|upkeep
|turn|17
|
|t:|1758341515
|switch|p2a: Excadrill|Excadrill, M, shiny|100/100
|move|p1a: Gholdengo|Hex|p2a: Excadrill
|-damage|p2a: Excadrill|75/100
|
|-heal|p2a: Excadrill|81/100|[from] item: Leftovers
|-damage|p1a: Gholdengo|56/100 brn|[from] brn
|upkeep
|turn|18
|
|t:|1758341526
|switch|p1a: Zapdos|Zapdos|100/100
|move|p2a: Excadrill|Swords Dance|p2a: Excadrill
|-boost|p2a: Excadrill|atk|2
|
|-heal|p2a: Excadrill|87/100|[from] item: Leftovers
|upkeep
|turn|19
|
|t:|1758341536
|move|p1a: Zapdos|Heat Wave|p2a: Excadrill
|-supereffective|p2a: Excadrill
|-damage|p2a: Excadrill|12/100
|move|p2a: Excadrill|Rapid Spin|p1a: Zapdos
|-damage|p1a: Zapdos|52/100
|-boost|p2a: Excadrill|spe|1
|
|-heal|p2a: Excadrill|18/100|[from] item: Leftovers
|upkeep
|turn|20
|
|t:|1758341545
|move|p2a: Excadrill|Iron Head|p1a: Zapdos
|-resisted|p1a: Zapdos
|-damage|p1a: Zapdos|0 fnt
|faint|p1a: Zapdos
|
|-heal|p2a: Excadrill|24/100|[from] item: Leftovers
|upkeep
|
|t:|1758341552
|switch|p1a: Rillaboom|Rillaboom, M|19/100
|-fieldstart|move: Grassy Terrain|[from] ability: Grassy Surge|[of] p1a: Rillaboom
|turn|21
|
|t:|1758341564
|switch|p2a: Garchomp|Garchomp, M, shiny|27/100
|move|p1a: Rillaboom|Grassy Glide|p2a: Garchomp
|-damage|p2a: Garchomp|3/100
|-damage|p1a: Rillaboom|6/100|[from] ability: Rough Skin|[of] p2a: Garchomp
|
|-heal|p1a: Rillaboom|12/100|[from] Grassy Terrain
|-heal|p2a: Garchomp|9/100|[from] Grassy Terrain
|upkeep
|turn|22
|
|t:|1758341574
|move|p1a: Rillaboom|Grassy Glide|p2a: Garchomp
|-damage|p2a: Garchomp|0 fnt
|-damage|p1a: Rillaboom|0 fnt|[from] ability: Rough Skin|[of] p2a: Garchomp
|faint|p2a: Garchomp
|faint|p1a: Rillaboom
|
|upkeep
|
|t:|1758341585
|switch|p1a: Tyranitar|Tyranitar, F|100/100
|switch|p2a: Slowking|Slowking, F|81/100
|-weather|Sandstorm|[from] ability: Sand Stream|[of] p1a: Tyranitar
|turn|23
|
|t:|1758341601
|switch|p2a: Slither Wing|Slither Wing|100/100
|move|p1a: Tyranitar|Knock Off|p2a: Slither Wing
|-resisted|p2a: Slither Wing
|-damage|p2a: Slither Wing|70/100
|-enditem|p2a: Slither Wing|Assault Vest|[from] move: Knock Off|[of] p1a: Tyranitar
|
|-weather|Sandstorm|[upkeep]
|-damage|p2a: Slither Wing|64/100|[from] Sandstorm
|-heal|p2a: Slither Wing|70/100|[from] Grassy Terrain
|upkeep
|turn|24
|
|t:|1758341611
|move|p2a: Slither Wing|U-turn|p1a: Tyranitar
|-supereffective|p1a: Tyranitar
|-damage|p1a: Tyranitar|27/100
|
|t:|1758341621
|-end|p2a: Slither Wing|Protosynthesis|[silent]
|switch|p2a: Excadrill|Excadrill, M, shiny|24/100|[from] U-turn
|move|p1a: Tyranitar|Stone Edge|p2a: Excadrill
|-resisted|p2a: Excadrill
|-damage|p2a: Excadrill|6/100
|
|-weather|Sandstorm|[upkeep]
|-heal|p2a: Excadrill|12/100|[from] Grassy Terrain
|-heal|p2a: Excadrill|18/100|[from] item: Leftovers
|-heal|p1a: Tyranitar|33/100|[from] Grassy Terrain
|upkeep
|turn|25
|
|t:|1758341636
|move|p2a: Excadrill|Iron Head|p1a: Tyranitar
|-supereffective|p1a: Tyranitar
|-damage|p1a: Tyranitar|0 fnt
|faint|p1a: Tyranitar
|
|-weather|Sandstorm|[upkeep]
|-heal|p2a: Excadrill|24/100|[from] Grassy Terrain
|-heal|p2a: Excadrill|30/100|[from] item: Leftovers
|-fieldend|move: Grassy Terrain
|upkeep
|
|t:|1758341649
|switch|p1a: Gholdengo|Gholdengo, tera:Fairy|56/100 brn
|-damage|p1a: Gholdengo|44/100 brn|[from] Stealth Rock
|-damage|p1a: Gholdengo|31/100 brn|[from] Spikes
|turn|26
|
|t:|1758341654
|move|p2a: Excadrill|Iron Head|p1a: Gholdengo
|-supereffective|p1a: Gholdengo
|-damage|p1a: Gholdengo|0 fnt
|faint|p1a: Gholdengo
|
|-weather|Sandstorm|[upkeep]
|-heal|p2a: Excadrill|37/100|[from] item: Leftovers
|upkeep
|-message|ccdesir forfeited.
|
|win|testytestest
|raw|ccdesir's rating: 1210 &rarr; <strong>1181</strong><br />(-29 for losing)
|raw|testytestest's rating: 1151 &rarr; <strong>1180</strong><br />(+29 for winning)
|l|☆ccdesir
|player|p1|
|c|☆testytestest|Gg
|l|☆testytestest
|player|p2|
