|j|☆xa2n
|j|☆owouriqwq
|t:|1758266808
|gametype|singles
|player|p1|xa2n|will|1378
|player|p2|owouriqwq|rosa|1267
|gen|9
|tier|[Gen 9] OU
|rated|
|rule|HP Percentage Mod: HP is shown in percentages
|rule|Endless Battle Clause: Forcing endless battles is banned
|rule|Species Clause: Limit one of each Pokémon
|rule|OHKO Clause: OHKO moves are banned
|rule|Evasion Items Clause: Evasion items are banned
|rule|Evasion Moves Clause: Evasion moves are banned
|rule|Evasion Abilities Clause: Evasion abilities are banned
|rule|Sleep Moves Clause: Sleep-inducing moves are banned
|clearpoke
|poke|p1|Ceruledge, M|
|poke|p1|Pecharunt|
|poke|p1|Darkrai|
|poke|p1|Zamazenta-*|
|poke|p1|Kingambit, F|
|poke|p1|Ting-Lu|
|poke|p2|Gliscor, F|
|poke|p2|Garganacl, F|
|poke|p2|Alomomola, M|
|poke|p2|Ting-Lu|
|poke|p2|Dondozo, F|
|poke|p2|Clodsire, M|
|teampreview
|inactive|Battle timer is ON: inactive players will automatically lose when time's up. (requested by owouriqwq)
|inactive|xa2n has 120 seconds left.
|
|t:|1758266840
|teamsize|p1|6
|teamsize|p2|6
|start
|switch|p1a: Pecharunt|Pecharunt|100/100
|switch|p2a: Garganacl|Garganacl, F|100/100
|turn|1
|
|t:|1758266849
|move|p1a: Pecharunt|Parting Shot|p2a: Garganacl
|-unboost|p2a: Garganacl|atk|1
|-unboost|p2a: Garganacl|spa|1
|
|t:|1758266852
|switch|p1a: Ting-Lu|Ting-Lu|100/100|[from] Parting Shot
|-ability|p1a: Ting-Lu|Vessel of Ruin
|move|p2a: Garganacl|Salt Cure|p1a: Ting-Lu
|-resisted|p1a: Ting-Lu
|-damage|p1a: Ting-Lu|98/100
|-start|p1a: Ting-Lu|Salt Cure
|
|-damage|p1a: Ting-Lu|86/100|[from] Salt Cure
|upkeep
|turn|2
|
|t:|1758266864
|-terastallize|p2a: Garganacl|Ghost
|move|p1a: Ting-Lu|Stealth Rock|p2a: Garganacl
|-sidestart|p2: owouriqwq|move: Stealth Rock
|move|p2a: Garganacl|Iron Defense|p2a: Garganacl
|-boost|p2a: Garganacl|def|2
|
|-damage|p1a: Ting-Lu|73/100|[from] Salt Cure
|upkeep
|turn|3
|
|t:|1758266873
|move|p2a: Garganacl|Body Press|p1a: Ting-Lu
|-supereffective|p1a: Ting-Lu
|-damage|p1a: Ting-Lu|25/100
|-damage|p2a: Garganacl|84/100|[from] item: Rocky Helmet|[of] p1a: Ting-Lu
|move|p1a: Ting-Lu|Whirlwind|p2a: Garganacl
|drag|p2a: Ting-Lu|Ting-Lu|100/100
|-ability|p2a: Ting-Lu|Vessel of Ruin
|
|-damage|p1a: Ting-Lu|13/100|[from] Salt Cure
|upkeep
|turn|4
|
|t:|1758266888
|move|p1a: Ting-Lu|Ruination|p2a: Ting-Lu|[miss]
|-miss|p1a: Ting-Lu|p2a: Ting-Lu
|move|p2a: Ting-Lu|Ruination|p1a: Ting-Lu
|-damage|p1a: Ting-Lu|7/100
|
|-damage|p1a: Ting-Lu|0 fnt|[from] Salt Cure
|faint|p1a: Ting-Lu
|upkeep
|
|t:|1758266907
|switch|p1a: Pecharunt|Pecharunt|100/100
|turn|5
|
|t:|1758266913
|move|p1a: Pecharunt|Malignant Chain|p2a: Ting-Lu
|-resisted|p2a: Ting-Lu
|-damage|p2a: Ting-Lu|93/100
|-status|p2a: Ting-Lu|tox
|-start|p2a: Ting-Lu|confusion|[from] ability: Poison Puppeteer|[of] p1a: Pecharunt
|-activate|p2a: Ting-Lu|confusion
|move|p2a: Ting-Lu|Ruination|p1a: Pecharunt
|-damage|p1a: Pecharunt|50/100
|
|-damage|p2a: Ting-Lu|87/100 tox|[from] psn
|upkeep
|turn|6
|
|t:|1758266936
|switch|p2a: life|Gliscor, F|100/100
|-damage|p2a: life|88/100|[from] Stealth Rock
|move|p1a: Pecharunt|Recover|p1a: Pecharunt
|-heal|p1a: Pecharunt|100/100
|
|-status|p2a: life|tox|[from] item: Toxic Orb
|upkeep
|turn|7
|
|t:|1758266947
|move|p2a: life|Protect|p2a: life
|-singleturn|p2a: life|Protect
|move|p1a: Pecharunt|Parting Shot|p2a: life
|-activate|p2a: life|move: Protect
|
|-heal|p2a: life|100/100 tox|[from] ability: Poison Heal
|upkeep
|turn|8
|
|t:|1758266956
|move|p1a: Pecharunt|Parting Shot|p2a: life
|-unboost|p2a: life|atk|1
|-unboost|p2a: life|spa|1
|
|t:|1758266959
|switch|p1a: Kingambit|Kingambit, F|100/100|[from] Parting Shot
|-activate|p1a: Kingambit|ability: Supreme Overlord
|-start|p1a: Kingambit|fallen1|[silent]
|move|p2a: life|Spikes|p1a: Kingambit
|-sidestart|p1: xa2n|Spikes
|
|upkeep
|turn|9
|
|t:|1758266969
|move|p2a: life|Knock Off|p1a: Kingambit
|-resisted|p1a: Kingambit
|-damage|p1a: Kingambit|95/100
|-enditem|p1a: Kingambit|Black Glasses|[from] move: Knock Off|[of] p2a: life
|move|p1a: Kingambit|Swords Dance|p1a: Kingambit
|-boost|p1a: Kingambit|atk|2
|
|upkeep
|turn|10
|
|t:|1758266977
|switch|p2a: Dondozo|Dondozo, F|100/100
|-damage|p2a: Dondozo|88/100|[from] Stealth Rock
|move|p1a: Kingambit|Kowtow Cleave|p2a: Dondozo
|-damage|p2a: Dondozo|58/100
|
|-heal|p2a: Dondozo|64/100|[from] item: Leftovers
|upkeep
|turn|11
|
|t:|1758266988
|move|p1a: Kingambit|Kowtow Cleave|p2a: Dondozo
|-damage|p2a: Dondozo|31/100
|move|p2a: Dondozo|Curse|p2a: Dondozo
|-unboost|p2a: Dondozo|spe|1
|-boost|p2a: Dondozo|atk|1
|-boost|p2a: Dondozo|def|1
|
|-heal|p2a: Dondozo|37/100|[from] item: Leftovers
|upkeep
|turn|12
|
|t:|1758266998
|-end|p1a: Kingambit|fallen1|[silent]
|switch|p1a: Pecharunt|Pecharunt|100/100
|move|p2a: Dondozo|Rest|p2a: Dondozo
|-status|p2a: Dondozo|slp|[from] move: Rest
|-heal|p2a: Dondozo|100/100 slp|[silent]
|
|upkeep
|turn|13
|
|t:|1758267006
|move|p1a: Pecharunt|Shadow Ball|p2a: Dondozo
|-damage|p2a: Dondozo|81/100 slp
|-unboost|p2a: Dondozo|spd|1
|cant|p2a: Dondozo|slp
|move|p2a: Dondozo|Sleep Talk|p2a: Dondozo
|move|p2a: Dondozo|Curse|p2a: Dondozo|[from] move: Sleep Talk
|-unboost|p2a: Dondozo|spe|1
|-boost|p2a: Dondozo|atk|1
|-boost|p2a: Dondozo|def|1
|
|-heal|p2a: Dondozo|88/100 slp|[from] item: Leftovers
|upkeep
|turn|14
|
|t:|1758267020
|move|p1a: Pecharunt|Shadow Ball|p2a: Dondozo
|-damage|p2a: Dondozo|64/100 slp
|cant|p2a: Dondozo|slp
|move|p2a: Dondozo|Sleep Talk|p2a: Dondozo
|move|p2a: Dondozo|Curse|p2a: Dondozo|[from] move: Sleep Talk
|-unboost|p2a: Dondozo|spe|1
|-boost|p2a: Dondozo|atk|1
|-boost|p2a: Dondozo|def|1
|
|-heal|p2a: Dondozo|70/100 slp|[from] item: Leftovers
|upkeep
|turn|15
|
|t:|1758267033
|move|p1a: Pecharunt|Shadow Ball|p2a: Dondozo
|-damage|p2a: Dondozo|44/100 slp
|-curestatus|p2a: Dondozo|slp|[msg]
|move|p2a: Dondozo|Liquidation|p1a: Pecharunt
|-damage|p1a: Pecharunt|69/100
|
|-heal|p2a: Dondozo|50/100|[from] item: Leftovers
|upkeep
|turn|16
|
|t:|1758267043
|move|p1a: Pecharunt|Malignant Chain|p2a: Dondozo
|-damage|p2a: Dondozo|14/100
|-status|p2a: Dondozo|tox
|-start|p2a: Dondozo|confusion|[from] ability: Poison Puppeteer|[of] p1a: Pecharunt
|-activate|p2a: Dondozo|confusion
|-damage|p2a: Dondozo|9/100 tox|[from] confusion
|
|-heal|p2a: Dondozo|15/100 tox|[from] item: Leftovers
|-damage|p2a: Dondozo|9/100 tox|[from] psn
|upkeep
|turn|17
|
|t:|1758267065
|switch|p2a: life|Gliscor, F|100/100 tox
|-damage|p2a: life|88/100 tox|[from] Stealth Rock
|move|p1a: Pecharunt|Shadow Ball|p2a: life
|-damage|p2a: life|69/100 tox
|
|-heal|p2a: life|82/100 tox|[from] ability: Poison Heal
|upkeep
|turn|18
|
|t:|1758267075
|move|p2a: life|Protect|p2a: life
|-singleturn|p2a: life|Protect
|move|p1a: Pecharunt|Shadow Ball|p2a: life
|-activate|p2a: life|move: Protect
|
|-heal|p2a: life|94/100 tox|[from] ability: Poison Heal
|upkeep
|turn|19
|
|t:|1758267085
|move|p1a: Pecharunt|Shadow Ball|p2a: life
|-damage|p2a: life|73/100 tox
|-unboost|p2a: life|spd|1
|move|p2a: life|Spikes|p1a: Pecharunt
|-sidestart|p1: xa2n|Spikes
|
|-heal|p2a: life|85/100 tox|[from] ability: Poison Heal
|upkeep
|turn|20
|
|t:|1758267094
|move|p2a: life|Protect|p2a: life
|-singleturn|p2a: life|Protect
|move|p1a: Pecharunt|Recover|p1a: Pecharunt
|-heal|p1a: Pecharunt|100/100
|
|-heal|p2a: life|97/100 tox|[from] ability: Poison Heal
|upkeep
|turn|21
|
|t:|1758267102
|move|p1a: Pecharunt|Shadow Ball|p2a: life
|-damage|p2a: life|66/100 tox
|move|p2a: life|Spikes|p1a: Pecharunt
|-sidestart|p1: xa2n|Spikes
|
|-heal|p2a: life|78/100 tox|[from] ability: Poison Heal
|upkeep
|turn|22
|
|t:|1758267111
|switch|p1a: Darkrai|Darkrai|100/100
|move|p2a: life|Protect||[still]
|-fail|p2a: life
|
|-heal|p2a: life|91/100 tox|[from] ability: Poison Heal
|upkeep
|turn|23
|
|t:|1758267120
|switch|p2a: Alomomola|Alomomola, M|100/100
|-damage|p2a: Alomomola|88/100|[from] Stealth Rock
|move|p1a: Darkrai|Dark Pulse|p2a: Alomomola
|-damage|p2a: Alomomola|54/100
|
|upkeep
|turn|24
|
|t:|1758267137
|move|p1a: Darkrai|Nasty Plot|p1a: Darkrai
|-boost|p1a: Darkrai|spa|2
|move|p2a: Alomomola|Wish|p2a: Alomomola
|
|upkeep
|turn|25
|
|t:|1758267147
|switch|p2a: Clodsire|Clodsire, M|100/100
|-damage|p2a: Clodsire|94/100|[from] Stealth Rock
|move|p1a: Darkrai|Nasty Plot|p1a: Darkrai
|-boost|p1a: Darkrai|spa|2
|
|-heal|p2a: Clodsire|100/100|[from] move: Wish|[wisher] Alomomola
|upkeep
|turn|26
|
|t:|1758267158
|move|p1a: Darkrai|Dark Pulse|p2a: Clodsire
|-damage|p2a: Clodsire|73/100
|move|p2a: Clodsire|Toxic|p1a: Darkrai
|-status|p1a: Darkrai|tox
|
|-heal|p2a: Clodsire|79/100|[from] item: Black Sludge
|-damage|p1a: Darkrai|94/100 tox|[from] psn
|upkeep
|turn|27
|
|t:|1758267170
|move|p2a: Clodsire|Protect|p2a: Clodsire
|-singleturn|p2a: Clodsire|Protect
|move|p1a: Darkrai|Dark Pulse|p2a: Clodsire
|-activate|p2a: Clodsire|move: Protect
|
|-heal|p2a: Clodsire|86/100|[from] item: Black Sludge
|-damage|p1a: Darkrai|82/100 tox|[from] psn
|upkeep
|turn|28
|
|t:|1758267180
|switch|p1a: Pecharunt|Pecharunt|100/100
|move|p2a: Clodsire|Recover|p2a: Clodsire
|-heal|p2a: Clodsire|100/100
|
|upkeep
|turn|29
|
|t:|1758267187
|move|p1a: Pecharunt|Shadow Ball|p2a: Clodsire
|-damage|p2a: Clodsire|83/100
|-unboost|p2a: Clodsire|spd|1
|move|p2a: Clodsire|Earthquake|p1a: Pecharunt
|-supereffective|p1a: Pecharunt
|-damage|p1a: Pecharunt|72/100
|
|-heal|p2a: Clodsire|90/100|[from] item: Black Sludge
|upkeep
|turn|30
|
|t:|1758267198
|move|p2a: Clodsire|Protect|p2a: Clodsire
|-singleturn|p2a: Clodsire|Protect
|move|p1a: Pecharunt|Shadow Ball|p2a: Clodsire
|-activate|p2a: Clodsire|move: Protect
|
|-heal|p2a: Clodsire|96/100|[from] item: Black Sludge
|upkeep
|turn|31
|
|t:|1758267207
|switch|p2a: Alomomola|Alomomola, M|88/100
|-damage|p2a: Alomomola|75/100|[from] Stealth Rock
|move|p1a: Pecharunt|Shadow Ball|p2a: Alomomola
|-damage|p2a: Alomomola|58/100
|
|upkeep
|turn|32
|
|t:|1758267215
|move|p1a: Pecharunt|Malignant Chain|p2a: Alomomola
|-damage|p2a: Alomomola|36/100
|-status|p2a: Alomomola|tox
|-start|p2a: Alomomola|confusion|[from] ability: Poison Puppeteer|[of] p1a: Pecharunt
|-activate|p2a: Alomomola|confusion
|move|p2a: Alomomola|Wish|p2a: Alomomola
|
|-damage|p2a: Alomomola|30/100 tox|[from] psn
|upkeep
|turn|33
|
|t:|1758267231
|switch|p2a: Ting-Lu|Ting-Lu|87/100 tox
|-ability|p2a: Ting-Lu|Vessel of Ruin
|move|p1a: Pecharunt|Shadow Ball|p2a: Ting-Lu
|-resisted|p2a: Ting-Lu
|-damage|p2a: Ting-Lu|81/100 tox
|
|-heal|p2a: Ting-Lu|100/100 tox|[from] move: Wish|[wisher] Alomomola
|-damage|p2a: Ting-Lu|94/100 tox|[from] psn
|upkeep
|turn|34
|
|t:|1758267243
|move|p1a: Pecharunt|Recover|p1a: Pecharunt
|-heal|p1a: Pecharunt|100/100
|move|p2a: Ting-Lu|Whirlwind|p1a: Pecharunt
|drag|p1a: Darkrai|Darkrai|82/100 tox
|
|-damage|p1a: Darkrai|76/100 tox|[from] psn
|-damage|p2a: Ting-Lu|82/100 tox|[from] psn
|upkeep
|turn|35
|
|t:|1758267254
|move|p1a: Darkrai|Focus Blast|p2a: Ting-Lu
|-supereffective|p2a: Ting-Lu
|-damage|p2a: Ting-Lu|38/100 tox
|move|p2a: Ting-Lu|Ruination|p1a: Darkrai
|-damage|p1a: Darkrai|39/100 tox
|
|-damage|p1a: Darkrai|26/100 tox|[from] psn
|-damage|p2a: Ting-Lu|20/100 tox|[from] psn
|upkeep
|turn|36
|
|t:|1758267282
|switch|p1a: Pecharunt|Pecharunt|100/100
|switch|p2a: life|Gliscor, F|91/100 tox
|-damage|p2a: life|78/100 tox|[from] Stealth Rock
|
|-heal|p2a: life|91/100 tox|[from] ability: Poison Heal
|upkeep
|turn|37
|inactive|xa2n has 120 seconds left.
|
|t:|1758267307
|switch|p1a: Darkrai|Darkrai|26/100 tox
|move|p2a: life|Protect||[still]
|-fail|p2a: life
|
|-damage|p1a: Darkrai|20/100 tox|[from] psn
|-heal|p2a: life|100/100 tox|[from] ability: Poison Heal
|upkeep
|turn|38
|
|t:|1758267317
|move|p2a: life|Protect|p2a: life
|-singleturn|p2a: life|Protect
|move|p1a: Darkrai|Dark Pulse|p2a: life
|-activate|p2a: life|move: Protect
|
|-damage|p1a: Darkrai|8/100 tox|[from] psn
|upkeep
|turn|39
|
|t:|1758267334
|move|p1a: Darkrai|Dark Pulse|p2a: life
|-damage|p2a: life|62/100 tox
|move|p2a: life|Knock Off|p1a: Darkrai
|-resisted|p1a: Darkrai
|-damage|p1a: Darkrai|0 fnt
|-enditem|p1a: Darkrai|Heavy-Duty Boots|[from] move: Knock Off|[of] p2a: life
|faint|p1a: Darkrai
|
|-heal|p2a: life|75/100 tox|[from] ability: Poison Heal
|upkeep
|inactive|xa2n has 120 seconds left.
|inactive|xa2n has 90 seconds left.
|
|t:|1758267381
|switch|p1a: Ceruledge|Ceruledge, M|100/100
|turn|40
|
|t:|1758267390
|move|p1a: Ceruledge|Swords Dance|p1a: Ceruledge
|-boost|p1a: Ceruledge|atk|2
|move|p2a: life|Knock Off|p1a: Ceruledge
|-supereffective|p1a: Ceruledge
|-damage|p1a: Ceruledge|54/100
|-ability|p1a: Ceruledge|Weak Armor|boost
|-unboost|p1a: Ceruledge|def|1
|-boost|p1a: Ceruledge|spe|2
|-enditem|p1a: Ceruledge|Heavy-Duty Boots|[from] move: Knock Off|[of] p2a: life
|
|-heal|p2a: life|87/100 tox|[from] ability: Poison Heal
|upkeep
|turn|41
|
|t:|1758267409
|move|p1a: Ceruledge|Bitter Blade|p2a: life
|-damage|p2a: life|12/100 tox
|-heal|p1a: Ceruledge|92/100|[from] drain|[of] p2a: life
|move|p2a: life|Earthquake|p1a: Ceruledge
|-supereffective|p1a: Ceruledge
|-damage|p1a: Ceruledge|0 fnt
|faint|p1a: Ceruledge
|
|-heal|p2a: life|24/100 tox|[from] ability: Poison Heal
|upkeep
|inactive|xa2n has 90 seconds left.
|
|t:|1758267431
|switch|p1a: Kingambit|Kingambit, F|95/100
|-damage|p1a: Kingambit|70/100|[from] Spikes
|-activate|p1a: Kingambit|ability: Supreme Overlord
|-start|p1a: Kingambit|fallen3|[silent]
|turn|42
|
|t:|1758267448
|move|p2a: life|Earthquake|p1a: Kingambit
|-supereffective|p1a: Kingambit
|-damage|p1a: Kingambit|23/100
|move|p1a: Kingambit|Swords Dance|p1a: Kingambit
|-boost|p1a: Kingambit|atk|2
|
|-heal|p2a: life|37/100 tox|[from] ability: Poison Heal
|upkeep
|turn|43
|
|t:|1758267461
|move|p1a: Kingambit|Sucker Punch|p2a: life
|-damage|p2a: life|0 fnt
|faint|p2a: life
|
|upkeep
|
|t:|1758267472
|switch|p2a: Clodsire|Clodsire, M|96/100
|-damage|p2a: Clodsire|90/100|[from] Stealth Rock
|turn|44
|
|t:|1758267484
|-terastallize|p1a: Kingambit|Fairy
|move|p1a: Kingambit|Kowtow Cleave|p2a: Clodsire
|-damage|p2a: Clodsire|36/100
|move|p2a: Clodsire|Earthquake|p1a: Kingambit
|-damage|p1a: Kingambit|3/100
|
|-heal|p2a: Clodsire|43/100|[from] item: Black Sludge
|upkeep
|turn|45
|
|t:|1758267497
|move|p2a: Clodsire|Protect|p2a: Clodsire
|-singleturn|p2a: Clodsire|Protect
|move|p1a: Kingambit|Kowtow Cleave|p2a: Clodsire
|-activate|p2a: Clodsire|move: Protect
|
|-heal|p2a: Clodsire|49/100|[from] item: Black Sludge
|upkeep
|turn|46
|
|t:|1758267511
|move|p1a: Kingambit|Kowtow Cleave|p2a: Clodsire
|-damage|p2a: Clodsire|0 fnt
|faint|p2a: Clodsire
|
|upkeep
|
|t:|1758267534
|switch|p2a: Alomomola|Alomomola, M|63/100 tox
|-damage|p2a: Alomomola|51/100 tox|[from] Stealth Rock
|turn|47
|
|t:|1758267541
|move|p1a: Kingambit|Kowtow Cleave|p2a: Alomomola
|-damage|p2a: Alomomola|0 fnt
|-damage|p1a: Kingambit|0 fnt|[from] item: Rocky Helmet|[of] p2a: Alomomola
|faint|p2a: Alomomola
|faint|p1a: Kingambit
|-end|p1a: Kingambit|fallen3|[silent]
|
|upkeep
|
|t:|1758267556
|switch|p1a: Pecharunt|Pecharunt|100/100
|switch|p2a: Garganacl|Garganacl, F, tera:Ghost|84/100
|-damage|p2a: Garganacl|71/100|[from] Stealth Rock
|turn|48
|
|t:|1758267566
|move|p1a: Pecharunt|Shadow Ball|p2a: Garganacl
|-supereffective|p2a: Garganacl
|-damage|p2a: Garganacl|54/100
|move|p2a: Garganacl|Recover|p2a: Garganacl
|-heal|p2a: Garganacl|100/100
|
|upkeep
|turn|49
|
|t:|1758267576
|move|p1a: Pecharunt|Parting Shot|p2a: Garganacl
|-unboost|p2a: Garganacl|atk|1
|-unboost|p2a: Garganacl|spa|1
|
|t:|1758267578
|switch|p1a: Zamazenta|Zamazenta|100/100|[from] Parting Shot
|-ability|p1a: Zamazenta|Dauntless Shield|boost
|-boost|p1a: Zamazenta|def|1
|move|p2a: Garganacl|Salt Cure|p1a: Zamazenta
|-resisted|p1a: Zamazenta
|-damage|p1a: Zamazenta|98/100
|-start|p1a: Zamazenta|Salt Cure
|
|-damage|p1a: Zamazenta|85/100|[from] Salt Cure
|upkeep
|turn|50
|
|t:|1758267590
|move|p1a: Zamazenta|Crunch|p2a: Garganacl
|-supereffective|p2a: Garganacl
|-damage|p2a: Garganacl|65/100
|move|p2a: Garganacl|Iron Defense|p2a: Garganacl
|-boost|p2a: Garganacl|def|2
|
|-heal|p2a: Garganacl|71/100|[from] item: Leftovers
|-damage|p1a: Zamazenta|73/100|[from] Salt Cure
|upkeep
|turn|51
|
|t:|1758267599
|move|p1a: Zamazenta|Crunch|p2a: Garganacl
|-supereffective|p2a: Garganacl
|-damage|p2a: Garganacl|51/100
|move|p2a: Garganacl|Iron Defense|p2a: Garganacl
|-boost|p2a: Garganacl|def|2
|
|-heal|p2a: Garganacl|57/100|[from] item: Leftovers
|-damage|p1a: Zamazenta|61/100|[from] Salt Cure
|upkeep
|turn|52
|
|t:|1758267609
|move|p1a: Zamazenta|Crunch|p2a: Garganacl
|-supereffective|p2a: Garganacl
|-damage|p2a: Garganacl|44/100
|move|p2a: Garganacl|Recover|p2a: Garganacl
|-heal|p2a: Garganacl|95/100
|
|-heal|p2a: Garganacl|100/100|[from] item: Leftovers
|-damage|p1a: Zamazenta|48/100|[from] Salt Cure
|upkeep
|turn|53
|
|t:|1758267619
|move|p1a: Zamazenta|Stone Edge|p2a: Garganacl|[miss]
|-miss|p1a: Zamazenta|p2a: Garganacl
|move|p2a: Garganacl|Salt Cure|p1a: Zamazenta
|-resisted|p1a: Zamazenta
|-crit|p1a: Zamazenta
|-damage|p1a: Zamazenta|39/100
|
|-damage|p1a: Zamazenta|27/100|[from] Salt Cure
|upkeep
|turn|54
|
|t:|1758267628
|move|p1a: Zamazenta|Stone Edge|p2a: Garganacl
|-damage|p2a: Garganacl|93/100
|move|p2a: Garganacl|Body Press|p1a: Zamazenta
|-damage|p1a: Zamazenta|0 fnt
|faint|p1a: Zamazenta
|
|-heal|p2a: Garganacl|99/100|[from] item: Leftovers
|upkeep
|
|t:|1758267631
|switch|p1a: Pecharunt|Pecharunt|100/100
|turn|55
|
|t:|1758267640
|move|p1a: Pecharunt|Shadow Ball|p2a: Garganacl
|-supereffective|p2a: Garganacl
|-damage|p2a: Garganacl|83/100
|move|p2a: Garganacl|Salt Cure|p1a: Pecharunt
|-damage|p1a: Pecharunt|96/100
|-start|p1a: Pecharunt|Salt Cure
|
|-heal|p2a: Garganacl|90/100|[from] item: Leftovers
|-damage|p1a: Pecharunt|83/100|[from] Salt Cure
|upkeep
|turn|56
|
|t:|1758267651
|move|p1a: Pecharunt|Shadow Ball|p2a: Garganacl
|-supereffective|p2a: Garganacl
|-damage|p2a: Garganacl|73/100
|move|p2a: Garganacl|Salt Cure|p1a: Pecharunt
|-damage|p1a: Pecharunt|79/100
|
|-heal|p2a: Garganacl|79/100|[from] item: Leftovers
|-damage|p1a: Pecharunt|66/100|[from] Salt Cure
|upkeep
|turn|57
|
|t:|1758267663
|move|p1a: Pecharunt|Shadow Ball|p2a: Garganacl
|-supereffective|p2a: Garganacl
|-damage|p2a: Garganacl|63/100
|move|p2a: Garganacl|Salt Cure|p1a: Pecharunt
|-damage|p1a: Pecharunt|62/100
|
|-heal|p2a: Garganacl|69/100|[from] item: Leftovers
|-damage|p1a: Pecharunt|49/100|[from] Salt Cure
|upkeep
|turn|58
|
|t:|1758267673
|move|p1a: Pecharunt|Shadow Ball|p2a: Garganacl
|-supereffective|p2a: Garganacl
|-damage|p2a: Garganacl|51/100
|move|p2a: Garganacl|Salt Cure|p1a: Pecharunt
|-damage|p1a: Pecharunt|44/100
|
|-heal|p2a: Garganacl|57/100|[from] item: Leftovers
|-damage|p1a: Pecharunt|32/100|[from] Salt Cure
|upkeep
|turn|59
|
|t:|1758267684
|move|p1a: Pecharunt|Shadow Ball|p2a: Garganacl
|-supereffective|p2a: Garganacl
|-damage|p2a: Garganacl|41/100
|move|p2a: Garganacl|Recover|p2a: Garganacl
|-heal|p2a: Garganacl|91/100
|
|-heal|p2a: Garganacl|97/100|[from] item: Leftovers
|-damage|p1a: Pecharunt|20/100|[from] Salt Cure
|upkeep
|turn|60
|
|t:|1758267694
|move|p1a: Pecharunt|Recover|p1a: Pecharunt
|-heal|p1a: Pecharunt|70/100
|move|p2a: Garganacl|Salt Cure|p1a: Pecharunt
|-damage|p1a: Pecharunt|65/100
|
|-heal|p2a: Garganacl|100/100|[from] item: Leftovers
|-damage|p1a: Pecharunt|53/100|[from] Salt Cure
|upkeep
|turn|61
|
|t:|1758267703
|move|p1a: Pecharunt|Shadow Ball|p2a: Garganacl
|-supereffective|p2a: Garganacl
|-damage|p2a: Garganacl|84/100
|move|p2a: Garganacl|Salt Cure|p1a: Pecharunt
|-damage|p1a: Pecharunt|48/100
|
|-heal|p2a: Garganacl|90/100|[from] item: Leftovers
|-damage|p1a: Pecharunt|35/100|[from] Salt Cure
|upkeep
|turn|62
|
|t:|1758267713
|move|p1a: Pecharunt|Shadow Ball|p2a: Garganacl
|-supereffective|p2a: Garganacl
|-damage|p2a: Garganacl|73/100
|move|p2a: Garganacl|Salt Cure|p1a: Pecharunt
|-damage|p1a: Pecharunt|30/100
|
|-heal|p2a: Garganacl|79/100|[from] item: Leftovers
|-damage|p1a: Pecharunt|18/100|[from] Salt Cure
|upkeep
|turn|63
|
|t:|1758267724
|move|p1a: Pecharunt|Recover|p1a: Pecharunt
|-heal|p1a: Pecharunt|68/100
|move|p2a: Garganacl|Salt Cure|p1a: Pecharunt
|-crit|p1a: Pecharunt
|-damage|p1a: Pecharunt|58/100
|
|-heal|p2a: Garganacl|85/100|[from] item: Leftovers
|-damage|p1a: Pecharunt|46/100|[from] Salt Cure
|upkeep
|turn|64
|
|t:|1758267733
|move|p1a: Pecharunt|Shadow Ball|p2a: Garganacl
|-supereffective|p2a: Garganacl
|-damage|p2a: Garganacl|69/100
|move|p2a: Garganacl|Salt Cure|p1a: Pecharunt
|-damage|p1a: Pecharunt|42/100
|
|-heal|p2a: Garganacl|75/100|[from] item: Leftovers
|-damage|p1a: Pecharunt|29/100|[from] Salt Cure
|upkeep
|turn|65
|
|t:|1758267737
|move|p1a: Pecharunt|Shadow Ball|p2a: Garganacl
|-supereffective|p2a: Garganacl
|-damage|p2a: Garganacl|60/100
|move|p2a: Garganacl|Salt Cure|p1a: Pecharunt
|-damage|p1a: Pecharunt|25/100
|
|-heal|p2a: Garganacl|66/100|[from] item: Leftovers
|-damage|p1a: Pecharunt|13/100|[from] Salt Cure
|upkeep
|turn|66
|
|t:|1758267740
|move|p1a: Pecharunt|Recover|p1a: Pecharunt
|-heal|p1a: Pecharunt|63/100
|move|p2a: Garganacl|Salt Cure|p1a: Pecharunt
|-damage|p1a: Pecharunt|59/100
|
|-heal|p2a: Garganacl|72/100|[from] item: Leftovers
|-damage|p1a: Pecharunt|46/100|[from] Salt Cure
|upkeep
|turn|67
|
|t:|1758267742
|move|p1a: Pecharunt|Shadow Ball|p2a: Garganacl
|-supereffective|p2a: Garganacl
|-damage|p2a: Garganacl|55/100
|move|p2a: Garganacl|Salt Cure|p1a: Pecharunt
|-damage|p1a: Pecharunt|42/100
|
|-heal|p2a: Garganacl|62/100|[from] item: Leftovers
|-damage|p1a: Pecharunt|30/100|[from] Salt Cure
|upkeep
|turn|68
|
|t:|1758267745
|move|p1a: Pecharunt|Recover|p1a: Pecharunt
|-heal|p1a: Pecharunt|80/100
|move|p2a: Garganacl|Salt Cure|p1a: Pecharunt
|-damage|p1a: Pecharunt|75/100
|
|-heal|p2a: Garganacl|68/100|[from] item: Leftovers
|-damage|p1a: Pecharunt|63/100|[from] Salt Cure
|upkeep
|turn|69
|
|t:|1758267748
|move|p1a: Pecharunt|Shadow Ball|p2a: Garganacl
|-supereffective|p2a: Garganacl
|-damage|p2a: Garganacl|51/100
|move|p2a: Garganacl|Salt Cure|p1a: Pecharunt
|-damage|p1a: Pecharunt|59/100
|
|-heal|p2a: Garganacl|58/100|[from] item: Leftovers
|-damage|p1a: Pecharunt|47/100|[from] Salt Cure
|upkeep
|turn|70
|
|t:|1758267751
|move|p1a: Pecharunt|Shadow Ball|p2a: Garganacl
|-supereffective|p2a: Garganacl
|-damage|p2a: Garganacl|41/100
|move|p2a: Garganacl|Recover|p2a: Garganacl
|-heal|p2a: Garganacl|91/100
|
|-heal|p2a: Garganacl|97/100|[from] item: Leftovers
|-damage|p1a: Pecharunt|34/100|[from] Salt Cure
|upkeep
|turn|71
|
|t:|1758267753
|move|p1a: Pecharunt|Recover|p1a: Pecharunt
|-heal|p1a: Pecharunt|84/100
|move|p2a: Garganacl|Salt Cure|p1a: Pecharunt
|-damage|p1a: Pecharunt|80/100
|
|-heal|p2a: Garganacl|100/100|[from] item: Leftovers
|-damage|p1a: Pecharunt|68/100|[from] Salt Cure
|upkeep
|turn|72
|c|☆xa2n|no drops lmaooo
|
|t:|1758267764
|move|p1a: Pecharunt|Malignant Chain|p2a: Garganacl
|-resisted|p2a: Garganacl
|-damage|p2a: Garganacl|89/100
|move|p2a: Garganacl|Salt Cure|p1a: Pecharunt
|-damage|p1a: Pecharunt|63/100
|
|-heal|p2a: Garganacl|96/100|[from] item: Leftovers
|-damage|p1a: Pecharunt|50/100|[from] Salt Cure
|upkeep
|turn|73
|-message|xa2n forfeited.
|
|win|owouriqwq
|raw|xa2n's rating: 1378 &rarr; <strong>1352</strong><br />(-26 for losing)
|raw|owouriqwq's rating: 1267 &rarr; <strong>1300</strong><br />(+33 for winning)
|l|☆xa2n
|player|p1|
|c|☆owouriqwq|lmaooo
