|j|☆ii el bunneh ii
|j|☆kabutopzboy
|t:|1758258303
|gametype|singles
|player|p1|ii el bunneh ii|2|1260
|player|p2|kabutopzboy|volkner|1287
|gen|9
|tier|[Gen 9] OU
|rated|
|rule|HP Percentage Mod: HP is shown in percentages
|rule|Endless Battle Clause: Forcing endless battles is banned
|rule|Species Clause: Limit one of each Pokémon
|rule|OHKO Clause: OHKO moves are banned
|rule|Evasion Items Clause: Evasion items are banned
|rule|Evasion Moves Clause: Evasion moves are banned
|rule|Evasion Abilities Clause: Evasion abilities are banned
|rule|Sleep Moves Clause: Sleep-inducing moves are banned
|clearpoke
|poke|p1|Kyurem|
|poke|p1|Torkoal, M|
|poke|p1|Scovillain, M|
|poke|p1|Lilligant-Hisui, F|
|poke|p1|Cresselia, F|
|poke|p1|Whimsicott, F|
|poke|p2|Dragapult, F|
|poke|p2|Dragonite, M|
|poke|p2|Ribombee, F|
|poke|p2|Cinderace, F|
|poke|p2|Bisharp, F|
|poke|p2|Ursaluna, M|
|teampreview
|
|t:|1758258321
|teamsize|p1|6
|teamsize|p2|6
|start
|switch|p1a: Lilligant|Lilligant-Hisui, F, shiny|100/100
|switch|p2a: Ribombee|Ribombee, F|100/100
|turn|1
|
|t:|1758258328
|switch|p1a: Torkoal|Torkoal, M|100/100
|-weather|SunnyDay|[from] ability: Drought|[of] p1a: Torkoal
|move|p2a: Ribombee|Sticky Web|p1a: Torkoal
|-sidestart|p1: ii el bunneh ii|move: Sticky Web
|
|-weather|SunnyDay|[upkeep]
|upkeep
|turn|2
|
|t:|1758258347
|switch|p2a: Ursaluna|Ursaluna, M|100/100
|move|p1a: Torkoal|Will-O-Wisp|p2a: Ursaluna
|-status|p2a: Ursaluna|brn
|
|-weather|SunnyDay|[upkeep]
|-damage|p2a: Ursaluna|94/100 brn|[from] brn
|upkeep
|turn|3
|
|t:|1758258363
|switch|p1a: Scovillain|Scovillain, M, shiny|100/100
|-activate|p1a: Scovillain|move: Sticky Web
|-unboost|p1a: Scovillain|spe|1
|move|p2a: Ursaluna|Facade|p1a: Scovillain
|-damage|p1a: Scovillain|0 fnt
|faint|p1a: Scovillain
|
|-weather|SunnyDay|[upkeep]
|-damage|p2a: Ursaluna|88/100 brn|[from] brn
|upkeep
|
|t:|1758258366
|switch|p1a: Lilligant|Lilligant-Hisui, F, shiny|100/100
|-activate|p1a: Lilligant|move: Sticky Web
|-unboost|p1a: Lilligant|spe|1
|turn|4
|
|t:|1758258387
|-terastallize|p2a: Ursaluna|Electric
|move|p1a: Lilligant|Close Combat|p2a: Ursaluna
|-damage|p2a: Ursaluna|28/100 brn
|-unboost|p1a: Lilligant|def|1
|-unboost|p1a: Lilligant|spd|1
|-damage|p1a: Lilligant|91/100|[from] item: Life Orb
|move|p2a: Ursaluna|Gunk Shot|p1a: Lilligant|[miss]
|-miss|p2a: Ursaluna|p1a: Lilligant
|
|-weather|SunnyDay|[upkeep]
|-damage|p2a: Ursaluna|22/100 brn|[from] brn
|upkeep
|turn|5
|c|☆kabutopzboy|yup
|c|☆kabutopzboy|my luck
|
|t:|1758258422
|switch|p2a: Dragapult|Dragapult, F|100/100
|move|p1a: Lilligant|Close Combat|p2a: Dragapult
|-immune|p2a: Dragapult
|
|-weather|SunnyDay|[upkeep]
|upkeep
|turn|6
|
|t:|1758258447
|move|p2a: Dragapult|Will-O-Wisp|p1a: Lilligant
|-status|p1a: Lilligant|brn
|move|p1a: Lilligant|Triple Axel|p2a: Dragapult
|-supereffective|p2a: Dragapult
|-damage|p2a: Dragapult|91/100
|-enditem|p2a: Dragapult|Weakness Policy
|-boost|p2a: Dragapult|atk|2|[from] item: Weakness Policy
|-boost|p2a: Dragapult|spa|2|[from] item: Weakness Policy
|-supereffective|p2a: Dragapult
|-damage|p2a: Dragapult|73/100
|-supereffective|p2a: Dragapult
|-damage|p2a: Dragapult|49/100
|-hitcount|p2a: Dragapult|3
|-damage|p1a: Lilligant|81/100 brn|[from] item: Life Orb
|
|-weather|SunnyDay|[upkeep]
|-damage|p1a: Lilligant|75/100 brn|[from] brn
|upkeep
|turn|7
|
|t:|1758258461
|move|p2a: Dragapult|Hex|p1a: Lilligant
|-damage|p1a: Lilligant|0 fnt
|faint|p1a: Lilligant
|
|-weather|SunnyDay|[upkeep]
|upkeep
|
|t:|1758258480
|switch|p1a: Kyurem|Kyurem|100/100
|-activate|p1a: Kyurem|move: Sticky Web
|-unboost|p1a: Kyurem|spe|1
|-ability|p1a: Kyurem|Pressure
|turn|8
|
|t:|1758258490
|move|p2a: Dragapult|Dragon Darts|p1a: Kyurem
|-supereffective|p1a: Kyurem
|-damage|p1a: Kyurem|23/100
|-anim|p2a: Dragapult|Dragon Darts|p1a: Kyurem
|-supereffective|p1a: Kyurem
|-damage|p1a: Kyurem|0 fnt
|faint|p1a: Kyurem
|
|-weather|none
|upkeep
|
|t:|1758258497
|switch|p1a: Whimsicott|Whimsicott, F, shiny|100/100
|-activate|p1a: Whimsicott|move: Sticky Web
|-unboost|p1a: Whimsicott|spe|1
|turn|9
|
|t:|1758258505
|switch|p2a: Bisharp|Bisharp, F|100/100
|move|p1a: Whimsicott|Switcheroo|p2a: Bisharp
|-hint|Since gen 7, Dark is immune to Prankster moves.
|-immune|p2a: Bisharp
|
|upkeep
|turn|10
|
|t:|1758258513
|switch|p1a: Torkoal|Torkoal, M|100/100
|-activate|p1a: Torkoal|move: Sticky Web
|-unboost|p1a: Torkoal|spe|1
|-weather|SunnyDay|[from] ability: Drought|[of] p1a: Torkoal
|move|p2a: Bisharp|Swords Dance|p2a: Bisharp
|-boost|p2a: Bisharp|atk|2
|
|-weather|SunnyDay|[upkeep]
|upkeep
|turn|11
|
|t:|1758258523
|switch|p2a: Ursaluna|Ursaluna, M, tera:Electric|22/100 brn
|move|p1a: Torkoal|Lava Plume|p2a: Ursaluna
|-damage|p2a: Ursaluna|0 fnt
|faint|p2a: Ursaluna
|
|-weather|SunnyDay|[upkeep]
|upkeep
|
|t:|1758258532
|switch|p2a: Cinderace|Cinderace, F|100/100
|turn|12
|
|t:|1758258560
|move|p2a: Cinderace|Court Change|p2a: Cinderace
|-start|p2a: Cinderace|typechange|Normal|[from] ability: Libero
|-swapsideconditions
|-activate|p2a: Cinderace|move: Court Change
|move|p1a: Torkoal|Rapid Spin|p2a: Cinderace
|-damage|p2a: Cinderace|88/100
|-boost|p1a: Torkoal|spe|1
|
|-weather|SunnyDay|[upkeep]
|upkeep
|turn|13
|
|t:|1758258568
|move|p2a: Cinderace|Gunk Shot|p1a: Torkoal
|-damage|p1a: Torkoal|77/100
|move|p1a: Torkoal|Lava Plume|p2a: Cinderace
|-damage|p2a: Cinderace|34/100
|
|-weather|SunnyDay|[upkeep]
|upkeep
|turn|14
|
|t:|1758258574
|move|p2a: Cinderace|Gunk Shot|p1a: Torkoal|[miss]
|-miss|p2a: Cinderace|p1a: Torkoal
|move|p1a: Torkoal|Lava Plume|p2a: Cinderace
|-damage|p2a: Cinderace|0 fnt
|faint|p2a: Cinderace
|
|-weather|SunnyDay|[upkeep]
|upkeep
|
|t:|1758258583
|switch|p2a: Ribombee|Ribombee, F|100/100
|-activate|p2a: Ribombee|move: Sticky Web
|-unboost|p2a: Ribombee|spe|1
|turn|15
|
|t:|1758258590
|move|p2a: Ribombee|Stun Spore|p1a: Torkoal
|-status|p1a: Torkoal|par
|move|p1a: Torkoal|Lava Plume|p2a: Ribombee
|-supereffective|p2a: Ribombee
|-enditem|p2a: Ribombee|Focus Sash
|-damage|p2a: Ribombee|1/100
|
|-weather|SunnyDay|[upkeep]
|upkeep
|turn|16
|
|t:|1758258598
|move|p2a: Ribombee|Moonblast|p1a: Torkoal
|-resisted|p1a: Torkoal
|-damage|p1a: Torkoal|48/100 par
|move|p1a: Torkoal|Rapid Spin|p2a: Ribombee
|-damage|p2a: Ribombee|0 fnt
|-boost|p1a: Torkoal|spe|1
|faint|p2a: Ribombee
|
|-weather|SunnyDay|[upkeep]
|upkeep
|
|t:|1758258606
|switch|p2a: Bisharp|Bisharp, F|100/100
|-activate|p2a: Bisharp|move: Sticky Web
|-unboost|p2a: Bisharp|spe|1
|-ability|p2a: Bisharp|Defiant|boost
|-boost|p2a: Bisharp|atk|2
|turn|17
|
|t:|1758258613
|move|p2a: Bisharp|Sucker Punch||[still]
|-fail|p2a: Bisharp
|move|p1a: Torkoal|Will-O-Wisp|p2a: Bisharp|[miss]
|-miss|p1a: Torkoal|p2a: Bisharp
|
|-weather|none
|upkeep
|turn|18
|
|t:|1758258627
|move|p2a: Bisharp|Iron Head|p1a: Torkoal
|-resisted|p1a: Torkoal
|-damage|p1a: Torkoal|24/100 par
|move|p1a: Torkoal|Will-O-Wisp|p2a: Bisharp
|-status|p2a: Bisharp|brn
|
|-damage|p2a: Bisharp|95/100 brn|[from] brn
|upkeep
|turn|19
|inactive|Battle timer is ON: inactive players will automatically lose when time's up. (requested by kabutopzboy)
|
|t:|1758258665
|move|p2a: Bisharp|Sucker Punch||[still]
|-fail|p2a: Bisharp
|move|p1a: Torkoal|Stealth Rock|p2a: Bisharp
|-sidestart|p2: kabutopzboy|move: Stealth Rock
|
|-damage|p2a: Bisharp|89/100 brn|[from] brn
|upkeep
|turn|20
|inactive|ii el bunneh ii has 120 seconds left.
|
|t:|1758258696
|move|p2a: Bisharp|Sucker Punch|p1a: Torkoal
|-damage|p1a: Torkoal|3/100 par
|cant|p1a: Torkoal|par
|
|-damage|p2a: Bisharp|83/100 brn|[from] brn
|upkeep
|turn|21
|
|t:|1758258702
|move|p2a: Bisharp|Iron Head|p1a: Torkoal
|-resisted|p1a: Torkoal
|-damage|p1a: Torkoal|0 fnt
|faint|p1a: Torkoal
|
|-damage|p2a: Bisharp|77/100 brn|[from] brn
|upkeep
|inactive|ii el bunneh ii has 120 seconds left.
|
|t:|1758258722
|switch|p1a: Whimsicott|Whimsicott, F, shiny|100/100
|turn|22
|
|t:|1758258726
|move|p1a: Whimsicott|Moonblast|p2a: Bisharp
|-damage|p2a: Bisharp|33/100 brn
|move|p2a: Bisharp|Iron Head|p1a: Whimsicott
|-supereffective|p1a: Whimsicott
|-damage|p1a: Whimsicott|0 fnt
|faint|p1a: Whimsicott
|
|-damage|p2a: Bisharp|27/100 brn|[from] brn
|upkeep
|
|t:|1758258731
|switch|p1a: Cresselia|Cresselia, F, shiny|100/100
|turn|23
|
|t:|1758258737
|move|p1a: Cresselia|Calm Mind|p1a: Cresselia
|-boost|p1a: Cresselia|spa|1
|-boost|p1a: Cresselia|spd|1
|move|p2a: Bisharp|Swords Dance|p2a: Bisharp
|-boost|p2a: Bisharp|atk|2
|
|-damage|p2a: Bisharp|22/100 brn|[from] brn
|upkeep
|turn|24
|
|t:|1758258745
|move|p1a: Cresselia|Moonblast|p2a: Bisharp
|-damage|p2a: Bisharp|0 fnt
|faint|p2a: Bisharp
|
|upkeep
|
|t:|1758258755
|switch|p2a: Dragonite|Dragonite, M|100/100
|-damage|p2a: Dragonite|75/100|[from] Stealth Rock
|turn|25
|
|t:|1758258760
|move|p2a: Dragonite|Dragon Dance|p2a: Dragonite
|-boost|p2a: Dragonite|atk|1
|-boost|p2a: Dragonite|spe|1
|move|p1a: Cresselia|Moonblast|p2a: Dragonite
|-supereffective|p2a: Dragonite
|-damage|p2a: Dragonite|13/100
|
|upkeep
|turn|26
|
|t:|1758258767
|move|p2a: Dragonite|Earthquake|p1a: Cresselia
|-immune|p1a: Cresselia|[from] ability: Levitate
|move|p1a: Cresselia|Moonblast|p2a: Dragonite
|-supereffective|p2a: Dragonite
|-damage|p2a: Dragonite|0 fnt
|faint|p2a: Dragonite
|
|upkeep
|c|☆kabutopzboy|shit
|c|☆kabutopzboy|ggs
|
|t:|1758258777
|switch|p2a: Dragapult|Dragapult, F|49/100
|-activate|p2a: Dragapult|move: Sticky Web
|-unboost|p2a: Dragapult|spe|1
|-damage|p2a: Dragapult|37/100|[from] Stealth Rock
|turn|27
|
|t:|1758258783
|move|p2a: Dragapult|Hex|p1a: Cresselia
|-supereffective|p1a: Cresselia
|-damage|p1a: Cresselia|80/100
|move|p1a: Cresselia|Moonblast|p2a: Dragapult
|-supereffective|p2a: Dragapult
|-damage|p2a: Dragapult|0 fnt
|faint|p2a: Dragapult
|
|win|ii el bunneh ii
|raw|ii el bunneh ii's rating: 1260 &rarr; <strong>1287</strong><br />(+27 for winning)
|raw|kabutopzboy's rating: 1287 &rarr; <strong>1260</strong><br />(-27 for losing)
|l|☆kabutopzboy
|player|p2|
