|j|☆raditzisthebest
|j|☆ur doggo
|t:|1758345790
|gametype|singles
|player|p1|raditzisthebest|bruno|1606
|player|p2|ur doggo|169|1589
|gen|9
|tier|[Gen 9] OU
|rated|
|rule|HP Percentage Mod: HP is shown in percentages
|rule|Endless Battle Clause: Forcing endless battles is banned
|rule|Species Clause: Limit one of each Pokémon
|rule|OHKO Clause: OHKO moves are banned
|rule|Evasion Items Clause: Evasion items are banned
|rule|Evasion Moves Clause: Evasion moves are banned
|rule|Evasion Abilities Clause: Evasion abilities are banned
|rule|Sleep Moves Clause: Sleep-inducing moves are banned
|clearpoke
|poke|p1|Primarina, M|
|poke|p1|Great Tusk|
|poke|p1|Kingambit, M|
|poke|p1|Slowking-Galar, M|
|poke|p1|Ogerpon, F|
|poke|p1|Enamorus, F|
|poke|p2|Pelipper, F|
|poke|p2|Hatterene, F|
|poke|p2|Iron Treads|
|poke|p2|Toxicroak, F|
|poke|p2|Barraskewda, F|
|poke|p2|Zapdos|
|teampreview
|inactive|Battle timer is ON: inactive players will automatically lose when time's up. (requested by raditzisthebest)
|
|t:|1758345814
|teamsize|p1|6
|teamsize|p2|6
|start
|switch|p1a: Junah|Primarina, M, shiny|100/100
|switch|p2a: Iron Treads|Iron Treads|100/100
|turn|1
|
|t:|1758345821
|move|p2a: Iron Treads|Volt Switch|p1a: Junah
|-supereffective|p1a: Junah
|-damage|p1a: Junah|77/100
|
|t:|1758345832
|-end|p2a: Iron Treads|Quark Drive|[silent]
|switch|p2a: Toxicroak|Toxicroak, F|100/100|[from] Volt Switch
|move|p1a: Junah|Psychic Noise|p2a: Toxicroak
|-immune|p2a: Toxicroak|[from] ability: Dry Skin
|
|-heal|p1a: Junah|83/100|[from] item: Leftovers
|upkeep
|turn|2
|
|t:|1758345852
|switch|p1a: Basilio|Great Tusk, shiny|100/100
|move|p2a: Toxicroak|Knock Off|p1a: Basilio
|-resisted|p1a: Basilio
|-damage|p1a: Basilio|92/100
|-damage|p2a: Toxicroak|84/100|[from] item: Rocky Helmet|[of] p1a: Basilio
|-enditem|p1a: Basilio|Rocky Helmet|[from] move: Knock Off|[of] p2a: Toxicroak
|
|upkeep
|turn|3
|
|t:|1758345857
|switch|p2a: Hatterene|Hatterene, F|100/100
|move|p1a: Basilio|Stealth Rock|p2a: Hatterene
|move|p2a: Hatterene|Stealth Rock|p1a: Basilio|[from] ability: Magic Bounce
|-sidestart|p1: raditzisthebest|move: Stealth Rock
|
|upkeep
|turn|4
|
|t:|1758345867
|-end|p1a: Basilio|Protosynthesis|[silent]
|switch|p1a: Strohl|Kingambit, M, shiny|100/100
|-damage|p1a: Strohl|94/100|[from] Stealth Rock
|switch|p2a: Pelipper|Pelipper, F|100/100
|-weather|RainDance|[from] ability: Drizzle|[of] p2a: Pelipper
|
|-weather|RainDance|[upkeep]
|-heal|p1a: Strohl|100/100|[from] item: Leftovers
|upkeep
|turn|5
|
|t:|1758345874
|switch|p2a: Toxicroak|Toxicroak, F|84/100
|move|p1a: Strohl|Kowtow Cleave|p2a: Toxicroak
|-resisted|p2a: Toxicroak
|-damage|p2a: Toxicroak|59/100
|-damage|p1a: Strohl|84/100|[from] item: Rocky Helmet|[of] p2a: Toxicroak
|
|-weather|RainDance|[upkeep]
|-heal|p2a: Toxicroak|72/100|[from] ability: Dry Skin
|-heal|p1a: Strohl|90/100|[from] item: Leftovers
|upkeep
|turn|6
|
|t:|1758345880
|-end|p1a: Strohl|fallenundefined|[silent]
|switch|p1a: Basilio|Great Tusk, shiny|92/100
|-damage|p1a: Basilio|89/100|[from] Stealth Rock
|move|p2a: Toxicroak|Toxic|p1a: Basilio
|-status|p1a: Basilio|tox
|
|-weather|RainDance|[upkeep]
|-heal|p2a: Toxicroak|84/100|[from] ability: Dry Skin
|-damage|p1a: Basilio|82/100 tox|[from] psn
|upkeep
|turn|7
|
|t:|1758345885
|switch|p2a: Hatterene|Hatterene, F|100/100
|move|p1a: Basilio|Rapid Spin|p2a: Hatterene
|-damage|p2a: Hatterene|84/100
|-boost|p1a: Basilio|spe|1
|-sideend|p1: raditzisthebest|Stealth Rock|[from] move: Rapid Spin|[of] p1a: Basilio
|-enditem|p2a: Hatterene|Eject Button
|
|t:|1758345888
|switch|p2a: Barraskewda|Barraskewda, F|100/100
|
|-weather|RainDance|[upkeep]
|-damage|p1a: Basilio|70/100 tox|[from] psn
|upkeep
|turn|8
|
|t:|1758345899
|-end|p1a: Basilio|Protosynthesis|[silent]
|switch|p1a: Heismay|Ogerpon, F|100/100
|move|p2a: Barraskewda|Flip Turn|p1a: Heismay
|-resisted|p1a: Heismay
|-damage|p1a: Heismay|52/100
|
|t:|1758345903
|switch|p2a: Zapdos|Zapdos|100/100|[from] Flip Turn
|
|-weather|RainDance|[upkeep]
|upkeep
|turn|9
|
|t:|1758345908
|move|p1a: Heismay|Knock Off|p2a: Zapdos
|-damage|p2a: Zapdos|39/100
|-status|p1a: Heismay|par|[from] ability: Static|[of] p2a: Zapdos
|-enditem|p2a: Zapdos|Choice Specs|[from] move: Knock Off|[of] p1a: Heismay
|move|p2a: Zapdos|Hurricane|p1a: Heismay
|-supereffective|p1a: Heismay
|-damage|p1a: Heismay|0 fnt
|faint|p1a: Heismay
|
|-weather|RainDance|[upkeep]
|upkeep
|
|t:|1758345920
|switch|p1a: Eupha|Enamorus, F, shiny|100/100
|turn|10
|
|t:|1758345924
|switch|p2a: Hatterene|Hatterene, F|84/100
|move|p1a: Eupha|Moonblast|p2a: Hatterene
|-damage|p2a: Hatterene|22/100
|
|-weather|RainDance|[upkeep]
|upkeep
|turn|11
|
|t:|1758345932
|switch|p2a: Iron Treads|Iron Treads|100/100
|move|p1a: Eupha|Moonblast|p2a: Iron Treads
|-resisted|p2a: Iron Treads
|-damage|p2a: Iron Treads|79/100
|-unboost|p2a: Iron Treads|spa|1
|
|-weather|none
|-heal|p2a: Iron Treads|85/100|[from] item: Leftovers
|upkeep
|turn|12
|
|t:|1758345940
|switch|p1a: Basilio|Great Tusk, shiny|70/100 tox
|-end|p2a: Iron Treads|Quark Drive|[silent]
|switch|p2a: Pelipper|Pelipper, F|100/100
|-weather|RainDance|[from] ability: Drizzle|[of] p2a: Pelipper
|
|-weather|RainDance|[upkeep]
|-damage|p1a: Basilio|64/100 tox|[from] psn
|upkeep
|turn|13
|
|t:|1758345946
|switch|p2a: Hatterene|Hatterene, F|22/100
|move|p1a: Basilio|Stealth Rock|p2a: Hatterene
|move|p2a: Hatterene|Stealth Rock|p1a: Basilio|[from] ability: Magic Bounce
|-sidestart|p1: raditzisthebest|move: Stealth Rock
|
|-weather|RainDance|[upkeep]
|-damage|p1a: Basilio|51/100 tox|[from] psn
|upkeep
|turn|14
|
|t:|1758345953
|move|p1a: Basilio|Rapid Spin|p2a: Hatterene
|-damage|p2a: Hatterene|5/100
|-boost|p1a: Basilio|spe|1
|-sideend|p1: raditzisthebest|Stealth Rock|[from] move: Rapid Spin|[of] p1a: Basilio
|move|p2a: Hatterene|Draining Kiss|p1a: Basilio
|-supereffective|p1a: Basilio
|-damage|p1a: Basilio|0 fnt
|-heal|p2a: Hatterene|50/100|[from] drain|[of] p1a: Basilio
|faint|p1a: Basilio
|-end|p1a: Basilio|Protosynthesis|[silent]
|
|-weather|RainDance|[upkeep]
|upkeep
|
|t:|1758345959
|switch|p1a: Junah|Primarina, M, shiny|83/100
|turn|15
|
|t:|1758345968
|switch|p2a: Toxicroak|Toxicroak, F|84/100
|move|p1a: Junah|Moonblast|p2a: Toxicroak
|-damage|p2a: Toxicroak|9/100
|
|-weather|RainDance|[upkeep]
|-heal|p2a: Toxicroak|21/100|[from] ability: Dry Skin
|-heal|p1a: Junah|89/100|[from] item: Leftovers
|upkeep
|turn|16
|
|t:|1758345979
|switch|p2a: Iron Treads|Iron Treads|85/100
|move|p1a: Junah|Moonblast|p2a: Iron Treads
|-resisted|p2a: Iron Treads
|-damage|p2a: Iron Treads|65/100
|-unboost|p2a: Iron Treads|spa|1
|
|-weather|RainDance|[upkeep]
|-heal|p2a: Iron Treads|71/100|[from] item: Leftovers
|-heal|p1a: Junah|95/100|[from] item: Leftovers
|upkeep
|turn|17
|
|t:|1758345989
|move|p2a: Iron Treads|Earthquake|p1a: Junah
|-damage|p1a: Junah|44/100
|move|p1a: Junah|Moonblast|p2a: Iron Treads
|-resisted|p2a: Iron Treads
|-damage|p2a: Iron Treads|49/100
|-unboost|p2a: Iron Treads|spa|1
|
|-weather|RainDance|[upkeep]
|-heal|p2a: Iron Treads|55/100|[from] item: Leftovers
|-heal|p1a: Junah|50/100|[from] item: Leftovers
|upkeep
|turn|18
|
|t:|1758345995
|switch|p1a: Eupha|Enamorus, F, shiny|100/100
|move|p2a: Iron Treads|Earthquake|p1a: Eupha
|-immune|p1a: Eupha
|
|-weather|RainDance|[upkeep]
|-heal|p2a: Iron Treads|61/100|[from] item: Leftovers
|upkeep
|turn|19
|
|t:|1758346010
|move|p1a: Eupha|Earth Power|p2a: Iron Treads
|-supereffective|p2a: Iron Treads
|-damage|p2a: Iron Treads|6/100
|move|p2a: Iron Treads|Volt Switch|p1a: Eupha
|-supereffective|p1a: Eupha
|-damage|p1a: Eupha|85/100
|
|t:|1758346018
|-end|p2a: Iron Treads|Quark Drive|[silent]
|switch|p2a: Zapdos|Zapdos|39/100|[from] Volt Switch
|
|-weather|none
|upkeep
|turn|20
|
|t:|1758346023
|switch|p1a: More|Slowking-Galar, M, shiny|100/100
|move|p2a: Zapdos|Volt Switch|p1a: More
|-damage|p1a: More|82/100
|
|t:|1758346029
|switch|p2a: Iron Treads|Iron Treads|6/100|[from] Volt Switch
|
|-heal|p2a: Iron Treads|12/100|[from] item: Leftovers
|upkeep
|turn|21
|
|t:|1758346034
|switch|p1a: Eupha|Enamorus, F, shiny|85/100
|move|p2a: Iron Treads|Stealth Rock|p1a: Eupha
|-sidestart|p1: raditzisthebest|move: Stealth Rock
|
|-heal|p2a: Iron Treads|18/100|[from] item: Leftovers
|upkeep
|turn|22
|
|t:|1758346050
|move|p1a: Eupha|Moonblast|p2a: Iron Treads
|-resisted|p2a: Iron Treads
|-damage|p2a: Iron Treads|0 fnt
|faint|p2a: Iron Treads
|-end|p2a: Iron Treads|Quark Drive|[silent]
|
|upkeep
|
|t:|1758346054
|switch|p2a: Pelipper|Pelipper, F|100/100
|-weather|RainDance|[from] ability: Drizzle|[of] p2a: Pelipper
|turn|23
|
|t:|1758346057
|move|p1a: Eupha|Moonblast|p2a: Pelipper
|-damage|p2a: Pelipper|48/100
|move|p2a: Pelipper|U-turn|p1a: Eupha
|-resisted|p1a: Eupha
|-damage|p1a: Eupha|81/100
|
|t:|1758346060
|switch|p2a: Barraskewda|Barraskewda, F|100/100|[from] U-turn
|
|-weather|RainDance|[upkeep]
|upkeep
|turn|24
|
|t:|1758346070
|switch|p1a: Junah|Primarina, M, shiny|50/100
|-damage|p1a: Junah|38/100|[from] Stealth Rock
|move|p2a: Barraskewda|Liquidation|p1a: Junah
|-resisted|p1a: Junah
|-damage|p1a: Junah|0 fnt
|faint|p1a: Junah
|
|-weather|RainDance|[upkeep]
|upkeep
|
|t:|1758346077
|switch|p1a: Strohl|Kingambit, M, shiny|90/100
|-damage|p1a: Strohl|84/100|[from] Stealth Rock
|-activate|p1a: Strohl|ability: Supreme Overlord
|-start|p1a: Strohl|fallen3|[silent]
|turn|25
|
|t:|1758346087
|switch|p2a: Zapdos|Zapdos|39/100
|move|p1a: Strohl|Swords Dance|p1a: Strohl
|-boost|p1a: Strohl|atk|2
|
|-weather|RainDance|[upkeep]
|-heal|p1a: Strohl|90/100|[from] item: Leftovers
|upkeep
|turn|26
|
|t:|1758346095
|move|p2a: Zapdos|Thunder|p1a: Strohl
|-damage|p1a: Strohl|35/100
|move|p1a: Strohl|Kowtow Cleave|p2a: Zapdos
|-damage|p2a: Zapdos|0 fnt
|faint|p2a: Zapdos
|
|-weather|RainDance|[upkeep]
|-heal|p1a: Strohl|41/100|[from] item: Leftovers
|upkeep
|
|t:|1758346098
|switch|p2a: Toxicroak|Toxicroak, F|21/100
|turn|27
|
|t:|1758346104
|move|p1a: Strohl|Sucker Punch||[still]
|-fail|p1a: Strohl
|move|p2a: Toxicroak|Encore|p1a: Strohl
|-start|p1a: Strohl|Encore
|
|-weather|RainDance|[upkeep]
|-heal|p2a: Toxicroak|34/100|[from] ability: Dry Skin
|-heal|p1a: Strohl|47/100|[from] item: Leftovers
|upkeep
|turn|28
|
|t:|1758346118
|switch|p2a: Barraskewda|Barraskewda, F|100/100
|-end|p1a: Strohl|fallen3|[silent]
|switch|p1a: More|Slowking-Galar, M, shiny|100/100
|-damage|p1a: More|88/100|[from] Stealth Rock
|
|-weather|RainDance|[upkeep]
|upkeep
|turn|29
|
|t:|1758346128
|-terastallize|p2a: Barraskewda|Water
|move|p2a: Barraskewda|Flip Turn|p1a: More
|-damage|p1a: More|22/100
|
|t:|1758346134
|switch|p2a: Hatterene|Hatterene, F|50/100|[from] Flip Turn
|move|p1a: More|Psychic Noise|p2a: Hatterene
|-resisted|p2a: Hatterene
|-damage|p2a: Hatterene|36/100
|-start|p2a: Hatterene|move: Heal Block
|
|-weather|RainDance|[upkeep]
|upkeep
|turn|30
|
|t:|1758346139
|move|p2a: Hatterene|Psychic Noise|p1a: More
|-crit|p1a: More
|-damage|p1a: More|0 fnt
|faint|p1a: More
|
|-weather|none
|-end|p2a: Hatterene|move: Heal Block
|upkeep
|
|t:|1758346150
|switch|p1a: Eupha|Enamorus, F, shiny|81/100
|-damage|p1a: Eupha|56/100|[from] Stealth Rock
|turn|31
|
|t:|1758346173
|switch|p2a: Pelipper|Pelipper, F|48/100
|-weather|RainDance|[from] ability: Drizzle|[of] p2a: Pelipper
|move|p1a: Eupha|Healing Wish|p1a: Eupha
|faint|p1a: Eupha
|
|-weather|RainDance|[upkeep]
|upkeep
|
|t:|1758346176
|switch|p1a: Strohl|Kingambit, M, shiny|47/100
|-heal|p1a: Strohl|100/100|[from] move: Healing Wish
|-damage|p1a: Strohl|94/100|[from] Stealth Rock
|-activate|p1a: Strohl|ability: Supreme Overlord
|-start|p1a: Strohl|fallen5|[silent]
|turn|32
|
|t:|1758346182
|switch|p2a: Hatterene|Hatterene, F|36/100
|move|p1a: Strohl|Kowtow Cleave|p2a: Hatterene
|-damage|p2a: Hatterene|0 fnt
|faint|p2a: Hatterene
|
|-weather|RainDance|[upkeep]
|-heal|p1a: Strohl|100/100|[from] item: Leftovers
|upkeep
|
|t:|1758346186
|switch|p2a: Toxicroak|Toxicroak, F|34/100
|turn|33
|
|t:|1758346188
|move|p2a: Toxicroak|Encore|p1a: Strohl
|-start|p1a: Strohl|Encore
|move|p1a: Strohl|Kowtow Cleave|p2a: Toxicroak
|-resisted|p2a: Toxicroak
|-damage|p2a: Toxicroak|0 fnt
|-damage|p1a: Strohl|84/100|[from] item: Rocky Helmet|[of] p2a: Toxicroak
|faint|p2a: Toxicroak
|
|-weather|RainDance|[upkeep]
|-heal|p1a: Strohl|90/100|[from] item: Leftovers
|upkeep
|
|t:|1758346193
|switch|p2a: Barraskewda|Barraskewda, F, tera:Water|100/100
|turn|34
|
|t:|1758346195
|-terastallize|p1a: Strohl|Ghost
|move|p2a: Barraskewda|Flip Turn|p1a: Strohl
|-damage|p1a: Strohl|18/100
|
|t:|1758346198
|switch|p2a: Pelipper|Pelipper, F|48/100|[from] Flip Turn
|move|p1a: Strohl|Kowtow Cleave|p2a: Pelipper
|-damage|p2a: Pelipper|0 fnt
|faint|p2a: Pelipper
|
|-weather|RainDance|[upkeep]
|-heal|p1a: Strohl|24/100|[from] item: Leftovers
|upkeep
|
|t:|1758346200
|switch|p2a: Barraskewda|Barraskewda, F, tera:Water|100/100
|turn|35
|
|t:|1758346206
|move|p2a: Barraskewda|Liquidation|p1a: Strohl
|-damage|p1a: Strohl|0 fnt
|faint|p1a: Strohl
|-end|p1a: Strohl|fallen5|[silent]
|
|win|ur doggo
|raw|raditzisthebest's rating: 1606 &rarr; <strong>1585</strong><br />(-21 for losing)
|raw|ur doggo's rating: 1589 &rarr; <strong>1610</strong><br />(+21 for winning)
|c|☆ur doggo|gg wp
|l|☆raditzisthebest
|player|p1|
