|j|☆healorant
|j|☆1shy9
|t:|1758372630
|gametype|singles
|player|p1|healorant|alder|1747
|player|p2|1shy9|acetrainerf-gen4|1707
|gen|9
|tier|[Gen 9] OU
|rated|
|rule|HP Percentage Mod: HP is shown in percentages
|rule|Endless Battle Clause: Forcing endless battles is banned
|rule|Species Clause: Limit one of each Pokémon
|rule|OHKO Clause: OHKO moves are banned
|rule|Evasion Items Clause: Evasion items are banned
|rule|Evasion Moves Clause: Evasion moves are banned
|rule|Evasion Abilities Clause: Evasion abilities are banned
|rule|Sleep Moves Clause: Sleep-inducing moves are banned
|clearpoke
|poke|p1|Rillaboom, M|
|poke|p1|Raging Bolt|
|poke|p1|Gholdengo|
|poke|p1|Great Tusk|
|poke|p1|Pecharunt|
|poke|p1|Darkrai|
|poke|p2|Iron Moth|
|poke|p2|Gholdengo|
|poke|p2|Great Tusk|
|poke|p2|Kyurem|
|poke|p2|Zamazenta-*|
|poke|p2|Dragonite, F|
|teampreview
|inactive|Battle timer is ON: inactive players will automatically lose when time's up. (requested by healorant)
|
|t:|1758372649
|teamsize|p1|6
|teamsize|p2|6
|start
|switch|p1a: Darkrai|Darkrai|100/100
|switch|p2a: Kyurem|Kyurem|100/100
|-ability|p2a: Kyurem|Pressure
|turn|1
|
|t:|1758372654
|move|p1a: Darkrai|Dark Pulse|p2a: Kyurem
|-damage|p2a: Kyurem|52/100
|move|p2a: Kyurem|Dragon Dance|p2a: Kyurem
|-boost|p2a: Kyurem|atk|1
|-boost|p2a: Kyurem|spe|1
|
|upkeep
|turn|2
|
|t:|1758372658
|move|p2a: Kyurem|Icicle Spear|p1a: Darkrai
|-damage|p1a: Darkrai|75/100
|-damage|p1a: Darkrai|50/100
|-damage|p1a: Darkrai|23/100
|-damage|p1a: Darkrai|0 fnt
|faint|p1a: Darkrai
|-hitcount|p1: Darkrai|4
|
|upkeep
|
|t:|1758372667
|switch|p1a: Gholdengo|Gholdengo|100/100
|turn|3
|
|t:|1758372669
|-terastallize|p2a: Kyurem|Fire
|move|p2a: Kyurem|Tera Blast|p1a: Gholdengo|[anim] Tera Blast Fire
|-supereffective|p1a: Gholdengo
|-damage|p1a: Gholdengo|7/100
|move|p1a: Gholdengo|Dazzling Gleam|p2a: Kyurem
|-resisted|p2a: Kyurem
|-damage|p2a: Kyurem|40/100
|
|upkeep
|turn|4
|
|t:|1758372672
|move|p2a: Kyurem|Icicle Spear|p1a: Gholdengo
|-resisted|p1a: Gholdengo
|-damage|p1a: Gholdengo|0 fnt
|faint|p1a: Gholdengo
|-hitcount|p1: Gholdengo|1
|
|upkeep
|
|t:|1758372676
|switch|p1a: Pecharunt|Pecharunt|100/100
|turn|5
|j| Yankees999
|
|t:|1758372678
|move|p2a: Kyurem|Icicle Spear|p1a: Pecharunt
|-crit|p1a: Pecharunt
|-damage|p1a: Pecharunt|79/100
|-damage|p1a: Pecharunt|64/100
|-damage|p1a: Pecharunt|51/100
|-damage|p1a: Pecharunt|38/100
|-hitcount|p1a: Pecharunt|4
|move|p1a: Pecharunt|Malignant Chain|p2a: Kyurem
|-damage|p2a: Kyurem|0 fnt
|faint|p2a: Kyurem
|
|upkeep
|l| Yankees999
|
|t:|1758372691
|switch|p2a: Iron Moth|Iron Moth|100/100
|-enditem|p2a: Iron Moth|Booster Energy
|-activate|p2a: Iron Moth|ability: Quark Drive|[fromitem]
|-start|p2a: Iron Moth|quarkdrivespe
|turn|6
|
|t:|1758372694
|move|p2a: Iron Moth|Fiery Dance|p1a: Pecharunt
|-damage|p1a: Pecharunt|0 fnt
|faint|p1a: Pecharunt
|
|upkeep
|
|t:|1758372697
|switch|p1a: Great Tusk|Great Tusk|100/100
|turn|7
|
|t:|1758372701
|move|p2a: Iron Moth|Psychic|p1a: Great Tusk
|-supereffective|p1a: Great Tusk
|-damage|p1a: Great Tusk|11/100
|move|p1a: Great Tusk|Headlong Rush|p2a: Iron Moth
|-supereffective|p2a: Iron Moth
|-damage|p2a: Iron Moth|0 fnt
|-unboost|p1a: Great Tusk|def|1
|-unboost|p1a: Great Tusk|spd|1
|faint|p2a: Iron Moth
|-end|p2a: Iron Moth|Quark Drive|[silent]
|
|upkeep
|
|t:|1758372704
|switch|p2a: Great Tusk|Great Tusk|100/100
|turn|8
|
|t:|1758372709
|move|p2a: Great Tusk|Rapid Spin|p1a: Great Tusk
|-damage|p1a: Great Tusk|0 fnt
|-boost|p2a: Great Tusk|spe|1
|faint|p1a: Great Tusk
|-end|p1a: Great Tusk|Protosynthesis|[silent]
|
|upkeep
|
|t:|1758372711
|switch|p1a: Rillaboom|Rillaboom, M|100/100
|-fieldstart|move: Grassy Terrain|[from] ability: Grassy Surge|[of] p1a: Rillaboom
|turn|9
|
|t:|1758372716
|-end|p2a: Great Tusk|Protosynthesis|[silent]
|switch|p2a: Zamazenta|Zamazenta|100/100
|-ability|p2a: Zamazenta|Dauntless Shield|boost
|-boost|p2a: Zamazenta|def|1
|move|p1a: Rillaboom|Wood Hammer|p2a: Zamazenta
|-damage|p2a: Zamazenta|60/100
|-damage|p1a: Rillaboom|88/100|[from] Recoil
|
|-heal|p1a: Rillaboom|94/100|[from] Grassy Terrain
|-heal|p2a: Zamazenta|66/100|[from] Grassy Terrain
|-heal|p2a: Zamazenta|72/100|[from] item: Leftovers
|upkeep
|turn|10
|
|t:|1758372718
|switch|p1a: Raging Bolt|Raging Bolt|100/100
|move|p2a: Zamazenta|Body Press|p1a: Raging Bolt
|-damage|p1a: Raging Bolt|54/100
|
|-heal|p2a: Zamazenta|78/100|[from] Grassy Terrain
|-heal|p2a: Zamazenta|84/100|[from] item: Leftovers
|-heal|p1a: Raging Bolt|60/100|[from] Grassy Terrain
|-heal|p1a: Raging Bolt|66/100|[from] item: Leftovers
|upkeep
|turn|11
|
|t:|1758372722
|-terastallize|p1a: Raging Bolt|Fairy
|move|p2a: Zamazenta|Body Press|p1a: Raging Bolt
|-resisted|p1a: Raging Bolt
|-damage|p1a: Raging Bolt|47/100
|move|p1a: Raging Bolt|Calm Mind|p1a: Raging Bolt
|-boost|p1a: Raging Bolt|spa|1
|-boost|p1a: Raging Bolt|spd|1
|
|-heal|p2a: Zamazenta|91/100|[from] Grassy Terrain
|-heal|p2a: Zamazenta|97/100|[from] item: Leftovers
|-heal|p1a: Raging Bolt|53/100|[from] Grassy Terrain
|-heal|p1a: Raging Bolt|59/100|[from] item: Leftovers
|upkeep
|turn|12
|
|t:|1758372728
|switch|p2a: Dragonite|Dragonite, F|100/100
|move|p1a: Raging Bolt|Thunderbolt|p2a: Dragonite
|-damage|p2a: Dragonite|59/100
|
|-heal|p1a: Raging Bolt|65/100|[from] Grassy Terrain
|-heal|p1a: Raging Bolt|71/100|[from] item: Leftovers
|upkeep
|turn|13
|
|t:|1758372731
|move|p2a: Dragonite|Roost|p2a: Dragonite
|-heal|p2a: Dragonite|100/100
|-singleturn|p2a: Dragonite|move: Roost
|move|p1a: Raging Bolt|Dragon Pulse|p2a: Dragonite
|-supereffective|p2a: Dragonite
|-crit|p2a: Dragonite
|-damage|p2a: Dragonite|0 fnt
|faint|p2a: Dragonite
|
|-heal|p1a: Raging Bolt|77/100|[from] Grassy Terrain
|-heal|p1a: Raging Bolt|83/100|[from] item: Leftovers
|-fieldend|move: Grassy Terrain
|upkeep
|
|t:|1758372737
|switch|p2a: Gholdengo|Gholdengo|100/100
|-item|p2a: Gholdengo|Air Balloon
|turn|14
|
|t:|1758372743
|move|p2a: Gholdengo|Make It Rain|p1a: Raging Bolt
|-supereffective|p1a: Raging Bolt
|-damage|p1a: Raging Bolt|3/100
|-unboost|p2a: Gholdengo|spa|1
|move|p1a: Raging Bolt|Thunderbolt|p2a: Gholdengo
|-damage|p2a: Gholdengo|14/100
|-enditem|p2a: Gholdengo|Air Balloon
|
|-heal|p1a: Raging Bolt|9/100|[from] item: Leftovers
|upkeep
|turn|15
|
|t:|1758372753
|move|p2a: Gholdengo|Make It Rain|p1a: Raging Bolt
|-supereffective|p1a: Raging Bolt
|-damage|p1a: Raging Bolt|0 fnt
|-unboost|p2a: Gholdengo|spa|1
|faint|p1a: Raging Bolt
|-end|p1a: Raging Bolt|Protosynthesis|[silent]
|
|upkeep
|
|t:|1758372755
|switch|p1a: Rillaboom|Rillaboom, M|94/100
|-fieldstart|move: Grassy Terrain|[from] ability: Grassy Surge|[of] p1a: Rillaboom
|turn|16
|
|t:|1758372758
|move|p1a: Rillaboom|Wood Hammer|p2a: Gholdengo
|-resisted|p2a: Gholdengo
|-damage|p2a: Gholdengo|0 fnt
|faint|p2a: Gholdengo
|-damage|p1a: Rillaboom|90/100|[from] Recoil
|
|-heal|p1a: Rillaboom|97/100|[from] Grassy Terrain
|upkeep
|
|t:|1758372760
|switch|p2a: Zamazenta|Zamazenta|97/100
|turn|17
|
|t:|1758372765
|move|p1a: Rillaboom|Wood Hammer|p2a: Zamazenta
|-damage|p2a: Zamazenta|35/100
|-damage|p1a: Rillaboom|78/100|[from] Recoil
|move|p2a: Zamazenta|Iron Defense|p2a: Zamazenta
|-boost|p2a: Zamazenta|def|2
|
|-heal|p1a: Rillaboom|84/100|[from] Grassy Terrain
|-heal|p2a: Zamazenta|41/100|[from] Grassy Terrain
|-heal|p2a: Zamazenta|47/100|[from] item: Leftovers
|upkeep
|turn|18
|
|t:|1758372771
|move|p1a: Rillaboom|Wood Hammer|p2a: Zamazenta
|-damage|p2a: Zamazenta|12/100
|-damage|p1a: Rillaboom|73/100|[from] Recoil
|move|p2a: Zamazenta|Body Press|p1a: Rillaboom
|-damage|p1a: Rillaboom|0 fnt
|faint|p1a: Rillaboom
|
|win|1shy9
|raw|healorant's rating: 1747 &rarr; <strong>1725</strong><br />(-22 for losing)
|raw|1shy9's rating: 1707 &rarr; <strong>1729</strong><br />(+22 for winning)
|l|☆healorant
|player|p1|
|l|☆1shy9
|player|p2|
