|j|☆pokeoscar35
|j|☆big amogus
|t:|1758309638
|gametype|singles
|player|p1|pokeoscar35|rosa|1171
|player|p2|big amogus|unknown|1169
|gen|9
|tier|[Gen 9] OU
|rated|
|rule|HP Percentage Mod: HP is shown in percentages
|rule|Endless Battle Clause: Forcing endless battles is banned
|rule|Species Clause: Limit one of each Pokémon
|rule|OHKO Clause: OHKO moves are banned
|rule|Evasion Items Clause: Evasion items are banned
|rule|Evasion Moves Clause: Evasion moves are banned
|rule|Evasion Abilities Clause: Evasion abilities are banned
|rule|Sleep Moves Clause: Sleep-inducing moves are banned
|clearpoke
|poke|p1|Lokix, F|
|poke|p1|Cinderace, F|
|poke|p1|Great Tusk|
|poke|p1|Alomomola, M|
|poke|p1|Enamorus, F|
|poke|p1|Slowking-Galar, M|
|poke|p2|Qwilfish-Hisui, M|
|poke|p2|Typhlosion-Hisui, F|
|poke|p2|Braviary-Hisui, M|
|poke|p2|Avalugg-Hisui, F|
|poke|p2|Goodra-Hisui, M|
|poke|p2|Electrode-Hisui|
|teampreview
|inactive|Battle timer is ON: inactive players will automatically lose when time's up. (requested by pokeoscar35)
|
|t:|1758309650
|teamsize|p1|6
|teamsize|p2|6
|start
|switch|p1a: Lokix|Lokix, F|100/100
|switch|p2a: Qwilfish|Qwilfish-Hisui, M|100/100
|-ability|p2a: Qwilfish|Intimidate|boost
|-unboost|p1a: Lokix|atk|1
|turn|1
|
|t:|1758309660
|move|p2a: Qwilfish|Toxic Spikes|p1a: Lokix
|-sidestart|p1: pokeoscar35|move: Toxic Spikes
|move|p1a: Lokix|U-turn|p2a: Qwilfish
|-damage|p2a: Qwilfish|73/100
|
|t:|1758309664
|switch|p1a: Slowking|Slowking-Galar, M|100/100|[from] U-turn
|-sideend|p1: pokeoscar35|move: Toxic Spikes|[of] p1a: Slowking
|
|upkeep
|turn|2
|inactive|big amogus has 120 seconds left.
|
|t:|1758309700
|move|p2a: Qwilfish|Crunch|p1a: Slowking
|-supereffective|p1a: Slowking
|-damage|p1a: Slowking|64/100
|-prepare|p1a: Slowking|Chilly Reception|[premajor]
|move|p1a: Slowking|Chilly Reception|p1a: Slowking
|-weather|Snowscape
|inactive|pokeoscar35 has 120 seconds left.
|inactive|pokeoscar35 has 90 seconds left.
|inactive|pokeoscar35 has 60 seconds left.
|inactive|pokeoscar35 has 30 seconds left.
|
|t:|1758309821
|switch|p1a: Lokix|Lokix, F|100/100|[from] Chilly Reception
|
|-weather|Snowscape|[upkeep]
|upkeep
|turn|3
|inactive|big amogus has 120 seconds left.
|
|t:|1758309845
|move|p2a: Qwilfish|Spikes|p1a: Lokix
|-sidestart|p1: pokeoscar35|Spikes
|move|p1a: Lokix|U-turn|p2a: Qwilfish
|-damage|p2a: Qwilfish|35/100
|
|t:|1758309850
|switch|p1a: Great Tusk|Great Tusk|100/100|[from] U-turn
|-damage|p1a: Great Tusk|88/100|[from] Spikes
|
|-weather|Snowscape|[upkeep]
|-heal|p1a: Great Tusk|94/100|[from] item: Leftovers
|upkeep
|turn|4
|inactive|big amogus has 120 seconds left.
|
|t:|1758309859
|switch|p2a: Avalugg|Avalugg-Hisui, F|100/100
|move|p1a: Great Tusk|Rapid Spin|p2a: Avalugg
|-resisted|p2a: Avalugg
|-damage|p2a: Avalugg|98/100
|-boost|p1a: Great Tusk|spe|1
|-sideend|p1: pokeoscar35|Spikes|[from] move: Rapid Spin|[of] p1a: Great Tusk
|
|-weather|Snowscape|[upkeep]
|-heal|p1a: Great Tusk|100/100|[from] item: Leftovers
|upkeep
|turn|5
|
|t:|1758309875
|move|p1a: Great Tusk|Bulk Up|p1a: Great Tusk
|-boost|p1a: Great Tusk|atk|1
|-boost|p1a: Great Tusk|def|1
|move|p2a: Avalugg|Avalanche|p1a: Great Tusk
|-supereffective|p1a: Great Tusk
|-damage|p1a: Great Tusk|84/100
|
|-weather|Snowscape|[upkeep]
|-heal|p1a: Great Tusk|90/100|[from] item: Leftovers
|upkeep
|turn|6
|
|t:|1758309894
|switch|p2a: Braviary|Braviary-Hisui, M|100/100
|move|p1a: Great Tusk|Knock Off|p2a: Braviary
|-supereffective|p2a: Braviary
|-damage|p2a: Braviary|11/100
|-enditem|p2a: Braviary|Heavy-Duty Boots|[from] move: Knock Off|[of] p1a: Great Tusk
|
|-weather|none
|-heal|p1a: Great Tusk|96/100|[from] item: Leftovers
|upkeep
|turn|7
|
|t:|1758309907
|move|p1a: Great Tusk|Rapid Spin|p2a: Braviary
|-damage|p2a: Braviary|0 fnt
|-boost|p1a: Great Tusk|spe|1
|faint|p2a: Braviary
|
|-heal|p1a: Great Tusk|100/100|[from] item: Leftovers
|upkeep
|
|t:|1758309911
|switch|p2a: Qwilfish|Qwilfish-Hisui, M|35/100
|-ability|p2a: Qwilfish|Intimidate|boost
|-unboost|p1a: Great Tusk|atk|1
|turn|8
|
|t:|1758309919
|move|p1a: Great Tusk|Bulk Up|p1a: Great Tusk
|-boost|p1a: Great Tusk|atk|1
|-boost|p1a: Great Tusk|def|1
|move|p2a: Qwilfish|Barb Barrage|p1a: Great Tusk
|-resisted|p1a: Great Tusk
|-damage|p1a: Great Tusk|98/100
|
|-heal|p1a: Great Tusk|100/100|[from] item: Leftovers
|upkeep
|turn|9
|
|t:|1758309929
|move|p1a: Great Tusk|Earthquake|p2a: Qwilfish
|-supereffective|p2a: Qwilfish
|-damage|p2a: Qwilfish|0 fnt
|faint|p2a: Qwilfish
|
|upkeep
|
|t:|1758309933
|switch|p2a: Electrode|Electrode-Hisui|100/100
|turn|10
|inactive|pokeoscar35 has 60 seconds left.
|inactive|pokeoscar35 has 30 seconds left.
|inactive|pokeoscar35 has 20 seconds left.
|inactive|pokeoscar35 has 15 seconds left.
|inactive|pokeoscar35 has 10 seconds left.
|inactive|pokeoscar35 has 5 seconds left.
|-message|pokeoscar35 lost due to inactivity.
|
|win|big amogus
|raw|pokeoscar35's rating: 1171 &rarr; <strong>1146</strong><br />(-25 for losing)
|raw|big amogus's rating: 1169 &rarr; <strong>1194</strong><br />(+25 for winning)
|l|☆big amogus
|player|p2|
|l|☆pokeoscar35
|player|p1|
