|j|☆whichjuanz
|j|☆Amoroc
|t:|1758309852
|gametype|singles
|player|p1|whichjuanz|hiker-gen4|1449
|player|p2|Amoroc|hiker|1426
|gen|9
|tier|[Gen 9] OU
|rated|
|rule|HP Percentage Mod: HP is shown in percentages
|rule|Endless Battle Clause: Forcing endless battles is banned
|rule|Species Clause: Limit one of each Pokémon
|rule|OHKO Clause: OHKO moves are banned
|rule|Evasion Items Clause: Evasion items are banned
|rule|Evasion Moves Clause: Evasion moves are banned
|rule|Evasion Abilities Clause: Evasion abilities are banned
|rule|Sleep Moves Clause: Sleep-inducing moves are banned
|clearpoke
|poke|p1|Primeape, M|
|poke|p1|Alomomola, M|
|poke|p1|Pawmot, F|
|poke|p1|Gardevoir, F|
|poke|p1|Maushold-Four|
|poke|p1|Kingambit, F|
|poke|p2|Vaporeon, F|
|poke|p2|Ting-Lu|
|poke|p2|Electrode-Hisui|
|poke|p2|Haxorus, M|
|poke|p2|Talonflame, F|
|poke|p2|Tinkaton, F|
|teampreview
|inactive|Battle timer is ON: inactive players will automatically lose when time's up. (requested by whichjuanz)
|inactive|Amoroc has 120 seconds left.
|
|t:|1758309901
|teamsize|p1|6
|teamsize|p2|6
|start
|switch|p1a: Clean up crew|Maushold-Four, shiny|100/100
|switch|p2a: Noko Shikanoko|Ting-Lu|100/100
|-ability|p2a: Noko Shikanoko|Vessel of Ruin
|turn|1
|
|t:|1758309917
|move|p1a: Clean up crew|Switcheroo|p2a: Noko Shikanoko
|-activate|p1a: Clean up crew|move: Trick|[of] p2a: Noko Shikanoko
|-item|p2a: Noko Shikanoko|Choice Scarf|[from] move: Switcheroo
|-item|p1a: Clean up crew|Choice Band|[from] move: Switcheroo
|move|p2a: Noko Shikanoko|Earthquake|p1a: Clean up crew
|-damage|p1a: Clean up crew|14/100
|
|upkeep
|turn|2
|
|t:|1758309924
|switch|p1a: ComeBackKid|Alomomola, M, shiny|100/100
|move|p2a: Noko Shikanoko|Earthquake|p1a: ComeBackKid
|-damage|p1a: ComeBackKid|71/100
|
|-heal|p1a: ComeBackKid|77/100|[from] item: Leftovers
|upkeep
|turn|3
|
|t:|1758309934
|switch|p2a: Megumin|Electrode-Hisui|100/100
|move|p1a: ComeBackKid|Wish|p1a: ComeBackKid
|
|-heal|p1a: ComeBackKid|83/100|[from] item: Leftovers
|upkeep
|turn|4
|
|t:|1758309952
|switch|p1a: PunchingBag|Primeape, M, shiny|100/100
|move|p2a: Megumin|Thunderbolt|p1a: PunchingBag
|-damage|p1a: PunchingBag|67/100
|
|-heal|p1a: PunchingBag|100/100|[from] move: Wish|[wisher] ComeBackKid
|upkeep
|turn|5
|
|t:|1758309960
|switch|p2a: Jibril|Talonflame, F|100/100
|move|p1a: PunchingBag|Bulk Up|p1a: PunchingBag
|-boost|p1a: PunchingBag|atk|1
|-boost|p1a: PunchingBag|def|1
|
|upkeep
|turn|6
|
|t:|1758309988
|switch|p1a: ComeBackKid|Alomomola, M, shiny|100/100
|move|p2a: Jibril|Will-O-Wisp|p1a: ComeBackKid
|-status|p1a: ComeBackKid|brn
|
|-damage|p1a: ComeBackKid|94/100 brn|[from] brn
|upkeep
|turn|7
|
|t:|1758309999
|switch|p2a: Megumin|Electrode-Hisui|100/100
|move|p1a: ComeBackKid|Wish|p1a: ComeBackKid
|
|-heal|p1a: ComeBackKid|100/100 brn|[from] item: Leftovers
|-damage|p1a: ComeBackKid|94/100 brn|[from] brn
|upkeep
|turn|8
|inactive|whichjuanz has 120 seconds left.
|
|t:|1758310032
|switch|p1a: PunchingBag|Primeape, M, shiny|100/100
|move|p2a: Megumin|Volt Switch|p1a: PunchingBag
|-damage|p1a: PunchingBag|78/100
|
|t:|1758310041
|switch|p2a: Jibril|Talonflame, F|100/100|[from] Volt Switch
|
|-heal|p1a: PunchingBag|100/100|[from] move: Wish|[wisher] ComeBackKid
|upkeep
|turn|9
|inactive|whichjuanz has 120 seconds left.
|inactive|whichjuanz has 90 seconds left.
|
|t:|1758310083
|switch|p2a: Rim|Haxorus, M|100/100
|-ability|p2a: Rim|Mold Breaker
|switch|p1a: ComeBackKid|Alomomola, M, shiny|100/100 brn
|
|-damage|p1a: ComeBackKid|94/100 brn|[from] brn
|upkeep
|turn|10
|
|t:|1758310091
|move|p2a: Rim|Dragon Dance|p2a: Rim
|-boost|p2a: Rim|atk|1
|-boost|p2a: Rim|spe|1
|move|p1a: ComeBackKid|Flip Turn|p2a: Rim
|-resisted|p2a: Rim
|-damage|p2a: Rim|95/100
|inactive|whichjuanz has 90 seconds left.
|
|t:|1758310127
|switch|p1a: Trixxy|Gardevoir, F, shiny|100/100|[from] Flip Turn
|-ability|p1a: Trixxy|Mold Breaker|Trace|[from] ability: Trace|[of] p2a: Rim
|-ability|p1a: Trixxy|Mold Breaker
|
|upkeep
|turn|11
|
|t:|1758310135
|move|p2a: Rim|Earthquake|p1a: Trixxy
|-damage|p1a: Trixxy|0 fnt
|faint|p1a: Trixxy
|-damage|p2a: Rim|85/100|[from] item: Life Orb
|
|upkeep
|
|t:|1758310141
|switch|p1a: Last Mon Standing|Kingambit, F, shiny|100/100
|-activate|p1a: Last Mon Standing|ability: Supreme Overlord
|-start|p1a: Last Mon Standing|fallen1|[silent]
|turn|12
|
|t:|1758310146
|-terastallize|p1a: Last Mon Standing|Flying
|move|p2a: Rim|Earthquake|p1a: Last Mon Standing
|-immune|p1a: Last Mon Standing
|move|p1a: Last Mon Standing|Kowtow Cleave|p2a: Rim
|-damage|p2a: Rim|10/100
|
|upkeep
|turn|13
|
|t:|1758310154
|move|p2a: Rim|Outrage|p1a: Last Mon Standing
|-damage|p1a: Last Mon Standing|12/100
|-damage|p2a: Rim|0 fnt|[from] item: Life Orb
|faint|p2a: Rim
|move|p1a: Last Mon Standing|Kowtow Cleave|p2: Rim|[notarget]
|-fail|p1a: Last Mon Standing
|
|upkeep
|
|t:|1758310165
|switch|p2a: Megumin|Electrode-Hisui|100/100
|turn|14
|
|t:|1758310171
|move|p1a: Last Mon Standing|Sucker Punch|p2a: Megumin
|-damage|p2a: Megumin|24/100
|move|p2a: Megumin|Volt Switch|p1a: Last Mon Standing
|-supereffective|p1a: Last Mon Standing
|-damage|p1a: Last Mon Standing|0 fnt
|faint|p1a: Last Mon Standing
|-end|p1a: Last Mon Standing|fallen1|[silent]
|
|t:|1758310187
|switch|p2a: Excel Walter|Vaporeon, F|100/100|[from] Volt Switch
|
|upkeep
|
|t:|1758310189
|switch|p1a: Redo|Pawmot, F, shiny|100/100
|turn|15
|
|t:|1758310203
|-terastallize|p2a: Excel Walter|Ground
|move|p1a: Redo|Revival Blessing|p1a: Redo
|-enditem|p1a: Redo|Leppa Berry|[eat]
|-activate|p1a: Redo|item: Leppa Berry|Revival Blessing|[consumed]
|
|t:|1758310206
|-heal|p1: Trixxy|50/100|[from] move: Revival Blessing
|move|p2a: Excel Walter|Calm Mind|p2a: Excel Walter
|-boost|p2a: Excel Walter|spa|1
|-boost|p2a: Excel Walter|spd|1
|
|upkeep
|turn|16
|
|t:|1758310212
|move|p1a: Redo|Revival Blessing|p1a: Redo
|
|t:|1758310214
|-heal|p1: Last Mon Standing|50/100|[from] move: Revival Blessing
|move|p2a: Excel Walter|Calm Mind|p2a: Excel Walter
|-boost|p2a: Excel Walter|spa|1
|-boost|p2a: Excel Walter|spd|1
|
|upkeep
|turn|17
|
|t:|1758310221
|switch|p1a: PunchingBag|Primeape, M, shiny|100/100
|move|p2a: Excel Walter|Acid Armor|p2a: Excel Walter
|-boost|p2a: Excel Walter|def|2
|
|upkeep
|turn|18
|
|t:|1758310227
|move|p1a: PunchingBag|U-turn|p2a: Excel Walter
|-damage|p2a: Excel Walter|94/100
|
|t:|1758310228
|switch|p1a: Clean up crew|Maushold-Four, shiny|14/100|[from] U-turn
|move|p2a: Excel Walter|Calm Mind|p2a: Excel Walter
|-boost|p2a: Excel Walter|spa|1
|-boost|p2a: Excel Walter|spd|1
|
|-heal|p2a: Excel Walter|100/100|[from] item: Leftovers
|upkeep
|turn|19
|
|t:|1758310237
|move|p1a: Clean up crew|Switcheroo|p2a: Excel Walter
|-activate|p1a: Clean up crew|move: Trick|[of] p2a: Excel Walter
|-item|p2a: Excel Walter|Choice Band|[from] move: Switcheroo
|-item|p1a: Clean up crew|Leftovers|[from] move: Switcheroo
|move|p2a: Excel Walter|Scald|p1a: Clean up crew
|-damage|p1a: Clean up crew|0 fnt
|faint|p1a: Clean up crew
|
|upkeep
|
|t:|1758310240
|switch|p1a: Trixxy|Gardevoir, F, shiny|50/100
|-ability|p1a: Trixxy|Water Absorb|Trace|[from] ability: Trace|[of] p2a: Excel Walter
|turn|20
|
|t:|1758310258
|switch|p2a: Sanae Dekomori|Tinkaton, F|100/100
|-ability|p2a: Sanae Dekomori|Mold Breaker
|move|p1a: Trixxy|Moonblast|p2a: Sanae Dekomori
|-resisted|p2a: Sanae Dekomori
|-damage|p2a: Sanae Dekomori|73/100
|
|-heal|p2a: Sanae Dekomori|80/100|[from] item: Leftovers
|upkeep
|turn|21
|
|t:|1758310267
|switch|p1a: Redo|Pawmot, F, shiny|100/100
|move|p2a: Sanae Dekomori|Stealth Rock|p1a: Redo
|-sidestart|p1: whichjuanz|move: Stealth Rock
|
|-heal|p2a: Sanae Dekomori|86/100|[from] item: Leftovers
|upkeep
|turn|22
|
|t:|1758310286
|move|p1a: Redo|Fire Punch|p2a: Sanae Dekomori
|-supereffective|p2a: Sanae Dekomori
|-damage|p2a: Sanae Dekomori|17/100
|move|p2a: Sanae Dekomori|Play Rough|p1a: Redo
|-supereffective|p1a: Redo
|-damage|p1a: Redo|0 fnt
|faint|p1a: Redo
|
|-heal|p2a: Sanae Dekomori|23/100|[from] item: Leftovers
|upkeep
|
|t:|1758310293
|switch|p1a: Trixxy|Gardevoir, F, shiny|50/100
|-damage|p1a: Trixxy|38/100|[from] Stealth Rock
|-ability|p1a: Trixxy|Mold Breaker|Trace|[from] ability: Trace|[of] p2a: Sanae Dekomori
|-ability|p1a: Trixxy|Mold Breaker
|turn|23
|
|t:|1758310302
|move|p1a: Trixxy|Moonblast|p2a: Sanae Dekomori
|-resisted|p2a: Sanae Dekomori
|-damage|p2a: Sanae Dekomori|0 fnt
|faint|p2a: Sanae Dekomori
|
|upkeep
|
|t:|1758310325
|switch|p2a: Jibril|Talonflame, F|100/100
|turn|24
|
|t:|1758310345
|switch|p1a: ComeBackKid|Alomomola, M, shiny|100/100 brn
|-damage|p1a: ComeBackKid|88/100 brn|[from] Stealth Rock
|move|p2a: Jibril|Brave Bird|p1a: ComeBackKid
|-damage|p1a: ComeBackKid|69/100 brn
|-damage|p2a: Jibril|91/100|[from] Recoil
|
|-heal|p1a: ComeBackKid|75/100 brn|[from] item: Leftovers
|-damage|p1a: ComeBackKid|69/100 brn|[from] brn
|upkeep
|turn|25
|
|t:|1758310359
|switch|p2a: Megumin|Electrode-Hisui|24/100
|move|p1a: ComeBackKid|Wish|p1a: ComeBackKid
|
|-heal|p1a: ComeBackKid|75/100 brn|[from] item: Leftovers
|-damage|p1a: ComeBackKid|69/100 brn|[from] brn
|upkeep
|turn|26
|
|t:|1758310367
|switch|p1a: PunchingBag|Primeape, M, shiny|100/100
|-damage|p1a: PunchingBag|95/100|[from] Stealth Rock
|move|p2a: Megumin|Thunderbolt|p1a: PunchingBag
|-damage|p1a: PunchingBag|62/100
|
|-heal|p1a: PunchingBag|100/100|[from] move: Wish|[wisher] ComeBackKid
|upkeep
|turn|27
|
|t:|1758310376
|move|p2a: Megumin|Thunderbolt|p1a: PunchingBag
|-damage|p1a: PunchingBag|69/100
|move|p1a: PunchingBag|Rage Fist|p2a: Megumin
|-damage|p2a: Megumin|0 fnt
|faint|p2a: Megumin
|
|upkeep
|
|t:|1758310384
|switch|p2a: Jibril|Talonflame, F|91/100
|turn|28
|
|t:|1758310387
|switch|p1a: ComeBackKid|Alomomola, M, shiny|100/100 brn
|-damage|p1a: ComeBackKid|88/100 brn|[from] Stealth Rock
|move|p2a: Jibril|Brave Bird|p1a: ComeBackKid
|-damage|p1a: ComeBackKid|68/100 brn
|-damage|p2a: Jibril|81/100|[from] Recoil
|
|-heal|p1a: ComeBackKid|74/100 brn|[from] item: Leftovers
|-damage|p1a: ComeBackKid|68/100 brn|[from] brn
|upkeep
|turn|29
|
|t:|1758310398
|switch|p2a: Noko Shikanoko|Ting-Lu|100/100
|-ability|p2a: Noko Shikanoko|Vessel of Ruin
|move|p1a: ComeBackKid|Wish|p1a: ComeBackKid
|
|-heal|p1a: ComeBackKid|74/100 brn|[from] item: Leftovers
|-damage|p1a: ComeBackKid|68/100 brn|[from] brn
|upkeep
|turn|30
|
|t:|1758310406
|move|p2a: Noko Shikanoko|Earthquake|p1a: ComeBackKid
|-damage|p1a: ComeBackKid|43/100 brn
|move|p1a: ComeBackKid|Flip Turn|p2a: Noko Shikanoko
|-supereffective|p2a: Noko Shikanoko
|-damage|p2a: Noko Shikanoko|92/100
|
|t:|1758310409
|switch|p1a: Trixxy|Gardevoir, F, shiny|38/100|[from] Flip Turn
|-damage|p1a: Trixxy|26/100|[from] Stealth Rock
|-ability|p1a: Trixxy|Vessel of Ruin|Trace|[from] ability: Trace|[of] p2a: Noko Shikanoko
|-ability|p1a: Trixxy|Vessel of Ruin
|
|-heal|p1a: Trixxy|100/100|[from] move: Wish|[wisher] ComeBackKid
|upkeep
|turn|31
|
|t:|1758310420
|move|p1a: Trixxy|Moonblast|p2a: Noko Shikanoko
|-supereffective|p2a: Noko Shikanoko
|-damage|p2a: Noko Shikanoko|12/100
|move|p2a: Noko Shikanoko|Earthquake|p1a: Trixxy
|-damage|p1a: Trixxy|10/100
|
|upkeep
|turn|32
|
|t:|1758310426
|move|p1a: Trixxy|Moonblast|p2a: Noko Shikanoko
|-supereffective|p2a: Noko Shikanoko
|-damage|p2a: Noko Shikanoko|0 fnt
|faint|p2a: Noko Shikanoko
|
|upkeep
|
|t:|1758310433
|switch|p2a: Jibril|Talonflame, F|81/100
|turn|33
|
|t:|1758310436
|switch|p1a: ComeBackKid|Alomomola, M, shiny|76/100 brn
|-damage|p1a: ComeBackKid|64/100 brn|[from] Stealth Rock
|move|p2a: Jibril|Brave Bird|p1a: ComeBackKid
|-damage|p1a: ComeBackKid|46/100 brn
|-damage|p2a: Jibril|72/100|[from] Recoil
|
|-heal|p1a: ComeBackKid|53/100 brn|[from] item: Leftovers
|-damage|p1a: ComeBackKid|46/100 brn|[from] brn
|upkeep
|turn|34
|
|t:|1758310447
|move|p2a: Jibril|Brave Bird|p1a: ComeBackKid
|-damage|p1a: ComeBackKid|27/100 brn
|-damage|p2a: Jibril|63/100|[from] Recoil
|move|p1a: ComeBackKid|Wish|p1a: ComeBackKid
|
|-heal|p1a: ComeBackKid|33/100 brn|[from] item: Leftovers
|-damage|p1a: ComeBackKid|27/100 brn|[from] brn
|upkeep
|turn|35
|
|t:|1758310454
|move|p1a: ComeBackKid|Protect|p1a: ComeBackKid
|-singleturn|p1a: ComeBackKid|Protect
|move|p2a: Jibril|Brave Bird|p1a: ComeBackKid
|-activate|p1a: ComeBackKid|move: Protect
|
|-heal|p1a: ComeBackKid|77/100 brn|[from] move: Wish|[wisher] ComeBackKid
|-heal|p1a: ComeBackKid|83/100 brn|[from] item: Leftovers
|-damage|p1a: ComeBackKid|77/100 brn|[from] brn
|upkeep
|turn|36
|
|t:|1758310465
|move|p2a: Jibril|Roost|p2a: Jibril
|-heal|p2a: Jibril|100/100
|-singleturn|p2a: Jibril|move: Roost
|move|p1a: ComeBackKid|Wish|p1a: ComeBackKid
|
|-heal|p1a: ComeBackKid|83/100 brn|[from] item: Leftovers
|-damage|p1a: ComeBackKid|77/100 brn|[from] brn
|upkeep
|turn|37
|-message|Amoroc forfeited.
|
|win|whichjuanz
|raw|whichjuanz's rating: 1449 &rarr; <strong>1468</strong><br />(+19 for winning)
|raw|Amoroc's rating: 1426 &rarr; <strong>1407</strong><br />(-19 for losing)
|l|☆Amoroc
|player|p2|
|l|☆whichjuanz
|player|p1|
