|j|☆Krabarabarab
|j|☆bnar19
|inactive|Battle timer is ON: inactive players will automatically lose when time's up.
|t:|1758250272
|gametype|singles
|player|p1|Krabarabarab|barry|
|player|p2|bnar19|palmer|
|gen|9
|tier|[Gen 9] OU
|rated|Tournament battle
|rule|HP Percentage Mod: HP is shown in percentages
|rule|Endless Battle Clause: Forcing endless battles is banned
|rule|Species Clause: Limit one of each Pokémon
|rule|OHKO Clause: OHKO moves are banned
|rule|Evasion Items Clause: Evasion items are banned
|rule|Evasion Moves Clause: Evasion moves are banned
|rule|Evasion Abilities Clause: Evasion abilities are banned
|rule|Sleep Moves Clause: Sleep-inducing moves are banned
|raw|<div class="infobox"><details class="readmore"><summary><strong>15 custom rules:</strong></summary> -burmy, -caterpie, -combee, -kricketot, -magikarp, -scatterbug, -sunkern, -tynamo, -typenull, -weedle, -wurmple, -cosmog, -blipbug, -snom, -wynaut</details></div>
|clearpoke
|poke|p1|Vullaby, F|
|poke|p1|Skiddo, F|
|poke|p1|Braixen, F|
|poke|p1|Gholdengo|
|poke|p2|Mudbray, M|
|poke|p2|Chimchar, F|
|poke|p2|Amoonguss, F|
|poke|p2|Skuntank, F|
|teampreview
|j|*Lady Monita ☀
|inactive|Krabarabarab also wants the timer to be on.
|j| kragnar09
|c|☆Krabarabarab|glhf
|c|☆bnar19|u2!
|
|t:|1758250293
|teamsize|p1|4
|teamsize|p2|4
|start
|switch|p1a: Braixen|Braixen, F, shiny|100/100
|switch|p2a: Mudbray|Mudbray, M|100/100
|turn|1
|
|t:|1758250302
|move|p1a: Braixen|Grass Knot|p2a: Mudbray
|-supereffective|p2a: Mudbray
|-damage|p2a: Mudbray|8/100
|-ability|p2a: Mudbray|Stamina|boost
|-boost|p2a: Mudbray|def|1
|move|p2a: Mudbray|Stealth Rock|p1a: Braixen
|-sidestart|p1: Krabarabarab|move: Stealth Rock
|
|upkeep
|turn|2
|
|t:|1758250318
|switch|p1a: Skiddo|Skiddo, F|100/100
|-damage|p1a: Skiddo|88/100|[from] Stealth Rock
|move|p2a: Mudbray|Earthquake|p1a: Skiddo
|-resisted|p1a: Skiddo
|-damage|p1a: Skiddo|57/100
|
|upkeep
|turn|3
|
|t:|1758250327
|move|p1a: Skiddo|Grassy Terrain|p1a: Skiddo
|-fieldstart|move: Grassy Terrain
|move|p2a: Mudbray|Close Combat|p1a: Skiddo
|-damage|p1a: Skiddo|25/100
|-unboost|p2a: Mudbray|def|1
|-unboost|p2a: Mudbray|spd|1
|
|-heal|p1a: Skiddo|31/100|[from] Grassy Terrain
|-heal|p2a: Mudbray|14/100|[from] Grassy Terrain
|upkeep
|turn|4
|l| kragnar09
|
|t:|1758250336
|move|p1a: Skiddo|Grassy Glide|p2a: Mudbray
|-supereffective|p2a: Mudbray
|-damage|p2a: Mudbray|0 fnt
|faint|p2a: Mudbray
|
|-heal|p1a: Skiddo|37/100|[from] Grassy Terrain
|upkeep
|
|t:|1758250345
|switch|p2a: Chimchar|Chimchar, F|100/100
|turn|5
|
|t:|1758250349
|move|p2a: Chimchar|Fake Out|p1a: Skiddo
|-damage|p1a: Skiddo|30/100
|cant|p1a: Skiddo|flinch
|
|-heal|p1a: Skiddo|36/100|[from] Grassy Terrain
|upkeep
|turn|6
|
|t:|1758250357
|move|p1a: Skiddo|Grassy Glide|p2a: Chimchar
|-resisted|p2a: Chimchar
|-damage|p2a: Chimchar|82/100
|move|p2a: Chimchar|Fire Punch|p1a: Skiddo
|-supereffective|p1a: Skiddo
|-damage|p1a: Skiddo|0 fnt
|faint|p1a: Skiddo
|
|-heal|p2a: Chimchar|88/100|[from] Grassy Terrain
|upkeep
|
|t:|1758250372
|switch|p1a: Vullaby|Vullaby, F, shiny|100/100
|-damage|p1a: Vullaby|76/100|[from] Stealth Rock
|turn|7
|
|t:|1758250387
|move|p2a: Chimchar|Thunder Punch|p1a: Vullaby
|-supereffective|p1a: Vullaby
|-damage|p1a: Vullaby|44/100
|-ability|p1a: Vullaby|Weak Armor|boost
|-unboost|p1a: Vullaby|def|1
|-boost|p1a: Vullaby|spe|2
|move|p1a: Vullaby|Nasty Plot|p1a: Vullaby
|-boost|p1a: Vullaby|spa|2
|
|-heal|p2a: Chimchar|94/100|[from] Grassy Terrain
|-fieldend|move: Grassy Terrain
|upkeep
|turn|8
|
|t:|1758250401
|-terastallize|p1a: Vullaby|Ground
|move|p1a: Vullaby|Dark Pulse|p2a: Chimchar
|-damage|p2a: Chimchar|19/100
|move|p2a: Chimchar|Thunder Punch|p1a: Vullaby
|-immune|p1a: Vullaby
|
|upkeep
|turn|9
|
|t:|1758250421
|switch|p2a: Amoonguss|Amoonguss, F|100/100
|move|p1a: Vullaby|Dark Pulse|p2a: Amoonguss
|-damage|p2a: Amoonguss|57/100
|
|-heal|p2a: Amoonguss|63/100|[from] item: Black Sludge
|upkeep
|turn|10
|
|t:|1758250429
|move|p1a: Vullaby|Air Slash|p2a: Amoonguss
|-supereffective|p2a: Amoonguss
|-damage|p2a: Amoonguss|0 fnt
|faint|p2a: Amoonguss
|
|upkeep
|
|t:|1758250434
|switch|p2a: Skuntank|Skuntank, F|100/100
|turn|11
|
|t:|1758250444
|move|p1a: Vullaby|Tera Blast|p2a: Skuntank|[anim] Tera Blast Ground
|-supereffective|p2a: Skuntank
|-damage|p2a: Skuntank|0 fnt
|faint|p2a: Skuntank
|
|upkeep
|
|t:|1758250449
|switch|p2a: Chimchar|Chimchar, F|19/100
|turn|12
|
|t:|1758250452
|move|p2a: Chimchar|Fake Out|p1a: Vullaby
|-damage|p1a: Vullaby|33/100
|-ability|p1a: Vullaby|Weak Armor|boost
|-unboost|p1a: Vullaby|def|1
|-boost|p1a: Vullaby|spe|2
|cant|p1a: Vullaby|flinch
|
|upkeep
|turn|13
|c|☆bnar19|gg
|
|t:|1758250461
|move|p1a: Vullaby|Tera Blast|p2a: Chimchar|[anim] Tera Blast Ground
|-supereffective|p2a: Chimchar
|-damage|p2a: Chimchar|0 fnt
|faint|p2a: Chimchar
|
|win|Krabarabarab
|n|☆Krabarabarab|krabarabarab
|n|☆bnar19|bnar19
|n|*Lady Monita ☀|ladymonita
