|j|☆diav
|j|☆Ayayaphone
|t:|1758289493
|gametype|singles
|player|p1|diav|artist-gen4|1465
|player|p2|Ayayaphone|170|1384
|gen|9
|tier|[Gen 9] OU
|rated|
|rule|HP Percentage Mod: HP is shown in percentages
|rule|Endless Battle Clause: Forcing endless battles is banned
|rule|Species Clause: Limit one of each Pokémon
|rule|OHKO Clause: OHKO moves are banned
|rule|Evasion Items Clause: Evasion items are banned
|rule|Evasion Moves Clause: Evasion moves are banned
|rule|Evasion Abilities Clause: Evasion abilities are banned
|rule|Sleep Moves Clause: Sleep-inducing moves are banned
|clearpoke
|poke|p1|Kyurem|
|poke|p1|Chansey, F|
|poke|p1|Samurott-Hisui, F|
|poke|p1|Great Tusk|
|poke|p1|Hatterene, F|
|poke|p1|Weavile, F|
|poke|p2|Jirachi|
|poke|p2|Landorus-Therian, M|
|poke|p2|Glimmora, M|
|poke|p2|Incineroar, F|
|poke|p2|Ogerpon, F|
|poke|p2|Indeedee, M|
|teampreview
|inactive|Battle timer is ON: inactive players will automatically lose when time's up. (requested by diav)
|inactive|Ayayaphone also wants the timer to be on.
|
|t:|1758289509
|teamsize|p1|6
|teamsize|p2|6
|start
|switch|p1a: Kyurem|Kyurem|100/100
|switch|p2a: Ogerpon|Ogerpon, F|100/100
|-ability|p1a: Kyurem|Pressure
|turn|1
|
|t:|1758289522
|switch|p1a: Great Tusk|Great Tusk|100/100
|move|p2a: Ogerpon|U-turn|p1a: Great Tusk
|-resisted|p1a: Great Tusk
|-damage|p1a: Great Tusk|95/100
|
|t:|1758289529
|switch|p2a: Indeedee|Indeedee, M|100/100|[from] U-turn
|-fieldstart|move: Psychic Terrain|[from] ability: Psychic Surge|[of] p2a: Indeedee
|
|-heal|p1a: Great Tusk|100/100|[from] item: Leftovers
|upkeep
|turn|2
|
|t:|1758289534
|switch|p2a: Ogerpon|Ogerpon, F|100/100
|-end|p1a: Great Tusk|Protosynthesis|[silent]
|switch|p1a: Chansey|Chansey, F|100/100
|
|upkeep
|turn|3
|
|t:|1758289538
|move|p2a: Ogerpon|Knock Off|p1a: Chansey
|-damage|p1a: Chansey|78/100
|-enditem|p1a: Chansey|Eviolite|[from] move: Knock Off|[of] p2a: Ogerpon
|move|p1a: Chansey|Thunder Wave|p2a: Ogerpon
|-status|p2a: Ogerpon|par
|
|upkeep
|turn|4
|
|t:|1758289546
|move|p2a: Ogerpon|Encore|p1a: Chansey
|-start|p1a: Chansey|Encore
|move|p1a: Chansey|Thunder Wave|p2a: Ogerpon
|-fail|p2a: Ogerpon|par
|
|upkeep
|turn|5
|
|t:|1758289556
|switch|p1a: Great Tusk|Great Tusk|100/100
|move|p2a: Ogerpon|Knock Off|p1a: Great Tusk
|-resisted|p1a: Great Tusk
|-damage|p1a: Great Tusk|92/100
|-enditem|p1a: Great Tusk|Leftovers|[from] move: Knock Off|[of] p2a: Ogerpon
|
|-fieldend|move: Psychic Terrain
|upkeep
|turn|6
|
|t:|1758289562
|move|p1a: Great Tusk|Bulk Up|p1a: Great Tusk
|-boost|p1a: Great Tusk|atk|1
|-boost|p1a: Great Tusk|def|1
|move|p2a: Ogerpon|Ivy Cudgel|p1a: Great Tusk
|-supereffective|p1a: Great Tusk
|-damage|p1a: Great Tusk|59/100
|
|upkeep
|turn|7
|
|t:|1758289567
|move|p1a: Great Tusk|Ice Spinner|p2a: Ogerpon
|-supereffective|p2a: Ogerpon
|-crit|p2a: Ogerpon
|-damage|p2a: Ogerpon|0 fnt
|faint|p2a: Ogerpon
|
|upkeep
|
|t:|1758289573
|switch|p2a: Indeedee|Indeedee, M|100/100
|-fieldstart|move: Psychic Terrain|[from] ability: Psychic Surge|[of] p2a: Indeedee
|turn|8
|
|t:|1758289576
|-end|p1a: Great Tusk|Protosynthesis|[silent]
|switch|p1a: Chansey|Chansey, F|78/100
|move|p2a: Indeedee|Expanding Force|p1a: Chansey
|-damage|p1a: Chansey|46/100
|
|upkeep
|turn|9
|
|t:|1758289582
|switch|p2a: Jirachi|Jirachi|100/100
|move|p1a: Chansey|Soft-Boiled|p1a: Chansey
|-heal|p1a: Chansey|96/100
|
|upkeep
|turn|10
|
|t:|1758289585
|move|p2a: Jirachi|Stealth Rock|p1a: Chansey
|-sidestart|p1: diav|move: Stealth Rock
|move|p1a: Chansey|Thunder Wave|p2a: Jirachi
|-status|p2a: Jirachi|par
|
|upkeep
|turn|11
|
|t:|1758289592
|move|p1a: Chansey|Seismic Toss|p2a: Jirachi
|-damage|p2a: Jirachi|76/100 par
|move|p2a: Jirachi|Doom Desire|p1a: Chansey
|-start|p2a: Jirachi|Doom Desire
|
|-heal|p2a: Jirachi|82/100 par|[from] item: Leftovers
|upkeep
|turn|12
|
|t:|1758289595
|move|p1a: Chansey|Seismic Toss|p2a: Jirachi
|-damage|p2a: Jirachi|57/100 par
|move|p2a: Jirachi|Wish|p2a: Jirachi
|
|-heal|p2a: Jirachi|63/100 par|[from] item: Leftovers
|-fieldend|move: Psychic Terrain
|upkeep
|turn|13
|
|t:|1758289600
|switch|p2a: Glimmora|Glimmora, M|100/100
|move|p1a: Chansey|Seismic Toss|p2a: Glimmora
|-damage|p2a: Glimmora|73/100
|-activate|p2a: Glimmora|ability: Toxic Debris
|-sidestart|p1: diav|move: Toxic Spikes
|
|-end|p1a: Chansey|move: Doom Desire
|-damage|p1a: Chansey|67/100
|-heal|p2a: Glimmora|100/100|[from] move: Wish|[wisher] Jirachi
|upkeep
|turn|14
|
|t:|1758289610
|move|p2a: Glimmora|Mortal Spin|p1a: Chansey
|-damage|p1a: Chansey|62/100
|-status|p1a: Chansey|psn
|move|p1a: Chansey|Soft-Boiled|p1a: Chansey
|-heal|p1a: Chansey|100/100 psn
|
|-damage|p1a: Chansey|88/100 psn|[from] psn
|upkeep
|turn|15
|
|t:|1758289618
|-curestatus|p1a: Chansey|psn|[from] ability: Natural Cure
|switch|p1a: Great Tusk|Great Tusk|59/100
|-damage|p1a: Great Tusk|56/100|[from] Stealth Rock
|-status|p1a: Great Tusk|psn
|move|p2a: Glimmora|Spikes|p1a: Great Tusk
|-sidestart|p1: diav|Spikes
|
|-damage|p1a: Great Tusk|44/100 psn|[from] psn
|upkeep
|turn|16
|
|t:|1758289630
|move|p2a: Glimmora|Spiky Shield|p2a: Glimmora
|-singleturn|p2a: Glimmora|move: Protect
|move|p1a: Great Tusk|Rapid Spin|p2a: Glimmora
|-activate|p2a: Glimmora|move: Protect
|-damage|p1a: Great Tusk|31/100 psn|[from] Spiky Shield|[of] p2a: Glimmora
|
|-damage|p1a: Great Tusk|19/100 psn|[from] psn
|upkeep
|turn|17
|
|t:|1758289646
|move|p1a: Great Tusk|Rapid Spin|p2a: Glimmora
|-resisted|p2a: Glimmora
|-damage|p2a: Glimmora|95/100
|-boost|p1a: Great Tusk|spe|1
|-activate|p2a: Glimmora|ability: Toxic Debris
|-sidestart|p1: diav|move: Toxic Spikes
|-sideend|p1: diav|Spikes|[from] move: Rapid Spin|[of] p1a: Great Tusk
|-sideend|p1: diav|Toxic Spikes|[from] move: Rapid Spin|[of] p1a: Great Tusk
|-sideend|p1: diav|Stealth Rock|[from] move: Rapid Spin|[of] p1a: Great Tusk
|move|p2a: Glimmora|Spikes|p1a: Great Tusk
|-sidestart|p1: diav|Spikes
|
|-heal|p2a: Glimmora|100/100|[from] item: Black Sludge
|-damage|p1a: Great Tusk|7/100 psn|[from] psn
|upkeep
|turn|18
|
|t:|1758289661
|move|p2a: Glimmora|Spiky Shield|p2a: Glimmora
|-singleturn|p2a: Glimmora|move: Protect
|move|p1a: Great Tusk|Rapid Spin|p2a: Glimmora
|-activate|p2a: Glimmora|move: Protect
|-damage|p1a: Great Tusk|0 fnt|[from] Spiky Shield|[of] p2a: Glimmora
|faint|p1a: Great Tusk
|-end|p1a: Great Tusk|Protosynthesis|[silent]
|
|upkeep
|
|t:|1758289662
|switch|p1a: Hatterene|Hatterene, F|100/100
|-damage|p1a: Hatterene|88/100|[from] Spikes
|turn|19
|
|t:|1758289668
|move|p2a: Glimmora|Mortal Spin|p1a: Hatterene
|-supereffective|p1a: Hatterene
|-damage|p1a: Hatterene|75/100
|-status|p1a: Hatterene|psn
|move|p1a: Hatterene|Calm Mind|p1a: Hatterene
|-boost|p1a: Hatterene|spa|1
|-boost|p1a: Hatterene|spd|1
|
|-heal|p1a: Hatterene|81/100 psn|[from] item: Leftovers
|-damage|p1a: Hatterene|68/100 psn|[from] psn
|upkeep
|turn|20
|
|t:|1758289671
|switch|p2a: Jirachi|Jirachi|63/100 par
|move|p1a: Hatterene|Psyshock|p2a: Jirachi
|-resisted|p2a: Jirachi
|-damage|p2a: Jirachi|50/100 par
|
|-heal|p2a: Jirachi|56/100 par|[from] item: Leftovers
|-heal|p1a: Hatterene|74/100 psn|[from] item: Leftovers
|-damage|p1a: Hatterene|62/100 psn|[from] psn
|upkeep
|turn|21
|
|t:|1758289675
|move|p2a: Jirachi|Psychic Noise|p1a: Hatterene
|-resisted|p1a: Hatterene
|-damage|p1a: Hatterene|49/100 psn
|-start|p1a: Hatterene|move: Heal Block
|move|p1a: Hatterene|Mystical Fire|p2a: Jirachi
|-supereffective|p2a: Jirachi
|-damage|p2a: Jirachi|0 fnt
|faint|p2a: Jirachi
|
|-damage|p1a: Hatterene|36/100 psn|[from] psn
|upkeep
|
|t:|1758289682
|switch|p2a: Landorus|Landorus-Therian, M|100/100
|-ability|p2a: Landorus|Intimidate|boost
|-unboost|p1a: Hatterene|atk|1
|turn|22
|
|t:|1758289687
|move|p2a: Landorus|Earthquake|p1a: Hatterene
|-damage|p1a: Hatterene|0 fnt
|faint|p1a: Hatterene
|
|upkeep
|
|t:|1758289689
|switch|p1a: Kyurem|Kyurem|100/100
|-damage|p1a: Kyurem|88/100|[from] Spikes
|-ability|p1a: Kyurem|Pressure
|turn|23
|
|t:|1758289693
|switch|p2a: Incineroar|Incineroar, F|100/100
|-ability|p2a: Incineroar|Intimidate|boost
|-unboost|p1a: Kyurem|atk|1
|move|p1a: Kyurem|Draco Meteor|p2a: Incineroar|[miss]
|-miss|p1a: Kyurem|p2a: Incineroar
|
|upkeep
|turn|24
|
|t:|1758289707
|switch|p2a: Landorus|Landorus-Therian, M|100/100
|-ability|p2a: Landorus|Intimidate|boost
|-unboost|p1a: Kyurem|atk|1
|move|p1a: Kyurem|Draco Meteor|p2a: Landorus
|-damage|p2a: Landorus|0 fnt
|-unboost|p1a: Kyurem|spa|2
|faint|p2a: Landorus
|
|upkeep
|
|t:|1758289711
|switch|p2a: Glimmora|Glimmora, M|100/100
|turn|25
|
|t:|1758289720
|move|p1a: Kyurem|Draco Meteor|p2a: Glimmora
|-damage|p2a: Glimmora|42/100
|-unboost|p1a: Kyurem|spa|2
|move|p2a: Glimmora|Spikes|p1a: Kyurem
|-sidestart|p1: diav|Spikes
|
|-heal|p2a: Glimmora|48/100|[from] item: Black Sludge
|upkeep
|turn|26
|
|t:|1758289729
|switch|p1a: Samurott|Samurott-Hisui, F|100/100
|-damage|p1a: Samurott|84/100|[from] Spikes
|move|p2a: Glimmora|Spiky Shield||[still]
|-fail|p2a: Glimmora
|
|-heal|p2a: Glimmora|55/100|[from] item: Black Sludge
|upkeep
|turn|27
|
|t:|1758289739
|move|p2a: Glimmora|Spiky Shield|p2a: Glimmora
|-singleturn|p2a: Glimmora|move: Protect
|move|p1a: Samurott|Swords Dance|p1a: Samurott
|-boost|p1a: Samurott|atk|2
|
|-heal|p2a: Glimmora|61/100|[from] item: Black Sludge
|upkeep
|turn|28
|
|t:|1758289743
|move|p1a: Samurott|Aqua Cutter|p2a: Glimmora
|-supereffective|p2a: Glimmora
|-damage|p2a: Glimmora|0 fnt
|-activate|p2a: Glimmora|ability: Toxic Debris
|-sidestart|p1: diav|move: Toxic Spikes
|faint|p2a: Glimmora
|
|upkeep
|
|t:|1758289749
|switch|p2a: Indeedee|Indeedee, M|100/100
|-fieldstart|move: Psychic Terrain|[from] ability: Psychic Surge|[of] p2a: Indeedee
|turn|29
|
|t:|1758289759
|move|p2a: Indeedee|Hyper Voice|p1a: Samurott
|-damage|p1a: Samurott|24/100
|move|p1a: Samurott|Ceaseless Edge|p2a: Indeedee|[miss]
|-miss|p1a: Samurott|p2a: Indeedee
|
|upkeep
|turn|30
|
|t:|1758289767
|move|p2a: Indeedee|Hyper Voice|p1a: Samurott
|-damage|p1a: Samurott|0 fnt
|faint|p1a: Samurott
|
|upkeep
|
|t:|1758289770
|switch|p1a: Chansey|Chansey, F|88/100
|-damage|p1a: Chansey|71/100|[from] Spikes
|-status|p1a: Chansey|psn
|turn|31
|
|t:|1758289773
|switch|p2a: Incineroar|Incineroar, F|100/100
|-ability|p2a: Incineroar|Intimidate|boost
|-unboost|p1a: Chansey|atk|1
|move|p1a: Chansey|Thunder Wave|p2a: Incineroar
|-status|p2a: Incineroar|par
|
|-damage|p1a: Chansey|59/100 psn|[from] psn
|upkeep
|turn|32
|
|t:|1758289780
|move|p1a: Chansey|Soft-Boiled|p1a: Chansey
|-heal|p1a: Chansey|100/100 psn
|move|p2a: Incineroar|Flare Blitz|p1a: Chansey
|-damage|p1a: Chansey|59/100 psn
|-damage|p2a: Incineroar|76/100 par|[from] Recoil
|
|-damage|p1a: Chansey|46/100 psn|[from] psn
|upkeep
|turn|33
|
|t:|1758289808
|move|p1a: Chansey|Soft-Boiled|p1a: Chansey
|-heal|p1a: Chansey|96/100 psn
|move|p2a: Incineroar|Flare Blitz|p1a: Chansey
|-damage|p1a: Chansey|49/100 psn
|-damage|p2a: Incineroar|48/100 par|[from] Recoil
|
|-damage|p1a: Chansey|36/100 psn|[from] psn
|-fieldend|move: Psychic Terrain
|upkeep
|turn|34
|
|t:|1758289817
|move|p1a: Chansey|Soft-Boiled|p1a: Chansey
|-heal|p1a: Chansey|87/100 psn
|cant|p2a: Incineroar|par
|
|-damage|p1a: Chansey|74/100 psn|[from] psn
|upkeep
|turn|35
|
|t:|1758289825
|move|p1a: Chansey|Seismic Toss|p2a: Incineroar
|-damage|p2a: Incineroar|23/100 par
|move|p2a: Incineroar|Knock Off|p1a: Chansey
|-damage|p1a: Chansey|51/100 psn
|
|-damage|p1a: Chansey|39/100 psn|[from] psn
|upkeep
|turn|36
|
|t:|1758289831
|move|p1a: Chansey|Soft-Boiled|p1a: Chansey
|-heal|p1a: Chansey|89/100 psn
|move|p2a: Incineroar|Knock Off|p1a: Chansey
|-damage|p1a: Chansey|64/100 psn
|
|-damage|p1a: Chansey|52/100 psn|[from] psn
|upkeep
|turn|37
|
|t:|1758289834
|move|p1a: Chansey|Seismic Toss|p2a: Incineroar
|-damage|p2a: Incineroar|0 fnt
|faint|p2a: Incineroar
|
|-damage|p1a: Chansey|40/100 psn|[from] psn
|upkeep
|
|t:|1758289838
|switch|p2a: Indeedee|Indeedee, M|100/100
|-fieldstart|move: Psychic Terrain|[from] ability: Psychic Surge|[of] p2a: Indeedee
|turn|38
|
|t:|1758289841
|-terastallize|p2a: Indeedee|Psychic
|move|p2a: Indeedee|Expanding Force|p1a: Chansey
|-damage|p1a: Chansey|0 fnt
|faint|p1a: Chansey
|
|upkeep
|
|t:|1758289845
|switch|p1a: Weavile|Weavile, F|100/100
|-damage|p1a: Weavile|84/100|[from] Spikes
|-status|p1a: Weavile|psn
|-ability|p1a: Weavile|Pressure
|turn|39
|
|t:|1758289854
|move|p2a: Indeedee|Expanding Force|p1a: Weavile
|-immune|p1a: Weavile
|move|p1a: Weavile|Knock Off|p2a: Indeedee
|-supereffective|p2a: Indeedee
|-damage|p2a: Indeedee|0 fnt
|-enditem|p2a: Indeedee|Choice Scarf|[from] move: Knock Off|[of] p1a: Weavile
|faint|p2a: Indeedee
|-damage|p1a: Weavile|74/100 psn|[from] item: Life Orb
|
|win|diav
|raw|diav's rating: 1465 &rarr; <strong>1480</strong><br />(+15 for winning)
|raw|Ayayaphone's rating: 1384 &rarr; <strong>1369</strong><br />(-15 for losing)
|l|☆diav
|player|p1|
|l|☆Ayayaphone
|player|p2|
