|j|☆thesinxer
|j|☆dontdigfuncnugnj
|t:|1758345612
|gametype|singles
|player|p1|thesinxer|norman|1193
|player|p2|dontdigfuncnugnj|170|1170
|gen|9
|tier|[Gen 9] OU
|rated|
|rule|HP Percentage Mod: HP is shown in percentages
|rule|Endless Battle Clause: Forcing endless battles is banned
|rule|Species Clause: Limit one of each Pokémon
|rule|OHKO Clause: OHKO moves are banned
|rule|Evasion Items Clause: Evasion items are banned
|rule|Evasion Moves Clause: Evasion moves are banned
|rule|Evasion Abilities Clause: Evasion abilities are banned
|rule|Sleep Moves Clause: Sleep-inducing moves are banned
|clearpoke
|poke|p1|Ogerpon-Wellspring, F|
|poke|p1|Conkeldurr, M|
|poke|p1|Zoroark-Hisui, M|
|poke|p1|Slowking-Galar, M|
|poke|p1|Kingambit, M|
|poke|p1|Cinderace, M|
|poke|p2|Tyranitar, F|
|poke|p2|Gholdengo|
|poke|p2|Zamazenta-*|
|poke|p2|Rillaboom, F|
|poke|p2|Garchomp, F|
|poke|p2|Zapdos|
|teampreview
|
|t:|1758345666
|teamsize|p1|6
|teamsize|p2|6
|start
|switch|p1a: Cinderace|Cinderace, M|100/100
|switch|p2a: Garchomp|Garchomp, F|100/100
|turn|1
|
|t:|1758345672
|move|p1a: Cinderace|Bitter Malice|p2a: Garchomp
|-damage|p2a: Garchomp|66/100
|-unboost|p2a: Garchomp|atk|1
|move|p2a: Garchomp|Earthquake|p1a: Cinderace
|-damage|p1a: Cinderace|38/100
|replace|p1a: NotAPhase|Zoroark-Hisui, M
|-end|p1a: NotAPhase|Illusion
|
|upkeep
|turn|2
|
|t:|1758345682
|move|p1a: NotAPhase|Bitter Malice|p2a: Garchomp
|-damage|p2a: Garchomp|29/100
|-unboost|p2a: Garchomp|atk|1
|move|p2a: Garchomp|Stealth Rock|p1a: NotAPhase
|-sidestart|p1: thesinxer|move: Stealth Rock
|
|upkeep
|turn|3
|
|t:|1758345704
|switch|p2a: Tyranitar|Tyranitar, F|100/100
|-weather|Sandstorm|[from] ability: Sand Stream|[of] p2a: Tyranitar
|move|p1a: NotAPhase|Bitter Malice|p2a: Tyranitar
|-resisted|p2a: Tyranitar
|-damage|p2a: Tyranitar|89/100
|-unboost|p2a: Tyranitar|atk|1
|
|-weather|Sandstorm|[upkeep]
|-damage|p1a: NotAPhase|32/100|[from] Sandstorm
|upkeep
|turn|4
|
|t:|1758345743
|switch|p1a: Juan Punch|Conkeldurr, M, shiny|100/100
|-damage|p1a: Juan Punch|94/100|[from] Stealth Rock
|move|p2a: Tyranitar|Knock Off|p1a: Juan Punch
|-resisted|p1a: Juan Punch
|-damage|p1a: Juan Punch|77/100
|-enditem|p1a: Juan Punch|Blunder Policy|[from] move: Knock Off|[of] p2a: Tyranitar
|
|-weather|Sandstorm|[upkeep]
|-damage|p1a: Juan Punch|71/100|[from] Sandstorm
|upkeep
|turn|5
|inactive|Battle timer is ON: inactive players will automatically lose when time's up. (requested by thesinxer)
|
|t:|1758345758
|switch|p2a: Zapdos|Zapdos|100/100
|move|p1a: Juan Punch|Knock Off|p2a: Zapdos
|-damage|p2a: Zapdos|63/100
|-status|p1a: Juan Punch|par|[from] ability: Static|[of] p2a: Zapdos
|-enditem|p2a: Zapdos|Heavy-Duty Boots|[from] move: Knock Off|[of] p1a: Juan Punch
|
|-weather|Sandstorm|[upkeep]
|-damage|p2a: Zapdos|57/100|[from] Sandstorm
|-damage|p1a: Juan Punch|65/100 par|[from] Sandstorm
|upkeep
|turn|6
|
|t:|1758345778
|move|p2a: Zapdos|Roost|p2a: Zapdos
|-heal|p2a: Zapdos|100/100
|-singleturn|p2a: Zapdos|move: Roost
|move|p1a: Juan Punch|Dynamic Punch|p2a: Zapdos
|-damage|p2a: Zapdos|24/100
|-start|p2a: Zapdos|confusion
|
|-weather|Sandstorm|[upkeep]
|-damage|p2a: Zapdos|18/100|[from] Sandstorm
|-damage|p1a: Juan Punch|58/100 par|[from] Sandstorm
|upkeep
|turn|7
|
|t:|1758345792
|-activate|p2a: Zapdos|confusion
|-damage|p2a: Zapdos|10/100|[from] confusion
|move|p1a: Juan Punch|Drain Punch|p2a: Zapdos
|-resisted|p2a: Zapdos
|-damage|p2a: Zapdos|0 fnt
|-heal|p1a: Juan Punch|63/100 par|[from] drain|[of] p2a: Zapdos
|faint|p2a: Zapdos
|
|-weather|none
|upkeep
|
|t:|1758345798
|switch|p2a: Garchomp|Garchomp, F|29/100
|turn|8
|
|t:|1758345801
|move|p2a: Garchomp|Spikes|p1a: Juan Punch
|-sidestart|p1: thesinxer|Spikes
|move|p1a: Juan Punch|Dynamic Punch|p2a: Garchomp|[miss]
|-miss|p1a: Juan Punch|p2a: Garchomp
|
|upkeep
|turn|9
|
|t:|1758345804
|move|p2a: Garchomp|Spikes|p1a: Juan Punch
|-sidestart|p1: thesinxer|Spikes
|move|p1a: Juan Punch|Dynamic Punch|p2a: Garchomp|[miss]
|-miss|p1a: Juan Punch|p2a: Garchomp
|
|upkeep
|turn|10
|
|t:|1758345807
|move|p2a: Garchomp|Spikes|p1a: Juan Punch
|-sidestart|p1: thesinxer|Spikes
|cant|p1a: Juan Punch|par
|
|upkeep
|turn|11
|
|t:|1758345815
|move|p1a: Juan Punch|Dynamic Punch|p2a: Garchomp
|-damage|p2a: Garchomp|0 fnt
|-damage|p1a: Juan Punch|51/100 par|[from] ability: Rough Skin|[of] p2a: Garchomp
|-damage|p1a: Juan Punch|34/100 par|[from] item: Rocky Helmet|[of] p2a: Garchomp
|faint|p2a: Garchomp
|
|upkeep
|inactive|dontdigfuncnugnj has 120 seconds left.
|
|t:|1758345852
|switch|p2a: Gholdengo|Gholdengo|100/100
|-item|p2a: Gholdengo|Air Balloon
|turn|12
|
|t:|1758345855
|move|p2a: Gholdengo|Hex|p1a: Juan Punch
|-damage|p1a: Juan Punch|0 fnt
|faint|p1a: Juan Punch
|
|upkeep
|
|t:|1758345867
|switch|p1a: Cinderace|Cinderace, M|32/100
|-damage|p1a: Cinderace|20/100|[from] Stealth Rock
|-damage|p1a: Cinderace|0 fnt|[from] Spikes
|faint|p1a: Cinderace
|
|t:|1758345874
|switch|p1a: Cinderace|Cinderace, M|100/100
|turn|13
|
|t:|1758345877
|move|p1a: Cinderace|Court Change|p1a: Cinderace
|-start|p1a: Cinderace|typechange|Normal|[from] ability: Libero
|-swapsideconditions
|-activate|p1a: Cinderace|move: Court Change
|move|p2a: Gholdengo|Thunder Wave|p1a: Cinderace
|-status|p1a: Cinderace|par
|
|upkeep
|turn|14
|
|t:|1758345899
|switch|p2a: Tyranitar|Tyranitar, F|89/100
|-weather|Sandstorm|[from] ability: Sand Stream|[of] p2a: Tyranitar
|move|p1a: Cinderace|Flare Blitz|p2a: Tyranitar
|-resisted|p2a: Tyranitar
|-damage|p2a: Tyranitar|71/100
|-damage|p1a: Cinderace|94/100 par|[from] Recoil
|
|-weather|Sandstorm|[upkeep]
|-damage|p1a: Cinderace|88/100 par|[from] Sandstorm
|upkeep
|turn|15
|
|t:|1758345905
|move|p2a: Tyranitar|Low Kick|p1a: Cinderace
|-supereffective|p1a: Cinderace
|-damage|p1a: Cinderace|31/100 par
|move|p1a: Cinderace|High Jump Kick|p2a: Tyranitar
|-supereffective|p2a: Tyranitar
|-damage|p2a: Tyranitar|0 fnt
|faint|p2a: Tyranitar
|
|-weather|Sandstorm|[upkeep]
|-damage|p1a: Cinderace|25/100 par|[from] Sandstorm
|upkeep
|
|t:|1758345921
|switch|p2a: Rillaboom|Rillaboom, F|100/100
|-fieldstart|move: Grassy Terrain|[from] ability: Grassy Surge|[of] p2a: Rillaboom
|turn|16
|
|t:|1758345927
|move|p2a: Rillaboom|Knock Off|p1a: Cinderace
|-damage|p1a: Cinderace|0 fnt
|-enditem|p1a: Cinderace|Heavy-Duty Boots|[from] move: Knock Off|[of] p2a: Rillaboom
|faint|p1a: Cinderace
|
|-weather|Sandstorm|[upkeep]
|-damage|p2a: Rillaboom|94/100|[from] Sandstorm
|-heal|p2a: Rillaboom|100/100|[from] Grassy Terrain
|upkeep
|
|t:|1758345930
|switch|p1a: Slowking|Slowking-Galar, M|100/100
|turn|17
|
|t:|1758345936
|move|p2a: Rillaboom|Knock Off|p1a: Slowking
|-supereffective|p1a: Slowking
|-damage|p1a: Slowking|33/100
|-enditem|p1a: Slowking|Black Sludge|[from] move: Knock Off|[of] p2a: Rillaboom
|-prepare|p1a: Slowking|Chilly Reception|[premajor]
|move|p1a: Slowking|Chilly Reception|p1a: Slowking
|-weather|Snowscape
|
|t:|1758345942
|switch|p1a: Kingambit|Kingambit, M|100/100|[from] Chilly Reception
|-activate|p1a: Kingambit|ability: Supreme Overlord
|-start|p1a: Kingambit|fallen3|[silent]
|
|-weather|Snowscape|[upkeep]
|upkeep
|turn|18
|
|t:|1758345950
|move|p2a: Rillaboom|U-turn|p1a: Kingambit
|-damage|p1a: Kingambit|81/100
|
|t:|1758345952
|switch|p2a: Zamazenta|Zamazenta|100/100|[from] U-turn
|-ability|p2a: Zamazenta|Dauntless Shield|boost
|-boost|p2a: Zamazenta|def|1
|move|p1a: Kingambit|X-Scissor|p2a: Zamazenta
|-resisted|p2a: Zamazenta
|-damage|p2a: Zamazenta|83/100
|-damage|p1a: Kingambit|71/100|[from] item: Life Orb
|
|-weather|Snowscape|[upkeep]
|-heal|p2a: Zamazenta|89/100|[from] Grassy Terrain
|-heal|p1a: Kingambit|77/100|[from] Grassy Terrain
|upkeep
|turn|19
|
|t:|1758345972
|-end|p1a: Kingambit|fallen3|[silent]
|switch|p1a: Slowking|Slowking-Galar, M|66/100
|move|p2a: Zamazenta|Close Combat|p1a: Slowking
|-resisted|p1a: Slowking
|-damage|p1a: Slowking|53/100
|-unboost|p2a: Zamazenta|def|1
|-unboost|p2a: Zamazenta|spd|1
|
|-weather|Snowscape|[upkeep]
|-heal|p2a: Zamazenta|95/100|[from] Grassy Terrain
|-heal|p1a: Slowking|59/100|[from] Grassy Terrain
|upkeep
|turn|20
|
|t:|1758345983
|switch|p2a: Gholdengo|Gholdengo|100/100
|-damage|p2a: Gholdengo|94/100|[from] Stealth Rock
|-item|p2a: Gholdengo|Air Balloon
|move|p1a: Slowking|Protect||[still]
|-fail|p1a: Slowking
|
|-weather|Snowscape|[upkeep]
|-heal|p1a: Slowking|65/100|[from] Grassy Terrain
|-fieldend|move: Grassy Terrain
|upkeep
|turn|21
|
|t:|1758345988
|switch|p1a: Nuh-uh-uh|Ogerpon-Wellspring, F|100/100
|move|p2a: Gholdengo|Thunder Wave|p1a: Nuh-uh-uh
|-status|p1a: Nuh-uh-uh|par
|
|-weather|none
|upkeep
|turn|22
|
|t:|1758345996
|move|p2a: Gholdengo|Hex|p1a: Nuh-uh-uh
|-damage|p1a: Nuh-uh-uh|28/100 par
|move|p1a: Nuh-uh-uh|Ivy Cudgel|p2a: Gholdengo|[anim] Ivy Cudgel Water
|-damage|p2a: Gholdengo|54/100
|-enditem|p2a: Gholdengo|Air Balloon
|
|upkeep
|turn|23
|
|t:|1758346001
|move|p2a: Gholdengo|Hex|p1a: Nuh-uh-uh
|-damage|p1a: Nuh-uh-uh|0 fnt
|faint|p1a: Nuh-uh-uh
|
|upkeep
|
|t:|1758346005
|switch|p1a: Kingambit|Kingambit, M|77/100
|-activate|p1a: Kingambit|ability: Supreme Overlord
|-start|p1a: Kingambit|fallen4|[silent]
|turn|24
|
|t:|1758346012
|move|p2a: Gholdengo|Thunder Wave|p1a: Kingambit
|-status|p1a: Kingambit|par
|move|p1a: Kingambit|Kowtow Cleave|p2a: Gholdengo
|-supereffective|p2a: Gholdengo
|-damage|p2a: Gholdengo|0 fnt
|faint|p2a: Gholdengo
|-damage|p1a: Kingambit|67/100 par|[from] item: Life Orb
|
|upkeep
|
|t:|1758346034
|switch|p2a: Rillaboom|Rillaboom, F|100/100
|-fieldstart|move: Grassy Terrain|[from] ability: Grassy Surge|[of] p2a: Rillaboom
|turn|25
|
|t:|1758346047
|-terastallize|p2a: Rillaboom|Grass
|move|p2a: Rillaboom|Wood Hammer|p1a: Kingambit
|-resisted|p1a: Kingambit
|-damage|p1a: Kingambit|25/100 par
|-damage|p2a: Rillaboom|84/100|[from] Recoil
|move|p1a: Kingambit|X-Scissor|p2a: Rillaboom
|-supereffective|p2a: Rillaboom
|-damage|p2a: Rillaboom|0 fnt
|faint|p2a: Rillaboom
|-damage|p1a: Kingambit|15/100 par|[from] item: Life Orb
|
|-heal|p1a: Kingambit|21/100 par|[from] Grassy Terrain
|upkeep
|
|t:|1758346053
|switch|p2a: Zamazenta|Zamazenta|95/100
|turn|26
|
|t:|1758346062
|-terastallize|p1a: Kingambit|Bug
|move|p2a: Zamazenta|Close Combat|p1a: Kingambit
|-resisted|p1a: Kingambit
|-damage|p1a: Kingambit|0 fnt
|-unboost|p2a: Zamazenta|def|1
|-unboost|p2a: Zamazenta|spd|1
|faint|p1a: Kingambit
|-end|p1a: Kingambit|fallen4|[silent]
|
|-heal|p2a: Zamazenta|100/100|[from] Grassy Terrain
|upkeep
|
|t:|1758346067
|switch|p1a: Slowking|Slowking-Galar, M|98/100
|turn|27
|
|t:|1758346069
|move|p2a: Zamazenta|Crunch|p1a: Slowking
|-supereffective|p1a: Slowking
|-damage|p1a: Slowking|47/100
|-unboost|p1a: Slowking|def|1
|move|p1a: Slowking|Psychic Noise|p2a: Zamazenta
|-supereffective|p2a: Zamazenta
|-damage|p2a: Zamazenta|17/100
|-start|p2a: Zamazenta|move: Heal Block
|
|-heal|p1a: Slowking|53/100|[from] Grassy Terrain
|upkeep
|turn|28
|
|t:|1758346076
|move|p1a: Slowking|Protect|p1a: Slowking
|-singleturn|p1a: Slowking|Protect
|move|p2a: Zamazenta|Crunch|p1a: Slowking
|-activate|p1a: Slowking|move: Protect
|
|-heal|p1a: Slowking|59/100|[from] Grassy Terrain
|-end|p2a: Zamazenta|move: Heal Block
|upkeep
|turn|29
|
|t:|1758346079
|move|p2a: Zamazenta|Crunch|p1a: Slowking
|-supereffective|p1a: Slowking
|-damage|p1a: Slowking|0 fnt
|faint|p1a: Slowking
|
|win|dontdigfuncnugnj
|raw|thesinxer's rating: 1193 &rarr; <strong>1166</strong><br />(-27 for losing)
|raw|dontdigfuncnugnj's rating: 1170 &rarr; <strong>1197</strong><br />(+27 for winning)
|l|☆thesinxer
|player|p1|
|l|☆dontdigfuncnugnj
|player|p2|
