|j|☆unotester
|j|☆UnoBaguette
|t:|1758328299
|gametype|singles
|player|p1|unotester|170|
|player|p2|UnoBaguette|1|
|gen|9
|tier|[Gen 9] OU
|rule|HP Percentage Mod: HP is shown in percentages
|rule|Endless Battle Clause: Forcing endless battles is banned
|rule|Species Clause: Limit one of each Pokémon
|rule|OHKO Clause: OHKO moves are banned
|rule|Evasion Items Clause: Evasion items are banned
|rule|Evasion Moves Clause: Evasion moves are banned
|rule|Evasion Abilities Clause: Evasion abilities are banned
|rule|Sleep Moves Clause: Sleep-inducing moves are banned
|clearpoke
|poke|p1|Araquanid, M|
|poke|p1|Iron Valiant|
|poke|p1|Lokix, M|
|poke|p1|Skarmory, M|
|poke|p1|Reuniclus, M|
|poke|p1|Chandelure, M|
|poke|p2|Corviknight, M|
|poke|p2|Iron Moth|
|poke|p2|Tyranitar, M|
|poke|p2|Thundurus-Therian, M|
|poke|p2|Basculegion-F, F|
|poke|p2|Ditto|
|teampreview
|
|t:|1758328310
|teamsize|p1|6
|teamsize|p2|6
|start
|switch|p1a: Gozyu Eagle|Skarmory, M, shiny|100/100
|switch|p2a: zipzap|Thundurus-Therian, M, shiny|100/100
|turn|1
|
|t:|1758328337
|move|p2a: zipzap|Volt Switch|p1a: Gozyu Eagle
|-supereffective|p1a: Gozyu Eagle
|-ability|p1a: Gozyu Eagle|Sturdy
|-damage|p1a: Gozyu Eagle|1/100
|
|t:|1758328344
|switch|p2a: fshhhhh|Basculegion-F, F, shiny|100/100|[from] Volt Switch
|move|p1a: Gozyu Eagle|Stealth Rock|p2a: fshhhhh
|-sidestart|p2: UnoBaguette|move: Stealth Rock
|
|upkeep
|turn|2
|
|t:|1758328355
|move|p2a: fshhhhh|Agility|p2a: fshhhhh
|-boost|p2a: fshhhhh|spe|2
|move|p1a: Gozyu Eagle|Roost|p1a: Gozyu Eagle
|-heal|p1a: Gozyu Eagle|51/100
|-singleturn|p1a: Gozyu Eagle|move: Roost
|
|upkeep
|turn|3
|
|t:|1758328364
|move|p2a: fshhhhh|Surf|p1a: Gozyu Eagle
|-damage|p1a: Gozyu Eagle|0 fnt
|faint|p1a: Gozyu Eagle
|-damage|p2a: fshhhhh|91/100|[from] item: Life Orb
|
|upkeep
|
|t:|1758328377
|switch|p1a: Zero-One|Lokix, M, shiny|100/100
|turn|4
|
|t:|1758328385
|move|p1a: Zero-One|Sucker Punch|p2a: fshhhhh
|-supereffective|p2a: fshhhhh
|-damage|p2a: fshhhhh|21/100
|move|p2a: fshhhhh|Surf|p1a: Zero-One
|-damage|p1a: Zero-One|0 fnt
|faint|p1a: Zero-One
|-damage|p2a: fshhhhh|11/100|[from] item: Life Orb
|
|upkeep
|
|t:|1758328392
|switch|p1a: Don Murasame|Araquanid, M, shiny|100/100
|turn|5
|
|t:|1758328396
|move|p2a: fshhhhh|Shadow Ball|p1a: Don Murasame
|-damage|p1a: Don Murasame|56/100
|-damage|p2a: fshhhhh|1/100|[from] item: Life Orb
|move|p1a: Don Murasame|Liquidation|p2a: fshhhhh
|-resisted|p2a: fshhhhh
|-damage|p2a: fshhhhh|0 fnt
|faint|p2a: fshhhhh
|
|upkeep
|
|t:|1758328403
|switch|p2a: zipzap|Thundurus-Therian, M, shiny|100/100
|-damage|p2a: zipzap|76/100|[from] Stealth Rock
|turn|6
|
|t:|1758328410
|move|p1a: Don Murasame|Endure|p1a: Don Murasame
|-singleturn|p1a: Don Murasame|move: Endure
|move|p2a: zipzap|Thunderbolt|p1a: Don Murasame
|-supereffective|p1a: Don Murasame
|-activate|p1a: Don Murasame|move: Endure
|-damage|p1a: Don Murasame|1/100
|-status|p1a: Don Murasame|par
|
|upkeep
|turn|7
|-enditem|p1a: Don Murasame|Custap Berry|[eat]
|-activate|p1a: Don Murasame|item: Custap Berry|[consumed]
|
|t:|1758328422
|switch|p2a: dawall|Corviknight, M|100/100
|-damage|p2a: dawall|88/100|[from] Stealth Rock
|-ability|p2a: dawall|Pressure
|move|p1a: Don Murasame|Endeavor|p2a: dawall
|-damage|p2a: dawall|1/100
|-damage|p1a: Don Murasame|0 fnt|[from] item: Rocky Helmet|[of] p2a: dawall
|faint|p1a: Don Murasame
|
|upkeep
|
|t:|1758328438
|switch|p1a: Decartes|Reuniclus, M, shiny|100/100
|turn|8
|
|t:|1758328443
|move|p2a: dawall|Defog|p1a: Decartes
|-unboost|p1a: Decartes|evasion|1
|-sideend|p2: UnoBaguette|Stealth Rock|[from] move: Defog|[of] p2a: dawall
|move|p1a: Decartes|Calm Mind|p1a: Decartes
|-boost|p1a: Decartes|spa|1
|-boost|p1a: Decartes|spd|1
|
|upkeep
|turn|9
|
|t:|1758328458
|switch|p2a: rawrXD|Tyranitar, M|100/100
|-weather|Sandstorm|[from] ability: Sand Stream|[of] p2a: rawrXD
|move|p1a: Decartes|Calm Mind|p1a: Decartes
|-boost|p1a: Decartes|spa|1
|-boost|p1a: Decartes|spd|1
|
|-weather|Sandstorm|[upkeep]
|upkeep
|turn|10
|
|t:|1758328473
|-terastallize|p1a: Decartes|Water
|move|p2a: rawrXD|Knock Off|p1a: Decartes
|-damage|p1a: Decartes|66/100
|-enditem|p1a: Decartes|Leftovers|[from] move: Knock Off|[of] p2a: rawrXD
|move|p1a: Decartes|Shadow Ball|p2a: rawrXD
|-resisted|p2a: rawrXD
|-damage|p2a: rawrXD|94/100
|
|-weather|Sandstorm|[upkeep]
|upkeep
|turn|11
|
|t:|1758328493
|move|p2a: rawrXD|Earthquake|p1a: Decartes
|-damage|p1a: Decartes|43/100
|move|p1a: Decartes|Shadow Ball|p2a: rawrXD
|-resisted|p2a: rawrXD
|-damage|p2a: rawrXD|87/100
|-unboost|p2a: rawrXD|spd|1
|
|-weather|Sandstorm|[upkeep]
|upkeep
|turn|12
|
|t:|1758328504
|move|p2a: rawrXD|Earthquake|p1a: Decartes
|-damage|p1a: Decartes|20/100
|move|p1a: Decartes|Recover|p1a: Decartes
|-heal|p1a: Decartes|70/100
|
|-weather|Sandstorm|[upkeep]
|upkeep
|turn|13
|
|t:|1758328524
|move|p2a: rawrXD|Earthquake|p1a: Decartes
|-damage|p1a: Decartes|46/100
|move|p1a: Decartes|Recover|p1a: Decartes
|-heal|p1a: Decartes|96/100
|
|-weather|none
|upkeep
|turn|14
|
|t:|1758328530
|move|p2a: rawrXD|Earthquake|p1a: Decartes
|-damage|p1a: Decartes|72/100
|move|p1a: Decartes|Shadow Ball|p2a: rawrXD
|-resisted|p2a: rawrXD
|-damage|p2a: rawrXD|70/100
|-unboost|p2a: rawrXD|spd|1
|
|upkeep
|turn|15
|
|t:|1758328545
|switch|p2a: no u|Ditto|100/100
|-transform|p2a: no u|p1a: Decartes|[from] ability: Imposter
|move|p1a: Decartes|Recover|p1a: Decartes
|-heal|p1a: Decartes|100/100
|
|upkeep
|-start|p2a: no u|typechange|Psychic|[silent]
|turn|16
|
|t:|1758328563
|move|p2a: no u|Psychic Noise|p1a: Decartes
|-damage|p1a: Decartes|73/100
|-start|p1a: Decartes|move: Heal Block
|move|p1a: Decartes|Shadow Ball|p2a: no u
|-supereffective|p2a: no u
|-damage|p2a: no u|44/100
|-unboost|p2a: no u|spd|1
|
|upkeep
|turn|17
|
|t:|1758328572
|move|p2a: no u|Psychic Noise|p1a: Decartes
|-damage|p1a: Decartes|45/100
|move|p1a: Decartes|Shadow Ball|p2a: no u
|-supereffective|p2a: no u
|-damage|p2a: no u|0 fnt
|faint|p2a: no u
|
|-end|p1a: Decartes|move: Heal Block
|upkeep
|
|t:|1758328578
|switch|p2a: zipzap|Thundurus-Therian, M, shiny|76/100
|turn|18
|
|t:|1758328587
|move|p2a: zipzap|Volt Switch|p1a: Decartes
|-supereffective|p1a: Decartes
|-damage|p1a: Decartes|0 fnt
|faint|p1a: Decartes
|
|t:|1758328602
|switch|p2a: buzzinbu$$y|Iron Moth|100/100|[from] Volt Switch
|-enditem|p2a: buzzinbu$$y|Booster Energy
|-activate|p2a: buzzinbu$$y|ability: Quark Drive|[fromitem]
|-start|p2a: buzzinbu$$y|quarkdrivespe
|
|upkeep
|
|t:|1758328608
|switch|p1a: Tallow|Chandelure, M|100/100
|turn|19
|
|t:|1758328619
|move|p2a: buzzinbu$$y|Sludge Wave|p1a: Tallow
|-resisted|p1a: Tallow
|-damage|p1a: Tallow|69/100
|move|p1a: Tallow|Shadow Ball|p2a: buzzinbu$$y
|-damage|p2a: buzzinbu$$y|32/100
|
|upkeep
|turn|20
|
|t:|1758328630
|move|p2a: buzzinbu$$y|Light Screen|p2a: buzzinbu$$y
|-sidestart|p2: UnoBaguette|move: Light Screen
|move|p1a: Tallow|Shadow Ball|p2a: buzzinbu$$y
|-damage|p2a: buzzinbu$$y|0 fnt
|faint|p2a: buzzinbu$$y
|-end|p2a: buzzinbu$$y|Quark Drive|[silent]
|
|upkeep
|
|t:|1758328638
|switch|p2a: zipzap|Thundurus-Therian, M, shiny|76/100
|turn|21
|
|t:|1758328642
|move|p2a: zipzap|Thunderbolt|p1a: Tallow
|-damage|p1a: Tallow|0 fnt
|faint|p1a: Tallow
|
|upkeep
|
|t:|1758328646
|switch|p1a: Zetzez|Iron Valiant|100/100
|-enditem|p1a: Zetzez|Booster Energy
|-activate|p1a: Zetzez|ability: Quark Drive|[fromitem]
|-start|p1a: Zetzez|quarkdrivespe
|turn|22
|
|t:|1758328659
|move|p1a: Zetzez|Knock Off|p2a: zipzap
|-damage|p2a: zipzap|31/100
|-enditem|p2a: zipzap|Choice Specs|[from] move: Knock Off|[of] p1a: Zetzez
|move|p2a: zipzap|Thunderbolt|p1a: Zetzez
|-damage|p1a: Zetzez|2/100
|
|upkeep
|turn|23
|
|t:|1758328669
|move|p1a: Zetzez|Moonblast|p2a: zipzap
|-damage|p2a: zipzap|0 fnt
|faint|p2a: zipzap
|
|upkeep
|
|t:|1758328673
|switch|p2a: dawall|Corviknight, M|1/100
|-ability|p2a: dawall|Pressure
|turn|24
|
|t:|1758328679
|move|p1a: Zetzez|Moonblast|p2a: dawall
|-resisted|p2a: dawall
|-damage|p2a: dawall|0 fnt
|faint|p2a: dawall
|
|-sideend|p2: UnoBaguette|move: Light Screen
|upkeep
|
|t:|1758328683
|switch|p2a: rawrXD|Tyranitar, M|70/100
|-weather|Sandstorm|[from] ability: Sand Stream|[of] p2a: rawrXD
|turn|25
|
|t:|1758328690
|-terastallize|p2a: rawrXD|Flying
|move|p1a: Zetzez|Moonblast|p2a: rawrXD
|-damage|p2a: rawrXD|46/100
|move|p2a: rawrXD|Earthquake|p1a: Zetzez
|-damage|p1a: Zetzez|0 fnt
|faint|p1a: Zetzez
|-end|p1a: Zetzez|Quark Drive|[silent]
|
|win|UnoBaguette
