|j|☆xithy
|j|☆Imurdadwithmilk
|t:|1758349348
|gametype|singles
|player|p1|xithy|265|1206
|player|p2|Imurdadwithmilk|blackbelt-gen4|1180
|gen|9
|tier|[Gen 9] OU
|rated|
|rule|HP Percentage Mod: HP is shown in percentages
|rule|Endless Battle Clause: Forcing endless battles is banned
|rule|Species Clause: Limit one of each Pokémon
|rule|OHKO Clause: OHKO moves are banned
|rule|Evasion Items Clause: Evasion items are banned
|rule|Evasion Moves Clause: Evasion moves are banned
|rule|Evasion Abilities Clause: Evasion abilities are banned
|rule|Sleep Moves Clause: Sleep-inducing moves are banned
|clearpoke
|poke|p1|Great Tusk|
|poke|p1|Kingambit, F|
|poke|p1|Raging Bolt|
|poke|p1|Walking Wake|
|poke|p1|Ninetales, M|
|poke|p1|Ceruledge, F|
|poke|p2|Scizor, F|
|poke|p2|Scyther, F|
|poke|p2|Clefable, F|
|poke|p2|Kingambit, M|
|poke|p2|Samurott-Hisui, M|
|poke|p2|Kleavor, M|
|teampreview
|inactive|Battle timer is ON: inactive players will automatically lose when time's up. (requested by Imurdadwithmilk)
|
|t:|1758349363
|teamsize|p1|6
|teamsize|p2|6
|start
|switch|p1a: Ninetales|Ninetales, M|100/100
|switch|p2a: Clefable|Clefable, F|100/100
|-weather|SunnyDay|[from] ability: Drought|[of] p1a: Ninetales
|turn|1
|
|t:|1758349372
|move|p1a: Ninetales|Overheat|p2a: Clefable
|-damage|p2a: Clefable|48/100
|-unboost|p1a: Ninetales|spa|2
|move|p2a: Clefable|Stealth Rock|p1a: Ninetales
|-sidestart|p1: xithy|move: Stealth Rock
|
|-weather|SunnyDay|[upkeep]
|-heal|p2a: Clefable|54/100|[from] item: Leftovers
|upkeep
|turn|2
|
|t:|1758349384
|switch|p1a: Great Tusk|Great Tusk|100/100
|-damage|p1a: Great Tusk|98/100|[from] Stealth Rock
|-activate|p1a: Great Tusk|ability: Protosynthesis
|-start|p1a: Great Tusk|protosynthesisatk
|move|p2a: Clefable|Encore||[still]
|-fail|p2a: Clefable
|
|-weather|SunnyDay|[upkeep]
|-heal|p2a: Clefable|60/100|[from] item: Leftovers
|upkeep
|turn|3
|
|t:|1758349399
|move|p1a: Great Tusk|Rapid Spin|p2a: Clefable
|-crit|p2a: Clefable
|-damage|p2a: Clefable|20/100
|-boost|p1a: Great Tusk|spe|1
|-sideend|p1: xithy|Stealth Rock|[from] move: Rapid Spin|[of] p1a: Great Tusk
|move|p2a: Clefable|Encore|p1a: Great Tusk
|-start|p1a: Great Tusk|Encore
|
|-weather|SunnyDay|[upkeep]
|-heal|p2a: Clefable|26/100|[from] item: Leftovers
|upkeep
|turn|4
|
|t:|1758349410
|move|p1a: Great Tusk|Rapid Spin|p2a: Clefable
|-damage|p2a: Clefable|0 fnt
|-boost|p1a: Great Tusk|spe|1
|faint|p2a: Clefable
|
|-weather|SunnyDay|[upkeep]
|upkeep
|
|t:|1758349421
|switch|p2a: Scyther|Scyther, F|100/100
|turn|5
|
|t:|1758349428
|-end|p1a: Great Tusk|Protosynthesis|[silent]
|switch|p1a: Raging Bolt|Raging Bolt|100/100
|-activate|p1a: Raging Bolt|ability: Protosynthesis
|-start|p1a: Raging Bolt|protosynthesisspa
|move|p2a: Scyther|U-turn|p1a: Raging Bolt
|-damage|p1a: Raging Bolt|53/100
|c|☆xithy|ok
|
|t:|1758349437
|switch|p2a: Kleavor|Kleavor, M|100/100|[from] U-turn
|
|-weather|SunnyDay|[upkeep]
|upkeep
|turn|6
|
|t:|1758349448
|-terastallize|p1a: Raging Bolt|Flying
|move|p2a: Kleavor|Stone Axe|p1a: Raging Bolt
|-supereffective|p1a: Raging Bolt
|-damage|p1a: Raging Bolt|0 fnt
|-sidestart|p1: xithy|move: Stealth Rock
|faint|p1a: Raging Bolt
|-end|p1a: Raging Bolt|Protosynthesis|[silent]
|
|-weather|SunnyDay|[upkeep]
|upkeep
|c|☆xithy|oh
|c|☆xithy|damn
|
|t:|1758349465
|switch|p1a: Walking Wake|Walking Wake|100/100
|-damage|p1a: Walking Wake|88/100|[from] Stealth Rock
|-activate|p1a: Walking Wake|ability: Protosynthesis
|-start|p1a: Walking Wake|protosynthesisspe
|turn|7
|c|☆xithy|didnt‎ i‎ rrapid‎ spin‎ hazards
|c|☆xithy|what
|inactive|xithy has 120 seconds left.
|
|t:|1758349486
|move|p1a: Walking Wake|Hydro Steam|p2a: Kleavor
|-supereffective|p2a: Kleavor
|-damage|p2a: Kleavor|0 fnt
|faint|p2a: Kleavor
|
|-weather|SunnyDay|[upkeep]
|upkeep
|
|t:|1758349499
|switch|p2a: Samurott|Samurott-Hisui, M|100/100
|turn|8
|
|t:|1758349511
|move|p1a: Walking Wake|Weather Ball|p2a: Samurott
|-resisted|p2a: Samurott
|-damage|p2a: Samurott|78/100
|move|p2a: Samurott|Ceaseless Edge|p1a: Walking Wake
|-damage|p1a: Walking Wake|44/100
|-sidestart|p1: xithy|Spikes
|
|-weather|none
|-end|p1a: Walking Wake|Protosynthesis
|upkeep
|turn|9
|
|t:|1758349525
|move|p1a: Walking Wake|Flip Turn|p2a: Samurott
|-resisted|p2a: Samurott
|-damage|p2a: Samurott|70/100
|
|t:|1758349532
|-end|p1a: Walking Wake|Protosynthesis|[silent]
|switch|p1a: Great Tusk|Great Tusk|98/100|[from] Flip Turn
|-damage|p1a: Great Tusk|95/100|[from] Stealth Rock
|-damage|p1a: Great Tusk|82/100|[from] Spikes
|move|p2a: Samurott|Ceaseless Edge|p1a: Great Tusk
|-resisted|p1a: Great Tusk
|-damage|p1a: Great Tusk|67/100
|-sidestart|p1: xithy|Spikes
|
|upkeep
|turn|10
|inactive|xithy has 120 seconds left.
|
|t:|1758349552
|move|p1a: Great Tusk|Rapid Spin|p2a: Samurott
|-damage|p2a: Samurott|49/100
|-boost|p1a: Great Tusk|spe|1
|-sideend|p1: xithy|Spikes|[from] move: Rapid Spin|[of] p1a: Great Tusk
|-sideend|p1: xithy|Stealth Rock|[from] move: Rapid Spin|[of] p1a: Great Tusk
|move|p2a: Samurott|Flip Turn|p1a: Great Tusk
|-supereffective|p1a: Great Tusk
|-damage|p1a: Great Tusk|26/100
|
|t:|1758349567
|switch|p2a: Scyther|Scyther, F|100/100|[from] Flip Turn
|
|upkeep
|turn|11
|
|t:|1758349573
|move|p1a: Great Tusk|Ice Spinner|p2a: Scyther
|-supereffective|p2a: Scyther
|-damage|p2a: Scyther|7/100
|move|p2a: Scyther|Dual Wingbeat|p1a: Great Tusk
|-supereffective|p1a: Great Tusk
|-damage|p1a: Great Tusk|0 fnt
|faint|p1a: Great Tusk
|-end|p1a: Great Tusk|Protosynthesis|[silent]
|-hitcount|p1: Great Tusk|1
|
|upkeep
|c|☆xithy|okay
|inactive|xithy has 120 seconds left.
|
|t:|1758349587
|switch|p1a: Walking Wake|Walking Wake|44/100
|turn|12
|
|t:|1758349596
|move|p1a: Walking Wake|Flip Turn|p2a: Scyther
|-damage|p2a: Scyther|0 fnt
|faint|p2a: Scyther
|
|t:|1758349602
|-end|p1a: Walking Wake|Protosynthesis|[silent]
|switch|p1a: Ninetales|Ninetales, M|100/100|[from] Flip Turn
|-weather|SunnyDay|[from] ability: Drought|[of] p1a: Ninetales
|
|-weather|SunnyDay|[upkeep]
|upkeep
|
|t:|1758349615
|switch|p2a: Scizor|Scizor, F|100/100
|turn|13
|
|t:|1758349622
|switch|p2a: Samurott|Samurott-Hisui, M|49/100
|move|p1a: Ninetales|Overheat|p2a: Samurott
|-resisted|p2a: Samurott
|-damage|p2a: Samurott|20/100
|-unboost|p1a: Ninetales|spa|2
|
|-weather|SunnyDay|[upkeep]
|upkeep
|turn|14
|
|t:|1758349632
|move|p1a: Ninetales|Scorching Sands|p2a: Samurott
|-damage|p2a: Samurott|13/100
|move|p2a: Samurott|Ceaseless Edge|p1a: Ninetales
|-damage|p1a: Ninetales|40/100
|-sidestart|p1: xithy|Spikes
|
|-weather|SunnyDay|[upkeep]
|upkeep
|turn|15
|
|t:|1758349652
|move|p1a: Ninetales|Healing Wish|p1a: Ninetales
|faint|p1a: Ninetales
|move|p2a: Samurott|Ceaseless Edge|p1: Ninetales|[notarget]
|-fail|p2a: Samurott
|
|-weather|SunnyDay|[upkeep]
|upkeep
|
|t:|1758349658
|switch|p1a: Walking Wake|Walking Wake|44/100
|-heal|p1a: Walking Wake|100/100|[from] move: Healing Wish
|-damage|p1a: Walking Wake|88/100|[from] Spikes
|-activate|p1a: Walking Wake|ability: Protosynthesis
|-start|p1a: Walking Wake|protosynthesisspe
|turn|16
|
|t:|1758349668
|move|p1a: Walking Wake|Hydro Steam|p2a: Samurott
|-resisted|p2a: Samurott
|-damage|p2a: Samurott|0 fnt
|faint|p2a: Samurott
|
|-weather|SunnyDay|[upkeep]
|upkeep
|
|t:|1758349677
|switch|p2a: Kingambit|Kingambit, M|100/100
|-activate|p2a: Kingambit|ability: Supreme Overlord
|-start|p2a: Kingambit|fallen4|[silent]
|turn|17
|
|t:|1758349683
|move|p1a: Walking Wake|Hydro Steam|p2a: Kingambit
|-damage|p2a: Kingambit|41/100
|move|p2a: Kingambit|Swords Dance|p2a: Kingambit
|-boost|p2a: Kingambit|atk|2
|
|-weather|SunnyDay|[upkeep]
|-heal|p2a: Kingambit|47/100|[from] item: Leftovers
|upkeep
|turn|18
|
|t:|1758349694
|move|p2a: Kingambit|Sucker Punch|p1a: Walking Wake
|-damage|p1a: Walking Wake|0 fnt
|faint|p1a: Walking Wake
|-end|p1a: Walking Wake|Protosynthesis|[silent]
|
|-weather|SunnyDay|[upkeep]
|-heal|p2a: Kingambit|53/100|[from] item: Leftovers
|upkeep
|c|☆xithy|missclick
|c|☆xithy|ahh
|
|t:|1758349705
|switch|p1a: Kingambit|Kingambit, F|100/100
|-activate|p1a: Kingambit|ability: Supreme Overlord
|-start|p1a: Kingambit|fallen4|[silent]
|-item|p1a: Kingambit|Air Balloon
|turn|19
|
|t:|1758349713
|move|p1a: Kingambit|Low Kick|p2a: Kingambit
|-supereffective|p2a: Kingambit
|-damage|p2a: Kingambit|0 fnt
|faint|p2a: Kingambit
|-end|p2a: Kingambit|fallen4|[silent]
|
|-weather|none
|upkeep
|
|t:|1758349720
|switch|p2a: Scizor|Scizor, F|100/100
|turn|20
|
|t:|1758349730
|move|p1a: Kingambit|Low Kick|p2a: Scizor
|-damage|p2a: Scizor|42/100
|move|p2a: Scizor|Swords Dance|p2a: Scizor
|-boost|p2a: Scizor|atk|2
|
|upkeep
|turn|21
|
|t:|1758349752
|-terastallize|p2a: Scizor|Bug
|move|p1a: Kingambit|Low Kick|p2a: Scizor
|-resisted|p2a: Scizor
|-damage|p2a: Scizor|15/100
|move|p2a: Scizor|Swords Dance|p2a: Scizor
|-boost|p2a: Scizor|atk|2
|
|upkeep
|turn|22
|
|t:|1758349765
|move|p1a: Kingambit|Sucker Punch|p2a: Scizor
|-damage|p2a: Scizor|0 fnt
|faint|p2a: Scizor
|
|win|xithy
|raw|xithy's rating: 1206 &rarr; <strong>1229</strong><br />(+23 for winning)
|raw|Imurdadwithmilk's rating: 1180 &rarr; <strong>1157</strong><br />(-23 for losing)
|l|☆xithy
|player|p1|
|l|☆Imurdadwithmilk
|player|p2|
