|j|☆GlueLicker
|j|☆oscar19trib
|inactive|Battle timer is ON: inactive players will automatically lose when time's up.
|t:|1758310890
|gametype|singles
|player|p1|GlueLicker|harlequin|
|player|p2|oscar19trib|steven|
|gen|9
|tier|[Gen 9] OU
|rated|Tournament battle
|rule|HP Percentage Mod: HP is shown in percentages
|rule|Endless Battle Clause: Forcing endless battles is banned
|rule|Species Clause: Limit one of each Pokémon
|rule|OHKO Clause: OHKO moves are banned
|rule|Evasion Items Clause: Evasion items are banned
|rule|Evasion Moves Clause: Evasion moves are banned
|rule|Evasion Abilities Clause: Evasion abilities are banned
|rule|Sleep Moves Clause: Sleep-inducing moves are banned
|clearpoke
|poke|p1|Ogerpon, F|
|poke|p1|Raging Bolt|
|poke|p1|Tinkaton, F|
|poke|p1|Garchomp, F|
|poke|p1|Slowking-Galar, M|
|poke|p1|Corviknight, F|
|poke|p2|Kingambit, F|
|poke|p2|Deoxys-Speed|
|poke|p2|Great Tusk|
|poke|p2|Dragonite, F|
|poke|p2|Iron Moth|
|poke|p2|Primarina, M|
|teampreview
|j|*Lady Monita ☀
|
|t:|1758310900
|teamsize|p1|6
|teamsize|p2|6
|start
|switch|p1a: Tinkaton|Tinkaton, F|100/100
|switch|p2a: Moebius|Deoxys-Speed|100/100
|-ability|p2a: Moebius|Pressure
|-item|p1a: Tinkaton|Air Balloon
|turn|1
|
|t:|1758310911
|move|p2a: Moebius|Focus Blast|p1a: Tinkaton|[miss]
|-miss|p2a: Moebius|p1a: Tinkaton
|move|p1a: Tinkaton|Knock Off|p2a: Moebius
|-supereffective|p2a: Moebius
|-damage|p2a: Moebius|50/100
|-enditem|p2a: Moebius|Life Orb|[from] move: Knock Off|[of] p1a: Tinkaton
|
|upkeep
|turn|2
|j| Albrtix
|
|t:|1758310919
|move|p2a: Moebius|Focus Blast|p1a: Tinkaton
|-damage|p1a: Tinkaton|68/100
|-enditem|p1a: Tinkaton|Air Balloon
|move|p1a: Tinkaton|Gigaton Hammer|p2a: Moebius
|-damage|p2a: Moebius|0 fnt
|faint|p2a: Moebius
|
|upkeep
|
|t:|1758310928
|switch|p2a: Anomаly|Iron Moth|100/100
|-enditem|p2a: Anomаly|Booster Energy
|-activate|p2a: Anomаly|ability: Quark Drive|[fromitem]
|-start|p2a: Anomаly|quarkdrivespe
|turn|3
|
|t:|1758310944
|switch|p1a: Slowking|Slowking-Galar, M|100/100
|-terastallize|p2a: Anomаly|Ground
|move|p2a: Anomаly|Tera Blast|p1a: Slowking|[anim] Tera Blast Ground
|-supereffective|p1a: Slowking
|-enditem|p1a: Slowking|Shuca Berry|[eat]
|-enditem|p1a: Slowking|Shuca Berry|[weaken]
|-damage|p1a: Slowking|68/100
|
|upkeep
|turn|4
|
|t:|1758310960
|-terastallize|p1a: Slowking|Water
|move|p2a: Anomаly|Tera Blast|p1a: Slowking|[anim] Tera Blast Ground
|-damage|p1a: Slowking|38/100
|move|p1a: Slowking|Future Sight|p2a: Anomаly
|-start|p1a: Slowking|move: Future Sight
|
|upkeep
|turn|5
|
|t:|1758310967
|switch|p1a: Corviknight|Corviknight, F|100/100
|-ability|p1a: Corviknight|Pressure
|move|p2a: Anomаly|Sludge Wave|p1a: Corviknight
|-immune|p1a: Corviknight
|
|upkeep
|turn|6
|
|t:|1758310975
|switch|p1a: Slowking|Slowking-Galar, M, tera:Water|72/100
|move|p2a: Anomаly|Fiery Dance|p1a: Slowking
|-resisted|p1a: Slowking
|-damage|p1a: Slowking|57/100
|-boost|p2a: Anomаly|spa|1
|
|-end|p2a: Anomаly|move: Future Sight
|-damage|p2a: Anomаly|57/100
|upkeep
|turn|7
|
|t:|1758310988
|switch|p1a: Corviknight|Corviknight, F|100/100
|-ability|p1a: Corviknight|Pressure
|move|p2a: Anomаly|Sludge Wave|p1a: Corviknight
|-immune|p1a: Corviknight
|
|upkeep
|turn|8
|
|t:|1758310993
|move|p2a: Anomаly|Fiery Dance|p1a: Corviknight
|-supereffective|p1a: Corviknight
|-damage|p1a: Corviknight|0 fnt
|-boost|p2a: Anomаly|spa|1
|faint|p1a: Corviknight
|
|upkeep
|
|t:|1758311015
|switch|p1a: Slowking|Slowking-Galar, M, tera:Water|90/100
|turn|9
|
|t:|1758311021
|move|p2a: Anomаly|Sludge Wave|p1a: Slowking
|-damage|p1a: Slowking|16/100
|move|p1a: Slowking|Ice Beam|p2a: Anomаly
|-supereffective|p2a: Anomаly
|-damage|p2a: Anomаly|9/100
|-status|p2a: Anomаly|frz
|
|upkeep
|turn|10
|
|t:|1758311029
|cant|p2a: Anomаly|frz
|move|p1a: Slowking|Ice Beam|p2a: Anomаly
|-supereffective|p2a: Anomаly
|-damage|p2a: Anomаly|0 fnt
|faint|p2a: Anomаly
|-end|p2a: Anomаly|Quark Drive|[silent]
|
|upkeep
|
|t:|1758311047
|switch|p2a: Meruem|Kingambit, F|100/100
|-activate|p2a: Meruem|ability: Supreme Overlord
|-start|p2a: Meruem|fallen2|[silent]
|turn|11
|
|t:|1758311054
|switch|p1a: Tinkaton|Tinkaton, F|68/100
|move|p2a: Meruem|Sucker Punch||[still]
|-fail|p2a: Meruem
|
|upkeep
|turn|12
|
|t:|1758311060
|move|p1a: Tinkaton|Stealth Rock|p2a: Meruem
|-sidestart|p2: oscar19trib|move: Stealth Rock
|move|p2a: Meruem|Iron Head|p1a: Tinkaton
|-damage|p1a: Tinkaton|0 fnt
|faint|p1a: Tinkaton
|
|upkeep
|
|t:|1758311067
|switch|p1a: Garchomp|Garchomp, F|100/100
|turn|13
|
|t:|1758311077
|-end|p2a: Meruem|fallen2|[silent]
|switch|p2a: Siren|Primarina, M|100/100
|-damage|p2a: Siren|88/100|[from] Stealth Rock
|move|p1a: Garchomp|Earthquake|p2a: Siren
|-damage|p2a: Siren|12/100
|
|upkeep
|turn|14
|
|t:|1758311090
|move|p1a: Garchomp|Earthquake|p2a: Siren
|-damage|p2a: Siren|0 fnt
|faint|p2a: Siren
|
|upkeep
|
|t:|1758311094
|switch|p2a: Yoshi|Dragonite, F, shiny|100/100
|-damage|p2a: Yoshi|76/100|[from] Stealth Rock
|turn|15
|
|t:|1758311105
|move|p1a: Garchomp|Scale Shot|p2a: Yoshi
|-supereffective|p2a: Yoshi
|-damage|p2a: Yoshi|48/100
|-supereffective|p2a: Yoshi
|-damage|p2a: Yoshi|20/100
|-supereffective|p2a: Yoshi
|-damage|p2a: Yoshi|0 fnt
|faint|p2a: Yoshi
|-hitcount|p2: Yoshi|3
|-unboost|p1a: Garchomp|def|1
|-boost|p1a: Garchomp|spe|1
|
|upkeep
|
|t:|1758311115
|switch|p2a: Anomaly|Great Tusk|100/100
|-damage|p2a: Anomaly|98/100|[from] Stealth Rock
|-enditem|p2a: Anomaly|Booster Energy
|-activate|p2a: Anomaly|ability: Protosynthesis|[fromitem]
|-start|p2a: Anomaly|protosynthesisatk
|turn|16
|
|t:|1758311132
|switch|p1a: Slowking|Slowking-Galar, M, tera:Water|49/100
|move|p2a: Anomaly|Ice Spinner|p1a: Slowking
|-resisted|p1a: Slowking
|-damage|p1a: Slowking|36/100
|
|upkeep
|turn|17
|
|t:|1758311144
|move|p2a: Anomaly|Close Combat|p1a: Slowking
|-damage|p1a: Slowking|0 fnt
|-unboost|p2a: Anomaly|def|1
|-unboost|p2a: Anomaly|spd|1
|faint|p1a: Slowking
|
|upkeep
|
|t:|1758311147
|switch|p1a: Ogerpon|Ogerpon, F|100/100
|turn|18
|
|t:|1758311154
|move|p1a: Ogerpon|Ivy Cudgel|p2a: Anomaly
|-supereffective|p2a: Anomaly
|-damage|p2a: Anomaly|0 fnt
|faint|p2a: Anomaly
|-end|p2a: Anomaly|Protosynthesis|[silent]
|
|upkeep
|
|t:|1758311159
|switch|p2a: Meruem|Kingambit, F|100/100
|-damage|p2a: Meruem|94/100|[from] Stealth Rock
|-activate|p2a: Meruem|ability: Supreme Overlord
|-start|p2a: Meruem|fallen5|[silent]
|turn|19
|
|t:|1758311171
|switch|p1a: Raging Bolt|Raging Bolt|100/100
|move|p2a: Meruem|Iron Head|p1a: Raging Bolt
|-resisted|p1a: Raging Bolt
|-damage|p1a: Raging Bolt|64/100
|
|-heal|p2a: Meruem|100/100|[from] item: Leftovers
|upkeep
|turn|20
|
|t:|1758311179
|move|p1a: Raging Bolt|Thunderbolt|p2a: Meruem
|-damage|p2a: Meruem|19/100
|move|p2a: Meruem|Kowtow Cleave|p1a: Raging Bolt
|-damage|p1a: Raging Bolt|0 fnt
|faint|p1a: Raging Bolt
|-end|p1a: Raging Bolt|Protosynthesis|[silent]
|
|-heal|p2a: Meruem|25/100|[from] item: Leftovers
|upkeep
|
|t:|1758311183
|switch|p1a: Garchomp|Garchomp, F|100/100
|turn|21
|
|t:|1758311193
|move|p1a: Garchomp|Earthquake|p2a: Meruem
|-supereffective|p2a: Meruem
|-damage|p2a: Meruem|0 fnt
|faint|p2a: Meruem
|-end|p2a: Meruem|fallen5|[silent]
|
|win|GlueLicker
|n|☆GlueLicker|gluelicker
|n|☆oscar19trib|oscar19trib
|n|*Lady Monita ☀|ladymonita
|n| Albrtix|albrtix
|l|*Lady Monita ☀
|l|☆oscar19trib
|player|p2|
|l|☆GlueLicker
|player|p1|
