|j|☆xavagami
|j|☆Kis Vegallomas
|t:|1758273121
|gametype|singles
|player|p1|xavagami|shadowtriad|1386
|player|p2|Kis Vegallomas|265|1397
|gen|9
|tier|[Gen 9] OU
|rated|
|rule|HP Percentage Mod: HP is shown in percentages
|rule|Endless Battle Clause: Forcing endless battles is banned
|rule|Species Clause: Limit one of each Pokémon
|rule|OHKO Clause: OHKO moves are banned
|rule|Evasion Items Clause: Evasion items are banned
|rule|Evasion Moves Clause: Evasion moves are banned
|rule|Evasion Abilities Clause: Evasion abilities are banned
|rule|Sleep Moves Clause: Sleep-inducing moves are banned
|clearpoke
|poke|p1|Great Tusk|
|poke|p1|Kingambit, F|
|poke|p1|Landorus-Therian, M|
|poke|p1|Ogerpon-Wellspring, F|
|poke|p1|Slowking-Galar, F|
|poke|p1|Raging Bolt|
|poke|p2|Goodra-Hisui, F|
|poke|p2|Pecharunt|
|poke|p2|Tsareena, F|
|poke|p2|Skeledirge, F|
|poke|p2|Scizor, F|
|poke|p2|Azumarill, M|
|teampreview
|inactive|Battle timer is ON: inactive players will automatically lose when time's up. (requested by xavagami)
|
|t:|1758273140
|teamsize|p1|6
|teamsize|p2|6
|start
|switch|p1a: Landorus|Landorus-Therian, M|100/100
|switch|p2a: Scizor|Scizor, F|100/100
|-ability|p1a: Landorus|Intimidate|boost
|-unboost|p2a: Scizor|atk|1
|turn|1
|
|t:|1758273144
|move|p1a: Landorus|Stealth Rock|p2a: Scizor
|-sidestart|p2: Kis Vegallomas|move: Stealth Rock
|move|p2a: Scizor|Swords Dance|p2a: Scizor
|-boost|p2a: Scizor|atk|2
|
|upkeep
|turn|2
|
|t:|1758273149
|move|p1a: Landorus|Earth Power|p2a: Scizor
|-damage|p2a: Scizor|59/100
|-enditem|p2a: Scizor|Red Card|[of] p1a: Landorus
|drag|p1a: Kingambit|Kingambit, F|100/100
|move|p2a: Scizor|Knock Off|p1a: Kingambit
|-resisted|p1a: Kingambit
|-damage|p1a: Kingambit|81/100
|-enditem|p1a: Kingambit|Leftovers|[from] move: Knock Off|[of] p2a: Scizor
|
|upkeep
|turn|3
|
|t:|1758273156
|move|p2a: Scizor|Close Combat|p1a: Kingambit
|-supereffective|p1a: Kingambit
|-damage|p1a: Kingambit|0 fnt
|-unboost|p2a: Scizor|def|1
|-unboost|p2a: Scizor|spd|1
|faint|p1a: Kingambit
|-end|p1a: Kingambit|fallenundefined|[silent]
|
|upkeep
|
|t:|1758273163
|switch|p1a: Landorus|Landorus-Therian, M|100/100
|-ability|p1a: Landorus|Intimidate|boost
|-unboost|p2a: Scizor|atk|1
|turn|4
|
|t:|1758273167
|switch|p2a: Tsareena|Tsareena, F|100/100
|-damage|p2a: Tsareena|88/100|[from] Stealth Rock
|move|p1a: Landorus|Earth Power|p2a: Tsareena
|-resisted|p2a: Tsareena
|-damage|p2a: Tsareena|72/100
|
|upkeep
|turn|5
|
|t:|1758273172
|move|p1a: Landorus|U-turn|p2a: Tsareena
|-supereffective|p2a: Tsareena
|-damage|p2a: Tsareena|43/100
|
|t:|1758273177
|switch|p1a: Slowking|Slowking-Galar, F|100/100|[from] U-turn
|move|p2a: Tsareena|Rapid Spin|p1a: Slowking
|-damage|p1a: Slowking|89/100
|-boost|p2a: Tsareena|spe|1
|-sideend|p2: Kis Vegallomas|Stealth Rock|[from] move: Rapid Spin|[of] p2a: Tsareena
|
|upkeep
|turn|6
|
|t:|1758273182
|move|p2a: Tsareena|Light Screen|p2a: Tsareena
|-sidestart|p2: Kis Vegallomas|move: Light Screen
|move|p1a: Slowking|Sludge Bomb|p2a: Tsareena
|-supereffective|p2a: Tsareena
|-damage|p2a: Tsareena|4/100
|
|upkeep
|turn|7
|
|t:|1758273194
|switch|p2a: Pecharunt|Pecharunt|100/100
|move|p1a: Slowking|Psyshock|p2a: Pecharunt
|-supereffective|p2a: Pecharunt
|-damage|p2a: Pecharunt|78/100
|-enditem|p2a: Pecharunt|Weakness Policy
|-boost|p2a: Pecharunt|atk|2|[from] item: Weakness Policy
|-boost|p2a: Pecharunt|spa|2|[from] item: Weakness Policy
|
|upkeep
|turn|8
|
|t:|1758273200
|move|p2a: Pecharunt|Shadow Ball|p1a: Slowking
|-supereffective|p1a: Slowking
|-damage|p1a: Slowking|12/100
|-unboost|p1a: Slowking|spd|1
|move|p1a: Slowking|Future Sight|p2a: Pecharunt
|-start|p1a: Slowking|move: Future Sight
|
|upkeep
|turn|9
|
|t:|1758273211
|switch|p1a: Landorus|Landorus-Therian, M|100/100
|-ability|p1a: Landorus|Intimidate|boost
|-unboost|p2a: Pecharunt|atk|1
|move|p2a: Pecharunt|Shadow Ball|p1a: Landorus
|-damage|p1a: Landorus|29/100
|
|upkeep
|turn|10
|
|t:|1758273217
|move|p1a: Landorus|Taunt|p2a: Pecharunt
|-start|p2a: Pecharunt|move: Taunt
|move|p2a: Pecharunt|Shadow Ball|p1a: Landorus
|-damage|p1a: Landorus|0 fnt
|faint|p1a: Landorus
|
|-end|p2a: Pecharunt|move: Future Sight
|-supereffective|p2a: Pecharunt
|-damage|p2a: Pecharunt|28/100
|upkeep
|
|t:|1758273230
|switch|p1a: Ogerpon|Ogerpon-Wellspring, F|100/100
|turn|11
|
|t:|1758273234
|move|p1a: Ogerpon|Ivy Cudgel|p2a: Pecharunt|[anim] Ivy Cudgel Water
|-damage|p2a: Pecharunt|0 fnt
|faint|p2a: Pecharunt
|
|upkeep
|
|t:|1758273243
|switch|p2a: Goodra|Goodra-Hisui, F|100/100
|turn|12
|
|t:|1758273256
|switch|p1a: Great Tusk|Great Tusk|100/100
|move|p2a: Goodra|Sludge Bomb|p1a: Great Tusk
|-resisted|p1a: Great Tusk
|-damage|p1a: Great Tusk|79/100
|
|upkeep
|turn|13
|
|t:|1758273283
|switch|p2a: Tsareena|Tsareena, F|4/100
|move|p1a: Great Tusk|Headlong Rush|p2a: Tsareena
|-resisted|p2a: Tsareena
|-crit|p2a: Tsareena
|-damage|p2a: Tsareena|0 fnt
|-unboost|p1a: Great Tusk|def|1
|-unboost|p1a: Great Tusk|spd|1
|faint|p2a: Tsareena
|
|-sideend|p2: Kis Vegallomas|move: Light Screen
|upkeep
|
|t:|1758273292
|switch|p2a: Azumarill|Azumarill, M|100/100
|turn|14
|
|t:|1758273297
|move|p1a: Great Tusk|Knock Off|p2a: Azumarill
|-resisted|p2a: Azumarill
|-damage|p2a: Azumarill|87/100
|-enditem|p2a: Azumarill|Choice Band|[from] move: Knock Off|[of] p1a: Great Tusk
|move|p2a: Azumarill|Play Rough|p1a: Great Tusk
|-supereffective|p1a: Great Tusk
|-damage|p1a: Great Tusk|0 fnt
|-damage|p2a: Azumarill|71/100|[from] item: Rocky Helmet|[of] p1a: Great Tusk
|faint|p1a: Great Tusk
|-end|p1a: Great Tusk|Protosynthesis|[silent]
|
|upkeep
|
|t:|1758273304
|switch|p1a: Ogerpon|Ogerpon-Wellspring, F|100/100
|turn|15
|
|t:|1758273310
|switch|p2a: Goodra|Goodra-Hisui, F|100/100
|move|p1a: Ogerpon|Horn Leech|p2a: Goodra
|-resisted|p2a: Goodra
|-damage|p2a: Goodra|91/100
|-ability|p2a: Goodra|Gooey
|-unboost|p1a: Ogerpon|spe|1
|
|upkeep
|turn|16
|
|t:|1758273322
|move|p1a: Ogerpon|Ivy Cudgel|p2a: Goodra|[anim] Ivy Cudgel Water
|-resisted|p2a: Goodra
|-crit|p2a: Goodra
|-damage|p2a: Goodra|50/100
|move|p2a: Goodra|Dragon Pulse|p1a: Ogerpon
|-damage|p1a: Ogerpon|54/100
|
|upkeep
|turn|17
|
|t:|1758273335
|move|p1a: Ogerpon|Ivy Cudgel|p2a: Goodra|[anim] Ivy Cudgel Water
|-resisted|p2a: Goodra
|-crit|p2a: Goodra
|-damage|p2a: Goodra|11/100
|move|p2a: Goodra|Sludge Bomb|p1a: Ogerpon
|-supereffective|p1a: Ogerpon
|-damage|p1a: Ogerpon|0 fnt
|faint|p1a: Ogerpon
|
|upkeep
|
|t:|1758273348
|switch|p1a: Slowking|Slowking-Galar, F|45/100
|turn|18
|c|☆Kis Vegallomas|Poor goodra
|
|t:|1758273353
|move|p2a: Goodra|Earthquake|p1a: Slowking
|-supereffective|p1a: Slowking
|-damage|p1a: Slowking|7/100
|move|p1a: Slowking|Flamethrower|p2a: Goodra
|-damage|p2a: Goodra|0 fnt
|faint|p2a: Goodra
|
|upkeep
|
|t:|1758273358
|switch|p2a: Skeledirge|Skeledirge, F|100/100
|turn|19
|
|t:|1758273363
|move|p2a: Skeledirge|Torch Song|p1a: Slowking
|-damage|p1a: Slowking|0 fnt
|-boost|p2a: Skeledirge|spa|1
|faint|p1a: Slowking
|
|upkeep
|
|t:|1758273364
|switch|p1a: Raging Bolt|Raging Bolt|100/100
|-enditem|p1a: Raging Bolt|Booster Energy
|-activate|p1a: Raging Bolt|ability: Protosynthesis|[fromitem]
|-start|p1a: Raging Bolt|protosynthesisspa
|turn|20
|
|t:|1758273373
|-terastallize|p2a: Skeledirge|Fairy
|move|p1a: Raging Bolt|Thunderbolt|p2a: Skeledirge
|-damage|p2a: Skeledirge|25/100
|move|p2a: Skeledirge|Alluring Voice|p1a: Raging Bolt
|-supereffective|p1a: Raging Bolt
|-damage|p1a: Raging Bolt|0 fnt
|faint|p1a: Raging Bolt
|-end|p1a: Raging Bolt|Protosynthesis|[silent]
|
|win|Kis Vegallomas
|raw|xavagami's rating: 1386 &rarr; <strong>1367</strong><br />(-19 for losing)
|raw|Kis Vegallomas's rating: 1397 &rarr; <strong>1416</strong><br />(+19 for winning)
|l|☆xavagami
|player|p1|
|l|☆Kis Vegallomas
|player|p2|
