|j|☆rookie22
|j|☆sunny dancing
|t:|1758305917
|gametype|singles
|player|p1|rookie22|iris-gen5bw2|1791
|player|p2|sunny dancing|170|1868
|gen|9
|tier|[Gen 9] OU
|rated|
|rule|HP Percentage Mod: HP is shown in percentages
|rule|Endless Battle Clause: Forcing endless battles is banned
|rule|Species Clause: Limit one of each Pokémon
|rule|OHKO Clause: OHKO moves are banned
|rule|Evasion Items Clause: Evasion items are banned
|rule|Evasion Moves Clause: Evasion moves are banned
|rule|Evasion Abilities Clause: Evasion abilities are banned
|rule|Sleep Moves Clause: Sleep-inducing moves are banned
|clearpoke
|poke|p1|Dragonite, M|
|poke|p1|Meowscarada, F|
|poke|p1|Keldeo|
|poke|p1|Iron Crown|
|poke|p1|Raging Bolt|
|poke|p1|Great Tusk|
|poke|p2|Ogerpon-Wellspring, F|
|poke|p2|Slowking-Galar, F|
|poke|p2|Great Tusk|
|poke|p2|Moltres|
|poke|p2|Dragapult, M|
|poke|p2|Kingambit, M|
|teampreview
|inactive|Battle timer is ON: inactive players will automatically lose when time's up. (requested by rookie22)
|j| dfkodo
|
|t:|1758305927
|teamsize|p1|6
|teamsize|p2|6
|start
|switch|p1a: Lisan Al Gaib|Keldeo|100/100
|switch|p2a: Great Tusk|Great Tusk|100/100
|turn|1
|inactive|sunny dancing also wants the timer to be on.
|j| Disscratch
|
|t:|1758305932
|-end|p2a: Great Tusk|Protosynthesis|[silent]
|switch|p2a: Slowking|Slowking-Galar, F|100/100
|move|p1a: Lisan Al Gaib|Surf|p2a: Slowking
|-damage|p2a: Slowking|60/100
|
|upkeep
|turn|2
|
|t:|1758305939
|switch|p1a: Bene Gesserit|Iron Crown|100/100
|move|p2a: Slowking|Psyshock|p1a: Bene Gesserit
|-resisted|p1a: Bene Gesserit
|-damage|p1a: Bene Gesserit|91/100
|
|upkeep
|turn|3
|
|t:|1758305945
|move|p1a: Bene Gesserit|Psyshock|p2a: Slowking
|-damage|p2a: Slowking|23/100
|move|p2a: Slowking|Flamethrower|p1a: Bene Gesserit
|-supereffective|p1a: Bene Gesserit
|-damage|p1a: Bene Gesserit|54/100
|
|upkeep
|turn|4
|
|t:|1758305954
|switch|p2a: Kingambit|Kingambit, M|100/100
|move|p1a: Bene Gesserit|Psyshock|p2a: Kingambit
|-immune|p2a: Kingambit
|
|upkeep
|turn|5
|
|t:|1758305958
|-end|p1a: Bene Gesserit|Quark Drive|[silent]
|switch|p1a: Great Tusk|Great Tusk|100/100
|-end|p2a: Kingambit|fallenundefined|[silent]
|switch|p2a: Slowking|Slowking-Galar, F|57/100
|
|upkeep
|turn|6
|
|t:|1758305963
|switch|p2a: Ogerpon|Ogerpon-Wellspring, F|100/100
|move|p1a: Great Tusk|Stealth Rock|p2a: Ogerpon
|-sidestart|p2: sunny dancing|move: Stealth Rock
|
|upkeep
|turn|7
|
|t:|1758305968
|-end|p1a: Great Tusk|Protosynthesis|[silent]
|switch|p1a: Raging Bolt|Raging Bolt|100/100
|move|p2a: Ogerpon|Ivy Cudgel|p1a: Raging Bolt|[anim] Ivy Cudgel Water
|-resisted|p1a: Raging Bolt
|-damage|p1a: Raging Bolt|74/100
|
|-heal|p1a: Raging Bolt|80/100|[from] item: Leftovers
|upkeep
|turn|8
|
|t:|1758305975
|move|p2a: Ogerpon|U-turn|p1a: Raging Bolt
|-damage|p1a: Raging Bolt|56/100
|
|t:|1758305981
|switch|p2a: Slowking|Slowking-Galar, F|90/100|[from] U-turn
|-damage|p2a: Slowking|78/100|[from] Stealth Rock
|move|p1a: Raging Bolt|Dragon Pulse|p2a: Slowking
|-damage|p2a: Slowking|52/100
|
|-heal|p1a: Raging Bolt|62/100|[from] item: Leftovers
|upkeep
|turn|9
|
|t:|1758305988
|-end|p1a: Raging Bolt|Protosynthesis|[silent]
|switch|p1a: Bene Gesserit|Iron Crown|54/100
|switch|p2a: Great Tusk|Great Tusk|100/100
|-damage|p2a: Great Tusk|98/100|[from] Stealth Rock
|
|upkeep
|turn|10
|
|t:|1758305993
|-end|p1a: Bene Gesserit|Quark Drive|[silent]
|switch|p1a: Great Tusk|Great Tusk|100/100
|move|p2a: Great Tusk|Headlong Rush|p1a: Great Tusk
|-damage|p1a: Great Tusk|61/100
|-unboost|p2a: Great Tusk|def|1
|-unboost|p2a: Great Tusk|spd|1
|
|-heal|p1a: Great Tusk|67/100|[from] item: Leftovers
|upkeep
|turn|11
|
|t:|1758306002
|move|p2a: Great Tusk|Rapid Spin|p1a: Great Tusk
|-damage|p1a: Great Tusk|57/100
|-boost|p2a: Great Tusk|spe|1
|-sideend|p2: sunny dancing|Stealth Rock|[from] move: Rapid Spin|[of] p2a: Great Tusk
|move|p1a: Great Tusk|Earthquake|p2a: Great Tusk
|-damage|p2a: Great Tusk|34/100
|
|-heal|p1a: Great Tusk|63/100|[from] item: Leftovers
|upkeep
|turn|12
|j| Partynparadise
|
|t:|1758306010
|move|p2a: Great Tusk|Headlong Rush|p1a: Great Tusk
|-damage|p1a: Great Tusk|21/100
|-unboost|p2a: Great Tusk|def|1
|-unboost|p2a: Great Tusk|spd|1
|move|p1a: Great Tusk|Earthquake|p2a: Great Tusk
|-damage|p2a: Great Tusk|0 fnt
|faint|p2a: Great Tusk
|-end|p2a: Great Tusk|Protosynthesis|[silent]
|
|-heal|p1a: Great Tusk|27/100|[from] item: Leftovers
|upkeep
|
|t:|1758306015
|switch|p2a: Dragapult|Dragapult, M|100/100
|turn|13
|
|t:|1758306026
|move|p2a: Dragapult|Hex|p1a: Great Tusk
|-damage|p1a: Great Tusk|0 fnt
|faint|p1a: Great Tusk
|-end|p1a: Great Tusk|Protosynthesis|[silent]
|
|upkeep
|
|t:|1758306041
|switch|p1a: Bene Gesserit|Iron Crown|54/100
|turn|14
|
|t:|1758306045
|move|p2a: Dragapult|Hex|p1a: Bene Gesserit
|-supereffective|p1a: Bene Gesserit
|-damage|p1a: Bene Gesserit|18/100
|move|p1a: Bene Gesserit|Tachyon Cutter|p2a: Dragapult
|-damage|p2a: Dragapult|60/100
|-damage|p2a: Dragapult|22/100
|-hitcount|p2a: Dragapult|2
|
|upkeep
|turn|15
|l| Partynparadise
|
|t:|1758306054
|move|p2a: Dragapult|Dragon Darts|p1a: Bene Gesserit
|-resisted|p1a: Bene Gesserit
|-damage|p1a: Bene Gesserit|7/100
|-anim|p2a: Dragapult|Dragon Darts|p1a: Bene Gesserit
|-resisted|p1a: Bene Gesserit
|-damage|p1a: Bene Gesserit|0 fnt
|faint|p1a: Bene Gesserit
|-end|p1a: Bene Gesserit|Quark Drive|[silent]
|
|upkeep
|
|t:|1758306061
|switch|p1a: Lisan Al Gaib|Keldeo|100/100
|turn|16
|
|t:|1758306066
|move|p2a: Dragapult|U-turn|p1a: Lisan Al Gaib
|-resisted|p1a: Lisan Al Gaib
|-damage|p1a: Lisan Al Gaib|89/100
|
|t:|1758306071
|switch|p2a: Slowking|Slowking-Galar, F|85/100|[from] U-turn
|move|p1a: Lisan Al Gaib|Surf|p2a: Slowking
|-damage|p2a: Slowking|44/100
|
|upkeep
|turn|17
|
|t:|1758306076
|switch|p1a: Raging Bolt|Raging Bolt|62/100
|switch|p2a: Ogerpon|Ogerpon-Wellspring, F|100/100
|
|-heal|p1a: Raging Bolt|68/100|[from] item: Leftovers
|upkeep
|turn|18
|
|t:|1758306081
|move|p2a: Ogerpon|U-turn|p1a: Raging Bolt
|-damage|p1a: Raging Bolt|43/100
|
|t:|1758306088
|switch|p2a: Slowking|Slowking-Galar, F|77/100|[from] U-turn
|move|p1a: Raging Bolt|Thunderbolt|p2a: Slowking
|-crit|p2a: Slowking
|-damage|p2a: Slowking|35/100
|
|-heal|p1a: Raging Bolt|49/100|[from] item: Leftovers
|upkeep
|turn|19
|
|t:|1758306103
|move|p1a: Raging Bolt|Calm Mind|p1a: Raging Bolt
|-boost|p1a: Raging Bolt|spa|1
|-boost|p1a: Raging Bolt|spd|1
|move|p2a: Slowking|Ice Beam|p1a: Raging Bolt
|-supereffective|p1a: Raging Bolt
|-damage|p1a: Raging Bolt|16/100
|
|-heal|p1a: Raging Bolt|23/100|[from] item: Leftovers
|upkeep
|turn|20
|
|t:|1758306109
|switch|p2a: Dragapult|Dragapult, M|22/100
|move|p1a: Raging Bolt|Thunderbolt|p2a: Dragapult
|-resisted|p2a: Dragapult
|-damage|p2a: Dragapult|0 fnt
|faint|p2a: Dragapult
|
|-heal|p1a: Raging Bolt|29/100|[from] item: Leftovers
|upkeep
|
|t:|1758306116
|switch|p2a: Kingambit|Kingambit, M|100/100
|-activate|p2a: Kingambit|ability: Supreme Overlord
|-start|p2a: Kingambit|fallen2|[silent]
|turn|21
|
|t:|1758306124
|move|p1a: Raging Bolt|Thunderbolt|p2a: Kingambit
|-damage|p2a: Kingambit|15/100
|move|p2a: Kingambit|Low Kick|p1a: Raging Bolt
|-damage|p1a: Raging Bolt|0 fnt
|faint|p1a: Raging Bolt
|-end|p1a: Raging Bolt|Protosynthesis|[silent]
|
|-heal|p2a: Kingambit|21/100|[from] item: Leftovers
|upkeep
|
|t:|1758306151
|switch|p1a: Meowscarada|Meowscarada, F|100/100
|turn|22
|
|t:|1758306157
|-end|p2a: Kingambit|fallen2|[silent]
|switch|p2a: Moltres|Moltres|100/100
|move|p1a: Meowscarada|Flower Trick|p2a: Moltres
|-start|p1a: Meowscarada|typechange|Grass|[from] ability: Protean
|-resisted|p2a: Moltres
|-crit|p2a: Moltres
|-damage|p2a: Moltres|93/100
|
|upkeep
|turn|23
|
|t:|1758306167
|move|p1a: Meowscarada|Taunt|p2a: Moltres
|-start|p2a: Moltres|move: Taunt
|move|p2a: Moltres|U-turn|p1a: Meowscarada
|-supereffective|p1a: Meowscarada
|-damage|p1a: Meowscarada|58/100
|
|t:|1758306175
|switch|p2a: Slowking|Slowking-Galar, F|69/100|[from] U-turn
|
|upkeep
|turn|24
|
|t:|1758306180
|switch|p2a: Moltres|Moltres|93/100
|move|p1a: Meowscarada|Knock Off|p2a: Moltres
|-damage|p2a: Moltres|73/100
|-enditem|p2a: Moltres|Heavy-Duty Boots|[from] move: Knock Off|[of] p1a: Meowscarada
|
|upkeep
|turn|25
|
|t:|1758306190
|move|p1a: Meowscarada|Taunt|p2a: Moltres
|-start|p2a: Moltres|move: Taunt
|move|p2a: Moltres|U-turn|p1a: Meowscarada
|-supereffective|p1a: Meowscarada
|-damage|p1a: Meowscarada|17/100
|
|t:|1758306196
|switch|p2a: Kingambit|Kingambit, M|21/100|[from] U-turn
|-activate|p2a: Kingambit|ability: Supreme Overlord
|-start|p2a: Kingambit|fallen2|[silent]
|
|-heal|p2a: Kingambit|27/100|[from] item: Leftovers
|upkeep
|turn|26
|
|t:|1758306201
|switch|p1a: Lisan Al Gaib|Keldeo|89/100
|move|p2a: Kingambit|Swords Dance|p2a: Kingambit
|-boost|p2a: Kingambit|atk|2
|
|-heal|p2a: Kingambit|33/100|[from] item: Leftovers
|upkeep
|turn|27
|
|t:|1758306208
|-end|p2a: Kingambit|fallen2|[silent]
|switch|p2a: Slowking|Slowking-Galar, F|100/100
|move|p1a: Lisan Al Gaib|Surf|p2a: Slowking
|-damage|p2a: Slowking|64/100
|
|upkeep
|turn|28
|
|t:|1758306213
|switch|p1a: MEGA DRAGONITE|Dragonite, M|100/100
|move|p2a: Slowking|Sludge Bomb|p1a: MEGA DRAGONITE
|-damage|p1a: MEGA DRAGONITE|78/100
|
|upkeep
|turn|29
|
|t:|1758306223
|switch|p2a: Moltres|Moltres|73/100
|-terastallize|p1a: MEGA DRAGONITE|Flying
|move|p1a: MEGA DRAGONITE|Dragon Dance|p1a: MEGA DRAGONITE
|-boost|p1a: MEGA DRAGONITE|atk|1
|-boost|p1a: MEGA DRAGONITE|spe|1
|
|upkeep
|turn|30
|
|t:|1758306228
|move|p1a: MEGA DRAGONITE|Tera Blast|p2a: Moltres|[anim] Tera Blast Flying
|-damage|p2a: Moltres|10/100
|move|p2a: Moltres|Flamethrower|p1a: MEGA DRAGONITE
|-damage|p1a: MEGA DRAGONITE|41/100
|-status|p1a: MEGA DRAGONITE|brn
|
|-damage|p1a: MEGA DRAGONITE|35/100 brn|[from] brn
|upkeep
|turn|31
|
|t:|1758306237
|move|p1a: MEGA DRAGONITE|Tera Blast|p2a: Moltres|[anim] Tera Blast Flying
|-damage|p2a: Moltres|0 fnt
|faint|p2a: Moltres
|
|-damage|p1a: MEGA DRAGONITE|28/100 brn|[from] brn
|upkeep
|
|t:|1758306243
|switch|p2a: Kingambit|Kingambit, M|33/100
|-activate|p2a: Kingambit|ability: Supreme Overlord
|-start|p2a: Kingambit|fallen3|[silent]
|turn|32
|
|t:|1758306247
|move|p2a: Kingambit|Sucker Punch|p1a: MEGA DRAGONITE
|-damage|p1a: MEGA DRAGONITE|0 fnt
|faint|p1a: MEGA DRAGONITE
|
|-heal|p2a: Kingambit|39/100|[from] item: Leftovers
|upkeep
|inactive|rookie22 has 120 seconds left.
|j| Gdinax
|j| HOMIxIDE LANGUAGE
|inactive|rookie22 has 90 seconds left.
|inactive|rookie22 has 60 seconds left.
|inactive|rookie22 has 30 seconds left.
|j| AbrarS
|inactive|rookie22 has 20 seconds left.
|inactive|rookie22 has 15 seconds left.
|inactive|rookie22 has 10 seconds left.
|inactive|rookie22 has 5 seconds left.
|-message|rookie22 lost due to inactivity.
|
|win|sunny dancing
|raw|rookie22's rating: 1791 &rarr; <strong>1775</strong><br />(-16 for losing)
|raw|sunny dancing's rating: 1868 &rarr; <strong>1884</strong><br />(+16 for winning)
|l|☆sunny dancing
|player|p2|
|l| Gdinax
|l| dfkodo
|l|☆rookie22
|player|p1|
|l| HOMIxIDE LANGUAGE
