|j|☆PossiblyJay
|j|☆gabbagoul
|t:|1758242654
|gametype|singles
|player|p1|PossiblyJay|170|1195
|player|p2|gabbagoul|rocketgrunt|1229
|gen|9
|tier|[Gen 9] OU
|rated|
|rule|HP Percentage Mod: HP is shown in percentages
|rule|Endless Battle Clause: Forcing endless battles is banned
|rule|Species Clause: Limit one of each Pokémon
|rule|OHKO Clause: OHKO moves are banned
|rule|Evasion Items Clause: Evasion items are banned
|rule|Evasion Moves Clause: Evasion moves are banned
|rule|Evasion Abilities Clause: Evasion abilities are banned
|rule|Sleep Moves Clause: Sleep-inducing moves are banned
|clearpoke
|poke|p1|Samurott, M|
|poke|p1|Garganacl, F|
|poke|p1|Oricorio, F|
|poke|p1|Ampharos, F|
|poke|p1|Lokix, F|
|poke|p1|Gallade, M|
|poke|p2|Magneton|
|poke|p2|Mamoswine, F|
|poke|p2|Maushold-Four|
|poke|p2|Reuniclus, F|
|poke|p2|Milotic, F|
|poke|p2|Comfey, F|
|teampreview
|inactive|Battle timer is ON: inactive players will automatically lose when time's up. (requested by PossiblyJay)
|
|t:|1758242672
|teamsize|p1|6
|teamsize|p2|6
|start
|switch|p1a: Lokix|Lokix, F|100/100
|switch|p2a: Milotic|Milotic, F|100/100
|turn|1
|
|t:|1758242676
|move|p1a: Lokix|Taunt|p2a: Milotic
|-start|p2a: Milotic|move: Taunt
|move|p2a: Milotic|Scald|p1a: Lokix
|-damage|p1a: Lokix|51/100
|
|-status|p2a: Milotic|brn|[from] item: Flame Orb
|upkeep
|turn|2
|inactive|PossiblyJay has 120 seconds left.
|
|t:|1758242734
|move|p1a: Lokix|Knock Off|p2a: Milotic
|-damage|p2a: Milotic|75/100 brn
|-enditem|p2a: Milotic|Flame Orb|[from] move: Knock Off|[of] p1a: Lokix
|move|p2a: Milotic|Flip Turn|p1a: Lokix
|-damage|p1a: Lokix|42/100
|
|t:|1758242747
|switch|p2a: Maushold|Maushold-Four|100/100|[from] Flip Turn
|
|upkeep
|turn|3
|inactive|PossiblyJay has 90 seconds left.
|inactive|PossiblyJay has 60 seconds left.
|
|t:|1758242822
|move|p2a: Maushold|Tidy Up|p2a: Maushold
|-boost|p2a: Maushold|atk|1
|-boost|p2a: Maushold|spe|1
|move|p1a: Lokix|Axe Kick|p2a: Maushold
|-supereffective|p2a: Maushold
|-damage|p2a: Maushold|0 fnt
|faint|p2a: Maushold
|
|upkeep
|
|t:|1758242830
|switch|p2a: Comfey|Comfey, F|100/100
|turn|4
|
|t:|1758242835
|switch|p1a: Garganacl|Garganacl, F, shiny|100/100
|move|p2a: Comfey|Draining Kiss|p1a: Garganacl
|-damage|p1a: Garganacl|83/100
|-damage|p2a: Comfey|84/100|[from] item: Rocky Helmet|[of] p1a: Garganacl
|
|upkeep
|turn|5
|
|t:|1758242840
|switch|p2a: Reuniclus|Reuniclus, F, shiny|100/100
|move|p1a: Garganacl|Heavy Slam|p2a: Reuniclus
|-damage|p2a: Reuniclus|65/100
|
|upkeep
|turn|6
|
|t:|1758242846
|switch|p1a: Lokix|Lokix, F|42/100
|move|p2a: Reuniclus|Calm Mind|p2a: Reuniclus
|-boost|p2a: Reuniclus|spa|1
|-boost|p2a: Reuniclus|spd|1
|
|upkeep
|turn|7
|
|t:|1758242852
|switch|p2a: Magneton|Magneton|100/100
|move|p1a: Lokix|First Impression|p2a: Magneton
|-resisted|p2a: Magneton
|-damage|p2a: Magneton|67/100
|
|upkeep
|turn|8
|
|t:|1758242857
|switch|p2a: Comfey|Comfey, F|84/100
|move|p1a: Lokix|Axe Kick|p2a: Comfey
|-resisted|p2a: Comfey
|-damage|p2a: Comfey|40/100
|
|upkeep
|turn|9
|inactive|PossiblyJay has 90 seconds left.
|
|t:|1758242862
|move|p2a: Comfey|Draining Kiss|p1a: Lokix
|-supereffective|p1a: Lokix
|-damage|p1a: Lokix|0 fnt
|-heal|p2a: Comfey|77/100|[from] drain|[of] p1a: Lokix
|faint|p1a: Lokix
|
|upkeep
|inactive|PossiblyJay has 90 seconds left.
|
|t:|1758242872
|switch|p1a: Garganacl|Garganacl, F, shiny|83/100
|turn|10
|
|t:|1758242876
|switch|p2a: Milotic|Milotic, F|75/100 brn
|move|p1a: Garganacl|Salt Cure|p2a: Milotic
|-damage|p2a: Milotic|67/100 brn
|-start|p2a: Milotic|Salt Cure
|
|-damage|p2a: Milotic|61/100 brn|[from] brn
|-damage|p2a: Milotic|36/100 brn|[from] Salt Cure
|upkeep
|turn|11
|
|t:|1758242884
|move|p2a: Milotic|Scald|p1a: Garganacl
|-supereffective|p1a: Garganacl
|-damage|p1a: Garganacl|32/100
|move|p1a: Garganacl|Recover|p1a: Garganacl
|-heal|p1a: Garganacl|82/100
|
|-damage|p2a: Milotic|30/100 brn|[from] brn
|-damage|p2a: Milotic|5/100 brn|[from] Salt Cure
|upkeep
|turn|12
|
|t:|1758242892
|move|p2a: Milotic|Scald|p1a: Garganacl
|-supereffective|p1a: Garganacl
|-damage|p1a: Garganacl|36/100
|move|p1a: Garganacl|Recover|p1a: Garganacl
|-heal|p1a: Garganacl|86/100
|
|-damage|p2a: Milotic|0 fnt|[from] brn
|faint|p2a: Milotic
|upkeep
|
|t:|1758242897
|switch|p2a: Reuniclus|Reuniclus, F, shiny|65/100
|turn|13
|inactive|PossiblyJay has 120 seconds left.
|
|t:|1758242904
|move|p2a: Reuniclus|Calm Mind|p2a: Reuniclus
|-boost|p2a: Reuniclus|spa|1
|-boost|p2a: Reuniclus|spd|1
|move|p1a: Garganacl|Heavy Slam|p2a: Reuniclus
|-damage|p2a: Reuniclus|31/100
|
|upkeep
|turn|14
|
|t:|1758242910
|-terastallize|p1a: Garganacl|Steel
|move|p2a: Reuniclus|Energy Ball|p1a: Garganacl
|-resisted|p1a: Garganacl
|-damage|p1a: Garganacl|60/100
|move|p1a: Garganacl|Heavy Slam|p2a: Reuniclus
|-damage|p2a: Reuniclus|0 fnt
|faint|p2a: Reuniclus
|
|upkeep
|
|t:|1758242914
|switch|p2a: Mamoswine|Mamoswine, F|100/100
|turn|15
|
|t:|1758242923
|switch|p1a: Oricorio|Oricorio, F, shiny|100/100
|move|p2a: Mamoswine|Earthquake|p1a: Oricorio
|-immune|p1a: Oricorio
|
|upkeep
|turn|16
|
|t:|1758242928
|-terastallize|p2a: Mamoswine|Rock
|move|p1a: Oricorio|Quiver Dance|p1a: Oricorio
|-boost|p1a: Oricorio|spa|1
|-boost|p1a: Oricorio|spd|1
|-boost|p1a: Oricorio|spe|1
|move|p2a: Mamoswine|Avalanche|p1a: Oricorio
|-damage|p1a: Oricorio|50/100
|
|upkeep
|turn|17
|
|t:|1758242935
|move|p1a: Oricorio|Hurricane|p2a: Mamoswine
|-resisted|p2a: Mamoswine
|-damage|p2a: Mamoswine|51/100
|move|p2a: Mamoswine|Avalanche|p1a: Oricorio
|-damage|p1a: Oricorio|0 fnt
|faint|p1a: Oricorio
|
|upkeep
|
|t:|1758242944
|switch|p1a: Gallade|Gallade, M, shiny|100/100
|turn|18
|
|t:|1758242950
|move|p2a: Mamoswine|Ice Shard|p1a: Gallade
|-damage|p1a: Gallade|62/100
|move|p1a: Gallade|Bulk Up|p1a: Gallade
|-boost|p1a: Gallade|atk|1
|-boost|p1a: Gallade|def|1
|
|-heal|p1a: Gallade|68/100|[from] item: Leftovers
|upkeep
|turn|19
|
|t:|1758242955
|move|p2a: Mamoswine|Ice Shard|p1a: Gallade
|-damage|p1a: Gallade|42/100
|move|p1a: Gallade|Sacred Sword|p2a: Mamoswine
|-supereffective|p2a: Mamoswine
|-damage|p2a: Mamoswine|0 fnt
|-damage|p1a: Gallade|25/100|[from] item: Rocky Helmet|[of] p2a: Mamoswine
|faint|p2a: Mamoswine
|
|-heal|p1a: Gallade|31/100|[from] item: Leftovers
|upkeep
|
|t:|1758242957
|switch|p2a: Comfey|Comfey, F|77/100
|turn|20
|
|t:|1758242966
|switch|p1a: Garganacl|Garganacl, F, shiny, tera:Steel|60/100
|move|p2a: Comfey|Draining Kiss|p1a: Garganacl
|-resisted|p1a: Garganacl
|-damage|p1a: Garganacl|50/100
|-heal|p2a: Comfey|89/100|[from] drain|[of] p1a: Garganacl
|-damage|p2a: Comfey|72/100|[from] item: Rocky Helmet|[of] p1a: Garganacl
|
|upkeep
|turn|21
|
|t:|1758242971
|switch|p2a: Magneton|Magneton|67/100
|move|p1a: Garganacl|Heavy Slam|p2a: Magneton
|-resisted|p2a: Magneton
|-damage|p2a: Magneton|59/100
|
|upkeep
|turn|22
|
|t:|1758242975
|move|p2a: Magneton|Thunderbolt|p1a: Garganacl
|-damage|p1a: Garganacl|10/100
|move|p1a: Garganacl|Recover|p1a: Garganacl
|-heal|p1a: Garganacl|60/100
|
|upkeep
|turn|23
|
|t:|1758242979
|move|p2a: Magneton|Thunderbolt|p1a: Garganacl
|-damage|p1a: Garganacl|15/100
|move|p1a: Garganacl|Recover|p1a: Garganacl
|-heal|p1a: Garganacl|65/100
|
|upkeep
|turn|24
|
|t:|1758242981
|move|p2a: Magneton|Thunderbolt|p1a: Garganacl
|-damage|p1a: Garganacl|21/100
|move|p1a: Garganacl|Recover|p1a: Garganacl
|-heal|p1a: Garganacl|71/100
|
|upkeep
|turn|25
|
|t:|1758242983
|move|p2a: Magneton|Thunderbolt|p1a: Garganacl
|-damage|p1a: Garganacl|28/100
|move|p1a: Garganacl|Recover|p1a: Garganacl
|-heal|p1a: Garganacl|78/100
|
|upkeep
|turn|26
|
|t:|1758242985
|move|p2a: Magneton|Thunderbolt|p1a: Garganacl
|-damage|p1a: Garganacl|32/100
|move|p1a: Garganacl|Recover|p1a: Garganacl
|-heal|p1a: Garganacl|82/100
|
|upkeep
|turn|27
|
|t:|1758242987
|move|p2a: Magneton|Thunderbolt|p1a: Garganacl
|-damage|p1a: Garganacl|36/100
|move|p1a: Garganacl|Earthquake|p2a: Magneton
|-supereffective|p2a: Magneton
|-damage|p2a: Magneton|0 fnt
|faint|p2a: Magneton
|
|upkeep
|
|t:|1758242990
|switch|p2a: Comfey|Comfey, F|72/100
|turn|28
|
|t:|1758242994
|move|p2a: Comfey|Draining Kiss|p1a: Garganacl
|-resisted|p1a: Garganacl
|-damage|p1a: Garganacl|27/100
|-heal|p2a: Comfey|82/100|[from] drain|[of] p1a: Garganacl
|-damage|p2a: Comfey|66/100|[from] item: Rocky Helmet|[of] p1a: Garganacl
|move|p1a: Garganacl|Heavy Slam|p2a: Comfey
|-supereffective|p2a: Comfey
|-damage|p2a: Comfey|0 fnt
|faint|p2a: Comfey
|
|win|PossiblyJay
|raw|PossiblyJay's rating: 1195 &rarr; <strong>1222</strong><br />(+27 for winning)
|raw|gabbagoul's rating: 1229 &rarr; <strong>1202</strong><br />(-27 for losing)
|l|☆gabbagoul
|player|p2|
|l|☆PossiblyJay
|player|p1|
