|j|☆nicerioknight
|j|☆aex27
|t:|1758281465
|gametype|singles
|player|p1|nicerioknight|266|1278
|player|p2|aex27|rosa|1330
|gen|9
|tier|[Gen 9] OU
|rated|
|rule|HP Percentage Mod: HP is shown in percentages
|rule|Endless Battle Clause: Forcing endless battles is banned
|rule|Species Clause: Limit one of each Pokémon
|rule|OHKO Clause: OHKO moves are banned
|rule|Evasion Items Clause: Evasion items are banned
|rule|Evasion Moves Clause: Evasion moves are banned
|rule|Evasion Abilities Clause: Evasion abilities are banned
|rule|Sleep Moves Clause: Sleep-inducing moves are banned
|clearpoke
|poke|p1|Corviknight, M|
|poke|p1|Alomomola, F|
|poke|p1|Blissey, F|
|poke|p1|Deoxys-Speed|
|poke|p1|Scizor, M|
|poke|p1|Garganacl, F|
|poke|p2|Serperior, F|
|poke|p2|Ribombee, F|
|poke|p2|Gholdengo|
|poke|p2|Kyurem|
|poke|p2|Moltres|
|poke|p2|Great Tusk|
|teampreview
|
|t:|1758281471
|teamsize|p1|6
|teamsize|p2|6
|start
|switch|p1a: Deoxys|Deoxys-Speed|100/100
|switch|p2a: Ribombee|Ribombee, F|100/100
|-ability|p1a: Deoxys|Pressure
|turn|1
|
|t:|1758281479
|move|p1a: Deoxys|Taunt|p2a: Ribombee
|-start|p2a: Ribombee|move: Taunt
|cant|p2a: Ribombee|move: Taunt|Sticky Web
|
|upkeep
|turn|2
|
|t:|1758281482
|switch|p2a: Gholdengo|Gholdengo|100/100
|move|p1a: Deoxys|Stealth Rock|p2a: Gholdengo
|-sidestart|p2: aex27|move: Stealth Rock
|
|upkeep
|turn|3
|
|t:|1758281487
|move|p1a: Deoxys|Psycho Boost|p2a: Gholdengo
|-resisted|p2a: Gholdengo
|-damage|p2a: Gholdengo|75/100
|-unboost|p1a: Deoxys|spa|2
|-enditem|p1a: Deoxys|Eject Pack
|
|t:|1758281493
|switch|p1a: Blissey|Blissey, F|100/100
|move|p2a: Gholdengo|Shadow Ball|p1a: Blissey
|-immune|p1a: Blissey
|
|upkeep
|turn|4
|c|☆nicerioknight|I FIANNLY
|
|t:|1758281510
|switch|p2a: Ribombee|Ribombee, F|100/100
|-damage|p2a: Ribombee|76/100|[from] Stealth Rock
|move|p1a: Blissey|Shadow Ball|p2a: Ribombee
|-damage|p2a: Ribombee|49/100
|
|upkeep
|turn|5
|c|☆nicerioknight|have a ghouldengo answer
|
|t:|1758281518
|switch|p1a: Scizor|Scizor, M|100/100
|move|p2a: Ribombee|Sticky Web|p1a: Scizor
|-sidestart|p1: nicerioknight|move: Sticky Web
|
|upkeep
|turn|6
|
|t:|1758281529
|move|p1a: Scizor|Bullet Punch|p2a: Ribombee
|-supereffective|p2a: Ribombee
|-damage|p2a: Ribombee|0 fnt
|faint|p2a: Ribombee
|
|upkeep
|
|t:|1758281559
|switch|p2a: Moltres|Moltres|100/100
|turn|7
|
|t:|1758281564
|switch|p1a: Alomomola|Alomomola, F, shiny|100/100
|move|p2a: Moltres|Will-O-Wisp|p1a: Alomomola
|-status|p1a: Alomomola|brn
|
|-damage|p1a: Alomomola|94/100 brn|[from] brn
|upkeep
|turn|8
|
|t:|1758281572
|move|p2a: Moltres|U-turn|p1a: Alomomola
|-damage|p1a: Alomomola|86/100 brn
|
|t:|1758281577
|switch|p2a: Gholdengo|Gholdengo|75/100|[from] U-turn
|-damage|p2a: Gholdengo|69/100|[from] Stealth Rock
|move|p1a: Alomomola|Flip Turn|p2a: Gholdengo
|-damage|p2a: Gholdengo|59/100
|
|t:|1758281580
|switch|p1a: Blissey|Blissey, F|100/100|[from] Flip Turn
|-activate|p1a: Blissey|move: Sticky Web
|-unboost|p1a: Blissey|spe|1
|
|upkeep
|turn|9
|
|t:|1758281592
|switch|p2a: Moltres|Moltres|100/100
|move|p1a: Blissey|Shadow Ball|p2a: Moltres
|-crit|p2a: Moltres
|-damage|p2a: Moltres|85/100
|
|upkeep
|turn|10
|
|t:|1758281596
|switch|p1a: Alomomola|Alomomola, F, shiny|100/100 brn
|move|p2a: Moltres|U-turn|p1a: Alomomola
|-damage|p1a: Alomomola|92/100 brn
|
|t:|1758281603
|switch|p2a: Serperior|Serperior, F|100/100|[from] U-turn
|-damage|p2a: Serperior|88/100|[from] Stealth Rock
|
|-damage|p1a: Alomomola|86/100 brn|[from] brn
|upkeep
|turn|11
|
|t:|1758281606
|move|p2a: Serperior|Leaf Storm|p1a: Alomomola|[miss]
|-miss|p2a: Serperior|p1a: Alomomola
|move|p1a: Alomomola|Mirror Coat||[still]
|-fail|p1a: Alomomola
|
|-damage|p1a: Alomomola|80/100 brn|[from] brn
|upkeep
|turn|12
|c|☆nicerioknight|Do it
|
|t:|1758281636
|move|p2a: Serperior|Leaf Storm|p1a: Alomomola
|-supereffective|p1a: Alomomola
|-damage|p1a: Alomomola|0 fnt
|-boost|p2a: Serperior|spa|2
|faint|p1a: Alomomola
|
|upkeep
|c|☆nicerioknight|Dang it
|c|☆aex27|Fr
|
|t:|1758281649
|switch|p1a: Blissey|Blissey, F|100/100
|-activate|p1a: Blissey|move: Sticky Web
|-unboost|p1a: Blissey|spe|1
|turn|13
|
|t:|1758281656
|switch|p2a: Gholdengo|Gholdengo|59/100
|-damage|p2a: Gholdengo|53/100|[from] Stealth Rock
|move|p1a: Blissey|Seismic Toss|p2a: Gholdengo
|-immune|p2a: Gholdengo
|
|upkeep
|turn|14
|
|t:|1758281660
|switch|p2a: Moltres|Moltres|85/100
|move|p1a: Blissey|Shadow Ball|p2a: Moltres
|-damage|p2a: Moltres|75/100
|
|upkeep
|turn|15
|
|t:|1758281666
|move|p2a: Moltres|Will-O-Wisp|p1a: Blissey
|-status|p1a: Blissey|brn
|move|p1a: Blissey|Thunder Wave|p2a: Moltres
|-status|p2a: Moltres|par
|
|-damage|p1a: Blissey|94/100 brn|[from] brn
|upkeep
|turn|16
|
|t:|1758281671
|-curestatus|p1a: Blissey|brn|[from] ability: Natural Cure
|switch|p1a: Garganacl|Garganacl, F, shiny|100/100
|-activate|p1a: Garganacl|move: Sticky Web
|-unboost|p1a: Garganacl|spe|1
|move|p2a: Moltres|Roost|p2a: Moltres
|-heal|p2a: Moltres|100/100 par
|-singleturn|p2a: Moltres|move: Roost
|
|upkeep
|turn|17
|
|t:|1758281686
|switch|p2a: Great Tusk|Great Tusk|100/100
|move|p1a: Garganacl|Salt Cure|p2a: Great Tusk
|-resisted|p2a: Great Tusk
|-damage|p2a: Great Tusk|98/100
|-start|p2a: Great Tusk|Salt Cure
|
|-damage|p2a: Great Tusk|86/100|[from] Salt Cure
|upkeep
|turn|18
|c|☆nicerioknight|It's alr imma cure your salt
|
|t:|1758281697
|switch|p1a: Corviknight|Corviknight, M, shiny|100/100
|-ability|p1a: Corviknight|Pressure
|move|p2a: Great Tusk|Headlong Rush|p1a: Corviknight
|-immune|p1a: Corviknight
|
|-damage|p2a: Great Tusk|73/100|[from] Salt Cure
|upkeep
|turn|19
|
|t:|1758281719
|-end|p2a: Great Tusk|Protosynthesis|[silent]
|switch|p2a: Gholdengo|Gholdengo|53/100
|-damage|p2a: Gholdengo|47/100|[from] Stealth Rock
|move|p1a: Corviknight|Spite|p2a: Gholdengo
|-immune|p2a: Gholdengo|[from] ability: Good as Gold
|
|upkeep
|turn|20
|c|☆nicerioknight|(I am during my own salt)
|
|t:|1758281729
|switch|p1a: Blissey|Blissey, F|94/100
|-activate|p1a: Blissey|move: Sticky Web
|-unboost|p1a: Blissey|spe|1
|move|p2a: Gholdengo|Trick|p1a: Blissey
|-activate|p2a: Gholdengo|move: Trick|[of] p1a: Blissey
|-item|p1a: Blissey|Choice Scarf|[from] move: Trick
|-item|p2a: Gholdengo|Leftovers|[from] move: Trick
|
|-heal|p2a: Gholdengo|53/100|[from] item: Leftovers
|upkeep
|turn|21
|c|☆nicerioknight|Blissey is fast now
|c|☆nicerioknight|Fear her
|
|t:|1758281748
|switch|p2a: Kyurem|Kyurem|100/100
|-damage|p2a: Kyurem|75/100|[from] Stealth Rock
|-ability|p2a: Kyurem|Pressure
|move|p1a: Blissey|Seismic Toss|p2a: Kyurem
|-damage|p2a: Kyurem|50/100
|
|upkeep
|turn|22
|
|t:|1758281758
|switch|p1a: Garganacl|Garganacl, F, shiny|100/100
|-activate|p1a: Garganacl|move: Sticky Web
|-unboost|p1a: Garganacl|spe|1
|move|p2a: Kyurem|Icicle Spear|p1a: Garganacl
|-damage|p1a: Garganacl|93/100
|-damage|p1a: Garganacl|85/100
|-damage|p1a: Garganacl|78/100
|-damage|p1a: Garganacl|70/100
|-damage|p1a: Garganacl|62/100
|-hitcount|p1a: Garganacl|5
|
|-heal|p1a: Garganacl|68/100|[from] item: Leftovers
|upkeep
|turn|23
|
|t:|1758281765
|switch|p1a: Blissey|Blissey, F|94/100
|-activate|p1a: Blissey|move: Sticky Web
|-unboost|p1a: Blissey|spe|1
|move|p2a: Kyurem|Dragon Dance|p2a: Kyurem
|-boost|p2a: Kyurem|atk|1
|-boost|p2a: Kyurem|spe|1
|
|upkeep
|turn|24
|
|t:|1758281772
|move|p2a: Kyurem|Icicle Spear|p1a: Blissey
|-damage|p1a: Blissey|75/100
|-damage|p1a: Blissey|58/100
|-damage|p1a: Blissey|38/100
|-damage|p1a: Blissey|20/100
|-damage|p1a: Blissey|0 fnt
|faint|p1a: Blissey
|-hitcount|p1: Blissey|5
|
|upkeep
|
|t:|1758281781
|switch|p1a: Corviknight|Corviknight, M, shiny|100/100
|-ability|p1a: Corviknight|Pressure
|turn|25
|
|t:|1758281790
|-terastallize|p2a: Kyurem|Electric
|move|p2a: Kyurem|Tera Blast|p1a: Corviknight|[anim] Tera Blast Electric
|-supereffective|p1a: Corviknight
|-damage|p1a: Corviknight|0 fnt
|faint|p1a: Corviknight
|
|upkeep
|c|☆nicerioknight|:(
|c|☆aex27|Oof
|
|t:|1758281802
|switch|p1a: Garganacl|Garganacl, F, shiny|68/100
|-activate|p1a: Garganacl|move: Sticky Web
|-unboost|p1a: Garganacl|spe|1
|turn|26
|
|t:|1758281805
|move|p2a: Kyurem|Icicle Spear|p1a: Garganacl
|-damage|p1a: Garganacl|57/100
|-damage|p1a: Garganacl|47/100
|-damage|p1a: Garganacl|36/100
|-damage|p1a: Garganacl|25/100
|-hitcount|p1a: Garganacl|4
|move|p1a: Garganacl|Explosion|p2a: Kyurem
|-damage|p2a: Kyurem|0 fnt
|faint|p1a: Garganacl
|faint|p2a: Kyurem
|
|upkeep
|c|☆nicerioknight|:(
|c|☆nicerioknight|Wist
|c|☆nicerioknight|Wait
|c|☆nicerioknight|:)
|
|t:|1758281825
|switch|p2a: Gholdengo|Gholdengo|53/100
|switch|p1a: Deoxys|Deoxys-Speed|100/100
|-activate|p1a: Deoxys|move: Sticky Web
|-unboost|p1a: Deoxys|spe|1
|-ability|p1a: Deoxys|Pressure
|-damage|p2a: Gholdengo|47/100|[from] Stealth Rock
|turn|27
|
|t:|1758281831
|move|p1a: Deoxys|Psycho Boost|p2a: Gholdengo
|-resisted|p2a: Gholdengo
|-damage|p2a: Gholdengo|19/100
|-unboost|p1a: Deoxys|spa|2
|move|p2a: Gholdengo|Thunder Wave|p1a: Deoxys
|-status|p1a: Deoxys|par
|
|-heal|p2a: Gholdengo|25/100|[from] item: Leftovers
|upkeep
|turn|28
|
|t:|1758281839
|move|p2a: Gholdengo|Shadow Ball|p1a: Deoxys
|-supereffective|p1a: Deoxys
|-damage|p1a: Deoxys|3/100 par
|move|p1a: Deoxys|Reflect|p1a: Deoxys
|-sidestart|p1: nicerioknight|Reflect
|
|-heal|p2a: Gholdengo|31/100|[from] item: Leftovers
|upkeep
|turn|29
|
|t:|1758281846
|move|p2a: Gholdengo|Shadow Ball|p1a: Deoxys
|-supereffective|p1a: Deoxys
|-crit|p1a: Deoxys
|-damage|p1a: Deoxys|0 fnt
|faint|p1a: Deoxys
|
|-heal|p2a: Gholdengo|37/100|[from] item: Leftovers
|upkeep
|
|t:|1758281852
|switch|p1a: Scizor|Scizor, M|100/100
|-activate|p1a: Scizor|move: Sticky Web
|-unboost|p1a: Scizor|spe|1
|turn|30
|
|t:|1758281857
|move|p2a: Gholdengo|Thunder Wave|p1a: Scizor
|-status|p1a: Scizor|par
|move|p1a: Scizor|Swords Dance|p1a: Scizor
|-boost|p1a: Scizor|atk|2
|
|-heal|p2a: Gholdengo|43/100|[from] item: Leftovers
|upkeep
|turn|31
|
|t:|1758281861
|move|p2a: Gholdengo|Shadow Ball|p1a: Scizor
|-damage|p1a: Scizor|48/100 par
|move|p1a: Scizor|Focus Energy|p1a: Scizor
|-start|p1a: Scizor|move: Focus Energy
|
|-heal|p2a: Gholdengo|49/100|[from] item: Leftovers
|upkeep
|turn|32
|
|t:|1758281867
|-terastallize|p1a: Scizor|Steel
|move|p1a: Scizor|Bullet Punch|p2a: Gholdengo
|-resisted|p2a: Gholdengo
|-crit|p2a: Gholdengo
|-damage|p2a: Gholdengo|0 fnt
|faint|p2a: Gholdengo
|
|-sideend|p1: nicerioknight|Reflect
|upkeep
|
|t:|1758281871
|switch|p2a: Moltres|Moltres|100/100 par
|turn|33
|
|t:|1758281875
|cant|p1a: Scizor|par
|move|p2a: Moltres|Flamethrower|p1a: Scizor
|-supereffective|p1a: Scizor
|-damage|p1a: Scizor|0 fnt
|faint|p1a: Scizor
|
|win|aex27
|raw|nicerioknight's rating: 1278 &rarr; <strong>1257</strong><br />(-21 for losing)
|raw|aex27's rating: 1330 &rarr; <strong>1347</strong><br />(+17 for winning)
|c|☆nicerioknight|GG
|c|☆aex27|Gg
