|j|☆BigJulius
|j|☆M3lodi3♪♫♪
|t:|1758375684
|gametype|singles
|player|p1|BigJulius|265|1367
|player|p2|M3lodi3♪♫♪|hilda|1358
|gen|9
|tier|[Gen 9] OU
|rated|
|rule|HP Percentage Mod: HP is shown in percentages
|rule|Endless Battle Clause: Forcing endless battles is banned
|rule|Species Clause: Limit one of each Pokémon
|rule|OHKO Clause: OHKO moves are banned
|rule|Evasion Items Clause: Evasion items are banned
|rule|Evasion Moves Clause: Evasion moves are banned
|rule|Evasion Abilities Clause: Evasion abilities are banned
|rule|Sleep Moves Clause: Sleep-inducing moves are banned
|clearpoke
|poke|p1|Landorus-Therian, M|
|poke|p1|Skeledirge, M|
|poke|p1|Ninetales-Alola, M|
|poke|p1|Kingambit, M|
|poke|p1|Beartic, F|
|poke|p1|Tentacruel, F|
|poke|p2|Braviary-Hisui, M|
|poke|p2|Iron Treads|
|poke|p2|Volcanion|
|poke|p2|Zamazenta-*|
|poke|p2|Kleavor, F|
|poke|p2|Zoroark-Hisui, F|
|teampreview
|inactive|Battle timer is ON: inactive players will automatically lose when time's up. (requested by BigJulius)
|
|t:|1758375692
|teamsize|p1|6
|teamsize|p2|6
|start
|switch|p1a: Landorus|Landorus-Therian, M|100/100
|switch|p2a: Cut the bridge|Kleavor, F|100/100
|-ability|p1a: Landorus|Intimidate|boost
|-unboost|p2a: Cut the bridge|atk|1
|turn|1
|
|t:|1758375706
|move|p2a: Cut the bridge|U-turn|p1a: Landorus
|-resisted|p1a: Landorus
|-damage|p1a: Landorus|87/100
|
|t:|1758375713
|switch|p2a: You spin me round|Iron Treads|100/100|[from] U-turn
|move|p1a: Landorus|Rock Slide|p2a: You spin me round
|-resisted|p2a: You spin me round
|-damage|p2a: You spin me round|94/100
|
|upkeep
|turn|2
|
|t:|1758375725
|switch|p1a: Skeledirge|Skeledirge, M|100/100
|move|p2a: You spin me round|Ice Spinner|p1a: Skeledirge
|-resisted|p1a: Skeledirge
|-damage|p1a: Skeledirge|93/100
|-damage|p2a: You spin me round|78/100|[from] item: Rocky Helmet|[of] p1a: Skeledirge
|
|upkeep
|turn|3
|
|t:|1758375734
|move|p2a: You spin me round|Volt Switch|p1a: Skeledirge
|-damage|p1a: Skeledirge|81/100
|
|t:|1758375738
|-end|p2a: You spin me round|Quark Drive|[silent]
|switch|p2a: Lava chicken|Volcanion|100/100|[from] Volt Switch
|move|p1a: Skeledirge|Torch Song|p2a: Lava chicken
|-resisted|p2a: Lava chicken
|-damage|p2a: Lava chicken|91/100
|-boost|p1a: Skeledirge|spa|1
|
|upkeep
|turn|4
|
|t:|1758375748
|switch|p1a: Tentacruel|Tentacruel, F|100/100
|move|p2a: Lava chicken|Steam Eruption|p1a: Tentacruel
|-resisted|p1a: Tentacruel
|-damage|p1a: Tentacruel|82/100
|-status|p1a: Tentacruel|brn
|
|-damage|p1a: Tentacruel|75/100 brn|[from] brn
|upkeep
|turn|5
|
|t:|1758375762
|switch|p2a: You spin me round|Iron Treads|78/100
|move|p1a: Tentacruel|Toxic Spikes|p2a: You spin me round
|-sidestart|p2: M3lodi3♪♫♪|move: Toxic Spikes
|
|-damage|p1a: Tentacruel|69/100 brn|[from] brn
|upkeep
|turn|6
|
|t:|1758375768
|switch|p1a: Skeledirge|Skeledirge, M|81/100
|move|p2a: You spin me round|Volt Switch|p1a: Skeledirge
|-damage|p1a: Skeledirge|69/100
|
|t:|1758375782
|-end|p2a: You spin me round|Quark Drive|[silent]
|switch|p2a: Lava chicken|Volcanion|91/100|[from] Volt Switch
|
|upkeep
|turn|7
|
|t:|1758375789
|move|p2a: Lava chicken|Steam Eruption|p1a: Skeledirge
|-supereffective|p1a: Skeledirge
|-damage|p1a: Skeledirge|0 fnt
|faint|p1a: Skeledirge
|
|upkeep
|
|t:|1758375796
|switch|p1a: Landorus|Landorus-Therian, M|87/100
|-ability|p1a: Landorus|Intimidate|boost
|-unboost|p2a: Lava chicken|atk|1
|turn|8
|
|t:|1758375823
|switch|p2a: RokULikeAHurricane|Braviary-Hisui, M|100/100
|move|p1a: Landorus|U-turn|p2a: RokULikeAHurricane
|-damage|p2a: RokULikeAHurricane|65/100
|
|t:|1758375829
|switch|p1a: Ninetales|Ninetales-Alola, M|100/100|[from] U-turn
|-weather|Snowscape|[from] ability: Snow Warning|[of] p1a: Ninetales
|
|-weather|Snowscape|[upkeep]
|upkeep
|turn|9
|
|t:|1758375840
|switch|p2a: You spin me round|Iron Treads|78/100
|move|p1a: Ninetales|Aurora Veil|p1a: Ninetales
|-sidestart|p1: BigJulius|move: Aurora Veil
|
|-weather|Snowscape|[upkeep]
|upkeep
|turn|10
|
|t:|1758375846
|switch|p1a: Landorus|Landorus-Therian, M|87/100
|-ability|p1a: Landorus|Intimidate|boost
|-unboost|p2a: You spin me round|atk|1
|move|p2a: You spin me round|Rapid Spin|p1a: Landorus
|-damage|p1a: Landorus|81/100
|-boost|p2a: You spin me round|spe|1
|-sideend|p2: M3lodi3♪♫♪|Toxic Spikes|[from] move: Rapid Spin|[of] p2a: You spin me round
|
|-weather|Snowscape|[upkeep]
|upkeep
|turn|11
|
|t:|1758375854
|move|p2a: You spin me round|Ice Spinner|p1a: Landorus
|-supereffective|p1a: Landorus
|-crit|p1a: Landorus
|-damage|p1a: Landorus|0 fnt
|faint|p1a: Landorus
|
|-weather|Snowscape|[upkeep]
|upkeep
|c|☆BigJulius|Lol
|
|t:|1758375863
|switch|p1a: Beartic|Beartic, F|100/100
|turn|12
|
|t:|1758375869
|move|p2a: You spin me round|Volt Switch|p1a: Beartic
|-damage|p1a: Beartic|94/100
|
|t:|1758375873
|-end|p2a: You spin me round|Quark Drive|[silent]
|switch|p2a: WhoLetTheDogsOut|Zamazenta|100/100|[from] Volt Switch
|-ability|p2a: WhoLetTheDogsOut|Dauntless Shield|boost
|-boost|p2a: WhoLetTheDogsOut|def|1
|move|p1a: Beartic|Swords Dance|p1a: Beartic
|-boost|p1a: Beartic|atk|2
|
|-weather|none
|upkeep
|turn|13
|
|t:|1758375888
|-terastallize|p1a: Beartic|Ground
|move|p2a: WhoLetTheDogsOut|Close Combat|p1a: Beartic
|-damage|p1a: Beartic|59/100
|-unboost|p2a: WhoLetTheDogsOut|def|1
|-unboost|p2a: WhoLetTheDogsOut|spd|1
|move|p1a: Beartic|Earthquake|p2a: WhoLetTheDogsOut
|-damage|p2a: WhoLetTheDogsOut|0 fnt
|faint|p2a: WhoLetTheDogsOut
|-damage|p1a: Beartic|49/100|[from] item: Life Orb
|
|upkeep
|inactive|M3lodi3♪♫♪ has 120 seconds left.
|
|t:|1758375918
|switch|p2a: RokULikeAHurricane|Braviary-Hisui, M|65/100
|turn|14
|
|t:|1758375922
|move|p2a: RokULikeAHurricane|Hurricane|p1a: Beartic
|-damage|p1a: Beartic|0 fnt
|faint|p1a: Beartic
|
|upkeep
|
|t:|1758375929
|switch|p1a: Kingambit|Kingambit, M|100/100
|-activate|p1a: Kingambit|ability: Supreme Overlord
|-start|p1a: Kingambit|fallen3|[silent]
|-item|p1a: Kingambit|Air Balloon
|turn|15
|
|t:|1758375935
|move|p2a: RokULikeAHurricane|Heat Wave|p1a: Kingambit
|-supereffective|p1a: Kingambit
|-damage|p1a: Kingambit|55/100
|-enditem|p1a: Kingambit|Air Balloon
|move|p1a: Kingambit|Swords Dance|p1a: Kingambit
|-boost|p1a: Kingambit|atk|2
|
|upkeep
|turn|16
|
|t:|1758375942
|move|p1a: Kingambit|Sucker Punch||[still]
|-fail|p1a: Kingambit
|move|p2a: RokULikeAHurricane|Agility|p2a: RokULikeAHurricane
|-boost|p2a: RokULikeAHurricane|spe|2
|
|-sideend|p1: BigJulius|move: Aurora Veil
|upkeep
|turn|17
|
|t:|1758375955
|move|p1a: Kingambit|Sucker Punch|p2a: RokULikeAHurricane
|-supereffective|p2a: RokULikeAHurricane
|-damage|p2a: RokULikeAHurricane|0 fnt
|faint|p2a: RokULikeAHurricane
|
|upkeep
|
|t:|1758375959
|switch|p2a: Lava chicken|Volcanion|91/100
|turn|18
|
|t:|1758375965
|-terastallize|p2a: Lava chicken|Fairy
|move|p1a: Kingambit|Sucker Punch|p2a: Lava chicken
|-resisted|p2a: Lava chicken
|-damage|p2a: Lava chicken|48/100
|move|p2a: Lava chicken|Flamethrower|p1a: Kingambit
|-supereffective|p1a: Kingambit
|-damage|p1a: Kingambit|0 fnt
|faint|p1a: Kingambit
|-end|p1a: Kingambit|fallen3|[silent]
|
|upkeep
|
|t:|1758375969
|switch|p1a: Tentacruel|Tentacruel, F|69/100 brn
|turn|19
|
|t:|1758375982
|move|p1a: Tentacruel|Sludge Bomb|p2a: Lava chicken
|-supereffective|p2a: Lava chicken
|-damage|p2a: Lava chicken|0 fnt
|faint|p2a: Lava chicken
|
|-damage|p1a: Tentacruel|63/100 brn|[from] brn
|upkeep
|
|t:|1758375992
|switch|p2a: You spin me round|Iron Treads|78/100
|turn|20
|
|t:|1758375998
|switch|p1a: Ninetales|Ninetales-Alola, M|100/100
|-weather|Snowscape|[from] ability: Snow Warning|[of] p1a: Ninetales
|move|p2a: You spin me round|Earthquake|p1a: Ninetales
|-damage|p1a: Ninetales|70/100
|
|-weather|Snowscape|[upkeep]
|upkeep
|turn|21
|
|t:|1758376006
|move|p1a: Ninetales|Aurora Veil|p1a: Ninetales
|-sidestart|p1: BigJulius|move: Aurora Veil
|move|p2a: You spin me round|Rapid Spin|p1a: Ninetales
|-damage|p1a: Ninetales|65/100
|-boost|p2a: You spin me round|spe|1
|
|-weather|Snowscape|[upkeep]
|upkeep
|turn|22
|
|t:|1758376013
|move|p2a: You spin me round|Earthquake|p1a: Ninetales
|-damage|p1a: Ninetales|50/100
|move|p1a: Ninetales|Nasty Plot|p1a: Ninetales
|-boost|p1a: Ninetales|spa|2
|
|-weather|Snowscape|[upkeep]
|upkeep
|turn|23
|
|t:|1758376024
|move|p2a: You spin me round|Earthquake|p1a: Ninetales
|-damage|p1a: Ninetales|35/100
|move|p1a: Ninetales|Freeze-Dry|p2a: You spin me round
|-damage|p2a: You spin me round|44/100
|
|-weather|Snowscape|[upkeep]
|upkeep
|turn|24
|
|t:|1758376031
|move|p2a: You spin me round|Earthquake|p1a: Ninetales
|-damage|p1a: Ninetales|19/100
|move|p1a: Ninetales|Freeze-Dry|p2a: You spin me round
|-damage|p2a: You spin me round|11/100
|
|-weather|none
|upkeep
|turn|25
|
|t:|1758376038
|move|p2a: You spin me round|Earthquake|p1a: Ninetales
|-damage|p1a: Ninetales|0 fnt
|faint|p1a: Ninetales
|
|upkeep
|
|t:|1758376042
|switch|p1a: Tentacruel|Tentacruel, F|63/100 brn
|turn|26
|
|t:|1758376046
|move|p2a: You spin me round|Earthquake|p1a: Tentacruel
|-supereffective|p1a: Tentacruel
|-damage|p1a: Tentacruel|1/100 brn
|move|p1a: Tentacruel|Aqua Ring|p1a: Tentacruel
|-start|p1a: Tentacruel|Aqua Ring
|
|-heal|p1a: Tentacruel|8/100 brn|[from] Aqua Ring
|-damage|p1a: Tentacruel|1/100 brn|[from] brn
|upkeep
|turn|27
|
|t:|1758376054
|move|p2a: You spin me round|Earthquake|p1a: Tentacruel
|-supereffective|p1a: Tentacruel
|-damage|p1a: Tentacruel|0 fnt
|faint|p1a: Tentacruel
|
|win|M3lodi3♪♫♪
|raw|BigJulius's rating: 1367 &rarr; <strong>1346</strong><br />(-21 for losing)
|raw|M3lodi3♪♫♪'s rating: 1358 &rarr; <strong>1379</strong><br />(+21 for winning)
|l|☆BigJulius
|player|p1|
|l|☆M3lodi3♪♫♪
|player|p2|
