|j|☆sublimest tobias
|j|☆Shattersong
|t:|1758300674
|gametype|singles
|player|p1|sublimest tobias|volkner-masters|1294
|player|p2|Shattersong|2|1340
|gen|9
|tier|[Gen 9] OU
|rated|
|rule|HP Percentage Mod: HP is shown in percentages
|rule|Endless Battle Clause: Forcing endless battles is banned
|rule|Species Clause: Limit one of each Pokémon
|rule|OHKO Clause: OHKO moves are banned
|rule|Evasion Items Clause: Evasion items are banned
|rule|Evasion Moves Clause: Evasion moves are banned
|rule|Evasion Abilities Clause: Evasion abilities are banned
|rule|Sleep Moves Clause: Sleep-inducing moves are banned
|clearpoke
|poke|p1|Tyranitar, M|
|poke|p1|Gholdengo|
|poke|p1|Zamazenta-*|
|poke|p1|Rillaboom, M|
|poke|p1|Garchomp, M|
|poke|p1|Zapdos|
|poke|p2|Ribombee, F|
|poke|p2|Smeargle, M|
|poke|p2|Serperior, F|
|poke|p2|Malamar, M|
|poke|p2|Empoleon, F|
|poke|p2|Kingambit, M|
|teampreview
|
|t:|1758300692
|teamsize|p1|6
|teamsize|p2|6
|start
|switch|p1a: Zamazenta|Zamazenta|100/100
|switch|p2a: Moonlight|Ribombee, F, shiny|100/100
|-ability|p1a: Zamazenta|Dauntless Shield|boost
|-boost|p1a: Zamazenta|def|1
|turn|1
|
|t:|1758300699
|move|p1a: Zamazenta|Heavy Slam|p2a: Moonlight
|-supereffective|p2a: Moonlight
|-enditem|p2a: Moonlight|Focus Sash
|-damage|p2a: Moonlight|1/100
|move|p2a: Moonlight|Sticky Web|p1a: Zamazenta
|-sidestart|p1: sublimest tobias|move: Sticky Web
|
|upkeep
|turn|2
|
|t:|1758300705
|move|p1a: Zamazenta|Heavy Slam|p2a: Moonlight
|-supereffective|p2a: Moonlight
|-damage|p2a: Moonlight|0 fnt
|faint|p2a: Moonlight
|
|upkeep
|
|t:|1758300710
|switch|p2a: Kai|Smeargle, M|100/100
|turn|3
|
|t:|1758300713
|move|p2a: Kai|Court Change|p2a: Kai
|-swapsideconditions
|-activate|p2a: Kai|move: Court Change
|move|p1a: Zamazenta|Roar|p2a: Kai
|drag|p2a: Jade|Empoleon, F|100/100
|-activate|p2a: Jade|move: Sticky Web
|-unboost|p2a: Jade|spe|1
|-ability|p2a: Jade|Competitive|boost
|-boost|p2a: Jade|spa|2
|
|upkeep
|turn|4
|
|t:|1758300721
|move|p1a: Zamazenta|Close Combat|p2a: Jade
|-supereffective|p2a: Jade
|-damage|p2a: Jade|0 fnt
|-unboost|p1a: Zamazenta|def|1
|-unboost|p1a: Zamazenta|spd|1
|faint|p2a: Jade
|
|upkeep
|
|t:|1758300728
|switch|p2a: Hibiscus|Serperior, F|100/100
|-activate|p2a: Hibiscus|move: Sticky Web
|-boost|p2a: Hibiscus|spe|1
|turn|5
|
|t:|1758300734
|switch|p1a: Gholdengo|Gholdengo|100/100
|-item|p1a: Gholdengo|Air Balloon
|move|p2a: Hibiscus|Leaf Storm|p1a: Gholdengo
|-resisted|p1a: Gholdengo
|-damage|p1a: Gholdengo|74/100
|-boost|p2a: Hibiscus|spa|2
|-enditem|p1a: Gholdengo|Air Balloon
|
|upkeep
|turn|6
|
|t:|1758300746
|move|p2a: Hibiscus|Leaf Storm|p1a: Gholdengo
|-resisted|p1a: Gholdengo
|-damage|p1a: Gholdengo|25/100
|-boost|p2a: Hibiscus|spa|2
|move|p1a: Gholdengo|Thunder Wave|p2a: Hibiscus
|-status|p2a: Hibiscus|par
|
|upkeep
|turn|7
|
|t:|1758300756
|move|p2a: Hibiscus|Leaf Storm|p1a: Gholdengo
|-resisted|p1a: Gholdengo
|-damage|p1a: Gholdengo|0 fnt
|-boost|p2a: Hibiscus|spa|2
|faint|p1a: Gholdengo
|
|upkeep
|
|t:|1758300760
|switch|p1a: Zapdos|Zapdos|100/100
|turn|8
|
|t:|1758300766
|move|p1a: Zapdos|Heat Wave|p2a: Hibiscus
|-supereffective|p2a: Hibiscus
|-damage|p2a: Hibiscus|23/100 par
|move|p2a: Hibiscus|Dragon Pulse|p1a: Zapdos
|-damage|p1a: Zapdos|0 fnt
|faint|p1a: Zapdos
|
|upkeep
|
|t:|1758300774
|switch|p1a: Zamazenta|Zamazenta|100/100
|turn|9
|
|t:|1758300780
|move|p1a: Zamazenta|Crunch|p2a: Hibiscus
|-damage|p2a: Hibiscus|0 fnt
|faint|p2a: Hibiscus
|
|upkeep
|
|t:|1758300787
|switch|p2a: Xerosic|Malamar, M|100/100
|-activate|p2a: Xerosic|move: Sticky Web
|-boost|p2a: Xerosic|spe|1
|turn|10
|
|t:|1758300797
|switch|p1a: Tyranitar|Tyranitar, M|100/100
|-weather|Sandstorm|[from] ability: Sand Stream|[of] p1a: Tyranitar
|move|p2a: Xerosic|Superpower|p1a: Tyranitar
|-supereffective|p1a: Tyranitar
|-damage|p1a: Tyranitar|0 fnt
|-boost|p2a: Xerosic|atk|1
|-boost|p2a: Xerosic|def|1
|faint|p1a: Tyranitar
|
|-weather|Sandstorm|[upkeep]
|-damage|p2a: Xerosic|94/100|[from] Sandstorm
|-heal|p2a: Xerosic|100/100|[from] item: Leftovers
|upkeep
|
|t:|1758300804
|switch|p1a: Zamazenta|Zamazenta|100/100
|turn|11
|
|t:|1758300811
|move|p2a: Xerosic|Psycho Cut|p1a: Zamazenta
|-supereffective|p1a: Zamazenta
|-damage|p1a: Zamazenta|6/100
|move|p1a: Zamazenta|Roar|p2a: Xerosic
|drag|p2a: Kingambit|Kingambit, M|100/100
|-activate|p2a: Kingambit|move: Sticky Web
|-unboost|p2a: Kingambit|spe|1
|-ability|p2a: Kingambit|Defiant|boost
|-boost|p2a: Kingambit|atk|2
|
|-weather|Sandstorm|[upkeep]
|-damage|p1a: Zamazenta|0 fnt|[from] Sandstorm
|faint|p1a: Zamazenta
|upkeep
|
|t:|1758300816
|switch|p1a: Garchomp|Garchomp, M|100/100
|turn|12
|
|t:|1758300828
|move|p1a: Garchomp|Stealth Rock|p2a: Kingambit
|-sidestart|p2: Shattersong|move: Stealth Rock
|move|p2a: Kingambit|Iron Head|p1a: Garchomp
|-damage|p1a: Garchomp|37/100
|-damage|p2a: Kingambit|88/100|[from] ability: Rough Skin|[of] p1a: Garchomp
|-damage|p2a: Kingambit|72/100|[from] item: Rocky Helmet|[of] p1a: Garchomp
|
|-weather|Sandstorm|[upkeep]
|upkeep
|turn|13
|
|t:|1758300837
|move|p1a: Garchomp|Earthquake|p2a: Kingambit
|-supereffective|p2a: Kingambit
|-damage|p2a: Kingambit|13/100
|move|p2a: Kingambit|Kowtow Cleave|p1a: Garchomp
|-damage|p1a: Garchomp|0 fnt
|-damage|p2a: Kingambit|1/100|[from] ability: Rough Skin|[of] p1a: Garchomp
|-damage|p2a: Kingambit|0 fnt|[from] item: Rocky Helmet|[of] p1a: Garchomp
|faint|p1a: Garchomp
|faint|p2a: Kingambit
|
|-weather|Sandstorm|[upkeep]
|upkeep
|
|t:|1758300849
|switch|p1a: Rillaboom|Rillaboom, M|100/100
|switch|p2a: Kai|Smeargle, M|100/100
|-activate|p2a: Kai|move: Sticky Web
|-unboost|p2a: Kai|spe|1
|-damage|p2a: Kai|88/100|[from] Stealth Rock
|-fieldstart|move: Grassy Terrain|[from] ability: Grassy Surge|[of] p1a: Rillaboom
|turn|14
|
|t:|1758300857
|move|p1a: Rillaboom|Wood Hammer|p2a: Kai
|-damage|p2a: Kai|0 fnt
|faint|p2a: Kai
|-damage|p1a: Rillaboom|79/100|[from] Recoil
|
|-weather|none
|-heal|p1a: Rillaboom|85/100|[from] Grassy Terrain
|upkeep
|
|t:|1758300864
|switch|p2a: Xerosic|Malamar, M|100/100
|-activate|p2a: Xerosic|move: Sticky Web
|-boost|p2a: Xerosic|spe|1
|-damage|p2a: Xerosic|88/100|[from] Stealth Rock
|turn|15
|
|t:|1758300904
|-terastallize|p1a: Rillaboom|Grass
|move|p2a: Xerosic|Superpower|p1a: Rillaboom
|-crit|p1a: Rillaboom
|-damage|p1a: Rillaboom|29/100
|-boost|p2a: Xerosic|atk|1
|-boost|p2a: Xerosic|def|1
|move|p1a: Rillaboom|Wood Hammer|p2a: Xerosic
|-damage|p2a: Xerosic|8/100
|-damage|p1a: Rillaboom|0 fnt|[from] Recoil
|faint|p1a: Rillaboom
|
|win|Shattersong
|raw|sublimest tobias's rating: 1294 &rarr; <strong>1272</strong><br />(-22 for losing)
|raw|Shattersong's rating: 1340 &rarr; <strong>1357</strong><br />(+17 for winning)
|l|☆sublimest tobias
|player|p1|
|l|☆Shattersong
|player|p2|
