|j|☆tejasvi_v.22
|j|☆slowbro named paul
|t:|1758272012
|gametype|singles
|player|p1|tejasvi_v.22|102|1502
|player|p2|slowbro named paul|skierf|1410
|gen|9
|tier|[Gen 9] OU
|rated|
|rule|HP Percentage Mod: HP is shown in percentages
|rule|Endless Battle Clause: Forcing endless battles is banned
|rule|Species Clause: Limit one of each Pokémon
|rule|OHKO Clause: OHKO moves are banned
|rule|Evasion Items Clause: Evasion items are banned
|rule|Evasion Moves Clause: Evasion moves are banned
|rule|Evasion Abilities Clause: Evasion abilities are banned
|rule|Sleep Moves Clause: Sleep-inducing moves are banned
|clearpoke
|poke|p1|Darkrai|
|poke|p1|Ceruledge, M|
|poke|p1|Dragonite, M|
|poke|p1|Ogerpon-Wellspring, F|
|poke|p1|Glimmora, F|
|poke|p1|Clefable, M|
|poke|p2|Amoonguss, M|
|poke|p2|Toxapex, F|
|poke|p2|Tauros-Paldea-Blaze, M|
|poke|p2|Cresselia, F|
|poke|p2|Florges, F|
|poke|p2|Ting-Lu|
|teampreview
|inactive|Battle timer is ON: inactive players will automatically lose when time's up. (requested by slowbro named paul)
|
|t:|1758272024
|teamsize|p1|6
|teamsize|p2|6
|start
|switch|p1a: Ogerpon|Ogerpon-Wellspring, F|100/100
|switch|p2a: Banana Bird|Cresselia, F|100/100
|turn|1
|
|t:|1758272029
|move|p1a: Ogerpon|Swords Dance|p1a: Ogerpon
|-boost|p1a: Ogerpon|atk|2
|move|p2a: Banana Bird|Psyshock|p1a: Ogerpon
|-damage|p1a: Ogerpon|71/100
|
|upkeep
|turn|2
|
|t:|1758272034
|switch|p2a: sus vent funny|Amoonguss, M|100/100
|move|p1a: Ogerpon|Knock Off|p2a: sus vent funny
|-damage|p2a: sus vent funny|49/100
|-damage|p1a: Ogerpon|54/100|[from] item: Rocky Helmet|[of] p2a: sus vent funny
|-enditem|p2a: sus vent funny|Rocky Helmet|[from] move: Knock Off|[of] p1a: Ogerpon
|
|upkeep
|turn|3
|
|t:|1758272045
|switch|p1a: Glimmora|Glimmora, F|100/100
|-item|p1a: Glimmora|Air Balloon
|move|p2a: sus vent funny|Toxic|p1a: Glimmora
|-immune|p1a: Glimmora
|
|upkeep
|turn|4
|
|t:|1758272052
|switch|p2a: Creature|Toxapex, F|100/100
|move|p1a: Glimmora|Stealth Rock|p2a: Creature
|-sidestart|p2: slowbro named paul|move: Stealth Rock
|
|upkeep
|turn|5
|
|t:|1758272057
|move|p1a: Glimmora|Power Gem|p2a: Creature
|-damage|p2a: Creature|76/100
|move|p2a: Creature|Acid Spray|p1a: Glimmora
|-resisted|p1a: Glimmora
|-damage|p1a: Glimmora|95/100
|-unboost|p1a: Glimmora|spd|2
|-enditem|p1a: Glimmora|Air Balloon
|
|upkeep
|turn|6
|
|t:|1758272064
|move|p1a: Glimmora|Power Gem|p2a: Creature
|-damage|p2a: Creature|53/100
|move|p2a: Creature|Sludge Bomb|p1a: Glimmora
|-resisted|p1a: Glimmora
|-damage|p1a: Glimmora|72/100
|
|upkeep
|turn|7
|
|t:|1758272077
|move|p1a: Glimmora|Power Gem|p2a: Creature
|-damage|p2a: Creature|30/100
|move|p2a: Creature|Sludge Bomb|p1a: Glimmora
|-resisted|p1a: Glimmora
|-damage|p1a: Glimmora|50/100
|
|upkeep
|turn|8
|
|t:|1758272084
|move|p1a: Glimmora|Power Gem|p2a: Creature
|-damage|p2a: Creature|9/100
|move|p2a: Creature|Surf|p1a: Glimmora
|-supereffective|p1a: Glimmora
|-damage|p1a: Glimmora|0 fnt
|faint|p1a: Glimmora
|
|upkeep
|
|t:|1758272094
|switch|p1a: Dragonite|Dragonite, M|100/100
|turn|9
|
|t:|1758272096
|move|p1a: Dragonite|Extreme Speed|p2a: Creature
|-damage|p2a: Creature|0 fnt
|faint|p2a: Creature
|
|upkeep
|
|t:|1758272098
|switch|p2a: Banana Bird|Cresselia, F|100/100
|-damage|p2a: Banana Bird|88/100|[from] Stealth Rock
|turn|10
|
|t:|1758272104
|-terastallize|p1a: Dragonite|Flying
|move|p1a: Dragonite|Dragon Dance|p1a: Dragonite
|-boost|p1a: Dragonite|atk|1
|-boost|p1a: Dragonite|spe|1
|move|p2a: Banana Bird|Calm Mind|p2a: Banana Bird
|-boost|p2a: Banana Bird|spa|1
|-boost|p2a: Banana Bird|spd|1
|
|upkeep
|turn|11
|
|t:|1758272116
|move|p1a: Dragonite|Tera Blast|p2a: Banana Bird|[anim] Tera Blast Flying
|-damage|p2a: Banana Bird|36/100
|move|p2a: Banana Bird|Moonblast|p1a: Dragonite
|-damage|p1a: Dragonite|86/100
|
|upkeep
|turn|12
|
|t:|1758272125
|move|p1a: Dragonite|Tera Blast|p2a: Banana Bird|[anim] Tera Blast Flying
|-damage|p2a: Banana Bird|0 fnt
|faint|p2a: Banana Bird
|
|upkeep
|
|t:|1758272127
|switch|p2a: The Chef|Tauros-Paldea-Blaze, M|100/100
|-ability|p2a: The Chef|Intimidate|boost
|-unboost|p1a: Dragonite|atk|1
|turn|13
|
|t:|1758272131
|-terastallize|p2a: The Chef|Fairy
|move|p1a: Dragonite|Tera Blast|p2a: The Chef|[anim] Tera Blast Flying
|-damage|p2a: The Chef|59/100
|move|p2a: The Chef|Will-O-Wisp|p1a: Dragonite
|-status|p1a: Dragonite|brn
|
|-damage|p1a: Dragonite|80/100 brn|[from] brn
|upkeep
|turn|14
|
|t:|1758272138
|move|p1a: Dragonite|Dragon Dance|p1a: Dragonite
|-boost|p1a: Dragonite|atk|1
|-boost|p1a: Dragonite|spe|1
|move|p2a: The Chef|Bulk Up|p2a: The Chef
|-boost|p2a: The Chef|atk|1
|-boost|p2a: The Chef|def|1
|
|-damage|p1a: Dragonite|74/100 brn|[from] brn
|upkeep
|turn|15
|
|t:|1758272144
|move|p1a: Dragonite|Dragon Dance|p1a: Dragonite
|-boost|p1a: Dragonite|atk|1
|-boost|p1a: Dragonite|spe|1
|move|p2a: The Chef|Raging Bull|p1a: Dragonite
|-damage|p1a: Dragonite|9/100 brn
|
|-damage|p1a: Dragonite|3/100 brn|[from] brn
|upkeep
|turn|16
|
|t:|1758272151
|move|p1a: Dragonite|Earthquake|p2a: The Chef
|-damage|p2a: The Chef|42/100
|move|p2a: The Chef|Raging Bull|p1a: Dragonite
|-damage|p1a: Dragonite|0 fnt
|faint|p1a: Dragonite
|
|upkeep
|
|t:|1758272159
|switch|p1a: Clefable|Clefable, M|100/100
|turn|17
|
|t:|1758272163
|switch|p2a: sus vent funny|Amoonguss, M|82/100
|-damage|p2a: sus vent funny|70/100|[from] Stealth Rock
|move|p1a: Clefable|Moonblast|p2a: sus vent funny
|-resisted|p2a: sus vent funny
|-damage|p2a: sus vent funny|49/100
|
|upkeep
|turn|18
|
|t:|1758272170
|move|p1a: Clefable|Encore||[still]
|-fail|p1a: Clefable
|move|p2a: sus vent funny|Toxic|p1a: Clefable
|-status|p1a: Clefable|tox
|
|-damage|p1a: Clefable|94/100 tox|[from] psn
|upkeep
|turn|19
|
|t:|1758272174
|switch|p2a: Bowldog|Ting-Lu|100/100
|-damage|p2a: Bowldog|94/100|[from] Stealth Rock
|-ability|p2a: Bowldog|Vessel of Ruin
|move|p1a: Clefable|Calm Mind|p1a: Clefable
|-boost|p1a: Clefable|spa|1
|-boost|p1a: Clefable|spd|1
|
|-heal|p1a: Clefable|100/100 tox|[from] item: Leftovers
|-heal|p2a: Bowldog|100/100|[from] item: Leftovers
|-damage|p1a: Clefable|88/100 tox|[from] psn
|upkeep
|turn|20
|
|t:|1758272178
|move|p1a: Clefable|Moonblast|p2a: Bowldog
|-supereffective|p2a: Bowldog
|-damage|p2a: Bowldog|50/100
|move|p2a: Bowldog|Earthquake|p1a: Clefable
|-damage|p1a: Clefable|48/100 tox
|
|-heal|p1a: Clefable|55/100 tox|[from] item: Leftovers
|-heal|p2a: Bowldog|56/100|[from] item: Leftovers
|-damage|p1a: Clefable|36/100 tox|[from] psn
|upkeep
|turn|21
|
|t:|1758272184
|move|p1a: Clefable|Moonblast|p2a: Bowldog
|-supereffective|p2a: Bowldog
|-damage|p2a: Bowldog|6/100
|-unboost|p2a: Bowldog|spa|1
|move|p2a: Bowldog|Rest|p2a: Bowldog
|-status|p2a: Bowldog|slp|[from] move: Rest
|-heal|p2a: Bowldog|100/100 slp|[silent]
|
|-heal|p1a: Clefable|42/100 tox|[from] item: Leftovers
|-damage|p1a: Clefable|18/100 tox|[from] psn
|upkeep
|turn|22
|
|t:|1758272188
|switch|p2a: sus vent funny|Amoonguss, M|83/100
|-damage|p2a: sus vent funny|70/100|[from] Stealth Rock
|move|p1a: Clefable|Moonblast|p2a: sus vent funny
|-resisted|p2a: sus vent funny
|-damage|p2a: sus vent funny|38/100
|
|-heal|p1a: Clefable|24/100 tox|[from] item: Leftovers
|-damage|p1a: Clefable|0 fnt|[from] psn
|faint|p1a: Clefable
|upkeep
|
|t:|1758272193
|switch|p1a: Ceruledge|Ceruledge, M, shiny|100/100
|turn|23
|
|t:|1758272200
|move|p1a: Ceruledge|Bitter Blade|p2a: sus vent funny
|-supereffective|p2a: sus vent funny
|-crit|p2a: sus vent funny
|-damage|p2a: sus vent funny|0 fnt
|faint|p2a: sus vent funny
|
|upkeep
|
|t:|1758272203
|switch|p2a: The Chef|Tauros-Paldea-Blaze, M, tera:Fairy|42/100
|-ability|p2a: The Chef|Intimidate|boost
|-unboost|p1a: Ceruledge|atk|1
|turn|24
|-message|slowbro named paul forfeited.
|
|win|tejasvi_v.22
|raw|tejasvi_v.22's rating: 1502 &rarr; <strong>1517</strong><br />(+15 for winning)
|raw|slowbro named paul's rating: 1410 &rarr; <strong>1395</strong><br />(-15 for losing)
|l|☆slowbro named paul
|player|p2|
|l|☆tejasvi_v.22
|player|p1|
