|j|☆Sunshinne
|j|☆TeamNorthKorea
|t:|1758298473
|gametype|singles
|player|p1|Sunshinne|caitlin|1494
|player|p2|TeamNorthKorea|dawn|1434
|gen|9
|tier|[Gen 9] OU
|rated|
|rule|HP Percentage Mod: HP is shown in percentages
|rule|Endless Battle Clause: Forcing endless battles is banned
|rule|Species Clause: Limit one of each Pokémon
|rule|OHKO Clause: OHKO moves are banned
|rule|Evasion Items Clause: Evasion items are banned
|rule|Evasion Moves Clause: Evasion moves are banned
|rule|Evasion Abilities Clause: Evasion abilities are banned
|rule|Sleep Moves Clause: Sleep-inducing moves are banned
|clearpoke
|poke|p1|Great Tusk|
|poke|p1|Kingambit, M|
|poke|p1|Moltres|
|poke|p1|Tinkaton, F|
|poke|p1|Hydrapple, F|
|poke|p1|Samurott-Hisui, F|
|poke|p2|Porygon-Z|
|poke|p2|Great Tusk|
|poke|p2|Kingambit, F|
|poke|p2|Rillaboom, M|
|poke|p2|Dragapult, M|
|poke|p2|Heatran, M|
|teampreview
|inactive|Battle timer is ON: inactive players will automatically lose when time's up. (requested by Sunshinne)
|inactive|TeamNorthKorea also wants the timer to be on.
|
|t:|1758298478
|teamsize|p1|6
|teamsize|p2|6
|start
|switch|p1a: Samurott|Samurott-Hisui, F|100/100
|switch|p2a: Dragapult|Dragapult, M|100/100
|turn|1
|
|t:|1758298499
|switch|p2a: Heatran|Heatran, M|100/100
|move|p1a: Samurott|Ceaseless Edge|p2a: Heatran
|-crit|p2a: Heatran
|-damage|p2a: Heatran|43/100
|-status|p1a: Samurott|brn|[from] ability: Flame Body|[of] p2a: Heatran
|-sidestart|p2: TeamNorthKorea|Spikes
|
|-heal|p2a: Heatran|49/100|[from] item: Leftovers
|-damage|p1a: Samurott|94/100 brn|[from] brn
|upkeep
|turn|2
|
|t:|1758298502
|move|p1a: Samurott|Ceaseless Edge|p2a: Heatran|[miss]
|-miss|p1a: Samurott|p2a: Heatran
|move|p2a: Heatran|Stealth Rock|p1a: Samurott
|-sidestart|p1: Sunshinne|move: Stealth Rock
|
|-heal|p2a: Heatran|55/100|[from] item: Leftovers
|-damage|p1a: Samurott|88/100 brn|[from] brn
|upkeep
|turn|3
|
|t:|1758298512
|move|p1a: Samurott|Ceaseless Edge|p2a: Heatran
|-damage|p2a: Heatran|36/100
|-sidestart|p2: TeamNorthKorea|Spikes
|move|p2a: Heatran|Magma Storm|p1a: Samurott
|-resisted|p1a: Samurott
|-damage|p1a: Samurott|57/100 brn
|-activate|p1a: Samurott|move: Magma Storm|[of] p2a: Heatran
|
|-heal|p2a: Heatran|42/100|[from] item: Leftovers
|-damage|p1a: Samurott|51/100 brn|[from] brn
|-damage|p1a: Samurott|38/100 brn|[from] move: Magma Storm|[partiallytrapped]
|upkeep
|turn|4
|
|t:|1758298515
|move|p1a: Samurott|Ceaseless Edge|p2a: Heatran
|-damage|p2a: Heatran|24/100
|-sidestart|p2: TeamNorthKorea|Spikes
|move|p2a: Heatran|Earth Power|p1a: Samurott
|-damage|p1a: Samurott|0 fnt
|faint|p1a: Samurott
|
|-heal|p2a: Heatran|30/100|[from] item: Leftovers
|upkeep
|
|t:|1758298522
|switch|p1a: Tinkaton|Tinkaton, F|100/100
|-damage|p1a: Tinkaton|94/100|[from] Stealth Rock
|-item|p1a: Tinkaton|Air Balloon
|turn|5
|
|t:|1758298529
|move|p1a: Tinkaton|Stealth Rock|p2a: Heatran
|-sidestart|p2: TeamNorthKorea|move: Stealth Rock
|move|p2a: Heatran|Magma Storm|p1a: Tinkaton
|-supereffective|p1a: Tinkaton
|-damage|p1a: Tinkaton|19/100
|-activate|p1a: Tinkaton|move: Magma Storm|[of] p2a: Heatran
|-enditem|p1a: Tinkaton|Air Balloon
|
|-heal|p2a: Heatran|37/100|[from] item: Leftovers
|-damage|p1a: Tinkaton|7/100|[from] move: Magma Storm|[partiallytrapped]
|upkeep
|turn|6
|
|t:|1758298533
|move|p1a: Tinkaton|Knock Off|p2a: Heatran
|-damage|p2a: Heatran|23/100
|-enditem|p2a: Heatran|Leftovers|[from] move: Knock Off|[of] p1a: Tinkaton
|move|p2a: Heatran|Magma Storm|p1a: Tinkaton
|-supereffective|p1a: Tinkaton
|-damage|p1a: Tinkaton|0 fnt
|faint|p1a: Tinkaton
|
|upkeep
|
|t:|1758298538
|switch|p1a: Great Tusk|Great Tusk|100/100
|turn|7
|
|t:|1758298547
|move|p1a: Great Tusk|Headlong Rush|p2a: Heatran
|-supereffective|p2a: Heatran
|-damage|p2a: Heatran|0 fnt
|-unboost|p1a: Great Tusk|def|1
|-unboost|p1a: Great Tusk|spd|1
|faint|p2a: Heatran
|
|upkeep
|
|t:|1758298550
|switch|p2a: Massive Tusk|Great Tusk|100/100
|-damage|p2a: Massive Tusk|76/100|[from] Spikes
|-damage|p2a: Massive Tusk|73/100|[from] Stealth Rock
|-enditem|p2a: Massive Tusk|Booster Energy
|-activate|p2a: Massive Tusk|ability: Protosynthesis|[fromitem]
|-start|p2a: Massive Tusk|protosynthesisatk
|turn|8
|
|t:|1758298552
|move|p1a: Great Tusk|Ice Spinner|p2a: Massive Tusk
|-supereffective|p2a: Massive Tusk
|-damage|p2a: Massive Tusk|37/100
|move|p2a: Massive Tusk|Rapid Spin|p1a: Great Tusk
|-damage|p1a: Great Tusk|77/100
|-boost|p2a: Massive Tusk|spe|1
|-sideend|p2: TeamNorthKorea|Spikes|[from] move: Rapid Spin|[of] p2a: Massive Tusk
|-sideend|p2: TeamNorthKorea|Stealth Rock|[from] move: Rapid Spin|[of] p2a: Massive Tusk
|
|upkeep
|turn|9
|
|t:|1758298555
|move|p2a: Massive Tusk|Close Combat|p1a: Great Tusk
|-damage|p1a: Great Tusk|0 fnt
|-unboost|p2a: Massive Tusk|def|1
|-unboost|p2a: Massive Tusk|spd|1
|faint|p1a: Great Tusk
|-end|p1a: Great Tusk|Protosynthesis|[silent]
|
|upkeep
|
|t:|1758298557
|switch|p1a: Moltres|Moltres|100/100
|turn|10
|
|t:|1758298565
|move|p2a: Massive Tusk|Head Smash|p1a: Moltres
|-supereffective|p1a: Moltres
|-damage|p1a: Moltres|0 fnt
|faint|p1a: Moltres
|-damage|p2a: Massive Tusk|0 fnt|[from] Recoil
|faint|p2a: Massive Tusk
|-end|p2a: Massive Tusk|Protosynthesis|[silent]
|
|upkeep
|
|t:|1758298569
|switch|p2a: Rillaboom|Rillaboom, M|100/100
|switch|p1a: Hydrapple|Hydrapple, F|100/100
|-fieldstart|move: Grassy Terrain|[from] ability: Grassy Surge|[of] p2a: Rillaboom
|turn|11
|
|t:|1758298572
|move|p2a: Rillaboom|U-turn|p1a: Hydrapple
|-supereffective|p1a: Hydrapple
|-damage|p1a: Hydrapple|43/100
|
|t:|1758298575
|switch|p2a: Bail Out|Kingambit, F|100/100|[from] U-turn
|-activate|p2a: Bail Out|ability: Supreme Overlord
|-start|p2a: Bail Out|fallen2|[silent]
|move|p1a: Hydrapple|Fickle Beam|p2a: Bail Out
|-resisted|p2a: Bail Out
|-damage|p2a: Bail Out|81/100
|
|-heal|p2a: Bail Out|87/100|[from] Grassy Terrain
|-heal|p1a: Hydrapple|49/100|[from] Grassy Terrain
|upkeep
|turn|12
|
|t:|1758298579
|move|p2a: Bail Out|Kowtow Cleave|p1a: Hydrapple
|-damage|p1a: Hydrapple|0 fnt
|faint|p1a: Hydrapple
|
|-heal|p2a: Bail Out|93/100|[from] Grassy Terrain
|upkeep
|
|t:|1758298581
|switch|p1a: Kingambit|Kingambit, M|100/100
|-damage|p1a: Kingambit|94/100|[from] Stealth Rock
|-activate|p1a: Kingambit|ability: Supreme Overlord
|-start|p1a: Kingambit|fallen5|[silent]
|turn|13
|
|t:|1758298585
|move|p1a: Kingambit|Swords Dance|p1a: Kingambit
|-boost|p1a: Kingambit|atk|2
|move|p2a: Bail Out|Kowtow Cleave|p1a: Kingambit
|-resisted|p1a: Kingambit
|-damage|p1a: Kingambit|66/100
|
|-heal|p1a: Kingambit|72/100|[from] Grassy Terrain
|-heal|p1a: Kingambit|78/100|[from] item: Leftovers
|-heal|p2a: Bail Out|99/100|[from] Grassy Terrain
|upkeep
|turn|14
|
|t:|1758298588
|-terastallize|p1a: Kingambit|Fairy
|move|p1a: Kingambit|Tera Blast|p2a: Bail Out|[anim] Tera Blast Fairy
|-damage|p2a: Bail Out|0 fnt
|faint|p2a: Bail Out
|-end|p2a: Bail Out|fallen2|[silent]
|
|-heal|p1a: Kingambit|85/100|[from] Grassy Terrain
|-heal|p1a: Kingambit|91/100|[from] item: Leftovers
|upkeep
|
|t:|1758298592
|switch|p2a: NUKE|Porygon-Z|100/100
|turn|15
|
|t:|1758298594
|move|p1a: Kingambit|Sucker Punch|p2a: NUKE
|-damage|p2a: NUKE|0 fnt
|faint|p2a: NUKE
|
|-heal|p1a: Kingambit|97/100|[from] Grassy Terrain
|-heal|p1a: Kingambit|100/100|[from] item: Leftovers
|-fieldend|move: Grassy Terrain
|upkeep
|
|t:|1758298596
|switch|p2a: Rillaboom|Rillaboom, M|100/100
|-fieldstart|move: Grassy Terrain|[from] ability: Grassy Surge|[of] p2a: Rillaboom
|turn|16
|
|t:|1758298599
|-terastallize|p2a: Rillaboom|Grass
|move|p2a: Rillaboom|Grassy Glide|p1a: Kingambit
|-damage|p1a: Kingambit|47/100
|move|p1a: Kingambit|Tera Blast|p2a: Rillaboom|[anim] Tera Blast Fairy
|-damage|p2a: Rillaboom|0 fnt
|faint|p2a: Rillaboom
|
|-heal|p1a: Kingambit|53/100|[from] Grassy Terrain
|-heal|p1a: Kingambit|59/100|[from] item: Leftovers
|upkeep
|
|t:|1758298601
|switch|p2a: Dragapult|Dragapult, M|100/100
|turn|17
|
|t:|1758298604
|move|p1a: Kingambit|Sucker Punch|p2a: Dragapult
|-supereffective|p2a: Dragapult
|-damage|p2a: Dragapult|0 fnt
|faint|p2a: Dragapult
|
|win|Sunshinne
|raw|Sunshinne's rating: 1494 &rarr; <strong>1511</strong><br />(+17 for winning)
|raw|TeamNorthKorea's rating: 1434 &rarr; <strong>1417</strong><br />(-17 for losing)
|l|☆TeamNorthKorea
|player|p2|
|l|☆Sunshinne
|player|p1|
