|j|☆Skyline67
|j|☆HORRORKIDD
|t:|1758324196
|gametype|singles
|player|p1|Skyline67|acetrainer-gen4dp|
|player|p2|HORRORKIDD|iris-gen5bw2|
|gen|9
|tier|[Gen 9] OU
|rule|HP Percentage Mod: HP is shown in percentages
|rule|Endless Battle Clause: Forcing endless battles is banned
|rule|Species Clause: Limit one of each Pokémon
|rule|OHKO Clause: OHKO moves are banned
|rule|Evasion Items Clause: Evasion items are banned
|rule|Evasion Moves Clause: Evasion moves are banned
|rule|Evasion Abilities Clause: Evasion abilities are banned
|rule|Sleep Moves Clause: Sleep-inducing moves are banned
|clearpoke
|poke|p1|Kingambit, F|
|poke|p1|Overqwil, M|
|poke|p1|Ninetales-Alola, F|
|poke|p1|Golem-Alola, M|
|poke|p1|Regidrago|
|poke|p1|Keldeo|
|poke|p2|Kilowattrel, F|
|poke|p2|Krookodile, F|
|poke|p2|Iron Valiant|
|poke|p2|Heatran, M|
|poke|p2|Milotic, M|
|poke|p2|Froslass, F|
|teampreview
|
|t:|1758324273
|teamsize|p1|6
|teamsize|p2|6
|start
|switch|p1a: Golem|Golem-Alola, M|100/100
|switch|p2a: Froslass|Froslass, F|100/100
|turn|1
|
|t:|1758324293
|switch|p2a: Krookodile|Krookodile, F|100/100
|move|p1a: Golem|Stealth Rock|p2a: Krookodile
|-sidestart|p2: HORRORKIDD|move: Stealth Rock
|
|upkeep
|turn|2
|
|t:|1758324311
|move|p2a: Krookodile|Knock Off|p1a: Golem
|-damage|p1a: Golem|68/100
|-enditem|p1a: Golem|Normal Gem|[from] move: Knock Off|[of] p2a: Krookodile
|move|p1a: Golem|Explosion|p2a: Krookodile
|-damage|p2a: Krookodile|8/100
|faint|p1a: Golem
|
|upkeep
|
|t:|1758324323
|switch|p1a: Ninetales|Ninetales-Alola, F|100/100
|-weather|Snowscape|[from] ability: Snow Warning|[of] p1a: Ninetales
|turn|3
|
|t:|1758324334
|move|p2a: Krookodile|Knock Off|p1a: Ninetales
|-resisted|p1a: Ninetales
|-damage|p1a: Ninetales|78/100
|-enditem|p1a: Ninetales|Light Clay|[from] move: Knock Off|[of] p2a: Krookodile
|move|p1a: Ninetales|Aurora Veil|p1a: Ninetales
|-sidestart|p1: Skyline67|move: Aurora Veil
|
|-weather|Snowscape|[upkeep]
|upkeep
|turn|4
|
|t:|1758324343
|switch|p2a: Froslass|Froslass, F|100/100
|-damage|p2a: Froslass|76/100|[from] Stealth Rock
|move|p1a: Ninetales|Blizzard|p2a: Froslass
|-resisted|p2a: Froslass
|-damage|p2a: Froslass|42/100
|-start|p1a: Ninetales|Disable|Blizzard|[from] ability: Cursed Body|[of] p2a: Froslass
|
|-weather|Snowscape|[upkeep]
|upkeep
|turn|5
|
|t:|1758324357
|move|p2a: Froslass|Aurora Veil|p2a: Froslass
|-sidestart|p2: HORRORKIDD|move: Aurora Veil
|move|p1a: Ninetales|Moonblast|p2a: Froslass
|-damage|p2a: Froslass|14/100
|
|-weather|Snowscape|[upkeep]
|upkeep
|turn|6
|
|t:|1758324375
|move|p2a: Froslass|Shadow Ball|p1a: Ninetales
|-damage|p1a: Ninetales|58/100
|move|p1a: Ninetales|Moonblast|p2a: Froslass
|-damage|p2a: Froslass|0 fnt
|faint|p2a: Froslass
|
|-weather|Snowscape|[upkeep]
|upkeep
|
|t:|1758324391
|switch|p2a: Krookodile|Krookodile, F|8/100
|-damage|p2a: Krookodile|2/100|[from] Stealth Rock
|turn|7
|
|t:|1758324404
|move|p2a: Krookodile|Gunk Shot|p1a: Ninetales|[miss]
|-miss|p2a: Krookodile|p1a: Ninetales
|move|p1a: Ninetales|Moonblast|p2a: Krookodile
|-supereffective|p2a: Krookodile
|-damage|p2a: Krookodile|0 fnt
|faint|p2a: Krookodile
|
|-weather|none
|-end|p1a: Ninetales|Disable
|-sideend|p1: Skyline67|move: Aurora Veil
|upkeep
|
|t:|1758324417
|switch|p2a: Iron Valiant|Iron Valiant|100/100
|-damage|p2a: Iron Valiant|94/100|[from] Stealth Rock
|-enditem|p2a: Iron Valiant|Booster Energy
|-activate|p2a: Iron Valiant|ability: Quark Drive|[fromitem]
|-start|p2a: Iron Valiant|quarkdrivespe
|turn|8
|
|t:|1758324428
|switch|p1a: Overqwil|Overqwil, M|100/100
|-ability|p1a: Overqwil|Intimidate|boost
|-unboost|p2a: Iron Valiant|atk|1
|move|p2a: Iron Valiant|Close Combat|p1a: Overqwil
|-damage|p1a: Overqwil|64/100
|-unboost|p2a: Iron Valiant|def|1
|-unboost|p2a: Iron Valiant|spd|1
|
|upkeep
|turn|9
|
|t:|1758324444
|-end|p2a: Iron Valiant|Quark Drive|[silent]
|switch|p2a: Heatran|Heatran, M|100/100
|-damage|p2a: Heatran|88/100|[from] Stealth Rock
|move|p1a: Overqwil|Poison Jab|p2a: Heatran
|-immune|p2a: Heatran
|
|-heal|p2a: Heatran|94/100|[from] item: Leftovers
|-sideend|p2: HORRORKIDD|move: Aurora Veil
|upkeep
|turn|10
|
|t:|1758324459
|switch|p1a: Keldeo|Keldeo|100/100
|move|p2a: Heatran|Stealth Rock|p1a: Keldeo
|-sidestart|p1: Skyline67|move: Stealth Rock
|
|-heal|p2a: Heatran|100/100|[from] item: Leftovers
|upkeep
|turn|11
|
|t:|1758324477
|switch|p2a: Milotic|Milotic, M|100/100
|-damage|p2a: Milotic|88/100|[from] Stealth Rock
|move|p1a: Keldeo|Flip Turn|p2a: Milotic
|-resisted|p2a: Milotic
|-damage|p2a: Milotic|82/100
|
|t:|1758324486
|switch|p1a: Ninetales|Ninetales-Alola, F|58/100|[from] Flip Turn
|-damage|p1a: Ninetales|33/100|[from] Stealth Rock
|-weather|Snowscape|[from] ability: Snow Warning|[of] p1a: Ninetales
|
|-weather|Snowscape|[upkeep]
|-status|p2a: Milotic|brn|[from] item: Flame Orb
|upkeep
|turn|12
|
|t:|1758324498
|move|p1a: Ninetales|Aurora Veil|p1a: Ninetales
|-sidestart|p1: Skyline67|move: Aurora Veil
|move|p2a: Milotic|Scald|p1a: Ninetales
|-damage|p1a: Ninetales|16/100
|
|-weather|Snowscape|[upkeep]
|-damage|p2a: Milotic|76/100 brn|[from] brn
|upkeep
|turn|13
|
|t:|1758324506
|move|p1a: Ninetales|Freeze-Dry|p2a: Milotic
|-supereffective|p2a: Milotic
|-crit|p2a: Milotic
|-damage|p2a: Milotic|21/100 brn
|move|p2a: Milotic|Scald|p1a: Ninetales
|-crit|p1a: Ninetales
|-damage|p1a: Ninetales|0 fnt
|faint|p1a: Ninetales
|
|-weather|Snowscape|[upkeep]
|-damage|p2a: Milotic|15/100 brn|[from] brn
|upkeep
|
|t:|1758324522
|switch|p1a: Regidrago|Regidrago|100/100
|-damage|p1a: Regidrago|88/100|[from] Stealth Rock
|turn|14
|
|t:|1758324530
|move|p1a: Regidrago|Earth Power|p2a: Milotic
|-damage|p2a: Milotic|0 fnt
|faint|p2a: Milotic
|
|-weather|Snowscape|[upkeep]
|upkeep
|
|t:|1758324534
|switch|p2a: Iron Valiant|Iron Valiant|94/100
|-damage|p2a: Iron Valiant|88/100|[from] Stealth Rock
|turn|15
|
|t:|1758324541
|switch|p1a: Overqwil|Overqwil, M|64/100
|-damage|p1a: Overqwil|51/100|[from] Stealth Rock
|-ability|p1a: Overqwil|Intimidate|boost
|-unboost|p2a: Iron Valiant|atk|1
|move|p2a: Iron Valiant|Moonblast|p1a: Overqwil
|-damage|p1a: Overqwil|18/100
|
|-weather|none
|upkeep
|turn|16
|
|t:|1758324564
|move|p2a: Iron Valiant|Moonblast|p1a: Overqwil
|-damage|p1a: Overqwil|0 fnt
|faint|p1a: Overqwil
|
|-sideend|p1: Skyline67|move: Aurora Veil
|upkeep
|
|t:|1758324571
|switch|p1a: Kingambit|Kingambit, F|100/100
|-damage|p1a: Kingambit|94/100|[from] Stealth Rock
|turn|17
|
|t:|1758324585
|-terastallize|p1a: Kingambit|Flying
|move|p2a: Iron Valiant|Close Combat|p1a: Kingambit
|-resisted|p1a: Kingambit
|-damage|p1a: Kingambit|83/100
|-unboost|p2a: Iron Valiant|def|1
|-unboost|p2a: Iron Valiant|spd|1
|move|p1a: Kingambit|Iron Head|p2a: Iron Valiant
|-supereffective|p2a: Iron Valiant
|-damage|p2a: Iron Valiant|0 fnt
|faint|p2a: Iron Valiant
|-end|p2a: Iron Valiant|Quark Drive|[silent]
|
|upkeep
|
|t:|1758324595
|switch|p2a: Kilowattrel|Kilowattrel, F|100/100
|-damage|p2a: Kilowattrel|76/100|[from] Stealth Rock
|turn|18
|
|t:|1758324609
|move|p1a: Kingambit|Sucker Punch|p2a: Kilowattrel
|-damage|p2a: Kilowattrel|3/100
|move|p2a: Kilowattrel|Volt Switch|p1a: Kingambit
|-supereffective|p1a: Kingambit
|-damage|p1a: Kingambit|55/100
|
|t:|1758324615
|switch|p2a: Heatran|Heatran, M|100/100|[from] Volt Switch
|-damage|p2a: Heatran|88/100|[from] Stealth Rock
|
|-heal|p2a: Heatran|94/100|[from] item: Leftovers
|upkeep
|turn|19
|
|t:|1758324624
|move|p2a: Heatran|Magma Storm|p1a: Kingambit
|-damage|p1a: Kingambit|25/100
|-activate|p1a: Kingambit|move: Magma Storm|[of] p2a: Heatran
|move|p1a: Kingambit|Kowtow Cleave|p2a: Heatran
|-damage|p2a: Heatran|53/100
|
|-heal|p2a: Heatran|59/100|[from] item: Leftovers
|-damage|p1a: Kingambit|13/100|[from] move: Magma Storm|[partiallytrapped]
|upkeep
|turn|20
|
|t:|1758324635
|move|p2a: Heatran|Taunt|p1a: Kingambit
|-start|p1a: Kingambit|move: Taunt
|move|p1a: Kingambit|Kowtow Cleave|p2a: Heatran
|-damage|p2a: Heatran|16/100
|
|-heal|p2a: Heatran|22/100|[from] item: Leftovers
|-damage|p1a: Kingambit|0 fnt|[from] move: Magma Storm|[partiallytrapped]
|faint|p1a: Kingambit
|upkeep
|
|t:|1758324648
|switch|p1a: Regidrago|Regidrago|88/100
|-damage|p1a: Regidrago|76/100|[from] Stealth Rock
|turn|21
|
|t:|1758324656
|move|p1a: Regidrago|Dragon Energy|p2a: Heatran
|-resisted|p2a: Heatran
|-damage|p2a: Heatran|0 fnt
|faint|p2a: Heatran
|
|upkeep
|
|t:|1758324659
|switch|p2a: Kilowattrel|Kilowattrel, F|3/100
|-damage|p2a: Kilowattrel|0 fnt|[from] Stealth Rock
|faint|p2a: Kilowattrel
|
|win|Skyline67
