|j|☆dylanrofl
|j|☆munty12
|t:|1758363511
|gametype|singles
|player|p1|dylanrofl|carmine|1190
|player|p2|munty12|169|1157
|gen|9
|tier|[Gen 9] OU
|rated|
|rule|HP Percentage Mod: HP is shown in percentages
|rule|Endless Battle Clause: Forcing endless battles is banned
|rule|Species Clause: Limit one of each Pokémon
|rule|OHKO Clause: OHKO moves are banned
|rule|Evasion Items Clause: Evasion items are banned
|rule|Evasion Moves Clause: Evasion moves are banned
|rule|Evasion Abilities Clause: Evasion abilities are banned
|rule|Sleep Moves Clause: Sleep-inducing moves are banned
|clearpoke
|poke|p1|Meowscarada, F|
|poke|p1|Garchomp, M|
|poke|p1|Iron Valiant|
|poke|p1|Dragonite, M|
|poke|p1|Sylveon, M|
|poke|p1|Moltres|
|poke|p2|Gallade, M|
|poke|p2|Rotom-Wash|
|poke|p2|Empoleon, F|
|poke|p2|Breloom, F|
|poke|p2|Palossand, M|
|poke|p2|Scizor, M|
|teampreview
|inactive|Battle timer is ON: inactive players will automatically lose when time's up. (requested by munty12)
|
|t:|1758363567
|teamsize|p1|6
|teamsize|p2|6
|start
|switch|p1a: Moltres|Moltres, shiny|100/100
|switch|p2a: Breloom|Breloom, F|100/100
|turn|1
|
|t:|1758363572
|switch|p2a: Rotom|Rotom-Wash|100/100
|move|p1a: Moltres|Ancient Power|p2a: Rotom
|-damage|p2a: Rotom|72/100
|
|upkeep
|turn|2
|
|t:|1758363585
|switch|p1a: Sylveon|Sylveon, M, shiny|100/100
|move|p2a: Rotom|Trick|p1a: Sylveon
|-activate|p2a: Rotom|move: Trick|[of] p1a: Sylveon
|-item|p1a: Sylveon|Choice Specs|[from] move: Trick
|-item|p2a: Rotom|Leftovers|[from] move: Trick
|
|-heal|p2a: Rotom|78/100|[from] item: Leftovers
|upkeep
|turn|3
|
|t:|1758363594
|switch|p1a: Moltres|Moltres, shiny|100/100
|move|p2a: Rotom|Volt Switch|p1a: Moltres
|-supereffective|p1a: Moltres
|-damage|p1a: Moltres|13/100
|
|t:|1758363600
|switch|p2a: Gallade|Gallade, M, shiny|100/100|[from] Volt Switch
|
|upkeep
|turn|4
|
|t:|1758363617
|move|p2a: Gallade|Psycho Cut|p1a: Moltres
|-damage|p1a: Moltres|0 fnt
|faint|p1a: Moltres
|
|upkeep
|
|t:|1758363625
|switch|p1a: Iron Valiant|Iron Valiant|100/100
|-enditem|p1a: Iron Valiant|Booster Energy
|-activate|p1a: Iron Valiant|ability: Quark Drive|[fromitem]
|-start|p1a: Iron Valiant|quarkdrivespe
|turn|5
|
|t:|1758363631
|switch|p2a: Empoleon|Empoleon, F|100/100
|move|p1a: Iron Valiant|Moonblast|p2a: Empoleon
|-resisted|p2a: Empoleon
|-damage|p2a: Empoleon|89/100
|
|upkeep
|turn|6
|
|t:|1758363638
|move|p1a: Iron Valiant|Close Combat|p2a: Empoleon
|-supereffective|p2a: Empoleon
|-crit|p2a: Empoleon
|-damage|p2a: Empoleon|0 fnt
|-unboost|p1a: Iron Valiant|def|1
|-unboost|p1a: Iron Valiant|spd|1
|faint|p2a: Empoleon
|
|upkeep
|
|t:|1758363641
|switch|p2a: Scizor|Scizor, M|100/100
|turn|7
|
|t:|1758363648
|move|p2a: Scizor|Bullet Punch|p1a: Iron Valiant
|-supereffective|p1a: Iron Valiant
|-damage|p1a: Iron Valiant|0 fnt
|faint|p1a: Iron Valiant
|-end|p1a: Iron Valiant|Quark Drive|[silent]
|
|upkeep
|
|t:|1758363653
|switch|p1a: Garchomp|Garchomp, M|100/100
|turn|8
|
|t:|1758363672
|switch|p2a: Rotom|Rotom-Wash|78/100
|move|p1a: Garchomp|Earthquake|p2a: Rotom
|-immune|p2a: Rotom|[from] ability: Levitate
|
|-heal|p2a: Rotom|84/100|[from] item: Leftovers
|upkeep
|turn|9
|
|t:|1758363684
|move|p1a: Garchomp|Scale Shot|p2a: Rotom
|-damage|p2a: Rotom|63/100
|-damage|p2a: Rotom|45/100
|-damage|p2a: Rotom|27/100
|-damage|p2a: Rotom|8/100
|-damage|p2a: Rotom|0 fnt
|faint|p2a: Rotom
|-hitcount|p2: Rotom|5
|-unboost|p1a: Garchomp|def|1
|-boost|p1a: Garchomp|spe|1
|
|upkeep
|
|t:|1758363707
|switch|p2a: Scizor|Scizor, M|100/100
|turn|10
|
|t:|1758363716
|-terastallize|p1a: Garchomp|Dragon
|move|p1a: Garchomp|Brick Break|p2a: Scizor
|-damage|p2a: Scizor|70/100
|move|p2a: Scizor|U-turn|p1a: Garchomp
|-damage|p1a: Garchomp|42/100
|-damage|p2a: Scizor|58/100|[from] ability: Rough Skin|[of] p1a: Garchomp
|
|t:|1758363726
|switch|p2a: Breloom|Breloom, F|100/100|[from] U-turn
|
|upkeep
|turn|11
|
|t:|1758363730
|move|p2a: Breloom|Mach Punch|p1a: Garchomp
|-damage|p1a: Garchomp|0 fnt
|-damage|p2a: Breloom|88/100|[from] ability: Rough Skin|[of] p1a: Garchomp
|faint|p1a: Garchomp
|
|upkeep
|
|t:|1758363735
|switch|p1a: Meowscarada|Meowscarada, F, shiny|100/100
|turn|12
|
|t:|1758363742
|switch|p1a: Sylveon|Sylveon, M, shiny|100/100
|move|p2a: Breloom|Mach Punch|p1a: Sylveon
|-resisted|p1a: Sylveon
|-damage|p1a: Sylveon|81/100
|
|upkeep
|turn|13
|
|t:|1758363748
|switch|p2a: Scizor|Scizor, M|58/100
|move|p1a: Sylveon|Moonblast|p2a: Scizor
|-resisted|p2a: Scizor
|-damage|p2a: Scizor|18/100
|
|-heal|p2a: Scizor|24/100|[from] item: Leftovers
|upkeep
|turn|14
|
|t:|1758363754
|move|p2a: Scizor|Bullet Punch|p1a: Sylveon
|-supereffective|p1a: Sylveon
|-damage|p1a: Sylveon|20/100
|move|p1a: Sylveon|Moonblast|p2a: Scizor
|-resisted|p2a: Scizor
|-damage|p2a: Scizor|0 fnt
|faint|p2a: Scizor
|
|upkeep
|
|t:|1758363766
|switch|p2a: Gallade|Gallade, M, shiny|100/100
|turn|15
|
|t:|1758363772
|move|p2a: Gallade|Sacred Sword|p1a: Sylveon
|-resisted|p1a: Sylveon
|-damage|p1a: Sylveon|0 fnt
|faint|p1a: Sylveon
|
|upkeep
|
|t:|1758363784
|switch|p1a: Dragonite|Dragonite, M|100/100
|turn|16
|
|t:|1758363795
|switch|p2a: Palossand|Palossand, M|100/100
|move|p1a: Dragonite|Dragon Dance|p1a: Dragonite
|-boost|p1a: Dragonite|atk|1
|-boost|p1a: Dragonite|spe|1
|
|upkeep
|turn|17
|
|t:|1758363810
|move|p1a: Dragonite|Earthquake|p2a: Palossand
|-damage|p2a: Palossand|58/100
|move|p2a: Palossand|Chilling Water|p1a: Dragonite
|-resisted|p1a: Dragonite
|-damage|p1a: Dragonite|96/100
|-unboost|p1a: Dragonite|atk|1
|
|-heal|p2a: Palossand|64/100|[from] item: Leftovers
|upkeep
|turn|18
|
|t:|1758363818
|move|p1a: Dragonite|Waterfall|p2a: Palossand
|-supereffective|p2a: Palossand
|-damage|p2a: Palossand|20/100
|-ability|p2a: Palossand|Water Compaction|boost
|-boost|p2a: Palossand|def|2
|move|p2a: Palossand|Chilling Water|p1a: Dragonite
|-resisted|p1a: Dragonite
|-damage|p1a: Dragonite|88/100
|-unboost|p1a: Dragonite|atk|1
|
|-heal|p2a: Palossand|26/100|[from] item: Leftovers
|upkeep
|turn|19
|
|t:|1758363830
|move|p1a: Dragonite|Waterfall|p2a: Palossand
|-supereffective|p2a: Palossand
|-damage|p2a: Palossand|11/100
|-ability|p2a: Palossand|Water Compaction|boost
|-boost|p2a: Palossand|def|2
|cant|p2a: Palossand|flinch
|
|-heal|p2a: Palossand|17/100|[from] item: Leftovers
|upkeep
|turn|20
|
|t:|1758363833
|move|p1a: Dragonite|Earthquake|p2a: Palossand
|-damage|p2a: Palossand|10/100
|move|p2a: Palossand|Shore Up|p2a: Palossand
|-heal|p2a: Palossand|60/100
|
|-heal|p2a: Palossand|66/100|[from] item: Leftovers
|upkeep
|turn|21
|
|t:|1758363836
|switch|p1a: Meowscarada|Meowscarada, F, shiny|100/100
|move|p2a: Palossand|Chilling Water|p1a: Meowscarada
|-resisted|p1a: Meowscarada
|-crit|p1a: Meowscarada
|-damage|p1a: Meowscarada|85/100
|-unboost|p1a: Meowscarada|atk|1
|
|-heal|p2a: Palossand|72/100|[from] item: Leftovers
|upkeep
|turn|22
|
|t:|1758363847
|switch|p2a: Breloom|Breloom, F|88/100
|move|p1a: Meowscarada|Flower Trick|p2a: Breloom
|-start|p1a: Meowscarada|typechange|Grass|[from] ability: Protean
|-resisted|p2a: Breloom
|-crit|p2a: Breloom
|-damage|p2a: Breloom|33/100
|
|upkeep
|turn|23
|
|t:|1758363853
|move|p2a: Breloom|Mach Punch|p1a: Meowscarada
|-damage|p1a: Meowscarada|1/100
|move|p1a: Meowscarada|Flower Trick|p2a: Breloom
|-resisted|p2a: Breloom
|-crit|p2a: Breloom
|-damage|p2a: Breloom|0 fnt
|faint|p2a: Breloom
|
|upkeep
|
|t:|1758363857
|switch|p2a: Gallade|Gallade, M, shiny|100/100
|turn|24
|
|t:|1758363860
|move|p2a: Gallade|Psycho Cut|p1a: Meowscarada
|-damage|p1a: Meowscarada|0 fnt
|faint|p1a: Meowscarada
|
|upkeep
|
|t:|1758363864
|switch|p1a: Dragonite|Dragonite, M|88/100
|turn|25
|inactive|munty12 has 120 seconds left.
|
|t:|1758363898
|move|p2a: Gallade|Psycho Cut|p1a: Dragonite
|-damage|p1a: Dragonite|28/100
|move|p1a: Dragonite|Dragon Dance|p1a: Dragonite
|-boost|p1a: Dragonite|atk|1
|-boost|p1a: Dragonite|spe|1
|
|upkeep
|turn|26
|inactive|dylanrofl has 120 seconds left.
|
|t:|1758363932
|-terastallize|p2a: Gallade|Fairy
|move|p1a: Dragonite|Extreme Speed|p2a: Gallade
|-damage|p2a: Gallade|15/100
|move|p2a: Gallade|Psycho Cut|p1a: Dragonite
|-damage|p1a: Dragonite|0 fnt
|faint|p1a: Dragonite
|
|win|munty12
|raw|dylanrofl's rating: 1190 &rarr; <strong>1163</strong><br />(-27 for losing)
|raw|munty12's rating: 1157 &rarr; <strong>1184</strong><br />(+27 for winning)
|l|☆dylanrofl
|player|p1|
|l|☆munty12
|player|p2|
