|j|☆Passerby bye
|j|☆MMrten
|t:|1758268176
|gametype|singles
|player|p1|Passerby bye|cyclist|1344
|player|p2|MMrten|170|1397
|gen|9
|tier|[Gen 9] OU
|rated|
|rule|HP Percentage Mod: HP is shown in percentages
|rule|Endless Battle Clause: Forcing endless battles is banned
|rule|Species Clause: Limit one of each Pokémon
|rule|OHKO Clause: OHKO moves are banned
|rule|Evasion Items Clause: Evasion items are banned
|rule|Evasion Moves Clause: Evasion moves are banned
|rule|Evasion Abilities Clause: Evasion abilities are banned
|rule|Sleep Moves Clause: Sleep-inducing moves are banned
|clearpoke
|poke|p1|Magnezone|
|poke|p1|Vileplume, M|
|poke|p1|Gyarados, M|
|poke|p1|Houndoom, M|
|poke|p1|Mamoswine, M|
|poke|p1|Azumarill, M|
|poke|p2|Hoopa-Unbound|
|poke|p2|Slowking-Galar, M|
|poke|p2|Alomomola, F|
|poke|p2|Great Tusk|
|poke|p2|Dragonite, F|
|poke|p2|Kyurem|
|teampreview
|
|t:|1758268259
|teamsize|p1|6
|teamsize|p2|6
|start
|switch|p1a: Sample Team sucks|Azumarill, M|100/100
|switch|p2a: Great Tusk|Great Tusk|100/100
|turn|1
|
|t:|1758268298
|-end|p2a: Great Tusk|Protosynthesis|[silent]
|switch|p2a: Alomomola|Alomomola, F|100/100
|switch|p1a: BST＞540 Pkmn sucks|Gyarados, M, shiny|100/100
|-ability|p1a: BST＞540 Pkmn sucks|Intimidate|boost
|-unboost|p2a: Alomomola|atk|1
|
|upkeep
|turn|2
|
|t:|1758268314
|switch|p1a: Ordinary Pkmn only|Vileplume, M|100/100
|move|p2a: Alomomola|Flip Turn|p1a: Ordinary Pkmn only
|-resisted|p1a: Ordinary Pkmn only
|-damage|p1a: Ordinary Pkmn only|96/100
|-damage|p2a: Alomomola|84/100|[from] item: Rocky Helmet|[of] p1a: Ordinary Pkmn only
|-status|p2a: Alomomola|slp|[from] ability: Effect Spore|[of] p1a: Ordinary Pkmn only
|
|t:|1758268331
|switch|p2a: Kyurem|Kyurem|100/100|[from] Flip Turn
|-ability|p2a: Kyurem|Pressure
|
|upkeep
|turn|3
|
|t:|1758268348
|switch|p1a: Terrain Team sucks|Mamoswine, M|100/100
|move|p2a: Kyurem|Ice Beam|p1a: Terrain Team sucks
|-damage|p1a: Terrain Team sucks|82/100
|
|upkeep
|turn|4
|
|t:|1758268358
|switch|p2a: Alomomola|Alomomola, F|100/100 slp
|move|p1a: Terrain Team sucks|Stone Edge|p2a: Alomomola|[miss]
|-miss|p1a: Terrain Team sucks|p2a: Alomomola
|
|upkeep
|turn|5
|
|t:|1758268366
|switch|p1a: Legend Pkmn sucks|Magnezone|100/100
|cant|p2a: Alomomola|slp
|
|upkeep
|turn|6
|
|t:|1758268373
|switch|p2a: Slowking|Slowking-Galar, M|100/100
|move|p1a: Legend Pkmn sucks|Thunderbolt|p2a: Slowking
|-damage|p2a: Slowking|41/100
|
|upkeep
|turn|7
|
|t:|1758268380
|switch|p2a: Great Tusk|Great Tusk|100/100
|move|p1a: Legend Pkmn sucks|Thunderbolt|p2a: Great Tusk
|-immune|p2a: Great Tusk
|
|upkeep
|turn|8
|
|t:|1758268386
|switch|p1a: BST＞540 Pkmn sucks|Gyarados, M, shiny|100/100
|-ability|p1a: BST＞540 Pkmn sucks|Intimidate|boost
|-unboost|p2a: Great Tusk|atk|1
|move|p2a: Great Tusk|Stealth Rock|p1a: BST＞540 Pkmn sucks
|-sidestart|p1: Passerby bye|move: Stealth Rock
|
|upkeep
|turn|9
|
|t:|1758268405
|-end|p2a: Great Tusk|Protosynthesis|[silent]
|switch|p2a: Kyurem|Kyurem|100/100
|-ability|p2a: Kyurem|Pressure
|move|p1a: BST＞540 Pkmn sucks|Thunder Wave|p2a: Kyurem
|-status|p2a: Kyurem|par
|
|upkeep
|turn|10
|
|t:|1758268418
|switch|p1a: Legend Pkmn sucks|Magnezone|100/100
|-damage|p1a: Legend Pkmn sucks|94/100|[from] Stealth Rock
|move|p2a: Kyurem|Freeze-Dry|p1a: Legend Pkmn sucks
|-resisted|p1a: Legend Pkmn sucks
|-damage|p1a: Legend Pkmn sucks|75/100
|
|upkeep
|turn|11
|
|t:|1758268432
|switch|p2a: Dragonite|Dragonite, F|100/100
|move|p1a: Legend Pkmn sucks|Flash Cannon|p2a: Dragonite
|-damage|p2a: Dragonite|57/100
|
|upkeep
|turn|12
|
|t:|1758268441
|switch|p1a: BST＞540 Pkmn sucks|Gyarados, M, shiny|100/100
|-ability|p1a: BST＞540 Pkmn sucks|Intimidate|boost
|-unboost|p2a: Dragonite|atk|1
|move|p2a: Dragonite|Roost|p2a: Dragonite
|-heal|p2a: Dragonite|100/100
|-singleturn|p2a: Dragonite|move: Roost
|
|upkeep
|turn|13
|
|t:|1758268449
|switch|p2a: Kyurem|Kyurem|100/100 par
|-ability|p2a: Kyurem|Pressure
|move|p1a: BST＞540 Pkmn sucks|Thunder Wave|p2a: Kyurem
|-fail|p2a: Kyurem|par
|
|upkeep
|turn|14
|
|t:|1758268459
|switch|p1a: Terrain Team sucks|Mamoswine, M|82/100
|-damage|p1a: Terrain Team sucks|70/100|[from] Stealth Rock
|cant|p2a: Kyurem|par
|
|upkeep
|turn|15
|
|t:|1758268467
|switch|p2a: Alomomola|Alomomola, F|100/100 slp
|move|p1a: Terrain Team sucks|High Horsepower|p2a: Alomomola|[miss]
|-miss|p1a: Terrain Team sucks|p2a: Alomomola
|
|upkeep
|turn|16
|
|t:|1758268473
|switch|p1a: Legend Pkmn sucks|Magnezone|75/100
|-damage|p1a: Legend Pkmn sucks|69/100|[from] Stealth Rock
|-curestatus|p2a: Alomomola|slp|[msg]
|move|p2a: Alomomola|Scald|p1a: Legend Pkmn sucks
|-damage|p1a: Legend Pkmn sucks|54/100
|
|upkeep
|turn|17
|
|t:|1758268483
|move|p2a: Alomomola|Protect|p2a: Alomomola
|-singleturn|p2a: Alomomola|Protect
|move|p1a: Legend Pkmn sucks|Flash Cannon|p2a: Alomomola
|-activate|p2a: Alomomola|move: Protect
|
|upkeep
|turn|18
|
|t:|1758268495
|switch|p1a: Ordinary Pkmn only|Vileplume, M|96/100
|-damage|p1a: Ordinary Pkmn only|84/100|[from] Stealth Rock
|move|p2a: Alomomola|Flip Turn|p1a: Ordinary Pkmn only
|-resisted|p1a: Ordinary Pkmn only
|-damage|p1a: Ordinary Pkmn only|77/100
|-damage|p2a: Alomomola|84/100|[from] item: Rocky Helmet|[of] p1a: Ordinary Pkmn only
|-status|p2a: Alomomola|par|[from] ability: Effect Spore|[of] p1a: Ordinary Pkmn only
|
|t:|1758268508
|switch|p2a: Kyurem|Kyurem|100/100 par|[from] Flip Turn
|-ability|p2a: Kyurem|Pressure
|
|upkeep
|turn|19
|
|t:|1758268533
|switch|p1a: BST＞540 Pkmn sucks|Gyarados, M, shiny|100/100
|-ability|p1a: BST＞540 Pkmn sucks|Intimidate|boost
|-unboost|p2a: Kyurem|atk|1
|move|p2a: Kyurem|Ice Beam|p1a: BST＞540 Pkmn sucks
|-damage|p1a: BST＞540 Pkmn sucks|55/100
|
|upkeep
|turn|20
|
|t:|1758268547
|move|p2a: Kyurem|Ice Beam|p1a: BST＞540 Pkmn sucks
|-damage|p1a: BST＞540 Pkmn sucks|6/100
|move|p1a: BST＞540 Pkmn sucks|Earthquake|p2a: Kyurem
|-damage|p2a: Kyurem|68/100 par
|
|upkeep
|turn|21
|
|t:|1758268558
|switch|p1a: Legend Pkmn sucks|Magnezone|54/100
|-damage|p1a: Legend Pkmn sucks|48/100|[from] Stealth Rock
|cant|p2a: Kyurem|par
|
|upkeep
|turn|22
|
|t:|1758268566
|switch|p2a: Dragonite|Dragonite, F|100/100
|move|p1a: Legend Pkmn sucks|Thunderbolt|p2a: Dragonite
|-damage|p2a: Dragonite|47/100
|
|upkeep
|turn|23
|
|t:|1758268574
|switch|p1a: BST＞540 Pkmn sucks|Gyarados, M, shiny|6/100
|-ability|p1a: BST＞540 Pkmn sucks|Intimidate|boost
|-unboost|p2a: Dragonite|atk|1
|move|p2a: Dragonite|Earthquake|p1a: BST＞540 Pkmn sucks
|-immune|p1a: BST＞540 Pkmn sucks
|
|upkeep
|turn|24
|
|t:|1758268583
|move|p2a: Dragonite|Extreme Speed|p1a: BST＞540 Pkmn sucks
|-damage|p1a: BST＞540 Pkmn sucks|0 fnt
|faint|p1a: BST＞540 Pkmn sucks
|
|upkeep
|
|t:|1758268589
|switch|p1a: Terrain Team sucks|Mamoswine, M|70/100
|-damage|p1a: Terrain Team sucks|57/100|[from] Stealth Rock
|turn|25
|
|t:|1758268594
|switch|p2a: Alomomola|Alomomola, F|100/100 par
|move|p1a: Terrain Team sucks|Ice Shard|p2a: Alomomola
|-resisted|p2a: Alomomola
|-damage|p2a: Alomomola|94/100 par
|
|upkeep
|turn|26
|
|t:|1758268603
|switch|p1a: Ordinary Pkmn only|Vileplume, M|77/100
|-damage|p1a: Ordinary Pkmn only|65/100|[from] Stealth Rock
|cant|p2a: Alomomola|par
|
|upkeep
|turn|27
|
|t:|1758268612
|switch|p2a: Slowking|Slowking-Galar, M|74/100
|move|p1a: Ordinary Pkmn only|Leech Seed|p2a: Slowking|[miss]
|-miss|p1a: Ordinary Pkmn only|p2a: Slowking
|
|upkeep
|turn|28
|
|t:|1758268626
|switch|p1a: Legend Pkmn sucks|Magnezone|48/100
|-damage|p1a: Legend Pkmn sucks|41/100|[from] Stealth Rock
|move|p2a: Slowking|Future Sight|p1a: Legend Pkmn sucks
|-start|p2a: Slowking|move: Future Sight
|
|upkeep
|turn|29
|
|t:|1758268635
|move|p1a: Legend Pkmn sucks|Flash Cannon|p2a: Slowking
|-damage|p2a: Slowking|37/100
|-prepare|p2a: Slowking|Chilly Reception|[premajor]
|move|p2a: Slowking|Chilly Reception|p2a: Slowking
|-weather|Snowscape
|
|t:|1758268646
|switch|p2a: Hoopa|Hoopa-Unbound|100/100|[from] Chilly Reception
|
|-weather|Snowscape|[upkeep]
|upkeep
|turn|30
|inactive|Battle timer is ON: inactive players will automatically lose when time's up. (requested by MMrten)
|
|t:|1758268702
|move|p2a: Hoopa|Knock Off|p1a: Legend Pkmn sucks
|-damage|p1a: Legend Pkmn sucks|0 fnt
|-enditem|p1a: Legend Pkmn sucks|Choice Specs|[from] move: Knock Off|[of] p2a: Hoopa
|faint|p1a: Legend Pkmn sucks
|
|-weather|Snowscape|[upkeep]
|-hint|Future Sight did not hit because the target is fainted.
|upkeep
|
|t:|1758268706
|switch|p1a: Sample Team sucks|Azumarill, M|100/100
|-damage|p1a: Sample Team sucks|88/100|[from] Stealth Rock
|turn|31
|
|t:|1758268711
|switch|p2a: Alomomola|Alomomola, F|100/100 par
|move|p1a: Sample Team sucks|Play Rough|p2a: Alomomola
|-damage|p2a: Alomomola|69/100 par
|-damage|p1a: Sample Team sucks|72/100|[from] item: Rocky Helmet|[of] p2a: Alomomola
|
|-weather|Snowscape|[upkeep]
|upkeep
|turn|32
|
|t:|1758268720
|move|p1a: Sample Team sucks|Knock Off|p2a: Alomomola
|-damage|p2a: Alomomola|48/100 par
|-damage|p1a: Sample Team sucks|55/100|[from] item: Rocky Helmet|[of] p2a: Alomomola
|-enditem|p2a: Alomomola|Rocky Helmet|[from] move: Knock Off|[of] p1a: Sample Team sucks
|cant|p2a: Alomomola|par
|
|-weather|Snowscape|[upkeep]
|upkeep
|turn|33
|
|t:|1758268748
|move|p1a: Sample Team sucks|Play Rough|p2a: Alomomola
|-damage|p2a: Alomomola|17/100 par
|move|p2a: Alomomola|Flip Turn|p1a: Sample Team sucks
|-resisted|p1a: Sample Team sucks
|-damage|p1a: Sample Team sucks|47/100
|
|t:|1758268764
|switch|p2a: Kyurem|Kyurem|68/100 par|[from] Flip Turn
|-ability|p2a: Kyurem|Pressure
|
|-weather|none
|upkeep
|turn|34
|inactive|Passerby bye has 120 seconds left.
|
|t:|1758268786
|-terastallize|p1a: Sample Team sucks|Fire
|move|p2a: Kyurem|Freeze-Dry|p1a: Sample Team sucks
|-resisted|p1a: Sample Team sucks
|-damage|p1a: Sample Team sucks|34/100
|move|p1a: Sample Team sucks|Play Rough|p2a: Kyurem
|-supereffective|p2a: Kyurem
|-damage|p2a: Kyurem|0 fnt
|faint|p2a: Kyurem
|
|upkeep
|
|t:|1758268801
|switch|p2a: Dragonite|Dragonite, F|47/100
|turn|35
|
|t:|1758268813
|move|p2a: Dragonite|Earthquake|p1a: Sample Team sucks
|-supereffective|p1a: Sample Team sucks
|-damage|p1a: Sample Team sucks|0 fnt
|faint|p1a: Sample Team sucks
|
|upkeep
|inactive|Passerby bye has 120 seconds left.
|
|t:|1758268824
|switch|p1a: Ordinary Pkmn only|Vileplume, M|65/100
|-damage|p1a: Ordinary Pkmn only|52/100|[from] Stealth Rock
|turn|36
|
|t:|1758268830
|switch|p2a: Slowking|Slowking-Galar, M|70/100
|move|p1a: Ordinary Pkmn only|Strength Sap|p2a: Slowking
|-unboost|p2a: Slowking|atk|1
|-heal|p1a: Ordinary Pkmn only|91/100
|
|upkeep
|turn|37
|
|t:|1758268843
|move|p1a: Ordinary Pkmn only|Leech Seed|p2a: Slowking
|-start|p2a: Slowking|move: Leech Seed
|move|p2a: Slowking|Future Sight|p1a: Ordinary Pkmn only
|-start|p2a: Slowking|move: Future Sight
|
|-damage|p2a: Slowking|58/100|[from] Leech Seed|[of] p1a: Ordinary Pkmn only
|-heal|p1a: Ordinary Pkmn only|100/100|[silent]
|upkeep
|turn|38
|inactive|Passerby bye has 120 seconds left.
|
|t:|1758268868
|move|p1a: Ordinary Pkmn only|Leech Seed||[still]
|-fail|p1a: Ordinary Pkmn only
|-prepare|p2a: Slowking|Chilly Reception|[premajor]
|move|p2a: Slowking|Chilly Reception|p2a: Slowking
|-weather|Snowscape
|
|t:|1758268876
|switch|p2a: Hoopa|Hoopa-Unbound|100/100|[from] Chilly Reception
|
|-weather|Snowscape|[upkeep]
|upkeep
|turn|39
|inactive|Passerby bye has 120 seconds left.
|
|t:|1758268895
|switch|p1a: Weather Team sucks|Houndoom, M|100/100
|move|p2a: Hoopa|Hyperspace Fury|p1a: Weather Team sucks
|-resisted|p1a: Weather Team sucks
|-damage|p1a: Weather Team sucks|0 fnt
|-unboost|p2a: Hoopa|def|1
|faint|p1a: Weather Team sucks
|
|-weather|Snowscape|[upkeep]
|-hint|Future Sight did not hit because the target is fainted.
|upkeep
|inactive|Passerby bye has 120 seconds left.
|
|t:|1758268908
|switch|p1a: Ordinary Pkmn only|Vileplume, M|100/100
|-damage|p1a: Ordinary Pkmn only|88/100|[from] Stealth Rock
|turn|40
|
|t:|1758268912
|switch|p2a: Slowking|Slowking-Galar, M|91/100
|move|p1a: Ordinary Pkmn only|Strength Sap|p2a: Slowking
|-unboost|p2a: Slowking|atk|1
|-heal|p1a: Ordinary Pkmn only|100/100
|
|-weather|Snowscape|[upkeep]
|upkeep
|turn|41
|inactive|Passerby bye has 120 seconds left.
|
|t:|1758268932
|move|p1a: Ordinary Pkmn only|Leech Seed|p2a: Slowking
|-start|p2a: Slowking|move: Leech Seed
|move|p2a: Slowking|Future Sight|p1a: Ordinary Pkmn only
|-start|p2a: Slowking|move: Future Sight
|
|-weather|Snowscape|[upkeep]
|-damage|p2a: Slowking|79/100|[from] Leech Seed|[of] p1a: Ordinary Pkmn only
|upkeep
|turn|42
|inactive|Passerby bye has 120 seconds left.
|inactive|Passerby bye has 90 seconds left.
|inactive|Passerby bye has 60 seconds left.
|c|☆Passerby bye|your team weak  in fairy moves so much. but two nasty ability pokemon to defense.
|inactive|Passerby bye has 30 seconds left.
|
|t:|1758269036
|switch|p1a: Terrain Team sucks|Mamoswine, M|57/100
|-damage|p1a: Terrain Team sucks|45/100|[from] Stealth Rock
|-prepare|p2a: Slowking|Chilly Reception|[premajor]
|move|p2a: Slowking|Chilly Reception|p2a: Slowking
|c|☆MMrten|yeah glowking really has to hold his own against fairies
|
|t:|1758269053
|switch|p2a: Hoopa|Hoopa-Unbound|100/100|[from] Chilly Reception
|
|-weather|none
|upkeep
|turn|43
|inactive|Passerby bye has 30 seconds left.
|
|t:|1758269072
|move|p2a: Hoopa|Drain Punch|p1a: Terrain Team sucks
|-supereffective|p1a: Terrain Team sucks
|-damage|p1a: Terrain Team sucks|0 fnt
|faint|p1a: Terrain Team sucks
|
|-hint|Future Sight did not hit because the target is fainted.
|upkeep
|inactive|Passerby bye has 30 seconds left this turn.
|
|t:|1758269079
|switch|p1a: Ordinary Pkmn only|Vileplume, M|100/100
|-damage|p1a: Ordinary Pkmn only|88/100|[from] Stealth Rock
|turn|44
|
|t:|1758269083
|switch|p2a: Slowking|Slowking-Galar, M|100/100
|move|p1a: Ordinary Pkmn only|Leech Seed|p2a: Slowking
|-start|p2a: Slowking|move: Leech Seed
|
|-damage|p2a: Slowking|88/100|[from] Leech Seed|[of] p1a: Ordinary Pkmn only
|-heal|p1a: Ordinary Pkmn only|100/100|[silent]
|upkeep
|turn|45
|
|t:|1758269092
|move|p1a: Ordinary Pkmn only|Sludge Wave|p2a: Slowking
|-resisted|p2a: Slowking
|-damage|p2a: Slowking|77/100
|move|p2a: Slowking|Future Sight|p1a: Ordinary Pkmn only
|-start|p2a: Slowking|move: Future Sight
|
|-damage|p2a: Slowking|65/100|[from] Leech Seed|[of] p1a: Ordinary Pkmn only
|upkeep
|turn|46
|inactive|Passerby bye has 30 seconds left.
|inactive|Passerby bye has 20 seconds left.
|inactive|Passerby bye has 15 seconds left.
|inactive|Passerby bye has 10 seconds left.
|inactive|Passerby bye has 5 seconds left.
|-message|Passerby bye lost due to inactivity.
|
|win|MMrten
|raw|Passerby bye's rating: 1344 &rarr; <strong>1327</strong><br />(-17 for losing)
|raw|MMrten's rating: 1397 &rarr; <strong>1414</strong><br />(+17 for winning)
|c|☆MMrten|gg
|l|☆MMrten
|player|p2|
|c|☆Passerby bye|no. that fish is more nasty than slowking
|l|☆Passerby bye
|player|p1|
