|j|☆boya2
|j|☆GreenSpot
|t:|1758344375
|gametype|singles
|player|p1|boya2|lyra|1093
|player|p2|GreenSpot|skyla|1054
|gen|9
|tier|[Gen 9] OU
|rated|
|rule|HP Percentage Mod: HP is shown in percentages
|rule|Endless Battle Clause: Forcing endless battles is banned
|rule|Species Clause: Limit one of each Pokémon
|rule|OHKO Clause: OHKO moves are banned
|rule|Evasion Items Clause: Evasion items are banned
|rule|Evasion Moves Clause: Evasion moves are banned
|rule|Evasion Abilities Clause: Evasion abilities are banned
|rule|Sleep Moves Clause: Sleep-inducing moves are banned
|clearpoke
|poke|p1|Jolteon, F|
|poke|p1|Blaziken, M|
|poke|p1|Ninetales-Alola, M|
|poke|p1|Mew|
|poke|p1|Maushold-Four|
|poke|p1|Umbreon, M|
|poke|p2|Meowscarada, F|
|poke|p2|Scizor, M|
|poke|p2|Garchomp, M|
|poke|p2|Raikou|
|poke|p2|Sylveon, M|
|poke|p2|Metagross|
|teampreview
|inactive|Battle timer is ON: inactive players will automatically lose when time's up. (requested by GreenSpot)
|inactive|GreenSpot has 120 seconds left.
|
|t:|1758344409
|teamsize|p1|6
|teamsize|p2|6
|start
|switch|p1a: Jolteon|Jolteon, F|100/100
|switch|p2a: Metagross|Metagross|100/100
|-item|p1a: Jolteon|Air Balloon
|turn|1
|
|t:|1758344421
|move|p1a: Jolteon|Thunderbolt|p2a: Metagross
|-damage|p2a: Metagross|57/100
|move|p2a: Metagross|Zen Headbutt|p1a: Jolteon
|-damage|p1a: Jolteon|13/100
|-enditem|p1a: Jolteon|Air Balloon
|
|upkeep
|turn|2
|
|t:|1758344429
|move|p2a: Metagross|Bullet Punch|p1a: Jolteon
|-resisted|p1a: Jolteon
|-damage|p1a: Jolteon|0 fnt
|faint|p1a: Jolteon
|
|upkeep
|
|t:|1758344435
|switch|p1a: Umbreon|Umbreon, M|100/100
|turn|3
|
|t:|1758344438
|move|p2a: Metagross|Explosion|p1a: Umbreon
|-damage|p1a: Umbreon|39/100
|faint|p2a: Metagross
|move|p1a: Umbreon|Foul Play|p2: Metagross|[notarget]
|-fail|p1a: Umbreon
|
|-heal|p1a: Umbreon|45/100|[from] item: Leftovers
|upkeep
|
|t:|1758344450
|switch|p2a: Meowscarada|Meowscarada, F|100/100
|turn|4
|
|t:|1758344454
|move|p1a: Umbreon|Protect|p1a: Umbreon
|-singleturn|p1a: Umbreon|Protect
|move|p2a: Meowscarada|U-turn|p1a: Umbreon
|-start|p2a: Meowscarada|typechange|Bug|[from] ability: Protean
|-activate|p1a: Umbreon|move: Protect
|
|-heal|p1a: Umbreon|51/100|[from] item: Leftovers
|upkeep
|turn|5
|
|t:|1758344472
|switch|p1a: Ninetales|Ninetales-Alola, M|100/100
|-weather|Snowscape|[from] ability: Snow Warning|[of] p1a: Ninetales
|move|p2a: Meowscarada|U-turn|p1a: Ninetales
|-resisted|p1a: Ninetales
|-damage|p1a: Ninetales|85/100
|
|t:|1758344478
|switch|p2a: Scizor|Scizor, M|100/100|[from] U-turn
|
|-weather|Snowscape|[upkeep]
|upkeep
|turn|6
|
|t:|1758344487
|move|p2a: Scizor|Bullet Punch|p1a: Ninetales
|-supereffective|p1a: Ninetales
|-damage|p1a: Ninetales|0 fnt
|faint|p1a: Ninetales
|
|-weather|Snowscape|[upkeep]
|upkeep
|
|t:|1758344493
|switch|p1a: Blaziken|Blaziken, M|100/100
|turn|7
|
|t:|1758344500
|move|p1a: Blaziken|Swords Dance|p1a: Blaziken
|-boost|p1a: Blaziken|atk|2
|move|p2a: Scizor|Swords Dance|p2a: Scizor
|-boost|p2a: Scizor|atk|2
|
|-weather|Snowscape|[upkeep]
|-ability|p1a: Blaziken|Speed Boost|boost
|-boost|p1a: Blaziken|spe|1
|upkeep
|turn|8
|
|t:|1758344517
|move|p2a: Scizor|Bullet Punch|p1a: Blaziken
|-resisted|p1a: Blaziken
|-damage|p1a: Blaziken|44/100
|move|p1a: Blaziken|Reversal|p2a: Scizor
|-damage|p2a: Scizor|56/100
|
|-weather|Snowscape|[upkeep]
|-ability|p1a: Blaziken|Speed Boost|boost
|-boost|p1a: Blaziken|spe|1
|upkeep
|turn|9
|
|t:|1758344526
|move|p1a: Blaziken|Endure|p1a: Blaziken
|-singleturn|p1a: Blaziken|move: Endure
|move|p2a: Scizor|Bullet Punch|p1a: Blaziken
|-resisted|p1a: Blaziken
|-activate|p1a: Blaziken|move: Endure
|-damage|p1a: Blaziken|1/100
|
|-weather|none
|-ability|p1a: Blaziken|Speed Boost|boost
|-boost|p1a: Blaziken|spe|1
|upkeep
|turn|10
|
|t:|1758344537
|move|p1a: Blaziken|Upper Hand|p2a: Scizor
|-damage|p2a: Scizor|0 fnt
|faint|p2a: Scizor
|
|-ability|p1a: Blaziken|Speed Boost|boost
|-boost|p1a: Blaziken|spe|1
|upkeep
|
|t:|1758344542
|switch|p2a: Garchomp|Garchomp, M|100/100
|turn|11
|
|t:|1758344553
|switch|p1a: Umbreon|Umbreon, M|51/100
|move|p2a: Garchomp|Stealth Rock|p1a: Umbreon
|-sidestart|p1: boya2|move: Stealth Rock
|
|-heal|p1a: Umbreon|57/100|[from] item: Leftovers
|upkeep
|turn|12
|
|t:|1758344565
|move|p2a: Garchomp|Earthquake|p1a: Umbreon
|-damage|p1a: Umbreon|29/100
|move|p1a: Umbreon|Wish|p1a: Umbreon
|
|-heal|p1a: Umbreon|35/100|[from] item: Leftovers
|upkeep
|turn|13
|
|t:|1758344572
|move|p2a: Garchomp|Earthquake|p1a: Umbreon
|-damage|p1a: Umbreon|7/100
|move|p1a: Umbreon|Foul Play|p2a: Garchomp
|-damage|p2a: Garchomp|48/100
|-damage|p1a: Umbreon|0 fnt|[from] ability: Rough Skin|[of] p2a: Garchomp
|faint|p1a: Umbreon
|
|upkeep
|
|t:|1758344585
|switch|p1a: Mew|Mew, shiny|100/100
|-damage|p1a: Mew|88/100|[from] Stealth Rock
|turn|14
|
|t:|1758344591
|move|p2a: Garchomp|Outrage|p1a: Mew
|-damage|p1a: Mew|42/100
|move|p1a: Mew|Psychic Fangs|p2a: Garchomp
|-damage|p2a: Garchomp|16/100
|-damage|p1a: Mew|30/100|[from] ability: Rough Skin|[of] p2a: Garchomp
|-damage|p1a: Mew|13/100|[from] item: Rocky Helmet|[of] p2a: Garchomp
|
|upkeep
|turn|15
|
|t:|1758344605
|move|p2a: Garchomp|Outrage|p1a: Mew|[from] lockedmove
|-damage|p1a: Mew|0 fnt
|faint|p1a: Mew
|-start|p2a: Garchomp|confusion|[fatigue]
|
|upkeep
|
|t:|1758344612
|switch|p1a: Maushold|Maushold-Four|100/100
|-damage|p1a: Maushold|88/100|[from] Stealth Rock
|turn|16
|
|t:|1758344619
|move|p1a: Maushold|Bullet Seed|p2a: Garchomp
|-damage|p2a: Garchomp|7/100
|-damage|p2a: Garchomp|0 fnt
|faint|p2a: Garchomp
|-hitcount|p2: Garchomp|2
|
|upkeep
|
|t:|1758344636
|switch|p2a: Raikou|Raikou|100/100
|-ability|p2a: Raikou|Pressure
|turn|17
|
|t:|1758344642
|move|p2a: Raikou|Aura Sphere|p1a: Maushold
|-supereffective|p1a: Maushold
|-damage|p1a: Maushold|9/100
|move|p1a: Maushold|Tidy Up|p1a: Maushold
|-sideend|p1: boya2|Stealth Rock
|-activate|p1a: Maushold|move: Tidy Up
|-boost|p1a: Maushold|atk|1
|-boost|p1a: Maushold|spe|1
|
|upkeep
|turn|18
|
|t:|1758344651
|move|p1a: Maushold|Population Bomb|p2a: Raikou
|-damage|p2a: Raikou|80/100
|-damage|p2a: Raikou|57/100
|-damage|p2a: Raikou|36/100
|-damage|p2a: Raikou|15/100
|-damage|p2a: Raikou|0 fnt
|faint|p2a: Raikou
|-hitcount|p2: Raikou|5
|
|upkeep
|
|t:|1758344660
|switch|p2a: Meowscarada|Meowscarada, F|100/100
|turn|19
|
|t:|1758344665
|-terastallize|p2a: Meowscarada|Ghost
|move|p1a: Maushold|Population Bomb|p2a: Meowscarada
|-immune|p2a: Meowscarada
|move|p2a: Meowscarada|Knock Off|p1a: Maushold
|-damage|p1a: Maushold|0 fnt
|-enditem|p1a: Maushold|Wide Lens|[from] move: Knock Off|[of] p2a: Meowscarada
|faint|p1a: Maushold
|
|upkeep
|-message|boya2 forfeited.
|
|win|GreenSpot
|raw|boya2's rating: 1093 &rarr; <strong>1066</strong><br />(-27 for losing)
|raw|GreenSpot's rating: 1054 &rarr; <strong>1089</strong><br />(+35 for winning)
|l|☆boya2
|player|p1|
|l|☆GreenSpot
|player|p2|
