|j|☆ouku bakuza
|j|☆hifbi66
|t:|1758345650
|gametype|singles
|player|p1|ouku bakuza|169|1547
|player|p2|hifbi66|cyclist|1529
|gen|9
|tier|[Gen 9] OU
|rated|
|rule|HP Percentage Mod: HP is shown in percentages
|rule|Endless Battle Clause: Forcing endless battles is banned
|rule|Species Clause: Limit one of each Pokémon
|rule|OHKO Clause: OHKO moves are banned
|rule|Evasion Items Clause: Evasion items are banned
|rule|Evasion Moves Clause: Evasion moves are banned
|rule|Evasion Abilities Clause: Evasion abilities are banned
|rule|Sleep Moves Clause: Sleep-inducing moves are banned
|clearpoke
|poke|p1|Great Tusk|
|poke|p1|Dragonite, F|
|poke|p1|Gholdengo|
|poke|p1|Iron Treads|
|poke|p1|Rotom-Wash|
|poke|p1|Iron Valiant|
|poke|p2|Arcanine-Hisui, F|
|poke|p2|Rillaboom, M|
|poke|p2|Kingambit, F|
|poke|p2|Great Tusk|
|poke|p2|Zapdos|
|poke|p2|Iron Boulder|
|teampreview
|inactive|Battle timer is ON: inactive players will automatically lose when time's up. (requested by hifbi66)
|j| Shucklepilled
|
|t:|1758345673
|teamsize|p1|6
|teamsize|p2|6
|start
|switch|p1a: Rotom|Rotom-Wash|100/100
|switch|p2a: Boom BOom POWW|Arcanine-Hisui, F|100/100
|turn|1
|
|t:|1758345680
|move|p1a: Rotom|Volt Switch|p2a: Boom BOom POWW
|-damage|p2a: Boom BOom POWW|64/100
|
|t:|1758345683
|switch|p1a: Iron Treads|Iron Treads|100/100|[from] Volt Switch
|-enditem|p1a: Iron Treads|Booster Energy
|-activate|p1a: Iron Treads|ability: Quark Drive|[fromitem]
|-start|p1a: Iron Treads|quarkdrivespe
|move|p2a: Boom BOom POWW|Head Smash|p1a: Iron Treads
|-resisted|p1a: Iron Treads
|-damage|p1a: Iron Treads|77/100
|
|upkeep
|turn|2
|
|t:|1758345688
|switch|p2a: Rillaboom|Rillaboom, M|100/100
|-fieldstart|move: Grassy Terrain|[from] ability: Grassy Surge|[of] p2a: Rillaboom
|move|p1a: Iron Treads|Earthquake|p2a: Rillaboom
|-resisted|p2a: Rillaboom
|-damage|p2a: Rillaboom|86/100
|
|-heal|p1a: Iron Treads|83/100|[from] Grassy Terrain
|-heal|p2a: Rillaboom|93/100|[from] Grassy Terrain
|upkeep
|turn|3
|
|t:|1758345698
|move|p1a: Iron Treads|Stealth Rock|p2a: Rillaboom
|-sidestart|p2: hifbi66|move: Stealth Rock
|move|p2a: Rillaboom|Knock Off|p1a: Iron Treads
|-damage|p1a: Iron Treads|49/100
|
|-heal|p1a: Iron Treads|55/100|[from] Grassy Terrain
|-heal|p2a: Rillaboom|99/100|[from] Grassy Terrain
|upkeep
|turn|4
|
|t:|1758345704
|-end|p1a: Iron Treads|Quark Drive|[silent]
|switch|p1a: van gho|Gholdengo|100/100
|switch|p2a: Justin Long|Great Tusk|100/100
|
|upkeep
|turn|5
|
|t:|1758345708
|move|p2a: Justin Long|Headlong Rush|p1a: van gho
|-supereffective|p1a: van gho
|-damage|p1a: van gho|25/100
|-unboost|p2a: Justin Long|def|1
|-unboost|p2a: Justin Long|spd|1
|move|p1a: van gho|Make It Rain|p2a: Justin Long
|-damage|p2a: Justin Long|0 fnt
|-unboost|p1a: van gho|spa|1
|faint|p2a: Justin Long
|-end|p2a: Justin Long|Protosynthesis|[silent]
|
|-heal|p1a: van gho|31/100|[from] Grassy Terrain
|-heal|p1a: van gho|37/100|[from] item: Leftovers
|upkeep
|
|t:|1758345714
|switch|p2a: Kingambit|Kingambit, F|100/100
|-damage|p2a: Kingambit|95/100|[from] Stealth Rock
|-activate|p2a: Kingambit|ability: Supreme Overlord
|-start|p2a: Kingambit|fallen1|[silent]
|turn|6
|
|t:|1758345717
|switch|p1a: Rotom|Rotom-Wash|100/100
|move|p2a: Kingambit|Kowtow Cleave|p1a: Rotom
|-damage|p1a: Rotom|42/100
|
|-heal|p2a: Kingambit|100/100|[from] Grassy Terrain
|-fieldend|move: Grassy Terrain
|upkeep
|turn|7
|
|t:|1758345724
|move|p2a: Kingambit|Sucker Punch||[still]
|-fail|p2a: Kingambit
|move|p1a: Rotom|Trick|p2a: Kingambit
|-activate|p1a: Rotom|move: Trick|[of] p2a: Kingambit
|-item|p2a: Kingambit|Choice Scarf|[from] move: Trick
|-item|p1a: Rotom|Leftovers|[from] move: Trick
|
|-heal|p1a: Rotom|48/100|[from] item: Leftovers
|upkeep
|turn|8
|
|t:|1758345726
|move|p2a: Kingambit|Kowtow Cleave|p1a: Rotom
|-damage|p1a: Rotom|0 fnt
|faint|p1a: Rotom
|
|upkeep
|
|t:|1758345734
|switch|p1a: good horns|Great Tusk|100/100
|-enditem|p1a: good horns|Booster Energy
|-activate|p1a: good horns|ability: Protosynthesis|[fromitem]
|-start|p1a: good horns|protosynthesisatk
|turn|9
|
|t:|1758345737
|-end|p2a: Kingambit|fallen1|[silent]
|switch|p2a: Anti-Zama|Zapdos|100/100
|move|p1a: good horns|Ice Spinner|p2a: Anti-Zama
|-supereffective|p2a: Anti-Zama
|-damage|p2a: Anti-Zama|47/100
|
|upkeep
|turn|10
|
|t:|1758345748
|switch|p2a: Boom BOom POWW|Arcanine-Hisui, F|64/100
|-damage|p2a: Boom BOom POWW|39/100|[from] Stealth Rock
|move|p1a: good horns|Ice Spinner|p2a: Boom BOom POWW
|-resisted|p2a: Boom BOom POWW
|-damage|p2a: Boom BOom POWW|17/100
|
|upkeep
|turn|11
|
|t:|1758345752
|move|p2a: Boom BOom POWW|Flare Blitz|p1a: good horns
|-damage|p1a: good horns|35/100
|-status|p1a: good horns|brn
|move|p1a: good horns|Rapid Spin|p2a: Boom BOom POWW
|-resisted|p2a: Boom BOom POWW
|-damage|p2a: Boom BOom POWW|10/100
|-boost|p1a: good horns|spe|1
|
|-damage|p1a: good horns|29/100 brn|[from] brn
|upkeep
|turn|12
|
|t:|1758345758
|move|p1a: good horns|Earthquake|p2a: Boom BOom POWW
|-supereffective|p2a: Boom BOom POWW
|-damage|p2a: Boom BOom POWW|0 fnt
|faint|p2a: Boom BOom POWW
|
|-damage|p1a: good horns|23/100 brn|[from] brn
|upkeep
|
|t:|1758345760
|switch|p2a: Rillaboom|Rillaboom, M|99/100
|-damage|p2a: Rillaboom|86/100|[from] Stealth Rock
|-fieldstart|move: Grassy Terrain|[from] ability: Grassy Surge|[of] p2a: Rillaboom
|turn|13
|
|t:|1758345768
|move|p2a: Rillaboom|Grassy Glide|p1a: good horns
|-supereffective|p1a: good horns
|-damage|p1a: good horns|0 fnt
|faint|p1a: good horns
|-end|p1a: good horns|Protosynthesis|[silent]
|
|-heal|p2a: Rillaboom|93/100|[from] Grassy Terrain
|upkeep
|
|t:|1758345771
|switch|p1a: Dragonite|Dragonite, F|100/100
|turn|14
|
|t:|1758345776
|switch|p2a: Iron Boulder|Iron Boulder|100/100
|-damage|p2a: Iron Boulder|88/100|[from] Stealth Rock
|-enditem|p2a: Iron Boulder|Booster Energy
|-activate|p2a: Iron Boulder|ability: Quark Drive|[fromitem]
|-start|p2a: Iron Boulder|quarkdrivespe
|move|p1a: Dragonite|Dragon Dance|p1a: Dragonite
|-boost|p1a: Dragonite|atk|1
|-boost|p1a: Dragonite|spe|1
|
|-heal|p2a: Iron Boulder|94/100|[from] Grassy Terrain
|upkeep
|turn|15
|
|t:|1758345789
|move|p2a: Iron Boulder|Mighty Cleave|p1a: Dragonite
|-supereffective|p1a: Dragonite
|-damage|p1a: Dragonite|53/100
|move|p1a: Dragonite|Dragon Claw|p2a: Iron Boulder
|-damage|p2a: Iron Boulder|11/100
|
|-heal|p2a: Iron Boulder|17/100|[from] Grassy Terrain
|-heal|p1a: Dragonite|59/100|[from] item: Leftovers
|upkeep
|turn|16
|
|t:|1758345797
|move|p1a: Dragonite|Extreme Speed|p2a: Iron Boulder
|-resisted|p2a: Iron Boulder
|-damage|p2a: Iron Boulder|0 fnt
|faint|p2a: Iron Boulder
|-end|p2a: Iron Boulder|Quark Drive|[silent]
|
|-heal|p1a: Dragonite|65/100|[from] item: Leftovers
|upkeep
|
|t:|1758345806
|switch|p2a: Rillaboom|Rillaboom, M|93/100
|-damage|p2a: Rillaboom|80/100|[from] Stealth Rock
|turn|17
|
|t:|1758345822
|move|p1a: Dragonite|Fire Punch|p2a: Rillaboom
|-supereffective|p2a: Rillaboom
|-crit|p2a: Rillaboom
|-damage|p2a: Rillaboom|0 fnt
|faint|p2a: Rillaboom
|
|-heal|p1a: Dragonite|71/100|[from] item: Leftovers
|-fieldend|move: Grassy Terrain
|upkeep
|
|t:|1758345826
|switch|p2a: Anti-Zama|Zapdos|47/100
|turn|18
|
|t:|1758345834
|-terastallize|p2a: Anti-Zama|Fairy
|move|p1a: Dragonite|Dragon Claw|p2a: Anti-Zama
|-immune|p2a: Anti-Zama
|move|p2a: Anti-Zama|Roost|p2a: Anti-Zama
|-heal|p2a: Anti-Zama|97/100
|
|-heal|p1a: Dragonite|77/100|[from] item: Leftovers
|upkeep
|turn|19
|
|t:|1758345850
|move|p1a: Dragonite|Dragon Dance|p1a: Dragonite
|-boost|p1a: Dragonite|atk|1
|-boost|p1a: Dragonite|spe|1
|move|p2a: Anti-Zama|Thunder Wave|p1a: Dragonite
|-status|p1a: Dragonite|par
|
|-heal|p1a: Dragonite|83/100 par|[from] item: Leftovers
|upkeep
|turn|20
|
|t:|1758345861
|move|p1a: Dragonite|Extreme Speed|p2a: Anti-Zama
|-damage|p2a: Anti-Zama|50/100
|move|p2a: Anti-Zama|Hurricane|p1a: Dragonite|[miss]
|-miss|p2a: Anti-Zama|p1a: Dragonite
|
|-heal|p1a: Dragonite|90/100 par|[from] item: Leftovers
|upkeep
|turn|21
|
|t:|1758345866
|move|p1a: Dragonite|Extreme Speed|p2a: Anti-Zama
|-damage|p2a: Anti-Zama|6/100
|move|p2a: Anti-Zama|Roost|p2a: Anti-Zama
|-heal|p2a: Anti-Zama|56/100
|
|-heal|p1a: Dragonite|96/100 par|[from] item: Leftovers
|upkeep
|turn|22
|
|t:|1758345879
|move|p1a: Dragonite|Dragon Dance|p1a: Dragonite
|-boost|p1a: Dragonite|atk|1
|-boost|p1a: Dragonite|spe|1
|move|p2a: Anti-Zama|Roost|p2a: Anti-Zama
|-heal|p2a: Anti-Zama|100/100
|
|-heal|p1a: Dragonite|100/100 par|[from] item: Leftovers
|upkeep
|turn|23
|
|t:|1758345882
|move|p1a: Dragonite|Extreme Speed|p2a: Anti-Zama
|-damage|p2a: Anti-Zama|41/100
|move|p2a: Anti-Zama|Hurricane|p1a: Dragonite|[miss]
|-miss|p2a: Anti-Zama|p1a: Dragonite
|
|upkeep
|turn|24
|
|t:|1758345887
|move|p1a: Dragonite|Extreme Speed|p2a: Anti-Zama
|-damage|p2a: Anti-Zama|0 fnt
|faint|p2a: Anti-Zama
|
|upkeep
|
|t:|1758345889
|switch|p2a: Kingambit|Kingambit, F|100/100
|-damage|p2a: Kingambit|95/100|[from] Stealth Rock
|-activate|p2a: Kingambit|ability: Supreme Overlord
|-start|p2a: Kingambit|fallen5|[silent]
|turn|25
|
|t:|1758345893
|move|p2a: Kingambit|Sucker Punch|p1a: Dragonite
|-damage|p1a: Dragonite|68/100 par
|move|p1a: Dragonite|Fire Punch|p2a: Kingambit
|-supereffective|p2a: Kingambit
|-damage|p2a: Kingambit|0 fnt
|faint|p2a: Kingambit
|-end|p2a: Kingambit|fallen5|[silent]
|
|win|ouku bakuza
|raw|ouku bakuza's rating: 1547 &rarr; <strong>1566</strong><br />(+19 for winning)
|raw|hifbi66's rating: 1529 &rarr; <strong>1510</strong><br />(-19 for losing)
|l|☆hifbi66
|player|p2|
|l| Shucklepilled
