|j|☆mramson
|j|☆BrazyBray
|t:|1758258017
|gametype|singles
|player|p1|mramson|boarder|1070
|player|p2|BrazyBray|265|1115
|gen|9
|tier|[Gen 9] OU
|rated|
|rule|HP Percentage Mod: HP is shown in percentages
|rule|Endless Battle Clause: Forcing endless battles is banned
|rule|Species Clause: Limit one of each Pokémon
|rule|OHKO Clause: OHKO moves are banned
|rule|Evasion Items Clause: Evasion items are banned
|rule|Evasion Moves Clause: Evasion moves are banned
|rule|Evasion Abilities Clause: Evasion abilities are banned
|rule|Sleep Moves Clause: Sleep-inducing moves are banned
|clearpoke
|poke|p1|Azelf|
|poke|p1|Scizor, M|
|poke|p1|Politoed, F|
|poke|p1|Gallade, M|
|poke|p1|Illumise, F|
|poke|p1|Armarouge, M|
|poke|p2|Indeedee, M|
|poke|p2|Hatterene, F|
|poke|p2|Iron Treads|
|poke|p2|Deoxys-Speed|
|poke|p2|Ceruledge, M|
|poke|p2|Walking Wake|
|teampreview
|inactive|Battle timer is ON: inactive players will automatically lose when time's up. (requested by BrazyBray)
|
|t:|1758258034
|teamsize|p1|6
|teamsize|p2|6
|start
|switch|p1a: Illumise|Illumise, F, shiny|100/100
|switch|p2a: Hatterene|Hatterene, F|100/100
|turn|1
|
|t:|1758258040
|move|p1a: Illumise|Bug Buzz|p2a: Hatterene
|-damage|p2a: Hatterene|77/100
|move|p2a: Hatterene|Nuzzle|p1a: Illumise
|-damage|p1a: Illumise|96/100
|-status|p1a: Illumise|par
|
|upkeep
|turn|2
|
|t:|1758258047
|move|p2a: Hatterene|Draining Kiss|p1a: Illumise
|-damage|p1a: Illumise|77/100 par
|-heal|p2a: Hatterene|92/100|[from] drain|[of] p1a: Illumise
|move|p1a: Illumise|Bug Buzz|p2a: Hatterene
|-damage|p2a: Hatterene|68/100
|
|upkeep
|turn|3
|
|t:|1758258054
|switch|p2a: Iron Treads|Iron Treads|100/100
|-enditem|p2a: Iron Treads|Booster Energy
|-activate|p2a: Iron Treads|ability: Quark Drive|[fromitem]
|-start|p2a: Iron Treads|quarkdrivespe
|move|p1a: Illumise|Bug Buzz|p2a: Iron Treads
|-resisted|p2a: Iron Treads
|-damage|p2a: Iron Treads|83/100
|
|upkeep
|turn|4
|
|t:|1758258058
|move|p1a: Illumise|Wish|p1a: Illumise
|move|p2a: Iron Treads|Stealth Rock|p1a: Illumise
|-sidestart|p1: mramson|move: Stealth Rock
|
|upkeep
|turn|5
|
|t:|1758258064
|move|p1a: Illumise|Encore|p2a: Iron Treads
|-start|p2a: Iron Treads|Encore
|move|p2a: Iron Treads|Stealth Rock||[still]
|-fail|p2a: Iron Treads
|
|-heal|p1a: Illumise|100/100 par|[from] move: Wish|[wisher] Illumise
|upkeep
|turn|6
|
|t:|1758258074
|-end|p2a: Iron Treads|Quark Drive|[silent]
|switch|p2a: Walking Wake|Walking Wake|100/100
|-enditem|p2a: Walking Wake|Booster Energy
|-activate|p2a: Walking Wake|ability: Protosynthesis|[fromitem]
|-start|p2a: Walking Wake|protosynthesisspa
|move|p1a: Illumise|Bug Buzz|p2a: Walking Wake
|-damage|p2a: Walking Wake|71/100
|
|upkeep
|turn|7
|
|t:|1758258081
|move|p1a: Illumise|Thunder Wave|p2a: Walking Wake
|-status|p2a: Walking Wake|par
|cant|p2a: Walking Wake|par
|
|upkeep
|turn|8
|
|t:|1758258087
|cant|p2a: Walking Wake|par
|cant|p1a: Illumise|par
|
|upkeep
|turn|9
|
|t:|1758258090
|move|p2a: Walking Wake|Flamethrower|p1a: Illumise
|-supereffective|p1a: Illumise
|-damage|p1a: Illumise|41/100 par
|move|p1a: Illumise|Bug Buzz|p2a: Walking Wake
|-damage|p2a: Walking Wake|44/100 par
|-unboost|p2a: Walking Wake|spd|1
|
|upkeep
|turn|10
|
|t:|1758258097
|move|p2a: Walking Wake|Flamethrower|p1a: Illumise
|-supereffective|p1a: Illumise
|-damage|p1a: Illumise|0 fnt
|faint|p1a: Illumise
|
|upkeep
|
|t:|1758258104
|switch|p1a: Politoed|Politoed, F|100/100
|-damage|p1a: Politoed|88/100|[from] Stealth Rock
|-weather|RainDance|[from] ability: Drizzle|[of] p1a: Politoed
|turn|11
|
|t:|1758258114
|-end|p2a: Walking Wake|Protosynthesis|[silent]
|switch|p2a: Hatterene|Hatterene, F|68/100
|move|p1a: Politoed|Ice Beam|p2a: Hatterene
|-damage|p2a: Hatterene|47/100
|
|-weather|RainDance|[upkeep]
|upkeep
|turn|12
|
|t:|1758258120
|move|p1a: Politoed|Surf|p2a: Hatterene
|-damage|p2a: Hatterene|0 fnt
|faint|p2a: Hatterene
|
|-weather|RainDance|[upkeep]
|upkeep
|
|t:|1758258124
|switch|p2a: Indeedee|Indeedee, M|100/100
|-fieldstart|move: Psychic Terrain|[from] ability: Psychic Surge|[of] p2a: Indeedee
|turn|13
|
|t:|1758258131
|move|p2a: Indeedee|Healing Wish|p2a: Indeedee
|faint|p2a: Indeedee
|move|p1a: Politoed|Surf|p2: Indeedee|[notarget]
|-fail|p1a: Politoed
|
|-weather|RainDance|[upkeep]
|upkeep
|
|t:|1758258133
|switch|p2a: Walking Wake|Walking Wake|44/100 par
|-heal|p2a: Walking Wake|100/100|[from] move: Healing Wish
|turn|14
|
|t:|1758258140
|move|p2a: Walking Wake|Dragon Pulse|p1a: Politoed
|-damage|p1a: Politoed|49/100
|move|p1a: Politoed|Ice Beam|p2a: Walking Wake
|-damage|p2a: Walking Wake|77/100
|
|-weather|RainDance|[upkeep]
|upkeep
|turn|15
|
|t:|1758258152
|move|p2a: Walking Wake|Draco Meteor|p1a: Politoed
|-damage|p1a: Politoed|0 fnt
|-unboost|p2a: Walking Wake|spa|2
|faint|p1a: Politoed
|
|-weather|RainDance|[upkeep]
|upkeep
|
|t:|1758258158
|switch|p1a: Azelf|Azelf|100/100
|-damage|p1a: Azelf|88/100|[from] Stealth Rock
|turn|16
|
|t:|1758258166
|-end|p2a: Walking Wake|Protosynthesis|[silent]
|switch|p2a: Iron Treads|Iron Treads|83/100
|move|p1a: Azelf|Psychic|p2a: Iron Treads
|-resisted|p2a: Iron Treads
|-damage|p2a: Iron Treads|34/100
|
|-weather|RainDance|[upkeep]
|upkeep
|turn|17
|
|t:|1758258172
|move|p2a: Iron Treads|Steel Beam|p1a: Azelf
|-damage|p1a: Azelf|17/100
|-damage|p2a: Iron Treads|0 fnt|[from] steelbeam
|faint|p2a: Iron Treads
|-end|p2a: Iron Treads|Quark Drive|[silent]
|move|p1a: Azelf|Psychic|p2: Iron Treads|[notarget]
|-fail|p1a: Azelf
|
|-weather|RainDance|[upkeep]
|upkeep
|
|t:|1758258176
|switch|p2a: Walking Wake|Walking Wake|77/100
|turn|18
|
|t:|1758258180
|move|p2a: Walking Wake|Dragon Pulse|p1a: Azelf
|-damage|p1a: Azelf|0 fnt
|faint|p1a: Azelf
|
|-weather|none
|upkeep
|
|t:|1758258184
|switch|p1a: Gallade|Gallade, M|100/100
|-damage|p1a: Gallade|94/100|[from] Stealth Rock
|turn|19
|
|t:|1758258190
|move|p2a: Walking Wake|Draco Meteor|p1a: Gallade
|-damage|p1a: Gallade|28/100
|-unboost|p2a: Walking Wake|spa|2
|move|p1a: Gallade|Agility|p1a: Gallade
|-boost|p1a: Gallade|spe|2
|
|upkeep
|turn|20
|
|t:|1758258197
|move|p1a: Gallade|Psycho Cut|p2a: Walking Wake
|-damage|p2a: Walking Wake|0 fnt
|faint|p2a: Walking Wake
|-end|p2a: Walking Wake|Protosynthesis|[silent]
|-damage|p1a: Gallade|18/100|[from] item: Life Orb
|
|-fieldend|move: Psychic Terrain
|upkeep
|
|t:|1758258199
|switch|p2a: Ceruledge|Ceruledge, M|100/100
|turn|21
|
|t:|1758258205
|-terastallize|p2a: Ceruledge|Bug
|move|p1a: Gallade|Psycho Cut|p2a: Ceruledge
|-crit|p2a: Ceruledge
|-enditem|p2a: Ceruledge|Focus Sash
|-damage|p2a: Ceruledge|1/100
|-ability|p2a: Ceruledge|Weak Armor|boost
|-unboost|p2a: Ceruledge|def|1
|-boost|p2a: Ceruledge|spe|2
|-damage|p1a: Gallade|8/100|[from] item: Life Orb
|move|p2a: Ceruledge|Swords Dance|p2a: Ceruledge
|-boost|p2a: Ceruledge|atk|2
|
|upkeep
|turn|22
|
|t:|1758258214
|move|p2a: Ceruledge|Bitter Blade|p1a: Gallade
|-damage|p1a: Gallade|0 fnt
|-heal|p2a: Ceruledge|5/100|[from] drain|[of] p1a: Gallade
|faint|p1a: Gallade
|
|upkeep
|
|t:|1758258218
|switch|p1a: Armarouge|Armarouge, M|100/100
|-damage|p1a: Armarouge|76/100|[from] Stealth Rock
|turn|23
|
|t:|1758258236
|-terastallize|p1a: Armarouge|Dragon
|move|p2a: Ceruledge|Poltergeist|p1a: Armarouge|[miss]
|-miss|p2a: Ceruledge|p1a: Armarouge
|move|p1a: Armarouge|Dragon Pulse|p2a: Ceruledge
|-damage|p2a: Ceruledge|0 fnt
|faint|p2a: Ceruledge
|
|upkeep
|
|t:|1758258242
|switch|p2a: Deoxys|Deoxys-Speed|100/100
|-ability|p2a: Deoxys|Pressure
|turn|24
|
|t:|1758258252
|move|p2a: Deoxys|Expanding Force|p1a: Armarouge
|-damage|p1a: Armarouge|28/100
|-damage|p2a: Deoxys|91/100|[from] item: Life Orb
|move|p1a: Armarouge|Armor Cannon|p2a: Deoxys
|-damage|p2a: Deoxys|0 fnt
|-unboost|p1a: Armarouge|def|1
|-unboost|p1a: Armarouge|spd|1
|faint|p2a: Deoxys
|-enditem|p1a: Armarouge|White Herb
|-clearnegativeboost|p1a: Armarouge|[silent]
|
|win|mramson
|raw|mramson's rating: 1070 &rarr; <strong>1103</strong><br />(+33 for winning)
|raw|BrazyBray's rating: 1115 &rarr; <strong>1087</strong><br />(-28 for losing)
|l|☆mramson
|player|p1|
|l|☆BrazyBray
|player|p2|
