|j|☆silvercloudv2
|j|☆this my burner
|t:|1758336707
|gametype|singles
|player|p1|silvercloudv2|dawn-gen4pt|1327
|player|p2|this my burner|eusine|1366
|gen|9
|tier|[Gen 9] OU
|rated|
|rule|HP Percentage Mod: HP is shown in percentages
|rule|Endless Battle Clause: Forcing endless battles is banned
|rule|Species Clause: Limit one of each Pokémon
|rule|OHKO Clause: OHKO moves are banned
|rule|Evasion Items Clause: Evasion items are banned
|rule|Evasion Moves Clause: Evasion moves are banned
|rule|Evasion Abilities Clause: Evasion abilities are banned
|rule|Sleep Moves Clause: Sleep-inducing moves are banned
|clearpoke
|poke|p1|Clefable, F|
|poke|p1|Great Tusk|
|poke|p1|Landorus-Therian, M|
|poke|p1|Rotom-Wash|
|poke|p1|Rillaboom, M|
|poke|p1|Ninetales-Alola, M|
|poke|p2|Samurott-Hisui, M|
|poke|p2|Glimmora, M|
|poke|p2|Kleavor, M|
|poke|p2|Gholdengo|
|poke|p2|Dragapult, M|
|poke|p2|Iron Valiant|
|teampreview
|
|t:|1758336757
|teamsize|p1|6
|teamsize|p2|6
|start
|switch|p1a: Rotom|Rotom-Wash|100/100
|switch|p2a: Kleavor|Kleavor, M|100/100
|turn|1
|
|t:|1758336763
|switch|p2a: Gholdengo|Gholdengo|100/100
|move|p1a: Rotom|Hydro Pump|p2a: Gholdengo
|-damage|p2a: Gholdengo|63/100
|
|upkeep
|turn|2
|
|t:|1758336770
|move|p2a: Gholdengo|Shadow Ball|p1a: Rotom
|-damage|p1a: Rotom|64/100
|-unboost|p1a: Rotom|spd|1
|move|p1a: Rotom|Hydro Pump|p2a: Gholdengo|[miss]
|-miss|p1a: Rotom|p2a: Gholdengo
|
|upkeep
|turn|3
|
|t:|1758336782
|move|p2a: Gholdengo|Shadow Ball|p1a: Rotom
|-damage|p1a: Rotom|10/100
|-unboost|p1a: Rotom|spd|1
|-enditem|p1a: Rotom|Sitrus Berry|[eat]
|-heal|p1a: Rotom|35/100|[from] item: Sitrus Berry
|move|p1a: Rotom|Pain Split|p2a: Gholdengo
|-immune|p2a: Gholdengo|[from] ability: Good as Gold
|
|upkeep
|turn|4
|
|t:|1758336809
|move|p2a: Gholdengo|Shadow Ball|p1a: Rotom
|-damage|p1a: Rotom|0 fnt
|faint|p1a: Rotom
|
|upkeep
|
|t:|1758336815
|switch|p1a: Landorus|Landorus-Therian, M|100/100
|-ability|p1a: Landorus|Intimidate|boost
|-unboost|p2a: Gholdengo|atk|1
|turn|5
|
|t:|1758336821
|switch|p2a: Kleavor|Kleavor, M|100/100
|move|p1a: Landorus|Stealth Rock|p2a: Kleavor
|-sidestart|p2: this my burner|move: Stealth Rock
|
|upkeep
|turn|6
|
|t:|1758336826
|move|p2a: Kleavor|U-turn|p1a: Landorus
|-resisted|p1a: Landorus
|-damage|p1a: Landorus|83/100
|-damage|p2a: Kleavor|84/100|[from] item: Rocky Helmet|[of] p1a: Landorus
|
|t:|1758336831
|switch|p2a: Glimmora|Glimmora, M|100/100|[from] U-turn
|-damage|p2a: Glimmora|88/100|[from] Stealth Rock
|move|p1a: Landorus|Earthquake|p2a: Glimmora
|-supereffective|p2a: Glimmora
|-damage|p2a: Glimmora|0 fnt
|-activate|p2a: Glimmora|ability: Toxic Debris
|-sidestart|p1: silvercloudv2|move: Toxic Spikes
|faint|p2a: Glimmora
|
|upkeep
|
|t:|1758336834
|switch|p2a: Samurott|Samurott-Hisui, M|100/100
|-damage|p2a: Samurott|88/100|[from] Stealth Rock
|turn|7
|
|t:|1758336860
|-terastallize|p1a: Landorus|Water
|-terastallize|p2a: Samurott|Water
|move|p1a: Landorus|U-turn|p2a: Samurott
|-damage|p2a: Samurott|63/100
|
|t:|1758336866
|switch|p1a: Rillaboom|Rillaboom, M|100/100|[from] U-turn
|-status|p1a: Rillaboom|psn
|-fieldstart|move: Grassy Terrain|[from] ability: Grassy Surge|[of] p1a: Rillaboom
|move|p2a: Samurott|Aqua Cutter|p1a: Rillaboom
|-resisted|p1a: Rillaboom
|-damage|p1a: Rillaboom|63/100 psn
|
|-heal|p1a: Rillaboom|69/100 psn|[from] Grassy Terrain
|-heal|p2a: Samurott|69/100|[from] Grassy Terrain
|-damage|p1a: Rillaboom|57/100 psn|[from] psn
|upkeep
|turn|8
|
|t:|1758336880
|switch|p2a: Kleavor|Kleavor, M|84/100
|-damage|p2a: Kleavor|59/100|[from] Stealth Rock
|move|p1a: Rillaboom|Grassy Glide|p2a: Kleavor
|-damage|p2a: Kleavor|0 fnt
|faint|p2a: Kleavor
|
|-heal|p1a: Rillaboom|63/100 psn|[from] Grassy Terrain
|-damage|p1a: Rillaboom|51/100 psn|[from] psn
|upkeep
|
|t:|1758336885
|switch|p2a: Dragapult|Dragapult, M|100/100
|-damage|p2a: Dragapult|88/100|[from] Stealth Rock
|turn|9
|
|t:|1758336902
|move|p1a: Rillaboom|Grassy Glide|p2a: Dragapult
|-resisted|p2a: Dragapult
|-damage|p2a: Dragapult|49/100
|-start|p1a: Rillaboom|Disable|Grassy Glide|[from] ability: Cursed Body|[of] p2a: Dragapult
|move|p2a: Dragapult|Reflect|p2a: Dragapult
|-sidestart|p2: this my burner|Reflect
|
|-heal|p2a: Dragapult|55/100|[from] Grassy Terrain
|-heal|p1a: Rillaboom|57/100 psn|[from] Grassy Terrain
|-damage|p1a: Rillaboom|45/100 psn|[from] psn
|upkeep
|turn|10
|
|t:|1758336916
|switch|p1a: Ninetales|Ninetales-Alola, M|100/100
|-status|p1a: Ninetales|psn
|-weather|Snowscape|[from] ability: Snow Warning|[of] p1a: Ninetales
|move|p2a: Dragapult|U-turn|p1a: Ninetales
|-resisted|p1a: Ninetales
|-damage|p1a: Ninetales|91/100 psn
|
|t:|1758336926
|switch|p2a: Gholdengo|Gholdengo|63/100|[from] U-turn
|-damage|p2a: Gholdengo|57/100|[from] Stealth Rock
|
|-weather|Snowscape|[upkeep]
|-heal|p1a: Ninetales|97/100 psn|[from] Grassy Terrain
|-heal|p2a: Gholdengo|63/100|[from] Grassy Terrain
|-damage|p1a: Ninetales|85/100 psn|[from] psn
|upkeep
|turn|11
|
|t:|1758336931
|move|p1a: Ninetales|Aurora Veil|p1a: Ninetales
|-sidestart|p1: silvercloudv2|move: Aurora Veil
|move|p2a: Gholdengo|Nasty Plot|p2a: Gholdengo
|-boost|p2a: Gholdengo|spa|2
|
|-weather|Snowscape|[upkeep]
|-heal|p1a: Ninetales|91/100 psn|[from] Grassy Terrain
|-heal|p2a: Gholdengo|69/100|[from] Grassy Terrain
|-damage|p1a: Ninetales|79/100 psn|[from] psn
|-fieldend|move: Grassy Terrain
|upkeep
|turn|12
|
|t:|1758336936
|move|p1a: Ninetales|Encore|p2a: Gholdengo
|-immune|p2a: Gholdengo|[from] ability: Good as Gold
|move|p2a: Gholdengo|Make It Rain|p1a: Ninetales
|-supereffective|p1a: Ninetales
|-damage|p1a: Ninetales|0 fnt
|-unboost|p2a: Gholdengo|spa|1
|faint|p1a: Ninetales
|
|-weather|Snowscape|[upkeep]
|upkeep
|
|t:|1758336984
|switch|p1a: Landorus|Landorus-Therian, M, tera:Water|83/100
|-status|p1a: Landorus|psn
|-ability|p1a: Landorus|Intimidate|boost
|-unboost|p2a: Gholdengo|atk|1
|turn|13
|
|t:|1758336991
|move|p1a: Landorus|Earthquake|p2a: Gholdengo
|-supereffective|p2a: Gholdengo
|-damage|p2a: Gholdengo|25/100
|move|p2a: Gholdengo|Shadow Ball|p1a: Landorus
|-damage|p1a: Landorus|49/100 psn
|
|-weather|Snowscape|[upkeep]
|-damage|p1a: Landorus|37/100 psn|[from] psn
|upkeep
|turn|14
|
|t:|1758337001
|switch|p2a: Dragapult|Dragapult, M|55/100
|-damage|p2a: Dragapult|43/100|[from] Stealth Rock
|move|p1a: Landorus|Earthquake|p2a: Dragapult
|-damage|p2a: Dragapult|12/100
|
|-weather|none
|-damage|p1a: Landorus|24/100 psn|[from] psn
|upkeep
|turn|15
|
|t:|1758337012
|switch|p2a: Samurott|Samurott-Hisui, M, tera:Water|69/100
|-damage|p2a: Samurott|56/100|[from] Stealth Rock
|move|p1a: Landorus|Earthquake|p2a: Samurott
|-damage|p2a: Samurott|29/100
|
|-damage|p1a: Landorus|12/100 psn|[from] psn
|upkeep
|turn|16
|
|t:|1758337023
|move|p1a: Landorus|Earthquake|p2a: Samurott
|-damage|p2a: Samurott|4/100
|move|p2a: Samurott|Ceaseless Edge|p1a: Landorus
|-damage|p1a: Landorus|0 fnt
|-damage|p2a: Samurott|0 fnt|[from] item: Rocky Helmet|[of] p1a: Landorus
|faint|p1a: Landorus
|faint|p2a: Samurott
|
|-sideend|p2: this my burner|Reflect
|upkeep
|
|t:|1758337059
|switch|p1a: Great Tusk|Great Tusk|100/100
|switch|p2a: Dragapult|Dragapult, M|12/100
|-damage|p2a: Dragapult|0 fnt|[from] Stealth Rock
|faint|p2a: Dragapult
|-status|p1a: Great Tusk|psn
|-enditem|p1a: Great Tusk|Booster Energy
|-activate|p1a: Great Tusk|ability: Protosynthesis|[fromitem]
|-start|p1a: Great Tusk|protosynthesisatk
|
|t:|1758337063
|switch|p2a: Iron Valiant|Iron Valiant|100/100
|turn|17
|
|t:|1758337075
|move|p2a: Iron Valiant|Swords Dance|p2a: Iron Valiant
|-boost|p2a: Iron Valiant|atk|2
|move|p1a: Great Tusk|Rapid Spin|p2a: Iron Valiant
|-damage|p2a: Iron Valiant|70/100
|-boost|p1a: Great Tusk|spe|1
|-sideend|p1: silvercloudv2|Toxic Spikes|[from] move: Rapid Spin|[of] p1a: Great Tusk
|
|-damage|p1a: Great Tusk|88/100 psn|[from] psn
|upkeep
|turn|18
|
|t:|1758337090
|move|p1a: Great Tusk|Headlong Rush|p2a: Iron Valiant
|-damage|p2a: Iron Valiant|0 fnt
|-unboost|p1a: Great Tusk|def|1
|-unboost|p1a: Great Tusk|spd|1
|faint|p2a: Iron Valiant
|-end|p2a: Iron Valiant|Quark Drive|[silent]
|
|-damage|p1a: Great Tusk|76/100 psn|[from] psn
|-sideend|p1: silvercloudv2|move: Aurora Veil
|upkeep
|
|t:|1758337094
|switch|p2a: Gholdengo|Gholdengo|25/100
|-damage|p2a: Gholdengo|19/100|[from] Stealth Rock
|turn|19
|-enditem|p2a: Gholdengo|Custap Berry|[eat]
|-activate|p2a: Gholdengo|item: Custap Berry|[consumed]
|
|t:|1758337101
|move|p2a: Gholdengo|Dazzling Gleam|p1a: Great Tusk
|-supereffective|p1a: Great Tusk
|-damage|p1a: Great Tusk|0 fnt
|faint|p1a: Great Tusk
|-end|p1a: Great Tusk|Protosynthesis|[silent]
|
|upkeep
|-message|this my burner forfeited.
|
|win|silvercloudv2
|raw|silvercloudv2's rating: 1327 &rarr; <strong>1349</strong><br />(+22 for winning)
|raw|this my burner's rating: 1366 &rarr; <strong>1344</strong><br />(-22 for losing)
|l|☆this my burner
|player|p2|
