|j|☆HungryHound
|j|☆Etihadmf
|t:|1758318411
|gametype|singles
|player|p1|HungryHound|1|1362
|player|p2|Etihadmf|266|1373
|gen|9
|tier|[Gen 9] OU
|rated|
|rule|HP Percentage Mod: HP is shown in percentages
|rule|Endless Battle Clause: Forcing endless battles is banned
|rule|Species Clause: Limit one of each Pokémon
|rule|OHKO Clause: OHKO moves are banned
|rule|Evasion Items Clause: Evasion items are banned
|rule|Evasion Moves Clause: Evasion moves are banned
|rule|Evasion Abilities Clause: Evasion abilities are banned
|rule|Sleep Moves Clause: Sleep-inducing moves are banned
|clearpoke
|poke|p1|Krookodile, F|
|poke|p1|Raging Bolt|
|poke|p1|Iron Valiant|
|poke|p1|Slowking-Galar, M|
|poke|p1|Great Tusk|
|poke|p1|Samurott-Hisui, M|
|poke|p2|Ting-Lu|
|poke|p2|Snorlax, M|
|poke|p2|Serperior, F|
|poke|p2|Cinderace, F|
|poke|p2|Greninja-*, M|
|poke|p2|Gliscor, M|
|teampreview
|inactive|Battle timer is ON: inactive players will automatically lose when time's up. (requested by Etihadmf)
|inactive|HungryHound has 120 seconds left.
|inactive|HungryHound has 90 seconds left.
|
|t:|1758318472
|teamsize|p1|6
|teamsize|p2|6
|start
|switch|p1a: Samurott|Samurott-Hisui, M|100/100
|switch|p2a: Gliscor|Gliscor, M|100/100
|turn|1
|
|t:|1758318487
|move|p2a: Gliscor|Substitute|p2a: Gliscor
|-start|p2a: Gliscor|Substitute
|-damage|p2a: Gliscor|76/100
|move|p1a: Samurott|Ceaseless Edge|p2a: Gliscor
|-end|p2a: Gliscor|Substitute
|-sidestart|p2: Etihadmf|Spikes
|
|-status|p2a: Gliscor|tox|[from] item: Toxic Orb
|upkeep
|turn|2
|
|t:|1758318497
|move|p2a: Gliscor|Facade|p1a: Samurott
|-damage|p1a: Samurott|47/100
|move|p1a: Samurott|Ceaseless Edge|p2a: Gliscor
|-damage|p2a: Gliscor|9/100 tox
|-sidestart|p2: Etihadmf|Spikes
|
|-heal|p2a: Gliscor|22/100 tox|[from] ability: Poison Heal
|upkeep
|turn|3
|
|t:|1758318515
|switch|p1a: Tuskulus|Great Tusk|100/100
|move|p2a: Gliscor|Earthquake|p1a: Tuskulus
|-damage|p1a: Tuskulus|72/100
|
|-heal|p1a: Tuskulus|78/100|[from] item: Leftovers
|-heal|p2a: Gliscor|34/100 tox|[from] ability: Poison Heal
|upkeep
|turn|4
|
|t:|1758318525
|move|p2a: Gliscor|Facade|p1a: Tuskulus
|-damage|p1a: Tuskulus|52/100
|move|p1a: Tuskulus|Stealth Rock|p2a: Gliscor
|-sidestart|p2: Etihadmf|move: Stealth Rock
|
|-heal|p1a: Tuskulus|59/100|[from] item: Leftovers
|-heal|p2a: Gliscor|47/100 tox|[from] ability: Poison Heal
|upkeep
|turn|5
|
|t:|1758318535
|move|p2a: Gliscor|Substitute|p2a: Gliscor
|-start|p2a: Gliscor|Substitute
|-damage|p2a: Gliscor|22/100 tox
|move|p1a: Tuskulus|Ice Spinner|p2a: Gliscor
|-supereffective|p2a: Gliscor
|-end|p2a: Gliscor|Substitute
|
|-heal|p1a: Tuskulus|65/100|[from] item: Leftovers
|-heal|p2a: Gliscor|34/100 tox|[from] ability: Poison Heal
|upkeep
|turn|6
|
|t:|1758318547
|move|p2a: Gliscor|Earthquake|p1a: Tuskulus
|-crit|p1a: Tuskulus
|-damage|p1a: Tuskulus|24/100
|move|p1a: Tuskulus|Rapid Spin|p2a: Gliscor
|-damage|p2a: Gliscor|15/100 tox
|-boost|p1a: Tuskulus|spe|1
|
|-heal|p1a: Tuskulus|31/100|[from] item: Leftovers
|-heal|p2a: Gliscor|28/100 tox|[from] ability: Poison Heal
|upkeep
|turn|7
|
|t:|1758318559
|move|p2a: Gliscor|Earthquake|p1a: Tuskulus
|-damage|p1a: Tuskulus|2/100
|move|p1a: Tuskulus|Ice Spinner|p2a: Gliscor
|-supereffective|p2a: Gliscor
|-damage|p2a: Gliscor|0 fnt
|faint|p2a: Gliscor
|
|-heal|p1a: Tuskulus|8/100|[from] item: Leftovers
|upkeep
|
|t:|1758318563
|switch|p2a: Cinderace|Cinderace, F|100/100
|turn|8
|
|t:|1758318572
|move|p2a: Cinderace|Sucker Punch|p1a: Tuskulus
|-start|p2a: Cinderace|typechange|Dark|[from] ability: Libero
|-resisted|p1a: Tuskulus
|-crit|p1a: Tuskulus
|-damage|p1a: Tuskulus|0 fnt
|faint|p1a: Tuskulus
|-end|p1a: Tuskulus|Protosynthesis|[silent]
|
|upkeep
|
|t:|1758318585
|switch|p1a: Iron Valiant|Iron Valiant|100/100
|-enditem|p1a: Iron Valiant|Booster Energy
|-activate|p1a: Iron Valiant|ability: Quark Drive|[fromitem]
|-start|p1a: Iron Valiant|quarkdrivespe
|turn|9
|
|t:|1758318592
|switch|p2a: Snorlax|Snorlax, M|100/100
|-damage|p2a: Snorlax|84/100|[from] Spikes
|-damage|p2a: Snorlax|72/100|[from] Stealth Rock
|move|p1a: Iron Valiant|Moonblast|p2a: Snorlax
|-damage|p2a: Snorlax|48/100
|
|upkeep
|turn|10
|
|t:|1758318606
|move|p1a: Iron Valiant|Calm Mind|p1a: Iron Valiant
|-boost|p1a: Iron Valiant|spa|1
|-boost|p1a: Iron Valiant|spd|1
|move|p2a: Snorlax|Rest|p2a: Snorlax
|-status|p2a: Snorlax|slp|[from] move: Rest
|-enditem|p2a: Snorlax|Lum Berry|[eat]
|-curestatus|p2a: Snorlax|slp|[msg]
|-heal|p2a: Snorlax|100/100|[silent]
|
|upkeep
|turn|11
|
|t:|1758318616
|-terastallize|p2a: Snorlax|Fairy
|move|p1a: Iron Valiant|Moonblast|p2a: Snorlax
|-damage|p2a: Snorlax|68/100
|move|p2a: Snorlax|Curse|p2a: Snorlax
|-unboost|p2a: Snorlax|spe|1
|-boost|p2a: Snorlax|atk|1
|-boost|p2a: Snorlax|def|1
|
|upkeep
|turn|12
|
|t:|1758318626
|move|p1a: Iron Valiant|Calm Mind|p1a: Iron Valiant
|-boost|p1a: Iron Valiant|spa|1
|-boost|p1a: Iron Valiant|spd|1
|move|p2a: Snorlax|Body Slam|p1a: Iron Valiant
|-damage|p1a: Iron Valiant|37/100
|
|upkeep
|turn|13
|
|t:|1758318633
|move|p1a: Iron Valiant|Moonblast|p2a: Snorlax
|-damage|p2a: Snorlax|21/100
|-unboost|p2a: Snorlax|spa|1
|move|p2a: Snorlax|Body Slam|p1a: Iron Valiant
|-damage|p1a: Iron Valiant|0 fnt
|faint|p1a: Iron Valiant
|-end|p1a: Iron Valiant|Quark Drive|[silent]
|
|upkeep
|
|t:|1758318658
|switch|p1a: Krookodile|Krookodile, F|100/100
|turn|14
|
|t:|1758318663
|move|p1a: Krookodile|Bulk Up|p1a: Krookodile
|-boost|p1a: Krookodile|atk|1
|-boost|p1a: Krookodile|def|1
|move|p2a: Snorlax|Rest|p2a: Snorlax
|-status|p2a: Snorlax|slp|[from] move: Rest
|-heal|p2a: Snorlax|100/100 slp|[silent]
|
|upkeep
|turn|15
|
|t:|1758318672
|switch|p2a: Cinderace|Cinderace, F|100/100
|move|p1a: Krookodile|Bulk Up|p1a: Krookodile
|-boost|p1a: Krookodile|atk|1
|-boost|p1a: Krookodile|def|1
|
|upkeep
|turn|16
|
|t:|1758318679
|-terastallize|p1a: Krookodile|Dragon
|move|p2a: Cinderace|Court Change|p2a: Cinderace
|-start|p2a: Cinderace|typechange|Normal|[from] ability: Libero
|-swapsideconditions
|-activate|p2a: Cinderace|move: Court Change
|move|p1a: Krookodile|Scale Shot|p2a: Cinderace
|-damage|p2a: Cinderace|67/100
|-damage|p2a: Cinderace|30/100
|-damage|p2a: Cinderace|0 fnt
|faint|p2a: Cinderace
|-ability|p1a: Krookodile|Moxie|boost
|-boost|p1a: Krookodile|atk|1
|-hitcount|p2: Cinderace|3
|-unboost|p1a: Krookodile|def|1
|-boost|p1a: Krookodile|spe|1
|
|upkeep
|
|t:|1758318688
|switch|p2a: Ting-Lu|Ting-Lu|100/100
|-ability|p2a: Ting-Lu|Vessel of Ruin
|turn|17
|j| MichaelRoaValdamj
|
|t:|1758318699
|move|p1a: Krookodile|Scale Shot|p2a: Ting-Lu
|-damage|p2a: Ting-Lu|87/100
|-damage|p2a: Ting-Lu|71/100
|-damage|p2a: Ting-Lu|56/100
|-damage|p2a: Ting-Lu|43/100
|-hitcount|p2a: Ting-Lu|4
|-unboost|p1a: Krookodile|def|1
|-boost|p1a: Krookodile|spe|1
|move|p2a: Ting-Lu|Sand Tomb|p1a: Krookodile
|-damage|p1a: Krookodile|83/100
|-activate|p1a: Krookodile|move: Sand Tomb|[of] p2a: Ting-Lu
|
|-damage|p1a: Krookodile|71/100|[from] move: Sand Tomb|[partiallytrapped]
|upkeep
|turn|18
|
|t:|1758318715
|move|p1a: Krookodile|Scale Shot|p2a: Ting-Lu
|-damage|p2a: Ting-Lu|29/100
|-damage|p2a: Ting-Lu|16/100
|-damage|p2a: Ting-Lu|2/100
|-damage|p2a: Ting-Lu|0 fnt
|faint|p2a: Ting-Lu
|-ability|p1a: Krookodile|Moxie|boost
|-boost|p1a: Krookodile|atk|1
|-hitcount|p2: Ting-Lu|4
|-unboost|p1a: Krookodile|def|1
|-boost|p1a: Krookodile|spe|1
|
|-end|p1a: Krookodile|Sand Tomb|[partiallytrapped]|[silent]
|upkeep
|
|t:|1758318724
|switch|p2a: Greninja|Greninja, M|100/100
|turn|19
|
|t:|1758318730
|move|p1a: Krookodile|Scale Shot|p2a: Greninja
|-damage|p2a: Greninja|38/100
|-damage|p2a: Greninja|0 fnt
|faint|p2a: Greninja
|-ability|p1a: Krookodile|Moxie|boost
|-boost|p1a: Krookodile|atk|1
|-hitcount|p2: Greninja|2
|-unboost|p1a: Krookodile|def|1
|-boost|p1a: Krookodile|spe|1
|
|upkeep
|inactive|Etihadmf has 120 seconds left.
|inactive|Etihadmf has 90 seconds left.
|inactive|Etihadmf has 60 seconds left.
|inactive|Etihadmf has 30 seconds left.
|inactive|Etihadmf has 20 seconds left.
|inactive|Etihadmf has 15 seconds left.
|inactive|Etihadmf has 10 seconds left.
|inactive|Etihadmf has 5 seconds left.
|-message|Etihadmf lost due to inactivity.
|
|win|HungryHound
|raw|HungryHound's rating: 1362 &rarr; <strong>1383</strong><br />(+21 for winning)
|raw|Etihadmf's rating: 1373 &rarr; <strong>1352</strong><br />(-21 for losing)
|l|☆HungryHound
|player|p1|
