|j|☆squag7824
|j|☆luxgia
|t:|1758290723
|gametype|singles
|player|p1|squag7824|bugcatcher-gen4dp|1740
|player|p2|luxgia|byron|1750
|gen|9
|tier|[Gen 9] OU
|rated|
|rule|HP Percentage Mod: HP is shown in percentages
|rule|Endless Battle Clause: Forcing endless battles is banned
|rule|Species Clause: Limit one of each Pokémon
|rule|OHKO Clause: OHKO moves are banned
|rule|Evasion Items Clause: Evasion items are banned
|rule|Evasion Moves Clause: Evasion moves are banned
|rule|Evasion Abilities Clause: Evasion abilities are banned
|rule|Sleep Moves Clause: Sleep-inducing moves are banned
|clearpoke
|poke|p1|Alomomola, M|
|poke|p1|Ting-Lu|
|poke|p1|Great Tusk|
|poke|p1|Raging Bolt|
|poke|p1|Corviknight, M|
|poke|p1|Hatterene, F|
|poke|p2|Iron Crown|
|poke|p2|Samurott-Hisui, M|
|poke|p2|Zapdos|
|poke|p2|Dragapult, F|
|poke|p2|Great Tusk|
|poke|p2|Iron Boulder|
|teampreview
|inactive|Battle timer is ON: inactive players will automatically lose when time's up. (requested by squag7824)
|
|t:|1758290752
|teamsize|p1|6
|teamsize|p2|6
|start
|switch|p1a: Raging Bolt|Raging Bolt|100/100
|switch|p2a: Mindreader|Iron Crown|100/100
|turn|1
|
|t:|1758290758
|move|p2a: Mindreader|Psyshock|p1a: Raging Bolt
|-damage|p1a: Raging Bolt|48/100
|move|p1a: Raging Bolt|Volt Switch|p2a: Mindreader
|-damage|p2a: Mindreader|36/100
|
|t:|1758290764
|-end|p1a: Raging Bolt|Protosynthesis|[silent]
|switch|p1a: Ting-Lu|Ting-Lu|100/100|[from] Volt Switch
|-ability|p1a: Ting-Lu|Vessel of Ruin
|
|upkeep
|turn|2
|
|t:|1758290772
|-end|p2a: Mindreader|Quark Drive|[silent]
|switch|p2a: Parasite|Dragapult, F|100/100
|move|p1a: Ting-Lu|Ruination|p2a: Parasite
|-damage|p2a: Parasite|51/100
|
|upkeep
|turn|3
|
|t:|1758290777
|move|p2a: Parasite|U-turn|p1a: Ting-Lu
|-supereffective|p1a: Ting-Lu
|-damage|p1a: Ting-Lu|60/100
|
|t:|1758290780
|switch|p2a: Everytime We Touch|Samurott-Hisui, M|100/100|[from] U-turn
|move|p1a: Ting-Lu|Earthquake|p2a: Everytime We Touch
|-damage|p2a: Everytime We Touch|51/100
|
|-heal|p1a: Ting-Lu|66/100|[from] item: Leftovers
|upkeep
|turn|4
|
|t:|1758290787
|switch|p1a: Alomomola|Alomomola, M|100/100
|move|p2a: Everytime We Touch|Flip Turn|p1a: Alomomola
|-resisted|p1a: Alomomola
|-damage|p1a: Alomomola|93/100
|
|t:|1758290792
|switch|p2a: Hurikan|Zapdos|100/100|[from] Flip Turn
|
|upkeep
|turn|5
|
|t:|1758290795
|switch|p1a: Ting-Lu|Ting-Lu|66/100
|-ability|p1a: Ting-Lu|Vessel of Ruin
|move|p2a: Hurikan|Discharge|p1a: Ting-Lu
|-immune|p1a: Ting-Lu
|
|-heal|p1a: Ting-Lu|72/100|[from] item: Leftovers
|upkeep
|turn|6
|
|t:|1758290800
|move|p2a: Hurikan|U-turn|p1a: Ting-Lu
|-supereffective|p1a: Ting-Lu
|-damage|p1a: Ting-Lu|59/100
|
|t:|1758290802
|switch|p2a: Parasite|Dragapult, F|51/100|[from] U-turn
|move|p1a: Ting-Lu|Spikes|p2a: Parasite
|-sidestart|p2: luxgia|Spikes
|
|-heal|p1a: Ting-Lu|65/100|[from] item: Leftovers
|upkeep
|turn|7
|j| king of spycrabs
|
|t:|1758290807
|switch|p1a: Corviknight|Corviknight, M|100/100
|-ability|p1a: Corviknight|Pressure
|move|p2a: Parasite|U-turn|p1a: Corviknight
|-resisted|p1a: Corviknight
|-damage|p1a: Corviknight|95/100
|-damage|p2a: Parasite|34/100|[from] item: Rocky Helmet|[of] p1a: Corviknight
|
|t:|1758290813
|switch|p2a: Hurikan|Zapdos|100/100|[from] U-turn
|
|upkeep
|turn|8
|
|t:|1758290816
|switch|p1a: Ting-Lu|Ting-Lu|65/100
|-ability|p1a: Ting-Lu|Vessel of Ruin
|move|p2a: Hurikan|U-turn|p1a: Ting-Lu
|-supereffective|p1a: Ting-Lu
|-damage|p1a: Ting-Lu|49/100
|
|t:|1758290818
|switch|p2a: Everytime We Touch|Samurott-Hisui, M|51/100|[from] U-turn
|-damage|p2a: Everytime We Touch|39/100|[from] Spikes
|
|-heal|p1a: Ting-Lu|55/100|[from] item: Leftovers
|upkeep
|turn|9
|
|t:|1758290822
|switch|p1a: Alomomola|Alomomola, M|100/100
|move|p2a: Everytime We Touch|Ceaseless Edge|p1a: Alomomola
|-damage|p1a: Alomomola|78/100
|-sidestart|p1: squag7824|Spikes
|
|upkeep
|turn|10
|
|t:|1758290825
|move|p2a: Everytime We Touch|Ceaseless Edge|p1a: Alomomola|[miss]
|-miss|p2a: Everytime We Touch|p1a: Alomomola
|move|p1a: Alomomola|Wish|p1a: Alomomola
|
|upkeep
|turn|11
|
|t:|1758290829
|move|p2a: Everytime We Touch|Ceaseless Edge|p1a: Alomomola
|-damage|p1a: Alomomola|54/100
|-sidestart|p1: squag7824|Spikes
|move|p1a: Alomomola|Flip Turn|p2a: Everytime We Touch
|-resisted|p2a: Everytime We Touch
|-damage|p2a: Everytime We Touch|27/100
|
|t:|1758290831
|switch|p1a: Ting-Lu|Ting-Lu|55/100|[from] Flip Turn
|-damage|p1a: Ting-Lu|39/100|[from] Spikes
|-ability|p1a: Ting-Lu|Vessel of Ruin
|
|-heal|p1a: Ting-Lu|91/100|[from] move: Wish|[wisher] Alomomola
|-heal|p1a: Ting-Lu|97/100|[from] item: Leftovers
|upkeep
|turn|12
|
|t:|1758290834
|switch|p1a: Corviknight|Corviknight, M|95/100
|-ability|p1a: Corviknight|Pressure
|move|p2a: Everytime We Touch|Ceaseless Edge|p1a: Corviknight
|-damage|p1a: Corviknight|70/100
|-damage|p2a: Everytime We Touch|11/100|[from] item: Rocky Helmet|[of] p1a: Corviknight
|-sidestart|p1: squag7824|Spikes
|
|upkeep
|turn|13
|
|t:|1758290837
|switch|p2a: Hurikan|Zapdos|100/100
|move|p1a: Corviknight|Roost|p1a: Corviknight
|-heal|p1a: Corviknight|100/100
|-singleturn|p1a: Corviknight|move: Roost
|
|upkeep
|turn|14
|
|t:|1758290839
|switch|p1a: Ting-Lu|Ting-Lu|97/100
|-damage|p1a: Ting-Lu|72/100|[from] Spikes
|-ability|p1a: Ting-Lu|Vessel of Ruin
|move|p2a: Hurikan|Discharge|p1a: Ting-Lu
|-immune|p1a: Ting-Lu
|
|-heal|p1a: Ting-Lu|78/100|[from] item: Leftovers
|upkeep
|turn|15
|
|t:|1758290844
|move|p2a: Hurikan|U-turn|p1a: Ting-Lu
|-supereffective|p1a: Ting-Lu
|-damage|p1a: Ting-Lu|62/100
|
|t:|1758290852
|switch|p2a: Pump It|Great Tusk|100/100|[from] U-turn
|move|p1a: Ting-Lu|Earthquake|p2a: Pump It
|-damage|p2a: Pump It|74/100
|
|-heal|p1a: Ting-Lu|69/100|[from] item: Leftovers
|upkeep
|turn|16
|
|t:|1758290860
|switch|p1a: Alomomola|Alomomola, M|87/100
|move|p2a: Pump It|Rapid Spin|p1a: Alomomola
|-damage|p1a: Alomomola|78/100
|-boost|p2a: Pump It|spe|1
|-sideend|p2: luxgia|Spikes|[from] move: Rapid Spin|[of] p2a: Pump It
|
|upkeep
|turn|17
|
|t:|1758290862
|move|p2a: Pump It|Stealth Rock|p1a: Alomomola
|-sidestart|p1: squag7824|move: Stealth Rock
|move|p1a: Alomomola|Flip Turn|p2a: Pump It
|-supereffective|p2a: Pump It
|-damage|p2a: Pump It|48/100
|
|t:|1758290865
|switch|p1a: Great Tusk|Great Tusk|100/100|[from] Flip Turn
|
|upkeep
|turn|18
|
|t:|1758290868
|-end|p2a: Pump It|Protosynthesis|[silent]
|switch|p2a: Parasite|Dragapult, F|34/100
|move|p1a: Great Tusk|Knock Off|p2a: Parasite
|-supereffective|p2a: Parasite
|-damage|p2a: Parasite|0 fnt
|-enditem|p2a: Parasite|Choice Band|[from] move: Knock Off|[of] p1a: Great Tusk
|faint|p2a: Parasite
|
|upkeep
|
|t:|1758290874
|switch|p2a: Everytime We Touch|Samurott-Hisui, M|11/100
|turn|19
|
|t:|1758290878
|move|p2a: Everytime We Touch|Razor Shell|p1a: Great Tusk
|-supereffective|p1a: Great Tusk
|-damage|p1a: Great Tusk|32/100
|move|p1a: Great Tusk|Knock Off|p2a: Everytime We Touch
|-resisted|p2a: Everytime We Touch
|-damage|p2a: Everytime We Touch|0 fnt
|-enditem|p2a: Everytime We Touch|Choice Scarf|[from] move: Knock Off|[of] p1a: Great Tusk
|faint|p2a: Everytime We Touch
|
|upkeep
|
|t:|1758290886
|switch|p2a: Revery|Iron Boulder|100/100
|-enditem|p2a: Revery|Booster Energy
|-activate|p2a: Revery|ability: Quark Drive|[fromitem]
|-start|p2a: Revery|quarkdrivespe
|turn|20
|
|t:|1758290892
|-end|p1a: Great Tusk|Protosynthesis|[silent]
|switch|p1a: Alomomola|Alomomola, M|100/100
|move|p2a: Revery|Zen Headbutt|p1a: Alomomola
|-damage|p1a: Alomomola|78/100
|
|upkeep
|turn|21
|
|t:|1758290894
|move|p2a: Revery|Swords Dance|p2a: Revery
|-boost|p2a: Revery|atk|2
|move|p1a: Alomomola|Scald|p2a: Revery
|-supereffective|p2a: Revery
|-damage|p2a: Revery|74/100
|
|upkeep
|turn|22
|
|t:|1758290898
|move|p2a: Revery|Zen Headbutt|p1a: Alomomola|[miss]
|-miss|p2a: Revery|p1a: Alomomola
|move|p1a: Alomomola|Scald|p2a: Revery
|-supereffective|p2a: Revery
|-damage|p2a: Revery|46/100
|
|upkeep
|turn|23
|
|t:|1758290900
|move|p2a: Revery|Mighty Cleave|p1a: Alomomola
|-crit|p1a: Alomomola
|-damage|p1a: Alomomola|5/100
|move|p1a: Alomomola|Scald|p2a: Revery
|-supereffective|p2a: Revery
|-damage|p2a: Revery|19/100
|
|upkeep
|turn|24
|
|t:|1758290911
|move|p2a: Revery|Mighty Cleave|p1a: Alomomola
|-damage|p1a: Alomomola|0 fnt
|faint|p1a: Alomomola
|
|upkeep
|
|t:|1758290913
|switch|p1a: Corviknight|Corviknight, M|100/100
|-damage|p1a: Corviknight|88/100|[from] Stealth Rock
|-ability|p1a: Corviknight|Pressure
|turn|25
|
|t:|1758290915
|move|p2a: Revery|Swords Dance|p2a: Revery
|-boost|p2a: Revery|atk|2
|move|p1a: Corviknight|U-turn|p2a: Revery
|-supereffective|p2a: Revery
|-damage|p2a: Revery|0 fnt
|faint|p2a: Revery
|-end|p2a: Revery|Quark Drive|[silent]
|
|t:|1758290923
|switch|p1a: Great Tusk|Great Tusk|32/100|[from] U-turn
|
|upkeep
|
|t:|1758290927
|switch|p2a: Mindreader|Iron Crown|36/100
|turn|26
|
|t:|1758290936
|-end|p1a: Great Tusk|Protosynthesis|[silent]
|switch|p1a: Ting-Lu|Ting-Lu|69/100
|-damage|p1a: Ting-Lu|44/100|[from] Spikes
|-damage|p1a: Ting-Lu|37/100|[from] Stealth Rock
|-ability|p1a: Ting-Lu|Vessel of Ruin
|move|p2a: Mindreader|Tachyon Cutter|p1a: Ting-Lu
|-damage|p1a: Ting-Lu|22/100
|-damage|p1a: Ting-Lu|7/100
|-hitcount|p1a: Ting-Lu|2
|
|-heal|p1a: Ting-Lu|13/100|[from] item: Leftovers
|upkeep
|turn|27
|
|t:|1758290943
|move|p2a: Mindreader|Tachyon Cutter|p1a: Ting-Lu
|-damage|p1a: Ting-Lu|0 fnt
|faint|p1a: Ting-Lu
|-hitcount|p1: Ting-Lu|1
|
|upkeep
|
|t:|1758290949
|switch|p1a: Hatterene|Hatterene, F|100/100
|-damage|p1a: Hatterene|76/100|[from] Spikes
|-damage|p1a: Hatterene|63/100|[from] Stealth Rock
|turn|28
|
|t:|1758290951
|move|p2a: Mindreader|Tachyon Cutter|p1a: Hatterene
|-supereffective|p1a: Hatterene
|-damage|p1a: Hatterene|16/100
|-supereffective|p1a: Hatterene
|-damage|p1a: Hatterene|0 fnt
|faint|p1a: Hatterene
|-hitcount|p1: Hatterene|2
|
|upkeep
|
|t:|1758290957
|switch|p1a: Corviknight|Corviknight, M|88/100
|-damage|p1a: Corviknight|76/100|[from] Stealth Rock
|-ability|p1a: Corviknight|Pressure
|turn|29
|
|t:|1758290962
|-end|p2a: Mindreader|Quark Drive|[silent]
|switch|p2a: Hurikan|Zapdos|100/100
|move|p1a: Corviknight|Body Press|p2a: Hurikan
|-resisted|p2a: Hurikan
|-damage|p2a: Hurikan|92/100
|
|upkeep
|turn|30
|
|t:|1758290964
|switch|p1a: Great Tusk|Great Tusk|32/100
|move|p2a: Hurikan|Discharge|p1a: Great Tusk
|-immune|p1a: Great Tusk
|
|upkeep
|turn|31
|
|t:|1758290967
|move|p1a: Great Tusk|Rapid Spin|p2a: Hurikan
|-damage|p2a: Hurikan|80/100
|-boost|p1a: Great Tusk|spe|1
|-status|p1a: Great Tusk|par|[from] ability: Static|[of] p2a: Hurikan
|-sideend|p1: squag7824|Spikes|[from] move: Rapid Spin|[of] p1a: Great Tusk
|-sideend|p1: squag7824|Stealth Rock|[from] move: Rapid Spin|[of] p1a: Great Tusk
|move|p2a: Hurikan|Hurricane|p1a: Great Tusk
|-supereffective|p1a: Great Tusk
|-damage|p1a: Great Tusk|0 fnt
|faint|p1a: Great Tusk
|-end|p1a: Great Tusk|Protosynthesis|[silent]
|
|upkeep
|
|t:|1758290970
|switch|p1a: Raging Bolt|Raging Bolt|48/100
|turn|32
|
|t:|1758290979
|switch|p2a: Mindreader|Iron Crown|36/100
|move|p1a: Raging Bolt|Draco Meteor|p2a: Mindreader
|-resisted|p2a: Mindreader
|-damage|p2a: Mindreader|0 fnt
|-unboost|p1a: Raging Bolt|spa|2
|faint|p2a: Mindreader
|-end|p2a: Mindreader|Quark Drive|[silent]
|
|upkeep
|
|t:|1758290981
|switch|p2a: Pump It|Great Tusk|48/100
|turn|33
|
|t:|1758290985
|-end|p2a: Pump It|Protosynthesis|[silent]
|switch|p2a: Hurikan|Zapdos|80/100
|-end|p1a: Raging Bolt|Protosynthesis|[silent]
|switch|p1a: Corviknight|Corviknight, M|76/100
|-ability|p1a: Corviknight|Pressure
|
|upkeep
|turn|34
|
|t:|1758290989
|switch|p1a: Raging Bolt|Raging Bolt|48/100
|move|p2a: Hurikan|U-turn|p1a: Raging Bolt
|-damage|p1a: Raging Bolt|37/100
|
|t:|1758290990
|switch|p2a: Pump It|Great Tusk|48/100|[from] U-turn
|
|upkeep
|turn|35
|
|t:|1758290996
|-end|p1a: Raging Bolt|Protosynthesis|[silent]
|switch|p1a: Corviknight|Corviknight, M|76/100
|-ability|p1a: Corviknight|Pressure
|move|p2a: Pump It|Stealth Rock|p1a: Corviknight
|-sidestart|p1: squag7824|move: Stealth Rock
|
|upkeep
|turn|36
|
|t:|1758290999
|-end|p2a: Pump It|Protosynthesis|[silent]
|switch|p2a: Hurikan|Zapdos|80/100
|move|p1a: Corviknight|Body Press|p2a: Hurikan
|-resisted|p2a: Hurikan
|-damage|p2a: Hurikan|70/100
|
|upkeep
|turn|37
|
|t:|1758291004
|switch|p1a: Raging Bolt|Raging Bolt|37/100
|-damage|p1a: Raging Bolt|25/100|[from] Stealth Rock
|move|p2a: Hurikan|Hurricane|p1a: Raging Bolt|[miss]
|-miss|p2a: Hurikan|p1a: Raging Bolt
|
|upkeep
|turn|38
|j| wgw2333
|
|t:|1758291025
|switch|p2a: Pump It|Great Tusk|48/100
|move|p1a: Raging Bolt|Draco Meteor|p2a: Pump It
|-damage|p2a: Pump It|0 fnt
|-unboost|p1a: Raging Bolt|spa|2
|faint|p2a: Pump It
|-end|p2a: Pump It|Protosynthesis|[silent]
|
|upkeep
|
|t:|1758291027
|switch|p2a: Hurikan|Zapdos|70/100
|turn|39
|
|t:|1758291032
|move|p2a: Hurikan|Roost|p2a: Hurikan
|-heal|p2a: Hurikan|100/100
|-singleturn|p2a: Hurikan|move: Roost
|move|p1a: Raging Bolt|Draco Meteor|p2a: Hurikan
|-damage|p2a: Hurikan|41/100
|-unboost|p1a: Raging Bolt|spa|2
|
|upkeep
|turn|40
|
|t:|1758291037
|move|p2a: Hurikan|Hurricane|p1a: Raging Bolt
|-resisted|p1a: Raging Bolt
|-damage|p1a: Raging Bolt|6/100
|move|p1a: Raging Bolt|Draco Meteor|p2a: Hurikan
|-damage|p2a: Hurikan|0 fnt
|-unboost|p1a: Raging Bolt|spa|2
|faint|p2a: Hurikan
|
|win|squag7824
|raw|squag7824's rating: 1740 &rarr; <strong>1761</strong><br />(+21 for winning)
|raw|luxgia's rating: 1750 &rarr; <strong>1729</strong><br />(-21 for losing)
|l|☆squag7824
|player|p1|
|l| king of spycrabs
