|j|☆lowgear
|j|☆Drosophila_enjoyer
|t:|1758274887
|gametype|singles
|player|p1|lowgear|1|1445
|player|p2|Drosophila_enjoyer|rocketgrunt|1434
|gen|9
|tier|[Gen 9] OU
|rated|
|rule|HP Percentage Mod: HP is shown in percentages
|rule|Endless Battle Clause: Forcing endless battles is banned
|rule|Species Clause: Limit one of each Pokémon
|rule|OHKO Clause: OHKO moves are banned
|rule|Evasion Items Clause: Evasion items are banned
|rule|Evasion Moves Clause: Evasion moves are banned
|rule|Evasion Abilities Clause: Evasion abilities are banned
|rule|Sleep Moves Clause: Sleep-inducing moves are banned
|clearpoke
|poke|p1|Tyranitar, F|
|poke|p1|Gholdengo|
|poke|p1|Zamazenta-*|
|poke|p1|Rillaboom, F|
|poke|p1|Garchomp, F|
|poke|p1|Zapdos|
|poke|p2|Breloom, M|
|poke|p2|Bisharp, F|
|poke|p2|Regidrago|
|poke|p2|Maushold-Four|
|poke|p2|Armarouge, M|
|poke|p2|Magnezone|
|teampreview
|inactive|Battle timer is ON: inactive players will automatically lose when time's up. (requested by Drosophila_enjoyer)
|
|t:|1758274905
|teamsize|p1|6
|teamsize|p2|6
|start
|switch|p1a: Garchomp|Garchomp, F|100/100
|switch|p2a: Magnezone|Magnezone|100/100
|turn|1
|l|☆Drosophila_enjoyer
|inactive|Drosophila_enjoyer disconnected and has a minute to reconnect!
|player|p2|
|j|☆Drosophila_enjoyer
|inactive|Drosophila_enjoyer reconnected and has 120 seconds left.
|player|p2|Drosophila_enjoyer|rocketgrunt|
|
|t:|1758274940
|move|p1a: Garchomp|Stealth Rock|p2a: Magnezone
|-sidestart|p2: Drosophila_enjoyer|move: Stealth Rock
|move|p2a: Magnezone|Flash Cannon|p1a: Garchomp
|-damage|p1a: Garchomp|49/100
|
|upkeep
|turn|2
|
|t:|1758274948
|-terastallize|p2a: Magnezone|Flying
|move|p1a: Garchomp|Earthquake|p2a: Magnezone
|-immune|p2a: Magnezone
|move|p2a: Magnezone|Flash Cannon|p1a: Garchomp
|-damage|p1a: Garchomp|0 fnt
|faint|p1a: Garchomp
|
|upkeep
|
|t:|1758274959
|switch|p1a: Zapdos|Zapdos|100/100
|turn|3
|
|t:|1758274960
|move|p1a: Zapdos|Thunderbolt|p2a: Magnezone
|-supereffective|p2a: Magnezone
|-damage|p2a: Magnezone|45/100
|move|p2a: Magnezone|Discharge|p1a: Zapdos
|-damage|p1a: Zapdos|47/100
|
|upkeep
|turn|4
|
|t:|1758274968
|move|p1a: Zapdos|Thunderbolt|p2a: Magnezone
|-supereffective|p2a: Magnezone
|-damage|p2a: Magnezone|0 fnt
|faint|p2a: Magnezone
|
|upkeep
|
|t:|1758274970
|switch|p2a: Breloom|Breloom, M|100/100
|-damage|p2a: Breloom|94/100|[from] Stealth Rock
|turn|5
|
|t:|1758274974
|move|p1a: Zapdos|Air Cutter|p2a: Breloom
|-supereffective|p2a: Breloom
|-crit|p2a: Breloom
|-damage|p2a: Breloom|0 fnt
|faint|p2a: Breloom
|
|upkeep
|
|t:|1758274976
|switch|p2a: Armarouge|Armarouge, M|100/100
|-damage|p2a: Armarouge|76/100|[from] Stealth Rock
|turn|6
|
|t:|1758274983
|move|p1a: Zapdos|Thunderbolt|p2a: Armarouge
|-damage|p2a: Armarouge|30/100
|move|p2a: Armarouge|Armor Cannon|p1a: Zapdos
|-damage|p1a: Zapdos|0 fnt
|-unboost|p2a: Armarouge|def|1
|-unboost|p2a: Armarouge|spd|1
|faint|p1a: Zapdos
|
|upkeep
|
|t:|1758274995
|switch|p1a: Zamazenta|Zamazenta|100/100
|-ability|p1a: Zamazenta|Dauntless Shield|boost
|-boost|p1a: Zamazenta|def|1
|turn|7
|
|t:|1758274999
|move|p1a: Zamazenta|Crunch|p2a: Armarouge
|-supereffective|p2a: Armarouge
|-damage|p2a: Armarouge|0 fnt
|faint|p2a: Armarouge
|
|upkeep
|
|t:|1758275004
|switch|p2a: Regidrago|Regidrago|100/100
|-damage|p2a: Regidrago|88/100|[from] Stealth Rock
|turn|8
|
|t:|1758275012
|move|p2a: Regidrago|Dragon Energy|p1a: Zamazenta
|-damage|p1a: Zamazenta|15/100
|move|p1a: Zamazenta|Close Combat|p2a: Regidrago
|-damage|p2a: Regidrago|19/100
|-unboost|p1a: Zamazenta|def|1
|-unboost|p1a: Zamazenta|spd|1
|
|upkeep
|turn|9
|
|t:|1758275019
|switch|p1a: Gholdengo|Gholdengo|100/100
|-item|p1a: Gholdengo|Air Balloon
|move|p2a: Regidrago|Dragon Energy|p1a: Gholdengo
|-resisted|p1a: Gholdengo
|-damage|p1a: Gholdengo|91/100
|-enditem|p1a: Gholdengo|Air Balloon
|
|upkeep
|turn|10
|
|t:|1758275026
|switch|p2a: Bisharp|Bisharp, F|100/100
|-damage|p2a: Bisharp|95/100|[from] Stealth Rock
|move|p1a: Gholdengo|Thunderbolt|p2a: Bisharp
|-damage|p2a: Bisharp|67/100
|
|upkeep
|turn|11
|
|t:|1758275040
|move|p1a: Gholdengo|Thunderbolt|p2a: Bisharp
|-damage|p2a: Bisharp|35/100
|move|p2a: Bisharp|Swords Dance|p2a: Bisharp
|-boost|p2a: Bisharp|atk|2
|
|upkeep
|turn|12
|
|t:|1758275053
|move|p1a: Gholdengo|Recover|p1a: Gholdengo
|-heal|p1a: Gholdengo|100/100
|move|p2a: Bisharp|Iron Head|p1a: Gholdengo
|-resisted|p1a: Gholdengo
|-damage|p1a: Gholdengo|56/100
|
|upkeep
|turn|13
|
|t:|1758275066
|move|p2a: Bisharp|Sucker Punch||[still]
|-fail|p2a: Bisharp
|move|p1a: Gholdengo|Recover|p1a: Gholdengo
|-heal|p1a: Gholdengo|100/100
|
|upkeep
|turn|14
|
|t:|1758275075
|switch|p1a: Rillaboom|Rillaboom, F|100/100
|-fieldstart|move: Grassy Terrain|[from] ability: Grassy Surge|[of] p1a: Rillaboom
|move|p2a: Bisharp|Swords Dance|p2a: Bisharp
|-boost|p2a: Bisharp|atk|2
|
|-heal|p2a: Bisharp|41/100|[from] Grassy Terrain
|upkeep
|turn|15
|
|t:|1758275088
|-terastallize|p1a: Rillaboom|Grass
|move|p1a: Rillaboom|Grassy Glide|p2a: Bisharp
|-resisted|p2a: Bisharp
|-damage|p2a: Bisharp|22/100
|move|p2a: Bisharp|Iron Head|p1a: Rillaboom
|-damage|p1a: Rillaboom|0 fnt
|faint|p1a: Rillaboom
|
|-heal|p2a: Bisharp|28/100|[from] Grassy Terrain
|upkeep
|
|t:|1758275109
|switch|p1a: Tyranitar|Tyranitar, F|100/100
|-weather|Sandstorm|[from] ability: Sand Stream|[of] p1a: Tyranitar
|turn|16
|
|t:|1758275112
|move|p1a: Tyranitar|Low Kick|p2a: Bisharp
|-supereffective|p2a: Bisharp
|-damage|p2a: Bisharp|0 fnt
|faint|p2a: Bisharp
|
|-weather|Sandstorm|[upkeep]
|upkeep
|
|t:|1758275114
|switch|p2a: Maushold|Maushold-Four|100/100
|-damage|p2a: Maushold|88/100|[from] Stealth Rock
|turn|17
|
|t:|1758275121
|switch|p1a: Gholdengo|Gholdengo|100/100
|move|p2a: Maushold|Encore|p1a: Gholdengo
|-immune|p1a: Gholdengo|[from] ability: Good as Gold
|
|-weather|Sandstorm|[upkeep]
|-damage|p2a: Maushold|82/100|[from] Sandstorm
|-heal|p2a: Maushold|88/100|[from] Grassy Terrain
|upkeep
|turn|18
|
|t:|1758275126
|move|p2a: Maushold|Tidy Up|p2a: Maushold
|-sideend|p2: Drosophila_enjoyer|Stealth Rock
|-activate|p2a: Maushold|move: Tidy Up
|-boost|p2a: Maushold|atk|1
|-boost|p2a: Maushold|spe|1
|move|p1a: Gholdengo|Make It Rain|p2a: Maushold
|-damage|p2a: Maushold|0 fnt
|-unboost|p1a: Gholdengo|spa|1
|faint|p2a: Maushold
|
|-weather|Sandstorm|[upkeep]
|-fieldend|move: Grassy Terrain
|upkeep
|
|t:|1758275132
|switch|p2a: Regidrago|Regidrago|19/100
|turn|19
|
|t:|1758275136
|move|p2a: Regidrago|Earth Power|p1a: Gholdengo
|-supereffective|p1a: Gholdengo
|-damage|p1a: Gholdengo|50/100
|-unboost|p1a: Gholdengo|spd|1
|move|p1a: Gholdengo|Make It Rain|p2a: Regidrago
|-damage|p2a: Regidrago|0 fnt
|-unboost|p1a: Gholdengo|spa|1
|faint|p2a: Regidrago
|
|win|lowgear
|raw|lowgear's rating: 1445 &rarr; <strong>1464</strong><br />(+19 for winning)
|raw|Drosophila_enjoyer's rating: 1434 &rarr; <strong>1415</strong><br />(-19 for losing)
|l|☆Drosophila_enjoyer
|player|p2|
|l|☆lowgear
|player|p1|
