|j|☆Gripus9
|j|☆coolrad40
|t:|1758251248
|gametype|singles
|player|p1|Gripus9|sage|1089
|player|p2|coolrad40|hilbert|1140
|gen|9
|tier|[Gen 9] OU
|rated|
|rule|HP Percentage Mod: HP is shown in percentages
|rule|Endless Battle Clause: Forcing endless battles is banned
|rule|Species Clause: Limit one of each Pokémon
|rule|OHKO Clause: OHKO moves are banned
|rule|Evasion Items Clause: Evasion items are banned
|rule|Evasion Moves Clause: Evasion moves are banned
|rule|Evasion Abilities Clause: Evasion abilities are banned
|rule|Sleep Moves Clause: Sleep-inducing moves are banned
|clearpoke
|poke|p1|Weavile, F|
|poke|p1|Chandelure, F|
|poke|p1|Sylveon, F|
|poke|p1|Tentacruel, M|
|poke|p1|Gengar, M|
|poke|p1|Gardevoir, F|
|poke|p2|Plusle, F|
|poke|p2|Lokix, M|
|poke|p2|Ambipom, F|
|poke|p2|Slowbro, M|
|poke|p2|Noivern, F|
|poke|p2|Oricorio, F|
|teampreview
|inactive|Battle timer is ON: inactive players will automatically lose when time's up. (requested by Gripus9)
|
|t:|1758251255
|teamsize|p1|6
|teamsize|p2|6
|start
|switch|p1a: Weavile|Weavile, F|100/100
|switch|p2a: Handjob|Ambipom, F, shiny|100/100
|-ability|p1a: Weavile|Pressure
|turn|1
|
|t:|1758251263
|move|p2a: Handjob|Fake Out|p1a: Weavile
|-damage|p1a: Weavile|56/100
|cant|p1a: Weavile|flinch
|
|upkeep
|turn|2
|
|t:|1758251271
|move|p1a: Weavile|Knock Off|p2a: Handjob
|-damage|p2a: Handjob|28/100
|-enditem|p2a: Handjob|Assault Vest|[from] move: Knock Off|[of] p1a: Weavile
|move|p2a: Handjob|Aerial Ace|p1a: Weavile
|-damage|p1a: Weavile|12/100
|
|upkeep
|turn|3
|
|t:|1758251292
|switch|p2a: Oricorio|Oricorio, F|100/100
|move|p1a: Weavile|Knock Off|p2a: Oricorio
|-damage|p2a: Oricorio|21/100
|-enditem|p2a: Oricorio|Heavy-Duty Boots|[from] move: Knock Off|[of] p1a: Weavile
|
|upkeep
|turn|4
|
|t:|1758251298
|move|p1a: Weavile|Ice Shard|p2a: Oricorio
|-damage|p2a: Oricorio|0 fnt
|faint|p2a: Oricorio
|
|upkeep
|
|t:|1758251302
|switch|p2a: Handjob|Ambipom, F, shiny|28/100
|turn|5
|
|t:|1758251305
|move|p2a: Handjob|Fake Out|p1a: Weavile
|-damage|p1a: Weavile|0 fnt
|faint|p1a: Weavile
|
|upkeep
|
|t:|1758251309
|switch|p1a: Gengar|Gengar, M|100/100
|turn|6
|
|t:|1758251313
|move|p2a: Handjob|Knock Off|p1a: Gengar
|-supereffective|p1a: Gengar
|-damage|p1a: Gengar|0 fnt
|-start|p2a: Handjob|Disable|Knock Off|[from] ability: Cursed Body|[of] p1a: Gengar
|-enditem|p1a: Gengar|Spell Tag|[from] move: Knock Off|[of] p2a: Handjob
|faint|p1a: Gengar
|
|upkeep
|
|t:|1758251319
|switch|p1a: Sylveon|Sylveon, F|100/100
|turn|7
|
|t:|1758251327
|switch|p2a: Slowbro|Slowbro, M|100/100
|move|p1a: Sylveon|Calm Mind|p1a: Sylveon
|-boost|p1a: Sylveon|spa|1
|-boost|p1a: Sylveon|spd|1
|
|upkeep
|turn|8
|
|t:|1758251334
|move|p1a: Sylveon|Calm Mind|p1a: Sylveon
|-boost|p1a: Sylveon|spa|1
|-boost|p1a: Sylveon|spd|1
|move|p2a: Slowbro|Scald|p1a: Sylveon
|-damage|p1a: Sylveon|87/100
|
|upkeep
|turn|9
|
|t:|1758251340
|switch|p2a: Handjob|Ambipom, F, shiny|28/100
|move|p1a: Sylveon|Calm Mind|p1a: Sylveon
|-boost|p1a: Sylveon|spa|1
|-boost|p1a: Sylveon|spd|1
|
|upkeep
|turn|10
|
|t:|1758251348
|move|p2a: Handjob|Fake Out|p1a: Sylveon
|-damage|p1a: Sylveon|66/100
|-damage|p2a: Handjob|11/100|[from] item: Rocky Helmet|[of] p1a: Sylveon
|cant|p1a: Sylveon|flinch
|
|upkeep
|turn|11
|
|t:|1758251355
|move|p2a: Handjob|Aerial Ace|p1a: Sylveon
|-damage|p1a: Sylveon|44/100
|-damage|p2a: Handjob|0 fnt|[from] item: Rocky Helmet|[of] p1a: Sylveon
|faint|p2a: Handjob
|move|p1a: Sylveon|Wish|p1a: Sylveon
|
|upkeep
|
|t:|1758251365
|switch|p2a: Lokix|Lokix, M|100/100
|turn|12
|
|t:|1758251369
|-terastallize|p2a: Lokix|Bug
|move|p2a: Lokix|U-turn|p1a: Sylveon
|-resisted|p1a: Sylveon
|-damage|p1a: Sylveon|0 fnt
|-damage|p2a: Lokix|84/100|[from] item: Rocky Helmet|[of] p1a: Sylveon
|faint|p1a: Sylveon
|
|t:|1758251380
|switch|p2a: Plusle|Plusle, F|100/100|[from] U-turn
|
|upkeep
|
|t:|1758251384
|switch|p1a: Chandelure|Chandelure, F|100/100
|turn|13
|
|t:|1758251389
|move|p1a: Chandelure|Calm Mind|p1a: Chandelure
|-boost|p1a: Chandelure|spa|1
|-boost|p1a: Chandelure|spd|1
|move|p2a: Plusle|Thunderbolt|p1a: Chandelure
|-damage|p1a: Chandelure|63/100
|
|upkeep
|turn|14
|
|t:|1758251404
|move|p1a: Chandelure|Flamethrower|p2a: Plusle
|-enditem|p2a: Plusle|Focus Sash
|-damage|p2a: Plusle|1/100
|move|p2a: Plusle|Thunderbolt|p1a: Chandelure
|-damage|p1a: Chandelure|26/100
|
|upkeep
|turn|15
|
|t:|1758251411
|move|p1a: Chandelure|Flamethrower|p2a: Plusle
|-damage|p2a: Plusle|0 fnt
|faint|p2a: Plusle
|
|upkeep
|
|t:|1758251414
|switch|p2a: Lokix|Lokix, M, tera:Bug|84/100
|turn|16
|
|t:|1758251421
|move|p2a: Lokix|U-turn|p1a: Chandelure
|-resisted|p1a: Chandelure
|-damage|p1a: Chandelure|0 fnt
|faint|p1a: Chandelure
|
|t:|1758251425
|switch|p2a: Noivern|Noivern, F|100/100|[from] U-turn
|
|upkeep
|
|t:|1758251429
|switch|p1a: Gardevoir|Gardevoir, F|100/100
|turn|17
|
|t:|1758251437
|move|p2a: Noivern|Boomburst|p1a: Gardevoir
|-damage|p1a: Gardevoir|56/100
|-enditem|p2a: Noivern|Throat Spray
|-boost|p2a: Noivern|spa|1|[from] item: Throat Spray
|move|p1a: Gardevoir|Draining Kiss|p2a: Noivern
|-supereffective|p2a: Noivern
|-damage|p2a: Noivern|44/100
|-heal|p1a: Gardevoir|100/100|[from] drain|[of] p2a: Noivern
|
|upkeep
|turn|18
|
|t:|1758251446
|move|p2a: Noivern|Air Slash|p1a: Gardevoir
|-damage|p1a: Gardevoir|45/100
|move|p1a: Gardevoir|Draining Kiss|p2a: Noivern
|-supereffective|p2a: Noivern
|-damage|p2a: Noivern|0 fnt
|-heal|p1a: Gardevoir|82/100|[from] drain|[of] p2a: Noivern
|faint|p2a: Noivern
|
|upkeep
|
|t:|1758251451
|switch|p2a: Lokix|Lokix, M, tera:Bug|84/100
|turn|19
|
|t:|1758251458
|move|p2a: Lokix|U-turn|p1a: Gardevoir
|-damage|p1a: Gardevoir|7/100
|
|t:|1758251461
|switch|p2a: Slowbro|Slowbro, M|100/100|[from] U-turn
|move|p1a: Gardevoir|Reflect|p1a: Gardevoir
|-sidestart|p1: Gripus9|Reflect
|
|upkeep
|turn|20
|
|t:|1758251468
|move|p1a: Gardevoir|Draining Kiss|p2a: Slowbro
|-damage|p2a: Slowbro|83/100
|-heal|p1a: Gardevoir|25/100|[from] drain|[of] p2a: Slowbro
|move|p2a: Slowbro|Psychic|p1a: Gardevoir
|-resisted|p1a: Gardevoir
|-damage|p1a: Gardevoir|3/100
|
|upkeep
|turn|21
|
|t:|1758251476
|move|p1a: Gardevoir|Psychic|p2a: Slowbro
|-resisted|p2a: Slowbro
|-damage|p2a: Slowbro|66/100
|-unboost|p2a: Slowbro|spd|1
|move|p2a: Slowbro|Scald|p1a: Gardevoir
|-damage|p1a: Gardevoir|0 fnt
|faint|p1a: Gardevoir
|
|upkeep
|
|t:|1758251483
|switch|p1a: Tentacruel|Tentacruel, M|100/100
|turn|22
|
|t:|1758251485
|switch|p2a: Lokix|Lokix, M, tera:Bug|84/100
|move|p1a: Tentacruel|Toxic|p2a: Lokix
|-status|p2a: Lokix|tox
|
|-damage|p2a: Lokix|78/100 tox|[from] psn
|upkeep
|turn|23
|
|t:|1758251493
|move|p1a: Tentacruel|Acid Armor|p1a: Tentacruel
|-boost|p1a: Tentacruel|def|2
|move|p2a: Lokix|Knock Off|p1a: Tentacruel
|-damage|p1a: Tentacruel|83/100
|-damage|p2a: Lokix|61/100 tox|[from] item: Rocky Helmet|[of] p1a: Tentacruel
|-enditem|p1a: Tentacruel|Rocky Helmet|[from] move: Knock Off|[of] p2a: Lokix
|
|-damage|p2a: Lokix|49/100 tox|[from] psn
|-sideend|p1: Gripus9|Reflect
|upkeep
|turn|24
|
|t:|1758251503
|switch|p2a: Slowbro|Slowbro, M|99/100
|move|p1a: Tentacruel|Sludge Bomb|p2a: Slowbro
|-damage|p2a: Slowbro|82/100
|
|upkeep
|turn|25
|
|t:|1758251509
|move|p1a: Tentacruel|Toxic|p2a: Slowbro
|-status|p2a: Slowbro|tox
|move|p2a: Slowbro|Psychic|p1a: Tentacruel
|-supereffective|p1a: Tentacruel
|-crit|p1a: Tentacruel
|-damage|p1a: Tentacruel|0 fnt
|faint|p1a: Tentacruel
|
|win|coolrad40
|raw|Gripus9's rating: 1089 &rarr; <strong>1069</strong><br />(-20 for losing)
|raw|coolrad40's rating: 1140 &rarr; <strong>1161</strong><br />(+21 for winning)
|c|☆coolrad40|gg
|l|☆Gripus9
|player|p1|
|l|☆coolrad40
|player|p2|
