|j|☆norca152
|j|☆teamskullenoxa
|t:|1758314089
|gametype|singles
|player|p1|norca152|drayden|1499
|player|p2|teamskullenoxa|102|1531
|gen|9
|tier|[Gen 9] OU
|rated|
|rule|HP Percentage Mod: HP is shown in percentages
|rule|Endless Battle Clause: Forcing endless battles is banned
|rule|Species Clause: Limit one of each Pokémon
|rule|OHKO Clause: OHKO moves are banned
|rule|Evasion Items Clause: Evasion items are banned
|rule|Evasion Moves Clause: Evasion moves are banned
|rule|Evasion Abilities Clause: Evasion abilities are banned
|rule|Sleep Moves Clause: Sleep-inducing moves are banned
|clearpoke
|poke|p1|Dragonite, M|
|poke|p1|Scizor, F|
|poke|p1|Suicune|
|poke|p1|Sableye, F|
|poke|p1|Serperior, F|
|poke|p1|Ceruledge, F|
|poke|p2|Lokix, M|
|poke|p2|Slowking-Galar, M|
|poke|p2|Weavile, F|
|poke|p2|Enamorus, F|
|poke|p2|Alomomola, M|
|poke|p2|Cinderace, F|
|teampreview
|inactive|Battle timer is ON: inactive players will automatically lose when time's up. (requested by norca152)
|
|t:|1758314108
|teamsize|p1|6
|teamsize|p2|6
|start
|switch|p1a: Ceruledge|Ceruledge, F|100/100
|switch|p2a: Cinderace|Cinderace, F|100/100
|turn|1
|
|t:|1758314112
|move|p2a: Cinderace|U-turn|p1a: Ceruledge
|-resisted|p1a: Ceruledge
|-damage|p1a: Ceruledge|93/100
|-ability|p1a: Ceruledge|Weak Armor|boost
|-unboost|p1a: Ceruledge|def|1
|-boost|p1a: Ceruledge|spe|2
|
|t:|1758314115
|switch|p2a: Alomomola|Alomomola, M|100/100|[from] U-turn
|move|p1a: Ceruledge|Swords Dance|p1a: Ceruledge
|-boost|p1a: Ceruledge|atk|2
|
|upkeep
|turn|2
|
|t:|1758314119
|move|p1a: Ceruledge|Swords Dance|p1a: Ceruledge
|-boost|p1a: Ceruledge|atk|2
|move|p2a: Alomomola|Flip Turn|p1a: Ceruledge
|-supereffective|p1a: Ceruledge
|-damage|p1a: Ceruledge|29/100
|-ability|p1a: Ceruledge|Weak Armor|boost
|-unboost|p1a: Ceruledge|def|1
|-boost|p1a: Ceruledge|spe|2
|
|t:|1758314122
|switch|p2a: Lokix|Lokix, M|100/100|[from] Flip Turn
|
|upkeep
|turn|3
|
|t:|1758314141
|move|p2a: Lokix|First Impression|p1a: Ceruledge
|-resisted|p1a: Ceruledge
|-damage|p1a: Ceruledge|0 fnt
|faint|p1a: Ceruledge
|
|upkeep
|
|t:|1758314147
|switch|p1a: Scizor|Scizor, F|100/100
|turn|4
|
|t:|1758314149
|move|p2a: Lokix|U-turn|p1a: Scizor
|-resisted|p1a: Scizor
|-damage|p1a: Scizor|60/100
|
|t:|1758314162
|switch|p2a: Slowking|Slowking-Galar, M|100/100|[from] U-turn
|move|p1a: Scizor|U-turn|p2a: Slowking
|-damage|p2a: Slowking|57/100
|
|t:|1758314183
|switch|p1a: Suicune|Suicune|100/100|[from] U-turn
|-ability|p1a: Suicune|Pressure
|
|upkeep
|turn|5
|
|t:|1758314190
|move|p1a: Suicune|Calm Mind|p1a: Suicune
|-boost|p1a: Suicune|spa|1
|-boost|p1a: Suicune|spd|1
|move|p2a: Slowking|Sludge Bomb|p1a: Suicune
|-damage|p1a: Suicune|82/100
|
|-heal|p1a: Suicune|89/100|[from] item: Leftovers
|upkeep
|turn|6
|
|t:|1758314198
|switch|p2a: Lokix|Lokix, M|100/100
|move|p1a: Suicune|Calm Mind|p1a: Suicune
|-boost|p1a: Suicune|spa|1
|-boost|p1a: Suicune|spd|1
|
|-heal|p1a: Suicune|95/100|[from] item: Leftovers
|upkeep
|turn|7
|
|t:|1758314201
|move|p2a: Lokix|Knock Off|p1a: Suicune
|-damage|p1a: Suicune|69/100
|-enditem|p1a: Suicune|Leftovers|[from] move: Knock Off|[of] p2a: Lokix
|move|p1a: Suicune|Scald|p2a: Lokix
|-damage|p2a: Lokix|0 fnt
|faint|p2a: Lokix
|
|upkeep
|
|t:|1758314212
|switch|p2a: Slowking|Slowking-Galar, M|90/100
|turn|8
|
|t:|1758314219
|move|p1a: Suicune|Calm Mind|p1a: Suicune
|-boost|p1a: Suicune|spa|1
|-boost|p1a: Suicune|spd|1
|move|p2a: Slowking|Sludge Bomb|p1a: Suicune
|-crit|p1a: Suicune
|-damage|p1a: Suicune|30/100
|
|upkeep
|turn|9
|
|t:|1758314227
|switch|p2a: Alomomola|Alomomola, M|100/100
|move|p1a: Suicune|Calm Mind|p1a: Suicune
|-boost|p1a: Suicune|spa|1
|-boost|p1a: Suicune|spd|1
|
|upkeep
|turn|10
|
|t:|1758314239
|move|p1a: Suicune|Rest|p1a: Suicune
|-status|p1a: Suicune|slp|[from] move: Rest
|-heal|p1a: Suicune|100/100 slp|[silent]
|move|p2a: Alomomola|Flip Turn|p1a: Suicune
|-resisted|p1a: Suicune
|-damage|p1a: Suicune|96/100 slp
|
|t:|1758314249
|switch|p2a: Cinderace|Cinderace, F|100/100|[from] Flip Turn
|
|upkeep
|turn|11
|
|t:|1758314261
|move|p2a: Cinderace|U-turn|p1a: Suicune
|-crit|p1a: Suicune
|-damage|p1a: Suicune|78/100 slp
|
|t:|1758314265
|switch|p2a: Alomomola|Alomomola, M|100/100|[from] U-turn
|cant|p1a: Suicune|slp
|move|p1a: Suicune|Sleep Talk|p1a: Suicune
|move|p1a: Suicune|Rest||[from] move: Sleep Talk|[still]
|-fail|p1a: Suicune
|
|upkeep
|turn|12
|
|t:|1758314270
|cant|p1a: Suicune|slp
|move|p1a: Suicune|Sleep Talk|p1a: Suicune
|move|p1a: Suicune|Rest||[from] move: Sleep Talk|[still]
|-fail|p1a: Suicune
|move|p2a: Alomomola|Mirror Coat||[still]
|-fail|p2a: Alomomola
|
|upkeep
|turn|13
|
|t:|1758314280
|-curestatus|p1a: Suicune|slp|[msg]
|move|p1a: Suicune|Scald|p2a: Alomomola
|-resisted|p2a: Alomomola
|-damage|p2a: Alomomola|81/100
|move|p2a: Alomomola|Body Slam|p1a: Suicune
|-crit|p1a: Suicune
|-damage|p1a: Suicune|65/100
|
|upkeep
|turn|14
|
|t:|1758314290
|move|p1a: Suicune|Scald|p2a: Alomomola
|-resisted|p2a: Alomomola
|-damage|p2a: Alomomola|61/100
|move|p2a: Alomomola|Mirror Coat|p1a: Suicune
|-damage|p1a: Suicune|14/100
|
|upkeep
|turn|15
|
|t:|1758314296
|move|p1a: Suicune|Rest|p1a: Suicune
|-status|p1a: Suicune|slp|[from] move: Rest
|-heal|p1a: Suicune|100/100 slp|[silent]
|move|p2a: Alomomola|Body Slam|p1a: Suicune
|-damage|p1a: Suicune|92/100 slp
|
|upkeep
|turn|16
|
|t:|1758314299
|cant|p1a: Suicune|slp
|move|p1a: Suicune|Sleep Talk|p1a: Suicune
|move|p1a: Suicune|Rest||[from] move: Sleep Talk|[still]
|-fail|p1a: Suicune
|move|p2a: Alomomola|Mirror Coat||[still]
|-fail|p2a: Alomomola
|
|upkeep
|turn|17
|
|t:|1758314307
|cant|p1a: Suicune|slp
|move|p1a: Suicune|Sleep Talk|p1a: Suicune
|move|p1a: Suicune|Scald|p2a: Alomomola|[from] move: Sleep Talk
|-resisted|p2a: Alomomola
|-damage|p2a: Alomomola|43/100
|move|p2a: Alomomola|Flip Turn|p1a: Suicune
|-resisted|p1a: Suicune
|-damage|p1a: Suicune|88/100 slp
|
|t:|1758314311
|switch|p2a: Cinderace|Cinderace, F|100/100|[from] Flip Turn
|
|upkeep
|turn|18
|
|t:|1758314317
|move|p2a: Cinderace|U-turn|p1a: Suicune
|-damage|p1a: Suicune|76/100 slp
|
|t:|1758314319
|switch|p2a: Alomomola|Alomomola, M|76/100|[from] U-turn
|-curestatus|p1a: Suicune|slp|[msg]
|move|p1a: Suicune|Scald|p2a: Alomomola
|-resisted|p2a: Alomomola
|-damage|p2a: Alomomola|58/100
|
|upkeep
|turn|19
|
|t:|1758314329
|move|p1a: Suicune|Scald|p2a: Alomomola
|-resisted|p2a: Alomomola
|-damage|p2a: Alomomola|40/100
|move|p2a: Alomomola|Flip Turn|p1a: Suicune
|-resisted|p1a: Suicune
|-damage|p1a: Suicune|72/100
|
|t:|1758314333
|switch|p2a: Cinderace|Cinderace, F|100/100|[from] Flip Turn
|
|upkeep
|turn|20
|
|t:|1758314335
|move|p2a: Cinderace|U-turn|p1a: Suicune
|-damage|p1a: Suicune|60/100
|
|t:|1758314338
|switch|p2a: Alomomola|Alomomola, M|73/100|[from] U-turn
|move|p1a: Suicune|Scald|p2a: Alomomola
|-resisted|p2a: Alomomola
|-damage|p2a: Alomomola|54/100
|-status|p2a: Alomomola|brn
|
|-damage|p2a: Alomomola|48/100 brn|[from] brn
|upkeep
|turn|21
|
|t:|1758314349
|move|p1a: Suicune|Calm Mind|p1a: Suicune
|-boost|p1a: Suicune|spa|1
|-boost|p1a: Suicune|spd|1
|move|p2a: Alomomola|Mirror Coat||[still]
|-fail|p2a: Alomomola
|
|-damage|p2a: Alomomola|42/100 brn|[from] brn
|upkeep
|turn|22
|
|t:|1758314354
|move|p1a: Suicune|Calm Mind|p1a: Suicune
|-boost|p1a: Suicune|spa|1
|-boost|p1a: Suicune|spd|1
|move|p2a: Alomomola|Body Slam|p1a: Suicune
|-damage|p1a: Suicune|55/100
|
|-damage|p2a: Alomomola|35/100 brn|[from] brn
|upkeep
|turn|23
|
|t:|1758314360
|move|p1a: Suicune|Calm Mind|p1a: Suicune
|-boost|p1a: Suicune|spa|0
|-boost|p1a: Suicune|spd|0
|move|p2a: Alomomola|Mirror Coat||[still]
|-fail|p2a: Alomomola
|
|-damage|p2a: Alomomola|29/100 brn|[from] brn
|upkeep
|turn|24
|
|t:|1758314366
|move|p1a: Suicune|Calm Mind|p1a: Suicune
|-boost|p1a: Suicune|spa|0
|-boost|p1a: Suicune|spd|0
|move|p2a: Alomomola|Flip Turn|p1a: Suicune
|-resisted|p1a: Suicune
|-damage|p1a: Suicune|53/100
|
|t:|1758314391
|switch|p2a: Weavile|Weavile, F|100/100|[from] Flip Turn
|-ability|p2a: Weavile|Pressure
|
|upkeep
|turn|25
|
|t:|1758314410
|move|p2a: Weavile|Throat Chop|p1a: Suicune
|-damage|p1a: Suicune|20/100
|-start|p1a: Suicune|Throat Chop|[silent]
|move|p1a: Suicune|Rest|p1a: Suicune
|-status|p1a: Suicune|slp|[from] move: Rest
|-heal|p1a: Suicune|100/100 slp|[silent]
|
|upkeep
|turn|26
|
|t:|1758314414
|switch|p2a: Alomomola|Alomomola, M|62/100 brn
|cant|p1a: Suicune|slp
|move|p1a: Suicune|Sleep Talk|p1a: Suicune
|move|p1a: Suicune|Calm Mind|p1a: Suicune|[from] move: Sleep Talk
|-boost|p1a: Suicune|spa|0
|-boost|p1a: Suicune|spd|0
|
|-damage|p2a: Alomomola|56/100 brn|[from] brn
|-end|p1a: Suicune|Throat Chop|[silent]
|upkeep
|turn|27
|
|t:|1758314418
|cant|p1a: Suicune|slp
|move|p1a: Suicune|Sleep Talk|p1a: Suicune
|move|p1a: Suicune|Scald|p2a: Alomomola|[from] move: Sleep Talk
|-resisted|p2a: Alomomola
|-damage|p2a: Alomomola|30/100 brn
|move|p2a: Alomomola|Flip Turn|p1a: Suicune
|-resisted|p1a: Suicune
|-damage|p1a: Suicune|98/100 slp
|
|t:|1758314422
|switch|p2a: Cinderace|Cinderace, F|100/100|[from] Flip Turn
|
|upkeep
|turn|28
|
|t:|1758314427
|move|p2a: Cinderace|U-turn|p1a: Suicune
|-damage|p1a: Suicune|86/100 slp
|
|t:|1758314430
|switch|p2a: Slowking|Slowking-Galar, M|100/100|[from] U-turn
|-curestatus|p1a: Suicune|slp|[msg]
|move|p1a: Suicune|Scald|p2a: Slowking
|-damage|p2a: Slowking|25/100
|
|upkeep
|turn|29
|
|t:|1758314438
|move|p1a: Suicune|Scald|p2a: Slowking
|-damage|p2a: Slowking|0 fnt
|faint|p2a: Slowking
|
|upkeep
|
|t:|1758314440
|switch|p2a: Alomomola|Alomomola, M|63/100 brn
|turn|30
|
|t:|1758314445
|move|p1a: Suicune|Calm Mind|p1a: Suicune
|-boost|p1a: Suicune|spa|0
|-boost|p1a: Suicune|spd|0
|move|p2a: Alomomola|Flip Turn|p1a: Suicune
|-resisted|p1a: Suicune
|-damage|p1a: Suicune|84/100
|
|t:|1758314447
|switch|p2a: Cinderace|Cinderace, F|100/100|[from] Flip Turn
|
|upkeep
|turn|31
|
|t:|1758314450
|move|p2a: Cinderace|U-turn|p1a: Suicune
|-crit|p1a: Suicune
|-damage|p1a: Suicune|67/100
|
|t:|1758314453
|switch|p2a: Alomomola|Alomomola, M|96/100 brn|[from] U-turn
|move|p1a: Suicune|Scald|p2a: Alomomola
|-resisted|p2a: Alomomola
|-damage|p2a: Alomomola|73/100 brn
|
|-damage|p2a: Alomomola|67/100 brn|[from] brn
|upkeep
|turn|32
|
|t:|1758314456
|move|p1a: Suicune|Calm Mind|p1a: Suicune
|-boost|p1a: Suicune|spa|0
|-boost|p1a: Suicune|spd|0
|move|p2a: Alomomola|Mirror Coat||[still]
|-fail|p2a: Alomomola
|
|-damage|p2a: Alomomola|61/100 brn|[from] brn
|upkeep
|turn|33
|
|t:|1758314459
|move|p1a: Suicune|Calm Mind|p1a: Suicune
|-boost|p1a: Suicune|spa|0
|-boost|p1a: Suicune|spd|0
|move|p2a: Alomomola|Flip Turn|p1a: Suicune
|-resisted|p1a: Suicune
|-damage|p1a: Suicune|65/100
|
|t:|1758314461
|switch|p2a: Cinderace|Cinderace, F|100/100|[from] Flip Turn
|
|upkeep
|turn|34
|
|t:|1758314464
|move|p2a: Cinderace|U-turn|p1a: Suicune
|-damage|p1a: Suicune|52/100
|
|t:|1758314468
|switch|p2a: Alomomola|Alomomola, M|94/100 brn|[from] U-turn
|move|p1a: Suicune|Calm Mind|p1a: Suicune
|-boost|p1a: Suicune|spa|0
|-boost|p1a: Suicune|spd|0
|
|-damage|p2a: Alomomola|88/100 brn|[from] brn
|upkeep
|turn|35
|
|t:|1758314474
|move|p1a: Suicune|Calm Mind|p1a: Suicune
|-boost|p1a: Suicune|spa|0
|-boost|p1a: Suicune|spd|0
|move|p2a: Alomomola|Flip Turn|p1a: Suicune
|-resisted|p1a: Suicune
|-damage|p1a: Suicune|50/100
|
|t:|1758314480
|switch|p2a: Cinderace|Cinderace, F|100/100|[from] Flip Turn
|
|upkeep
|turn|36
|
|t:|1758314486
|move|p2a: Cinderace|High Jump Kick|p1a: Suicune
|-damage|p1a: Suicune|25/100
|move|p1a: Suicune|Calm Mind|p1a: Suicune
|-boost|p1a: Suicune|spa|0
|-boost|p1a: Suicune|spd|0
|
|upkeep
|turn|37
|
|t:|1758314494
|move|p2a: Cinderace|High Jump Kick|p1a: Suicune
|-damage|p1a: Suicune|2/100
|move|p1a: Suicune|Rest|p1a: Suicune
|-status|p1a: Suicune|slp|[from] move: Rest
|-heal|p1a: Suicune|100/100 slp|[silent]
|
|upkeep
|turn|38
|
|t:|1758314498
|move|p2a: Cinderace|U-turn|p1a: Suicune
|-damage|p1a: Suicune|88/100 slp
|
|t:|1758314500
|switch|p2a: Alomomola|Alomomola, M|100/100 brn|[from] U-turn
|cant|p1a: Suicune|slp
|move|p1a: Suicune|Sleep Talk|p1a: Suicune
|move|p1a: Suicune|Rest||[from] move: Sleep Talk|[still]
|-fail|p1a: Suicune
|
|-damage|p2a: Alomomola|94/100 brn|[from] brn
|upkeep
|turn|39
|
|t:|1758314511
|cant|p1a: Suicune|slp
|move|p2a: Alomomola|Mirror Coat||[still]
|-fail|p2a: Alomomola
|
|-damage|p2a: Alomomola|88/100 brn|[from] brn
|upkeep
|turn|40
|
|t:|1758314523
|-curestatus|p1a: Suicune|slp|[msg]
|move|p1a: Suicune|Calm Mind|p1a: Suicune
|-boost|p1a: Suicune|spa|0
|-boost|p1a: Suicune|spd|0
|move|p2a: Alomomola|Flip Turn|p1a: Suicune
|-resisted|p1a: Suicune
|-damage|p1a: Suicune|86/100
|
|t:|1758314528
|switch|p2a: Cinderace|Cinderace, F|100/100|[from] Flip Turn
|
|upkeep
|turn|41
|
|t:|1758314531
|move|p2a: Cinderace|U-turn|p1a: Suicune
|-damage|p1a: Suicune|73/100
|
|t:|1758314535
|switch|p2a: Alomomola|Alomomola, M|100/100 brn|[from] U-turn
|move|p1a: Suicune|Calm Mind|p1a: Suicune
|-boost|p1a: Suicune|spa|0
|-boost|p1a: Suicune|spd|0
|
|-damage|p2a: Alomomola|94/100 brn|[from] brn
|upkeep
|turn|42
|
|t:|1758314545
|move|p1a: Suicune|Calm Mind|p1a: Suicune
|-boost|p1a: Suicune|spa|0
|-boost|p1a: Suicune|spd|0
|move|p2a: Alomomola|Body Slam|p1a: Suicune
|-damage|p1a: Suicune|68/100
|
|-damage|p2a: Alomomola|88/100 brn|[from] brn
|upkeep
|turn|43
|
|t:|1758314556
|move|p1a: Suicune|Calm Mind|p1a: Suicune
|-boost|p1a: Suicune|spa|0
|-boost|p1a: Suicune|spd|0
|move|p2a: Alomomola|Flip Turn|p1a: Suicune
|-resisted|p1a: Suicune
|-damage|p1a: Suicune|66/100
|
|t:|1758314558
|switch|p2a: Cinderace|Cinderace, F|100/100|[from] Flip Turn
|
|upkeep
|turn|44
|
|t:|1758314562
|move|p2a: Cinderace|U-turn|p1a: Suicune
|-damage|p1a: Suicune|55/100
|
|t:|1758314564
|switch|p2a: Alomomola|Alomomola, M|100/100 brn|[from] U-turn
|move|p1a: Suicune|Calm Mind|p1a: Suicune
|-boost|p1a: Suicune|spa|0
|-boost|p1a: Suicune|spd|0
|
|-damage|p2a: Alomomola|94/100 brn|[from] brn
|upkeep
|turn|45
|
|t:|1758314575
|move|p1a: Suicune|Calm Mind|p1a: Suicune
|-boost|p1a: Suicune|spa|0
|-boost|p1a: Suicune|spd|0
|move|p2a: Alomomola|Flip Turn|p1a: Suicune
|-resisted|p1a: Suicune
|-damage|p1a: Suicune|52/100
|
|t:|1758314577
|switch|p2a: Cinderace|Cinderace, F|100/100|[from] Flip Turn
|
|upkeep
|turn|46
|
|t:|1758314582
|move|p2a: Cinderace|High Jump Kick|p1a: Suicune
|-damage|p1a: Suicune|30/100
|move|p1a: Suicune|Calm Mind|p1a: Suicune
|-boost|p1a: Suicune|spa|0
|-boost|p1a: Suicune|spd|0
|
|upkeep
|turn|47
|
|t:|1758314595
|move|p2a: Cinderace|High Jump Kick|p1a: Suicune
|-damage|p1a: Suicune|6/100
|move|p1a: Suicune|Rest|p1a: Suicune
|-status|p1a: Suicune|slp|[from] move: Rest
|-heal|p1a: Suicune|100/100 slp|[silent]
|
|upkeep
|turn|48
|inactive|teamskullenoxa has 120 seconds left.
|
|t:|1758314630
|switch|p2a: Alomomola|Alomomola, M|100/100 brn
|cant|p1a: Suicune|slp
|move|p1a: Suicune|Sleep Talk|p1a: Suicune
|move|p1a: Suicune|Calm Mind|p1a: Suicune|[from] move: Sleep Talk
|-boost|p1a: Suicune|spa|0
|-boost|p1a: Suicune|spd|0
|
|-damage|p2a: Alomomola|94/100 brn|[from] brn
|upkeep
|turn|49
|inactive|teamskullenoxa has 120 seconds left.
|
|t:|1758314648
|cant|p1a: Suicune|slp
|move|p2a: Alomomola|Mirror Coat||[still]
|-fail|p2a: Alomomola
|
|-damage|p2a: Alomomola|88/100 brn|[from] brn
|upkeep
|turn|50
|
|t:|1758314656
|-curestatus|p1a: Suicune|slp|[msg]
|move|p1a: Suicune|Scald|p2a: Alomomola
|-resisted|p2a: Alomomola
|-damage|p2a: Alomomola|62/100 brn
|move|p2a: Alomomola|Flip Turn|p1a: Suicune
|-resisted|p1a: Suicune
|-damage|p1a: Suicune|98/100
|
|t:|1758314662
|switch|p2a: Cinderace|Cinderace, F|100/100|[from] Flip Turn
|
|upkeep
|turn|51
|
|t:|1758314668
|move|p2a: Cinderace|U-turn|p1a: Suicune
|-damage|p1a: Suicune|86/100
|
|t:|1758314673
|switch|p2a: Alomomola|Alomomola, M|95/100 brn|[from] U-turn
|move|p1a: Suicune|Calm Mind|p1a: Suicune
|-boost|p1a: Suicune|spa|0
|-boost|p1a: Suicune|spd|0
|
|-damage|p2a: Alomomola|89/100 brn|[from] brn
|upkeep
|turn|52
|
|t:|1758314678
|move|p1a: Suicune|Calm Mind|p1a: Suicune
|-boost|p1a: Suicune|spa|0
|-boost|p1a: Suicune|spd|0
|move|p2a: Alomomola|Mirror Coat||[still]
|-fail|p2a: Alomomola
|
|-damage|p2a: Alomomola|83/100 brn|[from] brn
|upkeep
|turn|53
|
|t:|1758314681
|move|p1a: Suicune|Calm Mind|p1a: Suicune
|-boost|p1a: Suicune|spa|0
|-boost|p1a: Suicune|spd|0
|move|p2a: Alomomola|Flip Turn|p1a: Suicune
|-resisted|p1a: Suicune
|-damage|p1a: Suicune|83/100
|
|t:|1758314685
|switch|p2a: Weavile|Weavile, F|100/100|[from] Flip Turn
|-ability|p2a: Weavile|Pressure
|
|upkeep
|turn|54
|
|t:|1758314691
|switch|p2a: Alomomola|Alomomola, M|100/100 brn
|move|p1a: Suicune|Calm Mind|p1a: Suicune
|-boost|p1a: Suicune|spa|0
|-boost|p1a: Suicune|spd|0
|
|-damage|p2a: Alomomola|94/100 brn|[from] brn
|upkeep
|turn|55
|
|t:|1758314699
|move|p1a: Suicune|Scald|p2a: Alomomola
|-resisted|p2a: Alomomola
|-damage|p2a: Alomomola|68/100 brn
|move|p2a: Alomomola|Flip Turn|p1a: Suicune
|-resisted|p1a: Suicune
|-damage|p1a: Suicune|81/100
|
|t:|1758314701
|switch|p2a: Weavile|Weavile, F|100/100|[from] Flip Turn
|-ability|p2a: Weavile|Pressure
|
|upkeep
|turn|56
|
|t:|1758314708
|switch|p2a: Alomomola|Alomomola, M|100/100 brn
|move|p1a: Suicune|Calm Mind|p1a: Suicune
|-boost|p1a: Suicune|spa|0
|-boost|p1a: Suicune|spd|0
|
|-damage|p2a: Alomomola|94/100 brn|[from] brn
|upkeep
|turn|57
|
|t:|1758314719
|move|p1a: Suicune|Rest|p1a: Suicune
|-status|p1a: Suicune|slp|[from] move: Rest
|-heal|p1a: Suicune|100/100 slp|[silent]
|move|p2a: Alomomola|Mirror Coat||[still]
|-fail|p2a: Alomomola
|
|-damage|p2a: Alomomola|88/100 brn|[from] brn
|upkeep
|turn|58
|
|t:|1758314723
|switch|p2a: Weavile|Weavile, F|100/100
|-ability|p2a: Weavile|Pressure
|cant|p1a: Suicune|slp
|
|upkeep
|turn|59
|
|t:|1758314729
|move|p2a: Weavile|Throat Chop|p1a: Suicune
|-damage|p1a: Suicune|68/100 slp
|-start|p1a: Suicune|Throat Chop|[silent]
|cant|p1a: Suicune|slp
|move|p1a: Suicune|Sleep Talk|p1a: Suicune
|move|p1a: Suicune|Rest||[from] move: Sleep Talk|[still]
|-fail|p1a: Suicune
|
|upkeep
|turn|60
|
|t:|1758314747
|switch|p2a: Alomomola|Alomomola, M|100/100 brn
|-curestatus|p1a: Suicune|slp|[msg]
|move|p1a: Suicune|Calm Mind|p1a: Suicune
|-boost|p1a: Suicune|spa|0
|-boost|p1a: Suicune|spd|0
|
|-damage|p2a: Alomomola|94/100 brn|[from] brn
|-end|p1a: Suicune|Throat Chop|[silent]
|upkeep
|turn|61
|
|t:|1758314761
|move|p1a: Suicune|Calm Mind|p1a: Suicune
|-boost|p1a: Suicune|spa|0
|-boost|p1a: Suicune|spd|0
|move|p2a: Alomomola|Body Slam|p1a: Suicune
|-damage|p1a: Suicune|64/100
|-status|p1a: Suicune|par
|
|-damage|p2a: Alomomola|88/100 brn|[from] brn
|upkeep
|turn|62
|
|t:|1758314766
|move|p2a: Alomomola|Flip Turn|p1a: Suicune
|-resisted|p1a: Suicune
|-damage|p1a: Suicune|62/100 par
|
|t:|1758314768
|switch|p2a: Weavile|Weavile, F|100/100|[from] Flip Turn
|-ability|p2a: Weavile|Pressure
|move|p1a: Suicune|Rest|p1a: Suicune
|-status|p1a: Suicune|slp|[from] move: Rest
|-heal|p1a: Suicune|100/100 slp|[silent]
|
|upkeep
|turn|63
|
|t:|1758314795
|switch|p2a: Alomomola|Alomomola, M|100/100 brn
|cant|p1a: Suicune|slp
|move|p1a: Suicune|Sleep Talk|p1a: Suicune
|move|p1a: Suicune|Rest||[from] move: Sleep Talk|[still]
|-fail|p1a: Suicune
|
|-damage|p2a: Alomomola|94/100 brn|[from] brn
|upkeep
|turn|64
|
|t:|1758314808
|cant|p1a: Suicune|slp
|move|p2a: Alomomola|Body Slam|p1a: Suicune
|-damage|p1a: Suicune|97/100 slp
|
|-damage|p2a: Alomomola|88/100 brn|[from] brn
|upkeep
|turn|65
|
|t:|1758314817
|-curestatus|p1a: Suicune|slp|[msg]
|move|p1a: Suicune|Calm Mind|p1a: Suicune
|-boost|p1a: Suicune|spa|0
|-boost|p1a: Suicune|spd|0
|move|p2a: Alomomola|Body Slam|p1a: Suicune
|-damage|p1a: Suicune|92/100
|-status|p1a: Suicune|par
|
|-damage|p2a: Alomomola|82/100 brn|[from] brn
|upkeep
|turn|66
|
|t:|1758314826
|move|p2a: Alomomola|Body Slam|p1a: Suicune
|-damage|p1a: Suicune|87/100 par
|cant|p1a: Suicune|par
|
|-damage|p2a: Alomomola|76/100 brn|[from] brn
|upkeep
|turn|67
|
|t:|1758314833
|move|p2a: Alomomola|Aqua Jet|p1a: Suicune
|-resisted|p1a: Suicune
|-crit|p1a: Suicune
|-damage|p1a: Suicune|85/100 par
|move|p1a: Suicune|Calm Mind|p1a: Suicune
|-boost|p1a: Suicune|spa|0
|-boost|p1a: Suicune|spd|0
|
|-damage|p2a: Alomomola|70/100 brn|[from] brn
|upkeep
|turn|68
|
|t:|1758314837
|move|p2a: Alomomola|Aqua Jet|p1a: Suicune
|-resisted|p1a: Suicune
|-damage|p1a: Suicune|84/100 par
|move|p1a: Suicune|Sleep Talk||[still]
|-fail|p1a: Suicune
|
|-damage|p2a: Alomomola|63/100 brn|[from] brn
|upkeep
|turn|69
|
|t:|1758314843
|cant|p1a: Suicune|par
|move|p2a: Alomomola|Mirror Coat||[still]
|-fail|p2a: Alomomola
|
|-damage|p2a: Alomomola|57/100 brn|[from] brn
|upkeep
|turn|70
|
|t:|1758314867
|cant|p1a: Suicune|par
|move|p2a: Alomomola|Mirror Coat||[still]
|-fail|p2a: Alomomola
|
|-damage|p2a: Alomomola|51/100 brn|[from] brn
|upkeep
|turn|71
|
|t:|1758314874
|switch|p2a: Weavile|Weavile, F|100/100
|-ability|p2a: Weavile|Pressure
|cant|p1a: Suicune|par
|
|upkeep
|turn|72
|
|t:|1758314891
|move|p2a: Weavile|Throat Chop|p1a: Suicune
|-damage|p1a: Suicune|51/100 par
|-start|p1a: Suicune|Throat Chop|[silent]
|move|p1a: Suicune|Scald|p2a: Weavile
|-damage|p2a: Weavile|0 fnt
|faint|p2a: Weavile
|
|upkeep
|
|t:|1758314896
|switch|p2a: Cinderace|Cinderace, F|100/100
|turn|73
|
|t:|1758314900
|move|p2a: Cinderace|High Jump Kick|p1a: Suicune|[miss]
|-miss|p2a: Cinderace|p1a: Suicune
|-damage|p2a: Cinderace|51/100|[from] highjumpkick
|move|p1a: Suicune|Rest|p1a: Suicune
|-status|p1a: Suicune|slp|[from] move: Rest
|-heal|p1a: Suicune|100/100 slp|[silent]
|
|-end|p1a: Suicune|Throat Chop|[silent]
|upkeep
|turn|74
|
|t:|1758314908
|move|p2a: Cinderace|U-turn|p1a: Suicune
|-damage|p1a: Suicune|89/100 slp
|
|t:|1758314910
|switch|p2a: Alomomola|Alomomola, M|84/100 brn|[from] U-turn
|cant|p1a: Suicune|slp
|move|p1a: Suicune|Sleep Talk|p1a: Suicune
|move|p1a: Suicune|Scald|p2a: Alomomola|[from] move: Sleep Talk
|-resisted|p2a: Alomomola
|-damage|p2a: Alomomola|61/100 brn
|
|-damage|p2a: Alomomola|55/100 brn|[from] brn
|upkeep
|turn|75
|
|t:|1758314920
|cant|p1a: Suicune|slp
|move|p2a: Alomomola|Body Slam|p1a: Suicune
|-damage|p1a: Suicune|84/100 slp
|
|-damage|p2a: Alomomola|49/100 brn|[from] brn
|upkeep
|turn|76
|
|t:|1758314928
|-curestatus|p1a: Suicune|slp|[msg]
|move|p1a: Suicune|Calm Mind|p1a: Suicune
|-boost|p1a: Suicune|spa|0
|-boost|p1a: Suicune|spd|0
|move|p2a: Alomomola|Mirror Coat||[still]
|-fail|p2a: Alomomola
|
|-damage|p2a: Alomomola|43/100 brn|[from] brn
|upkeep
|turn|77
|
|t:|1758314938
|move|p1a: Suicune|Scald|p2a: Alomomola
|-resisted|p2a: Alomomola
|-damage|p2a: Alomomola|16/100 brn
|move|p2a: Alomomola|Body Slam|p1a: Suicune
|-damage|p1a: Suicune|80/100
|
|-damage|p2a: Alomomola|10/100 brn|[from] brn
|upkeep
|turn|78
|
|t:|1758314945
|move|p1a: Suicune|Scald|p2a: Alomomola
|-resisted|p2a: Alomomola
|-damage|p2a: Alomomola|0 fnt
|faint|p2a: Alomomola
|
|upkeep
|
|t:|1758314948
|switch|p2a: Cinderace|Cinderace, F|51/100
|turn|79
|
|t:|1758314952
|move|p2a: Cinderace|High Jump Kick|p1a: Suicune
|-damage|p1a: Suicune|58/100
|move|p1a: Suicune|Scald|p2a: Cinderace
|-supereffective|p2a: Cinderace
|-damage|p2a: Cinderace|0 fnt
|faint|p2a: Cinderace
|
|upkeep
|
|t:|1758314955
|switch|p2a: Enamorus|Enamorus, F|100/100
|turn|80
|
|t:|1758314957
|-terastallize|p2a: Enamorus|Stellar
|move|p2a: Enamorus|Tera Blast|p1a: Suicune|[anim] Tera Blast Stellar
|-damage|p1a: Suicune|49/100
|-boost|p2a: Enamorus|atk|1
|-boost|p2a: Enamorus|spa|1
|move|p1a: Suicune|Scald|p2a: Enamorus
|-damage|p2a: Enamorus|0 fnt
|faint|p2a: Enamorus
|
|win|norca152
|raw|norca152's rating: 1499 &rarr; <strong>1521</strong><br />(+22 for winning)
|raw|teamskullenoxa's rating: 1531 &rarr; <strong>1509</strong><br />(-22 for losing)
|l|☆norca152
|player|p1|
