|j|☆976-EVILL
|j|☆rulorules2
|t:|1758329793
|gametype|singles
|player|p1|976-EVILL|cynthia|1388
|player|p2|rulorules2|red|1385
|gen|9
|tier|[Gen 9] OU
|rated|
|rule|HP Percentage Mod: HP is shown in percentages
|rule|Endless Battle Clause: Forcing endless battles is banned
|rule|Species Clause: Limit one of each Pokémon
|rule|OHKO Clause: OHKO moves are banned
|rule|Evasion Items Clause: Evasion items are banned
|rule|Evasion Moves Clause: Evasion moves are banned
|rule|Evasion Abilities Clause: Evasion abilities are banned
|rule|Sleep Moves Clause: Sleep-inducing moves are banned
|clearpoke
|poke|p1|Cinderace, M|
|poke|p1|Volcanion|
|poke|p1|Torkoal, M|
|poke|p1|Mandibuzz, F|
|poke|p1|Great Tusk|
|poke|p1|Fezandipiti, M|
|poke|p2|Zamazenta-*|
|poke|p2|Breloom, M|
|poke|p2|Great Tusk|
|poke|p2|Kingambit, M|
|poke|p2|Gholdengo|
|poke|p2|Garganacl, F|
|teampreview
|inactive|Battle timer is ON: inactive players will automatically lose when time's up. (requested by 976-EVILL)
|
|t:|1758329819
|teamsize|p1|6
|teamsize|p2|6
|start
|switch|p1a: Torkoal|Torkoal, M, shiny|100/100
|switch|p2a: Garganacl|Garganacl, F|100/100
|-weather|SunnyDay|[from] ability: Drought|[of] p1a: Torkoal
|turn|1
|
|t:|1758329827
|move|p2a: Garganacl|Salt Cure|p1a: Torkoal
|-supereffective|p1a: Torkoal
|-damage|p1a: Torkoal|82/100
|-start|p1a: Torkoal|Salt Cure
|move|p1a: Torkoal|Stealth Rock|p2a: Garganacl
|-sidestart|p2: rulorules2|move: Stealth Rock
|
|-weather|SunnyDay|[upkeep]
|-damage|p1a: Torkoal|69/100|[from] Salt Cure
|upkeep
|turn|2
|
|t:|1758329834
|switch|p1a: Volcanion|Volcanion|100/100
|move|p2a: Garganacl|Protect||[still]
|-fail|p2a: Garganacl
|
|-weather|SunnyDay|[upkeep]
|upkeep
|turn|3
|
|t:|1758329852
|-terastallize|p2a: Garganacl|Water
|move|p1a: Volcanion|Steam Eruption|p2a: Garganacl|[miss]
|-miss|p1a: Volcanion|p2a: Garganacl
|move|p2a: Garganacl|Salt Cure|p1a: Volcanion
|-supereffective|p1a: Volcanion
|-damage|p1a: Volcanion|76/100
|-start|p1a: Volcanion|Salt Cure
|
|-weather|SunnyDay|[upkeep]
|-damage|p1a: Volcanion|52/100|[from] Salt Cure
|upkeep
|turn|4
|
|t:|1758329864
|switch|p1a: Great Tusk|Great Tusk, shiny|100/100
|-activate|p1a: Great Tusk|ability: Protosynthesis
|-start|p1a: Great Tusk|protosynthesisatk
|move|p2a: Garganacl|Stealth Rock|p1a: Great Tusk
|-sidestart|p1: 976-EVILL|move: Stealth Rock
|
|-weather|SunnyDay|[upkeep]
|upkeep
|turn|5
|
|t:|1758329869
|move|p2a: Garganacl|Protect|p2a: Garganacl
|-singleturn|p2a: Garganacl|Protect
|move|p1a: Great Tusk|Headlong Rush|p2a: Garganacl
|-activate|p2a: Garganacl|move: Protect
|
|-weather|SunnyDay|[upkeep]
|upkeep
|turn|6
|
|t:|1758329877
|switch|p2a: Zamazenta|Zamazenta|100/100
|-damage|p2a: Zamazenta|94/100|[from] Stealth Rock
|-ability|p2a: Zamazenta|Dauntless Shield|boost
|-boost|p2a: Zamazenta|def|1
|move|p1a: Great Tusk|Headlong Rush|p2a: Zamazenta
|-damage|p2a: Zamazenta|55/100
|-unboost|p1a: Great Tusk|def|1
|-unboost|p1a: Great Tusk|spd|1
|
|-weather|SunnyDay|[upkeep]
|-heal|p2a: Zamazenta|62/100|[from] item: Leftovers
|upkeep
|turn|7
|
|t:|1758329888
|-end|p1a: Great Tusk|Protosynthesis|[silent]
|switch|p1a: Fezandipiti|Fezandipiti, M|100/100
|-damage|p1a: Fezandipiti|88/100|[from] Stealth Rock
|move|p2a: Zamazenta|Iron Defense|p2a: Zamazenta
|-boost|p2a: Zamazenta|def|2
|
|-weather|SunnyDay|[upkeep]
|-heal|p2a: Zamazenta|68/100|[from] item: Leftovers
|-heal|p1a: Fezandipiti|94/100|[from] item: Leftovers
|upkeep
|turn|8
|
|t:|1758329895
|move|p2a: Zamazenta|Heavy Slam|p1a: Fezandipiti
|-supereffective|p1a: Fezandipiti
|-damage|p1a: Fezandipiti|29/100
|move|p1a: Fezandipiti|Moonblast|p2a: Zamazenta
|-supereffective|p2a: Zamazenta
|-damage|p2a: Zamazenta|9/100
|-unboost|p2a: Zamazenta|spa|1
|
|-weather|none
|-heal|p2a: Zamazenta|15/100|[from] item: Leftovers
|-heal|p1a: Fezandipiti|35/100|[from] item: Leftovers
|upkeep
|turn|9
|
|t:|1758329901
|switch|p1a: Mandibuzz|Mandibuzz, F, shiny|100/100
|-damage|p1a: Mandibuzz|76/100|[from] Stealth Rock
|move|p2a: Zamazenta|Heavy Slam|p1a: Mandibuzz
|-damage|p1a: Mandibuzz|58/100
|-damage|p2a: Zamazenta|0 fnt|[from] item: Rocky Helmet|[of] p1a: Mandibuzz
|faint|p2a: Zamazenta
|
|upkeep
|
|t:|1758329913
|switch|p2a: Garganacl|Garganacl, F, tera:Water|100/100
|-damage|p2a: Garganacl|88/100|[from] Stealth Rock
|turn|10
|
|t:|1758329929
|move|p1a: Mandibuzz|Defog|p2a: Garganacl
|-unboost|p2a: Garganacl|evasion|1
|-sideend|p2: rulorules2|Stealth Rock|[from] move: Defog|[of] p1a: Mandibuzz
|-sideend|p1: 976-EVILL|Stealth Rock|[from] move: Defog|[of] p1a: Mandibuzz
|move|p2a: Garganacl|Salt Cure|p1a: Mandibuzz
|-supereffective|p1a: Mandibuzz
|-damage|p1a: Mandibuzz|41/100
|-start|p1a: Mandibuzz|Salt Cure
|
|-heal|p2a: Garganacl|94/100|[from] item: Leftovers
|-damage|p1a: Mandibuzz|29/100|[from] Salt Cure
|upkeep
|turn|11
|
|t:|1758329937
|switch|p1a: Torkoal|Torkoal, M, shiny|69/100
|-weather|SunnyDay|[from] ability: Drought|[of] p1a: Torkoal
|move|p2a: Garganacl|Stealth Rock|p1a: Torkoal
|-sidestart|p1: 976-EVILL|move: Stealth Rock
|
|-weather|SunnyDay|[upkeep]
|-heal|p2a: Garganacl|100/100|[from] item: Leftovers
|upkeep
|turn|12
|
|t:|1758329941
|move|p2a: Garganacl|Salt Cure|p1a: Torkoal
|-supereffective|p1a: Torkoal
|-damage|p1a: Torkoal|51/100
|-start|p1a: Torkoal|Salt Cure
|move|p1a: Torkoal|Rapid Spin|p2a: Garganacl
|-damage|p2a: Garganacl|96/100
|-boost|p1a: Torkoal|spe|1
|-sideend|p1: 976-EVILL|Stealth Rock|[from] move: Rapid Spin|[of] p1a: Torkoal
|
|-weather|SunnyDay|[upkeep]
|-heal|p2a: Garganacl|100/100|[from] item: Leftovers
|-damage|p1a: Torkoal|38/100|[from] Salt Cure
|upkeep
|turn|13
|
|t:|1758329947
|switch|p1a: Volcanion|Volcanion|52/100
|move|p2a: Garganacl|Stealth Rock|p1a: Volcanion
|-sidestart|p1: 976-EVILL|move: Stealth Rock
|
|-weather|SunnyDay|[upkeep]
|upkeep
|turn|14
|
|t:|1758329952
|move|p1a: Volcanion|Solar Beam||[still]
|-prepare|p1a: Volcanion|Solar Beam
|-anim|p1a: Volcanion|Solar Beam|p2a: Garganacl
|-supereffective|p2a: Garganacl
|-damage|p2a: Garganacl|0 fnt
|faint|p2a: Garganacl
|
|-weather|SunnyDay|[upkeep]
|upkeep
|
|t:|1758329962
|switch|p2a: Great Tusk|Great Tusk|100/100
|-activate|p2a: Great Tusk|ability: Protosynthesis
|-start|p2a: Great Tusk|protosynthesisatk
|turn|15
|
|t:|1758329974
|switch|p1a: Fezandipiti|Fezandipiti, M|35/100
|-damage|p1a: Fezandipiti|23/100|[from] Stealth Rock
|move|p2a: Great Tusk|Close Combat|p1a: Fezandipiti
|-resisted|p1a: Fezandipiti
|-damage|p1a: Fezandipiti|0 fnt
|-unboost|p2a: Great Tusk|def|1
|-unboost|p2a: Great Tusk|spd|1
|faint|p1a: Fezandipiti
|
|-weather|SunnyDay|[upkeep]
|upkeep
|
|t:|1758329987
|switch|p1a: Great Tusk|Great Tusk, shiny|100/100
|-damage|p1a: Great Tusk|98/100|[from] Stealth Rock
|-activate|p1a: Great Tusk|ability: Protosynthesis
|-start|p1a: Great Tusk|protosynthesisatk
|turn|16
|
|t:|1758330001
|-end|p2a: Great Tusk|Protosynthesis|[silent]
|switch|p2a: Breloom|Breloom, M|100/100
|move|p1a: Great Tusk|Headlong Rush|p2a: Breloom
|-resisted|p2a: Breloom
|-damage|p2a: Breloom|32/100
|-unboost|p1a: Great Tusk|def|1
|-unboost|p1a: Great Tusk|spd|1
|
|-weather|SunnyDay|[upkeep]
|upkeep
|turn|17
|
|t:|1758330007
|move|p2a: Breloom|Mach Punch|p1a: Great Tusk
|-damage|p1a: Great Tusk|40/100
|move|p1a: Great Tusk|Headlong Rush|p2a: Breloom
|-resisted|p2a: Breloom
|-damage|p2a: Breloom|0 fnt
|-unboost|p1a: Great Tusk|def|1
|-unboost|p1a: Great Tusk|spd|1
|faint|p2a: Breloom
|
|-weather|SunnyDay|[upkeep]
|upkeep
|
|t:|1758330011
|switch|p2a: Gholdengo|Gholdengo|100/100
|turn|18
|
|t:|1758330015
|move|p2a: Gholdengo|Shadow Ball|p1a: Great Tusk
|-damage|p1a: Great Tusk|0 fnt
|faint|p1a: Great Tusk
|-end|p1a: Great Tusk|Protosynthesis|[silent]
|
|-weather|none
|upkeep
|
|t:|1758330037
|switch|p1a: Torkoal|Torkoal, M, shiny|38/100
|-damage|p1a: Torkoal|13/100|[from] Stealth Rock
|-weather|SunnyDay|[from] ability: Drought|[of] p1a: Torkoal
|turn|19
|
|t:|1758330041
|move|p2a: Gholdengo|Shadow Ball|p1a: Torkoal
|-damage|p1a: Torkoal|0 fnt
|faint|p1a: Torkoal
|
|-weather|SunnyDay|[upkeep]
|upkeep
|
|t:|1758330046
|switch|p1a: Cinderace|Cinderace, M|100/100
|-damage|p1a: Cinderace|76/100|[from] Stealth Rock
|turn|20
|
|t:|1758330051
|move|p2a: Gholdengo|Shadow Ball|p1a: Cinderace
|-damage|p1a: Cinderace|9/100
|move|p1a: Cinderace|Pyro Ball|p2a: Gholdengo
|-supereffective|p2a: Gholdengo
|-damage|p2a: Gholdengo|0 fnt
|faint|p2a: Gholdengo
|
|-weather|SunnyDay|[upkeep]
|upkeep
|
|t:|1758330064
|switch|p2a: Kingambit|Kingambit, M|100/100
|-activate|p2a: Kingambit|ability: Supreme Overlord
|-start|p2a: Kingambit|fallen4|[silent]
|turn|21
|
|t:|1758330076
|move|p2a: Kingambit|Sucker Punch|p1a: Cinderace
|-damage|p1a: Cinderace|0 fnt
|faint|p1a: Cinderace
|
|-weather|SunnyDay|[upkeep]
|upkeep
|
|t:|1758330080
|switch|p1a: Mandibuzz|Mandibuzz, F, shiny|29/100
|-damage|p1a: Mandibuzz|4/100|[from] Stealth Rock
|turn|22
|-message|976-EVILL forfeited.
|
|win|rulorules2
|raw|976-EVILL's rating: 1388 &rarr; <strong>1368</strong><br />(-20 for losing)
|raw|rulorules2's rating: 1385 &rarr; <strong>1405</strong><br />(+20 for winning)
|l|☆976-EVILL
|player|p1|
|l|☆rulorules2
|player|p2|
