|j|☆ddnsyde
|j|☆owlbearmancer
|t:|1758254854
|gametype|singles
|player|p1|ddnsyde|rocketgrunt|1208
|player|p2|owlbearmancer|1|1204
|gen|9
|tier|[Gen 9] OU
|rated|
|rule|HP Percentage Mod: HP is shown in percentages
|rule|Endless Battle Clause: Forcing endless battles is banned
|rule|Species Clause: Limit one of each Pokémon
|rule|OHKO Clause: OHKO moves are banned
|rule|Evasion Items Clause: Evasion items are banned
|rule|Evasion Moves Clause: Evasion moves are banned
|rule|Evasion Abilities Clause: Evasion abilities are banned
|rule|Sleep Moves Clause: Sleep-inducing moves are banned
|clearpoke
|poke|p1|Indeedee, M|
|poke|p1|Forretress, M|
|poke|p1|Polteageist|
|poke|p1|Metagross|
|poke|p1|Rillaboom, F|
|poke|p1|Quaquaval, F|
|poke|p2|Dragonite, M|
|poke|p2|Iron Crown|
|poke|p2|Hatterene, F|
|poke|p2|Garganacl, M|
|poke|p2|Pecharunt|
|poke|p2|Moltres|
|teampreview
|
|t:|1758254866
|teamsize|p1|6
|teamsize|p2|6
|start
|switch|p1a: Indeedee|Indeedee, M|100/100
|switch|p2a: Iron Crown|Iron Crown|100/100
|-fieldstart|move: Psychic Terrain|[from] ability: Psychic Surge|[of] p1a: Indeedee
|turn|1
|
|t:|1758254878
|move|p2a: Iron Crown|Tachyon Cutter|p1a: Indeedee
|-damage|p1a: Indeedee|60/100
|-damage|p1a: Indeedee|26/100
|-hitcount|p1a: Indeedee|2
|move|p1a: Indeedee|Healing Wish|p1a: Indeedee
|faint|p1a: Indeedee
|
|upkeep
|
|t:|1758254881
|switch|p1a: Polteageist|Polteageist|100/100
|turn|2
|
|t:|1758254912
|-end|p2a: Iron Crown|Quark Drive|[silent]
|switch|p2a: Hatterene|Hatterene, F|100/100
|move|p1a: Polteageist|Shell Smash|p1a: Polteageist
|-unboost|p1a: Polteageist|def|1
|-unboost|p1a: Polteageist|spd|1
|-boost|p1a: Polteageist|atk|2
|-boost|p1a: Polteageist|spa|2
|-boost|p1a: Polteageist|spe|2
|
|upkeep
|turn|3
|
|t:|1758254922
|move|p1a: Polteageist|Shadow Ball|p2a: Hatterene
|-supereffective|p2a: Hatterene
|-damage|p2a: Hatterene|0 fnt
|faint|p2a: Hatterene
|
|upkeep
|
|t:|1758254927
|switch|p2a: Garganacl|Garganacl, M|100/100
|turn|4
|
|t:|1758254932
|move|p1a: Polteageist|Stored Power|p2a: Garganacl
|-damage|p2a: Garganacl|0 fnt
|faint|p2a: Garganacl
|
|upkeep
|
|t:|1758254953
|switch|p2a: Pecharunt|Pecharunt|100/100
|turn|5
|
|t:|1758254965
|switch|p2a: Iron Crown|Iron Crown|100/100
|move|p1a: Polteageist|Stored Power|p2a: Iron Crown
|-resisted|p2a: Iron Crown
|-damage|p2a: Iron Crown|69/100
|
|upkeep
|turn|6
|
|t:|1758254977
|move|p1a: Polteageist|Shadow Ball|p2a: Iron Crown
|-supereffective|p2a: Iron Crown
|-damage|p2a: Iron Crown|0 fnt
|faint|p2a: Iron Crown
|-end|p2a: Iron Crown|Quark Drive|[silent]
|
|upkeep
|
|t:|1758254983
|switch|p2a: Moltres|Moltres|100/100
|turn|7
|
|t:|1758254988
|move|p1a: Polteageist|Stored Power|p2a: Moltres
|-damage|p2a: Moltres|0 fnt
|faint|p2a: Moltres
|
|upkeep
|c|☆owlbearmancer|zzz
|-message|owlbearmancer forfeited.
|
|win|ddnsyde
|raw|ddnsyde's rating: 1208 &rarr; <strong>1233</strong><br />(+25 for winning)
|raw|owlbearmancer's rating: 1204 &rarr; <strong>1179</strong><br />(-25 for losing)
|l|☆ddnsyde
|player|p1|
|l|☆owlbearmancer
|player|p2|
